4104 6336
332 394 437 450 529

941 391 1468 449 APOLOGETICUS
1504 386 1643 450 PRO
1688 356 2186 453 XIVCAPITIBUS
2226 396 2507 453 CONTRA
2548 394 3013 453 ORIENTALES.

3495 397 3599 454 530

332 513 509 584 κοινὴ,
544 511 759 566 ὅτιτῶν
789 510 885 566 δύο
911 512 1110 567 ταυτὸν
1142 512 1206 565 τὸ
1249 511 1503 584 ἀξίωμα,
1535 513 1645 568 τῶν
1682 516 1904 585 φύσεων

2023 518 2245 588 tatem.)
2280 515 2447 571 Vides
2474 515 2673 584 ubique
2716 525 3065 584 separantem
3101 514 3319 585 quidem
3367 515 3511 569 inter
3543 532 3601 569 se

335 605 614 679 μενουσῶν
669 605 923 676 ὁμολόγει
970 606 1071 676 τὴν
1109 604 1207 674 τῆς
1246 604 1404 671 ἀξίας
1453 607 1701 678 ἑνότητα.
1753 609 1915 679 Ὁρᾷς

332 700 586 770 πανταχῆ
605 699 910 771 διορίζοντα
936 699 1034 770 μὲν
1064 700 1312 772 ἀλλήλων
1338 700 1434 765 τὰς
1456 701 1665 770 φύσεις,
1691 702 1918 756 ἐνοῦντα

332 789 410 855 δὲ,
446 790 520 854 ῶς
548 810 701 861 φησι,
738 791 836 861 τὴν
863 791 1255 863 προσκύνησιν,
1283 796 1373 848 καὶ
1404 794 1589 865 κοινὴν
1629 794 1917 847 αὑθεντίαν

331 884 687 955 ὀνομάζοντα,
722 886 817 939 καὶ
838 884 936 956 τὴν
966 885 1064 955 τῆς
1098 886 1256 952 ἀξίας
1295 888 1523 957 ἑνότητα
1548 887 1733 957 μόνης.
1756 887 1831 939 Τὸ
1860 886 1917 939 δὲ

332 976 513 1028 κοινὸν
541 976 639 1046 ούχ
674 975 752 1039 ἓν,
789 977 837 1029 εί
888 976 1068 1029 κοινὸν
1116 990 1164 1043 κ,
1216 978 1300 1047 εἴη
1335 979 1400 1031 ἂν
1427 989 1477 1043 1,
1519 979 1653 1032 ἀλλά
1684 978 1777 1031 δύο
1812 995 1915 1031 που

336 1067 576 1132 πάντως,
607 1069 639 1139 ἦ
671 1068 913 1122 πλείοσιν
950 1067 1134 1133 ἰδικῶς
1158 1087 1215 1123 τε
1249 1070 1345 1123 καὶ
1371 1071 1475 1124 ἀνὰ
1498 1070 1658 1141 μέρος
1678 1072 1917 1142 θεωρου-

338 1158 541 1229 μένοις.
583 1158 727 1212 Ἀνθ⁹
761 1160 884 1212 ὅτου
918 1160 983 1231 δὴ
1015 1158 1107 1215 οῦν
1134 1161 1405 1233 τοσαύτην
1454 1163 1729 1215 ποιοῦνται
1765 1172 1788 1198 ι
1818 1163 1918 1232 τὴν

336 1252 676 1323 κατάρρησιν
717 1251 812 1306 τοῦ
857 1252 926 1305 τά
973 1253 1155 1307 τοιάδε
1196 1253 1377 1316 καλῶς
1425 1254 1918 1322 ἀναθεματίσαντος

333 1343 530 1413 λόγους
568 1346 631 1397 Τί
665 1346 727 1398 τὸ
753 1346 973 1409 ἀτοπον,
1014 1349 1062 1400 εί
1100 1350 1213 1411 τοῖς
1265 1346 1538 1417 βδελυροῖς
1567 1348 1661 1399 καὶ
1717 1348 1920 1417 ἀπηχε-

336 1438 550 1502 στάτοις
592 1438 888 1509 Νεστορίου
918 1439 1097 1508 λόγοις
1133 1440 1203 1493 τά
1244 1441 1343 1509 τῆς
1371 1437 1655 1501 εὐσεϐείας
1676 1438 1921 1507 ἀντεγεί-

338 1548 526 1603 ροντες
552 1530 819 1601 δόγματα,
844 1531 945 1601 τῆς
986 1532 1096 1586 τῶν
1147 1530 1393 1600 ἀδελφῶν
1424 1530 1723 1600 ἀσφαλείας
1765 1548 1921 1599 φρον-

335 1624 456 1677 τίδα
482 1624 582 1693 τὴν
604 1623 831 1677 δέουσαν
858 1624 1246 1694 πεποιήμεθα;
1294 1621 1512 1693 Ἐπειδὴ
1546 1622 1603 1675 δέ
1631 1639 1795 1691 φασιν
1819 1622 1919 1692 ἐμὲ

336 1717 448 1777 τοῖς
473 1714 637 1768 αὑτοῦ
684 1714 956 1784 μάχεσθαι
997 1715 1198 1783 λόγοις,
1223 1712 1667 1784 παρακομίζουσι
1698 1712 1754 1765 δὲ
1783 1712 1920 1785 πρὸς

336 1803 608 1868 ἀπόδειξιν
633 1806 795 1876 μέρος
820 1804 917 1873 τῆς
943 1803 1252 1874 ἐπιστολῆς,
1274 1798 1342 1876 ἧς
1362 1803 1615 1872 γέγραφα
1641 1802 1777 1873 πρὸς
1796 1804 1922 1867 τοὺς

2022 618 2263 672 naturas,
2303 609 2575 660 ttnientem
2612 615 2814 669 autem,
2864 615 2923 657 ut
2960 605 3111 667 dicit,
3146 606 3515 659 adorationem
3548 617 3602 658 et

2020 716 2364 754 commonent
2394 698 2777 752 auctoritatem
2809 698 3201 762 norninantem,
3238 706 3293 753 et
3326 698 3491 752 solius
3519 699 3602 751 di-

2019 793 2246 863 gnitatis
2274 792 2562 845 unitatem.
2594 790 2747 856 Quod
2793 801 3326 863 autem_commune,
3364 804 3467 843 non
3499 791 3603 841 uti-

2014 870 2125 952 que
2166 882 2256 937 uni
2285 896 2576 936 commune
2611 890 2717 946 est,
2744 880 2839 934 sed
2866 859 3074 935 duobus
3106 895 3348 949 prorsus,
3380 881 3461 933 vel
3488 881 3605 948 plu-

2022 976 2189 1035 ribus,
2223 972 2314 1042 qui
2349 986 2597 1027 seorsum
2622 981 2677 1025 et
2707 972 2997 1040 separatim
3032 971 3467 1024 considerantur.
3497 971 3605 1023 Cur

2022 1066 2189 1135 igitur
2213 1073 2363 1118 tanta
2389 1063 2528 1119 facta
2552 1072 2638 1117 est
2660 1063 2986 1117 declamatio
3008 1062 3267 1118 adversus
3294 1077 3601 1118 sermonem

2023 1168 2170 1212 recte
2204 1160 2319 1211 haec
2364 1154 2963 1211 anathematizantem?
3006 1155 3144 1222 Quid
3180 1156 3498 1220 absurdum,
3530 1156 3600 1219 si,

2020 1249 2448 1306 exsecrabilibus
2474 1260 2530 1304 et
2559 1248 2969 1303 absurdissimis
2996 1247 3230 1302 Nestorii
3259 1248 3604 1303 sermonibus

2022 1342 2106 1409 pia
2137 1341 2393 1409 dogmata
2421 1351 2778 1410 opponentes,
2813 1342 2879 1395 de
2919 1340 3149 1395 fratrum
3197 1339 3370 1396 salute
3400 1340 3602 1411 justam

2020 1448 2207 1488 curam
2232 1433 2536 1504 gessimus?
2561 1434 2827 1501 Quoniam
2855 1433 3041 1488 dicunt
3087 1447 3207 1488 mea
3229 1434 3392 1489 verba
3419 1449 3603 1488 secum

2022 1541 2285 1595 pugnare,
2310 1534 2364 1580 et
2392 1523 2625 1579 afferunt
2651 1527 2717 1579 ad
2748 1504 3267 1581 demonstrationem
3300 1525 3461 1598 166
3480 1541 3606 1594 par-

2024 1626 2131 1673 tem
2180 1617 2423 1687 epistolae
2463 1632 2626 1686 quam
2673 1618 2865 1687 scripsi
2914 1618 2981 1672 ad
3026 1628 3250 1673 sanctos
3287 1619 3605 1682 monachos,

2022 1726 2202 1781 operae
2233 1713 2465 1780 pretium
2502 1710 2745 1765 arbitror
2785 1721 2839 1765 et
2867 1712 2933 1764 ad
2968 1710 3070 1766 hoc
3112 1712 3491 1766 convenientia
3525 1711 3608 1765 di-

2023 1818 2169 1858 cere.
2206 1800 2405 1857 Dicunt
2430 1802 2578 1857 enim
2612 1802 2757 1871 quod
2804 1803 2946 1857 duas
2974 1803 3136 1857 etiam
3176 1803 3291 1872 ipse
3332 1802 3605 1857 nominavi

338 1898 529 1965 ἁγίους
558 1869 853 1966 μοναστάς,
877 1869 993 1950 δεῖν
1029 1869 1211 1967 ᾠήθην
1240 1869 1309 1949 τά
1337 1869 1524 1949 είκότα
1553 1869 1656 1948 -καὶ
1686 1869 1823 1964 πρός
1852 1910 1916 1963 γε

2023 1894 2428 1959 subsistentias,
2477 1902 2533 1948 et
2588 1891 2837 1949 sufﬁcere
2892 1895 2971 1949 eis
3025 1894 3095 1948 ad
3152 1894 3606 1963 redarguendum,

335 1988 493 2042 τοῦτο
530 1990 705 2042 εἰπεῖν
727 2005 741 2018 ·
775 1988 909 2058 φασὶ
932 1987 1041 2059 γὰρ
1076 1988 1153 2040 ὅτι
1183 1987 1275 2040 δύο
1316 1988 1409 2041 καὶ
1428 1987 1588 2050 αὐτὸς
1613 1986 1915 2058 ὠνόμασαει

337 2083 689 2146 ὑποστάσεις*
721 2083 817 2136 καὶ
845 2082 1179 2151 ἀποχρήσειν
1200 2081 1225 2120 b
1249 2081 1435 2143 αὐτοῖς
1465 2081 1545 2143 εἰς
1573 2079 1793 2150 ἔλεγχον
1821 2082 1916 2135 τοῦ

336 2176 431 2230 καὶ
462 2178 609 2245 ἡμᾶς
636 2173 851 2227 ἑλέσθαι
880 2174 1043 2227 ταυτδ
1087 2174 1262 2226 εἰπεῖν
1306 2174 1416 2235 τοῖς
1441 2182 1463 2210 ε
1502 2170 1635 2226 αὐτὸ
1674 2172 1738 2242 δὴ
1762 2172 1920 2226 τοῦτο

337 2266 636 2336 νομίζουσι.
658 2266 739 2317 Πα
750 2264 932 2336 ραθεὶς
961 2260 1054 2318 οῦν
1076 2263 1392 2332 ἀναγκαίως
1420 2262 1482 2316 τὸ
1513 2264 1612 2334 τῆς
1632 2262 1919 2335 ἐπιπολῆς

340 2355 528 2427 μέρος,
557 2355 904 2425 προσεποίσω
936 2356 1078 2424 μετά
1116 2350 1276 2405 τοῦτο
1304 2352 1372 2405 τά
1400 2352 1466 2404 δι’
1509 2345 1583 2406 ὧν
1611 2353 1677 2406 ἂν
1708 2354 1920 2421 γένοιτο

334 2447 697 2519 ψιυδομυθεῖν
732 2446 1043 2518 ᾑρημένους
1094 2446 1371 2516 ἀποφῆναι
1428 2444 1726 2514 πανταχοῦ.
1765 2447 1920 2517 Ἔχει

335 2539 394 2592 δὲ
440 2538 645 2602 οὕτως·
684 2539 893 2591 Οὐκοῦν
939 2538 1063 2590 ὅσον
1103 2532 1239 2608 ἦκεν
1288 2537 1367 2599 εἰς
1429 2535 1566 2589 ἰδίαν
1600 2534 1789 2605 φύσιν,
1822 2538 1920 2609 οὐχ

338 2630 597 2700 ἡγίασται
628 2631 944 2698 καταμόνας
972 2631 999 2683 ὁ
1027 2631 1090 2682 ἐκ
1134 2628 1271 2682 Θεοῦ
1300 2628 1516 2699 Πατρὸς
1549 2629 1754 2696 Λόγοςθ
1783 2631 1831 2683 εί
1865 2630 1922 2684 δὲ

337 2723 402 2796 δή
437 2742 520 2788 τις
546 2726 712 2778 οἴοιτο
746 2724 835 2776 τὸν
866 2724 931 2776 ἐκ
967 2723 1066 2792 τῆς
1094 2724 1256 2790 ἁγίας
1284 2722 1565 2795 Παρθένου
1592 2724 1924 2795 γεγεννημέ-

338 2834 428 2871 νον
454 2816 740 2887 κεχρίσθαι
768 2833 826 2868 τε
860 2815 955 2888 καὶ
985 2814 1247 2885 ήγιάσθαι
1282 2815 1465 2885 μόνον,
1505 2814 1679 2888 ταύτῃ
1711 2832 1793 2869 τοι
1828 2816 1922 2869 καὶ

338 2907 652 2978 ὠνομάσθαι
684 2906 942 2977 Χριστὸν,
963 2905 1171 2975 λεγέτω
1201 2906 1510 2978 παρελθὼν,
1539 2907 1588 2959 εἰ
1616 2907 1833 2979 ἀπόχρη
1864 2908 1924 2962 τὸ

338 3001 548 3072 χρίσμα
577 3000 711 3071 πρὸς
740 3000 802 3053 τὸ
826 2999 1102 3069 ἀποφῆναι
1130 2999 1220 3052 τὸν
1242 2999 1531 3071 χριόμενον
1566 2998 1785 3052 ίσοκλεᾶ
1828 3000 1925 3052 καὶ

339 3090 629 3161 ὁμόθρονον
677 3089 755 3161 τῷ
789 3093 1008 3145 πάντων
1063 3090 1320 3142 ἐπέκεινα
1371 3087 1509 3160 Θεῷ.
1568 3089 1787 3159 Ἐπειδὴ
1814 3086 1924 3160 γὰρ

341 3183 433 3236 τδν
457 3185 522 3236 ἐκ
552 3182 689 3236 Θεοῦ
722 3183 895 3251 Λόγον
928 3182 1108 3245 ἰδικῶς
1133 3180 1449 3252 ὠνομάσθαι
1478 3181 1733 3252 Χριστὸν,
1763 3184 1791 3234 ὁ
1816 3180 1924 3233 τῶν

340 3275 477 3329 νέων
534 3277 667 3346 ἡμῖν
723 3273 1084 3345 βλασφημιῶν
1145 3274 1370 3345 εὑρετὴς
1415 3274 1709 3345 Νεστόριος
1739 3274 1922 3327 διαϐε-

342 3367 593 3422 6αιοῦται
617 3366 825 3439 συχνῶς
844 3382 858 3395 '
900 3364 1083 3428 ίδικῶς
1131 3365 1210 3431 δέ,
1240 3367 1336 3418 καὶ
1363 3364 1467 3419 ἀνά
1495 3367 1659 3437 μέρος
1690 3366 1924 3436 Χριστὸν

341 3462 531 3533 ἕτερον
574 3460 667 3513 τὸν
716 3462 781 3512 ἐκ
826 3459 923 3530 τῆς
962 3457 1126 3527 ἁγίας
1176 3456 1455 3528 Παρθένου
1496 3458 1920 3528 γεγεννημένον·

342 3550 901 3623 κατακιὸδηλεύοντες
923 3550 1023 3620 τὴν
1045 3549 1223 3617 δόξαν,
1257 3548 1333 3611 ὠς
1361 3548 1572 3619 ἀκαλλῆ
1623 3551 1717 3602 καὶ
1750 3548 1925 3618 ἀσύμ-

344 3639 507 3709 φυλον
526 3639 554 3679 ἀ
576 3641 673 3693 καὶ
698 3639 799 3711 τῆς
828 3638 1089 3710 ἀληθείας
1135 3637 1531 3709 ἐξῳκισμένην,
1553 3637 1676 3691 οὔτε
1695 3638 1749 3692 δὲ
1780 3650 1804 3678 ο
1833 3639 1925 3693 τὸν

342 3731 409 3782 ἐκ
436 3729 573 3783 Θεοῦ
604 3731 819 3801 Πατρὸς
848 3731 1023 3798 Λόγον
1050 3730 1194 3784 κατά
1222 3730 1390 3799 μόνας
1426 3729 1712 3801 νοούμενον
1744 3729 1926 3801 κεχρί-

346 3819 471 3873 σθαι
524 3821 605 3892 τῷ
656 3821 825 3891 ἐλαίῳ
871 3823 970 3893 τῆς
1015 3822 1392 3890 ἀγαλλιάσεως
1444 3823 1922 3895 διαδεσαιούμεθα,

341 3911 466 3967 οὔτε
499 3913 605 3985 μὴν
643 3914 750 3987 ἰδίᾳ
787 3931 849 3967 τε
879 3915 974 3967 καὶ
1006 3915 1151 3969 κατά
1184 3914 1352 3986 μόνας
1383 3914 1458 3977 ὠς
1495 3916 1798 3986 ἄνθρωπον,
1830 3920 1925 3971 καὶ

341 4004 529 4075 ἕτερον
559 4004 689 4059 ὄντα
744 4006 874 4059 Υίὸν
904 4005 1058 4077 παρά
1105 4006 1198 4060 τὸν
1227 4008 1292 4061 ἐκ
1342 4005 1479 4060 Θεοῦ
1518 4008 1709 4077 Λόγον,
1745 4009 1834 4062 τὸν
1861 4011 1924 4062 ἐκ

342 4096 444 4165 τῆς
489 4097 651 4166 ἁγίας
684 4098 989 4171 Παρθένου.
1024 4097 1165 4153 Ἕνα
1213 4098 1270 4152 δὲ
1304 4099 1505 4170 μᾶλλον
1541 4101 1735 4171 χρῆναι
1786 4102 1924 4173 πρὸς

343 4189 601 4245 ἁπάντων
622 4189 1071 4263 διισχυριζόμεθα
1096 4192 1480 4262 ὁμολογεῖσθαι
1502 4193 1757 4264 Χριστὸν,
1786 4211 1923 4267 σαρ-

346 4279 591 4334 κωθέντα
626 4282 722 4334 καλ⁵
768 4283 1306 4354 ἐνανθρωπήσαντα,
1357 4286 1451 4339 τὸν
1512 4286 1773 4357 μονογενῆ
1830 4286 1922 4340 τοῦ

345 4371 483 4424 Θεοῦ
513 4374 722 4443 Λόγονο
766 4393 785 4425 ι
815 4370 907 4437 Εἷς
939 4375 1049 4445 γάρ
1089 4374 1316 4445 Κύριος,
1366 4377 1463 4446 μία
1503 4377 1705 4443 πίστις,
1737 4377 1794 4430 ἓν
1831 4376 1925 4447 βάο

346 4480 577 4534 πτισμα.
611 4484 630 4517 ι
662 4466 819 4519 Ἐστι
838 4466 1019 4519 τοίνυν
1048 4466 1223 4519 οὐδενὶ
1256 4467 1365 4521 τῶν
1399 4468 1537 4539 ὀρθὰ
1554 4473 1770 4540 φρονεῖν
1804 4473 1927 4524 εἰω-

2020 1989 2163 2056 quod
2206 2002 2305 2041 nos
2352 1988 2493 2043 idem
2542 1999 2710 2058 atque
2744 1987 2844 2056 ipsi
2878 1987 3058 2041 dicere
3102 2002 3208 2041 non
3244 1987 3604 2051 reuuerimus,

2021 2081 2111 2150 qui
2167 2081 2311 2136 istud
2381 2082 2557 2152 ipsum
2618 2082 2829 2137 scilicet
2900 2090 3114 2151 putant.
3188 2080 3445 2150 Apposita
3508 2081 3608 2149 igi-

2025 2185 2110 2228 tur
2136 2175 2446 2229 necessario
2486 2190 2552 2228 ea
2599 2185 2755 2244 parte
2804 2174 3071 2243 epistolae,
3124 2172 3459 2228 subinferam
3490 2184 3610 2243 post

2024 2269 2137 2322 hzec
2170 2282 2255 2333 ea,
2302 2268 2499 2337 quibus
2532 2267 2733 2337 ubique
2771 2266 2909 2321 falso
2956 2266 3146 2335 nugari
3195 2266 3332 2321 velle
3380 2270 3609 2320 demon-

2023 2369 2284 2415 strentur.
2315 2360 2487 2414 liabet
2508 2370 2684 2413 autem
2710 2360 2789 2414 sic
2816 2378 2828 2413 :
2860 2358 3048 2427 Itaque
3069 2368 3332 2427 quantum
3360 2356 3428 2411 ad
3454 2372 3607 2411 suam

2025 2463 2297 2516 naturam,
2334 2468 2437 2505 non
2477 2452 2881 2506 sanctificatum
2912 2459 2996 2506 est
3026 2450 3321 2518 separatim
3370 2450 3463 2504 Dei
3511 2448 3610 2503 Pa-

2027 2545 2123 2599 tris
2152 2542 2415 2599 Verbum.
2445 2540 2500 2596 Si
2528 2551 2707 2596 autetn
2740 2542 2864 2611 quis
2895 2541 3183 2597 existimet
3230 2555 3377 2607 eum,
3405 2540 3497 2610 qui
3528 2550 3611 2594 est

2022 2651 2090 2690 ex
2122 2644 2311 2689 sancta
2348 2631 2568 2703 Virgine
2598 2641 2783 2697 natus,
2817 2643 3042 2687 unctum
3066 2645 3189 2687 esse
3218 2638 3274 2686 et
3300 2632 3611 2686 sanctiﬁca-

2024 2737 2135 2783 tum
2178 2726 2374 2792 solum,
2423 2736 2479 2781 et
2533 2725 2635 2780 hac
2690 2724 2899 2778 ratione
2932 2726 3272 2780 nominatum
3308 2725 3608 2789 Christum,

2025 2820 2251 2888 prodeat
2287 2827 2343 2870 et
2389 2817 2555 2881 dicat,
2608 2831 2736 2870 num
2773 2814 3004 2871 sutIiciat
3044 2816 3230 2871 unctio
3263 2817 3331 2871 ad
3376 2815 3501 2881 hoc,
3552 2826 3613 2870 ut

2025 2910 2241 2977 elIiuiat,
2278 2910 2421 2979 quod
2469 2918 2665 2963 unctus
2708 2908 2934 2978 aqualis
2980 2908 3167 2978 gloriae
3210 2916 3266 2963 et
3308 2906 3611 2974 maiestatis

2027 3005 2097 3057 sit
2136 3018 2258 3055 cum
2308 3016 2393 3063 eo,
2428 3002 2517 3070 qui
2565 3010 2651 3053 est
2692 3014 2856 3068 super
2884 3001 3088 3063 omnia,
3140 2998 3303 3052 Deus.
3342 2999 3607 3063 Quoniam

2026 3096 2170 3147 ettim
2210 3092 2304 3146 Dei
2336 3090 2570 3146 Verbum
2603 3091 2829 3145 seorsim
2855 3088 3128 3143 nominari
3161 3088 3461 3151 Christum,
3497 3085 3608 3141 Ne-

1952 3206 1996 3264 c
2028 3185 2252 3245 storius,
2303 3182 2640 3236 novellarum
2672 3181 2829 3236 nobis
2855 3178 3317 3248 blasphemiarum
3362 3178 3611 3233 inventor

2030 3276 2247 3330 assidue
2272 3272 2531 3338 aﬂirmat;
2564 3286 2618 3330 et
2647 3274 2877 3328 seorsim
2911 3272 3187 3327 Christum
3222 3270 3479 3335 alterum,
3513 3270 3607 3340 qui

2028 3382 2093 3422 ex
2129 3375 2316 3421 sancta
2346 3363 2568 3433 Virgine
2610 3366 2827 3435 genitus
2867 3371 2949 3416 est
2992 3380 3007 3416 :
3042 3369 3101 3415 ut
3134 3362 3273 3415 hanc
3298 3362 3606 3430 opinionem

2028 3467 2349 3512 notaremus
2392 3465 2653 3525 tanquam
2698 3453 3109 3525 improbandam
3134 3467 3200 3508 ac
3237 3453 3607 3519 temerariam,

2027 3560 2083 3606 et
2127 3567 2155 3605 a
2209 3552 2439 3605 veritate
2470 3548 2735 3611 alienam,
2780 3562 2955 3616 neque
3008 3545 3245 3600 Verbum
3300 3548 3391 3601 Dei
3432 3546 3612 3602 Patris

2026 3658 2272 3698 seorsum
2320 3644 2747 3708 consideratam,
2785 3651 3012 3695 unctum
3055 3655 3175 3696 esse
3221 3639 3340 3693 oleo
3372 3639 3609 3693 exsulta-

2028 3736 2194 3789 tiouis
2240 3733 2612 3799 aﬂirmatnus,
2648 3745 2824 3801 neque
2870 3746 3117 3786 seorsum
3158 3739 3213 3784 et
3249 3731 3501 3799 privatim
3554 3741 3612 3785 ut

2028 3825 2324 3890 hominem,
2350 3836 2405 3879 et
2427 3824 2590 3879 alium
2621 3822 2818 3877 Filium
2848 3824 2916 3878 ab
2936 3839 3024 3888 eo,
3045 3824 3135 3892 qui
3168 3833 3254 3877 est
3279 3822 3517 3878 Verbum
3541 3837 3609 3878 ex

2028 3917 2163 3981 Deo,
2204 3931 2327 3971 eum
2375 3916 2465 3986 qui
2509 3930 2541 3970 e
2575 3925 2763 3971 sancta
2808 3914 3060 3983 Virgine;
3100 3915 3395 3970 asserimus
3428 3924 3607 3970 autem

2027 4008 2397 4064 necessarium
2451 4022 2596 4073 esse,
2650 4016 2713 4061 ut
2768 4021 2962 4062 omnes
3024 4006 3387 4061 conﬁteantur
3441 4022 3608 4062 unum

2027 4100 2330 4165 Christum,
2367 4101 2708 4155 incarnatum
2749 4108 2807 4155 et
2853 4099 3129 4154 hominem
3182 4099 3382 4154 factum
3420 4102 3612 4168 unige-

2027 4175 2647 4245 nitumDei'Verbum:
2707 4208 2725 4240 ι
2761 4189 2911 4245 Unus
2961 4190 3108 4244 enim
3161 4189 3443 4255 Dominus,
3502 4207 3608 4245 una

2026 4281 2180 4345 ﬁdes,
2244 4297 2408 4336 unum
2451 4283 2717 4351 baptisma
2764 4282 2828 4335 ".
2862 4300 2881 4333 ι
2926 4280 3093 4351 Igitur
3147 4281 3299 4347 nulli,
3335 4283 3424 4352 qui
3462 4292 3612 4338 recte

2030 4375 2234 4429 sentire
2272 4373 2428 4440 solet,
2483 4375 2773 4428 obscurum
2816 4382 2919 4439 est,
2980 4374 3123 4443 quod
3163 4375 3355 4429 vitiant
3391 4391 3608 4432 sensum

2028 4482 2217 4521 eorum
2270 4482 2391 4536 quae
2439 4484 2467 4521 a
2518 4484 2605 4521 me
2674 4469 2877 4533 scripta
2927 4478 3073 4532 Sllltl,
3117 4480 3173 4523 et
3206 4470 3612 4523 calumniantur

347 4557 519 4610 θότων
569 4558 909 4629 ἀσυμφανές,
964 4561 1047 4613 ὅτι
1107 4562 1593 4632 παραχαράττουσι
1632 4564 1740 4617 τῶν
1793 4564 1921 4636 παρ’

2033 4560 2198 4614 etiam
2233 4559 2286 4613 iu
2323 4560 2427 4613 hoc
2458 4561 2767 4615 veritatem.
2794 4561 2901 4615 Sed
2932 4572 2986 4615 et
3007 4562 3113 4614 alio
3146 4563 3306 4616 modo
3332 4562 3488 4631 culpa
3517 4577 3609 4613 va-

347 4648 483 4719 ἐμοῦ
512 4651 920 4722 γεγραμμένων
953 4651 1053 4723 τὴν
1087 4651 1349 4716 διάνοιαν,
1389 4657 1484 4707 καὶ
1526 4658 1922 4725 συκοφαντοῦσι

345 4741 449 4794 κάν
482 4741 656 4812 τούτῳ
682 4743 780 4814 τὴν
818 4742 1098 4813 ἀλήθειαν.
1133 4745 1243 4797 Καὶ
1272 4746 1393 4799 καθ’
1426 4745 1613 4817 ἓτερον
1640 4748 1696 4801 δὲ
1725 4750 1923 4819 τρόπον

344 4831 705 4904 ἀπλημμελές
749 4832 836 4903 εἴη
868 4833 958 4898 ἂν,
999 4834 1097 4888 καὶ
1130 4836 1275 4904 μάλα
1320 4838 1565 4903 εἰκότως,
1604 4840 1927 4911 ἀμοιρήσειε

344 4921 389 4973 δ’
423 4919 489 4974 ἂν
518 4921 613 4975 καὶ
656 4921 849 4993 μώμου
874 4924 1078 4987 παντὸς
1110 4925 1174 4978 τὸ
1210 4926 1410 4982 ειδέναι
1435 4929 1620 4997 τυχὸν,
1656 4930 1731 4993 ὠς
1760 4931 1925 5002 ἑτέρα

350 5017 449 5086 μέν
479 5017 595 5071 ἐστι
628 5019 768 5072 κατά
805 5018 969 5087 φύσιν
1015 5020 1155 5074 ἰδίαν
1189 5023 1221 5092 ὴ
1266 5020 1404 5092 σάρξ
1451 5023 1604 5095 παρά
1640 5040 1704 5091 γε
1734 5025 1827 5077 τὸν
1861 5028 1927 5079 ἐκ

345 5106 482 5160 Θεοῦ
516 5108 730 5179 Πατρὸς
771 5108 949 5178 φύντα
974 5110 993 5149 ί
1020 5111 1215 5180 Λόγον,
1247 5112 1433 5183 ἕτερος
1469 5112 1529 5166 δὲ
1572 5110 1638 5168 αὖ
1679 5116 1821 5169 κατά
1863 5134 1928 5185 γε

345 5202 435 5254 τὸν
464 5199 567 5269 τῆς
615 5200 749 5265 ίδίας
784 5202 1001 5272 φύσεως
1048 5204 1205 5273 λόγον
1248 5207 1278 5259 ὁ
1317 5208 1651 5279 Μονογενής.
1687 5208 1824 5262 Ἀλλ’
1865 5211 1926 5263 ού

343 5293 405 5345 τὸ
437 5292 843 5361 εἰδέναιταῦτα,
878 5295 1120 5367 μερίζειν
1150 5298 1267 5352 ἐστὶ
1306 5298 1406 5363 τάς
1438 5300 1632 5369 φύσεις
1659 5303 1800 5372 μετά
1830 5302 1931 5374 τὴν

416 5447 461 5479 ⁸³
492 5446 685 5517 Ephes.
723 5466 795 5509 tv,
826 5449 877 5503 5.

2030 4663 2182 4706 caret
2227 4662 2281 4705 et
2335 4652 2482 4706 omni
2534 4654 2980 4721 reprehensione,
3015 4652 3176 4722 idque
3213 4653 3431 4717 merito,
3469 4654 3612 4706 scire

2029 4744 2280 4809 forsitan,
2312 4747 2456 4813 quod
2504 4745 2608 4797 alia
2645 4745 2864 4813 quidem
2907 4751 2991 4797 est
3030 4744 3323 4800 secundum
3359 4755 3610 4798 naturam

2028 4839 2307 4908 propriam
2332 4851 2461 4890 caro
2497 4852 2525 4889 a
2565 4835 2743 4890 Verbo
2794 4835 2906 4889 Deo
2958 4835 3118 4889 Patre
3164 4846 3317 4900 nato,
3369 4846 3423 4891 et
3475 4837 3612 4889 alius

2026 4946 2225 4986 rursus
2256 4928 2586 4999 Unigenitus
2622 4930 2919 4983 secundum
2953 4938 3159 4982 naturae
3192 4930 3421 4996 pr0pria:
3442 4929 3610 4982 ratio-

2027 5040 2169 5078 nem.
2205 5022 2309 5077 Sed
2345 5023 2488 5077 scire
2517 5023 2655 5085 haec,
2691 5036 2794 5076 non
2831 5031 2915 5076 est
2951 5022 3193 5075 dividere
3228 5032 3452 5077 naturas
3489 5029 3612 5090 post

2029 5120 2351 5174 unitionem.
2398 5115 2517 5170 Jam
2553 5122 2599 5171 si
2645 5117 2769 5186 quis
2800 5117 3034 5171 voluerit.
3081 5119 3405 5171 sacramenti
3442 5118 3613 5172 virtu-

2034 5224 2143 5267 tem
2175 5222 2369 5266 exacto
2393 5212 2591 5265 mentis
2620 5209 2780 5265 oculo
2803 5211 3171 5274 considerare,
3200 5211 3405 5265 \udebit
3427 5210 3614 5279 utique

2040 5304 2183 5373 quod
2213 5303 2391 5373 (sicut
2442 5301 2551 5357 dixi
2586 5301 2639 5356 in
2676 5301 2982 5372 principio)
3027 5316 3137 5357 non
3170 5316 3322 5356 suam
3361 5310 3610 5356 naturam

1407 5604 1581 5661 Varia:
1613 5606 1874 5664 lectiones
1898 5624 1965 5663 ex
1991 5609 2177 5666 codice
2212 5608 2594 5682 Seguieriano.

349 5843 451 5885 σιν.
530 5841 549 5867 ι
585 5828 785 5890 αὑτοίςέ
860 5828 1207 5898 ἀάσύρρηλον.

674 5924 782 5982 Pu
803 5941 937 5984 ιιιιι..
973 5922 1086 5981 (in.
1118 5921 1383 5984 LXXV].

414 5771 443 5800 ι
474 5760 534 5811 τὸ
556 5759 843 5845 δὲκοινὴν,
881 5758 1027 5840 ἴσως
1062 5758 1161 5841 οῦκ
1193 5759 1391 5812 ἐννοεῖν
1440 5764 1643 5833 κοινήν.
1722 5771 1751 5811 γ
1788 5802 1802 5823 ,
1829 5764 1927 5834 οὐχ
1956 5764 2036 5817 ἐνί
2069 5766 2249 5821 κοινὸν
2270 5766 2378 5837 εἴη.
2458 5776 2479 5804 ²
2510 5769 2856 5838 πεποίηνται.
2935 5784 2959 5811 ιι
2989 5772 3326 5843 ὠνόμασεν)
3356 5776 3601 5854 ἀπόχρη-

414 5847 451 5885 ι.
530 5841 549 5867 ι
585 5847 784 5890 αυτοις.
860 5828 885 5868 ἀ
916 5832 1207 5898 ἀσύφηλον.
1292 5841 1315 5867 ο
1349 5830 1513 5899 ἴσως,
1549 5835 1631 5904 δη.
1720 5833 1737 5873 ί
1776 5836 2074 5904 πεφηνότα.

1417 5851 1513 5899 ως,
1549 5851 1631 5904 οη.
1720 5851 1733 5873 ι
1776 5851 2074 5906 πεφηνότα.

3134 5934 3195 5999 11
