4104 6336
504 351 599 426 3'51

1531 342 1589 397 S.
1630 337 1900 397 CYRILLI
1939 325 2406 392 ALEXANDRINI
2451 331 2768 387 ARCHIEP.

3653 334 3761 390 5³52

504 463 860 534 apprehendit
899 460 1045 516 Deus
1091 458 1361 514 exsistens
1421 454 1692 521 Verbum,
1746 453 1840 506 sed
1892 464 2074 505 semen

2184 446 2394 499 ἕνωσιν.
2424 444 2487 498 Ei
2520 443 2577 497 δὲ
2603 443 2667 515 δή
2697 461 2784 507 τις
2814 442 3057 514 βούλοιτο
3078 443 3178 515 τὴν
3209 443 3304 497 τοῦ
3334 445 3637 516 μυστηρίου
3665 449 3759 502 δύ-

504 556 756 610 Abraltaz.
787 553 902 615 Non
936 559 1019 606 est
1061 558 1239 603 autem
1276 545 1736 604 cousubstantiale
1788 542 1969 598 Verbo
2012 556 2080 595 ex

507 647 614 701 Deo
646 653 792 706 nato,
823 643 965 711 quod
998 657 1063 695 ex
1090 640 1293 694 semine
1318 638 1550 692 Abrahae
1580 645 1825 692 sanctum
1860 648 2079 701 corpus,

505 738 643 807 quod
676 734 832 804 167
863 750 893 788 e
918 734 1074 789 beata
1112 730 1333 801 Virgine
1366 729 1616 798 sumpsit,
1653 726 1949 797 procedens
1980 724 2079 779 ho-

508 844 615 893 mo,
653 836 709 879 ut
747 824 1005 879 fratribus
1049 825 1241 879 similis
1277 830 1442 885 esset,
1474 831 1529 874 et
1568 818 1937 889 appellaretur
1969 817 2081 885 pri-

506 919 810 987 mogenitus
845 917 936 986 qui
965 926 1081 971 erat
1106 915 1433 986 uuigenitus.
1461 911 1717 979 Quamvis
1743 920 1922 963 autem
1953 909 2084 963 alte-

500 1011 617 1063 rius
651 1016 855 1061 naturae
886 1007 956 1060 sit
982 1020 1178 1074 corpus
1203 1019 1231 1057 a
1260 1003 1439 1057 Verbo
1475 1002 1564 1057 Dei
1596 1000 1799 1064 Patris;
1836 1014 1972 1052 unus
1998 1009 2082 1052 ta-

505 1114 624 1153 men
651 1108 735 1153 est
770 1098 1042 1162 Christus,
1077 1105 1132 1151 et
1164 1095 1355 1158 Filius,
1392 1103 1446 1150 et
1485 1094 1650 1161 Deus,
1698 1101 1749 1147 et
1801 1091 2079 1154 Dominus,

506 1189 715 1243 tametsi
766 1187 942 1242 factus
992 1188 1067 1241 sit
1108 1201 1259 1239 caro.
1302 1184 1418 1239 Non
1467 1192 1617 1239 caret
1649 1193 1828 1236 autem
1862 1182 2079 1245 damno,

503 1280 797 1335 dissolvere
834 1294 976 1334 verat
1011 1278 1273 1331 unitionis
1317 1277 1558 1338 modum,
1594 1287 1648 1330 et
1685 1274 1923 1329 dividere
1955 1276 2083 1327 sub-

502 1370 783 1423 sistentias
832 1384 859 1422 a
911 1383 969 1422 se
1003 1380 1190 1421 mutuo
1240 1367 1515 1436 sejunctas
1548 1366 1600 1418 in
1645 1366 1780 1419 duos
1816 1364 1975 1426 lilios,
2028 1370 2085 1413 ut

500 1461 753 1531 privatim
788 1469 842 1514 et
890 1473 1135 1513 seorsum
1193 1457 1327 1520 sint,
1380 1457 1643 1510 habentes
1688 1466 1866 1508 autem
1910 1455 2082 1508 solum

501 1561 782 1604 externam
810 1548 1227 1611 counexionem,
1268 1556 1321 1601 et
1374 1556 1433 1599 ut
1470 1546 1523 1599 in
1567 1545 1758 1600 ordine
1782 1545 2081 1617 dignitatis.

502 1641 655 1706 Quod
688 1639 732 1693 si
777 1637 1077 1691 naturalem
1114 1637 1369 1690 unionem
1413 1636 1736 1700 dixerimus,
1780 1650 1964 1689 veram
2002 1636 2085 1688 itt-

506 1732 817 1804 telligimus.
850 1730 1022 1785 Habet
1048 1731 1192 1784 enim
1228 1728 1509 1798 Scriptura
1534 1729 1788 1783 divinitus
1825 1728 2085 1796 inspirata

2183 554 2347 608 ναμιν
2381 536 2601 609 ἀκριϐεῖ
2632 536 2872 599 διανοίας
2904 536 3111 607 ὄμματι
3134 537 3630 603 κατασκέπτεσθαι,
3659 558 3762 594 κα-

2183 628 2508 699 ταθρήσειεν
2536 626 2624 691 ἂν,
2652 625 2755 688 ὅτι,
2783 624 3035 696 καθάπερ
3069 624 3205 694 ἔφην
3235 625 3293 678 ὲν
3326 625 3543 696 ἀρχαῖς,
3577 627 3639 680 οὑ
3663 627 3764 698 τῆς

2183 720 2345 775 αὑτοῦ
2361 720 2573 789 φύσεως
2596 718 2890 771 ἐπελάϐετο
2910 717 3041 781 Θεὸς
3074 716 3149 770 ὢν
3171 719 3199 771 ὁ
3225 717 3418 787 Λόγος,
3437 717 3574 772 ἀλλά
3602 720 3764 792 σπέρ-

2189 829 2353 881 ματος
2387 810 2639 881 Ἀϐραάμ
2663 823 2678 839 ⁸
2709 810 2807 878 οὑχ
2833 807 3118 879 ὁμοούσιον
3143 808 3201 861 δὲ
3231 809 3308 880 τῷ
3340 812 3404 863 ὲκ
3435 809 3570 864 Θεοῦ
3604 811 3764 879 φύντι

2184 903 2360 973 Λόγῳ,
2385 902 2445 955 τὸ
2473 904 2537 955 ὲκ
2566 902 2880 985 σπέρματος
2915 899 3169 972 Ἀϐραὰμ
3208 901 3363 970 ἀγιον
3394 902 3555 974 σῶμα
3624 904 3762 976 ὅπερ

2185 996 2249 1047 ἐκ
2272 993 2371 1063 τῆς
2405 994 2683 1062 μακαρίας
2708 988 2989 1061 Παρθένου
3027 988 3228 1056 λαϐὼν,
3247 988 3517 1059 προῆλθεν
3548 989 3761 1061 ἀνθρω-

2186 1101 2305 1148 πος,
2332 1085 2419 1136 ἵνα
2448 1085 2559 1145 τοῖς
2578 1081 2827 1151 ἀδελφοῖς
2854 1082 3116 1152 ὁμοιωθῇ,
3142 1081 3236 1133 καὶ
3271 1083 3584 1153 χρηματίσῃ
3608 1069 3766 1154 ’πρω-

2184 1178 2403 1240 τότοκος
2423 1177 2451 1229 ό
2481 1177 2797 1247 μονογενής.
2836 1177 2978 1231 Ἀλλ’
3009 1178 3057 1230 εἰ
3090 1176 3184 1230 καὶ
3210 1176 3355 1229 ἔστιν
3381 1176 3672 1247 ὲτεροφυὲς
3704 1175 3766 1229 τὸ

2188 1269 2346 1339 σῶμα
2382 1268 2535 1338 παρά
2561 1286 2624 1337 γε
2663 1267 2751 1321 τὸν
2792 1269 2857 1320 ἐκ
2889 1267 3026 1321 Θεοῦ
3062 1267 3275 1337 Πατρδς
3301 1267 3493 1336 Λόγον,
3527 1266 3643 1320 ἀλλ’
3672 1262 3765 1320 οὑν

2186 1356 2268 1424 εἷς
2295 1360 2551 1431 Χριστὸς,
2585 1359 2681 1414 καὶ
2706 1359 2853 1423 Υἱὸς,
2889 1360 2984 1412 καὶ
3014 1359 3167 1423 Θεὸς,
3198 1360 3292 1412 καὶ
3323 1358 3562 1429 Κύριος,
3596 1358 3689 1411 καὶ
3718 1359 3767 1411 εί

2188 1453 2379 1521 γέγονε
2420 1452 2575 1523 σάρξ.
2612 1452 2723 1505 Καὶ
2754 1452 2846 1506 τὸν
2885 1452 2985 1520 τῆς
3015 1450 3251 1523 ἀληθοῦς
3280 1450 3524 1514 ὲνώσεως
3567 1450 3769 1521 τρόπον

2188 1542 2493 1616 παραλύειν
2522 1544 2623 1597 οὑκ
2650 1543 2904 1616 ἀζήμιον,
2929 1545 3238 1608 διιστάντας
3266 1545 3346 1607 εἰς
3371 1544 3520 1607 υἱοὺς
3549 1542 3641 1596 δύο
3667 1542 3768 1606 τὰς

2188 1637 2539 1701 ὑποστάσεις,
2581 1636 2969 1707 ἀποφοιτὼσας
3028 1636 3125 1708 μὲν
3156 1636 3404 1707 ἀλλήλων
3445 1637 3523 1699 είς
3558 1635 3619 1688 τὸ
3663 1636 3769 1709 ἰδίᾳ

2188 1746 2247 1781 τε
2279 1724 2419 1781 εἶναι
2466 1728 2562 1782 καὶ
2585 1728 2690 1783 ἀνά
2715 1729 3147 1801 μέρος,ὲχούσας
3174 1728 3232 1781 δὲ
3262 1728 3432 1798 μόνην
3473 1728 3769 1797 συνάφειαν

494 1826 648 1878 hunc
677 1838 904 1888 morem,
932 1823 1034 1876 hac
1056 1822 1292 1876 dictione
1315 1822 1365 1875 in
1396 1821 1541 1875 hunc
1568 1837 1784 1876 sensum
1806 1821 1902 1875 uti.
1932 1820 2080 1875 Scri-

2185 1819 2283 1889 τὴν
2318 1817 2514 1883 ἔξωθέν
2545 1837 2603 1873 τε
2636 1821 2729 1874 καὶ
2761 1820 2837 1884 ὡς
2875 1821 2933 1873 ἐν
2985 1819 3138 1886 τάξει
3178 1820 3368 1890 τιμῆς.
3411 1819 3475 1871 Εἰ
3502 1818 3561 1871 δὲ
3592 1818 3656 1890 δὴ
3684 1818 3772 1872 λέο

490 1918 582 1970 ηιιίι
613 1917 758 1970 enim
809 1914 1008 1970 alicubi
1044 1915 1373 1984 quibusdam
1418 1914 1633 1968 divinus
1668 1912 1872 1968 Paulus
1905 1930 1920 1968 :
1963 1932 1983 1964 ι
2021 1914 2086 1967 Et

489 2022 721 2062 eramus
759 2015 950 2060 natura
978 2005 1071 2059 lilii
1106 2006 1219 2071 irae,
1253 2004 1396 2059 sicut
1419 2012 1471 2059 et
1499 2005 1684 2059 caeteri
1708 2001 1785 2071 “;
1816 2022 1835 2055 ι
1874 2012 1929 2059 et
1956 2018 2086 2056 neu-

502 2101 706 2167 tiquam
755 2098 955 2152 dixerit
984 2098 1249 2167 quispiam
1287 2098 1585 2152 subsistere
1614 2106 1864 2151 naturam
1893 2097 2087 2150 divina:

504 2191 617 2253 iraa,
666 2189 737 2242 ita
791 2197 848 2242 ut
902 2199 1217 2258 peccatores
1253 2188 1395 2243 illius
1423 2189 1530 2243 sint
1576 2189 1791 2243 suboles
1840 2188 2083 2258 :alioqui

494 2296 722 2350 prorsus
752 2292 807 2335 et
837 2281 1087 2335 omnibus
1122 2282 1298 2337 modis
1349 2280 1749 2335 consentiemus
1783 2280 2087 2334 laboranti-

500 2375 601 2427 bus
658 2372 866 2426 insania
917 2371 1362 2427 Manichaeorum.
1409 2372 1513 2427 Sed
1546 2372 1640 2438 ibi,
1685 2383 1896 2436 natura,
1944 2372 2083 2425 itletu

490 2470 583 2517 est
614 2462 779 2531 quod,
831 2475 980 2516 vere.
1026 2461 1142 2517 Non
1198 2464 1361 2532 igitur
1390 2463 1787 2518 confundentes
1840 2471 2082 2525 naturas,

495 2569 680 2623 meque
710 2554 857 2623 ipsas
890 2558 1030 2607 inter
1062 2570 1120 2610 se
1157 2555 1470 2619 miscentes,
1503 2556 1648 2609 sicut
1673 2556 1858 2611 dicunt
1889 2557 2085 2608 adver-

489 2645 652 2710 sarii,
673 2645 970 2700 naturalem
997 2647 1227 2700 dicimus
1256 2646 1450 2701 factam
1470 2661 1593 2702 esse
1622 2649 1955 2713 unitionem;
1991 2642 2083 2700 sed

494 2751 569 2790 ex
605 2735 816 2790 duabus
862 2736 1024 2790 rebus
1056 2736 1428 2801 dissimilibus,
1483 2738 1703 2804 deitate,
1743 2737 1985 2807 inquam,
2035 2748 2088 2791 et

492 2828 872 2891 «humanitate,
908 2841 1070 2878 unum
1110 2825 1312 2879 factum
1348 2842 1469 2881 esse
1489 2826 2086 2892 Christum,etFilinm,

498 2927 559 2971 et
585 2916 891 2981 Dominum,
918 2916 1117 2983 ubique
1138 2916 1492 2973 aﬂirmamus.
1524 2919 1747 2974 Demum
1771 2934 1892 2974 cum
1924 2918 2087 2988 Apol-

502 3010 683 3065 linarii
728 3011 994 3080 dogmatis
1042 3010 1202 3080 plane
1248 3012 1381 3065 nihil
1439 3013 1593 3067 nobis
1646 3028 1932 3067 commune
1981 3024 2082 3067 est.

496 3105 682 3158 Semel
710 3105 855 3158 enim
891 3106 1303 3161 condemnatos.
1339 3097 1594 3173 tanquam
1624 3104 1906 3159 veritatem
1936 3105 2085 3158 adul-

506 3205 740 3249 terantes
771 3194 1008 3275 aversari
1036 3204 1273 3264 oportet.

2187 1927 2382 1981 γοιμεν
2415 1912 2650 1982 φυσικὴν
2681 1912 2781 1979 τὴν
2822 1911 3039 1977 ἕνωσιν,
3066 1913 3166 1981 τὴν
3199 1910 3375 1983 ἀληθῆ
3418 1929 3619 1982 φαμεν,
3651 1911 3771 1975 ἔθος

2187 2002 2420 2074 ἐχούσης
2447 2004 2549 2074 τῆς
2602 2004 2965 2058 θεοπνεύστου
3010 2005 3236 2075 Γραφῆς
3287 2005 3431 2058 οὑτω
3466 2003 3771 2077 κεχρῆσθαι

2185 2098 2251 2167 τῇ
2289 2095 2454 2162 λέξει.
2490 2096 2697 2167 Γράφει
2721 2097 2830 2168 γάρ
2855 2096 2955 2150 πού
2984 2113 3127 2149 τισιν
3152 2098 3179 2149 ὁ
3205 2096 3490 2160 θεσπέσιος
3523 2096 3768 2161 Παῦλοςο

2192 2204 2211 2237 ‹
2253 2188 2363 2240 Καὶ
2403 2183 2548 2258 ἦμεν
2577 2188 2742 2242 τέκνα
2771 2188 2932 2257 φύσει
2973 2187 3166 2258 ὀργῆς,
3197 2188 3275 2251 ὼς
3307 2190 3401 2242 καὶ
3423 2191 3472 2242 οἱ
3505 2188 3710 2242 λοιποί·
3745 2207 3764 2241 ι

2187 2278 2281 2331 καὶ
2324 2279 2383 2331 οὑ
2415 2279 2586 2351 δήπου
2616 2279 2751 2355 φαίη
2783 2297 2866 2344 τις
2892 2278 2957 2333 ἂν
2980 2278 3281 2348 ὑφεστάναι
3320 2282 3463 2335 κατά
3491 2280 3652 2350 φύσιν
3673 2282 3770 2352 τὴν

2187 2367 2337 2422 θείαν
2372 2368 2566 2440 ὀργὴν,
2625 2369 2767 2423 ὥστε
2824 2370 2920 2423 καὶ
2955 2370 3124 2441 αὑτῆς
3178 2371 3498 2441 γεννήματα
3526 2370 3766 2424 νοεῖσθαι

2186 2464 2312 2525 τοὺς
2335 2462 2757 2533 ἁμαρτάνοντας
2780 2477 2794 2491 °
2820 2464 2852 2534 ἢ
2878 2464 3057 2535 πάντη
3081 2481 3139 2516 τε
3168 2464 3261 2517 καὶ
3291 2452 3505 2528 πάντως
3534 2464 3773 2536 ἐσόμεθα

2190 2553 2507 2625 σύμφρονες
2538 2556 2562 2593 Β
2595 2557 2707 2618 τοῖς
2757 2554 2854 2626 τὴν
2905 2555 3225 2625 Μανιχαίων
3288 2555 3501 2609 νοσοῦσι
3552 2558 3766 2627 μανίαν.

2200 2646 2361 2699 ’Λλλὰ
2389 2646 2468 2712 τὸ,
2504 2646 2685 2715 φύσει,
2712 2646 2864 2718 δηλοῖ
2896 2647 2958 2701 τὸ
2986 2648 3127 2702 κατά
3155 2648 3435 2720 ἀλήθειαν.
3470 2647 3679 2702 υὺκοῦν
3708 2650 3769 2703 οὑ

2189 2740 2515 2809 συγχέοντες
2558 2738 2658 2803 τὰς
2704 2739 2931 2808 φύσεις,
2971 2740 3095 2794 οὔτε
3147 2741 3253 2812 μὴν
3299 2741 3557 2814 ἀλλήλαις
3602 2743 3771 2805 αὑτὰς

2189 2831 2560 2901 ἀναφύροντες
2583 2872 2598 2896 ,
2636 2831 2780 2886 καθά
2812 2850 2975 2901 φασιν
3006 2835 3054 2886 οί
3097 2834 3163 2886 δι’
3216 2834 3484 2898 ἐναντίας,
3535 2835 3770 2904 φυσικήν

2188 2940 2369 2995 φαμεν
2403 2923 2655 2992 γενέσθαι
2678 2926 2777 2995 τὴν
2808 2924 3029 2978 ἕνωσινο
3063 2924 3177 2978 ἀλλ’
3210 2926 3273 2979 ἐκ
3299 2925 3393 2980 δύο
3425 2929 3770 3000 πραγμάτων

2188 3015 2481 3084 ἀνομοίων,
2524 3014 2777 3085 θεότητός
2804 3032 2863 3067 τε
2919 3018 3014 3069 καὶ
3046 3016 3482 3087 ἀνθρωπότητος,
3530 3017 3622 3069 τὸν
3674 3018 3772 3071 ἕνα

2188 3105 2444 3176 γενέσθαι
2472 3107 2726 3177 Χριστὸν,
2760 3108 2852 3160 καὶ
2884 3107 3033 3171 Υἱὸν,
3064 3110 3156 3161 καὶ
3189 3108 3393 3179 Κύριον
3425 3108 3769 3162 διαϐεϐαιού-

2113 3177 2154 3233 C
2192 3196 2335 3265 μεθα
2363 3196 2660 3265 πανταχοῦ.
2704 3197 2825 3249 Τῶν
2852 3198 2907 3251 δὲ
2956 3177 3330 3271 ’Λπολιναρίου
3369 3202 3651 3273 δογμάτων
3679 3202 3770 3254 ού-

490 3291 613 3355 ιδεὶς
648 3291 927 3354 παντελῶς
996 3293 1129 3361 ἡμῖν
1159 3293 1187 3344 ὀ
1220 3292 1413 3361 λόγος’
1474 3294 1601 3357 τοὺς
1643 3293 1752 3364 γάρ
1818 3290 1965 3357 ἅπαξ
2036 3295 2569 3363 κατακεκριμένους,
2620 3295 2696 3357 ὡς
2761 3297 3285 3366 παραχαράττοντας
3334 3297 3434 3370 τὴν
3485 3297 3765 3369 ἀλήθειαν,

502 3383 966 3456 ἀποστρέφεσθαι.
988 3384 1117 3455 χρή.

908 3474 1546 3532 ANATHEMATISMUS
1586 3478 1675 3532 IV.

578 3591 636 3646 Si
671 3592 791 3659 quis
838 3589 1050 3643 duabus
1084 3590 1351 3657 personis,
1375 3590 1489 3645 sive
1522 3592 1931 3663 hypostasibus,
1986 3607 2079 3647 eas

505 3700 664 3739 voces
710 3681 977 3743 attribuit,
1030 3696 1149 3749 quae
1192 3682 1244 3734 in
1298 3683 1624 3751 evangelicis
1668 3694 1723 3738 et
1765 3685 2077 3753 apostolicis

509 3777 808 3845 Scripturis
852 3773 1050 3841 passim
1103 3784 1419 3837 occurrunt,
1460 3790 1657 3843 .quazve
1696 3791 1725 3828 a
1763 3777 1968 3830 sanctis
2013 3779 2079 3829 de

502 3869 745 3930 Christo,
775 3864 856 3917 vel
888 3864 953 3917 ab
978 3862 1095 3931 ipso
1121 3878 1335 3931 quoque
1374 3863 1593 3918 Christo
1622 3867 1687 3917 de
1718 3866 1896 3932 seipse
1924 3866 2080 3917 dictat-

505 3972 667 4025 sunt;
713 3968 767 4014 et
807 3958 940 4011 alias
973 3955 1189 4023 quidem
1222 3953 1423 4007 homini
1472 3962 1725 4022 tauquam
1756 3969 2000 4007 seorsum
2048 3971 2079 4009 a

502 4053 614 4106 Deo
639 4051 814 4107 Verbo
835 4048 1176 4103 considerato
1206 4046 1460 4109 ascribit;
1494 4046 1628 4100 alias
1660 4061 1789 4100 vero
1820 4055 2077 4114 tanquam

497 4147 614 4199 Deo
650 4142 1058 4204 convenientes,
1107 4137 1208 4194 soli
1264 4139 1356 4193 Dei
1404 4137 1581 4193 Patris
1633 4138 2075 4207 Verboadaptat;

499 4236 788 4291 anathema
827 4231 921 4288 sit.

958 4342 1314 4397 Orientalium
1345 4343 1620 4412 appositio.

568 4457 944 4526 Congruenter
1003 4455 1163 4509 etiam
1215 4457 1317 4511 hoc
1372 4456 1491 4511 loco
1540 4455 1612 4509 illi
1653 4470 1747 4510 sua
1778 4456 1950 4526 ipsius
1988 4457 2080 4509 de-

497 4557 647 4603 ereta
702 4544 1034 4614 suggerenda
1086 4553 1230 4599 sunt.
1266 4545 1413 4598 Dixit
1447 4547 1590 4599 enim
1640 4564 1653 4600 :
1684 4544 1941 4612 Quamvis
1978 4561 2075 4597 au-

499 4637 616 4691 dias
661 4634 802 4705 quod
851 4633 1142 4703 profecerit
1168 4644 1325 4689 astate
1356 4644 1409 4687 et
1435 4634 1699 4703 sapientia
1722 4644 1776 4688 et
1806 4634 2071 4701 gratia",

499 4728 565 4783 ne
596 4736 752 4797 putes
786 4726 1003 4794 Sapiens
1046 4739 1113 4779 ex
1160 4726 1493 4779 incremento
1527 4725 1725 4780 factum
1765 4726 1925 4796 168
1957 4740 2076 4779 eSse

497 4816 733 4873 Verbum
772 4815 867 4870 Dei
905 4833 920 4870 :
969 4831 1143 4884 neque
1189 4831 1378 4871 rursus
1422 4816 1549 4870 illud
1605 4819 1884 4888 uugaciter
1927 4820 2076 4872 ausis

500 4911 699 4973 dicere,
733 4909 895 4978 quod,
927 4909 1190 4977 prolicere
1218 4908 1270 4962 in
1303 4917 1460 4962 mtate
1486 4919 1541 4964 et
1569 4910 1832 4978 sapientia
1868 4918 1922 4963 et
1952 4924 2077 4978 gra-

496 5003 597 5066 tia,
643 5001 847 5055 homini
889 5000 1216 5069 aptabimus.
1266 5000 1496 5067 (Verum
1530 5001 1740 5055 tametsi
1780 5012 1938 5071 neget
1974 5002 2074 5055 hoc

502 5094 620 5148 loco
663 5094 960 5160 Scripturae
1003 5091 1400 5153 testimonium,
1436 5106 1543 5160 quo
1579 5092 1854 5156 docemur,
1897 5093 2075 5161 profc-

497 5197 644 5240 ctum
677 5184 824 5238 illum
860 5185 1013 5253 juxta
1045 5190 1295 5235 naturam
1331 5183 1516 5236 carnis
1546 5182 1783 5249 Domini,
1829 5198 1949 5252 quae
1992 5184 2071 5235 vi-

496 5279 746 5343 debatur,
777 5276 975 5340 fuisse;
1007 5290 1150 5330 nunc
1184 5283 1360 5328 tamen
1389 5289 1494 5329 non
1527 5284 1611 5330 est
1644 5285 1853 5346 tempus
1884 5277 2069 5330 redar-

568 5435 612 5466 ‘"’
635 5434 829 5505 Ephes.
862 5448 926 5497 tt,
954 5431 1007 5485 '5.
1083 5431 1128 5463 ⁸⁸
1169 5430 1297 5486 Luc.
1343 5448 1399 5499 ll,
1440 5432 1528 5488 52.

2611 3473 3208 3530 ΑΝΑΘΕΜΑΤΙΣΜΟΣ
3270 3481 3342 3532 Δ’.

2263 3584 2329 3638 Εἴ
2362 3603 2441 3649 τις
2469 3586 2784 3657 προσώποις
2811 3588 2982 3651 δυσὶν,
3014 3591 3180 3660 ἤγουν
3209 3593 3560 3662 ὑποστάσεσι,
3585 3600 3684 3664 τάς
3704 3617 3766 3655 τε

2188 3678 2245 3730 ὲν
2270 3681 2379 3742 τοῖς
2418 3678 2794 3748 εὑαγγελικοῖς
2839 3682 2931 3734 καὶ⁵
2959 3684 3334 3751 ἁποστολικοῖς
3374 3692 3766 3762 συγγράμμασι

2186 3770 2431 3840 διανέμει
2486 3772 2689 3840 φωνὰς,
2748 3774 2779 3846 ἢ
2839 3777 2931 3828 ἐπὶ
2984 3778 3205 3850 Χριστῷ
3254 3783 3404 3852 παρὰ
3439 3784 3548 3837 τῶν
3598 3787 3765 3854 ἁγίων

2189 3861 2509 3932 λεγομένας,
2544 3863 2576 3931 ἢ
2606 3865 2735 3935 παρ’
2767 3866 2934 3919 αὑτοῦ
2978 3869 3104 3937 περὶ
3145 3871 3337 3923 ἑαυτοῦ
3365 3890 3378 3903 ’
3418 3874 3631 3940 καὶτὰς
3669 3878 3765 3946 μὲν

2186 3952 2262 4014 ὡς
2290 3952 2559 4024 ἀνθρώπῳ
2594 3955 2746 4025 παρά
2777 3956 2868 4009 τὸν
2897 3960 2961 4011 ἐκ
2990 3958 3123 4012 Θεοῦ
3158 3961 3369 4034 Πατρὸς
3395 3964 3565 4033 Λόγον
3585 3966 3767 4031 ίδικῶς

2188 4047 2460 4117 νοουμένῳ
2499 4052 2823 4116 προσάπτει,
2851 4054 2949 4116 τὰς
2981 4053 3039 4106 δὲ
3064 4054 3139 4119 ὡς
3168 4055 3491 4128 θεοπρεπεῖς
3513 4065 3659 4134 μόνῳ
3686 4063 3763 4135 τῷ

2186 4138 2251 4191 ἐκ
2288 4138 2421 4192 Θεοῦ
2454 4140 2663 4212 Πατρὸς
2689 4142 2879 4214 Λόγῳο
2906 4145 3152 4216 ἀνάθεμα
3181 4148 3339 4204 ἔστω.

2458 4341 2835 4412 Ἀντῷρησις
2890 4345 3009 4400 τῶν
3074 4349 3477 4407 Ἀνατολικῶν.

2214 4482 2217 4483 ν
2269 4452 2588 4507 Ἀκόλουθον
2662 4457 2943 4512 κάνταῦθα
2988 4460 3095 4513 τῶν
3151 4462 3316 4517 αὑτοῦ
3376 4465 3764 4540 θεσπισμάτων

2184 4544 2344 4596 αὑτὸν
2389 4547 2724 4617 ὑπομνῆσαι,
2778 4550 2832 4603 ἐν
2881 4546 2963 4615 οἷς
2998 4570 3158 4623 φησι·
3207 4555 3325 4609 Κᾶν
3372 4560 3631 4633 ἀκούσῃς,
3682 4565 3762 4618 ὅτι

2187 4636 2493 4705 προέκοπτε
2532 4638 2715 4709 σοφίᾳ,
2747 4640 2841 4692 καὶ
2872 4642 3079 4713 ἡλικία,
3115 4645 3207 4697 καὶ
3237 4646 3439 4717 χάριτι,
3474 4651 3549 4723 μὴ
3600 4655 3761 4719 σοφὸν

2178 4727 2239 4792 ἐξ
2262 4729 2553 4793 ἐπιδόσεως
2586 4731 2840 4798 γενέσθαι
2870 4736 3097 4807 νομίσῃς
3130 4737 3221 4790 τὸν
3264 4740 3360 4793 τοῦ
3393 4741 3526 4797 Θεοῦ
3555 4746 3754 4813 Λόγον·

2181 4819 2304 4889 μηδ’
2335 4816 2402 4873 αὖ
2442 4822 2620 4875 ἐκεῖνο
2672 4823 2967 4895 φληνάφως
3015 4829 3295 4902 τολμήσῃς
3335 4834 3530 4897 εἰπεῖν,
3572 4836 3653 4888 ὃτι
3698 4837 3758 4889 τὸ

2178 4912 2510 4981 προκόπτειν
2564 4916 2623 4966 ἐν
2679 4916 2886 4988 ἡλικίᾳ,
2936 4920 3031 4972 καὶ
3079 4921 3257 4993 σοφίᾳ,
3313 4926 3407 4976 καὶ
3463 4927 3758 4999 χάριτιτῷ

2178 5000 2449 5071 ἀνθρώπῳ
2466 5004 2819 5076 προσάψομεν
2842 5022 2856 5037 ο
2880 5008 2899 5071 (
2914 5008 3052 5061 Ἀλλ’
3069 5012 3117 5062 εί
3134 5011 3226 5064 καὶ
3255 5013 3495 5083 ἀρνεῖται
3526 5015 3757 5071 ἐνταῦθα

2174 5093 2274 5163 τὴν
2289 5096 2393 5163 τῆς
2422 5095 2643 5165 Γραφῆς
2669 5098 2978 5169 μαρτυρίαν
3001 5099 3357 5158 διδάσκουσαν
3388 5106 3469 5159 ὄτι
3501 5109 3638 5161 κατὰ
3662 5109 3758 5180 τὴν

2174 5187 2272 5254 τῆς
2307 5185 2639 5255 φαινομένης
2687 5190 2888 5260 σαρκὸς
2930 5190 3091 5260 φύσιν
3141 5194 3235 5247 τοῦ
3291 5198 3500 5269 Κυρίου
3548 5199 3615 5251 τὰ
3658 5201 3757 5271 τῆς

2175 5276 2460 5347 προκοπῆς
2509 5278 2719 5347 ἐγίνετο
2780 5282 2829 5346 ιι,
2885 5282 3002 5337 ἀλλ’
3032 5286 3091 5339 οὑ
3127 5287 3320 5366 καιρὸς
3356 5289 3449 5345 νῦν
3477 5290 3634 5347 τοῦτο
3682 5293 3760 5346 δι-

1556 5586 1724 5643 Variae
1758 5588 2014 5645 lectiones
2043 5603 2106 5647 ex
2134 5589 2729 5665 codiceﬁeguieriauo.

561 5745 593 5787 ιε
616 5742 916 5815 ίσόφρονες.
990 5740 1016 5780 ¹³
1043 5743 1262 5813 ἐγένετο.
