4104 6336
473 399 579 455 335

1461 385 1521 442 S.
1560 377 1838 438 CYRILLI
1876 369 2352 432 ALEXANDRINI
2387 365 2709 424 ARCHIEP.

3624 356 3728 410 336

474 527 794 573 naturarum
840 512 944 565 vim
991 509 1169 582 (sicut
1218 505 1536 577 prmdictum
1584 501 1722 572 est).
1772 501 1825 555 in
1876 512 2038 552 unum

2172 490 2438 562 ὀυμένης,
2486 486 2584 548 τὰς
2615 483 2799 555 φωνάς
2852 476 3263 553 ὲφαρμόζεσθαι
3308 473 3449 530 κατὰ
3491 472 3589 544 τὴν
3622 472 3730 526 τῶν

475 610 694 675 Filium,
725 604 1120 667 etDominnm,
1144 611 1198 655 et
1224 600 1523 663 Christum,
1554 595 1648 650 sed
1673 609 1780 648 non
1806 593 1858 646 in
1883 605 2044 644 unam

477 712 725 758 naturam
741 698 923 757 omnia
955 696 1379 757 contrahentes;
1411 692 1482 744 ita
1513 698 1571 745 ut
1594 704 1662 743 ex
1692 700 1799 741 uno
1823 693 2046 739 natura-

479 811 595 849 rum
627 792 845 848 nomine
871 799 1101 858 utraque
1128 786 1460 855 intelligatur
1489 791 1709 853 propter
1744 781 2051 846 incompre-

480 883 800 941 hensibilem
851 878 1112 935 unitionis
1158 875 1554 939 summitatem,
1599 867 2049 941 quemadmodum

479 987 534 1034 et
556 979 660 1033 hoc
684 994 704 1029 τ
746 994 765 1026 ι
792 971 964 1027 Nemo
991 969 1237 1026 ascendit
1261 968 1314 1021 in
1338 965 1556 1031 ccelum,
1577 963 1682 1017 nisi
1709 962 1799 1031 qui
1828 960 2050 1013 descen-

479 1070 558 1123 dit
581 1069 649 1122 de
674 1065 813 1121 caelo
847 1063 1018 1118 Filius
1055 1058 1293 1116 hominis
1314 1056 1407 1126 qui
1443 1065 1525 1111 est
1554 1056 1605 1107 in
1637 1054 1775 1109 cmlo
1797 1053 1874 1116 τις
1907 1069 1924 1102 ι
1957 1056 2046 1101 et:

485 1179 506 1212 ι
535 1157 592 1213 Si
642 1156 807 1226 igitur
855 1152 1099 1208 videritis
1145 1148 1343 1205 Filium
1390 1145 1626 1202 hominis
1672 1142 2051 1197 ascendentem

479 1249 571 1307 ubi
601 1249 752 1319 prius
784 1244 1007 1312 erat";
1041 1261 1061 1295 ι
1099 1255 1278 1297 nonne
1316 1254 1383 1295 ex
1416 1236 1773 1308 appellatione
1806 1233 1922 1288 Filii
1958 1233 2055 1287 ho-

483 1342 643 1398 minis
664 1341 829 1395 etiam
855 1337 1027 1401 illum,
1053 1337 1145 1406 qui
1180 1335 1231 1389 ei
1262 1332 1549 1386 inconfuse
1585 1338 1637 1383 et
1673 1325 2054 1396 inseparabili-

482 1446 564 1489 ter
587 1433 769 1488 unitns
791 1440 874 1486 est
908 1424 1303 1497 intelligimus?
1336 1422 1469 1477 Nam
1498 1419 1747 1491 quamvis
1768 1428 1823 1472 et
1858 1416 2053 1471 Filium

482 1521 718 1579 hominis
764 1518 1063 1573 nominarit
1109 1522 1328 1584 pr0pter
1372 1522 1669 1580 assumpta;
1723 1518 1778 1564 et
1826 1507 2056 1563 visibilis

486 1614 666 1668 carnis
690 1621 973 1675 naturam;
999 1615 1176 1662 tamen
1210 1620 1306 1674 per
1328 1618 1414 1669 ea,
1444 1616 1565 1672 quae
1596 1602 1663 1656 ab
1688 1600 1804 1669 ipso
1833 1599 2053 1662 ﬁebant,

486 1708 653 1760 Deum
701 1703 937 1773 seipsum
988 1696 1416 1755 demonstrabat.
1480 1695 1545 1750 Et
1576 1695 1816 1749 iterum:
1857 1690 2059 1747 «Iesus

480 1798 732 1853 Christus
765 1811 864 1865 per
902 1808 1064 1864 quem
1109 1790 1293 1847 omnia
1322 1790 1407 1856 ’⁶;
1441 1808 1460 1840 ι
1488 1797 1543 1843 et
1576 1788 1770 1843 iterum
1797 1802 1812 1839 :
1849 1804 1868 1837 ι
1900 1784 2059 1839 Jesus

2153 580 2456 637 ἑνωθεισῶν
2502 578 2713 647 φύσεων
2742 575 2992 645 δύναμιν,
3032 571 3107 632 ὡς
3139 567 3485 640 προείρηται,
3518 565 3597 628 είς
3636 564 3734 616 ἕνα

2158 676 2256 747 μὲν
2286 674 2377 726 τὸν
2407 672 2554 735 Υἱὸν,
2586 670 2678 722 καὶ
2710 667 2937 739 Κύριον,
2969 662 3065 717 καὶ
3093 658 3351 732 Χριστὸν,
3380 656 3493 710 ἀλλ’
3527 654 3627 707 οὑκ
3654 655 3734 716 εἰς

2159 745 2286 838 μίαν
2318 764 2477 835 φύσιν
2508 762 2578 815 τὰ
2610 760 2788 815 πάντα
2820 754 3200 826 συναιροῦντες
3224 767 3238 780 ·
3292 749 3368 813 ὼς
3398 746 3493 800 καὶ
3529 746 3590 811 ἐξ
3617 745 3735 808 ἐνὸς

2156 837 2266 913 τῶν
2298 860 2513 929 φύσεων
2553 855 2821 925 ὀνόματος
2864 848 3129 917 ἑκατέρας
3163 842 3401 897 νοεῖσθαι
3427 839 3515 894 διὰ
3547 839 3608 892 τὸ
3636 837 3738 906 τῆς

2157 950 2403 1013 ὲνώσεως
2437 950 2630 1019 ἄκρον,
2662 946 2755 1000 καὶ
2781 947 2913 1015 ἡμῖν
2940 939 3329 1009 ἀκατάληπτον
3350 951 3363 965 ·
3399 934 3475 997 ῶς
3514 949 3620 986 που
3643 931 3739 985 καὶ

2156 1048 2218 1099 τὸ
2241 1086 2255 1110 ,
2290 1064 2308 1095 ‹
2338 1044 2527 1105 Οὐδεὶς
2559 1039 2899 1109 ἀναϐέϐηκεν
2932 1036 3012 1099 εἰς
3045 1033 3136 1087 τὸν
3167 1030 3415 1103 οὐρανὸν,
3448 1029 3497 1081 εί
3534 1025 3610 1098 μὴ
3630 1026 3740 1077 ὁὲκ

2158 1136 2252 1191 τοῦ
2285 1133 2517 1205 ούρανοῦ
2554 1130 2825 1193 καταϐὰς,
2858 1129 2888 1181 ὁ
2921 1126 3050 1190 Υἱὸς
3091 1122 3186 1178 τοῦ
3232 1120 3544 1191 ἀνθρώπου,
3594 1120 3623 1169 ὁ
3665 1114 3742 1167 ὣν

2158 1232 2216 1283 ὲν
2240 1227 2316 1299 τῷ
2342 1224 2557 1298 οὐρανῷ
2577 1240 2590 1255 °
2626 1244 2646 1277 ι
2694 1223 2789 1276 καὶ
2817 1220 2910 1286 τὸ,
2965 1238 2983 1271 ι
3006 1218 3131 1272 Ἐὰν
3171 1211 3264 1270 οὖν
3295 1215 3440 1284 ἴδητε
3484 1211 3575 1265 τὸν
3618 1208 3744 1263 Υἰὸν

2160 1320 2254 1375 τοῦ
2290 1318 2577 1390 ἀνθρώπου
2612 1314 2993 1378 ἀναϐαίνοντα,
3030 1313 3166 1366 ὅπου
3192 1305 3261 1379 ἦν
3300 1306 3362 1360 τὸ
3391 1305 3656 1376 πρότερον
3675 1318 3691 1333 ·
3717 1320 3737 1353 ι

2160 1415 2284 1485 οὐχὶ
2313 1416 2378 1467 ὲκ
2402 1413 2504 1483 τῆς
2531 1409 2905 1483 προσηγορίας
2932 1406 3025 1461 τοῦ
3058 1405 3189 1459 Υίοῦ
3214 1402 3309 1458 τοῦ
3338 1400 3626 1473 ἀνθρώπου
3652 1399 3747 1452 καὶ

2160 1508 2253 1561 τὸν
2287 1504 2437 1576 αύτῷ
2471 1502 2800 1573 ἀσυγχύτως
2827 1518 2889 1554 τε
2922 1501 3039 1569 ἅμα
3068 1498 3162 1552 καὶ
3190 1495 3507 1567 ἀχωρίστως
3540 1509 3745 1561 συνημ-

2168 1600 2327 1671 μένον
2365 1597 2634 1668 νοοῦμεν;
2684 1595 2747 1649 Ei
2779 1594 2889 1665 γὰρ
2910 1590 3007 1646 καὶ
3032 1591 3161 1644 Υίὺν
3183 1586 3471 1659 ἀνθρώπου
3499 1582 3748 1654 ὠνόμαζε

2162 1680 2251 1744 δίὰ
2274 1688 2372 1761 τὴν
2397 1688 2496 1757 τῆς
2530 1683 2983 1756 προσληφθείσης
3050 1681 3146 1735 καὶ
3176 1676 3511 1749 φαινομένης
3550 1673 3752 1745 σαρκὸς

2167 1782 2350 1852 φύσιν,
2374 1778 2509 1833 ἀλλὰ
2524 1777 2612 1831 διὰ
2632 1774 2783 1848 [τῶν]
2802 1773 2898 1828 καὶ
2919 1772 3049 1843 παρ’
3071 1770 3236 1825 αὑτοῦ
3258 1767 3598 1838 τελουμένων
3619 1764 3752 1818 Θεὸν

473 1891 736 1946 Christus
766 1856 880 1943 heri
903 1856 958 1942 et
984 1884 1162 1946 hodie,
1201 1884 1315 1953 ipse
1338 1894 1393 1938 et
1428 1882 1481 1935 in
1506 1879 1785 1937 saecula".
1813 1897 1831 1931 ι
1865 1877 1920 1933 Si
1946 1877 2063 1932 heri

2172 1871 2357 1927 ἑαυτὸν
2404 1868 2753 1940 παρεδείκνυ.
2797 1865 2907 1921 Καὶ
2946 1865 3141 1919 πάλινο
3190 1881 3210 1915 ι
3239 1859 3450 1931 Ἰησοῦς
3492 1856 3750 1931 Χριστὸς,

474 1992 540 2037 et
563 1980 745 2047 hodie,
773 1977 1047 2049 quomodo
1081 1990 1180 2045 per
1210 1975 1383 2044 ipsum
1413 1970 1633 2026 omnia?
1659 1970 1715 2025 Si
1758 1978 1938 2024 autem
1973 1983 2068 2036 per

476 2076 659 2144 ipsum
690 2070 897 2135 omnia,
922 2067 1195 2139 quomodo
1240 2065 1353 2121 heri
1402 2074 1456 2120 et
1501 2063 1701 2119 hodie?
1727 2062 1835 2118 Sed
1856 2073 2065 2117 certum

474 2178 570 2224 vest
595 2175 652 2222 et
678 2167 820 2236 quod
845 2183 859 2220 :
888 2183 905 2218 ι
929 2164 1120 2220 Omnia
1148 2178 1245 2233 per
1270 2163 1445 2231 ipsum
1472 2160 1542 2228 ⁷⁸,
1574 2180 1593 2212 ι
1616 2168 1670 2214 et
1699 2159 1865 2229 quod,
1894 2178 1915 2212 ι
1941 2158 2066 2212 lleri

482 2272 543 2315 et
574 2261 754 2326 hodie,
786 2278 805 2310 ι
835 2258 936 2313 lide
978 2256 1371 2326 recipiendum,
1400 2262 1455 2307 et
1493 2254 1595 2308 hoc
1636 2272 1649 2307 :
1685 2271 1703 2305 ι
1734 2251 1853 2323 Ipse
1881 2253 1933 2307 in
1965 2268 2068 2307 sae-

488 2352 639 2417 cula,
674 2371 696 2404 ο
724 2366 933 2413 verum,
960 2350 1004 2404 si
1038 2348 1333 2406 secundum
1359 2344 1720 2400 diﬂ'erentiam
1754 2357 2067 2399 naturarum

489 2444 773 2499 inconfuse
798 2450 857 2499 ot
904 2438 1340 2510 inseparabiliter
1397 2437 1669 2491 unitarum
1709 2450 1869 2491 voces
1916 2450 2068 2505 apte-

493 2551 632 2601 mus,
708 2535 1092 2605 intelligentes,
1141 2532 1437 2587 secundum
1486 2528 1696 2584 visibile
1767 2530 1988 2599 quidem
2052 2549 2067 2585 :

495 2643 517 2678 ι
548 2625 679 2681 ﬂeri
707 2635 764 2681 et
790 2626 979 2691 hodie;
1010 2642 1029 2675 ι
1066 2624 1368 2679 secundum
1398 2635 1526 2674 vero
1555 2620 1891 2691 intelligibile
1917 2640 1932 2676 :
1964 2640 1983 2673 ι
2015 2621 2071 2675 Ιιι

493 2718 725 2785 saecula;
775 2736 797 2770 ο
847 2716 1142 2773 secundum
1204 2725 1385 2771 autem
1443 2713 1723 2772 ﬁliationis
1785 2715 2070 2780 unitatem,

495 2825 520 2860 ς
560 2822 726 2863 unum
749 2816 809 2863 et
831 2806 1107 2864 eumdem.
1139 2824 1159 2859 ι

1049 3110 1242 3183 Cyrilli
1267 3112 1524 3181 defensio.

2167 1966 2235 2020 δι’
2261 1957 2321 2019 οὗ
2341 1962 2410 2017 τὰ
2441 1962 2639 2016 πάντα.
2666 1979 2687 2012 ι
2710 1959 2825 2013 Καὶ
2856 1958 3039 2013 πάλιν
3073 1976 3092 2010 ι
3135 1954 3341 2028 Ἰησοῦς
3364 1951 3599 2025 Χριστὸς
3625 1950 3754 2022 χθὲς

2169 2059 2265 2113 καὶ
2297 2059 2537 2128 σήμερον
2571 2055 2600 2107 ὁ
2627 2053 2791 2116 αὐτὸς
2817 2053 2912 2105 καὶ
2947 2051 3027 2115 είς
3059 2050 3187 2112 τοὺς
3229 2046 3454 2110 αίῶνας.
3482 2064 3501 2097 ι
3539 2045 3602 2097 Ei
3626 2041 3754 2116 χθὲς

2169 2151 2264 2204 καὶ
2293 2150 2558 2220 σήμερον,
2590 2143 2709 2207 πῶς
2731 2143 2798 2197 δι’
2818 2128 2982 2196 αὺτοῦ
3007 2139 3303 2207 τὰδπάντα;
3332 2136 3396 2190 Ei
3419 2134 3474 2188 δὲ
3500 2133 3566 2187 δι’
3586 2128 3753 2186 αὑτοῦ

2169 2244 2238 2296 τὰ
2289 2242 2489 2302 πάντα,
2544 2236 2663 2300 πῶς
2709 2235 2835 2306 χθὲς
2881 2234 2978 2287 καὶ
3025 2234 3299 2304 σήμερον;
3341 2227 3502 2282 Ἀλλὰ
3532 2225 3627 2280 καὶ
3657 2225 3751 2289 τὸ,

2177 2352 2196 2384 ι
2227 2333 2410 2386 Πάντα
2456 2330 2522 2383 δι’
2576 2325 2766 2391 αὑτοῦ,
2797 2345 2816 2378 ι
2858 2324 3095 2396 ἀληθές·
3147 2323 3243 2376 καὶ
3289 2321 3373 2386 τὸ,
3412 2340 3430 2373 ι
3460 2318 3621 2385 Χθὲς,
3660 2317 3757 2370 καὶ

2174 2426 2434 2495 σήμερον,
2455 2442 2473 2474 ι
2502 2421 2715 2474 πιστόν·
2740 2416 2932 2482 καὶτὸ,
2961 2436 2979 2468 ι
3003 2416 3061 2469 ⁸0
3079 2416 3240 2479 αὐτὸς
3260 2416 3339 2478 είς
3356 2413 3481 2477 τοὺς
3497 2412 3715 2473 αἰῶνας,
3729 2426 3751 2461 ι

2173 2514 2426 2586 ἀληθινόν
2444 2528 2461 2546 ο
2495 2512 2591 2566 ἐὰν
2623 2510 2764 2565 κατὰ
2792 2508 2854 2562 τὸ
2885 2506 2995 2561 τῶν
3025 2506 3328 2560 ὲνωθεισῶν
3357 2503 3678 2575 ἀσυγχύτως
3696 2518 3757 2554 τε

2172 2605 2266 2658 καὶ
2298 2602 2619 2675 ἀχωρίστως
2649 2599 2866 2668 φύσεων
2895 2598 3151 2670 διάφορον
3178 2597 3277 2659 τὰς
3303 2595 3486 2666 φωνάς
3516 2592 3759 2665 ἐφαρμό-

2173 2696 2378 2766 ζωμεν,
2421 2692 2668 2755 νοοῦντες
2704 2691 2848 2744 κατὰ
2908 2689 3006 2760 μὲν
3037 2689 3099 2742 τὸ
3164 2688 3511 2759 φαινόμενον,
3548 2705 3566 2737 ι
3616 2685 3758 2748 Χθὲς

2173 2785 2268 2839 καὶ
2312 2787 2585 2856 σήμερον·
2616 2802 2632 2833 ι
2682 2782 2823 2835 κατὰ
2880 2780 2935 2833 δὲ
2992 2780 3053 2833 τὸ
3097 2779 3407 2849 νοούμενον,
3457 2797 3475 2830 ι
3514 2777 3607 2841 Ei;
3632 2776 3760 2839 τοὺς

2173 2874 2408 2937 αἰῶνας·
2440 2893 2458 2923 ι
2492 2871 2635 2925 κατὰ
2660 2870 2793 2923 δὲτὸ
2834 2868 2935 2939 τῆς
2961 2867 3210 2938 υἱότητος
3245 2866 3550 2937 μοναδικὸν,
3583 2883 3601 2916 ι
3625 2862 3759 2917 Ἕνα

2174 2968 2271 3020 καὶ
2299 2967 2387 3020 τὶν
2415 2965 2596 3020 αὐτόν.
2611 2983 2628 3015 ι

2636 3096 2963 3166 Ἀπολογία
3004 3094 3327 3163 Κυρίλλου.

563 3226 642 3284 Ut
666 3235 908 3298 apparet,
937 3226 1021 3281 his
1045 3226 1139 3296 qui
1174 3227 1660 3281 anathematismos
1708 3240 1739 3278 a
1780 3225 1939 3295 17o
1972 3241 2067 3279 no-

2250 3220 2458 3283 Σκοπδς
2507 3212 2617 3283 οὖν,
2661 3217 2735 3279 ὡς
2781 3217 2800 3251 ι
2852 3214 3018 3277 ἔοικε,
3081 3212 3193 3274 τοῖς
3235 3208 3516 3263 ἐθέλουσιν
3567 3207 3764 3278 ἀπερι-

492 3322 584 3377 bis
618 3319 902 3375 utilissime
938 3327 993 3374 et
1022 3319 1331 3374 necessario
1376 3317 1548 3373 factos
1590 3319 1961 3387 imprudenter
1992 3334 2076 3371 re-

494 3413 838 3485 prehendere
872 3410 1293 3478 volunt,unicus
1326 3410 1415 3464 ille
1444 3425 1637 3478 scopus
1683 3419 1787 3476 est,
1838 3419 1895 3463 ut
1944 3409 2075 3464 nihil

499 3521 691 3560 verum
730 3503 811 3558 vel
836 3503 1049 3572 sapiant
1076 3503 1158 3556 vel
1188 3504 1402 3567 dicant,
1434 3502 1827 3571 declarentque
1876 3517 1935 3557 se
1960 3503 2076 3556 solo

500 3595 865 3652 calumniandi
896 3593 1071 3649 studio
1086 3603 1402 3665 occupatos.
1428 3591 1560 3645 Nam
1586 3595 1630 3648 si
1650 3604 1883 3649 mentem
1922 3610 2076 3649 suam

502 3684 745 3740 studiose
774 3697 837 3738 ac
865 3682 1154 3752 diligenter
1189 3682 1412 3751 scriptis
1440 3682 1703 3736 adhibere
1732 3690 2070 3752 paterentur,

507 3794 611 3832 non
642 3778 1000 3849 ignorassent,
1039 3777 1182 3845 quod
1214 3777 1328 3831 suis
1380 3775 1667 3831 sententiis
1712 3784 1766 3830 et
1808 3776 2076 3829 sermoni-

508 3873 630 3937 bus,
657 3885 791 3939 quos
822 3868 1048 3935 faciunt,
1095 3868 1374 3924 stabiliant
1416 3868 1959 3933 anathematismum,
2024 3878 2078 3923 et

505 3974 849 4030 nequaquam
883 3959 1177 4013 ostendant
1205 3957 1355 4011 illum
1380 3957 1649 4011 inerudite
1686 3957 1987 4013 conditum.
2015 3958 2079 4014 Et

508 4053 800 4124 quomodo,
830 4051 1027 4105 dicam.
1050 4048 1231 4105 Bonus
1261 4048 1542 4105 Nestorius
1563 4050 1777 4104 dicebat
1800 4050 1907 4106 tale
1922 4052 2081 4120 quid-

508 4147 652 4208 dam,
685 4144 736 4198 in
772 4143 1002 4198 ecclesia
1048 4154 1338 4195 enarrans.
1377 4137 1448 4194 Ut
1477 4147 1657 4193 autem
1689 4139 1861 4208 ipsum
1907 4143 2079 4195 mani-

508 4236 698 4291 festius
747 4237 952 4297 dicam,
1010 4242 1063 4288 et
1119 4233 1190 4285 ita
1250 4240 1309 4284 ut
1360 4245 1547 4284 omnes
1582 4229 1790 4285 facilius
1820 4234 2076 4301 capiant:

507 4329 687 4396 Arius,
721 4336 777 4381 et
808 4324 1126 4386 Eunomius,
1158 4331 1213 4376 et
1238 4320 1626 4390 Apollinarius,
1654 4328 1710 4374 et
1767 4336 1956 4376 omnes
1985 4338 2078 4377 so-

508 4420 721 4475 cietatis
756 4418 966 4472 illorum
991 4415 1167 4479 chori,
1234 4413 1524 4467 studebant
1577 4410 1834 4465 inducere
1884 4427 2078 4467 nomen

508 4512 631 4577 hoc,
661 4510 753 4565 Dei
788 4509 1045 4579 genitrix,
1074 4516 1131 4561 ut
1154 4506 1196 4559 si
1222 4503 1528 4559 commistio
1582 4503 1754 4567 lieret,
1784 4513 1839 4557 et
1867 4516 2074 4559 natura:

514 4620 615 4659 non
656 4611 1058 4671 separarentur,
1117 4596 1249 4651 nihil
1298 4594 1577 4650 humiliter
1625 4595 1823 4649 dictum
1865 4596 1931 4650 de
1975 4596 2077 4649 hu-

517 4694 773 4749 manitate
798 4690 1169 4761 accipiendum
1201 4697 1366 4751 esset,
1422 4678 1708 4757 locumque
1753 4688 1867 4757 jam
1920 4689 2082 4741 habe-

515 4799 632 4842 rent
663 4784 764 4857 ipsi
798 4794 985 4839 contra
1022 4784 1314 4847 deitatem;
1360 4779 1515 4848 quasi
1544 4779 1887 4849 umnia,quze
1929 4780 2083 4833 dice-

513 4881 729 4942 bantur,
754 4878 818 4930 de
846 4891 951 4929 uno
981 4875 1309 4927 dicerentur.
1340 4869 1465 4924 Haec
1488 4886 1609 4924 cum
1630 4872 1712 4925 sic
1763 4871 1906 4925 dicta
1953 4872 2082 4934 sint,

519 4967 807 5022 utilissime
837 4964 1344 5019 anathematismum
1391 4960 1638 5022 fecimus,
1701 4976 1805 5014 non
1863 4962 2085 5029 permit—

522 5071 694 5115 tentes
739 5059 792 5111 in
851 5057 986 5111 duas
1050 5055 1213 5107 dividi
1278 5068 1537 5121 personas
1575 5063 1629 5106 et
1687 5052 2068 5106 subsistentias

520 5170 682 5208 unum
715 5149 1001 5205 Dominum
1035 5146 1216 5201 Jesutn
1250 5147 1547 5200 Christum.
1580 5144 1731 5211 Quod
1794 5155 1973 5197 autem
2024 5153 2079 5197 et

517 5246 616 5315 ipsi
646 5260 770 5299 cum
794 5241 994 5297 nostris
1006 5239 1347 5294 sermonibus
1370 5239 1715 5300 conveniant,
1739 5235 2078 5305 perSpicuum

2180 3313 2431 3371 σκέπτως
2470 3307 2734 3377 ἐπιτιμᾷν
2765 3306 2876 3367 τοῖς
2924 3301 3053 3373 παρ’
3084 3299 3239 3371 ἡμῶν
3268 3296 3672 3372 χρειωδέστατά
3703 3315 3763 3351 τε

2178 3405 2272 3458 καὶ
2317 3400 2632 3468 ἀναγκαίως
2675 3395 2958 3466 γεγονόσιν
3000 3392 3491 3463 ἀναθεματισμοῖς,
3544 3393 3763 3461 φρονεῖν

2185 3496 2285 3567 μὲν
2331 3494 2364 3565 ἢ
2422 3492 2604 3559 λέγειν
2646 3489 2755 3543 τῶν
2804 3486 3075 3559 ἀληθινῶν
3128 3485 3299 3549 οὐδὲν,
3344 3484 3662 3553 φιλοψογίας
3708 3483 3765 3536 δὲ

2183 3589 2351 3660 μόνης
2386 3584 2660 3649 ἀπόδειξιν
2693 3581 2900 3654 ἐναργῆ
2935 3579 3210 3633 ποιεῖσθαι
3236 3578 3296 3631 τὸ
3321 3578 3509 3649 χρῆμα
3532 3591 3545 3604 ⁸
3588 3578 3635 3629 εί
3659 3576 3765 3648 γὰρ

2179 3680 2470 3750 ἀνίσχοντα
2491 3687 2540 3741 ιι,
2561 3674 2656 3727 καὶ
2675 3673 2880 3745 ἀκριϐῆ
2901 3674 3013 3734 τοῖς
3036 3669 3441 3740 γεγραμμένοις
3459 3668 3549 3721 τὸν
3570 3669 3765 3720 οἰκεῖον

2180 3768 2555 3840 ὲνερείσαντες
2600 3763 2745 3828 νοῦν,
2792 3764 2893 3817 οὐκ
2932 3763 3239 3833 ἠγνόησαν,
3302 3761 3385 3813 ὅτι
3440 3756 3763 3831 κρατύνουσι

2180 3861 2301 3921 ταῖς
2358 3856 2489 3927 παρ’
2535 3854 2746 3908 ἑαυτῶν
2776 3862 2803 3890 ν
2828 3854 3053 3924 ψήφοις,
3091 3852 3183 3905 καὶ
3227 3851 3294 3904 δι’
3338 3845 3413 3905 ὧν
3440 3851 3766 3921 πεποίηνται

2181 3950 2377 4020 λόγων,
2444 3947 2533 4001 τὸν
2587 3944 3052 4016 ἀναθεματισμδν,
3124 3945 3221 3998 καὶ
3272 3943 3391 4014 οὐχὶ
3441 3942 3505 4013 δή
3569 3942 3768 4014 μᾶλλον

2183 4041 2635 4114 ἀνεπιστημόνως
2664 4039 2827 4093 αὐτὸν
2861 4038 3129 4107 γεγονότα
3154 4034 3625 4089 καταδεικνύουσι.
3658 4036 3768 4087 Καὶ

2180 4140 2305 4193 τίνα
2329 4136 2552 4208 τρόπον,
2582 4133 2715 4206 ἐρῶ⁶
2761 4129 2820 4185 '0
2850 4130 3089 4202 χρηστὸς
3112 4130 3244 4200 ἡμῖν
3276 4127 3565 4199 Νεστόριος
3589 4127 3688 4198 ἔφη
3716 4144 3767 4180 τι

2181 4230 2423 4285 τοιοῦτον
2466 4230 2555 4282 ἐπ’
2598 4228 2893 4298 ἐκκλησίας
2927 4234 2953 4263 κ
2995 4224 3376 4297 ἐξηγούμενος.
3407 4222 3526 4275 Ἵνα
3551 4220 3607 4274 δὲ
3637 4221 3768 4274 αὐτὸ

2185 4323 2517 4393 σαφέστερον
2573 4320 2665 4375 καὶ
2725 4321 2890 4373 πᾶσιν
2946 4318 3342 4388 εύληπτότερον
3432 4315 3590 4380 εἴπω,
3654 4314 3767 4377 τοῖς

2197 4413 2429 4483 Ἀρείου,
2464 4411 2559 4465 καὶ
2592 4410 2882 4480 Εὑνομίου,
2920 4410 3012 4462 καὶ
3053 4406 3451 4477 Ἀπολιναρίου,
3494 4407 3587 4459 καὶ
3633 4406 3767 4458 πάν-

2115 4540 2155 4593 υ
2183 4521 2289 4558 των
2313 4506 2423 4566 τοῖς
2445 4505 2622 4574 χοροῖς
2647 4501 2754 4554 τῶν
2783 4500 2883 4571 τῆς
2916 4499 3170 4570 τοιαύτης
3202 4499 3432 4569 φατρίας
3452 4506 3503 4562 Υ,
3537 4497 3763 4568 σπουδὴ,

2184 4598 2263 4661 τὸ,
2301 4596 2588 4659 Θεοτόκος,
2620 4594 2879 4662 εἰσάγειν,
2926 4592 3002 4655 ὼς
3039 4593 3288 4663 κράσεως
3330 4590 3641 4660 γινομένης,
3677 4592 3769 4643 καὶ

2189 4690 2297 4741 τῶν
2340 4687 2554 4757 φύσεων
2596 4686 2670 4756 μὴ
2710 4683 3124 4755 διαιρουμένων,
3181 4682 3345 4753 μηδὲν
3388 4681 3497 4736 τῶν
3538 4680 3769 4734 εὐτελῶν

2188 4782 2268 4843 εἰς
2293 4779 2389 4849 τὴν
2420 4776 2813 4849 ἁνθρωπότητα
2836 4775 3228 4846 λαμϐάνεσθαι,
3254 4775 3348 4828 καὶ
3373 4772 3555 4845 χώραν
3572 4774 3768 4836 αὐτοὺς

2189 4872 2375 4924 λοιπὸν
2424 4869 2563 4923 κατά
2617 4870 2716 4940 τῆς
2776 4868 3030 4937 θεότητος
3074 4869 3215 4937 ἔχειν
3242 4883 3255 4895 ⁸
3284 4866 3358 4930 ὡς
3404 4866 3617 4919 πάντων
3660 4865 3768 4917 τῶν

2190 4961 2499 5031 λεγομένων
2543 4962 2674 5032 παρ’
2706 4961 2823 5023 ἐνὸς
2857 4960 3182 5030 λεγομένων.
3231 4958 3448 5012 Τούτων
3472 4956 3568 5010 ὡδὶ
3612 4956 3769 5024 λεγο-

2196 5054 2391 5125 μένων,
2428 5053 2849 5124 χρειωδέστατος
2880 5061 2899 5087 τ
2931 5054 3057 5123 παρ’
3090 5062 3108 5081 ⁸
3148 5049 3303 5122 ἡμῶν
3334 5049 3551 5119 γέγονεν
3578 5051 3606 5102 ὁ
3638 5050 3769 5102 ἀνα-

2193 5145 2550 5216 θεματισμὸς,
2601 5146 2701 5198 οὐκ
2740 5146 2913 5215 ἐφιεὶς
2965 5146 3045 5209 είς
3106 5143 3197 5197 δύο
3236 5141 3556 5215 μερίζεσθαι
3600 5142 3769 5213 πρόσο

2193 5237 2319 5291 ωπά
2343 5254 2401 5290 τε
2435 5240 2529 5291 καὶ
2557 5238 2887 5302 ὑποστάσεις
2916 5238 3008 5292 τὸν
3041 5237 3136 5290 ἕνα
3165 5236 3368 5308 Κύριον
3399 5233 3607 5305 Ἰησοῦν
3632 5236 3768 5305 Χρι-

584 5422 632 5457 ⁷⁸
655 5421 806 5478 Joan.
836 5436 922 5487 ιιι,
958 5420 1048 5475 l5.
1121 5417 1168 5450 "
1202 5414 1356 5474 Joan.
1389 5431 1470 5482 v1,
1507 5416 1593 5470 65.
1664 5415 1708 5446 ⁷⁸
1741 5414 1906 5470 Hebr.
1939 5431 1999 5483 ιι,
2031 5416 2067 5469 ll

2190 5417 2235 5447 ⁷⁷
2268 5415 2433 5471 llebr.
2472 5433 2589 5484 xm,
2622 5416 2678 5471 8.
2754 5419 2799 5448 ⁷⁸
2825 5416 2979 5474 Joan.
3017 5434 3057 5482 ι,
3102 5418 3156 5472 5.

1576 5570 1749 5626 Varia:
1784 5570 2042 5628 lectiones
2078 5588 2143 5626 ex
2168 5573 2355 5628 codice
2391 5572 2765 5643 Seguieriano.

595 5743 616 5781 ι
644 5738 870 5804 Σκοπὸς,
899 5737 995 5801 ὡς.

518 5825 545 5856 δι
576 5800 907 5881 λελεγμένων
936 5800 1354 5877 χρειωδέστατα.
1382 5800 1385 5801 ⁷
1433 5800 1458 5841 ἀ
1494 5800 1581 5855 ἷσ.
1617 5800 1767 5871 περί.

1105 5742 1131 5770 ιι
1168 5732 1254 5787 lo’.
1284 5732 1333 5785 εί
1364 5729 1472 5802 γάρ
1497 5728 1775 5802 ῂνείχοντο
1821 5729 2098 5785 ἁκοιϐοῦν.
2175 5738 2200 5768 ν
2234 5730 2361 5799 παρ’
2392 5728 2593 5784 αὐτῶν.

2710 5736 2733 5763 ι
2778 5726 3064 5799 ἐκκλησίᾳ.
3184 5735 3211 5774 Y
3252 5726 3418 5789 αὑτῧς
3455 5725 3759 5798 φρατρίας·
