4104 6336
393 382 500 441 367

992 383 1534 446 APOLOGETICUS
1572 389 1711 447 PRO
1751 391 1847 448 XII
1884 390 2251 451 CAPITIBUS
2290 392 2573 452 CONTRA
2609 393 3068 454 ORIENTALES.

3530 402 3635 459 338

392 498 532 551 στόν.
563 497 685 551 Ὅτι
706 497 763 551 δὲ
786 499 882 553 καὶ
908 501 1093 567 αὐτοῖς
1117 506 1234 568 τοῖς
1260 508 1391 577 παρ’
1420 508 1579 579 ἡμῶν
1604 512 1958 583 συμφέρονται

2067 513 2259 569 eritex
2289 515 2376 571 his
2414 531 2536 586 qua
2563 518 2901 588 scripserunt
2965 528 3023 575 et
3089 519 3352 579 sentiunt.
3422 521 3635 583 Habent

388 589 587 657 λόγοις,
615 590 773 661 δῆλον
800 591 868 646 ἂν
898 593 984 664 εἴη
1011 593 1278 665 δήπουθεν
1310 598 1372 663 ἐξ
1408 593 1484 657 ὧν
1509 605 1841 674 γεγράφασι,
1872 608 1979 661 καὶ·

387 684 603 751 φρονεῖν
640 683 943 751 ἐγνώκασιν
969 703 983 717 ι
1028 687 1144 759 ἔχει
1180 689 1240 744 δὲ
1284 692 1459 757 οὕτως
1483 710 1500 728 ο
1569 696 1657 761 Ὧς
1685 698 1744 752 δὲ
1793 716 1961 772 προσ-

386 772 576 840 ώποις,
598 775 631 846 ἦ
656 776 685 816 δ
709 778 1037 833 ὑποστάσεσι
1058 781 1232 849 δυσὶν,
1260 784 1293 857 ἢ
1326 788 1463 851 υίοῖς
1481 786 1601 843 δυσὶ
1624 791 1963 863 διαιροῦντας

385 866 482 937 τὴν
504 868 727 954 ἕνωσιν,
754 870 923 941 ἤγουν
952 874 1043 926 τὸν
1068 874 1164 929 ἕνα
1189 877 1340 941 Υίὸν,
1366 878 1467 944 τὰς
1500 883 1687 950 φωνὰς
1713 886 1961 957 ἐφαρμό-

386 959 501 1022 ζειν
528 960 588 1012 οὐ
612 959 725 1015 δεῖ·
777 961 1085 1052 ἀδιαίρετος
1120 966 1229 1040 γὰρ
1260 970 1355 1023 καὶ
1387 971 1693 1044 ἅχώριστος
1740 979 1773 1048 ή
1813 979 1961 1052 ἄκρα

391 1051 585 1116 ἕνωσις
606 1067 621 1083 ·
669 1054 766 1107 καὶ
793 1056 821 1108 ό
851 1050 932 1120 εἷς
966 1057 1095 1123 Υἱὸς
1119 1061 1263 1115 κατὰ
1307 1062 1485 1118 πάντα
1513 1068 1607 1120 καὶ
1644 1068 1821 1137 λόγον,
1868 1050 1962 1126 καὶ

381 1143 604 1214 τρόπον,
646 1146 742 1200 καὶ
780 1146 988 1203 ἔννοιάν
1025 1152 1167 1207 ἐστι.
1208 1153 1320 1224 Τῆς
1372 1154 1432 1207 δὲ
1492 1156 1669 1229 ἄκρας
1717 1161 1962 1226 ἑνώσεως

384 1233 817 1316 φυλαττομένης,
857 1240 953 1292 καὶ
983 1239 1077 1293 τοῦ
1104 1241 1222 1305 ἑνὸς
1255 1244 1409 1312 Υἱοῦ,
1442 1249 1537 1301 καὶ
1565 1251 1828 1320 Χριστοῦ,
1868 1254 1963 1308 καὶ

381 1327 588 1397 Κυρίου
616 1330 1075 1402 ὁμολογουμένου,
1107 1336 1237 1406 περὶ
1276 1337 1367 1391 τὸν
1398 1340 1494 1394 ἕνα
1546 1342 1643 1396 καὶ
1676 1344 1770 1399 τὸν
1796 1346 1960 1399 αὐτὸν

383 1416 511 1471 Υίὺν
538 1419 866 1476 ὲκλαϐέσθαι
907 1434 929 1462 ο
989 1426 1095 1498 χρὴ
1134 1426 1203 1480 τὰ
1236 1428 1538 1501 λεγόμενα·
1586 1435 1727 1488 κατὰ
1779 1436 1959 1507 μέντοι

378 1508 479 1581 τὴν
522 1511 633 1566 τῶν
676 1514 979 1569 ἐνωθεισῶν
1025 1518 1244 1588 φύσεων
1282 1521 1512 1594 δύναμιν
1554 1527 1963 1597 ὲφαρμόζεσθαι

381 1603 585 1673 πρέπει
646 1604 727 1675 τῷ
759 1607 841 1662 ἑνὶ
896 1608 1010 1680 Υίῷ
1045 1611 1115 1665 τὰ
1156 1612 1446 1686 λεγόμενα.
1490 1618 1699 1672 Οὐκοῦν
1731 1621 1833 1691 τῆς
1880 1624 1960 1687 είς

379 1695 550 1765 ἄκρον
606 1698 857 1764 ἑνώσεως
944 1703 1282 1776 σωζομένης,
1338 1709 1467 1763 ποία
1524 1712 1873 1782 παρείσδυσις
1925 1717 1960 1787 ἢ

376 1787 510 1855 γοῦν
561 1793 837 1859 φαντασία
886 1798 1063 1865 τομῆς
1099 1800 1539 1870 παρεισκρίνοιτο
1574 1802 1640 1856 ἂν
1669 1804 1783 1870 ἕτι;
1811 1807 1903 1859 καὶ
1932 1808 1961 1859 ὁ

382 1880 622 1951 μερίζειν
645 1883 969 1955 ἀποτολμιῖη
991 1887 1107 1951 πῶς
1126 1891 1225 1942 οὐκ
1248 1889 1353 1955 ἔξω
1379 1893 1605 1963 φέρεται
1627 1897 1725 1967 τῆς
1744 1897 1962 1961 εὐθείας

376 1973 519 2039 ὀδοῦ,
569 1976 664 2028 καὶ
712 1976 822 2030 τῶν
865 1981 967 2049 τῆς
1015 1981 1299 2047 εὐσεσείας
1348 1986 1634 2057 δογμάτων
1684 1993 1765 2053 είς
1815 1990 1960 2045 ἅπαν

378 2066 730 2135 ἁποφοιτῶν;
767 2070 833 2122 Τί
873 2067 967 2124 οὖν
999 2089 1166 2143 φησιν
1198 2077 1226 2128 ό
1266 2077 1754 2152 ἀναθεματισμός;
1787 2082 1855 2134 Et
1879 2099 1962 2146 τις

382 2157 592 2227 μερίζει
622 2159 722 2223 τὰς
764 2161 947 2228 φωνὰς
977 2164 1119 2218 κατά
1148 2181 1212 2233 γε
1237 2168 1447 2221 τουτονὶ
1483 2169 1576 2222 τὸν
1610 2171 1835 2242 τρόπον,
1865 2175 1961 2227 καὶ

376 2242 476 2305 τὰς
501 2242 528 2282 ά
554 2245 651 2314 μὲν
672 2246 747 2309 ὡς
774 2248 1044 2321 ἀνθρώπῳ
1060 2253 1211 2324 παρὰ
1236 2254 1327 2307 τὸν
1343 2256 1407 2310 ὲκ
1429 2257 1564 2311 Θεοῦ
1586 2260 1757 2329 Λόγον
1780 2262 1962 2327 temo;

379 2337 653 2427 νοουμένῳ
692 2341 1050 2411 προσάπτειν,
1106 2344 1203 2410 τὰς
1247 2347 1305 2400 δὲ
1347 2348 1423 2413 ὡς
1460 2349 1784 2423 θεοπρεπεῖς
1813 2355 1962 2427 μόνῳ

376 2426 457 2498 τῷ
490 2429 555 2481 ὲκ
584 2429 719 2485 Θεοῦ
759 2434 953 2505 Λόγῳ·
981 2436 1233 2509 ἀνάθεμα
1296 2440 1455 2497 ἔστω.
1504 2445 1569 2497 El
1620 2445 1719 2516 μὲν
1765 2443 1858 2501 οὖν
1909 2426 1963 2502 οἱ

376 2519 682 2587 διιστάντες
709 2536 732 2563 θ
769 2528 863 2580 καὶ
888 2527 1218 2600 διορίζοντες
1243 2534 1324 2598 είς
1352 2534 1639 2606 ἄνθρωπον
1668 2539 1851 2604 ίδικῶς
1896 2558 1960 2595 τε

379 2612 474 2664 καὶ
507 2613 610 2668 ἀνὰ
654 2615 840 2685 μέρος,
877 2620 971 2672 καὶ
1015 2622 1095 2683 είς
1136 2621 1270 2676 Θεὸν
1322 2624 1493 2693 Λόγον
1531 2627 1714 2690 ίδικῶς
1756 2645 1817 2681 τε
1863 2629 1961 2682 καὶ

375 2700 483 2755 ἀνὰ
526 2702 713 2773 μέρος,
745 2705 805 2757 οὐ
844 2708 1125 2778 μερίζουσι
1155 2711 1248 2764 τὸν
1277 2712 1375 2767 ἕνα
1407 2715 1661 2785 Χριστὸν,
1693 2719 1786 2771 καὶ
1814 2717 1908 2773 δύο
1934 2719 1955 2759 τ

377 2792 629 2860 λέγουσιν
665 2796 835 2860 υἱοὺς,
883 2799 1367 2868 ἀγανακτείτωσαν
1394 2805 1515 2859 καθ’
1540 2807 1698 2878 ἡμῶν
1724 2810 1774 2861 οἱ
1833 2811 1956 2879 φιλ-

379 2885 715 2957 εγκλήμονες
741 2904 754 2917 °
784 2891 835 2943 εί
850 2890 908 2943 δὲ
928 2892 1068 2965 τομὴ
1089 2896 1185 2948 καὶ
1208 2895 1469 2966 διαίρεσις
1486 2900 1547 2953 τὸ
1572 2900 1714 2955 οὕτω
1740 2908 1959 2975 φρονεῖν

379 2977 517 3043 ἐστι,
542 2979 686 3034 κατὰ
716 2980 839 3036 τινὰ
868 2986 1070 3056 τρόπον
1089 2991 1203 3053 τοῖς
1232 2993 1361 3057 παρ’
1394 2994 1550 3063 ἡμῶν
1578 2996 1757 3065 λόγοις
1783 3002 1958 3053 ἐπιτι-

382 3071 489 3139 μᾷν
519 3070 811 3141 ἐγνώκασι,
854 3077 1034 3132 καίτοι
1060 3080 1156 3134 καὶ
1187 3081 1363 3149 αὐτοὶ,
1398 3086 1543 3138 καθά
1562 3105 1743 3155 φασιν,
1777 3090 1955 3146 ἁδιαί·

2064 614 2242 661 aulem
2279 608 2359 661 sic
2389 623 2404 661 :
2429 608 2712 679 Tanquam
2739 624 2870 666 vero
2892 613 3139 681 personis
3167 612 3482 677 duabus,vel
3501 621 3633 673 sub-

2063 697 2327 754 sistentiis
2358 701 2587 768 duabus,
2626 701 2711 757 vel
2766 701 2891 756 ﬁliis
2923 704 3152 769 duobus,
3204 704 3494 762 dividendo
3514 709 3636 763 uni-

2065 790 2287 854 tionem,
2315 792 2416 847 hoc
2437 802 2522 847 est
2546 809 2710 848 unum
2742 794 3131 861 Filium,voces
3159 808 3348 866 aptare
3370 814 3477 852 non
3506 815 3627 855 con-

2064 882 2227 935 venit.
2257 882 2610 938 Indivisibilis
2634 885 2778 940 enim
2816 895 2873 941 et
2902 887 3276 957 inseparabilis
3305 897 3389 944 est
3424 904 3630 944 summa

2062 972 2257 1035 unitio,
2295 978 2350 1026 et
2370 988 2510 1027 unus
2546 973 2717 1029 Filius
2743 983 2827 1030 est
2863 977 3159 1032 secundum
3211 993 3427 1033 omnem
3470 982 3635 1036 ratio-

2062 1077 2184 1117 nem
2213 1072 2268 1117 et
2298 1064 2514 1119 modum
2555 1076 2610 1120 et
2631 1067 3039 1135 cogitationem.
3084 1068 3142 1123 Si
3194 1079 3379 1124 autem
3422 1086 3631 1126 διιιιιιηιι

2063 1155 2237 1209 unitio
2271 1168 2538 1221 servetur,
2574 1168 2628 1212 et
2667 1174 2804 1213 unus
2836 1159 3003 1214 Filius
3023 1171 3079 1214 et
3102 1161 3351 1216 Christus
3372 1171 3425 1216 et
3450 1162 3629 1217 Domi-

2062 1261 2164 1301 nus
2198 1256 2451 1316 ponatur,
2484 1249 2550 1302 de
2581 1265 2688 1304 uno
2717 1260 2772 1304 et
2796 1252 2987 1307 eodem
3022 1251 3158 1306 Filio
3187 1253 3437 1323 accipere
3467 1269 3631 1324 opor-

2064 1347 2162 1402 tet,
2201 1352 2320 1407 quae
2346 1340 2605 1394 dicuntur
2634 1358 2648 1394 :
2680 1342 2774 1395 sed
2808 1351 2987 1396 tamen
3019 1345 3313 1398 secundum
3358 1346 3630 1399 unitarum

2062 1439 2376 1483 naturarum
2420 1432 2675 1487 virtutem
2708 1435 3121 1489 accommodare
3151 1437 3307 1490 decet
3355 1438 3446 1491 uni
3473 1436 3630 1500 Filio,

2062 1534 2184 1588 quae
2210 1520 2486 1575 dicuntur.
2515 1522 2685 1591 Igitur
2718 1524 2843 1577 dum
2869 1534 3121 1579 servatur
3168 1541 3382 1582 summa
3429 1529 3629 1593 unitas,

2061 1610 2237 1679 qualis
2268 1610 2511 1680 irreptio,
2545 1613 2627 1667 vel
2656 1612 2843 1668 saltem
2874 1615 3186 1684 imaginatio
3206 1618 3630 1674 sectionisindu-

2062 1703 2313 1757 ceretur?
2344 1703 2411 1757 Et
2438 1705 2530 1773 qui
2566 1705 2729 1760 audet
2755 1705 3021 1773 dividere,
3046 1710 3316 1777 quomodo
3341 1725 3445 1765 non
3480 1719 3631 1765 extra

2064 1800 2271 1848 rectam
2338 1795 2480 1848 viam
2539 1794 2762 1860 incedit,
2782 1803 2838 1850 et
2894 1811 2925 1849 a
2965 1796 3179 1865 pietatis
3210 1797 3548 1866 dogmatibus
3576 1800 3637 1852 in

1994 1860 2035 1918 Β
2065 1885 2374 1940 universum
2416 1884 2816 1952 receditiQuid
2878 1860 3042 1957 igitur
3089 1887 3223 1943 dicit
3273 1860 3639 1943 anathemati-

2063 1976 2332 2032 smus?Si
2363 1978 2485 2048 quis
2528 1978 2723 2035 dividit
2776 1992 2957 2041 voces,
2985 1979 3280 2035 secundum
3332 1979 3474 2035 hunc
3519 1994 3643 2035 mo-

2062 2068 2211 2133 dum,
2244 2077 2303 2123 ut
2330 2069 2465 2124 alias
2501 2071 2718 2140 quidem
2747 2079 2999 2140 tanquam
3030 2072 3236 2125 homini
3272 2087 3301 2126 a
3346 2070 3455 2128 Deo
3481 2087 3641 2129 seoro

2061 2161 2164 2215 sim
2192 2161 2464 2217 intellecto
2484 2162 2721 2232 adaptct,
2750 2162 2888 2216 alias
2908 2177 3056 2228 vero,
3083 2170 3141 2216 ut
3162 2163 3269 2218 Deo
3288 2164 3498 2230 dignas,
3527 2164 3643 2219 soli

2063 2251 2241 2308 Verbo
2275 2251 2387 2320 Dei,
2427 2253 2716 2307 anathema
2752 2252 2844 2307 sit.
2900 2252 2956 2308 Si
3015 2255 3177 2323 igitur
3224 2263 3540 2322 separantes
3580 2261 3641 2309 es

2061 2342 2459 2413 distinguentes
2488 2344 2539 2397 in
2573 2344 2846 2399 hominem
2879 2345 3093 2414 proprie
3131 2353 3186 2397 et
3212 2344 3468 2406 seorsim,
3495 2354 3551 2399 et
3575 2345 3635 2400 in

2063 2433 2298 2491 Verbum
2328 2436 2420 2491 Dei
2457 2437 2674 2508 proprie
2700 2447 2755 2491 et
2777 2437 3030 2503 seorsim,
3061 2437 3217 2506 171
3242 2451 3346 2492 non
3380 2436 3643 2506 partiun-

2060 2534 2150 2582 tur
2172 2542 2338 2582 unum
2369 2527 2666 2592 Christum,
2691 2543 2798 2596 non
2825 2528 2962 2585 duos
2982 2529 3174 2585 dicunt
3210 2527 3386 2595 ﬁlios;
3413 2541 3643 2584 succen-

2060 2632 2218 2678 scant
2252 2621 2406 2677 nobis
2433 2623 2833 2679 criminatores.
2870 2621 2930 2677 Si
2957 2632 3139 2678 autem
3171 2622 3343 2677 sectio
3376 2629 3430 2676 et
3479 2634 3649 2690 seps-

2059 2716 2199 2770 ratio
2218 2725 2303 2768 est
2327 2715 2401 2769 ita
2431 2714 2671 2770 sentire:
2703 2713 3001 2769 secundum
3056 2726 3217 2783 quem
3257 2713 3476 2772 modum
3531 2728 3636 2768 no-

2060 2815 2207 2861 stros
2236 2820 2517 2861 sermones
2547 2805 2946 2875 reprehendere
2969 2814 3304 2870 statuerunt,
3335 2805 3555 2875 quando
3577 2814 3644 2859 et‘

2060 2896 2187 2967 ipsi,
2215 2898 2355 2953 sicut
2382 2898 2587 2962 dicunt,
2614 2895 2994 2955 indivisibilem
3024 2907 3081 2953 et
3129 2911 3296 2952 unum
3327 2896 3649 2953 secundum.

2040 3005 2322 3046 summam
2350 2990 2648 3044 unitionem
2670 2988 3037 3045 conﬁteantur
3051 3004 3174 3045 esse
3207 2988 3653 3045 Emmanuelemt

2058 3080 2246 3152 Itaque
2274 3082 2575 3150 prudenter
2615 3094 3054 3151 unamquamque
3077 3096 3288 3146 vocem,
3325 3084 3406 3135 vel
3467 3081 3654 3135 etiam.

383 3162 535 3232 ρετόν
573 3182 633 3221 τε
686 3168 780 3222 καὶ
816 3168 913 3224 ἕνα
940 3170 1083 3225 κατὰ
1128 3174 1303 3246 ἄκραν
1341 3177 1532 3234 ἕνωσιν
1564 3180 1953 3249 ὁμολογοῦντες

2059 3170 2123 3225 ab
2192 3171 2308 3239 ipso
2342 3168 2480 3225 forte
2529 3169 2750 3234 dictam,
2807 3170 3176 3240 accipiendam
3235 3185 3397 3236 esse,
3444 3170 3636 3225 lauda-

378 3256 643 3329 ὑπάρχειν
682 3259 777 3314 τὸν
812 3260 1191 3335 Ἐμμανουήλς
1251 3266 1325 3320 Τὸ
1374 3268 1472 3337 μὲν
1528 3266 1620 3324 οὖν
1669 3272 1953 3343 ἐμφρόνως

381 3348 617 3421 ἑκάστην
647 3353 854 3425 φωνὴν,
882 3357 931 3409 εί
954 3356 1049 3410 καὶ
1082 3356 1212 3428 παρ’
1242 3358 1407 3413 αὑτοῦ
1438 3361 1598 3430 τυχὸν
1631 3364 1951 3434 εἰρημένην,

380 3440 821 3511 ὲκλαμϐάνεσθαι
852 3446 982 3513 δεῖν,
1023 3448 1370 3520 ἐπαινέσαιμ’
1402 3450 1468 3505 ἂν
1498 3454 1591 3506 καὶ
1623 3455 1783 3520 αὐτὸς
1819 3456 1952 3526 ἐγὼ,

380 3532 476 3586 καὶ
500 3534 853 3603 ἁπαστισοῦν,
872 3533 1048 3608 οἶμαι,
1079 3539 1186 3593 τῶν
1219 3542 1354 3612 ὀρθὰ
1384 3548 1602 3613 φρονεῖν
1648 3548 1916 3603 εἰωθότων
1937 3566 1952 3580 ·

381 3626 437 3680 αἱ
479 3627 577 3696 μὲν
602 3630 713 3700 γάρ
750 3631 857 3683 είσι
899 3630 1244 3704 θεοπρεπεῖς,
1275 3636 1332 3687 αἱ
1372 3636 1429 3689 δὲ
1477 3640 1543 3707 τῇ
1580 3638 1719 3708 μετὰ
1756 3641 1956 3711 σαρκὸς

380 3721 660 3793 οἰκονομίᾳ
686 3723 885 3793 μᾶλλον
916 3726 1336 3801 ἀρμοδιώτεραι.
1372 3730 1588 3802 Ἐπειδὴ
1617 3732 1674 3785 δέ
1702 3734 1848 3787 ἐστιν
1876 3730 1958 3797 εἷς

381 3814 476 3868 καὶ
504 3818 532 3868 ὁ
562 3816 746 3882 αὐτὸς,
775 3818 907 3883 Θεός
937 3837 997 3873 τε
1024 3821 1161 3891 ὁμοῦ
1198 3823 1291 3877 καὶ
1325 3823 1631 3892 ἄνθρωπος,
1671 3826 1843 3896 ταύτῃ
1876 3845 1958 3881 τοι

382 3906 476 3960 καὶ
494 3907 614 3961 λίαν
632 3908 831 3980 ὀρθῶς,
847 3910 979 3965 ποτὲ
1002 3913 1101 3982 μὲν
1125 3912 1344 3977 θεῖκῶς,
1372 3916 1499 3968 ποτὲ
1521 3916 1578 3968 δὲ
1602 3915 1958 3987 ἀνθρωπίνως

381 4001 614 4053 ποιεῖται
649 4002 777 4065 τοὺς
805 4003 997 4071 λόγους
1021 4021 1034 4035 ’
1066 4005 1205 4076 πλὴν
1229 4006 1322 4060 τοῦ
1349 4006 1463 4071 ἑνὸς
1519 4008 1692 4077 Ἰησοῦ
1714 4011 1954 4081 Χριστοῦ

382 4090 580 4155 ταύτας
628 4109 690 4147 τε
743 4094 1004 4160 κάκείνας
1050 4092 1188 4150 εἶναι
1247 4098 1431 4167 φωνὰς
1480 4098 1956 4173 διισχυριζόμεθα·

382 4180 507 4237 οὔτε
538 4183 823 4253 ψιλοῦντες
851 4186 1106 4258 θεότητος
1142 4189 1235 4242 τὸν
1275 4191 1341 4243 ὲκ
1368 4188 1470 4260 τῆς
1496 4192 1771 4260 παναγίας
1803 4194 1956 4263 Παρ-

385 4273 538 4328 θένου
585 4276 734 4340 ναὸν,
768 4275 893 4331 οὔτε
940 4278 1048 4351 μὴν
1083 4279 1322 4352 ἇσαρκον
1353 4281 1555 4345 εἰδότες
1593 4283 1686 4337 τὸν
1722 4286 1788 4337 ἐκ
1822 4285 1956 4338 Θεοῦ

385 4365 598 4436 Πατρὸς
635 4368 807 4436 Λόγον
849 4368 986 4439 μετὰ
1025 4370 1124 4441 τὴν
1159 4372 1398 4443 ἄρρητον
1436 4373 1646 4429 ἕνωσιν.
1682 4374 1961 4446 Θαυμάζω

386 4456 441 4509 δὲ
481 4459 585 4523 ὅτι,
616 4460 795 4514 καίτοι
819 4462 1406 4534 πολυπραγμονοῦντες
1433 4465 1591 4533 ἄγαν,
1638 4468 1731 4522 καὶ
1775 4468 1850 4532 ὥς
1892 4486 1956 4537 γε

2056 3260 2158 3314 rim
2184 3260 2346 3316 etiam
2381 3274 2500 3330 ego,
2526 3268 2599 3324 et,
2624 3269 2683 3315 ut
2706 3258 3170 3330 opinor,quisque
3202 3268 3347 3316 recte
3371 3260 3648 3317 sentiens-

2056 3349 2191 3407 Nam
2223 3352 2345 3406 alia:
2370 3352 2586 3420 quidem
2616 3350 2871 3407 suntDeo
2899 3352 3096 3421 dignae,
3126 3352 3245 3407 alia
3278 3367 3406 3407 vero
3421 3353 3653 3423 dispen~

2059 3442 2261 3499 sationi
2288 3458 2409 3497 cum
2456 3457 2623 3498 carne
2666 3443 3133 3512 congruentiores.
3159 3443 3422 3512 Quoniam
3452 3457 3647 3501 autem.

2056 3547 2138 3593 est
2156 3551 2292 3591 unus
2308 3544 2364 3591 et
2380 3536 2516 3590 idem
2534 3536 2674 3592 Deus
2688 3535 2912 3591 simulet
2945 3536 3124 3602 homo,
3145 3537 3247 3593 hac
3264 3537 3472 3592 ratione
3488 3546 3651 3594 recte

2058 3629 2346 3699 aliquando
2388 3628 2585 3698 divine,
2616 3629 2904 3698 aliquando
2957 3629 3191 3683 humane
3236 3628 3471 3698 loquitur
3507 3645 3645 3686 :ve—

2060 3733 2365 3778 rumtamen
2387 3722 2545 3776 unius
2570 3719 2695 3776 Jesu
2726 3720 2923 3775 Christi
2942 3727 2995 3774 et
3022 3720 3122 3775 bas
3135 3729 3190 3774 et
3205 3720 3322 3776 illas
3340 3735 3498 3776 voces
3514 3736 3653 3776 esse

2059 3814 2374 3881 asserimus,
2398 3828 2497 3869 nec
2525 3812 2812 3868 divinitate
2846 3812 3148 3881 spoliantes
3176 3812 3459 3882 templum,
3486 3813 3629 3882 quod

2060 3918 2126 3959 ex
2159 3912 2345 3957 sancta
2376 3901 2602 3972 Virgine
2630 3911 2734 3964 est,
2765 3917 2864 3955 nec
2893 3902 3011 3955 sine
3028 3915 3196 3955 carne
3253 3910 3509 3971 putantes
3536 3900 3641 3955 Dei

2062 3992 2239 4048 Patris
2268 3991 2499 4048 Verbum
2542 4003 2663 4061 post
2697 3992 3020 4047 ineliabilem
3074 3993 3396 4047 unitionem.
3444 3992 3631 4046 Admi-

2062 4101 2154 4140 ror
2171 4095 2350 4140 autem
2376 4085 2540 4155 quod,
2575 4084 2820 4154 quamvis
2843 4084 2995 4138 valde
3017 4087 3231 4139 curiose
3266 4084 3639 4153 inquirentes,.

2058 4187 2137 4242 et,
2166 4186 2224 4231 ut
2272 4177 2629 4241 arbitrantur,
2681 4176 2955 4231 subtiliter
3022 4176 3396 4232 examinantes
3477 4192 3630 4230 meas

2060 4268 2339 4340 epistolas,
2374 4284 2715 4339 quaecunque
2735 4268 2787 4322 in
2807 4268 2888 4322 eis
2918 4278 3044 4323 sunt
3064 4268 3213 4323 utilia
3243 4276 3299 4323 et
3325 4268 3638 4323 necessaria

2062 4357 2128 4413 ad
2157 4356 2627 4412 demonstrandam
2658 4357 2967 4424 dogmatum
2992 4356 3365 4411 rectitudinem
3415 4365 3468 4409 et
3514 4355 3644 4411 diu-

2062 4451 2319 4519 gentiam,
2399 4449 2643 4504 volentes
2715 4456 3071 4516 przetereunt;
3144 4448 3389 4502 insiliunt
3448 4456 3627 4502 autem

386 4547 686 4617 νομίζουσι,
722 4550 934 4616 λεπτῶς
985 4551 1362 4621 βασανίζοντες
1377 4556 1475 4618 τὰς
1490 4557 1513 4609 ὲ
1523 4557 1627 4626 μὰς
1648 4536 1954 4623 ἐπιστολὰς,

2062 4540 2481 4611 promptissime,
2512 4539 2686 4607 siqua
2735 4536 2867 4606 ipsis
2896 4537 2978 4591 vel
3018 4537 3300 4591 minimam
3352 4536 3631 4606 conjectu-

387 4637 455 4689 τὰ
490 4638 589 4707 μὲν
622 4640 720 4693 ὅσα
742 4641 890 4694 ἐστὶν
915 4643 972 4695 ἐν
990 4642 1179 4705 αὐταῖς
1201 4645 1447 4716 χρήσιμὰ
1475 4662 1531 4697 τε
1561 4646 1655 4699 καὶ
1682 4646 1955 4714 ἀναγκαῖα

389 4730 526 4801 πρὸς
554 4731 826 4797 ἀπόδειξιν
861 4735 960 4804 τῆς
981 4734 1089 4788 τῶν
1127 4735 1413 4806 δογμάτων
1445 4736 1735 4807 ὀρθότητός
1767 4756 1826 4791 τε
1861 4738 1954 4791 καὶ

388 4820 694 4890 ἀκριϐείας,
733 4822 1007 4888 ἐθέλοντες
1046 4822 1506 4897 παρατρέχουσιν,
1558 4828 1864 4901 ἐπιπηδῶσι
1898 4829 1955 4885 δὲ

389 4913 482 4966 καὶ
501 4913 645 4982 μάλα
660 4914 873 4984 γοργῶς
910 4918 1022 4979 τοῖς
1049 4916 1155 4971 κᾶν
1194 4916 1323 4986 γοῦν
1353 4920 1536 4990 ἰσχνὴν
1590 4920 1802 4991 ἔχουσιν
1849 4922 1955 4974 ὐπ-

388 5004 568 5071 οψίαν,
608 5006 750 5059 κατὰ
784 5023 847 5075 γε
867 5006 928 5061 τὸ
966 5007 1146 5072 αὐτοῖς
1173 5007 1382 5071 δοκοῦν,
1410 5010 1489 5071 εἰς
1518 5011 1579 5063 τὸ
1606 5010 1861 5065 δύνασθαι
1892 5011 1959 5063 δι’

390 5095 569 5147 αὐτῶν
654 5095 752 5158 τὰς
815 5096 936 5150 καθ’
1008 5097 1163 5167 ἡμῶν
1244 5098 1515 5151 ποιεῖσθαι
1574 5099 1956 5167 συκοφαντίας.

390 5186 755 5257 Μεμνήσομαι
779 5186 836 5240 δὲ
861 5188 969 5240 τῶν
989 5188 1225 5259 ἐμαυτοῦ
1266 5190 1444 5259 ῥητῶν
1477 5198 1523 5241 κ.
1571 5190 1826 5261 Γέγραφα
1850 5190 1958 5260 γὰρ

391 5276 564 5341 οὕτως
602 5278 659 5330 ὲν
687 5280 754 5349 τῇ
784 5278 920 5349 πρὸς
940 5279 1231 5349 Νεστόριον
1268 5281 1522 5351 ἐπιστολῇ
1544 5296 1555 5308 ·
1578 5281 1687 5344 Τὰς
1718 5281 1775 5335 δέ
1808 5300 1869 5350 γε
1897 5284 1955 5335 ὲν

390 5372 500 5433 τοῖς
564 5370 911 5441 Εὐαγγελίοις
962 5370 1055 5425 τοῦ
1102 5372 1352 5443 Σωτῆρος
1409 5372 1564 5443 ἡμῶν
1608 5372 1955 5442 φωνὰςλοῦτε

2066 4647 2176 4686 ram
2201 4631 2441 4702 praebere
2473 4631 2782 4695 videantur,
2815 4644 2880 4683 ex
2918 4628 3047 4698 ipsis
3064 4639 3254 4683 contra
3289 4643 3391 4685 nos
3422 4629 3629 4684 calumv

2065 4725 2184 4778 nias
2228 4723 2441 4778 contexi
2473 4736 2650 4793 posse.
2679 4723 3128 4776 Commemorabo
3156 4733 3332 4776 autem
3400 4731 3456 4776 et
3509 4737 3637 4777 mea-

2065 4816 2250 4881 verba,
2279 4831 2397 4885 quae
2419 4816 2498 4870 sic
2527 4816 2579 4870 in
2607 4814 2834 4885 epistola
2890 4815 2957 4869 ad
3014 4814 3324 4868 Nestorium
3380 4814 3568 4883 scripsi
3606 4830 3622 4865 :

2066 4909 2236 4964 Voces
2253 4918 2428 4963 autem
2454 4908 2749 4964 Salvatoris
2778 4910 2946 4964 nostri
2972 4910 3026 4964 in
3079 4908 3402 4977 Evangeliis,
3456 4924 3647 4978 neque

2067 5002 2385 5057 substantiis
2417 5002 2644 5064 duabus,
2679 5017 2853 5070 neque
2916 5014 3065 5055 certe
3117 5003 3323 5056 duabus
3386 4999 3637 5070 personis

2065 5094 2437 5149 distribuimus
2499 5093 2629 5165 (non
2657 5094 2801 5149 enim
2836 5094 3030 5163 duplex
3056 5104 3138 5148 est
3194 5109 3331 5149 unus
3383 5102 3437 5147 ct
3482 5092 3633 5147 solus
3706 5120 3713 5125 -

2062 5186 2334 5252 Christus,
2362 5186 2572 5241 etiamsi
2601 5202 2667 5241 ex
2700 5188 2907 5241 duabus
2932 5197 2985 5241 et
3012 5186 3241 5241 diversis
3279 5187 3434 5240 rebus
3474 5185 3645 5241 inteb-

2062 5278 2256 5345 ligatur
2290 5279 2342 5332 in
2366 5280 2621 5333 unitatem
2642 5279 3019 5334 indivisihilem
3048 5279 3420 5345 coadunatus;
3446 5293 3637 5348 quem-

2059 5373 2344 5425 admodum
2403 5372 2609 5426 scilicet
2656 5382 2710 5428 et
2738 5374 2897 5429 homo
2936 5388 3004 5428 ex
3028 5374 3206 5429 anima
3235 5372 3551 5444 intelligitur
3574 5382 3631 5427 et

1456 5588 1627 5643 Varia:
1652 5587 1910 5644 lectiones
1933 5601 1999 5642 ex
2029 5589 2215 5644 codice
2246 5589 2613 5661 Seguicriano.

491 5791 519 5831 δ
560 5790 863 5861 προσώποις
899 5790 1066 5858 δυσὶν,
1226 5800 1245 5829 ε
1278 5788 1524 5862 Υίδνριαὶ
1560 5786 2014 5857 ἑκλαμὸάνεσθαι.
2077 5784 2102 5825 δ
2138 5787 2210 5849 ὡς
2236 5804 2343 5850 τις.

2414 5799 2435 5825 ε
2470 5789 2530 5840 οὐ
2560 5788 2874 5853 ὃιιστάντες.
2920 5786 2940 5827 ί
2967 5790 3026 5842 οὐ
3066 5788 3174 5842 δύο.
3259 5792 3283 5829 ⁸
3319 5791 3601 5861 ῥημάτων.
