4104 6336
501 359 609 418 3'59

1493 357 1550 412 S.
1595 356 1865 412 CVRILLI
1904 355 2373 412 ALEXANDRINI
2413 354 2734 412 ARCHIEP.

3656 353 3761 406 5m

504 493 752 548 corpore,
785 487 838 534 et
874 493 977 533 non
1003 477 1220 547 duplex,
1253 479 1347 533 sed
1379 479 1552 547 magis
1588 493 1727 532 unus
1779 477 1864 547 (es
1915 478 2078 530 utris-

2186 478 2514 531 ὑποστάσεσι
2552 480 2726 538 δοσιν,
2748 471 2872 528 οὗτε
2898 471 3004 544 μὴν
3033 469 3348 542 προσώποις
3364 468 3486 522 δνσὶ
3515 483 3762 536 καταμευ

503 572 654 640 que),
677 573 769 627 sed
807 573 1073 626 humanas
1104 580 1155 624 et
1183 571 1395 626 divinas
1422 587 1638 640 quoque
1662 572 1730 624 ab
1767 586 1876 626 uno
1905 571 2078 625 dictas

503 674 624 717 esse
648 665 1048 730 cognoscimus,
1069 673 1215 718 recte
1239 663 1534 731 sapientes.
1562 661 1789 729 Quando
1820 663 1992 726 enim,
2016 670 2075 716 ut

505 753 671 806 Deum
705 755 877 819 decet,
910 755 978 809 de
1006 770 1066 810 se
1094 754 1331 824 loquitur
1367 770 1381 806 :
1413 771 1434 807 ι
1470 736 1570 820 Qui
1608 754 1742 807 vidit
1785 769 1892 818 me,
1945 753 2081 807 vidit

504 855 561 900 et
614 845 830 901 Patrem
860 849 941 912 7’;
982 867 1001 899 ι
1059 857 1165 902 et:
1238 865 1259 900 t
1301 847 1412 918 Ego
1469 857 1526 901 et
1583 845 1742 901 Pater
1786 863 1950 899 unum
1982 861 2077 899 su-

508 937 716 1002 mus";
752 954 774 990 ι
816 937 1053 992 divinam
1091 937 1263 1007 ipsius
1287 936 1687 992 etineﬂ'abilem
1724 936 2080 1006 intelligimus

509 1035 778 1096 naturam,
811 1030 1106 1084 secundum
1139 1045 1304 1099 quam
1345 1041 1428 1084 est
1480 1029 1660 1083 Patris
1713 1030 1817 1092 sui,
1857 1039 2081 1098 propter

505 1122 842 1175 identitatem
875 1122 1211 1185 substantia,
1251 1131 1307 1176 et
1365 1122 1540 1191 imago
1586 1132 1640 1176 et
1694 1122 1977 1175 character
2027 1129 2081 1174 et

508 1212 760 1281 splendor
785 1214 968 1284 gloria
998 1215 1164 1285 ipsius
1183 1216 1250 1270 εί.
1273 1215 1431 1285 172
1449 1216 1669 1281 Quando
1691 1223 1868 1268 autem
1887 1215 2080 1268 huma-

508 1305 696 1359 nitatis
719 1321 1027 1360 mensuram
1055 1310 1352 1363 observans
1369 1308 1567 1364 Judais
1595 1309 1863 1379 loquitur:
1888 1328 1906 1360 ι
1932 1308 2082 1363 Nunc

507 1405 687 1450 autem
725 1411 812 1451 me
839 1400 1080 1466 quaritis
1112 1400 1367 1454 occidere
1398 1402 1697 1464 hominem,
1756 1400 1844 1468 qui
1883 1397 2082 1452 verita-

2183 569 2437 642 ρίζομεν·
2473 569 2534 622 ού
2575 568 2684 640 γάρ
2720 568 2838 620 ἐστι
2891 565 3114 628 διπλοῦς
3143 565 3172 616 ὁ
3197 557 3278 627 εἷς
3308 562 3404 616 καὶ
3441 562 3597 632 μόνος
3629 561 3764 630 Χριο

2181 666 2325 727 στος,
2348 662 2451 716 κᾶν
2468 663 2533 717 ἐκ
2563 661 2857 730 δύονοῆται
2883 658 2976 713 καὶ
3010 657 3285 728 διαφόρων
3311 654 3656 726 πραγμάτων
3683 655 3763 715 εἰς

2181 758 2409 827 ἑνότητα
2452 757 2548 828 τὴν
2610 755 2901 825 ἀμέριστον
2963 749 3454 819 συνενηνεγμένος·
3510 745 3764 814 καθάπερ

2178 848 2372 920 ἀμέλει
2400 849 2492 901 καὶ
2515 847 2800 918 ἄνθρωπος
2825 847 2888 898 ὲκ
2912 845 3089 914 ψυχῆς
3107 845 3307 895 νοεῖται
3350 841 3445 920 καὶ
3479 839 3758 910 σώματος·

2180 917 2275 994 καὶ
2299 942 2359 994 ού
2403 917 2627 1003 διπλοῦς
2659 938 2881 1008 μᾶλλον,
2930 936 3048 990 ἀλλ’
3084 930 3208 998 εἷςῑι
3247 934 3306 997 ἐξ
3338 917 3539 1002 ἀμφοῖν
3562 947 3576 961 ·
3629 930 3764 983 ἀλλά

2179 1035 2277 1097 τάς
2309 1051 2367 1086 τε
2401 1033 2768 1102 ἀνθρωπίνας,
2815 1030 2910 1082 καὶ
2947 1028 3087 1099 πρός
3128 1044 3193 1096 γε
3228 1025 3402 1094 τούτῳ
3440 1024 3539 1087 τὰς
3576 1022 3765 1086 θεῖκάς

2181 1126 2310 1196 παρ’
2350 1124 2468 1187 ἐνὸς
2501 1123 2773 1194 εἰρῆσθαι,
2798 1119 3188 1191 διακεισόμεθα
3214 1116 3537 1189 φρονοῦντες
3567 1113 3761 1186 ὀρθῶς.

2183 1219 2352 1271 Ὅταν
2395 1217 2492 1287 μὲν
2531 1216 2638 1286 γὰρ
2676 1214 2996 1286 θεοπρεπῶς
3037 1212 3170 1284 λέγῃ
3219 1210 3348 1281 περὶ
3376 1207 3571 1262 ἑαυτοῦ
3604 1225 3617 1238 ·
3666 1207 3763 1258 (Ὀ

2182 1309 2441 1382 ἑωρακὼς
2489 1309 2612 1378 ἐμὲ,
2659 1306 2873 1378 ἑώρακε
2906 1307 2997 1359 τὸν
3029 1305 3252 1375 Πατέρα
3273 1319 3286 1333 ο
3309 1322 3327 1353 ι
3379 1302 3472 1356 καὶ
3493 1340 3511 1368 ,
3574 1319 3591 1352 ι
3625 1299 3766 1368 Ἐγὼ

2183 1406 2279 1459 καὶ
2301 1405 2332 1456 ὁ
2363 1403 2550 1473 Πατὴρ
2582 1402 2640 1454 ἓν
2679 1403 2848 1470 ἐσμεν
2867 1417 2879 1429 ·
2909 1420 2927 1452 ι
2957 1399 3056 1470 τὴν
3091 1399 3239 1452 θείαν
3272 1395 3438 1450 αὑτοῦ
3466 1395 3560 1449 καὶ
3589 1393 3766 1464 ἀπόρο

510 1499 616 1544 tem
651 1488 803 1544 vobis
831 1491 1041 1546 locutus
1089 1507 1209 1547 sum
1260 1493 1336 1557 ";
1385 1513 1402 1544 ι
1464 1510 1673 1546 rursum
1737 1492 2082 1546 nihilominus

2187 1500 2347 1568 ρητον
2388 1495 2674 1564 ἐννοοῦμεν
2720 1493 2902 1563 φύσιν,
2950 1491 3070 1545 καθ’
3122 1492 3190 1562 ἦν
3247 1493 3367 1543 ἐστι
3408 1491 3424 1530 ί
3481 1489 3619 1559 πρὸς
3675 1487 3767 1540 τὸν

509 1583 683 1650 ipsum
712 1583 763 1637 in
796 1584 1108 1651 aqualitate
1176 1593 1233 1640 et
1279 1587 1632 1640 similitudine
1693 1585 1867 1639 Patris
1917 1583 2082 1638 Deum

2186 1589 2405 1660 Πατέρα
2449 1587 2540 1640 τὸν
2583 1585 2777 1640 ἑαυτοῦ
2825 1584 2911 1638 διὰ
2959 1584 3056 1654 τὴν
3099 1583 3417 1654 ταυτότηταῖ
3437 1582 3536 1651 τῆς
3583 1579 3767 1642 οὐσίας

510 1675 768 1741 Verbum,
808 1688 861 1731 et
886 1692 949 1731 ex
975 1677 1333 1732 humanitatis
1371 1694 1480 1732 sua
1526 1679 1796 1732 mensuris
1831 1676 2082 1742 agnosci-

2186 1681 2350 1735 εἰκών
2391 1696 2450 1732 τε
2481 1679 2575 1732 καὶ
2609 1676 2916 1748 χαρακτὴρ,
2951 1676 3045 1729 καὶ
3093 1673 3439 1744 ἀπαύγασμα
3476 1673 3575 1742 τῆς
3610 1670 3768 1740 δόξης

509 1784 651 1824 mus.
681 1767 816 1822 Nam
851 1770 894 1822 si
925 1770 1298 1824 necessarium
1327 1779 1411 1824 est
1473 1771 1698 1824 credere
1741 1769 1884 1838 quod
1945 1769 2082 1823 Deus

2187 1774 2553 1828 αύτοῦ.”οταν
2599 1771 2658 1826 δὲ
2704 1770 2764 1823 τὸ
2797 1771 2898 1840 τῆς
2944 1769 3366 1840 ἀνθρωπότητος
3422 1765 3622 1837 μέτρον
3670 1765 3769 1817 ούκ

508 1866 777 1920 exsistens
821 1873 1012 1920 natura
1066 1866 1266 1921 factum
1301 1875 1384 1919 est
1427 1881 1593 1929 caro,
1638 1869 1740 1920 hoc
1781 1874 1866 1919 est
1884 1865 2077 1932 {homo.

2186 1867 2487 1940 ἀτιμάζων,
2541 1869 2654 1929 τοῖς
2699 1865 2975 1927 Ἰουδαίοις
3023 1861 3333 1933 προσλαλῇο
3390 1859 3552 1912 (Νῦν
3593 1858 3650 1910 δέ
3702 1873 3767 1927 με

508 1965 672 2006 carne
710 1953 949 2008 animata
982 1955 1161 2009 anima
1194 1954 1448 2009 rationali
1485 1972 1497 2007 :
1537 1955 1784 2024 quanam
1817 1955 1952 2009 ratio
2005 1953 2087 2007 le-

511 2053 614 2108 rat,
639 2053 697 2098 ut
725 2045 848 2114 quis
871 2062 1029 2102 voces
1053 2048 1170 2116 ejus
1223 2047 1534 2108 erubescat,
1575 2047 1620 2101 si
1651 2047 1804 2101 facta
1832 2056 1958 2101 sunt
1993 2047 2084 2100 ho-

511 2135 639 2190 mini
674 2138 1066 2207 congruentes?
1091 2138 1227 2192 Nam
1256 2137 1299 2192 si
1331 2148 1602 2208 respueret
1668 2153 1948 2192 sermones
1991 2138 2082 2206 qui

510 2225 820 2282 hominibus
845 2236 1174 2295 congruunt,
1203 2228 1326 2297 quis
1361 2228 1623 2296 compulit
1653 2239 1710 2280 ut
1740 2230 1899 2283 homo
1928 2227 2086 2282 ﬁeret

508 2316 702 2371 similis
721 2318 914 2373 nobis?
959 2319 1060 2387 Qui
1091 2329 1271 2374 autem
1304 2335 1364 2374 se
1393 2319 1612 2373 demisit
1645 2332 1868 2389 propter
1902 2336 2000 2374 nos
2025 2320 2081 2374 in

509 2411 865 2466 voluntariam
889 2413 1339 2477 exinanitionem,
1370 2423 1588 2483 propter
1633 2429 1794 2484 quam
1858 2428 2080 2468 causam

513 2515 790 2572 respueret
819 2520 1099 2562 sermones
1131 2521 1246 2561 sua
1272 2508 1639 2562 exinanitioni
1668 2507 2085 2561 convenientes?

511 2595 676 2665 Igitur
701 2598 792 2651 uni
826 2613 1071 2667 persona
1090 2613 1280 2655 omnes
1313 2599 1550 2654 vocesin
1593 2598 1920 2669 Evangeliis,
1956 2598 2087 2652 sub-

511 2688 793 2754 sistentia,
832 2691 1076 2760 inquam,
1110 2692 1203 2747 uni
1236 2691 1400 2747 Verbi
1456 2691 1724 2746 incarnati
1783 2691 2085 2746 tribuenda

511 2789 635 2836 sunt
690 2780 971 2852 (Dominus
1005 2784 1149 2839 enim
1209 2800 1348 2840 unus
1384 2783 1544 2840 Jesus
1578 2783 1851 2846 Christus,
1893 2799 2087 2838 secun-

510 2873 632 2925 dum
663 2868 1018 2944 Scripturas).
1060 2873 1248 2945 Igitur,
1276 2885 1538 2945 quantum
1568 2890 1631 2929 ex
1657 2889 1767 2942 1am
1807 2884 1931 2928 ante
1958 2875 2087 2929 scri-

511 2965 638 3032 ptis,
669 2982 772 3020 non
806 2965 1082 3034 ignorasse
1131 2965 1588 3035 deprehendimur
1606 2966 2085 3035 dispensationem,

510 3067 564 3108 et
596 3073 719 3111 suas
754 3059 1037 3127 utriusque
1059 3069 1268 3114 natura
1300 3062 1589 3124 voces,sed
1623 3063 1801 3131 potius
1836 3074 1940 3113 non
1964 3075 2085 3128 per-

2187 1960 2397 2030 ζητεῖτε
2426 1957 2744 2011 ἀποκτεῖναι
2803 1954 3108 2025 ἄνθρωπον,
3145 1952 3203 2015 ὃς
3234 1951 3334 2021 τὴν
3360 1948 3616 2019 ἀλήθειαν
3643 1948 3770 2016 ὑμῖν

2187 2051 2458 2120 λελάληκα
2487 2067 2502 2080 ·
2539 2067 2558 2100 ι
2597 2048 2758 2102 πάλιν
2787 2046 2938 2100 οὐδὲν
2971 2039 3134 2116 ἦττον
3163 2043 3323 2096 αὑτὸν
3355 2041 3446 2094 τὸν
3479 2042 3535 2093 ὲν
3564 2038 3771 2106 ἰσότητί

2185 2161 2245 2196 τε
2276 2143 2367 2196 καὶ
2391 2141 2670 2212 ὁμοιότητι
2697 2138 2791 2193 τοῦ
2820 2136 3030 2208 Πατρὸς
3063 2135 3195 2188 Θεὸν
3225 2134 3416 2202 Λόγον,
3441 2133 3535 2185 καὶ
3565 2134 3628 2183 ἐκ
3661 2130 3768 2182 τῶν

2187 2237 2284 2305 τῆς
2315 2233 2732 2304 ἀνθρωπότητος
2766 2227 2929 2282 αὑτοῦ
2961 2226 3174 2298 μέτρων
3216 2221 3672 2292 ὲπιγινώσκομεν.
3707 2220 3768 2271 ι’ζὶ

2187 2327 2296 2397 γάρ
2327 2326 2476 2377 ἐστιν
2523 2324 2818 2391 ἀναγκαῖον
2865 2319 2926 2373 τὸ
2967 2318 3265 2382 πιστεύειν,
3298 2318 3380 2371 ὅτι
3409 2315 3538 2378 Θεὸς
3565 2313 3640 2367 ὢν
3673 2311 3772 2381 φύ-

2191 2436 2302 2484 σει,
2354 2418 2550 2486 γέγονε
2597 2413 2770 2486 σὰρξ,
2822 2414 2990 2484 ἥγουν
3042 2405 3771 2481 ἀνθρωπος,ὲμψυχωμένης

2187 2513 2331 2582 ψυχῇ
2363 2512 2554 2582 λογικῇ
2590 2509 2690 2579 τῆς
2729 2507 2963 2577 σαρκός·
3002 2502 3189 2557 ποῖονὶ
3251 2503 3316 2556 ἀν
3361 2502 3472 2571 ἔχοι
3519 2501 3674 2568 λόγον
3707 2497 3771 2550 τὸ

2189 2602 2606 2675 ἐπαισχύνεσθαι
2624 2619 2742 2655 τινα
2762 2601 2881 2662 ταῖς
2899 2599 3029 2669 παρ’
3046 2596 3210 2652 αὑτοῦ
3235 2598 3457 2666 φωναῖς,
3480 2595 3528 2646 εί
3543 2592 3770 2662 γεγόναο

2192 2716 2274 2750 σιν
2300 2694 2813 2768 ἁνθρωποπρεπῶς;
2850 2691 2914 2745 Εἰ
2949 2690 3058 2761 γὰρ
3090 2692 3387 2761 παρῃτεῖτο
3410 2690 3533 2750 τοὺς
3561 2684 3770 2755 ἀνθρώ·

2193 2809 2278 2860 πῳ
2307 2790 2612 2860 πρέποντας
2633 2786 2844 2854 λόγους,
2869 2784 2950 2848 τίς
2974 2786 3000 2836 ὁ
3023 2784 3338 2850 ἀναγκάσας
3360 2780 3612 2850 γενέσθαι
3637 2778 3740 2831 καθ
3759 2776 3773 2794 ⁹

2191 2885 2336 2952 ἡμᾶς
2379 2881 2704 2951 ἀνθρωπον;
2750 2879 2805 2931 ’0
2837 2877 2893 2930 δὲ
2929 2877 3116 2939 καθεὶς
3163 2876 3352 2928 ἑαυτὸν
3400 2874 3467 2926 δι’
3500 2874 3645 2942 ἡμᾶς
3692 2873 3772 2934 εἰς

2192 2975 2436 3028 ἑκούσιον
2489 2973 2738 3036 κένωσιν,
2770 2969 2860 3024 διὰ
2906 2971 3067 3022 ποίαν
3124 2969 3306 3022 αἰτίαν
3360 2969 3656 3038 παρῃτεῖτο
3704 2965 3772 3018 ἀν

2190 3073 2317 3133 τοὺς
2361 3071 2425 3138 τῇ
2461 3065 2687 3120 κενώσει
2736 3064 3046 3135 πρέποντας
3075 3061 3307 3130 λόγους;
3350 3061 3462 3112 Ἐνὶ
3484 3057 3772 3129 τοιγαροῦν

513 3151 1128 3217 mittere.animalihus,
1189 3163 1242 3208 et
1288 3154 1536 3221 spiritum
1583 3170 1686 3209 non
1732 3153 2082 3215 habentibus,

2203 3161 2476 3235 προσώπῳ
2509 3159 2607 3222 τὰς
2642 3161 2698 3211 ὲν
2731 3159 2843 3220 τοῖς
2878 3155 3228 3224 Εύαγγελίοις
3269 3153 3447 3217 πάσας
3485 3151 3772 3206 ἀναθετέον

512 3245 649 3299 duos
670 3245 912 3314 cogitare
940 3246 1022 3301 vel
1047 3247 1227 3301 dicere
1256 3247 1441 3311 Filios,
1476 3248 1548 3300 ita
1579 3257 1638 3300 ut
1661 3247 1907 3299 dividant
1936 3247 2080 3300 inter

513 3350 571 3390 se
616 3337 998 3393 subsistentias
1050 3349 1168 3408 post
1209 3339 1529 3393 indivulsam
1591 3339 1910 3392 unitionem.
1967 3337 2075 3391 Sed

511 3428 640 3496 quia
674 3444 862 3497 parum
895 3429 1024 3499 quid
1049 3446 1114 3484 ex
1175 3441 1360 3485 nostra
1421 3429 1648 3500 epistola
1683 3439 1982 3498 posuerunt
2029 3429 2082 3482 in

513 3519 785 3589 principio
844 3535 1065 3576 suorum
1135 3537 1471 3588 sermonum,
1501 3531 1557 3576 et
1611 3521 2079 3584 minanturnobis,

513 3613 656 3678 quod
696 3611 748 3665 in
783 3619 1026 3682 tempore
1052 3613 1551 3684 sintredarguturi,
1610 3615 1760 3684 quasi
1816 3630 1920 3667 non
1973 3628 2086 3668 me-

513 3703 769 3757 diocriter
802 3707 1208 3772 peccaverimus
1231 3706 1283 3761 in
1310 3705 1545 3761 Verbum
1573 3723 1637 3762 ex
1665 3707 1773 3762 Deo
1803 3705 1968 3761 Patre
1990 3748 2004 3771 ,
2031 3718 2085 3762 et

512 3795 906 3850 incrementum
938 3811 1000 3852 ac
1027 3798 1450 3866 profectum,qui
1479 3799 1547 3853 ad
1577 3814 1796 3854 carnem
1827 3799 2082 3870 pertinet,

514 3897 720 3942 natura
749 3889 916 3955 ipsius
944 3889 1391 3959 insipientissime
1437 3891 1796 3946 tribuerimus
1826 3909 1838 3944 :
1884 3907 1984 3962 age
2032 3900 2086 3946 et

513 3983 580 4037 ad
608 3982 710 4037 hoc
725 3983 1105 4037 convenientia
1131 3982 1397 4046 dicamus,
1432 3981 1732 4050 adiiciendo
1763 3992 1930 4038 totam
1958 3984 2077 4053 epi-

513 4073 665 4126 stola
699 4082 927 4141 partem.
981 4071 1086 4140 Ipsi
1145 4073 1289 4126 enim
1339 4081 1637 4128 metuentes
1682 4076 1991 4139 veritatem,
2030 4083 2087 4130 et

514 4164 789 4218 auditores
832 4163 1100 4231 fallentes,
1155 4174 1360 4233 partem
1405 4167 1692 4234 quamdam
1764 4179 2081 4235 posuerunt,

513 4274 631 4312 eam
659 4272 778 4318 qua
809 4258 939 4326 ipsis
975 4257 1264 4311 utilissima
1299 4271 1421 4312 esse
1464 4257 1744 4312 videbatur
1762 4259 1828 4312 ad
1865 4261 1988 4325 hoc,
2027 4270 2087 4316 ut

514 4350 639 4404 inde
697 4357 916 4419 possent
944 4363 1008 4403 ac
1031 4349 1345 4403 viderentur
1368 4349 1514 4418 juste
1538 4351 1834 4404 calumnias
1878 4352 1929 4406 in
1985 4368 2082 4408 nos

513 4454 748 4497 struere.
783 4441 954 4496 Habet
984 4451 1165 4497 autem
1188 4443 1266 4497 sic
1316 4443 1458 4511 quod
1505 4443 1707 4498 dictum
1752 4454 1832 4500 est
1864 4463 1879 4502 :
1916 4446 1982 4500 Et
2037 4446 2082 4501 si

2188 3257 2390 3330 φωνὰς,
2423 3251 2717 3306 ὑποστάσει
2749 3250 2848 3319 μιᾷ
2872 3251 2938 3318 τῇ
2970 3247 3063 3300 τοῦ
3087 3246 3261 3316 Λόγου
3286 3244 3682 3318 σεσαρκωμένῃ
3709 3244 3732 3282 κ
3753 3260 3768 3273 ·

2187 3351 2389 3420 Κύριος
2421 3346 2530 3416 γὰρ
2561 3337 2640 3406 εἷς
2673 3341 2880 3410 Ἰησοῦς
2906 3337 3201 3412 Χριστὸςι,
3226 3339 3365 3394 κατά
3394 3339 3491 3402 τὰς
3527 3338 3768 3409 Γραφάς.

2187 3442 2395 3498 Ούκοῦν
2431 3441 2557 3504 ώςω
2590 3437 2698 3491 ἀπό
2730 3453 2793 3506 γε
2821 3435 2930 3488 τῶν
2961 3434 3062 3505 ἥδη
3091 3433 3634 3505 προγεγραμμένων,
3671 3431 3772 3483 οὐκ

2185 3535 2514 3607 ἠγνοηκότες
2567 3532 2663 3601 μὲν
2703 3527 3022 3599 ἀλωσόμεθα
3051 3529 3150 3599 τὴν
3179 3527 3513 3596 οἰκονομίαν,
3545 3525 3640 3578 καὶ
3671 3524 3770 3594 τὴν

2187 3631 2392 3701 ἑκάστῃ
2447 3625 2604 3696 φύσει
2667 3622 2983 3693 πρέπουσαν
3033 3619 3235 3690 φωνὴν,
3285 3619 3383 3673 ούκ
3429 3616 3668 3686 ἐφιέντες
3715 3615 3771 3667 δὲ

2188 3722 2388 3793 μᾶλλον
2442 3721 2555 3781 τοῖς
2599 3716 2870 3786 ψυχικοῖς.
2899 3714 2993 3766 καὶ
3023 3713 3240 3782 πνεῦμα
3287 3713 3362 3782 μὴ
3397 3710 3599 3780 έχουσι,
3634 3711 3771 3761 νοεῖν

2185 3814 2277 3868 δύο
2305 3813 2474 3875 υἱοὺς,
2573 3810 2774 3876 λέγειν,
2808 3805 3150 3876 διαιροῦντας
3200 3803 3449 3872 ἀλλήλων
3496 3801 3594 3865 τάς
3636 3803 3768 3854 ὐπο-

2187 3906 2407 3968 στάσεις
2457 3900 2592 3973 μετὰ
2631 3900 2728 3971 τὴν
2772 3898 3185 3951 ἀδιάσπαστονη
3216 3896 3430 3948 ἕνωσιν.
3449 3893 3666 3963 Ἐπειδὴ
3711 3891 3769 3944 δὲ

2187 3998 2359 4068 βραχύ
2412 4015 2464 4048 τι
2517 3995 2681 4065 μέρος
2714 3991 2972 4053 λαϐόντες
3022 3989 3082 4054 ἐξ
3133 3989 3409 4061 ἡμετέρας
3456 3985 3766 4053 ἐπιστολῆς,

2183 4089 2492 4141 τεθείκασι-θ
2545 4089 2601 4139 ὲν
2649 4086 2792 4156 ἀρχῇ
2843 4083 2952 4135 τῶν
3007 4081 3150 4134 ἰδίων
3201 4079 3394 4148 λόγων,
3423 4076 3768 4138 ἀπειλοῦντες

2186 4182 2333 4250 ἡμᾶς
2365 4179 2457 4232 ἐπὶ
2486 4176 2678 4246 καιροῦ
2711 4175 3029 4244 διελέγχειν,
3056 4172 3130 4236 ὡς
3158 4173 3219 4225 ού
3257 4169 3491 4241 μετρίως
3520 4170 3768 4238 ἡμαρτη-

2185 4273 2348 4336 κότας
2377 4272 2455 4333 είς
2487 4270 2578 4322 τὸν
2624 4271 2688 4320 ὲκ
2725 4267 2861 4320 Θεοῦ
2900 4265 3110 4336 Πατρὸς
3143 4264 3332 4330 Λόγον,
3366 4261 3459 4314 καὶ
3491 4263 3556 4331 τῇ
3605 4258 3766 4312 αὐτοῦ

2185 4360 2342 4429 φύσει
2369 4360 2465 4429 τὴν
2491 4361 2556 4429 τῇ
2589 4358 2752 4427 σαρκὶ
2784 4356 3103 4424 πρέπουσαν
3140 4352 3367 4421 αύξησίν
3407 4368 3466 4404 τε
3500 4351 3594 4404 καὶ
3634 4367 3768 4421 προ·-

2185 4445 2359 4516 κοπὴν
2388 4445 2724 4499 ἀϐουλότατα
2751 4443 3294 4515 προσνενεμηκότας·
3341 4440 3474 4512 φέρε
3504 4439 3598 4493 καὶ
3634 4439 3769 4509 πρός

513 4536 750 4589 audieris
792 4535 933 4604 quod
971 4533 1442 4602 profeceritJesus
1476 4546 1636 4590 atate
1658 4546 1712 4591 et
1734 4538 1998 4607 sapientia
2024 4550 2079 4594 et

2186 4555 2242 4606 γε
2275 4539 2446 4591 ταῦτα
2484 4538 2551 4591 τὰ
2597 4537 2785 4590 εἰκότα
2825 4536 3093 4604 λέγωμεν,
3129 4535 3247 4586 ὅλον
3285 4531 3620 4602 παραθέντες
3669 4529 3768 4600 τῆς

513 4627 684 4696 gratia
717 4625 783 4688 ⁸³,
821 4640 888 4679 ne
913 4635 1067 4692 putes
1119 4624 1355 4680 Verbum
1421 4624 1514 4681 Dei
1580 4629 1794 4695 sapiens
1839 4628 2082 4698 profectu

513 4719 761 4772 ell'ectum
777 4733 917 4771 esse.
955 4716 1400 4772 Commemorabo
1421 4726 1597 4773 autem
1631 4721 1819 4789 magis,
1847 4721 1987 4790 quod
2007 4721 2088 4776 sic

515 4809 729 4863 divinus
779 4807 978 4864 Paulus
1025 4809 1358 4879 scripserit:
1398 4827 1418 4860 ι
1452 4809 1700 4866 Christus
1750 4812 1844 4866 Dei
1890 4812 2083 4876 virtus,

513 4913 569 4958 et
603 4902 694 4957 Dei
722 4901 983 4970 sapientia
1013 4901 1080 4955 “.
1125 4920 1144 4954 ι
1187 4901 1370 4971 Neque
1401 4918 1589 4956 rursus
1617 4903 1743 4958 illud
1806 4908 2086 4975 nugaciter

514 4993 662 5047 ansis
691 4992 894 5056 dicere,
919 4991 1058 5061 quod
1084 4992 1348 5060 prolicere
1383 4993 1434 5048 in
1452 5004 1609 5048 atate
1639 4996 1997 5064 etsapientia,
2029 5006 2084 5052 et

516 5085 712 5154 gratia,
743 5083 943 5137 homini
973 5083 1332 5139 attribuamus
1367 5104 1379 5139 :
1411 5085 1511 5140 hoc
1548 5085 1702 5156 173
1719 5086 1949 5151 enim,ut
1978 5089 2087 5156 opi-

517 5191 638 5238 nor,
672 5174 805 5228 nihil
829 5174 972 5228 aliud
1004 5183 1108 5236 est,
1140 5189 1301 5243 quam
1355 5175 1594 5230 dividere
1647 5178 1699 5231 in
1742 5177 1877 5232 duos
1921 5195 2083 5232 unum

514 5264 788 5320 Christum
819 5283 834 5320 :
864 5269 984 5331 sed,
1002 5265 1142 5320 sicut
1167 5266 1325 5335 paulo
1351 5276 1476 5322 ante
1511 5268 1647 5335 dixi,
1669 5266 1859 5336 Filius,
1883 5270 1972 5339 qui
2003 5279 2087 5324 est

584 5424 628 5453 "
651 5422 809 5477 Joan.
844 5439 954 5488 xlv,
982 5424 1035 5478 9.
1113 5424 1158 5454 ⁸⁰
1188 5423 1340 5478 Joau.
1372 5439 1402 5478 ι
1459 5425 1538 5479 30.
1611 5423 1654 5456 "
1685 5425 1845 5480 Hebr.
1878 5442 1914 5490 I,
1947 5427 2003 5479 5.

2187 4630 2477 4698 ἐπιστολῆς
2501 4630 2560 4682 τὸ
2593 4631 2775 4700 μέρος.
2812 4628 3116 4688 Δεδοικότες
3137 4636 3162 4662 ⁸
3190 4627 3297 4696 γὰρ
3331 4627 3486 4678 αὐτοὶ
3510 4625 3610 4695 τὴν
3638 4623 3768 4694 ἀλή-

2187 4719 2358 4784 θειαν,
2388 4721 2483 4774 καὶ
2514 4719 2952 4790 συναρπάζοντες
2998 4718 3124 4780 τοὺς
3172 4717 3574 4786 ἀκροωμένους,
3606 4713 3769 4784 μέρος

2183 4828 2237 4864 τι
2267 4811 2600 4874 τεθείκασιν,
2631 4812 2768 4882 ὅπερ
2801 4810 2982 4872 αὐτοῖς
3025 4808 3197 4860 ἐδόκει
3231 4807 3656 4878 χρειωδέστατον
3691 4801 3768 4858 εί-

2194 4921 2274 4955 δαι
2308 4904 2443 4974 πρὸς
2464 4904 2526 4956 τὸ
2553 4902 2812 4956 δύνασθαί
2847 4919 2908 4955 τε
2952 4903 3091 4954 καὶι)
3126 4900 3230 4971 μὴν
3262 4901 3356 4953 καὶ
3393 4900 3570 4952 δοκεῖν
3611 4898 3762 4951 εύλόο

2189 5004 2360 5060 γουςοι
2390 4993 2487 5057 τὰς
2516 4991 2638 5045 καθ’
2665 4991 2822 5063 ἡμῶν
2848 4991 3116 5044 ποιεῖσθαι
3147 4989 3507 5057 συκοφαντίας
3526 5005 3540 5018 ο
3575 4987 3685 5058 ἔχει
3707 4987 3765 5040 δὲ

2190 5085 2362 5147 οὕτως
2398 5085 2459 5137 τὸ
2497 5083 2785 5155 εἰρημένον
2811 5099 2823 5113 ·
2861 5083 2980 5137 Κᾶν
3014 5083 3272 5154 ἀκούσῃς,
3302 5083 3383 5135 ὅτι
3429 5081 3764 5151 προέκοπτεν

2190 5180 2218 5230 ό
2255 5177 2458 5247 Ἰησοῦς
2504 5177 2705 5248 ἡλικίᾳ,
2741 5178 2834 5231 καὶ
2885 5178 3064 5245 σοφίᾳ,
3099 5177 3192 5229 καὶ
3235 5175 3436 5245 χάριτι,
3480 5176 3554 5244 μὴ
3601 5174 3764 5242 σοφὸν

2191 5270 2250 5335 ἐξ
2284 5269 2572 5332 ἐπιδόσεως
2600 5269 2825 5340 νομίσῃς
2859 5268 3107 5336 γενέσθαι
3142 5268 3232 5320 τὸν
3259 5266 3350 5319 τοῦ
3385 5267 3520 5319 Θεοῦ
3553 5267 3723 5334 Λόγον
3744 5282 3761 5298 ·

2081 5427 2124 5459 ⁸²
2159 5425 2314 5482 Joau.
2355 5444 2467 5490 vm,
2499 5427 2587 5482 40.
2665 5426 2710 5460 ⁸³
2741 5426 2867 5482 Luc.
2902 5443 2960 5494 ll,
2986 5425 3072 5482 52.
3147 5425 3194 5456 ⁸⁸
3225 5425 3387 5482 ICor.
3427 5445 3460 5488 ι,
3495 5425 3583 5480 24.

1580 5580 1748 5634 Varia
1775 5582 2033 5638 lectiones
2064 5599 2128 5638 ex
2162 5584 2345 5639 codice
2377 5584 2746 5655 Seguieriano.

600 5731 628 5775 δ
651 5734 888 5808 διπλοῦς,
932 5736 1129 5808 μᾶλλον
1159 5737 1273 5790 ἀλλ’
1295 5732 1394 5801 εἷς.

533 5804 554 5850 ³
582 5809 610 5864 ό
643 5807 896 5880 Χριστός.
934 5804 942 5808 ’
973 5816 1008 5840 ⁵
1035 5809 1126 5864 καὶ
1159 5809 1252 5872 ὡς.

1482 5740 1502 5812 ί.
1539 5739 1659 5792 καθ’
1687 5742 1753 5812 ἢν
1783 5742 1876 5795 καὶ
1903 5741 1962 5793 ἓν
1991 5742 2126 5795 ἐστι.

1331 5819 1356 5847 ³³
1386 5809 1736 5866 ἀδιάστατον.
1821 5820 1844 5846 ο
1869 5813 2117 5877 δεδιότες.

2214 5753 2227 5790 l
2263 5743 2854 5819 §p¢uxtupévo;__¢uxﬁ
2890 5743 3102 5819 λογικῇ.
3181 5741 3205 5782 λ
3242 5744 3684 5819 σεσαρκωμένου.

2201 5825 2228 5866 Ρ
2261 5813 2346 5871 ῖσ.
2388 5816 2499 5870 ναί.
2579 5825 2606 5866 ει
2632 5815 2890 5885 εύδοκείν,
2923 5815 3178 5884 εὐλόγως.
