4104 6336
381 363 484 421 διε

985 371 1519 435 APOLOGETICUS
1552 378 1690 436 PRO
1727 379 1822 437 XII
1862 381 2236 441 CAPITIBUS
2277 385 2558 445 CONTRA
2598 388 3061 449 ORIENTALES.

3518 392 3626 449 διίὲ

380 483 825 556 διαμεμνήσομαι
845 486 902 541 δὲ
925 477 1126 559 μᾶλλον
1154 494 1491 581 γεγραφότος
1518 496 1616 552 ὡδὶ
1642 500 1737 553 τοῦ
1761 499 1952 554 θεσπε-

2061 513 2188 559 ante
2208 506 2427 573 saecula,
2462 508 2515 561 in
2550 509 2864 565 novissimis
2929 508 3112 565 saeculi
3167 509 3500 581 temporibus
3573 514 3623 565 in

383 572 496 628 σίου
526 574 773 630 Παύλου·
815 597 834 631 ι
864 579 1101 651 Χριστὸς
1125 566 1549 658 Θεοῦ’δύναμις,
1582 590 1674 644 καὶ
1702 590 1838 646 Θεοῦ
1866 610 1956 647 σο-

378 663 498 734 φία.
528 685 549 719 ι
583 668 740 739 Μηδὲ
776 664 844 724 αὖ
877 671 1054 727 έκεῖνο
1085 674 1380 747 φληνάφως
1431 679 1712 753 τολμήσῃς
1738 685 1912 738 εἰπεῖν
1934 726 1951 753 ,

375 754 458 809 ὅτι
491 756 552 810 τὸ
576 759 907 848 προκόπτειν
934 763 993 816 ὲν
1016 764 1202 839 ἡλικίᾳ
1228 784 1287 821 τε
1307 770 1400 823 καὶ
1422 771 1603 843 σοφίᾳ,
1635 774 1727 827 καὶ
1750 775 1952 848 χάριτι,

374 844 454 917 τῷ
499 847 1180 927 ἀνθρώταρπροσάψομεν·
1204 860 1363 914 τοῦτο
1409 865 1520 935 γάρ
1569 866 1741 934 ἐστιν,
1774 844 1945 937 οἶμαι,

374 937 605 1010 ἕτερον’
637 941 811 1008 οὐδὲν,
842 944 875 1014 ἢ
921 945 1117 1001 διελεῖν
1158 949 1237 1014 είς
1284 950 1378 1004 δύο
1424 952 1515 1007 τὸν
1546 953 1641 1007 ἕνα
1675 956 1910 1026 Χριστόν
1935 973 1949 987 ·

374 1028 493 1084 ἀλλ’
521 1028 710 1105 ὥσπερ
745 1034 880 1107 ἔφην
909 1038 1131 1106 ἀρτίως,
1166 1043 1489 1113 προαιώνιος
1536 1045 1613 1099 ὢν
1657 1049 1685 1101 6
1719 1048 1864 1112 Υἱὸς,
1894 1050 1954 1103 ὲν

374 1120 628 1192 ἐσχάτοις
649 1124 745 1179 τοῦ
784 1127 975 1193 αίῶνος
999 1136 1208 1203 καιροῖς
1237 1137 1316 1199 είς
1354 1137 1482 1190 Υἱὸν
1524 1138 1757 1209 ὡρίσθαι
1799 1140 1951 1209 λέγει

373 1227 464 1263 ται
495 1210 655 1300 Θεοῦ,
688 1214 789 1285 τῆς
818 1217 953 1283 ίδίας
997 1222 1199 1292 σαρκὸς
1240 1224 1339 1296 τὴν
1366 1226 1621 1297 γέννησιν
1650 1230 1952 1300 οἰκειούμε-

374 1313 465 1360 νος
491 1299 851 1372 οἰκονομικῶς
876 1320 891 1336 ·
916 1306 1058 1360 οὑτω
1105 1310 1203 1362 καὶ
1249 1312 1509 1385 ὑπάρχων
1538 1316 1699 1385 σοφία
1727 1317 1822 1371 τοῦ
1858 1299 1954 1388 γε·

373 1392 727 1463 γεννηκότος,
772 1397 1103 1469 προκόπτειν
1158 1406 1218 1457 ὲν
1270 1406 1433 1477 σοφίᾳ
1482 1407 1721 1476 λέγεται,
1773 1414 1951 1466 καίτοι

373 1483 687 1574 παντέλειος
719 1486 796 1541 ὢν
843 1490 919 1555 ὡς
953 1492 1105 1562 Θεὸς,
1134 1495 1203 1549 τά
1250 1500 1350 1570 τῆς
1395 1499 1814 1574 ἀνθρωπότητος
1844 1506 1954 1559 ἴδια

2056 596 2251 651 Filium
2283 596 2377 651 Dei
2406 601 2819 668 praedestinatus
2850 616 2971 658 esse
3010 602 3209 657 dicitur
3232 601 3302 670 “,
3346 617 3457 656 suae
3505 616 3626 658 car-

2054 687 2141 744 nis
2163 691 2498 745 nativitatem
2532 693 2636 747 sibi
2697 694 3057 763 approprians
3094 694 3478 764 dispensative.
3536 694 3629 746 Sic

2053 788 2108 835 et
2136 781 2402 838 exsistens
2436 784 2701 852 sapientia
2743 785 2882 853 ejus,
2916 788 3006 855 qui
3044 787 3250 856 genuit,
3286 786 3551 856 proﬁcere
3574 784 3624 836 in

2054 871 2318 943 sapientia
2356 874 2577 940 dicitur,
2616 880 2865 945 quamvis
2908 879 3337 947 perfectissimus
3395 880 3486 943 sit,
3536 888 3621 929 ut-

2054 974 2180 1034 pote
2215 965 2376 1032 Deus,
2401 967 2530 1022 dum
2562 969 2917 1027 humanitatis
2942 973 3301 1042 proprietates
3353 984 3452 1039 per
3476 984 3625 1023 sum-

2052 1072 2196 1112 mam
2226 1058 2524 1115 unitionem
2554 1060 2609 1116 in
2639 1075 2703 1117 se
2759 1064 3150 1118 convenienter
3211 1061 3473 1132 suscepit.
3517 1059 3629 1115 Cur

2052 1161 2183 1218 ergo
2209 1163 2332 1205 cum
2386 1149 2529 1207 Deus
2584 1150 2733 1207 dicat
2768 1168 2784 1207 :
2821 1171 2840 1204 ε
2872 1151 3141 1208 Iudicium
3167 1151 3371 1221 justum
3426 1150 3632 1220 judica-

2054 1249 2110 1294 te
2144 1240 2224 1294 3‘:
2267 1259 2286 1294 ι
2313 1242 2602 1297 veritatem
2630 1242 2783 1300 falsis
2812 1244 3118 1300 rationibus
3138 1244 3495 1300 adumbrant?
3518 1241 3628 1297 Ne-

2054 1345 2159 1399 que
2182 1333 2326 1386 enim
2361 1335 2712 1401 partitionem
2747 1335 3223 1390 subsistentiarum
3273 1341 3395 1404 post
3432 1332 3630 1388 unitio—

2056 1436 2179 1477 nem
2209 1423 2656 1493 dogmatizamus,
2704 1440 2882 1496 neque
2931 1424 3157 1481 Deitatis
3214 1433 3466 1480 naturam
3526 1439 3629 1478 au-

2057 1523 2281 1582 gmento
2298 1522 2351 1569 et
2379 1517 2623 1584 profectu
2645 1532 2783 1586 opus
2808 1517 3064 1572 habuisse
3093 1515 3357 1581 dicimus;
3377 1514 3468 1571 sed
3497 1514 3628 1569 illud

370 1573 461 1629 διά
488 1577 587 1649 τὴν
629 1582 709 1645 είς
753 1580 922 1657 ἄκρον
958 1585 1151 1642 ἕνωσιν
1178 1591 1256 1653 είς
1282 1592 1474 1646 ἑαυτὸν
1500 1573 1724 1658 είκότως
1750 1597 1952 1652 ἀναλαι

2052 1573 2254 1673 potius,
2287 1573 2431 1675 quod
2458 1573 2757 1663 secundum
2783 1608 3208 1678 dispensativam
3237 1573 3630 1677 appropriatio-

372 1664 663 1725 6ὡν.Ἀνθ’
695 1674 816 1729 ὅτου
849 1676 913 1747 δὴ
958 1673 1049 1732 οὖν
1093 1680 1227 1735 Θεοῦ
1272 1682 1553 1753 λέγοντος,
1590 1705 1609 1739 ι
1645 1689 1835 1761 Κρίμα
1871 1692 1952 1744 δί-

2055 1712 2178 1751 nem
2239 1713 2366 1753 suas
2403 1699 2601 1755 fecerit
2659 1699 2843 1755 carnis
2896 1699 3285 1770 proprietates,
3354 1712 3421 1752 eo
3460 1699 3644 1767 quod,.

372 1775 529 1814 καιον
559 1763 802 1834 κρίνατε,
842 1787 863 1821 ι
890 1772 1347 1841 παραλογίξονται
1369 1776 1469 1849 τὴν
1492 1777 1786 1849 ἀλήθειαν;
1815 1782 1952 1836 Οὑτε

2061 1806 2079 1839 ι
2109 1788 2342 1845 Verbum
2366 1806 2494 1848 caro
2513 1790 2714 1846 factum
2748 1800 2886 1857 est,»
2913 1793 3209 1847 secundum
3236 1789 3627 1859 Scripturas".

369 1851 479 1922 γάρ
506 1857 773 1928 μερισμὸν
813 1860 923 1914 τῶν
950 1862 1301 1921 ὑποστάσεων
1340 1871 1477 1939 μετά
1508 1870 1606 1944 τὴν
1635 1871 1829 1926 ἕνωσιν
1855 1875 1944 1927 δο-

2055 1880 2206 1946 Quod
2236 1892 2415 1938 autem
2448 1883 2541 1938 tali
2568 1883 2691 1939 ﬁdei
2750 1893 2805 1939 et
2834 1883 3078 1953 opinioni
3113 1882 3279 1937 etiam
3314 1888 3626 1937 sanctorum

371 1946 732 2019 γματίζομεν,
767 1951 891 2007 οὔτε
935 1955 1033 2028 τὴν
1061 1958 1157 2028 τῆς
1184 1958 1450 2031 Θεότητος
1466 1962 1626 2031 φύσιν
1667 1963 1948 2036 αὑξήσεὼς

2058 1973 2282 2029 Patrum
2315 1976 2569 2033 concinat
2594 1976 2819 2042 chorus,
2857 1976 3151 2032 ostendere
3178 1973 3458 2030 attentabo
3496 1969 3630 2038 adji-

371 2053 430 2090 τε
459 2039 553 2092 καὶ
571 2046 852 2117 προκοπῆς
883 2047 1164 2118 δεδεῆσθαι
1189 2070 1368 2124 φαμεν
1393 2068 1407 2083 ·
1437 2055 1614 2108 έκεῖνο
1632 2055 1687 2108 δὲ
1714 2057 1913 2126 μᾶλλον
1932 2098 1946 2120 ,

2052 2065 2200 2119 ciens
2231 2070 2297 2121 ad
2329 2068 2589 2141 majorem
2627 2069 3035 2133 certitudinem,
3069 2077 3277 2137 partem
3335 2064 3630 2120 enarratio-

370 2134 452 2180 ὃτι
495 2134 616 2185 κατ’
647 2136 920 2191 οίκείωσιν
950 2142 1299 2215 οἰκονομικὴν
1330 2145 1522 2199 ἑαυτοῦ
1555 2147 1850 2218 πεποίηται
1880 2150 1947 2202 τὰ

2054 2157 2137 2210 nis
2165 2157 2301 2212 olim
2324 2161 2392 2213 ab
2418 2134 2599 2217 Attico
2625 2162 2799 2216 beatae
2827 2161 3105 2217 memoriae
3155 2160 3417 2231 episcopo
3448 2155 3628 2211 factze.

370 2219 478 2275 ῐδια
501 2222 604 2293 τῆς
635 2228 856 2298 σαρκὸς,
888 2231 993 2295 ὡς(
1024 2233 1157 2305 σὰρξ
1185 2236 1446 2305 γεγονὼς,
1474 2256 1492 2290 ι
1522 2237 1660 2291 κατά
1682 2240 1781 2302 τὰς
1804 2239 1949 2310 Γρα-

2055 2246 2127 2301 Ea
2166 2249 2247 2303 sic
2279 2251 2441 2306 habet
2485 2272 2499 2307 :

369 2315 623 2386 φάς.”οτι
645 2320 703 2375 δὲ
738 2326 804 2395 τῇ
834 2326 1010 2397 τοιᾷδε
1052 2329 1232 2383 πίστει
1254 2347 1315 2383 τε
1346 2333 1440 2386 καὶ
1466 2332 1593 2405 δόξῃ
1643 2333 1735 2387 καὶ
1799 2335 1827 2386 6
1869 2337 1975 2390 τῶν
2012 2343 2189 2410 ἁγίων
2220 2346 2480 2419 Πατέρων
2538 2349 2751 2419 συνᾴδει
2776 2346 2957 2419 χορὸς,
2985 2346 3248 2410 ἐπιδεῖξαι
3273 2343 3641 2414 πειράσομαιν

370 2410 641 2482 παραθεὶς
682 2415 763 2480 είς
832 2419 1300 2495 πληροφόρησινε,
1340 2425 1652 2497 ἐξηγήσεως
1717 2425 1902 2497 μέρος.
1939 2436 2248 2508 γενομένης
2269 2410 2413 2494 κατά
2476 2410 2704 2513 καιροὺς
2921 2410 3024 2495 τοῦ
3054 2442 3156 2511 τῆς
3184 2410 3463 2510 μακαρίας
3491 2410 3641 2505 μνῆ*

372 2523 481 2579 μης
514 2510 791 2568 Ἀττικοῦ·
826 2514 941 2586 ἔχει
967 2517 1027 2572 δὲ
1054 2518 1225 2586 οὕτως
1257 2538 1275 2556 ο

487 2629 744 2687 Ἀττικοῦ
769 2634 1106 2693 ἐπισκόπου
1125 2642 1839 2715 Κωνσταντινουπόλεως.

445 2738 695 2813 Σήμερον
721 2745 958 2817 Χριστὸς
988 2749 1016 2801 6
1044 2751 1321 2825 Δεσπότης
1352 2756 1451 2827 τὴν
1495 2759 1596 2829 τῆς
1648 2762 1951 2834 φιλανθρω-

374 2832 504 2898 πίας
535 2835 788 2906 γέννησιν
824 2840 1134 2908 ἀνεδέξατο·
1163 2843 1262 2916 τὴν
1291 2846 1401 2920 γὰρ
1430 2849 1529 2920 τῆς
1563 2851 1752 2924 θεῖκῆς
1793 2832 1952 2920 ἀξίας

2052 2848 2306 2919 suscepit.
2339 2848 2472 2903 Nam
2522 2849 2818 2905 secundum
2888 2848 3034 2905 illam
3096 2848 3291 2903 divinas
3320 2848 3628 2918 (dignitatis

372 2926 753 2998 προϋπῆρχεν.
793 2927 925 2985 Εἶτα
951 2933 1163 3001 τούτοις
1213 2938 1467 3010 ἐπιφέρει
1518 2942 1701 2996 πάλιν·
1738 2946 1794 2999 Ὁ
1848 2947 1951 3017 τῆς

2052 2943 2353 3009 priuserat.
2389 2944 2591 2999 Deinde
2618 2943 2723 2999 illis
2754 2944 2949 2999 iterum
2973 2944 3217 2998 annectit
3251 2962 3264 2997 :
3309 2942 3630 2996 Humanita-

372 3015 785 3089 φιλανθρωπίας
833 3023 1007 3092 Λόγος
1034 3027 1308 3095 κενοῦται,
1341 3031 1611 3097 ἀκένωτος
1647 3037 1746 3108 τὴν
1788 3015 1950 3106 φύσιν

2052 3036 2118 3088 tis
2167 3036 2398 3089 Verbum
2455 3036 2789 3100 exinanitur,
2834 3045 3027 3091 natura
3103 3049 3211 3089 non
3291 3031 3621 3087 exinanibile

2342 2645 2501 2699 Attici
2527 2646 2752 2715 episcopi
2770 2639 3367 2711 ConstantinOpolitani.

2123 2757 2293 2813 Hodie
2311 2757 2572 2813 Dominus
2601 2758 2852 2814 Christus
2872 2754 3227 2825 benignitatis
3284 2755 3643 2810 nativitatem

372 3106 666 3198 ὑπάρχων·
713 3112 975 3169 «Ἑαυτὸν
1018 3118 1128 3189 γὰρ
1184 3120 1444 3187 ἐκένωσε,
1500 3106 1715 3198 μορφὴν
1760 3129 1946 3184 δούλου

2052 3127 2340 3181 assistens.
2378 3145 2403 3178 ιη
2434 3127 2684 3196 Seipsum
2713 3128 2856 3182 enim
2886 3126 3206 3193 exinanivit,
3230 3123 3460 3181 formam
3480 3124 3647 3177 servi:

370 3197 572 3257 λαϐὧν.
612 3222 630 3253 ι
661 3203 719 3257 Ὅ
753 3205 997 3279 ἄσαρκος
1024 3209 1111 3264 διά
1146 3212 1205 3265 σὲ
1244 3214 1559 3285 σαρκοῦται·
1587 3238 1604 3269 ι
1629 3197 1686 3272 Ὀ
1714 3221 1821 3291 γάρ
1853 3224 1956 3276 Λό-

372 3308 471 3384 γος
501 3293 639 3365 σὰρξ
664 3296 912 3365 ἐγένετο·
947 3319 966 3351 ι
999 3300 1056 3353 '0
1075 3303 1184 3376 ἀφῇ
1207 3304 1283 3376 μὴ
1314 3307 1633 3363 ὑποπίπτων
1656 3309 1744 3373 διὰ
1772 3314 1833 3368 τὸ
1851 3314 1953 3384 τῆς

373 3383 587 3451 φύσεως
616 3387 922 3459 ἀσώματον,
943 3392 1281 3465 ψηλαφᾶται.
1304 3398 1360 3452 '0
1383 3399 1637 3472 ἄναρχος,
1653 3404 1756 3457 ὑπὸ
1780 3383 1953 3478 ἀρχήν

372 3476 581 3543 γίνεται
638 3486 985 3554 σωματικήν·
1042 3489 1070 3540 6
1116 3487 1316 3553 τέλειος
1362 3490 1553 3558 αὔξει·
1611 3497 1639 3548 6
1685 3476 1953 3567 ἄτρεπτος

374 3570 675 3637 προκόπτει
740 3575 769 3626 6
788 3573 1136 3643 πλούσιος,ὲν
1162 3581 1506 3654 καταλύματι
1534 3585 1770 3654 γίνεται·
1794 3591 1822 3642 6
1857 3607 1954 3643 πε-

376 3662 641 3731 ριδάλλων
675 3666 766 3719 τὸν
796 3669 1025 3739 οὐρανὸν
1044 3671 1101 3724 ὲν
1141 3672 1411 3742 νεφέλαις,
1446 3678 1853 3749 σωργανοῦται
1875 3699 1889 3714 ο
1922 3681 1953 3733 6

377 3753 647 3825 βασιλεὺς,
688 3758 746 3811 ἐν
774 3760 949 3833 φάτνῃ
981 3762 1212 3820 τίθεται.

449 3934 569 3987 Ὅτι
613 3934 668 3988 δὲ
711 3936 939 4008 διαιρεῖν
966 3938 1065 4002 τὰς
1098 3941 1427 4007 ὑποστάσεις
1457 3945 1594 4015 μετά
1625 3946 1726 4019 τὴν
1758 3948 1954 4004 ἕνωσιν

375 4025 477 4079 οὑκ
528 4027 905 4099 ἀπλημμελὲς,
943 4032 1143 4102 μᾶλλον
1182 4034 1239 4088 δὲ
1282 4035 1699 4109 ἀνατρεπόντων
1743 4043 1858 4095 ἐστὶ
1891 4045 1953 4098 τὸ

379 4120 579 4174 σεπτὸν
615 4123 713 4194 τῆς
756 4124 1219 4198 ὲνανθρωπήσεως
1254 4131 1573 4203 μυστήριον,
1605 4134 1757 4189 οὐδὲν
1786 4131 1953 4207 ἦττον

378 4211 657 4283 εἰσόμεθα,
690 4217 803 4278 τοῖς
849 4215 1267 4286 ἐντεταγμένοις
1296 4220 1715 4292 ἐντυγχάνοντες
1767 4228 1953 4296 ρητοῖς

391 4302 608 4358 Ἰουλίου
660 4322 719 4358 τε
769 4307 865 4359 καὶ
912 4306 1163 4377 Φήλικος,
1196 4309 1303 4362 τῶν
1335 4312 1953 4385 ἀφηγησαμένων-κατά

379 4396 605 4469 καιροὺς
633 4396 734 4467 τῆς
766 4397 1054 4468 Ῥωμαίων
1088 4400 1433 4471 Ἐκκλησίας.

706 4513 965 4567 Ἰουλίου
1003 4514 1340 4571 ἐπισκόπου
1380 4516 1629 4588 Ῥώμης.

451 4626 800 4699 Κηρὺσσεται
836 4627 892 4681 δὲ
932 4629 1011 4691 εἰς
1041 4627 1433 4701 συμπλήρωσιν
1460 4632 1560 4702 τῆς
1591 4634 1829 4700 πίστεως
1858 4638 1955 4692 καὶ

381 4717 687 4789 σαρκωθεὶς
704 4720 767 4769 εκ
798 4718 1076 4789 Παρθένου
1100 4720 1317 4790 Μαρίας
1343 4722 1371 4773 6
1397 4721 1489 4775 τοῦ
1520 4723 1655 4776 Θεοῦ
1684 4724 1831 4791 Υἱὸς,
1857 4730 1954 4781 καὶ

380 4810 666 4882 σκηνώσας
713 4812 769 4864 ἐν
816 4811 1144 4882 ἀνθρώποις,
1177 4815 1283 4868 οὐκ
1322 4816 1380 4868 ὲν
1426 4816 1699 4889 ἀνθρώπῳ
1730 4823 1955 4893 ἐνεργή-

382 4924 479 4971 σας
497 4923 510 4936 ·
538 4904 697 4959 τοῦτο
733 4905 841 4977 γὰρ
870 4906 964 4959 ἐπὶ
997 4908 1291 4979 προφητῶν
1319 4910 1436 4963 ἐστι
1482 4912 1577 4965 καὶ
1600 4913 1913 4969 ἀποστόλων
1934 4932 1947 4947 ·

377 5000 580 5063 τέλειος
602 4999 733 5063 Θεὸς
753 5001 810 5051 ὲν
838 5001 1019 5071 σαρκὶ,
1048 5003 1144 5054 καὶ
1172 5001 1457 5074 ἄνθρωπος
1487 5005 1690 5071 τέλειος
1710 5010 1766 5062 ἐν
1790 5008 1953 5062 πνεύ-

383 5111 546 5166 ματι·
594 5094 653 5147 οὑ
703 5092 797 5146 δύο
850 5093 977 5157 υἱοὶ,
1009 5089 1089 5157 εἷς
1132 5096 1231 5165 μὲν
1266 5098 1484 5165 γνήσιος
1514 5099 1640 5163 Υἱὸς
1667 5100 1955 5155 ἀναλαϐὼν

379 5185 685 5256 ἄνθρωπον,
717 5185 902 5255 ἕτερος
951 5184 1007 5237 δὲ
1050 5185 1241 5257 θνητὸς
1293 5187 1579 5259 ἄνθρωπος
1625 5191 1954 5262 ἀναληφθεὶς

382 5277 489 5330 ὑπὸ
515 5274 674 5340 Θεοῦ,
703 5274 817 5328 ἀλλ’
852 5271 932 5337 εἷς
970 5277 999 5329 6
1034 5276 1329 5349 μονογενὴς
1368 5279 1427 5330 ὲν
1456 5278 1693 5352 οὐρανῷ,
1726 5284 1819 5336 καὶ
1853 5300 1953 5354 μο-

381 5368 607 5437 νογενὴς
641 5368 736 5421 ἐπὶ
761 5369 862 5438 τῆς
890 5372 992 5440 γῆς
1014 5369 1164 5432 Θεός.

452 5528 499 5561 ⁸³
531 5529 688 5585 Βοειι.
723 5545 758 5596 1,
792 5530 842 5583 4.
920 5531 965 5561 ⁸⁸
994 5530 1145 5584 Deut.
1183 5546 1236 5590 ι,
1275 5529 1360 5585 16.
1438 5531 1486 5561 ⁸⁷
1514 5529 1672 5584 Juan.
1714 5547 1754 5595 I,
1790 5532 1870 5585 Li.

1977 4474 2034 4535 D

2058 3216 2330 3285 accipiens
2358 3216 2425 3272 ⁸⁸.
2468 3237 2484 3268 ι
2521 3218 2620 3285 Qui
2649 3218 2832 3273 carnis
2853 3232 3047 3285 expers
3079 3226 3184 3281 est,
3217 3224 3436 3285 propter
3468 3222 3519 3267 te
3548 3214 3633 3266 in-

2056 3318 2313 3362 carnatur
2340 3327 2352 3363 :
2383 3326 2401 3359 ι
2441 3308 2675 3364 Verbum
2702 3309 2846 3363 enim
2878 3322 3008 3362 caro
3035 3306 3237 3361 factum
3262 3316 3345 3361 est
3374 3304 3442 3372 3’,
3489 3324 3508 3355 ι
3536 3305 3627 3372 qui

2058 3400 2220 3453 tactui
2248 3415 2352 3453 non
2381 3400 2692 3466 Suhjacebat
2720 3401 3324 3470 propterincorpoream
3351 3405 3649 3457 naturam,

2055 3488 2327 3559 palpatur.
2358 3489 2459 3556 Qui
2492 3491 2609 3545 sine
2642 3490 2910 3560 principio
2936 3497 3041 3555 est,
3082 3488 3182 3544 sub
3210 3485 3480 3557 principio
3508 3500 3629 3539 cor-

2054 3595 2218 3650 porco
2242 3581 2374 3648 fuit;
2408 3583 2497 3651 qui
2524 3582 2796 3652 perfectus
2812 3591 2916 3646 est,
2936 3582 3171 3645 crescit;
3198 3578 3287 3649 qui
3321 3587 3413 3633 est.
3434 3577 3631 3631 immu-

2053 3671 2522 3742 tabilis.proticit;
2544 3675 2634 3744 qui
2656 3674 2807 3729 dives
2831 3682 2934 3738 est,
2962 3673 3015 3727 in
3039 3670 3339 3727 diversorio
3364 3668 3639 3733 nascitur;

2053 3761 2146 3831 qui
2181 3764 2358 3832 operit
2387 3764 2585 3819 coelum
2617 3764 2669 3818 in
2703 3764 2936 3819 nubibus
2966 3762 3039 3831 ’°,
3066 3760 3262 3831 pannis
3283 3756 3577 3814 involvitur
3607 3774 3651 3820 ;.

2053 3854 2149 3923 qui
2183 3869 2275 3910 rex
2301 3864 2406 3920 est,
2439 3856 2659 3924 ponitur
2683 3855 2735 3909 in
2767 3852 3059 3924 praesepio.

2126 3945 2195 4001 At
2218 3948 2361 4015 quod
2384 3954 2513 4016 post.
2545 3946 2849 4002 unitionem
2906 3944 3309 4001 subsistentias
3353 3942 3637 4007 dividere,

2055 4039 2254 4095 delicto
2284 4053 2392 4093 non
2416 4047 2618 4104 careat,
2647 4048 2703 4093 et
2725 4038 2798 4093 sit
2818 4038 2998 4107 potius
3024 4039 3344 4094 subvertere
3363 4048 3647 4094 veneran-

2054 4130 2590 4187 dumincarnationis
2637 4140 3067 4197 sacramentum,
3127 4129 3478 4187 nihilominus
3532 4144 3650 4184 (ιο--

2056 4237 2403 4292 gnoscemus,
2443 4222 2691 4292 legentes
2715 4222 3013 4277 sententias
3040 4220 3165 4279 Julii
3191 4233 3246 4281 et
3289 4222 3507 4291 Felicis,
3537 4220 3652 4292 qui.

2054 4316 2181 4373 olim
2204 4315 2459 4371 Romana:
2486 4315 2742 4372 Ecclesia:
2776 4316 3129 4387 praefuerunt.

2506 4532 2641 4587 Julii
2680 4534 2909 4603 episwpi
2930 4533 3185 4588 Romani-

2128 4647 2210 4702 Ad
2242 4645 2366 4701 ﬁdei
2383 4645 2768 4717 plenitudinem
2783 4644 2874 4699 Dei
2904 4644 3070 4699 Filius
3096 4659 3161 4698 ex
3204 4642 3372 4698 Maria
3402 4644 3649 4715 Virgine-

2060 4738 2375 4794 incarnutus
2423 4738 2782 4807 prazdicatur;
2846 4734 3025 4807 174.
3053 4736 3144 4805 (ιυί
3202 4736 3346 4790 inter
3378 4734 3647 4791 homines.

2060 4834 2321 4892 moratus,
2358 4842 2479 4882 non.
2500 4825 2729 4897 (potenti
2759 4826 2990 4894 quadam
3028 4826 3101 4894 vi)
3148 4825 3198 4878 in
3252 4824 3471 4880 homine
3502 4839 3630 4894 ope-

2060 4927 2209 4972 ratus
2231 4924 2314 4971 est
2349 4932 2363 4969 :
2393 4917 2495 4971 hoc
2520 4915 2663 4970 enim
2687 4917 2740 4969 in
2770 4914 3045 4983 prophetis
3064 4922 3121 4968 et
3151 4914 3410 4983 apostolis
3451 4914 3626 4969 locum

2061 5009 2240 5063 habet.
2265 5007 2358 5063 Est
2379 5015 2559 5061 autem
2592 5004 2863 5076 perfectus
2886 5006 3029 5061 Deus
3069 5005 3123 5059 in
3161 5019 3351 5073 carne,
3385 5013 3441 5061 et
3468 5007 3643 5061 homo-

2060 5098 2326 5169 perfectus
2361 5100 2414 5154 in
2458 5100 2689 5168 spiritu:
2727 5114 2835 5155 non
2879 5098 2985 5153 duo
3036 5097 3154 5162 ﬁlii,
3218 5112 3362 5152 unus
3407 5098 3627 5169 quidem

2060 5206 2349 5262 germanus
2376 5190 2561 5256 Filius,
2595 5191 2685 5259 qui
2725 5192 2964 5261 suscepit
2988 5188 3285 5254 hominem,
3309 5189 3451 5243 alter
3502 5202 3633 5244 vero

2062 5285 2220 5338 homo
2246 5284 2490 5338 mortalis
2524 5298 2552 5335 a
2588 5282 2696 5338 Deo
2728 5294 3079 5353 assumptus:
3106 5284 3201 5337 sed
3266 5298 3406 5338 unus
3444 5283 3632 5352 unige-

2063 5376 2206 5430 nitus
2230 5376 2280 5430 iu
2310 5373 2473 5442 coelo,
2501 5384 2555 5429 et
2593 5374 2895 5445 unigenitus
2926 5375 2977 5429 in
3008 5385 3149 5429 terra
3182 5374 3341 5428 Deus.

1948 5532 1994 5564 ⁸⁸
2024 5532 2257 5603 Philipp.
2291 5550 2352 5599 ιι,
2381 5532 2436 5589 6.
2520 5534 2563 5567 ⁸³
2592 5532 2747 5591 Joan.
2785 5550 2818 5600 I,
2850 5536 2936 5590 14.
3011 5535 3055 5568 ⁹⁰
3080 5534 3223 5591 Psal.
3260 5550 3439 5601 CXLVI,
3470 5534 3523 5589 8.

1444 5668 1621 5723 Varia:
1652 5669 1910 5727 lectiones
1934 5689 1999 5727 ex
2026 5674 2211 5731 codice
2236 5672 2612 5744 Seguieriauo.

456 5816 480 5848 ι’
510 5799 687 5879 οἶμαι,
727 5805 818 5865 καὶ
843 5809 1047 5881 ἕτερον.
1128 5815 1147 5844 ³
1188 5810 1279 5865 καὶ
1316 5809 1701 5879 πληωιρορίαν.
