4104 6336
490 354 600 416 513

561 471 610 527 F
611 472 761 529 elicis
791 467 1113 524 semianimi
1136 467 1366 535 episcopi
1411 465 1610 530 Rarum,
1634 477 1681 522 et
1713 468 1986 537 ntartyris.

560 645 635 701 De
656 642 818 700 Verbi
845 650 1024 698 autem
1055 640 1432 696 incarnatione
1461 651 1515 695 et
1549 638 1676 705 ﬁde,
1707 640 1982 697 credimus
2010 641 2063 698 in

488 737 775 794 Dominum
800 744 1046 790 nostrum
1074 733 1258 789 Jesum
1287 732 1565 788 Christum
1602 748 1665 788 ex
1705 730 1927 802 Virgine
1951 733 2066 788 Ma-

490 830 571 882 ria
605 838 811 893 uatum,
836 828 979 895 quod
1008 826 1125 895 ipse
1154 833 1238 879 est
1266 825 1636 893 sempiternus
1659 823 1754 878 Dei
1807 824 1978 879 Filius
2010 833 2067 879 et

486 921 767 988 Verbum,
823 935 931 975 non
982 929 1163 973 autem
1214 919 1374 972 homo
1414 932 1445 971 a
1488 915 1599 972 Deo
1659 926 1987 984 assumptus,
2009 924 2067 971 ut

484 1012 627 1069 alius
658 1013 732 1069 sit
766 1011 976 1067 abillo.
1010 1010 1197 1079 Neque
1255 1011 1398 1065 enim
1460 1010 1733 1065 hominem
1770 1008 2068 1077 assumpsit

488 1107 582 1163 Dei
606 1106 864 1178 Filius,ut
887 1107 1026 1161 alius
1056 1108 1123 1160 ah
1152 1105 1269 1175 ipso
1295 1104 1528 1157 exsistat
1561 1118 1575 1156 :
1605 1103 1700 1157 sed
1741 1118 1862 1156 cum
1890 1101 2068 1170 perfe-

482 1210 607 1255 ctus
629 1200 769 1257 Deus
785 1209 950 1265 esset,
982 1198 1155 1253 factus
1184 1206 1271 1252 est
1292 1196 1453 1250 simul
1497 1205 1553 1250 et
1580 1196 1740 1251 homo
1766 1194 2066 1265 perfectus,

484 1310 553 1349 ex
580 1292 795 1367 Virgine
826 1295 1162 1349 incarnatus.

884 1490 1533 1547 ANATHEMATISMUS
1555 1488 1666 1543 VII.

568 1605 626 1662 Si
663 1606 785 1677 quis
822 1603 1008 1659 Jesum
1046 1613 1303 1672 tanquam
1337 1602 1615 1655 hominem
1664 1615 1692 1654 a
1752 1599 1846 1654 Dei
1889 1599 2069 1655 Verbo

489 1698 733 1767 agitante
765 1705 973 1750 motum
1006 1694 1282 1757 habuisse,
1310 1691 1698 1761 Unigenitiqne
1730 1691 1956 1761 gloriam
1992 1691 2069 1746 illi

484 1799 745 1857 tanquam
792 1786 944 1841 alteri
975 1784 1208 1855 cuipiam
1266 1785 1335 1839 ab
1388 1784 1505 1855 ipso
1560 1784 1759 1851 Verbo,
1784 1785 2070 1840 advenisse

490 1880 693 1936 dixerit
725 1895 738 1930 :
777 1880 1063 1933 anathema
1088 1878 1179 1933 sit.

945 1992 1300 2048 Orientalium
1319 1992 1567 2062 objectio.

560 2106 884 2165 Possessum
917 2106 1084 2164 [uisse
1106 2108 1393 2164 Dominum
1421 2116 1669 2162 nostrum
1691 2105 1876 2163 Jesum
1910 2106 2071 2164 Chri-

492 2213 690 2256 stuma
728 2199 931 2272 Spiritu
968 2200 1211 2270 agitante
1232 2210 1292 2255 ut
1314 2199 1592 2255 hominem
1624 2200 1970 2271 simpliciter,
1985 2201 2069 2258 vel

495 2305 552 2347 ut
583 2294 924 2366 prophetam,
955 2293 1040 2349 vel
1079 2303 1138 2348 ut
1167 2292 1497 2362 apostolum,
1546 2293 1726 2349 nullus
1782 2294 2072 2349 conﬁtebi-

494 2397 583 2441 tur
620 2389 756 2441 :sed
785 2394 967 2440 tamen
995 2383 1330 2455 apostolicas
1383 2399 1547 2441 voces
1597 2384 1665 2439 de
1696 2384 1789 2440 illo
1847 2396 2072 2455 propter

491 2475 720 2531 visibilis
742 2475 926 2531 carnis
961 2486 1214 2530 naturam
1236 2477 1431 2537 dictas,
1502 2490 1677 2545 neque
1729 2478 2067 2546 negabimus,

496 2580 670 2636 neque
697 2580 1109 2636 expungemus,
1155 2566 1399 2620 dicentes
1452 2566 1671 2636 quidem
1726 2566 2067 2635 aliquando:

499 2676 517 2709 ι
556 2656 863 2712 Secundum
899 2657 1271 2726 operationem
1301 2655 1512 2712 roboris
1527 2656 1744 2713 virtutis
1763 2658 2068 2727 ejus,quam

492 2759 752 2817 operatus
779 2759 863 2803 est
901 2749 955 2802 in
981 2749 1223 2811 Christo,
1270 2749 1541 2805 suscitans
1588 2750 1762 2819 ipsum
1803 2766 1871 2805 ex
1915 2767 2067 2806 mor—

494 2843 618 2906 tuis,
647 2840 864 2896 solvens
891 2840 1107 2896 dolores
1129 2842 1322 2897 mortis
1347 2842 1473 2882 ⁹¹-⁸¹
1502 2853 1615 2910 pet
1639 2843 1833 2897 iterum
1863 2862 1877 2898 :
1908 2842 2068 2898 «Vir-

495 2942 608 2988 tute
626 2932 718 2987 Dei
745 2932 1015 2988 exaltatus
1046 2932 1132 3000 ⁸¹;
1170 2952 1188 2984 ι
1210 2942 1265 2988 et
1291 2948 1629 3003 quaecunque
1660 2934 1810 2989 talia.
1868 2934 2067 2990 Verum

492 3023 742 3093 quamvis
764 3024 885 3079 haec
917 3025 1092 3095 posita
1152 3026 1261 3079 sint
1291 3035 1516 3094 propter
1548 3027 1621 3088 id,
1658 3027 1802 3095 quod
1839 3036 1959 3081 erat
1988 3027 2069 3082 vi-

493 3116 670 3180 sibile,
699 3130 858 3171 nemo
884 3125 1066 3170 tamen
1095 3116 1169 3170 ita
1194 3117 1446 3186 accipiet,
1487 3132 1550 3172 ac
1575 3118 1619 3173 si
1658 3118 1737 3171 vel
1792 3127 1851 3171 ut
1907 3118 2070 3173 homo

494 3211 813 3281 simpliciter
836 3220 981 3267 esset
1024 3210 1217 3268 alienae
1247 3212 1580 3283 operationis
1636 3212 1687 3265 vi
1750 3221 1956 3276 motus,
1988 3211 2070 3265 vel
2099 3196 2141 3253 (ἶ

497 3312 552 3356 ιιι
572 3303 772 3373 justus,
797 3302 881 3358 vel
916 3313 973 3358 ut
1003 3308 1290 3374 propheta,
1317 3303 1400 3359 vel
1429 3314 1486 3357 ut
1535 3304 1846 3373 apostolus:
1900 3317 2073 3372 neque

495 3409 684 3450 rursus
712 3394 927 3451 divinas
956 3411 1119 3451 voces
1148 3406 1242 3449 aut
1283 3395 1526 3451 delemus
1568 3405 1661 3449 aut
1725 3395 2071 3457 iniiciamur;

496 3499 671 3554 neque
704 3485 955 3554 imperite
979 3486 1141 3542 simul
1175 3496 1229 3541 et
1260 3487 1582 3557 blaspheme
1635 3487 2074 3541 anathematiza-

497 3595 615 3633 mus
648 3578 822 3633 dictas
861 3589 915 3633 et
940 3578 1101 3650 175
1130 3580 1338 3650 positas
1361 3587 1583 3650 propter
1612 3577 1844 3633 visibilis
1893 3579 2073 3633 carnis

498 3684 780 3738 naturam;
808 3687 986 3742 neque
1010 3680 1068 3728 ut
1100 3675 1373 3729 hominem
1399 3672 1740 3743 simpliciter,
1772 3672 1854 3727 vel
1890 3682 1948 3727 ut
1977 3672 2072 3743 ju-

494 3773 662 3830 stum,
691 3760 775 3818 vel
800 3762 1144 3833 prophetam,
1193 3765 1273 3818 vel
1340 3764 1667 3833 apostolum.
1723 3763 2075 3833 Operatioues

494 3855 671 3909 aliena
703 3856 901 3913 virtute
927 3859 1237 3912 exercuisse
1259 3857 1524 3912 dicemus.
1587 3855 1701 3910 Non
1754 3855 1899 3910 enim
1927 3856 2074 3911 dice-

495 3946 623 4000 bat:
665 3946 790 4003 Haec
826 3948 956 4003 dicit
980 3947 1238 4003 Dominus
1263 3966 1277 4011 ;
1302 3948 1396 4003 sed
1442 3958 1498 4003 ut
1535 3945 1703 4002 Filius
1744 3944 2021 4015 legislator
2055 3963 2070 4001 :

503 4056 523 4091 ι
556 4037 669 4109 Ego
699 4050 878 4095 autem
910 4040 1029 4096 dico
1048 4041 1201 4095 vobis
1234 4039 1302 4094 ⁸³.
1332 4059 1351 4093 ι

1011 4150 1200 4223 Cyrillt'
1239 4152 1495 4222 defensio.

567 4270 635 4326 Et
663 4284 807 4325 nunc
833 4283 1049 4339 quoque
1097 4268 1289 4322 iisdem
1338 4268 1683 4324 sermonibus
1739 4269 2073 4325 defensionis

500 4364 692 4417 modus
723 4362 953 4417 incedet.
992 4360 1125 4415 Nam
1165 4375 1303 4414 unus
1325 4360 1541 4429 quidem
1585 4362 1891 4431 estahsque
1917 4362 2073 4416 dubi-

1486 345 1543 400 S.
1586 343 1861 401 CYRILLI
1900 338 2373 399 ALEXANDRINI
2409 337 2730 397 ARCHIEP.

2088 467 2137 525 Δ
2204 463 2469 530 Φήλικος
2497 460 2607 516 τοῦ
2637 453 2968 530 ἀτιωτάἐσυ
2993 453 3333 510 ἐπισκόπου
3357 451 3597 521 Ῥώμης,
3618 455 3717 507 καὶ

3650 334 3756 390 ειι

2800 529 3119 597 μάρτυρος-

2241 648 2379 720 Περὶ
2428 645 2488 700 δὲ
2527 644 2626 715 τῆς
2675 640 3006 714 σαρκώσεως
3037 636 3131 692 τοῦ
3160 636 3358 705 Λόγου,
3396 633 3492 689 καὶ
3529 632 3632 704 τῆς
3661 634 3754 687 πί-

2175 759 2388 805 στεως,
2433 737 2764 808 πιστεύομεν
2815 736 2897 797 εἰς
2943 732 3035 785 τὸν
3086 728 3296 801 Κύριον
3344 727 3505 799 ἡμῶν
3549 725 3755 798 Ἰησοῦν

2173 834 2432 903 Χριστὸν,
2465 833 2555 887 τὸν
2588 833 2654 885 ὲκ
2687 829 2785 899 τῆς
2820 823 3101 896 Παρθένου
3139 820 3359 893 Μαρίας
3402 816 3752 890 γεννηθέντα,

2172 927 2256 979 ὅτι
2297 924 2461 988 αύτός
2503 924 2652 976 ἐστιν
2693 923 2721 975 ὁ
2754 916 2847 974 τοῦ
2883 914 3020 969 Θεοῦ
3055 912 3226 977 ἀΐδιος
3253 911 3381 975 Υἱὸς
3413 909 3509 963 καὶ
3559 909 3751 977 Λόγος,

2173 1022 2269 1075 καὶ
2292 1020 2391 1074 οὐκ
2416 1018 2701 1089 ἄνθρωπος
2729 1012 2833 1067 ὑπὸ
2864 1009 3001 1065 Θεοῦ
3020 1005 3383 1077 ἀναληφθεὶς,
3410 1004 3477 1057 ἶν’
3503 1002 3694 1074 ἕτερος

2175 1115 2302 1185 παρ’
2328 1114 2554 1166 ἐκεῖνον.
2574 1108 2709 1163 Οὐδὲ
2735 1106 2844 1175 γὰρ
2869 1103 3155 1173 ἄνθρωπον
3174 1097 3435 1153 ἀνέλαϐεν
3455 1098 3484 1150 ὁ
3504 1095 3598 1150 τοῦ
3619 1094 3754 1150 Θεοῦ

2174 1207 2322 1269 Υἱὸς,
2346 1206 2437 1259 ἵνα
2526 1202 2712 1272 ἕτερος
2735 1196 2865 1267 παρ’
2897 1194 3058 1249 αὐτόν
3078 1210 3091 1224 ·
3121 1190 3258 1246 ἀλλά
3279 1188 3414 1252 Θεὸς
3437 1187 3512 1241 ὢν
3528 1186 3754 1252 τέλειος,

2174 1299 2397 1368 γέγονεν
2436 1295 2552 1366 ἅμα
2602 1296 2696 1346 καὶ
2746 1289 2949 1351 τέλειος
2998 1284 3306 1357 ἄνθρωπος,
3337 1280 3645 1352 σαρκωθεὶς
3695 1281 3757 1333 ἐκ

2174 1390 2475 1463 Παρθένου.

2617 1489 3211 1552 ΑΝΑΘΕΜΑΤῙΣΜΟΣ
3248 1489 3324 1541 Z'.

2246 1620 2315 1673 Εἴ
2352 1616 2436 1680 τίς
2476 1629 2662 1685 φησιν,
2697 1609 2773 1672 ὡς
2808 1604 3094 1675 ἄνθρωπον
3128 1597 3464 1672 ὲνηργῆσθαι
3510 1594 3614 1650 ὑπὸ
3661 1589 3754 1645 τοῦ

2176 1712 2312 1769 Θεοῦ
2343 1684 2516 1778 Λόγου
2542 1704 2635 1758 τὸν
2672 1697 2901 1771 Ἰησοῦν,
2931 1695 3027 1748 καὶ
3056 1694 3156 1764 τὴν
3188 1689 3282 1744 τοῦ
3309 1685 3649 1758 Μονογενοῦς
3669 1684 3758 1737 εύ-

2176 1805 2356 1868 δοξίαν
2386 1795 2689 1871 περιῆφθαι
2735 1793 2811 1856 ὡς
2853 1788 3024 1860 ἑτέρῳ
3050 1785 3180 1856 παρ’
3216 1782 3380 1837 αὑτὸν
3418 1779 3716 1851 ὑπάρχοντι
3738 1790 3753 1806 ⁸

2177 1894 2429 1964 ἀνάθεμα
2460 1890 2623 1942 ἔστω.

2480 2002 2852 2070 Ἀντίρῤησις
2892 1994 3012 2050 τῶν
3062 1984 3474 2048 Ἀνατολικῶν.

2260 2117 2630 2192 Ἐνηργῆσθαι
2673 2114 2765 2169 τὸν
2816 2110 3022 2183 Κύριον
3070 2105 3228 2179 ήμῶν
3270 2099 3479 2173 Ἰησοῦν
3522 2096 3760 2169 Χριστὸν

2177 2219 2284 2274 ὑπὸ
2316 2216 2413 2271 τοῦ
2453 2212 2772 2281 Πνεύματος
2800 2207 2877 2271 ὡς
2910 2205 3195 2275 ἄνθρωπον
3227 2196 3434 2261 ἁπλῶς,
3464 2194 3498 2260 ἢ
3528 2194 3605 2255 ὡς
3624 2207 3761 2261 προ-

2176 2314 2376 2383 φήτην,
2405 2308 2441 2380 ἢ
2471 2307 2547 2370 ὡς
2583 2300 2903 2362 ἀπόστολον,
2937 2296 3115 2359 οὐδεὶς
3143 2289 3590 2383 ἂννόμολογήσειε
3610 2300 3623 2312 ·
3660 2282 3760 2383 sit;

2180 2373 2371 2475 μέντοι
2408 2373 2772 2457 ἀποπολικάς
2805 2388 2989 2462 φωνὰς
3020 2386 3148 2459 περὶ
3174 2381 3338 2437 αὐτοῦ
3382 2377 3612 2475 διάτὴν
3659 2373 3761 2475 της

2177 2467 2510 2566 φαινομένης
2559 2487 2761 2560 σαρκδς
2807 2483 2968 2554 φύσιν
3021 2477 3341 2551 εἰρημένας,
3387 2471 3499 2566 οὔτ’
3523 2467 3758 2566 ἀρνησό-

2180 2561 2354 2660 μεθα,⁷
2389 2561 2500 2640 οὔτ’
2537 2583 2603 2638 ἂν
2640 2579 3025 2649 ὲξαλείψαιμεν
3050 2575 3096 2639 ι,
3127 2570 3257 2625 ποτὲ
3301 2566 3402 2660 μὲν
3448 2561 3756 2660 λεγούσαςὶ

2182 2651 2201 2730 ἓ
2232 2651 2388 2731 Κατὰ
2417 2675 2516 2747 τὴν
2551 2673 2835 2744 ἐνέργειαν
2868 2666 2963 2722 τοῦ
2992 2663 3229 2737 κράτους
3258 2660 3358 2730 τῆς
3394 2655 3574 2727 ἰσχύος
3594 2651 3759 2708 αὐτοῦ

2176 2771 2241 2841 ῆν
2265 2769 2573 2839 ἐνήργησεν
2620 2765 2679 2818 ἐν
2708 2763 2787 2833 τῷ
2818 2757 3063 2832 Χριστῷ,
3097 2754 3319 2824 ἐγείρας
3360 2749 3521 2841 αύτον
3566 2749 3759 2841 estse-

2176 2837 2358 2929 πειρῶν,
2373 2837 2549 2921 λύσας
2582 2856 2681 2920 τὰς
2706 2854 2899 2916 ὀδύνας
2926 2849 3019 2904 τοῦ
3053 2848 3314 2903 θανάτου’
3354 2862 3372 2894 ι
3429 2839 3524 2895 καὶ
3564 2837 3756 2902 πάλιν,

2182 2972 2200 3003 ι
2234 2953 2312 3022 Τῇ
2342 2950 2570 3019 δυνάμει
2601 2940 2867 3000 τοῦᾝεοῦ
2895 2940 3162 3012 ύψωθείς·
3197 2959 3215 2992 ι
3252 2937 3345 2990 καὶ
3377 2935 3477 2988 ὅσα
3511 2929 3760 2984 τοιαῦτα.

2188 3044 2326 3095 Ἀλλ’
2359 3046 2407 3096 εἰ
2454 3042 2550 3096 καὶ
2597 3038 2774 3093 ταῦτα
2820 3037 3143 3110 πρόσκειται
3191 3030 3281 3083 διὰ
3320 3027 3380 3080 τὸ
3415 3022 3757 3093 φαινόμενον,

2175 3134 2351 3197 οὐδεὶς
2393 3133 2460 3187 ἂν
2510 3130 2732 3184 ὲκλάὄοι
2780 3129 2814 3201 ἢ
2873 3128 2947 3190 ὡς
2994 3124 3281 3196 ἄνθρωπον
3315 3118 3499 3180 ἁπλῶς
3531 3114 3759 3169 ἑαυτὸν1³

2175 3222 2588 3293 ἐνεργούμενον,
2620 3221 2653 3293 ἢ
2694 3221 2771 3284 ὼς
2813 3219 3047 3281 δίκαιον,
3079 3216 3113 3287 ἢ
3150 3214 3225 3277 ὡς
3268 3212 3578 3285 προφήτην,
3619 3208 3653 3279 ἢ
3684 3206 3761 3269 ὡς

2176 3316 2501 3370 ἀπόστολον·
2555 3313 2668 3368 οὔτ’
2696 3308 2763 3367 αὖ
2799 3311 2938 3376 τὰς*
2971 3310 3121 3372 θείας
3163 3306 3348 3376 φωνὰς
3380 3302 3760 3371 ἐξαλείφομεν,

2174 3406 2207 3477 ἢ
2252 3404 2585 3477 ἀρνούμεθα,
2630 3403 2928 3476 ῆάμαθῶς
2979 3419 3037 3455 τε
3080 3397 3220 3471 ὁμοῦ
3274 3396 3367 3451 καὶ⁸
3424 3393 3762 3464 βλασφήμως

2174 3497 2669 3569 ἀναθεματίζομεν,
2730 3494 3031 3567 εἰρημένας
3073 3492 3169 3546 καὶ
3225 3488 3482 3561 κειμένας
3528 3484 3617 3539 διά
3664 3483 3761 3554 τὴν

2173 3592 2270 3661 τῆς
2319 3590 2657 3659 φαινομένης
2703 3588 2908 3659 σαρκὸς
2958 3586 3142 3656 φύσιν,
3178 3582 3303 3638 οὔτε
3350 3582 3425 3646 ὼς
3478 3579 3760 3650 ἄνθρωπον

2173 3683 2381 3747 ἁπλῶς,
2410 3682 2443 3753 ἢ
2473 3682 2549 3745 ὡς
2578 3682 2810 3745 δίκαιον,
2845 3681 2877 3751 ἢ
2911 3681 2988 3743 ὡς
3018 3679 3328 3749 προφήτην,
3364 3676 3397 3745 ἦ
3424 3675 3500 3737 ὠς
3532 3672 3762 3743 ἀπόστο-

2173 3774 2262 3827 λον
2301 3773 2637 3844 ὲνηργῆσθαι
2684 3772 2959 3842 φήσομεψ
2990 3770 3052 3822 οὐ
3082 3770 3191 3839 γὰρ
3221 3768 3398 3835 ἔλεγε·
3440 3763 3581 3818 Τάδε
3612 3761 3759 3828 λέγει

2175 3867 2411 3939 Κύριος·
2446 3865 2562 3920 ἀλλ’
2592 3864 2667 3930 ὡς
2715 3864 2844 3928 Υἱὸς
2891 3861 3231 3934 νομοθετῶν·
3281 3856 3465 3927 (Ἐγὼ
3510 3856 3569 3910 δὲ
3617 3853 3760 3924 λέγω

2175 3960 2324 4031 ύμῖν.
2359 3979 2377 4011 ι

2631 4154 2959 4222 Ἀπολογία
2986 4150 3315 4221 Κυρίλλου.

2243 4271 2356 4325 Καὶ
2388 4269 2483 4323 νῦν
2528 4269 2660 4341 ἡμῖν
2709 4267 2863 4323 οὐδὲν
2891 4262 3053 4339 ἦττον
3090 4264 3182 4317 διὰ
3229 4262 3339 4316 τῶν
3378 4259 3509 4314 ἴσων
3539 4259 3757 4329 ἔρχεται

2173 4362 2345 4431 λόγων
2374 4363 2475 4433 τῆς
2520 4360 2819 4429 ἀπολογίας
2845 4363 2874 4412 ὁ
2904 4358 3135 4429 τρόπος’
3184 4350 3265 4419 εἷς
3314 4355 3413 4426 μὲν
3457 4354 3567 4424 γάρ
3612 4354 3759 4405 ἐστιν

500 4456 703 4508 talione
732 4452 995 4508 Dominus
1020 4462 1203 4508 noster
1252 4449 1410 4506 Jesus
1465 4451 1736 4516 Christus,
1771 4455 1863 4523 qui
1929 4454 2071 4508 idem

2174 4454 2620 4526 ὁμολογουμένως
2672 4454 2699 4507 ό
2748 4451 2953 4522 Κύριος
2999 4450 3156 4522 ήμῶν
3193 4448 3401 4520 Ἰησοῦς
3448 4444 3702 4518 Χριστὸς,
3730 4444 3759 4495 ό

498 4545 735 4600 creditus
760 4554 983 4599 estesse
1012 4551 1067 4598 et
1100 4557 1168 4598 ex
1200 4540 1309 4598 Deo
1342 4542 1499 4597 Patre
1539 4543 1775 4598 Verbum
1808 4555 2072 4601 mternum

2175 4544 2337 4610 αὐτὸς
2384 4541 2572 4598 εἷναιι
2622 4542 3053 4614 πεπιστευμένος
3094 4542 3190 4595 καὶ
3242 4542 3306 4593 ὲκ
3356 4536 3492 4590 Θεοῦ
3546 4535 3755 4606 Πατρὺς

499 4645 702 4691 etante
720 4636 1023 4697 smcula;et
1058 4634 1109 4688 in
1162 4634 1469 4689 novissimis
1507 4635 1689 4690 saeculi
1737 4638 2069 4707 temporibus

2173 4637 2345 4707 Λόγος
2375 4637 2545 4699 etate;
2575 4654 2635 4690 τε
2660 4635 2756 4691 καὶ
2784 4633 3130 4706 προαιὼνιος,
3172 4632 3270 4686 καὶ
3302 4633 3359 4684 ἐν
3385 4629 3634 4700 ἐσχάτοις
3662 4624 3756 4679 τοῦ

502 4727 665 4783 homo
691 4741 755 4781 ex
776 4727 1024 4793 muliere,
1060 4724 1151 4795 qui
1206 4725 1581 4780 admirabilem
1639 4729 1820 4781 habuit
1878 4744 2072 4783 secun-

2173 4720 2369 4791 αἰῶνος
2417 4729 2628 4799 καιροῖς
2679 4725 2963 4796 ἄνθρωπος
3012 4726 3077 4778 ἐκ
3118 4722 3411 4793 γυναικὸς,
3458 4718 3759 4791 παράδοξον

503 4820 627 4873 dum
660 4833 877 4872 carnem
914 4816 1275 4871 nativitatem.
1314 4813 1698 4871 Verumtamen
1752 4834 1869 4873 cum
1935 4836 2072 4876 unus

2173 4818 2419 4889 ἐσχηκὼς
2451 4818 2548 4889 τήν
2581 4818 2724 4872 κατά
2774 4817 2955 4888 σάρκα
3002 4811 3439 4884 γέννησιν.Ἀλλ’
3470 4805 3550 4873 εἷς
3581 4808 3758 4878 ὑπάρ-

501 4921 641 4966 esset
680 4908 849 4964 Filius
881 4920 936 4965 et
976 4908 1117 4964 Deus
1144 4918 1199 4963 et
1234 4909 1511 4977 Dominus,
1560 4913 1889 4979 operabatur
1915 4913 2068 4982 signa

2173 4928 2283 4981 χων
2313 4896 2459 4975 Υἱός,
2490 4912 2583 4963 καὶ
2627 4909 2783 4975 Θεὸς,
2815 4909 2911 4962 καὶ
2949 4906 3176 4979 Κύριος,
3203 4902 3493 4976 εἰργάζετο
3516 4902 3613 4965 τὰς
3642 4900 3759 4953 θεο-

500 5019 595 5071 per
630 5003 885 5057 virtutem
950 5002 1237 5073 plusquam
1294 5002 1621 5069 humanam;
1683 5003 2075 5061 suiﬁcientibus

2176 5003 2409 5074 σημείας
2448 5002 2536 5055 διὰ
2581 5004 2681 5073 τῆς
2730 5003 2873 5073 ὑπὲρ
2905 5000 3195 5070 ἄνθρωπον
3233 4995 3449 5068 ἰσχύοςο
3484 4994 3757 5066 πληροφο-

500 5094 833 5163 argumentis
862 5093 1084 5157 docens,
1121 5093 1264 5162 quod
1295 5095 1542 5163 quamvis
1597 5094 1775 5152 iactus
1804 5097 1874 5151 sit
1921 5112 2072 5161 caro,

2179 5095 2288 5166 ρῶν
2317 5095 2420 5161 ὅτι,
2452 5095 2545 5148 καὶ
2588 5098 2636 5148 εἱ
2681 5095 2876 5163 γέγονε
2916 5092 3074 5161 σὰρξ,
3115 5090 3229 5146 ἀλλ’
3266 5089 3419 5144 οὐδὲν
3449 5081 3609 5159 ἧττόν
3638 5088 3756 5140 ἐστι

505 5186 855 5241 nihilominus
877 5195 1055 5239 tamen
1088 5187 1158 5239 sit
1182 5186 1345 5239 etiam
1382 5188 1459 5240 sic
1493 5185 1632 5241 Deus
1675 5203 1857 5253 verus,
1887 5200 1940 5243 et
1967 5191 2076 5242 vir-

2179 5188 2271 5241 καὶ
2315 5186 2456 5240 οὕτω
2492 5188 2623 5251 Θεὸς
2655 5186 2910 5258 ἀληθινὸς
2943 5188 3038 5239 καὶ
3089 5184 3325 5254 δύναμις
3374 5180 3467 5234 τοῦ
3501 5180 3713 5250 Πατρός
3735 5194 3750 5209 ⁶

506 5285 591 5329 tus
626 5275 823 5330 l‘atris.
858 5276 972 5331 Non
1011 5276 1153 5330 enim
1185 5278 1534 5331 destititesse
1552 5280 1694 5345 quod
1732 5289 1870 5343 erat,
1902 5281 2076 5335 lactus

2177 5282 2238 5333 ού
2274 5280 2381 5352 γὰρ
2412 5280 2684 5333 πέπαυται
2722 5279 2816 5333 τοῦ
2851 5275 2990 5332 εἶναι
3035 5277 3063 5330 ὃ
3104 5272 3191 5347 ἦν,
3224 5274 3515 5344 γενόμενος
3543 5270 3754 5343 ἄνθρω-

564 5451 685 5490 ⁹¹-⁸¹
712 5451 911 5520 Ephes.
948 5468 984 5515 ι,
1013 5453 1101 5508 l9.
1163 5455 1207 5483 '"
1242 5455 1361 5506 Act.
1403 5469 1461 5514 ll,
1496 5455 1577 5508 53.
1663 5456 1709 5486 ⁸³
1742 5455 1929 5509 Matth.
1971 5470 2025 5519 v,
2054 5455 2143 5512 2‘2.

1565 5612 1738 5667 Varia?
1774 5614 2033 5669 lcetioucs
2063 5630 2127 5666 ex
2164 5614 2346 5669 codice
2372 5613 2742 5686 Su‘guicriano.

577 5759 598 5798 ‘
626 5753 693 5813 αὖ
722 5759 1095 5830 ἐξαλειψομςι.
1170 5774 1195 5803 υ
1232 5767 1315 5820 ῖσ.
1349 5767 1526 5821 αὐτόν.
1600 5778 1624 5807 ν
1656 5764 1748 5821 οὖν
1778 5768 1895 5832 τάς.
1976 5776 1999 5803 ³
2028 5761 2140 5821 οὖν.
