4104 6336
352 387 459 447 5ἑὸ

960 387 1491 447 APOLOGETICUS
1529 392 1666 448 PRO
1707 390 1799 445 XII
1838 388 1936 443 (ΖΜ

2037 388 2205 444 'mus
2242 386 2522 444 comm
2564 368 3018 444 oatE'N'rALEs.

3501 379 3607 438 516

349 506 757 577 πος.Ἐπλήρου
795 506 1088 578 τοιγαροῦν
1142 508 1207 561 τὰ
1256 509 1564 580 παράδοξα·
1617 508 1778 563 τοῦτο
1834 507 1931 578 μὲν

2038 508 2220 561 homo.
2248 505 2504 561 Faciebat
2535 506 2699 572 igitur
2730 502 2968 569 insolita,
3019 510 3132 554 tum
3178 499 3319 567 quod
3340 499 3605 551 daenmnia

345 598 644 670 δαιμονίοις
690 599 977 668 ἐπιτιμῶν,
1006 598 1100 652 καὶ
1151 600 1450 671 συντρίϐων
1493 601 1583 654 τὸν
1641 601 1922 653 Σατανᾶνο

348 693 508 746 τοῦτο
535 692 592 745 δὲ
619 691 840 760 τυφλοῖς
868 692 929 744 τὸ
957 692 1073 759 φῶς
1104 692 1296 756 ὲνιείςο
1330 694 1557 765 νεκροὺς
1603 691 1834 746 ἁνιστῶν
1854 699 1882 739 1
1909 705 1922 721 ⁸

350 786 624 840 θάλασσαν
656 784 1048 855 ἀγριαίνουσαν
1090 784 1170 836 ἑνὶ
1199 786 1546 850 κατευνάζων
1574 788 1795 856 ρήυοατι·
1825 784 1923 853 οὐχ

349 878 423 940 ὡς
453 877 737 944 ἄνθρωπόν
770 893 912 941 τινα,
942 878 1039 931 καὶ
1073 877 1259 947 ἓτερον
1289 878 1417 931 ὄντα
1447 878 1759 943 καταμόνας
1791 878 1925 946 Χρι-

350 968 498 1033 στὸν,
532 966 849 1031 δοξάζεσθαι
880 967 1068 1031 ποιῶν,
1087 968 1340 1040 καθάπερ
1357 968 1548 1035 ἀμέλει
1579 969 1669 1020 καὶ
1699 967 1795 1020 ἕνα
1818 966 1925 1019 τῶν

350 1060 522 1128 ἁγίων
565 1058 879 1130 προφητῶν,
921 1058 954 1129 ἢ
1001 1058 1129 1128 γοῦν
1173 1060 1552 1113 ἀποστόλωνι·
1609 1058 1721 1111 ἀλλ’
1752 1057 1929 1135 ἑαυτῷ

352 1152 450 1222 τὴν
497 1152 653 1218 δόξαν
697 1152 1243 1222 πραγματευόμενος,
1280 1152 1366 1205 ἵνα
1404 1152 1555 1222 παρὰ
1588 1151 1806 1203 πάντων
1838 1168 1928 1202 πι-
1962 1180 1970 1187 -

354 1242 608 1314 στεύηται
653 1243 786 1307 Θεὸς
832 1242 907 1295 ὢν
948 1242 1129 1311 φύσει,
1162 1244 1257 1296 καὶ
1293 1244 1341 1296 εἰ
1373 1244 1593 1311 γέγονεν
1622 1242 1924 1313 ἄνθρωπος.

353 1331 461 1389 Ἦν
492 1330 585 1388 οὖν
614 1334 724 1405 ἄρα
765 1333 874 1386 τῶν
916 1333 1306 1386 ὲκτοπωτάτων
1355 1332 1685 1403 ἀνασχέσθαι
1729 1333 1930 1384 Νεστο-

354 1425 471 1497 ρίου
500 1424 748 1492 λέγοντος
767 1439 780 1452 ·
810 1424 1001 1478 Κοιναὶ
1030 1424 1139 1494 γὰρ
1172 1424 1227 1477 αἱ
1249 1424 1349 1493 τῆς
1380 1424 1607 1495 Τριὰδος
1634 1423 1926 1494 ἐνέργειαι,

352 1516 448 1569 καὶ
481 1515 668 1585 μόναις
696 1513 1023 1567 ὑποστάσεσι
1058 1514 1157 1584 τὴν
1181 1514 1445 1585 διαίρεσιν
1473 1514 1692 1585 ἔχουσαι
1718 1531 1729 1545 ⁸
1759 1516 1929 1584 ἤγουν

350 1605 447 1660 τοῦ
476 1605 814 1673 Μονογενοῦς
846 1607 878 1675 ὴ
912 1604 1121 1669 εὐδοξία
1147 1606 1275 1657 ποτὲ
1314 1606 1411 1675 μὲν
1443 1606 1521 1677 τῷ
1568 1608 1744 1676 Πατρὶ
1771 1623 1929 1677 περι·

351 1697 545 1765 ἧπται,
576 1696 706 1750 ποτὲ
732 1696 789 1749 δὲ
816 1696 895 1766 τῷ
925 1696 1222 1766 Πνεῦματι,
1247 1697 1377 1749 ποτε
1402 1696 1456 1748 δὲ
1486 1699 1551 1767 τῇ
1573 1697 1666 1748 τοῦ
1693 1695 1929 1766 Χριστοῦ

351 1788 656 1859 δυναστείᾳ.
689 1787 898 1840 Οὐκοῦν
946 1787 978 1858 ἢ
1026 1787 1482 1852 δεικνύτωσαν,οἱ
1527 1790 1786 1857 ἐπιτιμᾷν
1815 1787 1932 1839 ἐθέο

352 1880 554 1946 λοντες,
593 1881 777 1951 ἕτερον
808 1881 938 1950 ἡμῖν
971 1880 1203 1950 Χριστὸν
1237 1880 1343 1949 ἰδίᾳ
1374 1880 1465 1932 καὶ
1491 1880 1595 1932 ἀνὰ
1634 1880 1797 1949 μέρος
1826 1880 1930 1931 ὑπ·
1963 1862 2004 1916 Β

352 1973 587 2042 ἀρχοντα
643 1973 736 2026 καὶ
778 1972 1097 2041 νοούμενον,
1128 1965 1172 2038 ᾧ
1217 1973 1315 2041 τὴν
1363 1970 1557 2023 ἑαυτοῦ
1613 1971 1930 2024 δυναστείαν

354 2064 622 2135 περιῆψεν
645 2066 673 2117 6
709 2064 1002 2134 μονογενὴς
1028 2062 1125 2115 τοῦ
1156 2062 1293 2115 Θεοῦ
1325 2063 1519 2131 Λόγος,
1544 2062 1619 2124 ὼς
1646 2063 1832 2133 ἔτερος
1856 2062 1931 2114 ὢν

352 2156 484 2226 παρ’
514 2156 673 2208 αὑτὸν
705 2155 885 2218 ἰδικῶς
914 2157 942 2207 6
970 2155 1092 2218 Υἱός
1111 2170 1125 2185 ⁸
1156 2156 1249 2207 καὶ
1276 2154 1307 2225 ἢ
1334 2156 1423 2207 εἰιι
1451 2158 1523 2225 μή
1553 2157 1698 2207 ἐστιν
1721 2155 1929 2225 ἕτερος,

353 2252 446 2301 καὶ
480 2248 685 2318 ἕτερος,
714 2247 828 2301 ἀλλ’
857 2241 938 2309 εἷς
970 2263 1030 2299 τε
1058 2248 1151 2299 καὶ
1191 2247 1221 2299 6
1263 2247 1446 2311 αὐτὸς,
1482 2248 1574 2299 καὶ
1612 2248 1675 2299 ὲκ
1720 2248 1933 2317 Πατρὸς

356 2340 666 2411 μονογενὴς,
698 2341 790 2393 καὶ
821 2340 1080 2408 γυναικὸς
1110 2338 1391 2409 ἄνθρωπος
1425 2338 1567 2392 κατὰ
1590 2340 1785 2410 σάρκα,
1815 2338 1934 2402 πῶς

349 2427 419 2504 ἦν
446 2431 735 2486 ἀκόλουθον
765 2431 978 2484 ἑλέσθαι
1003 2431 1180 2501 σιγᾷν,
1208 2432 1301 2483 καὶ
1333 2431 1454 2499 οὐχὶ
1476 2432 1539 2500 δὴ
1573 2430 1770 2499 μᾶλλον
1802 2431 1933 2482 ἅντ-

350 2524 686 2595 αναστῆναιδ
733 2523 896 2577 πάλιν
938 2524 1039 2594 τῆς
1084 2524 1341 2594 ἀληθείας
1386 2523 1484 2593 τὴν
1533 2523 1759 2592 δύναμιν
1823 2526 1934 2586 τοῖς

351 2618 484 2688 παρ’
524 2617 735 2671 ἐκείνου
790 2616 1199 2687 βατταρισμοῖς,
1229 2616 1335 2667 τῶν
1388 2617 1487 2683 τῆς
1535 2615 1817 2677 εὐσεϐείας
1849 2615 1935 2667 δο-

350 2712 577 2780 γμάτων
600 2709 663 2762 τὸ
682 2709 876 2772 κάλλος
905 2707 1384 2779 παρασημαίνουσι
1405 2726 1419 2775 ;
1443 2705 1553 2759 Ἦν
1584 2707 1681 2777 μὲν
1705 2703 1797 2759 οὖν
1841 2707 1935 2759 καὶ

350 2799 465 2853 ἐστι
498 2799 629 2863 Θεὸς
654 2802 683 2853 6
719 2798 865 2863 Υἱός.
884 2798 1101 2869 Ἐπειδὴ
1127 2798 1183 2850 δὲ
1214 2798 1358 2864 ἅπαξ
1382 2798 1441 2850 τὸ
1464 2801 1559 2869 τῆς
1584 2797 1936 2870 ἀνθρωπότη-

348 2908 442 2955 τος
489 2892 654 2945 ὑπέδυ
710 2891 927 2962 μέτρον,
963 2891 1058 2943 καὶ
1108 2891 1247 2943 οὑκο
1300 2890 1606 2960 ἀπόϐλητον
1646 2892 1936 2960 ἐποιήσατο

349 2982 448 3054 τὴν
477 2984 805 3054 οἰκονομίαν,
839 2984 1097 3053 ὑπέμεινε
1138 2981 1193 3034 δὲ
1224 2982 1399 3034 πάντα
1436 2982 1523 3034 διὰ
1560 2982 1660 3053 τὴν
1707 2982 1936 3035 κένωσιν

352 3075 629 3130 ἐθελοντὶά
682 3075 750 3129 δι’
780 3076 927 3146 ἡμᾶς
948 3093 961 3105 ο
1018 3074 1192 3145 ταύτῃ
1223 3092 1326 3138 τοι,
1384 3075 1567 3127 καίτοι
1606 3073 1746 3126 κατὰ
1776 3074 1936 3141 φύσιν

354 3169 611 3240 ὑπάρχων
640 3166 775 3239 ζωὴ,
807 3167 1186 3233 ζωοποιεῖσθαι
1217 3167 1432 3235 λέγεται
1481 3166 1633 3236 παρὰ
1680 3165 1775 3219 τοῦ
1820 3167 1936 3219 Πα--

353 3262 510 3332 τρός·
544 3260 638 3314 καὶ
681 3260 780 3325 τῆς
808 3259 966 3329 δόξης
998 3258 1201 3327 Κύριος
1238 3258 1336 3321 ὢν,
1370 3258 1529 3323 δόξαν
1575 3258 1796 3325 λέγεται
1839 3257 1937 3309 λα-

356 3354 489 3404 ϐεῖν.
510 3352 651 3421 Ἔφη
681 3349 812 3418 γοῦν
840 3350 869 3401 6
902 3348 1147 3419 Ἐϐραῖος
1171 3349 1232 3413 ἐξ
1261 3347 1547 3419 Ἐϐραίων,
1575 3348 1602 3399 ὁ
1624 3344 1939 3416 νομομαθὴς

355 3443 590 3511 ἀληθῶς,
625 3443 719 3496 καὶ
749 3444 814 3494 ὲκ
839 3443 1011 3512 φυλῆς
1042 3440 1327 3510 Βενιαμίν·
1367 3458 1384 3489 ι
1412 3438 1621 3500 Παῦλος
1644 3436 1939 3500 ἀπόστολος

354 3535 456 3587 οὐκ
486 3535 579 3588 ἀπ’
618 3532 942 3603 ἀνθρώπων,
977 3532 1096 3584 οὐδὲ
1123 3531 1189 3583 δι’
1213 3529 1520 3602 ἀνθρώπου,
1549 3529 1682 3580 ἀλλὰ
1711 3528 1797 3582 διὰ
1833 3528 1937 3598 Ἰη-

358 3627 453 3680 σοῦ
490 3626 752 3698 Χριστοῦ,
793 3626 888 3679 καὶ
929 3624 1065 3677 Θεοῦ
1104 3626 1337 3694 Πατρὸς,
1366 3621 1459 3675 τοῦ
1490 3623 1804 3691 ἐγείραντος
1842 3621 1942 3674 αὐι

353 3720 446 3772 τὸν
466 3720 535 3771 ὲκ
571 3716 801 3787 νεκρῶν,
831 3715 924 3767 καὶ
952 3714 1107 3778 δόξαν
1137 3713 1286 3784 αὐτῴ
1314 3713 1513 3773 δόντος.
1552 3732 1569 3763 ι
1610 3710 1769 3764 Ἀλλὰ
1816 3710 1938 3765 καί·

354 3826 439 3861 τοι
479 3808 771 3877 λεγόμενος
822 3804 977 3870 δόξαν
1015 3802 1199 3857 λαϐεῖν
1247 3802 1398 3872 παρὰ
1442 3801 1535 3854 τοῦ
1588 3801 1820 3871 Πατρὸς,
1856 3800 1937 3853 δια

354 3900 582 3972 ήκοντος
625 3897 721 3951 τοῦ
770 3896 1096 3969 πράγματος
1150 3894 1242 3946 ἐπὶ
1291 3894 1350 3947 τὸ
1393 3893 1490 3963 τῆς
1517 3892 1939 3962 ἀνθρωπότητος

359 3992 575 4063 μέτρον,
601 3986 743 4045 οἶδεν
776 3990 964 4044 ἑαυτὸν
1015 3988 1227 4058 ἔχοντα,
1257 3985 1392 4039 καθὸ
1438 3988 1640 4040 νοεῖται
1693 3984 1782 4036 καὶ
1824 3982 1939 4036 ἔστι

356 4084 510 4148 Θεὸς,
552 4083 614 4137 τὸ
660 4084 803 4151 ὑπὲρ
852 4083 1028 4136 κτίσιν
1074 4079 1462 4150 ἁξίωμα.Ἕφη
1507 4076 1668 4146 γοῦνο
1706 4095 1724 4128 ι
1756 4076 1939 4129 Πάντα

361 4194 450 4248 μοι
482 4175 751 4248 παρεδόθη
780 4173 932 4244 παρὰ
954 4173 1049 4226 τοῦ
1080 4171 1291 4243 Πατρός
1327 4188 1428 4241 μου
1448 4187 1461 4200 ο
1491 4170 1585 4224 καὶ
1616 4168 1795 4232 οὐδεὶς
1819 4172 1939 4221 ὲπι-

357 4267 617 4337 γινώσκει
649 4268 732 4331 τίς
762 4269 911 4320 ἐστιν
937 4269 965 4320 6
994 4265 1141 4328 Υἱὸς,
1189 4265 1237 4316 εί
1283 4263 1359 4334 μὴ
1386 4266 1414 4317 6
1445 4264 1635 4334 Πατήρ
1658 4280 1670 4292 ·
1704 4262 1825 4316 οὐδὲ
1848 4263 1940 4315 τὸν

358 4362 577 4432 Πατέρα
608 4378 691 4424 τις
720 4360 1076 4428 ἐπιγινώσκει
1104 4359 1186 4421 τίς
1225 4359 1393 4419 ἐστιν,
1425 4358 1473 4410 ei
1503 4357 1577 4427 μὴ
1612 4360 1640 4409 6
1661 4357 1808 4420 Υἱὸς,
1842 4357 1939 4409 καὶ

356 4445 402 4521 ᾧ
447 4453 513 4506 ἂν
538 4455 567 4506 6
596 4452 722 4515 Υἱὸς
766 4451 1111 4523 ἀποκαλύψῃ.
1146 4470 1163 4500 ι
1202 4449 1338 4502 Ἀλλ’
1368 4447 1499 4511 ἴσως
1548 4451 1664 4518 ἐρεῖ
1705 4467 1788 4510 τις
1831 4448 1939 4500 τῶν

2029 602 2365 669 increpabat,
2393 610 2447 655 et
2494 598 2751 653 Satanam
2811 595 3129 651 conterebat
3167 593 3252 655 “;
3309 602 3419 644 tum
3466 594 3608 659 quod

2029 694 2185 748 caecis
2217 693 2392 746 lumen
2420 690 2711 761 przestabat
2740 690 2811 756 ⁸⁵,
2838 699 3080 743 mortuos
3134 684 3500 741 resuscitabat
3535 685 3606 745 '“,

2032 798 2181 836 mare
2205 782 2559 851 procellosum
2582 796 2689 835 uno
2719 781 2887 834 verbo
2930 779 3157 833 sedabat
3179 777 3222 808 ⁸⁷
3248 794 3263 843 ;
3311 791 3418 829 ιιοιι
3469 774 3613 829 sicut

2034 874 2301 928 hominem
2319 874 2711 943 quempiam,et
2728 872 2956 925 alterum
2978 870 3329 924 exsistentem
3381 865 3608 919 seorsim

2029 961 2301 1015 Christum
2322 961 2608 1029 glorilicari
2675 957 3402 1027 faciens,quemadmodum
3461 954 3611 1008 scili-

2029 1062 2115 1106 cet
2145 1062 2198 1107 et
2245 1069 2406 1106 unum
2443 1068 2508 1107 ex
2538 1054 2740 1107 sanctis
2767 1053 3044 1120 prophetis
3081 1049 3165 1103 vel
3201 1048 3492 1116 apostolis:
3515 1047 3609 1100 sed

2028 1145 2127 1199 sibi
2147 1145 2368 1214 gloriam
2395 1160 2715 1213 procurans,
2751 1152 2809 1197 ut
2856 1143 2924 1197 ab
2988 1141 3246 1194 omnibus
3293 1140 3613 1193 crederetur

2030 1236 2172 1291 Deus
2203 1237 2471 1291 exsistens
2499 1246 2714 1299 natura,
2740 1233 2959 1288 tametsi
3004 1234 3182 1285 factus
3236 1240 3383 1284 esset
3422 1230 3608 1283 homo.

2031 1327 2424 1397 Fuissetigitur
2448 1327 2900 1381 absurdissimum
2972 1324 3119 1379 ferre
3181 1322 3486 1376 Nestorium
3527 1321 3613 1374 di-

2027 1431 2238 1476 centem
2275 1438 2290 1474 :
2329 1422 2658 1476 Communes
2682 1419 2827 1472 enim
2855 1416 3144 1470 Trinitatis
3180 1424 3308 1469 sunt
3342 1414 3614 1481 operatio-

2029 1530 2147 1579 nes,
2181 1525 2233 1568 et
2257 1515 2388 1567 solis
2436 1512 2813 1567 subsistentiis
2855 1509 3265 1563 distinctionem
3322 1507 3610 1559 habentes.

2031 1605 2260 1658 Proinde
2288 1601 2562 1671 Unigeniti
2595 1601 2765 1671 gloria
2804 1601 3081 1654 interdum
3116 1595 3265 1650 Patri
3296 1596 3611 1663 adoptatur,

2031 1697 2299 1750 interdum
2332 1694 2580 1763 Spiritui,
2617 1694 2887 1747 interdum
2920 1690 3120 1745 Christi
3184 1687 3463 1757 potentiae.
3526 1683 3613 1738 ld-

2034 1787 2180 1841 ¢irco
2209 1788 2298 1854 qui
2336 1786 2736 1854 reprehendere
2772 1783 2980 1845 volunt,
3012 1780 3094 1835 vel
3127 1778 3420 1834 ostendant
3458 1774 3615 1829 nobis

2034 1877 2196 1931 alium
2222 1877 2520 1939 Christum,
2551 1876 2642 1943 qui
2672 1873 2924 1942 privatim
2986 1871 3216 1925 seorsim
3266 1868 3500 1921 exsistat
3562 1875 3616 1918 et

2034 1967 2385 2035 intelligatur,
2416 1966 2501 2018 cui
2527 1980 2678 2018 suam
2711 1963 3010 2032 potentiam
3043 1959 3371 2029 applicuerit
3423 1956 3617 2025 unige-

2034 2060 2205 2114 nitum
2230 2058 2318 2111 Dei
2340 2056 2602 2121 Verbum,
2648 2056 2804 2123 quasi
2853 2053 3086 2108 seorsim
3143 2051 3392 2103 diversus
3424 2050 3496 2102 sit
3549 2048 3620 2100 ab

2034 2151 2151 2221 ipso
2178 2149 2384 2214 Filius;
2414 2146 2620 2201 velnisi
2656 2146 2729 2200 sit
2756 2146 2895 2199 alius
2923 2154 2977 2197 et
3035 2143 3195 2205 alius,
3242 2142 3337 2194 sed
3378 2152 3518 2191 unus
3565 2145 3620 2190 et

2035 2241 2175 2294 idem
2207 2247 2261 2291 et
2281 2253 2347 2291 ex
2387 2236 2547 2290 Patre
2572 2235 2903 2304 unigenitus,
2934 2243 2989 2287 et
3021 2247 3087 2286 ex
3124 2240 3295 2283 matre
3346 2229 3509 2283 homo
3533 2241 3622 2281 se-

2033 2330 2265 2385 cundum
2292 2342 2538 2391 carnem,
2573 2326 2846 2395 quomodo
2884 2323 3079 2378 silendi
3132 2322 3284 2376 locus
3338 2328 3509 2384 esset,
3559 2328 3617 2370 et

2035 2438 2139 2477 non
2170 2421 2341 2489 magis
2368 2420 2614 2474 veritatis
2637 2417 2877 2487 potentia
2911 2417 3057 2469 illius
3090 2414 3246 2482 nugis
3270 2410 3616 2480 opponenda,

2034 2513 2253 2581 pulchra
2281 2510 2498 2580 pietatis
2551 2510 2806 2578 dogmata
2873 2504 3386 2572 corrumpentibns?
3435 2500 3622 2569 Itaque

2036 2604 2385 2672 eratquidem
2422 2615 2477 2656 et
2501 2611 2584 2655 est
2616 2602 2755 2654 Deus
2780 2600 2895 2667 ipse
2939 2597 3099 2666 I76
3135 2594 3325 2649 Filius.
3353 2592 3619 2658 Quoniam

2036 2706 2213 2750 autem
2244 2693 2409 2749 semel
2435 2693 2600 2747 subiit
2634 2690 2987 2746 humanitatis
3035 2701 3370 2748 mensuram,
3398 2693 3454 2738 et
3508 2683 3623 2736 dis-

2036 2784 2403 2854 pensationem
2457 2782 2599 2836 haud
2631 2779 2984 2848 rejiciendam
3036 2776 3274 2839 censuit,
3310 2775 3397 2827 ob
3435 2773 3625 2826 exina-

2037 2878 2295 2933 nitionem
2328 2884 2509 2927 autem
2535 2872 2796 2927 sustinuit
2860 2870 3046 2924 omnia
3099 2865 3407 2921 voluntarie
3438 2863 3620 2917 nostri

2036 2984 2199 3025 causa
2226 2969 2270 3000 ⁸⁸
2296 2985 2311 3020 :
2337 2975 2626 3035 eapropter
2653 3003 2668 3028 ,
2711 2962 2960 3032 quamvis
3011 2962 3083 3014 sit
3141 2958 3441 3013 secundum
3467 2967 3624 3009 natu-

2036 3077 2153 3115 ram
2184 3060 2318 3121 vita,
2355 3055 2847 3111 viviﬁcaridicitur
2879 3069 2907 3105 a
2939 3052 3141 3106 Patre:
3177 3060 3231 3103 et
3254 3064 3376 3103 etttn
3404 3049 3480 3101 sit
3509 3048 3625 3116 glo-

2041 3153 2132 3207 ria:
2168 3150 2429 3205 Dominus
2452 3150 2521 3213 ‘9,
2542 3147 2742 3201 dicitur
2765 3145 2993 3215 gloriam
3021 3142 3316 3209 accepisse.
3359 3139 3495 3193 Hinc
3520 3137 3627 3191 lle-

2044 3245 2218 3297 braens
2240 3257 2304 3295 ex
2341 3239 2605 3305 chrmis,
2628 3252 2757 3291 vere
2788 3235 2982 3289 ductus
3022 3234 3075 3287 in
3104 3234 3240 3302 lege,
3269 3239 3324 3286 et
3380 3245 3448 3285 ex
3478 3228 3624 3283 tribu

2041 3335 2348 3401 Beniamin,
2375 3331 2589 3386 dicebat
2625 3347 2640 3384 :
2680 3348 2697 3380 ι
2736 3328 2936 3381 Paulus
2960 3325 3244 3394 apostolus
3275 3338 3382 3377 non
3419 3323 3487 3375 ab
3522 3322 3623 3375 bo-

2041 3427 2301 3491 minibus,
2338 3438 2512 3492 neque
2533 3436 2630 3490 per
2662 3419 2960 3480 hominem,
2996 3415 3093 3471 sed
3121 3431 3215 3484 per
3254 3413 3439 3467 Jesum
3467 3410 3626 3467 Chri-

2041 3528 2205 3580 stum,
2238 3527 2291 3569 et
2324 3516 2489 3568 Deum
2517 3511 2757 3577 Patrem,
2789 3509 2880 3578 qui
2912 3508 3197 3562 suscitavit
3237 3520 3363 3560 eum
3413 3518 3441 3556 a
3479 3518 3626 3557 mor-

2040 3611 2244 3675 tuis",
2276 3618 2331 3662 et
2364 3606 2589 3677 gloriam
2611 3604 2687 3658 illi
2724 3603 2874 3657 dedit
2903 3603 3004 3655 θι.»
3040 3599 3237 3653 Verum
3264 3595 3513 3665 quamvis
3544 3594 3627 3647 di—

2040 3715 2195 3761 eatur
2223 3701 2454 3772 gloriam
2512 3696 2790 3765 accepisse
2842 3708 2871 3747 a
2930 3692 3109 3754 Patre,
3161 3705 3283 3743 cum
3334 3703 3395 3741 ea
3431 3702 3518 3740 res
3558 3685 3628 3739 ad

2042 3794 2392 3849 humanitatis
2427 3804 2735 3846 mensuram
2766 3784 3073 3855 perveniat,
3111 3782 3260 3835 novit
3314 3792 3494 3834 tamen
3546 3790 3629 3833 se-

2038 3886 2215 3954 ipsum
2276 3883 2477 3936 habere
2503 3878 2819 3947 dignitatem
2862 3875 3002 3927 ultra
3054 3882 3386 3933 creaturam,
3426 3882 3626 3922 secun-

2041 3978 2164 4031 dum
2199 3974 2343 4043 quod
2379 3970 2691 4041 intelligitur
2723 3978 2778 4023 et
2810 3977 2893 4021 est
2923 3965 3084 4019 Deus.
3115 3963 3347 4016 Proinde
3374 3960 3623 4014 dicebat:

2046 4088 2065 4120 ι
2095 4068 2289 4123 Omnia
2329 4067 2460 4119 mihi
2491 4062 2689 4118 tradita
2725 4070 2852 4114 sunt
2883 4076 2912 4111 a
2973 4056 3130 4110 Patre
3164 4070 3321 4109 meo:
3354 4061 3410 4108 et
3466 4064 3627 4105 nemo

2040 4157 2317 4225 cognoscit
2342 4158 2463 4225 quis
2492 4154 2563 4209 sit
2598 4151 2792 4215 Filius,
2822 4149 2924 4203 nisi
2973 4146 3137 4201 Pater
3163 4163 3177 4211 ;
3208 4158 3382 4212 neque
3409 4140 3625 4195 Patrem

2040 4256 2160 4322 quis
2183 4250 2423 4321 agnoscit
2452 4247 2575 4316 quis
2610 4246 2699 4309 sit,
2733 4244 2835 4296 nisi
2872 4241 3058 4300 Filius,
3100 4248 3153 4291 et
3202 4237 3286 4289 cui
3314 4234 3485 4288 Filius
3528 4247 3620 4286 rc-

2039 4345 2302 4399 velaverit
2336 4342 2427 4397 9".
2472 4358 2489 4390 ›
2526 4338 2779 4391 Fortasse
2813 4333 3082 4401 quispiam
3120 4328 3508 4382 studiosiorum
3539 4325 3625 4378 itt-

2041 4434 2377 4507 terrogabit:
2432 4432 2487 4485 Si
2542 4430 2721 4484 omnia
2783 4428 2877 4479 tibi
2923 4425 3121 4478 tradita
3177 4430 3309 4473 sunt
3365 4434 3394 4471 a
3432 4416 3618 4481 Patre,

361 4510 830 4613 τριλομαθεστέρων
850 4558 864 4573 °
915 4542 977 4594 Εἰ
1025 4510 1203 4594 παντα
1235 4558 1316 4593 σοι
1346 4510 1618 4609 παρεδόθη
1665 4539 1820 4609 παρὰ
1848 4538 1936 4592 τοῦ

2046 4529 2197 4598 quasi
2257 4527 2304 4581 ei
2342 4526 2430 4595 qui
2469 4523 2640 4594 gloria
2678 4517 3005 4587 indigneris,
3040 4527 3096 4569 et
3147 4511 3401 4568 debueris
3428 4510 3627 4563 habere

360 4637 590 4706 Πατρὸς,
614 4635 689 4698 ὡς
711 4634 865 4705 δόξης
894 4634 1043 4703 δεδεη
1054 4633 1218 4703 μένῳ,
1247 4633 1341 4684 καὶ
1368 4632 1515 4684 ὃοτὸν
1542 4631 1684 4701 ἔχειν
1703 4630 1942 4699 ὀφείλον-

359 4744 415 4780 τι
450 4727 511 4781 τὸ
535 4726 677 4781 κατὰ
707 4726 921 4779 πάντων
940 4737 961 4764 ο
992 4726 1192 4796 κράτος
1222 4724 1306 4777 διὰ
1329 4725 1389 4777 τὸ
1413 4722 1753 4795 ἀνθρώπινον
1772 4740 1785 4754 ⁸
1823 4723 1940 4787 πῶς

361 4816 646 4886 ἀνέφικτον
670 4818 791 4878 ταῖς
834 4812 1136 4885 ἀνθρώπων
1168 4812 1426 4875 διανοίαις
1459 4807 1598 4863 εἶναι
1628 4810 1737 4879 φὴς
1771 4808 1832 4861 τὸ
1863 4809 1941 4860 εί-

362 4909 509 4962 δέναι
552 4925 635 4971 σε,
662 4906 911 4975 καθάπερ
962 4905 1156 4974 ἀμέλει
1201 4904 1294 4957 καὶ
1333 4904 1424 4956 τὸν
1470 4901 1721 4972 Πατέρα;
1780 4899 1939 4953 Ἀλλὰ

363 5000 473 5065 ναὶ,
514 5000 699 5068 φησὶν,
724 4998 783 5051 οὐ
824 4998 984 5068 μέχρι
1036 4996 1142 5048 τῶν
1188 4995 1539 5066 ὁρωμένωνή
1574 4994 1658 5045 ἐπ’
1694 4992 1815 5063 ἐμοὶ
1843 5009 1938 5043 συ-

366 5090 640 5145 στέλλεται
678 5089 896 5158 γνῶσις.
927 5089 1058 5156 Εἰμὶ
1105 5087 1213 5158 γὰρ
1263 5085 1393 5148 Θεὸς
1428 5087 1485 5137 ἐν
1520 5085 1682 5152 σαρκὶ
1729 5083 1821 5136 κα)⁵
1852 5082 1938 5134 αἴ-

368 5200 518 5255 ματι,
550 5182 689 5235 κατὰ
742 5181 841 5252 μὲν
890 5182 988 5250 τὴν
1024 5181 1201 5249 σάρκα
1242 5179 1661 5246 γινωσκόμενος,
1698 5174 1839 5228 κατὰ
1884 5173 1939 5225 δὲ

367 5275 464 5346 τὴν
489 5275 738 5346 θεότητος
781 5273 940 5344 φύσιν
969 5290 1027 5325 τε
1056 5274 1151 5325 καὶ
1180 5271 1337 5335 δόξαν
1368 5269 1666 5340 ἰσομέτρως
1695 5267 1831 5337 ἔχων
1864 5263 1939 5334 τῷ

2042 4623 2224 4677 datum
2258 4618 2545 4687 imperium
2582 4616 2635 4669 in
2666 4628 2855 4668 omnes
2924 4618 3154 4677 propter
3188 4602 3622 4661 humanitatem;

2041 4711 2311 4783 quomodo
2338 4710 2588 4762 humanis
2614 4705 2885 4759 mentibus
2925 4697 3262 4770 impossibile
3322 4709 3444 4748 esse
3488 4690 3624 4745 dicis

2042 4804 2184 4859 scire
2209 4812 2277 4865 te,
2307 4798 2761 4870 quemadmodum
2819 4796 2960 4849 scire
3016 4801 3066 4845 et
3131 4786 3387 4841 Patrem?
3439 4784 3621 4847 Certe,

2044 4896 2236 4965 inquit,
2265 4894 2366 4947 mei
2393 4890 2630 4960 cognitio
2662 4905 2769 4942 non
2806 4901 2976 4956 usque
3012 4885 3077 4937 ad
3139 4879 3412 4934 visibilem
3461 4884 3623 4929 natu-

2046 5005 2160 5043 ram
2182 4997 2511 5043 coarctatnr.
2544 4982 2680 5037 Nam
2702 4983 2841 5035 Dens
2866 4995 2981 5033 smn
3005 4978 3054 5029 in
3080 4989 3244 5029 carne
3266 4982 3320 5025 et
3337 4969 3621 5038 sanguine,

2046 5091 2101 5135 et
2130 5080 2424 5135 secundum
2455 5092 2671 5129 carnem
2703 5074 2919 5143 quidem
2945 5081 3274 5136 cognoscor,
3319 5061 3618 5117 secundum

2048 5180 2294 5224 naturam
2326 5180 2503 5222 autem
2535 5176 2589 5221 et
2609 5166 2834 5237 gloriam
2872 5156 3477 5226 divinitatis,mqualem
3500 5168 3621 5207 cum

2051 5265 2159 5317 Deo
2182 5271 2236 5316 et
2263 5262 2420 5314 Patre
2460 5274 2765 5313 mensuram
2802 5257 2996 5316 habeo,
3032 5252 3273 5307 omnium
3316 5256 3551 5301 mentem
3569 5255 3623 5299 et

424 5432 471 5463 ⁸⁵·
507 5431 693 5483 Matth.
739 5446 810 5493 tv,
842 5430 875 5482 ιι
910 5445 1062 5498 seqq.
1133 5427 1176 5457 ⁸⁵
1201 5425 1356 5481 Joau.
1395 5424 1521 5498 ιτηι
1555 5438 1707 5498 seqq.
1780 5422 1824 5451 ⁸⁸
1854 5418 1936 5498 .lo:

2038 5420 2178 5498 διε-1
2212 5432 2367 5498 seqq.
2513 5414 2697 5468 Matth.
2738 5428 2847 5473 xu",
2880 5410 2947 5463 9.6
2974 5426 3125 5480 seqq.
3192 5404 3239 5434 ⁸⁸
3270 5402 3343 5455 l’n
3372 5402 3499 5471 lipp.
3536 5413 3620 5466 tu,

369 5503 487 5557 5-7.
559 5502 602 5531 ⁸³
632 5501 648 5553 l
676 5492 803 5555 Cor.
840 5492 1000 5564 n,8.'
1027 5492 1096 5531 ’³ο
1120 5498 1294 5553 Galat.
1325 5514 1361 5562 ι,
1400 5498 1445 5549 l.
1478 5496 1518 5525 "
1553 5494 1566 5545 Ι
1602 5493 1740 5546 [‘etr.
1781 5510 1815 5555 I,
1841 5492 1929 5544 2|.

2011 5490 2073 5519 ³⁸·
2110 5488 2301 5542 Matth.
2333 5503 2394 5551 tt,
2423 5485 2515 5539 ‘27.

1446 5655 1619 5710 Varize
1651 5655 1908 5710 lectiones
1940 5667 2002 5707 ex
2039 5650 2224 5707 codice
2259 5646 2631 5718 Seguieriano.

418 5833 445 5876 1
476 5822 715 5885 ἀνιστὰς.
798 5829 819 5856 ⁸
849 5819 881 5891 ἥ
909 5816 1235 5872 ἀποστόλων.
1280 5829 1303 5856 a
1342 5812 1521 5877 ἱδικῶς
1549 5812 1693 5875 Υἱός
1725 5810 1757 5880 ἦ
1794 5812 1861 5863 εἰ.
1940 5808 1967 5849 δ
2003 5806 2426 5875 ἀνταναστῆσαι.
2510 5814 2529 5841 ε
2566 5802 2758 5874 μέτρον
2788 5800 2907 5858 οὐκ.
2976 5797 2997 5838 3
3029 5796 3328 5870 ἐθελοντής.
3376 5809 3399 5837 ε
3426 5798 3619 5855 πάντα,
