4104 6336
505 357 619 415 δι’]

1546 361 1604 417 S.
1631 361 1911 417 CYRIILI
1963 358 2437 416 ALEXANDRINI
2466 356 2786 415 ARCHIEP.

3671 347 3779 403 διε

507 493 815 533 sermonem
852 482 1192 536 Iranscendo.
1230 482 1463 538 Proinde
1502 484 1775 550 (revertor
1824 484 1969 538 enim
2022 482 2085 536 ad

2192 480 2314 551 Θεῷ
2347 480 2440 534 καὶ
2473 480 2669 550 Πατρὶ,
2702 480 2795 533 καὶ
2824 476 2917 531 νοῦ
2982 476 3075 529 καὶ
3103 473 3262 543 λόγου
3291 471 3494 535 παντὸς
3525 470 3780 525 ἐπέκεινα

507 569 803 637 propositae
832 571 904 623 rei
932 572 1285 642 sententiain)
1316 586 1492 641 neque
1536 571 1869 639 apostolicae
1928 584 2090 625 voces

509 658 767 727 tollimus,
829 662 1013 716 absit!
1082 678 1257 733 neque
1298 665 1423 718 dum
1472 664 1576 717 alia
1638 663 1883 732 quaedam
1915 663 2094 716 minus

506 762 872 807 consentanea
904 756 1221 820 sentientes,
1258 756 1341 810 vel
1375 754 2093 824 loquentes.incarnationis

507 845 813 901 rationibus
877 848 1253 901 adversamur.
1315 847 1606 915 Sequimur
1647 859 1828 902 autem
1895 849 2093 915 ubique

506 950 695 991 sacras
725 936 1120 1006 Scripturas.et
1151 941 1527 1011 theologorum
1564 941 1788 995 vocibus
1818 954 2090 995 summum

501 1027 591 1096 jus
608 1032 996 1095 concedentes,
1024 1033 1343 1087 obsistiums
1373 1034 1507 1090 solis
1535 1036 1676 1099 istis,
1695 1036 1785 1104 qui
1814 1044 1961 1089 recta
1990 1033 2093 1089 Ec-

505 1120 691 1175 clesiae
730 1122 981 1192 dogmata
1028 1134 1364 1194 pervertunt.
1396 1126 1547 1193 Quod
1592 1137 1772 1181 autem
1813 1125 1975 1181 Pater
2023 1142 2090 1181 ex

506 1212 736 1266 mortuis
761 1214 1118 1270 resuscitasse
1140 1215 1430 1271 Dominum
1455 1227 1699 1273 nostrum
1719 1217 1901 1273 Jesum
1927 1218 2082 1273 Chri-

504 1312 645 1357 stum
686 1304 908 1368 dicitur,
943 1320 1008 1360 eo
1037 1322 1203 1375 opere
1228 1308 1435 1363 scilicet
1481 1311 1629 1365 circa
1689 1310 1811 1380 ejus
1863 1325 2086 1365 carnem

503 1394 721 1461 eﬂ‘ecto,
746 1412 905 1453 nemo
930 1409 1015 1454 est
1045 1400 1137 1469 qui
1176 1400 1439 1471 ambigat.
1464 1400 1585 1473 Ipse
1616 1412 1823 1463 autem.
1853 1418 1974 1456 cum
2016 1404 2092 1457 sit

503 1488 634 1552 vita,
656 1496 712 1543 et
748 1490 1070 1557 viviﬁcator,
1095 1500 1150 1546 et
1175 1497 1483 1561 operatoria
1506 1498 1687 1549 virtus
1717 1495 2089 1555 Patris.snum

504 1580 818 1636 vivificabat
855 1583 1136 1652 templum,
1162 1584 1317 1654 juxta
1343 1588 1471 1641 illud
1498 1606 1513 1642 :
1558 1606 1576 1640 t
1605 1587 1811 1644 Solvite
1832 1590 2087 1657 templum

504 1672 630 1735 hoc,
662 1683 713 1727 et
738 1673 790 1727 in
815 1674 989 1730 tribus
1022 1676 1214 1732 diebus
1247 1680 1501 1734 excitabo
1561 1681 1690 1735 illud
1724 1683 1798 1731 θ’.
1839 1700 1858 1734 ι
1900 1682 2091 1752 Itaque

501 1766 647 1833 quod
684 1766 1084 1833 viviﬁcabatur,
1118 1787 1227 1825 non
1257 1783 1375 1826 erat
1407 1773 1666 1837 alienum,
1703 1790 1879 1843 neque
1918 1775 2090 1828 alicu-

2194 571 2426 643 τρέχων.
2459 570 2668 624 Οὐκοῦν
2699 567 3016 639 (ἀνθέξομαι
3049 567 3159 638 γὰρ
3201 566 3301 636 τῆς
3331 563 3441 617 τῶν
3481 561 3776 632 προκειμέ-

2195 680 2302 717 νων
2334 662 2561 733 ὲννοίας)
2595 660 2719 714 οὔτε
2772 661 2870 725 τὰς
2917 659 3281 720 ἅποστολικὰς
3310 654 3638 726 ἀναιροῦμεν
3665 672 3776 724 φω-

2194 756 2310 818 νὰς,
2343 755 2417 826 μὴ
2444 756 2674 823 γένοιτο,
2701 752 2825 807 οὔτε
2856 752 2961 824 μὴν
2994 752 3158 824 ἕτερα
3190 753 3327 807 ἄττα
3364 748 3517 821 παρᾶ
3538 749 3599 802 τὸ
3631 748 3776 810 εἰκὸς

2194 846 2227 917 ἢ
2268 845 2614 916 φρονοῦντες.
2648 844 2682 916 ἢ
2714 843 2986 914 λέγοντες,
3017 846 3129 907 τοῖς
3170 846 3270 914 τῆς
3313 841 3775 912 ἐνανθρωπήσεως

2193 936 2632 1007 ἀντιπράττομεν
2678 934 2891 1003 λόγοις’
2939 934 3193 1005 ἑπόμενοι
3238 934 3296 986 δὲ
3344 928 3615 1000 πανταχοῦ
3665 932 3777 990 τοῖς

2197 1027 2365 1096 ἱεροῖς
2394 1027 2710 1096 Γράμμασι,
2739 1028 2834 1080 καὶ
2871 1029 2991 1090 ταῖς
3031 1026 3139 1080 τῶν
3178 1025 3455 1096 θεηγόρων
3485 1025 3688 1092 φωναῖς
3716 1022 3778 1074 τὸ

2195 1117 2393 1187 χρῆναι
2439 1120 2663 1186 κρατεῖν
2705 1118 3095 1189 ἀπονέμοντες.
3130 1114 3568 1180 ἀντανιστάμεθα
3597 1114 3779 1186 μόνοις

2191 1213 2304 1273 τοῖς
2336 1208 2404 1262 τὰ
2432 1208 2568 1281 ὀρθὰ
2590 1212 2689 1280 τῆς
2719 1209 3043 1280 Ἐκκλησίας
3069 1210 3316 1279 δόγματα
3340 1207 3774 1278 διαστρέφουσιν.

2194 1302 2316 1354 Ὅτι
2346 1301 2403 1354 δὲ
2449 1303 2477 1354 ὁ
2522 1302 2713 1371 Πατὴρ
2748 1304 2811 1356 ἐκ
2855 1302 3066 1373 νεκρῶν
3108 1302 3411 1372 ἀναστῆσαι
3443 1301 3533 1353 τὸν
3574 1299 3776 1370 Κύριον

2192 1392 2349 1463 ἡμῶν
2385 1393 2592 1464 Ἰησοῦν
2619 1395 2854 1466 Χριστὸν
2898 1394 3139 1462 λέγεται,
3176 1392 3568 1464 ὲνεργουμένου
3592 1390 3776 1461 δηλον-

2191 1485 2273 1537 ότι
2313 1486 2441 1555 περὶ
2470 1486 2570 1555 τὴν
2603 1486 2784 1557 σάρκα
2826 1485 2992 1541 αὑτοῦ
3040 1486 3134 1539 τοῦ
3185 1487 3533 1557 πράγματος.
3564 1485 3664 1538 οὐκ
3708 1485 3777 1538 ἂν

2193 1575 2484 1630 ἐνδοιάσειὲ
2518 1594 2621 1640 τις.
2657 1576 2827 1641 Αὐτὸς
2873 1577 2931 1630 δὲ
2966 1576 3228 1647 ὑπάρχων
3281 1578 3314 1648 ή
3346 1574 3481 1647 ζωὴ,
3515 1574 3778 1639 ζωοποιός

2189 1684 2249 1721 τε
2281 1669 2373 1722 καὶ
2426 1668 2655 1740 ἐνεργὴς
2682 1667 2910 1738 δύναμις
2937 1668 3032 1721 τοῦ
3063 1668 3297 1738 Πατρὸς,
3327 1667 3419 1721 τὸν
3452 1667 3582 1720 ἴδιον
3611 1667 3776 1732 ἐζωο-

2193 1761 2333 1814 ποίει
2368 1762 2522 1814 ναόνο
2555 1781 2573 1812 ι
2605 1762 2960 1815 Καταλύσατε
2983 1761 3002 1800 ί
3050 1762 3143 1815 τὸν
3187 1762 3312 1815 ναὸν
3366 1760 3574 1826 τοῦτον,
3619 1762 3774 1833 φησὶ,

499 1858 588 1924 jus
622 1859 781 1930 177
810 1876 873 1915 ex
904 1862 1214 1918 hominibus
1281 1865 1437 1920 nobis
1480 1866 1769 1931 similibus,
1819 1867 1913 1921 sed
1958 1883 2085 1933 pro-

2193 1852 2286 1903 κτὶ
2318 1854 2374 1904 ὲν
2402 1852 2582 1923 τρισὶν
2612 1852 2849 1925 ἡμέραις
2878 1853 3053 1924 ὲγερῶ
3090 1852 3271 1907 αὐτόν.
3306 1848 3443 1907 I'Hv
3467 1848 3560 1906 οῦν
3582 1852 3690 1924 ἄρα
3713 1852 3777 1905 τὸ

502 1950 680 2019 prium
711 1952 880 2023 ipsius
902 1953 1067 2010 Verbi
1094 1971 1312 2025 corpus.

876 2273 1532 2332 ANATHEMATISMUS
1572 2272 1710 2329 Vlll.

578 2385 635 2441 Si
665 2387 788 2457 quis
819 2388 1001 2444 dicere
1033 2389 1196 2443 audet
1250 2387 1531 2443 hominem
1594 2396 1935 2453 assumptum
1980 2401 2085 2439 una

499 2493 624 2534 cum
667 2479 757 2534 Dei
796 2479 979 2536 Verbo
1000 2480 1361 2543 adorandum,
1412 2488 1468 2534 et
1531 2478 2084 2547 conglorilicandnm,

500 2579 554 2625 et
578 2571 767 2638 Deum,
801 2582 1054 2643 tanquam
1089 2572 1318 2628 alterum
1348 2586 1473 2627 cum
1494 2570 1667 2625 altero
1696 2571 2087 2626 connominan-

499 2661 629 2715 dum
663 2663 976 2735 esse(bunc
1004 2663 1149 2720 enim
1192 2662 1529 2717 intellectum
1588 2662 1873 2731 particula,
1936 2677 2081 2725 cunt,

499 2752 735 2823 adjecta,
760 2764 1022 2823 perpetuo
1050 2770 1114 2809 ac
1137 2755 1446 2809 necessario
1478 2752 1657 2824 all‘ert)
1685 2764 1738 2807 et
1766 2770 1871 2807 non
1906 2755 2084 2823 potius

501 2862 607 2900 uina
655 2848 973 2903 adoratione
1015 2847 1425 2903 Emmanuelem
1479 2848 1739 2913 honorat,
1806 2862 2084 2917 unamque

501 2930 579 2986 illi
639 2932 1090 3003 gloriﬁcationem
1166 2937 1439 3001 attribuit,
1510 2948 1777 3007 quatenus
1843 2936 2081 2992 Verbum

499 3026 701 3080 factum
735 3036 821 3083 est
846 3042 1016 3093 caro;
1053 3029 1343 3083 anathema
1373 3031 1465 3084 sit.

958 3137 1314 3193 Orientalium
1350 3141 1629 3209 oppositio.

572 3245 867 3302 Coadorari
926 3256 982 3302 et
1016 3249 1439 3317 conglorilicari,
1472 3251 1628 3319 quasi
1688 3250 1757 3305 de
1808 3251 2079 3319 personis,

500 3337 585 3394 vel
608 3339 995 3402 subsistentiis,
1072 3340 1155 3396 vel
1214 3341 1338 3394 ﬁliis
1406 3343 1615 3395 duobus
1674 3357 1780 3395 non
1826 3343 2079 3411 dicimus,

501 3432 652 3500 quasi
709 3432 868 3485 aliter
917 3430 1009 3484 ﬁat
1054 3433 1302 3487 adoratio
1356 3435 1465 3487 Deo
1530 3432 1743 3498 Verbo,
1796 3444 1850 3489 et
1924 3435 2085 3491 aliter

501 3525 685 3589 carni;
713 3524 807 3578 sed
842 3540 1001 3578 unam
1027 3526 1208 3595 potius
1248 3526 1643 3591 adorationem,
1692 3538 1746 3582 et
1779 3536 1973 3584 cmtera
2026 3537 2085 3583 ut

502 3616 597 3669 uni
636 3616 770 3671 Filio
815 3618 1112 3683 oﬂ‘erimus,
1144 3629 1197 3674 et
1242 3620 1413 3688 ipsum
1467 3622 1779 3687 coadorari,
1823 3624 1965 3679 sicut
2030 3633 2086 3678 et

501 3706 617 3774 ipse
648 3707 700 3760 in
728 3709 903 3775 primo
933 3719 1080 3766 Iomo
1109 3711 1261 3766 dicit.
1288 3711 1419 3766 Nam
1471 3714 1721 3782 quamvis
1766 3729 1983 3784 semper
2026 3727 2086 3771 ut

500 3795 739 3853 Verbum
773 3816 893 3853 cum
917 3800 1082 3858 Patre
1110 3818 1210 3858 suo
1242 3803 1545 3872 consident,
1578 3815 1633 3861 et
1663 3821 1726 3860 ex
1770 3807 1889 3874 ipso
1944 3818 1999 3863 et
2031 3811 2081 3862 in

503 3890 619 3961 ipso
648 3893 942 3949 secundum
1002 3906 1248 3950 naturam
1287 3898 1537 3964 exsistat,
1592 3908 1772 3955 tamen
1831 3901 2085 3957 audiebat

500 3983 665 4036 etiam
711 3999 832 4037 cum
886 4000 1051 4039 carne
1117 3988 1388 4043 exsisteus
1437 3989 1761 4045 dicentem:
1800 4011 1818 4044 ι
1858 3990 1998 4047 Sede
2051 4009 2081 4048 a

502 4076 707 4130 dextris
748 4079 902 4142 meis,
934 4079 1106 4133 donec
1131 4095 1325 4149 ponam
1362 4082 1611 4137 inimicos
1637 4093 1756 4138 tuos
1786 4086 2080 4141 scabellum

502 4169 695 4235 pedum
722 4180 937 4225 tuorum
954 4171 1022 4226 ".
1069 4192 1087 4224 ι
1117 4173 1194 4227 ita
1229 4183 1283 4228 et
1306 4176 1519 4229 adorari
1558 4177 1793 4230 dicimus
1829 4179 2002 4244 ipsum
2029 4188 2083 4233 et

504 4276 534 4313 a
570 4262 723 4316 nobis
753 4263 886 4333 ipsis
932 4274 985 4319 et
1013 4268 1265 4321 asanctis
1301 4269 1527 4338 angelis.
1582 4268 1813 4323 Proinde
1843 4272 1909 4324 ad
1968 4272 2083 4325 hare

501 4352 770 4418 dicimus,
802 4355 944 4422 quod
970 4356 1107 4410 scite
1164 4358 1452 4413 admodum
1509 4362 1766 4430 praecepit
1821 4361 1950 4423 his,‘
1989 4361 2080 4430 qui

501 4459 624 4497 cum
644 4458 810 4499 carne
835 4461 1000 4499 unum
1037 4456 1090 4502 et
1116 4450 1361 4502 eumdem
1390 4447 1585 4503 Filium
1614 4452 1841 4506 adorare
1867 4452 2077 4517 volunt,

2109 3185 2157 3247 (Ζ

2192 1944 2625 2015 ζωοποιούμενον
2670 1945 2770 1997 οὐκ
2819 1944 3121 2016 ἀλλότριον,
3171 1944 3296 1999 οὔτε
3343 1947 3449 2016 μὴν
3500 1945 3619 2010 ἐνὸς
3665 1944 3775 1998 τῶν

2192 2033 2311 2085 καθ’
2350 2034 2498 2104 ἡμᾶς
2545 2032 2880 2104 ἀνθρώπων,
2921 2034 3037 2088 ἀλλ’
3065 2034 3194 2088 ἴδιον
3249 2034 3416 2088 αὑτοῦ
3464 2035 3559 2089 τοῦ
3600 2034 3775 2104 Λόγου

2192 2142 2374 2196 σῶμα.

2627 2257 3223 2311 ΛΝΑΘΕΜΛΤΙΣΜΟΣ
3263 2259 3344 2312 Η’.

2260 2373 2329 2426 Εἴ
2370 2392 2455 2438 τις
2503 2372 2679 2445 τολμᾷ
2718 2373 2897 2441 λέγειν
2931 2372 3021 2425 τὸν
3063 2371 3446 2442 ἀναληφθέντα
3490 2372 3776 2442 ἄνθρωπον

2191 2466 2727 2538 συμπροσκυνεῖσθαι
2755 2465 2864 2517 δεῖν
2892 2464 2968 2535 τῷ
3000 2464 3119 2535 Θεῷ
3166 2466 3346 2535 Λόγῳ,
3378 2465 3473 2517 καὶ
3521 2464 3772 2530 συνδοξά-

2187 2559 2396 2624 ζεσθαι,
2433 2559 2528 2613 καὶ
2560 2556 3026 2629 συγχρηματίζειν
3060 2557 3225 2621 Θεὸν,
3271 2557 3345 2620 ὡς
3375 2556 3560 2627 ἕτερον
3603 2556 3775 2626 ἑτέρῳ

2188 2654 2267 2722 (τὸ
2298 2652 2408 2723 γάρ
2439 2653 2582 2716 σὺν,
2608 2653 2695 2707 άε¹ι
2718 2650 3143 2723 προστιθέ-μενον
3175 2648 3331 2703 τοῦτο
3360 2652 3498 2704 νοεῖν
3524 2650 3770 2717 ἀναγκά-

2189 2741 2291 2815 σει)
2323 2761 2339 2775 ·
2376 2743 2469 2796 καὶ
2503 2744 2621 2813 οὐχὶ
2654 2742 2717 2814 δὴ
2757 2741 2955 2813 μᾶλλον
2991 2742 3087 2810 μιᾷ
3114 2742 3479 2813 προσκυνήσει
3512 2742 3646 2811 τιμᾷ
3683 2739 3773 2792 τὸν

2199 2835 2586 2906 Ἐμμανουήλ,
2636 2835 2731 2888 καὶ
2785 2833 2914 2904 μίαν
2963 2831 3113 2902 αὐτῷ
3160 2832 3259 2903 τὴν
3304 2832 3596 2904 ὁμολογίαν
3646 2847 3767 2884 συνα

2186 2925 2411 2993 άπτειε,
2450 2925 2586 2980 καθὸ
2615 2925 2804 2994 γέγονε
2844 2919 2983 2993 σάρξ
3019 2924 3047 2975 ὁ
3076 2922 3245 2992 Λόγος
3268 2938 3283 2953 ⁸
3324 2921 3573 2993 ἀνάθεμα
3609 2922 3768 2977 ἔστω.

2498 3127 2866 3197 Ἀντίῤῥησις
2902 3124 3021 3179 τῶν
3069 3122 3483 3179 Ἀνατολικῶν.

2256 3242 2331 3295 Τὸ
2360 3238 2919 3310 συμπροσκυνεῖσθαι,
2955 3237 3050 3292 καὶ
3080 3234 3520 3301 συνδοξάζεσθαι,
3539 3235 3615 3300 ὡς
3641 3252 3770 3307 περ.

2184 3331 2513 3405 προσώπων,
2545 3330 2578 3401 ἢ
2614 3331 2965 3383 ὑποστάσεων
3017 3329 3050 3400 ἣ
3096 3328 3228 3381 υἱῶν
3276 3327 3369 3381 δύο
3406 3328 3467 3381 οὐ
3517 3327 3768 3399 λέγομεν,

2183 3428 2259 3491 ὡς
2306 3428 2372 3496 τῇ
2416 3424 2581 3495 σαρκὶ
2621 3423 2823 3494 ἑτέρως
2877 3422 3301 3493 προσκυνήσεως
3333 3421 3649 3493 γινομένης,
3677 3421 3773 3475 καὶ

2183 3518 2261 3588 τῷ
2288 3516 2407 3587 Θεῷ
2444 3516 2602 3587 Λόγῳ
2633 3514 2864 3585 ἑτέρως’
2894 3514 3030 3567 ἀλλὰ
3062 3514 3265 3585 μᾶλλον
3297 3515 3427 3584 μίαν
3463 3512 3774 3585 προσκύνη-

2187 3626 2290 3673 σιν,
2322 3609 2417 3662 καὶ
2443 3608 2510 3662 τά
2536 3608 2700 3661 λοιπὰ
2725 3607 2802 3670 ὡς
2845 3606 2927 3659 ἑνὶ
2984 3606 3101 3677 Υἱῷ
3151 3608 3556 3679 προσφέρομεν,
3591 3607 3683 3660 καὶ
3712 3607 3774 3658 τὸ

2187 3700 2747 3775 συμπροσκυνεῖσθαι,
2777 3700 2852 3763 ὡς
2882 3702 2978 3754 καὶ
3004 3700 3167 3763 αὐτὸς
3200 3701 3257 3753 ὲν
3282 3700 3360 3769 τῷ
3393 3697 3596 3770 πρώτῳ
3618 3699 3772 3768 τόμῳ

2188 3796 2358 3864 λέγει.
2402 3795 2597 3849 Καίτοι
2623 3794 2733 3864 γὰρ
2760 3793 2848 3847 ἀεὶ
2879 3792 3215 3865 συνεδρεύων
3240 3792 3316 3855 ὼς
3343 3792 3515 3860 Λόγος
3548 3792 3624 3861 τῷ
3658 3790 3773 3860 ἰδίῳ

2186 3888 2384 3959 Πατρὶ,
2412 3888 2506 3941 καὶ
2548 3886 2608 3950 ἐξ
2632 3884 2799 3939 αὑτοῦ
2827 3902 2886 3937 τε
2921 3884 3016 3938 καὶ
3044 3886 3100 3936 ὲν
3127 3882 3277 3953 αὐτῷ
3300 3882 3443 3937 κατὰ
3476 3880 3637 3951 φύσιν
3668 3882 3772 3934 ὑπ-

2186 3980 2390 4049 άρχων,
2432 3978 2592 4031 πάλιν
2642 3978 2808 4048 ἠκουε
2854 3977 3139 4046 λέγοντοςέ·
3203 3977 3291 4032 καὶ
3342 3974 3482 4046 μετὰ
3532 3976 3729 4047 σαρκός
3754 3992 3769 4006 ο

2192 4089 2210 4121 ι
2244 4069 2428 4123 Κάθου
2457 4070 2522 4122 ὲκ
2558 4067 2746 4133 δεξιῶν
2781 4083 2904 4136 μου,
2937 4066 3039 4130 ἕως
3073 4064 3138 4119 ἂν
3162 4063 3240 4117 θῶ
3261 4064 3387 4126 τοὺς
3418 4060 3648 4133 ἐχθρούς
3674 4078 3769 4115 σου

2186 4161 2476 4215 ὑποπόδιον
2509 4159 2617 4212 τῶν
2665 4158 2843 4212 ποδῶν
2890 4175 3007 4211 σου,
3047 4176 3065 4207 ι
3132 4155 3288 4209 Οὕτω
3326 4155 3419 4207 καὶ
3451 4156 3775 4226 προσκυνεῖ-

2188 4252 2311 4308 σθαί
2359 4271 2539 4323 φαμεν
2576 4251 2738 4306 αὑτὸν
2788 4250 2925 4322 πρός
2974 4266 3033 4302 τε
3087 4247 3247 4319 ἡμῶν
3288 4245 3490 4311 αὐτῶν,
3520 4245 3615 4299 καὶ
3662 4244 3773 4299 τῶν

2186 4344 2356 4413 ἁγίων
2405 4342 2673 4411 ἀγγέλων.
2710 4340 2855 4411 Πρὸς
2900 4334 2993 4393 οὖν
3044 4338 3219 4392 ταῦτά
3270 4353 3473 4406 φαμεν,
3503 4336 3579 4399 ὡς
3628 4336 3769 4389 πάνυ

2186 4432 2624 4506 ἑπιστημονικῶς
2660 4431 2944 4501 ἐπέσκηψε
2989 4432 3101 4493 τοῖς
3141 4429 3238 4482 σὺν
3276 4430 3340 4499 τῇ
3394 4428 3560 4497 σαρκὶ
3600 4442 3770 4497 προσ-

504 4543 756 4602 tanqnam
819 4538 963 4592 aliud
1015 4540 1269 4609 quiddam
1331 4543 1400 4595 sit
1443 4542 1608 4612 μετὰ,
1663 4559 1826 4613 quam
1874 4546 1994 4609 σὺν,
2023 4546 2076 4599 id

2189 4528 2366 4580 κυνεῖν
2411 4525 2489 4596 τῷ
2541 4526 2622 4578 ἑνὶ
2684 4523 2779 4578 καὶ
2825 4522 2903 4594 τῷ
2948 4521 3099 4592 αὐτῷ
3132 4520 3249 4591 Υἱῷ
3280 4518 3655 4590 βουλομένοις’
3695 4518 3772 4581 ὡς

503 4626 644 4694 quod
666 4627 854 4695 etipse
899 4631 1102 4697 posuit,
1149 4631 1289 4685 sicut
1336 4633 1653 4700 praedictum
1700 4644 1807 4698 est,
1866 4636 2074 4700 dicens,

504 4715 677 4783 ipsum
709 4731 831 4771 cum
858 4733 1027 4774 carne
1043 4721 1395 4785 adorandum,
1420 4739 1622 4795 negans
1655 4737 1836 4782 autem
1871 4728 2072 4782 coado-

504 4811 729 4865 rendam
762 4826 884 4865 cum
911 4811 1193 4868 divinitate
1215 4829 1458 4872 carnem.

1045 5014 1233 5087 Cyri/li
1268 5017 1520 5087 defensio.

578 5129 757 5185 Mente
804 5130 1167 5187 attentissima
1238 5149 1335 5189 nos
1398 5150 1520 5189 esse
1572 5136 1822 5192 hortatur
1864 5138 2084 5193 divinus

510 5222 997 5290 Paulus,ldicens:
1037 5243 1056 5276 ι
1096 5224 1328 5281 Probate
1352 5242 1447 5282 vos
1491 5228 1663 5297 ipsos,
1701 5245 1829 5284 num
1874 5230 1994 5285 sitis
2029 5232 2081 5285 in

508 5313 614 5369 lide
632 5315 699 5366 “.
763 5332 783 5367 ι
838 5314 973 5370 Nam
1012 5333 1165 5372 mens
1205 5318 1463 5385 humana,
1509 5319 1635 5377 licet
1684 5337 2074 5392 nonnunquam

2188 4620 2379 4690 ἐτέρου
2412 4619 2558 4682 τινὸς
2610 4616 2767 4680 ὄντος
2796 4615 2949 4688 παρὰ
2995 4614 3050 4668 τὸ
3093 4613 3236 4677 σὺν,
3266 4612 3361 4666 τοῦ
3403 4609 3589 4681 μετὰ,
3635 4611 3769 4678 ὅπερ

2186 4713 2349 4775 αὐτὸς
2400 4710 2627 4781 ἔθηκεν,
2665 4709 2742 4773 ὡς
2791 4708 3136 4779 προείρηται,
3186 4704 3361 4772 λέγων
3414 4702 3577 4756 αὑτὸν
3633 4700 3771 4771 μετὰ

2188 4807 2391 4876 σαρκὸς
2415 4807 2523 4860 δεῖν
2552 4803 2994 4876 προσκυνεῖσθαι,
3012 4800 3372 4872 ἀπαγορεύων
3399 4799 3457 4852 δὲ
3486 4814 3769 4869 συμπροσ-

2189 4901 2465 4956 κυνεῖσθαι
2505 4903 2571 4971 τῇ
2600 4899 2833 4969 Θεότητι
2864 4896 2964 4967 τὴν
3002 4896 3203 4965 σάρκα.

2657 5010 2967 5079 Ἀπολογία
2998 5007 3321 5075 Κυρίλλου.

2264 5127 2729 5199 Νουνεχεστάτους
2756 5139 2770 5165 ι
2806 5125 2951 5195 ἡμᾶς
2989 5124 3018 5176 ὀ
3051 5121 3335 5184 θεσπέσιος
3384 5120 3595 5182 Παῦλος
3629 5122 3767 5176 ἀπο-

2190 5223 2391 5292 φαίνει,
2410 5220 2613 5289 λέγων’
2652 5238 2669 5270 t
2710 5217 2967 5279 Ἑαυτοὺς
2996 5213 3343 5285 δοκιμάζετε,
3371 5214 3418 5264 εἰ
3448 5211 3573 5264 ὲστὲ
3603 5213 3662 5264 ὲν
3694 5214 3762 5283 τῇ

2187 5316 2387 5369 πίστει.
2416 5333 2434 5367 ι
2472 5312 2614 5376 Νοῦς
2648 5311 2747 5385 μὲν
2786 5310 2894 5380 γάρ
2922 5310 2950 5362 ό
2982 5303 3321 5379 ἀνθρώπινος
3352 5305 3455 5358 ὑπὸ
3481 5303 3763 5375 φιλαυτίας

576 5497 623 5528 ³³
650 5494 811 5551 Juun.
857 5501 1032 5564 ",19.
1113 5500 1157 5531 ⁸³
1190 5499 1333 5554 Paul.
1362 5517 1470 5567 (:tx,
1510 5503 1559 5565 l,
1600 5502 1656 5558 ‘2.
1734 5503 1782 5534 ”
1816 5500 1853 5554 ΙΙ
1888 5501 2013 5556 Cor.
2045 5516 2142 5556 XIII
2166 5546 2179 5568 ,
2212 5499 2264 5553 5.

1560 5658 1735 5714 Varia:
1766 5659 2023 5714 lectiones
2056 5675 2122 5713 cx
2149 5658 2335 5714 codice
2366 5655 2741 5728 Seguicriano.

584 5810 604 5853 ί
650 5812 790 5868 κατὰ
816 5816 908 5879 τδς
933 5816 1128 5874 λύσατε
1159 5819 1247 5877 τὸν
1270 5821 1413 5876 ναόν.
1495 5821 1519 5862 ε
1550 5820 1798 5886 ἀνάπτει,
1832 5820 1869 5888 ἢ
1900 5819 2236 5888 ἀναπέμπει.
2316 5819 2343 5859 Ιι
2375 5815 2616 5887 λέγοντα.
2702 5816 2717 5858 i
2752 5813 3179 5887 Νουνεχέστατα.
