4104 6336
362 359 397 415 3
408 358 469 414 ι’)

977 354 1520 414 APOLOGETICUS
1556 356 1693 413 PRO
1735 357 1825 413 ΧΙΙ
1865 358 2233 419 CAPITIBUS
2271 361 2557 419 CONTRA
2597 362 3059 419 ORIENTALES.

3526 360 3676 437 εεο,

364 474 480 530 ἔσθ’
508 476 621 539 ὅτε,
662 473 765 529 κάν
806 474 854 527 εί
887 472 993 539 ἔξω
1026 475 1246 547 φέροιτο
1272 475 1374 547 τῆς
1407 476 1624 541 εὐθείας
1664 479 1809 544 ὀδοῦ,
1854 480 1938 534 καῖ

2050 491 2275 551 propter
2320 497 2561 537 amorem
2617 482 2697 538 sui
2736 499 2766 539 a
2814 492 2964 540 recta
3007 483 3091 538 via
3147 482 3479 554 egrediatur,
3514 495 3568 536 et
3598 499 3626 536 a

360 567 468 621 τῶν
500 567 601 638 τῆς
645 565 907 637 ἀληθείας
934 566 1220 638 δογμάτων
1268 568 1654 638 ἀποφοιτῶσαν
1685 569 1799 640 ἔχοι
1844 570 1943 643 τὴν

362 660 597 731 κίνησιν,
637 657 750 713 τῶν
798 657 945 713 ίδίων
994 659 1215 713 ἐννοιῶν
1269 660 1579 733 καθορίζειν
1621 662 1684 715 τὸ
1734 664 1946 735 ἀπηχὲς

358 755 510 807 ὀκνεῖ
540 769 661 817 πως
686 751 777 807 ἀεὶ
800 752 898 805 καὶ
921 751 1094 806 δέδιεν
1114 769 1128 783 ο
1161 753 1353 806 ἑαυτόν
1384 770 1449 822 γε
1486 754 1593 826 μὴν
1633 754 1946 826 ἐπανορθώ-

361 860 516 898 σεται
557 844 656 899 καὶ
690 842 835 915 μάλα
870 842 1101 914 ῥᾳδίως,
1146 843 1274 906 τοὺς
1323 843 1433 897 τῶν
1463 843 1638 911 ἁγίων
1686 844 1945 915 Πατέρων

360 938 900 1010 πολυπραγμονήσας
951 936 1182 1003 πόνους,
1224 938 1275 992 οἱ
1305 939 1401 993 καὶ
1453 940 1542 993 ἐπ’
1589 939 1843 1011 ὀρθότητι
1885 957 1944 994 τε

368 1033 456 1087 καὶ
482 1031 739 1104 ἀκριϐείᾳ
773 1031 1061 1103 δογμάτων
1097 1031 1383 1104 διαϐόητον
1408 1032 1592 1104 ἔχουσι
1628 1033 1781 1106 παρά
1809 1034 1945 1087 πάν-

358 1141 470 1177 των
501 1123 599 1196 τὴν
641 1123 939 1196 εὐφημίαν.
964 1123 1100 1179 Τότε
1127 1123 1226 1196 τὴν
1252 1126 1461 1179 οἰκείαν
1491 1124 1761 1197 εὐτέχνως
1801 1126 1945 1179 δοκι-

364 1217 527 1288 μάσει
567 1217 778 1271 πίστιν·
812 1217 1014 1283 σκοπὸς
1063 1217 1172 1288 γὰρ
1219 1217 1390 1272 ἀπασι
1432 1220 1546 1282 τοῖς
1601 1219 1811 1291 ἀρτίοις
1845 1218 1945 1290 τὴν

361 1308 563 1379 φρένα,
600 1311 722 1371 ταῖς
768 1307 995 1362 ἐκείνων
1038 1308 1269 1363 ἔπεσθαι
1302 1308 1514 1376 δόξαιςο
1542 1308 1626 1362 ὅτι
1665 1309 1760 1363 καὶ
1791 1308 1947 1362 αὐτοὶ

358 1402 459 1471 τῆς
503 1418 563 1455 τε
611 1401 976 1472 ἀποστολικῆς
1036 1399 1132 1454 καὶ⁵
1174 1400 1538 1472 εὐαγγελικῆς
1592 1400 1946 1471 παραδόσεως

360 1490 452 1545 τὸν
477 1492 675 1544 οίκεῖον
702 1491 1086 1563 ἐμπλήσαντες
1114 1490 1263 1553 νοῦν,
1289 1492 1384 1545 καὶ
1410 1491 1520 1544 τῶν
1549 1491 1643 1545 ἐπὶ
1668 1494 1735 1564 τῇ
1764 1490 1945 1545 πίστει

360 1584 532 1654 λόγων
557 1582 571 1634 i
603 1583 782 1657 ὀρθῶς
808 1602 869 1639 τε
897 1585 993 1640 καὶ
1016 1587 1333 1657 ἀμωμήτως
1355 1587 1419 1640 ἐκ
1442 1586 1552 1640 τῶν
1576 1586 1737 1657 ίερῶν
1760 1587 1946 1658 Γραμ-

363 1675 549 1743 μάτων
590 1669 649 1728 εὖ
688 1673 836 1745 μάλα
884 1674 1334 1745 κατωρθωκότες,
1368 1676 1654 1747 φωστῆρες
1702 1672 1844 1748 ἦσαν
1885 1678 1944 1731 ὲν

360 1764 572 1837 κόσμῳ,
602 1763 923 1838 λόγονζωῆς
952 1766 1260 1837 ἐπέχοντες,
1292 1767 1435 1821 κατὰ
1450 1768 1511 1822 τὸ
1530 1769 1939 1839 γεγραμμένον.

2048 574 2193 631 veris
2222 575 2564 646 dogmatibus
2597 577 2863 640 discedat,
2907 592 3132 632 suarum
3189 586 3372 632 tattten
3426 578 3631 646 cogita-

2047 658 2253 721 tionum
2311 667 2706 723 absurditatem
2765 679 3006 741 statuere
3068 652 3472 739 quodammodo
3522 685 3627 723 non

2045 757 2229 810 audet.
2265 757 2372 811 Sed
2408 768 2584 813 tamen
2613 762 2847 827 seipsam
2875 761 3032 815 iacile
3054 762 3311 825 corriget.
3342 779 3385 811 Si
3413 761 3629 814 lahores

2044 859 2285 902 scrutata
2344 848 2509 904 fuerit
2569 862 2882 906 sanctorum
2942 851 3188 913 Patrum,
3234 852 3397 923 178
3433 854 3521 919 qui
3562 855 3629 907 ab

2046 942 2302 998 omnibus
2361 944 2429 999 de
2492 947 2821 1001 rectitudine
2853 957 2907 1001 et
2934 948 3264 1002 certitutline
3314 947 3626 1010 dogmatqu

2047 1035 2417 1098 celebrantur,
2479 1046 2591 1090 tum
2643 1052 2797 1092 suam
2844 1050 3048 1093 rectam
3094 1038 3251 1091 Iidem
3302 1036 3626 1102 explorabit.

2046 1127 2250 1183 Omnes
2270 1130 2436 1194 enim,
2465 1130 2663 1200 quibus
2694 1131 2965 1201 integrum
2989 1145 3085 1185 cor
3121 1142 3227 1196 est,
3262 1130 3478 1184 illorum
3503 1145 3630 1183 sen-

2046 1221 2246 1274 tentias
2273 1222 2425 1290 sequi
2481 1224 2819 1277 contendunt
2855 1240 2869 1276 :
2911 1223 3038 1292 quia
3082 1231 3138 1277 et
3188 1221 3286 1290 ipsi
3328 1220 3627 1289 apostolica

2048 1319 2105 1365 et
2132 1311 2443 1381 evangelica
2495 1314 2789 1367 traditione
2821 1328 2973 1367 suam
3009 1322 3247 1367 mentem
3273 1327 3397 1366 cum
3435 1311 3632 1380 imple-

2049 1401 2274 1471 vissent,
2300 1411 2355 1457 et
2382 1418 2447 1457 ex
2477 1404 2649 1458 sacris
2680 1403 2981 1474 Scripturis
3017 1419 3302 1458 sermones
3332 1402 3453 1457 ﬁdei
3484 1414 3630 1456 recte

2051 1503 2107 1548 et
2140 1494 2279 1548 citra
2333 1495 2814 1562 reprehensionem
2855 1502 3210 1557 tractassem,
3248 1492 3434 1546 mundi
3478 1490 3631 1545 fuere

2047 1583 2415 1648 luminariam,
2441 1599 2747 1639 sermonem
2779 1585 2904 1638 vitae
2933 1585 3294 1647 continentes,
3313 1583 3629 1654 proutscri-

2045 1680 2193 1743 ptum
2233 1681 2317 1727 est
2345 1674 2413 1727 ".
2446 1671 2632 1742 itaque
2675 1674 2865 1728 scribit
2897 1684 3115 1728 aeterna:
3154 1675 3430 1729 memoria:
3469 1673 3630 1727 Pater

2049 1774 2233 1819 noster
2265 1773 2319 1818 et
2349 1766 2638 1835 episcOpus
2672 1766 3005 1822 Athanasius
3042 1768 3107 1821 tle
3166 1766 3339 1821 nostri
3383 1765 3627 1820 omnium

357 1854 563 1926 Γράφει
582 1855 759 1910 τοίνυν
777 1858 806 1910 ό
822 1837 924 1927 τῆς
945 1856 1116 1911 ἀϊδίου
1161 1858 1381 1929 μνήμης
1402 1858 1431 1898 ιι
1453 1837 1649 1929 Πατὴρ
1663 1837 1822 1929 ἡμῶν
1847 1861 1938 1914 καὶ

2050 1855 2330 1913 Salvatore
2375 1857 2594 1912 Christo
2639 1858 2692 1911 in
2736 1858 2891 1912 libris
2926 1860 2991 1912 de
3028 1858 3445 1912 incarnatione:
3480 1856 3628 1911 Con-

355 1947 659 2014 ὲπίσκοπος
711 1949 1031 2014 Ἀθανάσιος
1091 1951 1221 2021 περὶ
1257 1949 1351 2004 τοῦ
1397 1950 1614 2005 πάντων
1642 1954 1675 2023 ὴ
1686 1951 1802 2022 μῶν
1827 1954 1942 2006 Σω-

354 2039 520 2112 τῆρος
542 2041 780 2113 Χριστοῦ
807 2044 866 2097 ὲν
885 2044 998 2109 τοῖς
1024 2043 1155 2115 περὶ
1182 2043 1285 2114 τῆς
1320 2043 1648 2116 σαρκώσεως
1665 2062 1678 2075 ·
1720 2045 1940 2117 Ὁμολο-

352 2130 559 2203 γοῦμεν
586 2133 682 2186 καὶ
704 2128 845 2187 εἶναι
870 2134 1032 2189 αὑτὸν
1057 2135 1185 2189 Υίὸν
1211 2133 1304 2189 τοῦ
1336 2135 1496 2198 Θεοῦ,
1521 2136 1614 2189 καὶ
1641 2134 1773 2188 Θεδν
1796 2136 1940 2191 κατά

353 2222 605 2295 πνεῦμα,
646 2226 759 2281 υίδν
787 2225 1078 2299 ἀνθρώπου
1107 2227 1248 2281 κατά
1277 2227 1477 2299 σάρκα.
1508 2228 1583 2281 οὐ
1619 2225 1713 2280 δύο
1748 2226 1940 2297 φύσεις

351 2317 444 2370 τὸν
472 2317 567 2372 ἕνα
598 2318 749 2385 Υίὸν,
780 2319 910 2390 μίαν
942 2319 1349 2391 προσκυνητὴν,
1376 2320 1470 2372 καὶ
1502 2319 1631 2390 μίαν
1661 2318 1937 2392 ἀπροσκύ-

351 2426 530 2479 νητον,
557 2408 696 2463 ἀλλά
734 2409 864 2481 μίαν
895 2409 1055 2479 φύσιν
1079 2409 1174 2464 τοῦ
1207 2409 1342 2464 Θεοῦ
1371 2410 1547 2479 Λόγου
1584 2410 1937 2482 σεσαρκωμέ.⁴

351 2518 471 2572 νην,
499 2502 593 2555 καὶ
619 2502 1091 2574 προσκυνούμενον
1129 2502 1269 2573 μετὰ
1292 2504 1389 2574 τῆς
1415 2503 1615 2577 σαρκὸς
1642 2502 1806 2557 αὐτοῦ
1840 2505 1938 2575 μιᾷ

352 2593 758 2664 προσκυνήσειο
791 2594 911 2647 οὐδὲ
950 2592 1046 2648 δύο
1075 2596 1245 2660 υίοὺς,
1286 2596 1445 2649 ἄλλον
1492 2596 1590 2668 μὲν
1632 2596 1764 2649 Υίὺν
1804 2595 1937 2649 Θεοῦ

351 2681 604 2751 ἀληθινὸν
631 2686 725 2736 καὶ
754 2684 1249 2757 προσκυνούμενον,
1271 2686 1429 2741 ἄλλον
1450 2687 1507 2740 δὲ
1528 2688 1590 2740 ὲκ
1612 2686 1832 2758 Μαρίας
1854 2687 1942 2741 ἀν-

355 2776 571 2845 θρωπον
595 2776 671 2849 μὴ
699 2778 1191 2849 προσκυνούμενον,
1217 2779 1358 2833 κατὰ
1386 2779 1547 2852 χάριν
1571 2779 1628 2833 δὲ
1654 2780 1781 2834 Υίὸν
1802 2780 1936 2834 Θεοῦ

353 2868 664 2939 γενόμενον,
690 2870 765 2934 ὡς
792 2871 885 2924 καὶ
923 2871 1219 2944 ἄνθρωποι.
1249 2873 1360 2926 Καὶ
1403 2873 1521 2944 μεθ’
1551 2874 1715 2945 ἕτερα
1754 2874 1935 2927 πάλιν·

367 2957 425 3012 Ὀ
465 2960 644 3014 τοίνυν
673 2962 956 3032 γεννηθεὶς
985 2967 1050 3018 ὲκ
1082 2965 1183 3035 τῆς
1208 2965 1494 3037 Παρθένου
1525 2966 1767 3037 Μαρίας,
1813 2966 1941 3030 Υἱὸς

352 3049 490 3103 Θεοῦ
514 3049 691 3119 φύσει,
711 3054 804 3107 καὶ
819 3053 953 3118 Θεὸς
980 3055 1253 3125 ἀληθινὸς,
1272 3058 1366 3111 καὶ
1392 3057 1452 3109 οὐ
1472 3058 1658 3128 χάξιτι
1688 3058 1780 3110 καὶ
1807 3074 1939 3127 μετ-

2044 1950 2263 2006 ﬁtentur
2313 1950 2478 2006 etiam
2506 1965 2628 2005 esse
2678 1949 2825 2004 illum
2872 1949 3067 2003 Filium
3102 1950 3217 2015 Dei,
3245 1959 3301 2003 et
3332 1949 3498 2004 Deum
3539 1964 3627 2002 se-

2040 2044 2275 2100 cundum
2309 2045 2585 2114 spiritum,
2625 2041 2821 2097 Filium
2883 2043 3122 2098 hominis
3174 2045 3468 2098 secundum
3501 2057 3620 2097 car-

2041 2150 2188 2197 nem,
2218 2149 2323 2189 non
2365 2134 2500 2189 duas
2536 2144 2782 2201 naturas,
2823 2150 2987 2188 unum
3025 2134 3219 2189 Filium
3254 2152 3269 2201 ;
3311 2148 3474 2187 unam
3505 2148 3627 2201 qua:

2041 2227 2321 2291 adoretur,
2356 2235 2411 2281 et
2432 2226 2660 2280 alteram
2699 2241 2819 2294 qua:
2844 2240 2948 2280 non
2985 2225 3241 2280 adoretur
3271 2242 3287 2284 :
3328 2225 3423 2281 sed
3462 2240 3624 2279 unam

2040 2329 2294 2375 naturam
2328 2317 2421 2373 Dei
2463 2318 2623 2372 Verbi
2669 2318 3006 2372 incarnatatn
3037 2326 3093 2372 et
3122 2317 3454 2371 adorandum
3502 2331 3623 2370 cum

2040 2427 2207 2468 carne
2247 2427 2343 2467 sua
2373 2427 2478 2465 una
2511 2412 2860 2466 adoratione:
2885 2425 3060 2480 neque
3098 2412 3232 2465 duos
3265 2408 3624 2476 lllios;alium

2041 2506 2259 2574 quidem
2315 2503 2512 2559 Filium
2578 2502 2672 2557 Dei
2719 2519 2904 2557 verum
2948 2514 3003 2556 et
3043 2503 3420 2569 adorandum;
3458 2501 3623 2555 aliunt

2040 2609 2172 2650 vero
2204 2609 2272 2649 ex
2309 2594 2480 2649 Maria
2535 2593 2804 2648 hominem
2840 2607 2944 2647 non
2986 2592 3322 2647 adorantium
3362 2610 3378 2659 ;
3416 2592 3625 2646 scilicet

2041 2687 2335 2743 secundum
2374 2686 2610 2757 gratiam
2653 2685 2850 2740 Filium
2884 2684 2980 2737 Dei
3023 2683 3223 2737 factum
3274 2684 3493 2738 sicutet
3521 2684 3625 2736 ho-

2043 2779 2216 2834 mines
2256 2778 2384 2850 (1).
2430 2778 2494 2832 Ει
2523 2787 2644 2848 post
2696 2778 2800 2831 alia
2836 2778 3032 2830 iterum
3069 2794 3084 2831 :
3124 2777 3293 2848 Igitur
3341 2776 3431 2845 qui
3462 2786 3625 2829 natus

2042 2885 2112 2926 ex
2148 2869 2375 2940 Virgine
2429 2869 2618 2934 Maria,
2680 2880 2875 2924 natura
2913 2868 3083 2922 Filius
3134 2869 3223 2921 Dei
3260 2876 3367 2929 est.
3401 2877 3455 2920 et
3482 2866 3625 2922 Deus

2041 2978 2223 3028 verus,
2265 2974 2319 3015 et
2374 2980 2477 3016 non
2511 2964 2680 3031 gratia
2733 2972 2785 3015 et
2834 2960 3275 3029 participatione,
3324 2960 3621 3012 secundum

2042 3070 2263 3110 carnem
2298 3055 2469 3110 solam
2499 3071 2564 3106 ex
2584 3054 2751 3107 Maria
2782 3054 2943 3107 homo
2976 3068 2990 3117 ;
3033 3051 3331 3105 secundum
3368 3050 3620 3119 spiritum

352 3142 530 3215 ουσία,
587 3144 727 3199 κατά
758 3147 937 3217 σάρκα
968 3147 1137 3218 μόνην
1164 3147 1263 3220 τὴν
1292 3151 1356 3202 ὲκ
1379 3149 1601 3222 Μαρίας
1630 3149 1937 3221 ἄνθρωπος,

2044 3157 2249 3213 autem,
2291 3147 2405 3218 ipse
2472 3146 2642 3200 Filius
2697 3145 2787 3199 Dei
2844 3154 2899 3199 et
2949 3145 3109 3198 Deus.
3174 3142 3240 3196 Et
3282 3144 3529 3196 iterum:
3566 3139 3625 3196 Si

354 3234 497 3288 κατά
515 3235 571 3289 δὲ
591 3236 808 3307 πνεῦμα
828 3237 990 3303 αὐτὸς
1008 3238 1133 3303 Υίδς
1154 3240 1289 3293 Θεοῦ
1335 3243 1430 3295 καὶ
1449 3242 1583 3306 Θεός
1599 3259 1612 3273 ο
1635 3243 1731 3296 καὶ
1749 3242 1911 3297 πάλιν
1925 3261 1936 3274 ·

353 3327 418 3379 El
446 3326 502 3381 δέ
524 3343 610 3391 τις
633 3327 783 3400 παρά
812 3329 983 3382 ταῦτα
1009 3330 1071 3384 ὲκ
1097 3329 1206 3384 τῶν
1232 3330 1392 3385 θείων
1420 3333 1654 3404 Γραφῶν
1673 3333 1938 3397 διδάσκει,

355 3416 541 3488 ἓτερον
575 3417 752 3488 λέγων
782 3420 910 3473 Υίὸν
933 3422 1027 3474 τοῦ
1071 3421 1230 3485 Θεοῦ,
1270 3424 1360 3477 καὶ
1394 3423 1579 3496 ἕτερον
1610 3425 1700 3479 τὸν
1733 3426 1798 3478 ὲκ
1840 3425 1940 3495 τῆς

354 3509 595 3582 Μαρίας,
621 3512 761 3566 κατά
786 3514 945 3585 χάριν
971 3512 1353 3585 υίοποιηθέντα
1372 3514 1446 3579 ὡς
1472 3518 1635 3586 ἡμεῖς
1654 3532 1669 3547 ·
1694 3518 1769 3582 ὡς
1799 3512 1939 3572 εἶναι

351 3596 445 3649 δύο
470 3601 635 3664 υίοὺς,
662 3599 759 3654 ἕνα
784 3602 925 3656 κατά
951 3602 1110 3674 φύσιν
1137 3604 1263 3657 Υἰὸν
1289 3603 1446 3669 Θεοῦ,
1476 3606 1569 3659 τὸν
1590 3609 1655 3661 ἐκ
1672 3608 1830 3674 Θεοῦ,
1850 3610 1940 3662 καί⁵

352 3690 449 3742 ’ἐνα
468 3693 608 3745 κατά
636 3693 794 3763 χάριν
818 3694 909 3747 τὸν
935 3698 998 3749 ὲκ
1024 3695 1245 3766 Μαρίας
1267 3696 1552 3769 ἄνθρωπον
1568 3713 1583 3728 ·
1605 3698 1638 3769 ἢ
1667 3698 1721 3751 εί
1736 3716 1820 3764 τις
1840 3704 1938 3771 τὴν

352 3782 445 3834 τοῦ
475 3784 676 3855 Κυρίου
698 3785 858 3856 ἡμῶν
887 3787 1067 3859 σάρκα
1090 3786 1294 3841 ἀνωθεν
1316 3787 1487 3857 λέγει,
1516 3789 1609 3843 καὶ
1640 3790 1715 3861 μὴ
1746 3792 1810 3845 ὲκ
1838 3791 1938 3861 τῆς

354 3875 629 3945 Παρθένου
644 3879 861 3949 Μαρίας
878 3895 891 3907 °
911 3880 943 3950 ἢ
959 3884 1261 3952 τραπεῖσαν
1275 3882 1375 3955 τὴν
1391 3883 1620 3955 θεότητα
1636 3885 1716 3947 είς
1736 3885 1934 3957 σάρκα,

351 3964 387 4033 ἦ
428 3969 874 4042 συγχυθεῖσαν,ἢ
909 3969 1315 4037 ἀλλοιωθεῖσαν,
1356 3973 1389 4045 ἢ
1436 3973 1685 4046 παθητὴν
1713 3974 1811 4047 τὴν
1841 3974 1935 4029 τοῦ

351 4058 558 4128 Κυρίου
606 4060 870 4133 θεότητα·
912 4063 944 4134 ἢ
1000 4064 1415 4137 ἀπροσκύνητον
1462 4068 1561 4138 τὴν
1588 4067 1683 4121 τοῦ
1728 4068 1935 4138 Κυρίου

353 4151 507 4219 ἡμῶν
537 4154 715 4224 σάρκα
746 4155 821 4218 ὡς
853 4155 1163 4228 ἀνθρώπου,
1195 4159 1291 4212 καὶ
1323 4159 1398 4231 μὴ
1431 4160 1833 4232 προσκυνητὴν,
1859 4160 1936 4224 ὡς

352 4244 551 4312 Κυρίου
607 4244 700 4297 καὶ
719 4244 855 4299 Θεοῦ
877 4248 1054 4319 σάρκα
1072 4264 1086 4277 ο
1112 4249 1301 4303 τοῦτον
1323 4250 1710 4322 ἁναθεματίζει
1731 4253 1762 4322 ή
1784 4252 1932 4319 ἁγία,

353 4336 446 4387 καὶ
478 4336 739 4409 καθολικὴ
773 4339 1070 4411 Ἐκκλησία
1092 4382 1107 4406 ,
1158 4343 1455 4414 πειθομένη
1496 4344 1574 4414 τῷ
1606 4345 1735 4416 θείῳ
1767 4346 1933 4397 Ἀπο-

352 4422 524 4493 στόλῳ
553 4422 798 4492 λέγοντι·
836 4445 854 4476 ι
886 4427 955 4481 Εἴ
991 4447 1076 4493 τις
1112 4432 1257 4502 ὑμᾶς
1301 4432 1716 4501 εὐαγγελίζεται
1751 4436 1880 4506 παρ’
1906 4435 1934 4488 ὃ

2042 3239 2166 3308 quis
2205 3248 2383 3293 autem
2415 3248 2613 3307 pneler
2649 3238 2763 3290 haec
2788 3251 2853 3290 ex
2888 3236 3087 3289 divinis
3124 3233 3421 3302 Scripturis
3444 3236 3628 3299 docet,

2044 3328 2209 3383 alium
2248 3328 2436 3383 dicens
2475 3326 2672 3381 Filium
2704 3326 2820 3390 Dei,
2849 3328 3014 3381 alium
3042 3343 3107 3381 ex
3131 3326 3297 3381 Maria
3329 3328 3627 3381 secundum

2042 3406 2270 3489 gratiam
2314 3416 2481 3469 lilium
2527 3417 2871 3485 adoptatum,
2926 3416 3067 3469 sicut
3111 3430 3229 3477 nos,
3283 3423 3343 3466 ut
3384 3414 3491 3467 sint
3521 3413 3627 3466 duo

2044 3513 2159 3577 lilii,
2195 3526 2334 3566 unus
2384 3510 2680 3567 secundum
2722 3521 2971 3562 naturam
3020 3507 3192 3560 Filius
3249 3506 3365 3569 Dei,
3426 3506 3516 3573 qui
3560 3519 3626 3557 ex

2044 3607 2152 3660 Deo
2176 3622 2192 3668 ;
2219 3614 2271 3658 et
2315 3619 2454 3658 unus
2502 3603 2799 3657 secundum
2834 3602 3090 3669 gratiam,
3118 3601 3279 3654 homo
3311 3614 3379 3653 ex
3416 3598 3626 3652 Maria:

2043 3698 2126 3752 vel
2149 3698 2193 3752 si
2224 3698 2344 3767 quis
2372 3696 2587 3750 Domini
2611 3695 2783 3749 nostri
2817 3709 3038 3748 cat-nent
3065 3708 3299 3760 superne
3325 3707 3448 3746 esse
3468 3693 3620 3753 dicit,

2040 3800 2095 3846 et
2140 3805 2248 3843 non
2277 3804 2339 3842 ex
2373 3784 2594 3858 Virgine
2647 3784 2853 3849 Maria;
2891 3783 2972 3837 vel
3011 3798 3329 3836 conversam
3368 3782 3625 3834 divinita-

2043 3893 2146 3937 tem
2180 3882 2233 3935 in
2265 3895 2509 3946 carnem,
2546 3888 2636 3932 aut
2668 3876 2975 3941 confusam,
3013 3884 3105 3929 aut
3141 3877 3480 3929 immutatam
3503 3892 3518 3941 ;
3544 3873 3626 3928 vel

2040 3975 2349 4045 passibilem
2397 3972 2608 4027 Domini
2655 3970 2957 4035 deitatem;
2994 3969 3075 4023 vel
3128 3983 3234 4022 non
3289 3968 3622 4021 adorandum

2041 4066 2250 4121 Domini
2278 4065 2446 4119 nostri
2481 4078 2726 4129 carnem,
2766 4071 2825 4115 ut
2848 4060 3103 4124 hominis,
3152 4069 3336 4113 etnon
3387 4061 3624 4111 adorau-

2039 4162 2161 4215 dam
2198 4170 2255 4213 ut
2282 4157 2490 4212 Domini
2522 4165 2577 4210 et
2611 4155 2701 4210 Dei
2750 4170 2973 4209 carnem
3005 4170 3021 4220 ;
3056 4154 3198 4207 hunc
3253 4151 3621 4205 anathemati-

2039 4259 2336 4305 zatsancta
2394 4257 2451 4304 et
2491 4246 2769 4303 catholica
2829 4244 3073 4299 Ecclesia
3123 4243 3309 4296 divino
3360 4241 3622 4311 Apostolo

2037 4342 2440 4410 obtemperans,
2493 4338 2586 4407 qui
2626 4339 2804 4394 dicit:
2848 4356 2867 4390 ι
2919 4335 2975 4389 Si
3012 4336 3134 4406 quis
3166 4335 3320 4388 vobis
3345 4333 3621 4402 evangeli-

2038 4436 2241 4492 zaverit
2266 4443 2461 4504 printer
2482 4432 2557 4499 id,
2576 4432 2718 4502 quod
2747 4428 3064 4500 accepistis,
3090 4427 3381 4481 anathema
3404 4425 3558 4480 sit“.
3596 4444 3615 4477 ι

353 4509 711 4581 παρελάᾶετε,
741 4513 990 4585 ἀνάθεμα
1023 4517 1184 4574 ἔστω.
1208 4540 1226 4570 ι
1262 4522 1445 4575 Ταῦτα
1476 4525 1799 4595 φρονοῦντος
1834 4527 1926 4579 καὶ

2041 4528 2190 4598 [Hac
2228 4542 2349 4581 cum
2374 4525 2458 4580 vir
2490 4525 2580 4580 ille
2610 4523 2849 4581 senserit
2882 4533 2938 4577 et
2964 4520 3248 4591 scripserit
3299 4518 3478 4581 nobis,
3512 4516 3620 4570 Ne-

352 4603 652 4675 γράφοντος
680 4605 696 4643 ι
732 4609 861 4678 ἡμῖν
885 4610 980 4662 τοῦ
1010 4611 1223 4681 ἀνδρὸς,
1254 4615 1281 4666 ό
1305 4617 1370 4685 τῇ
1403 4616 1639 4687 Χριστοῦ
1673 4616 1799 4689 δόξῃ
1830 4635 1927 4672 πο-

350 4696 537 4768 λεμεῖν
577 4699 851 4769 ᾑρημένος
876 4740 891 4763 ,
942 4705 1040 4757 καὶ
1088 4704 1372 4761 ἀπύλωτον
1423 4710 1511 4762 ἐπ’
1558 4708 1770 4780 αὐτῷι-
1827 4711 1927 4782 τὴν

350 4784 603 4854 γλῶσσαν
632 4790 782 4852 ἀνεὶς
826 4790 1119 4863 Νεστόριος
1141 4835 1156 4860 ,
1204 4794 1348 4851 οὕτω
1380 4817 1483 4852 που
1519 4799 1684 4854 πάλιν
1720 4801 1887 4871 φησίν
1910 4819 1924 4832 ’

364 4878 761 4953 Ὀμολογοῦμεν
778 4882 869 4937 τὸν
890 4886 948 4938 ὲν
969 4885 1241 4959 ἀνθρώπῳ
1263 4889 1415 4955 Θεὸν,
1438 4892 1668 4965 σέϐομεν
1716 4898 1779 4966 τῇ
1808 4895 1929 4967 θείᾳ

355 4970 619 5058 συναφείᾳ
646 4972 724 5042 τῷ
756 4972 873 5044 Θεῷ
902 4975 1061 5047 Λόγῳ
1105 4981 1689 5053 συμπροσκυνούμενον
1719 4985 1931 5058 ἀνθρω-

353 5078 484 5115 πον.
507 5056 630 5134 'Ap‘
655 5064 756 5117 οὐκ
781 5066 1029 5137 ἐναργῶς
1079 5068 1338 5141 θεοφόρον
1364 5074 1649 5147 ἄνθρωπον
1673 5056 1929 5149 ὀνομάζει

350 5152 606 5226 Χριστὸν,
642 5157 736 5209 καὶ
785 5159 1075 5229 συνάφειαν
1106 5161 1291 5229 ἁπλῶς
1340 5166 1628 5240 ἀνθρώπου
1671 5171 1803 5241 φησὶ
1834 5187 1927 5240 γε·

420 5315 469 5349 "
491 5314 724 5390 Philipp.
767 5334 830 5383 ν,
859 5317 948 5376 l5.
1024 5319 1070 5353 ⁹⁶
1109 5318 1287 5376 Galat.
1322 5339 1361 5388 I,
1389 5321 1443 5377 9.

2033 4621 2233 4676 storius
2254 4620 2478 4691 gloriam
2497 4617 2699 4675 Christi
2731 4630 3050 4687 oppugnare
3072 4614 3280 4678 volens,
3307 4620 3362 4665 et
3388 4608 3621 4664 eﬂ'renn-

2034 4722 2142 4767 tam
2183 4712 2424 4783 linguam
2458 4713 2670 4779 laxans,
2700 4728 2917 4768 rursum
2951 4711 3030 4766 sic
3073 4708 3248 4764 dicit:
3283 4703 3621 4761 Conﬁtemnr

2034 4806 2087 4860 in
2145 4806 2365 4860 homine
2432 4805 2600 4860 Deum
2643 4825 2658 4874 ;
2701 4806 2863 4878 179
2883 4804 3110 4860 colimus
3159 4800 3344 4856 divina
3387 4794 3618 4862 conjun-

2032 4898 2217 4955 ctione
2248 4899 2357 4953 Deo
2389 4897 2569 4954 Verbo
2618 4898 3021 4954 coadorandum
3069 4888 3397 4960 hominem.)
3429 4886 3621 4941 Nonne

2032 4992 2121 5048 hic
2150 4991 2434 5047 manifeste
2465 4994 2738 5049 hominem
2762 4991 3026 5047 deiterum
3053 4989 3294 5044 nominat
3318 4983 3614 5045 Christum.

2031 5091 2085 5137 et
2118 5080 2556 5149 coniunctionem
2589 5083 2914 5150 simpliciter
2964 5081 3096 5135 dicit
3130 5074 3366 5132 hominis
3411 5072 3614 5125 lactant

2033 5190 2156 5230 esse
2179 5190 2300 5230 cum
2331 5174 2462 5241 Deo,
2487 5174 2781 5230 secundum
2811 5171 2939 5228 illud
2981 5169 3251 5234 fortassis,
3292 5165 3433 5237 quod
3472 5172 3552 5217 est
3583 5177 3615 5216 a

1409 5458 1586 5517 Variae
1619 5462 1883 5517 lectiones
1904 5480 1967 5519 ex
2006 5466 2191 5522 codice
2221 5464 2594 5536 chuieriano.

427 5589 444 5643 i
484 5590 652 5659 ἴσως,
688 5590 779 5647 τὸν
811 5593 903 5647 ἐπὶ
928 5598 995 5666 τῇ
1038 5595 1218 5648 πίστει
1251 5595 1425 5665 λόγον.
1504 5599 1527 5637 ιι
1565 5597 1832 5669 ἀοιδίμου.
1918 5598 1935 5638 ι
1968 5602 2326 5674 γεγραφότος.
2405 5614 2444 5641 ω
2478 5602 2671 5674 αὑτήν.

425 5746 504 5813 (l)
544 5747 618 5801 De
646 5747 731 5827 [iis
758 5748 970 5827 dicendi
1003 5749 1175 5807 modis
1206 5750 1343 5822 apud
1405 5749 1591 5809 Patres
1621 5767 1760 5824 smpc
1796 5754 2035 5821 usitatis,
2094 5757 2214 5813 vitlc
2270 5753 2510 5827 Magislr.
2547 5756 2722 5826 Scnt.,
2748 5756 2840 5813 lib.
2866 5771 2949 5825 tu,
2977 5756 3102 5814 dist.
3129 5756 3195 5827 5;
3219 5765 3274 5815 ct
3301 5756 3359 5813 S.
3386 5755 3559 5814 Thom
3587 5792 3607 5827 ,

356 5831 442 5886 in,
479 5837 530 5890 ν.
554 5835 607 5890 q.
645 5818 699 5886 5,
729 5829 829 5874 .u't.
872 5821 928 5877 ἐν.
