4104 6336
454 389 467 403 ο
505 350 610 412 351

1514 346 1581 403 S.
1619 342 1895 404 CYRILLI
1935 341 2408 399 ALEXANDRINI
2448 334 2839 406 ARCHIEPu‘j

3687 326 3795 384 352

510 468 682 524 Paule
713 467 919 524 dictum
954 484 969 523 :
1013 486 1032 519 ε
1062 464 1439 535 Qui'adhaeret
1464 466 1693 522 Domino
1710 483 1851 523 unus
1882 468 2102 538 spiritus

2210 466 2396 519 νέσθαι
2430 463 2568 535 πρὸς
2605 460 2760 524 Θεὸν,
2793 458 2915 513 κατ’
2955 456 3131 509 ὲκεῖνο
3182 452 3322 523 τάχα
3352 466 3455 504 που
3485 448 3546 502 τὸ
3572 447 3662 502 διὰ
3692 452 3792 517 τῆς

506 573 593 617 est
617 562 712 616 "2
752 580 772 614 ι
809 560 1068 628 Quamvis
1103 558 1379 628 quomodo
1420 574 1529 615 non
1554 568 1637 614 est
1698 575 1889 616 verum
1913 599 1927 623 ,
1956 566 2100 631 quod

509 655 626 723 ipse
652 653 818 709 fuerit
860 654 1041 724 potius
1070 654 1210 707 Deus
1260 651 1423 706 simul
1452 659 1509 705 et
1548 652 1712 706 homo
1740 693 1756 718 ,
1787 660 1842 707 et
1866 667 1971 707 non
2001 651 2100 705 ho-

510 762 600 801 mo
634 744 875 816 quidam,
940 744 1029 815 qui
1073 744 1307 799 seorsim
1338 758 1405 799 ac
1431 743 1683 812 privatim
1743 744 2100 814 intelligatur,

510 837 951 907 coniunctionem
1010 851 1133 890 cum
1197 836 1311 890 Deo
1363 835 1664 890 secundum
1720 835 2101 890 habitudinem

506 928 767 985 'habens?
798 927 1013 982 Etenim
1062 936 1184 998 post
1239 926 1573 983 ineﬁ'abilem
1628 928 1956 990 unitionem.
1987 930 2103 983 sive

511 1023 635 1091 quis
691 1020 836 1076 dicat
892 1021 1061 1075 Deum
1111 1019 1525 1075 Emmanuelem
1575 1022 1853 1075 hominem
1897 1021 2099 1076 factum

510 1122 567 1167 et
591 1113 958 1173 incarnalnm,
996 1110 1091 1166 Dei
1133 1110 1370 1166 Verbum
1403 1112 1630 1184 intelligi
1658 1115 1914 1168 convenit
1943 1113 2103 1178 ;-sive

512 1206 788 1261 hominem
820 1206 1080 1267 nominet,
1120 1207 1327 1261 scimus
1352 1215 1553 1271 tamen,
1586 1223 1707 1261 cum
1737 1208 1837 1263 hoc
1851 1219 1906 1262 et
1926 1209 2098 1276 ipsum

510 1312 634 1352 esse
693 1297 787 1351 Dei
823 1296 1003 1353 Patris
1050 1297 1312 1353 Verbum.
1363 1299 1461 1354 Est
1517 1301 1681 1370 igitur
1734 1300 1904 1366 aliud,
1936 1318 2099 1355 unum

511 1389 700 1444 dicere
728 1387 923 1444 Filium
962 1404 1085 1445 cum
1113 1392 1264 1445 unita
1294 1390 1398 1446 sibi
1425 1406 1590 1445 carne
1622 1389 1715 1446 Dei
1748 1391 1929 1447 Patris
1966 1389 2102 1445 Ver-

513 1481 665 1547 bum,
718 1490 775 1537 et
830 1482 1085 1537 similiter
1108 1483 1278 1549 aliud,
1336 1484 1391 1538 in
1454 1484 1675 1539 homine
1736 1484 1920 1540 dicere
1979 1499 2102 1539 esse

510 1574 1186 1645 Denm,quemadmodum
1214 1575 1474 1632 videlicet
1518 1577 1572 1631 in
1615 1578 1902 1647 prophetis
1957 1586 2098 1644 erat,

511 1667 628 1722 sive
674 1667 839 1722 etiam
892 1668 945 1722 in
979 1668 1136 1723 nobis
1186 1668 1322 1739 ipsis
1378 1683 1477 1739 per
1528 1667 1796 1739 Spiritum
1826 1680 2093 1725 sanctum.

512 1756 721 1827 Itaque,
746 1771 807 1812 ut
828 1759 959 1814 mihi
986 1760 1224 1825 videtur,
1294 1760 1431 1815 citra
1467 1762 1768 1831 periculum
1803 1772 1860 1817 et
1886 1762 2098 1834 culpam

2204 558 2419 613 Παύλου
2442 556 2622 624 φωνῆς
2641 570 2655 585 ο
2685 572 2704 604 ‹
2728 550 2787 606 '0
2809 547 3148 619 κολλώμενος
3166 543 3245 615 τῷ
3264 543 3472 614 Κυρίῳ,
3496 539 3554 593 ἓν
3573 538 3794 609 πνεῦμὰ

2204 652 2359 712 seu;
2392 668 2410 699 ι
2449 646 2643 700 Καίτοι
2706 641 2822 704 πῶς
2852 641 2954 694 οὐκ
2984 636 3208 707 ἀληθὲς,
3239 635 3319 687 ὅτι
3355 632 3554 703 μᾶλλον
3582 632 3610 685 6
3634 640 3661 667 ιι
3693 630 3793 683 αύ-

2203 742 2296 804 τὸς
2332 739 2465 802 Θεός
2495 755 2554 790 τε
2591 735 2727 805 ὁμοῦ
2770 733 2864 787 καὶ
2892 730 3201 801 ἄνθρωπος,
3229 727 3323 780 καὶ
3360 726 3460 780 οὐκ
3504 722 3792 795 ἄνθρωπός

2188 840 2289 899 τις
2335 833 2439 887 ἀνὰ
2486 830 2651 903 μέρος
2696 844 2755 880 τε
2798 826 2894 879 καὶ
2951 823 3137 885 ὶδικῶς
3176 819 3490 889 νοούμενος,
3531 818 3625 870 καί
3662 832 3787 886 σχε-

2203 927 2365 997 τικὴν
2395 924 2546 994 ἔχων⁸
2565 921 2863 990 συνάφειαν
2898 917 3035 988 πρὸς
3061 914 3231 978 Θεόν,
3262 912 3418 967 Μετὰ
3443 910 3551 981 γάρ
3583 927 3664 962 τοι
3691 909 3788 979 τὴν

2207 1019 2486 1089 ἄφραστον
2521 1014 2734 1073 ἕνωσιν,
2768 1009 2874 1065 κᾶν
2897 1008 2950 1061 εἴ
2988 1025 3072 1071 τις
3106 1006 3239 1079 λέγῃ
3282 1004 3416 1058 Θεὸν
3448 1003 3540 1057 τὸν
3575 1002 3789 1071 Ἐμμα-

2206 1110 2368 1182 νουὴλ
2414 1106 2914 1178 ὲνανθρωπήσαντα
2948 1101 3043 1155 καὶ
3087 1097 3528 1169 σεσαρκωμένον,
3579 1094 3669 1148 τὸν
3695 1090 3795 1147 τοῦ

2206 1204 2341 1258 Θεοῦ
2368 1203 2540 1270 Λόγον
2565 1199 2804 1253 νοεῖσθαι
2830 1197 3031 1265 πρέπει
3048 1209 3061 1223 ·
3088 1192 3191 1247 κᾶν
3217 1190 3500 1261 ἄνθρωπον
3525 1187 3789 1257 ὀνομάσῃ,

2206 1298 2319 1354 ἀλλ’
2347 1298 2568 1367 οἴδαμεν
2604 1294 2742 1364 μετά
2778 1290 2970 1344 τούτου
3002 1286 3096 1342 καὶ
3127 1284 3300 1351 Λόγον
3333 1282 3464 1335 ὸντα
3495 1278 3656 1334 αὑτὸν
3696 1277 3790 1331 τοῦ

2205 1390 2443 1462 Πατρός.
2467 1389 2624 1441 Ἔστι
2652 1384 2831 1438 τοίνυν
2858 1383 3045 1452 ἕτερον
3076 1378 3136 1430 τὸ
3169 1376 3266 1429 ἕνα
3290 1374 3469 1441 λέγειν
3496 1370 3626 1424 Υίὸν
3655 1368 3791 1440 μετά

2204 1485 2304 1555 τῆς
2353 1481 2649 1549 ἐνωθείσης
2696 1475 2844 1546 αύτῷ
2896 1472 3099 1544 σαρκὸς
3147 1470 3239 1523 τὸν
3278 1470 3342 1521 ὲκ
3391 1463 3527 1521 Θεοῦ
3577 1462 3793 1555 Πατρὸς

2206 1552 2399 1647 Λόγον,
2427 1578 2522 1629 καὶ
2544 1573 2744 1644 ὁμοίως
2768 1571 2954 1641 ἕτερον
2979 1567 3038 1619 τὸ
3062 1568 3119 1618 ὲν
3145 1561 3420 1634 ἀνθρώπῳ
3446 1560 3625 1627 λέγειν
3651 1552 3788 1611 εἶναι

2204 1671 2358 1731 Θεὸν,
2405 1667 2657 1736 καθάπερ
2690 1662 2883 1733 ἀμέλει
2924 1660 3019 1713 καὶ
3050 1661 3108 1712 ὲν
3148 1657 3458 1727 προφήταις
3498 1648 3588 1723 ἦν,
3620 1651 3790 1721 ἦγουν

2206 1762 2302 1815 καὶ
2334 1762 2393 1813 ὲν
2426 1760 2557 1829 ἡμῖν
2587 1758 2771 1818 αὐτοῖς
2800 1752 2889 1806 διὰ
2921 1750 3017 1805 τοῦ
3050 1749 3209 1818 ἁγίου
3240 1746 3578 1816 Πνεύματος.
3612 1745 3788 1797 ’Δκιν-

512 1853 713 1907 dixerit
740 1855 885 1924 quis,
910 1853 1053 1924 quod
1093 1853 1439 1909 incarnatum
1467 1828 1577 1909 Dei
1614 1851 1875 1921 Verbum,
1917 1828 2102 1924 utpote

2207 1852 2377 1915 δύνως
2410 1828 2467 1904 δὲ
2508 1850 2604 1903 καὶ
2659 1847 2947 1916 ἀλήπτως,
2977 1842 3053 1906 ὥς
3094 1858 3159 1910 γε
3192 1836 3379 1910 οἶμαι,
3413 1838 3546 1909 φαίη
3580 1853 3664 1900 τις
3699 1836 3787 1897 ἂν,

513 1959 654 1999 unus
697 1944 973 2001 exsistens
1013 1946 1206 2009 Filius,
1257 1960 1365 2001 non
1402 1947 1609 2015 absque
1646 1960 1747 2002 sua
1778 1962 1967 2013 carne,
2004 1947 2102 2002 sed

514 2052 635 2091 cum
678 2036 767 2091 illa
793 2038 970 2107 potius
990 2039 1327 2092 adorandum
1358 2038 1429 2093 sit
1461 2057 1475 2093 :
1507 2040 1965 2109 quemadmodum
1990 2041 2102 2093 sci-

514 2129 642 2184 licet
669 2131 835 2185 etiam
866 2131 1104 2186 hominis
1138 2132 1318 2185 anima
1353 2145 1477 2185 cum
1525 2146 1625 2186 suo
1664 2146 1898 2199 corpore
1927 2132 2102 2186 hono-

515 2229 715 2287 ratur;
752 2235 856 2273 una
885 2230 1069 2275 autem
1119 2222 1509 2291 appellatione,
1550 2224 1693 2291 quod
1739 2238 1803 2277 ex
1855 2225 2104 2293 utrisque

514 2320 749 2375 constat,
779 2320 840 2365 ut
869 2328 1035 2366 unum
1060 2313 1283 2378 animal,
1320 2314 1684 2381 signiﬁcatur.
1724 2313 1894 2384 Igitur
1930 2330 2103 2384 quan-

515 2404 585 2457 do
615 2402 682 2459 de
710 2405 953 2459 omnium
989 2414 1234 2460 nostrum
1264 2406 1547 2462 Salvatore
1576 2406 1798 2463 Christo
1817 2423 2101 2464 sermones

515 2494 698 2551 facere
724 2507 949 2566 paratus
985 2498 1238 2554 diviseris
1265 2499 1317 2553 in
1350 2499 1457 2556 duo
1496 2516 1661 2553 unum
1694 2517 1708 2565 ;
1742 2508 1798 2554 et
1826 2501 2099 2555 hominem

517 2586 773 2655 privatim
804 2604 869 2644 ac
898 2590 1127 2645 seorsim
1188 2590 1603 2661 intelligendum
1640 2593 2101 2661 pronuntiaveris,

518 2680 712 2736 deinde
734 2679 884 2735 illum
912 2682 1317 2737 coadorandum
1348 2689 1405 2736 et
1431 2682 1874 2752 coappellandum
1909 2683 2100 2751 Deum,

517 2774 671 2843 quasi
710 2773 802 2829 ille
833 2774 971 2830 alius
1000 2775 1068 2829 sit
1101 2790 1130 2828 a
1170 2774 1389 2829 Christo
1423 2790 1491 2829 ex
1522 2776 1630 2829 Deo
1682 2775 1980 2830 secundum
2005 2790 2103 2829 na-

520 2878 695 2921 turam
735 2868 941 2937 genito,
974 2866 1160 2923 dicere
1180 2866 1352 2923 fueris
1379 2883 1580 2935 ausus;
1609 2868 1732 2939 quis
1772 2867 1915 2923 ferre
1949 2878 2104 2938 pote-

518 2960 616 3025 rit,
645 2968 699 3014 et
730 2968 839 3013 tam
872 2960 1214 3030 perspicuam
1250 2971 1442 3016 contra
1481 2961 1631 3015 illum
1666 2963 2103 3016 criminationem

520 3049 741 3105 silentio
786 3050 1332 3120 praeterire?Potins
1384 3052 1530 3106 enim
1594 3052 1885 3107 dicendum
1941 3063 2102 3107 erat:

2204 1947 2287 1999 ὅτι
2326 1946 2355 1997 6
2388 1940 2692 2012 σαρκωθεὶς
2724 1938 2818 1992 τοῦ
2853 1934 2990 1989 Θεοῦ
3022 1934 3229 2001 Λόγος,
3273 1932 3349 1995 ὡς
3398 1925 3480 1995 εἷς
3528 1929 3790 1999 ὑπάρχων

2205 2037 2354 2101 Υἱὸς,
2397 2035 2519 2104 οὐχὶ
2547 2033 2672 2103 δίχα
2707 2031 2807 2101 τῆς
2836 2026 3032 2082 ἑαυτοῦ
3063 2025 3286 2095 σαρκὸς,
3327 2022 3466 2095 μετά
3496 2021 3702 2091 ταύτης
3732 2021 3790 2073 δὲ

2208 2129 2430 2200 μᾶλλον,
2470 2126 2588 2178 ἐστὶ
2622 2118 3021 2194 προσκυνητός,
3067 2116 3335 2185 Καθάπερ
3374 2114 3566 2183 ἀμέλει
3613 2112 3710 2167 καὶ
3754 2114 3788 2184 ή

2203 2222 2297 2277 τοῦ
2343 2219 2633 2291 ἀνθρώπου
2667 2215 2813 2285 ψυχὴ
2848 2213 2982 2285 μετὰ
3014 2211 3109 2266 τοῦ
3147 2210 3279 2264 ἰδίου
3327 2211 3555 2279 τιμᾶται
3605 2204 3791 2274 σῶμα·

2202 2333 2314 2381 τος,
2347 2314 2537 2384 κλήσει
2558 2312 2616 2365 δὲ
2651 2312 2748 2381 μιᾷ
2774 2309 2835 2361 τὸ
2868 2306 2927 2371 ἐξ
2954 2307 3178 2377 ἀμφοῖν,
3204 2304 3279 2366 ὡς
3308 2302 3365 2354 ἓν
3392 2300 3552 2367 ζῶον,
3592 2300 3792 2370 σημαί-

2203 2425 2375 2464 νεται.
2401 2407 2569 2459 Ὅταν
2600 2402 2780 2456 τοίνυν
2818 2401 2948 2471 περὶ
2977 2397 3073 2451 τοῦ
3103 2396 3319 2450 πάντων
3348 2394 3508 2465 ήμῶν
3536 2393 3791 2464 Σωτῆρος

2203 2498 2439 2573 Χριστοῦ
2463 2499 2590 2559 τοὺς
2611 2494 2805 2562 λόγους
2833 2489 3101 2545 ποιεῖσθαι
3120 2486 3590 2560 προθυμούμενος,
3607 2483 3789 2555 eam;

2203 2593 2285 2656 εἰς
2312 2589 2407 2644 δύο
2432 2588 2522 2642 τὸν
2555 2587 2671 2650 ἕνα,
2694 2585 2788 2639 καὶ
2814 2582 3101 2653 ἄνθρωπον
3138 2579 3323 2641 Ξδικῶς
3354 2578 3450 2631 καὶ
3488 2576 3593 2630 ἀνὰ
3625 2575 3789 2648 μέρος

2204 2683 2494 2755 νοούμενον
2523 2680 2835 2751 ἀποφήνῃς,
2866 2674 2984 2728 εἶτα
3020 2671 3210 2727 τοῦτον
3247 2667 3789 2741 συμπροσκυνεῖσθαι

2204 2777 2315 2830 δεῖν
2365 2775 2458 2829 καὶ
2486 2768 2951 2843 συγχρηματίζειν
2980 2768 3135 2831 Θεὸν,
3156 2766 3233 2828 ὡς
3262 2765 3433 2834 ἑτέρῳ
3468 2763 3597 2833 παρ’
3628 2760 3791 2816 αὐτὸν

2207 2870 2506 2941 ὑπάρχοντι
2535 2863 2756 2936 Χριστῷ
2786 2861 2862 2932 τῷ
2894 2863 2958 2913 ἐκ
2986 2858 3121 2912 Θεοῦ
3150 2858 3291 2910 κατά
3320 2856 3479 2925 φύσιν
3505 2854 3639 2933 Ϊίῷ,
3670 2853 3790 2906 το).-

2211 2965 2392 3034 μήσῃς
2423 2962 2620 3021 εἰπεῖν,
2659 2958 2744 3019 τίς
2768 2956 2796 3007 6
2833 2953 3179 3023 καρτερῆσαι
3213 2950 3535 3017 δυνάμενος,
3568 2948 3663 3001 καὶ
3690 2948 3791 3017 τὴν

2207 3056 2349 3109 οὕτω
2381 3052 2635 3126 προφανῆ
2664 3046 3044 3119 γλωσσαλγίαν
3080 3045 3201 3097 κατ’
3224 3042 3391 3095 αὐτοῦ
3424 3044 3603 3111 σιωπῇ
3630 3049 3654 3075 ο
3687 3057 3791 3093 πχ-

518 3143 651 3199 Colo
700 3143 920 3213 quidem
964 3145 1201 3200 Verbum
1246 3144 1341 3200 Dei
1370 3144 1575 3200 factum
1623 3144 1921 3209 hominem,
1955 3146 2098 3215 quod

2214 3147 2523 3220 ρατρέχων;
2553 3142 2701 3195 Ἔδει
2736 3141 2845 3210 γὰρ
2884 3137 3082 3208 μᾶλλον
3122 3137 3328 3188 εἰπεῖν’
3370 3133 3610 3203 Σέϐομεν
3640 3142 3667 3181 P
3701 3131 3792 3186 τὸν

521 3234 825 3304 appellatur
858 3235 1025 3303 Deus,
1061 3249 1118 3291 et
1151 3237 1207 3290 in
1268 3238 1606 3291 humanitate
1650 3238 1908 3291 adoratur
1934 3255 1947 3305 ;
1976 3239 2102 3306 quia

522 3339 715 3383 natura
750 3330 890 3385 Deus
919 3339 1023 3394 est,
1062 3337 1117 3384 et
1144 3344 1206 3383 ex
1228 3328 1337 3383 Deo
1362 3329 1523 3384 Patre
1554 3330 1827 3398 apparuit.
1861 3331 1935 3382 At
1958 3331 2103 3384 enim

521 3420 708 3475 dicunt
756 3422 1053 3476 adversarii
1086 3442 1099 3477 :
1127 3420 1290 3477 Certe
1346 3422 1768 3488 deprehenderis
1819 3432 1873 3476 et
1908 3422 2022 3490 ipse
2051 3425 2104 3476 in

522 3514 752 3584 epistola
796 3516 1065 3579 scribens,
1119 3516 1261 3585 quod
1312 3515 1517 3569 sederit
1571 3514 1740 3569 Filius
1789 3530 1910 3567 cum
1946 3515 2108 3569 Patre

523 3622 646 3660 cum
687 3609 904 3676 propria
930 3608 1417 3678 carnezquomodo
1462 3623 1594 3677 ergo
1629 3609 1986 3675 reprehendis
2026 3610 2106 3662 di-

522 3709 758 3765 centem,
799 3700 943 3769 quod
998 3716 1121 3755 cum
1174 3702 1284 3755 Deo
1314 3690 1494 3755 Verbo
1543 3700 1816 3754 hominem
1865 3702 2106 3767 adorari,

522 3802 577 3847 et
610 3792 771 3847 simul
800 3793 969 3849 Deum
996 3794 1178 3848 vocari
1206 3800 1458 3862 oporteat
1486 3794 1509 3847 ?
1544 3793 1688 3847 Idem
1716 3794 1861 3847 enim
1900 3805 1985 3849 est
2027 3797 2110 3849 di-

522 3899 647 3940 cere
677 3886 796 3952 σὺν,
832 3898 887 3942 ει
917 3888 1072 3958 μετὰ.
1125 3888 1358 3942 Proinde
1391 3889 1784 3957 redarguamus
1830 3903 1924 3943 eos
1952 3888 2108 3958 igno-

522 3992 648 4032 rare
706 3979 973 4033 dictorum
1017 3980 1144 4044 vim,
1177 3989 1234 4034 et
1267 3995 1449 4034 rerum
1486 3987 1737 4033 naturam
1783 3997 1889 4035 non
1934 3982 2109 4053 inspi-

2207 3239 2301 3294 τοῦ
2331 3235 2469 3291 Θεοῦ
2499 3236 2691 3302 Λόγον,
2726 3232 3015 3300 γενόμενον
3055 3226 3359 3295 ἄνθρωπον,
3388 3224 3484 3278 καὶ
3522 3223 3794 3295 χρηματί-

2208 3334 2370 3399 ζοντα
2398 3331 2553 3394 Θεὸν,
2583 3328 2679 3380 ita).
2707 3328 2764 3378 ὲν
2796 3322 3147 3392 ἁθρωπότητι
3184 3318 3683 3390 προσκυνούμενον,
3711 3317 3793 3369 ὅτι

2209 3426 2303 3478 καὶ
2338 3426 2497 3492 φύσει
2537 3420 2669 3481 Θεός
2708 3420 2825 3470 ἐστι
2849 3457 2864 3481 ,
2902 3415 2998 3469 καὶ
3031 3415 3095 3466 ὲκ
3129 3411 3264 3466 Θεοῦ
3296 3400 3514 3482 πέφηνε
3558 3409 3790 3481 Πατρός.

2222 3516 2383 3570 Ἀλλὰ
2424 3515 2532 3585 γὰρ
2576 3512 2698 3575 ναὶ,
2740 3511 2905 3577 φασιν
2932 3510 2981 3561 οἱ
3030 3507 3098 3560 δι’
3123 3506 3395 3568 ἐναντίας,
3429 3502 3612 3573 ἁλώσῃ
3644 3511 3793 3554 πουιι

2210 3611 2304 3662 καὶ
2329 3609 2491 3670 αὐτὸς
2532 3608 2589 3658 ἐν
2621 3602 2876 3672 ἐπιστολῇ
2909 3596 3227 3669 γεγραφὼς,
3266 3596 3348 3649 ὅτι
3379 3594 3737 3665 συνήδρευσεν
3766 3596 3795 3645 6

2210 3702 2338 3764 Υἱὸς
2391 3699 2468 3770 τῷ
2516 3697 2696 3768 Πατρὶ
2738 3695 2875 3766 μετά
2915 3694 3015 3764 τῆς
3052 3693 3184 3752 ἰδίας
3227 3691 3447 3761 σαρκός.
3495 3685 3625 3741 Εἶτα
3674 3688 3793 3751 πῶς

2211 3791 2555 3863 ἐπιλαμϐάνῃ
2581 3788 2674 3842 τοῦ
2704 3788 2975 3856 λέγοντος,
3000 3787 3081 3837 ὅτι
3116 3783 3218 3855 χρὴ
3254 3778 3791 3854 συμπροσκυνεῖσθαι

2210 3887 2300 3940 τὸν
2350 3883 2637 3954 ἄνθρωπον
2688 3878 2765 3950 τῷ
2803 3878 2923 3949 Θεῷ
2958 3877 3136 3946 Λόγῳ,
3189 3876 3283 3927 καὶ
3326 3872 3791 3943 συγχρηματίζειν

2211 3980 2377 4046 Θεόν;
2408 3977 2615 4031 Ταυτὸν
2644 3974 2751 4044 γάρ
2778 3975 2924 4025 ἐστιν
2952 3972 3126 4023 εἰπεῖν
3168 3969 3263 4022 καὶ
3290 3966 3351 4021 τὸ
3394 3966 3537 4032 σὺν,
3598 3966 3693 4020 καὶ
3731 3965 3792 4017 τὸ

523 4083 670 4123 cere.
732 4070 895 4141 180
947 4071 1161 4126 Etenim
1222 4073 1441 4142 quando
1481 4071 1534 4126 in
1580 4089 1687 4127 una
1760 4089 1995 4143 persona
2055 4086 2102 4131 et

2207 4072 2375 4145 μετὰ.
2405 4069 2613 4124 Οὐκοῦν
2641 4065 2979 4139 ἠγνοηκότας
3007 4063 3319 4135 ἐλέγχωμεν
3346 4059 3454 4114 τῶν
3484 4059 3792 4132 εἰρημένων

525 4170 741 4227 natura,
770 4162 875 4218 hoc
909 4173 1012 4231 est,
1048 4165 1404 4221 subsistentia
1448 4181 1575 4230 una,
1615 4180 1796 4221 sermo
1821 4168 2110 4237 diligenter

523 4255 846 4311 examinans
873 4273 959 4323 ea,
990 4273 1057 4312 ex
1077 4260 1274 4329 quibus
1296 4268 1402 4323 est,
1430 4258 1533 4313 hoc
1556 4268 1664 4322 est,
1706 4269 1923 4314 constat
1952 4271 2111 4315 natu-

524 4350 732 4415 raliter,
768 4353 1046 4425 subjungit
1078 4356 1516 4425 praepositionem
1562 4357 1658 4409 σὺν
1688 4356 1769 4409 vel
1805 4356 1966 4426 μετὰ,
1992 4370 2109 4410 ser-

521 4443 668 4497 vavit
701 4445 866 4498 etiam
917 4447 997 4501 sic
1050 4447 1104 4500 itt
1167 4464 1227 4503 re
1272 4446 1600 4518 signiﬁcata,
1670 4450 1809 4518 quod
1840 4464 2004 4502 unum
2038 4448 2108 4502 sit

2211 4167 2310 4238 τὴν
2339 4164 2592 4235 δύναμιν,
2641 4161 2736 4215 καὶ
2767 4162 2833 4229 τῇ
2860 4168 2881 4195 ι’
2910 4157 3021 4211 τῶν
3053 4154 3395 4225 πραγμάτων
3435 4153 3534 4206 οὑκ
3565 4151 3793 4223 ἐνορῶν-

2211 4276 2309 4323 τας
2378 4257 2608 4327 φύσειε.
2672 4254 2843 4306 Ὅταν
2897 4249 2996 4321 μὲν
3025 4248 3134 4318 γὰρ
3184 4248 3270 4316 ἐφ’
3325 4245 3443 4309 ἐνὸς
3472 4242 3790 4315 προσώπου,

2212 4353 2307 4407 καὶ
2341 4350 2583 4421 φύσεως,
2621 4348 2789 4417 ἤγουν
2835 4342 3187 4403 ὑποστάσεως
3237 4341 3386 4410 μιᾶς,
3416 4336 3718 4409 βασανίζων
3763 4336 3793 4388 6

2210 4445 2367 4514 λόγος
2403 4444 2471 4496 τὰ
2503 4441 2561 4507 ἐξ
2592 4434 2665 4493 ὧν
2699 4438 2866 4500 ἔστιν,
2903 4436 3020 4498 ἤτοι
3052 4432 3336 4501 σύγκειται
3371 4428 3633 4499 φυσικῶς,
3674 4428 3794 4480 ὲπι-

523 4535 819 4590 secundum
846 4540 1319 4609 compositionem,
1349 4551 1405 4596 et
1455 4557 1565 4597 non
1606 4541 1660 4596 in
1690 4544 1796 4596 duo
1846 4542 2102 4597 distincte

2210 4539 2350 4610 φέρῃ
2377 4536 2438 4590 τὸ
2466 4534 2607 4596 σὺν,
2634 4534 2751 4603 ἢτοι
2786 4530 2845 4583 τὸ
2897 4528 3047 4597 μετὰ
3067 4567 3081 4592 ,
3127 4526 3395 4595 τετήρηκε
3425 4521 3501 4593 τῷ
3534 4536 3794 4592 σημαινο-

526 4624 809 4682 discernit.
830 4627 1057 4695 Quando
1085 4643 1266 4686 autem
1295 4643 1420 4688 ante
1444 4634 1715 4689 distinctis
1739 4634 2106 4689 subsistentiis

528 4714 582 4769 in
617 4719 742 4785 duo,
768 4729 822 4774 et
851 4730 909 4775 ut
957 4738 1203 4778 seorsum
1254 4736 1543 4798 utrumque
1578 4736 1632 4782 et
1662 4728 1916 4797 privatim
1939 4726 2106 4781 intel-

526 4808 749 4879 ligatur,
804 4818 1119 4885 praepositio
1199 4820 1317 4887 σὺν,
1373 4820 1457 4875 vel
1524 4822 1663 4892 μετὰ
1710 4821 1929 4887 dicitur,
1982 4831 2109 4874 tunc

525 4901 657 4970 duo,
704 4906 791 4960 vel
847 4908 1011 4963 etiam
1059 4911 1235 4980 plura,
1291 4924 1348 4967 et
1408 4929 1514 4967 non
1579 4930 1745 4967 unum
1811 4914 2105 4968 secundum

525 4999 978 5069 compositionem
1009 5005 1304 5075 signiﬁcari
1336 5006 1589 5062 dicimus.
1620 5007 1863 5076 Exempli
1888 5006 2058 5075 gratia
2087 5045 2103 5070 ,

525 5095 569 5148 si
607 5094 745 5148 forte
776 5095 1042 5160 dicamus,
1074 5099 1395 5154 cohonorari
1429 5101 1667 5153 animam
1705 5100 1940 5155 hominis
1983 5113 2103 5152 cum

525 5204 623 5241 suo
660 5204 913 5258 corpore,
955 5189 1001 5244 si
1051 5192 1174 5258 quis
1209 5193 1382 5247 honor
1413 5202 1561 5247 certe
1606 5193 1763 5247 ﬁeret
1787 5207 1815 5243 a
1846 5190 2103 5260 quopiam

524 5296 651 5349 erga
679 5297 843 5336 unum
873 5283 1171 5350 hominem,
1209 5287 1406 5356 quiest
1434 5302 1499 5340 ex
1534 5285 1780 5353 utrisque
1805 5301 1819 5336 :
1853 5284 1954 5337 hoc
1983 5274 2090 5343 est.

592 5442 636 5473 ⁸⁷
678 5443 690 5496 Ι
728 5443 855 5501 Cor.
884 5461 957 5509 Vl,
994 5447 1074 5500 Π.

2214 4633 2382 4705 μένῳ,
2410 4629 2502 4682 καὶ
2535 4627 2678 4681 οῦτω
2714 4624 2775 4677 τὸ
2819 4624 2877 4675 ἓν
2906 4619 3047 4676 εἶναι
3086 4617 3229 4673 κατά
3257 4616 3527 4679 σύνθεσιν,
3572 4614 3665 4667 καὶ
3694 4612 3793 4666 οὐκ

2210 4729 2289 4789 εἰς
2327 4723 2420 4778 δύο
2466 4719 2809 4793 διῃρημένους
2858 4715 3049 4785 διοριεί
3074 4712 3128 4748 τ’
3170 4712 3296 4764 ὅταν
3329 4709 3385 4762 δὲ
3424 4706 3791 4779 προδιῃρημέ-

2210 4835 2315 4873 νων
2341 4829 2368 4856 ιι
2400 4814 2756 4869 ὑποστάσεων
2785 4812 2863 4872 εἰς
2893 4807 3008 4872 δύο,
3035 4805 3132 4860 καὶ
3162 4804 3297 4874 πρός
3331 4819 3395 4869 γε
3432 4802 3493 4855 τὸ
3535 4801 3645 4853 δεῖν
3690 4798 3795 4852 ἀνά

2215 4910 2381 4981 μέρος
2412 4906 2669 4976 ἑκάτερον
2703 4899 2945 4955 νοεῖσθαι
2974 4897 3067 4950 καὶ
3100 4895 3282 4958 ἰδικῶς
3311 4894 3370 4946 τὸ
3413 4892 3553 4953 σὺν,
3576 4891 3743 4961 ἤγουν
3763 4899 3793 4930 ν

2215 5003 2275 5054 τὸ
2335 4999 2482 5069 μετὰ
2520 4997 2780 5065 λέγηται,
2825 4992 2947 5044 τότε
2981 4990 3146 5053 δυοῖν,
3180 4987 3213 5057 ἢ
3265 4987 3357 5040 καὶ
3400 4984 3479 5037 ἔτι
3534 4983 3793 5037 πλειόνων

2213 5092 2365 5155 αὐτὸ,
2396 5091 2489 5144 καὶ
2518 5091 2616 5159 οὐχ
2662 5086 2777 5149 ένὸς
2818 5083 2959 5138 κατά
3008 5080 3259 5134 σύνθεσιν
3300 5076 3574 5130 ποιεῖσθαί
3616 5091 3791 5144 φαμεν

2214 5184 2312 5256 τὴν
2340 5182 2590 5253 δήλωσιν.
2624 5172 2767 5239 Οἷον,
2790 5178 2837 5228 εἰ
2869 5174 3123 5244 λέγοιμεν
3150 5169 3312 5241 τυχὸν
3332 5166 3687 5237 συν-τιμᾶσθαι
3717 5164 3793 5233 τῷ

2203 5279 2317 5347 ἰδίῳ
2352 5275 2564 5345 σώματι
2597 5271 2694 5340 τὴν
2721 5267 2813 5322 τοῦ
2843 5264 3133 5338 ἀνθρώπου
3159 5262 3359 5333 ψυχὴν,
3392 5260 3444 5312 εἴ
3469 5277 3552 5322 τις
3582 5259 3794 5328 γένοιτο

1596 5575 1769 5630 Varia:
1806 5575 2063 5630 lectiones
2095 5590 2158 5629 ex
2190 5574 2374 5628 codice
2406 5571 2784 5640 chtlitrl'iaHO.

590 5737 709 5811 ξ’ἥν
748 5739 794 5793 ὁ.
876 5748 899 5774 °
934 5743 1079 5811 σιγῇ.
1157 5750 1185 5791 1'
1221 5739 1360 5795 σέϐω
1387 5739 1505 5810 μέν.
1608 5747 1634 5786 ‘l
1666 5734 1738 5798 ὡς
1770 5751 1888 5788 που·

526 5815 552 5849 ν
585 5806 722 5877 ἤτοι.

2002 5742 2023 5769 ῐ
2057 5731 2141 5783 iu.
2174 5731 2289 5801 τήν.

2407 5740 2427 5766 9
2464 5728 2547 5781 i'o'.
2587 5725 2783 5797 φύσιν.ξ
2864 5730 2882 5761 ί
2920 5724 3135 5796 διαιρεῖ.
3212 5729 3241 5757 υ
3276 5715 3790 5792 προσόιῃρημὲνωνρ
