  <div class='ocr_page' id='page_1' title='image "/cluster/home/n/w/nwhite01/storage/ocr_20150623/76/nnc1.0046980067/182.png"; bbox 0 0 4104 6336; ppageno 0'>
   <div class='ocr_carea' id='block_1_1' title="bbox 301 367 408 424">
    <p class='ocr_par' dir='ltr' id='par_1_1' title="bbox 301 367 408 424">
     <span class='ocr_line' id='line_1_1' title="bbox 301 367 408 424; baseline -0.047 1"><span class='ocrx_word' id='word_1_1' title='bbox 301 367 408 424; x_wconf 70' lang='lat'><strong>355</strong></span> 
     </span>
    </p>
   </div>
   <div class='ocr_carea' id='block_1_2' title="bbox 900 322 2966 425">
    <p class='ocr_par' dir='ltr' id='par_1_2' title="bbox 900 322 2966 425">
     <span class='ocr_line' id='line_1_2' title="bbox 900 322 2966 425; baseline 0.001 -4"><span class='ocrx_word' id='word_1_2' title='bbox 900 363 1425 423; x_wconf 77' lang='lat' dir='ltr'><strong>APOIOGETICUS</strong></span> <span class='ocrx_word' id='word_1_3' title='bbox 1464 365 1599 423; x_wconf 77' lang='lat' dir='ltr'><strong>PRO</strong></span> <span class='ocrx_word' id='word_1_4' title='bbox 1642 367 1738 422; x_wconf 76' lang='lat' dir='ltr'><strong>XII</strong></span> <span class='ocrx_word' id='word_1_5' title='bbox 1778 366 2147 424; x_wconf 64' lang='lat' dir='ltr'><strong>CAPITIBUS</strong></span> <span class='ocrx_word' id='word_1_6' title='bbox 2186 366 2465 425; x_wconf 69' lang='lat' dir='ltr'><strong>CONTRA</strong></span> <span class='ocrx_word' id='word_1_7' title='bbox 2507 368 2966 425; x_wconf 55' lang='lat' dir='ltr'><strong>OIIIENTALES.</strong></span> 
     </span>
    </p>
   </div>
   <div class='ocr_carea' id='block_1_3' title="bbox 3460 378 3567 434">
    <p class='ocr_par' dir='ltr' id='par_1_3' title="bbox 3460 378 3567 434">
     <span class='ocr_line' id='line_1_3' title="bbox 3460 378 3567 434; baseline 0.037 -4"><span class='ocrx_word' id='word_1_8' title='bbox 3460 378 3567 434; x_wconf 68' lang='lat'><strong>354</strong></span> 
     </span>
    </p>
   </div>
   <div class='ocr_carea' id='block_1_4' title="bbox 302 485 1885 565">
    <p class='ocr_par' dir='ltr' id='par_1_4' title="bbox 302 485 1885 559">
     <span class='ocr_line' id='line_1_4' title="bbox 302 485 1885 559; baseline -0.001 -15"><span class='ocrx_word' id='word_1_9' title='bbox 302 488 431 559; x_wconf 72' lang='grc' dir='ltr'><strong>παρ’</strong></span> <span class='ocrx_word' id='word_1_10' title='bbox 461 485 623 540; x_wconf 59' lang='grc' dir='ltr'><strong>αὑτοῦ</strong></span> <span class='ocrx_word' id='word_1_11' title='bbox 651 495 674 523; x_wconf 74' lang='grc' dir='ltr'><strong>ι</strong></span> <span class='ocrx_word' id='word_1_12' title='bbox 708 486 839 556; x_wconf 84' lang='grc' dir='ltr'><strong>τιμὴ</strong></span> <span class='ocrx_word' id='word_1_13' title='bbox 888 488 1015 558; x_wconf 74' lang='grc' dir='ltr'><strong>περὶ</strong></span> <span class='ocrx_word' id='word_1_14' title='bbox 1047 486 1141 540; x_wconf 80' lang='grc' dir='ltr'><strong>τὸν</strong></span> <span class='ocrx_word' id='word_1_15' title='bbox 1167 487 1264 540; x_wconf 87' lang='grc' dir='ltr'><strong>’ἑνα</strong></span> <span class='ocrx_word' id='word_1_16' title='bbox 1296 487 1604 558; x_wconf 85' lang='grc' dir='ltr'><strong>ἄνθρωπον,</strong></span> <span class='ocrx_word' id='word_1_17' title='bbox 1633 488 1690 551; x_wconf 85' lang='grc' dir='ltr'><strong>ὃς</strong></span> <span class='ocrx_word' id='word_1_18' title='bbox 1737 490 1885 542; x_wconf 75' lang='grc' dir='ltr'><strong>ἐστιν</strong></span> 
     </span>
    </p>
   </div>
   <div class='ocr_carea' id='block_1_5' title="bbox 1988 485 3569 565">
    <p class='ocr_par' dir='ltr' id='par_1_5' title="bbox 1990 490 3569 565">
     <span class='ocr_line' id='line_1_5' title="bbox 1990 490 3569 565; baseline 0.008 -21"><span class='ocrx_word' id='word_1_19' title='bbox 1990 491 2036 546; x_wconf 91' lang='lat' dir='ltr'><strong>si</strong></span> <span class='ocrx_word' id='word_1_20' title='bbox 2084 491 2207 560; x_wconf 85' lang='lat' dir='ltr'><strong>quis</strong></span> <span class='ocrx_word' id='word_1_21' title='bbox 2246 492 2473 554; x_wconf 87' lang='lat' dir='ltr'><strong>diceret,</strong></span> <span class='ocrx_word' id='word_1_22' title='bbox 2543 490 2780 544; x_wconf 83' lang='lat' dir='ltr'><strong>animam</strong></span> <span class='ocrx_word' id='word_1_23' title='bbox 2844 506 2968 546; x_wconf 90' lang='lat' dir='ltr'><strong>cum</strong></span> <span class='ocrx_word' id='word_1_24' title='bbox 3019 507 3119 548; x_wconf 90' lang='lat' dir='ltr'><strong>suo</strong></span> <span class='ocrx_word' id='word_1_25' title='bbox 3172 508 3400 565; x_wconf 86' lang='lat' dir='ltr'><strong>corpore</strong></span> <span class='ocrx_word' id='word_1_26' title='bbox 3446 516 3569 556; x_wconf 83' lang='lat' dir='ltr'><strong>esse</strong></span> 
     </span>
    </p>
   </div>
   <div class='ocr_carea' id='block_1_6' title="bbox 302 575 1884 651">
    <p class='ocr_par' dir='ltr' id='par_1_6' title="bbox 302 575 1884 651">
     <span class='ocr_line' id='line_1_6' title="bbox 302 575 1884 651; baseline 0.001 -18"><span class='ocrx_word' id='word_1_27' title='bbox 302 582 361 647; x_wconf 77' lang='grc' dir='ltr'>ἐξ</span> <span class='ocrx_word' id='word_1_28' title='bbox 406 581 644 650; x_wconf 75' lang='grc' dir='ltr'><strong>ἀμφοῖνο</strong></span> <span class='ocrx_word' id='word_1_29' title='bbox 682 579 869 649; x_wconf 71' lang='grc' dir='ltr'><strong>ἤγουν,</strong></span> <span class='ocrx_word' id='word_1_30' title='bbox 906 580 957 631; x_wconf 81' lang='grc' dir='ltr'><strong>ετ</strong></span> <span class='ocrx_word' id='word_1_31' title='bbox 988 595 1083 642; x_wconf 52' lang='grc' dir='ltr'><strong>τις,</strong></span> <span class='ocrx_word' id='word_1_32' title='bbox 1118 579 1263 648; x_wconf 84' lang='grc' dir='ltr'><strong>λέγει</strong></span> <span class='ocrx_word' id='word_1_33' title='bbox 1310 580 1366 632; x_wconf 83' lang='grc' dir='ltr'><strong>ἓν</strong></span> <span class='ocrx_word' id='word_1_34' title='bbox 1396 581 1533 645; x_wconf 75' lang='grc' dir='ltr'><strong>ζῶον</strong></span> <span class='ocrx_word' id='word_1_35' title='bbox 1566 575 1706 634; x_wconf 76' lang='grc' dir='ltr'><strong>εἶναι</strong></span> <span class='ocrx_word' id='word_1_36' title='bbox 1744 582 1884 651; x_wconf 83' lang='grc' dir='ltr'><strong>μετὰ</strong></span> 
     </span>
    </p>
   </div>
   <div class='ocr_carea' id='block_1_7' title="bbox 301 670 1886 741">
    <p class='ocr_par' dir='ltr' id='par_1_7' title="bbox 301 670 1886 741">
     <span class='ocr_line' id='line_1_7' title="bbox 301 670 1886 741; baseline 0.001 -16"><span class='ocrx_word' id='word_1_37' title='bbox 301 671 394 725; x_wconf 80' lang='grc' dir='ltr'><strong>τοῦ</strong></span> <span class='ocrx_word' id='word_1_38' title='bbox 433 670 563 724; x_wconf 87' lang='grc' dir='ltr'>ἰδίου</span> <span class='ocrx_word' id='word_1_39' title='bbox 595 670 868 740; x_wconf 82' lang='grc' dir='ltr'><strong>σώματος,</strong></span> <span class='ocrx_word' id='word_1_40' title='bbox 915 671 1034 741; x_wconf 70' lang='grc' dir='ltr'><strong>ούχὶ</strong></span> <span class='ocrx_word' id='word_1_41' title='bbox 1072 673 1291 735; x_wconf 82' lang='grc' dir='ltr'><strong>πάντως</strong></span> <span class='ocrx_word' id='word_1_42' title='bbox 1320 674 1399 735; x_wconf 82' lang='grc' dir='ltr'><strong>είς</strong></span> <span class='ocrx_word' id='word_1_43' title='bbox 1438 671 1757 741; x_wconf 82' lang='grc' dir='ltr'><strong>ἀνθρώπους</strong></span> <span class='ocrx_word' id='word_1_44' title='bbox 1790 671 1886 726; x_wconf 83' lang='grc' dir='ltr'><strong>δύο</strong></span> 
     </span>
    </p>
   </div>
   <div class='ocr_carea' id='block_1_8' title="bbox 301 763 1885 836">
    <p class='ocr_par' dir='ltr' id='par_1_8' title="bbox 301 763 1885 836">
     <span class='ocr_line' id='line_1_8' title="bbox 301 763 1885 836; baseline 0 -19"><span class='ocrx_word' id='word_1_45' title='bbox 301 765 491 836; x_wconf 82' lang='grc' dir='ltr'><strong>διοριεῖ</strong></span> <span class='ocrx_word' id='word_1_46' title='bbox 526 763 619 816; x_wconf 79' lang='grc' dir='ltr'><strong>τὸν</strong></span> <span class='ocrx_word' id='word_1_47' title='bbox 651 763 777 817; x_wconf 69' lang='grc' dir='ltr'><strong>ἕνα·</strong></span> <span class='ocrx_word' id='word_1_48' title='bbox 826 764 1079 832; x_wconf 85' lang='grc' dir='ltr'><strong>φαίνεται</strong></span> <span class='ocrx_word' id='word_1_49' title='bbox 1129 765 1186 818; x_wconf 79' lang='grc' dir='ltr'>δὲ</span> <span class='ocrx_word' id='word_1_50' title='bbox 1224 765 1426 835; x_wconf 85' lang='grc' dir='ltr'><strong>μᾶλλον</strong></span> <span class='ocrx_word' id='word_1_51' title='bbox 1466 766 1567 818; x_wconf 82' lang='grc' dir='ltr'><strong>οὐκ</strong></span> <span class='ocrx_word' id='word_1_52' title='bbox 1596 764 1885 836; x_wconf 78' lang='grc' dir='ltr'><strong>ὴγνοηκὼς</strong></span> 
     </span>
    </p>
   </div>
   <div class='ocr_carea' id='block_1_9' title="bbox 302 851 1886 930">
    <p class='ocr_par' dir='ltr' id='par_1_9' title="bbox 302 851 1886 930">
     <span class='ocr_line' id='line_1_9' title="bbox 302 851 1886 930; baseline 0.002 -22"><span class='ocrx_word' id='word_1_53' title='bbox 302 859 372 910; x_wconf 80' lang='grc' dir='ltr'><strong>τὰ</strong></span> <span class='ocrx_word' id='word_1_54' title='bbox 406 859 466 924; x_wconf 77' lang='grc' dir='ltr'><strong>ἐξ</strong></span> <span class='ocrx_word' id='word_1_55' title='bbox 497 851 571 911; x_wconf 84' lang='grc' dir='ltr'><strong>ὧν</strong></span> <span class='ocrx_word' id='word_1_56' title='bbox 605 857 773 922; x_wconf 79' lang='grc' dir='ltr'><strong>ἔστιν,</strong></span> <span class='ocrx_word' id='word_1_57' title='bbox 808 858 929 929; x_wconf 72' lang='grc' dir='ltr'><strong>ητοι</strong></span> <span class='ocrx_word' id='word_1_58' title='bbox 964 858 1293 912; x_wconf 81' lang='grc' dir='ltr'><strong>συντέθειται</strong></span> <span class='ocrx_word' id='word_1_59' title='bbox 1338 859 1606 930; x_wconf 85' lang='grc' dir='ltr'><strong>φυσικῶς.</strong></span> <span class='ocrx_word' id='word_1_60' title='bbox 1629 860 1797 912; x_wconf 84' lang='grc' dir='ltr'>Ὅταν</span> <span class='ocrx_word' id='word_1_61' title='bbox 1828 859 1886 911; x_wconf 78' lang='grc' dir='ltr'>δὲ</span> 
     </span>
    </p>
   </div>
   <div class='ocr_carea' id='block_1_10' title="bbox 306 948 1886 1021">
    <p class='ocr_par' dir='ltr' id='par_1_10' title="bbox 306 948 1886 1021">
     <span class='ocr_line' id='line_1_10' title="bbox 306 948 1886 1021; baseline 0.001 -21"><span class='ocrx_word' id='word_1_62' title='bbox 306 949 443 1001; x_wconf 73' lang='grc' dir='ltr'><strong>εἴπω</strong></span> <span class='ocrx_word' id='word_1_63' title='bbox 462 967 475 977; x_wconf 89' lang='grc'>·</span> <span class='ocrx_word' id='word_1_64' title='bbox 506 948 711 1019; x_wconf 81' lang='grc' dir='ltr'><strong>Πέτρος</strong></span> <span class='ocrx_word' id='word_1_65' title='bbox 736 965 793 1002; x_wconf 82' lang='grc' dir='ltr'><strong>τε</strong></span> <span class='ocrx_word' id='word_1_66' title='bbox 821 951 915 1004; x_wconf 68' lang='grc' dir='ltr'><strong>κα)⁸</strong></span> <span class='ocrx_word' id='word_1_67' title='bbox 944 950 1196 1020; x_wconf 84' lang='grc' dir='ltr'><strong>Ἰωάννης</strong></span> <span class='ocrx_word' id='word_1_68' title='bbox 1230 949 1765 1021; x_wconf 77' lang='grc' dir='ltr'><strong>συγχρηματίζουσιν</strong></span> <span class='ocrx_word' id='word_1_69' title='bbox 1794 951 1886 1004; x_wconf 83' lang='grc' dir='ltr'><strong>ἀν-</strong></span> 
     </span>
    </p>
   </div>
   <div class='ocr_carea' id='block_1_11' title="bbox 306 1039 1883 1114">
    <p class='ocr_par' dir='ltr' id='par_1_11' title="bbox 306 1039 1883 1114">
     <span class='ocr_line' id='line_1_11' title="bbox 306 1039 1883 1114; baseline 0.002 -22"><span class='ocrx_word' id='word_1_70' title='bbox 306 1039 535 1110; x_wconf 75' lang='grc' dir='ltr'><strong>θρωττοι,</strong></span> <span class='ocrx_word' id='word_1_71' title='bbox 565 1040 598 1111; x_wconf 79' lang='grc' dir='ltr'>ἢ</span> <span class='ocrx_word' id='word_1_72' title='bbox 633 1040 786 1109; x_wconf 83' lang='grc' dir='ltr'><strong>γοῦν,</strong></span> <span class='ocrx_word' id='word_1_73' title='bbox 824 1043 906 1095; x_wconf 85' lang='grc' dir='ltr'><strong>ὃτι</strong></span> <span class='ocrx_word' id='word_1_74' title='bbox 934 1041 1090 1095; x_wconf 86' lang='grc' dir='ltr'><strong>Μετά</strong></span> <span class='ocrx_word' id='word_1_75' title='bbox 1124 1041 1334 1113; x_wconf 82' lang='grc' dir='ltr'><strong>Πέτρου</strong></span> <span class='ocrx_word' id='word_1_76' title='bbox 1379 1044 1473 1095; x_wconf 72' lang='grc' dir='ltr'><strong>καὶ</strong></span> <span class='ocrx_word' id='word_1_77' title='bbox 1506 1042 1755 1114; x_wconf 80' lang='grc' dir='ltr'><strong>Ἰωάννης</strong></span> <span class='ocrx_word' id='word_1_78' title='bbox 1788 1044 1883 1095; x_wconf 87' lang='grc' dir='ltr'><strong>ἀν-</strong></span> 
     </span>
    </p>
   </div>
   <div class='ocr_carea' id='block_1_12' title="bbox 306 1131 1883 1204">
    <p class='ocr_par' dir='ltr' id='par_1_12' title="bbox 306 1131 1883 1204">
     <span class='ocr_line' id='line_1_12' title="bbox 306 1131 1883 1204; baseline 0.003 -20"><span class='ocrx_word' id='word_1_79' title='bbox 306 1131 520 1186; x_wconf 78' lang='grc' dir='ltr'><strong>έϐαινεν</strong></span> <span class='ocrx_word' id='word_1_80' title='bbox 545 1133 625 1196; x_wconf 83' lang='grc' dir='ltr'><strong>είς</strong></span> <span class='ocrx_word' id='word_1_81' title='bbox 644 1134 705 1185; x_wconf 78' lang='grc' dir='ltr'><strong>τὸ</strong></span> <span class='ocrx_word' id='word_1_82' title='bbox 734 1133 895 1203; x_wconf 79' lang='grc' dir='ltr'><strong>ἱερὸν,</strong></span> <span class='ocrx_word' id='word_1_83' title='bbox 924 1133 1107 1187; x_wconf 80' lang='grc' dir='ltr'><strong>οὐκέτι</strong></span> <span class='ocrx_word' id='word_1_84' title='bbox 1130 1133 1192 1186; x_wconf 83' lang='grc' dir='ltr'><strong>τὸ</strong></span> <span class='ocrx_word' id='word_1_85' title='bbox 1208 1134 1404 1204; x_wconf 82' lang='grc' dir='ltr'><strong>σὺν,ἢ</strong></span> <span class='ocrx_word' id='word_1_86' title='bbox 1433 1134 1564 1202; x_wconf 81' lang='grc' dir='ltr'><strong>γοῦν</strong></span> <span class='ocrx_word' id='word_1_87' title='bbox 1605 1134 1666 1188; x_wconf 85' lang='grc' dir='ltr'><strong>τὸ</strong></span> <span class='ocrx_word' id='word_1_88' title='bbox 1711 1135 1883 1203; x_wconf 81' lang='grc' dir='ltr'><strong>μετὰ,</strong></span> 
     </span>
    </p>
   </div>
   <div class='ocr_carea' id='block_1_13' title="bbox 304 1223 1887 1295">
    <p class='ocr_par' dir='ltr' id='par_1_13' title="bbox 304 1223 1887 1295">
     <span class='ocr_line' id='line_1_13' title="bbox 304 1223 1887 1295; baseline 0.003 -21"><span class='ocrx_word' id='word_1_89' title='bbox 304 1223 403 1293; x_wconf 85' lang='grc' dir='ltr'><strong>τὴν</strong></span> <span class='ocrx_word' id='word_1_90' title='bbox 434 1223 550 1286; x_wconf 80' lang='grc' dir='ltr'><strong>ἐνὸς</strong></span> <span class='ocrx_word' id='word_1_91' title='bbox 578 1227 815 1278; x_wconf 86' lang='grc' dir='ltr'><strong>ποιεῖται</strong></span> <span class='ocrx_word' id='word_1_92' title='bbox 850 1225 1101 1295; x_wconf 87' lang='grc' dir='ltr'><strong>δήλωσιν.</strong></span> <span class='ocrx_word' id='word_1_93' title='bbox 1149 1225 1223 1277; x_wconf 63' lang='lat' dir='ltr'><strong>Uti</strong></span> <span class='ocrx_word' id='word_1_94' title='bbox 1272 1225 1381 1295; x_wconf 87' lang='grc' dir='ltr'><strong>γάρ</strong></span> <span class='ocrx_word' id='word_1_95' title='bbox 1414 1226 1750 1279; x_wconf 81' lang='grc' dir='ltr'><strong>συντέθειται</strong></span> <span class='ocrx_word' id='word_1_96' title='bbox 1786 1226 1887 1279; x_wconf 86' lang='grc' dir='ltr'><strong>Πέ-</strong></span> 
     </span>
    </p>
   </div>
   <div class='ocr_carea' id='block_1_14' title="bbox 304 1312 1885 1385">
    <p class='ocr_par' dir='ltr' id='par_1_14' title="bbox 304 1312 1885 1385">
     <span class='ocr_line' id='line_1_14' title="bbox 304 1312 1885 1385; baseline 0.001 -20"><span class='ocrx_word' id='word_1_97' title='bbox 304 1330 434 1383; x_wconf 88' lang='grc' dir='ltr'><strong>τρος</strong></span> <span class='ocrx_word' id='word_1_98' title='bbox 472 1312 714 1385; x_wconf 84' lang='grc' dir='ltr'><strong>Ἰωάννῃ,</strong></span> <span class='ocrx_word' id='word_1_99' title='bbox 756 1313 871 1367; x_wconf 82' lang='grc' dir='ltr'><strong>ἀλλ’</strong></span> <span class='ocrx_word' id='word_1_100' title='bbox 894 1313 1015 1366; x_wconf 73' lang='grc' dir='ltr'><strong>οὐδὲ</strong></span> <span class='ocrx_word' id='word_1_101' title='bbox 1049 1315 1129 1376; x_wconf 86' lang='grc' dir='ltr'><strong>εἰς</strong></span> <span class='ocrx_word' id='word_1_102' title='bbox 1156 1312 1273 1377; x_wconf 79' lang='grc' dir='ltr'><strong>ἑνὸς</strong></span> <span class='ocrx_word' id='word_1_103' title='bbox 1304 1313 1595 1385; x_wconf 84' lang='grc' dir='ltr'><strong>ἀνθρώπου</strong></span> <span class='ocrx_word' id='word_1_104' title='bbox 1628 1313 1885 1367; x_wconf 88' lang='grc' dir='ltr'><strong>σύστασιν</strong></span> 
     </span>
    </p>
   </div>
   <div class='ocr_carea' id='block_1_15' title="bbox 304 1408 1888 1481">
    <p class='ocr_par' dir='ltr' id='par_1_15' title="bbox 304 1408 1888 1481">
     <span class='ocr_line' id='line_1_15' title="bbox 304 1408 1888 1481; baseline 0.001 -21"><span class='ocrx_word' id='word_1_105' title='bbox 304 1408 547 1463; x_wconf 80' lang='grc' dir='ltr'><strong>τελοῦσιν</strong></span> <span class='ocrx_word' id='word_1_106' title='bbox 572 1411 892 1481; x_wconf 79' lang='grc' dir='ltr'><strong>ἀμφότεροι.</strong></span> <span class='ocrx_word' id='word_1_107' title='bbox 928 1410 991 1462; x_wconf 92' lang='grc' dir='ltr'><strong>Τί</strong></span> <span class='ocrx_word' id='word_1_108' title='bbox 1018 1410 1196 1462; x_wconf 83' lang='grc' dir='ltr'><strong>τοίνυν</strong></span> <span class='ocrx_word' id='word_1_109' title='bbox 1226 1410 1534 1479; x_wconf 77' lang='grc' dir='ltr'><strong>σοφίζονται</strong></span> <span class='ocrx_word' id='word_1_110' title='bbox 1559 1418 1587 1457; x_wconf 69' lang='grc'><strong><em>7</em></strong></span> <span class='ocrx_word' id='word_1_111' title='bbox 1621 1409 1717 1481; x_wconf 86' lang='grc' dir='ltr'><strong>τὴν</strong></span> <span class='ocrx_word' id='word_1_112' title='bbox 1756 1409 1888 1480; x_wconf 82' lang='grc' dir='ltr'><strong>ἀλή-</strong></span> 
     </span>
    </p>
   </div>
   <div class='ocr_carea' id='block_1_16' title="bbox 306 1500 1885 1573">
    <p class='ocr_par' dir='ltr' id='par_1_16' title="bbox 306 1500 1885 1573">
     <span class='ocr_line' id='line_1_16' title="bbox 306 1500 1885 1573; baseline 0 -20"><span class='ocrx_word' id='word_1_113' title='bbox 306 1501 474 1567; x_wconf 84' lang='grc' dir='ltr'><strong>θειαν,</strong></span> <span class='ocrx_word' id='word_1_114' title='bbox 503 1502 835 1573; x_wconf 77' lang='grc' dir='ltr'><strong>διαιροῦντες</strong></span> <span class='ocrx_word' id='word_1_115' title='bbox 865 1501 1092 1572; x_wconf 82' lang='grc' dir='ltr'><strong>ἀμαθῶς</strong></span> <span class='ocrx_word' id='word_1_116' title='bbox 1117 1503 1196 1565; x_wconf 83' lang='grc' dir='ltr'><strong>εἰς</strong></span> <span class='ocrx_word' id='word_1_117' title='bbox 1225 1500 1319 1554; x_wconf 86' lang='grc' dir='ltr'><strong>δύο</strong></span> <span class='ocrx_word' id='word_1_118' title='bbox 1346 1503 1616 1572; x_wconf 82' lang='grc' dir='ltr'><strong>Χριστοὺς</strong></span> <span class='ocrx_word' id='word_1_119' title='bbox 1647 1502 1738 1555; x_wconf 84' lang='grc' dir='ltr'><strong>τὸν</strong></span> <span class='ocrx_word' id='word_1_120' title='bbox 1759 1501 1885 1565; x_wconf 69' lang='lat' dir='ltr'><strong>Eva;</strong></span> 
     </span>
    </p>
   </div>
   <div class='ocr_carea' id='block_1_17' title="bbox 308 1592 1889 1664">
    <p class='ocr_par' dir='ltr' id='par_1_17' title="bbox 308 1592 1889 1664">
     <span class='ocr_line' id='line_1_17' title="bbox 308 1592 1889 1664; baseline -0.001 -18"><span class='ocrx_word' id='word_1_121' title='bbox 308 1594 441 1646; x_wconf 82' lang='grc' dir='ltr'><strong>Είὸὲ</strong></span> <span class='ocrx_word' id='word_1_122' title='bbox 473 1594 806 1664; x_wconf 75' lang='grc' dir='ltr'><strong>νομίζουσιν,</strong></span> <span class='ocrx_word' id='word_1_123' title='bbox 832 1594 938 1657; x_wconf 85' lang='grc' dir='ltr'><strong>ὃτι,</strong></span> <span class='ocrx_word' id='word_1_124' title='bbox 964 1592 1301 1662; x_wconf 79' lang='grc' dir='ltr'><strong>συνεδρεύειν</strong></span> <span class='ocrx_word' id='word_1_125' title='bbox 1327 1593 1578 1661; x_wconf 85' lang='grc' dir='ltr'><strong>λέγοντες</strong></span> <span class='ocrx_word' id='word_1_126' title='bbox 1607 1592 1685 1664; x_wconf 84' lang='grc' dir='ltr'><strong>τῷ</strong></span> <span class='ocrx_word' id='word_1_127' title='bbox 1712 1593 1889 1662; x_wconf 73' lang='grc' dir='ltr'><strong>Πατρὶ</strong></span> 
     </span>
    </p>
   </div>
   <div class='ocr_carea' id='block_1_18' title="bbox 306 1684 1885 1757">
    <p class='ocr_par' dir='ltr' id='par_1_18' title="bbox 306 1684 1885 1757">
     <span class='ocr_line' id='line_1_18' title="bbox 306 1684 1885 1757; baseline -0.001 -19"><span class='ocrx_word' id='word_1_128' title='bbox 306 1687 397 1738; x_wconf 75' lang='grc' dir='ltr'><strong>τὸν</strong></span> <span class='ocrx_word' id='word_1_129' title='bbox 432 1686 555 1739; x_wconf 75' lang='grc' dir='ltr'><strong>Υίὸν</strong></span> <span class='ocrx_word' id='word_1_130' title='bbox 606 1687 743 1756; x_wconf 89' lang='grc' dir='ltr'><strong>μετά</strong></span> <span class='ocrx_word' id='word_1_131' title='bbox 772 1686 866 1739; x_wconf 83' lang='grc' dir='ltr'><strong>τοῦ</strong></span> <span class='ocrx_word' id='word_1_132' title='bbox 905 1685 1035 1738; x_wconf 81' lang='grc' dir='ltr'><strong>ίδίου</strong></span> <span class='ocrx_word' id='word_1_133' title='bbox 1068 1686 1353 1757; x_wconf 84' lang='grc' dir='ltr'><strong>σώματος,</strong></span> <span class='ocrx_word' id='word_1_134' title='bbox 1396 1685 1489 1738; x_wconf 86' lang='grc' dir='ltr'><strong>δύο</strong></span> <span class='ocrx_word' id='word_1_135' title='bbox 1530 1684 1768 1738; x_wconf 77' lang='grc' dir='ltr'><strong>νοεῖσθαι</strong></span> <span class='ocrx_word' id='word_1_136' title='bbox 1799 1684 1885 1736; x_wconf 86' lang='grc' dir='ltr'><strong>δε-</strong></span> 
     </span>
    </p>
   </div>
   <div class='ocr_carea' id='block_1_19' title="bbox 303 1777 1888 1850">
    <p class='ocr_par' dir='ltr' id='par_1_19' title="bbox 303 1777 1888 1850">
     <span class='ocr_line' id='line_1_19' title="bbox 303 1777 1888 1850; baseline -0.001 -20"><span class='ocrx_word' id='word_1_137' title='bbox 303 1777 555 1850; x_wconf 81' lang='grc' dir='ltr'><strong>δώκαμεν</strong></span> <span class='ocrx_word' id='word_1_138' title='bbox 608 1780 793 1843; x_wconf 79' lang='grc' dir='ltr'><strong>υἱοὺς,</strong></span> <span class='ocrx_word' id='word_1_139' title='bbox 847 1778 1258 1847; x_wconf 82' lang='grc' dir='ltr'><strong>ὲρευνάτωσαν,</strong></span> <span class='ocrx_word' id='word_1_140' title='bbox 1300 1780 1349 1831; x_wconf 86' lang='grc' dir='ltr'><strong>εί</strong></span> <span class='ocrx_word' id='word_1_141' title='bbox 1387 1777 1461 1848; x_wconf 82' lang='grc' dir='ltr'><strong>μὴ</strong></span> <span class='ocrx_word' id='word_1_142' title='bbox 1497 1778 1592 1830; x_wconf 71' lang='grc' dir='ltr'><strong>ἕνα</strong></span> <span class='ocrx_word' id='word_1_143' title='bbox 1637 1777 1888 1845; x_wconf 88' lang='grc' dir='ltr'><strong>λέγοντες</strong></span> 
     </span>
    </p>
   </div>
   <div class='ocr_carea' id='block_1_20' title="bbox 1986 583 3565 651">
    <p class='ocr_par' dir='ltr' id='par_1_20' title="bbox 1986 583 3565 651">
     <span class='ocr_line' id='line_1_20' title="bbox 1986 583 3565 651; baseline 0.005 -15"><span class='ocrx_word' id='word_1_144' title='bbox 1986 599 2149 637; x_wconf 87' lang='lat' dir='ltr'><strong>unum</strong></span> <span class='ocrx_word' id='word_1_145' title='bbox 2174 583 2394 645; x_wconf 83' lang='lat' dir='ltr'><strong>animal,</strong></span> <span class='ocrx_word' id='word_1_146' title='bbox 2426 598 2532 637; x_wconf 88' lang='lat' dir='ltr'><strong>non</strong></span> <span class='ocrx_word' id='word_1_147' title='bbox 2561 593 2843 651; x_wconf 73' lang='lat' dir='ltr'><strong>propterea</strong></span> <span class='ocrx_word' id='word_1_148' title='bbox 2874 584 2927 637; x_wconf 91' lang='lat' dir='ltr'><strong>in</strong></span> <span class='ocrx_word' id='word_1_149' title='bbox 2960 583 3096 640; x_wconf 89' lang='lat' dir='ltr'><strong>duos</strong></span> <span class='ocrx_word' id='word_1_150' title='bbox 3125 586 3372 642; x_wconf 81' lang='lat' dir='ltr'><strong>homines</strong></span> <span class='ocrx_word' id='word_1_151' title='bbox 3400 606 3565 644; x_wconf 83' lang='lat' dir='ltr'><strong>Illllllll</strong></span> 
     </span>
    </p>
   </div>
   <div class='ocr_carea' id='block_1_21' title="bbox 1986 673 3563 745">
    <p class='ocr_par' dir='ltr' id='par_1_21' title="bbox 1986 673 3563 745">
     <span class='ocr_line' id='line_1_21' title="bbox 1986 673 3563 745; baseline 0.003 -18"><span class='ocrx_word' id='word_1_152' title='bbox 1986 673 2215 739; x_wconf 89' lang='lat' dir='ltr'><strong>dividit;</strong></span> <span class='ocrx_word' id='word_1_153' title='bbox 2244 674 2455 727; x_wconf 91' lang='lat' dir='ltr'><strong>videtur</strong></span> <span class='ocrx_word' id='word_1_154' title='bbox 2484 684 2662 727; x_wconf 90' lang='lat' dir='ltr'><strong>autem</strong></span> <span class='ocrx_word' id='word_1_155' title='bbox 2688 674 2868 741; x_wconf 94' lang='lat' dir='ltr'><strong>potius</strong></span> <span class='ocrx_word' id='word_1_156' title='bbox 2922 690 3027 728; x_wconf 91' lang='lat' dir='ltr'><strong>non</strong></span> <span class='ocrx_word' id='word_1_157' title='bbox 3080 674 3329 745; x_wconf 88' lang='lat' dir='ltr'><strong>ignorare</strong></span> <span class='ocrx_word' id='word_1_158' title='bbox 3362 694 3447 741; x_wconf 83' lang='lat' dir='ltr'><strong>ea,</strong></span> <span class='ocrx_word' id='word_1_159' title='bbox 3497 695 3563 731; x_wconf 78' lang='lat' dir='ltr'><strong>ex</strong></span> 
     </span>
    </p>
   </div>
   <div class='ocr_carea' id='block_1_22' title="bbox 1986 764 3562 835">
    <p class='ocr_par' dir='ltr' id='par_1_22' title="bbox 1986 764 3562 835">
     <span class='ocr_line' id='line_1_22' title="bbox 1986 764 3562 835; baseline 0.003 -17"><span class='ocrx_word' id='word_1_160' title='bbox 1986 764 2184 834; x_wconf 84' lang='lat' dir='ltr'><strong>quibus</strong></span> <span class='ocrx_word' id='word_1_161' title='bbox 2235 777 2338 827; x_wconf 88' lang='lat' dir='ltr'><strong>est,</strong></span> <span class='ocrx_word' id='word_1_162' title='bbox 2378 766 2482 820; x_wconf 89' lang='lat' dir='ltr'><strong>hoc</strong></span> <span class='ocrx_word' id='word_1_163' title='bbox 2523 774 2629 830; x_wconf 89' lang='lat' dir='ltr'><strong>est,</strong></span> <span class='ocrx_word' id='word_1_164' title='bbox 2677 766 3039 835; x_wconf 89' lang='lat' dir='ltr'><strong>compositum</strong></span> <span class='ocrx_word' id='word_1_165' title='bbox 3083 775 3167 821; x_wconf 85' lang='lat' dir='ltr'><strong>est</strong></span> <span class='ocrx_word' id='word_1_166' title='bbox 3214 770 3562 823; x_wconf 89' lang='lat' dir='ltr'><strong>naturaliter.</strong></span> 
     </span>
    </p>
   </div>
   <div class='ocr_carea' id='block_1_23' title="bbox 1987 856 3567 929">
    <p class='ocr_par' dir='ltr' id='par_1_23' title="bbox 1987 856 3567 929">
     <span class='ocr_line' id='line_1_23' title="bbox 1987 856 3567 929; baseline 0.003 -21"><span class='ocrx_word' id='word_1_167' title='bbox 1987 856 2212 923; x_wconf 83' lang='lat' dir='ltr'><strong>Quando</strong></span> <span class='ocrx_word' id='word_1_168' title='bbox 2240 873 2369 912; x_wconf 89' lang='lat' dir='ltr'><strong>vero</strong></span> <span class='ocrx_word' id='word_1_169' title='bbox 2403 857 2545 922; x_wconf 86' lang='lat' dir='ltr'><strong>dico,</strong></span> <span class='ocrx_word' id='word_1_170' title='bbox 2573 856 2763 911; x_wconf 84' lang='lat' dir='ltr'><strong>Petrus</strong></span> <span class='ocrx_word' id='word_1_171' title='bbox 2791 868 2845 910; x_wconf 93' lang='lat' dir='ltr'><strong>et</strong></span> <span class='ocrx_word' id='word_1_172' title='bbox 2879 856 3121 912; x_wconf 75' lang='lat' dir='ltr'><strong>Joannes</strong></span> <span class='ocrx_word' id='word_1_173' title='bbox 3157 860 3567 929; x_wconf 89' lang='lat' dir='ltr'><strong>coappellantur</strong></span> 
     </span>
    </p>
   </div>
   <div class='ocr_carea' id='block_1_24' title="bbox 1988 947 3566 1013">
    <p class='ocr_par' dir='ltr' id='par_1_24' title="bbox 1988 947 3566 1013">
     <span class='ocr_line' id='line_1_24' title="bbox 1988 947 3566 1013; baseline 0.001 -9"><span class='ocrx_word' id='word_1_174' title='bbox 1988 949 2257 1013; x_wconf 85' lang='lat' dir='ltr'><strong>homines,</strong></span> <span class='ocrx_word' id='word_1_175' title='bbox 2314 948 2398 1001; x_wconf 86' lang='lat' dir='ltr'><strong>vel</strong></span> <span class='ocrx_word' id='word_1_176' title='bbox 2426 950 2616 1013; x_wconf 87' lang='lat' dir='ltr'><strong>etiam,</strong></span> <span class='ocrx_word' id='word_1_177' title='bbox 2650 949 2785 1002; x_wconf 79' lang='lat' dir='ltr'><strong>Cum</strong></span> <span class='ocrx_word' id='word_1_178' title='bbox 2822 949 2987 1003; x_wconf 91' lang='lat' dir='ltr'><strong>Petro</strong></span> <span class='ocrx_word' id='word_1_179' title='bbox 3037 947 3277 1005; x_wconf 83' lang='lat' dir='ltr'><strong>Joannes</strong></span> <span class='ocrx_word' id='word_1_180' title='bbox 3319 954 3566 1006; x_wconf 81' lang='lat' dir='ltr'><strong>ascendit</strong></span> 
     </span>
    </p>
   </div>
   <div class='ocr_carea' id='block_1_25' title="bbox 1988 1040 3561 1112">
    <p class='ocr_par' dir='ltr' id='par_1_25' title="bbox 1988 1040 3561 1112">
     <span class='ocr_line' id='line_1_25' title="bbox 1988 1040 3561 1112; baseline 0.001 -17"><span class='ocrx_word' id='word_1_181' title='bbox 1988 1041 2041 1095; x_wconf 92' lang='lat' dir='ltr'><strong>in</strong></span> <span class='ocrx_word' id='word_1_182' title='bbox 2085 1040 2342 1110; x_wconf 87' lang='lat' dir='ltr'><strong>templum</strong></span> <span class='ocrx_word' id='word_1_183' title='bbox 2373 1056 2387 1092; x_wconf 90' lang='lat'><strong>:</strong></span> <span class='ocrx_word' id='word_1_184' title='bbox 2421 1057 2526 1095; x_wconf 90' lang='lat' dir='ltr'><strong>non</strong></span> <span class='ocrx_word' id='word_1_185' title='bbox 2579 1041 2691 1109; x_wconf 87' lang='lat' dir='ltr'><strong>jam</strong></span> <span class='ocrx_word' id='word_1_186' title='bbox 2738 1042 2855 1105; x_wconf 77' lang='grc' dir='ltr'><strong>σὺν,</strong></span> <span class='ocrx_word' id='word_1_187' title='bbox 2900 1041 2984 1096; x_wconf 92' lang='lat' dir='ltr'><strong>vel</strong></span> <span class='ocrx_word' id='word_1_188' title='bbox 3035 1042 3195 1112; x_wconf 82' lang='grc' dir='ltr'><strong>μετὰ,</strong></span> <span class='ocrx_word' id='word_1_189' title='bbox 3228 1043 3280 1096; x_wconf 88' lang='lat' dir='ltr'><strong>id</strong></span> <span class='ocrx_word' id='word_1_190' title='bbox 3312 1054 3396 1098; x_wconf 89' lang='lat' dir='ltr'><strong>est</strong></span> <span class='ocrx_word' id='word_1_191' title='bbox 3423 1061 3561 1111; x_wconf 72' lang='lat' dir='ltr'><strong>curn,</strong></span> 
     </span>
    </p>
   </div>
   <div class='ocr_carea' id='block_1_26' title="bbox 1988 1132 3565 1203">
    <p class='ocr_par' dir='ltr' id='par_1_26' title="bbox 1988 1132 3565 1203">
     <span class='ocr_line' id='line_1_26' title="bbox 1988 1132 3565 1203; baseline 0.003 -18"><span class='ocrx_word' id='word_1_192' title='bbox 1988 1148 2153 1185; x_wconf 88' lang='lat' dir='ltr'><strong>unum</strong></span> <span class='ocrx_word' id='word_1_193' title='bbox 2195 1134 2448 1201; x_wconf 77' lang='lat' dir='ltr'><strong>quiddam</strong></span> <span class='ocrx_word' id='word_1_194' title='bbox 2476 1133 2766 1203; x_wconf 88' lang='lat' dir='ltr'><strong>signilicat.</strong></span> <span class='ocrx_word' id='word_1_195' title='bbox 2810 1132 2926 1187; x_wconf 84' lang='lat' dir='ltr'><strong>Non</strong></span> <span class='ocrx_word' id='word_1_196' title='bbox 2964 1136 3111 1189; x_wconf 90' lang='lat' dir='ltr'><strong>enim</strong></span> <span class='ocrx_word' id='word_1_197' title='bbox 3146 1134 3383 1189; x_wconf 80' lang='lat' dir='ltr'><strong>Joannes</strong></span> <span class='ocrx_word' id='word_1_198' title='bbox 3411 1153 3565 1190; x_wconf 85' lang='lat' dir='ltr'><strong>com-</strong></span> 
     </span>
    </p>
   </div>
   <div class='ocr_carea' id='block_1_27' title="bbox 1989 1224 3569 1295">
    <p class='ocr_par' dir='ltr' id='par_1_27' title="bbox 1989 1224 3569 1295">
     <span class='ocr_line' id='line_1_27' title="bbox 1989 1224 3569 1295; baseline 0.003 -17"><span class='ocrx_word' id='word_1_199' title='bbox 1989 1226 2193 1293; x_wconf 88' lang='lat' dir='ltr'><strong>positus</strong></span> <span class='ocrx_word' id='word_1_200' title='bbox 2227 1236 2309 1277; x_wconf 87' lang='lat' dir='ltr'><strong>est</strong></span> <span class='ocrx_word' id='word_1_201' title='bbox 2333 1240 2453 1278; x_wconf 92' lang='lat' dir='ltr'><strong>cum</strong></span> <span class='ocrx_word' id='word_1_202' title='bbox 2484 1224 2663 1290; x_wconf 80' lang='lat' dir='ltr'><strong>I’etro,</strong></span> <span class='ocrx_word' id='word_1_203' title='bbox 2698 1226 2791 1279; x_wconf 87' lang='lat' dir='ltr'><strong>sed</strong></span> <span class='ocrx_word' id='word_1_204' title='bbox 2831 1242 3004 1295; x_wconf 90' lang='lat' dir='ltr'><strong>neque</strong></span> <span class='ocrx_word' id='word_1_205' title='bbox 3027 1227 3094 1280; x_wconf 89' lang='lat' dir='ltr'><strong>ad</strong></span> <span class='ocrx_word' id='word_1_206' title='bbox 3142 1230 3304 1282; x_wconf 87' lang='lat' dir='ltr'><strong>unius</strong></span> <span class='ocrx_word' id='word_1_207' title='bbox 3330 1229 3569 1283; x_wconf 85' lang='lat' dir='ltr'><strong>hominis</strong></span> 
     </span>
    </p>
   </div>
   <div class='ocr_carea' id='block_1_28' title="bbox 1988 1316 3564 1386">
    <p class='ocr_par' dir='ltr' id='par_1_28' title="bbox 1988 1316 3564 1386">
     <span class='ocr_line' id='line_1_28' title="bbox 1988 1316 3564 1386; baseline 0.004 -18"><span class='ocrx_word' id='word_1_208' title='bbox 1988 1316 2433 1370; x_wconf 83' lang='lat' dir='ltr'><strong>constitutionem</strong></span> <span class='ocrx_word' id='word_1_209' title='bbox 2459 1317 2620 1371; x_wconf 88' lang='lat' dir='ltr'><strong>ambo</strong></span> <span class='ocrx_word' id='word_1_210' title='bbox 2656 1318 3007 1371; x_wconf 87' lang='lat' dir='ltr'><strong>conveniunt.</strong></span> <span class='ocrx_word' id='word_1_211' title='bbox 3048 1318 3158 1373; x_wconf 88' lang='lat' dir='ltr'><strong>Cur</strong></span> <span class='ocrx_word' id='word_1_212' title='bbox 3192 1333 3322 1386; x_wconf 72' lang='lat' dir='ltr'><strong>ergo</strong></span> <span class='ocrx_word' id='word_1_213' title='bbox 3353 1322 3564 1374; x_wconf 83' lang='lat' dir='ltr'><strong>veritati</strong></span> 
     </span>
    </p>
   </div>
   <div class='ocr_carea' id='block_1_29' title="bbox 1990 1409 3570 1478">
    <p class='ocr_par' dir='ltr' id='par_1_29' title="bbox 1990 1409 3570 1478">
     <span class='ocr_line' id='line_1_29' title="bbox 1990 1409 3570 1478; baseline 0.001 -15"><span class='ocrx_word' id='word_1_214' title='bbox 1990 1409 2237 1471; x_wconf 89' lang='lat' dir='ltr'><strong>illudunt,</strong></span> <span class='ocrx_word' id='word_1_215' title='bbox 2278 1410 2582 1463; x_wconf 77' lang='lat' dir='ltr'><strong>dividentes</strong></span> <span class='ocrx_word' id='word_1_216' title='bbox 2633 1409 2882 1478; x_wconf 86' lang='lat' dir='ltr'><strong>imperite</strong></span> <span class='ocrx_word' id='word_1_217' title='bbox 2929 1426 3091 1463; x_wconf 91' lang='lat' dir='ltr'><strong>unum</strong></span> <span class='ocrx_word' id='word_1_218' title='bbox 3134 1412 3185 1464; x_wconf 89' lang='lat' dir='ltr'><strong>in</strong></span> <span class='ocrx_word' id='word_1_219' title='bbox 3235 1412 3371 1465; x_wconf 87' lang='lat' dir='ltr'><strong>duos</strong></span> <span class='ocrx_word' id='word_1_220' title='bbox 3410 1412 3570 1466; x_wconf 75' lang='lat' dir='ltr'><strong>Clu-i-</strong></span> 
     </span>
    </p>
   </div>
   <div class='ocr_carea' id='block_1_30' title="bbox 1989 1499 3566 1570">
    <p class='ocr_par' dir='ltr' id='par_1_30' title="bbox 1989 1499 3566 1570">
     <span class='ocr_line' id='line_1_30' title="bbox 1989 1499 3566 1570; baseline 0.001 -16"><span class='ocrx_word' id='word_1_221' title='bbox 1989 1501 2144 1555; x_wconf 84' lang='lat' dir='ltr'><strong>slos?</strong></span> <span class='ocrx_word' id='word_1_222' title='bbox 2176 1499 2231 1554; x_wconf 88' lang='lat' dir='ltr'><strong>Si</strong></span> <span class='ocrx_word' id='word_1_223' title='bbox 2265 1511 2443 1553; x_wconf 84' lang='lat' dir='ltr'><strong>autem</strong></span> <span class='ocrx_word' id='word_1_224' title='bbox 2487 1510 2699 1569; x_wconf 86' lang='lat' dir='ltr'><strong>putant,</strong></span> <span class='ocrx_word' id='word_1_225' title='bbox 2748 1503 2891 1570; x_wconf 88' lang='lat' dir='ltr'><strong>quod</strong></span> <span class='ocrx_word' id='word_1_226' title='bbox 2939 1503 3171 1556; x_wconf 88' lang='lat' dir='ltr'><strong>dicendo</strong></span> <span class='ocrx_word' id='word_1_227' title='bbox 3212 1503 3405 1557; x_wconf 79' lang='lat' dir='ltr'><strong>Filium</strong></span> <span class='ocrx_word' id='word_1_228' title='bbox 3441 1520 3566 1558; x_wconf 88' lang='lat' dir='ltr'><strong>cum</strong></span> 
     </span>
    </p>
   </div>
   <div class='ocr_carea' id='block_1_31' title="bbox 1989 1592 3571 1665">
    <p class='ocr_par' dir='ltr' id='par_1_31' title="bbox 1989 1592 3571 1665">
     <span class='ocr_line' id='line_1_31' title="bbox 1989 1592 3571 1665; baseline 0.003 -22"><span class='ocrx_word' id='word_1_229' title='bbox 1989 1593 2207 1660; x_wconf 82' lang='lat' dir='ltr'><strong>proprio</strong></span> <span class='ocrx_word' id='word_1_230' title='bbox 2239 1607 2469 1660; x_wconf 91' lang='lat' dir='ltr'><strong>corpore</strong></span> <span class='ocrx_word' id='word_1_231' title='bbox 2493 1592 2778 1646; x_wconf 85' lang='lat' dir='ltr'><strong>considere</strong></span> <span class='ocrx_word' id='word_1_232' title='bbox 2810 1592 2982 1656; x_wconf 87' lang='lat' dir='ltr'><strong>Patri,</strong></span> <span class='ocrx_word' id='word_1_233' title='bbox 3020 1594 3154 1649; x_wconf 87' lang='lat' dir='ltr'><strong>duos</strong></span> <span class='ocrx_word' id='word_1_234' title='bbox 3188 1595 3571 1665; x_wconf 85' lang='lat' dir='ltr'><strong>intelligendos</strong></span> 
     </span>
    </p>
   </div>
   <div class='ocr_carea' id='block_1_32' title="bbox 1993 1684 3568 1753">
    <p class='ocr_par' dir='ltr' id='par_1_32' title="bbox 1993 1684 3568 1753">
     <span class='ocr_line' id='line_1_32' title="bbox 1993 1684 3568 1753; baseline 0.001 -15"><span class='ocrx_word' id='word_1_235' title='bbox 1993 1684 2157 1738; x_wconf 79' lang='lat' dir='ltr'><strong>Filius</strong></span> <span class='ocrx_word' id='word_1_236' title='bbox 2250 1686 2746 1751; x_wconf 81' lang='lat' dir='ltr'><strong>concesserimus;</strong></span> <span class='ocrx_word' id='word_1_237' title='bbox 2803 1685 3101 1753; x_wconf 87' lang='lat' dir='ltr'><strong>inquirant,</strong></span> <span class='ocrx_word' id='word_1_238' title='bbox 3171 1703 3238 1740; x_wconf 86' lang='lat' dir='ltr'><strong>an</strong></span> <span class='ocrx_word' id='word_1_239' title='bbox 3300 1688 3568 1753; x_wconf 84' lang='lat' dir='ltr'><strong>dicamus,</strong></span> 
     </span>
    </p>
   </div>
   <div class='ocr_carea' id='block_1_33' title="bbox 1992 1775 3571 1843">
    <p class='ocr_par' dir='ltr' id='par_1_33' title="bbox 1992 1775 3571 1843">
     <span class='ocr_line' id='line_1_33' title="bbox 1992 1775 3571 1843; baseline 0.004 -14"><span class='ocrx_word' id='word_1_240' title='bbox 1992 1794 2155 1831; x_wconf 92' lang='lat' dir='ltr'><strong>unum</strong></span> <span class='ocrx_word' id='word_1_241' title='bbox 2186 1775 2378 1829; x_wconf 88' lang='lat' dir='ltr'><strong>Filium</strong></span> <span class='ocrx_word' id='word_1_242' title='bbox 2416 1778 2572 1831; x_wconf 87' lang='lat' dir='ltr'><strong>unica</strong></span> <span class='ocrx_word' id='word_1_243' title='bbox 2606 1778 2941 1832; x_wconf 88' lang='lat' dir='ltr'><strong>considentia</strong></span> <span class='ocrx_word' id='word_1_244' title='bbox 2992 1780 3316 1834; x_wconf 85' lang='lat' dir='ltr'><strong>honoratum</strong></span> <span class='ocrx_word' id='word_1_245' title='bbox 3344 1796 3490 1843; x_wconf 87' lang='lat' dir='ltr'><strong>esse,</strong></span> <span class='ocrx_word' id='word_1_246' title='bbox 3516 1792 3571 1835; x_wconf 92' lang='lat' dir='ltr'><strong>et</strong></span> 
     </span>
    </p>
   </div>
   <div class='ocr_carea' id='block_1_34' title="bbox 308 1853 1885 1941">
    <p class='ocr_par' dir='ltr' id='par_1_34' title="bbox 308 1869 1882 1941">
     <span class='ocr_line' id='line_1_34' title="bbox 308 1869 1882 1941; baseline -0.001 -19"><span class='ocrx_word' id='word_1_247' title='bbox 308 1872 455 1931; x_wconf 83' lang='grc' dir='ltr'><strong>Υἱὸν,</strong></span> <span class='ocrx_word' id='word_1_248' title='bbox 488 1872 583 1941; x_wconf 70' lang='grc' dir='ltr'><strong>μιᾷ</strong></span> <span class='ocrx_word' id='word_1_249' title='bbox 610 1870 952 1939; x_wconf 80' lang='grc' dir='ltr'><strong>συνεδρεύσει</strong></span> <span class='ocrx_word' id='word_1_250' title='bbox 977 1870 1304 1940; x_wconf 82' lang='grc' dir='ltr'><strong>τετιμῆσθαί</strong></span> <span class='ocrx_word' id='word_1_251' title='bbox 1330 1888 1529 1941; x_wconf 82' lang='grc' dir='ltr'><strong>φαμεν,</strong></span> <span class='ocrx_word' id='word_1_252' title='bbox 1557 1870 1651 1922; x_wconf 71' lang='grc' dir='ltr'><strong>καὶ</strong></span> <span class='ocrx_word' id='word_1_253' title='bbox 1675 1870 1737 1921; x_wconf 85' lang='grc' dir='ltr'><strong>οὐ</strong></span> <span class='ocrx_word' id='word_1_254' title='bbox 1762 1869 1882 1923; x_wconf 75' lang='grc' dir='ltr'><strong>δυσὶ</strong></span> 
     </span>
    </p>
   </div>
   <div class='ocr_carea' id='block_1_35' title="bbox 1988 1853 3572 1941">
    <p class='ocr_par' dir='ltr' id='par_1_35' title="bbox 1992 1870 3572 1938">
     <span class='ocr_line' id='line_1_35' title="bbox 1992 1870 3572 1938; baseline 0 -15"><span class='ocrx_word' id='word_1_255' title='bbox 1992 1886 2095 1923; x_wconf 91' lang='lat' dir='ltr'><strong>non</strong></span> <span class='ocrx_word' id='word_1_256' title='bbox 2128 1870 2359 1930; x_wconf 85' lang='lat' dir='ltr'><strong>duabus,</strong></span> <span class='ocrx_word' id='word_1_257' title='bbox 2405 1871 2477 1924; x_wconf 91' lang='lat' dir='ltr'><strong>ita</strong></span> <span class='ocrx_word' id='word_1_258' title='bbox 2507 1881 2564 1923; x_wconf 93' lang='lat' dir='ltr'><strong>ut</strong></span> <span class='ocrx_word' id='word_1_259' title='bbox 2604 1886 2709 1923; x_wconf 90' lang='lat' dir='ltr'><strong>una</strong></span> <span class='ocrx_word' id='word_1_260' title='bbox 2744 1882 2797 1924; x_wconf 92' lang='lat' dir='ltr'><strong>et</strong></span> <span class='ocrx_word' id='word_1_261' title='bbox 2838 1873 3092 1938; x_wconf 83' lang='lat' dir='ltr'><strong>privatim</strong></span> <span class='ocrx_word' id='word_1_262' title='bbox 3127 1872 3327 1926; x_wconf 86' lang='lat' dir='ltr'><strong>tributa</strong></span> <span class='ocrx_word' id='word_1_263' title='bbox 3348 1872 3419 1926; x_wconf 87' lang='lat' dir='ltr'><strong>sit</strong></span> <span class='ocrx_word' id='word_1_264' title='bbox 3449 1886 3572 1925; x_wconf 89' lang='lat' dir='ltr'><strong>cur-</strong></span> 
     </span>
    </p>
   </div>
   <div class='ocr_carea' id='block_1_36' title="bbox 309 1961 1886 2034">
    <p class='ocr_par' dir='ltr' id='par_1_36' title="bbox 309 1961 1886 2034">
     <span class='ocr_line' id='line_1_36' title="bbox 309 1961 1886 2034; baseline -0.002 -19"><span class='ocrx_word' id='word_1_265' title='bbox 309 1963 542 2031; x_wconf 82' lang='grc' dir='ltr'><strong>μᾶλλον·</strong></span> <span class='ocrx_word' id='word_1_266' title='bbox 570 1963 646 2026; x_wconf 86' lang='grc' dir='ltr'><strong>ὡς</strong></span> <span class='ocrx_word' id='word_1_267' title='bbox 698 1963 825 2033; x_wconf 87' lang='grc' dir='ltr'><strong>μίαν</strong></span> <span class='ocrx_word' id='word_1_268' title='bbox 868 1963 968 2033; x_wconf 78' lang='grc' dir='ltr'><strong>μὲν</strong></span> <span class='ocrx_word' id='word_1_269' title='bbox 1010 1963 1105 2016; x_wconf 79' lang='grc' dir='ltr'><strong>καὶ</strong></span> <span class='ocrx_word' id='word_1_270' title='bbox 1139 1963 1311 2034; x_wconf 83' lang='grc' dir='ltr'><strong>ἱδικὴν</strong></span> <span class='ocrx_word' id='word_1_271' title='bbox 1361 1961 1761 2033; x_wconf 82' lang='grc' dir='ltr'><strong>ὲκνενεμῆσθαι</strong></span> <span class='ocrx_word' id='word_1_272' title='bbox 1808 1961 1886 2031; x_wconf 76' lang='grc' dir='ltr'><strong>τῷ</strong></span> 
     </span>
    </p>
   </div>
   <div class='ocr_carea' id='block_1_37' title="bbox 307 2054 1885 2127">
    <p class='ocr_par' dir='ltr' id='par_1_37' title="bbox 307 2054 1885 2127">
     <span class='ocr_line' id='line_1_37' title="bbox 307 2054 1885 2127; baseline 0 -21"><span class='ocrx_word' id='word_1_273' title='bbox 307 2055 539 2125; x_wconf 82' lang='grc' dir='ltr'><strong>σώματι,</strong></span> <span class='ocrx_word' id='word_1_274' title='bbox 577 2056 769 2127; x_wconf 76' lang='grc' dir='ltr'><strong>ἑτέραν</strong></span> <span class='ocrx_word' id='word_1_275' title='bbox 804 2056 862 2109; x_wconf 75' lang='grc' dir='ltr'><strong>δὲ</strong></span> <span class='ocrx_word' id='word_1_276' title='bbox 900 2055 1062 2108; x_wconf 87' lang='grc' dir='ltr'><strong>πάλιν</strong></span> <span class='ocrx_word' id='word_1_277' title='bbox 1096 2058 1191 2109; x_wconf 78' lang='grc' dir='ltr'><strong>καὶ</strong></span> <span class='ocrx_word' id='word_1_278' title='bbox 1224 2056 1394 2126; x_wconf 83' lang='grc' dir='ltr'><strong>ίδικὴν</strong></span> <span class='ocrx_word' id='word_1_279' title='bbox 1424 2056 1500 2125; x_wconf 85' lang='grc' dir='ltr'><strong>τῷ</strong></span> <span class='ocrx_word' id='word_1_280' title='bbox 1532 2056 1710 2126; x_wconf 78' lang='grc' dir='ltr'><strong>Λόγῳ.</strong></span> <span class='ocrx_word' id='word_1_281' title='bbox 1746 2054 1885 2107; x_wconf 78' lang='grc' dir='ltr'><strong>Ἀλλ’</strong></span> 
     </span>
    </p>
   </div>
   <div class='ocr_carea' id='block_1_38' title="bbox 304 2146 1884 2220">
    <p class='ocr_par' dir='ltr' id='par_1_38' title="bbox 304 2146 1884 2220">
     <span class='ocr_line' id='line_1_38' title="bbox 304 2146 1884 2220; baseline 0 -21"><span class='ocrx_word' id='word_1_282' title='bbox 304 2148 403 2200; x_wconf 87' lang='grc' dir='ltr'><strong>ούκ</strong></span> <span class='ocrx_word' id='word_1_283' title='bbox 448 2149 515 2201; x_wconf 84' lang='grc' dir='ltr'><strong>ἂν</strong></span> <span class='ocrx_word' id='word_1_284' title='bbox 549 2148 723 2218; x_wconf 81' lang='grc' dir='ltr'><strong>ἔχοιεν</strong></span> <span class='ocrx_word' id='word_1_285' title='bbox 768 2148 1031 2215; x_wconf 80' lang='grc' dir='ltr'><strong>ἐπιδεῖξαι</strong></span> <span class='ocrx_word' id='word_1_286' title='bbox 1072 2149 1262 2201; x_wconf 81' lang='grc' dir='ltr'><strong>τοῦτο·</strong></span> <span class='ocrx_word' id='word_1_287' title='bbox 1298 2148 1415 2209; x_wconf 86' lang='grc' dir='ltr'><strong>πῶς</strong></span> <span class='ocrx_word' id='word_1_288' title='bbox 1448 2148 1576 2218; x_wconf 86' lang='grc' dir='ltr'><strong>γὰρ,</strong></span> <span class='ocrx_word' id='word_1_289' title='bbox 1616 2149 1649 2220; x_wconf 82' lang='grc' dir='ltr'>ἦ</span> <span class='ocrx_word' id='word_1_290' title='bbox 1688 2146 1884 2211; x_wconf 57' lang='lat' dir='ltr'><strong>adiit-1v;</strong></span> 
     </span>
    </p>
   </div>
   <div class='ocr_carea' id='block_1_39' title="bbox 308 2240 1886 2312">
    <p class='ocr_par' dir='ltr' id='par_1_39' title="bbox 308 2240 1886 2312">
     <span class='ocr_line' id='line_1_39' title="bbox 308 2240 1886 2312; baseline 0 -20"><span class='ocrx_word' id='word_1_291' title='bbox 308 2240 445 2294; x_wconf 83' lang='grc' dir='ltr'><strong>Ἕνα</strong></span> <span class='ocrx_word' id='word_1_292' title='bbox 469 2241 577 2312; x_wconf 77' lang='grc' dir='ltr'><strong>γὰρ</strong></span> <span class='ocrx_word' id='word_1_293' title='bbox 619 2242 747 2294; x_wconf 73' lang='grc' dir='ltr'><strong>ὖντα</strong></span> <span class='ocrx_word' id='word_1_294' title='bbox 781 2241 908 2294; x_wconf 74' lang='grc' dir='ltr'><strong>Υίὺν</strong></span> <span class='ocrx_word' id='word_1_295' title='bbox 942 2241 1079 2311; x_wconf 87' lang='grc' dir='ltr'><strong>μετά</strong></span> <span class='ocrx_word' id='word_1_296' title='bbox 1109 2242 1210 2309; x_wconf 77' lang='grc' dir='ltr'><strong>τῆς</strong></span> <span class='ocrx_word' id='word_1_297' title='bbox 1245 2241 1381 2303; x_wconf 80' lang='grc' dir='ltr'><strong>ίδίας</strong></span> <span class='ocrx_word' id='word_1_298' title='bbox 1411 2241 1611 2310; x_wconf 81' lang='grc' dir='ltr'><strong>σαρκὸς</strong></span> <span class='ocrx_word' id='word_1_299' title='bbox 1642 2240 1735 2293; x_wconf 83' lang='grc' dir='ltr'><strong>τὸν</strong></span> <span class='ocrx_word' id='word_1_300' title='bbox 1759 2240 1886 2293; x_wconf 81' lang='grc' dir='ltr'><strong>Υίὺν</strong></span> 
     </span>
    </p>
   </div>
   <div class='ocr_carea' id='block_1_40' title="bbox 304 2330 1887 2405">
    <p class='ocr_par' dir='ltr' id='par_1_40' title="bbox 304 2330 1887 2405">
     <span class='ocr_line' id='line_1_40' title="bbox 304 2330 1887 2405; baseline 0.001 -23"><span class='ocrx_word' id='word_1_301' title='bbox 304 2330 435 2385; x_wconf 84' lang='grc' dir='ltr'><strong>Θεὸν</strong></span> <span class='ocrx_word' id='word_1_302' title='bbox 465 2350 522 2385; x_wconf 89' lang='grc' dir='ltr'><strong>τε</strong></span> <span class='ocrx_word' id='word_1_303' title='bbox 551 2332 686 2403; x_wconf 84' lang='grc' dir='ltr'><strong>όμοῦ</strong></span> <span class='ocrx_word' id='word_1_304' title='bbox 711 2334 802 2387; x_wconf 75' lang='grc' dir='ltr'><strong>καὶ</strong></span> <span class='ocrx_word' id='word_1_305' title='bbox 829 2332 1115 2404; x_wconf 77' lang='grc' dir='ltr'><strong>ἄνθρωπον</strong></span> <span class='ocrx_word' id='word_1_306' title='bbox 1142 2334 1234 2385; x_wconf 87' lang='grc' dir='ltr'><strong>τὸν</strong></span> <span class='ocrx_word' id='word_1_307' title='bbox 1267 2334 1452 2394; x_wconf 80' lang='grc' dir='ltr'><strong>αὑτὸν,</strong></span> <span class='ocrx_word' id='word_1_308' title='bbox 1481 2336 1578 2405; x_wconf 80' lang='grc' dir='ltr'><strong>μιᾷ</strong></span> <span class='ocrx_word' id='word_1_309' title='bbox 1607 2332 1887 2402; x_wconf 82' lang='grc' dir='ltr'><strong>συνεδρεύ-</strong></span> 
     </span>
    </p>
   </div>
   <div class='ocr_carea' id='block_1_41' title="bbox 309 2424 1884 2495">
    <p class='ocr_par' dir='ltr' id='par_1_41' title="bbox 309 2424 1884 2495">
     <span class='ocr_line' id='line_1_41' title="bbox 309 2424 1884 2495; baseline 0.002 -21"><span class='ocrx_word' id='word_1_310' title='bbox 309 2440 389 2475; x_wconf 85' lang='grc' dir='ltr'><strong>σει</strong></span> <span class='ocrx_word' id='word_1_311' title='bbox 414 2426 479 2494; x_wconf 83' lang='grc' dir='ltr'><strong>τῇ</strong></span> <span class='ocrx_word' id='word_1_312' title='bbox 510 2424 645 2494; x_wconf 75' lang='grc' dir='ltr'><strong>πρὸς</strong></span> <span class='ocrx_word' id='word_1_313' title='bbox 672 2425 762 2477; x_wconf 72' lang='grc' dir='ltr'><strong>τὸν</strong></span> <span class='ocrx_word' id='word_1_314' title='bbox 793 2424 1011 2494; x_wconf 82' lang='grc' dir='ltr'><strong>Πατέρα</strong></span> <span class='ocrx_word' id='word_1_315' title='bbox 1040 2424 1361 2494; x_wconf 82' lang='grc' dir='ltr'><strong>διαπρέπειν</strong></span> <span class='ocrx_word' id='word_1_316' title='bbox 1391 2425 1848 2495; x_wconf 77' lang='grc' dir='ltr'><strong>διαϐεϐαιούμεθα</strong></span> <span class='ocrx_word' id='word_1_317' title='bbox 1869 2441 1884 2456; x_wconf 90' lang='grc'><strong>·</strong></span> 
     </span>
    </p>
   </div>
   <div class='ocr_carea' id='block_1_42' title="bbox 306 2516 1882 2589">
    <p class='ocr_par' dir='ltr' id='par_1_42' title="bbox 306 2516 1882 2589">
     <span class='ocr_line' id='line_1_42' title="bbox 306 2516 1882 2589; baseline 0.002 -23"><span class='ocrx_word' id='word_1_318' title='bbox 306 2516 365 2567; x_wconf 84' lang='grc' dir='ltr'><strong>τό</strong></span> <span class='ocrx_word' id='word_1_319' title='bbox 396 2532 459 2584; x_wconf 86' lang='grc' dir='ltr'><strong>γε</strong></span> <span class='ocrx_word' id='word_1_320' title='bbox 495 2516 602 2586; x_wconf 85' lang='grc' dir='ltr'><strong>μὴν</strong></span> <span class='ocrx_word' id='word_1_321' title='bbox 645 2516 1183 2587; x_wconf 87' lang='grc' dir='ltr'><strong>συμπροσκυνεῖσθαι</strong></span> <span class='ocrx_word' id='word_1_322' title='bbox 1217 2517 1396 2585; x_wconf 88' lang='grc' dir='ltr'><strong>λέγειν</strong></span> <span class='ocrx_word' id='word_1_323' title='bbox 1426 2517 1714 2589; x_wconf 84' lang='grc' dir='ltr'><strong>ἄνθρωπον</strong></span> <span class='ocrx_word' id='word_1_324' title='bbox 1744 2517 1882 2587; x_wconf 82' lang='grc' dir='ltr'><strong>Θεῷ,</strong></span> 
     </span>
    </p>
   </div>
   <div class='ocr_carea' id='block_1_43' title="bbox 307 2610 1888 2681">
    <p class='ocr_par' dir='ltr' id='par_1_43' title="bbox 307 2610 1888 2681">
     <span class='ocr_line' id='line_1_43' title="bbox 307 2610 1888 2681; baseline 0.002 -20"><span class='ocrx_word' id='word_1_325' title='bbox 307 2610 398 2662; x_wconf 79' lang='grc' dir='ltr'><strong>καὶ</strong></span> <span class='ocrx_word' id='word_1_326' title='bbox 424 2610 888 2681; x_wconf 73' lang='grc' dir='ltr'><strong>συγχρηματίζειν</strong></span> <span class='ocrx_word' id='word_1_327' title='bbox 917 2612 1071 2677; x_wconf 86' lang='grc' dir='ltr'><strong>Θεὸν,</strong></span> <span class='ocrx_word' id='word_1_328' title='bbox 1092 2612 1185 2665; x_wconf 89' lang='grc' dir='ltr'><strong>δύο</strong></span> <span class='ocrx_word' id='word_1_329' title='bbox 1210 2629 1314 2664; x_wconf 87' lang='grc' dir='ltr'><strong>που</strong></span> <span class='ocrx_word' id='word_1_330' title='bbox 1357 2611 1573 2674; x_wconf 85' lang='grc' dir='ltr'><strong>πάντως</strong></span> <span class='ocrx_word' id='word_1_331' title='bbox 1604 2612 1888 2681; x_wconf 82' lang='grc' dir='ltr'><strong>ὁμολογεῖν</strong></span> 
     </span>
    </p>
   </div>
   <div class='ocr_carea' id='block_1_44' title="bbox 307 2702 1889 2774">
    <p class='ocr_par' dir='ltr' id='par_1_44' title="bbox 307 2702 1889 2774">
     <span class='ocr_line' id='line_1_44' title="bbox 307 2702 1889 2774; baseline 0.001 -22"><span class='ocrx_word' id='word_1_332' title='bbox 307 2702 422 2754; x_wconf 77' lang='grc' dir='ltr'><strong>ἐστι</strong></span> <span class='ocrx_word' id='word_1_333' title='bbox 447 2704 570 2765; x_wconf 75' lang='grc' dir='ltr'><strong>τοὺς</strong></span> <span class='ocrx_word' id='word_1_334' title='bbox 596 2704 1178 2774; x_wconf 83' lang='grc' dir='ltr'><strong>προσκυνουμένους,ἢ</strong></span> <span class='ocrx_word' id='word_1_335' title='bbox 1211 2703 1299 2756; x_wconf 69' lang='grc' dir='ltr'><strong>καὶ</strong></span> <span class='ocrx_word' id='word_1_336' title='bbox 1328 2712 1348 2739; x_wconf 76' lang='grc'><strong>³</strong></span> <span class='ocrx_word' id='word_1_337' title='bbox 1370 2703 1615 2772; x_wconf 80' lang='grc' dir='ltr'><strong>ἀλλήλοις</strong></span> <span class='ocrx_word' id='word_1_338' title='bbox 1651 2719 1889 2773; x_wconf 75' lang='grc' dir='ltr'><strong>τυγχρη-</strong></span> 
     </span>
    </p>
   </div>
   <div class='ocr_carea' id='block_1_45' title="bbox 311 2792 1887 2867">
    <p class='ocr_par' dir='ltr' id='par_1_45' title="bbox 311 2792 1887 2867">
     <span class='ocr_line' id='line_1_45' title="bbox 311 2792 1887 2867; baseline 0 -23"><span class='ocrx_word' id='word_1_339' title='bbox 311 2792 652 2863; x_wconf 79' lang='grc' dir='ltr'><strong>ματίζοντας.</strong></span> <span class='ocrx_word' id='word_1_340' title='bbox 694 2794 909 2867; x_wconf 88' lang='grc' dir='ltr'><strong>Εύήθης</strong></span> <span class='ocrx_word' id='word_1_341' title='bbox 950 2795 1005 2847; x_wconf 85' lang='grc' dir='ltr'><strong>δὲ</strong></span> <span class='ocrx_word' id='word_1_342' title='bbox 1035 2794 1176 2858; x_wconf 86' lang='grc' dir='ltr'><strong>λιαν,</strong></span> <span class='ocrx_word' id='word_1_343' title='bbox 1226 2796 1320 2847; x_wconf 76' lang='grc' dir='ltr'><strong>καὶ</strong></span> <span class='ocrx_word' id='word_1_344' title='bbox 1359 2794 1465 2847; x_wconf 86' lang='grc' dir='ltr'><strong>τῶν</strong></span> <span class='ocrx_word' id='word_1_345' title='bbox 1498 2796 1577 2856; x_wconf 83' lang='grc' dir='ltr'><strong>εἰς</strong></span> <span class='ocrx_word' id='word_1_346' title='bbox 1621 2792 1887 2862; x_wconf 81' lang='grc' dir='ltr'><strong>ὀρθότητα</strong></span> 
     </span>
    </p>
   </div>
   <div class='ocr_carea' id='block_1_46' title="bbox 308 2882 1887 2956">
    <p class='ocr_par' dir='ltr' id='par_1_46' title="bbox 308 2882 1887 2956">
     <span class='ocr_line' id='line_1_46' title="bbox 308 2882 1887 2956; baseline -0.004 -17"><span class='ocrx_word' id='word_1_347' title='bbox 308 2888 401 2939; x_wconf 78' lang='grc' dir='ltr'><strong>καὶ</strong></span> <span class='ocrx_word' id='word_1_348' title='bbox 446 2886 704 2956; x_wconf 85' lang='grc' dir='ltr'><strong>ἀλήθειαν</strong></span> <span class='ocrx_word' id='word_1_349' title='bbox 738 2886 956 2940; x_wconf 74' lang='grc' dir='ltr'><strong>ἐννοιῶν</strong></span> <span class='ocrx_word' id='word_1_350' title='bbox 986 2886 1267 2956; x_wconf 79' lang='grc' dir='ltr'><strong>ἀλλότριος</strong></span> <span class='ocrx_word' id='word_1_351' title='bbox 1306 2884 1582 2947; x_wconf 83' lang='grc' dir='ltr'><strong>παντελῶς</strong></span> <span class='ocrx_word' id='word_1_352' title='bbox 1608 2885 1636 2937; x_wconf 86' lang='grc' dir='ltr'>ὁ</span> <span class='ocrx_word' id='word_1_353' title='bbox 1681 2882 1887 2936; x_wconf 79' lang='grc' dir='ltr'><strong>τοιόσδε</strong></span> 
     </span>
    </p>
   </div>
   <div class='ocr_carea' id='block_1_47' title="bbox 306 2974 1883 3049">
    <p class='ocr_par' dir='ltr' id='par_1_47' title="bbox 306 2974 1883 3049">
     <span class='ocr_line' id='line_1_47' title="bbox 306 2974 1883 3049; baseline -0.006 -12"><span class='ocrx_word' id='word_1_354' title='bbox 306 2978 481 3046; x_wconf 80' lang='grc' dir='ltr'><strong>λόγος.</strong></span> <span class='ocrx_word' id='word_1_355' title='bbox 523 2979 717 3048; x_wconf 83' lang='grc' dir='ltr'><strong>Γέγονε</strong></span> <span class='ocrx_word' id='word_1_356' title='bbox 757 2981 934 3034; x_wconf 87' lang='grc' dir='ltr'><strong>τοίνυν</strong></span> <span class='ocrx_word' id='word_1_357' title='bbox 966 2978 1410 3049; x_wconf 86' lang='grc' dir='ltr'><strong>ἀναθεματισμὸς</strong></span> <span class='ocrx_word' id='word_1_358' title='bbox 1458 2976 1598 3030; x_wconf 86' lang='grc' dir='ltr'><strong>κατά</strong></span> <span class='ocrx_word' id='word_1_359' title='bbox 1630 2974 1738 3027; x_wconf 92' lang='grc' dir='ltr'><strong>τῶν</strong></span> <span class='ocrx_word' id='word_1_360' title='bbox 1771 2974 1883 3027; x_wconf 85' lang='grc' dir='ltr'><strong>όλο-</strong></span> 
     </span>
    </p>
   </div>
   <div class='ocr_carea' id='block_1_48' title="bbox 307 3067 1885 3142">
    <p class='ocr_par' dir='ltr' id='par_1_48' title="bbox 307 3067 1885 3142">
     <span class='ocr_line' id='line_1_48' title="bbox 307 3067 1885 3142; baseline -0.003 -20"><span class='ocrx_word' id='word_1_361' title='bbox 307 3071 520 3139; x_wconf 82' lang='grc' dir='ltr'><strong>τρόπως</strong></span> <span class='ocrx_word' id='word_1_362' title='bbox 557 3071 898 3142; x_wconf 78' lang='grc' dir='ltr'><strong>διοριζόντων</strong></span> <span class='ocrx_word' id='word_1_363' title='bbox 942 3072 1032 3125; x_wconf 84' lang='grc' dir='ltr'><strong>τὸν</strong></span> <span class='ocrx_word' id='word_1_364' title='bbox 1078 3069 1428 3142; x_wconf 74' lang='grc' dir='ltr'><strong>Ἐμμανουήλ</strong></span> <span class='ocrx_word' id='word_1_365' title='bbox 1474 3071 1552 3131; x_wconf 86' lang='grc' dir='ltr'><strong>είς</strong></span> <span class='ocrx_word' id='word_1_366' title='bbox 1599 3067 1885 3139; x_wconf 77' lang='grc' dir='ltr'><strong>ἄνθρωπον</strong></span> 
     </span>
    </p>
   </div>
   <div class='ocr_carea' id='block_1_49' title="bbox 312 3160 1884 3233">
    <p class='ocr_par' dir='ltr' id='par_1_49' title="bbox 312 3160 1884 3233">
     <span class='ocr_line' id='line_1_49' title="bbox 312 3160 1884 3233; baseline -0.001 -19"><span class='ocrx_word' id='word_1_367' title='bbox 312 3163 514 3227; x_wconf 83' lang='grc' dir='ltr'><strong>ίὸικῶς,</strong></span> <span class='ocrx_word' id='word_1_368' title='bbox 547 3166 642 3218; x_wconf 76' lang='grc' dir='ltr'><strong>καὶ</strong></span> <span class='ocrx_word' id='word_1_369' title='bbox 670 3164 801 3218; x_wconf 80' lang='grc' dir='ltr'><strong>Θεὸν</strong></span> <span class='ocrx_word' id='word_1_370' title='bbox 829 3165 1001 3233; x_wconf 86' lang='grc' dir='ltr'><strong>Λόγον</strong></span> <span class='ocrx_word' id='word_1_371' title='bbox 1033 3164 1214 3227; x_wconf 83' lang='grc' dir='ltr'><strong>ίδικῶς</strong></span> <span class='ocrx_word' id='word_1_372' title='bbox 1236 3181 1248 3193; x_wconf 93' lang='grc'><strong>·</strong></span> <span class='ocrx_word' id='word_1_373' title='bbox 1278 3164 1375 3216; x_wconf 68' lang='grc' dir='ltr'><strong>ἕνα</strong></span> <span class='ocrx_word' id='word_1_374' title='bbox 1406 3162 1512 3233; x_wconf 85' lang='grc' dir='ltr'><strong>γὰρ</strong></span> <span class='ocrx_word' id='word_1_375' title='bbox 1552 3164 1685 3232; x_wconf 77' lang='grc' dir='ltr'><strong>ἡμῖν</strong></span> <span class='ocrx_word' id='word_1_376' title='bbox 1720 3160 1884 3214; x_wconf 72' lang='grc' dir='ltr'><strong>αὑτὸν</strong></span> 
     </span>
    </p>
   </div>
   <div class='ocr_carea' id='block_1_50' title="bbox 306 3254 1881 3328">
    <p class='ocr_par' dir='ltr' id='par_1_50' title="bbox 306 3254 1881 3328">
     <span class='ocr_line' id='line_1_50' title="bbox 306 3254 1881 3328; baseline -0.003 -19"><span class='ocrx_word' id='word_1_377' title='bbox 306 3256 334 3309; x_wconf 90' lang='grc' dir='ltr'><strong>ὀ</strong></span> <span class='ocrx_word' id='word_1_378' title='bbox 357 3255 464 3309; x_wconf 88' lang='grc' dir='ltr'><strong>τῶν</strong></span> <span class='ocrx_word' id='word_1_379' title='bbox 488 3255 765 3328; x_wconf 89' lang='grc' dir='ltr'><strong>θεηγόρων</strong></span> <span class='ocrx_word' id='word_1_380' title='bbox 790 3256 1022 3327; x_wconf 72' lang='grc' dir='ltr'><strong>ἐκήρυξε</strong></span> <span class='ocrx_word' id='word_1_381' title='bbox 1053 3256 1231 3323; x_wconf 86' lang='grc' dir='ltr'><strong>λόγος,</strong></span> <span class='ocrx_word' id='word_1_382' title='bbox 1258 3256 1354 3311; x_wconf 74' lang='grc' dir='ltr'><strong>καὶ</strong></span> <span class='ocrx_word' id='word_1_383' title='bbox 1377 3255 1485 3309; x_wconf 70' lang='grc' dir='ltr'><strong>τῶν</strong></span> <span class='ocrx_word' id='word_1_384' title='bbox 1512 3254 1672 3326; x_wconf 77' lang='grc' dir='ltr'><strong>ιερῶν</strong></span> <span class='ocrx_word' id='word_1_385' title='bbox 1698 3254 1881 3324; x_wconf 84' lang='grc' dir='ltr'><strong>Γραμ-</strong></span> 
     </span>
    </p>
   </div>
   <div class='ocr_carea' id='block_1_51' title="bbox 312 3346 1223 3419">
    <p class='ocr_par' dir='ltr' id='par_1_51' title="bbox 312 3346 1223 3419">
     <span class='ocr_line' id='line_1_51' title="bbox 312 3346 1223 3419; baseline -0.002 -18"><span class='ocrx_word' id='word_1_386' title='bbox 312 3348 498 3415; x_wconf 82' lang='grc' dir='ltr'><strong>μάτων</strong></span> <span class='ocrx_word' id='word_1_387' title='bbox 527 3349 561 3418; x_wconf 81' lang='grc' dir='ltr'>ὴ</span> <span class='ocrx_word' id='word_1_388' title='bbox 590 3347 974 3419; x_wconf 78' lang='grc' dir='ltr'><strong>ἀκιόδήλευτος</strong></span> <span class='ocrx_word' id='word_1_389' title='bbox 1002 3346 1223 3416; x_wconf 87' lang='grc' dir='ltr'><strong>γνῶσις.</strong></span> 
     </span>
    </p>
   </div>
   <div class='ocr_carea' id='block_1_52' title="bbox 743 3458 1447 3514">
    <p class='ocr_par' dir='ltr' id='par_1_52' title="bbox 743 3458 1447 3514">
     <span class='ocr_line' id='line_1_52' title="bbox 743 3458 1447 3514; baseline 0 -2"><span class='ocrx_word' id='word_1_390' title='bbox 743 3459 1333 3514; x_wconf 79' lang='grc' dir='ltr'><strong>ΑΝΑΘΕΜΑΤΙΣΜΟΣ</strong></span> <span class='ocrx_word' id='word_1_391' title='bbox 1372 3458 1447 3513; x_wconf 79' lang='lat'><strong>8’.</strong></span> 
     </span>
    </p>
   </div>
   <div class='ocr_carea' id='block_1_53' title="bbox 380 3576 1883 3648">
    <p class='ocr_par' dir='ltr' id='par_1_53' title="bbox 380 3576 1883 3648">
     <span class='ocr_line' id='line_1_53' title="bbox 380 3576 1883 3648; baseline 0.001 -20"><span class='ocrx_word' id='word_1_392' title='bbox 380 3576 446 3628; x_wconf 77' lang='grc' dir='ltr'><strong>Εἴ</strong></span> <span class='ocrx_word' id='word_1_393' title='bbox 477 3576 560 3639; x_wconf 84' lang='grc' dir='ltr'><strong>τίς</strong></span> <span class='ocrx_word' id='word_1_394' title='bbox 594 3593 725 3647; x_wconf 83' lang='grc' dir='ltr'><strong>φησι</strong></span> <span class='ocrx_word' id='word_1_395' title='bbox 766 3577 857 3629; x_wconf 75' lang='grc' dir='ltr'><strong>τὸν</strong></span> <span class='ocrx_word' id='word_1_396' title='bbox 895 3578 988 3630; x_wconf 74' lang='grc' dir='ltr'><strong>ἕνα</strong></span> <span class='ocrx_word' id='word_1_397' title='bbox 1027 3580 1233 3648; x_wconf 84' lang='grc' dir='ltr'><strong>Κύριον</strong></span> <span class='ocrx_word' id='word_1_398' title='bbox 1267 3576 1475 3648; x_wconf 79' lang='grc' dir='ltr'><strong>Ἰησοῦν</strong></span> <span class='ocrx_word' id='word_1_399' title='bbox 1526 3576 1762 3648; x_wconf 81' lang='grc' dir='ltr'><strong>Χριστὸν</strong></span> <span class='ocrx_word' id='word_1_400' title='bbox 1794 3578 1883 3630; x_wconf 83' lang='grc' dir='ltr'><strong>δο-</strong></span> 
     </span>
    </p>
   </div>
   <div class='ocr_carea' id='block_1_54' title="bbox 309 3667 1884 3743">
    <p class='ocr_par' dir='ltr' id='par_1_54' title="bbox 309 3667 1884 3743">
     <span class='ocr_line' id='line_1_54' title="bbox 309 3667 1884 3743; baseline 0.001 -22"><span class='ocrx_word' id='word_1_401' title='bbox 309 3667 613 3735; x_wconf 75' lang='grc' dir='ltr'><strong>ξάζεσθαιι</strong></span> <span class='ocrx_word' id='word_1_402' title='bbox 647 3669 795 3741; x_wconf 84' lang='grc' dir='ltr'><strong>παρά</strong></span> <span class='ocrx_word' id='word_1_403' title='bbox 838 3669 932 3723; x_wconf 75' lang='grc' dir='ltr'><strong>τοῦ</strong></span> <span class='ocrx_word' id='word_1_404' title='bbox 980 3669 1329 3741; x_wconf 77' lang='grc' dir='ltr'><strong>Πνεύματοςο,</strong></span> <span class='ocrx_word' id='word_1_405' title='bbox 1374 3670 1448 3734; x_wconf 85' lang='grc' dir='ltr'><strong>ὼς</strong></span> <span class='ocrx_word' id='word_1_406' title='bbox 1493 3670 1751 3743; x_wconf 83' lang='grc' dir='ltr'><strong>ἀλλοτρίᾳ</strong></span> <span class='ocrx_word' id='word_1_407' title='bbox 1794 3672 1884 3723; x_wconf 74' lang='grc' dir='ltr'><strong>δν-</strong></span> 
     </span>
    </p>
   </div>
   <div class='ocr_carea' id='block_1_55' title="bbox 308 3760 1884 3834">
    <p class='ocr_par' dir='ltr' id='par_1_55' title="bbox 308 3760 1884 3834">
     <span class='ocr_line' id='line_1_55' title="bbox 308 3760 1884 3834; baseline 0.003 -23"><span class='ocrx_word' id='word_1_408' title='bbox 308 3763 469 3831; x_wconf 82' lang='grc' dir='ltr'><strong>νάμει</strong></span> <span class='ocrx_word' id='word_1_409' title='bbox 496 3764 562 3833; x_wconf 83' lang='grc' dir='ltr'><strong>τῇ</strong></span> <span class='ocrx_word' id='word_1_410' title='bbox 596 3762 700 3833; x_wconf 81' lang='grc' dir='ltr'><strong>ἰδίᾳ</strong></span> <span class='ocrx_word' id='word_1_411' title='bbox 727 3763 889 3815; x_wconf 80' lang='grc' dir='ltr'><strong>αὐτοῦ</strong></span> <span class='ocrx_word' id='word_1_412' title='bbox 915 3763 941 3801; x_wconf 71' lang='grc' dir='ltr'>ὶδ</span> <span class='ocrx_word' id='word_1_413' title='bbox 970 3760 1272 3832; x_wconf 88' lang='grc' dir='ltr'><strong>χρώμενον,</strong></span> <span class='ocrx_word' id='word_1_414' title='bbox 1309 3764 1401 3815; x_wconf 75' lang='grc' dir='ltr'><strong>καὶ</strong></span> <span class='ocrx_word' id='word_1_415' title='bbox 1432 3762 1564 3834; x_wconf 86' lang='grc' dir='ltr'><strong>παρ’</strong></span> <span class='ocrx_word' id='word_1_416' title='bbox 1592 3762 1756 3816; x_wconf 81' lang='grc' dir='ltr'><strong>αὑτοῦ</strong></span> <span class='ocrx_word' id='word_1_417' title='bbox 1787 3764 1884 3816; x_wconf 89' lang='grc' dir='ltr'><strong>λα-</strong></span> 
     </span>
    </p>
   </div>
   <div class='ocr_carea' id='block_1_56' title="bbox 309 3853 1883 3925">
    <p class='ocr_par' dir='ltr' id='par_1_56' title="bbox 309 3853 1883 3925">
     <span class='ocr_line' id='line_1_56' title="bbox 309 3853 1883 3925; baseline 0.002 -21"><span class='ocrx_word' id='word_1_418' title='bbox 309 3853 469 3906; x_wconf 71' lang='grc' dir='ltr'><strong>ϐόντα</strong></span> <span class='ocrx_word' id='word_1_419' title='bbox 486 3854 545 3906; x_wconf 85' lang='grc' dir='ltr'><strong>τὸ</strong></span> <span class='ocrx_word' id='word_1_420' title='bbox 570 3855 811 3925; x_wconf 75' lang='grc' dir='ltr'><strong>ἐνεργεῖν</strong></span> <span class='ocrx_word' id='word_1_421' title='bbox 837 3853 1093 3907; x_wconf 89' lang='grc' dir='ltr'><strong>δύνασθαι</strong></span> <span class='ocrx_word' id='word_1_422' title='bbox 1120 3855 1261 3907; x_wconf 89' lang='grc' dir='ltr'><strong>κατά</strong></span> <span class='ocrx_word' id='word_1_423' title='bbox 1289 3856 1615 3925; x_wconf 85' lang='grc' dir='ltr'><strong>πνευμάτων</strong></span> <span class='ocrx_word' id='word_1_424' title='bbox 1636 3854 1883 3924; x_wconf 85' lang='grc' dir='ltr'><strong>ἀκαθάρ-</strong></span> 
     </span>
    </p>
   </div>
   <div class='ocr_carea' id='block_1_57' title="bbox 307 3946 1881 4018">
    <p class='ocr_par' dir='ltr' id='par_1_57' title="bbox 307 3946 1881 4018">
     <span class='ocr_line' id='line_1_57' title="bbox 307 3946 1881 4018; baseline 0.001 -21"><span class='ocrx_word' id='word_1_425' title='bbox 307 3963 435 4010; x_wconf 85' lang='grc' dir='ltr'><strong>των,</strong></span> <span class='ocrx_word' id='word_1_426' title='bbox 455 3947 549 4001; x_wconf 56' lang='grc' dir='ltr'><strong>καὶ⁵</strong></span> <span class='ocrx_word' id='word_1_427' title='bbox 579 3947 640 3999; x_wconf 85' lang='grc' dir='ltr'><strong>τὸ</strong></span> <span class='ocrx_word' id='word_1_428' title='bbox 671 3947 911 4018; x_wconf 81' lang='grc' dir='ltr'><strong>πληροῦν</strong></span> <span class='ocrx_word' id='word_1_429' title='bbox 939 3949 1016 4011; x_wconf 84' lang='grc' dir='ltr'><strong>εἰς</strong></span> <span class='ocrx_word' id='word_1_430' title='bbox 1039 3946 1360 4018; x_wconf 87' lang='grc' dir='ltr'><strong>ἀνθρώπους</strong></span> <span class='ocrx_word' id='word_1_431' title='bbox 1389 3948 1488 4011; x_wconf 85' lang='grc' dir='ltr'><strong>τὰς</strong></span> <span class='ocrx_word' id='word_1_432' title='bbox 1523 3946 1847 4018; x_wconf 84' lang='grc' dir='ltr'><strong>θεοσημείας</strong></span> <span class='ocrx_word' id='word_1_433' title='bbox 1868 3965 1881 3978; x_wconf 88' lang='grc'><strong>·</strong></span> 
     </span>
    </p>
   </div>
   <div class='ocr_carea' id='block_1_58' title="bbox 310 4040 1883 4112">
    <p class='ocr_par' dir='ltr' id='par_1_58' title="bbox 310 4040 1883 4112">
     <span class='ocr_line' id='line_1_58' title="bbox 310 4040 1883 4112; baseline 0.001 -20"><span class='ocrx_word' id='word_1_434' title='bbox 310 4040 403 4093; x_wconf 76' lang='grc' dir='ltr'><strong>καὶ</strong></span> <span class='ocrx_word' id='word_1_435' title='bbox 430 4041 548 4111; x_wconf 74' lang='grc' dir='ltr'><strong>οὐχὶ</strong></span> <span class='ocrx_word' id='word_1_436' title='bbox 578 4040 643 4112; x_wconf 80' lang='grc' dir='ltr'><strong>δὴ</strong></span> <span class='ocrx_word' id='word_1_437' title='bbox 679 4041 879 4111; x_wconf 79' lang='grc' dir='ltr'><strong>μᾶλλον</strong></span> <span class='ocrx_word' id='word_1_438' title='bbox 920 4040 1049 4094; x_wconf 84' lang='grc' dir='ltr'><strong>ῐδιον</strong></span> <span class='ocrx_word' id='word_1_439' title='bbox 1085 4040 1251 4093; x_wconf 80' lang='grc' dir='ltr'><strong>αὐτοῦ</strong></span> <span class='ocrx_word' id='word_1_440' title='bbox 1280 4040 1340 4093; x_wconf 82' lang='grc' dir='ltr'><strong>τὸ</strong></span> <span class='ocrx_word' id='word_1_441' title='bbox 1373 4040 1598 4110; x_wconf 85' lang='grc' dir='ltr'><strong>[Ινεῦμά</strong></span> <span class='ocrx_word' id='word_1_442' title='bbox 1630 4058 1785 4112; x_wconf 83' lang='grc' dir='ltr'><strong>φησι,</strong></span> <span class='ocrx_word' id='word_1_443' title='bbox 1817 4041 1883 4093; x_wconf 77' lang='grc' dir='ltr'><strong>δι’</strong></span> 
     </span>
    </p>
   </div>
   <div class='ocr_carea' id='block_1_59' title="bbox 308 4124 1774 4205">
    <p class='ocr_par' dir='ltr' id='par_1_59' title="bbox 308 4124 1774 4205">
     <span class='ocr_line' id='line_1_59' title="bbox 308 4124 1774 4205; baseline 0.001 -21"><span class='ocrx_word' id='word_1_444' title='bbox 308 4124 370 4185; x_wconf 76' lang='grc' dir='ltr'><strong>οὗ</strong></span> <span class='ocrx_word' id='word_1_445' title='bbox 397 4135 489 4185; x_wconf 70' lang='grc' dir='ltr'><strong>καὶ</strong></span> <span class='ocrx_word' id='word_1_446' title='bbox 527 4135 797 4205; x_wconf 76' lang='grc' dir='ltr'><strong>ἐνήργησε</strong></span> <span class='ocrx_word' id='word_1_447' title='bbox 826 4133 924 4196; x_wconf 82' lang='grc' dir='ltr'><strong>τὰς</strong></span> <span class='ocrx_word' id='word_1_448' title='bbox 957 4132 1308 4205; x_wconf 76' lang='grc' dir='ltr'><strong>θεοσημείας·</strong></span> <span class='ocrx_word' id='word_1_449' title='bbox 1340 4132 1590 4203; x_wconf 80' lang='grc' dir='ltr'><strong>ἀνάθεμα</strong></span> <span class='ocrx_word' id='word_1_450' title='bbox 1615 4131 1774 4186; x_wconf 75' lang='grc' dir='ltr'><strong>ἔστω.</strong></span> 
     </span>
    </p>
   </div>
   <div class='ocr_carea' id='block_1_60' title="bbox 615 4332 1581 4403">
    <p class='ocr_par' dir='ltr' id='par_1_60' title="bbox 615 4332 1581 4403">
     <span class='ocr_line' id='line_1_60' title="bbox 615 4332 1581 4403; baseline 0.002 -17"><span class='ocrx_word' id='word_1_451' title='bbox 615 4335 979 4403; x_wconf 72' lang='grc' dir='ltr'><strong>Ἄντίρῤησις</strong></span> <span class='ocrx_word' id='word_1_452' title='bbox 1010 4333 1131 4389; x_wconf 82' lang='grc' dir='ltr'><strong>τῶν</strong></span> <span class='ocrx_word' id='word_1_453' title='bbox 1172 4332 1581 4390; x_wconf 77' lang='grc' dir='ltr'><strong>Ἀνατολικῶν.</strong></span> 
     </span>
    </p>
   </div>
   <div class='ocr_carea' id='block_1_61' title="bbox 379 4444 1882 4521">
    <p class='ocr_par' dir='ltr' id='par_1_61' title="bbox 379 4444 1882 4521">
     <span class='ocr_line' id='line_1_61' title="bbox 379 4444 1882 4521; baseline 0.001 -20"><span class='ocrx_word' id='word_1_454' title='bbox 379 4444 542 4513; x_wconf 75' lang='grc' dir='ltr'><strong>Αὖθις</strong></span> <span class='ocrx_word' id='word_1_455' title='bbox 592 4450 755 4503; x_wconf 80' lang='grc' dir='ltr'><strong>καλὸν</strong></span> <span class='ocrx_word' id='word_1_456' title='bbox 783 4451 853 4504; x_wconf 78' lang='grc' dir='ltr'><strong>τὰ</strong></span> <span class='ocrx_word' id='word_1_457' title='bbox 898 4451 1063 4505; x_wconf 85' lang='grc' dir='ltr'><strong>πάλαι</strong></span> <span class='ocrx_word' id='word_1_458' title='bbox 1104 4450 1253 4520; x_wconf 80' lang='grc' dir='ltr'><strong>αὐτῷ</strong></span> <span class='ocrx_word' id='word_1_459' title='bbox 1300 4452 1569 4521; x_wconf 79' lang='grc' dir='ltr'><strong>εἰρημένα</strong></span> <span class='ocrx_word' id='word_1_460' title='bbox 1604 4451 1682 4515; x_wconf 88' lang='grc' dir='ltr'><strong>είς</strong></span> <span class='ocrx_word' id='word_1_461' title='bbox 1719 4450 1882 4520; x_wconf 80' lang='grc' dir='ltr'><strong>μέσον</strong></span> 
     </span>
    </p>
   </div>
   <div class='ocr_carea' id='block_1_62' title="bbox 309 4542 1961 4624">
    <p class='ocr_par' dir='ltr' id='par_1_62' title="bbox 309 4542 1961 4624">
     <span class='ocr_line' id='line_1_62' title="bbox 309 4542 1961 4624; baseline 0 -27"><span class='ocrx_word' id='word_1_462' title='bbox 309 4542 557 4613; x_wconf 84' lang='grc' dir='ltr'><strong>ἀγαγεῖν,</strong></span> <span class='ocrx_word' id='word_1_463' title='bbox 592 4547 685 4600; x_wconf 74' lang='grc' dir='ltr'><strong>καὶ</strong></span> <span class='ocrx_word' id='word_1_464' title='bbox 721 4545 848 4609; x_wconf 74' lang='grc' dir='ltr'><strong>ἴσως</strong></span> <span class='ocrx_word' id='word_1_465' title='bbox 891 4546 1314 4617; x_wconf 77' lang='grc' dir='ltr'><strong>ἐπιλελησμένον</strong></span> <span class='ocrx_word' id='word_1_466' title='bbox 1369 4546 1460 4598; x_wconf 82' lang='grc' dir='ltr'><strong>τοῦ</strong></span> <span class='ocrx_word' id='word_1_467' title='bbox 1488 4557 1509 4583; x_wconf 77' lang='grc' dir='ltr'><strong>ο</strong></span> <span class='ocrx_word' id='word_1_468' title='bbox 1544 4545 1709 4599; x_wconf 80' lang='grc' dir='ltr'><strong>αὐτοῦ</strong></span> <span class='ocrx_word' id='word_1_469' title='bbox 1747 4546 1880 4598; x_wconf 83' lang='grc' dir='ltr'><strong>ὑπο·</strong></span> <span class='ocrx_word' id='word_1_470' title='bbox 1916 4566 1961 4624; x_wconf 78' lang='grc' dir='ltr'>ο</span> 
     </span>
    </p>
   </div>
   <div class='ocr_carea' id='block_1_63' title="bbox 313 4637 1883 4709">
    <p class='ocr_par' dir='ltr' id='par_1_63' title="bbox 313 4637 1883 4709">
     <span class='ocr_line' id='line_1_63' title="bbox 313 4637 1883 4709; baseline 0.001 -20"><span class='ocrx_word' id='word_1_471' title='bbox 313 4638 514 4708; x_wconf 81' lang='grc' dir='ltr'><strong>μνῆσαι</strong></span> <span class='ocrx_word' id='word_1_472' title='bbox 561 4638 723 4691; x_wconf 79' lang='grc' dir='ltr'><strong>αὐτόν</strong></span> <span class='ocrx_word' id='word_1_473' title='bbox 744 4654 757 4668; x_wconf 90' lang='grc'><strong>·</strong></span> <span class='ocrx_word' id='word_1_474' title='bbox 791 4640 851 4692; x_wconf 87' lang='grc' dir='ltr'><strong>ού</strong></span> <span class='ocrx_word' id='word_1_475' title='bbox 883 4639 992 4709; x_wconf 86' lang='grc' dir='ltr'><strong>γάρ</strong></span> <span class='ocrx_word' id='word_1_476' title='bbox 1026 4639 1184 4709; x_wconf 83' lang='grc' dir='ltr'><strong>μόνον</strong></span> <span class='ocrx_word' id='word_1_477' title='bbox 1211 4639 1301 4691; x_wconf 86' lang='grc' dir='ltr'><strong>τὸν</strong></span> <span class='ocrx_word' id='word_1_478' title='bbox 1332 4638 1539 4709; x_wconf 82' lang='grc' dir='ltr'><strong>Κύριον</strong></span> <span class='ocrx_word' id='word_1_479' title='bbox 1570 4637 1639 4692; x_wconf 81' lang='grc' dir='ltr'><strong>τά</strong></span> <span class='ocrx_word' id='word_1_480' title='bbox 1682 4641 1883 4709; x_wconf 84' lang='grc' dir='ltr'><strong>σημεῖα</strong></span> 
     </span>
    </p>
   </div>
   <div class='ocr_carea' id='block_1_64' title="bbox 309 4730 1884 4801">
    <p class='ocr_par' dir='ltr' id='par_1_64' title="bbox 309 4730 1884 4801">
     <span class='ocr_line' id='line_1_64' title="bbox 309 4730 1884 4801; baseline 0.001 -21"><span class='ocrx_word' id='word_1_481' title='bbox 309 4732 366 4781; x_wconf 82' lang='grc' dir='ltr'><strong>ἐν</strong></span> <span class='ocrx_word' id='word_1_482' title='bbox 404 4730 679 4799; x_wconf 88' lang='grc' dir='ltr'><strong>Πνεύματι</strong></span> <span class='ocrx_word' id='word_1_483' title='bbox 728 4732 897 4786; x_wconf 86' lang='grc' dir='ltr'><strong>ποιεῖν</strong></span> <span class='ocrx_word' id='word_1_484' title='bbox 941 4731 1278 4801; x_wconf 75' lang='grc' dir='ltr'><strong>ἀπεφήνατο,</strong></span> <span class='ocrx_word' id='word_1_485' title='bbox 1320 4730 1455 4783; x_wconf 84' lang='grc' dir='ltr'><strong>ἀλλά</strong></span> <span class='ocrx_word' id='word_1_486' title='bbox 1497 4730 1561 4800; x_wconf 79' lang='grc' dir='ltr'>δὴ</span> <span class='ocrx_word' id='word_1_487' title='bbox 1596 4730 1689 4783; x_wconf 62' lang='grc' dir='ltr'><strong>καὶ</strong></span> <span class='ocrx_word' id='word_1_488' title='bbox 1723 4730 1884 4782; x_wconf 74' lang='grc' dir='ltr'><strong>αὑτὸν</strong></span> 
     </span>
    </p>
   </div>
   <div class='ocr_carea' id='block_1_65' title="bbox 306 4814 1884 4892">
    <p class='ocr_par' dir='ltr' id='par_1_65' title="bbox 306 4814 1884 4892">
     <span class='ocr_line' id='line_1_65' title="bbox 306 4814 1884 4892; baseline 0 -20"><span class='ocrx_word' id='word_1_489' title='bbox 306 4821 398 4874; x_wconf 84' lang='grc' dir='ltr'><strong>τὸν</strong></span> <span class='ocrx_word' id='word_1_490' title='bbox 422 4820 660 4875; x_wconf 89' lang='grc' dir='ltr'><strong>τεθνῶτα</strong></span> <span class='ocrx_word' id='word_1_491' title='bbox 682 4821 708 4860; x_wconf 73' lang='grc' dir='ltr'>ά</span> <span class='ocrx_word' id='word_1_492' title='bbox 739 4822 1134 4892; x_wconf 74' lang='grc' dir='ltr'><strong>ζωοποιηθῆναι</strong></span> <span class='ocrx_word' id='word_1_493' title='bbox 1178 4820 1477 4891; x_wconf 86' lang='grc' dir='ltr'><strong>Πνεύματι,</strong></span> <span class='ocrx_word' id='word_1_494' title='bbox 1515 4822 1571 4873; x_wconf 84' lang='grc' dir='ltr'><strong>ὲν</strong></span> <span class='ocrx_word' id='word_1_495' title='bbox 1609 4814 1690 4883; x_wconf 76' lang='grc' dir='ltr'><strong>οἷς</strong></span> <span class='ocrx_word' id='word_1_496' title='bbox 1720 4838 1884 4890; x_wconf 84' lang='grc' dir='ltr'><strong>φησιν</strong></span> 
     </span>
    </p>
   </div>
   <div class='ocr_carea' id='block_1_66' title="bbox 309 4912 1883 4985">
    <p class='ocr_par' dir='ltr' id='par_1_66' title="bbox 309 4912 1883 4985">
     <span class='ocr_line' id='line_1_66' title="bbox 309 4912 1883 4985; baseline -0.001 -20"><span class='ocrx_word' id='word_1_497' title='bbox 309 4915 365 4966; x_wconf 79' lang='grc' dir='ltr'><strong>ἐν</strong></span> <span class='ocrx_word' id='word_1_498' title='bbox 398 4913 472 4982; x_wconf 81' lang='grc' dir='ltr'><strong>τῷ</strong></span> <span class='ocrx_word' id='word_1_499' title='bbox 502 4913 704 4985; x_wconf 83' lang='grc' dir='ltr'><strong>πρώτῳ</strong></span> <span class='ocrx_word' id='word_1_500' title='bbox 733 4914 909 4985; x_wconf 83' lang='grc' dir='ltr'><strong>τόμῳ·</strong></span> <span class='ocrx_word' id='word_1_501' title='bbox 945 4916 1007 4967; x_wconf 79' lang='lat' dir='ltr'><strong>El</strong></span> <span class='ocrx_word' id='word_1_502' title='bbox 1036 4913 1211 4966; x_wconf 82' lang='grc' dir='ltr'><strong>τοίνυν</strong></span> <span class='ocrx_word' id='word_1_503' title='bbox 1241 4913 1302 4966; x_wconf 85' lang='grc' dir='ltr'><strong>ού</strong></span> <span class='ocrx_word' id='word_1_504' title='bbox 1338 4912 1571 4965; x_wconf 81' lang='grc' dir='ltr'><strong>πέπονθε</strong></span> <span class='ocrx_word' id='word_1_505' title='bbox 1602 4912 1662 4965; x_wconf 83' lang='grc' dir='ltr'><strong>τὸ</strong></span> <span class='ocrx_word' id='word_1_506' title='bbox 1696 4912 1883 4964; x_wconf 81' lang='grc' dir='ltr'><strong>τεθνά-</strong></span> 
     </span>
    </p>
   </div>
   <div class='ocr_carea' id='block_1_67' title="bbox 309 5004 1879 5077">
    <p class='ocr_par' dir='ltr' id='par_1_67' title="bbox 309 5004 1879 5077">
     <span class='ocr_line' id='line_1_67' title="bbox 309 5004 1879 5077; baseline -0.001 -19"><span class='ocrx_word' id='word_1_507' title='bbox 309 5021 395 5058; x_wconf 80' lang='grc' dir='ltr'><strong>ναι</strong></span> <span class='ocrx_word' id='word_1_508' title='bbox 428 5006 702 5075; x_wconf 83' lang='grc' dir='ltr'><strong>σαρκικῶς</strong></span> <span class='ocrx_word' id='word_1_509' title='bbox 746 5007 885 5060; x_wconf 82' lang='grc' dir='ltr'><strong>κατὰ</strong></span> <span class='ocrx_word' id='word_1_510' title='bbox 920 5009 1019 5071; x_wconf 74' lang='grc' dir='ltr'><strong>τὰς</strong></span> <span class='ocrx_word' id='word_1_511' title='bbox 1067 5006 1324 5077; x_wconf 78' lang='grc' dir='ltr'><strong>Γραφάς,</strong></span> <span class='ocrx_word' id='word_1_512' title='bbox 1373 5005 1492 5058; x_wconf 81' lang='grc' dir='ltr'><strong>οὐδὲ</strong></span> <span class='ocrx_word' id='word_1_513' title='bbox 1539 5004 1879 5074; x_wconf 75' lang='grc' dir='ltr'><strong>ὲζωοποιήθη</strong></span> 
     </span>
    </p>
   </div>
   <div class='ocr_carea' id='block_1_68' title="bbox 311 5092 1877 5165">
    <p class='ocr_par' dir='ltr' id='par_1_68' title="bbox 311 5092 1877 5165">
     <span class='ocr_line' id='line_1_68' title="bbox 311 5092 1877 5165; baseline 0.001 -21"><span class='ocrx_word' id='word_1_514' title='bbox 311 5092 607 5162; x_wconf 85' lang='grc' dir='ltr'><strong>Πνεύματι.</strong></span> <span class='ocrx_word' id='word_1_515' title='bbox 655 5095 883 5148; x_wconf 88' lang='grc' dir='ltr'><strong>Σκοπεῐν</strong></span> <span class='ocrx_word' id='word_1_516' title='bbox 924 5096 979 5149; x_wconf 81' lang='grc' dir='ltr'><strong>δὲ</strong></span> <span class='ocrx_word' id='word_1_517' title='bbox 1019 5095 1098 5148; x_wconf 86' lang='grc' dir='ltr'><strong>δεῖ</strong></span> <span class='ocrx_word' id='word_1_518' title='bbox 1129 5095 1227 5165; x_wconf 82' lang='grc' dir='ltr'><strong>τὴν</strong></span> <span class='ocrx_word' id='word_1_519' title='bbox 1272 5092 1462 5146; x_wconf 76' lang='grc' dir='ltr'><strong>ἑαυτοῦ</strong></span> <span class='ocrx_word' id='word_1_520' title='bbox 1517 5093 1653 5165; x_wconf 81' lang='grc' dir='ltr'><strong>πρὸς</strong></span> <span class='ocrx_word' id='word_1_521' title='bbox 1688 5095 1877 5146; x_wconf 69' lang='grc' dir='ltr'><strong>ἑαυτὸν</strong></span> 
     </span>
    </p>
   </div>
   <div class='ocr_carea' id='block_1_69' title="bbox 309 5186 1879 5259">
    <p class='ocr_par' dir='ltr' id='par_1_69' title="bbox 309 5186 1879 5259">
     <span class='ocr_line' id='line_1_69' title="bbox 309 5186 1879 5259; baseline 0 -22"><span class='ocrx_word' id='word_1_522' title='bbox 309 5188 677 5259; x_wconf 69' lang='grc' dir='ltr'><strong>ἐναντιότητα,</strong></span> <span class='ocrx_word' id='word_1_523' title='bbox 703 5190 760 5241; x_wconf 80' lang='grc' dir='ltr'><strong>ὲν</strong></span> <span class='ocrx_word' id='word_1_524' title='bbox 793 5190 889 5258; x_wconf 84' lang='grc' dir='ltr'><strong>μὲν</strong></span> <span class='ocrx_word' id='word_1_525' title='bbox 917 5192 1027 5252; x_wconf 87' lang='grc' dir='ltr'><strong>τοῖς</strong></span> <span class='ocrx_word' id='word_1_526' title='bbox 1056 5187 1524 5258; x_wconf 87' lang='grc' dir='ltr'><strong>ἀναθεματισμοῖς</strong></span> <span class='ocrx_word' id='word_1_527' title='bbox 1555 5186 1719 5238; x_wconf 79' lang='grc' dir='ltr'><strong>αὐτοῦ</strong></span> <span class='ocrx_word' id='word_1_528' title='bbox 1777 5187 1879 5238; x_wconf 80' lang='grc' dir='ltr'><strong>άπ-</strong></span> 
     </span>
    </p>
   </div>
   <div class='ocr_carea' id='block_1_70' title="bbox 308 5277 1878 5351">
    <p class='ocr_par' dir='ltr' id='par_1_70' title="bbox 308 5277 1878 5351">
     <span class='ocr_line' id='line_1_70' title="bbox 308 5277 1878 5351; baseline 0 -22"><span class='ocrx_word' id='word_1_529' title='bbox 308 5278 704 5348; x_wconf 88' lang='grc' dir='ltr'><strong>αγορεύσαντος</strong></span> <span class='ocrx_word' id='word_1_530' title='bbox 731 5281 821 5333; x_wconf 77' lang='grc' dir='ltr'><strong>τὸν</strong></span> <span class='ocrx_word' id='word_1_531' title='bbox 847 5281 1050 5351; x_wconf 83' lang='grc' dir='ltr'><strong>Κύριον</strong></span> <span class='ocrx_word' id='word_1_532' title='bbox 1068 5281 1124 5332; x_wconf 82' lang='grc' dir='ltr'><strong>ὲν</strong></span> <span class='ocrx_word' id='word_1_533' title='bbox 1156 5277 1586 5350; x_wconf 80' lang='grc' dir='ltr'><strong>ΠνεύματιΘεοῦ</strong></span> <span class='ocrx_word' id='word_1_534' title='bbox 1619 5278 1878 5347; x_wconf 83' lang='grc' dir='ltr'><strong>δαίμονας</strong></span> 
     </span>
    </p>
   </div>
   <div class='ocr_carea' id='block_1_71' title="bbox 309 5370 1879 5443">
    <p class='ocr_par' dir='ltr' id='par_1_71' title="bbox 309 5370 1879 5443">
     <span class='ocr_line' id='line_1_71' title="bbox 309 5370 1879 5443; baseline 0 -21"><span class='ocrx_word' id='word_1_535' title='bbox 309 5370 611 5433; x_wconf 73' lang='grc' dir='ltr'><strong>ἐκϐάλλειν,</strong></span> <span class='ocrx_word' id='word_1_536' title='bbox 652 5375 744 5426; x_wconf 75' lang='grc' dir='ltr'><strong>καὶ</strong></span> <span class='ocrx_word' id='word_1_537' title='bbox 775 5374 842 5426; x_wconf 88' lang='grc' dir='ltr'><strong>τά</strong></span> <span class='ocrx_word' id='word_1_538' title='bbox 886 5374 1022 5428; x_wconf 70' lang='grc' dir='ltr'><strong>ἄλλα</strong></span> <span class='ocrx_word' id='word_1_539' title='bbox 1076 5375 1279 5443; x_wconf 88' lang='grc' dir='ltr'><strong>σημεῖα</strong></span> <span class='ocrx_word' id='word_1_540' title='bbox 1318 5372 1518 5434; x_wconf 91' lang='grc' dir='ltr'><strong>ποιεῖν,</strong></span> <span class='ocrx_word' id='word_1_541' title='bbox 1562 5372 1654 5424; x_wconf 72' lang='grc' dir='ltr'><strong>καὶ</strong></span> <span class='ocrx_word' id='word_1_542' title='bbox 1687 5371 1786 5442; x_wconf 84' lang='grc' dir='ltr'><strong>τὴν</strong></span> <span class='ocrx_word' id='word_1_543' title='bbox 1821 5372 1879 5423; x_wconf 77' lang='grc' dir='ltr'><strong>ὲν</strong></span> 
     </span>
    </p>
   </div>
   <div class='ocr_carea' id='block_1_72' title="bbox 307 5461 1880 5536">
    <p class='ocr_par' dir='ltr' id='par_1_72' title="bbox 307 5461 1880 5536">
     <span class='ocr_line' id='line_1_72' title="bbox 307 5461 1880 5536; baseline 0.004 -25"><span class='ocrx_word' id='word_1_544' title='bbox 307 5463 417 5523; x_wconf 82' lang='grc' dir='ltr'><strong>τοῖς</strong></span> <span class='ocrx_word' id='word_1_545' title='bbox 446 5461 794 5531; x_wconf 81' lang='grc' dir='ltr'><strong>Εὑαγγελίοις</strong></span> <span class='ocrx_word' id='word_1_546' title='bbox 822 5464 1083 5535; x_wconf 87' lang='grc' dir='ltr'><strong>κειμένην</strong></span> <span class='ocrx_word' id='word_1_547' title='bbox 1110 5465 1386 5536; x_wconf 69' lang='grc' dir='ltr'><strong>ἔγγραφον</strong></span> <span class='ocrx_word' id='word_1_548' title='bbox 1416 5462 1510 5514; x_wconf 77' lang='grc' dir='ltr'><strong>τοῦ</strong></span> <span class='ocrx_word' id='word_1_549' title='bbox 1538 5461 1741 5532; x_wconf 81' lang='grc' dir='ltr'><strong>Κυρίου</strong></span> <span class='ocrx_word' id='word_1_550' title='bbox 1769 5479 1880 5530; x_wconf 81' lang='grc' dir='ltr'><strong>φω-</strong></span> 
     </span>
    </p>
   </div>
   <div class='ocr_carea' id='block_1_73' title="bbox 1990 1963 3570 2033">
    <p class='ocr_par' dir='ltr' id='par_1_73' title="bbox 1990 1963 3570 2033">
     <span class='ocr_line' id='line_1_73' title="bbox 1990 1963 3570 2033; baseline 0.002 -18"><span class='ocrx_word' id='word_1_551' title='bbox 1990 1963 2131 2033; x_wconf 88' lang='lat' dir='ltr'><strong>pori,</strong></span> <span class='ocrx_word' id='word_1_552' title='bbox 2158 1964 2325 2017; x_wconf 90' lang='lat' dir='ltr'><strong>altera</strong></span> <span class='ocrx_word' id='word_1_553' title='bbox 2348 1979 2477 2018; x_wconf 92' lang='lat' dir='ltr'><strong>vero</strong></span> <span class='ocrx_word' id='word_1_554' title='bbox 2504 1980 2716 2017; x_wconf 89' lang='lat' dir='ltr'><strong>rursum</strong></span> <span class='ocrx_word' id='word_1_555' title='bbox 2751 1972 2806 2017; x_wconf 85' lang='lat' dir='ltr'><strong>et</strong></span> <span class='ocrx_word' id='word_1_556' title='bbox 2840 1964 3092 2033; x_wconf 90' lang='lat' dir='ltr'><strong>privatim</strong></span> <span class='ocrx_word' id='word_1_557' title='bbox 3145 1964 3341 2019; x_wconf 83' lang='lat' dir='ltr'><strong>Verbo.</strong></span> <span class='ocrx_word' id='word_1_558' title='bbox 3370 1963 3570 2018; x_wconf 79' lang='lat' dir='ltr'><strong>Verum</strong></span> 
     </span>
    </p>
   </div>
   <div class='ocr_carea' id='block_1_74' title="bbox 1995 2054 3571 2123">
    <p class='ocr_par' dir='ltr' id='par_1_74' title="bbox 1995 2054 3571 2123">
     <span class='ocr_line' id='line_1_74' title="bbox 1995 2054 3571 2123; baseline 0.001 -15"><span class='ocrx_word' id='word_1_559' title='bbox 1995 2054 2099 2108; x_wconf 86' lang='lat' dir='ltr'><strong>hoc</strong></span> <span class='ocrx_word' id='word_1_560' title='bbox 2144 2071 2252 2107; x_wconf 89' lang='lat' dir='ltr'><strong>nun</strong></span> <span class='ocrx_word' id='word_1_561' title='bbox 2290 2064 2546 2123; x_wconf 91' lang='lat' dir='ltr'><strong>poterunt</strong></span> <span class='ocrx_word' id='word_1_562' title='bbox 2587 2054 2897 2109; x_wconf 88' lang='lat' dir='ltr'><strong>ostendere.</strong></span> <span class='ocrx_word' id='word_1_563' title='bbox 2950 2054 3233 2121; x_wconf 85' lang='lat' dir='ltr'><strong>Quomodo</strong></span> <span class='ocrx_word' id='word_1_564' title='bbox 3278 2056 3447 2119; x_wconf 87' lang='lat' dir='ltr'><strong>enim,</strong></span> <span class='ocrx_word' id='word_1_565' title='bbox 3489 2055 3571 2110; x_wconf 88' lang='lat' dir='ltr'><strong>vel</strong></span> 
     </span>
    </p>
   </div>
   <div class='ocr_carea' id='block_1_75' title="bbox 1990 2144 3573 2201">
    <p class='ocr_par' dir='ltr' id='par_1_75' title="bbox 1990 2144 3573 2201">
     <span class='ocr_line' id='line_1_75' title="bbox 1990 2144 3573 2201; baseline -0.001 -1"><span class='ocrx_word' id='word_1_566' title='bbox 1990 2146 2179 2200; x_wconf 86' lang='lat' dir='ltr'><strong>unde?</strong></span> <span class='ocrx_word' id='word_1_567' title='bbox 2210 2144 2344 2199; x_wconf 85' lang='lat' dir='ltr'><strong>Nam</strong></span> <span class='ocrx_word' id='word_1_568' title='bbox 2376 2162 2540 2198; x_wconf 89' lang='lat' dir='ltr'><strong>unum</strong></span> <span class='ocrx_word' id='word_1_569' title='bbox 2573 2146 2897 2199; x_wconf 89' lang='lat' dir='ltr'><strong>eteumdem</strong></span> <span class='ocrx_word' id='word_1_570' title='bbox 2931 2146 3100 2199; x_wconf 91' lang='lat' dir='ltr'><strong>Deum</strong></span> <span class='ocrx_word' id='word_1_571' title='bbox 3133 2146 3364 2201; x_wconf 89' lang='lat' dir='ltr'><strong>simulet</strong></span> <span class='ocrx_word' id='word_1_572' title='bbox 3392 2147 3573 2200; x_wconf 87' lang='lat' dir='ltr'><strong>homi-</strong></span> 
     </span>
    </p>
   </div>
   <div class='ocr_carea' id='block_1_76' title="bbox 1991 2236 3573 2306">
    <p class='ocr_par' dir='ltr' id='par_1_76' title="bbox 1991 2236 3573 2306">
     <span class='ocr_line' id='line_1_76' title="bbox 1991 2236 3573 2306; baseline -0.001 -15"><span class='ocrx_word' id='word_1_573' title='bbox 1991 2253 2113 2291; x_wconf 90' lang='lat' dir='ltr'><strong>nem</strong></span> <span class='ocrx_word' id='word_1_574' title='bbox 2169 2254 2270 2290; x_wconf 86' lang='lat' dir='ltr'><strong>uua</strong></span> <span class='ocrx_word' id='word_1_575' title='bbox 2309 2237 2647 2291; x_wconf 88' lang='lat' dir='ltr'><strong>cunsideutia</strong></span> <span class='ocrx_word' id='word_1_576' title='bbox 2684 2239 2826 2306; x_wconf 88' lang='lat' dir='ltr'><strong>apud</strong></span> <span class='ocrx_word' id='word_1_577' title='bbox 2870 2236 3084 2291; x_wconf 83' lang='lat' dir='ltr'><strong>Patrem</strong></span> <span class='ocrx_word' id='word_1_578' title='bbox 3118 2238 3394 2291; x_wconf 87' lang='lat' dir='ltr'><strong>honestari</strong></span> <span class='ocrx_word' id='word_1_579' title='bbox 3428 2238 3573 2290; x_wconf 87' lang='lat' dir='ltr'><strong>allir-</strong></span> 
     </span>
    </p>
   </div>
   <div class='ocr_carea' id='block_1_77' title="bbox 1991 2324 3569 2384">
    <p class='ocr_par' dir='ltr' id='par_1_77' title="bbox 1991 2324 3569 2384">
     <span class='ocr_line' id='line_1_77' title="bbox 1991 2324 3569 2384; baseline 0.001 -2"><span class='ocrx_word' id='word_1_580' title='bbox 1991 2344 2221 2382; x_wconf 86' lang='lat' dir='ltr'><strong>mamus.</strong></span> <span class='ocrx_word' id='word_1_581' title='bbox 2267 2327 2540 2383; x_wconf 66' lang='lat' dir='ltr'><strong>Caeterum</strong></span> <span class='ocrx_word' id='word_1_582' title='bbox 2615 2330 2798 2383; x_wconf 88' lang='lat' dir='ltr'><strong>dicere</strong></span> <span class='ocrx_word' id='word_1_583' title='bbox 2837 2329 3112 2384; x_wconf 75' lang='lat' dir='ltr'><strong>hominem</strong></span> <span class='ocrx_word' id='word_1_584' title='bbox 3170 2324 3383 2383; x_wconf 84' lang='lat' dir='ltr'><strong>adorari</strong></span> <span class='ocrx_word' id='word_1_585' title='bbox 3447 2346 3569 2383; x_wconf 81' lang='lat' dir='ltr'><strong>cum</strong></span> 
     </span>
    </p>
   </div>
   <div class='ocr_carea' id='block_1_78' title="bbox 1990 2422 3568 2492">
    <p class='ocr_par' dir='ltr' id='par_1_78' title="bbox 1990 2422 3568 2492">
     <span class='ocr_line' id='line_1_78' title="bbox 1990 2422 3568 2492; baseline 0.001 -16"><span class='ocrx_word' id='word_1_586' title='bbox 1990 2422 2123 2485; x_wconf 83' lang='lat' dir='ltr'><strong>Deo,</strong></span> <span class='ocrx_word' id='word_1_587' title='bbox 2157 2433 2211 2477; x_wconf 90' lang='lat' dir='ltr'><strong>et</strong></span> <span class='ocrx_word' id='word_1_588' title='bbox 2257 2423 2584 2492; x_wconf 87' lang='lat' dir='ltr'><strong>coappellari</strong></span> <span class='ocrx_word' id='word_1_589' title='bbox 2650 2422 2846 2491; x_wconf 87' lang='lat' dir='ltr'><strong>Deum,</strong></span> <span class='ocrx_word' id='word_1_590' title='bbox 2919 2425 3142 2478; x_wconf 91' lang='lat' dir='ltr'><strong>omnino</strong></span> <span class='ocrx_word' id='word_1_591' title='bbox 3196 2436 3279 2478; x_wconf 91' lang='lat' dir='ltr'><strong>est</strong></span> <span class='ocrx_word' id='word_1_592' title='bbox 3322 2426 3568 2478; x_wconf 82' lang='lat' dir='ltr'><strong>conﬁteri</strong></span> 
     </span>
    </p>
   </div>
   <div class='ocr_carea' id='block_1_79' title="bbox 1991 2515 3565 2586">
    <p class='ocr_par' dir='ltr' id='par_1_79' title="bbox 1991 2515 3565 2586">
     <span class='ocr_line' id='line_1_79' title="bbox 1991 2515 3565 2586; baseline 0.002 -17"><span class='ocrx_word' id='word_1_593' title='bbox 1991 2519 2126 2569; x_wconf 86' lang='lat' dir='ltr'><strong>duos</strong></span> <span class='ocrx_word' id='word_1_594' title='bbox 2153 2516 2476 2581; x_wconf 85' lang='lat' dir='ltr'><strong>adorandus,</strong></span> <span class='ocrx_word' id='word_1_595' title='bbox 2528 2515 2610 2570; x_wconf 87' lang='lat' dir='ltr'><strong>vel</strong></span> <span class='ocrx_word' id='word_1_596' title='bbox 2651 2517 2815 2570; x_wconf 87' lang='lat' dir='ltr'><strong>etiam</strong></span> <span class='ocrx_word' id='word_1_597' title='bbox 2853 2517 2997 2570; x_wconf 90' lang='lat' dir='ltr'><strong>inter</strong></span> <span class='ocrx_word' id='word_1_598' title='bbox 3047 2532 3107 2571; x_wconf 91' lang='lat' dir='ltr'><strong>se</strong></span> <span class='ocrx_word' id='word_1_599' title='bbox 3131 2516 3565 2586; x_wconf 90' lang='lat' dir='ltr'><strong>coappellandos.</strong></span> 
     </span>
    </p>
   </div>
   <div class='ocr_carea' id='block_1_80' title="bbox 1989 2608 3573 2679">
    <p class='ocr_par' dir='ltr' id='par_1_80' title="bbox 1989 2608 3573 2679">
     <span class='ocr_line' id='line_1_80' title="bbox 1989 2608 3573 2679; baseline 0.001 -17"><span class='ocrx_word' id='word_1_600' title='bbox 1989 2609 2152 2677; x_wconf 79' lang='lat' dir='ltr'><strong>Atqui</strong></span> <span class='ocrx_word' id='word_1_601' title='bbox 2202 2608 2357 2663; x_wconf 85' lang='lat' dir='ltr'><strong>valde</strong></span> <span class='ocrx_word' id='word_1_602' title='bbox 2394 2608 2595 2674; x_wconf 79' lang='lat' dir='ltr'><strong>fatuus,</strong></span> <span class='ocrx_word' id='word_1_603' title='bbox 2636 2619 2691 2662; x_wconf 90' lang='lat' dir='ltr'><strong>et</strong></span> <span class='ocrx_word' id='word_1_604' title='bbox 2733 2625 2762 2661; x_wconf 91' lang='lat' dir='ltr'><strong>a</strong></span> <span class='ocrx_word' id='word_1_605' title='bbox 2806 2610 2971 2663; x_wconf 86' lang='lat' dir='ltr'><strong>rectis</strong></span> <span class='ocrx_word' id='word_1_606' title='bbox 3006 2617 3063 2663; x_wconf 90' lang='lat' dir='ltr'><strong>et</strong></span> <span class='ocrx_word' id='word_1_607' title='bbox 3094 2610 3240 2663; x_wconf 91' lang='lat' dir='ltr'><strong>veris</strong></span> <span class='ocrx_word' id='word_1_608' title='bbox 3284 2611 3573 2679; x_wconf 81' lang='lat' dir='ltr'><strong>cOgitatio-</strong></span> 
     </span>
    </p>
   </div>
   <div class='ocr_carea' id='block_1_81' title="bbox 1991 2699 3572 2771">
    <p class='ocr_par' dir='ltr' id='par_1_81' title="bbox 1991 2699 3572 2771">
     <span class='ocr_line' id='line_1_81' title="bbox 1991 2699 3572 2771; baseline 0.002 -19"><span class='ocrx_word' id='word_1_609' title='bbox 1991 2701 2150 2754; x_wconf 83' lang='lat' dir='ltr'><strong>nibus</strong></span> <span class='ocrx_word' id='word_1_610' title='bbox 2184 2702 2407 2753; x_wconf 90' lang='lat' dir='ltr'><strong>omnino</strong></span> <span class='ocrx_word' id='word_1_611' title='bbox 2461 2701 2673 2753; x_wconf 86' lang='lat' dir='ltr'><strong>alienus</strong></span> <span class='ocrx_word' id='word_1_612' title='bbox 2716 2709 2800 2754; x_wconf 87' lang='lat' dir='ltr'><strong>est</strong></span> <span class='ocrx_word' id='word_1_613' title='bbox 2841 2699 3111 2769; x_wconf 89' lang='lat' dir='ltr'><strong>ejusmodi</strong></span> <span class='ocrx_word' id='word_1_614' title='bbox 3156 2716 3358 2755; x_wconf 87' lang='lat' dir='ltr'><strong>sermo.</strong></span> <span class='ocrx_word' id='word_1_615' title='bbox 3404 2702 3572 2771; x_wconf 76' lang='lat' dir='ltr'><strong>Igitur</strong></span> 
     </span>
    </p>
   </div>
   <div class='ocr_carea' id='block_1_82' title="bbox 1992 2790 3570 2859">
    <p class='ocr_par' dir='ltr' id='par_1_82' title="bbox 1992 2790 3570 2859">
     <span class='ocr_line' id='line_1_82' title="bbox 1992 2790 3570 2859; baseline -0.001 -15"><span class='ocrx_word' id='word_1_616' title='bbox 1992 2790 2167 2845; x_wconf 83' lang='lat' dir='ltr'><strong>factus</strong></span> <span class='ocrx_word' id='word_1_617' title='bbox 2212 2800 2294 2845; x_wconf 89' lang='lat' dir='ltr'><strong>est</strong></span> <span class='ocrx_word' id='word_1_618' title='bbox 2329 2790 2821 2843; x_wconf 84' lang='lat' dir='ltr'><strong>anathematismus</strong></span> <span class='ocrx_word' id='word_1_619' title='bbox 2870 2800 3059 2843; x_wconf 86' lang='lat' dir='ltr'><strong>contra</strong></span> <span class='ocrx_word' id='word_1_620' title='bbox 3096 2804 3210 2853; x_wconf 89' lang='lat' dir='ltr'><strong>eos,</strong></span> <span class='ocrx_word' id='word_1_621' title='bbox 3245 2790 3336 2859; x_wconf 90' lang='lat' dir='ltr'><strong>qui</strong></span> <span class='ocrx_word' id='word_1_622' title='bbox 3393 2791 3570 2843; x_wconf 84' lang='lat' dir='ltr'><strong>modis</strong></span> 
     </span>
    </p>
   </div>
   <div class='ocr_carea' id='block_1_83' title="bbox 1989 2882 3572 2937">
    <p class='ocr_par' dir='ltr' id='par_1_83' title="bbox 1989 2882 3572 2937">
     <span class='ocr_line' id='line_1_83' title="bbox 1989 2882 3572 2937; baseline -0.001 0"><span class='ocrx_word' id='word_1_623' title='bbox 1989 2884 2244 2937; x_wconf 87' lang='lat' dir='ltr'><strong>onmibus</strong></span> <span class='ocrx_word' id='word_1_624' title='bbox 2295 2883 2542 2936; x_wconf 86' lang='lat' dir='ltr'><strong>dividunt</strong></span> <span class='ocrx_word' id='word_1_625' title='bbox 2590 2882 2994 2936; x_wconf 85' lang='lat' dir='ltr'><strong>Emmanuelem</strong></span> <span class='ocrx_word' id='word_1_626' title='bbox 3031 2883 3082 2936; x_wconf 92' lang='lat' dir='ltr'><strong>in</strong></span> <span class='ocrx_word' id='word_1_627' title='bbox 3116 2882 3389 2936; x_wconf 85' lang='lat' dir='ltr'><strong>hominem</strong></span> <span class='ocrx_word' id='word_1_628' title='bbox 3419 2898 3572 2935; x_wconf 84' lang='lat' dir='ltr'><strong>seor-</strong></span> 
     </span>
    </p>
   </div>
   <div class='ocr_carea' id='block_1_84' title="bbox 1990 2974 3568 3044">
    <p class='ocr_par' dir='ltr' id='par_1_84' title="bbox 1990 2974 3568 3044">
     <span class='ocr_line' id='line_1_84' title="bbox 1990 2974 3568 3044; baseline -0.002 -14"><span class='ocrx_word' id='word_1_629' title='bbox 1990 2976 2117 3041; x_wconf 79' lang='lat' dir='ltr'><strong>sim,</strong></span> <span class='ocrx_word' id='word_1_630' title='bbox 2158 2985 2212 3029; x_wconf 89' lang='lat' dir='ltr'><strong>et</strong></span> <span class='ocrx_word' id='word_1_631' title='bbox 2252 2975 2439 3028; x_wconf 90' lang='lat' dir='ltr'><strong>Deum.</strong></span> <span class='ocrx_word' id='word_1_632' title='bbox 2480 2974 2646 3028; x_wconf 85' lang='lat' dir='ltr'><strong>Nobis</strong></span> <span class='ocrx_word' id='word_1_633' title='bbox 2688 2975 2831 3028; x_wconf 92' lang='lat' dir='ltr'><strong>enim</strong></span> <span class='ocrx_word' id='word_1_634' title='bbox 2886 2990 3050 3027; x_wconf 92' lang='lat' dir='ltr'><strong>unum</strong></span> <span class='ocrx_word' id='word_1_635' title='bbox 3104 2975 3278 3044; x_wconf 89' lang='lat' dir='ltr'><strong>ipsum</strong></span> <span class='ocrx_word' id='word_1_636' title='bbox 3319 2977 3568 3027; x_wconf 88' lang='lat' dir='ltr'><strong>eumdem</strong></span> 
     </span>
    </p>
   </div>
   <div class='ocr_carea' id='block_1_85' title="bbox 1993 3066 3572 3137">
    <p class='ocr_par' dir='ltr' id='par_1_85' title="bbox 1993 3066 3572 3137">
     <span class='ocr_line' id='line_1_85' title="bbox 1993 3066 3572 3137; baseline -0.001 -15"><span class='ocrx_word' id='word_1_637' title='bbox 1993 3068 2366 3137; x_wconf 72' lang='lat' dir='ltr'><strong>theologorum</strong></span> <span class='ocrx_word' id='word_1_638' title='bbox 2398 3081 2579 3119; x_wconf 89' lang='lat' dir='ltr'><strong>sermo</strong></span> <span class='ocrx_word' id='word_1_639' title='bbox 2613 3067 2948 3133; x_wconf 72' lang='lat' dir='ltr'><strong>prmdicavit,</strong></span> <span class='ocrx_word' id='word_1_640' title='bbox 2992 3082 3382 3137; x_wconf 85' lang='lat' dir='ltr'><strong>sacrarumque</strong></span> <span class='ocrx_word' id='word_1_641' title='bbox 3420 3066 3572 3121; x_wconf 85' lang='lat' dir='ltr'><strong>Scri-</strong></span> 
     </span>
    </p>
   </div>
   <div class='ocr_carea' id='block_1_86' title="bbox 1990 3158 2955 3231">
    <p class='ocr_par' dir='ltr' id='par_1_86' title="bbox 1990 3158 2955 3231">
     <span class='ocr_line' id='line_1_86' title="bbox 1990 3158 2955 3231; baseline -0.003 -15"><span class='ocrx_word' id='word_1_642' title='bbox 1990 3173 2270 3231; x_wconf 85' lang='lat' dir='ltr'><strong>pturarum</strong></span> <span class='ocrx_word' id='word_1_643' title='bbox 2302 3158 2663 3213; x_wconf 83' lang='lat' dir='ltr'><strong>inadulterata</strong></span> <span class='ocrx_word' id='word_1_644' title='bbox 2700 3159 2955 3230; x_wconf 76' lang='lat' dir='ltr'><strong>cognitio.</strong></span> 
     </span>
    </p>
   </div>
   <div class='ocr_carea' id='block_1_87' title="bbox 2295 3449 3259 3524">
    <p class='ocr_par' dir='ltr' id='par_1_87' title="bbox 2295 3449 3259 3524">
     <span class='ocr_line' id='line_1_87' title="bbox 2295 3449 3259 3524; baseline -0.005 -14"><span class='ocrx_word' id='word_1_645' title='bbox 2295 3453 2451 3524; x_wconf 76' lang='lat'><strong>181</strong></span> <span class='ocrx_word' id='word_1_646' title='bbox 2488 3449 3136 3506; x_wconf 77' lang='lat' dir='ltr'><strong>ANATHEMATISMUS</strong></span> <span class='ocrx_word' id='word_1_647' title='bbox 3170 3449 3259 3506; x_wconf 77' lang='lat' dir='ltr'><strong>IX.</strong></span> 
     </span>
    </p>
   </div>
   <div class='ocr_carea' id='block_1_88' title="bbox 2061 3562 3567 3636">
    <p class='ocr_par' dir='ltr' id='par_1_88' title="bbox 2061 3562 3567 3636">
     <span class='ocr_line' id='line_1_88' title="bbox 2061 3562 3567 3636; baseline -0.009 -9"><span class='ocrx_word' id='word_1_648' title='bbox 2061 3570 2119 3627; x_wconf 90' lang='lat' dir='ltr'><strong>Si</strong></span> <span class='ocrx_word' id='word_1_649' title='bbox 2160 3568 2283 3636; x_wconf 86' lang='lat' dir='ltr'><strong>quis</strong></span> <span class='ocrx_word' id='word_1_650' title='bbox 2311 3583 2478 3622; x_wconf 92' lang='lat' dir='ltr'><strong>unum</strong></span> <span class='ocrx_word' id='word_1_651' title='bbox 2504 3564 2793 3619; x_wconf 86' lang='lat' dir='ltr'><strong>Dominum</strong></span> <span class='ocrx_word' id='word_1_652' title='bbox 2832 3563 3014 3618; x_wconf 90' lang='lat' dir='ltr'><strong>Jesum</strong></span> <span class='ocrx_word' id='word_1_653' title='bbox 3062 3562 3340 3618; x_wconf 87' lang='lat' dir='ltr'><strong>Christum</strong></span> <span class='ocrx_word' id='word_1_654' title='bbox 3370 3580 3397 3615; x_wconf 87' lang='lat' dir='ltr'><strong>a</strong></span> <span class='ocrx_word' id='word_1_655' title='bbox 3442 3565 3567 3632; x_wconf 79' lang='lat' dir='ltr'><strong>Spi-</strong></span> 
     </span>
    </p>
   </div>
   <div class='ocr_carea' id='block_1_89' title="bbox 1986 3658 3570 3728">
    <p class='ocr_par' dir='ltr' id='par_1_89' title="bbox 1986 3658 3570 3728">
     <span class='ocr_line' id='line_1_89' title="bbox 1986 3658 3570 3728; baseline -0.004 -9"><span class='ocrx_word' id='word_1_656' title='bbox 1986 3662 2093 3720; x_wconf 87' lang='lat' dir='ltr'><strong>ritu</strong></span> <span class='ocrx_word' id='word_1_657' title='bbox 2132 3661 2486 3718; x_wconf 80' lang='lat' dir='ltr'><strong>clariﬁcatum</strong></span> <span class='ocrx_word' id='word_1_658' title='bbox 2510 3659 2730 3723; x_wconf 82' lang='lat' dir='ltr'><strong>dixerit,</strong></span> <span class='ocrx_word' id='word_1_659' title='bbox 2758 3658 2975 3728; x_wconf 85' lang='lat' dir='ltr'><strong>propria</strong></span> <span class='ocrx_word' id='word_1_660' title='bbox 3018 3658 3219 3712; x_wconf 90' lang='lat' dir='ltr'><strong>virtute</strong></span> <span class='ocrx_word' id='word_1_661' title='bbox 3260 3658 3427 3728; x_wconf 90' lang='lat' dir='ltr'><strong>ipsius</strong></span> <span class='ocrx_word' id='word_1_662' title='bbox 3452 3668 3570 3713; x_wconf 81' lang='lat' dir='ltr'><strong>tan-</strong></span> 
     </span>
    </p>
   </div>
   <div class='ocr_carea' id='block_1_90' title="bbox 1987 3745 3569 3825">
    <p class='ocr_par' dir='ltr' id='par_1_90' title="bbox 1987 3745 3569 3825">
     <span class='ocr_line' id='line_1_90' title="bbox 1987 3745 3569 3825; baseline -0.005 -17"><span class='ocrx_word' id='word_1_663' title='bbox 1987 3770 2152 3825; x_wconf 86' lang='lat' dir='ltr'><strong>quam</strong></span> <span class='ocrx_word' id='word_1_664' title='bbox 2216 3753 2389 3807; x_wconf 88' lang='lat' dir='ltr'><strong>aliena</strong></span> <span class='ocrx_word' id='word_1_665' title='bbox 2450 3759 2740 3813; x_wconf 87' lang='lat' dir='ltr'><strong>utentem;</strong></span> <span class='ocrx_word' id='word_1_666' title='bbox 2789 3762 2853 3800; x_wconf 91' lang='lat' dir='ltr'><strong>ac</strong></span> <span class='ocrx_word' id='word_1_667' title='bbox 2902 3748 3010 3800; x_wconf 86' lang='lat' dir='ltr'><strong>vim</strong></span> <span class='ocrx_word' id='word_1_668' title='bbox 3068 3756 3121 3801; x_wconf 91' lang='lat' dir='ltr'><strong>et</strong></span> <span class='ocrx_word' id='word_1_669' title='bbox 3168 3745 3460 3801; x_wconf 84' lang='lat' dir='ltr'><strong>elIicaciam</strong></span> <span class='ocrx_word' id='word_1_670' title='bbox 3500 3747 3569 3801; x_wconf 86' lang='lat' dir='ltr'><strong>ah</strong></span> 
     </span>
    </p>
   </div>
   <div class='ocr_carea' id='block_1_91' title="bbox 1987 3839 3568 3914">
    <p class='ocr_par' dir='ltr' id='par_1_91' title="bbox 1987 3839 3568 3914">
     <span class='ocr_line' id='line_1_91' title="bbox 1987 3839 3568 3914; baseline -0.006 -12"><span class='ocrx_word' id='word_1_671' title='bbox 1987 3848 2175 3902; x_wconf 90' lang='lat' dir='ltr'><strong>eodem</strong></span> <span class='ocrx_word' id='word_1_672' title='bbox 2215 3844 2510 3914; x_wconf 80' lang='lat' dir='ltr'><strong>accepisse,</strong></span> <span class='ocrx_word' id='word_1_673' title='bbox 2559 3842 2687 3910; x_wconf 88' lang='lat' dir='ltr'><strong>quia</strong></span> <span class='ocrx_word' id='word_1_674' title='bbox 2738 3850 2930 3893; x_wconf 89' lang='lat' dir='ltr'><strong>contra</strong></span> <span class='ocrx_word' id='word_1_675' title='bbox 2980 3839 3287 3894; x_wconf 88' lang='lat' dir='ltr'><strong>immundos</strong></span> <span class='ocrx_word' id='word_1_676' title='bbox 3338 3843 3568 3909; x_wconf 86' lang='lat' dir='ltr'><strong>spiritus</strong></span> 
     </span>
    </p>
   </div>
   <div class='ocr_carea' id='block_1_92' title="bbox 1987 3931 3569 4009">
    <p class='ocr_par' dir='ltr' id='par_1_92' title="bbox 1987 3931 3569 4009">
     <span class='ocr_line' id='line_1_92' title="bbox 1987 3931 3569 4009; baseline -0.006 -16"><span class='ocrx_word' id='word_1_677' title='bbox 1987 3947 2330 4009; x_wconf 88' lang='lat' dir='ltr'><strong>operaretur,</strong></span> <span class='ocrx_word' id='word_1_678' title='bbox 2377 3943 2432 3990; x_wconf 87' lang='lat' dir='ltr'><strong>et</strong></span> <span class='ocrx_word' id='word_1_679' title='bbox 2480 3935 2661 3988; x_wconf 87' lang='lat' dir='ltr'><strong>divina</strong></span> <span class='ocrx_word' id='word_1_680' title='bbox 2714 3933 2858 3986; x_wconf 89' lang='lat' dir='ltr'><strong>inter</strong></span> <span class='ocrx_word' id='word_1_681' title='bbox 2893 3931 3143 3986; x_wconf 89' lang='lat' dir='ltr'><strong>homines</strong></span> <span class='ocrx_word' id='word_1_682' title='bbox 3178 3932 3435 3987; x_wconf 88' lang='lat' dir='ltr'><strong>miracula</strong></span> <span class='ocrx_word' id='word_1_683' title='bbox 3475 3948 3569 4001; x_wconf 88' lang='lat' dir='ltr'><strong>pa-</strong></span> 
     </span>
    </p>
   </div>
   <div class='ocr_carea' id='block_1_93' title="bbox 1990 4020 3565 4094">
    <p class='ocr_par' dir='ltr' id='par_1_93' title="bbox 1990 4020 3565 4094">
     <span class='ocr_line' id='line_1_93' title="bbox 1990 4020 3565 4094; baseline -0.005 -10"><span class='ocrx_word' id='word_1_684' title='bbox 1990 4038 2177 4089; x_wconf 88' lang='lat' dir='ltr'><strong>traret,</strong></span> <span class='ocrx_word' id='word_1_685' title='bbox 2226 4041 2289 4080; x_wconf 90' lang='lat' dir='ltr'><strong>ac</strong></span> <span class='ocrx_word' id='word_1_686' title='bbox 2321 4040 2426 4080; x_wconf 92' lang='lat' dir='ltr'><strong>non</strong></span> <span class='ocrx_word' id='word_1_687' title='bbox 2467 4025 2649 4094; x_wconf 90' lang='lat' dir='ltr'><strong>potius</strong></span> <span class='ocrx_word' id='word_1_688' title='bbox 2694 4022 2873 4091; x_wconf 91' lang='lat' dir='ltr'><strong>ipsum</strong></span> <span class='ocrx_word' id='word_1_689' title='bbox 2934 4020 3216 4089; x_wconf 75' lang='lat' dir='ltr'><strong>Spiritum,</strong></span> <span class='ocrx_word' id='word_1_690' title='bbox 3263 4037 3359 4092; x_wconf 90' lang='lat' dir='ltr'><strong>per</strong></span> <span class='ocrx_word' id='word_1_691' title='bbox 3404 4038 3565 4092; x_wconf 88' lang='lat' dir='ltr'><strong>quem</strong></span> 
     </span>
    </p>
   </div>
   <div class='ocr_carea' id='block_1_94' title="bbox 1987 4111 3567 4186">
    <p class='ocr_par' dir='ltr' id='par_1_94' title="bbox 1987 4111 3567 4186">
     <span class='ocr_line' id='line_1_94' title="bbox 1987 4111 3567 4186; baseline -0.007 -9"><span class='ocrx_word' id='word_1_692' title='bbox 1987 4122 2167 4177; x_wconf 88' lang='lat' dir='ltr'><strong>divina</strong></span> <span class='ocrx_word' id='word_1_693' title='bbox 2196 4119 2348 4186; x_wconf 77' lang='lat' dir='ltr'><strong>signa</strong></span> <span class='ocrx_word' id='word_1_694' title='bbox 2371 4117 2558 4180; x_wconf 86' lang='lat' dir='ltr'><strong>edidit,</strong></span> <span class='ocrx_word' id='word_1_695' title='bbox 2607 4114 2751 4167; x_wconf 92' lang='lat' dir='ltr'><strong>illius</strong></span> <span class='ocrx_word' id='word_1_696' title='bbox 2800 4112 3079 4182; x_wconf 89' lang='lat' dir='ltr'><strong>proprium</strong></span> <span class='ocrx_word' id='word_1_697' title='bbox 3114 4126 3237 4166; x_wconf 90' lang='lat' dir='ltr'><strong>esse</strong></span> <span class='ocrx_word' id='word_1_698' title='bbox 3281 4111 3567 4167; x_wconf 80' lang='lat' dir='ltr'><strong>confessus</strong></span> 
     </span>
    </p>
   </div>
   <div class='ocr_carea' id='block_1_95' title="bbox 1987 4207 2615 4278">
    <p class='ocr_par' dir='ltr' id='par_1_95' title="bbox 1987 4207 2615 4278">
     <span class='ocr_line' id='line_1_95' title="bbox 1987 4207 2615 4278; baseline -0.014 -11"><span class='ocrx_word' id='word_1_699' title='bbox 1987 4213 2149 4269; x_wconf 81' lang='lat' dir='ltr'><strong>fuerit</strong></span> <span class='ocrx_word' id='word_1_700' title='bbox 2172 4230 2185 4278; x_wconf 92' lang='lat'><strong>;</strong></span> <span class='ocrx_word' id='word_1_701' title='bbox 2206 4210 2492 4264; x_wconf 79' lang='lat' dir='ltr'><strong>anathema</strong></span> <span class='ocrx_word' id='word_1_702' title='bbox 2526 4207 2615 4260; x_wconf 86' lang='lat' dir='ltr'><strong>sit.</strong></span> 
     </span>
    </p>
   </div>
   <div class='ocr_carea' id='block_1_96' title="bbox 2437 4318 3109 4388">
    <p class='ocr_par' dir='ltr' id='par_1_96' title="bbox 2437 4318 3109 4388">
     <span class='ocr_line' id='line_1_96' title="bbox 2437 4318 3109 4388; baseline -0.006 -12"><span class='ocrx_word' id='word_1_703' title='bbox 2437 4320 2793 4376; x_wconf 80' lang='lat' dir='ltr'><strong>Orientalith</strong></span> <span class='ocrx_word' id='word_1_704' title='bbox 2830 4318 3109 4388; x_wconf 79' lang='lat' dir='ltr'><strong>oppositio.</strong></span> 
     </span>
    </p>
   </div>
   <div class='ocr_carea' id='block_1_97' title="bbox 2058 4429 3567 4506">
    <p class='ocr_par' dir='ltr' id='par_1_97' title="bbox 2058 4429 3567 4506">
     <span class='ocr_line' id='line_1_97' title="bbox 2058 4429 3567 4506; baseline -0.005 -14"><span class='ocrx_word' id='word_1_705' title='bbox 2058 4442 2256 4493; x_wconf 90' lang='lat' dir='ltr'><strong>lterum</strong></span> <span class='ocrx_word' id='word_1_706' title='bbox 2289 4451 2468 4506; x_wconf 74' lang='lat' dir='ltr'><strong>operae</strong></span> <span class='ocrx_word' id='word_1_707' title='bbox 2497 4432 2725 4503; x_wconf 89' lang='lat' dir='ltr'><strong>pretium</strong></span> <span class='ocrx_word' id='word_1_708' title='bbox 2762 4431 2923 4484; x_wconf 68' lang='lat' dir='ltr'><strong>Interit</strong></span> <span class='ocrx_word' id='word_1_709' title='bbox 2950 4445 3035 4499; x_wconf 87' lang='lat' dir='ltr'><strong>ea,</strong></span> <span class='ocrx_word' id='word_1_710' title='bbox 3076 4445 3196 4499; x_wconf 76' lang='lat' dir='ltr'><strong>qua:</strong></span> <span class='ocrx_word' id='word_1_711' title='bbox 3224 4430 3352 4483; x_wconf 90' lang='lat' dir='ltr'><strong>olim</strong></span> <span class='ocrx_word' id='word_1_712' title='bbox 3383 4429 3451 4483; x_wconf 89' lang='lat' dir='ltr'><strong>ab</strong></span> <span class='ocrx_word' id='word_1_713' title='bbox 3474 4430 3567 4485; x_wconf 90' lang='lat' dir='ltr'><strong>illo</strong></span> 
     </span>
    </p>
   </div>
   <div class='ocr_carea' id='block_1_98' title="bbox 1988 4522 3567 4593">
    <p class='ocr_par' dir='ltr' id='par_1_98' title="bbox 1988 4522 3567 4593">
     <span class='ocr_line' id='line_1_98' title="bbox 1988 4522 3567 4593; baseline -0.007 -8"><span class='ocrx_word' id='word_1_714' title='bbox 1988 4532 2127 4585; x_wconf 89' lang='lat' dir='ltr'><strong>dicta</strong></span> <span class='ocrx_word' id='word_1_715' title='bbox 2160 4536 2305 4593; x_wconf 89' lang='lat' dir='ltr'><strong>sunt,</strong></span> <span class='ocrx_word' id='word_1_716' title='bbox 2330 4528 2384 4580; x_wconf 89' lang='lat' dir='ltr'><strong>in</strong></span> <span class='ocrx_word' id='word_1_717' title='bbox 2454 4524 2689 4578; x_wconf 87' lang='lat' dir='ltr'><strong>medium</strong></span> <span class='ocrx_word' id='word_1_718' title='bbox 2727 4524 3019 4585; x_wconf 86' lang='lat' dir='ltr'><strong>adducere,</strong></span> <span class='ocrx_word' id='word_1_719' title='bbox 3067 4535 3121 4576; x_wconf 90' lang='lat' dir='ltr'><strong>et</strong></span> <span class='ocrx_word' id='word_1_720' title='bbox 3154 4537 3371 4575; x_wconf 90' lang='lat' dir='ltr'><strong>suorum</strong></span> <span class='ocrx_word' id='word_1_721' title='bbox 3398 4522 3567 4575; x_wconf 90' lang='lat' dir='ltr'><strong>dicto-</strong></span> 
     </span>
    </p>
   </div>
   <div class='ocr_carea' id='block_1_99' title="bbox 1991 4613 3565 4679">
    <p class='ocr_par' dir='ltr' id='par_1_99' title="bbox 1991 4613 3565 4679">
     <span class='ocr_line' id='line_1_99' title="bbox 1991 4613 3565 4679; baseline -0.007 0"><span class='ocrx_word' id='word_1_722' title='bbox 1991 4641 2107 4679; x_wconf 89' lang='lat' dir='ltr'><strong>rum</strong></span> <span class='ocrx_word' id='word_1_723' title='bbox 2143 4622 2391 4677; x_wconf 79' lang='lat' dir='ltr'><strong>lorlassis</strong></span> <span class='ocrx_word' id='word_1_724' title='bbox 2416 4619 2642 4673; x_wconf 87' lang='lat' dir='ltr'><strong>oblitum</strong></span> <span class='ocrx_word' id='word_1_725' title='bbox 2683 4618 2999 4669; x_wconf 81' lang='lat' dir='ltr'><strong>adn:0uere.</strong></span> <span class='ocrx_word' id='word_1_726' title='bbox 3060 4613 3177 4668; x_wconf 86' lang='lat' dir='ltr'><strong>Non</strong></span> <span class='ocrx_word' id='word_1_727' title='bbox 3210 4614 3353 4667; x_wconf 90' lang='lat' dir='ltr'><strong>enim</strong></span> <span class='ocrx_word' id='word_1_728' title='bbox 3393 4615 3565 4667; x_wconf 79' lang='lat' dir='ltr'><strong>Solum</strong></span> 
     </span>
    </p>
   </div>
   <div class='ocr_carea' id='block_1_100' title="bbox 1988 4707 3565 4784">
    <p class='ocr_par' dir='ltr' id='par_1_100' title="bbox 1988 4707 3565 4784">
     <span class='ocr_line' id='line_1_100' title="bbox 1988 4707 3565 4784; baseline -0.008 -12"><span class='ocrx_word' id='word_1_729' title='bbox 1988 4718 2279 4772; x_wconf 88' lang='lat' dir='ltr'><strong>Dominum</strong></span> <span class='ocrx_word' id='word_1_730' title='bbox 2315 4716 2466 4784; x_wconf 86' lang='lat' dir='ltr'><strong>signa</strong></span> <span class='ocrx_word' id='word_1_731' title='bbox 2491 4713 2541 4765; x_wconf 91' lang='lat' dir='ltr'><strong>in</strong></span> <span class='ocrx_word' id='word_1_732' title='bbox 2564 4711 2767 4779; x_wconf 86' lang='lat' dir='ltr'><strong>Spiritu</strong></span> <span class='ocrx_word' id='word_1_733' title='bbox 2812 4708 3003 4761; x_wconf 83' lang='lat' dir='ltr'><strong>fecisse</strong></span> <span class='ocrx_word' id='word_1_734' title='bbox 3043 4707 3565 4776; x_wconf 73' lang='lat' dir='ltr'><strong>pronuntiavit;setl</strong></span> 
     </span>
    </p>
   </div>
   <div class='ocr_carea' id='block_1_101' title="bbox 1986 4796 3566 4880">
    <p class='ocr_par' dir='ltr' id='par_1_101' title="bbox 1986 4796 3566 4880">
     <span class='ocr_line' id='line_1_101' title="bbox 1986 4796 3566 4880; baseline -0.009 -14"><span class='ocrx_word' id='word_1_735' title='bbox 1986 4812 2151 4866; x_wconf 83' lang='lat' dir='ltr'><strong>etiam</strong></span> <span class='ocrx_word' id='word_1_736' title='bbox 2184 4810 2360 4880; x_wconf 84' lang='lat' dir='ltr'><strong>ipsum</strong></span> <span class='ocrx_word' id='word_1_737' title='bbox 2397 4815 2665 4858; x_wconf 89' lang='lat' dir='ltr'><strong>mortuum</strong></span> <span class='ocrx_word' id='word_1_738' title='bbox 2695 4801 3024 4854; x_wconf 80' lang='lat' dir='ltr'><strong>viviﬁcatum</strong></span> <span class='ocrx_word' id='word_1_739' title='bbox 3050 4814 3170 4852; x_wconf 87' lang='lat' dir='ltr'><strong>esse</strong></span> <span class='ocrx_word' id='word_1_740' title='bbox 3197 4796 3402 4867; x_wconf 89' lang='lat' dir='ltr'><strong>Spiritu</strong></span> <span class='ocrx_word' id='word_1_741' title='bbox 3432 4800 3566 4852; x_wconf 78' lang='lat' dir='ltr'><strong>dixit</strong></span> 
     </span>
    </p>
   </div>
   <div class='ocr_carea' id='block_1_102' title="bbox 1987 4891 3563 4975">
    <p class='ocr_par' dir='ltr' id='par_1_102' title="bbox 1987 4891 3563 4975">
     <span class='ocr_line' id='line_1_102' title="bbox 1987 4891 3563 4975; baseline -0.01 -16"><span class='ocrx_word' id='word_1_742' title='bbox 1987 4906 2162 4975; x_wconf 89' lang='lat' dir='ltr'><strong>primo</strong></span> <span class='ocrx_word' id='word_1_743' title='bbox 2195 4912 2361 4966; x_wconf 91' lang='lat' dir='ltr'><strong>tomo,</strong></span> <span class='ocrx_word' id='word_1_744' title='bbox 2400 4900 2486 4953; x_wconf 81' lang='lat' dir='ltr'><strong>his</strong></span> <span class='ocrx_word' id='word_1_745' title='bbox 2527 4895 2739 4949; x_wconf 80' lang='lat' dir='ltr'><strong>verbis:</strong></span> <span class='ocrx_word' id='word_1_746' title='bbox 2766 4894 2935 4962; x_wconf 85' lang='lat' dir='ltr'><strong>Igitur</strong></span> <span class='ocrx_word' id='word_1_747' title='bbox 2972 4891 3015 4945; x_wconf 90' lang='lat' dir='ltr'><strong>si</strong></span> <span class='ocrx_word' id='word_1_748' title='bbox 3048 4907 3149 4943; x_wconf 92' lang='lat' dir='ltr'><strong>nou</strong></span> <span class='ocrx_word' id='word_1_749' title='bbox 3183 4891 3403 4960; x_wconf 84' lang='lat' dir='ltr'><strong>pertulit</strong></span> <span class='ocrx_word' id='word_1_750' title='bbox 3430 4891 3563 4944; x_wconf 88' lang='lat' dir='ltr'><strong>mori</strong></span> 
     </span>
    </p>
   </div>
   <div class='ocr_carea' id='block_1_103' title="bbox 1987 4984 3564 5055">
    <p class='ocr_par' dir='ltr' id='par_1_103' title="bbox 1987 4984 3564 5055">
     <span class='ocr_line' id='line_1_103' title="bbox 1987 4984 3564 5055; baseline -0.01 -3"><span class='ocrx_word' id='word_1_751' title='bbox 1987 4996 2282 5053; x_wconf 83' lang='lat' dir='ltr'><strong>carnaliter</strong></span> <span class='ocrx_word' id='word_1_752' title='bbox 2341 4992 2635 5046; x_wconf 87' lang='lat' dir='ltr'><strong>secundum</strong></span> <span class='ocrx_word' id='word_1_753' title='bbox 2687 4988 3023 5055; x_wconf 81' lang='lat' dir='ltr'><strong>Scripturas,</strong></span> <span class='ocrx_word' id='word_1_754' title='bbox 3075 5000 3178 5037; x_wconf 89' lang='lat' dir='ltr'><strong>non</strong></span> <span class='ocrx_word' id='word_1_755' title='bbox 3230 4985 3355 5037; x_wconf 92' lang='lat' dir='ltr'><strong>item</strong></span> <span class='ocrx_word' id='word_1_756' title='bbox 3394 4984 3564 5037; x_wconf 64' lang='lat' dir='ltr'><strong>viviﬁo</strong></span> 
     </span>
    </p>
   </div>
   <div class='ocr_carea' id='block_1_104' title="bbox 1987 5077 3564 5152">
    <p class='ocr_par' dir='ltr' id='par_1_104' title="bbox 1987 5077 3564 5152">
     <span class='ocr_line' id='line_1_104' title="bbox 1987 5077 3564 5152; baseline -0.011 -8"><span class='ocrx_word' id='word_1_757' title='bbox 1987 5101 2141 5144; x_wconf 86' lang='lat' dir='ltr'><strong>catus</strong></span> <span class='ocrx_word' id='word_1_758' title='bbox 2171 5096 2253 5140; x_wconf 91' lang='lat' dir='ltr'><strong>est</strong></span> <span class='ocrx_word' id='word_1_759' title='bbox 2289 5083 2515 5152; x_wconf 86' lang='lat' dir='ltr'><strong>Spiritu.</strong></span> <span class='ocrx_word' id='word_1_760' title='bbox 2546 5081 2643 5133; x_wconf 89' lang='lat' dir='ltr'><strong>llic</strong></span> <span class='ocrx_word' id='word_1_761' title='bbox 2669 5078 2856 5131; x_wconf 88' lang='lat' dir='ltr'><strong>videre</strong></span> <span class='ocrx_word' id='word_1_762' title='bbox 2902 5077 3052 5139; x_wconf 86' lang='lat' dir='ltr'><strong>licet,</strong></span> <span class='ocrx_word' id='word_1_763' title='bbox 3094 5086 3352 5143; x_wconf 85' lang='lat' dir='ltr'><strong>quantum</strong></span> <span class='ocrx_word' id='word_1_764' title='bbox 3382 5089 3564 5128; x_wconf 86' lang='lat' dir='ltr'><strong>secum</strong></span> 
     </span>
    </p>
   </div>
   <div class='ocr_carea' id='block_1_105' title="bbox 1989 5166 3564 5251">
    <p class='ocr_par' dir='ltr' id='par_1_105' title="bbox 1989 5166 3564 5251">
     <span class='ocr_line' id='line_1_105' title="bbox 1989 5166 3564 5251; baseline -0.011 -16"><span class='ocrx_word' id='word_1_765' title='bbox 1989 5184 2103 5251; x_wconf 90' lang='lat' dir='ltr'><strong>ipse</strong></span> <span class='ocrx_word' id='word_1_766' title='bbox 2167 5187 2388 5248; x_wconf 82' lang='lat' dir='ltr'><strong>pugnet,</strong></span> <span class='ocrx_word' id='word_1_767' title='bbox 2423 5190 2544 5228; x_wconf 90' lang='lat' dir='ltr'><strong>cum</strong></span> <span class='ocrx_word' id='word_1_768' title='bbox 2580 5173 2631 5225; x_wconf 90' lang='lat' dir='ltr'><strong>in</strong></span> <span class='ocrx_word' id='word_1_769' title='bbox 2669 5168 3141 5223; x_wconf 77' lang='lat' dir='ltr'><strong>anatliematismis</strong></span> <span class='ocrx_word' id='word_1_770' title='bbox 3197 5167 3426 5235; x_wconf 87' lang='lat' dir='ltr'><strong>negarit,</strong></span> <span class='ocrx_word' id='word_1_771' title='bbox 3465 5166 3564 5219; x_wconf 81' lang='lat' dir='ltr'><strong>Do-</strong></span> 
     </span>
    </p>
   </div>
   <div class='ocr_carea' id='block_1_106' title="bbox 1990 5260 3562 5337">
    <p class='ocr_par' dir='ltr' id='par_1_106' title="bbox 1990 5260 3562 5337">
     <span class='ocr_line' id='line_1_106' title="bbox 1990 5260 3562 5337; baseline -0.008 -11"><span class='ocrx_word' id='word_1_772' title='bbox 1990 5276 2193 5327; x_wconf 88' lang='lat' dir='ltr'><strong>miuum</strong></span> <span class='ocrx_word' id='word_1_773' title='bbox 2248 5271 2299 5323; x_wconf 90' lang='lat' dir='ltr'><strong>in</strong></span> <span class='ocrx_word' id='word_1_774' title='bbox 2341 5268 2545 5337; x_wconf 88' lang='lat' dir='ltr'><strong>Spirittt</strong></span> <span class='ocrx_word' id='word_1_775' title='bbox 2601 5266 2876 5317; x_wconf 77' lang='lat' dir='ltr'><strong>tlzcmones</strong></span> <span class='ocrx_word' id='word_1_776' title='bbox 2927 5261 3144 5327; x_wconf 85' lang='lat' dir='ltr'><strong>ejicere,</strong></span> <span class='ocrx_word' id='word_1_777' title='bbox 3192 5269 3243 5314; x_wconf 88' lang='lat' dir='ltr'><strong>el</strong></span> <span class='ocrx_word' id='word_1_778' title='bbox 3277 5260 3376 5312; x_wconf 83' lang='lat' dir='ltr'><strong>alia</strong></span> <span class='ocrx_word' id='word_1_779' title='bbox 3413 5263 3562 5330; x_wconf 82' lang='lat' dir='ltr'><strong>signa</strong></span> 
     </span>
    </p>
   </div>
   <div class='ocr_carea' id='block_1_107' title="bbox 1988 5350 3564 5427">
    <p class='ocr_par' dir='ltr' id='par_1_107' title="bbox 1988 5350 3564 5427">
     <span class='ocr_line' id='line_1_107' title="bbox 1988 5350 3564 5427; baseline -0.008 -9"><span class='ocrx_word' id='word_1_780' title='bbox 1988 5364 2189 5425; x_wconf 74' lang='lat' dir='ltr'><strong>facere,</strong></span> <span class='ocrx_word' id='word_1_781' title='bbox 2232 5374 2287 5416; x_wconf 88' lang='lat' dir='ltr'><strong>et</strong></span> <span class='ocrx_word' id='word_1_782' title='bbox 2350 5361 2605 5427; x_wconf 85' lang='lat' dir='ltr'><strong>scriptam</strong></span> <span class='ocrx_word' id='word_1_783' title='bbox 2662 5357 2716 5408; x_wconf 92' lang='lat' dir='ltr'><strong>in</strong></span> <span class='ocrx_word' id='word_1_784' title='bbox 2761 5353 3067 5423; x_wconf 83' lang='lat' dir='ltr'><strong>Evangeliis</strong></span> <span class='ocrx_word' id='word_1_785' title='bbox 3110 5367 3296 5405; x_wconf 90' lang='lat' dir='ltr'><strong>vocem</strong></span> <span class='ocrx_word' id='word_1_786' title='bbox 3353 5350 3564 5406; x_wconf 85' lang='lat' dir='ltr'><strong>Domini</strong></span> 
     </span>
    </p>
   </div>
   <div class='ocr_carea' id='block_1_108' title="bbox 1987 5445 3567 5526">
    <p class='ocr_par' dir='ltr' id='par_1_108' title="bbox 1987 5445 3567 5526">
     <span class='ocr_line' id='line_1_108' title="bbox 1987 5445 3567 5526; baseline -0.008 -15"><span class='ocrx_word' id='word_1_787' title='bbox 1987 5455 2305 5526; x_wconf 82' lang='lat' dir='ltr'><strong>exploserit,</strong></span> <span class='ocrx_word' id='word_1_788' title='bbox 2352 5451 2616 5507; x_wconf 90' lang='lat' dir='ltr'><strong>dicentis:</strong></span> <span class='ocrx_word' id='word_1_789' title='bbox 2652 5470 2668 5500; x_wconf 78' lang='grc' dir='ltr'><strong>ι</strong></span> <span class='ocrx_word' id='word_1_790' title='bbox 2705 5449 2760 5502; x_wconf 88' lang='lat' dir='ltr'><strong>Si</strong></span> <span class='ocrx_word' id='word_1_791' title='bbox 2793 5460 2973 5501; x_wconf 85' lang='lat' dir='ltr'><strong>autem</strong></span> <span class='ocrx_word' id='word_1_792' title='bbox 3006 5447 3056 5499; x_wconf 91' lang='lat' dir='ltr'><strong>in</strong></span> <span class='ocrx_word' id='word_1_793' title='bbox 3098 5445 3303 5515; x_wconf 89' lang='lat' dir='ltr'><strong>Spiritu</strong></span> <span class='ocrx_word' id='word_1_794' title='bbox 3339 5445 3428 5499; x_wconf 82' lang='lat' dir='ltr'><strong>Dei</strong></span> <span class='ocrx_word' id='word_1_795' title='bbox 3464 5460 3567 5515; x_wconf 74' lang='lat' dir='ltr'><strong>ego</strong></span> 
     </span>
    </p>
   </div>
   <div class='ocr_carea' id='block_1_109' title="bbox 1380 5632 2577 5704">
    <p class='ocr_par' dir='ltr' id='par_1_109' title="bbox 1380 5632 2577 5704">
     <span class='ocr_line' id='line_1_109' title="bbox 1380 5632 2577 5704; baseline -0.012 -8"><span class='ocrx_word' id='word_1_796' title='bbox 1380 5641 1551 5696; x_wconf 69' lang='lat' dir='ltr'><strong>Variae</strong></span> <span class='ocrx_word' id='word_1_797' title='bbox 1583 5638 1844 5695; x_wconf 85' lang='lat' dir='ltr'><strong>lectiones</strong></span> <span class='ocrx_word' id='word_1_798' title='bbox 1883 5653 1946 5691; x_wconf 84' lang='lat' dir='ltr'><strong>cx</strong></span> <span class='ocrx_word' id='word_1_799' title='bbox 1980 5637 2165 5691; x_wconf 91' lang='lat' dir='ltr'><strong>codice</strong></span> <span class='ocrx_word' id='word_1_800' title='bbox 2200 5632 2577 5704; x_wconf 81' lang='lat' dir='ltr'><strong>Seguieriano.</strong></span> 
     </span>
    </p>
   </div>
   <div class='ocr_carea' id='block_1_110' title="bbox 328 5796 1671 5873">
    <p class='ocr_par' dir='ltr' id='par_1_110' title="bbox 328 5796 1671 5873">
     <span class='ocr_line' id='line_1_110' title="bbox 328 5796 1671 5873; baseline -0.004 -18"><span class='ocrx_word' id='word_1_801' title='bbox 328 5815 339 5839; x_wconf 73' lang='grc' dir='ltr'><strong>ι</strong></span> <span class='ocrx_word' id='word_1_802' title='bbox 372 5800 457 5855; x_wconf 81' lang='grc' dir='ltr'><strong>Ζσ.</strong></span> <span class='ocrx_word' id='word_1_803' title='bbox 492 5801 642 5873; x_wconf 81' lang='grc' dir='ltr'><strong>παρά</strong></span> <span class='ocrx_word' id='word_1_804' title='bbox 665 5819 777 5854; x_wconf 84' lang='grc' dir='ltr'><strong>του.</strong></span> <span class='ocrx_word' id='word_1_805' title='bbox 857 5808 883 5848; x_wconf 74' lang='lat'><strong>3&#39;</strong></span> <span class='ocrx_word' id='word_1_806' title='bbox 915 5799 1177 5868; x_wconf 70' lang='grc' dir='ltr'><strong>σοφίζετε.</strong></span> <span class='ocrx_word' id='word_1_807' title='bbox 1279 5808 1300 5835; x_wconf 75' lang='grc' dir='ltr'><em>ι</em></span> <span class='ocrx_word' id='word_1_808' title='bbox 1338 5814 1531 5868; x_wconf 87' lang='grc' dir='ltr'><strong>προσκ.</strong></span> <span class='ocrx_word' id='word_1_809' title='bbox 1578 5796 1671 5850; x_wconf 80' lang='grc' dir='ltr'><strong>καί</strong></span> 
     </span>
    </p>
   </div>
   <div class='ocr_carea' id='block_1_111' title="bbox 1770 5792 2159 5860">
    <p class='ocr_par' dir='ltr' id='par_1_111' title="bbox 1770 5792 2159 5860">
     <span class='ocr_line' id='line_1_111' title="bbox 1770 5792 2159 5860; baseline 0 -13"><span class='ocrx_word' id='word_1_810' title='bbox 1770 5808 1794 5836; x_wconf 70' lang='grc' dir='ltr'>α</span> <span class='ocrx_word' id='word_1_811' title='bbox 1830 5792 2159 5860; x_wconf 79' lang='grc' dir='ltr'><strong>δεδοξάσθαι.</strong></span> 
     </span>
    </p>
   </div>
   <div class='ocr_carea' id='block_1_112' title="bbox 2239 5780 3559 5843">
    <p class='ocr_par' dir='ltr' id='par_1_112' title="bbox 2239 5780 3559 5843">
     <span class='ocr_line' id='line_1_112' title="bbox 2239 5780 3559 5843; baseline -0.005 -2"><span class='ocrx_word' id='word_1_812' title='bbox 2239 5790 2267 5829; x_wconf 76' lang='lat' dir='ltr'><strong>b</strong></span> <span class='ocrx_word' id='word_1_813' title='bbox 2298 5788 2365 5841; x_wconf 80' lang='grc' dir='ltr'><strong>δι’</strong></span> <span class='ocrx_word' id='word_1_814' title='bbox 2399 5787 2583 5843; x_wconf 75' lang='grc' dir='ltr'><strong>αὑτοῦ.</strong></span> <span class='ocrx_word' id='word_1_815' title='bbox 2663 5798 2684 5825; x_wconf 73' lang='grc' dir='ltr'><strong>ε</strong></span> <span class='ocrx_word' id='word_1_816' title='bbox 2720 5787 2803 5840; x_wconf 77' lang='grc' dir='ltr'><strong>Ῐσ.</strong></span> <span class='ocrx_word' id='word_1_817' title='bbox 2836 5802 2965 5841; x_wconf 86' lang='grc' dir='ltr'><strong>των.</strong></span> <span class='ocrx_word' id='word_1_818' title='bbox 3008 5782 3033 5822; x_wconf 71' lang='grc' dir='ltr'><em>δ</em></span> <span class='ocrx_word' id='word_1_819' title='bbox 3066 5783 3227 5839; x_wconf 76' lang='grc' dir='ltr'><strong>αὐτὸν</strong></span> <span class='ocrx_word' id='word_1_820' title='bbox 3266 5780 3559 5836; x_wconf 84' lang='grc' dir='ltr'><strong>τεθνεῶτα.</strong></span> 
     </span>
    </p>
   </div>
  </div>
