  <div class='ocr_page' id='page_1' title='image "/cluster/home/n/w/nwhite01/storage/ocr_20150623/76/nnc1.0046980067/183.png"; bbox 0 0 4104 6336; ppageno 0'>
   <div class='ocr_carea' id='block_1_1' title="bbox 512 347 3757 419">
    <p class='ocr_par' dir='ltr' id='par_1_1' title="bbox 512 347 3757 419">
     <span class='ocr_line' id='line_1_1' title="bbox 512 347 3757 419; baseline -0.005 0"><span class='ocrx_word' id='word_1_1' title='bbox 512 359 619 419; x_wconf 75' lang='lat'><strong>355</strong></span> <span class='ocrx_word' id='word_1_2' title='bbox 1537 355 1595 412; x_wconf 93' lang='lat' dir='ltr'><strong>S.</strong></span> <span class='ocrx_word' id='word_1_3' title='bbox 1634 354 1906 412; x_wconf 72' lang='lat' dir='ltr'><strong>CYRlLIJ</strong></span> <span class='ocrx_word' id='word_1_4' title='bbox 1947 349 2417 410; x_wconf 76' lang='lat' dir='ltr'><strong>ALEXANDRINI</strong></span> <span class='ocrx_word' id='word_1_5' title='bbox 2456 347 2775 406; x_wconf 81' lang='lat' dir='ltr'><strong>ARCHIEP.</strong></span> <span class='ocrx_word' id='word_1_6' title='bbox 3651 347 3757 403; x_wconf 74' lang='lat'><strong>556</strong></span> 
     </span>
    </p>
   </div>
   <div class='ocr_carea' id='block_1_2' title="bbox 513 462 2098 547">
    <p class='ocr_par' dir='ltr' id='par_1_2' title="bbox 513 472 2083 547">
     <span class='ocr_line' id='line_1_2' title="bbox 513 472 2083 547; baseline -0.006 -12"><span class='ocrx_word' id='word_1_7' title='bbox 513 479 678 547; x_wconf 80' lang='lat' dir='ltr'><strong>eiicio</strong></span> <span class='ocrx_word' id='word_1_8' title='bbox 741 473 1006 529; x_wconf 75' lang='lat' dir='ltr'><strong>daemonia</strong></span> <span class='ocrx_word' id='word_1_9' title='bbox 1031 473 1099 528; x_wconf 78' lang='lat'><strong>&quot;.</strong></span> <span class='ocrx_word' id='word_1_10' title='bbox 1148 490 1166 525; x_wconf 71' lang='grc' dir='ltr'><strong>ι</strong></span> <span class='ocrx_word' id='word_1_11' title='bbox 1218 472 1288 527; x_wconf 84' lang='lat' dir='ltr'><strong>At</strong></span> <span class='ocrx_word' id='word_1_12' title='bbox 1340 487 1437 528; x_wconf 83' lang='lat' dir='ltr'><strong>nos</strong></span> <span class='ocrx_word' id='word_1_13' title='bbox 1488 472 1775 529; x_wconf 89' lang='lat' dir='ltr'><strong>Dominum</strong></span> <span class='ocrx_word' id='word_1_14' title='bbox 1839 482 2083 529; x_wconf 90' lang='lat' dir='ltr'><strong>nostrum</strong></span> 
     </span>
    </p>
   </div>
   <div class='ocr_carea' id='block_1_3' title="bbox 2199 462 3760 547">
    <p class='ocr_par' dir='ltr' id='par_1_3' title="bbox 2199 462 3760 543">
     <span class='ocr_line' id='line_1_3' title="bbox 2199 462 3760 543; baseline -0.003 -18"><span class='ocrx_word' id='word_1_15' title='bbox 2199 471 2284 543; x_wconf 67' lang='grc' dir='ltr'><strong>γὴν</strong></span> <span class='ocrx_word' id='word_1_16' title='bbox 2311 468 2651 531; x_wconf 83' lang='grc' dir='ltr'>άθετοῦντος.</span> <span class='ocrx_word' id='word_1_17' title='bbox 2681 464 2932 529; x_wconf 81' lang='grc' dir='ltr'>εἰπόντος</span> <span class='ocrx_word' id='word_1_18' title='bbox 2952 478 2966 493; x_wconf 87' lang='grc'><strong>·</strong></span> <span class='ocrx_word' id='word_1_19' title='bbox 3003 480 3022 516; x_wconf 80' lang='lat' dir='ltr'><strong>t</strong></span> <span class='ocrx_word' id='word_1_20' title='bbox 3051 464 3115 518; x_wconf 82' lang='lat' dir='ltr'><strong>El</strong></span> <span class='ocrx_word' id='word_1_21' title='bbox 3147 462 3204 518; x_wconf 83' lang='grc' dir='ltr'>δὲ</span> <span class='ocrx_word' id='word_1_22' title='bbox 3232 464 3289 518; x_wconf 87' lang='grc' dir='ltr'><strong>ἐν</strong></span> <span class='ocrx_word' id='word_1_23' title='bbox 3321 462 3596 536; x_wconf 86' lang='grc' dir='ltr'>Πνεὺματι</span> <span class='ocrx_word' id='word_1_24' title='bbox 3624 466 3760 521; x_wconf 75' lang='grc' dir='ltr'>θεοῦ</span> 
     </span>
    </p>
   </div>
   <div class='ocr_carea' id='block_1_4' title="bbox 516 558 2098 634">
    <p class='ocr_par' dir='ltr' id='par_1_4' title="bbox 516 563 2088 634">
     <span class='ocr_line' id='line_1_4' title="bbox 516 563 2088 634; baseline -0.005 -9"><span class='ocrx_word' id='word_1_25' title='bbox 516 569 701 625; x_wconf 75' lang='lat' dir='ltr'><strong>Jesum</strong></span> <span class='ocrx_word' id='word_1_26' title='bbox 736 565 1014 621; x_wconf 78' lang='lat' dir='ltr'><strong>Christum</strong></span> <span class='ocrx_word' id='word_1_27' title='bbox 1053 572 1109 619; x_wconf 93' lang='lat' dir='ltr'><strong>et</strong></span> <span class='ocrx_word' id='word_1_28' title='bbox 1156 578 1252 618; x_wconf 88' lang='lat' dir='ltr'><strong>sua</strong></span> <span class='ocrx_word' id='word_1_29' title='bbox 1303 563 1505 618; x_wconf 86' lang='lat' dir='ltr'><strong>virtute</strong></span> <span class='ocrx_word' id='word_1_30' title='bbox 1550 574 1605 617; x_wconf 92' lang='lat' dir='ltr'><strong>et</strong></span> <span class='ocrx_word' id='word_1_31' title='bbox 1632 563 1869 633; x_wconf 80' lang='lat' dir='ltr'><strong>Spiritus</strong></span> <span class='ocrx_word' id='word_1_32' title='bbox 1896 577 2088 634; x_wconf 88' lang='lat' dir='ltr'><strong>opera-</strong></span> 
     </span>
    </p>
   </div>
   <div class='ocr_carea' id='block_1_5' title="bbox 2199 558 3765 634">
    <p class='ocr_par' dir='ltr' id='par_1_5' title="bbox 2199 558 3765 633">
     <span class='ocr_line' id='line_1_5' title="bbox 2199 558 3765 633; baseline -0.001 -16"><span class='ocrx_word' id='word_1_33' title='bbox 2199 562 2304 633; x_wconf 82' lang='grc' dir='ltr'>ἐγὼ</span> <span class='ocrx_word' id='word_1_34' title='bbox 2346 561 2591 616; x_wconf 75' lang='grc' dir='ltr'>ἐκϐάλλω</span> <span class='ocrx_word' id='word_1_35' title='bbox 2621 560 2688 615; x_wconf 86' lang='grc' dir='ltr'><strong>τά</strong></span> <span class='ocrx_word' id='word_1_36' title='bbox 2725 558 2997 631; x_wconf 86' lang='grc' dir='ltr'>δαιμόνια.</span> <span class='ocrx_word' id='word_1_37' title='bbox 3024 577 3043 611; x_wconf 72' lang='grc' dir='ltr'><strong>ι</strong></span> <span class='ocrx_word' id='word_1_38' title='bbox 3083 558 3223 612; x_wconf 84' lang='grc' dir='ltr'>Ἀλλ’</span> <span class='ocrx_word' id='word_1_39' title='bbox 3248 561 3410 631; x_wconf 77' lang='grc' dir='ltr'>ἡμεῖς</span> <span class='ocrx_word' id='word_1_40' title='bbox 3436 560 3529 613; x_wconf 81' lang='grc' dir='ltr'>τὸν</span> <span class='ocrx_word' id='word_1_41' title='bbox 3562 563 3765 631; x_wconf 80' lang='grc' dir='ltr'><strong>Κύριον</strong></span> 
     </span>
    </p>
   </div>
   <div class='ocr_carea' id='block_1_6' title="bbox 520 653 2098 730">
    <p class='ocr_par' dir='ltr' id='par_1_6' title="bbox 520 656 2087 730">
     <span class='ocr_line' id='line_1_6' title="bbox 520 656 2087 730; baseline -0.001 -16"><span class='ocrx_word' id='word_1_42' title='bbox 520 662 664 715; x_wconf 85' lang='lat' dir='ltr'><strong>tione</strong></span> <span class='ocrx_word' id='word_1_43' title='bbox 704 658 1001 730; x_wconf 81' lang='lat' dir='ltr'><strong>perfecisse</strong></span> <span class='ocrx_word' id='word_1_44' title='bbox 1053 656 1204 727; x_wconf 79' lang='lat' dir='ltr'><strong>signa</strong></span> <span class='ocrx_word' id='word_1_45' title='bbox 1234 656 1584 711; x_wconf 83' lang='lat' dir='ltr'><strong>confitemur.</strong></span> <span class='ocrx_word' id='word_1_46' title='bbox 1616 656 1736 711; x_wconf 88' lang='lat' dir='ltr'><strong>Non</strong></span> <span class='ocrx_word' id='word_1_47' title='bbox 1757 657 1899 712; x_wconf 88' lang='lat' dir='ltr'><strong>enim</strong></span> <span class='ocrx_word' id='word_1_48' title='bbox 1934 656 2087 726; x_wconf 86' lang='lat' dir='ltr'><strong>quasi</strong></span> 
     </span>
    </p>
   </div>
   <div class='ocr_carea' id='block_1_7' title="bbox 2199 653 3762 730">
    <p class='ocr_par' dir='ltr' id='par_1_7' title="bbox 2199 653 3762 730">
     <span class='ocr_line' id='line_1_7' title="bbox 2199 653 3762 730; baseline -0.002 -20"><span class='ocrx_word' id='word_1_49' title='bbox 2199 656 2350 730; x_wconf 72' lang='grc' dir='ltr'>ἡμῶν</span> <span class='ocrx_word' id='word_1_50' title='bbox 2381 655 2589 728; x_wconf 84' lang='grc' dir='ltr'><strong>Ἰησοῦν</strong></span> <span class='ocrx_word' id='word_1_51' title='bbox 2621 654 2713 708; x_wconf 80' lang='grc' dir='ltr'><strong>τδν</strong></span> <span class='ocrx_word' id='word_1_52' title='bbox 2750 654 3005 725; x_wconf 67' lang='grc' dir='ltr'>Χριστὸν,</span> <span class='ocrx_word' id='word_1_53' title='bbox 3051 653 3144 707; x_wconf 80' lang='grc' dir='ltr'>καὶ</span> <span class='ocrx_word' id='word_1_54' title='bbox 3175 655 3240 724; x_wconf 80' lang='grc' dir='ltr'><strong>τῇ</strong></span> <span class='ocrx_word' id='word_1_55' title='bbox 3286 653 3465 725; x_wconf 73' lang='grc' dir='ltr'>οἰκείᾳ</span> <span class='ocrx_word' id='word_1_56' title='bbox 3504 654 3762 725; x_wconf 84' lang='grc' dir='ltr'>δυνάμει,</span> 
     </span>
    </p>
   </div>
   <div class='ocr_carea' id='block_1_8' title="bbox 517 743 2098 819">
    <p class='ocr_par' dir='ltr' id='par_1_8' title="bbox 517 747 2093 818">
     <span class='ocr_line' id='line_1_8' title="bbox 517 747 2093 818; baseline -0.001 -13"><span class='ocrx_word' id='word_1_57' title='bbox 517 760 704 806; x_wconf 89' lang='lat' dir='ltr'><strong>careat</strong></span> <span class='ocrx_word' id='word_1_58' title='bbox 746 749 961 818; x_wconf 87' lang='lat' dir='ltr'><strong>propria</strong></span> <span class='ocrx_word' id='word_1_59' title='bbox 996 748 1218 811; x_wconf 84' lang='lat' dir='ltr'><strong>virtute,</strong></span> <span class='ocrx_word' id='word_1_60' title='bbox 1277 748 1349 801; x_wconf 89' lang='lat' dir='ltr'><strong>uti</strong></span> <span class='ocrx_word' id='word_1_61' title='bbox 1395 747 1625 803; x_wconf 89' lang='lat' dir='ltr'><strong>dicimus</strong></span> <span class='ocrx_word' id='word_1_62' title='bbox 1667 749 1866 803; x_wconf 86' lang='lat' dir='ltr'><strong>virtute</strong></span> <span class='ocrx_word' id='word_1_63' title='bbox 1917 747 2093 818; x_wconf 88' lang='lat' dir='ltr'><strong>Spiri-</strong></span> 
     </span>
    </p>
   </div>
   <div class='ocr_carea' id='block_1_9' title="bbox 2199 743 3767 819">
    <p class='ocr_par' dir='ltr' id='par_1_9' title="bbox 2199 743 3767 819">
     <span class='ocr_line' id='line_1_9' title="bbox 2199 743 3767 819; baseline -0.002 -17"><span class='ocrx_word' id='word_1_64' title='bbox 2199 749 2288 803; x_wconf 70' lang='grc' dir='ltr'><strong>και</strong></span> <span class='ocrx_word' id='word_1_65' title='bbox 2314 750 2380 819; x_wconf 79' lang='grc' dir='ltr'><strong>τῇ</strong></span> <span class='ocrx_word' id='word_1_66' title='bbox 2410 746 2504 801; x_wconf 88' lang='grc' dir='ltr'><strong>τοῦ</strong></span> <span class='ocrx_word' id='word_1_67' title='bbox 2530 745 2667 801; x_wconf 87' lang='grc' dir='ltr'><strong>Πνεὺ</strong></span> <span class='ocrx_word' id='word_1_68' title='bbox 2678 763 2844 817; x_wconf 89' lang='grc' dir='ltr'>ματος</span> <span class='ocrx_word' id='word_1_69' title='bbox 2866 744 3115 817; x_wconf 80' lang='grc' dir='ltr'><strong>ἐνεργείᾳ</strong></span> <span class='ocrx_word' id='word_1_70' title='bbox 3136 744 3447 798; x_wconf 75' lang='grc' dir='ltr'><strong>ἐπιτελέσαι</strong></span> <span class='ocrx_word' id='word_1_71' title='bbox 3469 743 3540 798; x_wconf 85' lang='grc' dir='ltr'><strong>τά</strong></span> <span class='ocrx_word' id='word_1_72' title='bbox 3565 748 3767 816; x_wconf 85' lang='grc' dir='ltr'>σημεῖα</span> 
     </span>
    </p>
   </div>
   <div class='ocr_carea' id='block_1_10' title="bbox 521 835 2098 910">
    <p class='ocr_par' dir='ltr' id='par_1_10' title="bbox 521 839 2092 908">
     <span class='ocr_line' id='line_1_10' title="bbox 521 839 2092 908; baseline -0.001 -13"><span class='ocrx_word' id='word_1_73' title='bbox 521 853 608 898; x_wconf 92' lang='lat' dir='ltr'><strong>tus</strong></span> <span class='ocrx_word' id='word_1_74' title='bbox 650 841 844 895; x_wconf 91' lang='lat' dir='ltr'><strong>sancti.</strong></span> <span class='ocrx_word' id='word_1_75' title='bbox 904 839 1018 894; x_wconf 79' lang='lat' dir='ltr'><strong>Non</strong></span> <span class='ocrx_word' id='word_1_76' title='bbox 1057 848 1234 893; x_wconf 89' lang='lat' dir='ltr'><strong>autem</strong></span> <span class='ocrx_word' id='word_1_77' title='bbox 1289 839 1550 908; x_wconf 78' lang='lat' dir='ltr'><strong>Spiritum</strong></span> <span class='ocrx_word' id='word_1_78' title='bbox 1624 849 1870 895; x_wconf 89' lang='lat' dir='ltr'><strong>sanctum</strong></span> <span class='ocrx_word' id='word_1_79' title='bbox 1930 839 2092 895; x_wconf 82' lang='lat' dir='ltr'><strong>simul</strong></span> 
     </span>
    </p>
   </div>
   <div class='ocr_carea' id='block_1_11' title="bbox 2199 835 3767 910">
    <p class='ocr_par' dir='ltr' id='par_1_11' title="bbox 2199 835 3767 910">
     <span class='ocr_line' id='line_1_11' title="bbox 2199 835 3767 910; baseline -0.002 -18"><span class='ocrx_word' id='word_1_80' title='bbox 2199 838 2565 910; x_wconf 77' lang='grc' dir='ltr'>ὁμολογοῦμεν</span> <span class='ocrx_word' id='word_1_81' title='bbox 2586 854 2601 869; x_wconf 79' lang='grc'><strong><em>⁸</em></strong></span> <span class='ocrx_word' id='word_1_82' title='bbox 2637 838 2698 891; x_wconf 91' lang='grc' dir='ltr'><strong>οὑ</strong></span> <span class='ocrx_word' id='word_1_83' title='bbox 2750 836 2859 909; x_wconf 84' lang='grc' dir='ltr'><strong>γάρ</strong></span> <span class='ocrx_word' id='word_1_84' title='bbox 2899 836 2975 900; x_wconf 85' lang='grc' dir='ltr'>ὡς</span> <span class='ocrx_word' id='word_1_85' title='bbox 3019 836 3120 890; x_wconf 89' lang='grc' dir='ltr'><strong>οὑκ</strong></span> <span class='ocrx_word' id='word_1_86' title='bbox 3152 835 3343 907; x_wconf 78' lang='grc' dir='ltr'>ἔχοντα</span> <span class='ocrx_word' id='word_1_87' title='bbox 3374 836 3472 908; x_wconf 75' lang='grc' dir='ltr'>τὴν</span> <span class='ocrx_word' id='word_1_88' title='bbox 3508 836 3644 890; x_wconf 80' lang='grc' dir='ltr'>ἰδίαν</span> <span class='ocrx_word' id='word_1_89' title='bbox 3674 837 3767 889; x_wconf 75' lang='grc' dir='ltr'><strong>δύο</strong></span> 
     </span>
    </p>
   </div>
   <div class='ocr_carea' id='block_1_12' title="bbox 520 926 2098 1003">
    <p class='ocr_par' dir='ltr' id='par_1_12' title="bbox 520 930 2093 1003">
     <span class='ocr_line' id='line_1_12' title="bbox 520 930 2093 1003; baseline 0.001 -17"><span class='ocrx_word' id='word_1_90' title='bbox 520 934 711 987; x_wconf 86' lang='lat' dir='ltr'><strong>adesse</strong></span> <span class='ocrx_word' id='word_1_91' title='bbox 745 933 949 995; x_wconf 79' lang='lat' dir='ltr'><strong>dicere,</strong></span> <span class='ocrx_word' id='word_1_92' title='bbox 990 946 1176 986; x_wconf 91' lang='lat' dir='ltr'><strong>eorum</strong></span> <span class='ocrx_word' id='word_1_93' title='bbox 1226 941 1311 985; x_wconf 83' lang='lat' dir='ltr'><strong>est</strong></span> <span class='ocrx_word' id='word_1_94' title='bbox 1350 932 1606 997; x_wconf 84' lang='lat' dir='ltr'><strong>arbitror,</strong></span> <span class='ocrx_word' id='word_1_95' title='bbox 1637 933 1729 1001; x_wconf 91' lang='lat' dir='ltr'><strong>qui</strong></span> <span class='ocrx_word' id='word_1_96' title='bbox 1779 930 2093 1003; x_wconf 89' lang='lat' dir='ltr'><strong>Scripturas</strong></span> 
     </span>
    </p>
   </div>
   <div class='ocr_carea' id='block_1_13' title="bbox 2199 926 3768 1003">
    <p class='ocr_par' dir='ltr' id='par_1_13' title="bbox 2199 926 3768 1002">
     <span class='ocr_line' id='line_1_13' title="bbox 2199 926 3768 1002; baseline -0.002 -18"><span class='ocrx_word' id='word_1_97' title='bbox 2199 928 2625 1002; x_wconf 84' lang='grc' dir='ltr'>ναμιν,χρῆσθαι</span> <span class='ocrx_word' id='word_1_98' title='bbox 2643 931 2709 1000; x_wconf 77' lang='grc' dir='ltr'>τῇ</span> <span class='ocrx_word' id='word_1_99' title='bbox 2737 927 2962 999; x_wconf 82' lang='grc' dir='ltr'><strong>δυνάμει</strong></span> <span class='ocrx_word' id='word_1_100' title='bbox 2985 926 3079 980; x_wconf 86' lang='grc' dir='ltr'><strong>τοῦ</strong></span> <span class='ocrx_word' id='word_1_101' title='bbox 3115 927 3292 996; x_wconf 86' lang='grc' dir='ltr'>ἁγίου,</span> <span class='ocrx_word' id='word_1_102' title='bbox 3311 926 3655 997; x_wconf 84' lang='grc' dir='ltr'>Πνεὺματος·</span> <span class='ocrx_word' id='word_1_103' title='bbox 3692 928 3768 999; x_wconf 83' lang='grc' dir='ltr'>μὴ</span> 
     </span>
    </p>
   </div>
   <div class='ocr_carea' id='block_1_14' title="bbox 524 1021 2145 1103">
    <p class='ocr_par' dir='ltr' id='par_1_14' title="bbox 524 1021 2145 1103">
     <span class='ocr_line' id='line_1_14' title="bbox 524 1021 2145 1103; baseline 0 -25"><span class='ocrx_word' id='word_1_104' title='bbox 524 1034 742 1078; x_wconf 81' lang='lat' dir='ltr'><strong>sanctas</strong></span> <span class='ocrx_word' id='word_1_105' title='bbox 795 1030 1013 1093; x_wconf 76' lang='lat' dir='ltr'><strong>negant.</strong></span> <span class='ocrx_word' id='word_1_106' title='bbox 1072 1021 1206 1076; x_wconf 85' lang='lat' dir='ltr'><strong>Nam</strong></span> <span class='ocrx_word' id='word_1_107' title='bbox 1261 1023 1507 1092; x_wconf 82' lang='lat' dir='ltr'><strong>quamvis</strong></span> <span class='ocrx_word' id='word_1_108' title='bbox 1564 1023 1760 1078; x_wconf 87' lang='lat' dir='ltr'><strong>alicubi</strong></span> <span class='ocrx_word' id='word_1_109' title='bbox 1810 1024 2095 1094; x_wconf 81' lang='lat' dir='ltr'><strong>Scriptura</strong></span> <span class='ocrx_word' id='word_1_110' title='bbox 2141 1098 2145 1103; x_wconf 26' lang='lat'><strong><em>.</em></strong></span> 
     </span>
    </p>
   </div>
   <div class='ocr_carea' id='block_1_15' title="bbox 519 1115 2092 1187">
    <p class='ocr_par' dir='ltr' id='par_1_15' title="bbox 519 1115 2092 1187">
     <span class='ocr_line' id='line_1_15' title="bbox 519 1115 2092 1187; baseline -0.001 -17"><span class='ocrx_word' id='word_1_111' title='bbox 519 1118 687 1181; x_wconf 84' lang='lat' dir='ltr'><strong>dicat,</strong></span> <span class='ocrx_word' id='word_1_112' title='bbox 730 1115 945 1171; x_wconf 84' lang='lat' dir='ltr'><strong>Patrem</strong></span> <span class='ocrx_word' id='word_1_113' title='bbox 985 1116 1248 1187; x_wconf 86' lang='lat' dir='ltr'><strong>perlicere</strong></span> <span class='ocrx_word' id='word_1_114' title='bbox 1293 1131 1454 1185; x_wconf 87' lang='lat' dir='ltr'><strong>opera</strong></span> <span class='ocrx_word' id='word_1_115' title='bbox 1502 1116 1910 1182; x_wconf 91' lang='lat' dir='ltr'><strong>miraculorum,</strong></span> <span class='ocrx_word' id='word_1_116' title='bbox 1968 1116 2092 1171; x_wconf 92' lang='lat' dir='ltr'><strong>dum</strong></span> 
     </span>
    </p>
   </div>
   <div class='ocr_carea' id='block_1_16' title="bbox 520 1206 2092 1279">
    <p class='ocr_par' dir='ltr' id='par_1_16' title="bbox 520 1206 2092 1279">
     <span class='ocr_line' id='line_1_16' title="bbox 520 1206 2092 1279; baseline -0.001 -17"><span class='ocrx_word' id='word_1_117' title='bbox 520 1209 652 1263; x_wconf 85' lang='lat' dir='ltr'><strong>dicit</strong></span> <span class='ocrx_word' id='word_1_118' title='bbox 685 1225 698 1263; x_wconf 93' lang='lat'><strong>:</strong></span> <span class='ocrx_word' id='word_1_119' title='bbox 737 1226 755 1259; x_wconf 87' lang='lat' dir='ltr'><strong>t</strong></span> <span class='ocrx_word' id='word_1_120' title='bbox 786 1206 948 1260; x_wconf 86' lang='lat' dir='ltr'><strong>Pater</strong></span> <span class='ocrx_word' id='word_1_121' title='bbox 986 1207 1078 1277; x_wconf 90' lang='lat' dir='ltr'><strong>qui</strong></span> <span class='ocrx_word' id='word_1_122' title='bbox 1122 1217 1305 1262; x_wconf 87' lang='lat' dir='ltr'><strong>manet</strong></span> <span class='ocrx_word' id='word_1_123' title='bbox 1334 1209 1385 1261; x_wconf 92' lang='lat' dir='ltr'><strong>in</strong></span> <span class='ocrx_word' id='word_1_124' title='bbox 1422 1223 1527 1269; x_wconf 86' lang='lat' dir='ltr'><strong>me,</strong></span> <span class='ocrx_word' id='word_1_125' title='bbox 1561 1208 1677 1277; x_wconf 90' lang='lat' dir='ltr'><strong>ipse</strong></span> <span class='ocrx_word' id='word_1_126' title='bbox 1748 1208 1876 1262; x_wconf 80' lang='lat' dir='ltr'><strong>facit</strong></span> <span class='ocrx_word' id='word_1_127' title='bbox 1926 1222 2092 1279; x_wconf 82' lang='lat' dir='ltr'><strong>opera</strong></span> 
     </span>
    </p>
   </div>
   <div class='ocr_carea' id='block_1_17' title="bbox 520 1298 2096 1369">
    <p class='ocr_par' dir='ltr' id='par_1_17' title="bbox 520 1298 2096 1369">
     <span class='ocr_line' id='line_1_17' title="bbox 520 1298 2096 1369; baseline 0.003 -19"><span class='ocrx_word' id='word_1_128' title='bbox 520 1314 755 1369; x_wconf 69' lang='lat' dir='ltr'><strong>quaeego</strong></span> <span class='ocrx_word' id='word_1_129' title='bbox 789 1298 1029 1364; x_wconf 82' lang='lat' dir='ltr'><strong>facio&quot;;</strong></span> <span class='ocrx_word' id='word_1_130' title='bbox 1071 1319 1089 1351; x_wconf 77' lang='grc' dir='ltr'><strong>ι</strong></span> <span class='ocrx_word' id='word_1_131' title='bbox 1131 1298 1299 1354; x_wconf 88' lang='lat' dir='ltr'><strong>Filius</strong></span> <span class='ocrx_word' id='word_1_132' title='bbox 1357 1310 1534 1354; x_wconf 88' lang='lat' dir='ltr'><strong>tamen</strong></span> <span class='ocrx_word' id='word_1_133' title='bbox 1572 1301 1770 1368; x_wconf 88' lang='lat' dir='ltr'><strong>estqui</strong></span> <span class='ocrx_word' id='word_1_134' title='bbox 1806 1299 1936 1355; x_wconf 81' lang='lat' dir='ltr'><strong>facit</strong></span> <span class='ocrx_word' id='word_1_135' title='bbox 1977 1317 2096 1354; x_wconf 84' lang='lat' dir='ltr'><strong>om-</strong></span> 
     </span>
    </p>
   </div>
   <div class='ocr_carea' id='block_1_18' title="bbox 522 1388 2095 1460">
    <p class='ocr_par' dir='ltr' id='par_1_18' title="bbox 522 1388 2095 1460">
     <span class='ocr_line' id='line_1_18' title="bbox 522 1388 2095 1460; baseline 0 -15"><span class='ocrx_word' id='word_1_136' title='bbox 522 1393 610 1446; x_wconf 88' lang='lat' dir='ltr'><strong>nia</strong></span> <span class='ocrx_word' id='word_1_137' title='bbox 644 1405 809 1460; x_wconf 86' lang='lat' dir='ltr'><strong>opera</strong></span> <span class='ocrx_word' id='word_1_138' title='bbox 860 1388 1162 1444; x_wconf 77' lang='lat' dir='ltr'><strong>Patriszet</strong></span> <span class='ocrx_word' id='word_1_139' title='bbox 1212 1391 1341 1444; x_wconf 91' lang='lat' dir='ltr'><strong>licet</strong></span> <span class='ocrx_word' id='word_1_140' title='bbox 1364 1405 1527 1459; x_wconf 85' lang='lat' dir='ltr'><strong>opera</strong></span> <span class='ocrx_word' id='word_1_141' title='bbox 1576 1389 1696 1444; x_wconf 86' lang='lat' dir='ltr'><strong>Filii</strong></span> <span class='ocrx_word' id='word_1_142' title='bbox 1739 1391 1977 1459; x_wconf 87' lang='lat' dir='ltr'><strong>Spiritus</strong></span> <span class='ocrx_word' id='word_1_143' title='bbox 2011 1393 2095 1445; x_wconf 88' lang='lat' dir='ltr'><strong>di-</strong></span> 
     </span>
    </p>
   </div>
   <div class='ocr_carea' id='block_1_19' title="bbox 522 1479 2095 1548">
    <p class='ocr_par' dir='ltr' id='par_1_19' title="bbox 522 1479 2095 1548">
     <span class='ocr_line' id='line_1_19' title="bbox 522 1479 2095 1548; baseline -0.001 -14"><span class='ocrx_word' id='word_1_144' title='bbox 522 1490 678 1534; x_wconf 87' lang='lat' dir='ltr'><strong>catur</strong></span> <span class='ocrx_word' id='word_1_145' title='bbox 711 1480 905 1543; x_wconf 87' lang='lat' dir='ltr'><strong>facere,</strong></span> <span class='ocrx_word' id='word_1_146' title='bbox 939 1479 1066 1532; x_wconf 93' lang='lat' dir='ltr'><strong>dum</strong></span> <span class='ocrx_word' id='word_1_147' title='bbox 1087 1479 1263 1533; x_wconf 91' lang='lat' dir='ltr'><strong>dicit:</strong></span> <span class='ocrx_word' id='word_1_148' title='bbox 1304 1496 1322 1529; x_wconf 82' lang='lat' dir='ltr'><strong>t</strong></span> <span class='ocrx_word' id='word_1_149' title='bbox 1366 1479 1422 1530; x_wconf 85' lang='lat' dir='ltr'><strong>Si</strong></span> <span class='ocrx_word' id='word_1_150' title='bbox 1457 1487 1634 1533; x_wconf 89' lang='lat' dir='ltr'><strong>autem</strong></span> <span class='ocrx_word' id='word_1_151' title='bbox 1679 1495 1777 1548; x_wconf 77' lang='lat' dir='ltr'><strong>ego</strong></span> <span class='ocrx_word' id='word_1_152' title='bbox 1803 1480 1855 1532; x_wconf 93' lang='lat' dir='ltr'><strong>iu</strong></span> <span class='ocrx_word' id='word_1_153' title='bbox 1894 1479 2095 1547; x_wconf 83' lang='lat' dir='ltr'><strong>Spiritu</strong></span> 
     </span>
    </p>
   </div>
   <div class='ocr_carea' id='block_1_20' title="bbox 524 1568 2100 1639">
    <p class='ocr_par' dir='ltr' id='par_1_20' title="bbox 524 1568 2100 1639">
     <span class='ocr_line' id='line_1_20' title="bbox 524 1568 2100 1639; baseline 0 -16"><span class='ocrx_word' id='word_1_154' title='bbox 524 1570 617 1625; x_wconf 79' lang='lat' dir='ltr'><strong>Dei</strong></span> <span class='ocrx_word' id='word_1_155' title='bbox 655 1570 814 1637; x_wconf 89' lang='lat' dir='ltr'><strong>ejicio</strong></span> <span class='ocrx_word' id='word_1_156' title='bbox 831 1568 1093 1623; x_wconf 67' lang='lat' dir='ltr'><strong>daemonia</strong></span> <span class='ocrx_word' id='word_1_157' title='bbox 1131 1570 1181 1635; x_wconf 78' lang='grc'><strong>⁸;</strong></span> <span class='ocrx_word' id='word_1_158' title='bbox 1212 1587 1230 1619; x_wconf 83' lang='grc'><strong>›</strong></span> <span class='ocrx_word' id='word_1_159' title='bbox 1266 1569 1527 1623; x_wconf 86' lang='lat' dir='ltr'><strong>Dominus</strong></span> <span class='ocrx_word' id='word_1_160' title='bbox 1548 1579 1725 1623; x_wconf 90' lang='lat' dir='ltr'><strong>tamen</strong></span> <span class='ocrx_word' id='word_1_161' title='bbox 1754 1571 1938 1639; x_wconf 86' lang='lat' dir='ltr'><strong>estqui</strong></span> <span class='ocrx_word' id='word_1_162' title='bbox 1969 1569 2100 1624; x_wconf 83' lang='lat' dir='ltr'><strong>facit</strong></span> 
     </span>
    </p>
   </div>
   <div class='ocr_carea' id='block_1_21' title="bbox 525 1657 2094 1728">
    <p class='ocr_par' dir='ltr' id='par_1_21' title="bbox 525 1657 2094 1728">
     <span class='ocr_line' id='line_1_21' title="bbox 525 1657 2094 1728; baseline -0.002 -12"><span class='ocrx_word' id='word_1_163' title='bbox 525 1660 581 1717; x_wconf 83' lang='lat' dir='ltr'><strong>in</strong></span> <span class='ocrx_word' id='word_1_164' title='bbox 616 1659 845 1728; x_wconf 90' lang='lat' dir='ltr'><strong>Spiritu.</strong></span> <span class='ocrx_word' id='word_1_165' title='bbox 895 1657 1014 1713; x_wconf 86' lang='lat' dir='ltr'><strong>Non</strong></span> <span class='ocrx_word' id='word_1_166' title='bbox 1049 1658 1196 1713; x_wconf 89' lang='lat' dir='ltr'><strong>enim</strong></span> <span class='ocrx_word' id='word_1_167' title='bbox 1229 1658 1494 1712; x_wconf 88' lang='lat' dir='ltr'><strong>alienatus</strong></span> <span class='ocrx_word' id='word_1_168' title='bbox 1540 1668 1619 1712; x_wconf 88' lang='lat' dir='ltr'><strong>est</strong></span> <span class='ocrx_word' id='word_1_169' title='bbox 1656 1658 1820 1714; x_wconf 82' lang='lat' dir='ltr'><strong>Filius</strong></span> <span class='ocrx_word' id='word_1_170' title='bbox 1850 1676 1876 1710; x_wconf 89' lang='lat' dir='ltr'><strong>a</strong></span> <span class='ocrx_word' id='word_1_171' title='bbox 1915 1657 2094 1722; x_wconf 82' lang='lat' dir='ltr'><strong>Patre,</strong></span> 
     </span>
    </p>
   </div>
   <div class='ocr_carea' id='block_1_22' title="bbox 2198 1018 3764 1090">
    <p class='ocr_par' dir='ltr' id='par_1_22' title="bbox 2198 1018 3764 1090">
     <span class='ocr_line' id='line_1_22' title="bbox 2198 1018 3764 1090; baseline -0.001 -16"><span class='ocrx_word' id='word_1_172' title='bbox 2198 1022 2437 1074; x_wconf 86' lang='grc' dir='ltr'>συνεῖναι</span> <span class='ocrx_word' id='word_1_173' title='bbox 2466 1019 2523 1074; x_wconf 86' lang='grc' dir='ltr'>δὲ</span> <span class='ocrx_word' id='word_1_174' title='bbox 2552 1019 2612 1073; x_wconf 87' lang='lat'><strong>:6</strong></span> <span class='ocrx_word' id='word_1_175' title='bbox 2650 1018 2875 1090; x_wconf 82' lang='grc' dir='ltr'><strong>Πνεῦμα</strong></span> <span class='ocrx_word' id='word_1_176' title='bbox 2903 1018 2964 1071; x_wconf 86' lang='lat'><strong>:6</strong></span> <span class='ocrx_word' id='word_1_177' title='bbox 2998 1018 3175 1088; x_wconf 73' lang='grc' dir='ltr'>ἅγιον,</span> <span class='ocrx_word' id='word_1_178' title='bbox 3200 1018 3550 1090; x_wconf 79' lang='grc' dir='ltr'><strong>ἀρνουμένων</strong></span> <span class='ocrx_word' id='word_1_179' title='bbox 3591 1019 3764 1082; x_wconf 77' lang='grc' dir='ltr'>ἐστὶν,</span> 
     </span>
    </p>
   </div>
   <div class='ocr_carea' id='block_1_23' title="bbox 2194 1107 3770 1184">
    <p class='ocr_par' dir='ltr' id='par_1_23' title="bbox 2194 1107 3770 1184">
     <span class='ocr_line' id='line_1_23' title="bbox 2194 1107 3770 1184; baseline 0.001 -19"><span class='ocrx_word' id='word_1_180' title='bbox 2194 1112 2271 1176; x_wconf 85' lang='grc' dir='ltr'>ὡς</span> <span class='ocrx_word' id='word_1_181' title='bbox 2309 1107 2485 1184; x_wconf 75' lang='grc' dir='ltr'>οἶμαι,</span> <span class='ocrx_word' id='word_1_182' title='bbox 2512 1112 2613 1175; x_wconf 83' lang='grc' dir='ltr'>τὰς</span> <span class='ocrx_word' id='word_1_183' title='bbox 2658 1110 2812 1175; x_wconf 84' lang='grc' dir='ltr'><strong>θείας</strong></span> <span class='ocrx_word' id='word_1_184' title='bbox 2839 1111 3083 1183; x_wconf 85' lang='grc' dir='ltr'>Γραφάς.</span> <span class='ocrx_word' id='word_1_185' title='bbox 3127 1110 3246 1163; x_wconf 84' lang='grc' dir='ltr'>Κᾶν</span> <span class='ocrx_word' id='word_1_186' title='bbox 3295 1110 3404 1182; x_wconf 85' lang='grc' dir='ltr'><strong>γάρ</strong></span> <span class='ocrx_word' id='word_1_187' title='bbox 3445 1112 3609 1181; x_wconf 85' lang='grc' dir='ltr'>πουή</span> <span class='ocrx_word' id='word_1_188' title='bbox 3648 1110 3770 1166; x_wconf 87' lang='grc' dir='ltr'>θεία</span> 
     </span>
    </p>
   </div>
   <div class='ocr_carea' id='block_1_24' title="bbox 2196 1201 3770 1277">
    <p class='ocr_par' dir='ltr' id='par_1_24' title="bbox 2196 1201 3770 1277">
     <span class='ocr_line' id='line_1_24' title="bbox 2196 1201 3770 1277; baseline -0.002 -19"><span class='ocrx_word' id='word_1_189' title='bbox 2196 1204 2388 1277; x_wconf 83' lang='grc' dir='ltr'>Γραφὴ</span> <span class='ocrx_word' id='word_1_190' title='bbox 2417 1205 2571 1277; x_wconf 83' lang='grc' dir='ltr'>λέγῃ,</span> <span class='ocrx_word' id='word_1_191' title='bbox 2590 1203 2681 1257; x_wconf 85' lang='grc' dir='ltr'>τὸν</span> <span class='ocrx_word' id='word_1_192' title='bbox 2716 1203 2935 1274; x_wconf 78' lang='grc' dir='ltr'>Πατέρα</span> <span class='ocrx_word' id='word_1_193' title='bbox 2965 1201 3231 1256; x_wconf 80' lang='grc' dir='ltr'>ἐπιτελεῖν</span> <span class='ocrx_word' id='word_1_194' title='bbox 3261 1203 3329 1255; x_wconf 86' lang='grc' dir='ltr'><strong>τά</strong></span> <span class='ocrx_word' id='word_1_195' title='bbox 3345 1201 3483 1273; x_wconf 72' lang='grc' dir='ltr'>ἔργα</span> <span class='ocrx_word' id='word_1_196' title='bbox 3506 1202 3613 1257; x_wconf 86' lang='grc' dir='ltr'><strong>τῶν</strong></span> <span class='ocrx_word' id='word_1_197' title='bbox 3640 1202 3770 1256; x_wconf 88' lang='grc' dir='ltr'>θαυ-</span> 
     </span>
    </p>
   </div>
   <div class='ocr_carea' id='block_1_25' title="bbox 2201 1286 3767 1365">
    <p class='ocr_par' dir='ltr' id='par_1_25' title="bbox 2201 1286 3767 1365">
     <span class='ocr_line' id='line_1_25' title="bbox 2201 1286 3767 1365; baseline 0 -19"><span class='ocrx_word' id='word_1_198' title='bbox 2201 1293 2405 1365; x_wconf 84' lang='grc' dir='ltr'>μάτων,</span> <span class='ocrx_word' id='word_1_199' title='bbox 2441 1293 2511 1347; x_wconf 72' lang='grc' dir='ltr'><strong>δι⁹</strong></span> <span class='ocrx_word' id='word_1_200' title='bbox 2545 1286 2619 1347; x_wconf 84' lang='grc' dir='ltr'>ὧν</span> <span class='ocrx_word' id='word_1_201' title='bbox 2654 1307 2847 1362; x_wconf 81' lang='grc' dir='ltr'>φησιν’</span> <span class='ocrx_word' id='word_1_202' title='bbox 2887 1312 2904 1343; x_wconf 84' lang='lat' dir='ltr'><strong>t</strong></span> <span class='ocrx_word' id='word_1_203' title='bbox 2944 1292 3003 1344; x_wconf 87' lang='lat'><strong>&#39;0</strong></span> <span class='ocrx_word' id='word_1_204' title='bbox 3038 1292 3227 1363; x_wconf 83' lang='grc' dir='ltr'>Πατὴρ</span> <span class='ocrx_word' id='word_1_205' title='bbox 3253 1294 3281 1346; x_wconf 99' lang='lat'><strong>6</strong></span> <span class='ocrx_word' id='word_1_206' title='bbox 3319 1293 3494 1362; x_wconf 87' lang='grc' dir='ltr'>μένων</span> <span class='ocrx_word' id='word_1_207' title='bbox 3524 1294 3581 1346; x_wconf 88' lang='grc' dir='ltr'><strong>ἐν</strong></span> <span class='ocrx_word' id='word_1_208' title='bbox 3621 1294 3767 1364; x_wconf 80' lang='grc' dir='ltr'>ἐμοὶ,</span> 
     </span>
    </p>
   </div>
   <div class='ocr_carea' id='block_1_26' title="bbox 2198 1382 3770 1455">
    <p class='ocr_par' dir='ltr' id='par_1_26' title="bbox 2198 1382 3770 1455">
     <span class='ocr_line' id='line_1_26' title="bbox 2198 1382 3770 1455; baseline -0.001 -16"><span class='ocrx_word' id='word_1_209' title='bbox 2198 1385 2362 1449; x_wconf 82' lang='grc' dir='ltr'>αὑτὸς</span> <span class='ocrx_word' id='word_1_210' title='bbox 2392 1386 2535 1437; x_wconf 90' lang='grc' dir='ltr'><strong>ποιεί</strong></span> <span class='ocrx_word' id='word_1_211' title='bbox 2563 1384 2632 1437; x_wconf 85' lang='grc' dir='ltr'><strong>τά</strong></span> <span class='ocrx_word' id='word_1_212' title='bbox 2656 1384 2823 1455; x_wconf 76' lang='grc' dir='ltr'>ἔργα,</span> <span class='ocrx_word' id='word_1_213' title='bbox 2855 1382 2891 1437; x_wconf 76' lang='grc' dir='ltr'>ὃ.</span> <span class='ocrx_word' id='word_1_214' title='bbox 2918 1382 3028 1451; x_wconf 83' lang='grc' dir='ltr'><strong>ἐγὼ</strong></span> <span class='ocrx_word' id='word_1_215' title='bbox 3072 1383 3211 1436; x_wconf 85' lang='grc' dir='ltr'>ποιῶ</span> <span class='ocrx_word' id='word_1_216' title='bbox 3241 1398 3255 1412; x_wconf 86' lang='grc'><strong>·</strong></span> <span class='ocrx_word' id='word_1_217' title='bbox 3287 1401 3307 1434; x_wconf 76' lang='grc' dir='ltr'><strong>ι</strong></span> <span class='ocrx_word' id='word_1_218' title='bbox 3342 1386 3371 1437; x_wconf 91' lang='lat'><strong>6</strong></span> <span class='ocrx_word' id='word_1_219' title='bbox 3400 1383 3526 1445; x_wconf 84' lang='grc' dir='ltr'>Υἱός</span> <span class='ocrx_word' id='word_1_220' title='bbox 3558 1386 3704 1436; x_wconf 88' lang='grc' dir='ltr'>ἐστιν</span> <span class='ocrx_word' id='word_1_221' title='bbox 3740 1386 3770 1437; x_wconf 81' lang='lat'><strong>6</strong></span> 
     </span>
    </p>
   </div>
   <div class='ocr_carea' id='block_1_27' title="bbox 2199 1475 3771 1547">
    <p class='ocr_par' dir='ltr' id='par_1_27' title="bbox 2199 1475 3771 1547">
     <span class='ocr_line' id='line_1_27' title="bbox 2199 1475 3771 1547; baseline 0 -17"><span class='ocrx_word' id='word_1_222' title='bbox 2199 1477 2369 1531; x_wconf 83' lang='grc' dir='ltr'>ποιῶν</span> <span class='ocrx_word' id='word_1_223' title='bbox 2412 1479 2587 1531; x_wconf 88' lang='grc' dir='ltr'>πάντα</span> <span class='ocrx_word' id='word_1_224' title='bbox 2617 1477 2684 1530; x_wconf 86' lang='grc' dir='ltr'><strong>τά</strong></span> <span class='ocrx_word' id='word_1_225' title='bbox 2717 1475 2852 1546; x_wconf 80' lang='grc' dir='ltr'>ἔργα</span> <span class='ocrx_word' id='word_1_226' title='bbox 2886 1476 2980 1529; x_wconf 89' lang='grc' dir='ltr'><strong>τοῦ</strong></span> <span class='ocrx_word' id='word_1_227' title='bbox 3015 1477 3256 1547; x_wconf 81' lang='grc' dir='ltr'>Πατρός’</span> <span class='ocrx_word' id='word_1_228' title='bbox 3285 1476 3390 1530; x_wconf 82' lang='grc' dir='ltr'>κᾶν</span> <span class='ocrx_word' id='word_1_229' title='bbox 3421 1479 3490 1531; x_wconf 85' lang='grc' dir='ltr'><strong>τά</strong></span> <span class='ocrx_word' id='word_1_230' title='bbox 3516 1476 3611 1530; x_wconf 88' lang='grc' dir='ltr'><strong>τοῦ</strong></span> <span class='ocrx_word' id='word_1_231' title='bbox 3641 1476 3771 1531; x_wconf 86' lang='grc' dir='ltr'>Υἱοῦ</span> 
     </span>
    </p>
   </div>
   <div class='ocr_carea' id='block_1_28' title="bbox 2198 1562 3770 1640">
    <p class='ocr_par' dir='ltr' id='par_1_28' title="bbox 2198 1562 3770 1640">
     <span class='ocr_line' id='line_1_28' title="bbox 2198 1562 3770 1640; baseline -0.002 -17"><span class='ocrx_word' id='word_1_232' title='bbox 2198 1568 2260 1623; x_wconf 84' lang='lat'><strong>:6</strong></span> <span class='ocrx_word' id='word_1_233' title='bbox 2289 1568 2509 1640; x_wconf 83' lang='grc' dir='ltr'>Πνεῦμα</span> <span class='ocrx_word' id='word_1_234' title='bbox 2538 1568 2670 1640; x_wconf 78' lang='grc' dir='ltr'>λέγῃ</span> <span class='ocrx_word' id='word_1_235' title='bbox 2707 1570 2900 1633; x_wconf 87' lang='grc' dir='ltr'>ποιεῖν,</span> <span class='ocrx_word' id='word_1_236' title='bbox 2930 1568 2998 1621; x_wconf 80' lang='grc' dir='ltr'>δι’</span> <span class='ocrx_word' id='word_1_237' title='bbox 3025 1562 3099 1622; x_wconf 86' lang='grc' dir='ltr'>ὧν</span> <span class='ocrx_word' id='word_1_238' title='bbox 3137 1584 3299 1638; x_wconf 84' lang='grc' dir='ltr'>φησιν</span> <span class='ocrx_word' id='word_1_239' title='bbox 3324 1585 3340 1599; x_wconf 90' lang='grc'><strong>·</strong></span> <span class='ocrx_word' id='word_1_240' title='bbox 3367 1587 3385 1616; x_wconf 78' lang='grc' dir='ltr'>σ</span> <span class='ocrx_word' id='word_1_241' title='bbox 3418 1567 3480 1621; x_wconf 80' lang='lat' dir='ltr'><strong>El</strong></span> <span class='ocrx_word' id='word_1_242' title='bbox 3511 1569 3567 1621; x_wconf 83' lang='grc' dir='ltr'>δὲ</span> <span class='ocrx_word' id='word_1_243' title='bbox 3589 1568 3697 1638; x_wconf 87' lang='grc' dir='ltr'><strong>ἐγὼ</strong></span> <span class='ocrx_word' id='word_1_244' title='bbox 3713 1572 3770 1621; x_wconf 83' lang='grc' dir='ltr'><strong>ἐν</strong></span> 
     </span>
    </p>
   </div>
   <div class='ocr_carea' id='block_1_29' title="bbox 2199 1659 3774 1732">
    <p class='ocr_par' dir='ltr' id='par_1_29' title="bbox 2199 1659 3774 1732">
     <span class='ocr_line' id='line_1_29' title="bbox 2199 1659 3774 1732; baseline -0.001 -18"><span class='ocrx_word' id='word_1_245' title='bbox 2199 1661 2477 1731; x_wconf 86' lang='grc' dir='ltr'>Πνεύματι</span> <span class='ocrx_word' id='word_1_246' title='bbox 2531 1660 2666 1714; x_wconf 82' lang='grc' dir='ltr'>Θεοῦ</span> <span class='ocrx_word' id='word_1_247' title='bbox 2721 1659 2965 1713; x_wconf 80' lang='grc' dir='ltr'>ἐκόάλλω</span> <span class='ocrx_word' id='word_1_248' title='bbox 3011 1661 3080 1713; x_wconf 86' lang='grc' dir='ltr'><strong>τά</strong></span> <span class='ocrx_word' id='word_1_249' title='bbox 3131 1659 3415 1730; x_wconf 82' lang='grc' dir='ltr'>δαιμόνια’</span> <span class='ocrx_word' id='word_1_250' title='bbox 3447 1679 3467 1710; x_wconf 71' lang='grc' dir='ltr'><strong>ι</strong></span> <span class='ocrx_word' id='word_1_251' title='bbox 3501 1663 3529 1714; x_wconf 93' lang='lat'><strong>6</strong></span> <span class='ocrx_word' id='word_1_252' title='bbox 3573 1660 3774 1732; x_wconf 80' lang='grc' dir='ltr'>Κύριός</span> 
     </span>
    </p>
   </div>
   <div class='ocr_carea' id='block_1_30' title="bbox 528 1749 2098 1825">
    <p class='ocr_par' dir='ltr' id='par_1_30' title="bbox 528 1749 2095 1819">
     <span class='ocr_line' id='line_1_30' title="bbox 528 1749 2095 1819; baseline 0 -16"><span class='ocrx_word' id='word_1_253' title='bbox 528 1751 611 1804; x_wconf 90' lang='lat' dir='ltr'><strong>vel</strong></span> <span class='ocrx_word' id='word_1_254' title='bbox 649 1749 1099 1819; x_wconf 83' lang='lat' dir='ltr'><strong>Spiritu;neque</strong></span> <span class='ocrx_word' id='word_1_255' title='bbox 1131 1759 1381 1818; x_wconf 86' lang='lat' dir='ltr'><strong>separata</strong></span> <span class='ocrx_word' id='word_1_256' title='bbox 1434 1758 1488 1804; x_wconf 89' lang='lat' dir='ltr'><strong>et</strong></span> <span class='ocrx_word' id='word_1_257' title='bbox 1544 1752 1770 1804; x_wconf 86' lang='lat' dir='ltr'><strong>seorsim</strong></span> <span class='ocrx_word' id='word_1_258' title='bbox 1829 1750 2095 1819; x_wconf 80' lang='lat' dir='ltr'><strong>disjuncta</strong></span> 
     </span>
    </p>
   </div>
   <div class='ocr_carea' id='block_1_31' title="bbox 2199 1749 3773 1825">
    <p class='ocr_par' dir='ltr' id='par_1_31' title="bbox 2203 1752 3773 1825">
     <span class='ocr_line' id='line_1_31' title="bbox 2203 1752 3773 1825; baseline 0 -19"><span class='ocrx_word' id='word_1_259' title='bbox 2203 1756 2349 1807; x_wconf 85' lang='grc' dir='ltr'>ἐστιν</span> <span class='ocrx_word' id='word_1_260' title='bbox 2376 1756 2404 1807; x_wconf 92' lang='lat'><strong>6</strong></span> <span class='ocrx_word' id='word_1_261' title='bbox 2433 1753 2598 1806; x_wconf 80' lang='grc' dir='ltr'>ποιῶν</span> <span class='ocrx_word' id='word_1_262' title='bbox 2649 1755 2706 1809; x_wconf 84' lang='grc' dir='ltr'><strong>ἐν</strong></span> <span class='ocrx_word' id='word_1_263' title='bbox 2745 1753 3039 1822; x_wconf 86' lang='grc' dir='ltr'>Πνεὺματι.</span> <span class='ocrx_word' id='word_1_264' title='bbox 3086 1753 3220 1805; x_wconf 81' lang='grc' dir='ltr'><strong>Οὐδὲ</strong></span> <span class='ocrx_word' id='word_1_265' title='bbox 3278 1752 3387 1824; x_wconf 79' lang='grc' dir='ltr'>γὰρ</span> <span class='ocrx_word' id='word_1_266' title='bbox 3418 1753 3773 1825; x_wconf 78' lang='grc' dir='ltr'><strong>ἠλλοτρίωται</strong></span> 
     </span>
    </p>
   </div>
   <div class='ocr_carea' id='block_1_32' title="bbox 525 1818 2098 1916">
    <p class='ocr_par' dir='ltr' id='par_1_32' title="bbox 525 1818 2098 1915">
     <span class='ocr_line' id='line_1_32' title="bbox 525 1818 2098 1915; baseline 0 -15"><span class='ocrx_word' id='word_1_267' title='bbox 525 1854 652 1901; x_wconf 89' lang='lat' dir='ltr'><strong>sunt</strong></span> <span class='ocrx_word' id='word_1_268' title='bbox 689 1846 973 1900; x_wconf 87' lang='lat' dir='ltr'><strong>Trinitatis</strong></span> <span class='ocrx_word' id='word_1_269' title='bbox 1015 1860 1180 1914; x_wconf 88' lang='lat' dir='ltr'><strong>opera</strong></span> <span class='ocrx_word' id='word_1_270' title='bbox 1212 1863 1226 1899; x_wconf 93' lang='lat'><strong>:</strong></span> <span class='ocrx_word' id='word_1_271' title='bbox 1259 1846 1353 1900; x_wconf 88' lang='lat' dir='ltr'><strong>sed</strong></span> <span class='ocrx_word' id='word_1_272' title='bbox 1416 1847 1632 1915; x_wconf 85' lang='lat' dir='ltr'><strong>propria</strong></span> <span class='ocrx_word' id='word_1_273' title='bbox 1693 1818 1978 1899; x_wconf 83' lang='lat' dir='ltr'><strong>Trinitatis</strong></span> <span class='ocrx_word' id='word_1_274' title='bbox 2020 1858 2098 1900; x_wconf 88' lang='lat' dir='ltr'><strong>est</strong></span> 
     </span>
    </p>
   </div>
   <div class='ocr_carea' id='block_1_33' title="bbox 2199 1818 3772 1916">
    <p class='ocr_par' dir='ltr' id='par_1_33' title="bbox 2202 1818 3772 1916">
     <span class='ocr_line' id='line_1_33' title="bbox 2202 1818 3772 1916; baseline -0.001 -17"><span class='ocrx_word' id='word_1_275' title='bbox 2202 1848 2230 1899; x_wconf 92' lang='lat'><strong>6</strong></span> <span class='ocrx_word' id='word_1_276' title='bbox 2259 1846 2382 1909; x_wconf 75' lang='grc' dir='ltr'>Υἱὸς</span> <span class='ocrx_word' id='word_1_277' title='bbox 2406 1844 2499 1897; x_wconf 87' lang='grc' dir='ltr'><strong>τοῦ</strong></span> <span class='ocrx_word' id='word_1_278' title='bbox 2530 1846 2763 1916; x_wconf 80' lang='grc' dir='ltr'>Πατρὸς,</span> <span class='ocrx_word' id='word_1_279' title='bbox 2788 1846 2821 1916; x_wconf 84' lang='grc' dir='ltr'>ἢ</span> <span class='ocrx_word' id='word_1_280' title='bbox 2852 1818 2947 1898; x_wconf 84' lang='grc' dir='ltr'><strong>τοῦ</strong></span> <span class='ocrx_word' id='word_1_281' title='bbox 2982 1818 3329 1915; x_wconf 26' lang='grc' dir='ltr'>Πνεὺματοςνο</span> <span class='ocrx_word' id='word_1_282' title='bbox 3358 1818 3483 1898; x_wconf 75' lang='grc' dir='ltr'>οὐδὲ</span> <span class='ocrx_word' id='word_1_283' title='bbox 3540 1818 3772 1915; x_wconf 78' lang='grc' dir='ltr'>κεχωρι-</span> 
     </span>
    </p>
   </div>
   <div class='ocr_carea' id='block_1_34' title="bbox 528 1935 2098 2009">
    <p class='ocr_par' dir='ltr' id='par_1_34' title="bbox 528 1938 2098 2009">
     <span class='ocr_line' id='line_1_34' title="bbox 528 1938 2098 2009; baseline 0.001 -18"><span class='ocrx_word' id='word_1_284' title='bbox 528 1939 949 2009; x_wconf 75' lang='lat' dir='ltr'><strong>uniuscujusque</strong></span> <span class='ocrx_word' id='word_1_285' title='bbox 971 1938 1355 2000; x_wconf 66' lang='lat' dir='ltr'><strong>subsiStentiae,</strong></span> <span class='ocrx_word' id='word_1_286' title='bbox 1376 1954 1497 2008; x_wconf 72' lang='lat' dir='ltr'><strong>qua:</strong></span> <span class='ocrx_word' id='word_1_287' title='bbox 1526 1940 1577 1992; x_wconf 91' lang='lat' dir='ltr'><strong>iu</strong></span> <span class='ocrx_word' id='word_1_288' title='bbox 1601 1938 1876 2005; x_wconf 81' lang='lat' dir='ltr'><strong>Scriptura</strong></span> <span class='ocrx_word' id='word_1_289' title='bbox 1902 1940 2098 1993; x_wconf 88' lang='lat' dir='ltr'><strong>dicitur</strong></span> 
     </span>
    </p>
   </div>
   <div class='ocr_carea' id='block_1_35' title="bbox 2199 1935 3771 2009">
    <p class='ocr_par' dir='ltr' id='par_1_35' title="bbox 2205 1935 3771 2008">
     <span class='ocr_line' id='line_1_35' title="bbox 2205 1935 3771 2008; baseline -0.001 -18"><span class='ocrx_word' id='word_1_290' title='bbox 2205 1940 2399 2007; x_wconf 85' lang='grc' dir='ltr'>σμέναι</span> <span class='ocrx_word' id='word_1_291' title='bbox 2428 1937 2523 1990; x_wconf 74' lang='grc' dir='ltr'><strong>καὶ</strong></span> <span class='ocrx_word' id='word_1_292' title='bbox 2558 1936 2853 2001; x_wconf 77' lang='grc' dir='ltr'>ίδιάζουσαί</span> <span class='ocrx_word' id='word_1_293' title='bbox 2875 1954 2976 1989; x_wconf 86' lang='grc' dir='ltr'><strong>που</strong></span> <span class='ocrx_word' id='word_1_294' title='bbox 3004 1938 3060 1989; x_wconf 79' lang='grc' dir='ltr'>αἱ</span> <span class='ocrx_word' id='word_1_295' title='bbox 3084 1937 3184 2007; x_wconf 83' lang='grc' dir='ltr'>τῆς</span> <span class='ocrx_word' id='word_1_296' title='bbox 3217 1936 3446 2006; x_wconf 87' lang='grc' dir='ltr'>Τριάδος</span> <span class='ocrx_word' id='word_1_297' title='bbox 3478 1935 3771 2008; x_wconf 79' lang='grc' dir='ltr'>ἐνέργειαι,</span> 
     </span>
    </p>
   </div>
   <div class='ocr_carea' id='block_1_36' title="bbox 525 2029 2098 2105">
    <p class='ocr_par' dir='ltr' id='par_1_36' title="bbox 525 2029 2098 2100">
     <span class='ocr_line' id='line_1_36' title="bbox 525 2029 2098 2100; baseline 0 -15"><span class='ocrx_word' id='word_1_298' title='bbox 525 2032 770 2099; x_wconf 81' lang='lat' dir='ltr'><strong>operatio</strong></span> <span class='ocrx_word' id='word_1_299' title='bbox 805 2047 819 2086; x_wconf 91' lang='lat'><strong>:</strong></span> <span class='ocrx_word' id='word_1_300' title='bbox 867 2030 1026 2100; x_wconf 74' lang='lat'><strong>182</strong></span> <span class='ocrx_word' id='word_1_301' title='bbox 1083 2041 1143 2084; x_wconf 92' lang='lat' dir='ltr'><strong>ut</strong></span> <span class='ocrx_word' id='word_1_302' title='bbox 1171 2029 1451 2100; x_wconf 90' lang='lat' dir='ltr'><strong>Scriptura</strong></span> <span class='ocrx_word' id='word_1_303' title='bbox 1486 2030 1617 2083; x_wconf 85' lang='lat' dir='ltr'><strong>dicit</strong></span> <span class='ocrx_word' id='word_1_304' title='bbox 1660 2032 1952 2099; x_wconf 90' lang='lat' dir='ltr'><strong>aliquando</strong></span> <span class='ocrx_word' id='word_1_305' title='bbox 1983 2048 2098 2086; x_wconf 93' lang='lat' dir='ltr'><strong>om-</strong></span> 
     </span>
    </p>
   </div>
   <div class='ocr_carea' id='block_1_37' title="bbox 2199 2029 3775 2105">
    <p class='ocr_par' dir='ltr' id='par_1_37' title="bbox 2201 2032 3775 2105">
     <span class='ocr_line' id='line_1_37' title="bbox 2201 2032 3775 2105; baseline -0.001 -18"><span class='ocrx_word' id='word_1_306' title='bbox 2201 2032 2318 2087; x_wconf 85' lang='grc' dir='ltr'>άλλ’</span> <span class='ocrx_word' id='word_1_307' title='bbox 2344 2033 2518 2086; x_wconf 88' lang='grc' dir='ltr'>οίκεία</span> <span class='ocrx_word' id='word_1_308' title='bbox 2550 2033 2648 2102; x_wconf 83' lang='grc' dir='ltr'>τῆς</span> <span class='ocrx_word' id='word_1_309' title='bbox 2677 2033 2906 2103; x_wconf 86' lang='grc' dir='ltr'>Τριάδος</span> <span class='ocrx_word' id='word_1_310' title='bbox 2933 2034 2965 2103; x_wconf 82' lang='grc' dir='ltr'>ἡ</span> <span class='ocrx_word' id='word_1_311' title='bbox 2993 2034 3230 2105; x_wconf 80' lang='grc' dir='ltr'><strong>ἑκάστης</strong></span> <span class='ocrx_word' id='word_1_312' title='bbox 3254 2033 3604 2097; x_wconf 84' lang='grc' dir='ltr'>ὑποστάσεως</span> <span class='ocrx_word' id='word_1_313' title='bbox 3628 2036 3684 2087; x_wconf 86' lang='grc' dir='ltr'><strong>ἐν</strong></span> <span class='ocrx_word' id='word_1_314' title='bbox 3708 2036 3775 2105; x_wconf 78' lang='grc' dir='ltr'>τῇ</span> 
     </span>
    </p>
   </div>
   <div class='ocr_carea' id='block_1_38' title="bbox 527 2122 2098 2197">
    <p class='ocr_par' dir='ltr' id='par_1_38' title="bbox 527 2122 2098 2191">
     <span class='ocr_line' id='line_1_38' title="bbox 527 2122 2098 2191; baseline 0.002 -14"><span class='ocrx_word' id='word_1_315' title='bbox 527 2138 647 2177; x_wconf 87' lang='lat' dir='ltr'><strong>nem</strong></span> <span class='ocrx_word' id='word_1_316' title='bbox 678 2132 989 2177; x_wconf 82' lang='lat' dir='ltr'><strong>creaturam</strong></span> <span class='ocrx_word' id='word_1_317' title='bbox 1014 2122 1137 2176; x_wconf 86' lang='lat' dir='ltr'><strong>Filii</strong></span> <span class='ocrx_word' id='word_1_318' title='bbox 1165 2137 1320 2191; x_wconf 90' lang='lat' dir='ltr'><strong>opus,</strong></span> <span class='ocrx_word' id='word_1_319' title='bbox 1343 2124 1531 2178; x_wconf 88' lang='lat' dir='ltr'><strong>dicens</strong></span> <span class='ocrx_word' id='word_1_320' title='bbox 1561 2142 1574 2177; x_wconf 92' lang='lat'><strong>:</strong></span> <span class='ocrx_word' id='word_1_321' title='bbox 1614 2142 1634 2175; x_wconf 79' lang='grc' dir='ltr'><strong>ι</strong></span> <span class='ocrx_word' id='word_1_322' title='bbox 1678 2124 1855 2179; x_wconf 84' lang='lat' dir='ltr'><strong>Verbo</strong></span> <span class='ocrx_word' id='word_1_323' title='bbox 1890 2126 2098 2180; x_wconf 88' lang='lat' dir='ltr'><strong>Domini</strong></span> 
     </span>
    </p>
   </div>
   <div class='ocr_carea' id='block_1_39' title="bbox 2199 2122 3773 2197">
    <p class='ocr_par' dir='ltr' id='par_1_39' title="bbox 2201 2124 3773 2197">
     <span class='ocr_line' id='line_1_39' title="bbox 2201 2124 3773 2197; baseline 0 -19"><span class='ocrx_word' id='word_1_324' title='bbox 2201 2126 2391 2197; x_wconf 83' lang='grc' dir='ltr'>Γραφῇ</span> <span class='ocrx_word' id='word_1_325' title='bbox 2427 2124 2695 2195; x_wconf 78' lang='grc' dir='ltr'>λεγομένη</span> <span class='ocrx_word' id='word_1_326' title='bbox 2738 2126 2989 2195; x_wconf 88' lang='grc' dir='ltr'>ἐνέργεια</span> <span class='ocrx_word' id='word_1_327' title='bbox 3009 2143 3025 2159; x_wconf 89' lang='grc'><strong>·</strong></span> <span class='ocrx_word' id='word_1_328' title='bbox 3058 2125 3244 2194; x_wconf 83' lang='grc' dir='ltr'>ὥσπερ</span> <span class='ocrx_word' id='word_1_329' title='bbox 3271 2138 3295 2165; x_wconf 76' lang='grc' dir='ltr'><strong><em>ο</em></strong></span> <span class='ocrx_word' id='word_1_330' title='bbox 3329 2127 3423 2180; x_wconf 75' lang='grc' dir='ltr'>καὶ</span> <span class='ocrx_word' id='word_1_331' title='bbox 3458 2128 3641 2179; x_wconf 84' lang='grc' dir='ltr'>πᾶσαν</span> <span class='ocrx_word' id='word_1_332' title='bbox 3673 2128 3773 2197; x_wconf 77' lang='grc' dir='ltr'>τὴν</span> 
     </span>
    </p>
   </div>
   <div class='ocr_carea' id='block_1_40' title="bbox 537 2214 2098 2290">
    <p class='ocr_par' dir='ltr' id='par_1_40' title="bbox 537 2214 2098 2286">
     <span class='ocr_line' id='line_1_40' title="bbox 537 2214 2098 2286; baseline 0.003 -20"><span class='ocrx_word' id='word_1_333' title='bbox 537 2215 661 2269; x_wconf 73' lang='lat' dir='ltr'><strong>rteli</strong></span> <span class='ocrx_word' id='word_1_334' title='bbox 688 2214 886 2267; x_wconf 76' lang='lat' dir='ltr'><strong>firmati</strong></span> <span class='ocrx_word' id='word_1_335' title='bbox 918 2224 1077 2281; x_wconf 87' lang='lat' dir='ltr'><strong>sunt;</strong></span> <span class='ocrx_word' id='word_1_336' title='bbox 1113 2232 1135 2267; x_wconf 69' lang='grc' dir='ltr'><strong>ι</strong></span> <span class='ocrx_word' id='word_1_337' title='bbox 1159 2214 1447 2283; x_wconf 86' lang='lat' dir='ltr'><strong>aliquando</strong></span> <span class='ocrx_word' id='word_1_338' title='bbox 1480 2225 1656 2271; x_wconf 89' lang='lat' dir='ltr'><strong>autem</strong></span> <span class='ocrx_word' id='word_1_339' title='bbox 1686 2216 1942 2286; x_wconf 87' lang='lat' dir='ltr'><strong>Spiritus,</strong></span> <span class='ocrx_word' id='word_1_340' title='bbox 1970 2218 2098 2272; x_wconf 87' lang='lat' dir='ltr'><strong>dum</strong></span> 
     </span>
    </p>
   </div>
   <div class='ocr_carea' id='block_1_41' title="bbox 2199 2214 3775 2290">
    <p class='ocr_par' dir='ltr' id='par_1_41' title="bbox 2201 2215 3775 2290">
     <span class='ocr_line' id='line_1_41' title="bbox 2201 2215 3775 2290; baseline 0.001 -20"><span class='ocrx_word' id='word_1_341' title='bbox 2201 2218 2379 2271; x_wconf 80' lang='grc' dir='ltr'>κτίσιν</span> <span class='ocrx_word' id='word_1_342' title='bbox 2413 2215 2543 2269; x_wconf 86' lang='grc' dir='ltr'><strong>ποτέ</strong></span> <span class='ocrx_word' id='word_1_343' title='bbox 2581 2217 2679 2288; x_wconf 83' lang='grc' dir='ltr'>μὲν</span> <span class='ocrx_word' id='word_1_344' title='bbox 2708 2217 2856 2285; x_wconf 83' lang='grc' dir='ltr'>λέγει</span> <span class='ocrx_word' id='word_1_345' title='bbox 2880 2220 2913 2288; x_wconf 83' lang='grc' dir='ltr'>ὴ</span> <span class='ocrx_word' id='word_1_346' title='bbox 2954 2216 3144 2288; x_wconf 78' lang='grc' dir='ltr'>Γραφὴ</span> <span class='ocrx_word' id='word_1_347' title='bbox 3170 2217 3265 2271; x_wconf 87' lang='grc' dir='ltr'><strong>τοῦ</strong></span> <span class='ocrx_word' id='word_1_348' title='bbox 3300 2217 3433 2271; x_wconf 85' lang='grc' dir='ltr'>Υίοῦ</span> <span class='ocrx_word' id='word_1_349' title='bbox 3472 2218 3656 2290; x_wconf 78' lang='grc' dir='ltr'>ἔργον,</span> <span class='ocrx_word' id='word_1_350' title='bbox 3686 2217 3775 2271; x_wconf 76' lang='grc' dir='ltr'>λέ-</span> 
     </span>
    </p>
   </div>
   <div class='ocr_carea' id='block_1_42' title="bbox 526 2305 2098 2382">
    <p class='ocr_par' dir='ltr' id='par_1_42' title="bbox 526 2305 2094 2375">
     <span class='ocr_line' id='line_1_42' title="bbox 526 2305 2094 2375; baseline 0.003 -16"><span class='ocrx_word' id='word_1_351' title='bbox 526 2306 717 2360; x_wconf 89' lang='lat' dir='ltr'><strong>infert:</strong></span> <span class='ocrx_word' id='word_1_352' title='bbox 745 2325 762 2358; x_wconf 87' lang='lat' dir='ltr'><strong>t</strong></span> <span class='ocrx_word' id='word_1_353' title='bbox 787 2307 853 2359; x_wconf 88' lang='lat' dir='ltr'><strong>Et</strong></span> <span class='ocrx_word' id='word_1_354' title='bbox 878 2305 1087 2375; x_wconf 87' lang='lat' dir='ltr'><strong>Spiritu</strong></span> <span class='ocrx_word' id='word_1_355' title='bbox 1115 2307 1229 2361; x_wconf 89' lang='lat' dir='ltr'><strong>oris</strong></span> <span class='ocrx_word' id='word_1_356' title='bbox 1258 2305 1376 2375; x_wconf 86' lang='lat' dir='ltr'><strong>ejus</strong></span> <span class='ocrx_word' id='word_1_357' title='bbox 1390 2308 1567 2362; x_wconf 90' lang='lat' dir='ltr'><strong>omnis</strong></span> <span class='ocrx_word' id='word_1_358' title='bbox 1590 2309 1763 2364; x_wconf 83' lang='lat' dir='ltr'><strong>virtus</strong></span> <span class='ocrx_word' id='word_1_359' title='bbox 1787 2312 2034 2363; x_wconf 81' lang='lat' dir='ltr'><strong>eorum&#39;.</strong></span> <span class='ocrx_word' id='word_1_360' title='bbox 2074 2327 2094 2363; x_wconf 71' lang='grc' dir='ltr'><strong>ι</strong></span> 
     </span>
    </p>
   </div>
   <div class='ocr_carea' id='block_1_43' title="bbox 2199 2305 3773 2382">
    <p class='ocr_par' dir='ltr' id='par_1_43' title="bbox 2200 2308 3773 2382">
     <span class='ocr_line' id='line_1_43' title="bbox 2200 2308 3773 2382; baseline 0.001 -19"><span class='ocrx_word' id='word_1_361' title='bbox 2200 2326 2399 2378; x_wconf 81' lang='grc' dir='ltr'>γουσα·</span> <span class='ocrx_word' id='word_1_362' title='bbox 2442 2327 2460 2360; x_wconf 85' lang='lat' dir='ltr'><strong>t</strong></span> <span class='ocrx_word' id='word_1_363' title='bbox 2490 2308 2581 2378; x_wconf 86' lang='grc' dir='ltr'>Τῷ</span> <span class='ocrx_word' id='word_1_364' title='bbox 2628 2309 2786 2380; x_wconf 86' lang='grc' dir='ltr'>Λόγῳ</span> <span class='ocrx_word' id='word_1_365' title='bbox 2832 2310 3039 2381; x_wconf 84' lang='grc' dir='ltr'>Κυρίου</span> <span class='ocrx_word' id='word_1_366' title='bbox 3080 2311 3130 2363; x_wconf 72' lang='grc' dir='ltr'><strong>οἱ</strong></span> <span class='ocrx_word' id='word_1_367' title='bbox 3175 2310 3394 2381; x_wconf 76' lang='grc' dir='ltr'>οὐρανοὶ</span> <span class='ocrx_word' id='word_1_368' title='bbox 3434 2310 3773 2382; x_wconf 83' lang='grc' dir='ltr'>ἐστερεώθη-</span> 
     </span>
    </p>
   </div>
   <div class='ocr_carea' id='block_1_44' title="bbox 528 2398 2101 2471">
    <p class='ocr_par' dir='ltr' id='par_1_44' title="bbox 528 2398 2101 2471">
     <span class='ocr_line' id='line_1_44' title="bbox 528 2398 2101 2471; baseline 0.002 -18"><span class='ocrx_word' id='word_1_369' title='bbox 528 2398 634 2453; x_wconf 72' lang='lat' dir='ltr'><strong>Sed</strong></span> <span class='ocrx_word' id='word_1_370' title='bbox 671 2414 776 2453; x_wconf 93' lang='lat' dir='ltr'><strong>non</strong></span> <span class='ocrx_word' id='word_1_371' title='bbox 799 2401 951 2468; x_wconf 90' lang='lat' dir='ltr'><strong>quasi</strong></span> <span class='ocrx_word' id='word_1_372' title='bbox 977 2398 1138 2454; x_wconf 88' lang='lat' dir='ltr'><strong>Pater</strong></span> <span class='ocrx_word' id='word_1_373' title='bbox 1170 2414 1273 2454; x_wconf 93' lang='lat' dir='ltr'><strong>non</strong></span> <span class='ocrx_word' id='word_1_374' title='bbox 1302 2399 1473 2467; x_wconf 85' lang='lat' dir='ltr'><strong>possit</strong></span> <span class='ocrx_word' id='word_1_375' title='bbox 1514 2400 1693 2455; x_wconf 86' lang='lat' dir='ltr'><strong>omnia</strong></span> <span class='ocrx_word' id='word_1_376' title='bbox 1736 2401 1936 2465; x_wconf 88' lang='lat' dir='ltr'><strong>lacere,</strong></span> <span class='ocrx_word' id='word_1_377' title='bbox 1971 2417 2101 2471; x_wconf 87' lang='lat' dir='ltr'><strong>ope-</strong></span> 
     </span>
    </p>
   </div>
   <div class='ocr_carea' id='block_1_45' title="bbox 527 2490 2101 2562">
    <p class='ocr_par' dir='ltr' id='par_1_45' title="bbox 527 2490 2101 2562">
     <span class='ocr_line' id='line_1_45' title="bbox 527 2490 2101 2562; baseline 0.001 -16"><span class='ocrx_word' id='word_1_378' title='bbox 527 2500 679 2546; x_wconf 89' lang='lat' dir='ltr'><strong>ratur</strong></span> <span class='ocrx_word' id='word_1_379' title='bbox 700 2490 866 2545; x_wconf 88' lang='lat' dir='ltr'><strong>etiam</strong></span> <span class='ocrx_word' id='word_1_380' title='bbox 903 2490 1106 2545; x_wconf 87' lang='lat' dir='ltr'><strong>Filius:</strong></span> <span class='ocrx_word' id='word_1_381' title='bbox 1159 2500 1214 2545; x_wconf 92' lang='lat' dir='ltr'><strong>et</strong></span> <span class='ocrx_word' id='word_1_382' title='bbox 1270 2490 1507 2561; x_wconf 86' lang='lat' dir='ltr'><strong>Spiritus</strong></span> <span class='ocrx_word' id='word_1_383' title='bbox 1556 2508 1769 2562; x_wconf 93' lang='lat' dir='ltr'><strong>quoque</strong></span> <span class='ocrx_word' id='word_1_384' title='bbox 1802 2495 2101 2548; x_wconf 79' lang='lat' dir='ltr'><strong>assumitur</strong></span> 
     </span>
    </p>
   </div>
   <div class='ocr_carea' id='block_1_46' title="bbox 525 2582 2101 2658">
    <p class='ocr_par' dir='ltr' id='par_1_46' title="bbox 525 2582 2101 2658">
     <span class='ocr_line' id='line_1_46' title="bbox 525 2582 2101 2658; baseline 0.004 -21"><span class='ocrx_word' id='word_1_385' title='bbox 525 2587 592 2638; x_wconf 82' lang='lat' dir='ltr'><strong>ad</strong></span> <span class='ocrx_word' id='word_1_386' title='bbox 650 2582 969 2649; x_wconf 83' lang='lat' dir='ltr'><strong>creandum,</strong></span> <span class='ocrx_word' id='word_1_387' title='bbox 1028 2599 1133 2638; x_wconf 93' lang='lat' dir='ltr'><strong>non</strong></span> <span class='ocrx_word' id='word_1_388' title='bbox 1177 2588 1331 2652; x_wconf 87' lang='lat' dir='ltr'><strong>quasi</strong></span> <span class='ocrx_word' id='word_1_389' title='bbox 1362 2584 1605 2639; x_wconf 81' lang='lat' dir='ltr'><strong>inﬁrmus</strong></span> <span class='ocrx_word' id='word_1_390' title='bbox 1644 2587 1716 2640; x_wconf 90' lang='lat' dir='ltr'><strong>sit</strong></span> <span class='ocrx_word' id='word_1_391' title='bbox 1744 2584 2101 2658; x_wconf 63' lang='lat' dir='ltr'><strong>Filiustvere</strong></span> 
     </span>
    </p>
   </div>
   <div class='ocr_carea' id='block_1_47' title="bbox 524 2676 2097 2751">
    <p class='ocr_par' dir='ltr' id='par_1_47' title="bbox 524 2676 2097 2751">
     <span class='ocr_line' id='line_1_47' title="bbox 524 2676 2097 2751; baseline 0.003 -22"><span class='ocrx_word' id='word_1_392' title='bbox 524 2676 667 2729; x_wconf 84' lang='lat' dir='ltr'><strong>enim</strong></span> <span class='ocrx_word' id='word_1_393' title='bbox 690 2676 893 2730; x_wconf 89' lang='lat' dir='ltr'><strong>dictum</strong></span> <span class='ocrx_word' id='word_1_394' title='bbox 911 2684 1015 2740; x_wconf 89' lang='lat' dir='ltr'><strong>est,</strong></span> <span class='ocrx_word' id='word_1_395' title='bbox 1039 2676 1181 2744; x_wconf 91' lang='lat' dir='ltr'><strong>quod</strong></span> <span class='ocrx_word' id='word_1_396' title='bbox 1204 2690 1298 2744; x_wconf 88' lang='lat' dir='ltr'><strong>per</strong></span> <span class='ocrx_word' id='word_1_397' title='bbox 1316 2676 1491 2745; x_wconf 88' lang='lat' dir='ltr'><strong>ipsum</strong></span> <span class='ocrx_word' id='word_1_398' title='bbox 1516 2676 1656 2732; x_wconf 87' lang='lat' dir='ltr'><strong>facta</strong></span> <span class='ocrx_word' id='word_1_399' title='bbox 1676 2688 1799 2733; x_wconf 86' lang='lat' dir='ltr'><strong>sunt</strong></span> <span class='ocrx_word' id='word_1_400' title='bbox 1820 2681 1999 2733; x_wconf 85' lang='lat' dir='ltr'><strong>omnia</strong></span> <span class='ocrx_word' id='word_1_401' title='bbox 2020 2679 2097 2751; x_wconf 85' lang='grc'><strong>³),</strong></span> 
     </span>
    </p>
   </div>
   <div class='ocr_carea' id='block_1_48' title="bbox 525 2765 2101 2837">
    <p class='ocr_par' dir='ltr' id='par_1_48' title="bbox 525 2765 2101 2837">
     <span class='ocr_line' id='line_1_48' title="bbox 525 2765 2101 2837; baseline 0.004 -18"><span class='ocrx_word' id='word_1_402' title='bbox 525 2766 619 2819; x_wconf 85' lang='lat' dir='ltr'><strong>sed</strong></span> <span class='ocrx_word' id='word_1_403' title='bbox 653 2776 710 2819; x_wconf 94' lang='lat' dir='ltr'><strong>ut</strong></span> <span class='ocrx_word' id='word_1_404' title='bbox 734 2765 1020 2820; x_wconf 87' lang='lat' dir='ltr'><strong>Trinitatis</strong></span> <span class='ocrx_word' id='word_1_405' title='bbox 1047 2767 1239 2822; x_wconf 89' lang='lat' dir='ltr'><strong>eadem</strong></span> <span class='ocrx_word' id='word_1_406' title='bbox 1274 2769 1598 2835; x_wconf 77' lang='lat' dir='ltr'><strong>subSta&#39;utia,</strong></span> <span class='ocrx_word' id='word_1_407' title='bbox 1632 2769 1786 2837; x_wconf 70' lang='lat' dir='ltr'><strong>idem</strong></span> <span class='ocrx_word' id='word_1_408' title='bbox 1820 2771 2023 2833; x_wconf 65' lang='lat' dir='ltr'><strong>houor,‘</strong></span> <span class='ocrx_word' id='word_1_409' title='bbox 2046 2781 2101 2825; x_wconf 91' lang='lat' dir='ltr'><strong>et</strong></span> 
     </span>
    </p>
   </div>
   <div class='ocr_carea' id='block_1_49' title="bbox 523 2858 2096 2923">
    <p class='ocr_par' dir='ltr' id='par_1_49' title="bbox 523 2858 2096 2923">
     <span class='ocr_line' id='line_1_49' title="bbox 523 2858 2096 2923; baseline 0.004 -13"><span class='ocrx_word' id='word_1_410' title='bbox 523 2858 712 2911; x_wconf 80' lang='lat' dir='ltr'><strong>eadem</strong></span> <span class='ocrx_word' id='word_1_411' title='bbox 747 2858 920 2912; x_wconf 86' lang='lat' dir='ltr'><strong>virtus</strong></span> <span class='ocrx_word' id='word_1_412' title='bbox 954 2860 1388 2923; x_wconf 87' lang='lat' dir='ltr'><strong>commendetur,</strong></span> <span class='ocrx_word' id='word_1_413' title='bbox 1418 2861 1549 2914; x_wconf 91' lang='lat' dir='ltr'><strong>dicit</strong></span> <span class='ocrx_word' id='word_1_414' title='bbox 1584 2862 1772 2914; x_wconf 87' lang='lat' dir='ltr'><strong>eadem</strong></span> <span class='ocrx_word' id='word_1_415' title='bbox 1827 2862 2096 2916; x_wconf 88' lang='lat' dir='ltr'><strong>interdum</strong></span> 
     </span>
    </p>
   </div>
   <div class='ocr_carea' id='block_1_50' title="bbox 525 2950 2101 3021">
    <p class='ocr_par' dir='ltr' id='par_1_50' title="bbox 525 2950 2101 3021">
     <span class='ocr_line' id='line_1_50' title="bbox 525 2950 2101 3021; baseline 0.002 -17"><span class='ocrx_word' id='word_1_416' title='bbox 525 2968 553 3004; x_wconf 78' lang='grc' dir='ltr'><strong>ιι</strong></span> <span class='ocrx_word' id='word_1_417' title='bbox 583 2950 765 3015; x_wconf 81' lang='lat' dir='ltr'><strong>Patre,</strong></span> <span class='ocrx_word' id='word_1_418' title='bbox 792 2950 1059 3005; x_wconf 85' lang='lat' dir='ltr'><strong>interdum</strong></span> <span class='ocrx_word' id='word_1_419' title='bbox 1081 2967 1107 3004; x_wconf 88' lang='lat' dir='ltr'><strong>a</strong></span> <span class='ocrx_word' id='word_1_420' title='bbox 1137 2950 1295 3017; x_wconf 77' lang='lat' dir='ltr'><strong>Filio,</strong></span> <span class='ocrx_word' id='word_1_421' title='bbox 1327 2952 1593 3006; x_wconf 85' lang='lat' dir='ltr'><strong>interdum</strong></span> <span class='ocrx_word' id='word_1_422' title='bbox 1626 2967 1654 3005; x_wconf 91' lang='lat' dir='ltr'><strong>a</strong></span> <span class='ocrx_word' id='word_1_423' title='bbox 1684 2952 1885 3021; x_wconf 85' lang='lat' dir='ltr'><strong>Spiritu</strong></span> <span class='ocrx_word' id='word_1_424' title='bbox 1912 2964 2101 3008; x_wconf 90' lang='lat' dir='ltr'><strong>sancto</strong></span> 
     </span>
    </p>
   </div>
   <div class='ocr_carea' id='block_1_51' title="bbox 522 3040 2099 3098">
    <p class='ocr_par' dir='ltr' id='par_1_51' title="bbox 522 3040 2099 3098">
     <span class='ocr_line' id='line_1_51' title="bbox 522 3040 2099 3098; baseline 0.002 -3"><span class='ocrx_word' id='word_1_425' title='bbox 522 3058 643 3097; x_wconf 85' lang='lat' dir='ltr'><strong>esse</strong></span> <span class='ocrx_word' id='word_1_426' title='bbox 691 3042 853 3097; x_wconf 87' lang='lat' dir='ltr'><strong>facta.</strong></span> <span class='ocrx_word' id='word_1_427' title='bbox 894 3040 985 3097; x_wconf 91' lang='lat' dir='ltr'><strong>Sic</strong></span> <span class='ocrx_word' id='word_1_428' title='bbox 1050 3042 1194 3096; x_wconf 86' lang='lat' dir='ltr'><strong>enim</strong></span> <span class='ocrx_word' id='word_1_429' title='bbox 1243 3053 1298 3097; x_wconf 91' lang='lat' dir='ltr'><strong>et</strong></span> <span class='ocrx_word' id='word_1_430' title='bbox 1343 3044 1411 3098; x_wconf 91' lang='lat' dir='ltr'><strong>ab</strong></span> <span class='ocrx_word' id='word_1_431' title='bbox 1458 3060 1562 3096; x_wconf 87' lang='lat' dir='ltr'><strong>una</strong></span> <span class='ocrx_word' id='word_1_432' title='bbox 1600 3044 1899 3098; x_wconf 84' lang='lat' dir='ltr'><strong>substantia</strong></span> <span class='ocrx_word' id='word_1_433' title='bbox 1920 3045 2099 3098; x_wconf 88' lang='lat' dir='ltr'><strong>divina</strong></span> 
     </span>
    </p>
   </div>
   <div class='ocr_carea' id='block_1_52' title="bbox 2203 2395 3776 2471">
    <p class='ocr_par' dir='ltr' id='par_1_52' title="bbox 2203 2395 3776 2471">
     <span class='ocr_line' id='line_1_52' title="bbox 2203 2395 3776 2471; baseline 0 -16"><span class='ocrx_word' id='word_1_434' title='bbox 2203 2417 2332 2455; x_wconf 89' lang='grc' dir='ltr'>σαν·</span> <span class='ocrx_word' id='word_1_435' title='bbox 2359 2421 2377 2453; x_wconf 76' lang='grc' dir='ltr'><strong>ι</strong></span> <span class='ocrx_word' id='word_1_436' title='bbox 2414 2401 2544 2454; x_wconf 88' lang='grc' dir='ltr'><strong>ποτέ</strong></span> <span class='ocrx_word' id='word_1_437' title='bbox 2576 2401 2633 2454; x_wconf 80' lang='grc' dir='ltr'>δὲ</span> <span class='ocrx_word' id='word_1_438' title='bbox 2665 2401 2759 2455; x_wconf 84' lang='grc' dir='ltr'><strong>τοῦ</strong></span> <span class='ocrx_word' id='word_1_439' title='bbox 2787 2401 3125 2470; x_wconf 83' lang='grc' dir='ltr'>Πνεύματος,</span> <span class='ocrx_word' id='word_1_440' title='bbox 3158 2402 3226 2456; x_wconf 87' lang='grc' dir='ltr'><strong>δι’</strong></span> <span class='ocrx_word' id='word_1_441' title='bbox 3248 2395 3323 2455; x_wconf 80' lang='grc' dir='ltr'>ὧν</span> <span class='ocrx_word' id='word_1_442' title='bbox 3349 2402 3575 2471; x_wconf 85' lang='grc' dir='ltr'>ἐπάγει·</span> <span class='ocrx_word' id='word_1_443' title='bbox 3612 2421 3632 2454; x_wconf 90' lang='lat' dir='ltr'><strong>t</strong></span> <span class='ocrx_word' id='word_1_444' title='bbox 3664 2404 3776 2457; x_wconf 72' lang='grc' dir='ltr'>Καὶ</span> 
     </span>
    </p>
   </div>
   <div class='ocr_carea' id='block_1_53' title="bbox 2200 2492 3775 2566">
    <p class='ocr_par' dir='ltr' id='par_1_53' title="bbox 2200 2492 3775 2566">
     <span class='ocr_line' id='line_1_53' title="bbox 2200 2492 3775 2566; baseline 0.001 -20"><span class='ocrx_word' id='word_1_445' title='bbox 2200 2493 2279 2564; x_wconf 86' lang='grc' dir='ltr'>τῷ</span> <span class='ocrx_word' id='word_1_446' title='bbox 2327 2493 2607 2563; x_wconf 79' lang='grc' dir='ltr'>Πνεὺματι</span> <span class='ocrx_word' id='word_1_447' title='bbox 2666 2492 2761 2546; x_wconf 90' lang='grc' dir='ltr'><strong>τοῦ</strong></span> <span class='ocrx_word' id='word_1_448' title='bbox 2797 2494 3065 2564; x_wconf 88' lang='grc' dir='ltr'>στόματος</span> <span class='ocrx_word' id='word_1_449' title='bbox 3094 2493 3260 2548; x_wconf 88' lang='grc' dir='ltr'>αὑτοῦ</span> <span class='ocrx_word' id='word_1_450' title='bbox 3293 2496 3444 2549; x_wconf 78' lang='grc' dir='ltr'>πᾶσα</span> <span class='ocrx_word' id='word_1_451' title='bbox 3473 2496 3507 2566; x_wconf 78' lang='grc' dir='ltr'>ἡ</span> <span class='ocrx_word' id='word_1_452' title='bbox 3545 2494 3775 2566; x_wconf 83' lang='grc' dir='ltr'>δύναμις</span> 
     </span>
    </p>
   </div>
   <div class='ocr_carea' id='block_1_54' title="bbox 2201 2584 3775 2657">
    <p class='ocr_par' dir='ltr' id='par_1_54' title="bbox 2201 2584 3775 2657">
     <span class='ocr_line' id='line_1_54' title="bbox 2201 2584 3775 2657; baseline 0.001 -18"><span class='ocrx_word' id='word_1_453' title='bbox 2201 2586 2402 2641; x_wconf 84' lang='grc' dir='ltr'>αὑτῶν.</span> <span class='ocrx_word' id='word_1_454' title='bbox 2431 2604 2449 2636; x_wconf 71' lang='grc' dir='ltr'><strong>ι</strong></span> <span class='ocrx_word' id='word_1_455' title='bbox 2489 2584 2627 2638; x_wconf 84' lang='grc' dir='ltr'>Ἀλλ’</span> <span class='ocrx_word' id='word_1_456' title='bbox 2648 2585 2746 2655; x_wconf 89' lang='grc' dir='ltr'>οὑχ</span> <span class='ocrx_word' id='word_1_457' title='bbox 2775 2585 2850 2649; x_wconf 86' lang='grc' dir='ltr'>ὡς</span> <span class='ocrx_word' id='word_1_458' title='bbox 2896 2585 3293 2648; x_wconf 84' lang='grc' dir='ltr'>ἀδυνατοῦντος</span> <span class='ocrx_word' id='word_1_459' title='bbox 3337 2585 3430 2640; x_wconf 87' lang='grc' dir='ltr'><strong>τοῦ</strong></span> <span class='ocrx_word' id='word_1_460' title='bbox 3464 2588 3676 2657; x_wconf 77' lang='grc' dir='ltr'>Πατρὸς</span> <span class='ocrx_word' id='word_1_461' title='bbox 3702 2586 3775 2640; x_wconf 79' lang='grc' dir='ltr'><strong>τά</strong></span> 
     </span>
    </p>
   </div>
   <div class='ocr_carea' id='block_1_55' title="bbox 2203 2674 3779 2749">
    <p class='ocr_par' dir='ltr' id='par_1_55' title="bbox 2203 2674 3779 2749">
     <span class='ocr_line' id='line_1_55' title="bbox 2203 2674 3779 2749; baseline 0 -16"><span class='ocrx_word' id='word_1_462' title='bbox 2203 2680 2382 2733; x_wconf 88' lang='grc' dir='ltr'>πάντα</span> <span class='ocrx_word' id='word_1_463' title='bbox 2413 2682 2660 2749; x_wconf 82' lang='grc' dir='ltr'>ποιῆσαι.</span> <span class='ocrx_word' id='word_1_464' title='bbox 2690 2678 3016 2749; x_wconf 85' lang='grc' dir='ltr'>δημιουργεῖ</span> <span class='ocrx_word' id='word_1_465' title='bbox 3067 2679 3162 2732; x_wconf 77' lang='grc' dir='ltr'>καὶ</span> <span class='ocrx_word' id='word_1_466' title='bbox 3185 2679 3214 2732; x_wconf 91' lang='lat'><strong>6</strong></span> <span class='ocrx_word' id='word_1_467' title='bbox 3249 2679 3374 2742; x_wconf 76' lang='grc' dir='ltr'>Υἱός</span> <span class='ocrx_word' id='word_1_468' title='bbox 3393 2694 3408 2708; x_wconf 79' lang='grc'><strong>’</strong></span> <span class='ocrx_word' id='word_1_469' title='bbox 3443 2678 3553 2731; x_wconf 79' lang='grc' dir='ltr'>οὐδ’</span> <span class='ocrx_word' id='word_1_470' title='bbox 3575 2674 3643 2733; x_wconf 79' lang='grc' dir='ltr'><strong>αὑ</strong></span> <span class='ocrx_word' id='word_1_471' title='bbox 3672 2680 3779 2733; x_wconf 85' lang='grc' dir='ltr'>πά-</span> 
     </span>
    </p>
   </div>
   <div class='ocr_carea' id='block_1_56' title="bbox 2200 2770 3773 2843">
    <p class='ocr_par' dir='ltr' id='par_1_56' title="bbox 2200 2770 3773 2843">
     <span class='ocr_line' id='line_1_56' title="bbox 2200 2770 3773 2843; baseline 0.002 -19"><span class='ocrx_word' id='word_1_472' title='bbox 2200 2774 2306 2836; x_wconf 88' lang='grc' dir='ltr'>λιν,</span> <span class='ocrx_word' id='word_1_473' title='bbox 2342 2771 2418 2834; x_wconf 85' lang='grc' dir='ltr'><strong>ὡς</strong></span> <span class='ocrx_word' id='word_1_474' title='bbox 2449 2770 2796 2836; x_wconf 83' lang='grc' dir='ltr'>ἀσθενοῦντος</span> <span class='ocrx_word' id='word_1_475' title='bbox 2822 2771 2917 2825; x_wconf 86' lang='grc' dir='ltr'><strong>τοῦ</strong></span> <span class='ocrx_word' id='word_1_476' title='bbox 2949 2771 3078 2825; x_wconf 88' lang='grc' dir='ltr'>Υίοῦ</span> <span class='ocrx_word' id='word_1_477' title='bbox 3123 2773 3203 2835; x_wconf 86' lang='grc' dir='ltr'><strong>είς</strong></span> <span class='ocrx_word' id='word_1_478' title='bbox 3248 2771 3347 2842; x_wconf 79' lang='grc' dir='ltr'>τὴν</span> <span class='ocrx_word' id='word_1_479' title='bbox 3397 2772 3773 2843; x_wconf 84' lang='grc' dir='ltr'>δημιουργίαν.</span> 
     </span>
    </p>
   </div>
   <div class='ocr_carea' id='block_1_57' title="bbox 2203 2862 3773 2936">
    <p class='ocr_par' dir='ltr' id='par_1_57' title="bbox 2203 2862 3773 2936">
     <span class='ocr_line' id='line_1_57' title="bbox 2203 2862 3773 2936; baseline 0.001 -18"><span class='ocrx_word' id='word_1_480' title='bbox 2203 2862 2809 2935; x_wconf 76' lang='grc' dir='ltr'>συμπαραλαμϐάνεται</span> <span class='ocrx_word' id='word_1_481' title='bbox 2859 2863 2920 2917; x_wconf 87' lang='lat'><strong>:6</strong></span> <span class='ocrx_word' id='word_1_482' title='bbox 2973 2863 3198 2935; x_wconf 89' lang='grc' dir='ltr'>Πνεῦμα</span> <span class='ocrx_word' id='word_1_483' title='bbox 3239 2864 3476 2935; x_wconf 83' lang='grc' dir='ltr'>(ἀληθὲς</span> <span class='ocrx_word' id='word_1_484' title='bbox 3517 2865 3625 2936; x_wconf 83' lang='grc' dir='ltr'><strong>γάρ</strong></span> <span class='ocrx_word' id='word_1_485' title='bbox 3671 2865 3773 2929; x_wconf 82' lang='grc' dir='ltr'>τὸ,</span> 
     </span>
    </p>
   </div>
   <div class='ocr_carea' id='block_1_58' title="bbox 2207 2957 3777 3028">
    <p class='ocr_par' dir='ltr' id='par_1_58' title="bbox 2207 2957 3777 3028">
     <span class='ocr_line' id='line_1_58' title="bbox 2207 2957 3777 3028; baseline -0.001 -18"><span class='ocrx_word' id='word_1_486' title='bbox 2207 2977 2226 3010; x_wconf 87' lang='lat' dir='ltr'><strong>t</strong></span> <span class='ocrx_word' id='word_1_487' title='bbox 2259 2958 2445 3011; x_wconf 85' lang='grc' dir='ltr'>Πάντα</span> <span class='ocrx_word' id='word_1_488' title='bbox 2474 2957 2540 3010; x_wconf 90' lang='grc' dir='ltr'><strong>δι’</strong></span> <span class='ocrx_word' id='word_1_489' title='bbox 2562 2958 2728 3012; x_wconf 85' lang='grc' dir='ltr'>αὑτοῦ</span> <span class='ocrx_word' id='word_1_490' title='bbox 2750 2957 2969 3027; x_wconf 88' lang='grc' dir='ltr'>ἐγένετο</span> <span class='ocrx_word' id='word_1_491' title='bbox 3000 2958 3046 3027; x_wconf 72' lang='grc' dir='ltr'>ι)</span> <span class='ocrx_word' id='word_1_492' title='bbox 3064 2975 3076 2987; x_wconf 91' lang='grc'><strong>·</strong></span> <span class='ocrx_word' id='word_1_493' title='bbox 3098 2957 3212 3010; x_wconf 85' lang='grc' dir='ltr'>ἀλλ’</span> <span class='ocrx_word' id='word_1_494' title='bbox 3245 2957 3331 3010; x_wconf 72' lang='grc' dir='ltr'>ἵνα</span> <span class='ocrx_word' id='word_1_495' title='bbox 3347 2958 3409 3011; x_wconf 86' lang='lat'><strong>:6</strong></span> <span class='ocrx_word' id='word_1_496' title='bbox 3426 2957 3524 3027; x_wconf 86' lang='grc' dir='ltr'>τῆς</span> <span class='ocrx_word' id='word_1_497' title='bbox 3547 2957 3777 3028; x_wconf 83' lang='grc' dir='ltr'>Τριάδος</span> 
     </span>
    </p>
   </div>
   <div class='ocr_carea' id='block_1_59' title="bbox 2200 3048 3776 3121">
    <p class='ocr_par' dir='ltr' id='par_1_59' title="bbox 2200 3048 3776 3121">
     <span class='ocr_line' id='line_1_59' title="bbox 2200 3048 3776 3121; baseline 0.001 -20"><span class='ocrx_word' id='word_1_498' title='bbox 2200 3048 2506 3119; x_wconf 84' lang='grc' dir='ltr'>όμοούσιον,</span> <span class='ocrx_word' id='word_1_499' title='bbox 2530 3054 2623 3103; x_wconf 59' lang='grc' dir='ltr'><strong>κα)⁸</strong></span> <span class='ocrx_word' id='word_1_500' title='bbox 2648 3050 2930 3121; x_wconf 85' lang='grc' dir='ltr'>ὁμότιμον,</span> <span class='ocrx_word' id='word_1_501' title='bbox 2962 3051 3053 3103; x_wconf 79' lang='grc' dir='ltr'>καὶ</span> <span class='ocrx_word' id='word_1_502' title='bbox 3082 3049 3424 3120; x_wconf 85' lang='grc' dir='ltr'>ὁμοδὺναμον</span> <span class='ocrx_word' id='word_1_503' title='bbox 3445 3052 3574 3121; x_wconf 81' lang='grc' dir='ltr'>ἡμῖν</span> <span class='ocrx_word' id='word_1_504' title='bbox 3598 3066 3776 3120; x_wconf 87' lang='grc' dir='ltr'>παρα-</span> 
     </span>
    </p>
   </div>
   <div class='ocr_carea' id='block_1_60' title="bbox 524 3132 2098 3212">
    <p class='ocr_par' dir='ltr' id='par_1_60' title="bbox 524 3132 2098 3202">
     <span class='ocr_line' id='line_1_60' title="bbox 524 3132 2098 3202; baseline 0.007 -21"><span class='ocrx_word' id='word_1_505' title='bbox 524 3134 760 3202; x_wconf 82' lang='lat' dir='ltr'><strong>peudere</strong></span> <span class='ocrx_word' id='word_1_506' title='bbox 786 3134 967 3186; x_wconf 81' lang='lat' dir='ltr'><strong>utnnia</strong></span> <span class='ocrx_word' id='word_1_507' title='bbox 997 3134 1367 3202; x_wconf 79' lang='lat' dir='ltr'><strong>intelligimus.</strong></span> <span class='ocrx_word' id='word_1_508' title='bbox 1398 3133 1532 3187; x_wconf 79' lang='lat' dir='ltr'><strong>Nam</strong></span> <span class='ocrx_word' id='word_1_509' title='bbox 1559 3146 1617 3188; x_wconf 91' lang='lat' dir='ltr'><strong>ut</strong></span> <span class='ocrx_word' id='word_1_510' title='bbox 1649 3132 1881 3188; x_wconf 83' lang='lat' dir='ltr'><strong>Verbum</strong></span> <span class='ocrx_word' id='word_1_511' title='bbox 1909 3151 2098 3192; x_wconf 83' lang='lat' dir='ltr'><strong>essen-</strong></span> 
     </span>
    </p>
   </div>
   <div class='ocr_carea' id='block_1_61' title="bbox 2199 3132 3779 3212">
    <p class='ocr_par' dir='ltr' id='par_1_61' title="bbox 2202 3139 3779 3212">
     <span class='ocr_line' id='line_1_61' title="bbox 2202 3139 3779 3212; baseline 0.001 -20"><span class='ocrx_word' id='word_1_512' title='bbox 2202 3141 2399 3211; x_wconf 81' lang='grc' dir='ltr'>στήσῃ,</span> <span class='ocrx_word' id='word_1_513' title='bbox 2427 3139 2574 3209; x_wconf 83' lang='grc' dir='ltr'>λέγει</span> <span class='ocrx_word' id='word_1_514' title='bbox 2600 3140 2667 3195; x_wconf 85' lang='grc' dir='ltr'><strong>τά</strong></span> <span class='ocrx_word' id='word_1_515' title='bbox 2692 3140 2833 3195; x_wconf 81' lang='grc' dir='ltr'>αὐτὰ</span> <span class='ocrx_word' id='word_1_516' title='bbox 2854 3141 2984 3194; x_wconf 86' lang='grc' dir='ltr'><strong>ποτέ</strong></span> <span class='ocrx_word' id='word_1_517' title='bbox 3022 3141 3122 3212; x_wconf 84' lang='grc' dir='ltr'>μὲν</span> <span class='ocrx_word' id='word_1_518' title='bbox 3140 3141 3245 3194; x_wconf 89' lang='grc' dir='ltr'>ὑπό</span> <span class='ocrx_word' id='word_1_519' title='bbox 3263 3142 3356 3194; x_wconf 90' lang='grc' dir='ltr'><strong>τοῦ</strong></span> <span class='ocrx_word' id='word_1_520' title='bbox 3377 3141 3611 3212; x_wconf 74' lang='grc' dir='ltr'>Πατρδς,</span> <span class='ocrx_word' id='word_1_521' title='bbox 3648 3141 3779 3194; x_wconf 83' lang='grc' dir='ltr'><strong>ποτέ</strong></span> 
     </span>
    </p>
   </div>
   <div class='ocr_carea' id='block_1_62' title="bbox 527 3221 2096 3293">
    <p class='ocr_par' dir='ltr' id='par_1_62' title="bbox 527 3221 2096 3293">
     <span class='ocr_line' id='line_1_62' title="bbox 527 3221 2096 3293; baseline 0.004 -20"><span class='ocrx_word' id='word_1_522' title='bbox 527 3223 653 3274; x_wconf 89' lang='lat' dir='ltr'><strong>tiale</strong></span> <span class='ocrx_word' id='word_1_523' title='bbox 677 3232 729 3275; x_wconf 89' lang='lat' dir='ltr'><strong>et</strong></span> <span class='ocrx_word' id='word_1_524' title='bbox 762 3221 1070 3276; x_wconf 86' lang='lat' dir='ltr'><strong>subsistens</strong></span> <span class='ocrx_word' id='word_1_525' title='bbox 1094 3224 1207 3290; x_wconf 87' lang='lat' dir='ltr'><strong>ipse</strong></span> <span class='ocrx_word' id='word_1_526' title='bbox 1259 3222 1579 3291; x_wconf 76' lang='lat' dir='ltr'><strong>Unigcuitus</strong></span> <span class='ocrx_word' id='word_1_527' title='bbox 1611 3225 1813 3293; x_wconf 79' lang='lat' dir='ltr'><strong>absque</strong></span> <span class='ocrx_word' id='word_1_528' title='bbox 1843 3226 2096 3293; x_wconf 89' lang='lat' dir='ltr'><strong>passione</strong></span> 
     </span>
    </p>
   </div>
   <div class='ocr_carea' id='block_1_63' title="bbox 522 3314 2098 3386">
    <p class='ocr_par' dir='ltr' id='par_1_63' title="bbox 522 3314 2098 3386">
     <span class='ocr_line' id='line_1_63' title="bbox 522 3314 2098 3386; baseline 0.003 -19"><span class='ocrx_word' id='word_1_529' title='bbox 522 3328 586 3368; x_wconf 81' lang='lat' dir='ltr'><strong>ex</strong></span> <span class='ocrx_word' id='word_1_530' title='bbox 658 3329 723 3368; x_wconf 91' lang='lat' dir='ltr'><strong>co</strong></span> <span class='ocrx_word' id='word_1_531' title='bbox 774 3314 987 3384; x_wconf 84' lang='lat' dir='ltr'><strong>genitus</strong></span> <span class='ocrx_word' id='word_1_532' title='bbox 1028 3324 1153 3379; x_wconf 88' lang='lat' dir='ltr'><strong>est;</strong></span> <span class='ocrx_word' id='word_1_533' title='bbox 1185 3325 1240 3368; x_wconf 86' lang='lat' dir='ltr'><strong>et</strong></span> <span class='ocrx_word' id='word_1_534' title='bbox 1300 3315 1533 3383; x_wconf 88' lang='lat' dir='ltr'><strong>Spiritus</strong></span> <span class='ocrx_word' id='word_1_535' title='bbox 1586 3328 1804 3369; x_wconf 67' lang='lat' dir='ltr'><strong>sant-tus</strong></span> <span class='ocrx_word' id='word_1_536' title='bbox 1854 3332 1919 3370; x_wconf 81' lang='lat' dir='ltr'><strong>ex</strong></span> <span class='ocrx_word' id='word_1_537' title='bbox 1981 3317 2098 3386; x_wconf 85' lang='lat' dir='ltr'><strong>ipso</strong></span> 
     </span>
    </p>
   </div>
   <div class='ocr_carea' id='block_1_64' title="bbox 525 3407 2098 3476">
    <p class='ocr_par' dir='ltr' id='par_1_64' title="bbox 525 3407 2098 3476">
     <span class='ocr_line' id='line_1_64' title="bbox 525 3407 2098 3476; baseline 0.004 -17"><span class='ocrx_word' id='word_1_538' title='bbox 525 3408 842 3476; x_wconf 78' lang='lat' dir='ltr'><strong>procedens,</strong></span> <span class='ocrx_word' id='word_1_539' title='bbox 912 3407 965 3460; x_wconf 90' lang='lat' dir='ltr'><strong>in</strong></span> <span class='ocrx_word' id='word_1_540' title='bbox 1018 3408 1233 3476; x_wconf 89' lang='lat' dir='ltr'><strong>propria</strong></span> <span class='ocrx_word' id='word_1_541' title='bbox 1320 3408 1674 3460; x_wconf 88' lang='lat' dir='ltr'><strong>subsistentia</strong></span> <span class='ocrx_word' id='word_1_542' title='bbox 1734 3409 2098 3473; x_wconf 81' lang='lat' dir='ltr'><strong>exsistit;ila</strong></span> 
     </span>
    </p>
   </div>
   <div class='ocr_carea' id='block_1_65' title="bbox 524 3498 2100 3567">
    <p class='ocr_par' dir='ltr' id='par_1_65' title="bbox 524 3498 2100 3567">
     <span class='ocr_line' id='line_1_65' title="bbox 524 3498 2100 3567; baseline 0.006 -19"><span class='ocrx_word' id='word_1_543' title='bbox 524 3510 582 3549; x_wconf 92' lang='lat' dir='ltr'><strong>ut</strong></span> <span class='ocrx_word' id='word_1_544' title='bbox 612 3513 665 3551; x_wconf 85' lang='lat' dir='ltr'><strong>Ill</strong></span> <span class='ocrx_word' id='word_1_545' title='bbox 690 3500 862 3551; x_wconf 90' lang='lat' dir='ltr'><strong>tribus</strong></span> <span class='ocrx_word' id='word_1_546' title='bbox 889 3498 1259 3553; x_wconf 87' lang='lat' dir='ltr'><strong>subsistentiis</strong></span> <span class='ocrx_word' id='word_1_547' title='bbox 1307 3512 1412 3551; x_wconf 86' lang='lat' dir='ltr'><strong>una</strong></span> <span class='ocrx_word' id='word_1_548' title='bbox 1442 3498 1748 3553; x_wconf 86' lang='lat' dir='ltr'><strong>substantia</strong></span> <span class='ocrx_word' id='word_1_549' title='bbox 1781 3512 2022 3567; x_wconf 88' lang='lat' dir='ltr'><strong>notetur,</strong></span> <span class='ocrx_word' id='word_1_550' title='bbox 2045 3511 2100 3558; x_wconf 83' lang='lat' dir='ltr'><strong>et</strong></span> 
     </span>
    </p>
   </div>
   <div class='ocr_carea' id='block_1_66' title="bbox 526 3590 2097 3659">
    <p class='ocr_par' dir='ltr' id='par_1_66' title="bbox 526 3590 2097 3659">
     <span class='ocr_line' id='line_1_66' title="bbox 526 3590 2097 3659; baseline 0.008 -18"><span class='ocrx_word' id='word_1_551' title='bbox 526 3590 671 3642; x_wconf 86' lang='lat' dir='ltr'><strong>nulla</strong></span> <span class='ocrx_word' id='word_1_552' title='bbox 708 3591 948 3659; x_wconf 88' lang='lat' dir='ltr'><strong>ipsarum</strong></span> <span class='ocrx_word' id='word_1_553' title='bbox 985 3591 1038 3643; x_wconf 92' lang='lat' dir='ltr'><strong>in</strong></span> <span class='ocrx_word' id='word_1_554' title='bbox 1066 3592 1276 3645; x_wconf 75' lang='lat' dir='ltr'><strong>ratione</strong></span> <span class='ocrx_word' id='word_1_555' title='bbox 1334 3592 1650 3648; x_wconf 65' lang='lat' dir='ltr'><strong>substantiae</strong></span> <span class='ocrx_word' id='word_1_556' title='bbox 1699 3595 1873 3648; x_wconf 88' lang='lat' dir='ltr'><strong>aliena</strong></span> <span class='ocrx_word' id='word_1_557' title='bbox 1915 3598 2097 3652; x_wconf 88' lang='lat' dir='ltr'><strong>consi-</strong></span> 
     </span>
    </p>
   </div>
   <div class='ocr_carea' id='block_1_67' title="bbox 522 3681 2097 3757">
    <p class='ocr_par' dir='ltr' id='par_1_67' title="bbox 522 3681 2097 3757">
     <span class='ocr_line' id='line_1_67' title="bbox 522 3681 2097 3757; baseline 0.006 -22"><span class='ocrx_word' id='word_1_558' title='bbox 522 3681 934 3747; x_wconf 79' lang='lat' dir='ltr'><strong>tleretttr;solis</strong></span> <span class='ocrx_word' id='word_1_559' title='bbox 982 3692 1162 3735; x_wconf 87' lang='lat' dir='ltr'><strong>autem</strong></span> <span class='ocrx_word' id='word_1_560' title='bbox 1222 3684 1645 3752; x_wconf 87' lang='lat' dir='ltr'><strong>proprietatibus</strong></span> <span class='ocrx_word' id='word_1_561' title='bbox 1693 3687 2097 3757; x_wconf 74' lang='lat' dir='ltr'><strong>denotantibus,</strong></span> 
     </span>
    </p>
   </div>
   <div class='ocr_carea' id='block_1_68' title="bbox 524 3773 2101 3846">
    <p class='ocr_par' dir='ltr' id='par_1_68' title="bbox 524 3773 2101 3846">
     <span class='ocr_line' id='line_1_68' title="bbox 524 3773 2101 3846; baseline 0.005 -19"><span class='ocrx_word' id='word_1_562' title='bbox 524 3773 640 3827; x_wconf 80' lang='lat' dir='ltr'><strong>sive</strong></span> <span class='ocrx_word' id='word_1_563' title='bbox 666 3773 1126 3842; x_wconf 75' lang='lat' dir='ltr'><strong>distinguentibus</strong></span> <span class='ocrx_word' id='word_1_564' title='bbox 1169 3775 1311 3828; x_wconf 88' lang='lat' dir='ltr'><strong>inter</strong></span> <span class='ocrx_word' id='word_1_565' title='bbox 1344 3775 1486 3845; x_wconf 87' lang='lat' dir='ltr'><strong>ipsas</strong></span> <span class='ocrx_word' id='word_1_566' title='bbox 1516 3776 1906 3846; x_wconf 81' lang='lat' dir='ltr'><strong>intelligantur.</strong></span> <span class='ocrx_word' id='word_1_567' title='bbox 1954 3781 2101 3846; x_wconf 79' lang='lat' dir='ltr'><strong>Quo-</strong></span> 
     </span>
    </p>
   </div>
   <div class='ocr_carea' id='block_1_69' title="bbox 525 3864 2099 3938">
    <p class='ocr_par' dir='ltr' id='par_1_69' title="bbox 525 3864 2099 3938">
     <span class='ocr_line' id='line_1_69' title="bbox 525 3864 2099 3938; baseline 0.008 -21"><span class='ocrx_word' id='word_1_568' title='bbox 525 3864 685 3918; x_wconf 81' lang='lat' dir='ltr'><strong>modo</strong></span> <span class='ocrx_word' id='word_1_569' title='bbox 709 3864 872 3933; x_wconf 78' lang='lat' dir='ltr'><strong>igitur</strong></span> <span class='ocrx_word' id='word_1_570' title='bbox 904 3866 1244 3935; x_wconf 87' lang='lat' dir='ltr'><strong>eritpropria</strong></span> <span class='ocrx_word' id='word_1_571' title='bbox 1294 3867 1563 3936; x_wconf 88' lang='lat' dir='ltr'><strong>operatio,</strong></span> <span class='ocrx_word' id='word_1_572' title='bbox 1610 3884 1842 3938; x_wconf 89' lang='lat' dir='ltr'><strong>quorum</strong></span> <span class='ocrx_word' id='word_1_573' title='bbox 1885 3888 1987 3926; x_wconf 89' lang='lat' dir='ltr'><strong>una</strong></span> <span class='ocrx_word' id='word_1_574' title='bbox 2015 3882 2099 3929; x_wconf 89' lang='lat' dir='ltr'><strong>est</strong></span> 
     </span>
    </p>
   </div>
   <div class='ocr_carea' id='block_1_70' title="bbox 522 3956 2097 4030">
    <p class='ocr_par' dir='ltr' id='par_1_70' title="bbox 522 3956 2097 4030">
     <span class='ocr_line' id='line_1_70' title="bbox 522 3956 2097 4030; baseline 0.008 -22"><span class='ocrx_word' id='word_1_575' title='bbox 522 3957 781 4020; x_wconf 73' lang='lat' dir='ltr'><strong>essentia,</strong></span> <span class='ocrx_word' id='word_1_576' title='bbox 818 3965 869 4009; x_wconf 89' lang='lat' dir='ltr'><strong>et</strong></span> <span class='ocrx_word' id='word_1_577' title='bbox 893 3957 1221 4025; x_wconf 87' lang='lat' dir='ltr'><strong>potentia,et</strong></span> <span class='ocrx_word' id='word_1_578' title='bbox 1254 3956 1544 4012; x_wconf 81' lang='lat' dir='ltr'><strong>voluntas?</strong></span> <span class='ocrx_word' id='word_1_579' title='bbox 1574 3959 1707 4014; x_wconf 80' lang='lat' dir='ltr'><strong>Nam</strong></span> <span class='ocrx_word' id='word_1_580' title='bbox 1745 3962 1941 4030; x_wconf 89' lang='lat' dir='ltr'><strong>quibus</strong></span> <span class='ocrx_word' id='word_1_581' title='bbox 1980 3964 2097 4021; x_wconf 66' lang='lat' dir='ltr'><strong>haec</strong></span> 
     </span>
    </p>
   </div>
   <div class='ocr_carea' id='block_1_71' title="bbox 523 4045 2015 4115">
    <p class='ocr_par' dir='ltr' id='par_1_71' title="bbox 523 4045 2015 4115">
     <span class='ocr_line' id='line_1_71' title="bbox 523 4045 2015 4115; baseline 0.004 -19"><span class='ocrx_word' id='word_1_582' title='bbox 523 4053 648 4097; x_wconf 86' lang='lat' dir='ltr'><strong>sunt</strong></span> <span class='ocrx_word' id='word_1_583' title='bbox 669 4045 1001 4111; x_wconf 90' lang='lat' dir='ltr'><strong>communia,</strong></span> <span class='ocrx_word' id='word_1_584' title='bbox 1039 4058 1223 4097; x_wconf 88' lang='lat' dir='ltr'><strong>eorum</strong></span> <span class='ocrx_word' id='word_1_585' title='bbox 1260 4061 1362 4098; x_wconf 87' lang='lat' dir='ltr'><strong>una</strong></span> <span class='ocrx_word' id='word_1_586' title='bbox 1393 4060 1614 4113; x_wconf 87' lang='lat' dir='ltr'><strong>prorsus</strong></span> <span class='ocrx_word' id='word_1_587' title='bbox 1639 4056 1722 4101; x_wconf 90' lang='lat' dir='ltr'><strong>est</strong></span> <span class='ocrx_word' id='word_1_588' title='bbox 1747 4050 2015 4115; x_wconf 91' lang='lat' dir='ltr'><strong>operatio.</strong></span> 
     </span>
    </p>
   </div>
   <div class='ocr_carea' id='block_1_72' title="bbox 2200 3230 3777 3304">
    <p class='ocr_par' dir='ltr' id='par_1_72' title="bbox 2200 3230 3777 3304">
     <span class='ocr_line' id='line_1_72' title="bbox 2200 3230 3777 3304; baseline 0.003 -22"><span class='ocrx_word' id='word_1_589' title='bbox 2200 3230 2259 3282; x_wconf 85' lang='grc' dir='ltr'><strong>δέ</strong></span> <span class='ocrx_word' id='word_1_590' title='bbox 2297 3230 2402 3283; x_wconf 85' lang='grc' dir='ltr'><strong>ὑπὸ</strong></span> <span class='ocrx_word' id='word_1_591' title='bbox 2447 3232 2541 3284; x_wconf 88' lang='grc' dir='ltr'><strong>τοῦ</strong></span> <span class='ocrx_word' id='word_1_592' title='bbox 2575 3231 2727 3295; x_wconf 85' lang='grc' dir='ltr'>Υἱοῦ,</span> <span class='ocrx_word' id='word_1_593' title='bbox 2769 3233 2899 3285; x_wconf 83' lang='grc' dir='ltr'>ποτὲ</span> <span class='ocrx_word' id='word_1_594' title='bbox 2927 3232 2985 3286; x_wconf 85' lang='grc' dir='ltr'>δὲ</span> <span class='ocrx_word' id='word_1_595' title='bbox 3023 3233 3127 3286; x_wconf 88' lang='grc' dir='ltr'>ὑπὸ</span> <span class='ocrx_word' id='word_1_596' title='bbox 3146 3233 3240 3286; x_wconf 89' lang='grc' dir='ltr'><strong>τοῦ</strong></span> <span class='ocrx_word' id='word_1_597' title='bbox 3270 3233 3425 3301; x_wconf 81' lang='grc' dir='ltr'>ἁγίου</span> <span class='ocrx_word' id='word_1_598' title='bbox 3464 3234 3777 3304; x_wconf 85' lang='grc' dir='ltr'>Πνεύματος</span> 
     </span>
    </p>
   </div>
   <div class='ocr_carea' id='block_1_73' title="bbox 2202 3322 3780 3395">
    <p class='ocr_par' dir='ltr' id='par_1_73' title="bbox 2202 3322 3780 3395">
     <span class='ocr_line' id='line_1_73' title="bbox 2202 3322 3780 3395; baseline 0.003 -22"><span class='ocrx_word' id='word_1_599' title='bbox 2202 3322 2550 3393; x_wconf 80' lang='grc' dir='ltr'>γεγενῆσθαι.</span> <span class='ocrx_word' id='word_1_600' title='bbox 2572 3322 2726 3377; x_wconf 77' lang='grc' dir='ltr'>Οὕτω</span> <span class='ocrx_word' id='word_1_601' title='bbox 2739 3324 2847 3395; x_wconf 86' lang='grc' dir='ltr'>γὰρ</span> <span class='ocrx_word' id='word_1_602' title='bbox 2865 3324 2959 3377; x_wconf 74' lang='grc' dir='ltr'>καὶ</span> <span class='ocrx_word' id='word_1_603' title='bbox 2986 3326 3116 3395; x_wconf 81' lang='grc' dir='ltr'>μιᾶς</span> <span class='ocrx_word' id='word_1_604' title='bbox 3138 3341 3282 3388; x_wconf 90' lang='grc' dir='ltr'>τινος</span> <span class='ocrx_word' id='word_1_605' title='bbox 3299 3326 3485 3389; x_wconf 84' lang='grc' dir='ltr'>οὐσίας</span> <span class='ocrx_word' id='word_1_606' title='bbox 3508 3326 3657 3391; x_wconf 84' lang='grc' dir='ltr'>Θείας</span> <span class='ocrx_word' id='word_1_607' title='bbox 3684 3327 3780 3395; x_wconf 76' lang='grc' dir='ltr'><strong>ἡρ-</strong></span> 
     </span>
    </p>
   </div>
   <div class='ocr_carea' id='block_1_74' title="bbox 2201 3412 3779 3486">
    <p class='ocr_par' dir='ltr' id='par_1_74' title="bbox 2201 3412 3779 3486">
     <span class='ocr_line' id='line_1_74' title="bbox 2201 3412 3779 3486; baseline 0.003 -22"><span class='ocrx_word' id='word_1_608' title='bbox 2201 3412 2398 3483; x_wconf 85' lang='grc' dir='ltr'>τῆσθαι</span> <span class='ocrx_word' id='word_1_609' title='bbox 2438 3414 2614 3467; x_wconf 86' lang='grc' dir='ltr'>πάντα</span> <span class='ocrx_word' id='word_1_610' title='bbox 2658 3413 2908 3484; x_wconf 89' lang='grc' dir='ltr'>νοοῦμεν.</span> <span class='ocrx_word' id='word_1_611' title='bbox 2946 3414 3036 3478; x_wconf 84' lang='grc' dir='ltr'>Ὠς</span> <span class='ocrx_word' id='word_1_612' title='bbox 3072 3414 3180 3486; x_wconf 85' lang='grc' dir='ltr'><strong>γὰρ</strong></span> <span class='ocrx_word' id='word_1_613' title='bbox 3222 3414 3509 3479; x_wconf 70' lang='grc' dir='ltr'>ἐνούσιοςΐ</span> <span class='ocrx_word' id='word_1_614' title='bbox 3560 3417 3654 3470; x_wconf 72' lang='grc' dir='ltr'><strong>καὶ</strong></span> <span class='ocrx_word' id='word_1_615' title='bbox 3694 3420 3779 3468; x_wconf 89' lang='grc' dir='ltr'>ἐν-</span> 
     </span>
    </p>
   </div>
   <div class='ocr_carea' id='block_1_75' title="bbox 2204 3505 3778 3579">
    <p class='ocr_par' dir='ltr' id='par_1_75' title="bbox 2204 3505 3778 3579">
     <span class='ocr_line' id='line_1_75' title="bbox 2204 3505 3778 3579; baseline 0 -20"><span class='ocrx_word' id='word_1_616' title='bbox 2204 3506 2506 3569; x_wconf 90' lang='grc' dir='ltr'>υπόστατος</span> <span class='ocrx_word' id='word_1_617' title='bbox 2536 3506 2888 3579; x_wconf 81' lang='grc' dir='ltr'>όΜονογενὴς</span> <span class='ocrx_word' id='word_1_618' title='bbox 2930 3505 2989 3573; x_wconf 82' lang='grc' dir='ltr'>ἐξ</span> <span class='ocrx_word' id='word_1_619' title='bbox 3022 3508 3188 3562; x_wconf 88' lang='grc' dir='ltr'>αὑτοῦ</span> <span class='ocrx_word' id='word_1_620' title='bbox 3214 3508 3476 3571; x_wconf 74' lang='grc' dir='ltr'>εάπαθῶς</span> <span class='ocrx_word' id='word_1_621' title='bbox 3493 3507 3778 3578; x_wconf 83' lang='grc' dir='ltr'>ἐγεννήθη,</span> 
     </span>
    </p>
   </div>
   <div class='ocr_carea' id='block_1_76' title="bbox 2207 3597 3782 3669">
    <p class='ocr_par' dir='ltr' id='par_1_76' title="bbox 2207 3597 3782 3669">
     <span class='ocr_line' id='line_1_76' title="bbox 2207 3597 3782 3669; baseline -0.002 -17"><span class='ocrx_word' id='word_1_622' title='bbox 2207 3598 2300 3652; x_wconf 70' lang='grc' dir='ltr'><strong>καὶ</strong></span> <span class='ocrx_word' id='word_1_623' title='bbox 2328 3597 2389 3650; x_wconf 82' lang='grc' dir='ltr'>τὸ</span> <span class='ocrx_word' id='word_1_624' title='bbox 2419 3598 2645 3669; x_wconf 88' lang='grc' dir='ltr'>Πνεῦμα</span> <span class='ocrx_word' id='word_1_625' title='bbox 2671 3599 2729 3652; x_wconf 86' lang='grc' dir='ltr'><strong>δέ</strong></span> <span class='ocrx_word' id='word_1_626' title='bbox 2764 3600 2857 3653; x_wconf 78' lang='grc' dir='ltr'>καὶ</span> <span class='ocrx_word' id='word_1_627' title='bbox 2888 3600 3022 3653; x_wconf 83' lang='grc' dir='ltr'>αὑτὸ</span> <span class='ocrx_word' id='word_1_628' title='bbox 3053 3599 3114 3665; x_wconf 82' lang='grc' dir='ltr'>ἐξ</span> <span class='ocrx_word' id='word_1_629' title='bbox 3156 3600 3323 3654; x_wconf 86' lang='grc' dir='ltr'>αὑτοῦ</span> <span class='ocrx_word' id='word_1_630' title='bbox 3347 3601 3376 3640; x_wconf 76' lang='grc' dir='ltr'>ιι</span> <span class='ocrx_word' id='word_1_631' title='bbox 3414 3599 3782 3669; x_wconf 78' lang='grc' dir='ltr'>ἐκπορευόμε-</span> 
     </span>
    </p>
   </div>
   <div class='ocr_carea' id='block_1_77' title="bbox 2203 3686 3780 3760">
    <p class='ocr_par' dir='ltr' id='par_1_77' title="bbox 2203 3686 3780 3760">
     <span class='ocr_line' id='line_1_77' title="bbox 2203 3686 3780 3760; baseline -0.002 -19"><span class='ocrx_word' id='word_1_632' title='bbox 2203 3703 2315 3753; x_wconf 90' lang='grc' dir='ltr'>νον,</span> <span class='ocrx_word' id='word_1_633' title='bbox 2342 3689 2399 3742; x_wconf 88' lang='grc' dir='ltr'><strong>ἐν</strong></span> <span class='ocrx_word' id='word_1_634' title='bbox 2429 3688 2535 3760; x_wconf 73' lang='grc' dir='ltr'>ἰδίᾳ</span> <span class='ocrx_word' id='word_1_635' title='bbox 2565 3689 2861 3742; x_wconf 84' lang='grc' dir='ltr'>ὑποστάσει</span> <span class='ocrx_word' id='word_1_636' title='bbox 2884 3690 3175 3760; x_wconf 87' lang='grc' dir='ltr'>τυγχάνει·</span> <span class='ocrx_word' id='word_1_637' title='bbox 3212 3688 3355 3741; x_wconf 86' lang='grc' dir='ltr'>ὥστε</span> <span class='ocrx_word' id='word_1_638' title='bbox 3386 3688 3513 3757; x_wconf 86' lang='grc' dir='ltr'>μίαν</span> <span class='ocrx_word' id='word_1_639' title='bbox 3544 3689 3561 3727; x_wconf 83' lang='grc' dir='ltr'><strong>ί</strong></span> <span class='ocrx_word' id='word_1_640' title='bbox 3592 3686 3780 3739; x_wconf 73' lang='grc' dir='ltr'>οὐσίαν</span> 
     </span>
    </p>
   </div>
   <div class='ocr_carea' id='block_1_78' title="bbox 2200 3777 3770 3853">
    <p class='ocr_par' dir='ltr' id='par_1_78' title="bbox 2200 3777 3770 3853">
     <span class='ocr_line' id='line_1_78' title="bbox 2200 3777 3770 3853; baseline -0.003 -20"><span class='ocrx_word' id='word_1_641' title='bbox 2200 3780 2261 3833; x_wconf 91' lang='grc' dir='ltr'><strong>ἐν</strong></span> <span class='ocrx_word' id='word_1_642' title='bbox 2308 3781 2486 3851; x_wconf 77' lang='grc' dir='ltr'>τρισὶν</span> <span class='ocrx_word' id='word_1_643' title='bbox 2540 3780 2876 3835; x_wconf 79' lang='grc' dir='ltr'>ὑποστάσεσι</span> <span class='ocrx_word' id='word_1_644' title='bbox 2933 3780 3458 3853; x_wconf 77' lang='grc' dir='ltr'>χαρακτηρίζεσθαι,</span> <span class='ocrx_word' id='word_1_645' title='bbox 3505 3777 3598 3831; x_wconf 77' lang='grc' dir='ltr'>καὶ</span> <span class='ocrx_word' id='word_1_646' title='bbox 3642 3777 3770 3847; x_wconf 74' lang='grc' dir='ltr'>μηδ-</span> 
     </span>
    </p>
   </div>
   <div class='ocr_carea' id='block_1_79' title="bbox 2200 3870 3779 3944">
    <p class='ocr_par' dir='ltr' id='par_1_79' title="bbox 2200 3870 3779 3944">
     <span class='ocr_line' id='line_1_79' title="bbox 2200 3870 3779 3944; baseline 0.01 -22"><span class='ocrx_word' id='word_1_647' title='bbox 2200 3870 2394 3942; x_wconf 89' lang='grc' dir='ltr'>ετέραν</span> <span class='ocrx_word' id='word_1_648' title='bbox 2439 3872 2617 3927; x_wconf 88' lang='grc' dir='ltr'>αὑτῶν</span> <span class='ocrx_word' id='word_1_649' title='bbox 2665 3873 2744 3944; x_wconf 84' lang='grc' dir='ltr'>τῷ</span> <span class='ocrx_word' id='word_1_650' title='bbox 2780 3872 2881 3942; x_wconf 84' lang='grc' dir='ltr'>τῆς</span> <span class='ocrx_word' id='word_1_651' title='bbox 2921 3873 3109 3936; x_wconf 85' lang='grc' dir='ltr'>οὐσίας</span> <span class='ocrx_word' id='word_1_652' title='bbox 3146 3873 3290 3942; x_wconf 87' lang='grc' dir='ltr'>λόγῳ</span> <span class='ocrx_word' id='word_1_653' title='bbox 3338 3870 3779 3943; x_wconf 66' lang='grc' dir='ltr'>ἠλλοτριωμένην</span> 
     </span>
    </p>
   </div>
   <div class='ocr_carea' id='block_1_80' title="bbox 2198 3961 3781 4036">
    <p class='ocr_par' dir='ltr' id='par_1_80' title="bbox 2198 3961 3781 4036">
     <span class='ocr_line' id='line_1_80' title="bbox 2198 3961 3781 4036; baseline -0.003 -21"><span class='ocrx_word' id='word_1_654' title='bbox 2198 3963 2541 4034; x_wconf 87' lang='grc' dir='ltr'>θεωρεῖσθαι,</span> <span class='ocrx_word' id='word_1_655' title='bbox 2569 3965 2762 4034; x_wconf 88' lang='grc' dir='ltr'>μόναις</span> <span class='ocrx_word' id='word_1_656' title='bbox 2783 3964 2840 4017; x_wconf 85' lang='grc' dir='ltr'>δὲ</span> <span class='ocrx_word' id='word_1_657' title='bbox 2866 3964 3088 4035; x_wconf 86' lang='grc' dir='ltr'>ίδιότησι</span> <span class='ocrx_word' id='word_1_658' title='bbox 3109 3963 3655 4036; x_wconf 84' lang='grc' dir='ltr'>χαρακτηριστικαῖς,</span> <span class='ocrx_word' id='word_1_659' title='bbox 3681 3961 3781 4011; x_wconf 84' lang='grc' dir='ltr'>εἴτ’</span> 
     </span>
    </p>
   </div>
   <div class='ocr_carea' id='block_1_81' title="bbox 2193 4049 3779 4127">
    <p class='ocr_par' dir='ltr' id='par_1_81' title="bbox 2193 4049 3779 4127">
     <span class='ocr_line' id='line_1_81' title="bbox 2193 4049 3779 4127; baseline -0.003 -20"><span class='ocrx_word' id='word_1_660' title='bbox 2193 4049 2287 4108; x_wconf 79' lang='grc' dir='ltr'>οὖν</span> <span class='ocrx_word' id='word_1_661' title='bbox 2324 4054 2702 4127; x_wconf 84' lang='grc' dir='ltr'>διοριστικαῖς,</span> <span class='ocrx_word' id='word_1_662' title='bbox 2740 4054 2985 4125; x_wconf 80' lang='grc' dir='ltr'>ἀλλήλων</span> <span class='ocrx_word' id='word_1_663' title='bbox 3020 4056 3277 4109; x_wconf 86' lang='grc' dir='ltr'>νοεῖσθαι.</span> <span class='ocrx_word' id='word_1_664' title='bbox 3338 4054 3459 4118; x_wconf 84' lang='grc' dir='ltr'><strong>Πῶς</strong></span> <span class='ocrx_word' id='word_1_665' title='bbox 3502 4049 3596 4108; x_wconf 80' lang='grc' dir='ltr'>οὖν</span> <span class='ocrx_word' id='word_1_666' title='bbox 3645 4051 3779 4105; x_wconf 59' lang='lat' dir='ltr'><strong>tata.</strong></span> 
     </span>
    </p>
   </div>
   <div class='ocr_carea' id='block_1_82' title="bbox 522 4127 3777 4219">
    <p class='ocr_par' dir='ltr' id='par_1_82' title="bbox 522 4127 3777 4219">
     <span class='ocr_line' id='line_1_82' title="bbox 522 4127 3777 4219; baseline 0.002 -30"><span class='ocrx_word' id='word_1_667' title='bbox 522 4135 692 4202; x_wconf 80' lang='grc' dir='ltr'>ζουσα</span> <span class='ocrx_word' id='word_1_668' title='bbox 731 4136 1001 4206; x_wconf 83' lang='grc' dir='ltr'>ἐνέργεια,</span> <span class='ocrx_word' id='word_1_669' title='bbox 1040 4127 1118 4188; x_wconf 82' lang='grc' dir='ltr'>ὧν</span> <span class='ocrx_word' id='word_1_670' title='bbox 1156 4134 1254 4206; x_wconf 86' lang='grc' dir='ltr'><strong>μία</strong></span> <span class='ocrx_word' id='word_1_671' title='bbox 1286 4135 1383 4190; x_wconf 77' lang='grc' dir='ltr'>καὶ</span> <span class='ocrx_word' id='word_1_672' title='bbox 1430 4138 1464 4209; x_wconf 85' lang='grc' dir='ltr'><strong>ή</strong></span> <span class='ocrx_word' id='word_1_673' title='bbox 1500 4137 1679 4205; x_wconf 90' lang='grc' dir='ltr'>οὑσία,</span> <span class='ocrx_word' id='word_1_674' title='bbox 1724 4138 1819 4193; x_wconf 75' lang='grc' dir='ltr'>καὶ</span> <span class='ocrx_word' id='word_1_675' title='bbox 1851 4140 2143 4212; x_wconf 78' lang='grc' dir='ltr'>ήδὺναμις,</span> <span class='ocrx_word' id='word_1_676' title='bbox 2182 4147 2278 4200; x_wconf 81' lang='grc' dir='ltr'>καὶ</span> <span class='ocrx_word' id='word_1_677' title='bbox 2314 4149 2348 4219; x_wconf 77' lang='grc' dir='ltr'><strong>ἠ</strong></span> <span class='ocrx_word' id='word_1_678' title='bbox 2407 4148 2697 4219; x_wconf 85' lang='grc' dir='ltr'>βούλησις;</span> <span class='ocrx_word' id='word_1_679' title='bbox 2724 4141 2798 4201; x_wconf 82' lang='grc' dir='ltr'><strong>ὧν</strong></span> <span class='ocrx_word' id='word_1_680' title='bbox 2829 4147 2938 4219; x_wconf 86' lang='grc' dir='ltr'><strong>γάρ</strong></span> <span class='ocrx_word' id='word_1_681' title='bbox 2996 4147 3172 4201; x_wconf 87' lang='grc' dir='ltr'>ταῦτα</span> <span class='ocrx_word' id='word_1_682' title='bbox 3202 4144 3393 4211; x_wconf 77' lang='grc' dir='ltr'>κοινά,</span> <span class='ocrx_word' id='word_1_683' title='bbox 3428 4143 3525 4217; x_wconf 88' lang='grc' dir='ltr'><strong>μία</strong></span> <span class='ocrx_word' id='word_1_684' title='bbox 3560 4144 3777 4204; x_wconf 78' lang='grc' dir='ltr'>πάντως</span> 
     </span>
    </p>
   </div>
   <div class='ocr_carea' id='block_1_83' title="bbox 522 4230 789 4302">
    <p class='ocr_par' dir='ltr' id='par_1_83' title="bbox 522 4230 789 4302">
     <span class='ocr_line' id='line_1_83' title="bbox 522 4230 789 4302; baseline 0.007 -18"><span class='ocrx_word' id='word_1_685' title='bbox 522 4230 789 4302; x_wconf 77' lang='grc' dir='ltr'>ἐνέργεια.</span> 
     </span>
    </p>
   </div>
   <div class='ocr_carea' id='block_1_84' title="bbox 1076 4347 1543 4418">
    <p class='ocr_par' dir='ltr' id='par_1_84' title="bbox 1076 4347 1543 4418">
     <span class='ocr_line' id='line_1_84' title="bbox 1076 4347 1543 4418; baseline 0 -17"><span class='ocrx_word' id='word_1_686' title='bbox 1076 4347 1263 4418; x_wconf 82' lang='lat' dir='ltr'><strong>Cyrilli</strong></span> <span class='ocrx_word' id='word_1_687' title='bbox 1290 4347 1543 4417; x_wconf 75' lang='lat' dir='ltr'><strong>defensio.</strong></span> 
     </span>
    </p>
   </div>
   <div class='ocr_carea' id='block_1_85' title="bbox 593 4460 2099 4531">
    <p class='ocr_par' dir='ltr' id='par_1_85' title="bbox 593 4460 2099 4531">
     <span class='ocr_line' id='line_1_85' title="bbox 593 4460 2099 4531; baseline -0.001 -16"><span class='ocrx_word' id='word_1_688' title='bbox 593 4460 870 4531; x_wconf 85' lang='lat' dir='ltr'><strong>Numquid</strong></span> <span class='ocrx_word' id='word_1_689' title='bbox 909 4461 1040 4516; x_wconf 91' lang='lat' dir='ltr'><strong>mibi</strong></span> <span class='ocrx_word' id='word_1_690' title='bbox 1073 4464 1288 4516; x_wconf 86' lang='lat' dir='ltr'><strong>testium</strong></span> <span class='ocrx_word' id='word_1_691' title='bbox 1345 4477 1477 4516; x_wconf 88' lang='lat' dir='ltr'><strong>voce</strong></span> <span class='ocrx_word' id='word_1_692' title='bbox 1516 4477 1651 4531; x_wconf 89' lang='lat' dir='ltr'><strong>opus</strong></span> <span class='ocrx_word' id='word_1_693' title='bbox 1690 4461 1795 4515; x_wconf 91' lang='lat' dir='ltr'><strong>erit</strong></span> <span class='ocrx_word' id='word_1_694' title='bbox 1842 4460 1907 4515; x_wconf 87' lang='lat' dir='ltr'><strong>ad</strong></span> <span class='ocrx_word' id='word_1_695' title='bbox 1949 4474 2099 4515; x_wconf 89' lang='lat' dir='ltr'><strong>com-</strong></span> 
     </span>
    </p>
   </div>
   <div class='ocr_carea' id='block_1_86' title="bbox 521 4552 2098 4622">
    <p class='ocr_par' dir='ltr' id='par_1_86' title="bbox 521 4552 2098 4622">
     <span class='ocr_line' id='line_1_86' title="bbox 521 4552 2098 4622; baseline -0.003 -11"><span class='ocrx_word' id='word_1_696' title='bbox 521 4555 955 4619; x_wconf 85' lang='lat' dir='ltr'><strong>moustrandum,</strong></span> <span class='ocrx_word' id='word_1_697' title='bbox 1009 4554 1351 4608; x_wconf 88' lang='lat' dir='ltr'><strong>adversarios</strong></span> <span class='ocrx_word' id='word_1_698' title='bbox 1423 4568 1557 4607; x_wconf 87' lang='lat' dir='ltr'><strong>vana</strong></span> <span class='ocrx_word' id='word_1_699' title='bbox 1622 4552 1767 4622; x_wconf 89' lang='lat' dir='ltr'><strong>loqui</strong></span> <span class='ocrx_word' id='word_1_700' title='bbox 1824 4552 1981 4617; x_wconf 90' lang='lat' dir='ltr'><strong>velle,</strong></span> <span class='ocrx_word' id='word_1_701' title='bbox 2043 4560 2098 4606; x_wconf 89' lang='lat' dir='ltr'><strong>et</strong></span> 
     </span>
    </p>
   </div>
   <div class='ocr_carea' id='block_1_87' title="bbox 521 4644 2097 4713">
    <p class='ocr_par' dir='ltr' id='par_1_87' title="bbox 521 4644 2097 4713">
     <span class='ocr_line' id='line_1_87' title="bbox 521 4644 2097 4713; baseline 0 -14"><span class='ocrx_word' id='word_1_702' title='bbox 521 4648 811 4701; x_wconf 88' lang='lat' dir='ltr'><strong>adversum</strong></span> <span class='ocrx_word' id='word_1_703' title='bbox 845 4660 943 4701; x_wconf 85' lang='lat' dir='ltr'><strong>nos</strong></span> <span class='ocrx_word' id='word_1_704' title='bbox 992 4655 1197 4702; x_wconf 90' lang='lat' dir='ltr'><strong>temere</strong></span> <span class='ocrx_word' id='word_1_705' title='bbox 1228 4645 1576 4713; x_wconf 88' lang='lat' dir='ltr'><strong>blasphcmiis</strong></span> <span class='ocrx_word' id='word_1_706' title='bbox 1608 4644 1733 4699; x_wconf 87' lang='lat' dir='ltr'><strong>uti?</strong></span> <span class='ocrx_word' id='word_1_707' title='bbox 1770 4644 1964 4699; x_wconf 81' lang='lat' dir='ltr'><strong>Verum</strong></span> <span class='ocrx_word' id='word_1_708' title='bbox 1994 4644 2097 4699; x_wconf 89' lang='lat' dir='ltr'><strong>hoc</strong></span> 
     </span>
    </p>
   </div>
   <div class='ocr_carea' id='block_1_88' title="bbox 522 4734 2094 4806">
    <p class='ocr_par' dir='ltr' id='par_1_88' title="bbox 522 4734 2094 4806">
     <span class='ocr_line' id='line_1_88' title="bbox 522 4734 2094 4806; baseline -0.001 -15"><span class='ocrx_word' id='word_1_709' title='bbox 522 4738 673 4792; x_wconf 84' lang='lat' dir='ltr'><strong>solus</strong></span> <span class='ocrx_word' id='word_1_710' title='bbox 710 4736 927 4791; x_wconf 91' lang='lat' dir='ltr'><strong>illorum</strong></span> <span class='ocrx_word' id='word_1_711' title='bbox 967 4753 1167 4803; x_wconf 89' lang='lat' dir='ltr'><strong>sermo,</strong></span> <span class='ocrx_word' id='word_1_712' title='bbox 1204 4747 1263 4790; x_wconf 92' lang='lat' dir='ltr'><strong>ut</strong></span> <span class='ocrx_word' id='word_1_713' title='bbox 1299 4736 1515 4806; x_wconf 85' lang='lat' dir='ltr'><strong>Opinor,</strong></span> <span class='ocrx_word' id='word_1_714' title='bbox 1558 4736 1840 4791; x_wconf 87' lang='lat' dir='ltr'><strong>indicabit.</strong></span> <span class='ocrx_word' id='word_1_715' title='bbox 1868 4734 2001 4789; x_wconf 87' lang='lat' dir='ltr'><strong>Nam</strong></span> <span class='ocrx_word' id='word_1_716' title='bbox 2040 4736 2094 4789; x_wconf 91' lang='lat' dir='ltr'><strong>iu</strong></span> 
     </span>
    </p>
   </div>
   <div class='ocr_carea' id='block_1_89' title="bbox 523 4826 2093 4899">
    <p class='ocr_par' dir='ltr' id='par_1_89' title="bbox 523 4826 2093 4899">
     <span class='ocr_line' id='line_1_89' title="bbox 523 4826 2093 4899; baseline 0.001 -18"><span class='ocrx_word' id='word_1_717' title='bbox 523 4829 802 4899; x_wconf 86' lang='lat' dir='ltr'><strong>proposito</strong></span> <span class='ocrx_word' id='word_1_718' title='bbox 845 4829 1302 4884; x_wconf 89' lang='lat' dir='ltr'><strong>auathematismo</strong></span> <span class='ocrx_word' id='word_1_719' title='bbox 1345 4826 1735 4883; x_wconf 76' lang='lat' dir='ltr'><strong>aliirmavimus</strong></span> <span class='ocrx_word' id='word_1_720' title='bbox 1785 4828 2093 4892; x_wconf 84' lang='lat' dir='ltr'><strong>manifeste,</strong></span> 
     </span>
    </p>
   </div>
   <div class='ocr_carea' id='block_1_90' title="bbox 523 4922 2097 4994">
    <p class='ocr_par' dir='ltr' id='par_1_90' title="bbox 523 4922 2097 4994">
     <span class='ocr_line' id='line_1_90' title="bbox 523 4922 2097 4994; baseline -0.001 -17"><span class='ocrx_word' id='word_1_721' title='bbox 523 4924 802 4994; x_wconf 86' lang='lat' dir='ltr'><strong>proprium</strong></span> <span class='ocrx_word' id='word_1_722' title='bbox 855 4938 975 4978; x_wconf 84' lang='lat' dir='ltr'><strong>esse</strong></span> <span class='ocrx_word' id='word_1_723' title='bbox 1020 4922 1143 4977; x_wconf 90' lang='lat' dir='ltr'><strong>Filii</strong></span> <span class='ocrx_word' id='word_1_724' title='bbox 1207 4923 1471 4994; x_wconf 88' lang='lat' dir='ltr'><strong>Spiritum</strong></span> <span class='ocrx_word' id='word_1_725' title='bbox 1522 4934 1819 4988; x_wconf 87' lang='lat' dir='ltr'><strong>sanctum;</strong></span> <span class='ocrx_word' id='word_1_726' title='bbox 1859 4933 1915 4978; x_wconf 90' lang='lat' dir='ltr'><strong>et</strong></span> <span class='ocrx_word' id='word_1_727' title='bbox 1952 4922 2097 4993; x_wconf 89' lang='lat' dir='ltr'><strong>quod</strong></span> 
     </span>
    </p>
   </div>
   <div class='ocr_carea' id='block_1_91' title="bbox 525 5015 2095 5087">
    <p class='ocr_par' dir='ltr' id='par_1_91' title="bbox 525 5015 2095 5087">
     <span class='ocr_line' id='line_1_91' title="bbox 525 5015 2095 5087; baseline 0.001 -18"><span class='ocrx_word' id='word_1_728' title='bbox 525 5032 621 5085; x_wconf 84' lang='lat' dir='ltr'><strong>per</strong></span> <span class='ocrx_word' id='word_1_729' title='bbox 646 5016 883 5086; x_wconf 88' lang='lat' dir='ltr'><strong>seipsum</strong></span> <span class='ocrx_word' id='word_1_730' title='bbox 934 5015 1226 5087; x_wconf 89' lang='lat' dir='ltr'><strong>perfecerit</strong></span> <span class='ocrx_word' id='word_1_731' title='bbox 1264 5017 1444 5071; x_wconf 85' lang='lat' dir='ltr'><strong>divina</strong></span> <span class='ocrx_word' id='word_1_732' title='bbox 1477 5015 1649 5087; x_wconf 79' lang='lat' dir='ltr'><strong>signa.</strong></span> <span class='ocrx_word' id='word_1_733' title='bbox 1686 5017 1757 5070; x_wconf 87' lang='lat' dir='ltr'><strong>At</strong></span> <span class='ocrx_word' id='word_1_734' title='bbox 1783 5016 1879 5081; x_wconf 91' lang='lat' dir='ltr'><strong>illi,</strong></span> <span class='ocrx_word' id='word_1_735' title='bbox 1902 5031 2095 5086; x_wconf 87' lang='lat' dir='ltr'><strong>quam-</strong></span> 
     </span>
    </p>
   </div>
   <div class='ocr_carea' id='block_1_92' title="bbox 523 5107 2096 5180">
    <p class='ocr_par' dir='ltr' id='par_1_92' title="bbox 523 5107 2096 5180">
     <span class='ocr_line' id='line_1_92' title="bbox 523 5107 2096 5180; baseline 0.001 -19"><span class='ocrx_word' id='word_1_736' title='bbox 523 5111 604 5163; x_wconf 90' lang='lat' dir='ltr'><strong>vis</strong></span> <span class='ocrx_word' id='word_1_737' title='bbox 629 5123 770 5180; x_wconf 70' lang='lat' dir='ltr'><strong>smpe</strong></span> <span class='ocrx_word' id='word_1_738' title='bbox 794 5107 1087 5177; x_wconf 86' lang='lat' dir='ltr'><strong>alIirmcnt,</strong></span> <span class='ocrx_word' id='word_1_739' title='bbox 1117 5124 1204 5164; x_wconf 89' lang='lat' dir='ltr'><strong>me</strong></span> <span class='ocrx_word' id='word_1_740' title='bbox 1238 5109 1467 5164; x_wconf 87' lang='lat' dir='ltr'><strong>oblitum</strong></span> <span class='ocrx_word' id='word_1_741' title='bbox 1520 5123 1644 5164; x_wconf 82' lang='lat' dir='ltr'><strong>esse</strong></span> <span class='ocrx_word' id='word_1_742' title='bbox 1704 5123 1949 5163; x_wconf 89' lang='lat' dir='ltr'><strong>meorum</strong></span> <span class='ocrx_word' id='word_1_743' title='bbox 1980 5123 2096 5163; x_wconf 86' lang='lat' dir='ltr'><strong>ser—</strong></span> 
     </span>
    </p>
   </div>
   <div class='ocr_carea' id='block_1_93' title="bbox 524 5198 2097 5272">
    <p class='ocr_par' dir='ltr' id='par_1_93' title="bbox 524 5198 2097 5272">
     <span class='ocr_line' id='line_1_93' title="bbox 524 5198 2097 5272; baseline 0.001 -18"><span class='ocrx_word' id='word_1_744' title='bbox 524 5214 762 5264; x_wconf 86' lang='lat' dir='ltr'><strong>monum,</strong></span> <span class='ocrx_word' id='word_1_745' title='bbox 816 5199 869 5253; x_wconf 92' lang='lat' dir='ltr'><strong>in</strong></span> <span class='ocrx_word' id='word_1_746' title='bbox 899 5212 1020 5254; x_wconf 87' lang='lat' dir='ltr'><strong>eam</strong></span> <span class='ocrx_word' id='word_1_747' title='bbox 1059 5200 1478 5272; x_wconf 79' lang='lat' dir='ltr'><strong>progrediuntur</strong></span> <span class='ocrx_word' id='word_1_748' title='bbox 1525 5199 1915 5269; x_wconf 88' lang='lat' dir='ltr'><strong>stupiditatem,</strong></span> <span class='ocrx_word' id='word_1_749' title='bbox 1986 5198 2097 5255; x_wconf 91' lang='lat' dir='ltr'><strong>imo</strong></span> 
     </span>
    </p>
   </div>
   <div class='ocr_carea' id='block_1_94' title="bbox 2127 4356 2174 4413">
    <p class='ocr_par' dir='ltr' id='par_1_94' title="bbox 2127 4356 2174 4413">
     <span class='ocr_line' id='line_1_94' title="bbox 2127 4356 2174 4413; baseline 0 0"><span class='ocrx_word' id='word_1_750' title='bbox 2127 4356 2174 4413; x_wconf 92' lang='lat' dir='ltr'><strong><em>D</em></strong></span> 
     </span>
    </p>
   </div>
   <div class='ocr_carea' id='block_1_95' title="bbox 2655 4353 3333 4425">
    <p class='ocr_par' dir='ltr' id='par_1_95' title="bbox 2655 4353 3333 4425">
     <span class='ocr_line' id='line_1_95' title="bbox 2655 4353 3333 4425; baseline -0.004 -16"><span class='ocrx_word' id='word_1_751' title='bbox 2655 4353 2970 4425; x_wconf 78' lang='grc' dir='ltr'>Ἀπολογία</span> <span class='ocrx_word' id='word_1_752' title='bbox 3008 4353 3333 4421; x_wconf 77' lang='grc' dir='ltr'>Κυρίλλου.</span> 
     </span>
    </p>
   </div>
   <div class='ocr_carea' id='block_1_96' title="bbox 2274 4462 3775 4539">
    <p class='ocr_par' dir='ltr' id='par_1_96' title="bbox 2274 4462 3775 4539">
     <span class='ocr_line' id='line_1_96' title="bbox 2274 4462 3775 4539; baseline -0.003 -17"><span class='ocrx_word' id='word_1_753' title='bbox 2274 4463 2423 4538; x_wconf 72' lang='grc' dir='ltr'><strong>Ἀρά</strong></span> <span class='ocrx_word' id='word_1_754' title='bbox 2457 4484 2545 4537; x_wconf 90' lang='grc' dir='ltr'><strong>μοι</strong></span> <span class='ocrx_word' id='word_1_755' title='bbox 2578 4466 2871 4539; x_wconf 86' lang='grc' dir='ltr'>μαρτύρων</span> <span class='ocrx_word' id='word_1_756' title='bbox 2910 4466 3092 4537; x_wconf 82' lang='grc' dir='ltr'>δεήσει</span> <span class='ocrx_word' id='word_1_757' title='bbox 3129 4464 3316 4534; x_wconf 82' lang='grc' dir='ltr'>φωνῆς</span> <span class='ocrx_word' id='word_1_758' title='bbox 3360 4462 3497 4534; x_wconf 75' lang='grc' dir='ltr'>πρὸς</span> <span class='ocrx_word' id='word_1_759' title='bbox 3540 4463 3600 4516; x_wconf 89' lang='lat'><strong>:6</strong></span> <span class='ocrx_word' id='word_1_760' title='bbox 3637 4463 3775 4517; x_wconf 78' lang='grc' dir='ltr'><strong>ἀπο-</strong></span> 
     </span>
    </p>
   </div>
   <div class='ocr_carea' id='block_1_97' title="bbox 2204 4553 3772 4633">
    <p class='ocr_par' dir='ltr' id='par_1_97' title="bbox 2204 4553 3772 4633">
     <span class='ocr_line' id='line_1_97' title="bbox 2204 4553 3772 4633; baseline -0.005 -19"><span class='ocrx_word' id='word_1_761' title='bbox 2204 4564 2369 4633; x_wconf 82' lang='grc' dir='ltr'>φῆναι</span> <span class='ocrx_word' id='word_1_762' title='bbox 2422 4561 2548 4622; x_wconf 82' lang='grc' dir='ltr'>τοὺς</span> <span class='ocrx_word' id='word_1_763' title='bbox 2587 4560 2654 4612; x_wconf 86' lang='grc' dir='ltr'>δι’</span> <span class='ocrx_word' id='word_1_764' title='bbox 2710 4558 2957 4622; x_wconf 73' lang='grc' dir='ltr'>ἐναντίας</span> <span class='ocrx_word' id='word_1_765' title='bbox 3005 4557 3374 4625; x_wconf 85' lang='grc' dir='ltr'>είκαιολόγους</span> <span class='ocrx_word' id='word_1_766' title='bbox 3417 4554 3697 4617; x_wconf 76' lang='grc' dir='ltr'>ἐθέλοντας</span> <span class='ocrx_word' id='word_1_767' title='bbox 3727 4553 3772 4615; x_wconf 84' lang='lat' dir='ltr'><strong>i,</strong></span> 
     </span>
    </p>
   </div>
   <div class='ocr_carea' id='block_1_98' title="bbox 2202 4644 3776 4719">
    <p class='ocr_par' dir='ltr' id='par_1_98' title="bbox 2202 4644 3776 4719">
     <span class='ocr_line' id='line_1_98' title="bbox 2202 4644 3776 4719; baseline -0.004 -16"><span class='ocrx_word' id='word_1_768' title='bbox 2202 4650 2298 4703; x_wconf 78' lang='grc' dir='ltr'>καὶ</span> <span class='ocrx_word' id='word_1_769' title='bbox 2326 4652 2447 4713; x_wconf 89' lang='grc' dir='ltr'>ταῖς</span> <span class='ocrx_word' id='word_1_770' title='bbox 2484 4646 2606 4703; x_wconf 84' lang='grc' dir='ltr'>καθ’</span> <span class='ocrx_word' id='word_1_771' title='bbox 2631 4648 2790 4719; x_wconf 78' lang='grc' dir='ltr'>ήμῶν</span> <span class='ocrx_word' id='word_1_772' title='bbox 2814 4646 3147 4717; x_wconf 87' lang='grc' dir='ltr'>δυσφημίαις</span> <span class='ocrx_word' id='word_1_773' title='bbox 3183 4644 3603 4716; x_wconf 81' lang='grc' dir='ltr'>ἀπερισκέπτως</span> <span class='ocrx_word' id='word_1_774' title='bbox 3633 4661 3776 4714; x_wconf 84' lang='grc' dir='ltr'>χρω-</span> 
     </span>
    </p>
   </div>
   <div class='ocr_carea' id='block_1_99' title="bbox 2206 4732 3776 4810">
    <p class='ocr_par' dir='ltr' id='par_1_99' title="bbox 2206 4732 3776 4810">
     <span class='ocr_line' id='line_1_99' title="bbox 2206 4732 3776 4810; baseline -0.006 -18"><span class='ocrx_word' id='word_1_775' title='bbox 2206 4738 2434 4810; x_wconf 83' lang='grc' dir='ltr'>μένους;</span> <span class='ocrx_word' id='word_1_776' title='bbox 2469 4736 2632 4801; x_wconf 81' lang='grc' dir='ltr'>Ἀλλ’,</span> <span class='ocrx_word' id='word_1_777' title='bbox 2663 4732 2839 4807; x_wconf 76' lang='grc' dir='ltr'>οἶμαι,</span> <span class='ocrx_word' id='word_1_778' title='bbox 2867 4736 3019 4789; x_wconf 77' lang='grc' dir='ltr'>τουτὶ</span> <span class='ocrx_word' id='word_1_779' title='bbox 3064 4734 3160 4788; x_wconf 74' lang='grc' dir='ltr'>καὶ</span> <span class='ocrx_word' id='word_1_780' title='bbox 3196 4735 3353 4805; x_wconf 84' lang='grc' dir='ltr'>μόνος</span> <span class='ocrx_word' id='word_1_781' title='bbox 3383 4735 3411 4786; x_wconf 93' lang='lat'><strong>6</strong></span> <span class='ocrx_word' id='word_1_782' title='bbox 3444 4734 3573 4803; x_wconf 82' lang='grc' dir='ltr'>παρ’</span> <span class='ocrx_word' id='word_1_783' title='bbox 3600 4733 3776 4785; x_wconf 80' lang='grc' dir='ltr'>αὑτῶν</span> 
     </span>
    </p>
   </div>
   <div class='ocr_carea' id='block_1_100' title="bbox 2200 4825 3773 4899">
    <p class='ocr_par' dir='ltr' id='par_1_100' title="bbox 2200 4825 3773 4899">
     <span class='ocr_line' id='line_1_100' title="bbox 2200 4825 3773 4899; baseline -0.004 -16"><span class='ocrx_word' id='word_1_784' title='bbox 2200 4828 2452 4894; x_wconf 82' lang='grc' dir='ltr'>διαδείξει</span> <span class='ocrx_word' id='word_1_785' title='bbox 2480 4829 2505 4868; x_wconf 77' lang='grc' dir='ltr'>Ιι</span> <span class='ocrx_word' id='word_1_786' title='bbox 2532 4828 2709 4898; x_wconf 86' lang='grc' dir='ltr'>λόγος.</span> <span class='ocrx_word' id='word_1_787' title='bbox 2754 4829 2842 4881; x_wconf 90' lang='grc' dir='ltr'>Ἐν</span> <span class='ocrx_word' id='word_1_788' title='bbox 2885 4828 2983 4899; x_wconf 83' lang='grc' dir='ltr'>μὲν</span> <span class='ocrx_word' id='word_1_789' title='bbox 3021 4826 3128 4899; x_wconf 83' lang='grc' dir='ltr'>γὰρ</span> <span class='ocrx_word' id='word_1_790' title='bbox 3156 4826 3235 4897; x_wconf 84' lang='grc' dir='ltr'>τῷ</span> <span class='ocrx_word' id='word_1_791' title='bbox 3272 4825 3619 4897; x_wconf 84' lang='grc' dir='ltr'>προκειμένῳ</span> <span class='ocrx_word' id='word_1_792' title='bbox 3648 4826 3773 4877; x_wconf 85' lang='grc' dir='ltr'>άνα·</span> 
     </span>
    </p>
   </div>
   <div class='ocr_carea' id='block_1_101' title="bbox 2203 4912 3773 4989">
    <p class='ocr_par' dir='ltr' id='par_1_101' title="bbox 2203 4912 3773 4989">
     <span class='ocr_line' id='line_1_101' title="bbox 2203 4912 3773 4989; baseline -0.004 -17"><span class='ocrx_word' id='word_1_793' title='bbox 2203 4916 2527 4989; x_wconf 85' lang='grc' dir='ltr'>θεματισμῷ</span> <span class='ocrx_word' id='word_1_794' title='bbox 2568 4918 3031 4989; x_wconf 86' lang='grc' dir='ltr'>διισχυρισάμεθα</span> <span class='ocrx_word' id='word_1_795' title='bbox 3082 4916 3269 4986; x_wconf 84' lang='grc' dir='ltr'>σαφῶς</span> <span class='ocrx_word' id='word_1_796' title='bbox 3324 4914 3454 4968; x_wconf 77' lang='grc' dir='ltr'>ἴδιον</span> <span class='ocrx_word' id='word_1_797' title='bbox 3495 4912 3634 4969; x_wconf 76' lang='grc' dir='ltr'>εἶναι</span> <span class='ocrx_word' id='word_1_798' title='bbox 3682 4912 3773 4967; x_wconf 80' lang='grc' dir='ltr'><strong>τοῦ</strong></span> 
     </span>
    </p>
   </div>
   <div class='ocr_carea' id='block_1_102' title="bbox 2204 5006 3775 5082">
    <p class='ocr_par' dir='ltr' id='par_1_102' title="bbox 2204 5006 3775 5082">
     <span class='ocr_line' id='line_1_102' title="bbox 2204 5006 3775 5082; baseline -0.004 -17"><span class='ocrx_word' id='word_1_799' title='bbox 2204 5011 2335 5065; x_wconf 85' lang='grc' dir='ltr'>Υἱοῦ</span> <span class='ocrx_word' id='word_1_800' title='bbox 2349 5011 2408 5064; x_wconf 88' lang='lat'><strong>:6</strong></span> <span class='ocrx_word' id='word_1_801' title='bbox 2434 5011 2657 5082; x_wconf 87' lang='grc' dir='ltr'>Πνεῦμα</span> <span class='ocrx_word' id='word_1_802' title='bbox 2669 5011 2727 5064; x_wconf 83' lang='grc' dir='ltr'>τὸ</span> <span class='ocrx_word' id='word_1_803' title='bbox 2750 5010 2924 5079; x_wconf 82' lang='grc' dir='ltr'>άγιον,</span> <span class='ocrx_word' id='word_1_804' title='bbox 2956 5011 3054 5064; x_wconf 80' lang='grc' dir='ltr'>καὶ</span> <span class='ocrx_word' id='word_1_805' title='bbox 3084 5008 3211 5081; x_wconf 85' lang='grc' dir='ltr'>μὴν,</span> <span class='ocrx_word' id='word_1_806' title='bbox 3237 5009 3318 5061; x_wconf 87' lang='grc' dir='ltr'>ὅτι</span> <span class='ocrx_word' id='word_1_807' title='bbox 3345 5008 3413 5061; x_wconf 87' lang='grc' dir='ltr'><strong>δι’</strong></span> <span class='ocrx_word' id='word_1_808' title='bbox 3439 5006 3603 5062; x_wconf 79' lang='grc' dir='ltr'>αὑτοῦ</span> <span class='ocrx_word' id='word_1_809' title='bbox 3630 5007 3775 5058; x_wconf 81' lang='grc' dir='ltr'>τετέ-</span> 
     </span>
    </p>
   </div>
   <div class='ocr_carea' id='block_1_103' title="bbox 2202 5098 3775 5175">
    <p class='ocr_par' dir='ltr' id='par_1_103' title="bbox 2202 5098 3775 5175">
     <span class='ocr_line' id='line_1_103' title="bbox 2202 5098 3775 5175; baseline -0.005 -17"><span class='ocrx_word' id='word_1_810' title='bbox 2202 5106 2327 5158; x_wconf 89' lang='grc' dir='ltr'>λεκε</span> <span class='ocrx_word' id='word_1_811' title='bbox 2348 5105 2448 5168; x_wconf 83' lang='grc' dir='ltr'>τὰς</span> <span class='ocrx_word' id='word_1_812' title='bbox 2479 5104 2833 5175; x_wconf 86' lang='grc' dir='ltr'>θεοσημείας.</span> <span class='ocrx_word' id='word_1_813' title='bbox 2859 5106 2921 5158; x_wconf 88' lang='grc' dir='ltr'><strong>Οἱ</strong></span> <span class='ocrx_word' id='word_1_814' title='bbox 2948 5104 3030 5168; x_wconf 85' lang='grc' dir='ltr'>δὲ,</span> <span class='ocrx_word' id='word_1_815' title='bbox 3055 5102 3231 5157; x_wconf 85' lang='grc' dir='ltr'>καίτοι</span> <span class='ocrx_word' id='word_1_816' title='bbox 3258 5101 3521 5163; x_wconf 86' lang='grc' dir='ltr'>πολλάκις</span> <span class='ocrx_word' id='word_1_817' title='bbox 3548 5099 3564 5139; x_wconf 86' lang='grc'><strong>¹</strong></span> <span class='ocrx_word' id='word_1_818' title='bbox 3593 5098 3775 5168; x_wconf 75' lang='grc' dir='ltr'>ἐπιλήσ</span> 
     </span>
    </p>
   </div>
   <div class='ocr_carea' id='block_1_104' title="bbox 2203 5190 3776 5268">
    <p class='ocr_par' dir='ltr' id='par_1_104' title="bbox 2203 5190 3776 5268">
     <span class='ocr_line' id='line_1_104' title="bbox 2203 5190 3776 5268; baseline -0.005 -18"><span class='ocrx_word' id='word_1_819' title='bbox 2203 5197 2378 5268; x_wconf 89' lang='grc' dir='ltr'>σμονά</span> <span class='ocrx_word' id='word_1_820' title='bbox 2404 5214 2471 5268; x_wconf 90' lang='grc' dir='ltr'><strong>με</strong></span> <span class='ocrx_word' id='word_1_821' title='bbox 2493 5196 2602 5250; x_wconf 85' lang='grc' dir='ltr'><strong>τῶν</strong></span> <span class='ocrx_word' id='word_1_822' title='bbox 2630 5195 2867 5267; x_wconf 76' lang='grc' dir='ltr'>ἐμαυτοῦ</span> <span class='ocrx_word' id='word_1_823' title='bbox 2889 5204 2927 5233; x_wconf 65' lang='grc' dir='ltr'>ω</span> <span class='ocrx_word' id='word_1_824' title='bbox 2955 5196 3131 5263; x_wconf 81' lang='grc' dir='ltr'>λόγων</span> <span class='ocrx_word' id='word_1_825' title='bbox 3164 5192 3416 5263; x_wconf 83' lang='grc' dir='ltr'>γενέσθαι</span> <span class='ocrx_word' id='word_1_826' title='bbox 3455 5190 3776 5263; x_wconf 69' lang='grc' dir='ltr'>διισχυριξόι</span> 
     </span>
    </p>
   </div>
   <div class='ocr_carea' id='block_1_105' title="bbox 594 5360 2098 5443">
    <p class='ocr_par' dir='ltr' id='par_1_105' title="bbox 594 5368 2089 5443">
     <span class='ocr_line' id='line_1_105' title="bbox 594 5368 2089 5443; baseline 0.009 -20"><span class='ocrx_word' id='word_1_827' title='bbox 594 5369 850 5443; x_wconf 42' lang='grc' dir='ltr'>ἐιΜειιΙι.</span> <span class='ocrx_word' id='word_1_828' title='bbox 894 5387 969 5438; x_wconf 76' lang='grc' dir='ltr'><strong>ιι,</strong></span> <span class='ocrx_word' id='word_1_829' title='bbox 995 5371 1087 5426; x_wconf 74' lang='grc'><strong>28.</strong></span> <span class='ocrx_word' id='word_1_830' title='bbox 1164 5372 1209 5403; x_wconf 77' lang='grc'><strong>⁸⁸</strong></span> <span class='ocrx_word' id='word_1_831' title='bbox 1240 5368 1397 5427; x_wconf 83' lang='lat' dir='ltr'><strong>Joan.</strong></span> <span class='ocrx_word' id='word_1_832' title='bbox 1418 5386 1531 5437; x_wconf 71' lang='grc' dir='ltr'>τιν,</span> <span class='ocrx_word' id='word_1_833' title='bbox 1564 5368 1657 5425; x_wconf 85' lang='lat' dir='ltr'><strong>l0.</strong></span> <span class='ocrx_word' id='word_1_834' title='bbox 1735 5369 1962 5442; x_wconf 73' lang='lat' dir='ltr'><strong>‘,Mallh-</strong></span> <span class='ocrx_word' id='word_1_835' title='bbox 1988 5384 2089 5437; x_wconf 69' lang='grc' dir='ltr'>ιιι,</span> 
     </span>
    </p>
   </div>
   <div class='ocr_carea' id='block_1_106' title="bbox 2199 5360 3209 5443">
    <p class='ocr_par' dir='ltr' id='par_1_106' title="bbox 2199 5360 3209 5433">
     <span class='ocr_line' id='line_1_106' title="bbox 2199 5360 3209 5433; baseline -0.005 -13"><span class='ocrx_word' id='word_1_836' title='bbox 2199 5415 2200 5420; x_wconf 46' lang='grc' dir='ltr'><strong>η</strong></span> <span class='ocrx_word' id='word_1_837' title='bbox 2279 5370 2299 5401; x_wconf 80' lang='lat'><strong>’</strong></span> <span class='ocrx_word' id='word_1_838' title='bbox 2324 5366 2469 5423; x_wconf 90' lang='lat' dir='ltr'><strong>Psal.</strong></span> <span class='ocrx_word' id='word_1_839' title='bbox 2511 5381 2684 5433; x_wconf 75' lang='lat' dir='ltr'><strong>xxxii,</strong></span> <span class='ocrx_word' id='word_1_840' title='bbox 2716 5364 2769 5419; x_wconf 87' lang='grc'><strong>6.</strong></span> <span class='ocrx_word' id='word_1_841' title='bbox 2847 5364 2868 5396; x_wconf 87' lang='grc'><em>³</em></span> <span class='ocrx_word' id='word_1_842' title='bbox 2901 5360 3057 5417; x_wconf 86' lang='lat' dir='ltr'><strong>Joan.</strong></span> <span class='ocrx_word' id='word_1_843' title='bbox 3091 5379 3128 5431; x_wconf 85' lang='grc' dir='ltr'><strong>ι,</strong></span> <span class='ocrx_word' id='word_1_844' title='bbox 3156 5362 3209 5417; x_wconf 80' lang='grc'>5.</span> 
     </span>
    </p>
   </div>
   <div class='ocr_carea' id='block_1_107' title="bbox 1559 5522 2775 5595">
    <p class='ocr_par' dir='ltr' id='par_1_107' title="bbox 1559 5522 2775 5595">
     <span class='ocr_line' id='line_1_107' title="bbox 1559 5522 2775 5595; baseline -0.002 -16"><span class='ocrx_word' id='word_1_845' title='bbox 1559 5556 1571 5570; x_wconf 90' lang='grc'><strong>-</strong></span> <span class='ocrx_word' id='word_1_846' title='bbox 1590 5524 1763 5580; x_wconf 64' lang='lat' dir='ltr'><strong>Varia!</strong></span> <span class='ocrx_word' id='word_1_847' title='bbox 1795 5526 2051 5581; x_wconf 84' lang='lat' dir='ltr'><strong>lectiones</strong></span> <span class='ocrx_word' id='word_1_848' title='bbox 2080 5542 2146 5581; x_wconf 77' lang='lat' dir='ltr'><strong>ex</strong></span> <span class='ocrx_word' id='word_1_849' title='bbox 2176 5524 2364 5581; x_wconf 85' lang='lat' dir='ltr'><strong>codice</strong></span> <span class='ocrx_word' id='word_1_850' title='bbox 2391 5522 2775 5595; x_wconf 77' lang='lat' dir='ltr'><strong>Seguieriauo.</strong></span> 
     </span>
    </p>
   </div>
   <div class='ocr_carea' id='block_1_108' title="bbox 597 5697 1427 5775">
    <p class='ocr_par' dir='ltr' id='par_1_108' title="bbox 597 5697 1427 5775">
     <span class='ocr_line' id='line_1_108' title="bbox 597 5697 1427 5775; baseline 0 -22"><span class='ocrx_word' id='word_1_851' title='bbox 597 5699 725 5775; x_wconf 50' lang='lat'><strong>{63;</strong></span> <span class='ocrx_word' id='word_1_852' title='bbox 752 5716 874 5752; x_wconf 79' lang='grc' dir='ltr'>που.</span> <span class='ocrx_word' id='word_1_853' title='bbox 956 5698 973 5737; x_wconf 68' lang='grc' dir='ltr'><em>τ</em></span> <span class='ocrx_word' id='word_1_854' title='bbox 1004 5700 1078 5761; x_wconf 78' lang='grc' dir='ltr'>ὡς</span> <span class='ocrx_word' id='word_1_855' title='bbox 1112 5697 1427 5775; x_wconf 51' lang='grc' dir='ltr'>γὰρᾼὸγος.</span> 
     </span>
    </p>
   </div>
   <div class='ocr_carea' id='block_1_109' title="bbox 1827 5698 2075 5768">
    <p class='ocr_par' dir='ltr' id='par_1_109' title="bbox 1827 5698 2075 5768">
     <span class='ocr_line' id='line_1_109' title="bbox 1827 5698 2075 5768; baseline -0.012 -16"><span class='ocrx_word' id='word_1_856' title='bbox 1827 5700 1852 5739; x_wconf 76' lang='lat' dir='ltr'><strong>h</strong></span> <span class='ocrx_word' id='word_1_857' title='bbox 1888 5698 2075 5768; x_wconf 81' lang='grc' dir='ltr'>αὑτῆς.</span> 
     </span>
    </p>
   </div>
   <div class='ocr_carea' id='block_1_110' title="bbox 530 5768 1282 5834">
    <p class='ocr_par' dir='ltr' id='par_1_110' title="bbox 530 5768 1282 5834">
     <span class='ocr_line' id='line_1_110' title="bbox 530 5768 1282 5834; baseline -0.005 -10"><span class='ocrx_word' id='word_1_858' title='bbox 530 5768 549 5809; x_wconf 71' lang='grc' dir='ltr'><strong><em>ι</em></strong></span> <span class='ocrx_word' id='word_1_859' title='bbox 581 5771 919 5834; x_wconf 79' lang='grc' dir='ltr'>πλειστάκις</span> <span class='ocrx_word' id='word_1_860' title='bbox 997 5781 1035 5809; x_wconf 76' lang='grc' dir='ltr'><strong>ιιι</strong></span> <span class='ocrx_word' id='word_1_861' title='bbox 1068 5768 1282 5823; x_wconf 68' lang='grc' dir='ltr'>ἑαυτοῦ.</span> 
     </span>
    </p>
   </div>
   <div class='ocr_carea' id='block_1_111' title="bbox 1506 5700 1751 5769">
    <p class='ocr_par' dir='ltr' id='par_1_111' title="bbox 1506 5700 1751 5769">
     <span class='ocr_line' id='line_1_111' title="bbox 1506 5700 1751 5769; baseline 0.008 -17"><span class='ocrx_word' id='word_1_862' title='bbox 1506 5702 1529 5741; x_wconf 71' lang='grc'><strong><em>⁸</em></strong></span> <span class='ocrx_word' id='word_1_863' title='bbox 1563 5700 1751 5769; x_wconf 77' lang='grc' dir='ltr'>αὑτῆς.</span> 
     </span>
    </p>
   </div>
   <div class='ocr_carea' id='block_1_112' title="bbox 2159 5682 3771 5764">
    <p class='ocr_par' dir='ltr' id='par_1_112' title="bbox 2159 5682 3771 5764">
     <span class='ocr_line' id='line_1_112' title="bbox 2159 5682 3771 5764; baseline -0.009 -15"><span class='ocrx_word' id='word_1_864' title='bbox 2159 5696 2173 5736; x_wconf 77' lang='grc' dir='ltr'><strong>ί</strong></span> <span class='ocrx_word' id='word_1_865' title='bbox 2208 5694 2284 5758; x_wconf 82' lang='grc' dir='ltr'>ὡς</span> <span class='ocrx_word' id='word_1_866' title='bbox 2313 5694 2410 5764; x_wconf 77' lang='grc' dir='ltr'>τὴν</span> <span class='ocrx_word' id='word_1_867' title='bbox 2444 5691 2588 5764; x_wconf 88' lang='grc' dir='ltr'>μίαν.</span> <span class='ocrx_word' id='word_1_868' title='bbox 2672 5688 2685 5747; x_wconf 78' lang='lat' dir='ltr'><strong>i</strong></span> <span class='ocrx_word' id='word_1_869' title='bbox 2732 5688 3096 5756; x_wconf 78' lang='grc' dir='ltr'>εἰκαιολογεῖν</span> <span class='ocrx_word' id='word_1_870' title='bbox 3121 5684 3424 5748; x_wconf 80' lang='grc' dir='ltr'>ἐθέλοντας.</span> <span class='ocrx_word' id='word_1_871' title='bbox 3504 5684 3524 5721; x_wconf 74' lang='grc' dir='ltr'><strong>ιι</strong></span> <span class='ocrx_word' id='word_1_872' title='bbox 3551 5682 3771 5749; x_wconf 80' lang='grc' dir='ltr'>διδάξει.</span> 
     </span>
    </p>
   </div>
  </div>
