4104 6336
315 365 420 419 ὅῆἹ

926 349 1459 411 Αῐιοιοοετιευε
1500 346 1639 403 Ριιο
1682 346 1773 403 XII
1813 344 1884 401 CA

1989 344 2181 402 l‘lBUS
2219 348 2499 406 CONTRA
2538 351 3003 412 ORIENTALES.

3485 365 3593 423 558

317 498 492 554 μενοι,
516 481 850 551 προήκουσιν
876 479 957 542 είς
990 477 1151 532 τοῦτο
1166 478 1395 541 νωθείας
1414 474 1589 540 αὐτοὶ,
1623 471 1763 547 [καὶ]
1791 471 1884 543 μὴτ

2006 484 2132 525 vero
2172 473 2526 540 dementiam,
2564 484 2621 530 ut
2679 486 2869 546 putent
2899 495 2987 535 me
3012 480 3214 549 dicere,
3255 485 3399 554 quod
3430 486 3590 544 Iesus

315 578 412 630 καὶ
442 572 798 643 ἀϐελτηρίας,
817 571 892 634 ὡς
909 570 1116 624 οἴεσθαί
1136 588 1206 641 με
1235 570 1416 638 λέγειν
1432 568 1493 622 οὐ
1508 565 1599 622 διὰ
1612 566 1706 619 τοῦ
1724 563 1895 619 Πνεῦ-

318 684 487 737 ματος
529 663 817 718 ἐκϐάλλειν
852 662 944 716 τὸν
982 661 1192 733 Ἰησοῦν
1234 661 1303 715 τὰ
1330 659 1604 730 δαιμόνια.
1636 654 1762 729 ’Ἆρ’
1796 657 1897 711 οὐκ

316 758 556 830 ἐναργὴς
604 753 940 823 συκοφαντία
993 752 1153 806 τοῦτό
1203 768 1307 820 γε;
1350 752 1411 805 Ei
1461 751 1536 822 μὴ
1583 748 1748 821 γὰριι
1796 749 1897 801 οὐκ

314 848 557 913 ἀξιοῦσιν
585 848 868 918 ὁμολογεῖν
906 845 1231 916 θεοσημείας
1267 840 1405 898 εἶναι
1452 845 1653 914 τρόπον
1690 842 1752 895 τὸ
1800 842 1895 894 ἐκ-

314 938 607 994 ϐάλλεσθαι
633 938 703 992 τά
729 938 1000 1008 δαιμόνια,
1033 936 1300 1005 λεγόντων
1329 936 1364 989 ἂ
1395 933 1696 1007 βούλονται,
1722 933 1895 987 ποιεί-

314 1048 496 1086 τωσαν
522 1031 643 1083 κατ’
674 1028 810 1100 ἐμοῦ
828 1037 852 1065 ο
882 1028 943 1081 τὸ
970 1029 1159 1099 χρῆμα
1202 1027 1444 1100 γραφὴν,
1488 1025 1895 1095 ἐγκαλείτωσαν

313 1122 396 1173 ὃτι
445 1120 520 1191 μὴ
565 1118 724 1172 τοῦτο
753 1118 892 1190 ἐφην
923 1116 1173 1185 ἐναργῶς
1197 1157 1213 1180 ,
1263 1118 1548 1185 σιωπήσας
1576 1114 1673 1177 τὰς
1702 1114 1895 1185 θεοση-

320 1213 501 1283 μείας.
533 1212 597 1265 Ei
625 1211 680 1265 δέ
703 1209 839 1282 ὁμοῦ
875 1213 988 1274 τοῖς
1025 1208 1207 1271 ἄλλοις
1236 1208 1333 1262 καὶ⁷
1356 1208 1417 1261 τὸ
1445 1207 1803 1261 ἐκϐάλλεσθαι
1826 1204 1897 1260 τά

313 1305 567 1376 δαιμόνια
592 1343 607 1368 ,
641 1302 842 1375 τρόπος
883 1301 947 1355 ἂν
997 1302 1105 1372 εἴη,
1129 1301 1224 1354 καὶ
1266 1301 1367 1354 οὐκ
1398 1298 1774 1371 άθαύμαστος,
1792 1298 1896 1367 τῆς

318 1396 682 1467 θεοσημείας,
744 1395 797 1447 τί
842 1395 1044 1465 δήποτε
1110 1393 1369 1463 μεθέντες
1424 1392 1500 1455 ὡς
1548 1390 1777 1463 ἀκερδὲς
1834 1390 1896 1444 τδ

316 1488 530 1541 ἑλέσθαι
566 1487 769 1558 μᾶλλον
792 1487 1107 1556 εὐστομεῖν,
1142 1486 1319 1538 καὶτὸ
1342 1486 1539 1556 χρῆναι
1574 1483 1758 1537 λαλεῖν
1793 1482 1894 1553 τὴν

316 1584 576 1654 ἀλήθειαν
616 1580 689 1644 ὡς
735 1580 905 1633 ἕωλον
951 1578 1427 1650 παραιτούμενοι,
1480 1578 1540 1630 τὸ
1581 1580 1725 1648 τῆςΡ
1770 1575 1893 1630 καθ’

315 1674 469 1747 ἡμῶν
497 1671 901 1743 ἀθυροστομίας
946 1670 1275 1739 τετιμήκασι
1299 1669 1488 1738 χρῆμα
1508 1677 1556 1731 ς,
1590 1668 1686 1720 καὶ
1707 1667 1807 1719 οὐκ
1835 1668 1893 1718 ἐν

317 1764 498 1837 μικρῷ
519 1764 847 1833 πεποίηνται
878 1761 1022 1830 λόγῳ
1046 1760 1107 1813 τὸ
1131 1760 1275 1812 οὕτω
1308 1758 1713 1830 κατεψεγμένον
1742 1757 1894 1829 παρά

2002 565 2267 620 daemonia
2327 583 2432 623 non
2478 568 2702 637 ejecerit
2758 586 2855 641 per
2919 572 3206 645 Spiritum.
3252 577 3447 635 Annon
3505 592 3588 637 est

2003 656 2291 713 manifesta
2322 660 2595 715 calumnia
2621 662 2735 717 hac
2765 664 2789 717 ?
2836 663 2971 718 Nam
3012 666 3058 721 si
3085 668 3358 739 refugiunt
3409 672 3585 726 conﬁ-

2002 748 2102 801 teri
2129 787 2144 813 ,
2170 750 2473 805 divinorum
2528 753 2804 822 signorum
2854 770 3023 824 genus
3055 773 3175 814 esse
3213 761 3337 831 ejici
3375 762 3585 816 dmino-

2000 839 2110 905 nia,
2180 841 2362 895 dicant
2386 857 2507 912 quae
2543 844 2746 909 volunt,
2782 845 2832 900 id
2862 848 2991 902 mihi
3026 866 3123 919 pro
3153 852 3382 909 crimine
3414 857 3587 909 ascri-

1998 930 2147 996 bant,
2194 947 2448 989 accusem
2505 938 2647 1006 quod
2698 938 2803 993 hoc
2846 956 2951 995 non
3004 944 3293 999 manifeste
3328 946 3583 1013 dixerim,

1998 1024 2288 1093 divinaque
2320 1025 2470 1096 signa
2504 1028 2725 1084 silentio
2754 1032 3134 1099 praeterierim.
3176 1034 3232 1091 Si
3267 1046 3448 1092 autem
3493 1040 3585 1092 in-

2000 1123 2079 1169 ter
2107 1128 2303 1171 caetera
2334 1116 2533 1186 ejicere
2567 1121 2831 1176 daemonia
2865 1124 3023 1194 183
3054 1140 3225 1195 genus
3260 1138 3345 1183 est
3369 1131 3581 1185 divino-

1998 1221 2116 1261 rum
2171 1209 2444 1277 signorum
2502 1212 2862 1269 admiratione
2911 1217 3170 1283 dignum,
3236 1234 3334 1274 cur
3384 1220 3580 1290 liuguze

1997 1305 2305 1367 temperare
2338 1309 2595 1371 tanquam
2626 1318 2740 1357 rem
2777 1305 3027 1360 inutilem
3058 1318 3490 1377 contemnentes,
3527 1320 3584 1367 et

1998 1390 2141 1458 loqui
2177 1392 2467 1446 veritatem
2499 1403 2755 1464 tanquam
2804 1412 2920 1451 rem
2950 1398 3192 1467 putidam
3225 1402 3579 1472 refugientes,

1996 1482 2208 1537 dicendi
2237 1482 2671 1553 intemperantia
2703 1487 2990 1541 adversum
3019 1504 3117 1544 nos
3146 1490 3221 1545 uti
3250 1494 3578 1560 maluerunt,

1995 1581 2050 1627 et
2084 1589 2195 1628 rem
2233 1583 2516 1642 tantopere
2549 1580 2695 1646 apud
2731 1578 2898 1632 Deum
2941 1589 2996 1633 et
3026 1582 3275 1638 homines
3306 1585 3579 1655 vitupera-

1998 1674 2104 1719 tam
2138 1665 2273 1719 nihil
2334 1666 2605 1722 interesse
2636 1670 2996 1736 putaverunt?
3034 1672 3140 1727 Sed
3171 1675 3417 1729 videntur
3447 1677 3579 1733 mihi

1995 1769 2119 1810 esse
2162 1757 2315 1811 obliti
2347 1757 2553 1812 Christi
2580 1760 2811 1815 dicentis
2839 1778 2853 1816 :
2886 1782 2904 1813 ι
2933 1763 3214 1829 Quomodo
3240 1767 3388 1823 dices
3419 1769 3582 1823 fratri

309 1834 369 1912 τε
537 1857 632 1910 καὶ
684 1853 1022 1926 ἁνθρώποις;
1056 1851 1442 1922 Ἐπιλελῆσθαι
1470 1852 1526 1904 δέ
1556 1868 1645 1921 μοι
1674 1850 1884 1903 δοκοῦσι

1999 1850 2090 1895 tuo
2120 1858 2135 1895 :
2167 1841 2384 1910 Frater,
2421 1845 2544 1901 sine
2574 1846 2787 1916 ejiciam
2813 1848 3074 1905 festucam
3105 1852 3170 1907 de
3194 1855 3349 1910 oculo
3380 1865 3489 1921 tuo,
3523 1868 3579 1913 et

310 1949 562 2017 λέγοντος
590 1947 683 2001 τοῦ
713 1945 954 2017 Χριστοῦ
979 1962 991 1974 ·
1029 1964 1047 1996 ι
1086 1944 1213 2007 Πῶς
1247 1947 1389 2016 ἐρεῖς
1417 1943 1495 2014 τῷ
1530 1943 1744 2013 ἀδελφῷ
1770 1958 1885 1997 σου·

323 2039 564 2108 ’Δδελφὲ,
600 2038 736 2106 ἄφες
769 2036 984 2090 ἐκϐάλω
1011 2045 1033 2073 ι’
1060 2036 1120 2088 τὸ
1157 2035 1366 2106 κάρφος
1397 2036 1460 2087 ἐκ
1489 2033 1580 2086 τοῦ
1604 2032 1886 2103 ὀφθαλμοῦ

312 2150 427 2194 σου,
447 2132 542 2185 καὶ
566 2132 675 2184 ἰδοὺ
705 2129 911 2201 ὴδοκδς
942 2131 998 2180 ἐν
1022 2128 1097 2199 τῷ
1126 2128 1204 2198 σῷ
1231 2126 1531 2198 ὀφθαλμῷ;
1563 2125 1883 2197 ’Υποκριτὰ,

309 2224 502 2277 ἔκϐαλε
534 2222 748 2294 πρῶτον
774 2222 873 2289 τὴν
895 2221 1051 2274 δοκὸν
1088 2222 1151 2273 ἐκ
1179 2220 1273 2273 τοῦ
1312 2217 1594 2289 ὀφθαλμοῦ
1636 2236 1753 2284 σου,
1791 2219 1886 2272 καὶ

307 2316 426 2370 τότε
456 2314 750 2385 ἐμϐλέψεις
776 2324 796 2351 ³
852 2312 1105 2365 ἐκϐαλεῖν
1135 2312 1196 2365 τὸ
1229 2311 1440 2382 κάρφος
1469 2312 1534 2363 ἐκ
1564 2309 1659 2362 τοῦ
1689 2309 1889 2379 ὀφθαλ-

311 2409 413 2479 μοῦ
440 2409 533 2463 τοῦ
574 2407 803 2477 ἀδελφοῦ
836 2424 953 2460 σου.
993 2427 1012 2458 ι
1050 2407 1171 2460 Ὀτι
1205 2406 1303 2476 μὲν
1331 2405 1437 2475 γὰρ
1497 2404 1782 2476 ὀμοούσιός
1822 2404 1883 2457 τέ

306 2504 456 2552 ἐστιν
480 2506 497 2534 ι
524 2500 558 2570 ἠ
593 2498 724 2566 ἁγία
754 2497 946 2570 Τριὰς,
982 2496 1263 2568 ίσοσθενής
1292 2514 1376 2561 τε,
1400 2496 1492 2549 καὶ
1525 2496 1794 2566 ίσουργδς,
1826 2496 1886 2550 οὐ

304 2592 393 2645 διά
422 2607 486 2658 γε
533 2589 628 2643 τοῦ
660 2590 791 2661 παρ’
827 2588 981 2659 ὑμῶν
1011 2586 1334 2659 ἐγνώκαμεν
1367 2587 1528 2656 λόγου
1549 2603 1562 2616 ·
1606 2587 1885 2659 πεπληρο-

306 2679 596 2751 φορήμεθα
641 2679 697 2732 δὲ
745 2678 946 2750 μᾶλλον
991 2680 1053 2731 ἐκ
1087 2678 1186 2748 τῆς
1237 2677 1595 2731 θεοπνεύστου
1638 2677 1882 2749 Γραφῆς.

307 2774 431 2824 Ὀτι
460 2771 515 2823 δέ
541 2772 659 2824 κατ’
694 2771 884 2824 οὐδένα
914 2770 1115 2841 τρόπον
1154 2773 1264 2834 τοῖς
1304 2770 1405 2840 τῆς
1434 2768 1602 2842 ὀρθῆς
1648 2769 1885 2834 πίστεως

303 2863 708 2933 διαλυμανεῖται
748 2861 946 2931 λόγοις,
980 2860 1186 2930 ὀνίνησι
1215 2860 1271 2913 δὲ
1303 2861 1505 2932 μᾶλλον
1534 2863 1561 2914 ό
1592 2860 1885 2932 προκείμε-

303 2972 392 3020 νος
423 2954 888 3026 άναθεματισμὸς,
916 2954 1304 3025 ἀταλαίπωρον
1338 2955 1484 3007 ἰδεῖν.
1504 2955 1641 3018 Τοὺς
1669 2954 1779 3026 γάρ
1804 2971 1883 3007 τοι

303 3047 646 3120 διαιροῦντας
677 3047 769 3100 τὸν
798 3047 895 3101 ἕνα
940 3046 1147 3119 Κύριον
1190 3046 1399 3119 Ἰησοῦν
1436 3048 1691 3119 Χριστὸν,
1729 3048 1886 3119 μερί-

303 3143 497 3207 ζοντάς
524 3159 581 3194 τε
610 3141 794 3205 αὐτὸν,
826 3141 898 3204 ὡς
945 3140 1045 3211 ἤδη
1094 3140 1413 3204 πλειστάκις
1445 3142 1768 3211 εἰρήκαμεν,
1804 3142 1883 3203 εἰς

303 3235 623 3306 ἄνθρωπον,
647 3233 867 3298 ἱδικῶς,
915 3234 1009 3286 καὶ
1057 3234 1135 3295 είς
1167 3233 1299 3286 Θεὸν
1340 3233 1515 3302 Λόγον
1556 3232 1759 3297 ίδικῶς,
1808 3233 1882 3295 ὡς

302 3327 443 3381 δύοιι
467 3327 705 3381 νοεῖσθαι
732 3327 1001 3397 πρόσωπά
1026 3344 1084 3378 τε
1122 3326 1217 3379 καὶ
1245 3326 1574 3388 ὑποστάσεις
1618 3325 1884 3396 διισχυρι-

305 3420 539 3491 ζομένας
572 3420 666 3473 ἀπ’
688 3419 936 3490 ἀλλήλων
950 3429 1000 3483 ι’,
1018 3418 1178 3471 τοῦτο
1201 3418 1335 3488 δρᾷν
1360 3417 1462 3470 οὐκ
1493 3418 1559 3488 ἐᾷ
1579 3434 1591 3447 ·
1625 3416 1748 3471 οὐτε
1776 3416 1882 3488 μὴν

305 3514 490 3584 ἐφίησι
536 3513 716 3582 λέγειν
761 3513 836 3575 ὠς
878 3511 976 3564 ἕνα
1025 3510 1204 3565 κοινὸν
1235 3510 1523 3581 ἄνθρωπον
1555 3509 1884 3580 ένηργῆσθαι

310 3606 458 3678 παρὰ
498 3605 594 3659 τοῦ
642 3604 960 3675 ΙΙνεύματος
983 3603 1075 3656 τὸν
1115 3602 1344 3674 Ἰησοῦν,
1374 3602 1511 3673 πρός
1541 3618 1605 3671 γε
1637 3603 1698 3654 τὸ
1726 3600 1884 3654 δύνα-

308 3699 435 3752 σθαι
483 3696 784 3769 κατορθοῦν
833 3695 931 3758 τὰς
966 3695 1296 3766 θεοσημείας
1321 3711 1335 3724 ·
1380 3694 1502 3747 ἐπεὶ
1539 3695 1659 3746 κατ’
1693 3692 1884 3746 οὐδένα

302 3790 491 3843 διοίσει
520 3790 721 3861 τρόπον
748 3788 855 3841 τῶν
882 3787 1052 3857 ἁγίων
1082 3786 1419 3851 ἀποστόλων,
1442 3786 1475 3858 ἢ
1508 3784 1640 3855 γοῦν
1666 3801 1881 3857 προφη-

300 3884 431 3946 τῶν,
465 3882 514 3936 οἳ
561 3883 649 3937 διά
686 3883 783 3953 τῆς
816 3880 1024 3936 ἄνωθεν
1069 3880 1411 3952 ἡμερότητος
1452 3879 1563 3932 τῶν
1592 3878 1753 3933 θείων
1786 3896 1881 3949 χα-

304 3976 586 4045 ρισμάτων
612 3974 1096 4045 ἀναπιμπλάμενοι
1113 3976 1273 4041 φαῖεν
1297 3973 1364 4026 ἂν
1389 3972 1632 4035 εἰκότως·
1655 3971 1881 4041 «Χάριτι

302 4067 435 4120 Θεοῦ
475 4070 643 4137 ἐσμεν
667 4066 694 4118 ὃ
723 4067 909 4137 ἐσμεν.
946 4086 964 4117 ι
1010 4064 1175 4118 Ἀλλὰ
1202 4067 1313 4128 τοῖς
1349 4065 1446 4135 μέν
1477 4064 1652 4134 ἁγίοις
1679 4064 1879 4135 ἀνδρά-

300 4175 407 4223 σιν,
461 4155 542 4222 οἷς
584 4158 618 4227 ὴ
666 4156 777 4209 τῶν
817 4156 969 4228 παρά
1018 4155 1154 4209 Θεοῦ
1200 4155 1557 4227 χαρισμάτων
1603 4154 1879 4225 ἐμπρέπει

299 4250 567 4318 διανομὴ,
620 4248 913 4319 ἁρμόσειεν
956 4247 1024 4301 ἂν
1067 4247 1342 4311 εῑκότωςι
1398 4249 1431 4317 ἡ
1473 4246 1652 4300 τοιάδε
1699 4247 1876 4317 φωνὴ,

300 4338 524 4409 Χριστῷ
547 4337 604 4390 δέ
632 4338 835 4391 οὐκέτι.
867 4336 1028 4390 Ἴδιον
1057 4336 1165 4408 γάρ
1195 4335 1343 4404 αὐτῷ
1368 4344 1396 4383 γ
1423 4336 1483 4389 τὸ
1509 4335 1734 4406 Πνεῦμά
1761 4339 1876 4390 ἐστι

299 4431 361 4483 τὸ
385 4430 561 4498 ἅγιον,
594 4429 847 4499 καθάπερ
877 4428 1072 4498 ἀμέλει
1096 4429 1191 4481 καὶ
1214 4427 1308 4480 τοῦ
1338 4427 1473 4481 Θεοῦ
1505 4428 1598 4481 καὶ
1628 4429 1840 4500 Πατρός
1859 4446 1873 4460 ο

1994 1944 2124 1985 ecce
2173 1933 2321 1988 trabs
2370 1944 2453 1988 est
2504 1936 2554 1990 in
2589 1938 2747 1993 oculo
2788 1941 2919 1995 tuo?
2947 1941 3272 2012 Hypocrita,
3305 1947 3441 2017 ejice
3474 1952 3578 2017 pri-

1993 2035 2142 2075 mum
2179 2024 2388 2077 trabem
2431 2026 2498 2079 de
2537 2027 2696 2082 oculo
2738 2038 2850 2093 tuo,
2894 2042 2948 2086 et
2988 2044 3115 2088 tunc
3142 2035 3348 2091 videbis
3377 2039 3575 2107 ejicere

1992 2112 2260 2169 festucam
2300 2118 2366 2170 de
2398 2118 2557 2172 oculo
2590 2119 2776 2176 fratris
2806 2124 2880 2176 tui
2907 2124 2945 2178 ⁸.
2979 2142 2998 2175 ι
3032 2124 3165 2180 Nam
3202 2130 3345 2198 quod
3385 2145 3573 2187 sancta

1991 2205 2236 2261 Trinitas
2282 2205 2524 2274 ejusdem
2579 2211 2650 2265 sit
2697 2214 3035 2282 substantias,
3069 2218 3310 2287 ejusdem
3363 2221 3574 2278 roboris

1988 2306 2044 2351 et
2089 2300 2446 2368 Operationis,
2490 2317 2597 2355 non
2631 2318 2727 2372 per
2763 2318 3000 2360 vestrum
3039 2308 3326 2367 didicimus
3367 2328 3575 2367 sermu-

1990 2402 2136 2455 nem,
2175 2390 2270 2443 sed
2310 2405 2498 2445 smnus
2525 2393 2700 2446 edocti
2739 2395 2919 2463 potius
2962 2412 3026 2451 ex
3058 2414 3214 2453 sacra
3261 2402 3569 2473 Scriptura.

1990 2478 2145 2546 Quod
2176 2490 2357 2535 autem
2380 2484 2691 2550 propositus
2717 2488 3209 2545 anathematismus
3230 2493 3378 2549 nullo
3410 2500 3571 2553 modo

1990 2580 2156 2625 recta:
2210 2570 2333 2624 ﬁdei
2382 2573 2730 2628 sermonibus
2780 2575 2946 2641 obsit,
2987 2579 3081 2632 sed
3129 2581 3303 2649 prosit
3346 2584 3568 2652 potius,

1990 2663 2110 2717 sine
2136 2663 2326 2717 labore
2353 2664 2540 2720 videre
2561 2664 2707 2721 licet.
2739 2665 2871 2721 Nam
2897 2683 2990 2725 eos
3010 2671 3102 2741 qui
3129 2672 3379 2729 dividunt
3405 2692 3568 2732 unmn

1988 2754 2275 2808 Dominum
2317 2752 2500 2810 Jesum
2532 2756 2844 2825 Christum,
2891 2771 2945 2815 et
2987 2762 3233 2819 dividunt
3281 2766 3477 2834 ipsum,
3513 2783 3573 2823 ut

1981 2846 2093 2913 jam
2123 2846 2425 2915 saepissime
2459 2847 2713 2913 diximus,
2751 2851 2801 2904 in
2835 2852 3108 2908 hominem
3145 2860 3399 2923 seorsim,
3429 2872 3483 2913 et
3515 2861 3568 2916 in

1990 2938 2445 2995 Deum'Verbum
2503 2941 2758 3006 seorsim,
2815 2944 2889 2998 ita
2942 2957 2995 2998 ut
3037 2947 3156 3001 dure
3201 2949 3570 3022 intelligantur

1986 3045 2232 3098 personae
2282 3042 2337 3085 et
2386 3033 2760 3088 subsistentia:
2813 3036 2954 3092 inter
2999 3054 3057 3092 se
3104 3039 3406 3108 disiunctae,
3467 3046 3569 3098 hoc

1995 3124 2172 3178 facere
2227 3141 2334 3179 non
2387 3126 2516 3180 sinit
2551 3143 2565 3178 :
2596 3142 2771 3195 neque
2823 3131 3091 3196 permittit
3147 3132 3372 3199 dicere,
3424 3138 3567 3205 quod

1995 3226 2247 3284 tauquam
2278 3230 2417 3270 unus
2450 3216 2757 3271 communis
2786 3218 2947 3273 homo
2973 3220 3131 3274 Jesus
3160 3223 3340 3277 divina
3375 3225 3423 3278 vi
3454 3226 3569 3295 agi-

1992 3316 2141 3360 tante
2180 3320 2357 3362 motus
2392 3308 2557 3365 fuerit
2586 3329 2612 3365 a
2641 3311 2845 3383 Spiritu
2879 3316 3093 3377 sancto,
3125 3323 3183 3365 ut
3223 3314 3394 3382 possit
3423 3317 3569 3370 scili-

1988 3409 2072 3454 cet
2128 3400 2312 3454 divina
2361 3403 2516 3472 signa
2608 3406 2910 3473 perficere;
2955 3404 3154 3474 alioqui
3210 3406 3359 3462 nullo
3407 3410 3567 3464 modo

1987 3489 2201 3544 diﬂ'eret
2237 3507 2267 3545 a
2321 3495 2527 3548 sanctis
2568 3497 2831 3565 apostolis
2864 3497 2945 3549 vel
2990 3498 3289 3567 pr0phetis,
3332 3501 3421 3569 qui
3470 3517 3567 3570 per

1986 3583 2225 3638 divinam
2261 3584 2653 3655 benignitatem
2686 3589 2886 3643 divinis
2919 3590 3124 3660 impleti
3156 3592 3334 3655 donis,
3370 3595 3567 3648 merito

1986 3674 2171 3731 dicere
2237 3687 2504 3745 possunt:
2545 3698 2563 3730 ‹
2596 3678 2783 3735 Gratia
2838 3681 2934 3735 Dei
2996 3697 3220 3747 sumus,
3274 3686 3419 3753 quod
3474 3702 3567 3739 sn-

1985 3785 2106 3825 mus
2128 3770 2171 3824 ⁸.
2207 3787 2226 3821 ι
2266 3770 2373 3824 Sed
2408 3773 2614 3827 sanetis
2645 3774 2862 3842 quidem
2897 3775 3052 3840 viris,
3087 3776 3360 3846 inquibus
3392 3778 3565 3832 dono-

1986 3877 2106 3917 rum
2139 3865 2314 3918 sancti
2348 3864 2588 3934 Spiritus
2613 3868 2927 3923 distributio
2959 3869 3241 3938 prmcellit,
3274 3871 3409 3925 bene
3431 3887 3561 3925 cou-

1983 3955 2129 4024 gruit
2172 3957 2286 4011 hazc
2324 3971 2451 4021 vox,
2483 3957 2707 4013 Christo
2746 3971 2925 4014 autem
2959 3976 3067 4015 non
3115 3961 3566 4032 item.'Proprius

1982 4048 2129 4101 enim
2164 4059 2249 4103 est
2282 4047 2397 4116 ejus
2430 4045 2671 4117 Spiritus
2699 4062 2941 4117 sanctus,
2969 4054 3423 4121 quemadmodum
3457 4057 3564 4110 sci-

1981 4139 2111 4195 licet
2156 4150 2240 4196 est
2286 4142 2379 4196 Dei
2430 4141 2612 4197 Patris
2645 4160 2658 4196 :
2687 4155 2946 4212 Operatur
2992 4155 3173 4199 autem
3220 4147 3362 4200 sicut
3400 4146 3566 4201 Pater

1980 4248 2080 4303 per
2114 4232 2400 4304 Spiritum,
2448 4236 2520 4289 ita
2569 4244 2625 4290 et
2670 4237 2805 4304 ipse.
2843 4235 3031 4306 Itaque
3066 4239 3316 4306 quamvis
3353 4239 3563 4293 diceret

1980 4324 2181 4380 ludatis
2217 4342 2230 4379 :
2267 4344 2285 4376 ι
2319 4325 2481 4380 Multa
2516 4327 2657 4382 bona
2688 4342 2851 4396 opera
2884 4327 3099 4382 ostendi
3131 4329 3287 4383 vobis
3324 4345 3353 4384 a
3399 4330 3563 4385 Patre

1980 4432 2105 4472 meo
2130 4417 2180 4483 ’ς
2214 4435 2233 4468 ο
2259 4428 2314 4472 et
2346 4437 2361 4473 :
2394 4435 2413 4469 ‹
2444 4418 2484 4471 Α
2515 4419 2720 4489 meipso
2775 4434 2879 4473 non
2918 4419 3151 4489 loquor:
3177 4419 3339 4475 Pater
3379 4432 3559 4475 autem

302 4523 515 4592 ἐνεργεῖ
539 4522 595 4574 δέ
621 4521 811 4594 ὥσπερ
844 4523 872 4575 ό
909 4520 1099 4592 Πατὴρ
1127 4520 1213 4573 διὰ
1245 4520 1338 4574 τοῦ
1378 4519 1874 4591 Πνεύματος,οὐτω

1989 4512 2037 4566 in
2080 4527 2167 4566 me
2212 4526 2459 4575 manens,
2492 4511 2607 4579 ipse
2644 4510 2773 4564 facit
2821 4526 2983 4581 opera
3009 4512 3071 4576 ';
3103 4530 3121 4563 ι
3157 4526 3345 4566 rursus
3380 4524 3559 4567 tamen

300 4614 394 4666 καὶ
414 4612 599 4675 αὐτός.
620 4614 731 4666 Καὶ
752 4612 905 4681 γοῦν,
931 4611 1108 4665 καίτοι
1135 4611 1306 4680 λέγων
1322 4610 1598 4675 Ἰουδαίοις
1617 4628 1630 4641 ·
1658 4631 1676 4663 ι
1702 4611 1877 4666 Πολλὰ

301 4703 442 4759 καλὰ
471 4704 643 4769 ἔδειξα
671 4706 802 4774 ὑμῖν
831 4703 967 4775 ἔργα
990 4703 1142 4772 παρὰ
1173 4702 1266 4755 τοῦ
1300 4704 1513 4773 Πατρός
1549 4721 1650 4773 μου
1671 4722 1718 4755 οι
1753 4705 1876 4771 καὶ,

306 4818 323 4848 ε
366 4797 484 4849 Ἀπ’
525 4796 764 4867 ἐμαυτοῦ
794 4798 854 4849 οὐ
885 4795 1031 4850 λαλῶ
1051 4812 1064 4825 ·
1096 4798 1124 4850 ὁ
1144 4796 1216 4849 es
1252 4794 1438 4867 Πατὴρ
1484 4796 1512 4848 ὀ
1542 4798 1599 4848 ἐν
1628 4798 1749 4867 ἐμοὶ
1781 4798 1879 4867 μέ-

302 4906 426 4952 νων,
457 4889 602 4941 ποιεῖ
620 4887 689 4941 τά
720 4887 859 4958 ἔργα
890 4888 1053 4950 αὐτός
1077 4896 1122 4922 ι·
1145 4905 1163 4938 ›
1195 4885 1298 4958 ἔφη
1326 4887 1381 4940 δέ
1414 4904 1515 4939 που
1550 4887 1730 4940 πάλιν·
1768 4905 1786 4938 ι
1814 4888 1878 4941 El

298 4981 356 5033 δέ
388 4981 499 5048 ἐγὼ
527 4983 585 5034 ἐν
628 4980 907 5050 Πνεῦματι
945 4978 1081 5032 Θεοῦ
1131 4978 1376 5033 ἐκϐάλλω
1423 4979 1493 5033 τὰ
1539 4979 1811 5051 δαιμόνιαο
1848 5000 1865 5031 ι

297 5073 398 5142 τὴν
420 5072 507 5125 διά
530 5071 624 5125 τοῦ
659 5072 800 5125 ΙΙνεύ
810 5089 977 5143 ματος
1000 5072 1282 5141 ἐνέργειαν
1313 5071 1587 5135 ἀνατιθεὶς
1612 5072 1788 5142 ἑαυτῷ
1810 5090 1870 5125 τε

299 5163 392 5218 καὶ
423 5162 500 5233 τῷ
548 5162 724 5233 Πατρὶ
754 5162 843 5216 διά
878 5161 976 5233 τὴν
1030 5163 1336 5234 ταυτότητά
1368 5162 1467 5233 τῆς
1510 5162 1716 5226 οὐσίας.
1760 5164 1872 5216 Καὶ

265 5238 463 5323 έπολῦς
501 5253 568 5307 ἂν
596 5254 803 5323 γένοιτο
838 5254 933 5307 καὶ
965 5254 1172 5325 μακρὸς
1203 5256 1231 5307 ό
1276 5255 1406 5326 περὶ
1441 5254 1646 5308 τούτων
1672 5255 1828 5324 λόγος
1849 5271 1864 5286 ο

364 5416 386 5444 ⁵
420 5411 607 5467 Matth.
657 5426 753 5476 vtt,
783 5410 838 5475 4,
876 5412 931 5467 5.
1008 5412 1029 5443 ⁸
1060 5411 1076 5465 l
1108 5412 1331 5479 Cor.xv,
1366 5413 1456 5466 10.
1535 5413 1556 5444 ⁸
1580 5412 1736 5467 Joan.
1777 5430 1829 5478 κ,
1860 5414 1950 5468 '52.
2030 5415 2049 5444 "
2083 5412 2242 5467 Joan.
2291 5429 2401 5475 xlv,
2440 5412 2528 5464 tO.

1979 4604 2177 4659 alicubi
2210 4602 2423 4658 dicebat
2453 4618 2469 4656 :
2506 4623 2524 4653 ι
2562 4602 2618 4656 Si
2660 4613 2840 4657 autem
2885 4618 2983 4672 ego
3014 4603 3065 4657 in
3098 4601 3303 4671 Spiritu
3336 4605 3426 4657 Dei
3462 4604 3561 4670 eji-

1978 4697 2064 4752 cio
2105 4694 2448 4760 dzcmouia';
2488 4714 2504 4747 ι
2539 4697 2910 4765 operationem
2960 4711 3057 4764 per
3106 4692 3369 4764 Spiritum
3418 4699 3561 4751 refe-

1979 4804 2108 4844 rens
2137 4790 2188 4842 in
2222 4803 2281 4843 se
2317 4798 2373 4841 et
2396 4787 2637 4854 Patrem,
2668 4799 2891 4858 propter
2918 4789 3257 4842 itletltitalem
3291 4788 3550 4843 substan-

1979 4885 2087 4938 tiar.
2131 4883 2195 4937 Et
2248 4884 2450 4937 mullus
2497 4883 2710 4950 quidem
2763 4898 2827 4935 ac
2879 4882 3121 4953 prolixus
3172 4890 3318 4935 esset
3364 4884 3430 4935 de
3475 4880 3560 4936 his

1981 4980 2143 5035 rebus
2202 4993 2421 5033 sermo:
2458 4976 2618 5049 184
2647 4979 2739 5032 sed
2783 4977 2928 5031 illum
2981 4976 3210 5031 dilatare
3255 4975 3560 5030 volcutihus

1980 5073 2323 5128 convenienti
2378 5081 2639 5139 tempore,
2692 5080 2748 5123 ut
2785 5081 2935 5139 puto,
2978 5084 3111 5136 Opus
3164 5078 3327 5121 esset.
3374 5067 3560 5137 Itaque

1980 5181 2085 5220 non
2116 5165 2270 5235 quasi
2315 5165 2490 5218 aliena
2524 5164 2722 5217 virtute
2751 5178 2845 5230 per
2877 5161 3141 5230 Spiritum
3177 5170 3381 5213 motum
3426 5160 3561 5212 diri-

1979 5273 2100 5311 mus
2154 5255 2605 5319 Emmanuelem,
2647 5256 2741 5308 sed
2793 5253 2879 5305 illa
2937 5253 3114 5322 potius
3170 5252 3351 5307 divino
3408 5266 3560 5306 more

2626 5411 2647 5441 ⁸
2681 5409 2871 5463 Matth.
2914 5426 3010 5476 XII,
3048 5408 3140 5464 28.

1358 5569 1532 5624 Variae
1575 5569 1837 5624 lectiones
1868 5582 1934 5623 ex
1959 5567 2146 5624 codice
2186 5568 2562 5639 Seguieriano.

366 5735 393 5764 "
422 5730 468 5781 εἰ

366 5735 393 5764 ’³
422 5730 468 5781 εἰ
496 5728 596 5851 μὲν
627 5728 757 5801 γάρ.
837 5734 862 5763 ο
892 5728 1189 5781 ποιείσθωο

296 5800 491 5867 egimus
518 5816 551 5853 α
574 5801 631 5855 τέ
662 5804 822 5853 ἐστιν.
903 5810 928 5837 ιι
964 5802 1041 5859 εἰς
1078 5797 1189 5852 δυο.

568 5746 596 5781 ν
627 5727 757 5801 γάρ,
837 5734 862 5763 ο
892 5724 1267 5801 ποιεῑσβωσαν
1310 5725 1366 5801 δέ
1400 5725 1522 5778 κατ’
1552 5725 1708 5801 ἐμοῦ.
1788 5737 1814 5774 Ρ
1937 5724 2060 5801 τῆς.
2139 5734 2164 5772 (1
2194 5723 2299 5801 χρὴ
2313 5740 2465 5801 ματι.
2549 5732 2568 5757 ι·
2598 5720 2833 5801 ἐκϐαλῶ.
2911 5729 2932 5755 ⁸
2958 5719 3330 5801 περιϐλέψεις.
3415 5726 3431 5759 ι
3460 5716 3557 5778 οὐν

1269 5807 1291 5835 ν
1330 5794 1793 5866 διετχοινισμένας
1828 5794 2089 5867 ἀλλήλων.
2170 5807 2194 5835 ι
2224 5797 2268 5846 εξ

2170 5807 2194 5835 ι
2224 5792 2471 5856 εἰκότως.
2548 5800 2572 5840 γ
2605 5792 2789 5847 αὐτοῦ.
2873 5802 2892 5828 ι
2930 5792 3118 5845 αὐτοῦ.
