4104 6336
518 392 623 448 559

1545 382 1603 437 S.
1645 379 1919 435 CYBlLLl
1958 373 2426 431 ALEXANDRINI
2470 371 2791 428 ARClllEP.
3682 368 3785 420 5(ἱο

517 516 698 563 usum,
733 507 788 552 et
830 497 1106 567 propriam
1146 495 1407 550 habuisse
1444 492 1926 549 consubstantialis
1956 492 2089 560 Spi-

2211 490 2288 553 ῖῶ,
2333 484 2563 559 οἷμαια,
2613 484 2807 556 καιροῦ
2858 482 2954 536 τοῦ
3004 481 3339 553 καθήκοντος
3387 480 3500 543 τοῖς
3544 479 3787 534 ἐθέλουσι

520 595 655 649 ritus
699 593 976 645 virtutem.
1028 585 1164 642 Nam
1210 588 1359 642 beati
1393 586 1612 655 quidem
1660 583 1908 654 discipuli
1946 583 2099 650 signa

520 687 782 739 facientes
829 682 1134 737 dicebant:
1177 698 1195 730 ι
1234 679 1367 742 Viri,
1418 677 1547 747 quid
1595 675 1748 730 nobis
1798 675 2099 738 attenditis,

520 775 672 843 quasi
716 773 932 841 propria
990 772 1193 824 virtute
1238 778 1331 822 aut
1365 767 1566 837 pietate
1598 765 1884 820 fecerimus
1910 763 2101 817 ambu-

522 867 637 919 lare
685 865 957 934 Speciosa:
1014 872 1186 932 portae
1245 862 1576 915 assidentem
1630 857 1914 912 claudum?
1976 856 2100 908 Pro-

521 957 672 1026 prius
706 968 886 1010 autem
921 955 1126 1009 Christi
1184 963 1268 1007 est
1300 952 1536 1021 Spiritus
1584 949 1700 1017 ejus
1718 951 1759 1003 θ.
1796 968 1814 1001 ι
1847 948 1954 1002 Illis
2002 964 2101 1000 an-

525 1058 629 1102 tem
668 1050 758 1117 qui
810 1059 991 1100 nostra
1021 1046 1373 1109 cavillantur,
1426 1044 1527 1097 hoc
1563 1042 1837 1096 dicimus:
1875 1039 1931 1093 Si
1976 1039 2099 1109 qui—

522 1141 642 1194 dem
677 1155 781 1193 non
811 1139 1060 1208 displicet
1100 1138 1315 1192 illorum
1352 1135 1625 1190 mentibus
1660 1133 1823 1185 dividi
1860 1131 2103 1185 inilivisi-

524 1231 780 1294 bilem,et
797 1232 998 1291 dicere,
1022 1230 1165 1283 sicut
1185 1243 1526 1281 communem
1552 1226 1825 1280 hominem
1846 1223 2101 1294 operandi

525 1326 820 1395 impulsum
853 1324 1035 1377 Jesum
1086 1322 1366 1388 accepisse
1395 1334 1491 1387 per
1514 1318 1772 1386 Spiritum
1801 1334 1813 1369 :
1842 1330 1945 1369 non
1990 1330 2103 1368 ma-

523 1433 757 1487 gnopere
786 1416 1088 1470 curandum
1150 1414 1258 1466 erit
1290 1411 1357 1463 de
1392 1410 1457 1463 iis
1492 1409 1582 1478 qui
1633 1408 1713 1461 sic
1743 1404 1923 1461 aﬂ'ecti
1956 1413 2100 1459 sunt.

525 1507 619 1562 Sin
672 1506 945 1560 Christum
998 1518 1166 1556 unum
1228 1509 1284 1555 et
1316 1499 1511 1553 Filium
1559 1506 1614 1552 ct
1658 1497 1939 1550 Dominum
1983 1508 2105 1550 esse

524 1599 883 1659 confitentur,
934 1596 1301 1662 emndcmque
1344 1606 1466 1646 esse
1506 1590 1666 1645 simul
1711 1589 1876 1643 Deum
1908 1599 1964 1643 et
2006 1588 2106 1644 ho-

526 1690 766 1749 minem;
800 1687 1025 1741 credaut
1073 1685 1383 1746 nobiscum,
1410 1681 1556 1751 quod
1604 1696 1710 1734 non
1742 1681 1938 1749 accipit
1977 1693 2106 1750 ope-

525 1781 675 1835 randi
716 1780 1028 1833 facultatem
1067 1777 1226 1846 quasi
1264 1790 1292 1828 a
1325 1774 1551 1828 meliore
1580 1773 1811 1843 quadam
1848 1781 1903 1827 et
1932 1772 2102 1826 aliena

2205 580 2557 651 κατευρύνειν
2578 580 2604 618 b
2654 576 2838 630 αὐτόν.
2874 572 3085 628 Οὐκοῦν
3110 573 3210 643 οὐχ
3240 571 3314 635 ὡς
3344 570 3604 643 ἀλλοτρίᾳ
3627 571 3786 626 δυνάο

2206 689 2296 742 μει
2321 673 2385 741 τῇ
2415 670 2502 723 διὰ
2524 669 2841 739 Πνεύματος
2871 663 3207 739 ἐνηργῆσθαί
3238 682 3419 736 φαμεν
3440 664 3531 718 τὸν
3570 666 3783 735 Ἐμμα-

2203 761 2403 831 νουὴλ,
2441 758 2857 832 ἀποκεχρῆσθαι
2890 757 2950 810 δὲ
2997 756 3196 828 μᾶλλον
3240 756 3377 827 αύτῇ
3425 755 3642 820 θεῖκῶς,
3690 756 3786 809 καὶ

2208 854 2344 906 ίδίαν
2374 852 2520 924 ἔχειν
2563 851 2662 924 τὴν
2696 850 2791 905 τοῦ
2835 849 3123 921 ὁμοουσίου
3168 847 3486 919 Πνεύματος
3529 848 3779 918 δύναμιν.

2205 947 2267 1000 Οἱ
2299 944 2399 1015 μὲν
2445 945 2556 1017 γὰρ
2596 944 2855 1017 μακάριοι
2905 942 3148 1014 μαθηταὶ
3176 941 3245 995 τὰ
3278 945 3480 1012 σημεῖα
3505 941 3785 1002 ποιοῦντες

2204 1036 2424 1105 ἔλεγον·
2470 1056 2488 1088 ι
2527 1037 2778 1108 Ἄνδρες,
2826 1036 2879 1089 τί
2910 1039 3041 1108 ἡμῖν
3074 1036 3398 1109 προσέχετε,
3447 1034 3521 1098 ὡς
3558 1034 3665 1104 ίδίᾳ
3696 1033 3786 1087 δυ·-

2204 1131 2368 1201 νάμει
2399 1129 2432 1201 ἢ
2471 1130 2725 1201 εὐσεϐείᾳ
2756 1128 3089 1200 πεποιηκόσι
3114 1129 3208 1182 τοῦ
3238 1130 3563 1200 περιπατεῖν
3588 1126 3680 1180 τὸν
3716 1129 3783 1196 τῇ

2217 1221 2409 1291 Ὡραίᾳ
2428 1220 2568 1292 πύλῃ
2589 1220 2787 1293 προῖζή
2799 1237 2969 1273 σαντα
2988 1231 3011 1258 ο
3035 1220 3207 1290 χωλόν
3228 1236 3242 1285 ;
3278 1220 3439 1274 Ἵδιον
3466 1220 3524 1273 δὲ
3547 1217 3785 1293 Χριστοῦ

2204 1313 2265 1366 τὸ
2312 1312 2540 1382 Πνεῦμα
2583 1313 2772 1366 αὐτοῦ.
2822 1332 2840 1364 ι
2899 1313 3024 1377 Τοῖς
3080 1329 3144 1382 γε
3204 1311 3312 1383 μὴν
3364 1308 3784 1365 κατασκοπεῖνά

2206 1404 2450 1459 ἐθέλουσι
2498 1405 2568 1458 τὰ
2610 1406 2740 1476 παρ’
2788 1405 2965 1476 ἡμῶν,
3001 1405 3182 1460 ἐκεῖνό
3211 1421 3423 1476 φαμεν·
3457 1405 3518 1456 Εἰ
3551 1404 3650 1474 μὲν
3677 1402 3786 1474 γάρ
3871 1420 3875 1425 ”

2206 1496 2307 1550 οὐκ
2336 1496 2535 1567 ἀπᾴδει
2574 1499 2694 1561 ταῖς
2725 1497 2907 1551 αὐτῶν
2934 1497 3193 1561 διανοίαις
3220 1496 3283 1549 τὸ
3310 1496 3633 1567 μερίζεσθαι
3671 1495 3731 1547 τὸ
3760 1507 3783 1534 ε

2207 1589 2533 1661 ἀμέριστον,
2565 1592 2659 1643 καὶ
2686 1590 2761 1654 ὡς
2790 1591 2965 1646 κοινὸν
3006 1593 3293 1664 ἄνθρωπον
3323 1588 3663 1661 ἐνηργῆσθαι
3700 1587 3783 1640 λέ-

2207 1695 2326 1748 γειν
2371 1679 2461 1733 διὰ
2503 1680 2599 1734 τοῦ
2648 1671 2976 1753 Πνεύματος.
3010 1682 3101 1737 τὸν
3145 1680 3373 1754 Ἰησοῦν,
3418 1678 3633 1743 πολὺςτ
3675 1679 3782 1732 τῶν

2208 1770 2352 1825 οὕτω
2380 1772 2745 1844 διακειμένων
2793 1777 2821 1827 6
2866 1775 3043 1844 λόγος.
3089 1776 3152 1828 Ei
3186 1774 3242 1827 δέ
3277 1772 3514 1846 Χριστὸν
3552 1771 3650 1825 ἕνα
3690 1769 3784 1823 καὶ

524 1875 593 1927 ab
625 1873 712 1926 illo
746 1872 980 1937 virtute;
1031 1871 1151 1939 ipse
1198 1877 1382 1920 autem
1421 1867 1597 1936 potius
1637 1873 1893 1932 operatur
1924 1863 2106 1917 divina

2211 1863 2361 1931 Υἱὸν,
2384 1866 2478 1917 καὶ
2494 1865 2698 1935 Κύριον
2729 1864 3137 1936 ὁμολογούντων
3158 1873 3183 1911 Β
3206 1864 3491 1935 ὑπάρχειν,
3511 1860 3601 1913 τὸν
3625 1858 3785 1913 αὑτὸν

524 1966 673 2036 signa
702 1966 852 2034 quasi
884 1979 978 2033 per
1004 1962 1285 2033 proprium
1313 1958 1599 2028 Spiritum,
1629 1959 1681 2010 in
1713 1972 1821 2025 quo
1847 1956 2105 2010 et'omnis

2211 1955 2337 2009 ὄντα
2382 1956 2517 2010 Θεόν
2566 1974 2625 2009 τε
2675 1957 2810 2027 όμοῦ
2884 1958 2976 2011 καὶ
3022 1956 3329 2027 ἄνθρωπον,
3384 1950 3788 2006 πιστευέτωσαν
3838 1963 3845 1971 ’

523 2071 703 2111 rerum
736 2056 1000 2108 factarum
1032 2054 1208 2106 virtus
1234 2051 1301 2104 ¹⁰.
1333 2049 1467 2102 Nam
1510 2048 1587 2102 sic
1616 2047 1867 2101 desinent.
1897 2045 2099 2101 frustra

2211 2048 2328 2119 μεθ’
2360 2049 2539 2120 ἡμῶν,
2573 2052 2648 2115 ὡς
2684 2052 2786 2104 οὐκ
2833 2050 3086 2120 ἐνεργείᾳ
3108 2050 3136 2089 ιι
3169 2048 3368 2120 μᾶλλον
3416 2045 3491 2109 ὡς
3520 2043 3788 2116 κρείττονι

526 2162 624 2200 nos
652 2147 901 2207 irridere,
937 2153 990 2198 et
1031 2142 1253 2197 invidia:
1280 2138 1533 2194 dentibus
1565 2138 1618 2191 in
1653 2152 1751 2190 nos
1782 2136 2096 2190 inl'remere.

2211 2141 2335 2211 παρ’
2365 2143 2527 2195 αὑτὸν
2559 2145 2655 2196 καὶ
2678 2142 2933 2214 ἀλλοτρίᾳ
2959 2143 3184 2213 δυνάμει
3205 2144 3273 2212 τῇ
3294 2141 3382 2194 διὰ
3410 2139 3503 2192 τοῦ
3533 2136 3785 2206 Πνεύμα-

521 2255 634 2301 τος,
664 2236 913 2308 ἐνεργείᾳ
938 2235 993 2288 δὲ
1024 2236 1037 2274 ί
1078 2233 1274 2304 μᾶλλον
1303 2232 1464 2283 αὑτὸν
1494 2229 1594 2299 τῆς
1620 2230 1633 2279 Ῑ
1710 2228 2061 2299 θεοσημείας,
2102 2230 2177 2295 ὡς
2215 2234 2282 2286 δι’
2317 2235 2447 2288 ἰδίου
2476 2236 2795 2306 Πνεύματος
2815 2279 2828 2302 ,
2866 2237 2926 2288 ὲν
2953 2228 2997 2302 ᾧ
3031 2236 3123 2288 καὶ
3150 2235 3300 2287 πᾶσα
3331 2232 3440 2285 τῶν
3464 2228 3739 2301 γεννητῶν
3760 2228 3786 2266 ι

523 2330 558 2398 ἡ
588 2329 833 2397 δύναμις.
885 2325 1263 2378 Πεπαύσονται
1304 2322 1413 2394 γὰρ
1440 2320 1584 2375 οὓτω
1614 2320 2101 2392 διαλοιδορούμενοι
2143 2324 2341 2398 μάτην,
2391 2330 2488 2381 καὶ
2535 2330 2661 2392 τοὺς
2700 2332 2831 2399 ,τῆς
2880 2327 3179 2398 βασκανίας
3245 2325 3462 2387 ὀδόντας
3493 2324 3627 2394 ἡμῖν
3668 2322 3788 2374 ἐπι-

526 2422 870 2495 στηρίζοντες
897 2421 939 2476 ι.

940 2527 1588 2586 ANATllE-MATISMUS
1625 2527 1693 2583 X.

595 2647 971 2702 Conl‘essionis
1007 2654 1209 2700 nostra:
1247 2644 1560 2715 pontificem
1603 2653 1657 2697 et
1697 2642 1998 2711 apostolum
2027 2642 2111 2697 la-

527 2752 672 2795 ctutn
726 2756 850 2794 eSse
898 2740 1216 2801 Christum,
1272 2737 1555 2806 Scriptura
1607 2737 1789 2790 divina
1834 2735 2108 2791 docet“:

526 2832 790 2886 obtulisse
818 2846 1038 2900 quoque
1062 2831 1418 2898 semetipsum
1445 2844 1543 2895 pro
1574 2829 1729 2881 nobis
1756 2829 1863 2882 Deo
1884 2838 1935 2880 et
1963 2826 2110 2879 Patri

528 2925 583 2980 in
622 2924 841 2978 odorem
881 2923 1169 2977 suavitatis
1199 2924 1264 2976 “.
1303 2923 1359 2975 Si
1405 2923 1527 2989 quis
1553 2936 1684 2989 ergo
1719 2920 2105 2987 dixerit-pon-

530 3017 729 3069 tiﬁcem
764 3023 819 3069 et.
865 3014 1168 3084 apostolum
1208 3026 1449 3067 nostrmn
1504 3029 1608 3065 non
1642 3026 1763 3065 esse
1798 3012 1970 3079 ipsum
2012 3009 2106 3064 Dei

531 3108 789 3171 Verbum,
826 3117 1176 3176 posteaquam
1222 3122 1352 3159 caro
1394 3116 1448 3159 et
1493 3106 1656 3159 homo
1710 3104 1866 3157 nobis
1912 3103 2106 3157 similis
2133 3085 2176 3142 C-

531 3199 731 3252 factum
783 3209 896 3263 est;
934 3200 1025 3252 sed
1076 3199 1352 3251 hominem
1408 3197 1576 3259 illum,
1631 3196 1721 3263 qui
1768 3210 1834 3248 ex
1887 3194 2113 3247 muliere

532 3302 694 3346 natus
737 3300 837 3355 est,
880 3290 1032 3359 quasi
1082 3289 1313 3342 altertnn
1349 3286 1658 3357 quempiain
1696 3288 1765 3340 ab
1795 3286 1909 3355 ipso
1936 3286 2113 3339 diver-

531 3397 649 3435 sum
678 3395 692 3434 :
723 3391 815 3433 aut
849 3381 892 3434 si
934 3380 1056 3448 quis
1090 3380 1239 3432 illum
1282 3394 1381 3446 pro
1430 3380 1611 3445 seipso
1641 3390 1877 3443 quoque,
1921 3384 1977 3427 et
2007 3388 2111 3427 non

534 3473 713 3543 potius
742 3488 838 3542 pro
873 3474 1030 3526 nobis
1078 3474 1211 3526 solis
1260 3471 1593 3524 sacriﬁcium
1628 3468 1890 3521 obtulisse
1916 3466 2116 3519 dixerit

534 3566 731 3633 (neque
764 3565 906 3620 enim
961 3564 1244 3618 oblatione
1290 3564 1507 3630 egebat,
1557 3561 1646 3630 qui
1688 3570 1966 3631 peccatum
2009 3573 2116 3613 non

535 3655 704 3727 novit)
736 3673 749 3710 :
784 3657 1071 3710 anathema
1113 3656 1205 3709 sit.

1010 3765 1366 3820 Orientalium
1410 3764 1655 3833 objectio.

608 3882 663 3936 Si
700 3882 840 3935 Deus
876 3881 1114 3935 Verbum
1165 3891 1247 3934 est
1294 3896 1540 3934 summus
1571 3878 1848 3940 sacerdos,
1891 3877 1975 3931 cui
2012 3876 2119 3930 Deo

538 3989 657 4038 suo,
692 3973 776 4026 vel
812 3972 956 4040 quali
1000 3973 1364 4025 ministerium
1417 3987 1571 4026 suum
1619 3970 1816 4024 ullert?
1849 3970 1953 4024 Sed
1985 3968 2120 4022 obli-

541 4078 628 4120 tus
652 4076 735 4119 est
774 4067 915 4119 beati
961 4064 1113 4117 Pauli
1163 4066 1439 4118 dicentis:
1476 4084 1494 4116 ι
1528 4064 1643 4118 Non
1688 4065 1829 4118 enim
1860 4064 2121 4117 habemus

542 4158 885 4226 pontiﬁcem,
929 4158 1020 4224 qui
1071 4170 1177 4208 non
1230 4157 1401 4222 possit
1449 4157 1681 4224 compati
1717 4153 2121 4207 inﬁrmitatibus

544 4246 704 4316 185
744 4248 983 4311 uosuis,
1026 4249 1119 4300 sed
1157 4258 1421 4300 tentatum
1470 4262 1563 4315 per
1596 4247 1777 4299 omnia
1823 4246 2119 4299 secundum

2658 2524 3252 2579 ΑΝΑΘΕΜΑΤῙΣΜΟΣ
3292 2522 3345 2578 l'.

2298 2637 2582 2710 Ἀρχιερέα
2605 2639 2698 2691 καὶ
2713 2637 3010 2692 ἀπόστολον
3043 2638 3142 2710 τῆς
3178 2638 3470 2707 ὁμολογίας
3500 2639 3658 2710 ήμῶν
3695 2657 3788 2710 γε·

2214 2730 2477 2801 γενῆσθαι
2504 2729 2738 2801 Χριστὸν
2774 2733 2807 2801 ἡ
2845 2731 2964 2784 θεία
2992 2731 3142 2801 λέγει
3175 2732 3391 2803 Γραφὴ,
3422 2751 3789 2805 προσκεκομι-

2213 2824 2367 2877 κέναι
2412 2825 2470 2877 at
2513 2823 2704 2877 ἐαυτὸν
2735 2824 2875 2895 ὑπὲρ
2908 2823 3065 2894 ἡμῶν
3110 2824 3190 2887 εἰς
3228 2824 3407 2895 ὀσμὴν
3452 2824 3675 2889 εὐωδίας
3712 2825 3791 2895 τῷ

2212 2918 2334 2988 Θεῷ
2363 2916 2459 2971 καὶ
2488 2916 2683 2987 Πατρί.
2718 2917 2785 2969 Εἴ
2809 2934 2892 2979 τις
2919 2916 3100 2971 τοίνυν
3133 2917 3392 2988 ἀρχιερέα
3420 2917 3514 2971 καὶ
3562 2918 3793 2972 ἀπόστο-

2214 3012 2306 3067 λον
2334 3011 2489 3083 ήμῶν
2533 3009 2858 3081 γεγενῆσθαί
2908 3025 3075 3079 φησιν
3119 3009 3219 3061 οὐκ
3251 3010 3415 3062 αὐτὸν
3442 3010 3531 3063 τὸν
3559 3012 3622 3063 ἐκ
3654 3010 3790 3063 Θεοῦ

2213 3102 2427 3174 Πατρὸς
2454 3102 2648 3170 Λόγον,
2698 3102 2849 3155 ὄτεω
2877 3101 3067 3169 γέγονε
3114 3098 3288 3171 σὰρξ,
3340 3101 3434 3153 καὶ
3484 3102 3607 3155 καθ’
3646 3104 3794 3171 ἡμᾶς

2213 3194 2519 3264 ἄνθρωπος,
2552 3192 2669 3247 ἀλλ’
2689 3193 2764 3256 ὡς
2787 3193 2974 3263 ἕτερον
3004 3193 3134 3263 παρ’
3166 3192 3351 3258 αὑτὸν,
3378 3193 3561 3257 ίδικῶς
3586 3193 3795 3264 ἄνθρω-

2216 3304 2316 3339 πον
2358 3287 2424 3338 ἐκ
2470 3284 2760 3353 γυναικός·
2805 3285 2839 3355 ἢ
2900 3283 2955 3337 εἴ
2998 3301 3080 3348 τις
3154 3283 3301 3352 λέγει
3357 3284 3550 3356 ὑπὲρη
3602 3284 3794 3339 ἑαυτοῦ

2215 3378 2602 3445 προσενεγκεῖν
2651 3374 2814 3429 αὑτὸν
2860 3377 2959 3446 τὴν
3011 3376 3351 3447 προσφορὰν,
3415 3376 3507 3429 καὶ
3552 3376 3673 3447 οὐχὶ
3730 3377 3796 3446 δὴ

2220 3468 2418 3539 μᾶλλον
2459 3469 2599 3539 ὑπὲρ
2649 3468 2824 3538 μόνων
2859 3467 3014 3538 ἡμῶν
3046 3468 3128 3537 (οὐ
3161 3468 3270 3540 γάρ
3302 3467 3369 3521 ἂν
3398 3468 3591 3540 ἐδεήθη
3621 3485 3794 3540 προσ-

2219 3562 2391 3632 φορᾶς
2417 3562 2445 3613 6
2476 3560 2551 3632 μὴ
2580 3559 2736 3623 εἰδὼς
2768 3559 3067 3631 ἁμαρτίαν)
3123 3558 3376 3629 ἀνάθεμα
3410 3559 3571 3613 ἔστω.

2529 3763 2895 3831 Ἀντίῤῥησις
2931 3760 3051 3815 τῶν
3096 3758 3504 3813 Ἀνατολικῶν.

2294 3882 2355 3934 Εἰ
2406 3879 2698 3950 ἀρχιερεὺς
2730 3879 2759 3931 6
2795 3876 2925 3941 Θεὸς
2990 3875 3155 3944 Λόγος
3179 3915 3195 3941 ,
3236 3874 3342 3928 τίνι
3386 3873 3504 3945 Θεῷ
3544 3872 3713 3927 αὐτοῦ
3767 3874 3800 3941 ἥ

2222 3970 2360 4041 ποίῳ
2380 3969 2447 4022 τά
2475 3968 2567 4038 τῆς
2593 3965 2888 4036 θεραπείας
2919 3963 3251 4037 προσφέρει;
3292 3963 3430 4017 Ἀλλ’
3463 3963 3756 4017 ἐπελάθετο
3776 3972 3803 4000 °

2222 4062 2314 4115 τοῦ
2348 4060 2618 4132 μακαρίου
2644 4059 2859 4112 Παύλου
2887 4058 3139 4122 εἰπόντος
3157 4074 3170 4087 ⁸
3208 4077 3227 4109 ‹
3252 4057 3327 4111 Οὐ
3349 4056 3457 4127 γὰρ
3480 4057 3676 4127 ἔχομεν
3703 4057 3804 4126 ἁρ-

2223 4152 2411 4223 χιερέα
2448 4152 2522 4222 μὴ
2572 4150 2872 4221 δυνάμενον
2924 4149 3280 4220 συμπαθῆσαι
3330 4150 3450 4211 ταῖς
3498 4148 3804 4208 ἀσθενείαις

2223 4243 2403 4313 ἡμῶν,
2437 4241 2844 4313 πεπειραμένον
2878 4241 2933 4294 δὲ
2980 4240 3122 4295 κατά
3151 4242 3328 4295 πάντα
3355 4239 3478 4293 καθ’
3513 4240 3804 4309 ὁμοιότητα

541 4338 953 4392 similitudinem
1014 4337 1224 4405 absque
1267 4348 1491 4405 peccato
1517 4336 1582 4389 ¹³.
1616 4357 1633 4389 ι
1671 4335 1804 4401 Quis
1841 4336 2003 4405 igitur
2040 4343 2110 4387 est

2226 4337 2393 4407 χωρὶς
2422 4334 2719 4405 ἁμαρτίας.
2759 4352 2777 4386 ι
2812 4333 2909 4397 Τίς
2936 4329 3029 4387 οὖν
3064 4336 3210 4388 ἐστιν
3238 4335 3266 4386 6
3301 4333 3738 4403 πεπειραμένος;
3777 4335 3804 4385 6

545 4439 783 4483 tentatus
814 4428 937 4482 ille?
964 4446 1087 4482 num
1122 4428 1267 4483 Deus
1297 4429 1645 4494 Verbum,an
1679 4431 1906 4482 humana
1934 4438 2110 4479 natur:

2229 4426 2359 4489 Θεὸς
2410 4426 2620 4494 Λόγος,
2668 4424 2701 4496 ἢ
2750 4426 2783 4496 ἡ
2830 4425 3143 4497 ἀνθρωπεία
3191 4425 3353 4495 φύσις
3392 4425 3453 4479 τὸ
3498 4425 3591 4477 τοῦ
3646 4425 3805 4479 Δαυῒδ

542 4536 726 4574 semen
785 4520 988 4574 David?
1048 4521 1111 4574 Et
1166 4522 1361 4575 iterum
1414 4540 1483 4576 ιι
1521 4520 1690 4574 Nemo
1736 4520 1835 4574 sibi
1893 4519 2110 4572 assumit

2231 4518 2490 4589 σπέρμα;
2526 4517 2636 4571 Καὶ
2671 4517 2835 4571 πάλιν
2857 4533 2871 4548 ·
2905 4536 2923 4568 ε
2952 4518 3063 4588 Οὐχ
3088 4518 3266 4589 ἑαυτῷ
3294 4534 3376 4581 τις
3405 4517 3671 4586 λαμϐάνει
3707 4516 3805 4586 τὴν

544 4614 828 4678 honorem,
880 4615 974 4667 sed
1006 4623 1230 4667 vocatus
1265 4631 1292 4665 a
1338 4613 1466 4677 Deo,
1502 4614 1644 4667 sicut
1688 4623 1741 4666 et
1784 4613 1964 4665 Aaron
2001 4630 2013 4664 :
2047 4610 2110 4664 ita

2227 4610 2415 4679 τιμὴν,
2445 4607 2583 4661 ἀλλά
2603 4617 2630 4656 P
2659 4607 2989 4677 καλούμενος
3012 4607 3117 4661 ὑπὸ
3148 4607 3308 4671 Θεοῦ,
3343 4606 3638 4676 καθώσπερ
3684 4608 3806 4659 Ἀα-

543 4717 597 4758 et
627 4706 876 4759 Christus
920 4721 1023 4759 non
1061 4707 1303 4776 seipsttm
1339 4707 1688 4776 gloriﬁcavit,
1728 4715 1783 4757 ut
1812 4707 1962 4758 lieret
1991 4720 2110 4772 pon-

2230 4696 2411 4769 pdwq'
2449 4696 2592 4750 οὓτω
2622 4696 2718 4751 καὶ
2763 4699 2791 4750 6
2836 4696 3073 4767 Χριστὸς
3103 4698 3202 4767 οὐχ
3233 4698 3424 4749 ἑαυτὸν
3460 4696 3678 4762 ἐδόξασε
3710 4712 3805 4763 γε-

547 4795 675 4848 tifex
702 4796 764 4849 “.
801 4813 818 4845 ι
854 4795 986 4860 Quis
1034 4795 1198 4863 igitur
1244 4796 1354 4860 ille,
1393 4796 1483 4865 qui
1536 4803 1885 4862 comparatur
1930 4808 2110 4846 secun-

2228 4790 2417 4844 νέσθαι
2446 4790 2725 4863 ἀρχιερέα.
2763 4808 2780 4840 ι
2811 4789 2908 4852 Τίς
2936 4786 3027 4850 οὖν
3055 4791 3083 4842 6
3112 4788 3187 4859 τῷ
3222 4788 3431 4860 Ἀαρὼν
3464 4789 3603 4841 κατά
3626 4789 3687 4841 τὸ
3709 4788 3807 4856 τῆς

545 4889 672 4939 clunt
728 4886 1017 4940 sacerdotii
1066 4886 1386 4954 dignitatem
1441 4887 1539 4953 ipsi
1583 4888 1788 4947 Aaron,
1838 4893 1892 4936 et
1936 4898 2041 4937 non
2091 4897 2110 4936 ε

2231 4883 2531 4954 ἱερωσύνης
2570 4884 2788 4954 ἀξίωμα
2810 4925 2824 4948 ,
2867 4883 2963 4936 καλ⁹
3007 4881 3085 4953 τῷ
3117 4883 3191 4952 μὴ
3230 4882 3322 4951 ἀφ’
3352 4882 3517 4935 αὑτοῦ
3539 4890 3561 4919 τ
3593 4879 3805 4950 λαμϐά-

546 4980 728 5048 scipso
761 4979 1017 5033 honorent
1049 4978 1374 5044 assumenti,
1415 4980 1509 5031 sed
1536 4992 1724 5031 vocato
1753 4992 1781 5029 a
1813 4976 1944 5039 Deo,
1971 4986 2024 5030 et
2054 4974 2110 5029 ad

2229 4991 2371 5027 νοντι
2395 4984 2417 5012 ⁸
2462 4974 2562 5046 τὴν
2603 4974 2788 5045 τιμὴν,
2820 4972 2957 5026 ἀλλά
2986 4972 3307 5043 καλουμένῳ
3336 4974 3355 5008 ί
3392 4974 3496 5027 ὑπὸ
3526 4971 3620 5025 τοῦ
3650 4971 3805 5035 Θεοῦ,

548 5074 860 5140 dignitatem
897 5071 1200 5124 sacerdotis
1243 5069 1604 5125 ascendenti?
1650 5085 1774 5123 num
1804 5070 1982 5123 divina
2023 5083 2110 5121 tta-

2232 5068 2325 5120 καὶ
2348 5068 2427 5130 εἰς
2447 5068 2546 5137 τὴν
2569 5067 2727 5131 ἀξίαν
2750 5067 2848 5136 τῆς
2877 5064 3176 5137 ἱερωσύνης
3207 5064 3553 5119 ἀναϐαίνοντι
3585 5080 3809 5133 συγκρι-

615 5247 634 5278 ⁹
672 5250 791 5302 Act.
830 5248 1129 5310 ttt,12,l'5.
1197 5248 1238 5277 ¹⁰
1274 5246 1412 5298 Psal.
1447 5260 1618 5310 χχχιι,
1653 5244 1707 5297 6.
1783 5246 1823 5276 ¹¹
1860 5244 2021 5298 llebr.
2058 5261 2110 5298 ιιι

2211 5285 2221 5298 .
2281 5248 2324 5278 ¹²
2363 5246 2697 5315 Ευιιεε.ν,2.
2761 5246 2803 5277 ’³
2838 5244 3002 5299 Hebr.
3041 5260 3114 5312 tv,
3150 5245 3237 5300 15.
3287 5244 3330 5275 ’⁸
3364 5243 3527 5299 Hebr.
3564 5259 3617 5309 ν,
3656 5243 3711 5307 4,
3754 5244 3807 5298 5.

1600 5402 1775 5456 Varia:
1798 5402 2058 5455 lectiones
2081 5417 2145 5455 ex
2175 5401 2365 5456 codice
2392 5402 2762 5470 Seguieriano.

626 5594 652 5622 ι
687 5581 765 5654 δεῖ
787 5582 862 5654 δέ,
903 5580 1075 5654 οἶμαι.
1169 5584 1197 5623 b
1224 5581 1593 5636 κατευθύνειν.

558 5657 584 5694 Β
614 5652 984 5722 ὁμολογοῦσιν.
1058 5657 1085 5694 ιι
1120 5656 1443 5724 ἐνεργεῖται.
1542 5655 1558 5692 ἱ
1602 5653 1814 5721 ἐνεργεῖ
1839 5652 1917 5704 δέ.

555 5733 595 5762 ω
620 5725 719 5775 ὅτι.
795 5732 821 5759 η
848 5726 938 5778 καὶ
972 5725 1136 5798 ὑπέρ.
1211 5721 1237 5762 λ’
1260 5721 1574 5778 ἐπελάϐετο.
1652 5734 1678 5774 Ρ
1708 5724 1818 5776 ἀλλ’
1850 5725 1896 5775 6.
1974 5732 2000 5771 (ι
2032 5724 2122 5775 καὶ
2165 5721 2393 5789 Ἀαρών.

558 5809 736 5866 μενος.

1699 5592 1721 5621 ε
1759 5581 2187 5652 προσιζήσαντα,
2218 5579 2253 5646 ἢ
2288 5579 2571 5652 ἱζήσοιντα.
2646 5574 2673 5652 (ξ
2703 5574 3145 5652 κατασκῲπτειν.
3178 5644 3200 5652 _
3230 5586 3252 5612 θ
3287 5574 3399 5652 τόν..
3423 5645 3434 5652 _
3486 5573 3501 5610 τ
3530 5574 3589 5627 οὐ
3616 5572 3809 5652 Ῑτολύς.

2021 5650 2033 5699 i
2084 5643 2249 5713 αὐτὸς
2273 5643 2475 5713 ταςμῗι,
2512 5648 2677 5699 αὐτοῦ
2708 5650 2823 5707 τάς.
2930 5646 2956 5684 ¹ι
2997 5644 3261 5715 γενητῶν.
3298 5714 3305 5715 7
3376 5643 3808 5715 Ιέπιτρίζοντες.

2498 5726 2516 5753 τ
2549 5718 2649 5769 οὐκ
2678 5718 2768 5784 ἀφ’
2797 5714 3018 5771 ἑαυτοῦ.
3118 5713 3142 5754 δ
3166 5714 3481 5785 λαμϐάνων.
3564 5716 3581 5750 ⁸
3619 5713 3814 5767 καλού-
