4104 6336
325 330 421 384 561
930 322 1455 382 APOLOGETICUS
1494 325 1632 381 PRO
1672 326 1763 382 XII
1803 325 2171 385 CAPITIBUS
2209 329 2492 384 CONTRA
2530 329 2996 386 ORIENTALES.

3478 337 3581 389 532

323 446 579 516 νόμενκῖ
623 445 686 498 Ἦ
718 444 839 500 θεῖα
872 444 1032 515 φύσις
1058 489 1074 512 ,
1121 448 1157 515 ἦ
1204 444 1284 515 τῷ
1314 446 1491 517 Πατρὶ
1542 448 1833 512 συναῖδιος,
1866 450 1899 519 ἡ

2022 460 2151 514 iura,
2196 464 2316 519 quae
2361 461 2443 506 est
2483 449 2631 505 Patri
2685 461 2979 516 coaeterna,
3036 467 3121 504 cut
3169 451 3351 505 omnia
3402 451 3581 507 Patris

326 540 504 594 πάντα
529 537 598 591 τὰ
624 536 721 591 τοῦ
742 537 955 608 Πατρὸς
988 537 1097 590 ἴδια
1125 536 1356 606 ἔχουσα;
1384 539 1464 592 εἰς
1504 540 1653 590 ποῖον
1683 538 1901 609 ἀξίωμα

330 629 511 700 μεῖζον
544 628 742 698 ἑαυτῆς
782 626 1071 687 άνέϐαινες
1119 627 1227 680 Καὶ
1257 628 1547 697 φήσομαιιι
1592 626 1695 698 τὴν
1743 629 1903 699 ἱερω-

330 720 494 790 σύνην
538 718 840 789 ἀξιωτέραν
872 718 971 787 τῆς
1003 717 1155 781 θείας
1182 717 1400 787 φύσεως
1429 718 1722 789 ὑπάρχειν,
1763 716 1902 789 πρὸς

327 812 392 881 ἢν
420 813 522 865 οὑκ
554 813 645 878 ἀφ’
675 810 893 877 ἑαυτοῦ,
945 809 1082 864 ἀλλὰ
1130 810 1465 880 καλούμενος
1499 810 1604 864 ὑπὸ
1634 808 1728 862 τοῦ
1765 809 1902 863 Θεοῦ

327 902 447 955 κατ’
494 903 664 974 αὐτὴν
688 912 711 939 τ
745 901 1019 966 ἀνέϐαινε,
1055 903 1149 955 καὶ
1188 900 1257 955 δι’
1296 901 1466 973 αὐτῆς
1512 900 1825 968 ἐδοξάζετος
1866 901 1900 972 ἢ

326 999 391 1051 ὲκ
427 997 743 1068 σπέρματος
786 995 949 1049 Δαυῒδ
1074 996 1340 1067 γενομένη
1383 996 1476 1051 καὶ
1527 996 1828 1067 ὁρισθεῖσα,

328 1089 423 1143 καὶ
457 1090 533 1151 ὠς
561 1087 814 1159 ὦμοσενι
845 1090 874 1142 ὁ
893 1087 1041 1152 Θεὸς,
1076 1089 1220 1141 κατὰ
1242 1088 1333 1142 τὸν
1362 1089 1693 1158 Ψαλμῳδὸν,
1711 1088 1906 1143 δώσειν

327 1182 407 1242 εἰς
449 1177 541 1232 τὸν
580 1176 752 1232 αἰῶνα
795 1176 857 1230 τὸ
896 1178 995 1247 τῆς
1041 1177 1425 1250 ἱερωσύνηςγ;
1462 1196 1481 1229 ι
1520 1179 1725 1248 Ὢμοσε
1772 1179 1901 1250 γὰρ,

329 1271 485 1342 φησὶ,
531 1270 756 1340 Κύριος,
802 1271 898 1322 καὶ
935 1270 993 1322 οὑ
1047 1269 1587 1340 μεταμεληθήσεται·
1621 1270 1693 1323 Σὺ
1728 1270 1907 1341 ἱερεὺς

328 1365 410 1426 εἰς
433 1361 524 1415 τὸν
550 1360 723 1415 αἰῶνα
748 1360 889 1414 κατὰ
919 1360 1019 1433 τὴν
1040 1360 1199 1425 τάξιν
1211 1360 1566 1432 Μελχισεδέκ.
1594 1380 1611 1412 ι
1634 1361 1696 1413 'H
1716 1361 1909 1432 θεότης

329 1448 425 1503 τοῦ
442 1448 779 1516 Μονογενοῦς
806 1449 1109 1519 ἐνωμότους
1137 1450 1460 1519 ὑποσχέσεις
1492 1450 1642 1518 παρὰ
1658 1449 1752 1502 τοῦ
1771 1449 1906 1503 Θεοῦ

330 1540 625 1622 ἐλάμϐανε,
674 1539 943 1611 λήψεσθαι
988 1541 1089 1611 τὴν
1119 1542 1421 1612 ἱερωσύνην
1463 1544 1544 1605 εἰς
1590 1542 1683 1596 τὸν
1713 1542 1904 1608 αἰῶνα,

332 1632 426 1684 καὶ
454 1632 580 1704 παρ’
613 1632 750 1702 αὐτῇ
778 1640 800 1667 ι
833 1630 1296 1703 δοξασθήσεσθαι;
1339 1632 1450 1685 Καὶ
1482 1633 1565 1696 τίς
1589 1631 1748 1703 ἡμῶν
1774 1633 1907 1686 ἀνά-

334 1740 452 1794 σχοι
476 1737 501 1765 ιι
526 1723 701 1777 ταῦτα
727 1723 1011 1791 λεγόντων,
1054 1723 1087 1793 ἢ
1121 1723 1404 1789 νοούντων,
1452 1724 1544 1778 καὶ
1575 1727 1672 1778 οὑκ
1710 1725 1911 1778 εὑτελί·

2014 550 2141 595 sunt
2168 544 2430 611 propria?
2486 553 2535 598 et
2569 543 2620 596 in
2668 559 2830 611 quam
2879 543 3199 613 dignitatem
3232 560 3292 597 se
3326 544 3581 611 majorem

2010 633 2291 687 ascendit?
2342 632 2662 687 Dicemusne
2719 633 3084 687 sacerdotium
3140 633 3319 687 divina
3384 646 3577 687 natura

2011 722 2247 790 dignius,
2278 724 2344 777 ad
2380 724 2520 792 quod
2553 739 2656 778 non
2688 739 2717 777 a
2752 724 2955 793 seipse,
2999 724 3091 778 sed
3117 738 3211 791 per
3254 725 3380 776 illud
3412 742 3438 776 a
3476 724 3586 779 Deo

2013 824 2235 868 vocatus
2277 815 2540 877 ascendit,
2574 825 2626 868 et
2668 829 2765 884 per
2798 814 2924 867 illud
2970 823 3055 867 est
3102 814 3436 883 gloriﬁcatus
3462 856 3477 880 ,
3516 832 3583 869 an

2010 918 2141 959 vero
2183 912 2374 958 natura
2424 918 2490 959 ex
2540 906 2749 958 semine
2801 903 2965 958 David
3020 904 3164 959 facta
3213 914 3267 959 et
3298 906 3583 975 praedesti-

2013 1004 2175 1060 nata,
2215 995 2301 1049 cui
2336 995 2497 1049 etiam
2542 993 2746 1061 iuravit
2779 994 2944 1059 Dens,
2992 997 3288 1050 secundum
3323 996 3582 1059 Psaltem,

2016 1085 2267 1139 daturum
2322 1098 2383 1140 se
2440 1086 2803 1139 sacerdotium
2862 1085 2915 1139 in
2974 1087 3278 1140 internum?
3329 1086 3588 1141 (Juravit

2015 1174 2184 1240 enim,
2210 1175 2406 1244 inquit,
2430 1174 2715 1241 Dominus,
2752 1185 2804 1231 et
2841 1191 2948 1231 non
2991 1179 3276 1246 paenitebit
3325 1195 3445 1232 eum
3472 1196 3485 1232 :
3509 1178 3589 1232 Tu

2014 1280 2074 1319 es
2122 1265 2376 1320 sacerdos
2426 1265 2477 1320 in
2528 1277 2789 1322 aeternum
2832 1271 3127 1323 secundum
3164 1270 3409 1324 ordinem
3461 1270 3590 1325 Mel-

2017 1355 2304 1411 chisedech
2331 1356 2393 1410 ⁸⁸.
2428 1375 2447 1408 ι
2485 1354 2622 1412 Num
2654 1359 2827 1413 deitas
2857 1359 3127 1431 Unigeniti
3154 1377 3181 1413 ιι
3208 1363 3313 1415 Deo
3353 1364 3593 1431 promis-

2019 1447 2200 1502 siones
2228 1462 2349 1503 cum
2375 1448 2689 1519 juramento
2730 1454 2960 1522 accepit,
3003 1465 3379 1523 suscepturum
3414 1470 3472 1508 se
3504 1470 3593 1508 sa-

2017 1538 2315 1592 cerdotium
2365 1541 2417 1593 in
2450 1550 2733 1607 aeternum,
2769 1557 2864 1610 per
2905 1546 3049 1613 quod
3094 1547 3165 1597 sit
3197 1545 3592 1614 gloriﬁcanda?

2021 1626 2086 1680 Et
2140 1627 2262 1695 quis
2301 1638 2546 1683 nostrum
2590 1629 2727 1685 feret
2771 1632 2898 1685 talia
2935 1632 3177 1688 dicentes
3228 1634 3309 1688 vel
3342 1635 3593 1704 cogitan-

2020 1717 2143 1772 tes?
2172 1717 2301 1785 Quis
2341 1736 2445 1773 non
2476 1729 2787 1777 contemnet
2814 1738 2912 1776 nos
2956 1725 3122 1778 Deum
3164 1725 3589 1788 introducentes,

336 1835 417 1870 σει
440 1818 466 1856 b
504 1817 690 1887 ἡμᾶς,
741 1814 875 1869 Θεὸν
928 1815 1250 1883 εἰσάγοντας
1298 1816 1773 1887 χειροτονούμενον
1812 1818 1913 1889 ἀρι-

2022 1810 2106 1878 qui
2160 1809 2399 1878 pontifex
2459 1813 2762 1876 ordinetur,
2809 1824 2865 1867 et
2918 1824 3071 1881 pacta
3123 1830 3244 1869 cum
3280 1816 3592 1884 juramento

332 1910 544 1980 χιερέα,
577 1910 668 1961 καὶ
696 1907 963 1977 ὲνωμόσει
998 1908 1325 1977 ὑποσχέσεις
1350 1919 1371 1947 ε
1412 1906 1780 1977 λαμϐάνοντα,
1811 1926 1915 1962 κα-

335 2000 542 2054 λεῖσθαί
576 2016 634 2053 τε
675 2002 756 2064 εἰς
796 1999 858 2052 τὸ
893 1999 994 2069 τῆς
1040 1999 1340 2071 ἱερωσύνης
1388 1998 1641 2070 ἀξίωμα,
1682 2001 1775 2054 καὶ
1816 2001 1913 2071 οὑχ

336 2092 516 2164 ἐαυτῷ
561 2091 910 2163 λαμϐάνοντα
953 2092 1053 2163 τὴν
1094 2094 1283 2163 τιμὴν,
1336 2092 1453 2145 ἀλλ’
1481 2095 1560 2155 εἰς
1582 2092 1787 2166 ταύτην
1820 2113 1916 2148 κα-

336 2183 618 2255 λούμενον,
650 2185 745 2237 καὶ
777 2184 1202 2255 συγκρινόμενον
1244 2183 1322 2255 τῷ
1372 2185 1575 2256 πρώτῳ
1616 2184 1715 2257 τὴν
1759 2186 1917 2258 ἰερω-

340 2279 506 2349 σύνην
533 2277 782 2342 λαϐόντι;
807 2279 916 2331 Καὶ
942 2277 1104 2331 πάλιν
1134 2278 1289 2347 φησὶ,
1331 2277 1519 2341 καθὼς
1543 2278 1637 2331 καὶ
1663 2280 1720 2331 ἐν
1744 2280 1914 2350 ἑτέρῳ

338 2371 521 2439 λέγει·
564 2391 581 2422 ι
615 2371 687 2424 Σὺ
740 2371 919 2442 ἱερεὺς
957 2372 1038 2435 εἰς
1088 2371 1179 2423 τὸν
1226 2369 1396 2424 αἰῶνα
1445 2370 1587 2424 κατὰ
1626 2372 1725 2442 τὴν
1765 2372 1917 2437 τάξιν

341 2464 695 2535 Μελχισεδέκ.
734 2483 752 2515 ι
795 2464 905 2517 Καὶ
949 2462 1033 2527 τίς
1072 2463 1234 2516 πάλιν
1290 2463 1429 2516 κατὰ
1466 2463 1565 2535 τὴν
1616 2462 1917 2533 ἰερωσὺνην

344 2556 677 2627 Μελχισεδὲκ
729 2557 1097 2622 ἁπείκασται;
1124 2551 1272 2625 ’Ἄρα
1315 2556 1462 2607 ὅσιον
1492 2555 1584 2607 τὸν
1621 2555 1753 2609 Θεὸν
1786 2555 1916 2608 ὑπο-

342 2648 661 2720 λαμϐάνειν,
713 2648 746 2719 ἢ
789 2648 888 2719 τὴν
920 2648 980 2712 ἐξ
1024 2646 1184 2718 ἡμῶν
1232 2646 1526 2716 ληφθεῖσαν
1579 2648 1775 2718 σάρκα,
1818 2647 1916 2718 τὴν

342 2737 635 2792 ὲνωθείσαν
686 2737 1008 2809 ἁχωρίστως
1070 2736 1185 2807 ἅμα
1210 2777 1223 2801 ,
1268 2738 1364 2789 καὶ
1414 2737 1737 2808 ἀσυγχύτως
1788 2754 1914 2790 συν-

342 2831 633 2901 ημμένην;
672 2831 781 2883 Καὶ
808 2829 970 2883 πάλιν
1012 2828 1208 2898 φησίν·
1250 2848 1266 2880 ι
1303 2831 1399 2892 Ὃς
1441 2830 1498 2882 ὲν
1526 2831 1648 2892 ταῖς
1679 2829 1916 2900 ἡμέραις

342 2923 446 2992 τῆς
485 2920 688 2993 σαρκὸς
729 2920 895 2974 αὑτοῦ
930 2920 1147 2992 δεήσεις
1168 2936 1248 2983 τε,
1276 2920 1371 2973 καὶ
1412 2920 1690 2991 ἱκετηρίας
1712 2919 1739 2958 d
1781 2920 1918 2991 πρὸς

341 3015 433 3068 τὸν
459 3015 758 3083 δυνάμενον
792 3011 983 3077 σώζειν
1016 3013 1176 3065 αὑτὸν
1222 3014 1286 3064 ὲκ
1320 3012 1553 3065 θανάτου
1582 3011 1721 3082 μετὰ
1746 3029 1918 3082 κραυ⁴

342 3105 447 3175 γῆς
501 3104 729 3174 ἰσχυρᾶς
771 3103 866 3156 καὶ
916 3101 1169 3173 δακρύων
1221 3102 1615 3173 προσενέγκας,
1663 3104 1757 3155 καὶ
1805 3103 1920 3154 εἰσ-

2018 1901 2271 1970 accipiat,
2318 1912 2649 1973 voceturque
2698 1906 2764 1957 ad
2811 1906 3196 1970 sacerdotium,
3228 1918 3282 1959 et
3329 1922 3436 1960 non
3488 1908 3591 1960 sibi

2020 1993 2120 2061 ipsi
2181 2002 2426 2049 assumat
2471 1995 2752 2060 honorem,
2799 1999 2894 2051 sed
2946 1997 3012 2051 ad
3060 1998 3205 2051 illum
3255 2007 3498 2063 vocetur,
3542 2010 3597 2052 et

2020 2095 2365 2154 comparetur
2398 2088 2571 2154 primo
2601 2090 2692 2158 qui
2723 2090 3086 2144 sacerdotium
3116 2090 3358 2158 accepit?
3400 2090 3466 2143 Et
3496 2090 3597 2144 ite-

2023 2194 2136 2231 rnm
2168 2197 2181 2232 :
2216 2196 2235 2229 (
2267 2179 2727 2243 Quemadmodum
2766 2192 2821 2234 et
2853 2182 2903 2235 in
2935 2182 3041 2236 alio
3084 2182 3204 2237 loco
3234 2183 3401 2237 dicit:
3427 2181 3504 2236 Tu
3537 2198 3596 2237 es

2020 2269 2277 2322 sacerdos
2309 2268 2363 2322 in
2411 2279 2674 2323 aeternum
2714 2272 3009 2325 secundum
3041 2272 3286 2326 ordinem
3315 2271 3598 2325 Melchise-

2021 2362 2156 2416 dech
2179 2362 2241 2417 ιθ.
2268 2380 2288 2413 ι
2324 2362 2391 2416 Et
2417 2363 2540 2431 quis
2569 2377 2758 2417 rursus
2783 2374 3126 2431 comparatus
3139 2373 3224 2417 est.
3242 2364 3340 2431 ipsi
3374 2362 3596 2417 Melchi-

2019 2450 2217 2503 sedech
2255 2453 2554 2504 secundum
2603 2451 3007 2505 sacerdotium?
3046 2469 3175 2506 num
3214 2455 3390 2523 ipsum
3425 2452 3592 2509 Deum

2022 2540 2255 2595 Verbum
2306 2542 2614 2597 existimare
2658 2541 2737 2596 fas
2787 2552 2891 2608 cst,
2938 2558 3008 2597 an
3053 2559 3274 2599 carnem
3324 2562 3389 2599 ex
3443 2546 3597 2601 nobis

2021 2643 2376 2702 assumptum,
2420 2634 2521 2704 ipsi
2571 2634 3013 2706 inseparabiliter
3047 2648 3103 2693 et
3150 2639 3431 2694 inconfuse
3473 2641 3597 2694 uni-

2024 2735 2156 2780 tam.
2200 2726 2264 2779 Et
2301 2726 2495 2780 iterum
2526 2727 2696 2781 dicit:
2728 2745 2746 2777 ι
2782 2727 2886 2793 Qui
2922 2730 2976 2783 in
3011 2729 3202 2785 diebus
3233 2732 3419 2785 carnis
3461 2748 3595 2797 sna',

2022 2832 2211 2884 preces
2240 2829 2297 2871 et
2329 2818 2754 2886 supplicationes
2786 2821 2853 2874 ad
2890 2835 3039 2884 eum,
3068 2823 3159 2891 qui
3186 2824 3359 2890 possit
3384 2826 3599 2880 salvam

2022 2906 2172 2959 illum
2204 2923 2234 2961 a
2274 2919 2470 2976 morte,
2504 2926 2628 2964 cum
2665 2912 2904 2966 clamore
2934 2913 3114 2967 valido
3142 2924 3197 2967 et
3231 2914 3487 2986 Iacrymis
3515 2920 3598 2971 ot"-

2022 2999 2225 3063 fcrcns,
2251 3001 2535 3054 exauditus
2563 3010 2648 3055 est
2671 3018 2768 3071 pro
2799 3018 2897 3057 sua
2927 3006 3231 3059 reverentia
3261 3005 3344 3059 “5'.
3379 3025 3396 3057 ι
3432 3006 3599 3062 Νιιιιι-

2025 3093 2150 3157 quid
2194 3093 2285 3147 Dei
2325 3092 2559 3148 Verbum
2589 3095 3013 3165 supplicationes
3050 3107 3104 3152 et
3136 3113 3350 3165 preces,
3392 3110 3445 3155 et
3476 3118 3598 3155 ctltt‘.

344 3163 641 3259 ἆέᾷυσθέιέ
675 3163 785 3248 ἀπὸ
826 3196 925 3265 τῆς
954 3163 1276 3258 εὐλαϐείας..
1297 3214 1315 3246 ι
1342 3163 1491 3265 *Αρᾷ
1515 3195 1544 3246 ὁ
1573 3163 1708 3255 Θεὸς
1747 3195 1913 3262 Λόγος

2024 3186 2261 3240 clamore
2307 3186 2487 3240 valido
2529 3188 2594 3241 ad
2637 3189 3017 3258 aliquem,qui
3059 3193 3228 3259 possit
3267 3192 3442 3261 ipsum
3488 3196 3600 3247 sal-

340 3288 558 3358 δεήσεις
587 3288 680 3339 καὶ
726 3286 1004 3359 ἱκετηρίας
1024 3297 1071 3352 θ,
1100 3287 1193 3339 καὶ
1229 3286 1368 3356 μετὰ
1408 3288 1657 3358 κραυγῆς
1694 3287 1918 3356 ἰσχυρᾶς

342 3380 486 3451 πρός
534 3396 657 3432 τινα
714 3379 1008 3449 δυνάμενον
1061 3376 1258 3441 σώζειν
1310 3377 1505 3443 αὑτὸν,
1567 3379 1916 3449 προσφέρων,

343 3469 673 3540 εἰσηκούσθη
727 3469 835 3521 ἀπὸ
870 3468 970 3538 τῆς
999 3468 1307 3535 εὐλαϐείας,
1354 3470 1447 3523 καὶ
1488 3468 1689 3538 ἔμαθεν
1719 3471 1812 3538 ἀφ’
1845 3464 1919 3521 ὧν

344 3560 512 3613 ἔπαθε
544 3560 642 3631 τὴν
670 3560 943 3630 ὑπακοήν;
988 3561 1050 3613 Εἰ
1083 3560 1265 3613 τοίνυν
1307 3563 1335 3613 ὁ
1363 3560 1494 3623 Θεὸς
1520 3561 1692 3629 Λόγος
1730 3561 1921 3631 ἀρχιεσ-

344 3652 496 3724 ρεὸς,
526 3653 620 3705 καὶ
645 3650 849 3722 ἔμαθεν
878 3650 970 3719 ἀφ’
999 3644 1075 3705 ὧν
1106 3650 1308 3704 ἔπαθεν
1331 3650 1515 3714 αὑτὸς,
1549 3653 1643 3703 καὶ
1668 3651 1918 3704 ἐτελειώ-

345 3741 435 3812 θη.
497 3740 660 3795 Ἀλλὰ
703 3741 778 3811 μὴ
822 3740 1182 3813 ταρασσέσθω
1218 3741 1372 3813 ὑμῶν
1413 3742 1447 3812 ὴ
1493 3741 1701 3795 διάνοια
1729 3741 1749 3778 ί
1792 3744 1922 3812 περὶ

342 3831 439 3886 τοῦ
478 3832 747 3896 παθόντος
789 3833 1105 3886 ἀκούσασαο
1162 3852 1182 3885 ι
1212 3835 1429 3904 Καεπερ
1481 3833 1556 3885 ὢν
1591 3834 1739 3897 Υἱός.
1774 3852 1792 3884 ι
1842 3834 1917 3886 Οὑ

344 3926 457 3997 γάρ
481 3925 573 3979 δύο
604 3925 757 3988 υἱούς
777 3943 977 3997 φαμεν,
1002 3924 1094 3978 τόν
1112 3942 1173 3978 τε
1204 3925 1466 3991 παθόντα,
1495 3925 1591 3979 καὶ
1615 3926 1707 3978 τὸν
1732 3925 1920 3996 ἀπαθῆ

349 4020 642 4090 μείναντα’
695 4019 755 4072 οὑ
801 4020 911 4090 γὰρ
960 4018 1429 4091 κεχωρισμένωςε
1468 4019 1563 4072 καὶ
1611 4016 1920 4084 ἰδιαζόντως

344 4112 445 4183 τῆς
463 4110 719 4183 θεὰτητος
738 4112 769 4162 ὁ
788 4113 852 4165 ὲκ
867 4108 897 4149 δ
920 4111 1231 4182 σπέρματος
1259 4109 1420 4165 Δαυῒδ
1440 4110 1566 4173 Υἱὸς
1584 4110 1917 4181 ὠνόμασται,

346 4205 424 4268 ὡς
453 4204 576 4258 οὑδὲ
624 4206 657 4276 ή
704 4204 893 4275 θεότης
935 4204 1072 4274 μετά
1098 4203 1197 4275 τὴν
1226 4203 1420 4256 ἒνωσιν
1452 4203 1578 4257 ἄνευ
1603 4204 1701 4273 τῆς
1730 4220 1921 4271 φαινο-

350 4296 522 4367 μένης
553 4295 755 4367 σαρκὸς
786 4295 919 4358 Υἰὸς
942 4294 1410 4365 προσηγόρευται·
1445 4295 1504 4347 τὸ
1538 4295 1645 4364 γὰρ
1683 4295 1782 4363 τῆς
1810 4292 1923 4345 υἱό-

346 4402 507 4457 τητος
536 4388 675 4459 μετά
724 4386 823 4457 τὴν
863 4386 1057 4441 ’ἐνωσιν
1107 4386 1395 4458 ἑκατέραις
1421 4389 1542 4450 ταῖς
1571 4387 1799 4456 φύσεσιν
1838 4384 1918 4450 ἓν,

2023 3293 2152 3333 vare
2204 3277 2455 3344 oﬂ'erens,
2512 3282 2826 3335 exauditam
2886 3291 2971 3337 est
3022 3296 3119 3350 pro
3164 3288 3492 3355 reverentia,
3547 3298 3605 3341 et

2023 3368 2207 3423 didicit
2235 3384 2302 3423 ex
2332 3371 2435 3434 his,
2467 3385 2585 3439 qua:
2605 3387 2822 3438 passum
2841 3384 2944 3437 est,
2975 3376 3379 3430 obedientiam?
3416 3378 3472 3430 Si
3506 3379 3605 3446 igi-

2026 3471 2111 3514 tur
2140 3460 2282 3516 Deus
2314 3460 2547 3518 Verbum
2583 3476 2665 3517 est
2688 3465 2952 3534 pontifex,
2986 3468 3150 3520 etiam
3178 3468 3369 3523 didicit
3396 3486 3460 3524 ex
3495 3471 3599 3532 his,

2023 3567 2142 3620 quae
2192 3569 2385 3622 passus
2430 3564 2516 3609 est
2567 3558 2701 3624 ipse,
2754 3569 2811 3610 et
2852 3572 3261 3614 consummatus
3301 3573 3402 3615 est.
3444 3564 3605 3633 186

2026 3644 2225 3699 Verum
2263 3661 2328 3701 ne
2357 3648 2606 3703 turbetur
2628 3662 2780 3704 mens
2802 3661 3004 3712 vestra,
3034 3652 3261 3706 audiens
3296 3653 3360 3706 de
3389 3672 3453 3707 eo
3508 3661 3598 3722 qui

2028 3754 2220 3809 passus
2247 3750 2329 3794 est
2358 3760 2371 3795 :
2404 3759 2421 3792 ι
2462 3740 2527 3793 Ει
2558 3743 2776 3811 quidem
2821 3758 2943 3796 cum
2975 3753 3119 3798 esset
3151 3744 3401 3800 Filius".
3434 3768 3452 3799 ι
3482 3746 3601 3800 Non

2024 3834 2167 3887 enim
2216 3834 2348 3888 duos
2376 3834 2516 3889 lilios
2560 3837 2848 3905 ponimus,
2889 3850 3011 3889 eum
3048 3838 3138 3906 qui
3174 3853 3370 3908 passus
3407 3849 3515 3901 est,
3552 3849 3603 3893 et

2026 3926 2116 3993 qui
2157 3926 2361 3980 mansit
2383 3927 2732 3996 impassibilis
2761 3946 2773 3981 :
2804 3940 2977 3997 neque
3001 3931 3143 3982 enim
3168 3945 3196 3982 a
3226 3930 3427 3986 deitate
3457 3947 3607 3985 seor-

2026 4018 2128 4073 sim
2152 4028 2531 4089 sequestratus
2554 4021 2621 4088 is,
2649 4023 2738 4091 qui
2772 4031 2855 4076 est
2885 4037 2951 4077 ex
2985 4023 3193 4077 semine
3214 4022 3404 4084 David,
3437 4022 3608 4077 Filius

2027 4112 2340 4167 nominatus
2385 4122 2501 4178 est;
2553 4122 2611 4167 ιιι
2659 4128 2835 4184 neque
2872 4114 3045 4169 deilas
3098 4123 3219 4184 post
3276 4116 3600 4178 unitionem,

2026 4202 2146 4257 sine
2174 4217 2339 4257 carne
2368 4203 2565 4258 visibili
2603 4203 2771 4260 Filius
2798 4206 3065 4276 appellata
3098 4217 3177 4260 est
3206 4224 3217 4258 :
3253 4222 3377 4260 nam
3419 4206 3607 4260 ﬁliatio

2029 4303 2150 4364 post
2191 4296 2491 4349 unitiOnem
2539 4297 2754 4364 utrique
2799 4307 3007 4350 natura:
3054 4314 3158 4351 una
3190 4309 3293 4362 est,
3323 4312 3445 4354 cum
3478 4315 3507 4353 .1
3547 4315 3605 4354 se

2027 4398 2215 4442 mutuo
2233 4404 2338 4441 non
2367 4389 2477 4442 sint
2507 4399 2787 4459 separatae.
2818 4390 2935 4445 Non
2969 4392 3114 4445 enim
3144 4403 3267 4460 post
3300 4394 3600 4448 unitionem

347 4482 408 4535 οὑ
439 4481 870 4552 κεχωρισμέναις
894 4480 1159 4551 ἀλλήλων.
1190 4481 1264 4533 Oti
1298 4480 1406 4552 γάρ
1439 4478 1579 4549 μετὰ
1600 4479 1696 4549 τὴν
1724 4478 1913 4531 ἕνωσιν

2028 4480 2303 4547 separatio
2358 4479 2497 4558 facta
2547 4492 2631 4535 est
2662 4499 2674 4534 :
2708 4490 2889 4536 manet
2927 4484 3069 4537 enim
3107 4494 3369 4554 perpetua
3413 4485 3602 4538 nnitio.

348 4573 623 4644 χωρισμὸς
656 4571 980 4639 ὲπεγὲιετο·
1033 4573 1183 4643 μένει
1222 4572 1333 4645 γάρ
1375 4572 1653 4643 αἰώνιοςή
1700 4572 1913 4635 ἓνωσις.

361 4664 519 4717 Ἀλλά
552 4664 661 4734 γάρ
692 4662 787 4716 καὶ
813 4665 872 4716 ἐν
906 4664 1020 4727 τοῖς
1059 4664 1252 4717 πάθεσι
1284 4665 1389 4732 τῆς
1428 4663 1628 4736 σαρκὸς
1657 4666 1689 4735 ἡ
1729 4663 1919 4735 θεότης

348 4756 687 4827 ἀχώριστος,
719 4755 936 4825 ἀπαθὴς
968 4756 1235 4827 μένουσα·
1282 4757 1375 4809 καὶ
1404 4756 1470 4809 τά
1514 4756 1793 4827 θεοπρεπῆ
1831 4756 1921 4808 διὰ

348 4849 444 4919 τῆς
476 4848 679 4919 σαρκὸς
710 4846 1017 4901 ὲπετελείτο
1036 4865 1051 4877 ·
1085 4848 1208 4901 ὅθεν
1233 4847 1328 4901 ἕνα
1356 4847 1450 4900 καὶ
1483 4848 1575 4900 τὸν
1602 4848 1765 4901 αὑτὸν
1792 4846 1923 4900 Υἱὸν

349 4939 734 5010 ὁμολογοῦμεν,
783 4940 1107 5010 ἀσυγχύτων
1155 4939 1266 4992 τῶν
1330 4941 1545 5006 φύσεων
1602 4940 1879 5009 μενουσῶν
1906 4955 1920 4968 ⁶

350 5033 448 5084 οὑκ
478 5031 636 5084 ἄλλον
668 5033 763 5085 καὶ
802 5032 959 5088 ἄλλον
986 5033 1260 5100 λέγοντες,
1298 5032 1377 5104 μὴ
1412 5034 1644 5101 γένοιτο,
1678 5033 1792 5087 ἀλλ’
1826 5035 1921 5087 ἕνα

352 5125 443 5175 καὶ
474 5124 563 5177 τὸν
608 5124 788 5178 αὑτόν.
833 5125 1119 5196 ’Δρχιερέα
1164 5121 1257 5179 οὖν
1293 5126 1387 5179 καὶ
1415 5126 1717 5181 ἀπόστολον
1753 5130 1783 5197 ἡ
1796 5127 1920 5197 μῶν

425 5306 466 5337 ⁸⁸
502 5307 639 5361 l‘sal.
672 5307 852 5371 crx,4.
931 5307 973 5337 ¹⁸
1004 5304 1164 5361 llebr.
1193 5323 1247 5371 ν,
1291 5306 1342 5371 '1,
1383 5308 1446 5339 ”‘
1485 5307 1615 5360 ibid.

1696 5307 1735 5336 ”
1775 5307 1901 5357 ibid.
1940 5302 1993 5356 3.

2028 4574 2166 4641 Quin
2196 4583 2251 4629 et
2289 4573 2344 4629 in
2377 4574 2718 4644 passionibus
2751 4575 2933 4630 carnis
2965 4576 3140 4632 deitas
3172 4588 3291 4630 erat
3325 4578 3603 4647 insepara-

2030 4667 2168 4731 bilis,
2215 4680 2439 4721 manens
2488 4666 2868 4735 impassibilis;
2907 4678 2961 4723 et
3005 4684 3125 4738 quan
3167 4669 3331 4723 Deum
3387 4674 3603 4732 decent,

2031 4774 2125 4825 per
2148 4772 2366 4813 carnem
2403 4757 2860 4826 perﬁciebantur:
2893 4760 3037 4813 unde
3067 4776 3229 4811 ιιιιιιιιι
3273 4768 3327 4813 et
3356 4761 3605 4814 eumdem

2032 4852 2226 4905 Filium
2257 4852 2602 4916 conﬁtemur,
2648 4853 2858 4905 naturis
2897 4852 3197 4906 inconfusis
3230 4852 3602 4909 manentibus;

2034 4960 2137 4998 non
2174 4944 2337 4999 alium
2369 4953 2424 4999 et
2474 4943 2635 4998 alium
2686 4946 2951 5012 dicentes,
2986 4944 3156 4999 absit!
3196 4947 3288 4999 scd
3338 4960 3509 4999 unum
3553 4956 3607 4996 et

2032 5034 2302 5087 eumdem.
2346 5032 2530 5100 Itaque
2572 5034 2878 5102 pontiﬁcem
2910 5043 2961 5086 ct
3006 5033 3304 5102 apostolum
3359 5044 3605 5087 nostrum

2030 5124 2212 5179 Jesum
2270 5123 2545 5179 Christum
2598 5126 2893 5179 secundum
2943 5124 3153 5177 divinas
3226 5123 3605 5194 Scriptores"

2077 5303 2121 5334 ”
2150 5302 2312 5356 Hebr.
2345 5319 2423 5367 ιιι,
2467 5305 2516 5357 1.

1418 5463 1587 5518 Varii».
1626 5464 1884 5519 lectiones
1915 5480 1977 5517 ex
2010 5464 2197 5517 εθιΙὶιέ
2225 5464 2600 5533 Seguicriann.

424 5632 450 5661 α
482 5622 746 5691 φήσσμεν.
822 5630 849 5656 ν
879 5622 1059 5675 αὐτόν.
1138 5632 1163 5658 x
1256 5620 1349 5674 καὶ
1380 5618 1615 5679 ὤμοσεν.
1689 5630 1717 5667 y
1749 5620 1787 5687 f,
1822 5622 1965 5673 άεεδι
1995 5621 2230 5693 ἀξίωμα,
2313 5635 2331 5661 ζ
2361 5624 2489 5692 παρ’
2516 5622 2707 5691 anna;

424 5692 548 5730 3L";
612 5690 640 5730 ’³
695 5692 755 5730 Λνί
779 5692 1131 5730 νητςιιφεῖἷηνι
1233 5704 1254 5730 c
1286 5693 1585 5730 Euntnr'nrn-i-
1613 5693 1879 5730 ’φιληθέντα
1977 5690 2002 5730 d
2037 5695 2245 5730 Fanniae
2350 5706 2370 5730 ε
2403 5695 2613 5730 er-riv-

2037 5707 2265 5758 ικεσιας.

358 5692 574 5814 Ιξελίσει,
612 5690 667 5761 ἧ,
695 5692 755 5746 οὑ
779 5692 1153 5764 κατευτελίσῃ.
1198 5690 1254 5731 ’⁷ο
1284 5693 1585 5761 ἐνωμότους
1613 5693 1902 5761 συνθήκας.

420 5780 447 5814 τ
510 5779 591 5814 εκ.

420 5779 479 5814 το
510 5779 591 5815 εκ.

632 5855 902 5914 ΡΑτιιοι..
948 5850 1062 5911 Gn.
1104 5848 1356 5910 LXXVI.

3239 5620 3266 5658 δ
3298 5623 3357 5674 οὑ
3393 5639 3606 5674 κατευ-

3093 5694 3117 5731 ε
3155 5692 3605 5761 κ;χωρισμὲνος.

2787 5637 2804 5658 ι
2843 5621 3154 5689 ἀνάσχοιτο.

2350 5706 2370 5731 ε
2402 5691 2633 5755 ἱκεσίας.
2747 5691 3013 5763 Impia.

3174 5854 3237 5915 12
