4104 6336
506 306 621 374 “555

1473 307 1536 362 S.
1574 303 1855 361 CYBILLI
1893 305 2367 365 ALEXANDRINI
2403 305 2720 364 ARClllEP.

3663 300 3771 355 σοι

518 441 725 490 lat-tum
774 448 895 489 esse
945 430 1123 488 nullus
1180 447 1288 488 non
1338 430 1722 497 conﬁtebitur;
1774 446 1878 486 non
1919 439 2097 487 tamen

2210 432 2561 505 γεγεννῆσθαι
2588 430 2679 486 τὸν
2709 427 2915 501 Κύριον
2945 425 3102 501 ἡμῶν
3139 424 3345 500 Ἰησοῦν
3366 424 3600 501 Χριστὸν
3624 428 3768 482 κατά

518 536 828 595 separatum
872 525 1099 579 seorsim
1135 522 1409 578 hominem
1446 536 1511 577 ex
1552 522 1773 576 muliere
1799 537 1829 575 a
1865 522 1956 576 Dei
1990 523 2093 577 Pa-

522 620 618 672 tris
650 614 847 681 Verbo,
877 615 951 668 ita
975 624 1032 668 ut
1056 613 1198 683 quod
1224 628 1291 667 ex
1323 612 1531 667 semine
1563 610 1730 664 David
1763 612 1976 665 unitum
2012 622 2097 665 est

520 705 828 769 inconfuse,
865 701 1211 757 insedabiliter
1242 710 1297 754 et
1355 699 1791 769 inseparabiliter
1814 699 1993 755 Verbo
2028 715 2093 754 ex

520 797 683 850 Patre
712 795 914 864 genito,
947 793 1018 847 sit
1058 791 1300 862 pontifex
1348 800 1589 845 tentatus
1626 806 1721 860 per
1754 790 1935 844 omnia
1968 792 2095 846 abs-

519 903 624 958 que
659 898 879 956 peccato
904 886 969 951 ¹⁹,
1012 892 1065 938 et
1109 884 1332 938 edoctus
1380 898 1443 937 ex
1483 882 1588 947 his,
1622 896 1739 951 quae
1774 898 1963 951 passus
1996 892 2096 945 est,

519 979 913 1044 obedientiam;
965 978 1055 1047 qui
1097 975 1357 1032 obtulerit
1397 974 1507 1029 Deo
1559 986 1615 1028 et
1646 972 1793 1027 Patri
1848 989 1952 1028 non
2002 988 2100 1043 pro

521 1074 724 1144 seipso,
756 1072 848 1127 sed
883 1086 979 1141 pro
1013 1070 1145 1125 solis
1168 1069 1326 1123 nobis
1352 1082 1504 1120 suam
1538 1081 1780 1120 carnem.
1806 1064 1923 1118 Non
1954 1066 2098 1118 enim

522 1164 769 1231 imperite
820 1161 1061 1215 dicemus
1122 1157 1290 1213 Deum
1344 1155 1582 1211 Verbum
1636 1155 1984 1225 pontiﬁcem,
2046 1160 2101 1206 et

458 1265 469 1277 '
522 1253 783 1309 obtulisse
814 1249 1180 1321 seipsumDeo
1206 1260 1260 1303 et
1290 1248 1437 1302 Patri
1463 1266 1476 1302 :
1508 1262 1631 1302 nam
1667 1246 1940 1316 Unigeniti
1982 1246 2099 1302 dei-

525 1346 653 1400 tatis
689 1345 801 1415 ipse
828 1341 992 1397 Pater
1026 1356 1133 1395 non
1165 1349 1248 1396 est
1285 1338 1452 1406 Deus,
1477 1340 1570 1395 sed
1601 1337 1787 1393 Pater.

1074 1629 1260 1701 (ἔνι-ἰαὶ
1289 1628 1551 1699 defensio.

594 1746 798 1802 lterum
828 1741 1158 1799 adversariis
1180 1749 1486 1811 opportune
1521 1739 1765 1794 dicemus
1793 1751 1807 1790 :
1839 1753 1857 1787 ι
1893 1735 2101 1804 Usque-

525 1799 1008 1905 quo'claudicatis
1070 1799 1333 1884 ambo-bus
1384 1828 1677 1898 p0plitibus
1736 1825 1936 1880 vestris
1959 1799 2095 1876 ’5?»
2130 1799 2178 1859 Β

523 1925 754 1995 Oportet
801 1925 942 1978 enim
990 1935 1085 1976 vos
1131 1919 1333 1974 habere
1382 1933 1568 1973 sanam
1615 1924 1672 1971 et
1725 1916 1990 1985 integram
2039 1913 2104 1967 ad

528 2017 903 2087 cognoscenda
938 2024 1084 2069 recte
1120 2012 1241 2067 lidei
1286 2013 1539 2081 dogmata
1584 2019 1844 2073 mentem,
1875 2022 1983 2062 non
2009 2008 2105 2061 du-

527 2111 774 2183 plicitate
806 2109 974 2162 animi
1018 2106 1439 2171 claudicantem,
1479 2113 1535 2157 et
1574 2101 1729 2155 valde
1759 2099 2102 2166 imbecillem,

529 2214 585 2256 et
636 2210 784 2257 recte
837 2198 1087 2255 incedere
1135 2211 1242 2252 non
1304 2195 1572 2249 valentem
1619 2211 1633 2246 :
1672 2211 1691 2243 ‹
1720 2191 1854 2246 Nam
1910 2192 2104 2261 duplex

530 2294 711 2349 anitno
749 2293 1065 2346 inconstans
1106 2299 1190 2343 est
1221 2286 1275 2341 in
1315 2286 1571 2343 omnibus
1614 2286 1715 2339 viis
1747 2285 1881 2348 suis,
1918 2294 1974 2338 et
2002 2299 2103 2337 non

530 2386 765 2454 accip‘iet
815 2380 1020 2451 aliquid
1064 2396 1093 2433 a
1149 2379 1376 2433 Domino
1405 2377 1472 2429 “.
1506 2396 1524 2427 ι
1576 2375 1743 2444 quue
1788 2375 1908 2428 dico
1953 2374 2107 2427 valde

533 2474 829 2535 admirans,
878 2468 1221 2523 adversarios
1249 2475 1357 2520 tam
1410 2465 1752 2534 impudenter
1794 2479 1859 2516 ac
1907 2473 2108 2517 temere

532 2565 864 2635 propositum
909 2561 1207 2615 etiamnum
1266 2556 1800 2612 anathematismum
1855 2554 2110 2623 perstrin-

533 2670 659 2725 gere
688 2653 841 2710 velle.
881 2650 995 2705 Nec
1036 2651 1352 2712 absurdum,
1390 2648 1533 2717 quod
1571 2647 1761 2701 nolunt
1797 2644 1893 2698 Dei
1931 2644 2109 2697 Patris

534 2746 770 2801 Verbum
804 2762 833 2798 a
871 2744 1025 2798 nobis
1051 2740 1320 2796 nominari
1357 2739 1514 2809 187
1556 2737 1859 2807 apostolum
1889 2745 1944 2790 et
1976 2750 2110 2804 pon-

534 2838 732 2893 tiﬁcem
786 2834 1148 2891 confessionis
1207 2841 1444 2897 nostrai,
1500 2831 1716 2900 quando
1764 2827 1969 2883 factum
2027 2834 2112 2881 est

532 2934 719 2986 homo.
764 2928 898 2983 Nam
926 2928 1019 2999 qui
1048 2940 1276 2996 prorsus
1308 2932 1580 2978 attentant
1625 2922 1961 2976 nativitatem
1993 2919 2109 2988 ejus

532 3021 834 3076 secundum
875 3032 1097 3073 carnem
1127 3014 1473 3079 calumniari,
1501 3023 1557 3068 et
1586 3013 1743 3083 quasi
1776 3027 1885 3066 non
1924 3026 2109 3064 veram

533 3112 764 3180 rejicere
808 3111 1035 3176 audent,
1087 3123 1186 3162 nec
1238 3106 1476 3161 ferentes
1526 3113 1771 3159 sanctam

537 3204 642 3260 dici
682 3202 776 3257 Dei
821 3201 1162 3272 genitricem,
1193 3199 1462 3269 quomodo
1495 3212 1607 3251 non
1647 3205 1701 3249 et
1745 3194 2110 3263 dispensatio-

537 3295 625 3347 nis
679 3293 867 3348 modos
915 3288 1201 3358 rejieient?
1265 3288 1500 3342 Audiant
1582 3286 1747 3354 igitur
1813 3284 1916 3338 hoc
1969 3285 2113 3349 quod

538 3384 708 3440 Isaias
736 3383 873 3437 dixit
899 3398 915 3436 :
946 3399 967 3433 ‹
999 3380 1112 3435 Nisi
1134 3379 1500 3441 credideritis,
1532 3392 1637 3429 non
1668 3374 2057 3444 intelligetis".
2087 3393 2106 3426 ι

538 3475 753 3529 Etenim
782 3473 992 3526 divinus
1029 3470 1356 3539 evangelista
1397 3466 1631 3521 Joannes
1666 3480 1921 3534 magnum
1961 3464 2116 3533 quid-

540 3568 663 3619 dam
700 3574 755 3619 et
795 3563 1070 3617 insolitum
1109 3560 1420 3614 hominibus
1463 3558 1716 3623 intonuit,
1763 3558 1951 3611 dicens
1984 3557 2114 3609 \‘er-

544 3651 672 3705 bum
726 3662 946 3701 carnem
996 3660 1117 3699 esse
1164 3643 1362 3697 factum
1390 3642 1456 3694 ".
1497 3641 1597 3707 Qui
1642 3652 1819 3696 autem
1862 3642 2113 3695 virtutem

539 3741 785 3797 veritatis
816 3738 1169 3802 sul'l'urantur,
1204 3736 1279 3789 ita
1307 3749 1527 3788 carnem
1554 3733 1731 3803 ipsum
1763 3733 1963 3788 factum
1994 3749 2117 3788 esse

542 3834 747 3896 dicunt,
778 3830 920 3884 sicut
965 3837 1021 3883 et
1066 3826 1414 3882 maledictum
1437 3826 1506 3891 “,
1537 3834 1591 3879 et
1622 3838 1901 3896 peccatum
1925 3827 1970 3856 ’⁸
1997 3840 2117 3880 esse

543 3923 741 3978 factum
790 3920 1123 3990 intelligitur.
1174 3918 1240 3972 Et
1272 3920 1338 3972 de
1387 3918 1469 3975 his
1521 3916 1636 3987 jam
1677 3927 1803 3971 ante
1853 3918 2114 3981 diximus,

544 4029 639 4084 per
664 4027 782 4082 qua:
807 4028 904 4082 par
922 4019 1044 4071 erat
1071 4010 1336 4079 ejusmodi
1371 4023 1653 4063 sermones
1684 4007 1846 4063 falsos
1870 4019 1925 4062 et
1952 4023 2116 4061 vanos

543 4104 849 4159 ostendere.
881 4102 987 4156 Sed
1025 4102 1282 4155 adversus
1322 4099 1746 4153 calumniatores
1793 4098 1856 4152 ad
1883 4112 2119 4167 praesens

546 4194 674 4247 illud
699 4192 973 4259 dicimus:
1008 4189 1209 4243 Discite
1237 4187 1445 4252 audire,
1485 4184 1814 4255 angustiati,
1855 4184 2115 4253 suscipite

547 4285 953 4337 fundamentum
1012 4279 1336 4334 sacramenti
1411 4279 1709 4332 secundum
1800 4272 2115 4335 Christum,

545 4376 717 4445 prima
749 4372 1164 4441 dispensationis
1197 4370 1442 4434 exordia,
1490 4379 1544 4423 et
1574 4370 1773 4438 ipsum,
1829 4377 1887 4421 ut
1929 4369 2001 4420 ita
2035 4365 2117 4419 di-

545 4482 688 4531 cam,
734 4466 1038 4534 ingt-essum
1075 4481 1090 4518 :
1135 4463 1337 4517 credite
1389 4461 1670 4515 nobiscum
1707 4501 1722 4526 ,
1783 4460 1892 4517 imo
1945 4459 2117 4513 sacris

548 4555 879 4626 Scripturis;
920 4553 1066 4615 date,
1094 4552 1217 4606 date
1262 4550 1506 4604 veritatis
1532 4548 1827 4614 calculum,
1856 4546 2117 4602 conﬁten-

549 4660 631 4702 tes
667 4647 809 4716 quod
854 4645 969 4715 ipse
1014 4642 1336 4713 Unigenitus
1378 4642 1471 4695 Dei
1521 4641 1782 4702 Verbum,
1818 4639 1909 4708 qui
1948 4646 2031 4691 est
2064 4637 2117 4690 in

549 4741 673 4795 sinu
716 4738 914 4802 Patris,
951 4752 1047 4807 per
1078 4750 1238 4806 quem
1281 4734 1484 4799 omnia,
1517 4742 1569 4787 et
1607 4734 1659 4786 in
1701 4747 1811 4800 quo
1846 4729 2115 4792 omnia",

550 4830 724 4885 factus
748 4828 818 4882 sit
847 4842 996 4889 caro,
1032 4841 1137 4880 non
1168 4839 1362 4894 passus
1388 4823 1831 4885 conversionem,
1859 4821 1941 4874 vel
1974 4833 2120 4873 com-

549 4922 889 4984 mistionem,
934 4919 1027 4973 sed
1075 4931 1286 4986 semper
1335 4916 1604 4972 exsistens
1657 4914 1763 4967 hoc
1820 4912 2115 4967 secundum

552 5021 830 5074 naturam,
859 5011 1004 5080 quod
1040 5020 1180 5075 erat,
1230 5018 1286 5063 et
1314 5018 1419 5074 est,
1448 5017 1503 5063 et
1533 5008 1659 5062 erit.
1697 5005 1897 5060 Factus
1938 5014 2119 5058 autem

548 5115 633 5158 est
674 5119 835 5169 earn,
888 5103 1227 5158 nativitatem
1278 5102 1455 5155 ferens
1507 5114 1573 5154 ex
1634 5108 1822 5154 sancta
1867 5097 2123 5166 Virgine,

623 5255 667 5287 ιθ
697 5254 859 5309 Hebr.
888 5271 959 5319 IV,
986 5253 1071 5309 15.

550 5325 596 5356 ³⁸
628 5323 668 5379 ll
699 5324 825 5380 Cor.
853 5340 881 5377 ν
937 5325 1028 5377 21.
1116 5323 1163 5355 ⁸⁸
1193 5323 1209 5377 Ι
1234 5322 1360 5377 Cor.
1395 5335 1511 5385 vni,
1542 5320 1595 5374 6.
1670 5392 1673 5395 γ

2196 528 2293 591 τὰς
2336 526 2486 589 θείας
2520 522 2743 595 Γραφάς
2774 521 2951 584 οὐδεὶς
2982 521 3063 575 οᾶν
3108 520 3206 590 οὐχ
3250 518 3664 590 ὁμολογήσειεν·
3704 521 3765 573 οὐ

2197 617 2603 689 κεχωρισμένον
2651 615 2835 687 μέντοι
2888 612 3068 676 ίδικῶς
3099 612 3383 683 ἄνθρωπον
3411 612 3475 664 ὲκ
3510 612 3768 679 γυναικὸς

2197 709 2290 762 τοῦ
2325 708 2459 762 Θεοῦ
2488 706 2701 780 Πατρδς
2732 706 2927 775 Λόγου,
2976 705 3050 768 ὡς
3098 699 3237 757 εἶναι
3276 702 3334 756 τὸ
3361 706 3426 757 ἐκ
3456 704 3770 774 σπέρματος

2196 801 2361 857 Δαυῒδ
2401 801 2681 872 ἡνωμένον
2709 798 3051 869 ἀσυγχύτως,
3096 799 3411 868 ἀφράστως,
3442 796 3538 850 καὶ
3566 796 3767 867 ἀχωρί-

2202 910 2341 957 στως
2386 892 2464 962 τῷ
2498 894 2561 945 ἐκ
2593 890 2807 962 Πατρός
2837 875 3029 959 λόγῳ,
3067 888 3326 959 ἀρχιερέα
3365 884 3767 955 πεπειραμένον

2201 982 2343 1036 κατά
2386 982 2564 1035 πάντα
2610 981 2778 1051 χωρὶς
2819 978 3095 1050 ἁμαρτίας
3122 1018 3137 1041 ,
3167 978 3262 1030 καὶ
3295 976 3534 1047 μαθόντα
3562 976 3656 1041 ἀφ’
3695 967 3771 1027 ὧν

2201 1073 2370 1126 ἔπαθε
2402 1076 2503 1144 τὴν
2531 1071 2800 1141 ὑπακοὴν,
2828 1070 3312 1141 προσκεκομικότα
3339 1067 3397 1121 δὲ
3428 1067 3503 1137 τῷ
3533 1064 3651 1135 Θεῷ
3678 1065 3774 1119 καὶ

2202 1166 2379 1237 Πατρ“ι
2405 1166 2502 1233 ούχ
2533 1162 2675 1233 ὑπὲρ
2711 1161 2943 1226 ἑαυτοῦ,
2982 1161 3095 1213 ἀλλ’
3124 1159 3262 1231 ὑπὲρ
3292 1156 3447 1229 ἡμῶν
3478 1158 3652 1227 μόνων
3674 1155 3772 1226 τὴν

2204 1256 2383 1310 ίδίανί
2422 1256 2620 1325 σάρκα.
2673 1255 2747 1306 υύ
2794 1253 2903 1324 γὰρ
2948 1251 3176 1323 ἀμαθῶς
3230 1251 3474 1321 φήσομεν
3510 1249 3601 1303 τὸν
3641 1248 3773 1301 Θεὸν

2200 1347 2374 1414 Λόγον
2425 1346 2728 1416 ἀρχιερέα,
2777 1345 2874 1399 καὶ
2919 1341 3415 1417 προσκεκομικέναι
3458 1340 3648 1393 ἑαυτὸν
3694 1340 3774 1409 τῷ

2203 1438 2321 1509 Θεῷ
2344 1439 2436 1493 καὶ
2468 1438 2639 1509 Πατρί
2660 1452 2672 1464 ·
2696 1438 2758 1489 ού
2779 1436 2889 1507 γάρ
2915 1437 3013 1507 τῆς
3037 1434 3130 1488 τοῦ
3160 1432 3497 1504 Μονογενοῦς
3525 1432 3774 1502 θεότητος

2202 1529 2334 1593 Θεὸς
2364 1532 2391 1582 ό
2417 1529 2626 1600 Πατὴρ,
2663 1528 2799 1581 ἁλλά
2828 1529 3035 1598 Πατήρ.

2666 1658 2974 1725 Ἀπολογία
3006 1657 3330 1725 Κυρίλλου.

2286 1776 2411 1829 Ἐπὶ
2444 1773 2635 1845 καίρου
2679 1772 2744 1843 δὴ
2797 1769 2957 1824 πάλιν
2989 1770 3273 1841 εἰρήσεται
3306 1767 3440 1839 πρὸς
3468 1770 3500 1840 ἡ
3512 1766 3627 1838 μῶν
3665 1770 3778 1830 τοῖς

2203 1872 2269 1926 δι’
2301 1870 2548 1934 ὲναντίας
2567 1887 2581 1901 ·
2623 1888 2641 1921 ι
2665 1870 2813 1931 Ἕως
2841 1868 2970 1921 πότε
3005 1865 3295 1936 χωλανεῖτε
3325 1863 3410 1915 ἐπ’
3443 1852 3779 1932 ἀμφοτέραις

2203 1966 2322 2027 ταῖς
2371 1962 2580 2030 ίγνύαις
2633 1959 2817 2031 ύμῶν;
2856 1978 2874 2009 ι
2918 1957 3039 2029 Χρὴ
3092 1956 3201 2027 γὰρ
3249 1955 3394 2024 ὑμᾶς
3450 1953 3618 2024 ύγιῆἱ
3684 1953 3779 2006 καὶ

2204 2058 2406 2129 ἀρτίως
2437 2056 2628 2127 ἔχοντα
2655 2055 2789 2125 πρὸς
2821 2053 3025 2123 εἴδησιν
3051 2049 3258 2122 ἀκριϐῆ
3288 2050 3391 2120 τῆς
3421 2048 3638 2111 εὐθείας
3670 2045 3779 2098 τῶν

2205 2150 2489 2221 δογμάτων
2515 2149 2660 2218 ἔχειν
2689 2146 2779 2199 τὸν
2812 2144 2957 2208 νοῦν,
3016 2144 3075 2196 ού
3119 2145 3238 2206 ταῖς
3272 2140 3544 2212 διψυχίαις
3574 2137 3778 2210 χωλεύ-

2205 2260 2354 2305 οντα,
2385 2240 2478 2294 atat
2509 2239 2643 2292 πολὺ
2677 2236 2934 2292 νοσοῦντα
2956 2234 3015 2287 τὸ
3045 2234 3259 2298 ἄναλκι,
3286 2234 3382 2286 καὶ
3411 2231 3547 2303 ὀρθὰ.
3578 2228 3781 2299 βαίνειν

2206 2334 2307 2387 ούκ
2348 2333 2705 2402 ἀνεχόμενονο
2752 2326 3196 2389 «Ἀκατάστατος
3242 2325 3350 2396 γὰρ
3398 2326 3425 2377 ό
3470 2322 3689 2392 δίψυχος
3722 2322 3782 2373 ὲν
3824 2370 3825 2373 η

2210 2428 2410 2487 πάσαις
2443 2427 2563 2497 ταῖς
2591 2424 2731 2486 ὁδοῖς
2765 2420 2952 2484 αὐτοῦ,
2983 2420 3079 2473 καὶ
3116 2419 3215 2471 οὐκ
3262 2417 3327 2471 ἀν
3357 2434 3408 2469 τι
3444 2414 3597 2469 λάϐοι
3631 2412 3785 2483 παρά

2208 2516 2301 2570 τοῦ
2328 2515 2554 2589 Κυρίου.
2589 2534 2609 2565 ι
2637 2515 2744 2569 Καὶ
2791 2512 2967 2567 ταῦτά
3003 2529 3182 2582 φημι,
3230 2505 3593 2578 τεθαυμακὼς
3644 2506 3785 2573 ἄγαν

2207 2611 2332 2674 τοὺς
2368 2610 2392 2648 k
2430 2609 2497 2662 δι’
2526 2608 2772 2671 ἐναντίας
2824 2603 3089 2675 ἀναίδηνι
3139 2600 3282 2655 οῦτω
3333 2600 3427 2653 καὶ
3472 2597 3781 2670 προαλῶςυ

2210 2701 2563 2772 ἐπιπλήττειν
2605 2700 2887 2761 ἐθέλοντας
2914 2696 2992 2768 τῷ
3027 2692 3375 2767 προκειμένῳ
3407 2691 3500 2745 καὶ
3528 2690 3623 2743 νῦν
3652 2689 3786 2743 ἀνα-

2212 2792 2555 2864 θεματισμῴ.
2584 2791 2695 2844 Ka‘t
2722 2790 2785 2842 τὸ
2820 2788 3048 2850 ἀπεικὸς
3082 2786 3255 2849 οὐδὲν,
3287 2786 3335 2837 εἱ
3375 2783 3450 2854 μὴ
3471 2781 3784 2853 βούλοιντοο

2209 2888 2301 2941 τὸν
2333 2889 2395 2939 ὲκ
2432 2883 2567 2937 Θεοῦ
2600 2882 2812 2953 Πατρός
2841 2881 3011 2948 Λόγον
3059 2875 3416 2947 ὀνομάζεσθαι
3458 2872 3595 2943 πρὸς
3629 2869 3787 2942 ἡμῶν

2212 2978 2508 3034 ἀπόστολον
2548 2976 2643 3028 καὶ
2694 2972 2955 3045 ἀρχιερέα
2988 2970 3087 3041 τῆς
3115 2970 3403 3040 ὁμολογίας
3435 2964 3612 3036 ἡμῶν,
3643 2964 3731 3016 ὅτε
3754 2970 3786 2999 ⁸

2138 3152 2178 3170 Α
2212 3069 2437 3170 γέγονεν
2484 3063 2786 3170 ἅνθρωπος.
2829 3063 2893 3114 Οἱ
2939 3060 3047 3167 γὰρ
3092 3060 3229 3122 ὅλως
3250 3056 3365 3165 ,τὴν
3410 3053 3550 3107 κατά
3586 3052 3789 3170 ὶσάέριὶα

2135 3152 2180 3210 C
2213 3163 2465 3230 γέννησιν
2515 3155 2677 3209 αὐτοῦ
2717 3154 3070 3223 συκοφαντεῖν
3105 3148 3474 3220 πειρώμενοι,
3514 3146 3609 3199 καὶ
3651 3144 3791 3199 ἀπό-

2213 3255 2430 3324 ϐλητον,
2465 3252 2540 3313 ὼς
2588 3249 2689 3300 οὐκ
2733 3247 2907 3317 ἀληθῆ
2934 3285 2947 3308 ,
2996 3243 3221 3313 ποιῆσαι
3254 3241 3655 3312 τολμήσαντες,
3688 3237 3793 3290 οὐκ

2213 3342 2529 3414 ἀνεχόμενοί
2555 3357 2614 3392 τε
2645 3338 2904 3392 Θεοτόκον
2932 3337 3104 3389 εἰπεῖν
3145 3332 3242 3404 τὴν
3288 3333 3449 3401 ἁγίαν
3485 3328 3793 3402 Παρθένον,

2214 3438 2330 3498 πῶς
2358 3437 2418 3486 ού
2443 3433 2875 3503 παραιτήσονται
2904 3428 3002 3498 τῆς
3028 3425 3338 3496 οἰκονομίας
3367 3424 3491 3487 τοὺς
3518 3423 3749 3493 τρόπους
3771 3437 3794 3486 ;

2227 3526 2596 3580 Ἀκουέτωσαν
2648 3523 2827 3575 τοίνυν
2888 3519 2950 3572 τὸ
2992 3518 3079 3571 διὰ
3129 3517 3231 3587 τῆς
3291 3516 3471 3587 φωνῆς
3526 3512 3787 3566 Ἡσαΐου·

2222 3638 2240 3672 ι
2286 3620 2412 3672 Ἐὰν
2450 3617 2523 3688 μὴ
2551 3613 2898 3683 πιστεύσητε,
2927 3610 3035 3663 οὐδ’
3068 3609 3129 3662 ού
3164 3613 3237 3679 μὴ
3271 3607 3490 3676 συνῆτε.
3531 3623 3549 3656 ι
3597 3605 3655 3657 '0
3690 3602 3793 3672 μὲν

2214 3712 2326 3783 γὰρ
2372 3710 2655 3772 θεσπέσιος
2702 3702 3094 3775 εύαγγελιστὴς
3126 3702 3379 3769 Ἰωάννης
3415 3697 3557 3769 μέγα
3584 3713 3635 3747 τι
3692 3697 3793 3783 καὶ

2217 3802 2449 3866 ἐξαίσιον
2483 3798 2882 3868 κατεϐρόντησε
2914 3796 3025 3855 τοῖς
3061 3791 3151 3844 ὑπ’
3196 3788 3442 3860 οὐρανὸν,
3483 3786 3663 3856 σάρκα
3698 3782 3789 3837 λέ-

2217 3911 2329 3961 γων
2369 3889 2699 3959 γεγενῆσθαι
2735 3887 2826 3940 τὸν
2857 3884 3048 3952 Λόγον.
3084 3884 3145 3933 Οἱ
3175 3881 3231 3933 δὲ
3263 3878 3363 3949 τῆς
3397 3875 3655 3946 ἀληθείας
3684 3874 3789 3945 τὴν

2218 3981 2444 4050 δύναμιν
2482 3977 2933 4040 ύποκλέπτοντες,
2963 3971 3105 4025 οῦτω
3132 3970 3309 4039 σάρκα
3334 3966 3586 4037 γενέσθαι
3620 3964 3791 4035 φασὶν

2218 4073 2401 4135 αὐτὸν,
2434 4072 2508 4134 ὼς
2554 4072 2618 4123 ἂν
2652 4069 2822 4120 νοοῖτο
2850 4063 3104 4134 γενέσθαι
3139 4060 3353 4129 κατάρα
3382 4058 3477 4111 καὶ
3520 4055 3788 4127 ἁμαρτία.

2219 4168 2330 4219 Καὶ
2360 4165 2491 4236 περὶ
2523 4161 2621 4231 μὲν
2649 4159 2852 4212 τούτων
2882 4156 2984 4227 ἤδη
3019 4154 3323 4222 φθάσαντες
3350 4152 3574 4219 εἴπομεν
3595 4188 3610 4214 ,
3646 4148 3795 4218 ἅπερ

2216 4257 2285 4331 ἦν
2317 4260 2461 4320 εἰκὸς
2494 4256 2657 4309 ἕωλον
2686 4254 2867 4315 αὐτοῖς
2889 4248 3210 4318 ἀποφαίνειν
3235 4244 3492 4299 δύνασθαι
3525 4242 3616 4296 τὸν
3640 4240 3698 4294 έν
3724 4256 3793 4308 γε

2217 4352 2455 4406 τουτοισὶ
2500 4349 2677 4417 λόγον.
2716 4344 2858 4415 Πρὸς
2886 4342 2943 4396 δέ
2985 4357 3049 4409 γε
3084 4340 3213 4401 τοὺς
3257 4336 3558 4406 φιλαιτίους
3605 4332 3684 4393 είς
3729 4331 3796 4383 τὸ

2221 4444 2394 4519 παρὸν
2428 4440 2602 4495 ἐκεῖνό
2649 4453 2863 4506 φαμενο
2900 4434 3115 4488 Μάθετε
3158 4430 3397 4497 ἀκούειν,
3431 4423 3795 4497 στενοχωρού-

2228 4516 2378 4608 μενοι
2394 4552 2407 4565 ο
2428 4528 2789 4594 καταδέξασθε
2812 4526 2906 4580 τοῦ
2941 4524 3084 4580 κατά
3111 4522 3347 4597 Χριστὸν
3380 4519 3680 4592 μυστηρίου
3704 4516 3797 4569 τὸν

2226 4607 2497 4696 θεμέλιον,
2541 4621 2641 4689 τῆς
2678 4617 2988 4688 οἰκονομίας
3034 4616 3133 4678 τὰς
3179 4613 3403 4686 πρώτας
3452 4610 3663 4682 ἀρχὰς,
3703 4607 3801 4660 καὶ

2224 4716 2413 4788 αὐτὴν,
2460 4715 2527 4767 ἵν’
2576 4712 2749 4774 οῦτως
2794 4711 2953 4775 εἴπω,
3000 4707 3100 4779 τὴν
3138 4706 3419 4774 εἰσϐολήνο
3470 4699 3797 4755 πιστεύσατε

2226 4810 2344 4882 μεθ’
2379 4808 2555 4880 ἡμῶν,
2590 4804 2788 4875 μᾶλλον
2814 4802 2869 4854 δὲ
2894 4802 3003 4863 τοῖς
3035 4801 3200 4870 ἱεροῖς
3232 4797 3527 4869 Γρόιμμασι
3548 4809 3562 4822 ’
3587 4791 3705 4845 δότε
3731 4788 3800 4861 δὴ

2223 4881 2322 4973 τῆς
2355 4898 2616 4970 ἀληθείας
2652 4896 2749 4966 τὴν
2780 4894 2984 4963 ψῆφον,
3035 4887 3422 4960 ὁμολογοῦντες
3458 4886 3540 4938 ὅτι
3572 4881 3732 4943 αὐτὸς
3768 4882 3800 4933 ὁ

2229 4993 2523 5067 μονογενὴς
2555 4978 2648 5045 τοῦ
2675 4988 2811 5042 Θεοῦ
2841 4987 3032 5054 Λόγος,
3066 4985 3094 5036 ὁ
3122 4985 3179 5035 ὲν
3206 4981 3425 5042 κόλποις
3452 4976 3527 5030 ὢν
3555 4974 3648 5027 τοῦ
3686 4974 3800 5027 Πα-

2232 5066 2378 5161 τρὸς,
2407 5088 2436 5139 ὁ
2468 5088 2536 5139 δι’
2564 5078 2624 5137 οῦ
2650 5082 2719 5137 τὰ
2746 5080 2926 5134 πάντα
2945 5117 2961 5143 ,
2988 5076 3082 5130 καὶ
3115 5078 3173 5149 ἐν
3197 5068 3241 5143 ᾧ
3272 5076 3342 5127 τὰ
3381 5071 3578 5135 πάντα,
3610 5066 3797 5136 γέγονε

1172 5252 1218 5283 ¹⁰
1246 5249 1309 5304 ιιι
1346 5250 1477 5319 Reg.
1514 5265 1671 5314 xvrtt,
1713 5246 1804 5302 2i.
1874 5246 1916 5279 ²¹
1946 5244 2066 5300 Jac.
2102 5260 2110 5299 I

2210 5275 2235 5299 ν.
2310 5244 2355 5275 ²²
2386 5239 2487 5296 lsa.
2526 5255 2627 5303 vn,
2660 5238 2714 5295 9.
2791 5236 2838 5268 "
2864 5233 3022 5289 Joan.
3054 5248 3091 5298 ι,
3128 5229 3218 5285 14.
3298 5227 3344 5258 ’⁵
3380 5223 3558 5280 Galat.
3590 5237 3674 5285 ιιι,
3709 5220 3796 5273 l5.

1615 5471 1792 5528 Varia:
1817 5469 2086 5525 lectiones
2116 5479 2184 5523 ex
2205 5464 2396 5520 codice
2425 5458 2799 5531 Seguieriano.

626 5646 644 5685 ί
678 5638 904 5696 οἰκείαν.
985 5652 997 5690 ι
1039 5638 1188 5707 ὑγιᾶ.
1264 5636 1290 5675 ιι
1320 5630 1645 5704 τεθαύμακα
1672 5629 1782 5700 γὰρ
1820 5628 1959 5699 ἀγαν
1988 5625 2133 5691 τούς.

553 5721 583 5753 ³
613 5712 724 5768 ὃτι.

2217 5623 2236 5663 ι
2269 5621 2487 5694 ἀνέδην.
2564 5630 2601 5660 ι·
2625 5618 2928 5693 προδήλως,
2955 5617 2989 5689 ἢ
3026 5612 3340 5689 προφανῶς.
3416 5618 3445 5648 ιι
3473 5606 3797 5681 βούλωνται.
