4104 6336
305 355 412 414 3‘35

913 354 1444 413 APOLOGETICUS
1483 355 1618 411 PRO
1658 354 1751 411 XII
1791 354 2154 410 C.\PiTlliUS
2193 355 2472 412 CONTRA
2516 356 2980 414 ORIENTALES.

3452 366 3557 419 366

309 471 445 541 σάρξ
466 488 478 500 ’
507 469 570 524 οὑ
604 470 831 543 τροπήν,
860 471 893 543 ἢ
934 473 1147 544 φυρμὸν
1177 472 1471 543 ὑπομείνας
1496 512 1512 535 ,
1548 472 1660 525 ἀλλ’
1693 472 1768 525 ὢν
1795 473 1881 526 ἀεὶ

1989 475 2282 529 seetunlum
2317 489 2563 541 carnem,
2598 476 2842 546 inquam,
2892 486 2949 531 et
2989 477 3289 547 appellatus
3334 478 3554 551 [factus]

306 560 466 615 τοῦτο
511 559 651 615 κατά
690 560 872 630 φύσιν,
910 562 1047 631 ὅπερ
1074 557 1145 633 ἦν
1171 578 1253 626 τε,
1293 563 1384 615 καὶ
1418 560 1555 621 ἔστι,
1588 562 1683 614 καὶ
1709 560 1881 613 ἔσται.

309 653 501 721 Γέγονε
538 652 595 708 δὲ
632 651 770 725 σὰρξ
793 693 808 718 ,
857 653 1110 724 γέννησιν
1162 654 1462 725 ὑπομείνας
1496 656 1558 707 ἐκ
1585 656 1684 724 τῆς
1724 654 1884 721 ἁγίας

309 744 610 815 Παρθένου,
634 746 733 815 τὴν
764 744 906 798 κατά
932 746 1112 816 σάρκα
1140 747 1282 818 φημί
1303 762 1316 776 ⁸
1347 748 1441 798 καὶ
1476 745 1885 816 κεχρημάτικεν

310 835 435 898 Υἱὸς
459 835 768 906 ἀνθρώπου,
794 838 889 889 καὶ
918 837 1319 908 παραπλησίως
1350 839 1483 907 ήμῖν
1514 838 1777 907 μετέσχεν
1810 836 1887 888 ai!-

311 944 481 995 ματος
526 928 620 981 καὶ
659 929 879 999 σαρκός.
930 927 1089 981 οὑτω
1136 928 1532 998 διατιθεμένοις
1555 938 1604 995 ι’,
1653 929 1748 981 καὶ
1784 928 1886 998 τὴν

308 1016 451 1071 οὕτω
493 1019 695 1090 σεπτὴν
728 1021 821 1073 καὶ
847 1019 1221 1092 ἀληθεστάτην
1246 1019 1430 1073 πίστιν
1460 1020 1881 1091 εἰσδεξαμένοις,

309 1112 486 1165 πάντα
510 1116 755 1180 φανεῖται
790 1115 857 1169 τὰ
879 1114 1076 1185 ἑφεξῆς
1112 1114 1323 1186 βάσιμά
1352 1131 1432 1177 τε,
1464 1114 1557 1168 καὶ
1583 1114 1880 1183 ἱππήλατα,

310 1204 403 1255 καί
424 1204 574 1256 οὐδὲν
602 1204 830 1271 ἄναντες
854 1206 887 1277 ἢ
916 1206 1112 1277 τραχύ.
1134 1207 1449 1278 Γέγραπται
1470 1207 1575 1277 γὰρ
1602 1207 1683 1259 ὃτι
1706 1208 1883 1259 πάντα

309 1294 516 1347 ἐνώπια
564 1299 678 1361 τοῖς
731 1298 1013 1361 συνιοῦσι,
1062 1299 1158 1352 καὶ
1206 1298 1342 1369 ὀρθὰ
1394 1301 1508 1361 τοῖς
1568 1296 1884 1368 εὑρίσκουσι

311 1387 529 1455 γνῶσιν.
566 1390 776 1460 Χρῆναι
813 1389 872 1443 δὲ
919 1384 1071 1461 οἶμαι
1123 1391 1215 1443 καί
1246 1390 1340 1444 νῦν
1372 1391 1519 1461 ἡμᾶς
1569 1388 1667 1460 τὴν
1707 1391 1883 1443 αἰτίαν

308 1481 501 1545 εἰπεῖν,
530 1480 599 1533 δι’
625 1482 690 1552 ἣν
719 1481 899 1536 αἰτίαν
920 1482 1144 1551 γέγονεν
1166 1484 1195 1536 6
1215 1483 1676 1554 ἀναθεματισμός.
1694 1484 1752 1536 Ὀ
1776 1483 1885 1553 γάρ

310 1589 395 1625 τοι
427 1573 602 1627 πάντα
646 1575 960 1646 διακινήσας
985 1614 1001 1639 ,
1033 1574 1145 1629 ἄνω
1184 1592 1243 1628 τε
1279 1575 1372 1628 καί
1416 1576 1568 1629 κάτω
1600 1578 1669 1630 τὰ
1706 1576 1884 1629 πάντα

312 1666 549 1736 συγχέας
582 1667 877 1739 Νεπόριος
903 1666 1007 1738 ἔφη
1030 1684 1084 1720 τι
1111 1668 1350 1721 τοιοῦτον
1386 1685 1453 1720 πε
1464 1668 1516 1740 pi
1539 1667 1633 1721 τοῦ
1664 1668 1881 1721 πάντων

309 1759 467 1828 ήμῶν
500 1758 753 1831 Σωτῆρος
786 1760 1055 1831 Χριστοῦσ
1090 1760 1429 1830 (Ἂπεστάλη
1462 1758 1695 1831 κηρύξαι
1724 1761 1885 1831 αἰχμ-

1986 576 2072 620 est
2102 566 2273 622 Filius
2298 567 2554 635 hominis,
2585 578 2639 622 et
2669 569 2923 623 similiter
2949 578 3005 623 ut
3031 584 3129 623 nos
3156 571 3429 641 particeps
3458 572 3557 624 fuit

1987 658 2267 728 sanguinis
2296 668 2349 712 et
2395 661 2578 712 carnis
2600 660 2670 713 ’⁷.
2721 660 2813 715 Sic
2846 660 3189 725 habentibus,
3226 669 3280 717 et
3325 674 3433 716 tam
3466 681 3555 714 vv-

1988 750 2323 814 nerandam,
2375 750 2826 821 verissimamque
2876 753 3035 807 fidem
3081 754 3557 824 amplexantibns,

1987 840 2170 894 omnia
2202 841 2457 911 deinceps
2489 844 2823 912 apparebunt
2857 846 3039 914 pervia
3086 856 3143 901 et
3170 847 3351 916 plana,
3386 858 3437 902 et
3476 850 3558 901 ni-

1988 929 2061 983 hil
2096 946 2316 999 prorsus
2359 948 2609 1002 asperum
2634 943 2690 987 et
2718 936 2964 989 arduum.
2995 936 3266 1005 Scriptum
3295 949 3377 993 est
3411 941 3554 993 enim

1987 1023 2127 1090 quod
2160 1024 2338 1078 omnia
2368 1027 2647 1095 perspicua
2688 1036 2813 1079 sunt
2849 1026 3295 1097 intelligentihus,
3333 1040 3387 1084 et
3412 1040 3557 1084 recta

1987 1110 2387 1170 inveneintibus
2452 1118 2734 1173 scientiam
2764 1120 2829 1171 3‘;
2884 1119 3089 1189 Opinor
3137 1132 3316 1176 autem
3381 1140 3561 1192 opera:

1988 1206 2216 1273 pretium
2279 1206 2417 1271 fore,
2464 1210 2508 1263 si
2554 1226 2697 1265 nunc
2727 1226 2941 1281 quoque
2973 1228 3191 1266 causam
3228 1230 3563 1281 exponamus

1987 1308 2204 1364 propter
2231 1314 2387 1367 quam
2419 1300 2592 1354 factus
2622 1313 2703 1355 est
2736 1304 3248 1359 anathematismus.
3277 1304 3560 1361 Nestorins

1988 1385 2157 1449 enim,
2188 1388 2279 1456 qui
2321 1390 2501 1443 omnia
2541 1390 2896 1459 perturbavit,
2930 1402 2983 1445 et
3022 1394 3202 1447 omnia
3238 1410 3439 1465 susque
3470 1397 3565 1451 de-

1986 1492 2093 1545 que
2141 1479 2403 1545 confudit,
2459 1483 2563 1535 tale
2607 1483 2860 1550 quiddam
2902 1484 2969 1537 de
3019 1487 3261 1538 omnium
3314 1497 3560 1541 nostrum

1989 1562 2269 1623 Salvatore
2313 1569 2529 1624 Christo
2573 1570 2831 1625 dicebat:
2874 1572 3093 1640 (Missus
3122 1584 3205 1627 est
3250 1577 3315 1629 ad
3372 1580 3565 1645 praedi-

1987 1656 2218 1710 candum
2270 1658 2502 1727 captivis
2559 1662 2931 1717 remissionem
2958 1664 3037 1731 ",
3091 1665 3178 1719 hic
3232 1666 3403 1721 fidelis
3453 1668 3565 1724 Deo

1988 1744 2161 1801 factus
2188 1750 2448 1817 pontifex.
2477 1751 2677 1808 Factus
2709 1762 2792 1807 est
2842 1756 2986 1809 enim
3017 1755 3125 1823 hic,
3169 1772 3274 1812 nun
3304 1767 3565 1828 perpetuo

309 1846 534 1912 αλώτοις
571 1848 781 1918 ἄφεσιν,
801 1846 954 1914 οὗτος
984 1852 1012 1904 ὁ
1047 1851 1235 1912 πιστὸς
1263 1850 1340 1921 τῷ
1373 1849 1492 1920 Θεῴ
1522 1851 1884 1921 πεποιημένος

1989 1848 2106 1891 erat
2138 1857 2153 1893 :
2182 1841 2269 1895 hic
2292 1844 2551 1909 paulatim
2590 1846 2656 1898 ad
2687 1847 2961 1915 pontificis
3008 1848 3332 1917 dignitatem
3366 1866 3561 1919 prove-

309 1938 621 2010 ἀρχιερεύς.
666 1940 915 2008 Ἐγένετο
942 1941 1050 2012 γὰρ
1081 1936 1252 2006 οὗτος,
1281 1943 1382 1994 οὑκ
1403 1941 1590 2004 ἀϊδίως
1609 1937 1696 2011 ἦν·
1730 1936 1883 2004 οὗτος

311 2032 341 2083 ό
394 2032 536 2085 κατά
578 2034 771 2105 μικρὸν
797 2036 876 2098 εἰς
921 2034 1253 2106 ἀρχιερέως,
1302 2033 1566 2105 αἱρετικὲ,
1602 2034 1884 2105 προκόεζας

311 2124 574 2195 ἀξίωμα.)
609 2126 810 2196 Ἕτερα
831 2136 858 2175 ιι
886 2126 943 2180 δὲ
987 2125 1197 2189 τούτοις
1224 2124 1458 2195 ἀδελφὴν
1488 2124 1747 2177 ὠδίνοντα
1784 2124 1883 2193 τὴν

310 2214 565 2268 ἀσέϐειαν
596 2216 934 2283 προσεπάγει
966 2215 1154 2269 πολλά.
1186 2215 1281 2278 Τίς
1325 2211 1415 2268 οὖν
1439 2215 1548 2285 ἄρα
1576 2215 1683 2267 τῶν
1712 2212 1885 2276 οὑτως

309 2307 551 2378 αἰσχρῶν
586 2306 894 2371 ἐπακούσας
923 2307 1119 2376 λόγων,
1166 2307 1227 2360 οὑ
1287 2308 1462 2361 πάντα
1493 2307 1558 2360 ἂν
1586 2307 1758 2360 ἕλοιτο
1790 2324 1884 2357 παι

310 2398 505 2470 θεῖν,ῆ
543 2401 636 2472 τήν
681 2400 759 2471 τῷ
789 2400 907 2471 Θεῷ
941 2400 1423 2471 κατεστυγημένην
1473 2400 1759 2470 ἀγαπῆσαι
1799 2418 1884 2453 σι-

309 2494 445 2564 γήν;
486 2494 781 2547 Ἀπέθανεν
839 2494 980 2565 ὑπὲρ
1025 2492 1181 2565 ήμῶν
1223 2494 1252 2546 6
1297 2494 1569 2565 Χριστὸς,
1622 2495 1885 2565 αἰσχύνης

310 2588 763 2656 καταφρονήσας
816 2585 1047 2657 σταυρὸν
1103 2586 1399 2655 ὑπέμεινε,
1448 2586 1542 2639 καὶ
1598 2585 1690 2639 τὸν
1743 2589 1885 2639 κατά

312 2677 490 2749 σάρκα
523 2678 774 2732 θάνατον.
805 2676 939 2732 Εἶτα
968 2679 1129 2749 ἡμεῖς
1157 2678 1277 2731 οὑδὲ
1302 2680 1425 2741 ταῖς
1452 2676 1534 2741 ἑίς
1564 2677 1756 2745 λόγους
1794 2677 1885 2730 εὑ-

310 2766 481 2830 νοίαις
511 2766 856 2839 ἀμειψόμεθα
900 2767 991 2821 τὸν
1017 2766 1348 2838 εὐεργέτηνς
1396 2767 1509 2821 ἀλλ’
1546 2768 1724 2839 ήσυχῆ
1761 2769 1885 2821 καθ-

311 2860 428 2913 εδοὺ
437 2860 710 2930 μεθα,τῶν
731 2860 903 2924 οὕτως
920 2860 1164 2914 ἐκτόπων
1184 2858 1504 2931 δυσφημιῶν
1521 2859 1881 2930 ἀκροώμενοι,

310 2952 345 3020 ἢ
373 2952 511 3023 τάχα
540 2970 641 3005 που
663 2953 760 3006 καὶ
786 2952 1132 3024 μεριζόμενοι
1151 2952 1248 3022 τῆς
1272 2952 1393 3005 κατ’
1417 2950 1578 3005 αὑτοῦ
1602 2952 1882 3020 γλωσσαλ-

313 3043 437 3110 γίας
456 3044 523 3096 τὰ
544 3042 864 3114 ἐγκλήματα
882 3060 898 3109 ;
929 3042 994 3095 Τί
1018 3041 1142 3112 φὴς,
1167 3036 1211 3095 ὦ
1231 3033 1417 3107 οὗτοςς
1444 3040 1786 3111 Προέκοπτεν
1806 3043 1887 3104 εἰς

312 3132 571 3203 ἀρχιερέα
626 3131 980 3203 καταϐραχύ;
1034 3132 1143 3184 Καί
1205 3147 1288 3184 τοι
1334 3131 1638 3184 κεκένωκεν
1693 3130 1884 3184 ἑαυτὸν
1913 3177 1953 3203 Δ,

312 3222 443 3285 Θεὸς
481 3222 555 3274 ὢν
584 3225 612 3276 6
646 3223 814 3292 Λόγος
834 3239 849 3254 ο
877 3221 1038 3275 ἔλαϐε
1080 3220 1268 3274 δούλου
1303 3220 1516 3291 μορφὴν
1539 3222 1567 3273 6
1600 3219 1884 3290 ἐλεύθερος

313 3316 453 3367 κατά
479 3314 638 3383 φύσιν
656 3332 670 3345 ·
693 3314 1092 3368 τεταπείνωκεν
1119 3312 1308 3366 ἐαυτὸν
1342 3314 1370 3366 6
1396 3312 1595 3374 παντὸς
1628 3313 1887 3365 ἐπέκεινα

312 3406 597 3477 γεννητοῦ,
625 3407 720 3460 καὶ
751 3408 862 3469 τοῖς
884 3406 981 3476 τῆς
1007 3404 1259 3475 θεότητος
1287 3404 1541 3475 ἐπαυχῶν
1571 3403 1882 3473 ὑψώμασιν.

312 3498 376 3550 Εἰ
407 3497 463 3551 δὲ
496 3496 786 3569 προέκοψε,
814 3497 956 3551 κατά
981 3496 1101 3550 τίνα
1124 3496 1422 3550 κεκένωται
1445 3496 1647 3566 τρόπον
1670 3494 1739 3565 ;ἢ
1771 3495 1886 3558 πῶς

314 3590 506 3643 ἑαυτὸν
560 3591 798 3661 καθῆκεν
850 3591 929 3652 εἰς
988 3589 1346 3653 ταπείνωσινς
1401 3588 1578 3659 Τιμῆς
1626 3588 1736 3660 ἄρα
1791 3587 1887 3641 καὶ

311 3682 469 3752 δόξης
496 3681 645 3751 αὑτῴ
670 3684 1081 3753 προμνήστριαν
1110 3679 1370 3745 γενέσθαι
1402 3679 1537 3749 φαίη
1566 3696 1652 3742 τις
1687 3679 1752 3732 ἂν
1785 3680 1885 3749 τὴν

313 3772 574 3837 κένωσιν;
610 3767 743 3826 Εἶτα
772 3772 887 3835 πῶς
921 3772 1001 3823 ἔτι
1053 3770 1283 3833 κένωσις
1320 3770 1621 3844 πρόχρημά
1648 3779 1669 3806 τ
1702 3769 1885 3831 ἐστινς

327 3862 509 3927 Ἀλλὰ,
556 3864 667 3928 ναὶ,
723 3862 912 3934 φησιν,
960 3863 1009 3914 εί
1062 3862 1225 3925 αὑτὸς
1277 3863 1306 3914 6
1362 3864 1427 3914 ἐκ
1479 3860 1614 3914 Θεοῦ
1673 3861 1886 3932 [Ἰατρὸς

313 3954 485 4022 Λόγος
516 3955 738 4022 γέγονεν
786 3951 1113 4025 ἀρχιερεὺς,
1162 3952 1245 4014 τίς
1289 3950 1400 4023 ἄρα
1448 3952 1598 4005 ἐστὶν
1626 3952 1653 4003 6
1685 3951 1889 4021 μείζων

312 4045 514 4109 αὑτοῦ,
557 4045 651 4097 καὶ
692 4044 792 4115 τῆς
850 4044 1157 4115 ἱερουργίας
1206 4042 1524 4115 λειτουργία
1587 4041 1889 4113 θεραπευό-

318 4153 503 4207 μενος;
560 4135 768 4189 Οὑκοῦν
818 4134 929 4207 ὲρῶ
980 4135 1043 4205 δή
1101 4151 1154 4187 τι
1206 4134 1397 4189 πάλιν·
1454 4134 1752 4187 Πίστευσον
1807 4134 1888 4186 ὅτι

317 4229 495 4281 καίτοι
542 4226 674 4291 Θεὸς
737 4228 880 4281 κατὰ
930 4225 1091 4296 φύσιν
1136 4226 1427 4297 ὑπάρχων,
1472 4228 1565 4280 καὶ
1607 4226 1666 4278 ἐν
1706 4227 1889 4295 μορφῇ

312 4320 409 4372 τοῦ
462 4320 672 4389 Πατρὸς
715 4320 744 4371 6
795 4319 958 4384 Υἱὸς,
1008 4320 1107 4390 οὑχ
1170 4319 1463 4391 ἁρπαγμὸν
1520 4319 1767 4389 ήγήσατο
1830 4317 1891 4369 τὸ

314 4408 454 4465 εἷναι
529 4412 618 4463 ἴσα
674 4410 791 4481 Θεῷ
823 4451 837 4470 .
900 4409 1015 4464 ἀλλ’
1073 4410 1265 4465 ἑαυτὸν
1324 4409 1560 4462 ὲκένωσε
1588 4448 1602 4473 ,
1677 4407 1891 4478 μορφὴν

315 4501 501 4554 δούλου
548 4500 748 4556 λαϐών.
800 4501 862 4554 Εἰ
900 4500 957 4553 δὲ
990 4501 1212 4569 γέγονεν
1254 4500 1576 4573 ἄνθρωπος,
1629 4498 1789 4552 ἔλαϐε
1832 4496 1889 4549 δὲ

315 4592 413 4645 καί⁸
441 4591 631 4645 δούλου
674 4592 911 4662 μορφὴν,
952 4592 1068 4655 πῶς
1097 4592 1367 4663 ἡγήσεται
1410 4591 1624 4663 μικρὸν,
1651 4590 1747 4644 καὶ
1774 4591 1889 4651 τοῖς

318 4684 418 4755 τῆς
460 4684 769 4754 οἰκονομίας
807 4684 985 4753 λόγοις
1031 4686 1392 4756 ἀνάρμοστον,
1440 4684 1503 4737 τὸ
1548 4684 1889 4755 χρηματίσαι

320 4776 416 4830 καὶ
450 4774 743 4837 ἀπόστολος
774 4776 868 4827 καὶ
899 4776 1221 4846 ἀρχιερεύς;
1256 4776 1363 4828 Καὶ
1403 4776 1431 4828 6
1463 4774 1562 4845 τῆς
1590 4773 1713 4827 καθ’
1744 4774 1893 4844 ἡμᾶς

320 4866 734 4938 ἀνθρωπότητος
752 4866 813 4920 τὸ
847 4867 1043 4940 μέτρον
1072 4869 1172 4921 οὑκ
1200 4867 1495 4937 ἀτιμάσας,
1518 4866 1635 4930 πῶς
1659 4869 1725 4920 ἂν
1757 4865 1893 4920 ἀπό-

320 4956 493 5025 ϐλητα
524 4957 745 5026 ποιήσαι
788 4966 809 4994 ³
850 4956 920 5010 τὰ
959 4955 1308 5027 ἀνθρώπινα;
1359 4958 1469 5011 Καὶ
1514 4953 1584 5027 ἦν
1629 4956 1727 5027 μὲν
1761 4956 1891 5018 ἴσως

317 5046 559 5120 χαλεπὸν
581 5048 735 5103 οὐδὲν
786 5048 881 5104 καὶ
923 5048 1011 5102 διὰ
1057 5048 1320 5102 πλειόνων
1364 5048 1443 5102 ἔτι
1477 5047 1651 5117 λόγων
1692 5047 1889 5111 ἐλθεῖν,

318 5146 411 5195 καὶ
448 5142 790 5213 μακροτέραν
820 5144 900 5206 εἰς
930 5141 1089 5195 τοῦτο
1119 5143 1434 5195 κατατεῖναι
1461 5140 1560 5211 τήν
1592 5141 1887 5211 ἀφήγησιν.

317 5234 517 5297 Maeci;
562 5234 619 5289 δὲ
646 5232 805 5287 τοῦτο
839 5232 975 5305 πρὸς
1007 5232 1069 5285 τὸ
1117 5233 1311 5304 παρὸν,
1361 5234 1487 5295 τοὺς
1531 5231 1661 5303 παρ’
1707 5232 1889 5284 αὑτῶν

317 5325 609 5395 γεγονότας
661 5324 907 5395 παροίσω
962 5323 1173 5392 λόγους.
1227 5325 1539 5395 Γεγράφασι
1586 5323 1696 5393 γὰρ
1748 5323 1880 5376 ὡδί·

390 5507 435 5537 ⁸⁷
465 5505 629 5564 ilehr.
669 5524 706 5573 ι,
742 5510 828 5564 Η.
905 5511 950 5542 ³⁸
980 5511 1135 5566 f'rov.
1167 5522 1279 5569 vm,
1310 5506 1363 5559 9.

1988 1941 2127 1997 ctus,
2160 1933 2457 2006 hmretice.)
2506 1937 2780 2007 Multaque
2821 1940 2924 1992 alia
2975 1941 3058 1995 his
3098 1942 3434 1996 consimilem
3478 1959 3561 2011 pa-

1988 2025 2179 2079 rientia
2242 2026 2572 2098 impietatem
2627 2030 2891 2099 adjungit.
2944 2032 3078 2098 Quis
3127 2034 3311 2104 igitur,
3363 2037 3567 2091 auditis

1988 2124 2096 2167 tam
2146 2116 2303 2173 fmdis
2350 2120 2712 2181 sermonibus.
2772 2121 2935 2191 188
2979 2138 3083 2176 non
3144 2124 3326 2178 tna‘llet
3380 2127 3563 2179 omnia

1987 2207 2119 2275 pati,
2166 2222 2327 2277 quam
2388 2210 2656 2265 silentium
2694 2210 2806 2267 Deo
2847 2228 3071 2267 exosum
3119 2216 3380 2285 diligere?
3422 2216 3564 2270 Mor-

1989 2307 2110 2349 tuus
2142 2306 2224 2350 est
2254 2312 2352 2366 pro
2387 2300 2541 2353 nobis
2584 2301 2854 2366 Christus,
2892 2304 3265 2360 confusionem
3317 2318 3564 2361 contem-

1988 2387 2094 2455 psit
2112 2388 2177 2453 ³ο,
2200 2406 2416 2445 crucem
2438 2404 2492 2445 et
2513 2402 2740 2448 mortem
2775 2396 2897 2449 tulit
2920 2397 3217 2452 secundum
3241 2416 3484 2466 carnem,
3508 2413 3564 2456 et
3620 2452 3623 2455 .

1989 2495 2087 2532 nos
2120 2480 2450 2536 hencfaetori
2481 2494 2667 2538 nostro
2693 2500 2760 2539 ne
2789 2486 3056 2540 sermonis
3085 2490 3300 2560 quidem
3328 2490 3562 2546 olIicium

1986 2581 2142 2639 grato
2192 2578 2373 2626 animo
2434 2576 2811 2642 rependemus,
2867 2576 2961 2630 sed
3014 2577 3184 2646 quieti
3232 2581 3566 2647 scdebimus,

1990 2671 2096 2714 tam
2140 2664 2403 2718 absurdus
2446 2667 2730 2720 audientes
2781 2666 3168 2737 blasphemias,
3201 2672 3280 2724 vel
3312 2671 3564 2728 fortassis

1988 2754 2155 2807 etiam
2188 2756 2434 2809 criminis
2466 2758 2703 2813 incitata:
2735 2760 2997 2814 adversus
3039 2775 3163 2815 eum
3208 2762 3403 2833 linguae
3443 2781 3568 2834 par-

1992 2844 2184 2911 ticipes
2218 2845 2463 2915 erimus?
2508 2843 2654 2899 lleus
2711 2857 2791 2912 tu,
2840 2849 2970 2917 quid
3013 2850 3184 2905 dicis?
3226 2851 3461 2907 Profecit
3512 2855 3565 2908 in

1988 2949 2258 2988 summum
2311 2937 2647 2990 sacerdotem
2702 2937 3002 3006 paulatim?
3052 2943 3213 3011 Atqui
3265 2944 3567 2997 exinanivit

1987 3027 2223 3096 seipsum
2259 3026 2519 3092 Verbum,
2566 3046 2687 3083 cum
2738 3032 2880 3085 Deus
2916 3033 3121 3087 esset"
3154 3051 3169 3087 :
3222 3045 3273 3088 et
3304 3037 3397 3105 qui
3448 3044 3569 3091 erat

1992 3118 2124 3172 liber
2159 3120 2454 3174 secundum
2489 3131 2732 3176 naturam
2767 3126 2980 3194 accepit
3021 3126 3162 3179 servi
3210 3125 3434 3181 formam
3465 3146 3477 3180 :
3512 3138 3569 3182 ει

1990 3213 2083 3282 qui
2117 3213 2257 3267 ultra
2286 3228 2500 3267 omnem
2531 3222 2838 3269 creaturam
2870 3226 2974 3282 est,
3007 3227 3063 3272 et
3098 3219 3401 3273 divinitatis
3429 3222 3566 3275 enti-

1990 3313 2081 3356 net
2116 3303 2307 3373 gloria,
2346 3305 2652 3359 Ιιιιιιιίιίιινίι
2699 3305 2961 3376 seipsum.
3004 3306 3061 3360 Si
3092 3316 3271 3363 autem
3306 3311 3562 3380 profecit,

1988 3411 2222 3464 quonam
2254 3397 2412 3449 modo
2440 3398 2750 3453 exinanitus
2785 3406 2892 3463 est,
2922 3399 3005 3453 vel
3048 3415 3154 3469 quo
3195 3413 3353 3471 pacto
3385 3419 3441 3457 se
3470 3405 3571 3457 de-

1989 3489 2137 3540 misit
2170 3489 2235 3541 ad
2276 3488 2747 3545 hinniliatiouem?
2792 3489 3028 3545 Honoris
3080 3492 3242 3560 igitur
3285 3504 3340 3548 et
3382 3498 3567 3565 gloria:

1988 3581 2089 3649 ipsi
2115 3582 2539 3636 cunciliatrieem
2568 3582 2735 3638 fuisse
2760 3585 2958 3640 dixerit
2983 3586 3179 3656 aliquis
3206 3587 3346 3641 hanc
3372 3590 3566 3643 exina-

1990 3674 2287 3727 nitioueui?
2319 3674 2519 3729 Deinde
2558 3690 2715 3745 quem
2751 3677 2925 3732 locum
2971 3679 3192 3733 habebit
3226 3682 3567 3736 exinanitio?

1989 3767 2059 3818 At
2097 3766 2264 3828 enim,
2308 3766 2504 3834 inquit,
2553 3766 2598 3821 si
2635 3767 2811 3837 ipsum
2862 3768 2953 3824 Dei
3006 3768 3182 3823 Patris
3214 3769 3446 3826 Verbum
3485 3772 3567 3824 fa-

1992 3866 2137 3911 ctum
2165 3867 2250 3911 est
2281 3856 2548 3924 pontifex,
2584 3858 2727 3928 quis,
2762 3875 2879 3925 oro,
2916 3860 3089 3927 major
3117 3871 3200 3915 est
3231 3862 3339 3923 illo.
3390 3872 3447 3917 et
3480 3865 3566 3917 cui

1990 3948 2311 4002 sacerdotali
2376 3949 2680 4005 ministerio
2748 3953 2965 4006 servit?
3023 3952 3191 4022 Igitur
3245 3954 3421 4009 dicam
3468 3958 3566 4009 itc-

1992 4055 2110 4093 rum
2166 4057 2179 4093 :
2234 4039 2406 4095 Crede
2474 4042 2656 4111 quod.
2730 4045 2980 4112 quamvis
3056 4044 3197 4099 Deus
3271 4048 3567 4101 secundum

1992 4142 2238 4185 naturam
2317 4144 2461 4188 esset
2555 4144 2611 4189 et
2696 4136 2747 4191 iu
2847 4136 3020 4191 forma
3095 4136 3275 4192 Patris
3354 4138 3566 4205 Filius,

1993 4239 2096 4278 non
2131 4226 2376 4293 rapinam
2422 4226 2719 4281 arbitratus
2743 4236 2828 4282 est
2869 4243 2989 4283 esse
3018 4244 3077 4283 se
3110 4230 3370 4298 tequidem
3416 4231 3566 4295 Deo;

1992 4317 2085 4369 sed
2114 4320 2351 4386 seipsum
2400 4320 2721 4385 exinanivit,
2765 4320 2992 4373 fortnam
3044 4322 3184 4375 servi
3250 4338 3561 4376 assumens.

1993 4408 2049 4462 Si
2075 4418 2251 4462 autem
2290 4408 2463 4463 factus
2482 4418 2566 4464 est
2600 4410 2779 4474 homo,
2818 4412 3111 4479 assumpsit
3142 4420 3325 4466 autem
3350 4414 3565 4467 ctservi

1924 4522 1967 4576 υ
1998 4499 2267 4561 formam;
2306 4498 2577 4567 quomodo
2609 4502 2854 4555 censebit
2886 4516 3135 4569 parvum,
3185 4510 3240 4556 et
3288 4504 3571 4572 dispensao

1996 4588 2160 4641 tionis
2225 4589 2521 4642 rationibus
2572 4588 2973 4657 incongruum,
3033 4593 3293 4659 appellari
3346 4603 3400 4647 et
3446 4610 3571 4648 esse

1998 4661 2299 4747 apostoluin
2329 4688 2382 4733 et
2408 4680 2717 4749 pontificem
2742 4681 2765 4733 ?
2790 4694 2845 4736 et
2874 4683 2965 4751 qui
3010 4699 3317 4737 mensuram
3370 4685 3567 4737 huma-

2002 4770 2188 4824 nitatis
2219 4780 2418 4823 nostra:
2442 4785 2547 4824 non
2587 4772 2909 4837 dedignatus
2937 4784 3042 4837 cst,
3086 4778 3356 4840 quomodo
3393 4790 3560 4845 repu-

2001 4861 2197 4915 dianda
2254 4862 2479 4917 duceret
2523 4864 2804 4918 humana?
2864 4864 3113 4919 Forsitan
3159 4867 3297 4920 haud
3352 4866 3570 4920 difficile

2001 4954 2143 5009 foret
2175 4954 2225 5010 id
2252 4954 2495 5023 pluribus
2528 4965 2769 5011 tractare
2799 4957 3167 5023 sermonibus,
3225 4968 3278 5012 et
3306 4958 3570 5027 prolixio-

2000 5062 2111 5099 rem
2138 5047 2203 5099 ad
2222 5047 2325 5101 hoc
2352 5048 2719 5102 narrationem
2739 5048 3075 5116 protrahere.
3096 5048 3221 5115 Sed,
3244 5050 3328 5104 his
3346 5051 3411 5103 ad
3444 5066 3573 5118 prae-

1999 5153 2124 5191 sens
2150 5138 2554 5207 praetermissis,
2589 5138 2829 5207 ipsorum
2855 5138 3077 5194 aﬂeram
3097 5156 3397 5196 sermones.
3428 5142 3571 5196 Scri-

1998 5237 2224 5298 pseruut
2250 5228 2394 5283 enim
2427 5229 2505 5283 sic
2539 5245 2551 5280 :
2587 5228 2790 5283 Verum
2820 5246 2886 5285 ne
2922 5232 3167 5285 turbetur
3197 5243 3372 5287 vestra
3406 5249 3558 5289 mens

1998 5323 2221 5375 audiens
2247 5320 2315 5375 de
2354 5335 2437 5385 eo,
2476 5322 2576 5391 qui
2610 5337 2808 5391 passus
2855 5332 2938 5377 est
2973 5344 2984 5377 :
3028 5343 3045 5375 ‹
3082 5324 3148 5380 Ει
3193 5328 3409 5397 quidem
3446 5342 3567 5382 cum

1454 5505 1497 5533 "
1532 5507 1628 5561 Isa.
1663 5506 1750 5571 61,
1790 5506 1839 5569 Ι;

1989 5519 2032 5559 c.
2067 5518 2139 5573 tv,
2172 5506 2253 5559 19.
2326 5507 2369 5536 ³⁸
2394 5506 2555 5561 Hebr.
2591 5522 2687 5567 xu,
2717 5506 2769 5560 2.
2848 5508 2887 5540 ³¹
2921 5506 3152 5578 Philipp.
3194 5525 3250 5573 η,
3286 5509 3337 5563 7.

1348 5710 1353 5713 _
1405 5664 1575 5717 Varia»
1615 5664 1870 5719 lectiones
1898 5679 1963 5717 ex
1996 5664 2177 5717 codice
2205 5664 2573 5732 Seguieriano.

394 5811 424 5851 Ρ
454 5806 888 5877 διατιθειμένοις.
965 5821 991 5860 ει
1026 5810 1119 5864 καὶ
1150 5810 1331 5880 ἔτερα.
1412 5818 1433 5846 τ
1464 5809 1524 5862 τὸ
1548 5808 1757 5880 χρῆμα.

1838 5820 1858 5846 ³
1899 5809 2201 5881 ποιήσαιτε.
