4116 6332
491 355 593 411 367

1480 344 1540 401 S.
1579 342 1866 400 CYRILLI
1906 340 2383 398 ALEXANDRINI
2420 345 2745 404 ARCI’IIEP.

3651 352 3757 408 363

492 486 633 526 esset
664 472 891 526 Filius.»
922 469 1037 527 Non
1064 470 1208 524 enim
1234 470 1368 526 duos
1392 471 1530 528 ﬁlios
1548 473 1801 539 dicimus;
1834 488 1957 529 eum
1982 472 2073 543 qui

2195 473 2352 528 Ἀλλὰ
2392 476 2469 548 μὴ
2515 475 2870 547 ταραττέσθω
2921 476 3073 548 ὑμῶν
3122 478 3157 548 ἡ
3204 476 3436 542 διάνοια,
3484 477 3615 548 περὶ
3658 479 3759 533 τοῦ

491 583 681 636 passus
712 576 815 630 est,
852 576 903 617 et
941 579 1065 618 eum
1112 564 1201 632 qui
1231 565 1436 619 mansit
1466 567 1846 637 impassibilis.
1884 566 2071 635 Neque

490 660 634 711 enim
666 675 694 708 a
726 657 928 710 deitatc
961 656 1191 708 seorsim
1225 665 1633 724 sequestratum
1688 657 1741 713 id
1793 657 1938 727 quod
1990 666 2074 712 est

490 767 556 804 rx
592 750 800 804 semine
854 748 1023 802 David
1061 745 1235 801 Filius
1280 746 1593 802 nominatus
1638 758 1752 813 est,
1791 759 1850 803 ut
1896 762 2073 816 neque

491 844 667 895 deitas
690 850 813 913 post
849 840 1152 894 unitionem
1182 840 1300 895 sine
1331 841 1528 894 visibili
1557 856 1723 895 carne
1752 840 1928 896 Filius
1963 858 2061 910 ap-

493 933 711 1001 pellata.
743 932 811 985 Et
841 932 1036 985 iterum
1064 947 1078 983 ε
1116 928 1268 985 Unde
1307 946 1472 983 unum
1506 938 1561 984 et
1595 932 1843 986 eumdem
1876 930 2071 985 Filium

490 1025 815 1078 conﬁtemur
834 1022 1135 1077 inconfusis
1160 1025 1367 1077 naturis
1385 1023 1754 1089 manentibus,
1784 1039 1889 1077 non
1907 1023 2072 1078 alium

488 1127 543 1170 et
572 1117 735 1169 alium
764 1116 1026 1177 dicentes;
1053 1115 1226 1169 absitl
1259 1115 1357 1170 sed
1384 1131 1550 1168 unum
1583 1125 1633 1169 et
1659 1116 1911 1186 eumdem
1940 1130 2075 1184 pon-

490 1210 736 1273 tilirem;
813 1215 1021 1277 ergoet
1056 1209 1359 1276 apostolum
1413 1216 1661 1261 nostrum
1713 1207 1913 1261 factum
1954 1220 2076 1261 esse

492 1300 654 1371 139
671 1299 957 1354 Dominqu
982 1308 1223 1353 nostrum
1242 1297 1425 1353 Jesum
1450 1298 1749 1361 Christum,
1776 1297 2074 1352 secundum

488 1395 701 1446 divinas
736 1391 1076 1461 Scripturas,
1121 1391 1301 1445 nullus
1354 1406 1460 1445 non
1514 1391 1912 1456 conﬁtebitur;
1968 1406 2073 1443 non

491 1496 668 1537 tamen
692 1490 1006 1549 separatum
1031 1482 1261 1535 seorsim
1296 1483 1652 1537 hominemex
1680 1482 1907 1536 muliere
1932 1497 1959 1534 a
1980 1481 2074 1535 Dei

488 1577 670 1631 Patris
700 1573 897 1631 Verbo.
942 1573 1128 1644 Itaque
1183 1575 1227 1627 si
1258 1589 1424 1628 unum
1452 1574 1643 1630 dicunt
1667 1574 1886 1638 Filium,
1930 1573 2076 1628 nullo

494 1668 655 1723 modo
679 1668 977 1736 partlentes
1007 1667 1061 1721 in
1095 1666 1234 1720 duos
1269 1684 1282 1720 :
1319 1682 1489 1721 unum
1519 1682 1586 1722 ex
1641 1668 1851 1722 semine
1881 1665 2075 1731 David,

487 1770 543 1813 et
574 1760 739 1814 alium
774 1774 840 1814 ex
865 1757 975 1813 Deo
1005 1757 1167 1813 Patre
1192 1758 1455 1828 Verbum;
1493 1762 1774 1830 quomodo
1822 1774 1931 1815 non
1986 1760 2076 1814 lte-

487 1855 626 1908 dunt
648 1860 1082 1917 sacramentum,
1100 1853 1398 1920 partientes
1414 1853 1872 1924 dispensationem
1888 1852 1999 1907 Deo
2021 1862 2076 1905 et

490 1947 784 2013 hominiet;
818 1961 923 2000 non
956 1946 1134 2015 potius
1158 1962 1324 1998 unum
1348 1956 1404 2000 et
1430 1947 1680 2000 eumdem
1715 1948 1880 2001 Deum
1899 1958 1955 1999 et
1978 1948 2076 2001 bo-

490 2039 689 2093 tninem
709 2036 1047 2101 essedicunt,
1064 2048 1118 2090 ut
1134 2037 1437 2091 sintomnia
1462 2036 1600 2105 ejus,
1619 2046 1807 2107 etquae
1821 2037 1999 2093 divina
2021 2048 2075 2093 ct

488 2146 609 2200 qua
634 2128 907 2183 humana?
931 2127 1063 2183 Nam
1096 2130 1310 2197 (plaudo
1332 2129 1559 2197 aliquid,
1583 2130 1724 2199 quod
1752 2130 1920 2184 Deum
1955 2145 2075 2184 ma-

488 2226 633 2279 xime
661 2226 847 2287 decet,
872 2223 940 2277 de
968 2222 1085 2292 ipso
1115 2222 1333 2283 dicitur,
1364 2223 1466 2276 hoc
1491 2234 1639 2276 certe
1670 2223 1984 2276 onmimodo
2019 2230 2073 2276 et

487 2328 677 2368 verum
701 2328 821 2368 esse
845 2312 1095 2373 dicimus,
1126 2312 1291 2365 Demn
1316 2311 1459 2364 enim
1491 2311 1666 2382 ipsum
1707 2327 1824 2366 esse
1848 2312 2070 2367 scimus.

490 2405 631 2461 Etsi
670 2406 905 2460 lnnnaue
934 2404 1212 2474 quidpiam
1268 2403 1473 2456 dictum
1526 2402 1713 2470 fuerit,
1764 2404 1927 2458 etiam
1971 2402 2074 2457 hoc

489 2499 860 2553 admittemns.
912 2495 1250 2550 Conﬁtemur
1300 2496 1445 2549 enim
1499 2497 1644 2565 quod
1692 2496 1837 2551 Deus
1892 2504 1975 2549 est
2020 2498 2073 2548 in

490 2606 657 2647 carne
698 2600 753 2644 et
785 2589 1070 2654 sanguine,
1125 2597 1182 2644 et
1212 2589 1576 2644 humanitatis
1615 2604 1925 2643 mensuram
1976 2604 2073 2657 per

489 2682 725 2737 humana
762 2680 1130 2750 agnoscimus.
1187 2679 1351 2733 Millia
1399 2680 1544 2735 enim
1579 2680 1809 2734 millium
1862 2693 2074 2734 sancte-

489 2789 612 2829 rum
665 2772 979 2839 angelorum
1034 2771 1353 2826 ministrant
1411 2772 1503 2837 ei;
1570 2781 1626 2825 et
1666 2772 1912 2824 divinum
1957 2772 2075 2841 ejus

489 2867 747 2921 thronum
827 2864 1189 2919 circumstant
1236 2862 1547 2934 Serapbim.
1611 2864 1840 2931 Quando
1890 2875 2070 2918 autem

491 2960 668 3015 factus
701 2967 785 3011 est
811 2957 992 3019 homo,
1022 2964 1253 3009 vocatus
1297 2966 1381 3009 est
1404 2955 1569 3009 etiam
1616 2953 1901 3024 pontifex;
1965 2970 2071 3009 non

490 3050 635 3124 quod
677 3059 931 3117 tauquam
966 3045 1156 3115 majori
1190 3044 1301 3099 Deo
1332 3045 1555 3099 offerret
1583 3046 1939 3108 sacriﬁcium,
1972 3048 2067 3099 sed

2173 566 2438 631 παθόντος
2490 567 2765 622 ἀκούουσα
2802 571 2855 634 ι,
2896 588 2914 619 ι
2946 568 3164 638 Καὶπερ
3190 567 3266 621 ὢν
3296 568 3443 630 Υἱός.
3486 586 3503 618 ι
3538 568 3617 622 υύ
3648 556 3765 640 γὰρ¹

2170 657 2266 712 δύο
2306 656 2457 721 υἱούς
2490 675 2693 730 φαμεν,
2727 662 2819 714 τόν
2866 678 2924 713 τε
2959 660 3218 725 παθόντα,
3272 661 3367 714 καὶ
3415 660 3509 712 τὸν
3562 662 3756 732 ἀπαθῆ

2176 751 2458 821 μείναντα.
2491 750 2567 803 Ob
2597 750 2707 822 γὰρ
2736 752 3159 824 κεχωρισμένως
3192 751 3286 806 καὶ
3312 751 3630 816 ἰδιαζόντως
3656 752 3759 822 τῆς

2175 843 2428 917 θεότητος
2452 845 2510 898 rb
2537 849 2603 900 ὲκ
2630 846 2944 918 σπέρματος
2970 845 3133 901 Δαυῖδ
3158 844 3284 909 Υἱὸς
3308 845 3623 916 ὠνόμασται
3642 862 3654 875 ’
3683 844 3759 908 ὼς

2174 936 2293 991 οὐδὲ
2323 939 2356 1008 ἡ
2391 937 2581 1010 θεότης
2614 940 2753 1009 μετὰ
2779 937 2879 1009 τὴν
2906 937 3098 991 ἒνωσιν
3128 937 3254 993 ἄνευ
3284 936 3388 1008 τῆς
3428 936 3758 1007 φαινομένης

2178 1029 2381 1100 σαρκὸς
2410 1029 2539 1094 Υἱὸς
2570 1030 3027 1103 προσηγόρευται.
3076 1029 3190 1083 Καὶ
3230 1029 3393 1083 πάλιν
3413 1045 3428 1059 ·
3467 1029 3629 1083 Ὅθεν
3663 1029 3761 1082 ἕνα

2176 1122 2271 1174 καὶ
2321 1121 2414 1175 τὸν
2463 1122 2625 1177 αὐτὸν
2658 1124 2787 1176 Υἱδν
2834 1118 3225 1193 ὁμολογοῦμεν,
3279 1120 3606 1193 ἀσυγχύτων
3649 1120 3761 1175 τῶν

2176 1212 2392 1281 φύσεων
2426 1214 2722 1285 μενουσῶν,
2749 1216 2853 1270 οὐκ
2877 1215 3035 1270 ἄλλον
3062 1216 3157 1268 καὶ
3188 1214 3347 1269 ἄλλον
3376 1214 3649 1284 λέγοντες,
3682 1215 3760 1284 μὴ

2176 1303 2407 1373 γένοιτο,
2440 1306 2555 1359 ἀλλ’
2588 1306 2684 1360 ἕνα
2716 1308 2811 1361 καὶ
2838 1308 2931 1361 τὸν
2962 1307 3144 1362 αὐτόν.
3198 1306 3485 1379 Ἀρχιερέα
3519 1303 3614 1361 οὖν
3661 1307 3760 1360 καὶ
3836 1330 3847 1347 α

2177 1395 2478 1449 ἀπόστολον
2520 1398 2680 1468 ἡμῶν
2726 1392 3055 1469 γεγενῆσθαι
3088 1398 3179 1452 τὸν
3208 1397 3417 1469 Κύριον
3449 1398 3608 1469 ήμῶν
3659 1398 3759 1467 Ἰη-

2180 1487 2305 1540 σοῦν
2338 1489 2573 1557 Χριστὸν
2605 1488 2744 1543 κατὰ
2773 1490 2871 1553 τὰς
2900 1489 3050 1554 θείας
3078 1489 3324 1561 Γραφὰς,
3359 1489 3537 1553 οὐδεὶς
3571 1487 3638 1542 ἂν
3660 1489 3758 1559 οὐχ

2177 1581 2584 1652 ὁμολογήσειεν,
2631 1582 2691 1634 οὐ
2726 1581 3099 1653 χωριζόμενον
3131 1581 3313 1652 μέντοι
3345 1581 3529 1645 ἱδικῶς
3551 1582 3761 1654 ἀνθρω-

2178 1688 2279 1725 πον
2307 1672 2371 1725 ἐκ
2395 1670 2651 1739 γυναικὸς
2682 1671 2775 1724 τοῦ
2809 1673 2874 1725 ἐκ
2916 1670 3050 1724 Θεοῦ
3082 1672 3295 1744 Πατρός
3322 1672 3518 1740 Λόγου.
3551 1673 3759 1726 Οὐκοῦν

2178 1763 2227 1816 εἰ
2264 1761 2361 1816 ἕνα
2394 1764 2557 1831 φασὶν
2594 1762 2742 1826 Υἱὸν,
2784 1763 2908 1816 κατ’
2952 1762 3141 1815 οὐδένα
3177 1760 3378 1833 τρόπον
3424 1761 3757 1834 διαιροῦντες

2178 1857 2259 1920 εἱς
2275 1854 2390 1922 δύο,
2421 1856 2514 1909 τόν
2531 1873 2589 1908 τε
2620 1856 2685 1908 ἐκ
2715 1854 3029 1926 σπέρματος
3058 1854 3241 1919 Δαυῒδ,
3274 1856 3369 1909 καὶ
3395 1854 3489 1908 τὸν
3526 1857 3591 1908 ὲκ
3625 1855 3762 1909 Θεοῦ

2177 1947 2392 2019 Πατρός
2442 1948 2636 2017 Λόγον,
2699 1946 2817 2011 πῶς
2871 1949 2972 2000 οὐκ
3018 1946 3264 2001 ἀδικοῦσι
3316 1946 3378 1999 τὸ
3437 1949 3760 2019 μυστήριον,

2180 2041 2497 2112 μερίζοντες
2529 2040 2628 2110 τὴν
2666 2038 2981 2109 οἰκονομίαν
3029 2037 3148 2110 Θεῷ
3190 2038 3285 2091 καὶ
3325 2038 3617 2109 ἀνθρώπῳ,
3670 2042 3764 2093 καὶ

2175 2137 2296 2206 οὐχὶ
2324 2135 2389 2206 δὴ
2425 2135 2626 2205 μᾶλλον
2655 2133 2744 2187 τὸν
2770 2134 2889 2196 ἕνα,
2923 2131 3126 2186 καὶτὸν
3155 2130 3319 2185 αὑτὸν
3346 2132 3441 2184 καὶ
3461 2130 3593 2185 Θεὸν
3623 2127 3763 2185 εἶναί

2177 2243 2330 2295 φασι,
2366 2225 2461 2279 καὶ
2492 2224 2801 2295 ἄνθρωπον,
2845 2224 2919 2286 ὡς
2971 2218 3108 2277 εἶναι
3153 2222 3331 2275 πάντα
3384 2221 3569 2288 αὐτοῦ,
3605 2224 3675 2278 τά
3702 2236 3761 2276 τε

2177 2317 2479 2388 θεοπρεπῆ,
2512 2316 2607 2369 καὶ
2638 2317 2706 2370 τὰ
2732 2302 3081 2387 ἀνθρώπινα;
3111 2314 3279 2367 Ὅταν
3311 2313 3421 2385 γάρ
3449 2330 3503 2367 τι
3535 2313 3642 2366 τῶν
3680 2315 3762 2366 ὅτι

2180 2411 2415 2482 μάλιστα
2449 2408 2938 2479 θεοπρεπεστάτων
2970 2407 3194 2476 λέγηται
3225 2406 3351 2475 περὶ
3386 2403 3573 2469 αὐτοῦ,
3605 2407 3765 2460 τοῦτο

2175 2502 2240 2573 δὴ
2270 2501 2489 2563 πάντως
2530 2499 2624 2553 καὶ
2659 2496 2859 2567 ἀληθὲς
2888 2492 3025 2549 εἷναί
3058 2512 3262 2566 φαμεν·
3291 2495 3423 2548 Θεὸν
3461 2494 3570 2567 γὰρ
3605 2494 3764 2566 ἴσμεν

2178 2592 2362 2647 αὐτόν.
2395 2590 2513 2643 Κᾶν
2540 2586 2883 2660 ἀνθρώπινόν
2908 2604 2960 2639 τι
2980 2585 3042 2638 rb
3071 2584 3399 2655 λαλούμενον
3422 2580 3479 2659 ᾗ,
3509 2585 3601 2638 καὶ
3621 2585 3765 2638 οὕτω

2179 2682 2577 2753 συννεύσομεν·
2630 2670 3004 2750 ὁμολογοῦμεν
3049 2679 3159 2749 γὰρ
3204 2678 3287 2731 ὅτι
3331 2677 3464 2741 Θεός
3508 2679 3654 2731 ἐστιν
3704 2679 3766 2731 ἐν

2178 2778 2345 2848 σαρκὶ
2384 2776 2478 2829 καὶ
2507 2775 2732 2843 αἵματι·
2768 2774 2865 2825 καὶ
2892 2771 2951 2825 rb
2984 2771 3083 2842 τῆς
3114 2771 3535 2841 ἀνθρωπότητος
3566 2771 3765 2841 μέτρον

2176 2871 2263 2925 διὰ
2290 2869 2400 2923 τῶν
2430 2867 2786 2939 ἀνθρωπίνων
2812 2862 3271 2933 ὲπιγινὼσκομεν.
3304 2863 3490 2917 Χίλιαι
3522 2863 3623 2935 μὲν
3652 2866 3766 2934 γὰρ

2176 2962 2411 3034 χιλιάδες
2436 2959 2606 3027 ἁγίων
2632 2957 2879 3026 ἀγγέλων
2908 2955 3318 3026 λειτουργοῦσιν
3343 2955 3515 3026 αὐτῷ,
3547 2957 3640 3009 καὶ
3671 2957 3764 3010 rbv

2179 3055 2321 3108 θεῖον
2349 3049 2517 3104 αὑτοῦ
2547 3048 2735 3119 θρόνον
2771 3046 3081 3117 περιιστᾶσι
3110 3042 3181 3097 τὰ
3219 3044 3491 3116 Σεραφίμ.
3543 3044 3767 3118 Ἐπειδὴ

490 3144 634 3218 quod
682 3142 887 3210 sibiipsi
943 3150 998 3193 et
1053 3138 1199 3193 Patri
1247 3137 1369 3191 ﬁdei
1414 3146 1613 3191 nostra:
1667 3138 2066 3192 confessionem

2179 3147 2231 3204 δὲ
2260 3144 2483 3214 γέγονεν
2505 3140 2810 3210 ἄνθρωπος.
2837 3137 3219 3208 κεχρημάτικε
3244 3136 3338 3189 καὶ
3360 3137 3634 3207 ἀχιερεὺς,
3666 3138 3767 3209 οὐχ

489 3243 827 3304 procuraret.
860 3231 1099 3284 Audiens
1129 3228 1270 3298 quod
1311 3230 1489 3281 dictus
1512 3240 1595 3282 est
1646 3229 1909 3283 sacerdos
1938 3245 2068 3299 pro-

490 3338 612 3401 pter
633 3326 1048 3387 humanitatem,
1090 3322 1397 3378 erubescis?
1420 3321 1624 3377 Deinde
1649 3325 1927 3392 quomodo
1961 3340 2067 3377 nou

492 3418 795 3472 admiratus
824 3429 903 3479 es,
932 3412 1078 3482 quod
1124 3429 1232 3466 non
1263 3414 1558 3466 secundum
1582 3413 1929 3468 sacerdotum
1960 3431 2074 3468 mo-

494 3525 631 3573 rem,
664 3508 817 3561 alteri
856 3505 1110 3561 detulerit
1140 3505 1393 3559 sacrilicii
1431 3506 1671 3571 modum,
1715 3506 1810 3559 scd
1859 3508 2072 3574 sibiipsi

493 3604 674 3674 potius
708 3612 764 3657 et
802 3600 968 3665 Patri,
1012 3609 1073 3653 ut
1112 3598 1265 3653 dixi?
1312 3597 1544 3663 Quando
1597 3598 1735 3652 dicis
1794 3586 2072 3668 iudiguum

492 3709 615 3748 esse
677 3693 786 3747 Deo
829 3700 886 3745 ut
939 3689 1232 3754 sacriﬁcet,
1299 3688 1560 3757 astipulor
1613 3701 1668 3743 et
1698 3704 1820 3759 ego.
1875 3691 1979 3745 Sed
2030 3692 2076 3747 si

494 3786 670 3841 solum
701 3794 848 3839 esset
895 3794 951 3836 et
983 3782 1193 3852 absque
1232 3796 1399 3835 carne
1442 3781 1703 3847 Verbum,
1757 3791 1899 3839 recte
1929 3785 2078 3838 dice-

495 3892 626 3931 res:
656 3884 709 3928 at
740 3889 865 3927 vero
886 3873 1011 3941 quia
1047 3872 1249 3925 factum
1289 3881 1373 3925 est
1428 3887 1580 3936 caro,
1635 3873 1758 3927 vide
1806 3885 1862 3927 et
1899 3875 2074 3929 sacri-

497 3970 748 4023 ﬁcantem
799 3976 1021 4036 propter
1059 3963 1489 4030 humanitatem;
1520 3973 1576 4018 et
1617 3964 1672 4018 in
1722 3966 2076 4035 dignitatibus

492 4060 642 4115 ultra
672 4069 1022 4122 creaturam,
1058 4056 1197 4111 sicut
1226 4055 1393 4110 Deum
1439 4070 1453 4108 :
1489 4056 1733 4112 considet
1767 4059 1911 4112 enim
1955 4074 2077 4112 cum

498 4155 610 4209 Deo
639 4158 693 4205 et
722 4150 900 4206 Patre.
951 4147 1142 4218 Itaque
1194 4157 1249 4202 et
1290 4149 1412 4202 vide
1456 4148 1630 4217 ipsum
1671 4150 2075 4205 sacriﬁcantem

498 4243 793 4300 secundum
845 4242 1287 4305 humanitatem,
1354 4241 1725 4296 considentem
1782 4253 1966 4299 autem
2019 4254 2077 4298 ut

497 4336 688 4392 Deum.
737 4333 875 4401 Quid
910 4334 1055 4387 enim
1104 4332 1236 4386 dicit
1282 4332 1473 4387 beatus
1522 4330 1772 4389 Paulus?
1821 4354 1837 4386 ι
1891 4334 2077 4389 Talem

498 4430 761 4484 habemus
797 4424 1133 4495 pontiﬁcem,
1167 4424 1257 4494 qui
1278 4426 1528 4479 consedit
1557 4427 1610 4480 in
1633 4426 1860 4480 dextera
1895 4428 2076 4482 throni

497 4518 889 4591 ntagnitudinis
923 4518 977 4572 in
1007 4518 1236 4573 excelsis
1265 4517 1331 4571 κ.
1370 4537 1387 4570 ι
1443 4518 1691 4575 Scientes
1720 4520 1888 4589 igitur
1932 4525 2076 4593 quod

498 4616 675 4669 factus
698 4623 782 4667 est
807 4615 990 4675 homo,
1018 4626 1140 4664 cum
1171 4610 1311 4663 Deus
1358 4620 1503 4663 esset
1553 4618 1659 4682 (est
1699 4621 1878 4666 autem
1940 4630 2079 4669 unus

498 4717 555 4759 et
581 4705 721 4758 idem
750 4699 966 4771 Filius),
998 4700 1071 4753 illi
1099 4701 1279 4754 omnia
1312 4701 1632 4767 tribuemus,
1658 4712 1717 4757 ut
1744 4705 1856 4769 uni;
1886 4715 1939 4758 et
1969 4706 2079 4760 dis-

499 4796 834 4866 pensationis
895 4793 1084 4847 modos
1131 4808 1237 4846 non
1276 4793 1685 4871 iguorabituus,
1729 4798 2078 4867 cogitationis

498 4890 612 4942 vim
658 4901 875 4956 semper
915 4884 1138 4955 provide
1177 4896 1232 4938 et
1274 4885 1551 4955 sapienter
1599 4889 1666 4943 ad
1709 4888 2077 4945 obedientiam

498 4981 619 5049 ejus
650 4986 1041 5033 convertentes.

2177 3240 2251 3303 ὡς
2287 3234 2495 3307 μείζονι
2532 3230 2652 3301 Θεῷ
2702 3227 3087 3300 προπομὶςων
3130 3226 3229 3297 τὴν
3280 3227 3619 3298 ἱερουργίαν,
3647 3226 3765 3280 ἀλλ’

2179 3328 2356 3399 ἑαυτῷ
2391 3345 2453 3381 τε
2485 3325 2578 3378 καὶ
2605 3322 2683 3394 τῷ
2726 3322 2903 3394 Πατρὶ
2932 3320 3035 3390 τῆς
3062 3320 3297 3384 πίστεως
3325 3320 3482 3391 ἡμῶν
3513 3318 3610 3391 τὴν
3640 3322 3767 3389 ὀμο-

2178 3425 2363 3494 λογίαν
2425 3417 2971 3492 πραγματευόμενος.
3053 3411 3347 3485 Ἐρυθριᾷς
3404 3413 3618 3467 ἀκούων
3674 3404 3766 3464 ’ὅτι

2180 3515 2592 3589 κεχρημάτικεν
2636 3511 2814 3581 ἱερεὺς
2845 3508 2934 3561 διὰ
2976 3508 3038 3560 rb
3070 3506 3447 3578 ἁνθρώπινον;
3484 3501 3615 3560 Εἶτα
3651 3505 3765 3568 πῶς

2177 3613 2239 3665 ού
2259 3606 2613 3677 τεθαύμακας
2641 3605 2720 3655 ὅτι
2756 3600 2831 3673 μὴ
2859 3600 2999 3655 κατὰ
3027 3599 3087 3653 rb
3106 3599 3216 3653 τῶν
3242 3597 3430 3670 ἱερέων
3454 3596 3574 3661 ἔθος
3594 3597 3765 3667 ἑτέρῳ

2179 3701 2405 3771 ποιῆται
2435 3709 2461 3735 ιι
2491 3696 2588 3766 τῆς
2620 3691 2929 3764 ἱερουργίας
2960 3691 3051 3743 τὸν
3082 3690 3301 3762 τρόπον,
3333 3688 3511 3757 ἐαυτῷ
3540 3687 3597 3740 δὲ
3630 3687 3766 3757 μᾶλ-

2178 3790 2289 3852 λον,
2321 3788 2395 3850 t'o;
2426 3785 2587 3855 ἔφην,
2608 3785 2702 3835 καὶ
2732 3781 2811 3852 τῷ
2841 3781 3015 3851 Πατρὶ
3041 3798 3055 3847 ;
3094 3781 3261 3833 Ὅταν
3295 3778 3451 3852 εἴπῃς
3484 3777 3583 3831 οὑκ
3613 3776 3765 3840 ἄξιον

2179 3872 2321 3930 εἶναι
2354 3873 2449 3928 τοῦ
2482 3874 2617 3927 Θεοῦ
2650 3873 2711 3925 τὸ
2749 3874 3071 3943 ἱερουργεῖν,
3106 3870 3357 3941 σύμφημι
3398 3866 3573 3936 κάγώ.
3623 3867 3764 3920 Ἀλλ’

2179 3970 2228 4021 εἱ
2262 3968 2423 4039 μόνος
2464 3961 2556 4038 ἦν,
2587 3965 2682 4019 καὶ
2728 3963 2851 4034 δίχα
2880 3962 3084 4032 σαρκὸς
3117 3964 3147 4015 ό
3176 3962 3366 4029 Λόγος,
3405 3959 3540 4030 ἔφης
3570 3958 3635 4013 ἂν
3674 3960 3767 4029 ὀρ-

2181 4061 2321 4125 θῶς’
2357 4059 2544 4129 ἐπειδὴ
2575 4058 2631 4111 δὲ
2662 4057 2887 4126 γέγονεν
2930 4054 3240 4125 ἄνθρωπος,
3272 4054 3377 4123 ὅρα
3418 4050 3513 4105 καὶ
3548 4052 3766 4121 ἱερουρ-

2180 4153 2381 4222 γοῦντα
2410 4152 2500 4206 διὰ
2544 4150 2605 4203 τὸ
2647 4147 3009 4219 ἀνθρώπινον,
3046 4146 3139 4200 καὶ
3189 4146 3247 4197 ἐν
3278 4147 3390 4207 τοῖς
3422 4144 3561 4213 ὑπὲρ
3590 4142 3766 4195 κτίσιν

2181 4245 2510 4316 ἀξιώμασιν,
2563 4243 2638 4303 ὡς
2690 4240 2861 4294 Θεόνο
2914 4236 3221 4309 συνεδρεύει
3255 4236 3364 4307 γὰρ
3410 4234 3487 4305 τῷ
3519 4233 3637 4303 Θεῷ
3672 4234 3765 4287 καὶ

2182 4340 2385 4411 Πατρί.“
2417 4339 2557 4409 Ὅρα
2588 4336 2766 4389 τοίνυν
2815 4331 3161 4406 ἱερατεύοντα
3194 4329 3292 4401 μὲν
3324 4328 3486 4381 αὐτὸν
3522 4327 3661 4381 κατὰ
3704 4326 3766 4379 τὸ

2182 4430 2546 4502 ἀνθρώπινον,
2578 4423 2965 4497 συνεδρεύοντα
2998 4421 3058 4475 δὲ
3084 4422 3160 4484 ὼς
3189 4419 3344 4472 Θεόν.
3376 4418 3441 4471 Τί
3472 4418 3580 4488 γάρ
3603 4432 3768 4487 φησιν

2185 4526 2214 4577 ὁ
2251 4522 2517 4595 μακάριος
2550 4517 2790 4581 Παῦλος;
2828 4535 2849 4568 ι
2884 4515 3139 4569 Τοιοῦτον
3168 4512 3368 4583 ἔχομεν
3399 4511 3683 4583 ἀρχιερέα,
3710 4510 3770 4572 ὃς

2189 4614 2441 4669 ἐκάθισεν
2471 4613 2529 4665 ὲν
2573 4609 2723 4681 δεξιᾷ
2764 4607 2859 4661 τοῦ
2896 4607 3089 4679 θρόνου
3132 4606 3234 4676 τῆς
3277 4603 3667 4675 μεγαλωσύνης
3712 4603 3771 4653 ἐν

2188 4709 2303 4769 τοῖς
2336 4704 2579 4774 ὑψηλοῖς.
2622 4721 2640 4753 ι
2677 4700 2893 4763 Εἱδότες
2924 4699 3105 4753 τοίνυν
3149 4697 3232 4751 ὅτι
3264 4695 3399 4760 Θεὸς
3439 4693 3515 4748 ὢν
3548 4695 3771 4763 γέγονεν

2190 4797 2498 4869 ἄνθρωπος,
2527 4795 2642 4847 ἔστι
2675 4794 2731 4847 δὲ
2761 4791 2839 4856 εἷς
2863 4793 2955 4845 καὶ
2989 4792 3018 4843 ό
3044 4789 3206 4852 αὐτὸς
3236 4788 3385 4853 Υἱὸς,
3421 4786 3569 4857 αὐτῷ
3594 4785 3771 4839 πάντα

2188 4883 2608 4959 προσνεμοῦμεν
2635 4882 2712 4944 ὡς
2756 4881 2869 4934 ἐνί·
2905 4880 2998 4934 καὶ
3032 4880 3160 4942 τοὺς
3196 4877 3299 4947 τῆς
3333 4874 3644 4946 οἰκονομίας
3671 4873 3771 4925 οὐκ

2188 4978 2514 5049 ὲννοήσομεν
2536 4985 2563 5013 ν
2591 4974 2850 5046 τρόπους,
2879 4973 2981 5042 τὴν
3016 4970 3128 5024 τῶν
3160 4968 3378 5025 ἐννοιῶν
3411 4968 3643 5038 δύναμιν
3677 4965 3773 5017 εύ-

499 5068 702 5140 τιχνως
744 5067 837 5121 καὶ
874 5064 1159 5137 ἐμφρόνως
1199 5066 1285 5119 ἀεὶ
1335 5066 1759 5137 περιτρέποντες
1790 5077 1818 5104 ι
1850 5072 1930 5134 εἰς
1976 5070 2075 5144 τὴν
2119 5071 2367 5141 ὑπακοὴν
2402 5066 2588 5121 αὐτοῦ.

788 5178 948 5250 190
976 5177 1614 5236 ANATHEMATISMUS
1654 5180 1745 5235 XI.

574 5291 633 5344 Si
658 5292 780 5359 quis
802 5291 1012 5345 Domini
1043 5306 1262 5345 carnem
1291 5290 1582 5359 viviﬁcam,
1605 5292 1881 5361 ipsiusque
1904 5289 2087 5355 Verbi,

503 5384 647 5453 quod
689 5399 754 5436 ex
794 5385 900 5436 Deo
930 5383 1092 5439 Patre
1127 5394 1231 5449 est,
1280 5385 1558 5455 propriam
1589 5400 1712 5440 esse
1746 5386 2035 5455 negaverit
2067 5402 2082 5451 ;

580 5564 621 5593 ³²
649 5561 813 5616 Hebr.
847 5577 965 5630 VIII,
994 5562 1050 5617 1.

2606 5176 3203 5233 ΑΝΑΘΕΜΛΤΙΣΜΟΣ
3239 5178 3326 5231 lA'

2261 5296 2328 5350 Εἰ
2350 5312 2433 5359 τις
2454 5296 2551 5364 οὐχ
2575 5293 2827 5366 ὁμολογεῖ
2849 5291 2948 5363 τὴν
2967 5290 3065 5345 τοῦ
3085 5289 3293 5362 Κυρίου
3314 5289 3493 5360 σάρκα
3515 5284 3775 5351 ζωοποιδν

2188 5384 2351 5453 εἶναι,
2387 5388 2482 5442 καὶ
2514 5386 2649 5440 ἱδξαν
2693 5384 2857 5439 αὑτοῦ
2889 5382 2986 5438 τοῦ
3033 5384 3096 5436 ὲκ
3128 5381 3264 5436 Θεοῦ
3318 5379 3527 5451 [ἰατρὸς
3574 5377 3773 5447 Λόγου,

1598 5647 1773 5704 Variae
1806 5650 2066 5708 lectiones
2088 5665 2152 5703 ex
2177 5648 2371 5705 codice
2398 5649 2772 5721 Seguieriano.

583 5752 601 5787 ι
632 5746 929 5803 ἀκούσασα.
1008 5756 1034 5784 ιι
1059 5746 1312 5800 ποιεῖται.
1390 5751 1414 5781 ν
1451 5740 1811 5811 ἀγνοήσομεν.
1892 5750 1915 5777 ³
1944 5740 2385 5814 περιϐλέποντες,
2409 5744 2471 5812 ἣ,
2508 5745 2888 5818 περιέποντες.
