4116 6332
354 383 463 440 369

964 386 1492 445 APOLOGETICUS
1532 388 1666 445 PRO
1705 390 1795 445 ΧΠ
1835 391 2204 450 CAPITIBUS
2241 392 2523 448 CON'FRA
2562 390 3017 448 ORIENTALES.

3497 386 3602 438 570

352 500 472 553 ἀλλ’
505 498 581 563 ὡς
625 500 814 572 ἑτέρου
846 504 991 568 τινος
1033 508 1161 577 παρ’
1207 506 1387 571 αὑτὸν,
1439 509 1790 578 συνημμένου
1836 510 1920 579 μὲι

2036 512 2131 566 sed
2166 511 2328 567 veluti
2358 512 2585 566 alterius
2622 509 2922 580 cujuspiam
2955 508 3055 578 ipsi
3099 506 3269 561 Verbo
3309 507 3600 559 secundum

342 591 504 663 aeto
537 591 679 646 κατὰ
710 591 809 665 τὴν
856 594 1034 662 ἀξίαν,
1068 598 1236 669 ἤγουν
1260 598 1338 662 ὡς
1373 598 1540 672 μόνην
1587 601 1738 656 θείαν
1791 604 1927 657 ἐνοί-

356 699 519 753 κησιν
567 684 881 755 ἐσχηκότος,
913 689 1007 741 καὶ
1036 689 1155 759 οὐχὶ
1200 688 1265 760 δὴ
1299 690 1503 760 μᾶλλον
1540 693 1817 758 ζωοποιὸν,
1849 693 1925 759 ὡς

348 775 587 847 ἔφημεν,
612 778 698 831 ὅτι
730 777 951 847 γέγονεν
988 780 1092 852 ἰδίᾳ
1119 791 1148 830 1
1177 781 1270 834 τοῦ
1308 783 1481 851 Λόγου
1512 784 1606 838 τοῦ
1644 786 1715 840 τὰ
1748 787 1925 841 πάντα

355 865 638 929 ζωοποιεῖν
670 868 963 939 ἰσχύοντος·
992 871 1239 942 ἀνάθεμα
1273 872 1435 929 ἔστω.

673 1061 1048 1131 Ἀνιτίρῤησις
1079 1063 1198 1119 τῶν
1224 1064 1613 1122 ἀνατολικῶν.

439 1175 590 1229 Ὶδίαν
631 1178 883 1246 γενέσθαι
912 1178 1007 1252 τὴν
1036 1182 1372 1254 Δεσποτικὴν
1405 1182 1583 1255 σάρκα
1618 1181 1712 1237 τοῦ
1751 1186 1924 1254 Λόγου

354 1267 441 1321 διὰ
470 1267 565 1339 τῆς
594 1267 858 1334 ἑνώσεως,
885 1272 1264 1343 ὁμολογεῖσθαι
1287 1275 1470 1341 καλὸν,
1501 1272 1760 1339 νοοῦντας
1795 1276 1924 1347 μέν·

354 1376 440 1413 τοι
490 1360 549 1427 ἑξ
601 1359 755 1432 ἡμῶν
796 1362 965 1434 αὐτὴν
1020 1365 1437 1436 πῳσειλῆφθαι.
1490 1366 1748 1438 Περιττδν
1777 1366 1833 1420 δὲ
1864 1367 1925 1420 τὸ

348 1453 616 1521 ἑπάγεινο
662 1455 776 1510 Καὶ
802 1456 900 1526 οὐχ
945 1455 1135 1527 ἑτέρου
1167 1457 1309 1522 τινὸς
1352 1458 1484 1530 παρ’
1532 1459 1723 1513 αὐτόν’
1752 1459 1800 1513 εί
1847 1459 1923 1531 μὴ

356 1544 465 1617 ἄρα
513 1543 718 1617 ἐξαίρει
760 1546 930 1618 αὐτὴν
966 1547 1062 1601 τοῦ
1103 1546 1164 1613 ἑξ
1206 1549 1362 1620 ἡμῶν
1391 1549 1665 1621 εἰλῆφθαι.
1711 1549 1786 1604 Τὸ
1817 1551 1924 1622 γὰρ

359 1636 593 1706 συνεχῶς
629 1636 809 1706 λέγειν
852 1637 1022 1709 αὐτὴν
1074 1638 1232 1704 ἰδίαν,
1279 1640 1622 1711 ἑξαιροῦντὸς
1660 1642 1778 1695 ἑστι
1824 1643 1924 1711 τὴν

356 1728 688 1801 Δεσποτικὴν
722 1730 898 1802 σάρκα
932 1726 1072 1785 εἶναι
1114 1731 1214 1801 τῆς
1249 1733 1522 1805 ἡμετέρας
1551 1732 1781 1802 φύσεως.
1815 1734 1924 1787 Kai.

356 1822 459 1875 ποῦ
485 1822 547 1875 τὸ
590 1821 850 1893 καύχημα
890 1822 1081 1893 ἡμῶνς
1127 1822 1226 1877 Διὰ
1258 1823 1421 1891 τίνος,
1451 1823 1598 1893 λέγει
1627 1827 1655 1878 ὁ
1688 1823 1920 1890 Παῦλος,

356 1914 672 1985 συνήγειρεν
702 1915 869 1985 ἡμᾶς,
895 1915 989 1968 καὶ
1012 1916 1361 1970 συνεκάθισεν
1382 1918 1562 1987 ἡμᾶς
1593 1919 1703 1971 Καὶ
1729 1926 1751 1953 ²
1776 1916 1922 1982 τίνος

354 2005 463 2076 γὰρ
500 2004 609 2059 τῶν
650 2003 953 2076 ἀνθρώπων
995 2005 1182 2077 ἑτέρου
1214 2008 1248 2077 ἡ
1296 2008 1526 2061 ἑκάστου
1575 2006 1751 2079 cape;
1786 2009 1920 2079 Οὐχὶ

348 2098 580 2162 ἕκαστος
612 2097 709 2169 μὲν
733 2097 894 2170 ἡμῶν
921 2098 1104 2170 κοινὴν
1119 2098 1236 2170 ἔχει
1263 2099 1443 2171 σάρκα
1473 2100 1687 2172 ἑκάστῳ
1706 2100 1789 2172 τῷ
1821 2101 1919 2155 τοῦ

352 2190 638 2261 ὁμοουσίου
664 2190 828 2260 λόγῳ,
859 2190 995 2245 ἰδίαν
1028 2208 1087 2244 τε
1114 2190 1193 2262 τῷ
1214 2192 1316 2263 τὴν
1350 2192 1580 2247 ἑκάστου
1615 2204 1641 2233 ι
1672 2192 1747 2264 μὴ
1779 2188 1921 2247 εἶναι

348 2281 563 2352 ἑτέρου,
588 2280 624 2352 ἢ
654 2283 816 2352 μόνου
841 2276 901 2336 οὗ
926 2284 1043 2336 ἑστι
1075 2284 1245 2354 σάρξς
1280 2284 1344 2337 Τί
1371 2281 1465 2339 οὖν
1492 2285 1640 2357 αὐτῷ
1672 2285 1919 2357 βούλεται

349 2372 429 2442 τῷ
467 2374 623 2439 ἰδίαν,
675 2373 753 2438 ὡς
794 2374 982 2445 ἕτερόν
1021 2392 1076 2427 τι
1120 2375 1366 2444 λέγοντι;
1419 2378 1481 2432 Ei
1513 2377 1622 2451 γὰρ
1661 2380 1775 2433 νοεῖ
1821 2379 1920 2449 τὴν

350 2465 686 2535 Δεσποτικὴν
726 2466 903 2536 σάρκα
945 2466 1011 2517 ἑκ
1039 2466 1139 2535 τῆς
1168 2467 1443 2537 ἡμετέρας
1495 2469 1768 2539 εἰλῆφθαι,
1809 2472 1920 2523 νοεῐ

349 2555 407 2608 δὲ
443 2554 520 2618 ὡς
561 2556 595 2625 ἡ
629 2554 855 2609 ἑκάστου
902 2553 1039 2625 σὰρξ
1083 2556 1292 2609 ἐκείνου
1349 2558 1494 2611 ἐστὶν
1546 2557 1652 2613 ἰδία
1693 2551 1754 2614 οὗ
1803 2560 1919 2612 ἑστι

350 2645 508 2717 σάρξ,
538 2645 632 2700 καὶ
661 2647 759 2716 οὺχ
792 2646 1000 2718 ἑτέρου,
1040 2647 1092 2700 τί
1115 2647 1190 2711 ὡς
1224 2648 1286 2701 οὐ
1318 2647 1469 2713 ξένου
1498 2649 1548 2716 δ,
1572 2649 1719 2718 λέγει
1752 2650 1919 2721 αὐτὴν

351 2738 489 2791 ἰδίαν
511 2734 683 2805 εἷναι;
710 2734 785 2792 Ἦ
817 2738 975 2809 δῆλον
1003 2740 1084 2792 ὅτι
1120 2750 1142 2775 α
1172 2738 1240 2792 δι’
1267 2739 1716 2811 ἑπικαλύμματος
1741 2742 1803 2795 ού
1833 2740 1920 2794 λέ-

350 2844 438 2897 γει
469 2828 640 2900 αὐτὴν
679 2830 746 2883 ἑκ
794 2829 894 2900 τῆς
939 2831 1213 2902 ἡμετέρας
1266 2832 1481 2901 φύσεως
1521 2833 1796 2904 εἰλῆφθαι,
1843 2835 1919 2897 ὡς

348 2922 682 2994 σαφέστερον
705 2922 853 2991 λέγει
887 2924 948 2977 ἑν
974 2923 1052 2994 τῷ
1082 2924 1284 2995 πρῶτῳ
1308 2924 1472 2979 αὑτοῦ
1501 2926 1653 2996 τόμῳ
1671 2943 1685 2957 ο
1717 2928 1827 2981 Καὶ
1856 2928 1919 2980 τὸ

352 3012 569 3085 βρέφος,
610 3015 794 3086 φησὶν,
826 3009 893 3085 ἦν
925 3010 984 3068 εὖ
1034 3014 1153 3069 καθ’
1194 3014 1224 3054 ἀ
1259 3017 1405 3086 ἡμᾶς
1427 3033 1440 3047 ·
1489 3017 1782 3082 τουτέστιν,
1819 3019 1919 3073 οὐκ

347 3109 409 3161 ἑν
435 3106 562 3178 ψιλῇ
595 3108 689 3161 καὶ
734 3107 871 3180 μόνῃ
916 3110 982 3178 τῇ
1022 3107 1158 3177 πρὸς
1186 3109 1337 3179 ἡμᾶς
1382 3109 1684 3179 ὁμοιότητι,
1717 3109 1831 3164 ἀλλ’
1859 3111 1917 3163 ἑν

2024 601 2341 673 dignitatem
2370 601 2665 670 conjuncti,
2707 601 2964 655 nimirum
2998 598 3153 668 quasi
3190 597 3427 650 divinum
3475 607 3595 649 tan-

2028 703 2141 748 tum
2169 694 2616 749 inhabitationem
2644 692 2845 756 sortiti,
2883 706 2944 744 ac
2977 706 3081 743 non
3118 690 3295 758 potius
3329 686 3599 740 vivincaut

2024 798 2150 840 esse
2172 784 2404 851 dixerit,
2464 794 2527 838 ut
2572 785 2730 838 modo
2759 783 3103 837 meminimus
3149 797 3213 835 eo
3243 780 3385 849 quod
3414 777 3595 838 Verbi,

2022 877 2168 946 quod
2195 877 2374 931 omnia
2391 876 2666 932 viviﬁcare
2695 884 2893 946 potest,
2929 874 3067 931 facta
3092 876 3164 929 sit
3189 874 3434 961 propria;
3469 887 3599 925 aua—

2023 968 2206 1023 thema
2241 967 2330 1022 sit.

2474 1079 2823 1134 Orientalium
2861 1080 3134 1148 oppositio.

2098 1190 2377 1262 Propriam
2411 1191 2608 1247 factam
2650 1188 2984 1247 Dominicam
3028 1206 3247 1245 carnem
3297 1190 3459 1245 Verbi
3496 1206 3597 1258 per

2025 1283 2279 1339 unionem
2312 1283 2557 1339 confiteri
2588 1282 2727 1338 bene
2754 1283 2953 1350 {haben
3011 1282 3373 1351 intelligentes
3414 1291 3591 1335 tamen

2024 1390 2142 1430 eam
2197 1390 2261 1431 ex
2313 1376 2471 1431 nobis
2510 1385 2866 1443 assumptum.
2914 1371 3255 1442 Superﬂuum
3295 1384 3471 1426 autem
3511 1381 3596 1426 est

2023 1466 2260 1536 adjicere
2294 1483 2311 1520 :
2349 1466 2414 1520 Et
2458 1482 2564 1521 non
2601 1465 2824 1520 alterius
2870 1463 3171 1533 cujuspiam
3212 1472 3410 1531 praeter
3446 1478 3592 1525 eum,

2023 1558 2130 1611 nisi
2172 1556 2313 1613 forte
2334 1568 2495 1627 negat
2515 1572 2634 1612 eam
2658 1572 2725 1611 ex
2754 1555 2910 1610 nobis
2927 1564 3279 1622 assumptam.
3302 1553 3434 1607 Nam
3454 1570 3594 1621 saepe

2022 1650 2202 1705 dicere
2238 1652 2512 1720 propriam
2550 1649 2798 1718 negantis
2838 1660 2954 1715 est,
2996 1646 3331 1702 Dominicam
3374 1659 3590 1698 carnem

2024 1749 2221 1794 nostra:
2248 1755 2370 1796 esse
2402 1750 2630 1794 naturas.
2677 1739 2745 1794 Et
2793 1738 2884 1794 ubi
2927 1738 3178 1808 gloriatio
3220 1747 3403 1791 nostra
3461 1737 3594 1790 est?

2033 1829 2137 1885 Per
2169 1846 2353 1900 quem,
2384 1832 2517 1887 dicit
2554 1830 2776 1895 Paulus,
2818 1828 3266 1886 conresuscitavit
3311 1840 3366 1885 et
3397 1846 3590 1885 conse-

2021 1924 2156 1980 dere
2185 1923 2316 1981 fecit
2344 1940 2445 1983 nos
2474 1925 2559 1979 ιιι
2604 1926 2774 1996 Cujus
2804 1926 2951 1983 enim
2980 1926 3206 1982 alterius
3240 1924 3471 1979 hominis
3507 1933 3592 1976 est

2019 2026 2117 2067 sua
2165 2015 2430 2085 cujusque
2460 2018 2641 2071 caro?
2690 2013 2881 2071 Nonne
2925 2017 3294 2088 unusquisque
3345 2025 3587 2069 nostrum

2016 2116 2366 2160 communem
2419 2105 2642 2177 quidem
2696 2106 2864 2164 habet
2900 2120 3122 2163 carnem
3187 2118 3309 2161 cum
3348 2118 3590 2173 unoquo-

2016 2206 2128 2262 que
2201 2194 2781 2250 consubstantialitatis
2855 2196 3102 2261 ratione;
3184 2203 3241 2248 et
3314 2196 3589 2262 propriam

2029 2299 2095 2341 eo
2143 2288 2285 2354 quod
2333 2300 2453 2355 quae
2486 2296 2571 2341 est
2617 2287 3043 2358 uniuscujusque
3084 2302 3193 2342 non
3240 2286 3312 2342 sit
3345 2285 3586 2347 Iterius,

2018 2377 2125 2432 nisi
2158 2377 2370 2444 solius,
2417 2377 2573 2449 cujus
2622 2389 2707 2435 est
2748 2380 2919 2435 caro?
2963 2379 3101 2447 Quid
3146 2391 3275 2449 ergo
3303 2378 3405 2432 sibi
3455 2377 3586 2437 vult.

2018 2484 2143 2523 cum
2171 2467 2304 2524 dicit
2335 2471 2633 2540 propriam,
2682 2479 2943 2541 tanquam
2993 2470 3137 2525 aliud
3170 2470 3299 2539 quid
3351 2469 3539 2523 dicens
3567 2469 3590 2521 2

2028 2556 2087 2613 Si
2128 2558 2278 2613 enim
2336 2558 2612 2629 intelligit,
2650 2558 2983 2616 Dominicam
3027 2574 3247 2614 carnem
3287 2574 3352 2613 ex
3406 2569 3587 2611 nostra

2019 2659 2373 2721 assumptum,
2403 2660 2459 2706 et
2493 2651 2766 2721 intelligit,
2806 2653 2950 2722 quod
2999 2649 3429 2719 uniuscujusque
3457 2665 3589 2703 caro

2017 2742 2168 2798 illius
2199 2751 2288 2799 est
2339 2743 2558 2813 propria
2592 2744 2747 2813 cujus
2770 2754 2858 2798 est
2900 2757 3049 2808 caro,
3100 2753 3155 2797 et
3177 2757 3285 2797 non
3313 2741 3539 2796 alterius
3568 2757 3586 2802 ς

2017 2849 2136 2899 cur,
2162 2844 2418 2905 tanquam
2449 2850 2554 2890 non
2594 2834 2666 2889 sit
2696 2835 2966 2897 extranei,
3004 2835 3137 2888 dicit
3160 2834 3430 2903 propriam
3465 2846 3585 2886 eam

2015 2926 2295 2981 esse?An
2320 2936 2531 2981 certum
2576 2934 2682 2989 est,
2722 2926 2867 2994 quod
2924 2934 3112 2993 aperte
3158 2934 3317 2994 negat
3358 2938 3477 2978 eam
3518 2938 3586 2976 ex

2019 3029 2205 3075 nostra
2230 3028 2563 3088 assumptam
2588 3032 2713 3074 esse
2739 3027 2950 3082 natura,
2990 3017 3130 3072 sicut
3156 3017 3356 3072 clarius
3378 3016 3508 3070 dicit
3532 3014 3585 3067 in

2017 3109 2191 3179 primo
2216 3124 2314 3164 suo
2339 3116 2493 3163 tomo
2525 3126 2541 3164 :
2570 3106 2639 3163 Et
2666 3105 2866 3171 infans,
2888 3107 3080 3177 inquit,
3108 3113 3227 3161 erat
3258 3118 3362 3159 non
3388 3117 3585 3159 secun-

349 3199 729 3271 ἁνθρωπότητι
759 3200 876 3271 μὲν,
912 3199 998 3253 διὰ
1023 3200 1123 3271 τὴν
1149 3201 1350 3273 σάρκα,
1386 3201 1525 3255 θεῖον
1552 3201 1631 3267 δὲ,
1674 3202 1750 3265 ὼς
1778 3203 1917 3274 ὑπὲρ

2021 3203 2144 3255 dum
2196 3215 2326 3268 nos,
2368 3200 2475 3254 hoc
2509 3208 2625 3262 est,
2655 3213 2761 3253 non
2811 3200 2866 3253 in
2916 3212 3050 3267 pura
3072 3207 3129 3253 et
3158 3196 3270 3252 sola
3305 3195 3475 3251 nostri
3509 3196 3586 3251 si-

351 3292 519 3361 ημᾶς,
564 3292 659 3344 καὶ
689 3291 749 3356 ἑξ
791 3290 1056 3361 ούρανοῦ;
1104 3292 1214 3346 Καὶ
1261 3292 1423 3346 πάλιν
1469 3294 1527 3345 ἑν
1562 3292 1640 3363 τῷ
1684 3293 1921 3364 δευτέρῳ

349 3383 520 3455 τύμῳ,
560 3382 705 3437 καθά
750 3400 883 3455 φησι
907 3399 920 3413 ·
955 3383 1125 3454 Σῶμα
1169 3384 1278 3455 γὰρ
1308 3381 1376 3457 ἦν
1408 3385 1507 3455 οὐχ
1544 3384 1730 3456 ἑτέρου
1779 3386 1921 3448 τινὸς

351 3477 461 3530 τῶν
483 3476 606 3531 καθ’
632 3478 803 3547 ἡμᾶς,
838 3474 965 3530 ἴδιον
989 3476 1046 3530 δὲ
1072 3476 1271 3548 μᾶλλον
1297 3477 1463 3531 αὐτοῦ
1496 3476 1591 3530 τοῦ
1622 3479 1688 3530 ἑκ
1711 3478 1923 3548 [ἰατρὸς

348 3568 504 3633 bno;
532 3569 706 3638 Λόγου
752 3568 811 3622 τὸ
855 3568 1113 3639 γεννηθὲν
1160 3569 1218 3635 ἑξ
1268 3569 1460 3638 αὐτῆς.
1500 3568 1597 3631 Τίς
1645 3568 1755 3638 γὰρ
1799 3562 1922 3621 εῐπέ

353 3674 504 3722 ποτε,
536 3660 617 3711 ὅτι
661 3656 848 3726 ἑτέρου
893 3655 1037 3717 τινὸς
1068 3655 1176 3709 τῶν
1207 3656 1303 3709 ἀπ’
1333 3655 1527 3718 αἰῶνος
1564 3656 1784 3723 γέγονεν
1823 3654 1922 3707 ἀν·

353 3749 586 3822 θρώπων
632 3750 666 3820 ἡ
710 3748 1012 3818 Δεσποτικὴ
1058 3747 1214 3821 σάρξ,
1262 3746 1422 3818 τυχὸν
1462 3747 1497 3819 ἢ
1525 3745 1617 3799 τοῦ
1651 3744 1835 3811 Ἀδελ,
1884 3745 1919 3817 ἢ

354 3843 498 3909 Νῶε,
531 3843 565 3913 ἢ
627 3841 799 3908 Ἠλία,
831 3844 864 3913 ἡ
898 3859 1041 3905 τινος
1073 3842 1181 3895 τῶν
1224 3843 1317 3896 ἀπ’
1348 3839 1544 3903 αἰῶνος
1579 3837 1918 3911 ἀνθρώπωνς

349 3936 427 3988 υύ
461 3935 619 4006 μόνον
652 3934 709 3987 δὲ
743 3935 874 4006 περὶ
902 3934 1005 4004 τῆς
1035 3932 1370 4003 Δεσποτικῆς
1397 3932 1600 4002 σαρκὸς
1628 3931 1921 4000 ἀποφαινό-

352 4025 513 4098 μεθα,
556 4026 633 4091 ὡς
680 4027 740 4080 οὐ
781 4026 1004 4094 γέγονεν
1044 4025 1234 4097 ἑτέρου
1276 4025 1424 4088 τινὸς
1454 4022 1563 4078 τῶν
1592 4023 1688 4076 ἀπ’
1726 4023 1920 4088 αἰῶνος

347 4117 672 4192 ἀνθρώπων,
696 4117 813 4173 ἀλλ’
857 4117 1020 4173 αὐτοῦ
1046 4117 1138 4171 τοῦ
1168 4116 1369 4189 Κυρίου
1404 4115 1529 4181 ἰδία,
1562 4116 1656 4169 καὶ
1697 4116 1855 4187 μόνη,
1882 4116 1918 4186 ἡ

348 4211 687 4284 ἀσυγχύτως,
716 4212 810 4266 καὶ
838 4210 1157 4283 άχωρίστως
1185 4208 1444 4262 ἑνωθείσα
1471 4206 1548 4278 τῷ
1576 4206 1695 4277 Θεῷ
1721 4206 1879 4278 Λόγῳ
1902 4223 1916 4237 ·

348 4303 463 4357 ἀλλ’
493 4302 601 4357 οὐδ’
627 4305 660 4373 ἠ
691 4302 809 4366 ἑνὸς
836 4303 1066 4356 ἑκάστου
1099 4300 1255 4371 ἡμῶν
1288 4298 1423 4371 σάρξ
1444 4299 1635 4369 γέγονὲ
1660 4315 1812 4362 ποτε,
1843 4298 1922 4361 ὡς

349 4394 581 4465 ἔφαμεν,
626 4393 818 4464 ἑτέρου
865 4391 1031 4456 τινὸς,
1062 4391 1202 4463 πλὴν
1248 4390 1455 4444 ἑκείνου
1515 4385 1576 4444 οὗ
1608 4392 1725 4443 ἑστι
1764 4388 1917 4461 σάρξ.

350 4485 552 4541 Τούτου
579 4486 758 4540 τοίνυν
789 4486 937 4557 παρὰ
968 4487 1102 4539 πᾶσι
1142 4488 1255 4548 τοῖς
1292 4484 1393 4555 τῆς
1434 4483 1758 4555 Ἐκκλησίας
1788 4486 1919 4554 ὀμο-

2022 3292 2349 3358 militudine,
2382 3293 2479 3347 sed
2506 3292 2561 3347 in
2607 3291 2942 3346 humanitate
2969 3290 3184 3360 quidem
3212 3296 3432 3359 pr0pter
3468 3302 3587 3342 car-

2020 3399 2165 3449 nem,
2199 3384 2414 3439 divinus
2434 3393 2614 3439 autem
2638 3394 2892 3452 tanquam
2913 3397 3073 3453 supra
3095 3397 3213 3445 nos,
3240 3390 3294 3436 et
3321 3382 3389 3435 de
3408 3381 3588 3435 οωιοῖ

2019 3476 2086 3531 Ει
2145 3477 2344 3531 iterum
2380 3477 2432 3530 in
2466 3478 2706 3533 secundo
2734 3487 2883 3530 tomo
2912 3475 2995 3530 sic
3027 3474 3105 3528 ait
3138 3492 3150 3529 :
3183 3472 3393 3544 Corpus
3440 3473 3584 3527 enim

2019 3566 2137 3637 ejus
2164 3583 2274 3623 non
2320 3576 2441 3623 erat
2482 3566 2705 3623 alterius
2736 3567 2968 3637 alicujus
2997 3581 3028 3622 e
3079 3566 3250 3621 nostri
3298 3564 3583 3629 similibus,

2018 3659 2114 3713 sed
2172 3658 2354 3728 potius
2404 3658 2685 3728 proprium
2738 3657 2908 3726 ipsius
2961 3657 3280 3713 exsistentis
3313 3668 3381 3709 ex
3424 3653 3586 3708 Patre

2026 3745 2188 3803 Verbi
2211 3763 2277 3802 ex
2305 3760 2367 3801 ea
2408 3757 2618 3800 natum.
2645 3746 2779 3811 Quis
2806 3746 2949 3802 enim
2974 3745 3264 3815 aliquando
3292 3744 3426 3798 dixit
3461 3745 3586 3812 quia

2020 3837 2248 3893 alterius
2279 3834 2506 3903 alicujus
2532 3852 2565 3891 a
2602 3837 2803 3891 saeculo
2837 3836 3113 3890 hominum
3159 3835 3297 3889 facta
3336 3844 3421 3889 est
3460 3850 3587 3889 caro

2021 3925 2328 3996 Dominica,
2352 3928 2518 3982 veluti
2552 3926 2707 3995 Abel,
2745 3937 2841 3983 aut
2867 3926 2997 3992 Noe,
3043 3936 3137 3981 aut
3166 3927 3313 3991 Elim,
3350 3936 3444 3979 aut
3488 3941 3583 3981 cn-

2015 4020 2249 4091 juspiam
2283 4035 2313 4074 a
2343 4020 2540 4075 saeculo
2587 4019 2907 4075 hominum?
2936 4017 3052 4073 Non
3087 4017 3259 4074 solum
3308 4027 3488 4071 autem
3523 4019 3589 4071 de

2023 4112 2299 4167 Dominica
2326 4126 2489 4167 carne
2520 4111 2809 4167 deﬁnimus
2851 4111 2974 4180 quia
3005 4110 3152 4166 facta
3203 4125 3311 4164 non
3358 4119 3445 4164 est
3485 4125 3585 4163 cu-

2016 4204 2251 4274 juspiam
2271 4202 2497 4258 ulterius
2521 4203 2678 4273 191
2706 4219 2736 4257 a
2760 4202 2954 4259 saeculo
2977 4203 3276 4267 hominum,
3292 4203 3383 4256 sed
3416 4202 3586 4271 ipsius

2022 4294 2232 4350 Domini
2258 4295 2483 4364 propria
2505 4304 2560 4348 et
2584 4295 2723 4359 sola,
2758 4309 2878 4364 quae
2900 4291 3190 4347 inconfuse
3231 4303 3284 4347 et
3310 4292 3585 4359 insepara-

2022 4383 2204 4441 biliter
2233 4385 2383 4440 unita
2405 4393 2488 4440 est
2514 4385 2622 4439 Deo
2652 4384 2830 4439 Verbo
2858 4406 2870 4440 :
2904 4384 2996 4439 sed
3029 4398 3203 4454 neque
3247 4382 3591 4448 uniuscujus-

2022 4492 2131 4548 que
2154 4491 2286 4532 caro
2314 4477 2459 4530 facta
2485 4486 2569 4530 est
2600 4475 2915 4545 aliquando,
2968 4474 3107 4530 sicut
3143 4474 3478 4536 dicebamus,
3516 4473 3593 4526 al-

349 4579 697 4650 λογουμένου,
727 4578 777 4632 τί
803 4554 951 4649 αὐτῷ
986 4577 1232 4649 βούλεται
1277 4554 1627 4649 τδγσυνεχῶςν
1650 4577 1784 4631 ἰδίαν
1818 4578 1917 4630 αύ-

2026 4570 2196 4624 terius
2223 4567 2477 4638 alicujus,
2513 4568 2619 4624 nisi
2668 4569 2813 4624 illius
2840 4568 2995 4636 cuius
3031 4575 3116 4622 est
3154 4554 3305 4621 caro.
3338 4563 3454 4620 Hoc
3490 4567 3593 4619 ita-

350 4673 450 4742 τὴν
488 4670 688 4738 λέγειν,
723 4672 771 4723 εἰ
807 4670 881 4740 μὴ
909 4671 1017 4742 ἄρα
1050 4667 1255 4741 ἐξαίρει
1299 4670 1468 4742 αὐτὴν
1497 4669 1592 4723 τοῦ
1639 4664 1776 4722 εἶναι
1818 4667 1921 4738 τῆς

352 4764 623 4834 ἡμετέρας
660 4763 913 4832 φύσεως;
947 4763 1071 4827 Πῶς
1108 4762 1165 4816 δὲ
1206 4763 1301 4816 καὶ
1342 4764 1671 4835 ἀπαγορεύει
1708 4761 1781 4833 μὴ
1813 4761 1921 4814 δεῖν

350 4854 605 4922 λέγεσθαι
647 4853 998 4926 συνημμένην
1031 4855 1128 4925 μὲν
1153 4852 1302 4925 αὐτῷ
1335 4854 1475 4908 κατὰ
1498 4855 1595 4925 τὴν
1620 4852 1795 4918 ἀξίαν,
1828 4853 1922 4905 καὶ

350 4944 662 5009 αὑθεντίαν,
688 4945 852 5008 αὐτὸς
887 4944 1062 5013 λέγων
1090 4947 1148 4998 ἑν
1176 4942 1254 5014 τῷ
1294 4943 1493 5016 πρώτῳ
1534 4944 1718 5013 τόμῳ·
1765 4941 1922 4995 Οὕτω

354 5036 461 5107 γὰρ
494 5038 588 5090 καὶ
614 5040 776 5107 ἡμεῖς
802 5037 869 5108 τῇ
918 5037 1126 5089 ἑκείνου
1155 5037 1397 5105 πτωχείᾳ
1436 5034 1914 5105 πεπλουτήκαμεν,

350 5127 809 5197 ἀνακομισθείσης
840 5128 897 5180 ἑν
924 5125 1072 5196 αὐτῷ
1101 5126 1199 5195 τῆς
1232 5125 1572 5195 ἀνθρωπείας
1602 5124 1813 5191 φύσεως
1838 5125 1918 5186 εἰς

350 5217 568 5287 ἀξίωμα
618 5217 678 5270 τδ
719 5216 1039 5288 θεοπρεπὲς
1100 5216 1237 5269 Ἀλλ’
1283 5217 1442 5285 ἡμεῖς
1488 5215 1730 5283 εἴπωμεν
1772 5212 1920 5283 αὐτῷ

350 5311 747 5380 ἑναντιουμένῳ
780 5314 873 5363 καὶ
899 5309 1108 5379 ἑαυτῷ-
1142 5308 1206 5362 Εἰ
1229 5309 1408 5362 τοίνυν
1436 5309 1493 5361 αἰ
1518 5307 1706 5377 φύσεις
1737 5308 1924 5377 μένου-

354 5420 435 5457 σιν
484 5402 796 5472 ἁσύγχυτοι,
834 5402 982 5471 μένει
1012 5401 1067 5455 δὲ
1102 5401 1195 5453 κοιλ¹
1239 5402 1271 5471 ἡ
1300 5401 1524 5463 ἒνωσις·
1561 5399 1737 5470 φαμὲν
1766 5397 1823 5451 δὲ
1856 5398 1924 5451 τά

424 5583 468 5614 ³³
501 5583 696 5652 Ephes.
728 5599 785 5647 tt,
815 5582 867 5635 l3.

2021 4676 2128 4730 que
2154 4674 2277 4714 cum
2300 4662 2644 4729 apud;omnes
2675 4658 2929 4712 Ecclesiae
2960 4656 3097 4711 ﬁlios
3128 4656 3199 4711 sit
3225 4657 3278 4709 in
3317 4655 3591 4719 confesso,

2019 4750 2148 4820 quid
2182 4750 2285 4805 sibi
2319 4749 2458 4816 vult,
2488 4750 2628 4820 quod
2656 4762 2800 4819 saepe
2828 4749 3102 4819 propriam
3128 4761 3250 4801 eam
3274 4746 3443 4811 dicit,
3489 4745 3591 4800 nisi

2023 4843 2165 4898 forte
2207 4842 2419 4912 excepit
2452 4856 2573 4896 eam
2603 4857 2635 4895 a
2664 4850 2849 4896 nostra
2878 4851 3072 4893 natura
3100 4838 3123 4892 ?
3149 4837 3461 4909 .Quomodo
3496 4851 3592 4888 au-

2024 4944 2130 4989 tem
2170 4933 2335 4989 etiam
2380 4933 2700 5000 interdicit,
2754 4947 2823 4987 ne
2883 4932 3096 4987 dicatur
3144 4944 3439 4985 connexam
3473 4941 3596 4981 esse

2021 5026 2070 5079 ei
2109 5014 2403 5081 secundum
2441 5024 2761 5095 dignitatem
2803 5032 2857 5078 et
2888 5022 3295 5087 auctoritatem,
3328 5035 3451 5073 cum
3480 5019 3595 5087 ipsi:

2022 5118 2166 5173 dicat
2194 5118 2249 5172 in
2284 5118 2457 5188 primo
2486 5125 2628 5171 tomo
2660 5136 2674 5171 :
2714 5116 2806 5171 Sic
2828 5117 2973 5171 enim
3012 5126 3067 5170 et
3122 5128 3219 5169 nos
3278 5113 3420 5168 illius
3465 5129 3595 5183 puu-

2027 5219 2236 5278 pertate
2274 5209 2425 5263 ditati
2454 5224 2664 5275 sumus,
2707 5209 2921 5263 elevata
2951 5208 3007 5262 in
3039 5221 3104 5262 eo
3132 5207 3372 5263 humana
3402 5215 3595 5259 natura

2026 5300 2080 5355 in
2113 5299 2430 5370 dignitatem
2460 5300 2571 5356 Deo
2596 5300 3054 5356 convenientem?
3084 5298 3189 5354 Sed
3220 5312 3319 5352 nos
3352 5297 3596 5352 dicamus

2028 5397 2098 5465 ei,
2121 5397 2212 5466 qui
2241 5397 2565 5452 adversatur
2588 5397 2751 5452 etiam
2781 5393 2884 5451 sibi
2912 5394 3014 5464 ipsi
3053 5408 3066 5444 :
3098 5392 3156 5448 Si
3186 5393 3351 5462 igitur
3391 5399 3597 5444 natura:

1379 5731 1583 5785 .Variae
1611 5730 1872 5786 lectiones
1897 5745 1961 5784 ex
1993 5730 2181 5786 codice
2206 5729 2580 5802 Seguieriano.

426 5838 453 5878 γ
492 5827 612 5881 ἰδία.
693 5834 712 5863 ⁸
745 5823 1131 5890 συνεκάθισεν,
1166 5823 1275 5880 καί.

1353 5836 1375 5863 ι
1409 5822 1468 5875 τὸ
1507 5821 1601 5892 τὴν
1624 5822 1875 5879 ἑκάστου.
1952 5822 1979 5864 ιι
2017 5821 2091 5885 ὡς
2124 5821 2315 5890 ξένου..
2368 5834 2388 5863 ε
2414 5821 2674 5894 δηλονότι.

2750 5818 2776 5861 δ
2810 5822 2973 5889 ἴσως,
3016 5822 3072 5874 οὐ
3100 5820 3243 5874 καθ’.
