4116 6332
541 391 639 447 571

1525 384 1582 439 S.
1633 380 1914 438 CYillLLl
1951 375 2417 435 ALEXANDRINI
2458 372 2778 430 ARCHIEP.

3674 368 3783 425 37.3

540 502 833 558 inconfusae
861 509 1100 566 manent,
1124 516 1301 557 manet
1325 509 1503 554 autem
1534 510 1589 556 et
1623 501 1800 555 unitas
1825 516 1841 565 ;
1872 497 2102 555 dicimus

2216 496 2306 565 τῆς
2355 495 2802 566 προσκυνήσεως.
2852 488 2948 544 καὶ
2990 488 3288 560 δυνάμεως,
3330 502 3423 540 και
3464 482 3641 549 ἀξίας,
3688 490 3782 541 καὶ

540 610 669 648 vero
692 593 1084 659 adorationem,
1106 602 1161 647 et
1188 593 1467 657 virtutem,
1486 603 1544 646 et
1560 591 1902 660 dignitatem,
1930 601 1982 645 et
1999 604 2098 644 auo

542 686 872 748 ctnritatem,
902 694 1154 754 tanquam
1174 684 1265 738 uni
1286 682 1421 737 Filio
1442 682 1623 738 oﬂ'erri
1641 683 1861 747 debere,
1880 695 2101 736 manen-

545 778 689 829 tibus
724 774 935 828 naturis
972 774 1024 828 in
1062 775 1270 829 unitate
1312 773 1612 829 inconfusis
1644 790 1658 825 :
1696 774 1740 828 si
1772 773 1901 844 quid
1936 781 2105 828 restat

542 867 708 931 aliud,
746 866 887 934 quod
915 867 1203 921 certiorem
1244 868 1509 921 unitatem
1539 865 1810 935 exprimat
1857 875 1914 919 et
1954 865 2103 920 dabi-

545 974 686 1021 mus,
719 967 772 1011 et
803 958 1225 1023 consentiemus,
1256 968 1410 1012 extra
1455 956 1829 1012 confusionem
1860 956 2105 1013 videlicet

546 1058 885 1101 naturarum.
918 1046 1021 1101 Sed
1057 1046 1403 1117 perspicuum
1437 1053 1520 1102 est
1557 1047 1683 1115 quia
1717 1046 1765 1100 ei
1798 1046 1935 1101 nihil
1966 1046 2107 1102 suili-

545 1138 617 1191 cit
651 1138 717 1191 ad
748 1153 1015 1193 summam
1049 1138 1331 1202 unitatem,
1361 1137 1467 1192 nisi
1514 1145 1574 1191 ut
1609 1142 1831 1191 naturas
1881 1136 2106 1191 confun-

543 1228 652 1281 dat.
688 1226 792 1282 Sed
822 1242 920 1282 nos
951 1237 1173 1283 naturas
1197 1228 1415 1299 quidem
1441 1228 1767 1283 exsistentes
1794 1228 2107 1283 inconfusas

544 1319 904 1385 servabimus,
933 1319 1304 1388 unitatemque
1339 1334 1629 1383 summam,
1669 1328 1723 1373 et
1750 1319 1985 1374 divinam
2006 1360 2020 1385 ,
2051 1330 2106 1375 et

548 1410 701 1463 nobis
735 1409 1333 1478 incomprehensibilem
1379 1410 1742 1477 confitemur;
1797 1411 1982 1465 omnia
2038 1411 2105 1467 ad

546 1498 987 1568 gloriﬁcationem
1013 1509 1267 1569 tanquam
1288 1501 1394 1556 Deo
1415 1510 1471 1555 et
1500 1501 1589 1555 uni
1616 1500 1759 1556 Filio
1787 1500 2104 1569 offerentes,

548 1599 603 1643 ct
627 1591 869 1645 dicentes
898 1592 947 1645 ei
983 1592 1123 1646 beati
1152 1589 1297 1647 Petri
1327 1606 1514 1649 vocem
1566 1611 1579 1647 :
1636 1611 1654 1643 ι
1712 1590 1791 1647 Tu
1839 1605 1897 1647 es
1941 1592 2107 1649 Chrio

548 1689 663 1736 stus
689 1681 854 1738 Filius
889 1682 982 1738 Dei
1012 1682 1115 1737 vivi
1140 1681 1209 1737 “.
1243 1701 1263 1734 ι

1062 1792 1248 1864 Cyrillt'
1277 1794 1529 1865 defensio.

620 1905 1034 1962 Exacuebantur
1055 1908 1347 1978 aliquando
1369 1908 1435 1962 ad
1460 1909 1797 1965 iracundiam
1821 1910 2108 1966 scelestam

548 1997 792 2054 infelices
823 1996 1032 2066 Judaei,
1082 2002 1263 2055 animo
1318 2001 1586 2057 vulnerati
1632 2001 1850 2058 invidiae
1892 2002 2107 2072 iaculis.

548 2090 686 2157 Quia
717 2105 846 2146 vero
874 2106 1038 2162 super
1076 2092 1189 2147 haec
1233 2092 1397 2147 etiam
1430 2093 1621 2163 impias
1651 2094 1957 2151 inferebant
1997 2112 2111 2151 ma-

548 2195 650 2234 nus
676 2179 894 2236 Christo
931 2182 1171 2237 omnium
1196 2190 1441 2238 nostrum
1464 2182 1729 2239 Salvatori
1749 2225 1765 2248 ,
1812 2193 1977 2241 tantae
2017 2203 2113 2241 au-

549 2271 717 2325 daciae
739 2287 935 2327 causas
952 2286 1047 2329 eos
1069 2273 1522 2343 jubebatedicere
1543 2293 1557 2329 :
1578 2292 1597 2325 ι
1637 2274 1821 2339 Multa,
1840 2277 2109 2346 inquiens,

548 2360 689 2416 bona
718 2377 877 2431 opera
908 2365 1116 2419 ostendi
1169 2366 1321 2420 vobis
1353 2382 1419 2420 ex
1465 2365 1627 2420 Patre
1676 2382 1798 2423 meo
1826 2408 1842 2433 ,
1894 2380 2113 2440 propter

550 2454 695 2521 quod
717 2453 909 2509 borum
938 2469 1073 2524 opus
1094 2470 1178 2510 me
1204 2455 1454 2526 lapidatis
1477 2458 1566 2512 ιιι
1596 2460 1666 2513 At
1698 2459 1773 2516 illi
1804 2463 1875 2516 ad
1905 2470 2111 2516 tantam

553 2547 912 2602 temeritatem
936 2559 991 2603 et
1032 2548 1361 2618 impietatem
1399 2553 1791 2622 cogitationum
1823 2564 2109 2623 venerunt,

551 2646 610 2690 ut
652 2640 816 2693 etiam
866 2640 1187 2698 criminibus
1224 2644 1572 2713 blasphemia:
1622 2662 1744 2701 eum
1799 2649 2115 2705 molirentur

550 2727 907 2797 obstringere.
939 2730 1199 2787 Dicebant
1222 2734 1365 2788 enim
1406 2752 1420 2789 :
1463 2753 1484 2788 ι
1523 2734 1600 2791 De
1632 2735 1777 2793 bono
1813 2754 1977 2809 opere
2007 2756 2113 2794 non

551 2817 851 2885 lapidamus
879 2828 952 2883 te,
967 2821 1058 2875 sed
1093 2822 1156 2877 de
1182 2823 1531 2892 blasphemia,
1556 2825 1678 2888 quia
1703 2835 1780 2893 tu,
1811 2828 1970 2885 homo
1992 2844 2113 2884 cum

552 2905 647 2971 sis,
679 2908 812 2961 facis
842 2911 1068 2979 teipsum
1128 2911 1299 2968 Deum
1346 2913 1411 2967 ³⁸.
1451 2932 1470 2965 ι
1520 2914 1666 2969 Dixlt
1701 2926 1881 2972 autem
1913 2920 1980 2973 ad
2022 2932 2118 2975 eos

553 2996 834 3055 Salvator:
860 3017 880 3050 t
922 3000 1077 3070 192
1097 3000 1283 3058 Nonne
1300 3004 1560 3073 scriptum
1584 3014 1666 3060 est
1686 3007 1735 3059 in
1758 3006 1873 3076 lege
1900 3018 2112 3063 vestra:

553 3089 665 3160 Ego
700 3091 809 3146 dixi
848 3108 863 3147 :
913 3094 994 3149 Dii
1042 3093 1211 3150 estis?
1254 3094 1313 3151 Si
1344 3095 1465 3151 illos
1492 3096 1631 3152 dixit
1679 3099 1832 3162 deos,
1865 3098 1931 3155 ad
1981 3114 2116 3169 quos

2203 588 2511 651 αύθεντίας,
2541 586 2616 649 ὡς
2639 586 2719 639 ἑνὶ
2737 583 2852 654 Υίῷ
2882 578 3283 653 προσφέρεσθαι
3310 579 3477 644 ἀξιον,
3509 579 3783 649 μενουσῶν

2200 679 2309 732 τῶν
2354 676 2569 747 φύσεων
2608 676 2667 727 ὲν
2697 676 2763 744 τῇ
2796 670 2985 726 ὲνώσει
3014 668 3365 740 ἀσυγχύτων·
3416 668 3468 723 τί
3504 680 3527 708 ο
3567 668 3785 722 ὑπολεί-

2204 784 2364 821 πεται
2410 768 2619 836 ἓτερον,
2652 763 2686 835 ἦ
2738 762 3129 834 ἀκριϐέστερον
3160 760 3259 833 τὴν
3295 760 3315 800 ί
3371 761 3566 814 ἕνωσιν
3605 777 3779 831 χαρα-

2203 859 2475 932 κτηρίζει,
2500 859 2593 912 καὶ
2620 857 2885 926 δώσομεν,
2921 854 3013 909 καὶ
3061 852 3461 924 συνθησόμεθα,
3496 851 3654 912 ἐκτὸς
3681 851 3781 919 τῆς

2202 952 2313 1007 τῶν
2343 950 2559 1021 φύσεων
2607 948 2937 1018 συγχύσεως.
2993 946 3155 1000 Ἀλλά
3190 943 3459 1016 πρόδηλον
3508 944 3586 1006 ὡς
3630 941 3781 995 οὐδὲν

2205 1041 2353 1113 αὐτῷ
2377 1040 2598 1112 ἐξαρκεῖ
2619 1039 2679 1092 τὸ
2701 1040 2800 1111 τῆς
2844 1037 3090 1102 ἐνώσεως
3132 1036 3321 1106 ἀκρον,
3353 1034 3428 1107 μὴ
3453 1033 3552 1098 τὰς
3591 1032 3780 1103 φύσεις

2207 1131 2506 1202 συγχέοντι.
2553 1129 2692 1183 Ἀλλ’
2722 1131 2881 1201 ἡμεῖς
2911 1128 3011 1191 τάς
3047 1127 3146 1199 μὲν
3184 1126 3376 1197 φύσεις
3420 1124 3585 1191 οὔσας
3608 1126 3780 1192 ἀσυγ-

2205 1222 2399 1293 χύτους
2451 1221 2757 1292 φυλάξομεν
2803 1223 2862 1287 ε,
2912 1220 3007 1274 καὶ
3048 1219 3149 1291 τὴν
3196 1219 3392 1272 ἕνωσιν
3438 1218 3637 1289 ἄκραν,
3687 1218 3782 1270 καὶ⁹

2207 1315 2380 1380 θείαν,
2424 1314 2518 1368 καὶ
2568 1314 2699 1384 ἡμῖν
2740 1311 3124 1382 ἀκατάληπτον
3162 1306 3554 1380 ὁμολογοῦμεν,
3604 1306 3783 1361 πάντα

2208 1410 2287 1472 εἰς
2330 1404 2633 1474 δοξολογίαν
2665 1405 2740 1468 ὡς
2787 1401 2905 1474 Θεῷ
2938 1403 3033 1455 καὶ
3080 1401 3163 1455 ἑνὶ
3205 1399 3318 1471 Υίῷ
3360 1398 3779 1470 προσφέροντες,

2208 1497 2301 1551 καὶ
2328 1497 2576 1565 λέγοντες
2604 1493 2753 1565 αὐτῷ
2782 1492 2879 1564 τὴν
2905 1492 3001 1546 τοῦ
3026 1491 3295 1562 μακαρίου
3327 1490 3534 1559 Πέτρου
3564 1487 3780 1558 φωνήν·

2215 1608 2234 1641 ι
2270 1589 2341 1643 Σὺ
2368 1582 2419 1642 εἴ
2445 1590 2474 1641 6
2502 1587 2731 1658 Χριστός
2759 1587 2787 1638 6
2817 1585 2943 1648 Υἱὸς
2968 1582 3063 1637 τοῦ
3092 1581 3227 1637 Θεοῦ
3263 1580 3357 1635 τοῦ
3387 1579 3606 1646 ζῶντος.
3649 1598 3668 1632 ι

2664 1790 2986 1862 Ἀπολογία
3011 1790 3337 1859 Κυρίλλου.

2281 1910 2656 1982 Κατεθήγοντό
2678 1926 2807 1963 ποτε
2832 1908 2968 1979 πρὸς
2991 1906 3236 1971 ἀνοσίους
3257 1904 3428 1977 ὀργάς
3448 1904 3497 1957 οἱ
3523 1904 3632 1957 τῶν
3656 1904 3784 1957 Ἰου-

2208 2000 2370 2055 δαίων
2396 2000 2577 2071 δῆμοι,
2608 2002 2718 2063 τοῖς
2745 2000 2773 2039 h
2806 1998 2898 2053 τοῦ
2922 1997 3116 2067 φθόνου
3152 1996 3330 2067 βέλεσι
3359 1994 3449 2049 τὸν
3486 1993 3611 2048 νοῦν
3645 2011 3781 2047 κατ-

2209 2090 2598 2164 ηκοντισμένοι.
2618 2088 2836 2161 Ἐπειδὴ
2854 2088 2928 2157 δὲ,
2951 2087 3081 2159 πρὸς
3100 2086 3276 2153 τοῦτο,
3295 2086 3388 2140 καὶ⁹
3406 2085 3503 2149 τὰς
3525 2084 3786 2155 βεόήλους

2212 2183 2478 2254 ἐπέφερον
2506 2184 2693 2253 χεῖρας
2729 2179 2809 2250 τῷ
2840 2179 3056 2234 πάντων
3097 2178 3255 2250 ἡμῶν
3294 2176 3509 2247 Σωτῆρι
3539 2175 3781 2247 Χριστῷ,

2211 2278 2319 2331 τῶν
2346 2275 2600 2330 τοιούτων
2630 2273 2827 2335 αὐτοὺς
2852 2270 3217 2341 τολμημάτων
3262 2269 3358 2332 τὰς
3396 2268 3576 2331 αἰτίας
3608 2269 3786 2321 εἰπεῖν

2210 2370 2561 2435 διεκελεύετο,
2591 2367 2764 2439 λέγων
2786 2382 2801 2397 ’
2840 2384 2857 2418 t
2894 2363 3072 2417 Πολλά
3102 2362 3242 2416 καλά
3280 2361 3415 2433 ἔργα
3442 2360 3617 2425 ἔδειξα
3654 2361 3785 2430 ὑμῖν

2213 2465 2277 2516 ὲκ
2304 2460 2398 2516 τοῦ
2445 2459 2659 2533 Πατρός
2694 2475 2819 2529 μου,
2853 2455 2941 2510 διὰ
2972 2456 3124 2509 ποῖον
3168 2453 3344 2508 αὐτῶν
3375 2453 3535 2525 ἔργον
3559 2451 3659 2521 ἐμὲ
3698 2452 3781 2503 λι-

2215 2552 2434 2618 θάζετες
2469 2570 2487 2604 ι
2518 2552 2581 2605 Ol
2609 2549 2664 2604 δὲ
2689 2545 2824 2623 ἧκον
2849 2549 2930 2611 είς
2956 2546 3114 2600 τοῦτο
3136 2545 3453 2608 δυσϐουλίας
3478 2562 3536 2597 τε
3566 2542 3703 2614 ὁμοῦ
3733 2545 3782 2608 ί,

2214 2646 2308 2699 καὶ
2345 2644 2689 2713 ἀνοσιότητος
2720 2640 2959 2704 ἐννοιῶν,
2994 2639 3135 2693 ὥστε
3179 2640 3272 2693 καὶ
3303 2640 3414 2702 τοῖς
3445 2639 3543 2708 τῆς
3580 2636 3784 2707 δυσφη-

2217 2737 2346 2807 μίας
2372 2736 2682 2806 ὲγκλήμασι
2707 2732 3056 2805 περιϐάλλειν
3086 2732 3402 2803 ἐπεχείρουν
3426 2729 3471 2786 i.
3508 2731 3787 2799 Ἕφασκον

2214 2829 2355 2900 γάρ’
2411 2846 2430 2879 t
2476 2828 2613 2898 Περὶ
2651 2825 2815 2880 καλοῦ
2864 2825 3028 2897 ἔργου
3081 2825 3142 2878 οὐ
3187 2823 3476 2894 λιθάζομέν
3524 2838 3604 2885 σε,
3649 2820 3785 2875 ἀλλὰ

2215 2919 2343 2990 περὶ
2373 2917 2738 2988 βλασφημίας,
2770 2917 2850 2969 ὅτι
2888 2917 2975 2982 σὺ,
2998 2914 3281 2985 ἄνθρωπος
3300 2912 3396 2975 ὢν,
3423 2914 3593 2975 ποιεῖς
3626 2928 3783 2965 σεαυ-

2213 3010 2306 3062 τὸν
2352 3010 2505 3063 Θεόν.
2548 3028 2566 3061 ι
2618 3009 2762 3078 Ἔφη
2810 3006 2869 3059 δέ
2921 3023 3023 3059 που
3060 3005 3196 3075 πρὸς
3231 3004 3429 3067 αὐτοὺς
3478 3005 3508 3056 ὁ
3560 3003 3780 3073 Σωτήρ·

2224 3119 2242 3150 ι
2297 3099 2410 3153 Οὐκ
2456 3098 2573 3151 ἐστι
2604 3095 2986 3167 γεγραμμένον
3019 3095 3078 3147 ὲν
3108 3093 3186 3163 τῷ
3221 3093 3370 3163 νόμῳ
3411 3090 3595 3161 ὑμῶν·
3645 3088 3787 3159 Ἐγὼ

553 3198 732 3240 sermo
762 3186 855 3241 Dei
888 3185 1065 3242 factus
1093 3198 1197 3255 est,
1218 3196 1273 3243 et
1297 3203 1401 3244 non
1427 3197 1604 3258 potest
1630 3190 1766 3246 solvi
1792 3190 2108 3262 Scriptura:

2219 3189 2368 3255 εἶπα,
2398 3190 2519 3243 Θεοί
2546 3192 2700 3254 ὲστε;
2744 3188 2805 3242 Εἰ
2833 3186 3073 3249 ἐκείνους
3100 3180 3219 3237 εἷπε
3245 3183 3422 3246 θεοὺς,
3452 3182 3588 3252 πρὸς
3624 3180 3714 3244 οὓς
3754 3181 3787 3231 6

552 3292 713 3343 quem
744 3276 904 3333 Pater
938 3280 1316 3345 sanctiﬁcavit,
1348 3291 1403 3335 et
1430 3282 1578 3337 misit
1609 3282 1661 3336 in
1704 3284 1985 3350 mundum,
2018 3299 2115 3339 vos

553 3369 734 3423 dicitis
802 3371 930 3439 quia
981 3371 1379 3441 Blaspbemas,
1426 3373 1551 3443 quia
1608 3373 1756 3437 dixi,
1811 3373 1978 3429 Filius
2021 3374 2114 3428 Dei

554 3475 673 3515 sum
687 3460 769 3514 a7‘!
797 3480 816 3512 ι
840 3459 945 3515 Nos
965 3476 1094 3517 vero
1116 3462 1401 3533 diligenter
1424 3472 1829 3533 perscrutantes
1845 3464 2117 3521 missionis

560 3550 785 3606 formam
811 3592 826 3617 ,
863 3554 931 3608 de
978 3567 1084 3622 qua
1115 3553 1203 3609 hic
1232 3554 1431 3610 dicitur
1484 3570 1515 3610 e
1567 3557 1739 3612 sacris
1776 3555 2075 3626 Scripturis
2099 3598 2115 3623 ,

555 3643 673 3711 ejus
698 3644 775 3697 rei
803 3644 1084 3699 scientiam
1113 3646 1433 3714 colligimus.
1471 3648 1612 3701 Dicit
1664 3649 1827 3716 igitur
1860 3650 1972 3719 ipse
2022 3666 2118 3721 per

557 3749 743 3789 vocem
772 3735 924 3790 Isaia:
952 3751 967 3790 :
1004 3755 1025 3788 t
1049 3737 1282 3807 Spiritus
1314 3737 1519 3793 Domini
1542 3754 1705 3809 super
1732 3756 1818 3796 me
1850 3758 1865 3794 :
1901 3750 2118 3812 prapter

557 3824 697 3892 quod
728 3825 881 3879 unxit
904 3840 1008 3890 me,
1041 3826 1410 3896 evangelizare
1453 3828 1781 3897 pauperibus
1825 3830 1970 3884 misit
2011 3845 2117 3894 me,

559 3925 613 3969 et
652 3916 944 3983 przedicare
968 3917 1193 3984 captivis
1236 3918 1634 3985 remissionem,
1688 3929 1743 3974 et
1773 3921 1930 3975 caecis
1961 3922 2120 3976 resti-

562 4008 822 4062 tutionem
857 4008 1006 4063 visus
1041 4010 1109 4065 ³⁸.
1146 4029 1166 4062 ι
1209 4009 1433 4066 Missum
1477 4026 1608 4066 vero
1647 4012 1882 4068 dicimus
1922 4010 2117 4068 Filium

558 4117 591 4153 a
617 4099 805 4165 Patre,
844 4099 1043 4156 factum
1070 4104 1363 4159 hominem.
1408 4103 1580 4159 Valde
1620 4104 1766 4158 enim
1814 4114 2121 4174 congruunt

558 4192 941 4247 exinanitionis
956 4192 1222 4247 mensuris
1248 4193 1526 4249 missionis
1546 4208 1743 4249 nomen
1767 4200 1822 4247 et
1849 4207 1960 4249 res.
1992 4191 2121 4248 Mis-

557 4301 675 4339 smn
709 4286 893 4354 itaque
922 4296 1041 4350 est,
1084 4286 1241 4340 sicuti
1288 4286 1422 4351 dixi,
1469 4301 1574 4340 non
1601 4286 1801 4340 nudum
1835 4295 1890 4340 et
1919 4287 2122 4356 absque

557 4389 717 4429 carne
741 4374 994 4441 Verbum,
1011 4376 1149 4442 quod
1168 4384 1251 4431 est
1265 4392 1331 4432 ex
1351 4377 1463 4431 Deo
1482 4374 1660 4439 Patre;
1680 4376 1773 4429 sed
1790 4370 2123 4430 nativitatem

564 4467 739 4532 potius
772 4467 1065 4520 secundum
1101 4480 1318 4521 carnem
1348 4468 1587 4530 subiens,
1622 4466 1674 4521 id
1702 4477 1806 4528 est.
1835 4481 2031 4536 corpus
2057 4482 2123 4520 ex

2213 3283 2370 3352 λόγος
2412 3282 2506 3335 τοῦ
2538 3280 2671 3334 Θεοῦ
2716 3278 2952 3349 ἐγένετο,
2999 3276 3093 3330 καὶ
3123 3276 3185 3329 ού
3225 3273 3449 3327 δύναται
3488 3272 3715 3341 λυθῆναι
3748 3274 3782 3343 ἠ

2216 3373 2427 3444 Γραφὴ.
2470 3372 2529 3425 ὃν
2559 3373 2588 3424 6
2617 3371 2804 3441 Πατὴρ
2833 3369 3053 3441 ἡγίασε,
3100 3368 3191 3422 καὶ
3232 3364 3550 3421 ἀπέστειλεν
3590 3365 3669 3427 είς
3694 3363 3787 3417 τὸν

2217 3466 2450 3536 κόσμον,
2491 3466 2647 3535 ὑμεῖς
2689 3463 2912 3531 λέγετε,
2942 3463 3026 3515 ὅτι
3070 3459 3447 3530 Βλασφημεῖς,
3477 3458 3559 3511 ὅτι
3612 3452 3787 3520 εἷπον,

2219 3560 2346 3622 Υἱὸς
2386 3555 2521 3610 Θεοῦ
2552 3558 2701 3627 εἰμι;
2739 3575 2758 3609 ι
2790 3553 3283 3625 Περιεργαζὸμενοι
3311 3552 3368 3605 δὲ
3391 3552 3554 3622 ἡμεῖς
3580 3549 3678 3618 τῆς
3703 3548 3787 3600 ὲν-

2217 3648 2344 3702 θάδε
2374 3647 2674 3718 λεγομένης
2711 3644 3011 3713 ἀποστολῆς
3038 3643 3130 3697 τὸν
3150 3642 3369 3715 τρόπον,
3399 3643 3464 3694 ὲκ
3495 3639 3602 3693 τῶν
3628 3638 3788 3709 ἱερῶν

2218 3740 2257 3793 Γ
2263 3740 2564 3811 ραμμάτων
2594 3736 2691 3806 τὴν
2720 3737 2811 3789 ἐπὶ
2845 3734 2978 3807 τῷδε
3005 3734 3202 3802 γνῶσιν
3228 3730 3608 3803 ὲρανιζόμεθα.
3640 3730 3786 3798 Ἔφη

2218 3831 2394 3885 τοίνυν
2429 3830 2591 3892 αὐτὸς
2617 3828 2707 3881 διὰ
2735 3829 2915 3898 φωνῆς
2962 3827 3182 3879 Ἡσαΐου
3206 3840 3218 3853 ·
3259 3842 3278 3875 t
3329 3820 3553 3891 Πνεῦμα
3583 3819 3788 3890 Κυρίου

2220 3923 2306 3975 ἐπ’
2339 3920 2439 3991 ἐμέ
2461 3936 2474 3950 ’
2505 3913 2565 3973 οῦ
2594 3919 2778 3971 ἕνεκεν
2805 3914 2989 3987 ἔχρισέ
3032 3931 3099 3985 με
3120 3930 3131 3941 ·
3162 3907 3611 3981 εὐαγγελίσασθαι
3644 3924 3789 3963 πτω-

2221 4018 2334 4086 χοῖς
2372 4010 2678 4067 ἀπέσταλκέ
2735 4026 2835 4079 με,
2883 4006 3115 4076 κηρύξαι
3163 4001 3526 4073 αἰχμαλώτοις
3575 4000 3788 4067 ἄφεσιν,

2222 4105 2317 4158 καὶ
2345 4104 2565 4170 τυφλοῖς
2592 4097 2903 4166 ἀνάϐλεψιν.
2941 4113 2958 4146 ι
3002 4092 3358 4148 Ἀπεστάλθαι
3389 4090 3447 4144 δέ
3493 4106 3672 4159 φαμεν
3697 4086 3790 4139 τὸν

2223 4195 2350 4249 Υἱὸν
2372 4193 2522 4263 παρά
2547 4191 2637 4244 τοῦ
2670 4190 2902 4260 Πατρὸς,
2928 4186 3215 4257 γενόμενον
3242 4184 3525 4255 ἄνθρωπον
3544 4200 3557 4213 ·
3591 4180 3790 4252 πρέποι

2223 4287 2332 4358 γὰρ
2360 4286 2425 4340 ἂν
2453 4285 2545 4338 καὶ
2575 4283 2717 4353 μάλα
2747 4279 2921 4353 ὀρθῶς
2960 4281 3072 4342 τοῖς
3110 4278 3208 4348 τῆς
3249 4274 3534 4336 κενώσεως
3574 4273 3791 4344 μέτροις

2223 4379 2407 4447 τὸτῆς
2434 4374 2737 4443 ἀποστολῆς
2783 4370 2952 4443 ὄνομά
2996 4387 3053 4423 τε
3097 4370 3189 4423 καὶ
3227 4368 3436 4439 χρῆμα.
3485 4362 3788 4432 Ἀπεστὰλη

2226 4471 2302 4535 δὲ,
2334 4469 2408 4531 ὡς
2436 4468 2592 4538 ἔφην,
2620 4466 2679 4519 οὐ
2714 4463 2940 4535 γυμνὸς,
2980 4462 3074 4516 καὶ
3100 4461 3337 4531 ἄσαρκος
3363 4461 3392 4511 6
3423 4458 3488 4509 ὲκ
3522 4455 3656 4509 Θεοῦ
3682 4456 3791 4507 Πα-

562 4565 751 4611 sancta
776 4552 994 4627 Virgine
1017 4568 1352 4627 assumptum
1386 4557 1731 4615 ineﬂabiliter
1756 4569 1812 4613 et
1843 4560 2114 4613 inconfuse

2227 4562 2351 4633 τρὸς
2381 4560 2573 4627 Λόγος,
2604 4557 2852 4627 γέννησιν
2881 4555 2938 4607 δὲ
2970 4551 3167 4623 μᾶλλον
3198 4548 3494 4619 ὑπομείνας
3526 4547 3624 4617 τὴν
3654 4544 3793 4598 κατά

558 4650 659 4702 sibi
690 4649 907 4713 uniens,
931 4650 1074 4704 sicut
1108 4650 1408 4719 saepissime
1440 4651 1673 4706 diximus
1696 4693 1711 4717 ,
1758 4671 1776 4703 ε
1814 4651 1990 4704 illuxit
2021 4667 2119 4703 no-

560 4743 647 4797 bis
686 4743 825 4797 Deus
856 4742 1140 4808 Dominus,
1179 4761 1197 4794 ›
1233 4745 1526 4800 secundum
1553 4745 1863 4816 Scripturas
1885 4746 1950 4797 ”.
1994 4743 2124 4798 Pro-

562 4835 739 4903 prium
766 4836 932 4904 igitur
962 4851 1160 4906 corpus
1181 4838 1410 4893 dicimus
1459 4838 1657 4893 factum
1690 4854 1811 4895 esse
1841 4838 2022 4903 Verbi,
2067 4847 2126 4892 et

562 4942 668 4981 non
727 4928 961 4984 hominis
1018 4928 1247 4996 alicujus
1289 4931 1517 4985 seorsim
1569 4941 1625 4984 et
1675 4938 1958 4998 separate,
2006 4938 2127 4982 tan-

560 5035 723 5085 quam
764 5018 901 5074 alius
932 5029 1130 5089 praeter
1161 5020 1310 5075 illum
1345 5022 1594 5076 Christus
1623 5030 1679 5076 et
1720 5021 1888 5076 Filius
1927 5020 2127 5076 intelli-

566 5122 750 5179 gatur.
804 5112 1268 5177 Quemadmodum
1310 5122 1490 5167 autem
1544 5114 1968 5182 uniuscujusque
2033 5129 2127 5168 no-

564 5213 735 5256 strum
769 5205 1042 5272 proprium
1073 5204 1269 5258 dicitur
1317 5218 1534 5273 corpus,
1567 5205 1709 5273 quod
1757 5205 1973 5275 proprie
2010 5204 2127 5273 ejus

564 5303 666 5359 est,
701 5294 774 5347 ita
802 5303 858 5348 et
885 5295 938 5349 in
973 5310 1081 5349 uno
1112 5294 1332 5352 Christo
1372 5304 1457 5352 est
1496 5294 1925 5366 intelligendum.
1983 5295 2115 5349 Nam

2209 4654 2428 4724 _odpm,
2465 4653 2582 4721 ἦτοι
2624 4649 2783 4717 σῶμα
2827 4644 3004 4700 λαϐὼν
3037 4647 3100 4696 ὲκ
3144 4643 3242 4713 τῆς
3286 4640 3445 4709 ἁγίας
3490 4636 3791 4708 Παρθένου,

2230 4742 2387 4797 τοῦτὸ
2422 4759 2481 4796 τε
2529 4741 2819 4811 ἀφράστως
2862 4736 2957 4789 καὶ
2989 4733 3307 4804 ἀσυγχύτως
3355 4729 3559 4791 ένὼσας
3595 4726 3793 4795 ἑαυτῷ,

2232 4836 2376 4889 καθὰ
2407 4834 2722 4894 πλειστάκις
2743 4831 3064 4902 εἰρήκαμεν,
3098 4847 3116 4878 (
3148 4825 3415 4893 ὲπέφανεν
3439 4824 3570 4893 ἡμῖν
3608 4822 3637 4874 6
3664 4819 3796 4881 Θεὸς

2231 4927 2455 4998 Κύριος,
2508 4946 2526 4979 ι
2582 4924 2724 4978 κατά
2773 4922 2870 4986 τὰς
2909 4920 3151 4992 Γραφάς.
3205 4917 3366 4970 Ἰδιον
3403 4910 3495 4970 οὖν
3534 4914 3595 4967 τὸ
3638 4910 3796 4981 σῶμά

2234 5036 2414 5089 φαμεν
2442 5016 2699 5086 γενέσθαι
2725 5014 2819 5068 τοῦ
2862 5013 3055 5081 Λόγου,
3085 5010 3180 5064 καὶ
3205 5010 3306 5062 οὐκ
3337 5003 3627 5077 ἀνθρώπου
3654 5001 3797 5064 τινὸς

2235 5110 2436 5173 ίδικῶς,
2469 5110 2563 5162 καὶ
2593 5105 3010 5178 κεχωρισμένως
3046 5102 3231 5171 ἐτέρου
3280 5100 3409 5169 παρ’
3452 5096 3613 5151 αὑτὸν
3645 5111 3797 5149 νοου-

2238 5205 2396 5273 μένου
2446 5198 2680 5271 Χριστοῦ
2731 5197 2825 5250 καὶ
2879 5194 3029 5249 Υἱοῦ.
3090 5195 3299 5263 Ὥσπερ
3353 5190 3409 5243 δὲ
3463 5188 3591 5247 ἴδιον
3638 5184 3798 5273 ἡμῶν

2225 5272 2451 5347 ἕκαστον
2498 5289 2714 5358 λέγεται
2755 5285 2913 5356 σῶμα
2964 5282 3024 5339 τὸ
3073 5280 3252 5344 ἰδικῶς
3283 5276 3471 5341 αὐτοῦ,
3515 5275 3657 5329 οὕτω
3703 5272 3798 5327 καὶ

635 5451 679 5481 ³⁸
720 5453 907 5506 Matth.
940 5469 1060 5514 xvt.
1098 5455 1182 5511 I6.
1262 5455 1305 5487 ³³
1338 5451 1495 5509 Joan.
1526 5470 1587 5519 x,
1616 5456 1705 5510 52.
1794 5453 1839 5485 ³⁸
1870 5454 1998 5510 ibid.
2025 5452 2112 5508 55.
2205 5452 2246 5483 ³⁷
2275 5451 2402 5506 ibid.
2438 5450 2624 5505 54-56.
2716 5446 2761 5479 ³⁸
2791 5447 2892 5503 lsa.
2924 5456 3041 5506 LXI,
3076 5441 3092 5492 I
3121 5478 3137 5503 ,
3171 5436 3240 5503 2;
3280 5434 3410 5491 Luc.
3436 5448 3521 5498 tv,
3558 5432 3619 5488 l8
3642 5468 3659 5495 .
3710 5429 3799 5483 19.

569 5520 614 5551 "
640 5520 779 5576 Psal.
809 5539 971 5590 cxvtt,
1001 5526 1090 5579 ‘27.

1628 5653 1803 5709 Variae
1828 5653 2087 5709 lectiones
2111 5666 2173 5706 ex
2203 5648 2388 5705 codice
2415 5646 2783 5718 Seguieriauo.

642 5810 665 5842 ο
695 5800 777 5853 ἵσ.
811 5798 948 5852 εἴτε.
1030 5797 1049 5836 ί
1087 5799 1111 5851 ὃ
1145 5797 1533 5869 ἀκριϐεστέραν
1565 5796 1678 5867 τήν.
1759 5796 1781 5833 ε
1811 5791 2151 5862 φυλάξωμεν.

2227 5791 2256 5832 h
2284 5788 2502 5853 τάλανες
2545 5786 2801 5852 Ἰουδαῖοι,
2834 5786 2958 5850 τοῖς.
3042 5782 3057 5825 ἱ
3090 5780 3220 5854 ἅμα.
3303 5777 3315 5830 i
3352 5778 3665 5849 ἐπξχειρεῖν.
