4116 6332
347 379 453 437 573

950 389 1486 453 APOLOGETICUS
1522 394 1658 452 Ριιο
1698 395 1801 450 Xll'
1825 395 2195 456 CAPITIBUS
2234 400 2512 459 CONTRA
2551 402 3009 461 ORIENTALES.

3486 399 3593 455 574

347 500 438 551 ἐπὶ
467 499 560 553 τοῦ
580 500 698 566 ἑνὸς
730 503 967 574 Χριστοῦ
987 510 1226 577 νοητέον.
1253 511 1445 564 Καίτοι
1472 510 1580 582 γάρ
1598 512 1845 582 ὑπάρχον
1863 513 1923 566 τὸ

2034 518 2271 587 quamvis
2300 522 2372 573 sit
2429 522 2634 575 nostris
2666 521 2983 591 corporibus
3011 524 3320 589 cognatum,
3364 517 3465 570 hoc
3505 528 3591 572 est

343 592 456 652 τοῖς
482 592 772 664 ἡμετέροις
820 595 1067 666 σώμασιν
1107 601 1389 669 ὁμογενὲς,
1420 603 1587 673 ῆγουν
1635 602 1919 672 ὁμοούσιον

348 682 691 752 (γεγέννηται
722 686 831 757 γὰρ
857 688 920 740 ὲκ
947 691 1245 758 γυναικὸς),
1288 692 1415 746 ι’διον
1441 693 1626 758 αὑτοῦ,
1653 694 1727 758 ὡς
1759 695 1916 765 ἔφην,

348 775 548 825 νοεῖται
598 775 692 828 καὶ
737 775 974 844 λέγεται.
1039 779 1256 851 Ἐπειδὴ
1301 782 1359 835 δὲ
1407 782 1520 855 ζωὴ
1564 785 1707 838 κατὰ
1757 787 1920 854 φύσιν

350 862 494 916 ἐστὶν
534 862 564 914 6
604 863 667 916 ὲκ
716 864 851 919 Θεοῦ
896 869 1109 939 Πατρὸς
1146 871 1339 939 Λόγος,
1368 873 1629 935 ζωοποιδν
1675 876 1920 947 ἀπέφηνε

348 954 447 1024 τὴν
475 954 666 1008 ἑαυτοῦ
715 958 923 1028 σάρκα·
964 961 1219 1033 ταύτῃτοι
1253 963 1475 1032 γέγονεν
1514 967 1646 1036 ἡμῖν
1701 967 1920 1035 εὐλογία

351 1042 630 1108 ζωοποιός.
674 1047 783 1099 Καὶ
826 1049 955 1116 γοῦν
991 1051 1232 1121 ἔφασκεν
1277 1057 1307 1108 6
1350 1058 1620 1127 Χριστόςο
1656 1075 1677 1110 ι
1723 1059 1917 1131 Ἀμὴν,

348 1134 495 1201 ἀμὴν
524 1131 666 1201 λέγω
707 1136 858 1206 ὑμῖν,
892 1138 1004 1206 ἐγώ
1028 1142 1145 1211 είμι
1171 1144 1199 1196 6
1230 1143 1392 1214 ἄρτος
1427 1148 1455 1198 6
1500 1145 1628 1213 ζῶν,
1664 1148 1692 1199 6
1720 1150 1785 1201 ὲκ
1824 1147 1920 1201 τοῦ

350 1223 576 1294 οὐρανοῦ
624 1226 884 1292 καταϐὰς,
937 1231 1030 1283 καὶ
1075 1231 1220 1304 ζωὴν
1273 1233 1448 1298 διδοὺς
1492 1236 1568 1306 τῷ
1615 1238 1841 1308 κόσμῳ⁹
1897 1256 1914 1289 ι

352 1318 446 1369 καὶ
473 1318 632 1372 πάλιν
653 1337 665 1349 ⁸
716 1341 734 1372 ι
773 1322 880 1376 Καὶ
906 1324 935 1377 6
970 1324 1131 1395 ἄρτος
1164 1326 1241 1390 δὲ,
1271 1327 1330 1379 ὃν
1368 1327 1478 1395 ὲγὼ
1508 1327 1687 1394 δώσω,
1720 1332 1753 1399 ὴ
1786 1328 1924 1399 σάρξ

353 1408 454 1477 μού
477 1410 643 1476 ἔστιν,
678 1413 815 1484 ὑπὲρ
838 1414 939 1485 τῆς
976 1416 1068 1468 τοῦ
1116 1417 1321 1488 κόσμου
1350 1418 1545 1490 ζωῆς.»
1583 1422 1692 1474 Καὶ
1721 1421 1884 1474 πάλιν
1904 1437 1917 1451 ·

355 1518 375 1550 ι
433 1501 491 1554 ὐ
532 1501 765 1573 τρώγων
809 1522 910 1576 μου
955 1506 1052 1577 τὴν
1106 1509 1318 1579 σάρκα,
1361 1512 1457 1562 καὶ
1499 1512 1671 1564 πίνων
1716 1528 1819 1581 μου
1861 1511 1923 1564 τὺ

350 1588 507 1662 αἷμα,
532 1597 589 1648 ὲν
616 1596 740 1665 ἐμοὶ
775 1596 949 1667 μένει,
971 1598 1128 1667 κάγὼ
1157 1601 1216 1652 ὲν
1256 1601 1426 1671 αὐτῷ.
1464 1620 1484 1654 ι
1514 1600 1703 1672 ’Λθρει
1733 1602 1797 1674 δὴ
1831 1598 1924 1657 οὖν

350 1687 498 1749 ὅπως
534 1687 808 1758 πανταχοῦ
838 1690 1029 1744 ἑαυτοῦ
1059 1691 1219 1762 σῶμα
1247 1693 1307 1746 τὸ
1336 1696 1401 1745 ἐκ
1425 1694 1683 1762 γυναικὸς
1725 1695 1924 1765 ὀνομά-

351 1777 434 1840 ζει
467 1776 554 1830 διὰ
592 1778 691 1849 τὴν
734 1782 816 1844 εἰς
857 1782 1025 1853 ἀκρον
1065 1782 1275 1837 ἕνωσιν.
1324 1783 1524 1838 Τοῦτον
1568 1785 1785 1856 ἔχοντος
1827 1785 1922 1839 τοῦ

2022 609 2477 665 consubstantiaie
2496 611 2705 680 (natum
2737 613 2879 667 enim
2916 628 2979 665 ex
3001 609 3228 665 muliere
3253 617 3333 661 est
3356 606 3594 677 ‘°),pro-

2021 701 2195 768 prium
2226 702 2364 771 ejus,
2413 715 2471 758 ut
2507 705 2663 774 dixi,
2726 705 3055 776 intelligitur
3096 710 3150 759 et
3190 702 3408 757 dicitur.
3456 703 3590 770 Quia

2022 801 2201 847 autem
2235 795 2343 848 vita
2380 797 2681 851 secundum
2717 805 2966 852 naturam
2998 807 3082 851 est
3114 797 3349 852 Verbum
3378 835 3394 861 ,
3444 794 3588 865 quod

2022 896 2089 936 ex
2106 880 2216 939 Deo
2237 883 2401 940 Patre
2416 895 2520 952 est,
2538 887 2942 942 viviﬁcatricem
2968 888 3131 943 elIicit
3150 902 3306 942 suam
3327 901 3543 941 carnem
3572 900 3585 935 :

2021 983 2076 1027 et
2104 975 2203 1028 hac
2239 976 2450 1031 ratione
2484 977 2683 1033 factum
2704 988 2788 1034 est
2822 980 2977 1034 nobis
3009 977 3320 1033 benedictio
3354 973 3594 1029 vivifica-

2025 1064 2151 1121 trix.
2176 1065 2409 1121 Proinde
2435 1067 2681 1122 Christus
2712 1069 2964 1123 dicebat:
3006 1087 3025 1121 ι
3062 1068 3255 1131 Amen,
3286 1081 3443 1119 amen
3475 1063 3595 1118 dico

2023 1156 2193 1221 vobis,
2216 1173 2316 1227 ego
2338 1174 2454 1212 sum
2476 1161 2629 1229 panis
2653 1161 2825 1227 vivus,
2866 1161 2956 1229 qui
2987 1160 3054 1214 de
3077 1159 3216 1215 caelo
3234 1157 3512 1221 descendi,
3540 1165 3594 1207 et

2023 1247 2338 1303 vitamdans
2360 1253 2555 1305 mundo
2580 1251 2621 1282 “
2654 1268 2668 1316 ;
2712 1270 2731 1302 ι
2791 1261 2845 1304 et
2877 1266 3065 1306 rursus
3099 1268 3113 1305 :
3157 1271 3175 1301 ι
3216 1250 3378 1304 Panis
3429 1263 3589 1316 quem

2024 1348 2124 1403 ego
2143 1335 2300 1401 dabo,
2318 1351 2448 1390 caro
2470 1352 2585 1392 mea
2599 1347 2702 1402 est,
2722 1352 2820 1407 pro
2845 1338 3027 1392 mundi
3049 1341 3155 1392 vita
3173 1338 3239 1404 ";
3255 1357 3273 1389 ι
3294 1337 3552 1392 etiterum
3578 1358 3591 1390 :

2030 1443 2049 1475 ι
2083 1425 2183 1492 Qui
2210 1428 2499 1483 manducat
2527 1444 2703 1483 meam
2726 1444 2972 1497 carnem,
3001 1439 3056 1485 et
3071 1430 3209 1485 bibit
3236 1444 3412 1483 meum
3438 1427 3595 1497 193

2024 1518 2345 1587 sanguinem
2373 1558 2389 1583 ,
2425 1520 2477 1574 in
2511 1534 2597 1575 me
2637 1530 2862 1585 manet,
2914 1530 2969 1575 et
2994 1536 3092 1590 ego
3124 1521 3175 1574 in
3205 1534 3272 1575 eo
3304 1520 3373 1573 ⁸³.
3409 1538 3428 1571 ι
3462 1518 3597 1571 Vide

2026 1605 2496 1677 igitur,quomodo
2524 1610 2725 1677 ubique
2751 1624 2903 1663 suum
2935 1623 3135 1678 corpus
3161 1608 3290 1662 illud
3324 1624 3354 1662 e
3374 1606 3599 1661 muliere

2026 1707 2361 1767 assumptum
2379 1700 2622 1754 nominat
2638 1711 2860 1769 propter
2876 1715 3142 1755 summam
3162 1699 3446 1753 unitatem.
3473 1697 3600 1751 llaec

2026 1804 2149 1843 cum
2182 1790 2255 1844 sit
2295 1790 2538 1860 mysterii
2585 1792 2743 1856 ratio,
2775 1791 2827 1844 in
2881 1789 3221 1860 expositione
3269 1804 3367 1842 sua
3407 1800 3596 1840 rursus

350 1868 652 1938 μυστηρίου
683 1869 775 1922 τὸν
818 1870 994 1939 λόγον,
1028 1872 1088 1924 ἐν
1134 1873 1392 1945 ἐξηγήσει
1427 1875 1587 1929 πάλιν
1622 1876 1727 1949 ίδίᾳ
1761 1878 1924 1948 φησιν

2034 1880 2103 1935 ait
2132 1879 2415 1935 Nestorius
2446 1896 2459 1933 :
2498 1880 2739 1953 (Audite,
2776 1882 2973 1952 inquit,
3006 1880 3344 1935 attendentes
3389 1880 3548 1932 verba
3580 1893 3596 1931 :

351 1962 380 2011 6
417 1960 742 2030 Νεστόριοςο
785 1962 1114 2033 (Ἀκούσατε
1166 1966 1367 2031 τοίνυν,
1402 1967 1759 2039 προσέχοντες
1813 1971 1924 2034 τοῖς

353 2055 568 2123 ῥητοῖς·
596 2070 625 2113 ,ι
678 2052 740 2108 Ὁ
770 2055 999 2124 τρώγων
1030 2074 1155 2127 μου,
1189 2059 1341 2128 φησὶ,
1378 2060 1477 2129 τὴν
1506 2060 1703 2131 σάρκα.
1737 2080 1756 2113 ι
1779 2062 1928 2131 Μνη-

355 2145 609 2212 μονεύετε
635 2146 716 2200 ὅτι.
748 2149 874 2217 περὶ
896 2148 995 2219 τῆς
1026 2151 1229 2221 σαρκός
1257 2153 1373 2205 ἐστι
1401 2153 1463 2205 τὸ
1490 2152 1804 2223 λεγόμενον,
1830 2153 1927 2207 καὶ

352 2236 436 2289 ὅτι
462 2238 520 2288 οὐ
542 2239 668 2308 παρ’
700 2237 834 2309 ἐμοῦ
867 2241 1243 2311 προστέθειται
1272 2244 1332 2296 τὸ
1373 2241 1474 2315 τῆς
1506 2245 1707 2314 σαρκὸς
1734 2245 1926 2316 ὄνομα,

354 2328 495 2380 ὥστε
531 2328 604 2400 μὴ
644 2329 818 2382 δοκεῖν
851 2331 1081 2397 ἐκείνοις
1118 2336 1577 2406 παρερμηνεύειν.
1621 2354 1642 2388 ι
1690 2338 1747 2391 Ὀ
1782 2337 1927 2409 τρώ-

355 2437 469 2487 γων
513 2438 615 2491 μου
646 2422 745 2492 τὴν
785 2424 987 2495 σάρκα,
1037 2426 1133 2479 καὶ
1161 2427 1330 2481 πίνων
1366 2446 1467 2497 μου
1496 2428 1559 2482 τδ
1586 2424 1743 2501 αἷμα.
1785 2450 1803 2482 ι
1837 2431 1927 2502 Μὴ

354 2510 545 2566 εἶπενο
617 2513 674 2566 ὐ
720 2514 947 2586 τρώγων
996 2535 1098 2588 μου
1145 2520 1244 2591 τὴν
1298 2519 1559 2591 θεότητα,
1609 2523 1701 2575 καὶ
1757 2524 1928 2576 πίνων

359 2619 462 2671 μου
495 2601 591 2673 τὴν
616 2602 878 2673 θεότητας
917 2622 936 2654 ι
987 2606 1044 2658 Ὁ
1084 2607 1311 2679 τρώγων
1344 2626 1444 2679 μου
1482 2612 1581 2680 τὴν
1612 2612 1809 2682 σάρκα,
1838 2613 1933 2666 καὶ

362 2697 531 2749 πίνων
567 2713 668 2767 μου
714 2698 774 2750 τὸ
800 2691 957 2769 αἷμα,
997 2701 1055 2752 ἐν
1088 2702 1210 2771 ἐμοὶ
1243 2702 1415 2770 μένει,
1445 2701 1599 2771 κάγὼ
1624 2705 1681 2756 ὲν
1706 2704 1873 2773 αὐτῷ.
1905 2723 1924 2755 ι

355 2788 740 2856 Μνημονεύετε
794 2790 877 2843 ὅτι
930 2791 1055 2861 περὶ
1098 2794 1197 2863 τῆς
1252 2793 1452 2865 σαρκὸς
1502 2794 1561 2847 τὸ
1618 2794 1929 2865 λεγόμενον.

376 2880 516 2933 Ἀλλ’
573 2882 747 2936 ἐνίοτε
809 2885 1233 2955 παρερμηνεῦω.
1305 2885 1650 2957 ’Λκούσωμεν
1704 2889 1768 2940 ὲκ
1825 2888 1934 2941 τῶν

362 2972 602 3044 ἑφεξῆςο
668 2994 686 3026 ι
722 2974 921 3039 Καθὼς
969 2976 1256 3029 ἀπέστειλέ
1311 2995 1380 3049 με
1428 2978 1458 3029 6
1506 2976 1617 3041 ζῶν
1661 2978 1872 3050 Πατήρ.
1910 2998 1929 3031 ι

374 3063 609 3128 Ἐκεῖνος
640 3066 789 3135 λέγει
816 3068 914 3138 τὴν
963 3067 1210 3139 θεότητα,
1240 3070 1350 3135 ἐγὼ
1380 3070 1478 3140 τὴν
1520 3069 1931 3141 άνθρωπότητα.

368 3152 595 3223 Ἷδωμεν
628 3156 712 3219 τίς
759 3159 787 3210 6
834 3157 1303 3228 παρερμηνεύων’
1356 3178 1375 3209 ι
1423 3159 1616 3223 Καθὼς
1649 3159 1934 3213 ἀπέστειλέ

2034 1989 2053 2023 ι
2087 1972 2187 2037 Qui
2215 1973 2523 2039 manducat,
2561 1974 2756 2042 inquit,
2795 1988 2967 2027 meam
2993 1986 3237 2026 carnem.
3281 1989 3299 2021 ι
3335 1967 3598 2023 ὶίειιιοιιεο

2027 2074 2221 2131 estote,
2252 2067 2395 2135 quod
2423 2067 2489 2121 de
2512 2082 2676 2121 carne
2703 2076 2787 2121 est
2818 2078 3020 2129 sermo,
3055 2074 3108 2118 et
3140 2063 3281 2132 quod
3318 2078 3423 2116 non
3450 2078 3479 2115 a
3515 2076 3599 2113 me

2028 2156 2298 2225 adjectum
2318 2168 2399 2213 cst
2430 2158 2611 2213 carnis
2634 2172 2854 2222 nomen,
2889 2171 2955 2212 ne
2996 2156 3100 2211 illis
3124 2156 3311 2210 videar
3347 2165 3599 2222 perverse

2031 2248 2379 2317 interpretari
2410 2266 2424 2302 :
2463 2266 2481 2299 ι
2511 2248 2611 2315 Qui
2639 2248 2927 2303 manducat
2956 2262 3127 2301 meam
3157 2260 3403 2308 carnem,
3433 2254 3486 2297 et
3515 2242 3599 2294 bi-

2030 2337 2109 2392 bit
2142 2354 2320 2394 meum
2348 2341 2688 2411 sanguinem.
2732 2358 2751 2392 ι
2785 2339 2921 2393 Νιιιιι
2966 2338 3102 2394 dixit
3136 2356 3150 2392 :
3184 2337 3281 2405 Qui
3311 2335 3603 2389 manducat

2030 2445 2209 2485 meam
2232 2432 2668 2495 divinitatem,et
2690 2431 3014 2485 bibitmeam
3035 2426 3410 2484 divinitatem?
3451 2444 3467 2474 ι
3499 2424 3601 2491 Qui

2033 2524 2319 2578 manducat
2349 2539 2522 2578 meam
2546 2538 2787 2589 carnem,
2821 2523 3015 2592 inquit,
3037 2532 3091 2576 et
3120 2520 3257 2575 bibit
3278 2534 3454 2574 meum
3481 2533 3601 2571 san-

2033 2613 2272 2682 guinem,
2295 2613 2349 2668 in
2384 2630 2470 2669 me
2494 2624 2676 2668 manet
2706 2622 2761 2668 et
2788 2629 2888 2684 ego
2916 2614 2970 2667 in
3000 2628 3116 2668 eo.»
3142 2612 3408 2666 Memores
3426 2619 3599 2663 estate

2034 2705 2177 2772 quod
2207 2706 2274 2758 de
2301 2719 2467 2758 carne
2497 2706 2567 2758 sit
2594 2704 2797 2759 dictum
2826 2742 2842 2756 .
2877 2706 2948 2759 At
2979 2703 3124 2759 enim
3159 2716 3416 2772 perverse
3455 2716 3601 2753 non-

2034 2810 2309 2863 nunquam
2366 2797 2713 2865 interpretor.
2753 2795 3049 2850 Audiamus
3079 2795 3246 2865 igitur
3276 2807 3341 2846 ex
3370 2806 3605 2861 sequen-

2036 2885 2179 2939 tibus
2212 2904 2225 2938 :
2261 2902 2279 2935 ι
2319 2884 2470 2939 Sicut
2502 2886 2648 2941 misit
2674 2899 2759 2940 me
2794 2885 2981 2939 vivens
3001 2883 3164 2937 Pater
3194 2881 3261 2936 ⁸⁸.
3287 2899 3306 2934 ι
3335 2881 3429 2934 Ille
3475 2880 3608 2935 dicit

2036 2977 2398 3043 divinitatem,
2427 2992 2530 3045 ego
2568 2977 2982 3032 humanitatem.
3016 2974 3311 3029 Videamus
3350 2973 3604 3041 quisnam

2035 3084 2291 3139 perverse
2309 3069 2694 3140 interpretetur
2709 3087 2722 3124 :
2735 3088 2753 3121 ι
2768 3068 2917 3124 Sicut
2935 3069 3081 3123 misit
3096 3083 3181 3123 me
3193 3067 3379 3121 vivens
3392 3064 3570 3119 Pater.
3584 3082 3602 3113 ι

2042 3160 2186 3214 Dicit
2222 3162 2325 3216 hoc
2368 3160 2489 3216 loco
2537 3160 2826 3217 haereticus
2858 3161 3213 3215 divinitatem.
3260 3157 3398 3212 Num
3435 3156 3603 3212 dicit:

365 3262 434 3315 με
467 3248 494 3299 6
527 3246 634 3309 ζῶν
674 3248 881 3320 Πατήρ.
927 3268 946 3301 ι
982 3250 1146 3318 Λέγει
1182 3250 1414 3304 ἐνταῦθα
1457 3254 1485 3305 6
1515 3253 1788 3323 αἱρετικὸς
1835 3253 1931 3323 τὴν

2041 3250 2182 3304 Misit
2219 3264 2304 3303 me
2337 3249 2505 3305 Deum
2538 3250 2772 3306 Verbum
2796 3250 2985 3305 vivens
3003 3249 3185 3314 Pater,
3209 3258 3266 3302 ut
3295 3248 3370 3301 illi
3396 3253 3606 3316 putant,

366 3335 611 3407 θεότητα.
664 3338 755 3409 Μὴ
803 3339 970 3407 λέγει,
1004 3341 1085 3393 ὅτι
1131 3340 1474 3395 Ἀπέστειλεν
1519 3343 1619 3413 ὲμὲ
1663 3345 1754 3395 τὸν
1802 3344 1933 3395 Θεὸν

365 3430 533 3496 Λόγον
558 3432 586 3483 6
620 3432 727 3495 ζῶν
766 3433 991 3505 Πατήρ;
1030 3436 1147 3488 κατ’
1178 3436 1435 3501 ἐκείνους,
1467 3437 1622 3506 κάγὼ
1648 3438 1724 3502 ζῶ
1746 3440 1774 3490 6
1804 3438 1933 3502 Θεὸς

365 3520 536 3589 Λόγος
563 3522 649 3576 διὰ
672 3524 764 3577 τὸν
794 3527 1049 3597 Πατέρα;
1075 3522 1206 3581 Εἶτα
1239 3527 1378 3598 μετὰ
1404 3529 1580 3592 τοῦτο,
1612 3531 1707 3583 καὶ
1736 3530 1885 3585 πάλιπ
1917 3546 1931 3558 ·

371 3632 389 3663 ι
439 3614 495 3667 '0
524 3615 751 3686 τρώγων
802 3636 891 3687 με,
938 3620 1188 3684 κάκεῖνος
1228 3619 1472 3691 ζήσεται.
1518 3640 1534 3670 ι
1583 3622 1713 3675 Τίνα
1763 3622 1939 3676 ἐσθίο-

369 3722 503 3773 μεν;
531 3706 628 3777 τὴν
659 3708 907 3780 θεότητα,
943 3712 975 3783 ἢ
1006 3712 1104 3784 τὴν
1136 3714 1313 3783 σάρκα
1338 3716 1377 3785 ;)
1408 3714 1541 3785 Περὶ
1568 3716 1666 3785 μὲν
1710 3711 1803 3769 οὖν
1828 3716 1937 3769 τῶν

362 3796 535 3860 οὕτως
569 3799 835 3862 ἐκτόπων,
880 3802 973 3855 καὶ
1022 3804 1307 3873 ἀτημελῶς
1342 3805 1490 3876 αὐτῷ
1543 3806 1939 3879 πεφλυαρημέ·

368 3906 493 3949 νων,
533 3891 740 3961 μακρὸς
771 3892 871 3963 ἤδη
904 3896 1034 3966 παρ’
1061 3896 1218 3966 ἡμῶν
1247 3898 1537 3969 πεποίηται
1584 3898 1759 3967 λόγος.
1804 3900 1867 3953 Τί
1893 3900 1937 3952 δ’

366 3977 432 4034 ἃν
460 3978 701 4049 βούλοιτο
728 3986 889 4050 νοεῖν,
918 3986 979 4038 οὐ
1011 3988 1102 4041 τὸν
1127 3988 1259 4041 Θεὸν
1289 3990 1464 4057 Λόγον
1488 3990 1826 4044 ἀπεστάλθαι
1856 3992 1941 4044 λέ-

249 4068 259 4077 ’
366 4086 502 4134 γων,
554 4071 909 4142 σαρκωθέντα
954 4077 1048 4129 καὶ
1097 4079 1622 4151 ὲνανθρωπήσανταο
1668 4081 1839 4145 τιθεὶς
1882 4082 1939 4134 δὲ

365 4161 528 4215 πάλιν
571 4161 676 4235 ίδίᾳ
721 4180 781 4215 τε
826 4166 919 4217 καὶ
965 4168 1069 4221 άνά
1110 4168 1295 4240 μέρος,
1338 4172 1414 4234 ὼς
1458 4172 1620 4235 αὑτός
1679 4190 1833 4242 φησι,
1882 4174 1942 4226 τὸ

365 4252 711 4323 φαινόμενον,
753 4257 852 4310 οὐκ
887 4256 996 4328 ἔχω
1037 4259 1232 4328 λέγειν.
1264 4262 1479 4316 Μᾶλλον
1513 4263 1569 4317 δὲ
1597 4265 1688 4317 καὶ
1715 4265 1942 4335 ἐναργὲς

366 4346 467 4416 ἤδη
495 4347 554 4399 τὸ
578 4347 837 4419 σόφισμα.
872 4352 975 4404 Τὸν
999 4353 1106 4424 γὰρ
1133 4356 1231 4425 τῆς
1254 4356 1497 4420 ἐνώσεως
1527 4357 1794 4428 παραλύει
1818 4358 1941 4430 τρό-

366 4456 486 4502 πον,
521 4439 610 4493 ἳνα
648 4442 826 4496 κοινὸν
866 4445 1189 4517 εὑρίσκηται
1234 4448 1293 4501 τὸ
1344 4450 1503 4519 σῶμα
1543 4450 1636 4503 τοῦ
1679 4452 1939 4522 Χριστοῦ,

2033 3352 2089 3397 et
2120 3358 2220 3413 ego
2255 3344 2397 3399 Deus
2428 3343 2663 3398 Verbum
2682 3345 2805 3398 vivo
2830 3352 3051 3413 propter
3098 3342 3362 3397 Patrem?
3405 3339 3611 3394 Deinde

2036 3443 2158 3505 post
2188 3436 2315 3501 hoc,
2349 3447 2403 3491 et
2438 3437 2631 3491 iterum
2665 3455 2678 3490 :
2716 3456 2733 3487 ι
2764 3436 2831 3489 Ει
2856 3437 2946 3505 qui
2979 3435 3269 3490 manducat
3301 3450 3407 3497 me,
3429 3443 3484 3488 et
3522 3432 3611 3486 ille

2040 3529 2179 3581 vivet
2207 3527 2275 3582 ⁸⁸.
2305 3547 2324 3580 ι
2345 3528 2481 3595 Quid
2500 3531 2894 3583 manducamus
2912 3529 2934 3581 ?
2952 3528 3365 3583 divinitatemne
3400 3541 3467 3579 an
3485 3539 3609 3578 car-

2038 3620 2221 3692 nem?)
2258 3623 2336 3675 Ac
2368 3622 2437 3675 de
2468 3634 2575 3675 tam
2607 3622 2883 3686 absurdis,
2919 3629 2975 3675 et
3021 3621 3159 3673 adeo
3208 3630 3411 3673 temere
3443 3618 3510 3670 ab
3543 3631 3610 3670 eo

2038 3711 2223 3766 eﬂusis
2251 3712 2432 3781 nugis,
2453 3712 2647 3783 longus
2678 3728 2706 3765 a
2734 3712 2890 3767 nobis
2916 3713 3027 3783 jam
3052 3721 3137 3766 est
3165 3724 3347 3765 sermo
3376 3706 3610 3763 habitus.

2040 3804 2179 3871 Quid
2212 3815 2390 3859 autem
2423 3806 2526 3860 sibi
2552 3806 2699 3871 velit,
2724 3822 2846 3861 cum
2874 3806 3012 3859 haud
3034 3806 3199 3859 Deum
3226 3804 3459 3859 Verbum
3482 3802 3613 3856 mis-

2041 3912 2160 3951 sum
2184 3911 2305 3951 esse
2328 3897 2484 3961 dicit,
2518 3897 2859 3951 incarnatum
2885 3908 2940 3953 et
2974 3898 3248 3951 hominem
3283 3894 3481 3949 factum
3509 3911 3523 3959 ;
3558 3901 3612 3947 et

2043 4005 2259 4044 rursum
2284 3989 2428 4059 quod
2453 3988 2664 4044 visibile
2692 3998 2798 4055 est,
2849 3999 2907 4043 ut
2955 3990 3068 4058 ipse
3094 3989 3248 4053 dicit,
3284 3987 3514 4042 scorsim
3560 3995 3617 4038 et

2042 4082 2253 4136 divisim
2281 4082 2462 4150 ponit;
2494 4097 2598 4135 non
2631 4081 2805 4135 habeo
2833 4080 3047 4146 dicere,
3104 4080 3213 4133 imo
3255 4094 3383 4133 vero
3435 4078 3613 4132 mani-

2043 4168 2240 4225 festum
2272 4171 2382 4240 jam
2408 4170 2659 4226 cavillum
2693 4180 2795 4225 est.
2828 4169 2959 4223 Nam
3000 4169 3212 4223 uniouis
3258 4168 3474 4223 modum
3517 4169 3613 4221 de-

2043 4261 2226 4323 struit,
2263 4271 2322 4314 nt
2344 4275 2633 4314 commune
2662 4260 2967 4314 inveniatur
2998 4273 3196 4327 corpus
3239 4256 3466 4322 Christi,
3500 4272 3606 4310 non

2036 4351 2149 4418 jam
2187 4366 2313 4405 vere
2346 4352 2624 4421 proprium
2659 4351 2819 4406 Verbi
2845 4352 3023 4403 omnia
3055 4348 3332 4403 viviﬁcare
3360 4347 3612 4402 valentis.

2046 4444 2422 4501 lndubitanter
2442 4446 2659 4516 quidem
2694 4446 2874 4499 omnia
2903 4445 3138 4498 humana
3168 4458 3329 4513 parva
3354 4450 3477 4495 sunt
3507 4439 3617 4494 Deo

365 4530 545 4583 οὐκέτι
573 4532 629 4584 δὲ
666 4532 793 4586 ἴδιον
822 4535 1041 4605 ἀληθῶς
1070 4539 1164 4591 τοῦ
1194 4541 1369 4595 πάντα
1411 4542 1692 4606 ζωοποιεῖν
1729 4544 1931 4612 ἰσχύον-

2052 4538 2265 4603 Verbo;
2295 4540 2388 4593 sed
2416 4540 2540 4608 quia
2587 4538 2835 4608 dignatus
2889 4544 2974 4591 est
3017 4546 3234 4606 propter
3272 4549 3371 4587 nos
3413 4530 3616 4586 mundo

364 4636 476 4682 τος.
512 4623 697 4695 Μικρὰ
745 4625 843 4695 μὲν
893 4629 1336 4701 ὁμολογουμένως
1370 4636 1485 4687 ἐστὶ
1521 4634 1599 4705 τῷ
1627 4635 1745 4705 Θεῷ
1781 4638 1939 4706 Λόγῳ

368 4712 546 4765 πάντα
575 4713 642 4767 τά
673 4715 1017 4787 άνθρώπινα’
1054 4722 1240 4793 ἐπειδὴ
1271 4724 1328 4775 δὲ
1362 4726 1661 4796 κατηξίωσε
1687 4726 1755 4779 δι’
1794 4730 1938 4799 ἡμᾶς

364 4802 460 4871 τὴν
505 4806 582 4874 τῷ
630 4807 819 4879 κόσμῳ
870 4813 1136 4882 σωτήριον
1187 4816 1477 4886 ὑπομεῖναι
1521 4820 1770 4883 κένωσιν,
1830 4820 1937 4873 κᾶν

362 4892 698 4950 ἀπεστάλθαι
750 4900 976 4969 λέγηται
1027 4905 1259 4975 κηρύξαι
1307 4908 1672 4977 αἰχμαλώτοις
1720 4911 1935 4979 ἄφεσιν,

365 4989 458 5039 καὶ
492 4990 710 5058 τυφλοῖς
727 4992 1039 5063 ἀνάϐλεψιν,
1073 4995 1351 5061 δοξάζεται
1379 4999 1578 5069 μᾶλλον
1607 5000 1681 5064 ὡς
1715 5003 1939 5070 ἐπενεγο

366 5078 476 5131 κὼν
533 5081 633 5149 τῆς
666 5084 805 5152 μετὰ
864 5086 1065 5157 σαρκὸς
1100 5090 1413 5158 οἰκονομίας
1440 5092 1500 5145 τὸ
1528 5094 1819 5146 ταπεινόνο
1852 5096 1947 5147 καὶ

362 5166 461 5222 οὐκ
484 5172 571 5235 ἂν,
595 5169 863 5242 οἷμαι,τὶς
881 5178 1289 5250 διαμωμήσειεν
1306 5179 1333 5218 ⁸
1363 5182 1469 5234 τῶν
1494 5177 1553 5236 εὖ
1582 5182 1944 5253 φρονούντων.

362 5262 444 5314 ὅτι
462 5262 702 5333 καθῆκεν
724 5267 917 5321 ἑαυτὸν
934 5271 991 5321 ἐν
1014 5272 1123 5333 τοῖς
1140 5272 1260 5324 καθ’
1279 5274 1424 5342 ἡμᾶς
1440 5274 1505 5325 δι’
1524 5275 1689 5343 ἡμᾶς.
1708 5270 1836 5345 'Ap’
1856 5270 1949 5327 οὖν

363 5352 437 5418 ὡς
463 5355 548 5408 Ere
558 5356 649 5423 ρόν
674 5374 792 5410 τινα
816 5360 939 5412 Υἱὸν
969 5360 1063 5413 καὶ
1092 5363 1325 5433 Χριστὸν
1344 5365 1491 5436 παρὰ
1508 5364 1599 5417 τὸν
1616 5365 1679 5419 ὲκ
1694 5365 1829 5418 Θεοῦ
1847 5366 1951 5420 Λό-

437 5512 483 5545 ⁸⁶
513 5514 687 5569 Galat.
727 5530 797 5583 Iv,
821 5516 875 5571 4.
952 5519 992 5551 ⁸⁸
1027 5519 1183 5580 Joan.
1218 5538 1291 5587 vr,
1321 5524 1410 5578 55.
1488 5524 1531 5555 ⁵³
1557 5523 1686 5579 ibid.
1721 5524 1808 5578 52.
1889 5524 1933 5555 ’⁵³
1974 5523 2105 5580 ibid.
2140 5523 2232 5579 55.

2046 4632 2343 4684 salutarem
2369 4630 2797 4685 exinanitionem
2832 4630 3123 4693 sustinere,
3158 4628 3371 4682 etiamsi
3409 4626 3611 4680 missus

2044 4737 2166 4774 esse
2194 4721 2428 4782 dicatur,
2463 4732 2521 4773 ut
2544 4720 2800 4789 praedicet
2847 4720 3076 4789 captivis
3129 4720 3528 4784 remissionem,
3565 4728 3620 4769 et

2045 4812 2205 4866 caecis
2234 4812 2639 4867 restitutionem
2664 4812 2833 4875 visus,
2867 4812 3204 4882 gloriﬁcatur
3229 4812 3408 4881 potius
3434 4820 3615 4881 utpote

2044 4905 2135 4971 qui
2166 4903 2526 4957 humilitatem
2559 4903 2985 4974 dispensationis
3021 4904 3073 4957 in
3124 4919 3288 4957 carne
3323 4919 3505 4958 secum
3536 4912 3617 4956 at-

2046 4996 2229 5051 tulerit
2266 5014 2280 5049 :
2314 5006 2366 5051 et
2396 4995 2595 5061 nullus,
2623 5000 2835 5067 opinor,
2866 4997 2955 5065 qui
3006 4997 3201 5066 sapiat,
3255 4997 3617 5066 reprehende-

2045 5087 2115 5139 rit
2164 5087 2309 5155 quod
2345 5085 2643 5139 humiliarit
2672 5102 2731 5140 se
2764 5086 2816 5139 in
2859 5088 3068 5140 nostris
3104 5095 3324 5156 propter
3366 5101 3485 5139 nos.
3532 5085 3615 5139 An

2045 5192 2173 5231 vero
2200 5178 2291 5245 qui
2327 5178 2593 5231 visibilem
2623 5178 2797 5241 illum,
2832 5188 3089 5247 tanquam
3130 5177 3292 5231 alium
3317 5177 3611 5245 quemdam

2046 5285 2167 5325 esse
2208 5269 2402 5323 Filium
2435 5280 2488 5324 et
2524 5270 2800 5325 Christum
2827 5282 3023 5339 praeter
3060 5269 3190 5321 illud
3223 5285 3287 5322 ex
3330 5269 3437 5321 Deo
3486 5268 3616 5321 Ver-

2048 5362 2174 5416 bum
2204 5363 2417 5429 asserit,
2455 5362 2542 5417 cui
2571 5362 2735 5415 etiam
2759 5363 2860 5417 soli
2894 5361 3167 5417 missionis
3196 5371 3250 5417 et
3282 5361 3619 5431 apostolatus

2308 5524 2354 5555 ”
2381 5523 2507 5578 ibid.
2536 5524 2626 5579 58.
2703 5524 2743 5554 ’⁵⁸
2774 5522 2902 5579 ibid.

1420 5677 1595 5736 Varia:
1631 5680 1890 5736 lectiones
1911 5694 1975 5735 cx
2008 5678 2197 5737 codice
2223 5677 2592 5750 chuieriano.

443 5802 475 5850 ι
497 5806 945 5882 διαμωμήσηται.
