4116 6332
495 346 600 405 5ῗῦ

1525 347 1583 402 S.
1622 348 1901 405 CYRILLI
1940 347 2404 406 ALEXANDBINI
2442 348 2762 405 ARCHIEP.

3639 349 3743 405 5'76

500 483 696 522 animus
731 468 999 532 tribuerit,
1021 482 1125 521 non
1160 468 1209 521 is
1253 478 1498 523 nostrum
1516 472 1828 541 mysterium
1854 475 2071 528 ambro-

2183 489 2289 542 γον,
2306 471 2400 526 τὸν
2416 471 2738 542 φαινόμενον
2754 464 2891 525 εἶναι
2912 470 3218 525 διαϐεϐαιού
3228 487 3406 540 μενος,
3419 462 3462 538 ᾧ
3480 471 3572 523 καὶ
3599 470 3743 541 μένῳ

508 559 825 627 pophagiam
872 558 1054 623 edicit,
1101 567 1262 628 atque
1310 560 1375 614 ad
1426 560 1668 618 exoletas
1711 566 2069 635 cogitationes

500 660 729 700 mentem
767 648 1002 701 ﬁdelium
1052 649 1258 703 nefarie
1292 651 1578 718 perducit,
1620 669 1791 721 eaque
1817 657 2071 712 humanis

498 737 766 805 subjicere
788 736 1088 791 rationibus
1120 746 1506 807 conatur,qu:c
1553 742 1664 796 sola
1686 743 1788 797 (ide
1822 746 2072 801 omnise-

498 832 672 898 posita
687 830 999 883 curiositate
1014 832 1334 899 capiuntur?
1348 832 1535 903 Neque
1548 835 1690 888 enim
1710 837 1833 905 quia
1851 840 2073 894 minime

498 923 678 974 editur
703 923 1001 975 divinitatis
1027 934 1216 977 natura
1243 935 1529 994 propterea
1560 942 1847 983 commune
1876 931 2074 986 dixerit

499 1012 766 1080 quispiam
789 1023 1036 1067 sanctum
1057 1014 1260 1069 Christi
1278 1032 1494 1087 corpus.
1519 1018 1671 1074 Scire
1693 1031 1872 1076 autem
1895 1036 2073 1089 opera:

500 1105 733 1169 pretium
764 1112 845 1156 est
879 1106 1056 1173 quod,
1088 1108 1227 1161 sicut
1283 1124 1441 1177 supra
1482 1111 1716 1165 diximus
1740 1154 1755 1177 ,
1796 1114 2072 1182 proprium

500 1205 583 1247 cst
616 1211 810 1264 corpus
837 1197 956 1265 ejus
988 1198 1177 1265 Verbi,
1213 1200 1356 1269 quod
1386 1202 1565 1255 omnia
1602 1203 1857 1259 viviﬁcat.
1924 1204 2072 1272 Quu-

501 1283 645 1337 niam
688 1292 867 1340 autem
905 1296 988 1341 est
1020 1301 1219 1357 corpus
1269 1290 1418 1353 vitae,
1456 1291 1725 1345 vivilicum
1778 1302 1863 1348 est
1898 1311 1912 1348 ε
1944 1309 2071 1363 pro-

500 1385 684 1447 pterea
718 1394 950 1447 namque
980 1382 1298 1437 mortalibus
1325 1384 1525 1438 nostris
1553 1384 1869 1452 corporibus
1909 1385 2075 1457 largi-

505 1481 592 1522 tur
644 1471 831 1536 vitam,
883 1482 939 1527 et
990 1475 1180 1529 mortis
1254 1475 1539 1545 imperium
1605 1475 1765 1548 194
1824 1490 2072 1534 evacuat.

506 1563 751 1619 \‘ivincat
782 1575 961 1620 autem
989 1583 1084 1623 nos
1106 1568 1299 1638 aequali
1321 1570 1482 1625 modo
1503 1579 1560 1626 et
1582 1582 1811 1628 sanctus
1842 1572 2076 1642 Spiritus

501 1655 703 1712 Christi
748 1677 762 1711 :
818 1674 837 1709 ι
884 1659 1118 1728 Spiritus
1162 1662 1305 1715 enim
1356 1673 1441 1716 est
1491 1663 1581 1731 qui
1637 1662 1879 1719 viviﬁcat
1915 1666 1997 1730 ⁸⁵,
2051 1684 2071 1719 ι

502 1751 795 1805 secundum
836 1750 1076 1821 ejusdem
1132 1751 1431 1807 Salvatoris
1458 1769 1664 1809 vocem.
1724 1754 1919 1825 Neque.
1948 1772 2078 1813 vero

2170 565 2270 633 τῆς
2293 564 2600 634 ἀποστολῆς
2624 562 3030 634 προσνενέμηκε
3045 562 3253 633 χρῆμα,
3276 562 3376 615 οὐκ
3388 560 3743 633 ἀνθρωποφα-

2172 654 2295 724 γίαν
2328 654 2482 725 ἡμῶν
2497 656 2787 724 ἀποφαίνει
2804 654 2865 707 τὸ
2891 655 3206 724 μυστήριον,
3222 651 3493 722 παριστὰς
3518 652 3746 712 ἀνοσίως

2172 748 2252 809 εἰς
2290 746 2569 817 ὲξιτήλους
2604 747 2810 809 ἐννοίας
2844 745 2949 799 τῶν
2994 744 3391 798 πιστευσάντων
3423 739 3445 779 ι
3477 741 3570 795 τὸν
3599 740 3742 803 νοῦν,

2173 838 2267 895 καὶ
2281 839 2561 908 λογισμοῖς
2579 837 2937 908 ἀνθρωπίνοις
2956 836 3248 905 ὑποφέρειν
3267 834 3582 905 ἐπιχειρῶν,
3602 832 3636 886 ἃ
3660 833 3748 902 μό·

2174 948 2279 995 νως
2301 940 2361 997 ω,
2388 931 2485 984 καὶ
2513 930 2766 1002 ἀζητήτῳ
2799 930 2978 985 πίστει
3007 927 3511 1000 προσλαμϐάνεται;
3540 926 3614 978 Οὐ
3638 928 3747 992 γὰρ

2174 1023 2470 1093 ἐπειδήπερ
2482 1023 2581 1075 οὐκ
2596 1021 2832 1075 ἐσθίεται
2845 1022 3094 1093 θεότητος
3114 1021 3294 1091 φύσις,
3307 1018 3559 1073 διάτοῦτο
3571 1017 3745 1070 κοινὸν

2175 1108 2312 1166 εἶναι
2341 1112 2473 1183 φαίη
2501 1130 2584 1176 τις
2612 1111 2676 1165 ἂν
2702 1110 2762 1165 τὸ
2795 1110 2946 1180 ἅγιον
2982 1111 3141 1181 σῶμα
3170 1111 3265 1164 τοῦ
3296 1108 3553 1182 Χριστοῦ.
3592 1106 3745 1161 Είδέ-

2175 1222 2263 1258 ναι
2290 1204 2347 1257 δὲ
2380 1205 2696 1272 ἀναγκαῖον,
2720 1206 2822 1266 ὅτι,
2847 1201 2988 1256 καθὰ
3017 1202 3320 1271 φθάσαντες
3344 1204 3591 1271 εἴπομεν,
3619 1200 3746 1253 ἴδιόν

2176 1298 2291 1349 ὲστι
2324 1293 2481 1365 σῶμα
2508 1292 2603 1347 τοῦ
2624 1293 2693 1347 τὰ
2721 1294 2896 1348 πάντα
2915 1291 3303 1358 ζωοποιοῦντος
3325 1292 3531 1361 Λόγουσ
3561 1287 3747 1360 ἐπειδὴ

2175 1387 2232 1440 δέ
2284 1388 2400 1439 ὲστι
2446 1384 2605 1456 σῶμα
2646 1385 2811 1456 ζωῆς,
2837 1384 3100 1448 ζωοποιόν
3129 1386 3282 1438 ἐστι’
3317 1382 3403 1435 διὰ
3444 1381 3604 1434 τοῦτο
3639 1380 3749 1452 γὰρ

2175 1483 2287 1541 τοῖς
2333 1477 2545 1547 θνητοῖς
2589 1477 2745 1548 ἡμῶν
2790 1476 3034 1547 σώμασιν
3060 1477 3280 1547 ὲνίησιιι
3315 1477 3411 1546 τὴν
3445 1474 3623 1545 ζωὴν,
3675 1474 3750 1538 ὡς

2177 1572 2269 1624 καὶ
2313 1573 2579 1640 καταργεῖ
2622 1569 2716 1623 τοῦ
2767 1568 3001 1622 θανάτου
3047 1569 3110 1622 τὸ
3157 1568 3375 1639 κράτος.
3407 1568 3664 1621 Ζωοποιεί
3692 1566 3749 1617 δὲ

2177 1663 2324 1733 ἡμᾶς
2357 1661 2497 1715 κατά
2524 1662 2616 1715 τὸν
2648 1662 2761 1715 ἴσον
2792 1665 2996 1732 τρόπον
3023 1660 3121 1714 καὶ
3146 1660 3212 1714 τὸ
3235 1660 3391 1728 ἅγιον
3415 1656 3635 1729 Πνεῦμα
3657 1657 3752 1709 τοῦ

2178 1751 2416 1824 Χριστοῦ
2436 1770 2450 1785 ο
2484 1753 2545 1806 τὸ
2576 1752 2686 1823 γάρ
2718 1751 2945 1823 Πνεῦμά
2990 1754 3108 1806 ἐστι
3157 1751 3220 1805 τὸ
3270 1748 3585 1816 ζωοποιοῦν,
3615 1746 3755 1801 κατά

504 1840 787 1896 molestum
816 1842 938 1906 erit,
975 1857 1040 1896 ne
1066 1842 1249 1898 videar
1284 1858 1385 1913 ego
1408 1843 1556 1899 solus
1578 1847 1857 1914 proprium
1886 1846 2070 1914 appel—

2183 1846 2273 1917 τὴν
2301 1844 2467 1900 αὑτοῦ
2491 1845 2584 1898 τοῦ
2616 1845 2870 1917 Σωτῆρος
2895 1845 3098 1915 φωνήν.
3129 1844 3303 1897 Λυπετ
3325 1842 3381 1895 δὲ
3406 1841 3579 1905 οὐδὲν,
3611 1838 3754 1908 ὑπέρ

503 1932 618 1986 iure
643 1948 838 2002 corpus
870 1931 1053 2001 Verbi,
1085 1934 1249 1988 etiam
1280 1945 1591 1989 sanctorum
1634 1935 1855 1991 Patrum
1882 1938 2077 1993 aﬂerre

503 2023 822 2088 sententias,
856 2032 915 2075 ut
941 2023 1119 2077 sciant
1149 2023 1469 2089 adversarii,
1496 2025 1636 2093 quod
1666 2024 1865 2080 frustra
1887 2034 2076 2081 contra

505 2129 604 2168 nos
624 2113 948 2176 declamaut,
988 2115 1082 2184 qui
1114 2115 1314 2184 ubique
1350 2115 1562 2170 illorum
1583 2131 1746 2172 voces
1767 2118 2073 2186 sequimur.

504 2206 647 2261 Dicit
692 2221 821 2277 ergo
852 2206 1235 2262 celeberrimus
1282 2205 1443 2262 Pater
1485 2220 1668 2263 noster
1699 2218 1755 2264 et
1794 2210 2078 2279 episc0pus

503 2295 834 2350 Athanasius
897 2294 947 2347 in
1005 2308 1253 2351 sermone
1295 2296 1362 2350 de
1402 2306 1587 2352 sancta
1620 2297 1883 2353 Trinitate
1923 2316 1986 2353 ε(
2014 2301 2079 2354 Et

506 2391 905 2444 monstrabatur
925 2430 939 2453 ,
972 2391 1114 2460 quod
1166 2404 1271 2444 non
1299 2400 1621 2459 apparenter
1640 2429 1657 2454 ,
1682 2391 1777 2446 sed
1804 2406 1931 2446 vere
1976 2392 2076 2446 ha-

505 2481 683 2536 buerit
700 2498 912 2551 corpus.
930 2481 1162 2537 Docebat
1179 2491 1357 2537 autem
1373 2482 1642 2537 Christum
1661 2483 1970 2538 induentem
1990 2484 2082 2537 hu-

507 2588 720 2627 manam
763 2589 1004 2639 carnem,
1034 2576 1173 2629 hanc
1192 2589 1312 2629 cum
1341 2576 1570 2645 propriis
1591 2575 1929 2644 passionibus
1964 2575 2081 2643 ejus

508 2665 654 2718 indui
690 2677 853 2720 totam
892 2669 1160 2729 ;utsicut
1202 2670 1477 2739 proprium
1510 2667 1626 2735 ejus
1681 2668 1911 2722 dicimus
1957 2682 2080 2723 esse

507 2770 703 2823 corpus
721 2798 736 2824 ,
760 2758 830 2812 ita
850 2768 903 2814 et
923 2760 1049 2828 ipsa:
1073 2763 1353 2831 passiones
1374 2762 1615 2830 corporis
1651 2760 1884 2830 prOprize
1905 2760 2078 2816 solum

507 2848 624 2913 ejus
639 2849 908 2915 dicantur,
937 2854 1183 2920 quamvis
1214 2870 1319 2909 non
1347 2856 1719 2923 contingerent
1740 2852 1855 2921 ejus
1879 2852 2079 2906 divini-

507 2947 694 2996 tatem.
710 2960 730 2994 ι
748 2941 811 2995 Et
834 2943 1026 2997 iterum
1054 2958 1066 2993 :
1096 2944 1219 3001 Haec
1243 2949 1552 3003 necessario
1569 2958 1724 3003 antea
1748 2946 2082 3002 examinavi-

510 3045 649 3097 mus,
679 3044 734 3084 ut
757 3071 772 3095 ,
799 3033 841 3085 si
870 3034 1148 3090 videamus
1175 3037 1345 3104 ipsum
1382 3052 1478 3106 per
1501 3052 1657 3092 suum
1693 3052 1890 3107 corpus
1922 3035 2076 3105 quasi

512 3139 608 3192 per
663 3126 1081 3183 instrumentum
1139 3129 1321 3186 divino
1386 3131 1546 3186 modo
1599 3142 1944 3201 operantem,
1996 3130 2078 3185 vel

2178 1955 2242 2007 γε
2274 1937 2369 1990 τοῦ
2419 1937 2496 2008 μὴ
2539 1937 2715 1990 δοκεῖν
2741 1937 2842 2007 ἐμέ
2872 1954 2932 1989 τε
2967 1936 3063 1990 καὶ
3096 1936 3257 2006 μόνον
3314 1934 3443 1986 ἴδιον
3470 1930 3757 2001 ὀνομάζειν

2178 2028 2241 2082 τὺ
2287 2027 2446 2098 σῶμα
2487 2027 2582 2080 τοῦ
2627 2027 2823 2096 Λόγου,
2853 2027 2949 2081 καὶ
2994 2026 3093 2091 τὰς
3138 2026 3247 2078 τῶν
3279 2024 3450 2093 ἁγίων
3496 2022 3756 2092 Πατέρων

2182 2117 2505 2189 παραθεῖναι
2530 2117 2777 2187 χρήσεις,
2819 2117 2885 2171 ἵν’
2915 2116 3075 2169 ἴδοιεν
3103 2117 3153 2169 οἱ
3186 2115 3251 2168 δι’
3279 2113 3525 2175 ἐναντίας
3547 2111 3755 2181 ὡςημά-

2180 2230 2279 2282 την
2330 2210 2485 2281 ἡμῶν
2543 2210 3059 2282 κατακεκράγασιν,
3100 2207 3382 2278 ἑπομένων
3403 2214 3429 2242 °
3480 2201 3757 2273 πανταχοῦ

2180 2306 2299 2367 ταῖς
2320 2305 2544 2357 ἐκείνων
2567 2299 2946 2371 φωναῖς.Ἔφη
2967 2299 3146 2354 τοίνυν
3166 2302 3194 2353 6
3220 2298 3575 2369 πανεύφημος
3599 2295 3756 2366 ἡμῶν

2181 2395 2390 2466 Πατὴρ,
2426 2394 2521 2448 καὶ
2564 2394 2862 2457 ἐπίσκοπος
2893 2391 3211 2456 ’Λθανάσιος
3256 2392 3312 2444 ὲν
3362 2389 3440 2458 τῷ
3487 2389 3616 2459 περὶ
3655 2388 3755 2457 τῆς

2182 2486 2405 2559 Τριάδος
2430 2486 2573 2557 λόγῳ
2588 2503 2602 2518 ο
2639 2504 2658 2537 σ
2681 2486 2790 2540 Καὶ
2805 2485 3076 2539 ἐδείκνυτο
3099 2486 3181 2538 ὅτι
3214 2485 3287 2557 μὴ
3308 2483 3599 2553 φαντασίᾳ,
3618 2480 3757 2533 ἀλλά

2181 2578 2395 2650 ἀληθῶς
2427 2578 2567 2649 ἔχων
2614 2574 2682 2649 ἦν
2727 2577 3170 2648 σῶμα.”Επρεπε
3224 2575 3334 2646 γὰρ
3370 2574 3510 2628 τὸνιτ
3556 2573 3757 2640 Κύριον

2182 2669 2618 2738 ὲνδιδυσκόμενον
2644 2666 2988 2737 ἀνθρωπίνην
3022 2667 3222 2738 σάρκα,
3246 2666 3450 2735 ταύτην
3490 2663 3627 2735 μετὰ
3652 2663 3758 2715 τῶν

2185 2761 2328 2815 ἰδίων
2359 2760 2545 2815 παθῶν
2573 2762 2742 2830 αὐτῆς
2771 2760 2899 2832 ὅλην
2933 2760 3280 2813 ὲνδύσασθαι’
3310 2759 3378 2811 ἵν’
3411 2758 3600 2827 ὥσπερ
3629 2756 3759 2811 ἴδιον

2182 2853 2345 2907 αὑτοῦ
2381 2854 2608 2922 λέγομεν
2639 2847 2779 2906 εἶναι
2808 2852 2869 2905 τὸ
2896 2852 3077 2923 σῶμα,
3108 2851 3252 2905 οὕτω
3282 2852 3376 2905 καὶ
3419 2852 3489 2904 τὰ
3517 2849 3609 2903 τοῦ
3654 2849 3758 2901 cubo

2186 2960 2355 3014 ματος
2401 2943 2547 3012 πάθη
2597 2942 2703 2997 ίδια
2754 2942 2912 3012 μόνον
2962 2940 3127 2994 αὐτοῦ
3179 2940 3428 3013 λέγηται,
3461 2942 3510 2993 εἰ
3542 2938 3635 2993 καὶ
3685 2938 3761 3007 μὴ

2182 3037 2384 3107 ἥπτετο
2399 3035 2538 3089 κατὰ
2553 3036 2649 3107 τὴν
2665 3035 2893 3105 θεότητα
2920 3035 3105 3087 αὑτοῦ.
3130 3053 3148 3085 ι
3173 3034 3285 3086 Καὶ
3310 3032 3471 3086 πάλιν
3491 3049 3504 3063 ·
3535 3050 3554 3083 ε
3578 3030 3764 3083 Ταῦτα

2184 3129 2498 3196 ἀναγκαίως
2542 3128 2991 3199 προεξητάσαμεν
3006 3137 3053 3187 ιι,
3102 3128 3191 3180 ἵνα
3227 3128 3320 3179 ἐὰν
3354 3127 3551 3195 ἴδωμεν
3598 3123 3761 3177 αὐτὸν

512 3214 777 3270 dicentem
803 3256 818 3283 ,
852 3233 1240 3287 cognoscamus
1293 3223 1433 3290 quod
1469 3222 1613 3278 Deus
1656 3223 1927 3277 exsistens
1970 3227 2082 3278 haec

2183 3218 2259 3281 ὼς
2285 3219 2351 3271 δι’
2376 3217 2605 3288 ὀργάνου
2637 3216 2731 3270 τοῦ
2764 3217 2890 3270 ἰδίου
2926 3215 3175 3285 σώματος
3211 3214 3404 3278 θεῖκῶς
3434 3213 3761 3285 πράττοντα,

511 3318 785 3374 operetur.
841 3311 909 3365 Et
938 3312 1051 3366 haec
1083 3312 1273 3367 beatus
1316 3313 1477 3369 Pater
1516 3323 1701 3369 noster
1731 3314 2081 3368 Athanasius.

512 3398 900 3457 Verumtamen
934 3406 1181 3473 quamvis
1214 3406 1489 3476 proprium
1519 3405 1732 3461 dicatur
1761 3404 1921 3460 Verbi
1968 3421 2088 3461 cor-

514 3511 635 3563 pus,
691 3504 774 3550 est
822 3505 999 3550 tamen
1050 3513 1113 3551 ex
1156 3497 1382 3552 muliere
1428 3506 1482 3553 et
1523 3497 1724 3552 nostris
1771 3503 2085 3567 cognatum,

516 3588 810 3641 secundum
868 3588 1011 3655 quod
1062 3604 1191 3642 caro
1267 3588 1606 3659 intelligitur.
1681 3588 1821 3643 Dicit
1866 3589 2084 3659 quidem

514 3676 705 3733 beatus
752 3678 986 3733 Paulus:
1030 3698 1048 3732 ι
1082 3678 1297 3735 Primus
1326 3680 1487 3735 homo
1524 3696 1591 3736 ex
1630 3690 1773 3736 terra
1816 3691 2086 3746 terrenus,

513 3772 780 3827 secundus
818 3786 848 3825 e
872 3772 1012 3827 coelo
1044 3772 1111 3826 ".
1173 3791 1193 3824 ι
1254 3774 1319 3827 Ει
1378 3775 1490 3843 ipse
1535 3773 1784 3829 Christus
1816 3790 1830 3827 :
1868 3792 1887 3825 ι
1917 3770 2089 3828 Nemo

516 3864 756 3917 ascendit
778 3862 830 3916 in
857 3864 1075 3924 malum,
1105 3864 1313 3934 inquit,
1344 3863 1447 3919 nisi
1472 3866 1561 3933 qui
1591 3864 1655 3918 de
1678 3863 1818 3918 cmlo
1857 3862 2087 3918 descen-

516 3957 592 4009 dit
616 3955 783 4009 Filius
812 3955 1047 4010 hominis
1073 3956 1139 4010 ⁸⁸.
1195 3974 1214 4006 ι
1252 3955 1357 4010 Sed
1393 3965 1569 4009 tamen
1598 3954 1916 4018 asserimus,
1944 3953 2089 4022 quod

515 4062 619 4100 non
639 4063 703 4101 ex
723 4049 860 4103 cmlo
881 4063 1078 4116 corpus
1100 4048 1308 4102 unitum
1327 4048 1427 4102 sibi
1450 4048 1697 4103 deferens
1718 4047 1950 4102 Verbum
1975 4047 2089 4101 hzec

517 4139 695 4205 dicat;
742 4154 928 4193 verum
971 4155 1093 4193 cum
1143 4139 1427 4193 desursum
1462 4139 1733 4194 exsiSIens
1779 4138 1951 4208 ipsum
1982 4148 2091 4193 ete

514 4233 673 4297 coelo,
704 4247 904 4301 corpus
926 4232 1198 4301 proprium
1222 4230 1409 4285 fecerit
1430 4231 1503 4285 ita
1527 4232 1628 4286 sibi
1655 4231 1885 4297 unitum,
1912 4241 1970 4285 ut
1992 4245 2091 4285 nec

515 4323 618 4378 dici
652 4339 751 4378 nec
781 4323 1002 4392 intelligi
1045 4321 1239 4386 valeat,
1263 4323 1395 4376 citra
1422 4323 1828 4377 conversionem
1847 4332 1901 4377 et
1916 4320 2096 4376 conlu-

514 4414 719 4468 sionem
751 4430 765 4476 ;
797 4413 899 4466 hac
927 4412 1135 4465 ratione
1159 4411 1225 4464 de
1255 4409 1391 4465 coelo
1420 4409 1554 4465 dicit
1577 4424 1636 4464 se
1664 4410 1850 4473 etiam,
1874 4408 2092 4478 quando

2190 3309 2221 3379 ἢ
2258 3308 2504 3377 λέγοντα,
2538 3306 2894 3377 γινώσκωμεν
2925 3306 3007 3359 ὅτι
3040 3306 3171 3370 Θεὸς
3198 3305 3276 3359 ὣν
3316 3304 3490 3358 ταῦτα
3528 3302 3760 3374 ἐργάζει

2188 3417 2299 3453 ται.
2333 3418 2352 3450 ι
2385 3400 2495 3452 Καὶ
2524 3398 2699 3453 ταῦτα
2728 3398 2826 3468 μὲν
2855 3398 2882 3449 6
2909 3397 3177 3469 μακάριος
3206 3397 3396 3470 Πατὴρ
3422 3396 3579 3467 ήμῶν
3608 3396 3763 3448 Ἀθα-

2188 3492 2392 3554 νάσιος.
2433 3490 2601 3561 Πλὴν,
2634 3488 2735 3544 κᾶν
2763 3490 2890 3543 ἴδιον
2918 3490 3142 3560 λέγηται
3171 3489 3269 3542 τοῦ
3298 3490 3473 3556 Λόγου
3497 3488 3558 3540 τὸ
3581 3488 3761 3558 σῶμα,

2189 3584 2306 3637 ἀλλ’
2334 3578 2425 3636 οὖν
2454 3585 2602 3636 ἐστιν
2631 3584 2696 3634 ὲκ
2717 3584 2996 3651 γυναικὸς,
3030 3583 3125 3634 καὶ
3161 3584 3274 3644 τοῖς
3311 3580 3600 3652 ἡμετέροις
3632 3595 3731 3647 συγ

2188 3677 2363 3746 γενὲς,
2395 3675 2529 3730 καθὸ
2562 3678 2762 3729 νοεῖται
2793 3675 2948 3747 σάρξ.
2981 3675 3092 3727 Καὶ
3118 3675 3146 3727 6
3175 3674 3274 3744 μὲν
3315 3675 3585 3745 μακάριος
3622 3670 3763 3724 Παῦ-

2188 3769 2278 3832 λος
2296 3785 2310 3799 ·
2341 3788 2359 3821 ι
2380 3770 2439 3823 '0
2465 3768 2678 3838 πρῶτος
2711 3768 3014 3840 ἅνθρωπος,
3045 3769 3199 3838 φησι,
3227 3767 3433 3838 χοϊκός
3462 3769 3489 3820 6
3515 3766 3765 3828 δεύτερος

2189 3859 2248 3924 ἐξ
2293 3857 2545 3929 οὐρανοῦ.
2575 3877 2594 3908 ι
2630 3857 2800 3921 Αὐτὸς
2826 3857 2883 3911 δὲ
2924 3858 2952 3909 ὁ
2981 3857 3213 3929 Χριστός
3234 3873 3247 3886 ο
3282 3874 3300 3907 ι
3332 3856 3523 3918 Οὐδεὶς
3568 3855 3732 3909 άναϐέ

2190 3947 2357 4018 δηκεν
2385 3950 2464 4013 είς
2491 3947 2581 4000 τὸν
2606 3947 2852 4019 οὐρανὸν,
2876 3946 3060 4017 φησὶν,
3088 3948 3136 3999 εἰ
3172 3945 3247 4016 μὴ
3275 3947 3303 3999 6
3331 3947 3394 3998 ὲκ
3419 3944 3512 3998 τοῦ
3535 3943 3763 4014 οὐρανοί

2189 4038 2432 4104 καταδάς
2462 4039 2588 4102 Υίὸς
2622 4038 2718 4093 τοῦ
2758 4038 3066 4111 ἀνθρώπου.
3100 4058 3119 4091 ›
3153 4038 3337 4108 Φαμὲν
3364 4038 3421 4091 δὲ
3446 4039 3528 4091 ὅτι
3565 4038 3663 4090 οὐκ
3706 4035 3769 4102 ἐξ

2188 4130 2420 4203 οὐρανοῦ
2445 4131 2506 4184 τὸ
2541 4131 2703 4202 σῶμα
2727 4130 2786 4184 τὸ
2823 4131 3022 4185 ἑνωθὲν
3058 4130 3206 4201 αὐτῷ
3238 4128 3582 4199 κατενεγκὼν
3612 4129 3641 4180 6
3664 4130 3767 4182 Λό-

2189 4239 2307 4293 γος,
2336 4223 2512 4277 τοιάδε
2557 4222 2752 4293 φησίν”
2799 4222 2987 4293 ἐπειδὴ
3034 4222 3091 4276 δὲ
3136 4220 3342 4277 ἀνωθεν
3371 4220 3447 4274 ὢν
3482 4220 3643 4281 αὐτὸς
3673 4219 3765 4273 καὶ⁸

2191 4315 2250 4381 ἐξ
2299 4312 2547 4385 οὐρανοῦ,
2598 4314 2729 4367 ἴδιον
2776 4314 3070 4384 ἐποιήσατο
3099 4313 3160 4366 τὸ
3187 4312 3385 4367 ὲνωθὲν
3430 4309 3577 4380 αὐτῷ
3605 4309 3765 4379 σῶμα

2194 4405 2486 4477 ἀφράστως
2528 4423 2610 4469 τε,
2662 4404 2755 4458 καὶ
2802 4405 3195 4476 ἀπερινοήτως,
3231 4404 3514 4475 ἀτρέπτως
3558 4419 3639 4468 τε,
3671 4401 3767 4454 καὶ

516 4505 715 4559 factum
773 4513 854 4558 est
912 4502 1082 4557 Filius
1142 4501 1400 4559 hominis.
1455 4499 1692 4556 Proinde
1755 4515 1879 4555 cum
1942 4508 2082 4553 recte

2194 4498 2531 4569 ἀσυγχύτως,
2580 4497 2837 4568 ταύτῃτοι
2870 4498 2963 4551 καὶ
3005 4496 3062 4563 ἐξ
3094 4494 3323 4567 οὐρανοῦ
3361 4512 3522 4564 φησιν
3551 4493 3765 4557 ἑαυτὸν,

514 4595 709 4649 habeat
740 4608 919 4648 sermo
946 4602 1151 4657 noster,
1188 4602 1241 4646 et
1270 4592 1691 4661 reprehensione
1721 4598 1897 4653 vacet,
1925 4604 2085 4658 quam

514 4688 679 4757 igitur
740 4702 853 4742 suae
899 4686 1161 4740 adversus
1223 4700 1321 4739 nos
1370 4684 1674 4740 dicacitatis
1742 4683 2085 4739 occasionem

514 4781 824 4835 obtrectare
853 4781 1010 4833 nobis
1041 4778 1287 4832 volentes
1330 4776 1624 4843 habebunt;
1657 4776 1701 4831 si
1727 4774 2085 4845 quorumdam

513 4871 866 4941 blasphemiis
892 4871 1382 4924 anathematismus
1416 4881 1722 4938 repugnans
1745 4906 1760 4931 ,
1803 4866 2088 4921 mendacio

515 4964 797 5018 veritatem
830 4964 1113 5033 opponat?
1167 4962 1373 5031 Opinor
1418 4971 1598 5014 autem
1633 4974 1717 5014 me
1756 4976 1783 5013 a
1811 4970 1954 5013 recta
2000 4961 2085 5012 via

516 5056 660 5109 nullo
688 5057 846 5111 modo
870 5056 1159 5119 excidisse,
1185 5056 1328 5125 quod
1349 5053 1619 5109 Christum
1649 5054 1759 5107 dixi
1780 5068 1941 5120 supra
1968 5066 2085 5107 nos.

514 5145 647 5201 Nam
676 5149 799 5203 licet
832 5148 1062 5203 Verbum
1099 5148 1190 5203 Dei
1226 5146 1428 5202 factum
1462 5147 1530 5201 sit
1563 5147 1723 5200 homo
1755 5161 1768 5208 ;
1798 5154 2088 5199 esttamen

518 5242 679 5296 etiam
735 5243 814 5296 sic
865 5258 967 5295 non
1013 5257 1172 5310 supra
1229 5255 1326 5296 nos
1377 5239 1625 5294 homines
1688 5245 1933 5300 tantum,
1991 5236 2087 5289 sed

585 5425 630 5456 “
659 5420 814 5476 Juan.
851 5423 1025 5490 \‘t,65.
1110 5424 1151 5455 "
1190 5421 1206 5473 l
1244 5422 1369 5477 Cor.
1404 5436 1493 5487 xv,
1532 5420 1623 5477 47.
1701 5419 1745 5449 ’⁵⁵
1774 5416 1926 5472 Joan.
1965 5414 2158 5479 "1,15.

2196 4590 2289 4641 καὶ
2333 4589 2420 4641 ὅτε
2464 4588 2686 4657 γέγονεν
2718 4589 2844 4652 Υἱὸς
2891 4587 3423 4660 ἀνθρώπου.’ορθῶς
3477 4584 3768 4656 τοιγαροῦν

2195 4680 2288 4732 καί⁵
2309 4681 2624 4750 ἀμωμήτως
2660 4679 2872 4750 ἔχοντος
2901 4681 3031 4749 ἡμῖν
3061 4680 3155 4734 τοῦ
3184 4680 3363 4748 λόγου,
3388 4679 3514 4731 ποία
3545 4695 3628 4740 τις
3659 4676 3770 4746 ἄρα

2193 4771 2306 4832 τοῖς
2355 4770 2663 4839 φιλοψογεῖν
2727 4770 3003 4824 ἐθέλουσιν
3068 4771 3441 4842 εὐρεσιλογίας
3486 4772 3583 4841 τῆς
3635 4769 3771 4823 καθ’

2197 4859 2353 4930 ἡμῶν
2376 4862 2409 4929 ὴ
2438 4863 2728 4932 πρόφασις,
2756 4864 2801 4915 εἰ
2832 4863 3063 4933 μάχεται
3097 4866 3215 4926 ταῖς
3252 4880 3411 4916 τινων
3435 4863 3770 4932 δυσφημίαις

2195 4952 2223 5002 6
2250 4947 2713 5021 ἀναθεματισμὸς,
2743 4950 2820 5021 τῷ
2859 4950 3044 5018 ψεύδει
3079 4952 3139 5003 τὸ
3171 4950 3369 5021 ἀληθὲς
3413 4948 3724 5015 ἀντεξάγων
3750 4965 3767 5013 ;

2194 5041 2363 5116 Οῐμαι
2396 5046 2454 5098 δὲ
2486 5044 2660 5111 ἔγωγε
2685 5044 2803 5096 κατ’
2827 5041 3017 5097 οὐδένα
3045 5042 3245 5114 τρόπον
3273 5041 3653 5111 ἡμαρτηκέναι
3675 5039 3769 5093 τοῦ

2197 5137 2522 5208 πρέποντος,
2544 5135 2842 5206 είοΧριστὸν
2862 5134 2998 5207 ἔφην
3024 5134 3164 5205 ὑπὲρ
3186 5136 3353 5203 ἡμᾶς.
3375 5133 3557 5203 Εἰγάρ
3575 5132 3667 5185 καὶ
3685 5134 3772 5197 γέ-

2196 5250 2351 5301 γονεν
2372 5232 2656 5304 ἄνθρωπος
2673 5232 2700 5283 6
2715 5229 2809 5283 τοῦ
2838 5228 2972 5281 Θεοῦ
2986 5227 3177 5297 Λόγος,
3202 5228 3313 5281 ἀλλ’
3342 5226 3454 5280 ἔστι
3476 5228 3571 5281 καὶ
3590 5224 3766 5289 οὕτως

1586 5602 1761 5655 Variae
1788 5599 2043 5654 lectiones
2074 5612 2136 5651 ex
2173 5594 2356 5649 codice
2392 5592 2761 5662 Seguieriano.

601 5790 619 5835 ι
646 5794 1025 5847 πιστεινόντων.
1105 5801 1141 5829 η’
1166 5791 1198 5845 ἃ
1228 5786 1380 5863 μόνη.
1462 5796 1487 5827 ιι
1516 5784 1775 5857 ἐντίθησι.
1854 5782 1876 5807 ⁸
1912 5781 2293 5853 ἐπιμενόντων.
2376 5789 2400 5827 Ρ
2430 5777 2484 5830 δὲ
2514 5774 2619 5832 τόν.
2698 5782 2725 5824 (ι
2757 5772 3227 5845 προεζητήσαμεν.
