4116 6332
974 373 1508 435 APOLOGETICUS
1544 371 1680 426 Ριιο
1726 369 1813 423 XII
1855 369 1983 424 CAP

2093 368 2164 425 BI.‘
2178 370 2217 423 S
2253 368 2526 427 CONTRA
2565 362 3019 422 ORIENTALES.
3516 358 3622 414 378

375 506 475 573 οὐχ
496 502 633 573 ὑπέρ
656 518 717 568 γε
752 500 946 572 μόνους
978 502 1146 571 ἡμᾶς,
1175 499 1311 553 ἀλλὰ
1340 498 1433 550 καὶ
1462 495 1594 565 ὑπὲρ
1641 494 1818 546 πᾶσαν
1852 492 1952 562 τὴν
1983 541 1987 551 ,

2093 493 2217 546 tiam
2262 507 2424 557 supra
2473 503 2688 543 omnem
2720 498 3044 540 creaturam.
3114 479 3229 534 Non
3260 476 3401 531 cnim
3441 476 3614 529 solum

378 570 553 647 κτίσιν
574 609 587 622 ο
604 570 668 646 οὐ
684 570 793 662 γάρ
817 591 975 652 μόνον
997 570 1281 662 ἅνθρωπος
1301 590 1502 641 νοεῖται
1529 588 1622 638 καὶ
1641 584 1759 638 καθ’
1780 584 1949 653 ἡμᾶς,

2093 598 2216 637 οιιιο
2243 582 2559 649 intelligitur
2579 618 2595 644 ,
2623 590 2678 633 et
2704 580 2843 632 sicut
2875 590 2975 629 nos
3005 591 3020 638 ;
3048 572 3144 627 sed
3183 572 3321 625 idem
3349 570 3462 638 ipse
3505 582 3623 620 rur-

381 685 495 737 ἀλλ’
525 686 553 737 6
577 683 737 747 αὐτὸς
765 682 924 737 πάλιν
950 682 1083 745 Θεὸς
1115 682 1342 746 ἄνωθεν,
1377 680 1471 733 καὶ
1504 679 1563 743 ἐξ
1587 675 1841 747 ούρανοῦ.

2093 691 2148 731 us
2176 675 2317 730 Deus
2346 676 2655 735 desursum,
2684 681 2742 725 et
2777 670 2843 724 de
2875 667 3038 722 coelo.

805 791 1393 845 ΑΝΑΘΕΜΑἸΊΣΜΟΣ
1432 790 1530 842 IB'.

2340 804 2497 876 195
2525 795 3161 858 ANATIIEMATISMUS
3192 793 3307 848 XII.

374 385 477 438 επ

453 907 523 961 Εἴ
548 925 629 970 τις
662 908 760 977 οὐχ
800 908 1053 977 ὁμολογεῖ
1084 905 1174 958 τὸν
1205 902 1298 957 τοῦ
1345 901 1477 954 Θεοῦ
1510 901 1682 968 Λόγον
1716 897 1957 951 παθόντα

388 998 575 1069 σαρκὶ,
605 1000 700 1050 καὶ
743 994 1154 1066 ἐσταυρωμένον
1207 994 1391 1065 σαρκὶ,
1422 993 1516 1046 καὶ
1566 991 1797 1045 Θανάτου
1829 1007 1959 1057 γευ-

390 1092 624 1160 σάμενον
663 1089 845 1159 σαρκὶ,
878 1089 1136 1158 γεγονότα
1170 1105 1229 1140 τε
1269 1087 1611 1158 πρωτότοκον
1638 1086 1701 1137 ὲκ
1730 1083 1958 1152 νεκρῶν,

388 1182 519 1237 καθὸ
573 1182 685 1255 ζωή
741 1182 877 1245 ἐστι,
914 1180 1009 1233 καὶ
1050 1177 1332 1243 ζωοποιδς,
1376 1176 1452 1238 ώς
1498 1174 1663 1236 Θεός⁸
1716 1172 1963 1242 ἀνάθεμα

389 1275 549 1329 ἔστω.
1505 1272 1513 1281 “

695 1385 1065 1455 Ἄντίρῤησις
1105 1382 1223 1437 τῶν
1259 1380 1659 1439 ἀνατολικῶν.

462 1499 632 1555 Πάλιν
663 1497 897 1553 ἐνταῦθα
923 1498 1030 1551 τῶν
1057 1496 1219 1550 αὐτοῦ
1244 1497 1418 1564 λόγων
1449 1494 1612 1548 αὑτὸν
1655 1492 1966 1563 ὑπομιμνή-

2132 915 2187 970 Si
2214 916 2335 986 quis
2372 930 2474 968 non
2499 912 2793 968 conﬁtetur
2817 910 2914 965 Dei
2949 907 3184 963 Verbum
3222 918 3383 957 carne
3411 914 3625 970 passum

2061 1021 2114 1064 et
2155 1008 2470 1063 cruciﬁxum
2504 1021 2659 1071 esse,
2686 1014 3023 1071 mortemque
3071 1013 3232 1053 carne
3267 1005 3513 1066 gustasse
3546 991 3627 1056 δ’,

2063 1114 2164 1153 nec
2199 1114 2302 1152 non
2334 1096 2749 1166 primogenitum
2785 1109 2849 1149 ex
2892 1091 3117 1146 mortuis
3150 1089 3348 1144 factum
3385 1101 3503 1141 esse
3532 1085 3577 1116 '°
3607 1120 3637 1146 ι

2063 1201 2329 1260 quatenus
2371 1190 2622 1244 nimirum
2654 1199 2712 1243 ut
2745 1188 2885 1243 Deus
2918 1186 3025 1239 vita
3072 1193 3127 1240 et
3161 1181 3446 1237 viviﬁcans
3499 1186 3583 1233 est
3615 1194 3630 1230 :

2065 1281 2351 1335 anathema
2384 1279 2475 1333 sit.

2514 1385 2862 1440 Orientalium
2910 1382 3193 1454 oppositio.

2137 1502 2333 1558 Iterum
2356 1500 2446 1555 hic
2474 1515 2597 1554 eum
2634 1495 3151 1553 commouel’acimus
3180 1503 3490 1547 sermonum
3521 1501 3640 1541 suo-

398 1609 619 1662 σκομεν.
647 1593 722 1657 t'o;
770 1594 946 1662 πάντη
990 1592 1177 1662 άπαθῆ
1224 1591 1321 1662 τὴν
1366 1589 1516 1643 θείαν
1546 1587 1706 1657 φύσιν
1735 1587 1883 1654 λέγει
1910 1587 1967 1638 ἐν

2093 1610 2189 1648 'um
2217 1595 2268 1648 iu
2298 1605 2446 1647 tomo
2475 1593 2671 1660 primo,
2720 1589 2955 1658 qualiter
2983 1587 3208 1642 omnino
3254 1579 3639 1652 Impassibilem

395 1683 473 1754 τῷ
498 1682 696 1756 πρώτῳ
726 1686 875 1754 τόμῳ
903 1685 1129 1751 φάσκων
1176 1681 1348 1746 οὕτως
1368 1698 1383 1715 ο
1434 1676 1529 1743 Εἷς
1563 1675 1655 1733 οὖν
1691 1681 1721 1733 ὁ
1753 1678 1971 1732 πάντων

2093 1689 2307 1743 livinam
2341 1696 2589 1741 naturam
2621 1684 2754 1739 dicit
2792 1684 2875 1738 his
2910 1681 3093 1737 verbis
3126 1699 3141 1735 :
3177 1678 3328 1734 Unus
3348 1675 3514 1746 igitur
3550 1672 3638 1727 ille

397 1776 689 1847 ἀξιώτερος
710 1777 807 1847 τὴν
835 1775 969 1830 ἰδίαν
992 1776 1132 1843 ὑπὲρ
1159 1775 1377 1829 πάντων
1404 1772 1616 1826 τέθεικε
1638 1771 1817 1842 ψυχήν
1841 1786 1853 1797 ·
1877 1769 1969 1823 καὶ

2093 1782 2323 1835 ιιιιιιίιιιιε
2349 1778 2657 1850 pretiosior,
2693 1775 2966 1845 propriam
3008 1786 3108 1843 pro
3135 1770 3293 1826 nobis
3319 1768 3496 1838 posuit
3526 1767 3648 1820 ani-

401 1867 673 1935 συγχωρεῖ
717 1865 1077 1934 οἰκονομικῶς
1124 1861 1587 1927 καταϐιϐάζεσθαι
1628 1860 1763 1932 πρὸς
1798 1858 1971 1929 βραχὺ

398 1957 476 2025 τῷ
521 1957 733 2027 θανάτῳ
775 1956 873 2027 τὴν
924 1958 1133 2027 σάρκαο
1179 1956 1497 2026 κατήργηκε
1529 1953 1586 2005 δὲ
1622 1951 1783 2005 πάλιν
1812 1950 1973 2003 αὑτὸν

398 2050 473 2115 ώς
492 2052 625 2122 ζωὴ,
646 2050 834 2103 παθεῖν
851 2050 950 2102 οὐκ
968 2050 1333 2119 ἀνασχόμενος
1362 2047 1423 2100 τὸ
1441 2064 1515 2101 πα
1525 2046 1592 2115 ρὰ.
1634 2044 1793 2112 φύσιν
1819 2042 1974 2095 ἰδίαν.

402 2141 658 2210 Εἷπωμεν
705 2136 797 2193 οὖν
846 2138 994 2209 αὐτῷ
1025 2136 1477 2206 ὲναντιολογοῦντι
1496 2155 1510 2166 ·
1554 2136 1679 2199 ΙΙῶς
1705 2131 1796 2187 οὖν
1826 2136 1855 2187 6
1876 2134 1977 2203 τὴν

404 2236 583 2305 σάρκα
616 2233 913 2304 συγχωρῶν
946 2233 1080 2303 πρὸς
1127 2232 1297 2303 βραχὺ
1331 2232 1408 2302 τῷ
1438 2231 1651 2301 θανάτῳ
1683 2228 1979 2284 καταϐιϐά-

404 2321 608 2387 ζεσθαι,
638 2324 732 2375 καὶ
776 2320 1069 2393 καταργῶν
1093 2322 1183 2374 τὸν
1212 2322 1439 2375 θάνατον
1466 2321 1542 2384 ὡς
1573 2321 1705 2390 ζωὴ,
1738 2320 1836 2373 οὐκ
1880 2320 1979 2373 dv-

406 2417 657 2485 εχόμενος
705 2414 897 2467 παθεῖν
940 2415 1002 2467 τὺ
1032 2414 1183 2485 παρὰ
1226 2414 1384 2481 φύσιν
1424 2414 1581 2478 ἰδίαν,
1614 2413 1708 2466 νῦν
1747 2412 1887 2466 κατὰ
1921 2414 1981 2465 σὲ

408 2506 602 2574 πάσχει
629 2505 716 2559 διὰ
742 2505 841 2576 τῆς
870 2507 1071 2575 σαρκός
1096 2525 1110 2571 ;
1156 2507 1297 2559 Ἀλλ’
1323 2507 1421 2560 οῦκ
1451 2506 1650 2558 ἔπαθεν
1683 2508 1711 2559 6
1743 2506 1875 2568 Θεὸς
1910 2508 1977 2576 τῇ

410 2597 573 2666 σαρκὶ
624 2598 987 2668 συνημμένος,
1034 2598 1149 2652 ἀλλ’
1176 2600 1209 2667 ἡ
1263 2597 1399 2668 σὰρξ
1450 2597 1700 2668 ἡνωμένη
1864 2597 1985 2667 Θεῴ

408 2687 568 2758 Λόγῳ
599 2688 739 2740 κατὰ
763 2689 862 2760 τὴν
886 2687 1051 2742 αὑτοῦ
1079 2688 1426 2761 συγχώρησιν
1456 2689 1523 2743 τὰ
1553 2692 1728 2743 οἰκεῖα
1758 2690 1984 2761 ὑπέμει-

409 2794 522 2832 νεν.
549 2777 623 2830 Οὐ
668 2779 777 2848 γὰρ
824 2779 900 2849 μὴ
936 2778 1101 2831 αὑτοῦ
1140 2780 1573 2851 συγχωροῦντος,
1603 2780 1794 2843 πάθος,
1828 2780 1861 2852 ἢ
1892 2782 1986 2835 θά-

411 2886 571 2933 νατος
600 2871 905 2939 ἐπεγένετο.
943 2872 1005 2925 Εἰ
1035 2872 1143 2945 γὰρ
1168 2872 1346 2943 ψυχῆς
1378 2872 1659 2945 παρούσης
1687 2874 1787 2927 οὐκ
1808 2875 1987 2942 ἐπιγί-

414 2976 565 3015 νεται
594 2960 844 3027 θάνατος,
879 2962 995 3025 πῶς
1022 2962 1087 3016 ἂν
1112 2962 1249 3016 Θεοῦ
1290 2965 1575 3035 παρόντος,
1606 2965 1701 3019 καὶ
1729 2967 1789 3019 οὐ
1827 2965 1986 3036 μόνον

394 3056 679 3123 ’παρόντος
709 3053 919 3118 ἁπλῶς,
948 3054 1084 3108 ἀλλὰ
1125 3054 1223 3108 καὶ
1267 3056 1612 3127 συνημμένου
1659 3058 1780 3110 κατ’
1811 3058 1987 3127 ἄκραν

2079 1887 2219 1926 mam
2249 1873 2340 1936 ⁸¹;
2392 1881 2447 1925 et
2500 1870 2742 1940 permisit
2796 1863 3161 1935 dispensative
3216 1874 3435 1915 carnem
3487 1872 3645 1912 suam

2078 1963 2226 2018 brevi
2268 1973 2510 2031 tempore
2537 1976 2567 2015 a
2602 1970 2776 2015 morte
2811 1955 3059 2026 deprimi,
3089 1963 3143 2007 et
3180 1966 3368 2007 rursus
3416 1958 3646 2003 mortem

2079 2055 2361 2109 evacuavit
2392 2063 2447 2108 ut
2473 2054 2580 2107 vita
2604 2092 2619 2118 ,
2660 2067 2764 2105 non
2796 2050 3070 2104 sustinens
3097 2047 3206 2115 pati
3226 2086 3243 2110 ,
3276 2041 3418 2113 quod
3454 2050 3649 2111 praeter

2082 2159 2328 2203 naturam
2375 2162 2526 2202 suam
2575 2153 2679 2201 est.
2731 2145 2985 2199 Dicamus
3048 2141 3213 2211 igitur
3243 2136 3344 2204 ipsi
3377 2130 3652 2189 contraria

2083 2242 2325 2311 loquenti
2353 2257 2366 2294 :
2402 2238 2686 2307 Quomodo
2710 2251 2838 2307 ergo
2862 2235 2951 2304 qui
2979 2232 3222 2304 permisit
3248 2241 3467 2285 carnem
3491 2238 3653 2280 suam

2082 2334 2231 2390 brevi
2290 2344 2531 2401 tempore
2564 2346 2596 2385 a
2637 2341 2812 2384 morte
2857 2325 3120 2397 deprimi,
3173 2332 3229 2378 et
3278 2320 3370 2392 qui
3424 2326 3654 2372 mortem

2083 2435 2329 2489 evacuat,
2363 2432 2546 2493 utpote
2568 2424 2701 2489 vita,
2732 2436 2837 2475 non
2861 2419 3136 2474 sustinens
3159 2415 3265 2485 pati
3293 2413 3434 2482 quod
3461 2420 3659 2477 praeter

2087 2528 2334 2571 naturam
2375 2532 2528 2571 suam
2564 2523 2667 2579 est,
2694 2528 2833 2568 nunc
2855 2551 2871 2576 ,
2905 2519 2964 2565 ut
2994 2520 3048 2563 tu
3078 2508 3301 2569 asseris,
3335 2503 3541 2574 patitur
3561 2508 3661 2568 per

2088 2622 2306 2662 carnem
2339 2607 2365 2659 ’ἶ
2394 2604 2499 2661 Sed
2538 2620 2641 2659 non
2677 2612 2759 2657 est
2811 2616 3001 2671 passus
3050 2599 3192 2653 Deus
3238 2595 3386 2650 carni
3432 2591 3657 2653 unitus;

2089 2703 2185 2756 sed
2213 2713 2341 2755 caro
2380 2699 2666 2766 conjuncta
2698 2695 2811 2750 Deo
2846 2692 3020 2747 Verbo
3042 2732 3059 2758 ,
3087 2690 3205 2760 ejus
3230 2687 3497 2758 permissu
3531 2695 3661 2751 pro-

2090 2792 2202 2860 pria
2220 2789 2496 2844 sustinuit.
2517 2785 2631 2841 Non
2654 2785 2801 2840 enim
2834 2781 2915 2836 vel
2950 2779 3131 2851 passio
3152 2819 3168 2844 ,
3196 2775 3279 2830 vel
3320 2785 3469 2828 mors
3496 2768 3664 2823 adve-

2092 2883 2321 2945 nissent,
2341 2879 2442 2932 nisi
2469 2879 2587 2946 ipse
2612 2868 3116 2945 permisisset.Nam
3131 2867 3175 2923 si
3198 2864 3377 2920 anima
3397 2865 3665 2932 praesente

2090 2988 2199 3028 non
2213 2971 2357 3025 venit
2368 2985 2531 3031 mors.
2548 2967 2814 3037 quomodo
2835 2964 2939 3018 Deo
2957 2967 3220 3032 praesente
3235 2971 3335 3011 nec
3344 2953 3515 3009 solum
3528 2964 3668 3021 pra:-

2093 3074 2247 3121 sente
2270 3062 2606 3131 simpliciter,
2621 3060 2713 3114 sed
2731 3058 2893 3113 etiam
2906 3053 3193 3124 coniuncto
3214 3046 3507 3103 secundum
3521 3055 3671 3095 sum-

413 3144 540 3198 τινὰ
584 3146 795 3209 ἕνωσιν,
823 3145 917 3198 καὶ
958 3146 1108 3216 αὺτῷ
1156 3146 1303 3217 μόνῳ
1347 3149 1722 3219 καταληπτὴν,
1758 3149 1987 3219 ἠνώχλει

2097 3173 2238 3211 mam
2275 3154 2561 3225 quamdam
2593 3160 2645 3206 et
2684 3152 2781 3219 ipsi
2809 3147 2907 3204 soli
2939 3139 3481 3215 comprehensibilem
3516 3133 3670 3188 unio-

415 3234 497 3305 τῷ
524 3235 707 3305 οἰκείῳ
736 3235 871 3305 ναῷ,
910 3236 984 3306 μὴ
1010 3238 1415 3307 συγχωροῦντος
1440 3238 1627 3301 αὑτοῦ,
1670 3239 1701 3310 ἢ
1734 3241 1924 3304 παθος,
1958 3240 1991 3313 ἢ

421 3328 690 3392 θάνατοςς
733 3327 893 3381 Ἀλλὰ
924 3327 1035 3399 γὰρ
1069 3328 1169 3399 οὐχ
1202 3330 1235 3399 ἡ
1267 3328 1467 3400 Θεότης
1496 3333 1563 3400 τῇ
1594 3334 1760 3402 σαρκὶ
1795 3349 1995 3404 συνημ-

428 3421 561 3492 μένη
611 3421 847 3475 ἔπαθενο
879 3421 990 3474 ἀλλ’
1020 3424 1053 3491 ἡ
1102 3421 1235 3492 σὰρξ
1280 3424 1665 3494 συγχωρούσης
1714 3424 1882 3496 αὐτῆς
1926 3426 1996 3481 τά

423 3517 598 3569 οἰκεῖα
637 3516 949 3585 ὑπέμεινεν.
996 3514 1135 3567 Ἀλλ’
1165 3515 1245 3568 ὅτι
1276 3515 1600 3587 κακούργως
1638 3517 1786 3589 αὐτῷ
1818 3523 1997 3574 κεῖται

425 3594 488 3661 τὸ
533 3607 740 3661 Ἔπαθε
772 3607 953 3676 σαρκὶ,
978 3610 1116 3678 πρὸς
1162 3606 1410 3677 πλάνηντ
1456 3607 1567 3661 τῶν
1601 3609 1998 3681 ἀφελεστέρων,

429 3700 694 3773 πρόδηλον
729 3700 982 3755 αὐτόθεν⁹
1019 3701 1080 3754 ού
1130 3700 1242 3771 γὰρ
1290 3701 1523 3769 ἐφύλαξε
1570 3702 1631 3755 τὸ
1675 3703 1883 3767 ἀπαθὲς
1932 3709 1998 3777 τῇ

430 3794 552 3865 θείᾳ
601 3793 779 3862 φύσει,
828 3794 886 3846 Ὁ
916 3792 1110 3861 εἰπὼν,
1157 3792 1369 3846 Ἔπαθε
1417 3796 1602 3864 σαρκὶ,
1644 3794 1793 3848 οὐδὲν
1817 3795 2001 3865 ἕτερον

433 3887 559 3957 ἔφη,
589 3886 623 3957 ἢ
659 3886 798 3956 μετὰ
844 3886 1045 3957 σαρκὸς
1070 3885 1282 3939 παθεῖν.
1312 3885 1430 3939 Κᾶν
1460 3884 1552 3941 οὖν
1580 3887 1718 3956 μετὰ
1745 3888 1844 3958 τῆς
1875 3906 2005 3957 σαρ-

432 3979 528 4042 κὸς
550 3977 740 4042 ἔπαθε,
769 3976 1008 4048 παθητὸς
1038 3977 1485 4048 ώμολόγηται.Ἢ
1518 3982 1629 4051 γὰρ
1677 3980 1819 4033 κατὰ
1845 3979 2007 4050 φύσιν

436 4071 572 4141 ἔχων
600 4070 661 4123 τὸ
686 4069 878 4123 παθεῖν
900 4081 948 4135 ³,
983 4069 1204 4135 ἔπαθεν,
1234 4071 1267 4141 ἢ
1298 4070 1448 4142 παρὰ
1475 4069 1655 4140 φύσιν.
1691 4074 1799 4125 Καὶ
1826 4074 1873 4125 εἰ
1907 4074 2005 4143 μὲν

437 4161 578 4215 κατὰ
628 4160 789 4231 φύσιν
835 4161 1057 4225 ἔπαθεν,
1088 4161 1241 4215 ἔσται
1288 4162 1382 4239 καὶ
1426 4164 1454 4215 ὁ
1503 4163 1692 4233 Πατὴρ
1744 4164 2005 4232 παθητὸς,

436 4249 719 4321 όμοούσιος
749 4249 823 4303 ὣν
856 4251 932 4321 τῷ
966 4251 1112 4321 Υἰῷο
1144 4253 1355 4322 ἀνάγκη
1401 4251 1511 4323 γάρ
1560 4256 1840 4323 προσεῖναι
1870 4254 2008 4306 πάν-

439 4359 545 4405 τως
588 4341 666 4411 τῷ
715 4342 1085 4413 γεγεννηκότι,
1118 4343 1219 4395 ὅσα
1250 4342 1327 4412 τῷ
1357 4342 1666 4413 γεννηθέντι
1695 4344 2005 4415 πρόσεστιν.

443 4433 508 4487 Ἢ
557 4433 923 4504 ὁμολογοῦμεν
955 4433 1116 4486 αὑτὸν
1168 4434 1265 4503 μὲν
1315 4434 1660 4498 πεπονθέναι,
1691 4435 2010 4504 ἐπιτηδείως

2103 3263 2248 3312 nem,
2283 3247 2529 3300 turbaret
2563 3244 2681 3311 ejus
2712 3239 2991 3304 templum,
3017 3236 3134 3302 ipso
3163 3247 3269 3287 non
3298 3226 3670 3312 permittente,

2100 3337 2185 3392 vel
2239 3334 2457 3407 passio,
2504 3333 2589 3385 vel
2646 3328 2851 3385 mors?
2916 3326 3077 3395 Atqui
3133 3337 3238 3377 non
3291 3318 3461 3373 deitas
3520 3311 3671 3368 carni

2104 3429 2252 3483 unita
2290 3442 2445 3497 passa
2490 3424 2628 3489 fuit;
2659 3423 2750 3477 sed
2794 3434 2963 3483 caro,
2996 3418 3115 3485 ipso
3142 3410 3508 3484 permittente,
3546 3418 3673 3497 pru-

2103 3522 2219 3593 pria
2258 3494 2535 3575 sustinuit.
2576 3516 2839 3571 Croterum
2892 3510 3035 3579 quod
3096 3504 3329 3574 maligne
3378 3500 3445 3552 ab
3487 3512 3553 3552 eo
3573 3494 3674 3548 atl-

2105 3589 2273 3669 ditum
2317 3612 2389 3668 sit
2430 3612 2553 3674 hoc,
2591 3608 2810 3662 Passum
2848 3612 2931 3659 est
2962 3611 3163 3665 carne,
3199 3594 3266 3649 ad
3306 3589 3676 3647 seductionem

2106 3705 2490 3774 simpliciorum
2511 3741 2528 3767 ,
2563 3699 2796 3753 indidem
2831 3696 2936 3749 erit
2958 3688 3300 3745 manifestum
3335 3702 3350 3739 :
3388 3695 3491 3774 non
3516 3676 3676 3774 enim

2108 3766 2341 3850 servavit
2383 3787 2769 3861 impassibilem
2796 3783 3034 3839 divinam
3059 3787 3329 3833 naturam.
3368 3768 3472 3838 Qui
3499 3766 3670 3828 dixit,

2109 3888 2334 3944 Passum
2381 3893 2465 3939 est
2508 3895 2705 3946 carne,
2753 3877 2885 3932 nihil
2938 3873 3081 3929 aliud
3135 3867 3307 3933 dixit,
3352 3875 3515 3933 quam
3556 3869 3679 3956 cum

2111 3992 2274 4034 carne
2305 3975 2475 4030 fuisse
2519 3986 2755 4043 passum.
2812 3964 3068 4033 Quamvis
3099 3974 3228 4029 ergo
3266 3971 3388 4012 cum
3425 3962 3592 4006 carne
3614 3954 3683 4000 sit

2112 4084 2330 4141 passus,
2361 4039 2711 4120 nihilominus
2739 4057 3011 4128 passibilis
3064 4050 3348 4107 asseritur.
3392 4045 3499 4098 Aut
3535 4039 3682 4095 enim

2113 4161 2409 4217 secundum
2446 4166 2697 4212 naturam
2728 4151 2932 4207 habens
2962 4157 3020 4202 ut
3048 4150 3344 4217 pateretur,
3367 4146 3449 4193 est
3472 4145 3683 4203 passus,

2114 4263 2208 4307 aut
2230 4260 2423 4321 praeter
2450 4258 2719 4302 naturam.
2760 4243 2839 4297 Ac
2870 4243 2914 4296 si
2940 4236 3235 4295 secundum
3279 4240 3529 4286 naturam
3557 4237 3684 4321 pas-

2114 4362 2205 4399 sus
2230 4314 2369 4400 Iest.
2413 4340 2519 4395 erit
2561 4348 2616 4393 et
2652 4337 2815 4391 Pater
2853 4329 3123 4404 passibilis
3146 4368 3162 4391 ,
3208 4314 3688 4380 consubstantialis

2116 4439 2383 4493 exsislens
2432 4431 2588 4487 Filio.
2638 4428 2871 4484 Necesse
2933 4433 3017 4480 est
3056 4421 3199 4475 enim
3266 4413 3448 4470 omnia
3498 4410 3689 4464 adesse

442 4502 631 4597 ἔχοντα
662 4527 796 4597 πρὸς
829 4502 889 4579 τὸ
923 4527 1115 4590 πάθος,
1137 4502 1225 4580 τδν
1253 4526 1309 4579 δὲ
1334 4526 1550 4598 Πατέρα
1574 4527 1765 4580 παθεῖν
1792 4502 1867 4598 μη
1888 4529 1987 4579 επις

2116 4527 2345 4601 genitori
2384 4540 2503 4595 quae
2549 4519 2716 4576 soboli
2747 4517 2963 4571 adsunt.
3005 4512 3111 4566 Aut
3140 4502 3521 4601 conﬁtebimur
3564 4510 3687 4549 eum

442 4591 863 4690 52XEO‘91I."ADU
878 4617 1019 4671 οὕτω
1032 4618 1281 4686 λέγοντες
1302 4591 1682 4687 συναινέσομεν
1704 4591 1987 4687 αἱρετικοῖς

2119 4623 2334 4691 quidem
2381 4631 2595 4687 passum
2633 4626 2790 4675 esse,
2822 4618 3007 4676 utpote
3050 4613 3236 4674 aptum
3273 4596 3338 4651 ad
3359 4591 3689 4691 passionem,

445 4676 659 4779 λέγουσι
698 4709 798 4781 τὴν
837 4709 1064 4780 θεότητα
1097 4676 1190 4763 τοῦ
1229 4676 1549 4781 μονογενοῦς
1578 4676 1706 4763 λ’ἱοῦ
1745 4676 1987 4781 παθητὴν

2123 4676 2287 4783 196
2302 4676 2519 4762 Pairem
2544 4718 2674 4759 vero
2695 4718 2798 4755 non
2825 4697 3109 4753 admittere
3132 4687 3457 4783 passionem.
3490 4676 3690 4783 verum

444 4769 542 4871 τὴν
581 4802 637 4855 δὲ
669 4769 766 4855 τοῦ
797 4769 1007 4873 Πατρδς
1039 4802 1113 4873 μὴ
1140 4769 1479 4873 ἐπιδέχεσθαι
1525 4769 1725 4866 πάθος·
1762 4769 1892 4854 ὅθεν,
1925 4769 1987 4855 κα

2121 4769 2514 4859 vdicentes
2560 4792 2966 4850 consentiemus
3030 4780 3299 4839 haereticis
3367 4769 3690 4829 dicentibus,

446 4865 512 4947 τό
551 4894 886 4965 ὲτεροούσιον
915 4865 1184 4962 λέγουσιν.
1220 4865 1365 4947 Είδὲ
1397 4895 1627 4964 φήσουσι
1675 4894 1826 4964 παρὰ
1858 4892 1986 4960 φύσι

2123 4897 2377 4952 deitatem
2430 4888 2692 4958 unigeniti
2753 4884 2874 4939 Filii
2922 4876 3274 4950 passibilem,
3337 4865 3517 4965 Patris
3562 4873 3693 4965 vero

449 4986 609 5039 αὐτὸν
638 4953 1246 5056 πεπονθέναιξέροῦμεν
1265 5003 1277 5017 ·
1308 4953 1420 5039 Καί
1437 4953 1588 5038 ποῖον
1615 4953 1783 5048 πάθος
1811 4953 1987 5055 ἰσχυρά

2127 4988 2380 5042 deitatem
2408 4999 2512 5037 non
2539 4979 2826 5035 admittere
2851 4972 3153 5042 passionem
3185 4983 3198 5019 :
3223 4962 3362 5017 unde
3395 4958 3539 5012 illam
3562 4953 3695 5056 alte-

449 5095 607 5148 τερον
632 5080 733 5149 τῆς
761 5078 911 5141 θείας
936 5044 1169 5148 φύσεως,
1196 5077 1334 5131 ὥστε
1362 5079 1442 5142 εἰς
1470 5079 1529 5131 τὸ
1561 5077 1712 5147 παρὰ
1736 5044 1895 5145 φύσις
1921 5044 1987 5130 τὶά

2130 5080 2241 5133 rius
2302 5074 2616 5130 substantiae
2664 5083 2786 5124 esse
2835 5064 3046 5120 dicunt.
3106 5057 3163 5113 Si
3213 5063 3390 5109 autem
3439 5044 3693 5149 dixerint,

452 5134 543 5234 θος
573 5134 797 5224 ἑλκύσαι
828 5134 919 5225 τὸν
948 5134 1101 5224 ’κατὰ
1129 5134 1305 5239 ,ερύσιν
1352 5134 1572 5240 ἀπαθῆς
1613 5134 1775 5222 ἰλλλά
1821 5185 1984 5240 φησιν

2128 5176 2322 5237 praeter
2369 5174 2614 5217 naturam
2668 5160 2840 5228 ipsum
2884 5166 3100 5225 passum
3144 5162 3262 5201 esse
3285 5187 3297 5210 ,
3322 5143 3563 5197 dicemus
3593 5154 3604 5189 :
3633 5134 3698 5187 Et

453 5262 626 5316 Αὐτοῦ
676 5262 953 5333 βούλησις.
1011 5236 1174 5315 Ἀλλά
1202 5278 1413 5332 φαμεν·
1457 5236 1719 5315 ἰι-αὐτοῦ
1774 5236 1987 5330 βούλησε

2129 5236 2248 5328 quae
2281 5256 2458 5326 passio
2494 5253 2684 5308 fortior
2714 5259 2797 5305 est
2827 5247 3003 5302 divina
3035 5254 3225 5298 natura
3254 5278 3269 5302 ,
3303 5236 3375 5289 ita
3406 5243 3465 5287 ut
3506 5240 3696 5333 natura

454 5316 694 5425 duuilqu
735 5316 1013 5425 Ζητοῦμεν
1047 5355 1103 5408 δὲ
1134 5316 1307 5419 πάθος
1336 5356 1396 5410 τὸ
1424 5355 1523 5426 τὴν
1551 5354 1734 5424 ἅπαθῆ
1763 5316 1987 5422 (adsumsi

2134 5316 2524 5419 iinpa'ssibilem
2549 5342 2780 5415 passioni
2800 5347 2994 5411 prteter
3010 5343 3257 5389 naturam
3279 5319 3563 5396 subjiciat?
3593 5316 3698 5374 Sed

530 5511 573 5540 δ’
609 5508 771 5564 llebr.
803 5527 863 5573 ιι,
888 5507 943 5564 9.
1021 5510 1068 5541 ⁸⁰
1110 5509 1316 5566 Coloss.
1354 5527 1388 5575 ι,
1426 5512 1509 5565 18.
1586 5511 1629 5542 ³¹
1657 5509 1811 5564 Joan.
1849 5524 1925 5569 tn,
1971 5504 2054 5560 l6.

1519 5664 1691 5718 γει-ιω
1721 5661 1975 5717 lectiones
2002 5675 2067 5716 ex
2098 5657 2281 5714 codice
2305 5654 2679 5727 Seguicriano.

542 5810 565 5843 ν
596 5802 877 5874 πλάνησιν.
956 5812 976 5840 ⁸
1016 5800 1195 5864 παθος.
