4116 6332
437 302 543 359 3‘79

1440 301 1497 355 S.
1543 298 1823 356 CYﬂlLLl
1861 299 2338 357 ALEXANDRINI
2382 300 2706 357 ARCHIEP.

3595 303 3700 361 380

437 422 570 475 dicit
607 437 622 473 :
660 417 788 489 Ejus
828 416 1098 473 voluntas.
1158 419 1229 471 At
1273 432 1374 473 nos
1424 418 1657 475 dicimus
1699 438 1711 472 :
1754 419 2017 475 Voluntas

2131 418 2216 490 τὴν
2248 419 2416 473 αὐτοῦ
2446 420 2756 490 ἐμπάθειαν
2788 416 3365 489 μετενέγκαν.Ἀλλως
3418 434 3475 471 τε
3522 418 3616 472 καὶ
3666 419 3698 488 ἡ

438 510 557 579 ejus
589 509 936 578 impassibilis
986 519 1066 563 est
1094 527 1108 573 ;
1140 525 1238 563 nos
1266 518 1448 563 autem
1478 512 1770 580 quaerimus
1803 514 2009 581 passio-

439 616 585 665 nem,
605 615 723 670 quze
742 600 1126 670 impassibilem
1152 607 1398 655 naturam
1432 602 1483 655 in
1504 617 1661 657 suam
1687 601 2013 671 possibilita-

439 704 542 747 tem
572 692 928 747 transtulerit.
956 692 1168 762 Alioqui
1199 702 1256 746 et
1281 692 1463 746 divina
1492 694 1739 749 voluntas
1766 694 1855 748 illa
1902 694 2015 749 vult

436 799 555 853 quae
588 799 647 838 se
675 784 888 839 decent.
941 783 1007 838 Et
1050 785 1200 852 quid,
1248 783 1450 852 inquit,
1494 786 1809 849 decentius,
1852 800 2011 854 quam

436 874 646 927 salvare
693 874 967 927 hominum
1036 887 1204 942 genus
1242 873 1267 926 2
1309 874 1374 929 Ει
1428 889 1536 943 quo
1594 884 1750 943 pacto
1801 874 2011 929 salvum

434 974 578 1016 esset
596 962 890 1016 humanum
916 977 1087 1031 genus
1106 963 1171 1017 ad
1197 963 1686 1031 impassibilitatem
1719 965 2011 1030 transiens,

436 1056 480 1109 si
519 1054 757 1108 divinant
801 1063 856 1109 et
892 1048 1275 1124 impassibil’em
1330 1065 1575 1111 naturam
1614 1058 1666 1110 in
1707 1058 2013 1127 passionem

436 1145 757 1215 pet'traliit?
809 1144 1041 1199 Omnino
1093 1145 1238 1200 enim
1279 1156 1335 1199 ut
1382 1145 1573 1200 fortior
1626 1146 1901 1200 transtulit
1946 1147 2013 1199 ad

436 1250 588 1290 suam
608 1234 1019 1303 passibilitatetn
1059 1237 1109 1290 id
1130 1236 1276 1305 quod
1296 1243 1414 1291 erat
1430 1236 1781 1307 impassibile.
1804 1235 1871 1290 Et
1890 1253 1923 1305 q
1937 1253 2017 1290 na:

436 1325 639 1379 utilitas
677 1324 914 1391 passibili
940 1361 955 1386 ,
998 1325 1042 1379 si
1080 1334 1135 1379 et
1172 1324 1502 1393 impassibile
1549 1326 1807 1394 passibile
1862 1327 1956 1379 liat
1995 1326 2019 1379 2

435 1415 595 1469 Salus
617 1426 796 1469 autem
840 1416 1113 1485 passibilis
1142 1426 1349 1471 natura:
1376 1432 1481 1471 non
1513 1427 1597 1472 est
1628 1418 1741 1486 ipsa
1782 1417 2017 1473 societas

436 1507 784 1574 impassibilis
826 1506 878 1560 in
928 1509 1177 1574 passione
1214 1526 1230 1574 ;
1264 1508 1366 1562 hoc
1410 1523 1643 1578 namque
1686 1509 1856 1579 magis
1913 1510 2019 1565 erit

436 1610 813 1671 argumentum
872 1600 1031 1664 mali,
1080 1618 1184 1656 non
1222 1603 1422 1657 ablatio
1458 1620 1471 1657 :
1516 1604 1745 1658 alterum
1798 1605 1943 1659 enim
1986 1621 2017 1660 a

434 1694 599 1748 simili
622 1708 726 1747 non
771 1694 1055 1759 aufertur,
1090 1694 1183 1748 sed
1214 1703 1462 1764 augetur.
1516 1696 1648 1762 Qua:
1684 1697 1849 1766 igitur
1871 1698 2017 1753 salus

2117 510 2240 563 θεία
2289 510 2547 580 βούλησις
2574 512 2756 564 ἐκεῖνα
2787 510 2952 573 θέλει,
2982 510 3051 562 τὰ
3089 509 3228 581 αὐτῇ
3260 508 3559 578 πρέποντα.
3593 508 3702 560 Καὶ

2116 604 2190 667 τί,
2220 605 2374 673 φησι,
2408 601 2859 673 πρεπωδέστερον
2902 600 2995 654 τοῦ
3050 600 3223 653 σῶσαι
3256 598 3318 652 τὸ
3346 598 3454 651 τῶν
3492 597 3702 668 ἀνθρὼ-

2116 714 2233 750 πων
2262 697 2448 766 γένος;
2478 696 2588 750 Καὶ
2616 694 2733 757 πῶς
2759 693 2962 765 ἥμελλε
2988 692 3049 745 τὸ
3072 691 3181 745 τῶν
3215 689 3519 761 ἀνθρώπων
3546 690 3702 757 γένος

2117 784 2541 854 περισώζεσθαι,
2578 783 2707 836 αὐτὸ
2750 786 2828 846 εἰς
2866 780 3136 836 ἀπάθειαν
3168 779 3512 850 μεταϐαῖνον,
3540 780 3572 847 ἡ
3604 778 3704 849 τὴν

2118 876 2333 941 θείανι,
2386 877 2479 930 καὶ
2527 875 2712 945 ἀπαθῆ
2766 873 2928 945 φύσιν
2978 874 3060 937 εἰς
3111 872 3282 936 πάθος
3324 870 3701 934 κατασπῶσα;

2116 969 2341 1030 Πάντως
2386 968 2493 1038 γὰρ
2541 966 2617 1029 ὡς
2670 964 2994 1036 ἰσχυροτέρα
3022 965 3101 1026 εἰς
3130 962 3190 1016 τὸ
3225 961 3425 1031 ἑαυτῆς
3461 958 3705 1030 ἐμπαθὲς

2121 1057 2421 1127 μετέστησε
2448 1057 2510 1110 τὸ
2538 1056 2767 1117 ἀπαθές.
2799 1054 2908 1107 Καὶ
2937 1053 3018 1117 τίς
3053 1053 3239 1122 ὄνησις
3269 1051 3348 1121 τῷ
3376 1048 3627 1121 παθητῷ,
3654 1050 3703 1101 εί

2118 1152 2213 1204 καὶ
2246 1150 2305 1203 τὸ
2330 1149 2540 1215 ἀπαθὲς
2576 1149 2819 1220 παθητὸν
2848 1146 3094 1216 γένοιτο;
3124 1143 3376 1215 Σωτηρία
3398 1143 3454 1196 δὲ
3478 1142 3572 1195 τοῦ
3599 1158 3705 1196 πα-

2119 1242 2281 1313 θητοῦ
2313 1242 2413 1312 οὐχ
2442 1243 2476 1312 ἡ
2514 1240 2609 1294 τοῦ
2649 1239 2892 1303 ἀπαθοῦς
2924 1239 3060 1311 πρὸς
3090 1236 3223 1289 αὐτὸ
3255 1233 3345 1288 διὰ
3369 1233 3464 1287 τοῦ
3500 1233 3705 1295 πάθους

2119 1334 2374 1389 κοινωνία
2394 1351 2407 1362 ’
2436 1333 2596 1387 τοῦτο
2628 1333 2738 1405 γὰρ
2769 1332 2969 1403 μᾶλλον
3000 1330 3226 1401 αὔξησις
3258 1327 3351 1381 τοῦ
3382 1326 3575 1389 κακοῦ,
3605 1326 3705 1379 οὐκ

2118 1430 2397 1500 ἀναίρεσις
2418 1443 2433 1456 ⁸
2464 1427 2542 1499 τῷ
2576 1427 2686 1499 γὰρ
2731 1427 2903 1498 ὁμοίῳ
2946 1426 3008 1478 τὸ
3043 1424 3231 1494 ἕτερον
3260 1421 3360 1475 οὐκ
3402 1422 3705 1491 ἀναιρεῖται

2119 1520 2255 1575 ἀλλὰ
2280 1520 2594 1586 αὐξάνεται.
2630 1519 2728 1584 Τίς
2764 1514 2856 1572 οὖν
2903 1521 2935 1589 ή
2989 1515 3233 1588 σωτηρία
3278 1513 3371 1567 τοῦ
3416 1510 3704 1581 παθητοῦ;

2132 1610 2219 1674 Ὦς
2250 1611 2481 1680 ἔφημεν,
2516 1609 2614 1679 οὐχ
2642 1609 2677 1680 ἡ
2704 1606 2800 1660 τοῦ
2826 1605 3073 1669 ἀπαθοῦς
3099 1604 3239 1675 πρὸς
3269 1600 3401 1655 αὐτὸ
3434 1599 3690 1652 κοινωνία

2120 1704 2238 1757 ἀλλ’
2265 1705 2297 1774 ἡ
2332 1702 2496 1756 αὑτοῦ
2528 1701 2665 1771 πρὸς
2693 1698 2755 1753 τὸ
2780 1698 2990 1763 ἀπαθὲς
3020 1697 3383 1769 μετάστασις·
3420 1692 3448 1746 ὃ
3487 1693 3583 1745 καὶ
3611 1707 3708 1743 πε-

437 1783 707 1854 passibilis
730 1795 812 1839 est
841 1793 1049 1839 naturae
1075 1786 1099 1839 2
1147 1784 1216 1840 Ut
1242 1785 1497 1851 diximus,
1531 1802 1634 1840 non
1668 1788 2019 1858 impassibilis

2131 1796 2349 1866 ποίηκεν
2393 1798 2421 1848 ὁ
2464 1792 2740 1865 Δεσπότης
2787 1790 3041 1864 Χριστὸς,
3070 1790 3171 1843 οὐκ
3216 1786 3379 1849 αὐτὸς
3427 1784 3568 1839 κατά
3609 1780 3708 1853 τὴν

436 1892 622 1933 secum
666 1878 718 1932 in
760 1879 1009 1946 passione
1042 1878 1308 1943 societas,
1343 1880 1436 1933 sed
1468 1880 1750 1934 translatio
1799 1880 1916 1948 eius
1947 1882 2013 1935 ad

438 1969 493 2023 id
514 2007 531 2033 ,
563 1972 725 2038 quod,
754 1979 839 2025 est
888 1972 1220 2040 impassibile
1251 1988 1265 2024 :
1298 1972 1442 2040 quod
1494 1983 1550 2026 et
1591 1972 1719 2027 fecit
1756 1973 2015 2028 Dominus

435 2060 707 2123 Christus,
737 2061 862 2114 dum
896 2077 1004 2115 non
1033 2062 1146 2132 ipse
1176 2063 1473 2118 secundum
1506 2064 1839 2119 divinitatem
1868 2065 2019 2134 deje-

436 2163 555 2206 ctus
588 2162 672 2208 est
700 2155 766 2207 ad
792 2152 1119 2222 passionem,
1137 2152 1232 2207 sed
1264 2169 1480 2207 omnem
1510 2155 1900 2209 humanitatem
1926 2172 2020 2226 per

436 2261 593 2299 suam
644 2254 886 2301 sanctam
921 2260 1138 2299 carnem
1176 2247 1228 2299 in
1267 2246 1502 2299 sublime
1535 2246 1751 2310 evexit,
1787 2258 1840 2301 et
1871 2248 2020 2303 humi

434 2336 704 2405 iacentem
732 2335 785 2389 in
814 2336 983 2390 coelos
1022 2337 1184 2390 traxit
1207 2376 1223 2401 ,
1252 2347 1307 2390 et
1337 2338 1541 2407 pridem
1579 2338 1726 2392 omni
1767 2338 2020 2395 libertate

439 2427 752 2482 destitutam
798 2428 1089 2495 adoptione
1134 2427 1369 2482 filiorum
1420 2428 1673 2497 dignatus
1724 2439 1830 2484 est.
1889 2432 2020 2498 Quis

439 2529 619 2573 autem
639 2517 854 2572 debitor
878 2528 997 2572 erat
1022 2518 1211 2571 mortis
1231 2556 1246 2583 ,
1281 2533 1401 2588 qua:
1425 2530 1593 2573 estex
1620 2519 2020 2576 inobedientia?

2123 1889 2355 1957 θεότητα
2382 1888 2461 1949 είς
2492 1886 2663 1949 πάθος
2698 1882 3147 1945 καταϐιϐασθεὶς,
3186 1879 3323 1933 ἀλλά
3351 1878 3445 1932 καὶ
3475 1876 3575 1948 τὴν
3608 1877 3705 1929 ἀν-

2123 1982 2452 2053 θρωπότητα
2498 1982 2678 2034 πᾶσαν
2712 1978 2802 2033 διὰ
2850 1977 2949 2047 τῆς
2997 1976 3157 2045 ἀγίας
3203 1975 3404 2043 σαρκὸς
3445 1971 3525 2033 εἰς
3576 1968 3709 2038 ὕψος

2124 2073 2370 2143 ἐγείρας,
2403 2071 2498 2124 καὶ
2534 2070 2635 2141 τὴν
2664 2068 2841 2140 χαμαὶ
2867 2065 3129 2136 κειμένην
3152 2064 3232 2128 είς
3263 2061 3527 2131 οὐρανοὺς
3557 2057 3711 2111 ἀνελ-

2122 2163 2335 2227 κύσας,
2390 2161 2486 2217 καὶ
2536 2161 2634 2233 τὴν
2684 2158 3133 2232 ἀπαρρησίαστον
3185 2152 3378 2225 πρώην
3440 2148 3713 2210 υἱοθεσίας

2122 2254 2383 2322 ἀξιώσας.
2419 2253 2513 2318 Τίς
2544 2254 2601 2307 δὲ
2636 2252 2929 2324 ἐχρεὼστει
2958 2250 3180 2312 πάντως
3212 2247 3304 2300 τὸν
3342 2246 3408 2299 ἐκ
3435 2243 3537 2312 τῆς
3572 2257 3711 2310 παρ-

2122 2346 2292 2414 ακοῆς
2318 2345 2549 2399 θάνατον
2576 2360 2590 2409 ;
2635 2344 2700 2396 Ἡ
2726 2340 2889 2411 φύσις
2926 2339 3194 2409 πάντωςή
3212 2332 3545 2408 ἀνθρωπεία,
3563 2330 3660 2400 οὐχ
3678 2331 3712 2399 ή

2123 2434 2268 2488 θεία.
2300 2435 2433 2487 Τίνα
2478 2430 2571 2487 οὖν
2604 2432 2897 2488 ἀκόλουθον
2932 2426 2998 2502 ἦν
3038 2427 3328 2483 ἀποδοῦναι
3377 2425 3468 2479 τὸν
3504 2423 3569 2476 ἐκ
3612 2422 3713 2490 τῆς

2122 2529 2412 2602 παρακοῆς
2437 2529 2700 2595 θάνατον;

437 2614 674 2672 Omnino
706 2618 939 2671 humana
975 2625 1167 2671 natura
1189 2653 1206 2680 ,
1229 2630 1338 2672 non
1370 2614 1573 2672 divina.
1635 2618 1808 2685 Quam
1856 2619 2021 2689 igitur
2059 2636 2483 2681 consentaneum
2550 2633 2668 2680 erat
2698 2621 3007 2695 persolvere
3070 2626 3296 2673 mortem
3320 2631 3383 2671 ex
3412 2609 3718 2669 inobedien-

444 2709 518 2761 tia
558 2708 908 2764 exsistentem
936 2708 961 2762 ?

1000 2818 1187 2891 σῃγὶΗί
1218 2819 1475 2890 defensio.

517 2941 845 2995 Admiranda
907 2939 1151 3008 profecto
1207 2938 1454 2994 veritatis
1516 2939 1753 3008 putentia
1800 2949 1927 2994 est:
1976 2940 2027 2993 id

2587 2823 2901 2893 Ἀπολογία
2939 2821 3266 2888 Κυρίλιίου.

2216 2937 2567 3006 Ἀξιάγαστος
2592 2934 2665 2999 ὡς
2694 2932 2911 3000 άληθῶς
2951 2930 3048 3001 τῆς
3096 2928 3355 3001 ἀληθείας
3382 2928 3415 2997 ἠ
3448 2926 3675 2996 δύναμις
3699 2942 3713 2956 ⁸

452 3031 598 3101 quod
630 3031 964 3101 experientia
998 3040 1251 3085 testatur.
1305 3029 1421 3085 Non
1474 3031 1617 3085 enim
1671 3030 1800 3084 mibi
1859 3030 2025 3087 nulllo

2136 3034 2229 3085 καὶ
2262 3033 2471 3102 μάρτυς
2501 3033 2534 3101 ἡ
2560 3032 2742 3100 πεῖρα.
2780 3028 2854 3080 Οὐ
2882 3025 2991 3097 γάρ
3036 3041 3125 3095 μοι
3160 3021 3372 3093 μακροῦ
3416 3020 3601 3088 δεήσει
3630 3018 3717 3071 λό-

447 3139 699 3180 sermone
729 3125 794 3177 ad
820 3124 1190 3179 defensionem
1228 3138 1361 3191 opus
1390 3134 1494 3186 est,
1514 3124 1580 3177 ad
1594 3125 2027 3193 persuadendum

448 3216 659 3272 scilicet
716 3216 1023 3284 oppositum
1082 3217 1340 3285 deceptis,
1388 3224 1445 3267 ut
1522 3216 1834 3283 opinantur,
1889 3216 2031 3284 quod

452 3308 767 3378 passibilem
790 3320 912 3362 esse
970 3308 1218 3361 dicamus
1283 3308 1524 3361 divinam
1570 3306 1730 3361 Verbi
1761 3316 2029 3372 naturam,

450 3416 576 3457 Cum
608 3399 772 3454 semel
797 3398 1091 3454 adversarii
1126 3398 1265 3453 ultro
1292 3399 1525 3455 confessi
1549 3400 1680 3464 sint,
1717 3399 1876 3469 idque
1898 3399 2034 3453 satis

452 3492 760 3562 perspicue,
791 3506 895 3544 non
933 3488 1000 3543 ab
1036 3490 1139 3543 illis
1168 3491 1487 3543 criminibus
1519 3504 1639 3544 esse
1669 3490 1898 3546 alienos.
1924 3490 2033 3545 Sed

455 3584 583 3651 quia
644 3592 938 3651 sumptum,
976 3581 1116 3651 quod
1147 3581 1518 3651 suppositione
1550 3580 1708 3652 197
1754 3596 1858 3635 non
1891 3583 2036 3637 indi»

457 3685 601 3743 geat,
627 3674 692 3726 ad
750 3688 906 3726 suum
965 3672 1176 3727 libitum
1230 3672 1535 3729 inconsulte
1598 3685 1924 3742 proponunt,
1985 3684 2037 3729 et

458 3766 679 3821 acribus
712 3767 1098 3834 cegilationum
1120 3766 1354 3819 inventis
1383 3775 1650 3819 conantur
1679 3767 1780 3818 vim
1804 3782 1916 3821 suae
1941 3784 2034 3820 sa-

458 3857 708 3927 gacitatis
734 3858 1038 3921 ostendere,
1105 3872 1168 3910 ac
1193 3858 1539 3911 vehementer
1598 3857 1887 3912 admodum
1942 3859 2038 3911 ad-

459 3956 772 4013 struunt,ut
793 3949 1166 4002 demonstrent
1198 3948 1530 4017 impassibile
1556 3949 1853 4003 secundum
1886 3967 2036 4004 suam

461 4046 711 4090 naturam
741 4053 861 4092 esse
889 4039 982 4093 Dei
1006 4038 1277 4106 Verbum;
1308 4040 1534 4094 audiant
1599 4057 1627 4093 a
1668 4042 1845 4107 nobis,
1895 4044 2038 4110 quod

460 4129 660 4183 frustra
698 4139 958 4201 pugnant,
1013 4145 1304 4201 acremque
1348 4133 1655 4198 verberant,
1710 4134 1927 4187 nemine
1986 4136 2037 4188 in

462 4221 562 4275 hoc
592 4221 671 4275 eis
701 4236 759 4274 se
787 4232 1114 4291 opponente,
1161 4223 1246 4275 vel
1300 4222 1513 4277 diversa
1565 4224 1849 4277 sentiente.
1903 4225 2040 4290 Quid

459 4312 622 4381 igitur
657 4313 857 4367 frustra
897 4314 1188 4381 insmlant,
1225 4324 1279 4369 et
1338 4314 1608 4369 incassum
1668 4318 2042 4371 contendunt?

460 4405 592 4473 Quis
622 4406 757 4459 adeo
810 4407 1078 4475 stupidus,
1114 4416 1195 4460 ἰιι
1247 4408 1737 4461 eminentissimum
1792 4409 2034 4463 omnium

460 4497 822 4553 substantiam
853 4500 1167 4568 passibilem
1196 4514 1317 4554 esse
1351 4500 1590 4566 defirniat,
1640 4510 1695 4556 et
1719 4516 1861 4564 eam,
1915 4516 2036 4569 quae

460 4599 545 4645 est
578 4590 715 4643 ultra
747 4606 911 4645 omne
945 4592 1209 4660 genitum,
1238 4599 1293 4645 et
1324 4593 1664 4660 incorporea.
1696 4602 1752 4646 et
1806 4594 2036 4647 inlirmi-

463 4691 626 4735 tatem
659 4682 968 4752 passionum
1019 4684 1309 4738 detrudere
1328 4684 1569 4738 audeat?
1636 4683 1855 4747 Verum,
1906 4686 2033 4754 quia

461 4773 788 4827 sacramenti
819 4775 957 4829 ratio
978 4776 1245 4845 agnoscit,
1280 4776 1473 4830 Filium
1505 4793 1569 4830 ex
1596 4777 1705 4832 Deo
1758 4776 1916 4833 Patre
1951 4794 2036 4833 se-

460 4862 693 4917 cundum
730 4874 973 4919 naturam
1008 4868 1363 4937 unigenitum,
1399 4869 1674 4922 hominem
1706 4885 1769 4923 ex
1807 4872 2033 4925 muliere

460 4942 662 5011 factum
697 4955 1087 5028 dispensative,
1122 4959 1397 5030 ipsiusque
1418 4962 1696 5030 proprium
1727 4977 1850 5016 esse
1882 4963 2027 5016 allir-

463 5064 619 5103 mans
648 5059 892 5104 sanctum
930 5051 1059 5105 illud
1091 5067 1288 5121 corpus
1313 5067 1375 5106 et
1411 5053 1565 5107 beata
1601 5052 1822 5123 Virgine
1887 5069 2035 5107 sum-

463 5149 636 5207 ptum,
659 5156 776 5196 eam
801 5142 871 5198 ob
899 5158 1119 5199 causam
1141 5143 1264 5212 jure
1293 5144 1497 5212 optimo
1548 5146 1730 5198 carnis
1758 5146 2038 5213 passiones

462 5233 582 5300 eius
606 5248 728 5288 esse
759 5233 988 5290 dicimus
1013 5237 1310 5291 secundum
1364 5236 1786 5306 dispensativam
1841 5252 2037 5304 appro-

462 5324 806 5393 priationem,
844 5338 1058 5382 servata
1091 5328 1289 5398 ubique
1318 5338 1507 5382 natura
1544 5327 1661 5397 ejus
1689 5328 2032 5397 impassibili:

2132 3142 2227 3193 γου
2256 3123 2389 3195 πρὸς
2414 3121 2735 3191 ἀπολογίαν·
2765 3120 2934 3190 ῆγουν
2963 3114 3277 3169 ἀναπείθειν
3313 3112 3515 3166 οίονται
3533 3119 3561 3147 ιι
3591 3111 3717 3173 τοὺς

2132 3214 2538 3284 ἠπατημένους,
2590 3211 2872 3282 οἰομένους
2918 3209 3001 3263 ὅτι
3047 3206 3298 3278 παθητὴν
3349 3198 3488 3257 εἷναί
3536 3218 3718 3272 φαμεν

2132 3307 2229 3378 τὴν
2271 3305 2422 3360 θείαν
2465 3304 2559 3358 τοῦ
2599 3304 2773 3372 Λόγου
2818 3302 3002 3372 φύσιν,
3032 3299 3180 3363 ᾶπαξ
3222 3296 3332 3350 τῶν
3375 3296 3441 3348 δι’
3469 3292 3720 3356 ἐναντίας

2134 3397 2645 3466 καταϐεϐηκότωνν,
2681 3395 2907 3448 αὐτόθεν
2933 3390 3422 3462 διωμολογηκὸτων
3457 3388 3548 3441 καὶ
3572 3384 3719 3455 μάλα

2137 3490 2344 3561 σαφῶς,
2374 3489 2448 3552 ὡς
2474 3488 2753 3559 ἀλλότριον
2766 3497 2814 3551 ι,
2846 3487 2942 3539 καὶ
2968 3485 3073 3550 ἔξω
3101 3501 3202 3537 που
3237 3480 3345 3534 τῶν
3376 3479 3468 3534 ἐπί
3499 3495 3563 3547 γε
3593 3476 3719 3532 τού-

2133 3600 2245 3646 τοις
2277 3582 2736 3651 καθεστήκαμενῖ
2766 3577 3152 3648 ἐγκλημάτων.
3188 3570 3407 3643 Ἐπειδὴ
3437 3571 3492 3623 δὲ
3522 3568 3721 3623 ἀνυπό-

2136 3674 2290 3727 θετον
2324 3674 2515 3743 λῆμμα
2542 3670 2683 3724 κατὰ
2711 3668 2770 3721 τὸ
2803 3668 2984 3730 αὐτοῖς
3013 3663 3203 3718 δοκοῦν
3233 3661 3528 3733 προθέντες
3554 3656 3719 3711 ἀϐου-

2135 3767 2375 3836 λήτωςκ,
2415 3765 2629 3833 πικροῖς
2677 3760 2897 3814 ἐννοιῶν
2941 3759 3218 3830 εὑρήμασι
3264 3754 3557 3825 χρώμενοι,
3594 3767 3717 3803 πει-

2139 3859 2339 3929 ρῶνται
2371 3854 2638 3910 δεικνύειν
2675 3854 2775 3923 τῆς
2819 3851 3044 3918 ἐνούσης
3090 3849 3272 3910 αὐτοῖς
3313 3846 3592 3916 ἀγχινοίας
3622 3841 3719 3911 τὴν

2137 3952 2402 4014 δείνωσιν,
2434 3945 2902 4010 κατασκευάζουσι
2935 3944 2990 3997 δὲ
3024 3944 3118 3997 καὶ
3148 3941 3292 4013 μάλα
3319 3936 3553 4009 γοργῶς,
3581 3937 3718 3990 ἀπο-

2140 4043 2423 4111 φαίνοντες
2453 4040 2637 4110 ἀπαθῆ
2670 4040 2790 4093 κατ’
2830 4038 2966 4091 ἰδίαν
2994 4034 3155 4103 φύσιν
3188 4032 3280 4087 τὸν
3311 4030 3404 4084 τοῦ
3444 4027 3578 4082 Θεοῦ
3619 4026 3722 4080 Λό-

2138 4153 2253 4204 γον,
2284 4133 2653 4196 ἀκουέτωσαν,
2688 4125 2915 4201 μηδενὸς
2946 4128 3130 4191 αὐτοῖς
3156 4122 3563 4192 άντεξάγοντος,
3584 4119 3720 4190 πρὸς

2141 4227 2319 4298 ἡμῶν,
2352 4227 2433 4279 ὅτι
2458 4226 2784 4277 πυκτεύουσι
2830 4222 3029 4293 μάτην,
3064 4221 3156 4277 καὶ
3181 4219 3393 4290 δέρουσι
3425 4216 3560 4287 πρὸς
3587 4214 3725 4284 ἀέρα

2143 4323 2221 4385 εἰς
2250 4320 2426 4381 τοῦτο,
2462 4319 2599 4388 μήτε
2631 4319 2735 4387 μὴν
2762 4315 3079 4386 φρονοῦντος
3109 4313 3176 4367 τὰ
3200 4311 3439 4365 ἐναντία.
3463 4310 3526 4361 Τί
3546 4309 3724 4362 τοίνυν

2146 4411 2333 4482 ἱδρῶσι
2368 4411 2563 4481 μάτην,
2599 4411 2693 4462 καὶ
2723 4408 3078 4462 διατείνονται
3124 4405 3391 4476 περιττάς
3426 4402 3522 4465 Τίς
3552 4400 3722 4464 οὕτως

2144 4500 2534 4572 ἐμϐρόντητος,
2562 4499 2638 4562 ὡς
2680 4498 2779 4568 τῆς
2809 4498 3067 4551 ἀνωτάτω
3101 4494 3290 4549 πασῶν
3321 4491 3511 4555 οὐσίας
3535 4491 3597 4543 τὸ
3627 4492 3725 4559 ἐμ-

2144 4593 2316 4654 παθὲς
2337 4590 2646 4661 καθορίζειν
2666 4630 2680 4655 ,
2711 4591 2801 4642 καὶ
2824 4590 2904 4651 είς
2932 4587 3031 4658 τὴν
3058 4584 3167 4639 τῶν
3194 4583 3535 4654 παθημάτων
3562 4581 3722 4633 ἀσθέ-

2143 4701 2289 4739 νειαν
2317 4685 2623 4738 κατασείειν
2646 4682 2961 4752 ἀποτολμᾷν
2993 4680 3055 4733 τὸ
3094 4677 3291 4740 παντὸς
3320 4675 3576 4731 ἐπέκεινα
3602 4690 3724 4741 γεν-

2140 4777 2325 4847 νητοῦ,
2362 4777 2457 4829 καὶ
2504 4774 2828 4846 ἀσώματον;
2872 4772 3089 4832 Ἐπειδὴ
3117 4772 3172 4824 δέ
3219 4771 3247 4823 ὁ
3295 4768 3388 4823 τοῦ
3423 4766 3723 4839 μυστηρίου

2142 4868 2319 4936 λόγος,
2351 4867 2636 4937 ἄνθρωπον
2676 4862 2783 4919 οἶδε
2823 4866 3113 4935 γενόμενον
3141 4859 3498 4931 οἰκονομικῶς
3530 4860 3596 4911 ἐκ
3623 4874 3721 4923 γυ-

2145 4957 2331 5020 ναικὸς
2358 4956 2447 5009 τὸν
2480 4958 2543 5009 ἐκ
2568 4956 2703 5009 Θεοῦ
2738 4956 2878 5009 κατὰ
2922 4955 3082 5024 φύσιν
3119 4952 3245 5006 Υἰὸν
3277 4947 3561 5021 μονογενῆ,
3595 4945 3725 4999 ἴδιόν

2145 5067 2203 5101 τε
2231 5048 2497 5120 ὑπάρχειν
2528 5048 2695 5101 αὑτοῦ
2728 5045 3187 5116 διαϐεϐαιούμεθα
3221 5043 3282 5097 τὸ
3310 5044 3375 5095 ἐκ
3405 5040 3504 5111 τῆς
3544 5054 3723 5109 μακα-

2151 5140 2270 5210 ρίας
2311 5138 2587 5210 Παρθένου
2611 5152 2637 5179 α
2672 5138 2875 5210 ληφθὲν
2911 5139 3065 5206 ἆγιον
3113 5137 3305 5205 σῶμα’
3337 5132 3593 5202 ταύτῃτοι
3629 5129 3723 5182 καὶ

2148 5233 2294 5301 μάλα
2325 5232 2501 5303 ὀρθῶς
2532 5234 2650 5286 κατ’
2688 5232 2961 5287 οἰκείωσιν
2986 5227 3335 5300 οἰκονομικὴν
3375 5225 3540 5280 αὑτοῦ
3571 5222 3724 5291 λέγε-

2150 5326 2272 5379 σθαί
2298 5343 2477 5396 φαμεν
2498 5325 2567 5378 τὰ
2593 5326 2689 5395 τῆς
2715 5325 2916 5396 σαρκὸς
2942 5323 3109 5394 πάθη,
3131 5320 3493 5393 τετηρηκότες
3522 5333 3721 5370 παντα-

1535 5486 1708 5539 Varia:
1737 5486 1996 5540 lectiones
2023 5500 2086 5539 cx
2114 5485 2302 5540 codice
2328 5484 2699 5555 Seguierianu.

548 5646 567 5679 ι
607 5644 691 5698 ἵσ.
730 5644 763 5709 ἡ
796 5645 1141 5729 τὴνειδηραόὴ
1168 5645 1627 5729 παθῶτὴῆφύσιςζ,
1673 5648 1896 5729 ἰιῖσωω
1935 5649 2009 5714 ὡς
2043 5652 2263 5705 οἴονται.
2345 5661 2368 5691 τ
2405 5645 2911 5719 καταϐεϐληκότων.
2990 5651 3014 5679 ³
3042 5642 3119 5705 ὡς
3147 5638 3435 5695 ἀλλότριοι.

468 5708 717 5785 έστηκεν.
752 5708 761 5709 ί
815 5708 1141 5782 ιάὒούλωςῘ
1202 5730 1225 5758 ε
1256 5708 1531 5785 Παρθένου
1572 5716 1807 5785 Μαρίας.

3527 5641 3555 5684 ι
3588 5630 3722 5692 καθ-
