4116 6332
358 390 456 450 εει

954 378 1483 439 APOLOGETICUS
1532 377 1668 434 Plit.)
1706 377 1800 431 XII
1840 371 2204 431 CAPITIBL'S
2235 369 2517 426 CONTRA
2555 361 3012 423 ORIENTALES.

3505 353 3621 411 382

360 510 457 582 χοῦ
509 512 575 580 τῇ
625 507 791 562 αὐτοῦ
839 506 998 576 φύσει
1048 505 1106 558 τὸ
1131 504 1362 569 ἀπαθές.
1390 504 1524 568 Θεὸς
1558 504 1667 574 γάρ
1699 504 1845 555 ἐστιν
1879 502 1942 553 ἐκ
1970 549 1974 558 ι

2071 500 2189 551 )eus
2214 498 2355 551 enim
2389 504 2473 551 est
2501 509 2566 549 ex
2601 492 2729 546 Deo.
2749 488 2975 557 Quando
3007 484 3170 555 igitur
3198 496 3361 536 carne
3416 480 3615 535 dicitur

361 598 692 658 Θεοῦ.”οταν
724 598 902 651 τοίνυν
929 598 1092 668 σαρκὶ
1121 594 1345 666 λέγηται
1389 596 1604 659 παθεῖν,
1639 595 1739 648 οὐκ
1769 592 1934 655 αὐτὸς

362 696 442 757 είς
474 692 606 745 ἰδίαν
633 690 793 760 φύσιν
821 691 1018 743 νοεῖται
1049 686 1259 750 παθὼν,
1284 688 1418 741 καθὸ
1444 688 1575 751 Θεός
1598 689 1747 740 ἐστιν
1768 702 1782 716 ·
1812 685 1936 737 ἰδιο-

363 785 682 854 ποιούμενος
713 782 770 835 δὲ
802 782 1000 853 μᾶλλον
1025 781 1086 834 τὸ
1113 780 1285 844 πάθος
1306 796 1319 810 ⁸
1349 778 1513 833 αὑτοῦ
1537 780 1606 847 γὰ
1615 797 1646 850 ρ
1666 779 1855 847 γέγονε
1878 776 1939 829 τὸ

364 875 560 929 ἑνωθὲν
590 872 739 942 αὐτῷ
765 872 944 944 σῶμα,
972 871 1221 941 καθάπερ
1247 871 1385 942 ἔφην
1413 870 1636 940 ἀρτίως.
1662 869 1761 922 Διὰ
1781 867 1940 921 τοῦτο

364 968 460 1019 καὶ
492 968 520 1019 6
551 964 836 1027 θεσπέσιος
865 961 1075 1026 Παῦλος
1116 961 1280 1015 αὑτὸν
1313 961 1406 1013 τὸν
1447 961 1516 1014 δι’
1549 954 1609 1014 οὗ
1638 960 1706 1013 τὰ
1738 959 1938 1023 πάντα,

366 1059 460 1112 καὶ
489 1058 547 1109 ὲν
581 1048 626 1123 ᾧ
652 1055 722 1108 τὰ
748 1055 924 1109 πάντα
955 1052 1255 1125 πεποίηκεν
1296 1056 1324 1107 6
1358 1053 1568 1121 Πατὴρ,
1601 1051 1941 1122 πρωτότοκον

367 1151 433 1202 ἐκ
466 1148 674 1217 νεκρῶν
704 1147 1029 1217 γεγενῆσθαί
1058 1164 1210 1216 φησι.
1235 1146 1440 1218 Γράφει
1474 1145 1531 1198 δὲ
1556 1144 1762 1208 οὕτως’
1796 1164 1814 1195 ι
1839 1143 1944 1195 Εὐ-

368 1238 751 1310 χαριστοῦντες
773 1236 854 1308 τῷ
883 1238 1059 1308 Πατρὶ
1092 1237 1169 1307 τῷ
1205 1235 1531 1290 ἱκανώσαντι
1560 1237 1709 1306 ἡμᾶς
1736 1236 1815 1298 είς
1843 1233 1944 1304 τὴν

373 1329 567 1401 μερίδα
588 1327 684 1381 τοῦ
714 1328 917 1399 κλήρου
943 1328 1050 1381 τῶν
1079 1328 1248 1397 ἁγίων
1294 1328 1351 1381 ἐν
1381 1327 1461 1399 τῷ
1501 1329 1660 1397 φωτὶ,
1691 1327 1750 1390 ὃς
1780 1325 1947 1397 €666-

373 1438 504 1475 σατο
530 1422 677 1492 ἡμᾶς
704 1421 770 1474 ὲκ
795 1421 891 1491 τῆς
912 1421 1157 1485 ἐξουσίας
1175 1420 1269 1473 τοῦ
1290 1421 1532 1483 σκότους,
1559 1419 1652 1471 καὶ
1680 1418 1945 1489 μετέστη-

375 1530 467 1567 σεν
510 1515 591 1577 εἰς
638 1512 735 1585 τὴν
780 1512 1054 1582 βασιλείαν
1080 1514 1173 1567 τοῦ
1203 1512 1333 1566 Υίοῦ
1361 1513 1459 1583 τῆς
1488 1512 1707 1581 ἀγάπης
1742 1511 1905 1564 αὐτοῦ
1931 1527 1946 1541 ο

377 1606 434 1659 ὲν
457 1599 502 1673 ᾧ
524 1605 718 1675 ἔχομεν
741 1605 839 1677 τὴν
859 1606 1237 1676 ἀπολύτρωσιν
1262 1605 1370 1658 τῶν
1397 1604 1705 1675 ἁμαρτιῶν,
1724 1605 1782 1668 ὃς
1805 1605 1950 1658 ἐστιν

377 1695 540 1751 είκὼν
564 1696 659 1750 τοῦ
693 1696 827 1751 Θεοῦ
856 1697 949 1750 τοῦ
974 1697 1228 1768 ἀοράτου,
1258 1697 1599 1768 πρωτότοκος
1630 1697 1808 1766 πάσης
1834 1694 1951 1749 κτί-

381 1805 541 1852 σεως,
568 1789 651 1842 ὅτι
696 1790 754 1842 ἐν
796 1789 945 1860 αὐτῷ
977 1790 1199 1861 ἐκτίσθη
1234 1789 1304 1842 τὰ
1338 1789 1515 1843 πάντα
1540 1788 1611 1842 τά
1638 1790 1695 1841 ὲν
1719 1790 1833 1851 τοῖς
1859 1788 1952 1841 οὐ·

383 1884 582 1950 ρανοῖς,
615 1882 711 1935 καὶ
733 1882 801 1935 τά
820 1882 913 1935 ἐπὶ
939 1881 1039 1952 τῆς
1068 1884 1193 1954 γῆς,
1215 1883 1282 1936 τὰ
1308 1882 1497 1953 ὁρατὰ,
1520 1882 1613 1935 καὶ
1633 1882 1701 1934 τὰ
1723 1882 1949 1952 ἀόρατα,

380 1980 489 2031 εἴτε
525 1978 723 2049 θρόνοι,
760 1978 869 2031 εἴτε
905 1979 1257 2049 κυριότητες,
1291 1977 1402 2031 εἴτε
1434 1977 1630 2047 ἀρχαὶ,
1662 1977 1772 2030 εἴτε
1806 1976 1954 2041 ἐξου-

386 2070 496 2123 σίαι
516 2087 530 2101 ⁸
561 2069 632 2123 τὰ
658 2070 834 2125 πάντα
856 2070 921 2123 δι’
943 2070 1129 2135 αὐτοῦ,
1155 2071 1249 2123 καὶ
1274 2072 1352 2133 είς
1382 2067 1543 2123 αὑτὸν
1564 2068 1828 2123 ἔκτισται.
1846 2067 1957 2121 Καὶ

383 2160 545 2224 αὐτός
579 2162 695 2214 ἐστι
728 2161 834 2231 πρὸ
860 2162 1108 2227 πάντων,
1143 2161 1236 2214 καὶ
1267 2161 1335 2215 τὰ
1364 2161 1539 2215 πάντα
1567 2162 1624 2212 ὲν
1653 2160 1800 2229 αὐτῷ
1831 2176 1958 2212 συν-

385 2245 603 2318 έστηκε,
636 2248 731 2301 καὶ
762 2249 926 2312 αὑτός
963 2249 1110 2302 ἐστιν
1141 2250 1174 2319 ἠ
1204 2248 1413 2320 κεφαλὴ
1448 2249 1541 2302 τοῦ
1581 2247 1831 2320 σώματος
1863 2249 1961 2318 τῆς

2045 605 2254 660 passus,
2283 604 2388 643 nou
2415 588 2530 658 ipse
2562 587 2613 639 in
2642 583 2856 654 prepria
2882 589 3111 643 natura,
3146 591 3252 646 qua
3307 573 3450 629 Deus
3508 584 3612 637 est,

2043 681 2365 748 intelligitur
2392 691 2605 748 passus,
2636 676 2730 731 sed
2763 672 2943 743 potius
2978 669 3079 725 sibi
3109 666 3459 738 appropriare
3493 680 3616 734 pas—

2039 774 2273 828 sionem.
2305 769 2480 838 lpsius
2507 767 2656 820 enim
2690 764 2893 817 factum
2924 771 3008 817 est
3029 759 3237 813 unitum
3262 756 3364 811 sibi
3393 770 3612 825 corpus,

2043 866 2184 919 sicut
2211 862 2411 917 dudum
2450 858 2585 913 dixi.
2619 856 2960 924 Quapropter
2981 860 3035 905 et
3056 849 3275 904 divinus
3300 844 3496 901 Paulus
3532 846 3616 912 ip-

2042 971 2187 1018 sum,
2225 968 2319 1021 per
2345 965 2503 1018 quem
2548 946 2729 1002 omnia
2759 955 2815 998 et
2844 945 2896 998 in
2920 957 3027 1012 quo
3056 940 3237 994 omnia
3266 938 3395 994 fecit
3433 936 3616 997 Pater,

2046 1045 2320 1101 dicitesse
2349 1040 2551 1094 factum
2582 1033 3001 1106 primogenitum
3034 1044 3099 1085 ex
3125 1028 3370 1083 mortuis.
3410 1024 3616 1082 Scribit

2045 1148 2226 1192 autem
2258 1135 2335 1190 sic
2365 1149 2379 1185 :
2420 1150 2439 1182 ι
2476 1128 2691 1185 Gratias
2721 1134 2945 1197 agentes
2969 1119 3243 1189 Patri,qui
3264 1134 3367 1174 nos
3396 1117 3620 1172 idoneos

2046 1231 2175 1285 fecit
2211 1228 2264 1283 in
2298 1236 2504 1297 partem
2561 1219 2730 1275 sortis
2784 1227 3095 1273 sanctorum
3160 1214 3214 1269 in
3261 1210 3498 1275 lumine;
3527 1209 3618 1278 qui

2047 1321 2246 1391 eripuit
2269 1332 2369 1372 nos
2391 1315 2460 1371 de
2486 1319 2752 1382 potestate
2785 1308 3156 1370 tenebrarum,
3226 1313 3284 1359 et
3344 1298 3624 1356 transtulit

2052 1417 2105 1469 in
2140 1425 2363 1482 regnum
2399 1406 2521 1461 Filii
2579 1399 2886 1458 dilectionis
2941 1412 3089 1463 suae;
3126 1396 3179 1450 in
3207 1410 3314 1465 quo
3362 1392 3627 1448 habemus

2052 1500 2426 1559 remissionem
2463 1504 2817 1566 peccatorum
2856 1506 2871 1543 :
2911 1489 3006 1560 qui
3034 1497 3118 1543 est
3148 1487 3328 1557 imago
3353 1484 3447 1540 Dei
3488 1482 3628 1538 invi-

2052 1594 2244 1655 sibilis,
2268 1587 2661 1661 primogenitus
2688 1583 2868 1641 omnis
2903 1590 3167 1638 creaturae
3198 1592 3213 1631 :
3268 1575 3394 1646 quia
3427 1576 3480 1630 in
3512 1575 3630 1645 ipso

2055 1697 2236 1745 creata
2273 1681 2620 1747 suntomnia,
2651 1692 2770 1747 quae
2806 1677 2859 1730 in
2919 1673 3074 1728 caelis
3103 1680 3160 1727 et
3193 1684 3315 1741 quae
3362 1669 3415 1723 in
3457 1675 3626 1732 terra,

2057 1778 2290 1836 visibilia
2312 1787 2367 1832 et
2395 1771 2707 1834 invisibilia,
2742 1767 2858 1824 sive
2886 1763 3089 1827 throni,
3140 1760 3256 1817 sive
3306 1758 3631 1814 dominatio-

2060 1887 2175 1936 nes,
2203 1868 2320 1925 sive
2348 1864 2711 1937 principatus,
2742 1860 2856 1915 sive
2898 1864 3226 1929 potestates;
3273 1848 3454 1906 omnia
3538 1860 3633 1917 per

2056 1969 2230 2037 ipsum
2280 1970 2337 2017 et
2366 1961 2421 2014 in
2456 1959 2570 2027 ipso
2600 1962 2783 2010 creata
2817 1958 2978 2016 sunt;
3013 1955 3068 2003 et
3094 1947 3209 2017 ipse
3230 1953 3314 1999 est
3373 1948 3499 1995 ante
3518 1953 3636 1993 om-

2057 2036 2169 2125 nia,
2204 2064 2261 2111 et
2293 2051 2474 2108 omnia
2499 2049 2556 2103 in
2608 2047 2725 2115 ipso
2758 2048 3043 2104 constant,
3074 2047 3131 2092 et
3178 2037 3293 2106 ipse
3338 2041 3423 2089 est
3477 2036 3638 2100 caput

2058 2118 2304 2216 corporis
2320 2140 2599 2204 Ecclesiae,
2628 2136 2828 2206 quiest
2853 2128 3216 2201 principium,
3248 2118 3639 2195 primogenitus

2060 2258 2125 2297 ex
2148 2237 2414 2301 mortuis,
2445 2241 2503 2289 ut
2527 2231 2599 2287 sit
2625 2230 2678 2285 in
2710 2224 2963 2282 omnibus
3029 2223 3143 2291 ipse
3195 2217 3484 2287 primatum
3559 2221 3649 2263 te-A

400 2305 748 2408 Ἐκκλησίας,
778 2340 838 2403 ὃς
874 2305 1023 2394 ἐστιν
1051 2305 1217 2411 ἁρχὴ,
1247 2305 1588 2411 πρωτότοκος
1635 2305 1698 2393 ἐκ
1736 2305 1844 2392 τῶν

2071 2349 2219 2389 nens.
2246 2330 2381 2397 Quia
2416 2327 2471 2381 in
2502 2325 2620 2393 ipso
2641 2315 2967 2389 complacuit
3003 2325 3219 2368 omnem
3251 2305 3639 2378 plenitudinem

390 2429 558 2500 κρῶν,
592 2432 681 2485 ῖνα
705 2431 928 2501 γένηται
959 2433 1017 2485 ὲν
1040 2434 1207 2485 πᾶσιν
1235 2431 1398 2495 αὐτὸς
1424 2431 1879 2502 πρωτεύων.”οτι
1908 2434 1965 2485 ἐν

2071 2422 2368 2483 divinitatis
2399 2416 2708 2474 inhabitare
2739 2406 3116 2478 corporaliter,
3155 2413 3210 2457 et
3267 2416 3364 2470 per
3389 2413 3512 2454 eum
3551 2410 3643 2450 re-

393 2524 541 2593 αὐτῷ
570 2524 839 2595 ηὐδόκησε
890 2526 1001 2578 πᾶν
1034 2524 1096 2578 τὸ
1129 2525 1404 2595 πλήρωμα
1430 2527 1529 2594 τῆς
1556 2523 1809 2594 θεότητος
1838 2541 1967 2577 κατ-

2071 2514 2360 2573 conciliare
2388 2509 2570 2567 omnia
2601 2506 2656 2561 in
2722 2507 2924 2575 ipsum,
2956 2497 3252 2571 paciﬁcans
3300 2508 3397 2562 per
3424 2488 3645 2560 sangui-

390 2616 609 2685 οικῆσαι
640 2618 986 2688 σωματικῶς,
1023 2618 1118 2670 καὶ
1140 2617 1207 2670 δι’
1237 2615 1403 2671 αὑτοῦ
1431 2614 1873 2680 ἀποκαταλλάξαι
1900 2616 1970 2668 τὰ

2071 2626 2191 2665 nem
2209 2605 2390 2663 crucis
2420 2604 2562 2672 ejus,
2582 2601 2695 2654 sive
2718 2612 2838 2667 qua:
2875 2595 2929 2648 in
2960 2590 3146 2652 terris,
3162 2589 3277 2668 sive
3298 2600 3417 2654 qua:
3442 2583 3493 2636 in
3527 2596 3644 2635 cm-

395 2708 574 2763 πάντα
603 2709 681 2772 εἰς
710 2709 893 2775 αὑτὸν,
920 2710 1338 2780 εἰρηνοποιήσας
1363 2708 1449 2762 διὰ
1474 2708 1569 2762 τοῦ
1611 2709 1840 2779 αἵματος
1864 2706 1968 2760 τοῦ

2071 2704 2136 2759 lis
2166 2710 2292 2757 sunt
2315 2699 2383 2753 ⁸⁸.
2424 2715 2442 2748 ι
2482 2694 2643 2765 198
2695 2688 2994 2744 Considera
3033 2680 3328 2752 quomodo,
3376 2690 3499 2729 cum
3552 2688 3649 2743 per

396 2801 630 2872 σταυροῦ
656 2800 845 2865 αὐτοῦ,
877 2766 988 2856 εἴτε
1011 2766 1083 2855 τὰ
1116 2766 1345 2871 ὲπὶιτῆς
1371 2804 1493 2872 γῆς,
1531 2799 1642 2853 εῐτε
1672 2766 1742 2853 τά
1770 2766 1837 2853 ἐν.
1858 2801 1972 2862 τοῖς

2074 2798 2247 2865 ipsum
2278 2791 2458 2849 omnia
2490 2787 2636 2842 dicat
2663 2799 2785 2839 esse
2810 2774 3216 2843 facta,visibilia
3243 2782 3299 2825 et
3329 2766 3647 2827 invisibilia,

394 2893 660 2967 οὐρανοῖς.
689 2911 707 2944 ι
737 2863 929 2964 Ἀθρει
952 2893 1016 2964 δὴ
1045 2889 1159 2956 οὖν,
1188 2863 1337 2955 ὅπως
1381 2863 1464 2945 διέῗ
1482 2891 1647 2945 αὑτοῦ
1685 2890 1755 2945 τὰ
1796 2890 1974 2945 πάντα

2076 2863 2300 2944 thronos
2329 2893 2383 2939 et
2408 2886 2724 2954 potestates,
2756 2873 2935 2943 ipsum
2970 2871 3154 2925 datum
3185 2863 3442 2919 Ecclesia:
3463 2866 3648 2929 caput,

292 3058 301 3065 λ
398 2984 727 3055 πεποιῆσθαι
757 2985 949 3054 λέγων,
991 2985 1182 3056 ὁρατὰ,
1218 2985 1313 3038 καὶ
1362 2985 1588 3054 ἀόρατα,
1625 2983 1844 3055 θρόνους
1891 3001 1973 3048 τε,

400 3079 493 3135 καὶ
525 3078 791 3143 ἐξουσίας,
816 3076 977 3131 αὐτὸν
1009 3076 1252 3130 δεδόσθαι
1281 3077 1413 3147 φησὶ
1443 3079 1508 3147 τῇ
1557 3076 1857 3147 Ἐκκλησία
1886 3093 1979 3129 κε-

2076 2991 2131 3039 et
2162 2950 2580 3049 primogenitum
2610 2984 2676 3025 ex
2713 2963 2942 3021 mortuis
2977 2960 3180 3014 factum
3210 2970 3336 3011 esse
3394 2950 3652 3015 aﬂirmet,

2079 3048 2536 3133 reconciliataque
2567 3059 2749 3115 omnia
2777 3070 2872 3128 per
2911 3055 3087 3122 ipsum
3121 3049 3176 3104 in
3212 3048 3408 3117 ipsum,
3449 3051 3504 3099 et
3556 3057 3652 3112 pa-

402 3170 595 3241 φαλὴν,
626 3171 721 3224 καὶ
746 3170 1088 3241 πρωτότοκον
1114 3172 1177 3222 ἐκ
1198 3142 1406 3241 νεκρῶν
1422 3142 1974 3239 γεγενῆσθαι-διισχυ-

2078 3162 2289 3217 ciﬁcata
2318 3172 2415 3229 per
2436 3155 2752 3225 sanguinem
2798 3148 2978 3205 crucis
3005 3144 3145 3215 ejus,
3178 3142 3293 3196 sive
3330 3152 3450 3209 quae
3494 3150 3657 3205 super

406 3264 633 3334 ρίζεται,
660 3262 1205 3333 άποκαταλλαχθῆναί
1230 3278 1289 3314 τε
1320 3261 1387 3315 τὰ
1414 3262 1591 3314 πάντα
1612 3260 1678 3314 δι’
1699 3258 1863 3313 αὑτοῦ
1898 3260 1979 3322 είς

403 3356 584 3417 αὐτὸν,
620 3356 713 3409 καὶ
758 3353 1071 3426 είρηνεῦσαι
1113 3355 1199 3408 διὰ
1229 3354 1320 3407 τοῦ
1356 3354 1588 3424 αἵματος
1619 3351 1715 3405 τοῦ
1744 3351 1980 3423 σταυροῦ

406 3448 571 3502 αὐτοῦ
600 3448 709 3502 εἴτε
738 3447 806 3501 τὰ
837 3447 930 3500 ἐπὶ
970 3447 1071 3517 τῆς
1103 3448 1228 3518 γῆς,
1260 3450 1369 3502 εἴτε
1396 3446 1465 3500 τὰ
1493 3448 1551 3500 ἐν
1577 3448 1691 3510 τοῖς
1714 3447 1981 3518 οὐρανοῖς.

406 3535 543 3594 Εἶτά
569 3555 653 3602 τις
684 3538 1011 3603 ὲνδοιάζωνὶ»
1040 3538 1135 3590 καὶ
1166 3538 1303 3609 μετὰ
1330 3537 1485 3592 τοῦτο
1508 3538 1707 3604 En,qu
1735 3536 1984 3600 δεδοικὼς

411 3630 554 3700 εἰκῆ,
590 3630 667 3700 μὴ
693 3630 801 3701 ἄρα
830 3646 947 3693 πως
978 3629 1228 3700 παθητὴν
1253 3630 1350 3700 τὴν
1376 3628 1469 3683 τοῦ
1500 3628 1629 3682 Υἱοῦ
1661 3628 1821 3698 φύσιν
1843 3629 1870 3681 6
1892 3626 1984 3680 τοῦ

417 3724 719 3795 μυστηρίου
765 3722 923 3790 λόγος
962 3722 1242 3792 ἀποφήνῃ,
1271 3721 1400 3775 ὅταν
1431 3720 1655 3791 λέγηται
1690 3720 1854 3789 σαρκὶ
1885 3738 1988 3773 πα-

415 3813 529 3867 θεῖν
552 3831 566 3880 ;
600 3813 953 3869 Ἰδιοποιεῖται
980 3812 1108 3885 γὰρ,
1134 3813 1209 3876 ὡς
1235 3814 1391 3883 ἔφην,
1421 3811 1490 3865 τὰ
1516 3811 1610 3865 τοῦ
1645 3811 1775 3864 ἰδίου
1807 3810 1990 3881 σώμα-

415 3926 505 3971 τος
534 3907 703 3979 πάθη.
745 3907 913 3961 Τοῦτο
945 3908 1158 3976 φρονεῖν
1185 3905 1358 3959 ἐδόκει
1392 3904 1470 3973 τῷ
1493 3903 1764 3974 θεσπεσίῳ
1800 3903 1991 3974 Πέτρῳ

418 4000 629 4067 λέγοντι
648 4014 663 4027 ⁶
697 4017 716 4050 ι
745 3997 981 4069 Χριστοῦ
1008 3993 1099 4051 οὖν
1119 3996 1380 4059 παθόντος
1408 3996 1543 4068 ὑπὲρ
1579 3995 1734 4065 ἡμῶν
1761 3995 1941 4066 σαρκί.
1967 4014 1985 4046 ι

423 4089 648 4161 Ἕτερον
697 4090 755 4143 δὲ
801 4089 863 4141 τὸ
910 4089 1073 4159 σαρκὶ
1122 4087 1312 4140 παθεῖν
1360 4086 1632 4155 λέγεσθαι,
1666 4087 1759 4141 καὶ
1807 4087 1994 4159 ἕτερον

424 4180 622 4249 ὁμοίιος
648 4179 710 4232 τὸ
752 4179 941 4232 παθεῖν
987 4177 1240 4248 λέγεσθαι
1284 4181 1350 4248 τῇ
1389 4179 1487 4247 τῆς
1516 4178 1767 4249 θεότητος
1812 4179 1993 4246 φύσει.

438 4270 652 4341 Ἐπειδὴ
686 4270 793 4341 γάρ
823 4272 968 4323 ἐστιν
991 4270 1019 4321 6
1048 4270 1208 4331 αὐτὸς
1236 4269 1367 4331 Θεός
1394 4286 1451 4321 τε
1482 4268 1641 4339 ὁμοῦ,
1669 4270 1764 4321 καὶ
1792 4269 1999 4340 ἄνθρω-

428 4379 549 4427 πος,
578 4362 793 4433 ἀπαθὴς
847 4361 965 4432 μὲν,
996 4361 1057 4413 τό
1100 4377 1162 4429 γε
1196 4354 1329 4431 ἧκον
1359 4361 1437 4424 εἰς
1467 4360 1564 4431 τὴν
1610 4361 1709 4430 τῆς
1748 4360 1999 4430 θεότητος

431 4454 613 4523 φύσιν,
633 4452 870 4524 παθητὸς
891 4451 948 4504 δὲ
971 4450 1112 4504 κατὰ
1135 4451 1196 4504 τὸ
1220 4450 1555 4520 ἀνθρώπινον
1573 4467 1584 4479 ·
1618 4451 1672 4503 τί
1696 4451 1754 4503 τὸ
1778 4451 1998 4515 ἄτοπον,

2083 3266 2308 3314 terram,
2345 3251 2459 3305 sive
2485 3262 2605 3317 quae
2637 3245 2690 3299 in
2717 3240 2890 3298 caelis.
2917 3238 3085 3308 Igitur
3123 3232 3334 3288 dubitet
3366 3230 3655 3299 quisquam

2083 3347 2361 3419 posthaec,
2395 3352 2449 3397 et
2479 3340 2681 3395 frustra
2731 3330 3006 3395 formidet,
3060 3342 3128 3383 ne
3176 3324 3486 3397 passibilem
3534 3320 3658 3375 Filii

2084 3410 2333 3492 naturam
2365 3426 2693 3488 sacramenti
2724 3438 2905 3479 sermo
2960 3419 3222 3481 declaret,
3277 3412 3494 3485 quando
3525 3410 3661 3465 dici-

2089 3539 2353 3583 turcarue
2384 3521 2529 3592 pati?
2552 3517 2808 3587 Proprias
2841 3512 2987 3569 enim
3016 3509 3166 3573 facit,
3194 3517 3254 3563 ut
3289 3506 3422 3569 dixi,
3456 3504 3661 3575 proprii

2087 3618 2329 3689 corporis
2364 3614 2661 3685 passiones.
2693 3607 2806 3662 Hoc
2868 3604 3072 3659 sentire
3140 3598 3347 3668 placuit
3393 3607 3447 3651 et
3472 3606 3664 3650 sancto

2088 3686 2249 3768 Petro
2278 3707 2520 3764 dicenti:
2571 3722 2589 3755 ι
2635 3700 2850 3756 Christo
2883 3696 3047 3766 igitur
3115 3706 3275 3763 passo
3358 3704 3455 3757 pro
3510 3686 3663 3739 nobis

2090 3809 2144 3863 in
2178 3818 2341 3861 carne
2364 3802 2432 3857 ⁸³.
2476 3818 2494 3851 ι
2535 3795 2697 3853 Aliud
2729 3793 2872 3848 enim
2902 3804 2985 3844 ρει
3015 3788 3217 3850 dicere,
3243 3783 3349 3853 pati
3385 3781 3439 3836 in
3478 3793 3663 3843 carne,

2091 3912 2145 3958 et
2178 3898 2323 3953 aliud
2360 3892 2611 3950 similiter
2648 3888 2851 3951 dicere,
2880 3883 2989 3955 pati
3024 3884 3076 3935 in
3109 3877 3409 3933 divinitatis
3446 3884 3660 3930 natura.

2094 3993 2232 4060 Quia
2264 3992 2406 4045 enim
2436 3987 2578 4041 idem
2610 3980 2751 4034 Deus
2782 3978 2941 4032 simul
2972 3985 3054 4029 est
3108 3982 3162 4025 et
3187 3972 3368 4033 boum,
3418 3967 3670 4034 impassi-

2095 4055 2217 4141 bilis
2241 4080 2456 4152 quidem
2478 4116 2495 4139 ,
2534 4082 2796 4144 quantum
2824 4069 2889 4123 ad
2944 4062 3246 4120 divinitatis
3303 4058 3537 4129 pertinet
3571 4055 3667 4109 na;

2099 4147 2297 4237 turam,
2349 4164 2618 4239 passibilis
2669 4175 2800 4216 vero
2862 4152 3161 4211 secundum
3240 4147 3671 4209 humanitatem;

2100 4268 2225 4338 quid
2250 4238 2602 4321 ltieabsurdi,
2631 4255 2676 4309 si
2702 4253 2915 4308 dicatur
2948 4247 3057 4319 pati
3094 4246 3148 4300 in
3180 4258 3245 4297 eo
3269 4241 3410 4311 quod
3446 4238 3553 4307 pati
3577 4253 3674 4306 ap-

2101 4329 2211 4416 tum
2244 4370 2346 4420 est,
2382 4353 2471 4423 qui
2533 4347 2733 4403 mansit
2775 4338 3124 4413 impassibilis
3179 4338 3231 4389 in
3261 4349 3328 4389 eo
3359 4331 3501 4402 quod
3565 4329 3674 4398 pati

2104 4470 2207 4507 non
2236 4447 2453 4520 potest?
2480 4442 2633 4510 Quod
2669 4447 2845 4493 autem
2883 4436 2935 4489 in
2969 4432 3059 4486 tali
3090 4431 3191 4484 [ide
3214 4434 3526 4482 sanctorum
3546 4437 3678 4489 quo-

430 4546 480 4600 εἰ
524 4543 600 4615 τῷ
649 4543 839 4597 παθεῖν
891 4541 1155 4611 πεφυκότι
1200 4541 1415 4609 λέγεται
1450 4539 1663 4603 παθεῖν,
1697 4539 1773 4610 τῷ
1808 4539 1974 4593 παθεῖη

2071 4530 2077 4564 ⁵
2107 4560 2212 4615 que
2237 4519 2455 4595 l’atrum
2486 4530 2797 4591 excelluerit
2829 4529 3053 4586 chorus,
3113 4537 3181 4577 ex
3241 4520 3326 4572 liis
3382 4528 3677 4584 cognosce-

430 4640 530 4692 οὐκ
558 4637 717 4690 εἰδότι
754 4634 1076 4706 μεμενηκὼς
1108 4634 1358 4703 ἀπαθής;
1394 4633 1517 4687 Ὅτι
1541 4632 1597 4685 δὲ
1622 4633 1799 4702 τοιᾷδε
1823 4634 2001 4686 πίστει

434 4730 528 4783 καὶ
560 4731 588 4781 6
618 4728 727 4781 τῶν
753 4727 924 4795 ἁγίων
955 4725 1209 4796 Πατέρων
1238 4723 1495 4795 διέπρεψε
1524 4723 1705 4794 χορὸς,
1731 4725 1791 4788 ἐξ
1822 4725 2002 4777 αὐτῶν

434 4821 709 4890 εἰσόμεθα,
741 4811 816 4872 ὧν
859 4816 1199 4888 γεγράφασιν
1247 4816 1429 4881 αὐτοὶ,
1467 4814 1564 4886 τὴν
1611 4815 1705 4869 τοῦ
1753 4817 2004 4887 Σωτῆρος

434 4914 771 4983 τηρήσαντες
833 4909 1072 4978 ἐντολήν.
1126 4908 1494 4977 Διεμέμνηντο
1554 4906 1663 4977 γὰρ
1716 4906 1958 4975 λέγοντος
1986 4924 1999 4936 ’

444 5020 463 5053 ι
490 5000 708 5073 Δωρεάν
741 4998 982 5067 ἐλάϐετε,
1012 4997 1219 5069 δωρεὰν
1243 4996 1381 5052 δότε.
1414 5015 1435 5048 ι

720 5136 1047 5206 Γρηγοριου
1084 5134 1419 5189 ἐπισκόπου
1453 5133 1726 5199 Νύσσης.

527 5263 736 5323 ίΤοῦτο
778 5267 887 5337 γὰρ
932 5265 1251 5337 φρονείσθω,
1292 5266 1475 5333 φησὶν,
1504 5263 1561 5314 ἐν
1595 5262 1745 5332 ὑμῖν,
1776 5260 1804 5313 ὃ
1832 5260 1923 5313 καὶ
1953 5261 2013 5313 ἐν

444 5359 664 5431 Χριστῷ
704 5358 876 5430 Ἰησοῦ
900 5375 915 5389 ο
951 5357 1009 5419 ὃς
1041 5358 1098 5409 ἐν
1131 5358 1312 5429 μορφῇ
1341 5353 1477 5407 Θεοῦ
1504 5352 1762 5423 ὑπάρχων
1794 5352 1891 5421 οὐχ
1911 5351 2011 5422 ἀρ-

2110 4652 2229 4691 mus
2250 4648 2370 4703 qua:
2400 4628 2499 4699 ipsi
2529 4624 2881 4693 scripserunt,
2898 4617 3211 4672 mandatum
3239 4606 3541 4665 Saivatoris
3563 4618 3678 4656 ser-

2110 4690 2317 4781 vantes.
2362 4720 2717 4773 Meminerant
2763 4710 2906 4763 enim
2960 4705 3075 4773 ejus
3132 4699 3404 4757 dicentis:
3450 4712 3468 4746 ›
3502 4690 3682 4747 Gratis

2111 4815 2420 4885 accepistis,
2454 4808 2621 4881 gratis
2647 4806 2768 4860 date
2809 4800 2874 4854 “.
2913 4818 2931 4851 ι

2508 5110 2745 5182 Gregorii
2774 5106 3005 5178 episwpi
3038 5100 3288 5172 Nyssem'.

2193 5271 2212 5305 ι
2256 5249 2366 5305 Hoc
2394 5247 2536 5303 enim
2568 5244 2763 5314 sapite,
2800 5238 3075 5311 inquit,in
3110 5234 3282 5299 vobis,
3326 5229 3468 5302 quod
3528 5237 3583 5283 et
3629 5228 3683 5281 in

2116 5344 2335 5403 Christo
2361 5338 2486 5397 Jesu
2523 5355 2538 5392 :
2578 5339 2666 5410 qui
2703 5351 2822 5393 cum
2864 5335 2917 5389 in
2968 5332 3141 5386 forma
3198 5327 3289 5385 Dei
3338 5332 3500 5391 esset,
3576 5335 3684 5376 non

517 5518 566 5552 ⁸³
593 5516 797 5572 Coloss.
832 5531 874 5581 ι,
912 5516 1101 5570 lii-20.
1178 5514 1224 5546 ⁸³
1253 5513 1268 5567 l
1300 5513 1442 5570 l’etr.
1471 5527 1542 5577 tv,
1577 5511 1629 5568 1.
1705 5511 1748 5543 ³³
1781 5509 1971 5563 Matth.
2008 5524 2060 5575 χ,
2086 5509 2138 5563 8.

1503 5667 1675 5723 Varia:
1702 5666 1956 5722 lectiones
1984 5681 2043 5720 ex
2074 5664 2258 5722 codic"
2292 5654 2662 5730 Seguieriano.

526 5805 559 5856 δ
588 5806 756 5875 ἴσως,
792 5808 819 5861 ό
848 5804 1151 5868 ἐνδοιάζων.
