4116 6332
484 368 593 424 333

1476 366 1535 425 S.
1574 367 1847 423 CYlllLlJ
1890 366 2363 423 ALEXANDRIN!
2402 370 2720 424 ARCHlEP.

3650 369 3750 428 τινι

484 481 729 551 rapinam
766 480 1059 533 arbitratus
1081 488 1163 533 est
1186 495 1307 534 esse
1344 496 1403 537 se
1463 482 1727 551 aequalem
1766 484 1905 547 Deo;
1957 486 2047 539 sed

2154 487 2372 556 παγμὲν
2420 488 2665 557 ἡγήσατο
2699 487 2758 541 τὸ
2789 484 2927 542 εἶναι
2966 483 3058 542 ἶσα
3088 486 3225 557 Θεῷ,
3257 486 3373 541 ἀλλ’
3400 490 3592 544 ἑαυτὸν
3618 492 3741 547 ἐκέ-

480 572 828 641 διτιιιειίυειιιιι
864 572 1187 637 exinanivit,
1217 572 1445 627 forttiam
1476 575 1616 629 servi
1645 576 1921 644 accipiens
1953 577 2055 630 ⁸⁸.»

481 665 618 730 Quid
648 664 786 718 servi
808 664 987 717 forma
1015 663 1082 717 de
1112 664 1221 718 Deo
1242 664 1346 719 dici
1380 674 1558 734 potest
1584 667 1887 736 abjectius?
1913 670 2055 736 Quid

481 757 548 810 de
580 755 824 811 omnium
847 769 971 824 rege
1032 755 1311 823 humilius,
1368 771 1529 824 quam
1578 759 1719 828 quod
1776 771 1968 830 sponte
1992 763 2056 815 ad

480 843 706 912 ahjectaa
746 853 951 899 natura:
981 854 1181 901 nostra:
1212 848 1603 901 commercium
1666 851 1915 905 venerit?
1940 852 2052 906 Rex

476 949 682 1003 regum.
726 933 983 991 Dominus
1014 937 1410 991 dominantium
1430 939 1619 993 servili
1677 941 1847 995 forma
1881 943 2058 997 indui-

478 1028 871 1082 turzomuium
922 1027 1089 1097 iudex
1152 1031 1493 1100 principibus
1542 1034 1820 1104 vectigalis
1888 1035 2055 1091 cilici-

477 1127 563 1171 tur
583 1119 664 1185 “;
716 1129 985 1174 creatura}
1013 1120 1271 1175 Dominus
1310 1122 1363 1175 in
1400 1135 1557 1177 antro
1584 1125 1928 1192 diversatur;
1964 1130 2053 1197 qui

473 1209 652 1262 omnia
676 1211 852 1279 palmo
872 1213 1228 1279 concludit",
1246 1214 1421 1270 locum
1450 1218 1504 1271 in
1528 1221 1828 1275 diversorio
1850 1224 2052 1276 nullum

475 1301 701 1365 invenit,
716 1305 810 1358 sed
835 1306 886 1358 in
916 1308 1197 1363 hrutomm
1218 1312 1577 1376 aninmnt‘ium
1609 1314 1841 1384 priest-pi
1896 1315 2053 1368 recli—

475 1394 739 1449 natur”:
771 1397 1004 1453 mundus
1033 1410 1088 1455 et
1155 1403 1480 1467 purissimus
1532 1406 1785 1459 humana:
1839 1415 2052 1460 natura:

471 1485 660 1541 sordes
678 1502 790 1542 non
804 1500 1116 1557 aversatur,
1140 1502 1197 1549 et
1222 1510 1440 1551 omnem
1494 1498 1900 1551 mendicitatem
1953 1514 2052 1552 no-

469 1587 639 1630 stram
660 1585 1233 1653 transgressusﬁpsam
1268 1587 1485 1640 demum
1521 1598 1752 1642 mortem
1808 1592 2050 1659 perpeti-

471 1674 602 1720 tnr:
643 1669 964 1725 voluntaria:
1029 1673 1187 1742 hujus
1232 1679 1568 1747 paupertatis
1611 1688 1667 1733 et
1728 1679 2050 1746 abjectionis

470 1772 779 1813 mensuram
808 1766 1147 1831 perpendite.
1177 1766 1291 1819 Vita
1323 1768 1570 1837 degustat
1594 1781 1856 1834 mortem;
1878 1771 2047 1840 judex

476 1848 639 1920 199
662 1850 713 1904 in
740 1856 1053 1920 praetorium
1086 1858 1411 1925 adducitur;
1458 1862 1566 1915 vita
1621 1863 1918 1919 viventium
1947 1867 2047 1920 Do-

470 1942 651 1997 minus
678 1942 881 2010 jmiicis
907 1950 1189 2004 sententiae
1219 1952 1506 2021 subjicitur
1538 1954 1625 2021 ⁸⁹;
1659 1956 1901 2010 omnium
1938 1970 2052 2011 cte-

472 2032 686 2088 lestium
710 2038 973 2093 virtutum
1036 2058 1129 2096 rex
1194 2045 1515 2101 carniﬁcum
1568 2063 1759 2104 manus
1817 2051 2051 2121 experiri

471 2139 577 2178 non
603 2139 885 2196 gravatur.
911 2133 991 2185 Ad
1017 2134 1140 2199 hoc,
1190 2136 1391 2206 inquit.
1432 2140 1747 2212 exemplum
1793 2143 2052 2213 respiciat

468 2217 795 2279 humilitatis
827 2235 1023 2279 vestra:
1050 2243 1323 2284 mensura.

874 2423 1064 2480 Basilii
1098 2426 1355 2484 Cit-sarem
1371 2430 1622 2497 episcom'.

537 2530 655 2586 Non
686 2534 831 2588 enim
864 2536 1063 2589 caelum
1090 2545 1143 2591 et
1172 2547 1345 2605 terra,
1370 2556 1435 2595 ac
1466 2544 1697 2598 marium
1752 2546 1968 2616 Spatia,.
1996 2555 2047 2598 et

464 2624 666 2694 qumiu
726 2628 884 2682 terris
938 2638 993 2682 et
1043 2631 1097 2684 in
1138 2632 1298 2698 aquis
1353 2634 1555 2705 degunt
1614 2637 1940 2704 animantes,
1993 2648 2048 2693 et

465 2718 681 2786 planta},
721 2727 775 2771 et
809 2719 999 2785 stellaz,
1024 2732 1078 2775 et
1107 2737 1223 2788 aer,
1247 2733 1301 2777 et
1326 2727 1452 2779 attni
1486 2733 1752 2798 tempora,
1776 2740 1831 2784 et
1863 2732 2047 2786 varius

468 2811 637 2865 totius
685 2813 1063 2871 universitatis
1107 2826 1363 2883 ornatus,
1402 2827 1610 2874 tantum
1658 2824 1912 2891 potentia:
1952 2841 2049 2880 ex-

465 2902 768 2958 cellentiam
797 2906 1315 2978 ostenditqnantum
1355 2908 1681 2966 immensum
1729 2913 1875 2967 illum
1923 2914 2045 2969 inli-

467 2995 746 3064 nitumqne
790 2995 954 3051 Deum
1022 3000 1431 3069 impassibiliter
1474 3018 1572 3072 per
1624 3018 1844 3060 carnem
1897 3023 2046 3061 com-

2164 593 2301 629 νωσε
2368 578 2582 649 μορφὴν
2628 579 2818 632 δούλου
2865 579 3065 633 λαὸών.
3101 598 3119 629 ι
3161 578 3227 631 Τί
3266 580 3608 653 πτωχότερον
3649 585 3743 637 ἐπὶ

2162 666 2297 721 Θεοῦ
2340 669 2441 738 τῆς
2486 669 2579 723 τοῦ
2626 670 2811 724 δούλου
2862 670 3119 742 μορφῆς;
3149 673 3205 724 τί
3229 671 3617 744 ταπεινότερον
3648 675 3743 728 ἐπὶ

2160 760 2254 813 τοῦ
2283 761 2545 831 βασιλέως
2574 762 2681 816 τῶν
2707 764 2865 827 ὅλων,
2895 764 2927 834 ἢ
2952 764 3014 816 τὸ
3041 766 3123 827 είς
3150 766 3439 819 κοινωνίαν
3468 766 3565 836 τῆς
3596 782 3741 821 πτω-

2161 852 2262 923 χῆς
2294 852 2451 922 ἡμῶν
2494 854 2706 922 φύσεως
2760 854 3065 917 ὲκουσίωςε
3109 854 3317 919 meo;
3380 856 3439 910 Ὁ
3489 856 3741 926 βασιλεὺς

2158 945 2266 998 τῶν
2306 945 2720 1014 βασιλευόντων,
2784 948 2876 999 καὶ
2923 948 2951 999 6
2985 946 3188 1015 Κύριος
3236 946 3344 1000 τῶν
3376 948 3740 1020 κυριευόντων

2157 1036 2256 1106 τὴν
2306 1036 2401 1090 τού
2448 1038 2637 1091 δούλου
2692 1038 2908 1108 μορφὴν
2958 1036 3288 1091 ὑποδύεται·
3328 1037 3357 1091 ὁ
3405 1036 3597 1109 κριτὴς
3646 1038 3737 1092 τοῦ

2159 1129 2360 1193 παντὸς
2409 1130 2682 1201 ύπόφορος
2724 1132 2837 1193 τοῖς
2873 1127 3262 1183 δυναστεύουσι
3291 1129 3501 1198 γίνεται
3527 1146 3538 1157 ·
3574 1130 3603 1183 6
3638 1133 3740 1201 τῆς

2158 1221 2387 1285 κτίσεως
2408 1222 2611 1294 Κύριος
2633 1222 2691 1274 ὲν
2718 1221 2975 1293 σπηλαίῳ
3003 1221 3305 1289 κατάγεται
3324 1238 3339 1252 ο
3369 1222 3396 1274 6
3419 1222 3513 1275 τοῦ
3536 1224 3747 1291 παντὸς⁵

2157 1312 2649 1384 περιδεδραγμένος
2679 1313 2777 1383 οὐχ
2809 1312 3058 1384 εὑρίσκει
3093 1313 3260 1367 τόπον
3287 1313 3347 1367 ὲν
3390 1312 3470 1384 τῷ
3499 1313 3737 1367 καταλύ-

2159 1422 2310 1475 ματι,
2343 1404 2460 1458 ἀλλ’
2488 1406 2548 1457 ὲν
2603 1404 2779 1476 φάτνῃ
2824 1403 2934 1457 τῶν
2989 1403 3199 1471 ἀλόγων
3247 1404 3735 1476 παραῤῥίπτεται·

2154 1499 2182 1549 ὁ
2210 1495 2468 1566 καθαρὸς,
2498 1496 2593 1550 καὶ
2620 1496 2920 1566 ἀκήρατος,
2956 1496 3048 1549 τὸν
3091 1495 3195 1566 τῆς
3240 1495 3586 1567 ἀνθρωπίνης
3633 1496 3735 1566 φύ-

2154 1606 2293 1653 σεως
2320 1589 2674 1659 καταδέχεται
2698 1587 2888 1659 ρὖον,
2914 1588 3010 1642 κα)⁸
3028 1587 3117 1642 διὰ
3142 1587 3323 1658 πάσης
3338 1588 3440 1659 τῆς
3465 1587 3735 1658 πτωχείας

2149 1681 2306 1753 ἡμῶν
2331 1680 2635 1749 διεξελθὼν,
2666 1681 2830 1752 μέχρι
2860 1682 2962 1752 τῆς
2985 1681 3080 1735 τοῦ
3118 1680 3352 1736 θανάτου
3377 1682 3593 1753 πρόεισι
3618 1682 3737 1735 πεί·

2159 1777 2487 1847 ρας.⁹ορἄτε
2533 1775 2633 1846 τῆς
2685 1774 2936 1828 ἑκουσίου
2986 1774 3265 1845 πτωχείας
3313 1774 3376 1827 τὸ
3424 1773 3650 1845 μέτρον·
3698 1775 3732 1845 ἠ

2156 1867 2266 1939 ζωὴ
2291 1866 2521 1920 Θανάτου
2550 1865 2801 1935 γεύεταν
2824 1866 2852 1918 6
2875 1865 3069 1937 κριτὴς
3099 1866 3180 1928 είς
3203 1868 3491 1936 κριτήριον
3517 1865 3730 1932 ἄγεταυ

2154 1964 2181 2014 ὁ
2210 1961 2309 2031 τῆς
2340 1958 2483 2029 ζωῆς
2511 1958 2619 2011 τῶν
2647 1957 2816 2011 ὄντων
2843 1957 3048 2029 Κύριος
3071 1958 3163 2010 ἐπὶ
3191 1960 3258 2028 τῇ
3285 1957 3453 2027 ψήφῳ
3468 1955 3561 2010 τοῦ
3582 1955 3733 2011 δικά-

2154 2053 2335 2118 ζοντος
2359 2050 2587 2120 ἄγεταιά
2607 2067 2619 2080 ’
2648 2052 2677 2103 ὁ
2710 2049 2891 2121 πάσης
2922 2050 3022 2119 τῆς
3051 2048 3424 2119 ύπερκοσμίου
3452 2047 3731 2117 δυνάμεως

2155 2144 2406 2215 βασιλεὺς
2453 2142 2551 2206 τάς
2607 2142 2717 2195 τῶν
2764 2141 2977 2211 δημίων
3024 2142 3126 2195 οὑκ
3171 2143 3470 2195 ἀπωθεῖται
3517 2142 3727 2210 χεῖρας.

2153 2231 2298 2303 Πρὸς
2319 2229 2473 2285 τοῦτό
2510 2246 2615 2293 σοι,
2640 2229 2797 2300 φησὶ,
2824 2229 2887 2283 τὸ
2922 2229 3227 2299 ὑπόδειγμα
3247 2232 3346 2301 τῆς
3375 2244 3730 2300 ταπεινοφρο-

2156 2323 2322 2392 σύνης
2348 2321 2595 2390 βλεπέτω
2628 2321 2688 2374 τὸ
2725 2320 2947 2391 μέτρον.

2386 2436 2710 2491 Βασιλείου
2745 2436 3084 2491 ἐπισκόπου
3119 2436 3497 2504 Καισαρείας.

2221 2548 2296 2602 Ού
2336 2548 2447 2619 γὰρ
2471 2547 2722 2601 τοσοῦτον
2750 2547 2999 2619 οὐρανὸς,
3024 2546 3120 2601 καὶ
3162 2547 3255 2616 γῆ,
3281 2547 3374 2602 καὶ
3410 2548 3478 2600 τά
3522 2546 3726 2618 μεγέθη

2148 2638 2257 2693 τῶν
2292 2640 2566 2709 πελαγῶν,
2597 2640 2691 2693 καὶ
2737 2637 2806 2692 τὰ
2855 2640 2912 2693 ἐν
2966 2639 3121 2693 ὕδασι
3153 2637 3503 2708 διαιτώμενα,
3543 2638 3636 2691 καὶ
3662 2639 3730 2691 τὰ

2149 2724 2381 2803 χερσαῖα
2415 2730 2524 2785 τῶν
2556 2729 2735 2796 ζώων,
2765 2731 2862 2783 καὶ
2883 2730 3046 2799 φυτά,
3078 2731 3173 2783 καὶ
3198 2729 3447 2801 ἀστέρες,
3476 2729 3570 2783 καὶ
3598 2727 3727 2812 ἀηρ,

2150 2825 2242 2878 καὶ
2272 2817 2434 2896 ὧραι,
2470 2824 2563 2877 καὶ
2592 2824 2625 2893 ἡ
2656 2822 2877 2891 ποικίλη
2907 2821 3002 2875 τοῦ
3028 2821 3230 2883 παντὸς
3257 2821 3639 2891 διακόσμησις,
3668 2821 3731 2874 τὸ

2150 2915 2414 2988 ὑπερέχον
2448 2914 2547 2984 τῆς
2592 2915 2773 2985 ἰσχύος
2813 2913 3146 2982 συνίστησιν,
3181 2912 3305 2965 ὅσον
3341 2911 3403 2965 τὸ
3428 2912 3728 2983 δυνηθῆναι

2147 3007 2238 3061 τὸν
2275 3008 2408 3060 Θεὸν
2447 3008 2537 3060 τὸν
2565 3007 2851 3079 ἀχώρητον
2882 3004 3107 3069 ἀπαθῶς
3136 3003 3223 3058 διὰ
3258 3004 3459 3075 σαρκὸς
3483 3003 3731 3075 συμπλα-

465 3085 681 3157 plexum
713 3103 831 3142 esse
856 3101 1107 3158 mortem,
1145 3109 1253 3161 quo
1313 3094 1567 3149 nimirum
1620 3112 1715 3166 per
1768 3102 2042 3169 propriam

2152 3093 2309 3163 κῆναι
2335 3092 2416 3163 τῷ
2454 3092 2688 3164 θανάτῳ,
2732 3094 2819 3147 ἵνα
2857 3094 2988 3164 ἡμῖν
3015 3092 3093 3145 τῶ
3122 3092 3238 3145 ἰδίω
3267 3091 3430 3146 πάθει
3457 3092 3554 3163 τὴν
3581 3093 3729 3147 άπά-

466 3178 775 3245 passiouem
816 3194 969 3235 suam
1021 3183 1179 3238 nobis
1211 3184 1699 3255 impassibilitatem
1740 3167 2044 3259 impertire-

2152 3183 2298 3236 θειαν
2326 3182 2642 3253 χαρίσηται.

464 3275 573 3324 tur.

771 3365 1056 3420 Athanasii
1085 3369 1313 3437 episcopi
1351 3369 1714 3425 Alexandria.

539 3457 603 3511 Et
629 3458 1039 3523 ostendebatur,
1072 3462 1213 3529 quod
1255 3479 1357 3516 non
1395 3476 1743 3533 apparenter,
1791 3469 1883 3525 sed
1921 3483 2049 3522 vere

465 3547 720 3602 habuerit
763 3564 982 3619 corpus.
1038 3550 1277 3607 Decebat
1324 3556 1467 3609 enim
1521 3557 1808 3615 Dominum
1857 3563 2053 3616 Imma.

467 3657 589 3695 nam
636 3642 776 3696 hanc
803 3657 1021 3697 carnem
1058 3645 1398 3711 induentem,
1431 3664 1552 3704 cum
1598 3651 1713 3705 suis
1774 3654 2045 3723 passioni-

462 3735 569 3787 bus
596 3733 768 3801 ipsam
798 3742 964 3789 totam
999 3736 1263 3792 induere:
1300 3748 1358 3792 ut
1383 3741 1525 3795 sicut
1566 3744 1846 3813 proprium
1879 3746 2049 3816 ipsius

459 3836 588 3878 esse
621 3823 852 3877 dicimus
872 3839 1090 3895 corpus,
1122 3828 1191 3881 ita
1220 3836 1277 3882 et
1312 3831 1557 3897 corporis
1600 3836 1885 3901 passiones
1920 3853 2046 3907 pro-

466 3915 596 3982 prim
624 3923 831 3968 tantum
856 3916 971 3983 ejus
1014 3920 1283 3984 dicantur.
1314 3923 1529 3978 etiamsi
1577 3940 1682 3980 non
1714 3929 2045 3997 contigerint

461 4007 801 4062 divinitatem
826 4008 960 4076 ejus.
997 4010 1132 4066 Nam
1158 4015 1202 4068 si
1229 4016 1457 4072 alterius
1477 4028 1622 4072 esset
1645 4035 1862 4087 corpus,
1902 4022 2047 4078 illius

459 4099 628 4153 etiam
650 4099 959 4156 dicerentur
982 4105 1283 4172 passiones.
1313 4107 1370 4162 Si
1394 4118 1576 4165 autem
1601 4110 1763 4167 Verbi
1791 4124 1873 4169 est
1891 4129 2040 4171 caro.

459 4192 725 4262 (Verbum
756 4196 899 4250 enim
923 4212 1052 4252 caro
1070 4199 1269 4255 factum
1296 4211 1383 4257 est
1415 4202 1506 4271 ⁸⁸),
1529 4206 1898 4261 necessarium
1930 4216 2042 4275 est,

464 4296 530 4338 ut
565 4294 619 4340 et
639 4286 821 4341 carnis
856 4290 1139 4358 passiones
1172 4294 1289 4363 ejus
1320 4308 1442 4350 esse
1468 4296 1745 4361 dicantur,
1779 4298 1936 4369 cujus
1987 4306 2042 4354 et

452 4392 592 4431 caro
622 4389 725 4432 est.
747 4378 913 4446 Cujus
941 4383 1084 4436 enim
1115 4384 1369 4440 dicuntur
1400 4389 1896 4458 passiones,quaies
1916 4400 2046 4445 sunt

2325 3358 2676 3413 Ἀθανασίου
2707 3357 3046 3411 ἐπισκόπου
3088 3357 3560 3426 Ἀλεξανδρείας.

2221 3448 2334 3503 Καὶ
2386 3449 2680 3511 ἐδείκνυτο,
2713 3448 2796 3501 δτι
2849 3448 2922 3518 μὴ
2976 3449 3250 3517 φαντασίᾳ
3275 3490 3291 3515 ,
3330 3447 3469 3502 ἀλλά
3512 3447 3728 3521 ἀληθῶς

2151 3542 2290 3613 ἔχων
2320 3537 2389 3612 ἧν
2418 3540 2478 3594 τὸ
2506 3539 2686 3610 σῶμα.
2723 3540 2971 3610 Ἔπρεπε
2998 3540 3056 3592 δὲ
3084 3540 3177 3593 τὸν
3209 3540 3398 3611 κύριον
3428 3540 3730 3595 ὲνδιδυσκό-

2152 3651 2314 3705 μενον
2361 3633 2461 3703 τὴν
2508 3632 2859 3703 ἀνθρωπίνην
2914 3632 3095 3703 σάρκα
3143 3632 3385 3703 ταύτην,
3429 3633 3567 3705 μετά
3620 3636 3729 3689 τῶν

2153 3726 2300 3780 ἰδίων
2324 3724 2513 3779 παθῶν
2537 3725 2665 3795 ὅλην
2693 3724 2863 3794 αὑτὴν
2891 3722 3216 3778 ἐνδύσασθαι
3237 3738 3252 3753 ⁸
3277 3725 3365 3791 ἵν’,
3389 3725 3578 3797 ὥσπερ
3600 3727 3729 3781 ἴδιον

2149 3817 2315 3874 αὑτοῦ
2344 3818 2578 3888 λέγομεν
2607 3813 2746 3869 εἶναι
2782 3817 2845 3869 τὸ
2877 3816 3057 3886 σῶμα,
3090 3814 3236 3871 οὕτω
3270 3818 3366 3870 καὶ
3401 3817 3469 3871 τά
3495 3816 3590 3871 τοῦ
3622 3817 3727 3872 σὼ-

2154 3930 2323 3984 ματος
2356 3910 2503 3981 πάθη
2552 3908 2661 3962 ῐδια
2697 3908 2856 3979 μόνον
2903 3907 3071 3961 αὑτοῦ
3124 3907 3372 3977 λέγηται,
3410 3910 3459 3962 εἰ
3515 3910 3611 3963 καὶ
3652 3910 3726 3981 μὴ

2148 4007 2353 4077 ἥπτετο
2378 4004 2517 4057 κατὰ
2547 4004 2649 4071 τὴν
2698 4000 2930 4072 θεότητα
2965 3999 3154 4055 αὐτοῦ.
3190 4002 3253 4054 Ei
3307 4000 3408 4072 μὲν
3447 4002 3636 4073 ἑτέρου
3664 4003 3728 4056 τὸ

2150 4098 2332 4168 σῶμα,
2357 4094 2567 4149 ἐκείνου
2597 4094 2667 4147 ἂν
2705 4092 2918 4161 λέγοιτο
2950 4093 3064 4145 και
3092 4092 3161 4145 τά
3207 4091 3356 4163 πάθη
3378 4110 3391 4122 ·
3448 4095 3497 4146 εἰ
3542 4094 3597 4148 δὲ
3632 4094 3726 4149 τοῦ

2149 4188 2387 4257 Λόγουή
2424 4183 2581 4256 σὰρξ,
2615 4184 2643 4235 6
2690 4181 2799 4254 γὰρ
2842 4181 3015 4250 Λόγος
3055 4179 3194 4252 σὰρξ
3245 4180 3480 4248 ἐγένετο,
3513 4182 3725 4253 ἀνάγκη

2148 4281 2243 4333 καὶ
2271 4278 2340 4332 τὰ
2367 4277 2466 4347 τῆς
2515 4274 2716 4346 σαρκὸς
2749 4272 2896 4343 πάθη
2952 4272 3208 4340 λέγεσθαι
3269 4271 3435 4325 αὑτοῦ
3470 4266 3530 4327 οὗ
3572 4275 3666 4328 καὶ
3692 4277 3727 4347 η

2149 4364 2287 4436 σάρξ
2314 4366 2491 4417 ἐστιν·
2522 4353 2583 4414 οὗ
2616 4360 2724 4431 γὰρ
2775 4359 2993 4429 λέγεται
3036 4361 3103 4413 τὰ
3138 4358 3307 4431 πάθη,
3336 4355 3425 4413 οἷά
3460 4362 3578 4415 ἐστι
3616 4362 3727 4432 μάο

460 4472 724 4541 maxime,
758 4477 1135 4543 condemnari,
1159 4476 1441 4550 ﬂagellari,
1495 4482 1670 4548 sitire,
1711 4492 1766 4538 et
1812 4499 1966 4549 crux,
1991 4493 2047 4539 et

2152 4457 2331 4519 λιστα,
2359 4455 2421 4508 τὸ
2467 4452 2882 4524 κατακριθῆναι,
2907 4453 2968 4504 τὸ
2992 4452 3424 4524 μαστιγωθῆναι,
3452 4453 3513 4507 τὸ
3544 4453 3725 4526 διψᾷν,

466 4579 634 4631 mors,
669 4576 723 4621 et
755 4567 873 4622 alia:
898 4572 1145 4638 corporis
1178 4571 1540 4638 infirmitates,
1560 4574 1677 4643 ejus
1705 4584 1759 4629 et
1788 4576 2039 4630 meritum

2152 4551 2244 4604 καὶ
2277 4553 2305 4603 ὁ
2331 4548 2585 4616 σταυρὸς,
2619 4547 2711 4600 καὶ
2750 4548 2779 4598 6
2816 4545 3065 4611 θάνατος,
3094 4547 3188 4599 καὶ
3214 4547 3271 4600 αί
3297 4545 3453 4600 ἄλλαι
3485 4546 3580 4600 τοῦ
3618 4548 3724 4601 σώ-

458 4667 515 4709 et
538 4657 708 4724 gratia
734 4668 841 4715 est.
877 4658 1084 4716 Idcirco
1109 4672 1258 4717 recte
1286 4678 1351 4717 ac
1382 4664 1637 4719 decenter
1654 4679 1759 4718 non
1792 4664 2039 4731 alterius,

462 4748 558 4802 sed
586 4749 795 4805 Domini
820 4751 1075 4808 dicuntur
1096 4770 1217 4810 esse
1258 4755 1568 4826 ltujusmodi
1608 4756 1927 4826 passiones;
1983 4766 2042 4812 ut

462 4846 517 4887 et
546 4837 717 4906 gratia
760 4838 830 4895 ab
853 4839 971 4908 ipso
1000 4841 1091 4905 sit,
1126 4853 1182 4897 et
1211 4860 1318 4897 non
1355 4843 1658 4899 efﬁciamur
1712 4846 2036 4911 idololatrze,

458 4929 555 4980 sed
585 4942 710 4984 vere
734 4930 899 4983 Demn
925 4932 1185 4993 colentes.
1206 4933 1333 5003 quia
1363 4935 1563 4989 nullam
1587 4948 1915 5001 creaturam,
1944 4953 2038 4992 ne-

456 5035 567 5087 que
586 5035 929 5078 cunmtuuem
955 5026 1191 5095 aliquem
1233 5027 1532 5092 hominem,
1586 5028 1680 5083 sed
1730 5030 2035 5083 naturalem

459 5120 515 5162 et
544 5126 728 5166 verum
759 5113 850 5168 Dei
911 5116 1131 5181 Filium,
1193 5117 1466 5173 hominem
1511 5120 1741 5183 factum,
1788 5121 2038 5174 eumdem

462 5200 819 5260 nihilominus
850 5205 1134 5261 Dominum
1160 5217 1213 5264 et
1248 5207 1417 5265 Deum
1451 5224 1515 5265 ac
1568 5208 1906 5265 Salvatorem
1951 5210 2038 5263 in-

467 5302 745 5346 vocamus.

540 5530 584 5562 "
616 5530 847 5604 Philipp.
907 5552 966 5600 tt,
1006 5538 1122 5594 5-7.

466 5620 514 5656 ⁴⁰
554 5622 701 5678 Joau.
751 5643 789 5690 ι,
824 5627 903 5680 Η.

1230 5543 1275 5574 ⁸⁸
1305 5538 1495 5597 Matth.
1549 5559 1701 5609 xvtl,
1756 5542 1846 5597 ‘26.

1955 5544 2000 5576 "
2033 5543 2135 5597 lsa.
2185 5556 2289 5600 ιιι,
2328 5534 2415 5588 1'3-

2152 4660 2319 4716 ματος
2353 4640 2649 4703 ἀσθένειαι,
2683 4637 2874 4691 τούτου
2921 4638 3016 4691 καὶ
3059 4639 3120 4692 τὸ
3151 4639 3503 4711 κατόρθωμα,
3554 4640 3647 4694 καὶ
3692 4639 3725 4709 ἠ

2145 4736 2307 4807 χάρις
2353 4731 2489 4787 ἐστί.
2521 4730 2619 4784 Διὰ
2664 4728 2825 4783 τοῦτο
2869 4731 3051 4783 τοίνυν
3100 4729 3430 4794 ἀκολούθως,
3470 4731 3565 4783 καὶ
3592 4746 3726 4800 πρε-

2147 4828 2359 4888 πόντως
2386 4824 2486 4876 ούκ
2505 4822 2688 4885 ἄλλου,
2730 4820 2866 4874 άλλά
2897 4819 2992 4874 τοῦ
3018 4821 3226 4893 Κυρίου
3260 4822 3480 4889 λέγεται
3509 4820 3579 4875 τά
3610 4839 3723 4877 τοι·-

2145 4916 2288 4970 αὖτα
2317 4914 2464 4986 πάθη
2488 4929 2503 4943 ·
2532 4914 2618 4967 ἵνα
2644 4912 2736 4965 καὶ
2762 4914 2795 4983 ἡ
2828 4912 2991 4983 χάρις
3028 4915 3154 4983 παρ’
3182 4912 3349 4966 αὑτοῦ
3382 4914 3491 4985 εἴη,
3524 4916 3617 4968 καὶ
3646 4915 3721 4985 μὴ

2148 5009 2530 5078 εἰδωλολάτραι
2560 5005 2823 5075 γινόμεθα
2872 5016 2917 5070 ε,
2963 5006 3101 5060 ἀλλὰ
3153 5005 3369 5077 ἀληθῶς
3425 5006 3718 5071 θεοσεϐεῖς,

2145 5103 2228 5154 ὅτι
2265 5098 2468 5171 μηδένα
2508 5096 2617 5151 τῶν
2662 5098 2937 5168 γεννητῶν
2966 5098 3011 5161 ί,
3049 5099 3188 5170 μηδὲ
3233 5100 3412 5153 κοινόν
3456 5117 3578 5155 τινα
3624 5100 3720 5154 ἄν·

2147 5196 2386 5265 θρωπον,
2407 5190 2544 5245 ἀλλά
2572 5191 2667 5245 τὸν
2706 5191 2771 5244 ὲκ
2802 5190 2937 5245 Θεοῦ
2966 5192 3125 5261 φύσει
3154 5193 3248 5247 καὶ
3280 5193 3529 5265 ἀληθινὸν
3568 5194 3718 5257 Υίὸν,

2145 5284 2335 5338 τοῦτον
2382 5282 2675 5352 γενόμενον
2714 5284 2739 5322 Β
2785 5281 3095 5353 ἄνθρωπον,
3128 5284 3277 5339 οὐδὲν
3317 5281 3478 5359 ἦττον
3514 5286 3719 5358 Κύριον

2150 5377 2331 5441 αὑτὸν,
2367 5375 2461 5429 καὶ
2481 5373 2638 5439 Θεὸν,
2668 5373 2762 5426 καὶ
2796 5374 3025 5444 Σωτῆρα
3058 5374 3470 5447 ὲπικαλούμεθα
3489 5375 3540 5431 1³.

2517 5529 2562 5561 ⁸⁸
2600 5529 2732 5583 Luc.
2788 5546 2862 5593 ιι,
2897 5530 2949 5586 7.
3019 5531 3065 5564 λθ
3094 5528 3250 5584 Joan.
3296 5544 3414 5595 xix,
3457 5531 3521 5584 i3
3561 5546 3714 5599 seqq.

1532 5697 1702 5749 Varia:
1730 5696 1987 5751 icctioucs
2006 5714 2072 5753 ex
2101 5695 2288 5750 codice
2320 5682 2689 5760 chuieriuno.

544 5818 571 5850 ⁸
606 5811 873 5882 πτωχείας
909 5811 1064 5882 ἡμῶν
1110 5810 1390 5875 ἐκούσιως.
1467 5809 1493 5849 ἀ
1524 5810 1729 5877 γίνεται

1812 5823 1834 5849 ε
1865 5809 2163 5881 γινώμεθα.

2278 5807 2293 5846 ί
2332 5804 2589 5875 γενητῶν.
2684 5806 2708 5845 ε
2739 5804 2829 5856 καὶ
2859 5802 3167 5874 γενόμενον.
3260 5804 3287 5845 h
3325 5806 3712 5880 ἐπικαλούμενο
