4116 6332
400 327 507 383 585

961 321 1443 380 APOLOGETICU
1456 322 1493 377 S
1529 321 1814 379 CONTRA
1856 322 1991 379 TllE

2099 323 2389 381 ORETUM
2430 326 2563 382 ιιιιο
2601 327 2698 383 ΧΙΙ
2742 328 3136 389 CAPITIBUS.

3559 338 3668 393 386

485 438 727 511 ’Λπόκρη
759 439 942 493 τοίνυν
998 442 1079 503 εἰς
1113 438 1512 510 πληροφορίαν,
1550 438 1627 502 ὥς
1656 455 1720 507 γε
1754 441 1768 479 ί
1810 436 1989 510 οἶμαι,

2168 441 2454 497 διιίῐίετίιιιιι
2488 443 2675 513 igitur,
2713 453 2772 498 ut
2803 445 3016 514 opinor,
3073 446 3140 500 ad
3177 446 3548 515 probationem
3580 465 3669 504 sa-

398 536 514 597 τοΐς
532 533 825 605 ἀρτίφροσι
863 532 934 588 τὰ
966 533 1300 606 προτεθέντα
1327 533 1487 604 ῥητὰ,
1519 531 1612 586 τοῦ
1645 532 1788 585 θείου
1818 534 1985 601 νόμου

399 626 699 699 διαρρήδην
726 625 977 694 λέγοντος
999 644 1012 657 ⁸
1044 646 1063 679 ι
1096 627 1219 680 Ἐπὶ
1263 627 1533 697 στόματος
1565 626 1659 679 δύο
1689 626 1985 697 μαρτύρων

401 719 496 773 καὶ
513 718 682 791 τριῶν
711 718 1041 790 σταθήσεται
1067 721 1176 773 πᾶν
1204 718 1376 789 ρἧα.
1408 738 1425 769 ι
1462 718 1526 772 El
1553 718 1610 772 δὲ
1647 719 1708 790 δή
1746 737 1829 783 τις
1863 719 1987 790 βού-

401 810 547 863 λοιτο
575 809 667 863 καὶ
706 809 846 882 μετὰ
876 810 1036 864 τοῦτο
1068 809 1147 864 ἔτι
1178 810 1528 881 φιλονεικεῖν,
1564 811 1813 865 ἀκουέτω
1847 812 1986 882 πρὸς

401 901 581 972 ημῶνο
617 901 722 956 Ἴθι
769 901 869 973 τὴν
916 903 1059 956 κατὰ
1098 903 1325 957 σαυτόν·
1368 905 1532 975 ἡμεῖς
1579 903 1637 956 δὲ
1670 905 1781 967 τοῖς
1812 903 1991 975 ὀρθοῖς

402 993 723 1063 Γράμμασι,
756 994 851 1048 καὶ
895 997 961 1066 τῇ
1011 994 1123 1048 τῶν
1156 994 1329 1060 ἁγίων
1378 995 1640 1067 Πατέρων
1687 992 1976 1066 ὀψόμεθαὶ

404 1083 618 1136 πίστει·
652 1083 1003 1155 ηρδανῶμεν
1030 1085 1058 1125 ¹ι
1103 1084 1213 1157 γὰρ
1244 1086 1388 1139 οὓτω
1430 1087 1529 1156 τῆς
1576 1085 1689 1139 ἄνω
1742 1084 1987 1155 κλήσεως

403 1175 493 1254 τὸ.
524 1174 829 1247 βραϐεῖονι
876 1175 1131 1248 Χριστῷο
1197 1177 1266 1230 δι’
1330 1170 1432 1242 οὗ,
1490 1177 1584 1231 καί⁵
1620 1177 1740 1247 μεθ’
1788 1169 1850 1229 οὗ
1907 1175 1987 1245 τῷ

404 1266 524 1338 Θεῷ
552 1268 649 1321 καὶ
674 1267 851 1340 Πατρὶ
889 1269 923 1339 η
955 1265 1086 1332 δόξα
1119 1270 1217 1323 σὺν
1262 1268 1402 1340 ἁγίῳ
1431 1267 1711 1340 Πνεύματι
1744 1269 1824 1331 είς
1860 1267 1987 1330 τοὺς

407 1356 630 1421 αἰῶνας.
680 1360 877 1429 ’Δμην.

2094 536 2367 606 pientibus
2394 537 2676 591 sententizu
2701 539 3206 608 propositadivina
3236 538 3352 608 lege
3380 540 3675 595 manifeste

2093 628 2307 682 dicente
2342 644 2354 679 :
2399 646 2418 679 ι
2461 630 2519 683 ln
2548 645 2643 683 ore
2674 632 2900 685 duorum
2947 632 3033 686 vel
3076 636 3235 686 trium
3272 634 3485 687 testium
3506 635 3678 687 stabit

2092 733 2253 772 omne
2296 720 2516 773 verbum
2546 720 2610 773 θ’.
2656 739 2673 770 ι
2719 719 2775 774 Si
2836 722 3000 791 2ου
3028 723 3150 791 quis
3197 732 3378 776 autem
3437 724 3675 780 voluerit

2093 811 2257 865 etiam
2290 820 2411 881 past
2440 813 2551 866 haec
2579 812 2757 866 adhuc
2790 816 3140 877 contendere,
3176 818 3359 869 audiat
3386 831 3415 868 a
3466 817 3623 871 nobis
3658 832 3675 870 :

2096 900 2214 956 Tuo
2240 917 2405 972 perge
2438 902 2671 970 itinere;
2698 919 2795 957 nos
2848 916 3033 957 autem
3093 907 3309 961 divinas
3335 908 3671 976 Scripturas,

2093 1004 2149 1049 et
2174 1004 2486 1050 sanctorum
2510 1012 2800 1066 sequemur
2822 996 3003 1051 iidem.
3047 999 3138 1054 Sic
3170 1002 3314 1053 enim
3341 1001 3679 1054 lucrabinmr

2094 1102 2344 1158 superna:
2372 1088 2669 1143 vocationis
2704 1089 2949 1143 braviunt
2983 1091 3035 1143 in
3068 1091 3291 1146 Christo
3322 1107 3461 1162 :per
3486 1108 3674 1160 quem,

2096 1189 2292 1235 etcum
2316 1196 2447 1251 quo,
2480 1182 2588 1235 Deo
2617 1190 2672 1237 et
2697 1182 2843 1237 Patri
2872 1184 3043 1254 gloria
3066 1199 3189 1238 cum
3211 1194 3407 1241 sancto
3461 1185 3672 1254 Spiritu

2096 1272 2151 1327 in
2180 1274 2398 1328 srecula.
2428 1274 2623 1330 Anien.

411 1544 3645 1589 ww

1110 1711 1456 1846 ΤΟΥ
1529 1707 2053 1845 ΑΓΙΟΥ
2127 1710 2995 1846 ΚΥΡΙΛΛΟΥ

1471 1942 2040 1997 ΑΡΧΙΕΠῙΣΚΟΠΟΥ
2091 1941 2618 1998 ΑΛΕΞΑΝΔΡΕΙΑΣ

1858 2098 2213 2153 ΕΠΙΣΤΟΛΗ

1606 2264 1896 2349 ΠΡΟΣ
1970 2262 2553 2349 ΕΥΟΠΤΙΟΝ

904 2451 1061 2520 Πρός
1093 2467 1210 2519 την
1247 2449 1407 2519 παρὰ
1444 2448 1807 2518 θεοδωρίτου
1839 2448 1989 2502 κατὰ
2019 2447 2141 2501 τῶν
2169 2447 2401 2503 δώδεκα
2435 2448 2780 2519 κεφαλαίων
2802 2448 3183 2518 ἀντίρρησιν.

1988 2632 2061 2647 ξ

750 2777 845 2866 s.
921 2776 1406 2867 CYRILLI
1485 2734 3321 2873 ALEXANDRUE'ARCHIEPISCOPI

1570 2966 1934 3027 EPISTULA
1975 2967 2076 3027 AD
2116 2969 2507 3030 EUOPTIUM

845 3138 1151 3200 Adversus
1186 3133 1725 3216 impugnationem
1764 3132 2101 3196 duodecim
2146 3133 2422 3214 capitum
2471 3151 2508 3196 a
2548 3133 2948 3198 Theodoreto
2985 3135 3241 3199 editam.

415 3455 710 3523 Κύριλλος
763 3453 845 3519 τῷ
915 3454 1333 3521 εὐλαϐεστάτῳ
1361 3494 1375 3520 ,
1436 3453 1540 3508 καί
1593 3453 1991 3518 ποθεινοτάτφ

2095 3451 2547 3507 Reverendiuimo
2575 3460 2624 3504 et
2653 3451 3105 3506 duideratiuima
3162 3452 3319 3521 fratri
3376 3461 3427 3507 et
3458 3470 3679 3511 conum—

482 3545 745 3615 ἀδελφῷ,
766 3545 864 3598 καί
888 3545 1339 3615 συλλειτουργῷ
1363 3545 1661 3611 Εὐοπτίῳ,
1686 3545 1765 3600 ἐν.
1788 3546 1989 3614 Κυρίῳ

483 3640 735 3708 χαίρειν.

496 3753 778 3824 Ἑνέτυχον
803 3753 915 3814 τοῖς
947 3750 1101 3821 παρὰ
1122 3750 1224 3820 τῆς
1258 3750 1356 3821 σῆς
1388 3750 1700 3814 θεοσεϐείας
1731 3749 1991 3803 ἐπεσταλο

416 3846 619 3917 μένοις,
644 3843 971 3914 τεθαύμακά
996 3858 1055 3895 τε
1083 3843 1184 3913 τὴν
1213 3841 1472 3907 διάθεσιν,
1509 3842 1604 3896 καὶ
1633 3841 1735 3911 τῆς
1764 3841 1823 3894 ὲν
1855 3843 1991 3910 Χρι-

413 3939 525 4011 στῷ
545 3939 768 4008 ἀγάπης
800 3938 863 3988 τὸ
894 3936 1146 4006 γνήσιον
1170 3937 1368 4006 χρῆναι
1396 3933 1452 3987 δὲ
1495 3933 1865 4004 ὑπολαμϐάνω
1894 3935 1989 3988 καὶ

412 4026 509 4080 νῦν
550 4028 744 4091 εἰπεῖν,
798 4024 874 4087 ὡς
926 4023 1073 4077 ἐστιν
1122 4024 1322 4095 ἀληθὲς
1364 4024 1428 4077 τὸ
1458 4024 1519 4077 ὲν
1569 4027 1636 4095 τῇ
1669 4024 1838 4095 βίϐλῳ
1880 4025 1990 4079 τῶν

414 4116 731 4187 Παροιμιῶν
782 4114 1073 4186 εἰρημένον
1098 4123 1139 4151 ιιι
1168 4129 1185 4145 ·
1238 4132 1258 4166 ι
1308 4115 1560 4185 ’Δδελφὸς
1610 4117 1706 4168 ὑπ’
1756 4115 1989 4185 ἀδελφοῦ

415 4210 797 4283 βοηθούμενος,
830 4209 907 4273 ὡς
940 4209 1096 4272 πόλις
1139 4208 1346 4279 ὀχυρά’
1382 4226 1401 4259 ι
1452 4209 1549 4263 καί
1584 4225 1674 4281 μοι
1715 4208 1864 4262 δοκεῖ
1889 4209 1990 4280 τῆς

414 4304 635 4374 ἀγάπης
658 4302 721 4356 τὺ
751 4302 943 4372 χρῆμα
979 4299 1077 4355 τοῦ
1109 4300 1313 4363 παντὸς
1346 4300 1497 4365 ἄξιον
1534 4299 1790 4370 γενέσθαι
1827 4299 1988 4369 λόγου

414 4395 569 4468 παρὰ
592 4398 660 4467 τῇ
683 4394 1024 4465 θεοπνεύστῳ
1046 4394 1257 4466 Γραφῇ,
1284 4394 1379 4447 καὶ
1400 4392 1545 4463 μάλα
1565 4392 1788 4455 εἰκότως
1807 4407 1821 4421 ο
1853 4390 1991 4461 πλή-

419 4503 585 4556 ρωσιν
630 4485 745 4555 ἔχει
783 4494 814 4522 ιι
848 4481 943 4537 τοῦ
996 4483 1163 4554 νόμου
1189 4525 1205 4550 ,
1244 4482 1340 4536 καὶ
1386 4480 1615 4553 προῦχει
1666 4480 1776 4534 τῶν
1814 4479 1991 4534 ἄλλων

417 4574 648 4645 ἀρετῶν,
676 4574 772 4629 καὶ
805 4576 863 4628 ὲν
905 4573 1088 4644 πολλῷ
1134 4576 1315 4627 κεῖται
1368 4573 1609 4645 θαύματι
1661 4572 1815 4645 παρὰ
1870 4574 1992 4635 ταῖς

415 4671 525 4724 τῶν
555 4671 725 4738 ἁγίων
760 4668 978 4740 ψυχαῖς.
1002 4666 1349 4739 Πληροῦσθαί
1373 4685 1438 4736 γε
1472 4666 1579 4739 μὴν
1607 4667 1780 4738 αὐτήν
1810 4682 1991 4736 φαμεν

416 4765 519 4817 οὐκ
546 4764 604 4817 ὲν
626 4762 811 4832 ψιλαῖς
851 4778 912 4814 τε
989 4761 1083 4814 καὶ
1131 4759 1325 4828 μόναις
1374 4760 1635 4830 ῥημάτων
1665 4761 1988 4829 προφοραῖς,

419 4854 555 4908 ἀλλὰ
586 4829 656 4906 διδ
687 4850 867 4906 αὐτῶν
898 4848 1008 4904 τῶν
1051 4848 1398 4920 πραγμάτων
1433 4847 1910 4919 μαρτυρουμέναις
1938 4854 1987 4901 ⁸.
2020 4829 2062 4886 C

420 4948 630 5017 Ὥσπερ
679 4944 787 5015 γὰρ
824 4942 883 4996 al
935 4939 1392 4994 πολυτελέσταται
1434 4939 1545 4993 τῶν
1582 4938 1766 5002 λίθων,
1795 4936 1859 5001 ἃς
1894 4936 1991 4989 καὶ

430 5036 658 5098 Ἰνδικάς
686 5031 827 5088 εἷναί
852 5050 1037 5102 φασιν,
1059 5032 1161 5084 οὐκ
1190 5032 1250 5098 ἐξ
1268 5024 1343 5085 ὧν
1375 5030 1441 5085 ἄν
1465 5048 1550 5095 τις
1576 5031 1822 5101 ἐξηγοῖτο
1860 5029 1990 5099 περὶ

420 5126 619 5191 αὐτῶν,
640 5126 755 5181 ἀλλ’
777 5126 836 5195 ἐξ
864 5118 939 5179 ὧν
964 5128 1070 5180 είσι
1088 5125 1249 5197 παρὰ
1268 5128 1380 5189 τοῖς
1402 5125 1570 5197 ὁρῶσι
1596 5122 1990 5195 θαυμάζονται,

416 5219 511 5272 τὸν
536 5219 717 5287 αὐτὸν,
755 5216 931 5290 οἶμαι,
965 5219 1167 5290 τρόπον
1198 5218 1294 5272 καὶ
1324 5218 1385 5271 τὸ
1428 5217 1679 5288 λαμπρὸν
1715 5217 1816 5287 τῆς
1853 5216 1995 5285 ἀγά-

457 5352 500 5384 ⁶¹
533 5351 686 5407 Deut.
719 5367 850 5417 xvn,
884 5351 957 5418 6;
1000 5349 1193 5405 Matth.
1221 5365 1376 5415 xvtu,
1413 5348 1500 5404 16.

2160 3541 2331 3595 eiuro
2388 3539 2619 3608 Euoptio
2666 3540 2779 3611 (l)
2832 3540 3091 3611 Cyrinus,
3135 3544 3195 3597 in
3243 3541 3479 3598 Domino
3529 3547 3677 3599 salu-

2160 3645 2283 3689 ιεικ.

2160 3746 2343 3801 Lectis
2374 3744 2570 3801 litteris
2591 3760 2621 3799 a
2644 3744 2843 3813 pietate
2862 3753 2949 3798 tua
2977 3747 3046 3798 ad
3076 3760 3159 3800 me
3183 3747 3351 3812 datis,
3377 3747 3677 3803 admiratus

2092 3853 2209 3892 sum
2235 3846 2291 3892 et
2316 3835 2695 3900 all'ectionem,
2732 3845 2786 3890 et
2820 3836 3108 3891 cbaritatis
3148 3838 3201 3891 in
3229 3838 3452 3893 Christo
3494 3842 3676 3894 since-

2092 3929 2349 3994 ritatem;
2403 3936 2570 3996 atque
2620 3925 2756 3981 adeo
2824 3924 2952 3979 illud
3000 3925 3120 3981 libri
3200 3924 3616 3982 Proverbiorum
3656 3946 3671 3981 :

2098 4038 2117 4072 ε
2150 4020 2343 4075 Frater
2364 4020 2457 4089 qui
2489 4033 2521 4074 a
2544 4019 2714 4075 fratre
2758 4018 3068 4089 adiuvatur,
3112 4019 3253 4074 sicut
3285 4020 3479 4075 civitas
3506 4022 3674 4075 muni-

2094 4122 2147 4165 ta
2181 4113 2263 4179 “;
2301 4130 2320 4163 ›
2360 4121 2419 4167 ut
2450 4111 2734 4166 verissime
2770 4112 3059 4180 scriptum,
3116 4126 3271 4166 nunc
3299 4126 3516 4182 quoque
3566 4114 3674 4169 dici

2092 4202 2290 4259 debere
2318 4218 2514 4259 censeo
2539 4219 2554 4256 :
2585 4202 2905 4272 videturque
2929 4203 3060 4257 mihi
3087 4201 3374 4257 charitatis
3404 4206 3675 4272 possessio

2093 4297 2314 4351 maximi
2348 4296 2465 4351 ﬁeri
2494 4296 2547 4351 in
2580 4295 2879 4366 Scripturis
2906 4296 3171 4351 divinitus
3227 4296 3531 4365 inspiratis,
3588 4299 3675 4352 id-

2092 4403 2198 4459 que
2222 4390 2345 4458 jure
2374 4389 2581 4459 Optimo
2616 4389 3046 4459 :plenitudinem
3069 4389 3213 4444 enim
3240 4390 3374 4459 legis
3409 4390 3675 4455 continet,

2092 4482 2334 4552 aliasque
2363 4482 2593 4537 virtutes
2621 4481 2918 4546 antecellit,
2945 4492 2998 4535 et
3020 4481 3073 4536 in
3099 4482 3333 4537 maxima
3360 4483 3676 4560 admiratio-

2092 4585 2263 4628 neest
2285 4573 2424 4643 apud
2455 4573 2670 4628 animas
2699 4579 3035 4629 sanctorum.
3074 4573 3270 4629 Verum
3326 4587 3447 4628 eam
3478 4590 3581 4628 non
3618 4575 3673 4628 in

2094 4667 2255 4720 nudis
2288 4665 2524 4735 solisque
2558 4665 2739 4719 verbis
2771 4664 3029 4733 compleri
3062 4664 3320 4730 dicimus,
3368 4665 3465 4720 sed
3502 4665 3677 4720 facto.

2096 4772 2215 4811 rum
2249 4756 2561 4812 testimonio
2600 4754 2937 4811 conﬁrmatis
2975 4754 3041 4827 [Γ.
3099 4754 3462 4828 conﬁrmari].
3519 4757 3676 4812 Sicut

2096 4846 2242 4901 enim
2290 4846 2717 4918 pretiosissimas
2793 4861 3058 4914 gemmas,
3108 4861 3246 4916 quas
3295 4846 3506 4901 Indicas
3550 4862 3673 4901 esse

2096 4940 2269 5004 aiunt,
2295 4954 2400 4994 non
2422 4954 2487 4993 ex
2512 4939 2621 5004 his,
2652 4954 2772 5010 qua:
2814 4939 2881 4994 de
2909 4939 3014 4993 illis
3045 4950 3360 5002 narrantur,
3399 4939 3492 4993 sed
3515 4955 3581 4993 ex
3603 4954 3672 4994 eo

2096 5029 2239 5100 quod
2272 5039 2417 5096 sunt,
2441 5029 2475 5083 ii
2503 5029 2597 5100 qui
2622 5030 2806 5084 vident
2838 5029 3181 5083 admirantur
3210 5045 3223 5080 :
3260 5029 3331 5082 ita
3370 5029 3536 5082 etiam
3559 5027 3672 5081 cla-

2100 5136 2213 5174 ram
2243 5119 2550 5175 dilectionis
2581 5118 3038 5189 pulchritudinem
3066 5127 3177 5172 tum
3220 5116 3477 5187 effulgere
3519 5117 3668 5171 arbi-

2103 5222 2238 5276 tror,
2268 5226 2392 5266 cum
2430 5211 2484 5266 in
2525 5210 2735 5267 cunctis
2761 5211 2924 5267 rebus
2948 5210 3171 5282 optimis
3230 5211 3299 5264 ab
3328 5210 3458 5280 ipsis
3526 5219 3672 5264 recte

1599 5349 1644 5378 “
1688 5346 1851 5402 Prov.
1877 5362 2036 5411 xvm,
2060 5342 2149 5399 l9.

1479 5479 1653 5536 ναι-ἰαὶ
1680 5480 1943 5536 lectiones
1963 5494 2029 5534 ex
2056 5479 2241 5536 codice
2266 5477 2643 5550 Seguieriano.

428 5623 449 5667 ι
480 5620 556 5683 ὡς
580 5620 656 5674 δέ.

492 5735 574 5801 ﬂ)
604 5735 866 5803 Episcopo
889 5734 1255 5791 Ptolemaidis.

737 5620 751 5669 i
785 5619 1041 5689 ἑψόμεθα.
1120 5620 1144 5659 ¹ι
1171 5618 1555 5691 κερδανοῦμεν.
1636 5617 1653 5657 ι
1684 5618 1754 5671 τὰ
1785 5616 2029 5687 βραῆεἶα.

2106 5629 2146 5656 ιιι
2181 5619 2586 5690 γεγραμμένον.
2666 5625 2695 5654 ει
2744 5617 2849 5687 γὰρ
2876 5616 3007 5687 ἔχει.
3086 5625 3111 5653 ο
3145 5633 3472 5687 μιρτνρουμ
3510 5614 3663 5689 tvm.
