4116 6332
482 264 592 324 387

1507 267 1567 323 S.
1610 267 1885 324 CYRIILI
1928 270 2394 328 ALEXAVDRINI
2432 273 2749 332 AllClllEP.

3633 283 3738 349 388

487 382 644 435 factis
683 381 1054 436 testimonium
1104 380 1285 437 habet.
1344 382 1490 439 Ilanc
1531 386 1707 452 pietas
1759 397 1847 440 tua
1885 402 2040 457 magn

2168 408 2276 461 πης
2318 392 2641 463 ἐμφαίνεται
2674 402 2700 442 ι)
2735 392 2949 456 κάλλος.
2982 394 3046 447 δι’
3095 394 3274 450 αὐτῶν
3306 397 3412 451 τῶν
3445 404 3741 475 κατορθου-

487 474 635 538 facit,
656 472 782 528 dum
802 489 897 544 per
910 474 1212 544 prudentia:
1233 483 1545 529 sanctorum
1573 476 1798 546 vestigia
1826 478 2052 542 incedit,

485 573 801 633 rectumque
827 564 952 619 vita:
989 564 1205 618 illorum
1239 565 1542 619 institutum
1589 569 1654 620 ad
1702 568 1928 637 gloriam
1956 584 2053 622 ex-

482 655 860 725 primitsuam.
896 655 1275 711 Abundantius
1296 667 1477 710 autem
1509 661 1924 727 comprobatum
1970 668 2056 715 est

482 745 615 798 mihi
646 754 750 799 tuae
782 745 1000 815 pietatis
1019 762 1147 815 erga
1174 762 1260 801 me
1292 748 1551 813 studium,
1582 749 1720 804 libro
1743 751 1839 805 abs
1873 761 1924 805 te
1955 751 2054 805 mi—

481 834 534 887 hi
566 833 829 899 exhibito,
860 849 1021 902 quem
1046 834 1419 902 composuisse
1458 836 1656 891 dicitur
1693 848 1881 892 contra
1918 854 2051 892 ana-

448 925 853 980 .thematismos
886 924 1257 982 Theodoretus
1297 926 1422 998 Cyri
1452 944 1465 980 :
1499 930 1654 999 201
1691 934 1761 983 ita
1793 930 1941 985 enim
1973 932 2052 985 ei-

480 1020 757 1075 vitatulam
788 1022 968 1076 vocari
1004 1022 1215 1077 dicunt.
1252 1021 1431 1076 Lectis
1484 1035 1661 1077 autem
1715 1024 1799 1078 his
1828 1039 1950 1094 quae
1996 1025 2049 1077 in

476 1127 543 1165 eo
573 1113 858 1177 habentur,
892 1114 1097 1182 gratias
1122 1113 1231 1169 Deo
1267 1115 1350 1184 egi
1383 1129 1505 1168 cum
1534 1114 1772 1184 hymnis,
1803 1114 1921 1169 sine
1968 1116 2052 1169 in-

477 1203 821 1259 termissione
852 1204 979 1258 illud
996 1206 1236 1260 addens:
1272 1224 1291 1257 ι
1328 1206 1570 1269 Domine,
1621 1206 1789 1259 libera
1812 1207 2050 1271 animam

476 1310 647 1348 meam
675 1311 703 1349 a
734 1294 893 1349 labiis
930 1296 1152 1365 iniquis,
1194 1304 1247 1349 et
1281 1311 1310 1350 a
1345 1296 1524 1365 lingua
1559 1296 1747 1351 dolosa
1781 1296 1849 1351 ⁸³.
1893 1316 1912 1349 ι
1941 1297 2050 1352 πιθ-

475 1386 624 1454 perio
657 1387 798 1440 enim
840 1402 924 1441 me
955 1389 1150 1455 ubique
1197 1389 1484 1443 calumniis
1518 1388 1722 1459 impeti,
1747 1388 1909 1459 idque
1947 1404 2046 1458 per

473 1476 681 1546 singula
701 1478 895 1546 capita.
935 1477 1177 1532 Intellexi
1217 1490 1396 1532 autem
1419 1480 1593 1534 virum
1618 1480 1804 1544 istum,
1841 1496 2046 1549 qnam-

473 1566 555 1619 vis
579 1568 632 1621 in
664 1569 889 1623 dicendo
927 1571 1311 1636 exercitatum,
1348 1580 1407 1623 ut
1459 1568 1760 1626 familiares
1800 1571 2044 1626 nonnulli

471 1659 684 1722 dicunt,
705 1668 760 1711 et
782 1673 886 1713 non
913 1660 1170 1715 mediocri
1201 1675 1477 1715 sacrarum
1509 1661 1916 1732 Scripturarmn
1949 1679 2042 1719 co-
2072 1682 2073 1685 η

2167 482 2398 571 μένωνι]
2450 484 2535 553 ἐφ’
2590 486 2763 539 ἅπασι
2798 487 2911 549 τοῖς
2968 485 3215 558 ἀρίστοις
3264 492 3736 566 μαρτυρούμενον.

2162 575 2377 645 Ταύτην
2406 578 2439 646 ἡ
2476 577 2542 646 σὴ
2594 577 2875 631 θεοσέϐεια
2928 582 3166 633 ποιεῖται
3202 583 3330 649 περὶ
3378 585 3595 651 πολλοῦ,
3636 589 3740 658 τῆς

2162 668 2267 719 τῶν
2300 669 2471 735 ἁγίων
2506 670 2702 739 φρενὸς
2728 669 2881 722 ἰοῦσα
2911 674 3030 724 κατ’
3065 671 3227 742 ἴχνος,
3268 676 3363 727 καὶ
3388 676 3450 727 τὸ
3466 679 3563 749 τῆς
3594 680 3738 733 ἐκεί.

2161 777 2266 811 νων
2294 759 2527 824 εύζωῖας
2571 762 2651 823 είς
2679 762 2741 814 τὸ
2767 762 2968 832 ἑαυτῆς
3021 763 3442 839 ἀναματτομένη
3476 778 3498 806 τ
3532 769 3739 841 καύχη-

2164 869 2261 921 μα.
2293 851 2564 921 Δέδεγμαι
2603 852 2661 906 δὲ
2700 854 2794 906 καὶ
2824 854 2920 907 νῦν
2947 857 3025 918 εἰς
3053 856 3429 928 πληροφορίαν
3462 861 3561 931 τῆς
3586 862 3737 916 ἑνού-

2161 960 2260 1012 σης
2292 943 2584 1007 διαθέσεως
2625 947 2691 1016 τῇ
2742 949 2809 1017 σῇ
2859 946 3140 1018 θεοσεϐείᾳ
3169 949 3260 1001 τὸν
3311 950 3728 1022 διαπεμφθέντα

2157 1035 2342 1106 τόμον,
2375 1035 2434 1088 ὃν
2482 1036 2754 1091 συνθεῖναι
2801 1038 3017 1107 λέγεται
3063 1042 3204 1095 κατὰ
3245 1043 3353 1096 τῶν
3402 1046 3736 1117 ἀναθεματι-

2162 1126 2315 1195 σμῶν
2341 1126 2670 1198 Θεοδὼριτος
2698 1130 2726 1182 ὁ
2765 1128 2974 1199 Κύρου⁶
2996 1131 3281 1185 καλεῖσθαι
3302 1133 3412 1204 γὰρ
3438 1134 3582 1189 οὕτω
3604 1137 3736 1205 φασὶ

2158 1219 2220 1269 τὺ
2253 1217 2543 1287 πολίχνιον.
2587 1219 2855 1290 Ἐντυχὼν
2883 1219 2941 1274 δὲ
2967 1225 3079 1286 τοῖς
3104 1225 3465 1294 ἐγκειμένοις,
3493 1227 3735 1297 ἀνέθηκα

2156 1307 2235 1378 τῷ
2259 1308 2378 1379 Θεῷ
2424 1309 2524 1373 τὰς
2566 1312 2959 1383 χαριστηρίους
2998 1314 3179 1385 ᾠδάς·
3224 1317 3285 1369 οὐ
3331 1316 3644 1371 διαλέλοιπα
3676 1319 3735 1373 δὲ

2157 1400 2378 1453 κάκεῖνο
2403 1400 2577 1468 λέγων
2597 1418 2612 1434 ο
2648 1421 2668 1453 ι
2692 1400 2887 1473 Κύριε,
2942 1404 3102 1475 ῥῦσαι
3131 1404 3231 1475 τὴν
3256 1406 3439 1477 ψυχήν
3487 1424 3591 1477 μου
3624 1409 3735 1461 ἀπὸ

2156 1493 2378 1561 χειλέων
2405 1494 2627 1560 ἀδίκων,
2658 1494 2753 1547 καὶ
2788 1495 2895 1548 ἀπὸ
2915 1495 3168 1567 γλώσσης
3195 1497 3394 1561 δολίας.
3427 1517 3445 1550 ι
3477 1499 3734 1570 Εὑρίσκω

2157 1586 2262 1655 γὰρ
2314 1588 2546 1658 ἐμαυτὸν
2597 1591 3101 1660 συκοφαντούμενον
3165 1590 3465 1660 πανταχοῦ,
3499 1592 3593 1645 καὶ
3646 1591 3731 1660 ἐφ’

2158 1678 2388 1732 ἑκάστου
2417 1680 2524 1733 τῶν
2577 1682 2892 1751 κεφαλαίων
2939 1680 3276 1752 ὑπομένοντα
3323 1682 3500 1736 τοῦτο.
3555 1683 3732 1737 Ἐννε-

473 1748 714 1816 gnitione
740 1748 988 1803 fortassis
1022 1748 1516 1819 locupletatum,ab
1551 1752 1774 1807 istorum
1805 1754 2043 1823 capitum

2152 1773 2320 1843 νόηκα
2352 1785 2373 1811 ε
2418 1773 2496 1837 δὲ,
2534 1775 2615 1828 ὅτι
2656 1774 2749 1827 καί
2797 1791 2899 1840 τοι,
2942 1774 3085 1829 καθά
3114 1792 3249 1844 φασι
3291 1775 3399 1828 τῶν
3434 1775 3729 1847 γνωρίμων

472 1840 825 1908 intelligentia
859 1850 1071 1917 tantum
1100 1842 1409 1907 aberrasse,
1440 1853 1499 1897 ut
1519 1844 1587 1897 de
1618 1858 1683 1898 eo
1715 1842 1826 1911 jam
1857 1844 2048 1901 existi-

473 1945 613 1984 mem
639 1946 703 1986 ac
735 1940 939 2000 putem,
971 1933 1112 2002 quod
1144 1935 1503 2001 quorumdam
1549 1934 1832 1990 desideriis
1883 1937 2051 1991 indul-

470 2036 603 2089 gens
621 2021 785 2092 ﬁngat
806 2038 864 2077 se
886 2023 1247 2093 ignorantem,
1272 2033 1331 2076 ut
1357 2038 1459 2077 non
1499 2023 1832 2093 ineleganter
1866 2036 1926 2081 et
1957 2041 2050 2082 su-

470 2129 819 2187 pervacanee,
852 2117 945 2170 sed
970 2125 1269 2186 opportune
1292 2125 1346 2169 et
1382 2115 1627 2185 apposite
1657 2117 1835 2185 potius
1861 2118 2048 2172 convi—

468 2206 568 2262 ciis
597 2207 650 2260 in
684 2221 769 2261 me
790 2223 919 2262 usus
944 2207 1329 2277 putetur,'cum
1355 2215 1536 2262 tamen
1562 2207 1616 2262 in
1643 2208 1804 2264 dictis
1826 2211 2046 2274 nostris,

469 2308 526 2354 nt
556 2308 703 2369 puto,
744 2298 876 2353 nihil
904 2301 1128 2353 omnino
1180 2300 1252 2354 sit
1299 2298 1545 2365 difficile,
1600 2301 1734 2355 nihil
1789 2301 2043 2366 arduum,

467 2390 601 2444 nihil
628 2390 768 2458 quod
799 2391 1285 2459 apprehensionem
1339 2391 1718 2462 subterfugiat.
1779 2393 2045 2460 Quoniam

464 2497 617 2549 vero,
656 2482 909 2552 licetjam
967 2492 1094 2537 ante
1151 2482 1221 2537 de
1271 2481 1359 2537 his
1411 2482 1811 2553 scripserimus,
1873 2500 2043 2554 pauca

383 2632 395 2649 ,
466 2574 910 2629 etiamadvcrsus
942 2575 1117 2642 ipsum
1173 2573 1318 2644 loqui
1384 2577 1755 2630 necessarium
1822 2588 1927 2642 eSt,
1980 2593 2047 2631 ne

465 2669 587 2735 quis
626 2667 878 2739 damnata
904 2665 1171 2720 sententia
1209 2667 1485 2722 silentium
1522 2668 1724 2736 eligere
1755 2682 1841 2721 me
1869 2678 2037 2737 putet,

462 2770 666 2828 quanta
691 2758 903 2813 licuerit
938 2759 1204 2814 sermonis
1229 2760 1494 2815 brevitate
1519 2759 1890 2816 defensionem
1916 2760 2044 2816 aﬂ‘e-

464 2868 600 2905 ram.
642 2852 942 2920 Oportebat
978 2864 1112 2904 sane
1146 2851 1320 2921 ipsum
1355 2853 1407 2905 in
1456 2853 1631 2906 sacris
1685 2853 2042 2908 exercitatum

463 2943 780 3011 Scripturis,
846 2942 1111 3011 siquidem
1155 2943 1378 2997 omnino
1428 2943 1503 2997 illi
1546 2946 1885 3015 propositum
1926 2957 2045 3001 erat

462 3036 528 3088 de
544 3034 739 3088 divinis
760 3034 1038 3104 mysteriis
1072 3033 1354 3089 nobiscum
1385 3049 1571 3104 agere,
1603 3036 1670 3089 de
1728 3037 1904 3090 sacris
1948 3051 2039 3091 so-

463 3124 572 3179 lum
605 3124 828 3181 Litteris
878 3126 1207 3181 mentionem
1242 3125 1445 3193 facere,
1534 3127 2041 3198 expositionemque
2069 3125 2111 3182 C

462 3234 619 3275 suam
653 3220 897 3290 religiose
929 3228 1242 3283 contexere,
1268 3234 1373 3273 non
1403 3219 1613 3288 priscas
1642 3206 2039 3275 nobis-fabulas

460 3325 517 3368 et
543 3315 760 3384 putidas
791 3313 842 3367 in
873 3314 1105 3369 medium
1138 3311 1357 3368 aﬂ'erre.
1407 3313 1553 3367 Meos
1581 3311 1724 3365 enim
1760 3326 2041 3367 sermones

461 3421 587 3457 cum
637 3420 797 3472 pomo
833 3404 1116 3459 discordiae
1168 3402 1379 3458 confert
1438 3402 1686 3456 fortassis
1747 3411 1806 3455 ut
1855 3417 1917 3455 ea
1981 3417 2041 3458 re

460 3506 716 3560 ostentet,
739 3508 997 3565 quantum
1027 3495 1131 3551 sibi
1164 3494 1447 3563 sapientiai.
1505 3492 1853 3562 compararit.
1886 3492 2041 3548 Unde

460 3594 516 3644 et
546 3604 665 3653 nos,
687 3603 804 3658 qua:
832 3589 897 3642 ad
914 3601 1039 3643 eum
1074 3587 1372 3658 pertinent,
1406 3586 1643 3639 maxima
1679 3583 2041 3639 admiratione

461 3681 846 3751 prosequimur
875 3696 889 3732 :
924 3694 1052 3732 nam
1073 3689 1128 3733 et
1156 3676 1662 3748 eloquentissimum
1684 3690 1744 3731 se
1775 3676 2036 3741 declarat,

460 3780 518 3823 et
547 3770 896 3825 multifariam
926 3770 1218 3835 eruditum,
1241 3778 1426 3838 utpote
1464 3768 1553 3836 qui
1575 3781 1793 3837 pomum
1824 3768 2035 3824 discor-

458 3860 564 3915 diae
586 3876 690 3916 non
720 3862 951 3931 ignoret,
979 3875 1152 3930 neque
1180 3860 1347 3914 lilimn
1375 3857 1582 3912 Priami
1602 3856 1876 3917 Paridem.
1913 3858 2032 3914 Ca:-

460 3963 655 4016 terum,
681 3954 764 4008 his
791 3953 949 4010 modo
967 3953 1231 4020 dimissis,
1264 3954 1319 4008 in
1344 3967 1455 4007 rem
1488 3950 1824 4023 propositam
1853 3953 2032 4021 potius

460 4046 857 4101 incumbemus.

2151 1864 2313 1927 τινὲς,
2342 1866 2441 1916 οὐκ
2475 1863 2581 1928 ἔξω
2610 1864 2828 1935 τριϐῆς,
2862 1866 2962 1935 τῆς
2990 1865 3052 1918 τό
3100 1882 3162 1934 γε
3207 1860 3343 1938 ἧκον
3377 1866 3458 1929 εἱς
3498 1864 3655 1935 λόγον
3678 1866 3726 1931 ί,

2151 1954 2413 2025 ὑπάρχων
2434 1957 2461 2008 ὁ
2479 1956 2635 2026 ἀνὴρ,
2654 1973 2926 2028 συναγηγε
2936 1956 3077 2027 ρκὼς
3089 1957 3146 2010 δὲ
3165 1959 3302 2029 τάχα
3317 1958 3411 2012 καὶ
3429 1957 3538 2011 τῶν
3569 1957 3730 2029 ἱερῶν

2150 2030 2499 2115 Γραμμὰτων
2521 2047 2579 2099 οὐ
2610 2048 2840 2117 μετρίαν
2862 2047 3087 2118 εἴδησιν,
3109 2048 3453 2119 ἀπεκομίσθη
3477 2048 3728 2101 τοσοῦτον

2147 2135 2243 2188 τοῦ
2285 2136 2522 2189 συνιέναι
2563 2138 2674 2189 τῶν
2712 2139 3025 2208 κεφαλαίων
3057 2139 3154 2211 τὴν
3182 2140 3441 2210 δύναμιν,
3480 2138 3620 2192 ὥστε
3660 2156 3727 2208 με

2148 2226 2333 2279 λοιπὸν
2361 2226 2571 2281 οἴεσθαί
2596 2245 2655 2281 τε
2677 2230 2772 2282 καὶ
2798 2231 3038 2300 φρονεῖν,
3075 2229 3156 2282 ὅτι
3191 2232 3310 2292 ταῖς
3336 2248 3499 2284 τινων
3538 2227 3727 2282 ἐπιθυ-

2152 2320 2303 2389 μίαις
2332 2319 2394 2372 τὸ
2412 2320 2589 2373 δοκεῖν
2611 2321 2945 2391 ἠγνοηκέναι
2971 2321 3274 2393 χαρίζεται,
3314 2322 3401 2375 ἵνα
3442 2323 3516 2395 μὴ
3553 2323 3727 2394 ἀκόμο

2146 2413 2264 2482 ψως
2301 2412 2396 2465 καὶ
2434 2412 2728 2483 περιττῶς,
2759 2414 3086 2482 εύαφόρμως
3115 2413 3174 2467 δὲ
3203 2414 3424 2485 μᾶλλον,
3450 2417 3566 2479 ταῖς
3602 2413 3725 2468 καθ’

2149 2503 2305 2573 ἡμῶν
2348 2502 2640 2574 λοιδορίαις
2670 2504 2972 2575 κεχρῆσθαι
3031 2503 3321 2575 νομίζηται
3344 2520 3358 2535 ·
3389 2505 3565 2557 καίτοι
3598 2505 3725 2557 δυσ-

2146 2594 2326 2665 χερὲς,
2369 2594 2402 2664 ἢ
2439 2594 2668 2658 ἄναντες
2701 2596 2854 2649 οὐδὲν
2889 2594 3171 2657 παντελῶς
3194 2638 3208 2660 ,
3247 2592 3321 2657 ὦς
3353 2608 3417 2662 γε
3455 2589 3630 2664 οἶμαι,
3665 2595 3723 2647 ὲν

2145 2689 2254 2749 τοῖς
2293 2686 2423 2757 παρ’
2468 2687 2628 2757 ἡμῶν
2680 2686 2999 2758 εἰρημένοις
3049 2686 3231 2751 ἐστὶν,
3273 2683 3396 2739 οὔτε
3447 2685 3552 2756 μὴν
3598 2686 3723 2738 δυσ-

2145 2778 2365 2847 έφικτον
2403 2781 2518 2848 ἔχει
2560 2778 2659 2850 τὴν
2708 2777 3035 2849 προσϐολήν.
3087 2776 3306 2847 Ἐπειδὴ
3344 2777 3401 2829 δὲ
3428 2772 3497 2847 ἦν
3552 2776 3721 2842 ἀναγ-

2143 2872 2319 2934 καῖον,
2348 2871 2441 2923 καί
2488 2888 2570 2923 τοι
2622 2870 2969 2940 γεγραφότας
2997 2869 3100 2938 ἤδη
3138 2868 3267 2938 περί
3301 2866 3506 2920 τούτων
3551 2868 3720 2937 ἡμᾶς,

2141 2958 2297 3027 ὀλίγα
2330 2959 2424 3011 καὶ
2454 2960 2590 3032 πρὸς
2619 2959 2781 3013 αὐτὸν
2816 2962 3013 3023 εἰπεῖν,
3048 2959 3136 3011 ἵνα
3171 2958 3244 3028 μή
3276 2974 3358 3020 τις
3386 2959 3563 3028 οἴηται
3593 2974 3723 3009 σιω-

2143 3050 2253 3119 πᾷν
2281 3048 2499 3103 ἑλέσθαι
2526 3050 3034 3119 κατεγνωσμένους,
3069 3051 3366 3120 ποιήσομαι
3392 3048 3490 3119 τὴν
3522 3049 3722 3101 ἁπολοο

2144 3141 2289 3208 γίαν,
2322 3139 2737 3212 βραχυλογήσας
2760 3141 2837 3205 ὼς
2857 3140 2957 3194 ἔνι.
2992 3142 3140 3194 Ἔδει
3173 3141 3271 3211 μὲν
3295 3136 3388 3195 οὖν
3410 3140 3571 3194 αὑτὸν
3599 3143 3722 3201 ταῖς

2145 3231 2528 3295 θεοπνεύστοις
2584 3233 2953 3303 ἐνησκημένον
2987 3233 3254 3303 Γραφαῖς,
3290 3232 3450 3303 εἴπερ
3476 3228 3545 3303 ἦν
3578 3230 3717 3295 ὅλως

2147 3324 2348 3386 σκοπὸς
2373 3324 2522 3393 αὐτῷ
2568 3325 2695 3387 τοὺς
2729 3325 2854 3394 περὶ
2896 3324 3007 3378 τῶν
3036 3325 3197 3379 θείων
3226 3327 3357 3396 ἡμῖν
3404 3322 3719 3395 μυστηρίων

2146 3415 2416 3469 ποιεῖσθαι
2447 3415 2661 3484 λόγους,
2691 3417 2799 3470 τῶν
2838 3418 2999 3488 ἱερῶν
3035 3417 3385 3488 Γραμμάτων
3418 3414 3719 3486 διαμεμνῆ-

2149 3507 2273 3560 σθαι
2315 3507 2499 3578 μόνον,
2548 3508 2857 3578 ὲξυφαίνειν
2888 3528 2946 3563 τε
2995 3510 3168 3573 οὓτως
3210 3508 3567 3580 ἀγιοπρεπῶς
3619 3507 3717 3578 τὴν

2142 3599 2446 3669 ἀφήγησιν,
2474 3601 2570 3654 καὶ
2605 3602 2679 3672 μὴ
2717 3600 2921 3671 μύθους
2959 3603 3090 3672 ἡμῖν
3134 3600 3415 3672 ἀρχαίους,
3453 3598 3547 3651 καὶ
3587 3598 3716 3651 ὀδω-

2138 3688 2297 3752 δότας
2319 3692 2720 3762 παρακομίζειν
2744 3695 2825 3757 εἰς
2852 3694 3035 3765 μέσον.
3062 3691 3422 3764 Παρεικάζειν
3446 3692 3556 3761 γὰρ
3578 3690 3719 3754 ἀξιοῖ

2142 3781 2267 3843 τοὺς
2294 3782 2464 3851 ἐμοὺς
2512 3783 2703 3853 λόγους
2742 3785 2821 3856 τῷ
2853 3786 3009 3857 μήλῳ
3060 3785 3160 3855 τῆς
3189 3784 3384 3855 ἔριδος,
3425 3782 3565 3852 τάχα
3612 3798 3715 3833 που

2142 3871 2235 3924 καὶ
2288 3871 2511 3941 ἔνδειξιν
2568 3876 2667 3946 τῆς
2706 3877 2932 3949 ἐνούσης
2975 3877 3123 3948 αὐτῷ
3175 3877 3365 3946 σοφίας
3423 3873 3485 3927 τὸ
3527 3872 3715 3944 χρῆμα

2142 3960 2497 4032 ποιούμενος·
2531 3964 2653 4019 ὅθεν
2688 3967 2783 4020 καὶ
2831 3969 2993 4038 ἡμεῖς
3018 3970 3075 4020 ἐν
3119 3965 3356 4037 πλείστῳ
3388 3981 3447 4017 τε
3480 3965 3590 4028 ὅσῳ
3616 3962 3711 4014 καὶ

2142 4052 2363 4124 μεγάλῳ
2393 4054 2650 4125 θαύματι,
2681 4059 2749 4111 τὰ
2779 4061 2898 4112 κατ’
2938 4059 3100 4113 αὑτὸν
3128 4057 3496 4128 πεποιήμεθα.
3520 4053 3713 4108 Φαίνε-

455 4153 545 4188 ται
573 4136 680 4208 γὰρ
703 4138 766 4190 ὲκ
794 4137 995 4209 πολλῆς
1044 4139 1184 4208 ἄγαν
1253 4136 1665 4209 ὲλλογιμότητος
1727 4135 1822 4187 καί
1862 4137 2205 4209 φιλομαθίας,
2235 4145 2297 4198 τὸ
2349 4146 2520 4217 μῆλον
2568 4150 2666 4219 τῆς
2731 4145 2910 4222 ἔριδος
2982 4151 3081 4204 οὐκ
3111 4147 3418 4220 ήγνοηκὼς,
3451 4145 3573 4200 οὔτε
3605 4143 3714 4214 μὴν

453 4226 545 4279 τὸν
580 4230 826 4301 Πριάμου
877 4232 1069 4302 Πάριν.
1113 4232 1258 4303 Πλὴν
1304 4233 1375 4285 τὰ
1403 4230 1581 4284 τοιάδε
1634 4231 1889 4301 μεθέντες
1939 4234 2017 4295 εἰς
2055 4234 2114 4287 τὸ
2174 4239 2365 4311 παρὸν,
2412 4239 2748 4313 ἀνθεξόμεθα
2795 4242 2997 4313 μᾶλλον
3055 4246 3149 4295 τοῦ
3182 4238 3549 4313 προκειμένου
3579 4251 3708 4289 σκο-

454 4320 557 4375 ποῦ

530 4504 576 4535 ⁸³
604 4501 744 4558 Psal.
777 4518 925 4568 ους,
953 4504 1009 4560 2.

1529 4656 1700 4713 V'arim
1725 4658 1982 4715 lectiones
2008 4672 2073 4712 ex
2099 4658 2284 4713 codice
2309 4658 2680 4729 Seguieriano.

524 4840 917 4913 Ρὲκφαίνεται.
989 4852 1015 4891 τι
1049 4853 1520 4914 κατορυωματων.
1600 4852 1621 4881 ι·
1655 4842 1854 4912 ἑαυτὴν
1876 4841 2314 4914 ἀναματτομένη.

2392 4855 2414 4881 ς
2452 4844 2808 4916 ἐννενοηκώς.
2896 4846 2917 4884 ³
2952 4845 3145 4915 λόγους
