4116 6332
984 292 1519 353 APOLOGETICUS
1554 296 1838 356 CONTRA
1878 298 2401 359 THEODORETUM
2440 301 2579 360 PRO
2612 303 2707 361 Xll
2745 305 3130 370 CAPITIBUS.
3579 312 3685 373 530

1265 461 1843 517 ΘΕΟΔΩΡΗΤΟΥ
1888 461 2427 519 ΕΠΙΣΚΟΠΟΥ
2473 469 2778 522 ΚΥΡΟΥ

1745 583 1765 603 ’
1861 622 2235 674 εηιΣΤοΑιι
2261 598 2267 603 ’

1401 776 1560 843 Πρὸς
1606 774 1894 844 Ἰωάννην
1944 778 2297 847 Ἀντιοχείας
2327 781 2682 836 ἐπίσκοπον.

1414 1088 1979 1151 ΤΗΕΟΠΟΒΕΤΙ
2020 1094 2423 1156 EPISCOPI
2468 1095 2671 1157 CYRI

1201 1252 1493 1331 Epistola
1528 1255 1611 1315 ad
1666 1258 1973 1317 Joannem
2009 1256 2461 1318 Antiochenam
2507 1262 2879 1341 episcopum.

476 1568 614 1624 Ᾱίαν
662 1568 902 1642 ἤλγησα,
938 1575 1052 1638 τοῖς
1085 1573 1549 1649 ἀναθεματισμοίς
1600 1582 1860 1652 ὲντυχων,
1891 1581 1985 1647 οὒς

2054 1622 2064 1645 ,
2163 1583 2324 1654 202
2350 1581 2520 1639 Valde
2537 1583 2708 1651 dolui,
2735 1599 2860 1641 cum
2889 1585 3370 1640 anatltematismos
3392 1586 3665 1659 legissem,

404 1662 760 1728 ἀπέστειλας,
800 1664 1103 1738 ἀνατρέψαι
1129 1668 1356 1733 τούτους
1397 1672 1691 1743 ἐγγράφως
1730 1675 1861 1744 ἡμῖν
1889 1692 1983 1729 κε-

2087 1690 2226 1744 quos
2260 1676 2537 1741 direxisti,
2574 1676 2727 1731 nobis
2750 1677 3068 1747 prtecipicns
3098 1686 3155 1730 nt
3195 1692 3287 1732 eos
3318 1680 3520 1749 scripto
3568 1683 3662 1736 deo

402 1754 624 1821 λεύσας,
680 1756 777 1811 καὶ
825 1759 924 1830 τὴν
957 1760 1242 1832 αἱρετικὴν
1293 1763 1475 1817 αὐτῶν
1526 1765 1735 1819 ἔννοιαν
1769 1768 1981 1838 γυμνὴν

2085 1777 2441 1831 strueretnus,
2473 1776 2527 1820 et
2559 1767 2945 1821 uthcereticutn
3002 1782 3187 1821 eorum
3214 1783 3431 1823 sensum
3462 1773 3662 1824 nudum

403 1849 577 1902 ἆπασι
613 1855 974 1923 καταστῆσαι.
1003 1854 1257 1926 Ἤλγησα
1282 1856 1360 1923 δὲ,
1395 1857 1475 1911 ὅτι
1508 1858 1647 1929 ἀνὴρ
1672 1861 1981 1930 ποιμαίνειν

2083 1859 2339 1914 omnibus
2379 1859 2779 1915 intimaremns.
2814 1859 2967 1913 Dolni
3001 1873 3180 1913 amem
3209 1861 3351 1929 quod
3406 1861 3528 1926 vir,
3568 1877 3664 1930 pa-

398 1940 598 2012 λαχὼν,
627 1943 721 1996 καὶ
744 1944 980 2016 ποίμνην
1002 1947 1272 2018 τοσαύτην
1297 1952 1752 2021 πεπιστευμένος,
1779 1953 1869 2005 καὶ
1893 1951 1980 2005 θε-

2083 1953 2266 2005 scendi
2295 1952 2521 2006 sortitus
2546 1950 2801 2017 officium,
2835 1961 2890 2006 et
2924 1953 3009 2006 cui
3044 1967 3176 2021 grex
3222 1964 3403 2009 tantus
3431 1965 3515 2010 est
3540 1970 3660 2010 cre-

401 2033 663 2102 ραπεύειν
693 2036 760 2089 τὰ
782 2036 985 2108 ἀσθενῆ
1024 2039 1132 2092 τῶν
1164 2041 1452 2112 προϐάτων
1479 2045 1974 2115 προστεταγμένος,

2080 2042 2248 2107 ditus,
2302 2050 2357 2095 et
2384 2056 2515 2097 oves
2544 2042 2785 2097 infirmas
2812 2058 3006 2097 curare
3034 2056 3388 2113 praeceptum,
3433 2062 3541 2102 non
3571 2063 3657 2102 so-

397 2118 547 2177 νοσεῖ
577 2126 678 2194 μὲν
717 2128 903 2192 αὐτὸς,
937 2132 1030 2184 καὶ
1058 2132 1179 2185 λίαν
1233 2134 1499 2205 σφοδρῶς,
1531 2139 1883 2211 ἀναπιμπλᾷν
1922 2140 1978 2194 δὲ

2079 2132 2189 2185 lum
2216 2133 2448 2201 languet
2478 2133 2613 2202 ipse,
2638 2144 2691 2188 et
2716 2135 2931 2202 quidem
2962 2136 3327 2197 vehementer,
3353 2141 3447 2192 sed
3468 2139 3661 2193 nititur

396 2220 664 2288 πειρᾶται
707 2220 809 2290 τῆς
862 2222 1021 2276 νόσου
1070 2226 1161 2277 καὶ
1218 2226 1288 2280 τὰ
1346 2227 1671 2300 θρέμματα,
1730 2232 1824 2284 καὶ
1868 2232 1976 2285 τῶν

2078 2226 2240 2279 etiam
2269 2240 2399 2279 oves
2415 2226 2736 2294 aegritudine
2758 2226 3002 2297 implere,
3022 2238 3075 2282 et
3100 2226 3231 2282 feris
3250 2230 3439 2284 bestiis
3463 2231 3662 2285 saevius

394 2310 605 2381 ἀγρίων
688 2310 893 2384 θηρίων
976 2315 1332 2391 χαλεπώτερα
1425 2320 1491 2375 τὰ
1579 2324 1977 2394 ποιμαινόμενα

2076 2332 2141 2372 ea
2169 2333 2289 2388 quae
2348 2327 2474 2371 sunt
2522 2318 2788 2387 pascenda
2823 2320 3102 2387 discerpit.
3142 2319 3248 2375 Illae
3277 2337 3512 2392 namque
3569 2337 3659 2389 ea,

394 2403 738 2474 καθίστησιν.
787 2405 850 2459 Ol
912 2406 1012 2477 μὲν
1055 2410 1165 2479 γὰρ
1198 2411 1266 2465 τά
1303 2412 1709 2485 διεσπαρμένα,
1742 2416 1836 2468 καὶ
1877 2419 1974 2488 τῆς

2076 2422 2194 2476 qua:
2229 2416 2353 2460 sunt
2377 2406 2619 2476 dispersa
2667 2417 2723 2461 et
2749 2423 2779 2461 a
2808 2423 2970 2479 grege
3013 2409 3209 2472 divisa,
3245 2411 3525 2481 rapientes
3581 2414 3659 2468 di-

392 2496 630 2569 ποίμνης
678 2501 1064 2570 κεχωρισμένα
1108 2502 1409 2558 διασπῶσιν
1455 2506 1814 2577 ἁρπάζοντες,
1841 2509 1870 2561 ὁ
1915 2508 1972 2561 δὲ

2078 2498 2685 2559 lacerant;bie.autem
2717 2501 2768 2554 in
2819 2501 2995 2555 medio
3022 2505 3203 2572 gregis
3251 2504 3549 2569 exsistens.
3602 2516 3659 2561 et

391 2589 449 2641 tv
480 2586 633 2658 μέσῳ
663 2586 871 2660 ταύτης
921 2592 1239 2663 τυγχάνων,
1272 2594 1366 2647 καὶ
1417 2596 1606 2667 Σωτὴρ
1659 2593 1834 2661 εἶναι,
1876 2599 1972 2651 καὶ

2078 2590 2320 2644 salvator
2372 2601 2651 2659 reputatns
2702 2602 2752 2646 et
2809 2603 2998 2647 custos
3042 2592 3298 2648 latentem
3325 2609 3566 2653 errorem
3599 2597 3655 2653 in

392 2678 566 2749 φύλαξ
607 2683 1017 2753 νενομισμένος,
1047 2686 1315 2759 λαθραίαν
1353 2689 1452 2760 τὴν
1484 2688 1693 2759 πλάνην
1721 2692 1834 2753 τοῖς
1860 2707 1972 2743 πει·

2077 2698 2199 2745 eos.
2226 2685 2317 2755 qui
2356 2685 2430 2738 illi
2463 2693 2674 2753 parcnt,
2712 2684 3024 2740 introducit.
3072 2685 3225 2752 Quod
3283 2688 3427 2742 enim
3471 2699 3660 2758 aperte

391 2778 639 2851 θομένοις
683 2781 882 2851 ἐνίησι.
924 2780 997 2833 Τὸ
1033 2779 1130 2851 μὲν
1180 2780 1290 2851 γὰρ
1332 2780 1628 2851 προφανῶς
1674 2781 1968 2853 πολεμοῦν,

2073 2786 2367 2847 oppugnat,
2392 2777 2674 2831 observari
2706 2777 2862 2831 facile
2891 2788 2975 2831 est
3002 2794 3018 2845 ;
3046 2782 3189 2846 quod
3222 2795 3351 2835 vero
3379 2784 3478 2836 sub
3522 2784 3657 2836 ami-

385 2872 614 2926 δυνατὸν
660 2874 756 2927 καὶ
795 2871 1161 2943 φυλάξασθαι,
1198 2870 1259 2924 τὸ
1295 2871 1340 2925 δ’
1388 2872 1448 2924 ὲν
1492 2873 1733 2944 σχήματι
1789 2873 1969 2942 φιλίας

2073 2870 2218 2922 cilia:
2264 2869 2444 2936 specie
2497 2868 2729 2923 insidias
2794 2879 2973 2937 parat,
3016 2871 3223 2923 invenit
3276 2886 3432 2939 eum;
3465 2882 3654 2927 contra

391 2964 492 3036 τὴν
526 2936 819 3036 ἐπιϐουλὴν
848 2936 1180 3035 προσφέρον,
1227 2936 1558 3032 ἀφύλακτον.
1581 2936 1825 3036 εὑρίσκει
1875 2936 1967 3020 τὸν

2075 2977 2234 3031 quem
2268 2970 2491 3031 pugnat,
2522 2936 2826 3027 incautum,
2866 2963 3026 3031 eique
3064 2961 3219 3016 facile
3259 2936 3426 3017 infert
3472 2962 3654 3018 laesio-

390 3054 836 3126 πολεμούμενον,
878 3056 971 3109 καὶ
1010 3054 1203 3127 ῥᾳδίαν
1241 3055 1391 3126 αὐτῷ
1438 3055 1536 3127 τὴν
1580 3055 1781 3128 βλάϐην
1828 3058 1968 3110 ἐντί-

2077 3068 2221 3117 nent,
2276 3055 2418 3106 unde
2485 3052 2550 3105 iis
2600 3051 2691 3119 qui
2745 3054 2985 3107 exterius
3045 3064 3374 3123 Oppugnant,
3425 3055 3653 3111 interius

388 3142 546 3215 θησι·
588 3145 670 3198 διὸ
707 3146 945 3199 καὶτῶν
987 3145 1187 3212 ἔξωθεν
1235 3145 1619 3216 πολεμούντων
1660 3149 1708 3200 οἱ
1756 3148 1965 3202 ἔνδοθεν

2073 3153 2373 3213 pugnantes
2397 3152 2521 3197 sunt
2552 3145 2825 3199 saeviores.
2856 3145 2970 3198 Hoc
3000 3158 3086 3198 me
3119 3145 3288 3198 multo
3320 3146 3489 3217 magis
3512 3161 3651 3203 con-

388 3236 754 3306 πολεμοῦντες
813 3238 919 3289 είσι
970 3235 1363 3307 χαλεπώτεροι.
1396 3237 1559 3289 Τουτί
1596 3254 1663 3308 με
1702 3238 1964 3309 μειζόνως

2074 3235 2273 3296 tristat,
2297 3235 2439 3303 quod
2465 3235 2563 3288 sub
2592 3234 2809 3303 pietatis
2840 3234 3058 3288 nomine
3078 3245 3241 3305 atque
3277 3234 3450 3303 ﬁgura
3503 3248 3557 3293 et
3590 3240 3646 3293 in

386 3324 600 3394 ἠνίασε,
624 3326 686 3379 τὸ
714 3328 772 3379 ὲν
804 3325 1085 3389 εὐσεϐείας
1116 3324 1345 3396 ὀνόματί
1368 3343 1426 3379 τε
1452 3327 1546 3380 καὶ
1579 3328 1836 3399 σχήματι,
1869 3330 1963 3381 καὶ

2071 3326 2308 3394 pastoris
2345 3324 2607 3394 dignitate
2638 3325 2962 3390 consistens,
2997 3324 3048 3378 in
3097 3326 3377 3381 baeretieas
3423 3339 3474 3381 et
3505 3328 3649 3382 blas-

385 3417 445 3468 ὲν
494 3416 751 3486 ποιμένος
800 3415 1071 3487 ἀξιώματι
1108 3417 1483 3486 τυγχάνοντα,
1530 3417 1629 3481 τάς
1681 3418 1962 3489 αίρετικάς

2098 3415 2505 3483 βιιειιιθεῖνοεεδ
2531 3416 2788 3485 erumpit;
2820 3426 2874 3470 et
2905 3416 3104 3470 dudum
3127 3418 3451 3473 exstinctam
3478 3420 3648 3488 Apol-

386 3507 481 3561 καὶ
528 3508 883 3580 βλασφήμους
918 3508 1078 3580 ῥῆξαι
1124 3510 1340 3579 φωνάς·
1372 3510 1467 3565 καὶ
1512 3510 1611 3581 τὴν
1638 3510 1805 3565 πάλαι
1838 3510 1961 3564 σϐε-

2070 3507 2253 3562 linarii
2285 3508 2504 3563 inanem
2531 3508 2693 3562 simul
2725 3509 3055 3577 impiamque
3075 3511 3374 3564 doctrinam
3397 3521 3644 3570 renovat.

384 3598 602 3653 σθεῖσαν
649 3598 1026 3671 Ἀπολιναρίου
1074 3600 1354 3672 φλήναφον
1397 3600 1533 3672 ὁμοῦ
1581 3601 1678 3655 καὶ
1724 3601 1957 3673 δυσσεϐῆ

2069 3598 2380 3666 Snperlitec
2406 3609 2586 3654 autem
2620 3616 2725 3655 non
2779 3599 2951 3653 solum
2987 3601 3115 3654 talia
3168 3604 3395 3669 sentire,
3446 3604 3539 3657 sed
3589 3612 3646 3659 et

384 3689 733 3744 διδασκαλίαν
768 3691 1200 3746 ἀνανεώσασθαι.
1238 3693 1382 3764 Πρὸς
1438 3693 1493 3745 δὲ
1527 3692 1739 3756 τούτοις
1784 3693 1844 3746 τὸ
1879 3693 1958 3767 μὴ

2065 3689 2179 3743 suis
2200 3688 2553 3759 blasphemiis
2580 3707 2685 3744 non
2713 3692 3121 3747 consentientes
3175 3694 3644 3750 anathematizare

386 3782 546 3853 μόνον
572 3782 746 3836 ταῦτα
779 3783 1136 3855 πρεσϐεῦσαι,
1183 3785 1320 3839 ἀλλά
1369 3787 1464 3839 καὶ
1494 3787 1619 3850 τοὺς
1669 3786 1744 3859 μὴ
1771 3787 1955 3840 πειθο-

386 3874 582 3942 μένους
611 3873 761 3946 αύτῷ
800 3876 1279 3947 συμϐλασφημείν,
1316 3877 1715 3948 ἀναθεματίσαι
1753 3878 1956 3950 τολμῆ-

384 3978 473 4016 σαι
494 3978 507 3994 ⁸
546 3963 705 4036 εἴπερ
736 3965 953 4035 ἀληθῶς
981 3966 1144 4020 αὐτοῦ
1181 3966 1356 4021 ταῦτα
1385 3967 1454 4021 τὰ
1489 3969 1825 4039 γεννήματα,
1859 3969 1955 4022 καὶ

380 4055 442 4109 οὐ
476 4056 584 4111 τῶν
605 4058 813 4131 ἐχθρῶν
842 4078 923 4124 τις
940 4061 1038 4130 τῆς
1066 4060 1343 4131 ἀληθείας,
1366 4062 1441 4126 ὡς
1465 4062 1523 4128 ἐξ
1550 4062 1757 4116 ἐκείνου
1781 4061 1954 4117 ταῦτα

382 4149 766 4215 συντεθεικὼς,
793 4151 1015 4223 ἔρριψεν
1037 4154 1093 4206 ὲν
1123 4152 1293 4223 μέσῳ,
1329 4154 1467 4207 κατά
1490 4154 1552 4207 τὸ
1585 4154 1951 4225 μυθευόμενον

380 4241 557 4293 ἐκεῖνο
588 4242 757 4313 μῆλον
786 4245 884 4315 τῆς
911 4243 1109 4315 ἔριδος,
1150 4247 1230 4310 είς
1255 4244 1389 4317 ὕψος
1432 4246 1659 4318 ἐγείρων
1684 4248 1785 4318 τὴν
1825 4248 1952 4317 φλό·

380 4349 473 4400 γα.
514 4334 655 4403 Ἐγὼ
684 4336 887 4403 τοίνυν,
917 4340 1016 4391 εἴτ’
1047 4341 1274 4403 ἐκεῖνος,
1310 4340 1407 4393 εἴτ’
1442 4339 1603 4404 ἄλλος
1640 4358 1746 4406 τις,
1777 4341 1853 4407 ὡς
1894 4341 1953 4409 ἐξ

381 4426 612 4490 ἐκείνου,
644 4427 818 4482 ταῦτα
874 4429 1203 4496 συντέθεικε,
1253 4431 1330 4502 τῷ
1368 4431 1512 4500 φωτὶ
1558 4432 1652 4486 τοῦ
1683 4434 1951 4503 παναγίου

379 4516 697 4588 Πνεύματος
730 4521 977 4592 συνεργῷ
999 4522 1135 4593 πρὸς
1156 4522 1255 4594 τὴν
1286 4522 1514 4594 ἔρευναν
1544 4524 1643 4595 τῆς
1671 4526 1953 4598 αἱρετικῆς

380 4607 699 4672 κακοδοξίας
723 4610 1092 4682 χρησάμενος,
1114 4612 1256 4667 κατά
1280 4613 1339 4666 τὺ
1362 4613 1562 4685 μέτρον
1582 4615 1681 4686 τῆς
1704 4616 1952 4687 δοθείσης

382 4711 471 4763 μοι
509 4695 816 4769 δυνάμεως,
864 4699 1119 4770 διήλεγξα
1153 4701 1347 4763 ταῦτα,
1381 4703 1455 4766 ὡς
1483 4697 1629 4778 οἷόνῇ
1676 4723 1734 4759 τε
1765 4722 1793 4758 ν
1813 4724 1826 4737 ·
1857 4707 1953 4760 καὶ

379 4786 743 4856 εύαγγελικάς
762 4789 857 4843 καὶ
883 4790 1251 4855 ἀποπολικάς
1272 4792 1547 4864 ἀντέθηκα
1574 4794 1916 4859 διδασκαλίας
1933 4810 1947 4822 '

378 4878 476 4931 καὶ
500 4879 561 4931 τδ
592 4879 882 4936 ἀλλόκοτον
904 4881 999 4935 τοῦ
1024 4883 1294 4954 δόγματος
1318 4884 1496 4951 ἔδειξα
1515 4902 1531 4918 ο
1557 4888 1651 4940 καὶ
1677 4889 1809 4958 ὅσην
1838 4887 1951 4958 ἔχει

378 4970 673 5040 διαφωνίαν
698 4974 835 5045 πρὸς
860 4975 929 5029 τὰ
959 4975 1079 5029 θεῖα
1098 4976 1348 5047 δόγματα
1377 4977 1653 5050 πεποίηκα
1681 4980 1913 5051 φανερόν
1932 4997 1947 5014 ο

380 5062 757 5135 παρεξετάσας
786 5066 928 5121 αὐτὰ
955 5070 1069 5133 τοῖς
1099 5068 1193 5122 τοῦ
1227 5069 1372 5123 θείου
1402 5071 1716 5143 Πνεύματος
1744 5072 1948 5141 λόγοις,

378 5156 475 5208 καὶ
521 5156 740 5222 διδάξας
779 5160 929 5224 ὅπως
970 5161 1298 5232 ἀσύμφωνα,
1327 5164 1561 5218 καὶτῶν
1604 5164 1765 5219 θείων
1790 5165 1948 5220 ἀλλό-

376 5258 524 5315 τρια.
563 5247 709 5318 Πρὸς
755 5248 812 5301 δὲ
850 5248 949 5320 τὴν
981 5248 1075 5302 τοῦ
1110 5251 1551 5324 ἀναθεματισμοῦ
1594 5254 1799 5326 τόλμαν
1825 5272 1950 5309 τοσ-

378 5338 533 5392 οῦτον
564 5338 696 5409 ἐρῶ,
735 5340 817 5393 ὃτι
853 5332 1060 5405 Παῦλος
1090 5345 1119 5395 ό
1153 5344 1667 5415 μεγαλοφωνότατος
1693 5347 1796 5416 τῆς
1823 5347 1950 5420 ἅλη-

379 5428 529 5493 θείας
556 5431 625 5501 κή
635 5430 734 5501 ρυξ
756 5432 883 5497 τοὺς
904 5434 1384 5508 παραφθείραντας
1404 5437 1471 5491 τὰ
1502 5438 1833 5508 εὐαγγελικά
1853 5440 1946 5493 καὶ

376 5521 707 5577 ἀποστολικὰ
741 5523 1066 5597 διδάγματα,
1105 5528 1486 5602 ἀνεθεμάτισε,
1519 5532 1613 5587 καὶ
1643 5531 1752 5587 τῶν
1780 5533 1944 5603 ἀγγέ-

448 5696 498 5731 “
530 5698 703 5756 Galat.
738 5717 776 5769 ι,
800 5704 852 5759 8.

2062 3782 2471 3850 praesumpserit
2500 3799 2513 3835 :
2574 3782 2621 3836 si
2654 3791 2831 3837 tamen
2862 3783 3030 3852 ipsius
3065 3784 3167 3838 ista
3210 3792 3336 3838 sunt
3372 3788 3640 3854 germina,

2062 3881 2116 3924 et
2145 3887 2250 3926 non
2285 3871 2629 3927 inimicorum
2661 3873 2927 3942 quispiam
2977 3874 3244 3941 veritatis,
3269 3884 3523 3946 tanquam
3572 3893 3639 3932 es

2063 3960 2154 4015 illo
2176 3960 2290 4015 haec
2319 3976 2670 4031 componens,
2699 3964 2926 4032 projecit
2957 3964 3007 4017 in
3049 3966 3305 4031 medium,
3338 3967 3639 4023 secundum

2063 4054 2214 4118 illud,
2239 4058 2379 4125 quod
2403 4067 2484 4112 est
2519 4057 2573 4111 in
2617 4056 2818 4121 fabula,
2844 4073 3062 4128 pomum
3103 4058 3408 4127 discordia),
3456 4063 3509 4117 in
3561 4064 3641 4117 al-

2063 4152 2175 4201 tmn
2223 4146 2495 4203 ﬂammam
2542 4149 2811 4205 exaltans.
2845 4149 2957 4219 Ego
2987 4151 3233 4220 proinde,
3261 4153 3376 4207 sive
3423 4154 3489 4221 is,
3522 4155 3641 4210 sive

2057 4240 2196 4295 alius
2228 4241 2497 4311 quispiam
2523 4242 2663 4295 velut
2698 4257 2765 4296 ex
2797 4243 2941 4298 illius
2974 4259 3204 4314 persona
3270 4245 3391 4301 bzec
3414 4261 3635 4315 compo-

2058 4334 2252 4399 suerit,
2283 4334 2488 4388 auxilio
2511 4333 2649 4389 lucis
2684 4336 3013 4389 sanctissimi
3047 4336 3285 4403 Spiritus
3315 4337 3380 4391 ad
3417 4338 3638 4408 inquisi-

2056 4432 2258 4484 tionem
2280 4444 2465 4499 pravaz
2492 4437 2545 4483 et
2569 4430 2838 4483 haeretica
2866 4430 3139 4499 opinionis
3174 4446 3324 4494 usus,
3356 4445 3453 4500 pro
3477 4433 3634 4487 modo

2056 4536 2331 4575 concessa:
2361 4520 2491 4574 mihi
2519 4519 2814 4583 facultatis,
2856 4520 3029 4589 quoad
3073 4519 3188 4573 fieri
3230 4522 3421 4590 potuit,
3450 4536 3511 4576 ea
3546 4538 3633 4577 re-

2055 4610 2248 4681 futari,
2311 4610 2696 4680 doetrinasqne
2763 4609 3104 4679 evangelicas
3185 4618 3240 4663 et
3301 4609 3632 4679 apostolicus

2053 4702 2301 4771 opposui,
2333 4700 2493 4772 203
2520 4717 2583 4755 ac
2606 4699 2872 4770 dogmatis
2927 4700 3315 4754 absurditatem
3374 4699 3629 4769 patefeci,

2052 4805 2107 4849 et
2130 4804 2390 4864 quantum
2418 4796 2688 4861 discrepet
2720 4809 2747 4846 a
2771 4792 2970 4847 divinis
2998 4791 3364 4860 dogmatibus,
3408 4793 3627 4863 planum

2053 4888 2181 4955 feci,
2207 4902 2269 4942 ea
2303 4888 2369 4941 ad
2400 4887 2570 4940 sancti
2598 4884 2835 4953 Spiritus
2872 4884 3085 4954 eloquia
3120 4885 3483 4955 perpendens,
3533 4887 3630 4940 do-

2052 4994 2291 5049 eensque
2316 4979 2595 5049 qualitera
2620 4978 2827 5031 divinis
2844 4976 3016 5030 aliena
3051 4975 3159 5030 sint
3180 4984 3236 5029 et
3259 4977 3623 5031 dissentanea.

2052 5072 2328 5127 Adversus
2360 5081 2537 5124 autem
2563 5068 2844 5123 audaciam
2871 5067 3309 5123 anathematismi
3346 5068 3447 5122 hoc
3474 5068 3626 5121 dixe-

2052 5164 2178 5226 rim,
2208 5175 2402 5231 nempe
2432 5159 2657 5214 Paulum
2691 5159 3055 5213 clarissimum
3105 5158 3353 5214 veritatis
3416 5173 3623 5229 prteco-

2052 5271 2173 5311 nem
2209 5269 2399 5309 ausum
2418 5253 2580 5307 etiam
2612 5253 2870 5306 adversus
2900 5249 3281 5319 angelos,illos
3306 5249 3625 5303 anathema-

2052 5349 2271 5411 tizasse,
2341 5345 2430 5414 qui
2492 5343 2800 5412 evangelica
2850 5353 2905 5397 et
2950 5342 3248 5413 apostolica
3302 5341 3623 5395 documenta

2026 5428 2507 5507 corruperant“,
2574 5443 2958 5503 permanentes
3008 5441 3187 5487 autem
3240 5432 3292 5485 in
3344 5430 3558 5485 traditis
3589 5444 3619 5482 a

2052 5531 2314 5602 theologis
2374 5526 2611 5585 decretis
2681 5539 2787 5580 non
2847 5524 3017 5589 item;
3083 5521 3216 5577 tales
3263 5520 3406 5577 enim
3455 5519 3619 5575 etiam
