4116 6332
483 319 581 375 τοι

1506 319 1562 373 S.
1607 317 1885 374 CYIHLLI
1926 316 2399 372 ALEXANDRINI
2444 313 2750 370 ARlIlllEP

3636 313 3738 366 302

486 431 952 488 benedictionibus
1018 432 1293 486 munivit:
1351 431 1576 486 dicens:
1641 451 1660 484 ι
1737 433 2058 501 Quicunque

2175 444 2266 484 ιων
2301 430 2744 500 κατατολμήσας,
2768 427 2827 480 οῦ
2851 425 2977 488 τοῦς
3008 421 3346 495 ἐμμένοντας
3369 426 3482 487 τοῖς
3510 424 3739 479 δοθεῖσιν
3769 429 3774 434 ’

487 527 626 580 hanc
654 522 888 593 regulam
913 532 1235 591 sequuntur,
1272 537 1374 590 pax
1404 538 1567 592 super
1612 521 1780 591 ipsos,
1809 533 1864 577 et
1901 525 2058 577 mise-

2175 524 2307 590 ipm;
2357 521 2461 607 ρπὸ
2510 520 2620 572 τῶν
2665 518 2930 585 θεολόγων
2977 516 3212 586 ἀνδρῶν·
3248 516 3469 578 τούτους
3498 517 3607 587 γὰρ
3646 520 3739 570 καὶ

486 615 739 676 ricordia,
783 623 837 666 et
891 628 1053 682 super
1096 612 1257 666 Israel
1305 613 1396 666 Dei
1427 613 1494 665 °'.
1526 633 1545 663 ›
1597 614 1826 684 Colligat
1894 618 2058 682 igitur

487 705 789 760 istiusmodi
826 719 1136 758 sermonum
1165 714 1354 757 unctor
1387 720 1453 757 ex
1477 705 1770 773 apostolica
1805 721 2058 760 exsecra-

488 799 633 849 tione
655 795 897 850 laborum
922 810 1142 848 suorum
1162 796 1464 863 prtemia,et
1491 796 1866 852 haereticorum
1889 800 2056 853 semi-

488 899 614 937 num
646 883 968 952 manipulos.
990 881 1098 936 Nos
1118 899 1244 937 vero
1264 884 1712 953 conquiescemus
1733 887 1784 938 in
1808 887 2057 942 doctrinm

485 986 796 1028 sanctorum
824 974 1064 1029 Patrum.
1111 974 1377 1030 Carlet‘um
1439 976 1566 1030 huic
1633 976 1878 1045 epistolae
1929 977 2060 1032 sub-

487 1070 760 1120 texuimus
779 1065 1233 1136 oppugnationes,
1260 1075 1319 1120 ut
1347 1081 1413 1120 ex
1439 1067 1556 1136 ipsa
1582 1066 1816 1122 lectione
1851 1068 2061 1138 perspi-

488 1162 621 1226 cias,
649 1175 714 1214 an
748 1160 1002 1214 hmrelica
1051 1159 1388 1228 problemata
1451 1171 1672 1214 strenue
1717 1159 2056 1214 diluerimus.

487 1254 568 1306 Ad
598 1252 836 1322 singulos
858 1261 1036 1306 autem
1065 1251 1549 1306 anathematismos
1580 1267 1826 1306 seorsum
1859 1253 2062 1321 positos

489 1341 686 1411 protuli
713 1340 1122 1405 refutationem,
1147 1351 1202 1394 ut
1232 1341 1468 1396 lectores
1497 1340 1713 1394 facilius
1737 1341 2057 1411 intelligant,

490 1448 552 1483 ac
585 1431 863 1502 perspicua
899 1432 970 1484 sit
1002 1433 1310 1500 dogmatqu
1350 1431 1675 1499 redargutio.

2165 613 2438 681 εὐλογίαις
2461 612 2776 682 ὠχύρωσεν,
2803 609 2990 662 εἰπών·
3021 627 3038 660 ι
3070 608 3227 662 Ὅσοι
3252 607 3330 679 τῷ
3358 611 3540 661 κανόνι
3565 611 3739 680 τούτῳ

2165 705 2540 774 στοιχήσουσιν
2575 715 2624 765 ιι,
2673 703 2864 772 είρήνη
2899 705 2984 754 ἐπ’
3021 702 3239 764 αὐτοὺς,
3289 705 3384 754 καὶ
3433 702 3600 765 ἕλεος,
3645 705 3739 756 καὶ

2165 794 2258 846 ἐπὶ
2285 793 2376 846 τὸν
2415 793 2629 865 Ἰσραὴλ
2665 792 2760 845 τοῦ
2792 792 2948 848 Θεοῦ.
2987 812 3004 843 ι
3039 792 3333 862 Δρεπέσθω
3363 793 3544 846 τοίνυν
3575 795 3603 846 6
3629 793 3737 846 τῶν

2165 886 2338 953 λόγων
2374 885 2578 938 τούτων
2621 886 2802 956 πατὴρ
2831 887 2895 938 ἐκ
2937 885 3035 956 τῆς
3062 886 3424 955 ἀποπολικῆς
3455 887 3592 955 ἀρᾶς
3628 885 3738 937 τῶν

2166 975 2380 1028 οἰκείων
2402 975 2578 1027 πόνων
2608 975 2674 1027 τὰ
2696 975 2965 1045 ἐπίχειρα,
2994 975 3086 1027 κα)⁵
3111 977 3220 1027 τῶν
3252 975 3543 1045 αἱρετικῶν
3574 992 3741 1044 σπερ-

2172 1067 2358 1136 μάτων
2393 1065 2461 1118 τὰ
2493 1064 2786 1135 δράγματα
2807 1083 2819 1094 ·
2839 1067 3000 1136 ἡμεῖς
3033 1065 3090 1117 δὲ
3128 1069 3194 1136 τῇ
3229 1066 3337 1118 τῶν
3369 1066 3536 1134 ἁγίων
3569 1067 3740 1118 Πατέ-

2170 1175 2279 1226 ρων
2323 1155 2673 1226 ἐμμενοῦμεν
2721 1157 3060 1228 διδασκαλίᾳ.
3103 1157 3376 1220 ’Υπέταξα
3415 1158 3472 1210 δέ
3525 1158 3620 1210 καὶ
3645 1158 3742 1219 τὰς

2167 1249 2541 1319 γεγενημένας
2572 1250 2920 1320 ἀντιρρήσεις
2948 1247 3074 1319 τῇδέ
3106 1266 3207 1319 μου
3234 1253 3298 1320 τῇ
3352 1249 3630 1320 ἐπιστολῇ,
3655 1250 3740 1301 ἵνα

2168 1344 2434 1409 ἀναγνοὺς
2493 1342 2794 1411 δοκιμάσας
2823 1350 2869 1404 ν,
2905 1343 2954 1392 εί
2996 1341 3236 1404 δυνατῶς
3284 1342 3392 1394 τῶν
3451 1341 3741 1411 αἱρετικῶν

2169 1433 2572 1504 προϐλημάτων
2612 1433 2708 1502 τήν
2754 1433 2905 1485 λύσιν
2953 1433 3350 1504 ἐποιησάμεθα.
3382 1434 3649 1486 Ἔκαστον
3683 1433 3740 1485 δὲ

487 1527 597 1578 τῶν
619 1525 1071 1595 ἀναθεματισμῶν
1103 1524 1222 1578 καθ’
1252 1525 1440 1577 ἑαυτὸν
1467 1524 1751 1588 τεθεικὼς,
1789 1525 2060 1594 ἐξήγαγον
2101 1526 2199 1594 τὴν
2270 1529 2612 1598 ἀντίρρησιν,
2647 1528 2791 1590 ὅπως
2824 1526 2888 1579 ἂν
2955 1528 3152 1598 ῥᾳδίως
3185 1531 3297 1592 τοῖς
3325 1527 3740 1599 ἐντυγχάνουσιν

490 1623 526 1691 ή
557 1620 883 1690 κατανόησις
910 1621 1155 1689 γένηται,
1206 1619 1300 1672 καὶ
1351 1621 1527 1691 σαφὴς
1567 1623 1675 1674 τῶν
1717 1623 2005 1692 δογμάτων
2047 1626 2074 1676 ὁ
2110 1623 2354 1692 ἐλεγχος.

1099 1810 1669 1898 ΚΥΡΙΛΛΟΥ
1723 1814 2166 1898 ΑΡΧΙΕΠ.
2241 1804 3071 1902 ΑΛΕΞΑΝΔΡΕ-ΙΑΣ

844 1989 1002 2060 Πρὸς
1028 1991 1172 2060 τοὺς
1205 1995 1549 2067 τολμῶντας
1572 1997 1933 2067 συνηγορεῖν
1967 1998 2091 2065 τοῖς
2119 1999 2447 2065 Νεστορίου
2479 1997 2796 2068 δόγμασιν,
2831 1997 2912 2065 ὡς
2944 1997 3132 2067 ὀρθῶς
3154 1997 3387 2066 ἔχουσι,

1887 2155 2231 2209 ΚΕΦΑΛΛΙΛ
2275 2157 2375 2210 IB’.

910 2481 1394 2572 CYRILLI
1473 2481 2402 2573 ARCHIEPISCOPI
2495 2482 3314 2571 ALEXANDBUE

793 2663 1099 2740 Adversus
1159 2695 1268 2740 eos
1331 2679 1433 2757 qui
1500 2677 1731 2740 audent
1787 2678 2057 2739 Nestorii
2120 2677 2559 2755 dogmatibus,
2633 2685 2699 2740 ut
2760 2678 2981 2754 rectis,
3049 2677 3476 2759 patrocinari,

1757 2841 2030 2902 CAPITA
2070 2841 2479 2903 DUODECIM.

915 3159 1244 3215 ΛΝΛΤΗΕΜ
1259 3161 1555 3218 ιτιειιυδ
1598 3163 1635 3216 l.

564 3299 622 3357 Si
656 3298 778 3369 quis
807 3312 911 3350 non
945 3293 1234 3349 conﬁtetur
1282 3293 1691 3349 Emmanuelem
1731 3285 1871 3351 vere.
1905 3296 2068 3351 Deum

495 3407 641 3458 esse,
672 3401 726 3444 et
753 3390 823 3443 ob
852 3389 901 3442 id
955 3396 1194 3439 sanctam
1232 3383 1509 3455 Virginem
1552 3385 1840 3455 Deiparam
1866 3387 2072 3458 (genuit

495 3485 637 3538 enim
659 3481 746 3535 illa
772 3478 1063 3534 carnaliter
1086 3479 1422 3531 incarnatunt
1451 3477 1541 3530 Dei
1567 3477 1743 3532 Patris
1766 3475 2025 3549 Verbum)
2053 3495 2068 3532 :

496 3571 784 3625 anathema
815 3569 904 3622 sit.

496 3679 660 3753 2M
687 3677 1235 3746 Theodoretiepiscopi
1259 3675 1384 3756 Cyri
1421 3679 1754 3746 reprehensio
1795 3677 2074 3734 duodecim

1165 3760 1299 3813 σηριι
1311 3769 1334 3798 tt
1346 3765 1415 3801 m.

568 3860 680 3916 Ras
717 3870 896 3916 autem
947 3862 1257 3931 quicunque
1289 3876 1451 3916 voces
1512 3864 1856 3933 evangelieas
1888 3866 2074 3936 sequi-

500 3970 642 4017 mur,
696 3969 804 4008 non
859 3968 1078 4007 carnem
1142 3953 1467 4007 naturaliter
1513 3954 1740 4023 factum,
1797 3973 1972 4026 neque
2018 3961 2072 4014 in

496 4061 715 4100 carnem
752 4059 1069 4100 conversum
1097 4044 1265 4099 Dettm
1297 4045 1537 4100 Verbum
1574 4048 1805 4102 dicimus
1837 4065 1852 4113 ;
1888 4049 2075 4104 incon-

497 4138 765 4192 vertihilis
843 4147 928 4192 est
992 4138 1139 4192 enim
1208 4137 1674 4206 immutabilisque
1745 4140 2002 4196 divinitas
2057 4161 2071 4197 :

499 4231 643 4283 unde
691 4237 746 4283 et
791 4229 1054 4300 propheta
1084 4228 1250 4285 David
1293 4230 1470 4285 dicit:
1517 4249 1535 4281 ι
1579 4230 1659 4284 Tu
1705 4242 1886 4287 autem
1933 4235 2075 4290 idem

498 4321 619 4389 ipse
645 4335 726 4386 es,
763 4328 817 4374 et
854 4321 979 4374 anni
1023 4322 1096 4375 tui
1144 4337 1247 4375 non
1289 4323 1547 4377 deﬁcient
1578 4324 1662 4389 “;
1701 4343 1718 4376 ι
1752 4329 1896 4394 quod
1939 4327 2076 4382 Pau-

498 4411 584 4465 lus
643 4426 868 4481 magnus
926 4412 1171 4466 veritatis
1219 4429 1397 4482 praeco
1438 4415 1502 4468 de
1543 4413 1688 4470 Filio
1739 4417 1964 4481 dictum,
2019 4419 2073 4472 in

2599 3155 3189 3214 ΑΝΑΘΕΜΑΤΙΣΜΟΣ
3245 3160 3322 3209 A'.

2246 3296 2313 3348 Εἴ
2337 3312 2420 3357 τις
2456 3295 2553 3362 οὐχ
2584 3294 2856 3362 ὁμολογεῖ,
2883 3290 3016 3344 Θεὸν
3041 3286 3178 3342 εἶναι
3213 3293 3354 3343 κατά
3378 3288 3631 3358 ἀλήθειαν
3657 3290 3749 3344 τὸν

2188 3385 2559 3456 Ἐμμανουήλ,
2590 3386 2684 3436 καὶ
2707 3383 2794 3435 διὰ
2821 3381 2980 3434 τοῦτο
3016 3380 3274 3432 Θεοτόκον
3295 3379 3389 3449 τὴν
3417 3380 3579 3446 ἁγίαν
3603 3381 3748 3451 [lap-

2183 3478 2357 3540 θένον,
2385 3475 2682 3544 γεγέννηκε
2718 3473 2824 3544 γὰρ
2858 3470 3135 3544 σαρκικῶς
3167 3473 3344 3542 σάρκα
3370 3471 3628 3540 γεγονότα
3659 3474 3748 3524 τὸν

2174 3573 2240 3624 ἐκ
2269 3569 2404 3623 Θεοῦ
2428 3568 2643 3639 Πατρὸς
2664 3569 2833 3636 Λόγον
2851 3584 2863 3596 ·
2890 3567 3138 3637 ἀνάθεμα
3167 3565 3328 3620 ἔστω.

2178 3682 2557 3750 Θεοδωρήτσυ
2573 3680 2910 3734 ἐπισκόπου
2939 3681 3136 3746 Κύρου
3170 3679 3478 3747 ἀνατροπὴ
3501 3677 3618 3732 τῶν
3643 3678 3750 3731 δώ-

2693 3750 2840 3803 δεκα
2872 3750 3235 3818 κεφαλαίων.

2258 3868 2449 3937 Ἡμεῖς
2481 3865 2558 3929 δὲ,
2591 3865 2705 3917 ὅσοι
2752 3866 2872 3927 ταῖς
2917 3863 3302 3932 εὑαγγελικαῖς
3351 3860 3751 3931 ἀκολουθοῦμεν

2177 3962 2403 4029 φωναῖς,
2435 3959 2496 4010 οὐ
2530 3957 2709 4027 σάρκα
2753 3955 2912 4022 φύσει
2956 3954 3261 4022 γεγονέναι,
3297 3954 3418 4006 οὐδὲ
3443 3955 3523 4016 εἰς
3567 3953 3746 4023 σάρκα

2179 4051 2588 4123 μεταὸληθῆναι
2615 4049 2706 4101 τὸν
2740 4048 2871 4101 Θεὸν
2897 4047 3068 4112 Λόγον
3100 4047 3282 4116 φαμέν
3301 4063 3314 4076 '
3342 4046 3611 4118 ἄτρεπτον
3645 4046 3751 4114 γὰρ

2175 4143 2237 4196 τὸ
2263 4142 2416 4196 Θεῖον
2445 4143 2543 4194 καὶ
2565 4139 2959 4193 ἀναλλοίωτον·
2987 4138 3067 4190 διὸ
3097 4139 3192 4190 καὶ
3222 4136 3384 4190 Δαυῒδ
3403 4139 3430 4190 6
3461 4138 3750 4206 προφήτης

2175 4235 2351 4303 λέγει·
2387 4255 2405 4285 ‹
2436 4234 2509 4286 Σὺ
2537 4233 2594 4286 δὲ
2631 4234 2659 4284 6
2688 4232 2852 4295 αὐτὸς
2881 4228 2952 4297 εἷ,
2981 4233 3076 4284 καὶ
3101 4230 3171 4284 τά
3201 4230 3296 4302 ἐτη
3325 4246 3418 4283 σου
3447 4231 3545 4284 οὐκ
3577 4230 3754 4283 ἐκλεί-

2176 4327 2368 4396 ψουσιν
2391 4345 2403 4358 ·
2439 4347 2455 4377 ι
2485 4326 2622 4396 ὅπερ
2646 4325 2857 4385 Παῦλος
2899 4326 2926 4376 6
2958 4325 3149 4394 μέγας,
3173 4324 3201 4375 ό
3230 4324 3328 4393 τῆς
3372 4322 3628 4392 ἀληθείας
3655 4323 3755 4390 xi)-

2183 4417 2300 4490 ρυξ,
2339 4418 2418 4479 εἰς
2444 4416 2532 4468 τὸν
2556 4416 2682 4466 Υίὸν
2711 4415 2960 4484 εἰρῆσθαι
2986 4417 3043 4466 ἐν
3077 4417 3144 4484 τῇ
3171 4413 3305 4482 πρὸς
3344 4413 3625 4484 Ἐϐραίους
3652 4411 3754 4464 ἐδί-

501 4505 741 4572 Epistola
770 4505 835 4557 ad
867 4503 1126 4558 Hebrmos
1157 4505 1340 4559 docuit
1371 4506 1413 4537 ⁸⁷
1443 4523 1458 4571 ;
1485 4517 1539 4561 et
1559 4509 1686 4563 alibi
1725 4525 1820 4578 per
1849 4511 2068 4580 prophe-

2179 4505 2328 4569 δαξε.
2355 4503 2464 4556 Καὶ
2483 4501 2709 4573 ἑτέρωθι
2735 4502 2791 4554 δὲ
2821 4502 2908 4554 διά
2933 4502 3026 4554 τοῦ
3050 4503 3329 4574 προφήτου
3355 4502 3516 4570 φησὶν
3543 4503 3569 4553 6
3591 4500 3751 4561 Θεός⁶

499 4605 610 4650 tam
636 4595 714 4650 ait
732 4595 874 4650 Deus
901 4613 917 4649 :
947 4593 1096 4667 «Ego
1127 4612 1268 4660 sum,
1292 4608 1343 4651 et
1362 4614 1466 4652 non
1493 4611 1670 4654 mutor
1692 4603 1789 4655 ⁸⁸.»
1824 4604 1879 4657 Si
1898 4604 2076 4676 igitur

501 4686 930 4742 inconvertibilis
972 4696 1055 4741 est
1091 4687 1553 4756 immutabilisque
1594 4689 1862 4744 Divinitas
1889 4730 1904 4755 ,
1939 4707 2074 4745 con-

500 4776 768 4829 versionis
792 4788 848 4829 et
877 4777 1254 4830 mutabilitatis
1280 4792 1386 4831 non
1420 4789 1504 4832 est
1547 4795 1740 4848 capax.
1801 4782 1855 4835 Si
1893 4793 2073 4836 autent

502 4865 834 4934 impossibile
887 4874 971 4919 est
1009 4867 1254 4920 converti
1316 4867 1806 4935 inconvertibilcm,
1846 4889 1950 4927 non
1993 4884 2077 4929 est

502 4953 702 5008 factum
741 4968 872 5007 caro
909 4954 1051 5008 Deus
1085 4953 1344 5016 Verbum,
1397 4957 1470 5007 ita
1506 4965 1562 5007 ut
1602 4957 1676 5010 sit
1721 4972 2076 5024 conversum,

501 5044 594 5097 sed
629 5044 926 5112 assumpsit
972 5043 1633 5108 carnem,etinhabitavit
1661 5048 1714 5100 in
1771 5049 1945 5112 nobis,
1987 5064 2073 5104 se-

501 5135 736 5187 cunduut
769 5136 1136 5207 evangelicam
1194 5152 1380 5192 vocem
1407 5141 1472 5195 ".
1511 5141 1578 5196 Et
1635 5142 1736 5194 hoc
1790 5141 2074 5209 explicans

501 5225 902 5282 sacratissimus
938 5228 1136 5284 Paulus
1187 5231 1238 5284 in
1295 5230 1532 5300 Epistola
1571 5235 1637 5286 ad
1692 5231 2070 5301 Philippeuses

572 5401 620 5434 ⁸⁸
661 5401 833 5461 Galat.
869 5421 940 5471 γι,
972 5406 1056 5461 16.

2191 4613 2208 4646 ι
2249 4593 2388 4662 Ἐγὼ
2421 4594 2558 4664 εἰμὶ,
2593 4592 2688 4646 καὶ
2716 4593 2815 4644 οὐκ
2853 4592 3172 4664 ήλλοίωμαι.
3200 4613 3216 4643 ι
3251 4594 3312 4645 Εἰ
3353 4587 3448 4645 οῦν
3487 4592 3752 4662 ἄτρεπτον

2183 4687 2242 4740 τὸ
2272 4686 2423 4738 Θεῖον
2475 4686 2567 4738 καὶ
2606 4684 2980 4749 ἀναλλοίωτον,
3030 4687 3240 4756 τροπῆς
3267 4688 3409 4748 ἐστι,
3452 4685 3546 4738 καὶ
3588 4701 3754 4755 μετα-

2184 4778 2342 4848 ϐολῆς
2365 4777 2714 4831 ἀνεπίδεκτον
2736 4791 2751 4807 ⁸
2788 4779 2837 4829 εί
2862 4777 2918 4829 δὲ
2943 4778 3200 4831 ἀδύνατον
3222 4781 3495 4849 τραπῆναι
3516 4777 3577 4830 τὸ
3595 4777 3754 4846 ἀτρε-

2185 4887 2336 4932 πτον,
2371 4871 2470 4922 οὐκ
2511 4869 2728 4938 ἐγένετο
2765 4869 2902 4940 σὰρξ
2932 4873 2959 4923 ὁ
2991 4871 3120 4933 Θεὸς
3147 4871 3315 4938 Λόγος
3351 4870 3599 4940 τραπεὶς,
3638 4865 3751 4919 ἀλλ’

2179 4961 2406 5014 ἀνέλαϐε
2461 4961 2661 5032 σάρκα,
2692 4962 2786 5015 καὶ⁸
2823 4962 3132 5033 ἐσκήνωσεν
3162 4964 3220 5014 ἐν
3265 4963 3414 5032 ἡμῖν,
3462 4959 3608 5013 κατά
3651 4959 3750 5028 τὴν

2177 5051 2286 5105 τῶν
2318 5052 2668 5120 Εὑαγγελίων
2697 5053 2901 5123 φωνήν.
2939 5055 3046 5105 Καὶ
3073 5054 3228 5105 τοῦτο
3260 5053 3446 5122 σαφῶς
3484 5054 3512 5104 6
3545 5050 3750 5103 θειότα-

2179 5161 2268 5206 τος
2302 5143 2510 5207 Παῦλος
2552 5145 2726 5213 λέγων
2753 5145 2810 5196 ἐν
2857 5146 2921 5215 τῇ
2968 5145 3102 5212 πρὸς
3140 5145 3533 5214 Φιλιππησίους
3572 5141 3743 5211 φησί·

2186 5254 2203 5284 ι
2241 5234 2408 5288 Τοῦτο
2441 5236 2740 5306 φρονείσθω
2763 5236 2819 5288 ἐν
2845 5236 2993 5306 ὑμῖν,
3013 5236 3040 5289 ὃ
3070 5237 3162 5290 καὶ
3190 5238 3246 5290 ἐν
3277 5236 3496 5309 Χριστῷ
3527 5230 3705 5305 Ἰησοῦ
3729 5247 3742 5262 ⁶

1187 5407 1231 5438 ⁸⁸
1261 5408 1401 5466 Psal.
1423 5425 1496 5476 Cl,
1529 5412 1619 5466 28.
1694 5414 1736 5442 ⁸⁵⁷
1770 5413 1930 5468 llcbr.
1968 5429 2004 5476 ι,
2045 5413 2062 5465 l

2207 5413 2251 5444 “
2296 5412 2532 5468 Malach.
2563 5430 2620 5468 ιιι
2645 5457 2659 5482 ,
2689 5416 2744 5472 6.
2820 5417 2862 5447 δ’
2886 5413 3037 5473 Joau.
3072 5432 3109 5480 ι,
3144 5416 3164 5470 ι
3193 5415 3255 5470 4.

1557 5559 1723 5616 Varius
1755 5563 2010 5621 lectiones
2033 5580 2097 5621 ex
2127 5566 2308 5622 codice
2331 5565 2716 5635 Seguieriauo.

576 5722 601 5750 ιι
641 5711 926 5782 στοιχοῦσι.
1003 5721 1027 5749 τ
1059 5714 1140 5769 ῖσ.
1170 5714 1512 5785 δοκιμάσαις.
