4116 6332
346 418 446 472 393

905 413 1434 470 APOLOGETICUS
1468 413 1743 469 CONTRA
1783 411 2305 469 TllEODORETL'M
2350 415 2482 471 PRO
2522 418 2614 471 XII
2652 418 3034 475 CAPITIBUS.

3457 422 3565 477 594

343 536 478 599 ὸςὲν
514 536 691 605 μορφῇ
713 532 847 585 Θεοῦ
886 534 1167 603 ὑπάρχων,
1202 533 1299 601 οὐχ
1338 530 1630 603 ἁρπαγμὸν
1662 530 1902 617 ἡγήσατο

2007 527 2126 581 ait:
2166 548 2185 580 ι
2232 530 2340 584 Hoc
2398 535 2593 585 sentite
2642 533 2692 586 in
2733 536 2901 598 vobis,
2956 536 3095 603 quod
3146 545 3199 588 et
3240 536 3292 590 in
3349 537 3567 603 Christo

341 628 404 680 τὸ
434 622 570 678 εἶναι
604 625 695 678 ἶσα
727 625 863 695 Θεῷ,
892 625 1004 677 ἀλλ’
1033 624 1222 676 ἑαυτὸν
1252 623 1508 684 ὲκένωσε,
1540 620 1752 692 μορφὴν
1781 619 1902 672 δού-

342 720 432 773 λου
461 718 656 773 λαϐὼν.
700 737 717 769 ι
744 718 911 789 Δῆλον
936 716 1116 770 τοίνυν
1150 717 1215 768 ὲκ
1262 715 1371 767 τῶν
1398 715 1725 784 εἰρημένων,
1756 714 1830 775 ὡς
1869 712 1902 781 ἠ

341 809 434 862 τού
477 808 609 861 Θεοῦ
676 807 865 877 μορφὴ¹
913 808 1014 859 οὐκ
1053 805 1261 876 ἐτράπη
1304 806 1383 867 εἰς
1431 803 1617 857 δούλου
1668 800 1901 873 μορφὴν,

341 895 475 947 ἀλλά
507 895 741 964 μένουσα
781 894 809 946 ὂ
851 890 939 963 ἦν,
971 894 1130 947 ἔλαϐε
1171 894 1270 961 τὴν
1302 892 1394 945 τοῦ
1438 892 1630 946 δούλου
1665 893 1900 961 μορφήν.

340 985 534 1037 Τοίνυν
579 986 640 1036 οὐ
670 984 859 1053 γέγονε
907 984 1041 1055 σὰρξ
1073 986 1101 1036 6
1146 985 1279 1046 Θεὸς
1314 984 1506 1051 Λόγος,
1561 982 1695 1035 ἀλλά
1726 982 1905 1049 σάρκα
1944 1016 1945 1021 η

342 1076 522 1141 ζῶσαν
553 1077 649 1129 καὶ
707 1076 929 1146 λογικὴν
962 1076 1256 1129 ἀνέλαϐεν·
1313 1077 1412 1129 οὐκ
1442 1075 1605 1136 αὐτὸς
1642 1074 1802 1143 φύσει
1840 1075 1903 1125 ἐκ

339 1169 440 1239 τῆς
478 1168 755 1239 Παρθένου
804 1168 1091 1237 γεγένηται
1146 1167 1492 1238 συλληφθεὶς,
1526 1166 1621 1220 καὶ
1677 1165 1904 1218 διαπλα-

342 1260 512 1323 σθεὶς,
549 1259 643 1312 καὶ
673 1259 1002 1330 μορφωθεὶς,
1030 1260 1125 1311 καὶ
1167 1259 1339 1328 ἀρχὴν
1374 1259 1580 1311 ἐκεῖθεν
1627 1257 1720 1309 τοῦ
1758 1252 1897 1309 εἶναι

338 1351 538 1415 λαϐὼν,
572 1354 600 1405 6
628 1353 735 1418 πρὸ
765 1351 873 1404 τῶν
918 1352 1130 1405 αἰώνων
1164 1353 1445 1421 ὑπάρχων,
1491 1352 1585 1403 καὶ
1633 1350 1765 1413 Θεὸς
1804 1351 1901 1411 ὢν,

340 1444 599 1514 καὶπρὸς
630 1444 721 1496 τὸν
768 1443 897 1497 Θεὸν
944 1442 1042 1507 ὢν,
1088 1444 1183 1496 καὶ
1236 1444 1313 1512 τῷ
1351 1443 1525 1511 Πατρὶ
1570 1441 1762 1503 συνὼν,
1808 1439 1902 1491 καὶ

340 1536 476 1605 μετά
507 1536 716 1606 Πατρὸς
762 1536 1160 1607 γνωριζόμενός
1188 1552 1245 1587 τε
1277 1535 1369 1587 καὶ
1395 1532 1865 1605 προσκυνούμενος
1883 1549 1897 1562 ·

337 1626 451 1679 ἀλλ’
490 1625 669 1696 ἐαυτῷ
694 1626 819 1679 ναὸν
851 1626 908 1676 ὲν
933 1629 998 1695 τῇ
1034 1624 1332 1695 παρθενικῇ
1360 1625 1556 1695 γαστρὶ
1577 1623 1899 1685 διαπλάσας,

338 1719 504 1787 συνῆν
542 1716 619 1787 τῷ
667 1717 957 1770 πλασθέντι
1005 1717 1100 1770 καὶ
1134 1716 1466 1784 γεννηθέντι.
1505 1710 1579 1768 Οὗ
1616 1715 1773 1783 χάριν
1808 1712 1901 1765 καὶ

334 1810 432 1878 τὴν
464 1808 625 1877 ἁγίαν
657 1810 870 1880 ἐκείνην
893 1809 1163 1879 Παρθένον
1186 1809 1445 1861 Θεοτόκον
1486 1806 1898 1876 προσαγορεύο-

340 1917 459 1968 μεν,
490 1901 589 1969 οὑχ
617 1900 690 1963 ὡς
715 1900 847 1953 Θεὸν
874 1900 1031 1969 φύσει
1061 1902 1420 1971 γεννήσασαν,
1454 1898 1566 1951 ἀλλ’
1589 1898 1663 1959 ὡς
1692 1897 1899 1967 ἄνθρω-

339 2009 437 2043 πον
469 1989 545 2060 τῷ
575 1991 929 2045 διαπλάσαντι
962 1992 1123 2045 αὑτὸν
1146 1991 1421 2061 ἡνωμένον
1449 1988 1585 2059 Θεῷ.
1614 1990 1675 2042 Εἰ
1705 1989 1760 2041 δὲ
1801 1989 1901 2040 οὐκ

336 2082 623 2151 ἄνθρωπος
668 2083 697 2134 6
727 2082 785 2134 ἐν
817 2084 1015 2151 γαστρὶ
1064 2084 1163 2151 τῆς
1208 2080 1482 2151 Παρθένου
1531 2077 1898 2141 διαπλασθεὶς,

334 2176 472 2229 ἀλλὰ
502 2176 634 2238 Θεὸς
671 2176 863 2243 Λόγος,
899 2178 928 2229 6
972 2176 1079 2246 πρὸ
1123 2175 1356 2238 αἰώνων,
1395 2174 1607 2243 ποίημα
1649 2174 1755 2242 ἄρα
1807 2170 1900 2223 τοῦ

337 2267 653 2337 Πνεύματος
683 2270 710 2320 6
752 2268 881 2330 Θεὸς
909 2266 1080 2335 Λόγος
1103 2283 1114 2295 ·
1155 2285 1171 2315 ι
1211 2266 1283 2318 Τὸ
1309 2264 1417 2335 γὰρ
1448 2266 1504 2316 ὲν
1533 2264 1669 2333 αὐτῇ
1710 2279 1901 2331 γεννη-

336 2361 448 2425 θὲν,
482 2362 644 2430 φησὶν
673 2362 701 2413 6
732 2360 998 2431 Γαϐριὴλ,
1031 2361 1095 2413 ὲκ
1129 2358 1446 2428 Πνεύματός
1483 2360 1628 2409 ἐστιν
1664 2355 1843 2422 ἁγίου.
1878 2373 1895 2404 ι

335 2454 397 2505 ΕΞ
418 2453 474 2506 δὲ
506 2452 757 2515 ἄκτιστος
789 2454 816 2505 6
845 2452 1141 2521 μονογενὴς
1169 2450 1262 2502 τοῦ
1294 2449 1431 2502 Θεοῦ
1464 2450 1657 2516 Λόγος,
1690 2450 1782 2501 καὶ
1825 2448 1901 2517 τῷ

336 2545 511 2612 Πατρὶ
536 2544 817 2613 ὁμοούσιός
852 2560 911 2594 τε
941 2543 1035 2595 ml.
1070 2542 1357 2605 συναῖδιος,
1392 2542 1576 2594 οὐκέτι
1618 2540 1899 2609 πλάσμαῆ

336 2638 542 2707 κτίσμα
552 2637 645 2690 τοῦ
658 2636 992 2705 Πνεύματος,
1010 2637 1069 2687 El
1082 2636 1137 2687 δὲ
1154 2636 1213 2686 ού
1234 2634 1320 2686 τὸν
1335 2634 1464 2686 Θεὸν
1480 2634 1651 2699 Λόγον
1667 2633 1727 2684 τὸ
1742 2631 1903 2684 Πνεῦ-

340 2747 415 2798 μα
437 2728 496 2780 τὸ
516 2727 668 2796 ἅγιον
702 2731 757 2780 ἐν
783 2730 848 2797 τῇ
875 2726 1071 2795 γαστρὶ
1087 2726 1183 2794 τῆς
1204 2723 1481 2792 Παρθένου
1510 2722 1904 2779 διέπλασε,λεί-

338 2839 496 2874 πεται
514 2823 649 2874 νοεῖν
666 2822 763 2891 τὴν
782 2818 874 2873 τοῦ
891 2818 1077 2871 δούλου
1100 2816 1311 2888 μορφὴν
1334 2817 1427 2869 καὶ
1449 2816 1779 2884 πλασθῆναι,
1805 2816 1900 2868 καὶ

342 2913 713 2983 μορφωθῆναι,
742 2912 836 2965 καὶ
884 2911 1173 2981 κυηθῆναι,
1224 2910 1317 2963 καὶ
1346 2910 1673 2979 γεννηθῆναι
1720 2907 1897 2974 φύσει.

351 3007 567 3077 Ἐπειδὴ
598 3006 655 3058 δὲ
683 3006 744 3057 οὑ
777 3003 959 3073 γυμνὴ
986 2999 1052 3072 ἦν
1080 3004 1176 3072 τῆς
1212 3004 1300 3055 τοῦ
1333 3001 1466 3054 Θεοῦ
1497 3001 1731 3071 μορφῆς,
1768 2998 1901 3052 ἀλλὰ

338 3101 463 3163 ναὸς
498 3096 587 3170 ἧν,
617 3099 822 3151 ἐνοικον
848 3098 937 3150 τὸν
962 3097 1092 3149 Θεὸν
1120 3097 1289 3164 Λόγον
1317 3096 1472 3167 ἔχων,
1508 3095 1647 3148 κατὰ
1678 3095 1775 3165 τὴν
1807 3092 1899 3145 τοῦ

2006 614 2170 673 Jesu:
2205 622 2296 688 qui
2340 623 2536 675 cumin
2583 624 2755 677 forma
2815 625 2904 677 Dei
2956 635 3115 685 esset.
3174 642 3278 680 non
3323 629 3565 696 rapinam

2007 709 2303 765 arbitratus
2341 723 2425 766 est
2463 727 2583 767 esse
2642 730 2700 769 se
2753 717 3012 785 aequalem
3055 716 3211 771 Deo:
3260 718 3353 770 sed
3373 727 3572 771 semet.

2007 803 2178 869 ipsum
2206 805 2523 866 exinanivil,
2560 805 2784 859 formam
2821 807 2961 861 servi
3006 808 3366 875 accipiens”.
3408 826 3426 859 ι
3460 806 3565 860 Pa-

2005 893 2109 947 lam
2142 895 2307 961 igitur
2349 905 2433 951 est
2483 911 2550 949 ex
2600 897 2705 960 his,
2758 911 2875 965 qua?
2925 897 3069 951 dicta
3104 908 3249 961 sunt,
3302 900 3426 967 quia
3470 898 3563 952 Dei

2004 983 2175 1039 forma
2194 995 2398 1040 mutata
2424 1002 2525 1040 non
2560 997 2643 1040 est
2674 987 2727 1041 in
2761 989 2899 1044 servi
2932 988 3157 1042 formam
3184 1006 3197 1053 ;
3224 993 3317 1043 sed
3348 1006 3567 1045 manens

2005 1076 2145 1141 quod
2179 1085 2315 1141 erat,
2350 1078 2645 1146 assumpsit
2673 1077 2898 1132 formam
2938 1080 3101 1133 servi.
3152 1079 3320 1148 lgitur
3347 1096 3451 1134 non
3483 1091 3563 1133 est

2007 1164 2201 1219 factum
2233 1182 2361 1221 caro
2402 1167 2541 1223 Deus
2563 1168 2817 1231 Verbum,
2862 1172 2956 1223 sed
3006 1185 3222 1224 carnem
3296 1173 3563 1225 viventem

2003 1264 2058 1309 et
2086 1259 2294 1313 ratione
2330 1259 2603 1327 praeditam
2662 1262 2953 1329 assumpsit
2978 1278 2993 1314 :
3025 1277 3131 1316 non
3161 1262 3277 1330 ipse
3305 1264 3567 1317 naturali~

2007 1357 2085 1402 ter
2108 1362 2139 1402 ε
2168 1347 2386 1418 Virgine
2421 1360 2600 1419 natus,
2631 1359 2684 1405 et
2713 1362 3027 1419 conceptus,
3064 1364 3117 1407 et
3172 1355 3448 1424 ﬁguratus,
3485 1365 3562 1408 at-

2004 1456 2107 1509 que
2173 1444 2457 1509 formatus,
2514 1456 2569 1498 et
2626 1445 2922 1500 exsisteudi
2985 1447 3307 1515 principium
3374 1449 3569 1501 exinde

2004 1549 2304 1598 assumens,
2346 1538 2434 1603 qui
2481 1549 2607 1592 ante
2651 1538 2843 1592 saecula
2878 1547 2932 1590 et
2978 1539 3116 1591 Deus
3175 1549 3277 1598 est.
3334 1549 3388 1592 et
3426 1539 3567 1608 apud

2005 1623 2192 1685 Deum.
2221 1636 2272 1679 et
2303 1643 2422 1679 eum
2456 1626 2615 1681 Patre
2643 1638 2745 1689 est,
2774 1638 2825 1682 et
2852 1643 2971 1682 cum
3006 1628 3166 1683 Patre
3219 1631 3567 1698 cognoscitur

2002 1725 2057 1768 et
2091 1716 2348 1769 adorator
2377 1733 2391 1781 ;
2420 1720 2535 1782 sed,
2576 1718 2829 1787 templum
2866 1720 2965 1772 sibi
3019 1720 3069 1771 in
3117 1731 3268 1772 utero
3318 1718 3567 1788 virginali

2005 1805 2264 1869 formans,
2327 1817 2445 1860 erat
2484 1823 2606 1860 eum
2659 1806 2890 1859 formato
2917 1818 2971 1861 et
3005 1818 3148 1861 nato.
3205 1809 3564 1873 Quamobrem

2002 1905 2057 1950 et
2104 1910 2343 1950 sanetam
2375 1898 2515 1951 illam
2554 1899 2823 1967 Virginem
2852 1899 2941 1953 Dei
2968 1898 3297 1955 Genitricem
3330 1902 3566 1971 appella-

2004 2005 2143 2053 mus,
2174 2004 2274 2043 non
2305 1992 2455 2058 quasi
2485 1990 2649 2043 Deum
2685 2001 2873 2043 natura
2917 1991 3280 2059 generaverit.
3326 1993 3418 2045 sed
3450 2002 3566 2044 tan-

2004 2097 2161 2148 quam
2230 2082 2497 2135 hominem
2561 2083 2766 2134 unitum
2824 2082 2950 2146 Deo,
2988 2084 3077 2150 qui
3128 2084 3279 2137 finxit
3327 2100 3469 2139 eum.
3510 2084 3566 2136 Si

2002 2183 2178 2225 autem
2229 2189 2333 2225 non
2371 2181 2455 2227 est
2487 2174 2669 2237 homo,
2701 2173 2790 2241 qui
2823 2174 2871 2226 in
2914 2184 3066 2229 utero
3097 2171 3336 2245 Virginis
3369 2176 3567 2229 forma-

2006 2275 2091 2319 tus
2125 2276 2228 2325 est.
2257 2269 2349 2319 sed
2391 2267 2531 2321 Deus
2558 2267 2813 2332 Verbum,
2874 2270 3015 2336 quod
3047 2277 3170 2321 ante
3219 2268 3410 2323 saecula
3440 2278 3515 2322 es'
3548 2287 3563 2331 ;

2007 2357 2211 2412 factura
2244 2359 2405 2427 igitur
2437 2357 2672 2427 Spiritus
2697 2361 2802 2413 erit
2844 2360 2981 2412 Deus
3025 2358 3258 2414 Verbum
3297 2378 3310 2413 :
3350 2378 3369 2411 ι
3411 2361 3564 2427 Quod

2002 2452 2145 2504 enim
2191 2451 2242 2504 in
2285 2466 2344 2503 ea
2375 2462 2556 2503 natntn
2588 2460 2689 2514 est,
2747 2452 2918 2519 inquit
2959 2450 3197 2515 Gabriel,
3252 2466 3315 2504 ex
3365 2449 3567 2520 Spiritu

2004 2553 2190 2595 sancto
2220 2543 2385 2595 est“.
2422 2561 2440 2594 ι
2478 2541 2532 2595 Si
2572 2552 2750 2595 autem
2787 2543 3082 2595 inc-reatum
3122 2543 3563 2613 estunigenitum

2004 2635 2096 2688 Dei
2122 2633 2380 2699 Verbum,
2426 2632 2680 2702 Patrique
2731 2635 3194 2689 consubstantiale
3238 2645 3291 2689 et
3343 2647 3565 2689 comter-

2004 2741 2152 2787 num,
2194 2740 2299 2779 non
2333 2736 2419 2780 est
2440 2725 2752 2787 formatum,
2802 2736 2893 2777 aut
2936 2736 3174 2779 creatum
3204 2742 3230 2777 a
3259 2726 3485 2792 Spiritu.
3509 2725 3567 2781 Si

2003 2834 2132 2873 vero
2188 2819 2353 2873 Deum
2407 2818 2640 2872 Verbum
2702 2819 2752 2868 in
2812 2826 2964 2871 utero
3047 2818 3281 2886 Virginis
3335 2818 3568 2886 Spiritus

2004 2922 2223 2966 sanctus
2262 2928 2366 2964 non
2423 2911 2694 2977 formavit,
2722 2912 2881 2981 205
2941 2920 3111 2963 restat
3162 2909 3392 2979 intelligi
3421 2912 3563 2963 servi

2004 3003 2229 3057 formam
2262 3014 2316 3055 et
2353 3004 2550 3065 fictam,
2580 3012 2635 3054 et
2687 3003 2994 3063 formatam,
3027 3009 3079 3052 et
3156 3010 3492 3067 conceptam,
3511 3009 3567 3054 et

2006 3102 2188 3147 natam
2218 3108 2335 3145 esse
2370 3092 2705 3146 naturaliter.
2752 3091 2885 3156 Quia
2924 3106 3053 3144 veto
3106 3107 3209 3144 nou
3254 3099 3371 3144 erat
3427 3091 3565 3144 nuda

340 3192 552 3245 Παύλου
601 3192 816 3261 φωνήν·
860 3208 879 3239 α
921 3188 1008 3241 Ἐν
1048 3188 1195 3258 αύτῷ
1234 3189 1362 3258 γάρ,
1408 3190 1590 3259 φησὶν,
1634 3187 1901 3255 ηὑδόκησε

2006 3201 2034 3239 a
2071 3186 2158 3240 Dei
2212 3185 2404 3250 forma,
2454 3186 2549 3239 sed
2588 3185 2840 3252 templum
2898 3193 3015 3237 erat
3074 3183 3425 3237 inhabitantis
3478 3183 3571 3238 Dei

339 3286 448 3337 πᾶν
476 3284 536 3335 τὸ
572 3282 841 3351 πλήρωμα
880 3283 975 3349 τῆς
1009 3281 1257 3349 θεότητος
1298 3280 1619 3349 κατοικῆσαι
1662 3294 1902 3345 σωματι-

338 3379 480 3440 κῶς·
512 3396 531 3428 ι
578 3378 676 3429 οὐκ
706 3375 1137 3446 ἀνθρωποτόκον.
1174 3372 1310 3426 ἀλλά
1344 3371 1604 3424 Θεοτόκον
1635 3371 1731 3439 τὴν
1753 3370 1902 3438 Ῑῐαρ-

340 3470 491 3522 θένον
523 3467 1027 3539 προσαγορεύομεν·
1057 3466 1156 3535 τὴν
1199 3466 1295 3535 μὲν
1345 3467 1411 3532 τῇ
1458 3462 1764 3521 διαπλάσει,
1812 3461 1903 3512 καὶ

343 3559 640 3628 μορφώσει.
676 3558 769 3610 καὶ
802 3556 993 3609 ὲνώσει
1025 3570 1072 3618 κ,
1104 3556 1199 3626 τὴν
1228 3556 1283 3607 δὲ
1319 3558 1384 3625 τῇ
1430 3554 1617 3605 ὲνώσει
1667 3552 1903 3613 τιθέντες

343 3650 729 3719 προσηγορίαν.
763 3647 863 3699 Διά
903 3646 1060 3699 τοῦτο
1098 3647 1192 3698 καὶ
1227 3645 1285 3697 τὸ
1318 3644 1507 3713 τεχθὲν
1542 3644 1740 3713 βρέφος
1781 3645 1905 3712 Ἐμ-

345 3741 584 3813 μανουὴλ
612 3738 1098 3809 προσαγορεύεται,
1125 3736 1247 3790 οὔτε
1274 3737 1402 3797 Θεὸς
1438 3736 1783 3805 ἀνθρωπείας
1809 3734 1901 3801 φύ-

345 3853 478 3896 σεως
519 3832 938 3903 κεχωρισμένος,
994 3830 1116 3883 οὔτε
1156 3829 1438 3900 ἄνθρωπος
1480 3830 1903 3897 γεγυμνωμένος

343 3926 622 3992 θεότητοςο
666 3923 728 3976 τὸ
766 3924 872 3991 γὰρ
916 3923 1259 3992 Ἐμμανουὴλ
1286 3922 1347 3974 τὸ
1393 3921 1508 3991 μεθ’
1540 3922 1694 3990 ήμῶν
1734 3922 1905 3991 ἑρμη-

343 4014 484 4068 νεύει
518 4011 660 4067 εἶναι
688 4014 841 4076 Θεὸν,
875 4014 1013 4066 κατὰ
1045 4013 1141 4082 τὴν
1174 4013 1281 4063 τῶν
1320 4012 1661 4079 Εὐαγγελίων
1689 4012 1902 4079 φωνήν·

339 4109 401 4160 τὸ
420 4108 497 4169 δὲ,
523 4126 541 4157 ι
560 4096 866 4175 Μεθ’ὴμὶῖιν
882 4109 907 4157 6
921 4105 1072 4170 Θεὸς,
1092 4123 1111 4156 ι
1129 4106 1221 4156 καὶ
1238 4105 1327 4157 τὸν
1344 4104 1402 4169 ἐξ
1423 4105 1575 4174 ἡμῶν
1593 4105 1729 4173 ὑπὲρ
1751 4102 1905 4172 ἡμῶν

341 4199 613 4269 ληφθέντα
645 4197 813 4266 δηλοῖ,
842 4198 933 4248 καὶ
972 4196 1062 4248 τὸν
1088 4194 1412 4263 ἀνειληφότα
1446 4195 1576 4247 Θεὸν
1602 4195 1774 4261 Λόγον
1808 4212 1907 4262 κη-

346 4291 547 4361 ρύττει.
577 4288 786 4342 Οὐκοῦν
820 4288 880 4339 τὸ
911 4286 1106 4357 βρέφος
1141 4286 1485 4355 Ἐμμανουήλ
1522 4285 1608 4337 διὰ
1636 4286 1725 4337 τὸν
1760 4286 1906 4337 ἀνει-

344 4379 550 4449 ληφότα
582 4377 734 4440 Θεὸν,
767 4376 862 4429 καὶ
882 4375 1140 4438 Θεοτόκος
1167 4376 1199 4443 ἡ
1232 4374 1505 4444 Παρθένος
1531 4372 1618 4425 διὰ
1649 4374 1750 4442 τὴν
1772 4372 1907 4443 πρὸς

341 4471 439 4541 τὴν
462 4468 758 4539 κυηθεῖσαν
804 4466 989 4519 δούλου
1040 4466 1253 4536 μορφὴν
1286 4466 1476 4517 ἕνωσιν
1512 4466 1613 4533 τῆς
1642 4464 1734 4516 τοῦ
1772 4463 1905 4516 Θεοῦ

2008 3274 2191 3339 Verbi,
2260 3276 2551 3329 secundum
2603 3275 2754 3328 Pauli
2812 3290 3047 3328 vocem:
3083 3294 3101 3325 ι
3140 3274 3194 3327 ln
3237 3276 3353 3343 ipso
3404 3275 3569 3339 enim,

2010 3367 2204 3435 inquit.
2240 3366 2564 3433 complacuit
2592 3380 2807 3419 omnem
2842 3366 3230 3433 plenitudinem
3269 3366 3573 3420 divinitatis

2007 3458 2311 3511 inhabitare
2345 3457 2701 3525 corporaliter
2721 3457 2766 3491 ⁷¹
2809 3473 2823 3520 ;
2865 3475 2882 3508 ι
2919 3473 3023 3511 non
3070 3456 3306 3510 hominis
3347 3457 3572 3524 genitri-

2006 3562 2143 3611 cem,
2200 3547 2291 3599 sed
2349 3545 2441 3598 Dei
2488 3546 2818 3599 Genitricem
2850 3546 3136 3616 Virginem
3192 3550 3571 3617 appellamus;

2007 3639 2150 3691 illam
2182 3637 2397 3706 quidem
2432 3637 2708 3705 figmento,
2744 3645 2797 3689 et
2828 3636 3155 3702 formationi,
3186 3648 3237 3690 et
3266 3639 3573 3706 ronceptui,

2009 3732 2148 3782 hane
2201 3741 2382 3782 autem
2442 3729 2671 3782 unitioni
2728 3728 3068 3796 imponentes
3137 3728 3569 3797 appellationem.

2010 3818 2303 3888 Propterea
2329 3827 2385 3872 et
2408 3825 2567 3872 natus
2599 3818 2775 3871 infans
2791 3817 3104 3872 Emmanuel
3145 3818 3465 3887 appellatur,
3487 3834 3576 3873 ne-

2007 3925 2110 3978 que
2168 3910 2310 3963 Deus
2351 3911 2418 3962 ab
2487 3910 2720 3963 humana
2782 3917 2977 3962 natura
3034 3921 3337 3977 separatus,
3401 3922 3574 3977 neque

2008 4004 2168 4055 homo
2214 4001 2495 4054 divinitate
2550 4002 2803 4054 nudatus.
2849 3999 3166 4053 Emmanuel
3215 4000 3358 4053 enim
3388 4001 3576 4055 nobis-

2006 4107 2125 4145 cum
2153 4091 2535 4160 interpretatur
2560 4104 2680 4144 esse
2724 4089 2913 4154 Deum,
2965 4092 3259 4143 secundum
3306 4090 3576 4159 evangeli-

2006 4197 2122 4236 eam
2166 4196 2375 4235 vocem.
2425 4180 2561 4235 Illud
2598 4189 2819 4233 autem:
2857 4198 2876 4231 ‹
2931 4179 3218 4234 Nobiscum
3277 4182 3418 4236 Deus
3447 4183 3514 4249 ⁷³,
3549 4202 3569 4234 ι

2007 4280 2059 4325 ει
2109 4286 2173 4325 ex
2236 4270 2390 4325 nobis
2441 4284 2537 4336 pro
2589 4270 2741 4323 nobis
2788 4278 3118 4339 assumptum
3175 4272 3463 4341 signiﬁcat,
3523 4283 3579 4328 et

2010 4370 2372 4416 assumentem
2423 4360 2592 4413 Deum
2646 4358 2878 4414 Verbum
2918 4364 3191 4431 praedicat.
3228 4363 3367 4430 Ergo
3399 4364 3576 4417 infans

2011 4454 2326 4507 Emmanuel
2376 4454 2571 4507 dicitur
2617 4462 2838 4523 propter
2873 4466 3235 4507 assumentetn
3284 4456 3483 4520 Deum;
3519 4466 3575 4509 et

348 4532 593 4633 μορφῆςό
651 4561 712 4613 οὐ
759 4559 869 4629 γὰρ
913 4560 993 4621 εἰς
1025 4532 1271 4627 σάρκα-ὸ
1301 4556 1431 4619 Θεὸς
1477 4532 1645 4625 Λόγος
1673 4556 1902 4626 ἐτράπη,

2017 4546 2107 4599 Dei
2132 4544 2378 4599 Genitrix
2414 4543 2595 4613 Virgo,
2615 4555 2833 4615 propter
2859 4546 3152 4599 nnitionem
3173 4547 3360 4601 forma).
3391 4548 3482 4601 Dei
3506 4548 3574 4601 ad

343 4656 456 4709 ἀλλ’
496 4657 529 4725 ὴ
571 4653 665 4707 τοῦ
698 4651 833 4707 Θεοῦ
871 4652 1051 4722 μορφὴ
1087 4651 1243 4704 έλαδε
1288 4651 1386 4723 τὴν
1415 4650 1507 4703 τοῦ
1554 4650 1738 4704 δούλου
1773 4668 1906 4720 μορ-

344 4748 471 4819 φήν.

790 4969 1097 5037 Ἀπολογία
1149 4968 1470 5034 Κυρίλλου.

417 5102 680 5173 Πλείστην
744 5102 873 5171 ὅσην
924 5098 1272 5169 πεποιήμεθα
1324 5101 1420 5165 τὴν
1482 5096 1751 5165 καταϐοὴν
1797 5094 1906 5146 τῶν

345 5197 624 5267 ὁμολογεῖν
646 5196 745 5247 οὐκ
775 5193 1112 5262 ἀνεχομένων
1156 5193 1286 5245 Θεὸν
1313 5187 1450 5244 εἶναι
1480 5191 1618 5242 κατὰ
1652 5188 1908 5258 ἀλήθειαν

348 5286 438 5337 τὸν
487 5282 851 5354 Ἐμμανουὴλ,
883 5285 977 5335 καὶ
1016 5283 1119 5351 μὴν
1152 5281 1232 5332 ὅτι
1258 5281 1514 5341 Θεοτόκος
1538 5279 1682 5330 ἐστὶν
1711 5279 1743 5346 ἡ
1780 5278 1909 5343 ἁγία

350 5376 644 5447 Παρθένος,
690 5377 771 5428 ὅτι
805 5376 1098 5446 γεγέννηκε
1134 5373 1273 5425 κατὰ
1318 5373 1492 5443 σάρκα
1539 5372 1628 5422 τὸν
1657 5370 1748 5422 τοῦ
1774 5367 1907 5420 Θεοῦ

420 5532 465 5562 ⁷⁸
500 5529 729 5600 Philipp.
761 5546 822 5595 ιι,
848 5530 958 5583 δεῖ.

2014 4647 2330 4704 conceptam
2357 4638 2495 4691 servi
2533 4636 2786 4691 formam.
2816 4636 2930 4691 Non
2958 4638 3100 4691 enim
3125 4640 3174 4691 in
3201 4654 3416 4691 carnem
3438 4640 3577 4692 Deus

2016 4726 2248 4781 Verbum
2282 4741 2600 4780 conversum
2646 4736 2748 4793 est,
2789 4727 2881 4780 sed
2922 4726 3014 4780 Dei
3066 4726 3236 4781 forma
3286 4729 3577 4797 assumpsit

2012 4818 2154 4871 servi
2188 4817 2439 4870 formam.

2560 4952 2743 5022 Cyri/li
2774 4954 3025 5022 defensio.

2084 5090 2250 5145 Valde
2285 5092 2507 5143 multmn
2559 5092 2981 5143 deelamavimus
3040 5090 3299 5141 adversus
3350 5102 3441 5140 eos
3482 5088 3574 5155 qui

2014 5185 2256 5237 confiteri
2314 5201 2416 5235 non
2470 5184 2744 5250 patiuntur
2818 5180 3217 5234 Emmanuelem
3280 5196 3407 5233 vere
3458 5194 3579 5233 esse

2016 5276 2105 5329 Dei
2126 5273 2381 5339 Verbum,
2418 5286 2467 5326 et
2509 5284 2747 5327 sanctam
2778 5272 3046 5341 Virginem
3076 5274 3167 5326 Dei
3218 5273 3574 5337 Genitricem,
3608 5254 3611 5259 γ

2016 5368 2156 5438 quod
2227 5368 2318 5421 Dei
2373 5364 2603 5420 Verbum
2678 5364 2968 5419 secundum
3035 5380 3249 5418 carnem
3312 5364 3575 5435 genuerit,

1038 5529 1085 5561 τ’
1119 5527 1306 5581 Matth.
1337 5544 1377 5591 ι,
1410 5527 1498 5581 20.
1575 5528 1619 5558 ⁷³
1646 5526 1852 5581 Coloss.
1880 5541 1918 5588 ι,
1953 5524 2063 5591 19;
2098 5541 2180 5591 ιι,
2212 5522 2263 5577 9.
2340 5522 2385 5552 ’³
2412 5521 2597 5577 Matth.
2637 5538 2671 5588 ι,
2704 5520 2793 5574 ἳδο

1403 5685 1571 5741 Varim
1607 5684 1859 5741 lectiones
1887 5699 1949 5739 ex
1980 5683 2164 5739 codice
2200 5682 2573 5753 Segnieriano.

420 5837 448 5867 ³
471 5830 556 5883 ισ.
590 5828 803 5897 κυήσει,
826 5824 864 5892 ἢ
899 5824 1123 5891 γενέσει.

660 5920 931 5981 Parnm.
976 5924 1085 5981 Litt.
1139 5918 1384 5980 LXXVI.

3115 5911 3185 5979 13
