4116 6332
479 379 580 436 ass

1463 365 1520 420 S.
1560 362 1826 420 CYRILLI
1871 357 2346 414 ALEXANDRINI
2389 359 2712 418 ARCIIIEP.

3633 367 3739 424 396

479 498 696 566 quando
737 496 933 548 factum
965 501 1045 548 est
1093 505 1242 555 caro,
1279 491 1376 541 hoc
1415 494 1497 539 est
1526 487 1705 540 homo.
1761 486 2055 536 Accusator

2159 481 2350 549 Λόγον,
2387 483 2468 535 ὅτι
2493 490 2523 530 1
2551 482 2741 550 γέγονε
2777 481 2932 552 σὰρξ,
2957 482 3230 535 τουτέστιν
3258 481 3561 553 ἄνθρωπος.
3599 481 3657 533 ’0
3681 484 3737 535 δὲ

477 607 606 644 vero
629 590 817 642 Imrum
847 586 924 637 sic
951 592 1093 636 recte
1121 581 1408 639 dictorum.
1439 580 1483 633 si
1502 594 1606 632 non
1633 576 1800 639 novit,
1835 573 2052 627 Emma-

480 680 691 733 nuelem
720 691 844 729 vere
877 675 1040 728 Deum
1083 686 1222 738 esse,
1254 670 1298 724 si
1341 685 1444 723 non
1493 667 1788 724 secundum
1834 677 2051 718 carnem

481 789 545 827 ex
582 781 768 826 sancta
806 767 1024 836 Virgine
1053 778 1271 819 carnem
1302 763 1504 816 factum
1546 760 1641 815 Dei
1689 757 1946 821 Verbum,
1996 766 2055 808 ut

481 863 740 932 scriptum
773 868 876 922 est,
909 871 1009 911 cur
1041 871 1143 909 non
1180 853 1357 923 potius
1378 852 1520 905 clare
1550 850 1719 904 dixit:
1753 847 1891 915 Quid
1914 845 2050 916 agis,

480 957 564 1010 vir
584 952 844 1024 egregie?
871 948 1135 1004 absurdas
1178 957 1232 1001 et
1269 945 1568 1000 contrarias
1609 942 1815 996 evomis
1852 953 2048 995 voces:

479 1061 578 1100 cur
620 1041 964 1112 dogmatibus
1016 1037 1260 1091 veritatis
1307 1034 1616 1103 jnveniliter
1655 1029 2052 1087 insultas?Non

481 1146 567 1190 est
611 1132 904 1189 secundum
974 1129 1257 1183 veritatem
1311 1127 1453 1180 Deus
1499 1121 1836 1186 Emmanuel,
1880 1133 2054 1189 neque

483 1227 576 1283 Dei
618 1225 864 1281 Genitrix
895 1231 1080 1276 sancta
1109 1220 1308 1289 Virgo:
1343 1227 1473 1270 utet
1527 1231 1624 1271 nos
1670 1218 1741 1269 ita
1795 1211 2050 1268 clamanti

487 1335 647 1390 atque
680 1317 899 1376 dicenti.
935 1331 965 1370 e
1001 1315 1280 1383 Scriptura
1337 1312 1514 1365 divina
1564 1311 1880 1363 resistentes
1928 1321 2054 1376 pru-

489 1417 696 1474 denter,
724 1421 777 1464 et
805 1407 1113 1478 apostolicae
1162 1415 1322 1474 atque
1363 1401 1688 1474 evangelica;
1721 1399 1841 1454 fidei
1887 1398 2054 1453 tradi-

482 1507 684 1559 tionem
729 1502 1054 1569 l’atrumque
1099 1496 1517 1560 confessionem,
1550 1493 1641 1563 qui
1694 1493 1822 1546 olim
1859 1490 2050 1546 Nicmze

483 1593 794 1664 congregati
854 1600 1004 1651 sunt,
1061 1597 1246 1643 contra
1303 1585 1662 1657 proferentes,
1702 1583 2054 1637 convinCere-

483 1705 624 1752 mus,
658 1702 778 1741 eum
859 1683 1059 1738 nostris
1128 1682 1288 1736 dictis
1355 1678 1826 1749 reprehensionem
1879 1688 2054 1744 neque

483 1791 654 1844 recte,
716 1795 890 1849 neque
956 1778 1180 1833 honeste
1248 1773 1449 1838 moliri,
1501 1771 1671 1842 magis
1715 1780 1900 1825 autem
1931 1785 2051 1822 cum

482 1874 647 1944 206
678 1872 874 1926 divinis
910 1869 1208 1938 Scriptnris
1243 1867 1582 1934 impudenter
1626 1877 1891 1934 pugnare.
1948 1860 2051 1915 Sed

483 1966 701 2036 sapiens
727 1971 783 2018 et
829 1969 1040 2016 astutus
1081 1968 1386 2021 enarrator,
1441 1971 1560 2024 quae
1611 1955 1829 2026 quidem
1877 1954 2057 2008 dicere

485 2057 710 2112 decebat
767 2063 823 2109 et
881 2052 1247 2107 necessarium
1305 2059 1444 2114 erat,
1506 2047 1947 2118 prmtermittens,
2003 2055 2057 2099 et

483 2146 705 2201 omnino
756 2144 821 2198 de
868 2141 1065 2197 talibus
1093 2139 1230 2194 nihil
1283 2139 1550 2208 cogitans,
1586 2136 1691 2190 alia
1745 2136 2058 2205 aggreditur

485 2238 593 2292 via.
628 2235 923 2291 Confestim
958 2233 1101 2287 enim
1155 2247 1213 2287 se
1261 2231 1527 2284 convertit
1561 2232 1630 2284 ad
1677 2229 2056 2283 necessitatem

487 2328 762 2384 astruendi
807 2324 1161 2381 conversione
1203 2325 1454 2393 superius
1499 2337 1621 2377 esse
1660 2321 1755 2376 Dei
1795 2321 2055 2385 Verbum,

487 2437 586 2476 nec
618 2423 669 2473 in
708 2429 958 2474 naturam
1010 2417 1194 2471 carnis
1241 2413 1685 2469 transformatum
1711 2429 1871 2470 esse:
1901 2416 2054 2483 quasi

486 2529 614 2567 vero
670 2510 1154 2566 anathematismus
1210 2509 1262 2563 id
1297 2508 1606 2571 confirmet,
1659 2522 1722 2562 ac
1771 2507 2059 2562 ostendere

486 2604 638 2660 velit.
703 2603 902 2655 Audiat
963 2602 1164 2669 itaque,
1209 2599 1300 2669 qui
1354 2613 1644 2654 occurrere
1695 2599 1798 2663 bis,
1863 2601 2061 2669 quibus

486 2695 832 2758 contradicit,
871 2692 1016 2746 nullo
1055 2692 1213 2747 modo
1260 2691 1410 2745 novit
1441 2704 1455 2742 :
1490 2689 1770 2759 Snperflne
1797 2691 2057 2761 loqueris,

489 2790 668 2852 homo,
698 2793 752 2840 et
789 2799 1054 2854 repugnas
1110 2782 1394 2838 sententiae
1449 2783 1653 2837 odiosae
1705 2783 1869 2835 etiam
1918 2784 2059 2852 apud

487 2895 608 2933 nos.
644 2877 902 2932 Novimus
972 2875 1117 2929 enim
1166 2874 1307 2944 quod
1351 2875 1722 2930 conversionis
1766 2876 2059 2930 obumbra:

488 2973 688 3025 tionem
749 2970 1022 3023 sustinere
1062 2966 1243 3020 divina
1295 2974 1350 3021 et
1403 2981 1654 3036 suprema
1709 2975 1904 3020 natura
1951 2982 2057 3020 non

489 3066 732 3134 patitur:
757 3065 849 3118 sed
887 3077 1060 3131 neque
1090 3061 1182 3115 Dei
1218 3056 1458 3113 Verbum
1508 3073 1629 3113 esse
1673 3059 1930 3114 desinens
1959 3061 2061 3113 hoc

2154 572 2264 624 τῶν
2296 571 2470 637 οὕτως
2499 572 2676 643 ὀρθῶς
2715 574 3023 643 εἰρημένων
3055 573 3380 645 κατήγορος,
3415 575 3461 625 εἰ
3499 574 3573 643 μή
3603 574 3738 628 Θεὸν

2153 659 2262 716 οἶδε
2322 664 2463 717 κατὰ
2521 665 2783 735 ἀλήθειαν
2830 665 2960 718 ὄντα
3008 665 3101 718 τὸν
3165 664 3531 736 Ἐμμανουήλ,
3577 667 3625 717 εξ
3661 663 3738 735 μὴ

2155 756 2484 825 γεγέννηται
2540 757 2683 810 κατὰ
2737 757 2916 826 σάρκα
2962 758 3028 810 ἐκ
3067 757 3168 827 τῆς
3221 758 3383 825 ἀγίας
3436 756 3736 828 Παρθένου,

2155 849 2293 919 σὰρξ
2324 849 2587 918 γεγονὼς,
2636 850 2664 902 ὀ
2713 850 2848 903 Θεοῦ
2883 851 3056 917 Λόγος
3096 849 3237 903 κατὰ
3270 849 3372 913 τάς
3405 848 3649 920 Γραφάς,
3684 847 3738 901 τί

2157 941 2231 1011 μὴ
2263 942 2466 1012 μᾶλλον
2494 941 2733 1010 ἔφασκεν
2775 941 3018 1012 ἐναργῶς
3043 959 3056 972 ·
3103 941 3168 993 Τί
3212 940 3366 1012 δρᾷς,
3399 933 3444 992 ὧ
3477 941 3731 1008 γενναῖε;

2153 1033 2334 1097 δεινάς
2361 1051 2421 1088 τε
2460 1035 2555 1088 καὶ
2590 1033 2990 1105 παλιμφήμους
3012 1033 3215 1107 έρεύγῃ
3258 1031 3474 1100 φωνάς;
3507 1029 3614 1084 τῶν
3638 1031 3738 1100 τῆς

2154 1128 2415 1198 ἀληθείας
2473 1129 2867 1200 κατανεανιεύῃ
2929 1129 3248 1200 δογμάτων;
3288 1126 3402 1180 Οὐκ
3453 1125 3568 1178 ἔστι
3604 1123 3738 1185 Θεὸς

2155 1223 2298 1276 κατά
2328 1222 2589 1293 ἀλήθειαν
2635 1225 2664 1276 ό
2714 1223 3085 1294 Ἐμμανουήλ,
3117 1221 3242 1275 οὔτε
3279 1222 3386 1292 μὴν
3415 1219 3674 1282 Θεοτόκος
3701 1221 3734 1290 ἡ

2155 1315 2286 1382 ἁγία
2327 1316 2636 1388 Παρθένος·
2687 1318 2776 1370 ἵνα
2825 1317 2919 1370 καὶ
2965 1318 3127 1387 ήμείς
3167 1313 3338 1368 ταῦτα
3377 1311 3590 1383 βοῶντι,
3644 1311 3738 1364 καὶ

2154 1409 2389 1478 λέγοντι,
2418 1409 2487 1462 τά
2517 1411 2579 1462 ἐκ
2609 1409 2708 1480 τῆς
2743 1407 3104 1462 θεοπνεύστου
3135 1404 3356 1475 Γραφῆς
3389 1401 3736 1456 ἀντανιστάν-

2153 1517 2245 1562 τες
2267 1500 2578 1570 ἐμφρόνως,
2611 1501 2705 1552 καὶ
2734 1498 2834 1565 τῆς
2858 1495 3223 1566 ἀποστολικῆς
3251 1511 3309 1548 τε
3331 1492 3426 1546 καὶ
3451 1491 3737 1560 εὐαγγελι-

2161 1589 2266 1658 κῆς
2305 1591 2540 1652 πίστεως
2574 1588 2670 1659 τὴν
2702 1586 3019 1658 παράδοσιν,
3063 1585 3156 1638 καὶ
3200 1584 3299 1655 τὴν
3339 1583 3447 1636 τῶν
3479 1583 3737 1652 Πατέρων

2163 1681 2454 1752 ὁμολογίαν
2491 1681 2601 1734 τῶν
2653 1681 2795 1734 κατά
2842 1680 3068 1751 καιροὺς
3102 1679 3160 1730 ὲν
3190 1680 3257 1748 τῇ
3288 1674 3541 1729 Νικαέων
3564 1690 3739 1727 συνει-

2157 1774 2438 1844 λεγμένων
2503 1771 2933 1840 ἀντεξάγοντες,
2998 1770 3434 1840 δυσωπήσωμεν,
3490 1766 3566 1831 ὡς
3613 1764 3735 1819 οῦτε

2158 1866 2355 1936 ὀρθῶς,
2383 1864 2507 1918 οὔτε
2550 1863 2654 1935 μὴν
2686 1867 2744 1917 ὲν
2779 1863 2969 1932 κόσμῳ
2998 1865 3111 1925 τοῖς
3151 1861 3284 1933 παρ’
3316 1859 3473 1931 ήμῶν
3513 1859 3739 1932 εἰρημέ-

2157 1976 2268 2020 νοις
2315 1957 2674 2028 έπιπλήττειν
2720 1958 3005 2028 ἐπιχειρεῖ,
3045 1954 3246 2025 μᾶλλον
3285 1954 3341 2008 δὲ
3381 1953 3572 2007 ἀνέδυν
3613 1955 3735 2014 ταῖς

2157 2052 2333 2114 θείαις
2369 2052 2601 2121 μάχεται
2627 2051 2665 2101 Γ
2672 2054 2887 2121 ραφαῖς.
2935 2049 3075 2102 Ἀλλ’
3101 2049 3129 2100 ὁ
3169 2047 3328 2116 σοφὸς
3359 2047 3462 2100 καὶ.
3480 2046 3736 2116 ἀγχίνους

2161 2142 2454 2215 ἐξηγητὴς,
2497 2142 2531 2195 ἀ
2577 2143 2674 2212 μὲν
2699 2137 2766 2212 ἦν
2797 2143 2943 2204 εἰκός
2969 2157 3027 2193 τε
3067 2139 3160 2194 καὶ
3199 2141 3498 2207 ἀναγκαῖον
3539 2139 3735 2199 εἰπεῖν,

2159 2235 2476 2308 παρήλασε,
2523 2232 2896 2304 πεφροντικὼς
2943 2233 2999 2285 δὲ
3040 2232 3177 2294 ὅλως
3203 2231 3312 2283 τῶν
3341 2229 3603 2284 τοιούτων
3645 2229 3738 2281 ού-

2157 2328 2326 2392 δενὸς,
2360 2328 2446 2396 ἐφ’
2483 2328 2676 2398 ἑτέραν
2708 2328 2847 2380 ἵεται
2881 2326 3086 2397 τρίϐον.
3130 2326 3426 2396 Ἐτράπετο
3450 2325 3557 2395 γὰρ
3577 2322 3741 2385 εὐθὺς

2161 2422 2255 2475 ἐπὶ
2291 2422 2350 2473 τὸ
2385 2421 2496 2473 δεῖν
2519 2421 2862 2488 ἀποφαίνειν,
2894 2419 2976 2487 ὅτι
3010 2419 3216 2490 τροπῆς
3253 2419 3492 2489 ἀμείνων
3525 2417 3676 2470 ἐστὶν
3710 2419 3741 2470 ὁ

2159 2513 2254 2567 τοῦ
2290 2511 2426 2566 Θεοῦ
2456 2512 2650 2579 Λόγος,
2679 2512 2773 2564 καὶ
2799 2512 2899 2564 οὐκ
2937 2512 3016 2572 εἰς
3044 2509 3204 2578 φύσιν
3243 2507 3575 2580 μετεποιήθη
3603 2523 3738 2578 σαρ-

2159 2605 2276 2669 κὸς,
2321 2607 2395 2669 ὡς
2429 2605 2588 2658 τοῦτο
2633 2604 3016 2676 κρατύνοντος,
3053 2603 3148 2656 καὶ
3182 2601 3380 2673 ἀληθὲς
3419 2600 3739 2670 ἀποφαίνειν

2159 2699 2440 2760 ἐθέλοντος
2507 2697 2601 2750 τοῦ
2672 2694 3136 2765 ἀναθεματισμοῦ.
3212 2692 3482 2746 Ἀκουέτω
3537 2691 3737 2754 τοίνυν,

2161 2791 2404 2860 ὑπαντᾷν
2443 2784 2525 2852 οἷς
2573 2787 2843 2854 ἀντιλέγει
2899 2787 3019 2839 κατ’
3058 2785 3247 2838 οὐδένα
3292 2785 3494 2855 τρόπον
3538 2781 3736 2845 εἰδώς·

2160 2882 2552 2949 Εἰκαιολογεῖς,
2578 2879 2852 2950 ἄνθρωπε,
2885 2879 2979 2930 καὶ
3013 2877 3160 2948 μάχῃ
3189 2878 3741 2947 φρονήματιμεμιση-

2163 2975 2308 3044 μένῳ
2343 2974 2437 3025 καὶ
2487 2971 2623 3043 πρὸς
2648 2971 2826 3041 ήμῶν.
2863 2972 3053 3038 Ἴσμεν
3086 2969 3216 3038 γάρ,
3249 2970 3329 3022 ὅτι
3371 2967 3582 3038 τροπῆς
3614 2968 3736 3020 ὲπι-

2163 3067 2407 3136 σκίασμα
2449 3066 2642 3118 παθεῖν
2675 3067 2706 3135 ή
2745 3063 2863 3116 θεία
2894 3080 2952 3115 τε
2996 3063 3090 3115 καὶ
3137 3060 3413 3132 ὑπερτάτη
3447 3059 3608 3130 φύσις
3639 3060 3737 3113 οὐκ

487 3158 633 3226 quod
663 3166 765 3216 est,
793 3156 844 3208 in
879 3163 1127 3207 naturam
1172 3150 1389 3205 transiit
1415 3151 1616 3204 carnis.
1637 3149 1773 3215 Quia
1827 3164 1956 3204 vero
1983 3150 2055 3202 ait

2163 3159 2451 3228 ἀνέχεται’
2511 3157 2635 3210 οὔτε
2700 3157 2804 3226 μὴν
2864 3157 2892 3208 ὁ
2943 3155 3037 3208 τοῦ
3072 3153 3208 3208 Θεοῦ
3256 3155 3448 3222 Λόγος,
3497 3152 3560 3206 τὸ
3600 3149 3739 3206 εἶναι

488 3266 515 3300 a
549 3247 640 3300 Dei
693 3245 863 3300 forma
905 3252 1238 3311 assumptam
1281 3240 1424 3296 servi
1477 3240 1730 3303 formam,
1787 3240 1980 3293 doceat
2005 3241 2056 3293 in

490 3338 723 3390 medium
758 3334 1076 3402 procedens,
1110 3331 1154 3385 si
1196 3329 1398 3399 absque
1455 3329 1829 3384 subsistentiis
1854 3328 1980 3384 solae
2007 3340 2061 3382 et

489 3445 584 3497 per
619 3444 676 3481 se
701 3427 885 3480 formae
935 3435 1308 3479 convenerunt
1340 3423 1482 3477 inter
1515 3438 1595 3478 se.
1619 3421 1749 3485 Sed,
1783 3424 2057 3488 existimo,

489 3521 602 3578 ipse
631 3533 687 3570 se
709 3516 888 3570 statim
921 3523 1150 3569 evertet.
1174 3512 1289 3567 Non
1327 3514 1472 3567 enim
1501 3513 1883 3568 similitudines
1931 3513 2062 3567 sim~

489 3610 701 3677 pliciter
750 3623 852 3660 non
909 3605 1290 3670 subsistentes,
1355 3613 1408 3659 et
1449 3604 1633 3659 formae
1689 3612 2059 3660 convenerunt

489 3702 630 3756 inter
678 3716 736 3752 se
777 3715 872 3767 per
913 3698 1164 3752 unionem
1214 3698 1690 3766 dispensatoriam,
1725 3697 1819 3750 sed
1877 3711 2060 3751 rerum

488 3796 603 3849 sive
651 3792 1082 3847 substantiarum
1133 3805 1432 3846 concursus
1459 3798 1543 3846 est
1576 3790 1772 3856 factus,
1806 3801 1864 3844 ut
1897 3792 2060 3844 inlut-

490 3883 814 3940 manatiunis
844 3883 982 3936 ratio
1015 3896 1140 3937 vere
1173 3881 1316 3935 facta
1348 3881 1620 3936 credatur.
1649 3883 1789 3953 Ergo
1826 3884 1874 3936 si
1912 3884 2060 3937 dice-

487 3991 608 4028 mus
659 3989 875 4028 carnem
918 3972 1121 4027 factum
1181 3971 1445 4040 Verbum,
1502 3989 1606 4028 non
1661 3974 2054 4039 confusionem,

488 4081 594 4119 non
651 4065 956 4128 misturam,
1007 4078 1113 4118 non
1168 4065 1602 4126 conversionem,
1657 4074 1749 4117 aut
1810 4064 2062 4117 immuta-

489 4159 687 4211 tionem
717 4156 1009 4226 contigisse
1033 4153 1264 4209 dicimus
1294 4155 1437 4208 circa
1481 4155 1679 4224 ipsum,
1717 4155 1810 4210 sed
1849 4155 2057 4209 [initum

485 4251 663 4318 potius
723 4247 1067 4304 ineffabiliter
1116 4257 1169 4302 et
1206 4247 1642 4302 inenarrabiliter
1688 4249 1903 4317 corpori
1943 4249 2062 4300 ani-

486 4356 630 4394 mam
688 4341 906 4394 habenti
971 4339 1375 4395 intellectivatn.
1446 4341 1599 4407 Quod
1673 4349 1850 4395 autent
1920 4341 2058 4394 nniri

484 4433 701 4496 dicitttr,
726 4447 831 4486 non
867 4432 1048 4487 statim
1081 4431 1448 4496 confunditur,
1482 4432 1575 4486 sed
1613 4433 1790 4501 potius
1825 4436 2051 4488 alterum

484 4526 731 4579 assumit.
764 4523 1106 4578 Affirniamus
1150 4525 1309 4593 igitur
1346 4523 1607 4590 Verbum,
1641 4527 1783 4596 quod
1838 4543 1904 4581 ex
1946 4528 2055 4582 Deo

483 4617 644 4672 Patre
671 4626 774 4684 est,
811 4617 1170 4686 assumpsisse
1223 4627 1464 4671 sanctam
1501 4628 1555 4671 et
1593 4619 1892 4672 aniutatam
1931 4634 2054 4673 car-

487 4723 633 4768 nem,
690 4707 1006 4774 unitumque
1062 4706 1357 4759 secundum
1415 4707 1694 4759 veritatem
1751 4704 2054 4772 inconfuse,

485 4814 550 4852 ex
594 4807 749 4852 utero
782 4798 900 4866 ipso
955 4797 1284 4864 processisse
1338 4795 1637 4860 hominem,
1688 4799 2056 4864 permansisse

483 4896 662 4941 autem
712 4887 878 4940 etiam
907 4886 987 4939 sic
1015 4885 1181 4938 Deum
1231 4899 1417 4938 verum
1442 4883 1706 4952 :ideoque
1734 4892 1788 4937 et.
1816 4883 1910 4938 Dei
1949 4882 2056 4938 Ge—

483 4976 646 5030 nitrix
685 4984 770 5029 est
793 4987 980 5028 sancta
1018 4971 1204 5044 Virgo.
1238 4971 1585 5042 Superfluum
1614 4982 1795 5028 autem
1821 4974 2056 5028 arbitror

481 5068 817 5131 existimare,
885 5067 1122 5120 hominis
1171 5070 1332 5119 etiam
1387 5066 1705 5135 genitricem
1772 5079 1892 5118 eam
1946 5066 2051 5120 dici

482 5171 755 5231 oportere.
796 5158 926 5212 Nam
961 5160 1004 5213 si
1048 5159 1263 5226 quidem
1322 5167 1508 5212 essent
1558 5158 1725 5230 aliqui
1774 5174 1839 5214 ex
1889 5161 2054 5214 multa

405 5243 410 5248 ’
481 5253 697 5308 vesania
733 5254 992 5315 dicentes,
1047 5250 1140 5304 Dei
1191 5248 1350 5304 Verbi
1380 5260 1628 5305 naturam
1661 5251 1826 5307 veluti
1851 5251 2055 5307 fontem

481 5345 771 5414 quemdam
818 5355 868 5398 et
932 5344 1163 5413 prepriae
1211 5343 1543 5397 exsistentia:
1585 5343 1910 5413 principium
1955 5345 2056 5399 ha-

479 5433 662 5490 buisse
703 5450 959 5502 carnem;
989 5437 1126 5488 forte
1162 5434 1350 5488 fuisset
1390 5435 1570 5506 aliqua
1600 5451 1706 5490 non
1731 5439 1968 5492 absurda
2001 5449 2058 5493 et

481 5527 874 5582 contemnenda
925 5526 1063 5583 ratio
1095 5525 1424 5591 volentibus,
1457 5541 1578 5583 eam
1610 5529 1772 5583 etiam
1809 5529 2049 5586 hominis

2165 3253 2353 3324 μεθεὶς
2378 3254 2513 3321 ὅπερ
2539 3251 2705 3313 ἐστὶν,
2727 3252 2806 3312 εἰς
2828 3248 2924 3320 τήν
2955 3248 3054 3317 τῆς
3083 3245 3283 3317 σαρκὸς
3313 3243 3740 3315 μετακεχώρηκε

2163 3344 2344 3413 φύσιν.
2385 3341 2606 3412 Ἐπειδὴ
2635 3341 2691 3394 δέ
2721 3356 2875 3408 φησι,
2907 3336 3059 3408 παρά
3095 3335 3195 3405 τῆς
3222 3334 3318 3387 τοῦ
3352 3333 3488 3386 Θεοῦ
3523 3333 3740 3404 μορφῆς

2165 3436 2381 3506 μορφὴν
2417 3430 2792 3501 ἀναληφθῆναι
2838 3429 3046 3492 δούλου,
3087 3426 3383 3480 διδασκέτω
3430 3422 3736 3496 παρελθὼν,

2161 3527 2353 3597 εἰδίχα
2377 3524 2490 3578 τῶν
2522 3523 2875 3577 ὑποστάσεων
2932 3521 3092 3590 μόναι
3137 3519 3231 3573 καὶ
3275 3518 3399 3572 καθ’
3438 3517 3643 3580 ἑαυτὰς
3680 3517 3737 3569 αἱ

2166 3617 2374 3688 μορφαὶ
2415 3614 2677 3684 συνῆλθον
2707 3612 2985 3682 ἀλλήλαις.
3029 3611 3193 3676 Ἀλλ’,
3233 3605 3407 3681 οἶμαι,
3437 3609 3739 3664 καταϐαλεῖ

2163 3710 2256 3762 καὶ
2283 3707 2445 3770 αὐτὸς
2471 3705 2663 3760 ἑαυτὸν
2698 3705 2928 3757 αὐτόθεν
2996 3703 3056 3755 οὐ
3081 3703 3190 3771 γὰρ
3209 3702 3526 3772 ὁμοιότητες
3554 3699 3738 3763 ἁπλῶς

2161 3801 2549 3862 ἀνυπόστατοι,
2597 3798 2690 3850 καὶ
2732 3795 2941 3868 μορφαὶ
2987 3795 3289 3865 συνέδησαν
3324 3794 3585 3865 ἀλλήλαις
3616 3793 3738 3849 καθ’

2161 3894 2354 3946 ἕνωσιν
2383 3888 2753 3960 οἰκονομικὴν,
2773 3888 2908 3942 ἀλλά
2927 3887 3286 3960 πραγμάτων,
3309 3888 3476 3958 ήγουν
3505 3887 3739 3940 ὑποστά-

2164 4001 2301 4038 σεων
2333 3984 2523 4052 γέγονε
2551 3981 2790 4046 σύνοδος,
2829 3980 2917 4034 ἵνα
2947 3981 3042 4033 καὶ
3071 3981 3099 4032 ὁ
3139 3979 3240 4048 τῆς
3273 3979 3737 4050 ἐνανθρωπήσεως

2161 4077 2316 4143 λόγος
2337 4074 2550 4146 ἀληθῶς
2577 4070 2830 4141 γενέσθαι
2861 4070 3208 4142 πιστεύηται.
3251 4069 3460 4124 Οὐκοῦν
3486 4070 3534 4122 εί
3561 4068 3737 4136 λέγοι-

2164 4185 2264 4238 μεν
2307 4166 2484 4237 σάρκα
2526 4163 2780 4232 γενέσθαι
2827 4163 2919 4215 τὸν
2963 4162 3157 4230 Λόγον,
3214 4161 3275 4214 ού
3341 4159 3620 4231 σύγχυσιν,
3673 4160 3736 4212 οὐ

2161 4257 2397 4328 φυρμὸν,
2439 4255 2500 4309 ού
2530 4253 2757 4326 τροπὴν,
2797 4253 2899 4306 οὑκ
2938 4252 3221 4305 ἀλλοίωσιν
3284 4251 3558 4322 συμϐῆναι
3611 4252 3738 4320 περὶ

2160 4351 2321 4404 αὐτόν
2377 4366 2578 4420 φαμεν,
2632 4345 2872 4418 ἡνῶσθαι
2923 4345 2979 4397 δὲ
3035 4344 3235 4414 μᾶλλον
3288 4344 3582 4415 ἀφράστως
3643 4344 3737 4396 καὶ

2165 4441 2492 4510 ἀπορρήτοις
2548 4436 2760 4506 σώματι
2806 4434 2984 4505 ψυχὴν
3044 4435 3219 4505 ἔχοντι
3272 4435 3484 4506 νοεράν.
3545 4434 3620 4487 Τὸ
3679 4433 3735 4486 δὲ

2169 4531 2416 4586 ένοῦσθαι
2446 4529 2738 4598 λεγόμενον
2771 4527 2831 4580 οὐ
2866 4529 3147 4596 συγχεῖται
3191 4528 3426 4588 πάντως,
3460 4527 3519 4579 ἐν
3567 4541 3737 4596 προσ-

2163 4621 2322 4693 λήψει
2368 4620 2424 4673 δὲ
2475 4619 2674 4689 μᾶλλον
2731 4616 2916 4688 ἐτέρου
2977 4617 3206 4684 γίνεται.
3271 4615 3737 4685 Διαὸεσαιούμεθα

2162 4714 2340 4766 τοίνυν
2376 4712 2467 4765 τὸν
2514 4714 2578 4766 ὲκ
2628 4713 2763 4766 Θεοῦ
2810 4713 3024 4784 Πατρὺς
3069 4715 3261 4782 Λόγον,
3316 4715 3374 4766 ἐν
3433 4713 3737 4785 προσλήψει

2161 4805 2424 4874 γεγονότα
2459 4804 2560 4874 τῆς
2598 4805 2763 4873 ἁγίας
2810 4822 2868 4858 τε
2919 4806 3012 4859 καὶ
3049 4805 3294 4877 ἐμψύχου
3335 4806 3557 4876 σαρκὸς,
3607 4807 3739 4858 ένω-

2163 4897 2322 4951 θέντα
2350 4914 2409 4950 τε
2433 4897 2575 4950 κατά
2597 4896 2854 4967 ἀλήθειαν
2879 4897 3217 4966 ἀσυγχύτως,
3247 4901 3309 4951 ἐκ
3335 4899 3546 4968 μήτρας
3565 4897 3740 4965 αὐτῆς

2161 4988 2447 5059 προελθεῖν
2479 4988 2787 5058 ἄνθρωπον,
2826 4989 3191 5060 μεμενηκέναι
3237 4989 3292 5041 δὲ
3321 4991 3413 5041 καὶ
3439 4990 3580 5042 οὕτω
3604 4988 3738 5041 Θεὸν

2160 5079 2415 5150 ἀληθινόν
2434 5095 2447 5109 ⁸
2477 5078 2650 5150 ταύτῃ
2671 5096 2752 5132 τοι
2777 5079 2871 5132 καὶ
2899 5079 3159 5142 Θεοτόκος
3182 5080 3328 5132 ἐστὶν
3362 5082 3394 5150 ή
3430 5079 3558 5147 ἀγία
3588 5079 3739 5148 Παρ-

2161 5169 2334 5232 θένος.
2367 5170 2631 5240 Περιττὺν
2661 5170 2717 5222 δὲ
2739 5165 2892 5241 οἶμαι
2931 5170 2993 5223 τὸ
3034 5170 3144 5222 δεῖν
3166 5169 3371 5222 οἴεσθαι
3402 5171 3496 5223 καὶ
3525 5168 3738 5238 ἀνθρω-

2162 5263 2392 5317 ποτόκον
2436 5265 2612 5315 εἰπεῖν
2663 5263 2850 5331 αὐτὴν,
2903 5263 2965 5315 Εἰ
3016 5263 3117 5332 μὲν
3147 5261 3257 5333 γὰρ
3302 5257 3444 5332 ἦσάν
3490 5263 3635 5324 τινες
3672 5262 3736 5314 ἐκ

2159 5354 2361 5426 πολλῆς
2398 5354 2539 5422 ἄγαν
2566 5353 2987 5424 φρενοϐλαϐείας
3021 5352 3289 5421 λέγοντες,
3315 5351 3413 5424 τὴν
3442 5353 3536 5406 τοῦ
3559 5353 3734 5420 Λόγου

2160 5445 2343 5515 φύσιν,
2393 5446 2575 5516 πηγὴν
2606 5445 2798 5518 ὥσπερ
2827 5445 2970 5510 τινὰ,
3000 5445 3096 5498 καὶ
3133 5445 3231 5515 τῆς
3273 5444 3414 5508 ιδίας
3446 5444 3731 5516 ὑπάρξεως

2157 5537 2331 5609 ἀρχὴν
2376 5537 2668 5608 ἐσχηκέναι
2703 5537 2800 5608 τὴν
2833 5537 3032 5609 σάρκα,
3080 5537 3221 5607 τάχα
3253 5554 3334 5601 τις
3376 5532 3443 5608 ἦν
3485 5538 3583 5590 οὐκ
3622 5536 3732 5591 ἀπὸ

1539 5664 1718 5721 Variae
1755 5666 2017 5725 lectiones
2045 5687 2108 5726 ex
2146 5672 2333 5727 codice
2369 5673 2742 5743 Seguicrtano.

546 5807 576 5850 γ
605 5799 689 5852 la’.
718 5798 827 5853 ὅτε.
