4116 6332
326 477 432 535 597

900 470 1427 528 APOLOGETICUS
1467 469 1745 526 CONTRA
1788 467 2309 525 TIIEUDOBETUM
2352 470 2485 525 PRO
2526 469 2616 525 XII
2657 466 3040 526 CAPITIBUS.

3470 468 3577 525 398

334 591 539 646 σκοποῦ
569 593 664 644 καὶ
694 590 999 660 ἀπόϐλητος
1043 591 1199 658 λόγος
1232 594 1343 653 τοῖς
1383 592 1661 645 ἐθέλουσιν
1705 591 1903 660 ὀνομά-

2046 591 2327 646 enitriccm
2366 594 2631 647 nominari
2667 601 2937 663 oportere.
2976 591 3109 659 Quia
3142 606 3270 646 vero
3302 591 3581 645 abomina-

331 685 519 749 ζεσθαι
575 684 683 736 δεῖν
728 683 820 735 καὶ
866 682 1279 753 ἀνθρωποτόκον
1329 683 1517 753 αὑτήν.
1585 682 1800 752 Ἐπειδὴ
1848 681 1906 735 δὲ

337 774 566 844 βδελυρὰ
599 774 690 826 καὶ
717 772 1080 843 ἀπηχθημένη
1101 773 1250 843 παρά
1277 772 1440 827 πᾶσίν
1462 774 1610 826 ἐστιν
1632 773 1903 844 ἡτοιαύτη

335 866 485 931 δόξα,
514 868 716 918 νοεῖται
749 865 805 917 δέ
834 865 931 934 οὑχ
965 864 1167 935 ἑτέρως
1209 866 1473 928 Θεοτόκος
1511 868 1543 936 ἡ
1578 867 1708 934 ἀγία
1758 868 1905 937 [Iap-

346 957 523 1020 θένος,
554 958 603 1009 εἰ
640 957 714 1027 μὴ
748 956 1158 1028 παρεισδέξαιτό
1205 976 1287 1021 τις
1330 958 1427 1028 τὴν
1461 957 1641 1011 πίστιν
1669 958 1787 1023 τοῦ,
1825 961 1907 1012 ὅτι

337 1048 527 1116 γέγονε
556 1047 710 1118 σὰρξ,
739 1048 1014 1101 τουτέστιν
1045 1048 1347 1119 ἄνθρωπος,
1372 1051 1401 1102 ὁ
1430 1050 1495 1102 ἐκ
1521 1050 1654 1103 Θεοῦ
1696 1050 1908 1121 Πατρὸς

339 1142 506 1209 Λόγος
528 1158 542 1170 ’
575 1141 634 1194 οὐ
669 1142 778 1211 γάρ
801 1158 903 1195 που
930 1140 1160 1209 θεότητα
1187 1142 1418 1213 γυμνὴν,
1458 1143 1532 1205 ὡς
1572 1142 1730 1212 ἔφην,
1759 1142 1908 1195 ἐκτέ-

340 1249 496 1284 τοκεν
527 1233 558 1300 ἡ
587 1231 715 1299 ἁγία
748 1230 1021 1303 Παρθένος
1044 1248 1056 1259 ·
1100 1231 1153 1283 τί
1190 1229 1248 1283 τὸ
1276 1230 1375 1301 τῆς
1398 1232 1699 1295 ὲνστάσεως
1723 1230 1910 1299 ὄφελος

343 1321 449 1373 τῶν
495 1322 689 1391 χρῆναι
736 1320 1004 1388 λεγόντων
1043 1320 1405 1391 ὀνομάζεσθαι
1436 1322 1543 1374 δεῖν
1574 1322 1670 1376 καὶ
1699 1322 1911 1393 ἀνθρω-

346 1413 573 1466 ποτόκον
599 1414 767 1483 αὐτήν
788 1430 801 1479 ;
841 1413 1002 1475 Ἀλλ’,
1024 1413 1099 1476 ὼς
1121 1412 1314 1477 ἔοικεν,
1341 1413 1627 1485 ἐξεύρηταί
1646 1432 1696 1467 τι
1721 1414 1913 1483 πικρὸν

347 1504 526 1566 αὐτοῖς
554 1502 697 1557 κατά
727 1502 965 1574 Χριστοῦ
1000 1503 1350 1575 σκαιιὶῳημα.
1382 1505 1455 1557 Οὐ
1489 1508 1597 1575 γὰρ
1631 1505 1913 1574 ἀνέχονται

348 1598 586 1664 φρονεῖν,
639 1595 671 1664 ἦ
722 1594 903 1662 λέγειν
950 1595 1111 1648 αὑτὸν
1161 1595 1252 1648 τὸν
1306 1597 1369 1647 ἐκ
1416 1594 1549 1648 Θεοῦ
1579 1595 1674 1647 καὶ
1704 1596 1913 1665 Πατρὸς

349 1687 675 1758 προαιώνιον
721 1686 870 1751 Υίὸν,
916 1688 972 1739 ἐν
1012 1686 1260 1756 ἐσχάτοις
1310 1685 1403 1739 τοῦ
1444 1687 1639 1750 αἰῶνος
1681 1690 1914 1758 καιροῖς,

350 1778 688 1848 ἀσυγχύτως,
732 1779 1051 1849 ἀτρέπτως,
1094 1781 1157 1831 ἐκ
1188 1779 1404 1851 μήτρας
1447 1779 1710 1850 ἐνωθῆναι
1754 1781 1919 1850 σαρκὶ

348 1872 525 1942 ψυχὴν
554 1872 754 1941 ἐχούσῃ
779 1871 877 1942 τὴν
906 1870 1153 1941 λογικὴν,
1199 1870 1341 1923 οὕτω
1388 1887 1447 1923 τε
1502 1870 1753 1939 γενέσθαι
1794 1871 1916 1924 καθ’

2011 681 2137 736 bilis
2169 691 2224 737 et
2270 685 2455 740 odiosa
2488 685 2708 754 quidem
2750 686 2886 754 apud
2932 697 3123 738 omnes
3159 692 3241 738 est
3270 683 3579 753 huiusmodi

2012 772 2215 841 opinio,
2271 789 2446 843 neque
2489 774 2646 828 aliter
2705 774 3036 843 intelligitur,
3094 773 3188 827 Dei
3246 771 3579 828 Geuitricem

2013 880 2135 921 esse
2173 874 2417 921 sanctam
2454 866 2752 936 Virginem,
2794 866 2896 921 nisi
2949 866 3183 934 primum
3215 864 3338 933 quis
3369 863 3579 924 credat,

2015 956 2155 1026 quod
2190 956 2449 1020 Verbum,
2496 960 2640 1028 quod
2673 973 2740 1013 ex
2776 959 2885 1013 Deo
2924 957 3103 1020 Patre,
3142 955 3342 1011 factum
3384 955 3456 1010 sit
3488 970 3583 1009 σοι·

2017 1066 2099 1117 ro,
2151 1051 2254 1105 hoc
2277 1061 2361 1105 est
2396 1053 2555 1105 homo
2583 1051 2743 1121 207
2791 1051 2921 1119 (non
2948 1050 3093 1103 enim
3138 1058 3287 1103 certe
3330 1047 3584 1102 divinita-

2021 1154 2125 1198 tem
2156 1143 2376 1207 nudam,
2413 1143 2571 1197 sicuti
2604 1144 2735 1204 dixi,
2765 1144 2972 1210 peperit
3004 1149 3193 1196 sancta
3219 1138 3407 1210 Virgo)
3433 1153 3587 1207 ;quae

2018 1235 2283 1302 esthujus
2330 1235 2597 1288 instantia:
2628 1234 2850 1297 utilitas,
2883 1232 3443 1301 dicentiumoportere
3487 1246 3587 1284 no-

2021 1325 2214 1380 minari
2242 1340 2360 1380 eam
2387 1335 2439 1380 et
2467 1326 2701 1380 [nominis
2726 1324 3088 1394 genitricem?
3115 1323 3221 1379 Sed
3253 1325 3394 1380 sicut
3419 1339 3589 1394 appa-

2022 1428 2122 1485 ret,
2183 1419 2397 1473 inventa
2427 1420 2495 1474 ab
2521 1419 2600 1474 eis
2645 1429 2728 1474 est
2771 1430 2960 1473 contra
3016 1418 3293 1473 Christum
3318 1419 3589 1471 virulenta

2022 1511 2264 1579 quaadam
2322 1510 2677 1564 machinatio.
2728 1508 2843 1564 Non
2896 1511 3040 1565 enim
3090 1510 3372 1580 patiuntur
3398 1522 3592 1579 sapere

2023 1603 2105 1656 vel
2158 1603 2357 1667 dicere,
2394 1604 2591 1671 ipsum,
2626 1605 2719 1673 qui
2777 1616 2841 1657 ex
2894 1603 3001 1657 Deo
3047 1611 3101 1655 et
3141 1599 3304 1655 Patre
3337 1609 3421 1654 est
3467 1609 3593 1654 ante

2024 1692 2219 1748 saecula
2277 1691 2465 1755 Filius,
2529 1692 2582 1745 in
2649 1691 2963 1746 novissimis
3016 1690 3199 1745 smculi
3261 1688 3593 1759 temporibus

2026 1786 2331 1849 incoul'use,
2362 1785 2869 1851 inconvertibiliter,
2894 1801 2957 1840 ex
3013 1795 3167 1838 utero
3196 1785 3406 1837 unitum
3439 1782 3593 1837 carui

2030 1877 2263 1929 animam
2332 1875 2553 1929 habenti
2596 1874 2941 1939 rationalem,
2983 1873 3169 1943 sicque
3204 1872 3403 1927 factum
3444 1872 3597 1927 simi-

352 1965 498 2033 ἡμᾶς
548 1963 865 2033 ἅινθρωπον⁸
922 1962 1037 2016 ἀλλ’
1081 1962 1157 2025 ὡς
1197 1961 1291 2014 ἕνα
1348 1961 1457 2015 τῶν
1499 1963 1669 2031 ἁγίων
1717 1962 1923 2017 ἐνοικον

2044 1980 2127 2019 em
2162 1963 2317 2018 nobis
2352 1966 2669 2019 hominem:
2704 1965 2820 2028 sed,
2870 1972 3127 2031 tanquam
3162 1976 3327 2016 unum
3371 1970 3596 2015 sancto-

354 2054 545 2124 ἔχοντα
581 2054 713 2107 Θεὸν
757 2054 1138 2125 διακηρύττειν
1179 2053 1509 2121 ἐπείγονται,
1565 2056 1658 2108 καὶ
1711 2056 1926 2124 φρονεῖν

354 2146 763 2209 ἀναπείθουσιν,
794 2147 894 2199 οὐκ
941 2144 1267 2208 ἐννοοῦντες,
1303 2146 1386 2198 ὅτι
1414 2147 1505 2199 καὶ
1550 2148 1609 2200 ἐν
1650 2148 1781 2217 ἡμῖν
1811 2146 1927 2200 ἐστι

355 2237 443 2290 διὰ
469 2237 562 2290 τοῦ
598 2236 941 2307 Πνεύματος,
974 2236 1049 2300 ὡς
1081 2236 1139 2289 ἐν
1176 2236 1354 2304 ἁγίοις
1392 2240 1561 2301 ναοῖς,
1590 2238 1617 2290 ὁ
1650 2238 1756 2290 τῶν
1793 2239 1929 2291 ὅλων

357 2330 508 2392 Θεός.
545 2329 861 2399 Γέγραπται
904 2328 1034 2399 γὰρ,
1090 2331 1176 2383 ὅτι
1234 2330 1385 2383 (Οὐκ
1424 2329 1630 2393 οἴδατε,
1673 2331 1754 2384 ὅτι
1804 2331 1931 2394 ναὸς

359 2422 496 2475 Θεοῦ
525 2424 667 2487 ἐστε,
704 2423 796 2475 καὶ
829 2424 889 2474 τὸ
916 2423 1141 2493 Πνεῦμα
1180 2421 1274 2475 τοῦ
1314 2422 1449 2475 Θεοῦ
1485 2425 1625 2475 οἰκεῖ
1661 2424 1720 2475 ἐν
1766 2424 1928 2492 ὑμῖν;

362 2513 428 2565 Εἴ
445 2530 527 2577 τις
555 2508 648 2567 οὖν
678 2513 769 2565 τὸν
796 2514 922 2567 ναὸν
952 2515 1045 2566 τοῦ
1078 2514 1212 2567 Θεοῦ
1238 2514 1457 2584 φθείρῃ,
1488 2512 1679 2583 φθερεῖ
1703 2513 1887 2566 τοῦτον
1907 2516 1935 2565 ὁ

361 2604 493 2667 Θεός
514 2621 527 2636 ⁸
555 2607 584 2658 ὁ
608 2605 719 2675 γὰρ
752 2606 877 2669 ναὸς
902 2607 993 2659 τοῦ
1018 2606 1154 2659 Θεοῦ
1182 2608 1336 2675 ἅγιός
1360 2608 1527 2671 ἐστιν,
1564 2607 1619 2659 οἵ
1644 2607 1785 2670 τινές
1812 2609 1935 2657 ἐστε

364 2697 542 2766 ὑμεῖς.
577 2715 593 2746 ι
644 2697 779 2748 Ἀλλ’
821 2698 869 2749 εἰ
904 2698 996 2749 καὶ
1028 2696 1394 2767 ὼνομάσμεθα
1442 2697 1561 2749 ναοὶ
1608 2695 1765 2760 Θεοῦ,
1806 2696 1937 2748 Θεὸν

364 2784 577 2855 ἔχοντες
600 2785 690 2837 τὸν
708 2785 1018 2839 ἐνοικοῦντα
1038 2785 1125 2838 διὰ
1143 2785 1237 2838 τοῦ
1260 2784 1399 2837 Πνεύ
1409 2802 1598 2855 ματος,
1614 2784 1728 2837 ἀλλ’
1752 2785 1839 2837 ἓτε
1850 2802 1937 2853 ρον

368 2879 528 2949 ἴσμεν
586 2880 680 2934 τοῦ
730 2880 871 2934 κατὰ
910 2883 1145 2951 Χριστὸν
1202 2881 1503 2952 μυστηρίου
1557 2880 1648 2933 τὸν
1703 2880 1936 2950 τρόπον·

368 2972 608 3041 ἡνῶσθαι
636 2973 744 3041 γὰρ
773 2973 848 3041 τῷ
873 2972 991 3042 Θεῷ
1019 2974 1175 3044 Λόγῳ
1193 2974 1334 3026 κατά
1359 2972 1617 3043 ἀλήθειαν
1640 2972 1737 3042 τὴν
1766 2973 1944 3043 σάρκα

370 3061 570 3131 φαμὲν,
617 3062 795 3132 ψυχῆς
850 3063 1093 3132 δηλονότι
1121 3064 1219 3133 τῆς
1246 3064 1468 3132 λογικῆς
1514 3064 1738 3134 ἐνούσης
1781 3065 1939 3131 αὐτῇ.

384 3152 693 3223 Ἐπυθόμην
725 3153 769 3206 δ’
787 3154 853 3207 ἂν
880 3153 1050 3225 ἡδέως
1078 3154 1241 3207 αὑτοῦ
1264 3172 1277 3185 ·
1310 3155 1513 3225 πότερα
1546 3154 1609 3225 δὴ
1632 3154 1728 3225 τὴν
1752 3155 1944 3207 ἕνωσιν

2029 2071 2168 2122 rum,
2223 2055 2616 2110 inhabitantem
2645 2054 2901 2109 habuisse
2954 2053 3124 2107 Deum
3179 2053 3478 2121 praedicare
3504 2066 3597 2105 co-

2027 2158 2246 2214 nantur,
2279 2148 2464 2203 ethoc
2503 2148 2842 2202 sentiendum
2898 2146 3151 2209 suadent,
3196 2160 3302 2200 non
3349 2142 3600 2198 conside-

2031 2250 2238 2304 rantes,
2291 2239 2433 2309 quod
2468 2248 2522 2294 et
2557 2241 2609 2293 in
2642 2239 2799 2294 nobis
2862 2249 2946 2292 est
3006 2252 3103 2306 per
3146 2236 3428 2306 Spiritum,
3461 2234 3600 2289 sicut

2033 2331 2085 2384 in
2123 2331 2328 2385 sanctis
2386 2330 2618 2398 templis,
2670 2327 2911 2383 omnium
2968 2327 3130 2380 Deus.
3192 2326 3465 2395 Scriptum
3520 2333 3603 2377 est

2034 2425 2176 2479 enim
2208 2447 2219 2478 :
2257 2443 2275 2475 ι
2314 2421 2566 2486 Nescitis,
2595 2420 2721 2489 quia
2754 2419 3011 2488 templum
3051 2418 3141 2472 Dei
3172 2418 3324 2482 estis,
3348 2426 3402 2471 et
3425 2415 3601 2487 Spiri-

2038 2526 2123 2570 tus
2152 2516 2243 2570 Dei
2274 2514 2482 2569 habitat
2532 2514 2584 2567 in
2640 2512 2847 2567 vobis?
2898 2512 2953 2566 Si
2983 2511 3105 2579 quis
3152 2524 3282 2580 ergo
3343 2509 3603 2576 templum

2040 2607 2130 2660 Dei
2184 2605 2509 2675 corruperit,
2562 2613 2877 2673 corrumpet
2933 2602 3082 2657 illum
3126 2600 3311 2655 Deus:
3348 2598 3605 2669 templqu

2038 2698 2182 2751 enim
2203 2698 2295 2751 Dei
2329 2707 2574 2751 sanetum
2600 2705 2705 2759 est,
2731 2697 2873 2763 quod
2904 2694 3037 2749 estis
3062 2708 3159 2749 vos
3185 2694 3252 2747 ⁷⁸.
3291 2710 3308 2743 ο
3346 2690 3452 2747 Sed
3484 2690 3611 2745 licet

2043 2790 2387 2843 nominemur
2422 2788 2620 2857 templa
2658 2787 2774 2851 Dei,
2808 2802 2930 2841 cum
2966 2786 3132 2841 Deum
3175 2785 3473 2840 habeamus
3526 2784 3610 2836 in-

2044 2882 2379 2935 habitantem
2411 2896 2507 2949 per
2562 2880 2862 2949 Spiritum;
2899 2888 3137 2932 attamen
3193 2878 3422 2932 alterum
3454 2877 3612 2930 novi-

2045 2989 2163 3027 mus
2213 2973 2428 3026 modum
2456 2969 2783 3025 sacramenti
2813 2970 3106 3023 secundum
3137 2966 3433 3022 Christum.
3472 2965 3615 3021 Vere

2044 3065 2190 3119 enim
2251 3063 2455 3117 unitam
2511 3076 2633 3117 esse
2684 3060 2795 3115 Deo
2828 3060 3011 3115 Verbo
3047 3074 3263 3113 carnem
3296 3058 3612 3124 asserimus,

2048 3154 2225 3206 anima
2276 3153 2466 3222 utique
2511 3150 2761 3206 rationali
2809 3150 3113 3219 praeditam.
3149 3148 3407 3203 Libenter
3433 3160 3614 3203 autem

372 3240 465 3294 τοῦ
494 3242 673 3311 Λόγου
713 3244 848 3315 πρὸς
878 3244 938 3296 τὸ
970 3244 1333 3315 ἀνθρώπινον,
1389 3246 1556 3315 ἤγουν
1583 3244 1679 3315 τὴν
1717 3245 1853 3314 πρὸς
1884 3245 1936 3297 τί

2049 3259 2171 3297 eum
2223 3252 2596 3313 percontarer,
2629 3252 2812 3295 utrum
2852 3242 3102 3295 unionem
3134 3240 3294 3295 Verbi
3325 3240 3391 3295 ad
3422 3242 3615 3296 huma-

373 3333 526 3400 ἅγιον
563 3334 742 3404 σῶμα,
795 3334 857 3387 τὸ
905 3335 999 3388 καὶ
1058 3335 1304 3404 ψυχωθὲν
1355 3336 1578 3405 νοερῶς,
1632 3335 1946 3405 πεπρᾶχθαί

375 3441 538 3493 φησιν
574 3426 714 3477 κατὰ
738 3424 1015 3495 ἀλήθειαν,
1048 3427 1080 3497 ἢ
1128 3429 1244 3488 τοῖς
1271 3427 1452 3491 ἄλλοις
1479 3426 1615 3496 ὁμοῦ
1660 3428 1755 3478 καὶ
1786 3426 1948 3489 αὐτὸς

374 3516 518 3569 κατά
556 3516 848 3585 συνάφειαν
882 3519 1134 3588 σχετικὴν
1163 3518 1563 3590 δουλοπρεποῦς
1605 3521 1697 3572 καί
1745 3523 1947 3573 ἀνυπο-

379 3606 574 3661 στάτου
608 3610 823 3679 μορφῆς
850 3612 987 3680 πρὸς
1014 3611 1379 3664 ἐνυπόστατον
1408 3614 1501 3665 καὶ
1531 3612 1680 3666 θείαν
1713 3614 1947 3684 μορφὴν,

378 3698 410 3767 ἣ
443 3698 562 3752 καθ’
596 3701 784 3771 ἕτερον
813 3700 1034 3771 τρόπον,
1071 3703 1211 3755 κατὰ
1251 3704 1418 3775 μόνην
1446 3705 1545 3774 τῆς
1576 3706 1821 3775 υἱότητος
1854 3706 1951 3776 τὴν

379 3790 716 3861 ὁμιοινυμίαν,
741 3793 835 3844 καὶ
863 3793 1001 3845 κατά
1027 3794 1125 3863 τὴν
1158 3804 1180 3831 ι
1215 3796 1434 3865 ἰσότητα
1462 3798 1571 3851 τῶν
1598 3798 1950 3869 ἀξιωμάτων;

380 3883 536 3952 εἴπερ
563 3900 646 3946 τις
675 3883 834 3938 ἄλλος
862 3896 889 3924 ι
923 3886 1219 3954 συναφείας
1268 3890 1449 3942 οὑτοσὶ
1488 3893 1687 3944 νοεῖται
1729 3893 1949 3963 τρόπος.

394 3973 554 4027 Ἀλλά
582 3978 711 4046 γὰρ,
743 3976 818 4039 ὡς
850 3976 1015 4043 ἔοικε,
1047 3980 1363 4049 παρενοχλῶ
1402 3981 1609 4051 μάτην·
1649 3984 1953 4054 πεποίημαι

383 4067 438 4119 δὲ
463 4066 730 4136 περιττῶς
759 4068 857 4139 τὴν
880 4068 1095 4132 πεῦσιν,
1125 4070 1263 4141 ἔχων
1292 4071 1457 4125 αὐτοῦ
1488 4073 1671 4142 φωνὰς
1698 4074 1791 4127 καὶ
1811 4074 1952 4143 σαφῆ

383 4160 480 4229 τὴν
508 4159 818 4230 ὁμολογίαν.
875 4160 963 4213 Ἐν
999 4162 1108 4233 γάρ
1163 4179 1247 4215 τοι
1298 4161 1375 4234 τῷ
1425 4164 1625 4236 πρώτῳ
1675 4167 1954 4235 κεφαλαίῳ

385 4253 565 4323 φησὶν.
602 4251 790 4314 αὑταῖς
840 4251 1051 4318 λέξεσιν
1112 4246 1249 4307 ὦδε’
1306 4256 1402 4307 Διά
1451 4257 1608 4309 τοῦτο
1656 4257 1717 4308 τὸ
1770 4258 1954 4327 τεχθὲν

389 4341 586 4413 βρέφος
646 4342 1109 4413 προσαγορεύεται
1176 4346 1561 4419 Ἐμμανουήλ,
1632 4348 1755 4402 οὔτε
1823 4350 1955 4414 Θεὸς

386 4429 731 4499 ἀνθρωπείας
778 4430 1184 4499 κεχωρισμένος
1227 4432 1470 4501 φύσεως,
1510 4433 1634 4487 οὔτε
1669 4436 1954 4507 ἄνθρωπος

389 4519 811 4589 γεγυμνωμένος
837 4519 1107 4591 θεότητος.
1136 4522 1281 4575 Ἔδει
1307 4524 1408 4593 μὲν
1433 4521 1527 4579 οὖν
1556 4525 1718 4579 αὐτὸν
1750 4528 1953 4599 ἀκριϐῆ

2056 3333 2305 3397 nitatem,
2332 3334 2446 3388 sive
2477 3336 2541 3387 ad
2574 3344 2821 3388 sanctum
2865 3346 3063 3403 corpus
3112 3334 3408 3388 animatum
3459 3333 3620 3390 intelo

2051 3423 2244 3479 iectiva
2290 3426 2492 3490 anima,
2534 3441 2661 3479 vere
2698 3424 2890 3479 factam
2925 3425 3091 3491 dicat,
3122 3440 3190 3480 an
3219 3440 3342 3480 cum
3383 3425 3506 3482 aliis
3545 3428 3620 3482 si-

2053 3517 2162 3570 mul
2199 3526 2253 3572 et
2297 3518 2409 3585 ipse
2466 3518 2633 3580 dicat,
2690 3519 2989 3572 secundum
3033 3517 3450 3587 copulationem,
3501 3534 3623 3589 quae

2054 3624 2149 3678 per
2201 3610 2571 3665 ltubitudiucm
2614 3618 2718 3675 est,
2772 3610 2990 3665 servilis
3020 3619 3073 3664 et
3119 3623 3222 3663 non
3273 3608 3623 3665 subsistentis

2052 3703 2241 3759 forma:
2301 3706 2363 3756 ad
2420 3704 2809 3758 subsistentem
2865 3714 2916 3757 et
2961 3702 3197 3757 divinam
3229 3700 3625 3770 formam;aut

2055 3797 2165 3849 alio
2202 3796 2384 3861 modo,
2433 3796 2731 3849 secundum
2781 3793 2948 3848 solam
2988 3794 3266 3847 liliat‘iouis
3315 3794 3623 3861 aequivoca-

2059 3889 2281 3949 tionem,
2341 3897 2396 3940 et
2419 3886 2719 3941 secundum
2756 3885 3122 3954 aequalitatem
3165 3886 3487 3955 dignitatum
3518 3886 3542 3938 ῖ
3579 3888 3623 3939 si

2060 3990 2237 4033 tamen
2296 3979 2382 4032 hic
2446 3993 2567 4032 esse
2600 3978 2822 4033 omnino
2852 3977 3219 4047 copuiationis
3245 3980 3434 4033 modus
3466 3978 3626 4033 intel-

2058 4069 2262 4138 ligitur.
2290 4067 2398 4121 Sed
2449 4068 2616 4129 enim,
2649 4068 2795 4121 sicut
2833 4074 3078 4135 apparet,
3135 4066 3336 4120 l'rustra
3366 4065 3626 4120 molestus

2058 4177 2199 4225 sum,
2233 4170 2287 4213 et
2324 4158 2804 4228 interrOgationem
2852 4156 3181 4227 superﬂuam
3226 4157 3386 4218 facio,
3418 4156 3627 4212 habens

2057 4252 2172 4321 ejus
2225 4266 2386 4305 voces
2438 4260 2789 4319 apertamque
2840 4249 3259 4305 confessionem.
3325 4249 3383 4303 In
3450 4251 3628 4320 primo

2060 4356 2297 4411 namque
2352 4340 2589 4410 capitqu
2641 4340 2775 4410 ipsis
2828 4340 3010 4395 verbis
3057 4339 3139 4395 sic
3175 4341 3294 4394 ait:
3332 4337 3626 4408 Pr0pterea

2062 4444 2220 4489 natus
2243 4432 2422 4487 infans
2466 4431 2784 4487 Emmanuel
2816 4431 3142 4503 appellatur,
3174 4444 3350 4500 neque
3382 4430 3523 4485 Deus
3564 4432 3630 4485 ab

2062 4524 2299 4578 humana
2339 4531 2536 4576 natura
2592 4534 2900 4592 separatus,
2947 4536 3123 4591 neque
3159 4524 3320 4577 homo
3350 4521 3631 4576 divinitate

392 4613 483 4664 καὶ
532 4612 957 4686 τετορνευμένην
998 4614 1099 4683 τὴν
1152 4617 1277 4685 περί
1320 4634 1383 4685 γε
1431 4619 1636 4672 τούτων
1680 4622 1936 4691 ἀφήγησι·

2066 4616 2315 4670 nudatus.
2376 4612 2673 4684 Oportebat
2728 4628 2881 4677 sane,
2930 4627 3054 4667 eum
3102 4620 3409 4667 accuratam
3448 4620 3503 4666 et
3534 4626 3631 4666 ex-

391 4703 662 4757 ποιεῖσθαι
691 4704 886 4774 φιλεῖν.
947 4706 1092 4776 Πλὴν
1136 4707 1312 4762 ἐκεῖνο
1352 4710 1488 4774 τέως
1521 4712 1963 4783 ἐπισημήνασθαι

393 4795 499 4865 χρὴ
529 4812 542 4824 ·
574 4795 682 4849 ἰδοὺ
714 4794 820 4867 γὰρ
846 4796 1034 4850 ἐνθάδε
1069 4798 1161 4851 καὶ
1190 4800 1335 4869 μάλα
1372 4802 1559 4870 σαφῶς
1590 4803 1963 4873 διερμηνεύων

391 4885 550 4947 αὐτὸς
569 4885 666 4956 τὴν
692 4886 904 4951 ἕνωσιν,
937 4886 1148 4956 φύσεως
1174 4889 1520 4961 ἀνθρωπίνης
1551 4892 1610 4944 οὐ
1636 4894 1965 4963 κεχωρίσθαι

394 4979 529 5048 φησὶ
564 4977 656 5030 τὸν
688 4977 819 5031 Θεόν
840 4995 852 5006 ·
901 4979 1297 5049 προσομολογεῖ
1333 4980 1410 5045 δὲ,
1459 4982 1540 5033 ὅτι
1576 4984 1670 5035 καὶ
1705 4983 1800 5036 ἕνα
1845 4982 1966 5036 καθ’

393 5071 587 5123 ἕνωσιν
636 5070 983 5141 οἰκονομικὴν
1032 5068 1169 5124 οἶδεν
1222 5073 1349 5125 ὄντα
1408 5074 1500 5126 τὸν
1551 5075 1806 5145 Χριστὸν,
1869 5076 1961 5128 τὸν

395 5162 555 5215 αὑτὸν
577 5161 820 5231 δηλονότι
836 5161 967 5215 Θεόν
986 5181 1044 5216 τε
1063 5163 1197 5234 ὁμοῦ
1228 5165 1321 5218 καὶ
1350 5164 1655 5236 ἄνθρωπον.
1684 5163 1818 5220 Εἶτα
1847 5166 1963 5231 πῶς

394 5254 493 5306 οὐκ
525 5254 773 5326 ἐρυθριᾷ,
805 5259 915 5319 τοῖς
948 5257 1081 5327 παρ’
1122 5258 1278 5328 ἡμῶν
1305 5259 1586 5326 γεγονόσιν
1615 5259 1965 5331 ἐπιπλήττων

394 5347 571 5414 λόγοις
584 5366 598 5413 ;

470 5593 518 5625 ’⁸
546 5592 563 5647 1
590 5593 714 5648 Cor.
754 5607 834 5659 ιιι,
868 5594 1068 5659 16,17.

2064 4716 2241 4762 actam
2292 4706 2721 4775 explanationem
2746 4705 2832 4760 his
2859 4706 2926 4760 dc
2963 4706 3123 4760 rebus
3154 4702 3385 4760 edicere.
3414 4704 3634 4759 Verum-

2066 4810 2249 4853 tamen
2313 4797 2443 4852 illud
2513 4796 2727 4851 interim
2806 4798 3099 4851 observare
3174 4796 3470 4851 convenit:
3508 4811 3636 4851 ecce

2067 4891 2214 4945 enim
2274 4889 2377 4946 hoc
2404 4890 2522 4944 loco
2554 4900 2609 4944 et
2654 4889 2871 4959 quidem
2931 4889 3077 4943 clare
3125 4887 3489 4954 interpretans
3524 4888 3638 4957 ipse

2073 4981 2350 5048 unionem,
2378 4981 2447 5035 ab
2477 4982 2709 5035 humana
2737 4990 2928 5035 natura
2954 4996 3059 5035 non
3109 4989 3417 5050 separatum
3473 4979 3639 5034 fuisse

2070 5073 2202 5130 dicit
2223 5073 2391 5129 Deum
2423 5089 2438 5138 ;
2470 5073 2629 5127 simul
2663 5074 2827 5127 etiam
2866 5072 3154 5128 conﬁtetur
3195 5072 3319 5142 quia
3360 5080 3415 5126 et
3476 5088 3639 5125 unum

2070 5165 2368 5221 secundum
2409 5165 2663 5220 unionem
2700 5163 3150 5235 dispensatoriam
3186 5164 3337 5217 novit
3375 5163 3642 5217 exsistere

2072 5258 2377 5321 Christum,
2431 5259 2679 5313 eumdem
2711 5257 2966 5313 videlicet
2989 5267 3045 5311 et
3076 5256 3241 5310 Deum
3270 5256 3426 5309 simul
3458 5265 3511 5309 et
3543 5256 3640 5308 lin-

2078 5351 2299 5407 minem.
2349 5352 2513 5423 208
2560 5351 2845 5419 Quomodo
2893 5365 3023 5419 ergo
3062 5365 3165 5404 non
3193 5348 3485 5416 erubescit,
3515 5350 3641 5401 dmn

2077 5459 2162 5511 ea,
2190 5460 2310 5515 qua:
2342 5446 2602 5511 diximus,
2629 5444 3017 5516 reprehendit?

1457 5710 1629 5769 Varim
1662 5714 1919 5772 lectiones
1949 5729 2015 5771 ex
2042 5716 2225 5773 codice
2258 5714 2610 5785 Seguieriauo

485 5895 509 5927 ⁸
534 5888 701 5962 μόνην
734 5891 850 5964 τὴν.
928 5892 952 5920 ⁸
978 5890 1133 5955 ὅλως.
