4116 6332
464 378 571 433 599

875 483 1516 542 ANA'I‘HEMATISMUS
1553 484 1613 538 ll.

536 603 593 655 Si
635 601 755 669 quis
787 614 892 651 non
948 596 1261 659 confitetur,
1290 594 1382 649 Dei
1417 595 1593 647 Patris
1616 594 1853 648 Verbum
1888 593 2038 646 carni

466 694 762 748 secundum
811 689 1129 759 bypostasin
1190 688 1422 749 nnitmn,
1475 700 1745 755 unumque
1784 701 1887 739 una
1917 700 2038 739 cum

466 801 562 841 sua
596 797 757 838 carne
782 795 902 835 esse
966 779 1269 841 Christum,
1306 776 1556 831 eumdem
1592 777 1846 830 nimirum
1871 776 2037 830 Deum

466 877 625 933 simul
660 885 713 931 et
759 874 1071 936 hominem;
1106 875 1393 925 anathema
1429 871 1521 924 sit.

901 1009 1215 1063 Theodomi
1258 1011 1605 1075 reprehensio.

566 1128 739 1181 Unum
799 1123 1016 1192 quidem
1087 1121 1364 1176 Christum
1429 1120 1778 1181 confitemur,
1833 1120 2040 1174 sanctis

466 1220 834 1291 apostolorum
868 1213 1131 1269 doctrinis
1170 1212 1475 1278 credentes,
1529 1213 1887 1281 eumdemque
1918 1227 2044 1281 pro-

469 1327 587 1385 pter
643 1313 901 1367 unionem
942 1320 999 1365 et
1041 1310 1205 1363 Deum
1240 1317 1296 1361 et
1346 1307 1620 1361 hominem
1674 1306 2043 1371 nominamus,

468 1404 765 1461 secundum
826 1400 1146 1473 hypostasin
1186 1413 1315 1453 vero
1370 1398 1624 1452 unionem
1664 1396 1840 1451 modis
1868 1397 2045 1450 omni-

470 1499 567 1550 bus
600 1498 933 1565 ignoramus,
979 1501 1238 1561 tanquam
1273 1490 1610 1559 peregrinam
1647 1498 1700 1542 et
1742 1488 1970 1542 alienam
2013 1504 2042 1540 a

476 1588 677 1641 divinis
715 1585 1035 1655 Scripturis,
1069 1593 1123 1638 et
1164 1581 1419 1637 l’atribus
1456 1582 1544 1650 qui
1572 1596 1665 1635 eas
1708 1580 2045 1649 interpretati

471 1690 616 1733 sunt.
654 1678 709 1732 Si
736 1688 912 1731 autem
943 1690 1038 1744 per
1096 1676 1350 1727 unionem
1403 1672 1700 1727 secundum
1748 1671 2047 1727 subsisten-

473 1770 601 1823 tiam
635 1768 738 1821 hoc
775 1766 887 1819 vult
912 1766 1093 1819 dicere
1133 1764 1179 1818 is
1216 1778 1243 1816 a
1278 1779 1384 1831 quo
1434 1765 1548 1818 haec
1578 1772 1695 1817 orta
1726 1772 1873 1825 sunt,
1906 1760 2045 1830 quod

1463 370 1520 425 S.
1563 369 1839 426 CYRILLI
1882 369 2349 428 ALEXANDRINI
2389 372 2712 430 ARCIHEP.

3613 379 3717 432 4ου

2583 486 3173 542 ΑΝΑΘΕΜΛΤΙΣΜΟΣ
3211 489 3283 543 B’.

2212 597 2280 650 Εἴ
2308 614 2391 659 τις
2425 598 2523 667 οὑχ
2549 599 2805 669 ὁμολογεί
2827 602 2994 671 σαρκὶ
3019 604 3140 657 καθ’
3159 606 3459 658 ὑπόστασιν
3479 604 3717 675 ἡνῶσθαι

2141 692 2233 744 τὸν
2279 693 2342 744 ἐκ
2389 691 2524 745 Θεοῦ
2570 692 2784 764 Πατρὸς
2837 695 3029 763 Λόγον,
3066 696 3161 749 ἕνα
3209 714 3266 749 τε
3303 693 3440 749 εἶναι
3485 697 3719 768 Χριστὸν

2145 784 2285 854 μετά
2334 788 2433 855 τῆς
2488 786 2624 850 ἰδίας
2668 786 2888 856 σαρκὸς,
2918 788 3009 841 τὸν
3040 787 3202 841 αὑτὸν
3232 789 3472 858 δηλονότι
3501 788 3633 842 Θεόν
3659 806 3718 840 τε

2143 876 2279 946 ὁμοῦ
2341 878 2433 929 καὶ
2466 877 2785 948 ἄνθρωπον·
2819 879 3070 948 ἀνάθεμα
3101 878 3260 934 ἔστω.

2550 1012 2928 1081 Θεοδωρήτου
2968 1014 3296 1081 ἀνατροπὴ.

2218 1124 2353 1177 "Eva
2410 1124 2509 1193 μὲν
2557 1126 2793 1196 Χριστὸν
2836 1125 3228 1196 ὁμολογοῦμεν,
3262 1129 3379 1189 ταῖς
3410 1124 3581 1189 θείαις
3613 1127 3722 1179 τῶν

2145 1217 2459 1270 ἀποστόλων
2490 1217 2859 1281 διδασκαλίαις
2888 1219 3199 1288 πειθόμενοι
3219 1219 3245 1257 b
3267 1236 3279 1247 ·
3312 1218 3405 1271 καὶ
3441 1218 3531 1271 τὸν
3561 1220 3721 1273 αὐτὸν

2145 1306 2235 1359 διὰ
2258 1308 2355 1377 τὴν
2376 1306 2573 1360 ἕνωσιν
2604 1307 2735 1360 Θεόν
2764 1325 2821 1361 τε
2859 1309 2952 1361 καὶ
2976 1318 2997 1346 ο
3037 1307 3322 1379 ἄνθρωπον
3358 1309 3719 1378 ὀνομάζομεν·

2145 1399 2246 1469 τὴν
2294 1399 2352 1451 δὲ
2399 1399 2522 1452 καθ’
2555 1399 2851 1453 ὑπόστασιν
2898 1399 3094 1453 ἕνωσιν
3127 1400 3471 1453 παντάπασιν
3496 1399 3723 1468 ἀγνοοῦ-

2152 1508 2269 1560 μεν,
2312 1491 2386 1554 ὡς
2438 1490 2595 1560 ξένην
2633 1492 2726 1543 καὶ
2771 1490 3065 1560 ἀλλόφυλον
3110 1490 3217 1544 τῶν
3269 1492 3428 1544 θείων
3468 1491 3719 1561 Γραφῶν,

2148 1582 2243 1634 καὶ
2272 1581 2380 1634 τῶν
2406 1582 2609 1645 ταύτας
2640 1583 3065 1653 ἡρμηνευκότων
3098 1584 3376 1653 Πατέρων.
3398 1584 3459 1635 Εἰ
3480 1583 3536 1637 δὲ
3568 1583 3723 1636 τοῦτο

2151 1672 2401 1743 βούλεται
2434 1671 2613 1741 λέγειν
2643 1672 2731 1726 διὰ
2769 1673 2868 1743 τῆς
2915 1672 3035 1726 καθ’
3068 1674 3364 1728 ὑπόστασιν
3409 1673 3652 1737 ὲνὼσεως
3695 1686 3724 1727 ο

2148 1763 2317 1816 ταῦτα
2362 1764 2662 1833 γεννήσας,
2708 1762 2783 1827 ῶς
2840 1765 3035 1833 κρᾶσις
3086 1764 3285 1837 σαρκὸς
3334 1764 3426 1816 καὶ
3473 1764 3723 1834 θεότητος

474 1868 957 1927 temperamentum
1019 1859 1202 1911 carnis
1249 1866 1303 1911 et
1352 1854 1656 1909 divinitatis
1697 1854 1767 1907 sit
1820 1852 2044 1913 factum,

2151 1855 2391 1923 γέγονεν,
2428 1853 2762 1925 ἀντεροῦμεν
2811 1856 2908 1908 σὺν
2954 1854 3103 1926 πάσῃ
3153 1854 3450 1926 προθυμίᾳ,
3492 1854 3585 1906 καὶ
3626 1854 3724 1923 τὴν

473 1952 910 2005 Contradicemus
954 1950 1100 2003 omni
1144 1965 1265 2004 cum
1320 1947 1624 2009 alacritate,
1662 1956 1717 2001 et
1758 1946 2046 2015 redargue-

476 2056 594 2093 mus
620 2038 1035 2106 blasphemiam.
1092 2036 1321 2091 Necesse
1376 2037 1519 2091 enim
1568 2045 1653 2090 est
1682 2037 1747 2088 ad
1778 2045 2047 2103 tempera-

475 2143 712 2187 mentum
746 2132 897 2199 sequi
942 2128 1316 2184 confusionem
1346 2144 1361 2193 ;
1392 2129 1745 2197 ingressaque
1799 2126 2047 2180 confusio

474 2225 651 2278 aufert
711 2223 1136 2291 uniuscujusque
1195 2231 1405 2274 natum
1454 2220 1865 2289 proprietatem.
1919 2216 2049 2281 Quae

474 2314 618 2381 enim
642 2320 1033 2379 temperantur,
1050 2324 1153 2362 non
1177 2318 1515 2377 permanent,
1542 2318 1596 2361 ut
1614 2308 1786 2387 primo
1808 2308 2042 2358 fuerunt.

478 2396 590 2459 Hoc
615 2414 795 2458 autem
829 2402 894 2456 de
935 2401 1043 2455 Deo
1070 2398 1269 2463 Verbo,
1300 2408 1354 2454 et
1383 2414 1469 2464 co,
1493 2398 1582 2468 qui
1614 2414 1673 2451 ex
1706 2398 1911 2451 semine
1944 2399 2044 2449 Da-

476 2492 564 2547 vid
586 2501 689 2556 est,
711 2491 892 2545 dicere
945 2489 1401 2543 absurdissimum
1447 2499 1549 2544 est.
1584 2488 1809 2557 Oportet
1866 2498 2045 2539 autem

474 2588 699 2643 credere
760 2584 989 2639 Domino
1052 2584 1359 2637 ostendenti
1422 2584 1553 2637 duas
1602 2594 1842 2640 naturas.
1889 2592 2048 2649 atque

476 2679 674 2732 dicenti
702 2676 902 2731 Iudaeis
932 2694 943 2728 :
983 2694 1001 2725 ι
1045 2675 1247 2729 Solvite
1286 2678 1538 2743 templum
1569 2676 1688 2740 hoc,
1713 2684 1765 2729 et
1797 2676 1848 2727 in
1876 2676 2047 2729 trihus

476 2770 665 2824 diebus
717 2768 990 2821 sust-itabo
1054 2768 1184 2820 illud
1212 2768 1278 2819 ⁷⁵.
1326 2785 1343 2816 ι
1397 2767 1452 2819 Si
1508 2777 1686 2820 autem
1730 2766 2047 2832 temperatio

475 2858 618 2915 facta
658 2860 870 2923 fuisset,
949 2875 1120 2927 neque
1162 2859 1299 2911 Deus
1342 2858 1728 2926 permansisset
1762 2858 1918 2919 Deus,
1956 2872 2046 2910 ne-

474 2965 578 3019 que
627 2950 879 3019 templum
933 2949 1203 3019 (‘Ogniltttn
1252 2949 1446 3002 fuisset
1496 2950 1772 3017 templum,
1847 2951 1939 3002 sed
1994 2957 2046 3000 et

478 3040 733 3109 templum
786 3040 945 3103 Deus,
971 3051 1025 3093 et
1057 3040 1199 3092 Deus
1234 3039 1489 3108 templum
1530 3039 1661 3105 (huc
1696 3039 1839 3091 enim
1882 3040 2048 3107 exigit

475 3134 613 3185 ratio
644 3131 1097 3199 temperamenti),
1135 3139 1185 3181 et
1221 3129 1489 3198 superflue
1530 3130 1787 3183 Dominus
1826 3131 2047 3184 dixisset

2158 1947 2507 2018 βλασφημίαν
2533 1945 2843 2015 ἐλέγξομεν.
2862 1946 3097 2016 Ἀνάγκη
3124 1946 3231 2015 γὰρ
3274 1949 3337 2017 τῇ
3379 1945 3573 2016 κράσει
3599 1946 3725 1998 ἀκο-

2155 2037 2413 2107 λουθῆσαι
2469 2037 2568 2108 τὴν
2623 2036 2912 2105 σύγχυσιν·
2969 2036 3211 2089 εἰσιοῦσα
3259 2035 3314 2087 δὲ
3364 2037 3396 2106 ὴ
3464 2033 3724 2103 σύγχυσις

2155 2131 2379 2200 ἀφαιρεῖ
2409 2128 2509 2198 τῆς
2545 2130 2781 2199 ἑκάστης
2810 2128 3023 2196 φύσεως
3071 2128 3169 2199 τὴν
3220 2128 3474 2197 ἰδιότητα.
3510 2125 3588 2179 Τὰ
3617 2126 3724 2195 γὰρ

2155 2221 2529 2294 κεραννύμενα
2560 2221 2621 2274 οὑ
2654 2221 2837 2291 μένει,
2867 2220 2903 2274 ἃ
2932 2220 3195 2290 πρότερον
3231 2214 3317 2289 ἦν.
3352 2217 3521 2271 Τοῦτο
3546 2216 3602 2270 δὲ
3632 2217 3725 2269 ἐπὶ

2153 2316 2248 2368 τοῦ
2278 2314 2415 2368 Θεοῦ
2440 2313 2640 2381 Λόγου,
2666 2314 2759 2366 καὶ
2783 2312 2871 2365 τοῦ
2904 2314 2969 2364 ἐκ
3001 2312 3312 2381 σπέρματος
3336 2307 3499 2362 Δαυῖδ
3524 2307 3721 2375 λέγειν,

2153 2406 2261 2459 τῶν
2281 2405 2644 2458 ἀτοπωτάτων
2668 2404 2734 2458 ἂν
2768 2403 2874 2473 εἴη.
2907 2402 3027 2474 Χρὴ
3049 2402 3105 2455 δὲ
3135 2401 3411 2455 πείθεσθαι
3436 2400 3514 2469 τῷ
3536 2398 3725 2469 Κυρίῳ

2153 2498 2420 2551 δεικνύντι
2453 2497 2552 2560 τὰς
2577 2496 2669 2549 δύο
2702 2494 2914 2565 φύσεις,
2940 2494 3034 2548 καὶ
3064 2494 3400 2562 λέγοντιτοῖς
3429 2490 3719 2553 Ἰουδαίοις·

2161 2608 2178 2638 ι
2208 2586 2417 2640 Λύσατε
2465 2586 2556 2639 τὸν
2602 2585 2726 2641 ναὸν
2770 2584 2991 2649 τοῦτον,
3040 2584 3132 2637 καὶ
3176 2584 3234 2635 ἐν
3267 2582 3441 2654 τρισὶν
3491 2583 3723 2652 ἡμέραις

2154 2679 2331 2748 ἐγερῶ
2378 2678 2561 2731 αὑτόν.
2594 2696 2610 2727 ι
2650 2678 2711 2729 Εἰ
2758 2677 2814 2730 δὲ
2867 2678 3063 2747 κρᾶσις
3107 2675 3385 2743 ἐγεγόνει,
3424 2673 3544 2726 οὕτε
3592 2671 3723 2734 Θεὸς

2154 2773 2488 2843 ὲμεμενήκει
2518 2769 2668 2837 Θεὸς,
2711 2768 2835 2822 οὔτε
2866 2769 2992 2832 ναὸς
3036 2766 3361 2838 ὲγνωρίζετο
3392 2766 3515 2828 ναός
3535 2783 3548 2796 ·
3588 2764 3724 2818 ἀλλὰ

2155 2862 2246 2914 καὶ
2272 2864 2299 2913 ό
2325 2862 2449 2923 ναὸς
2486 2860 2637 2923 Θεὸς,
2674 2861 2767 2913 καὶ
2811 2861 2839 2911 ὁ
2876 2859 3007 2921 Θεὸς
3038 2859 3161 2921 ναός
3185 2875 3197 2888 ·
3233 2857 3390 2911 τοῦτο
3431 2857 3539 2925 γὰρ
3565 2858 3592 2909 ό
3624 2857 3721 2924 τῆς

2154 2954 2398 3021 κράσεως
2424 2949 2669 3019 βούλεται
2694 2950 2847 3017 λόγος
2866 2964 2880 2979 ο
2909 2949 3002 3001 καὶ
3031 2947 3295 3019 περιττῶς
3321 2950 3347 2999 ό
3376 2946 3577 3016 Κύριος
3602 2941 3721 2999 εἷπε

2152 3047 2262 3105 τοῖς
2301 3043 2597 3105 Ἰουδαίοις·
2641 3062 2658 3092 ι
2694 3043 2905 3095 Λύσατε
2957 3041 3047 3093 τὸν
3098 3040 3223 3093 ναὸν
3270 3039 3479 3101 τοῦτον,
3520 3039 3614 3091 καὶ
3666 3040 3721 3089 ὲν

2152 3136 2327 3207 τρισὶν
2364 3136 2597 3205 ἡμέραις
2648 3133 2823 3203 ἐγερῶ
2866 3134 3064 3185 αὑτόν·
3098 3151 3115 3181 ι
3155 3133 3319 3202 ἐχρῆν
3365 3131 3474 3201 γάρ
3520 3131 3717 3198 φάναι’

472 3222 675 3278 Judmis
707 3241 718 3275 :
754 3240 772 3273 ι
807 3224 1010 3275 Solvite
1045 3223 1298 3289 templum
1323 3221 1444 3285 hoc,
1478 3224 1601 3274 etin
1656 3223 1827 3275 tribus
1859 3222 2045 3276 diebus

2152 3226 2361 3278 Λύσατε
2394 3243 2480 3291 με,
2506 3226 2596 3276 καὶ
2625 3226 2682 3275 ἐν
2705 3225 2881 3295 τρισὶν
2904 3224 3134 3294 ἡμέραις
3157 3223 3544 3293 ὲγερθήσομαι,
3567 3220 3722 3289 εἴπερ

475 3316 748 3370 suscitabo
779 3315 927 3368 illud.
971 3334 987 3364 ι
1020 3314 1317 3381 Oportebat
1367 3316 1510 3366 enim
1574 3316 1755 3368 dicere
1794 3332 1806 3367 :
1846 3315 2051 3369 Solvite

477 3421 580 3471 me,
612 3418 666 3460 et
722 3406 774 3459 in
811 3407 983 3458 tribus
1015 3406 1205 3457 diebus
1240 3405 1585 3469 suscitabor;
1613 3406 1876 3473 siquidem
1928 3421 2051 3461 vere

476 3494 690 3563 aliquod
726 3504 1211 3562 temperamentum
1250 3492 1450 3547 factum
1485 3494 1674 3549 fuisset
1733 3506 1893 3562 atque
1924 3512 2049 3549 con-

477 3586 823 3640 fusiozuunc
880 3597 1057 3639 autem
1107 3586 1344 3638 ostendit
1391 3587 1714 3640 solvendum
1765 3590 2047 3657 templum,

476 3686 530 3731 et
575 3678 925 3731 suscitantem
963 3676 1152 3731 Deum.
1208 3678 1489 3747 Superflua
1535 3678 1713 3745 itaque
1755 3681 2050 3734 secundum

475 3766 883 3821 subsistentiam
916 3769 1067 3827 unio,
1104 3782 1264 3834 quam
1296 3782 1395 3837 pro
1422 3776 1847 3835 temperamento
1872 3768 2049 3832 nobis,

474 3856 635 3911 sicuti
665 3868 813 3927 puto,
855 3871 1179 3928 proponunt.
1230 3856 1441 3911 Sufficit
1471 3868 1650 3912 autem
1683 3860 1863 3914 dicere
1890 3861 2047 3913 unio-

475 3966 624 4015 nem,
686 3965 803 4019 qua:
852 3960 905 4003 et
958 3962 1271 4004 naturarum
1309 3953 1666 4019 proprietates
1696 3954 1951 4018 ostendit,
1998 3963 2052 4009 et

476 4055 639 4095 unum
666 4043 853 4095 edocet
882 4044 1115 4096 adorare
1144 4043 1440 4097 Christum.

1023 4153 1209 4223 Cyrilli
1251 4154 1506 4221 defensio.

559 4264 699 4321 Ecce
753 4281 942 4321 rursus
1000 4271 1254 4337 egregius
1323 4267 1409 4321 hic
1464 4283 1804 4324 ocrasuonem
1859 4282 2045 4326 contra

474 4356 639 4427 209
662 4370 758 4410 nos
787 4358 899 4411 oris
953 4356 1199 4411 effrenati
1238 4358 1500 4427 quidquid
1546 4373 1605 4412 se
1660 4360 1939 4424 obtulerit,
1971 4360 2049 4414 fa-

483 4464 607 4503 cere
628 4453 850 4503 studens
881 4449 1116 4503 detrahit
1142 4450 1279 4513 voci,
1311 4450 1595 4503 secundum
1640 4450 2045 4505 subsistendum.

2154 3315 2363 3383 ἀληθῶς
2395 3316 2588 3384 κρᾶσίς
2634 3330 2717 3376 τις
2766 3313 3005 3380 ἐγεγόνει
3062 3314 3155 3363 καὶ
3184 3312 3480 3379 σύγχυσις·
3530 3308 3624 3363 νῦν
3664 3308 3721 3361 δὲ

2152 3407 2390 3458 δείκνυσι
2416 3406 2505 3456 τὸν
2533 3404 2792 3473 λυόμενον
2820 3403 2963 3467 ναὸν,
2993 3402 3087 3454 καὶ
3113 3402 3201 3454 τὸν
3237 3400 3536 3455 ἀνιστῶντα
3570 3398 3719 3453 Θεόν.

2153 3497 2386 3567 Περιττὴ
2431 3496 2610 3549 τοίνυν
2660 3498 2693 3565 ἡ
2741 3494 2861 3548 καθ’
2893 3494 3191 3547 ὑπόστασιν
3238 3493 3450 3556 ἒνωσις,
3496 3493 3561 3562 ἣν
3606 3490 3724 3545 ἀντὶ

2154 3590 2401 3659 κράσεως
2452 3590 2604 3658 ἡμῖν,
2634 3588 2708 3650 ὡς
2757 3582 2930 3657 οἶμαι,
2966 3584 3398 3657 προϐάλλονταιά
3421 3601 3435 3617 ο
3483 3586 3640 3657 ἀρκεῖ
3667 3584 3724 3636 δὲ

2152 3681 2329 3748 λέγειν
2376 3679 2472 3750 τὴν
2509 3681 2720 3744 ἕνωσιν,
2752 3680 2870 3750 ἥτις
2903 3678 3116 3741 καὶτὰς
3144 3677 3252 3731 τῶν
3274 3676 3487 3745 φύσεων
3531 3670 3722 3746 ἰδιότη-

2151 3789 2249 3835 τας
2276 3772 2515 3825 δείκνυσι
2568 3772 2663 3826 καὶ
2709 3772 2801 3824 τὸν
2834 3772 2929 3825 ἕνα
2971 3773 3293 3841 προσκυνεῖν
3319 3770 3559 3825 διδάσκει
3588 3771 3724 3840 Χρι·

2155 3864 2277 3916 στόν
2300 3876 2344 3916 ο.

2605 4166 2924 4235 Ἀπολογία
2960 4166 3283 4234 Κυρίλλου.

2235 4278 2363 4332 Ἰδοὺ
2412 4278 2477 4350 δὴ
2528 4278 2687 4331 πάλιν
2739 4281 2767 4331 ὁ
2808 4278 3067 4347 γεννάδας
3114 4280 3294 4333 οὑτοσὶ
3322 4278 3593 4349 πρόφασιν
3626 4278 3727 4346 τῆς

2153 4368 2275 4421 καθ’
2323 4368 2480 4438 ἡμῶν
2532 4368 2932 4440 ἀθυροστομίας
2978 4369 3040 4422 τὸ
3094 4370 3407 4440 παρατυχὸν
3456 4368 3725 4421 ποιεῖσθαι

2155 4456 2488 4521 σπουδάζων,
2514 4457 2757 4528 διασύρει
2784 4458 2881 4527 τὴν
2909 4456 3073 4523 λέξιν,
3105 4459 3204 4529 τὴν
3234 4461 3363 4513 καθ’
3383 4458 3726 4512 ὑπόστασιν

470 4539 707 4607 Damnat
735 4554 912 4594 autem
947 4555 1065 4593 eam
1094 4543 1371 4606 novitatis,
1393 4551 1446 4595 et
1471 4543 1756 4612 peregrine
1779 4544 2045 4611 prolatam

2151 4549 2327 4618 λέγω’
2378 4550 2657 4621 καθορίζει
2695 4550 2750 4603 δὲ
2783 4550 2842 4603 τὸ
2872 4551 3138 4620 ἀσύνηθες
3168 4551 3355 4622 αὑτῆς,
3394 4551 3485 4603 καὶ
3524 4549 3589 4621 δὴ
3631 4550 3727 4602 καὶ

473 4630 724 4698 affirmat,
758 4648 860 4685 non
892 4633 1266 4696 considerans,
1321 4633 1447 4702 quia
1503 4634 1790 4701 impiorum
1828 4634 2045 4688 haereti-

472 4736 673 4776 corum»
705 4723 1182 4778 adinventionilms
1213 4724 1511 4779 dictionum
1548 4726 1722 4779 virtus
1757 4725 2044 4779 veritatem

473 4825 771 4880 opponens,
822 4812 1106 4868 destruere
1155 4816 1363 4879 nititur,
1411 4817 1552 4885 quod
1602 4817 1669 4871 ab
1706 4817 1784 4870 eis
1836 4818 2050 4870 videtur

478 4905 810 4971 Oppositum.
862 4904 1109 4959 Nestorio
1152 4907 1316 4973 igitur
1344 4908 1542 4976 ubique
1589 4910 1891 4977 perimente
1953 4909 2045 4964 Dei

473 4994 633 5048 Verbi
708 4998 1001 5049 secundum
1068 5012 1285 5051 carnem
1326 4998 1688 5061 nativitatem,
1748 5010 1802 5054 et
1874 5003 2045 5055 solam

472 5086 627 5139 nobis
704 5086 1025 5154 dignitatum
1114 5089 1374 5142 unitatem
1442 5102 1819 5155 asseverante,
1867 5094 2044 5147 homi-

472 5190 704 5241 nemque
762 5177 869 5229 Deo
926 5178 1231 5246 capulatuni
1288 5194 1409 5234 esse
1474 5181 1708 5247 dicente,
1769 5183 2045 5239 filiationis

474 5269 900 5335 mquivocatione
962 5270 1305 5334 honoratum,
1350 5273 1661 5329 necessario
1720 5290 1816 5328 nos
1884 5276 2043 5331 dictis

473 5357 615 5411 illius
650 5363 1353 5427 repugnantes,secundmn
1409 5365 1816 5419 subsistentiam
1872 5367 2030 5420 unio-

547 5495 589 5525 ⁷⁸
628 5494 781 5550 Joan.
814 5496 997 5561 11,.19.

2151 4642 2314 4708 ξένως
2337 4643 2506 4713 αὑτὴν
2532 4642 2863 4712 πεποιῆσθαι
2887 4642 3296 4714 διῖσχυρίζεται,
3323 4643 3423 4696 οὑκ
3444 4642 3722 4713 ἐννοήσας,

2149 4732 2230 4784 ὅτι
2278 4734 2399 4792 ταῖς
2451 4733 2559 4785 τῶν
2607 4735 2834 4786 ἀνοσίων
2884 4735 3222 4805 αἱρεσιωτῶν
3266 4733 3659 4806 εὑρεσιλογίαις
3689 4735 3724 4804 ἡ

2149 4822 2257 4873 τῶν
2285 4822 2483 4886 λέξεων
2508 4824 2736 4893 δύναμις
2777 4825 2836 4877 τὸ
2880 4826 3078 4898 ἀληθὲς
3120 4827 3513 4895 άντεξάγουσα,
3546 4843 3726 4896 παρα-

2150 4914 2297 4967 λύειν
2327 4917 2592 4986 ὲπιχειρεί
2620 4917 2680 4968 τὸ
2709 4918 3021 4988 ἀντιτάχθαι
3052 4919 3265 4976 δοκοῦν.
3297 4918 3591 4990 Nec-copim)
3620 4935 3727 4971 τοι-

2152 5007 2355 5078 γαροῦν
2390 5009 2737 5078 ἀναιροῦντος
2772 5011 3044 5080 πανταχοῦ
3090 5012 3182 5064 τοῦ
3235 5010 3370 5066 Θεοῦ
3420 5013 3591 5081 Λόγου
3625 5010 3724 5081 τὴν

2153 5098 2293 5150 κατὰ
2349 5099 2525 5168 σάρκα
2574 5099 2847 5167 γέννησιν,
2878 5103 2972 5153 καὶ
3023 5102 3190 5170 μόνην
3238 5103 3367 5171 ἡμῖν
3401 5099 3723 5171 ἀξιωμάτων

2152 5189 2380 5257 ἑνότητα
2424 5190 2942 5260 παρεισκρίνοντος,
2991 5190 3275 5264 ἄνθρωπόν
3324 5208 3384 5244 τε
3429 5189 3549 5260 Θεῷ
3600 5206 3721 5241 συνο

2150 5278 2319 5348 ἧφθαι
2368 5279 2636 5346 λέγοντος,
2666 5282 2729 5349 τῇ
2759 5284 2857 5349 τῆς
2889 5281 3131 5349 υἱότητος
3174 5281 3459 5351 ὁμωνυμίᾳ
3502 5295 3723 5348 τετιμη-

2153 5370 2328 5436 μένον,
2362 5369 2671 5436 ἀναγκαίως
2697 5371 2855 5438 ἠμεῖς
2886 5373 2998 5434 τοῖς
3025 5372 3230 5424 ἐκείνου
3273 5372 3592 5443 μαχόμενοι,
3624 5369 3723 5441 τὴν

1529 5630 1705 5684 Variae
1736 5631 1993 5686 lectiones
2020 5647 2085 5686 ex
2116 5636 2301 5691 codice
2337 5637 2713 5709 Seguieriano.

555 5756 878 5830 ιοὲττόμενοι.
926 5771 978 5835 ὀ
1017 5760 1195 5823 ίδικῶς
1216 5761 1327 5815 καί.
1403 5762 1429 5802 ιι
1466 5764 1843 5833 προϐάλλεται.

1925 5778 1949 5806 θ
1984 5767 2132 5820 Θεόν.
