4044 6332
340 400 479 453 1125

338 517 490 569 θειαν
512 531 523 543 ·

336 609 436 679 τὴν
462 606 656 677 τέχνην
697 608 982 675 ἐπάγουσι,
1018 606 1343 677 ἐκφανείσης
1389 607 1573 675 πάσης
1602 606 1698 676 τῆς
1728 606 1883 658 νόσου
1905 622 1916 633 ·

337 699 510 762 οὕτως
538 699 633 751 καὶ
659 700 787 761 τοὺς
815 698 1001 760 κακῶς
1029 697 1251 767 ἔχοντας
1279 698 1378 767 τὴν
1415 696 1593 767 ψυχὴν
1636 695 1919 766 ἰατρεύων,

337 793 434 863 τὴν
461 793 525 845 ἐκ
555 790 753 854 κακίας
778 791 929 844 νόσον
971 791 1246 860 ἀνέμεινε,
1340 786 1655 858 κατεκράθη
1676 789 1709 857 ἡ
1736 786 1918 856 φύσις,

339 887 521 938 πᾶσαν
561 882 990 951 ἐκκαλυφθῆναι,
1022 881 1098 944 ὠς
1144 880 1210 934 ἂν
1264 879 1430 951 μηδὲν
1463 876 1569 931 τῶν
1604 878 1923 948 κεκρυμμέ-

342 995 448 1029 νων
479 974 851 1045 ἀθεράπευτον
882 972 1102 1042 μείνειε
1130 970 1222 1024 τοῦ
1262 968 1446 1041 ἰατροῦ
1484 969 1641 1039 μόνον
1670 971 1730 1023 τὸ
1757 969 1921 1038 φανὲν

343 1068 759 1137 θεραπεύοντος.
791 1067 901 1118 Καὶ
922 1064 1010 1118 διὰ
1035 1062 1194 1117 τοῦτο
1232 1061 1355 1115 οὔτε
1380 1062 1523 1116 κατὰ
1542 1062 1668 1124 τοὺς
1696 1063 1923 1133 καιροὺς

341 1161 436 1214 τοῦ
484 1161 630 1223 Νῶε,
661 1159 842 1227 πάσης
877 1157 1081 1229 σαρκὸς
1112 1157 1169 1208 ἐν
1218 1155 1406 1227 ἀδικία
1452 1153 1920 1225 καταφθαρείσης,

346 1255 540 1322 ἐπάγει
569 1252 654 1306 διὰ
692 1252 789 1321 τῆς
825 1250 960 1313 ἰδίας
993 1246 1294 1320 ἐμφανείας
1321 1248 1421 1318 τὴν
1463 1248 1624 1313 ίασιν,
1653 1247 1734 1300 ὅτι
1771 1246 1922 1300 οῦπω

340 1346 439 1416 τῆς
480 1343 778 1413 Σοδομικῆς
818 1340 1017 1403 κακίας
1062 1340 1091 1391 6
1130 1337 1357 1409 βλαστὸς
1382 1335 1581 1407 ἐξεφύη
1663 1337 1782 1389 οὐδὲ
1829 1336 1921 1389 ἐπὶ

341 1437 433 1489 τοῦ
458 1434 649 1505 καιροῦ
680 1434 779 1503 τῆς
806 1432 1056 1503 Σοδόμων
1090 1429 1477 1500 καταστροφῆς
1504 1432 1531 1482 6
1563 1429 1765 1499 Κύριος
1796 1429 1922 1497 φαί-

342 1546 511 1591 νεται,
542 1528 675 1579 διότι
701 1524 871 1579 πολλά
910 1524 1021 1577 τῶν
1050 1523 1357 1577 ὑπολοίπων
1398 1521 1586 1576 κακῶν
1611 1525 1678 1593 τῇ
1710 1521 1921 1592 ἀνθρω-

344 1624 473 1697 πίνῃ
501 1622 578 1675 ἔτι
623 1620 1030 1693 κατεκρύπτετο
1080 1620 1261 1688 φύσει.
1313 1619 1423 1672 Ποῦ
1457 1619 1563 1689 γὰρ
1596 1620 1623 1671 6
1655 1616 1923 1687 θεομάχος

339 1713 577 1784 Φαραώ;
609 1713 711 1767 ποῦ
755 1712 868 1766 τῶν
896 1711 1210 1779 Αἰγυπτίων
1241 1713 1275 1783 ἡ
1316 1711 1624 1780 ἀδάμαστος
1655 1708 1919 1780 πονηρία;

341 1808 418 1859 Οὐ
458 1806 566 1877 μὴν
596 1806 716 1859 οὐδὲ
748 1806 871 1859 τότε
906 1804 983 1875 τῷ
1011 1803 1277 1875 διορθωτῇ
1310 1801 1405 1856 τοῦ
1439 1801 1639 1865 παντὸς
1666 1800 1923 1872 εὓκαιρον

1340 392 1713 449 ADVERSUS
1752 390 2560 453 ANTIIROPOMORPHITAS.

3470 398 3607 455 “9.6

573 513 792 568 ἐπειδὰν
835 513 888 567 δὲ
939 512 1199 583 στάσιμον
1238 512 1461 585 γένηται
1492 513 1553 566 τὸ
1586 513 1774 577 κακὸν,
1806 512 1927 566 τότε

2039 521 2143 565 tum
2173 514 2507 581 pervenerit,
2538 520 2665 566 tunc
2694 514 2926 581 primum
2953 524 3125 569 artem
3151 528 3302 568 suam
3328 514 3605 579 adhibent,

2029 620 2152 657 cum
2180 605 2291 674 jam
2337 616 2483 658 totus
2516 606 2736 659 morbus
2765 621 2824 660 se
2856 607 3134 661 exeruerit
3161 624 3174 659 :
3209 607 3279 659 ita
3320 605 3483 659 etiam
3515 624 3611 660 eos

2030 698 2120 764 qui
2157 698 2351 751 anima:
2378 698 2522 751 vitiis
2552 698 2807 752 laborant
2836 712 3061 762 curans,
3104 699 3291 753 morbo
3323 713 3390 753 ex
3422 701 3609 764 nequi-

2031 790 2101 842 tia
2161 790 2400 844 curando
2457 790 2721 858 tantisper
2778 790 3128 858 supersedit,
3184 791 3357 844 donec
3413 802 3609 844 natura

2030 880 2290 950 quidquid
2333 882 2482 935 inse
2534 882 2660 935 mali
2698 882 2932 936 habebat
2979 892 3147 935 totum
3199 881 3494 950 patefecit,
3546 899 3613 933 ne

2030 973 2158 1042 quid
2190 974 2389 1028 occulti
2424 974 2730 1028 incuratum
2758 974 3184 1044 relinqueretur:
3218 990 3337 1027 cum
3372 974 3613 1028 medicus

2029 1080 2089 1119 ea
2126 1074 2335 1118 t:mtnm
2363 1080 2481 1134 qua}
2517 1076 2782 1134 apparent
2818 1076 2992 1119 curet.
3040 1066 3246 1119 Idcirco
3272 1078 3446 1134 neque
3474 1074 3610 1117 tem-

2031 1158 2250 1225 poribus
2279 1155 2411 1222 Noe,
2449 1173 2572 1211 cum
2601 1159 2777 1211 omnis
2808 1172 2938 1213 caro
2970 1159 3021 1211 in
3052 1157 3336 1226 iniquitate
3358 1166 3611 1225 corrupta

2029 1236 2217 1313 esset,
2260 1247 2596 1318 apparitione
2635 1264 2731 1302 sua
2780 1249 3045 1303 medelam
3090 1247 3246 1301 alTert
3276 1265 3288 1300 :
3313 1246 3439 1316 quia
3476 1262 3614 1300 nun-

2030 1343 2154 1395 dum
2187 1340 2535 1395 Sodomitirze
2572 1342 2827 1411 nequitia:
2857 1357 3078 1412 germen
3110 1341 3435 1408 epullularat
3462 1360 3475 1394 :
3512 1356 3607 1392 ne-

2031 1449 2134 1503 qnc
2170 1450 2235 1488 eo
2273 1445 2513 1501 tempore
2544 1449 2650 1502 quo
2692 1432 3051 1488 Sodomorum
3091 1433 3219 1487 urbs
3262 1448 3453 1489 eversa
3489 1432 3610 1496 fuit,

2032 1526 2291 1580 Dominus
2342 1530 2634 1595 apparuit:
2675 1526 2800 1594 quia
2851 1526 3017 1579 multa
3065 1526 3242 1579 adhuc
3276 1526 3328 1579 iu
3378 1525 3611 1578 luunaua

2032 1619 2208 1671 anima
2242 1618 2368 1671 vitia
2398 1616 2812 1671 delitescebant.
2852 1616 2953 1671 Ubi
2983 1617 3126 1671 enim
3159 1615 3420 1669 adversus
3445 1614 3610 1668 Deum

2031 1710 2241 1764 bellans
2271 1708 2521 1762 Pharao?
2545 1709 2635 1762 ubi
2665 1706 3049 1778 {Egyptiorum
3080 1708 3343 1761 indomita
3376 1706 3616 1760 malitia?

2030 1796 2100 1849 At
2157 1812 2225 1849 ue
2288 1805 2399 1849 tum
2466 1796 2685 1865 quidem
2735 1797 2899 1850 totius
2956 1797 3195 1851 universi
3259 1798 3611 1851 iustauratori

345 1901 459 1968 (ἐπὶ
488 1900 597 1952 τῶν
635 1898 950 1965 Αἰγυπτίων
984 1897 1126 1966 λέγω
1154 1896 1371 1965 κακῶν)
1406 1894 1813 1965 καταμιχθῆναι
1847 1893 1927 1963 τῷ

2039 1896 2397 1956 opportunum
2455 1887 2629 1939 visum
2684 1884 2787 1939 fuit
2826 1885 2971 1955 (post
3022 1882 3300 1956 Egyptia,
3362 1886 3607 1954 inquam,

345 1990 467 2062 βίῳ,
510 1991 649 2043 Ἀλλ’
680 1990 789 2043 ἔδει
815 1991 906 2043 καί
937 1990 1043 2043 τῶν
1077 1988 1427 2060 Ἰσραηλιτῶν
1450 1988 1549 2059 τὴν
1582 1986 1925 2061 παρανομίαν

343 2087 647 2158 ἀναφῆναιο
698 2084 805 2137 ἔδει
856 2081 1077 2151 καὶτῆς
1142 2080 1441 2149 ’Δσσυρίων
1488 2078 1783 2149 βασιλείας,
1832 2078 1928 2132 καὶ

343 2178 438 2231 τοῦ
483 2174 972 2246 Ναϐουχοδονόζωρ
1000 2171 1099 2244 τὴν
1130 2171 1539 2243 ὑπερηφανείαν
1584 2169 1929 2240 ὑποσμύχον-

347 2288 446 2323 σαν
474 2269 555 2323 ἔτι
580 2268 659 2339 τῷ
690 2267 789 2338 βίῳ
819 2264 1060 2336 φανερὰν
1083 2264 1363 2334 γενέσθαι·
1396 2262 1502 2316 ἔδει
1528 2263 1626 2330 τὴν
1652 2262 1793 2316 κατά
1820 2262 1927 2316 τῶν

343 2358 505 2411 ὁσίων
536 2356 869 2426 μιαιφονίαν,
904 2350 1014 2406 οἷόν
1044 2370 1165 2407 τινα
1196 2352 1431 2423 πονηρὸν
1470 2351 1756 2423 ἀκανθώδη
1803 2351 1929 2423 βλα-

348 2449 471 2501 στὸν
516 2449 615 2517 τῆς
661 2445 839 2515 κακῆς
886 2443 981 2498 τοῦ
1028 2442 1273 2498 διαϐόλου
1341 2441 1495 2514 ῥίζης
1558 2443 1925 2514 ἀναδραμεῖν·

345 2542 450 2594 ἐὼι
497 2540 599 2610 τὴν
646 2538 756 2592 τῶν
802 2536 1070 2590 Ἰουδαίων
1105 2535 1247 2590 κατά
1294 2535 1403 2589 τῶν
1453 2535 1624 2603 ἁγίων
1672 2534 1766 2588 τοῦ
1794 2534 1928 2588 Θεοῦ

347 2631 725 2703 φανερωθῆναι
767 2628 992 2692 λύσσαν,
1038 2627 1147 2682 τῶν
1189 2628 1317 2692 τοὺς
1370 2628 1655 2699 προφήτας
1689 2628 1922 2681 ἀποκτα-

346 2723 566 2784 νόντων,
595 2721 689 2775 καὶ
726 2718 1143 2773 λιθοϐολούντων
1173 2720 1299 2782 τοὺς
1330 2719 1803 2789 ἀπεσταλμένους,
1837 2719 1932 2775 καὶ

346 2813 499 2876 τέλος
533 2810 625 2865 τοῦ
652 2810 782 2865 ναοῦ
812 2811 907 2863 καὶ
927 2808 1020 2864 τοῦ
1052 2808 1445 2881 θυσιαστηρίου
1478 2809 1681 2881 μεταξὺ
1710 2810 1771 2863 τὸ
1792 2810 1934 2864 κατὰ

347 2902 440 2957 τὸν
472 2902 748 2974 Ζαχαρίαν
779 2901 909 2970 ἄγος
955 2901 1370 2971 ἐργασαμένων.
1420 2900 1663 2972 Πρόσθες
1716 2900 1793 2972 τῷ
1830 2918 1931 2954 κα-

347 2994 558 3064 ταλόγῳ
586 2994 695 3047 τῶν
728 2991 980 3063 πονηρῶν
1022 2990 1442 3063 βλαστημάτων,
1480 2993 1574 3044 καὶ
1618 2991 1713 3045 τοῦ
1757 2991 1933 3063 Ἡρώ-

348 3088 439 3141 δου
469 3086 568 3157 τὴν
600 3084 973 3155 παιδοφονίαν.
1019 3085 1171 3137 Ἐπεὶ
1208 3079 1302 3137 οῦν
1332 3086 1482 3138 πᾶσα
1520 3084 1617 3154 τῆς
1652 3084 1851 3149 κακίας
1897 3086 1931 3155 ἡ

349 3178 578 3248 δύναμις
621 3179 685 3230 ἐκ
714 3177 811 3247 τῆς
842 3175 1085 3245 πονηρᾶς
1116 3173 1274 3245 ῥίζης
1304 3174 1551 3246 ἀνεδόθη,
1585 3177 1678 3229 καὶ
1716 3174 1935 3227 πολυει-

350 3271 453 3335 δῶς
482 3270 688 3341 ηὔξησε
716 3270 774 3321 ἐν
819 3271 938 3331 ταῖς
984 3268 1338 3339 προαιρέσεσι
1387 3265 1495 3319 τῶν
1529 3265 1651 3318 καθ’
1699 3267 1935 3337 ἑκάστην
1963 3248 2006 3307 (ἶ

354 3361 567 3430 γενεὰν,
610 3364 675 3432 τῇ
725 3361 895 3431 κακίᾳ
941 3360 1273 3430 ἀγνωρίμως
1318 3358 1740 3431 ὑλομανησάσῃ,
1793 3359 1935 3425 τότε,

354 3454 536 3517 καθὼς
566 3471 699 3525 φησι
738 3454 876 3525 πρὸς
919 3452 1240 3523 Ἀθηναίους
1284 3452 1312 3503 6
1340 3451 1574 3516 Παῦλος,
1615 3469 1634 3501 ι
1677 3451 1815 3513 Τοὺς
1836 3450 1939 3521 τῆς

354 3545 574 3613 ἀγνοίας
602 3544 826 3615 χρόνους
863 3540 1134 3612 ὑπεριδὼν
1177 3544 1205 3593 6
1230 3541 1379 3603 Θεὸς,
1425 3542 1520 3595 ἐπὶ
1549 3539 1657 3593 τῶν
1690 3540 1937 3609 ἐσχάτων

354 3634 579 3705 ἡμερῶν
611 3634 998 3705 παραγίνεται,
1058 3651 1076 3684 ι
1112 3633 1199 3685 ὅτε
1232 3634 1333 3684 οὐκ
1368 3626 1437 3702 ἦν
1470 3634 1497 3685 6
1548 3629 1766 3694 συνιὼν,
1812 3628 1937 3682 οὕτε

355 3728 454 3779 οὐκ
482 3722 550 3796 ἦν
592 3728 619 3779 6
650 3724 895 3796 ἐκζητῶν
936 3725 1030 3777 τὸν
1081 3723 1233 3789 Θεὸν,
1266 3725 1357 3777 ὅτε
1407 3724 1604 3786 πάντες
1638 3722 1936 3789 ἐξέκλιναν,

357 3819 473 3888 ἅμα
523 3817 926 3889 ἠχρειὼθησαν,
977 3818 1066 3871 ὅτε
1111 3816 1463 3887 συνεκλείσθη
1513 3817 1582 3869 τὰ
1638 3816 1813 3869 πάντα
1860 3816 1940 3878 εἰς

358 3912 655 3981 ἁμαρτίαν,
689 3911 777 3963 ὅτε
825 3908 1154 3963 ἐπλεόνασεν
1194 3910 1227 3978 ἡ
1278 3908 1541 3979 ἁμαρτία,
1593 3909 1681 3961 ὅτε
1716 3908 1849 3979 πρὸς
1881 3907 1940 3959 τὸ

360 4004 656 4072 ἀκρόσατον
690 4002 887 4072 μέτρον
938 4002 967 4052 6
1003 4000 1101 4069 τῆς
1131 3999 1329 4062 κακίας
1360 3998 1561 4070 ηῦξησε
1592 3997 1787 4067 ζόφος*
1818 3997 1939 4051 τότε

361 4097 605 4167 ἐπεφάνη
651 4096 683 4165 ὴ
735 4096 917 4165 χάρις,
952 4093 1070 4146 τότε
1102 4095 1135 4163 ἡ
1169 4092 1262 4145 τοῦ
1294 4092 1548 4162 ἀληθινοῦ
1580 4092 1753 4161 φωτὸς
1784 4092 1941 4153 ἀκτὶς

362 4188 698 4249 ἐπανέτειλε,
730 4187 849 4240 τότε
880 4188 1153 4257 ἐπέφανεν
1196 4189 1224 4239 6
1252 4186 1353 4256 τῆς
1384 4185 1729 4256 δικαιοσύνης
1751 4185 1940 4247 ’Ἥλιος

360 4281 472 4342 τοῖς
494 4280 550 4331 ἐν
572 4278 752 4332 σκότει
783 4280 875 4331 καὶ
907 4280 1034 4349 σκιᾷ
1064 4276 1418 4348 καθημένοις,
1452 4276 1575 4329 τότε
1610 4278 1708 4341 τὰς
1740 4276 1940 4340 πολλάς

363 4370 604 4439 κεφαλὰς
632 4369 725 4422 τοῦ
754 4369 1045 4440 δράκοντος
1076 4368 1423 4431 συνέθλασεν,
1456 4368 1650 4432 ἐπιϐὰς
1698 4368 1776 4438 τῷ
1819 4368 1941 4421 ποδὶ

361 4464 447 4517 διὰ
490 4464 586 4531 τῆς
617 4461 966 4532 ἀνθρωπίνης
999 4462 1220 4533 σαρκὸς,
1250 4460 1345 4515 καὶ
1382 4463 1448 4532 τῇ
1493 4463 1563 4530 γῇ
1596 4460 1941 4531 προσθλάσας

2037 1977 2199 2049 mala)
2231 1980 2353 2032 vitm
2382 1977 2619 2033 misceri.
2652 1975 2949 2050 Oportebat
2974 1979 3118 2033 enim
3152 1978 3315 2033 etiam
3348 1978 3616 2034 Israelita-

2036 2087 2153 2125 ruai
2180 2070 2345 2141 395
2373 2071 2795 2126 iuobedicntiam
2829 2070 3202 2137 manifestari;
3251 2071 3535 2141 oportebat
3563 2083 3616 2124 ct

2035 2165 2186 2230 regni
2227 2163 2577 2231 Assyriorum
2627 2173 2681 2219 et
2714 2163 3224 2219 Nabuchodonozor
3261 2164 3616 2233 ﬂagrantissi-

2038 2270 2183 2308 mam
2227 2255 2538 2324 superbiam
2584 2253 2929 2309 manifestam
2978 2255 3097 2310 ﬁeri
3132 2274 3144 2309 :
3174 2257 3455 2326 Oportebat
3490 2271 3617 2311 Stttt-

2038 2359 2250 2402 elerum
2290 2349 2490 2403 eaedem
2532 2349 2695 2402 veluti
2730 2363 2955 2417 pravum
2993 2347 3211 2418 aliquod
3251 2360 3304 2402 et
3338 2350 3614 2418 Spiuosum

2040 2442 2196 2495 mala:
2246 2441 2443 2495 diaboli
2500 2441 2702 2496 radicis
2752 2456 2973 2511 germen
3030 2442 3618 2512 excitarizoportebat

2037 2532 2353 2586 Judzeorum
2415 2532 2676 2587 adversus
2709 2543 2930 2588 sanctos
2981 2532 3074 2587 Dei
3138 2533 3343 2587 rabiem
3398 2534 3618 2586 manife-

2040 2626 2199 2688 SIari,
2244 2624 2604 2678 occidentium
2638 2625 2949 2694 prophetas,
2975 2635 3028 2679 et
3054 2638 3147 2680 eos
3168 2623 3259 2693 qui
3288 2623 3439 2679 missi
3462 2634 3620 2677 erant

2038 2720 2309 2789 lapidibus
2348 2719 2723 2784 obruentium,
2771 2736 2837 2776 ac
2870 2720 3085 2775 tandem
3132 2718 3413 2789 piaculare
3444 2719 3621 2773 scelus

2041 2815 2095 2867 in
2128 2812 2451 2866 Zachariam
2484 2812 2626 2866 inter
2659 2814 2833 2883 ipsum
2866 2814 3038 2868 altare
3060 2824 3113 2868 et
3145 2813 3401 2883 templum
3428 2828 3620 2882 perpe-

2042 2905 2298 2957 trantium
2323 2921 2337 2970 ;
2363 2904 2501 2959 adde
2526 2904 2689 2959 etiam
2715 2906 2962 2975 catalogo
2987 2922 3272 2977 pravorum
3294 2906 3618 2977 germinum,

2044 2996 2331 3050 infantium
2393 2998 2596 3051 caedem
2662 2998 2731 3052 ab
2771 2998 2984 3054 Herode
3044 3008 3432 3069 perpetratam.
3485 2999 3620 3054 Cum

2044 3088 2206 3156 igitur
2245 3090 2427 3142 omnis
2466 3088 2520 3142 in
2568 3088 2884 3144 universum
2934 3091 3189 3160 nequitia!
3228 3090 3311 3146 vis
3343 3104 3407 3144 ex
3458 3106 3619 3159 prava

2044 3179 2226 3234 radice
2257 3179 2501 3246 emersit,
2530 3180 2820 3249 multisque
2856 3180 3034 3236 modis
3070 3180 3317 3236 excrevit
3347 3180 3399 3233 in
3434 3180 3624 3234 volun-

2042 3272 2242 3327 tatibus
2280 3288 2345 3327 ae
2370 3274 2566 3328 studiis
2594 3288 2690 3341 per
2717 3286 3157 3342 unamquamque
3190 3272 3620 3343 generationem,

2043 3365 2245 3419 malitia
2289 3367 2597 3435 promiscue
2641 3365 2992 3419 luxuriante:
3023 3374 3136 3419 tum
3192 3365 3432 3429 demum,
3480 3366 3625 3418 sicut

2041 3458 2117 3510 ait
2162 3458 2227 3510 ad
2272 3457 2636 3512 Athenienses
2682 3457 2900 3522 Paulus,
2946 3475 2963 3508 ι
3010 3456 3330 3527 Ignorantia:
3382 3468 3623 3525 tempora

2042 3549 2347 3618 despiciens
2395 3549 2555 3614 Deus,
2605 3549 2810 3603 ultimis
2863 3550 3201 3619 temporibus
3246 3549 3557 3614 advenit";
3599 3568 3616 3598 ι

2042 3659 2166 3697 cum
2212 3659 2318 3698 non
2354 3653 2501 3698 esset
2530 3644 2622 3714 qui
2668 3644 3013 3714 intelligeret,
3059 3659 3234 3714 neque
3285 3644 3625 3699 inveniretur

2043 3735 2132 3804 qui
2191 3745 2460 3803 quaereret
2512 3735 2676 3789 Deum
2722 3753 2737 3790 :
2781 3737 2999 3806 quando
3048 3751 3237 3791 omnes
3282 3736 3625 3791 declinarant

2042 3827 2309 3899 simulque
2342 3827 2560 3882 inutiles
2591 3826 2717 3881 facti
2760 3839 2936 3891 erant,
2967 3829 3186 3897 quando
3218 3828 3400 3883 omnia
3446 3830 3625 3898 impli-

2042 3931 2160 3975 cata
2198 3920 2418 3973 fuerunt
2462 3918 2685 3982 malitia,
2730 3919 2947 3988 quando
2978 3920 3271 3975 abundavit
3311 3907 3618 3990 peccatum,

2042 4012 2257 4081 quando
2309 4013 2374 4064 ad
2431 4027 2697 4065 summam
2767 4026 3075 4065 mensuram
3131 4012 3387 4081 nequitiae
3446 4014 3623 4083 caligo

2041 4102 2287 4157 excrevit
2317 4114 2335 4157 :
2363 4111 2512 4167 tunc,
2549 4102 2785 4170 inquam,
2826 4102 3080 4171 apparuit
3116 4103 3311 4172 gratia,
3352 4113 3481 4157 tunc
3509 4106 3620 4157 veri

2042 4196 2265 4250 luminis
2293 4198 2477 4251 radius
2502 4194 2725 4262 ell'ulsit,
2760 4206 2885 4251 tunc
2917 4205 3139 4251 exortus
3167 4208 3249 4251 est
3278 4198 3369 4253 Sol
3397 4199 3622 4267 justitiae

2043 4292 2111 4346 iis
2139 4289 2230 4360 qui
2275 4289 2329 4344 in
2384 4290 2622 4345 tenebris
2654 4301 2819 4361 atque
2851 4291 2905 4344 in
2938 4293 3125 4345 umbra
3177 4292 3459 4354 sedebant.
3496 4301 3623 4347 tunc

2044 4384 2209 4439 multa
2256 4384 2435 4451 capita
2473 4381 2731 4436 draconis
2776 4383 3056 4447 contrivit,
3092 4383 3227 4453 pede
3279 4383 3368 4437 illa
3405 4386 3623 4452 procul-

2043 4492 2177 4531 cans
2216 4491 2311 4544 per
2338 4475 2631 4529 humanam
2681 4490 2924 4538 carnem,
2962 4484 3230 4545 terraeque
3270 4475 3422 4529 illisit
3462 4486 3623 4546 atque

361 4558 455 4609 καὶ
476 4555 890 4626 καταπατήσας.
924 4556 1033 4609 Καὶ
1055 4555 1245 4626 μηδεὶς
1274 4554 1410 4626 πρὸς
1433 4555 1501 4608 τὰ
1530 4553 1624 4606 νῦν
1651 4555 1710 4606 ἐν
1731 4554 1811 4624 τῷ
1840 4554 1933 4624 βίῳ

2046 4569 2317 4638 protrivit.
2370 4566 2555 4638 Neque
2602 4581 2731 4623 vero
2775 4568 3042 4638 quispiam
3107 4568 3159 4619 in
3207 4570 3453 4637 prmsenti
3500 4573 3623 4624 vita:

362 4646 796 4718 καταψεύδεσθαι
828 4645 1095 4717 νομιζέτω
1136 4647 1227 4701 τὸν
1256 4646 1435 4715 λόγον,
1468 4646 1589 4699 καθ’
1617 4647 1676 4699 ὃν
1723 4648 1781 4700 ἐν
1829 4648 1939 4710 τοῖς

361 4743 690 4804 τελευταίοις
738 4741 952 4811 χρόνοις
1006 4742 1186 4810 φαμὲν
1236 4740 1541 4812 ἐπιλάμψαι
1591 4739 1669 4812 τῷ
1714 4740 1815 4811 βίῳ
1852 4745 1943 4794 τὸν

361 4834 584 4905 Κύριον.
614 4834 762 4905 Ἑρεῖ
798 4831 905 4903 γάρ
935 4832 964 4884 6
990 4832 1290 4901 ἀντιλέγων
1322 4835 1485 4904 τυχὸν
1505 4873 1519 4897 ,
1561 4835 1642 4887 ὅτι
1676 4833 1781 4887 Τὸν
1811 4835 1941 4887 ἀνα-

364 4928 617 4997 μείνοντα
650 4926 778 4990 τοὺς
825 4929 1047 4997 χρόνους
1094 4924 1231 4996 πρὸς
1260 4925 1359 4996 τὴν
1409 4928 1507 4996 τῆς
1547 4927 1747 4990 κακίας
1776 4926 1941 4996 φανέι·

362 5036 554 5089 ρωσιν,
602 5018 751 5082 ὅπως
779 5018 949 5088 αὐτὴν
978 5016 1309 5088 αὐξηθεῖσαν
1351 5017 1527 5089 ἐξέλῃ,
1570 5019 1941 5090 προθέλυμνον

348 5104 542 5207 Ξπᾶσαν
558 5111 727 5182 αὐτὴν
744 5109 891 5173 είκὸς
907 5110 1261 5181 ἀνῃρηκέναι,
1275 5108 1349 5172 ὡς
1370 5109 1534 5179 μηδὲν
1546 5111 1714 5181 αὐτῆς
1726 5111 1937 5163 ὑπολει-

362 5199 564 5271 φθῆναι
594 5199 671 5270 τῷ
698 5200 797 5271 βίῳ
811 5198 1062 5269 λείψανον
1082 5217 1095 5230 ⁸
1118 5198 1237 5254 νυνὶ
1250 5198 1306 5252 δέ
1324 5200 1492 5268 φόνοι,
1506 5201 1599 5253 καὶ
1616 5200 1831 5263 κλοπαὶ,
1846 5201 1939 5253 καὶ

369 5295 628 5363 μοιχεῖαι,
658 5294 753 5346 καὶ
781 5293 962 5347 πάντα
988 5292 1254 5364 τολμᾶται
1284 5292 1351 5346 τά
1394 5294 1758 5363 πονηρότατα.
1804 5294 1941 5346 Ἀλλ’

362 5392 390 5444 6
421 5392 555 5461 πρὸς
584 5389 740 5443 τοῦτο
771 5389 1005 5459 βλέπων,
1059 5388 1416 5458 ὑποδείγματι
1458 5404 1562 5439 τινι
1595 5386 1702 5439 τῶν
1744 5386 1943 5456 γνωρί-

366 5500 481 5553 μων
510 5480 767 5552 τὴνπερὶ
813 5480 1017 5534 τούτων
1067 5479 1399 5551 ἀμφιϐολίαν
1444 5479 1677 5535 λυσάτω.
1732 5479 1941 5549 Ὥσπερ

362 5575 469 5645 γὰρ
502 5573 628 5627 ίδείν
660 5572 773 5626 ἐστι
804 5573 898 5627 ἐπὶ
925 5574 1025 5644 τῆς
1054 5574 1162 5625 τῶν
1192 5572 1439 5643 ἑρπετῶν
1464 5572 1817 5640 ἀναιρέσεως,
1844 5573 1942 5625 οὐκ

359 5666 519 5729 εὐθὺς
566 5667 632 5736 τῇ
681 5668 892 5737 κεφαλῇ
943 5665 1034 5719 τὸν
1079 5664 1234 5719 ὅλκον
1284 5664 1792 5734 συγκεκρουμὲνων,
1826 5661 1941 5717 ἀλλ’

434 5843 480 5874 ⁷⁸
500 5842 619 5898 Act.
657 5857 787 5907 xvii,
818 5842 906 5898 30.

2045 4671 2187 4715 statu
2238 4676 2545 4714 sermonem
2592 4658 2738 4715 hunc
2783 4659 2999 4715 veritati
3048 4673 3350 4728 repugnare
3393 4662 3623 4714 arbitre-

2046 4763 2152 4815 tur,
2181 4768 2289 4816 quo
2317 4751 2616 4804 asser-imus
2650 4748 2934 4803 Dominum
2977 4746 3180 4802 ultimis
3211 4748 3460 4802 humana:
3500 4752 3623 4803 vita:

2048 4843 2390 4913 temporibus
2423 4842 2685 4897 illuxisse.
2718 4840 2868 4895 Dicet
2894 4839 3037 4895 enim
3075 4839 3325 4894 fortassis
3365 4838 3622 4894 adversa-

2045 4936 2180 4998 rius,
2224 4933 2518 4989 verisimile
2550 4947 2674 4988 esse
2706 4947 2828 4986 eum
2862 4931 2953 5001 qui
3006 4939 3251 5001 tempora
3283 4932 3624 5000 praestolatus

2044 5037 2128 5081 est
2145 5027 2211 5079 ad
2246 5024 2498 5094 nequitia:
2521 5023 3018 5078 manifestationem
3047 5024 3353 5089 commoda,
3376 5032 3434 5078 ut
3455 5023 3620 5087 illam,

2046 5133 2169 5171 cum
2220 5117 2284 5169 ad
2321 5129 2593 5169 summum
2634 5114 2992 5179 excrevisset,
3030 5113 3278 5167 tolleret:
3310 5112 3620 5178 verisimile,

2056 5210 2304 5275 inquam,
2326 5221 2446 5261 esse
2464 5220 2586 5260 eum
2612 5220 2827 5259 omnem
2860 5204 3004 5259 illam
3036 5204 3203 5258 semel
3232 5203 3473 5259 funditus
3499 5219 3625 5257 sus-

2050 5299 2240 5353 tulisse
2265 5338 2280 5363 ,
2333 5298 2404 5350 ita
2451 5306 2511 5350 ut
2551 5295 2709 5350 nulla:
2737 5297 2968 5365 amplius
2998 5295 3113 5364 ejus
3150 5298 3202 5350 in
3240 5299 3344 5351 vita
3381 5295 3625 5364 reliquiae

2050 5393 2339 5446 hrcrerent.
2375 5387 2529 5442 Nunc
2562 5405 2690 5442 vero
2723 5398 2778 5441 et
2809 5390 3002 5449 credes.
3036 5397 3091 5442 et
3124 5389 3347 5458 rapinae,
3377 5398 3428 5442 et
3471 5388 3625 5440 adul-

2049 5484 2206 5542 teria,
2258 5493 2310 5535 et
2351 5483 2476 5549 quid
2525 5497 2631 5534 non
2679 5480 3039 5550 pessimorum
3076 5478 3399 5550 ﬂagitiorum
3432 5494 3624 5548 perpe-

2048 5574 2258 5629 tratur?
2296 5574 2484 5640 Atqui
2528 5590 2592 5627 eo
2639 5574 2958 5642 respexerit,
3005 5572 3361 5628 similitudine
3388 5576 3621 5641 quadam

2046 5683 2075 5718 a
2105 5666 2263 5721 rebus
2299 5666 2603 5720 notioribus
2636 5680 2846 5735 sumpta
2875 5666 3096 5720 dubiqu
3130 5664 3307 5719 solvat
3356 5664 3623 5731 Quemad-
