4044 6332
292 329 432 387 H29

1287 325 1656 385 ADVERSUS
1700 321 2492 382 ANTHROPOMORPHITAS.

3398 332 3535 390 H50

287 450 513 520 ὄψομαι,
548 450 705 520 φησὶ,
735 449 799 502 τὸ
833 448 975 519 μέγα
1003 450 1182 520 ὅραμα
1214 449 1401 501 τοῦτο·
1436 469 1454 501 ι
1505 450 1567 503 οὐ
1606 448 1855 520 τοπικὴν,

1972 457 2159 508 sceret,
2212 467 2230 499 ι
2261 447 2560 501 Transicns
2591 444 2805 509 videbo,
2846 445 3043 513 inquit,
3082 461 3333 517 magnam
3370 452 3538 507 visio-

282 537 459 611 οἶμαι,
496 541 711 611 κίνησιν
757 542 932 612 δηλῶν
963 542 1049 594 διὰ
1080 543 1192 611 ιτῆς
1222 541 1571 607 διαϐάσεως,
1602 543 1736 595 ἀλλὰ
1761 542 1859 611 τὴν

285 633 583 702 παροδικὴν
612 633 705 685 τοῦ
750 634 940 704 χρόνου
968 634 1240 691 διάϐασιν.
1289 634 1363 686 T6
1392 636 1500 705 γὰρ
1527 636 1651 688 τότε
1679 636 1858 687 διατυ-

287 722 467 776 πωθὲν
500 726 557 775 ὲν
592 726 659 795 τῇ
692 725 852 794 φλογὶ
879 726 974 779 καὶ
997 729 1064 797 τῇ
1106 724 1274 796 βάτῳ,
1306 726 1591 790 διαϐάντος
1617 726 1712 780 τοῦ
1760 727 1859 796 μέ-

290 830 385 868 σου
413 816 627 887 χρόνου,
674 816 862 886 σαφῶς
910 818 968 869 ὲν
1010 816 1087 885 τῷ
1126 818 1269 870 κατὰ
1304 818 1403 888 τὴν
1440 817 1716 889 Παρθένον
1754 836 1859 889 μυο

291 908 499 978 στηρίςρ
549 907 917 977 ἀνεκαλύφθη.
983 908 1072 971 Ὣς
1118 910 1225 980 γὰρ
1272 911 1388 962 ἐκεῖ
1431 911 1461 962 6
1509 910 1711 979 θάμνος
1764 911 1859 963 καὶ

291 998 451 1053 ἅπτει
483 998 543 1050 τὸ
573 997 689 1066 φῶς
716 998 811 1051 καὶ
839 998 899 1051 οὐ
928 996 1180 1051 καίεται·
1213 998 1355 1052 οὕτω
1399 1001 1493 1053 καὶ
1523 1002 1556 1069 ὴ
1587 1000 1860 1071 Παρθένος

290 1088 540 1152 ἐνταῦθα,
573 1090 669 1142 καὶ
698 1089 870 1142 τίκτει
901 1088 962 1141 τὸ
985 1089 1119 1157 φῶς.
1155 1092 1248 1142 καὶ
1280 1091 1341 1143 οὐ
1371 1090 1670 1162 φθείρεται.
1705 1094 1765 1146 Ei
1804 1092 1860 1144 δὲ

293 1180 453 1250 βάτος
481 1180 835 1250 προδιατυποῖ
863 1179 923 1233 τὸ
943 1180 1203 1234 Θεοτόκον
1235 1181 1395 1250 σῶμα
1425 1184 1523 1252 τῆς
1560 1183 1856 1253 Παρθένου,

293 1274 369 1342 μὴ
408 1273 769 1344 ἐπαισχυνθῇς
807 1272 885 1343 τῷ
930 1275 1235 1345 αἰνίγματι.
1271 1276 1427 1329 Πᾶσα
1457 1276 1565 1346 γὰρ
1598 1275 1735 1346 σὰρξ
1772 1276 1862 1329 διὰ

288 1365 390 1433 τὴν
430 1364 530 1433 τῆς
572 1364 850 1434 ἁμαρτίας
895 1366 1229 1437 παραδοχὴν,
1262 1367 1382 1420 κατ’
1413 1368 1547 1420 αὐτὸ
1566 1367 1742 1432 τοῦτο,
1779 1368 1861 1423 ὅτι

292 1452 429 1525 σάρξ
454 1455 570 1507 ἐστι
600 1456 781 1524 μόνον,
806 1457 1051 1526 ἁμαρτία
1079 1460 1244 1511 ἐστίν.
1277 1458 1341 1510 'll
1365 1457 1421 1511 δὲ
1448 1459 1687 1530 ἁμαρτία
1709 1461 1861 1531 παρὰ

289 1542 388 1613 τῆς
428 1544 652 1616 Γραφῆς
679 1548 746 1616 τῇ
790 1550 891 1617 τῆς
927 1547 1193 1616 ἀκάνθης
1229 1549 1515 1619 ἐπωνυμία
1554 1551 1858 1621 κατονομά-

289 1634 465 1698 ζεται.

864 1729 1117 1784 ΚΕΦΑΛ.
1158 1732 1281 1785 ΚΖ’.

1969 553 2087 589 nem
2119 538 2254 590 banc
2276 537 2358 590 "’:
2391 553 2409 586 ι
2445 550 2540 605 per
2566 536 2865 600 transitum,
2900 551 3003 589 non
3034 535 3281 604 localem,
3311 551 3368 595 ιιι
3396 546 3535 599 arbi-

1969 639 2113 690 tror,
2169 639 2371 682 motum
2422 628 2767 696 signiﬁcans,
2837 628 2931 683 sed
2987 640 3192 684 certam
3248 638 3536 701 quamdam

1969 720 2226 787 temporis
2266 719 2652 775 evolutionem.
2696 718 2851 786 Quod
2891 720 3033 775 enim
3067 732 3197 777 tunc
3239 725 3290 778 in
3324 726 3538 783 ﬁamma

1966 810 2128 881 397
2162 820 2215 865 et
2247 812 2383 866 rubo
2418 811 2705 881 ﬁguratum
2730 811 2868 876 fuit,
2912 812 2964 867 id
2992 813 3179 883 elapso
3218 816 3539 874 intermedio

1971 913 2212 973 tempore
2243 901 2528 957 manifeste
2562 903 2615 957 in
2639 902 2902 973 “Virginis
2950 906 3205 976 mysterio
3238 908 3535 963 revelatqu

1970 991 2088 1046 luit.
2135 991 2597 1058 Quemadmodum
2648 993 2790 1049 enim
2843 993 2953 1049 illic
3001 995 3181 1051 lumen
3242 998 3534 1069 virgultum

1969 1084 2237 1148 accendit,
2292 1098 2465 1151 neque
2520 1093 2701 1139 tamen
2766 1085 3065 1141 aduritur:
3110 1086 3183 1142 ita
3238 1089 3400 1144 etiam
3450 1092 3539 1148 hic

1969 1172 2131 1241 Virgo
2168 1184 2221 1226 et
2262 1175 2402 1243 parit
2437 1174 2640 1238 lumen,
2673 1185 2727 1231 et
2762 1193 2867 1230 non
2904 1180 3289 1247 corrumpitur.
3317 1180 3376 1235 Si
3408 1197 3538 1238 vero

1970 1266 2133 1319 rubus
2166 1266 2390 1335 ﬁgurate
2426 1267 2697 1337 signiﬁcat
2732 1268 3010 1337 deiparum
3044 1271 3279 1341 Virginis
3318 1287 3537 1344 corpus,

1968 1372 2035 1412 ne
2084 1366 2134 1412 te
2186 1358 2423 1415 oﬁ'endat
2469 1359 2659 1429 ﬁgura.
2698 1360 2885 1417 Omnis
2931 1361 3074 1417 enim
3120 1377 3270 1429 caro,
3318 1374 3539 1435 prapter

1967 1447 2172 1515 peccati
2199 1449 2622 1518 susceptionem,
2667 1466 2729 1504 ea
2768 1452 2977 1507 ratione
3005 1467 3111 1522 qua
3139 1468 3269 1509 caro
3299 1465 3384 1510 est
3420 1465 3539 1509 tan-

1968 1541 2104 1599 tum,
2180 1547 2459 1603 peccatum
2508 1547 2612 1592 est.
2652 1538 2941 1595 Peccatum
2988 1555 3121 1597 vero
3168 1559 3199 1598 a
3254 1542 3538 1616 Scriptura

1965 1625 2132 1692 spina:
2162 1625 2522 1695 appellatione
2548 1629 2875 1684 nominatur.

2508 1742 2738 1799 CAPUT
2776 1743 2991 1801 XXVII'

293 1842 408 1898 Τὸν
431 1843 659 1928 μεταξὺ
684 1841 796 1928 ἰοῦ
822 1843 973 1928 ναοῦ
1003 1844 1098 1928 καί
1134 1844 1240 1928 τοιξ
1283 1846 1718 1928 θυσιαιζτηρζου
1751 1863 1858 1915 φο-

1972 1845 2289 1928 Ζαςιιιιτιαιη
2320 1851 2457 1904 inter
2483 1854 2733 1921 templum
2771 1864 2817 1928 et
2846 1855 3017 1912 altare
3050 1861 3403 1928 interfectum,
3436 1877 3539 1917 non

357 1911 998 1983 νεὺθέντανΖαχαρίαν,
1031 1916 1142 1967 οὐκ
1172 1914 1453 1981 εὐκαιρον
1478 1911 1558 1983 ἦν
1581 1911 1681 1981 sic
1710 1911 1863 1983 gap-

358 1985 571 2106 τιῦρίαγ
600 1982 711 2051 τῆς
743 1984 1012 2053 ἀφθόρου
1046 1986 1287 2051 Μητρὸς
1322 1984 1434 2054 (l9)
1469 1982 1862 2054 παραστήσα-

360 2070 404 2107 σ
440 2069 523 2106 αι.

370 2204 571 2274 ’ἱερεὺς
593 2198 743 2266 οὗτος
773 2204 801 2257 6
830 2204 1101 2274 Ζαχαρίας
1128 2200 1215 2275 ἦν,
1240 2204 1334 2258 καὶ
1359 2206 1418 2258 ἐν
1435 2204 1516 2275 τῷ
1534 2206 1632 2276 τῆς
1656 2224 1869 2278 προφη-

290 2294 438 2358 τείας
466 2296 783 2367 χαρίσματι,
824 2297 891 2349 ’Π
910 2296 967 2349 δὲ
999 2298 1098 2364 τῆς
1119 2296 1450 2370 προφητείας
1487 2298 1713 2371 δύναμις
1740 2300 1869 2355 ἀνά-

292 2404 531 2456 γραπτος
563 2389 620 2440 ὲν
640 2386 717 2456 τῷ
734 2386 918 2457 βιϐλίῳ
938 2387 1032 2439 τοῦ
1056 2387 1383 2456 Εὑαγγελίου
1414 2388 1769 2459 κηρύσσεται,
1786 2390 1867 2443 ὅτι

296 2475 719 2544 προοδοποιοῦσα
738 2480 847 2540 τοίς
876 2477 1226 2547 ἁνθρώποιςή
1253 2478 1370 2531 θεία
1391 2479 1571 2549 χάρις,
1589 2479 1664 2551 μὴ
1681 2480 1772 2533 τὸν
1804 2481 1868 2533 ἐκ

295 2567 586 2635 παρθενίας
598 2567 753 2619 τόκον
774 2567 1000 2620 ἄπιστον
1018 2570 1348 2638 ἡγήσασθαι,
1362 2573 1471 2634 τοῖς
1484 2571 1727 2625 ἐλάττοσι
1741 2572 1842 2625 θαύ
1854 2602 1868 2612 -

298 2672 429 2725 μασι
448 2654 817 2725 προγυμνάζει
836 2656 944 2708 τῶν
966 2658 1209 2715 ἀπίστων
1233 2658 1329 2727 τὴν
1354 2658 1770 2725 συγκατάθεσιν.
1788 2660 1867 2731 τῇ

296 2746 486 2818 στείρᾳ
520 2750 611 2800 καὶ
639 2748 903 2819 παρήλικι
932 2750 1173 2801 τίκτεται
1201 2752 1350 2813 παῖς.
1384 2751 1557 2805 Τοῦτο
1582 2752 1867 2822 προοίμιον

295 2837 389 2891 τοῦ
419 2839 555 2891 κατά
592 2838 689 2909 τὴν
726 2839 998 2911 Παρθένον
1029 2841 1329 2911 μυστηρίου
1359 2842 1588 2909 γίνεται.
1648 2843 1736 2905 Ὠς
1762 2844 1869 2915 γὰρ

308 2926 589 2982 Ἑλισάόετ
621 2929 681 2981 οὐ
715 2929 928 2999 φύσεως
951 2931 1175 3001 δυνάμει
1203 2932 1389 3002 μήτηρ
1413 2933 1646 3001 γίνεται,
1680 2936 1871 3002 ἄγονος

294 3018 387 3071 τὸν
416 3018 529 3088 βίον
560 3022 1013 3092 καταγηράσασα,
1028 3023 1139 3076 ἀλλ’
1160 3025 1251 3075 ἐπὶ
1271 3024 1331 3076 τὸ
1348 3024 1486 3077 θεῖον
1512 3024 1759 3095 βούλημα
1777 3024 1869 3077 τοῦ

297 3110 488 3174 παιδὸς
515 3114 547 3171 ἡ
577 3116 793 3181 γένεσις
819 3115 1149 3185 ἀναφέρεται
1174 3130 1187 3142 ·
1223 3114 1367 3168 οὕτω
1400 3118 1495 3169 καὶ
1534 3116 1634 3186 τῆς
1663 3117 1870 3187 παρθε-

2038 1919 2202 1999 fuisse
2264 1919 2611 1988 opportunum
2669 1933 2725 1975 ut
2777 1926 2831 1977 in
2891 1919 3245 1985 testimonium
3310 1919 3539 2003 Virginis

2039 1998 2228 2041 matris
2257 2001 2593 2045 statueretur.

2041 2184 2334 2242 Zacharias
2378 2189 2466 2244 bic
2500 2192 2755 2247 sacerdos
2801 2204 2916 2249 erat
2959 2206 3013 2252 et
3057 2200 3351 2268 prophetia:
3398 2200 3542 2259 dono

1970 2276 2170 2331 clarus.
2224 2279 2527 2349 Prophetize
2577 2294 2757 2339 autem
2819 2288 2898 2343 vis
2948 2289 3220 2364 descripta
3291 2296 3346 2350 in
3403 2296 3541 2352 libro

1972 2368 2384 2439 Evangeliorum
2424 2374 2770 2442 prmdicatur,
2818 2383 2959 2448 quod
3004 2383 3180 2438 divina
3229 2388 3401 2456 gratia
3444 2389 3544 2442 bo-

1973 2461 2207 2517 rninibus
2236 2463 2381 2517 viam
2419 2474 2686 2532 sternens,
2727 2486 2794 2525 ne
2818 2483 3031 2539 partum
3058 2492 3124 2530 ex
3162 2480 3369 2548 virgine
3401 2480 3543 2536 iudi-

1970 2569 2131 2623 gnum
2167 2570 2286 2612 esse
2319 2557 2423 2613 ﬁde
2469 2561 2862 2630 existimarent,
2915 2567 3215 2625 minoribus
3262 2572 3542 2628 miraculis

1973 2645 2371 2702 incredibilium
2413 2652 2787 2709 assensionem
2843 2672 2907 2711 ac
2958 2658 3113 2713 ﬁdem
3163 2675 3538 2731 praaexercct:

1974 2740 2098 2793 anui
2148 2742 2433 2810 decrepita:
2483 2745 2724 2799 nascitur
2774 2747 2937 2804 ﬁlius.
2986 2749 3099 2805 Hoc
3136 2753 3304 2808 veluti
3338 2760 3541 2825 praell-

1973 2836 2117 2887 dium
2158 2844 2241 2889 est
2272 2836 2515 2906 mysterii
2554 2847 2742 2905 partus
2771 2840 3021 2910 virginei.
3072 2842 3539 2910 Quemadmodum

1972 2927 2116 2979 enim
2160 2927 2437 2983 Elizabeth
2484 2944 2588 2983 non
2636 2939 2843 2986 natur-te
2888 2933 3148 2988 beneﬁcio
3180 2950 3245 2990 ac
3285 2937 3544 2993 facultate

1977 3018 2037 3070 tit
2089 3028 2286 3083 later,
2351 3034 2473 3072 eum
2523 3019 2724 3074 sterilis
2776 3036 2873 3090 per
2919 3037 3132 3077 onmem
3190 3027 3351 3081 vitam
3413 3043 3543 3082 eon«

1974 3109 2261 3176 annuisset,
2282 3110 2375 3164 sed
2397 3110 2593 3165 divina:
2613 3110 2877 3166 voluntati
2907 3113 2997 3167 ﬁlii
3022 3118 3297 3184 generatio
3323 3131 3541 3191 accepta

295 3203 451 3273 νικῆς
478 3177 663 3267 ὠδῖνος
692 3206 725 3274 ἡ
742 3177 967 3258 ἀπιστία
992 3177 1080 3275 τῇ,
1106 3206 1241 3276 πρὸς
1267 3208 1326 3258 τὸ
1358 3207 1510 3259 Θεῑον
1537 3177 1785 3278 ἀναφορᾷ
1809 3208 1868 3261 τὸ

1978 3201 2214 3256 refertur
2242 3219 2256 3256 :
2295 3203 2367 3257 ita
2400 3204 2567 3258 etiam
2591 3204 2818 3273 virginei
2842 3214 3026 3274 partus
3053 3208 3448 3266 incredibilitas
3474 3214 3541 3265 ad

295 3294 487 3347 πιστὸν
532 3294 664 3365 ἔχει.
729 3296 949 3366 Ἐπειδὴ
1009 3297 1189 3349 τοίνυν
1237 3298 1609 3367 προλαμϐάνει
1660 3298 1751 3351 τὸν
1805 3301 1869 3353 ἐκ

299 3385 601 3456 παρθενίας
626 3386 785 3438 τόκον
812 3389 840 3440 ὁ
862 3387 971 3441 ἀπὸ
999 3392 1099 3458 τῆς
1126 3390 1365 3459 στείρας,
1396 3393 1424 3443 6
1468 3390 1603 3461 πρὸς
1630 3391 1729 3461 τὴν
1759 3410 1869 3459 φω-

296 3477 394 3549 νὴν
421 3476 523 3547 τῆς
552 3477 924 3548 κυοφορούσης
948 3478 1038 3531 τὸν
1074 3481 1275 3551 Κύριον
1314 3482 1442 3551 πρὶν
1470 3482 1549 3543 είς
1587 3481 1702 3549 φῶς
1735 3499 1869 3551 προ-

296 3565 471 3619 ελθεῖν
523 3568 581 3618 ἐν
635 3569 700 3637 τῇ
766 3567 995 3640 μητρῷα
1046 3570 1201 3640 νηδύϊ
1264 3572 1594 3644 σκιρτήσας*
1645 3572 1761 3643 ἆμα
1813 3574 1870 3626 δὲ

296 3657 543 3728 παρῆλθε
589 3660 668 3721 είς
711 3659 924 3727 γένεσιν
952 3662 981 3712 6
1023 3661 1117 3713 τοῦ
1147 3661 1323 3730 Λόγου
1373 3663 1699 3733 πρόδρομος,
1749 3665 1869 3717 τότε

298 3747 486 3803 λύεται
517 3750 595 3821 τῷ
624 3751 869 3820 Ζαχαρία
912 3750 1001 3803 διὰ
1044 3753 1144 3822 τῆς
1178 3755 1523 3824 προφητικῆς
1553 3757 1872 3825 περιπνοίας

300 3840 335 3910 ἡ
364 3841 563 3912 σιωπὴ.
592 3842 684 3895 καὶ
708 3844 808 3896 ὅσα
837 3842 1167 3913 διεξέρχεται
1188 3845 1216 3896 6
1246 3846 1538 3915 Ζαχαρίας,
1567 3848 1870 3917 προφητεία

297 3926 393 3979 τοῦ
432 3930 718 3999 μέλλοντος
774 3928 872 4002 ἦν·
926 3925 1080 3996 οὗτος
1128 3934 1307 3986 τοίνυν
1355 3935 1384 3986 6
1426 3935 1504 4004 τῷ
1553 3937 1872 4007 προφητικῷ

302 4018 583 4091 Πνεύματι
628 4023 765 4094 πρὸς
789 4026 886 4094 τὴν
925 4024 1033 4078 τῶν
1062 4026 1318 4097 κρυπτῶν
1366 4027 1565 4094 γνῶσιν
1603 4046 1872 4098 χειραγω-

300 4111 585 4183 γούμενος,
606 4116 666 4168 τὸ
691 4118 987 4187 μυστήριον
1012 4118 1108 4187 τῆς
1153 4119 1447 4189 παρθενίας
1475 4120 1567 4171 ἐπὶ
1587 4120 1681 4173 τοῦ
1708 4122 1873 4190 ἀφθό-

301 4220 396 4274 ρου
447 4205 608 4258 τόκου
654 4212 1014 4277 κατανοήσας,
1062 4209 1162 4261 οὐκ
1206 4208 1466 4280 ἀπέκρινε
1493 4209 1570 4279 τῷ
1620 4210 1734 4281 ναῷ
1779 4211 1872 4264 τοῦ

300 4297 423 4359 ταῖς
459 4295 748 4367 παρθένοις
802 4298 943 4351 κατὰ
992 4297 1082 4350 τὸν
1126 4298 1287 4368 νόμον
1332 4300 1869 4371 ἀποκεκληρωμένου

300 4385 468 4441 τόπου
506 4388 605 4456 τὴν
648 4388 919 4455 πάναγνον
973 4390 1203 4459 μητέρα,
1258 4390 1524 4443 διδάσκων
1566 4394 1692 4454 τοὺς
1746 4394 1871 4444 ’1ου-

1976 3292 2142 3348 Deum
2174 3294 2341 3349 relata
2376 3295 2533 3350 ﬁdem
2567 3297 2791 3353 invenit.
2821 3300 2955 3354 Cum
2986 3299 3151 3370 igitur
3177 3313 3364 3372 partus
3402 3319 3544 3360 anus

1972 3386 2174 3441 sterilis
2246 3387 2547 3455 virgineum
2600 3400 2812 3458 partum
2869 3391 3177 3459 praecedat,
3242 3392 3289 3447 is
3338 3396 3428 3463 qui
3476 3397 3541 3449 ad

1973 3492 2156 3530 vocem
2201 3477 2318 3547 ejus
2370 3494 2489 3546 quae
2524 3479 2809 3533 Dominum
2853 3491 3006 3536 utero
3051 3483 3316 3553 gestabat,
3364 3501 3541 3555 prius—

1974 3585 2133 3636 quam
2170 3569 2223 3623 in
2252 3570 2423 3623 lucem
2466 3574 2727 3638 prodiret,
2761 3574 2813 3625 in
2840 3583 3085 3628 materno
3121 3585 3272 3630 utero
3299 3577 3542 3632 exsulta-

1974 3662 2086 3727 bat,
2129 3663 2293 3717 simul
2322 3678 2450 3717 vero
2482 3665 2643 3718 etiam
2680 3675 2837 3719 natus
2876 3676 2960 3720 est
2990 3666 3149 3721 Verbi
3186 3682 3489 3735 praecursor
3524 3684 3541 3724 :

1976 3761 2105 3806 tunc
2152 3753 2366 3807 demum
2419 3753 2647 3808 solvitur
2703 3754 2982 3809 Zachariae
3031 3772 3125 3825 per
3170 3759 3540 3826 proplteticam
3598 3745 3608 3758 ’

1974 3844 2299 3900 atllationem
2327 3846 2621 3912 silentium,
2661 3857 2714 3902 et
2740 3862 3072 3917 quazcuuque
3100 3849 3305 3917 profert
3336 3851 3542 3907 Zacha-

1974 3937 2103 3999 rias,
2143 3935 2425 4005 pr0pbetia
2463 3932 2767 3988 futurorum
2819 3945 2995 3990 erant.
3057 3936 3153 3991 llic
3198 3939 3382 4007 itaque
3421 3954 3544 4009 pro-

1974 4027 2189 4095 phetico
2234 4025 2426 4093 spiritu
2473 4026 2541 4079 ad
2585 4026 2921 4080 occultorum
2969 4029 3333 4097 cognitionem
3380 4034 3539 4099 quasi

1976 4131 2133 4168 manu
2171 4115 2388 4178 ductus,
2422 4129 2543 4169 cum
2578 4116 2901 4186 mysterium
2935 4116 3170 4186 Virginis
3195 4119 3260 4175 de
3292 4120 3543 4176 incorru-

1973 4216 2065 4277 pto
2095 4216 2251 4277 partu
2286 4207 2453 4275 probe
2478 4208 2821 4277 intelligeret,
2879 4224 2982 4261 non
3014 4210 3191 4265 arcuit
3219 4212 3543 4267 incontami—

1974 4311 2153 4353 natam
2200 4300 2677 4369 purissimamque'
2708 4296 2936 4354 matrem
2981 4301 3049 4355 ab
3089 4315 3154 4355 co
3202 4302 3382 4372 templi
3426 4302 3544 4357 loco

1973 4394 2064 4460 qui
2114 4391 2415 4461 virginibus
2471 4406 2536 4445 ex
2601 4391 2718 4461 lege
2764 4391 3079 4461 designatus
3123 4405 3263 4457 erat,
3314 4394 3535 4460 docens,

299 4478 482 4541 δαίους
513 4480 593 4533 ὃτι
621 4482 651 4533 6
670 4481 778 4533 τῶν
816 4481 953 4533 ὅλων
984 4482 1321 4550 Δημιουργὸς
1346 4482 1458 4553 (20)
1490 4484 1583 4536 καὶ
1608 4484 1867 4547 Βασιλεὺς

1978 4483 2227 4537 videlicet
2279 4480 2514 4543 .ludzeos,
2573 4481 2888 4535 Creatorem
2947 4482 3109 4536 totius
3152 4484 3385 4537 universi
3425 4498 3542 4537 om-

299 4570 483 4643 πάσης
510 4570 757 4634 κτίσεως,
788 4572 1098 4643 ὑποχείριον
1133 4573 1245 4641 ἔχει
1275 4574 1454 4644 ἑαυτῷ
1484 4575 1621 4645 μετά
1651 4576 1866 4628 πάντων

298 4662 399 4732 τὴν
446 4662 792 4733 ἀνθρωπίνην
842 4663 1021 4731 φύσιν.
1064 4664 1140 4733 τῷ
1175 4664 1289 4733 ἰδίῳ
1328 4665 1589 4735 θελήματι
1624 4667 1759 4735 πρὸς
1808 4666 1869 4718 τὸ

297 4752 489 4806 δοκοῦν
536 4754 707 4824 αὐτὴν
758 4755 927 4821 ἄγων,
977 4755 1078 4807 οὐκ
1129 4755 1292 4817 αὐτὸς
1325 4756 1427 4808 ὑπὸ
1469 4756 1671 4827 ταύτης
1711 4756 1869 4809 δυνα-

302 4846 646 4914 στευόμενος,
697 4846 772 4908 ὡς
818 4848 876 4898 ἐν
918 4849 984 4917 τῇ
1022 4846 1250 4917 δυνάμει
1293 4846 1458 4900 αὑτοῦ
1492 4844 1629 4901 εἶναι
1677 4848 1867 4918 καινὴν

300 4936 552 5006 γέννησιν
578 4936 999 5008 δημιουργῆσαι,
1026 4938 1145 5007 ἥτις
1188 4941 1287 5009 τὴν
1317 4939 1617 5009 γενομένην
1656 4940 1867 5010 μητέρα

296 5027 358 5079 τὸ
386 5023 526 5080 εἶναι
552 5027 816 5098 παρθένον
840 5029 941 5081 οὐκ
968 5029 1353 5101 ἀφαιρήσεται.
1391 5030 1489 5083 Διά
1518 5030 1675 5083 τοῦτο
1701 5029 1869 5101 αὐτὴν

367 5184 413 5213 τ’
441 5183 606 5236 Exod.
637 5198 719 5247 ιιι,
749 5184 797 5237 5.

1977 4575 2167 4643 nisque
2218 4585 2480 4628 creatura:
2505 4573 2672 4645 398
2701 4574 2985 4629 Dominum
3047 4574 3339 4628 humanam
3392 4588 3542 4629 uatu-

1979 4681 2090 4718 ram
2134 4681 2257 4719 cum
2307 4667 2526 4735 reliquis
2567 4670 2731 4721 etiam
2785 4667 3037 4721 omnibus
3085 4668 3187 4722 sibi
3239 4669 3539 4736 snbjectam

1978 4758 2199 4820 habere,
2248 4766 2301 4810 et
2334 4771 2433 4825 pro
2480 4772 2581 4811 suo
2611 4758 2874 4810 arbitratu
2918 4773 3242 4827 quocunque
3284 4760 3413 4814 velit
3448 4762 3542 4815 dn-

1975 4862 2119 4912 cere,
2150 4863 2255 4901 non
2280 4857 2460 4902 autem
2487 4848 2656 4917 ipsius
2681 4848 2887 4917 legibus
2911 4850 3193 4904 astrictum
3223 4866 3343 4907 esse
3370 4870 3384 4906 :
3409 4855 3544 4908 adeo

1975 4949 2033 4992 ut
2060 4940 2112 4993 in
2150 4940 2319 5009 ipsius
2356 4948 2624 5009 potestate
2665 4940 2737 4993 sit
2786 4942 2947 4994 situm
2999 4957 3194 4995 novam
3236 4953 3541 4998 creaturam

1978 5045 2187 5096 creare,
2222 5044 2340 5099 qua:
2376 5039 2548 5084 mater
2583 5029 2774 5085 ell'ecta
2825 5033 2978 5103 virgo
3014 5046 3135 5088 esse
3169 5048 3274 5087 non
3308 5036 3548 5090 desinat.

1525 5319 1682 5375 BON.
1725 5321 2040 5377 VULCANII
2078 5323 2308 5378 ΝΟΤΛΕ.

372 5475 635 5557 (19)“
664 5478 940 5557 αξοθόροι.)
981 5478 1236 5557 ΙξῖῃτρὸςΣ
1281 5473 1334 5528 In
1386 5477 1449 5530 Υ.
1480 5477 1541 5532 C.
1586 5487 1705 5531 erat
1740 5479 1868 5547 ἀφθί

1982 5520 1996 5544 ,
2038 5483 2132 5535 sed
2173 5482 2451 5552 legendum
2508 5485 2729 5539 omnino
2777 5486 3039 5557 ἀφθόρου,
3084 5498 3143 5541 ιιι
3187 5496 3241 5541 et
3294 5490 3394 5543 bac
3425 5491 3537 5556 ipsa

304 5562 427 5616 pag.
461 5546 502 5601 C
535 5548 622 5608 ll,
661 5548 752 5598 ἐπὶ
780 5547 873 5597 τοῦ
906 5547 1139 5613 ἀφθόνου
1178 5548 1357 5599 τόκου.

370 5617 483 5686 (20)
522 5618 593 5692 _'0
631 5616 751 5692 τῷν
783 5617 942 5692 ῥ’λων
973 5618 1363 5692 βημιουργός,
1397 5625 1501 5692 etc.
1546 5614 1668 5692 lianc
1706 5619 1868 5692 omni:

1972 5621 2305 5688 eripbrastiee
2328 5624 2598 5692 explicant
2622 5627 2726 5677 vim
2759 5627 3003 5680 vocabuli
3036 5629 3404 5691 ἀϐασίλευτος,
3442 5632 3541 5683 hoc

301 5700 402 5745 est,
445 5688 532 5752 qui
571 5689 763 5739 nullius
798 5686 1079 5769 imperium
1112 5688 1387 5765 agtiosrit;
1424 5689 1525 5747 vel,
1558 5689 1646 5765 qui
1693 5686 1961 5741 nemiuem
2001 5686 2159 5745 habet
2194 5686 2549 5763 superiorem,
2576 5698 2718 5763 quod
2759 5698 3026 5765 interpres
3058 5702 3237 5769 Cyrilli
3273 5686 3539 5752 interdum

304 5758 480 5820 vertit,
516 5759 859 5824 inregnutus;
894 5755 1180 5814 interdum,
1219 5756 1392 5807 minus
1424 5772 1585 5819 recu',
1625 5762 1955 5813 immortalis.

633 5847 902 5905 Parum“
952 5847 1067 5905 (in.
1117 5845 1395 5905 LXXVI.

3109 5863 3185 5921 36
