4044 6332
322 398 458 452 1133

342 547 849 561 —.—-_..—_———————
884 545 890 550 -
1042 548 1049 549 κ
1098 547 1211 555 -.ο-

342 560 785 573 M

1250 392 1335 447 DE
1375 391 1601 448 RECTA
1640 392 1820 463 FIDE,
1860 394 1952 447 At)
1992 392 2435 451 THEODOSIUM
2476 395 2616 450 IMP.

3432 402 3570 460 “34

2774 556 3123 572 ζ......,4-›.Ὴ-ι,⁴,,
3298 558 3569 572 ,φκ-η-αι

2828 571 3191 582 ...μς-..-ῃ
3218 572 3568 584 ,μισ--..κῃ

671 734 1017 867 ΤΟΥ
1116 730 1687 867 ΑΥΤΟΥ
1766 730 2287 869 ΑΓΙΟΥ
2368 737 3230 874 ΚΥΡΙΛΛΟΥ

1366 991 1937 1045 ΛΡΧΙΕΠΙΣΚΟΠΟΥ
1973 992 2494 1046 ΑΛΕΞΑΝΔΡΕΙΑΣ

1052 1174 1248 1224 ΠΡΟΣ
1292 1173 1430 1226 ΤΟΝ
1462 1172 2044 1226 ΕΥΣΕΒΕΣΤΑΤΟΝ
2078 1175 2403 1227 ΒΑΣΙΛΕΑ
2442 1175 2852 1229 ΘΕΟΔΟΣΙΟΝ

1466 1336 2442 1423 ΠΡΟΣΦΩΝΗΤΙΚΟΣ.

822 1541 955 1608 Περὶ
993 1540 1102 1609 τῆς
1137 1541 1316 1608 ὀρθῆς
1352 1540 1608 1603 πίστεως
1638 1540 1747 1608 τῆς
1784 1542 1869 1606 είς
1902 1540 2009 1593 τὸν
2038 1539 2257 1608 Κύριον
2286 1539 2455 1610 ἡμῶν
2506 1542 2744 1609 Ἰησοῦν
2772 1544 3044 1611 Xjuatu'r.

1285 1913 1848 2047 SANCTI
1944 1919 2593 2048 CYRILLI

1423 2170 1891 2226 ALEXANDRINI
1931 2170 2450 2228 AllCHIEl‘lSCOPI

892 2331 995 2389 Al)
1038 2329 1741 2390 RELIGIOSISSIMUM
1802 2328 2397 2390 IMPERATOREM
2449 2330 2975 2393 THEODOSIUM

1756 2508 2106 2599 LIBER

955 2709 1039 2768 De
1087 2712 1249 2767 recta
1299 2704 1362 2765 in
1410 2703 1753 2764 Dominum
1797 2706 2085 2762 nostrum
2130 2701 2351 2760 Jesum
2396 2698 2717 2762 Christum
2764 2701 2905 2761 ﬁde.

307 2876 791 2939 (lnterpretationem
837 2870 1051 2919 Latinam
1084 2883 1229 2930 quam
1275 2869 1524 2939 Joannes"
1540 2863 2090 2939 Auoertusadmiserat
2130 2861 2414 2939 reiecimu‘s,
2452 2868 2499 2910 et
2544 2874 2652 2913 eam
2676 2865 2960 2927 recepimus
2995 2880 3105 2929 qum
3133 2876 3291 2918 exstat
3328 2873 3373 2920 in
3417 2873 3561 2922 tomis

1491 2926 1816 2978 Conciliorum
1839 2938 1900 2974 ex
1930 2924 2150 2974 editione
2176 2924 2372 2988 Maitsi.)

371 3236 449 3289 A’.
490 3234 599 3300 Τῆς
648 3233 746 3302 μὲν
778 3234 836 3286 ἐν
863 3231 1168 3303 ἀνθρώποις
1211 3230 1459 3294 εὐκλείας
1487 3230 1548 3282 τὸ
1577 3228 1866 3295 ἀνώτατον,

2054 3229 2097 3297 ι
2134 3228 2172 3281 l.
2214 3226 2540 3295 Supremum
2575 3227 2825 3280 humana:
2893 3226 3077 3297 glorim
3111 3204 3357 3295 culmen,
3394 3232 3554 3288 Chri-

302 3327 395 3382 καὶ
417 3325 767 3393 ἁσυγκρίτοις
803 3323 1082 3394 διαφοραῖς
1111 3322 1220 3374 τῶν
1259 3321 1434 3375 ἄλλων
1482 3321 1737 3374 ἁπάντων
1784 3321 1879 3374 ἀν-

302 3416 529 3485 επηκὸς
583 3432 642 3467 τε
675 3414 769 3467 καὶ
810 3414 1223 3483 ὑπερκείμενον,
1254 3415 1429 3482 ὑμεῖς,
1465 3407 1512 3465 ὦ
1543 3412 1877 3482 φι).όχριστοι

301 3506 536 3577 βασιλεῖς
558 3522 572 3535 ⁸
602 3506 696 3558 καὶ
725 3504 925 3574 κλῆρος
968 3505 1093 3573 ὑμῖν
1126 3503 1400 3573 ἐξαίρετός
1436 3521 1494 3556 τε
1528 3502 1622 3556 καὶ
1651 3505 1877 3573 πρέπων

297 3597 451 3670 παρὰ
477 3597 634 3660 Θεοῦ,
664 3597 761 3667 τῆς
795 3598 1020 3667 ἐνούσης
1065 3594 1213 3664 αὑτῷ
1266 3597 1407 3648 κατὰ
1477 3597 1695 3649 πάντων
1716 3596 1878 3666 ὑπερ-

299 3691 448 3761 οχῆς·
475 3689 623 3751 είκός
651 3688 759 3760 γὰρ
786 3689 879 3740 ἐπὶ
901 3687 1005 3757 γῆς
1033 3688 1094 3740 τὸ
1130 3687 1296 3758 γέρας
1315 3700 1363 3741 ﬂ.
1384 3688 1639 3757 Κάμπτει
1655 3688 1752 3759 μὲν
1767 3688 1875 3758 γὰρ

297 3781 446 3852 αὑτῷ
472 3783 578 3835 πᾶν
600 3781 751 3850 γόνυ,
768 3780 960 3852 Θρόνοι
988 3796 1049 3832 τε
1069 3779 1161 3832 καὶ
1187 3780 1397 3849 Ἀρχαὶ,
1423 3782 1753 3849 κυριότητες
1783 3780 1877 3833 καὶ

310 3874 601 3940 Ἐξουσίαι,
634 3873 817 3927 δοῦλον
852 3871 1150 3943 ὑπέχουσαι
1187 3871 1215 3911 ι)
1249 3872 1342 3924 τὸν
1374 3872 1597 3942 αὐχένα,
1633 3874 1727 3925 καὶ
1755 3874 1874 3935 ταῖς

297 3965 663 4034 καθηκούσαις
691 3965 778 4017 ἀεί
804 3961 1131 4029 δοξολογίαις
1173 3962 1655 4032 καταγεραίρουσι,
1686 3962 1870 4032 πλήρη

295 4074 355 4110 τε
387 4054 524 4110 εἶναι
562 4075 691 4126 φασι
739 4058 830 4109 τὸν
868 4055 1114 4127 οὐρανὸν.
1161 4056 1256 4108 καὶ
1291 4054 1391 4124 τὴν
1433 4056 1537 4124 γῆν
1569 4055 1668 4124 τῆς
1711 4055 1868 4125 δόξης

296 4148 482 4204 αὑτοῦ.
509 4149 636 4202 Ἴδοι
667 4148 713 4200 δ’
742 4148 808 4201 ἂν
840 4165 922 4211 τις
952 4149 1045 4200 καὶ
1077 4146 1171 4201 ἐπὶ
1209 4150 1308 4217 τῆς
1337 4147 1610 4217 ὑμετέρας
1642 4146 1872 4217 γαληνό-

295 4257 485 4311 τητος,
525 4240 626 4309 τῆς
662 4242 804 4294 οὕτω
849 4239 1182 4311 περιφανοῦς
1217 4240 1311 4293 καὶ
1349 4239 1624 4292 ἁνωτάτου
1678 4236 1869 4291 πασῶν

294 4332 542 4395 εὐκλείας
607 4333 974 4403 διαπρέποντά
1029 4350 1087 4384 τε
1139 4333 1235 4383 καὶ
1282 4332 1485 4402 ἐναργῆ
1535 4330 1628 4384 τὸν
1673 4330 1865 4384 τύπον.

304 4424 491 4494 Ὑμεῖς
507 4426 614 4496 γάρ
649 4427 769 4478 ἐστε
783 4426 877 4478 καὶ
906 4424 1013 4477 τῶν
1041 4426 1120 4486 εἰς
1147 4421 1297 4492 λῆξιν
1313 4422 1639 4493 ἀξιωμάτων
1665 4423 1867 4493 πηγαὶ,

294 4518 386 4569 καὶ
422 4519 639 4587 ἀπάσης
669 4516 943 4586 ὑπεροχῆς
980 4517 1255 4587 ἐπέκεινα,
1289 4516 1383 4568 καὶ
1415 4518 1515 4586 τῆς
1558 4516 1618 4568 ἐν
1651 4514 1864 4588 ἀνθρὼ-

1978 3319 2297 3375 stianissimi
2340 3319 2718 3387 imperatores,
2769 3319 2927 3388 longe
2962 3322 3199 3376 maxime
3246 3325 3557 3381 discrimine

1980 3412 2191 3466 caeteris
2219 3409 2473 3465 omnibus
2501 3410 2830 3466 antecellens
2863 3423 3265 3482 praestansque;
3295 3417 3552 3484 praeclara

1978 3501 2162 3555 itidem
2220 3499 2353 3563 fors,
2400 3515 2707 3571 munusque
2742 3502 3048 3572 perillustre
3092 3518 3120 3557 ει
3162 3506 3340 3559 divina
3372 3513 3554 3563 excel-

1978 3596 2141 3649 lentia
2188 3604 2245 3648 et
2297 3593 2578 3661 majestate
2605 3594 2658 3648 in
2731 3610 2827 3649 vos
2889 3596 3132 3660 deﬂuxit,
3195 3614 3390 3668 nempe
3448 3617 3556 3670 quo

1977 3703 2201 3742 stnnmae
2231 3687 2375 3741 illius
2404 3687 2747 3742 celsitudinis
2785 3698 2839 3741 et
2864 3688 3144 3759 dignitatis
3183 3692 3398 3758 aliquod
3427 3708 3559 3763 quo-

1976 3792 2081 3846 que
2129 3778 2411 3846 vestigium
2468 3787 2523 3832 et
2566 3778 2720 3847 quasi
2755 3777 3105 3832 simulacrum
3149 3780 3203 3834 in
3252 3783 3413 3837 terris
3455 3799 3554 3838 ex-

1976 3879 2165 3922 sraret.
2206 3868 2375 3937 Igitur
2403 3877 2462 3922 ut
2492 3884 2704 3923 summo
2740 3869 2812 3922 illi
2848 3870 3065 3925 Nemini
3101 3886 3262 3927 omne
3306 3890 3442 3945 genu
3470 3878 3555 3930 in-

1975 3968 2252 4026 curvatur,
2270 3958 2582 4029 Throniqne
2599 3971 2654 4014 et
2675 3962 3092 4028 Dominationes,
3116 3963 3458 4034 Principatus
3485 3984 3550 4023 ac

1975 4053 2281 4108 Potestates
2321 4067 2488 4122 prona
2536 4053 2921 4109 submittentes
2954 4058 3089 4111 colla
3123 4059 3160 4124 ',
3194 4063 3450 4129 congruis
3488 4062 3553 4116 il-

1975 4145 2063 4199 Iud
2103 4145 2351 4199 laudibus
2388 4154 2443 4198 et
2465 4146 2683 4214 hymnis
2729 4158 3078 4213 venerantur,
3115 4165 3324 4206 necnon
3354 4154 3549 4208 rceltnn

1974 4247 2284 4307 terramque
2320 4237 2477 4307 plena
2513 4236 2755 4307 ejusdem
2801 4238 2970 4309 gloria
3006 4251 3062 4296 et
3106 4244 3389 4312 majestate
3428 4261 3552 4300 esse

1974 4330 2294 4399 proﬁtentur
2322 4331 2381 4383 ἐ
2417 4331 2489 4385 ita
2522 4333 2575 4386 in
2617 4341 2793 4388 vestra
2833 4348 3049 4403 quoque
3091 4338 3384 4393 serenitate
3415 4340 3551 4393 adeo

1973 4420 2278 4488 conspicuae
2306 4430 2470 4490 atque
2496 4422 2738 4476 omnium
2765 4437 3032 4492 supremae
3057 4424 3394 4481 claritudinis
3428 4428 3550 4482 illu-

1972 4524 2139 4567 strem
2171 4528 2236 4568 ac
2284 4514 2444 4578 plane
2483 4527 2797 4584 expressam
2841 4516 3129 4585 imaginem
3174 4517 3367 4572 intueri
3401 4518 3546 4576 licet.

292 4624 413 4668 ποις
453 4607 749 4677 εὐημερίας
778 4606 920 4676 ἀρχὴ
956 4608 1049 4658 καὶ
1082 4606 1292 4673 γένεσις
1318 4618 1333 4634 ’
1369 4606 1464 4658 καὶ
1501 4606 1733 4676 νεύμασι
1767 4608 1865 4676 μὲν

1972 4603 2077 4658 Vos
2107 4604 2502 4669 etenim,omni
2557 4616 2773 4660 terreno
2814 4607 3030 4676 fastigio
3061 4612 3392 4678 superiores,
3433 4629 3549 4667 am—

292 4702 400 4761 τοῖς
436 4699 808 4769 ἡμερωτάτοις
834 4698 927 4750 τοῦ
958 4698 1224 4769 ὑμετέρου
1259 4699 1511 4767 κράτους,
1555 4698 1775 4768 ἕννομόν
1803 4718 1860 4754 τε

291 4793 379 4843 καὶ
433 4791 757 4858 ἁξιάγαστον
794 4790 885 4842 καὶ
933 4790 1177 4860 ἀοίδιμον
1226 4790 1665 4860 πηδαλιουχεῖται
1713 4790 1858 4862 ζωὴν

290 4883 396 4934 πᾶν
421 4883 542 4933 ὅσον
586 4883 702 4933 ἐστὶ
744 4883 855 4943 τοῖς
888 4880 987 4948 τῆς
1022 4880 1300 4950 βασιλείας
1339 4881 1534 4945 Θώκοις
1569 4883 1853 4952 ὑπεστρω-

292 4970 470 5039 μένον.
509 4972 573 5023 υἱ
607 4970 663 5022 δὲ
699 4969 796 5040 τῆς
837 4969 1069 5037 ζεύγλης
1096 4970 1196 5023 οὐκ
1227 4971 1564 5041 ἀνεχόμενοι,
1594 4972 1853 5025 πίπτουσι

292 5061 518 5133 ῥᾳδίως,
567 5063 664 5131 τῆς
718 5062 944 5131 ἐνούσης
1003 5064 1133 5131 ὑμῖν
1183 5063 1494 5127 εὑσθενείας
1534 5063 1855 5134 ἡττώμενοι.

290 5155 407 5209 Κᾶν
449 5156 701 5225 ἁστράψη
753 5154 912 5225 μόνον
956 5154 1281 5226 ἡβασιλέως
1313 5157 1508 5221 ἀσπὶς,
1543 5156 1750 5228 φροῦδα
1790 5159 1859 5212 τὰ

285 5248 507 5300 ἐκείνων
541 5248 808 5317 οἴχονται,
850 5248 944 5300 καὶ
976 5248 1074 5317 τῆς
1108 5247 1333 5318 ἐνούσης
1371 5248 1554 5311 αὑτοῖς
1601 5249 1857 5312 ἀπονοίας

282 5339 374 5392 τὸν
415 5340 611 5393 οἰκεῖον
642 5340 803 5401 εὐθὺς
844 5342 1248 5410 ἀποστήσαντες
1292 5338 1436 5405 νοῦν,
1480 5340 1739 5402 πεσόντες
1778 5343 1857 5403 είς

357 5499 372 5527 ¹
397 5497 497 5551 lsa.
533 5511 652 5548 τιν.
683 5495 772 5547 2L
852 5496 872 5523 ²
900 5492 999 5548 lsa.
1037 5512 1110 5557 vt,
1138 5497 1187 5549 3.

1902 4702 1914 4712 '
1972 4694 2337 4763 plissimarum
2377 4696 2698 4765 dignitatum
2752 4696 2933 4755 fontes
2965 4700 3120 4753 estis.
3160 4701 3269 4755 Vos
3298 4705 3549 4760 humana:

1971 4786 2243 4842 felicitatis
2295 4788 2562 4857 principia
2590 4798 2646 4842 et
2670 4774 2930 4859 origines,
2968 4793 3406 4851 clementissimis
3433 4813 3549 4852 ma-

1961 4880 2178 4949 jestatis
2217 4889 2411 4935 vestrae
2460 4881 2681 4936 nutibus
2729 4883 2794 4935 ad
2823 4884 3024 4950 justam
3058 4885 3451 4957 honestamque
3482 4906 3548 4945 ac

1967 4972 2180 5025 beatam
2216 4972 2429 5026 vivendi
2464 4972 2734 5027 rationem
2764 4986 3117 5042 promovetur
3147 4979 3407 5048 quidquid
3452 4996 3547 5035 us-

1963 5081 2125 5132 quam
2175 5074 2257 5119 est
2304 5065 2565 5135 gentium,
2614 5065 2763 5135 regni
2797 5069 2961 5120 vestri
2997 5069 3149 5124 soliis
3188 5071 3542 5125 substratum.

1963 5154 2117 5221 Quod
2147 5159 2190 5210 si
2224 5157 2316 5226 qui
2358 5166 2485 5210 sunt
2511 5159 2604 5226 qui
2654 5157 2840 5228 jugnm
2885 5159 3211 5225 detrectent,
3251 5163 3324 5216 illi
3366 5174 3543 5217 vestra

1963 5250 2199 5316 potentia
2245 5249 2391 5305 nullo
2440 5264 2577 5319 pene
2610 5253 2830 5323 negotio
2877 5254 3116 5321 superati
3163 5254 3542 5311 succumbunt.

1962 5343 2075 5396 lmo
2122 5358 2250 5398 vero
2275 5344 2319 5397 si
2368 5345 2576 5415 regium
2624 5355 2836 5401 scutum
2880 5346 2961 5401 vel
3003 5348 3173 5403 semel
3223 5365 3543 5406 concussum

1369 5651 1539 5705 Varia:
1570 5650 1832 5706 lectiones
1876 5652 2463 5725 codicis-Seguieriani.

353 5826 379 5855 ι
410 5813 679 5883 ὑπεροχῆς
708 5808 891 5863 εἰκόνα
929 5809 1021 5860 ἐπὶ
1048 5808 1151 5877 γῆς
1190 5807 1391 5879 φέρων.
1445 5775 1496 5845 ’δ
1523 5809 1867 5879 ὑπερέχουσι.
