4044 6332
481 400 620 456 1135

1498 397 1557 453 S.
1597 396 1869 454 CYRILLI
1909 397 2377 454 ALEXANDRINI
2418 397 2732 455 ARCIIIEP.

3591 395 3736 452 H35

483 518 750 581 micuerit,
786 532 921 571 vana
954 517 1165 573 illorum
1188 517 1409 572 consilia
1446 528 1609 589 atque
1638 521 1814 574 studia
1839 522 1892 575 in
1918 536 2044 575 ven-

2158 523 2273 590 γόνυ
2301 520 2522 593 ζητοῦσι
2546 521 2634 573 τὸν
2661 520 2828 573 ἔλεον.
2856 520 3140 590 Τοιγάρτοι
3165 518 3474 589 κεκράτηκε
3504 518 3603 586 τῆς
3634 520 3737 570 ὑπ’

483 622 568 665 tos
613 624 733 663 mox
781 610 1008 675 abeunt;
1054 610 1251 678 quippe
1294 610 1382 677 qui
1415 612 1699 663 amentiam
1726 627 1880 665 suam
1917 613 2049 665 mis-

481 716 597 755 sant
643 700 925 764 facientes,
975 702 1234 770 evestigio
1259 705 1325 754 ad
1363 717 1535 771 genua
1573 713 1748 757 vestra
1780 720 1899 758 sese
1929 719 2051 772 pro-

482 793 688 858 volant,
737 792 1115 862 supplicesque
1161 792 1372 845 veniam
1421 805 1735 862 exposcant.
1788 792 2052 845 Nimirum

481 887 736 940 cohortes
782 891 975 939 vestra:
1007 882 1450 946 bellicosissima,
1502 884 1861 951 militarisque
1888 884 2052 937 disci-

483 976 641 1047 plina:
687 974 1048 1046 peritissime,
1082 989 1148 1028 ac
1188 974 1471 1043 triumphis
1520 975 1743 1043 agendis
1777 990 2051 1045 nunquam

485 1083 588 1121 non
626 1065 961 1129 assuefactae,
1005 1076 1267 1120 terrarum
1314 1065 1498 1119 orbem
1532 1066 1906 1136 snbjngarunt.
1947 1068 2052 1122 Vos

484 1159 709 1230 proinde
740 1169 882 1213 totus
901 1158 1116 1221 Oriens,
1146 1172 1241 1212 vos
1272 1167 1412 1212 totus
1438 1158 1590 1213 canit
1610 1158 1885 1214 Occidens
1938 1174 2055 1215 om-

489 1252 651 1319 nique
687 1248 904 1305 laudum
951 1263 1150 1316 genere
1181 1248 1555 1317 prosequitur;
1598 1262 1711 1315 vos,
1742 1249 1833 1318 qui
1859 1250 1926 1303 ad
1958 1265 2055 1302 au-

489 1353 663 1397 strum
708 1350 954 1412 vergunt,
1003 1355 1118 1406 vos,
1166 1340 1255 1408 qui
1292 1340 1357 1393 ad
1403 1340 1709 1410 aquilonem
1763 1341 2055 1409 pertinent,

491 1432 695 1487 festivis
719 1430 1169 1501 gratulationibus
1189 1444 1453 1484 exornare
1479 1446 1750 1500 nunquam
1782 1432 2052 1485 desinunt.

489 1523 875 1576 lnroncnssum
900 1529 1078 1574 autem
1106 1520 1335 1589 piissimi
1379 1527 1433 1575 et
1457 1522 1811 1575 sacratissimi
1845 1522 2055 1590 imperii

486 1614 653 1668 vestri
701 1612 1099 1666 ﬁrmamentum
1142 1620 1225 1665 est
1265 1610 1381 1680 ipse
1418 1612 1675 1666 Dominus
1705 1609 1865 1667 Jesus
1894 1611 2055 1666 Chri-

488 1716 623 1760 stus.
669 1722 690 1756 ι
730 1703 831 1758 Per
878 1703 1024 1758 hunc
1066 1701 1236 1765 enim,
1271 1710 1329 1754 ut
1369 1703 1632 1769 scriptum
1679 1712 1783 1765 est,
1821 1701 1863 1768 ³,
1907 1718 2058 1773 reges

491 1803 735 1867 regnant,
792 1804 848 1851 et
898 1805 1142 1863 potentes
1185 1795 1484 1849 decernunt
1521 1793 1787 1861 justitiam
1839 1812 1854 1849 :
1906 1813 1924 1845 ι
1976 1806 2059 1850 est

2153 612 2381 681 οὐρανὸν
2410 611 2518 664 τῶν
2549 610 2829 680 ὑμετέρων
2879 610 3235 661 ὑπασπιστῶν
3263 612 3296 680 ἡ
3336 610 3734 679 μαχιμωτάτη,

2155 704 2246 757 καὶ
2283 704 2770 773 ἐμπειροπόλεμος,
2798 702 2889 755 καὶ
2920 702 3007 754 ἀεὶ
3035 701 3242 754 νικῶσα
3275 702 3502 772 πληθύς.
3538 702 3738 771 Ὑμεῖς

2154 794 2275 845 ἐστε
2304 791 2415 845 τῶν
2439 792 2576 861 πρὸς
2605 793 2746 861 ὲῲαν
2779 793 2870 845 καὶ
2897 792 3137 861 ἑσπέραν
3162 793 3256 844 καὶ
3281 791 3414 861 ᾠδὴ,
3443 794 3535 844 καὶ
3563 791 3735 862 λύρα,

2156 886 2251 937 καὶ
2283 885 2499 954 ἀπάσης
2526 883 2782 945 ὑπόθεσις
2813 883 3087 952 εὐφημίας
3106 900 3119 912 ·
3151 883 3295 952 ὑμᾶς
3317 883 3365 935 οἱ
3394 883 3527 952 πρὸς
3552 883 3732 942 νότον,

2157 976 2250 1027 καὶ
2299 976 2406 1046 μὴν
2458 976 2551 1027 καὶ
2590 974 2705 1027 ὅσοι
2748 973 3085 1042 βορειότερον
3129 973 3337 1024 οἰκοῦσι
3384 972 3568 1034 τόπον,
3615 989 3739 1040 φω-

2156 1067 2277 1127 ναῖς
2325 1063 2701 1134 χαριστηρίοις
2747 1064 3137 1132 στεφανοῦντες
3189 1063 3250 1115 ού
3303 1063 3740 1132 καταλήγουσιν.

2124 1190 2133 1198 -
2161 1156 2435 1226 Ἔρεισμα
2464 1154 2521 1208 δὲ
2555 1155 2616 1208 τὸ
2649 1155 2986 1224 ἀκράδαντον
3015 1158 3111 1225 τῆς
3140 1154 3281 1207 οὕτω
3315 1155 3593 1224 Θεοφιλοῦς
3635 1157 3741 1208 καὶ

2157 1248 2527 1317 εύαγεστάτης
2561 1246 2713 1316 ὑμῶν
2752 1245 3048 1316 βασιλείας,
3089 1246 3250 1308 αὐτὸς
3278 1248 3305 1299 ὁ
3338 1245 3537 1315 Κύριος
3567 1248 3740 1315 ἡμῶν

2168 1340 2374 1411 Ἰησοῦς
2420 1340 2690 1409 Χριστός’
2747 1357 2765 1389 ι
2795 1340 2875 1392 Δι’
2922 1337 3089 1392 αὐτοῦ
3130 1337 3238 1408 γὰρ
3289 1337 3525 1408 βασιλεῖς
3570 1337 3741 1405 βασι-

2157 1430 2411 1495 λεύουσι,
2453 1430 2548 1482 καὶ
2582 1431 2629 1482 οἱ
2682 1427 2943 1481 δυνάσται
2992 1428 3262 1498 γράφουσι
3304 1428 3673 1497 δικαιοσύνην,
3712 1449 3733 1479 ι

2159 1521 2301 1575 κατά
2329 1522 2389 1574 τὸ
2422 1520 2829 1591 γεγραμμένον.
2860 1521 3017 1573 Ἐστι
3052 1520 3160 1591 γὰρ
3192 1518 3336 1588 αὐτῷ
3369 1506 3640 1583 παναλκὲς
3671 1522 3745 1573 τδ

2156 1613 2392 1684 Θέλημα,
2419 1614 2514 1665 καὶ
2545 1615 2599 1665 ὲν
2630 1611 2708 1682 τῷ
2736 1612 3066 1665 κατανεῦσαι
3102 1613 3261 1683 μόνον
3293 1614 3325 1683 ἡ
3366 1614 3563 1676 παντὸς
3596 1616 3745 1681 πλή-

2160 1723 2326 1777 ρωσις
2380 1704 2608 1773 ἀγαθοῦ.
2656 1703 2913 1774 Διανέμει
2956 1704 3011 1756 δὲ
3052 1706 3145 1757 καὶ
3183 1705 3304 1759 λίαν
3342 1707 3572 1772 ἑτοίμως
3617 1709 3743 1767 τοῖς

2159 1795 2445 1865 ἀγαπῶσιν
2471 1795 2631 1848 αὐτὸν
2670 1795 2738 1847 τά
2770 1796 2986 1848 πάντων
3014 1794 3267 1866 ἐξαίρετα
3314 1797 3423 1849 τῶν
3455 1797 3554 1850 ὅσα
3581 1798 3743 1850 ἐστὶν

487 1889 631 1943 enim
675 1886 750 1941 illi
785 1886 1032 1941 voluntas
1074 1886 1439 1954 omnipotens,
1492 1886 1774 1954 omnisque
1818 1886 1966 1951 boni,
2010 1887 2055 1941 si

2160 1888 2463 1957 ἀξιόληπτα
2512 1886 2607 1939 καὶ
2635 1886 3079 1955 τεθαυμασμένα.
3113 1888 3224 1940 Καὶ
3252 1889 3467 1958 ἀπόχρη
3508 1888 3606 1955 μὲν
3650 1889 3739 1951 είς

490 1979 661 2034 solum
714 1988 935 2042 annuat,
988 1976 1165 2045 copia.
1198 1978 1250 2046 2
1297 1976 1585 2047 Dilargitur
1619 1977 1665 2032 is
1707 1990 1839 2047 ergo
1868 1976 2059 2032 amicis

493 2071 607 2124 suis
637 2083 859 2124 munera
908 2068 961 2122 in
996 2068 1187 2137 primis
1217 2067 1417 2122 eximia
1462 2078 1516 2122 et
1550 2068 1830 2138 praeclara,
1863 2077 1915 2123 et
1939 2084 2057 2138 qum

492 2163 546 2215 in
578 2161 754 2231 pretio
805 2161 1124 2225 habeantur,
1179 2174 1340 2229 quam
1384 2160 1616 2214 maxime
1648 2159 1861 2223 idoneo,
1905 2170 1963 2214 et
2007 2160 2058 2213 id

491 2253 706 2322 quidem
742 2252 1030 2309 admodum
1066 2252 1319 2306 alacriter
1360 2260 1415 2307 et
1468 2260 1738 2321 prompte.
1790 2250 1942 2318 Quod
1972 2252 2060 2307 hic

490 2343 742 2407 dicimus,
784 2342 867 2397 vel
910 2358 973 2397 ea
1012 2341 1125 2396 sola
1168 2356 1288 2411 quae
1336 2341 1604 2411 maiestati
1654 2352 1847 2397 vestra:
1882 2345 1950 2398 ab
1993 2357 2059 2397 eo

489 2436 686 2491 donata
712 2444 858 2499 sunt,
893 2442 948 2489 et
969 2434 1097 2489 olim
1123 2434 1317 2496 adhuc,
1355 2432 1806 2502 quemadmodum
1836 2433 2059 2489 conlidi-

2162 1977 2435 2042 ἀπόδειξιν
2463 1968 2537 2030 ὧν
2571 1976 2727 2047 ἔφην,
2761 1977 2832 2029 τὰ
2858 1975 2936 2047 τῷ
2976 1976 3229 2048 ὑμετέρῳ
3267 1977 3457 2048 κράτει
3497 1978 3742 2048 δεδωρηο

2167 2069 2324 2138 μένα,
2353 2068 2693 2138 δοθησόμενα
2723 2068 2778 2120 δὲ
2806 2066 2907 2133 ἔτι,
2936 2068 3080 2121 καθὰ
3114 2069 3576 2138 πεπιστεύκαμεν.
3610 2070 3742 2122 Ὅτε

2155 2161 2211 2214 δέ
2251 2162 2365 2214 ἐστι
2399 2162 2604 2230 κρηπὶς
2647 2161 3037 2223 ἀκατάσειστος
3073 2163 3191 2223 ταῖς
3223 2159 3485 2229 βασιλέων
3521 2162 3738 2230 τιμαῖς,

2155 2251 2254 2321 τῆς
2294 2252 2372 2314 εἰς
2407 2251 2539 2305 Θεὸν
2570 2251 2849 2315 εὐσεϐείας
2878 2250 2948 2304 τὰ
2986 2251 3311 2320 αὐχήματα,
3341 2252 3434 2304 κα)⁸
3476 2250 3536 2315 ἐξ
3559 2249 3741 2319 αὐτῆς

2160 2343 2489 2413 πειράσομαι
2514 2343 2613 2413 τῆς
2631 2343 2793 2411 ἁγίας
2819 2343 2913 2395 καὶ
2939 2342 3296 2395 θεοπνεύστου
3321 2342 3738 2412 πληροφορῆσαε

2157 2434 2401 2505 Γραφῆς,
2438 2433 2871 2505 βραχυλογήσας,
2894 2432 2970 2497 ὡς
2995 2432 3094 2487 ἔνι.

490 2543 632 2596 mus,
664 2526 1024 2589 donabuntur,
1056 2539 1244 2578 verum
1274 2537 1397 2578 esse
1439 2522 1717 2578 evidenter
1737 2525 2049 2579 ostendunt.
2091 2522 2358 2579 Caeterum
2396 2526 2540 2594 quod
2568 2524 2765 2580 eximia
2836 2526 2886 2579 in
2928 2525 3094 2579 Deum
3155 2525 3324 2594 pietas
3353 2525 3735 2581 inconcussum

491 2620 653 2694 regia
702 2616 974 2690 dignitatis
1018 2616 1426 2671 fundamentum
1467 2614 1715 2683 exsistat,
1764 2615 1815 2671 id
1854 2625 2056 2687 quanta
2097 2614 2213 2670 ﬁeri
2243 2616 2441 2685 poterit
2502 2615 2765 2670 brevitate
2790 2625 2844 2669 et
2884 2614 3152 2680 claritate,
3186 2615 3271 2671 vel
3336 2631 3400 2671 ex
3436 2617 3544 2686 ipsa
3574 2632 3737 2672 sacra

494 2716 784 2783 divinaque
810 2710 1091 2779 Scriptura
1120 2709 1314 2763 docere
1336 2706 1533 2762 enitar.

559 2831 626 2889 ll.
655 2830 880 2887 Plurimi
907 2829 1043 2885 citra
1069 2828 1493 2885 controversiam
1518 2838 1665 2883 retro
1698 2829 1834 2884 actis
1858 2839 2061 2898 tempo-

489 2928 639 2981 ribus
667 2925 945 2988 exstitere,
974 2924 1064 2992 qui
1096 2921 1332 2977 Judzeam
1362 2922 1691 2992 provinciam
1719 2923 2059 2979 administra-

488 3026 616 3072 rnnt
663 3013 919 3083 regnique
942 3012 1084 3067 illius
1113 3010 1473 3082 gubernacula
1523 3020 1910 3067 tractaverunt.
1952 3012 2056 3067 Ve-

491 3120 609 3162 rum
641 3112 904 3171 quotquot
929 3115 995 3155 ex
1023 3100 1126 3156 illis
1150 3102 1293 3156 cultu
1318 3112 1374 3156 et
1403 3101 1766 3165 observantia,
1802 3119 1919 3173 qua:
1949 3102 2058 3158 Deo

487 3197 772 3257 debentur,
828 3193 989 3261 impie
1032 3194 1357 3262 contemptis
1422 3203 1478 3247 et
1522 3192 1745 3260 iustitiae
1802 3196 2058 3263 magistra

489 3287 606 3358 lege
634 3300 732 3355 pro
760 3284 928 3339 nihilo
958 3286 1141 3351 ducta,
1173 3298 1270 3339 suo
1302 3285 1462 3338 lastni
1497 3285 1719 3354 suisque
1751 3286 2059 3341 libidinibus

490 3381 659 3434 libere
691 3375 1073 3446 indulgendum
1105 3390 1225 3431 esse
1252 3384 1598 3446 putaverunt,
1630 3390 1818 3431 onmes
1844 3376 1900 3431 hi
1934 3378 2057 3431 mali

488 3481 545 3525 et
587 3468 767 3524 miseri
802 3468 942 3522 male
981 3468 1287 3535 misereque
1323 3467 1616 3535 perierunt.
1662 3467 1754 3521 Est
1786 3470 1925 3522 enim
1974 3484 2058 3524 res

486 3559 975 3634 periculosissima,
1039 3558 1315 3628 quidpiam
1370 3558 1423 3613 iu
1486 3556 1655 3613 Deum
1698 3560 2058 3627 committere,

486 3652 906 3725 proculcataque
944 3651 1202 3720 aequitate
1240 3663 1561 3719 quocunque
1617 3649 1776 3704 modo
1823 3652 1875 3705 in
1919 3651 2059 3706 illius

488 3741 749 3798 offensam
780 3741 1042 3797 incidere.
1071 3738 1273 3795 Contra
1296 3753 1424 3793 vero
1449 3740 1757 3809 quicunque
1779 3756 1838 3796 se
1873 3742 1987 3811 pios
2009 3743 2060 3796 in

488 3834 639 3891 illum
679 3833 1041 3899 declararunt,
1089 3848 1315 3903 qumque
1345 3833 1419 3887 illi
1448 3834 1711 3902 placitura
1743 3834 2057 3899 credebant,

487 3926 635 3982 omni
686 3940 786 3994 ope
826 3934 1085 3995 prmstare
1121 3924 1490 3989 elaborarunt,
1518 3925 1654 3979 citra
1706 3927 1958 3980 sudorem
1998 3940 2061 3980 ac

487 4018 784 4088 pulverem,
841 4016 996 4072 hoste
1024 4015 1237 4071 devicto
1291 4007 1685 4085 debellatoqtie,
1727 4017 2058 4084 triumphum

485 4108 821 4166 cecinerunt.
850 4106 1127 4177 Ejusmodi
1172 4108 1313 4162 inter
1352 4116 1578 4163 caeteros
1609 4106 1706 4161 fuit
1738 4105 1911 4162 Josias
1944 4108 2058 4174 ille,

486 4200 576 4270 qui
622 4199 885 4255 idolorum
929 4198 1226 4255 cultoribus
1259 4213 1366 4253 una
1396 4214 1519 4255 cum
1566 4198 1698 4267 ipsis
1732 4198 1970 4253 delubris
2006 4209 2061 4252 et

486 4291 594 4347 aris
629 4290 886 4355 incensis,
917 4289 1480 4359 incantationibusquc
1510 4298 1565 4346 et
1592 4273 1750 4344 falsis
1770 4291 2059 4345 divinatio-

486 4384 648 4439 nibus
682 4381 935 4438 omnibus
964 4395 996 4436 e
1029 4381 1207 4436 medio
1247 4380 1496 4441 sublatis.
1554 4395 1618 4435 ac
1658 4381 1908 4435 inanibus
1948 4382 2059 4436 dre-

2236 2830 2308 2882 B'.
2344 2830 2594 2882 Πλείστοι
2628 2829 2726 2899 μὲν
2752 2829 2860 2899 γὰρ
2887 2829 3002 2881 ὅσοι
3035 2828 3291 2897 γεγόνασι
3315 2829 3457 2882 κατά
3484 2828 3733 2901 καιροδςν

2160 2920 2210 2972 oi
2246 2917 2345 2988 τῆς
2380 2919 2645 2972 Ἰουδαίων
2674 2918 2937 2988 ἄρξαντες
2966 2916 3171 2988 χώρας,
3195 2917 3289 2969 καὶ
3317 2919 3443 2980 τοὺς
3472 2918 3569 2988 τῆς
3597 2918 3734 2989 παρ’

2160 3011 2343 3073 αὐτοῖς
2370 3010 2643 3080 βασιλείας
2669 3010 2945 3072 διέποντες
2975 3010 3215 3081 θρόνους.
3255 3009 3395 3063 Ἀλλ’
3426 3012 3475 3063 oi
3507 3010 3603 3080 μὲν
3632 3010 3734 3080 τῆς

2161 3105 2239 3167 είς
2268 3103 2397 3156 Θεὸν
2430 3101 2619 3165 αἰδοῦς
2648 3102 2879 3164 ἀνοσίως
2908 3101 3366 3171 ὀλιγωρήσαντες,
3396 3102 3491 3153 καὶ
3517 3101 3605 3152 τὸν
3632 3102 3737 3173 τῆς

2159 3193 2506 3264 δικαιοσύνης
2540 3192 2806 3262 πρύτανιν
2850 3192 2983 3261 παρ’
3011 3191 3167 3244 οὐδὲν
3206 3194 3518 3260 ποιούμενοι
3546 3192 3733 3260 νόμον,

2160 3288 2255 3340 καὶ
2291 3290 2401 3350 τοῖς
2436 3286 2531 3356 τῆς
2577 3285 2909 3353 φαυλότητος
2932 3296 2955 3324 α
2991 3283 3203 3353 βάθροις
3235 3283 3461 3346 ἑαυτοὺς
3502 3283 3735 3346 ἐνιέντες

2159 3378 2208 3431 oi
2246 3376 2473 3440 τάλανες
2498 3415 2513 3439 ,
2561 3376 2723 3429 κακοὶ
2760 3373 2947 3437 κακῶς
2993 3372 3339 3426 ἀπολώλασιο
3382 3372 3734 3441 παγχάλεπον

2160 3468 2268 3540 γὰρ
2310 3468 2371 3520 τὸ
2413 3465 2778 3538 προσκρούειν
2823 3464 2964 3536 Θεῷ,
3006 3465 3103 3517 καὶ
3153 3464 3295 3519 κατά
3342 3481 3395 3517 τι
3429 3462 3559 3532 γοῦν
3594 3462 3733 3526 ὅλως

2160 3559 2265 3625 ἔξω
2291 3556 2553 3629 φέρεσθαι
2583 3556 2676 3610 τοῦ
2704 3556 2931 3622 εἰκότος,
2958 3554 3261 3619 λυποῦντας
3287 3556 3469 3609 αὐτόν.
3497 3557 3651 3610 Ὅσοι
3672 3558 3733 3610 δὲ

2158 3652 2257 3721 τῆς
2299 3651 2379 3713 εἰς
2408 3651 2569 3704 αὑτὸν
2608 3649 2887 3712 εὐσεϐείας
2925 3648 3213 3718 γεγόνασιν
3254 3649 3601 3720 ἐπιμεληταὶ,
3638 3652 3737 3703 καὶ

2159 3741 2268 3794 τῶν
2295 3740 2639 3811 ἀρεσκόντων
2670 3738 2823 3809 αὐτῷ
2863 3741 3073 3808 γνήσιοι
3100 3740 3359 3808 φύλακες,
3385 3744 3735 3811 νενικήκασιν

2160 3832 2387 3902 ἐχθροὺς
2426 3832 2684 3903 ἀμογητὶ,
2717 3832 2810 3884 καὶ
2842 3832 3216 3902 κεκρατήκασι
3246 3833 3355 3885 τῶν
3369 3832 3436 3886 δι’
3463 3832 3729 3895 ἐναντίας.

2160 3924 2414 3987 Τοιοῦτός
2452 3939 2537 3986 τις
2563 3920 2631 3993 ἦν
2666 3924 2876 3986 Ἰωσίας
2908 3924 3135 3987 ἐκεῖνος,
3161 3923 3221 3987 ὃς
3257 3925 3440 3985 αὐτοῖς
3477 3924 3734 3994 τεμένεσι

2160 4016 2255 4067 καὶ
2308 4014 2511 4084 βωμοῖς
2544 4017 2669 4078 τοὺς
2715 4014 2823 4069 τῶν
2860 4015 3092 4067 εἰδώλων
3130 4017 3529 4086 κατεμπρήσας
3567 4015 3733 4085 θερα-

2159 4107 2380 4169 πευτὰς,
2418 4104 2669 4175 γοητείας
2692 4122 2752 4157 τε
2788 4105 3002 4175 ἀπάσης
3027 4106 3120 4159 καὶ
3145 4106 3571 4175 ψευδομαντείας
3601 4105 3732 4176 τρό-

2160 4214 2295 4260 πους
2338 4195 2625 4266 περιελὼν,
2674 4198 2767 4249 καὶ
2812 4198 2881 4251 τὰ
2928 4197 3027 4265 τῆς
3075 4196 3459 4265 δαιμονιώδους
3513 4196 3733 4267 ἀπάτης

2160 4286 2467 4348 καταλύσας
2498 4286 2743 4354 παίγνια,
2772 4286 2865 4339 τοῦ
2907 4287 3105 4349 παντὸς
3146 4288 3303 4353 ἀξίαν
3346 4288 3594 4357 ἀπέφηνε
3638 4287 3729 4338 λό-

2159 4394 2259 4444 γου
2300 4377 2397 4448 τὴν
2425 4378 2619 4430 ἑαυτοῦ
2661 4378 2954 4447 βασιλείαν,
2990 4379 3084 4432 καὶ
3114 4378 3440 4447 ἀξιάγαστον
3483 4379 3582 4449 μὲν
3617 4381 3730 4441 τοῖς

488 4474 750 4529 moniacze
799 4475 1108 4542 imposturaa
1162 4472 1407 4528 ludibriis
1464 4472 1789 4543 proﬂigatis,
1834 4489 2056 4541 regnum

2164 4470 2354 4532 πάλαι,
2394 4470 2852 4541 τεθαυμασμένην
2894 4472 2951 4524 δὲ
2992 4472 3084 4525 καὶ
3124 4475 3203 4535 είς
3250 4472 3429 4543 δεῦρο,
3477 4474 3629 4543 παρά
3665 4489 3729 4539 γε

488 4566 731 4636 apprime
780 4564 1139 4627 nobilitatum,
1195 4577 1516 4633 summaque
1558 4566 1699 4630 apud
1746 4574 1957 4619 veteres
1996 4579 2060 4617 ac

457 4658 465 4669 '
488 4658 818 4712 recentiores
846 4671 1032 4710 omnes
1063 4657 1180 4724 qui,
1208 4670 1271 4711 ea
1311 4657 1505 4724 quibus
1532 4653 1709 4712 divina
1737 4671 1889 4709 mens
1913 4656 2059 4710 oble-

487 4758 689 4813 ctatur,
717 4749 894 4802 colere
926 4747 1251 4811 didicerunt,
1278 4746 1435 4801 laude
1477 4755 1531 4800 et
1573 4746 1935 4800 admiratione
1971 4745 2057 4800 di-

486 4853 651 4907 gnum
691 4838 907 4909 reliquit
937 4839 978 4892 ⁸.
1039 4837 1521 4893 Verumenimvero
1564 4837 1687 4892 licet
1724 4837 1911 4891 istbaec
1936 4852 2054 4891 om-

488 4931 577 4984 nia
605 4945 724 4985 cmn
763 4931 966 4984 virtute
1016 4938 1071 4983 et
1100 4930 1271 4998 gloria
1312 4944 1340 4982 a
1371 4928 1667 4998 majoribus
1705 4928 1919 4993 vestris,
1958 4943 2054 4981 vo-

488 5021 676 5091 bisque
710 5021 839 5091 ipsis
872 5032 1117 5090 snscepta
1158 5022 1551 5090 observataque
1588 5022 1781 5086 sciam,
1813 5036 1916 5073 non
1951 5021 2056 5075 erit

486 5123 666 5169 tamen
716 5113 925 5177 inutile,
990 5115 1199 5183 opinor,
1234 5113 1278 5167 si
1337 5128 1457 5182 quae
1511 5114 1769 5183 sapientis
1810 5112 2054 5166 Ezechiae

2156 4563 2267 4626 τοῖς
2302 4561 2468 4615 εἰδόσι
2510 4565 2677 4634 τιμᾷν
2719 4564 2788 4617 τὰ
2820 4560 2901 4628 οἷς
2936 4566 3002 4619 ἂν
3047 4568 3075 4620 ὁ
3106 4566 3249 4629 Θεῖος
3292 4567 3543 4635 ὲφήδοιτο
3582 4567 3730 4629 νοῦς.

2170 4654 2331 4707 Ἀλλά
2367 4655 2527 4707 ταυτὶ
2568 4655 2667 4724 μὲν
2706 4656 2924 4709 ἅπαντα
2960 4658 3072 4721 τοῖς
3099 4658 3389 4727 ὑμετέροις
3445 4656 3735 4726 προγόνοις

2157 4745 2247 4798 καὶ
2276 4746 2402 4815 ὑμῖν
2434 4745 2616 4809 αὐτοῖς
2657 4744 2717 4799 εὖ
2752 4747 2897 4816 μάλα
2934 4749 3315 4818 κατώρθωται.
3352 4750 3737 4818 Διαμεμνήσορ

2158 4854 2255 4906 μαι
2282 4836 2339 4889 δὲ
2377 4838 2661 4909 χρησίμως
2694 4839 2787 4892 καὶ
2823 4840 2933 4893 τῶν
2966 4843 3024 4893 ὲν
3060 4841 3278 4912 Ἐζεκίᾳ
3305 4840 3386 4910 τῷ
3424 4841 3735 4911 σοφωτάτῳ

2164 4929 2305 4982 κατὰ
2337 4932 2562 5000 καιροὺς
2593 4932 3030 5003 πεπραγμένωνο
3058 4934 3241 5003 ὀνήσει
3272 4933 3379 5002 γὰρ
3404 4932 3465 4983 ού
3494 4933 3737 5002 μετρίως

2162 5020 2259 5091 τὴν
2292 5021 2688 5092 εὐσεϐεστάτην
2722 5022 2876 5093 ὑμῶν
2922 5022 3166 5093 κορυφὴν
3212 5024 3243 5094 ή
3275 5022 3386 5075 τῶν
3430 5021 3604 5091 λόγων
3642 5022 3738 5076 δύ-

2161 5130 2346 5184 ναμις.

486 5210 686 5280 pietate
713 5223 776 5265 ac
805 5209 984 5264 studio
1021 5222 1088 5262 eo
1120 5209 1173 5262 in
1208 5222 1406 5276 genere
1447 5220 1595 5278 gesta
1636 5218 1780 5274 sunt,
1813 5208 1914 5263 hoc
1976 5209 2095 5263 loco
2132 5220 2257 5278 apte
2318 5224 2816 5266 commemoravero
2853 5229 2865 5266 :
2898 5210 3124 5281 hujusce
3173 5226 3406 5281 namque
3436 5210 3743 5266 narratio-

488 5304 570 5358 nis
586 5303 669 5358 vis
689 5312 744 5357 et
774 5303 992 5371 energia
1026 5317 1133 5356 non
1162 5316 1351 5371 parum
1377 5301 1644 5357 commodi
1670 5310 1865 5357 vestrae
1897 5301 2212 5357 sublimitati
2244 5304 2573 5372 apportabit.

570 5485 591 5517 ³
615 5484 772 5540 Prov.
804 5501 922 5550 vm,
960 5486 1047 5542 15.
1126 5482 1237 5539 διν
1269 5483 1401 5555 Reg.
1439 5500 1574 5540 mu
1616 5482 1670 5546 4,
1701 5498 1855 5553 seqq.

1596 5642 1769 5697 Variae
1807 5640 2068 5697 lectiones
2095 5638 2299 5697 codicis
2334 5637 2691 5707 Seguieriani.

557 5813 575 5839 ε
612 5800 1018 5871 φιλαυτότητος.
1080 5842 1082 5845 .
