4044 6332
341 377 477 432 ΗὸἸ

1286 375 1374 429 DE
1410 373 1638 432 RECTA
1676 372 1853 441 FIDE,
1892 373 1986 428 AD
2022 370 2471 428 THEODOSIUM
2510 366 2648 425 IMP.

3441 362 3578 418 “58

408 492 481 543 l“.
537 489 699 561 Ἀνήρ
741 508 823 553 τις
854 492 960 543 τῶν
1005 493 1070 544 ἐκ
1114 492 1428 556 Βαϐυλῶνος
1466 493 1566 557 τῆς
1605 494 1906 563 Περσικῆς,

2085 490 2174 546 Ill.
2227 491 2352 545 Fuit
2399 505 2463 546 ex
2505 487 2721 542 Persica
2750 484 3022 555 Babylone
3079 483 3163 538 vir
3213 481 3453 552 quidam,
3484 482 3576 535 cui

351 579 632 649 Ῥαψάκης
680 574 836 643 οὗτος
867 575 957 647 ἦν.
998 574 1166 644 Οὗτος
1209 583 1385 635 ἀνεῖλε
1422 583 1521 653 μὲν
1568 584 1805 649 ἅπασαν,
1834 585 1909 642 ὼς

340 671 467 734 ἔπος
502 672 695 734 εἰπεῖν,
718 670 815 740 τὴν
855 670 963 724 τῶν
1001 671 1263 725 Ἰουδαίων
1295 671 1479 742 χώραν
1502 689 1517 703 ’
1560 672 1909 745 καταδῃώσας

340 766 396 817 δὲ
438 766 535 817 σὺν
574 765 709 834 αὐτῇ
749 764 847 834 τὴν
880 766 1212 835 Σαμάρειαν,
1252 766 1339 817 ἐπ’
1377 765 1547 836 αὐτὴν
1578 765 1663 835 ᾔει
1690 765 1788 835 τὴν
1818 764 1910 817 Ἰε-

347 855 624 925 ρουσαλὴμ
656 854 963 926 μυριάνδρῳ
986 855 1013 894 ά
1044 855 1243 925 πληθύῖ
1274 855 1381 908 τῶν
1412 856 1519 909 ὑπὸ
1556 858 1712 926 χεῖρα
1756 856 1911 927 δορυ-

344 945 712 1016 φορούμενοςο
754 946 847 997 καὶ
881 944 1137 1013 φάλαγγα
1185 943 1286 1013 μὲν
1332 943 1562 1015 ἱππικὴν
1593 943 1695 997 οὐκ
1738 942 1912 1013 εὐχεί-

349 1054 517 1106 ρωτον
561 1035 721 1105 ἔχων,
759 1035 959 1105 μᾶλλον
992 1035 1049 1089 δὲ
1081 1034 1173 1087 καὶ
1203 1034 1561 1105 δυσάντητον·
1600 1033 1826 1104 ὁπλίτην
1853 1032 1911 1086 δὲ

345 1128 675 1198 πεζομάχον,
714 1128 811 1180 καὶ
853 1129 974 1190 ταῖς
1014 1126 1263 1197 ψάμμοις
1312 1126 1619 1196 ίσάριθμον.
1668 1122 1800 1179 Εἶτα
1832 1124 1912 1195 τῷ

344 1221 509 1290 τείχει
542 1219 877 1290 περιστήσας
900 1230 924 1259 (θ
955 1218 1227 1282 ἑλεπόλεις
1256 1219 1348 1272 καὶ
1390 1218 1486 1287 τὴν
1514 1218 1607 1271 τοῦ
1673 1217 1917 1287 πολέμου

344 1311 720 1381 παρασκευὴν,
761 1310 1043 1373 ἀπονοίαις
1079 1327 1139 1362 τε
1176 1310 1539 1381 βαρϐαρικαῖς
1570 1310 1632 1363 οὐ
1676 1312 1912 1383 μετρίως

346 1399 851 1470 κατωφρυωμένος,
897 1399 1149 1469 αἱρήσειν
1198 1400 1298 1469 μὲν
1342 1399 1486 1452 κατὰ
1532 1400 1732 1470 κράτος
1774 1398 1911 1469 ὁμοῦ

344 1493 464 1554 ταῖς
489 1490 675 1554 ἄλλαις
714 1492 809 1544 καὶ
849 1490 1019 1561 αὐτὴν
1051 1491 1254 1559 ἐςασκε
1291 1491 1391 1561 τὴν
1420 1490 1578 1559 ἁγίαν
1615 1490 1789 1558 πόλιν,
1819 1493 1914 1544 καὶ

345 1582 443 1651 τῆς
479 1583 718 1652 ἀρρήτου
746 1581 903 1648 δόξης
933 1581 1385 1652 κατεθρασύνετο,
1407 1582 1503 1633 καὶ
1524 1581 1913 1652 παλιμφήμους

346 1672 493 1742 ἠφίει
515 1672 720 1740 φωνὰς,
743 1672 959 1743 ἀκρατῆ
984 1673 1080 1725 κα)⁵
1103 1671 1352 1741 ἀχάλινον
1372 1671 1470 1742 τὴν
1492 1672 1743 1740 γλῶσσαν
1766 1672 1911 1735 ἀνεὶς

2013 580 2278 649 Rapsaces
2295 594 2510 634 nomen.
2532 577 2629 632 llic
2648 585 2996 645 posteaquam
3024 573 3331 627 universam
3356 567 3573 624 Iudaeo—

2011 685 2127 724 rum
2168 669 2496 739 provinciam
2542 664 2928 734 pr0pemodum
3007 669 3353 729 occupasset,
3383 656 3575 712 Sama-

2011 761 2255 828 riamqne
2291 773 2396 811 una
2425 771 2548 813 cum
2582 756 2694 824 ipsa
2735 753 3001 808 hostiliter
3031 748 3381 819 depopulatus
3409 755 3575 809 esset,

2012 852 2181 921 copiis
2208 846 2694 905 innumerabilibus
2738 846 2969 913 stipatus
2999 843 3167 909 ipsam
3203 853 3417 911 quoque
3453 837 3576 892 Ilie-

2012 944 2333 1014 rosolymam
2380 939 2580 995 adoriri
2631 938 2970 994 moliebatur.
3018 934 3189 989 Porro
3230 942 3413 987 autem
3453 945 3575 984 cum

2012 1036 2239 1091 minime
2277 1031 2719 1094 contemnendas,
2766 1030 2874 1085 imo
2914 1043 3044 1084 vero
3089 1034 3298 1082 tantum
3342 1037 3449 1078 non
3494 1020 3579 1076 in-

2012 1123 2396 1195 expugnabiles
2433 1120 2683 1191 equitum
2723 1129 2930 1173 turmas
2974 1117 3377 1186 peditatumque
3416 1109 3583 1165 maris

2014 1230 2208 1272 arenas
2236 1228 2381 1284 pene
2416 1222 2723 1283 aequantem
2754 1209 3070 1271 adduceret,
3136 1204 3456 1261 vastatriees
3489 1217 3581 1257 ur-

2013 1307 2161 1362 bium
2186 1305 2465 1361 machinas
2510 1303 2886 1372 reliquutnque
2915 1298 3039 1355 belli
3085 1305 3403 1367 apparatum
3453 1292 3584 1348 civi-

2016 1398 2143 1452 tatis
2219 1396 2487 1453 tnmnibns
2553 1396 2841 1459 admovet;
2880 1391 3218 1460 barbaraque
3267 1384 3490 1442 vesania
3521 1396 3587 1436 ac

2013 1489 2303 1558 supercilio
2331 1488 2620 1558 plurimum
2668 1484 2860 1549 elatus,
2892 1483 2945 1554 3
2982 1490 3222 1539 sanetam
3272 1475 3583 1545 Hierosoly—

2015 1598 2224 1637 morum
2262 1581 2536 1636 civitatem
2582 1578 2803 1645 perinde
2841 1591 2907 1633 ac
2936 1575 3073 1631 alias
3102 1573 3153 1628 vi
3193 1586 3262 1627 se
3295 1578 3584 1640 capturum

2013 1680 2547 1742 expugnaturumque
2589 1668 2908 1738 iactitabat,
2952 1674 3029 1734 et,
3082 1673 3268 1720 contra
3320 1672 3587 1715 veneran-

347 1764 439 1816 ἐπὶ
481 1762 618 1834 Θεῷ.
646 1765 788 1833 Ἔφη
820 1763 929 1834 γὰρ
971 1765 1054 1817 ὃτι
1088 1762 1189 1816 κᾶν
1233 1764 1281 1816 εί
1313 1762 1553 1832 βούλοιτο
1589 1761 1780 1827 σώζειν
1812 1762 1911 1815 αὐ·-

2025 1765 2137 1819 Llam
2182 1762 2275 1818 Dei
2311 1761 2648 1831 maiestatem
2702 1759 3004 1830 petulanter
3033 1770 3246 1827 quoque
3282 1754 3584 1822 insurgens,

346 1856 493 1917 τούς,
534 1854 789 1924 ἀνόνητον
819 1853 1034 1906 ἔσεσθαι
1062 1855 1177 1916 τοῖς
1212 1853 1299 1906 ἐπ’
1323 1853 1472 1923 αὐτῷ
1503 1852 1787 1906 πεποιθόσι
1815 1851 1917 1923 τὴν

350 1946 513 2015 χάριν,
543 1948 641 2015 τῆς
681 1944 1019 2013 ἐπικουρίας.
1054 1944 1274 2015 Ἐπειδὴ
1302 1944 1359 1998 δὲ
1389 1940 1525 2015 ἧκόν
1554 1963 1697 2008 τινες
1727 1946 1911 2012 ἀπαγ-

351 2038 630 2104 γέλλοντες
659 2036 734 2106 τῷ
762 2037 972 2107 βασιλεῖ
994 2036 1094 2106 τῆς
1120 2037 1327 2090 ἐκείνου
1354 2038 1676 2107 σκαιότητος
1698 2038 1768 2091 τά
1803 2037 1918 2091 τολ-

354 2130 601 2198 μήματα,
652 2128 742 2180 καὶ
786 2128 911 2183 τούς
959 2128 1227 2198 Περσικοῦ
1275 2129 1622 2199 φρονήματος
1648 2130 1918 2199 γέμοντας

350 2220 557 2287 λόγους,
589 2218 709 2271 τότε
732 2219 821 2287 δὴ,
854 2218 973 2271 τότε
1011 2218 1198 2288 μόναις
1227 2217 1416 2289 ὥσπερ
1443 2218 1758 2289 ἐπαλγὴσας
1799 2220 1919 2281 ταῖς

349 2312 493 2367 κατά
536 2310 671 2364 Θεοῦ
708 2309 1074 2379 δυσφημίαις,
1122 2309 1214 2363 καὶ
1250 2307 1344 2362 τοῦ
1386 2309 1485 2380 τὴν
1526 2309 1677 2361 πόλιν
1715 2308 1918 2363 ἁλῶναι

348 2404 550 2473 ταύτην
578 2402 795 2455 ἔσεσθαι
824 2403 1098 2472 πρόφασιν
1137 2401 1424 2471 ἐμφρόνως
1454 2400 1790 2471 ὑπειληφὼς,
1825 2419 1920 2455 πε-

354 2494 709 2564 ριερρήγνυτο
740 2494 839 2563 τὴν
862 2493 1084 2564 ἐσθῆτα,
1116 2494 1210 2546 καὶ
1236 2496 1318 2558 είς
1340 2494 1433 2546 τὸν
1456 2488 1602 2546 οἷκον
1630 2492 1795 2563 ἀνέϐη
1825 2492 1919 2547 τοῦ

350 2583 506 2647 Θεοῦ,
557 2583 727 2648 λιταῖς
768 2585 1010 2655 δηλονότι
1051 2586 1150 2654 τὴν
1182 2584 1332 2638 θείαν
1368 2583 1538 2655 ὀργὴν
1583 2584 1920 2656 ὑποτρέχων,

352 2677 446 2729 καὶ
490 2676 598 2729 τῶν
640 2677 734 2729 ἐπὶ
781 2679 902 2740 ταῖς
962 2676 1294 2747 δυσφημίαις
1345 2678 1685 2747 αίτιαμάτων
1734 2676 1922 2731 ἐαυτὸν

352 2767 728 2822 ἀπαλλάττων.
757 2769 868 2821 Καὶ
896 2769 950 2821 τί
976 2767 1037 2821 τὸ
1064 2766 1340 2836 ἐντεῦθεν;
1373 2768 1595 2837 Εὐμενῆ
1630 2769 1723 2822 καὶ
1763 2769 1922 2822 ἵλεων

353 2859 723 2927 κατεστήσατο
758 2858 851 2910 τὸν
898 2857 1008 2911 τῶν
1053 2856 1333 2927 δυνάμεων
1391 2856 1633 2926 Κύριον·
1672 2858 1923 2927 νενίκηκε

351 2948 444 3002 τὸν
480 2948 792 3021 ’Λσσύριονο
823 2949 922 3019 οὑχ
962 2949 1130 3003 ἵππον
1172 2950 1252 3011 είς
1287 2948 1465 3019 μάχην
1492 2948 1719 3013 ὁπλίσας
1761 2949 1923 3019 εὐχά-

354 3038 517 3102 λινον,
560 3038 624 3090 οὐ
672 3038 904 3106 τοξοτῶν
940 3039 1243 3109 εὐστοχίαις
1265 3080 1281 3105 ,
1321 3041 1383 3091 οὐ
1416 3039 1655 3110 δοράτων
1701 3040 1882 3111 βολαῖς
1904 3079 1921 3105 ,

2018 1854 2293 1921 liberaque
2337 1849 2874 1906 incontinentissimre
2915 1862 2980 1903 ac
3017 1844 3450 1902 insolentissimae
3494 1840 3589 1895 lin-

2017 1957 2133 2011 guae
2166 1941 2314 1997 frena
2358 1939 2700 2010 permittens,
2752 1937 3068 1994 maledictas
3114 1935 3176 1991 in
3227 1934 3397 1990 Deum
3428 1947 3588 1988 voces

2018 2037 2338 2102 detorquere
2392 2048 2497 2087 non
2548 2030 2851 2086 dubitabat.
2892 2029 3089 2085 Aiebat
3130 2027 3297 2093 enim,
3346 2040 3443 2083 eos
3493 2025 3586 2096 qui

2017 2139 2168 2179 suam
2207 2125 2259 2178 in
2297 2124 2473 2193 ipsmn
2507 2137 2657 2193 spem
2695 2121 3115 2188 eollocavcrant,
3148 2117 3360 2174 etiamsi
3399 2116 3585 2180 vellet,

2018 2231 2239 2272 servare
2271 2216 2577 2284 speratique
2621 2213 2845 2271 subsidii
2878 2212 3194 2271 beneﬁcium
3226 2210 3427 2267 eisdem
3456 2225 3588 2279 pra:-

2019 2319 2167 2364 stare
2203 2325 2308 2363 non
2369 2324 2527 2378 posse
2564 2308 2607 2363 ⁸.
2644 2308 2778 2365 Cum
2820 2324 2950 2379 ergo
2972 2308 3331 2365 accessissent
3368 2306 3461 2376 qui
3500 2307 3587 2361 in-

2018 2413 2180 2453 sanos
2232 2397 2373 2454 illius
2427 2406 2677 2463 conatus,
2726 2398 2997 2468 verbaque
3040 2398 3256 2455 Persico
3301 2398 3441 2453 [astu
3475 2406 3588 2451 tur-

2018 2490 2198 2559 gentia
2230 2490 2340 2559 regi
2361 2488 2762 2555 denuntiarent,
2796 2490 2907 2558 ille,
2934 2490 3045 2546 sola
3067 2490 3308 2546 convicia
3339 2490 3392 2545 in
3422 2489 3588 2545 Deum

2020 2580 2235 2636 detorta
2270 2580 2553 2650 aegerrime
2585 2581 2790 2647 ferens,
2833 2596 3007 2652 eaque
3037 2580 3314 2650 capienda:
3355 2580 3591 2636 civitatis

2018 2686 2238 2727 causam
2274 2688 2395 2728 esse
2429 2686 2587 2741 posse
2639 2673 2727 2742 pie
2784 2672 3185 2742 prudenterque
3214 2670 3587 2736 considerans,

2020 2764 2308 2833 derepente
2343 2778 2617 2819 censetssa
2666 2771 2818 2817 veste
2851 2762 2906 2819 in
2947 2763 3166 2818 domum
3200 2761 3294 2819 Dei
3327 2760 3589 2823 ascendit,

2020 2855 2333 2925 suppliciter
2388 2855 2483 2912 irze
2527 2855 2722 2910 divina:
2764 2852 3163 2918 obsecundans,
3210 2862 3267 2907 et
3304 2865 3364 2907 se
3400 2850 3594 2905 abillo

2020 2946 2477 3016 blasphemiarum
2520 2947 2749 3002 crimine
2786 2945 3094 3001 exsolvens.
3124 2944 3329 3015 Ecquid
3359 2942 3449 2999 illo
3476 2951 3592 2996 stu-

2022 3039 2112 3094 dio
2138 3039 2444 3107 promovit?
2467 3035 2600 3095 Illud
2626 3039 2903 3104 nimirum,
2937 3040 3080 3109 quod
3118 3038 3375 3093 virtutum
3409 3034 3594 3090 Domi-

353 3129 474 3182 οὐδὲ
509 3132 627 3193 ταῖς
672 3129 779 3182 τιῖκι
808 3129 1081 3185 τακτικῶν
1123 3130 1438 3202 ἐμπειρίαις
1478 3131 1586 3185 τῶν
1618 3131 1724 3185 ὑπὸ
1752 3134 1921 3201 ,χεῖρα

2030 3106 2155 3183 num
2190 3129 2481 3197 benignum
2528 3132 2935 3202 propitiumque
2956 3106 3080 3187 ‘sibi
3114 3129 3385 3185 reddidit:
3418 3143 3594 3197 quan-

357 3218 654 3289 χρώμενος,
687 3218 852 3290 ψήφῳ
876 3219 934 3271 δὲ
973 3219 1173 3288 μᾶλλον
1202 3222 1268 3290 τῇ
1305 3219 1453 3290 παρά
1481 3218 1638 3283 θεοῦ,
1682 3220 1781 3289 τῆς
1813 3220 1935 3273 τῶν.

371 3311 668 3382 ’Λσσυρίων
695 3312 951 3381 στρατιᾶς
977 3310 1067 3363 τὸν
1109 3312 1169 3363 ἐν
1204 3312 1304 3381 μιᾷ
1339 3311 1495 3364 νυκτὶ
1535 3312 1924 3383 καθορίσαντος

359 3401 606 3455 θάνατον.
640 3419 659 3450 ι
702 3400 920 3471 Ἐξῆλθε
946 3400 1078 3470 γὰρ,
1104 3400 1287 3471 φησὶν,
1318 3400 1547 3467 ἄγγελος
1575 3401 1805 3472 Κυρίου,
1832 3402 1926 3455 καὶ

359 3492 567 3545 ἀνεῖλεν
612 3492 677 3543 ἐκ
716 3495 813 3563 τῆς
860 3492 1210 3561 παρεμὸολῆς
1248 3492 1357 3544 τῶν
1391 3491 1690 3563 Ἀσσυρίων
1736 3492 1929 3546 ἑκατὸν

360 3583 689 3655 ὁγδοήκοντα
715 3584 874 3636 πέντε
894 3583 1156 3652 χιλιάδας.
1180 3583 1288 3635 Καὶ
1307 3582 1636 3645 ἀναστάντες
1658 3582 1736 3654 τῷ
1762 3582 1929 3653 πρωῒ,

364 3671 519 3746 εὗρον
554 3675 816 3728 πάντατά
850 3673 1077 3744 σώματα
1109 3674 1297 3744 νεκρά.
1336 3692 1354 3724 ι
1389 3668 1548 3727 Οὑτοι
1573 3674 1671 3745 τῆς
1707 3676 1784 3737 εἰς
1801 3674 1932 3727 Θεὸν

363 3764 643 3825 εὐσεϐείας
672 3764 896 3830 καρποὶ,
928 3764 1021 3818 καὶ
1047 3763 1138 3817 τοῦ
1174 3764 1248 3835 μὴ
1278 3764 1605 3835 ἀνασχέσθαι
1642 3765 1848 3835 φωνῆς,
1883 3767 1933 3818 εἰ

367 3856 487 3911 κατ’
512 3856 682 3925 αὐτῆς
707 3858 806 3926 τῆς
832 3856 981 3920 θείας
1013 3856 1221 3925 γένοιτο
1247 3855 1424 3927 δόξης.

2031 3220 2481 3289 ύοιιυίιιειηληοιι
2541 3221 2767 3277 frenatis
2816 3231 2872 3278 et
2918 3222 2987 3276 ad
3026 3236 3258 3291 pugnam
3318 3218 3602 3276 instructis

2029 3311 2206 3379 equis,
2238 3326 2345 3366 non
2373 3312 2778 3383 sagittariorum
2821 3314 3168 3376 dexteritate,
3220 3327 3330 3367 non
3359 3312 3599 3366 hastato-

2032 3417 2151 3456 rum
2182 3402 2329 3471 pilis,
2358 3418 2464 3459 non
2492 3404 2689 3459 ducum
2725 3405 2941 3474 peritia,
2970 3406 3063 3461 sed
3103 3404 3195 3459 Dei
3225 3402 3440 3458 auxiliis
3474 3417 3603 3456 usus

2034 3494 2403 3565 munitusque,
2437 3498 2690 3567 Assyrios
2737 3498 2993 3554 debellari
3023 3498 3272 3563 volentis,
3305 3512 3411 3551 una
3443 3504 3603 3550 nocte

2034 3602 2247 3642 omnem
2279 3588 2490 3643 illorum
2535 3590 2833 3645 exercitum
2862 3590 3079 3647 delevit.
3127 3590 3400 3657 Scriptum
3446 3601 3599 3641 nam-

2036 3691 2141 3745 que
2161 3687 2284 3732 est:
2331 3678 2644 3749 (Egressus
2671 3692 2754 3736 est
2777 3692 2958 3737 autem
2990 3681 3212 3751 angelus
3253 3678 3488 3743 Domini,
3550 3688 3606 3732 et

2038 3770 2304 3835 percussit
2339 3783 2409 3824 ex
2442 3770 2637 3825 castris
2672 3771 3021 3842 Assyriorum
3061 3780 3279 3826 centum
3333 3767 3613 3839 octoginta

2036 3858 2274 3927 quinque
2300 3860 2489 3916 millia.
2518 3860 2587 3916 Et
2604 3871 2886 3931 surgentes
2905 3878 3061 3917 mane
3082 3862 3402 3918 invenerunt
3425 3861 3604 3915 omnia

363 3968 588 4021 corpora
621 3961 828 4009 mortua
859 3952 901 4005 ⁸.
943 3971 961 4003 ι
1006 3951 1073 4007 lli
1154 3951 1372 4022 pietatis
1408 3961 1535 4007 sunt
1573 3951 1824 4019 fructus;
1862 3952 1975 4008 ha:c
2014 3967 2225 4021 eorum,
2254 3956 2348 4025 qui
2379 3955 2724 4026 blasphemas
2780 3960 2833 4013 in
2864 3955 3029 4013 Deum
3071 3973 3229 4017 voces
3258 3974 3363 4013 non
3404 3958 3607 4023 ferunt,

366 4060 594 4102 IIICI‘CCS.

434 4139 505 4189 A'.
541 4138 661 4188 Δεῖν
683 4135 739 4189 δὲ
769 4131 921 4205 οἶμαι
950 4134 1182 4206 μάλιστα
1210 4136 1331 4199 ταῖς
1362 4134 1629 4204 βασιλέων
1656 4135 1938 4189 εὐσεϐέσιν

365 4228 554 4289 ἀκοαῖς
585 4226 942 4295 παλίμφημον
986 4224 1085 4293 μὲν
1112 4224 1264 4278 οὐδὲν
1295 4224 1571 4279 λαλεῖσθαι
1597 4224 1739 4278 κατά
1777 4224 1934 4290 Θεοῦ,

2118 4137 2207 4191 IV.
2235 4138 2491 4194 Arbitror
2523 4148 2700 4198 autem
2742 4140 2809 4196 ad
2840 4141 2961 4209 pias
3001 4141 3304 4212 principum
3337 4156 3495 4198 aures
3527 4144 3610 4198 ni-

2044 4226 2119 4282 hil
2152 4228 2295 4297 quod
2343 4228 2396 4283 in
2432 4228 2600 4284 Deum
2632 4228 3004 4300 blasphemum
3036 4231 3127 4298 sit,
3158 4229 3343 4287 eﬂerri
3373 4231 3608 4297 debere;

368 4321 550 4371 ἐκεῖνα
590 4318 648 4370 δὲ
693 4317 913 4387 μᾶλλον,
951 4318 1051 4369 ὅσα
1100 4317 1193 4370 καὶ
1224 4315 1417 4387 μώμου
1456 4316 1656 4379 παντὸς
1700 4318 1793 4369 καὶ
1823 4317 1924 4371 δια-

2042 4331 2227 4373 verum
2257 4318 2307 4373 id
2340 4326 2567 4379 tantum.
2604 4321 2744 4388 quod
2777 4330 2931 4376 extra
2973 4324 3187 4377 omnem
3229 4332 3411 4376 notam
3437 4330 3491 4377 et
3525 4337 3612 4376 re-

368 4411 531 4479 εολῆς
576 4409 833 4462 ἐπέκεινα
864 4409 1067 4478 τρέχει,
1099 4410 1322 4478 καὶτῆς
1366 4408 1683 4479 πρεπούσης
1728 4408 1938 4472 δοξολοσ

368 4504 490 4571 γίας
537 4502 684 4572 αὐτῴ
732 4502 965 4554 ποιεῖται
1000 4500 1098 4569 τὴν
1139 4500 1364 4553 ἔκτισιν.
1408 4501 1640 4570 Ἀριστα
1682 4499 1739 4553 δὲ
1782 4499 1940 4553 τοῦτο

369 4594 522 4662 κάγὼ
559 4592 711 4657 εἰδὼς
745 4592 909 4663 ἔχειν,
940 4594 1321 4663 παρωρμήθην
1350 4592 1687 4661 ἀναγκαίως,
1715 4592 1815 4662 τῆς
1844 4592 1939 4662 όρ-

369 4689 467 4757 θῆς
492 4704 551 4739 τε
585 4685 676 4739 καὶ
712 4684 1075 4754 ἀποστολικῆς
1120 4683 1355 4746 πίστεως
1379 4684 1478 4751 τὴν
1513 4682 1809 4751 παράδοσιν
1845 4684 1938 4749 ὲγα

369 4780 578 4849 γράψαι
622 4778 720 4848 μὲν
758 4776 894 4846 τῷδε
938 4775 1016 4845 τῷ
1062 4774 1282 4845 βιϐλίῳ,
1334 4773 1510 4840 ξένιον
1549 4773 1605 4826 δὲ
1650 4772 1839 4843 ὥσπερ
1884 4791 1936 4825 τι

371 4872 737 4941 πνευματικὸν
783 4867 1148 4939 προσκομίσαι
1190 4866 1268 4937 τῷ
1297 4866 1545 4938 ὑμετέρῳ
1595 4864 1815 4937 κράτει,
1848 4869 1940 4918 καὶ

372 4964 562 5026 αὑταῖς
588 4963 644 5017 δὲ
672 4963 790 5024 ταῖς
834 4960 1273 5029 θεοφιλεστάταις
1311 4957 1526 5028 ἀληθῶς
1561 4956 1848 5027 βασιλίσιν,
1884 4957 1940 5009 αἳ

370 5060 436 5127 τῇ
473 5056 713 5126 ὑμετέρᾳ
741 5054 1061 5125 γαληνότητι
1095 5052 1584 5121 συναστράπτουσι.
1614 5049 1725 5106 Καὶ
1753 5052 1785 5119 ἡ
1835 5050 1936 5118 μὲν

372 5149 494 5209 ταῖς
522 5145 933 5207 εὐκταιοτάταις
960 5145 1088 5214 ὑμῖν
1115 5142 1429 5213 ἐπαυχοῦσα
1471 5144 1673 5209 γοναῖς,
1706 5142 1801 5195 καὶ
1847 5140 1943 5209 τῆς

375 5239 548 5293 εἰσαεὶ
586 5237 846 5306 διαμονῆς
874 5236 973 5299 τὰς
1005 5235 1227 5298 ἐλπίδας
1258 5236 1369 5295 τοῖς
1412 5234 1713 5303 σκήπτροις
1755 5231 1943 5299 εἰσφέ-

376 5346 572 5402 ρουσα·
602 5330 635 5399 ἡ
663 5329 719 5381 δὲ
749 5330 860 5391 τοῖς
899 5328 1247 5397 παρθενικοῖς
1290 5324 1632 5395 βλαστήμασι
1670 5322 1948 5393 συνακμά-

450 5486 470 5515 ⁸
495 5482 559 5538 IV
591 5484 723 5555 Reg.
760 5499 914 5549 xvttt,
953 5482 1020 5537 15
1056 5499 1209 5552 seqq.
1239 5499 1254 5548 ;
1290 5481 1392 5537 lsa.
1431 5496 1617 5545 xxx",
1654 5480 1688 5533 2
1719 5494 1871 5549 seqq.

2040 4411 2450 4479 prehensionem
2483 4411 2743 4481 positum,
2777 4414 2842 4469 ad
2887 4413 3098 4469 laudem
3126 4424 3182 4469 et
3211 4414 3460 4484 gloriam,
3490 4429 3611 4483 qua:

2037 4517 2249 4558 summo
2274 4502 2399 4570 jure
2432 4517 2647 4560 summo
2678 4504 3002 4560 illiNumini
3037 4506 3324 4573 debentur,
3354 4507 3500 4562 omni
3545 4521 3610 4562 ex

2041 4603 2194 4663 parte
2247 4594 2435 4651 faciat.
2479 4596 2613 4650 Cum
2665 4612 2797 4667 ergo
2843 4598 3103 4666 optimum
3165 4598 3613 4654 convenientissi-

2041 4699 2294 4753 mnmque
2324 4684 2377 4739 id
2408 4699 2531 4739 esse
2556 4695 2891 4754 compertum
2924 4686 3171 4751 habeam,
3210 4687 3406 4742 incitor
3438 4704 3615 4745 neces-

2044 4776 2207 4840 sario,
2234 4784 2292 4830 ut
2315 4785 2479 4830 recta:
2500 4776 2620 4830 ﬁdei
2649 4791 2912 4833 canoncm
2949 4781 3016 4832 ab
3050 4779 3308 4848 apostolis
3336 4781 3613 4849 traditum,

2045 4878 2100 4921 et
2160 4867 2604 4923 commentariolo
2666 4869 2768 4924 hoc
2832 4868 3074 4924 breviter
3140 4872 3615 4941 comprehensum,

2044 4959 2204 5013 veluti
2236 4959 2479 5026 spiritale
2508 4959 2778 5030 quoddam
2813 4960 3052 5024 senium.
3099 4979 3221 5017 cum
3255 4974 3451 5019 vcstrze
3498 4981 3616 5019 ma-

2036 5047 2248 5118 iestati,
2288 5058 2399 5104 tum
2427 5050 2564 5117 ipsis
2592 5064 2810 5120 quoque
2854 5052 3055 5123 reginis
3090 5069 3231 5109 verre
3263 5056 3479 5125 pietatis
3505 5068 3621 5111 stu—

2043 5142 2370 5198 diosissimis
2396 5141 2621 5197 oﬂeram
2642 5181 2658 5206 ,
2694 5154 2753 5197 ut
2799 5158 2918 5212 qua:
2953 5144 3124 5200 atnbae
3159 5162 3261 5200 una
3292 5161 3414 5201 cmn
3440 5157 3617 5203 vestra

2045 5233 2339 5287 serenitate
2374 5244 2664 5289 coruscent
2702 5235 3091 5305 insigniterque
3123 5237 3349 5294 ﬂoreant
3383 5258 3401 5294 ς
3450 5240 3617 5295 altera

2047 5325 2216 5388 enim,
2253 5324 2439 5381 sobole
2467 5324 2621 5382 vobis
2648 5327 3057 5393 exoptatissima
3083 5327 3231 5395 felix,
3275 5331 3424 5402 regni
3456 5331 3619 5389 vesui

1949 5478 2059 5533 ειν
2096 5478 2229 5550 Reg.
2268 5496 2385 5547 xu,
2421 5478 2510 5546 55;
2545 5481 2647 5537 lsa.
2687 5496 2892 5528 ww".
2926 5482 3011 5530 36.

1460 5636 1628 5691 Variae
1657 5634 1914 5690 lectiones
1937 5633 2136 5691 codicis
2168 5631 2521 5704 Segeicriani.

450 5784 477 5827 τι
514 5786 806 5857 μυριάδων.
891 5795 911 5821 ο
946 5788 1319 5854 παραστήσας.
