4044 6332
521 356 657 411 1159

1528 354 1584 410 S.
1624 353 1891 411 CYRILLI
1931 355 2399 412 ALEXANDRlNl
2433 356 2751 413 ARCHIEP.

3643 363 3788 420 1140

518 476 748 543 sceptris
793 484 1064 546 perpetrm:
1113 477 1474 532 successionis
1507 493 1657 547 Spem
1690 475 1889 538 all‘ert;
1926 475 2091 529 altera

2201 476 2387 541 ζουσα,
2417 478 2508 531 καὶ
2538 476 2634 539 τὰς
2667 480 2766 547 τῆς
2797 476 3189 547 εὐκλεεστάτης
3218 478 3371 547 ὑμῶν
3402 478 3673 548 βασιλείας
3699 484 3781 535 οἱ-

519 580 674 629 νενο,
710 577 851 621 Illlel‘
880 569 1146 638 virgineas
1177 585 1418 639 gemmas
1440 570 1778 631 adolescens.
1815 569 1963 635 regni
1999 583 2092 621 ve-

519 657 616 707 stri
669 659 1068 724 prmclarissimi
1125 676 1288 715 curas
1337 661 1614 716 vobiscum
1652 674 1967 714 communes
1999 659 2094 713 ha-

519 745 627 799 bet.
700 748 867 814 Igitur
922 764 981 805 nt
1034 755 1338 807 veneranda
1396 754 1569 822 capita
1605 762 1873 808 exornant
1927 751 2090 806 Indici

518 837 781 904 uniones,
840 843 912 895 ita
975 844 1235 911 spiritalis
1279 845 1473 898 animm
1521 844 1826 911 mentisque
1871 852 2093 897 ornatus

517 927 624 981 erit
670 942 836 995 recta,
864 933 920 1005 4
946 936 1155 989 sincera
1215 937 1598 1005 inculpataque
1657 935 1707 988 in
1740 935 1907 989 Deum
1942 934 2114 988 lidesy

517 1018 687 1083 Quam
716 1026 933 1093 quidem
982 1026 1160 1091 ﬁdem,
1207 1029 1334 1096 quia
1366 1043 1460 1081 vos
1496 1037 1912 1084 couservaturos
1937 1028 2094 1098 plane

517 1118 750 1183 conﬁdo,
816 1134 1053 1187 praesens
1128 1122 1232 1175 hoc
1277 1124 1536 1191 scriptum
1604 1122 1769 1176 veluti
1826 1122 2092 1190 quoddam

517 1211 715 1266 mentis
766 1210 1188 1275 ﬁrmamentum,
1239 1212 1538 1282 animaeque
1570 1213 1771 1274 lumen,
1808 1222 1859 1267 et
1912 1213 2094 1268 cordis

515 1317 773 1356 coronam
811 1299 1001 1355 olTero.
1043 1302 1314 1370 Scriptum
1365 1313 1448 1358 est
1490 1304 1634 1358 enim
1685 1322 1699 1359 :
1738 1324 1758 1356 ι
1798 1304 1986 1359 Melior
2011 1315 2095 1359 est

514 1394 775 1464 sapientia
822 1393 1094 1462 lapidibus
1132 1396 1418 1464 pretiosis;
1450 1403 1504 1449 ct
1533 1408 1693 1450 omne
1734 1395 2094 1451 desiderabile

512 1485 563 1540 ei
613 1501 717 1539 nun
771 1495 945 1553 potest
989 1488 1293 1554 comparari
1334 1487 1377 1541 ".
1412 1505 1430 1537 ι
1480 1487 1552 1541 De
1603 1487 1872 1556 Unigeniti
1913 1487 2097 1556 itaque

514 1579 889 1633 incarnatione
938 1577 1174 1632 breviter
1216 1579 1379 1632 verba
1427 1579 1688 1643 facturus,
1727 1595 1970 1648 qutenam
2005 1590 2094 1633 sa-

514 1671 786 1727 cramenti
820 1673 980 1742 hujus
1023 1673 1161 1725 ratio
1188 1674 1437 1736 exsistat,
1480 1684 1681 1741 quanta
1714 1672 1932 1742 quidem
1960 1662 2094 1741 per-

513 1766 798 1833 spicuitate
837 1766 903 1819 ab
956 1766 1021 1819 iis
1083 1765 1133 1818 id
1182 1763 1296 1817 ﬁeri
1347 1764 1546 1833 poterit
1608 1765 1699 1832 qui
1761 1764 1812 1816 in
1875 1764 2096 1831 speculo

2198 569 2493 638 κειονμένη
2525 568 2829 639 φροντίδας.
2860 567 3012 620 Λίθοι
3049 567 3148 635 μὲν
3186 563 3280 620 οὖν
3309 568 3521 621 Ἰνδικοὶ
3537 571 3632 634 τάς
3660 572 3779 624 ἀοι-

2197 661 2384 731 δίμους
2427 661 2582 730 ὑμῶν
2628 661 3121 732 καταφαιδρῦνουσι
3179 661 3453 730 κεφαλὰς,
3502 662 3678 731 ψυχῆς
3720 664 3780 716 δὲ

2201 752 2293 804 καί
2325 751 2417 804 νοῦ
2454 752 2640 820 νοητὸς
2671 750 2739 803 ἂν
2772 750 3020 819 γένοιτοί
3060 751 3282 821 κόσμος,
3314 752 3495 814 πίστις
3526 752 3659 822 ὀρθὴ
3681 753 3779 805 καὶ

2200 841 2595 910 ἀκαπήλευτος.
2626 843 2730 894 Ἦν
2763 842 2844 894 ὃτι
2878 841 3148 910 τηρήσετε
3181 840 3559 912 τεθαρσηκὼς,
3599 858 3776 912 προσ-

2199 933 2317 1001 άγω
2381 934 2480 987 τδν²
2532 933 2725 1001 λόγον,
2778 934 2855 996 ὡς
2909 933 3144 1003 ἔρεισμα
3217 933 3349 994 νοῦ,
3436 934 3529 987 καὶ
3594 933 3779 1003 ψυχῆς

2196 1027 2503 1096 ἀγλάϊσμα,
2544 1027 2638 1080 καὶ
2669 1026 2897 1098 καρδίας
2945 1026 3228 1095 στέφανον.
3278 1026 3588 1096 Γέγραπται
3630 1025 3771 1095 γάρ,

2197 1120 2281 1172 ὅτι
2321 1141 2337 1169 ι
2382 1119 2670 1189 Κρείσσων
2711 1119 2870 1187 σοφία
2895 1118 3059 1173 λίθων
3088 1118 3425 1172 πολυτελῶνο
3459 1120 3566 1172 πᾶν
3604 1118 3666 1171 δὲ
3696 1117 3779 1170 τί-

2201 1227 2323 1280 μιον
2351 1209 2453 1263 οὐκ
2497 1209 2647 1274 ἄξιον
2677 1210 2846 1279 αὐτῆς
2892 1211 3058 1265 ἐστιν.
3088 1228 3107 1259 ι
3150 1208 3359 1261 Οὐκοῦν
3391 1207 3480 1261 διὰ
3526 1206 3784 1279 βραχέων

2198 1305 2371 1356 εἰπεῖν
2408 1303 2740 1373 πειράσομαι
2772 1301 2839 1355 τὰ
2868 1303 2998 1373 περὶ
3033 1302 3134 1371 τῆς
3175 1300 3637 1370 ὲνανθρωπήσεως
3679 1299 3779 1351 τοῦ

2198 1393 2557 1463 Μονογενοῦς,
2591 1395 2681 1446 καὶ
2712 1394 2740 1446 ὃ
2771 1394 2825 1445 τί
2861 1394 2990 1446 ποτέ
3021 1393 3137 1444 ἐστι
3177 1392 3237 1445 τὸ
3272 1393 3357 1446 ἐπ’
3388 1390 3537 1459 αὐτῷ
3568 1391 3781 1459 μυστή-

2200 1503 2336 1557 ριον,
2375 1485 2664 1555 διαρθροῦν
2693 1485 2776 1538 ὅτι
2810 1485 3043 1553 μάλιστα
3080 1483 3293 1551 σαφῶς,
3325 1484 3465 1537 κατὰ
3494 1500 3556 1552 γε
3582 1483 3648 1535 τὸ
3684 1485 3781 1550 ἐγο

2198 1573 2409 1645 χωροῦν
2436 1576 2546 1638 τοῖς
2576 1574 2635 1625 ὲν
2658 1574 2909 1643 ἐσόπτρῳ
2941 1575 3035 1627 καὶ
3061 1574 3344 1643 αἰνίγματι
3377 1573 3655 1644 βλέπουσι,
3685 1588 3777 1626 και

2199 1666 2263 1718 ὲκ
2296 1665 2493 1735 μέρους
2530 1663 2882 1732 γινώσκουσι,
2926 1664 3067 1717 κατὰ
3097 1664 3157 1717 τὸ
3197 1666 3396 1735 μέτρον
3440 1666 3539 1733 τῆς
3565 1665 3777 1734 δωρεᾶς

2197 1755 2297 1825 τῆς
2344 1755 2700 1826 ἐπιχορηγίας
2728 1755 2823 1808 τοῦ
2855 1755 3189 1826 Πνεῦματος,
3220 1756 3363 1810 καθὰ
3397 1757 3488 1810 καὶ
3522 1759 3550 1810 ὁ
3576 1759 3776 1811 θεσπέ-

516 1868 728 1910 tantnm
755 1866 806 1910 et
837 1855 1124 1925 aenigmate
1166 1854 1571 1922 conspicantur,
1619 1863 1673 1906 et
1715 1867 1778 1906 ex
1816 1867 1967 1919 parte
2001 1868 2091 1907 so-

2194 1864 2307 1910 σιος
2340 1847 2538 1918 γράφει
2569 1849 2797 1912 Παῦλος*
2841 1866 2861 1899 ι
2892 1849 3080 1913 Οὐδεὶς
3112 1849 3220 1920 γὰρ
3244 1849 3393 1917 λέγει
3432 1850 3635 1918 Κύριον
3670 1851 3775 1918 Ἰη-

515 1948 627 2002 lum
650 1947 695 2011 ⁸,
726 1962 918 2015 netnpe
940 1945 1235 2002 secundum
1273 1960 1582 1998 mensuram
1624 1943 1936 1998 donationis
1965 1944 2091 2014 Spi-

515 2041 652 2094 ritus
696 2040 890 2102 sancti,
921 2048 981 2091 ut
1014 2038 1228 2091 divinus
1281 2035 1480 2089 Paulus
1506 2035 1742 2104 loquitur
1791 2037 1835 2102 ’,
1889 2050 2092 2105 cogno-

2194 1939 2340 2002 σοῦν,
2369 1941 2419 1991 εί
2453 1939 2527 2011 μὴ
2552 1941 2612 1991 ἐν
2640 1941 2915 2011 Πνεῦματι
2945 1942 3117 2012 ἁγίῳ·
3145 1944 3239 1995 καὶ
3265 1943 3439 2006 οὐδεὶς
3467 1943 3613 2011 λέγει
3641 1944 3773 1997 ἀνά-

2194 2032 2337 2103 θεμα
2372 2033 2600 2103 Ἰησοῦν,
2630 2034 2680 2085 εἰ
2716 2034 2790 2102 μὴ
2819 2035 2876 2086 ἐν
2909 2031 3255 2097 Βεελζεϐοῦλ.
3280 2053 3299 2086 ι

515 2140 672 2187 scunt
702 2130 747 2199 (ι
780 2130 950 2184 Nemo
987 2130 1129 2182 enim
1180 2129 1312 2181 dicit
1349 2126 1631 2181 Dominum
1661 2126 1867 2190 Jesnm,
1903 2127 2002 2180 nisi
2042 2140 2140 2195 per
2178 2125 2439 2194 Spiritqu
2474 2135 2719 2179 sanctum
2751 2143 2765 2177 :
2800 2126 2942 2180 sicut
2980 2140 3139 2180 nemo
3202 2143 3415 2181 rursum
3464 2128 3591 2181 dicit
3646 2145 3775 2183 ana-

517 2226 694 2279 thema
719 2222 927 2287 Jesum,
974 2221 1075 2274 nisi
1103 2221 1157 2273 in
1202 2218 1505 2273 Beelzebub
1533 2218 1578 2249 "
1609 2216 1656 2287 ι)
1691 2217 1966 2288 explicare
2002 2215 2240 2272 teutabo.

584 2315 650 2369 ν.
701 2315 906 2370 Dixerit
932 2323 1113 2368 autem
1171 2312 1260 2367 hic
1306 2300 1611 2381 quispiam:
1641 2311 2086 2380 Quandoquidem

511 2407 670 2475 hujus
700 2410 777 2460 rei
810 2421 972 2459 causa
1002 2405 1054 2458 in
1095 2418 1317 2458 arenam
1346 2403 1703 2468 descendere,
1738 2400 2087 2469 laboremque

513 2513 683 2569 usque
728 2498 862 2552 adeo
906 2495 1172 2550 dillicilem
1215 2504 1381 2562 atque
1434 2493 1661 2547 arduum
1696 2491 1880 2547 subire
1919 2491 2083 2557 libet;

513 2605 632 2660 age,
667 2588 711 2642 si
748 2587 942 2656 placet,
992 2585 1241 2639 oratione
1288 2582 1510 2637 minime
1548 2582 1614 2635 ad
1658 2582 1839 2635 fucum
1870 2596 2088 2649 compa-

513 2692 648 2745 rata,
683 2680 777 2734 sed
806 2694 952 2742 vera,
983 2679 1076 2731 sed
1103 2677 1343 2741 sincera,
1374 2676 1467 2728 sed
1501 2674 1568 2727 ab
1597 2673 1745 2726 οηιηὶ
1774 2682 1901 2727 nota
1935 2673 2088 2726 vitin-

509 2787 616 2841 que
641 2771 829 2836 libera,
861 2768 1063 2823 Christi
1096 2767 1409 2836 mysterium
1437 2764 1651 2831 expedi.
1681 2762 1815 2816 Nam
1848 2764 2088 2829 oracula,

508 2879 628 2932 qum
656 2878 776 2917 cum
807 2861 862 2915 in
899 2859 1066 2925 Nora,
1099 2869 1209 2913 tum
1245 2859 1297 2912 iu
1334 2858 1513 2912 Veteri
1553 2872 1770 2927 quoque
1802 2856 2086 2925 Scriptura

510 2973 573 3011 ea
603 2955 667 3010 de
692 2971 751 3008 re
775 2954 972 3024 passim
1005 2959 1322 3014 occurrunt,
1348 2966 1409 3004 ea
1440 2949 1660 3019 quidam
1691 2949 1856 3002 variis
1877 2949 2087 3016 opinio-

512 3050 670 3102 nibus
701 3047 838 3100 ebrii
881 3062 909 3099 a
950 3060 1079 3099 vero
1117 3057 1482 3113 germanoque
1511 3057 1669 3095 sensu
1709 3040 1761 3093 in
1794 3049 2086 3108 praeposte-

513 3155 630 3193 rum
667 3139 1006 3204 detorquent.
1058 3135 1171 3187 Non
1219 3135 1350 3202 fugit
1398 3148 1496 3187 nos
1525 3147 1656 3185 Sane
1697 3131 1826 3184 nihil
1875 3139 2090 3184 exstare
2116 3127 2160 3184 C

513 3242 622 3284 tam
650 3232 963 3286 absurdum.
991 3229 1131 3295 quod
1163 3227 1478 3295 insipientes
1517 3241 1623 3279 non
1653 3234 1924 3277 attenteut
1952 3239 1966 3276 :
2002 3238 2089 3276 ve-

514 3339 634 3375 rum
667 3332 928 3374 corruunt
962 3319 1034 3371 illi
1063 3319 1218 3388 pruni
1260 3320 1310 3369 in
1341 3316 1665 3384 profundunt
1704 3314 1920 3374 inferni.
1950 3315 2090 3368 sicut

513 3413 773 3480 scriptum
803 3419 884 3463 cst
912 3411 977 3471 ¹¹·,
1011 3419 1064 3460 et
1094 3409 1146 3460 iu
1186 3406 1403 3475 pedicas
1439 3404 1665 3468 mortis;
1699 3421 1717 3453 ι
1753 3419 1856 3455 nou
1892 3402 2090 3455 intelli-

513 3512 701 3572 gentes
742 3517 914 3570 neque
937 3501 1067 3569 quid
1098 3500 1408 3568 loquantur,
1435 3512 1609 3564 neque
1639 3497 1706 3549 de
1731 3495 1928 3563 quibus
1953 3493 2089 3546 allir-

516 3605 665 3649 meut
698 3595 762 3647 ¹².
798 3612 816 3644 ι
853 3590 1118 3644 iletnlerit
1153 3599 1332 3643 autem
1388 3601 1564 3652 nosse,
1602 3595 1658 3639 et
1695 3599 1941 3653 quamam
1987 3584 2090 3637 illa:

515 3688 621 3742 sint
645 3685 976 3753 singulorum
1018 3664 1173 3749 nugae
1203 3680 1518 3746 stolatzeque
1561 3676 1774 3731 fabulae.

586 3777 673 3832 Vl.
704 3776 932 3841 Quidam
984 3774 1148 3843 igitur
1198 3770 1430 3826 Verbum
1464 3786 1528 3824 ex
1572 3768 1682 3824 Deo
1715 3778 1769 3823 et
1808 3766 1967 3821 Patre
1996 3782 2084 3836 ge-

514 3872 686 3925 nitum
738 3869 792 3922 in
854 3868 1109 3921 hominis‘
1149 3865 1320 3918 forma
1371 3863 1707 3933 apparuisse,
1758 3863 1898 3915 haud
1935 3860 2088 3914 inviti

514 3960 845 4025 concedunt;
874 3968 928 4012 at
955 3974 1084 4013 vero
1110 3973 1175 4011 ex
1207 3971 1360 4009 sacra
1393 3965 1448 4009 et
1477 3954 1693 4023 deipara
1726 3951 1946 4022 Virgine
1972 3966 2091 4005 car-

515 4070 636 4109 nem
679 4052 997 4122 sumpsisse,
1047 4049 1098 4104 id
1124 4048 1313 4103 audaci
1381 4046 1685 4102 temeritate
1735 4045 2085 4099 inﬁciantur:

515 4146 782 4214 siquidem
826 4153 992 4197 totam
1023 4139 1350 4197 sacramenti
1384 4138 1546 4208 hujus
1586 4137 1846 4191 rationem
1892 4135 1944 4189 in
1974 4133 2089 4189 solo

512 4248 738 4292 externo
774 4237 1050 4291 schemate
1095 4233 1323 4303 positam
1371 4231 1541 4287 fuisse
1597 4228 1859 4298 sacrilege
1902 4241 2087 4281 emen-

512 4331 742 4384 tiuntur.
798 4327 900 4381 Alii
952 4336 1108 4396 turpe
1141 4325 1558 4395 pudendumque
1586 4322 1712 4387 rati,
1740 4321 1784 4375 si
1816 4319 2085 4373 hominem

517 4423 749 4476 adorare
812 4419 1120 4480 videantur,
1176 4427 1554 4483 terrenamque
1600 4426 1820 4466 carnem
1877 4425 2088 4466 summo

515 4512 720 4567 honore
754 4508 1023 4574 alliciant,
1083 4509 1208 4562 dum
1252 4505 1397 4559 ftede
1441 4505 1542 4559 hoc
1595 4503 1823 4557 inscitia:
1875 4502 2082 4564 morbo,

516 4617 787 4672 pravaqne
815 4610 867 4654 et
903 4601 1199 4653 adulterina
1249 4597 1508 4666 religione
1546 4594 1811 4656 laborant.
1851 4592 2084 4648 Verbum

511 4710 577 4749 ex
626 4694 737 4747 Deo
773 4702 962 4747 uatum
1014 4693 1066 4744 in
1116 4690 1345 4755 ossium,
1374 4698 1427 4743 et
1471 4702 1759 4740 nervorum
1801 4686 2088 4755 carnisque

516 4797 766 4841 naturam
818 4787 1151 4840 demutatum
1214 4781 1504 4835 afﬁrmant.
1550 4778 1729 4846 Atque
1780 4780 1853 4832 ita
1902 4780 2086 4833 miseri

514 4880 615 4945 illi,
646 4878 1012 4933 Emmauuclis
1032 4890 1098 4930 ex
1124 4874 1338 4943 Virgine
1359 4882 1537 4927 ortum
1561 4872 1848 4926 ludibrium
1882 4870 2087 4924 haben-

516 4980 616 5033 tes,
662 4971 921 5039 uptimam
970 4968 1114 5022 illam
1173 4964 1672 5033 divinissimamque
1723 4962 2084 5017 (economiam

516 5064 825 5116 indecorum
848 5060 1111 5130 jndicant.
1146 5058 1286 5111 Sunt
1309 5057 1399 5125 qui
1436 5064 1764 5110 coaeternqu
1800 5054 1908 5108 Deo
1940 5052 2083 5106 Patri

515 5154 752 5207 Verbum
787 5153 937 5205 tarde
978 5158 1183 5213 natum,
1214 5148 1317 5202 hoc
1350 5155 1454 5209 est,
1506 5156 1614 5199 tum
1645 5146 1859 5199 demum
1891 5145 2089 5211 produ-

514 5252 660 5296 ctmn
691 5243 942 5303 credunt,
967 5254 1090 5295 cum
1120 5238 1415 5292 secundum
1443 5250 1662 5291 carnem
1693 5235 1743 5286 in
1776 5233 1951 5287 lucem
1980 5234 2088 5287 edi-

518 5342 629 5383 tum
662 5330 713 5400 5
741 5339 843 5385 est.
872 5327 987 5384 Non
1017 5330 1212 5384 desunt
1247 5342 1460 5382 rursum
1511 5325 1602 5395 qui
1635 5326 1687 5378 in
1726 5335 1928 5379 tantum
1951 5324 2087 5378 stul-

590 5485 606 5515 ⁷
635 5485 793 5537 Prov.
825 5501 940 5546 vm,
986 5483 1067 5535 ll.
1160 5482 1220 5533 ⁸1
1259 5482 1380 5535 (lor.
1428 5495 1543 5541 xlii,
1580 5479 1665 5534 1-2.

1744 5477 1801 5530 Ἰ
1833 5478 1957 5533 Cur.
1991 5494 2085 5543 xit,
2124 5479 2206 5545 ll,

2268 2312 2342 2363 E'.
2384 2310 2522 2381 Φαίη
2557 2311 2601 2364 δ’
2628 2311 2717 2377 ἂν,
2744 2308 2919 2381 οἶμαι,
2947 2311 3055 2375 τὶς,
3096 2311 3307 2365 Οὐκοῦν
3338 2313 3520 2385 ἐπειδή
3560 2332 3643 2367 σοι
3678 2333 3770 2367 και

2192 2400 2295 2471 τῆς
2326 2402 2418 2454 ἐπὶ
2456 2401 2631 2471 τούτῳ
2670 2402 2869 2465 κόνεως
2903 2402 3136 2471 ἅψεσθαι
3168 2402 3332 2466 δοκεῖ,
3364 2404 3457 2456 καὶ
3497 2403 3586 2456 τὸν
3627 2403 3771 2456 οῦτω

2193 2493 2442 2564 διαϐριθῆ
2479 2494 2572 2546 καὶ
2611 2492 2886 2546 δύσοιστον
2927 2494 3224 2563 ἀνατλῆναι
3256 2495 3435 2557 πόνον,
3468 2496 3771 2549 ἀοκνότατα

2192 2585 2446 2653 διασάφει
2481 2584 2572 2637 τὸν
2598 2585 2799 2656 ἀκριϐῆ
2827 2602 2888 2637 τε
2915 2586 3011 2638 καὶ
3033 2585 3434 2655 ἀκιϐδήλευτον,
3466 2589 3560 2640 καὶ
3586 2588 3766 2656 πάσης

2193 2678 2371 2740 αἰτίας
2412 2677 2835 2747 ἀπηλλαγμένον
2868 2677 2962 2729 ἐπὶ
3006 2677 3228 2747 Χριστῷ
3272 2677 3447 2745 λόγον.
3482 2680 3766 2749 Διανςιόροις

2191 2770 2300 2841 γάρ
2328 2769 2507 2834 δόξαις
2539 2768 2948 2838 καταμεθύουσί
2980 2786 3143 2832 τινες,
3179 2769 3657 2840 παραπλάττοντες
3689 2771 3765 2831 εἰς

2190 2862 2250 2915 τὸ
2317 2860 2548 2924 ἀκαλλὲς
2593 2861 2660 2913 τὰ
2696 2862 2782 2913 ἐπ’
2825 2860 2972 2930 αὐτῷ
3024 2860 3575 2931 νιεχρησμῳδημένα8
3619 2862 3767 2929 παρὰ

2190 2972 2249 3006 τε
2280 2954 2381 3023 τῆς
2419 2953 2562 3016 Νέας
2598 2953 2692 3006 καὶ
2729 2953 3110 3023 Ἀρχαιοτέρας
3142 2953 3382 3023 ι’ραφῆς.
3421 2955 3534 3006 Οὐκ
3566 2955 3764 3023 ἠγνοή-

2191 3061 2367 3115 καμεν
2410 3041 2525 3108 οῦν,
2555 3045 2631 3108 ὡς
2660 3044 2761 3097 οὐκ
2800 3044 3221 3115 ἀνεπιτήδευτόν
3254 3047 3369 3097 ἐστι
3402 3045 3510 3098 τῶν
3550 3046 3766 3098 ἀτόπων

2191 3141 2305 3201 τοῖς
2343 3138 2620 3199 ἀσυνέτοις
2648 3137 2800 3188 οὐδέν
2821 3153 2834 3166 ·
2866 3137 3127 3189 πίπτουσι
3159 3136 3217 3189 δὲ
3258 3139 3351 3189 καὶ
3387 3137 3511 3189 λίαν
3536 3138 3765 3208 ἑτοίμως

2191 3234 2271 3295 είς
2312 3233 2582 3301 πέταυρον
2635 3228 2785 3300 ᾇδου,
2819 3229 2961 3282 κατά
3000 3230 3063 3282 τὸ
3101 3230 3506 3300 γεγραμμένον,
3548 3231 3645 3283 καὶ
3689 3233 3766 3292 εἰς

2193 3324 2396 3392 παγίδα
2428 3323 2681 3383 θανάτου,
2714 3342 2732 3371 ι
2766 3321 2841 3392 μὴ
2867 3321 3111 3384 νοοῦντες
3144 3323 3281 3391 μήτε
3302 3320 3597 3388 ἀλέγουσι,
3629 3325 3762 3391 μήτε

2191 3415 2321 3486 περὶ
2353 3415 2515 3468 τίνων
2541 3413 2996 3466 διαϐεϐαιοῦνται.
3027 3433 3044 3463 ι
3077 3413 3233 3476 Τίνες
3261 3413 3304 3465 δ’
3328 3413 3393 3466 ἂν
3421 3407 3532 3466 εἶεν
3555 3414 3604 3464 οἱ
3639 3411 3763 3483 παρ’

2192 3506 2407 3577 ἑκάστῳ
2448 3505 2663 3578 θρῦλλοι
2718 3506 2813 3559 καὶ
2862 3505 2933 3558 τά
2980 3506 3153 3575 σεμνὰ
3227 3505 3493 3575 μυθάρια,
3540 3504 3763 3557 διειπεῖν

2191 3602 2503 3670 ἀναγκαῖον.

2269 3776 2360 3843 ς’,
2405 3777 2469 3829 Οἱ
2506 3776 2605 3845 μὲν
2636 3776 2766 3846 γάρ,
2813 3777 2894 3828 ὅτι
2935 3775 3143 3844 πέφηνε
3187 3776 3286 3846 μὲν
3323 3775 3603 3845 ἄνθρωπος
3634 3779 3666 3829 ὀ
3704 3778 3761 3828 ἐκ

2190 3870 2324 3923 Θεοῦ
2355 3872 2469 3922 Πατ
2481 3870 2570 3940 ρὸς
2597 3869 2789 3937 Λόγος,
2814 3870 2874 3921 οὐ
2910 3869 3017 3938 μὴν
3039 3871 3122 3922 ὅτι
3146 3870 3239 3922 καὶ
3274 3869 3549 3940 πεφόρηκε
3575 3869 3679 3939 τὴν
3702 3871 3760 3922 ἐκ

2189 3962 2287 4031 τῆς
2316 3960 2474 4027 ἁγίας
2511 3960 2783 4029 Παρθένου
2819 3964 2914 4013 καὶ
2935 3960 3203 4013 Θεοτόκου
3234 3960 3434 4030 σάρκα,
3466 3963 3686 4031 φρονεῖν
3706 3977 3759 4012 τε

2191 4054 2286 4105 καὶ
2319 4052 2498 4120 λέγειν
2520 4052 2909 4123 τετολμήκασι,
2937 4052 3360 4121 καταψεύδονται
3390 4052 3445 4105 δὲ
3476 4052 3647 4121 μόνην
3674 4051 3759 4103 τοῦ

2195 4144 2494 4214 μυστηρίου
2543 4143 2643 4213 τὴν
2692 4144 2932 4213 δόκησιν’
2961 4145 3178 4214 Ἕτεροι
3206 4144 3251 4196 δ’
3282 4139 3349 4196 αὖ
3398 4142 3762 4212 κατερυθριᾷν

2192 4235 2548 4304 σκεπτόμενοι
2584 4236 2610 4274 h
2670 4235 2731 4286 τὸ
2762 4234 2942 4287 δοκεῖν
2984 4233 3255 4303 ἀνθρώπῳ
3298 4237 3645 4303 προσκυνεῖν,
3676 4235 3760 4285 καὶ

2190 4328 2290 4397 τὴν
2325 4327 2433 4380 ἀπὸ
2465 4326 2569 4396 γῆς
2607 4326 2786 4396 σάρκα
2813 4329 2934 4389 ταῖς
2960 4327 3221 4381 ἀνωτάτω
3252 4326 3430 4392 δόξαις
3464 4324 3760 4392 στεφανοῦν

2194 4419 2639 4489 παραιτούμενοι,
2669 4421 2733 4472 ἐκ
2757 4420 2857 4488 τῆς
2885 4422 3024 4488 ἄγαν
3060 4419 3300 4489 ἀμαθίας
3333 4419 3493 4488 νόθην
3519 4420 3644 4473 τινὰ
3674 4421 3760 4472 καὶ

2198 4513 2660 4583 παρεφθαρμένην
2712 4512 2992 4575 νοσοῦντες
3048 4512 3368 4575 εὐλάϐειαν,
3416 4514 3757 4584 παρατετρὼ

2196 4603 2330 4670 φθαι
2394 4604 2527 4672 φασὶ
2582 4603 2674 4656 τὸν
2716 4604 2781 4656 ἐκ
2849 4603 2983 4656 Θεοῦ
3018 4604 3228 4673 Πατρὸς
3260 4603 3433 4673 φύντα
3474 4604 3652 4670 Λόγον
3685 4605 3760 4664 εἰς

2194 4693 2396 4745 ὀστέων
2442 4710 2503 4746 τε
2554 4696 2648 4746 καὶ
2685 4693 2892 4763 νεύρων
2937 4692 3031 4745 καὶ
3079 4691 3280 4761 σαρκὸς
3337 4690 3520 4760 φύσιν,
3562 4691 3666 4754 τὴν
3702 4690 3761 4742 ὲκ

2196 4781 2475 4853 Παρθένου
2506 4784 2758 4853 γέννησιν
2782 4783 2877 4836 τοῦ
2914 4782 3259 4853 Ἐμμανουήλ
3292 4783 3467 4837 πλατὺ
3496 4781 3760 4849 γελῶντες

2193 4875 2241 4925 οἱ
2286 4873 2535 4937 τάλανες,
2568 4874 2662 4927 καὶ
2690 4874 2751 4926 τὺ
2779 4875 3027 4945 ἀπρεπὲς
3064 4875 3508 4946 καταγράφοντες
3542 4875 3643 4943 τῆς
3671 4874 3759 4927 οῦ-

2193 4981 2297 5025 τως
2332 4963 2564 5033 ἀρίστης
2597 4965 2691 5017 καὶ
2727 4964 3065 5034 θεοπρεποῦς
3096 4965 3427 5035 οἰκονομίας.
3466 4965 3530 5016 Οἱ
3562 4965 3623 5017 δὲ
3671 4966 3760 5018 καὶ

2191 5052 2418 5122 ὀψιγενῆ
2464 5054 2554 5107 τὸν
2603 5055 2871 5108 συναῖδιον
2903 5055 2982 5125 τῷ
3035 5056 3209 5127 Πατρὶ
3243 5056 3374 5110 Θεὸν
3407 5056 3579 5123 Λόγον
3622 5052 3759 5109 εἶναι

2194 5147 2610 5209 πεπιστεύκασι,
2640 5148 2731 5199 καὶ
2753 5151 2830 5211 εἰς
2856 5149 2916 5201 τὸ
2945 5149 3095 5218 μόλις
3120 5149 3357 5219 ὑπάρξαι
3376 5149 3759 5219 διακεκλῆσθαι

2191 5235 2334 5299 τότε,
2363 5238 2451 5289 ὅτε
2486 5240 2576 5290 καὶ
2608 5242 2706 5309 τῆς
2736 5239 2876 5293 κατὰ
2917 5241 3094 5310 σάρκα
3138 5242 3444 5311 γεννήσεως
3477 5242 3636 5311 ἔλαχε
3663 5241 3758 5310 τὴν

2193 5327 2386 5397 ἀρχήν.
2426 5329 2544 5381 Ισὶίσὶ
2584 5330 2640 5383 δὲ
2677 5333 2724 5382 οἱ
2765 5332 2855 5385 καὶ
2896 5332 3029 5404 πρὸς
3054 5332 3211 5386 τοῦτο
3254 5333 3450 5402 μανίας
3483 5333 3755 5397 δυσσεϐῶς

2290 5483 2329 5511 ¹⁰
2354 5483 2479 5537 ibid.
2517 5485 2566 5537 3.
2651 5486 2689 5514 “
2716 5484 2833 5537 l‘sal
2892 5502 2996 5545 LIV,
3040 5487 3120 5540 Ni.
3204 5487 3283 5539 “i
3316 5486 3454 5542 Tim.
3487 5503 3522 5551 Ι,

1617 5608 1784 5665 Varie
1819 5609 2074 5665 lectiones
2105 5612 2306 5667 (‘Odlt‘iS
2335 5603 2685 5681 chutct‘tani.

592 5753 610 5794 ί
645 5752 874 5819 λέγοιτο.
954 5763 978 5801 6
1007 5748 1575 5823 κεχρησμοόοτημὲνα.
1652 5742 1678 5782 δ
1710 5745 2091 5816 σκηπτόμενοι.
