4044 6332
343 276 472 333 HM

1299 287 1386 341 DE
1425 287 1656 345 RECTA
1695 289 1874 357 FIDE,
1918 291 2010 345 AD
2050 292 2499 353 THEODOSIUM
2540 296 2678 354 IMP.

3459 303 3597 359 Ηιὲ

341 396 587 464 ἠγμένοι,
619 398 759 452 ὥστε
799 406 891 456 καὶ
939 404 1310 458 ἀνυπόστατον
1344 409 1436 459 τὸν
1480 410 1542 460 ὲκ
1576 409 1711 462 Θεοῦ
1762 428 1905 478 φασιε

2031 412 2204 466 titiam
2251 426 2304 468 et
2335 407 2667 484 impietatem
2707 417 2939 488 proiapsi
2971 427 3118 484 sunt,
3147 429 3205 474 ut
3233 420 3325 475 Dei
3361 421 3594 477 Verbum

255 553 262 558 _
338 483 478 540 εἶναι
505 489 697 558 Λόγον,
727 493 878 564 ῥῆμα
907 496 961 548 δὲ
997 497 1182 560 ἁπλῶς
1211 498 1272 550 τὸ
1304 499 1444 552 κατὰ
1488 501 1656 569 μόνην
1689 501 1912 572 νοούμε-

339 592 428 630 νον
466 583 747 652 προφορὰν
780 587 838 637 ἐν
866 586 1138 658 ἀνθρώπῳ
1186 589 1460 656 γενέσθαι.
1511 592 1828 661 Μάρκελλος
1859 593 1914 645 δὲ

337 663 483 723 οὗτοι
518 674 610 726 καὶ
646 675 927 740 Φωτεινός.
961 681 1118 731 Δοκεῖ
1148 697 1210 748 γε
1243 681 1350 753 μὴν
1380 681 1474 733 καὶ
1503 683 1710 751 ἑτέροις
1759 685 1914 737 ἐναν-

338 759 624 832 θρωπῆσαι
663 765 762 834 μὲν
810 767 1024 836 ἀληθῶς
1051 770 1143 822 τὸν
1173 772 1481 842 Μονογενῆ,
1515 775 1608 825 καὶ
1653 776 1716 825 ἐν
1751 777 1916 846 σαρκὶ⁹

336 853 586 920 γενέσθαι
633 858 925 924 πιστεύειν,
960 862 1034 932 μὴ
1071 862 1176 932 μὴν
1202 863 1281 916 έτι
1318 866 1410 916 καὶ
1439 866 1796 935 ἐμψυχῶσθαι
1821 885 1912 920 τε-

336 943 495 1007 λείως
537 947 633 1015 τήν
678 950 1082 1020 ἀναληφθεῖσαν
1123 953 1302 1023 σάρκα
1346 955 1491 1026 ψυχῇ
1535 957 1761 1029 λογικῇ,
1817 961 1912 1013 καὶ

336 1033 460 1086 νοῦν
492 1035 690 1110 ἐχούσῃ
719 1040 809 1092 τὸν
843 1041 965 1094 καθ’
1003 1044 1184 1113 ἡμᾶς’
1217 1047 1294 1109 είς
1329 1047 1556 1118 ἑνότητα
1602 1049 1658 1101 δὲ
1691 1050 1792 1120 τὴν
1834 1054 1911 1116 εἰς

335 1127 501 1194 ἀπαν,
535 1130 724 1203 ὥσπερ
752 1129 846 1187 οὖν
875 1136 1094 1202 οἴονται,
1130 1141 1597 1209 κατασφίγγοντες
1623 1145 1716 1197 τόν
1755 1162 1813 1197 τε
1848 1147 1914 1199 ἐκ

333 1219 470 1272 Θεοῦ
509 1224 701 1292 Λόγον,
732 1227 824 1278 καὶ
858 1229 952 1281 τὸν
992 1231 1055 1282 ἐκ
1102 1231 1202 1300 τῆς
1252 1234 1414 1302 ἁγίας
1447 1235 1726 1306 Παρθένου
1761 1239 1910 1303 ναὸν,

333 1316 655 1386 κατοικῆσαί
685 1336 850 1387 φασιν
878 1323 935 1374 ὲν
967 1323 1118 1394 αὐτῷ
1141 1325 1230 1378 τὸν
1263 1327 1435 1395 Λόγον
1458 1345 1470 1357 ·
1511 1332 1606 1382 καὶ
1651 1332 1781 1385 ἴδιον
1814 1332 1910 1402 μὲν

331 1407 664 1477 ποιήσασθαι
706 1411 767 1464 τὸ
800 1412 960 1484 σῶμα
999 1415 1060 1468 τὸ
1091 1418 1415 1489 ἀναληφθὲν,
1443 1419 1623 1491 ψυχῆς
1656 1422 1713 1473 δὲ
1750 1423 1911 1475 αὑτὸν

329 1497 428 1567 τῆς
474 1499 698 1572 λογικῆς
737 1521 797 1555 τε
840 1506 933 1558 καὶ
976 1510 1166 1578 νοερᾶς
1205 1511 1555 1584 ἀναπληροῦν
1587 1514 1678 1566 τὸν
1722 1515 1905 1568 τόπον.

335 1589 548 1661 ’Έτεροι
598 1593 643 1645 δ’
682 1589 748 1647 αὖ
787 1597 1152 1665 πρεσϐεύουσι
1204 1601 1304 1669 μὲν
1342 1606 1464 1666 ταῖς
1492 1605 1698 1657 τούτων
1731 1607 1910 1671 δόξαις

327 1679 396 1732 τὰ
442 1683 692 1749 ἐναντία,
739 1689 833 1740 καὶ
867 1689 1247 1759 ἀντιφέρονται
1291 1696 1403 1757 τοϊς
1441 1697 1802 1766 φρονήμασιν,
1847 1699 1908 1753 ἔκ

328 1789 386 1824 τε
419 1774 554 1828 Θεοῦ
583 1777 756 1846 Λόγου
792 1781 885 1832 καὶ
911 1780 1088 1853 ψυχῆς
1117 1784 1217 1853 τῆς
1250 1785 1475 1856 λογικῆς
1507 1791 1600 1842 καὶ
1634 1790 1904 1860 σώματος,

330 1865 449 1934 ἤτοι
496 1867 710 1932 τελείας
760 1872 947 1935 ἁπλῶς
983 1874 1425 1948 ἀνθρωπότητος,
1475 1882 1797 1935 συνεστάναι
1848 1901 1906 1936 τε

330 1957 424 2010 καὶ
450 1959 858 2032 ἀναπεπλέχθαι
884 1965 1355 2038 διαϐεϐαιούμενοι
1383 1971 1474 2025 τὸν
1518 1971 1868 2046 Ἐμμανουήλ
1892 1994 1904 2004 ·

327 2049 387 2100 οὐ
425 2049 532 2118 μὴν
577 2050 658 2104 ἔτι
697 2054 792 2105 καὶ
841 2056 970 2123 ὑγιᾶ
1014 2058 1108 2110 καὶ
1152 2058 1454 2131 ἀμώμητον
1488 2065 1770 2130 παντελῶς
1809 2067 1908 2137 τὴν

327 2141 414 2194 ἐπ’
452 2142 600 2210 αὑτῷ
645 2148 976 2218 τετηρήκασι
1010 2149 1186 2215 δόξαν.
1242 2154 1637 2209 Καταδιιστᾶσι
1673 2157 1781 2228 γάρ
1829 2160 1909 2221 είς

326 2231 418 2286 δύο
472 2236 563 2289 τὸν
613 2237 708 2291 ἕνα
759 2240 1015 2310 Χριστὸν,
1071 2244 1163 2296 καὶ
1215 2248 1448 2314 παχεῖαν
1486 2247 1676 2319 ὥσπερ
1725 2250 1908 2314 αὐτοῖς

328 2326 561 2392 ἐνιέντες
609 2329 705 2400 τὴν
750 2331 1032 2406 διατομὴν,
1078 2335 1180 2388 ἀνά
1219 2337 1381 2407 μέρος
1410 2339 1672 2410 έκάτερον
1720 2357 1910 2410 μονον·-

327 2420 447 2490 ουχὶ
494 2422 586 2473 καὶ
618 2423 830 2476 ἑστῶτα
863 2425 1382 2495 παραδεικνύουσιν·
1413 2428 1603 2500 ἕτερον
1635 2430 1734 2500 μὲν
1768 2427 1907 2484 εἶναι

326 2511 714 2583 διατεινόμενοι
742 2515 834 2567 τὸν
867 2516 931 2568 ὲκ
961 2517 1240 2587 Παρθένου
1279 2519 1539 2590 τεχθέντα
1568 2522 1789 2584 τελείως
1819 2524 1909 2577 ἀν-

327 2600 565 2672 θρωπον,
591 2604 774 2674 ἕτερον
803 2605 850 2658 δ’
873 2601 940 2659 αὖ
971 2608 1062 2659 τὸν
1088 2610 1150 2661 ἐκ
1180 2609 1316 2662 Θεοῦ
1336 2611 1552 2681 Πατρὸς
1574 2613 1747 2680 Λόγον
1769 2631 1781 2644 ·
1811 2615 1910 2684 οὐχ

325 2696 352 2746 ὃ
376 2695 432 2748 τί
462 2696 592 2749 ποτέ
620 2698 766 2751 ἐστιν
795 2698 829 2769 ἦ
862 2717 919 2751 τε
953 2699 1046 2752 τοῦ
1093 2700 1228 2754 Θεοῦ
1259 2701 1272 2738 ί
1307 2703 1488 2771 φύσις,
1523 2706 1616 2758 καὶ
1643 2708 1742 2777 τῆς
1779 2723 1910 2777 σαρ-

329 2793 442 2857 κὸς,
479 2795 865 2865 διακρίνοντες,
891 2800 1014 2852 οὐδὲ
1057 2802 1248 2870 μόναις
1286 2805 1406 2868 ταῖς
1433 2806 1512 2868 είς
1541 2806 1700 2859 τοῦτο
1728 2807 1910 2876 διαφο-

329 2887 452 2952 ραῖς
489 2887 890 2960 ἐμφιλοχωρείν
938 2889 1232 2956 ἐθέλοντες.
1267 2895 1401 2948 Οὐδὲ
1444 2895 1554 2966 γάρ
1587 2897 1653 2950 ἂν
1701 2899 1909 2961 ἐννοίας

325 2979 421 3045 τῆς
458 2979 698 3048 ἀληθοῦς,
722 2982 800 3044 εἰς
835 2981 992 3035 τοῦτο
1030 2983 1352 3056 διήμαρτον,
1394 2987 1516 3040 ἐπεὶ
1563 2988 1639 3060 μὴ
1684 2990 1904 3061 φύσιςή

2020 506 2439 575 anhypostaton,
2501 509 2602 563 hoc
2641 519 2742 572 est,
2796 511 2994 564 nullam
3037 512 3239 568 habens
3293 514 3592 570 subsisten-

2021 598 2147 651 tiam
2191 600 2582 668 (cujusccmodi
2624 603 2751 656 illud
2789 612 2891 666 est,
2935 603 3081 670 quod
3122 613 3248 659 tunc
3287 605 3458 659 solum
3513 615 3597 661 est

2018 700 2072 744 et
2107 690 2444 760 intelligitur,
2483 693 2608 745 dum
2637 708 2731 746 ore
2762 693 3076 761 profertur),
3123 696 3305 750 dicere
3335 696 3590 760 audeant,

2023 783 2234 850 taleque
2271 783 2501 838 Verbum
2548 785 2600 838 in
2647 784 2863 838 homine
2904 784 3102 837 factum
3143 787 3494 841 contendunt.
3529 785 3592 840 lli

2018 891 2145 930 vero
2170 885 2297 929 sunt
2323 875 2608 930 Marcellus
2637 887 2691 930 et
2722 875 3001 930 Photinus.
3033 877 3454 946 Comperiuntur
3504 877 3594 931 alii

2017 968 2132 1035 qui,
2164 967 2266 1021 etsi
2294 968 2624 1036 unigenitum
2660 969 2750 1022 Dei
2784 969 3014 1024 Verbum
3046 983 3171 1023 vere
3215 969 3486 1023 hominem
3518 969 3596 1022 fa-

2018 1068 2160 1111 ctum
2193 1067 2247 1111 et
2282 1057 2623 1112 incarnatum
2656 1075 2758 1112 non
2792 1071 3009 1128 negent,
3071 1061 3248 1114 induci
3287 1070 3465 1114 tamen
3501 1075 3594 1114 ne-

2016 1159 2239 1218 queunt,
2271 1158 2330 1203 ut
2352 1166 2592 1213 carnem,
2623 1167 2783 1221 quam
2823 1152 3134 1220 assumpsit,
3165 1154 3346 1206 anima
3382 1155 3592 1207 ratione

2015 1249 2067 1294 et
2113 1250 2292 1296 mente
2315 1249 2510 1294 nostra:
2556 1243 2715 1296 simili
2762 1244 2980 1312 praedita
3042 1244 3333 1312 perlectam
3385 1243 3591 1296 anima-

2015 1341 2235 1401 tamque
2291 1332 2457 1387 fuisse
2497 1335 2744 1388 credant.
2800 1336 3008 1389 Etenim
3067 1335 3299 1390 Verbum
3344 1335 3484 1404 quod
3524 1351 3588 1388 ex

2015 1424 2190 1488 Patre,
2220 1434 2273 1479 et
2305 1425 2562 1494 templum
2591 1426 2733 1495 quod
2760 1443 2823 1482 ex
2858 1443 3013 1482 saera
3040 1426 3457 1495 Virgine-ortum
3485 1437 3588 1491 est,

2013 1515 2066 1569 in
2101 1533 2258 1570 unam
2291 1518 2582 1584 perfectam
2624 1519 2884 1573 unitatem
2910 1521 3318 1584 contrahentes,
3354 1518 3588 1573 Verbum

2014 1607 2066 1660 in
2099 1608 2186 1661 illo
2235 1608 2582 1674 inhabitasse,
2631 1625 2937 1680 corpusque
2982 1620 3320 1679 assumptum
3354 1611 3418 1662 ad
3465 1625 3586 1662 eum

2014 1701 2228 1754 modum
2253 1701 2355 1755 sibi
2379 1703 2653 1772 proprium
2680 1702 2926 1758 eli'eeisse
2949 1704 3285 1770 contingunt,
3318 1713 3376 1756 ut
3398 1702 3590 1755 animae

2012 1794 2219 1848 ratione
2280 1795 2479 1850 utentis
2547 1795 2720 1850 locum
2770 1810 2866 1863 per
2920 1810 2978 1850 se
3032 1797 3202 1864 ipsum
3255 1794 3579 1862 expleverit.

2012 1885 2150 1939 Sunt
2187 1886 2424 1956 denique
2484 1887 2600 1956 qui,
2651 1889 2842 1942 horum
2903 1887 3143 1941 omnium
3189 1886 3588 1955 opinationibus

2012 1979 2357 2034 adversantes
2387 1979 2777 2048 sententiisque
2810 1979 3165 2048 refragantes,
3184 1993 3248 2031 ex
3274 1976 3373 2030 Dei
3391 1976 3585 2042 Verbo,

2012 2069 2299 2136 animaque
2339 2069 2692 2139 intelligente,
2728 2081 2782 2124 et
2811 2085 3058 2140 corpore,
3095 2072 3197 2124 hoc
3222 2081 3327 2136 est,
3357 2071 3586 2123 humana

2013 2169 2199 2213 natura
2234 2162 2472 2214 numeris
2499 2162 2748 2216 omnibus
2775 2163 3008 2230 perfecta
3053 2162 3426 2230 absolutaque,
3460 2162 3586 2215 Em-

2015 2250 2313 2305 manuelem
2363 2253 2716 2307 constitutum
2761 2253 3228 2323 compositumque
3274 2263 3584 2308 constanter

2013 2341 2314 2411 :tﬂirment;
2374 2358 2547 2413 neque
2602 2345 2780 2399 adhuc
2859 2354 3036 2399 tamen
3116 2360 3303 2399 sanam
3364 2360 3584 2414 prorsus

2010 2434 2294 2501 omnisque
2326 2435 2441 2489 vitii
2471 2447 2748 2504 expertem
2780 2437 3108 2490 sententiam
3140 2447 3374 2491 tuentur.
3402 2436 3585 2502 Quan-

2012 2529 2298 2597 doquidem
2345 2545 2508 2582 unum
2544 2530 2819 2584 Christum
2870 2531 2924 2584 in
2974 2531 3108 2583 duos
3165 2540 3475 2593 secernunt,
3508 2541 3584 2596 et,

2010 2636 2196 2675 crassa
2243 2622 2476 2690 quadam
2522 2621 2866 2691 separatione
2889 2622 3029 2677 inter
3062 2621 3203 2675 hunc
3235 2632 3289 2676 et
3324 2621 3469 2675 illum
3504 2623 3580 2675 in-

2013 2714 2192 2774 ducta,
2253 2723 2542 2783 utrumque
2586 2728 2831 2768 seorsum
2886 2728 2948 2768 ae
2993 2713 3156 2782 quasi
3193 2728 3287 2782 per
3333 2728 3392 2768 se
3439 2722 3584 2768 stare

2011 2803 2344 2856 contendunt
2376 2819 2390 2854 :
2427 2813 2480 2856 et
2508 2803 2733 2858 alterum
2768 2804 3008 2872 quidem,
3046 2818 3167 2857 eum
3200 2803 3452 2855 nimirum
3490 2803 3585 2871 qui

2010 2910 2076 2949 ex
2115 2895 2333 2964 Virgine
2361 2907 2517 2949 nutus
2546 2908 2649 2959 est,
2682 2896 2980 2965 perfectum
3014 2893 3319 2957 hominem;
3349 2893 3578 2946 alterum

2014 3001 2226 3040 rursum
2262 2986 2434 3054 ipsum
2468 2985 2559 3039 Dei
2589 2984 2769 3040 Patris
2801 2984 3035 3040 Verbum
3075 2999 3194 3039 esse
3219 2983 3436 3048 dicunt;
3477 2998 3586 3037 non

322 3070 459 3141 αὐτή
496 3072 698 3142 σαρκός
724 3091 784 3126 τε
812 3077 908 3129 καὶ
934 3076 1207 3148 θεότητος.
1249 3079 1410 3133 Ἀλλά
1440 3081 1533 3134 τὸν
1569 3084 1667 3152 μὲν
1699 3086 1773 3148 ὡς
1813 3087 1905 3139 ἀνα

2013 3079 2141 3149 quid
2184 3079 2324 3132 inter
2373 3077 2464 3131 Dei
2523 3090 2578 3131 et.
2623 3079 2806 3132 carnis
2854 3090 3098 3131 naturam
3143 3076 3354 3130 intersit
3394 3074 3583 3129 distin-

323 3162 538 3232 θρωπον
570 3163 674 3234 ἰδίᾳ
700 3165 941 3230 τιθέντες
964 3169 1058 3222 καὶ
1088 3170 1192 3223 ἀνὰ
1221 3172 1408 3242 μέρος,
1441 3174 1540 3230 τὸν,
1561 3175 1639 3240 δὲ,
1673 3176 1748 3240 ὡς
1772 3177 1903 3231 Θεὸν

323 3253 482 3319 φύσει
529 3271 590 3307 τε
637 3257 731 3309 καὶ
777 3257 995 3328 ἀληθῶς
1041 3261 1399 3330 ὀνομάζουσι,
1439 3267 1616 3320 καίτοι
1656 3267 1903 3333 θέλοντες

323 3341 459 3399 εἶναι
491 3348 824 3418 Χριστιανοί·
849 3351 958 3404 Καὶ
986 3351 1050 3422 δὴ
1083 3356 1175 3408 καὶ
1194 3355 1402 3424 λογίδια
1437 3357 1574 3411 ἀττα
1611 3361 1740 3430 περὶ
1781 3363 1904 3414 τού-

320 3456 428 3490 των
458 3440 896 3508 συγγράφοντες,
935 3443 1112 3496 είπεῖν
1138 3446 1541 3517 τετολμήκασιν
1585 3451 1776 3514 αὐταῖς
1819 3451 1905 3505 λέ-

324 3530 468 3595 ξεσιν
493 3525 593 3585 ὦδε
615 3549 626 3560 °
682 3533 740 3585 '0
773 3533 872 3602 μὲν
905 3535 1014 3606 γὰρ
1041 3535 1200 3604 φύσει
1239 3539 1334 3592 καὶ
1365 3539 1580 3608 ἀληθῶς
1617 3542 1741 3603 Υἱὸς
1772 3543 1800 3595 ὁ
1839 3544 1904 3596 ὲκ

320 3623 454 3675 Θεοῦ
490 3623 704 3692 Πατρὸς
745 3623 915 3691 Λόγος
963 3627 1132 3692 ἐστὶν,
1164 3629 1193 3681 ὁ
1227 3628 1304 3694 δὲ,
1344 3631 1649 3702 ὁμωνύμως
1678 3633 1756 3703 τῷ
1789 3634 1902 3705 Υίῷ

324 3717 467 3781 Υἱός.
499 3719 606 3772 Καὶ
642 3717 760 3788 μεθ’
787 3719 948 3789 ἕτερα
977 3719 1169 3774 πάλιν·
1193 3720 1338 3792 Σάρξ
1366 3723 1395 3774 ό
1423 3722 1518 3776 τοῦ
1543 3723 1679 3777 Θεοῦ
1706 3726 1900 3795 Λόγος,

320 3809 456 3862 ἀλλά
497 3810 782 3879 ἄνθρωπον
828 3811 1158 3881 ἀνειληφώς.
1209 3814 1265 3867 Ὀ
1307 3814 1405 3882 μὲν
1436 3815 1545 3886 γὰρ
1592 3818 1902 3889 Μονογενὴς

321 3901 745 3970 προηγουμένως
785 3901 878 3954 καὶ
911 3901 1033 3954 καθ’
1064 3903 1278 3969 ἑαυτὸν,
1322 3904 1447 3967 Υἱὸς
1479 3904 1573 3957 τοῦ
1608 3906 1743 3958 Θεοῦ
1787 3908 1901 3959 ἐστι

319 4001 422 4053 τοῦ-
445 4002 662 4055 πάντων
689 4002 1026 4073 δημιουργοῦ
1050 4018 1062 4030 ·
1095 4004 1154 4057 ὃν
1197 4003 1253 4058 δὲ
1282 4005 1544 4059 ἀνέλαϐεν
1591 4007 1898 4077 ἄνθρωπον,

319 4092 379 4144 οὐ
408 4091 566 4159 φύσει
593 4093 723 4155 Θεὸς
757 4092 855 4156 ὢν,
880 4094 970 4149 διὰ
1001 4094 1094 4147 τὸν
1126 4095 1470 4151 ἀναλαϐόντα
1495 4097 1661 4151 αὐτὸν
1683 4098 1900 4170 ἀληθῶς

321 4183 448 4236 Υίδν
473 4183 630 4250 Θεοῦ,
652 4185 960 4256 ὁμωνύμως
986 4187 1135 4257 αύτῷ
1163 4189 1515 4260 χρηματίζει.
1538 4190 1613 4244 Τὸ
1639 4191 1739 4259 μὲν
1759 4191 1866 4262 γάρ
1883 4233 1898 4255 ,

323 4294 342 4326 ‹
371 4275 558 4337 Οὐδεὶς
587 4276 728 4343 ἔγνω
763 4277 854 4330 τὸν
886 4278 1031 4342 Υἰὸν,
1062 4279 1113 4330 εί
1147 4280 1221 4349 μὴ
1257 4282 1284 4332 ό
1325 4281 1538 4351 Πατὴρ,
1579 4301 1596 4329 ι
1623 4282 1714 4334 τὸν
1742 4283 1899 4350 φύσει

318 4367 522 4420 τέλειον
548 4368 644 4420 καὶ
674 4369 903 4440 ἀληθείᾳ
930 4368 1082 4440 δηλοί
1104 4371 1170 4424 ἐκ
1202 4369 1294 4424 τοῦ
1322 4371 1536 4440 Πατρὸς
1563 4373 1711 4426 Υίόν.
1736 4373 1808 4426 Τὸ
1842 4374 1900 4428 δὲ

2009 3179 2258 3240 gnentes,
2292 3185 2465 3239 neque
2488 3169 2628 3223 intra
2651 3169 2794 3223 solos
2817 3169 3236 3239 discrepantium
3268 3176 3580 3221 naturarum

2009 3263 2267 3316 terminos
2312 3264 2691 3318 consistentes.
2749 3260 2829 3315 lta
2897 3261 3042 3315 enim
3104 3277 3132 3314 a
3183 3261 3409 3314 veritate
3477 3274 3582 3312 non

2007 3350 2366 3405 aberrareut:
2416 3351 2518 3404 alia
2570 3352 2715 3406 enim
2768 3352 2974 3416 carnis,
3030 3350 3132 3405 alia
3187 3365 3373 3404 rursus
3425 3349 3580 3402 Verbi

2003 3449 2087 3494 est
2113 3449 2328 3494 natura.
2379 3442 2451 3494 At
2495 3441 2548 3495 hi
2578 3441 2808 3495 alterum
2851 3455 3096 3496 seorsum
3130 3454 3190 3494 ac
3225 3452 3320 3508 per
3346 3453 3428 3504 se,
3461 3447 3581 3492 tan-

2004 3549 2166 3602 quam
2205 3549 2412 3589 merum
2451 3535 2724 3589 hominem
2771 3543 3052 3599 statuunt;
3101 3532 3327 3587 alterum
3365 3546 3492 3586 vero
3525 3541 3577 3584 ut

2003 3641 2192 3679 verum
2244 3626 2652 3695 naturalemque
2692 3627 2859 3681 Deum
2910 3625 3230 3690 nominant,
3276 3639 3396 3678 cum
3445 3624 3581 3676 inte-

2005 3718 2107 3771 ritu
2144 3729 2196 3772 et
2221 3718 2530 3773 Christiano
2565 3718 2783 3770 nomine
2806 3716 2908 3772 sibi
2937 3714 3302 3779 blandiantur,
3331 3722 3386 3768 et
3415 3728 3579 3781 quos-

2004 3811 2128 3864 dam
2154 3826 2367 3880 quoque
2397 3811 2543 3865 hisce
2573 3811 2637 3866 de
2666 3810 2825 3866 rebus
2864 3808 3076 3863 libellos
3134 3807 3574 3874 conscripserint.

2003 3905 2085 3958 Atl
2134 3904 2355 3959 verbum
2408 3913 2587 3958 autem
2639 3904 2779 3957 hunc
2827 3903 2876 3956 iu
2923 3903 3140 3955 modum
3184 3901 3422 3954 scribere
3463 3900 3586 3952 ansi-

2003 4005 2178 4052 sunt:
2221 3995 2320 4050 llic
2356 3996 2622 4066 siquidem
2673 3996 2904 4064 (nempe
2957 3993 3049 4048 Dei
3099 3992 3274 4047 Patris
3304 3990 3578 4058 Verbum)

2006 4102 2167 4142 verus
2192 4096 2247 4142 et
2273 4087 2534 4141 naturalis
2554 4097 2636 4140 est
2661 4085 2830 4138 Filius
2861 4103 2875 4139 :
2911 4083 2996 4138 ille
3027 4099 3153 4137 vero
3179 4083 3327 4152 (puta
3348 4080 3582 4150 Virginis

2005 4178 2205 4248 natus)
2255 4179 2526 4246 :equivoce
2569 4177 2661 4231 Dei
2705 4175 2874 4230 Filius
2920 4175 3142 4229 dicitur.
3176 4174 3241 4227 Et
3273 4172 3428 4241 paulo
3460 4183 3587 4240 posr

2005 4272 2244 4326 iterum:
2301 4272 2498 4340 Utique
2550 4270 2642 4323 Dei
2697 4270 2932 4324 Verbum
2979 4284 3084 4322 non
3132 4277 3214 4321 est
3257 4267 3437 4331 homo,
3486 4262 3588 4318 scd-

2007 4363 2280 4417 hominetn
2347 4360 2659 4428 assumpsit.
2736 4358 3182 4426 Quandoquidem
3264 4353 3581 4423 Unigenitns

317 4460 604 4529 λεγόμενον
647 4461 753 4514 ὑπὸ
794 4461 888 4515 τοῦ
935 4463 1191 4534 Γαϐριὴλ,
1229 4482 1247 4514 ι
1279 4463 1368 4534 Μὴ
1402 4464 1590 4532 φοϐοῦ,
1637 4467 1888 4536 Μαριάμ’

2010 4456 2106 4512 iam
2145 4452 2268 4507 inde
2303 4451 2371 4507 ab
2399 4451 2552 4504 initio
2581 4465 2675 4519 per
2700 4463 2780 4513 se,
2811 4447 2901 4502 Dei
2919 4446 3157 4499 omnium
3175 4444 3385 4514 opiﬁcis
3413 4442 3581 4495 Filius

319 4546 475 4622 εὗρες
503 4554 614 4624 γὰρ
644 4554 802 4623 χάριν
831 4554 980 4623 παρά
1007 4555 1086 4625 τῷ
1111 4556 1232 4628 Θεῷ
1252 4574 1266 4587 ·
1304 4560 1395 4610 καὶ
1427 4558 1536 4611 ἰδοὺ
1568 4558 1814 4630 συλλήψῃ
1840 4560 1898 4611 ἐν

318 4643 536 4712 γαστρὶ,
570 4645 666 4696 καὶ
692 4642 822 4714 τέξῃ
861 4645 997 4710 υίδν,
1030 4647 1125 4699 καὶ
1153 4646 1405 4710 καλέσεις
1435 4647 1494 4700 τὸ
1524 4649 1694 4719 ὄνομα
1732 4649 1895 4701 αὑτοῦ

331 4736 562 4804 Ἰησοῦν⁶
588 4754 606 4786 ι
635 4736 711 4805 τῷ
746 4736 1021 4808 ἀνθρώπῳ
1043 4738 1366 4809 ἐφαρμόζει.
1401 4739 1560 4792 ’Λλλά
1589 4742 1745 4793 ταυτὶ
1775 4741 1894 4809 μὲν,

318 4829 535 4880 ἐκεῖνοι.
557 4828 904 4898 Φρονήσομεν
925 4829 981 4882 δὲ
1003 4831 1164 4900 ἡμεῖς
1186 4831 1282 4900 οὐχ
1305 4825 1429 4885 ὦδε.
1465 4832 1770 4885 Ἀναπείσει
1794 4833 1898 4902 γὰρ

315 4917 567 4987 οὐδαμῶς
613 4919 722 4971 τῶν
756 4921 1080 4990 ἑτεροδόξων
1120 4924 1148 4974 ὁ
1184 4923 1372 4990 λόγος,
1407 4924 1630 4994 τροχιάν
1663 4924 1896 4992 ἀφέντας

316 5008 414 5076 τὴν
440 5010 526 5059 ἐπ’
543 5010 756 5063 εὐθεῖαν
779 5009 792 5060 i
816 5053 827 5075 ,
852 5010 1156 5081 διατρέχειν
1180 5013 1200 5050 li
1230 5013 1421 5082 ἑτέραν
1444 5013 1538 5083 τὴν
1561 5013 1663 5079 ἔξω
1696 5015 1894 5067 σκοποῦ

319 5101 411 5154 καὶ
438 5102 515 5154 διε
525 5105 893 5174 στραμμένην.

2005 4556 2130 4601 est:
2169 4545 2332 4600 homo
2364 4555 2566 4606 autem,
2590 4558 2752 4611 quem
2775 4541 3037 4611 suscepit,
3069 4554 3191 4593 cum
3217 4548 3410 4592 natura
3439 4537 3582 4590 Deus

2009 4657 2112 4696 non
2147 4640 2236 4705 sit,
2281 4648 2501 4710 propter
2545 4638 2602 4707 6
2633 4653 2756 4690 eum
2793 4652 2820 4689 a
2856 4651 2963 4705 quo
3004 4643 3306 4702 assumptus
3351 4639 3455 4696 est,
3487 4631 3576 4698 qui

2010 4746 2166 4786 verus
2189 4731 2280 4784 Dei
2313 4729 2483 4783 Filius
2507 4739 2610 4792 est,
2643 4728 2835 4783 eodem
2862 4743 2982 4782 cum
3011 4727 3126 4793 ipso
3153 4725 3370 4780 nomine
3397 4723 3577 4793 appel-

2010 4823 2168 4876 latur.
2221 4824 2400 4888 Quare
2445 4823 2546 4874 hoc
2589 4821 2794 4874 Christi
2846 4819 3172 4873 oraculum:
3212 4836 3229 4867 ι
3263 4816 3432 4870 Nemo
3474 4816 3576 4868 scit

2007 4917 2128 4985 quis
2159 4917 2226 4968 sit
2257 4914 2443 4976 Filius,
2488 4914 2588 4966 nisi
2625 4912 2783 4966 Pater
2826 4912 2885 4974 ⁸³,
2929 4931 2946 4962 ι
2976 4928 3163 4964 verum
3191 4920 3244 4965 et
3279 4911 3574 4963 naturalem

2007 5012 2100 5066 Dei
2130 5009 2306 5063 Patris
2329 5011 2524 5063 Filium
2555 5009 2808 5062 ostendit.
2851 5009 2918 5060 Λι
2952 5007 3078 5061 illud
3110 5023 3240 5059 vero
3270 5024 3298 5058 ιι
3331 5004 3576 5059 Gabriele

2008 5103 2447 5173 pronuntiatum:
2497 5100 2615 5155 «Ne
2663 5101 2872 5164 timeas,
2922 5099 3108 5163 Maria,
3153 5098 3402 5152 invenisti
3430 5097 3571 5151 cnim

319 5197 547 5266 gratiam
585 5201 723 5268 apud
767 5198 970 5254 Deum:
1018 5209 1069 5253 et
1119 5215 1245 5254 ecce
1295 5201 1567 5269 conetpies
1607 5201 1658 5253 in
1715 5212 1886 5260 utero,
1931 5211 1982 5253 et
2013 5199 2193 5267 paries
2259 5197 2424 5250 lilittm
2473 5206 2525 5250 et
2604 5195 2822 5250 vocabis
2857 5212 3048 5248 nomen
3084 5196 3199 5263 ejus
3229 5192 3410 5247 Jcsnm
3445 5192 3509 5254 “,
3553 5213 3568 5242 ν

319 5288 370 5341 in
404 5285 673 5341 hominem
705 5289 951 5356 quadrat.
986 5289 1047 5342 Et
1097 5291 1207 5345 haec
1266 5291 1338 5344 illi
1370 5291 1648 5344 littttenns.
1687 5289 1790 5343 Nos
1821 5298 1995 5344 autem
2064 5290 2176 5359 ejus
2244 5290 2524 5344 sententia:
2578 5302 2912 5358 nequaquam
2957 5304 3162 5341 sumus.
3225 5285 3379 5341 Absit
3407 5287 3570 5349 cnim,

410 5442 452 5470 "
479 5438 604 5492 Luc.
643 5457 693 5502 κ,
737 5441 800 5492 22
925 5442 1116 5496 I"Luc.
1157 5459 1190 5506 t,
1234 5445 1316 5497 5t).

1387 5557 1560 5610 Vatia:
1589 5557 1846 5610 lectiones
1873 5555 2076 5610 eoiliets
2124 5554 2477 5625 chttiet'iaui.

397 5697 412 5735 ι
447 5698 480 5766 ἦ
513 5713 569 5750 τε
605 5697 696 5751 τοῦ
727 5699 900 5766 Λόγου
933 5697 1112 5767 φύσις,
1193 5710 1208 5749 ι
1255 5699 1341 5753 ἐπ’
1380 5699 1526 5754 εὐθύ.

1610 5702 1630 5741 ¹ί
1661 5700 2012 5770 διαστείχειν.
