4044 6332
497 310 633 366 11ιό

490 536 656 588 scopo
681 522 1030 579 abducentem
1071 528 1212 581 viam
1249 528 1618 598 ingrediantur
1646 533 1686 583 '.

1478 318 1537 372 S.
1579 317 1852 373 CXRILLI
1897 319 2366 377 ALEXANDRINI
2402 322 2726 380 ARCHIEP.

492 438 550 481 ut
578 431 737 486 aliter
761 434 1113 490 sentientium
1144 437 1322 492 oratio
1365 438 1589 494 lntcnos
1655 440 1875 494 inducat
1929 450 1985 495 ut
2054 454 2203 498 recta
2235 445 2426 498 semita
2480 446 2689 508 relicta,

3605 319 3759 376 1H!

2768 445 3079 509 distortum,
3108 452 3164 498 et
3205 459 3235 497 τι
3292 449 3443 499 recto
3498 442 3755 503 veritatis

563 612 673 667 νη.
712 613 864 680 Quod
896 616 941 670 si
979 617 1101 685 quis
1137 619 1407 686 prolixum
1439 621 1507 675 de
1542 622 1781 691 qualibet
1825 623 2050 677 istarum

2228 627 2304 678 Z’.
2350 627 2459 679 Καὶ
2503 630 2551 680 εἰ
2598 628 2699 696 μέν
2746 645 2830 690 τις
2873 628 3046 679 ἕλοιτο
3091 626 3299 696 μακρὸν
3337 626 3423 694 ἐφ’
3461 625 3694 679 ἕκαστον
3726 623 3751 661 ι

491 704 804 771 Opiniouum
866 722 1230 777 sermonem,
1280 713 1592 783 iustumque
1632 724 1683 769 et
1743 726 2058 769 accuratum

490 809 719 849 examen
752 797 1038 855 instituere
1078 801 1275 866 vellet,
1308 819 1389 857 na:
1425 804 1745 860 immensum
1785 807 1873 860 ille
1923 817 2059 860 tein-

491 901 591 954 pus
644 889 961 955 insumeret,
1013 892 1306 963 laboreque
1358 898 1626 953 exhausto
1675 901 1961 966 prtem-duo
1995 915 2060 953 ac

491 977 689 1032 difﬁcili
723 983 1051 1050 superabili,
1100 986 1187 1038 vix
1232 988 1511 1055 quidpiam
1557 989 1736 1043 adhuc
1770 990 1929 1045 laude
1974 992 2058 1045 di»

490 1084 652 1137 gnum
686 1083 987 1139 praestaret.
1030 1075 1199 1146 Nugis
1239 1080 1463 1147 proinde
1522 1082 1893 1150 orationisque
1928 1083 2047 1138 lon-

489 1161 728 1229 gitudine
759 1167 1157 1232 praetermissis,
1212 1173 1439 1239 agedum
1471 1172 1788 1239 perbrevem
1832 1174 2059 1241 singulis

488 1266 771 1307 censuram
802 1257 1179 1313 adhibeamus.
1206 1260 1270 1313 Et
1292 1263 1465 1328 primo
1489 1262 1707 1330 quidem
1736 1264 1853 1318 istis
1890 1266 2059 1333 phan-

491 1349 777 1399 tasmatum
810 1348 1122 1402 architectis
1157 1351 1278 1418 jure
1309 1351 1414 1405 dici
1463 1364 1625 1421 queat
1671 1370 1686 1407 :
1737 1374 1756 1407 ι
1803 1355 2012 1411 Erratis
2040 1397 2058 1424 ,

491 1436 793 1492 nescientes
824 1438 1244 1507 Scripturas”,
1305 1459 1480 1511 neque
1531 1462 1782 1514 magnum
1839 1448 2058 1515 pietatis

489 1530 834 1595 mysterium,
866 1531 967 1586 hoc
987 1544 1070 1587 est
1096 1534 1391 1602 Christum,
1430 1538 1522 1604 qui
1552 1538 1942 1593 manifestatus
1975 1549 2059 1595 est

488 1616 542 1670 in
579 1635 765 1686 carne,
813 1620 1142 1688 justificatus
1162 1636 1247 1680 est
1282 1628 1333 1680 in
1382 1629 1576 1696 Spiritu
1603 1668 1618 1693 ,
1671 1631 1920 1699 apparuit
1963 1647 2056 1685 an-

488 1710 655 1777 gelis,
717 1714 1037 1782 praedicatus
1088 1727 1171 1771 est
1228 1720 1517 1787 gentibus,
1554 1724 1795 1776 creditus
1851 1734 1934 1777 est
1991 1724 2045 1777 in

486 1806 709 1871 mundo,
739 1819 1048 1876 assumptus
1107 1820 1193 1863 est
1237 1812 1290 1863 in
1346 1811 1516 1879 gloria
1578 1811 1642 1863 ".
1679 1831 1697 1863 ι
1740 1812 2053 1866 Adversarii

484 1906 666 1949 autem
700 1898 780 1951 vel
818 1909 1027 1966 turpem
1061 1911 1239 1952 notam
1263 1904 1506 1969 antiquis
1538 1902 1905 1970 scriptoribus
1962 1903 2047 1956 iu-

487 1996 649 2040 urant
677 1998 921 2057 Oportet;
954 1990 1210 2058 orbisque
1232 1968 1519 2055 doctores,
1570 1968 1766 2059 quibus
1808 1990 2057 2046 Christus
2090 1968 2131 2022 Β

489 2079 602 2147 ipse
631 2081 907 2150 praecepit,
962 2100 981 2133 ι
1023 2082 1225 2137 Euntcs
1276 2083 1465 2136 docete
1508 2098 1701 2138 omnes
1740 2094 1929 2153 gentes
1961 2084 2004 2114 ¹⁷
2039 2125 2054 2149 ,

489 2172 758 2227 mendacii
794 2176 1160 2242 redarguant;
1201 2174 1283 2227 vel
1306 2182 1453 2228 certe
1481 2174 1530 2229 si
1565 2176 1615 2229 id
1655 2176 1837 2230 facere
1856 2176 2055 2230 exhor-

488 2272 664 2327 reant,
696 2273 752 2315 ut
781 2275 983 2317 rectam
1025 2266 1089 2317 de
1133 2264 1354 2318 Christo
1401 2265 1719 2318 sententiam
1769 2265 2053 2335 complexi,

487 2366 613 2405 suas
654 2352 898 2405 inscitias
951 2353 1132 2405 valere
1180 2352 1451 2419 jubeant;
1530 2352 1836 2423 divinisque
1906 2352 2056 2408 Scri-

487 2445 659 2513 ptnris
682 2444 957 2498 mordicus
974 2444 1344 2505 adhazrentes,
1384 2460 1591 2498 necnon
1626 2446 2052 2500 tutamerroris-

486 2553 591 2605 qtte
623 2548 895 2604 expertem
919 2547 1233 2591 sanctorum
1260 2539 1400 2590 viam
1423 2538 1672 2607 ingressi,
1700 2547 1847 2593 recta
1873 2540 1938 2593 ad
1970 2539 2053 2609 ip-

487 2642 602 2681 sam
632 2629 904 2683 veritatem
937 2630 1278 2683 contendant.

560 2718 693 2773 Vlll.
726 2720 894 2774 Porro
922 2731 1102 2774 autem
1136 2721 1263 2774 illud
1298 2720 1513 2791 pietatis
1550 2720 1862 2791 mysterium
1907 2720 2055 2775 aliud

484 2810 689 2864 nullum
721 2820 804 2864 est
829 2812 1000 2874 nobis,
1026 2821 1083 2863 ut
1114 2812 1324 2880 opinor,
1356 2826 1518 2879 quam
1544 2810 1719 2879 ipsum
1748 2809 1843 2864 Dei
1879 2810 2052 2864 Patris

487 2900 745 2966 Verbum,
765 2905 905 2970 quod
927 2903 1325 2957 manifestatum
1348 2914 1432 2957 est
1460 2902 1510 2955 in
1537 2916 1701 2955 carne
1721 2917 1735 2955 :
1756 2901 2048 2970 siquidem,

486 2992 666 3045 servili
700 2992 870 3047 forma
895 3003 1192 3062 assumpta,
1221 3009 1284 3048 ex
1314 3008 1469 3048 sacra
1495 3002 1552 3048 et
1587 2994 1804 3062 deipara
1832 2992 2054 3064 Virgine

486 3094 669 3137 natum
687 3084 986 3138 est.Visum
1013 3086 1413 3155 estetangelis,
1440 3101 1562 3139 nam
1584 3094 1841 3140 etreeens
1867 3095 2052 3139 natun

482 3177 723 3229 venerati
753 3188 899 3244 sunt,
938 3186 993 3232 et
1020 3177 1358 3247 doxologiam
1387 3178 1531 3231 illam
1560 3196 1577 3228 ι
1604 3177 1788 3232 Gloria
1811 3177 1864 3231 iu
1902 3177 2054 3230 altis-

2164 718 2435 770 ποιεῖσθαι
2469 718 2647 786 λόγον,
2704 721 2799 773 καὶ
2846 718 3044 790 διαρκῆ
3074 718 3172 787 τὴν
3222 717 3476 786 βάσανον,
3509 719 3608 771 οὐκ
3645 718 3754 770 εὐ-

2162 809 2470 880 αρίθμητον
2498 811 2596 880 μὲν
2624 811 2933 881 δαπανήσει
2949 810 3159 880 χρόνον.
3180 808 3432 877 Δυσαχθῆ
3459 807 3516 860 δὲ
3542 807 3755 877 ἱδρῶτα

2162 904 2255 955 καὶ
2282 902 2680 972 δυσδιάφυκτον
2717 902 2975 965 ἀνατλὰς,
3010 900 3347 973 κατορθώσει
3378 901 3550 970 μόλις.
3590 901 3753 969 Παρν-

2163 994 2313 1056 έντες
2342 994 2408 1063 δὴ
2435 989 2529 1047 οὖν
2564 994 2626 1046 τὸ
2657 994 2766 1047 δεῖν
2796 992 3004 1047 οἴεσθαι
3049 992 3235 1064 μακρά
3265 992 3361 1045 καὶ
3391 992 3593 1060 σφόδρα
3618 1007 3753 1044 στε-

2161 1084 2457 1153 νολεσχεῖν,
2501 1085 2597 1137 καὶ
2635 1085 2823 1155 ὀλίγην
2851 1084 3048 1155 κομιδῇ
3089 1085 3191 1155 τὴν
3238 1084 3469 1153 βάσανον
3524 1083 3751 1153 ἐπιρρι-

2162 1174 2419 1238 πτοῦντες
2454 1174 2692 1242 ἑκάστῳ,
2758 1175 2891 1246 φέρε
2926 1175 3177 1244 λέγωμεν
3223 1175 3317 1229 καὶ
3362 1173 3466 1245 πρό
3508 1189 3573 1241 γε
3624 1174 3746 1227 τῶν

2161 1267 2337 1321 ἄλλων
2362 1269 2476 1331 τοῖς
2513 1268 2813 1337 Δοκηταῖς·
2867 1286 2887 1318 ι
2922 1267 3236 1333 Πλανᾶσθε,
3288 1266 3365 1337 μὴ
3407 1266 3604 1330 εἰδότες
3635 1266 3748 1329 τὰς

2160 1357 2404 1429 Γραφάς,
2447 1359 2585 1427 μήτε
2632 1357 2739 1429 μὴν
2795 1357 2856 1410 τὸ
2896 1357 3043 1427 μέγα
3081 1358 3178 1427 τῆς
3216 1356 3497 1419 εὐσεϐείας
3529 1358 3745 1427 μυστή-

2164 1466 2300 1519 ριον,
2320 1450 2573 1503 τουτέστι
2597 1449 2854 1521 Χριστὸν,
2878 1449 2938 1513 ὃς
2964 1446 3285 1519 ἐφανερώθη
3308 1449 3365 1500 έν
3414 1448 3596 1517 σαρκὶ,
3625 1447 3745 1500 ὲδι-

2159 1540 2371 1611 καιώθη
2422 1542 2482 1594 ὲν
2526 1542 2824 1609 πνεύματι,
2867 1540 3024 1611 ῶφθη
3055 1539 3330 1609 ἀγγέλοις,
3364 1539 3638 1610 ἐκηρύχθη
3674 1539 3744 1591 ὲν

2158 1630 2390 1696 ἔθνεσιν,
2430 1632 2726 1702 ἐπιστεύθη
2776 1633 2835 1685 ὲν
2885 1632 3076 1701 κόσμῳ
3104 1668 3121 1693 ,
3166 1631 3444 1699 ἀνελήφθη
3483 1631 3540 1681 ἐν
3584 1631 3739 1701 δόξῃ.

2158 1724 2278 1775 Δεῖν
2315 1722 2375 1775 δὲ
2417 1718 2573 1793 οἶμαι
2615 1724 2740 1785 τοὺς
2780 1723 2845 1776 δι⁷
2897 1723 3146 1785 ἐναντίας
3192 1723 3224 1791 ἦ
3275 1723 3454 1791 ψῆφον
3505 1722 3742 1788 ἐπάγειν

2156 1816 2254 1884 τὴν
2284 1815 2480 1884 αἰσχίω
2509 1816 2622 1876 τοῖς
2664 1814 2855 1879 πάλαι,
2898 1815 2996 1867 καὶ
3036 1814 3405 1885 ψευδηγόρους
3441 1814 3742 1866 ἀποκαλεῖν

2157 1905 2286 1967 τοὺς
2329 1905 2428 1975 τῆς
2468 1905 2796 1975 οἰκουμένης
2852 1906 3270 1975 μυσταγωγοὺς,
3300 1903 3380 1969 οἷς
3438 1905 3597 1968 αὐτὸς
3626 1903 3736 1973 ἔφη

2160 1995 2429 2065 Χριστός’
2484 2013 2503 2047 ι
2543 1996 2906 2067 Πορευθέντες
2985 1997 3361 2066 μαθητεύσατε
3422 1997 3599 2050 πάντα
3659 1996 3741 2048 τὰ

2159 2088 2308 2159 ἔθνηο
2344 2106 2362 2139 ι
2412 2089 2445 2157 ἢ
2488 2088 2646 2158 εἴπερ
2690 2086 2850 2141 τοῦτο
2902 2092 3348 2160 καταπεφρίκοισι
3378 2088 3532 2158 δρᾷν,
3594 2086 3737 2157 ὀρθὰ

2161 2179 2260 2249 μὲν
2290 2178 2505 2232 ἑλέσθαι
2548 2182 2764 2249 φρονεῖν
2795 2181 2863 2233 τὰ.
2897 2184 2989 2233 ἐπὶ
3040 2180 3284 2251 Χριστῷ,
3316 2180 3629 2249 φράσαντας
3672 2178 3738 2231 δὲ

2158 2271 2218 2323 τὸ
2247 2270 2522 2342 ἐρρῶσθαι
2554 2272 2664 2325 δεῖν
2694 2276 2815 2335 ταῖς
2856 2272 3006 2342 σφῶν
3033 2272 3212 2326 αὐτῶν
3243 2272 3527 2341 ἀμαθίαις,
3561 2270 3736 2339 ἀπρὶξ

2162 2361 2265 2430 μὲν
2292 2361 2512 2432 ἔχεσθαι
2539 2362 2648 2414 τῶν
2696 2364 2855 2433 ἱερῶν
2888 2363 3260 2434 Γραμμάτων,
3292 2362 3390 2433 τὴν
3422 2361 3478 2415 δὲ
3516 2358 3745 2429 ἀπλανῆ

2158 2453 2265 2507 τῶν
2310 2455 2483 2522 ἁγίων
2529 2456 2815 2524 διάγοντας
2854 2454 3040 2525 τρίϐον
3065 2493 3080 2519 ,
3134 2455 3230 2506 ἐπ’
3263 2451 3431 2523 αὐτὴν
3466 2451 3601 2506 ἱέναι
3630 2450 3734 2520 τὴν

2157 2544 2435 2617 ἀλήθειαν.

2229 2721 2310 2775 H'.
2329 2723 2425 2791 Εῖη
2451 2722 2559 2791 γὰρ
2594 2721 2660 2774 ἂν
2693 2720 2791 2791 οὐχ
2823 2721 3031 2792 ἕτερον,
3067 2715 3243 2789 οἶμαι,
3267 2719 3319 2771 τι
3346 2718 3408 2769 τὸ
3436 2717 3533 2785 τῆς
3574 2711 3729 2765 εὐσε-

2158 2812 2309 2877 ϐείας
2360 2813 2741 2883 μυστήριον,ἥ
2796 2813 2958 2875 αὐτὸς
3005 2814 3138 2882 ἡμῖν
3168 2813 3196 2863 6
3238 2813 3303 2862 ἐκ
3334 2806 3468 2861 Θεοῦ
3516 2804 3727 2875 Πατρὸς
3796 2880 3799 2883 ν

2159 2903 2351 2972 Λόγος,
2390 2902 2448 2965 ὂς
2484 2900 2801 2971 ἐφανερώθη
2833 2904 2890 2953 ἐν
2921 2900 3121 2971 σαρκί·
3154 2898 3476 2967 γεγέννηται
3502 2894 3609 2963 γὰρ
3636 2893 3727 2946 διὰ

2156 3001 2251 3070 τῆς
2279 2999 2438 3067 ἁγίας
2488 2997 2760 3068 Παρθένου
2804 2997 2897 3050 καὶ
2947 2994 3231 3059 Θεοτόκου,
3277 2990 3490 3063 μορφὴν
3536 2987 3725 3041 δούλου

2156 3088 2357 3145 λαϐών.
2392 3090 2571 3160 Ὠφθη
2600 3089 2658 3142 δὲ
2697 3091 2789 3142 καὶ
2834 3087 3106 3156 ἀγγέλοις,
3135 3082 3184 3138 οἳ
3210 3082 3536 3153 γεννηθέντα
3561 3095 3727 3132 κατα-

2156 3183 2474 3255 γεραίρουσι
2497 3198 2512 3211 °
2543 3200 2567 3233 ι-
2591 3179 2727 3245 Δόξα
2761 3198 2842 3243 τε,
2876 3178 3057 3247 φασιν,
3090 3178 3147 3230 ἐν
3173 3174 3419 3245 ὑψίστοις
3460 3171 3600 3241 Θεῷ,
3632 3170 3732 3223 καί⁸

485 3268 641 3321 simis
670 3267 801 3332 Deo,
831 3279 884 3322 et
909 3270 958 3322 in
998 3279 1139 3324 terra
1172 3286 1296 3338 pax.
1343 3270 1395 3323 in
1428 3268 1738 3323 hominibus
1765 3269 1908 3323 bona
1960 3283 2053 3323 voc

2159 3278 2252 3329 ἐπὶ
2280 3276 2381 3345 γῆς
2408 3276 2620 3345 εἰρήνη,
2642 3275 2700 3327 ὲν
2721 3273 3029 3345 ἀνθρώποις
3054 3271 3291 3325 εὐδοκία.
3321 3288 3338 3322 ι
3364 3267 3477 3322 Καὶ
3506 3265 3610 3337 μὴν

484 3358 664 3412 luntas
692 3361 756 3424 ‘8,
796 3360 1103 3415 ediderunt.
1159 3360 1323 3413 Iidem
1356 3361 1429 3414 illi
1486 3361 1795 3430 pastoribus
1837 3376 2053 3429 quoque

483 3451 651 3505 Deum
682 3453 914 3506 Verbum
946 3463 1165 3523 promer
1201 3470 1296 3508 nos
1341 3454 1392 3508 iu
1439 3469 1657 3508 Carnem
1704 3453 1916 3509 venisse
1963 3454 2054 3507 tle-

485 3541 856 3595 nuntiarunt:
894 3560 913 3593 ι
973 3541 1152 3607 Ecce,
1201 3544 1497 3611 inquiunt,
1548 3551 1708 3596 natus
1764 3550 1851 3596 est
1898 3542 2052 3596 vobis

484 3633 643 3688 hodie
674 3635 944 3699 Salvator,
974 3636 1064 3703 qui
1091 3645 1174 3689 est
1204 3634 1454 3689 Christus
1491 3635 1755 3689 Dominus
1783 3674 1798 3698 ,
1834 3634 1888 3688 in
1920 3634 2056 3688 civi-

487 3735 594 3779 tate
631 3725 815 3779 David.
840 3726 904 3779 Et
936 3727 1041 3781 hoc
1077 3726 1183 3780 erit
1208 3726 1361 3780 vobis
1392 3727 1606 3795 signum
1628 3726 1678 3795 7
1709 3744 1723 3779 :
1762 3724 2056 3780 invenietis

484 3818 744 3872 infantem
778 3819 971 3886 pannis
997 3818 1294 3871 involutum
1324 3858 1338 3883 ,
1388 3828 1441 3871 et
1469 3819 1702 3885 positum
1744 3818 1797 3871 in
1849 3833 2048 3885 prtese-

485 3911 576 3980 pio
600 3912 666 3963 ‘9.
707 3930 726 3962 ι
746 3910 877 3965 Cum
898 3912 1161 3977 ejusmodi
1192 3927 1321 3979 ergo
1356 3910 1620 3965 Deiortus
1647 3925 1743 3978 per
1774 3909 2051 3979 Virginem

486 4002 778 4066 exstiterit,
818 4003 1047 4071 talisque
1086 4003 1325 4072 ejusdem
1358 4003 1408 4057 in
1454 4018 1618 4057 carne
1660 4002 2051 4065 manifestatio,

481 4095 752 4163 quomodo
797 4111 901 4148 non
939 4111 1130 4165 magna
1190 4096 1432 4161 vanitas,
1480 4109 1737 4163 meraque
1782 4095 2056 4148 temeritas

481 4194 592 4250 est;
626 4184 733 4238 imo
759 4200 885 4240 vero
907 4187 1173 4254 quomodo
1204 4202 1309 4239 non
1354 4195 1535 4253 aperta
1563 4185 1790 4251 insania,
1819 4200 2054 4239 merum-

482 4291 589 4348 que
635 4278 887 4333 delirium
945 4289 1051 4343 est,
1105 4289 1211 4332 tam
1271 4278 1496 4342 illustri,
1558 4288 1775 4345 tamque
1819 4276 2051 4332 evidenti

485 4372 801 4426 teconomite
830 4372 1154 4440 apparentia:
1178 4386 1371 4425 nomen
1415 4371 1692 4440 imponere
1718 4371 1745 4423 ’ἴ
1767 4368 2055 4424 Enimvero

486 4463 531 4517 si
562 4461 722 4517 Verbi
749 4462 1052 4516 inearuatio
1078 4461 1267 4514 umbra
1296 4470 1400 4525 est,
1428 4469 1521 4513 aut
1557 4475 1643 4514 res
1676 4469 1881 4513 tantum
1916 4459 2054 4511 ima-

486 4554 713 4622 ginaria,
744 4568 843 4607 nec
869 4552 1031 4617 Virgo
1065 4567 1191 4605 vere
1217 4552 1375 4606 enixa
1403 4560 1508 4613 est,
1546 4566 1676 4620 ergo
1720 4566 1891 4618 neque
1914 4548 2051 4604 Ver-

2157 3368 2270 3428 τοῖς
2300 3364 2524 3434 ποιμέσι
2558 3361 3061 3433 κατασημαίνοντες
3084 3358 3176 3412 τὸν
3209 3358 3274 3411 δι’
3298 3358 3442 3428 ἡμᾶς
3472 3357 3528 3407 έν
3563 3354 3729 3423 σαρκὶ

2156 3454 2289 3507 Θεὸν
2310 3452 2506 3520 Λόγον,
2550 3471 2568 3503 ι
2606 3451 2738 3505 Ἰδοὺ
2768 3451 2853 3520 δὴ,
2882 3450 3065 3519 φασὶν,
3101 3447 3366 3518 ἐγεννήθη
3402 3446 3527 3514 ὑμῖν
3560 3448 3726 3513 σήμε-

2160 3560 2252 3614 ρον
2287 3542 2501 3611 Σωτὴρ,
2526 3542 2585 3603 ὃς
2619 3541 2736 3592 ἐστι
2764 3536 3249 3609 ΧριστὸςηΚύριος,
3280 3537 3338 3588 ὲν
3362 3534 3513 3587 πόλει
3538 3528 3722 3585 Δαυῖδ.

2157 3635 2267 3688 Καὶ
2285 3632 2443 3687 τοῦτο
2461 3634 2591 3704 ὑμῖν
2612 3632 2673 3684 τὸ
2702 3634 2928 3701 σημεῖον
2948 3647 2961 3660 ·
2994 3630 3143 3700 Εὑρή
3154 3645 3274 3680 σετε
3299 3627 3498 3697 βρέφος
3518 3628 3725 3693 ἐσπαρ-

2157 3725 2497 3795 γανωμένον,
2543 3723 2640 3777 καὶ
2672 3723 2927 3793 κείμενον
2971 3720 3028 3773 ἐν
3068 3721 3263 3791 φάτνῃ.
3303 3737 3321 3768 ι
3370 3718 3431 3769 Εἰ
3480 3713 3614 3768 Θεοῦ
3667 3712 3727 3765 δὲ

2155 3817 2313 3879 τόκος
2342 3814 2430 3868 διὰ
2458 3812 2754 3885 παρθένου,
2793 3812 2891 3866 καὶ
2919 3812 3227 3882 φανέρωσις
3262 3810 3319 3860 ὲν
3370 3805 3552 3876 σαρκὶ,
3610 3803 3725 3863 πῶς

2156 3909 2256 3961 οὐκ
2294 3906 2530 3979 ἀδρανὴς
2584 3904 2956 3975 εἰκαιομυθία,
3007 3904 3124 3966 πῶς
3176 3900 3233 3954 δὲ
3263 3901 3383 3971 οὐχὶ
3418 3896 3585 3970 μανία
3632 3895 3733 3948 καὶ

2155 3998 2340 4068 λῆρος,
2369 3996 2430 4048 τὸ
2472 3997 2571 4065 τῆς
2599 3995 2871 4065 δοκήσεως
2896 3994 3068 4061 ὄνομα
3109 3990 3212 4059 τῆς
3244 3988 3386 4043 οὕτω
3421 3983 3626 4054 σαφοῦς
3662 3999 3725 4035 τε

2156 4091 2250 4142 καὶ
2284 4086 2547 4158 ἐναργοῦς
2574 4085 2949 4155 καταγράφειν
2980 4080 3331 4153 οἰκονομίας;
3373 4080 3433 4132 Ei
3462 4078 3571 4147 γὰρ
3602 4074 3724 4127 σκιά

2157 4182 2251 4236 καὶ
2299 4180 2522 4248 δόκησις
2580 4173 2669 4249 ἦν,
2710 4176 2804 4231 καὶ
2850 4174 2974 4228 οὔτε
3010 4172 3285 4245 σάρκωσις
3336 4168 3570 4239 ἀληθῶς,
3600 4164 3723 4218 οὒτε

2160 4273 2267 4342 μὴν
2296 4270 2517 4323 τέτοκεν
2542 4270 2576 4340 ἢ
2631 4266 2927 4338 Παρθένος,
2960 4263 3061 4318 ούκ
3090 4261 3385 4315 ἐπελάόετο
3416 4258 3725 4328 σπέρματος

2170 4363 2421 4433 Ἀϐραὰμ
2442 4364 2469 4414 ὁ
2493 4363 2557 4413 ἐκ
2583 4360 2717 4413 Θεοῦ
2743 4358 2957 4429 Πατρὸς
2983 4356 3174 4424 Λόγος,
3205 4355 3303 4425 οὐχ
3329 4349 3586 4421 ὡμοιώθη
3610 4348 3721 4408 τοῖς

2156 4454 2424 4521 ἀδελφοῖς.
2455 4450 2590 4504 Σκιά
2612 4458 2708 4491 ’³-³
2739 4449 2871 4520 γὰρ,
2890 4448 2949 4502 οὐ
2986 4448 3158 4510 τύπος
3213 4446 3283 4499 τὰ
3333 4444 3456 4498 καθ’
3484 4440 3651 4511 ἡμᾶς,
3687 4435 3721 4507 ἦ

2156 4546 2398 4616 δόκησιςθ
2432 4545 2547 4598 ἀλλ’
2572 4554 2598 4582 ⁰
2630 4544 2798 4614 ὲσμὲν
2812 4544 2869 4597 ὲν
2887 4543 3136 4612 σώμασιν
3167 4541 3359 4601 ἁπτοῖς
3383 4552 3440 4589 τε
3474 4532 3571 4585 καὶ
3594 4532 3723 4599 ὁρα-

486 4641 640 4707 bum,
677 4643 818 4711 quod
858 4656 923 4695 ex
970 4642 1077 4695 Deo
1126 4639 1286 4695 Patre
1321 4641 1542 4708 prodiit,
1583 4656 1765 4693 semen
1819 4640 2053 4693 Abraha:

2158 4640 2301 4700 τοῖς,
2344 4635 2440 4689 καὶ
2480 4636 2578 4706 τὴν
2625 4634 2831 4705 γηγενῆ
2869 4635 2933 4703 δὴ
2982 4631 3403 4701 ταύτην⁶σάρκα
3445 4641 3724 4695 κατημφι-

484 4731 839 4798 apprehendit
868 4771 883 4794 ,
940 4746 1117 4800 neque
1164 4729 1423 4785 fratribus
1462 4729 1821 4784 assitnilatum
1863 4738 1948 4783 est
1978 4729 2046 4782 ²⁰.

2155 4729 2393 4798 εσμένοι,
2425 4728 2520 4781 καὶ
2544 4726 2747 4797 φθορᾶς
2778 4726 2872 4780 καὶ
2902 4725 3088 4781 παθῶν
3122 4721 3429 4795 ἡττώμεθα.

484 4825 694 4879 Etenim
725 4842 842 4893 qth
869 4826 921 4879 iu
950 4826 1103 4880 nobis
1133 4836 1446 4891 cernuntur,
1481 4838 1542 4878 ea
1582 4838 1681 4877 nee
1724 4833 1898 4893 typus,
1935 4837 2034 4877 nec
2073 4826 2285 4889 umbra,
2320 4838 2419 4877 nec
2474 4831 2745 4891 spectrum
2792 4830 2938 4887 sunt,
3005 4819 3098 4875 sed
3132 4816 3351 4879 veritas,
3385 4824 3436 4870 et
3464 4826 3551 4867 res
3582 4812 3720 4878 ipsa.

488 4919 732 4972 Vivimus
774 4934 1006 4987 namque
1049 4920 1102 4973 in
1143 4919 1462 4985 corporibus
1489 4957 1503 4981 ,
1546 4932 1666 4985 quae
1704 4926 1761 4970 et
1810 4916 1952 4986 tangi
1998 4925 2054 4971 et
2091 4916 2262 4971 videri
2333 4925 2590 4985 possunt;
2633 4924 2955 4983 terrenaque
3021 4926 3187 4967 carne
3241 4907 3440 4971 Vestiti,
3484 4904 3723 4960 interitui

494 5010 818 5078 etcterisque
843 5011 1191 5079 passionibus
1228 5010 1451 5079 subjecti
1475 5022 1681 5063 sumus.

556 5104 645 5158 ΙΧ.
690 5104 855 5173 Igitur
889 5106 931 5159 si
968 5106 1058 5158 Dei
1097 5104 1332 5160 Verbum
1366 5118 1495 5158 caro
1541 5104 1739 5156 factum
1783 5118 1889 5157 non
1924 5112 2005 5157 est
2033 5142 2050 5167 ,

484 5213 606 5250 cum
659 5212 760 5251 nec
787 5197 838 5251 in
884 5211 948 5250 eo
977 5196 1125 5265 quod
1163 5196 1441 5260 sustinuit,
1496 5204 1758 5248 tentatum
1793 5194 1901 5259 sit,
1941 5209 2045 5246 non

559 5354 806 5408 “Matth.
849 5353 1102 5414 χχιι,⁶ὶε).
1215 5353 1255 5382 ’⁵
1316 5352 1331 5405 Ι
1392 5349 1533 5405 Tim.
1588 5366 1670 5415 tu,
1728 5351 1815 5404 lli.

484 5425 531 5457 ²⁰
557 5426 718 5481 llebr.
754 5441 812 5487 ιι,
850 5426 936 5487 16,
970 5424 1050 5475 l7.

1912 5333 1965 5382 ἰτ
1990 5347 2179 5403 Matth.
2213 5364 2407 5414 xxvnt,
2463 5348 2549 5402 19.

2232 5102 2307 5155 Θ’.
2350 5100 2563 5154 Οὐκοῦν
2600 5102 2648 5152 εἰ
2676 5100 2750 5171 μὴ
2780 5101 2971 5168 γέγονε
3011 5100 3145 5168 σὰρξ
3182 5101 3210 5151 6
3236 5096 3428 5165 Λόγος,
3450 5094 3571 5149 οὐδὲ
3593 5094 3650 5145 ἐν
3682 5085 3728 5159 ᾧ

2161 5191 2428 5247 πέπονθεν
2478 5191 2638 5254 αὐτὸς
2687 5190 3026 5262 πειρασθεὶς,
3062 5190 3284 5243 δύναται
3319 5190 3431 5251 τοῖς
3468 5184 3724 5257 πειραζο·

2656 5347 2698 5378 ¹⁸
2760 5346 2889 5402 Luc.
2923 5345 3097 5412 1|,M.
3214 5344 3254 5376 "
3312 5343 3440 5397 ibid.
3498 5344 3584 5407 ll,
3634 5342 3721 5396 12.

1569 5553 1739 5609 Varia:
1765 5555 2021 5610 lectiones
2044 5558 2245 5613 codicis
2273 5555 2622 5628 Seguieriani.

558 5713 577 5754 ³
608 5716 839 5787 ἑκάστῳ.
915 5719 1010 5753 In-“
1046 5712 1209 5777 ἴσως,
1231 5710 1290 5763 οὐ
1323 5709 1464 5763 σκιά.

1550 5717 1573 5741 n
1608 5711 1731 5764 σκιὰ
1760 5714 1865 5782 γὰρ
1895 5712 2008 5765 οὔτι
2048 5731 2148 5768 που
2187 5713 2254 5766 τὰ
2291 5713 2409 5766 καθ’
2441 5714 2607 5782 ἡμᾶς,
2645 5711 2782 5767 ἀλλ’.
