4044 6332
354 329 493 386 1M5

1307 329 1394 384 DE
1431 327 1659 385 RECTA
1699 325 1878 391 FIDE,
1921 325 2015 380 AD
2053 327 2508 386 THEODOSIUM
2545 327 2685 384 1MP.

3463 337 3602 392 “£6

355 445 538 512 μένοις
563 441 850 514 βοηθῆσαι.
874 445 1011 498 Ούδέ
1037 445 1144 516 γὰρ
1173 444 1237 498 ἄν
1264 463 1316 498 τι
1339 447 1502 499 πάθοι
1535 446 1684 509 σκιὰ,
1710 445 1910 514 οἴχεται

2018 455 2195 516 potest
2226 446 2295 502 iis
2325 446 2417 517 qui
2444 454 2724 501 tentantur
2746 460 2905 514 Opem
2933 445 3100 502 ferre.
3135 447 3423 520 Siquidem
3455 456 3600 510 nulla

351 534 416 604 δὴ
449 531 544 587 οὖν
576 534 637 587 τὸ
661 533 889 605 σύμπαν
923 537 1055 606 ἡμῖν
1085 537 1165 599 είς
1191 536 1252 589 τὸ
1283 537 1450 608 μηδὲν
1494 537 1732 607 ἀληθῶς.
1765 537 1923 590 Ποῖον

351 627 457 698 γὰρ
495 626 575 680 ἔτι
621 626 789 680 νῶτον
835 627 1067 682 δέδωκεν
1109 629 1248 700 ὑπὲρ
1283 629 1470 701 ήμῶν;
1527 631 1562 700 ἢ
1604 631 1763 684 ποίαν
1811 634 1924 692 τοῖς

351 719 573 772 παίουσι
606 719 841 791 παρειὰν
874 720 1255 792 ὑποστρώσας,
1288 723 1429 794 πρὸς
1450 723 1548 788 τὰς
1576 725 1640 777 ἐκ
1660 723 1764 777 τῶν
1798 724 1924 776 ἰου-

348 809 515 862 δαίων
552 810 896 882 διεκαρτέρει
942 810 1190 884 πληγάς;
1248 813 1400 884 ῆλοις
1445 815 1502 868 δὲ
1551 815 1924 885 διαπεπάρθαι

350 901 540 972 χεῖράς
565 919 626 956 τε
653 904 750 957 καὶ
778 903 946 968 πόδας
963 904 1054 957 τὸν
1081 905 1181 958 οὐκ
1202 907 1259 959 ἐν
1285 907 1450 975 σαρκὶ
1475 907 1774 976 πεφηνότα,
1801 906 1922 958 τίνα

351 992 416 1063 δὴ
441 993 643 1065 τρόπον
669 995 877 1067 οἰηθείη
905 1013 988 1060 τις
1016 997 1118 1062 άν;
1166 996 1201 1068 ἢ
1234 997 1415 1060 ποίαν,
1447 998 1569 1052 εἰπέ
1606 1016 1720 1069 μοι,
1761 999 1922 1051 πλευ-

353 1083 455 1152 ρὰν
498 1083 876 1149 διανύττοντες
904 1088 955 1140 οἱ
1012 1086 1248 1142 Πιλάτου
1276 1088 1588 1160 δορυφόροι,
1630 1089 1691 1142 τὸ
1740 1089 1920 1158 τίμιον

347 1168 489 1245 αἷμα
517 1176 916 1242 συναναὸλύςον
935 1177 1090 1232 ὕδατι
1111 1182 1224 1243 τοῖς
1248 1179 1542 1250 θεωμένοις
1564 1180 1917 1251 παρέδειξαν;

350 1268 462 1323 Καὶ
499 1271 549 1322 εί
580 1270 686 1340 χρὴ
721 1271 929 1324 τούτων
961 1271 1022 1324 τὸ
1046 1271 1304 1324 ἐπέκεινα
1330 1271 1531 1340 λέγειν,
1558 1271 1683 1326 οὔτε
1715 1273 1920 1326 ἀπέθα-

348 1377 438 1414 νεν
468 1360 610 1434 ὑπὲρ
641 1361 822 1432 ήμῶν,
863 1360 990 1415 οὔτε
1030 1362 1135 1434 μὴν
1171 1364 1516 1435 ἐγήγερταιὸ
1549 1364 1803 1436 Χριστός.
1843 1358 1918 1420 Οῦ

347 1451 781 1522 παραδεχθέντος
825 1453 907 1516 εἰς
943 1452 1223 1524 ἀλήθειαν,
1269 1453 1569 1507 κεκένωται
1611 1453 1709 1524 μὲν
1755 1455 1789 1525 ἡ
1828 1455 1918 1508 πί-

348 1557 487 1606 στις,
523 1543 731 1612 οἴχεται
768 1542 826 1596 δέ
872 1544 901 1596 ό
939 1545 1255 1614 σταυρὸς,ή
1290 1544 1386 1597 τοῦ
1433 1547 1638 1615 κόσμου
1674 1546 1916 1615 σωτηρία

347 1633 440 1685 καὶ
473 1631 611 1704 ζωὴ,
634 1635 725 1686 καὶ
753 1634 967 1688 διόλωλε
994 1635 1276 1698 παντελῶς
1310 1638 1343 1705 ἡ
1375 1635 1484 1689 τῶν
1518 1639 1576 1688 ἐν
1611 1637 1790 1689 πίστει
1821 1654 1915 1689 κε-

303 1715 308 1720 ’
346 1723 699 1794 κοιμημένων
722 1725 898 1790 ἐλπίς.
927 1721 1000 1780 Εῦ
1050 1725 1157 1798 γὰρ
1197 1720 1299 1780 (B63
1338 1727 1480 1798 ἔχειν
1511 1729 1682 1782 ἐδόκει
1720 1729 1814 1782 καὶ
1838 1727 1916 1798 τῷ

347 1814 606 1885 μακαρίῳ
643 1813 840 1886 Παύλῳ
861 1831 875 1844 ο
913 1834 932 1867 ι
961 1817 1263 1888 Παρέδωκα
1301 1818 1410 1887 γὰρ
1451 1819 1598 1889 ὑμῖν,
1633 1820 1820 1890 φησιν,
1855 1820 1914 1871 ὲν

344 1901 604 1972 πρώτοις,
650 1903 678 1957 6
722 1905 818 1958 καὶ
863 1906 1193 1977 παρέλαϐον,
1235 1909 1317 1962 ότι
1368 1909 1601 1980 Χριστὸς
1643 1911 1914 1964 ἀπέθανεν

345 1993 486 2064 ὑπὲρ
519 1993 629 2046 τῶν
680 1997 966 2068 ἁμαρτιῶν
1001 1999 1159 2069 ἡμῶν
1195 2000 1334 2054 κατὰ
1380 2001 1480 2066 τὰς
1528 2003 1770 2072 Γραφὰς,
1821 2004 1915 2056 καὶ

341 2085 425 2137 ὅτι
452 2083 648 2156 ἐτάφη,
701 2088 796 2139 καὶ
844 2088 926 2141 ὅτι
975 2089 1269 2161 ἐγήγερται
1313 2094 1381 2163 τῇ
1427 2092 1608 2163 ἡμέρᾳ
1651 2095 1718 2164 τῇ
1755 2093 1912 2163 τρίτῃ

343 2177 486 2230 κατὰ
521 2177 619 2242 τὰς
650 2179 893 2250 Γραφὰς,
945 2183 1040 2235 καὶ
1084 2182 1165 2234 ὅτι
1197 2182 1351 2254 ὤφθη
1404 2186 1591 2254 Κηφᾷ,
1635 2181 1754 2237 εἶτα
1799 2189 1914 2248 τοῖς

341 2267 584 2321 δὼδεκα’
621 2269 814 2324 ἔπειτα
844 2269 998 2342 ὤφθη
1039 2273 1226 2326 ἐπάνω
1260 2276 1634 2339 πεντακοσίοις
1665 2277 1914 2346 ἀδελφοῖς

340 2358 580 2427 ἐφάπαξ,
611 2363 669 2428 ἐξ
708 2356 784 2416 ὧν
821 2365 870 2416 οἱ
913 2364 1132 2428 πλείους
1166 2364 1417 2435 μένουσιν
1456 2367 1560 2430 ἓως
1592 2368 1736 2437 ἄρτι,
1771 2371 1915 2432 τινὲς

339 2451 396 2503 δὲ
429 2453 524 2505 καὶ⁵
557 2453 960 2524 ἐκοιμήθησαν·
991 2453 1181 2509 ἔπειτα
1217 2456 1377 2526 ὤφθη
1421 2456 1682 2528 Ἰακώϐῳ,
1721 2457 1914 2512 ἔπειτα

342 2547 456 2608 τοῖς
490 2547 811 2611 ἀποστόλοις
841 2551 1007 2603 πᾶσιν
1026 2564 1042 2581 ο
1073 2550 1300 2620 ἔσχατον
1331 2550 1387 2603 δὲ
1425 2551 1642 2604 πάντων
1674 2551 1914 2621 ὡσπερεὶ

337 2639 416 2709 τῷ
440 2641 773 2712 ἐκτρώματι,
799 2642 954 2715 ὤφθη
980 2645 1167 2714 κάμοί.
1201 2666 1218 2697 ι
1245 2644 1356 2698 Kal.
1386 2644 1504 2716 μεθ’
1532 2645 1696 2717 ἕτερα
1719 2646 1910 2699 πάλιν

345 2751 364 2782 ι
402 2731 462 2784 El
493 2733 548 2785 δὲ
580 2734 814 2804 Χριστὸς
839 2735 1196 2806 κηρύσσεται,
1221 2737 1304 2790 ὅτι
1348 2739 1413 2790 ἐκ
1441 2738 1650 2809 νεκρῶν
1683 2738 1914 2811 ἐγήγερ-

333 2838 448 2887 ται,
492 2822 610 2884 πῶς
646 2823 896 2892 λέγουσιν
929 2827 986 2878 ἐν
1018 2825 1147 2895 ὑμῖν
1175 2843 1346 2890 τινες,
1384 2826 1468 2879 ὅτι
1501 2827 1796 2891 ἀνάστασις
1823 2845 1913 2881 ve-

338 2911 487 2979 κρῶν
516 2914 618 2966 οὐκ
651 2912 836 2982 ἔστιν;
881 2917 931 2969 εἰ
959 2916 1016 2970 δὲ
1051 2917 1350 2981 ἀνάστασις
1380 2917 1590 2988 νεκρῶν
1616 2920 1716 2972 οὐκ
1744 2918 1912 2981 ἐστιν,

2028 539 2080 594 in
2113 539 2358 592 umbram
2409 539 2590 608 passio
2617 539 2816 593 cadere
2864 549 3061 609 potest.
3104 553 3268 612 atque
3303 543 3374 597 ita
3410 547 3592 600 omnia

2025 645 2144 699 qua:
2170 631 2358 685 salutis
2398 639 2597 684 nostra:
2625 645 2788 683 causa
2821 630 2962 684 facta
3004 644 3150 696 sunt.
3183 649 3311 689 vere
3366 636 3419 689 in
3455 638 3601 690 nihi-

2024 722 2134 777 lum
2168 721 2429 794 recident.
2457 719 2590 774 Nam
2617 720 2774 790 quale
2808 721 3055 788 dorsum,
3087 740 3294 792 quaso,
3319 741 3418 794 pro
3441 729 3603 784 nobis

2023 791 2334 865 caedendum
2385 809 2614 880 praabuit
2652 811 2746 866 “1
2791 822 2885 866 aut
2925 791 3117 882 quales
3171 791 3600 885 percutientibus

2023 903 2486 971 genasexhibuit?
2526 912 2618 956 aut
2669 906 2940 972 quommto
2985 907 3052 960 ad
3114 906 3424 964 Julia-mrum
3480 926 3600 965 ver-
3644 905 3654 916 ’

2021 993 2148 1047 hera
2185 993 2400 1048 fortiter
2428 994 2714 1063 perstitit?
2779 1006 2874 1050 aut
2931 996 3233 1065 cujusmodi
3279 1016 3471 1055 manus
3505 1013 3601 1058 aut

2021 1085 2186 1155 pedes
2213 1085 2382 1140 clavis
2403 1086 2632 1154 pervios
2665 1087 2851 1141 habuit
2883 1088 2911 1140 ?
2945 1099 3038 1142 aut
3074 1091 3234 1159 quale
3261 1091 3402 1147 latus
3437 1093 3597 1148 Pilati

2021 1177 2283 1232 satellites
2346 1177 2714 1246 perfodientes
2764 1180 3064 1248 pretiosum
3125 1185 3444 1253 sanguinem
3489 1203 3598 1244 una

2019 1283 2141 1322 cum
2175 1283 2312 1336 aqua
2354 1269 2609 1324 liuentem
2647 1272 2999 1328 cernentibus
3029 1274 3384 1330 ostenderunt
3411 1278 3457 1308 “
3487 1279 3600 1334 ?Et

2019 1370 2078 1414 ut
2113 1359 2196 1414 his
2234 1358 2464 1429 amplius
2502 1361 2760 1430 quiddam
2804 1363 2978 1416 dicam
3014 1379 3030 1416 :
3063 1363 3172 1419 Nec
3219 1381 3344 1420 vere
3383 1383 3598 1437 quoque

2017 1467 2115 1520 pro
2141 1451 2294 1505 nobis
2317 1464 2544 1506 mortem
2576 1454 2802 1522 oppetiit.
2833 1453 3083 1510 Christus
3111 1456 3389 1524 Dominus,
3421 1474 3596 1528 neque

2015 1556 2078 1594 ex
2098 1540 2324 1594 mortuis
2338 1543 2705 1596 cxsuscitatus
2722 1554 2820 1597 est.
2845 1543 3144 1598 llocautem
3160 1562 3444 1610 concesso.
3461 1550 3594 1604 ﬁdes

2017 1643 2200 1688 nostra
2251 1633 2406 1700 plane
2448 1635 2772 1702 evanescit;
2825 1638 2890 1688 ad
2947 1637 3060 1691 hmc
3107 1654 3239 1693 crux
3269 1679 3284 1704 ,
3348 1657 3468 1710 quze
3508 1651 3594 1696 est

2018 1726 2204 1780 mundi
2252 1724 2399 1778 salus
2450 1735 2505 1780 ct
2551 1725 2658 1778 vita
2695 1765 2712 1790 ,
2765 1727 2990 1791 interit;
3035 1729 3220 1784 interit
3264 1732 3497 1800 denique
3537 1743 3594 1787 et.

2018 1817 2267 1870 universa
2296 1831 2511 1886 quoque
2546 1816 2757 1870 illorum
2821 1817 3015 1872 ﬁducia
3068 1821 3158 1889 qui
3210 1822 3262 1874 in
3308 1822 3411 1877 ﬁde
3464 1824 3592 1878 dor-

2019 1908 2275 1962 mierunt.
2318 1907 2431 1963 lloc
2467 1923 2698 1977 namque
2738 1920 2885 1964 recte
2933 1911 3056 1965 hinc
3100 1914 3394 1984 consequi,
3425 1924 3482 1970 et
3509 1917 3590 1971 di-

2016 2001 2140 2053 vino
2171 2015 2382 2069 quoque
2412 1999 2577 2056 Paulo
2599 2000 2772 2054 visum
2809 2000 2944 2069 fuit;
2974 2003 3050 2058 ait
3080 2020 3312 2074 namque
3340 2022 3354 2059 :
3387 2025 3405 2057 ι
3447 2007 3588 2062 Tra-

2015 2091 2122 2142 didi
2151 2091 2294 2142 enim
2321 2092 2471 2143 vobis
2501 2091 2552 2143 in
2588 2091 2798 2157 primis,
2829 2094 2971 2159 quod
3005 2103 3060 2146 et
3086 2096 3266 2163 accepi
3293 2111 3306 2148 :
3333 2097 3586 2166 quoniam

2014 2181 2262 2235 Christus
2315 2192 2561 2236 mortuus
2613 2192 2698 2237 est
2737 2198 2832 2251 pro
2853 2186 3090 2252 peccatis
3139 2187 3341 2242 nostris
3393 2204 3588 2242 secun-

2015 2276 2138 2328 dum
2163 2272 2503 2342 Scripturas;
2550 2283 2605 2328 et
2641 2276 2767 2344 quia
2818 2275 3060 2344 sepultus
3105 2287 3223 2342 est,
3258 2285 3312 2332 et
3347 2279 3471 2348 quia
3495 2294 3585 2333 re-

2015 2367 2254 2420 surrexit
2304 2367 2461 2420 tertia
2499 2366 2588 2420 die
2633 2368 2929 2422 secundum
2983 2367 3326 2439 Scripturas;
3368 2381 3422 2426 et
3459 2371 3584 2440 quia

2015 2460 2162 2512 Visus
2193 2469 2274 2512 est
2293 2458 2508 2528 Cephar,
2535 2471 2589 2513 et
2617 2469 2738 2528 post
2763 2461 2868 2514 hoc
2893 2461 3140 2516 undecim
3169 2481 3184 2517 :
3211 2464 3402 2519 deinde
3435 2467 3588 2522 visus

2015 2559 2098 2603 est
2127 2549 2409 2618 plusquam
2433 2549 2743 2618 quingentis
2774 2549 3035 2604 fratribus
3062 2551 3261 2618 simul;
3291 2567 3354 2606 ex
3377 2555 3579 2621 quibus

2016 2640 2166 2695 Inulti
2205 2649 2427 2695 manent
2460 2655 2632 2710 usque
2663 2641 2860 2703 adhuc,
2890 2643 3106 2711 quidam
3131 2653 3312 2699 autem
3351 2645 3587 2699 dormie-

2015 2742 2189 2787 runt:
2227 2730 2422 2786 deinde
2466 2731 2612 2786 visus
2672 2742 2755 2786 est
2810 2743 2865 2786 et
2906 2731 3108 2788 Jacobo
3135 2773 3150 2799 ,
3212 2735 3405 2790 deinde
3456 2751 3588 2805 apo-

2015 2821 2169 2878 stolis
2190 2821 2442 2875 omnibus
2474 2837 2487 2874 :
2518 2820 2812 2875 novissime
2843 2830 3023 2875 autem
3052 2821 3294 2875 omnium
3329 2832 3584 2892 tanquam

2017 2911 2268 2967 abortivo
2302 2909 2452 2964 visus
2479 2918 2564 2964 est
2606 2917 2662 2963 et
2706 2909 2839 2963 mihi
2881 2910 2950 2964 ”.
2999 2929 3018 2962 ι
3074 2909 3141 2964 Ει
3189 2911 3376 2980 paucis
3419 2912 3587 2966 inter-

331 3007 451 3060 ούδέ
483 3007 718 3078 Χριστός
743 3010 1042 3080 ἐγήγερται
1067 3026 1081 3040 ·
1121 3011 1171 3063 εἰ
1197 3009 1254 3063 δὲ
1287 3010 1522 3081 Χριστὸς
1547 3009 1648 3064 οὐκ
1677 3011 1910 3084 ἐγήγερ-

2011 3005 2210 3076 jectis:
2251 3021 2271 3055 ι
2324 3001 2382 3057 Si
2431 3010 2612 3056 autem
2650 3000 2904 3056 Christus
2953 3003 3279 3070 praedicatur
3335 3004 3393 3073 8
3439 3003 3587 3073 quod

329 3117 445 3162 ται,
483 3100 640 3154 κενὸν
691 3100 800 3172 ἄρα
843 3101 905 3154 τὸ
938 3103 1200 3173 κήρυγμα
1245 3101 1422 3171 ἡμῶν.
1458 3103 1605 3174 Κενὴ
1641 3104 1699 3158 δὲ
1733 3106 1825 3158 καὶ
1870 3109 1904 3177 ἠ

2016 3096 2374 3154 resurrexita
2419 3094 2674 3158 mortuis,
2729 3095 3000 3163 quomodo
3048 3095 3266 3165 quidam
3307 3097 3497 3150 dicunt
3531 3097 3584 3150 iu

331 3194 515 3257 πίστις
545 3195 720 3265 ήμῶν,
748 3194 1121 3266 εὑρισκόμεθα
1147 3195 1204 3247 δὲ
1227 3195 1322 3248 καὶ
1342 3193 1786 3267 ψευδομάρτυρες
1810 3197 1904 3251 τοῦ

330 3284 489 3349 Θεοῦ,
509 3285 590 3337 ὅτι
623 3286 1087 3356 ἐμαρτυρήσαμεν
1117 3285 1260 3339 κατὰ
1285 3285 1377 3338 τοῦ
1408 3284 1564 3352 Θεοῦ,
1599 3287 1681 3341 ὅτι
1715 3290 1905 3360 ἤγειρε

329 3372 422 3426 τὸν
448 3375 701 3444 Χριστὸν,
736 3373 796 3427 6v
839 3376 940 3428 οὐκ
971 3377 1216 3446 ἤγειρεν,
1257 3377 1416 3447 εἰπερ
1449 3376 1560 3448 ἄρα
1587 3381 1772 3448 νεκροὶ
1805 3381 1906 3433 οὐκ

329 3463 649 3535 ἐγείρονται.
687 3485 706 3517 ι
740 3466 974 3538 Τεθναίη
1003 3466 1113 3538 γὰρ
1142 3465 1229 3533 ἂν,
1248 3467 1372 3521 εἰπέ
1398 3484 1508 3537 μοι,
1534 3467 1656 3521 τίνα
1683 3468 1746 3539 δὴ
1777 3469 1904 3540 τρό-

327 3569 429 3607 πον
459 3556 492 3626 ή
527 3555 686 3622 σκιά;
717 3556 835 3621 πῶς
863 3552 958 3611 οῦν
990 3557 1257 3629 ἀνέστησε
1283 3557 1376 3613 τὸν
1401 3559 1636 3629 Χριστὸν
1658 3561 1686 3613 6
1713 3559 1905 3630 Πατὴρ

328 3649 487 3704 σκιάν
510 3650 641 3704 ὄντα
674 3652 770 3704 καὶ
816 3650 1059 3722 δόκησιν,
1101 3651 1197 3703 καὶ
1241 3651 1356 3714 τοῖς
1395 3650 1492 3704 τοῦ
1543 3650 1776 3705 θανάτου
1817 3651 1904 3704 δεο

328 3743 486 3810 σμοῖς
515 3741 612 3812 οὑχ
644 3741 950 3812 ἁλώσιμον;
979 3741 1222 3812 Οἰχέσθω
1247 3743 1312 3814 δὴ
1343 3737 1436 3796 οῦν
1463 3745 1492 3796 6
1518 3744 1742 3798 ἐκείνων
1771 3746 1902 3815 ἐμε-

323 3829 436 3895 τδς,
471 3831 644 3903 μύθου
675 3832 732 3885 δὲ
760 3831 956 3896 ἄλλως,
993 3833 1088 3884 καὶ
1137 3832 1356 3886 ἀνοσίου
1407 3832 1606 3904 βουλῆς
1651 3834 1898 3906 ἀποδρά-

325 3942 508 3995 σματα
544 3925 614 3978 τὰ
641 3926 772 3996 παρ’
812 3925 996 3988 αὐτοῖς
1023 3935 1050 3974 Ρ
1075 3923 1379 3995 ἡγούμεθα.
1411 3925 1548 3990 Τοὺς
1578 3926 1686 3997 γὰρ
1721 3928 1899 3981 τοιού-

2007 3193 2187 3256 vobis,
2235 3187 2490 3259 quoniam
2540 3186 2872 3242 resurrectio
2919 3197 3256 3242 mortuorum
3303 3204 3409 3242 non
3450 3189 3592 3243 est?

2009 3290 2104 3346 Sin
2135 3295 2319 3342 autem
2345 3284 2678 3339 resurrectio
2709 3293 3044 3338 mortuorum
3081 3300 3185 3337 non
3241 3293 3360 3345 est,
3410 3300 3586 3354 neque

2005 3382 2256 3440 Christus
2285 3379 2609 3432 resurrexit.
2640 3375 2696 3430 Si
2749 3387 2929 3431 autem
2960 3377 3212 3431 Christus
3259 3395 3365 3432 non
3401 3392 3584 3431 resur-

2006 3473 2170 3536 rexit,
2223 3471 2399 3524 inanis
2436 3477 2520 3524 est
2557 3469 2876 3536 pra-dicatio
2911 3480 3094 3522 nostra
3117 3508 3134 3532 ,
3170 3470 3347 3524 inanis
3399 3479 3482 3524 est
3526 3479 3584 3524 et

2004 3563 2138 3618 ﬁdes
2167 3569 2351 3615 nostra
2379 3575 2394 3623 ;
2429 3559 2740 3612 invenimur
2791 3569 2971 3613 autent
3003 3570 3058 3613 et
3100 3559 3220 3614 falsi
3268 3568 3434 3614 testes
3461 3560 3586 3627 Dei,

2003 3653 2261 3723 quoniam
2286 3649 2655 3706 testimonium
2677 3650 2910 3705 diximus
2935 3653 3200 3706 adversus
3219 3651 3407 3715 Deum,
3436 3654 3580 3722 quod

2002 3745 2350 3801 suscitaverit
2415 3743 2735 3806 Christum,
2779 3758 2939 3812 quem
2989 3759 3094 3798 non
3153 3745 3478 3807 suscitavit.
3532 3746 3588 3801 si

2002 3835 2199 3891 mortui
2232 3851 2337 3888 non
2377 3842 2667 3903 resurgunt
2706 3834 2773 3888 ³⁵.
2815 3852 2833 3884 ι
2869 3832 2968 3888 llic
3013 3849 3113 3904 ego
3152 3834 3262 3903 jam
3305 3844 3357 3888 te
3411 3835 3580 3889 inter-

2004 3941 2174 3997 rogo:
2206 3923 2522 3993 Ecquonam
2558 3923 2718 3978 modo
2745 3927 2936 3978 umbra
2973 3925 3285 3979 moriatur?
3323 3941 3430 3995 quo
3461 3942 3582 3983 rur-

322 4033 449 4079 τους
494 4018 628 4086 ἡμῖν
681 4016 1133 4088 προκαταμηνύει
1178 4016 1405 4087 γράφων
1453 4017 1547 4070 τοῦ
1577 4019 1832 4090 Σωτῆρος
1867 4021 1898 4074 6

2011 4032 2116 4072 sum
2151 4026 2311 4086 pacto
2349 4014 2590 4070 caelestis
2622 4014 2786 4070 Pater
2817 4015 3094 4071 Christmn
3139 4019 3207 4072 ad
3249 4018 3416 4072 vitam
3477 4033 3568 4074 re-

327 4107 594 4179 μαθητήςο
630 4126 649 4160 ι
687 4110 808 4164 Ὀτι
831 4108 1014 4162 πολλοὶ
1040 4108 1484 4181 ψευδοπροφῆται
1510 4110 1895 4178 ἐξεληλύθασιν

2011 4109 2235 4173 vocavit,
2263 4116 2325 4162 ut
2347 4106 2441 4176 qui
2471 4107 2716 4170 quaedam
2748 4115 2958 4161 tantum
2993 4108 3180 4163 umbra
3211 4121 3268 4165 et
3311 4127 3408 4166 rex
3441 4112 3580 4166 ima-

323 4203 405 4264 εἰς
437 4201 528 4254 τὸν
573 4201 796 4272 κόσμον.
846 4203 934 4256 Ἐν
975 4203 1150 4274 τούτῳ
1193 4203 1517 4271 γινώσκεται
1555 4202 1617 4256 τὸ
1671 4203 1895 4274 Πνεῦμα

2011 4200 2241 4272 ginaria,
2288 4215 2410 4267 qua:
2459 4198 2652 4254 mortis
2716 4199 2958 4254 vinculis
3004 4201 3124 4271 capi
3174 4218 3279 4257 non
3349 4215 3527 4274 potest
3557 4245 3574 4268 ,

319 4293 416 4346 τοῦ
451 4292 605 4348 Θεοῦ.
650 4295 765 4348 Πᾶν
804 4294 1019 4364 πνεῦμα
1052 4295 1079 4346 6
1108 4295 1358 4364 ὁμολογεί
1419 4293 1625 4364 Ἰησοῦν
1659 4294 1893 4366 Χριστὸν

2011 4292 2314 4348 nstiterit?
2355 4290 2649 4345 Facessant
2673 4291 3290 4360 proindcistiuscemodi
3323 4295 3537 4365 ineptiae
3558 4337 3580 4361 ,

320 4387 380 4439 ἐν
427 4385 589 4456 σαρκὶ
635 4385 953 4454 ἐληλυθότα,
1011 4388 1075 4439 ἐκ
1113 4383 1206 4438 τοῦ
1264 4385 1402 4438 Θεοῦ
1458 4387 1596 4440 ἐστι.
1628 4387 1737 4440 Καὶ
1780 4387 1889 4440 πᾶν

2015 4399 2313 4439 nsanorum
2355 4381 2518 4452 plane
2575 4382 2928 4438 consiliorum
2975 4395 3030 4439 et
3075 4384 3379 4440 fabularum
3423 4387 3578 4441 ebul-

319 4472 539 4542 πνεῦμα
586 4473 614 4526 6
658 4473 734 4544 μὴ
778 4474 1032 4545 ὁμολογεί
1073 4476 1163 4528 τὸν
1219 4476 1446 4546 Ἰησοῦν,
1500 4478 1566 4529 ἐκ
1616 4475 1712 4530 τοῦ
1755 4477 1890 4530 Θεοῦ

2011 4476 2218 4530 imenta
2263 4474 2406 4528 dicta
2455 4473 2674 4528 illorum
2709 4474 2994 4530 habemus.
3039 4475 3358 4544 llnjusmodi
3405 4493 3575 4545 nuga-

316 4567 418 4619 οὐκ
459 4565 594 4624 εστι.
645 4568 758 4620 Καὶ
807 4567 965 4620 τοῦτό
1021 4569 1136 4622 ἐστι
1186 4569 1247 4621 τὸ
1294 4567 1387 4622 τοῦ
1445 4569 1813 4641 ’Λντιχρίστου
1863 4570 1892 4624 6

317 4659 612 4729 ἀκηκόατε,
644 4660 724 4712 ὃτι
761 4659 1000 4730 ἔρχεται,
1031 4661 1125 4713 καὶ
1173 4659 1268 4713 νῦν
1299 4663 1357 4714 ἐν
1411 4661 1487 4731 τῷ
1521 4662 1711 4733 κόσμῳ
1743 4663 1891 4716 ἐστὶν

315 4750 439 4820 ἤδη.
475 4751 536 4803 El
567 4751 674 4820 γάρ
707 4753 781 4821 μὴ
820 4751 1044 4820 γέγονεν
1081 4752 1389 4822 ἄνθρωπος,
1427 4754 1563 4822 μήτε
1600 4753 1708 4824 μὴν
1757 4755 1891 4807 ἅνα-

1991 4577 2138 4622 tores
2188 4566 2499 4620 exorituros
2567 4564 2796 4620 dilectus
2851 4566 3154 4622 Salvatoris
3198 4568 3370 4623 nostri
3407 4569 3573 4622 disci-

1993 4658 2149 4728 pulus
2198 4672 2296 4711 nos
2337 4666 2462 4709 ante
2490 4656 2859 4724 prmmouuit:
2917 4676 2937 4709 ι
2983 4658 3294 4724 Quoniam,
3352 4659 3572 4730 inquit,

1994 4748 2147 4804 multi
2180 4747 2659 4817 pseudoprophetae
2685 4747 2940 4802 exierunt
2975 4749 3027 4802 in
3062 4749 3344 4804 mundum.
3377 4750 3435 4805 lu
3467 4751 3573 4806 hoc

1993 4840 2342 4911 cognoscitur
2369 4837 2607 4907 Spiritus
2631 4838 2726 4894 Dei
2764 4857 2778 4892 :
2810 4839 3002 4895 Omnis
3027 4841 3252 4909 spiritus
3281 4842 3372 4910 qui
3409 4842 3570 4895 conﬁ°

1995 4943 2140 4986 tetur
2182 4929 2371 4986 Jesum
2412 4929 2688 4983 Christum
2732 4929 2788 4983 in
2844 4946 3010 4986 carne
3041 4931 3288 4997 venisse,
3332 4949 3400 4987 ex
3459 4931 3573 4986 Deo

1990 5033 2109 5089 est;
2162 5034 2219 5077 et
2267 5020 2444 5075 onmis
2481 5021 2702 5090 spiritus
2755 5022 2845 5091 qui
2897 5023 3058 5077 solvit
3097 5023 3317 5089 Jesum,
3351 5041 3419 5078 ex
3464 5025 3574 5080 Deo

315 4841 548 4912 ϐέϐηκεν
576 4844 634 4894 ἐν
663 4843 827 4909 σαρκὶ
872 4843 1008 4915 πρὸς
1039 4844 1130 4898 τὸν
1161 4845 1220 4898 ἐν
1248 4844 1496 4914 οὐρανοῖς
1535 4845 1750 4916 Πατέρα
1799 4845 1893 4898 καὶ

313 4933 467 4996 Θεὸν,
505 4934 612 4988 οὐδ’
637 4934 701 4988 ἂν
727 4936 1043 5008 ὑποστρέψῃ
1069 4936 1129 5002 ἐξ
1164 4939 1395 5010 ούρανοῦ
1439 4937 1561 4993 καθ’
1594 4939 1764 5008 ἡμᾶς,
1799 4937 1891 4992 ἇν-

313 5023 530 5096 θρωπος
555 5026 797 5094 δηλονότι
832 5028 924 5080 καὶ
953 5029 1014 5081 ἐν
1044 5030 1228 5100 σαρκί.

313 5138 416 5174 uon
469 5132 572 5176 est.
649 5123 714 5178 Et
783 5123 870 5181 hic
919 5124 1323 5189 Autichristus,
1383 5127 1449 5182 de
1505 5142 1613 5196 quo
1658 5123 1908 5187 audistis,
1944 5119 2204 5191 quoniam
2260 5116 2434 5181 venit,
2466 5125 2523 5170 ct
2557 5117 2779 5171 nuncin
2818 5119 3019 5174 mundo
3058 5122 3234 5176 est“.
3274 5141 3293 5175 ι
3335 5120 3390 5176 Si
3425 5122 3568 5176 enim

311 5231 424 5288 ipse
495 5227 652 5273 natus
681 5233 784 5270 non
851 5230 954 5284 est,
1033 5236 1207 5288 neque
1282 5235 1445 5274 carne
1487 5220 1707 5273 indutus
1774 5218 1840 5271 ad
1897 5214 2178 5271 coalestem
2238 5210 2451 5263 Patrem
2503 5219 2559 5265 et
2615 5211 2783 5266 Deum
2833 5213 3120 5281 ascendit;
3185 5229 3357 5270 neque
3408 5216 3569 5268 hntuo

309 5319 523 5374 quoque
592 5306 816 5375 perinde
871 5323 934 5362 ac
963 5324 1059 5364 nos
1117 5324 1282 5363 carne
1302 5308 1527 5362 vestitus
1545 5308 1611 5362 de
1640 5305 1794 5362 ewlis
1850 5304 1978 5359 olitn
2021 5313 2342 5357 reversurus
2373 5306 2477 5354 est.

378 5467 418 5498 ³¹
446 5465 550 5519 lsa.
585 5482 637 5532 ι,
662 5466 716 5520 6.
796 5470 840 5500 ³³
864 5467 1018 5524 Joan.
1061 5485 1172 5537 xix,
1210 5471 1300 5525 54.
1380 5469 1464 5523 ³³1
1495 5469 1622 5524 Cor.
1653 5483 1742 5534 xv,
1771 5469 1892 5522 5-8.

2013 5467 2032 5498 ‘
2073 5466 2202 5522 ibid.
2237 5468 2419 5522 12-15.
2497 5468 2542 5498 ’⁸
2583 5463 2601 5519 Ι
2631 5461 2786 5519 Joan.
2821 5479 2892 5530 Iv,
2927 5464 3038 5519 1-5.

1393 5601 1563 5659 Variae
1586 5604 1842 5660 lectiones
1872 5601 2074 5660 codicis
2097 5601 2452 5673 Seguieriaui.

379 5745 406 5786 ν
431 5734 668 5790 ἐκείνων.
