4044 6332
470 356 609 413 1147
1471 353 1532 410 S.
1572 353 1853 411 CYRILLI
1889 352 2067 411 Αιειι

2153 352 2364 410 ίΒΒΙΝῐ
2402 354 2726 412 ARCHIEP.
3602 357 3623 408 Ι
3647 355 3750 410 148

535 472 604 528 X.
641 470 809 526 Porro
834 476 1014 523 autem
1044 467 1362 523 existimare
1413 468 1497 540 (ut
1525 469 1620 524 alii
1656 469 1879 538 quidam
1933 477 2048 523 sto-
2079 472 2127 528 Α

2227 470 2285 521 1'.
2327 467 2403 520 Τὸ
2430 466 2488 522 δὲ
2511 467 2575 540 δὴ
2606 468 2702 522 καὶ
2733 469 2950 539 ἑτέρους
2984 467 3190 522 οἴεσθαὶ
3225 486 3281 520 τε
3315 486 3407 521 και
3434 472 3654 539 φρονεῖν
3686 471 3750 525 ἐξ

465 564 730 619 lidissime
767 561 1086 616 existimant
1118 570 1173 615 et
1196 560 1497 630 pradicant
1529 560 1791 631 (Verbum
1835 577 1901 616 ex
1940 560 2053 616 Deo

2158 560 2472 631 ἀμετρήτου
2505 559 2736 625 νωθείας
2763 560 3016 631 γέννησιν
3041 560 3142 629 μὲν
3168 560 3467 629 ἀνήνασθαι
3520 562 3619 631 τὴν
3656 561 3742 614 διά

464 654 726 724 genitum,
751 660 873 706 ortu
890 666 1136 707 exucta
1154 650 1380 719 Virgine
1413 651 1704 719 repudian
1733 661 2056 722 naturreque

2157 651 2257 720 τῆς
2287 652 2450 720 ἁγίας
2485 652 2765 723 Παρθένου
2806 652 2900 706 τὸν
2942 653 3005 704 ἐκ
3035 652 3172 705 Θεοῦ
3204 652 3379 720 φύντα
3428 651 3619 721 Λόγον,
3648 654 3745 707 καὶ

460 756 666 801 nostra
688 744 907 798 ratione
930 753 1262 813 contempta,
1292 742 1345 796 in
1379 754 1650 798 terrenam
1678 760 1900 799 carnem
1932 757 2054 799 esse

2160 745 2323 813 φύσιν
2356 745 2458 815 μὲν
2486 746 2756 815 ἀτιμάσαι
2778 747 2880 816 τὴν
2918 744 3040 799 καθ’
3071 747 3242 815 ἡμᾶς,
3290 746 3748 816 παρατετράφθαι

464 840 801 893 demutatum
824 877 839 901 ,
870 840 921 892 id
956 837 1105 891 aliud
1134 837 1398 903 nihilest,
1429 852 1594 907 quam
1622 838 2054 908 dispensationis

2157 837 2213 891 δὲ
2246 836 2451 906 μᾶλλον
2480 837 2646 890 αὐτὸν
2680 838 2759 901 εἰς
2784 838 2885 907 τὴν
2908 837 3017 890 ἀπὸ
3049 836 3151 906 τῆς
3174 837 3276 907 γῆς
3300 838 3500 906 σάρκα,
3535 837 3746 906 δυσφη-

466 940 868 984 sacramentum
897 939 1084 998 aperte
1124 928 1540 997 hlaSphemare,
1575 930 1893 1001 divinisque
1927 947 2057 985 con-

2162 929 2408 998 μούντων
2438 929 2557 982 ἐστὶ
2587 929 2689 1001 τὴν
2719 930 3055 1001 οἰκονομίαν,
3087 930 3182 982 καὶ
3216 931 3327 993 τοῖς
3363 928 3530 993 θείοις
3568 931 3745 1000 σκέμ-

468 1022 606 1078 siliis
640 1031 844 1077 temere
874 1021 1162 1078 insultare.
1208 1022 1427 1077 Etenim
1474 1022 1858 1078 universorum
1910 1024 2056 1079 Con-

2162 1035 2330 1089 μασιν
2374 1021 2636 1090 ἐπιτιμᾷν
2691 1020 3002 1090 ᾑρημένων.
3043 1020 3102 1072 Ὀ
3153 1020 3251 1089 μὲν
3296 1018 3405 1087 γὰρ
3440 1018 3550 1071 τῶν
3605 1020 3747 1072 ὅλων

467 1116 651 1180 ditor,
707 1123 763 1168 et
809 1115 1037 1169 multum
1082 1114 1135 1168 in
1195 1113 1569 1169 misericordia
1624 1114 1717 1170 Dei
1772 1113 2051 1180 Verbum,

2158 1111 2526 1182 Δημιουργὸς,
2560 1112 2654 1164 καὶ
2680 1112 2848 1175 πολὺς
2871 1113 2951 1175 είς
2974 1112 3122 1164 ἔλεον
3151 1110 3244 1165 τοῦ
3267 1110 3404 1165 Θεοῦ
3447 1113 3619 1181 Λόγος
3644 1128 3744 1165 κε-

468 1217 690 1277 propter
710 1222 810 1261 nos
843 1208 1004 1261 homo
1026 1206 1228 1261 factum
1252 1207 1321 1274 “,
1345 1217 1480 1263 etex
1516 1207 1742 1261 muliere
1774 1218 1957 1261 natum
1984 1209 2054 1273 ’⁷,

2160 1205 2402 1259 κένωκεν
2436 1207 2632 1260 ἑαυτὸν
2656 1207 2724 1260 δι’
2748 1208 2918 1279 ἡμᾶς,
2940 1208 3232 1279 γενόμενος
3257 1208 3353 1262 ἀνθ
3363 1225 3561 1279 ρωπος,
3591 1208 3747 1277 γενό-

468 1299 820 1369 semetipsum
874 1299 1248 1353 exiuanivit”
1281 1316 1295 1354 :
1333 1319 1352 1349 ι
1402 1299 1474 1356 Ut
1502 1300 1761 1369 quoniam
1801 1299 1975 1369 pueri,
2017 1299 2048 1352 ι(

2163 1313 2325 1367 μενος
2358 1299 2422 1352 ὲκ
2446 1299 2725 1368 γυναικός
2766 1319 2785 1352 ι
2820 1301 2915 1353 Ἰν’
2948 1301 3180 1372 ἐπείπερ
3216 1301 3444 1371 αἵματος
3483 1302 3576 1353 καὶ
3606 1319 3745 1369 σαρη

472 1392 575 1445 hoc
609 1400 694 1446 est
727 1406 846 1455 nos,
882 1410 900 1442 ι
943 1391 1649 1448 communiraverantcarni
1672 1400 1730 1447 et
1762 1392 2041 1462 sanguini,

2158 1389 2255 1453 κὸς
2275 1390 2638 1462 κεκοινώνηκε
2659 1391 2727 1445 τὰ
2758 1392 2968 1457 παιδὶα,
2997 1410 3026 1444 9
3062 1394 3342 1447 τουτέστιν
3372 1396 3554 1465 ἡμεῖς,
3588 1414 3606 1446 ι
3641 1396 3744 1448 καὶ

470 1490 524 1537 et
551 1482 667 1551 ipse
702 1483 959 1538 similiter
982 1483 1335 1552 participaret
1366 1485 1570 1539 eisdem
1602 1500 1618 1539 :
1669 1493 1729 1537 ut
1774 1499 1871 1553 per
1904 1499 2053 1538 mor-

2160 1481 2324 1545 αὐτὸς
2370 1483 2772 1554 παραπλησίως
2824 1487 3071 1556 μετασχῇ
3124 1485 3235 1538 τῶν
3269 1486 3482 1538 αὐτῶν·
3531 1487 3616 1539 ἵνα
3654 1486 3747 1540 διὰ

472 1581 579 1627 tein
607 1574 911 1628 destrueret
946 1588 1073 1628 eum
1108 1576 1198 1642 qui
1234 1574 1470 1629 habebat
1500 1575 1700 1629 mortis
1736 1575 2052 1646 imperium,

2159 1571 2257 1625 τοῦ
2287 1572 2545 1637 θανάτου,
2583 1577 2906 1648 καταργήσῃ
2944 1576 3037 1629 τὸν
3079 1576 3140 1630 τὸ
3173 1578 3371 1648 κράτος
3418 1577 3608 1647 ἔχοντα
3644 1577 3745 1630 τοῦ

473 1664 575 1719 hoc
595 1674 679 1720 est
704 1666 978 1721 diabolum
998 1707 1014 1733 ,
1050 1675 1105 1721 et
1131 1666 1390 1722 liberaret
1439 1682 1536 1722 eos
1567 1667 1659 1737 qui
1687 1668 1887 1720 timore
1915 1683 2057 1722 mor-

2196 1666 2421 1729 ανάτου,
2449 1667 2697 1720 τουτέστι
2736 1668 2827 1721 τὸν
2855 1668 3123 1735 διάϐολον,
3173 1670 3266 1724 καὶ
3304 1670 3585 1741 ἀπαλλάξῃ
3619 1671 3719 1724 τού
3772 1714 3787 1731 ,

474 1755 544 1810 tis
571 1769 668 1824 per
684 1764 849 1809 totam
869 1754 1036 1809 vitam
1054 1756 1447 1811 obnoxiierant
1465 1755 1800 1826 servitum".
1815 1773 1834 1806 ι
1856 1756 1920 1809 Ει
1945 1757 2059 1809 hate

2160 1773 2305 1822 τους,
2338 1757 2451 1810 ὅσοι
2480 1757 2633 1828 φόϐῳ
2672 1758 2906 1813 θανάτου
2937 1760 3025 1813 διά
3072 1762 3272 1825 παντὸς
3310 1762 3404 1814 τοῦ
3436 1762 3535 1833 ζῇν
3568 1762 3745 1833 ἔνοχοι

472 1814 690 1917 quidem
710 1848 888 1901 divina
902 1846 1208 1916 Scriptura.
1226 1846 1304 1901 Illi
1326 1857 1504 1902 autem
1522 1856 1628 1901 tam
1648 1814 1853 1903 salubri
1870 1848 2062 1903 decen-

2165 1814 2307 1921 ἦσαν
2340 1814 2615 1917 δουλείας..
2640 1874 2658 1906 ι
2696 1849 2824 1907 Ὧδε
2857 1854 2964 1928 γὰρ
2989 1854 3091 1926 ἔφη
3124 1855 3186 1909 τὸ
3214 1814 3542 1927 Γράμμασέὺ
3575 1814 3741 1926 ἱερόν.

475 1940 621 2007 tique
647 1938 877 1994 consilio
924 1938 1245 1995 indecentiae
1274 1949 1454 1993 notam
1508 1939 1767 2003 inurunt,
1814 1946 1869 1994 et
1904 1940 2055 2007 quasi

2167 1946 2228 1997 Οί
2279 1944 2335 1997 δὲ
2384 1945 2484 2014 τῆς
2512 1945 2655 1999 οὕτω
2697 1947 2981 2015 παγκάλου
3028 1948 3123 1999 καὶ
3172 1947 3402 2017 ἀρίστης
3447 1946 3638 2016 βουλῆς
3681 1948 3746 2000 τὸ

474 2028 532 2101 9
559 2029 752 2097 majori
777 2029 1042 2098 sapientia
1068 2028 1305 2099 prazditi,
1334 2029 1505 2099 ipsius
1522 2045 1738 2100 quoque
1774 2030 2060 2100 sapientiae

2167 2034 2415 2104 ἀπρεπὲς
2461 2036 2840 2107 καθορίζουσι,
2882 2038 2975 2089 καὶ
3033 2037 3224 2105 ῶσπερ
3268 2036 3388 2088 ἐνὸν
3442 2037 3622 2098 αὐτοῖς
3676 2036 3746 2088 τά

474 2124 692 2178 decreta
726 2124 1146 2192 reprehendunt.
1183 2123 1352 2178 Aiunt
1391 2124 1533 2179 enim
1570 2139 1678 2180 non
1712 2126 1944 2190 decere,
2000 2135 2059 2179 ut

2165 2125 2378 2196 ἀμείνω
2408 2130 2650 2198 φρονεῖν,
2670 2128 2896 2192 καὶτοῖς
2925 2128 3022 2197 τῆς
3044 2129 3233 2197 σοφίας
3261 2127 3553 2197 ἐπιτιμῶσι
3581 2128 3745 2196 σκέμο

478 2216 823 2289 Unigenitum
880 2233 1003 2273 cum
1052 2216 1240 2272 dolore
1278 2227 1465 2286 partus
1504 2232 1566 2272 ex
1616 2218 1840 2272 nmliere
1875 2228 2057 2271 natum

2170 2238 2322 2290 μασι.
2362 2221 2454 2291 Μὴ
2483 2221 2592 2291 γὰρ
2618 2220 2681 2291 δὴ
2711 2221 2910 2292 χρῆναι
2954 2221 3205 2289 λέγουσιν
3249 2220 3414 2273 ὠδῖνα
3456 2220 3550 2272 καὶ
3584 2219 3743 2271 τόκον

476 2320 821 2376 astruamus;
844 2309 1023 2376 potius
1053 2316 1233 2363 autem
1255 2308 1681 2363 existimandum
1710 2309 1875 2363 divini
1896 2309 2058 2364 Verbi

2166 2315 2232 2367 ὲκ
2256 2314 2514 2383 γυναικὸς
2547 2314 2921 2383 καταγράφειν
2944 2314 3091 2384 ἡμᾶς
3116 2312 3599 2381 τοῦνΜονογενοῦς,
3633 2313 3742 2365 οῖε-

477 2410 729 2455 naturam
770 2401 823 2453 in
850 2409 1124 2454 terrenum
1152 2399 1256 2453 hoc
1280 2396 1661 2468 inﬁrmumque
1698 2413 1897 2469 corpus
1931 2414 2061 2453 con—

2169 2404 2293 2458 σθαι
2322 2405 2379 2459 δὲ
2412 2404 2611 2475 μᾶλλον
2638 2405 2739 2476 τὴν
2789 2404 2878 2458 τοῦ
2912 2404 3087 2473 Λόγου
3125 2404 3285 2474 φύσιν
3320 2406 3400 2467 εἰς
3442 2402 3505 2456 τὸ
3543 2401 3742 2474 σαθρὸν

476 2507 688 2549 versam
701 2507 844 2548 esse.
862 2493 1037 2561 Atque
1060 2492 1135 2546 ita
1166 2506 1288 2546 eum
1306 2491 1396 2559 qui
1413 2490 1595 2545 omnis
1613 2490 1934 2546 mutationis
1962 2505 2057 2546 ex-

2165 2499 2229 2571 δὴ
2268 2498 2426 2552 τοῦτο
2476 2500 2569 2553 καὶ
2621 2498 2852 2568 γηγενὲς
2885 2496 3397 2569 μετεστοιχειῶσθαι
3429 2496 3609 2565 σῶμα,
3645 2493 3740 2548 καὶ

476 2601 604 2656 pers
624 2594 741 2651 est,
794 2584 1080 2639 mutationi
1119 2583 1421 2650 subjectum
1443 2582 1782 2652 contingunt.
1820 2582 2057 2636 Firmata

2165 2588 2374 2659 τροπὴν
2397 2587 2767 2657 φαντάζεσθαι
2793 2587 2889 2641 τοῦ
2912 2589 3118 2659 τροπὴν
3137 2588 3237 2640 οὐκ
3255 2586 3476 2650 εἰδότος,
3494 2587 3741 2656 Ἐρήρει-

478 2690 561 2735 est
588 2694 820 2750 namque
845 2677 938 2733 Dei
968 2686 1162 2733 natura
1191 2678 1243 2731 in
1271 2677 1511 2747 propriis
1528 2676 1687 2731 bonis
1717 2675 2055 2746 immotoque

2169 2697 2290 2734 σται
2338 2679 2447 2750 γὰρ
2481 2680 2515 2749 ὴ
2562 2677 2656 2732 τοῦ
2688 2678 2822 2732 Θεοῦ
2854 2678 3014 2746 φύσις
3074 2680 3132 2731 ἐν
3168 2678 3317 2740 ἰδίοις
3366 2678 3609 2749 ἀγαθοῖς,
3648 2679 3737 2731 καὶ

481 2773 534 2827 in
552 2772 749 2842 quibus
763 2782 848 2825 est
865 2770 1164 2826 commodis
1180 2783 1399 2838 semper
1427 2769 1691 2838 persistit.
1719 2770 1792 2825 At
1815 2784 1943 2824 vero
1964 2786 2061 2824 na-

2165 2772 2562 2827 ἀκατάσειστον
2588 2770 2698 2841 ἔχει
2734 2770 2831 2823 σὺν
2859 2770 2944 2839 ἐφ’
2973 2780 2999 2820 ιι
3027 2765 3110 2834 οἷς
3140 2772 3255 2823 ἐστι
3275 2769 3738 2841 διαμονήν.Φύσις

481 2871 600 2917 tura
627 2870 931 2932 procreata,
958 2869 1013 2917 et
1034 2862 1087 2915 in
1118 2872 1360 2931 tempore
1386 2862 1751 2917 utexsisterct
1774 2863 2055 2929 producta,

2170 2864 2270 2935 μὲν
2317 2864 2427 2936 γάρ
2456 2866 2489 2934 ἡ
2535 2863 2760 2934 γενητὴ,
2808 2860 2902 2915 καὶ
2942 2862 3120 2934 χρόνῳ
3168 2861 3560 2932 παρενεχθεῖσα
3604 2861 3739 2931 πρὸς

481 2971 587 3010 non
621 2963 798 3025 potest
824 2954 1109 3010 mutationi
1145 2970 1253 3008 non
1286 2968 1413 3009 esse
1448 2954 1717 3023 subjecta.
1768 2953 1879 3010 Nec
1904 2956 2058 3009 lirma

2168 2955 2382 3024 γένεσιν
2411 2965 2457 3021 τ,
2502 2954 2666 3008 πάθοι
2716 2953 2781 3007 ἂν
2828 2955 2928 3024 τὴν
2979 2952 3284 3006 ἀλλοίωσιν.
3336 2951 3445 3005 Καὶ
3488 2950 3589 3003 οὐκ
3636 2950 3743 3015 ἔξω

480 3046 637 3101 nobis
675 3045 997 3101 assertionis
1031 3045 1194 3115 hujus
1230 3046 1582 3100 fundamenta
1651 3045 2060 3117 verissimrcque

2167 3049 2327 3118 λόγου
2378 3047 2471 3103 τοῦ
2525 3047 2857 3119 καθήκοντός
2904 3063 2962 3099 τε
3013 3047 3107 3099 καὶ
3163 3044 3396 3114 ἀληθοῦς
3438 3044 3500 3096 τὸ
3554 3042 3742 3113 χρῆμα

483 3138 720 3194 rationes
750 3138 968 3192 desunt.
1002 3137 1135 3191 Nam
1169 3153 1334 3193 omne
1364 3138 1507 3207 quod
1556 3137 1638 3191 sui
1677 3152 1800 3193 esse
1853 3138 2061 3208 simpli-

2170 3143 2431 3196 κείσεται.
2459 3142 2534 3195 Τὸ
2565 3141 2674 3212 γὰρ
2706 3140 2882 3212 ἀρχὴν
2914 3140 3050 3203 ὅλως
3078 3139 3172 3193 τοῦ
3197 3134 3333 3193 εἶναι
3365 3137 3545 3207 λαχὸν,
3576 3135 3745 3189 οἱονεί

481 3231 621 3285 citer
650 3230 865 3284 initium
900 3229 1113 3296 habuit,
1138 3230 1249 3298 jam
1286 3230 1688 3299 quodammodo
1719 3230 1881 3285 simul
1924 3231 2059 3285 insi-

2168 3256 2289 3302 πως
2333 3239 2434 3309 ἤδη
2485 3239 2579 3291 καὶ¹
2639 3233 3083 3305 συνεσπαρμένον
3133 3232 3245 3304 ἔχει
3289 3231 3349 3284 τὸ
3399 3227 3743 3283 ἀλλοιοῦσθαι

483 3332 597 3377 tam
627 3322 789 3377 habet
828 3324 1267 3379 mutabilitatem.
1301 3323 1370 3376 At
1400 3338 1528 3379 vero
1564 3322 1707 3378 Deus
1729 3364 1744 3388 ,
1778 3323 1871 3394 qui
1915 3322 2062 3377 ontni

2165 3331 2292 3384 δεῖν.
2323 3330 2456 3393 Θεὸς
2487 3329 2544 3382 δὲ
2585 3330 2613 3382 ὀ
2656 3327 2859 3389 παντὸς
2907 3325 3168 3378 ἐπέκεινα
3213 3322 3328 3388 νοῦ,
3374 3321 3469 3375 καὶ
3503 3320 3742 3387 φύσεως,

482 3425 684 3481 mente,
719 3426 773 3470 et
803 3424 1017 3481 natura,
1038 3425 1092 3471 et
1114 3416 1489 3485 generatione,
1513 3425 1566 3470 et
1594 3416 1943 3485 corruptione
1970 3430 2063 3469 su-

2167 3424 2261 3476 καὶ
2292 3422 2577 3491 γενέσεως,
2616 3420 2710 3473 καὶ
2740 3418 2967 3488 φθορᾶς,
2992 3417 3090 3486 τὴν
3118 3415 3347 3486 ὓπαρξιν
3376 3413 3512 3482 ἔχων
3546 3412 3744 3483 ἐξῃρη-

485 3513 671 3580 perior
695 3521 799 3576 est,
829 3512 1190 3566 substantiam
1236 3514 1384 3567 omni
1435 3514 1742 3569 mutatione
1775 3513 2063 3570 sublimio-

2172 3514 2339 3586 μένην
2373 3513 2469 3566 καλ⁸
2507 3512 2907 3583 ὑπερίσχουσαν
2932 3521 2978 3574 ε,
3012 3508 3251 3578 ἀμείνων
3293 3505 3445 3557 ἔσται
3496 3504 3589 3555 καὶ
3620 3520 3744 3572 τρο-

485 3618 621 3669 rem,
647 3602 1010 3672 potentiorem
1034 3603 1409 3674 maioremque
1465 3606 1650 3658 habet.
1702 3605 1768 3659 Et
1811 3605 2067 3675 quemad-

2170 3606 2295 3676 πῆς.
2348 3603 2461 3657 Καὶ
2512 3601 2701 3671 ὥσπερ
2742 3598 2820 3669 τῷ
2848 3598 2947 3669 τῆς
2985 3596 3120 3659 ἰδίας
3154 3595 3366 3664 φύσεως
3410 3593 3554 3661 λόγῳ
3604 3608 3744 3645 παν-

486 3695 715 3748 modum
766 3695 812 3749 is
874 3704 1082 3749 natum
1127 3710 1241 3751 sua:
1285 3697 1551 3765 qualitate
1604 3697 1860 3752 omnibus
1906 3699 2066 3752 rebus

2168 3699 2257 3762 τὸς
2308 3696 2403 3749 τοῦ
2444 3694 2766 3765 κεκλιμένου
2817 3692 2952 3762 πρὸς
2985 3690 3197 3758 γένεσιν
3239 3683 3644 3757 ὑπερανέστηκέ
3688 3701 3744 3735 τε

485 3787 689 3843 creatis
728 3797 970 3858 praestat,
1002 3789 1379 3857 immensoque
1404 3788 1691 3842 intervallo
1721 3798 1843 3858 post
1886 3804 1946 3844 se
1975 3805 2064 3843 re-

2171 3790 2263 3845 καὶ
2319 3788 2718 3858 ὑπερφέρεται,
2781 3784 2875 3836 καὶ
2930 3781 3088 3835 τοῦτο
3153 3779 3505 3849 ἀσυγκρίτοις
3556 3776 3742 3844 διαφορ

485 3881 684 3952 linquit
713 3891 831 3937 orta
871 3881 1053 3936 omnia
1086 3901 1098 3936 :
1131 3882 1203 3936 ita
1234 3897 1296 3934 ea
1330 3882 1694 3943 incommoda.
1756 3897 1875 3951 qua:
1906 3882 2068 3936 rebus

2173 3883 2324 3951 ραῖς·
2379 3877 2522 3930 οὕτω
2582 3876 2677 3929 καὶ
2737 3876 2794 3928 ὲν
2847 3874 2959 3935 τοῖς
3022 3871 3236 3924 εἰωθόσι
3285 3867 3601 3937 συμϐαίνειν
3636 3870 3745 3926 τοῖς

488 3973 548 4029 al;
595 3973 685 4027 illo
706 3973 939 4027 conditis
976 3973 1225 4027 accidere
1265 3973 1461 4037 solent,
1515 3973 1652 4027 adeo
1711 3973 2065 4036 transcendit,

2169 3972 2236 4025 δι’
2287 3970 2451 4023 αὑτοῦ
2504 3967 2781 4036 γεγονόσιν
2830 3963 3255 4035 ὑπερανεστήξει
3307 3961 3467 4014 πάλιν
3520 3958 3743 4020 παθεῖν,

488 4073 547 4119 ut
573 4064 707 4119 nihil
748 4066 817 4119 ab
848 4065 978 4129 illis,
1016 4063 1230 4119 tametsi
1282 4074 1478 4118 natura
1534 4079 1629 4117 sna
1685 4063 1860 4118 noxia:
1906 4064 2019 4118 sint
2051 4102 2065 4128 ,

2169 4065 2269 4117 οὐκ
2314 4061 2467 4124 εἰδὼς
2524 4060 2586 4112 τὸ
2640 4057 2883 4126 πεφυκὸς
2946 4056 3172 4109 ἀδικεῖν.
3228 4052 3437 4107 Οὐκοῦν
3489 4052 3548 4103 ἐν
3610 4052 3747 4119 ἀγα-

489 4158 597 4227 pati
631 4168 815 4228 queat.
858 4156 998 4213 Deus
1032 4172 1266 4225 namque
1318 4157 1373 4211 in
1405 4156 1563 4211 bonis
1591 4164 1673 4210 est
1720 4154 1850 4209 nulli
1896 4165 2071 4209 muta—

2175 4157 2291 4219 θοῖς
2323 4154 2423 4226 μὲν
2455 4153 2516 4206 τὸ
2544 4153 2699 4205 Θεῖον
2740 4147 3156 4220 ἀμεταπτώτοις
3195 4146 3346 4199 ἐστί·
3378 4144 3447 4197 τὰ
3474 4144 3530 4197 δέ
3561 4160 3623 4210 γε
3652 4143 3750 4210 τῆς

489 4247 623 4302 tioni
670 4246 985 4316 subjectus;
1032 4258 1300 4303 creatura:
1334 4257 1517 4301 autem
1554 4249 1606 4300 in
1655 4246 1891 4316 quadam
1942 4262 2066 4316 per-

2175 4249 2406 4310 κτίσεως
2458 4246 2517 4299 ὲν
2562 4242 2849 4298 ἀλλοιώσει
2880 4243 2974 4294 καὶ
3015 4241 3277 4310 τροπαῖς,
3323 4238 3415 4290 καὶ
3452 4235 3748 4305 ἀγχὶθυροδ

485 4350 647 4412 petua
674 4341 977 4395 mutatione
1006 4353 1072 4394 ac
1118 4338 1501 4394 vicissitudine
1550 4345 1863 4392 versantur.
1906 4333 2073 4410 Cujus

2175 4340 2367 4411 ἔχοντα
2426 4338 2524 4407 τὴν
2575 4332 2903 4405 παραφορὰν
2934 4333 2975 4385 ί.
3014 4331 3123 4383 Καὶ
3155 4330 3313 4383 τοῦτο
3362 4328 3647 4392 γινώσκων
3692 4321 3749 4377 εὖ

488 4433 567 4490 rei
599 4433 861 4502 prOpheta
893 4428 1163 4486 Jeremias
1189 4446 1531 4501 nequaquam
1570 4430 1826 4500 ignarus,
1866 4429 2071 4499 optime

2179 4431 2344 4503 μάλα,
2372 4429 2467 4482 καὶ
2504 4429 2580 4492 ὡς
2614 4428 2812 4499 ἄριστα
2852 4422 3157 4493 φιλοσοφῶν
3189 4422 3218 4473 ὁ
3264 4420 3548 4491 προφήτης
3581 4418 3750 4487 Ἱερε-

490 4527 922 4595 philosophatus,
956 4522 1129 4577 Deum
1172 4523 1246 4576 ita
1286 4522 1623 4592 compellat:
1662 4541 1680 4573 ι
1735 4519 1815 4575 Tu
1845 4521 2067 4591 quidem

2176 4522 2325 4593 μίας,
2370 4518 2637 4588 ἀνεφώνει
2673 4516 2809 4587 πρὸς
2839 4516 2929 4568 τὸν
2956 4513 3121 4577 Θεὸν,
3150 4513 3231 4565 ὅτι
3272 4532 3289 4562 ι
3323 4511 3393 4562 Σὺ
3441 4508 3752 4577 καθήμενος

493 4626 544 4677 in
571 4621 827 4677 saeculum
854 4635 1179 4691 permanes;
1213 4634 1313 4674 nos
1357 4627 1539 4671 autem
1573 4630 1680 4670 una
1710 4631 1833 4671 cum
1870 4615 2069 4671 smeulo

2175 4617 2252 4679 εἰς
2276 4613 2367 4666 τὸν
2401 4611 2597 4673 αἰῶνα,
2629 4609 2725 4662 καὶ
2760 4608 2923 4677 ἡμεῖς
2959 4603 3323 4673 ἀπολλύμενοι
3363 4599 3454 4652 τὸν
3487 4596 3689 4650 αἰῶνα.
3730 4614 3748 4643 ι

493 4714 777 4769 interimus
800 4713 868 4769 ³⁸.
906 4731 924 4763 ι
962 4710 1127 4767 Sedet
1155 4711 1302 4766 enim
1335 4710 1479 4764 Deus
1508 4718 1767 4777 tanquam
1811 4707 1864 4761 in
1908 4705 2067 4769 solio,

2174 4702 2496 4758 Καθεδεῖται
2524 4700 2633 4768 γὰρ
2667 4698 2857 4767 ὥσπερ
2884 4697 2941 4749 ἐν
2982 4694 3131 4757 ἰδίοις
3162 4692 3359 4753 θώκοις
3392 4689 3454 4741 τὸ
3473 4686 3630 4739 Θεῖον
3664 4686 3755 4777 ἀεὶ

495 4822 711 4875 semper
748 4819 1001 4876 regnans,
1057 4812 1111 4858 ct
1141 4803 1194 4856 in
1221 4816 1412 4857 omnes
1458 4801 1746 4870 imperium
1782 4814 2069 4862 exercens,

2179 4793 2461 4866 βασιλεῦον
2493 4793 2584 4845 καὶ
2615 4786 2996 4858 κατακρατοῦν
3019 4785 3125 4838 τῶν
3151 4784 3306 4847 ὅλων,
3339 4782 3431 4835 καὶ
3455 4778 3558 4832 ὑπὸ
3580 4775 3756 4846 μηδε-

494 4868 670 4968 neque
695 4868 1087 4965 ullis'unquam
1120 4868 1626 4964 perturbationibus
1652 4892 1892 4962 agitatur
1923 4907 1935 4941 ε
1970 4906 2069 4944 nos

2177 4888 2265 4949 νὸς
2316 4885 2422 4937 τῶν
2456 4883 2646 4935 παθῶν
2697 4877 3130 4949 τυραννούμενον
3150 4894 3163 4905 ·
3197 4876 3359 4945 ἡμεῖς
3380 4872 3437 4926 δὲ
3463 4869 3562 4940 τὴν
3587 4868 3760 4937 φύσιν

493 4999 703 5055 autem,
740 5000 992 5045 naturam
1038 4989 1103 5043 ad
1147 4989 1508 5043 mutationem
1551 4985 2074 5053 conversioueuupie

2172 4977 2583 5047 ευτροχωτάτην
2610 4974 2701 5025 καὶ
2724 4970 3109 5040 εύπαράφορον
3139 4966 3336 5036 κομιδῇ
3364 4964 3500 5033 πρὸς
3529 4960 3762 5014 ἀλλοίω-

501 5080 984 5153 Dropensissimatu
1035 5080 1240 5145 sortiti,
1284 5078 1447 5133 simul
1489 5093 1613 5131 cum
1662 5076 1862 5130 smculo
1911 5076 2073 5128 inter-

2177 5091 2259 5126 σιν
2290 5072 2505 5139 ἔχοντες
2532 5067 2628 5117 καὶ
2648 5064 2877 5134 τροπὴν,
2904 5059 3259 5129 ἀπολλύμεθα
3279 5058 3368 5110 τὸν
3388 5057 3582 5117 αἰῶνα,
3606 5069 3768 5104 τουτ-

503 5173 644 5230 imus
664 5213 679 5238 ,
713 5173 816 5228 hoc
843 5184 947 5238 est,
973 5173 1215 5242 quolibet
1246 5182 1506 5240 tempore,
1538 5168 1906 5237 temporisque
1934 5170 2067 5219 arti-

2176 5165 2322 5216 ἑστιν
2350 5162 2408 5213 ἐν
2455 5157 2616 5213 παντί
2645 5173 2703 5208 τε
2760 5153 2937 5224 καιρῷ
2968 5153 3063 5207 καὶ
3097 5153 3274 5223 χρόνῳ
3320 5146 3551 5219 φθαρτοί
3585 5148 3770 5216 ἐσμεν

495 5266 620 5319 culo
686 5264 1043 5319 vicissitudini
1128 5263 1475 5331 interituique
1529 5260 1819 5315 obnoxiam
1904 5259 2071 5311 vitam

2185 5257 2271 5307 καὶ
2300 5251 2533 5322 τρεπτοί.
2588 5248 2714 5299 ούτ⁹
2762 5243 2853 5300 οὗν
2884 5247 2943 5298 τὸ
2976 5246 3131 5297 Θεῖον
3181 5243 3377 5309 γένοιτ’
3417 5240 3483 5293 ἄν
3516 5256 3656 5291 ποτε
3714 5241 3782 5290 ἐν

497 5356 761 5427 degimus.
793 5353 981 5424 Neque
1008 5369 1137 5424 ergo
1167 5354 1422 5409 divinitas
1454 5351 1930 5421 perturbationum
1970 5351 2072 5403 im-

2183 5346 2510 5416 παρατροπῇ
2543 5342 2636 5411 τῆς
2673 5341 2807 5403 ἰδίας
2843 5338 3209 5407 ἑδραιότητστ,
3246 5336 3477 5397 ἕξωσθὲν
3510 5334 3617 5388 iano
3664 5334 3780 5385 τῶν

567 5513 610 5545 ²⁶
649 5511 799 5569 Ιοίιιι.
833 5528 871 5576 1,
908 5512 991 5566 Η.
1020 5494 1043 5519 θ
1092 5512 1131 5542 ²⁷
1174 5511 1347 5566 Galal.
1389 5526 1458 5571 tv,
1490 5511 1539 5562 ι.
1622 5510 1664 5539 η
1708 5508 1935 5577 Philipp.
1970 5523 2025 5568 ιι,
2064 5508 2113 5557 7.

1658 5510 1664 5537 ⁵
1708 5508 1935 5577 Philipp.
1970 5523 2025 5568 ιι,
2064 5508 2113 5557 7.
2195 5508 2236 5535 ³⁸
2278 5501 2440 5556 ΙΙοΙιι.
2480 5517 2536 5567 ιι,
2576 5500 2657 5553 Η.
2739 5500 2781 5529 ³⁰
2824 5497 3032 5552 Barudt
3091 5512 3168 5557 ιιι,
3206 5495 3255 5547 ὅ.

1584 5648 1757 5701 Varia:
1784 5646 2041 5701 lectiones
2068 5643 2268 5698 corticis
2298 5639 2653 5711 Seguicriani.

574 5793 601 5833 τι
639 5784 737 5855 τὴν
766 5787 868 5855 ἐφ’.
951 5795 971 5824 ι
1011 5783 1262 5854 ὓπαρξιν.
1345 5794 1364 5823 5
1411 5781 1863 5853 ὑπερισχύουσαν.
1953 5785 1965 5821 ¹
2008 5785 2384 5857 παραφθορὰν.
