4044 6332
279 365 452 431 Ὶίιθ

310 487 499 542 παθῶν
519 504 529 515 ·
553 485 672 538 οὒτ’
703 485 771 538 ἂν
800 486 832 554 ή
864 483 1076 554 φθαρτή
1100 501 1158 534 τε
1187 484 1278 534 καὶ
1311 484 1667 554 ἁλλοιουμένη
1699 487 1882 551 φύσις,

310 578 591 631 τουτέστιν
637 577 669 644 ἡ
720 573 1502 643 γεννητή,ιαταπλουτήσειεν
1537 574 1602 625 ἂν
1650 575 1883 643 οὑσιώδη

309 669 410 739 τὴν
438 667 723 738 ἀτρεψίαν,
787 665 894 718 οὐδ’
947 664 1014 716 ἂν
1053 665 1382 732 ὲπαυχὴσειε
1423 667 1541 726 τοῖς
1586 669 1685 734 τῆς
1733 665 1884 728 θείας

313 760 529 828 φύσεως
559 757 802 825 ἀγαθοῖς,
837 758 911 816 ὡς
947 757 1118 818 ἰδίοις,
1149 758 1181 824 ὴ
1225 757 1424 818 κτίσις·
1457 757 1749 809 ἀκούσεται
1777 759 1884 826 γὰρ

314 853 575 920 εὐλόγως·
611 872 628 902 ι
650 852 836 919 Τίγᾶρ
858 849 998 918 ἔχεις
1018 849 1046 900 ὃ
1078 849 1175 900 οὐκ
1199 848 1424 912 ἕλαὸες;
1453 870 1470 898 ι
1508 850 1630 902 Ὅτι
1649 851 1706 903 δέ
1739 853 1886 903 ἐστιν

314 945 582 1015 ἄτρεπτος
607 943 703 1013 μὲν
739 942 830 995 καῖ⁹
853 940 1214 1002 ἀναλλοίωτος
1236 941 1514 1004 παντελῶς
1541 943 1573 1010 ἠ
1595 942 1688 994 τοῦ
1712 943 1884 1010 Λόγου

314 1037 497 1105 φύσις,
534 1033 795 1102 ἁλλοιωτὴ
823 1032 878 1083 δὲ
906 1030 1085 1099 πάντη
1109 1031 1142 1100 ἡ
1171 1031 1390 1101 γενητὴ,
1428 1031 1771 1102 καταθρήσαι
1802 1050 1885 1096 τις

313 1128 379 1181 ἂν
417 1128 509 1180 καὶ
539 1127 660 1179 λίαν
698 1123 955 1187 εὐκόλως,
984 1122 1458 1192 ἀναμελῳδοῦντος
1495 1124 1553 1174 ἐν
1599 1123 1884 1193 Πνεῦματι

315 1218 408 1271 τοῦ
443 1216 709 1288 μακαρίου
736 1214 898 1266 Δαυῖδ
917 1231 931 1244 ⁸
970 1235 986 1262 ι
1009 1215 1074 1265 Οἱ
1098 1212 1322 1283 οὐρανοὶ
1354 1212 1702 1277 ἀπολοῦνται,
1737 1214 1801 1266 σὺ
1830 1214 1886 1266 δὲ

315 1310 593 1379 διαμένεις
615 1327 626 1338 '
658 1311 752 1363 καὶ
781 1313 983 1374 πάντες
1015 1311 1090 1374 ὡς
1137 1313 1356 1382 ἱμάτιον
1390 1312 1883 1382 παλαιωθήσονται,

317 1401 410 1454 καὶ
440 1403 570 1454 ὡσεὶ
626 1403 974 1474 περιϐόλαιον
1009 1404 1202 1470 ἑλίξεις
1239 1405 1460 1467 αὐτοὺς,
1503 1405 1598 1457 καὶ
1648 1404 1881 1473 ἀλλαγήο

319 1509 501 1544 σονται
522 1509 534 1520 ·
568 1494 632 1544 σὺ
663 1495 719 1546 δὲ
757 1497 784 1547 ὁ
816 1496 979 1558 αὐτὸς
1010 1491 1079 1559 εἷ,
1107 1496 1299 1548 καὶτὰ
1326 1496 1418 1567 ἔτη
1454 1513 1547 1549 σου
1580 1497 1680 1549 οὐκ
1710 1497 1886 1549 ἐκλεί-

313 1583 492 1650 ψουσι.
534 1604 552 1636 ι
587 1585 696 1637 Ποῦ
726 1586 1017 1656 τοιγαροῦν
1056 1587 1366 1657 μεμένηκεν
1396 1589 1425 1639 ὁ
1465 1587 1628 1649 αὐτὸς
1658 1587 1739 1639 ἔτι
1768 1589 1796 1640 ὁ
1823 1590 1885 1639 ἐκ

315 1673 449 1726 Θεοῦ
502 1675 696 1741 Λόγος,
746 1675 909 1746 εἴπερ
939 1678 1087 1730 ἐστὶν
1138 1677 1336 1745 ἀληθὲς
1369 1678 1564 1738 εἰπεῖν,
1588 1678 1668 1729 ὅτι
1705 1676 1886 1746 μεθεὶς

313 1767 376 1819 τὸ
401 1768 808 1838 ὲρηρεισμένως
828 1787 886 1821 τε
916 1769 1008 1821 καὶ
1032 1769 1342 1839 ἁκλονήτως
1366 1768 1528 1838 ἔχειν,
1549 1768 1885 1836 καταπεφοί-

313 1875 448 1925 τηκε
491 1860 590 1928 μὲν
614 1861 692 1922 είς
722 1861 858 1929 ὅπερ
883 1861 982 1912 οὐκ
1014 1856 1103 1930 ἦν,
1148 1860 1583 1930 μεταπεποίηται
1607 1859 1662 1912 δὲ
1692 1860 1783 1912 καὶ
1811 1860 1891 1921 εἰς

319 1951 519 2020 σαρκὸς
559 1950 742 2018 φύσιν,
776 1951 866 2002 καὶ
900 1952 977 2010 εἰς
1001 1951 1062 2002 τὸ
1099 1950 1421 2023 φθείρεσθαι
1450 1949 1726 2019 πεφυκός;
1759 1945 1883 2018 τΑρ’

315 2039 407 2096 οὖν
434 2045 552 2112 οὐχὶ
573 2044 736 2114 λῆρός
763 2061 820 2097 τε
860 2044 960 2114 ἤδη
986 2043 1078 2096 καὶ
1112 2044 1276 2113 μανία
1305 2045 1495 2109 ταυτί;
1529 2045 1706 2096 καίτοι
1767 2042 1884 2105 πῶς

315 2132 382 2186 ἂν
405 2133 698 2186 ἐνδοιάσειέ
735 2151 820 2196 τις
854 2152 868 2198 ;

1271 369 1356 423 DE
1397 369 1625 424 RECTA
1668 368 1841 435 FIDE,
1884 369 1974 423 AD
2013 367 2452 424 ’l‘llEUDOSIUM
2499 367 2636 422 IMP.

3419 368 3559 426 M50

1988 485 2236 552 pnlsione
2259 493 2413 536 extra
2439 483 2670 552 propria:
2687 481 3002 538 stabilitatis
3029 481 3232 534 limites
3263 479 3556 549 aliquando

1987 577 2411 640 exturbabitur;
2453 590 2626 642 neque
2660 573 3028 642 corruptibilis
3071 587 3285 625 rursum
3320 582 3373 624 et
3416 573 3556 625 alte-

1989 665 2173 718 rabilis
2205 675 2418 728 natura,
2459 665 2561 718 hoc
2593 674 2680 718 est
2723 673 2932 728 creata,
2975 663 3322 717 essentialem
3361 664 3556 715 immu-

1981 757 2310 811 tabilium
2367 757 2695 824 quandoque
2755 756 3131 824 adipiscetur;
3201 770 3376 821 neque
3451 753 3557 805 ulla

1986 850 2205 904 omnino
2238 862 2490 902 creatura
2520 849 2718 902 divina:
2750 857 2958 901 natura:
2983 846 3146 900 bonis
3195 845 3366 898 veluti
3413 860 3549 911 pm-

1987 942 2120 1011 priis
2176 940 2469 1008 aliquando
2515 939 2906 1002 coronabitur;
2955 939 3140 992 audiet
3197 938 3366 1003 enim,
3412 948 3465 988 et
3509 937 3559 987 id

1987 1031 2200 1101 quidem
2241 1031 2437 1085 merito
2491 1050 2504 1085 :
2564 1049 2582 1081 ‹
2639 1030 2776 1096 Quid
2829 1030 2996 1084 habes
3036 1030 3179 1099 quod
3244 1045 3348 1082 nou
3411 1043 3563 1082 acce-

1988 1121 2202 1191 pisti”?
2229 1140 2247 1172 ι
2276 1121 2428 1187 Quod
2459 1132 2638 1174 autem
2660 1122 2826 1190 ipsius
2843 1120 3003 1175 Verbi
3027 1131 3216 1174 natura
3244 1122 3414 1173 modis
3447 1137 3560 1171 om-

1989 1215 2147 1267 nibus
2170 1215 2242 1268 sit
2269 1214 2646 1277 immutabilis,
2689 1227 2744 1268 et
2789 1213 3128 1268 invariabilis
3157 1254 3170 1276 ,
3213 1213 3392 1266 omnis
3433 1227 3562 1265 vero

1988 1316 2165 1359 creata
2196 1307 2416 1358 omnino
2451 1306 2722 1359 mutabilis
2755 1306 2878 1374 ιο,
2908 1305 2960 1358 id
2993 1320 3058 1358 ex
3101 1305 3285 1357 divino
3339 1303 3559 1366 Davidc,

1987 1397 2223 1450 suaviter
2242 1397 2293 1448 in
2318 1395 2518 1463 Spiritu
2541 1397 2872 1460 modulante,
2895 1395 3041 1448 nullo
3059 1394 3277 1463 negotio
3297 1391 3563 1460 perspici-

1991 1499 2077 1540 tur
2106 1503 2120 1540 :
2156 1504 2174 1536 ι
2204 1486 2360 1548 Coeli,
2389 1489 2537 1540 canit
2564 1487 2631 1551 is,
2655 1487 2932 1553 peribunt,
2955 1495 3007 1539 tu
3028 1497 3207 1538 autem
3236 1496 3558 1552 permanes;

1987 1591 2042 1634 et
2070 1595 2258 1634 omnes
2293 1580 2434 1633 sicut
2463 1581 2843 1633 vestimentum
2875 1585 3220 1632 veterascent
3244 1615 3260 1639 ,
3318 1584 3374 1628 et
3417 1575 3557 1628 sicut

1988 1672 2324 1741 Opertorium
2362 1671 2604 1724 involves
2642 1686 2757 1732 eos,
2791 1670 3220 1724 etmutabuntur
3253 1685 3265 1720 :
3296 1675 3350 1720 tu
3376 1675 3558 1718 autem

1988 1763 2131 1818 idem
2175 1763 2290 1831 ipse
2329 1776 2410 1824 es,
2442 1769 2497 1813 et
2535 1761 2660 1813 anni
2705 1762 2778 1814 tui
2825 1777 2931 1814 non
2957 1759 3294 1814 deﬁcient”.
3338 1758 3443 1808 »Λι
3469 1755 3561 1822 qui

1996 1853 2110 1907 ﬁeri
2144 1861 2342 1922 potest,
2371 1863 2428 1905 ut
2461 1852 2551 1905 Dei
2582 1851 2815 1906 Verbum
2850 1853 2989 1906 idem
3016 1865 3240 1920 prorsus
3270 1845 3556 1906 manserit,

1994 1947 2037 1999 si
2062 1961 2185 1998 vere
2209 1943 2474 1999 asseritur
2497 1943 2795 1997 stabilitate
2817 1943 3374 2008 itnu’mtabilitateque
3399 1954 3562 2006 quam

1998 2039 2250 2102 habebat,
2290 2036 2502 2099 relicta,
2552 2037 2601 2089 in
2636 2037 2765 2090 illud
2823 2035 3130 2096 transiisse,
3181 2033 3321 2101 quod
3374 2041 3566 2097 suapte

2002 2141 2192 2183 natura
2234 2145 2338 2184 non
2371 2141 2530 2192 erat,
2579 2138 3111 2195 transmutatnmque
3152 2140 3271 2180 esse
3300 2127 3352 2176 iu
3404 2131 3562 2176 natu-

321 2240 458 2290 ram,
495 2225 597 2278 hoc
627 2236 732 2289 est,
784 2227 834 2279 in
902 2228 953 2279 id
1014 2227 1156 2296 quod
1200 2227 1473 2294 corrumpi
1526 2235 1708 2280 natum
1753 2235 1858 2278 est.
1923 2223 2140 2284 Annon,
2200 2223 2452 2284 obsecro,
2526 2221 2713 2275 istlnec
2756 2235 2903 2273 mera
2936 2229 3063 2272 sunt
3093 2218 3328 2274 deliria?
3355 2229 3563 2279 annon,

319 2327 504 2387 aperte
553 2329 680 2372 sunt
734 2319 1002 2372 insaniae?
1062 2322 1202 2373 Sunt
1252 2324 1502 2389 equidem
1535 2321 1667 2372 citra
1718 2319 1879 2371 ullam
1923 2313 2639 2386 prorsuscontroversiam.

392 2413 493 2463 lA'.
539 2412 678 2481 Ὦρα
710 2412 819 2481 γὰρ
851 2412 1024 2464 εἰπεῖν
1051 2415 1171 2476 ταῖς
1203 2413 1427 2466 ἐκείνων
1456 2411 1717 2481 ἀμαθίαις
1747 2411 1892 2463 ἀντι-

320 2503 593 2564 τείνοντας
642 2502 1038 2572 ἁμαθέστερον,
1087 2503 1162 2565 ὡς
1197 2505 1344 2555 ἔστιν
1387 2505 1488 2555 οὐκ
1525 2502 1750 2564 ἀπεικὸς
1797 2501 1890 2553 καὶ

321 2593 420 2657 τὴν
471 2593 572 2643 οὐκ
607 2591 714 2643 ἀπὸ
743 2591 849 2660 γῆς
896 2592 1073 2662 σάρκα
1118 2592 1252 2662 πρὸς
1280 2601 1307 2628 ιι
1349 2594 1448 2661 τὴν
1491 2593 1588 2657 τῆς
1637 2591 1891 2661 θεότητος

323 2681 485 2748 φύσιν
528 2681 825 2751 ἀναφοιτᾷν
877 2680 1136 2734 δύνασθαί
1169 2698 1318 2744 ποτε,
1355 2681 1450 2733 καὶ
1483 2681 1581 2750 τῆς
1633 2679 1890 2732 ἀνωτάτω

327 2773 516 2825 πασῶν
545 2773 732 2833 οὐσίας
775 2771 1024 2839 γενέσθαι
1071 2773 1346 2825 σύστασιν.
1391 2773 1450 2824 Εἰ
1495 2772 1601 2841 γὰρ
1634 2770 1774 2840 αὐτὴ
1800 2771 1897 2839 τῆς

325 2862 579 2930 θεότητος
612 2863 792 2930 φύσις,
822 2863 965 2915 κατά
997 2880 1058 2929 γε
1104 2863 1200 2933 τὴν
1247 2864 1471 2916 ἐκείνων
1504 2862 1900 2932 ἐμϐροντησίαν

325 2955 403 3017 εἰς
430 2954 531 3022 τὴν
559 2955 655 3024 τῆς
693 2955 894 3024 σαρκὸς
929 2955 1214 3024 μετακεχώ
1239 2973 1370 3025 ρηκε
1398 2954 1580 3021 φύσιν,
1620 2955 1792 3017 οὐδὲν,
1826 2955 1901 3016 ὡς

326 3046 496 3109 ἔοικε,
533 3046 594 3098 τὸ
643 3048 905 3118 ἀπεῖργον
941 3047 1043 3111 ἔτι,
1069 3047 1167 3117 τὴν
1195 3047 1294 3116 μὲν
1344 3047 1493 3099 κάτω
1526 3063 1584 3098 τε
1625 3047 1719 3098 καὶ
1763 3045 1901 3098 ἰδίαν

2066 2408 2156 2461 XI.
2194 2407 2406 2474 Alioqui
2439 2415 2608 2459 restat
2641 2414 2698 2456 ut
2729 2403 2996 2464 dicamus,
3032 2403 3246 2456 illorum
3276 2398 3564 2456 stoliditati

1990 2501 2239 2556 stolidius
2272 2499 2554 2569 quidpiam
2586 2507 2944 2566 Opponentes,
2978 2497 3270 2549 absurdum
3301 2511 3404 2569 non
3435 2511 3555 2549 esse

1995 2603 2052 2646 ut
2081 2603 2292 2646 terrena
2321 2591 2486 2644 etiam
2518 2605 2647 2642 caro
2688 2589 2859 2655 possit
2883 2589 2934 2640 in
2963 2587 3266 2641 divinitatis
3307 2561 3555 2638 naiura‘u

1995 2683 2286 2751 aliquando
2332 2679 2618 2740 converti,
2667 2677 2894 2746 lierique
2951 2675 3254 2731 substantia
3317 2676 3563 2729 omnium

1993 2789 2243 2841 suprema
2276 2771 2374 2842 (li.
2406 2770 2537 2823 Nam
2570 2771 2616 2824 si
2647 2770 2829 2822 divina
2857 2769 2971 2836 ipsa
3005 2779 3220 2831 natura,
3249 2766 3403 2829 juxta
3448 2776 3566 2820 stu-

1996 2865 2178 2932 pidum
2217 2863 2433 2917 illorum
2456 2875 2700 2923 sensum,
2735 2861 2954 2913 transiit
2988 2860 3036 2911 iu
3068 2861 3253 2913 carnis
3291 2868 3564 2919 naturam,

1998 2955 2130 3010 nihil
2153 2955 2374 3010 obstare
2405 2954 2640 3014 videtur,
2665 2952 2954 3020 quominus
2981 2967 3129 3014 caro,
3180 2948 3490 3002 inferiorem
3518 2959 3572 3001 et

1997 3045 2276 3115 prepriam
2331 3042 2725 3096 trausccudens
2789 3049 3085 3105 naturam,
3156 3038 3573 3091 transformetur

326 3139 487 3207 φύσιν
545 3139 956 3208 ὑπερπέτασθαι
1013 3139 1110 3207 τὴν
1170 3139 1369 3208 σάρκα,
1425 3136 1897 3207 μεταπλὰττεσθαι

2001 3136 2167 3190 etiam
2220 3137 2272 3188 in
2332 3134 2588 3188 deitatem
2631 3141 2687 3185 et
2724 3147 2991 3185 summam
3046 3131 3358 3184 essentiam.
3405 3128 3566 3196 Atqui

322 3231 378 3282 δὲ
423 3231 516 3282 καὶ
568 3230 701 3300 πρὸς
757 3230 1028 3299 θεότητα,
1089 3231 1183 3282 καὶ
1224 3232 1304 3292 είς
1351 3229 1538 3281 οὐσίαν
1594 3227 1692 3298 τὴν
1754 3229 1896 3280 ἀνω-

324 3321 488 3375 τάτω.
541 3320 679 3372 ’Λλϊ
729 3321 789 3372 οὐ
845 3323 965 3382 ταῖς

328 3411 510 3475 πειθὲς
572 3411 946 3481 χαριούμεθα,
1014 3411 1256 3481 ἑψόμεθα
1301 3420 1326 3447 ν
1376 3411 1434 3463 δὲ

1041 3320 1262 3372 ἐκείνων
1313 3317 1626 3380 ἁσυνεσίαις
1696 3316 1758 3369 τὺ
1807 3317 1896 3368 εὐ-

1509 3410 1710 3480 μᾶλλον
1777 3412 1895 3473 ταῖς

327 3504 496 3566 θείαις
521 3505 783 3574 λ’ραφαίς,
821 3505 918 3556 καὶ
953 3505 1236 3575 Προφήτου
1271 3505 1368 3574 μὲν
1406 3505 1653 3572 λέγοντος
1677 3522 1689 3534 ·
1726 3524 1743 3554 ι
1767 3503 1895 3557 Ἰδοὺ

327 3599 362 3669 ἡ
396 3596 661 3667 παρθένος
706 3599 764 3648 εν
813 3597 1012 3665 γαστρὶ
1060 3597 1191 3663 ἕξει,
1235 3599 1330 3649 καὶ
1362 3597 1574 3664 τέξεται
1623 3598 1758 3661 υἱὸν,
1804 3598 1898 3649 καὶ

330 3690 620 3744 καλέσουσι
670 3689 730 3741 τὸ
783 3689 950 3758 ὄνομα
990 3689 1152 3742 αὑτοῦ
1216 3690 1589 3760 Ἐμμανουήλο
1645 3709 1664 3740 ι
1726 3708 1896 3744 κατα-

330 3781 720 3851 σφραγίζοντος
753 3781 809 3834 δὲ
847 3781 945 3850 τὴν
979 3781 1439 3851 προαναφώνησιν
1483 3781 1574 3834 τοῦ
1625 3783 1894 3854 μακαρίου

332 3873 588 3944 Γαϐριὴλ,
617 3873 710 3925 καὶ
730 3872 828 3942 τὴν
855 3873 1060 3926 ἄνωθεν
1092 3873 1272 3942 ψῆφον
1300 3877 1363 3941 τῇ
1402 3872 1658 3944 παρθένῳ
1680 3874 1898 3944 διερμη-

331 3965 606 4029 νεύοντος’
643 3985 660 4016 ι
689 3965 779 4035 Μὴ
821 3965 986 4033 φοϐοῦ
1024 3965 1149 4034 γὰρ,
1179 3965 1307 4033 ἔφη,
1351 3965 1586 4035 Μαριάμ
1607 3983 1621 3996 ·
1652 3967 1734 4019 ὅτι
1787 3968 1898 4020 ἰδοὺ

333 4057 576 4128 συλλήψῃ
611 4059 668 4108 ὲν
697 4058 914 4128 γαστρὶ,
953 4057 1046 4110 καὶ
1078 4058 1208 4128 τέξῃ
1240 4057 1376 4119 υἱὸν,
1417 4059 1510 4109 καὶ⁵
1561 4059 1811 4122 καλέσεις
1839 4061 1899 4113 τὸ

329 4149 498 4218 ὄνομα
549 4149 722 4201 αὐτοῦ
764 4149 994 4217 Ἰησοῦν.
1036 4169 1054 4202 ι
1101 4151 1196 4202 Ἐκ
1247 4151 1506 4217 γυναικὸς
1550 4147 1644 4204 οὖν
1682 4152 1898 4222 ἀληθῶς

332 4241 689 4309 γεγεννῆσθαι
743 4241 1073 4311 πιστεύομεν
1132 4242 1221 4294 τὸν
1274 4243 1643 4314 Ἐμμανουὴλ,
1698 4246 1790 4297 καὶ
1839 4245 1902 4296 τὸ

333 4333 584 4402 λαμπρόν
612 4351 672 4386 τε
701 4334 793 4386 καὶ
827 4334 1157 4401 ἀξιὰγαστον
1197 4336 1296 4404 τῆς
1335 4336 1545 4388 ἑαυτῶν
1575 4337 1792 4405 φύσεως
1838 4337 1899 4389 οὐ

333 4426 638 4495 διωσόμεθα
695 4427 990 4498 καύχημα,
1030 4429 1352 4498 φρονοῦντες
1391 4429 1586 4498 ὀρθῶς.
1644 4431 1901 4501 Ἐπεδρά-

338 4515 466 4580 ξατο
495 4529 517 4556 ι
550 4517 657 4586 γὰρ
681 4517 710 4568 ὁ
743 4517 1051 4587 Μονογενὴς
1097 4518 1219 4586 οὐχὶ
1254 4518 1352 4586 τῆς
1400 4519 1535 4581 ἰδίας
1563 4519 1779 4588 φύσεως
1807 4516 1900 4591 (ἦν

334 4603 442 4672 γὰρ
475 4604 540 4657 ἂν
568 4605 721 4658 οὐδέν
746 4623 801 4658 τι
829 4605 1029 4675 μᾶλλον
1056 4607 1124 4660 τὰ
1145 4607 1266 4658 καθ’
1305 4607 1453 4677 ἡμᾶς
1482 4609 1541 4660 ἐν
1570 4609 1900 4678 ἀμείνοσιν),

332 4695 446 4747 ἀλλ’
462 4697 581 4749 οὐδὲ
603 4698 701 4767 τῆς
727 4699 999 4767 ἀγγέλωψ
1020 4698 1175 4765 ἀλλὰ,
1203 4720 1219 4750 ε
1255 4700 1572 4769 σπέρματος
1596 4701 1900 4772 Ἀϐραὰμ.»

334 4789 478 4842 καθὰ
523 4789 852 4860 γέγραπται.
879 4787 987 4843 Ἦν
1033 4791 1143 4859 γὰρ
1192 4792 1362 4854 οὕτω,
1399 4794 1494 4845 καὶ
1535 4792 1632 4861 οὐχ
1675 4793 1902 4864 ἑτέρως,

333 4881 391 4932 τὸ
423 4880 772 4950 διολισθῆσαν
801 4882 882 4944 είς
914 4882 1121 4951 φθορὰν
1159 4881 1547 4936 ἀνασώσασθαι
1579 4883 1756 4944 γένος.

406 5059 502 5111 lli’.
546 5060 609 5110 Τί
655 5060 744 5124 δέ;
778 5060 900 5129 οὐχὶ
942 5061 1160 5113 κάκεῖνο
1206 5060 1342 5131 πρὸς
1385 5062 1565 5114 τοῖσδε
1625 5061 1902 5114 καταθαυ-

338 5150 533 5218 μάζειν
566 5151 746 5214 ἄξιον;
787 5152 1068 5222 μονονουχὶ
1097 5152 1205 5224 γὰρ
1249 5154 1343 5206 καὶ
1383 5154 1444 5206 τὸ
1472 5153 1745 5225 ἐρρῶσθαι
1776 5153 1909 5222 φοόι-

407 5306 446 5334 “
489 5308 502 5358 Ι
540 5308 662 5357 tlnr.
703 5323 772 5366 I\',
803 5307 848 5359 7.
933 5307 974 5337 ³²
1016 5306 1152 5360 l‘sal.
1188 5324 1260 5372 Cl,
1299 5307 1499 5370 l7,13.

1576 5306 1621 5338 ³³
1663 5307 1763 5362 lsa.
1822 5323 1917 5374 vn,
1953 5308 2035 5362 ll.

2001 3244 2106 3282 non
2145 3228 2216 3280 ita
2256 3225 2573 3293 desipimus,
2620 3229 2720 3277 nec
2769 3233 2912 3276 tanta
2970 3222 3202 3275 levitate.
3241 3234 3452 3281 sumus,
3488 3229 3567 3280 ut,

2001 3318 2330 3389 posthabitis
2362 3327 2567 3370 saneta:
2597 3316 2898 3384 Scriptum:
2934 3314 3152 3373 litteris,
3193 3313 3396 3364 insanae
3450 3310 3571 3362 illo—

2005 3428 2120 3465 rum
2175 3408 2464 3488 sqptentia:
2517 3419 2627 3461 tarn
2703 3406 2895 3461 leviter
2956 3405 3401 3464 subscribamus,
3453 3419 3574 3455 cum

2001 3502 2261 3571 propheta
2307 3500 2509 3554 diserte
2563 3497 2748 3551 dicat:
2789 3517 2806 3546 ‹
2852 3496 2990 3550 Ecce
3039 3495 3188 3563 virgo
3217 3493 3484 3559 concipiet
3523 3500 3578 3543 et

2001 3593 2172 3662 pariet
2229 3590 2430 3656 lilium,
2477 3600 2533 3644 et
2583 3589 2865 3643 voeabitur
2921 3602 3114 3640 nomen
3183 3586 3301 3652 ejus
3355 3584 3574 3637 Emma-

2001 3685 2124 3740 nuel
2152 3685 2227 3751 3’;
2253 3703 2272 3736 ι
2315 3684 2613 3750 beatusque
2656 3680 2868 3732 Domini
2905 3679 3133 3746 angelus
3173 3674 3418 3738 Gabriel,
3448 3689 3575 3742 pro-

2000 3779 2174 3845 pheta:
2207 3774 2488 3830 oraculum
2535 3772 2874 3828 continuatis
2923 3769 3256 3835 cwlesteque
3298 3769 3576 3819 decretum

2005 3867 2203 3936 Virgini
2225 3881 2522 3936 exponens,
2551 3865 2623 3918 ita
2651 3862 2905 3930 praedicet
2935 3876 2949 3913 :
2980 3879 2997 3909 ι
3022 3859 3098 3912 Ne
3129 3860 3341 3920 timeas,
3373 3855 3536 3907 Maria
3561 3871 3573 3906 :

2001 3975 2125 4015 ecce
2156 3960 2429 4024 concipies
2455 3959 2506 4012 in
2530 3966 2704 4019 utero,
2730 3963 2785 4008 et
2806 3954 2984 4022 paries
3020 3952 3208 4012 tilium,
3265 3959 3319 4002 et
3349 3947 3575 4002 vocabis

2003 4067 2193 4105 nomen
2229 4049 2345 4118 ejus
2387 4049 2569 4103 Jesuin
2598 4047 2664 4099 ³⁵.
2714 4063 2733 4095 ι
2774 4042 3180 4098 Etnmauuelem
3219 4039 3446 4108 proinde
3504 4053 3569 4089 ex

2003 4143 2227 4196 muliere
2252 4156 2377 4196 vere
2435 4151 2621 4192 natum
2656 4146 2822 4202 icerto
2860 4135 3175 4197 credimus;
3227 4147 3400 4201 neque
3448 4131 3574 4182 illu-

2002 4244 2168 4288 stretn
2201 4232 2368 4294 illam,
2414 4244 2737 4298 summaque
2783 4226 3145 4280 admiratione
3179 4225 3395 4292 dignam
3424 4231 3579 4273 natu-

2005 4341 2078 4380 ra:
2099 4333 2296 4378 nostra:
2316 4323 2564 4394 gloriam,
2595 4321 2640 4375 si
2666 4328 2814 4374 certe
2839 4317 3101 4386 sapimus,
3126 4313 3538 4383 aspernabimur
3562 4329 3576 4376 ;

2005 4417 2244 4485 suscepit
2283 4431 2515 4483 namque
2555 4413 2886 4483 Unigenitus
2940 4426 3046 4464 non
3091 4409 3363 4477 propriam
3419 4412 3578 4457 natuo

2005 4525 2119 4564 ram
2160 4510 2286 4579 (hac
2333 4509 2477 4560 enim
2518 4506 2727 4560 ratione
2764 4504 2896 4558 nihil
2947 4501 3196 4556 utilitatis
3238 4510 3442 4552 natura:
3484 4512 3580 4550 uo-

2001 4612 2128 4658 strre
2159 4600 2524 4670 accessisset),
2550 4600 2642 4654 sed
2674 4613 2849 4666 neque
2875 4595 3172 4665 angelicam
3201 4605 3416 4661 quoque
3458 4603 3576 4642 sus-

2005 4696 2185 4765 cepit;
2231 4709 2440 4754 verum,
2471 4703 2528 4746 ut
2563 4691 2829 4762 scriptum
2877 4698 2997 4752 est,
3027 4706 3045 4738 ε
3108 4685 3337 4738 Abrahae
3394 4695 3580 4734 semen

2008 4787 2366 4856 apprehendit
2398 4786 2466 4838 ³⁵.
2503 4803 2520 4834 ι
2565 4783 2680 4837 lloc
2712 4781 2880 4841 enim,
2911 4795 3014 4832 non
3040 4777 3148 4830 alio
3184 4776 3341 4828 nmdo
3387 4773 3577 4824 lunua-

2010 4896 2135 4934 num
2173 4895 2345 4948 genus
2377 4879 2428 4932 in
2465 4875 2747 4930 interitum
2794 4872 3104 4943 prolapsum
3143 4866 3432 4921 instaurari
3481 4880 3580 4930 po-

2010 4979 2170 5024 terat.

2073 5063 2187 5117 XII.
2222 5062 2362 5129 Quid
2393 5062 2614 5115 autem?
2663 5060 2856 5112 Annon
2895 5072 3128 5118 surnma,
3160 5067 3365 5120 qua-so,
3403 5048 3577 5102 admi-

2009 5155 2218 5210 ratione
2247 5155 2467 5224 dignum
2501 5163 2605 5216 est,
2653 5150 2942 5219 quosdam,
2975 5149 3102 5201 dum
3143 5154 3375 5198 mentem
3429 5156 3580 5194 suam

2117 5309 2160 5339 ³’⁶
2203 5306 2332 5362 Luc.
2365 5322 2402 5374 l,
2433 5307 2521 5361 50.
2603 5307 2642 5337 ⁸⁵
2689 5305 2850 5360 Hebr.
2887 5320 2944 5366 II,
2990 5301 3068 5355 li}.

1419 5459 1587 5514 Variae
1610 5461 1860 5515 lectiones
1894 5462 2094 5516 codicis
2122 5461 2477 5530 chuieriani.
3046 5500 3069 5526 ,

442 5606 464 5630 "
504 5600 598 5658 εἰς.
680 5605 701 5628 "
733 5595 1185 5665 προσκεισόμεθα.
1268 5611 1289 5635 ι
1333 5595 1644 5648 ὲπ;).ἀεετο.

411 5749 483 5814 tl)
519 5750 575 5800 Al
626 5760 670 5802 et
709 5765 962 5817 suprema:
993 5752 1224 5802 omnium
1250 5750 1558 5805 substantia:
1591 5748 1887 5819 subjectum
1929 5765 2034 5804 ειυς
2065 5751 2249 5817 possit.
