4044 6332
523 357 657 411 1151
1518 352 1579 407 S.
1618 352 1894 409 ογιιιιιι
1934 352 2402 409 ALEXANDRINI
2441 354 2761 411 ARCIIIEP.
3660 356 3840 412 “5‘2

520 489 773 529 errorum
803 471 1088 537 spiritibus
1123 470 1560 534 aecoumnnlant,
1600 470 1907 540 divinaque
1947 470 2097 526 Seri-

2215 486 2399 533 παντες
2427 472 2494 540 τῇ
2520 468 2866 537 θεοπνεύστῳ
2902 469 3113 538 Γραφῇ,
3149 468 3243 521 καὶ
3270 467 3543 539 πνεύματι
3580 469 3834 539 πλάνης

521 578 692 635 plura:
731 565 829 632 ιι
859 573 1065 618 tantum
1102 578 1205 617 non
1236 563 1483 616 nuntium
1511 564 1753 626 mittunt,
1791 565 1841 616 in
1867 578 1986 617 eam
2025 574 2100 617 te-

2215 563 2301 615 τὸν
2336 563 2536 615 οἰκεῖόν
2579 579 2724 623 τινες
2754 561 3120 630 ἀπονέμοντες
3162 558 3308 625 νοῦν,
3337 562 3417 623 εἰς
3454 559 3611 613 τοῦτο
3662 563 3831 614 καθ-

522 657 868 719 meritatem,
934 654 1301 723 puerilemque
1339 655 1621 708 stultitiam
1674 655 1995 721 devenisse,
2046 667 2105 711 ut

2215 654 2389 706 ίκοντο
2412 652 2754 716 δυσϐουλίας,
2788 653 2881 704 καὶ
2915 650 3309 722 μειρακιώδους
3337 650 3696 721 ἀδελτηρίας,
3726 654 3829 716 ὡς

524 746 848 801 saeculorum
880 746 1131 813 epilieem
1189 745 1354 799 Deum
1391 744 1629 799 Verbum
1659 786 1674 811 ,
1713 748 1821 801 Deo
1854 756 1907 801 et
1953 747 2102 803 Patri

521 849 879 897 emeternum.
916 852 1011 904 per
1031 837 1217 891 carnis
1242 851 1297 890 οι
1314 837 1513 905 igiuem
1542 838 1774 906 primmn
1800 840 2101 894 exsistendi

524 930 739 981 initium
792 929 1047 997 adeptum
1097 943 1219 982 esse
1269 930 1646 996 arbitrentur;
1685 929 1948 1001 illumque
1987 931 2101 1000 jam

523 1036 665 1074 nmte
697 1022 913 1074 demum
953 1031 1141 1073 natum
1195 1020 1585 1089 imaginentur,
1631 1022 1721 1092 qui
1764 1038 1925 1077 omne
1969 1033 2105 1078 tem-

523 1125 623 1177 pus
670 1120 726 1163 et
754 1126 928 1162 aevum
964 1110 1261 1171 antecedit,
1304 1119 1357 1163 ut
1411 1109 1551 1163 Deus
1583 1112 1670 1166 vix
1723 1114 1941 1167 tandem
1995 1114 2102 1167 aIi-

520 1201 764 1269 quando,
799 1213 993 1267 nempe
1033 1199 1295 1253 extremis
1332 1200 1482 1254 hisce
1525 1202 1923 1258 incarnationis
1963 1213 2102 1257 tem-

524 1290 751 1359 poribus
785 1289 960 1345 l'actus
989 1292 1061 1345 sit
1099 1290 1292 1357 Pater;
1348 1302 1400 1345 et
1451 1293 1518 1358 is,
1566 1308 1663 1363 per
1705 1311 1863 1365 quem
1896 1299 2101 1362 omnia,

523 1392 577 1436 et
607 1383 658 1435 in
693 1398 801 1451 quo
831 1383 1035 1445 onmia,
1062 1391 1242 1436 sumat
1270 1385 1568 1439 exsistendi
1600 1386 1810 1440 initium
1844 1404 1950 1442 una
1981 1405 2103 1443 cum

525 1471 752 1541 templo,
814 1472 958 1539 quod
992 1472 1162 1526 edidit
1194 1470 1401 1542 Virgo?
1431 1475 1621 1527 Annon
1651 1475 1815 1544 igitur
1844 1478 1909 1529 ad
1959 1493 2105 1531 sum-

528 1578 672 1615 mum
707 1562 976 1617 malorum
1018 1562 1298 1630 fastigium
1332 1577 1745 1632 pervenerunt,
1779 1567 1869 1635 qui
1908 1569 2106 1623 mentis

526 1662 748 1723 stupore
779 1655 1021 1723 oppressi
1050 1693 1065 1719 ,
1101 1653 1296 1709 fabulae
1327 1656 1464 1709 adeo
1499 1656 1721 1710 animali
1757 1668 1813 1711 et
1842 1674 2101 1713 exsecra—

527 1746 620 1800 bili
670 1756 776 1801 tam
817 1756 1070 1817 prompto
1107 1748 1292 1801 animo
1335 1747 1644 1803 inhaerent?
1678 1767 1699 1800 ι
1741 1750 1883 1805 Vere
1918 1752 2105 1820 sepul-

2209 743 2417 797 οἴεσθαι
2452 744 2581 804 δεῖν,
2612 744 2703 796 τὸν
2746 743 2855 795 τῶν
2888 740 3101 795 αἰώνων
3146 742 3497 814 δημιουργὸν,
3532 742 3625 795 τὸν
3674 762 3827 797 συν-

2209 835 2380 887 αἲδιον
2411 834 2489 905 τῷ
2531 834 2653 903 Θεῴ
2683 834 2776 887 καὶ
2820 832 2997 901 Πατρὶ
3025 833 3159 885 Θεὸν
3198 833 3391 902 Λόγον,
3421 837 3486 905 τῇ
3514 835 3615 904 τῆς
3656 853 3827 907 σαρ-

2211 927 2306 990 κὸς
2335 927 2547 995 γενέσει
2578 924 3163 997 συμπαρομαρτοῦσαν
3203 925 3347 995 ἔχειν
3373 928 3472 997 τῆς
3501 928 3827 999 ὑπάρξεως

2209 1019 2310 1089 τὴν
2344 1018 2542 1088 ἀρχὴν,
2586 1019 2684 1071 καὶ
2734 1018 2961 1087 ὀψιγενῆ
2995 1017 3361 1086 φαντάζεσθαι
3393 1020 3483 1071 τὸν
3530 1020 3827 1072 ἐπέκεινα

2214 1112 2415 1173 παντὸς
2440 1110 2639 1173 αἰῶνος
2673 1110 2770 1162 καὶ¹
2800 1109 2997 1179 χρόνον
3016 1128 3029 1139 -
3048 1109 3125 1172 ὼς
3154 1109 3213 1160 ἐν
3236 1109 3489 1179 ἐσχάτοις
3518 1113 3610 1164 καὶ
3640 1112 3830 1181 μόλις

2211 1201 2435 1270 τοτςτῆς
2454 1200 2917 1270 ἐνανθρωπήσεως
2939 1202 3174 1271 καιροῖς,
3196 1201 3528 1271 Πατέραμέν
3539 1203 3827 1270 γενέσθαι

2211 1291 2303 1344 τὸν
2329 1292 2492 1345 Θεόν·
2528 1290 2906 1344 συνεισϐαλεῖν
2936 1290 2995 1344 δὲ
3024 1289 3214 1361 ὥσπερ
3241 1292 3321 1354 είς
3342 1292 3403 1344 τὸ
3427 1287 3568 1346 εἷναί
3600 1291 3679 1345 τέ
3708 1294 3829 1346 καὶ

2214 1380 2513 1449 ὑφεστάναι
2558 1380 2637 1450 τῷ
2679 1383 2743 1434 ἐκ
2791 1381 2892 1449 τῆς
2937 1380 3213 1451 Παρθένου
3241 1380 3377 1447 ναῷ,
3416 1382 3507 1437 τὸν
3534 1383 3600 1435 δι’
3630 1378 3700 1436 οὗ
3730 1386 3821 1438 τᾶ

2213 1472 2416 1536 πάντα,
2442 1473 2537 1526 καὶ
2570 1472 2627 1525 ἐν
2650 1464 2695 1539 ᾧ
2717 1471 2786 1525 τὰ
2807 1472 3007 1525 πάντα.
3033 1466 3159 1541 Ἆρ’
3192 1466 3285 1524 οὖν
3317 1472 3439 1541 οὑχὶ
3469 1474 3603 1544 πρὸς
3637 1474 3824 1544 λῆξιν

2214 1562 2313 1633 ἤδη
2340 1562 2439 1633 τὴν
2471 1562 2739 1615 ἀνωτάτω
2760 1561 3112 1632 διεληλάκασι
3160 1560 3269 1616 τῶν
3300 1562 3508 1625 κακῶν,
3536 1564 3585 1615 οἱ
3620 1564 3823 1634 μῦθον

2214 1653 2357 1707 οὔτω
2391 1654 2612 1725 γραώδη
2646 1654 2741 1706 καὶ
2779 1653 3035 1723 βδελυρὸν
3078 1653 3479 1724 προχειρότατα
3505 1656 3815 1727 προσηκά-

2219 1762 2391 1814 μενοι,
2412 1745 2508 1797 καὶ
2544 1746 2645 1816 τῆς
2672 1746 2915 1817 ἀκράτου
2944 1744 3175 1807 νωθείας
3209 1746 3299 1798 τὸν
3323 1746 3522 1798 οἰκεῖον
3547 1747 3817 1818 ἀναπλη-

526 1855 680 1892 erutn
718 1848 912 1909 patens
944 1847 1028 1893 est
1056 1848 1243 1909 guttur
1270 1854 1498 1905 eorum;
1532 1851 1587 1896 et
1623 1842 1821 1913 linguis
1859 1845 1973 1898 suis
2009 1845 2107 1901 do-

2215 1834 2487 1905 ρώσαντες
2526 1835 2683 1901 νοῦν;
2724 1854 2743 1887 ι
2778 1836 2961 1904 Τάφος
3007 1834 3221 1904 ἀληθῶς
3255 1835 3605 1906 ἀνεῳγμένος
3630 1839 3663 1889 ό
3696 1838 3815 1892 λά·-

530 1930 644 1984 lose
669 1941 834 1999 agunt
862 1955 873 1985 :
907 1945 1173 1985 venenum
1211 1932 1459 2001 aspidum
1487 1934 1587 1987 sub
1616 1934 1775 1989 labiis
1803 1949 1990 1989 eorum
2013 1953 2028 2002 ;
2049 1952 2110 1991 os

528 2034 716 2073 eorum
754 2019 1140 2075 maledictione
1168 2028 1223 2074 et
1245 2021 1610 2077 amaritudine
1634 2024 1848 2092 plenum
1878 2037 1962 2081 est
1984 2028 2049 2079 ³⁸.
2085 2048 2105 2079 ι

530 2109 681 2163 Illum
718 2128 986 2181 namque,
1025 2128 1124 2182 per
1158 2129 1319 2182 quem
1373 2115 1679 2170 subsistunt
1726 2120 1930 2185 omnia,
1984 2131 2110 2175 ante

528 2204 709 2256 omnia
738 2203 1015 2259 exstitisse
1065 2207 1378 2260 necessario
1411 2208 1820 2275 intelligendum
1865 2223 1968 2265 est.
2002 2211 2109 2267 Sed

531 2294 662 2363 quid
716 2304 972 2363 agerent,
1008 2312 1130 2350 cum
1178 2296 1421 2353 Joannes
1456 2300 1703 2355 scribat:
1740 2318 1758 2351 ι
1812 2302 1869 2354 lu
1905 2304 2107 2371 princi-

533 2386 621 2452 pio
660 2396 779 2440 erat
822 2386 1080 2455 Verbum,
1110 2398 1164 2443 et
1198 2388 1433 2444 Verbum
1468 2402 1587 2445 erat
1625 2394 1766 2459 apud
1801 2392 2011 2461 Deum;
2056 2403 2111 2449 et.

538 2478 829 2553 Deus.erat
884 2480 1161 2537 Verbum:
1218 2483 1320 2537 hoc
1371 2492 1491 2537 erat
1549 2484 1602 2538 in
1652 2485 1918 2555 principio
1968 2488 2109 2557 apud

534 2568 744 2625 Deum?
778 2570 969 2627 Omnia
1007 2590 1102 2643 per
1138 2576 1311 2642 ipsum
1352 2574 1496 2629 facta
1547 2586 1695 2637 sunt,
1735 2586 1790 2631 et
1823 2579 1943 2633 sine
1990 2580 2110 2650 ipso

534 2664 736 2717 factum
771 2674 855 2719 est
888 2680 1061 2734 neque
1094 2682 1287 2730 unum,
1324 2668 1469 2736 quod
1508 2667 1708 2721 factum
1758 2678 1843 2723 est
1870 2670 1935 2723 ³⁷.
1974 2688 1993 2723 ι
2046 2671 2114 2725 Et

530 2756 640 2808 alio
671 2772 885 2812 rursum
916 2756 1075 2812 loco:
1118 2775 1136 2808 ι
1176 2758 1328 2823 Quod
1378 2758 1477 2812 fuit
1510 2758 1577 2811 ab
1607 2760 1783 2827 initio,
1822 2762 1964 2830 quod
2015 2775 2112 2814 au-

530 2848 791 2913 divimus,
841 2851 983 2918 quod
1017 2851 1250 2903 vidimus
1284 2851 1462 2906 oculis
1522 2855 1748 2917 nostris,
1792 2853 1934 2923 quod
1983 2870 2111 2925 per-

532 2940 847 3006 speximus,
903 2950 957 2996 et
1011 2958 1205 2998 manus
1260 2955 1463 2998 nostra:
1516 2953 2000 3001 contrectaverunt
2047 2947 2112 3003 de

535 3030 714 3089 Verbo
740 3036 863 3089 vita!
890 3053 904 3090 :
928 3046 981 3089 et
1002 3036 1108 3090 vita
1142 3038 1481 3091 manifestata
1515 3046 1599 3091 est
1624 3055 1641 3104 ;
1670 3048 1725 3091 et
1755 3039 1991 3095 vidimus
2016 3081 2031 3106 ,
2059 3049 2113 3094 et

535 3134 821 3190 teStamur,
855 3138 909 3180 et
944 3130 1331 3183 annuntiamus
1390 3130 1543 3185 vobis
1589 3130 1758 3184 vitam
1822 3133 2107 3193 aeternam,

532 3234 651 3287 qua:
681 3229 801 3271 erat
832 3221 971 3287 apud
1008 3220 1247 3284 Patrem,
1276 3232 1331 3275 et
1351 3203 1604 3290 apparuit
1631 3221 1789 3275 nobis
1818 3222 1884 3275 ³⁸.
1913 3240 1932 3273 ι
1969 3222 2108 3288 Quin

532 3320 589 3365 et
639 3310 755 3379 ipse
788 3328 1003 3382 quoque
1048 3313 1303 3367 Christus
1349 3314 1552 3368 Judaeis
1601 3323 1708 3369 tam
1756 3315 2107 3382 spectabilem

533 3402 850 3457 Substantia'.
873 3419 984 3458 sua:
1015 3405 1395 3471 antiquitatem
1424 3406 1741 3475 neutiquam
1765 3408 1997 3462 ohseure
2018 3407 2103 3461 in-

536 3492 737 3547 sinuat.
773 3495 905 3549 Cum
934 3497 1077 3550 enim
1107 3498 1357 3552 dicerent
1392 3515 1406 3551 :
1452 3514 1471 3549 ι
1506 3496 1904 3567 Quinquaginta
1941 3513 2113 3554 annos

537 3587 773 3639 nondum
807 3587 998 3653 babes,
1030 3598 1085 3643 et
1118 3590 1392 3662 Abraham
1437 3589 1622 3643 vidisti
1650 3590 1741 3643 ’9?
1773 3608 1792 3640 ι
1835 3589 2111 3658 Ejusmodi

536 3693 855 3746 responsum
878 3690 1063 3750 aperte
1088 3681 1325 3735 tulerunt
1352 3698 1365 3711 ·
1401 3699 1421 3732 ι
1452 3681 1645 3742 Amen,
1675 3695 1833 3733 amen
1861 3680 1987 3733 dico
2015 3696 2110 3735 vo-

537 3769 641 3833 bis,
674 3783 965 3840 antequam
1016 3772 1288 3826 Abraham
1339 3773 1516 3840 Iieret,
1554 3789 1653 3841 ego
1689 3789 1808 3828 sum
1832 3771 1899 3829 “.
1936 3792 1955 3824 ι
1990 3772 2112 3827 Jam

535 3879 656 3914 cum
684 3865 910 3916 verbum
944 3864 1075 3918 illud
1116 3864 1513 3931 substantiale,
1554 3874 1705 3929 erat,
1752 3875 1809 3919 et
1843 3882 1981 3930 sum,
2019 3867 2114 3920 ab-

537 3954 714 4010 solute
767 3956 871 4010 hoc
937 3956 1059 4010 loco
1119 3967 1412 4025 ponantur,
1468 3958 1541 4011 ita
1593 3958 1834 4027 quidem,
1880 3967 1938 4012 ut
1982 3958 2113 4012 nihil

536 4062 761 4114 prorsus
796 4047 1064 4101 inferatur
1092 4065 1106 4114 ;
1138 4050 1502 4115 ecquodnam,
1524 4049 1775 4115 obsecro,
1807 4051 2114 4120 generatio-

538 4136 621 4189 nis
654 4137 866 4190 initimn
919 4138 1206 4207 imaginari
1249 4140 1335 4193 hic
1390 4141 1663 4211 quispiam
1715 4144 1957 4212 poterit?
2008 4148 2117 4199 Aut

535 4243 641 4295 qua
687 4232 902 4283 tandem
959 4231 1169 4285 ratione
1219 4233 1336 4286 lieri
1388 4242 1674 4300 potest,ut
1719 4236 1764 4289 is
1807 4237 1896 4306 qui
1951 4253 2112 4306 supra

534 4331 752 4371 omnem
804 4327 1041 4373 mentem
1084 4329 1140 4374 et
1191 4335 1411 4374 sensum
1459 4323 1511 4375 in
1564 4322 1828 4393 principio
1874 4337 2013 4391 erat,
2060 4328 2113 4380 in

537 4417 778 4476 tempore
809 4418 866 4464 ut
917 4411 1266 4473 subsisteret,
1302 4412 1595 4468 inclinatus
1636 4415 1844 4471 fuerit?
1881 4418 2033 4483 Quod
2065 4417 2110 4471 si

2215 1928 2349 1999 ρυγξ
2395 1928 2576 1983 αὐτῶν
2598 1970 2614 1994 ,
2646 1931 2767 1992 ταῖς
2816 1927 3088 1997 γλώσσαις
3121 1927 3299 1982 αὑτῶν
3333 1927 3674 1981 ἐδολιοῦσαν·
3721 1931 3813 1994 Ib;

2210 2018 2454 2072 ἀσπίδων
2488 2020 2591 2072 ὑπὸ
2620 2020 2690 2073 τὰ
2735 2020 2888 2090 χείλη
2938 2020 3136 2085 αὑτῶν,
3182 2013 3257 2074 ὧν
3306 2020 3479 2090 στόμα
3521 2023 3662 2090 ἀρᾶς
3701 2023 3814 2074 καὶ

2216 2111 2447 2182 πικρίας
2487 2113 2670 2182 γέμει.
2702 2132 2719 2163 ι
2754 2112 2857 2164 Τὺν
2882 2112 2990 2183 γάρ
3022 2130 3105 2164 τοι
3140 2112 3207 2165 δι’
3236 2105 3297 2165 οῦ
3341 2113 3409 2166 τὰ
3446 2114 3619 2166 πάντα
3642 2152 3661 2177 ,
3701 2114 3815 2166 καὶ

2214 2205 2624 2274 προϋφεστάναι
2653 2205 2763 2257 τών
2798 2206 3061 2259 πάντωνγ
3097 2206 3309 2277 ἀνάγκη
3341 2208 3502 2260 νοεῖν.
3538 2206 3689 2258 Τίδέ

2214 2298 2310 2349 καὶ
2335 2297 2508 2367 δρῷεν
2536 2297 2635 2363 ἀνς
2674 2298 2924 2353 Ἰωάννου
2959 2299 3056 2368 μὲν
3088 2298 3427 2369 γράφοντος·
3470 2317 3489 2349 ι
3527 2299 3623 2351 Ἐν.
3647 2299 3805 2369 ἀρχῇ

2210 2385 2280 2461 ἦν
2311 2390 2338 2442 ὁ
2371 2391 2561 2458 Λόγος,
2592 2390 2683 2444 καὶ
2712 2393 2741 2443 ό
2769 2389 2940 2459 Λόγος
2971 2386 3039 2461 ἦν
3080 2389 3215 2460 πρὸς
3249 2390 3339 2443 τὸν
3367 2389 3517 2455 Θεὸν,
3540 2390 3634 2441 καὶ
3660 2390 3808 2453 Θεὸς

2211 2478 2279 2553 ἦν
2299 2484 2326 2536 ὁ
2346 2483 2515 2550 Λόγος
2534 2498 2549 2514 ³
2581 2475 2736 2546 οὗτος
2769 2478 2837 2553 ἦν
2877 2484 2935 2535 ἐν
2967 2483 3110 2554 ἀρχῇ
3144 2480 3281 2553 πρὸς
3311 2481 3403 2535 τὸν
3430 2482 3580 2535 Θεόν·
3608 2482 3807 2534 πάντα

2211 2575 2279 2628 δι’
2312 2574 2480 2628 αὑτοῦ
2515 2574 2753 2643 ἐγένετο,
2783 2573 2879 2626 καὶ
2903 2575 3074 2644 χωρὶς
3105 2573 3272 2627 αὑτοῦ
3310 2574 3527 2642 ἐγένετο
3555 2573 3680 2627 οὑδὲ
3712 2572 3805 2638 ἐν,

2211 2668 2241 2721 ὃ
2278 2667 2492 2736 γέγονε.
2529 2687 2547 2718 ι
2582 2668 2689 2719 Καὶ
2728 2667 2924 2719 πάλιν·
2958 2684 2979 2719 ι
3011 2668 3075 2719 Ὅ
3104 2662 3174 2737 ἦν
3200 2666 3296 2720 ἀπ’
3338 2668 3512 2738 ἀρχῆς
3538 2708 3552 2730 ,
3585 2667 3614 2719 ὃ
3651 2668 3805 2737 ἀκη-

2215 2760 2439 2829 κόαμεν,
2470 2758 2499 2810 ὃ
2528 2758 2856 2828 ἑωράκαμεν
2890 2758 3005 2820 τοῖς
3036 2757 3336 2827 ὀφθαλμοῖς
3366 2759 3545 2828 ἡμῶν,
3579 2758 3607 2810 ὃ
3632 2759 3802 2811 ἐθεα-

2216 2850 2448 2920 σάμεθα,
2482 2850 2575 2903 κα)⁵
2612 2851 2668 2902 αἱ
2698 2852 2883 2920 χεῖρες
2925 2848 3085 2919 ἡμῶν
3117 2848 3500 2919 ἐψηλάφησαν,
3536 2850 3665 2920 περὶ
3696 2850 3813 2902 τοῦ

2213 2942 2389 3011 Λόγου
2420 2943 2514 3012 τῆς
2551 2940 2701 3010 ζωῆς
2721 2957 2736 2972 ·
2774 2941 2867 2993 καὶ
2898 2941 2932 3009 ὴ
2966 2940 3080 3011 ζωὴ
3105 2940 3450 3011 ἐφανερώθη,
3478 2942 3573 2994 καὶ
3608 2942 3802 3010 ἑωρά-

2215 3052 2428 3103 καμεν,
2476 3034 2568 3086 καὶ
2605 3032 3013 3104 μαρτυροῦμεν,
3063 3032 3158 3085 καὶ
3208 3033 3619 3103 ἀπαγγέλλομεν
3661 3034 3802 3103 ὑμῖν

2212 3126 2312 3195 τὴν
2357 3124 2502 3197 ζωὴν
2541 3124 2643 3195 τὴν
2689 3124 2928 3189 αίώνιον,
2963 3124 3086 3194 ἥτις
3128 3120 3197 3196 ἦν
3242 3124 3379 3194 πρὸς
3412 3125 3505 3177 τὸν
3543 3126 3805 3194 Πατέρα,

2217 3219 2310 3270 καὶ
2343 3216 2665 3287 ἐφανερώοη
2697 3218 2851 3287 ἡμῖν.
2890 3235 2909 3267 ι
2956 3215 3133 3269 Αὑτοῦ
3164 3217 3223 3270 δέ
3252 3216 3489 3287 Χριστοῦ
3521 3217 3619 3287 τῆς
3656 3218 3800 3282 ἰδίας

2216 3308 2507 3379 ὑπάρξεως
2544 3310 2645 3378 τὴν
2688 3308 2932 3362 ἄποπτον
2978 3309 3313 3381 ἀρχαιότητα
3354 3311 3467 3374 τοῖς
3516 3310 3798 3375 Ἰουδαίοις

2216 3404 2731 3472 κατασημήναντος.
2800 3401 3020 3473 Ἐπειδὴ
3065 3402 3173 3473 γὰρ
3215 3403 3481 3472 ἔφασκον·
3528 3423 3548 3455 ι
3594 3404 3796 3474 Πεντή-

2216 3510 2383 3547 κοντα
2428 3492 2523 3562 ἔτη
2568 3491 2722 3546 οὑπω
2764 3492 2943 3562 ἔχεις,
2995 3495 3090 3547 καὶ
3144 3493 3395 3564 Ἀϐραὰμ
3447 3494 3728 3564 ἐώρακας;
3767 3515 3791 3547 ι

2216 3586 2557 3655 ἀντήκουσαν
2626 3584 2912 3655 ἐναργῶςο
2969 3604 2989 3637 ι
3033 3585 3206 3657 ’Λμὴν
3253 3585 3395 3654 λέγω
3441 3586 3605 3655 ὑμῖν,
3658 3587 3797 3655 πρὶν

2228 3677 2480 3748 Ἀϐραὰμ
2518 3677 2810 3744 γενέσθαι,
2847 3677 2958 3745 ἐγώ
2994 3679 3132 3747 εἰμι.
3170 3697 3190 3730 ›
3234 3673 3309 3733 OB
3340 3678 3397 3731 δέ
3427 3678 3488 3730 τὸ
3518 3675 3597 3749 ἦν
3641 3680 3795 3733 ἐστιν

2217 3767 2655 3836 ἐπενηνεγμένου
2689 3767 2936 3838 μηδενὸς,
2973 3767 3064 3821 ναὶ
3096 3768 3205 3838 μὴν
3229 3768 3323 3820 καὶ
3350 3767 3432 3831 τὸ,
3462 3769 3603 3836 εἰμί,
3630 3770 3790 3823 τέτα-

2218 3875 2344 3911 κται
2382 3858 2589 3925 σαφῶς,
2620 3858 2741 3911 τίνα
2775 3858 2875 3928 τῆς
2916 3859 3186 3926 γενέσεως
3220 3860 3428 3914 κατίδοι
3458 3878 3544 3922 τις
3590 3860 3657 3913 ἂν
3688 3866 3792 3930 τὴν

2216 3949 2419 4019 ἀρχήν;
2457 3950 2529 4001 Ἦ
2567 3949 2690 4002 τίνα
2728 3950 2793 4020 δὴ
2823 3951 3023 4021 τρόπον
3061 3952 3090 4003 ὁ
3122 3949 3197 4003 ὢν
3228 3951 3287 4003 ἐν
3326 3951 3467 4021 ἀρχῇ
3500 3953 3563 4021 τῇ
3590 3954 3790 4017 παντὸς

2217 4040 2475 4093 ἐπέκεινα
2504 4040 2621 4104 νοῦ,
2640 4043 3008 4111 παραδέξαιτο
3028 4042 3096 4096 ἂν
3122 4042 3185 4095 τὸ
3210 4044 3269 4095 ἐν
3300 4043 3479 4114 καιρῷ
3507 4044 3793 4099 κεκλίσθαι

2220 4132 2354 4201 πρὸς
2384 4130 2649 4206 ὕπαρξινς
2694 4134 2757 4186 Ei
2790 4134 2890 4203 μὲν
2916 4128 3011 4187 οὖν
3034 4150 3119 4196 τις
3158 4132 3333 4186 ἕλοιτο
3356 4143 3379 4170 ι
3426 4132 3638 4196 τούτοις
3671 4151 3788 4204 σχο-

2217 4224 2493 4295 λαιότερον
2542 4225 2928 4295 ἀντιφέρεθαι,
2984 4224 3217 4295 χαλεπὸν
3274 4226 3447 4289 οὐδὲν,
3502 4228 3633 4290 τοὺς
3689 4226 3787 4296 τῆς

2219 4317 2577 4372 θεοπνεύστου
2619 4319 2658 4370 Γ
2665 4319 2843 4389 ραφῆς
2880 4320 3357 4390 παρακομίζοντας
3379 4321 3593 4389 λόγους,
3625 4322 3693 4374 τά
3723 4323 3787 4373 ἐκ

2218 4412 2318 4479 τῆς
2348 4410 2986 4483 ἐκείνωνὶὲμῦροντησίας
3017 4413 3420 4484 ἀποκρούεσθαι
3453 4414 3600 4484 βέλη.
3624 4414 3704 4466 Τά
3721 4430 3785 4481 γε

535 4499 660 4567 quis
688 4499 846 4567 paqu
870 4500 1076 4555 diutius
1110 4502 1313 4555 versari
1368 4502 1423 4556 in
1465 4503 1567 4558 hac
1594 4503 1962 4574 disputatione
1993 4508 2108 4560 vel-

2226 4502 2334 4573 μὴν
2359 4502 2532 4566 οὕτως
2574 4502 2781 4573 ἐναργῆ
2824 4504 3086 4558 νοσοῦντα
3123 4505 3216 4558 τὸν
3243 4504 3483 4575 ἔλεγχον,
3528 4506 3622 4558 καὶ
3657 4506 3785 4559 πολῦ

535 4589 631 4655 Iet,
664 4590 881 4645 diﬂicile
903 4608 1009 4647 non
1045 4604 1213 4659 esset,
1243 4595 1573 4649 testimoniis
1602 4594 1909 4650 divinarum
1940 4597 2112 4651 Litte-

537 4700 717 4738 rarum
753 4686 856 4755 12
900 4687 955 4740 in
997 4687 1234 4741 medium
1286 4687 1555 4751 adductis,
1595 4690 1835 4743 vesaniae
1885 4690 2112 4759 hujusce

538 4777 642 4831 tela
677 4780 961 4846 repellere.
1011 4778 1208 4833 Verum
1251 4795 1719 4847 supervacaneum
1754 4780 1916 4845 duco,
1953 4783 2018 4835 de
2045 4782 2111 4837 iis

535 4886 655 4938 qua:
685 4880 794 4925 tam
822 4878 1013 4938 aperta
1042 4870 1377 4939 turpitudine
1410 4870 1686 4936 laborant,

2221 4593 2340 4647 λίαν
2372 4594 2562 4663 ἔχοντα
2607 4594 2670 4647 τὸ
2711 4596 2982 4660 ἀκαλλὲς,
3044 4597 3299 4668 περιττὸν
3338 4593 3494 4668 οἶμαί
3558 4614 3659 4649 που
3698 4599 3786 4649 καὶ

2220 4688 2501 4756 φροντίδος
2549 4686 2753 4754 ἀξιοῦν.
2804 4689 3014 4743 Οὐκοῦν
3059 4691 3148 4743 ἐπ’
3188 4692 3365 4745 ἐκεῖνο
3410 4690 3610 4761 ἴωμεν,
3655 4690 3787 4761 ὅπερ

2217 4781 2337 4833 ἐστὶ
2371 4780 2482 4833 τῶν
2510 4781 2973 4851 κατεγνωσμένων
3003 4782 3284 4852 συγγενές.

1760 4880 2019 4941 tantaque
2087 4872 2350 4927 facilitate
2424 4872 2673 4940 redargui
2699 4884 2947 4942 possunt,
2989 4874 3218 4930 omnino
3277 4870 3783 4940 curare.Quaread

536 4969 588 5023 id
630 4966 771 5035 quod
804 4964 1098 5031 damnatis,
1134 4964 1286 5019 hisce
1311 4963 1660 5034 opinionibus
1687 4976 1976 5034 cognatum
2006 4973 2111 5032 est,
2143 4964 2255 5033 jam
2290 4982 2433 5020 nunc
2463 4968 2768 5021 orationem
2833 4980 3237 5024 convertamus.

606 5056 745 5113 XIII.
782 5055 922 5111 Sunt
953 5056 1043 5111 alii
1076 5057 1242 5128 igitur
1269 5100 1285 5125 ,
1333 5058 1425 5126 qui
1468 5057 1713 5112 veritatis
1752 5057 2108 5127 pulchritudi-

538 5168 658 5207 nem
698 5154 1031 5214 obscuraut,
1083 5151 1440 5219 eamdemque
1484 5150 1707 5218 perinde
1742 5165 1805 5203 ac
1841 5151 2107 5204 nomisma

538 5244 807 5311 quoddam
861 5242 1269 5306 adulterantes,
1328 5243 1762 5310 extollentesque
1832 5244 1883 5296 in
1940 5243 2107 5296 altum

537 5350 730 5401 cornu,
773 5334 1161 5403 iniquitatem,
1194 5347 1251 5385 ut
1290 5337 1551 5402 scriptum
1598 5344 1683 5389 est
1728 5335 1798 5399 “,
1847 5336 2109 5390 adversus

2292 5059 2387 5111 IF’.
2431 5060 2919 5130 Παρασημαίνουσι
2967 5061 3074 5133 γάρ
3104 5078 3250 5123 τινες
3288 5059 3387 5129 τῆς
3434 5058 3691 5128 ἀληθείας
3724 5058 3782 5110 τὸ

2220 5150 2445 5216 κάλλος,
2493 5153 2745 5223 καθάπερ
2782 5170 2834 5205 τι
2864 5153 3107 5223 νόμισμα
3156 5150 3565 5222 κιϐδηλεύοντες
3585 5191 3600 5213 ,
3631 5152 3783 5205 ἐπαί-

2220 5239 2403 5308 ροντές
2432 5257 2490 5292 τε
2514 5242 2593 5303 είς
2626 5240 2760 5310 ὕψος
2788 5240 2847 5293 τὸ
2878 5242 3044 5311 κέρας
3065 5282 3081 5308 ,
3130 5242 3224 5295 καὶ
3251 5241 3466 5295 ἀδικίαν
3499 5239 3781 5305 λαλοῦντες

2220 5334 2360 5388 κατὰ
2392 5336 2487 5387 τοῦ
2517 5337 2673 5401 Θεοῦ,
2713 5335 2853 5388 κατά
2885 5335 2946 5389 τὸ
2968 5336 3375 5407 γεγραμμένον.
3416 5334 3782 5405 ’Λνύπαρκτόν

602 5492 809 5547 ³⁶Ρ5ίιι.
844 5510 962 5559 χιιι,
988 5480 1043 5559 δῖ
1076 5494 1127 5548 ι.
1208 5495 1249 5525 ειτ
1280 5492 1437 5549 ιυιιιι.
1474 5512 1511 5561 ι,
1547 5496 1653 5550 1-5.
1692 5493 1774 5546 εει
1811 5494 2028 5560 Ioan.t,
2064 5495 2108 5560 ι,

2242 5494 2286 5528 ³⁸
2310 5492 2464 5549 Joan.
2496 5512 2611 5561 vm,
2640 5495 2730 5548 57.
2772 5494 2815 5525 ¹⁸⁰
2856 5494 2985 5549 ibid.
3018 5496 3105 5551 58.
3175 5494 3215 5527 ⁸³
3255 5492 3398 5551 Psal.
3429 5508 3613 5559 um,
3647 5494 3698 5559 5,
3726 5494 3777 5547 6.

1626 5652 1799 5708 Varia:
1821 5653 2079 5710 lectiones
2104 5652 2303 5709 codicis
2328 5651 2685 5718 chuieriani.

607 5792 636 5833 1
662 5785 847 5841 ὄντων.
930 5795 949 5821 ι
983 5785 1220 5838 ϐούλοιτο
1240 5788 1319 5842 vel
1346 5788 1455 5840 ἕλοι
1483 5786 1560 5839 τό.
