4044 6332
287 404 428 461 1155

1243 392 1334 449 DE
1367 390 1596 447 RECTA
1636 389 1819 447 FIDE.
1862 386 1952 441 AD
1993 385 2438 443 'l‘ilEODOSIliM
2476 385 2616 441 IMP.

3414 390 3552 447 1154

285 541 348 575 τε
414 524 510 573 και
564 515 747 579 ἰδικῶς
798 514 895 583 οὑχ
954 510 1300 582 ὑφεστηκότα
1360 508 1717 579 φαντάζονται
1774 517 1865 557 τον

1985 506 2137 557 Dauni
2192 503 2507 572 loquuntur.
2572 504 2947 571 Illiaginanlur
2990 504 3134 558 enim
3204 504 3554 577 Uliigenituui

287 609 597 680 Μονογενῆ·
632 609 727 662 καὶ
757 606 855 660 οὑκ
883 602 1022 658 εἶναι
1060 603 1158 674 μὲν
1203 603 1261 654 ἐν
1302 602 1597 654 ὑποστάσει
1627 602 1694 669 τῇ
1745 597 1865 650 καθ’

292 705 507 765 ἑαυτὸν,
539 701 691 774 ῥῆμα
715 699 773 751 δὲ
804 696 993 757 ἁπλῶς
1017 736 1032 760 ,
1074 696 1167 747 καὶ
1198 693 1353 760 λόγον
1396 692 1487 743 τὸν
1518 690 1663 743 κατὰ
1702 690 1869 759 μόνην

286 802 390 865 τὴν
423 791 706 865 προφορὰν
734 787 987 859 γενέσθαι
1032 783 1187 856 παρὰ
1238 781 1396 835 θεοῦ.
1434 783 1523 844 Ὠς
1566 782 1661 834 καὶ
1690 783 1747 833 ἐν
1785 781 1871 832 ἀν-

293 885 499 956 θρώπῳ
528 880 850 951 κατοικῆσαί
892 894 1057 947 φασιν
1105 878 1155 929 οἱ
1194 874 1444 937 τάλανες.
1491 872 1780 936 Συνοέντες
1813 872 1870 925 δὲ

294 979 438 1033 οὕτω
463 977 556 1030 τὸν
589 973 816 1047 Ἰησοῦν,
849 971 1022 1039 ἁγίων
1052 968 1152 1039 μὲν
1185 962 1325 1020 εἶναί
1359 984 1523 1037 φασιν
1548 965 1868 1036 ἁγιώτερον,

295 1072 358 1125 οὑ
390 1070 494 1142 μὴν
521 1068 603 1121 ἐτι
635 1069 729 1120 καὶ
747 1065 902 1122 Θεὸν,
925 1061 1137 1116 Οὐκοῦν
1162 1059 1305 1114 καθά
1326 1061 1422 1113 καὶ
1453 1061 1481 1113 6
1501 1057 1595 1111 τοῦ
1621 1057 1872 1127 Σωτῆρος

299 1162 603 1217 ἐπιστέλλει
639 1158 887 1231 μαθητὴς
909 1195 925 1219 ,
958 1156 1042 1219 τίς
1088 1155 1240 1207 ἐστιν
1271 1154 1300 1206 6
1329 1151 1589 1221 ψεύστης,
1638 1151 1687 1203 εἰ
1738 1150 1812 1219 μὴ
1843 1149 1872 1202 6

298 1256 651 1328 ἀρνούμενος,
682 1252 763 1305 ὅτι
804 1248 1013 1321 Ἰησοῦς
1037 1248 1138 1301 οὑκ
1178 1246 1326 1299 ἔστιν
1360 1248 1389 1299 6
1415 1244 1685 1315 Χριστός;
1717 1237 1873 1305 οὗτός

297 1351 445 1402 ἐστιν
490 1351 519 1401 6
553 1345 939 1413 Ἀντίχριστος,
981 1344 1009 1394 6
1038 1339 1373 1411 ἀρνούμενος
1405 1337 1496 1389 τὸν
1524 1335 1745 1405 Πατέρα
1778 1333 1875 1386 καὶ

297 1441 390 1492 τὸν
421 1437 562 1489 Υῒόν.
596 1435 709 1496 Πᾶς
743 1436 771 1485 ὁ
802 1430 1132 1502 ἀρνούμενος
1164 1428 1254 1481 τὸν
1284 1426 1434 1487 Υἰδν,
1486 1425 1607 1478 οὐδὲ
1639 1424 1731 1476 τὸν
1763 1425 1875 1476 Πα-

297 1531 431 1601 τέρα
471 1528 614 1598 ἔχει’
658 1527 686 1578 6
731 1523 1008 1595 ὁμολογῶν
1048 1521 1138 1573 τὸν
1179 1520 1337 1583 Υἰὸν,
1379 1519 1473 1571 καὶ
1517 1518 1608 1572 τὸν
1654 1516 1874 1586 Πατέρα

298 1622 437 1692 ἔχει.
487 1620 692 1688 Ἄμφω
736 1616 846 1686 γὰρ
898 1614 991 1667 καὶ
1040 1612 1108 1665 δι’
1164 1612 1403 1681 ἀμφοῖν,
1464 1609 1560 1663 καὶ
1618 1605 1877 1679 exact-:90;

299 1716 359 1767 ὲν
391 1712 635 1783 ἐκατέρῳ
659 1748 674 1775 ,
711 1708 849 1781 πρός
895 1723 954 1760 τε
994 1704 1155 1775 ἡμῶν
1200 1703 1383 1757 αὐτῶν
1444 1703 1539 1756 καὶ
1569 1701 1677 1755 τῶν
1707 1700 1876 1769 ἁγίων

298 1808 552 1876 ἀγγέλων
597 1802 1071 1872 ὲπιγινώσκονται.
1102 1801 1177 1852 υύ
1207 1798 1316 1871 γὰρ
1354 1799 1418 1853 ἄν
1448 1815 1533 1861 τις
1580 1796 1874 1867 ἁναμὰθοι,

1973 596 2064 649 Dei
2120 596 2351 649 Verbum
2387 598 2812 666 anbypostaton,
2849 599 2953 652 Iioc
3003 609 3107 664 est,
3156 600 3551 663 subsistentia,

1971 688 2054 740 vel
2086 688 2386 757 liypostasi,
2416 705 2519 755 qua
2562 704 2658 757 per
2684 704 2746 743 se
2774 704 2900 742 vere
2930 704 2995 744 ac
3018 691 3240 759 proprie
3270 693 3552 757 subsistat,

1971 781 2334 846 destitutum;
2377 782 2579 834 nudum
2627 792 2809 835 autem
2852 783 3100 849 verbum,
3155 800 3220 839 ac
3253 785 3554 856 simplicem

1972 888 2280 927 sermonem
2314 876 2424 926 sola
2459 875 2906 941 pronmltiatione
2938 890 2966 927 a
3013 875 3120 930 Deo
3161 877 3367 930 editum
3408 891 3552 931 esse.

1976 966 2085 1020 Hoc
2115 982 2279 1036 porro
2305 966 2640 1035 prolatitiuln
2675 966 2900 1021 verbum
2935 969 3121 1023 miseri
3151 970 3226 1024 illi
3259 972 3308 1024 in
3338 971 3557 1027 homine

1975 1059 2309 1113 inhabitasse
2340 1057 2633 1112 affirmant.
2661 1059 2734 1112 Ila
2761 1062 3123 1129 compositum
3161 1061 3347 1117 Jesum
3381 1074 3546 1118 caete-

1975 1151 2052 1205 ris
2082 1151 2289 1205 sanctis
2312 1165 2435 1203 esse
2456 1151 2605 1203 aiunt
2634 1152 2988 1215 sanctiorem,
3015 1168 3119 1207 non
3148 1165 3328 1208 tamen
3361 1156 3553 1211 Deum.

1974 1244 2046 1297 At
2087 1243 2230 1312 quis,
2285 1253 2345 1295 ut
2396 1242 2696 1296 Salvatoris
2757 1246 2925 1296 nostri
2978 1246 3283 1315 discipulus
3345 1250 3556 1312 scribit,

1978 1336 2207 1389 mendax
2235 1346 2340 1399 est,
2377 1336 2479 1389 nisi
2520 1336 2565 1390 is
2596 1338 2687 1406 qui
2761 1340 3206 1408 liegatzquoniam
3248 1340 3408 1396 Jesus
3451 1360 3557 1397 non

1974 1440 2061 1485 est
2084 1432 2354 1485 Christus.
2389 1429 2490 1485 llic
2543 1441 2631 1484 est
2681 1429 3074 1495 Anticlil-isms,
3105 1434 3195 1501 qui
3248 1444 3408 1502 negat
3457 1433 3558 1487 Pa-

1981 1532 2115 1576 trem
2161 1533 2215 1575 et
2264 1521 2484 1575 Fliiulli.
2535 1519 2730 1576 Omnis
2781 1524 2871 1592 qui
2924 1534 3087 1593 negat
3136 1523 3355 1591 Filium,
3386 1542 3563 1595 nequo

1978 1611 2196 1666 Patrem
2251 1612 2460 1666 habet:
2498 1613 2588 1680 qui
2636 1613 2925 1667 conﬁtetur
2971 1614 3190 1676 Filium.
3241 1625 3294 1669 et
3339 1614 3559 1669 Patrem

1978 1705 2161 1760 babet.
2188 1702 2428 1774 Uterque
2456 1711 2539 1758 est
2564 1705 2710 1757 enim
2747 1721 2842 1774 per
2874 1715 3167 1773 utrumque
3199 1724 3212 1771 ;
3248 1716 3302 1759 et
3335 1717 3564 1777 uterque

1979 1814 2193 1851 rursum
2220 1813 2342 1852 cuni
2375 1798 2443 1851 ab
2477 1798 2709 1865 angelis,
2748 1807 2859 1851 tilill
2902 1814 2931 1850 a
2974 1799 3135 1852 nobis
3182 1801 3314 1868 ipsis
3347 1816 3565 1868 quoque

298 1872 362 1953 τί
388 1872 504 1952 εστι
536 1895 745 1966 Πατὴρ,
785 1896 833 1947 εἰ
868 1892 942 1965 μὴ
973 1892 1100 1945 Υἰὸν
1134 1890 1424 1958 ὑφεστῶτά
1454 1906 1515 1942 τε
1560 1890 1656 1943 καὶ
1684 1904 1877 1955 γεγεν-

1985 1888 2035 1941 ἰιι
2074 1888 2251 1942 altero
2306 1901 2439 1941 esse
2494 1888 2855 1957 dignosl-itur.
2890 1886 3041 1941 llaud
3095 1889 3239 1941 enim
3294 1891 3562 1958 quispiam

301 1992 537 2065 νημένον
592 1989 893 2053 εἰσδέξαιτο
936 1986 1081 2041 κατὰ
1122 1984 1268 2039 νοῦν.
1311 1984 1449 2038 Ἀλλ’
1481 1984 1589 2037 οὐδ’
1650 1984 1715 2037 ἂν
1753 1983 1781 2036 ὅ
1827 1981 1881 2034 τί

304 2085 437 2141 ποτέ
466 2088 614 2139 ἐστιν
643 2085 671 2137 ὁ
698 2083 825 2145 Υἱὸς
851 2080 1121 2152 ἀναμάθοι
1150 2079 1334 2142 πάλιν,
1363 2080 1411 2131 εἰ
1436 2077 1533 2147 μὴ,
1551 2078 1634 2130 ὅτι
1664 2078 1884 2128 τέτοκεν

302 2181 333 2233 6
376 2177 588 2248 Πατὴρ,
625 2174 959 2245 διενθυμοῖτο
993 2170 1198 2239 σαφῶς.
1234 2168 1445 2223 Οὐκοῦν
1479 2169 1771 2235 ἀναγκαῖον
1806 2161 1884 2218 οἶ-

305 2272 407 2342 μαί
433 2286 535 2322 που
564 2268 660 2342 καὶ
686 2265 923 2334 ἀσφαλὲς
954 2267 1148 2324 εἰπεῖν,
1176 2263 1250 2323 ὼς
1278 2262 1436 2332 εἴπερ
1466 2260 1614 2312 ἐστὶν
1646 2257 1887 2327 ἀνύπαρ⁴

307 2340 435 2427 κτος
466 2365 496 2417 6
521 2340 669 2425 Υἱὺς,
717 2360 828 2413 οὐδ’
876 2359 940 2413 ἂν
978 2358 1071 2411 τὸν
1128 2356 1351 2427 Πατέρα
1384 2353 1599 2423 πατέρα
1647 2350 1790 2405 κατὰ
1824 2350 1884 2402 τὸ

306 2454 504 2527 ἀληθὲς
527 2454 807 2525 νοήσωμεν
833 2452 917 2505 ἄν.
949 2448 1059 2504 Ποῦ
1086 2448 1192 2518 γάρ
1216 2448 1334 2501 ἐστι
1375 2444 1579 2515 πατὴρ,
1612 2444 1661 2496 εἰ
1693 2442 1767 2514 μὴ
1799 2443 1886 2494 τέ-

307 2567 464 2603 τοκεν
505 2545 750 2617 ἀληθῶςς
802 2546 835 2616 ἢ
867 2544 1025 2614 εἴπερ
1061 2543 1358 2613 γεγέννηκε
1396 2539 1459 2591 τὸ
1497 2538 1573 2609 μὴ
1614 2535 1883 2605 ὑφεστὼς,

313 2640 446 2711 μηδὲ
493 2639 735 2709 ὑπάρχον
782 2637 938 2700 ὅλως,
978 2634 1040 2688 τὸ
1088 2633 1348 2704 γεννηθὲν
1386 2632 1537 2685 ἔσται
1584 2630 1645 2682 τὸ
1698 2628 1882 2699 μηδέν.

309 2733 384 2786 Τό
421 2731 530 2803 γάρ
553 2732 640 2784 τοι
677 2729 750 2801 μὴ
773 2727 1022 2797 ὑφεστὼς
1046 2768 1060 2791 ,
1093 2728 1150 2779 ὲν
1183 2727 1284 2795 ἴσῳ
1313 2724 1389 2795 τῷ
1422 2723 1631 2793 μηδενὶ,
1684 2722 1885 2791 μᾶλλον

306 2824 364 2877 δὲ
392 2820 667 2884 παντελῶς
700 2818 850 2872 οὐδέν
870 2834 884 2848 ·
913 2812 1033 2869 εἶτα
1062 2812 1155 2868 τοῦ
1190 2812 1416 2884 μηδενὸς
1452 2811 1605 2863 ἔσται
1638 2807 1828 2879 Πατὴρ
1855 2808 1885 2860 6

307 2914 462 2980 Θεός.

1981 1980 2111 2048 quid
2170 1981 2241 2035 sit
2299 1978 2465 2034 Pater
2500 1979 2775 2045 didicerit,
2831 1981 2934 2034 nisi
2995 1980 3188 2034 Filium
3246 1994 3453 2046 natum,
3510 1994 3566 2036 et

1978 2082 2363 2141 enypostaton,
2399 2072 2503 2125 hoc
2536 2082 2620 2126 est
2666 2087 2762 2141 per
2816 2087 2875 2126 se
2926 2071 3340 2137 subsistentem,
3385 2087 3565 2129 mente

1980 2164 2278 2233 concipiat.
2315 2162 2421 2216 Sed
2454 2178 2629 2233 neque
2658 2165 2787 2233 quid
2816 2167 2886 2219 sit
2917 2166 3109 2230 Filius,
3146 2184 3362 2221 rursum
3398 2169 3563 2222 intel-

1985 2256 2077 2326 ligi
2128 2272 2156 2307 ιι
2205 2269 2479 2325 qucquam
2535 2257 2884 2338 queat,_nisi
2920 2259 3060 2326 quod
3104 2258 3261 2313 Pater
3292 2262 3564 2330 genuerit,

1989 2346 2193 2416 liquido
2222 2345 2363 2415 apud
2394 2359 2516 2400 sese
2553 2349 2870 2402 constituat.
2906 2348 3272 2415 Quamobrem
3307 2367 3565 2405 necessa-

1991 2439 2129 2492 rium
2162 2448 2292 2509 puto
2324 2452 2388 2492 ac
2414 2453 2667 2493 securum
2720 2440 2838 2496 tore
2879 2442 3063 2495 dicere
3094 2444 3260 2512 quod,
3310 2445 3354 2497 si
3396 2445 3568 2499 Filius

1985 2544 2093 2583 non
2129 2528 2401 2595 subsistit,
2438 2544 2615 2599 nequc
2642 2529 2808 2585 Pater
2843 2547 3058 2601 quoque
3086 2548 3213 2587 vere
3244 2535 3405 2589 Pater
3438 2537 3562 2590 erit.

1985 2620 2091 2677 Ubi
2123 2620 2271 2675 enim
2301 2622 2407 2675 erit
2447 2632 2624 2691 pater,
2681 2623 2727 2677 si
2764 2637 2892 2679 vere
2922 2640 3027 2677 non
3074 2628 3300 2694 genuit?
3332 2626 3565 2683 Rursum

1984 2713 2029 2767 si
2065 2713 2116 2765 id
2162 2711 2303 2781 quod
2333 2714 2542 2779 genuit,
2585 2729 2693 2767 non
2735 2716 3004 2781 subsistit,
3063 2728 3155 2770 ant
3201 2722 3423 2774 omnino
3462 2742 3565 2776 noli

1984 2801 2239 2868 exsistit,
2298 2804 2473 2870 ipsum
2548 2805 2790 2872 genitum
2863 2806 3000 2860 nihil
3062 2811 3358 2878 quidquam
3420 2815 3566 2867 erit:

1988 2894 2427 2963 quandoquidem
2466 2895 2611 2963 quod
2657 2911 2761 2948 nou
2815 2898 3095 2958 subsistit.
3132 2916 3285 2969 teque
3318 2916 3379 2954 ac
3416 2904 3568 2969 nihil,

1988 2996 2081 3038 aut
2105 2985 2189 3055 (ut
2227 2987 2407 3040 vel-ius
2452 2984 2651 3057 dicam)
2682 2988 2814 3042 nihil
2858 3000 2941 3043 est
2973 3006 3236 3059 prorsus:
3264 3010 3396 3063 ergo
3432 2994 3572 3047 Dt'lls

1990 3077 2171 3132 nullus
2192 3078 2355 3132 Pater
2381 3079 2508 3132 erit.

380 3174 478 3227 IA'.
534 3170 673 3225 Ἀλλ’
720 3162 766 3221 ὦ
805 3166 1094 3238 βέλτιστοι,
1135 3163 1302 3234 φαίην
1341 3162 1409 3215 ἂν
1441 3161 1617 3230 ἔγωγε
1651 3160 1789 3230 πρός
1820 3174 1882 3226 γε

2059 3169 2203 3225 XIV.
2266 3171 2466 3225 Verum
2528 3171 2833 3240 hujusmodi
2895 3176 3146 3229 doctores
3202 3179 3394 3231 merito
3441 3195 3572 3233 sane.

309 3265 437 3327 τοὺς
464 3263 571 3317 τῶν
589 3260 846 3316 τοιούτων
895 3256 1191 3327 ἐξηγητὰς,
1235 3254 1390 3317 ὓΘλος
1415 3254 1620 3314 εἰκαῖος
1650 3251 1720 3304 τὰ
1752 3249 1883 3320 παρ’

311 3355 486 3426 ὑμῶν.
516 3354 586 3407 Ἦ
619 3352 751 3422 γοῦν
781 3351 1029 3422 ἐρομένῳ
1073 3348 1307 3421 φράζετε
1327 3385 1342 3409 ,
1379 3344 1495 3408 πῶς
1540 3342 1816 3413 ἐξαίρετος
1850 3340 1885 3411 ἡ

311 3450 392 3512 εἰς
420 3447 569 3519 ἡμᾶς
594 3445 872 3514 ἀγάπησις
897 3442 990 3496 τοῦ
1015 3441 1148 3493 Θεοῦ
1179 3438 1273 3493 καὶ
1321 3437 1553 3506 Πατρός.
1583 3437 1693 3488 Καὶ
1721 3437 1768 3488 εἰ
1797 3433 1883 3487 δέ-

311 3537 484 3590 δωκεν
507 3534 646 3603 ὑπὲρ
678 3533 834 3603 ήμῶν
874 3531 966 3584 τὸν
1005 3529 1153 3588 Υἱὸν,
1184 3528 1276 3581 τὸν
1306 3528 1425 3581 καθ’
1469 3527 1613 3597 ὑμᾶς
1659 3526 1759 3596 οὐχ
1788 3527 1884 3593 ὑφ-

310 3625 599 3698 εστηκότα,
643 3622 704 3675 τὸ
740 3621 908 3692 μηδὲν
954 3621 1060 3691 ἄρα
1103 3619 1336 3672 δέδωκεν
1366 3618 1508 3688 ὑπὲρ
1554 3616 1732 3687 ἡμῶν.
1776 3615 1887 3669 Καὶ

311 3720 435 3773 οὔτε
467 3718 604 3790 σὰρξ
631 3717 659 3770 6
684 3716 855 3783 Λόγος
884 3714 1129 3782 γέγονεν,
1161 3711 1286 3764 οὔτε
1333 3711 1427 3762 τὸν
1460 3710 1642 3780 τίμιον
1675 3708 1885 3776 ὑπέστη

314 3812 570 3885 σταυρὸν,
607 3809 732 3863 οὑτε
762 3810 1083 3877 κατήργηκε
1129 3803 1226 3857 τοῦ
1275 3802 1507 3856 θανάτου
1560 3800 1622 3854 τὸ
1664 3801 1884 3869 κράτος,

312 3905 437 3959 οὔτε
466 3904 572 3976 μὴν
596 3902 859 3957 ἀνεϐίωσε
888 3899 1071 3954 πάλιν.
1101 3898 1163 3950 Εἰ
1196 3895 1307 3966 γάρ
1346 3897 1460 3947 ἐστι
1493 3893 1555 3947 τὸ
1598 3893 1764 3963 μηδὲν
1794 3892 1889 3944 καὶ

312 3994 681 4066 ἀνύπαρκτος,
721 3990 843 4044 καθ’
876 3990 1057 4058 ὑμᾶς,
1082 3986 1199 4050 πῶς
1253 3984 1310 4037 ἔν
1349 4000 1413 4050 γε
1443 3980 1655 4041 τούτοις
1692 3978 1887 4047 γένοιτ’

313 4085 415 4150 ἄνς
446 4082 819 4152 Πεφενάκικεν
860 4074 953 4131 οὖν
986 4077 1094 4147 ἄρα
1131 4076 1229 4145 τῆς
1279 4072 1441 4140 ἁγίας
1480 4070 1703 4140 Γραφῆς
1740 4070 1769 4121 6
1803 4067 1889 4120 λό-

315 4193 413 4248 γος
440 4176 567 4239 τοὺς
595 4173 1051 4233 πεπιστευκότας,
1085 4169 1181 4220 καὶ
1216 4168 1250 4237 ἡ
1275 4167 1374 4234 τῆς
1413 4164 1648 4226 πίστεως
1674 4160 1887 4231 ἑδραιό-

314 4288 416 4342 της
462 4269 672 4339 οἴχεται
704 4265 842 4337 πρὸς
888 4264 949 4316 τὸ
998 4261 1185 4331 μηδέν.
1232 4259 1295 4311 Τί
1325 4258 1416 4322 δέ;
1476 4256 1577 4308 οὑκ
1610 4257 1667 4307 ὲν
1705 4254 1886 4324 μορφῇ

316 4360 453 4414 Θεοῦ
482 4359 747 4429 ὑπάρχειν
780 4356 870 4409 τὸν
900 4354 1049 4418 Υἰὸν,
1090 4352 1152 4405 τὸ
1183 4352 1324 4424 ἱερὸν
1366 4351 1498 4420 ἡμῖν
1542 4349 1888 4417 κατεσήμανε

314 4450 577 4523 Γράμμα,
617 4448 803 4501 εἰκόνα
840 4462 902 4498 τε
931 4443 1093 4497 αὑτὸν
1128 4442 1224 4494 καὶ
1256 4437 1585 4511 χαρακτῆρά
1626 4455 1759 4508 φησι
1792 4437 1886 4490 τοῦ

1989 3278 2218 3332 magnos
2267 3273 2565 3332 nugatores
2617 3266 3026 3334 appellaverim.
3068 3269 3280 3339 Alioqui
3338 3287 3573 3340 percon—

1986 3354 2135 3409 caliti
2192 3355 2325 3407 mihi
2358 3356 2704 3425 respondete,
2737 3373 3040 3427 ecquonam
3078 3372 3232 3429 pacto
3264 3363 3354 3416 Dei
3388 3376 3443 3418 et
3475 3365 3573 3418 νε.-

1990 3447 2091 3523 tris
2112 3461 2239 3517 erga
2274 3462 2372 3501 nos
2422 3448 2637 3523 dilectio
2664 3450 2863 3503 eximia
2893 3454 3185 3506 exstiterit.
3220 3453 3353 3507 Nam
3404 3458 3449 3510 si
3484 3457 3572 3510 Fi-

1990 3522 2141 3603 lium,
2209 3537 2301 3607 qui
2340 3522 2525 3592 vestra
2566 3541 2837 3593 sententia
2885 3558 2991 3595 non
3030 3544 3311 3608 subsistit,
3349 3561 3444 3615 pro
3479 3566 3573 3601 lio-

1990 3630 2073 3684 bis
2103 3630 2351 3695 tradidit,
2387 3631 2522 3684 nihil
2560 3632 2744 3701 utique
2771 3634 2995 3688 omnino
3039 3637 3210 3690 nostri
3245 3652 3409 3691 causa
3462 3650 3573 3693 tra—

1990 3723 2147 3777 didit.
2182 3722 2290 3776 Sed
2324 3739 2501 3793 ncque
2548 3723 2784 3778 Verbum
2814 3741 3031 3795 quoque
3065 3728 3265 3782 factum
3299 3740 3387 3784 est
3419 3747 3571 3797 caro,

1991 3830 2169 3882 neque
2195 3814 2493 3882 pretiosam
2522 3815 2622 3885 13
2644 3832 2863 3870 crueeui
2894 3818 3178 3886 sustinuit,
3209 3836 3388 3891 neque.
3418 3840 3569 3877 mor-

1993 3908 2060 3961 tis
2088 3907 2376 3975 imperiuln
2414 3907 2638 3973 delevit,
2674 3924 2849 3978 neque
2899 3910 2949 3962 in
2995 3911 3186 3976 vitam,
3212 3929 3373 3983 qualn
3408 3917 3574 3986 depo-

1990 4008 2194 4064 soerat,
2232 4001 2410 4053 denuo
2444 4014 2721 4054 reversum
2770 4013 2873 4057 est.
2911 4001 3043 4057 Nam
3082 4006 3149 4069 si,
3192 4017 3246 4058 ut
3278 4023 3370 4061 vos
3400 4025 3571 4077 nuga-

1992 4090 2144 4156 niini,
2176 4091 2443 4153 nihilest,
2482 4109 2657 4159 neque
2713 4095 2763 4147 ill
2816 4112 2996 4149 rerum
3047 4109 3235 4152 natura
3286 4101 3573 4165 subsistit;

1990 4198 2099 4249 quo
2136 4196 2292 4253 pacto
2342 4186 2453 4238 lia'c
2496 4186 2548 4238 in
2598 4186 2744 4238 illiilli
2789 4189 3161 4243 conveniunt?
3197 4190 3405 4245 Divina:
3445 4209 3575 4262 ergo

1993 4276 2287 4345 Scriptura:
2326 4278 2408 4332 llis
2438 4278 2527 4347 qui
2562 4280 2912 4333 crediderunt
2958 4280 3287 4347 imposuere,
3344 4285 3575 4354 tideique

1992 4370 2224 4422 lirlllitas
2264 4376 2478 4423 redacta
2506 4381 2591 4424 est
2638 4372 2689 4424 ili
2730 4373 2984 4426 nihilum.
3027 4376 3223 4430 Annon
3263 4392 3434 4428 sacra:
3462 4376 3573 4431 Lit-

1994 4470 2124 4513 terte
2149 4459 2345 4513 Filium
2388 4462 2439 4515 in
2475 4462 2646 4515 forma
2700 4461 2793 4516 Dei
2844 4480 2963 4517 esse
3006 4480 3102 4519 nos
3149 4467 3346 4521 docent
3387 4467 3479 4521 “?
3508 4488 3573 4523 an

316 4540 747 4612 Γεγεννηκότος;
777 4538 971 4591 Καίτοι
1003 4535 1121 4597 πῶς
1154 4532 1315 4586 τοῦτό
1352 4534 1499 4585 ἐστιν
1543 4532 1643 4601 οὑχ
1684 4532 1882 4585 ἅπασιν

1997 4566 2101 4603 non
2126 4550 2402 4606 Genitoris
2436 4553 2728 4623 imaginem
2768 4563 2823 4608 et
2857 4555 3228 4609 characterem
3282 4558 3429 4610 illiilli
3479 4576 3569 4627 ap-

315 4630 565 4703 ἐναργὲς,
604 4630 671 4683 Αἰ
717 4629 773 4682 δὲ
818 4627 1044 4689 εἰκόνες,
1091 4625 1167 4688 ὡς
1196 4624 1264 4676 τά
1309 4624 1621 4693 ἀρχέτυπα;
1650 4623 1731 4675 δεῖ
1760 4622 1889 4693 γὰρ,

314 4724 489 4788 οὕτως
531 4723 701 4785 αὐτὰς
745 4722 840 4774 καὶ
875 4720 976 4789 οὐχ
1022 4720 1223 4787 ἑτέρως
1258 4716 1419 4787 ἔχειν.
1455 4715 1686 4778 Οὐκοῦν,
1733 4717 1784 4768 εἰ
1814 4717 1891 4785 μὴ

314 4816 679 4877 ἐνυπόστατος
729 4814 763 4884 ἡ
798 4811 984 4875 εἰκὼν,
1038 4811 1177 4881 μήτε
1224 4810 1329 4880 μὴν
1368 4811 1426 4861 ἐν
1457 4808 1688 4878 ὑπάρξει
1721 4810 1894 4861 νοοῖτο

314 4912 381 4980 τῇ
407 4908 526 4962 καθ’
550 4906 743 4960 ἑαυτὸν
786 4908 816 4959 6
842 4904 1131 4975 χαρακτήρ
1151 4919 1168 4933 ⁸
1208 4902 1580 4958 ἀνυπόστατον
1620 4898 1760 4954 εἶναι
1790 4899 1892 4953 δώ-

321 5017 530 5065 σουσιν,
567 4999 643 5062 ὡς
679 4998 739 5065 ἐξ
776 4998 1076 5064 ἀναγκαίου
1111 4996 1291 5063 λόγου,
1320 4995 1415 5048 καὶ
1451 4995 1543 5047 τὸν
1570 4989 1743 5062 οὗπέρ
1777 4995 1892 5046 ἐστι

315 5092 626 5165 χαρακτὴρ,
655 5091 750 5144 καὶ
773 5090 833 5143 τὸ
861 5090 960 5161 τῆς
990 5089 1197 5152 εἰκόνος
1228 5089 1459 5151 ἀκαλλὲς
1495 5089 1889 5165 ἀναδραμεῖται

315 5186 533 5247 πάντως
555 5183 649 5236 ἐπὶ
676 5181 737 5235 τὸ
766 5182 1097 5252 ἀρχέτυπον.

386 5361 486 5415 IE'.
529 5354 666 5413 Εἶτα
714 5358 837 5412 εἰπέ
889 5375 1023 5428 μοι,
1073 5356 1341 5419 Φίλιππος
1394 5359 1764 5431 χριστομαθὴς
1814 5361 1890 5415 ὣν

314 5458 476 5523 ἀγαν,
520 5453 614 5506 τὸν
660 5452 794 5505 ὄντα
848 5455 942 5505 καὶ
985 5450 1330 5520 ὑφεστηκότα
1378 5454 1598 5523 Πατέρα
1649 5454 1891 5509 κατιδεῖν

314 5546 491 5613 ἠξίου,
524 5543 699 5611 λέγων
722 5559 735 5572 '
775 5560 795 5593 ι
823 5542 1018 5613 Κύριε,
1048 5541 1217 5608 δεῖξον
1247 5544 1377 5612 ἡμῖν
1399 5543 1490 5597 τὸν
1526 5545 1764 5616 Πατέρα,
1795 5550 1890 5602 καὶ

315 5635 475 5705 ἀρκεῖ
507 5636 676 5705 ήμίν;
707 5653 725 5683 ι
777 5632 810 5699 ἢ
861 5632 991 5699 γοῦν
1038 5632 1129 5685 τὸν
1170 5633 1270 5685 οὑκ
1308 5634 1436 5688 ὄντα
1469 5637 1563 5689 καὶ
1589 5638 1889 5692 ἀνυπόστα-

316 5742 436 5787 τονς
471 5719 819 5792 Ἀλλ’,οἷμαι,
846 5724 980 5793 φαίη
1000 5741 1081 5786 τις
1103 5723 1168 5776 ἂν
1200 5724 1473 5794 μελλήσας
1500 5728 1671 5793 οὐδὲν,
1691 5730 1772 5781 ὅτι
1796 5732 1886 5784 τὸν

391 5864 436 5893 δ’
480 5861 713 5932 Philipp.
746 5879 805 5930 Il,
839 5861 892 5916 6.
972 5863 1015 5892 ⁸³
1056 5861 1222 5918 Hebr.
1253 5880 1307 5927 it,
1344 5865 1395 5917 .3.

1475 5868 1519 5897 ’⁸⁸
1558 5866 1715 5923 Joau.
1752 5888 1863 5941 iiiv,
1896 5878 1947 5929 ὃ.

1993 4641 2261 4711 pellant”
2284 4644 2307 4697 ?
2334 4643 2398 4696 At
2434 4644 2519 4698 cui
2558 4644 2780 4698 dubium
2813 4661 2933 4700 esse
2988 4658 3167 4716 potest
3210 4650 3470 4720 imagines
3500 4655 3573 4706 ita

1993 4748 2089 4801 per
2126 4735 2308 4789 omnia
2344 4735 2567 4791 affectas
2590 4753 2712 4792 esse
2740 4751 3018 4807 Opertere,
3054 4742 3190 4795 sicut
3229 4743 3341 4812 ipsa
3377 4758 3576 4813 proto-

1995 4827 2165 4896 typa?
2202 4828 2276 4882 ita
2302 4830 2475 4894 enim,
2512 4845 2611 4884 nec
2641 4831 2800 4886 aliter
2850 4848 3072 4887 necesse
3105 4846 3188 4890 est
3218 4838 3339 4893 illas
3368 4857 3426 4895 se
3472 4843 3570 4895 lia-

1992 4919 2144 4974 bcrc.
2182 4920 2239 4974 Si
2275 4936 2404 4991 ergo
2434 4924 2613 4989 imago
2647 4939 2751 4975 non
2779 4926 3053 4991 subsistit,
3082 4943 3256 4996 neque
3291 4934 3577 4988 character

1998 5027 2095 5080 per
2124 5027 2183 5066 se
2220 5014 2472 5076 exsistit;
2511 5024 2565 5066 et
2597 5015 2743 5067 illiilli
2774 5016 2948 5084 ipsum
2985 5034 3222 5089 quoque,
3256 5024 3408 5092 cnjns
3436 5026 3573 5079 inla-

1996 5117 2065 5169 go
2100 5102 2180 5157 vel
2233 5104 2522 5156 character
2566 5114 2672 5169 est,
2732 5122 2837 5160 non
2887 5111 3189 5168 subsistere
3232 5127 3491 5184 oportet:
3531 5123 3574 5173 si

1995 5194 2212 5260 quidem
2247 5194 2498 5260 imaginis
2532 5196 2721 5250 vitium
2750 5198 2806 5253 in
2846 5200 3022 5271 ipsum
3074 5207 3426 5279 archetypum
3463 5228 3577 5263 oui-

1995 5287 2124 5338 nino
2154 5286 2442 5339 redundat.
3160 5298 3168 5311 '

2065 5374 2184 5430 XV.
2210 5376 2479 5431 l'raalerea
2513 5378 2621 5444 die,
2657 5383 2871 5445 amabo.
2908 5401 3032 5441 cum
3065 5386 3343 5459 Philippus
3370 5391 3572 5448 Christi

1994 5467 2313 5537 discipulus,
2345 5468 2547 5534 Patris,
2581 5473 2672 5541 qui
2718 5486 2881 5529 estet
2909 5478 3181 5545 subsistit,
3211 5484 3425 5539 videndi
3451 5504 3576 5556 per-

1995 5557 2223 5627 ellpidus
2250 5561 2428 5614 aiebat
2462 5579 2474 5614 :
2513 5581 2531 5612 ι
2565 5563 2811 5631 Domine,
2850 5572 3078 5626 ostende
3123 5574 3281 5629 nobis
3336 5577 3569 5641 Patrem,

1991 5659 2045 5701 et
2076 5652 2267 5705 sullicit
2300 5654 2454 5707 nobis
2476 5653 2555 5720 “;
2591 5674 2608 5706 ι
2644 5656 2906 5724 ejusmodi
2940 5668 3185 5721 contueri
3228 5669 3461 5737 volebat,
3483 5675 3572 5740 qui

1996 5757 2168 5812 neque
2201 5746 2508 5813 exsisteret,
2546 5766 2720 5822 neque
2767 5755 3126 5815 srbsisteret‘!
3154 5760 3290 5819 Puto
3317 5779 3448 5820 sane
3480 5783 3574 5822 ne-
