4044 6332
512 402 647 455 H55

1485 397 1540 449 S.
1587 395 1860 451 CYRILLI
1903 397 2373 453 ALEXANDRINI
2412 398 2729 454 ARCIIIEP.

3618 398 3762 454 H56

507 514 707 568 minem
768 513 1027 577 futurum,
1078 512 1169 580 qui
1237 527 1339 563 non
1401 512 1666 581 intrepide
1737 513 2075 583 respondeat,

2185 515 2311 568 ὅντα
2346 532 2405 567 τε
2442 515 2535 568 καὶ
2571 513 2933 586 ὑφεστηκότα.
2969 514 3139 583 Εἴπερ
3182 506 3273 565 οὖν
3303 512 3417 565 ἐστι
3448 513 3507 565 τὸ
3537 514 3707 585 μηδὲν
3732 518 3763 570 6

508 606 653 660 illum
681 606 860 659 videre
885 604 1224 660 desiderasse
1265 602 1359 672 qui
1404 605 1694 660 exsisteret
1734 617 1787 659 et
1821 607 2084 663 subsiste—

508 707 607 752 ret.
662 695 718 751 Si
765 712 915 761 ergo,
958 697 1109 765 juxta
1137 695 1454 750 ell‘renatam
1506 696 1719 749 illorum
1777 698 2082 763 audaciam,

396 781 402 795 ’
508 789 679 844 Filius
731 789 863 842 nihil
921 799 1025 851 est,
1051 799 1109 842 ut
1169 789 1262 858 qui
1304 804 1408 842 non
1446 789 1740 855 subsistat;
1779 806 1878 843 cur
1921 790 2084 860 igitur

506 897 601 952 per
632 895 690 935 se
744 880 938 948 ipsum,
970 888 1029 933 ut
1070 880 1382 948 imaginem,
1420 880 1485 932 ad
1541 879 1719 934 Patris
1748 881 2081 950 agnitionem

505 973 774 1026 adducere
805 986 902 1025 nos
957 969 1171 1024 voluit?
1222 971 1313 1023 Ait
1342 971 1485 1024 enim
1520 988 1534 1024 :
1570 989 1591 1019 σ
1632 970 1808 1025 Tanto
1843 982 2082 1041 tempore

504 1063 784 1117 vobiscum
813 1077 956 1127 sum,
992 1072 1047 1115 et
1072 1077 1175 1116 non
1209 1064 1508 1132 cognovisti
1544 1079 1648 1127 me,
1684 1062 1966 1133 Philippe?
1991 1066 2082 1135 qui

504 1154 647 1207 videt
686 1167 791 1218 me,
825 1154 969 1207 videt
1001 1162 1056 1206 et
1085 1152 1319 1207 Patrem.
1353 1152 1467 1207 Non
1503 1155 1703 1219 credis,
1740 1157 1865 1223 quia
1894 1170 1995 1225 ego
2028 1156 2081 1211 in

504 1247 685 1313 Patre,
719 1258 774 1300 et
822 1245 981 1300 Pater
1014 1246 1067 1300 in
1094 1246 1210 1300 'me
1239 1256 1322 1301 est
1348 1247 1434 1300 “?
1467 1248 1579 1317 Ego
1610 1257 1665 1302 et
1707 1247 1870 1303 Pater
1914 1265 2078 1303 unum

505 1356 692 1394 sumus
711 1340 783 1393 ιθ.
816 1358 835 1392 θ
866 1338 1006 1404 Jam,
1040 1349 1098 1392 ut
1121 1353 1221 1406 ego
1245 1340 1458 1408 opinor,
1497 1354 1655 1394 nemo
1680 1353 1800 1393 eum
1828 1341 1916 1409 qui
1948 1343 2078 1396 sub—

504 1433 667 1497 sistit,
686 1432 737 1486 in
762 1447 828 1486 eo
843 1432 936 1500 qui
954 1447 1059 1486 non
1079 1432 1344 1496 subsistit,
1369 1434 1548 1485 videre
1564 1444 1746 1503 queat.
1767 1432 1875 1488 Nec
1899 1434 2077 1503 aliqua

505 1539 717 1577 rursum
752 1524 961 1578 ratione
1017 1524 1242 1593 intelligi
1302 1532 1499 1592 potest,
1524 1524 1795 1592 quomodo
1837 1525 1974 1578 idem
2007 1526 2080 1579 sit

501 1630 596 1684 per
615 1614 817 1677 omnia,
841 1615 982 1683 quod
1012 1630 1117 1669 non
1155 1616 1392 1677 exsistit,
1426 1630 1547 1667 cum
1582 1630 1647 1669 eo
1675 1616 1819 1683 quod
1837 1617 2072 1671 exsistit.

501 1707 781 1773 Quomodo
810 1722 939 1762 vero
970 1706 1129 1761 Pater
1153 1708 1259 1762 erit
1292 1709 1342 1760 in
1374 1706 1528 1770 Filio,
1561 1717 1616 1762 et
1639 1707 1807 1762 Filius
1836 1710 2073 1765 vicissim

503 1799 555 1850 in
604 1795 808 1851 Patre?
843 1797 1034 1850 Annon
1087 1799 1416 1866 respondere
1465 1797 1518 1850 in
1585 1808 1834 1866 promptu
1885 1808 1990 1863 est,
2026 1799 2071 1853 si

2190 606 2333 669 Υἱὸς,
2373 607 2467 660 ἆτε
2524 606 2588 675 δὴ
2637 605 2711 677 μὴ
2761 603 3104 674 ὑφεστηκὼς,
3152 604 3295 657 κατά
3329 620 3389 671 γε
3435 603 3496 656 τὸ
3535 605 3761 659 ἐκείνων

2186 698 2440 767 ἀχάλινον
2485 698 2705 769 θράσος
2735 699 2814 760 είς
2858 698 3041 751 εἰκόνα
3073 698 3168 750 καὶ
3198 696 3400 765 γνῶσιν
3429 698 3629 768 ἀκριϐῆ
3663 698 3757 751 τοῦ

2188 789 2398 859 Πατρός
2443 788 2633 840 ἑαυτὸν
2683 790 2812 858 ἡμῖν
2860 787 3087 841 ἀνθότου
3140 788 3501 859 παρεκόμιζε,
3545 788 3754 856 λέγων’

2188 899 2208 931 ι
2238 880 2503 933 Τοσοῦτον
2531 880 2721 950 χρόνον
2755 879 2874 948 μεθ’
2900 879 3056 951 ὑμῶν
3094 881 3230 949 εἰμι,
3258 880 3353 932 καὶ
3387 881 3486 933 οὐκ
3514 879 3757 948 ἔγνωκάς

2187 990 2276 1042 με,
2303 973 2563 1037 Φίλιππε;
2598 975 2627 1025 ό
2655 971 2915 1045 ἑωρακὼς
2953 973 3076 1042 ἐμὲ,
3108 970 3322 1042 ἑώρακε
3367 972 3462 1025 καὶ
3513 971 3603 1023 τὸν
3647 973 3759 1025 Πα-

2183 1064 2337 1134 τέρα.
2375 1065 2451 1117 Οὑ
2479 1064 2777 1128 πιστεύεις,
2807 1064 2891 1117 ὅτι
2921 1064 3031 1133 ἐγὼ
3060 1064 3119 1116 ὲν
3149 1063 3227 1134 τῷ
3270 1064 3446 1134 Ila-cpi.
3470 1064 3566 1118 καὶ
3587 1066 3615 1117 6
3642 1065 3759 1117 Ila~

2180 1155 2286 1227 τὴρ
2333 1156 2392 1209 ὲν
2440 1155 2563 1226 ὲμοί
2594 1158 2778 1219 ὲστιν;
2822 1153 2962 1223 Ἐγὼ
2989 1156 3083 1208 καὶ
3110 1155 3140 1208 6
3167 1155 3357 1225 Πατὴρ
3382 1157 3442 1207 ἒν
3473 1157 3643 1226 ἐσμεν
3675 1174 3691 1222 ;
3734 1176 3753 1208 ι

2195 1247 2334 1300 Ἀλλ’
2362 1247 2464 1300 οὑκ
2482 1247 2568 1311 ἂν,
2596 1242 2751 1315 οἶμαί
2773 1263 2900 1311 που,
2917 1246 3008 1298 τὸν
3025 1245 3368 1316 ὑφεστηκότα
3392 1243 3756 1316 καταθρήσειέ

2179 1352 2265 1397 τις
2302 1335 2360 1387 ἔν
2391 1352 2455 1403 γε
2494 1335 2573 1404 τῷ
2603 1335 2679 1405 μὴ
2709 1334 3041 1402 οφεστηκότι
3061 1350 3074 1364 ·
3109 1334 3217 1387 οὐδ’
3256 1334 3323 1387 ἂν
3359 1335 3590 1387 ἐννοοῖτό
3621 1350 3756 1386 ποτε

2181 1426 2277 1478 καὶ
2307 1425 2503 1478 ταυτὸν
2530 1426 2608 1488 εἰς
2644 1425 2792 1478 ἆπαν
2819 1423 2898 1495 τῷ
2943 1424 3017 1494 μὴ
3063 1424 3362 1494 ὑπάρχοντι
3390 1425 3450 1476 τὸ
3485 1425 3753 1494 ὑπάρχον.

2183 1517 2376 1569 Ἔσται
2405 1516 2462 1569 δὲ
2491 1517 2639 1578 ὅπως
2673 1515 2732 1568 ἐν
2762 1514 2877 1584 Υἱῷ
2909 1515 3006 1583 μὲν
3035 1517 3064 1567 ὁ
3093 1514 3304 1583 Πατὴρ,
3329 1515 3358 1566 ὁ
3387 1513 3514 1576 Υἱὸς
3538 1513 3584 1565 δ’
3603 1508 3673 1565 αὖ
3698 1515 3757 1564 ἐν

2176 1607 2253 1677 τῷ
2283 1608 2487 1677 Πατρίς
2524 1608 2593 1658 Ἢ
2627 1606 2725 1674 οὐχ
2768 1606 2986 1674 ἕτοιμον
3018 1606 3213 1672 εἰπεῖν,
3246 1605 3321 1667 ὡς
3351 1606 3401 1658 εἰ
3438 1605 3511 1675 μή
3543 1606 3690 1657 ἐστιν
3724 1605 3756 1655 6

2177 1699 2348 1766 Λόγος
2390 1699 2447 1751 ὲν
2485 1697 2717 1767 ὑπάρξει
2744 1699 2811 1767 τῇ
2842 1695 2967 1749 καθ’
2995 1695 3206 1760 ἑαυτὸν,
3246 1695 3642 1748 κινδυνεύσειεν
3686 1695 3755 1748 ἂν

2177 1791 2271 1843 καὶ
2315 1789 2476 1851 αὐτὸς
2519 1791 2548 1841 6
2597 1789 2808 1859 Πατὴρ,
2836 1787 2978 1858 ἔχων
3018 1787 3118 1857 μὲν
3162 1789 3222 1839 ἐν
3266 1787 3443 1858 ἐαυτῷ
3473 1788 3536 1840 τὸ
3560 1787 3752 1857 μηδὲν,

508 1886 734 1940 Verbum
767 1888 981 1955 propria
1007 1887 1353 1941 subsistentia
1378 1888 1706 1952 destituitur,
1734 1889 1907 1957 ipsum
1940 1903 2073 1955 quo-

2176 1881 2464 1951 νοούμενος
2488 1880 2546 1933 δὲ
2573 1879 2838 1948 ὑπάρχειν
2871 1881 2930 1931 ἐν
2963 1878 3039 1948 τῷ
3071 1878 3288 1948 μηδενίς
3320 1879 3393 1931 Τὸ
3418 1879 3527 1948 γὰρ
3561 1880 3663 1932 οὐκ
3692 1880 3752 1931 ὃν

501 1994 607 2048 que
645 1978 858 2032 Patrem
914 1980 965 2031 in
996 1980 1287 2034 discrimen
1335 1980 1627 2037 adductum
1678 1981 1765 2042 iri,
1805 1989 1859 2033 ttt
1892 1981 1982 2050 qui
2022 1982 2072 2035 id

503 2072 553 2123 in
583 2086 638 2124 se
671 2072 862 2125 habeat
887 2071 1032 2138 quod
1074 2071 1206 2127 nihil
1237 2083 1341 2135 est,
1375 2081 1536 2140 atque
1562 2074 1634 2126 ita
1661 2074 1712 2125 iu
1737 2072 1884 2126 nullo
1920 2086 2095 2141 prur-‘

501 2176 595 2215 sus
635 2175 758 2215 esse
814 2160 1182 2228 intelligatur?
1205 2161 1339 2215 Nam
1376 2165 1517 2231 quod
1552 2165 1774 2217 omnino
1809 2180 1912 2217 non
1966 2172 2066 2227 est,

502 2251 553 2303 id
589 2251 716 2304 nihil
735 2266 855 2305 esse
882 2251 1105 2319 intelligi
1133 2253 1310 2307 debet.
1338 2254 1477 2307 Sunt
1512 2269 1644 2309 sane
1676 2255 1863 2309 istlttec
1893 2257 2069 2309 omnia

499 2343 894 2411 spinosissima,
948 2345 1240 2412 multisque
1287 2356 1341 2399 et
1389 2350 1598 2414 magnis
1652 2349 2073 2402 absurditatibns

501 2432 677 2501 plena.
714 2432 912 2487 Verum
960 2434 1394 2489 adversariorum
1435 2435 1629 2505 dogma
1663 2436 1714 2489 in
1753 2438 1932 2490 omnia
1961 2440 2073 2491 btet:

500 2526 732 2578 absurda
786 2536 962 2593 urget.
1028 2523 1158 2580 Jure
1223 2542 1356 2582 sane
1414 2528 1716 2598 meritoque
1771 2529 2073 2584 admiretur

498 2618 788 2687 quispiam,
817 2635 923 2688 qua
972 2622 1184 2675 ratione
1238 2621 1400 2675 Pater
1432 2622 1612 2675 omnia
1652 2638 1772 2692 qua:
1807 2625 1860 2676 in
1892 2640 2069 2677 rerum

500 2709 599 2761 hac
634 2711 984 2765 universitate
1024 2724 1344 2779 cernuntur,
1378 2729 1473 2781 per
1501 2711 1696 2766 Filium
1738 2715 2070 2778 condiderit,

496 2797 541 2849 si
600 2797 798 2850 nullam
860 2800 948 2852 ille
1029 2817 1262 2868 unquam
1324 2802 1544 2856 sortitus
1605 2812 1689 2856 est
1743 2805 2071 2874 bypostasin.

500 2887 605 2959 14
633 2888 783 2954 Quod
815 2890 860 2943 si
889 2890 1012 2959 quis
1049 2893 1430 2960 interrogetur,
1466 2905 1641 2947 utrum
1682 2895 1750 2948 iis
1784 2909 1904 2962 qua:
1926 2906 2069 2959 sunt,

495 2995 614 3033 esse
639 2981 702 3034 sit
730 2982 948 3045 bomnn,
968 2997 1035 3035 an
1072 2981 1211 3036 forte
1239 2998 1346 3036 non
1368 2999 1508 3048 esse,
1534 2985 1716 3038 statim
1745 2985 1883 3038 haud
1916 2986 2075 3039 dubie

500 3073 845 3140 respondebit
893 3075 1066 3129 satius
1109 3089 1233 3131 esse
1259 3075 1523 3131 exsistere
1587 3092 1750 3145 quam
1795 3092 1899 3131 non
1933 3078 2076 3130 exsi-

497 3175 664 3229 stere,
683 3164 823 3218 unde
850 3165 1030 3234 opifex
1055 3166 1145 3221 ille
1182 3182 1391 3232 rerum,
1413 3169 1502 3237 qui
1531 3168 1636 3224 illis
1649 3184 1770 3238 qua:
1786 3169 2074 3240 aliquando

2176 1973 2332 2037 ὅλως,
2358 1972 2514 2025 οὐδὲν
2545 1971 2613 2024 ἂν
2639 1974 2811 2025 νοοῖτο
2844 1970 3050 2024 λοιπόν.
3084 1972 3193 2024 Καὶ
3240 1971 3340 2023 οὑκ
3372 1972 3607 2041 ἄτραχυς
3646 1970 3750 2041 μὲν

2175 2068 2203 2118 ό
2232 2065 2387 2132 λόγος
2406 2080 2418 2091 ·
2460 2062 2719 2132 πλείστην
2744 2063 2851 2132 γὰρ
2879 2063 3012 2130 ὅσην
3061 2062 3119 2114 ἐν
3168 2062 3345 2132 ἐαυτῷ
3374 2063 3473 2132 τὴν
3517 2062 3752 2116 ἀτοπίαν

2175 2163 2341 2209 νοσεῖ·
2378 2156 2723 2226 περιίστησιν
2764 2150 2856 2207 οὖν
2903 2154 3052 2224 ὅμως
3086 2156 3165 2216 εἰς
3195 2153 3254 2206 τὸ
3286 2154 3493 2224 ἀπηχὲς
3528 2154 3637 2206 τῶν
3668 2154 3752 2207 δι’

2175 2248 2421 2309 ὲναντίας
2452 2247 2516 2299 τὸ
2545 2246 2741 2315 δόγμα.
2775 2244 3159 2314 Κατατεοήποι
3191 2244 3235 2297 δ’
3265 2245 3330 2299 ἄν
3370 2262 3454 2308 τις
3498 2246 3750 2307 εἰκότως,

2175 2340 2295 2393 τίνα
2322 2337 2385 2408 δὴ
2417 2338 2616 2410 τρόπον
2664 2338 2723 2388 ἐν
2758 2335 2836 2405 τῷ
2864 2333 2976 2404 Υἱῷ
3008 2333 3085 2404 τῷ
3132 2333 3208 2405 μὴ
3240 2332 3456 2404 λαχόντι
3493 2334 3555 2387 τό
3583 2329 3749 2397 εἶναι,

2173 2431 2242 2484 τὰ
2288 2432 2417 2483 ὄντα
2464 2428 2766 2497 πεποίηκεν
2810 2428 2840 2479 ό
2889 2428 3098 2495 Πατήρ.
3145 2426 3206 2478 Εἰ
3238 2425 3296 2478 δὲ
3331 2425 3395 2497 δή
3430 2442 3513 2489 τις
3543 2425 3749 2497 ἔροιτο,

2175 2524 2379 2593 πότερα
2405 2524 2518 2584 τοῖς
2553 2516 2673 2574 οὖσι
2698 2518 2761 2572 τὸ
2790 2515 2927 2572 εἶναι
2950 2517 3133 2580 καλὸν,
3169 2516 3201 2586 ἢ
3236 2516 3369 2584 γοῦν
3404 2516 3466 2570 τὸ
3497 2516 3573 2588 μὴ
3604 2512 3753 2571 εἶναι

2173 2616 2333 2684 τυχόν
2354 2628 2371 2643 ⁶
2404 2614 2539 2683 φαίη
2583 2630 2667 2676 τις
2704 2611 2769 2665 ἂν
2803 2611 2985 2674 εὐθὺς,
3019 2611 3101 2662 ὅτι
3131 2609 3194 2660 τὸ
3229 2605 3462 2662 sivo.th
3488 2608 3595 2679 γὰρ
3632 2609 3757 2672 τοῖς

2174 2708 2274 2760 οὐκ
2318 2702 2437 2759 οὖσί
2483 2722 2612 2757 ποτε
2662 2705 2722 2758 τὸ
2767 2699 2908 2757 εἶναι
2958 2702 3103 2765 δοὺς,
3134 2700 3339 2768 ἀγαθὸς
3381 2701 3467 2754 ὅτι
3514 2700 3758 2771 μάλιστα

2176 2797 2549 2868 κεχρημάτικέ
2600 2813 2657 2849 τε
2688 2797 2783 2849 καὶ
2828 2795 2975 2847 ἐστιν
3021 2795 3050 2846 ό
3090 2793 3467 2863 Δημιουργόςο
3498 2793 3611 2864 έχοι
3641 2792 3759 2863 γὰρ

2177 2892 2242 2944 ἂν
2287 2885 2387 2945 ὧδε
2421 2891 2482 2942 τὸ
2512 2890 2702 2960 χρῆμα
2732 2893 2798 2960 τῇ
2825 2890 3005 2959 φύσει.
3036 2888 3248 2942 Οὐκοῦν
3288 2890 3347 2943 ἐν
3387 2888 3671 2958 ἀμείνοσιν
3716 2889 3757 2958 ή

2177 2981 2368 3045 κτίσις,
2398 2982 2540 3051 ἢπερ
2566 2983 2595 3033 6
2619 2980 2687 3033 δι’
2711 2975 2774 3033 οὗ
2800 2982 2870 3033 τὰ
2897 2981 3074 3034 πάντα
3108 2979 3365 3050 παρήχθη
3413 2979 3549 3050 πρὸς
3593 2980 3761 3045 γένε-

2180 3089 2260 3124 σιν
2280 3089 2292 3100 ·
2329 3075 2356 3125 ό
2389 3073 2487 3142 μὲν
2530 3070 2638 3143 γὰρ
2667 3072 2765 3141 οὑχ
2794 3071 3160 3141 ὑφεστηκέναι
3189 3071 3428 3139 λέγεται,
3459 3071 3529 3124 τὰ
3553 3070 3609 3123 δὲ
3645 3071 3757 3139 ὑφ-

2178 3164 2395 3232 έστηκε,
2436 3166 2528 3216 καὶ
2555 3165 2614 3215 ἐν
2645 3162 2721 3233 τῷ
2754 3159 2890 3216 εἶναι
2917 3163 3210 3216 νοεῖται.Ὢ
3237 3163 3338 3232 τῆς
3378 3164 3487 3216 τῶν
3530 3163 3760 3217 ἐννοιῶν

498 3270 603 3309 non
631 3266 812 3323 erant,
838 3272 961 3313 esse
985 3257 1298 3329 impertitus
1335 3270 1440 3326 est,
1470 3261 1708 3328 optimus
1748 3261 2067 3331 appellatur,

2176 3254 2403 3316 ἀτοπίας
2427 3256 2440 3308 !
2481 3257 2663 3324 ἄπαγε
2687 3232 2786 3326 τῆς
2815 3255 3159 3325 δυσφημίαςὲ
3202 3274 3219 3306 ι
3252 3254 3368 3308 Ζῶν
3395 3255 3504 3327 γὰρ
3525 3257 3555 3309 6
3575 3254 3762 3324 Λόγος

497 3357 552 3400 et
579 3358 683 3400 est.
705 3347 859 3414 Quod
898 3350 945 3404 si
991 3349 1062 3404 ita
1105 3366 1193 3407 res
1238 3352 1419 3417 habet,
1461 3360 1519 3406 ut
1580 3352 1826 3422 profecto
1884 3353 2070 3418 habet,

500 3441 874 3508 consequitur,
910 3452 969 3495 ιιι
1025 3441 1236 3498 meliori
1295 3445 1606 3499 conditione
1642 3444 1750 3499 sint
1783 3453 2071 3510 creatum,

498 3546 658 3600 qnam
701 3533 791 3588 ille
823 3534 958 3603 ipse,
986 3550 1082 3604 per
1113 3550 1277 3605 quem
1302 3536 1484 3591 omnia
1507 3516 1692 3592 creata
1721 3545 1882 3591 sunt:
1907 3551 2077 3605 quan-

501 3624 786 3691 doquidem
831 3626 877 3679 is
899 3626 1196 3682 subsistere
1225 3637 1469 3695 negatur,
1503 3628 1593 3682 illa
1623 3641 1752 3682 vero
1775 3627 2079 3683 subsistunt

505 3720 889 3785 propriamque
923 3728 1171 3774 naturam
1199 3721 1393 3775 sortita
1448 3729 1865 3790 cognoscuntur.
1900 3719 1945 3775 Ο
1969 3720 2066 3774 ab-

504 3808 695 3863 surdas
749 3811 1137 3878 cogitationes!
1175 3810 1427 3867 facessite
1455 3827 1581 3866 cum
1633 3811 1755 3866 istis
1786 3818 2071 3864 contume—

504 3897 654 3951 liosis
704 3899 950 3953 vocibus.
985 3918 1005 3951 ι
1043 3900 1239 3955 Vivum
1288 3910 1373 3956 est
1411 3902 1553 3957 enim
1601 3900 1695 3956 Dei
1734 3899 1994 3961 Verbum,
2021 3908 2075 3952 et

501 3985 709 4051 eilicax,
749 4007 767 4040 ι
796 3990 1134 4057 utseriptum
1172 4004 1255 4047 est
1278 3992 1341 4046 ‘7.
1381 3994 1562 4059 Quare
1611 4002 1667 4046 et
1715 3992 1831 4061 ipse
1857 4006 2074 4061 quoque

503 4074 762 4131 Dominus
786 4078 964 4133 aiebat
998 4096 1012 4133 :
1052 4096 1073 4131 ι
1114 4080 1226 4149 Ego
1255 4096 1372 4134 sum
1399 4083 1506 4135 vita
1536 4081 1603 4136 ⁸⁸.
1639 4100 1659 4134 ι
1700 4081 1862 4150 Atqui
1896 4081 2069 4134 sinon

502 4166 768 4231 subsistit,
808 4172 1081 4237 quomodo
1142 4172 1247 4225 vita
1290 4172 1394 4227 dici
1446 4183 1540 4226 aut
1591 4174 1818 4242 cogitari
1847 4173 2076 4241 potest?

2172 3346 2265 3400 τοῦ
2294 3346 2451 3412 Θεοῦ,
2483 3347 2576 3399 καὶ
2605 3347 2855 3418 ἐνεργὴς,
2878 3366 2897 3398 ι
2924 3347 3067 3401 καθὰ
3094 3347 3424 3419 γέγραπται.
3457 3346 3757 3419 Τοιγάρτοι

2173 3440 2266 3492 καὶ
2298 3439 2553 3508 ἔρασκεψ
2583 3458 2602 3492 ι
2625 3439 2766 3507 Ἐγώ
2794 3443 2908 3511 εἰμι
2936 3442 2969 3509 ὴ
2998 3439 3135 3511 ζωή.
3162 3458 3183 3491 ι
3206 3439 3345 3492 Ἀλλ’
3361 3439 3461 3493 οὑκ
3488 3439 3555 3493 ἂν
3575 3441 3761 3493 νοοῖτο

2174 3529 2309 3598 ζωὴ,
2353 3528 2428 3601 μὴ
2463 3528 2813 3599 ὑφεπηκώς·
2849 3528 2962 3599 ζωὴ
3008 3529 3065 3583 δέ
3104 3531 3219 3583 ἐστι
3249 3529 3393 3584 κατὰ
3415 3528 3599 3600 φύσιν·
3635 3528 3757 3583 δια-

2172 3618 2433 3688 ψεύσεται
2459 3618 2567 3689 γὰρ
2600 3617 2868 3689 οὐδαμῶς.
2901 3618 2974 3670 Τὸ
3002 3618 3110 3689 ἄρα
3146 3618 3221 3689 μὴ
3250 3619 3544 3687 ὑφεστάναι
3566 3616 3760 3685 λέγειν

2175 3710 2266 3762 τὸν
2299 3711 2364 3762 ἐκ
2396 3708 2533 3762 Θεοῦ
2564 3711 2840 3780 πεφηνότα
2867 3710 3060 3778 Λόγον,
3084 3710 3475 3781 ψευδηγόρημα
3524 3710 3756 3782 σαθρὸν,

2176 3807 2269 3860 καὶ
2314 3807 2512 3877 φρενὸς
2556 3807 2889 3875 ἀπόϐρασμα
2929 3807 3027 3876 τῆς
3072 3805 3386 3869 λιθώδουςι.
3414 3808 3605 3861 Μωσεῖ
3640 3807 3759 3876 γὰρ

2176 3898 2411 3965 ἔφασκεν
2442 3898 2601 3961 αὐτός
2626 3914 2638 3926 ·
2674 3917 2692 3949 ι
2717 3897 2858 3965 Ἐγώ
2887 3898 3005 3968 εἰμι
3029 3898 3058 3949 6
3090 3897 3185 3952 ὢν.
3211 3917 3230 3948 ι
3260 3896 3333 3950 Τὸ
3358 3897 3414 3951 δὲ
3441 3897 3501 3950 ὃν
3530 3897 3756 3968 ἀληθῶς

2177 3992 2234 4042 ἐν
2280 3987 2573 4042 ὑποστάσει
2619 3993 2685 4059 τῇ
2735 3989 2858 4043 καθ’
2911 3990 3075 4042 ἑαυτὸ
3129 3990 3463 4058 σωζόμενον,
3516 3990 3635 4052 πῶς
3681 3990 3755 4041 ἂν

2176 4080 2349 4134 νοοῖτό
2376 4098 2504 4133 ποτε
2541 4080 2614 4151 μὴ
2647 4081 2987 4151 ὑφεστηκός;
3019 4072 3229 4134 Οὐκοῦν
3254 4080 3363 4134 τῶν
3386 4082 3512 4152 τῇδε
3551 4082 3756 4153 διειλη-

2180 4172 2355 4240 φότων
2387 4171 2752 4243 καοοριοῦμεν
2786 4172 3011 4236 εἰκότως
3040 4174 3100 4225 τὸ
3124 4173 3205 4236 είς
3233 4173 3403 4244 ἄκρον
3439 4173 3672 4242 ἀμαθές.

504 4257 596 4312 Est
623 4271 801 4314 autem
831 4263 936 4315 vita
975 4276 1164 4334 suapte
1208 4276 1425 4331 natura,
1477 4266 1625 4320 nullo
1649 4267 1793 4320 enim
1835 4275 1993 4334 pacto
2035 4265 2308 4318 mentitur.
2356 4263 2507 4319 Unde
2549 4267 2858 4334 quicunque
2899 4263 3158 4331 Verbum,
3208 4267 3352 4335 quod
3388 4280 3455 4320 ex
3493 4266 3606 4321 Deo
3652 4281 3756 4320 na-

502 4360 612 4404 tutn
640 4364 744 4417 est,
769 4355 1114 4411 subsistentia
1137 4356 1394 4426 spoliant,
1432 4357 1504 4411 illi
1534 4358 1878 4412 mendacium
1946 4355 2103 4425 longe
2177 4355 2581 4424 putidissimnm
2637 4355 2911 4422 ell'utiunt,
2964 4355 3541 4425 stolidissimarumqne
3590 4371 3753 4410 nien-

502 4444 634 4496 tium
664 4446 854 4498 sordes
881 4456 1161 4501 evomunt.
1187 4446 1268 4501 Ad
1300 4445 1515 4519 Moysen
1570 4448 1716 4502 enim
1754 4448 1928 4516 ipsum
1961 4446 2071 4499 ait:
2120 4461 2139 4494 ι
2172 4443 2282 4512 Ego
2340 4459 2457 4498 sum
2515 4444 2606 4512 qui
2632 4509 2639 4515 _
2664 4460 2781 4499 sum
2817 4444 2883 4499 δ’.
2922 4462 2940 4496 ι
2974 4444 3128 4510 Quod
3168 4452 3350 4499 autem
3381 4460 3509 4499 vere
3550 4459 3652 4513 per
3688 4462 3756 4500 se

502 4547 606 4601 est,
664 4536 934 4605 quomodo
972 4538 1024 4590 id
1069 4538 1286 4608 propria
1340 4538 1692 4595 subsistentia
1751 4537 2070 4593 destitutum
2111 4535 2343 4602 contingi
2392 4531 2731 4604 'qnandoque
2754 4536 2965 4604 potest?
2991 4535 3102 4590 llos
3133 4537 3317 4606 itaque
3352 4536 3445 4606 qui
3512 4536 3586 4590 ita
3621 4552 3757 4591 sen-

504 4633 663 4696 tiunt,
697 4631 821 4700 jure
873 4646 1098 4686 summa:
1143 4633 1425 4704 cujusdam
1472 4635 1704 4688 inscitia:
1745 4632 2247 4689 condemnabimus.

570 4724 711 4780 XVI.
751 4726 857 4782 Sed
885 4741 1058 4794 neque
1083 4726 1204 4783 illos
1225 4742 1460 4797 quoque,
1489 4742 1587 4782 nos
1611 4727 1701 4798 qui
1735 4726 1919 4782 sedula
1945 4726 2069 4779 dili-

2241 4725 2356 4789 ις’.
2398 4720 2479 4774 Ui)
2511 4722 2616 4793 μὴν
2636 4723 2663 4762 δ
2694 4724 2815 4777 οὐδὲ
2839 4725 3079 4787 ἐκείνους
3111 4727 3490 4795 ἐπαινέσομεν,
3528 4724 3762 4797 φιλοθη-

502 4816 758 4887 gentique
786 4816 1203 4885 investigatione
1230 4817 1512 4871 veritatem
1560 4817 1836 4886 inquirere
1883 4814 2076 4869 didici-

503 4923 649 4972 mus,
693 4907 850 4963 facile
904 4908 1430 4973 commendabimus,
1484 4908 1577 4977 qui
1619 4923 1839 4963 carnem
1897 4904 2075 4961 Verbo

504 4999 711 5053 unitam
737 4998 917 5053 anima
941 4998 1167 5053 rationis
1193 4999 1453 5069 participe
1473 4998 1787 5053 destitutam
1804 4998 2077 5061 arbitrati,

505 5087 740 5142 Verbum
803 5101 988 5153 carne,
1019 5102 1139 5157 quae
1185 5087 1408 5142 vitalem
1462 5099 1667 5143 tantum
1717 5098 1772 5143 et
1823 5088 2077 5142 sensilem

505 5182 794 5235 motionem
822 5181 1014 5234 sortita
1048 5180 1139 5244 sit,
1174 5178 1419 5234 indutum
1471 5178 1824 5235 introducunt
1857 5198 1871 5233 :
1907 5188 2077 5233 tctam

504 5285 634 5324 vero
659 5271 855 5324 mentis
871 5278 925 5324 et
946 5269 1297 5340 intelligentis
1330 5270 1523 5324 anima:
1552 5271 1658 5324 vim
1687 5272 2075 5342 energiamque

507 5361 794 5433 Unigenito
824 5363 1160 5429 attribuunt;
1206 5363 1364 5418 fateri
1399 5364 1569 5427 enim,
1593 5365 1777 5420 nescio
1803 5363 2076 5434 quomodo

572 5519 619 5551 "
655 5515 948 5586 Joan.x1v,
983 5520 1036 5575 9.
1114 5520 1156 5550 ⁸³
1193 5518 1347 5576 Joan.
1385 5535 1440 5586 ι,
1472 5520 1557 5574 '50.

2183 4817 2296 4886 ρεῖν
2329 4809 2389 4868 εὖ
2433 4815 2577 4885 μάλα
2606 4814 2973 4885 δεδιδαγμένοι
3017 4816 3079 4869 τὸ
3121 4815 3337 4883 ἀληθὲς,
3385 4816 3434 4868 οἳ
3480 4818 3757 4885 τητᾶσθαι

2181 4909 2396 4978 λέγουσι
2456 4908 2631 4979 ψυχῆς
2692 4908 2913 4980 λογικῆς
2966 4910 3066 4982 τὴν
3117 4909 3404 4962 ένωθεῖσαν
3454 4910 3534 4979 τῷ
3591 4912 3763 4982 Λόγῳ

2185 5001 2383 5071 σάρκα.
2412 4999 2587 5068 Σαρκὶ
2635 5000 2743 5070 γάρ
2788 5009 2889 5053 που
2937 5002 3105 5071 μόνην
3150 5000 3250 5071 τὴν
3292 4999 3529 5070 ζωτικὴν
3563 5018 3626 5054 τε
3657 5006 3763 5055 καὶ

2180 5090 2503 5162 αἰσθητικὴν
2529 5090 2771 5161 λαχούσῃ
2792 5093 3005 5161 κίνησιν
3032 5094 3422 5162 ἀμφιεννύντες
3440 5092 3531 5145 τὸν
3555 5094 3763 5162 Λόγον,

2180 5183 2591 5254 παραφέρουσιν
2618 5186 2695 5245 εἰς
2727 5185 2952 5253 κόσμον,
2983 5185 3082 5252 τὴν
3119 5183 3210 5235 νοῦ
3242 5186 3338 5237 καὶ
3370 5182 3548 5253 ψυχῆς
3602 5187 3769 5257 ὲνέρ.

2180 5290 2336 5341 γειαν
2385 5273 2747 5343 ἀπονέμοντες
2796 5275 2874 5344 τῷ
2934 5276 3245 5343 Μονογενεϊ.
3294 5276 3773 5346 Καταπεφρίκασι

2180 5363 2309 5436 γὰρ,
2347 5365 2447 5417 οὑκ
2475 5361 2570 5417 οἷδ’
2602 5365 2770 5430 ὅπως,
2802 5365 3118 5438 ψυχωϐείση
3167 5366 3356 5437 λογικῇ
3382 5367 3529 5436 ψυχῇ
3560 5371 3631 5439 τῇ
3663 5371 3772 5424 ἀν-

1662 5521 1705 5550 ’⁵⁷
1751 5518 1911 5575 Hebr.
1946 5537 2018 5583 tv,
2053 5520 2139 5576 12.
2219 5520 2261 5552 ἰθ
2302 5518 2456 5575 Joan.
2490 5535 2599 5587 διν,
2630 5519 2683 5573 6.
2762 5520 2807 5551 ’⁸⁸
2848 5520 3017 5577 Exod.
3054 5539 3137 5591 tu,
3172 5522 3258 5578 Η.

1608 5676 1776 5733 Varia
1812 5677 2065 5732 lectiones
2099 5676 2301 5731 codicis
2330 5675 2684 5747 Seguieriani.

577 5795 606 5826 ⁸
642 5794 1020 5868 ἡλιθιωτάτης.
1099 5795 1127 5838 δ
1158 5795 1374 5853 οὐκοῦν.
