4044 6332
295 391 436 446 1157

1241 385 1325 437 DE
1363 383 1588 440 RECTA
1632 385 1806 450 FIDE,
1851 384 1942 438 AD
1984 383 2428 439 TllEODOSlUM
2472 384 2604 440 I.\ll’.

3408 390 3546 448 “58

299 506 549 578 θρωπίνῃ
610 512 771 575 σαρκὶ
836 516 972 558 κατὰ
1029 514 1188 572 φύσιν
1254 504 1488 573 ἡνῶσθαι
1553 504 1642 556 τὸν
1702 505 1872 570 Λόγον

1990 509 2252 567 terentur,
2278 502 2509 556 Verbum
2534 506 2682 556 carni
2719 504 2981 567 humanae,
3015 504 3190 556 anima
3219 503 3549 574 intelligente

299 600 579 668 ὁμολογεῖν
601 613 613 626 ·
654 601 749 666 τῆς
803 597 902 666 μὲν
937 595 1140 648 ἀνωθεν
1172 611 1228 646 τε
1263 596 1354 646 καὶ
1385 596 1743 664 ἀρχαιοτάτης
1780 595 1868 644 "ni-

303 708 471 752 στεως
532 693 627 759 τὴν
682 689 975 759 παράδοσιν
1030 687 1207 754 ὀλίγου
1270 687 1545 747 παντελῶς
1598 687 1870 750 ἀξιοῦντες

301 783 479 850 λόγου,
514 782 729 852 θελήσει
777 782 832 832 δὲ
884 779 1021 850 μόνῃ
1070 783 1134 848 τῇ
1171 779 1310 831 κατά
1359 781 1498 847 σφᾶς
1543 779 1738 840 αὐτοὺς
1782 778 1872 830 καὶ

302 876 412 936 τοῖς
465 872 825 942 ἀνθρωπίνοις
875 872 986 922 δεῖν
1035 871 1263 922 ἕπεσθαι
1312 869 1612 938 λογισμοῖς,
1644 869 1872 937 ἀμαθῶς

304 965 591 1034 ᾑρημένοι,
619 963 712 1016 καὶ
734 963 1053 1032 φρονοῦντες
1077 960 1290 1030 ἀληθῶς
1318 961 1447 1029 παρ’
1481 960 1508 1012 ὃ
1535 960 1616 1012 δεῖ
1636 963 1870 1031 φρονεῖν,

306 1060 414 1111 Καὶ
463 1058 546 1120 τίς
577 1059 605 1110 ὁ
649 1057 802 1124 λόγος
834 1056 1016 1117 αὐτοῖς
1050 1053 1142 1105 τοῦ
1191 1053 1394 1106 τοιοῦδε
1437 1053 1725 1121 δόγματος,
1767 1052 1876 1120 ἐγὼ

306 1152 516 1222 φράσω.
547 1151 650 1203 Τὸν
681 1148 815 1202 Θεοῦ
851 1149 1078 1218 μεσίτην
1107 1149 1201 1200 καὶ
1231 1146 1552 1219 ἀνθρώπων,
1592 1148 1730 1200 κατά
1778 1147 1875 1210 τάς

308 1243 548 1314 Γραφὰς,
583 1241 900 1310 συγκεῖσθαί
943 1257 1122 1310 φαμεν
1155 1239 1218 1292 ἔκ
1248 1256 1306 1291 τε
1339 1239 1435 1308 τῆς
1470 1239 1590 1291 καθ’
1619 1241 1765 1308 ἡμᾶς
1785 1241 1876 1292 ἀνι

308 1337 656 1408 θρωπότητος
693 1333 913 1395 τελείως
941 1333 1172 1402 ἐχούσης
1205 1331 1346 1384 κατά
1395 1331 1483 1384 τὸν
1519 1331 1648 1384 ἴδιον
1697 1332 1872 1399 λόγον,

309 1431 401 1482 καὶ
448 1433 510 1482 ἐκ
563 1427 655 1481 τοῦ
713 1426 1013 1496 πεφηνότος
1062 1426 1127 1477 ἐκ
1174 1423 1309 1476 Θεοῦ
1358 1423 1498 1476 κατά
1527 1425 1688 1491 φύσιν
1723 1423 1873 1486 Υἱοῦ,

309 1521 548 1576 τουτέστι
573 1519 668 1572 τοῦ
696 1517 1050 1587 Μονογενοῦς.
1085 1516 1549 1586 Διαϐεϐαιούμεθα
1579 1515 1634 1569 δὲ
1665 1517 1878 1570 σύνοδον

313 1615 410 1684 μέν
440 1631 577 1678 τινα,
608 1612 702 1664 καὶ
744 1610 840 1680 τὴν
888 1611 1026 1679 ὑπὲρ
1058 1608 1213 1676 λόγον
1237 1609 1561 1678 συνδρομὴν,
1586 1611 1665 1670 εὶς
1687 1609 1878 1662 ἕνωσιν

309 1709 507 1760 ἀνίσων
548 1723 608 1758 τε
642 1704 735 1757 καὶ
763 1702 1027 1772 ἀνομοίων
1056 1702 1368 1770 πεπρᾶχθαι
1407 1702 1784 1769 φύσεων.”Ενα
1824 1703 1880 1755 δ’

309 1795 401 1851 οὖν
450 1798 597 1866 ὅμως
667 1792 920 1864 Χριστὸν,
961 1793 1054 1845 καὶ
1099 1793 1301 1862 Κύριον
1341 1793 1565 1863 Ἰησοῦν,
1605 1794 1697 1845 καὶ
1755 1795 1879 1846 Υίὸν

1981 595 2215 663 perfecte
2265 603 2319 648 et
2362 595 2647 649 informate
2693 595 2986 650 secundum
3035 606 3284 649 naturam
3341 597 3546 651 unitum

1979 700 2116 739 csse.
2156 684 2375 750 Verum,
2409 687 2534 739 dum
2589 689 2660 740 ita
2715 687 3178 756 philosophantur,
3205 688 3438 757 antiqua:
3499 701 3550 742 et

1981 778 2104 830 olitn
2141 778 2350 830 tradita:
2399 779 2520 831 ﬁdei
2577 778 2838 830 rationem
2894 779 3114 833 (minino
3163 779 3461 849 negligunt,
3495 791 3550 834 et

1981 872 2272 924 voluntatis
2303 886 2412 924 suae
2437 871 2637 940 judicio
2663 870 2798 924 male
2844 887 2974 924 sano
3001 873 3089 942 (ιιι
3115 873 3254 941 quod
3287 875 3551 927 humanas

1984 971 2188 1014 tantum
2213 964 2449 1016 rationes
2484 975 2534 1017 et
2579 963 2916 1031 conjecturas
2951 965 3100 1033 sequi
3138 964 3342 1032 soleat)
3388 979 3551 1031 prave

1984 1054 2170 1117 innixi,
2204 1069 2362 1108 secus
2411 1070 2573 1122 quam
2621 1070 2806 1109 revera
2861 1065 3195 1126 oportuerat,
3242 1059 3458 1126 sapiunt
3496 1067 3552 1108 et

1983 1151 2240 1202 sentiunt.
2275 1147 2338 1200 Et
2371 1162 2641 1215 quamam,
2667 1147 2918 1212 obsecro,
2956 1147 3222 1216 dogmatis
3264 1148 3424 1217 hujus
3469 1157 3553 1201 est

1983 1240 2157 1293 ratio?
2191 1239 2394 1294 Dicam.
2452 1238 2799 1292 Mcdiatorem
2845 1240 2935 1293 Dei
2963 1251 3018 1294 et
3048 1241 3324 1294 hominum
3356 1239 3422 1305 ⁸ο,
3450 1241 3552 1294 hoc

1983 1343 2066 1387 est
2095 1334 2395 1397 Christum,
2423 1349 2489 1387 ex
2523 1333 2856 1386 humanitate
2905 1332 3145 1386 numeris
3184 1332 3435 1386 omnibus
3465 1346 3554 1385 se—

1985 1426 2216 1479 cundum
2261 1428 2532 1493 propriam
2589 1426 2851 1480 rationem
2914 1429 3148 1494 perfecta
3203 1435 3259 1479 et
3308 1424 3550 1478 absoluta

1988 1517 2324 1584 naturalique
2370 1517 2461 1570 Dei
2499 1516 2658 1580 Filio,
2704 1519 2804 1571 hoc
2845 1527 2926 1570 est
2959 1515 3265 1585 Unigenito,
3291 1517 3551 1571 constitu-

1989 1619 2123 1671 tum,
2162 1609 2460 1678 Scripturis
2494 1610 2878 1665 convenienter
2907 1611 3278 1678 praedicamus.
3307 1608 3555 1662 Allirma-

1988 1716 2106 1754 nnis
2143 1709 2325 1755 autem
2354 1711 2572 1754 naturas
2596 1701 2863 1770 dispares,
2891 1716 2954 1753 ac
2979 1700 3120 1754 inter
3158 1715 3217 1754 se
3243 1700 3551 1762 dissimiles,

1987 1795 2219 1861 quadam
2273 1793 2508 1848 coitione
2554 1804 2607 1847 et
2649 1808 2916 1847 concursu
2945 1794 3035 1862 qui
3086 1793 3264 1846 verbis
3297 1793 3555 1862 explicari

311 1888 671 1959 ὀνομάζεσθαι
728 1886 1182 1954 ἐπιγινώσκομεν,
1219 1887 1276 1936 ἐν
1334 1886 1516 1956 ταυτῷ
1562 1888 1656 1938 καὶ
1711 1888 1882 1957 ὑπάρ-

1990 1902 2092 1939 ιιοιι
2124 1895 2320 1954 potest,
2348 1886 2397 1938 in
2426 1901 2590 1939 unum
2622 1885 2963 1939 convenisse.
2990 1884 3349 1953 Agnoscimus
3378 1893 3553 1938 tamen

311 2001 492 2052 χοντα,
527 1982 620 2034 καὶ
670 1979 956 2048 νοούμενον
999 1978 1131 2030 Θεὸν
1176 1996 1235 2030 τε
1280 1977 1416 2047 ὁμοῦ
1448 1979 1540 2030 καὶ
1574 1979 1879 2049 ἄνθρωπον.

325 2075 712 2127 Ἀδιάσπαστον
750 2072 806 2124 δὲ
845 2071 1124 2132 παντελῶς
1152 2069 1251 2140 τὴν
1281 2071 1473 2124 ἕνωσιν
1497 2071 1775 2141 διατηρεῖν
1805 2074 1883 2125 εἱ-

315 2165 566 2234 θίσμεθα,
595 2164 685 2215 τὸν
714 2163 874 2215 αὑτὸν
910 2157 1048 2215 εἶναι
1082 2162 1175 2216 καὶ
1205 2163 1488 2232 Μονογενῆ
1516 2163 1884 2226 πιστεύοντες,

314 2258 408 2309 καὶ
457 2255 822 2324 πρωτότοκονο
874 2253 1149 2322 Μονογενῆ
1202 2251 1320 2321 μὲν,
1352 2252 1426 2314 ὡς
1482 2252 1616 2305 Θεοῦ
1677 2254 1888 2323 Πατρὸς

312 2350 504 2416 Λόγον,
547 2348 640 2400 καὶ
668 2348 730 2398 ὲκ
763 2345 860 2415 τῆς
889 2345 1074 2408 οὐσίας
1109 2345 1274 2397 αὑτοῦ
1316 2345 1595 2415 πεφηνότα
1618 2363 1629 2375 ο
1666 2347 1880 2416 πρωτό-

315 2460 471 2495 τοκον
507 2443 552 2493 δ’
582 2436 672 2501 αὖ,
703 2439 836 2492 καθὸ
868 2440 1092 2506 γέγονεν
1121 2437 1425 2506 ἅνθρωπος,
1462 2437 1556 2489 καὶ
1584 2439 1640 2489 ἐν
1667 2437 1882 2498 πολλοῖς

315 2533 799 2602 ἀδελφοῖς.”Ωσπερ
833 2530 942 2600 γάρ
973 2525 1052 2593 εἷς
1101 2532 1215 2582 ἐστι
1247 2528 1381 2590 Θεὸς
1409 2531 1437 2582 ὁ
1468 2528 1675 2599 Πατὴρ,
1719 2529 1779 2592 ἐξ
1821 2523 1881 2580 οῦ

315 2625 381 2678 τὰ
414 2625 588 2678 πάντα
611 2639 622 2652 ·
655 2622 798 2676 οὕτω
823 2623 916 2674 καὶ
941 2616 1021 2684 εἷς
1055 2620 1256 2690 Κύριος
1295 2619 1500 2688 Ἰησοῦς
1530 2620 1784 2689 Χριστὸς,
1811 2620 1890 2673 δι’

315 2713 375 2773 οὗ
399 2719 466 2770 τὰ
492 2717 686 2770 πάντα.
714 2715 847 2768 Θεὸν
876 2714 983 2783 γὰρ
1013 2715 1140 2766 ὄντα
1169 2713 1310 2766 κατά
1339 2711 1498 2779 φύσιν
1528 2713 1885 2778 ἐπιγινώσκο-

319 2827 418 2879 μεν
453 2809 544 2862 τὸν
584 2808 650 2860 δι’
682 2801 744 2862 οὗ
769 2807 837 2859 τά
867 2807 1064 2868 πάντα,
1095 2805 1286 2872 Λόγον,
1318 2806 1408 2858 καὶ
1442 2806 1487 2856 εἰ
1514 2804 1700 2872 γέγονε
1732 2803 1886 2874 σὰρξ,

317 2899 593 2952 τουτέστιν
618 2897 714 2952 ἄνθ
725 2913 924 2964 ρωπος.

1985 1993 2150 2031 unum
2191 1977 2291 2047 15
2321 1977 2690 2041 Christum,et
2715 1977 2997 2030 Dominum
3029 1975 3236 2041 .lesutn,
3267 1987 3321 2028 et
3355 1975 3551 2028 Filium

1985 2079 2270 2132 vocatum;
2312 2070 2507 2138 quippe
2538 2084 2658 2122 cum
2681 2069 2840 2122 simul
2869 2065 3011 2120 Deus
3035 2077 3088 2121 et
3124 2069 3285 2122 homo
3327 2068 3558 2122 exsistat

1988 2163 2260 2232 mentique
2308 2179 2367 2218 se
2422 2163 2636 2217 ollcrat.
2665 2161 2878 2216 Etenim
2921 2163 3050 2216 unio
3105 2163 3190 2217 illa
3238 2174 3555 2217 naturarum

1989 2272 2158 2324 usque
2215 2259 2349 2310 adeo
2402 2257 2676 2311 individua
2739 2258 3113 2326 indivulsaque
3163 2267 3248 2312 est
3289 2268 3347 2311 nt
3393 2274 3557 2312 tmum

1990 2346 2346 2414 cumdemque
2407 2347 2743 2416 unigenitum
2803 2350 2964 2403 simul
3025 2360 3080 2403 et
3142 2349 3556 2418 primogenitum

1991 2437 2312 2489 credamus:
2348 2437 2681 2505 unigenitum
2717 2439 2955 2506 quidem,
2981 2448 3234 2508 tanquam
3270 2440 3358 2492 Dei
3386 2438 3559 2492 Patris

1992 2527 2250 2589 Verbum,
2277 2543 2338 2579 ex
2368 2528 2510 2582 illius
2535 2529 2838 2583 substantia
2882 2543 3064 2583 natum
3089 2549 3102 2596 ;
3137 2531 3555 2599 primogenitum

1988 2635 2136 2685 vero,
2172 2630 2436 2687 quatenus
2482 2621 2622 2674 inter
2657 2621 2851 2676 inultos
2879 2623 3076 2676 fratres
3125 2625 3283 2676 homo
3312 2623 3557 2677 exstitit:

1989 2711 2420 2778 quandoquidem
2469 2723 2525 2763 ut.
2582 2728 2719 2766 unus
2778 2723 2862 2766 est
2915 2713 3057 2768 Deus
3109 2712 3291 2777 Pater,
3336 2728 3398 2767 ex
3455 2729 3563 2781 quo

1987 2801 2200 2866 omnia;
2235 2803 2303 2855 ita
2345 2818 2484 2856 unus
2513 2817 2728 2872 quoque
2761 2815 2847 2858 est
2888 2804 3146 2858 Dominus
3198 2805 3357 2859 Jesus
3409 2805 3564 2858 Chri-

1989 2903 2121 2954 stus,
2153 2908 2249 2962 per
2296 2908 2454 2962 quem
2507 2895 2686 2948 omnia
2711 2896 2776 2948 ".
2812 2895 2945 2949 Nam
3003 2895 3236 2949 Verbum
3284 2897 3436 2959 illud,
3470 2911 3564 2964 per

313 2991 457 3060 quod
501 2989 678 3043 omnia
727 2992 1050 3051 consistunt,
1084 2986 1379 3040 secundum
1423 2993 1668 3038 naturam
1711 2986 1874 3038 Deum
1916 2997 2036 3037 esse
2057 2985 2330 3050 novimus,
2361 2987 2572 3041 etiamsi
2613 3001 2762 3052 caro,
2834 2987 2936 3040 hoc
2990 2998 3072 3041 est
3144 2989 3306 3042 homo
3363 2989 3563 3042 factum

318 3093 422 3138 est.

388 3174 486 3232 lZ'.
541 3175 678 3228 Ἀλλ’
711 3174 826 3228 οὔτι
855 3191 956 3225 που
985 3172 1187 3242 σφόδρα
1217 3175 1331 3234 ταῖς
1359 3172 1416 3223 ὲν
1441 3173 1570 3240 ἡμῖν
1601 3171 1726 3238 περὶ
1763 3169 1882 3221 τού-

2059 3168 2220 3222 XVII.
2273 3169 2563 3233 C:cterum,
2591 3185 2777 3224 eorum
2830 3171 2971 3225 dicta
3019 3187 3141 3225 cum
3210 3174 3410 3227 nostris
3460 3188 3564 3227 non

318 3289 410 3324 του
457 3269 640 3335 δόξαις
685 3271 754 3321 τὰ
800 3267 1025 3319 ἐκείνων
1079 3265 1578 3335 συμφέρεται.Ἒνα
1629 3264 1728 3334 μὲν
1781 3263 1887 3332 γὰρ

319 3360 764 3432 ὁμολογουμένως
833 3358 1228 3428 παραδέχονται
1292 3358 1387 3409 καὶ
1447 3357 1602 3408 αὐτοὶ

321 3455 574 3526 Χριστὸν,
605 3451 984 3522 παρωθοῦνται
1017 3451 1073 3502 δὲ
1103 3451 1242 3511 λίαν,
1275 3450 1348 3510 ὼς
1378 3448 1630 3510 δυσσεϐὲς
1657 3449 1737 3500 ὅτι
1784 3448 1888 3516 μά-

322 3549 495 3608 λιστα,
528 3544 872 3613 καταδιιστᾷν
915 3543 994 3604 εἰς
1037 3541 1131 3594 δύο
1176 3541 1266 3593 τὸν
1301 3540 1664 3610 Ἐμμανουήλ.
1699 3541 1890 3610 Ψυχῆς

322 3637 366 3692 δ’
392 3632 486 3691 οὖν
513 3637 660 3705 ὅμως
688 3633 789 3703 τῆς
818 3633 1165 3704 ἀνθρωπίνης
1210 3632 1305 3684 καὶ
1333 3631 1553 3701 λογικῆς
1583 3632 1683 3702 τὴν
1714 3632 1890 3701 σάρκα

325 3726 658 3796 χωρίσαντες
702 3723 795 3776 καὶ⁸
836 3722 1240 3790 γυμνώσαντες,
1277 3721 1516 3791 ἡνῶσθαί
1556 3739 1719 3789 φασιν
1753 3723 1888 3793 αὐτῇ

323 3821 413 3873 τὸν
441 3821 504 3871 ἐκ
533 3816 668 3871 Θεοῦ
698 3816 895 3884 Λόγονο
924 3814 1213 3884 ἐξεύρηται
1237 3814 1295 3866 δέ
1327 3831 1408 3876 τις
1445 3814 1625 3876 αὐτοῖς
1673 3815 1766 3866 καὶ
1807 3833 1894 3868 πι-

326 3907 502 3973 θανὸς,
547 3907 621 3968 ὡς
666 3904 892 3967 οἴονται,
931 3903 1064 3974 πρὸς
1098 3903 1256 3956 τοῦτο
1295 3903 1471 3970 λόγος.
1508 3903 1587 3956 Τὰ
1633 3903 1740 3973 γάρ
1787 3919 1890 3968 τοι,

325 4003 490 4070 φασὶ,
534 3999 674 4053 κατά
728 3997 978 4052 σύνθεσιν
1027 3997 1164 4067 πρὸς
1213 3997 1329 4059 ἑνὸς
1375 3996 1582 4049 τελείου
1637 3998 1892 4050 σύστασιν

327 4091 837 4161 συνδεδραμηκότα,
875 4089 1018 4160 μέρη
1044 4106 1102 4141 τε
1142 4099 1165 4126 ο
1195 4088 1289 4142 καὶ
1315 4087 1374 4152 ἐξ
1416 4089 1620 4141 ἀτελῶν
1665 4088 1893 4158 ὁρᾶσθαι

327 4183 494 4254 φιλεῖο
523 4181 616 4235 τοῦ
653 4182 875 4244 τελείως
923 4182 1137 4251 ἔχοντος
1185 4179 1307 4234 καθ’
1337 4179 1530 4241 ἑαυτὸ,
1567 4181 1662 4233 καὶ
1711 4180 1785 4244 ὡς
1837 4181 1894 4231 ὲν

331 4275 436 4346 ἰοίᾳ
468 4273 650 4343 φύσει,
687 4275 786 4344 τῆς
823 4275 889 4325 ὲκ
919 4271 1099 4341 μερῶν
1128 4271 1428 4334 συνθέσεως
1461 4270 1522 4323 οὐ
1550 4270 1890 4340 δεδεημὲνου.

1684 3354 1888 3424 Ἰησοῦν

331 4366 641 4436 Τοιγάρτοι,
681 4363 833 4431 φασὶ,
898 4361 1257 4431 παραιτητέον
1322 4359 1564 4424 εἰκότως,
1611 4359 1894 4427 ἄνθρωπον
1929 4391 1972 4446 D

327 4455 509 4510 δοῦναι
542 4454 767 4516 τέλειον,
797 4453 889 4505 τὸν
920 4451 1283 4505 συνενωθέντα
1314 4451 1395 4520 τῷ
1427 4452 1584 4521 Λόγῳ
1627 4450 1775 4516 ναὸν,
1808 4450 1897 4503 ἶνα

329 4549 421 4602 καὶ
454 4549 486 4616 ὴ
521 4545 777 4610 ἓνωσιςά,
811 4546 955 4615 ἥπερ
987 4545 1052 4598 ἂν
1097 4546 1191 4597 ἐπὶ
1224 4543 1446 4614 Χριστῷ
1492 4545 1665 4596 νοοῖτο
1710 4541 1895 4612 τυχὸν,

329 4638 532 4710 ἀκριϐῆ
561 4655 621 4690 τε
672 4636 767 4690 καὶ
800 4635 1118 4706 ἀδιάϐλητον
1167 4635 1258 4689 τὸν
1313 4635 1400 4686 ἐπ’
1427 4635 1594 4704 αὐτῆς
1623 4633 1898 4697 ἀποσώζοι

327 4730 503 4798 λόγον.
545 4729 654 4783 Καὶ
707 4728 815 4798 μὴν
859 4729 1078 4782 κάκεῖνο
1129 4727 1414 4799 προσθεῖεν
1458 4726 1546 4788 ἂν,
1575 4724 1763 4796 ὥσπερ
1804 4720 1898 4778 οῦν

325 4823 562 4893 ἡγοῦμαι
589 4833 634 4887 θ,
659 4819 839 4874 πάλιν.
869 4819 930 4872 El
956 4819 1064 4889 γὰρ
1094 4817 1153 4882 te
1181 4817 1471 4887 ἀνθρώπου
1492 4816 1718 4880 τελείου,
1737 4817 1895 4885 φασὶ,

327 4913 420 4966 καὶ¹
448 4912 541 4964 τοῦ
577 4911 641 4964 ἐκ
670 4909 764 4964 τοῦ
797 4909 1007 4979 Πατρὸς
1044 4909 1194 4972 ὄντος
1221 4908 1396 4976 Λόγου
1425 4909 1670 4978 φήσομεν
1695 4907 1713 4945 ί
1753 4903 1891 4959 εἶναι

322 5005 414 5058 τὸν
448 5002 815 5074 Ἐμμανουήλ,
848 5002 909 5054 οὐ
973 5001 1145 5071 βραχὺ
1202 5000 1262 5052 τὸ
1318 4998 1511 5068 δεῖμα,
1573 4999 1771 5068 μᾶλλον
1833 4998 1890 5050 δὲ

322 5095 653 5164 ἀδιάφυκτον
719 5093 818 5164 ἤδη
858 5109 973 5153 πως
1037 5092 1390 5159 ἀναφανεῖται
1450 5088 1656 5151 λοιπὸν,
1688 5089 1749 5140 τὸ
1795 5088 1888 5140 καὶ

322 5184 636 5256 ἀϐουλήτως
682 5183 792 5236 δεῖν
838 5181 932 5234 δύο
977 5182 1074 5250 μὲν
1104 5181 1272 5244 υἱοὺς,
1319 5181 1587 5248 Χριστοὺς
1629 5174 1763 5233 δἀῦ
1798 5178 1891 5230 δύο

324 5278 540 5346 φρονεῖν
581 5292 642 5328 τε
689 5275 784 5328 καὶ
834 5274 1032 5342 λέγειν.
1064 5268 1197 5326 Εἶτα
1228 5273 1282 5325 τί
1307 5271 1516 5334 τούτοις
1559 5270 1890 5341 ἀντεροῦμεν

323 5369 511 5437 ήμεῖςς
562 5365 786 5436 Πρῶτον
816 5367 935 5436 μὲν,
964 5365 1043 5419 ὅτι
1071 5363 1170 5434 τῆς
1204 5365 1437 5426 πίστεως
1464 5363 1564 5434 τὴν
1587 5361 1758 5426 οὕτως
1787 5363 1888 5433 ἀρ-

392 5526 436 5556 “
479 5525 496 5578 l
528 5526 666 5580 Titii.
699 5541 760 5588 ιι,
919 5524 962 5554 ⁵⁸
1006 5522 1172 5577 ICor.
1204 5537 1320 5587 vut,
1353 5521 1408 5577 6.

1996 3262 2130 3316 satis
2162 3270 2482 3330 congruunt.
2530 3261 2659 3316 Nam
2709 3271 2763 3316 et
2801 3263 2898 3332 ipsi
2926 3279 3140 3334 quoque
3177 3281 3341 3318 unum
3393 3266 3564 3320 solum

1996 3355 2267 3409 Christum
2333 3366 2518 3424 aperte
2584 3358 2940 3420 constituunt,
3001 3367 3053 3410 et
3112 3372 3276 3410 unum
3353 3357 3567 3411 Emma-

1999 3446 2209 3501 nuelem
2258 3447 2309 3501 in
2364 3448 2499 3501 duos
2552 3446 2830 3511 divellere,
2883 3457 3135 3516 tanquam
3183 3464 3294 3502 rem
3355 3465 3565 3502 summa

1998 3553 2118 3592 cum
2162 3538 2440 3607 impietate
2481 3538 2846 3606 coniunctam,
2888 3545 3235 3608 summopere
3277 3554 3567 3593 exsecran-

2001 3638 2089 3683 tur
2122 3648 2136 3684 :
2167 3630 2262 3684 sed
2295 3628 2532 3684 Verbum
2586 3631 2800 3684 interim
2831 3632 3006 3693 carni,
3040 3646 3158 3699 quas
3185 3631 3442 3696 humana,
3465 3635 3568 3687 hoc

2000 3735 2100 3787 est,
2129 3725 2338 3777 ratione
2371 3723 2592 3791 praedita
2645 3724 2822 3776 anima
2873 3734 3035 3776 exuta
3086 3724 3449 3792 destitutaque
3475 3725 3566 3786 sit,

2002 3815 2208 3868 unitum
2237 3815 2562 3883 pradicant;
2593 3825 2644 3868 et
2675 3831 2772 3868 cur
2814 3816 2952 3868 istud
2999 3815 3290 3884 praedicare
3313 3816 3566 3880 debeant,

2003 3904 2262 3958 rationem
2297 3904 2584 3958 admodum
2611 3903 2947 3972 plausibilem
2979 3907 3309 3975 comperisse
3327 3921 3385 3960 se
3411 3915 3570 3960 autn-

2003 4006 2170 4049 mant.
2202 3995 2368 4048 Aiunt
2395 3995 2701 4063 enim,qu:n
2733 3997 2798 4049 ad
2847 3997 3006 4049 unius
3048 3995 3271 4065 perfecti
3309 4000 3571 4051 constitu-

2003 4086 2204 4140 tionem
2249 4099 2346 4150 pcr
2393 4085 2838 4153 compositionem
2895 4096 3250 4146 concurrunt,
3281 4101 3343 4139 ea
3392 4097 3571 4155 partes

2001 4191 2121 4231 esse
2138 4189 2190 4232 et
2213 4179 2650 4248 iinpert‘ectorum
2678 4183 2937 4234 rationem
2972 4180 3218 4236 obtinere
3241 4196 3254 4244 ;
3283 4197 3405 4234 nam
3429 4181 3570 4249 quod

2001 4269 2299 4336 perfectum
2331 4281 2415 4324 est
2440 4286 2534 4340 per
2572 4287 2649 4336 se,
2681 4280 2842 4340 atque
2869 4281 2926 4324 ut
2978 4271 3030 4324 in
3087 4272 3299 4340 prepria
3356 4282 3568 4336 natura,

2003 4375 2107 4413 non
2150 4375 2284 4428 opus
2344 4362 2524 4424 habet,
2562 4372 2621 4415 ut
2675 4362 2742 4414 ad
2792 4361 3070 4428 partialem
3125 4360 3569 4427 compositionem

1945 4518 1948 4520 γ
1999 4451 2180 4506 Veniat
2209 4470 2224 4506 :
2257 4460 2420 4520 atque
2445 4453 2566 4506 ideo
2589 4452 2889 4506 cavendum
2917 4467 3040 4505 esse
3090 4452 3280 4504 sedulo
3331 4467 3398 4505 ne
3437 4460 3572 4504 tem-

1997 4544 2167 4614 plum,
2195 4546 2340 4612 quod
2373 4543 2550 4600 Verbo
2577 4546 2791 4598 unitum
2826 4555 2930 4608 est,
2967 4543 3266 4613 perfectum
3297 4544 3569 4596 hominem

1998 4637 2271 4691 exstitisse
2319 4639 2697 4703 concedentes,
2719 4647 2967 4691 exactam
3024 4638 3168 4690 illam
3216 4638 3376 4690 unius
3404 4640 3572 4692 ratio-

1996 4741 2140 4791 nem,
2169 4742 2290 4795 quae
2329 4729 2381 4782 in
2404 4729 2622 4784 Christo
2669 4730 2931 4782 accidisse
2977 4729 3334 4795 dignoscitur,
3363 4731 3570 4782 meritae

1996 4817 2277 4872 calumnia:
2323 4833 2679 4888 exponamus.
2713 4820 2850 4885 Quin
2907 4829 2961 4872 et
3012 4820 3139 4873 illud
3191 4835 3406 4888 quoque
3467 4821 3572 4873 huc

2002 4908 2308 4978 adjecturos
2339 4911 2616 4976 suspicor;
2657 4923 2869 4977 nempe,
2896 4909 2939 4962 si
2969 4924 3032 4963 ex
3064 4910 3279 4964 homine
3311 4911 3570 4978 perfecto,

2001 5009 2056 5054 et
2079 4999 2171 5054 Dei
2203 5000 2382 5054 Patris
2416 5000 2588 5054 Verbo
2647 5001 3054 5055 Emmanuelem
3106 5001 3378 5056 coaluisse
3423 5002 3572 5055 dica-

1994 5106 2136 5154 mus,
2171 5091 2223 5144 in
2255 5091 2384 5144 illud
2417 5107 2513 5145 nos
2559 5101 2610 5146 et
2657 5109 2931 5162 magnum,
2965 5105 3012 5148 et
3051 5095 3208 5162 plane
3261 5095 3574 5149 inevitabile

1991 5180 2288 5249 periculum
2315 5189 2572 5235 venturos
2603 5197 2742 5244 csse,
2765 5193 2824 5236 ut
2855 5184 2935 5236 vel
2970 5185 3120 5237 inviti
3145 5186 3277 5239 duos
3300 5185 3569 5249 Christos,

1991 5283 2045 5326 et
2077 5273 2212 5327 duos
2265 5273 2448 5326 itidem
2493 5273 2630 5329 ﬁlios
2685 5285 2870 5329 tenere
2915 5287 2968 5330 et
3018 5277 3258 5346 proﬁteri
3291 5292 3568 5346 cogamur.

1969 5362 2156 5429 'Cedo,
2188 5365 2316 5433 quid
2376 5381 2474 5420 nos
2532 5367 2597 5419 ad
2657 5368 2768 5422 lnec
2816 5369 3573 5438 respondebimus?Apprime

1410 5663 1581 5721 Varia:
1611 5665 1870 5721 lectiones
1900 5666 2104 5721 codicis
2143 5666 2503 5735 Seguieriani.

396 5813 417 5842 ε
461 5803 599 5874 μέρη
627 5803 682 5856 τέ
711 5804 834 5855 εισι.
911 5802 936 5840 ἀ
976 5801 1240 5865 σύνθεσις.
1325 5813 1346 5841 ε
1389 5795 1631 5871 ἐγῷμαι.

1717 5802 1735 5840 ί
1770 5803 2090 5873 συντίθεμεν
2121 5803 2213 5856 τὸν
2255 5803 2622 5873 Ἐμμανουήλ.
