4044 6332
555 312 697 369 1λ59

1526 302 1587 359 S.
1622 303 1897 359 CYRILLI
1931 301 2400 358 ALEXAND‘RINI
2441 303 2761 360 ARCHIEP.

3674 314 3811 369 "60

557 427 837 495 indignum
870 436 993 477 esse
1053 435 1151 474 nos
1176 418 1609 487 antiquissimam
1644 418 1765 473 ﬁdei
1794 419 2138 473 traditionem

2244 421 2557 490 χαιοτάτην,
2583 422 2679 473 καὶ
2717 419 2775 485 ἐξ
2805 421 2983 475 αὐτῶν
3017 421 3126 473 τῶν
3166 423 3335 489 ἁγίων
3382 425 3695 480 ἀποστόλων
3734 429 3810 481 δι-

554 522 649 591 (ut
705 534 827 587 qtae
865 516 933 569 ab
964 516 1094 583 ipsis
1145 512 1352 566 sanctis
1381 513 1638 580 apostolis
1674 513 1913 580 profecta
1940 514 2005 565 ad
2040 529 2139 566 nos

555 626 727 681 usque
747 608 1029 677 pervenit)
1054 615 1273 677 prOpter
1297 604 1543 657 curiosas
1581 604 1839 671 quasdam
1866 618 1928 656 ac
1950 619 2140 671 super-

556 715 827 757 vacaneas
872 699 1116 754 rationes
1161 711 1225 750 ac
1275 695 1695 764 disceptationes
1745 695 2018 760 deserere,
2059 697 2138 750 vel

559 794 743 848 nimiis
769 790 1211 861 inquisitionibus
1245 790 1492 841 humanm
1519 787 1714 841 mentis
1740 798 1955 857 captum
1981 803 2140 843 exce-

557 886 740 939 dentia
766 882 1074 953 subjicere;
1109 879 1217 949 16
1241 877 1323 931 vel
1354 878 1404 931 iu
1436 877 1667 930 medium
1715 879 1937 932 exsilire
1972 878 2136 931 veluti

554 977 787 1049 indices,
818 984 879 1029 ut
909 984 1096 1028 nostro
1135 987 1320 1035 sensu,
1355 980 1661 1037 contempto
1691 971 1951 1039 periculo,
1985 972 2141 1039 quid-

557 1072 643 1125 vis
678 1069 985 1130 metientes,
1012 1065 1259 1119 dicamus
1289 1080 1303 1115 :
1334 1060 1443 1115 lloc
1489 1072 1633 1114 recte
1685 1078 1741 1115 se
1796 1064 1976 1125 habet,
2010 1063 2139 1116 illud

559 1174 690 1212 vero
722 1171 898 1211 secus.
918 1154 1131 1220 Quanto
1174 1152 1367 1213 satius,
1403 1162 1713 1219 quantoque
1762 1151 1946 1205 utilius
1980 1152 2138 1214 foret,

559 1249 960 1320 sapientissimo
980 1246 1089 1300 Deo
1121 1244 1470 1299 consiliorum
1517 1258 1737 1296 suorum
1788 1243 2025 1296 rationes
2052 1245 2136 1295 in-

562 1353 711 1411 tegre
738 1341 1073 1410 permittere,
1108 1348 1164 1391 et
1188 1351 1251 1391 ea
1286 1351 1404 1404 qua:
1447 1336 1546 1405 ipsi
1577 1336 1958 1406 probatissima
1992 1346 2138 1400 sunt,

562 1436 726 1505 impie
747 1450 851 1488 non
874 1433 1290 1503 reprehendere,
1326 1432 1621 1498 praesertim
1643 1446 1764 1483 eum
1793 1430 1937 1483 illum
1955 1441 2142 1499 aperte

558 1526 854 1589 dicentem,
874 1535 929 1579 et
976 1524 1133 1593 quasi
1167 1526 1600 1592 expostulantem
1637 1524 1955 1575 audiamus:
1981 1542 1998 1573 ι
2026 1521 2139 1576 Non

559 1628 687 1672 sunt
719 1617 942 1671 consilia
976 1630 1094 1669 mea
1124 1615 1255 1668 sicut
1279 1615 1500 1667 consilia
1538 1625 1737 1677 vestra,
1767 1630 1863 1667 nec
1888 1615 1985 1667 vim
2011 1628 2142 1667 meae

560 1719 623 1764 ut
646 1711 748 1764 via:
784 1719 1013 1763 vestra}:
1042 1707 1135 1761 sed
1190 1708 1334 1759 sicut
1374 1708 1539 1760 distat
1588 1706 1784 1759 cmlutn
1816 1722 1846 1758 a
1875 1717 2040 1769 terra,
2067 1710 2137 1759 ita

560 1805 663 1857 via:
685 1817 818 1857 meze
838 1818 867 1856 a
897 1803 998 1856 viis
1038 1802 1257 1865 vestris,
1280 1810 1337 1855 et
1378 1800 1733 1869 cogitationes
1766 1815 1897 1854 mea:
1928 1816 1956 1853 a
1987 1801 2138 1871 cegi—
2174 1775 2215 1831 Β

562 1895 857 1949 tationibus
888 1895 1081 1948 vestris
1100 1894 1167 1946 ⁶¹.
1199 1911 1218 1944 ι

633 1986 822 2041 XVlll.
857 1986 1037 2052 Quare
1076 1986 1203 2040 licet
1238 1982 1519 2052 templum,
1554 1982 1694 2051 quod
1722 1980 1902 2038 Verbo
1928 1984 2137 2037 unitum

561 2090 668 2145 est,
708 2080 885 2133 anima
917 2078 1152 2132 humana
1182 2078 1480 2146 perlectum
1509 2086 1563 2129 et
1609 2076 1958 2129 informatum
1986 2085 2141 2128 certo

560 2175 872 2235 credamus,
913 2186 1018 2223 non
1071 2170 1206 2224 duos
1259 2180 1437 2223 tamen
1494 2168 1636 2221 ﬁlios
1695 2169 2007 2229 adoramus,
2041 2180 2140 2219 nec

559 2267 699 2321 duos
729 2264 978 2319 Christos
1007 2264 1373 2332 agnoscimus.
1399 2260 1471 2315 Ut
1503 2261 1647 2314 enim
1680 2260 1892 2311 tametsi
1925 2258 2141 2311 Emma-

564 2358 775 2411 uuelem
832 2371 896 2409 ex
953 2354 1068 2409 sola
1122 2368 1289 2406 carne
1323 2361 1378 2404 et
1416 2351 1506 2404 Dei
1555 2351 1729 2403 l’atris
1765 2346 2138 2412 Verbo,juxta

562 2450 879 2516 opinionem
943 2461 1104 2513 quant
1161 2444 1236 2497 illi
1294 2443 1746 2512 complectuntur,
1776 2438 2137 2507 compositum

564 2546 831 2599 statuant,
892 2534 1037 2587 nulla
1069 2534 1243 2586 adhuc
1278 2542 1457 2585 tamen
1508 2531 1717 2583 ratione
1751 2530 1853 2581 huc
1891 2529 1965 2581 illi
1999 2526 2140 2595 adigi

563 2640 625 2680 se
664 2632 997 2694 paterentur,
1044 2632 1098 2674 ut
1121 2636 1285 2675 carne
1320 2635 1590 2677 seorsum,
1615 2628 1669 2671 et
1704 2618 1990 2685 Uuigenito
2017 2632 2139 2668 rur-

563 2730 681 2768 sum
713 2730 956 2767 seorsum
1012 2712 1209 2781 posito,
1254 2713 1389 2764 duo»
1427 2710 1672 2763 Clitistos
1721 2707 2136 2775 proﬁterentur;

565 2810 640 2861 ita
670 2822 767 2861 uos
818 2820 1048 2873 quoque,
1080 2804 1330 2872 quamvis
1384 2800 1478 2854 Dei
1522 2799 1777 2861 Verbum,
1814 2800 2137 2853 humanitati

567 2911 765 2955 nostra:
799 2899 1090 2952 secundum
1117 2896 1347 2965 propria:
1380 2905 1585 2947 nutum:
1620 2894 1884 2947 rationem
1916 2892 2139 2947 onmiuo

565 2992 803 3062 perfecte
856 2992 1090 3051 unitum,
1134 2986 1498 3055 iturlfahilique
1566 3001 1629 3039 ac
1690 2985 2141 3053 iucompreheuso

2241 515 2481 581 ήκουσαν
2508 513 2587 574 είς
2618 514 2763 579 ἡμᾶς
2795 513 3112 582 παράδοσιν,
3146 515 3207 565 οὐ
3249 517 3369 577 ταῖς
3401 517 3808 589 ὐπερμέτροιςε

2237 603 2546 673 ἀκριϐείαις
2567 604 2853 656 καταλύειν
2873 606 2896 642 ιι
2921 604 3092 669 ἄξιον,
3119 604 3241 657 οὐτε
3270 607 3375 677 μὴν
3396 613 3516 672 ταῖς
3546 612 3623 673 είς
3645 613 3811 681 ἄκρον

2239 693 2489 763 ἐρεύναις
2534 692 2828 764 ὑποφέρειν
2870 695 2942 747 τὰ
3009 696 3149 764 ὑπὲρ
3196 697 3339 761 νοῦν,
3368 699 3483 751 ἀλλ’
3507 700 3626 752 οὐδὲ
3658 702 3812 770 ἣκειν

2237 786 2318 847 εἰς
2366 786 2530 855 μέσον
2578 783 2774 856 οἷάπερ
2798 788 2951 850 τινας
2990 789 3244 858 ὁριστὰς,
3291 790 3384 842 καί¹
3432 790 3813 861 ῥιψοκινδύνως

2239 878 2529 946 λέγοντας,
2576 879 2650 942 ῶς
2694 880 2764 932 ’τὸ
2808 881 2955 934 δεῖνα
3002 880 3102 951 μὲν
3149 881 3348 951 ὀρθῶς,
3378 882 3438 934 τὸ
3473 883 3618 936 δεῖνα
3668 884 3713 935 δ’
3748 880 3812 937 αὗ

2238 970 2444 1041 ἑτέρως
2473 971 2637 1041 ἔχειν.
2657 973 2854 1042 Ἐχρῆν
2888 972 3085 1042 δήπου.
3109 973 3205 1025 καὶ
3231 969 3298 1043 ἦν
3326 974 3543 1043 ἄμεινον
3578 975 3809 1045 ἀληθῶς,

2237 1063 2535 1133 ἀπονέμειν
2572 1064 2775 1134 μᾶλλον
2828 1065 2907 1136 τῷ
2937 1066 3197 1135 πανσόφῳ
3224 1066 3343 1135 Θεῷ
3380 1067 3489 1119 τῶν
3525 1068 3671 1120 ἰδίων
3702 1068 3812 1121 δια-

2241 1157 2485 1225 σκέψεων
2531 1159 2631 1228 τὴν
2681 1160 2820 1223 ὁδὸν,
2856 1161 2952 1212 καὶ
2984 1160 3057 1230 μὴ
3086 1165 3197 1223 τοῖς
3234 1157 3291 1213 εὖ
3330 1160 3472 1231 ἔχειν
3502 1162 3636 1232 παρ’
3665 1163 3809 1231 αὐτῷ

2237 1248 2739 1319 δεδοκιμασμένοις,
2808 1251 3038 1315 ἀνοσίως
3099 1254 3384 1323 ἐπιτιμᾷν.
3441 1254 3808 1324 ’Λκουσόμεθα

2238 1339 2348 1410 γὰρ
2377 1340 2625 1407 λέγοντος
2656 1342 2901 1411 ἐναργῶς
2920 1358 2933 1370 ’
2968 1362 2986 1393 ‹
3015 1344 3088 1394 Οὐ
3116 1344 3224 1413 γάρ
3249 1346 3387 1396 εἰσιν
3420 1347 3473 1398 αί
3500 1345 3685 1414 βουλαί
3714 1364 3809 1415 μου

2238 1432 2427 1502 ὥσπερ
2460 1433 2516 1485 αἱ
2549 1432 2735 1502 βουλαὶ
2761 1433 2936 1503 ὐμῶν,
2966 1434 3089 1486 οὐδὲ
3129 1435 3318 1506 ῶσπερ
3350 1437 3404 1489 αί
3435 1438 3541 1490 ὁδοὶ
3572 1438 3729 1505 ὑμῶν
3758 1440 3806 1490 αί

2238 1521 2346 1573 όδοί
2381 1539 2481 1591 μου
2502 1536 2515 1548 ·
2570 1522 2686 1575 ἀλλ’
2713 1522 2789 1585 ὡς
2818 1524 3010 1591 ἀπέχει
3054 1525 3081 1574 ὁ
3115 1524 3342 1595 οὐρανὸς
3390 1526 3496 1578 ἀπὸ
3536 1527 3638 1596 τῆς
3668 1527 3768 1595 γῆς
3793 1568 3806 1588 .

2239 1613 2411 1676 οὕτως
2438 1614 2631 1683 ἀπέχει
2663 1617 2696 1684 ἡ
2727 1617 2843 1679 ὁδός
2878 1634 2979 1685 μου
3008 1616 3115 1670 ἀπὸ
3142 1618 3252 1670 τῶν
3269 1618 3402 1671 ὁδῶν
3432 1620 3606 1689 ὑμῶν,
3630 1621 3723 1673 καὶ
3746 1621 3807 1673 τὰ

2239 1702 2577 1773 διανοήματα
2612 1705 2765 1773 ὐμῶν
2797 1705 2903 1758 ἀπὸ
2937 1706 3034 1776 τῆς
3061 1708 3299 1772 διανοίας
3336 1727 3457 1780 μου.
3491 1730 3508 1759 ι

2311 1976 2419 2028 lll'.
2464 1975 2627 2038 Υίοὺς
2684 1975 2742 2028 δὲ
2766 1974 2884 2029 οὐτι
2920 1994 3023 2029 που
3059 1976 3151 2030 δύο
3188 1980 3660 2048 προσκυνήσομεν,
3686 1980 3801 2033 ἀλλ’

2240 2068 2359 2121 οὐδὲ
2392 2070 2661 2139 Χριστοῦς
2689 2070 2920 2139 ἐροῦμεν
2939 2067 3051 2132 δύο,
3072 2069 3178 2122 κᾶν
3202 2069 3513 2139 ὲψυχῶσθαι
3545 2071 3800 2124 πιστεύω-

2244 2177 2342 2229 μεν
2363 2160 2508 2230 ψυχῇ
2532 2161 2721 2231 λογικῇ
2749 2161 2839 2213 τὸν
2866 2160 3135 2213 ἑνωθέντα
3156 2161 3234 2231 τῷ
3265 2163 3423 2232 Λόγῳ
3450 2163 3801 2231 ναόν.Ὠσπερ

2240 2254 2375 2323 γὰρ,
2404 2252 2544 2305 κατά
2568 2270 2630 2320 γε
2662 2252 2722 2304 τὸ
2766 2253 2997 2315 ἐκείνοις
3025 2249 3083 2306 εὖ
3114 2253 3258 2323 ἔχειν
3288 2254 3497 2312 δοκοῦν.
3533 2255 3641 2308 κᾶν
3670 2256 3717 2307 εί
3746 2257 3800 2308 ὲιι

2242 2344 2409 2414 μόνης
2435 2343 2645 2411 λέγοιτο
2665 2344 2737 2392 i-t
2763 2344 2864 2412 τῆς
2892 2342 3113 2413 σαρκὸς,
3141 2343 3340 2396 καὶτοῦ
3357 2346 3422 2395 ἐκ
3443 2345 3577 2396 Θεοῦ
3608 2346 3799 2415 Πατρός

2237 2434 2546 2504 πεφηνότος
2594 2433 2792 2501 Λόγου,
2822 2433 2997 2496 οὐδεὶς
3038 2434 3233 2497 αὐτοὺς
3270 2434 3551 2487 ἀναπείσει
3591 2436 3796 2507 τρόπος,

2239 2525 2345 2579 ἀνὰ
2378 2524 2540 2596 μέρος
2567 2524 2663 2595 τὴν
2699 2525 2877 2595 σάρκα
2908 2524 3175 2591 τιθέντας,
3210 2525 3429 2578 καὶάνά
3465 2528 3634 2596 pépo;
3652 2527 3797 2580 αὐτὸν

2240 2615 2542 2685 Μονογενῆ,
2571 2614 2738 2667 δυάδα
2789 2615 2844 2667 δὲ
2884 2616 3133 2685 Χριστῶν
3169 2615 3487 2685 ὁμολογεῖν·
3518 2615 3665 2667 οὓτω
3710 2615 3797 2667 κᾶν

2240 2709 2306 2775 τῇ
2329 2705 2448 2759 καθ’
2476 2708 2626 2775 ἡμᾶς
2662 2706 3043 2776 ἀνθρωπότητι
3071 2705 3289 2769 τελείως
3317 2706 3535 2777 ἐχούσῃ,
3582 2708 3720 2759 κατά
3740 2723 3792 2773 γε

2238 2797 2330 2850 τὸν
2358 2799 2457 2869 τῆς
2490 2798 2625 2861 ἰδίας
2672 2798 2885 2865 φύσεως
2936 2798 3113 2865 λόγον,
3145 2799 3307 2850 οἱονεὶ
3340 2798 3721 2868 συνενηνέχθαι
3746 2815 3795 2849 τε

2240 2889 2335 2941 καὶ
2369 2887 2611 2957 ἡνῶσθαι
2658 2887 2902 2957 λέγωμεν
2932 2888 3265 2958 ἀπορρήτους
3294 2904 3353 2940 τε
3394 2887 3488 2939 καὶ
3516 2888 3657 2957 ὑπὲρ
3689 2886 3794 2939 νοῦν

2239 2980 2331 3033 τὸν
2373 2981 2437 3032 ἐκ
2479 2978 2614 3031 Θεοῦ
2655 2979 2847 3047 Λόγον,
2883 2979 2983 3049 οὐχ
3012 2980 3144 3031 υἱῶν
3167 2978 3332 3032 δυάδα
3358 2980 3650 3049 νοήσομεν,
3685 2978 3794 3031 ἀλλ’

564 3083 725 3152 plane
756 3083 914 3136 modo
956 3081 1223 3134 sociatum
1260 3079 1614 3143 allirmamus,
1665 3093 1770 3131 non
1802 3078 1935 3133 duos
1960 3088 2137 3130 tamen

2242 3072 2338 3123 ἕνα
2366 3071 2459 3124 καὶ⁸
2490 3070 2582 3123 τὸν
2610 3070 2795 3133 αὐτὸν,
2826 3069 2989 3138 φύσει
3028 3071 3127 3141 μὲν
3157 3072 3286 3125 ὄντα
3315 3071 3470 3135 Θεὸν,
3495 3072 3593 3122 καὶ
3636 3070 3693 3134 ἐξ
3714 3070 3795 3123 οὐ·

566 3175 705 3227 lilios
759 3183 936 3227 mente
982 3171 1345 3241 concipimus,
1378 3171 1473 3224 sed
1540 3184 1704 3222 unum
1760 3170 2137 3237 cumdemque,

564 3266 656 3333 qui
689 3263 905 3332 quidem
956 3270 1149 3314 natura
1194 3260 1334 3314 Deus
1383 3259 1677 3321 exsisleus,
1707 3268 1891 3327 utpote
1926 3274 1993 3314 ex
2045 3258 2137 3312 Dei

563 3366 623 3410 ct
655 3353 832 3408 Patris
867 3353 1171 3407 substantia
1208 3360 1381 3415 ortus,
1414 3360 1468 3402 et
1519 3350 1573 3402 itt
1636 3348 1901 3402 extremis
1958 3348 2138 3402 sa'culi

568 3447 902 3516 temporibus
961 3447 1121 3498 homo
1170 3442 1348 3496 lactus
1384 3441 1453 3501 ⁵³,
1494 3450 1552 3495 et
1593 3455 1662 3494 ex
1716 3455 1870 3493 sacra
1921 3442 2138 3508 deipara

566 3538 790 3609 Virgine
818 3544 998 3598 natus,
1026 3550 1148 3589 cum
1180 3549 1210 3587 a
1243 3532 1421 3596 nobis,
1464 3541 1575 3583 tum
1624 3532 1691 3584 ab
1749 3532 1880 3598 ipsis
1924 3544 2141 3599 quoquc

565 3630 771 3683 sanctis
809 3625 1035 3695 angelis,
1071 3622 1367 3679 secundum
1424 3621 1731 3690 Seripturas
1768 3622 1834 3688 Μ,
1866 3623 2062 3676 colitur
2086 3631 2141 3676 et

567 3718 847 3772 adorator.

640 3810 777 3865 XIX.
811 3810 963 3876 Quod
1014 3810 1059 3864 si
1100 3808 1335 3862 dixerint
1363 3823 1533 3879 genus
1570 3817 1814 3863 nostrum
1850 3807 1965 3862 solo
2007 3807 2137 3863 Uni-

566 3904 735 3974 geniti
789 3904 1023 3957 adventu
1078 3902 1375 3972 indiguisse
1438 3914 1601 3972 atque
1641 3904 1762 3955 ideo
1794 3902 1965 3967 illum,
1996 3901 2137 3971 quod

563 3998 635 4052 ab
672 3998 739 4052 iis
768 3999 859 4067 qui
890 3998 942 4049 in
989 3998 1148 4051 terris
1184 3998 1406 4067 degunt,
1445 3997 1617 4059 cerui,
1670 3996 1953 4064 amicequc
2015 4011 2137 4049 cum

566 4090 873 4145 hominibus
901 4089 1231 4152 conversari,
1268 4099 1322 4143 et
1349 4090 1471 4144 vita:
1502 4089 1829 4158 evangelica:
1875 4089 2013 4141 viam
2046 4104 2140 4141 uo-

564 4183 649 4237 bis
680 4190 1097 4252 prauuonstrare
1147 4183 1328 4245 vellet,
1352 4182 1747 4251 dispensatoria
1778 4182 2012 4250 quadam
2045 4196 2137 4233 ra—

565 4276 715 4331 tione
737 4274 906 4327 solam
946 4289 1172 4327 carnem
1214 4274 1371 4328 nobis
1403 4274 1637 4327 similem
1693 4273 1931 4326 induisse
1962 4272 2138 4341 (Deus

564 4382 800 4435 namque
834 4369 1131 4420 secundum
1156 4381 1307 4421 suam
1327 4376 1571 4419 naturam
1591 4366 1693 4419 sub
1727 4374 2006 4434 aspectum
2032 4378 2135 4417 nou

2240 3163 2339 3232 τῆς
2371 3162 2646 3233 πεφηνότα
2689 3162 2791 3232 τῆς
2834 3162 3022 3225 οὐσίας
3052 3162 3146 3216 τοῦ
3180 3162 3314 3216 Θεοῦ
3361 3163 3452 3216 καί⁸
3486 3164 3722 3233 Πατρός·
3746 3164 3793 3213 ἐν

2239 3253 2489 3322 ἐσχάτοις
2517 3254 2575 3306 δὲ
2598 3252 2692 3305 τοῦ
2720 3254 2915 3317 αἰῶνος
2944 3257 3157 3325 καιροῖς
3188 3255 3479 3325 γενόμενον
3500 3255 3789 3325 ἄνθρωπον,

2243 3348 2336 3399 καὶ
2368 3347 2456 3399 διὰ
2495 3346 2593 3416 τῆς
2630 3346 2793 3415 ἁγίας
2824 3348 2918 3401 καὶ
2946 3347 3211 3401 Θεοτόκου
3248 3349 3517 3419 Παρθένου
3553 3365 3791 3417 γεγεννη-

2242 3436 2422 3505 μένον,
2458 3438 2554 3490 καὶ
2582 3437 2721 3507 πρός
2754 3455 2811 3492 τε
2843 3438 3001 3508 ἡμῶν
3031 3439 3209 3493 αὐτῶν
3241 3440 3335 3492 καὶ
3369 3441 3478 3492 τῶν
3505 3440 3679 3509 ἁγίων
3706 3440 3789 3505 ἀγ-

2242 3529 2414 3595 γέλων
2448 3530 2944 3599 προσκυνούμενον,
2980 3532 3122 3585 κατὰ
3146 3530 3243 3593 τὰς
3271 3531 3511 3602 Γραφάς.

2311 3819 2411 3871 Ιθν.
2453 3818 2515 3870 Εἰ
2544 3816 2602 3869 δὲ
2630 3816 2695 3887 δὴ
2721 3818 2896 3885 φαῖεν,
2929 3818 3011 3869 ὅτι
3043 3815 3210 3886 μόνης
3243 3815 3340 3884 μὲν
3377 3814 3553 3866 ἐδεῖτο
3577 3814 3645 3866 τὰ
3673 3811 3788 3865 καθ’

2240 3912 2387 3980 ἡμᾶς
2430 3911 2528 3980 τῆς
2572 3908 2667 3961 τοῦ
2716 3907 3055 3976 Μονογενοῦς
3100 3906 3426 3976 ἐπιδημίας
3456 3905 3714 3975 ἐθελήσας
3742 3903 3788 3954 δὲ

2239 4002 2471 4071 ὀφθῆναι
2496 4004 2611 4063 τοῖς
2638 4002 2729 4054 ἐπὶ
2758 4002 2881 4071 γῆς,
2905 4003 2999 4053 καὶ
3020 3998 3327 4070 ἀνθρώποις
3358 3996 3786 4066 συναναστραφῆ-

2240 4112 2346 4156 ναι,
2379 4091 2699 4164 παραδεῖξαί
2739 4110 2801 4145 τε
2840 4094 2975 4163 ⁴ἡμῖν
3020 4092 3122 4160 τῆς
3170 4092 3506 4161 ἀγγελικῆςιι
3536 4088 3785 4148 πολιτείας

2240 4186 2335 4255 τὴν
2368 4185 2506 4247 ὁδὸν,
2536 4183 2893 4254 οἰκονομικῶς
2914 4184 3220 4254 ἠμπίσχετο
3243 4182 3255 4221 ¹
3288 4183 3387 4253 τὴν
3414 4182 3656 4251 όμοίανω
3676 4181 3786 4250 ἡμῖν

2239 4279 2420 4347 σάρκα
2466 4275 2547 4346 (τὸ
2574 4277 2681 4345 γάρ
2709 4293 2791 4329 τοι
2835 4276 2987 4328 Θεῖον
3018 4275 3158 4327 κατὰ
3184 4273 3345 4343 φύσιν
3379 4272 3514 4326 ίδίαν
3546 4273 3647 4343 οὐχ
3676 4272 3786 4341 ὀρα-

2237 4370 2373 4436 τόν)⁶
2411 4370 2741 4437 ἠγνοηκότες
2780 4366 3075 4420 ἁλώσονται
3095 4369 3193 4437 τῆς
3225 4366 3683 4437 ὲνανθρωπήσεως
3712 4361 3785 4414 τὸν

562 4458 771 4529 cadit),
810 4457 886 4511 illi
928 4457 1320 4512 incarnationis
1371 4472 1594 4526 scopum
1639 4470 1698 4510 se
1722 4455 1990 4525 ignorare,
2026 4469 2139 4507 ma-

2245 4460 2465 4524 σιιοπὺν,
2482 4460 2575 4512 καὶ
2591 4459 2864 4521 συνιέντες
2884 4457 3135 4527 οὐδαμῶς
3160 4457 3219 4510 τὺ
3242 4456 3386 4526 μέγα
3408 4456 3503 4525 τῆς
3528 4453 3783 4513 εὐσεϐείας

564 4564 840 4620 gnumque
906 4550 1035 4605 illud
1093 4550 1312 4619 pietatis
1344 4550 1659 4621 mysterium
1696 4550 1742 4580 ⁸³
1776 4564 1998 4619 prorsus
2027 4563 2133 4601 non

566 4640 888 4712 intelligere,
913 4651 1101 4711 aperte
1134 4642 1448 4696 ostendunt.
1476 4641 1609 4695 Nam
1636 4641 1680 4695 si
1715 4638 2040 4710 Uuigcnitus
2071 4648 2135 4691 ea

566 4735 739 4789 solum
773 4737 839 4789 de
888 4750 1050 4789 causa
1099 4734 1432 4801 incarnatus,
1454 4734 1555 4787 hoc
1602 4742 1707 4797 est,
1745 4734 1905 4786 homo
1965 4732 2140 4787 lactus

565 4837 795 4895 est,qno
821 4828 888 4880 ab
930 4826 998 4879 iis
1014 4826 1105 4894 qui
1143 4826 1197 4879 in
1238 4826 1395 4879 terris
1436 4834 1648 4878 aetatem
1683 4834 1868 4893 agunt,
1897 4824 2139 4892 conspici

568 4928 770 4989 posset,
799 4918 1043 4987 nihilque
1091 4917 1237 4971 aliud
1292 4927 1555 4986 praeterea
1586 4918 1854 4971 commodi
1884 4916 2028 4969 illius
2058 4917 2141 4969 in-

563 5010 814 5066 carnatio
842 5009 1091 5063 humanae
1132 5019 1335 5062 natura:
1381 5008 1561 5063 attulit
1590 5028 1604 5063 :
1632 5023 1730 5062 cur
1770 5007 1982 5062 illorum
2014 5023 2136 5062 sen-

568 5104 751 5157 tentiae
793 5102 1140 5157 subscribere
1174 5101 1276 5170 17
1309 5116 1412 5154 nou
1442 5101 1646 5170 pigeat,
1673 5099 1764 5168 qui
1794 5100 2134 5168 phantastica

568 5207 777 5250 tantum
833 5209 1001 5249 carne
1048 5206 1104 5250 et
1136 5208 1364 5262 corpore
1396 5192 1626 5248 Verbum
1668 5192 1935 5256 indutum,
1958 5205 2135 5260 neque

636 5350 681 5382 ⁵²
722 5349 822 5405 lsa.
853 5365 941 5414 ev,
974 5351 1027 5404 8.
1102 5350 1147 5381 ⁸³
1190 5347 1349 5402 llebr.
1383 5365 1422 5413 ι,
1458 5349 1509 5414 l,
1542 5349 1596 5400 οὶ.

1671 5348 1717 5379 ⁸⁷⁵
1756 5346 1901 5401 Psal.
1931 5364 2074 5411 πονε,
2106 5348 2160 5401 8.

2247 4550 2564 4620 μυστήριον.
2591 4549 2654 4601 Εἰ
2700 4548 2807 4619 γὰρ
2846 4548 2909 4619 δὴ
2954 4548 3121 4619 μόνην
3148 4548 3263 4619 ἔχει
3293 4549 3393 4621 τὴν
3424 4550 3680 4621 ἀφορμὴν
3706 4545 3783 4601 τοῦ

2237 4643 2468 4714 ὀφθῆναι
2497 4647 2610 4707 τοῖς
2642 4644 2736 4696 ἐπὶ
2768 4644 2871 4715 γῆς
2905 4644 2999 4698 τοῦ
3048 4647 3384 4715 Μονογενοῦς
3432 4650 3464 4717 ή
3508 4648 3782 4719 σάρκωσιςν

2240 4736 2455 4804 ἥγουνιι
2508 4734 2948 4805 ὲνανθρώπησις,
3001 4735 3301 4806 προσετέθη
3334 4745 3435 4805 γεο
3488 4737 3596 4808 μὴν
3624 4738 3784 4806 ἕτερον

2237 4825 2390 4877 οὐδὲν
2427 4828 2491 4895 τῇ
2520 4825 2811 4895 ἀνθρώπου
2835 4826 3015 4895 φύσειο
3048 4827 3166 4890 πῶς
3194 4828 3295 4879 οὐκ
3317 4827 3537 4898 ἄμεινον
3566 4828 3663 4899 ἤδη
3688 4842 3784 4886 πως

2238 4918 2333 4968 καὶ
2363 4918 2543 4985 σοφῶν
2562 4928 2609 4979 P,
2649 4920 2715 4988 τῇ
2742 4916 2852 4970 τῶν
2886 4920 3139 4988 Δοκητῶν
3168 4920 3539 4991 συμφέρεσθαι
3562 4920 3685 4990 δόξῃ
3707 4918 3784 4969 καὶ

2241 5009 2389 5077 ἡμᾶς
2421 5010 2637 5073 αὐτοὺς,
2655 5010 2704 5061 οἳ
2741 5010 2945 5079 σαρκός
2971 5029 3030 5063 τε
3057 5011 3197 5082 ὁμοῦ
3224 5014 3319 5064 κα)⁵
3344 5012 3530 5081 γηϊνου
3556 5012 3784 5081 σώματος

2243 5100 2715 5169 ἀπαμφιεννύντες
2758 5101 2849 5153 τὸν
2883 5103 3075 5170 Λόγον,
3109 5098 3288 5172 ὦφθαι
3323 5103 3421 5174 μὲν
3470 5104 3562 5155 ἐπὶ
3599 5103 3698 5172 γῆς
3724 5101 3785 5161 ὡς

2241 5190 2524 5261 ἄνθρωπον
2554 5193 3020 5263 μυθοπλαστοῦσιν
3044 5197 3093 5247 οἱ
3112 5195 3365 5259 δείλαιοι;
3401 5194 3784 5266 ἸΙμαρτηκότες

2233 5348 2279 5379 ⁵⁸
2321 5348 2509 5403 lTim.
2544 5364 2630 5412 tu,
2663 5349 2749 5404 16.

1675 5501 1848 5556 Varia:
1883 5500 2140 5557 lectiones
2172 5503 2373 5557 codicis
2406 5503 2762 5575 Seguieriani.

641 5674 666 5711 ε
708 5662 1065 5734 ὑπέρμετρον.
1143 5660 1169 5698 Ῑι
1196 5663 1529 5717 καταλιπεῖν.

569 5734 753 5804 σετίθη
776 5751 858 5801 γε.
937 5744 964 5783 P
1004 5734 1182 5800 σοφόν.

1618 5661 1701 5711 i—i
1740 5660 1960 5714 ἕλοιντο.
2029 5660 2051 5698 ι
2086 5659 2465 5729 εὐαγγελικῆς.
2529 5658 2900 5731 Ῑὴμπέσχετο.
2960 5676 2998 5703 ιη
3043 5664 3197 5720 ἰδίαν.
3237 5676 3262 5702 η
3312 5663 3536 5720 είτ”οὖν.

3614 5672 3638 5699 ο
3665 5678 3777 5731 προ-
