4044 6332
517 338 655 395 “65

1509 327 1565 381 S.
1607 325 1878 380 CYlilLIJ
1917 323 2384 378 ALEXANDRINI
2425 313 2737 378 ARCHIEP.

3621 306 3741 361 illi!
3779 248 3792 268 .

511 458 922 520 mortalitatem,
946 462 1001 510 et
1028 465 1148 507 eam
1167 463 1285 519 quae
1307 462 1372 502 ex
1399 447 1682 502 divinitate
1703 446 2086 514 proliciscitur,

2205 445 2349 498 τοῦτο
2392 445 2547 508 εἰδὼς
2592 447 2619 497 ό
2670 441 2953 504 Θεσπέσιος
2986 439 3186 510 γράφει
3234 431 3473 492 Παῦλος·
3523 427 3740 495 ιὬσπερ

511 550 866 606 securitatem
929 561 992 601 ac
1055 544 1390 605 firmitatem,
1441 542 1736 594 secundum
1799 538 2085 606 quamdam

513 643 704 711 gratia:
763 635 1310 694 communicationem
1368 632 1421 686 in
1463 632 1775 686 universum
1804 630 2084 684 hominum

513 749 683 801 genus
709 732 1064 786 transmittet.
1089 725 1257 796 Cujus
1274 724 1492 796 quidem
1540 724 1616 777 rei
1641 723 1855 778 divinus
1887 720 2090 783 Paulus

512 844 618 881 non
657 827 899 896 ignarus,
944 823 1016 877 ila
1048 821 1277 877 scribit:
1319 838 1337 872 ι
1387 819 1538 873 Sicut
1576 817 1912 887 portavimus
1957 816 2093 870 ima-

510 921 694 986 ginem
735 915 963 980 terreni,
995 923 1274 984 portemus
1305 921 1358 966 et
1385 910 1677 980 imaginem
1707 909 1946 964 cmlestis
1974 909 2040 962 ⁸ο.
2064 927 2083 960 ι

511 1008 806 1077 imaginem
869 1003 1075 1058 terreni
1106 1001 1364 1074 peccandi
1400 999 1836 1069 propensionem,
1861 1007 1917 1052 et
1942 1012 2088 1051 mor-

510 1115 620 1170 gem
649 1113 769 1170 quae
788 1097 917 1151 hinc
950 1094 1148 1156 oritur,
1179 1101 1336 1147 vocat
1359 1110 1372 1146 :
1398 1101 1454 1146 at
1493 1106 1624 1145 vero
1666 1105 1762 1160 per
1797 1090 2085 1160 imaginem

511 1190 771 1254 caelestis,
801 1190 902 1243 hoc
926 1194 1031 1251 est,
1052 1182 1281 1249 Christi,
1313 1182 1677 1236 constantiam
1738 1181 1789 1234 in
1847 1180 2163 1247 sanctitate,

510 1287 697 1355 ptione
730 1282 797 1337 ad
822 1281 988 1335 vitam
1007 1287 1062 1334 et
1080 1276 1540 1332 immortalitatem
1567 1275 1834 1344 designat.

584 1373 727 1430 XXI.
771 1372 968 1427 Totum
1001 1369 1186 1438 itaque
1226 1365 1322 1422 Dei
1357 1366 1590 1421 Verbum
1625 1365 1723 1419 toti
1761 1375 1969 1420 natura
2003 1379 2101 1419 no-

513 1471 644 1522 Strze
691 1465 944 1518 immanre
990 1461 1200 1514 ttnitum
1251 1459 1570 1514 asseritnus.
1617 1456 1770 1512 Nulla
1825 1459 1968 1512 enim
2014 1473 2101 1512 ra-

515 1560 666 1614 tione
699 1555 995 1625 putandum
1024 1560 1129 1615 est,
1172 1549 1418 1619 principe
1453 1549 1625 1604 nostri
1654 1559 1828 1618 parte,
1863 1549 1968 1604 hoc
1991 1557 2097 1614 est,

513 1649 695 1704 anima
724 1645 992 1713 neglecta,
1022 1641 1481 1712 peregrinationis
1503 1656 1616 1696 sua:
1650 1640 1926 1696 molestias
1947 1641 2097 1695 carni

515 1738 704 1809 largiri
739 1724 996 1792 vuln-isse.
1027 1732 1264 1788 Pulchre
1308 1743 1487 1788 autem
1523 1749 1619 1802 per
1655 1743 1944 1803 utramque
1974 1749 2101 1804 par-

517 1842 628 1887 tem
687 1825 1112 1897 dispensationis
1168 1833 1569 1880 sacramentum
1613 1825 1884 1892 perfecit:
1935 1839 2100 1880 carne

518 1937 618 1987 sua
657 1930 910 1988 tanquam
943 1931 1147 1987 organo
1193 1917 1260 1969 ad
1296 1915 1477 1970 carnis
1509 1931 1695 1986 opera,
1723 1916 2100 1986 naturalesque

518 2013 890 2082 mgritudines,
917 2025 982 2064 ae
1015 2018 1209 2063 caetera
1251 2006 1425 2063 oﬂlcia
1466 2009 1880 2078 vituperationis
1909 2024 2101 2078 exper-

518 2103 632 2168 tia;
674 2101 855 2154 anima
896 2113 1107 2152 rursum
1137 2097 1204 2151 ad
1254 2097 1522 2151 humanas
1573 2097 1984 2167 inculpatasque
2017 2097 2099 2150 af-

518 2191 787 2247 fectiones
834 2191 1106 2243 utebatur.
1150 2185 1287 2241 Nam
1337 2195 1391 2241 et
1435 2187 1696 2251 esuriem,
1744 2195 1800 2241 et
1840 2186 2102 2256 longioris

518 2285 733 2343 itineris
763 2282 1026 2345 laborem,
1073 2289 1129 2335 et
1173 2293 1428 2348 pavorem
1469 2294 1532 2334 ac
1567 2290 1797 2344 metum,
1837 2288 1892 2334 et
1929 2279 2102 2333 tristi-

522 2377 678 2441 tiam,
710 2384 766 2429 et
799 2387 1079 2440 angorem,
1108 2381 1165 2424 et
1194 2370 1364 2440 ipsam
1399 2370 1634 2438 denique
1667 2371 1719 2422 in
1756 2384 1917 2424 cruce
1956 2385 2104 2423 mor-

523 2476 632 2522 tem
661 2464 951 2534 pertulisse
981 2462 1231 2517 traditur.
1262 2460 1474 2515 Etenim
1519 2461 1666 2515 nullo
1701 2472 1949 2531 cogente,
1985 2463 2102 2514 aui-

521 2571 667 2613 mam
705 2571 859 2611 suam
897 2553 1068 2608 nostri
1103 2568 1267 2608 causa
1302 2553 1486 2623 posuit
1509 2553 1576 2620 ⁸⁸,
1621 2568 1730 2623 quo
1761 2555 2014 2608 nimirum
2048 2564 2105 2608 et

522 2648 662 2706 vivis
690 2656 745 2703 et
769 2646 997 2701 mortuis
1020 2645 1396 2701 dominaretur
1417 2645 1485 2699 ⁶².
1520 2645 1584 2698 Et
1608 2646 1824 2715 quidem
1853 2645 1958 2716 19
1982 2662 2103 2700 car-

521 2748 646 2795 nem
678 2753 833 2793 suam
862 2736 1002 2791 citra
1038 2734 1471 2790 controversiam
1503 2733 1842 2790 liberationis
1870 2737 2102 2804 pretium

522 2845 624 2902 pro
657 2829 899 2884 omnium
936 2841 1102 2882 carne
1135 2826 1437 2896 dependit;
1467 2827 1704 2880 animam
1737 2843 1867 2883 vero
1895 2827 2100 2895 justum

523 2936 624 2992 pro
675 2919 982 2974 mortalium
1026 2917 1270 2971 omnium
1323 2916 1608 2970 animabus
1663 2918 1895 2986 pretimn
1949 2917 2104 2971 exhi-

525 3013 669 3076 buit,
715 3011 935 3065 tametsi
966 3010 1130 3064 vitam
1159 3022 1321 3078 quam
1369 3018 1626 3078 posuerat
1658 3009 1804 3079 (nam
1833 3011 1940 3063 vita
1985 3011 2105 3064 erat

2135 1778 2176 1833 Β

2194 537 2300 607 γὰρ
2341 538 2682 605 ἐφορέσαμεν
2714 534 2812 605 τὴν
2853 531 3034 585 εἰκόνα
3077 527 3173 583 τοῦ
3214 521 3422 596 χοϊκοῦ,
3449 520 3744 590 φορέσωμεν

2195 632 2288 681 καὶ
2313 631 2410 696 τὴν
2449 628 2631 680 εἰκόνα
2658 625 2752 679 τοῦ
2782 621 3124 693 ἐπουρανίου.
3152 638 3170 670 ι
3197 615 3394 671 Εἰκόνα
3424 613 3519 684 μὲν
3543 609 3646 678 γὰρ
3664 607 3744 660 τοῦ

2198 720 2407 790 χοϊκοῦ,
2445 719 2502 771 τὸ
2547 715 2822 771 εύόλισθον
2877 715 2981 784 ἔφη
3032 712 3167 781 πρὸς
3204 705 3495 780 ἁμαρτίαν,
3527 703 3620 755 καὶ
3667 701 3744 790 τὸν

2197 784 2447 864 ἐντεῦθεν
2481 812 2611 882 ἡμῖν
2657 807 3016 880 ὲπιρῤιφέντα
3047 804 3276 858 θάνατον
3305 817 3318 829 ⁶
3364 797 3546 850 εἰκόνα
3595 792 3647 844 δὲ
3689 784 3744 842 αὖ

2196 905 2290 957 τοῦ
2346 904 2692 973 ἐπουρανίου,
2725 902 2973 954 τουτέστι
3025 893 3283 967 Χριστοῦ,
3328 891 3389 944 τὸ
3435 887 3638 957 ἑδραῖον
3681 885 3749 944 εἰς

2197 997 2488 1066 ἁγιασμὸν,
2521 996 2613 1049 καὶ
2646 995 2742 1065 τὴν
2768 997 2833 1047 ὲκ
2858 992 3088 1046 θανάτου
3135 989 3228 1042 καὶ
3263 984 3470 1056 φθορᾶς
3511 981 3749 1045 ἀνακομι-

2195 1091 2292 1160 δήν
2323 1106 2382 1142 τε
2410 1089 2505 1142 καὶ
2531 1088 2874 1142 ἀνακαίνισιν
2897 1088 2976 1150 εἰς
3003 1082 3312 1154 ἀφθαρσίαν
3344 1077 3437 1131 καὶ
3463 1073 3626 1144 ζωήν.

2203 1180 2544 1250 reditumque
2590 1190 2644 1233 et
2696 1179 3140 1234 instaurationem
3165 1190 3232 1228 ex
3267 1181 3440 1227 morte
3482 1179 3538 1222 et
3584 1177 3751 1220 corru-

2276 1369 2409 1422 ΚΜ.
2455 1367 2616 1421 Ὅλον
2664 1362 2758 1420 οῦν
2799 1366 2894 1438 ὅλῃ
2944 1357 3282 1434 συνηνῶσθαί
3325 1371 3505 1426 φαμεν
3548 1352 3612 1420 τῇ
3648 1327 3750 1400 καθ’

2202 1461 2350 1530 ἡμᾶς
2377 1459 2758 1530 ἀνθρωπότητι
2801 1457 2894 1510 τον
2925 1458 2988 1509 ἐκ
3021 1453 3156 1508 Θεοῦ
3185 1453 3377 1518 Λόγον.
3413 1446 3491 1499 Ού
3533 1441 3636 1511 γάρ
3663 1455 3750 1489 που

2201 1553 2264 1606 τδ
2309 1554 2533 1620 ἄμεινον
2594 1556 2651 1605 ἐν
2702 1553 2866 1621 ἡμῖν,
2895 1549 3136 1602 τουτέστι
3199 1542 3398 1614 ψυχὴν,
3456 1535 3656 1596 οὐδενὸς
3699 1532 3752 1583 ἂν

2201 1646 2402 1716 ἠξίωσε
2447 1647 2630 1714 λόγου,
2681 1646 2817 1716 μόνῃ
2864 1641 3206 1714 δωρούμενος
3231 1641 3299 1708 τῇ
3329 1633 3496 1706 σαρκὶ
3525 1629 3621 1699 τῆς
3647 1628 3750 1679 ἐπι-

2202 1738 2264 1805 δη
2277 1739 2403 1807 μίας
2431 1739 2558 1800 τοὺς
2588 1737 2802 1799 πόνους.
2847 1736 3179 1806 Ἐπράττετο
3214 1731 3271 1783 δὲ
3304 1725 3489 1787 καλῶς
3517 1723 3580 1774 δι’
3607 1718 3752 1788 ἄμφω

2204 1831 2299 1899 τῆς
2354 1829 2668 1900 οἰκονομίας
2717 1830 2780 1880 τὸ
2837 1829 3172 1898 μυστήριον·
3224 1818 3634 1892 προσεχρήσατο
3684 1809 3748 1867 δὲ,

2204 1921 2458 1993 καθάπερ
2483 1923 2720 1992 ὀργάνῳ,
2754 1925 2823 1992 τῇ
2869 1921 2966 1992 μὲν
3017 1919 3122 1990 ἰδίᾳ
3163 1913 3348 1985 σαρκὶ,
3389 1907 3508 1982 [τὰ]
3542 1904 3666 1974 “Pb;
3697 1900 3750 1952 τὰ

2207 2015 2409 2084 σαρκὸς
2454 2012 2591 2082 ἔργα
2615 2030 2676 2066 τε
2711 2013 2806 2066 καὶ
2837 2011 3255 2083 ἀρρωστήματα
3288 1999 3516 2074 φυσικὰ,
3556 1997 3644 2050 καὶ
3669 1995 3750 2047 ὃσα

2208 2107 2398 2176 μώμου
2433 2106 2650 2176 μακράν
2671 2118 2684 2133 ⁸
2718 2103 2863 2176 ψυχῇ
2890 2105 2932 2156 δ’
2959 2098 3025 2156 αὖ
3060 2104 3124 2172 τῇ
3164 2100 3290 2170 ἰδίᾳ,
3319 2096 3458 2167 πρὸς
3485 2093 3551 2146 τὰ
3573 2087 3750 2157 ἀνθρὼ-

2205 2199 2336 2252 πινὰ
2366 2215 2425 2250 τε
2455 2198 2546 2252 καὶ
2571 2199 2867 2251 ἁνυπαίτια
2896 2195 3068 2265 πάθη.
3096 2194 3358 2261 Πεινῆσαι
3401 2187 3512 2256 γὰρ
3538 2185 3748 2250 λέγεται,

2205 2293 2408 2354 κόπους
2467 2291 2791 2357 ὑπενεγκεῖν
2843 2289 2971 2350 τοὺς
3026 2289 3090 2339 ἐκ
3145 2283 3373 2356 μακρῶν
3440 2273 3749 2346 ὁὸοιποριῶν.

2206 2383 2396 2445 πτοίας
2429 2399 2488 2436 τε
2527 2381 2875 2450 καίκφόδους,
2905 2381 2999 2433 καὶ
3032 2378 3232 2448 λύπην,
3263 2375 3357 2428 καί
3387 2369 3642 2440 ἀγωνίαν,
3673 2366 3748 2418 καὶ

2205 2477 2295 2529 τὸν
2329 2475 2423 2528 ἐπὶ
2456 2473 2534 2545 τῷ
2580 2471 2801 2544 σταυρῷ
2836 2471 3088 2525 θάνατον.
3129 2463 3636 2533 Ἐπαναγκὰζοντος
3663 2457 3749 2524 γὰρ

2205 2561 2440 2626 οὐδενὸς,
2472 2561 2716 2615 τέθεικεν
2758 2561 2851 2630 ἀφ’
2895 2559 3089 2614 ἑαυτοῦ
3123 2557 3220 2628 τὴν
3254 2555 3389 2610 ἰδίαν
3416 2553 3594 2623 ψυχὴν
3636 2548 3748 2616 ὑπὲρ

2204 2656 2388 2727 ἡμῶν,
2422 2656 2510 2709 ἵνα
2539 2655 2632 2708 καὶ
2652 2655 2861 2725 νεκρῶν
2899 2655 2993 2707 καὶ
3027 2651 3242 2716 ζώντων
3272 2646 3568 2718 κυριεύσῃ·
3602 2641 3747 2710 σάρκα

2209 2750 2309 2820 μὲν
2345 2748 2442 2819 τὴν
2492 2747 2650 2814 ἰδίαν,
2681 2748 2778 2817 τῆς
2826 2747 3082 2800 ἁπάντων
3121 2742 3322 2814 σαρκὸς
3369 2734 3748 2794 ὰνταποτιννῦς,

2206 2840 2377 2912 δῶρον
2415 2839 2629 2908 ἀληθῶς
2652 2837 3118 2907 ἀντάξιον·ψυχὴν
3141 2835 3220 2896 δὲ,
3253 2833 3434 2904 ψυχῆς
3471 2830 3749 2897 ἀντίλυτρον

2206 2929 2307 2999 τῆς
2335 2929 2592 2982 ἁπάντων
2622 2929 2967 2998 ποιούμενος,
3007 2929 3058 2979 εἰ
3091 2927 3186 2979 καὶ
3219 2925 3421 2979 ἀνεϐίω
3458 2921 3632 2982 πάλιν,
3659 2917 3748 2986 ζωὴ

2208 3022 2352 3076 κατὰ
2381 3021 2543 3092 φύσιν
2573 3021 2835 3092 ὑπάρχων
2862 3021 2937 3080 ὡς
2967 3019 3120 3082 Θεός.
3154 3019 3264 3070 Καὶ
3287 3015 3420 3084 γοῦν
3446 3017 3475 3068 ὁ
3504 3011 3749 3069 θεσπέσιος

522 3120 586 3167 ιιι
622 3107 765 3163 Deus
817 3105 1114 3162 secundum
1173 3103 1452 3171 naturam;
1497 3101 1676 3156 denuo
1726 3104 2101 3172 resutnpserit.

2210 3115 2416 3187 Πέτρος
2438 3155 2452 3178 ,
2491 3135 2508 3166 ι
2547 3114 2774 3185 Ἄνδρες
2804 3112 3050 3181 ἀδελφοὶ,
3079 3111 3265 3180 φησὶν,
3296 3110 3415 3176 ἐξὸν
3449 3109 3614 3162 εἰπεῖν
3639 3104 3750 3177 μετά

523 3201 664 3258 Hinc
691 3201 907 3255 divinus
949 3197 1188 3252 Petrus:
1227 3213 1246 3246 ι
1277 3193 1410 3261 Viri,
1447 3195 1642 3264 inquit,
1693 3194 1911 3255 fratres,
1949 3195 2109 3251 liceat

525 3299 793 3350 audenter
825 3293 1008 3346 dicere
1053 3289 1121 3343 ad
1158 3303 1251 3344 vos
1280 3287 1347 3343 de
1395 3287 1702 3357 patriarcha
1735 3287 1928 3351 David,
1973 3303 2109 3358 quo-

526 3388 673 3441 niam
701 3392 756 3439 et
779 3381 1067 3438 defunctus
1099 3387 1204 3443 est,
1237 3389 1288 3434 et
1320 3378 1565 3449 sepultus
1586 3387 1690 3442 est,
1717 3385 1770 3432 et
1795 3377 2106 3447 sepulcrum

525 3477 646 3548 ejus
671 3485 758 3531 est
787 3474 928 3544 apud
980 3488 1078 3527 nos
1112 3485 1283 3541 usque
1325 3471 1378 3525 in
1424 3470 1747 3526 hodiernum
1779 3470 1945 3526 diem.
1976 3469 2110 3524 Pro-

526 3572 688 3641 pheta
727 3569 894 3639 igitur
930 3581 1054 3619 eum
1087 3573 1255 3628 esset,
1297 3572 1355 3618 et
1401 3563 1568 3618 sciret
1601 3565 1728 3633 quia
1757 3563 2109 3632 jurejurando

523 3665 766 3734 iurasset
825 3660 899 3714 illi
961 3658 1122 3723 Deus,
1181 3656 1247 3712 de
1307 3655 1486 3711 fructu
1535 3656 1703 3710 lumbi
1758 3656 1876 3726 ejus
1918 3658 2110 3710 sedere

529 3769 693 3829 super
718 3756 902 3812 sedem
931 3752 1070 3823 ejus,
1125 3750 1416 3822 providens
1452 3749 1662 3805 locutus
1698 3759 1783 3805 est
1824 3753 1891 3805 de
1929 3765 2111 3803 resur-

531 3851 772 3904 rectione
813 3847 1040 3915 Christi,
1093 3848 1220 3916 quia
1254 3860 1429 3914 neque
1479 3846 1770 3900 derelictus
1814 3854 1898 3899 est
1931 3846 1983 3899 in
2026 3845 2112 3898 in-

529 3943 710 4007 ferno,
741 3954 918 4008 neque
942 3954 1072 3992 caro
1103 3937 1220 4006 ejus
1254 3938 1388 3992 vidit
1412 3937 1816 4004 corruptionem
1840 3936 1908 3988 ⁸³.
1946 3954 1965 3987 ι
2000 3934 2111 3990 Nec

529 4031 676 4087 enim
731 4028 816 4082 l‘as
857 4037 942 4082 est
991 4027 1193 4091 dicere,
1249 4038 1470 4080 carnem
1519 4021 1700 4078 Verbo
1751 4023 1960 4076 unitam
2009 4022 2112 4074 aii-

530 4121 750 4193 quando
783 4119 1023 4190 potuisse
1070 4117 1365 4186 corrumpi,
1400 4125 1493 4170 aut
1530 4115 1768 4171 divinam
1803 4113 1949 4168 illam
1993 4114 2111 4166 ani-

532 4232 676 4272 mam
722 4217 866 4270 intra
910 4212 1110 4268 inferni
1146 4221 1335 4282 portas
1375 4210 1629 4266 detineri.
1661 4209 1820 4276 Nam,
1875 4219 1934 4262 ut
1972 4207 2112 4263 divi-

534 4325 641 4364 nus
689 4307 886 4363 Petrus
909 4305 1005 4370 ait,
1047 4303 1229 4359 anima
1276 4299 1395 4371 ejus
1426 4302 1480 4356 in
1514 4301 1732 4356 inferno
1775 4300 1966 4354 relicta
2001 4313 2111 4353 non

531 4401 656 4458 fuit.
701 4399 888 4469 Neque
936 4411 1066 4452 vero
1113 4405 1366 4449 naturam
1412 4393 1730 4463 illam,quai
1776 4407 1879 4447 nec
1927 4400 2109 4447 mente

531 4491 955 4564 comprehendi,
1015 4503 1189 4559 neque
1238 4502 1335 4557 per
1383 4493 1615 4541 mortem
1675 4484 1945 4540 ullatenus
1991 4483 2110 4554 capi

531 4597 732 4658 potest,
759 4585 861 4639 hoc
887 4593 970 4638 est
992 4580 1268 4652 Unigeniti
1295 4579 1657 4644 divinitatem,-
1682 4592 1714 4634 e
1737 4577 2111 4633 subterraneis

532 4678 642 4734 illis
670 4677 937 4745 specubus
973 4688 1188 4728 rursum
1230 4672 1522 4728 emersisse
1553 4671 1836 4726 dicemus:
1863 4668 2109 4739 quando-

533 4773 752 4841 quidem
816 4768 962 4823 nulla
1009 4766 1369 4821 admiratione
1415 4763 1636 4833 dignum
1683 4773 1867 4828 esset,
1917 4763 1964 4818 si
2015 4762 2110 4817 Dei

536 4864 776 4920 Verbum
812 4861 1110 4916 divinitatis
1140 4859 1191 4914 vi
1225 4859 1585 4927 ejusdemque
1617 4853 1854 4911 elﬁcacia
1900 4859 2107 4922 nixum,

534 4957 675 5027 apud
699 4953 903 5010 inferos
936 4967 1044 5006 non
1079 4951 1390 5018 mansisset,
1418 4965 1540 5005 cum
1570 4949 1962 5004 admirabiliter
1988 4965 2108 5003 om-

534 5049 696 5104 nibus
758 5047 922 5108 adsit,
980 5044 1310 5114 impleatque
1367 5044 1570 5096 omnia.
1633 5039 1818 5096 Deitas
1874 5057 2108 5110 namque

533 5139 682 5194 omni
719 5137 840 5194 loco
867 5145 924 5191 et
953 5133 1484 5203 circumscriptione,
1519 5143 1575 5187 et
1611 5133 1964 5188 mensurabili
1996 5149 2112 5188 ma-

535 5229 815 5301 gnitudine
861 5228 1131 5296 superior,
1184 5241 1215 5280 a
1265 5224 1417 5281 nullo
1482 5224 1602 5292 capi
1654 5225 2110 5293 comprehendive

534 5335 732 5394 potest.

2211 3207 2519 3278 παρρησίας
2554 3207 2692 3276 πρὸς
2731 3205 2878 3276 ὑμᾶς
2925 3204 3054 3274 περὶ
3083 3202 3176 3256 τοῦ
3207 3202 3549 3274 πατριάρχου
3597 3196 3748 3252 Δαείδ.

2207 3297 2291 3350 ὅτι
2320 3297 2419 3349 καὶ·
2447 3295 2767 3366 ἐτελεύτησε
2803 3296 2898 3349 καὶ
2932 3294 3106 3365 ἐτάφη
3133 3334 3148 3358 ,
3178 3295 3273 3347 καί⁹
3304 3294 3364 3346 τὸ
3397 3293 3588 3363 μνῆμα
3617 3287 3749 3344 αὐτοῦ

2209 3390 2446 3444 ἐστινέν
2492 3392 2624 3461 ἡμῖν
2669 3390 2797 3462 ἄχρι
2841 3389 2942 3459 τῆς
2977 3390 3188 3460 ἡμέρας
3221 3388 3452 3457 ταύτης.
3500 3388 3750 3457 Προφήτης

2209 3477 2303 3534 οῦν
2335 3481 2619 3552 ὑπάρχων,
2663 3481 2758 3534 καὶ
2787 3480 2946 3540 εἰδὼς
2973 3519 2989 3544 ,
3018 3481 3100 3533 ὅτι
3147 3481 3296 3550 ὅρκῳ
3337 3479 3554 3550 ῶμοσεν
3582 3477 3750 3547 assos

2210 3576 2365 3639 Θεὸς,
2394 3577 2458 3628 ἐκ
2486 3573 2701 3645 καρποῦ
2743 3574 2841 3644 τῆς
2875 3573 3073 3643 ὀσφύος
3102 3572 3267 3626 αὐτοῦ
3307 3573 3535 3627 καθίσαι
3578 3573 3658 3626 ἐπὶ
3679 3571 3749 3624 τοῦ

2212 3667 2403 3737 θρόνου
2447 3665 2635 3731 αὑτοῦ,
2685 3664 2949 3736 προειδὼς
2995 3663 3224 3734 ἐλάλησε
3271 3664 3400 3734 περί
3432 3665 3531 3736 τῆς
3557 3664 3751 3719 ἀναστά-

2213 3777 2352 3822 σεως
2383 3757 2477 3812 τοῦ
2522 3759 2782 3828 Χριστοῦ,
2819 3759 2901 3811 ὅτι
2943 3756 3067 3810 οὗτε
3114 3756 3516 3829 ἐγκατελείφθη
3564 3760 3594 3828 ἡ
3638 3755 3750 3825 ψυχὴ

2213 3849 2380 3903 αὐτοῦ
2406 3851 2486 3913 εἰς
2511 3849 2665 3921 ᾅδην,
2693 3849 2807 3902 οὔθ’
2833 3852 2867 3921 ὴ
2905 3849 3043 3920 σὰρξ
3071 3850 3234 3903 αὐτοῦ
3261 3847 3370 3903 οἶδε
3399 3851 3699 3920 διαφθοράν.
3732 3868 3746 3898 ι

2212 3941 2288 3994 Ού
2323 3941 2432 4012 γάρ
2453 3958 2536 3994 τοι
2561 3940 2721 4012 θέμις
2755 3943 2950 4007 εἰπεῖν,
3002 3941 3179 4012 φθορᾷ
3219 3941 3319 4011 μὲν
3348 3940 3605 3994 δύνασθαι
3646 3957 3749 4008 κρι-

2209 4033 2423 4087 τεῖσθαί
2451 4051 2582 4086 ποτε
2626 4033 2724 4105 τὴν
2767 4033 3061 4088 ἑνωθεῖσαν
3102 4034 3182 4104 τῷ
3218 4034 3374 4105 Λόγῳ
3428 4035 3620 4105 σάρκα,
3647 4035 3749 4087 κάτ-

2213 4141 2337 4196 οχον
2353 4125 2399 4178 δ’
2417 4121 2484 4179 αὖ
2506 4129 2625 4190 ταῖς
2645 4125 2773 4198 ᾅδου
2802 4125 2997 4190 πύλαις
3021 4127 3119 4196 τὴν
3143 4127 3293 4180 θείαν
3314 4127 3747 4196 γενέσθαιψυχήν·

2213 4217 2315 4272 οὑκ
2335 4218 2730 4290 ἐγκατελείφθη
2747 4219 2856 4290 γὰρ
2880 4220 2960 4282 εἰς
2988 4219 3141 4290 ᾅδην,
3159 4218 3304 4273 καθὰ
3329 4219 3425 4273 καὶ
3452 4221 3477 4273 ό
3502 4218 3750 4274 θεσπέσιος

2214 4306 2318 4378 ἔφη
2354 4307 2584 4378 Πέτρος.
2615 4307 2690 4360 Ού
2722 4309 2829 4378 γάρ
2870 4325 2972 4360 που
2999 4309 3098 4378 τήν
3127 4324 3185 4360 τε
3223 4307 3468 4376 ἄληπτον
3494 4305 3750 4366 παντελῶς,

2217 4399 2312 4452 καὶ
2355 4398 2630 4453 ἀνάλωτον
2671 4399 2750 4470 τῷ
2786 4400 3002 4470 θανάτῳ
3037 4399 3219 4467 φύσιν,
3251 4401 3503 4454 τουτέστι
3531 4399 3624 4470 τὴν
3659 4398 3751 4450 θεό-

2143 4464 2187 4520 D
2215 4505 2355 4560 τητα
2383 4489 2478 4542 τοῦ
2510 4464 2852 4559 Μονογενοῦς
2875 4529 2891 4554 ,
2941 4464 3059 4544 τῶν.
3085 4464 3211 4544 ύπὸν
3235 4489 3398 4562 χθόνα
3437 4464 3619 4563 μυχῶν
3651 4492 3752 4543 ἀνι-

2215 4580 2538 4651 κεκομίσθαι
2567 4583 2810 4653 φήσομεν
2831 4601 2844 4614 ·
2875 4583 2998 4636 οὔτε
3030 4583 3138 4655 γὰρ
3167 4583 3234 4637 ἂν
3271 4583 3482 4656 ἠξιώθη
3511 4586 3567 4638 τὸ
3598 4584 3753 4655 χρῆμα

2213 4672 2516 4742 θαύματος,
2550 4675 2599 4726 εἰ
2643 4675 2718 4745 μὴ
2777 4675 3086 4746 μεμένηκεν
3112 4677 3193 4739 εἰς
3219 4675 3313 4729 τὸν
3346 4677 3478 4748 ᾅδην
3509 4679 3537 4730 ό
3562 4677 3622 4730 ὲκ
3645 4672 3752 4727 Θεοῦ

2211 4767 2404 4835 Λόγος,
2469 4770 2536 4838 τῇ
2579 4769 2678 4838 τῆς
2747 4768 3001 4840 θεότητος
3057 4768 3310 4838 ἐνεργείᾳ
3350 4786 3410 4821 τε
3462 4771 3554 4822 καὶ
3603 4766 3751 4835 φύσει,

2213 4858 2538 4931 παραδόξως
2597 4875 2656 4910 τε
2719 4859 2815 4912 καὶ
2876 4860 3014 4930 ὑπὲρ
3073 4859 3252 4928 λόγον,
3298 4860 3521 4932 πληρῶν
3573 4860 3660 4930 μὲν
3701 4858 3753 4908 τὰ

2216 4952 2414 5014 πάντα,
2446 4953 2544 5006 καὶ
2572 4954 2685 5014 τοῖς
2715 4953 2881 5006 πᾶσιν
2909 4953 3210 5024 ἐπιδημῶν.
3227 4953 3522 5024 ’Δνὼτερον
3547 4952 3644 5020 γάρ
3670 4964 3749 5000 που

2218 5044 2312 5095 καί
2345 5042 2706 5114 περιορισμοῦ
2741 5043 2836 5096 καὶ
2861 5043 3025 5097 τόπου
3056 5045 3150 5098 καὶ
3177 5044 3440 5116 μεγέθους
3473 5037 3750 5115 μετρητοῦ⁶ι

2215 5137 2278 5188 τὸ
2309 5136 2485 5200 Θεῖον,
2522 5136 2654 5189 αὐτὸ
2692 5135 2749 5190 δέ
2781 5137 2887 5190 ὑπὸ
2917 5139 3144 5208 μηδενὸς
3171 5137 3535 5210 χωρούμενον.

607 5465 652 5497 ⁸ο
695 5448 866 5520 lcor.
910 5473 1000 5530 xv,
1026 5461 1116 5517 49.
1192 5460 1234 5490 ⁶¹
1276 5457 1485 5516 lJoan.
1514 5475 1596 5526 tn,
1631 5459 1719 5518 16.
1797 5458 1841 5489 θ’
1882 5457 2040 5515 Rom.
2077 5474 2104 5511 χ

2216 5460 2270 5516 9.
2351 5457 2394 5491 ⁸³
2431 5459 2554 5515 Act.
2589 5475 2649 5525 tt,
2683 5460 2860 5517 29-51.

1633 5611 1799 5668 Variae
1831 5611 2099 5667 lectiones
2137 5611 2340 5667 codicis
2372 5611 2735 5682 Seguieriani.

609 5784 639 5828 ς
665 5774 863 5847 μέτρου
889 5774 980 5828 καὶ
1009 5772 1197 5843 τόμον.
1229 5770 1527 5841 Utrumque
1554 5769 1707 5826 deest
1733 5768 1785 5824 in
1827 5767 2104 5838 manuscri

2236 5767 2594 5840 chtticrano.
