4044 6332
333 420 470 478 Ηϐὗ

1281 409 1371 465 ne
1413 407 1639 462 neum
1681 407 1835 461 FIDE
1874 391 1979 461 An
2007 405 2454 462 Ttiicooosmit
2495 406 2636 460 n-tr.

3447 408 3584 462 “(36

402 538 530 592 κδ’.
556 531 866 605 Παράδοξον
883 539 908 569 ι’
937 529 994 584 δὲ
1021 528 1117 582 καὶ
1146 528 1328 581 οὐδενὶ
1362 528 1469 580 τῶν
1495 527 1664 580 ὄντων
1693 525 1908 598 θαυμα-

2081 525 2246 582 ΧΧΙΙ.
2291 526 2485 580 Mirum
2533 540 2664 580 vero
2718 523 2888 580 videri
2941 525 3124 588 debet,
3179 525 3320 594 quod
3391 542 3590 598 corpus

330 627 455 681 στὸν
475 635 523 687 ⁸.
553 627 636 679 ὅτι
667 622 826 693 σῶμα
869 620 968 691 μὲν
1001 618 1200 673 ἀνεϐίω
1232 617 1292 670 τὸ
1328 622 1404 688 τῇ·
1447 617 1605 685 φύσει
1633 617 1871 687 φθαρτόν
1891 633 1903 645 ·

330 711 397 784 ἦν
425 714 534 784 γὰρ
569 713 701 765 ἴδιον
725 709 820 764 τοῦ
849 708 1129 780 ἀφθάρτου
1155 707 1352 774 Λόγου.
1370 707 1527 778 Ψυχὴ
1551 707 1605 759 δὲ
1632 708 1695 778 δὴ
1724 708 1907 769 πάλιν,

331 804 429 873 τὴν
477 802 612 874 πρὸς
661 802 824 858 αὑτὸν
854 797 1099 870 λαχοῦσα
1128 798 1436 870 συνδρομήν
1468 814 1526 849 τε
1559 802 1652 852 καὶ
1683 801 1900 862 ἕνωσιν,

334 896 774 966 καταπεφοίτηκε
809 894 908 964 μὲν
957 896 1037 958 εἰς
1072 893 1224 964 ᾄδοι),
1272 893 1566 964 θεοπρεπεί
1592 893 1650 946 δὲ
1680 891 1908 961 δυνάμει

335 989 431 1042 καὶ
491 987 712 1058 ἐξουσία
763 986 1046 1057 χρωμένη,
1091 986 1188 1039 καὶ
1225 989 1338 1047 τοῖς
1391 988 1571 1038 ἐκεῖσε
1633 982 1909 1050 πνεύμασι

337 1080 710 1149 κατεφαίνετο.
773 1078 1070 1150 Τοιγάρτοι
1148 1079 1243 1132 καὶ
1303 1077 1511 1145 ἔφασκε
1555 1079 1664 1138 τοῖς
1720 1077 1777 1128 ἐν
1828 1075 1912 1126 δε-

339 1176 522 1244 σμοῖς·
559 1193 578 1225 ‹
627 1159 898 1237 Ἐξὲλθετε
919 1189 932 1202 ⁸
965 1172 1059 1226 καὶ
1085 1173 1196 1234 τοῖς
1221 1172 1279 1223 ἐν
1312 1169 1388 1240 τῷ
1415 1169 1624 1222 σκότει·
1675 1169 1906 1220 Ἀνακα-

336 1264 622 1318 λύπτεσθε.
660 1283 678 1315 ι
715 1263 823 1317 Καί
857 1282 946 1335 μοι
998 1264 1147 1318 δοκεῖ
1189 1263 1354 1331 φάναι
1389 1279 1441 1314 τι
1484 1260 1723 1314 τοιοῦτον
1757 1260 1852 1313 καὶ
1883 1261 1912 1311 ὁ

337 1352 621 1415 θεσπέσιος
663 1350 868 1422 Πέτρος
912 1352 1044 1422 περὶ
1085 1349 1181 1404 τοῦ
1238 1350 1374 1404 Θεοῦ
1429 1349 1627 1418 Λόγου,
1673 1349 1769 1403 καὶ
1812 1349 1911 1418 τῆς

337 1448 456 1499 καθ’
484 1445 676 1500 ἕνωσιν
713 1446 1026 1517 οἰκονομίας
1048 1449 1064 1482 ι
1098 1444 1474 1514 γεγενημένης
1507 1441 1669 1496 αὒτοῦ
1694 1441 1873 1512 ψυχῆς
1892 1458 1906 1470 ⁶

342 1559 361 1590 ο
399 1541 661 1611 Κρεῖττον
691 1540 800 1610 γὰρ
825 1537 1311 1608 ἀγαθοποιοῦντας,
1348 1538 1396 1588 εἱ
1430 1535 1572 1588 θέλοι
1610 1534 1670 1587 τὸ
1698 1532 1910 1604 θέλημα

334 1634 430 1688 τοῦ
455 1632 612 1698 Θεοῦ,
640 1633 895 1704 πάσχειν,
921 1633 955 1703 ἢ
985 1629 1418 1691 κακοποιοῦντας
1439 1645 1450 1660 ·
1480 1630 1561 1681 ὅτι
1594 1627 1688 1681 καὶ
1721 1627 1749 1678 ὁ
1772 1627 1911 1696 Χρι-

337 1726 461 1789 στὸς
497 1723 646 1790 ἅπαξ
679 1724 821 1794 ὑπὲρ
851 1722 1194 1794 ἁμαρτωλῶν
1229 1721 1467 1775 ἀπέθανε
1490 1759 1504 1783 ,
1534 1720 1739 1782 δίκαιος
1771 1717 1911 1788 ὑπὲρ

333 1818 555 1884 ἀδίκων,
606 1817 672 1869 ἵν’
700 1818 848 1886 ἡμᾶς
897 1815 1226 1886 προσαγάγῃ
1277 1813 1354 1884 τῷ
1400 1812 1540 1882 Θεῷ,
1575 1800 1911 1872 θανατωθεὶς

2013 627 2206 686 suapte
2240 626 2433 672 natura
2479 615 2720 670 interitui
2767 627 2822 670 et
2861 616 3022 670 morti
3050 616 3344 671 obnoxium
3401 618 3468 670 ad
3509 621 3589 672 vi-

2014 716 2124 760 tam
2167 707 2345 761 denuo
2412 706 2640 760 redierit
2683 723 2698 759 :
2745 705 2798 760 id
2849 707 2995 760 enim
3049 705 3375 761 immortalis
3423 705 3588 760 Verbi

2013 799 2292 869 pr0prium
2342 807 2480 854 erat.
2533 798 2624 852 Sic
2672 812 2890 868 quoque
2937 798 3139 862 anima,
3181 815 3300 867 qua:
3334 815 3456 853 cum
3501 801 3592 854 illo

2014 891 2300 960 conjuncta
2332 891 2690 962 copulataque
2721 892 2920 958 fuerat,
2948 893 3014 948 ad
3043 891 3246 948 inferos
3270 894 3550 948 descendit
3574 934 3588 954 ,

2013 984 2302 1054 divinaque
2329 985 2530 1040 virtute
2563 999 2627 1040 ac
2660 985 2901 1054 potentia
2934 994 3113 1049 utens,
3143 986 3425 1054 spiritibus
3452 1002 3590 1056 quo-

2012 1089 2119 1144 que
2148 1074 2348 1130 ibidem
2381 1075 2612 1144 captivis
2640 1091 2762 1130 sese
2790 1075 3124 1130 exhibuit“.
3160 1075 3374 1131 Etenim
3408 1078 3472 1133 iis
3495 1079 3590 1147 qui

2013 1163 2245 1220 vinculis
2297 1165 2370 1220 ibi
2404 1165 2685 1219 constricti
2724 1165 3114 1221 detinebantur
3145 1185 3158 1220 :
3197 1184 3215 1217 ο
3248 1167 3425 1231 Exite,
3465 1169 3541 1222 ait
3573 1186 3587 1221 :

2014 1258 2080 1314 iis
2105 1273 2230 1314 vero
2266 1257 2360 1328 qui
2399 1257 2640 1313 tenebris
2661 1257 3081 1328 operiebantur:
3107 1259 3440 1316 Revelamini
3469 1264 3534 1313 ⁸⁸.
3565 1282 3582 1313 ι

2012 1351 2190 1421 Atque
2240 1351 2346 1406 huc
2401 1350 2530 1404 mihi
2585 1365 2812 1421 magnus
2886 1350 2975 1406 ille
3027 1351 3223 1408 Petrus
3279 1355 3590 1425 respexisse

2013 1441 2244 1507 videtur,
2282 1454 2405 1495 cum
2433 1440 2500 1495 de
2537 1437 2632 1494 Dei
2668 1439 2867 1504 Verbo,
2903 1438 3253 1512 ejusdemque
3288 1445 3587 1498 secundum

2013 1533 2466 1603 diSpensatoriam
2519 1532 2775 1587 unionem
2827 1533 3029 1599 anima,
3087 1536 3230 1589 hunc
3266 1535 3317 1590 in
3369 1539 3586 1591 modum

2013 1624 2370 1680 concionatur
2403 1642 2418 1677 :
2452 1644 2469 1676 ι
2503 1623 2694 1680 Melius
2738 1637 2820 1680 est
2869 1627 3016 1680 enim
3072 1627 3476 1684 benefacientes
3521 1633 3586 1696 (si

2013 1718 2260 1774 voluntas
2295 1715 2386 1772 Dei
2425 1716 2576 1787 velit)
2613 1718 2748 1787 pati,
2779 1733 2940 1787 quam
2972 1719 3379 1776 malefacicntes
3413 1740 3425 1774 :
3459 1725 3588 1792 quia

2013 1821 2067 1865 et
2096 1810 2347 1864 Christus
2380 1809 2545 1864 semel
2583 1825 2682 1880 pro
2711 1811 2950 1880 peccatis
2980 1815 3182 1868 nostris
3211 1825 3458 1870 mortuus
3481 1827 3586 1882 est,

337 1911 436 1977 μὲν
487 1909 686 1980 σαρκὶ,
739 1905 1094 1976 ζωοποιηθεὶς
1138 1905 1194 1958 δὲ
1242 1905 1320 1975 τῷ
1364 1904 1670 1974 πνεύματι·
1737 1905 1796 1956 ἐν
1841 1896 1906 1971 ᾧ,

2013 1904 2185 1971 justus
2229 1917 2325 1973 pro
2351 1902 2588 1972 injustis,
2618 1903 2726 1972 20
2755 1911 2811 1956 ut
2858 1917 2958 1960 nos
2988 1902 3208 1962 oll‘erret
3238 1906 3346 1962 Deo
3372 1923 3386 1972 ;
3437 1924 3587 1964 mor-

335 2001 488 2070 φησὶ,
546 1999 642 2052 καὶ
702 2000 812 2062 τοῖς
876 1999 934 2050 ἐν
1005 1999 1218 2067 φυλακῇ
1286 1997 1558 2067 πνεύμασι
1621 1995 1908 2065 πορευθεὶς

333 2073 965 2164 ἐκήρῦξεν,ἁπειθήσασί
989 2107 1140 2143 ποτε.
1171 2109 1188 2142 ι
1220 2089 1353 2143 Οὐδὲ
1381 2089 1509 2158 γὰρ,
1541 2085 1718 2158 οἶμαι,
1750 2090 1907 2156 φαῖεν

333 2179 421 2243 ἂν,
465 2179 538 2243 ὡς
586 2178 768 2250 γυμνὴ
797 2181 891 2233 καὶ
920 2178 1039 2233 καθ’
1080 2179 1278 2250 ἑαυτὴν
1320 2180 1354 2248 ἡ
1387 2179 1578 2249 θεότης
1605 2178 1698 2231 τοῦ
1729 2179 1906 2231 Μονο-

333 2268 526 2336 γενοῦς
566 2268 1008 2338 καταπεφοίτηκε
1055 2269 1154 2339 μὲν
1188 2270 1267 2332 εἰς
1314 2268 1465 2339 ᾆδον,
1523 2267 1809 2340 διεκήρυξε
1847 2263 1904 2320 δὲ

331 2363 443 2422 τοῖς
489 2362 667 2414 ἐκεῖσε
714 2360 1019 2431 πνεύμασιν
1053 2401 1068 2424 ,
1119 2361 1361 2426 ἄποπτος
1408 2357 1544 2415 οὖσα
1587 2360 1900 2424 παντελῶςο

333 2454 574 2522 κρεῖττον
603 2453 710 2524 γὰρ
738 2453 825 2506 ἀεὶ
862 2452 956 2506 τοῦ
983 2453 1212 2524 ὁρᾶσθαι
1238 2454 1301 2506 τὸ
1342 2453 1517 2508 Θεῖον.
1556 2453 1698 2506 Ἀλλ’
1724 2453 1784 2505 οῦ
1817 2451 1903 2504 δο-

332 2545 489 2612 κήσει
517 2545 610 2596 καὶ
633 2544 1119 2614 ἐσχηματισμένως
1161 2545 1242 2607 εἰς
1273 2544 1333 2598 τὸ
1361 2544 1541 2615 ψυχῆς
1571 2540 1710 2608 εἶδος
1734 2545 1903 2615 αὐτὴν

336 2633 728 2706 μεμορφῶσθαι
776 2633 1018 2705 δώσομεν
1042 2649 1055 2664 ·
1107 2635 1475 2705 παραιτητέον
1510 2637 1617 2706 γὰρ
1656 2636 1907 2706 πανταχῆ

333 2726 430 2796 τὴν
457 2727 696 2797 δόκησιν.
716 2726 855 2780 Ἀλλ’
883 2726 1073 2798 ὥσπερ
1104 2731 1218 2792 τοῖς
1239 2729 1333 2780 ἐπὶ
1360 2727 1464 2798 γῆς
1489 2729 1902 2798 συνανεστράεξη

337 2821 476 2890 μετὰ
502 2820 723 2890 σαρκὸς,
759 2819 900 2873 οὕτω
947 2821 1041 2873 καὶ
1087 2823 1209 2884 ταῖς
1240 2823 1319 2884 είς
1349 2820 1474 2892 ᾆδον
1504 2820 1702 2892 ψυχαῖς
1728 2819 1908 2889 διεκήο

336 2911 513 2982 ρυξεν,
565 2913 695 2969 ἴδιον
751 2911 891 2982 ἔχων
950 2913 1200 2982 φόρημα,
1252 2913 1350 2983 τὴν
1408 2912 1701 2966 ὲνωθεῖσαν
1755 2911 1903 2982 αὐτῷ

337 3006 536 3076 ψυχὴν-

334 3099 620 3166 degebant,
673 3107 917 3154 versatus
965 3106 1047 3154 est
1079 3098 1132 3153 in
1182 3112 1455 3167 corpore;
1490 3097 1563 3153 ita
1630 3098 1933 3168 spiritibus,

2010 1996 2246 2049 titicatns
2308 1995 2524 2064 quidem
2595 2009 2798 2059 carne,
2866 1994 3170 2053 viviﬁcattts
3239 2010 3417 2054 autem
3475 2003 3588 2070 spi-

2011 2087 2198 2152 ritu“,
2261 2086 2312 2140 in
2362 2101 2469 2155 quo
2513 2095 2568 2141 et
2614 2087 2698 2142 his
2733 2087 2824 2157 qui
2863 2088 2916 2142 in
2964 2103 3187 2146 carcere
3236 2101 3394 2145 erant
3423 2093 3588 2163 spiri-

2010 2180 2150 2233 tibus
2201 2180 2425 2233 veniens
2477 2178 2830 2248 praedicavit,
2885 2180 2978 2248 qui
3053 2183 3312 2238 increduli
3371 2184 3590 2240 fuerant

2004 2269 2316 2338 aliquando.
2332 2286 2350 2319 ι
2379 2265 2491 2324 Nec
2514 2283 2642 2324 vero
2661 2269 2843 2324 dicent
2868 2271 3206 2327 divinitatem
3227 2291 3319 2341 per
3341 2291 3400 2330 se
3418 2276 3588 2332 solam

2013 2361 2079 2415 ad
2119 2361 2324 2416 inferos
2361 2362 2734 2428 descendisse,
2779 2362 3168 2434 Spiritibusque
3216 2367 3414 2422 ibidem
3459 2385 3590 2425 cun-

2011 2453 2178 2508 clusis
2225 2455 2584 2523 praedicasse;
2634 2471 2757 2511 cum
2812 2455 2930 2524 ipsa
2981 2458 3202 2513 omnino
3250 2463 3353 2515 sub
3403 2465 3594 2518 oculos

2015 2561 2119 2600 non
2149 2546 2340 2610 cadat,
2385 2546 2839 2617 prmstantiorque
2896 2548 2986 2613 sit,
3035 2563 3199 2619 quam
3259 2562 3317 2605 ut
3363 2555 3428 2607 ab
3478 2556 3588 2609 ullo

2013 2636 2161 2690 cerni
2198 2644 2385 2706 queat.
2418 2636 2527 2691 Nec
2555 2637 2719 2691 etiam
2759 2640 3164 2693 concedendum
3201 2652 3284 2696 est
3331 2643 3498 2711 ipsam
3534 2648 3586 2700 in

2014 2738 2361 2798 apparentem
2408 2728 2603 2783 animai
2652 2730 2887 2799 speciem
2931 2733 3370 2788 transformatam
3419 2752 3589 2792 esse:

2010 2819 2280 2889 siquidem
2333 2829 2572 2874 externae
2625 2819 2781 2875 istius
2831 2823 3160 2890 apparentia:
3219 2835 3587 2881 commentum

2013 2913 2239 2969 omnino
2274 2911 2545 2981 repudiari
2597 2912 2774 2967 debet.
2821 2912 2928 2967 Sed
2965 2917 3417 2982 quemadu'todum
3462 2917 3592 2974 Uni-

2009 3007 2226 3076 genitus
2276 2999 2402 3060 eum
2460 3005 2561 3069 iis,
2608 3005 2697 3074 qui
2755 3021 2806 3059 In
2876 3009 3198 3076 corporibus
3245 3011 3357 3064 suis
3407 3013 3604 3080 adhuc

2008 3099 2101 3168 qui
2155 3098 2295 3168 apud
2345 3096 2549 3151 inferos
2605 3097 2955 3165 tenebantur,
3015 3100 3252 3156 animam
3299 3115 3481 3161 mente
3534 3118 3589 3160 et

336 3191 548 3246 ratione
587 3192 867 3259 praeditam
905 3191 1008 3246 sibi
1041 3189 1386 3260 conjunctam
1424 3191 1651 3254 habens,
1687 3191 2047 3246 conciouatns
2087 3199 2192 3246 est.

407 3283 536 3335 Kl".
574 3283 684 3337 Καὶ
720 3281 888 3352 βαθὺς
919 3283 1018 3354 μὲν
1051 3283 1180 3347 ἴσως
1210 3284 1307 3336 καὶ
1334 3284 1643 3356 ἀπόρρητος
1696 3284 1908 3355 ἀληθῶς

2084 3282 2272 3338 XXIII.
2316 3283 2410 3339 Est
2459 3299 2592 3340 sane
2625 3285 3022 3342 incarnationis
3068 3290 3256 3345 modus
3302 3294 3587 3352 admodum

337 3375 431 3428 καὶ
469 3377 592 3437 ταῖς
635 3376 934 3446 ἡμετέραις
982 3375 1244 3440 διανοίαις
1286 3377 1386 3446 οὐχ
1431 3376 1703 3447 ἁλώσιμος
1742 3379 1770 3430 ό
1808 3375 1908 3445 τῆς

334 3465 799 3538 ὲνανθρωπήσεως
827 3467 1045 3537 τρόπος.
1093 3467 1300 3520 Ἐκεῖνο
1329 3469 1374 3520 δ’
1408 3463 1500 3521 οῦν
1532 3469 1682 3539 ὅμως
1712 3468 1904 3522 ἀναλο-

334 3556 582 3626 γίζεσθαι
628 3555 861 3628 πρέπει·
907 3558 975 3610 τὰ
1017 3556 1127 3627 γάρ
1154 3574 1239 3610 τοι
1289 3557 1364 3628 μὴ
1408 3556 1530 3610 καθ’
1563 3559 1712 3628 ἡμᾶς
1749 3558 1910 3611 mitu-

336 3651 694 3720 πραγμονεῖν,
729 3649 830 3701 οὐκ
859 3649 1093 3720 ἀζήμιον
1115 3665 1131 3681 ⁶
1184 3651 1513 3704 ἁνούστατον
1549 3651 1606 3703 δὲ
1631 3650 1910 3714 παντελῶς

333 3744 396 3796 τὸ
430 3741 682 3812 βασάνοις
720 3741 1016 3812 ὑποφέρειν
1041 3742 1109 3796 τὰ
1142 3743 1281 3812 ὑπὲρ
1308 3743 1457 3806 νοῦν,
1495 3745 1586 3796 καὶ
1617 3743 1910 3814 πειρᾶσθαι

335 3836 476 3888 νοεῖν
512 3833 548 3888 ἃ
597 3835 697 3906 οὑχ
721 3829 832 3888 οἷόν
856 3851 936 3888 τε.
969 3837 1040 3889 Ἦ
1067 3836 1167 3889 οὐκ
1208 3832 1385 3910 οἶσθα,
1432 3839 1514 3890 δτι
1558 3839 1621 3888 τὸ
1672 3836 1806 3905 βαθὺ
1847 3837 1909 3907 δὴ

335 3925 494 3980 τοῦτο
525 3927 843 3997 μυστήριον,
877 3927 972 3979 καὶ
996 3925 1120 3979 νοῦν
1149 3927 1417 4000 ὑπερέχον
1448 3927 1536 3980 τὸν
1567 3929 1625 3979 ὲν
1657 3927 1812 3996 ἡμῖν,
1842 3930 1908 3997 τῇ

336 4017 493 4089 ἡμῶν
517 4017 938 4088 ἀπεριεργάστῳ
966 4018 1147 4072 πίστει
1203 4020 1526 4090 τετίμηται;
1557 4021 1628 4073 Τὸ
1654 4021 1710 4074 δὲ
1743 4023 1910 4074 ἀσυν-

337 4115 472 4178 έτως
510 4113 720 4181 λέγειν,
769 4135 787 4166 ι
821 4114 942 4178 Πῶς
968 4113 1186 4168 δύναται
1213 4111 1385 4167 ταῦτα
1427 4112 1715 4181 γενέσθαι;
1755 4131 1772 4164 ι
1809 4113 1910 4165 Νι-

340 4205 563 4276 κοδήμῳ
581 4223 642 4259 τε
666 4206 860 4276 ἐκείνῳ
903 4206 998 4258 καὶ
1029 4207 1142 4269 τοῖς
1169 4206 1293 4259 κατ’
1326 4205 1491 4258 αὑτὸν
1516 4205 1907 4276 ἀπονέμοντες,

339 4295 726 4358 ἅνενδοιάστως
758 4294 1192 4366 παραδεξώμεθα
1225 4295 1295 4348 τὰ
1316 4295 1406 4348 διὰ
1424 4294 1517 4348 τοῦ
1561 4294 1706 4348 θείου
1741 4294 1911 4349 Πνεῦ-

343 4401 512 4454 ματος
557 4384 1050 4455 χρησμῳδούμενα,
1089 4386 1184 4438 καὶ
1236 4383 1383 4455 αὐτῷ
1420 4385 1479 4438 δὲ
1529 4384 1909 4455 πιστεύσωμεν

339 4476 548 4545 λέγοντι
583 4475 800 4546 Χριστῷ
822 4491 834 4502 ⁸
875 4493 892 4526 ι
934 4475 1126 4546 ’Δμὴν,
1159 4475 1304 4548 ἀμὴν
1327 4476 1470 4546 λέγω
1520 4478 1668 4547 ὑμῖν,
1695 4475 1731 4530 ἃ
1764 4477 1902 4530 οῖδα-

339 4586 460 4640 μεν,
513 4568 802 4641 λαλοῦμεν,
852 4569 947 4622 καὶ
988 4567 1024 4622 δι
1059 4569 1404 4641 ἑωράκαμεν,
1445 4570 1850 4642 μαρτυροῦμεν.
1885 4590 1902 4623 ι

2015 3376 2253 3440 subtilis,
2293 3391 2526 3446 vereque
2568 3378 3003 3448 inexplicabilis;
3055 3381 3177 3437 talis
3210 3385 3446 3454 demum,
3489 3393 3587 3458 qui

2015 3469 2362 3540 cogitationis
2402 3480 2703 3540 captusque
2731 3473 2906 3528 nostri
2937 3477 3216 3545 angusrias
3245 3479 3429 3536 multis
3468 3497 3594 3551 par-

2015 3563 2159 3616 tibus
2199 3561 2448 3616 excedat.
2480 3562 2824 3632 Quapropter
2861 3565 2997 3621 illud
3043 3568 3237 3624 iterum
3287 3573 3592 3645 iterumque

2015 3654 2320 3722 expendere
2375 3669 2472 3708 nos
2517 3656 2726 3710 decet:
2768 3672 2998 3729 nempe,
3052 3670 3112 3714 ut
3168 3664 3411 3731 periculo
3483 3683 3592 3722 non

2016 3755 2174 3800 vacat
2216 3746 2490 3802 curiosius
2529 3748 2582 3803 in
2620 3764 2684 3804 ea
2716 3748 3013 3819 inquirere,
3050 3768 3170 3823 quae
3202 3756 3438 3814 humana
3483 3776 3590 3815 non

2015 3849 2177 3892 sunt:
2209 3839 2279 3893 ita
2323 3848 2582 3896 extrema:
2615 3842 2902 3898 dementia:
2935 3844 3104 3900 videri
3143 3863 3205 3902 ea
3241 3865 3361 3919 qua:
3393 3854 3591 3907 mentis

2017 3941 2216 3987 nostra:
2267 3934 2440 3988 aciem
2485 3935 2796 4003 excedunt,
2845 3937 3069 3992 humani
3111 3939 3300 4010 judicii
3363 3945 3588 3999 trutinm

2015 4025 2283 4095 subjicere
2323 4025 2545 4081 moliri:
2578 4027 2661 4081 vel
2708 4029 2775 4082 ad
2821 4043 3010 4084 eorum
3065 4046 3278 4087 rursmn
3327 4036 3593 4106 cegnitio-

2016 4133 2140 4172 nem
2193 4119 2352 4182 eniti,
2410 4133 2531 4188 qua:
2582 4118 2732 4175 nullo
2784 4129 2944 4190 pacto
2993 4131 3180 4178 nostra
3235 4125 3593 4198 intelligentia

2015 4208 2402 4279 comprehendi
2452 4219 2698 4279 possunt.
2741 4209 2933 4267 Nescis
2959 4214 3281 4283 profundum
3327 4217 3430 4272 hoc
3475 4235 3595 4291 my-

2015 4302 2267 4368 sterium,
2297 4301 2557 4372 omnique
2591 4304 2830 4360 humano
2851 4319 3016 4362 sensu
3051 4308 3358 4376 sublimius,
3387 4310 3493 4364 [ide
3522 4311 3593 4365 ab

2013 4393 2162 4448 omni
2217 4394 2432 4449 curiosa
2483 4395 2736 4464 indagine
2778 4396 2954 4454 aliena
3008 4399 3265 4454 honorari
3317 4416 3351 4454 a
3395 4404 3597 4457 nobis?

2015 4483 2377 4552 Quamobrem
2411 4485 2628 4540 stultam
2658 4487 2802 4541 illam
2832 4488 3184 4558 quaestionem
3212 4507 3227 4546 :
3264 4509 3282 4542 ι
3312 4490 3593 4557 Quomodo

2016 4587 2241 4646 possunt
2282 4579 2396 4639 haec
2430 4577 2542 4634 ﬁeri
2571 4580 2656 4632 ‘7?
2688 4599 2706 4632 ι
2751 4578 3045 4635 Nicodemo
3070 4582 3295 4652 ejusque
3325 4583 3594 4639 similibus

337 4662 578 4734 υίχέσθω
603 4663 668 4734 δὴ
701 4656 796 4716 οῦν
824 4661 990 4733 λῆρος
1023 4661 1123 4731 μὲν
1153 4659 1320 4728 ἄπας,
1369 4661 1535 4733 μῦθός
1565 4680 1624 4715 τε
1650 4662 1908 4733 ἀδρανὴς,

2018 4669 2426 4738 relinquentes,
2480 4669 2614 4724 citra
2680 4669 2843 4724 ullam
2900 4651 3296 4728 haesitationem
3356 4673 3592 4744 Spiritus

335 4757 431 4809 καὶ
469 4754 810 4825 ψευδοδοξία,
844 4755 938 4808 καὶ
973 4753 1432 4824 κεκομψευμένων
1477 4755 1780 4826 ῥημάτωνιι
1827 4772 1915 4824 φε-

337 4848 629 4918 νακισμός·
681 4846 1023 4918 προσιέμεθα
1067 4844 1184 4898 οὔτι
1237 4863 1339 4899 που
1391 4845 1452 4900 τὸ
1524 4846 1912 4901 κατασίνεσθαι

336 4940 580 5011 πεφυκὸς
603 4978 619 5005 ,
649 4941 752 4994 κᾶν
791 4941 840 4993 εἰ
873 4941 985 5002 τοῖς
1019 4938 1158 5007 ἄγαν
1200 4938 1616 5011 ὲξησκημένοις,
1669 4941 1764 4992 καὶ
1806 4941 1912 5010 μὴν

336 5035 430 5085 καὶ
458 5035 676 5103 πικροῖς
703 5034 853 5102 ἡμᾶς
880 5036 1269 5104 κατακροτοῖεν
1309 5043 1336 5070 ν
1369 5033 1548 5100 λόγοις
1577 5034 1623 5085 οἱ
1665 5033 1732 5086 δι’
1756 5035 1907 5085 ἐναν-

335 5125 473 5188 τίας.
511 5126 666 5177 Ἔστι
697 5125 806 5194 γὰρ
850 5125 910 5177 τὸ
954 5123 1096 5178 θεῖον
1144 5125 1305 5195 ἡμῶν
1354 5126 1656 5196 μυστήριον
1703 5124 1803 5177 οὐκ
1849 5125 1907 5175 ἐν

336 5217 541 5279 meat;
568 5217 759 5285 σοφίας
786 5216 1133 5287 ἀνθρωπίνης
1163 5217 1366 5284 λόγοις,
1399 5217 1514 5269 ἀλλ’
1543 5217 1601 5268 ἐν
1631 5215 1906 5278 ἀποδείξει

338 5308 479 5361 livet}
488 5325 676 5378 ματος.

2011 4761 2187 4816 sancti
2221 4762 2438 4816 oracula
2481 4760 2862 4830 suscipiamus,
2903 4762 3116 4832 ipsique
3155 4764 3374 4822 Chrisw
3417 4768 3482 4821 de
3532 4785 3592 4822 se

2013 4853 2251 4922 loquenti
2304 4853 2464 4908 ﬁdem
2517 4853 2856 4910 habeamus:
2890 4872 2909 4906 ι
2939 4855 3135 4924 Amen,
3187 4857 3384 4928 inquit,
3433 4875 3592 4916 amen

2010 4945 2132 5000 dico
2173 4943 2348 5008 vobis,
2405 4943 2531 5014 quia
2584 4959 2704 5013 qua:
2737 4944 2960 5011 scimus,
3009 4944 3318 5016 loquimur;
3386 4959 3441 5003 et
3473 4965 3593 5019 qua:

2012 5035 2264 5100 vidimus,
2291 5035 2634 5090 testamur“.
2668 5055 2686 5088 ι
2719 5036 2950 5092 Valeant
2981 5038 3144 5108 igitur
3171 5040 3386 5107 deliria,
3418 5042 3596 5097 faces-

2016 5137 2140 5182 sant
2170 5141 2360 5181 omnes
2392 5125 2619 5181 inﬁrma:
2650 5128 2715 5181 ad
2749 5129 3181 5197 persuadendum
3224 5130 3440 5196 fabulae,
3474 5135 3593 5202 opi-

2020 5219 2315 5285 nionesque
2347 5214 2518 5282 fals:e,
2550 5230 2614 5270 ac
2644 5216 3048 5286 phaleratarum
3077 5221 3388 5276 vocularum
3423 5224 3596 5293 impo-

2022 5322 2186 5362 stura:
2213 5325 2227 5362 :
2256 5306 2387 5359 nihil
2417 5306 2559 5361 enim
2602 5307 2744 5376 quod
2778 5308 3162 5365 detrimentum
3194 5310 3394 5368 all‘erre
3435 5315 3597 5377 solet.

337 5401 699 5467 admittimus;
738 5400 954 5456 etiamsi
1015 5401 1311 5456 adversarii
1371 5399 1843 5457 exercitatissimis
1903 5400 2299 5470 acerrimisque
2352 5398 2656 5455 rationibus
2716 5415 2816 5458 nos
2877 5402 3234 5472 pulsaverint.
3296 5403 3391 5462 Est
3449 5408 3598 5463 enim

409 5555 456 5587 “
495 5555 510 5608 Ι
543 5555 688 5611 Petr.
718 5572 797 5621 ιιι,
832 5556 914 5610 l9.
994 5557 1038 5587 ⁸³
1082 5555 1184 5610 lsa.
1216 5573 1362 5621 χιιι,
1393 5557 1447 5611 9.

1527 5556 1574 5588 “
1613 5555 1805 5612 lPetr.
1841 5573 1927 5620 Ill,
1958 5558 2045 5622 I7,
2082 5557 2170 5612 IS.

2778 5559 2823 5592 ⁸⁸
2863 5559 2993 5618 ibid.
3025 5561 3114 5618 11.

2250 5557 2292 5589 ⁸⁷
2334 5557 2491 5612 Joan.
2524 5573 2609 5622 ιιι⁹
2643 5558 2697 5612 9.

1427 5710 1598 5768 Varia.-
1631 5711 1889 5767 lectiones
1921 5711 2073 5767 codie
2099 5729 2126 5769 s
2152 5714 2512 5785 Srgueiriaui.

413 5856 440 5892 τ
468 5850 526 5904 οὐ
554 5850 873 5920 παράδοξον.
951 5859 974 5890 ⁶
1001 5851 1367 5924 ἀθαύμαστον.
1452 5855 1465 5892 ⁸
1499 5855 1865 5928 οἰκονομικήν.

1943 5862 1969 5891 υ
2001 5854 2306 5928 ῥηματίων.

2384 5866 2409 5898 τ
2442 5859 2713 5929 κρατοῖεν.
