4044 6332
432 301 634 388 ἰνίτ

1459 326 1517 379 S.
1558 323 1836 381 CVRILLI
1880 320 2347 378 ALEXANDRINI
2387 319 2708 376 AllClllEI’.

3603 325 3730 382 “68

461 471 466 474 -
495 447 735 498 divinum
760 441 860 498 hoe
891 450 1134 497 nostrum
1170 448 1594 504 sacramentum,
1629 454 1736 494 non
1773 437 1825 491 in
1889 433 2338 506 persuasibilibus
2400 435 2653 489 humanae
2723 434 3002 503 sapientiae
3027 436 3210 492 verbis
3243 455 3256 493 :
3289 440 3383 494 sed
3426 438 3476 492 in
3517 438 3733 510 Spiritus

493 536 808 590 ostensione
847 535 1080 604 positum
1103 533 1170 587 °’.
1203 555 1220 585 ι

563 627 756 682 XXIV.
803 626 1120 697 Unigenittts
1151 627 1333 698 igitur,
1367 626 1457 696 qui
1483 636 1536 679 et
1572 625 1734 689 Deus,
1763 633 1812 678 et
1851 623 2067 678 univer-

2247 622 2368 676 KA'.
2411 623 2544 687 Θεὸς
2586 618 2680 676 οὖν
2715 621 2999 693 ὑπάρχων,
3043 623 3136 674 καὶ
3196 622 3310 676 τῶν·
3341 623 3478 676 ὅλων
3523 624 3731 695 Κύριος,

495 737 676 774 sorttm
733 720 1030 774 secundum
1081 719 1397 788 Scripturas
1441 719 1702 774 Dominus
1755 729 1870 782 est,
1921 717 2075 772 nobis

494 813 744 882 apparuit
782 830 793 864 :
833 812 976 866 visus
1007 822 1091 866 est
1127 813 1180 865 in
1218 822 1361 865 terra
1387 813 1456 876 ⁷ο,
1486 821 1539 865 ει
1571 812 1731 866 homo
1756 810 1951 874 factus,
1986 810 2071 864 his

472 905 581 969 'qui
626 906 678 957 in
725 904 966 957 tenebris
1010 904 1389 968 versabantur,
1441 903 1637 966 illuxit,
1696 917 1803 955 non
1849 902 2075 970 phanta-

483 1002 684 1057 smate,
729 1003 822 1048 aut.
869 1007 1098 1048 externo
1140 1004 1347 1047 tantum
1400 996 1708 1058 schemate,
1747 995 1918 1048 absit!
1972 996 2076 1049 hoc

484 1089 634 1140 enim
667 1088 890 1150 sentire,
921 1096 1013 1139 aut
1040 1085 1241 1150 dicere,
1272 1097 1350 1140 est
1381 1097 1567 1155 aperte
1603 1087 1867 1140 insanire.
1891 1085 2076 1154 Neque

477 1193 710 1231 ‘TIII‘SIIIII
752 1193 846 1246 per
879 1177 960 1229 sui
1010 1176 1384 1242 mutationem,
1424 1186 1516 1229 aut
1543 1179 1973 1242 conversionem,
2020 1179 2071 1230 in

492 1285 714 1324 carnem
763 1268 1188 1322 transformatus
1218 1269 1321 1338 21
1356 1279 1438 1322 est
1469 1286 1482 1322 :
1514 1267 1607 1323 Dei
1660 1270 1804 1322 enim
1834 1269 2071 1323 Verbum

476 1360 672 1414 omnis
722 1360 1038 1413 mutationis
1089 1373 1305 1428 expers,
1352 1375 1461 1414 uno
1512 1375 1728 1430 semper
1773 1362 2074 1429 eodemqu

493 1451 657 1506 modo
703 1466 762 1506 se
805 1451 989 1505 habet.
1033 1450 1219 1519 Neque
1266 1465 1505 1504 coacvam
1558 1455 1681 1505 cum
1731 1465 1894 1504 carne
1943 1452 2072 1505 sub-

495 1542 754 1597 stantiam
782 1542 1007 1596 sortitus
1028 1551 1112 1596 est
1140 1559 1153 1594 :
1187 1543 1298 1610 ipse
1328 1556 1560 1610 namque
1601 1542 1921 1598 saeculorum
1951 1557 2074 1598 con-

493 1635 636 1689 ditor
672 1642 779 1688 est.
821 1631 1009 1702 Neque
1048 1634 1405 1703 hypostaseos
1432 1649 1640 1695 exsors,
1675 1642 1731 1688 ut
1765 1649 1948 1689 sermo
1983 1646 2076 1688 aut

493 1728 692 1781 nudum
722 1735 929 1780 tantum
966 1726 1307 1794 simplexque
1337 1728 1585 1790 verbum,
1610 1727 1753 1794 quod
1781 1726 1832 1779 in
1858 1727 2075 1780 homine

493 1821 816 1876 inhabitavit
846 1839 860 1874 :
893 1835 1016 1874 nam
1049 1820 1136 1889 qui
1186 1835 1248 1873 ea
1293 1833 1413 1890 quae
1457 1836 1561 1873 non
1600 1829 1748 1885 sunt,
1787 1830 1976 1874 evocat
2019 1830 2077 1873 ut

494 1916 604 1968 sint
651 1923 707 1968 et
748 1913 1037 1977 exsistant,
1096 1913 1142 1966 is
1192 1912 1501 1966 necessario
1547 1913 1874 1981 prmexsistit
1908 1933 1920 1968 :
1959 1913 2074 1983 ipse

2177 715 2318 768 κατὰ
2361 717 2460 778 τὰς
2499 715 2756 787 Γραφὰς,
2803 716 2832 766 ὁ
2869 714 3222 785 Μονογενὴς,
3276 717 3542 786 ὲπέφανεν
3578 719 3731 788 ἡμῖν·

2176 804 2331 876 ὤφθη
2377 806 2486 877 γὰρ
2531 807 2625 858 ἐπὶ
2666 805 2805 876 γῆς,
2845 806 2940 857 καὶ
2974 805 3255 876 ἐπέλαμψε
3300 810 3414 870 τοῖς
3455 811 3513 861 ἐν
3548 810 3732 869 σκότει,

2175 898 2463 967 γενόμενος
2486 897 2580 951 ἄνθ
2591 914 2773 968 ρωπος
2794 937 2813 962 ,
2835 898 2895 950 οὐ
2929 898 3144 968 δοκήσει
3168 937 3182 963 ,
3216 896 3288 968 μὴ
3313 899 3550 966 γένοιτοέ
3587 903 3734 968 μανία

2177 987 2286 1059 γὰρ
2314 988 2472 1042 τοῦτό
2504 1006 2567 1056 γε
2597 991 2836 1059 φρονεῖν,
2863 988 2895 1058 ἢ
2925 988 3105 1058 λέγειν
3129 1006 3144 1019 ⁸
3174 990 3296 1042 οὒτε
3329 991 3434 1061 μὴν
3464 995 3542 1054 εἰς
3576 993 3735 1061 σάρκα

2177 1080 2532 1151 παρενεχθεὶς
2558 1080 2701 1134 κατᾶ
2744 1081 3097 1150 μετάστασιν,
3133 1081 3164 1151 ἦ
3197 1083 3434 1154 τροπήν·
3456 1083 3732 1136 ἁναλλοξω·

2177 1192 2267 1238 τος
2300 1175 2409 1246 γὰρ
2451 1175 2540 1229 ἀεὶ
2573 1174 2714 1228 κατὰ
2741 1175 2802 1227 τὸ
2839 1174 2972 1228 αὐτὸ
3018 1176 3114 1228 καὶ
3158 1176 3420 1239 ὡσαύτως
3461 1175 3596 1246 ἔχων
3628 1177 3660 1228 ὁ-
3679 1179 3735 1228 ἐκ

2177 1269 2310 1322 Θεοῦ
2342 1269 2530 1338 Λόγος.
2577 1269 2717 1321 Ἀλλ’
2747 1268 2870 1322 οῦδὲ
2901 1268 3199 1340 ὁμόχρονον
3221 1272 3286 1340 τῇ
3322 1269 3483 1339 σαρκὶ
3510 1269 3607 1340 τήν
3642 1269 3732 1322 im-

2177 1361 2334 1431 αρξιν
2362 1360 2504 1428 ἔχων
2526 1375 2538 1388 ·
2574 1359 2737 1424 αὐτὸς
2775 1362 2876 1432 γάρ
2903 1363 3018 1414 ἔστι
3051 1360 3159 1413 τῶν
3191 1360 3402 1414 αἰώνων
3433 1363 3462 1414 6
3490 1362 3730 1433 Ποιητής.

2178 1451 2315 1506 (lli-cs
2345 1454 2452 1522 μὴν
2476 1451 2552 1514 ὡς
2576 1450 2734 1517 λόγος
2762 1451 3157 1516 ἀνυπόστατος,
3186 1452 3306 1506 οὐδὲ
3326 1453 3404 1515 ὡς
3425 1453 3574 1524 ῥῆμα
3595 1455 3733 1522 ψιλὸν

2178 1548 2236 1598 ὲν
2273 1542 2545 1614 ἀνθρώπῳ
2572 1541 2794 1610 γεγονός
2811 1551 2840 1578 ι
2860 1560 2874 1572 ’
2899 1543 2927 1594 6
2961 1541 3069 1612 γάρ
3097 1559 3178 1594 τοι
3205 1540 3383 1596 καλῶν
3407 1543 3478 1596 τὰ
3499 1545 3597 1596 οὐκ
3621 1545 3732 1596 ὅντα

2180 1636 2311 1689 ποτὲ
2388 1635 2526 1706 πρὸς
2581 1634 2819 1704 ὓπαρξιν
2880 1633 2979 1688 καὶ
3033 1635 3301 1704 γένεσιν,
3338 1636 3732 1706 προῦφέστηγεν

2178 1728 2527 1796 ἀναγκαίωςο
2578 1726 2742 1789 αὐτὸς
2783 1725 2893 1797 γάρ
2923 1727 3073 1778 ἐστιν
3121 1728 3154 1796 ή
3201 1725 3314 1794 ζωὴ
3338 1766 3352 1788 ,
3386 1727 3636 1795 πεφηνὼς
3678 1730 3733 1781 ἐκ

2179 1821 2326 1890 ζωῆς
2361 1819 2456 1872 τοῦ
2488 1817 2624 1872 Θεοῦ
2659 1817 2755 1871 καὶ
2786 1817 3000 1888 Πατρὸς
3020 1856 3035 1881 ,
3064 1817 3218 1880 ὄντος
3243 1835 3304 1873 τε
3331 1819 3423 1872 καὶ
3460 1819 3732 1889 νοουμένου

2182 1914 2300 1965 κατ’
2347 1911 2480 1964 ἰδίαν
2529 1910 2844 1965 ὑπόστασιν.
2885 1909 3027 1962 Ἀλλ’
3064 1910 3186 1962 οὐδὲ
3223 1911 3393 1982 μόνην
3440 1910 3735 1982 ἠμπέσχετο

493 2007 637 2060 enim
689 2016 774 2061 est
818 2005 923 2059 vita
961 2019 1028 2058 ex
1078 2004 1185 2057 vita
1245 2005 1355 2058 Deo
1400 2001 1564 2058 Patre
1613 2008 1934 2072 pret-edens,
1980 2007 2067 2073 qni

2182 2004 2359 2074 σάρκα
2387 2003 2564 2074 ψυχῆς
2595 2002 2815 2072 ἐρήμην
2847 2001 2948 2069 τῆς
2992 2001 3247 2072 λογικῆς·
3288 2002 3606 2073 γεγέννηται
3642 2003 3733 2074 γάρ

494 2097 713 2168 quidem
763 2095 1060 2151 secundum
1103 2097 1376 2166 propriam
1425 2096 1739 2165 hypostnsin
1792 2107 1846 2149 et
1891 2107 1974 2150 est
2017 2109 2072 2152 et

493 2189 832 2258 intelligitur.
870 2187 976 2242 Sed
1011 2201 1188 2256 neque
1226 2202 1446 2242 carnem
1478 2201 1715 2255 quoque,
1741 2203 1860 2255 qum
1889 2188 2068 2240 anima

489 2280 703 2335 ratione
737 2280 961 2350 praedita
1001 2289 1239 2344 vacaret,
1273 2279 1447 2333 induit
1475 2280 1947 2348 :qnandoquidem
1992 2279 2071 2334 vi-

485 2385 613 2423 vum
655 2369 785 2424 illud
831 2371 1264 2440 subsistensque,
1311 2385 1375 2424 ac
1405 2371 1513 2424 Deo
1541 2369 1690 2423 Patri
1733 2381 2062 2424 coaeternum

485 2461 630 2516 Deus
655 2460 892 2516 Verbum
925 2463 1107 2516 servili
1155 2463 1324 2515 forma
1359 2473 1630 2531 suscepta,
1681 2477 1809 2515 vere
1841 2477 1906 2515 ex
1953 2478 2072 2514 Itlll-

487 2555 619 2608 liere
668 2564 875 2618 natum,
922 2565 975 2608 et
1012 2556 1172 2607 homo
1217 2554 1416 2608 factum
1469 2565 1587 2619 est,
1623 2564 1812 2622 estque
1843 2554 2071 2624 perinde

487 2647 785 2716 perfectum
838 2647 892 2699 in
941 2646 1281 2701 humanitate
1313 2661 1378 2700 ac
1425 2646 1478 2700 in
1514 2647 1736 2700 deitate.
1781 2642 1894 2697 Non
1928 2645 2068 2698 enim

485 2753 553 2792 ex
601 2737 716 2792 sola
761 2752 926 2791 carne
973 2746 1028 2790 ct
1078 2738 1298 2800 deitate,
1346 2739 1443 2792 sed
1487 2753 1552 2790 ex
1586 2735 1826 2806 perfecta
1876 2737 2070 2788 Imma-

2183 2096 2324 2150 κατὰ
2352 2095 2608 2166 ἀλήθειαν
2637 2095 2701 2146 ἐκ
2733 2092 3013 2162 γυναικὸς,
3047 2094 3142 2147 καὶ
3173 2093 3417 2163 πέφηνεν
3447 2093 3730 2164 ἅνθρωπος,

2182 2187 2210 2238 ὁ
2235 2185 2342 2249 ζῶν
2370 2186 2466 2238 καὶ
2497 2185 2892 2258 ὑπάρχων,.καὶ
2923 2185 3193 2248 συναῗδως
3213 2184 3293 2255 τῷ
3321 2184 3442 2255 Θεῷ
3471 2186 3564 2238 καὶ
3580 2187 3733 2256 Harp!

2181 2278 2314 2342 Θεὸς
2337 2279 2530 2346 Λόγος,
2576 2278 2789 2349 μορφὴν
2809 2276 2995 2330 δούλου
3027 2276 3206 2330 λαϐὼν
3226 2295 3240 2309 ο
3274 2277 3368 2331 καὶ
3397 2277 3545 2333 ἔστιν
3567 2277 3733 2349 ὥσπερ

2174 2368 2233 2419 ἐν
2269 2366 2484 2438 θεότητι
2533 2367 2742 2431 τέλειος
2765 2409 2787 2434 ,.
2827 2367 2973 2421 οὔτω
3007 2368 3100 2422 καὶ
3144 2369 3203 2421 έν
3245 2369 3622 2440 ἀνθρωπότητι
3658 2371 3732 2421 τέ-

2173 2458 2352 2521 λειοςο
2389 2459 2490 2511 ουκ
2532 2462 2595 2511 ἐκ
2649 2459 2814 2528 μόνης
2862 2459 3116 2529 θεότητος
3161 2459 3254 2512 καὶ
3301 2461 3504 2532 σαρκὸς
3548 2463 3622 2524 εἰς
3651 2460 3731 2513 ἕνα

2174 2551 2416 2623 Χριστὸν
2463 2552 2558 2604 καὶ
2592 2553 2797 2622 Κύριον
2842 2553 2938 2604 καὶ
2971 2552 3111 2605 Υἰὸνί
3132 2552 3510 2622 συγκείμενος,
3543 2553 3653 2606 ἀλλ’
3677 2553 3731 2604 ἐκ

2175 2644 2321 2697 δυοῖν
2368 2644 2620 2708 τελείοιν,
2663 2642 3063 2715 ἁνθρωπότητα
3091 2644 3332 2715 δὴ-λέγω
3374 2645 3470 2698 καὶ
3501 2645 3729 2714 θεότητα,

2176 2738 2256 2800 εἰς
2283 2737 2381 2790 ἕνα
2408 2738 2498 2790 καὶ
2527 2736 2617 2789 τὸν
2643 2735 2806 2789 αὐτὸν
2834 2735 3154 2807 παραδόξως
3185 2735 3562 2806 συνδούμενος.

486 2831 740 2887 nitate'et
775 2834 1060 2887 divinitate
1092 2833 1142 2886 in
1192 2851 1356 2887 unum
1424 2836 1787 2904 eumdemqtte
1853 2831 2142 2886 Dominum
2184 2843 2240 2887 et
2281 2834 2475 2886 Filium
2529 2844 2586 2887 et
2630 2832 2912 2886 Christum
2960 2834 3263 2888 admirabili
3307 2838 3542 2905 quodam
3595 2834 3730 2886 modo

487 2926 790 2994 concrevit,
817 2926 1148 2996 coaluitque.

501 3041 510 3049 ·
557 3017 727 3075 XXV.
768 3019 837 3074 At
880 3020 966 3074 hic
1015 3020 1388 3075 sciscitahitttr
1443 3020 1580 3075 forte
1615 3024 1882 3092 quispiam
1917 3047 1928 3080 :
1970 3009 2068 3079 cn-

481 3112 722 3181 jusmodi
772 3113 988 3168 tandem
1018 3125 1170 3166 sacra
1216 3114 1378 3184 Virgo
1404 3115 1609 3184 peperit
1637 3157 1650 3180 ,
1699 3116 2065 3179 hominemne,

2241 3021 2372 3072 KE'.
2425 3021 2572 3089 Ἐρεῖ
2602 3019 2657 3070 δέ
2688 3037 2794 3086 τις,
2823 3030 2964 3073 κατα
2996 3017 3060 3070 τὸ
3087 3019 3253 3080 εἰκόςο
3286 3019 3417 3072 Τίνα
3444 3019 3508 3092 δὴ
3541 3015 3628 3073 οὖν
3653 3021 3728 3072 τέ-

2169 3128 2330 3164 τοκεν
2379 3112 2410 3181 ἡ
2463 3112 2593 3176 ἁγία
2632 3112 2947 3184 Παρθένος;
2998 3110 3091 3164 τὸν
3133 3111 3438 3184 ἄνθρωπον,
3478 3115 3510 3185 ἦ
3553 3115 3638 3167 τὸν
3677 3116 3728 3167 ἐκ

487 3222 556 3260 an
590 3205 687 3260 Dei
719 3206 990 3261 Verbum?
1021 3205 1118 3260 Cui
1144 3220 1244 3260 nos
1270 3206 1678 3275 respondemus,
1705 3207 1848 3261 istud
1878 3208 2067 3278 exqui-

2171 3202 2306 3255 Θεοῦ
2336 3203 2542 3271 Λόγονς
2575 3205 2760 3274 Φαμὲν
2797 3205 2854 3257 δὲ
2880 3203 3073 3274 ἡμεῖς·
3109 3204 3219 3256 Καὶ
3242 3204 3399 3259 τοῦτό
3429 3207 3495 3274 γέ
3534 3209 3668 3260 ἐστιν
3698 3209 3724 3276 ὴ

487 3314 633 3363 rere,
683 3297 815 3352 nihil
875 3297 1020 3351 aliud
1082 3312 1226 3359 esse,
1277 3313 1436 3366 quam
1489 3313 1702 3366 errare,
1755 3309 1808 3353 et
1862 3315 1891 3353 a
1939 3315 2068 3354 vero

487 3391 828 3460 honestoque
862 3389 1073 3444 abduci.
1106 3388 1279 3444 Nemo
1313 3401 1434 3458 post
1463 3393 1716 3446 unionem
1747 3393 2065 3446 divisionem

488 3481 628 3536 mihi
681 3481 881 3549 lingat;
955 3495 1130 3550 neque
1200 3477 1609 3535 Emmanuelem
1675 3481 1727 3534 in
1792 3482 2064 3536 hominem

487 3588 777 3638 seorsum,
822 3584 874 3626 et
924 3573 977 3626 in
1029 3571 1197 3625 Deum
1252 3588 1499 3627 seorsum
1551 3575 1886 3643 dispescens,
1934 3575 2066 3629 duas

483 3680 746 3736 personas
793 3663 1041 3719 cliormet
1068 3683 1080 3718 :
1109 3679 1174 3720 ne
1216 3665 1340 3736 quis
1382 3667 1628 3720 meritam
1677 3668 1829 3720 vobis
1862 3665 2064 3738 [nobis]

485 3766 673 3810 notam
727 3756 928 3819 inurat,
989 3764 1245 3824 tanquam
1288 3755 1379 3825 qui
1430 3756 1562 3809 nihil
1617 3767 1820 3809 rectum
1872 3770 2065 3824 sapere

484 3847 780 3904 instituatis
807 3845 1224 3920 [instituamus],
1252 3847 1349 3901 sed
1378 3847 1429 3900 id
1465 3847 1636 3901 solum
1673 3847 1814 3916 quod
1845 3861 1942 3915 per
1978 3846 2063 3900 di-

483 3943 641 3997 vinas
679 3943 995 4008 Scripturas
1028 3939 1452 3995 condemnatum
1484 3949 1588 3994 est.
1634 3937 1784 3995 Unus
1819 3939 1962 3992 ettim
1995 3955 2062 3993 ex

485 4033 686 4088 Christi
733 4033 1016 4101 discipulis
1050 4032 1167 4086 ait:
1207 4049 1226 4084 ι
1259 4029 1398 4097 Vos,
1429 4031 1768 4098 charissimi,
1793 4045 2064 4086 memores

483 4134 658 4177 estote
703 4123 1016 4189 verborum,
1065 4139 1185 4192 quae
1225 4125 1485 4193 praedicta
1525 4132 1650 4178 sunt
1701 4124 1768 4178 ab
1805 4123 2064 4193 apostolis

485 4216 697 4269 Domini
752 4217 919 4269 nostri
971 4214 1100 4268 Jesu
1148 4215 1378 4279 Christi,
1442 4216 1534 4285 qui
1584 4216 1839 4269 dicebant
1885 4215 2061 4280 vobis,

483 4306 742 4376 quoniam
792 4307 844 4358 in
895 4306 1208 4362 novissimis
1237 4308 1568 4375 temporibus
1609 4309 1827 4360 venient
1875 4306 2062 4359 illuse-

486 4414 594 4462 res,
634 4401 930 4452 secundum
963 4399 1232 4454 desideria
1270 4415 1366 4455 sua
1398 4401 1740 4456 ambulantes
1778 4401 1829 4453 itt
1877 4400 2064 4468 impie-

485 4491 703 4544 tatihus.
752 4490 816 4543 lli
855 4502 978 4545 sunt
1007 4492 1098 4560 qui
1144 4502 1452 4561 segregant,
1487 4491 1773 4556 animales,
1808 4492 2058 4561 spiritum

486 4595 591 4631 non
628 4580 888 4634 habentes
908 4581 976 4634 τ’.
1018 4599 1036 4632 ι
1083 4579 1240 4635 Nullo
1290 4581 1474 4650 itaque
1515 4585 1673 4636 modo
1721 4583 2058 4652 segregatio-

483 4687 605 4725 nem
662 4673 962 4727 concedere
1008 4673 1090 4728 fas
1141 4682 1244 4738 est,
1290 4673 1418 4728 licet
1467 4683 1590 4744 post
1649 4675 1903 4727 unionem
1957 4677 2063 4728 duo

484 4777 745 4832 apparere
772 4765 1026 4830 debeant,
1059 4774 1115 4819 et
1145 4765 1399 4819 distincte
1427 4765 1500 4819 sit
1531 4775 1820 4834 utrumque
1860 4765 2064 4820 intelli-

482 4858 738 4925 gendum.
789 4859 1053 4923 Quocirca
1106 4858 1409 4922 sciendum,
1456 4859 1797 4912 considerari
1845 4858 2060 4930 quidem

482 4951 551 5001 ab
583 4949 857 5004 intellectu
891 4952 1182 5018 quamdam
1206 4959 1523 5005 naturarum
1557 4950 1915 5006 diﬂerentiam
1939 4949 2056 5022 (ne-

479 5057 584 5107 que
615 5043 758 5095 enim
786 5051 869 5095 est
893 5040 1084 5095 eadem
1109 5042 1325 5096 deitatis
1351 5052 1405 5098 et
1438 5043 1794 5098 humanitatis
1814 5042 2064 5112 natura),

477 5135 572 5186 sed
617 5148 720 5186 una
756 5149 878 5188 cum
925 5133 1028 5188 hac
1077 5134 1519 5190 consideratione
1549 5136 1822 5205 percipiet
1854 5135 2060 5189 utrius-

476 5241 581 5292 que
616 5238 944 5280 Concursum
975 5226 1044 5280 ad
1073 5227 1350 5281 unionem.
1388 5226 1538 5282 Unus
1574 5231 1757 5297 Itaque
1785 5236 1873 5283 est
1897 5227 2060 5283 Chri-

550 5381 602 5409 ⁸⁵
637 5379 652 5431 l
685 5379 809 5436 Cor.
842 5394 901 5446 tt,
933 5379 986 5434 4.
1067 5381 1112 5412 ⁷ο
1152 5379 1366 5438 Baruch
1393 5397 1475 5452 nt,
1508 5383 1598 5439 38.

1677 5384 1719 5414 ”
1761 5382 1883 5438 Jud.
1917 5385 2095 5440 17-19.

2169 3295 2457 3364 πλάνησις,
2494 3297 2588 3348 καὶ
2618 3296 2679 3348 τὸ
2705 3296 3052 3365 ἁμάρτημαγ
3084 3295 3185 3348 τοῦ
3225 3295 3531 3366 πρέποντάς
3561 3315 3616 3351 τε
3649 3299 3727 3352 καὶ

2167 3387 2422 3458 ἀληθοῦς.
2453 3388 2544 3458 Μὴ
2578 3390 2687 3459 γάρ
2717 3406 2808 3457 μοι
2840 3388 3016 3460 διέλῃς
3055 3388 3194 3459 μετὰ
3239 3388 3338 3460 τὴν
3367 3390 3582 3457 ἕνωσιν,
3611 3391 3727 3461 μηδὲ

2167 3481 2376 3544 διιστὰς
2408 3484 2488 3544 εἰς
2510 3481 2795 3552 ἄνθρωπον
2829 3481 3073 3545 ἰδικῶςκ,
3109 3482 3203 3536 καὶ
3232 3484 3312 3546 εἰς
3340 3483 3499 3547 Θεὸν,
3524 3484 3726 3555 διπρόσ-

2167 3588 2315 3623 ωπον
2361 3572 2495 3641 ἡμῖν
2537 3569 2816 3624 άνατύπου
2865 3572 2957 3625 τὸν
2999 3573 3378 3644 Ἐμμανουήλο
3411 3575 3489 3646 μὴ
3524 3575 3626 3645 ἄρα
3658 3593 3728 3635 τις

2168 3665 2300 3734 ἡμῖν
2325 3676 2350 3704 ει
2382 3665 2610 3728 εἰκότως
2637 3664 2891 3734 διαμωμή
2903 3682 3073 3727 σαιτο,
3109 3668 3328 3735 φρονεῖν
3349 3667 3626 3736 ἑλομένοις
3651 3667 3725 3736 ὀρ-

2167 3756 2258 3809 θὸν
2293 3758 2390 3827 μὲν
2421 3758 2596 3821 οὐδὲν,
2619 3760 2792 3810 ἐκεῖνο
2816 3759 2872 3810 δὲ
2909 3757 3132 3828 μᾶλλον,
3164 3759 3191 3810 ὃ
3221 3759 3316 3812 καὶ
3343 3759 3438 3812 διὰ
3461 3761 3562 3830 τῆς
3587 3760 3725 3826 ἁγίας

2169 3849 2537 3919 κατεδικάσθη
2592 3849 2841 3920 Γραφῆς.
2876 3844 3001 3902 Ὧδε
3045 3852 3156 3922 γάρ
3210 3868 3293 3913 τις
3350 3851 3455 3922 ἔφη
3504 3852 3609 3904 τῶν
3646 3849 3723 3902 τοῦ

2165 3939 2404 4010 Χριστοῦ
2436 3941 2691 4011 μαθητῶν
2714 3957 2727 3970 ⁸
2762 3962 2779 3992 ι
2823 3941 3010 4012 Ὑμεῖς
3043 3943 3122 4004 δὲ,
3147 3944 3439 4015 ἀγαπητοὶ,
3471 3942 3721 4015 μνήσθητε

2164 4031 2274 4085 τῶν
2301 4033 2561 4102 ῥημάτων
2591 4031 2702 4085 τῶν
2734 4033 3148 4106 προειρημένων
3172 4035 3275 4088 ὑπὸ
3302 4036 3411 4089 τῶν
3432 4035 3722 4090 ἀποστόλων

2165 4122 2257 4176 τοῦ
2290 4124 2494 4192 Κυρίου
2522 4123 2682 4195 ἡμῶν
2725 4125 2901 4195 Ἰησοῦ
2949 4126 3211 4198 Χριστοῦ,
3245 4127 3333 4201 ,ὅτι
3376 4128 3720 4198 ελεγονλύμῖν,

2165 4218 2246 4272 ὃτι
2296 4219 2634 4288 ἐπ’ὲσχάτου
2677 4219 2786 4272 τῶν
2815 4219 3022 4290 χρόνων
3067 4220 3377 4272 ἐλεύσονται
3411 4223 3473 4273 ἐν
3505 4222 3725 4290 ἐμπαιγ-

2168 4315 2304 4382 μονῇ
2340 4315 2668 4382 ἐμπαῖκται,
2721 4312 2863 4365 κατὰ
2894 4311 2994 4376 τὰς
3055 4313 3267 4366 ἑαυτῶν
3310 4315 3601 4385 ἐπιθυμίας
3642 4329 3723 4364 πο-

2171 4403 2456 4473 ρευόμενοι
2485 4403 2596 4454 τῶν
2621 4400 2906 4455 ἀσεϐειῶν.
2939 4396 3097 4457 Οὖτοί
3127 4406 3263 4456 εἰσιν
3296 4405 3344 4456 οἱ
3369 4395 3735 4474 άποδιορίζον-’

2163 4512 2276 4560 τες,
2307 4493 2548 4565 ψυχικοὶ,
2590 4495 2807 4564 πνεῦμα
2837 4495 2912 4565 μὴ
2943 4496 3175 4565 ἔχοντες.
3202 4515 3220 4547 ι
3247 4497 3322 4548 Οὐ
3341 4490 3720 4568 διοριστέονοῦν

2163 4588 2276 4658 ἄρα
2299 4588 2422 4640 κατ’
2447 4587 2636 4640 οὐδένα
2664 4588 2885 4657 τρόπον,
2917 4587 3023 4639 εἴτε
3051 4587 3131 4640 δεῖ
3157 4587 3393 4656 μάλιστα
3421 4591 3494 4642 τὰ
3521 4587 3609 4641 δύο
3630 4604 3719 4656 φα-

2163 4679 2321 4747 νῆναι
2364 4680 2503 4747 μετά
2552 4678 2650 4748 τὴν
2703 4678 2918 4740 ἕνωσιν,
2977 4677 3072 4730 καὶ
3125 4680 3229 4730 ἀνά
3285 4681 3444 4752 μέρος
3481 4680 3723 4749 ἑκάτερον

2162 4772 2321 4823 νοεῖν.
2371 4769 2567 4822 Ἰστὲον
2594 4766 2706 4834 οὖν,
2751 4770 2834 4822 ὅτι
2869 4769 3065 4841 θεωρεῖ
3097 4771 3200 4839 μέν
3225 4787 3347 4823 τινα
3383 4771 3594 4840 φύσεων
3623 4771 3721 4823 δια-

2162 4863 2335 4936 φορὰν
2364 4865 2392 4915 6
2428 4863 2550 4925 νοῦς
2571 4881 2595 4893 ο-
2617 4863 2809 4916 ταυτὸν
2843 4863 2949 4934 γὰρ
2982 4861 3100 4915 οῦτι
3150 4881 3248 4916 που
3276 4863 3529 4934 θεότητός
3559 4881 3615 4916 τε
3641 4863 3721 4914 νεὶ

2161 4953 2654 5026 ἀνθρωπότητοςδ·
2689 4953 2990 5017 εἰσδέξεται
3033 4952 3088 5006 δὲ
3131 4954 3264 5025 ὁμοῦ
3311 4958 3431 5019 ταῖς
3465 4957 3591 5027 περὶ
3616 4953 3721 5007 τοῦ·

2162 5063 2280 5098 των.
2297 5046 2525 5109 ἐννοίαις
2556 5046 2651 5098 καὶ
2679 5046 2775 5116 τὴν
2800 5047 3006 5116 ἀμφοῖν
3045 5047 3125 5110 εἰς
3161 5047 3385 5118 ἑνότητα
3413 5048 3716 5118 συνδρομήν.

2164 5135 2376 5189 Οὐκοῦν
2421 5136 2594 5200 Θεὸςο
2642 5137 2745 5208 μὲν
2792 5136 2955 5207 ἐξέφυ
2991 5138 3084 5190 τοῦ
3121 5139 3331 5211 nam;
3369 5139 3446 5202 ὼς
3482 5140 3641 5201 Θεὸς,
3667 5140 3720 5188 ἐκ

2166 5228 2443 5298 Παρθένου
2491 5229 2548 5283 δὲ
2595 5229 2901 5302 ἅνθρωπος.
2950 5230 3008 5282 Ὁ
3060 5231 3170 5301 γάρ
3219 5233 3284 5285 ἐκ
3343 5231 3475 5284 Θεοῦ
3528 5231 3720 5299 Πατρὸε

1577 5540 1746 5595 νιιτίεῐι
1778 5541 2034 5596 lectiones
2078 5541 2280 5597 codicis
2311 5541 2670 5613 chttieriani.

1794 5685 1805 5700 ἱ

551 5695 581 5720 x-
607 5684 862 5748 γεγονώς.
938 5692 972 5730 I-
997 5684 1281 5753 ἁμαρτεῖν.

477 5752 781 5824 θρωπότης.
863 5765 886 5790 ο
919 5753 1075 5805 Θεοῦ.

1399 5694 1419 5720 ι
1453 5684 1692 5754 ἀληθῶν,
1724 5685 1814 5738 καὶ
1843 5686 1919 5748 εἰς
1946 5684 2064 5736 θεὸν
2104 5684 2259 5753 λόγον
2295 5685 2496 5749 ἰδικῶς.

2609 5687 2733 5739 "Ic'.
2775 5687 2920 5758 ὑμῖν.
3040 5689 3065 5727 δ
3102 5688 3190 5742 ἵιτ.
3222 5689 3410 5758 θεότης
3439 5703 3498 5740 τε
3524 5684 3713 5738 καὶάν-
