4044 6332
406 433 432 492 ‘i
448 435 546 492 169

1359 435 1447 490 DE
1485 437 1713 494 RECTA
1753 439 1910 495 FIDE
1953 441 2043 494 AD
2084 441 2536 498 'l'ilEODOSI’UM
2574 442 2710 495 l.\iP.

3525 439 3654 494 ll70

402 553 731 628 ἀπορρήτοις
765 555 858 610 κα).
890 557 1030 627 ὑπὲρ
1059 556 1185 611 νοῦν
1209 557 1532 629 ἀναλάμψας
1558 562 1749 630 Λόγος,
1783 581 1960 634 γεγεν-

2078 574 2212 632 stus,
2261 566 2352 635 qui
2386 565 2603 635 quidem
2656 579 2721 619 ex
2762 563 2867 616 Deo
2903 559 3068 615 Patre
3117 560 3357 615 nascitur
3390 571 3446 614 ut
3488 559 3654 628 Deus,

402 647 598 718 νῆσθαι
637 643 852 717 λέγεται
885 650 950 702 lx
991 649 1278 718 γυναικὸς,
1327 657 1738 724 καταφοιτήσας
1778 659 1834 708 ἐν
1885 659 1977 711 ἀν-

403 739 746 811 θρωπότητι,
773 740 868 794 καὶ
891 741 1088 804 καθεὶς
1113 743 1307 797 ἑαυτὸν
1337 746 1417 807 εἰς
1445 745 1580 816 ὅπερ
1613 748 1712 800 οὐκ
1741 743 1809 819 ἦν
1829 766 1843 779 ο
1879 752 1974 820 οὐχ

403 831 490 884 ἳνα
520 832 678 904 μείνῃ
703 833 1098 902 κεκενωμένος,
1130 833 1246 886 ἀλλ’
1273 836 1360 890 ἵνα
1384 836 1515 901 Θεὸς
1554 835 1688 891 εἶναι
1716 841 1976 912 πιστεύη-

399 941 488 976 ται
513 963 526 986 ,
562 925 657 977 καλ¹
685 927 742 978 ὲν
772 925 901 978 εῖδει
929 924 1005 996 τῷ
1050 927 1172 980 καθ’
1218 930 1366 999 ἡμᾶς
1397 931 1654 1002 πεφηνὼς
1699 934 1792 986 ἐπὶ
1833 937 1971 1004 γῆς,

396 1019 494 1089 οὐχ
519 1019 594 1082 ὡς
620 1021 679 1072 ὲν
703 1020 976 1091 ἀνθρώπῳ
1001 1024 1357 1093 κατοικήσας,
1389 1025 1507 1078 ἀλλ’
1539 1027 1614 1088 ὡς
1640 1028 1798 1092 αὐτὸς
1833 1029 1974 1082 κατά

397 1111 699 1182 ἀλήθειανά
746 1113 1034 1183 ἄνθρωπος
1065 1117 1326 1184 γεγονὼς,
1377 1120 1517 1189 μετά
1554 1122 1650 1173 τοῦ
1696 1122 1795 1189 τὴν
1833 1122 1970 1177 ἰδίαν

397 1203 780 1258 ἀνασώσασθαι
826 1205 1003 1271 δόξαν.
1055 1208 1165 1260 Καὶ
1206 1209 1334 1278 γοῦν
1365 1212 1394 1262 ὁ
1432 1209 1717 1275 Θεσπέσιος
1759 1213 1972 1279 Παῦλος

397 1295 468 1347 τὰ
495 1295 628 1349 πολὺ
656 1297 755 1366 τῆς
789 1298 1034 1369 ἀλλήλων
1065 1301 1482 1371 ὁμοουσιὸτητος
1542 1302 1864 1374 διεστηκότα
1911 1323 1971 1358 τε

398 1385 493 1438 καὶ
537 1387 832 1458 ἀμετρήτῳ
860 1389 1094 1459 διαφορᾷ
1136 1390 1588 1461 διεσχοινισμένα,
1629 1393 1866 1463 θεότητά
1909 1412 1970 1448 τε

397 1476 492 1530 καὶ
513 1477 928 1554 ἀνθρωῖιότητα,
963 1480 1237 1550 συλλέγων
1265 1483 1346 1545 εἰς
1375 1482 1433 1534 ἒν
1465 1485 1844 1554 οἰκονομικῶς,
1877 1487 1970 1539 καὶ

393 1567 455 1634 ἐξ
478 1570 683 1640 ἀμφοῖν
711 1571 800 1624 τὸν
831 1570 926 1623 ἕνα
960 1571 1391 1643 κατασημαίνων
1421 1573 1655 1644 Χριστὸν
1700 1578 1793 1628 καὶ
1843 1577 1970 1630 Υίὸν

395 1662 488 1714 καὶ
513 1662 666 1727 Θεὸν,
723 1681 745 1714 ι
785 1662 997 1726 Παῦλος
1023 1663 1229 1728 δοῦλος,
1278 1665 1462 1735 φησὶν,
1501 1664 1674 1734 Ἰησοῦ
1706 1668 1968 1736 Χριστοῦ,

393 1753 591 1825 κλητὸς
656 1755 988 1820 ἀπόστολος,
1043 1757 1427 1827 ἀφωρισμένος
1492 1759 1572 1821 εἰς
1638 1760 1968 1828 Εὐαγγέλιον

392 1847 550 1912 Θεοῦ,
579 1847 607 1900 ὸ
641 1849 1112 1920 προεπηγγείλατο
1137 1850 1225 1904 διὰ
1249 1849 1358 1904 τῶν
1391 1850 1688 1924 προφητῶν
1718 1850 1883 1905 αὐτοῦ
1910 1853 1969 1904 ὲν

2078 655 2186 727 22
2212 673 2280 713 ex
2310 672 2473 723 sacra
2495 667 2672 712 autem
2696 654 2918 726 Virgine
2948 662 3008 709 ut
3043 653 3229 709 homo.
3275 651 3485 707 Etenim
3514 651 3656 707 idem

2079 749 2206 803 illud
2253 749 2487 804 Verbum
2537 749 2679 818 quod
2728 745 3094 818 inexplicabili
3137 745 3334 811 modo,
3386 758 3658 813 supraque

2076 855 2291 894 omnem
2345 841 2593 894 humanae
2649 838 2846 893 mentis
2904 849 3124 910 captum
3185 837 3356 892 eluxit
3419 851 3486 891 ex
3543 834 3656 891 Deo

2079 928 2256 997 Patre,
2294 930 2346 986 in
2383 932 2675 986 humanam
2717 927 3360 993 naturam'descendens,
3407 936 3464 982 et
3503 926 3556 981 in
3600 927 3652 981 id

2077 1025 2221 1094 quod
2257 1041 2368 1081 non
2415 1036 2537 1080 erat
2585 1041 2645 1079 se
2693 1024 2994 1087 dimittens,
3043 1037 3112 1077 ex
3162 1021 3392 1076 muliere
3440 1034 3656 1090 quoque

2076 1118 2274 1173 dicitur
2310 1127 2495 1172 natum
2525 1136 2540 1172 :
2577 1133 2682 1172 non
2731 1132 2841 1186 quo
2877 1123 3122 1170 maneret
3162 1113 3524 1176 exinanitum,
3558 1111 3653 1166 sed

2075 1209 2218 1264 Deus
2261 1223 2389 1263 esse
2425 1208 2768 1272 crederetur,
2805 1216 3092 1277 postquam
3141 1203 3304 1258 etiam
3357 1203 3409 1258 in
3444 1213 3653 1257 natura:

2075 1307 2274 1353 nostra:
2299 1298 2474 1352 forma
2506 1299 2557 1353 in
2612 1299 2774 1353 terris
2816 1297 3069 1367 apparuit
3107 1315 3121 1350 :
3158 1311 3264 1351 non
3303 1305 3556 1364 tanquam
3604 1295 3652 1350 is

2070 1392 2166 1462 qui
2205 1391 2480 1447 hominem
2513 1391 2812 1457 inhabitet,
2847 1391 2940 1446 sed
2975 1399 3231 1460 tanquam
3279 1390 3325 1444 is
3357 1389 3446 1459 qui
3490 1389 3651 1443 homo

2073 1486 2250 1554 reipsa
2280 1484 2532 1548 exsistat,
2569 1483 2739 1554 gloria
2778 1491 2957 1538 tamen
2997 1497 3094 1536 sua
3134 1497 3356 1552 prorsus
3393 1480 3649 1536 incolumi

2073 1583 2127 1628 et
2153 1573 2323 1628 salva.
2355 1571 2697 1643 QuaprOpter
2727 1574 2943 1628 divinus
2972 1569 3172 1627 Paulus
3207 1573 3566 1636 divinitatem,
3597 1582 3653 1628 et

2073 1667 2510 1730 humanitatem,
2567 1681 2688 1735 qua:
2729 1666 2873 1736 quod
2931 1667 2997 1719 ad
3057 1675 3266 1718 natura:
3314 1664 3651 1719 identitatem

2073 1759 2290 1822 attinet,
2326 1757 2642 1828 longissimo
2676 1756 2986 1821 intervallo,
3039 1756 3412 1826 immensoque
3451 1756 3650 1812 discri-

2075 1852 2219 1905 mine
2265 1866 2294 1904 a
2337 1865 2397 1906 se
2443 1857 2629 1904 mutuo
2662 1848 2886 1913 distant,
2934 1847 3336 1916 dispensatione
3385 1847 3440 1901 in
3483 1863 3650 1900 unum

391 1937 635 2008 Γραφαῖς
670 1940 855 2008 ἁγίαις
887 1940 1134 2012 περὶτοῦ
1165 1941 1296 1995 Υἱοῦ
1324 1941 1516 2005 αὑτοῦ,
1543 1942 1638 1996 τοῦ
1667 1944 1960 2012 γενομένου

2075 1955 2292 2010 cogens,
2329 1949 2385 1994 et
2415 1955 2484 1994 ex
2525 1939 2780 2008 utrisque
2813 1953 2978 1992 unum
3023 1937 3322 2000 Christum,
3353 1935 3522 1990 Deum
3552 1935 3650 1990 Fi-

388 2028 455 2082 ὲκ
502 2029 816 2101 σπέρματος
868 2033 1032 2087 Δαὸὶδ
1071 2033 1214 2086 κατὰ
1253 2034 1454 2104 σάρκα,
1507 2035 1601 2088 τοῦ
1656 2036 1967 2107 ὁρισθέντος

389 2114 522 2169 Υίοῦ
553 2117 689 2172 Θεοῦ
728 2120 787 2172 ὲν
825 2121 1093 2192 δυνάμει,
1137 2119 1278 2173 κατὰ
1319 2120 1537 2192 πνεῦμα
1566 2122 1902 2195 ἁγιωσύνης.
1937 2142 1957 2176 ι

399 2209 533 2263 Ἰδοὺ
553 2210 617 2280 δὴ
651 2210 840 2280 σαφῶς
865 2212 1175 2283 ἀφωρίσθαι
1203 2213 1368 2283 φησὶν
1393 2214 1583 2266 ἑαυτὸν
1603 2215 1684 2278 είς
1713 2215 1963 2283 Εὐαγγέ-

386 2300 500 2356 λιον
518 2302 674 2370 Θεοῦ,
713 2305 892 2358 καίτοι
921 2305 1151 2376 γράφων
1185 2306 1510 2377 ἀναφανδόν·
1549 2326 1566 2357 ι
1595 2309 1670 2360 Οὐ
1697 2307 1806 2380 γὰρ
1837 2311 1963 2361 ἐαυ-

384 2395 512 2457 τοὺς
535 2395 903 2467 κηρύσσομεν,
928 2397 1064 2452 ἀλλὰ
1087 2399 1324 2467 Χριστὸν
1354 2398 1580 2469 Ἰησοῦν·
1610 2419 1630 2452 ο
1661 2401 1756 2454 καὶ
1777 2399 1960 2453 πάλιν·

391 2503 412 2537 ι
446 2487 518 2539 Οὐ
549 2486 659 2558 γὰρ
687 2487 880 2559 ἔκρινά
917 2505 969 2542 τι
1002 2490 1200 2543 εἰδέναι
1228 2490 1286 2543 ἐν
1335 2491 1485 2558 ὑμῖν,
1516 2493 1566 2544 εί
1611 2492 1686 2562 μὴ
1729 2491 1962 2564 Χριστὸν

397 2579 628 2651 Ἰησοῦν,
659 2582 755 2634 καὶ
778 2581 968 2635 τοῦτον
997 2584 1436 2656 ἐσταυρωμένον.
1465 2602 1490 2635 ί)

2072 2031 2202 2086 lium
2240 2041 2495 2087 constare
2538 2030 2859 2096 oStendens,
2891 2030 2964 2083 ita
2997 2028 3076 2084 ait
3111 2047 3125 2085 :
3163 2047 3181 2080 ι
3211 2027 3411 2082 Paulus
3460 2043 3651 2084 servus

2069 2123 2198 2179 Jesu
2229 2124 2456 2190 Christi,
2477 2134 2704 2178 vocatus
2733 2122 3031 2191 apostolus,
3058 2132 3372 2192 segregatus
3394 2121 3446 2174 in
3472 2118 3650 2174 Evan-

2070 2216 2267 2287 gelium
2325 2215 2438 2281 Dei,
2485 2215 2626 2284 quod
2675 2223 2801 2268 ante
2848 2211 3175 2282 promiserat
3219 2225 3321 2281 per
3357 2211 3651 2281 prophetas

2069 2324 2198 2364 suos
2231 2309 2283 2362 in
2309 2307 2616 2378 Scripturis
2658 2307 2865 2362 sanctis
2901 2307 2966 2361 de
3012 2305 3148 2360 Filio
3181 2320 3303 2369 suo,
3332 2304 3426 2374 qui
3471 2303 3649 2358 factus

2065 2411 2153 2455 est
2202 2400 2251 2454 ei
2307 2414 2376 2454 ex
2423 2400 2634 2455 semine
2685 2397 2855 2452 David
2909 2398 3209 2454 secundum
3263 2413 3507 2461 carnem,
3555 2397 3648 2465 qui

2067 2490 2481 2563 przedestinatus
2513 2501 2598 2545 est
2627 2488 2798 2544 Filius
2825 2489 2920 2545 Dei
2971 2489 3024 2543 in
3070 2489 3293 2553 virtute,
3345 2487 3650 2542 secundum

2068 2583 2324 2654 spiritum
2367 2582 2909 2638 sanctiﬁcationis“.
2945 2602 2968 2633 ι
3017 2581 3165 2636 Ecce
3216 2582 3313 2635 tibi
3351 2590 3539 2650 aperte
3591 2579 3645 2631 in

379 2671 736 2742 Evangelium
787 2673 880 2728 Dei
933 2686 1274 2745 segregatum
1324 2675 1578 2732 aﬂirmat.
1624 2676 1784 2744 Atqui
1836 2676 1961 2731 alibi
2005 2676 2206 2731 diserte
2275 2675 2341 2729 ad
2386 2675 2530 2731 hunc
2580 2675 2796 2730 modum
2845 2675 3078 2747 scribit:
3113 2694 3129 2726 ι
3196 2674 3313 2729 Non
3365 2690 3463 2728 nos
3504 2673 3653 2741 ipsos

383 2765 777 2833 prmdicamns,
824 2769 920 2822 sed
964 2769 1152 2824 Jesum
1202 2768 1570 2824 Christum".
1603 2789 1620 2820 ι
1676 2767 1910 2822 Rursum
1944 2787 1958 2822 :
2006 2787 2024 2820 ι
2062 2765 2176 2823 Non
2196 2766 2436 2838 iudicavi
2470 2783 2556 2823 me
2582 2767 2789 2837 aliquid
2847 2769 2990 2823 scire
3051 2769 3105 2823 in
3133 2768 3312 2834 vobis,
3341 2766 3646 2822 nisiJesuzn

389 2857 699 2924 'Chrismm,
721 2863 940 2917 et'hunc
965 2862 1282 2916 cruciﬁxum
1303 2862 1371 2917 ".
1412 2881 1431 2914 ι

450 2952 601 3018 KCT'.
642 2951 770 3006 Υίὸν
793 2953 850 3006 δὲ
873 2953 1036 3006 αὑτὸν
1081 2954 1358 3024 ὀνομάσας
1389 2952 1548 3018 Θεοῦ,
1579 2955 1676 3007 καὶ
1702 2955 1764 3006 ἐκ
1793 2953 1958 3025 σπέρ-

385 3056 555 3112 ματος
606 3043 702 3096 τοῦ
761 3043 924 3098 Δαόὶδ
975 3044 1338 3114 γεγεννῆσθαί
1401 3061 1586 3116 φησιν,
1620 3045 1852 3118 ὡρίσθαι
1898 3063 1958 3098 τε

380 3135 776 3207 διισχυ-ρίζεται
805 3137 900 3190 καὶ
929 3137 1009 3201 είς
1035 3137 1167 3191 Υἱὸν
1187 3137 1351 3192 Θεοῦ.
1391 3139 1520 3202 Πῶς
1546 3134 1659 3204 οῦν,
1689 3140 1810 3192 εἰπέ
1843 3157 1955 3210 μοι,

2141 2949 2333 3006 XXVI.
2377 2947 2547 3006 Porro
2597 2962 2775 3004 autem
2815 2966 2938 3005 cum
2976 2951 3149 3021 ipsum
3187 2949 3283 3004 Dei
3316 2950 3510 3004 Filium
3545 2968 3644 3004 no-

2069 3044 2260 3106 minet,
2292 3051 2347 3097 et
2390 3044 2456 3096 de
2499 3041 2711 3096 semine
2759 3041 2928 3096 David
2965 3052 3157 3095 natum
3199 3042 3472 3106 enuntiat,
3507 3053 3562 3097 et
3591 3044 3644 3096 in

2068 3135 2160 3189 Dei
2221 3134 2417 3188 Filium
2468 3134 2912 3205 praedestinatum
2979 3134 3263 3189 confirmat
3301 3136 3447 3204 :jam
3519 3138 3642 3201 die,

380 3225 514 3290 Θεὸς
555 3229 584 3281 ὁ
635 3229 698 3281 ἐκ
732 3228 1048 3302 σπέρματος
1075 3231 1287 3301 ἀναφὺς
1334 3231 1427 3284 τοῦ
1473 3232 1672 3298 Δαϐίδ;
1717 3233 1775 3284 '0
1807 3232 1862 3284 δὲ
1895 3232 1959 3303 δὴ

2066 3243 2270 3296 quaeso,
2321 3242 2429 3298 qua
2479 3229 2692 3282 ratione
2744 3228 2790 3282 is
2843 3227 2986 3283 Deus
3033 3238 3137 3292 est,
3182 3229 3272 3298 qui
3327 3245 3393 3284 ex
3438 3231 3645 3284 semine

381 3320 477 3373 καὶ
507 3321 613 3392 πρὸ
651 3321 886 3386 αἰώνων,
933 3322 1028 3376 καὶ
1056 3323 1242 3386 ἀϊδίως
1277 3323 1422 3387 Υἱὸς,
1458 3324 1595 3377 καθὸ
1625 3326 1864 3395 πέφηνεν
1895 3327 1960 3379 ἐκ

370 3411 538 3478 ¹Θεοῦ,
567 3413 691 3467 τινα
719 3413 782 3486 δὴ
805 3414 1008 3484 τρόπον
1038 3417 1117 3479 εἰς
1139 3415 1268 3468 Υἱὸν
1287 3411 1494 3486 ὡρίσθη
1525 3415 1685 3482 Θεοῦ,
1706 3417 1960 3489 καθάπερ

379 3505 460 3568 εἰς
502 3504 720 3576 ἀρχὰςθ
752 3506 849 3560 τοῦ
884 3507 1184 3577 ὑφεστάναι
1234 3505 1630 3578 παρενεχθείς;
1670 3507 1816 3577 Ἔφη
1850 3509 1960 3581 γὰρ

378 3595 540 3661 αὐτὸς
561 3598 690 3668 περὶ
719 3598 914 3652 ἑαυτοῦ
934 3615 947 3628 ·
978 3618 996 3650 ι
1019 3595 1157 3653 Εἶπε
1179 3599 1385 3669 Κύριος
1413 3598 1548 3671 πρός
1581 3614 1671 3671 με·
1703 3599 1831 3664 Υἱός
1857 3617 1958 3670 μου

373 3682 432 3739 εἷ
476 3687 564 3754 σὺ,
611 3686 726 3756 ἐγὼ
771 3689 1017 3761 σήμερον
1059 3689 1367 3760 γεγέννηκά
1407 3705 1489 3743 σε.
1533 3708 1552 3741 ι
1604 3689 1779 3743 καίτοι
1811 3689 1955 3754 τοῦ,

377 3778 665 3849 σήμερον,
697 3780 904 3844 ἀείπως
930 3783 1065 3852 ἡμῖν
1091 3782 1188 3851 οὐχ
1211 3782 1295 3835 ὅτι
1323 3781 1417 3834 τὸν
1445 3781 1843 3852 παρῳχηκότα,
1867 3781 1958 3835 τὸν

377 3872 652 3926 ἐνεστῶτα
679 3872 735 3926 δὲ
768 3873 969 3943 μᾶλλον
991 3873 1428 3946 καταδηλοῦντος
1456 3876 1668 3945 καιρόν.
1708 3876 1853 3929 Βαθὺ
1891 3876 1953 3928 τὸ

380 3967 698 4036 μυστήριον,
746 3966 886 4020 ἀλλὰ
931 3968 1044 4031 τοῖς
1095 3967 1193 4037 μὲν
1238 3967 1344 4020 ἀνά
1395 3967 1559 4040 μέρος
1607 3966 1802 4020 τιθεῖσι
1861 3967 1957 4019 καὶ

371 4056 668 4130 διορίζουσι
693 4057 1019 4130 δυσέφικτόν
1040 4075 1100 4111 τε
1125 4059 1222 4124 καὶ
1250 4058 1455 4130 ἄπορον
1479 4057 1718 4129 άληθῶς.
1745 4059 1870 4120 Τοῖς
1891 4075 1956 4127 γε

379 4151 489 4224 μὴν
539 4151 618 4216 εἰς
673 4152 904 4225 ἑνότητα
949 4151 1390 4222 κατασφίγγονσι
1440 4153 1532 4206 τὸν
1583 4151 1952 4224 Ἐμμανουήλ,

377 4243 545 4313 ἐγγύς
571 4261 632 4297 τε
666 4243 806 4297 ἑλεῖν
862 4245 959 4298 καί
1001 4243 1330 4314 ὲτοιμοτάτη
1379 4243 1500 4297 λίαν
1551 4244 1583 4314 ἡ
1633 4243 1743 4295 τῶν
1795 4244 1956 4312 ἱερῶν

369 4335 658 4406 δογμάτων
688 4335 1071 4407 ἀκιόδήλευτος
1121 4333 1342 4404 γνῶσις.
1379 4335 1438 4387 'O
1469 4334 1581 4406 γὰρ
1611 4333 1688 4404 τῷ
1720 4334 1956 4404 φύσαντι

376 4425 666 4488 συνατδιος,
692 4425 787 4478 καὶ
813 4426 919 4496 πρὸ
947 4424 1147 4490 παντὸς
1180 4424 1374 4489 αἰῶνος
1396 4425 1541 4491 Υἱὸς,
1562 4425 1754 4495 ἐπειδὴ
1780 4442 1956 4479 κατα-ο

371 4515 609 4588 βέϐηκεν
643 4517 724 4580 εἰς
750 4515 849 4588 τὴν
883 4516 1175 4588 ἀνθρώπου
1212 4517 1397 4586 φῦσιν,
1428 4517 1529 4570 οὐκ
1579 4516 1954 4586 ἀπολισθήσας

2066 3319 2235 3374 David
2275 3328 2434 3375 natus
2463 3321 2586 3375 est?
2616 3321 2876 3386 Rursum,
2909 3337 3066 3390 quem
3104 3330 3232 3376 ante
3259 3323 3451 3376 saecula
3484 3323 3646 3378 Pater

2062 3411 2164 3467 sibi
2205 3420 2533 3467 comternum
2578 3413 2787 3482 genuit,
2841 3429 3074 3482 quonam
3127 3426 3288 3484 pacto
3329 3415 3501 3471 Filius
3547 3416 3643 3471 Dei

2063 3504 2484 3573 przedestiuatus
2535 3514 2640 3569 est,
2690 3506 2914 3575 perinde
2961 3508 3175 3562 scilicet
3217 3507 3375 3576 quasi
3427 3508 3641 3562 initium

2062 3595 2392 3650 subsistendi
2439 3597 2756 3664 acciperet?
2789 3599 2902 3665 ipse
2939 3614 3172 3668 namque
3206 3598 3274 3653 de
3306 3600 3486 3668 seipso
3517 3599 3595 3653 ait
3624 3618 3640 3653 :

2069 3703 2088 3738 ι
2119 3685 2383 3740 Dominus
2430 3686 2568 3739 dixit
2610 3688 2679 3741 ad
2722 3703 2845 3741 me:
2882 3686 3052 3744 Filius
3093 3703 3245 3743 meus
3305 3679 3365 3744 es
3421 3700 3497 3752 tu,
3542 3704 3642 3759 ego

2062 3777 2221 3832 hodie
2249 3778 2408 3847 genui
2438 3775 2488 3832 te
2509 3777 2578 3835 ⁷⁸.
2614 3797 2632 3829 ι
2668 3777 2813 3833 Sane
2839 3794 2963 3834 cum
2993 3769 3259 3852 particula
3297 3781 3432 3846 haec,
3460 3782 3636 3843 hodie,

2062 3883 2297 3938 praesens
2332 3869 2446 3923 fere
2479 3883 2698 3937 semper
2745 3886 3018 3940 nunquam
3052 3861 3390 3942 praeteritum
3431 3879 3642 3941 tempus

2061 3963 2301 4026 denotet,
2332 3961 2658 4030 profundum
2685 3961 2905 4033 aliquod
2928 3955 3254 4036 mysterium
3288 3966 3371 4020 hic
3402 3965 3640 4020 insinua-

2061 4060 2166 4117 tur,
2198 4052 2293 4107 sed
2331 4052 2396 4107 iis
2433 4054 2528 4122 qui
2563 4055 2806 4110 sectione
2836 4048 3342 4128 inductaseorsitm
3379 4058 3634 4112 conside-

2055 4153 2182 4198 rant
2217 4154 2270 4198 ct
2295 4145 2591 4200 collocant.
2625 4143 2760 4199 Nam
2793 4145 2883 4215 qui
2910 4139 3318 4221 Emmanuelem
3355 4149 3421 4202 ad
3455 4152 3640 4204 unita-

2061 4245 2166 4290 tem
2195 4246 2477 4304 ‘revocant,
2511 4237 2575 4292 iis
2624 4245 2680 4292 et
2727 4238 2830 4294 hoc
2872 4237 3072 4309 ipsum,
3101 4229 3393 4308 'Iet‘ezetera
3433 4241 3635 4307 omnia,

2058 4344 2177 4398 qua!
2206 4329 2274 4384 ad
2314 4331 2583 4385 sinceram
2613 4347 2896 4386 sacrorum
2926 4329 3236 4402 dagmatum
3265 4331 3635 4401 cognitionem

2056 4421 2353 4492 pertinent,
2413 4433 2542 4478 sunt
2591 4423 2770 4486 obvia,
2826 4433 3094 4494 captaque
3133 4419 3415 4479 facillima.
3467 4424 3637 4479 Filius

2054 4512 2264 4583 itaque,
2301 4514 2390 4581 qui
2427 4515 2708 4584 generanti
2748 4512 2896 4568 Patri
2929 4525 3234 4568 coaeternus
3273 4524 3382 4594 est,
3411 4524 3468 4570 et
3510 4525 3637 4570 ante

371 4607 467 4661 τοῦ
509 4604 648 4662 εἶναι
679 4607 832 4671 Θεὸς,
853 4607 1186 4680 προσλαθὼν
1211 4608 1274 4661 τὸ
1304 4606 1667 4679 ἀνθρώπινον,
1699 4609 1860 4662 νοοῖτ’
1881 4607 1950 4663 ἂν

2065 4603 2299 4657 omnium
2336 4603 2657 4658 saeculorum
2702 4613 2918 4658 aetatem
2950 4603 3256 4658 subsistens
3288 4613 3392 4668 est,
3421 4617 3638 4672 postea-

371 4700 599 4762 εἰκότως
627 4700 726 4752 καὶ
758 4702 830 4753 ὲκ
869 4701 1184 4769 σπέρματος
1222 4699 1582 4768 γεγεννῆσθαι
1611 4697 1778 4752 Δαϐὶδ
1800 4736 1815 4761 ,
1855 4698 1950 4752 καὶ

371 4793 646 4864 νεωτάτην
672 4793 818 4863 ἔχειν
859 4792 956 4864 τὴν
987 4795 1044 4848 ὲν
1078 4793 1456 4865 ἀνθρωπότητι
1485 4792 1773 4864 γέννησιντ
1797 4811 1812 4826 ·
1842 4791 1951 4845 ὦσ-

371 4899 432 4937 τε
457 4886 556 4939 οὐκ
577 4885 602 4926 δ
635 4885 915 4956 ἀλλότριον
963 4885 1129 4939 αὐτοῦ
1172 4885 1232 4938 τὸ
1269 4885 1634 4957 προσληφθέν,
1668 4885 1784 4940 ἀλλ’
1819 4883 1950 4939 ἴδιον

371 4977 608 5049 ἀληθῶς.
663 4978 988 5046 Λελόγισται
1033 4979 1322 5049 τοιγαροῦν
1351 4979 1426 5042 ὡς
1472 4978 1531 5031 ἒν
1573 4977 1709 5048 πρὸς
1760 4977 1945 5042 αὐτὸν,

371 5068 624 5138 καθάπερ
656 5067 846 5138 ἀμέλει
877 5068 973 5121 καὶ
1009 5067 1108 5138 τὴν
1135 5067 1480 5139 ἀνθρωπείαν
1501 5069 1747 5120 σύνθεσιν
1774 5085 1946 5122 κατα-

369 5159 549 5230 θρήσῃ
591 5176 675 5221 τις
713 5159 805 5212 ἄν·
852 5158 1266 5228 ωμπὲκλεκται
1309 5160 1418 5231 γὰρ
1451 5159 1510 5226 ἐξ
1540 5161 1808 5231 ἀνομοίων
1848 5159 1946 5231 τὴν

371 5251 554 5318 φύσιν,
599 5252 776 5322 ψυχῆς
805 5252 893 5323 δὴ,
926 5251 1092 5320 λέγω,
1125 5253 1223 5306 καὶ
1269 5253 1521 5325 σώματος
1544 5270 1557 5283 ·
1596 5255 1710 5308 ἀλλ’
1741 5249 1833 5308 οῦν
1866 5249 1946 5319 εἷς

370 5341 576 5391 νοεῖται
601 5338 662 5392 τὸ
695 5340 1105 5411 συναμφότερον
1142 5341 1464 5413 ἄνθρωπος’
1509 5343 1588 5406 ὡς
1621 5343 1730 5396 ἀπὸ
1773 5347 1944 5415 μόνης

374 5428 473 5499 μὸν
499 5429 600 5500 τῆς
629 5429 832 5500 σαρκὸς
868 5430 988 5484 ὅλον
1014 5431 1126 5484 ἔσθ’
1145 5432 1231 5485 ὅτε
1260 5433 1680 5504 κατωνομάσθαι
1704 5433 1765 5486 τὸ
1781 5433 1941 5498 ζῶον,

439 5585 509 5617 ’⁸⁸
550 5585 706 5640 Rern.
740 5603 782 5650 ι,
817 5587 923 5643 1-4.
997 5589 1045 5621 τ’
1086 5587 1103 5641 l
1136 5591 1262 5644 Cor.
1298 5607 1371 5658 tv,
1533 5593 1578 5623 ⁷⁸
1614 5592 1634 5647 vl
1663 5593 1792 5650 Cor.
1827 5609 1888 5661 tl,
1928 5595 1985 5649 2.

2051 4709 2214 4764 quam
2250 4693 2536 4748 divinitate
2587 4710 2697 4750 non
2744 4695 2968 4759 amissa,
3035 4693 3129 4748 sed
3164 4695 3506 4750 humanitate
3548 4711 3637 4750 as-

2053 4796 2288 4856 sumpta,
2357 4789 2413 4843 in
2472 4788 2709 4843 hominis
2753 4787 2860 4858 23
2905 4795 3158 4841 naturam
3229 4801 3349 4843 sese
3395 4787 3633 4854 dimisit;

2053 4880 2362 4949 meritoque
2391 4888 2448 4934 et
2480 4893 2550 4934 ex
2584 4877 2755 4934 David
2799 4895 3015 4950 quoque
3056 4879 3266 4935 semine
3295 4880 3634 4951 progenitus,

2055 4983 2111 5028 et
2153 4973 2350 5043 oppido
2405 4988 2597 5028 recens
2648 4983 2808 5028 natus
2867 4973 3205 5027 humanitate
3255 4973 3632 5042 prmdicatur:

2057 5068 2260 5138 quippe
2297 5083 2417 5122 cum
2456 5067 2510 5122 id
2552 5067 2696 5138 quod
2731 5067 3049 5136 assumpsit,
3096 5065 3165 5120 ab
3195 5080 3261 5122 eo
3291 5066 3438 5122 nullo
3475 5068 3635 5122 modo

2055 5159 2290 5215 alienum
2325 5160 2418 5215 sed
2451 5174 2579 5215 vere
2613 5159 2759 5214 illius
2794 5159 3074 5231 proprium
3110 5159 3182 5216 sit
3215 5177 3230 5214 :
3266 5176 3436 5231 quare
3463 5177 3632 5216 unum

2056 5261 2311 5318 censetur
2344 5270 2466 5309 cum
2503 5255 2640 5326 ipso.
2669 5252 3138 5322 Quemadmodum
3170 5255 3406 5325 exempli
3447 5271 3632 5323 causa,

2051 5346 2111 5401 in
2145 5347 2380 5402 hominis
2429 5362 2642 5418 quoque
2681 5347 3070 5418 compositione
3107 5347 3359 5404 accidere
3392 5347 3635 5403 animad-

2051 5437 2344 5505 vertimus;
2377 5437 2423 5493 is
2457 5438 2660 5496 etenim
2692 5453 2758 5495 ex
2779 5438 2970 5497 anima
3005 5447 3060 5498 et
3088 5452 3348 5512 corpore,
3385 5439 3634 5508 partibus

2067 5594 2116 5627 "
2152 5596 2296 5658 Psal.
2326 5611 2384 5666 tt,
2414 5595 2465 5655 7;

1477 5748 1647 5804 Varia:
1685 5748 1942 5806 lectiones
1993 5754 2197 5812 codicis
2233 5755 2590 5827 Seguieriani.

443 5869 474 5916 (ι
503 5871 640 5927 κατὰ
665 5875 842 5945 φύσιν.
925 5891 947 5916 ε
981 5878 1176 5950 ἀρχὴν.

1260 5879 1277 5919 ί
1311 5880 1538 5949 γένετιν.
1619 5891 1642 5929 Β
1680 5882 1793 5935 ἔστι
1819 5881 1874 5934 δὲ
1898 5884 2015 5940 οὐκ.
