4044 6332
447 356 575 412 ιιτι

1430 362 1487 413 S.
1528 358 1801 413 CYRILLI
1841 360 2307 418 ALEXANDRINI
2349 364 2669 421 ARCHIEI‘.

3548 369 3695 427 “7?.

440 476 628 541 utique
675 473 969 526 secundum
1008 482 1258 528 naturam
1304 474 1681 540 dissimilibus,
1733 478 2014 532 constitui-

2135 479 2293 549 ιυχῆς
2326 479 2383 532 δὲ
2431 482 2826 554 ὠνομασμένης
2874 487 3111 540 νοεῖσθαι
3156 486 3217 539 τὸ
3261 486 3692 556 συναμφότερον.

445 575 565 628 tnr;
621 576 854 618 attamen
908 566 1051 634 quod
1103 580 1171 621 ex
1222 576 1451 636 utroque
1515 568 1826 633 concredit,
1875 585 2013 623 unus

447 657 611 707 homo
656 664 983 723 reputatur;
1023 665 1076 710 et
1127 657 1580 724 quemadmodum
1628 673 1657 711 a
1700 659 1813 713 sola
1850 673 2015 713 carne

447 750 621 796 totum
680 742 950 797 interdum
1005 743 1206 797 animal
1257 746 1664 813 denominatnr;
1718 761 1772 801 ct
1834 749 2011 801 anima

446 848 660 887 rursum
713 834 1006 901 nominata,
1048 837 1098 890 id
1151 838 1291 905 quod
1343 853 1407 891 ex
1454 847 1681 907 utroque
1724 838 2015 895 conﬂatum

2120 570 2276 647 Κατᾶ
2304 571 2396 624 τὸν
2425 571 2538 624 ἴσον
2564 575 2670 643 ἄρα
2696 576 2895 646 τρόπον
2939 578 3033 632 καὶ
3066 579 3151 630 ἐπ’
3185 577 3347 631 αὐτοῦ
3377 575 3697 646 παραδεξώ-

2121 660 2263 728 μεθα
2315 663 2407 716 τοῦ
2455 665 2715 733 Χριστοῦ.
2749 662 2843 731 Εἷς
2869 669 2977 739 γάρ
3024 670 3186 735 Υἱὸς,
3237 671 3333 723 καὶ
3373 663 3452 732 εἷς
3484 669 3696 736 Κύριος

2131 753 2339 822 Ἰησοῦς
2375 757 2643 826 Χριστὸς,
2691 759 2783 812 καὶ
2805 761 2908 831 πρὸ
2943 763 3163 831 σαρκὸς,
3199 763 3289 816 καὶ
3317 764 3405 815 ὅτε
3448 761 3695 832 πέφηνεν

2121 846 2426 917 ἅνθρωπος.

444 939 548 992 est,
577 943 681 981 non
716 929 1082 997 inirequenter
1103 929 1417 1000 intelligitur
1451 933 1551 985 :ad
1614 936 1861 987 eunnlent
1923 935 2079 1003 plane
2120 942 2357 1005 modum,
2412 959 2533 1011 qum
2580 946 2645 999 de
2685 946 2902 1003 Christo
2953 963 3168 1018 quoque
3221 948 3495 1010 dicuntur,
3542 944 3698 997 acci-

447 1016 640 1080 pit'ttda
675 1027 820 1071 sunt.
854 1017 1005 1072 Unus
1044 1029 1126 1074 est
1164 1019 1306 1073 enim
1346 1018 1537 1086 Filius,
1570 1036 1712 1075 unus
1753 1021 2010 1079 Dominus
2081 1025 2235 1084 Jcsus
2281 1029 2553 1099 Christus,
2607 1046 2662 1089 et
2719 1048 2848 1093 ante
2902 1016 3147 1105 carnem,
3199 1048 3255 1093 et
3334 1046 3693 1108 posteaquam

449 1111 609 1163 homo
642 1109 913 1178 apparuit.

519 1204 734 1260 XXVII.
774 1205 841 1259 Et
881 1206 1131 1276 quamvis
1167 1207 1308 1263 idem
1346 1207 1433 1262 ille
1473 1207 1797 1276 Redemptor
1831 1218 2016 1265 noster

445 1312 545 1367 per
574 1299 821 1353 humana:
855 1308 1064 1353 natura:
1093 1301 1475 1369 proprietates,
1519 1300 2011 1369 exinanilionisque

447 1389 787 1444 conditiones
821 1391 1094 1445 interdum
1142 1391 1298 1447 nobis
1338 1392 1670 1455 insinuetur,
1707 1406 1811 1445 non
1859 1392 1927 1446 ob
1963 1392 2018 1447 id

450 1489 631 1535 tamen
683 1480 968 1536 Dominum
1025 1482 1115 1552 qui
1171 1498 1269 1537 nos
1323 1483 1575 1546 redemit,
1633 1482 2016 1536 inﬁciabimnr.

449 1569 666 1626 Judazos
697 1587 829 1628 sane
851 1572 1103 1629 Christus
1129 1572 1392 1627 Dominus
1427 1574 1497 1626 ita
1528 1572 1823 1641 alloquitur
1850 1590 1863 1625 :
1901 1591 1917 1623 ι
1962 1571 2019 1626 Si

454 1666 544 1717 lilii
597 1666 829 1719 Abrahae
879 1665 1048 1730 estis,
1100 1680 1264 1736 opera
1324 1666 1559 1720 Abrahae
1603 1664 1767 1717 facite
1820 1681 1832 1715 :
1882 1679 2024 1718 nunc

452 1768 630 1810 autem
666 1757 905 1825 qttazrilis
927 1772 1011 1812 me
1046 1758 1353 1812 interﬁcere
1384 1757 1679 1823 hominem,
1706 1756 1799 1827 qui
1825 1755 2024 1809 verita—

456 1858 563 1902 tem
622 1849 775 1902 vobis
834 1848 1045 1903 locutus
1101 1864 1218 1904 sum
1264 1867 1275 1901 :
1325 1848 1427 1904 hoc
1467 1848 1740 1903 Abraham
1792 1862 1896 1903 non
1942 1846 2022 1902 l‘e-

456 1941 616 1995 cit".
645 1961 667 1991 ι
722 1940 926 1997 Scribit
973 1942 1039 1996 de
1090 1956 1155 1996 eo
1200 1940 1397 1996 Paulus
1446 1956 1660 2011 quoque
1700 1960 1713 1997 :
1765 1960 1784 1993 ι
1813 1941 1915 2008 Qui
1970 1942 2023 1996 in

455 2030 646 2087 diebus
713 2033 895 2086 carnis
958 2047 1069 2087 sua:
1124 2046 1316 2103 preces
1384 2032 1910 2103 supplicationesque
1962 2033 2026 2087 ad

456 2139 604 2189 enin,
634 2124 721 2192 qui
768 2126 938 2195 possit
970 2126 1118 2181 illum
1149 2127 1357 2182 salvum
1392 2127 1575 2182 facere
1609 2140 1639 2180 a
1683 2136 1875 2191 morte,
1906 2140 2026 2180 cum

457 2214 698 2269 clamore
735 2215 912 2271 valido
948 2225 1003 2271 et
1050 2216 1307 2288 lacrymis
1337 2215 1591 2283 oﬂ‘erens,
1622 2217 1905 2271 exauditus
1945 2224 2028 2269 est

460 2320 557 2371 pro
609 2314 707 2361 sua
769 2309 1123 2363 reverentia:
1157 2319 1210 2364 et
1255 2309 1470 2382 quidem
1507 2324 1629 2363 cum
1677 2320 1821 2365 esset
1861 2310 2028 2365 Filius

460 2394 580 2462 Dei,
611 2398 798 2452 didicit
826 2414 891 2453 ex
924 2400 1009 2454 his
1036 2416 1154 2469 qua:
1185 2414 1376 2470 passus
1406 2400 1875 2459 estobedientiam
1900 2401 1966 2455 ⁷⁸.
2002 2420 2020 2454 ι

459 2485 710 2557 Nunquid
753 2504 882 2561 ergo
916 2492 1058 2544 hunc
1084 2491 1255 2562 ipsum
1293 2490 1567 2546 Christum
1620 2492 1891 2551 hominem
1922 2509 2025 2546 nu-

459 2583 586 2632 dum
621 2581 831 2636 caeteris
852 2581 995 2636 nulla
1027 2597 1091 2637 ex
1126 2592 1277 2652 parte
1313 2583 1748 2639 excellentiorem
1781 2585 2029 2639 censebi-

462 2670 619 2725 mus?
646 2672 825 2727 Absit!
874 2674 1101 2739 Rursus,
1137 2674 1300 2729 Deine
1326 2675 1646 2745 sapientiam
1680 2685 1736 2731 et
1771 2675 2025 2732 virtutem

464 2763 515 2815 in
542 2777 660 2816 eam
694 2778 751 2817 se
782 2764 1153 2821 inﬁrmitatem
1184 2766 1447 2833 ahjecisse
1474 2767 1742 2832 dabimus,
1776 2777 1836 2821 ut
1880 2784 2026 2822 mor-

460 2864 568 2907 tem
610 2857 962 2925 extimuerit,
1017 2867 1071 2913 et
1118 2873 1147 2913 a
1202 2858 1363 2915 Patre
1418 2860 1617 2915 salvari
1667 2862 2029 2932 expetiverit?

460 2944 712 3015 Nunquid
759 2948 1161 3004 Emmanuelem
1215 2952 1377 3005 vitam
1432 2953 1725 3007 secundum
1781 2963 2027 3007 naturain

461 3052 582 3091 esse
627 3038 836 3095 inﬁcias
879 3040 1112 3097 ibimus?
1145 3047 1222 3096 An
1267 3060 1369 3097 non
1411 3044 1589 3113 potius
1613 3046 1677 3099 ad
1721 3045 2028 3100 humanitao

2198 1226 2326 1278 KZ'.
2365 1226 2477 1279 Καὶ
2527 1226 2616 1278 τὸν
2667 1227 3018 1296 ἀγοράσαντα
3062 1225 3210 1298 ἡμᾶς
3260 1223 3537 1294 Δεσπότην
3586 1222 3695 1275 οὐκ

2127 1317 2519 1388 ἀρνησώμεθα,
2561 1318 2660 1370 κᾶν
2691 1320 2739 1371 εί
2765 1318 2853 1371 διὰ
2880 1318 2989 1371 τῶν
3017 1317 3372 1389 ἀνθρωπίνων
3410 1318 3561 1385 ἡμῖν,
3597 1315 3699 1367 καὶ

2122 1408 2185 1461 ἐκ
2212 1408 2319 1462 τῶν
2336 1412 2436 1479 τῆς
2462 1410 2742 1473 κενώσεως
2786 1410 3018 1482 μέτρων,
3050 1408 3162 1462 ἔσθ’
3200 1411 3291 1462 ὅτε
3337 1408 3695 1477 κατασημαί-

2122 1519 2301 1571 νηται.
2342 1503 2615 1566 Ἰουδαίοις
2649 1504 2746 1573 μὲν
2779 1503 2881 1573 ἔφη
2910 1501 3229 1573 προσλαλῶν
3249 1504 3275 1554 ὁ
3302 1499 3503 1570 Κύριος
3531 1498 3698 1568 ἡμῶν

2137 1594 2344 1664 Ἰησοῦς
2374 1596 2638 1665 Χριστός·
2681 1615 2696 1646 ι
2738 1597 2799 1648 El
2835 1595 3001 1649 τέκνα
3029 1593 3123 1648 τοῦ
3166 1592 3415 1662 Ἀϐραὰμ
3458 1587 3586 1660 ἦτε,
3626 1592 3698 1643 τὰ

2126 1682 2263 1756 ἔργα
2300 1684 2394 1738 τοῦ
2438 1685 2687 1756 Ἀϐραὰμ
2718 1687 2951 1739 ἐποιεῖτε
2997 1686 3095 1740 ἄν·
3146 1684 3240 1738 νῦν
3285 1684 3340 1737 δέ
3372 1682 3584 1751 ζητεῖτέ
3626 1698 3697 1749 με

2127 1778 2472 1840 ἀποκτεῖναι,
2507 1778 2813 1848 ἄνθρωπον,
2859 1777 2916 1841 ὃς
2945 1778 3043 1848 τὴν
3069 1777 3325 1847 ἀλήθειαν
3366 1776 3494 1845 ὑμῖν
3534 1773 3701 1824 λελά-

2127 1871 2299 1940 ληκαο
2331 1870 2492 1923 τοῦτο
2527 1869 2780 1939 Ἀϐραὰμ
2806 1869 2907 1922 οὐκ
2947 1868 3190 1937 ἐποίησε.
3228 1887 3245 1919 ι
3279 1864 3484 1934 Γράφει
3514 1862 3572 1915 δὲ
3600 1864 3702 1915 καὶ

2126 1957 2339 2021 Παῦλος
2394 1959 2523 2029 περὶ
2579 1959 2782 2012 αὑτοῦ·
2833 1978 2849 2009 t
2901 1959 2997 2020 Ὃς
3043 1959 3099 2009 ἐν
3148 1959 3265 2018 ταῖς
3311 1955 3547 2025 ἡμέραις
3596 1955 3701 2020 τῆς

2128 2051 2330 2122 σαρκὸς
2373 2049 2560 2111 αὐτοῦ,
2602 2050 2815 2121 δεήσεις
2846 2068 2904 2102 τε
2948 2052 3042 2104 καὶ
3091 2048 3373 2118 ἱκετηρίας
3421 2044 3555 2115 πρὸς
3603 2042 3701 2096 τὸν

2125 2142 2421 2212 δυνάμενον
2467 2142 2657 2206 σώζειν
2696 2143 2858 2196 αὑτὸν
2895 2144 2958 2195 ἐκ
2990 2142 3216 2195 Θανάτου
3266 2138 3399 2209 μετὰ
3447 2136 3702 2206 κραυγῆς

2130 2238 2355 2307 ἰσχυρᾶς
2381 2235 2475 2288 καὶ
2493 2235 2743 2307 δακρύων
2778 2234 3170 2306 προσενέγκας,
3198 2232 3289 2284 καὶ
3321 2225 3703 2288 εἰσακουσθεὶς

2128 2328 2234 2381 ἀπὸ
2268 2328 2367 2396 τῆς
2394 2327 2701 2391 εὐλαϐείας·
2734 2326 2933 2394 καίπερ
2979 2326 3053 2379 ὢν
3079 2325 3225 2388 Υἱὸς,
3264 2323 3460 2394 ἔμαθεν
3490 2322 3586 2389 ἀφ’
3621 2314 3703 2373 ὧν

2129 2421 2297 2476 ἔπαθε
2328 2420 2425 2489 τὴν
2461 2421 2726 2491 ὑπακοήν.
2757 2440 2773 2471 ι
2807 2416 2933 2490 Ἆρ’
2975 2415 3067 2473 οὗν
3112 2417 3395 2487 ἄνθρωπον
3429 2414 3593 2469 αὑτὸν
3632 2411 3703 2481 δὴ

2128 2512 2313 2566 τοῦτον
2337 2512 2511 2581 ψιλὸν,
2529 2513 2622 2565 καὶ
2650 2512 2768 2564 κατ’
2795 2512 2982 2564 οὐδένα
3003 2510 3202 2580 τρόπον
3229 2505 3563 2576 ἀνεστηκότα
3586 2503 3703 2556 τῶν

2129 2601 2251 2654 καθ’
2300 2602 2465 2671 ἡμᾶς,
2517 2599 2846 2672 λογιούμεθα
2886 2601 2978 2653 τὸν
3026 2598 3294 2670 Χριστόν;
3329 2596 3420 2666 Μὴ
3452 2592 3698 2663 γένοιτοι

2130 2692 2242 2762 Τὴν
2266 2692 2324 2745 δὲ
2360 2693 2453 2744 τοῦ
2478 2691 2613 2744 Θεοῦ
2645 2690 2835 2760 σοφίαν
2864 2692 2959 2744 καὶ
3007 2691 3257 2760 δύναμιν,
3298 2686 3583 2747 ἀσθενείας
3618 2684 3707 2745 εἰς

2130 2784 2286 2839 τοῦτο
2316 2785 2633 2839 καθικέσθαι
2661 2785 2924 2857 δώσομεν,
2947 2786 3021 2850 ὡς
3046 2784 3275 2839 δεδιέναι
3313 2784 3410 2853 μὲν
3443 2779 3704 2837 θάνατον,

2132 2878 2364 2943 ἐξαιτεῖν
2389 2878 2445 2930 δέ
2471 2877 2529 2930 τὸ
2557 2877 2824 2942 σώζεσθαι
2864 2877 3015 2948 παρὰ
3045 2876 3138 2929 τοῦ
3175 2875 3419 2946 Πατρός;
3473 2870 3569 2925 καὶ
3603 2866 3707 2922 τοῦ

2132 2971 2273 3024 κατά
2303 2970 2464 3039 φύσιν
2491 2966 2627 3023 εἶναι
2651 2970 2792 3039 ζωὴν
2820 2968 3175 3040 ὲκπέμψομεν
3196 2967 3287 3021 τὸν
3314 2961 3707 3036 Ἐμμανουήλς

2136 3066 2207 3118 Ἦ
2254 3064 2674 3135 περι-τρέποντες
2730 3063 2809 3125 είς
2860 3062 2958 3132 τὴν
3008 3060 3427 3134 ἀνθρωπότητα,
3476 3055 3572 3109 καὶ
3624 3054 3710 3114 είς

460 3139 589 3193 tem,
648 3139 702 3184 et
762 3142 961 3189 nostra:
1014 3145 1221 3191 natura:
1268 3135 1649 3201 humilitatem,
1699 3151 2030 3206 quarumque

2145 3156 2342 3227 μέτρον
2385 3154 2599 3224 φύσεως
2642 3155 2739 3223 τῆς
2773 3154 2893 3208 καθ’
2921 3154 3089 3223 ἡμᾶς,
3118 3154 3179 3206 τὸ
3205 3151 3279 3215 ὡς
3311 3152 3367 3203 ἐν
3394 3148 3575 3216 λόγοις
3614 3162 3709 3215 μισ

461 3220 680 3277 huntilia
725 3224 791 3277 de
840 3225 956 3295 ipso
998 3227 1270 3292 dicuntur,
1322 3226 1641 3295 referentes,
1690 3227 2032 3282 laudabiliter

466 3329 562 3369 nos
585 3329 855 3383 geremus,
894 3318 938 3371 si
972 3333 1039 3373 ex
1073 3318 1159 3382 iis,
1204 3319 1399 3388 quibus
1435 3318 1580 3373 Deus
1606 3333 1726 3373 esse
1758 3318 2032 3389 dignosci-

466 3416 590 3469 ιω,
656 3422 923 3462 summam
994 3410 1164 3479 ipsius
1225 3409 1563 3478 majestatctn
1634 3424 2034 3477 agnoscamus,

465 3497 714 3553 eumdem
760 3499 933 3567 ipsum
965 3498 1133 3554 Deum
1184 3500 1389 3568 pariter
1439 3509 1492 3554 et
1529 3498 1827 3560 hominem,
1864 3500 2033 3554 Deum

464 3588 713 3644 videlicet
740 3589 1094 3647 humanatum
1128 3605 1249 3645 esse
1284 3590 1683 3661 intelligentes?
1713 3591 1821 3663 24
1849 3591 1953 3645 Sed
1983 3592 2034 3645 itt

470 3680 706 3734 medium
743 3682 969 3750 prodeat
1003 3683 1418 3752 probatissimos
1450 3683 1539 3737 ille
1577 3685 1855 3753 apostolus
1897 3685 2037 3739 Pan.

470 3772 576 3835 lus,
601 3773 692 3841 qui
725 3772 867 3827 elata
891 3788 1025 3829 voce
1059 3773 1112 3827 in
1136 3773 1251 3829 haec
1275 3774 1436 3829 verba
1464 3775 1815 3831 concionatur
1840 3795 1853 3830 :
1887 3795 1905 3828 ι
1939 3776 2036 3832 Sa-

468 3864 727 3931 pientiam
748 3864 1019 3935 loquimur
1052 3867 1194 3931 inter
1216 3868 1524 3937 perfectos:
1554 3870 1875 3939 sapientiam
1909 3884 2038 3925 vero

471 3969 581 4008 non
624 3953 788 4023 hujus
838 3956 1041 4024 saeculi,
1074 3971 1250 4027 neque
1278 3959 1590 4035 principum
1625 3961 1785 4031 hujus
1829 3960 2035 4027 saeculi,

469 4048 561 4117 qui
614 4046 971 4103 destruuntur
1000 4068 1013 4103 :
1047 4048 1141 4104 sed
1188 4050 1459 4122 loquimur
1495 4052 1589 4107 Dei
1634 4054 1953 4123 sapientiam
1985 4054 2037 4109 in

471 4140 752 4209 mysterio,
788 4155 908 4210 quae
947 4141 1264 4199 abscondita
1303 4156 1407 4211 est,
1442 4160 1603 4215 quam
1640 4146 2041 4215 praedestinavit

472 4233 615 4289 Deus
640 4243 767 4290 ante
806 4234 1003 4290 saecula
1051 4237 1104 4291 in
1133 4237 1358 4306 gloriam
1389 4247 1651 4305 nostram,
1685 4254 1845 4307 quant
1881 4252 2040 4294 nemo

471 4325 774 4396 principum
801 4326 961 4397 hujus
983 4328 1165 4383 saeculi
1198 4330 1467 4398 cOgnovit.
1494 4327 1550 4383 Si
1575 4330 1720 4383 enim
1753 4331 2041 4401 cognovis-

474 4428 614 4483 sent,
648 4433 926 4495 nunquam
964 4418 1249 4473 Dominum
1278 4420 1461 4491 gloriae
1495 4420 1896 4477 cruciﬁxissent
1918 4423 1987 4476 ⁷⁷.
2017 4443 2035 4473 ι

475 4510 543 4563 Ει
585 4512 692 4567 alio
733 4529 946 4569 rursum
985 4514 1145 4570 loco:
1181 4533 1201 4578 ι
1233 4514 1333 4582 Qui
1365 4530 1486 4569 cum
1523 4517 1595 4570 sit
1638 4515 1891 4585 splendor
1922 4517 2038 4587 glo-
2074 4505 2116 4560 Ῐ)

476 4602 592 4671 τίω,
636 4612 691 4658 et
729 4605 896 4678 ﬁgura
941 4606 1263 4670 substantiae
1310 4606 1449 4676 ejus,
1478 4616 1813 4677 portansque
1861 4608 2041 4662 omnia

471 4694 637 4750 verbo
665 4696 885 4752 virtutis
909 4712 1018 4753 suae
1036 4698 1416 4768 purgationem
1444 4708 1791 4768 peccatorum
1820 4700 2044 4763 faciens,

471 4788 624 4842 sedet
665 4803 694 4842 a
733 4788 976 4844 dexteris
1020 4789 1324 4859 majestatis
1365 4791 1417 4845 in
1450 4791 1713 4857 excelsis;
1752 4801 1900 4846 tanto
1934 4807 2046 4846 me-

471 4878 575 4933 lior
629 4881 837 4950 angelis
893 4880 1155 4945 ell'ectus,
1202 4892 1406 4953 quanto
1459 4883 1796 4953 diﬂ'erentius
1843 4902 2042 4951 nomen

471 4985 584 5039 prae
611 4970 719 5026 illis
750 4973 1090 5028 baereditavit
1112 4974 1178 5027 ⁷⁸.
1216 4992 1235 5025 ι
1272 4974 1434 5045 Atqui
1465 4977 1647 5046 gloriae
1674 4978 1956 5033 Dominum
1990 4988 2046 5034 et

471 5074 594 5113 esse
622 5069 680 5115 et
712 5061 1003 5128 nominari,
1038 5077 1215 5139 nonne
1259 5062 1523 5119 immenso
1554 5067 1730 5135 Spatio
1780 5067 1830 5121 id
1883 5083 2045 5123 omne

474 5160 598 5217 post
636 5166 695 5206 se
724 5152 1002 5223 relinquit,
1043 5154 1187 5225 quod
1226 5168 1470 5209 creatum
1518 5165 1572 5210 et
1606 5159 1880 5213 conditum
1925 5160 2046 5230 est?

474 5241 625 5297 Mitto
656 5242 888 5297 humana
920 5245 1069 5315 (sunt
1093 5246 1237 5301 enim
1268 5246 1457 5301 isthme
1479 5250 1661 5303 tenuia
1706 5249 2039 5321 admodum),

471 5349 675 5399 annon,
705 5334 957 5401 obsecro,
998 5337 1198 5407 quivis,
1229 5338 1390 5394 modo
1424 5338 1640 5406 ingenio
1677 5350 1731 5395 et
1780 5341 2045 5411 sapientia

470 5425 690 5492 polleat,
734 5426 850 5482 sive
882 5427 1119 5499 Angelos
1168 5431 1471 5495 nominare,
1523 5431 1637 5487 sive
1679 5432 2045 5503 Principatus,

472 5516 744 5585 Thronos,
783 5520 1191 5579 Domiuationes
1235 5537 1579 5592 percensere,
1623 5533 1677 5580 et
1722 5532 1780 5578 ut
1816 5526 2047 5595 amplius

472 5609 603 5679 quid
637 5610 834 5677 dicam,
867 5612 982 5669 sive
1010 5630 1252 5671 summos
1286 5613 1613 5685 Seraphicos
1640 5616 1867 5686 spiritus
1897 5633 2047 5674 cont-

2136 3251 2446 3323 κροπρεπὲς
2471 3290 2485 3314 ,
2515 3248 2786 3319 δράσομέν
2828 3265 2881 3300 τι
2909 3246 3018 3298 τῶν
3059 3243 3467 3313 ἐπαινουμένων
3487 3256 3499 3267 ·
3532 3239 3596 3304 ἐξ
3629 3230 3712 3289 ὧν

2133 3341 2192 3395 δέ
2229 3344 2343 3394 ἐστι
2377 3340 2506 3404 Θεὸς
2530 3380 2545 3403 ,
2592 3340 2691 3409 τὴν
2738 3337 3104 3409 ὑπερκόσμιον
3146 3334 3308 3389 αὐτοῦ
3353 3328 3712 3401 κατοψόμεθα

2135 3434 2315 3501 δόξαν,
2342 3432 2431 3487 τὸν
2462 3431 2621 3485 αὐτὸν
2655 3428 2792 3484 εἶναι
2838 3429 3109 3491 συνιέντες
3133 3426 3264 3481 Θεόν
3292 3443 3348 3479 τε
3381 3424 3581 3494 ὁμοίως
3611 3422 3713 3474 καὶ

2135 3527 2443 3598 ἄνθρωπον,
2470 3526 2588 3594 ἦτοι
2615 3522 2746 3575 Θεὸν
2769 3518 3228 3591 ἐνηνθρωπηκότα
3249 3535 3263 3581 ;
3281 3516 3492 3569 Ἥκετω
3520 3513 3589 3581 δὴ
3613 3507 3713 3564 οὖν

2140 3621 2217 3684 είς
2259 3619 2423 3690 μέσον
2469 3619 2601 3687 ἡμῖν
2629 3617 2657 3669 ὁ
2688 3614 3058 3685 δοκιμώτατος
3099 3611 3342 3674 Παῦλος,
3375 3607 3530 3661 ταυτὶ
3567 3604 3713 3674 βοῶν

2137 3728 2197 3764 τε
2227 3709 2321 3763 καὶ
2355 3707 2550 3775 λέγων’
2571 3725 2589 3757 ι
2609 3704 2809 3773 Σοφίαν
2842 3702 2899 3756 δέ
2935 3699 3205 3766 λαλοῦμεν
3238 3701 3295 3752 ἐν
3322 3696 3432 3758 τοῖς
3457 3690 3710 3750 τελείοις*

2142 3801 2334 3870 σοφίαν
2364 3799 2421 3852 δὲ
2451 3798 2511 3850 οὐ
2538 3796 2633 3850 τοῦ
2667 3795 2863 3858 αἰῶνος
2901 3792 3113 3858 τούτου,
3146 3791 3267 3844 οὐδὲ
3296 3788 3404 3841 τῶν
3426 3783 3710 3877 ἀργόντων

2137 3888 2233 3942 τοῦ
2264 3886 2460 3949 αἰῶνος
2485 3885 2675 3939 τούτου
2705 3883 2813 3937 τῶν
2838 3880 3327 3955 καταργουμένων·
3355 3873 3489 3929 ἀλλὰ
3511 3870 3713 3924 λαλοῦο

2144 3995 2242 4048 μεν
2262 3974 2395 4029 Θεοῦ
2421 3975 2609 4043 σοφίαν
2646 3975 2703 4026 ἐν
2732 3973 3039 4044 μυστηρίῳ,
3056 3969 3155 4039 τὴν
3186 3969 3503 4033 ἀποκεκρυμ
3516 3960 3711 4031 μένην.

2140 4068 2207 4136 ἢν
2236 4066 2411 4134 οὐδεὶς
2454 4063 2562 4116 τῶν
2605 4061 2928 4135 ἀνθρώπων,
2965 4060 3163 4132 μᾶλλον
3204 4057 3261 4111 δὲ
3297 4056 3406 4109 τῶν
3434 4052 3717 4123 ἀρχόντων

2139 4158 2234 4212 τοῦ
2265 4158 2457 4221 αἰῶνος
2493 4156 2684 4210 τούτου
2719 4155 2976 4224 ἔγνωκεν.
3007 4154 3071 4205 Εἰ
3097 4151 3205 4223 γὰρ
3233 4144 3614 4218 ἕγνωσαν,ούκ
3642 4142 3716 4195 ἂν

2139 4252 2232 4304 τὸν
2274 4249 2480 4320 Κύριον
2508 4248 2607 4321 τῆς
2628 4247 2786 4319 δόξης
2818 4244 3191 4316 ἐσταύρωσαν.
3228 4262 3246 4294 ›
3301 4240 3412 4295 Καὶ
3462 4238 3569 4309 μὴν
3614 4236 3718 4289 xui.

2141 4342 2233 4396 ἐπὶ
2276 4341 2481 4403 τούτοις
2505 4356 2517 4368 °
2568 4358 2585 4390 ι
2623 4342 2718 4402 Ὃς
2756 4337 2833 4392 ὢν
2866 4336 3205 4405 ἀπαύγασμα
3250 4334 3348 4403 τῆς
3389 4330 3578 4399 δόξης.
3618 4328 3718 4381 καὶ

2143 4433 2431 4504 χαρακτὴρ
2454 4432 2553 4501 τῆς
2580 4430 2931 4491 ὑποστάσεως
2952 4426 3139 4490 αὐτοῦ,
3159 4425 3338 4493 φέρων
3366 4440 3425 4475 τε
3445 4422 3511 4474 τὰ
3533 4420 3720 4473 πάντα

2146 4524 2222 4595 τῷ
2269 4524 2473 4595 ῥήματι
2515 4523 2614 4591 τῆς
2661 4522 2943 4591 δυνάμεως
2992 4516 3180 4581 αὑτοῦ,
3228 4512 3563 4583 καθαρισμὸν
3603 4511 3719 4563 τῶν

2142 4614 2430 4687 ἁμαρτιῶν
2459 4614 2613 4685 ἡμῶν
2643 4612 3010 4682 ποιησάμενος
3031 4651 3047 4675 ,
3078 4609 3329 4664 ἐκάθισεν
3356 4607 3412 4659 ἐν
3444 4604 3593 4674 δεξιᾷ
3614 4603 3718 4672 τῆς

2146 4703 2538 4777 μεγαλωσύνης
2583 4704 2641 4754 ἐν
2683 4704 2797 4765 τοῖς
2850 4700 3102 4771 ὑψηλοῖςο
3152 4696 3404 4751 τοσοῦτον
3450 4693 3719 4765 κρείττων

2143 4797 2432 4867 γενόμενος
2457 4794 2563 4847 τῶν
2592 4793 2858 4862 ἀγγέλων,
2886 4793 3009 4847 ὅσον
3037 4789 3432 4861 διαφορώτερον
3464 4788 3590 4858 παρ’
3618 4788 3721 4839 αῦ-

2142 4889 2267 4952 τοῦς
2302 4886 2775 4958 κεκληρονόμηκεν
2812 4884 3002 4955 ὄνομα.
3030 4902 3049 4935 ι
3092 4884 3286 4937 Καίτοι
3313 4899 3375 4950 γε
3400 4881 3460 4934 τὸ
3483 4876 3621 4933 εἷναί
3651 4896 3720 4931 τε

2146 4980 2242 5032 καὶ
2288 4977 2653 5047 ὀνομάζεσθαι
2708 4978 2806 5047 τῆς
2845 4977 3002 5047 δόξης
3059 4976 3284 5049 Κύριον,
3332 4975 3448 5035 πῶς
3485 4975 3546 5027 ού
3596 4973 3721 5025 λίαν

2143 5069 2459 5142 ὑπερτενές,
2504 5070 2597 5122 καὶ
2624 5068 2823 5131 παντὸς
2853 5070 3111 5121 ἐπέκεινα
3139 5065 3397 5136 γεννητοῦ
3433 5066 3525 5118 καὶ
3583 5080 3723 5133 παρα

2150 5161 2390 5232 ηγμένου
2425 5160 2559 5242 πρὸς
2586 5159 2837 5226 γένεσιν;
2873 5158 2982 5211 Καὶ
3009 5157 3246 5229 παρίημι
3282 5156 3379 5226 μὲν
3406 5156 3473 5209 τά
3509 5153 3724 5224 ἀνθρὼ-

2151 5271 2282 5307 πινα
2307 5250 2668 5323 (σμικρὰγάρ
2691 5251 2755 5321 δὴ
2779 5249 2946 5321 λίαν),
2965 5249 3075 5320 ἐρῶ
3097 5249 3141 5303 δ’
3152 5245 3263 5305 οῦν·
3286 5248 3406 5303 Κᾶν
3427 5247 3724 5315 Ἀγγελους

2144 5344 2434 5415 ὀνομάσαι,
2469 5343 2565 5395 καὶ
2592 5344 2812 5414 Ἀρχὰς,
2846 5343 2940 5395 καὶ
2961 5342 3217 5412 Θρόνους,
3254 5340 3346 5394 καὶ
3374 5339 3725 5410 Κυριότητας

2146 5434 2595 5507 άπαριθμήσαιτό
2639 5451 2723 5497 τις
2747 5475 2763 5499 ,
2798 5433 2895 5487 καὶ
2940 5434 3047 5504 μὴν
3081 5434 3175 5485 καὶ
3218 5434 3267 5486 εἰ
3309 5431 3418 5485 τῶν
3458 5430 3727 5483 ἀνωτάτω

2145 5528 2235 5580 δια
2243 5526 2311 5597 μέ
2320 5544 2517 5597 μνηται
2542 5525 2749 5595 Σεραφὶ
2758 5542 2815 5595 μ,
2830 5525 3059 5578 κατόπιν
3086 5524 3231 5577 ἰόντα
3250 5522 3350 5592 τῆς
3365 5521 3533 5583 οὓτως
3557 5520 3729 5589 ὑπερ-

2149 5618 2337 5681 τενοῦς
2365 5618 2753 5689 ὁμολογήσειεν
2782 5617 2847 5669 ἂν
2877 5615 3146 5680 εὐκλείας,
3179 5616 3293 5684 εἴγε
3328 5611 3455 5671 νοῦν
3485 5613 3599 5683 ἔχει
3632 5610 3731 5667 τὸν

543 5766 589 5799 ⁷⁸
612 5764 775 5826 Joan.
801 5784 919 5841 .vut,
946 5773 1037 5841 59,
1063 5773 1148 5828 40.
1225 5775 1269 5808 ⁷⁸
1293 5773 1454 5833 Hebr.
1487 5792 1539 5843 v,
1575 5776 1626 5843 7,
1657 5777 1708 5833 8.
1787 5778 1830 5809 ⁷⁷
1864 5778 1881 5831 l
1911 5776 2032 5833 Cor-

2163 5776 2292 5835 6-8.
2370 5778 2413 5808 τε
2448 5776 2608 5835 Hebr.
2646 5794 2684 5846 ι,
2712 5778 2763 5843 5,
2798 5778 2842 5831 l.
