4044 6332
346 379 484 437 1175

1300 380 1385 434 DE
1426 382 1646 439 llECTA
1695 386 1850 440 FIDE
1888 386 1979 441 Al)
2022 386 2471 445 TllEUDOSIUM
2510 386 2648 443 IMP.

3466 389 3603 446 1178

342 495 403 555 εὖ
430 499 698 571 βεὸηκότα
723 498 816 551 καὶ
848 499 1029 567 σοφόν.
1068 501 1359 569 Ἕκκριτον
1384 502 1493 573 γὰρ
1525 499 1663 556 εἷναί
1693 522 1832 574 φημι
1858 505 1916 557 τὸ

2038 524 2325 563 uemorare
2360 509 2517 575 velit,
2576 494 2778 574 autfon,
2813 514 3053 577 inquam.
3088 508 3187 562 hos
3212 523 3399 564 omnes
3428 509 3599 579 gloria

346 592 535 664 γέρας,
566 590 661 644 καὶ
688 589 799 643 δεῖν
828 591 1145 643 ἀνακεῖσθαι
1195 591 1327 661 μόνῃ
1359 594 1424 663 τῇ
1467 593 1574 645 τῶν
1603 592 1737 647 ὅλων
1774 594 1921 664 βασις

344 683 450 736 λίδι
486 682 665 751 φύσει.
694 682 819 745 Πῶς
844 678 937 735 οῦν
988 682 1053 735 ἂν
1094 682 1302 751 γένοιτο
1339 683 1542 753 Κύριος
1570 684 1667 754 τῆς
1699 684 1854 755 δόξης
1892 687 1921 737 ὁ

348 772 800 841 ὲσταυρωμένος;
837 791 855 823 ‹
892 771 965 824 Τὸ
988 770 1044 823 δὲ
1072 771 1412 842 ἀπαύγασμα
1439 773 1532 826 τοῦ
1566 774 1799 845 Πατρὸς,
1830 778 1923 829 καὶ

348 866 446 935 τῆς
474 866 662 930 οὐσίας
687 868 715 919 ὁ
738 867 1085 939 χαρακτὴρ,ὁ
1112 868 1290 939 φέρων
1316 869 1383 922 τὰ
1413 871 1589 925 πάντα
1607 870 1685 942 τῷ
1718 873 1921 942 ῥήματι

347 957 446 1018 τῆς
475 956 760 1028 δυνάμεως
782 958 1245 1030 αὑτοῦ,κρεῖττων
1272 961 1519 1028 ἀγγέλων
1541 982 1560 1014 ι
1593 962 1923 1032 γεγενῆσθαι

347 1047 564 1115 λέγεται
584 1065 598 1078 ·
630 1049 772 1119 τάχα
805 1068 907 1103 που
936 1050 997 1103 τὸ
1024 1050 1264 1117 ἔλαττον,
1315 1054 1390 1116 ὡς
1421 1052 1684 1123 ἠγοῦμαι,
1719 1053 1921 1119 λαϐὼν,

349 1140 439 1193 ὅτε
468 1140 710 1211 πέφηνεν
739 1141 1045 1213 ἄνθρωπος.
1078 1144 1393 1212 Γέγραπται
1425 1145 1529 1216 γάρ
1549 1161 1563 1175 ⁸
1592 1144 1724 1197 «Τὸν
1749 1144 1921 1216 βραχύ

348 1249 403 1285 τι
434 1234 563 1302 παρ’
597 1232 859 1301 ἀγγέλους
883 1233 1264 1304 ἠλαττωμένον
1289 1234 1557 1306 βλέπομεν
1581 1235 1807 1306 Ἰησοῦν,
1837 1236 1925 1290 διὰ

349 1322 413 1375 τὸ
440 1322 666 1393 πάθημα
698 1321 791 1376 τοῦ
822 1323 1077 1388 Θανάτου,
1100 1324 1224 1395 δόξῃ
1254 1326 1347 1377 καὶ
1374 1330 1505 1397 τιμῇ
1533 1307 1923 1399 ἐστεφανωμέ-

350 1432 460 1469 νον.
498 1434 519 1465 ›
551 1411 679 1487 τΑρ¹
712 1411 805 1470 οῦν
832 1416 1106 1488 ἐξώσομεν
1134 1419 1223 1471 τὸν
1247 1419 1311 1471 ἐκ
1337 1419 1469 1472 Θεοῦ
1504 1420 1718 1492 Πατρὺς
1748 1438 1927 1492 πεφη-

350 1507 479 1562 νότα
507 1509 681 1576 Λόγον
731 1510 830 1580 τῆς
878 1510 1026 1581 αὐτῷ
1074 1511 1393 1581 πρεπούσης
1437 1513 1727 1577 οὑσιώδους
1759 1515 1927 1583 ὑπερ-

350 1600 501 1671 οχῆς,
527 1600 622 1654 καὶ
663 1600 763 1671 τῆς
805 1601 942 1672 πρὸς
970 1602 1131 1655 αὐτὸν
1173 1602 1435 1675 ἀκριϐοῦς
1464 1605 1783 1676 ἐμφερείας,
1830 1605 1927 1659 καλ⁹

348 1693 450 1764 τῆς
482 1695 589 1748 τῶν
619 1694 869 1763 ἀγγέλων
902 1694 1153 1759 εὐκλείας
1182 1696 1493 1767 ἡττώμενον
1522 1697 1812 1768 βλέποντες
1840 1699 1927 1754 διὰ

348 1787 413 1840 τὸ
441 1787 541 1857 τῆς
575 1787 888 1857 οἰκονομίας
937 1790 1313 1858 μικροπρεπὲς
1342 1790 1661 1861 νοούμενον;
1708 1794 1783 1844 Οὐ
1822 1791 1925 1863 μὲν

348 1868 463 1930 οὖν.
506 1871 671 1945 Οἶμαι
696 1875 805 1946 γὰρ
833 1876 962 1941 δεῖν,
990 1875 1111 1929 οὗτε
1134 1878 1240 1930 τῶν
1265 1879 1621 1950 ἀνθρωπένων
1650 1882 1927 1935 ἀπαλλάτ-

348 1984 465 2021 τειν
507 1967 786 2031 παντελῶς
830 1967 920 2020 τὸν
968 1971 1031 2022 ἐκ
1068 1969 1204 2022 Θεοῦ
1255 1972 1428 2039 Λόγον
1475 1973 1615 2042 μετὰ
1649 1976 1747 2045 τὴν
1792 1975 1929 2045 πρὸς

353 2060 532 2130 σάρκα
584 2060 836 2123 σύνοδον,
885 2060 1010 2114 οὔτε
1064 2060 1195 2134 μὴν
1226 2064 1384 2133 δόξης
1435 2067 1534 2136 τῆς
1594 2067 1930 2138 Θεοπρεποῦς

351 2151 674 2223 ἀποστερεῖν
700 2152 759 2205 τὸ
787 2153 1148 2223 ἀνθρώπινον,
1193 2158 1241 2209 εἰ
1285 2159 1343 2211 ἐν
1386 2158 1606 2234 Χριστῷ
1631 2164 1803 2215 νοοῖτο
1835 2162 1929 2215 καὶ

349 2243 581 2313 λέγοιτο.

2026 601 2420 670 majestateque
2454 615 2629 671 usque
2676 601 2812 656 adeo
2841 600 3163 670 przecellenti
3206 600 3390 655 multis
3429 603 3599 670 parti-

2025 694 2127 748 bus
2170 693 2461 751 inferiores
2492 693 2880 748 confitebitur?
2916 692 3184 748 Honorem
3225 694 3421 763 quippe
3462 710 3603 762 pra--

2026 785 2471 847 cellentissitnum
2508 800 2630 840 esse
2671 785 2815 848 dico,
2840 785 3061 853 solique
3094 784 3322 853 principi
3358 783 3598 838 omnium

2026 887 2241 932 natura:
2272 875 2641 929 tribuendum.
2674 872 2957 941 Quomodo
2995 888 3123 943 ergo
3151 873 3312 927 fuerit
3341 872 3600 927 Dominus

2028 966 2214 1037 gloriae
2256 966 2310 1020 iu
2353 981 2516 1020 cruce
2562 966 2823 1020 sufﬁxus?
2879 984 2897 1016 ι
2934 965 3198 1034 Splendor
3236 981 3364 1017 vero
3399 964 3598 1029 Patris,

2026 1064 2081 1110 et
2108 1055 2422 1115 substantia:
2463 1057 2608 1113 illius
2631 1056 2941 1120 character,
2974 1064 3197 1124 portans
3223 1055 3403 1109 omnia
3435 1054 3601 1109 vet-bo

2028 1146 2251 1201 virtutis
2295 1163 2427 1209 sum,
2478 1146 2686 1215 angelis
2730 1147 3076 1215 praestantior
3112 1144 3398 1206 eﬂ‘ectus?’
3430 1163 3449 1195 ι
3481 1160 3603 1212 per-

2031 1240 2291 1294 hibetur:
2327 1238 2563 1293 fortasse
2592 1240 2741 1307 quia,
2778 1247 2835 1291 ut
2869 1238 3129 1302 arbitror,
3158 1238 3338 1291 minus
3371 1237 3601 1305 accepit,

2028 1331 2244 1403 quando
2273 1332 2520 1400 apparuit
2547 1330 2725 1392 factus
2769 1330 2953 1385 homo.
2992 1329 3264 1397 Scriptum
3299 1339 3386 1383 est
3414 1329 3557 1383 enim
3587 1350 3601 1384 :

2035 1447 2053 1477 ι
2087 1427 2221 1480 Eum
2278 1425 2368 1492 qui
2424 1424 2636 1477 modico
2691 1439 2852 1491 quam
2899 1422 3097 1492 angeli,
3150 1422 3452 1475 minoratus
3499 1431 3601 1480 est.

2032 1520 2280 1577 videmus
2304 1515 2488 1575 Jesum
2523 1527 2744 1584 prepter
2773 1516 3076 1583 passionem
3111 1514 3323 1575 mortis,
3356 1513 3522 1582 gloria
3550 1522 3607 1567 et

2032 1610 2238 1664 honore
2275 1616 2594 1663 coronatum
2613 1608 2681 1660 ⁸ο.
2715 1626 2733 1659 ι
2774 1606 2880 1661 Sed
2928 1606 3167 1676 nunquid
3196 1606 3430 1660 Verbum
3462 1606 3605 1674 quod
3650 1604 3651 1607 “

2030 1718 2095 1756 ex
2148 1700 2310 1755 Patre
2364 1710 2550 1755 natum
2600 1710 2705 1763 est,
2750 1700 2821 1754 ob
2871 1700 2922 1753 id
2975 1699 3044 1753 ab
3079 1699 3371 1754 eminentia
3410 1699 3496 1752 illa
3550 1707 3608 1753 et

2032 1794 2318 1863 dignitate,
2356 1809 2477 1862 qua:
2518 1792 2881 1846 essvntialiter
2911 1792 2961 1845 in
3002 1792 3131 1845 illud
3160 1792 3433 1853 convenit,
3475 1805 3604 1845 nec-

2031 1901 2136 1939 non
2170 1887 2239 1939 ah
2280 1896 2473 1940 exacta
2519 1884 2607 1936 illa
2640 1883 2821 1938 Patris
2850 1883 3207 1939 similitudine
3234 1883 3604 1944 exeludemus,

2028 1977 2171 2047 quod
2226 1977 2523 2031 secundum
2577 1974 3003 2044 dispensationis
3060 1988 3367 2030 mensuram
3426 1973 3606 2027 animo

2027 2081 2377 2140 conceptum,
2427 2068 2741 2138 angelorum
2789 2067 3016 2137 gloriam
3055 2082 3160 2121 non
3208 2064 3465 2135 attingit?
3495 2065 3604 2119 Ne-

2028 2177 2300 2232 quaquam
2327 2179 2341 2216 :
2374 2161 2612 2214 arbitror
2661 2162 2804 2213 enim
2838 2158 2932 2212 Dei
2964 2157 3198 2213 Verbum
3226 2168 3351 2227 post
3394 2174 3607 2212 assum-

2030 2265 2174 2324 ptam
2216 2253 2383 2308 semel
2413 2266 2660 2316 carnem,
2694 2251 2762 2304 ab
2800 2250 3050 2304 humana:
3090 2260 3294 2303 naturae
3341 2248 3606 2302 conditio-

350 2339 512 2394 nibus
535 2340 642 2411 25
672 2356 777 2396 non
826 2357 947 2397 esse
999 2344 1215 2413 penitus
1262 2344 1692 2412 excludendum;
1754 2364 1927 2418 neque
1966 2347 2289 2404 humanitati
2365 2360 2603 2410 rursum,
2633 2344 2702 2410 si,
2737 2352 2796 2397 ut
2836 2344 2891 2399 iu
2929 2341 3148 2398 ChriSto
3224 2350 3325 2409 est,
3354 2339 3605 2397 conside-

351 2438 523 2495 retur,
548 2431 797 2499 gloriam,
829 2446 948 2500 ηυδε
978 2434 1141 2486 Deum
1174 2436 1349 2498 decet,
1383 2434 1751 2505 denegandam
1780 2454 1919 2492 esse.

422 2524 558 2576 KH’.
599 2522 746 2594 Πλὴν
771 2524 1139 2594 ἐρησομένους
1187 2527 1286 2579 οὐκ
1329 2527 1576 2598 ἡγνόησά
1616 2548 1766 2594 τινας
1791 2548 1803 2560 ’
1832 2531 1929 2595 Τίς

349 2611 416 2683 δὴ
443 2610 549 2681 ἄρα
574 2610 721 2665 ἐστὶν
748 2611 963 2683 ἀληθῶς
995 2612 1203 2684 Ἰησοῦς
1237 2615 1501 2686 Χριστός;
1531 2618 1559 2670 ὁ
1582 2618 1647 2671 ἐκ
1674 2620 1932 2686 γυναικὸς

351 2703 660 2775 ἄνθρωπος,
693 2705 861 2775 ἤγουν
890 2707 917 2758 ὀ
953 2706 1017 2757 ἐκ
1043 2705 1177 2762 Θεοῦ
1211 2707 1415 2775 Λόγος;
1455 2710 1567 2763 Καὶ
1594 2712 1798 2780 ἠλίθιον
1834 2713 1934 2784 μὲν

352 2796 547 2867 κομιδῇ
609 2796 670 2850 τὸ
733 2796 1097 2851 διατείνεσθαι
1153 2799 1419 2869 περιττὰ,
1477 2803 1571 2855 καὶ
1632 2803 1934 2873 φληνάφοις

352 2885 725 2958 εἰκαιομύθοις
753 2886 1222 2957 ἀνταναφωνεῖνδ.
1242 2889 1382 2962 Ἐρῶ
1408 2891 1450 2943 δ’
1481 2889 1594 2967 οῦν,
1624 2894 1704 2947 ὅτι
1736 2896 1935 2963 σφαλε-

357 2979 448 3050 ρόν
480 2997 538 3034 τε
570 2981 666 3036 καὶ
694 2981 794 3033 οὐκ
824 2979 1057 3051 ἀζήμιον
1098 2981 1160 3034 τὸ
1209 2983 1516 3054 διατέμνειν
1559 2987 1640 3049 εἰς
1685 2987 1798 3050 δύο,
1842 2989 1936 3042 καὶ

352 3072 629 3144 ἀναμέρος
680 3074 852 3145 ἱστᾷν,
890 3074 1178 3145 ἄνθρωπόν
1230 3092 1289 3129 τε
1345 3078 1440 3129 καὶ
1469 3077 1662 3151 Λόγον,
1693 3081 1794 3133 οὐκ
1839 3082 1935 3135 ἀν-

2101 2527 2339 2592 ΧΧνιυ.
2373 2528 2489 2583 Non
2546 2526 2791 2597 ignoravi
2838 2536 3015 2580 autem
3047 2525 3278 2587 futuros,
3312 2524 3400 2593 qui
3435 2527 3605 2579 inter-

2031 2630 2264 2689 rogent:
2301 2620 2570 2690 Agcdum,
2624 2630 2744 2673 uter
2797 2633 2921 2673 vere
2974 2628 3059 2671 est
3108 2616 3265 2671 Jesus
3310 2616 3610 2671 Christus?

2033 2719 2149 2773 isne
2200 2717 2291 2787 qui
2346 2717 2506 2771 homo
2538 2730 2601 2768 ex
2654 2714 2877 2767 muliere
2930 2722 3087 2766 natus
3138 2722 3242 2776 est,
3268 2726 3334 2763 an
3372 2709 3608 2762 Verbum

2032 2814 2176 2883 quod
2235 2826 2300 2867 ex
2353 2810 2463 2863 Deo
2503 2809 2742 2875 genitum
2778 2807 2896 2862 est?
2920 2805 3013 2860 Na:
3042 2805 3266 2859 stnlttnn
3297 2814 3381 2857 est
3416 2817 3609 2870 super.

2034 2899 2287 2954 vacaneis
2315 2898 2498 2955 verbis
2514 2894 2863 2957 contendere,
2900 2909 2964 2947 ac
3003 2891 3334 2961 quibuslibet
3377 2891 3613 2945 anilibus

2034 2990 2190 3058 nugis
2225 3002 2349 3043 sese
2395 2998 2688 3054 opponere.
2722 2983 3043 3051 Respondeo
3098 2981 3453 3035 nihilominus
3502 2995 3609 3050 non

2037 3081 2209 3134 solum
2273 3077 2659 3148 periculosum,
2688 3075 2779 3131 sed
2832 3075 2995 3129 etiam
3052 3072 3414 3142 perniciosmn
3466 3087 3611 3134 esse.

354 3169 623 3240 εχομένης
665 3169 766 3240 τῆς
810 3172 1144 3241 οἰκονομίας,
1178 3172 1271 3226 καὶ
1297 3173 1531 3245 Χριστὸν
1578 3172 1672 3225 ’ἐνα
1720 3173 1930 3243 βοώσης

2039 3172 2311 3228 hominem
2345 3181 2399 3224 et
2425 3168 2662 3223 Verbum
2700 3167 3003 3237 seiungere,
3045 3164 3299 3234 factaque
3350 3164 3615 3224 divisione

352 3261 451 3331 τῆς
492 3260 851 3314 θεοπνεύστου
879 3262 1137 3332 Γραφῆς’
1171 3264 1368 3333 χρῆναι
1405 3264 1513 3333 γὰρ
1564 3263 1738 3330 ἔγωγέ
1765 3281 1929 3333 φημι,

358 3354 497 3421 μήτε
542 3352 633 3404 τὸν
667 3354 731 3405 ὲκ
758 3351 893 3405 Θεοῦ
932 3352 1105 3420 Λόγον
1152 3354 1571 3424 ἀνθρωπότητος
1613 3352 1756 3423 δίχα,
1794 3353 1933 3423 μήτε

306 3486 311 3489 ν
358 3442 465 3515 μὴν
494 3444 587 3497 τὸν
617 3444 683 3497 ἐκ
710 3444 969 3513 γυναικὸς
1000 3444 1369 3515 ἀποτεχθέντα
1412 3445 1560 3507 ναὸν,
1595 3445 1670 3508 ὡς
1698 3446 1772 3516 μὴ
1798 3446 1933 3505 ἐνω-

356 3535 518 3589 θέντα
558 3535 635 3606 τῷ
659 3536 836 3607 Λόγῳ,
883 3537 1118 3606 Χριστὸν
1149 3538 1357 3608 Ἰησοῦν
1405 3538 1786 3608 ὀνομάζεσθαι.
1817 3536 1934 3594 Ἀν-

356 3627 669 3698 θρωπότητι
695 3626 801 3700 γάρ
829 3626 950 3680 καθ’
985 3626 1179 3682 ἕνωσιν
1207 3627 1557 3698 οἰκονομικὴν
1605 3628 1935 3699 ἀπορῤήτως

356 3719 816 3792 συνενηνεγμένος
864 3722 892 3773 ὁ
944 3722 1009 3774 ὲκ
1053 3720 1187 3774 Θεοῦ
1225 3721 1416 3788 Λόγος,
1447 3723 1648 3774 νοεῖται
1676 3721 1932 3790 Χριστός.

367 3813 664 3886 Ἀνώτερος
711 3813 809 3883 μὲν
859 3813 1296 3882 άνθρωπότητος,
1330 3813 1407 3876 ὡς
1456 3814 1619 3882 φύσει
1666 3812 1797 3876 Θεὸς
1842 3814 1936 3865 καὶ

354 3904 517 3969 Υἱός·
566 3905 667 3958 οὐκ
698 3904 983 3976 ἀτιμάζων
1027 3904 1084 3957 δὲ
1142 3905 1237 3957 καὶ
1283 3904 1344 3956 τὸ
1371 3906 1429 3957 ἐν
1461 3904 1651 3970 ὑφέσει
1684 3904 1937 3972 γενέσθαι

354 4000 552 4065 δοκεῖν,
598 4000 687 4053 διὰ
732 4000 792 4053 τὸ
846 3998 1205 4071 ἀνθρώπινον.
1278 3999 1563 4071 Τοιγάρτοι
1642 3998 1773 4052 ποτὲ
1835 3998 1936 4068 μὲν

355 4091 625 4160 ἔφασκεν·
668 4093 767 4145 «⁸0
810 4091 1072 4165 ἑωρακὼς
1124 4093 1245 4163 ἐμὲ,
1291 4092 1505 4163 ἑώρακε
1551 4092 1642 4145 τὸν
1696 4093 1935 4163 Πατέρα.

369 4183 512 4253 Ἐγὼ
554 4186 649 4239 καὶ
676 4186 704 4237 ὁ
732 4185 923 4256 Πατὴρ
959 4183 1017 4237 ἓν
1046 4186 1243 4255 ἐσμεν·
1277 4202 1295 4235 ι
1335 4184 1465 4249 ποτὲ
1512 4184 1567 4237 δὲ
1614 4179 1679 4238 αὖ
1731 4183 1892 4236 πάλιν
1921 4198 1935 4211 ο

364 4277 465 4333 «Ὀ
496 4280 687 4349 Πατήρ
720 4295 819 4349 μου
867 4276 1069 4346 μείζων
1106 4293 1209 4347 μου
1255 4276 1433 4341 ,ἐστίν’
1474 4295 1492 4327 ›
1528 4276 1587 4328 οὐ
1620 4275 1790 4347 μείων
1831 4275 1937 4346 γὰρ

356 4368 432 4423 ὣν
470 4369 562 4422 τοῦ
610 4370 823 4441 Πατρὸς
876 4369 1017 4424 κατά
1062 4385 1127 4438 γε
1177 4367 1239 4421 τὸ
1290 4371 1349 4424 ὲν
1396 4369 1554 4440 οὐσίᾳ
1596 4369 1810 4432 ταυτὸν,
1844 4368 1938 4420 καὶ

357 4465 501 4517 κατὰ
546 4465 653 4515 πᾶν
701 4462 878 4516 ὁτιοῦν
911 4462 972 4515 τὸ
1009 4460 1348 4526 ὶσοστατοῦν,
1393 4463 1451 4516 ὲν
1487 4462 1763 4517 ἐλάττοσιν
1794 4456 1937 4515 εἶναί

357 4573 492 4628 φησι
519 4557 608 4610 διὰ
639 4556 699 4610 τὸ
726 4554 1088 4627 ἀνθρώπινον.

1969 4520 2016 4577 D

2038 3272 2330 3330 utrumque
2374 3274 2618 3315 seorsum
2660 3268 2936 3319 statuere;
2980 3257 3180 3325 quippe
3239 3270 3359 3309 cum
3395 3255 3616 3324 dispen-

2036 3355 2266 3410 satiOnis
2296 3353 2611 3423 mysterium
2631 3349 2896 3421 ejusmodi
2929 3348 3226 3403 sectionem
3270 3360 3614 3416 nequaquam

2035 3448 2306 3513 admittat,
2340 3459 2395 3501 et
2418 3448 2597 3501 divina
2634 3455 2897 3515 prmterea
2954 3442 3234 3512 Scriptura
3284 3456 3448 3496 unum
3481 3440 3618 3494 dun-

2039 3548 2189 3595 taxat
2244 3538 2521 3593 Christum
2557 3552 2681 3591 esse
2737 3537 2943 3592 diserte
2999 3535 3207 3601 tradat;
3241 3548 3429 3598 assero
3468 3533 3614 3589 enim

2037 3647 2213 3701 neque
2245 3629 2339 3684 Dei
2384 3628 2613 3684 Verbum
2655 3629 2861 3697 absque
2892 3626 3255 3693 humanitate,
3281 3640 3456 3695 neque
3478 3634 3617 3680 tem-

2038 3723 2184 3792 plum
2219 3737 2456 3784 rursum,
2497 3721 2639 3783 quod
2683 3734 2748 3773 ex
2797 3717 3024 3772 muliere
3072 3718 3126 3772 in
3172 3716 3347 3772 lucem
3408 3715 3614 3771 editum

2039 3826 2145 3880 est,
2172 3813 2271 3867 nisi
2304 3810 2621 3867 cumVerho
2637 3809 2984 3878 coniunctum
3016 3808 3405 3874 sit,Christum
3430 3808 3614 3864 Iesum

2039 3905 2299 3975 appellari
2354 3920 2533 3973 posse.
2593 3901 3038 3972 Quandoquidem
3093 3901 3189 3956 Dei
3233 3901 3466 3955 Verbum
3521 3913 3618 3968 per

2040 3997 2495 4068 tlispeusatoriam
2540 3996 2787 4065 copulam
2829 3994 3135 4049 admirabili
3175 3994 3336 4048 modo
3366 3993 3619 4046 humana:

2041 4100 2249 4144 natura:
2303 4091 2537 4150 unitum,
2576 4089 2825 4149 Christus
2882 4101 3003 4142 esse
3063 4085 3429 4153 cognoscitur.
3484 4083 3619 4138 Nam

2038 4182 2142 4236 etsi
2177 4180 2308 4235 illud
2350 4191 2411 4235 ut
2466 4179 2611 4235 Deus
2643 4178 3018 4248 uaturalisque
3072 4177 3170 4233 Dei
3219 4176 3396 4232 Patris
3427 4175 3617 4241 Filius,

2042 4273 2380 4327 humanitate
2415 4273 2664 4343 superius
2692 4273 3037 4336 sit,attamen
3069 4278 3292 4340 propter
3311 4276 3619 4338 susceptam

2041 4366 2274 4421 hominis
2307 4377 2557 4421 naturam
2586 4365 2641 4423 in
2671 4365 2976 4420 humilitate
3007 4363 3193 4433 jacere
3217 4378 3322 4417 non
3349 4362 3622 4415 detrecta-

2044 4459 2139 4512 vit.
2187 4460 2364 4529 Atque
2418 4460 2523 4515 huc
2559 4458 2725 4514 tendit
2777 4457 2908 4513 illud
2950 4455 3204 4513 Christi:
3245 4471 3269 4509 α
3320 4453 3419 4521 Qui
3474 4452 3623 4508 vi‘det

2046 4568 2153 4619 me,
2193 4555 2339 4609 videt
2364 4561 2421 4608 et
2442 4552 2658 4612 Patrem
2696 4566 2874 4607 meum
2896 4551 2975 4619 εις
3007 4568 3027 4603 ι
3055 4558 3131 4615 et,
3171 4568 3190 4601 ι
3234 4548 3344 4619 Ego
3376 4555 3429 4602 et
3458 4545 3624 4601 Pater

359 4664 525 4703 unum
561 4634 747 4706 sumus
773 4650 854 4714 3‘;
886 4667 905 4701 ›
934 4660 989 4703 et
1046 4649 1175 4704 illud
1248 4664 1463 4704 rursum
1510 4646 1776 4717 ejusdem,
1807 4644 1971 4699 Pater
2009 4662 2162 4702 meus
2209 4643 2386 4715 major
2425 4660 2511 4700 me
2583 4655 2667 4702 est
2694 4645 2760 4698 ⁸³.
2801 4664 2820 4698 ›
2855 4644 3115 4711 Quamvis
3141 4642 3310 4707 enim,
3347 4639 3462 4695 sive
3491 4639 3622 4694 sub-

361 4746 576 4799 stantia:
612 4746 978 4810 identitatem,
1002 4744 1120 4800 sive
1150 4743 1294 4799 aliud
1328 4744 1711 4814 quodcunque,
1745 4742 1796 4795 in
1829 4756 1936 4811 quo
2010 4757 2131 4796 cum
2182 4740 2346 4796 Patre
2397 4740 2635 4796 conferri
2689 4748 2871 4811 queat,
2931 4746 3162 4810 spectes,
3192 4734 3367 4791 Patre'
3414 4749 3623 4804 nequa-

359 4855 525 4915 quam
562 4839 737 4892 minor
768 4838 873 4903 sit;
919 4846 1098 4893 tamen
1121 4846 1344 4908 propter
1380 4845 1715 4905 assumptam
1739 4834 2152 4900 humanitatem,
2175 4836 2337 4892 Patre
2361 4838 2627 4890 minorem
2654 4849 2712 4889 se
2745 4841 2925 4890 vocat.

431 4934 561 4988 ΚΘ¹.
603 4930 948 5001 Κηρύττεται
975 4929 1036 4982 δὲ
1068 4931 1163 4985 καὶ
1194 4928 1283 4982 διὰ
1315 4928 1424 4982 τῶν
1471 4928 1631 4998 ἱερῶν
1671 4927 1933 4999 Γραμμά-

359 5044 492 5092 των,
529 5024 657 5077 ποτὲ
694 5023 791 5093 μὲν
820 5021 893 5084 ὼς
923 5022 1043 5084 ὅλος
1078 5020 1154 5072 ὢν
1181 5020 1489 5091 ἄνθρωπος,
1524 5019 1943 5089 σεσιωπημένης

363 5116 529 5173 αὑτοῦ
558 5117 658 5184 τῆς
684 5114 936 5182 Θεότητος
966 5112 1328 5183 οἰκονομικῶς
1349 5129 1361 5143 ο
1396 5114 1527 5165 ποτὲ
1570 5112 1626 5165 δὲ
1674 5108 1741 5165 αὖ
1780 5111 1942 5164 πάλιν

363 5212 439 5274 ὡς
491 5208 642 5272 Θεὸς,
683 5205 1104 5276 σεσιωπημένης
1152 5204 1318 5258 αὐτοῦ
1348 5205 1449 5274 τῆς
1478 5204 1942 5275 ἀνθρωπότητοςτ

364 5303 629 5355 ἀδικεῖται
650 5298 707 5351 δὲ
747 5298 866 5350 κατ’
901 5297 1093 5351 οὐδένα
1115 5296 1337 5369 τρόπον,
1363 5295 1452 5350 διά
1490 5296 1590 5367 τὴν
1632 5297 1834 5365 ἀμφοῖν
1861 5298 1943 5369 εἰς

365 5389 596 5457 ἑνότητα
642 5386 934 5456 σύμϐασιν.
977 5386 1089 5440 Καὶ
1123 5385 1253 5454 γοῦν
1276 5388 1303 5439 ὁ
1335 5385 1621 5449 θεσπέσιος
1650 5385 1881 5452 Παῦλος,

2121 4928 2315 4987 XXIX.
2349 4929 2489 4997 Quin
2515 4943 2683 4983 sacrae
2712 4940 2931 4997 quoque
2959 4925 3181 4980 Litterae
3228 4922 3626 4993 dispensatoria

2050 5022 2281 5091 quadam
2336 5022 2566 5083 ratione,
2594 5020 2876 5074 divinitate
2935 5018 3080 5073 illius
3102 5030 3415 5086 suppressa,
3453 5024 3625 5069 totum

2052 5108 2324 5169 interdum
2360 5108 2662 5178 praedicant
2712 5116 2771 5160 ut
2801 5106 3324 5170 hominem;contra
3373 5118 3628 5159 nonnun-

2051 5216 2213 5271 quam
2239 5200 2577 5255 humauitate
2604 5196 2847 5268 ejusdem
2880 5198 3063 5263 tacita,
3096 5206 3266 5251 totum
3303 5195 3628 5267 quandoque

2054 5293 2412 5347 insinuantut
2437 5291 2628 5346 Deum.
2659 5292 2912 5344 Attamen
2962 5296 3187 5360 propter
3215 5287 3497 5357 utriusque
3532 5298 3631 5340 na-

2053 5394 2189 5440 turae
2246 5384 2299 5439 in
2353 5398 2518 5438 unam
2577 5380 2933 5452 eamdemque
2962 5394 3248 5452 personam
3312 5376 3626 5443 coitionem,

440 5546 486 5580 τ’
510 5546 677 5604 llcbr.
709 5545 751 5612 l,
781 5546 837 5610 5,
873 5547 928 5600 4.
1004 5544 1048 5577 ⁸ο
1079 5543 1242 5601 Hebr.
1290 5558 1346 5607 ll,
1380 5541 1434 5597 9.
1510 5539 1733 5617 “Joan.
1780 5557 1890 5608 xxv,
1927 5547 1931 5592 ε

2056 5541 2101 5572 δ’
2134 5539 2294 5596 Joan.
2327 5556 2383 5607 x,
2428 5539 2517 5595 50.
2594 5540 2641 5573 ⁸³
2669 5538 2827 5599 Joan.
2884 5554 2997 5609 xw,
3032 5536 3125 5595 28.

1476 5682 1650 5740 Variae
1680 5682 1939 5742 lectiones
1964 5681 2174 5759 codicis
2217 5679 2585 5765 Seguicriani.

443 5830 470 5872 h
499 5826 809 5899 φληνάφους
832 5822 1212 5896 εἰκαιομυοεας
1241 5820 1666 5892 ἀνταναφωνεῖν.
