4044 6332
282 444 418 498 ΗΠ

1235 442 1318 495 DE
1359 442 1584 498 RECTA
1629 442 1782 496 FIDE
1821 443 1911 496 AD
1952 443 2399 499 TlIEODOSlUM
2440 443 2574 497 l.\ll'.

3395 442 3534 495 H78

352 560 431 610 A'.
484 556 543 611 Ὀ
590 556 751 619 αὐτὸς
791 553 883 609 οὖν
938 556 1045 628 ἄρα
1096 558 1188 609 καὶ
1240 558 1532 627 μονογενής
1583 559 1719 618 ἐστι,
1763 556 1855 609 καὶ

2033 558 2199 612 XXX.
2245 558 2387 613 Idem
2452 562 2633 629 itaque
2688 559 2993 629 unigenitus
3039 568 3094 613 et
3142 556 3533 628 primogenita:

285 650 656 719 πρωτότοκος*
694 649 723 702 ό
747 649 855 719 γάρ
885 666 966 700 τοι
1009 648 1302 718 μονογενὴς
1336 648 1410 711 ὡς
1437 649 1587 711 Θεὸς,
1636 649 1851 720 πρωτό-

282 757 439 803 τοκος
498 742 556 793 ὲν
606 740 756 809 ἡμῖν,
792 738 915 792 καθ’
948 740 1142 791 ἓνωσιν
1195 740 1551 809 οἰκονομικῶς
1572 739 1619 802 ¹ί,
1652 740 1744 792 καὶ
1795 740 1851 793 ἐν

285 832 497 893 πολλοῖς
531 831 777 899 ἀδελφοῖς
822 831 897 894 ὡς
943 831 1225 901 ἄνθρωπος
1247 847 1260 861 ’
1315 832 1383 883 ἵν’
1408 833 1571 902 ἡμεῖς
1602 824 1749 900 ὦμεν
1778 830 1853 892 ώς

285 926 343 976 ὲν
375 923 523 992 αὐτῷ
564 936 623 975 τε
662 923 755 977 καὶ
787 922 855 975 δι’
885 922 1048 976 αὑτοῦ
1085 923 1191 975 υἱοὶ
1219 922 1353 975 Θεοῦ
1388 922 1631 990 φυσικῶς
1669 939 1728 975 τε
1762 922 1853 973 καὶ

286 1016 424 1068 κατά
455 1015 615 1086 χάριν
639 1031 652 1044 ’
684 1014 928 1084 φυσικῶς
962 1015 1081 1085 μὲν,
1105 1015 1179 1077 ὡς
1204 1016 1260 1067 ὲν
1281 1014 1429 1084 αὐτῷ
1456 1032 1514 1066 τε
1549 1014 1639 1067 καὶ
1669 1014 1812 1083 μόνῳ
1836 1030 1848 1042 υ

289 1107 623 1177 μεθεκτικῶς
660 1108 716 1161 δὲ
746 1109 837 1161 καὶ
886 1106 1028 1160 κατά
1060 1106 1219 1177 χάριν
1267 1109 1430 1177 ἡμεῖς
1475 1106 1543 1158 δι’
1574 1106 1737 1159 αὑτοῦ
1796 1108 1852 1159 ἐν

288 1198 799 1269 Πνεῦματι.Ὢσπερ
831 1193 923 1251 οὖν
962 1198 1181 1266 γέγονεν
1211 1197 1339 1250 ἴδιον
1369 1201 1466 1268 τῆς
1495 1198 1852 1268 ἀνθρωπότη-

288 1304 377 1350 τος
429 1290 485 1340 ὲν
524 1288 745 1357 Χριστῷ
792 1287 851 1339 τὺ
902 1287 1209 1356 μονογενὲς,
1248 1288 1336 1340 διὰ
1379 1288 1438 1340 τὸ
1486 1289 1730 1359 ἡνῶσθαι
1778 1287 1854 1358 τῷ

287 1378 443 1449 Λόγῳ
489 1378 630 1430 κατὰ
676 1376 946 1448 σύμϐασιν
992 1379 1371 1450 οἰκονομικήν·
1407 1379 1577 1441 οὕτως
1606 1379 1734 1433 ἴδιον
1760 1379 1852 1433 τοῦ

287 1471 483 1538 Λόγου,
502 1468 581 1530 τὸ,
594 1468 662 1521 ἐν
679 1468 929 1534 πολλοῖς
941 1468 1243 1537 ἀδελφοῖς,
1266 1472 1357 1522 καὶ
1369 1470 1447 1532 τὸ,
1463 1474 1851 1537 πρωτότοκος,

286 1562 375 1615 διὰ
408 1562 468 1614 τὸ
494 1561 733 1630 ἡνῶσθαι
765 1560 949 1631 σαρκί.
974 1560 1390 1630 Ἑρηρεισμένον
1416 1562 1460 1614 δ’
1486 1557 1577 1615 οὖν
1617 1562 1754 1632 ἔχων
1794 1564 1854 1616 τὸ

287 1647 425 1705 εἶναι
445 1653 596 1715 Θεὸς,
631 1652 725 1704 καὶ
751 1651 957 1721 τροπῆς
984 1651 1224 1720 ἀμείνων
1256 1652 1537 1722 ὑπάρχων,
1567 1654 1655 1706 ἀεὶ
1688 1653 1855 1723 μεμέ-

286 1762 451 1814 νηκεν
481 1745 615 1813 ὅπερ
644 1738 732 1813 ἦν,
766 1742 859 1795 καὶ
898 1744 987 1795 ὅτε
1018 1742 1240 1811 γέγονεν
1283 1742 1590 1814 ἄνθρωπος,
1617 1747 1683 1815 τῇ
1712 1744 1854 1797 κατὰ

290 1840 505 1894 πάντων
536 1839 799 1910 ὑπεροχῇ,
836 1835 959 1909 δόξῃ
993 1853 1051 1889 τε
1081 1840 1147 1908 τῇ
1182 1838 1441 1890 ἀνωτάτω
1475 1834 1853 1904 κατεστεμμέ-

288 1948 398 1994 νος.
423 1932 708 2000 Τοιγάρτοι
738 1929 1089 1983 κεκέλευσται
1126 1928 1247 1999 μεθ’
1269 1928 1425 1999 ἡμῶν
1458 1930 1551 1981 καὶ
1579 1928 1717 1996 αὑτὴ
1745 1928 1855 1981 τῶν

289 2024 401 2077 ἀίω
430 2022 753 2092 πνευμάτων
790 2022 823 2093 ή
856 2021 987 2089 ἁγία
1020 2038 1080 2074 τε
1107 2021 1200 2073 καὶ
1233 2019 1602 2091 παμμακαρία
1650 2020 1858 2089 πληθὺς

290 2113 612 2183 προσκυνεῖν
658 2108 953 2183 αὐτῷ.Ἶιν
998 2111 1106 2181 γὰρ
1150 2112 1321 2181 δήπου
1370 2111 1464 2163 καὶ
1517 2110 1661 2181 μάλα
1709 2110 1858 2174 εἰκὸς

294 2205 591 2275 ἀνήνασθαι
642 2204 740 2275 τὴν
767 2202 1157 2276 προσκύνησιν,
1186 2202 1280 2256 καὶ
1308 2203 1640 2273 κατοκνῆσαι
1666 2186 1853 2273 τίμᾷν,

291 2296 351 2347 τὸ
391 2295 488 2365 τῆς
536 2294 951 2365 ἀνθρωπότητος
1000 2294 1413 2366 σμικροπρεπὲς
1460 2294 1721 2363 ὁρῶντας,
1764 2294 1858 2348 καὶ

290 2391 381 2446 τὸν
409 2394 475 2446 δι’
508 2394 652 2463 ἡμᾶς
683 2392 975 2464 γενόμενον
1004 2391 1124 2445 καθ’
1150 2392 1299 2461 ἡμᾶς
1325 2391 1424 2443 οὐκ
1456 2389 1685 2453 ἀξιῶσαι
1714 2390 1859 2455 δοξο-

290 2481 491 2551 λογεῖν,
520 2482 927 2550 ἀποφοιτῶντας
956 2482 1030 2545 ὡς
1059 2481 1330 2535 ἀπωτάτω
1360 2480 1453 2533 τοῦ
1482 2480 1858 2550 πεπλανῆσθαι

291 2576 769 2630 δοκεῖν.Ἀποπτον
794 2574 903 2646 γὰρ
931 2574 1025 2627 καὶ
1044 2573 1228 2637 αὐτοῖς
1252 2568 1321 2644 ἦν
1348 2572 1508 2625 ἔτιτὸ
1534 2572 1859 2643 ἐπὶΧριστῷ

296 2664 612 2733 μυστήριον,
653 2661 982 2727 ὲξειάλυπτε
1034 2660 1090 2712 δὲ
1141 2660 1202 2711 τὸ
1253 2658 1477 2728 Πνεῦμα
1524 2659 1727 2722 αὐτοῖς,
1765 2657 1862 2710 καὶ

291 2754 568 2806 δυσσεϐεῖν
613 2755 710 2806 οὐκ
752 2752 902 2822 ἠφίει
945 2752 1071 2815 τοὺς
1115 2751 1496 2820 ἡγιασμένους.
1564 2750 1861 2820 Τοιγάρτοι

294 2848 456 2916 φησιν
488 2849 515 2899 ό
547 2846 831 2907 θεσπέσιος
862 2844 1066 2907 Παῦλος
1086 2860 1102 2875 ο
1137 2844 1338 2895 «Ὅταν
1383 2842 1441 2895 δὲ
1468 2843 1737 2913 εἰσαγάγῃ
1767 2839 1861 2896 τὸν

299 2940 648 3010 Πρωτότοκον
695 2940 773 3002 εἰς
800 2936 899 3009 τὴν
948 2937 1294 3008 οἰκουμένην,
1323 2936 1507 3004 λέγει’
1536 2935 1646 2988 Καὶ
1686 2950 1860 3006 προσ-

294 3032 686 3102 κυνησάτωσαν
739 3030 886 3102 αὑτῷ
940 3032 1138 3093 πάντες
1180 3027 1401 3099 ἄγγελοι
1442 3028 1601 3083 Θεοῦ.
1627 3028 1723 3079 »Ὀ
1751 3026 1860 3099 γὰρ

296 3122 519 3193 ἰδιότητι
562 3123 759 3191 φυσικῇ
795 3121 891 3191 τῆς
932 3120 1255 3191 οἰκουμένης
1289 3118 1509 3190 ἀπάσης
1540 3115 1856 3185 διενεγκὼν,

1955 650 2061 721 27
2100 660 2182 705 est
2214 669 2225 704 :
2267 652 2575 719 unigenitus
2605 652 2820 720 quidem
2857 661 2915 706 ut
2947 652 3107 711 Deus.
3141 652 3533 721 primogenitus

1957 752 2084 790 vero
2141 747 2409 807 quatenus
2476 742 2773 792 secundum
2826 739 3213 793 meonomicam
3278 742 3531 795 unionem

1957 828 2096 881 inter
2121 842 2218 881 nos
2238 840 2293 882 et
2334 829 2473 882 inter
2501 830 2696 882 ntultos
2732 830 2927 882 fratres
2973 830 3133 882 homo
3157 839 3401 884 versatus
3426 840 3529 893 est,

1955 933 2061 986 quo
2087 928 2141 972 et
2177 934 2275 972 nos
2306 934 2517 989 quoque
2562 920 2613 972 in
2645 920 2763 988 ipso
2794 930 2849 974 et
2888 936 2982 987 per
3023 922 3197 989 ipsmn
3234 923 3529 976 secundum

1958 1021 2204 1063 naturam
2232 1022 2285 1064 et
2312 1013 2536 1079 gratiam
2574 1012 2666 1065 lilii
2699 1012 2788 1065 Dei
2823 1011 3157 1067 elliceremur
3187 1032 3198 1066 :
3233 1015 3528 1067 secundum

1956 1113 2206 1158 naturam
2237 1106 2473 1171 quidem,
2505 1113 2561 1157 ut
2595 1106 2647 1158 in
2681 1106 2797 1173 ipso
2838 1112 2891 1158 ct
2924 1122 3028 1159 uno
3073 1125 3085 1159 ε
3123 1107 3532 1175 participatione

1956 1208 2105 1258 vero,
2148 1203 2201 1247 et
2237 1195 2528 1248 secundmn
2566 1195 2795 1265 gratiam
2849 1211 2943 1261 per
2974 1196 3148 1263 ipsum
3210 1196 3261 1248 in
3299 1197 3527 1261 Spiritu.

1957 1284 2416 1351 Quemadmodum
2446 1286 2607 1355 igitur
2637 1285 2835 1339 Christi
2871 1287 3214 1350 humanitati,
3247 1298 3529 1356 propterea

1956 1375 2097 1444 quod
2129 1376 2427 1429 secundum
2454 1376 2875 1447 dispensationis
2908 1377 3154 1444 copulam
3188 1376 3366 1431 Verbo
3401 1395 3532 1431 cou-

1952 1467 2133 1537 juncta
2164 1477 2266 1532 est,
2294 1468 2633 1537 unigenitum
2670 1482 2790 1523 esse
2822 1479 2877 1523 et
2930 1469 3033 1523 dici
3096 1470 3372 1538 proprium
3404 1468 3532 1522 cll‘e-

1956 1570 2103 1617 ctum
2143 1571 2226 1615 est
2260 1579 2273 1614 :
2312 1564 2380 1614 ita
2419 1562 2706 1625 Verbo,eo
2736 1562 2877 1630 quod
2908 1563 3119 1615 unitmn
3154 1571 3233 1615 est
3267 1564 3437 1627 carni,
3475 1564 3529 1615 id

1956 1655 2232 1723 proprium
2296 1654 2497 1707 factum
2530 1664 2630 1715 est,
2666 1670 2724 1706 nt
2773 1655 2911 1707 inter
2961 1656 3156 1707 tuultos
3203 1657 3396 1707 fratres
3430 1655 3533 1720 pri—

1957 1746 2255 1815 mogenitus
2287 1746 2357 1799 sit
2385 1753 2439 1799 et
2472 1747 2793 1814 appelletur.
2828 1746 2959 1799 Cum
2996 1747 3085 1799 Dei
3128 1748 3305 1813 itaque
3337 1757 3528 1797 natura

1957 1837 2189 1902 stabilis,
2216 1838 2436 1891 immota
2483 1839 2768 1906 omnisque
2825 1839 3140 1892 mutationis
3187 1854 3379 1906 expers
3434 1838 3525 1903 sit,

1959 1944 2231 1998 nunquam
2262 1928 2401 1983 Deus
2439 1929 2669 1982 Verbum
2700 1945 2804 1982 non
2848 1931 3049 1983 mansit
3086 1931 3227 1998 quod
3262 1927 3527 1983 t-ral.Ne«

1957 2037 2062 2090 que
2092 2037 2220 2076 vero
2252 2032 2359 2075 tum
2394 2024 2607 2089 quando
2625 2022 2787 2076 homo
2810 2021 2983 2076 factus
3009 2032 3109 2084 est,
3136 2038 3359 2076 sumnnc
3384 2024 3528 2075 illius

1960 2111 2257 2181 majestatis
2282 2110 2671 2179 etglorite,qua
2705 2123 2928 2165 carteros
2959 2127 3147 2165 omnes
3181 2112 3334 2180 longe
3359 2128 3527 2177 supe-

1959 2212 2061 2268 rat,
2111 2204 2363 2258 coronam
2412 2204 2619 2256 amisit.
2681 2203 3038 2269 Quamobrem
3095 2214 3280 2256 sancta
3334 2204 3419 2254 illa
3477 2204 3529 2255 in

1958 2296 2255 2367 primisque
2288 2298 2444 2351 beata
2474 2298 2777 2351 coelestimn
2803 2296 3091 2365 spirituum
3134 2295 3441 2354 multitudo.
3476 2304 3533 2347 ut

1958 2386 2106 2440 illum
2149 2388 2359 2452 adoret,
2388 2403 2537 2457 aeque
2591 2404 2654 2440 ac
2691 2404 2787 2442 nos
2822 2388 3133 2441 mandatum
3172 2384 3530 2451 accepit.Po—

1962 2488 2102 2534 terat
2126 2481 2291 2547 enim,
2330 2482 2443 2535 sola
2472 2482 2827 2535 humanitatis
2858 2482 3122 2550 parvitate
3152 2491 3204 2531 et
3233 2479 3532 2545 abjectione

1960 2572 2293 2643 inspecta,et
2322 2558 2537 2642 quidem
2579 2574 2701 2642 jure
2752 2573 3072 2641 meritoque,
3110 2570 3368 2638 ejusmodi
3403 2571 3533 2621 adu—

1961 2666 2223 2721 rationem
2252 2680 2525 2729 recusare,
2558 2674 2612 2717 et
2661 2664 2882 2718 honoris
2935 2665 3137 2718 cultum
3190 2661 3533 2715 cunctantius

1961 2757 2290 2825 impendere,
2340 2771 2403 2810 ac
2464 2756 2537 2809 illi
2572 2755 2662 2822 qui
2728 2767 2948 2823 propter
2981 2771 3082 2809 nos
3122 2757 3292 2807 nostri
3341 2753 3532 2807 similis

1959 2846 2183 2903 eifectus
2236 2845 2430 2911 fuerat,
2462 2846 2906 2915 gloriﬁcationem
2955 2847 3245 2913 denegare,
3309 2858 3374 2894 ne
3427 2857 3534 2909 quo

1960 2953 2145 2993 errore
2169 2938 2539 3008 imprudentes
2561 2939 3063 3007 constringerentur
3091 2954 3104 2989 :
3134 2936 3358 2988 necdum
3385 2934 3529 2987 enim

1959 3042 2014 3086 et
2053 3030 2225 3102 ipsius
2276 3032 2594 3101 mysterium
2648 3031 2776 3083 illud
2820 3028 3024 3083 Christi
3070 3027 3340 3096 cognitum
3393 3033 3531 3090 erat,

1963 3139 2147 3179 verum
2194 3136 2262 3176 ne
2291 3122 2651 3177 sanctissima:
2703 3121 2807 3175 illa:
2831 3131 3095 3175 creatura:
3150 3118 3202 3171 in
3259 3132 3379 3171 eam
3433 3117 3535 3169 im-

292 3214 396 3280 ἔξω
424 3230 481 3264 τε
510 3213 676 3282 αὐτῆς
714 3211 992 3281 ὑπάρχων,
1022 3210 1157 3265 καθὸ
1184 3212 1384 3262 νοεῖται
1420 3208 1570 3273 Θεὸς,
1608 3208 1858 3277 εἰσῦέϐη-

1962 3216 2214 3284 pietatem
2266 3213 2591 3277 inciderent,
2622 3212 2861 3282 Spiritus
2890 3212 2941 3264 id
2979 3211 3087 3264 illis
3120 3208 3352 3277 aperuit.
3395 3206 3534 3259 Hinc

293 3323 385 3359 κεν
415 3307 493 3366 εἰς
520 3303 708 3374 αὐτὴν,
740 3304 902 3373 μέρος
926 3303 1130 3371 κόσμου
1156 3300 1431 3370 πεφηνὼς,
1456 3300 1530 3361 ὡς
1552 3300 1855 3370 ἅνθρωπος·

292 3396 432 3468 πλὴν
465 3398 526 3449 οὐ
555 3397 641 3449 διὰ
669 3396 827 3448 τοῦτο
864 3395 963 3464 τῆς
996 3395 1143 3456 θείας
1179 3393 1458 3446 ἀπώλισθε
1487 3393 1665 3461 δόξης.
1685 3394 1859 3463 Προσ-

294 3490 533 3540 κυνεῖται
559 3486 665 3557 γάρ
692 3486 766 3547 ώς
793 3485 1125 3555 Μονογενὴς,
1148 3484 1251 3537 κᾶν
1268 3484 1316 3535 εἰ
1342 3483 1558 3535 καλοῖτο
1588 3484 1860 3553 πρωτότο-

292 3596 419 3643 κος·
472 3581 608 3650 ὅπερ
655 3578 802 3631 ἐστὶν
850 3577 1097 3647 ἐναργῶς
1143 3577 1255 3639 τοῖς
1299 3574 1399 3645 τῆς
1444 3574 1859 3647 ἀνθρωπότητος

295 3673 515 3745 μέτροις
544 3673 626 3725 ὅτι
659 3672 893 3742 μάλιστα
923 3675 1154 3740 πρέπον.

1958 3306 2087 3362 illud
2134 3304 2323 3360 Pauli:
2361 3320 2381 3355 ι
2436 3304 2503 3357 Et
2554 3318 2674 3357 cum
2740 3303 2945 3356 inducit
3012 3297 3434 3368 Primogeaitum
3479 3296 3533 3348 in

1957 3398 2142 3452 orbem
2178 3405 2354 3459 terrae,
2383 3395 2513 3449 dicit
2546 3412 2561 3447 :
2592 3393 2659 3447 Et
2703 3394 2930 3446 adorent
2957 3406 3078 3443 eum
3136 3404 3325 3443 onmes
3351 3385 3527 3454 angeli

1958 3487 2073 3555 ejus
2094 3486 2161 3540 ³⁵.
2188 3506 2206 3539 ι
2242 3486 2294 3541 Is
2334 3486 2500 3549 enim,
2524 3486 2614 3553 qui
2665 3493 2873 3538 natura:
2908 3483 3235 3551 proprietate
3279 3480 3536 3531 UIIiVCISO

1958 3584 2227 3632 terrarum
2259 3576 2391 3631 orbe
2435 3575 2722 3631 sublimior
2745 3584 2851 3640 est,
2876 3582 2927 3629 et
2953 3580 3113 3643 prout
3165 3570 3308 3624 Deus
3356 3576 3537 3621 mente

1955 3668 2284 3737 concipitur,
2315 3676 2472 3722 extra
2498 3668 2672 3735 ipsum
2698 3676 2805 3730 est,
2842 3667 2895 3721 in
2932 3666 3109 3732 ipsum
3164 3671 3223 3716 ut
3258 3662 3419 3714 homo
3449 3660 3537 3710 in-

292 3781 526 3837 gressus,
559 3780 685 3832 pars
712 3762 896 3816 mundi
929 3760 1151 3816 eﬂectus
1175 3771 1296 3815 est:
1333 3769 1705 3816 verumtamen
1738 3758 1937 3812 nullam
2000 3774 2064 3814 ea
2090 3760 2155 3814 de
2178 3773 2340 3815 causa
2402 3760 2598 3814 divina:
2638 3758 2829 3828 gloria:
2891 3758 3158 3823 jacturam
3196 3757 3341 3812 fecit.
3396 3756 3539 3809 Ado-

294 3871 443 3915 ratur
468 3871 695 3926 namque
725 3866 783 3909 ut
820 3855 1162 3925 Unigenitus,
1220 3856 1319 3909 etsi
1366 3854 1662 3924 appelletur
1723 3855 2135 3925 primogenitus,
2192 3869 2311 3925 quae
2372 3870 2504 3909 sane
2548 3853 2836 3924 appellatio
2896 3853 3251 3907 humanitatis
3306 3853 3540 3909 modulis

293 3964 456 4021 quam
497 3952 697 4018 Oplillte
732 3950 1003 4004 convenit.

365 4037 625 4113 AA'.'Ap‘
655 4037 747 4095 οὖν
783 4040 860 4103 ὡς
902 4041 1185 4110 ἄνθρωπον
1223 4040 1673 4109 προσκυνήσομεν
1706 4037 1864 4108 μόνον

292 4139 382 4190 τὸν
416 4135 798 4206 Ἐμμανουήλ;
838 4135 928 4202 Μὴ
958 4132 1197 4199 γένοιτοί
1230 4130 1398 4199 λῆρος
1428 4129 1535 4201 γάρ
1577 4130 1678 4200 ἤδη
1706 4130 1864 4183 τοῦτο

294 4228 390 4282 καὶ
420 4228 625 4295 ἀπάτη,
666 4229 759 4279 καὶ
794 4226 1077 4295 πλάνησις.
1129 4223 1410 4292 Διοίσομεν
1451 4223 1509 4276 δὲ
1556 4224 1679 4276 κατ’
1711 4223 1864 4275 οὐδὲν

292 4319 401 4371 τῶν
427 4322 491 4387 τῇ
527 4319 701 4371 κτίσει
733 4316 1170 4386 λελατρευκότων
1195 4314 1345 4385 παρὰ
1366 4314 1457 4366 τὸν
1484 4314 1743 4368 κτίσαντα
1767 4314 1863 4367 καὶ

2036 4037 2229 4094 XXXI.
2270 4040 2483 4107 Ergone
2516 4036 2918 4092 Emmanuelem
2956 4046 3014 4091 ut
3058 4036 3230 4092 solum
3266 4036 3536 4091 hominem

1962 4129 2342 4199 adorabimus?
2386 4128 2604 4185 Minime
2652 4132 2890 4201 gentium
2941 4148 2953 4183 :
3010 4130 3155 4183 istud
3210 4130 3354 4183 enim
3407 4129 3536 4181 nihil

1962 4220 2105 4273 aliud
2157 4219 2505 4291 foret,quam
2562 4222 2858 4286 errare,in
2917 4220 3164 4274 fraudem
3228 4220 3429 4280 induci,
3476 4234 3539 4271 ac

1966 4313 2221 4367 delirare.
2246 4311 2357 4368 Hac
2396 4313 2662 4382 siquidem
2707 4313 2915 4368 ratione
2971 4314 3105 4369 nihil
3145 4314 3435 4383 quidquam
3473 4312 3540 4363 ab

296 4410 546 4479 ποιητὴν,
601 4408 800 4470 οἵτινες
859 4426 875 4456 ι
925 4405 1262 4477 μετήλλαξαν
1311 4405 1411 4475 τὴν
1459 4406 1716 4475 ἀλήθειαν
1768 4403 1858 4458 τοῦ

1967 4405 2034 4459 iis
2063 4405 2506 4470 dissentit-emus,
2542 4408 2636 4475 qui
2677 4406 2890 4477 opiticis
2916 4416 2970 4459 et
3006 4405 3367 4474 procreatoris
3425 4405 3540 4454 loco

292 4500 429 4554 θεοῦ
462 4502 519 4553 ὲν
548 4499 624 4570 τῷ
655 4499 861 4569 ψεύδει,
897 4519 915 4550 ι
963 4498 1107 4551 κατὰ
1147 4498 1209 4549 τὸ
1254 4496 1658 4568 γεγραμμένον.
1687 4491 1782 4559 Οἷς
1810 4498 1863 4550 εἰ

296 4593 671 4661 φρονήσαιμεν
717 4588 947 4657 ἀδελφὰ,
981 4589 1076 4641 καὶ
1120 4586 1562 4657 συνακουσόμεθα
1607 4586 1865 4649 πάντων

302 4704 322 4736 ι
352 4684 656 4745 Φάσκοντες
680 4678 818 4736 εἶναι
847 4681 1020 4750 σοφοὶ,
1048 4679 1466 4751 ἐμωράνθησαν,
1497 4679 1590 4731 καὶ
1629 4678 1865 4748 ῆλλαξαν

294 4775 398 4846 τὴν
430 4774 586 4840 δόξαν
629 4771 721 4826 τοῦ
755 4772 1032 4843 ἀφθάρτου
1069 4770 1203 4823 Θεοῦ
1233 4773 1288 4823 ἐν
1313 4768 1619 4840 ὁμοιώματι
1661 4771 1866 4836 εἰκόνος

299 4865 540 4937 φθαρτοῦ
574 4857 884 4935 ἀνθρώπου,
920 4864 1012 4916 καὶ
1043 4863 1326 4924 πετεινῶν,
1354 4861 1447 4914 καὶ
1495 4861 1860 4929 τετραπόδων,

301 4960 394 5011 καὶ
442 4958 705 5029 ἑρπετῶν.
746 4959 845 5009 »Ἢ
894 4957 1002 5027 γάρ
1055 4956 1175 5025 οὐχὶ
1222 4955 1314 5008 καὶ
1365 4956 1526 5024 ἡμεῖς
1573 4954 1727 5006 αὐτοὶ
1770 4955 1864 5007 καὶ

303 5052 544 5119 ἰσουργοὶ
562 5051 654 5101 καὶ
677 5049 983 5119 σύμφρονες
1007 5052 1115 5110 τοῖς
1141 5046 1585 5117 μνημονευθεῖσιν
1607 5046 1861 5116 ἐσόμεθα,

296 5139 396 5211 τὴν
419 5142 511 5194 τοῦ
542 5140 676 5193 Θεοῦ
707 5140 865 5205 δόξαν
902 5144 959 5192 ἐν
986 5140 1063 5209 τῷ
1088 5140 1269 5209 ψεύδει
1306 5138 1777 5208 μεταλλάττοντες,
1808 5142 1865 5193 ὲν

298 5232 603 5302 ὁμοιώματι
624 5233 829 5293 εἰκόνος
852 5232 1090 5301 φθαρτοῦ
1108 5230 1418 5301 ἀνθρώπου,
1436 5233 1482 5283 εἰ
1499 5231 1572 5294 ὡς
1593 5232 1865 5303 ἀνθρώπῳ

298 5324 459 5393 ψιλῷ,
498 5325 591 5376 καὶ
622 5324 700 5375 ἐνί
730 5324 842 5375 τῶν
877 5324 1001 5376 καθ’
1028 5325 1173 5392 ἡμᾶς
1196 5323 1555 5394 προσοίσομεν
1572 5323 1669 5393 τὴν
1699 5342 1867 5394 προσ-

301 5413 525 5485 κύνησιν
567 5414 646 5483 τῷ
678 5414 1055 5484 Ἐμμανουήλς
1092 5416 1154 5467 Τί
1182 5414 1271 5481 δέ;
1299 5414 1417 5483 οὐχ).
1450 5416 1543 5468 καὶ
1583 5415 1720 5485 αὐτὴ
1752 5416 1858 5469 τῶν

365 5570 412 5603 ’³
448 5571 607 5625 llehr.
638 5587 676 5637 ι,
710 5570 762 5624 6.

840 5570 885 5601 ⁹⁶
920 5570 1075 5627 fiunt.
1103 5588 1139 5637 ι,
1168 5571 1257 5626 9.5.
1333 5573 1375 5603 ’7
1408 5571 1535 5625 ibid.
1568 5571 1656 5635 ἓξ,
1678 5572 1765 5625 9.5.

1964 4505 2264 4552 creaturam
2299 4498 2719 4561 adoraverunt,¢
2749 4500 3160 4566 veritatemque,
3189 4505 3247 4549 ut
3278 4494 3536 4561 scriptum

1967 4597 2049 4642 est
2080 4588 2127 4620 "
2156 4589 2209 4643 in
2236 4590 2575 4644 mendacium
2605 4598 3043 4645 converterunt.»
3080 4587 3135 4642 Si
3164 4588 3377 4640 illorum
3410 4602 3540 4653 ergo

1960 4681 2243 4735 sententia
2263 4683 2681 4747 accesserimus,
2701 4682 2921 4736 omnino
2939 4695 3041 4733 una
3064 4694 3186 4733 cum
3214 4678 3318 4732 illis
3340 4689 3393 4732 et
3409 4678 3538 4731 illud

1958 4771 2203 4840 Apostoli
2250 4788 2469 4842 quoque
2539 4773 2820 4827 audiemus
2865 4790 2879 4825 :
2930 4790 2948 4823 ι
3012 4771 3264 4824 Dicentes
3304 4786 3363 4824 se
3419 4785 3539 4823 esse

1960 4863 2252 4933 sapientes,
2280 4864 2390 4933 28
2415 4865 2566 4918 stulti
2605 4863 2731 4917 facti
2764 4871 2920 4929 sunt;
2952 4872 3006 4917 et
3034 4872 3379 4917 mutaverunt
3429 4863 3540 4931 glo-

1963 4956 2101 5008 riam
2148 4954 2575 5023 incorruptibilis
2612 4956 2706 5011 Dei
2741 4956 2792 5009 in
2842 4955 3253 5010 similitudinem
3292 4956 3540 5025 imaginis

1962 5046 2327 5117 corruptibilis
2354 5047 2608 5111 hominis,
2627 5058 2681 5101 et
2707 5048 3005 5112 volucrum,
3026 5057 3081 5103 et
3106 5049 3537 5115 quadrupedum,

1961 5147 2018 5193 et
2046 5148 2357 5207 serpentum
2388 5139 2456 5194 ³⁷.
2491 5156 2511 5190 ι
2540 5139 2717 5204 Quid?
2758 5153 2936 5192 nonne
2964 5148 3019 5192 et
3045 5153 3143 5193 nos
3192 5137 3289 5207 ipsi
3328 5152 3541 5207 quoque

1963 5231 2051 5296 iis,
2082 5245 2313 5302 quorum
2375 5231 2535 5285 modo
2584 5230 2956 5295 meminimus,
2994 5229 3191 5283 similia
3245 5228 3425 5282 facere
3490 5236 3543 5281 et

1964 5322 2167 5377 sentire
2198 5322 2562 5388 censebimur,
2590 5323 2762 5393 utqui
2799 5322 2890 5377 Dei
2939 5322 3167 5391 gloriam
3222 5321 3275 5374 in
3323 5319 3544 5374 menda-

1966 5416 2109 5471 cium
2137 5426 2192 5471 et
2212 5416 2621 5475 similitudinem
2664 5416 2918 5485 imaginis
2946 5413 3316 5486 corruptibilis
3365 5414 3539 5468 bomi-

1399 5708 1570 5763 Varite
1606 5710 1867 5766 lectiones
1896 5710 2099 5769 codicis
2140 5709 2501 5781 chuicriani.

380 5848 403 5887 ιι
434 5847 795 5916 οἰκονομικήν.
