4044 6332
491 406 630 463 H79

1483 396 1540 450 S.
1584 392 1859 448 (ZYRlLLI
1899 387 2363 445 ALEXANDIUNI
2405 388 2716 444 ARCIIIEP.

3594 386 3735 441 H80

488 521 574 574 nis
652 512 1132 577 demutaverimus,
1196 512 1242 567 si
1317 510 1722 565 Emmanuelent
1801 520 2055 576 tanquam

2177 506 2405 574 ὶγγέλων
2432 505 2485 575 ῐή
2535 506 2744 576 πληθὺς
2789 507 2897 567 τοῖς
2943 505 3021 567 εἰς
3073 503 3229 557 τοῦτο
3286 503 3481 572 μανίας
3534 504 3734 571 ἥκουσι

491 610 716 673 nudum,
749 614 1054 673 nostraeque
1072 601 1402 657 conditionis
1425 599 1697 655 hominem
1726 595 2059 652 adorationis

485 697 631 751 cultu
682 692 1112 764 prosequemur?
1149 690 1339 747 Nonne
1392 688 1629 745 caelestis
1694 702 1907 759 quoque
1972 686 2062 739 ille

489 788 803 857 angelorum
859 795 1031 839 «(etus
1093 785 1145 837 in
1206 792 1408 838 tantam
1466 780 1733 835 insaniam
1798 776 2063 848 prolapsis

490 877 972 931 aumnnerabitur?
1000 876 1140 942 Quin
1203 883 1258 929 et
1312 888 1530 943 gregem
1582 870 1944 935 ethnicorum,
1974 883 2061 921 ar-

491 973 683 1033 l-itmr,
716 986 821 1025 non
863 971 969 1025 erit
1004 986 1099 1023 cur
1127 969 1580 1031 condemnemus;
1623 980 1720 1019 nec
1750 962 1907 1017 facile
1956 962 2062 1017 elui

491 1063 689 1131 poterit
730 1070 970 1116 veterum
1016 1060 1297 1129 culparum
1329 1075 1488 1113 noxa.
1525 1058 1686 1111 Errat
1732 1072 1965 1126 namque
2008 1065 2066 1112 et

494 1170 635 1207 nunc
667 1169 880 1223 quoque
915 1153 1134 1222 perinde
1172 1167 1234 1205 ac
1263 1151 1412 1217 olim,
1445 1160 1499 1204 et
1532 1151 1778 1204 semitam
1827 1166 1949 1218 qua:
1996 1149 2063 1205 ad

493 1245 780 1298 veritatem
836 1244 1004 1308 ducit,
1069 1242 1332 1309 ignorat:
1373 1256 1549 1309 neque
1608 1243 1794 1294 beatus
1864 1239 2066 1295 Paulus

492 1334 627 1391 satis
692 1343 996 1404 opportune
1060 1332 1280 1387 Galatas
1330 1332 1593 1399 increpat.
1652 1331 1743 1384 Ait
1790 1346 2062 1400 namque:

498 1444 519 1475 σ
558 1424 709 1478 Tunc
762 1425 1072 1494 ignorantes
1108 1423 1295 1488 Deum,
1328 1424 1394 1477 iis
1434 1422 1525 1493 qui
1556 1431 1749 1476 natura
1786 1438 1889 1477 non
1943 1432 2069 1476 sunt

493 1516 593 1579 dii,
625 1515 964 1569 serviebatis.
1019 1512 1172 1567 Nunc
1222 1523 1402 1567 autem
1431 1528 1552 1567 cum
1584 1512 1747 1568 Deum
1793 1528 2060 1583 cognove-

496 1605 639 1670 ritis,
674 1607 782 1659 imo
816 1606 1013 1675 cogniti
1073 1605 1193 1659 sitis
1228 1620 1257 1657 a
1289 1604 1421 1667 Deo,
1462 1606 1731 1674 quomodo
1796 1604 2057 1658 converti-

498 1696 628 1748 tnini
668 1696 858 1751 iterum
889 1696 954 1748 ad
990 1694 1202 1749 inﬁrma
1234 1705 1396 1764 atque
1430 1710 1596 1764 egena
1629 1696 1919 1761 elementa,
1948 1696 2069 1763 qui-

497 1790 599 1843 bus
633 1790 807 1843 denuo
857 1789 1059 1845 servire
1096 1787 1254 1842 vultis
1286 1787 1381 1840 9‘?
1427 1806 1446 1838 ι
1482 1786 1615 1839 Nam
1648 1787 1749 1841 nisi
1797 1786 2066 1853 Christus,

2168 596 2579 661 συντετάξεται;
2619 595 2955 667 Ἀνεξίτητον
2984 596 3060 661 δὲ,
3085 591 3239 665 οἶμαί
3268 612 3391 657 που,
3415 593 3512 665 τὴν
3534 595 3625 646 ἐπὶ
3651 593 3734 663 τῷ

2165 687 2544 756 πεπλανῆσθαι
2569 686 2785 757 γραφὴν
2839 688 2931 738 καὶ
2956 689 3019 755 τῇ
3050 686 3159 739 τῶν
3184 685 3351 738 ὲθνῶν
3380 684 3545 755 ἀγέλῃ
3572 702 3731 754 περι-

2168 780 2431 850 θήσομεν⁹
2469 782 2559 833 καὶ
2593 781 2989 835 δυσαπόνιπτον
3014 781 3123 851 ἔχει
3152 781 3261 834 τῶν
3290 781 3531 851 ἀρχαίων
3552 782 3730 833 αίτια-

2170 872 2355 941 μάτων
2406 872 2466 924 τὸ
2512 873 2726 942 βλάϐος.
2778 874 3051 926 mnam
3089 872 3218 943 γὰρ,
3260 868 3450 941 οἶμαι,
3500 871 3593 924 καὶ
3634 870 3734 924 νῦν

2167 962 2319 1015 οὐδὲν
2347 958 2527 1033 ἦττον,
2560 965 2591 1034 ἥ
2622 966 2807 1029 πάλαι,
2831 966 2926 1019 καὶ
2954 966 3051 1034 τὴν
3075 967 3155 1028 εἰς
3177 965 3304 1018 εὐθὺ
3327 964 3734 1034 διαστείχουσαν

2168 1054 2404 1123 ἠγνόηκε
2436 1055 2637 1124 τρίϐον.
2667 1057 2778 1110 Καὶ
2800 1057 3071 1127 περιττὸς,
3097 1056 3171 1120 ὼς
3195 1055 3391 1123 ἔοικεν,
3414 1058 3441 1110 ὁ
3467 1054 3737 1126 μακάριος

2170 1146 2402 1212 Παῦλος,
2444 1149 2780 1219 προσφωνῶν
2824 1167 2882 1202 τε
2934 1150 3117 1212 αὐτοῖς
3149 1148 3244 1202 καὶ
3286 1148 3492 1217 λέγων·
3532 1147 3736 1200 «Ἀλλὰ

2169 1236 2289 1289 τότε
2324 1238 2422 1307 μὲν
2456 1238 2555 1290 οὐκ
2600 1238 2799 1300 εἰδότες
2847 1238 3000 1304 Θεὸν,
3030 1237 3379 1292 ἐδουλεύσατε
3424 1238 3538 1299 τοῖς
3575 1236 3738 1306 φύσει

2173 1330 2246 1398 μὴ
2274 1324 2390 1382 οῦσι
2438 1329 2597 1392 θεοῖς.
2627 1329 2739 1382 Νῦν
2767 1330 2824 1383 δὲ
2851 1331 3066 1398 γνόντες
3091 1331 3242 1394 Θεὸν,
3282 1331 3480 1401 μᾶλλον
3507 1330 3563 1384 δὲ
3595 1347 3738 1397 γνω-

2172 1422 2388 1485 σθέντες
2436 1422 2538 1474 ὑπὸ
2586 1422 2742 1485 Θεοῦ,
2780 1423 2896 1485 πῶς
2935 1424 3292 1492 ἐπιστρέφετε
3329 1423 3488 1477 πάλιν
3534 1423 3624 1475 ἐπὶ
3667 1420 3741 1474 τὰ

2170 1513 2369 1583 ἀσθενῆ
2417 1513 2507 1565 καὶ
2542 1513 2733 1584 πτωχὰ
2780 1517 3035 1587 στοιχεῖα,
3080 1511 3161 1578 οἷς
3188 1515 3349 1569 πάλιν
3374 1514 3578 1573 ἄνωθεν
3612 1512 3740 1566 δου-

2170 1595 2346 1657 λεύειν
2394 1604 2609 1677 θέλετε;
2644 1625 2660 1656 ι
2718 1606 2874 1675 Ποῖον
2905 1607 3013 1677 γὰρ
3044 1606 3123 1659 έτνι
3150 1605 3284 1661 ,Θεὸν
3328 1604 3647 1673 ἐγνώκασιν,
3683 1603 3738 1655 εἰ

2176 1698 2251 1767 μὴ
2302 1697 2458 1765 φύσει
2506 1697 2637 1760 Θεὸς
2680 1698 2711 1749 ὁ
2756 1698 3008 1769 Χριστὸς,
3041 1700 3122 1761 εἰς
3167 1699 3227 1753 ὃν
3275 1699 3739 1761 πεπιστεύκασινς

2175 1787 2284 1839 Καὶ
2335 1787 2384 1838 εί
2434 1786 2858 1857 λελατρεύκασιν
2905 1787 3196 1859 ἀνθρώπῳ,
3222 1790 3333 1851 τοῖς
3379 1789 3479 1858 τῆς
3507 1787 3742 1858 ἀρχαίας

500 1880 553 1933 in
579 1895 735 1949 quem
778 1880 1143 1944 crediderunt,
1166 1888 1355 1955 suapte
1393 1889 1581 1935 natura
1610 1878 1753 1933 Deus
1794 1888 1895 1943 est,
1930 1894 2064 1948 qua-

2177 1880 2385 1946 πλάνης
2439 1880 2712 1949 ἐνέχονται
2762 1880 3075 1951 βρόχοις.Ἢ
3110 1883 3208 1934 οὐκ
3237 1880 3432 1952 ἀληθὲς
3482 1882 3510 1934 ὅ
3555 1898 3739 1950 φημις

499 1968 625 2032 lem,
682 1983 886 2035 quaeso,
949 1968 1116 2021 Deum
1180 1969 1588 2037 cognoverunt?
1632 1968 1703 2021 Et
1764 1968 1808 2023 si
1867 1967 2071 2022 homini

497 2060 826 2125 servierunt,
881 2075 987 2113 non
1029 2058 1234 2128 antiqui
1292 2060 1495 2113 erroris
1529 2058 1738 2126 laqueis
1777 2058 2071 2122 etiamnum

500 2152 696 2205 irretiti
728 2150 1021 2205 tenentur?
1052 2149 1131 2202 An
1165 2165 1265 2220 ego
1303 2164 1407 2203 non
1461 2164 1645 2203 verum
1701 2149 1856 2201 dico?
1888 2149 2074 2217 utique

504 2243 646 2298 dico.
702 2242 894 2297 Cernis
972 2243 1161 2311 igitur,
1221 2241 1687 2296 Christianissime
1758 2243 2072 2311 imperator,

497 2334 771 2403 quomodo
798 2334 1122 2389 necessariis
1172 2334 1481 2386 notionihus
1537 2333 1777 2397 adducti,
1813 2332 1903 2385 Dei
1944 2333 2075 2385 Ver-

501 2428 652 2491 bum,
680 2427 864 2481 estoin
895 2425 1064 2480 forma
1095 2436 1279 2479 nostra
1328 2427 1658 2503 apparuerit,
1682 2435 1940 2495 tanquam
1986 2440 2076 2478 ve-

500 2536 621 2573 rum
651 2518 843 2573 natura
870 2519 1034 2573 Deum
1068 2519 1361 2587 prudenter
1408 2516 1638 2571 adorare
1678 2515 1789 2571 fere
1837 2517 2076 2583 compel-

501 2607 928 2677 lamurzquippe
957 2622 1076 2660 cum
1101 2608 1327 2659 duarum
1347 2615 1670 2660 naturarum
1715 2607 1767 2659 in
1810 2606 2073 2660 unitatem

500 2713 799 2752 concursus
833 2698 988 2750 facile
1014 2696 1207 2765 possit,
1241 2696 1284 2750 si
1316 2712 1422 2765 qua
1444 2712 1539 2750 nos
1561 2697 1741 2751 turbat
1762 2696 2074 2765 aliquando,

502 2790 864 2858 suspicionem
902 2788 1089 2843 tollere
1140 2790 1203 2841 de
1246 2787 1360 2841 sola
1410 2788 1764 2841 humanitate.
1792 2788 2078 2843 Enimvero

498 2878 667 2934 'Verhi
716 2889 903 2933 natura
958 2880 1248 2932 humanam
1300 2887 1548 2931 naturam
1594 2880 1917 2948 suscipiens,
1970 2895 2075 2933 non

502 2984 589 3027 est
633 2973 773 3025 nuda
814 2972 1119 3026 humanitas
1150 2989 1162 3025 :
1192 2972 1300 3026 imo
1352 2986 1482 3026 vero
1548 2971 1765 3040 pr0pria
1822 2971 1988 3041 gloria
2024 2982 2080 3026 et

502 3065 789 3132 majestate
856 3073 1191 3133 assumptam
1245 3072 1493 3117 naturam
1546 3067 1836 3126 excedens,
1889 3064 2078 3118 incon-

503 3167 769 3219 cussaque
822 3167 884 3205 ac
935 3152 1157 3207 immota
1228 3152 1543 3222 persistens,
1596 3154 1793 3207 nullam
1856 3169 2079 3224 prorsus

2186 1972 2407 2041 Ἀληθὲς
2435 1972 2532 2041 μὲν
2553 1968 2866 2043 οῦν.”Αθρει
2885 1974 2949 2042 δὴ
2970 1968 3081 2037 οῦν,
3104 1966 3148 2026 ὦ
3172 1973 3479 2043 φιλόχριστε
3496 1972 3741 2041 βασιλεῦς

2174 2065 2320 2125 ὅπως
2347 2064 2403 2129 ἐξ
2430 2063 2745 2130 ἀναγκαίων
2772 2064 3280 2134 ἧδηοσυλλογισμῶν
3307 2063 3585 2134 μονονουχὶ
3617 2081 3742 2115 συν-

2174 2154 2460 2225 ωθοῦμεθα
2508 2156 2641 2225 πρός
2694 2172 2757 2225 γε
2803 2156 2863 2208 τὸ
2911 2156 3021 2209 δεῖν
3068 2156 3375 2225 ἐμφρόνως,
3403 2154 3478 2218 ὡς
3510 2153 3627 2223 Θεῷ
3662 2153 3743 2222 τῷ

2175 2247 2315 2300 κατᾶ
2364 2247 2545 2316 φύσιν,
2572 2250 2895 2318 προσκυνεῖν
2928 2247 3005 2316 τῷ
3038 2248 3101 2300 ὲκ
3146 2246 3278 2299 Θεοῦ
3319 2245 3535 2316 Πατρὸς
3585 2245 3740 2313 φύντι

2177 2341 2353 2410 Λόγῳ,
2385 2341 2477 2393 καὶ
2506 2341 2563 2393 ἐν
2596 2340 2672 2409 τῷ
2712 2340 2829 2393 καθ’
2857 2342 3007 2409 ἡμᾶς
3050 2339 3313 2409 πεφηνότι
3344 2340 3610 2408 σχήματι·
3642 2338 3743 2405 τῆς

2174 2431 2377 2499 ἀμφοῖν
2401 2430 2477 2492 είς
2505 2428 2730 2498 ἑνότητα
2755 2429 3059 2499 συνδρομῆς
3082 2428 3181 2482 οὐκ
3225 2428 3493 2490 ἁνικάνως
3515 2425 3743 2495 ἐχούσης

2176 2520 2312 2591 πρὸς
2355 2521 2415 2573 τὸ
2458 2520 2719 2587 ἀφανίσαι
2762 2519 2923 2589 τυχὸν
2958 2519 3018 2573 τὸ
3049 2520 3141 2573 καὶ
3169 2519 3279 2573 ἔσθ’
3310 2520 3397 2572 ὅτε
3436 2517 3635 2570 λυποῦν
3664 2519 3744 2578 είς

2178 2613 2345 2682 μόνης
2389 2613 2535 2683 ἡμᾶς
2579 2612 2996 2682 ἀνθρωπότητος
3046 2610 3315 2679 ὑποψίανο
3366 2608 3743 2680 προσλαΰοῦσα

2175 2704 2284 2774 γὰρ
2312 2709 2343 2773 ἠ
2378 2704 2471 2756 τοῦ
2514 2704 2686 2770 Λόγου
2719 2702 2882 2773 φύσις
2914 2703 2975 2756 τὸ
3003 2703 3358 2774 ἀνθρώπινον,
3398 2703 3497 2755 οὐκ
3536 2701 3743 2771 ἀνθρω-

2177 2793 2347 2863 πότης
2381 2792 2532 2845 ἔσται
2564 2793 2728 2863 ψιλή·
2771 2792 2975 2846 νικῶσα
3026 2793 3081 2845 δὲ
3133 2793 3331 2858 μᾶλλον
3376 2793 3482 2862 ἰδίᾳ
3524 2791 3648 2864 δόξῃ
3681 2790 3745 2843 τὸ

2178 2884 2544 2955 προσληφθέν,
2581 2887 2638 2937 ὲν
2664 2886 2943 2955 ἁκλονήτῳ
2977 2884 3207 2948 σώζεται
3234 2886 3460 2955 διαμονῇ
3500 2886 3595 2954 τῆς
3629 2883 3741 2936 θεο-

2179 2975 2423 3046 πρεποῦς
2457 2975 2753 3047 ὑπεροχῆς.
2783 2976 2967 3029 Ταῦτα
3016 2976 3340 3046 φρονοῦντες
3386 2978 3435 3029 oi
3487 2975 3743 3046 μαθηταὶ,

2180 3065 2546 3136 προσεκύνουν
2589 3066 2870 3134 λέγοντες·
2929 3087 2945 3117 ι
2971 3066 3207 3134 Ἀληθῶς
3248 3065 3382 3119 Θεοῦ
3426 3067 3551 3129 Υἱὸς
3604 3061 3685 3117 εἴ·
3721 3082 3741 3115 ι

2182 3157 2360 3211 καίτοι
2414 3156 2581 3225 βάδην
2626 3157 2771 3209 ἰόντα
2817 3156 3126 3226 βλέποντες,
3166 3157 3260 3210 καὶ
3307 3156 3366 3208 ὲν
3416 3155 3579 3229 σαρκὶ
3618 3153 3749 3207 καθ’

502 3243 702 3298 divina:
729 3244 871 3297 illius
889 3244 1222 3299 excellentiae
1267 3260 1426 3314 passa
1470 3254 1557 3300 est
1590 3244 1883 3312 iacturam.
1915 3230 2071 3314 Cujus

2182 3248 2330 3315 ἡμᾶς
2350 3263 2363 3276 ⁸
2408 3246 2494 3297 ἐπ’
2528 3246 2699 3315 ἄκρον
2730 3246 2835 3318 γὰρ
2878 3246 2941 3317 δὴ
2972 3247 3137 3299 διέθει
3166 3246 3411 3318 κύματος
3438 3245 3747 3316 παραδόξως

500 3334 720 3401 quidem
773 3334 845 3386 rei
879 3330 1079 3387 Christi
1118 3333 1364 3401 discipuli
1402 3350 1507 3387 non
1542 3334 1739 3402 ignari,
1767 3334 2068 3388 adorabunt

2175 3337 2249 3398 ὠς
2276 3334 2427 3398 Θεός.

503 3441 650 3489 eum,
700 3426 981 3481 dicentes:
1021 3445 1039 3476 ι
1079 3424 1213 3480 Vere
1283 3424 1451 3479 Filius
1500 3425 1592 3479 Dei
1653 3442 1711 3481 es
1751 3436 1803 3480 tu
1840 3429 1908 3492 ”,
1949 3447 1969 3480 ι
2012 3428 2113 3482 etsi
2193 3429 2342 3482 illum
2401 3430 2625 3497 pedibus
2676 3439 2917 3492 euntem,
2968 3440 3261 3501 nostroque
3319 3432 3478 3488 modo
3531 3447 3751 3502 corpore

503 3519 752 3572 indutum
816 3517 1131 3581 cernebant,
1159 3516 1301 3586 quod
1332 3515 1725 3571 admirabiliter
1753 3518 1805 3571 in
1848 3519 2078 3573 summis
2116 3518 2369 3573 ﬂuctibus
2394 3520 2726 3583 ambulabat,
2751 3521 2825 3572 ttti
2862 3520 3023 3574 Deus.

571 3610 686 3680 29
702 3607 915 3663 XXXII.
946 3606 1049 3661 Sed
1070 3606 1271 3676 aliquis
1295 3606 1435 3660 forte
1456 3607 1629 3672 exiis,
1652 3607 1742 3677 qui
1770 3609 1890 3663 huic
1916 3618 2077 3663 tantze

504 3705 689 3774 gloria!
735 3703 1107 3765 adversantur,
1168 3699 1309 3753 dicet
1349 3716 1362 3753 :
1399 3700 1594 3769 Ecquis
1648 3700 1735 3754 ille
1785 3710 1923 3764 erat,
1986 3699 2078 3770 qui

506 3795 719 3849 mulieri
774 3793 1129 3847 Samaritana:
1178 3790 1401 3843 aiebat:
1437 3809 1455 3843 ‹
1496 3789 1606 3845 Vos
1652 3791 1890 3845 adoratis
1936 3791 2079 3859 quod

504 3887 767 3944 nescitis:
802 3901 899 3939 nos
953 3892 1134 3937 autem
1182 3883 1473 3937 adoramus
1520 3882 1662 3950 quod
1716 3882 1918 3936 scimus
1946 3884 2003 3936 ’ἲ
2052 3902 2073 3937 ι

504 3978 786 4046 Quomodo
822 3991 951 4046 ergo
991 3982 1136 4029 recte
1166 3973 1443 4039 adoratur,
1477 3973 1569 4042 qui
1604 3975 1746 4028 inter
1788 3974 2079 4029 adorantes

502 4069 793 4125 censetur?
855 4068 934 4121 Ad
985 4067 1087 4121 hoc
1146 4064 1394 4134 equidem
1448 4064 1844 4133 responderim,
1897 4066 2075 4132 istud,

504 4163 635 4228 Quis
675 4161 762 4214 ille
791 4170 927 4226 erat,
962 4159 1027 4212 de
1055 4158 1268 4213 Christo
1308 4157 1499 4212 stolide
1530 4157 1752 4211 omnino
1783 4165 1945 4227 atque
1975 4158 2076 4211 im-

504 4256 676 4325 perite
710 4253 813 4308 dici
846 4268 859 4305 :
898 4251 1045 4306 nullo
1070 4252 1213 4305 enim
1253 4251 1410 4304 modo
1445 4249 1698 4304 Christus
1728 4250 1935 4305 divisus
1969 4258 2071 4306 est.

504 4349 684 4413 Quare
731 4346 822 4415 qui
862 4359 982 4399 cum
1021 4342 1333 4398 muliercula
1375 4342 1717 4411 loquebatur,
1752 4350 1868 4396 erat
1914 4358 2072 4409 unus,

503 4453 558 4494 et
590 4440 738 4493 solus
790 4437 1047 4491 Dominus
1098 4433 1253 4489 .lcsus
1305 4434 1574 4496 Christus,
1619 4450 1685 4487 ex
1738 4434 2075 4489 humanitate

2254 3609 2379 3663 AB'.
2426 3610 2572 3680 Ἑρεῖ
2611 3609 2667 3662 δὲ
2709 3609 2837 3672 ἴσως
2869 3612 2896 3662 ὁ
2931 3612 2995 3679 τῇ
3036 3610 3212 3680 τοιᾷδε
3255 3612 3380 3685 δόξῃ
3415 3614 3745 3686 μαχόμεν⁰ς’

2183 3699 2298 3754 Καὶ
2324 3699 2409 3761 τίς
2439 3694 2507 3771 ἧν
2540 3702 2568 3753 ὁ
2597 3700 2775 3768 λέγων
2808 3700 2944 3772 πρὸς
2971 3699 3070 3771 τὴν
3097 3704 3152 3754 ἐν
3178 3704 3460 3776 Σαμαρείᾳ
3490 3713 3746 3775 γυναῖκα·

2188 3808 2209 3841 ι
2267 3789 2457 3858 Ὑμεῖς
2489 3792 2844 3859 προσκυνεῖτε
2890 3790 2917 3843 ὃ
2948 3791 3046 3844 οὐκ
3083 3792 3283 3857 οἴδατε,
3328 3796 3487 3864 ἡμεῖς
3511 3813 3749 3869 προσκυ-

2181 3880 2381 3950 νοῦμεν
2408 3881 2435 3934 ὃ
2472 3883 2692 3951 οἴδαμεν
2718 3900 2732 3947 ;
2771 3902 2787 3931 ι
2826 3879 2960 3937 Είτα
2989 3883 3106 3968 πῶς
3137 3884 3285 3939 ἔσται
3316 3890 3690 3959 προσκυνητὸς
3718 3892 3747 3944 ὁ

2180 3976 2290 4035 τοῖς
2340 3973 2702 4042 προσκυνοῦσι
2766 3976 3224 4045 συντεταγμένος;
3280 3978 3421 4046 Ἐγὼ
3476 3980 3534 4034 δὲ
3586 3982 3748 4053 φαίην

2181 4064 2267 4127 ἂν,
2304 4065 2385 4117 ὅτι
2440 4067 2521 4130 τὸ,
2553 4066 2649 4127 Τίς
2696 4061 2800 4135 ἧν;
2832 4066 2969 4129 ὅλως
3024 4067 3115 4120 ἐπὶ
3160 4068 3397 4138 Χριστοῦ
3440 4071 3746 4143 λεγόμενον,

2181 4158 2457 4228 ἀσύφηλόν
2485 4176 2544 4211 τε
2577 4159 2673 4211 καὶ
2706 4160 2917 4229 ἀμαθές
2941 4176 2953 4189 ·
2992 4160 3315 4232 μεμέρισται
3345 4164 3453 4233 γὰρ
3481 4166 3744 4237 οὐδαμῶς.

2193 4248 2252 4299 '0
2281 4248 2336 4301 δὲ
2372 4247 2450 4316 τῷ
2482 4249 2687 4318 γυναίῳ
2718 4249 3052 4319 προσλαλῶν,
3081 4253 3109 4303 ὁ
3138 4248 3217 4314 εἷς
3236 4270 3294 4304 τε
3332 4254 3423 4306 καὶ
3450 4256 3607 4324 μόνος
3641 4257 3748 4309 Κύ-

2187 4356 2300 4409 ριος
2328 4335 2397 4409 ἦν
2437 4339 2644 4410 Ἰησοῦς
2683 4340 2936 4411 Χριστὸς,
2969 4344 3032 4393 ὲκ
3071 4341 3171 4412 τῆς
3213 4346 3623 4418 προσκυνούσης
3654 4348 3747 4400 ἀν-

2184 4430 2551 4501 θρωπότητος,
2602 4431 2694 4484 καὶ
2719 4435 2782 4484 ὲκ
2821 4433 2921 4501 τῆς
2963 4436 3441 4505 προσκυνουμένης
3481 4436 3747 4509 θεότητος,

502 4532 762 4584 adorante
791 4537 844 4583 et
871 4527 1139 4580 adoranda
1177 4525 1453 4579 divinitate
1478 4525 1822 4588 constitutus,
1852 4525 1978 4579 illud
2023 4527 2071 4579 in

2182 4523 2243 4575 τὸ
2282 4520 2420 4575 εἶναί
2459 4540 2516 4575 τε
2569 4524 2662 4575 καὶ
2702 4524 3061 4594 ὀνομάζεσθαι
3092 4526 3223 4589 Θεός
3251 4544 3311 4579 τε
3364 4528 3496 4597 ὁμοῦ
3536 4531 3629 4583 καὶ
3660 4531 3750 4585 ἇν-

502 4636 564 4676 se
617 4621 1000 4689 complectens,
1062 4617 1205 4671 unde
1259 4618 1399 4671 Deus
1449 4616 1606 4669 simul
1646 4624 1701 4670 et
1744 4617 1906 4670 homo
1949 4632 2076 4672 vere

504 4714 633 4779 dici,
666 4713 959 4782 haberique
987 4710 1154 4780 possit
1184 4726 1197 4762 :
1243 4708 1689 4776 quemadmodum
1725 4708 1978 4762 videlicet
2012 4709 2077 4762 de

500 4821 569 4857 eo
598 4804 751 4857 aliter
791 4804 970 4857 dicere
1011 4800 1131 4870 quis
1173 4810 1387 4868 potest;
1422 4808 1685 4867 quatenus
1733 4800 1875 4853 enim
1936 4800 2077 4854 Deus

503 4905 606 4958 est,
642 4895 753 4962 ipse
805 4893 1062 4947 Dominus
1111 4893 1294 4961 gloriae
1322 4893 1489 4946 ‘esse
1545 4891 1899 4957 intelligitur;
1944 4905 2078 4960 qua-

504 5000 661 5042 tenus
710 5002 835 5040 vero
864 4986 1040 5039 factus
1090 4994 1172 5039 est
1209 4984 1371 5038 homo
1397 4983 1486 5037 ille
1513 4984 1603 5052 qui
1656 4982 1748 5037 Dei
1799 4983 2075 5038 consortio

505 5077 924 5147 gloriﬁcabatur,
950 5076 1117 5146 gloria
1148 5076 1441 5145 indigebat,
1464 5075 1609 5143 juxta
1643 5074 1769 5127 illud
1799 5090 1812 5128 :
1846 5093 1865 5122 ι
1888 5073 2069 5137 Pater,

504 5168 741 5222 clariﬁca
791 5167 985 5220 Filium
1024 5175 1172 5219 tuum
1210 5164 1253 5218 ³.
1302 5183 1321 5215 ι
1376 5162 1489 5230 Nm,
1526 5164 1620 5218 sed
1666 5179 1803 5216 unus
1859 5163 2074 5217 interim

505 5258 796 5313 secundum
847 5256 1152 5325 Scripturas
1175 5266 1258 5310 est
1292 5254 1570 5318 Dominus,
1597 5270 1701 5307 una
1736 5253 1888 5318 fides,
1909 5269 2074 5307 unum

505 5353 771 5422 baptisma
807 5350 849 5406 ⁸.
921 5349 989 5404 Et
1038 5347 1487 5420 quemadmodum
1535 5361 1638 5400 una
1703 5356 1786 5401 est
1830 5346 1963 5401 ﬁdes
2021 5347 2072 5399 in

575 5508 621 5539 ’⁸
644 5506 822 5562 Galat.
851 5520 927 5573 tv,
953 5506 1008 5571 8,
1032 5504 1083 5559 9.
1160 5504 1206 5536 ”
1228 5502 1413 5559 Matth.
1441 5518 1549 5570 xw,
1582 5503 1670 5557 55.

1753 5501 1767 5531 ¹
1807 5501 1968 5555 Joun.
2008 5501 2199 5567 tv,2:’..

2184 4611 2416 4682 θρωπος,
2471 4612 2669 4681 ἀληθὲς
2699 4612 2835 4682 ἔχων
2881 4615 2967 4683 ἐφ’
3015 4614 3226 4685 ἑαυτῷ·
3277 4616 3527 4688 καθάπερ
3558 4619 3751 4689 ἀμέλει

2185 4704 2318 4775 φαίη
2355 4722 2437 4767 τις
2471 4704 2536 4757 ἂν
2572 4706 2667 4758 καὶ
2706 4706 2905 4774 ἑτέρως
2934 4707 3062 4777 περὶ
3091 4709 3280 4761 αὐτοῦ’
3379 4711 3475 4779 μὲν
3499 4712 3605 4782 γάρ
3638 4714 3751 4766 ἐστι

2184 4796 2335 4861 Θεὸς,
2376 4798 2532 4849 νοοῖτ’
2570 4795 2636 4850 ἂν
2663 4796 2925 4868 ὑπάρχων
2950 4798 3112 4861 αὐτὸς
3141 4800 3169 4852 ὁ
3214 4799 3313 4869 τῆς
3333 4800 3490 4871 δόξης
3516 4802 3717 4873 Κύριος
3735 4820 3749 4832 ·

2184 4883 2218 4962 ᾖ
2248 4888 2304 4939 δὲ
2332 4888 2553 4957 γέγονεν
2586 4890 2613 4941 ό
2642 4888 2781 4941 κατὰ
2822 4888 3037 4959 μέθεξιν
3068 4890 3166 4959 τὴν
3194 4891 3343 4961 παρὰ
3366 4892 3501 4945 Θεοῦ
3538 4893 3755 4957 δοξαζό-

2183 4997 2341 5049 μενος
2386 4981 2689 5051 ᾶνθρωπος,
2729 4981 2897 5033 ἐδεῖτο
2928 4982 3022 5035 καὶ
3054 4981 3233 5052 δόξης,
3260 4984 3431 5052 λέγων
3451 5002 3464 5015 ’
3495 5003 3513 5035 ι
3548 4986 3755 5058 Πάτερ,

2179 5069 2399 5135 δόξασόν
2424 5088 2514 5123 σου
2539 5071 2630 5124 τὸν
2650 5071 2793 5125 Υίόν.
2815 5090 2831 5123 ι
2854 5072 3015 5136 Ἀλλ’,
3040 5068 3162 5135 «Εἷς
3186 5074 3408 5145 Κύριος,
3428 5076 3525 5146 μία
3552 5077 3754 5142 πίστις,

2179 5161 2237 5213 ἓν
2255 5161 2556 5232 βάπτισμα,
2586 5182 2605 5214 ι
2627 5163 2766 5216 κατὰ
2794 5164 2854 5217 τὸ
2882 5165 3507 5238 γεγραμμένον.”Ωσπερ
3524 5164 3617 5221 οὖν
3639 5170 3757 5223 ἐστι

2186 5255 2283 5324 μία
2322 5254 2505 5318 πίστις
2533 5257 2565 5326 ἡ
2590 5257 2645 5307 ὲν
2669 5256 2889 5327 Χριστῷ
2915 5256 2957 5320 ι,
2994 5257 3087 5309 καὶ
3117 5258 3174 5310 ἓν
3204 5257 3418 5329 ἀληθῶς
3449 5260 3757 5331 βάπτισμα,

2181 5345 2358 5399 καίτοι
2399 5345 2808 5417 βαπτιζομένων
2847 5347 2941 5401 καὶ
2974 5349 3416 5403 πεπιστευκότων
3472 5351 3628 5421 ἡμῶν
3678 5353 3759 5416 εὶς

2280 5503 2299 5531 ²
2323 5500 2344 5554 ι
2372 5501 2495 5557 Cor.
2531 5518 2591 5567 ιι,
2622 5504 2675 5558 8.
2748 5504 2769 5535 ³
2798 5503 2954 5560 Joau.
2984 5521 3116 5573 xvu,
3157 5506 3210 5561 1.
3290 5507 3311 5539 ⁸
3341 5505 3539 5578 Ephes.
3572 5520 3649 5572 tv,
3673 5505 3731 5564 5.

1606 5662 1777 5718 Varia:
1812 5662 2075 5719 lectiones
2107 5662 2307 5719 codicis
2354 5662 2710 5733 Srgnicriaui.

590 5797 718 5863 ιιίς
752 5800 1003 5872 Χριστόν.
