4044 6332
299 391 425 450 1131

1253 393 1340 450 DE
1380 397 1611 454 RECTA
1646 396 1805 454 FIDE
1844 399 1934 451 Μ)
1973 399 2423 463 'I'llEODOSIII-M
2464 406 2596 466 IMP.

3419 415 3562 477 1182

297 517 537 585 Πατέρα,
571 516 664 567 καὶ
696 515 842 575 Υὶὸν,
879 514 971 566 καὶ
1016 514 1166 582 ἀγιον
1199 516 1456 586 Πνεῦμα·
1490 519 1629 572 κατά
1655 519 1746 570 τὸν
1776 519 1875 571 αύ-

1995 519 2286 590 Shristum,
2337 535 2392 580 et
2438 543 2603 585 uimm
2681 529 2807 583 item
2894 532 3182 601 baptisma,
3233 533 3446 590 etiamsi
3501 539 3558 594 in

295 609 408 669 τὸν,
439 603 614 677 οἶμαι,
654 607 854 676 τρόπον
892 622 952 657 τε
983 607 1076 659 καὶ
1100 606 1277 674 λόγον.
1319 607 1416 677 μία
1447 607 1873 678 προσκύνησιςὴ

299 698 530 768 Πατρὸς,
564 698 658 750 καὶ
688 697 1206 769 ὲνοινθρωπὴσαντος
1234 697 1384 763 Υξοῦ,
1416 701 1507 751 καὶ
1531 699 1686 767 ἁγίου
1715 699 1878 753 Πνεύ-

302 808 490 859 ματος.
551 789 952 858 Ἐξωσθὴσεται
1003 789 1111 860 γὰρ
1143 789 1380 860 οὐδαμοῦ
1424 791 1517 844 τοῦ
1558 796 1878 862 προσκυνεῖ-

303 880 428 932 σθαι
457 880 564 932 δεῖν
605 881 739 950 πρός
765 896 822 931 τε
853 879 1012 949 ἡμῶν
1037 879 1218 932 αὐτῶν
1256 881 1351 933 καὶ
1380 881 1488 933 τῶν
1518 883 1690 948 ἁγίων
1715 883 1877 950 ἀγ·ίέ-

301 972 408 1024 λων
434 974 460 1024 6
485 971 813 1042 Μονογενὴς,
848 973 895 1024 εἰ
921 972 1013 1024 καὶ
1039 972 1228 1039 γέγονε
1258 971 1414 1042 σὰρξ,
1446 975 1538 1025 καὶ
1568 975 1876 1044 ἐσκήνωσεν

302 1067 358 1117 ὲν
387 1066 536 1136 ἡμῖν,
565 1064 941 1136 κεχρημάτικέ
982 1081 1042 1117 τε
1073 1064 1418 1136 πρωτότοκος
1465 1065 1539 1127 ὡς
1573 1067 1629 1119 ὲν
1663 1067 1878 1130 πολλοῖς

303 1160 550 1227 ἀδελφοῖς
570 1173 584 1186 ·
617 1159 738 1211 ἐπεὶ
776 1159 860 1222 τίς
882 1157 948 1211 ἂν
982 1157 1067 1229 εἴη
1116 1158 1278 1211 πάλιν
1309 1159 1337 1211 ό
1367 1159 1465 1228 τῆς
1498 1160 1584 1210 ἐπ’
1615 1158 1762 1230 αὐτῷ
1789 1160 1879 1212 πί-

307 1270 475 1315 στεως
518 1252 709 1319 λόγος;
759 1251 885 1315 Πῶς
918 1246 1012 1305 οῦν
1043 1251 1144 1304 ούκ
1173 1251 1322 1316 ἀξιον
1373 1251 1533 1315 ξδεῖν;
1571 1251 1708 1305 Οὐδὲ
1747 1251 1876 1322 γὰρ,

304 1341 479 1414 οἶμαι,
509 1345 664 1411 φαῖεν
694 1340 780 1404 ἂν,
812 1340 972 1413 εἴπερ
1003 1358 1067 1412 γε
1103 1342 1308 1395 ἕλοιντο
1337 1345 1554 1410 φρονεῖν
1579 1343 1775 1412 ὀρθῶς,
1803 1343 1878 1406 ὡς

306 1431 400 1498 Εἰς
426 1434 584 1506 μόνον
612 1433 1056 1505 πεπιστεύκαμεν
1077 1433 1169 1487 τὸν
1191 1437 1255 1488 ὲκ
1273 1434 1422 1488 Θεοῦ
1457 1435 1671 1505 Πατρός
1705 1435 1881 1503 φύντα

305 1525 495 1593 Λόγον,
548 1524 988 1596 ἀπογυμνοῦντες
1031 1524 1194 1579 αὐτὸν
1221 1525 1321 1595 τῆς
1375 1527 1602 1598 σαρκός·
1652 1527 1762 1579 οὐδ’
1812 1526 1878 1582 αὖ

307 1621 482 1670 ἐκεῖνο
513 1620 833 1689 παρήσομεν
861 1620 1062 1671 εἰπεῖν·
1097 1617 1367 1684 λελέξεται
1399 1620 1540 1689 γάρ·
1575 1620 1636 1673 ού
1667 1619 1775 1690 γὰρ
1802 1623 1882 1685 εἰς

306 1714 401 1764 Eva.
429 1713 534 1765 τῶν
568 1711 689 1765 καθ’
715 1714 886 1783 ἡμᾶς,
913 1710 1034 1764 οὔτε
1056 1712 1162 1782 μὴν
1192 1714 1270 1774 εἰς
1297 1711 1584 1783 ἄνθρωπον
1607 1715 1638 1784 ἡ
1678 1715 1881 1779 πίστις,

307 1805 421 1857 ἀλλ’
454 1807 534 1868 εἰς
569 1805 700 1858 Θεὸν
745 1804 1046 1876 πράττεται
1092 1802 1185 1857 τὸν
1231 1804 1391 1874 φύσει
1426 1806 1521 1859 καὶ
1543 1805 1771 1875 ’ἀληθῶς
1823 1809 1882 1860 ἐν

1976 608 2218 678 Patrem,
2246 625 2299 669 et
2349 616 2564 686 Filium,
2590 629 2645 696 et
2675 619 2936 690 Spiritum
2968 634 3212 677 sanctum
3250 626 3560 694 credamus,

1976 711 2032 758 et
2062 705 2404 772 baptizemur
2431 727 2445 763 :
2481 711 2552 763 ita
2586 711 2763 778 plane,
2788 721 2845 765 ut
2871 728 2968 782 ego
3001 714 3260 779 arbitror,
3287 732 3390 770 una
3424 733 3560 787 quo-

1979 809 2086 865 que
2116 797 2316 862 Patris,
2356 809 2410 853 et
2449 801 2716 856 incarnati
2748 802 2895 867 Filii,
2927 813 2982 856 et
3015 803 3251 871 Spiritus
3278 809 3447 861 sancti
3480 817 3563 861 est

1977 889 2244 945 adoratio.
2304 888 2561 956 Quamvis
2629 895 2772 948 enim
2825 894 3148 964 Unigenitus
3199 914 3327 951 caro
3387 897 3564 953 factus

1979 980 2118 1034 inter
2165 996 2262 1035 nos
2319 983 2596 1048 habitarit,
2648 1001 2746 1040 nec
2805 1002 2907 1040 non
2974 987 3368 1058 primogenitns
3424 991 3566 1043 inter

1979 1074 2177 1129 multos
2241 1073 2438 1130 fratres
2486 1077 2783 1146 appellatus
2839 1081 2910 1134 sit
2943 1081 2999 1146 ⁵,
3044 1081 3145 1134 hoc
3194 1091 3371 1135 tamen
3431 1083 3566 1138 nihil

1979 1165 2221 1234 impedit,
2260 1168 2545 1236 quominus
2599 1185 2719 1224 cum
2751 1187 2781 1225 a
2807 1171 2984 1234 nobis,
3015 1181 3126 1225 tum
3159 1173 3224 1226 ab
3257 1174 3388 1243 ipsis
3432 1189 3566 1242 qun-

1979 1276 2084 1327 que
2135 1261 2340 1330 angelis
2383 1262 2596 1316 adorari
2642 1264 2856 1317 debeat.
2911 1263 3046 1319 Nam
3099 1280 3219 1334 quae
3285 1266 3388 1320 alia
3443 1265 3564 1319 fidei

1981 1353 2117 1406 ratio
2151 1352 2202 1406 in
2237 1358 2410 1421 ipsmn
2455 1361 2705 1407 constare
2733 1356 2953 1423 posset?
2981 1357 3266 1423 Quomodo
3289 1373 3416 1414 vero
3462 1359 3565 1414 hoc

1981 1445 2207 1514 qttmsitu
2246 1460 2348 1499 non
2382 1445 2648 1515 dignum?
2696 1447 2881 1516 Neque
2926 1449 3069 1504 enim
3104 1449 3183 1519 (si
3217 1453 3374 1504 modo
3421 1460 3566 1505 recte

1981 1551 2169 1603 sapere
2201 1537 2504 1608 voluerint)
2538 1537 2731 1594 dicturi
2761 1551 2910 1608 sunt,
2960 1543 3178 1612 opinor,
3213 1544 3356 1613 quod
3388 1543 3437 1596 iu
3473 1543 3565 1596 Dei

1982 1628 2158 1682 Patris
2214 1628 2445 1684 Verbum
2493 1629 2666 1685 solum
2732 1647 2896 1686 carne
2943 1645 3164 1688 exutum
3232 1639 3564 1689 credamus:

1983 1735 2158 1790 neque
2194 1720 2320 1774 illud
2348 1737 2571 1776 rursum
2603 1723 3020 1791 praeterihlmns,
3051 1741 3244 1794 nempe
3277 1727 3417 1795 quod
3460 1741 3565 1779 non

1985 1813 2037 1868 iu
2084 1829 2245 1866 unum
2279 1813 2511 1882 aliquem
2556 1815 2725 1869 nostri
2771 1815 3026 1880 similem,
3072 1827 3163 1871 aut
3197 1817 3250 1871 in
3290 1817 3564 1871 hominem
3598 1879 3602 1884 λ

308 1895 586 1967 προσώπῳ
636 1895 894 1967 Χριστοῦ.
942 1896 1276 1968 Συλλήψεται
1332 1897 1388 1950 δὲ
1421 1898 1498 1968 τῷ
1541 1897 1685 1969 λόγῳ
1729 1899 1824 1952 καὶ
1855 1901 1885 1952 6

1995 1903 2090 1958 fide
2130 1905 2432 1969 tendamus,
2465 1905 2558 1960 sed
2582 1905 2744 1974 quod,
2771 1907 2870 1962 sub
2895 1923 3122 1976 persona
3139 1908 3361 1973 Christi,
3391 1909 3441 1962 in
3476 1924 3568 1963 ve-

310 1989 472 2056 rro-{.6;
499 1987 727 2059 γράφων
757 1987 969 2052 Παῦλος
988 2005 1001 2018 ·
1043 2008 1061 2039 ι
1110 1991 1182 2042 Οὐ
1222 1989 1331 2061 γὰρ
1360 1990 1586 2054 ἑαυτοὺς
1615 1991 1885 2062 κηρύσσο-

312 2097 432 2149 μεν,
469 2081 601 2134 ἀλλά
626 2082 860 2152 Χριστὸν
901 2080 1108 2151 Ἰησοῦν
1146 2081 1350 2152 Κύριον
1376 2099 1391 2114 ·
1435 2083 1662 2146 ἑαυτοὺς
1692 2083 1746 2136 δὲ
1768 2084 1886 2138 δού-

307 2170 432 2233 λους
458 2169 612 2240 ὑμῶν
655 2170 742 2224 διὰ
783 2171 957 2241 Ἰησοῦ
990 2173 1253 2243 Χριστοῦ.
1279 2173 1399 2226 Ὅτι
1433 2173 1461 2224 6
1493 2173 1625 2237 Θεὸς
1664 2177 1690 2227 6
1717 2174 1885 2227 εἰπὼν

311 2265 374 2316 ὲκ
409 2265 631 2328 σκότους
653 2263 766 2333 φῶς
796 2265 1028 2337 λάμψαι,
1063 2266 1121 2330 ὃς
1142 2267 1382 2338 ἔλαμψεν
1405 2271 1463 2322 ὲν
1492 2271 1610 2332 ταῖς
1639 2269 1886 2341 καρδίαις

309 2353 487 2422 ἡμῶν,
523 2355 661 2425 πρὸς
683 2359 962 2426 φωτισμὸν
985 2359 1084 2428 τῆς
1110 2357 1366 2425 γνώσεως
1400 2359 1499 2428 τῆς
1521 2359 1680 2432 δόξης
1719 2359 1884 2414 αὑτοῦ

310 2450 369 2499 ἐν
409 2445 686 2520 προσώπῳ
733 2449 906 2520 Ἰησοῦ
951 2449 1208 2521 Χριστοῦ.
1255 2471 1272 2501 ›
1317 2451 1446 2505 Ἰδοὺ
1477 2452 1540 2522 δὴ
1590 2453 1778 2522 σαφῶς
1828 2471 1884 2510 τε

311 2538 407 2591 καὶ
435 2538 680 2610 ἐναργῶς
715 2542 744 2594 6
768 2542 1050 2612 φωτισμὸς
1081 2542 1179 2612 τῆς
1212 2541 1466 2610 γνώσεως
1489 2542 1582 2597 τοῦ
1624 2543 1760 2597 Θεοῦ
1794 2546 1888 2599 καὶ

313 2633 524 2705 Πατρὸς
553 2633 610 2686 ὲν
634 2633 909 2706 προσώπῳ
931 2634 1192 2704 διέλαμψε
1216 2634 1310 2688 τοῦ
1343 2633 1580 2706 Χριστοῦ
1604 2652 1617 2666 ·
1663 2637 1887 2709 τοιγάρ-

311 2743 391 2778 τοι
424 2726 517 2779 καὶ
545 2725 779 2794 ἔφασκεν
798 2743 812 2756 ·
846 2745 865 2778 ι
908 2727 966 2779 '0
990 2725 1246 2798 ἑωρακὼς
1281 2726 1401 2797 ἐμὲ,
1425 2727 1636 2799 ἑώρακε
1666 2729 1754 2782 τὸν
1779 2729 1889 2781 Πα-

312 2817 464 2887 τέρα.
497 2849 565 2858 -—
611 2817 751 2889 Ἐγὼ
779 2819 873 2874 καὶ
898 2821 925 2874 ὁ
954 2819 1141 2891 Πατὴρ
1168 2819 1227 2872 ἓν
1253 2820 1438 2891 ἐσμεν.
1487 2839 1506 2872 ι

384 3001 504 3054 Al".
539 3000 838 3073 Χαρακτὴρ
869 3000 926 3054 δὲ
967 3003 994 3053 6
1029 3001 1171 3066 θεῖος
1216 3002 1276 3055 ού
1313 3001 1644 3072 σωματικὸς,
1686 3000 1800 3054 ἀλλ’
1831 3002 1890 3054 ἐν

313 3095 539 3165 δυνάμει
583 3094 676 3147 καὶ
724 3094 848 3166 δόξῃ
891 3096 958 3164 τῇ
1005 3094 1470 3167 θεοπρεπεστάτῃ.
1521 3095 1691 3150 Τοῦτο
1737 3094 1793 3148 δὲ
1823 3090 1890 3166 ἦν

1988 2012 2105 2050 rum
2145 2007 2197 2051 et
2243 1997 2541 2052 naturalem
2593 1997 2787 2052 Deum.
2847 1999 2945 2054 Cui
2989 2009 3042 2055 et
3089 2001 3304 2069 sapiens
3354 2015 3569 2070 quoque

1987 2087 2185 2143 Paulus
2217 2089 2587 2158 patrocinatur
2615 2106 2628 2142 :
2661 2091 2849 2146 scribit
2879 2091 3022 2145 enim
3056 2106 3070 2145 :
3109 2111 3128 2142 ‹
3170 2091 3284 2146 Νοιι
3325 2103 3568 2146 nosmet-

1988 2178 2134 2247 ipsos
2181 2179 2556 2248 prmdicamus,
2603 2181 2696 2232 sed
2744 2177 2924 2255 Jesum
2960 2179 3238 2235 Christum
3271 2182 3568 2236 Dominum

1989 2280 2271 2335 nostrum;
2305 2286 2401 2324 nos
2433 2279 2611 2324 autem
2639 2286 2827 2328 servos
2848 2282 3060 2327 vestros
3090 2273 3401 2344 perJesum.
3436 2273 3575 2341 Quo-

1989 2363 2131 2415 niam
2161 2360 2301 2414 Deus
2325 2361 2416 2430 qui
2442 2362 2576 2416 dixit
2603 2362 2668 2416 de
2697 2364 2932 2418 tenebris
2966 2363 3137 2420 lucem
3169 2365 3571 2434 splendescere,

1989 2459 2102 2526 ipse
2161 2455 2336 2509 illuxit
2381 2456 2431 2508 in
2490 2455 2742 2512 cordibus
2792 2457 2990 2510 nostris
3021 2459 3086 2511 ad
3130 2458 3572 2514 illuminationem

1988 2547 2224 2602 scientia;
2263 2548 2529 2602 claritatis
2557 2547 2651 2601 Dei
2683 2552 2736 2602 in
2769 2548 2906 2602 faeie
2931 2549 3040 2619 30
3071 2550 3269 2604 Christi
3309 2549 3434 2604 Jesu
3460 2550 3504 2604 ⁸.
3547 2568 3567 2601 ι

1990 2639 2128 2694 Ecce
2173 2653 2357 2710 aperte
2413 2639 2792 2708 evidenterque
2840 2639 3162 2694 illuminatio
3207 2640 3450 2696 scientiae
3481 2640 3574 2695 Dei

1989 2729 2167 2786 Patris
2209 2733 2259 2785 in
2300 2747 2526 2800 persona
2577 2731 2778 2786 Christi
2820 2731 3040 2787 effulsit.
3108 2731 3259 2788 Unde
3305 2741 3357 2787 et
3411 2731 3574 2800 ipse:

2001 2845 2018 2876 ‹
2043 2825 2145 2892 Qui
2175 2827 2320 2879 videt
2355 2843 2461 2890 me,
2490 2827 2686 2896 inquit,
2719 2827 2864 2882 videt
2890 2835 2943 2880 et
2990 2824 3270 2881 Patrem'.
3294 2856 3362 2865 —
3391 2825 3501 2895 Ego
3523 2831 3581 2881 et

1992 2917 2158 2972 Pater
2194 2934 2355 2970 unum
2385 2933 2572 2972 sumus
2596 2919 2638 2972 ⁸.
2671 2938 2690 2970 ι

2062 3008 2300 3064 XXXIII.
2335 3010 2599 3064 Czcterutn
2629 3011 2843 3064 divinus
2889 3010 3176 3065 character
3206 3026 3309 3064 non
3341 3019 3424 3065 est
3456 3023 3579 3064 cor-

1991 3118 2205 3173 poreus,
2244 3103 2336 3156 sed
2391 3102 2442 3155 in
2494 3117 2702 3155 summa
2760 3103 2957 3155 virtute
3002 3113 3057 3154 et
3091 3102 3256 3170 gloria
3309 3117 3426 3170 qua:
3470 3101 3581 3155 Deo

316 3187 614 3258 ἀκραιφνὲς
651 3189 709 3241 ὲν
750 3188 990 3259 Χριστῷ.
1024 3188 1388 3260 Γνωρίξεσθαι
1419 3188 1475 3241 δὲ
1515 3189 1608 3241 καὶ
1646 3188 1735 3242 διὰ
1764 3189 1889 3242 τού-

1995 3193 2268 3257 convenit,
2297 3193 2523 3262 positus.
2571 3193 2695 3245 Erat
2728 3193 2772 3246 is
2801 3207 2962 3259 porro
2996 3192 3048 3244 in
3079 3192 3299 3246 Christo
3338 3191 3582 3261 apprime

316 3297 423 3332 των
449 3280 622 3349 ἠξίου,
655 3281 748 3334 καὶ
777 3281 864 3334 διὰ
907 3282 1008 3350 τῆς
1043 3281 1150 3334 τῶν
1180 3281 1478 3352 δρωμένων
1517 3281 1791 3353 ὑπεροχῆς
1815 3283 1894 3344 εἰς

317 3370 527 3432 ἐννοίας
569 3370 864 3442 ἀναφοιτᾷν
905 3371 1004 3434 τάς
1035 3372 1120 3424 ἐπ’
1160 3371 1308 3441 αὐτῷ
1342 3371 1468 3432 τοὺς
1512 3373 1896 3442 ἀκροωμένους

318 3463 496 3535 ἤθελε,
528 3463 1074 3535 κατασμικρυνούσης
1095 3465 1255 3518 αὐτὸν
1283 3465 1468 3536 ἡρέμα
1495 3465 1646 3535 παρά
1683 3483 1747 3533 γε
1784 3467 1896 3528 τοῖς

318 3558 600 3620 ἀσυνέτοις
628 3557 727 3626 τῆς
769 3556 1052 3626 όρωμένης
1103 3559 1324 3629 σαρκός.
1364 3576 1383 3607 ‹
1414 3558 1476 3610 El
1509 3558 1618 3628 γὰρ
1665 3559 1724 3610 ού
1757 3557 1898 3611 ποιῶ

318 3649 386 3702 τὰ.
416 3649 552 3720 ἔργα
596 3648 691 3702 τοῦ
726 3649 937 3720 Πατρός
985 3666 1108 3719 μου,
1141 3649 1294 3720 φησι,
1325 3648 1399 3720 μὴ
1449 3649 1735 3703 πιστεύετέ
1769 3666 1895 3720 μοι·

320 3745 367 3794 εἰ
399 3742 454 3794 δὲ
479 3741 637 3807 ποιῶ,
669 3741 770 3796 κᾶν
814 3741 937 3811 ἐμοὶ
966 3741 1040 3812 μὴ
1070 3740 1385 3812 πιστεύητε,
1415 3743 1525 3803 τοῖς
1564 3740 1745 3812 ἔργοις
1796 3758 1896 3810 μου

322 3835 664 3890 πιστεύσατε.
703 3856 721 3887 ι
754 3837 922 3890 Φάναι
948 3835 1002 3888 δὲ
1023 3831 1176 3906 οἶμαι
1206 3836 1366 3888 ταυτὶ
1387 3836 1447 3890 τὸ
1479 3836 1732 3907 τηνικάδε
1761 3837 1899 3907 Χρι-

323 3927 466 3991 στὸν,
525 3927 625 3981 οὐκ
660 3927 946 3991 ἀσυντελὲς
987 3929 1068 3989 εἰς
1117 3927 1304 3997 ὄνησιν
1352 3927 1529 3980 εἰδότα
1577 3927 1639 3980 τὸ
1689 3927 1896 3998 χρῆμα.

334 4020 552 4089 Ἐπειδὴ
579 4020 687 4090 γὰρ
730 4020 898 4090 ᾤοντο
937 4020 1069 4073 Θεὸν
1112 4020 1211 4090 μὲν
1253 4021 1355 4073 οὐκ
1393 4019 1532 4074 εἶναι
1564 4021 1704 4074 κατά
1739 4021 1899 4090 φύσιν

320 4112 412 4165 τὸν
466 4111 534 4164 δι’
572 4113 721 4182 ἡμᾶς
770 4111 1252 4183 ὲνηνθρωπηκότα,
1306 4111 1460 4181 ψιλὸν
1509 4111 1565 4165 δὲ
1617 4112 1900 4183 ἄνθρωπον

321 4204 510 4268 ἁπλῶς
540 4207 660 4259 καθ’
693 4207 860 4276 ἡμᾶς,
895 4207 1270 4277 ἀπαράδεκτον
1299 4205 1354 4259 δὲ
1387 4206 1474 4258 διὰ
1497 4204 1656 4259 τοῦτο
1682 4205 1783 4277 τὴν
1812 4206 1900 4259 ἐπ’

321 4296 472 4366 αὐτῷ
507 4297 690 4350 πίστιν
727 4297 1005 4350 ἐποιοῦντό
1044 4313 1189 4359 τινες
1210 4314 1224 4327 ·
1274 4297 1588 4366 ἀναγκαίως
1624 4296 1686 4350 τὺ
1715 4297 1899 4367 δεῖμα,

326 4391 418 4444 καὶ
466 4390 559 4443 τὸν
617 4390 712 4442 ἐπὶ
745 4388 954 4452 τούτοις
984 4389 1141 4442 ὄκνον
1187 4388 1642 4459 ὑποτεμνόμενος,
1689 4391 1754 4459 τῇ
1801 4390 1904 4460 τῆς

325 4481 578 4550 θεότητος
608 4479 769 4550 φύσει
789 4479 889 4550 τὴν
918 4478 1098 4531 πίστιν
1122 4479 1395 4542 ἀνατιθεὶς
1425 4477 1502 4542 ὡς
1533 4481 1592 4531 ὲν
1626 4478 1903 4550 προσώπῳ

1996 3294 2220 3340 exactus
2249 3293 2302 3338 et
2334 3285 2562 3338 lucidus.
2621 3281 2798 3336 Voluit
2828 3293 3008 3338 autem
3043 3298 3144 3337 non
3176 3298 3273 3351 per
3305 3285 3418 3337 hinc
3460 3292 3582 3336 tan-

1998 3385 2108 3430 tum
2169 3376 2309 3430 dicta
2368 3376 2738 3438 innotescere,
2785 3373 2879 3427 sed
2930 3389 3026 3444 per
3078 3389 3299 3442 operum
3367 3389 3583 3442 quoque

1997 3466 2369 3523 excellentiam
2425 3465 2643 3519 volebat
2686 3465 2961 3519 auditores
2999 3464 3067 3519 ad
3119 3465 3366 3518 nclitiam
3415 3463 3584 3532 ipsius

2001 3561 2404 3624 conscendere;
2443 3559 2486 3612 si
2534 3559 2749 3626 quidem
2793 3573 2992 3626 corpus
3040 3557 3182 3626 quod
3237 3557 3582 3616 cernebatur,

1997 3653 2374 3706 auctoritatem
2415 3649 2559 3704 illius
2584 3649 2728 3716 apud
2762 3647 3131 3718 imprudentes
3181 3648 3352 3717 magis
3386 3648 3585 3716 magis-

1998 3759 2102 3811 que
2145 3743 2372 3798 subinde
2415 3741 2710 3796 minuebat.
2765 3741 2856 3794 Ait
2895 3755 3024 3812 ergo
3060 3757 3074 3795 :
3122 3759 3140 3792 α
3171 3741 3227 3796 Si
3293 3758 3398 3795 non
3447 3741 3586 3796 facio

1999 3852 2160 3906 Opera
2195 3835 2375 3890 Patris
2437 3834 2564 3900 mei,
2614 3833 2780 3888 nolite
2826 3837 3090 3888 credere:
3119 3833 3164 3886 si
3204 3844 3382 3886 autem
3425 3832 3582 3898 facio,

2001 3929 2104 3983 etsi
2132 3927 2261 3982 mihi
2292 3943 2400 3981 non
2426 3927 2668 3990 creditis,
2702 3924 2960 3994 operibus
2988 3925 3197 3980 credite
3231 3927 3274 3982 ⁹.
3331 3945 3350 3976 ›
3380 3926 3453 3978 Ea
3486 3941 3586 3980 au-

2004 4031 2112 4075 tem
2148 4019 2427 4075 Christum
2461 4019 2661 4073 dixisse
2691 4017 2968 4084 existimo,
2994 4033 3115 4087 quae
3149 4027 3274 4072 tunc
3300 4017 3584 4072 utilitatem

2001 4113 2232 4167 allatura
2265 4121 2508 4166 noverat.
2554 4110 2689 4166 Nam
2738 4127 2860 4167 cum
2903 4110 3060 4182 vulgo
3093 4125 3410 4182 persuasum
3444 4119 3589 4166 esset

2003 4219 2147 4269 eum,
2167 4205 2258 4273 qui
2291 4205 2462 4258 nostri
2480 4219 2643 4259 causa
2671 4205 2834 4260 homo
2865 4203 3041 4260 faetus
3062 4215 3167 4270 est,
3200 4215 3392 4260 natura
3420 4204 3586 4260 Deum

2005 4312 2110 4351 non
2145 4311 2287 4362 esse,
2314 4298 2406 4351 sed
2430 4297 2701 4351 hominem
2747 4296 3068 4367 simpliciter
3095 4297 3253 4353 nobis
3275 4313 3370 4368 per
3406 4296 3586 4351 omnia

2005 4387 2258 4453 similem,
2290 4397 2346 4441 et
2373 4387 2442 4442 ob
2469 4388 2518 4441 id
2547 4387 2766 4458 quidam
2799 4388 2958 4442 fidem
2994 4389 3049 4442 in
3075 4388 3222 4443 illum
3255 4404 3360 4442 non
3392 4387 3589 4441 admit-

2007 4479 2220 4533 tendam
2267 4477 2599 4533 aflirmarent
2643 4496 2656 4532 :
2701 4478 2847 4534 omni
2899 4488 3074 4534 metus
3125 4479 3590 4547 cunctationisque

325 4571 558 4643 Πατρὸς,
585 4571 682 4623 καὶ
711 4570 830 4640 οὐχὶ
851 4572 916 4640 τῇ
948 4569 1070 4622 καθ’
1093 4570 1239 4640 ἡμᾶς
1263 4569 1705 4640 σμικροπρεπεία
1736 4586 1891 4640 προσ-

2005 4585 2164 4626 causa
2213 4571 2472 4638 praecisa,
2519 4569 2858 4640 Paternaque
2911 4587 3141 4642 persona
3196 4581 3443 4640 sumpta,
3479 4585 3588 4624 non

325 4666 542 4736 νέμων,
585 4664 862 4733 ἔφασκεν·
918 4682 937 4714 ι
988 4663 1046 4716 '0
1099 4661 1371 4717 πιστεύων
1416 4663 1498 4726 εἰς
1540 4661 1659 4732 ἐμὲ,
1695 4662 1756 4714 οὐ
1810 4680 1901 4715 πι-

328 4757 505 4812 στεύει
551 4759 630 4821 εἰς
669 4757 790 4828 ἐμὲ,
836 4756 974 4811 ἀλλά
1025 4757 1103 4820 εἰς
1130 4757 1220 4810 τὸν
1260 4755 1554 4827 πέμψαντά
1599 4771 1699 4826 με·
1749 4756 1842 4810 καὶ
1873 4758 1902 4809 ὁ

327 4849 550 4920 Θεωρῶν
577 4849 699 4920 ἐμὲ,
745 4849 940 4918 θεωρεί
993 4847 1084 4901 τὸν
1120 4846 1414 4918 πέμψαντά
1463 4862 1552 4916 με.
1586 4865 1604 4898 ι
1635 4842 1763 4918 'Ap‘
1807 4841 1901 4900 οὖν

325 4941 426 4995 ούκ
451 4943 564 4995 ἴσον
608 4943 816 4996 εἰπεῖν·
847 4938 917 4992 Ὦ
958 4939 1067 4993 τῶν
1107 4938 1256 5009 ἐμῶν
1301 4939 1561 5008 κατήκοοι
1600 4938 1792 5007 λόγων,
1825 4939 1902 5009 μὴ

330 5034 503 5105 μικρὰ
538 5035 630 5088 καὶ
653 5032 1003 5106 χαμαιρριφῆ
1032 5031 1102 5085 τά
1128 5032 1208 5095 εἰς
1235 5031 1334 5100 ἐμὲ
1368 5029 1617 5097 δοξάζετε
1637 5044 1651 5057 ·
1682 5029 1794 5083 ἴστε
1820 5030 1900 5094 δὲ,

325 5126 409 5178 ὅτι
435 5124 533 5195 τὴν
581 5125 661 5186 εὶς
700 5122 861 5176 αὑτὸν
909 5122 1012 5192 ἐμὲ
1057 5122 1117 5175 τὸ
1142 5120 1417 5191 ὁρώμενον
1441 5121 1500 5172 ὲν
1535 5119 1700 5191 σαρκὶ
1730 5137 1902 5190 προσ-

329 5214 530 5285 ιέμενοι
596 5214 819 5276 πίστιν,
864 5212 964 5264 οὐκ
1017 5212 1097 5274 εἰς
1137 5210 1423 5282 ἄνθρωπον
1473 5208 1656 5272 ἁπλῶς
1716 5208 1904 5261 ἔσεσθε

329 5306 774 5368 πεπιστευκότες,
808 5305 921 5357 ἀλλ’
967 5304 1046 5368 εἰς
1076 5302 1238 5356 αὑτὸν
1275 5303 1365 5355 τὸν
1406 5301 1624 5372 Πατέρα
1652 5301 1720 5354 δι’
1749 5301 1905 5370 ἐμοῦ,

328 5399 424 5452 τοῦ
448 5399 590 5454 κατά
611 5400 719 5452 πᾶν
742 5396 919 5451 ὁτιοῦν
961 5397 1090 5458 ἴσως
1111 5413 1170 5448 τε
1195 5395 1288 5448 καὶ
1313 5393 1748 5465 ἀπαραλλάκτως
1766 5393 1910 5463 ἔχον·

328 5506 420 5552 τος
445 5489 598 5553 Υἱοῦ,
635 5486 1011 5560 σαρκωθέντος
1060 5487 1160 5558 μὲν
1188 5486 1256 5540 δι’
1283 5485 1449 5555 ὑμᾶς,
1475 5485 1571 5538 καὶ
1595 5484 1825 5555 περίὸλη
1835 5502 1910 5554 μα

333 5579 746 5653 σμικροτερεπὲς
797 5579 1224 5647 οἰκειωσαμένου
1289 5577 1389 5646 τὴν
1463 5577 1858 5648 ἀνθρωπότητα
1887 5593 1901 5607 ’

333 5674 394 5729 τε
426 5690 489 5741 γε
525 5673 630 5744 μὴν
662 5671 877 5741 ἰσοιρυὲς
908 5688 966 5724 τε
993 5672 1085 5724 καὶ
1113 5669 1381 5740 ἱσουργὸν,
1414 5669 1506 5722 καὶ
1536 5671 1591 5721 ἐν
1619 5670 1907 5740 ταυτότητι

406 5833 429 5866 ⁸
454 5833 612 5891 Rom.
653 5853 764 5904 vni,
799 5837 884 5892 219.
955 5837 971 5864 "
1005 5835 1171 5892 ιυρτ.
1215 5851 1286 5901 ιγ,
1323 5836 1375 5901 ὃ,
1409 5839 1460 5890 ti.

2007 4663 2255 4718 humanm
2290 4661 2604 4731 abjectioni,
2642 4664 2736 4718 sed
2765 4663 2960 4718 divina:
2989 4671 3195 4718 naturae
3229 4664 3386 4716 fidem
3431 4663 3588 4716 attri-

2005 4753 2163 4819 buit;
2197 4754 2275 4809 ait
2317 4755 2460 4810 enim
2492 4769 2506 4808 :
2544 4774 2563 4806 ‹
2603 4753 2704 4821 Qui
2749 4755 2919 4810 credit
2947 4754 3000 4810 in
3028 4769 3135 4820 me,
3173 4769 3278 4808 non
3325 4747 3496 4808 credit
3537 4754 3589 4808 in

2007 4861 2112 4910 me,
2146 4845 2242 4900 sed
2270 4845 2324 4901 in
2353 4861 2476 4900 eum
2504 4847 2593 4915 qui
2629 4846 2779 4901 misit
2807 4862 2893 4902 me
2925 4865 2938 4901 :
2974 4856 3023 4901 et
3065 4847 3155 4916 qui
3186 4847 3330 4900 videt
3361 4862 3468 4910 me,
3511 4848 3593 4898 vi-

2009 4938 2098 4992 det
2137 4937 2379 5006 eumqui
2423 4938 2570 4991 misit
2595 4954 2683 4993 me
2708 4938 2771 4990 '°.
2829 4957 2848 4990 ι
2893 4937 3126 4994 Perinde
3166 4954 3229 4993 ac
3257 4939 3300 4992 si
3328 4939 3469 4993 dicat
3501 4957 3515 4992 :
3549 4937 3594 4992 Ο

2007 5028 2112 5082 viri
2155 5028 2246 5097 qui
2288 5042 2375 5082 me
2409 5026 2630 5092 auditis,
2679 5043 2749 5084 ne
2802 5044 2966 5098 parva
3010 5038 3065 5084 et
3115 5027 3338 5083 humilia
3385 5029 3452 5082 de
3507 5043 3594 5082 me

2011 5119 2305 5190 opinemini
2355 5136 2371 5176 :
2422 5118 2554 5190 quin
2623 5120 2674 5175 id
2750 5123 2933 5190 patius
3001 5120 3070 5177 de
3132 5137 3218 5176 me
3279 5135 3592 5190 persuasum

2013 5212 2167 5267 vobis
2197 5212 2472 5275 habetote,
2522 5227 2714 5282 nempe
2743 5213 2788 5268 si
2816 5215 2866 5267 in
2909 5229 2995 5269 me
3035 5229 3195 5285 quem
3240 5215 3291 5267 in
3320 5214 3425 5268 hoc
3470 5230 3596 5269 cor-

2014 5317 2146 5371 pore
2183 5302 2429 5364 cernitis.
2475 5302 2840 5370 credideritis,
2897 5321 3003 5358 non
3058 5305 3110 5358 in
3159 5320 3321 5358 unum
3361 5304 3594 5374 aliquem

2006 5409 2073 5447 ex
2101 5393 2283 5448 multis
2310 5393 2613 5449 credituros
2645 5410 2739 5448 vos
2764 5410 2905 5461 esse,
2939 5395 3031 5450 sed
3060 5397 3111 5449 in
3145 5396 3320 5464 ipsmn
3352 5395 3594 5458 Patrem,

2007 5502 2105 5557 per
2133 5501 2219 5542 me
2242 5485 2439 5542 Filium
2471 5503 2486 5540 :
2514 5489 2605 5557 qui
2650 5489 2780 5544 licet
2821 5490 2988 5545 vestri
3032 5504 3196 5544 causa
3243 5505 3371 5544 caro
3419 5489 3599 5544 factus

2008 5581 2133 5646 sim,
2180 5589 2235 5635 et
2279 5580 2438 5635 vilem
2501 5580 2662 5636 istam
2713 5583 2947 5637 hominis
2999 5581 3228 5637 formam
3287 5582 3596 5642 induerim,

2008 5671 2155 5726 Patri
2202 5682 2379 5726 tatncn
2423 5674 2645 5729 omnino
2679 5675 2926 5745 aequalis,
2956 5673 3211 5747 nullaque
3256 5673 3309 5728 iu
3341 5689 3398 5728 re
3429 5675 3500 5729 ab
3529 5687 3598 5729 eo

1533 5837 1551 5866 τ
1583 5831 1738 5890 Joan.
1779 5849 1889 5902 xw,

2034 5832 2051 5860 ³·
2082 5830 2237 5887 Joan.
2274 5849 2326 5901 λ,
2357 5833 2445 5889 50.
2516 5834 2536 5866 ’
2563 5834 2718 5892 Joau.
2761 5849 2815 5903 κ,
2841 5831 2931 5888 57.
2990 5833 3033 5866 ιθ
3067 5828 3337 5901 Joanxu,
3378 5831 3472 5902 Η,
3498 5830 3592 5889 15.
