4044 6332
494 354 633 409 1185
1523 346 1578 401 S.
1622 342 1886 399 CYllllLl
1930 338 2104 395 ALEX

2216 337 2394 393 nam
2436 336 2751 392 MlClllEP.
3650 324 3675 375 1
3702 319 3729 370 ι
3748 315 3839 367 34

492 468 757 531 divulsus,
794 473 887 520 aut
917 472 1199 533 separatus
1241 480 1380 528 smn,
1412 475 1596 533 utpote
1622 464 1815 517 eadem
1849 476 1954 529 qua
1982 459 2070 512 ille
2099 488 2110 514 λ

2215 456 2329 525 εξης
2367 453 2733 523 ἀδιαλώϐητον
2776 447 3053 510 nautam);
3106 445 3317 517 ἔχοντος
3373 443 3511 511 πρὸς
3556 440 3781 493 αὐτόν
3816 452 3838 499 ;

496 571 709 621 tmtura,
735 559 968 628 potentia
1000 575 1064 613 ac
1093 559 1260 629 gloria
1286 560 1567 628 przeditus.

569 648 808 703 XXXIV.
859 649 1272 703 Animadvertat
1316 649 1582 719 quispiam
1609 646 1715 700 alio
1752 646 1876 699 item
1915 645 2073 698 modo

497 743 657 795 fidem
712 742 763 794 iu
821 756 879 795 se
928 758 1270 811 nequaquam
1322 741 1607 812 rcpulisse,
1655 739 1867 793 etiamsi
1917 740 2075 791 homo

499 835 674 889 factus
694 847 870 901 esset;
904 836 995 889 sed
1027 837 1160 889 citra
1191 836 1349 889 ullam
1377 836 1597 888 omnino
1634 833 1952 895 sectionem,
1985 838 2077 883 aut

498 929 904 983 distinctionem
949 930 1003 981 in
1050 930 1320 998 pr0priam
1376 942 1660 996 personam
1708 925 1853 977 illam
1902 923 2076 977 admi-

501 1022 637 1073 sisse
669 1038 681 1073 :
715 1021 1149 1089 quandoquidem
1184 1035 1305 1073 cum
1333 1019 1400 1072 ab
1430 1028 1551 1073 ortu
1577 1032 1775 1071 cmcum
1809 1022 2075 1080 satiasset,

501 1121 556 1163 et
600 1111 754 1164 dulce
805 1111 904 1164 hoc
954 1110 1334 1180 insuetumque
1383 1111 1480 1180 ipsi
1529 1110 1706 1163 lumen
1762 1108 2078 1162 intuendum

504 1203 839 1271 praebuisset,
875 1203 925 1254 in
956 1219 1149 1271 magna
1184 1205 1379 1258 merito
1411 1203 1769 1257 admiratione
1800 1201 1940 1271 apud
1963 1215 2082 1254 om-

505 1308 601 1347 nes
628 1292 731 1361 31
755 1301 893 1348 erat.
924 1291 1121 1347 Verum
1149 1294 1215 1359 is,
1238 1295 1329 1363 qui
1372 1295 1561 1348 morbo
1590 1294 1852 1347 liberatus
1881 1292 2082 1356 fuerat,

507 1388 632 1438 dum
656 1402 684 1439 a
706 1383 904 1440 Judmis
932 1386 1374 1455 interrogaretur,
1399 1385 1666 1441 medicum
1713 1384 2082 1451 profitebatur.

509 1475 641 1529 Nam
682 1491 803 1528 cum
834 1474 1084 1530 Christus
1112 1476 1251 1531 forte
1288 1477 1339 1530 in
1370 1476 1515 1530 illum
1563 1474 1808 1529 incidens
1855 1488 2085 1542 percon-

512 1576 717 1620 taretur
761 1584 775 1620 :
824 1585 842 1617 ι
895 1567 1083 1621 Credis
1126 1568 1177 1621 in
1219 1568 1415 1623 Filium
1468 1567 1559 1621 Dei
1607 1567 1689 1619 “?
1753 1584 1771 1617 ι
1827 1565 1916 1619 ille
1960 1579 2090 1618 vero

509 1669 695 1712 eontra
736 1661 1162 1716 succlamasset:
1203 1680 1220 1713 ι
1267 1662 1399 1727 Quis
1442 1670 1546 1727 est,
1592 1660 1839 1725 Domine,
1873 1667 1930 1711 ut
1969 1673 2089 1712 cre—

511 1752 631 1801 dam
652 1751 701 1803 in
723 1765 844 1803 eum
863 1752 976 1804 ι’ἳ»
1000 1766 1313 1819 responsum
1337 1751 1456 1804 tulit
1472 1750 1731 1819 ejusmodi
1754 1773 1765 1805 :
1791 1769 1809 1801 ‹
1835 1748 2087 1803 Etvidisti

514 1857 659 1905 cum,
702 1854 755 1898 et
794 1843 883 1912 qui
914 1843 1151 1912 loquitur
1190 1853 1391 1907 tecum,
1419 1842 1510 1897 ille
1548 1852 1648 1897 est.
1690 1843 1761 1895 At
1805 1841 1894 1895 ille
1918 1841 2089 1895 dixit:

513 1933 716 1999 Credo,
754 1935 978 1989 Domine
1010 1953 1023 1989 :
1055 1943 1111 1988 et
1136 1935 1384 1989 adoravit
1409 1950 1531 1988 eum
1555 1935 1620 1987 ".
1662 1953 1684 1986 ι
1712 1935 1780 1988 At
1804 1934 1947 1987 enim
1973 1934 2094 2001 quis

518 2025 692 2079 nescit
745 2025 980 2103 divinam
1032 2025 1177 2079 illam
1231 2040 1645 2096 supremamque
1702 2037 1948 2080 naturam
1995 2027 2095 2080 sub

519 2125 796 2184 aspectum
827 2116 983 2185 plane
1013 2131 1120 2170 non
1153 2118 1345 2171 cadere
1371 2116 1392 2169 ?
1428 2136 1447 2168 ι
1479 2116 1643 2171 Deum
1685 2117 1853 2180 enim,
1881 2128 1937 2171 ut
1966 2118 2099 2171 seri-

521 2217 671 2275 ptum
693 2218 779 2261 est
805 2208 867 2271 “,
906 2222 1062 2261 nemo
1092 2208 1223 2261 vidit
1256 2223 1515 2276 unquam.
1555 2227 1573 2261 ι
1621 2209 1676 2261 Si
1704 2209 1868 2276 igitur
1907 2208 2098 2261 huma-

521 2298 747 2352 nitatem
777 2314 806 2351 a
837 2314 895 2353 se
923 2298 1234 2369 sejungens,
1261 2301 1414 2370 quasi
1442 2302 1493 2356 in
1524 2300 1618 2357 Dei
1650 2301 1878 2356 Verbum
1925 2302 2096 2355 solum

522 2405 588 2443 ac
610 2390 809 2443 nudum
841 2390 997 2444 fidem
1025 2392 1206 2460 exegit
1238 2410 1252 2446 :
1289 2408 1386 2446 cur
1414 2407 1559 2447 casco
1586 2393 1875 2447 sanitatem
1907 2393 2102 2460 adepto

2247 656 2363 708 ΛΝ⁸
2393 653 2570 707 Μὰθοι
2601 652 2645 704 δ’
2676 650 2740 703 ἄν
2774 666 2855 711 τις
2886 645 2981 699 καὶ
3013 644 3211 715 ἑτέρως
3245 640 3405 695 αὐτὸν
3440 638 3545 708 τὴν
3586 636 3841 688 πίστιν

2174 750 2234 802 οὗ
2272 747 2654 817 διωθούμενοι),
2687 743 2821 796 ἀλλὰ
2846 741 3017 811 τομῆς
3057 754 3200 800 τινος
3230 736 3352 804 δίχα
3375 733 3475 787 καὶ
3498 725 3841 817 διαφῡρᾷς

2177 838 2580 907 εἰσδεδεγμένον
2620 834 2787 903 αὐτὴν
2817 833 2889 895 ὡς
2920 833 2975 883 ἐν
3009 829 3123 898 ἰδίῳ
3150 825 3447 896 προσώπῳ,
3480 822 3583 874 καὶ
3616 821 3675 870 εξ
3714 816 3843 882 γέ-

2174 947 2330 999 γονεν
2354 929 2657 1000 ἄνθρωπος.
2678 926 2894 992 Ἐπειδὴ
2916 923 3024 993 γὰρ
3051 922 3143 975 τὸν
3181 922 3243 973 ὲκ
3271 917 3504 985 γενετῆς
3528 914 3669 966 ἰᾶτο
3704 926 3836 959 τν-

2180 1021 2331 1088 φλὸν,
2372 1021 2466 1072 καὶ
2514 1019 2576 1071 τὸ
2607 1017 2777 1086 γλυκὺ
2824 1016 2942 1086 μὲν,
2985 1012 3151 1083 ἄηθες
3205 1009 3248 1062 δ’
3295 1002 3387 1061 οὗν
3434 1003 3837 1073 ὲνεφύτευσε

2181 1111 2298 1180 φῶς
2329 1110 2497 1178 αὐτῷ,
2530 1108 2681 1178 παρὰ
2715 1107 2930 1160 πάντων
2969 1105 3192 1167 εἰκότως
3217 1098 3597 1169 ἐθαυμάζετο.
3642 1090 3836 1145 Ἀμλῖ

2181 1206 2209 1257 6
2236 1203 2335 1272 μὲν
2355 1203 2447 1255 τοῦ
2480 1200 2681 1264 πάθους
2703 1196 3139 1269 ἀπηλλαγμένος,
3168 1191 3318 1263 παρὰ
3344 1192 3459 1253 τοῖς
3490 1184 3840 1244 Ἰουδαῖοις

2184 1296 2451 1366 ἐκρίνετο,
2479 1294 2573 1346 καὶ
2601 1291 2870 1361 ὡμολόγει
2897 1289 2986 1341 τὸν
3025 1285 3227 1357 ἰατρόν*
3262 1282 3501 1353 Χριστὸς
3530 1279 3599 1332 δὲ
3638 1273 3837 1340 αὐτῷ

2186 1387 2521 1457 περιτυχών·
2545 1406 2562 1438 ι
2594 1386 2665 1437 Σὺ
2694 1383 2989 1448 πιστεύεις,
3010 1382 3267 1451 ἔφασκεν,
3294 1380 3373 1439 εἰς
3401 1375 3497 1428 τὸν
3522 1371 3671 1426 Υἱδν
3701 1366 3837 1421 τοῦ

2189 1478 2320 1531 Θεοῦ
2344 1496 2356 1543 ;
2380 1498 2397 1527 ι
2432 1477 2537 1530 Τοῦ
2566 1476 2621 1529 δὲ
2643 1518 2657 1541 ,
2692 1496 2709 1526 ι
2748 1476 2843 1538 Τίς
2873 1476 3009 1537 ἐστι,
3040 1472 3231 1542 Κύριε,
3258 1488 3277 1521 ›
3319 1462 3830 1532 διακεκραγὸτος,

2196 1590 2213 1620 ‹
2246 1570 2329 1622 ἵνα
2364 1567 2636 1621 πιστεύσω
2660 1568 2738 1629 εἰς
2769 1565 2929 1622 αἰπύν
2954 1584 2966 1631 ;
2994 1583 3011 1614 ›
3039 1562 3353 1630 ἁντεφώνει,
3386 1557 3596 1622 λέγων·
3634 1575 3652 1603 ε
3687 1550 3834 1603 Καὶ

2190 1661 2441 1732 ἑώρακας
2465 1660 2648 1721 αὐτὴν,
2681 1658 2821 1710 καὶὸ
2845 1656 3021 1709 λαλῶν
3050 1653 3187 1724 μετὰ
3220 1650 3336 1715 σοῦ,
3367 1649 3589 1709 ἐκεῖνος
3616 1649 3828 1697 ἐστιν.

2206 1753 2267 1805 '0
2281 1752 2335 1805 δὲ
2358 1752 2481 1822 ἔφη·
2505 1748 2772 1813 Πιστεύω,
2794 1748 2985 1818 Κύριε.
3002 1747 3112 1798 Καὶ
3135 1744 3547 1815 προσεκύνησεν
3580 1736 3773 1805 αύτῷ.
3792 1757 3820 1788 ο

2197 1845 2388 1899 Καίτοι
2423 1843 2538 1905 πῶς
2569 1843 2665 1912 ούχ
2699 1842 2869 1895 ἅπασι
2902 1838 3199 1909 συμφανὲς,
3234 1837 3307 1898 ὡς
3338 1835 3597 1894 ἄποπτος
3663 1845 3819 1882 παν.

2194 1937 2364 1999 τελῶς
2388 1939 2419 2006 ἡ
2450 1934 2566 1987 θεία
2591 1952 2649 1985 τε
2675 1934 2768 1986 κῖκῖ
2785 1932 3045 1985 ἀνωτάτω
3069 1929 3228 2000 φύσις
3251 1926 3438 1995 ;‹Θεὶν
3472 1926 3591 1993 γὰρ
3622 1924 3826 1981 οὖδεῖς

2196 2029 2407 2100 ἑώρακε
2450 2026 2692 2089 πώποτε,
2724 2046 2741 2075 ι
2768 2026 2907 2078 κατὰ
2939 2026 2997 2076 τὸ
3025 2021 3433 2093 γεγραμμένον.
3468 2020 3665 2086 Εἴπερ
3712 2011 3821 2067 οὖν

2197 2120 2408 2182 διιστὰς
2435 2117 2629 2173 ἑαυτοῦ
2656 2117 2716 2171 τὸ
2743 2116 3103 2186 ἀνθρώπινον,
3137 2115 3211 2177 ὡς
3241 2111 3373 2165 αὐτὸ
3394 2111 3459 2179 δὴ
3486 2109 3689 2169 τοῦτο,
3712 2105 3821 2159 καὶ

2201 2212 2457 2283 πεφηνὼς
2504 2216 2569 2265 ix
2597 2211 2731 2265 Θεοῦ
2764 2211 2977 2282 [ἰατρὸς
3008 2208 3178 2275 Λόγος
3205 2204 3431 2274 γυμνὸς,
3490 2200 3595 2253 καὶ
3646 2202 3819 2269 privs;

2200 2308 2354 2377 ἠξίου
2383 2306 2753 2360 πιστεύεσθαι·
2780 2306 2831 2358 τί
2858 2306 2931 2376 μὴ
2966 2303 3163 2374 μᾶλλον
3193 2301 3291 2371 τὴν
3316 2299 3410 2352 τοῦ
3441 2295 3590 2351 Θεοῦ
3642 2293 3816 2364 φύσιν

2203 2397 2762 2466 ἀναλογίζεσθαιδείν,
2784 2397 2903 2467 ἥτις
2928 2394 3057 2449 ποτέ
3084 2395 3220 2457 ἐστι,
3244 2391 3335 2444 τον
3357 2385 3415 2443 εὖ
3439 2388 3711 2441 παθόντα
3730 2385 3816 2437 δι-

524 2498 630 2536 non
680 2483 985 2552 imperavit,
1030 2500 1097 2539 ne
1138 2485 1189 2539 in
1237 2500 1313 2550 se,
1344 2488 1439 2540 sed
1483 2486 1535 2539 in
1576 2486 1809 2541 divinam
1852 2496 2099 2540 naturam

2215 2490 2505 2555 εκεὶεύετο,
2541 2488 2826 2559 παρέδειξε
2868 2488 2926 2539 δὲ
2966 2482 3318 2554 σωματικῶς,
3357 2480 3431 2543 ὡς
3474 2480 3578 2531 καὶ
3621 2477 3819 2536 αὖτῄ

529 2576 723 2626 mentis
782 2574 967 2629 oculos
1033 2574 1350 2643 conjiceret,
1403 2575 1497 2629 sed
1546 2575 1785 2645 seipsum
1842 2591 2103 2644 corporeo

2215 2584 2413 2654 Βμμασι
2466 2581 2909 2636 καταθεάσασθαι
2958 2589 2997 2616 ιη
3050 2575 3221 2647 παρόν
3252 2584 3308 2641 n;
3356 2574 3464 2642 ἔφη
3524 2571 3673 2639 γὰρ,
3732 2569 3818 2621 ὅτι

526 2666 801 2720 schemate
825 2666 1090 2731 indutum,
1117 2668 1357 2736 ipsisque
1393 2666 1566 2722 oculis
1595 2668 1897 2737 expositum
1923 2681 2105 2723 osten-

2215 2697 2231 2727 ι
2264 2677 2371 2730 Καὶ
2398 2675 2649 2745 ἑώρακας
2677 2673 2857 2739 αὑτὸν,
2891 2672 2984 2725 καὶ
3012 2674 3039 2725 6
3061 2669 3235 2723 λαλῶν
3265 2669 3402 2737 μετὰ
3442 2664 3568 2726 σοῦ,
3596 2661 3818 2722 ἐκεῖνος

528 2756 643 2810 dit?
683 2757 758 2809 ait
803 2758 946 2815 enim
982 2772 1060 2809 τ’(
1112 2759 1181 2813 Ει
1234 2759 1416 2813 vidisti
1460 2774 1604 2826 eum,
1646 2768 1699 2813 et
1738 2761 1830 2829 qui
1872 2759 2107 2829 loquitur

528 2858 706 2903 tecum
756 2852 871 2917 ipse
915 2860 1017 2904 est.
1055 2869 1074 2901 ι
1124 2851 1262 2905 Ecce
1308 2852 1528 2906 dubium
1571 2865 1691 2905 esse
1743 2860 1941 2920 potest,
1976 2853 2107 2920 quin

2126 1798 2165 1855 B

2211 2770 2377 2821 ἐστιν.
2415 2787 2433 2819 ι
2468 2768 2539 2819 ’Ἡ
2587 2766 2710 2836 ούχὶ
2755 2764 2853 2835 τὴν
2896 2764 3074 2832 σάρκα
3126 2757 3445 2830 παραδεῖξαι
3504 2758 3813 2824 φὴσομενς

2212 2857 2330 2912 εἶτα
2378 2859 2495 2921 πῶς
2522 2858 2684 2921 αὐτὸς
2716 2857 2781 2910 ἂν
2829 2856 2913 2925 εἴη
2945 2853 3185 2921 λοιπὸνὴ
3224 2848 3381 2922 σὰρξ,
3415 2849 3462 2899 εἰ
3498 2846 3579 2917 μὴ
3640 2847 3817 2896 νοοῖτο

530 2955 726 3009 corpus
759 2955 914 2993 suum
942 2956 1123 2994 coram
1157 2941 1483 2996 cernendum
1516 2942 1863 2997 exhibuerit?
1907 2946 1975 2997 At
2007 2961 2110 3013 quo

2215 2952 2332 3005 καθ’
2359 2952 2575 3014 ἕνωσιν,
2597 2949 2671 3012 ὼς
2700 2947 2861 3009 αὐτὸς
2881 2946 3141 3014 ὑπάρχων
3166 2942 3225 2995 τὸ
3250 2941 3381 2993 ἴδιον
3404 2938 3581 2992 αὑτοῦ
3604 2955 3621 2997 ;
3662 2935 3819 2987 Καθ-

535 3032 747 3083 tandem
794 3041 950 3098 pacto
987 3032 1097 3098 ipse
1132 3038 1213 3085 est
1252 3047 1408 3097 caro,
1441 3034 1539 3087 nisi
1575 3035 1624 3088 id
1655 3036 1828 3103 ipsum
1861 3051 1984 3090 esse
2026 3039 2109 3090 in-

2215 3041 2355 3110 ἁπερ
2398 3039 2595 3109 ἀμέλει
2642 3038 2736 3091 καὶ
2784 3035 2868 3105 ἐφ’
2906 3033 3063 3104 ἡμῶν
3093 3031 3285 3100 γένοιτ’
3323 3029 3387 3082 ἄν
3412 3045 3427 3059 ⁵
3457 3025 3821 3087 καταδεξξειε

535 3123 830 3190 telligatur,
861 3126 1002 3192 quod
1026 3125 1318 3179 secundum
1348 3126 1600 3180 unionem
1633 3126 1774 3181 illius
1802 3127 1998 3182 factum
2030 3138 2110 3182 est

2215 3133 2323 3203 γὰρ
2352 3131 2416 3184 ἄν
2444 3148 2525 3193 τις
2557 3130 2618 3181 ού
2666 3126 3104 3198 μεμερισμένως,
3149 3121 3268 3174 οὐδὲ
3306 3118 3520 3180 ἀτελῶς
3559 3119 3662 3169 τὸν
3699 3114 3819 3168 καθ’

536 3212 855 3280 proprium?
900 3210 1086 3266 Simile
1115 3213 1243 3281 quid
1285 3213 1338 3266 in
1385 3213 1538 3267 nobis
1576 3229 1793 3283 quoque
1832 3216 2110 3271 observare

2228 3225 2366 3293 ἡμᾶς
2398 3222 2704 3291 ἄνθρωπον,
2732 3216 2824 3270 τὸν
2847 3218 2911 3268 ὲκ
2938 3214 3112 3285 ψυχῆς
3150 3212 3215 3283 δὴ
3236 3210 3380 3263 λένω
3402 3212 3498 3263 καὶ
3532 3207 3819 3278 σώματκ,

539 3300 685 3355 licet.
731 3301 897 3357 Nemo
946 3303 1088 3355 enim
1136 3304 1410 3358 hominem
1455 3321 1520 3358 ex
1571 3307 1751 3358 anima
1798 3320 1853 3360 et
1893 3324 2110 3375 corpore

2222 3317 2314 3368 καὶ
2348 3314 2454 3367 ἀπο
2480 3312 2645 3383 μόνης
2678 3306 2841 3363 αὐτοῦ
2867 3307 2967 3377 τῆς
2992 3304 3220 3371 σαρκός.

539 3405 879 3448 coostantem
931 3396 1147 3450 divisim
1198 3412 1261 3451 ac
1309 3412 1374 3450 ex
1428 3406 1583 3466 parte
1643 3409 1919 3456 ostensum
1981 3404 2118 3471 vult,

540 3488 749 3542 etiamsi
774 3488 942 3541 solam
976 3500 1192 3542 carnem
1223 3489 1463 3559 designet
1490 3508 1504 3557 ;
1538 3491 1633 3545 sed
1665 3500 1856 3547 totum.

615 3577 833 3631 XXXV.
910 3578 1111 3632 Scribit
1155 3579 1255 3632 hac
1295 3580 1360 3633 de
1417 3595 1475 3633 re
1508 3580 1835 3650 evangelista
1886 3581 2125 3639 Joannes

544 3684 807 3739 quoque:
850 3689 869 3720 ‹
907 3669 1093 3733 Multa,
1129 3670 1223 3735 ait,
1272 3679 1327 3725 et
1366 3671 1471 3725 alia
1515 3671 1667 3741 signa
1712 3671 1840 3727 fecit
1878 3673 2040 3730 Jesus
2070 3677 2124 3732 in

546 3770 841 3828 conspectu
893 3761 1299 3831 discipulorum,
1336 3776 1458 3831 quae
1502 3780 1606 3818 non
1647 3776 1775 3820 sunt
1816 3769 2015 3837 scripta
2073 3771 2125 3824 in

549 3852 689 3907 libro
728 3853 858 3906 hoc.
916 3852 1043 3907 Haec
1102 3862 1284 3907 autem
1332 3856 1531 3924 scripta
1586 3865 1747 3924 sunt,
1797 3870 1861 3912 ut
1900 3862 2130 3916 credatis

549 3945 679 4012 quia
715 3944 873 3998 Jesus
900 3954 983 3998 est
1013 3945 1262 4000 Christus
1290 3945 1461 4000 Filius
1517 3946 1635 4013 Dei,
1666 3958 1721 4002 et
1751 3959 1810 4003 ut
1847 3954 2132 4007 credentes

553 4038 715 4089 vitam
747 4036 989 4090 habeatis
1019 4037 1074 4090 in
1114 4038 1330 4092 nomine
1355 4040 1557 4109 ejus”.
1588 4059 1605 4092 ι
1640 4040 1819 4111 Athue
1868 4044 2131 4100 admirari

552 4132 657 4185 hoc
689 4131 805 4184 loco
829 4139 885 4184 et
913 4131 1152 4185 divinum
1176 4146 1391 4200 quoque
1419 4131 1638 4203 Petrum
1666 4135 1790 4189 licet
1818 4150 1832 4188 :
1867 4135 1955 4192 hic
1987 4138 2131 4192 enim

551 4221 819 4290 intrepide
875 4222 1186 4292 diserthue
1214 4223 1433 4279 Iudaeos
1476 4226 1739 4295 ejusmodi
1773 4228 2018 4283 oratione
2049 4228 2133 4282 af-

556 4310 700 4364 fatur
731 4329 745 4366 :
786 4330 805 4361 ‹
846 4310 1121 4381 Principes
1154 4312 1357 4382 populi,
1392 4322 1447 4367 et
1473 4315 1741 4381 seniores,
1771 4321 1815 4371 si
1847 4333 1947 4373 nos
1976 4318 2136 4373 hodie

554 4401 917 4472 dijudicamur
967 4407 1019 4459 in
1072 4405 1357 4462 benefacta
1400 4407 1638 4487 hominis
1685 4412 1905 4477 infirmi,
1940 4413 1994 4467 in
2031 4429 2136 4481 quo

559 4496 661 4550 iste
692 4498 872 4551 salvus
913 4498 1086 4554 factus
1125 4511 1209 4557 est
1240 4518 1255 4553 :
1295 4512 1481 4557 notum
1514 4506 1586 4559 sit
1616 4506 1869 4561 ontnihus
1901 4508 2054 4563 vobis
2085 4518 2140 4563 et

556 4589 704 4641 onmi
735 4589 873 4657 plebi
908 4590 1090 4658 Israel,
1128 4595 1271 4663 quod
1298 4596 1351 4649 in
1390 4596 1610 4651 nomine
1636 4596 1761 4652 Jesu
1792 4598 1993 4654 Christi
2034 4598 2141 4654 Na-

559 4682 768 4749 zareni,
805 4698 967 4751 quem
1000 4700 1096 4741 vos
1123 4688 1494 4752 crucifixistis,
1526 4706 1688 4759 quem
1730 4691 1873 4745 Dens
1909 4695 2138 4747 suscita-

560 4774 640 4829 vit
673 4790 736 4829 ex
776 4778 1021 4844 mortuis,
1061 4777 1116 4831 in
1165 4778 1268 4833 hoc
1309 4781 1412 4834 iste
1454 4788 1594 4834 astat
1636 4796 1819 4836 coram
1864 4784 2015 4838 vobis
2048 4799 2139 4838 sa»

563 4882 669 4922 nus
694 4867 757 4922 ¹⁶.
794 4884 814 4920 ι
844 4869 906 4921 Et
927 4878 1047 4937 post
1070 4870 1170 4925 alia
1194 4887 1409 4925 rursum
1439 4891 1451 4926 :
1489 4891 1507 4923 ι
1540 4873 1607 4926 Ει
1639 4889 1744 4928 non
1773 4885 1853 4928 est
1880 4877 1933 4929 in
1957 4876 2138 4944 aliquo

565 4958 674 5013 alio
703 4960 869 5016 salus.
928 4963 1115 5032 Neque
1138 4966 1285 5019 enim
1321 4967 1464 5020 aliud
1503 4981 1696 5021 nomen
1730 4967 1836 5037 32
1866 4968 1965 5022 sub
2004 4968 2141 5023 caelo

568 5052 752 5104 datum
786 5062 870 5107 est
910 5054 1237 5123 hominibus,
1289 5060 1340 5112 in
1390 5075 1496 5127 quo
1530 5069 1778 5128 Oporteat
1820 5074 1916 5115 nos
1966 5060 2143 5115 salvos

573 5140 687 5195 lieri
722 5144 784 5196 ¹⁷.
849 5163 867 5194 θ
916 5144 1131 5214 Ecquis,
1176 5151 1421 5215 obsecro,
1450 5163 1533 5205 est
1582 5151 1669 5206 ille
1707 5153 1796 5221 qui
1829 5163 1884 5207 et
1915 5162 2141 5209 mortem

572 5232 757 5298 subiit,
790 5243 840 5288 et
872 5251 992 5290 cum
1024 5238 1295 5309 triumpho
1326 5258 1354 5294 a
1390 5243 1617 5297 mortuis
1642 5245 1928 5311 excitatus,
1956 5254 2011 5300 et
2040 5243 2145 5298 Na-

656 5406 696 5476 l'
723 5404 876 5460 Joan.
905 5425 981 5476 ιι,
1011 5410 1103 5466 9.5.
1173 5414 1215 5445 ¹²
1245 5414 1377 5469 ibid.
1404 5416 1494 5471 56.

584 5474 625 5507 Π
655 5417 876 5507 ἐξήειοηθῐτά
905 5425 981 5476 lx,
1011 5417 1103 5466 ‘25.
1173 5417 1215 5445 “
1245 5417 1377 5469 ibid.
1404 5417 1494 5471 56.
1597 5417 1641 5449 ²³
1669 5418 1800 5475 ibid.
1838 5418 1929 5482 57,
1974 5420 2068 5474 58.

653 5476 786 5533 ibid.
813 5479 896 5533 12.

2297 3587 2419 3640 AE'.
2448 3583 2699 3652 Γέγραφε
2727 3580 2787 3634 δέ
2819 3596 2923 3632 που
2968 3578 3062 3632 καὶ
3083 3579 3112 3631 6
3149 3575 3311 3646 σοφὸς
3350 3574 3487 3644 ἡμῖν
3529 3569 3824 3640 Ἰωάννης.

2228 3680 2312 3732 ὅτι
2346 3697 2366 3729 ί
2396 3674 2576 3731 Πολλὰ
2625 3675 2721 3745 μὲν
2749 3668 2842 3726 οὖν
2865 3672 2960 3726 καὶ
2992 3669 3125 3725 ἄλλα
3149 3670 3349 3738 σημεῖα
3370 3665 3641 3734 εποίησεν
3676 3661 3827 3731 611;-

2231 3772 2357 3834 σοῦς
2389 3768 2617 3821 ἐνώπιον
2662 3766 2770 3818 τῶν
2821 3761 3079 3834 μαθητῶν
3120 3759 3306 3821 αὐτοῦ,
3344 3757 3377 3810 ἆ
3414 3759 3517 3810 οὐκ
3564 3756 3690 3808 ἔστι
3734 3771 3827 3821 γε·

2230 3862 2524 3936 γραμμένα
2550 3862 2607 3913 ὲν
2637 3858 2713 3929 τῷ
2740 3857 2931 3927 βιὸλίῳ
2955 3856 3149 3925 τούτῳ.
3177 3852 3362 3907 Ταῦτα
3388 3850 3446 3902 δὲ
3470 3850 3823 3918 γέγραπται.

2233 3957 2321 4009 ἵνα
2352 3952 2703 4022 πιστεύσητε,
2729 3951 2812 4003 ὅτι
2852 3947 3060 4018 Ἰησοῦς
3106 3947 3253 3997 ἐστιν
3285 3944 3315 3995 6
3348 3941 3590 4012 Χριστὸς
3633 3940 3665 3991 ὁ
3703 3939 3827 4000 Υξδς

2231 4047 2326 4102 τοῦ
2368 4047 2505 4101 Θεοῦ
2530 4088 2545 4111 ,
2594 4045 2691 4098 καὶ
2736 4044 2823 4095 ἵνα
2865 4039 3217 4099 πιστεύοντες
3252 4035 3399 4100 ζωὴν
3446 4033 3613 4102 ἔχητε
3650 4035 3716 4084 ἐν
3754 4031 3827 4098 τῷ

2233 4141 2457 4209 ὀνόματι
2488 4136 2678 4192 αὐτοῦ.
2705 4155 2723 4187 ι
2753 4131 3140 4201 Κατατεθήποι
3170 4129 3215 4180 δ’
3247 4129 3310 4183 ἄν
3334 4143 3419 4188 τις
3451 4125 3513 4178 οὐ
3550 4127 3716 4195 μεῖον
3738 4122 3828 4175 καὶ

2234 4234 2326 4287 τὸν
2372 4230 2659 4285 θεσπέσιον
2706 4227 2935 4296 Πέτρον,
2982 4221 3257 4283 Ἰουδαίοις
3306 4216 3829 4289 προσπεφωνηκότα

2240 4324 2427 4394 σαφῶς
2468 4324 2562 4377 καὶ
2614 4318 2915 4390 ἀναφανδόν
2940 4335 2953 4347 ·
2990 4333 3011 4366 t
3054 4315 3351 4384 ’Ἄρχοντες
3385 4308 3479 4363 τοῦ
3531 4309 3675 4363 λαοῦ
3737 4308 3828 4360 καὶ

2240 4414 2621 4487 πρεσϐύτεροι,
2677 4412 2725 4463 εἰ
2775 4410 2937 4479 ἡμεῖς
2986 4407 3231 4476 σήμερον
3279 4400 3702 4473 ἀνακρινόμεθα
3746 4401 3827 4452 ἐπ’

2242 4506 2531 4578 εὐεργεσία
2574 4501 2860 4573 ἀνθρώπου
2908 4499 3187 4563 ἀσθενοῦς,
3212 4499 3270 4550 ὲν
3310 4496 3417 4549 τίνι
3446 4488 3607 4555 οὗτος
3656 4493 3830 4545 σέσω-

2242 4616 2397 4653 σται·
2437 4596 2676 4666 γνωστὸν
2708 4595 2848 4647 ἔστω
2893 4595 3059 4646 πᾶσιν
3092 4593 3243 4661 ὑμῖν,
3281 4589 3373 4643 καὶ
3409 4587 3576 4640 παντὶ
3596 4585 3689 4655 τῷ
3721 4583 3829 4655 λαῷ

2253 4691 2489 4762 Ἰσραὴλ,
2527 4690 2609 4742 ὅτι
2636 4691 2690 4741 ὲν
2716 4687 2791 4758 τῷ
2828 4687 3054 4756 ὀνόματι
3094 4680 3270 4753 Ἰησοῦ
3304 4678 3543 4751 Χριστοῦ
3566 4678 3672 4730 τοῦ
3718 4677 3801 4729 Na

2244 4784 2504 4855 ζωραέου,
2530 4781 2591 4833 ὃν
2626 4781 2782 4850 ὑμεῖς
2823 4777 3228 4847 ἐσταυρώσατε,
3256 4774 3313 4826 ὃν
3340 4772 3369 4823 6
3415 4769 3548 4831 Θεὸς
3598 4770 3830 4838 ἤγειρεν

2246 4877 2311 4929 ὲκ
2356 4872 2585 4943 νεκρῶν,
2638 4873 2696 4923 ἐν
2749 4869 2924 4937 τούτῳ
2968 4862 3122 4931 οὗτος
3183 4865 3526 4938 παρέστηκεν
3595 4860 3829 4912 ἐνώπιον

2244 4964 2399 5035 ὑμῶν
2424 4965 2636 5034 ὑγιής.»
2666 4962 2779 5015 Καὶ
2801 4961 2915 5031 μεθ’
2938 4961 3103 5031 ἕτερα
3132 4957 3294 5011 πάλιν
3317 4971 3331 4984 ·
3360 4973 3380 5005 ‹
3407 4953 3517 5005 Καὶ
3544 4953 3653 5005 οὐκ
3686 4951 3829 5003 ἐστιν

2245 5061 2301 5111 ἐν
2332 5058 2477 5128 ἄλλῳ
2507 5055 2685 5110 οὐδενὶ
2710 5058 2742 5125 ἡ
2789 5052 3031 5124 σωτηρία
3057 5067 3073 5083 ·
3106 5050 3226 5103 οὐδὲ
3272 5047 3381 5119 γὰρ
3410 5046 3605 5116 ἕτερον
3660 5043 3831 5114 ὄνομά

2244 5150 2393 5201 ἐστιν
2417 5148 2522 5201 ὑπὸ
2550 5148 2640 5200 τὸν
2668 5144 2896 5217 οὐρανὸν
2918 5144 2977 5195 τὸ
3007 5141 3290 5211 δεδομένον
3324 5140 3381 5191 ἐν
3406 5133 3747 5207 ἀνθρώποις,
3776 5138 3830 5187 ἐν

2245 5235 2292 5313 ᾧ
2326 5243 2406 5296 δεῖ
2440 5242 2679 5313 σωθῆναι
2704 5242 2871 5311 ἡμᾶς.
2913 5256 2932 5290 ι
2966 5237 3062 5299 Τίς
3095 5233 3187 5289 οὖν
3225 5234 3333 5306 ἄρα
3372 5232 3521 5286 ἐστὶν
3558 5233 3589 5284 ὀ
3614 5231 3715 5284 καὶ
3744 5228 3832 5283 θά-

2153 5420 2198 5452 “
2234 5419 2391 5475 Joau.
2420 5434 2459 5486 ι,
2500 5418 2590 5473 18.
2657 5417 2702 5449 ⁸⁵
2744 5414 2901 5472 Joan.
2933 5430 3026 5483 xx,
3053 5412 3147 5483 50,
3173 5411 3263 5468 51.
3335 5408 3382 5443 ³⁸
3407 5407 3529 5465 Act.
3562 5421 3639 5473 tv,
3682 5403 3829 5460 8-10.

1685 5645 1860 5702 Vat-iac
1896 5647 2150 5706 lectiones
2193 5647 2401 5706 codicis
2432 5644 2788 5719 Seguieriani.

657 5784 701 5817 ω
730 5774 1096 5830 καταθεᾶσθαι
1126 5773 1333 5845 παρών.
1410 5784 1438 5815 ιι
1473 5780 1731 5849 παρόντα.
