4044 6332
233 409 372 464 1185

1188 404 1276 460 DE
1315 404 1538 460 RECTA
1579 406 1736 461 FIDE
1776 405 1875 461 AD
1908 405 2356 463 THEODOSIUM
2398 407 2532 463 IMP.

3350 401 3491 458 1:86

228 540 390 577 νατον
424 520 644 583 ὑποδὺς,
683 522 775 574 καὶ
812 519 1180 590 ἐγηγερμένος
1221 523 1278 573 ἐν
1316 520 1461 593 δέξῃ,
1490 522 1584 575 καὶ
1612 523 1808 577 ὲκΝαρ

1923 540 2143 582 zarenue
2200 524 2496 594 appellatus
2535 523 2655 592 fuit,
2704 523 2806 579 nisi
2856 523 3105 579 Christus
3153 520 3330 589 lesus,
3386 521 3490 573 hoc

230 614 420 683 ζαρὲτ,
453 614 504 665 ei
531 614 606 682 μὴ
630 612 866 682 Χριστὸς
906 613 1128 683 Ἰησοῦς,
1171 614 1445 666 τουτέστιν
1474 616 1502 668 6
1534 615 1647 684 πρὸ
1671 633 1806 669 παν-

232 706 324 768 τὸς
346 706 456 776 ,μὲν
491 705 685 767 αἰῶνος
715 705 778 757 ὲκ
801 706 935 757 Θεοῦ
965 706 1175 777 Harpe;
1197 708 1524 778 ἀπορρήτως
1549 726 1810 779 γεγεννη-

237 799 419 868 μένος,
456 799 513 849 ἐν
541 797 597 849 δέ
624 814 687 864 γε
718 796 795 866 τῷ
827 797 1024 868 λοίσθῳ
1065 800 1158 851 καὶ
1186 800 1266 862 είς
1293 798 1464 869 πέρας
1500 801 1684 871 ἥκοντι
1714 800 1808 854 τοῦ

234 890 431 951 αἰῶνος
474 889 672 960 καιρῷ,
701 891 794 942 καὶ
842 892 1165 960 σωματικῶς
1200 894 1261 946 ἐκ
1296 894 1585 962 γυναικός;
1622 896 1683 946 ὐ
1717 895 1809 947 πί·-

237 998 355 1032 στιν
391 976 485 1033 οὖν
515 980 620 1051 ἄρα
649 980 747 1051 τὴν
794 982 930 1052 πρὸς
971 983 1135 1035 αύτὶν
1168 994 1191 1017 υ
1228 986 1607 1055 προσιέμενος,
1639 988 1811 1056 γέρας

234 1071 529 1123 ἀποίσεται
574 1074 637 1123 τὸ
700 1071 1008 1137 ἐξαίρετον·
1059 1074 1475 1149 βιακεκλήσεται
1528 1077 1635 1146 γὰρ
1696 1078 1811 1141 υίὸς

236 1163 394 1217 Θεοῦ.
434 1183 452 1214 ι
490 1164 644 1216 Ὅσοι
682 1163 789 1234 γὰρ
821 1164 1011 1217 ἔλαϐον
1048 1168 1233 1229 αὐτὸν,
1272 1168 1467 1221 ἔδωκεν
1507 1172 1690 1232 αὐτοῖς
1728 1171 1811 1235 ἐξ·

236 1255 426 1307 ουσίαν
461 1254 626 1308 τέκνα
656 1255 791 1307 Θεοῦ
825 1256 1099 1324 γενέσθαι,
1133 1262 1243 1321 τοῖς
1272 1260 1615 1313 πιστεύουσιν
1640 1265 1717 1323 εἰς
1752 1263 1813 1315 τὸ

237 1347 410 1416 Ι5νομα
436 1346 600 1401 αὑτοῦ
628 1365 641 1379 ο
670 1348 719 1399 οἳ
753 1348 852 1402 οὐκ
876 1350 935 1416 ἐξ
961 1352 1226 1419 αἱμάτων,
1262 1352 1380 1405 οὐδὲ
1418 1356 1482 1406 ὲκ
1511 1355 1813 1424 θελήματος

240 1437 461 1507 σαρκὸς,
513 1438 634 1491 οὐδὲ
677 1439 742 1491 ἐκ
792 1438 1095 1510 θελήματος
1145 1443 1354 1515 ἀνδρὸς,
1412 1446 1526 1497 ἀλλ’
1561 1449 1624 1499 ἐκ
1677 1447 1811 1500 Θεοῦ

238 1527 623 1598 ἐγεννήθησαν.
662 1547 684 1579 ι
724 1529 843 1583 Ἵνα
874 1532 983 1601 γὰρ
1019 1533 1243 1605 γένηται
1287 1537 1584 1605 πρωτεύων
1615 1541 1673 1591 ἐν
1706 1542 1811 1592 πᾶ-

240 1637 325 1669 σιν
359 1620 540 1682 αὐτὸς,
598 1621 740 1674 καθὰ
791 1622 1121 1692 γέγραπται,
1170 1644 1187 1676 ι
1234 1626 1559 1700 γεγέννηται
1614 1630 1713 1700 μὲν
1748 1633 1813 1685 ἐκ

238 1711 523 1777 γυναικός.
564 1731 583 1762 ι

309 1803 451 1868 AC7.
492 1804 707 1873 Ἐπειδὴ
743 1803 799 1856 δέ
831 1806 980 1858 ἐστιν
1010 1807 1230 1879 ἀπαρχὴ
1264 1809 1365 1879 τῆς
1390 1811 1806 1885 ἁναμορφουμέ-

239 1911 338 1961 νης
367 1894 597 1956 κτίσεως
618 1895 685 1947 δι’
715 1897 987 1967 ἁγιασμοῦ
1014 1900 1150 1969 πρὸς
1176 1902 1330 1966 Θεὸν,
1360 1906 1454 1957 καὶ
1482 1908 1589 1977 πρό
1614 1925 1678 1976 γε
1702 1910 1811 1962 τῶν

241 1984 417 2036 ἄλλων
451 1986 614 2048 αὐτὸς
658 1988 911 2055 γεννητὸς
957 1990 1171 2063 ἐδείχθη
1232 1995 1296 2047 ὲκ
1329 1996 1663 2071 Πνεύματος,
1715 2001 1813 2071 τὴν

240 2076 436 2146 ἀνδρὸς
465 2094 523 2129 τε
558 2079 651 2131 καὶ
697 2081 952 2147 γυναικὸς
979 2082 1040 2134 ού
1082 2086 1390 2156 περιμένων
1441 2090 1677 2153 σύνοδον,
1721 2096 1814 2147 καὶ

242 2168 343 2219 οὐκ
377 2169 572 2238 ἀτιμίᾳ
605 2170 700 2222 καὶ
731 2170 907 2242 μώμῳ
955 2175 1333 2240 καταδικάςων
1374 2181 1471 2253 τὴν
1506 2183 1669 2251 φύσιν
1713 2187 1816 2254 (τί-

245 2277 367 2329 μιος
393 2266 500 2332 γὰρ
520 2264 547 2314 ὀ
577 2263 773 2332 γάμος,
804 2266 897 2318 καὶ
933 2284 952 2316 ι
981 2268 1007 2318 6
1043 2268 1256 2333 πλάσας
1293 2272 1387 2324 ἀπ’
1416 2274 1610 2345 ἀρχῆς,
1649 2276 1816 2347 ἄρσεν

242 2350 339 2403 καὶ
376 2352 511 2421 Θῆλυ
564 2354 821 2424 ἐποίησεν
850 2356 1093 2429 αὐτοὺς),
1128 2357 1262 2415 ἀλλὰ
1298 2362 1375 2433 τῷ
1426 2365 1633 2434 μείζονι
1663 2378 1689 2417 P
1723 2370 1817 2422 καὶ

242 2444 591 2513 ἀσυγκρίτως
641 2445 1021 2517 ὑπερκειμένῳ
1078 2451 1402 2522 προσνέμων
1451 2456 1549 2525 ήδη
1603 2474 1719 2522 πως
1749 2460 1820 2513 τὰ

243 2531 592 2600 ἀνθρώπινα·
628 2535 921 2604 γεννητοὺς
960 2536 1068 2606 γὰρ
1104 2537 1439 2608 Πνεύματος,
1470 2542 1569 2594 οὐκ
1608 2545 1819 2616 ἀνδρῶν

244 2625 390 2691 ἡμᾶς
434 2624 514 2675 ἔτι
564 2624 922 2693 χρηματίζειν
966 2626 1142 2697 ἤθελε.
1178 2630 1287 2682 Καὶ
1326 2630 1474 2698 γοῦν,
1525 2650 1547 2684 ι
1574 2634 1818 2705 Πατέρα,

244 2714 402 2783 φησὶ,
434 2714 509 2785 μὴ
534 2714 801 2784 καλέσητε
827 2717 979 2787 ὑμῶν
1009 2719 1102 2772 ἐπὶ
1141 2719 1239 2788 τῆς
1280 2722 1409 2792 γῆς⁸
1443 2718 1525 2787 εἷς
1545 2726 1650 2795 γάρ
1673 2728 1821 2780 ἐστιν

250 2806 281 2855 6
306 2804 492 2875 Πατὴρ
536 2805 690 2875 ὑμῶν
716 2808 744 2857 6
775 2807 1043 2877 οὐράνιος,
1077 2810 1276 2872 πάντες
1318 2812 1375 2865 δὲ
1410 2813 1565 2883 ὑμεῖς
1609 2817 1821 2885 ἀδελφοί

254 2897 396 2948 ἐστε.
432 2914 451 2947 ι
490 2897 697 2950 Οὐκοῦν
726 2898 1025 2969 ἀμώμητον
1058 2903 1335 2966 παντελῶς
1356 2904 1417 2957 τὸ
1440 2907 1717 2961 πιστεύειν
1742 2912 1823 2973 εἰς

254 2991 436 3052 αὐτὸν,
482 2992 680 3060 μᾶλλον
709 2991 765 3044 δὲ
792 2994 884 3047 καὶ
915 2997 981 3064 τῇ
1005 2994 1115 3047 τῶν
1137 2995 1624 3069 πλημμελημάτων
1648 3002 1825 3073 ἀμνη-

1909 626 2012 683 est,
2069 633 2205 672 unus
2249 619 2353 681 ille,
2403 619 2493 687 qui
2548 617 2915 685 inexplicabili
2954 615 3124 670 modo
3160 624 3290 669 ante
3328 627 3491 668 omne

1909 724 2081 763 :evum
2112 725 2176 763 ex
2204 710 2314 763 Dee
2347 708 2504 763 Patre
2530 709 2765 777 genitus,
2796 707 2985 761 ultimo
3015 707 3117 760 hoc
3146 716 3200 759 et
3229 705 3293 758 ad
3327 705 3491 757 linem

1905 799 2017 868 jam
2046 800 2364 854 decurrente
2397 799 2575 853 saeculi
2609 807 2849 865 tempore
2892 797 3250 867 corporaliter
3278 811 3493 865 quoque

1910 908 1977 946 ex
2026 893 2251 947 muliere
2305 901 2462 948 natus
2512 891 2640 945 est?
2682 889 2835 944 Unde
2893 891 2986 960 qui
3045 890 3201 942 lidem
3234 889 3288 942 in
3317 889 3491 957 ipsum

1912 983 2224 1052 complexus
2253 985 2431 1050 fuerit,
2463 984 2714 1037 eximiam
2741 984 2864 1037 inde
2899 981 3200 1035 mercedem
3230 980 3491 1047 gloriam-

1913 1090 2018 1144 que
2058 1076 2352 1144 reportabit
2383 1090 2398 1125 :
2432 1074 2709 1128 vocabitur
2754 1087 2985 1141 namque
3026 1071 3194 1127 Filius
3224 1071 3337 1125 Dei.
3400 1068 3494 1124 Est

1912 1169 2054 1221 enim
2082 1167 2219 1235 apud
2249 1180 2494 1221 sanctum
2524 1166 2786 1220 Joannem
2822 1182 2837 1219 :
2872 1182 2894 1215 ο
2923 1164 3194 1231 Quotquot
3219 1164 3363 1215 enim
3407 1175 3493 1213 re‘

1913 1270 2174 1329 ceperunt
2202 1261 2371 1325 illum,
2402 1260 2552 1313 dedit
2586 1260 2690 1313 illis
2724 1267 3042 1325 potestatem
3074 1255 3212 1309 filios
3239 1254 3333 1308 Dei
3355 1253 3492 1316 fieri,

1915 1353 1997 1406 his
2034 1352 2123 1421 qui
2165 1354 2393 1407 credunt
2433 1356 2487 1405 in
2521 1353 2738 1405 nomine
2789 1353 2945 1418 ejus;
2983 1348 3072 1414 qui
3118 1363 3222 1401 non
3254 1362 3319 1400 ex
3369 1361 3495 1400 san-

1913 1447 2184 1515 guinibus,
2226 1460 2399 1513 neque
2425 1460 2491 1499 ex
2529 1445 2804 1497 voluntate
2848 1442 3045 1506 carnis,
3103 1454 3276 1510 neque
3304 1453 3367 1492 ex
3399 1452 3496 1490 vo-

1914 1536 2122 1591 luntate
2150 1538 2270 1601 viri,
2298 1538 2389 1591 sed
2417 1551 2482 1591 ex
2517 1536 2624 1589 Deo
2650 1536 2758 1589 nati
2782 1533 2989 1589 sunt".
3030 1552 3049 1585 ι
3086 1531 3217 1585 Nam
3249 1546 3361 1600 quo
3382 1530 3497 1599 ipse

1913 1626 2201 1694 primatum
2236 1627 2287 1679 in
2315 1640 2502 1681 omnes
2530 1626 2821 1688 obtineret,
2843 1636 2899 1678 ut
2924 1624 3182 1693 scriptum
3204 1621 3399 1687 est",o
3430 1633 3495 1675 ex

1845 1750 1888 1806 Β
1915 1715 2139 1768 muliere
2168 1714 2313 1767 nasci
2355 1714 2523 1769 voluit
2550 1714 2615 1769 ‘°.
2666 1732 2685 1765 ι

1986 1804 2227 1863 XXXVI.
2259 1804 2393 1871 Quia
2428 1821 2557 1860 vero
2594 1816 2857 1859 creaturae
2889 1820 2986 1875 per
3016 1804 3497 1859 sanctiﬁcatione»

1918 1900 2057 1967 apud
2108 1900 2273 1953 Deum
2324 1897 2629 1953 reformata
2664 1898 2876 1952 initium
2940 1898 3175 1961 exstitit,
3217 1898 3331 1965 ipse
3385 1911 3499 1967 prie

1919 1993 2131 2046 cmteris
2156 1991 2404 2046 erunibus
2438 2006 2503 2045 ex
2538 1990 2746 2058 Spiritu
2791 1990 3005 2059 genitus
3044 1990 3369 2052 declaratur,
3404 1996 3496 2041 ut.

1919 2096 2045 2154 pete
2101 2083 2309 2152 absque
2351 2082 2453 2136 viri
2504 2083 2853 2152 mulierisque
2899 2097 3188 2150 congressu
3232 2081 3291 2134 in
3324 2080 3496 2133 lucem

1922 2177 2093 2231 fusus.
2122 2174 2311 2245 Neque
2346 2177 2547 2230 idcirco
2590 2186 2764 2229 tamen
2796 2175 3027 2244 aliquam
3072 2175 3374 2244 ignominiae
3405 2190 3499 2227 no-

1922 2279 2032 2325 tam
2062 2279 2267 2323 natura).
2298 2269 2513 2323 inurere
2543 2268 2710 2321 voluit
2739 2277 2902 2338 (sunt
2930 2268 3072 2321 enim
3104 2266 3306 2336 nuptiae
3332 2266 3500 2319 bono-

1924 2361 2126 2415 rabilcs
2152 2362 2215 2425 ",
2244 2370 2300 2414 et
2329 2380 2346 2411 ι
2374 2361 2463 2429 qui
2496 2360 2646 2413 initio
2676 2358 2927 2413 formavit
2953 2359 3155 2421 omnia,
3202 2356 3499 2411 masculum

1925 2462 1978 2506 et
2008 2452 2261 2506 feminam
2293 2450 2420 2505 fecit
2466 2466 2561 2505 eos
2584 2451 2629 2481 ”
2661 2469 2679 2502 ι
2704 2451 2745 2520 ),
2792 2451 2885 2503 sed
2936 2459 3182 2501 naturam
3211 2449 3498 2502 humanam

1926 2546 2285 2613 pnestantieri
2326 2542 2616 2611 multisque
2643 2541 2886 2610 partibus
2915 2541 3287 2595 excellentiori
3324 2541 3501 2607 digni-

1930 2644 2036 2688 tate
2094 2634 2553 2687 cohenestandam
2605 2632 2814 2701 putavit
2848 2646 2863 2683 :
2903 2647 3009 2685 non
3044 2632 3187 2684 enim
3242 2630 3363 2696 viri,
3408 2633 3500 2685 sed

1929 2725 2161 2795 Spiritus
2197 2741 2414 2793 germen
2457 2739 2578 2779 esse
2618 2724 2871 2790 deinceps
2915 2737 3012 2776 nos
3061 2722 3230 2774 voluit
3262 2737 3278 2774 :
3316 2732 3370 2775 et
3399 2722 3503 2775 huc

1929 2825 2138 2884 spectat
2170 2832 2184 2869 :
2220 2833 2240 2866 ι
2274 2813 2489 2868 Patrem
2519 2815 2687 2867 nolite
2705 2813 2858 2866 vobis
2880 2826 3071 2865 vocare
3095 2825 3257 2879 super
3278 2820 3499 2865 terram.

1932 2909 2085 2964 Unus
2112 2908 2254 2962 enim
2286 2917 2368 2961 est
2407 2906 2563 2959 Pater
2593 2914 2773 2959 vester
2804 2903 3039 2959 caelestis
3070 2920 3084 2955 :
3114 2919 3302 2959 eamus
3323 2914 3502 2958 autem

1928 3016 2026 3055 vos
2067 2998 2262 3054 fratres
2304 2998 2435 3053 estis
2456 2997 2520 3052 ³³.
2561 3015 2580 3049 ι
2618 2996 2980 3063 Quamobrem
3015 2994 3073 3047 in
3104 2994 3255 3048 illum
3284 2996 3506 3048 credere

256 3083 379 3151 στίᾳ
428 3083 731 3153 τετίμηται.
785 3085 1097 3155 Γράφει.δὲ
1134 3080 1234 3139 ὦδε
1287 3088 1448 3143 πάλιν
1487 3092 1516 3143 6
1572 3091 1820 3164 ἔκκριτος

1928 3094 2073 3149 omni
2103 3108 2323 3161 prorsus
2366 3092 2786 3162 reprehensione
2815 3101 2969 3148 vacat
2999 3107 3013 3155 ;
3052 3091 3158 3145 imo
3190 3088 3331 3143 istud
3381 3102 3508 3155 pec-

247 3173 459 3237 Παῦλος
479 3190 491 3204 ·
528 3195 547 3226 ι
580 3176 797 3239 Είδότες
818 3176 895 3240 δὲ,
925 3177 1006 3231 ὅτι
1035 3178 1095 3231 οὐ
1121 3178 1424 3234 δικαιοῦται
1450 3181 1736 3255 ἄνθρωπος
1765 3186 1823 3250 ἐξ

247 3265 422 3333 ἔργων
470 3266 660 3335 νόμον,
692 3266 786 3319 ἐὰν
821 3268 894 3338 μὴ
938 3267 1028 3323 διὰ
1070 3270 1303 3336 πίστεως
1347 3272 1523 3343 Ἰησοῦ
1562 3276 1820 3346 Χριστοῦ,

249 3359 342 3408 καὶ
372 3360 531 3426 ἡμεῖς
576 3360 657 3421 εἰς
695 3360 929 3429 Χριστὸν
975 3361 1377 3432 ἐπιστεύσαμεν
1409 3364 1497 3417 ἴνα
1522 3366 1826 3420 δικαιωθῶ-

253 3465 353 3518 μεν
383 3450 439 3500 ὲν
490 3449 656 3519 αὐτῷ.
700 3470 718 3502 ι
759 3452 1094 3522 Κατοκνήσω
1136 3453 1192 3505 δὲ
1223 3456 1494 3524 οὐδαμῶς,
1547 3459 1685 3529 ὅπερ
1724 3460 1824 3530 ἤδη

252 3540 464 3610 φθάσας
492 3540 648 3611 ἔφην,
679 3542 1060 3613 ἀνακυκλήσας
1103 3547 1299 3610 εἰπεῖν,
1336 3548 1416 3600 ὅτι
1442 3550 1678 3619 Χριστὸς
1721 3554 1823 3627 ’1η-

253 3631 378 3693 σοῦς
411 3632 472 3683 ού
511 3633 717 3702 γυμνὸς
751 3634 846 3687 καὶ
897 3634 1019 3688 καθ’
1055 3638 1246 3691 ἑαυτὸν
1272 3642 1475 3694 νοεῖται
1521 3642 1549 3699 6
1579 3644 1643 3695 ὲκ
1689 3643 1823 3695 Θεοῦ

252 3721 445 3788 Λόγος,
471 3722 585 3774 ἀλλ’
612 3723 700 3775 ὅτε
727 3724 1031 3791 προσέλαϐε
1054 3726 1113 3777 τὸ
1136 3726 1499 3798 ἀνθρώπινον,
1531 3732 1625 3785 καὶ
1658 3731 1828 3799 ἀσύγ-

252 3814 428 3883 χύτως
455 3815 733 3886 ὲνεπλὰκη
762 3816 945 3887 σαρκί.
965 3818 1151 3883 Οὕτως
1184 3819 1375 3889 ἔχοντα
1406 3822 1499 3875 καὶ
1527 3822 1826 3891 ὁρώμενον,

252 3914 347 3960 καὶ
379 3910 438 3960 ἐν
478 3909 607 3962 εἴδει
639 3910 717 3980 τῷ
768 3910 889 3963 καθ’
918 3913 1065 3981 ἡμᾶς
1111 3912 1468 3982 τυγχάνοντα,
1500 3918 1612 3978 τοῖς
1653 3915 1829 3985 ἁγίοις

251 4002 570 4065 ἀποστόλοις
614 4002 930 4073 παρέδειξεν
956 4004 984 4055 6
1016 4004 1235 4075 Πατὴρ,
1264 4008 1449 4076 φωνῆς
1498 4006 1705 4061 ἂνωθεν
1739 4008 1832 4061 ὲκ-

252 4095 615 4165 πεμπομένης
664 4095 914 4148 τοιᾶσδε·
958 4115 975 4147 ι
1012 4092 1179 4162 Οὗτός
1229 4099 1377 4151 ἐστιν
1420 4099 1449 4150 ό
1487 4098 1613 4162 Υἱός
1662 4116 1763 4171 μου
1800 4099 1829 4153 ὀ

253 4187 554 4257 ἀγαπητὸς,
594 4190 650 4240 ἐν
688 4182 732 4256 ᾧ
763 4189 1074 4259 ηύδόκησα·
1120 4188 1286 4243 αὑτοῦ
1326 4189 1573 4245 ἀκούετε.
1610 4212 1631 4243 ι
1664 4191 1829 4256 Σύνες

252 4273 369 4339 οὖν,
406 4278 553 4340 ὅπως
585 4280 705 4343 οὐκ,
744 4280 831 4333 Ἐν
865 4281 1058 4351 τούτῳ,
1093 4282 1280 4352 φησὶν,
1309 4284 1460 4337 ἐστὶν
1487 4286 1516 4336 ὀ
1554 4285 1673 4347 Υίὸς
1704 4302 1827 4354 μου,

253 4372 341 4424 ἵνα
379 4371 453 4443 μὴ
488 4371 592 4425 ἀνὰ
627 4374 810 4443 μέρος,
847 4375 922 4437 ὼς
970 4376 1156 4445 ἕτερος
1199 4378 1256 4429 ὲν
1288 4377 1457 4448 ἑτέρῳ
1504 4378 1684 4447 τυχὸν,
1713 4378 1828 4433 ἀλλ’

1926 3197 2169 3240 calorum
2199 3184 2489 3247 oblivione,
2513 3183 2613 3237 hoc
2641 3194 2722 3237 est
2754 3183 3151 3237 eondenationc
3181 3182 3501 3234 honoratum

1926 3288 2029 3333 est.
2084 3277 2286 3332 Scribit
2314 3278 2459 3329 enim
2498 3276 2728 3331 eximius
2767 3275 2855 3330 ille
2883 3274 3157 3345 apostolus
3203 3272 3400 3326 Paulus
3438 3274 3505 3326 ad

1926 3372 2070 3425 hunc
2101 3370 2341 3425 modum.
2392 3385 2411 3419 ι
2447 3367 2692 3423 Scientes
2724 3376 2905 3423 autem
2955 3368 3080 3436 quia
3112 3380 3215 3420 non
3242 3366 3507 3435 justificao

1930 3471 2017 3516 tur
2066 3462 2227 3515 homo
2274 3476 2340 3514 ex
2381 3462 2633 3528 operibus
2681 3461 2833 3530 legis,
2880 3459 2981 3512 nisi
3025 3473 3119 3528 per
3160 3458 3315 3511 tidem
3378 3456 3506 3511 Jesu

1927 3554 2160 3620 Christi;
2196 3565 2249 3607 et
2280 3569 2375 3607 nos
2401 3555 2451 3606 in
2477 3554 2691 3607 Christo
2728 3551 2859 3607 Jesu
2889 3551 3237 3614 credidimus,
3267 3552 3507 3619 uljttSli-

1929 3644 2151 3699 licernur
2182 3645 2235 3698 in
2267 3644 2384 3713 ipso
2410 3643 2475 3696 “.
2511 3662 2531 3694 ι
2582 3644 2848 3698 Caeterum
2876 3642 3017 3710 quod
3056 3657 3217 3711 supra
3252 3642 3503 3705 iudicavi,

1928 3738 1982 3792 id
2010 3748 2257 3806 repetere
2288 3751 2392 3790 non
2438 3737 2724 3805 gravabor,
2756 3741 2883 3801 puta
2922 3733 3012 3787 Dei
3044 3730 3218 3784 Patris
3267 3730 3499 3784 Verbum

1930 3830 2069 3883 nude
2115 3843 2211 3897 per
2258 3843 2318 3883 se
2368 3829 2604 3896 positum
2653 3842 2758 3880 non
2808 3825 3031 3894 intelligi
3074 3824 3379 3885 Christum;
3410 3824 3501 3875 sed

1933 3932 2058 3975 tunc
2082 3922 2296 3975 demum
2332 3921 2383 3974 id
2414 3935 2607 3973 nomen
2638 3918 2957 3983 obtinuisse,
2995 3933 3117 3971 cum
3149 3917 3381 3969 humana
3410 3931 3503 3967 na-

1931 4018 2049 4061 tura
2073 4018 2347 4077 assumpta
2380 4008 2514 4062 citra
2559 4007 2719 4060 ullam
2759 4007 2982 4060 enniino
3011 4005 3379 4059 confusionem
3408 4004 3503 4057 ad—

1925 4101 2169 4169 junctum
2194 4112 2277 4154 est
2304 4100 2478 4155 carni.
2510 4097 2585 4152 lta
2613 4099 2886 4163 aﬂectum,
2914 4110 2968 4152 et
2994 4097 3318 4166 aspectabiie
3340 4096 3503 4150 eﬂec—

1932 4200 2074 4252 tum,
2123 4200 2417 4258 nostraque
2478 4191 2650 4244 forma
2704 4192 2963 4244 vestitum
3012 4189 3250 4243 cmlestis
3318 4187 3501 4251 Pater,

1930 4296 2063 4336 voce
2106 4282 2321 4337 ctelitus
2366 4280 2607 4349 delapsa,
2661 4281 2866 4336 sanctis
2912 4280 3147 4336 ostendit
3191 4280 3449 4347 apostolis
3485 4297 3499 4333 :

1937 4392 1957 4425 ι
1997 4373 2118 4438 llic,
2147 4375 2342 4443 inquit,
2376 4385 2457 4427 est
2485 4372 2658 4429 Filius
2687 4388 2839 4428 meus
2878 4373 3126 4434 dilectus,
3164 4371 3270 4441 33
3302 4374 3354 4426 in
3395 4388 3506 4439 quo

254 4460 333 4527 εἷς
366 4466 536 4516 νοοῖτο
565 4466 593 4517 6
622 4465 781 4530 αὐτὸς
810 4477 837 4516 (ι
865 4468 985 4519 καθ’
1014 4469 1206 4522 ἕνωσιν
1239 4470 1611 4540 οἰκονομικήν.
1637 4471 1820 4542 Πλημ-

1937 4470 2064 4522 tnihi
2108 4468 2248 4523 bene
2285 4467 2617 4535 complacui;
2653 4468 2831 4536 ipsum
2874 4468 3055 4520 audite
3089 4466 3152 4518 ’⁵.
3199 4484 3217 4514 ι
3270 4467 3505 4519 Advorte

258 4557 416 4625 μελὲς
446 4557 502 4609 δὲ
523 4558 603 4610 ὅτι
632 4558 693 4611 τὸ
713 4560 1029 4613 ἀντιτείνειν
1056 4563 1195 4625 ἐστὶ,
1225 4565 1322 4615 καὶ
1346 4564 1454 4616 τῶν
1481 4565 1562 4617 ὅτι
1598 4565 1830 4635 μάλιστα

256 4644 709 4717 σφαλερωτάτων,
770 4650 1057 4703 ἀναπείθει
1106 4653 1333 4724 γράφων
1400 4654 1653 4725 Ἰωάννης
1700 4656 1826 4708 ὡδί·

261 4752 281 4785 ι
316 4734 438 4787 Ὅτι
476 4735 613 4809 αῦτη
658 4738 806 4791 ἐστὶν
850 4740 883 4809 ἡ
925 4742 1202 4811 μαρτυρία
1246 4743 1340 4795 τοῦ
1374 4744 1532 4809 Θεοῦ,
1562 4747 1643 4798 δτι
1679 4755 1702 4783 ι’
1736 4764 1826 4817 με·

258 4826 576 4897 μαρτύρηκε
622 4829 754 4899 περὶ
799 4830 893 4883 τοῦ
934 4831 1061 4883 Υίοῦ
1108 4832 1297 4888 αὑτοῦ.
1334 4835 1392 4887 Ὀ
1440 4837 1707 4889 ταστεύων
1752 4840 1831 4899 εὶς

255 4916 345 4968 τὸν
376 4916 502 4970 Υἱὸν
532 4917 627 4971 τοῦ
667 4920 823 4983 Θεοῦ,
854 4921 966 4990 ἔχει
995 4921 1091 4991 τὴν
1128 4926 1436 4997 μαρτυρίαν
1481 4928 1572 4981 τοῦ
1604 4927 1739 4983 Θεοῦ
1774 4931 1831 4982 ἐν

256 5008 449 5078 ἐαυτῷ·
472 5010 500 5060 ὁ
524 5010 598 5081 μὴ
615 5011 886 5067 πιστεύων
916 5012 1040 5085 [εἰς]
1064 5014 1155 5069 τὸν
1180 5016 1329 5079 Υἰὸν,
1345 5017 1583 5089 ψεύστην
1604 5021 1833 5090 πεποίη-

256 5115 351 5151 κεν
382 5100 566 5163 αὐτὸν,
596 5101 678 5154 ὃτι
703 5103 803 5155 οὐκ
827 5104 1149 5159 ἐπίστευσεν
1181 5109 1260 5171 εἰς
1288 5110 1391 5178 τὴν
1416 5113 1741 5182 μαρτυρίαν,
1766 5115 1831 5180 ἣν

258 5192 682 5265 μεμαρτύρηκεν
726 5197 755 5248 ὁ
795 5197 925 5259 Θεὸς
956 5200 1082 5269 περὶ
1127 5200 1223 5253 τοῦ
1266 5202 1392 5255 Υἱοῦ
1434 5204 1620 5256 αὑτοῦ.
1662 5224 1680 5255 ι
1715 5206 1830 5257 Με-

258 5284 576 5353 μαρτύρηκε
612 5285 690 5349 δὲ,
723 5287 809 5340 ὃτι
838 5284 1004 5350 Οὗτος
1032 5292 1060 5342 6
1092 5291 1227 5359 μετὰ
1281 5293 1502 5362 σαρκὸς,
1539 5295 1634 5347 καὶ
1662 5296 1721 5347 ἐν
1760 5297 1826 5367 τῇ

345 5443 563 5504 “Joan.
634 5463 672 5511 ι,
736 5448 940 5509 12,15.

257 5530 417 5577 mn,
453 5518 506 5569 9.
598 5517 644 5549 “
694 5517 869 5573 Galat.
902 5534 963 5583 ιι,
1008 5519 1093 5574 16.
1205 5523 1251 5555 ’⁸
1280 5524 1471 5578 Matth.
1501 5541 1635 5591 xv”,

1100 5448 1375 5525 Colossi.“
1410 5453 1495 5507 18.
1564 5457 1609 5486 ’θ
1633 5455 1808 5511 Gal-at.
1839 5457 1983 5525 tv,6.
2055 5458 2096 5488 ²¹
2138 5455 2300 5511 llcbr.
2331 5471 2454 5521 xm,
2478 5456 2530 5511 1.

1927 4568 2109 4614 autem
2146 4558 2417 4627 quomodo
2464 4558 2549 4612 hic
2586 4573 2693 4611 non
2731 4558 2877 4611 dicat
2910 4572 2921 4605 :
2960 4556 3013 4609 lu
3059 4558 3162 4611 hoc
3204 4565 3289 4609 est
3340 4555 3506 4609 Filius

1926 4669 2115 4719 mus;
2148 4668 2249 4707 nec
2299 4668 2542 4707 seorsum
2585 4662 2647 4705 ut
2688 4651 2826 4705 alter
2863 4651 2917 4704 in
2944 4650 3115 4704 altero
3155 4648 3503 4718 intelligatur,

1925 4747 2021 4800 sed
2059 4750 2353 4800 secundum
2380 4745 2831 4815 dispensatoriam
2864 4743 3117 4797 unionem
3161 4756 3303 4795 unus
3335 4741 3507 4793 idem-

1927 4852 2032 4905 que
2084 4837 2405 4905 simpliciter
2471 4834 2791 4903 accipiatur.
2878 4832 3092 4897 Quanto
3144 4840 3322 4885 autem
3382 4846 3504 4883 cum

1934 4926 2246 4979 discrimine
2290 4940 2584 4993 errareque
2627 4924 2979 4992 coniunctum
3009 4924 3099 4987 sit,
3126 4923 3274 4977 hisce
3309 4920 3503 4983 obniti,

1934 5018 1983 5070 itl
2012 5019 2241 5071 dilucide
2258 5018 2591 5071 demonstrat
2612 5016 2864 5079 Joannes,
2888 5017 2957 5069 ita
2992 5016 3239 5072 scribens
3266 5033 3279 5068 :
3311 5035 3329 5066 ι
3362 5018 3507 5082 Quo-

1932 5114 2075 5164 niam
2105 5113 2205 5164 boc
2236 5122 2319 5163 cst
2353 5112 2719 5164 testimonium
2755 5110 2872 5171 Dei,
2908 5110 3053 5178 quod
3082 5119 3165 5164 est
3190 5109 3510 5164 testificatus

1929 5204 1998 5256 de
2026 5203 2163 5256 Filio
2192 5219 2313 5257 suo.
2355 5204 2463 5268 Qui
2495 5202 2671 5257 credit
2703 5203 2761 5259 in
2792 5201 2991 5261 Filium
3026 5201 3145 5267 Dei,
3171 5201 3333 5256 habet
3360 5200 3512 5255 testi-

1930 5296 2169 5351 monium
2221 5297 2311 5349 Dei
2362 5296 2417 5349 in
2458 5309 2538 5353 se.
2582 5293 2682 5366 Qui
2726 5308 2833 5351 non
2879 5292 3053 5355 credit
3087 5291 3242 5358 Filio,
3282 5292 3511 5351 menda.-

2610 5459 2656 5491 ³¹
2699 5454 2885 5511 Matth.
2931 5470 3044 5521 XIX,
3077 5454 3133 5518 1,
3235 5453 3280 5487 ”
3304 5451 3501 5517 Matth,

1335 5680 1506 5735 Varia:
1537 5681 1803 5740 lectiones
1840 5683 2059 5755 codicis]
2092 5682 2450 5755 Seguieriani.

343 5812 370 5843 ⁸
402 5808 479 5870 εἰς
508 5808 689 5862 αὐτόν.
772 5820 797 5859 Ρ
832 5810 1118 5882 κρείττονι.
1209 5824 1224 5863 t
1262 5815 1353 5868 καὶ
1388 5816 1569 5879 αὑτός.
1651 5826 1671 5853 τ
1712 5818 1800 5887 ἦν.
