4044 6332
394 370 532 427 “63

1385 358 1442 411 S.
1484 355 1753 411 CYRIIJJ
1794 353 2260 409 ALEXANDRINI
2302 343 2613 408 AliClllEP.

3507 333 3648 388 “64

389 490 798 551 mortalitatem,
823 493 877 541 et
905 497 1025 538 eam
1044 494 1161 550 quze
1184 494 1249 534 ex
1277 478 1559 533 divinitate
1580 477 1963 545 proficiscitur,

2085 476 2225 528 τοῦτο
2269 475 2423 538 εἰδὼς
2469 478 2495 527 ό
2546 472 2829 533 θεσπέσιος
2862 469 3062 540 γράφει
3112 460 3353 521 Παῦλος·
3405 456 3649 521 (Ὥσπερ

389 582 742 638 securitatem
806 593 869 632 ac
932 575 1267 636 ﬁrmitatem,
1318 573 1612 625 secundum
1675 569 1961 637 quamdam

390 675 581 743 gratiae
640 667 1187 726 communicationem
1245 663 1297 717 in
1339 663 1652 717 universum
1682 661 1960 714 hominum

390 782 559 832 genus
586 763 941 817 lransmittet.
967 758 1134 828 Cujus
1151 755 1368 826 quidem
1417 755 1492 808 rei
1518 754 1732 808 divinus
1765 751 1967 814 Paulus

389 876 495 912 nnn
534 859 776 928 ignarus,
821 855 893 908 ita
925 852 1154 908 scribit:
1196 869 1214 903 ι
1264 850 1415 905 Sicut
1454 848 1788 918 portavimus
1834 846 1969 900 ima-

388 953 571 1018 ginem
613 948 840 1010 terreni,
872 955 1150 1015 portemus
1182 952 1235 997 et
1262 942 1555 1011 imaginem
1584 940 1824 995 coalestis
1851 940 1917 992 ⁸ο.
1942 958 1960 990 ι

388 1040 684 1108 Imaginem
747 1035 952 1090 terreni
984 1032 1241 1105 peccandi
1277 1030 1713 1101 propensionem,
1738 1037 1794 1082 et
1820 1042 1965 1082 mor-

388 1147 497 1202 ;em
526 1145 647 1201 quae
666 1129 795 1183 hinc
827 1126 1025 1187 oritur,
1056 1133 1250 1178 vocat:
1276 1132 1331 1177 at
1371 1138 1501 1176 vero
1544 1136 1639 1191 per
1675 1121 1961 1190 imaginem

388 1222 649 1285 caelestis,
678 1222 779 1274 hoc
804 1225 907 1283 est,
929 1214 1158 1280 Christi,
1190 1213 1554 1267 constantiam
1615 1212 1666 1265 in
1725 1210 2041 1277 sanctitate,

388 1318 573 1387 ptione
607 1314 674 1369 ad
700 1313 866 1366 vitam
885 1318 939 1366 et
957 1307 1416 1363 immortalitatem
1445 1306 1711 1375 designat.

462 1405 605 1461 XXI.
648 1404 845 1458 Totum
880 1401 1063 1469 itaque
1103 1397 1199 1453 Dei
1234 1398 1468 1452 Verbum
1502 1397 1601 1450 toti
1638 1405 1846 1450 natura:
1880 1411 1978 1450 no-

390 1504 521 1554 .‘strre
569 1497 821 1550 inuitante
868 1492 1077 1545 unitum
1129 1490 1448 1545 asserimus.
1495 1488 1648 1543 Nulla
1702 1490 1846 1543 enim
1892 1504 1979 1542 ra-

392 1592 543 1645 tione
577 1586 873 1657 putandum
902 1592 1007 1646 est,
1050 1581 1295 1650 principe
1331 1580 1503 1635 nostri
1532 1591 1707 1649 parte,
1741 1581 1845 1634 hoc
1870 1588 1974 1644 est,

391 1681 573 1736 anima
602 1677 870 1744 neglecta,
900 1673 1359 1743 peregrinationis
1380 1688 1493 1726 suae
1527 1671 1804 1727 molestias
1826 1672 1975 1726 carni

393 1770 582 1840 largiri
618 1756 873 1823 voluisse.
906 1764 1141 1819 Pulchre
1186 1774 1364 1819 autem
1402 1780 1497 1832 per
1532 1774 1821 1833 utramque
1851 1780 1978 1834 par-

396 1874 507 1919 tem
566 1857 990 1929 dispensationis
1046 1864 1446 1910 sacramentum
1491 1855 1762 1923 perfecit:
1812 1870 1978 1910 carne

396 1969 496 2019 sua
535 1961 788 2020 tanquam
821 1963 1025 2019 organo
1071 1948 1137 2001 ad
1174 1946 1356 2001 carnis
1387 1962 1573 2016 opera,
1602 1947 1978 2016 naturalesque

396 2044 768 2114 egritudines,
796 2057 859 2095 ac
893 2049 1087 2093 caetera
1129 2038 1302 2093 cilicia
1344 2040 1757 2108 vituperationis
1787 2054 1978 2107 exper-

396 2135 511 2199 tia;
553 2132 732 2185 anima
774 2144 985 2183 rursum
1015 2129 1082 2181 ad
1132 2128 1400 2181 humanas
1450 2128 1862 2197 inculpatasqtte
1896 2128 1977 2180 af-

396 2222 665 2279 fectiones
712 2222 985 2274 utebatur.
1028 2216 1165 2272 Nam
1215 2227 1269 2272 et
1313 2218 1574 2281 esuriem,
1622 2227 1678 2271 et
1718 2218 1980 2286 longioris

396 2316 611 2374 itineris
642 2313 905 2376 laborem,
952 2320 1007 2366 et
1052 2324 1306 2379 pavorem
1347 2325 1411 2364 ac
1446 2321 1675 2374 metum,-
1715 2318 1770 2364 et
1808 2309 1980 2363 tristi-

401 2408 556 2472 tiam,
588 2416 644 2460 et
677 2418 957 2471 angorem,
986 2412 1043 2454 et
1073 2401 1242 2471 ipsam
1278 2400 1513 2468 denique
1546 2401 1597 2453 in
1635 2415 1795 2454 cruce
1835 2415 1981 2453 rnor-

400 2508 510 2554 tem
539 2495 829 2566 pertulisse
860 2493 1109 2547 traditur.
1140 2491 1352 2545 Etenim
1398 2492 1545 2545 nullo
1580 2502 1827 2561 cogente,
1864 2493 1980 2544 ani-

400 2602 545 2644 mam
584 2603 737 2643 suam
775 2585 946 2640 nostri
982 2599 1146 2639 causa
1181 2584 1365 2653 posuit
1388 2584 1455 2650 ⁶¹,
1501 2598 1608 2653 quo
1640 2584 1892 2638 nimirum
1926 2594 1983 2638 et

400 2680 540 2737 vivis
569 2688 623 2733 et
648 2678 876 2732 mortuis
898 2676 1275 2731 dominaretur
1296 2676 1364 2730 “.
1399 2675 1463 2729 Et
1486 2677 1703 2745 quidem
1731 2676 1836 2746 19
1860 2692 1981 2729 car-

400 2786 524 2826 nem
557 2784 712 2824 suam
741 2768 880 2821 citra
917 2765 1349 2820 controversiam
1381 2764 1719 2820 liberationis
1748 2766 1980 2835 pretium

400 2876 502 2933 pro
536 2860 778 2915 ontnimn
814 2872 981 2913 carne
1014 2857 1274 2927 dependit
1301 2875 1315 2924 ;
1346 2857 1583 2911 animam
1616 2873 1745 2913 vero
1774 2857 1978 2925 justum

402 2968 502 3023 pro
554 2950 861 3005 mortalium
905 2948 1149 3002 omnium
1202 2947 1487 3000 animabus
1543 2948 1774 3016 pretium
1828 2948 1982 3001 exhi-

404 3045 548 3106 buit,
594 3042 813 3096 tametsi
846 3041 1009 3094 vitam
1038 3053 1200 3109 quam
1248 3049 1505 3108 posuerat
1537 3039 1683 3109 (nam
1711 3042 1818 3093 vita
1865 3042 1983 3094 erat

2071 568 2177 637 γὰρ
2216 568 2558 635 ὲφορέσαμεν
2590 564 2688 635 τὴν
2729 561 2910 615 εἰκόνα
2955 557 3049 612 τοῦ
3092 550 3299 626 χοϊκοῦ,
3329 548 3654 637 φορέσωμεν

2072 634 2165 711 καί
2190 634 2287 726 τὴν
2322 634 2507 710 εἰκόνα
2534 656 2629 710 τοῦ
2646 634 3001 723 ἐπουρανίου.
3029 667 3047 700 ι
3074 645 3271 701 Εἰκόνα
3303 642 3399 712 μὲν
3424 638 3531 707 γὰρ
3552 634 3654 688 τοῦ

2075 750 2283 820 χοϊκοῦ,
2321 750 2378 801 τὸ
2424 746 2699 801 εὖόλισθον
2754 745 2857 814 ἔφη
2909 743 3044 811 πρὸς
3081 735 3376 808 ἁμαρτίαν,
3408 730 3503 784 καὶ
3555 728 3655 820 τὸν

2074 811 2323 895 ἐντεῦθεν
2358 843 2487 912 ἡμῖν
2534 811 2893 910 ἐπιρριφέντα
2924 834 3154 888 θάνατον
3182 847 3195 859 ο
3243 826 3426 880 εἰκόνα
3476 820 3532 873 δέ
3579 811 3655 870 αὖ

2073 936 2167 987 τοῦ
2223 934 2569 1003 ἐπουρανίου,
2602 932 2851 985 τουτέστι
2902 923 3160 997 Χριστοῦ,
3206 920 3267 973 τὸ
3314 916 3522 986 ἑδραῖον
3569 913 3661 971 εἰς

2075 1027 2365 1096 ἀγιασμὸν,
2398 1026 2490 1079 καὶ
2524 1024 2619 1095 τὴν
2646 1027 2710 1077 ἐκ
2735 1021 2965 1075 Θανάτου
3012 1019 3106 1071 καὶ
3141 1014 3349 1085 φθορᾶς
3390 1011 3661 1074 ἀνακομι-

2073 1121 2169 1191 δήν
2200 1137 2259 1172 τε
2288 1120 2381 1171 καὶ
2409 1118 2751 1172 ἀνακαίνισιν
2775 1119 2852 1179 εἰς
2880 1112 3190 1183 ἀφθαρσίαν
3223 1106 3317 1160 καὶ
3344 1102 3509 1173 ζωήν.

2080 1211 2421 1280 reditumque
2468 1220 2522 1263 et
2574 1208 3017 1264 instaurationem
3042 1220 3109 1258 ex
3146 1210 3319 1257 morte
3361 1207 3416 1251 et
3464 1206 3665 1249 corru-

2154 1399 2287 1452 ΚΝ.
2332 1397 2493 1451 Ὄλον
2542 1392 2635 1450 οὖν
2676 1396 2771 1467 ὅλῃ
2822 1387 3159 1463 συνηνῶσθαί
3204 1401 3383 1455 φαμεν
3426 1382 3492 1449 τῇ
3533 1356 3661 1429 καθ’

2080 1492 2228 1561 ἡμᾶς
2255 1489 2635 1560 ἀνθρωπότητι
2679 1487 2771 1540 τὸν
2802 1487 2866 1538 ἐκ
2899 1483 3034 1537 Θεοῦ
3062 1483 3255 1548 Λόγον.
3293 1476 3369 1527 Ού
3411 1470 3519 1539 γάρ
3550 1484 3658 1518 που

2079 1584 2141 1636 τὸ
2187 1584 2410 1650 ἄμεινον
2472 1586 2529 1635 ὲν
2580 1583 2743 1651 ἡμῖν,
2772 1579 3014 1632 τουτέστι
3077 1572 3277 1644 ψυχὴν,
3335 1565 3542 1625 οὐδενὸς
3590 1561 3661 1612 διν

2079 1676 2279 1746 ἠξίωσε
2324 1677 2507 1743 λόγου,
2559 1676 2694 1746 μόνῃ
2741 1671 3085 1743 δωρούμενος
3110 1671 3177 1737 τῇ
3208 1662 3373 1736 σαρκὶ
3402 1659 3502 1728 τῆς
3532 1657 3659 1708 ἐπι-

2080 1768 2143 1834 δη
2155 1769 2281 1837 μίας
2308 1770 2434 1831 τοὺς
2466 1768 2680 1829 πόνους.
2725 1766 3056 1835 Ἐπράττετο
3092 1760 3149 1812 δέ
3183 1754 3365 1816 καλῶς
3394 1752 3459 1804 δι’
3488 1748 3663 1817 ἄμφω

2081 1862 2176 1929 τῆς
2232 1859 2545 1930 οἰκονομίας
2594 1860 2657 1910 τὸ
2715 1858 3050 1929 μυστήριον⁹
3102 1848 3516 1921 προσεχρήσατο
3574 1838 3659 1896 δὲ.

2082 1951 2336 2022 καθάπερ
2362 1929 2598 2022 ὀργάνῳ,
2632 1954 2701 2022 τῇ
2747 1951 2844 2021 μὲν
2895 1948 3000 2019 ἰδίᾳ
3041 1943 3227 2015 σαρκὶ,
3268 1936 3384 2012 [τὰ]
3419 1933 3553 2004 πρὸς
3588 1929 3661 1982 τὰ

2085 2045 2287 2113 σαρκὸς
2332 2042 2469 2113 ἔργα
2493 2060 2553 2095 τε
2589 2042 2683 2095 καὶ
2715 2041 3133 2112 ἀρρωστήματα
3167 2028 3391 2103 φυσικὰ.
3433 2026 3528 2079 καὶ
3558 2025 3661 2076 ὅσα

2087 2136 2276 2205 μώμου
2311 2136 2528 2205 μακράν
2549 2148 2563 2162 ⁶
2596 2134 2741 2204 ψυχῇ
2768 2134 2810 2185 δ’
2838 2128 2904 2185 αὖ
2939 2134 3003 2201 τῇ
3042 2130 3169 2200 ἰδίᾳ,
3198 2125 3333 2196 πρὸς
3361 2122 3428 2175 τὰ
3452 2117 3662 2187 ἀνθρὼ-

2082 2228 2214 2281 πινά
2244 2245 2303 2279 τε
2333 2228 2425 2280 καὶ
2449 2229 2745 2280 ἀνυπαίτια
2774 2225 2947 2294 πάθη.
2976 2224 3236 2291 Πεινῆσαι
3280 2216 3388 2285 γάρ
3414 2214 3660 2280 λέγεται,

2083 2323 2287 2383 κόπους
2346 2320 2669 2386 ὑπενεγκεῖν
2721 2318 2848 2379 τοὺς
2904 2318 2969 2368 ἐκ
3024 2312 3251 2385 μακρῶν
3317 2303 3662 2376 ὁδοιποριῶν.

2084 2414 2274 2475 πτοίας
2307 2429 2366 2465 τε
2405 2411 2754 2479 καὶ’φόϐους,
2784 2410 2877 2462 καί
2912 2408 3111 2477 λύπην,
3142 2405 3236 2457 καὶ
3266 2399 3527 2469 ἀγωνίαν,
3563 2396 3662 2448 καὶ

2084 2507 2173 2559 τὸν
2207 2505 2302 2558 ἐπὶ
2335 2504 2413 2574 τῷ
2459 2500 2679 2573 σταυρῷ
2715 2501 2967 2553 θάνατον.
3009 2492 3520 2562 Ἐπαναγκάζοντος
3551 2487 3663 2555 γάρ

2084 2592 2318 2655 οὐδενὸς,
2351 2591 2595 2645 τέθεικεν
2637 2590 2729 2659 ἀφ’
2774 2588 2968 2643 ἑαυτοῦ
3002 2586 3099 2658 τὴν
3134 2585 3268 2639 ἰδίαν
3296 2582 3473 2652 ψυχὴν
3520 2578 3662 2647 ὑπὲρ

2082 2686 2266 2757 ἡμῶν,
2301 2686 2389 2739 ἵνα
2416 2685 2510 2738 καὶ
2530 2684 2739 2755 νεκρῶν
2778 2684 2871 2736 καὶ
2907 2681 3122 2745 ζώντων
3151 2675 3445 2747 κυριεύσῃ⁹
3482 2672 3661 2741 σάρκα

2088 2780 2187 2850 μὲν
2224 2778 2321 2849 τὴν
2370 2777 2528 2843 ἰδίαν,
2559 2778 2657 2846 τῆς
2704 2776 2961 2830 ἁπάντων
3000 2771 3201 2843 σαρκὸς
3248 2765 3663 2825 ἀνταποτιννῦς,

2084 2871 2255 2941 δῶρον
2294 2869 2507 2937 ἀληθῶς
2530 2870 2801 2935 ἀντάξιον·
2820 2866 2997 2937 ψυχὴν
3021 2865 3099 2925 δὲ,
3133 2862 3312 2933 ψυχῆς
3346 2860 3665 2927 ἀντίλυτρον

2084 2959 2186 3028 τῆς
2214 2959 2471 3012 ἁπάντων
2501 2959 2846 3027 ποιούμενος,
2887 2958 2936 3009 εἰ
2971 2957 3065 3008 καὶ
3098 2954 3300 3009 ἀνεϐίω
3334 2950 3515 3011 πάλιν,
3547 2948 3664 3018 ζωὴ

2087 3052 2230 3104 κατὰ
2260 3051 2422 3121 φύσιν
2452 3052 2713 3122 ὑπάρχων
2741 3051 2816 3110 ὡς
2846 3048 2999 3111 Θεὸς.
3033 3048 3143 3100 Καὶ
3166 3045 3299 3115 γοῦν
3322 3046 3350 3097 ὁ
3379 3042 3665 3101 Θεσπέσιος

402 3151 464 3199 ut
502 3139 644 3194 Deus
697 3137 993 3192 secundum
1052 3132 1330 3202 naturane
1376 3131 1554 3186 denuo
1605 3135 1980 3203 resumpserit.

2088 3146 2294 3216 Πέτρος
2317 3184 2331 3208 ,
2370 3166 2387 3195 ι
2426 3144 2652 3215 ’Λνδρες
2683 3142 2928 3210 ἀδελφοὶ,
2958 3140 3145 3210 φησὶν,
3176 3139 3295 3205 ἐξὸν
3325 3139 3496 3191 εἰπεῖν
3525 3136 3666 3207 μετά

402 3233 543 3289 Hinc
569 3232 786 3286 divinus
828 3228 1067 3283 Petrus:
1105 3244 1125 3277 ι
1156 3224 1289 3291 Viri,
1326 3225 1521 3294 inquit,
1572 3224 1790 3285 fratres,
1827 3226 1987 3280 liceat

405 3330 672 3381 audenter
705 3324 886 3377 dicere
932 3319 1000 3373 ad
1037 3334 1130 3374 vos
1160 3319 1226 3373 de
1274 3317 1580 3387 patriarcha
1614 3318 1807 3381 David,
1852 3333 1988 3387 quo-

406 3419 552 3473 niam
580 3424 635 3470 et
659 3412 947 3469 defunctus
978 3418 1083 3473 est,
1116 3419 1167 3464 et
1200 3408 1444 3479 sepultus
1465 3417 1569 3472 est,
1596 3415 1650 3461 et
1674 3408 1985 3476 sepulcrum

404 3508 524 3579 ejus
550 3516 637 3561 est
666 3504 807 3575 apud
859 3518 957 3557 nos
992 3516 1163 3571 usque
1204 3502 1258 3555 in
1304 3500 1626 3557 hodiernum
1658 3501 1823 3555 diem.
1855 3499 1989 3554 Pro-

406 3603 567 3672 pheta
607 3600 772 3669 igitur
809 3612 933 3650 cttm
966 3604 1134 3658 esset,
1177 3602 1234 3648 et
1280 3594 1447 3648 sciret
1480 3595 1607 3663 quia
1637 3592 1989 3661 jurejurando

402 3696 645 3765 iurasset
705 3691 779 3745 illi
840 3689 1001 3754 Deus,
1061 3686 1127 3742 de
1187 3685 1365 3741 fructu
1415 3686 1582 3740 lumbi
1638 3686 1756 3755 ejus
1798 3687 1989 3740 sedere

408 3805 572 3860 super
598 3788 781 3842 sedem
810 3783 950 3854 ejus,
1005 3780 1295 3853 providens
1332 3779 1541 3834 locutus
1578 3790 1662 3835 est
1704 3783 1770 3835 de
1808 3794 1990 3833 resur-

411 3883 651 3936 rectione
693 3878 919 3945 Christi,
972 3879 1100 3946 quia
1132 3890 1309 3945 neque
1358 3877 1649 3930 derelictus
1693 3884 1777 3929 est
1811 3876 1862 3929 in
1906 3875 1991 3928 in-

409 3975 590 4037 ferno,
621 3985 797 4039 neque
821 3984 952 4023 caro
982 3968 1100 4036 ejus
1134 3968 1267 4022 vidit
1292 3967 1695 4035 corruptionem
1720 3966 1787 4018 ⁸³.
1826 3984 1844 4016 ι
1879 3964 1991 4019 Nec

409 4063 555 4118 enim
610 4060 695 4113 {as
737 4067 821 4112 est
871 4058 1072 4121 dicere,
1129 4070 1349 4110 carnem
1399 4051 1579 4107 Verbo
1630 4053 1839 4106 unitatn
1889 4051 1991 4103 ali-

410 4152 630 4225 quando
662 4151 902 4221 potuisse
950 4147 1244 4216 corrumpi,
1280 4156 1372 4200 aut
1410 4145 1647 4201 divinam
1683 4144 1829 4197 illam
1872 4144 1991 4196 ani-

412 4264 555 4303 mam
602 4248 746 4301 intra
790 4243 990 4299 inferni
1026 4252 1215 4313 portas
1254 4241 1507 4295 detineri.
1541 4240 1699 4306 Nam,
1755 4250 1815 4292 ut
1852 4237 1991 4293 divi-

414 4356 521 4395 nus
569 4338 765 4395 Petrus
790 4337 885 4401 ait,
928 4335 1109 4390 anima
1156 4330 1274 4401 ejus
1305 4332 1359 4385 in
1394 4331 1612 4386 inferno
1656 4330 1846 4385 relicta
1881 4343 1991 4383 non

410 4432 536 4489 fuit.
582 4430 769 4501 Neque
817 4443 946 4483 vero
992 4435 1246 4480 naturam
1292 4423 1463 4490 illam,
1490 4438 1610 4494 qua:
1656 4437 1758 4477 nec
1808 4431 1989 4476 mente

412 4522 835 4595 comprehendi,
895 4533 1069 4589 neque
1118 4533 1215 4587 per
1264 4524 1495 4571 mortem
1555 4515 1824 4570 ullatenus
1870 4513 1989 4583 capi

412 4628 612 4690 potest,
640 4617 741 4670 hoc
767 4624 850 4669 est
873 4611 1148 4682 Unigeniti
1175 4610 1537 4674 divinitatem,
1563 4622 1594 4663 e
1618 4606 1990 4662 subterraneis

414 4710 522 4766 illis
550 4708 817 4776 specubus
853 4719 1069 4759 rursum
1110 4702 1401 4758 emersisse
1433 4701 1675 4756 dicemus
1702 4716 1716 4753 :
1743 4698 1989 4768 quando-

414 4804 631 4873 quidem
697 4799 843 4854 nulla
890 4796 1249 4851 admiratione
1296 4794 1516 4863 dignum
1564 4802 1747 4857 esset,
1797 4793 1843 4847 si
1896 4791 1989 4847 Dei

416 4896 657 4951 Verbum
693 4892 990 4948 divinitatis
1021 4890 1071 4944 vi
1106 4889 1465 4957 ejusdemque
1497 4883 1735 4940 ethacia
1780 4888 1987 4952 nixum,

415 4988 556 5059 apud
580 4986 784 5041 inferos
816 4999 923 5038 non
960 4982 1271 5047 mansisset,
1299 4995 1420 5034 cum
1451 4979 1842 5034 admirabiliter
1868 4995 1988 5033 om-

415 5081 576 5135 nibus
639 5078 803 5140 adsit,
862 5075 1191 5145 impleatque
1248 5074 1450 5127 omnia.
1513 5070 1698 5125 Deitas
1754 5086 1989 5139 namque

413 5170 564 5225 omni
600 5169 721 5225 loco
749 5177 805 5222 et
834 5164 1364 5234 circumscriptione,
1400 5174 1455 5217 et
1492 5162 1845 5217 mensurabili
1877 5179 1993 5217 ma-

416 5261 696 5333 gnitudine
742 5259 1011 5328 superior,
1066 5273 1095 5311 a
1147 5256 1297 5311 nullo
1362 5254 1482 5323 capi
1534 5255 1990 5323 comprehendive

416 5366 613 5425 potest.

488 5496 534 5527 ⁶⁰
575 5495 593 5550 l
624 5495 747 5550 Cor.
791 5504 881 5561 xv,
908 5492 997 5547 49.
1074 5491 1116 5521 ⁶¹
1158 5488 1178 5543 Ι
1207 5490 1365 5547 Joan.
1395 5506 1476 5557 lli,
1511 5490 1599 5548 16.

1677 5489 1722 5519 θ’
1763 5488 1920 5544 Rom.
1956 5503 2066 5556 xw,
2096 5489 2150 5545 9.

2090 3238 2399 3307 παρρησίας
2433 3237 2570 3305 πρὸς
2610 3236 2755 3305 ὑμᾶς
2804 3234 2933 3304 περὶ
2962 3232 3055 3285 τοῦ
3086 3231 3425 3302 πατριάρχου
3477 3226 3663 3289 Δαϐὶδ,

2086 3327 2170 3379 ὅτι
2199 3326 2297 3378 καὶ
2326 3325 2645 3395 ἐτελεύτησε
2682 3326 2777 3379 καὶ
2811 3324 2985 3395 ἐτάφη
3012 3364 3026 3387 ,
3058 3323 3153 3376 καὶ
3185 3324 3244 3375 τὸ
3278 3322 3467 3392 μνῆμα
3500 3320 3665 3373 αὑτοῦ

2088 3420 2236 3473 ἐστιν
2267 3422 2325 3474 ἐν
2372 3422 2502 3491 ἡμῖν
2548 3420 2676 3491 ἄχρι
2720 3418 2820 3488 τῆς
2857 3420 3067 3489 ἡμέρας
3101 3418 3327 3486 ταύτης.
3375 3418 3668 3488 Προφήτης

2088 3508 2181 3564 οὖν
2214 3511 2499 3582 ὑπάρχων,
2543 3511 2636 3563 καί
2666 3509 2825 3570 εἰδὼς
2852 3549 2867 3573 ,
2898 3511 2979 3563 ὅτι
3026 3510 3175 3579 ὅρκῳ
3218 3509 3430 3579 ὤμοσεν
3462 3508 3613 3578 αύτῷ
3640 3510 3670 3560 ὁ

2090 3606 2244 3669 Θεὸς,
2274 3607 2338 3657 ἐκ
2365 3603 2580 3675 καρποῦ
2622 3604 2719 3673 τῆς
2754 3603 2951 3672 ὀσφύος
2982 3602 3147 3656 αὑτοῦ
3188 3602 3411 3655 καθίσαι
3457 3604 3547 3655 ἐπὶ
3573 3604 3668 3655 τοῦ

2092 3696 2283 3766 θρόνου
2326 3695 2514 3760 αὑτοῦ,
2564 3693 2828 3765 προειδὼς
2874 3693 3103 3763 ἐλάλησε
3150 3694 3408 3764 περὶτῆς
3435 3696 3670 3747 ἀναστάς

2093 3806 2231 3852 σεως
2262 3788 2356 3840 τοῦ
2401 3788 2661 3858 Χριστοῦ,
2698 3789 2780 3840 ὅτι
2823 3786 2946 3839 οῦτε
2994 3785 3391 3857 ἐγκατελείφθη
3443 3789 3474 3857 ἡ
3524 3788 3671 3857 ψυχὴ

2092 3878 2260 3932 αὑτοῦ
2286 3882 2366 3942 εἰς
2391 3880 2544 3951 ᾅδην,
2572 3880 2687 3932 οὗθ’
2713 3882 2745 3950 ὴ
2784 3878 2922 3950 σὰρξ
2950 3880 3114 3932 αὐτοῦ
3140 3876 3249 3932 οἶδε
3280 3880 3598 3950 διαφθοράν.
3644 3901 3664 3932 ι

2092 3971 2168 4024 Οὐ
2203 3971 2312 4041 γάρ
2334 3988 2415 4023 τοι
2440 3970 2600 4041 θέμις
2634 3973 2829 4036 εἰπεῖν,
2882 3970 3057 4041 φθορᾷ
3098 3970 3199 4040 μὲν
3227 3970 3485 4024 δύνασθαι
3533 3990 3669 4041 κραο

2089 4062 2303 4115 τεῖσθαί
2330 4080 2461 4115 ποτε
2506 4063 2603 4135 τὴν
2647 4062 2941 4117 ἐνωθεῖσαν
2982 4063 3060 4133 τῷ
3097 4064 3254 4134 Λόγῳ
3304 4064 3502 4133 σάρκα,
3536 4066 3669 4119 κάτ-

2092 4171 2217 4225 οχον
2233 4154 2278 4208 δ’
2297 4150 2363 4208 αὖ
2386 4158 2505 4219 ταῖς
2526 4155 2652 4226 ᾇδου
2682 4154 2877 4219 πύλαις
2901 4156 2998 4224 τὴν
3023 4156 3172 4209 θείαν
3194 4156 3665 4227 γενέσθαιψυχήν·

2092 4248 2195 4301 οὐκ
2216 4248 2609 4318 ἐγκατελείφθη
2628 4248 2735 4319 γάρ
2760 4249 2839 4310 είς
2868 4247 3020 4319 ᾅδην,
3039 4247 3183 4301 καθά
3208 4248 3301 4301 καὶ
3328 4250 3353 4301 ὁ
3379 4248 3669 4310 θεσπέσιος

2094 4336 2197 4407 ἔφη
2234 4336 2463 4407 Πέτρος.
2494 4336 2570 4389 Οὐ
2602 4338 2709 4407 γάρ
2749 4354 2851 4389 που
2878 4338 2977 4407 τήν
3007 4353 3065 4389 τε
3104 4336 3343 4405 ἄληπτον
3370 4338 3669 4401 παντελῶς,

2097 4428 2192 4481 καὶ
2234 4428 2509 4482 ἀνάλωτον
2552 4428 2630 4499 τῷ
2665 4429 2881 4499 θανάτῳ
2916 4428 3099 4497 φύσιν,
3132 4430 3378 4482 τουτέστι
3408 4428 3509 4500 τὴν
3550 4430 3671 4482 θεό-

2095 4535 2235 4589 τητα
2262 4518 2357 4571 τοῦ
2390 4517 2730 4588 Μονογενοῦς
2754 4558 2770 4582 ,
2821 4519 2931 4573 τῶν
2965 4520 3069 4573 ὑπὸ
3115 4518 3278 4591 χθόνα
3315 4522 3503 4592 μυχῶν
3541 4524 3673 4575 ἀναο

2095 4609 2418 4680 κεκομίσθαι
2447 4612 2690 4682 φήσομεν
2711 4630 2723 4643 ·
2754 4612 2879 4665 οὔτε
2910 4612 3018 4683 γὰρ
3048 4612 3114 4666 ἂν
3150 4612 3360 4684 ἠξιώθη
3389 4615 3447 4667 τὸ
3482 4617 3674 4687 χρῆμα

2094 4702 2395 4771 θαύματος,
2430 4704 2479 4754 εἰ
2523 4704 2597 4774 μὴ
2657 4704 2966 4775 μεμένηκεν
2992 4706 3073 4768 εἰς
3099 4705 3193 4758 τὸν
3225 4706 3355 4777 ᾅδην
3388 4708 3416 4759 ὁ
3443 4707 3507 4760 ἐκ
3534 4708 3673 4760 Θεοῦ

2090 4796 2284 4865 Λόγος,
2349 4800 2415 4867 τῇ
2459 4798 2558 4867 τῆς
2627 4797 2881 4868 θεότητος
2938 4797 3190 4868 ἐνεργείᾳ
3230 4815 3289 4850 τε
3341 4800 3435 4851 καὶ
3488 4798 3671 4866 φύσει,

2094 4887 2418 4959 παραδόξως
2477 4905 2536 4939 τε
2600 4888 2695 4941 καὶ
2756 4889 2895 4959 ὑπὲρ
2954 4889 3133 4957 λόγον,
3178 4889 3400 4960 πληρῶν
3456 4891 3553 4960 μὲν
3604 4893 3675 4944 τά

2096 4981 2294 5043 πάντα,
2326 4982 2424 5035 καὶ
2452 4984 2564 5043 τοῖς
2595 4982 2761 5035 πᾶσιν
2790 4982 3090 5053 ἐπιδημῶν.
3108 4982 3403 5052 Ἀνώτερον
3429 4984 3536 5051 γάρ
3567 4999 3670 5033 που

2098 5072 2192 5124 καὶ
2225 5072 2587 5143 περιορισμοῦ
2622 5073 2716 5125 κοιλ⁵
2741 5072 2905 5126 τόπου
2936 5075 3031 5127 καὶ
3058 5073 3321 5144 μεγέθους
3354 5072 3624 5146 μετρητοῦ
3644 5084 3671 5121 ιι

2096 5167 2158 5217 τὸ
2189 5165 2365 5227 Θεῖον,
2402 5166 2534 5218 αὐτὸ
2572 5165 2629 5218 δὲ
2661 5166 2767 5219 ὑπὸ
2797 5168 3024 5237 μηδενὸς
3052 5166 3418 5238 χωρούμενον.

2231 5487 2275 5520 ⁸³
2312 5488 2433 5543 Act.
2469 5505 2529 5554 ιι,
2563 5489 2740 5545 2951.

1513 5642 1680 5698 Variae
1712 5641 1978 5697 lectiones
2017 5641 2221 5697 codicis
2252 5640 2615 5711 Seguieriani.

490 5817 520 5861 1
547 5806 744 5879 μέτρου
771 5806 861 5859 καὶ
891 5804 1078 5875 τόμον.
1110 5800 1407 5871 Utrumque
1435 5798 1588 5856 deest
1614 5798 1666 5853 in
1708 5797 1982 5867 manuscri

2116 5797 2474 5869 Seguierauo.
