4044 6332
392 433 530 490 1165

1341 422 1430 478 DE
1472 419 1698 475 macra
1739 419 1894 474 FIDE
1933 405 2038 474 An"
2066 418 2512 475 Ttttconosmu
2553 419 2695 472 IMP.

3506 421 3643 474 HGG

461 551 590 605 ΚΒ.
615 544 967 618 Παράδοξονι·
996 542 1054 596 δὲ
1081 541 1175 596 καὶ
1206 541 1386 594 οὐδενὶ
1421 541 1528 594 τῶν
1554 540 1722 593 ὄντων
1752 539 1967 610 θαυμα-

2140 538 2305 594 XXII.
2350 539 2544 593 Mirum
2593 553 2723 593 vero
2777 537 2946 592 rideri
3000 537 3182 602 debet,
3238 539 3378 607 quod
3449 555 3649 611 corpus

389 639 514 694 στδν
535 647 583 700 ⁸.
612 639 696 692 ὅτι
726 635 887 706 σῶμα
928 633 1026 705 μὲν
1060 631 1260 686 ἀνεϐίω
1291 631 1350 684 τὸ
1387 635 1463 702 τῇ
1505 630 1663 698 φύσει
1691 629 1930 700 φθαρτόν
1950 645 1963 658 ⁸

389 724 456 797 ἦν
485 727 593 796 γὰρ
629 725 761 778 ἴδιον
784 723 879 777 τοῦ
909 721 1188 792 ἀφθάρτου
1215 720 1411 788 Λόγου.
1430 719 1586 790 Ψυχὴ
1610 720 1664 772 δὲ
1691 720 1754 790 δὴ
1782 720 1966 782 πάλιν,

390 817 489 886 τὴν
537 815 672 886 πρὸς
720 815 883 870 αὑτὸν
913 810 1158 882 λαχοῦσα
1187 811 1495 882 συνδρομήν
1527 827 1585 861 τε
1618 815 1710 865 καὶ
1741 813 1958 874 ἕνωσιν,

393 909 834 978 καταπεφοίτηκε
869 907 968 977 μὲν
1016 909 1097 970 εἰς
1131 906 1283 977 ᾇδου,
1331 905 1626 976 θεοπρεπεῖ
1650 905 1708 959 δὲ
1739 904 1967 974 δυνάμει

394 1002 490 1054 καὶ
550 999 771 1070 ἐξουσία
823 999 1104 1070 χρωμένη,
1151 999 1398 1060 καὶτοῖς
1449 1001 1630 1051 ἐκεῖσε
1692 995 1968 1063 πνεύμασι

395 1093 770 1162 κατεφαίνετο.
832 1091 1129 1162 Τοιγάρτοι
1207 1091 1303 1144 καὶ
1362 1090 1569 1158 ἔφασκε
1614 1092 1724 1152 τοῖς
1778 1089 1836 1140 ἐν
1886 1087 1971 1139 δε-

397 1188 581 1256 σμοῖς
618 1205 638 1237 ‹
686 1171 958 1250 Ἐξέλθετε
979 1202 992 1214 ο
1024 1184 1118 1238 καὶ
1145 1185 1255 1247 τοῖς
1281 1185 1338 1235 ὲν
1474 1182 1683 1235 σκότει·
1733 1182 1965 1233 Ἀνακα-

395 1277 682 1331 λύπτεσθε.
719 1296 737 1327 ι
774 1276 882 1330 Καί
917 1295 1006 1347 μοι
1057 1277 1206 1330 δοκεῖ
1248 1276 1414 1344 φάναι
1448 1291 1500 1326 τι
1543 1272 1782 1327 τοιοῦτον
1815 1273 1910 1326 καὶ
1943 1273 1970 1323 ό

397 1365 680 1428 Θεσπέσιος
722 1363 926 1435 Πέτρος
971 1364 1103 1435 περὶ
1144 1362 1240 1416 τοῦ
1297 1363 1432 1416 Θεοῦ
1487 1362 1686 1431 Λόγου,
1733 1362 1827 1416 καὶ
1871 1362 1970 1431 τῆς

395 1460 515 1512 καθ’
543 1459 734 1512 ἕνωσιν
772 1458 1084 1530 οἰκονομίας
1107 1462 1123 1494 ι
1157 1456 1534 1527 γεγενημένης
1566 1455 1727 1509 αῖνικ)ὖ
1753 1453 1932 1524 ψυχῆς
1951 1470 1965 1483 '

400 1573 419 1603 ι
458 1555 500 1606 Κ
512 1556 720 1624 ρεῖττον
750 1552 860 1622 γὰρ
884 1549 1370 1621 ἀγαθοποιοῦντας,
1407 1550 1456 1601 εἰ
1489 1547 1631 1601 θέλοι
1669 1546 1730 1599 τὸ
1757 1545 1969 1616 θέλημα

393 1647 488 1700 τοῦ
513 1645 670 1710 Θεοῦ,
699 1646 954 1717 πάσχειν,
981 1646 1013 1716 ἢ
1044 1642 1508 1703 κακοποιοῦντας·
1539 1643 1620 1694 δτι
1653 1640 1746 1693 καὶ
1780 1640 1808 1691 ὁ
1831 1640 1970 1710 Χρι-

396 1740 520 1802 στὸς
556 1737 705 1803 ἅπαξ
738 1737 880 1808 ὑπὲρ
910 1735 1253 1807 ἁμαρτωλῶν
1287 1734 1526 1788 ἀπέθανε
1549 1771 1564 1796 ,
1593 1733 1798 1794 δίκαιος
1830 1730 1969 1800 ὑπὲρ

393 1831 614 1897 ἀδίκων,
664 1830 730 1882 ἵν’
759 1831 907 1900 ἡμᾶς
956 1827 1284 1900 προσαγάγῃ
1336 1825 1413 1897 τῷ
1459 1825 1599 1894 Θεῷ,
1634 1812 1970 1885 θανατωθεὶς

2071 639 2265 698 suapte
2299 639 2493 684 natura
2538 629 2778 683 interitui
2826 639 2881 683 et.
2919 628 3080 683 morti
3109 629 3402 684 obnoxium
3461 631 3528 683 ad
3569 634 3649 684 vi-

2073 729 2184 773 tam
2226 719 2404 774 denuo
2471 718 2700 772 redierit
2742 735 2757 771 :
2805 718 2857 773 id
2907 720 3053 774 enim
3107 719 3434 774 immortalis
3483 718 3646 774 Verbi

2071 811 2352 882 proprium
2401 819 2540 866 erat.
2592 811 2684 864 Sic
2732 825 2950 880 quoque
2996 811 3197 875 anima,
3239 827 3360 880 qua:
3392 828 3514 866 cum
3559 814 3651 867 illu

2073 903 2359 972 conjuncta
2391 904 2749 974 copulataque
2781 905 2978 971 fuerat,
3007 906 3074 961 ad
3101 905 3306 960 inferos
3329 907 3647 968 descendit,

2072 997 2362 1067 divinaque
2388 997 2589 1052 virtute
2622 1012 2686 1052 ac
2720 996 2960 1066 potentia
2993 1007 3172 1061 utens,
3203 999 3484 1066 spiritibus
3511 1015 3650 1068 quo-

2071 1102 2178 1157 que
2207 1086 2408 1142 ibidem
2440 1087 2671 1157 captivis
2699 1103 2820 1142 sese
2849 1088 3183 1144 exhibuit“.
3219 1089 3433 1144 Etenim
3466 1091 3530 1146 iis
3555 1092 3648 1160 qui

2072 1176 2305 1232 vinculis
2355 1178 2430 1233 ibi
2463 1177 2744 1232 constricti
2784 1177 3173 1234 detinebantur
3204 1197 3217 1233 :
3255 1197 3274 1230 ι
3307 1180 3484 1245 Exite,
3524 1183 3599 1235 ait
3632 1199 3646 1233 :

2072 1271 2139 1326 iis
2163 1285 2289 1327 vero
2325 1269 2419 1341 qui
2458 1270 2700 1326 tenebris
2720 1269 3140 1340 operiebantur:
3166 1270 3500 1328 Revelamini
3527 1277 3593 1326 ⁵⁸.
3623 1295 3641 1326 ι

2070 1364 2248 1433 Atque
2299 1363 2405 1418 huc
2460 1362 2589 1417 mihi
2643 1377 2871 1434 magnus
2945 1363 3034 1418 ille
3087 1364 3281 1420 Petrus
3339 1367 3649 1437 respexisse

2072 1454 2303 1520 videtur,
2341 1467 2464 1508 cum
2493 1453 2560 1508 de
2596 1450 2692 1507 Dei
2728 1451 2926 1516 Verbo,
2963 1451 3312 1524 ejusdemque
3347 1458 3646 1510 secundum

2072 1545 2525 1616 dispensatoriam
2578 1545 2834 1600 unionem
2885 1546 3088 1612 anima,
3145 1549 3289 1602 hunc
3325 1548 3376 1602 in
3428 1551 3645 1604 modum

2072 1637 2430 1693 concionatur
2462 1655 2477 1689 :
2511 1657 2528 1689 ι
2561 1636 2752 1694 Melius
2797 1649 2880 1692 est
2928 1639 3075 1693 enim
3133 1640 3534 1697 hencl‘acientes
3580 1646 3646 1710 (si

2073 1731 2319 1786 voluntas
2354 1728 2447 1785 Dei
2484 1729 2635 1800 velit)
2672 1731 2807 1800 pati,
2838 1746 2999 1800 quam
3032 1731 3438 1790 maleiacicntes
3471 1753 3484 1787 :
3519 1738 3646 1805 quia

2072 1834 2126 1878 ct
2155 1824 2406 1877 Christus
2440 1822 2604 1876 semel
2643 1837 2742 1893 pro
2770 1825 3009 1893 peccatis
3040 1828 3242 1882 nostris
3270 1837 3517 1883 mortuus
3540 1839 3644 1894 est,

396 1924 495 1990 μὲν
547 1921 745 1992 σαρκὶ,
797 1918 1153 1990 ζωοποιηθεὶς
1197 1919 1253 1971 δὲ
1301 1918 1379 1988 τῷ
1423 1917 1729 1987 πνεύματι·
1796 1918 1855 1969 ἐν
1900 1909 1965 1984 ᾧ,

2072 1916 2244 1984 iustus
2289 1930 2384 1986 pro
2411 1915 2648 1985 injustis,
2677 1915 2786 1986 2o
2814 1925 2870 1969 ut
2917 1931 3017 1972 nos
3047 1915 3267 1974 oll‘erret
3296 1919 3405 1974 Deo
3431 1936 3445 1985 ;
3495 1936 3646 1976 mor-

394 2014 547 2082 φησὶ,
605 2013 700 2066 καὶ
761 2014 870 2075 τοῖς
935 2013 992 2064 ἐν
1063 2013 1277 2082 φυλακῇ
1344 2010 1617 2080 πνεύμασι
1681 2007 1968 2078 πορευθεὶς

393 2101 1024 2176 ἐκήρυξεν,άπειθήσασί
1048 2119 1199 2156 ποτε.
1229 2122 1247 2155 ι
1279 2102 1411 2156 Οὐδὲ
1439 2102 1568 2172 γὰρ,
1600 2098 1778 2171 οἶμαι,
1809 2103 1966 2169 φαῖεν

393 2192 482 2256 ἂν,
525 2193 598 2256 ὡς
645 2191 826 2262 γυμνὴ
855 2194 950 2246 καὶ
979 2191 1098 2246 καθ’
1139 2192 1336 2262 ἑαυτὴν
1379 2193 1413 2262 ἡ
1445 2192 1636 2262 θεότης
1664 2191 1757 2244 τοῦ
1788 2192 1965 2244 Μονο-

393 2280 585 2348 γενοῦς
625 2281 1066 2351 καταπεφοίτηκε
1114 2282 1212 2352 μὲν
1247 2283 1326 2345 εἰς
1373 2281 1524 2352 ᾅδου,
1582 2279 1868 2352 διεκήρυξε
1907 2276 1963 2333 δὲ

391 2374 503 2435 τοῖς
548 2374 726 2426 ἐκεῖσε
772 2373 1078 2443 πνεύμασιν
1112 2413 1127 2438 ,
1178 2374 1420 2438 ἄποπτος
1467 2371 1603 2428 οὖσα
1647 2372 1959 2436 παντελῶς

393 2465 632 2534 κρεῖττον
663 2464 769 2536 γὰρ
797 2465 884 2518 ἀεὶ
920 2465 1015 2518 τοῦ
1041 2465 1272 2537 ὁρᾶσθαι
1297 2467 1360 2519 τὸ
1401 2467 1576 2520 Θείον.
1615 2466 1757 2518 Ἀλλ’
1783 2466 1844 2518 οὐ
1877 2465 1962 2518 δο-

391 2558 548 2624 κήσει
577 2557 669 2609 καὶ
692 2557 1178 2627 ὲσχηματισμένως
1220 2558 1302 2620 είς
1332 2557 1392 2611 τὸ
1419 2557 1600 2628 ψυχῆς
1630 2553 1769 2621 εἶδος
1793 2557 1962 2628 αὐτὴν

396 2646 787 2718 μεμορφῶσθαι
835 2646 1077 2718 δώσομεν
1101 2662 1114 2676 ⁸
1167 2649 1534 2718 παραιτητέον
1568 2649 1676 2718 γάρ
1715 2648 1966 2718 πανταχῆ

392 2739 490 2809 τὴν
517 2740 755 2810 δόκησιν.
775 2739 914 2792 Ἀλλ’
943 2738 1132 2811 ῶσπερ
1163 2743 1276 2804 τοῖς
1299 2741 1392 2792 ἐπὶ
1419 2740 1524 2811 γῆς
1549 2741 1962 2810 σύνανεστράφη

397 2833 536 2902 μετὰ
562 2833 783 2903 σαρκὸς,
818 2831 959 2885 οὕτω
1005 2833 1100 2886 καὶ
1146 2836 1268 2896 ταῖς
1299 2836 1378 2897 είς
1407 2833 1533 2904 ᾅδου
1563 2833 1760 2904 ψυχαῖς
1787 2832 1967 2902 διεκή-

396 2923 573 2995 ρυξεν,
625 2925 754 2981 ἴδιον
809 2924 950 2994 ἔχων
1009 2925 1258 2995 φόρημα,
1311 2926 1409 2996 τὴν
1467 2925 1760 2978 ὲνωθεῖσαν
1814 2923 1962 2995 αὑτῷ

396 3019 596 3088 $591+."-

394 3111 680 3178 degebaut,
732 3119 976 3166 versatus
1023 3119 1106 3167 est
1137 3111 1191 3166 in
1240 3124 1513 3180 corpore;
1549 3110 1622 3165 ita
1689 3110 1992 3181 spiritibus,

2069 2009 2305 2062 titicatus
2367 2007 2584 2076 quidem
2655 2022 2858 2072 carne,
2926 2007 3230 2066 viviﬁcatus
3297 2023 3476 2066 autem
3534 2015 3647 2083 spi-

2069 2100 2258 2166 ritu“,
2320 2099 2371 2154 in
2422 2113 2528 2168 quo
2572 2109 2627 2154 et
2673 2101 2758 2154 his
2792 2100 2884 2170 qui
2921 2100 2975 2155 in
3023 2116 3247 2158 carcere
3295 2114 3454 2159 erant
3482 2107 3647 2176 spiri-

2069 2193 2209 2246 tibus
2261 2192 2484 2247 veniens
2536 2191 2890 2261 praedicavit,
2943 2193 3037 2261 qui
3112 2196 3371 2251 increduli
3430 2197 3648 2254 fuerant

2063 2281 2409 2351 aliquandOJ
2440 2279 2550 2336 Nec
2573 2296 2701 2337 vero
2720 2283 2902 2337 dicent
2927 2283 3266 2340 divinitatem
3286 2303 3378 2354 per
3400 2304 3459 2343 se
3478 2289 3646 2345 solam

2073 2374 2139 2427 ad
2179 2373 2383 2429 inferos
2421 2375 2793 2440 descendisse,
2837 2375 3228 2447 Spir-ilibusque
3276 2379 3474 2435 ibidem
3518 2399 3649 2438 con-

2071 2466 2238 2520 clusis
2284 2467 2643 2536 praedicasse;
2694 2483 2816 2523 cum
2871 2468 2989 2536 ipsa
3040 2471 3262 2526 omnino
3309 2475 3412 2527 sub
3463 2477 3654 2530 oculos

2075 2574 2179 2612 nou
2209 2558 2399 2622 cadat,
2444 2559 2898 2630 przestantiorque
2955 2561 3046 2625 sit,
3094 2576 3258 2632 quam
3319 2575 3376 2618 ut
3422 2568 3488 2620 ab
3537 2568 3654 2621 ullo—

2072 2649 2220 2702 cerni
2257 2657 2444 2719 queat.
2477 2648 2586 2704 Nec
2615 2650 2778 2703 etiam
2818 2652 3223 2706 concedendum
3261 2666 3343 2709 est
3390 2656 3556 2724 ipsam
3593 2661 3644 2712 in

2074 2751 2421 2811 apparentem
2466 2741 2663 2796 animae
2711 2743 2946 2811 Speciem
2990 2746 3428 2801 transformatani
3478 2765 3648 2805 esse:

2069 2833 2339 2902 siquidem
2393 2841 2632 2886 externa:
2684 2832 2840 2888 istius
2891 2837 3219 2903 apparentia.-
3279 2848 3646 2894 commentqu

2071 2925 2298 2982 omnino
2333 2923 2604 2994 repudiari
2656 2925 2832 2980 debet.
2881 2925 2987 2980 Sed
3024 2929 3476 2994 quemadmodum
3520 2930 3650 2986 Uni-

2069 3019 2284 3089 genitus
2334 3011 2461 3072 cum
2520 3017 2621 3082 iis,
2667 3018 2756 3087 qui
2814 3033 2865 3072 in
2936 3021 3258 3088 corporibus
3305 3023 3416 3077 suis
3466 3025 3662 3093 adhuc.

2067 3111 2160 3180 qui
2213 3111 2354 3181 apud
2405 3109 2608 3164 inferos
2663 3110 3014 3177 tenebantur,
3074 3113 3312 3169 animam
3358 3128 3540 3173 mente
3593 3130 3648 3172 et.

395 3203 607 3258 ratione
645 3204 926 3271 praeditam
964 3203 1066 3258 sibi
1100 3202 1446 3272 conjunctatn
1483 3204 1711 3268 habens,
1747 3205 2106 3259 concionatus
2146 3212 2252 3258 est.

468 3296 595 3348 Kl".
633 3295 743 3349 Καὶ
779 3294 946 3364 βαθὺς
978 3296 1076 3366 μὲν
1110 3295 1238 3359 ἴσως
1268 3296 1366 3348 καὶ
1393 3296 1702 3368 ἀπόρρητος
1755 3297 1967 3368 άληθῶς

2143 3295 2332 3351 XXIII.
2376 3296 2470 3352 Est
2518 3312 2651 3353 sane
2685 3297 3080 3354 incarnationis
3127 3303 3316 3358 modus
3361 3306 3646 3365 admodum

396 3387 491 3442 καὶ
529 3390 651 3450 ταῖς
694 3389 992 3458 ἡμετέραις
1041 3387 1303 3452 διανοίαις
1345 3389 1444 3459 οὐχ
1490 3388 1762 3459 ἁλώσιμος
1801 3391 1829 3442 ὁ
1867 3388 1967 3458 τῆς

394 3478 858 3550 ὲνανθρωπήσεως
886 3479 1104 3550 τρόπος.
1151 3480 1359 3532 Ἐκεῖνο
1388 3481 1433 3533 δ’
1467 3475 1558 3534 οὖν
1591 3481 1741 3551 ὅμως
1771 3481 1964 3534 ἀναλο-

393 3568 642 3638 γίζεσθαι
688 3568 920 3640 πρέπεν
966 3570 1034 3622 τὰ
1076 3569 1186 3640 γάρ
1213 3587 1297 3622 τοι
1349 3569 1423 3640 μὴ
1467 3569 1589 3622 καθ’
1622 3571 1772 3640 ἡμᾶς
1809 3571 1970 3623 πολυ-

395 3663 754 3733 πραγμονεῖν,
789 3661 890 3714 οὐκ
918 3661 1152 3732 ἀζήμιον
1175 3678 1189 3694 ·
1242 3663 1571 3716 ἁνούστατον
1608 3663 1665 3716 δὲ
1691 3663 1970 3727 παντελῶς

393 3755 456 3808 τὸ
489 3753 741 3825 βασάνοις
780 3754 1075 3824 ὑποφέρειν
1099 3755 1168 3810 τὰ
1201 3755 1340 3825 ὑπὲρ
1367 3755 1516 3819 νοῦν,
1555 3757 1645 3808 καὶ
1677 3755 1970 3826 πειρᾶσθαι

395 3848 535 3900 νοεῖν
570 3846 607 3900 ἃ,
656 3847 756 3918 οὐχ
780 3841 891 3899 οἷον
915 3864 995 3900 τε.
1029 3850 1100 3901 "II
1127 3848 1226 3901 οὐκ
1267 3844 1444 3915 οἶσθα,
1491 3851 1572 3903 ὅτι
1617 3853 1680 3901 τὸ
1731 3849 1865 3917 βαθὺ
1906 3849 1968 3919 δὴ

394 3937 553 3992 τοῦτο
585 3939 902 4009 μυστήριον,
937 3939 1031 3991 καὶ
1055 3937 1179 3992 νοῦν
1208 3940 1476 4012 ὑπερέχον
1508 3939 1596 3992 τὸν
1627 3941 1684 3992 ὲν
1716 3940 1870 4009 ἡμῖν,
1901 3943 1967 4010 τῇ

395 4030 552 4102 ἡμῶν
576 4030 997 4101 ἁπεριεργάστῳ
1025 4030 1206 4084 πίστει
1262 4033 1585 4103 τετίμηται;
1616 4033 1688 4086 Τὸ
1713 4034 1769 4088 δὲ
1803 4036 1969 4088 ὰσυν-

397 4127 532 4189 ἐτως
569 4125 779 4194 λέγειν,
828 4147 846 4178 ι
880 4126 999 4190 Πῶς
1026 4126 1245 4179 δύναται
1273 4124 1444 4178 ταῦτα
1487 4125 1774 4194 γενέσθαι;
1813 4144 1831 4177 ι
1868 4126 1969 4178 Νι-

400 4217 623 4289 κοδήμῳ
641 4235 701 4270 τε
725 4219 918 4288 ἐκείνῳ
962 4217 1057 4271 καὶ
1088 4219 1202 4281 τοῖς
1228 4219 1352 4271 κατ’
1385 4217 1550 4271 αὐτὸν
1575 4218 1966 4289 ἀπονέμοντες,

399 4307 785 4370 άνενδοιάστως
818 4306 1252 4378 παραδεξώμεθα
1285 4307 1354 4361 τὰ
1376 4307 1464 4361 διὰ
1483 4307 1576 4360 τοῦ
1619 4307 1764 4361 θείου
1799 4307 1970 4361 Πνεῦ-

403 4413 572 4467 ματος
617 4396 1108 4468 χρησμῳδούμενα,
1148 4398 1243 4450 καὶ
1295 4396 1442 4467 αὺτῷ
1480 4397 1538 4450 δὲ
1588 4397 1969 4467 πιστεύσωμεν

398 4488 606 4556 λέγοντι
642 4487 892 4559 Χριστῷ·
933 4506 951 4539 ι
992 4488 1184 4559 Ἀμὴν,
1217 4487 1362 4560 ἀμὴν
1386 4489 1530 4558 λέγω
1579 4491 1727 4560 ὑμῖν,
1753 4488 1790 4543 ἃ
1822 4489 1962 4542 οῖδα-

398 4599 519 4652 μεν,
572 4581 860 4652 λαλοῦμεν,
910 4581 1005 4635 καὶ⁵
1047 4580 1083 4635 δι
1118 4583 1463 4653 ἑωράκαμεν,
1504 4582 1908 4654 μαρτυροῦμεν.
1943 4602 1962 4636 ι

2075 3389 2312 3454 subtilis,
2351 3404 2586 3458 vereque
2627 3391 3062 3461 inexplicabilis;
3114 3394 3236 3450 talis
3269 3397 3506 3466 demum,
3549 3405 3646 3472 qui

2074 3482 2421 3552 cogitationis
2462 3492 2762 3553 captusque
2790 3486 2965 3540 nostri
2997 3489 3276 3558 angustias
3304 3492 3489 3548 multis
3527 3509 3653 3564 par-

2075 3575 2219 3629 tibus
2258 3574 2508 3629 excedat.
2540 3575 2884 3645 Quapropter
2920 3578 3056 3634 illud
3102 3581 3296 3637 iterum
3346 3585 3650 3658 iterumque

2074 3667 2380 3735 expendere
2435 3682 2531 3721 nos
2577 3669 2785 3723 decet:
2827 3685 3057 3741 nempe,
3112 3682 3172 3726 ut
3227 3677 3470 3743 periculo
3542 3696 3650 3734 non

2075 3767 2232 3814 vacat
2275 3759 2548 3815 curiosius
2589 3761 2642 3815 in
2680 3777 2744 3816 ea
2775 3761 3072 3831 inquirere,
3109 3781 3230 3836 quae
3262 3768 3497 3826 humana
3541 3789 3650 3828 non

2075 3862 2236 3905 sunt:
2268 3851 2339 3906 ita
2382 3861 2641 3908 extremae
2675 3854 2961 3910 dementia:
2994 3856 3164 3912 videri
3203 3875 3265 3914 ea
3300 3877 3420 3931 quae
3452 3867 3650 3920 mentis

2075 3953 2275 4000 nostra?
2326 3946 2498 4000 aciem
2544 3947 2856 4014 excedunt,
2904 3949 3128 4004 humani
3170 3952 3359 4022 judicii
3421 3958 3647 4012 trutinae

2075 4037 2342 4107 subjicere
2383 4037 2604 4094 moliri:
2637 4039 2720 4094 vel
2768 4041 2835 4095 ad
2881 4055 3068 4096 eorum
3124 4059 3338 4100 rursum
3385 4048 3652 4118 cognitio-

2075 4145 2198 4185 nem
2252 4131 2410 4194 eniti,
2469 4146 2590 4201 qute
2641 4130 2791 4188 nullo
2843 4143 3004 4202 pacto
3052 4144 3240 4190 nostra
3293 4138 3651 4210 intelligentia

2074 4221 2461 4291 comprehendi
2511 4232 2758 4292 possunt.
2800 4221 2992 4279 Nescis
3019 4226 3340 4296 profundum
3386 4229 3489 4286 hoc
3535 4247 3654 4304 my-

2074 4315 2326 4380 sterium,
2356 4314 2617 4384 omnique
2650 4317 2890 4372 humano
2911 4332 3076 4374 sensu
3110 4321 3417 4386 sublimius,
3447 4323 3552 4377 ﬁde
3582 4325 3652 4378 ab

2072 4406 2220 4461 omni
2275 4406 2491 4462 curiosa
2543 4407 2795 4477 indagine
2837 4409 3013 4466 aliena
3066 4410 3324 4467 honorari
3375 4428 3410 4467 ιι
3455 4415 3656 4469 nobis?

2075 4496 2436 4564 Quamobrem
2469 4498 2687 4553 stultam
2717 4499 2860 4554 illam
2891 4501 3243 4570 quaestionem
3271 4520 3286 4559 :
3324 4522 3342 4556 ‹
3371 4503 3652 4570 Quomodo

2075 4600 2300 4659 possunt
2341 4592 2456 4650 haec
2489 4589 2602 4647 ﬁeri
2629 4592 2716 4644 '7?
2747 4611 2765 4644 ι
2810 4591 3104 4648 Nicodcmo
3129 4595 3354 4664 ejusque
3385 4596 3654 4652 similibus

395 4675 637 4746 υξχέσθω
662 4675 727 4746 δὴ
760 4668 854 4728 οὖν
883 4674 1048 4746 λῆρος
1081 4674 1182 4744 μὲν
1212 4673 1378 4740 ἅπας,
1428 4674 1594 4746 μῦθός
1624 4692 1684 4728 τε
1709 4674 1967 4745 ἀδρανὴς,

2078 4681 2484 4751 relinquentes,
2539 4681 2674 4736 citra
2739 4681 2902 4736 ullam
2959 4663 3355 4740 haesitationem
3415 4687 3650 4757 Spiritus

394 4769 489 4822 καὶ
527 4767 869 4838 ψευδοδοξία,
903 4768 996 4820 καὶ
1031 4765 1491 4837 κεκομψευμένων
1536 4768 1838 4839 ρημάτωνιι
1885 4784 1974 4836 φεο

396 4860 688 4931 νακισμόςο
740 4859 1081 4931 προσιέμεθα
1125 4857 1243 4911 οὔτι
1295 4877 1397 4912 που
1449 4857 1510 4912 τὺ
1583 4859 1971 4914 κατασίνεσθαι

396 4953 639 5022 πεφυκὸς
661 4991 677 5018 ,
709 4953 810 5006 κᾶν
850 4954 899 5006 εἰ
932 4954 1044 5016 τοῖς
1077 4951 1216 5020 ἄγαν
1259 4951 1676 5024 ἐξησκημένοις,
1728 4954 1823 5006 καὶ
1865 4953 1971 5023 μὴν

395 5047 490 5097 καὶ
517 5047 734 5115 πικροῖς
761 5047 912 5115 ἡμᾶς
939 5048 1327 5117 κατακροτοῖεν
1369 5056 1393 5083 ν
1427 5045 1607 5113 λόγοις
1636 5047 1682 5098 οἰ
1724 5045 1792 5099 δι’
1815 5047 1966 5098 ἐναν-

394 5137 532 5199 τίας.
570 5138 724 5189 Ἔστι
755 5138 864 5206 γὰρ
909 5137 969 5189 τὺ
1013 5137 1154 5191 θεῖον
1202 5139 1364 5208 ἡμῶν
1412 5138 1714 5209 μυστήριον
1762 5136 1862 5190 οὐκ
1907 5138 1966 5188 ἐν

396 5228 600 5290 πειθοῖς
627 5229 817 5298 σοφίας
845 5228 1192 5300 ἀνθρωπίνης
1222 5230 1425 5298 λόγοις,
1457 5229 1572 5282 ἀλλ’
1601 5231 1660 5280 ἐν
1689 5227 1966 5291 ἀποδείξει

397 5319 734 5390 Ιινεύματος.

2071 4773 2247 4828 sancti
2280 4775 2497 4829 oracula
2539 4773 2921 4843 suscipiamus,
2962 4774 3175 4846 ipsique
3214 4777 3433 4834 Christo
3476 4781 3541 4834 de
3592 4797 3651 4834 se

2071 4866 2310 4936 loquenti
2363 4866 2522 4921 iidem
2576 4865 2916 4922 habeamus:
2949 4884 2968 4919 ι
2997 4866 3194 4937 Amen,
3246 4870 3443 4941 inquit,
3491 4888 3651 4929 amen

2068 4957 2191 5012 dico
2231 4955 2406 5020 vobis,
2464 4955 2589 5026 quia
2643 4971 2763 5026 quae
2795 4956 3018 5024 scimus,
3068 4957 3376 5029 loquimur;
3445 4972 3500 5017 et
3531 4979 3652 5033 quae

2071 5047 2323 5112 vidimus,
2350 5047 2692 5103 testamur".
2727 5068 2744 5100 ι
2779 5048 3008 5104 Valeant
3039 5051 3203 5122 igitur
3231 5053 3445 5121 deliria,
3477 5056 3655 5110 faces-

2075 5149 2198 5195 sant
2229 5153 2419 5193 omnes
2451 5138 2678 5194 inﬁrmae
2708 5141 2774 5194 ad
2807 5143 3240 5210 persuadendum
3283 5143 3499 5209 fabulae,
3533 5149 3652 5215 opi-

2079 5231 2374 5298 nionesque
2406 5227 2577 5295 falsae,
2609 5243 2673 5283 ac
2702 5229 3107 5299 phaleratarum
3136 5234 3446 5289 vocularum
3482 5237 3655 5307 impo-

2080 5334 2244 5374 stura:
2271 5337 2286 5375 :
2315 5319 2445 5372 nihil
2476 5319 2618 5373 enim
2661 5320 2804 5389 quod
2837 5321 3222 5378 detrimentum
3253 5323 3454 5381 aﬂ‘erre
3494 5328 3656 5390 δοιροι,

396 5412 758 5479 admittimus;
797 5413 1012 5469 etiamsi
1074 5413 1369 5469 adversarii
1429 5411 1902 5469 exercitatissimis
1962 5413 2358 5482 acerrimisque
2411 5411 2715 5468 rationibus
2776 5428 2875 5471 nos
2936 5415 3292 5485 pulsaverint.
3355 5416 3450 5475 Est
3509 5422 3657 5476 enim

467 5566 513 5598 “
553 5566 568 5619 l
601 5567 747 5623 Petr.
779 5584 857 5633 ιιι,
892 5569 973 5623 l9.
1053 5570 1096 5600 ⁸³
1139 5568 1242 5624 Isa.
1275 5585 1420 5634 xux,
1452 5569 1506 5624 9.

1586 5569 1632 5601 “
1671 5567 1864 5624 lPetr.
1900 5570 2104 5633 "1,17,
2141 5568 2229 5624 18.

2309 5569 2350 5602 ⁸⁷
2393 5570 2550 5626 Juau.
2583 5586 2668 5634 ιιι,
2702 5571 2756 5624 9.
2836 5573 2882 5604 “
2921 5572 3052 5631 ibid.
3085 5575 3173 5631 11.

1486 5723 1657 5781 Varitc
1690 5724 1949 5781 lectiones
1979 5724 2132 5780 codic
2157 5742 2184 5781 s
2211 5726 2570 5798 Srgtteiriani.

470 5868 498 5904 τ
525 5863 584 5916 οὐ
613 5862 931 5932 παράδοξον.
1010 5871 1034 5901 ⁸
1060 5863 1427 5936 ἀθαύμαστον.
1511 5869 1524 5906 ε
1559 5869 1924 5941 οἰκονομικήν.

2002 5875 2028 5904 υ
2059 5867 2365 5940 ῥηματίων.

2442 5878 2468 5910 τ
2501 5871 2772 5941 κρατοῖεν.
