4044 6332
395 296 597 382 ἰνιτ

1422 321 1479 374 S.
1520 317 1798 375 CYRILLI
1842 313 2310 372 ALEXANDRINI
2349 313 2670 370 AllClilEP.

3566 318 3704 374 “68

425 441 698 492 divinum
723 437 823 492 hoc
854 445 1097 491 nostrum
1133 443 1556 499 sacramentum,
1590 448 1698 490 non
1736 432 1787 486 in
1851 427 2300 500 persuasibilibus
2363 429 2616 483 humana:
2686 428 2965 497 sapientia:
2989 430 3171 486 verbis
3205 450 3219 487 :
3252 433 3346 487 sed
3389 432 3440 486 in
3483 431 3706 504 Spiritus

431 531 771 585 ostensione
810 529 1042 598 positum
1065 527 1132 582 θ’.
1165 549 1183 580 ι

527 621 718 677 XXIV.
765 620 1082 692 Unigenittts
1113 621 1295 692 igitur,
1329 620 1498 690 quiet
1533 619 1697 684 Dcus,
1725 629 1774 673 et
1813 618 2030 672 univer-

2209 616 2332 670 ΚΝ.
2375 617 2507 681 Θεὸς
2549 612 2642 670 οὗν
2677 615 2962 687 ὑπάρχων,
3005 616 3099 668 καὶ
3159 615 3272 670 τῶν
3305 616 3442 670 ὅλων
3489 618 3705 689 Κύριος,

458 731 639 768 sorum
696 715 993 769 secundum
1045 714 1359 783 Scripturas
1400 713 1664 768 Dominus
1718 724 1833 777 est,
1883 712 2038 766 nobis

457 808 708 876 apparuit
745 825 756 858 :
795 807 939 861 visus
969 817 1054 861 est
1090 808 1142 860 in
1181 817 1323 859 terra
1349 807 1418 871 το,
1448 815 1501 859 et
1533 807 1694 860 homo
1719 804 1914 868 factus,
1949 805 2033 858 his

435 900 544 964 -qni
590 901 642 952 in
689 899 928 951 tenebris
973 899 1351 962 versabantur,
1404 897 1599 960 illuxit,
1658 912 1766 950 non
1811 896 2038 964 phanta-

445 980 648 1052 smate,
693 998 785 1042 aut
831 1001 1061 1043 externo
1103 999 1309 1042 tantum
1363 991 1671 1054 schemate,
1709 989 1881 1043 absit!
1935 990 2039 1044 hoc

447 1083 597 1134 φηίηι
630 1083 852 1146 sentire,
885 1091 975 1134 aut
1003 1080 1203 1144 dicere,
1235 1091 1311 1134 est
1343 1091 1530 1150 aperte
1565 1082 1831 1135 insanire.
1853 1079 2039 1149 Neque

440 1187 672 1225 'rnrsmn
715 1187 809 1240 per
843 1173 923 1224 sui
973 1171 1346 1238 mutationem,
1387 1181 1478 1224 aut
1506 1173 1936 1237 conversionem,
1983 1174 2034 1225 in

455 1280 678 1319 carnem
726 1263 1150 1317 transformatns
1181 1264 1284 1333 21
1318 1274 1400 1317 est
1432 1281 1445 1317 :
1475 1262 1570 1318 Dei
1623 1265 1766 1317 enim
1796 1264 2034 1318 Verbum

441 1355 636 1409 omnis
685 1355 1001 1408 mutationis
1051 1369 1267 1424 expers,
1315 1371 1423 1409 uno
1474 1370 1690 1426 semper
1737 1357 2037 1424 eodemque

456 1445 620 1500 modo
667 1461 726 1500 se
768 1446 953 1500 habet.
997 1445 1181 1514 Neque
1229 1460 1468 1500 coaevam
1520 1450 1643 1500 cum
1694 1460 1857 1500 carne
1905 1447 2035 1500 sub—

459 1537 718 1592 stantiam
746 1536 971 1590 sortitus
992 1545 1075 1591 est
1103 1553 1116 1588 :
1149 1538 1261 1605 ipse
1291 1551 1523 1604 namque
1565 1537 1884 1592 saeculorum
1914 1552 2036 1592 con-

456 1631 600 1683 ditor
636 1637 743 1683 est.
783 1627 972 1697 Neque
1011 1629 1368 1697 hypostaseos
1395 1643 1603 1689 exsors,
1637 1637 1695 1682 ut
1728 1644 1909 1683 sermo
1945 1640 2038 1682 aut

457 1723 656 1776 nudum
685 1730 893 1775 tantum
930 1720 1270 1788 simplexque
1299 1722 1548 1784 verbum,
1573 1721 1715 1788 quod
1743 1720 1794 1773 in
1821 1721 2037 1774 homine

457 1816 778 1871 inhabitavit
810 1833 823 1870 :
856 1829 979 1868 nam
1012 1814 1099 1884 qui
1149 1828 1212 1867 ea
1255 1828 1375 1884 quin
1420 1830 1524 1867 non
1563 1823 1710 1878 sunt,
1750 1824 1938 1867 evocat
1981 1823 2040 1866 ut

457 1911 567 1963 sint
615 1918 671 1962 et
712 1908 1001 1972 exsistant,
1059 1907 1106 1961 is
1155 1906 1463 1961 necessario
1511 1907 1837 1975 prmexsistit
1870 1925 1883 1962 :
1921 1907 2037 1976 ipse

456 2001 600 2055 enim
653 2010 737 2056 est
781 2000 887 2054 vita
924 2014 991 2053 ex
1041 1999 1148 2051 vita
1208 1999 1318 2052 Deo
1364 1995 1527 2051 Patre
1575 2001 1897 2066 provedens,
1943 2000 2033 2067 qui

457 2092 677 2163 quidem
726 2091 1023 2146 secundum
1066 2091 1338 2160 propriam
1388 2090 1701 2159 hyposmsin
1754 2100 1808 2142 et
1853 2101 1936 2144 est
1980 2102 2034 2145 et

457 2183 795 2253 intelligitur.
834 2182 940 2236 Sed
974 2197 1151 2250 neque
1189 2195 1408 2236 carnem
1441 2195 1677 2249 quoque,
1703 2196 1822 2249 qum
1851 2181 2030 2233 anima

449 2274 667 2329 ratione
701 2275 924 2344 praedita
963 2284 1202 2338 vacaret,
1235 2273 1410 2327 induit
1438 2273 1910 2343 :qnandoquidem
1954 2273 2034 2327 vi—

449 2379 576 2418 vum
619 2364 748 2418 illud
793 2365 1226 2434 subsistensque,
1273 2379 1338 2419 ac
1368 2364 1476 2418 Deo
1503 2363 1653 2417 Patri
1696 2375 2025 2419 coaeternnm

448 2456 594 2511 Deus
618 2455 855 2511 Verbum
888 2457 1070 2510 servili
1118 2457 1287 2509 forma
1321 2467 1593 2525 suscepta,
1643 2471 1772 2509 vere
1804 2472 1868 2510 ex
1915 2472 2034 2508 lllll-

451 2550 583 2602 liere
632 2558 838 2613 natum,
885 2559 938 2602 et
975 2550 1134 2602 homo
1180 2548 1379 2604 factum
1432 2560 1549 2614 est,
1586 2559 1775 2617 estque
1805 2548 2033 2618 perinde

451 2641 748 2710 perfectum
802 2641 856 2692 in
903 2640 1244 2695 humanitate
1275 2657 1340 2695 ac
1389 2641 1440 2694 in
1477 2641 1699 2694 deitate.
1743 2637 1857 2692 Non
1891 2639 2032 2693 enim

449 2747 516 2786 ex
564 2731 679 2787 sola
725 2746 889 2786 carne
936 2740 991 2784 et
1041 2732 1260 2795 deitatc,
1309 2734 1406 2786 sed
1451 2748 1514 2786 ex
1549 2730 1788 2800 perfecta
1839 2731 2033 2783 huma-

2139 709 2281 763 κατὰ
2324 711 2422 773 τὰς
2462 709 2718 781 Γραφὰς,
2765 711 2794 761 ὀ
2831 709 3143 779 Μονογενὴς
3165 749 3184 771 ,.
3239 711 3512 779 ἑπέφανεν·
3543 713 3706 782 ἡμῖν·

2139 799 2294 871 ὤφθη
2340 801 2449 872 γὰρ
2493 801 2587 852 ἐπὶ
2628 798 2768 870 γῆς,
2808 800 2903 852 καὶ
2936 800 3218 870 ἐπέλαμψε
3263 803 3376 865 τοῖς
3418 804 3477 855 ἑν
3513 803 3707 863 σκότει,

2139 893 2425 962 γενόμενος
2449 891 2543 945 ἄνθ
2553 908 2734 962 ρωπος
2756 931 2776 956 ,
2797 892 2857 944 οὐ
2890 893 3106 962 δοκήσει
3130 931 3144 957 ,
3178 891 3250 962 μὴ
3276 893 3514 960 γένοιτοῑ
3551 895 3710 962 μανία

2140 983 2248 1054 γὰρ
2277 982 2434 1037 τοῦτό
2467 1001 2529 1052 γε
2560 986 2798 1054 φρονεῖν,
2825 983 2856 1053 ἢ
2887 982 3068 1052 λέγειν
3092 1000 3107 1013 ο
3136 984 3260 1037 οὒτε
3292 985 3398 1056 μὴν
3428 989 3508 1048 εἰς
3539 987 3711 1055 σάρκα

2140 1075 2494 1146 παρενεχθεὶς
2521 1074 2663 1128 κατὰ
2706 1076 3059 1145 μετάστασιν,
3095 1075 3126 1144 ἣ
3159 1077 3397 1148 τροπήν
3419 1077 3707 1130 ἀναλλοίω-

2140 1187 2230 1232 τος
2263 1171 2372 1240 γὰρ
2414 1169 2502 1223 ἀεὶ
2535 1169 2676 1223 κατὰ
2702 1169 2764 1222 τὸ
2802 1169 2934 1223 αὐτὸ
2980 1171 3076 1222 καὶ
3120 1170 3382 1233 ὡσαύτως
3424 1169 3560 1240 ἔχων
3595 1171 3624 1222 ὁ
3651 1172 3711 1222 ὲκ

2139 1264 2273 1316 Θεοῦ
2305 1264 2494 1332 Λόγος.
2539 1263 2679 1316 Ἀλλ’
2709 1262 2833 1316 οῦδὲ
2863 1263 3161 1333 ὁμόχρονον
3184 1266 3248 1334 τῇ
3285 1264 3447 1333 σαρκὶ
3473 1264 3571 1334 τὴν
3610 1263 3710 1315 ῦπ-

2140 1355 2297 1425 αρξιν
2325 1355 2466 1423 ἔχων
2489 1369 2501 1382 ⁸
2537 1353 2699 1418 αὐτὸς
2739 1357 2838 1426 γάρ
2865 1357 2980 1408 ἔστι
3013 1354 3122 1408 τῶν
3153 1355 3365 1408 αἰώνων
3397 1357 3426 1408 δ
3454 1354 3707 1426 Ποιητής.

2141 1445 2279 1499 υῦτε
2307 1447 2415 1516 μὴν
2439 1445 2514 1508 ὡς
2539 1444 2696 1511 λόγος
2725 1445 3120 1511 ἀνυπόστατος,
3149 1446 3268 1499 οὐδὲ
3289 1447 3366 1509 ὡς
3387 1447 3537 1518 ῥῆμα
3558 1449 3711 1516 ψιλὸν

2141 1542 2199 1592 ἑν
2235 1536 2508 1608 ἀνθρώπῳ
2535 1535 2756 1603 γεγονός
2773 1544 2804 1572 ι
2822 1554 2839 1566 ⁸
2861 1537 2890 1587 ὁ
2923 1535 3031 1605 γάρ
3059 1553 3140 1588 τοι
3167 1535 3345 1590 καλῶν
3369 1537 3441 1590 τὰ
3460 1538 3560 1590 οὐκ
3587 1538 3710 1590 ὄντα

2142 1629 2274 1683 ποτὲ
2351 1628 2487 1700 πρὸς
2544 1627 2781 1698 ὕπαρξιν
2843 1627 2941 1681 καὶ
2996 1629 3265 1697 γένεσιν,·
3300 1631 3712 1700 προῦφὲστηκεν

2140 1721 2490 1789 ἀναγκαίωςο
2540 1720 2704 1783 αὐτὸς
2746 1718 2855 1791 γάρ
2886 1721 3034 1772 ἑστιν
3083 1721 3116 1790 ή
3163 1719 3314 1788 ζωὴ,
3349 1720 3604 1789 πεφηνὼς
3649 1723 3712 1775 ἐκ

2142 1815 2287 1883 ζωῆς
2324 1812 2418 1866 τοῦ
2451 1811 2587 1865 Θεοῦ
2622 1811 2719 1864 καὶ
2749 1811 2962 1882 Πατρὸς
2983 1849 2997 1875 ,
3026 1811 3182 1874 ὖντος
3205 1829 3267 1867 τε
3293 1813 3385 1866 καὶ
3423 1813 3711 1883 νοουμένου

2143 1908 2263 1959 κατ’
2310 1905 2442 1959 ἰδίαν
2491 1904 2807 1958 ὑπόστασιν.
2848 1903 2990 1956 Ἀλλ’
3027 1903 3149 1956 οὐδὲ
3185 1905 3356 1975 μόνην
3403 1905 3715 1976 ἠμπέσχετο

2072 1977 2111 2031 Β
2145 1997 2322 2068 σάρκα
2349 1997 2527 2068 ψυχῆς
2558 1996 2776 2066 ἐρήμην
2811 1995 2910 2063 τῆς
2955 1995 3210 2066 λογικῆςο
3251 1996 3572 2067 γεγέννηται
3611 1998 3713 2068 γὰρ

2146 2090 2287 2144 κατὰ
2315 2089 2578 2159 ἀλήθειαν·
2601 2089 2664 2140 ἐκ
2697 2087 2976 2157 γυναικὸς,
3011 2088 3104 2140 καὶ
3136 2087 3380 2158 πέφηνεν
3409 2087 3711 2158 ἄνθρωπος,

2145 2181 2174 2232 ό
2197 2178 2305 2243 ζῶν
2332 2181 2428 2232 καὶ
2459 2180 2855 2252 ὑπάρχων,.καὶ
2886 2179 3156 2242 συναῖδιος
3177 2178 3256 2250 τῷ
3283 2178 3404 2249 Θεῷ
3433 2180 3528 2232 καὶ
3545 2180 3714 2251 Πατρὶ

2143 2271 2276 2336 Θεὸς
2300 2273 2493 2340 Λόγος,
2539 2273 2752 2344 μορφὴν
2771 2271 2958 2324 δούλου
2990 2270 3168 2325 λαϐὼν
3188 2289 3201 2303 °
3236 2272 3331 2325 καὶ
3360 2272 3506 2328 ἔστιν
3531 2271 3713 2344 ὥσπερ

2137 2362 2196 2414 ὲν
2231 2361 2447 2433 θεότητι
2497 2362 2744 2428 τέλειος,
2791 2362 2936 2414 οὓτω
2970 2362 3062 2416 καὶ
3107 2363 3165 2414 ἑν
3208 2362 3591 2435 ἀνθρωπότητι
3629 2365 3713 2416 τέ-

2135 2453 2315 2516 λειοςο
2352 2455 2453 2505 οὐκ
2495 2456 2558 2505 ἐκ
2611 2453 2777 2523 μόνης
2825 2453 3078 2522 θεότητος
3123 2453 3217 2506 καὶ
3263 2455 3464 2526 σαρκὸς
3511 2457 3591 2518 εἰς
3623 2456 3712 2508 ἱνα

2138 2545 2378 2618 Χριστὸν
2426 2547 2521 2598 καὶ
2554 2546 2759 2616 Κύριον
2805 2546 2900 2598 καὶ
2933 2546 3062 2599 Υἱὺν
3095 2546 3470 2617 συγκείμενος,
3506 2547 3624 2600 ἀλλ’
3652 2547 3713 2599 ἐκ

2139 2639 2284 2692 δυοῖν
2331 2638 2583 2702 τελείοιν,
2625 2637 3025 2709 ἁνθρωπότητα
3054 2638 3120 2710 δὴ
3148 2638 3296 2706 λέγω
3337 2639 3431 2692 καὶ
3460 2639 3710 2708 θεότητα,

2139 2733 2219 2795 εἰς
2246 2731 2344 2785 ἕνα
2371 2733 2462 2784 καὶ
2490 2731 2580 2783 τὸν
2606 2730 2768 2784 αὑτὸν
2797 2730 3117 2801 παραδόξως
3147 2729 3523 2800 συνδούμενος.

449 2826 703 2882 nitate'et
739 2828 1023 2881 divinitate
1055 2828 1106 2880 in
1155 2845 1319 2882 unum
1387 2831 1750 2898 eumdemqtte
1816 2826 2106 2881 Dominum
2147 2837 2204 2882 et
2244 2829 2438 2881 Filium
2492 2839 2549 2882 et
2593 2827 2874 2881 Christum
2923 2829 3226 2883 adtttirabih
3270 2832 3504 2899 quodam
3559 2829 3712 2881 modo

451 2920 754 2989 concrevit,
781 2920 1111 2990 coaluitque.

465 3035 474 3044 '
522 3012 690 3070 XXV.
732 3014 800 3068 At
843 3015 930 3069 ltic
979 3015 1349 3069 sciscitabitur
1404 3015 1543 3069 forte
1577 3018 1844 3086 quispiam
1880 3041 1891 3074 :
1933 3004 2032 3074 cu-

445 3107 686 3175 jusmodi
736 3109 951 3162 tandem
981 3122 1134 3161 sacra
1179 3108 1340 3178 Virgo
1367 3109 1572 3178 peperit
1600 3151 1613 3174 ,
1661 3110 2029 3174 hmnincmne,

2205 3016 2340 3067 KE'.
2389 3015 2536 3084 Ἐρεῖ
2565 3014 2620 3065 δέ
2650 3032 2756 3081 τις,
2785 3024 2926 3068 κατα
2958 3012 3022 3065 τὸ
3049 3012 3215 3075 εἰκός·
3248 3013 3380 3066 Τίνα
3407 3013 3468 3085 δὴ
3503 3010 3597 3067 οὗν
3625 3016 3710 3066 τὲ-

2132 3123 2294 3158 τοκεν
2342 3106 2374 3175 ἡ
2426 3107 2556 3170 ἁγία
2593 3106 2909 3177 Παρθένος;
2960 3105 3053 3159 τὸν
3096 3106 3402 3179 ἄνθρωπον,
3438 3109 3470 3180 ἢ
3515 3110 3608 3162 τὸν
3651 3111 3710 3162 ἐκ

451 3217 520 3255 an
552 3200 651 3254 Dei
683 3200 954 3256 Verbum?
983 3199 1081 3254 Cui
1108 3215 1207 3254 nos
1232 3200 1641 3269 respondemus,
1668 3201 1810 3256 istud
1842 3202 2030 3272 exqui-

2134 3196 2268 3249 Θεοῦ
2299 3196 2504 3265 Λόγον;
2539 3199 2722 3268 Φαμὲν
2760 3199 2815 3252 δὲ
2843 3198 3036 3268 ἡμεῖς’
3071 3199 3182 3250 Καὶ
3205 3198 3362 3254 τοῦτό
3392 3201 3454 3268 γέ
3494 3204 3641 3254 ἐστιν
3674 3205 3705 3272 ἡ

451 3309 596 3357 rere,
647 3292 778 3347 nihil
838 3291 983 3346 aliud
1045 3307 1189 3354 esse,
1241 3307 1399 3361 quam
1452 3308 1664 3359 errare,
1717 3302 1771 3347 et
1825 3309 1854 3347 a
1902 3309 2032 3349 vero

451 3386 791 3455 honestoque
825 3383 1036 3438 abduci.
1068 3383 1242 3438 Nemo
1276 3394 1397 3454 post
1425 3387 1679 3440 unionem
1709 3386 2028 3440 divisionem

451 3476 593 3530 mihi
644 3475 844 3544 fingat;
919 3490 1093 3544 neque
1163 3472 1571 3529 Emmanuelem
1637 3475 1691 3528 in
1756 3475 2028 3530 hominem

451 3583 741 3632 seorsum,
786 3579 838 3620 et
888 3567 940 3621 in
992 3566 1160 3620 Deum
1214 3581 1462 3621 seorsum
1513 3569 1850 3638 dispescens,
1898 3569 2030 3623 duas

447 3675 711 3730 personas
757 3657 1004 3714 eliormet
1031 3677 1043 3713 :
1072 3675 1137 3714 ne
1179 3661 1303 3730 quis
1344 3661 1590 3714 meritam
1640 3662 1792 3714 vobis
1825 3659 2028 3732 [nobis]

448 3760 638 3805 notam
691 3751 892 3814 inurat,
952 3759 1208 3818 tanquam
1251 3750 1342 3819 qui
1393 3750 1525 3803 nihil
1580 3761 1784 3803 rectum
1836 3764 2028 3818 sapere

448 3842 745 3898 instituatis
771 3840 1187 3914 [instituamus],
1215 3841 1310 3896 sed
1341 3842 1392 3895 id
1427 3841 1598 3895 solum
1636 3841 1778 3910 quod
1808 3855 1905 3910 per
1942 3840 2027 3894 di-

447 3937 605 3991 vinas
643 3937 958 4003 Scripturas
991 3933 1414 3989 condemnatum
1447 3944 1550 3988 est.
1596 3932 1747 3990 Unus
1783 3934 1926 3986 enim
1959 3949 2024 3987 ex

449 4027 650 4082 Christi
697 4027 979 4095 discipulis
1013 4027 1091 4080 ait
1118 4043 1131 4080 :
1170 4043 1189 4078 ι
1221 4023 1361 4092 Vos,
1392 4026 1725 4092 charissimi,
1756 4039 2027 4080 memores

448 4128 622 4172 estote
668 4117 980 4183 verborum,
1029 4133 1148 4187 qua:
1188 4119 1447 4188 praedicta
1488 4127 1613 4172 sunt
1663 4119 1731 4172 ab
1769 4117 2028 4187 apostolis

448 4210 662 4263 Domini
716 4211 883 4263 nostri
935 4208 1063 4263 Jesu
1111 4209 1341 4275 Christi,
1405 4211 1496 4279 qui
1547 4211 1801 4264 dicebant
1847 4209 2024 4274 vobis,

448 4301 708 4370 quoniam
756 4301 808 4353 in
860 4300 1171 4356 novissimis
1201 4301 1532 4369 temporibus
1572 4303 1790 4354 venient
1839 4301 2025 4353 illuso-

451 4409 559 4456 res,
598 4395 893 4446 secundum
927 4394 1195 4448 desideria
1233 4409 1328 4449 sua
1361 4395 1703 4448 ambulantes
1740 4395 1792 4447 in
1840 4394 2027 4462 impie-

450 4486 668 4538 tatibus.
715 4484 779 4538 lli
819 4495 942 4540 sont
971 4487 1060 4554 qui
1107 4497 1415 4556 segregant,
1450 4485 1736 4550 animales,
1771 4485 2022 4555 spiritum

451 4589 555 4626 non
592 4575 851 4628 habentes
872 4575 939 4628 τ’.
982 4593 1000 4626 ι
1046 4573 1204 4629 Nullo
1253 4575 1436 4644 itaque
1478 4579 1636 4630 modo
1684 4577 2020 4646 segregatio-

447 4682 570 4719 nem
626 4667 925 4721 eottcedere
971 4667 1054 4722 fas
1104 4676 1208 4731 est,
1255 4667 1381 4722 licet
1430 4676 1553 4738 post
1611 4669 1866 4721 unionem
1919 4671 2026 4722 duo

448 4772 709 4827 apparere
736 4759 989 4824 debeant,
1023 4769 1079 4813 et
1109 4758 1362 4812 distincte
1390 4759 1463 4812 sit
1494 4769 1782 4828 utrmnque
1822 4758 2026 4814 intelli-

446 4852 700 4920 gendum.
753 4853 1016 4917 Quocirca
1069 4852 1372 4916 sciendum,
1419 4853 1760 4906 considerari
1808 4852 2023 4923 quidem

446 4945 515 4996 ab
547 4943 821 4998 intellectu
855 4946 1146 5013 quamdam
1169 4953 1486 4998 naturarum
1520 4943 1878 5000 diﬂerentiam
1902 4944 2020 5017 (ne-

443 5052 548 5101 que
579 5037 721 5090 enim
750 5045 832 5089 est
856 5035 1048 5089 eadem
1072 5036 1288 5090 deitatis
1315 5047 1368 5091 et
1401 5037 1757 5092 humanitatis
1777 5036 2026 5106 natura),

441 5128 536 5180 sed
581 5142 684 5180 una
720 5143 841 5181 cum
888 5127 992 5182 hac
1041 5128 1482 5184 consideratione
1512 5129 1785 5198 percipiet
1817 5129 2023 5184 utrius-

440 5235 545 5286 que
581 5233 908 5275 concursum
939 5220 1008 5274 ad
1037 5221 1313 5275 unionem.
1351 5220 1502 5276 Unus
1537 5225 1721 5291 itaque
1748 5229 1836 5276 est
1860 5220 2022 5277 Chri-

513 5375 566 5404 θ’
600 5373 616 5426 l
649 5373 772 5430 Cor.
805 5389 865 5439 tt,
896 5372 950 5428 4.
1030 5375 1085 5407 ’θ’
1115 5373 1330 5432 Baruch
1357 5391 1438 5446 ut,
1470 5376 1560 5433 58.

1640 5378 1682 5408 '”
1725 5375 1847 5432 Jud.
1881 5378 2058 5434 17-19.

2133 3288 2420 3358 πλάνησις,
2457 3291 2551 3342 καὶ
2581 3290 2642 3342 τὸ
2667 3289 3015 3360 ἁμάρτημαγ
3046 3289 3147 3343 τοῦ
3187 3290 3491 3360 πρέποντός
3523 3310 3582 3346 τε
3619 3295 3709 3347 καὶ

2131 3381 2385 3451 ἀληθοῦς.
2416 3382 2507 3452 Μὴ
2541 3384 2650 3453 γάρ
2681 3400 2771 3451 μοι
2803 3383 2979 3454 διέλῃς
3018 3383 3156 3452 μετὰ
3201 3383 3301 3455 τὴν
3331 3383 3545 3450 ἕνωσιν,
3578 3387 3708 3457 μηδὲ

2130 3474 2339 3538 διιστὰς
2372 3477 2450 3538 εἰς
2473 3474 2758 3546 ἄνθρωπον
2793 3475 3036 3539 ἰδικῶςῑ,
3072 3477 3166 3529 καὶ
3195 3478 3276 3540 εἰς
3303 3477 3458 3542 Θεὸν,
3484 3479 3709 3550 διπρόσ-

2130 3582 2278 3617 ωπον
2325 3566 2458 3635 ὴμῖν
2501 3563 2778 3618 ἁνατύπου
2829 3565 2920 3618 τὸν
2960 3567 3340 3637 Ἐμμανουήλ·
3374 3569 3448 3640 μὴ
3485 3569 3594 3640 ἄρα
3631 3589 3710 3632 τις

2131 3659 2264 3728 ἡμῖν
2289 3670 2313 3697 ε
2345 3658 2573 3722 εἰκότως
2599 3658 3036 3727 διαμωμήσαιτο,
3072 3662 3290 3729 φρονεῖν
3312 3661 3594 3730 ἑλομένοις
3624 3663 3708 3733 ὀρ-

2131 3750 2221 3803 θὸν
2257 3752 2354 3821 μὲν
2384 3752 2559 3814 οὐδὲν,
2581 3753 2756 3804 ἐκεῖνο
2779 3751 2835 3804 δὲ
2873 3751 3095 3822 μᾶλλον,
3127 3752 3154 3804 ὃ
3183 3753 3280 3806 καὶ
3307 3753 3400 3806 διὰ
3421 3754 3523 3824 τῆς
3551 3757 3707 3822 ἁγίας

2132 3842 2501 3913 κατεδικάσθη
2555 3843 2804 3913 Γραφῆς.
2839 3837 2965 3896 ’Ὧδε
3008 3846 3118 3915 γάρ
3172 3861 3256 3908 τις
3313 3845 3416 3916 ἔφη
3464 3847 3576 3899 τῶν
3618 3845 3705 3899 τοῦ

2129 3934 2367 4005 Χριστοῦ
2399 3934 2654 4005 μαθητῶν
2677 3952 2690 3964 ·
2725 3956 2742 3986 ι
2774 3935 2973 4005 ·Ὑμεῖς
3006 3936 3086 3999 δὲ,
3109 3939 3401 4009 ἀγαπητοὶ,
3430 3937 3704 4009 μνήσθητε

2127 4025 2238 4079 τῶν
2265 4027 2524 4096 ῥημάτων
2554 4026 2664 4079 τῶν
2697 4027 3111 4099 προειρημένων
3135 4030 3239 4082 ὑπὸ
3265 4030 3375 4082 τῶν
3394 4030 3704 4084 ἀποστόλων

2128 4116 2220 4170 τοῦ
2254 4117 2457 4187 Κυρίου
2485 4117 2645 4189 ἡμῶν
2688 4118 2863 4189 Ἰησοῦ
2912 4119 3174 4192 Χριστοῦ,
3216 4121 3297 4175 ὅτι
3339 4122 3528 4190 ελεγον
3558 4123 3704 4192 ὑμῖν,

2127 4212 2210 4265 ὅτι
2260 4212 2598 4282 ἐπ’ὲσχάτου
2641 4212 2749 4266 τῶν
2779 4212 2985 4284 χρόνων
3029 4213 3339 4266 slsum-nat
3375 4217 3432 4266 ἑν
3465 4216 3709 4284 ἐμπαιγ-

2131 4308 2264 4376 μονῇ
2305 4308 2632 4376 ὲμπαῐκται,
2685 4306 2826 4359 κατὰ
2856 4305 2956 4370 τὰς
3018 4307 3230 4360 ἑαυτῶν
3273 4309 3568 4379 ἐπιθυμίας
3614 4325 3706 4361 πο-

2134 4397 2420 4466 ρευόμενοι
2449 4395 2559 4447 τῶν
2584 4393 2869 4448 ἀσεϐειῶν.
2902 4390 3061 4450 θῦτοί
3090 4400 3226 4450 εἰσιν
3259 4399 3308 4450 οἱ
3332 4393 3719 4468 ἁποδιορίζον-’

2126 4505 2240 4553 τες,
2271 4487 2511 4559 ψυχικοὶ,
2553 4488 2770 4559 πνεῦμα
2800 4489 2874 4559 μὴ
2906 4490 3138 4559 ἔχοντες.
3165 4510 3183 4541 ι
3210 4491 3285 4542 Οὐ
3305 4491 3602 4561 διοριστέον
3616 4487 3704 4543 οῦν

2127 4582 2240 4652 ἄρα
2263 4581 2386 4634 κατ’
2411 4581 2600 4633 οὐδένα
2627 4581 2848 4650 τρόπον,
2880 4581 2987 4632 εἴτε
3014 4581 3094 4633 δεῖ
3121 4581 3356 4650 μάλιστα
3385 4583 3454 4636 τὰ
3483 4582 3578 4636 δύο
3601 4601 3703 4652 φα-

2126 4673 2284 4741 νῆναι
2328 4674 2466 4741 μετὰ
2515 4672 2614 4741 τὴν
2666 4672 2881 4734 ἕνωσιν,
2941 4671 3035 4724 καὶ
3087 4673 3193 4724 ἀνα
3248 4674 3406 4745 μέρος
3442 4675 3708 4746 ἑκάτερον

2125 4766 2285 4816 νοεῖν.
2335 4763 2531 4816 Ἰστέον
2557 4759 2670 4828 οὖν,
2714 4763 2804 4815 ὅτι
2831 4762 3028 4834 θεωρεῖ
3060 4763 3162 4833 μέν
3188 4780 3310 4816 τινα
3345 4764 3563 4833 φύσεων
3595 4767 3707 4822 δια-

2126 4857 2299 4930 φορὰν
2328 4859 2356 4910 ό
2391 4856 2514 4919 νοῦς
2534 4874 2559 4886 ·’
2580 4857 2772 4910 ταυτὸν
2806 4856 2912 4928 γὰρ
2945 4855 3062 4908 οὔτι
3113 4874 3212 4910 που
3239 4856 3492 4926 θεότητός
3523 4876 3586 4911 τε
3616 4878 3649 4910 γ
3669 4861 3708 4912 τι

2125 4946 2584 5019 ἀνθρωπότητοςι)
2605 4963 2617 4977 ·
2652 4947 2952 5011 εἰσδέξεται
2996 4946 3052 5000 δὲ
3093 4947 3228 5018 ὁμοῦ
3274 4951 3394 5012 ταῖς
3428 4951 3560 5020 περὶ
3588 4952 3708 5004 τού-

2125 5057 2244 5092 των.
2260 5040 2488 5103 ἐννοίαις
2520 5041 2615 5092 καὶ
2642 5040 2738 5110 τὴν
2763 5041 2969 5110 ἀμφοῖν
3007 5041 3088 5103 εἰς
3124 5041 3348 5112 ἑνότητα
3376 5043 3702 5113 συνδρομήν.

2128 5129 2340 5182 Οὐκοῦν
2384 5130 2558 5192 Θεδςο
2605 5130 2708 5202 μὲν
2755 5130 2918 5201 ἐξέφυ
2955 5132 3047 5184 τοῦ
3084 5132 3295 5205 Πατρὸς
3333 5133 3409 5196 ὼς
3447 5134 3617 5198 Θεὸς,
3647 5138 3708 5187 ἐκ

2129 5221 2407 5292 Παρθένου
2454 5223 2511 5276 δὲ
2559 5223 2864 5295 ἄνθρωπος.
2914 5223 2972 5276 '0
3023 5224 3132 5295 γὰρ
3181 5227 3246 5278 ἐκ
3306 5224 3440 5278 Θεοῦ
3492 5226 3709 5296 Πατρὸς

1541 5533 1709 5588 V—arire
1741 5535 1998 5589 lcetiones
2041 5535 2244 5591 codicis
2275 5534 2632 5606 Seguieriani.

514 5689 545 5714 κη
571 5678 826 5743 γεγονώς.

902 5686 935 5724 ν
961 5677 1244 5748 ἁμαρτεῖν.

441 5746 745 5818 θρωπὸτης.

827 5759 850 5785 ο
882 5747 1039 5799 Θεοῦ.

1362 5688 1382 5714 ι
1416 5677 1655 5748 ἀληθῶν,
1688 5679 1776 5732 καὶ
1807 5680 1882 5741 εἰς
1909 5677 2027 5730 θεὸν
2068 5677 2223 5746 λόγον
2259 5678 2459 5742 ἱδικώς.

2573 5680 2696 5732 τῖεν.
2737 5681 2884 5750 ὑμῖν.
3003 5683 3028 5720 δ
3066 5682 3152 5734 ἵσ.
3185 5683 3375 5751 θεότης
3406 5698 3463 5735 τε
3488 5680 3584 5733 καὶ
3606 5682 3702 5733 ἀν-
