4044 6332
410 427 436 485 ἱ
453 429 549 486 169

1360 430 1449 485 DE
1488 431 1715 489 REETA
1756 435 1912 490 FIDE
1955 437 2046 490 AD
2088 437 2539 494 'l'llEODOSl‘UM
2577 438 2714 491 IMP.

3528 400 3657 490 ιιτο

405 547 734 622 ἀπορρήτοις
767 549 862 604 καὶ
893 552 1032 622 ὑπὲρ
1061 552 1188 606 νοῦν
1212 553 1534 624 ἀναλάμψας
1561 558 1751 624 Λόγος,
1786 576 1961 629 γεγεν-

2080 570 2215 627 stus,
2263 562 2355 631 qui
2389 561 2606 631 quidem
2659 575 2724 614 ex
2765 559 2870 613 Deo
2907 555 3070 611 Patre
3119 557 3360 611 nascitur
3393 568 3448 610 ut
3491 557 3656 624 Deus,

405 641 602 713 νῆσθαι
640 636 856 712 ἷὲγεται
888 645 953 697 lx
994 645 1281 714 γυναικὸς,
1330 652 1740 720 καταφοιτήσας
1780 654 1837 704 ἐν
1888 655 1980 707 ἀν-

406 734 750 806 θρωπότητι,
775 736 872 788 καὶ
893 736 1090 800 καθεὶς
1115 738 1310 792 ἑαυτὸν
1341 741 1419 803 εἰς
1447 741 1583 812 ὅπερ
1616 743 1714 796 οὐκ
1744 739 1811 814 ἦν
1832 762 1846 774 '
1882 747 1976 816 οὐχ

406 825 494 879 ἵνα
523 826 681 900 μείνῃ
707 827 1101 897 κεκενωμένος,
1132 829 1248 882 ἀλλ’
1277 831 1363 884 ἵνα
1387 832 1517 896 Θεὸς
1557 830 1690 886 εἶναι
1718 837 1978 908 πιστεύη-

401 935 491 970 ται
514 957 530 982 ,
565 919 660 971 καὶ
687 921 746 972 έν
775 919 905 972 εῖδει
931 919 1008 991 τῷ
1053 922 1174 975 καθ’
1221 925 1368 995 ἡμᾶς
1399 927 1656 997 πεφηνὼς
1701 930 1793 980 ἐπὶ
1835 932 1974 1000 γῆς,

399 1014 499 1083 οὐχ
521 1013 596 1077 ὡς
623 1015 682 1067 ὲν
705 1014 979 1086 ἀνθρώπῳ
1003 1019 1359 1088 κατοικήσας,
1391 1019 1509 1073 ἀλλ’
1541 1022 1616 1083 ὼς
1642 1023 1801 1086 αὐτὸς
1835 1025 1976 1078 κατὰ

399 1105 701 1177 ἀλήθεια·ιά
748 1108 1037 1178 ἄνθρωπος
1068 1111 1328 1179 γεγονὼς,
1380 1115 1519 1184 μετὰ
1555 1117 1652 1168 τοῦ
1698 1117 1797 1186 τὴν
1835 1117 1972 1173 ἰδίαν

400 1197 783 1253 ἀνασώσασθαι
829 1200 1005 1266 δόξαν.
1057 1203 1168 1255 Καὶ
1207 1204 1336 1272 γοῦν
1367 1207 1396 1258 ὁ
1434 1204 1720 1271 θεσπέσιος
1761 1208 1974 1274 Παῦλος

399 1289 471 1342 τὰ
498 1290 630 1342 πολὺ
659 1292 757 1361 τῆς
791 1292 1034 1364 ἀλλήλων
1068 1295 1484 1366 ὑμοουσιότητος
1544 1297 1866 1369 διεστηκότα
1914 1319 1974 1355 τε

400 1379 496 1432 καὶ
539 1381 834 1452 ὰμετρήτῳ
862 1383 1096 1454 διαφορᾷ
1138 1385 1589 1456 διεσχοινισμένα,
1631 1389 1868 1458 θεότητά
1911 1408 1972 1443 τε

398 1471 494 1525 καὶ
515 1472 931 1549 ἀνθρωπότητα,
966 1475 1240 1546 συλλέγων
1267 1477 1348 1540 εἰς
1376 1477 1434 1530 ἒν
1465 1479 1846 1549 οἰκονομικῶς,
1879 1483 1972 1534 καὶ

396 1562 456 1629 ἐξ
481 1564 685 1634 ἀμφοῖν
713 1566 802 1618 τὸν
833 1565 928 1618 ἕνα
963 1566 1392 1638 κατασημαίνων
1423 1568 1657 1640 Χριστὸν
1701 1572 1795 1623 καὶ
1845 1572 1972 1626 Υίίιν

397 1657 490 1708 καὶ
515 1656 668 1721 Θεὸν,
725 1676 747 1709 ς
787 1658 1000 1721 Παῦλος
1025 1658 1231 1723 δοῦλος,
1279 1661 1463 1730 φησὶν,
1502 1659 1675 1729 Ἰησοῦ
1708 1663 1969 1731 Χριστοῦ,

395 1747 592 1819 κλητὸς
657 1749 991 1815 ἀπόστολος,
1045 1752 1428 1822 ἀφωρισμένος
1493 1754 1574 1816 εἰς
1639 1755 1970 1823 Εὖαγγέλιον

394 1841 552 1906 Θεοῦ,
581 1841 609 1895 ὃ
643 1844 1114 1915 προεπηγγείλατο
1138 1845 1226 1899 διὰ
1250 1844 1358 1899 τῶν
1392 1845 1690 1919 προφητῶν
1719 1846 1884 1900 αὑτοῦ
1912 1848 1970 1901 ὲν

2081 652 2189 722 22
2216 668 2283 708 ex
2313 668 2474 718 sacra
2498 663 2675 708 autem
2699 650 2920 722 Virgine
2951 658 3010 705 ut
3047 649 3232 705 homo.
3277 647 3488 703 Etenim
3515 648 3658 703 idem

2083 745 2209 799 illud
2256 744 2490 800 Verbum
2540 744 2682 814 quod
2731 741 3097 813 inexplicabili
3139 741 3336 807 modo,
3388 754 3660 810 supraque

2079 850 2294 890 onmem
2347 837 2596 890 humanae
2651 833 2849 889 mentis
2907 845 3126 904 captum
3188 833 3359 888 eluxit
3422 848 3488 887 ex
3546 831 3658 888 Deo

2081 925 2258 992 Patre,
2297 925 2348 981 in
2386 928 2678 981 humanam
2719 924 3362 989 naturam'descendens,
3409 932 3466 978 et
3505 923 3558 977 in
3602 923 3654 977 id

2079 1021 2224 1090 quod
2260 1036 2370 1076 non
2418 1032 2539 1076 erat
2588 1036 2648 1075 se
2695 1020 2996 1083 dimittens,
3046 1033 3113 1073 ex
3165 1016 3394 1072 muliere
3443 1031 3658 1086 quoque
3703 1095 3705 1097 ι

2078 1113 2277 1168 dicitur
2311 1122 2542 1168 natum:
2579 1129 2685 1167 non
2733 1128 2842 1182 quo
2879 1119 3125 1166 maneret
3164 1110 3526 1171 exinanitum,
3561 1107 3656 1162 sed

2077 1204 2221 1259 Deus
2263 1219 2391 1258 esse
2427 1204 2770 1269 crederetur,
2808 1211 3095 1272 postquam
3142 1199 3306 1255 etiam
3359 1200 3411 1254 in
3447 1209 3655 1254 naturae

2077 1302 2276 1349 nostra:
2302 1294 2475 1348 forma
2508 1295 2559 1348 in
2613 1295 2775 1349 terris
2818 1294 3071 1363 apparuit
3109 1310 3122 1347 :
3160 1307 3267 1347 non
3305 1301 3559 1360 tanquam
3606 1292 3654 1347 is

2072 1387 2169 1457 qui
2208 1387 2481 1442 hominem
2515 1387 2815 1453 inhabitet,
2850 1386 2942 1442 sed
2977 1395 3233 1456 tanquam
3281 1386 3328 1441 is
3359 1386 3449 1455 qui
3491 1386 3653 1440 homo

2076 1481 2252 1550 reipsa
2282 1479 2535 1544 exsistat,
2571 1479 2740 1550 gloria
2779 1487 2959 1534 tamen
2999 1493 3096 1534 sua
3136 1493 3358 1549 prorsus
3395 1477 3650 1532 incolumi

2074 1578 2129 1623 et
2155 1569 2325 1623 salva.
2357 1567 2700 1638 Quapropter
2728 1570 2945 1624 divinus
2973 1566 3174 1623 Paulus
3209 1569 3568 1633 divinitatem,
3599 1579 3655 1624 et

2075 1662 2512 1725 humanitatem,
2569 1677 2689 1731 quae
2731 1662 2874 1731 quod
2933 1663 2999 1715 ad
3059 1672 3268 1714 naturae
3316 1661 3653 1716 identitatem

2075 1755 2292 1817 attinet,
2328 1754 2644 1823 longissimo
2678 1752 2988 1817 intervallo,
3041 1753 3415 1823 immensoque
3453 1753 3652 1808 discri-

2077 1847 2222 1901 mine
2267 1861 2296 1899 a
2339 1859 2399 1900 se
2445 1853 2630 1899 mutuo
2665 1844 2889 1909 distant,
2936 1844 3338 1913 dispensatione
3388 1844 3442 1897 in
3486 1859 3651 1897 unum

393 1931 637 2002 Γραφαϊς
672 1934 856 2004 ἁγίαις
888 1937 1018 2007 περὶ
1041 1935 1136 1988 τοῦ
1165 1936 1297 1990 Υἰοῦ
1325 1936 1518 2001 αὑτοῦ,
1545 1937 1639 1991 τοῦ
1668 1939 1961 2008 γενομένου

2077 1951 2294 2006 cogens,
2331 1945 2386 1990 et.
2417 1949 2485 1990 ex
2527 1935 2781 2004 utrisque
2815 1950 2980 1988 unum
3025 1933 3324 1997 Christum,
3355 1932 3524 1987 Deum
3553 1931 3651 1987 Fi-

391 2023 458 2076 ικ
504 2024 820 2096 σπέρματος
870 2028 1034 2082 Δαϐὶδ
1074 2027 1217 2082 κατά
1255 2029 1455 2099 σάρκα,
1507 2030 1602 2084 τοῦ
1656 2031 1968 2102 ὁρισθέντος

391 2109 524 2163 Υἰοῦ
554 2112 691 2167 Θεοῦ
730 2115 789 2167 ὲν
827 2115 1094 2186 δυνάμει,
1138 2115 1279 2169 κατά
1320 2116 1537 2187 πνεῦμα
1566 2117 1903 2190 ἁγιωσύνης.
1938 2139 1958 2172 ι

402 2203 534 2258 Ἰδοὺ
555 2205 619 2276 δὴ
653 2205 841 2276 σαφῶς
866 2207 1176 2278 ἀφωρίσθαι
1203 2208 1368 2278 φησὶν
1394 2210 1584 2262 ἑαυτὸν
1605 2211 1685 2273 είς
1713 2210 1964 2279 Εὐαγγέ-

388 2294 502 2350 λιον
519 2297 676 2365 Θεοῦ,
715 2300 894 2353 καίτοι
923 2301 1152 2371 γράφων
1185 2302 1510 2372 ἀναφανδόν
1549 2322 1567 2353 ε
1597 2304 1672 2356 Οὐ
1698 2303 1808 2374 γὰρ
1838 2306 1963 2356 ἑαυ-

385 2390 514 2452 τοὺς
537 2390 904 2462 κηρύσσομεν,
929 2393 1065 2447 ἀλλὰ
1090 2395 1324 2463 Χριστὸν
1355 2394 1582 2464 Ἰησοῦν·
1611 2415 1630 2448 ο
1662 2397 1757 2449 καὶ
1778 2394 1960 2448 πάλιν

392 2498 414 2532 ι
447 2482 520 2534 Οὐ
551 2481 660 2553 γὰρ
689 2482 880 2554 ἔκρινά
918 2501 970 2537 τι
1005 2485 1202 2539 εἰδέναι
1228 2485 1286 2539 ὲν
1336 2487 1485 2554 ὑμῖν,
1517 2488 1566 2540 εί
1610 2487 1687 2558 μὴ
1729 2487 1963 2560 Χριστὸν

398 2574 629 2645 Ἰησοῦν,
661 2577 757 2630 καὶ
779 2576 970 2631 τοῦτον
998 2579 1437 2652 ἐσταυρωμένον.
1465 2598 1490 2631 ι

2073 2027 2204 2082 lium
2241 2036 2497 2083 constare
2541 2026 2861 2092 ostendens,
2892 2026 2966 2080 ita
3000 2025 3078 2080 ait
3112 2044 3127 2080 :
3165 2043 3182 2076 ‹
3213 2023 3413 2078 Paulus
3462 2038 3652 2081 servus

2071 2119 2200 2176 Jesu
2231 2120 2458 2186 Christi,
2479 2130 2706 2175 vocatus
2735 2119 3032 2188 apostolus,
3059 2129 3374 2188 segregatus
3396 2117 3448 2170 in
3474 2114 3652 2170 Evan-

2071 2212 2268 2282 gelium
2326 2211 2440 2277 Dei,
2487 2210 2628 2280 quod
2677 2219 2802 2264 ante
2850 2208 3177 2278 promiserat
3223 2221 3323 2277 per
3359 2207 3652 2278 prophetas

2071 2320 2198 2360 suos
2232 2305 2285 2358 in
2311 2303 2618 2374 Scripturis
2660 2303 2867 2358 sanctis
2902 2303 2968 2358 de
3013 2301 3150 2356 Filio
3182 2316 3305 2365 suo,
3335 2301 3428 2371 qui
3472 2300 3651 2355 factus

2067 2406 2154 2451 est
2203 2396 2252 2450 ei
2309 2410 2377 2450 ex
2424 2395 2634 2451 semine
2686 2394 2857 2448 David
2911 2395 3210 2450 secundum
3265 2409 3508 2458 carnem,
3557 2393 3649 2461 qui

2068 2486 2483 2559 praedestinatus
2515 2496 2600 2541 est
2628 2484 2799 2540 Filius
2827 2485 2922 2540 Dei
2972 2485 3026 2540 in
3071 2485 3295 2549 virtute,
3346 2483 3650 2539 secundum

2069 2579 2325 2650 spiritum
2368 2577 2822 2634 sanctificationis
2842 2580 2910 2631 ⁷⁸.
2945 2597 2970 2630 ι
3018 2577 3166 2632 Ecce
3218 2578 3314 2631 tibi
3353 2587 3541 2646 aperte
3592 2575 3646 2628 in

377 2666 737 2736 Evangelium
788 2669 881 2724 Dei
933 2682 1275 2740 segregatum
1325 2671 1578 2728 afﬁrmat.
1624 2673 1784 2740 Atqui
1836 2672 1962 2727 alibi
2006 2672 2207 2727 diserte
2276 2671 2342 2725 ad
2387 2672 2532 2726 hunc
2581 2671 2798 2726 modum
2846 2672 3132 2743 scribit-:1
3197 2670 3315 2734 Non
3366 2687 3464 2725 nos
3505 2669 3653 2738 ipsos

385 2761 778 2828 praedicamus,
825 2765 920 2817 sed
965 2765 1154 2819 Jesum
1203 2763 1480 2819 Christum
1503 2767 1570 2818 ⁷³.
1603 2785 1620 2816 ι
1675 2764 1911 2818 Rursum
1944 2782 1959 2818 :
2007 2783 2024 2816 ι
2063 2761 2177 2820 Non
2197 2762 2437 2834 iudicavi
2471 2779 2556 2819 me
2583 2763 2790 2833 aliquid
2849 2765 2991 2820 scire
3053 2765 3106 2820 in
3135 2765 3314 2830 vobis,
3342 2763 3646 2819 nisiJesuut

391 2852 700 2918 Christum,
721 2857 941 2912 ethunc
965 2857 1282 2912 cruciﬁxum
1303 2857 1372 2912 ⁷³.
1413 2877 1431 2910 ι

453 2947 602 3012 ΚΤ.
644 2946 771 3001 Υἰδν
795 2948 851 3002 δὲ
874 2949 1037 3002 αὐτὸν
1082 2950 1358 3020 ὀνομάσας
1391 2948 1549 3013 Θεοῦ,
1580 2951 1676 3002 καὶ
1701 2951 1764 3002 ὲκ
1793 2949 1960 3021 σπέρ-

387 3051 556 3106 ματος
608 3037 704 3091 τοῦ
763 3039 925 3093 Δασιδ
976 3040 1339 3110 γεγεννῆσθαί
1401 3057 1586 3111 φησιν,
1620 3041 1852 3114 ὡρίσθαι
1899 3059 1959 3095 τε

381 3129 776 3202 διισχυρίζεται
806 3132 900 3184 καὶ
929 3133 1010 3196 εἰς
1036 3133 1167 3186 Υἱὺν
1185 3133 1352 3187 Θεοῦ.
1393 3135 1520 3198 Πῶς
1546 3130 1660 3199 οὖν,
1689 3135 1810 3187 εἰπέ
1843 3153 1956 3206 μοι,

2142 2945 2334 3002 XXVI.
2378 2943 2548 3002 Porro
2597 2958 2776 3001 autem
2816 2962 2939 3001 cum
2977 2947 3151 3017 ipsum
3189 2946 3284 3000 Dei
3317 2947 3510 3002 Filium
3547 2965 3645 3001 Itu-

2070 3040 2261 3102 minet,
2292 3048 2348 3093 et
2391 3040 2457 3093 de
2500 3037 2712 3093 semine
2760 3037 2929 3093 David
2966 3048 3158 3092 natum
3201 3039 3473 3102 enuntiat,
3508 3050 3563 3094 et
3591 3041 3644 3094 in

2068 3131 2160 3186 Dei
2222 3130 2417 3185 Filium
2469 3130 2913 3200 praedestinatum
2980 3131 3265 3185 conﬁrmat
3303 3132 3449 3201 :jam
3519 3135 3642 3198 dic,

381 3220 514 3285 θεὸς
555 3224 585 3276 ὀ
635 3224 700 3276 ὲκ
733 3223 1048 3296 σπέρματος
1076 3227 1287 3296 ἀναφὺς
1335 3225 1428 3279 τοῦ
1473 3227 1672 3294 Δαϐίδ;
1718 3229 1775 3280 '0
1807 3228 1863 3280 δὲ
1895 3228 1960 3299 δὴ

2067 3239 2271 3292 quaeso,
2321 3239 2429 3294 qua
2480 3225 2693 3278 ratione
2745 3225 2790 3280 is
2844 3224 2988 3279 Deus
3033 3235 3138 3289 est,
3183 3226 3274 3294 qui
3329 3242 3394 3280 ex
3439 3228 3646 3281 semine

383 3315 478 3367 καὶ
508 3315 614 3387 πρὸ
652 3315 887 3382 αἰώνων,
934 3317 1029 3370 καὶ
1057 3318 1243 3382 άῖδίως
1275 3318 1422 3382 Υἱὸς,
1458 3320 1595 3372 καθὸ
1625 3321 1864 3390 πέφηνεν
1896 3323 1960 3375 ἐκ

371 3405 539 3472 θεοῦ,
567 3407 692 3462 τινα
721 3409 782 3480 δὴ
805 3409 1008 3480 τρόπον
1039 3411 1118 3474 εἰς
1140 3411 1268 3464 Υἱὸν
1288 3407 1496 3482 ὡρίσθη
1525 3411 1686 3477 Θεοῦ,
1706 3413 1961 3484 καθάπερ

381 3499 461 3564 εἰς
502 3499 677 3570 ἀρχὰς
699 3511 720 3540 ε
754 3501 850 3554 τοῦ
885 3503 1185 3572 ὑφεστάναι
1236 3501 1630 3572 παρενεχθείςς
1671 3503 1816 3573 Ἔφη
1850 3505 1960 3576 γὰρ

379 3591 540 3656 αὐτὸς
563 3593 690 3663 περὶ
720 3593 914 3648 ἑαυτοῦ
935 3610 948 3623 ·
978 3613 996 3646 ι
1021 3590 1158 3648 Εἴπε
1180 3594 1385 3664 Κύριος
1413 3594 1548 3667 πρός
1581 3610 1672 3666 με·
1703 3595 1831 3660 Υἱός
1857 3614 1958 3667 μου

375 3677 434 3734 εἷ
477 3682 564 3749 σὺ,
611 3681 726 3751 ἐγὼ
773 3684 1017 3756 σήμερον
1059 3685 1368 3755 γεγέννηκά
1407 3701 1489 3738 σε.
1533 3704 1552 3737 ι
1604 3684 1956 3750 καίτοιτοῦ,

378 3773 666 3844 σήμερον,
697 3774 904 3840 ἀείπως
930 3778 1065 3848 ἡμῖν
1091 3777 1189 3847 οὐχ
1211 3777 1295 3830 ὅτι
1325 3777 1417 3829 τὸν
1447 3777 1843 3847 παρῳχηκότα,
1866 3777 1958 3830 τὸν

377 3867 652 3921 ἐνεστῶτα
679 3867 735 3921 δὲ
768 3868 969 3938 μᾶλλον
991 3869 1428 3942 καταδηλοῦντος
1457 3872 1668 3940 καιρόν.
1708 3872 1852 3925 Βαθὺ
1891 3871 1952 3924 τὸ

381 3961 698 4031 μυστήριον,
747 3961 887 4016 ἀλλά
931 3964 1044 4026 τοῖς
1095 3963 1193 4033 μὲν
1238 3962 1345 4015 ἀνὰ
1395 3963 1558 4036 μέρος
1607 3962 1802 4016 τιθεῖσι
1860 3964 1957 4016 καὶ

371 4051 668 4125 διορίζουσι
694 4053 1018 4125 δυσέφικτον
1039 4071 1100 4107 τε
1125 4055 1221 4120 καὶ
1250 4055 1456 4125 ἄπορον
1479 4053 1718 4124 ἀληθῶς.
1745 4055 1870 4116 Τοῖς
1891 4071 1955 4123 γε

379 4147 490 4219 μὴν
539 4148 619 4212 εἰς
674 4147 903 4221 ἑνότητα
947 4148 1390 4218 κατασφίγγουσι
1440 4148 1532 4202 τὸν
1584 4147 1953 4220 Ἑμμανουὴλ,

377 4238 545 4307 ἐγγύς
572 4255 631 4291 τε
666 4239 806 4292 ἑλεῖν
862 4241 957 4294 καί
1000 4239 1329 4310 ὲτοιμοτάτη
1379 4238 1500 4293 λίαν
1551 4239 1583 4310 ἡ
1633 4239 1742 4291 τῶν
1795 4240 1955 4308 ἱερῶν

369 4330 658 4400 δογμάτων
689 4331 1071 4402 ἀκιόδήλευτος
1120 4329 1342 4400 γνῶσις.
1379 4331 1439 4383 '0
1469 4329 1582 4401 γὰρ
1611 4329 1688 4400 τῷ
1719 4329 1956 4399 φύσαντι

377 4420 667 4483 συναῖδιος,
693 4420 787 4473 καὶ
812 4421 918 4490 πρὸ
945 4421 1146 4485 παντὸς
1179 4420 1374 4484 αἰῶνος
1395 4420 1542 4486 Υἱὸς,
1563 4420 1754 4490 ἐπειδὴ
1781 4437 1955 4474 κατα-ι

373 4511 609 4582 βέϐηκεν
643 4512 724 4574 εἰς
750 4511 848 4582 τὴν
882 4511 1174 4583 ἀνθρώπου
1211 4512 1398 4582 φύσιν,
1429 4513 1529 4566 οὐκ
1580 4511 1954 4582 ἀπολισθήσας

2067 3315 2235 3370 David
2275 3324 2435 3371 natus
2463 3317 2586 3371 cst?
2617 3317 2877 3382 Rursum,
2909 3333 3067 3387 quem
3105 3327 3233 3372 ante
3260 3319 3452 3373 szecula
3485 3319 3646 3374 Pater

2063 3407 2164 3463 sibi
2205 3416 2534 3463 coazternum
2579 3409 2788 3478 genuit,
2842 3425 3075 3479 quonam
3128 3422 3290 3481 pacto
3330 3411 3502 3467 Filius
3548 3412 3643 3468 Dei

2063 3500 2484 3569 praedestinatus
2535 3511 2640 3566 est,
2691 3502 2914 3571 perinde
2962 3505 3176 3559 scilicet
3219 3503 3376 3574 quasi
3428 3505 3642 3558 initium

2063 3592 2393 3646 subsisteudi
2440 3594 2757 3661 acciperet?
2789 3596 2903 3662 ipse
2939 3610 3172 3664 namque
3207 3594 3276 3650 de
3307 3597 3487 3666 seipso
3519 3596 3595 3650 ait
3625 3615 3640 3650 :

2069 3699 2088 3734 σ
2119 3680 2384 3735 Dominus
2430 3683 2568 3736 dixit
2611 3684 2679 3737 ad
2723 3699 2846 3738 me:
2882 3683 3052 3741 Filius
3094 3700 3246 3740 meus
3305 3701 3366 3741 es
3421 3697 3498 3750 tu,
3543 3701 3643 3756 ego

2062 3773 2221 3828 hodie
2249 3775 2408 3843 genui
2438 3783 2488 3828 te
2509 3774 2579 3832 ⁷⁸.
2614 3793 2632 3826 ι
2669 3774 2813 3830 Sane
2840 3791 2964 3831 cum
2994 3763 3259 3848 particula
3297 3778 3433 3844 haec,
3460 3780 3637 3840 hodie,

2061 3878 2298 3934 pra’sens
2333 3865 2446 3920 l‘ere
2479 3880 2698 3934 semper
2746 3882 3019 3937 nunquam
3053 3858 3391 3940 prteteritum
3431 3877 3642 3939 tempus

2061 3957 2302 4021 denotet,
2332 3956 2658 4026 profundum
2685 3958 2905 4030 aliquod
2929 3951 3255 4032 mysterium
3288 3963 3372 4016 hic
3403 3963 3640 4016 insinua-

2061 4057 2166 4112 tur,
2199 4049 2293 4103 sed
2331 4049 2397 4103 iis
2433 4050 2528 4119 qui
2564 4054 2806 4106 sectione
2836 4043 3343 4124 inductaseorsum
3379 4055 3635 4109 conside-

2055 4149 2182 4195 rant
2217 4150 2270 4194 ct
2296 4141 2592 4196 collocant.
2625 4140 2760 4196 Nam
2793 4143 2884 4212 qui
2910 4135 3318 4218 Emmaituelem
3355 4147 3422 4199 ad
3456 4148 3640 4200 unita-

2061 4242 2166 4285 tem
2196 4242 2478 4300 revocant,
2511 4234 2576 4288 iis
2625 4242 2680 4288 et
2727 4235 2830 4290 hoc
2872 4234 3072 4305 ipsum,
3110 4227 3394 4294 Iet'caetera
3433 4239 3635 4304 omnia,

2058 4339 2177 4394 qua
2205 4325 2274 4380 ad
2315 4326 2583 4380 sinceram
2614 4343 2896 4382 sacrorum
2926 4329 3236 4398 dogmatum
3273 4329 3635 4398 cognitionem

2054 4417 2353 4487 pertinent,
2413 4429 2542 4475 sunt.
2591 4420 2770 4481 obvia,
2826 4429 3094 4490 captuquc
3133 4415 3416 4476 facillima.
3469 4421 3638 4476 Filius

2055 4508 2264 4579 itaque,
2301 4511 2390 4578 qui
2427 4511 2708 4581 generanti
2748 4508 2897 4565 Patri
2929 4521 3234 4566 coaeternus
3273 4521 3381 4590 est,
3412 4521 3467 4566 et
3510 4522 3638 4566 ante

372 4601 467 4656 τοῦ
509 4599 649 4656 εἶναι
678 4601 831 4666 Θεὸς,
852 4602 1185 4675 προσλαῦὼν
1210 4604 1274 4656 τὸ
1304 4602 1667 4674 ἀνθρώπινον,
1700 4604 1860 4657 νοοῖτ’
1881 4603 1950 4658 ἂν

2067 4599 2298 4653 omnium
2337 4600 2658 4655 szeculorum
2702 4609 2918 4654 aetatem
2950 4599 3256 4655 subsistens
3288 4610 3392 4666 est,
3420 4614 3637 4670 postea-

371 4694 600 4756 εἰκότως
627 4694 725 4747 καὶ
759 4696 830 4747 ὲκ
868 4695 1183 4764 σπέρματος
1221 4694 1582 4763 γεγεννῆσθαι
1610 4692 1778 4747 Δαϐὶδ
1799 4731 1814 4757 ,
1855 4693 1950 4747 καὶ

2067 4705 2214 4761 quam
2250 4689 2537 4745 divinitate
2587 4706 2697 4746 non
2744 4691 2968 4756 amissa,
3035 4690 3129 4745 sed
3163 4691 3506 4748 humanitate
3548 4708 3636 4747 as-

371 4787 646 4858 νεωτάτην
672 4786 817 4857 ἔχειν
859 4787 956 4859 τὴν
987 4789 1044 4842 ὲν
1077 4787 1456 4859 ἀνθρωπότητι
1485 4788 1736 4860 γέννησιν
1755 4787 1774 4826 τ
1797 4807 1812 4822 ·
1842 4786 1952 4840 ῶσ-

2067 4792 2288 4853 sumpta,
2357 4785 2413 4839 in
2472 4785 2709 4840 hominis
2753 4783 2860 4854 23
2905 4792 3156 4838 naturam
3228 4799 3350 4840 sese
3395 4785 3632 4851 dimisit;

371 4895 433 4932 τε
458 4880 556 4933 οὐκ
577 4880 602 4920 ε
634 4879 915 4950 ἀλλότριον
963 4880 1128 4934 αὑτοῦ
1172 4881 1232 4933 τὸ
1268 4880 1633 4952 προσληφθέν,
1667 4881 1783 4935 ἀλλ’
1819 4880 1950 4934 ἴδιον

2067 4877 2362 4946 meritoque
2391 4885 2448 4931 et
2480 4891 2549 4931 ex
2583 4874 2755 4931 David
2799 4892 3014 4946 quoque
3055 4876 3266 4932 semine
3294 4877 3632 4948 progenitus.

372 4971 608 5044 ἀληθῶς.
662 4973 986 5041 Λελόγισται
1031 4973 1322 5044 τοιγαροῦν
1350 4974 1426 5037 ὡς
1471 4973 1531 5025 ἓν
1573 4972 1708 5044 πρὸς
1759 4972 1945 5038 αὐτὸν,

371 5063 623 5133 καθάπερ
655 5063 846 5132 ἀμέλει
877 5063 972 5115 καὶ
1007 5062 1108 5133 τὴν
1135 5062 1478 5134 ἀνθρωπείαν
1501 5063 1746 5116 σύνθεσιν
1773 5081 1946 5117 κατα-

369 5152 548 5224 θρήσῃ
589 5170 675 5216 τις
713 5153 804 5206 ἄν·
851 5153 1266 5223 συμπέκλεκται
1308 5155 1417 5226 γὰρ
1451 5155 1509 5221 ἐξ
1540 5155 1807 5226 ἀνομοίων
1847 5155 1947 5226 τὴν

372 5245 554 5312 φύσιν,
598 5246 776 5315 ψυχῆς
805 5246 892 5317 δὴ,
924 5245 1091 5314 λέγω,
1125 5248 1222 5300 καὶ
1268 5247 1521 5320 σώματος
1543 5265 1556 5278 ·
1596 5251 1710 5303 ἀλλ’
1739 5244 1833 5304 οῦν
1865 5245 1947 5314 εἷς

369 5335 575 5384 νοεῖται
601 5332 661 5385 τὸ
693 5334 1105 5405 συναμφότερον
1141 5335 1463 5408 ἄνθρωπος’
1509 5337 1587 5402 ὡς
1620 5338 1728 5392 ἀπὸ
1771 5342 1944 5410 μόνης

373 5422 472 5492 μλν
498 5422 599 5493 τῆς
628 5423 831 5495 σαρκὸς
868 5425 988 5478 ὅλον
1014 5425 1126 5478 ἔσθ’
1144 5426 1232 5480 ὅτε
1259 5429 1679 5499 κατωνομάσθαι
1703 5428 1764 5482 τὸ
1780 5429 1941 5495 ζῶον,

437 5579 508 5611 τί·
549 5579 704 5634 Rom.
740 5597 781 5646 ι,
816 5582 922 5638 ίοᾶ.
997 5583 1044 5616 τ’
1085 5583 1102 5636 Ι
1135 5586 1261 5639 (lor.
1298 5601 1370 5652 IV,
1533 5589 1577 5619 ⁷⁸
1614 5587 1634 5642 Ι
1662 5588 1790 5645 Cor.
1825 5605 1887 5656 II,
1927 5590 1984 5644 ‘2.

2054 4979 2112 5025 et
2152 4970 2350 5040 oppido
2406 4985 2597 5025 recens
2648 4980 2808 5025 natus
2867 4969 3204 5024 humanitate
3254 4970 3631 5040 praadicatur:

2057 5065 2259 5134 quippe
2296 5079 2417 5119 cum
2455 5063 2510 5118 id
2552 5064 2696 5134 quod
2730 5063 3048 5134 assumpsit,
3095 5062 3164 5117 ab
3194 5077 3260 5119 eo
3290 5063 3438 5118 nullo
3474 5065 3635 5119 modo

2055 5154 2290 5210 alienum
2324 5157 2418 5211 sed
2450 5171 2578 5210 vere
2613 5155 2759 5210 illius
2793 5157 3073 5228 proprium
3108 5157 3181 5212 sit
3214 5174 3229 5211 :
3265 5172 3436 5228 quare
3463 5174 3632 5214 unum

2056 5257 2310 5313 censetur
2343 5266 2466 5305 cum
2502 5250 2640 5322 ipso.
2668 5249 3137 5318 Quemadmodum
3168 5251 3406 5322 exempli
3446 5267 3631 5320 causa,

2051 5341 2111 5396 in
2146 5341 2380 5397 hominis
2429 5358 2642 5414 quoque
2680 5343 3068 5414 compositione
3105 5344 3358 5401 accidere
3391 5345 3634 5400 animad-

2051 5432 2343 5500 vertimus;
2377 5432 2422 5488 is
2457 5433 2660 5491 etenim
2691 5450 2757 5492 ex
2779 5435 2968 5493 anima
3004 5444 3059 5494 et
3087 5449 3347 5509 corpore,
3383 5436 3633 5506 partibus

2067 5589 2116 5622 "
2152 5591 2296 5654 Psal.
2326 5607 2384 5661 ιι,
2414 5590 2465 5650 7.

1476 5743 1646 5799 Variae
1685 5743 1941 5801 lectiones
1992 5749 2196 5807 codicis
2232 5750 2590 5822 Seguicriani.

441 5863 473 5909 ιι
502 5866 639 5921 κατά
664 5869 842 5940 φύσιν.
923 5886 945 5911 ε
979 5873 1175 5944 ἀρχὴν.
1260 5875 1276 5914 ί
1310 5876 1538 5944 γὲνετιν.

1619 5886 1641 5924 6
1680 5877 1792 5930 ἔστι
1819 5877 1873 5930 δὲ
1897 5879 2014 5936 οὐκ.
