4044 6332
420 366 547 423 H7!

1404 377 1461 428 S.
1502 374 1775 429 (ZYRILLI
1815 377 2282 436 ALEXANDRINI
2322 382 2642 441 ARCllll-IP.

3520 392 3659 450 H79.

412 487 601 552 utique
648 486 942 539 secundum
982 495 1230 542 naturam
1276 490 1655 556 dissimilibus,
1707 494 1989 549 constitui-

2095 496 2267 567 ψυχῆς
2300 497 2355 551 δέ
2405 502 2799 573 ὠνομασμένης
2847 508 3084 561 νοεῖσθαι
3128 507 3190 560 τὸ
3234 508 3656 577 συναμφότερον.

417 587 538 639 tur;
594 588 826 630 attamen
881 579 1024 647 quod
1076 594 1143 635 ex
1195 591 1424 651 utroque
1488 584 1799 650 concredit,
1849 602 1986 641 unus

419 668 583 719 homo
628 677 955 736 reputatur;
995 678 1047 723 et
1099 672 1553 738 quemadmodum
1601 688 1630 727 a
1673 676 1786 729 sola
1823 690 1988 729 carne

419 761 592 807 totum
652 754 922 809 interdum
976 757 1177 811 animal
1229 760 1637 829 denominatur;
1690 776 1743 817 et
1807 766 1985 818 anima

418 859 631 898 rursum
684 847 977 914 nominata,
1020 850 1070 903 id
1122 852 1263 919 quod
1315 868 1378 905 ex
1426 861 1653 922 utroque
1696 855 1987 911 conﬂatum

2093 588 2249 641 Κατά
2277 588 2368 642 τὸν
2399 590 2510 643 ἴσον
2536 594 2642 661 ἄρα
2669 597 2868 665 τρόπον
2912 598 3005 652 καὶ
3039 600 3123 652 ἐπ’
3158 599 3320 652 αὐτοῦ
3350 598 3661 668 παραδεξώ-

2092 678 2236 745 μεθα
2288 681 2380 734 τοῦ
2427 684 2687 752 Χριστοῦ.
2721 682 2815 751 Εἷς
2842 689 2949 759 γὰρ
2996 691 3159 755 Υἱὸς,
3210 694 3304 745 καί
3346 685 3425 754 εἷς
3457 691 3658 758 Κύριος

2105 771 2312 840 Ἰησοῦς
2347 776 2615 844 Χριστὸς,
2664 778 2756 831 καὶ
2777 780 2881 851 πρὸ
2915 784 3134 852 σαρκὸς,
3171 784 3262 837 καὶ
3288 785 3377 837 ὅτε
3420 784 3658 854 πέφηνεν

2093 864 2398 935 ἅνθρωπος.

415 950 520 1003 est,
548 954 652 993 non
687 941 1388 1014 infrequenterintelligitur
1422 949 1522 1000 :ad
1586 951 1832 1002 eumdem
1895 951 2051 1020 plane
2092 959 2329 1024 modum,
2385 976 2506 1030 qua:
2552 965 2618 1019 de
2657 965 2874 1023 Christo
2924 984 3140 1039 quoque
3193 969 3467 1033 dicuntur,
3514 967 3657 1020 acci-

418 1029 611 1092 plt'llda
646 1039 790 1083 sunt.
825 1029 976 1085 Unus
1014 1043 1097 1088 est
1135 1033 1277 1087 enim
1317 1033 1508 1101 Filius,
1542 1051 1683 1091 unus
1724 1036 1982 1097 Dominus
2053 1041 2207 1101 Jcsus
2253 1029 2525 1119 Christus,
2579 1064 2634 1108 et
2690 1068 2819 1112 ante
2873 1029 3119 1125 carnem,
3170 1068 3226 1115 et
3304 1068 3653 1130 posteaquam

420 1121 580 1174 homo
613 1122 883 1190 apparuit.

490 1215 705 1272 XXVII.
745 1217 811 1271 Et
851 1220 1101 1289 quamvis
1137 1220 1278 1277 idem
1316 1221 1403 1277 ille
1443 1222 1768 1292 Redemptor
1802 1235 1987 1281 noster

415 1323 515 1379 per
543 1310 791 1365 humanae
825 1320 1034 1367 natura:
1062 1315 1444 1383 proprietates,
1490 1315 1982 1386 exinanitionisque

416 1401 756 1457 conditiones
790 1403 1064 1458 interdum
1112 1404 1267 1461 nobis
1308 1406 1640 1471 insinuetur,
1677 1423 1781 1461 non
1829 1409 1897 1463 ob
1934 1408 1988 1464 id

420 1500 600 1547 tamen
652 1492 937 1549 Dominum
995 1496 1084 1565 qui
1140 1512 1238 1551 nos
1293 1498 1544 1561 redemit,
1604 1498 1986 1553 inﬁciabimnr.

418 1581 635 1638 Judzeos
666 1599 797 1640 sane
820 1585 1072 1641 Chrisms
1098 1587 1361 1641 Dominus
1396 1590 1467 1641 ita
1498 1588 1793 1657 alloquitur
1820 1606 1833 1642 :
1871 1608 1887 1639 ι
1932 1588 1989 1644 Si

422 1677 513 1729 tilii
565 1678 798 1732 Abrahae
848 1679 1017 1744 estis,
1069 1694 1233 1750 opera
1292 1681 1528 1735 Abrahae
1572 1680 1736 1733 facile
1790 1698 1801 1731 :
1851 1695 1993 1735 nunc

421 1780 599 1821 autem
634 1770 874 1837 quaeritis
896 1786 980 1825 me
1014 1771 1321 1826 interﬁcere
1353 1772 1647 1839 hominem,
1675 1772 1767 1843 qui
1793 1772 1993 1826 verita-

424 1869 531 1913 tem
590 1861 742 1914 voltis
802 1861 1013 1917 locutus
1069 1878 1185 1917 sum
1231 1881 1243 1915 :
1292 1863 1395 1918 hoc
1435 1863 1708 1919 Abraham
1760 1879 1864 1919 non
1910 1863 1991 1919 l‘e-

423 1953 583 2006 cit".
612 1973 634 2003 ›
691 1952 894 2009 Scribit
941 1955 1006 2009 de
1058 1970 1123 2009 eo
1168 1954 1364 2011 Paulus
1414 1971 1629 2026 quoque
1668 1976 1680 2012 :
1734 1976 1752 2009 ι
1781 1958 1883 2025 Qui
1938 1958 1991 2013 in

423 2042 613 2099 diebus
681 2046 862 2099 carnis
926 2061 1035 2100 sua:
1093 2060 1284 2116 preces
1351 2047 1878 2119 supplicationesque
1930 2050 1994 2103 ad

423 2150 570 2201 euttt,
600 2136 688 2205 qui
734 2138 904 2207 possit
936 2140 1085 2194 illum
1116 2140 1324 2196 salvum
1360 2142 1542 2196 facere
1576 2156 1606 2195 a
1650 2151 1843 2206 morte,
1873 2158 1993 2197 cum

424 2225 664 2281 clamore
701 2228 878 2283 valido
915 2238 969 2284 et
1015 2229 1273 2301 lacrymis
1304 2230 1558 2299 oﬂ'erens,
1589 2232 1873 2287 exauditus
1912 2240 1995 2286 est

425 2332 523 2382 pro
575 2326 672 2372 sua
734 2322 1089 2375 reverentia:
1123 2332 1176 2377 et
1221 2323 1437 2395 quidem
1474 2339 1596 2379 cum
1644 2337 1788 2380 esset
1828 2326 1995 2381 Filius

426 2405 545 2473 Dei,
576 2409 764 2464 didicit
792 2426 856 2465 ex
890 2412 974 2468 his
1002 2429 1119 2482 qute
1151 2429 1341 2483 passus
1372 2416 1841 2475 estobedientiam
1867 2418 1932 2470 ⁷⁸.
1969 2437 1987 2470 ι

424 2496 675 2569 Nunquid
719 2515 847 2573 ergo
881 2504 1023 2558 hunc
1050 2504 1221 2575 ipsum
1259 2505 1533 2561 Christum
1586 2507 1857 2567 hominem
1888 2525 1991 2563 nu-

425 2594 551 2643 dum
587 2593 796 2648 caeteris
818 2594 961 2649 nulla
992 2610 1056 2650 ex
1091 2606 1243 2665 parte
1279 2598 1713 2654 excellentiorem
1747 2601 1995 2655 censebi-

427 2682 584 2736 mus?
612 2684 790 2739 Absitl
839 2686 1066 2752 Rursus,
1102 2687 1265 2743 Deine
1291 2690 1611 2759 sapientiam
1645 2700 1701 2746 et
1736 2692 1990 2748 virtutem

428 2774 479 2826 in
507 2789 625 2827 eam
659 2790 716 2829 se
747 2776 1117 2834 inﬁrmitatem
1149 2780 1413 2847 abjecisse
1439 2782 1707 2848 dabimus,
1741 2792 1801 2838 ut
1844 2800 1991 2839 mor-

425 2875 533 2918 tem
574 2869 926 2937 extimuerit,
981 2880 1035 2926 et
1082 2886 1111 2926 a
1168 2872 1327 2929 Patre
1382 2874 1581 2930 salvari
1632 2878 1994 2948 expetiverit?

425 2956 676 3026 Nunquid
722 2960 1125 3017 Emmanuelem
1178 2966 1342 3019 vitam
1396 2967 1690 3023 secundum
1745 2978 1991 3024 naturam

425 3063 545 3102 esse
591 3049 799 3107 inﬁcias
842 3052 1076 3109 ibimus?
1108 3059 1185 3109 An
1230 3073 1333 3111 non
1375 3058 1553 3127 potius
1576 3061 1641 3114 ad
1683 3060 1992 3116 humanitao

425 3150 553 3204 tem,
611 3150 665 3196 et
725 3153 924 3201 nostra:
977 3157 1185 3203 naturre
1231 3149 1612 3216 humilitatem,
1663 3166 1993 3222 qurecuuque

425 3231 643 3288 humilia
688 3236 755 3289 de
802 3237 919 3307 ipso
960 3239 1233 3305 dicuntur,
1286 3240 1604 3310 referentes,
1654 3241 1995 3298 laudabiliter

428 3340 524 3380 nos
547 3341 817 3394 geremus,
856 3330 901 3384 si
935 3346 1001 3385 ex
1035 3331 1122 3396 iis,
1166 3333 1362 3401 quibus
1398 3333 1542 3387 Deus
1569 3348 1689 3388 esse
1720 3334 1995 3405 dignosci-

428 3427 552 3481 Iur,
619 3434 885 3474 summam
956 3422 1127 3492 ipsius
1187 3423 1525 3492 majestalem
1597 3439 1996 3492 agnoscamus,

427 3508 675 3563 eumdem
722 3511 894 3578 ipsqu
928 3511 1095 3567 Deum
1146 3514 1351 3582 pariter
1401 3524 1454 3569 et
1491 3513 1788 3575 hominem,
1826 3516 1994 3570 Deum

425 3599 675 3656 videlicet
700 3601 1055 3660 humanatum
1090 3619 1211 3659 esse
1246 3605 1644 3675 intelligentes?
1674 3606 1783 3679 24
1811 3607 1914 3661 Sed
1944 3608 1995 3661 iu

430 3692 667 3746 medium
704 3694 930 3763 prodeat
965 3696 1379 3765 probatissimus
1411 3697 1500 3752 ille
1538 3700 1815 3768 apostolus
1858 3700 1999 3755 Pau-

431 3783 537 3847 lus,
562 3785 653 3853 qui
686 3785 827 3840 elata
852 3802 986 3842 voce
1019 3787 1073 3841 in
1096 3787 1211 3842 hmo
1235 3788 1397 3843 verba
1425 3790 1776 3846 concionatur
1802 3811 1815 3846 :
1848 3811 1866 3844 ι
1900 3792 1997 3848 St.-

431 3874 687 3943 pientiam
709 3876 980 3947 loquimur
1012 3881 1154 3945 inter
1177 3882 1445 3951 perfectos
1471 3900 1485 3937 :
1515 3885 1835 3954 sapientiam
1870 3900 1999 3941 vero

431 3980 541 4019 non
584 3966 748 4035 hujus
798 3969 1000 4035 saeculi,
1034 3985 1210 4040 neque
1238 3972 1550 4050 principum
1585 3976 1746 4046 hujus
1789 3977 1996 4043 saeculi,

429 4058 520 4128 qui
574 4058 972 4116 destruuntur:
1007 4061 1100 4117 sed
1148 4064 1419 4135 loquimur
1454 4066 1549 4121 Dei
1594 4070 1912 4138 sapientiam
1945 4070 1997 4124 in

430 4152 711 4220 mysterio,
747 4167 867 4222 quae
906 4154 1223 4211 abscondita
1263 4168 1366 4225 est,
1402 4174 1563 4229 quam
1600 4162 2001 4229 praedestinavit

430 4243 573 4300 Deus
599 4254 726 4302 ante
765 4246 962 4302 saecula
1009 4248 1063 4303 in
1092 4250 1316 4319 gloriam
1348 4261 1610 4320 nostram,
1644 4268 1803 4323 quam
1840 4269 1999 4310 nemo

430 4336 732 4407 principum
759 4338 919 4409 hujus
941 4341 1124 4396 saeculi
1157 4343 1426 4412 cognovit.
1453 4341 1509 4398 Si
1535 4344 1679 4398 enim
1712 4347 1999 4417 cognovis-

433 4439 573 4494 sent,
607 4444 884 4506 nunquam
922 4430 1208 4487 Dominum
1237 4434 1420 4505 gloriae
1453 4434 1855 4493 cruciﬁxisseut
1877 4439 1945 4492 ⁷⁷.
1975 4460 1993 4490 ι

433 4520 501 4574 Ει
543 4523 650 4578 alio
690 4541 904 4580 rursum
943 4526 1103 4582 loco:
1140 4546 1159 4593 ι
1192 4528 1291 4596 Qui
1323 4545 1445 4583 cum
1482 4532 1553 4585 sit
1597 4531 1849 4601 splendor
1880 4532 1997 4603 glo-
2032 4522 2075 4577 Ῐ)

433 4613 551 4683 riae,
594 4624 649 4669 et
687 4616 854 4687 ﬁgura
899 4618 1221 4683 substantiae
1268 4621 1407 4691 ejus,
1437 4630 1771 4692 portansque
1819 4625 1999 4679 omnia

429 4704 595 4761 verbo
623 4707 843 4764 virtutis
866 4724 976 4765 suae
994 4711 1373 4781 purgationem
1401 4724 1748 4783 peccatorum
1777 4716 2002 4779 faciens,

428 4799 581 4854 sedet
622 4814 651 4853 a
690 4801 933 4857 dexteris
977 4802 1281 4871 majestatis
1323 4805 1374 4859 in
1407 4807 1671 4872 excelsis;
1710 4817 1858 4862 tanto
1892 4823 2002 4863 me-

429 4889 532 4945 lior
586 4893 795 4961 angelis
850 4892 1112 4959 elfeetus,
1160 4906 1362 4967 quanto
1416 4898 1753 4955 diﬂ‘erentius
1800 4918 1999 4968 nomen

428 4996 541 5049 pra:
569 4981 676 5038 illis
706 4984 1046 5040 haereditavit
1069 4987 1135 5040 ⁷⁸.
1173 5006 1191 5039 ι
1229 4989 1391 5059 Atqui
1422 4992 1604 5060 gloria:
1631 4993 1912 5048 Dominum
1946 5004 2002 5050 et

428 5085 551 5124 esse
578 5080 636 5126 et
669 5073 959 5140 nominari,
994 5089 1172 5153 nonne
1216 5077 1480 5133 immenso
1510 5083 1687 5150 spatio
1736 5082 1786 5136 id
1840 5098 2001 5138 omne

431 5170 555 5228 post
593 5177 652 5217 se
679 5164 958 5235 relinquit,
999 5167 1144 5237 quod
1183 5181 1426 5223 creatum
1473 5179 1529 5225 et
1563 5173 1836 5228 conditum
1880 5176 2002 5246 est?

430 5251 581 5308 Mitto
611 5253 843 5309 humana
876 5257 1024 5327 (sunt
1049 5259 1193 5313 enim
1224 5260 1412 5314 istbaac
1435 5264 1617 5318 tenuia
1661 5264 1995 5337 admodum),

426 5360 630 5410 annon,
661 5345 913 5413 obsecro,
953 5350 1154 5419 quivis,
1185 5352 1345 5408 modo
1380 5353 1595 5420 ingenio
1632 5365 1686 5410 et
1735 5357 2000 5426 sapientia

425 5435 645 5503 polleat,
689 5438 805 5494 sive
838 5440 1075 5511 Angelos
1123 5445 1427 5510 nominare,
1477 5445 1591 5501 sive
1634 5446 1999 5519 Principatus,

427 5526 699 5596 Thronos,
737 5532 1146 5591 Dominationes
1190 5551 1533 5606 percensere,
1578 5547 1632 5595 et
1676 5547 1735 5593 ut
1770 5541 2002 5612 amplius

426 5620 557 5690 quid
591 5622 788 5689 dicam,
821 5624 937 5681 sive
965 5641 1206 5685 summos
1240 5627 1566 5699 Seraphicos
1594 5632 1823 5701 spiritus
1851 5649 2001 5690 com-

2170 1244 2297 1297 KZ'.
2336 1244 2448 1297 Καὶ
2497 1245 2587 1297 τὸν
2638 1246 2988 1315 ἀγοράσαντα
3033 1246 3180 1318 ἡμᾶς
3231 1246 3509 1316 Δεσπότην
3555 1245 3655 1299 οὐκ

2098 1335 2490 1405 ἀρνησώμεθα,
2531 1337 2631 1390 κᾶν
2662 1340 2710 1391 εἰ
2735 1338 2824 1391 διὰ
2851 1339 2959 1391 τῶν
2987 1338 3343 1409 ἀνθρωπίνων
3380 1340 3412 1407 ἡ
3424 1340 3532 1407 μίν,
3565 1339 3657 1391 καὶ

2093 1425 2156 1478 ἐκ
2182 1426 2290 1481 τῶν
2307 1431 2407 1498 τῆς
2432 1429 2712 1492 κενώσεως
2756 1429 2988 1502 μέτρων,
3020 1430 3131 1483 ἐσθ’
3170 1432 3261 1484 ὅτε
3306 1430 3655 1500 κατασημαίο

2092 1536 2270 1589 νηται.
2313 1521 2585 1586 Ἰουδαίοις
2618 1523 2716 1593 μὲν
2750 1523 2851 1594 ἔφη
2880 1522 3199 1593 προσλαλῶν
3218 1525 3246 1575 ὁ
3272 1522 3473 1592 Κύριος
3502 1520 3656 1591 ἡμῶν

2107 1612 2314 1682 Ἰησοῦς
2344 1614 2608 1683 Χριστός·
2650 1635 2666 1665 ι
2707 1617 2769 1668 Ei
2805 1615 2971 1669 τέκνα
2998 1615 3093 1669 τοῦ
3134 1614 3385 1683 Ἀϐραὰμ
3428 1609 3553 1683 ἦτε,
3591 1615 3657 1665 τὰ

2095 1700 2231 1774 ἔργα
2269 1703 2363 1757 τοῦ
2408 1705 2656 1775 Ἀϐραὰμ
2687 1708 2920 1759 ἐποιεῖτε
2966 1707 3063 1761 ἄνι’
3114 1706 3209 1760 νῦν
3254 1706 3309 1758 δὲ
3342 1705 3551 1774 ζητεῖτέ
3591 1721 3655 1772 με

2023 1838 2065 1892 Β
2096 1795 2440 1859 ἀποκτεῖναι,
2476 1797 2781 1867 ἄνθρωπον,
2828 1798 2885 1861 ὃς
2913 1798 3011 1867 τὴν
3038 1798 3293 1869 ἀλήθειαν
3335 1797 3463 1866 ὑμῖν
3504 1796 3657 1848 λελὰ-

2096 1888 2267 1958 ληκα⁹
2299 1888 2460 1942 τοῦτο
2496 1889 2748 1958 ’Ᾱϐραάμ
2774 1890 2875 1942 οὐκ
2916 1889 3158 1957 ἐποίησε.
3196 1909 3213 1940 r
3248 1886 3453 1955 Γράφει
3484 1885 3539 1938 δέ
3566 1886 3658 1937 καὶ

2094 1975 2306 2039 Παῦλος
2362 1978 2491 2047 περὶ
2547 1978 2750 2031 αὐτοῦ·
2801 1998 2818 2029 ι
2870 1980 2965 2040 Ὃς
3011 1980 3067 2030 ἐν
3117 1980 3234 2040 ταῖς
3280 1977 3517 2046 ἡμέραις
3560 1978 3658 2043 τῆς

2096 2068 2297 2139 σαρκὸς
2341 2067 2527 2130 αὑτοῦ,
2569 2068 2783 2139 δεήσεις
2814 2088 2872 2123 τε
2916 2072 3010 2124 καὶ
3059 2068 3341 2139 ἱκετηρίας
3389 2066 3524 2137 πρὸς
3567 2065 3658 2118 τὸν

2092 2158 2388 2230 δυνάμενον
2435 2160 2625 2225 σώζειν
2663 2162 2826 2215 αὐτὸν
2862 2164 2926 2214 ἐκ
2957 2162 3184 2215 Θανάτου
3233 2160 3366 2230 μετὰ
3415 2159 3659 2229 κραυγῆς

2098 2255 2322 2324 ἰσχυρᾶς
2348 2253 2442 2307 καὶ
2461 2254 2709 2325 δακρύων
2746 2255 3137 2325 προσενέγκας,
3166 2253 3256 2305 καὶ
3288 2249 3659 2310 εἰσακουσθεὶς

2094 2345 2201 2399 ἀπὸ
2234 2345 2334 2414 τῆς
2361 2345 2667 2409 εὐλαϐείας·
2701 2346 2900 2415 καίπερ
2946 2346 3019 2399 ὢν
3046 2346 3192 2409 Υἱὸς,
3230 2345 3428 2416 ἔμαθεν
3458 2344 3551 2412 ἀφ’
3584 2336 3659 2396 ὧν

2095 2439 2263 2493 ἔπαθε
2294 2438 2392 2507 τὴν
2427 2439 2692 2509 ὑπακοήν.
2724 2459 2740 2491 ›
2774 2435 2900 2509 Ἆρ’
2941 2435 3035 2493 οῦν
3078 2438 3362 2508 ἄνθρωπον
3396 2437 3557 2490 αὑτὸν
3594 2434 3658 2503 δὴ

2094 2530 2279 2584 τοῦτον
2303 2529 2477 2598 ψιλὸν,
2495 2531 2588 2583 καὶ
2615 2531 2734 2584 κατ’
2761 2531 2949 2584 οὐδένα
2969 2530 3168 2601 τρόπον
3195 2528 3529 2597 ἀνεστηκότα
3550 2525 3658 2577 τῶν

2095 2618 2217 2672 καθ’
2266 2620 2431 2689 ἡμᾶς,
2483 2619 2811 2691 λογιούμεθα
2852 2620 2943 2673 τὸν
2992 2619 3259 2691 Χριστόνς
3294 2616 3386 2687 Μὴ
3419 2614 3654 2685 γένοιτοί

2095 2709 2207 2779 Τὴν
2231 2709 2289 2763 δὲ
2325 2711 2418 2762 τοῦ
2444 2710 2578 2764 Θεοῦ
2610 2710 2800 2779 σοφίαν
2830 2712 2924 2764 καὶ
2973 2711 3224 2781 δύναμιν,
3264 2708 3546 2769 ἀσθενείας
3579 2705 3660 2767 εἰς

2094 2801 2252 2856 τοῦτο
2281 2804 2598 2858 καθικέσθαι
2626 2804 2888 2877 δώσομεν,
2912 2805 2986 2870 ὡς
3012 2805 3240 2859 δεδιέναι
3279 2804 3375 2874 μὲν
3409 2801 3657 2859 θάνατον,

2096 2896 2328 2961 ἐξαιτεῖν
2354 2895 2409 2949 δέ
2436 2896 2493 2949 τὸ
2521 2895 2787 2960 σώζεσθαι
2829 2897 2979 2967 παρά
3009 2896 3103 2949 τοῦ
3140 2896 3383 2967 Πατρός;
3438 2892 3533 2947 καὶ
3564 2889 3659 2944 τοῦ

2096 2988 2238 3041 κατά
2267 2988 2428 3056 φύσιν
2455 2984 2591 3042 εἶναι
2615 2989 2757 3057 ζωὴν
2784 2988 3139 3059 ἐκπέμψομεν
3161 2988 3252 3042 τὸν
3280 2983 3659 3057 Ἐμμανουήλς

2099 3083 2169 3135 Ἦ
2218 3081 2638 3152 περιτρέποντες
2694 3082 2773 3145 είς
2823 3081 2922 3152 τὴν
2971 3081 3392 3155 ἀνθρωπότητα,
3442 3077 3535 3131 καὶ
3584 3077 3663 3137 είς

2022 3184 2061 3239 C
2108 3172 2305 3243 μέτρον
2348 3172 2563 3241 φύσεως
2604 3173 2702 3242 τῆς
2737 3173 2857 3227 καθ’
2885 3174 3052 3242 ἡμᾶς,
3082 3174 3143 3226 τὸ
3169 3172 3243 3236 ὡς
3275 3173 3331 3224 ἐν
3360 3170 3537 3238 λόγοις
3573 3183 3660 3236 μια

2098 3267 2408 3340 κροπρεπές
2434 3308 2447 3330 ,
2478 3266 2749 3337 δράσομέν
2792 3284 2844 3318 τι
2872 3265 2980 3317 τῶν
3022 3264 3431 3333 ἐπαινουμένων
3451 3277 3463 3289 ·
3497 3260 3557 3325 ἐξ
3588 3252 3664 3311 ὧν

2096 3358 2153 3412 δέ
2191 3360 2306 3411 ἐστι
2339 3358 2507 3421 Θεὸς,
2554 3358 2653 3428 τὴν
2701 3356 3067 3427 ὑπερκόσμιον
3109 3355 3271 3409 αὐτοῦ
3316 3350 3665 3422 κατοψόμεθα

2097 3451 2277 3517 δόξαν,
2304 3450 2393 3503 τὸν
2423 3449 2583 3503 αὐτὸν
2616 3446 2755 3503 εἶναι
2800 3449 3072 3511 συνιέντες
3095 3447 3227 3501 Θεόν
3254 3464 3311 3500 τε
3345 3445 3543 3515 ὁμοίως
3571 3443 3666 3496 καὶ

2096 3544 2405 3615 ἄνθρωπον,
2432 3544 2549 3612 ἦτοι
2577 3541 2708 3594 Θεὸν
2731 3539 3190 3611 ἐνηνθρωπηκότα
3211 3555 3225 3602 ;
3244 3537 3456 3590 Ἠκετω
3484 3535 3549 3603 δὴ
3573 3529 3666 3586 οὖν

2100 3638 2178 3701 εἰς
2220 3636 2384 3708 μέσον
2429 3637 2562 3706 ἡμῖν
2591 3636 2618 3687 ὁ
2650 3633 3019 3704 δοκιμώτατος
3060 3631 3304 3695 Παῦλος,
3338 3628 3493 3682 ταυτὶ
3529 3626 3667 3696 βοῶν

2098 3745 2158 3781 τε
2189 3727 2283 3781 καὶ
2316 3725 2512 3793 λέγων’
2532 3743 2550 3776 ι
2570 3724 2771 3792 Σοφίαν
2803 3722 2860 3775 δέ
2896 3720 3166 3786 λαλοῦμεν
3199 3720 3256 3773 ἐν
3284 3717 3396 3779 τοῖς
3420 3711 3664 3773 τελείοιςο

2102 3818 2295 3887 σοφίαν
2325 3816 2381 3869 δὲ
2412 3816 2471 3868 ού
2499 3815 2593 3868 τοῦ
2628 3813 2824 3878 αίῶνος
2862 3812 3073 3877 τούτου,
3107 3811 3228 3865 οὐδὲ
3256 3805 3664 3899 τῶν

2098 3905 2193 3959 τοῦ
2224 3904 2420 3967 αἰῶνος
2446 3903 2636 3957 τούτου
2665 3902 2774 3955 τῶν
2798 3900 3258 3975 καταργουμένων
3274 3914 3288 3928 ·
3316 3894 3451 3951 ἀλλὰ
3474 3892 3666 3946 λαλου-

2104 4012 2202 4065 μεν
2222 3992 2355 4047 Θεοῦ
2380 3993 2569 4062 σοφίαν
2606 3994 2663 4044 ἐν
2692 3992 2999 4064 μυστηρίῳ,
3016 3990 3115 4060 τὴν
3147 3982 3665 4055 ἀποκεκρυμμένην.

2100 4085 2167 4152 ἢν
2196 4083 2371 4152 οὐδεὶς
2414 4082 2522 4135 τῶν
2565 4080 2888 4154 ἀνθρώπων,
2925 4081 3123 4152 μᾶλλον
3163 4078 3221 4132 δὲ
3257 4077 3367 4130 τῶν
3395 4074 3671 4145 ἀρχόντων

2099 4175 2193 4229 τοῦ
2225 4176 2416 4239 αἰῶνος
2453 4174 2643 4229 τούτου
2678 4174 2935 4243 ἔγνωκεν.
2968 4174 3030 4226 Εἰ
3057 4171 3164 4244 γάρ
3192 4166 3571 4240 ἕγνωσαν,ούκ
3600 4164 3669 4217 ἀν

2099 4268 2192 4321 τὸν
2234 4267 2439 4337 Κύριον
2467 4266 2566 4339 τῆς
2587 4266 2745 4338 δόξης
2778 4264 3150 4336 ἐσταύρωσαν.
3187 4282 3204 4315 ι
3260 4261 3371 4316 Καὶ
3422 4260 3529 4331 μὴν
3572 4257 3671 4311 καὶ

2100 4360 2193 4413 ἐπὶ
2234 4359 2441 4421 τούτοις
2464 4375 2476 4387 ·
2527 4377 2544 4408 ι
2582 4360 2676 4421 Ὃς
2715 4357 2791 4411 ὢν
2825 4357 3163 4426 ἀπαύγασμα
3209 4355 3307 4425 τῆς
3348 4352 3537 4423 δόξης,
3575 4350 3671 4403 καὶ

2102 4450 2390 4521 χαρακτὴρ
2413 4450 2511 4519 τῆς
2538 4449 2889 4511 ὑποστάσεως
2910 4447 3097 4511 αὑτοῦ,
3117 4446 3297 4515 φέρων
3324 4462 3384 4497 τε
3404 4443 3472 4496 τὰ
3494 4442 3672 4495 πάντα

2104 4541 2180 4612 τῷ
2227 4542 2430 4612 ῥήματι
2473 4541 2573 4608 τῆς
2619 4540 2901 4610 δυνάμεως
2950 4536 3137 4601 αὑτοῦ,
3185 4535 3522 4605 καθαρισμὸν
3561 4533 3671 4585 τῶν

2101 4632 2388 4704 ἁμαρτιῶν
2416 4632 2571 4703 ἡμῶν
2600 4631 2967 4701 ποιησάμενος
2988 4671 3004 4695 ,
3036 4629 3287 4684 ἐκάθισεν
3314 4628 3371 4681 ἐν
3402 4627 3551 4697 δεξιᾷ
3571 4625 3671 4695 τῆς

2104 4721 2495 4794 μεγαλωσύνης
2540 4722 2598 4772 ἐν
2640 4723 2754 4784 τοῖς
2807 4720 3059 4790 ὑψηλοῖςο
3110 4717 3362 4772 τοσοῦτον
3409 4715 3673 4787 κρείττων

2100 4814 2389 4884 γενόμενος
2413 4812 2519 4864 τῶν
2549 4812 2814 4881 ἀγγέλων,
2842 4813 2966 4866 ὅσον
2993 4810 3391 4882 διαφορώτερον
3422 4810 3548 4881 παρ’
3576 4810 3674 4862 αὐ-

2098 4906 2225 4969 τοὺς
2259 4904 2731 4976 κεκληρονόμηκεν
2769 4903 2958 4974 ὄνομα.
2986 4922 3005 4955 ι
3048 4904 3242 4957 Καίτοι
3270 4920 3332 4971 γε
3357 4903 3417 4955 τὸ
3441 4898 3578 4955 εἷναί
3610 4918 3673 4954 τε

2102 4996 2198 5049 καὶ
2245 4994 2609 5064 ὀνομάζεσθαι
2663 4997 2762 5066 τῆς
2801 4996 2958 5066 δόξης
3015 4996 3239 5068 Κύριον,
3289 4996 3405 5056 πῶς
3444 4997 3505 5049 οῦ
3553 4995 3675 5048 λίαν

2099 5086 2415 5158 ὑπερτενές,
2459 5087 2552 5140 καὶ
2580 5087 2779 5151 παντὸς
2808 5089 3065 5141 ἐπέκεινα
3094 5087 3353 5157 γεννητοῦ
3390 5088 3485 5140 καὶ
3540 5103 3675 5156 παρ-

2105 5177 2346 5249 ηγμένον
2381 5177 2514 5259 πρὸς
2541 5178 2791 5244 γένεσιν;
2828 5177 2938 5230 Καὶ
2964 5177 3201 5249 παρίημι
3237 5177 3334 5247 μὲν
3362 5178 3431 5230 τὰ
3467 5176 3676 5247 ἀνθρώ-

2106 5288 2238 5324 πινα
2263 5269 2500 5340 (σμικρά
2515 5269 2623 5340 γὰρ
2646 5270 2710 5339 δὴ
2734 5268 2900 5339 λίαν),
2920 5268 3030 5340 ἐρῶ
3052 5265 3217 5325 δὀῦν·
3241 5270 3361 5323 Κάν
3384 5269 3676 5337 Ἀγγέλους

2099 5361 2389 5433 ὀνομάσαι,
2424 5361 2519 5413 καὶ
2546 5361 2766 5432 Ἀρχὰς,
2801 5362 2894 5415 καὶ
2915 5362 3170 5432 Θρόνους,
3207 5361 3301 5415 καὶ
3329 5362 3676 5432 Κυριότητας

2101 5452 2548 5524 ἀπαριθμήσαιτό
2593 5469 2677 5515 τις
2701 5492 2717 5518 ,
2752 5452 2849 5505 καὶ
2893 5454 3001 5524 μὴν
3034 5454 3129 5506 καὶ
3171 5454 3221 5507 εί
3262 5452 3373 5506 τῶν
3413 5452 3678 5505 ἀνωτάτω

2100 5544 2472 5614 διαμέμνηται
2496 5542 2768 5613 Σεραφὶμ,
2784 5544 3013 5596 κατόπιν
3040 5544 3185 5597 ἰόντα
3204 5543 3304 5613 τῆς
3319 5541 3489 5605 οὕτως
3513 5541 3679 5611 ὑπερ-

2103 5635 2290 5698 τενοῦς
2318 5635 2707 5706 ὁμολογήσειεν
2736 5636 2800 5688 ἂν
2829 5634 3099 5700 εὐκλείας,
3133 5636 3246 5705 εἴγε
3282 5632 3409 5691 νοῦν
3439 5635 3553 5705 ἔχει
3583 5630 3679 5687 τὸν

497 5777 543 5809 ⁷⁸
566 5775 728 5839 Joan.
754 5797 872 5853 vui,
900 5786 990 5853 39,
1016 5786 1102 5841 ιο.
1179 5788 1223 5822 ⁷⁸
1247 5787 1408 5847 llcbr.
1442 5806 1494 5857 ν,
1530 5790 1579 5858 7,
1610 5791 1661 5847 8.
1741 5793 1783 5825 ⁷⁷
1817 5793 1835 5846 l
1864 5791 1990 5850 Cor.

2116 5792 2147 5847 6
2166 5795 2245 5851 -s.
2322 5796 2366 5827 τε
2401 5793 2561 5852 llcbr.
2598 5812 2637 5864 ι,
2665 5796 2715 5862 5,
2752 5796 2794 5850 ι.
