4044 6332
410 378 549 436 “73

1364 381 1448 435 DE
1490 383 1709 441 iiECTA
1760 387 1913 442 FIDE
1952 389 2043 442 AD
2085 389 2534 448 THEODOSIUM
2574 390 2711 447 NP.

3529 394 3667 451 ΗἹι

407 495 467 553 εὖ
494 498 763 570 βεϐηκότα
787 498 880 551 καὶ
912 500 1093 567 σοφόν.
1131 502 1422 570 Ἐκκριτον
1447 502 1557 574 γὰρ
1589 501 1727 557 εἷναί
1756 523 1896 575 φημι
1922 506 1979 559 τὸ

2094 526 2388 566 memorare
2422 512 2580 578 velit,
2640 498 2841 577 animo,
2876 518 3116 582 inquam,
3151 514 3249 567 hos
3274 528 3462 569 onmes
3490 514 3662 585 gloria

410 591 599 663 γέρας,
630 590 724 643 καὶ
752 589 863 642 δεῖν
892 591 1208 643 ἀνακεῖσθαι
1258 592 1391 663 μόνῃ
1422 595 1487 664 τῇ
1530 594 1638 646 τῶν
1666 594 1801 649 ὅλων
1837 596 1985 665 βασι-

408 682 514 735 λίδι
550 681 729 749 φύσει.
758 681 883 744 Πῶς
908 678 1001 735 οὖν
1051 682 1117 735 ἂν
1156 683 1365 751 γένοιτο
1402 684 1605 755 Κύριος
1633 686 1730 755 τῆς
1761 686 1917 757 δόξης
1956 688 1984 739 6

412 771 863 841 ὲσταυρωμένος;
900 792 918 823 ι
956 771 1028 823 Τὸ
1051 771 1107 824 δὲ
1135 772 1475 843 ἀπαύγασμα
1502 774 1596 827 τοῦ
1630 776 1862 847 Πατρὸς,
1893 780 1985 830 καὶ

411 865 510 934 τῆς
538 865 725 929 οὐσίας
751 868 779 919 ό
801 867 1148 939 χαρακτὴρ,ὁ
1175 869 1353 939 φέρων
1379 870 1446 923 τὰ
1476 872 1651 926 πάντα
1671 872 1748 943 τῷ
1780 874 1984 944 ῥήματι

410 955 510 1017 τῆς
538 956 822 1027 δυνάμεως
846 958 1308 1030 αὐτοῦ,κρείττων
1334 961 1582 1029 ἀγγέλων
1605 983 1623 1015 ι
1656 964 1985 1033 γεγενῆσθαι

410 1046 627 1114 λέγεται
647 1064 661 1077 ⁸
694 1048 835 1119 τάχα
868 1068 969 1103 που
998 1051 1059 1103 τὸ
1087 1051 1326 1117 ἔλαττον,
1377 1055 1453 1118 ὡς
1484 1053 1747 1124 ἠγοῦμαι,
1781 1055 1982 1120 λαϐὼν,

412 1138 501 1192 ὅτε
531 1139 772 1211 πέφηνεν
801 1141 1107 1212 ἄνθρωπος.
1141 1144 1456 1212 Γέγραπται
1487 1146 1591 1216 γάρ
1612 1162 1625 1176 ·
1654 1146 1786 1198 «Τὸν
1811 1146 1983 1218 βραχύ

410 1248 466 1283 τι
496 1233 625 1301 παρ’
660 1232 922 1301 ἀγγέλους
946 1233 1326 1304 ἠλαττωμένον
1352 1236 1619 1307 βλέπομεν
1644 1236 1870 1307 Ἰησοῦν,
1899 1238 1987 1292 διὰ

411 1321 475 1374 τὸ
502 1322 728 1393 πάθημα
760 1321 853 1376 τοῦ
884 1323 1139 1389 Θανάτου,
1161 1325 1286 1396 δόξῃ
1316 1326 1409 1378 καὶ
1436 1331 1567 1398 τιμῇ
1596 1328 1985 1399 ἐστεφανωμέ-

413 1431 522 1468 νον.
560 1434 580 1465 ›
613 1411 741 1486 τΛρ’
774 1411 867 1470 οὖν
894 1416 1167 1489 ὲξώσομεν
1196 1419 1285 1471 τὸν
1309 1420 1372 1472 ὲκ
1398 1420 1531 1473 Θεοῦ
1566 1422 1780 1493 Πατρὸς
1811 1440 1989 1494 πεφη-

412 1507 541 1562 νότα
569 1508 743 1577 Λόγον
793 1510 893 1580 τῆς
940 1509 1088 1581 αὐτῷ
1136 1512 1456 1582 πρεπούσης
1498 1514 1789 1583 οὐσιὼδους
1820 1517 1989 1585 ὑπερ-

411 1599 562 1670 οχῆς,
589 1600 684 1653 καὶ
724 1600 824 1671 τῆς
866 1600 1003 1672 πρὸς
1032 1602 1193 1655 αὐτὸν
1234 1603 1496 1676 ἀκριϐοῦς
1525 1606 1844 1678 ὲμφερείας,
1892 1608 1989 1662 καὶ

410 1692 512 1763 τῆς
543 1694 651 1747 τῶν
680 1694 930 1763 ἀγγέλων
963 1694 1215 1760 εὐκλείας
1244 1696 1554 1769 ἡττώμενον
1584 1699 1873 1769 βλέποντες
1901 1701 1988 1756 διὰ

410 1786 474 1839 τὸ
503 1786 602 1856 τῆς
636 1786 948 1858 οἰκονομίας
998 1790 1374 1859 μικροπρεπὲς
1402 1792 1721 1863 νοούμενον;
1769 1796 1844 1847 Οὐ
1882 1794 1986 1865 μὲν

2089 602 2483 674 majestateque
2518 618 2692 674 usque
2740 604 2875 660 adeo
2904 604 3226 674 praecedenti
3269 606 3452 660 multis
3492 608 3661 674 parti-

2088 696 2189 751 bus
2233 696 2524 753 inferiores
2555 697 2943 752 conﬁtebitur?
2978 696 3246 752 Honorem
3287 699 3483 768 quippe
3525 715 3665 767 pra--

2089 788 2534 843 cellentissiutttm
2571 803 2692 843 esse
2734 788 2877 853 dico,
2904 789 3123 857 solique
3156 789 3384 857 principi
3420 789 3661 843 omnium

2088 889 2303 934 natura;
2335 878 2704 932 tribuendum.
2736 876 3019 944 Quomodo
3057 893 3185 947 ergo
3214 877 3375 931 fuerit
3403 877 3662 932 Dominus

2090 969 2276 1038 gloria:
2318 968 2371 1022 itt
2416 984 2578 1023 cruce
2624 968 2885 1023 sufﬁxus?
2941 988 2959 1020 ‹
2996 969 3260 1038 Splendor
3298 986 3427 1022 vero
3462 969 3660 1033 Patris,

2089 1066 2143 1111 et
2170 1057 2484 1117 substantia:
2526 1059 2671 1115 illius
2694 1059 3003 1123 character,
3036 1069 3259 1128 portans
3285 1061 3464 1114 omnia
3496 1060 3663 1114 verbo

2090 1148 2314 1204 virtutis
2357 1165 2489 1211 sum,
2540 1149 2748 1219 angelis
2792 1151 3138 1219 praestantior
3174 1148 3397 1203 effectus
3417 1151 3460 1212 T’
3493 1169 3510 1201 ι
3544 1166 3665 1218 per-

2093 1242 2312 1297 hibetur
2340 1260 2353 1295 :
2388 1241 2625 1296 fortasse
2655 1243 2804 1310 quia,
2840 1251 2897 1296 ut
2931 1242 3191 1307 arbitror,
3221 1243 3400 1296 minus
3433 1243 3663 1310 accepit,

2090 1334 2305 1406 quando
2334 1336 2581 1404 apparuit
2609 1334 2787 1395 factus
2831 1334 3015 1389 homo.
3054 1334 3326 1402 Scriptmn
3362 1345 3448 1388 est
3476 1335 3618 1389 enim
3648 1355 3662 1389 :

2097 1449 2114 1480 ι
2149 1429 2282 1483 Eum
2340 1428 2429 1495 qui
2486 1427 2698 1481 modico
2753 1443 2914 1494 quant
2959 1426 3159 1496 angeli,
3212 1427 3514 1481 minoratus
3560 1437 3662 1485 est.

2094 1523 2341 1580 videmus
2365 1518 2550 1579 Jesnm
2585 1530 2805 1588 propter
2834 1520 3138 1587 passionem
3172 1518 3384 1579 mortis,
3418 1518 3584 1587 gloria
3611 1527 3668 1572 et

2093 1612 2300 1667 honore
2336 1621 2655 1667 coronatum
2674 1612 2743 1664 ⁸ο.
2776 1631 2794 1663 ι
2835 1610 2941 1665 Sed
2989 1611 3228 1679 nunquid
3258 1611 3491 1664 Verbum
3523 1610 3667 1678 quod

2091 1721 2157 1758 ex
2209 1703 2372 1758 Patre
2425 1712 2611 1758 natum
2662 1713 2766 1767 est,
2812 1704 2882 1759 ob
2932 1704 2983 1757 id
3037 1703 3105 1757 ab
3140 1703 3432 1759 eminentia
3470 1703 3557 1757 illa
3612 1712 3668 1758 et

2093 1796 2379 1867 dignitate,
2418 1811 2538 1865 qua:
2580 1796 2942 1850 esscntialiter
2972 1797 3022 1849 in
3063 1796 3191 1849 illud
3221 1796 3494 1857 convenit,
3535 1810 3665 1849 nec-

410 1867 525 1929 οὖν.
567 1870 732 1945 Οἶμαι
757 1875 866 1946 γὰρ
894 1876 1023 1942 δεῖν,
1050 1876 1172 1930 οὕτε
1196 1878 1301 1931 τῶν
1326 1880 1681 1952 ἀνθρωπίνων
1712 1884 1988 1937 ἀπαλλάτ-

2094 1904 2197 1942 non
2232 1890 2301 1942 ah
2340 1899 2534 1943 exacta
2580 1887 2668 1940 illa
2700 1887 2882 1941 Patris
2911 1887 3267 1943 similitudine
3294 1888 3665 1949 excludemus,

410 1982 526 2019 τειν
568 1966 848 2031 παντελῶς
892 1968 981 2021 τὸν
1029 1972 1092 2023 ὲκ
1129 1970 1265 2023 Θεοῦ
1317 1974 1489 2041 Λόγον
1537 1975 1677 2044 μετὰ
1710 1978 1808 2047 τὴν
1854 1978 1990 2048 πρὸς

414 2059 593 2129 σάρκα
645 2060 897 2123 σύνοδον,
946 2060 1071 2115 οὔτε
1125 2060 1257 2135 μῆν’
1287 2065 1445 2135 δόξης
1496 2069 1595 2138 τῆς
1655 2069 1990 2140 θεοπρεποῦς

412 2150 735 2223 ἀποστερεῖν
760 2152 819 2205 τὸ
848 2153 1209 2223 ἀνθρώπινον,
1255 2159 1303 2211 εἰ
1345 2160 1403 2212 ὲν
1446 2160 1666 2233 Χριστῷ
1692 2166 1863 2217 νοοῖτο
1896 2165 1989 2218 καὶ

410 2242 642 2312 λέγοιτο.

2089 1980 2232 2050 quod
2287 1980 2584 2034 secundum
2638 1978 3063 2048 diSpensationis
3120 1992 3428 2033 mensuram
3486 1978 3666 2031 animo

2087 2084 2437 2144 conceptum,
2487 2072 2801 2142 angelorum
2850 2071 3076 2140 gloriam
3116 2085 3220 2125 non
3268 2068 3526 2139 attingit?
3556 2070 3665 2124 Ne-

2088 2180 2360 2236 quaquam
2387 2182 2401 2220 :
2434 2164 2673 2217 arbitror
2721 2166 2864 2216 enim
2900 2161 2992 2216 Dei
3024 2161 3258 2217 Verbum
3287 2172 3411 2231 post
3455 2178 3667 2217 assum-

2090 2268 2234 2327 ptam
2276 2257 2443 2311 semel
2473 2269 2720 2318 carnem,
2754 2254 2823 2307 ab
2861 2254 3109 2308 humana:
3150 2264 3355 2307 natura:
3402 2253 3666 2306 conditio-

411 2338 572 2393 nibus
596 2339 702 2410 25
732 2356 837 2396 non
887 2357 1007 2397 esse
1061 2344 1276 2414 penitus
1323 2328 1752 2415 excludendum;
1813 2366 1988 2420 neque
2026 2350 2349 2406 humanitati
2424 2363 2663 2413 rursum,
2692 2347 2761 2414 si,
2797 2355 2856 2401 ut
2895 2348 2951 2402 in
2988 2346 3208 2401 Christo
3283 2354 3385 2413 est,
3414 2344 3666 2401 conside-

412 2438 583 2495 retur,
608 2430 857 2499 gloriam,
889 2446 1008 2499 qua:
1038 2434 1202 2487 Deum
1234 2437 1409 2499 decet,
1443 2436 1811 2506 denegandam
1840 2456 1979 2494 esse.

482 2523 618 2575 KH'.
659 2522 806 2593 Πλὴν
832 2525 1199 2594 ἐρησομένους
1248 2528 1346 2580 οῦκ
1390 2528 1636 2599 ἡγνόησά
1676 2548 1825 2596 τινας
1851 2550 1862 2561 ·
1892 2533 1988 2597 Τίς

409 2610 475 2681 δὴ
503 2609 609 2681 ἄρα
634 2609 781 2664 ἐστὶν
808 2610 1023 2683 ἀληθῶς
1055 2612 1265 2684 Ἰησοῦς
1297 2616 1560 2687 Χριστός;
1590 2619 1618 2671 6
1642 2620 1706 2672 ἐκ
1734 2622 1992 2688 γυναικὸς

411 2702 720 2774 ἄνθρωπος,
753 2704 921 2775 ἤγουν
950 2706 977 2758 6
1013 2706 1077 2758 ἐκ
1103 2705 1237 2762 Θεοῦ
1271 2707 1475 2776 Λόγος;
1515 2711 1627 2764 Καὶ
1653 2713 1857 2782 ἠλίθιον
1894 2716 1994 2786 μὲν

412 2796 607 2866 κομιδῇ
669 2795 730 2849 τὸ
793 2796 1156 2851 διατείνεσθαι
1213 2800 1479 2869 περιττὰ,
1536 2803 1630 2855 καὶ
1692 2804 1993 2875 φληνάφοις

412 2885 785 2957 εἰκαιομύθοις
813 2888 1217 2957 ἀνταναφωνεῖν
1234 2887 1282 2945 h.
1302 2890 1442 2962 Ἐρῶ
1467 2892 1510 2944 δ’
1540 2889 1653 2968 οῦν,
1684 2896 1763 2948 ὅτι
1795 2898 1994 2965 σφαλε-

417 2978 508 3049 ρόν
539 2996 598 3033 τε
629 2980 726 3035 καὶ
753 2980 853 3033 οὐκ
883 2979 1117 3051 ἀζήμιον
1158 2981 1219 3034 τὸ
1268 2983 1575 3054 διατέμνειν
1618 2987 1699 3051 εἰς
1745 2988 1857 3052 δύο,
1901 2991 1995 3044 καὶ

411 3071 688 3143 ἀναμέρος
739 3073 912 3145 ἱστᾷν,
950 3074 1237 3145 ἄνθρωπόν
1288 3093 1349 3129 τε
1404 3079 1499 3130 καὶ
1529 3078 1721 3153 Λόγον,
1753 3083 1853 3134 οὐκ
1898 3084 1993 3136 ἀν-

2160 2530 2399 2595 XXVIU.
2432 2530 2549 2587 Non
2606 2530 2851 2600 ignoravi
2898 2540 3074 2584 autem
3107 2529 3338 2592 futuros,
3371 2529 3460 2597 qui
3495 2531 3666 2584 inter-

2091 2633 2323 2691 rogent:
2360 2623 2629 2692 Agedum,
2684 2633 2804 2676 uter
2856 2637 2981 2677 vere
3034 2631 3118 2675 est
3168 2620 3324 2676 Jesus
3370 2620 3670 2676 Christus?

2093 2721 2209 2775 isne
2259 2719 2350 2789 qui
2404 2720 2565 2773 homo
2597 2732 2660 2771 ex
2714 2716 2936 2771 muliere
2989 2726 3147 2770 natus
3197 2726 3302 2780 est,
3327 2731 3393 2768 an
3432 2713 3668 2767 Verbum

2091 2816 2236 2885 quod
2295 2829 2360 2869 ex
2411 2813 2523 2866 Deo
2562 2812 2802 2878 genitum
2838 2810 2956 2866 est?
2980 2809 3072 2864 Nae
3102 2809 3325 2863 stultum
3356 2819 3439 2862 est
3474 2821 3668 2874 super-

2093 2902 2346 2956 vacaneis
2374 2900 2557 2957 verbis
2574 2897 2922 2961 contendere,
2959 2912 3023 2951 ac
3062 2895 3393 2965 quibuslibet
3436 2896 3672 2949 anilibus

2092 2992 2249 3061 nugis
2284 3005 2408 3045 sese
2453 3001 2747 3057 opponere.
2780 2987 3101 3055 Rcspondeo
3157 2984 3511 3039 nihilominus
3561 3000 3667 3054 non

2095 3083 2268 3136 solum
2332 3080 2718 3150 periculosum,
2747 3078 2839 3133 sed
2891 3078 3053 3133 etiam
3111 3076 3473 3145 perniciosmn
3524 3091 3670 3138 esse.

413 3168 683 3239 εχομένης
725 3169 826 3239 τῆς
869 3171 1203 3241 οἰκονομίας,
1237 3172 1330 3226 καὶ
1356 3174 1591 3245 Χριστὸν
1637 3173 1731 3226 ’ένα
1779 3174 1990 3245 βοώσης

2098 3174 2369 3230 hominem
2403 3183 2457 3227 et
2484 3171 2721 3226 Verbum
2758 3170 3062 3241 sejnngcrc,
3104 3168 3358 3238 factaque
3408 3169 3673 3227 divisione

412 3260 511 3330 τῆς
552 3258 910 3313 θεοπνεύστου
938 3262 1195 3331 Γραφῆς·
1230 3263 1426 3334 χρῆναι
1464 3264 1571 3334 γὰρ
1622 3264 1797 3331 ἔγωγέ
1824 3282 1987 3335 φημι,

417 3353 555 3420 μήτε
601 3351 692 3403 τδν
726 3353 790 3404 ἐκ
816 3350 952 3404 Θεοῦ
992 3352 1164 3420 Λόγον
1211 3354 1629 3425 ἀνθρωπότητος
1671 3354 1814 3424 δίχα,
1852 3355 1991 3424 μήτε

366 3484 369 3487 .
416 3441 524 3514 μὴν
553 3443 646 3497 τὸν
676 3444 742 3497 ὲκ
769 3443 1027 3512 γυναικὸς
1059 3445 1428 3516 ἀποτεχθέντα
1470 3446 1618 3509 ναὸν,
1653 3446 1728 3509 ὡς
1756 3447 1830 3517 μὴ
1856 3447 1991 3507 ἑνω-

414 3533 577 3588 θέντα
617 3534 694 3606 τῷ
718 3535 894 3606 Λόγῳ,
941 3537 1176 3606 Χριστὸν
1208 3539 1415 3609 Ἰησοῦν
1463 3539 1844 3609 ὀνομάζεσθαι.
1875 3538 1992 3595 Ἀν-

414 3626 728 3697 θρωπότητι
754 3626 860 3699 γάρ
887 3626 1008 3680 καθ’
1043 3627 1238 3682 ἕνωσιν
1265 3628 1614 3700 ςίκονομικὴν
1662 3629 1993 3701 ἀπορρήτοις

414 3718 874 3791 συνενηνεγμένος
922 3721 950 3773 6
1003 3722 1068 3774 ὲκ
1111 3720 1245 3773 Θεοῦ
1283 3721 1474 3788 Λόγος,
1505 3723 1706 3775 νοεῖται
1735 3722 1989 3792 Χριστός.

426 3811 722 3884 Ἀνώτερος
770 3812 868 3883 μὲν
917 3812 1355 3882 ἀνθρωπότητος,
1388 3814 1465 3876 ὡς
1514 3814 1676 3882 φύσει
1723 3815 1854 3878 Θεὸς
1899 3815 1994 3867 καὶ

412 3902 575 3967 Υἱός⁶
624 3904 725 3957 οὐκ
756 3903 1040 3975 ἀτιμάζων
1085 3904 1142 3957 δὲ
1200 3906 1295 3957 καὶ
1341 3905 1402 3957 τὺ
1430 3907 1488 3957 ἐν
1519 3905 1709 3971 ὑφέσει
1741 3905 1994 3973 γενέσθαι

413 3998 610 4064 δοκεῖν,
655 3998 744 4053 διὰ
790 3999 850 4052 τὸ
903 3998 1263 4071 ἀνθρώπινον.
1337 4000 1621 4072 Τοιγάρτοι
1700 4000 1831 4053 ποτὲ
1893 4000 1994 4070 μὲν

413 4090 683 4159 ἔφασκεν·
726 4092 825 4144 «Ὀ
868 4091 1130 4164 ἑωρακὼς
1182 4093 1302 4163 ἐμὲ,
1350 4092 1562 4163 ἑώρακε
1609 4093 1699 4146 τὸν
1754 4094 1992 4164 Πατέρα.

426 4182 569 4252 Ἐγὼ
612 4185 707 4238 καὶ
734 4185 762 4236 6
790 4184 980 4255 Πατὴρ
1017 4184 1075 4237 ἓν
1103 4187 1301 4255 ἐσμεν·
1335 4203 1353 4236 ι
1393 4185 1522 4251 ποτὲ
1569 4185 1625 4237 δὲ
1671 4180 1737 4239 αὖ
1788 4184 1950 4237 πάλιν
1978 4199 1992 4212 ·

421 4276 523 4332 «Ὀ
554 4279 745 4348 Πατήρ
778 4294 876 4348 μου
925 4276 1127 4346 μείζων
1163 4294 1267 4347 μου
1314 4276 1490 4339 ἐστίν·
1532 4295 1549 4328 ι
1585 4278 1644 4329 οὐ
1677 4277 1847 4348 μείων
1888 4275 1994 4347 γὰρ

414 4366 490 4423 ὢν
527 4368 619 4421 τοῦ
668 4370 879 4439 Πατρὸς
934 4369 1074 4423 κατά
1119 4386 1184 4438 γε
1234 4368 1296 4421 τὸ
1347 4372 1405 4426 ὲν
1453 4370 1611 4441 οὐσίᾳ
1653 4370 1867 4433 ταυτὸν,
1900 4369 1995 4421 καὶ

415 4462 559 4515 κατὰ
603 4464 710 4514 πᾶν
759 4461 936 4515 ότιοῦν
968 4462 1029 4515 τὸ
1066 4461 1405 4526 ἰσοστατοῦν,
1450 4464 1508 4517 ὲν
1544 4463 1820 4517 ἐλάττοσιν
1851 4458 1993 4516 εἶναί

414 4571 549 4626 φησι
576 4555 665 4608 διά
696 4555 757 4608 τὸ
783 4554 1145 4626 ἀνθρώπινον.

2026 4521 2073 4579 D

2096 3274 2389 3332 utrumque
2433 3277 2677 3318 seorsum
2718 3271 2995 3323 statuere;
3039 3261 3238 3329 quippe
3298 3274 3418 3313 cum
3453 3260 3675 3329 dispen-

2095 3357 2324 3412 sationis
2355 3356 2670 3426 mysterium
2690 3353 2954 3423 ejusmodi
2987 3352 3284 3407 sectionem
3328 3366 3673 3420 nequaquam

2094 3450 2364 3515 admittat,
2398 3462 2453 3503 et
2476 3451 2655 3503 divina
2693 3458 2955 3518 pra'terea
3012 3446 3291 3515 Scriptura
3342 3462 3505 3501 unum
3538 3445 3675 3499 dun-

2097 3550 2246 3596 taxat
2302 3540 2579 3595 Christum
2615 3555 2737 3595 esse
2795 3540 3001 3595 diserte
3057 3539 3264 3605 tradat;
3299 3552 3487 3602 assero
3526 3537 3671 3593 enim

2095 3648 2271 3703 neque
2302 3631 2397 3686 Dei
2442 3631 2671 3687 Verbum
2713 3632 2919 3700 absque
2950 3631 3313 3697 humanitate,
3339 3645 3514 3700 neque
3535 3639 3674 3685 tem-

2096 3725 2242 3794 plum
2277 3740 2514 3786 rursum,
2555 3724 2697 3785 quod
2741 3736 2806 3775 ex
2855 3721 3081 3775 muliere
3130 3721 3183 3776 in
3229 3721 3404 3777 lucem
3465 3720 3671 3776 editmn

2096 3828 2202 3882 est,
2229 3816 2329 3869 nisi
2362 3831 2484 3870 cum
2504 3812 2678 3868 Verbo
2694 3812 3042 3881 coniunctum
3073 3813 3165 3879 sit,
3183 3812 3461 3868 Christum
3487 3813 3671 3868 .Iesum

2096 3908 2356 3977 appellari
2412 3922 2591 3975 posse.
2650 3904 3094 3975 Quandoquidem
3150 3905 3246 3960 Dei
3289 3905 3522 3960 Verbum
3578 3918 3675 3973 per

2098 4000 2553 4070 dispensatoriam
2597 3999 2844 4068 capulam
2886 3998 3192 4053 admirabili
3231 3997 3393 4052 modo
3422 3997 3675 4051 humanae

2098 4102 2306 4146 natura:
2360 4093 2593 4152 unitum,
2633 4092 2882 4152 Christus
2939 4105 3059 4145 esse
3120 4089 3486 4158 cognoscitur.
3542 4087 3675 4143 Nam

2095 4183 2199 4238 etsi
2234 4183 2365 4237 illud
2406 4193 2467 4237 ut
2524 4181 2668 4237 Deus
2699 4181 3075 4251 naturalisque
3129 4180 3226 4237 Dei
3275 4180 3453 4236 Patris
3483 4180 3673 4246 Filius,

2098 4276 2436 4330 immanitate
2472 4276 2721 4345 superius
2748 4276 3093 4339 sit,attamen
3125 4282 3348 4343 propter
3368 4282 3675 4343 susceptam

2098 4368 2330 4423 hominis
2364 4380 2614 4423 naturam
2643 4367 2697 4425 in
2727 4368 3032 4423 humilitate
3062 4366 3249 4437 jacere
3273 4381 3379 4420 non
3405 4366 3678 4419 detrecta-

2100 4461 2195 4514 vit.
2243 4462 2420 4531 Atque
2474 4462 2579 4518 huc
2616 4462 2780 4517 tendit
2832 4460 2963 4516 illud
3007 4459 3259 4516 Christi:
3301 4475 3324 4513 ι
3376 4457 3475 4526 Qui
3531 4457 3679 4512 vi‘det

2102 4570 2209 4620 me,
2249 4556 2395 4611 videt
2421 4563 2477 4610 et
2498 4554 2714 4615 Patrem
2750 4569 2931 4609 meum
2952 4554 3030 4622 ⁸⁸;
3063 4572 3082 4607 ι
3110 4562 3187 4619 et,
3228 4572 3246 4605 ι
3290 4552 3399 4623 Ego
3432 4560 3486 4606 et
3513 4549 3679 4605 Pater

417 4662 583 4702 unum
618 4632 803 4704 sumus
830 4649 911 4714 ³²;
944 4666 962 4700 ›
991 4659 1047 4702 et
1103 4649 1231 4703 illud
1305 4664 1520 4704 rursum
1567 4648 1833 4719 ejusdem,
1864 4645 2027 4701 Pater
2065 4664 2217 4704 meus
2264 4646 2441 4718 major
2482 4663 2567 4703 me
2639 4657 2722 4704 est
2750 4649 2815 4701 ⁸³.
2857 4667 2875 4701 ι
2911 4647 3172 4715 Quamvis
3197 4646 3365 4711 enim,
3403 4644 3517 4700 sive
3546 4644 3677 4699 sub-

417 4744 632 4798 stantia:
670 4745 1035 4809 identitatem,
1059 4743 1177 4799 sive
1206 4743 1351 4799 aliud
1384 4745 1767 4814 quodcunque,
1802 4743 1852 4796 in
1885 4758 1992 4812 quo
2066 4759 2187 4798 cum
2238 4742 2402 4799 Patre
2453 4742 2690 4799 conferri
2744 4751 2926 4814 queat,
2986 4750 3217 4813 spectes,
3248 4738 3423 4795 Patre'
3469 4753 3679 4809 nequa-

416 4854 581 4913 quam
618 4838 793 4891 minor
824 4837 930 4903 sit;
976 4845 1155 4892 tamen
1178 4846 1400 4907 propter
1436 4846 1771 4906 assumptam
1795 4835 2208 4902 humanitatem,
2229 4838 2392 4894 Patre
2416 4840 2681 4892 minorem
2709 4852 2767 4892 se
2800 4844 2980 4893 vocat.

488 4932 617 4986 KG'.
658 4929 1005 5000 Κηρύττεται
1032 4928 1092 4981 δὲ
1124 4930 1220 4981 καὶ
1250 4928 1339 4981 διὰ
1371 4928 1480 4982 τῶν
1527 4929 1687 4999 ἱερῶν
1727 4928 1988 5000 Γραμμά-

416 5042 548 5091 των,
586 5023 713 5076 ποτὲ
750 5023 846 5091 μὲν
875 5020 949 5083 ὼς
978 5021 1099 5083 ὅλος
1134 5019 1211 5073 ὢν
1237 5019 1545 5091 ἄνθρωπος,
1580 5020 1999 5090 σεσιωπημένης

420 5115 585 5171 αὐτοῦ
614 5116 714 5182 τῆς
740 5113 991 5181 θεότητος
1021 5112 1384 5183 οἰκονομικῶς
1404 5130 1417 5142 ·
1451 5115 1581 5165 ποτε
1625 5113 1681 5166 δὲ
1730 5108 1797 5165 αὖ
1836 5112 1997 5165 πάλιν

418 5210 494 5272 ὡς
547 5206 699 5271 Θεὸς,
739 5204 1159 5275 σεσιωπημένης
1208 5204 1373 5258 αὐτοῦ
1404 5204 1503 5274 τῆς
1532 5204 1997 5276 ἀνθρωπότητοςτ

420 5301 685 5354 ἀδικεῖται
706 5298 762 5350 δὲ
802 5297 921 5349 κατ’
956 5297 1147 5349 οὐδένα
1170 5296 1392 5369 τρόπον,
1418 5296 1507 5350 διὰ
1545 5296 1645 5367 τὴν
1687 5298 1890 5366 ἀμφοῖν
1917 5298 1999 5369 εἰς

420 5387 651 5455 ἑνότητα
699 5384 990 5455 σύμϐασιν.
1032 5386 1144 5439 Καὶ
1178 5385 1307 5454 γοῦν
1330 5388 1358 5438 6
1390 5385 1676 5450 θεσπέσιος
1705 5386 1936 5453 Παῦλος,

495 5545 541 5578 ⁷⁵
564 5545 731 5603 llchr.
764 5544 805 5611 Ι,
836 5546 892 5609 5,
928 5546 983 5599 ι.
1058 5543 1103 5576 ⁸ο
1134 5543 1297 5601 iicbr.
1344 5558 1401 5607 tt,
1435 5541 1488 5596 9.
1564 5539 1788 5616 “Joang
1835 5557 1945 5608 xiv,
1981 5541 2033 5598 9.

2176 4930 2370 4988 XXIX.
2406 4932 2545 4999 Quin
2570 4946 2738 4986 sacra:
2768 4944 2987 5000 quoque
3014 4928 3236 4984 Littera:
3283 4926 3681 4997 dispensatoria

2105 5024 2336 5093 quadam
2392 5024 2621 5087 ratione,
2649 5023 2931 5077 divinitate
2990 5021 3135 5076 illius
3156 5034 3470 5090 suppressa,
3508 5028 3679 5075 totum

2107 5109 2379 5169 interdum
2415 5111 2717 5181 praedicant
2767 5120 2825 5163 nt
2855 5109 3379 5174 hominem;contra
3428 5122 3683 5163 nonnun-

2106 5217 2268 5272 quam
2293 5202 2631 5257 humanitate
2659 5198 2902 5271 ejusdem
2934 5201 3118 5267 tacita,
3151 5209 3321 5255 totum
3357 5200 3683 5271 quandoque

2108 5294 2467 5349 insinuantut
2493 5293 2683 5348 Deum.
2714 5294 2966 5347 Attamen
3018 5299 3241 5363 propter
3269 5291 3552 5361 utriusque
3586 5303 3686 5346 na-

2108 5395 2244 5442 tura:
2300 5385 2353 5441 in
2408 5400 2572 5441 unam
2632 5383 2987 5455 eamdemque
3016 5398 3303 5455 personam
3366 5381 3681 5448 coitionem,

2110 5542 2155 5574 ⁸³
2189 5541 2348 5598 Joan.
2380 5558 2437 5610 ιι,
2482 5540 2572 5597 50.
2648 5542 2695 5576 ⁸³
2723 5540 2881 5601 Joan.
2937 5557 3051 5613 XIV,
3086 5539 3178 5599 28.

1530 5682 1705 5740 Varia:
1735 5684 1994 5743 lectiones
2024 5683 2229 5762 codicis
2271 5681 2639 5757 Seguicriani.

498 5828 524 5871 ιι
553 5825 863 5899 φληνάφους
887 5821 1266 5896 εἰκαιομυθίας
1296 5821 1720 5893 ἁνταναφωνεῖν.
