4044 6332
300 441 436 496 ΗΠ

1251 440 1336 494 ΘΕ
1376 440 1602 496 RECTA
1645 440 1800 495 FIDE
1838 441 1928 495 AD
1968 441 2416 497 TIIEODOSIUM
2457 442 2591 495 l.\ll’.

3411 439 3550 494 "78

369 559 448 608 A'.
501 554 560 610 '0
608 555 769 618 αὐτὸς
809 550 912 608 οὖν’
955 554 1062 626 ἄρα
1113 555 1205 608 καὶ
1257 555 1550 625 μονογενής
1601 557 1736 616 ἐστι,
1780 554 1872 607 καὶ

2050 555 2216 610 XXX.
2261 557 2404 612 Idem
2468 560 2650 627 itaque
2704 557 3010 628 unigenitus
3055 566 3111 612 et
3159 554 3550 627 primogenitum

303 648 675 718 πρωτότοκος’
711 648 740 700 ὁ
765 647 873 718 γάρ
902 664 984 699 τοι
1027 646 1319 716 μονογενὴς
1353 646 1428 709 ὼς
1455 647 1604 710 Θεὸς,
1653 647 1868 718 πρωτό-

300 755 457 802 τοκος
515 739 573 792 ὲν
623 739 774 808 ἡμῖν,
809 736 932 791 καθ’
964 737 1160 790 ἕνωσιν
1212 738 1568 807 οἰκονομικῶς
1589 737 1636 800 κ,
1669 738 1761 791 καὶ
1811 739 1868 791 ἐν

303 830 515 892 πολλοῖς
548 829 794 898 ἀδελφοῖς
840 829 914 892 ὡς
960 829 1242 898 ἄνθρωπος
1264 845 1277 858 ·
1331 829 1400 882 ἵν’
1425 831 1588 901 ἡμεῖς
1619 821 1766 899 ὦμεν
1796 828 1870 890 ὡς

303 924 361 974 ὲν
393 921 541 991 αὐτῷ
581 935 641 974 τε
679 921 774 974 καὶ
804 920 872 974 δι’
902 921 1066 974 αὐτοῦ
1102 921 1208 973 υἱοὶ
1235 919 1370 973 Θεοῦ
1405 921 1648 988 φυσικῶς
1686 937 1745 973 τε
1779 920 1870 972 καὶ

304 1014 442 1066 κατά
472 1013 632 1084 χάριν
656 1029 670 1044 ο
701 1011 946 1082 φυσικῶς
979 1013 1098 1083 μὲν,
1122 1013 1196 1076 ὡς
1221 1014 1277 1065 ὲν
1298 1012 1446 1083 αὐτῷ
1474 1030 1531 1065 τε
1565 1012 1656 1065 καὶ
1685 1012 1830 1082 μόνῳ
1853 1027 1865 1041 ο

307 1105 641 1176 μεθεκτικῶς
677 1105 733 1159 δὲ
763 1106 855 1159 καὶ
903 1104 1045 1158 κατὰ
1077 1104 1236 1176 χάριν
1285 1107 1447 1175 ἡμεῖς
1492 1105 1560 1157 δι’
1591 1104 1754 1158 αὐτοῦ
1812 1106 1870 1157 ἐν

305 1195 816 1266 ῐΙνεύματι.Ὢσπερ
848 1190 941 1249 οὖν
980 1195 1198 1265 γέγονεν
1228 1195 1357 1249 ἴδιον
1387 1199 1484 1267 τῆς
1512 1195 1870 1266 ἁνθρωπότη-

305 1303 394 1348 τος
447 1287 503 1338 ἐν
541 1285 763 1356 Χριστῷ
809 1285 869 1338 τὸ
919 1285 1226 1355 μονογενὲς,
1265 1285 1354 1339 διὰ
1396 1285 1456 1338 τὸ
1503 1287 1746 1357 ἡνῶσθαι
1795 1286 1872 1356 τῷ

304 1376 462 1446 Λόγῳ
506 1377 648 1429 κατὰ
693 1375 964 1447 σύμϐασιν
1009 1377 1388 1448 οἰκονομικήν·
1423 1377 1595 1440 οὕτως
1623 1377 1752 1431 ίδιον
1777 1378 1869 1432 τοῦ

305 1469 501 1536 Λόγου,
519 1465 599 1528 τὸ,
611 1467 680 1520 ἐν
697 1466 947 1532 πολλοῖς
958 1466 1260 1535 ἀδελφοῖς,
1283 1469 1375 1521 καὶ
1387 1468 1465 1530 τὸ,
1480 1471 1869 1536 πρωτότοκος,

304 1560 393 1614 διὰ
426 1560 486 1612 τὸ
511 1559 750 1629 ἡνῶσθαι
781 1558 967 1629 σαρκί.
991 1558 1408 1628 Ἔρηρεισμένον
1433 1560 1478 1612 δ’
1503 1555 1594 1613 οὖν
1634 1560 1771 1630 ἔχων
1810 1562 1872 1615 τὸ

304 1645 442 1704 εἶναι
463 1651 614 1714 Θεὸς,
648 1651 743 1702 καὶ
769 1649 975 1720 τροπῆς
1002 1649 1241 1718 ἀμείνων
1273 1651 1554 1720 ὑπάρχων,
1584 1652 1672 1704 ἀεὶ
1705 1651 1873 1721 μεμέ-

304 1760 468 1812 νηκεν
498 1743 632 1812 ὅπερ
661 1736 750 1812 ἦν,
783 1740 876 1794 καὶ
915 1742 1004 1794 ὅτε
1035 1740 1258 1809 γέγονεν
1299 1741 1608 1812 ἄνθρωπος,
1634 1745 1700 1813 τῇ
1729 1742 1872 1795 κατὰ

307 1838 522 1892 πάντων
553 1837 816 1908 ὑπεροχῇ,
853 1833 977 1908 δόξῃ
1010 1851 1068 1888 τε
1098 1838 1164 1906 τῇ
1199 1835 1458 1888 ἀνωτάτω
1493 1832 1871 1902 κατεστεμμέ-

305 1946 416 1992 νος.
441 1930 726 1999 Τοιγάρτοι
755 1927 1106 1981 κεκέλευσται
1144 1925 1264 1998 μεθ’
1286 1926 1442 1996 ἡμῶν
1475 1927 1568 1980 καὶ
1597 1926 1734 1994 αὑτὴ
1763 1925 1873 1981 τῶν

307 2022 419 2076 ἄνω
447 2021 770 2091 πνευμάτων
807 2020 841 2091 ἡ
872 2019 1005 2087 ἁγία
1037 2037 1097 2072 τε
1124 2019 1217 2071 καὶ
1250 2017 1620 2090 παμμακαρία
1667 2017 1875 2087 πληθὺς

309 2111 630 2182 προσκυνεῖν
675 2106 971 2181 αὐτῷ.ἾΙν
1015 2109 1124 2180 γὰρ
1167 2110 1339 2180 δήπου
1387 2109 1481 2162 καὶ
1534 2109 1678 2179 μάλα
1727 2108 1876 2172 εἰκὸς

311 2203 609 2273 ἀνήνασθαι
660 2202 758 2274 τὴν
784 2201 1175 2274 προσκύνησιν,
1203 2200 1298 2254 καὶ
1326 2201 1658 2271 κατοκνῆσαι
1683 2184 1870 2271 τῖμᾷν,

309 2294 369 2346 τὸ
408 2293 505 2363 τῆς
553 2292 968 2364 ἀνθρωπότητος
1017 2291 1430 2364 σμικροπρεπὲς
1478 2291 1738 2361 ὁρῶντας,
1781 2291 1876 2346 καὶ

308 2389 399 2444 τδν
427 2392 493 2444 δι’
525 2391 670 2462 ἡμᾶς
701 2390 992 2462 γενόμενον
1021 2389 1142 2444 καθ’
1168 2390 1317 2459 ἡμᾶς
1342 2389 1442 2441 οὑκ
1473 2387 1702 2451 ἀξιῶσαι
1731 2388 1877 2453 δοξο-

308 2480 508 2550 λογεῖν,
537 2479 944 2549 ἀπυφοιτῶντας
973 2480 1047 2543 ὡς
1076 2479 1348 2533 ἀπωτάτω
1377 2478 1470 2532 τοῦ
1498 2477 1875 2548 πεπλανῆσθαι

308 2573 787 2628 δοκεῖν.¹’Λποπτον
811 2571 920 2644 γὰρ
949 2571 1042 2625 καὶ
1061 2571 1245 2635 αὐτοῖς
1269 2566 1338 2642 ἦν
1365 2570 1526 2624 ἔτιτὸ
1551 2571 1642 2622 ἐπὶ
1658 2570 1877 2641 Χριστῷ

313 2661 630 2731 μυστήριον,
670 2659 999 2725 ἐξεκάλυπτε
1051 2658 1107 2710 δὲ
1158 2657 1219 2710 τὸ
1270 2657 1495 2726 Πνεῦμα
1542 2657 1744 2720 αὐτοῖς,
1782 2654 1879 2708 καὶ

309 2752 586 2804 δυσσεὸεῖν
630 2753 728 2804 οὐκ
769 2749 919 2820 ἠφίει
962 2750 1089 2812 τοὺς
1132 2748 1514 2818 ἡγιασμένους.
1581 2747 1878 2818 Τοιγάρτοι

312 2846 474 2914 φησιν
506 2847 534 2898 ὁ
565 2844 848 2906 θεσπέσιος
878 2842 1083 2906 Παῦλος
1103 2857 1120 2873 ο
1154 2842 1355 2894 «Ὅταν
1400 2839 1458 2892 δὲ
1485 2841 1754 2911 εἰσαγάγῃ
1784 2837 1879 2894 τὸν

316 2937 666 3008 Πρωτότοκον
711 2938 791 3000 είς
818 2935 916 3008 τὴν
965 2935 1311 3006 οἰκουμένην,
1340 2933 1490 3002 λέγει
1511 2951 1524 2965 ·
1553 2933 1664 2986 Καὶ
1703 2948 1878 3004 προσ-

313 3031 703 3100 κυνησάτωσαν
756 3028 904 3100 αύτῷ
957 3030 1156 3091 πάντες
1198 3025 1418 3097 ἄγγελοι
1459 3026 1619 3082 Θεοῦ.
1644 3026 1740 3078 ›Ὀ
1768 3024 1878 3097 γὰρ

313 3121 536 3192 ἰδιότητι
580 3122 777 3190 φυσικῇ
812 3119 908 3189 τῆς
949 3117 1272 3188 οἰκουμένης
1299 3115 1527 3188 ’ἁπάσης
1558 3113 1873 3184 διενεγκὼν,

1972 647 2078 719 27
2117 658 2199 703 est
2230 666 2242 702 :
2284 649 2592 718 unigenitus
2622 650 2837 718 quidem
2875 659 2933 704 ut
2963 649 3125 710 Deus,
3158 650 3550 718 primogenitus

1973 751 2102 788 vero
2158 745 2426 805 quatenus
2492 741 2790 790 secundum
2843 737 3230 791 mconomicam
3294 740 3548 792 unionem

1973 825 2113 879 inter
2139 841 2235 880 nos
2255 837 2310 880 ct
2351 827 2490 880 inter
2518 828 2713 880 mullos
2749 827 2944 880 fratres
2990 828 3150 880 homo
3173 837 3418 881 versatus
3443 837 3546 891 est,

1971 932 2078 984 quo
2104 925 2158 970 et
2194 932 2292 970 nos
2323 932 2535 987 quoque
2579 919 2631 970 iu
2661 919 2780 987 ipso
2811 928 2866 972 et
2905 934 2999 985 per
3039 921 3214 988 ipsum
3251 920 3546 974 seCUudum

1975 1019 2222 1062 naturam
2249 1019 2303 1062 et
2329 1011 2553 1077 gratiam
2590 1009 2683 1063 lilii
2716 1011 2806 1063 Dei
2839 1009 3174 1064 elliceremur
3203 1030 3216 1065 :
3249 1013 3545 1065 secundum

1973 1111 2223 1156 naturam
2254 1103 2490 1170 quidem,
2521 1111 2578 1156 ut
2612 1103 2664 1156 in
2699 1105 2814 1171 ipso
2855 1111 2908 1156 et
2941 1119 3046 1157 uuo
3090 1123 3102 1157 :
3140 1105 3549 1173 participatione

1973 1206 2123 1256 vero,
2165 1201 2217 1246 et
2254 1193 2545 1247 secundmn
2583 1193 2812 1264 gratiam
2865 1209 2961 1260 per
2991 1193 3165 1262 ipsum
3227 1193 3279 1246 in
3316 1194 3545 1260 Spiritu.

1974 1282 2434 1350 Quemadmodum
2463 1283 2624 1353 igitur
2654 1283 2852 1337 Christi
2885 1285 3232 1349 hmnauilati,
3264 1296 3546 1354 propterea

1973 1373 2114 1442 quod
2145 1374 2444 1427 secundum
2471 1374 2892 1444 dispensationis
2925 1374 3171 1442 copulam
3205 1373 3383 1429 Verho
3417 1392 3549 1429 con-

1969 1465 2150 1535 juncta
2181 1475 2284 1531 est,
2311 1466 2650 1536 unigenitum
2687 1480 2807 1521 esse
2839 1477 2894 1520 et
2946 1467 3051 1520 dici
3113 1468 3389 1536 proprium
3421 1466 3549 1520 em:-

1973 1568 2120 1615 ctum
2159 1569 2242 1614 est
2277 1577 2290 1612 :
2329 1561 2398 1612 ita
2436 1559 2722 1623 Verho,eo
2752 1559 2894 1628 quod
2925 1559 3136 1613 unitum
3171 1569 3251 1613 est
3284 1561 3454 1625 carni,
3493 1561 3546 1612 id

1973 1653 2250 1722 proprium
2313 1652 2514 1705 factum
2547 1662 2647 1714 est,
2683 1667 2741 1704 ut
2789 1651 2928 1704 inter
2978 1654 3174 1704 tnultos
3220 1655 3414 1704 fratres
3446 1653 3550 1718 pri-

1974 1745 2272 1813 mogeuitus
2304 1745 2375 1797 sit
2402 1751 2457 1798 et
2489 1745 2810 1812 appelletur.
2844 1743 2976 1797 Cum
3013 1744 3103 1797 Dei
3145 1745 3323 1810 itaque
3354 1754 3544 1795 natura

1974 1834 2206 1901 stabilis,
2232 1835 2453 1888 immota
2499 1836 2785 1904 omnisque
2841 1836 3158 1890 mutationis
3204 1852 3396 1905 expers
3451 1835 3542 1900 sit,

1976 1942 2248 1996 nunquam
2279 1926 2419 1980 Deus
2456 1927 2686 1980 Verbum
2717 1943 2821 1980 non
2865 1928 3066 1981 mansit
3103 1929 3244 1996 quod
3279 1925 3544 1981 t-raI.Ne-

1974 2034 2079 2088 que
2109 2034 2236 2075 vero
2269 2029 2376 2073 tum
2410 2021 2624 2087 quando
2642 2019 2804 2074 homo
2827 2019 3000 2074 factus
3026 2030 3127 2083 est,
3153 2036 3376 2074 summze
3401 2021 3545 2073 illius

1977 2109 2274 2179 tuajestatis
2299 2107 2688 2178 etglorim,qua
2722 2121 2944 2164 caeteros
2975 2125 3164 2163 omnes
3198 2109 3352 2178 longe
3376 2125 3545 2176 supe-

1975 2211 2079 2266 rat,
2129 2202 2381 2256 coronam
2429 2201 2637 2254 amisit.
2697 2201 3055 2267 Quamobrem
3112 2212 3298 2254 sancta
3351 2201 3437 2252 illa
3494 2202 3546 2253 in

1975 2293 2272 2364 primisque
2305 2295 2462 2349 heata
2492 2295 2794 2349 caelestium
2820 2295 3109 2363 spirituum
3151 2293 3458 2354 multitudo,
3493 2303 3550 2346 ut

1975 2384 2123 2439 illum
2166 2386 2376 2450 adoret,
2405 2401 2555 2454 teque
2609 2402 2671 2438 ac
2707 2401 2805 2440 nos
2840 2387 3151 2439 mandatum
3189 2385 3420 2450 accepit.
3443 2382 3548 2434 Po-

1979 2487 2120 2532 terat
2143 2479 2308 2545 enim,
2347 2479 2460 2534 sola
2489 2479 2844 2534 humanitatis
2877 2479 3140 2548 parvitate
3169 2489 3222 2530 et
3250 2477 3550 2543 ahjectioue

1977 2570 2311 2640 inspecta,et
2339 2556 2555 2640 quidem
2597 2571 2719 2640 jure
2769 2571 3090 2638 meritoque,
3127 2568 3386 2636 ejusmodi
3420 2569 3551 2620 ado-

1979 2665 2240 2720 rationem
2269 2678 2542 2727 recusare,
2575 2671 2630 2715 et
2677 2662 2900 2716 honoris
2952 2663 3154 2716 cultum
3207 2659 3550 2714 ιειιιιοιτιιιιῐιιε

1977 2755 2307 2824 impendere.
2357 2769 2421 2808 ac
2481 2753 2556 2808 illi
2589 2753 2680 2820 qui
2745 2764 2965 2821 propter
2999 2769 3100 2807 nos
3139 2754 3310 2806 nostri
3359 2751 3549 2805 similis

1977 2844 2200 2901 effectus
2253 2843 2447 2910 fuerat,
2479 2843 2924 2914 gloriﬁcationem
2973 2845 3263 2910 denegare,
3327 2855 3391 2892 ne
3444 2854 3551 2907 quo

1977 2951 2163 2990 errore
2186 2936 2556 3006 imprudentes
2578 2937 3081 3005 constringerentur
3108 2951 3122 2987 :
3151 2933 3375 2985 necdum
3402 2932 3546 2984 enim

1977 3039 2032 3084 et
2071 3029 2242 3100 ipsius
2294 3029 2611 3098 mysterium
2664 3028 2793 3081 illud
2837 3026 3042 3081 Christi
3087 3025 3358 3094 cognitum
3410 3031 3549 3087 erat,

1980 3136 2164 3176 verum
2211 3134 2280 3174 ne
2308 3119 2669 3175 sanctissima:
2720 3119 2824 3173 illa:
2848 3128 3112 3173 creatura:
3167 3116 3220 3169 in
3277 3130 3396 3169 eam
3450 3115 3553 3166 im-

310 3213 414 3278 ἔξω
441 3228 499 3262 τε
527 3211 693 3280 αὐτῆς
731 3209 1010 3279 ὑπάρχων,
1039 3208 1176 3262 καθὸ
1201 3209 1402 3260 νοεῖται
1437 3205 1588 3270 Θεὸς,
1625 3205 1875 3275 είσϐἐὸη-

1979 3213 2231 3282 pietatem
2284 3211 2608 3274 inciderent,
2639 3209 2879 3280 Spiritus
2905 3209 2958 3262 id
2996 3208 3105 3262 illis
3137 3206 3370 3275 aperuit.
3413 3203 3551 3257 llinc

311 3321 403 3356 κεν
433 3305 510 3364 εἰς
538 3301 726 3372 αὐτὴν,
757 3301 920 3372 μέρος
943 3301 1148 3370 κόσμου
1173 3297 1450 3369 πεφηνὼς,
1474 3297 1548 3359 ὡς
1569 3297 1874 3368 ἅνθρωπος·

310 3394 450 3466 πλὴν
483 3395 544 3448 οὐ
572 3395 659 3448 διὰ
687 3393 844 3446 τοῦτο
881 3393 980 3462 τῆς
1013 3393 1162 3454 θείας
1197 3390 1475 3444 άπὼλισθε
1505 3391 1683 3460 δόξης.
1702 3392 1877 3461 Προσ-

311 3487 551 3538 κυνεϊται
577 3485 682 3555 γαρ
709 3484 784 3544 ὡς
810 3483 1143 3553 Μονογενὴς,
1166 3482 1334 3536 κᾶνεί
1359 3481 1576 3534 καλοῖτο
1605 3481 1878 3551 πρωτότο-

310 3594 437 3641 κος·
490 3579 626 3648 ὅπερ
673 3576 820 3629 ἐστὶν
867 3574 1114 3645 ἐναργῶς
1161 3575 1274 3637 τοῖς
1317 3572 1417 3644 τῆς
1461 3572 1877 3645 ἀνθρωπότητος

313 3671 533 3742 μέτροις
562 3670 644 3724 ὅτι
677 3669 912 3740 μάλιστα
941 3672 1172 3738 πρέπον.

1975 3304 2104 3360 illud
2151 3301 2341 3358 Pauli:
2379 3318 2399 3353 ι
2455 3301 2520 3355 Et
2571 3315 2692 3355 cum
2757 3300 2963 3354 inducit
3029 3295 3451 3366 Primogenitum
3496 3293 3550 3346 in

1975 3395 2159 3450 orbem
2195 3403 2372 3457 terras,
2401 3392 2531 3446 dicit
2564 3409 2578 3445 :
2609 3391 2677 3445 Et
2721 3391 2948 3444 adorent
2974 3403 3096 3441 eum
3153 3401 3343 3441 oumes
3368 3382 3544 3452 angeli

1975 3485 2092 3553 ejus
2111 3483 2179 3538 9'.
2205 3504 2224 3538 ›
2259 3484 2312 3539 Is
2350 3484 2518 3547 enim,
2541 3483 2631 3552 qui
2683 3491 2891 3536 natura:
2925 3481 3253 3550 proprietate
3297 3477 3554 3530 UlliVCZSo

1976 3582 2245 3630 terrarum
2276 3574 2409 3629 orbe
2453 3573 2740 3629 suhlimior
2762 3581 2868 3638 est,
2893 3580 2946 3627 et
2971 3577 3130 3641 prout
3182 3567 3326 3622 Deus
3374 3575 3554 3619 tuente

1973 3666 2302 3734 concipitur,
2332 3673 2490 3720 extra
2515 3665 2690 3734 ipsum
2715 3673 2822 3728 est,
2860 3664 2913 3719 in
2949 3664 3127 3730 ipsum
3180 3669 3240 3714 ut
3275 3659 3437 3712 homo
3467 3657 3554 3708 in-

309 3779 544 3834 gressus,
577 3777 703 3830 pars
729 3759 914 3814 mundi
947 3757 1169 3814 eﬂ'ectus
1193 3769 1314 3813 est:
1351 3767 1723 3814 verumtamen
1755 3755 1954 3810 nullam
2017 3771 2082 3812 ea
2107 3758 2173 3812 de
2195 3771 2358 3813 causa
2419 3757 2615 3811 divina:
2655 3755 2846 3826 gloria:
2909 3755 3176 3821 jacturam
3213 3756 3359 3810 fecit.
3413 3753 3557 3807 Ado-

312 3868 461 3912 ratur
485 3868 714 3924 namque
743 3863 801 3907 ut
838 3852 1180 3923 Unigenitus,
1237 3853 1338 3908 etsi
1383 3851 1680 3922 appelletur
1741 3853 2153 3922 primogenitus,
2209 3867 2328 3923 quae
2389 3867 2521 3908 sane
2565 3851 2854 3922 appellatio
2913 3851 3269 3906 humanitatis
3323 3851 3558 3907 modulis

310 3962 474 4019 quam
515 3950 716 4016 optime
749 3948 1020 4002 convenit.

382 4035 644 4111 ΛΛ’.“Ἀρ’
672 4034 765 4093 οὖν
801 4039 878 4101 ὡς
919 4038 1203 4108 ἄνθρωπον
1241 4037 1690 4107 προσκυνήσομεν
1723 4035 1882 4106 μόνον

310 4136 400 4188 τὸν
434 4133 816 4204 Ἐμμανουήλ;
856 4133 946 4200 Μὴ
976 4129 1215 4197 γένοιτοῑ
1248 4128 1415 4198 λῆρος
1445 4127 1552 4198 γὰρ
1594 4128 1696 4198 ἤδη
1724 4127 1882 4180 τοῦτο

313 4225 408 4280 καὶ
438 4225 642 4294 ἀπάτη,
683 4227 777 4277 καὶ
811 4223 1095 4292 πλάνησις.
1147 4221 1428 4290 Διοίσομεν
1468 4221 1526 4274 δὲ
1574 4221 1696 4274 κατ’
1729 4221 1882 4273 οὐδὲν

309 4316 418 4369 τῶν
445 4319 509 4385 τῇ
544 4317 719 4369 κτίσει
751 4313 1188 4384 λελατρευκότων
1213 4313 1362 4383 παρὰ
1383 4312 1474 4364 τὸν
1501 4311 1760 4366 κτίσαντα
1784 4311 1880 4364 καὶ

2054 4034 2247 4092 XXXI.
2288 4037 2501 4105 Ergone
2534 4033 2936 4090 Emmanuelem
2974 4044 3032 4089 ut
3075 4034 3247 4090 solum
3283 4035 3554 4089 hominem

1979 4127 2359 4182 adorahimus?
2402 4126 2622 4183 Minime
2669 4130 2908 4198 gentium
2958 4145 2971 4181 :
3027 4127 3173 4182 istud
3228 4128 3372 4181 enim
3424 4127 3554 4179 nihil

1979 4218 2122 4271 aliud
2175 4216 2332 4285 foret,
2361 4233 2523 4289 qttam
2581 4219 2875 4284 errare,in
2935 4217 3182 4272 fraudem
3245 4217 3446 4279 induci,
3494 4231 3558 4268 ac

1982 4310 2238 4364 delirare.
2262 4309 2374 4366 Hac
2413 4311 2680 4380 siquidem
2724 4311 2934 4366 ratione
2988 4311 3123 4366 nihil
3163 4311 3452 4381 quidquam
3491 4309 3558 4361 ah

314 4407 564 4477 ποιητὴν,
619 4406 818 4468 οἵτινες
876 4424 894 4454 ι
943 4403 1280 4475 μετήλλαξαν
1328 4403 1428 4474 τὴν
1476 4403 1734 4473 ἀλήθειαν
1785 4401 1875 4456 τοῦ

1984 4403 2052 4457 iis
2080 4403 2524 4467 dissentiremus,
2559 4405 2654 4473 qui
2694 4404 2908 4475 opiﬁcis
2933 4413 2988 4457 et
3023 4403 3385 4472 procreatoris
3442 4403 3558 4452 loro

309 4498 446 4552 Θεοῦ
480 4500 537 4551 ὲν
566 4497 642 4568 τῷ
673 4497 878 4567 ψεύδει,
914 4517 933 4548 ι
981 4495 1124 4549 κατὰ
1164 4495 1226 4547 τὸ
1271 4493 1676 4566 γεγραμμένον.
1704 4489 1799 4557 Οἷς
1828 4495 1880 4548 εἰ

313 4591 689 4659 φρονήσαιμεν
735 4585 965 4655 ἀδελφά,
998 4587 1092 4639 καὶ
1137 4583 1580 4655 συνακουσόμεθα
1624 4584 1842 4647 πάντως
1867 4600 1884 4616 ο

320 4702 340 4734 ι
370 4681 674 4743 Φάσκοντες
697 4676 836 4734 εἶναι
865 4679 1038 4747 σοφοὶ,
1065 4677 1484 4749 ἐμωράνθησαν,
1515 4677 1608 4729 καὶ
1645 4675 1882 4746 ἡλλαξαν

311 4773 416 4844 τὴν
447 4771 604 4838 δόξαν
647 4769 739 4824 τοῦ
773 4769 1050 4840 ἀφθάρτου
1086 4769 1221 4821 Θεοῦ
1250 4771 1306 4821 ἐν
1330 4766 1637 4838 ὁμοιώματι
1678 4769 1884 4834 εἰκόνος

316 4863 558 4935 φθαρτοῦ
591 4855 902 4934 ἀνθρώπου,
937 4863 1030 4914 καὶ
1060 4861 1343 4922 πετεινῶν,
1370 4858 1465 4912 καὶ
1512 4859 1878 4926 τετραπόδων,

319 4957 412 5010 καὶ
460 4956 724 5028 ἑρπετῶν.
764 4957 862 5007 »Ἢ
911 4955 1020 5025 γάρ
1073 4953 1193 5023 οὐχὶ
1240 4953 1332 5005 καὶ
1382 4953 1544 5022 ἡμεῖς
1590 4951 1744 5004 αὐτοὶ
1788 4952 1882 5005 καὶ

321 5049 562 5117 ίσουργοὶ
579 5049 672 5100 καὶ
695 5047 1001 5118 σύμφρονες
1025 5049 1132 5108 τοῖς
1159 5043 1603 5115 μνημονευθεῖσιν
1624 5044 1879 5114 ἐσόμεθα,

314 5137 414 5210 τὴν
437 5139 529 5192 τοῦ
559 5139 694 5192 Θεοῦ
725 5138 883 5203 δόξαν
919 5141 977 5190 ὲν
1004 5138 1081 5208 τῷ
1105 5137 1286 5206 ψεύδει
1323 5135 1794 5206 μεταλλάττοντες,
1825 5139 1883 5190 ἐν

315 5229 620 5300 ὁμοιώματι
641 5230 846 5292 εἰκόνος
869 5229 1107 5299 φθαρτοῦ
1125 5227 1436 5299 ἀνθρώπου,
1453 5231 1499 5281 εί
1516 5228 1590 5292 ὡς
1610 5229 1883 5301 ἀνθρώπῳ

316 5322 478 5392 ψιλῷ,
516 5323 608 5374 καὶ
640 5322 719 5372 ἑνὶ
748 5321 860 5374 τῶν
895 5321 1019 5374 καθ’
1045 5322 1191 5390 ἡμᾶς
1213 5321 1572 5393 προσοίσομεν
1589 5321 1687 5391 τὴν
1716 5339 1885 5392 προσ-

319 5411 543 5482 κύνησιν
585 5412 664 5482 τῷ
696 5411 1073 5482 Ἐμμανουήλ;
1109 5413 1172 5465 Τί
1199 5411 1253 5464 δέ
1276 5430 1289 5479 ;
1316 5412 1434 5481 οὐχὶ
1467 5414 1560 5466 καὶ
1601 5413 1738 5483 αὐτὴ
1770 5413 1876 5466 τῶν

382 5568 430 5601 ⁸⁸
465 5569 625 5622 "chr.
656 5585 694 5635 I,
727 5569 781 5622 6.

858 5567 904 5599 σε
938 5567 1093 5624 Rom.
1120 5586 1156 5635 ι,
1185 5568 1274 5624 25.
1350 5570 1392 5601 οτ
1425 5569 1553 5622 ihid.
1586 5568 1674 5634 ει,
1695 5569 1784 5623 εδ.

1982 4503 2282 4549 creaturam
2317 4495 2736 4559 adoraverunm
2767 4497 3178 4564 veritatemque,
3206 4502 3265 4546 ut
3295 4491 3554 4559 scriptum

1984 4595 2066 4640 est
2097 4585 2144 4618 "
2173 4586 2228 4641 in
2253 4587 2593 4641 mendacium
2622 4596 3061 4642 converterunt.»
3097 4584 3152 4640 Si
3181 4585 3394 4638 illorum
3427 4599 3558 4651 ergo

1977 4679 2262 4734 sententia
2281 4680 2699 4744 accesserimus,
2718 4679 2938 4733 omnino
2956 4692 3060 4731 una
3082 4692 3204 4731 eum
3231 4676 3335 4730 illis
3357 4687 3410 4730 et
3427 4675 3556 4728 illud

1975 4768 2220 4838 Apostoli
2267 4785 2486 4839 quoque
2556 4771 2838 4824 audiemus
2883 4787 2897 4823 :
2947 4787 2966 4820 ι
3031 4769 3281 4822 Dicentes
3321 4783 3381 4822 se
3436 4783 3557 4822 esse

1977 4861 2270 4931 sapientes,
2298 4861 2409 4932 28
2433 4863 2584 4916 stulti
2623 4861 2749 4916 facti
2782 4869 2937 4927 sunt;
2969 4870 3024 4915 et
3051 4870 3396 4915 mutaverunt
3447 4861 3558 4930 glo-

1981 4953 2118 5006 riam
2165 4952 2593 5022 incorruptibilis
2630 4954 2725 5009 Dei
2759 4954 2810 5007 in
2860 4952 3270 5008 similitudinem
3310 4954 3558 5023 imaginis

1979 5044 2345 5115 corruptibilis
2371 5045 2626 5110 hominis,
2644 5057 2699 5101 et
2725 5045 3023 5109 volucrum,
3043 5056 3098 5100 et
3124 5047 3556 5113 quadrupedum,

1979 5145 2036 5192 et
2064 5145 2375 5205 serpentum
2405 5137 2474 5193 ⁸⁷.
2509 5154 2528 5189 ι
2557 5137 2735 5203 Quid?
2776 5151 2954 5191 nonne
2982 5146 3036 5190 et
3063 5151 3160 5191 nos
3210 5135 3308 5204 ipsi
3346 5150 3559 5205 quoque

1980 5229 2069 5294 iis,
2099 5243 2332 5300 quorum
2393 5229 2552 5284 modo
2602 5229 2974 5294 meminimus,
3013 5227 3208 5282 similia
3264 5225 3443 5280 facere
3507 5234 3561 5280 et

1981 5320 2579 5386 sentirecensebimur,
2607 5321 2780 5392 utqui
2816 5320 2908 5375 Dei
2957 5319 3185 5390 gloriam
3240 5319 3294 5372 in
3341 5317 3562 5373 menda-

1983 5414 2127 5469 cium
2154 5423 2210 5469 et
2229 5414 2639 5472 similitudinem
2681 5415 2936 5483 imaginis
2964 5411 3335 5484 corruptibilis
3383 5412 3558 5466 homi«

1416 5705 1588 5761 Variae
1625 5708 1885 5764 lectiones
1914 5708 2116 5767 codicis
2157 5707 2518 5780 Seguieriani.

397 5846 421 5885 ιι
451 5845 812 5914 οἰκονομικήν.
