4044 6332
579 402 719 460 1179

1570 393 1628 446 S.
1672 388 1947 445 (ZYRlLLl
1987 384 2452 442 ALEXANDRINI
2494 384 2805 440 ARCIIIEP.

3667 385 3782 441 “80

577 518 663 571 nis
741 510 1219 573 demutaverimus,
1284 508 1330 564 si
1405 506 1810 561 Emmanuelem
1889 516 2142 573 tanquam

2263 502 2493 570 ἰγγέλων
2520 501 2573 572 Ῑή
2623 502 2832 572 πληθὺς
2878 503 2986 564 τοῖς
3031 502 3110 563 εἰς
3162 498 3317 553 τοῦτο
3373 499 3565 569 μανίας
3615 501 3781 569 ἥκουσι

580 606 805 670 nudum,
837 610 1142 670 nostraeque
1160 597 1490 654 conditionis
1513 595 1785 651 hominem
1813 592 2147 648 adorationis

574 694 719 748 cultu
770 689 1200 761 prosequemur?
1237 686 1427 743 Nonne
1480 685 1717 741 caelestis
1781 698 1995 755 quoque
2060 682 2149 736 ille

578 784 892 854 angelorum
947 792 1119 836 coetus
1181 781 1233 834 in
1294 788 1496 834 tantam
1554 777 1821 832 insaniam
1886 773 2150 844 prolapsis

578 874 1060 928 anmnnerabitur?
1089 872 1228 939 Quin
1292 880 1345 926 et
1401 884 1619 939 gregem
1670 866 2032 931 ethnicorum,
2062 880 2150 918 ar-

579 970 772 1029 bitror,
805 983 909 1022 non
952 967 1058 1022 erit
1092 982 1188 1021 cur
1215 966 1669 1028 condemnemus;
1711 976 1808 1016 nec
1838 960 1995 1014 facile
2044 958 2150 1014 elui

579 1060 779 1128 poterit
820 1066 1059 1113 veterum
1104 1057 1384 1127 culparum
1417 1072 1576 1109 noxa.
1613 1055 1774 1108 Errat
1818 1068 2053 1123 namque
2097 1062 2154 1109 et

583 1167 723 1204 nunc
756 1166 968 1220 quoque
1004 1151 1223 1219 perinde
1260 1164 1323 1202 ac
1351 1148 1500 1214 olim,
1533 1158 1587 1201 et
1620 1148 1866 1201 semitam
1916 1162 2037 1215 qum
2085 1146 2152 1202 ad

581 1243 868 1295 veritatem
925 1241 1093 1305 ducit,
1158 1239 1370 1306 ignorat
1406 1257 1421 1293 :
1462 1252 1638 1306 neque
1697 1239 1883 1291 beatus
1952 1236 2154 1293 Paulus

581 1332 716 1388 satis
782 1340 1084 1401 opportune
1148 1328 1368 1384 Galatas
1419 1329 1681 1396 increpat.
1740 1328 1831 1381 Ait
1879 1342 2150 1397 namque:

587 1440 607 1473 ‹
647 1421 797 1475 Tunc
850 1422 1161 1491 ignorantes
1196 1421 1384 1485 Deum,
1417 1421 1483 1474 iis
1523 1419 1613 1489 qui
1644 1428 1836 1473 natura
1875 1435 1978 1475 non
2031 1429 2157 1473 sunt

582 1513 682 1576 dii,
714 1512 1053 1566 serviebatis.
1107 1510 1261 1565 Nunc
1310 1520 1491 1564 autem
1520 1526 1640 1564 cum
1672 1510 1835 1565 Deum
1881 1525 2149 1581 cognove-

585 1603 727 1667 ritis,
763 1604 871 1657 imo
905 1602 1102 1672 cogniti
1162 1602 1283 1657 sitis
1317 1618 1345 1655 a
1378 1601 1509 1664 Deo,
1551 1604 1820 1671 quomodo
1885 1601 2152 1656 converti-v

588 1692 717 1745 mini
757 1693 947 1746 iterum
978 1692 1043 1745 ad
1079 1691 1291 1745 inﬁrma
1322 1702 1485 1761 atque
1518 1707 1685 1761 egena
1718 1693 2008 1758 elementa,
2037 1693 2158 1760 qui-

586 1788 688 1840 bus
722 1788 897 1839 denuo
946 1786 1148 1843 servire
1184 1784 1343 1839 vultis
1375 1784 1469 1837 9’?
1516 1802 1535 1835 ι
1571 1783 1704 1836 Nam
1737 1784 1838 1838 nisi
1887 1782 2154 1851 Christus,

2257 593 2667 657 συντετάξεταις
2708 591 3044 663 Ἀνεξίτητον
3073 592 3149 657 δὲ,
3174 587 3327 662 οἶμαί
3355 608 3478 654 που,
3500 590 3595 660 τὴν
3616 592 3697 643 ἐπὶ
3718 593 3782 660 τῷ

2253 682 2632 753 πεπλανῆσθαι
2658 683 2873 753 γραφὴν
2928 684 3021 735 καὶ
3045 686 3109 752 τῇ
3139 683 3247 735 τῶν
3272 681 3439 735 ἐθνῶν
3468 682 3626 751 ἀγέλῃ
3650 699 3781 752 περι-

2256 777 2521 846 θήσομεν*
2558 778 2648 829 καὶ
2681 778 3078 831 δυσαπόνιπτον
3102 778 3212 848 ἔχει
3241 778 3348 831 τῶν
3376 778 3615 848 ἀρχαίων
3634 780 3780 831 αἰτια-

2259 868 2443 938 μάτων
2495 869 2555 921 τὸ
2601 869 2815 938 βλάϐος.
2867 870 3140 923 mnam
3178 868 3306 939 γάρ,
3347 864 3537 937 οἶμαι,
3584 868 3670 921 καὶ
3706 869 3783 923 νῦν

2256 959 2408 1012 οὐδὲν
2435 954 2616 1030 ἦττον,
2648 962 2680 1031 ἢ
2711 963 2896 1026 πάλαι,
2919 962 3015 1015 καὶ
3042 962 3139 1030 τὴν
3164 964 3244 1024 εἰς
3266 961 3392 1015 εὐθὺ
3415 962 3783 1031 διαστείχουσαν

2256 1051 2492 1120 ἠγνόηκε
2524 1052 2725 1121 τρίϐον.
2756 1054 2867 1106 Καὶ
2889 1053 3159 1124 περιττὸς,
3186 1053 3259 1117 ὡς
3284 1052 3478 1119 ἔοικεν,
3501 1054 3529 1106 6
3554 1052 3785 1124 μακάριος

2260 1142 2491 1208 Παῦλος,
2532 1146 2869 1216 προσφωνῶν
2912 1163 2971 1199 τε
3022 1147 3205 1209 αὐτοῖς
3237 1144 3332 1198 καὶ
3373 1145 3578 1213 λέγων’
3616 1145 3784 1197 «Ἀλλά

2257 1233 2377 1286 τότε
2412 1234 2510 1304 μὲν
2544 1234 2642 1287 οῦκ
2688 1235 2888 1297 εἰδότες
2936 1234 3089 1300 Θεὸν,
3120 1234 3466 1289 ἐδουλεύσατε
3511 1236 3622 1295 τοῖς
3656 1233 3786 1302 φύσει

2262 1326 2334 1396 μὴ
2363 1321 2479 1379 οῦσι
2527 1325 2685 1389 θεοῖς.
2715 1326 2828 1378 Νῦν
2856 1327 2913 1380 δὲ
2940 1327 3155 1395 γνόντες
3180 1328 3329 1391 Θεὸν,
3370 1326 3568 1398 μᾶλλον
3593 1327 3646 1380 δὲ
3674 1345 3786 1394 γνω-

2261 1419 2477 1481 σθέντες
2524 1419 2627 1471 ὑπὸ
2674 1418 2831 1481 Θεοῦ,
2869 1420 2985 1482 πῶς
3024 1420 3379 1489 ἐπιστρέφετε
3417 1420 3576 1473 πάλιν
3619 1420 3700 1472 ἐπὶ
3735 1418 3788 1471 τά

2258 1510 2458 1581 ἀσθενῆ
2505 1510 2596 1562 καὶ
2630 1510 2821 1581 πτωχὰ
2868 1514 3124 1583 στοιχεῖα,
3169 1507 3249 1575 οἷς
3276 1512 3437 1565 πάλιν
3462 1510 3659 1571 ἄνωθεν
3689 1510 3786 1563 δου-

2258 1592 2435 1654 λεύειν
2482 1600 2664 1653 Θέλετε
2681 1618 2697 1674 ;
2732 1621 2749 1653 ι
2807 1602 2963 1671 Ποῖον
2992 1603 3102 1674 γάρ
3132 1603 3211 1656 ἔτι
3238 1602 3372 1659 ¹Θεὸν
3416 1600 3720 1670 ἐγνώκασιν,
3746 1600 3784 1652 εί

2264 1695 2339 1764 μὴ
2390 1693 2547 1761 φύσει
2594 1694 2725 1757 Θεὸς
2768 1695 2800 1747 ὁ
2844 1695 3096 1766 Χριστὸς,
3130 1696 3210 1758 εἰς
3254 1695 3315 1749 ὃν
3363 1695 3786 1757 πεπιστεύκασινς

2262 1784 2373 1836 Καὶ
2424 1784 2472 1836 εἰ
2522 1783 2946 1855 λελατρεύκασιν
2994 1784 3284 1855 ἀνθρώπῳ,
3311 1787 3421 1848 τοῖς
3467 1785 3567 1854 τῆς
3593 1784 3787 1854 ἀρχαίας

589 1877 642 1930 in
668 1892 824 1946 quem
867 1877 1232 1941 crediderunt,
1255 1886 1444 1951 suapte
1482 1886 1669 1933 natura
1700 1875 1842 1930 Deus
1884 1886 1984 1941 est,
2018 1892 2153 1945 qua-

2265 1876 2474 1943 πλάνης
2527 1877 2800 1946 ἐνέχονται
2851 1877 3164 1947 βρόχοις.Ἢ
3198 1879 3297 1931 ούκ
3325 1877 3521 1947 ἀληθὲς
3570 1878 3597 1931 ὃ
3639 1894 3785 1946 (aqua;

588 1966 715 2029 lem,
772 1980 975 2032 quaeso,
1037 1964 1205 2018 Deum
1269 1966 1678 2035 cognoverunt?
1721 1965 1793 2018 'Et
1853 1966 1898 2020 si
1956 1965 2159 2019 homini

586 2058 915 2121 servierunt,
970 2072 1076 2110 non
1118 2055 1324 2125 antiqui
1381 2057 1583 2111 erroris
1618 2055 1827 2124 laqueis
1867 2055 2159 2120 etiamnum

588 2149 785 2202 irretiti
817 2148 1110 2202 tenentur?
1141 2146 1220 2200 An
1254 2162 1353 2217 ego
1393 2162 1497 2200 non
1550 2161 1735 2200 verum
1790 2146 1945 2199 dico?
1978 2146 2163 2215 utique

593 2241 735 2295 dico.
792 2240 983 2295 Cernis
1062 2240 1250 2309 igitur,
1310 2238 1776 2293 Christianissime
1847 2239 2161 2307 imperator,

586 2331 860 2401 quomodo
888 2332 1211 2386 necessariis
1261 2331 1570 2383 notionibus
1626 2330 1866 2394 adducti,
1901 2330 1991 2382 Dei
2033 2329 2164 2383 Ver-

590 2425 742 2488 bum,
770 2424 953 2479 cstoin
984 2422 1153 2477 forma
1184 2433 1367 2483 nostra
1417 2424 1746 2502 apparuerit,
1771 2432 2029 2492 tanquam
2075 2438 2164 2475 ve-

589 2533 711 2570 rum
740 2516 932 2570 natura
960 2516 1124 2570 Deum
1157 2516 1450 2584 prudenter
1497 2514 1727 2571 adorare
1768 2512 1879 2567 fere
1926 2513 2165 2580 compel-

590 2604 799 2658 lamur:
822 2605 1018 2674 quippe
1046 2619 1165 2657 cum
1190 2605 1416 2656 duarum
1442 2613 1759 2665 naturarum
1804 2604 1856 2656 in
1899 2603 2162 2657 unitatem

588 2710 888 2750 concursus
921 2694 1077 2748 facile
1102 2693 1296 2763 possit,
1330 2694 1374 2747 si
1405 2708 1511 2762 qua
1533 2709 1629 2747 nos
1650 2694 1831 2748 turbat
1851 2694 2163 2762 aliquando,

591 2788 953 2855 suspicionem
991 2786 1178 2840 tollere
1229 2787 1293 2839 de
1335 2784 1449 2838 sola
1500 2785 1853 2838 humanitate.
1882 2785 2166 2839 Enimvero

586 2876 755 2931 'Verbi
804 2886 992 2930 natura
1047 2877 1337 2929 humanam
1390 2883 1637 2929 naturam
1683 2876 2005 2945 suscipiens,
2060 2891 2164 2929 non

591 2982 677 3025 est
721 2970 861 3023 nuda
904 2969 1251 3024 humanitas:
1282 2969 1389 3023 imo
1442 2983 1571 3022 vero
1637 2968 1855 3037 propria
1910 2968 2077 3038 gloria
2113 2979 2169 3023 et

591 3062 878 3129 majestate
946 3070 1280 3130 assumptam
1335 3068 1583 3114 naturam
1636 3064 1924 3123 excedens,
1979 3061 2167 3114 incon-

593 3164 857 3217 cussaque
912 3164 974 3202 ac
1024 3149 1245 3204 immota
1317 3149 1629 3219 persistens,
1686 3151 1883 3204 nullam
1945 3166 2168 3220 prorsus

2275 1969 2495 2038 Ἀληοὲς
2524 1969 2621 2039 μὲν
2641 1965 2954 2040 οὗν.“Αθρει
2974 1971 3037 2039 δὴ
3058 1965 3170 2034 οῦν,
3192 1963 3237 2022 ὧ
3260 1969 3568 2039 φιλόχριστε
3585 1968 3787 2037 βασιλεῦ,

2262 2062 2408 2122 ὅπως
2436 2061 2491 2126 ἐξ
2518 2060 2834 2127 ἀναγκαίων
2861 2061 3369 2131 ἥδητσυλλογισμῶν
3395 2060 3665 2130 μονονουχὶ
3692 2077 3787 2112 συν-

2262 2151 2549 2222 ωθούμεθα
2596 2153 2730 2222 πρός
2782 2169 2846 2221 γε
2892 2152 2952 2205 τὸ
2999 2153 3109 2206 δεῖν
3156 2152 3463 2222 ἐμφρόνως,
3494 2151 3567 2214 ὡς
3598 2149 3701 2219 Θεῷ
3730 2150 3787 2216 τῷ

2263 2244 2403 2296 κατὰ
2452 2244 2633 2313 φύσιν,
2660 2247 2983 2314 προσκυνεῖν
3016 2243 3093 2313 τῷ
3126 2246 3189 2297 ἐκ
3234 2243 3365 2296 Θεοῦ
3407 2242 3620 2312 Πατρὸς
3664 2242 3785 2309 φύντι

2266 2338 2442 2407 Λόγῳ,
2473 2338 2565 2390 καὶ
2594 2338 2651 2389 ἐν
2684 2337 2761 2406 τῷ
2800 2337 2917 2390 καθ’
2945 2338 3095 2406 ἡμᾶς
3138 2336 3401 2407 πεφηνότι
3432 2336 3685 2404 σχήματι·
3712 2333 3786 2400 τῆς

2263 2428 2465 2496 ἀμφοῖν
2488 2428 2565 2489 είς
2593 2426 2819 2495 ἑνότητα
2843 2426 3147 2496 συνδρομῆς
3170 2425 3269 2478 οὐκ
3314 2425 3581 2487 ἀνικάνως
3602 2421 3786 2491 ἐχούσης

2266 2517 2401 2588 πρὸς
2444 2517 2503 2571 τὸ
2546 2517 2807 2583 ἀφανίσαι
2851 2516 3011 2585 τυχὸν
3046 2516 3105 2569 τὸ
3136 2518 3229 2570 καὶ
3257 2516 3367 2569 ἔσθ’
3398 2516 3489 2569 ὅτε
3526 2513 3707 2567 λυποῦν
3729 2514 3787 2573 εἰς

2268 2610 2435 2679 μόνης
2478 2610 2623 2679 ἡμᾶς
2668 2608 3084 2678 άνθρωπότητος
3133 2608 3403 2676 ὑποψίανν
3453 2603 3786 2677 προσλαὸοῦτα

2264 2700 2373 2771 γὰρ
2401 2706 2432 2769 ὴ
2468 2700 2559 2753 τοῦ
2603 2700 2775 2767 Λόγου
2808 2700 2970 2770 φύσις
3002 2700 3062 2752 τὸ
3091 2700 3446 2771 ἀνθρώπινον,
3490 2700 3587 2751 οὐκ
3621 2697 3785 2766 ἁνθρω·

2266 2790 2437 2860 πότης
2470 2789 2621 2841 ἔσται
2652 2790 2817 2860 ψιλήο
2860 2789 3064 2843 νικῶσα
3114 2790 3169 2842 δὲ
3222 2790 3419 2854 μᾶλλον
3467 2790 3573 2859 ἰδίᾳ
3610 2787 3716 2859 δόξῃ
3743 2785 3786 2837 τὸ

2268 2881 2633 2951 προσληφθέν.
2669 2884 2727 2934 ὲν
2753 2882 3031 2953 ἀκλονήτῳ
3065 2880 3295 2944 σώζεται
3322 2882 3551 2952 διαμονῇ
3587 2882 3672 2950 τῆς
3700 2878 3785 2931 Bso-

2267 2972 2512 3042 πρεποῦς
2546 2972 2842 3044 ὑπεροχῆς.
2871 2972 3056 3025 Ταῦτα
3104 2972 3427 3042 φρονοῦντες
3480 2974 3527 3025 οἱ
3577 2969 3785 3043 μαθηταὶ,

2269 3062 2635 3132 προσεκύνουν
2678 3062 2959 3130 λέγοντες·
3017 3083 3034 3113 ι
3059 3063 3295 3131 Ἀληθῶς
3335 3061 3475 3116 Θεοῦ
3518 3063 3635 3125 Υἱὸς
3679 3056 3783 3113 εἷ’»

2270 3154 2449 3208 καίτοι
2503 3153 2670 3222 βάδην
2714 3153 2860 3205 ἰόντα
2905 3152 3214 3223 βλέποντες,
3254 3153 3348 3207 καὶ
3394 3153 3456 3204 ἐν
3509 3150 3658 3225 σαρκὶ
3691 3147 3789 3202 καθ’

591 3241 792 3295 divinae
818 3241 960 3294 illius
978 3242 1311 3295 excellentia:
1355 3257 1515 3311 passa
1559 3250 1647 3296 est
1679 3240 1973 3308 jacturam.
2005 3229 2160 3311 Cujus

2272 3244 2419 3313 ἡμᾶς
2440 3260 2452 3273 ο
2497 3243 2582 3293 ἐπ’
2618 3243 2788 3311 ἄκρου
2819 3242 2924 3315 γάρ
2967 3243 3030 3314 δὴ
3060 3243 3226 3296 διέθει
3254 3242 3503 3314 κύματος
3530 3239 3787 3311 παραδόξως

590 3331 810 3399 quidem
862 3331 934 3383 rei
968 3328 1168 3384 Christi
1207 3330 1453 3399 discipuli
1491 3346 1597 3384 non
1631 3331 1828 3399 ignari,
1857 3330 2157 3385 adorabunt

2264 3333 2338 3395 ὡς
2365 3330 2516 3395 Θεὸς.

593 3438 739 3487 etim,
789 3424 1070 3478 dicentes:
1110 3441 1129 3474 ι
1168 3421 1303 3477 Vere
1372 3422 1540 3476 Filius
1589 3421 1682 3476 Dei
1742 3438 1800 3478 es
1840 3433 1893 3477 tu
1930 3426 1998 3489 ”,
2038 3444 2058 3476 ›
2101 3425 2201 3479 etsi
2282 3425 2431 3479 illum
2491 3426 2713 3494 pedibus
2765 3436 3005 3488 euntem.
3056 3436 3348 3498 nostroque
3406 3428 3569 3484 modo
3617 3439 3789 3496 corpore

592 3516 842 3569 indutum
905 3514 1221 3579 cernebant,
1248 3514 1390 3583 quod
1421 3512 1814 3568 admirabiliter
1842 3514 1894 3568 in
1938 3515 2167 3569 summis
2206 3515 2458 3570 [luctibus
2483 3516 2815 3579 ambulabat,
2840 3517 2914 3568 uti
2951 3516 3111 3571 Deus.

660 3608 775 3677 29
790 3604 1005 3659 XXXII.
1034 3604 1139 3658 Sed
1158 3603 1361 3673 aliquis
1384 3603 1524 3657 forte
1545 3604 1718 3669 exiis,
1742 3604 1832 3673 qui
1859 3606 1981 3659 huic
2006 3615 2167 3659 tanta).

594 3702 778 3770 gloriae
824 3700 1197 3761 adversantur,
1257 3696 1399 3750 dicet
1438 3713 1451 3749 :
1488 3697 1683 3765 Ecquis
1736 3697 1824 3751 ille
1874 3706 2012 3761 erat,
2075 3695 2167 3766 qui

596 3792 808 3846 mulieri
863 3790 1218 3843 Samaritana:
1267 3787 1490 3840 aiebat:
1526 3806 1545 3839 ι
1585 3785 1695 3841 Vos
1742 3788 1979 3842 adoratis
2026 3788 2169 3856 quod

594 3885 857 3941 nescitis:
892 3898 988 3936 uos
1043 3889 1223 3935 autem
1271 3879 1562 3933 adoramus
1609 3880 1751 3947 quod
1806 3880 2007 3933 scimus
2035 3881 2093 3933 ’ἲ
2142 3899 2163 3933 ι

594 3975 875 4043 Quomodo
912 3988 1040 4043 ergo
1080 3978 1226 4025 recte
1255 3970 1533 4035 adoratur,
1567 3970 1658 4039 qui
1693 3972 1835 4025 inter
1878 3971 2168 4026 adorantes

593 4066 882 4122 censetur?
944 4065 1024 4119 Ad
1076 4064 1177 4118 boe
1235 4062 1483 4131 equidem
1537 4061 1933 4130 responderim.
1986 4062 2164 4129 istud,

594 4160 725 4225 Quis
765 4158 852 4211 ille
881 4167 1016 4223 erat,
1052 4156 1117 4209 de
1145 4155 1358 4210 Christo
1397 4154 1589 4209 stolide
1619 4154 1841 4209 omnino
1872 4162 2034 4223 atque
2064 4155 2165 4208 im-

594 4254 766 4321 perite
800 4250 902 4305 dici
935 4266 949 4303 :
987 4249 1135 4302 nullo
1160 4249 1303 4303 enim
1342 4248 1499 4302 modo
1534 4246 1787 4301 Christus
1818 4247 2025 4302 divisus
2058 4255 2160 4303 est.

594 4346 773 4410 Quare
821 4343 911 4412 qui
951 4357 1072 4396 cum
1110 4339 1422 4395 muliercula
1464 4339 1806 4408 loquebatur,
1841 4348 1958 4392 erat
2003 4355 2161 4405 unus,

592 4450 648 4491 et
680 4437 827 4490 solus
880 4433 1136 4487 Dominus
1187 4430 1343 4486 Jesus
1394 4431 1663 4493 Christus,
1709 4447 1774 4484 ex
1827 4431 2164 4486 humanitate

2344 3606 2468 3659 AB’.
2514 3606 2661 3677 Ἐρεῖ
2701 3606 2756 3658 δὲ
2798 3606 2926 3669 ἴσως
2958 3608 2985 3658 ὁ
3020 3609 3083 3675 τῇ
3125 3606 3301 3677 τοιᾷδε
3343 3608 3472 3681 δόξῃ
3509 3610 3786 3681 μαχόμενος·

2273 3695 2387 3750 Καὶ
2414 3695 2498 3757 τίς
2528 3690 2596 3767 ἦν
2630 3698 2657 3749 6
2686 3696 2864 3765 λέγων
2897 3696 3032 3768 πρὸς
3060 3696 3159 3767 τὴν
3185 3700 3240 3750 ἐν
3266 3700 3551 3772 Σαμαρείᾳ
3580 3706 3786 3770 γυναῖκα·

2278 3804 2298 3838 ‹
2357 3786 2545 3855 Ὑμεῖς
2578 3788 2933 3854 προσκυνεῖτε
2980 3787 3007 3839 ὃ
3036 3788 3135 3840 οὐκ
3172 3789 3371 3854 οἴδατε,
3416 3793 3576 3861 ἡμεῖς
3599 3808 3789 3863 προσκυο

2271 3877 2471 3947 νοῦμεν
2497 3877 2525 3930 ὂ
2561 3880 2782 3948 οἴδαμεν
2808 3896 2822 3944 ;
2860 3898 2877 3928 ι
2916 3875 3049 3933 Εἶτα
3078 3880 3194 3963 ⁸ζιῶς
3226 3880 3374 3934 ἔσται
3406 3883 3787 3953 προσκυνητὸςὸ

2269 3972 2380 4033 τοῖς
2430 3969 2792 4039 προσκυνοῦσι
2856 3973 3313 4041 συντεταγμένος;
3368 3975 3513 4043 Ἐγὼ
3566 3976 3619 4029 δὲ
3664 3974 3787 4044 φαίην

2270 4060 2357 4124 ἂν,
2393 4062 2475 4114 ὅτι
2530 4063 2610 4127 τὸ,
2642 4062 2739 4124 Τίς
2785 4057 2890 4132 iw;
2921 4063 3058 4126 ὅλως
3113 4063 3204 4116 ἐπὶ
3249 4065 3489 4134 Χριστοῦ
3533 4067 3787 4137 λεγόμενον,

2270 4155 2547 4225 ἀσύφηλόν
2574 4173 2633 4208 τε
2667 4156 2763 4208 καὶ
2795 4156 3006 4225 ἀμαθές
3030 4173 3042 4185 ·
3081 4157 3403 4228 μεμέρισται
3433 4160 3544 4229 γάρ
3571 4159 3785 4229 οὐδαμῶς.

2282 4244 2341 4297 '0
2370 4245 2426 4298 δὲ
2462 4243 2539 4313 τῷ
2571 4245 2777 4314 γυναίῳ
2807 4245 3140 4315 προσλαλῶν,
3170 4249 3197 4300 ὁ
3227 4244 3306 4310 εἷς
3325 4265 3383 4301 τε
3420 4250 3515 4303 καὶ
3540 4251 3681 4321 μόνος
3708 4247 3788 4301 K6-

2277 4353 2389 4405 ριος
2418 4332 2486 4406 ἦν
2527 4336 2734 4407 Ἰησοῦς
2774 4337 3025 4407 Χριστὸς,
3059 4340 3122 4390 ἐκ
3161 4338 3259 4409 τῆς
3302 4342 3695 4411 προσκυνούσης
3719 4339 3787 4391 ἀνι

2272 4427 2641 4498 θρωπότητος,
2691 4428 2784 4482 καὶ
2808 4431 2871 4481 ἐκ
2910 4429 3011 4498 τῆς
3052 4432 3532 4502 προσκυνουμένης
3569 4432 3788 4500 θεότητος,

593 4528 851 4581 adorante
881 4534 933 4579 et
960 4524 1229 4577 adoranda
1266 4522 1542 4577 divinitate
1567 4522 1912 4586 constitutus,
1942 4522 2068 4576 illud
2112 4524 2160 4576 iu

2271 4520 2332 4572 τὸ
2372 4516 2510 4572 εἷναί
2549 4537 2606 4572 τε
2659 4521 2752 4572 καὶ
2792 4521 3150 4590 ὀνομάζεσθαι
3181 4522 3311 4586 Θεός
3340 4541 3400 4576 τε
3453 4524 3583 4592 ὁμοῦ
3621 4524 3700 4576 καὶ
3724 4522 3789 4574 ἄν·

593 4633 653 4673 se
707 4618 1089 4686 complectens,
1152 4614 1294 4668 unde
1349 4615 1488 4667 Deus
1538 4613 1696 4666 simul
1735 4621 1790 4667 et
1833 4614 1996 4667 homo
2039 4629 2167 4670 vere

593 4710 722 4775 dici,
755 4710 1049 4778 haberique
1076 4707 1243 4777 possit
1273 4723 1286 4758 :
1332 4705 1778 4772 quemadmodum
1814 4705 2067 4759 videlicet
2102 4706 2167 4759 de

591 4817 658 4854 eo
687 4801 841 4855 aliter
881 4801 1060 4853 dicere
1100 4797 1220 4867 quis
1262 4807 1476 4865 petest;
1512 4805 1774 4864 quatenus
1823 4796 1965 4850 enim
2026 4797 2167 4851 Deus

592 4902 696 4955 est,
732 4892 843 4959 ipse
894 4890 1151 4944 Dominus
1200 4889 1383 4958 gloriae
1412 4891 1578 4943 ’esse
1634 4888 1988 4955 intelligitur;
2034 4902 2167 4957 qua-

593 4996 750 5038 tenus
799 4998 925 5037 vero
954 4982 1130 5035 factus
1180 4990 1262 5036 est
1298 4981 1461 5035 homo
1486 4980 1575 5034 ille
1602 4981 1692 5048 qui
1745 4978 1839 5034 Dei
1889 4980 2165 5035 consortio

595 5074 1014 5144 gloriﬁcabatur,
1039 5073 1207 5142 gloria
1238 5073 1531 5141 indigebat,
1552 5072 1699 5140 juxta
1732 5071 1859 5125 illud
1888 5088 1901 5125 :
1935 5089 1953 5119 ι
1978 5070 2159 5135 Pater,

594 5164 830 5219 clariﬁca
880 5164 1075 5216 Filium
1115 5172 1262 5215 tuum
1299 5161 1343 5215 ³.
1392 5180 1410 5212 ι
1464 5160 1577 5227 Nm,
1616 5161 1709 5214 sed
1756 5176 1892 5213 unus
1948 5160 2164 5214 interim

595 5255 885 5309 secundum
936 5253 1242 5321 Scripturas
1265 5263 1348 5307 est
1382 5251 1659 5316 Dominus,
1686 5267 1791 5305 una
1825 5250 1977 5315 ﬁdes,
1998 5266 2164 5304 unmn

594 5349 862 5419 baptisma
896 5348 939 5403 ⁸.
1010 5346 1079 5401 Et
1128 5344 1576 5416 quemadmodum
1625 5358 1727 5396 una
1792 5353 1875 5397 est
1920 5343 2052 5397 ﬁdes
2110 5343 2161 5396 in

665 5505 711 5536 ”
733 5503 911 5559 Galat.
940 5517 1016 5570 tv,
1043 5501 1098 5568 8,
1122 5501 1173 5556 9.
1250 5501 1295 5533 ⁹⁹
1317 5499 1503 5555 Matth.
1530 5515 1638 5567 xw,
1672 5500 1760 5554 55.

1842 5498 1855 5528 ¹
1896 5498 2058 5552 Joau.
2098 5514 2172 5565 Iv,
2198 5498 2289 5551 22.
2370 5500 2389 5528 ²
2413 5497 2435 5551 l
2462 5498 2584 5554 Cor.
2620 5515 2680 5563 ll,
2712 5501 2765 5555 8.
2838 5500 2858 5532 ³
2888 5499 3044 5557 Joau.
3073 5517 3205 5568 xvn,
3248 5503 3300 5558 l.

2274 4608 2506 4679 θρωπος,
2561 4609 2758 4678 ἀληθὲς
2788 4608 2924 4679 ἔχων
2970 4611 3056 4679 ἐφ’
3104 4610 3314 4680 ἐαυτῷ·
3366 4612 3611 4683 καθάπερ
3639 4610 3790 4682 ἀμέλει

2274 4701 2407 4772 φαίη
2445 4719 2527 4765 τις
2561 4701 2626 4754 ἂν
2662 4703 2757 4755 καὶ
2795 4702 2995 4771 ἑτέρως
3024 4703 3151 4773 περὶ
3180 4705 3369 4757 αὐτοῦ’
3468 4707 3563 4776 μὲν
3585 4706 3680 4775 γάρ
3707 4706 3790 4756 ἐστι

2273 4793 2425 4858 Θεὸς,
2466 4795 2622 4846 νοοῖτ⁹
2660 4792 2726 4846 ἂν
2752 4793 3015 4864 ὑπάρχων
3040 4794 3201 4858 αὐτὸς
3230 4796 3257 4848 6
3302 4796 3402 4866 τῆς
3423 4796 3577 4867 δόξης
3601 4794 3789 4866 Κύριος.

2274 4879 2308 4959 ᾖ
2337 4885 2393 4937 δὲ
2422 4886 2643 4954 γέγονεν
2676 4886 2703 4938 ό
2731 4884 2870 4937 κατὰ
2911 4884 3127 4955 μέθεξιν
3158 4887 3255 4956 τὴν
3283 4888 3431 4957 παρὰ
3456 4888 3587 4941 Θεοῦ
3620 4882 3793 4949 δοξαζό-

2272 4994 2430 5047 μενος
2476 4978 2778 5048 άνθρωπος,
2819 4977 2987 5030 ἐδεῖτο
3018 4979 3111 5031 καὶ
3144 4978 3321 5048 δόξης,
3348 4980 3519 5048 λέγων
3538 4997 3551 5010 ⁸
3581 4998 3597 5029 ι
3631 4978 3792 5045 Πάτερ,

2269 5066 2489 5133 δόξασόν
2514 5085 2603 5120 σου
2628 5068 2720 5121 τὸν
2740 5067 2884 5123 Υἱόν.
2904 5088 2921 5120 ι
2943 5069 3104 5133 Ἀλλ’,
3130 5064 3250 5131 (Εἷς
3275 5070 3497 5141 Κύριος,
3516 5071 3608 5141 μία
3633 5070 3793 5128 πίστις,

2269 5159 2327 5211 ἓν
2344 5158 2645 5229 βάπτισμα,
2676 5179 2694 5211 ι
2717 5160 2855 5213 κατὰ
2884 5161 2944 5213 τὸ
2972 5161 3591 5233 γεγραμμένον.Ὦσπερ
3608 5157 3688 5214 οὖν
3708 5160 3794 5211 ἐστι

2275 5252 2373 5322 μία
2411 5251 2595 5315 πίστις
2624 5255 2655 5323 ἠ
2680 5254 2735 5305 ὲν
2759 5253 2978 5324 Χριστῷ
3004 5252 3046 5317 1,
3082 5254 3176 5306 καὶ
3206 5254 3263 5306 ἓν
3294 5253 3506 5326 άληθῶς
3537 5254 3793 5323 βάπτισμα.

2270 5342 2448 5396 καίτοι
2488 5342 2897 5415 βαπτιζομὲνων
2936 5344 3030 5398 καὶ
3062 5345 3503 5399 πεπιστευκότων
3557 5342 3697 5416 ἡμῶν
3736 5339 3794 5399 εἰς

3378 5504 3398 5536 δ
3426 5500 3619 5573 Ephes.
3648 5510 3713 5559 tr,
3731 5491 3774 5548 5.

1695 5659 1867 5715 Variae
1902 5660 2164 5716 lectiones
2197 5658 2398 5716 codicis
2444 5658 2800 5730 Srguieriani.

680 5794 703 5839 1
726 5796 808 5860 είς
843 5797 1093 5868 Χριστόν.
