4044 6332
259 391 382 449 “Si

1210 392 1297 449 DE
1338 396 1567 452 RECTA
1603 395 1761 452 FIDE
1801 397 1890 449 AD
1930 397 2379 460 'I‘IIEODOSIUM
2421 404 2552 461 IMP.

3376 412 3519 474 “82

257 516 495 584 Πατέρα,
528 515 622 566 καὶ
655 514 800 573 Υὶὸν,
836 514 928 566 καὶ
974 513 1124 581 ἆγιον
1157 515 1413 584 Πνεῦμα·
1446 517 1586 570 κατὰ
1612 517 1703 568 τὸν
1732 518 1832 569 αὖ·

1952 518 2243 588 Zhristum,
2294 533 2349 578 et
2394 542 2559 582 unum
2638 528 2763 581 item
2851 530 3137 598 baptisma,
3190 531 3403 587 etiamsi
3458 536 3515 590 in

257 609 365 669 τὸν,
397 602 571 675 οἶμαι,
612 606 811 675 τρόπον
850 621 909 657 τε
940 607 1034 658 καὶ
1057 605 1235 673 λόγον.
1276 606 1373 675 μία
1404 605 1830 676 προσκύνησιςὴ

259 698 488 767 Πατρὸς,
522 697 616 749 καὶ
647 696 1163 767 ὲνανΘρωπήσαντος
1192 697 1343 760 Υἱοῦ,
1373 699 1464 750 καὶ
1490 698 1643 765 ἁγίου
1673 698 1834 751 Ilva-3.

262 807 447 858 ματος.
509 788 910 857 Ἐξωσθήσεται
960 788 1068 858 γὰρ
1101 788 1338 859 οὐδαμοῦ
1382 789 1474 841 τοῦ
1515 794 1834 860 προσκυνεῖ-

263 879 385 932 σθαι
415 879 521 931 δεῖν
562 879 697 948 πρός
723 895 779 930 τε
811 880 843 948 ἡ
854 878 969 944 μῶν
995 878 1175 931 αὐτῶν
1213 880 1308 931 καὶ
1338 879 1446 931 τῶν
1476 881 1647 946 ἁγίων
1673 881 1835 947 ἀγ·ίέ-

260 971 366 1023 λων
392 974 419 1024 6
443 970 771 1041 Μονογενὴς,
806 972 852 1022 εἰ
878 971 970 1022 καὶ
997 971 1186 1038 γέγονε
1216 970 1371 1041 σὰρξ,
1404 972 1496 1024 καὶ
1526 973 1834 1042 ἐσκήνωσεν

262 1066 316 1116 ὲν
344 1065 494 1135 ἡμῖν,
523 1062 899 1135 κεχρημάτικὲ
940 1080 999 1115 τε
1030 1062 1374 1134 πρωτότοκος
1422 1064 1497 1126 ὡς
1531 1066 1586 1117 ἐν
1621 1065 1835 1127 πολλοῖς

263 1159 508 1227 ἀδελφοῖς
528 1172 541 1185 ’
576 1158 696 1210 ἐπεὶ
734 1158 817 1220 τίς
840 1156 905 1210 ἂν
940 1155 1025 1228 εἴη
1074 1157 1235 1210 πάλιν
1267 1158 1295 1210 6
1324 1157 1423 1226 τῆς
1456 1158 1541 1208 ἐπ’
1573 1156 1720 1228 αὐτῷ
1747 1158 1836 1210 πί-

266 1270 433 1315 στεως
477 1251 666 1318 λόγος;
717 1250 842 1313 Πῶς
876 1245 970 1303 οὖν
1001 1250 1101 1302 οὐκ
1132 1249 1279 1314 ἄξιον
1331 1250 1490 1313 ἱδείν;
1529 1250 1665 1303 Οὐδὲ
1705 1249 1833 1321 γὰρ,

264 1340 437 1413 οἶμαι,
467 1344 622 1411 φαῖεν
652 1340 738 1404 ἂν,
770 1340 930 1412 εἴπερ
960 1358 1025 1411 γε
1061 1341 1266 1394 ἓλοιντο
1296 1343 1512 1409 φρονεῖν
1537 1341 1732 1410 ὀρθῶς,
1761 1341 1836 1405 ὡς

266 1434 358 1498 Εἰς
384 1434 542 1505 μόνον
570 1433 1013 1503 πεπιστεύκαμεν
1035 1432 1126 1486 τὸν
1149 1436 1213 1487 ἐκ
1247 1433 1380 1486 Θεοῦ
1415 1434 1629 1504 Πατρός
1663 1433 1839 1501 φύντα

264 1526 453 1593 Λόγον,
507 1524 945 1595 ἁπογυμνοῦντες
989 1523 1152 1577 αὐτὸν
1179 1524 1279 1594 τῆς
1334 1525 1560 1596 σαρκός·
1610 1526 1720 1577 οὐδ’
1769 1524 1836 1580 αὖ

266 1621 440 1670 ἐκεῖνο
472 1620 791 1688 παρήσομεν
819 1619 1021 1669 εἰπεῖν’
1056 1616 1325 1682 λελέξεται
1358 1619 1464 1688 γάρ
1484 1634 1497 1648 ⁸
1534 1619 1593 1671 ού
1625 1618 1733 1689 γὰρ
1761 1622 1839 1683 εἰς

265 1714 359 1763 ἕνα
387 1712 492 1764 τῶν
526 1710 646 1764 καθ’
673 1713 844 1782 ἡμᾶς,
871 1709 993 1762 οὔτε
1015 1711 1120 1781 μὴν
1150 1713 1229 1773 εἰς
1256 1710 1595 1782 ἄνϐρωπονή
1636 1715 1838 1777 πίστις,

267 1804 379 1857 ἀλλ’
412 1806 491 1868 εἰς
527 1804 658 1857 Θεὸν
703 1804 1004 1875 πράττεται
1050 1801 1143 1856 τὸν
1190 1803 1349 1873 φύσει
1385 1804 1728 1873 κα¹ι¹ἁληθῶς
1782 1808 1839 1858 ἐν

1933 606 2175 675 Patrem,
2203 623 2256 667 et
2306 613 2520 683 Filium,
2547 627 2602 693 et
2633 617 2893 687 Spiritum
2926 631 3169 674 sanctum
3207 624 3516 691 credamus,

1933 710 1989 755 et
2018 704 2361 769 haptizemur
2388 724 2402 761 :
2438 708 2509 760 ita
2543 709 2720 776 plane,
2746 718 2801 762 ut
2828 726 2925 779 ego
2958 712 3217 776 arbitror,
3244 729 3347 766 una
3381 730 3517 783 quo—

1936 808 2043 863 que
2073 795 2273 861 Patris,
2313 807 2367 850 et
2407 798 2673 853 incarnati
2705 800 2851 865 Filii,
2884 811 2939 853 ct
2972 801 3208 868 Spiritus
3235 805 3404 858 sancti
3438 814 3520 858 est

1935 888 2201 943 adoratio.
2262 886 2519 954 Quamvis
2586 893 2729 945 enim
2782 892 3105 962 Unigcnitus
3157 910 3284 948 caro
3345 894 3522 950 factus

1936 978 2076 1031 inter
2123 995 2219 1032 nos
2276 981 2553 1045 habitarit,
2606 998 2703 1037 nec
2762 1000 2865 1037 non
2932 984 3325 1055 primogenitus
3382 988 3523 1040 inter

1937 1072 2134 1126 multos
2198 1072 2395 1127 fratres
2444 1076 2740 1143 appellatus
2797 1079 2867 1131 sit
2900 1078 2956 1143 ⁸,
3001 1078 3103 1131 hoc
3151 1088 3328 1132 tamen
3390 1080 3523 1134 nihil

1937 1163 2178 1232 impedit.
2218 1167 2502 1233 quominus
2556 1183 2677 1222 cum
2709 1184 2737 1222 a
2765 1168 2941 1231 nobis,
2970 1178 3083 1223 tum
3116 1170 3181 1223 ab
3214 1171 3345 1240 ipsis
3389 1187 3523 1239 quo-

1937 1274 2042 1325 que
2093 1259 2297 1328 angelis
2341 1260 2553 1313 adorari
2600 1261 2814 1315 debeat.
2869 1261 3002 1315 Nam
3057 1277 3176 1331 qua:
3242 1264 3345 1316 alia
3400 1261 3521 1316 Iidei

1938 1352 2075 1403 ratio
2109 1350 2160 1403 in
2195 1356 2368 1418 ipsum
2413 1360 2662 1405 constare
2690 1353 2911 1420 posset?
2939 1354 3223 1420 Quomodo
3247 1370 3373 1410 vero
3419 1355 3523 1410 hoc

1938 1443 2165 1512 quassitu
2204 1458 2305 1496 non
2340 1443 2554 1512 ilignum
2581 1445 2606 1497 ?
2654 1444 2838 1513 Neque
2883 1446 3026 1500 enim
3062 1446 3141 1517 (si
3175 1450 3331 1501 modo
3378 1457 3525 1501 recte

1938 1549 2126 1601 sapere
2159 1535 2461 1605 voluerint)
2496 1535 2689 1591 dicturi
2720 1549 2867 1605 sunt,
2918 1540 3136 1609 opinor,
3171 1541 3313 1609 quod
3346 1540 3395 1593 in
3431 1539 3523 1593 Dei

1939 1626 2115 1680 Patris
2172 1626 2403 1681 Verbum
2450 1627 2624 1682 solum
2690 1644 2854 1683 carne
2900 1642 3122 1684 exutqu
3190 1636 3521 1685 credamus:

1940 1733 2116 1789 neque
2151 1718 2278 1772 illud
2306 1734 2529 1773 rursum
2560 1720 2977 1788 prmterildmus,
3008 1738 3202 1791 nempe
3235 1723 3375 1792 quod
3418 1738 3523 1775 non

1942 1812 1995 1866 iu
2042 1827 2202 1864 unum
2237 1810 2468 1879 aliquem
2514 1812 2683 1865 nostri
2730 1813 2984 1877 similem,
3030 1814 3207 1868 autin
3248 1814 3522 1867 hominem

268 1894 544 1966 προσώπῳ
595 1895 852 1967 Χριστοῦ.
900 1895 1234 1966 Συλλήψεται
1290 1896 1346 1948 δὲ
1379 1896 1457 1966 τῷ
1499 1895 1643 1967 λόγῳ
1688 1898 1783 1949 καὶ
1813 1900 1843 1951 6

1952 1901 2048 1956 [ide
2087 1903 2390 1966 tendamus,
2423 1902 2515 1957 sed
2540 1903 2701 1970 quod,
2729 1904 2828 1959 sub
2854 1920 3079 1973 persona
3097 1905 3319 1969 Christi,
3349 1906 3399 1959 in
3434 1921 3527 1959 ve-

269 1988 430 2055 σοφὸς
457 1986 685 2057 γράφων
715 1986 927 2051 Παῦλος
947 2004 959 2017 ’
1000 2007 1019 2038 ι
1068 1989 1140 2040 Ού
1180 1988 1289 2059 γὰρ
1319 1988 1544 2052 ἑαυτοὺς
1573 1989 1843 2060 κηρύσσο-

271 2097 391 2148 μεν,
427 2080 559 2133 ἀλλὰ
585 2080 818 2150 Χριστὸν
859 2078 1065 2150 Ἰησοῦν
1104 2079 1309 2151 Κύριον
1335 2097 1349 2111 ·
1393 2081 1619 2144 ἑαυτοὺς
1651 2082 1704 2134 δὲ
1727 2082 1845 2137 δού-

267 2170 390 2232 λους
417 2168 571 2239 ὑμῶν
614 2170 700 2223 διὰ
743 2169 915 2240 Ἰησοῦ
949 2171 1211 2241 Χριστοῦ.
1238 2171 1357 2223 Ὅτι
1392 2172 1419 2221 6
1451 2172 1583 2236 Θεὸς
1623 2175 1648 2225 6
1674 2172 1843 2225 εἰπὼν

270 2265 332 2315 ἐκ
368 2265 590 2327 σκότους
612 2263 724 2332 φῶς
755 2264 986 2336 λάμψαι,
1022 2265 1080 2329 ὃς
1101 2265 1340 2336 ἔλαμψεν
1364 2269 1422 2320 ἐν
1451 2269 1568 2330 ταῖς
1597 2268 1844 2338 καρδίαις

269 2354 302 2421 ἠ
312 2352 445 2422 μῶν,
482 2354 619 2423 πρὸς
642 2358 920 2424 φωτισμὸν
944 2358 1043 2426 τῆς
1069 2356 1324 2424 γνώσεως
1360 2357 1457 2426 τῆς
1480 2358 1638 2430 δόξης
1678 2357 1843 2412 αὑτοῦ

269 2449 328 2499 ἐν
368 2444 645 2518 προσώπῳ
693 2447 864 2519 Ἰησοῦ
911 2448 1167 2520 Χριστοῦ.
1214 2469 1231 2499 ›
1276 2450 1405 2503 Ἰδοὺ
1436 2450 1498 2520 δὴ
1549 2451 1736 2520 σαφῶς
1787 2468 1843 2508 τε

272 2538 366 2590 καὶ
394 2537 639 2608 ἐναργῶς
675 2541 702 2593 6
727 2540 1009 2611 φωτισμὸς
1040 2541 1138 2611 τῆς
1171 2540 1425 2609 γνώσεως
1448 2541 1540 2595 τοῦ
1583 2542 1718 2595 Θεοῦ
1753 2544 1847 2596 καὶ

272 2632 483 2704 Πατρὸς
512 2632 569 2685 ὲν
594 2632 867 2705 προσώπῳ
890 2632 1151 2703 διέλαμψε
1176 2633 1269 2686 τοῦ
1303 2632 1539 2703 Χριστοῦ
1563 2650 1576 2664 ο
1622 2635 1845 2706 τοιγάρ-

271 2742 350 2777 τοι
383 2725 476 2778 καὶ
504 2725 738 2794 ἔφασκεν
758 2742 771 2755 ·
806 2744 823 2776 ι
867 2726 925 2777 '0
949 2724 1206 2795 ἑωρακὼς
1240 2725 1359 2795 ἐμὲ,
1385 2724 1595 2797 ἑώρακε
1624 2728 1713 2780 τὸν
1738 2728 1848 2779 [Ια-

272 2817 423 2886 τέρα.
456 2849 524 2857 -
571 2817 710 2887 Ἐγὼ
738 2818 832 2872 καὶ
858 2820 884 2872 ὁ
914 2818 1100 2890 Πατὴρ
1128 2818 1186 2871 ἓν
1212 2818 1397 2888 ἐσμεν.
1447 2838 1465 2870 ι

344 3001 463 3054 ΛΓ.
500 2999 796 3072 Χαρακτὴρ
828 2999 885 3053 δὲ
926 3001 953 3052 6
988 2999 1130 3063 Θεῖος
1175 3000 1235 3053 ού
1274 2999 1603 3071 σωματικὸς,
1645 2999 1759 3052 ἀλλ’
1790 3000 1848 3051 ἐν

273 3094 498 3164 δυνάμει
542 3094 636 3146 καὶ
684 3092 808 3165 δόξῃ
851 3096 917 3163 τῇ
964 3093 1429 3165 θεοπρεπεστάτῃ.
1481 3093 1650 3147 Τοῦτο
1695 3093 1752 3146 δὲ
1782 3088 1849 3163 ἦν

276 3186 574 3258 ἀκραιφνὲς
611 3188 669 3240 ὲν
710 3188 949 3258 Χριστῷ.
982 3188 1348 3259 Γνωρίζεσθαι
1378 3186 1434 3240 δὲ
1475 3186 1567 3239 καλ⁹
1605 3186 1694 3239 διὰ
1724 3187 1848 3239 τού-

276 3296 383 3331 των
410 3279 582 3348 ἠξίου,
615 3280 708 3332 καὶ
737 3279 824 3332 διὰ
867 3281 967 3349 τῆς
1003 3280 1109 3332 τῶν
1140 3280 1437 3350 δρωμένων
1476 3279 1750 3352 ὑπεροχῆς
1774 3280 1853 3342 εἰς

278 3370 487 3432 ἑννοίας
530 3370 823 3440 ἁναφοιτᾷν
865 3370 963 3433 τὰς
994 3370 1080 3422 ἐπ’
1120 3370 1268 3439 αύτῷ
1301 3369 1427 3430 τοὺς
1472 3370 1855 3439 ἀκροωμένους

278 3462 455 3534 ἤθελε,
488 3462 1033 3533 κατασμικρυνούσης
1055 3463 1215 3515 αὐτὸν
1243 3464 1427 3534 ἡρέμα
1454 3463 1605 3533 παρά
1643 3480 1707 3531 γε
1743 3465 1855 3526 τοῖς

277 3557 560 3619 ἁσυνέτοις
588 3556 687 3625 τῆς
729 3555 1012 3625 ὁρωμένης
1063 3557 1283 3627 σαρκός.
1324 3574 1342 3606 ε
1373 3556 1435 3608 Εἰ
1469 3557 1578 3627 γὰρ
1625 3557 1683 3608 ού
1716 3556 1857 3609 ποιῶ

278 3648 346 3701 τὰ
376 3648 513 3719 ἔργα
556 3647 651 3701 τοῦ
686 3648 897 3719 Πατρός
946 3664 1068 3717 μου,
1102 3648 1254 3717 φησὶ,
1284 3647 1358 3718 μὴ
1408 3647 1695 3701 πιστεύετὲ
1729 3664 1854 3718 μοι·

279 3744 327 3793 εἰ
359 3741 413 3793 δὲ
439 3740 597 3807 ποιῶ,
630 3740 731 3794 κᾶν
774 3740 897 3810 ἐμοὶ
926 3740 1000 3810 μὴ
1030 3739 1344 3810 πιστεύητε,
1374 3741 1484 3801 τοῖς
1524 3738 1705 3809 ἔργοις
1756 3756 1856 3809 μου

282 3835 623 3889 πιστεύσατε.
664 3856 681 3886 ι
714 3835 883 3889 Φάναι
907 3834 962 3887 δὲ
984 3830 1135 3905 οἶμαι
1166 3834 1326 3887 ταυτὶ
1348 3834 1407 3887 τὸ
1438 3834 1691 3905 τηνικάδε
1721 3836 1858 3905 Χρι-

283 3927 426 3991 στὸν,
485 3927 584 3980 ούκ
621 3926 906 3989 ἁσυντελὲς
948 3927 1029 3987 εἰς
1077 3926 1264 3996 ὄνησιν
1311 3925 1489 3978 εἰδότα
1538 3926 1599 3978 τὸ
1649 3926 1855 3997 χρῆμα.

294 4019 511 4088 Ἐπειδὴ
539 4019 647 4088 γὰρ
690 4019 857 4089 ᾤοντο
897 4018 1029 4071 Θεὸν
1072 4019 1171 4089 μὲν
1214 4019 1314 4072 οὐκ
1353 4017 1492 4073 εἶναι
1524 4020 1663 4072 κατὰ
1700 4020 1859 4087 φύσιν

280 4111 372 4163 τὸν
427 4111 495 4163 δι’
533 4113 681 4180 ἡμᾶς
730 4110 1212 4182 ὲνηνῡρωπηκότα,
1266 4110 1420 4179 ψιλὸν
1470 4111 1525 4163 δὲ
1577 4111 1860 4181 ἄνθρωπον

281 4203 470 4267 ἁπλῶς
501 4206 620 4258 καθ’
653 4207 819 4275 ἡμᾶς,
856 4206 1230 4275 ἁπαράδεκτον
1259 4204 1313 4257 δὲ
1346 4206 1434 4258 διὰ
1458 4203 1617 4257 τοῦτο
1642 4204 1743 4274 τὴν
1772 4203 1861 4257 ἐπ’

282 4294 433 4364 αὑτῷ
469 4296 651 4348 πίστιν
688 4296 965 4348 ἐποιοῦντό
1004 4312 1149 4357 τινες
1171 4313 1184 4326 ο
1235 4295 1547 4364 ἀναγκαίως
1585 4295 1646 4348 τὸ
1676 4295 1859 4365 δεῖμα,

286 4390 379 4443 καὶ
428 4389 519 4441 τὸν
579 4388 673 4440 ἐπὶ
705 4387 914 4451 τούτοις
944 4386 1101 4440 ὄκνον
1148 4386 1602 4457 ὑποτεμνόμενος,
1649 4390 1713 4457 τῇ
1762 4388 1864 4458 τῆς

285 4480 538 4549 θεότητος
570 4477 729 4547 φύσει
750 4477 850 4548 τὴν
879 4476 1059 4529 πίστιν
1083 4477 1355 4539 ἀνατιθεὶς
1386 4476 1463 4540 ὠς
1494 4478 1553 4528 ὲν
1587 4477 1863 4548 προσώπῳ

1947 2011 2063 2048 rum
2103 2005 2155 2049 et
2200 1995 2499 2049 naturalem
2552 1995 2744 2049 Deum.
2805 1995 2903 2051 Cui
2947 2007 3000 2052 et
3047 1998 3262 2067 sapiens
3312 2012 3527 2066 quoque

1945 2085 2142 2141 Paulus
2175 2087 2544 2156 patrocinatur
2572 2103 2586 2140 :
2619 2088 2807 2143 scribit
2838 2088 2980 2142 enim
3013 2104 3028 2142 :
3067 2108 3085 2140 ‹
3128 2089 3242 2143 Νοιι
3283 2100 3525 2144 nosmet-

1946 2176 2091 2245 ipsos
2139 2177 2513 2246 prtedicamus,
2561 2178 2654 2230 sed
2702 2175 2882 2232 Jesum
2918 2177 3195 2233 Christum
3229 2179 3526 2233 Dominum

1947 2278 2229 2333 nostrum;
2263 2284 2359 2322 nos
2391 2277 2569 2321 autem
2598 2284 2785 2326 servos
2806 2280 3019 2325 vestros
3048 2271 3359 2341 perJesum.
3394 2270 3533 2338 Quo-

1948 2361 2088 2413 niam
2118 2358 2258 2412 Deus
2283 2359 2373 2428 qui
2401 2360 2534 2414 dixit
2561 2360 2626 2413 dc
2656 2362 2891 2415 tenebris
2924 2361 3095 2416 lucem
3127 2362 3530 2431 splendescere,

1948 2457 2060 2523 ipse
2120 2453 2294 2507 illuxit
2339 2454 2388 2506 in
2448 2453 2701 2510 cordibus
2750 2455 2948 2508 nostris
2979 2456 3045 2509 ad
3088 2455 3531 2511 illuminationem

1947 2546 2183 2600 scientias
2222 2546 2487 2600 claritatis
2516 2545 2609 2599 Dei
2642 2550 2694 2599 in
2727 2545 2864 2600 facie
2890 2547 2998 2617 30
3029 2548 3227 2601 Christi
3268 2546 3391 2601 Jesu
3419 2547 3462 2600 ⁸.
3506 2566 3525 2598 ι

1950 2637 2087 2692 Ecce
2132 2650 2315 2707 aperte
2372 2637 2751 2705 evidenterque
2798 2638 3121 2692 illuminatio
3166 2637 3409 2692 scicntia:
3439 2637 3533 2692 Dei

1948 2727 2126 2783 Patris
2167 2731 2217 2782 in
2259 2745 2485 2798 persona
2535 2729 2737 2784 Christi
2779 2729 2998 2784 ell‘ulsit.
3068 2729 3218 2785 Unde
3264 2738 3316 2783 et
3370 2729 3532 2796 ipse:

1960 2843 1976 2873 ι
2003 2824 2104 2889 Qui
2134 2825 2278 2877 videt
2314 2840 2420 2887 me,
2449 2825 2644 2893 inquit,
2679 2825 2823 2879 videt
2849 2833 2901 2878 et
2949 2821 3229 2877 Patrem".
3252 2852 3321 2862 —
3350 2823 3460 2892 Ego
3482 2827 3540 2877 et

1950 2915 2118 2969 Pater
2153 2932 2314 2968 unum
2345 2931 2530 2969 smnus
2555 2917 2596 2969 ⁸.
2631 2936 2648 2967 ι

2022 3006 2259 3062 XXXIII.
2294 3008 2558 3062 Caeterum
2588 3008 2802 3060 divinus
2848 3007 3134 3062 character
3165 3022 3267 3060 non
3300 3016 3383 3061 est
3415 3020 3537 3061 cor-

1950 3116 2164 3171 poreus,
2203 3100 2295 3153 sed
2350 3099 2401 3153 iu
2453 3115 2661 3152 summa
2718 3100 2917 3152 virtute
2962 3109 3016 3151 et
3050 3098 3216 3165 gloria
3268 3114 3385 3166 qua:
3429 3097 3540 3151 Deo

1879 3220 1926 3282 ε
1955 3190 2227 3255 convenit,
2256 3191 2482 3259 positus.
2529 3191 2653 3242 Erat
2687 3190 2731 3243 is
2760 3204 2920 3256 porro
2955 3189 3007 3241 in
3039 3188 3257 3242 Christo
3298 3188 3541 3257 apprime

1956 3292 2179 3337 exactus
2208 3291 2261 3336 et
2293 3282 2520 3335 lucidus.
2579 3279 2757 3334 Voluit
2787 3290 2967 3335 autem
3002 3295 3103 3334 non
3135 3294 3233 3348 per
3264 3280 3377 3333 hmc
3420 3288 3541 3332 tan-

1958 3383 2067 3427 tum
2128 3374 2268 3427 dicta
2328 3374 2696 3437 innotescere,
2744 3370 2837 3424 sed
2889 3386 2985 3441 per
3038 3386 3259 3438 operum
3327 3385 3542 3438 quoque

1956 3464 2328 3521 excellentiam
2385 3462 2602 3516 volebat
2645 3462 2920 3516 auditores
2959 3462 3026 3516 ad
3078 3462 3324 3516 notitiam
3375 3460 3543 3530 ipsius

1960 3559 2363 3621 conscendere;
2403 3557 2445 3609 si
2494 3556 2708 3623 quidem
2753 3570 2951 3623 corpus
3000 3554 3142 3623 quod
3197 3554 3542 3613 cernebatur,

1957 3650 2333 3704 auctoritatem
2375 3646 2519 3701 illius
2544 3646 2687 3714 apud
2722 3645 3091 3715 imprudentes
3141 3646 3312 3714 magis
3346 3645 3544 3713 magis-

1958 3757 2061 3809 que
2104 3740 2331 3796 subinde
2376 3739 2669 3793 minuebat.
2725 3738 2815 3792 Ait
2855 3753 2983 3808 ergo
3020 3755 3034 3792 :
3082 3757 3099 3789 ι
3131 3738 3187 3793 Si
3253 3754 3357 3792 non
3406 3738 3546 3792 facio

1958 3850 2119 3903 Opera
2155 3833 2335 3887 Patris
2397 3831 2523 3897 mei,
2573 3830 2739 3885 nolite
2786 3834 3049 3885 credere:
3079 3829 3123 3883 si
3163 3841 3341 3884 autem
3385 3829 3543 3895 facio,

1960 3927 2063 3981 ctsi
2092 3926 2220 3980 mihi
2252 3941 2359 3979 non
2386 3924 2627 3988 creditis,
2662 3923 2919 3992 operibus
2948 3922 3157 3978 credite
3191 3924 3235 3979 ’.
3292 3941 3309 3973 ι
3341 3922 3412 3975 Ea
3446 3938 3545 3977 au-

1964 4029 2071 4072 tem
2108 4017 2387 4072 Christum
2421 4016 2621 4071 dixisse
2651 4015 2927 4081 existimo,
2954 4030 3074 4084 quae
3109 4024 3233 4069 tunc
3260 4014 3544 4068 utilitatem

1961 4111 2192 4165 allatura
2225 4118 2468 4164 noverat.
2514 4108 2648 4164 Nam
2698 4124 2820 4164 cum
2863 4108 3020 4178 vulgo
3053 4122 3370 4179 persuasum
3404 4116 3549 4163 esset

1963 4218 2106 4266 eum,
2128 4203 2218 4271 qui
2251 4203 2603 4256 nostricausa
2632 4202 2793 4257 homo
2825 4200 3001 4257 factus
3022 4211 3127 4267 est,
3160 4212 3351 4257 natura
3380 4202 3546 4257 Deum

1966 4309 2069 4349 non
2106 4309 2247 4359 esse,
2274 4296 2366 4348 sed
2391 4295 2661 4349 hominem
2708 4294 3028 4364 simpliciter
3054 4295 3213 4349 nobis
3234 4310 3331 4364 per
3366 4293 3546 4348 omnia

1965 4385 2218 4450 similem,
2250 4394 2306 4438 et
2333 4384 2402 4439 ob
2429 4385 2478 4439 id
2508 4385 2725 4454 quidam
2759 4385 2919 4439 ﬁdem
2954 4387 3009 4439 in
3036 4385 3183 4439 illum
3216 4402 3320 4439 non
3353 4384 3549 4437 admit-

1967 4477 2180 4531 tendam
2228 4475 2559 4530 alIirmarent
2604 4494 2616 4529 :
2661 4475 2808 4531 omni
2860 4486 3034 4530 metus
3086 4476 3550 4544 cunctationisque

286 4570 519 4641 Πατρὸς,
547 4569 643 4621 καὶ
672 4568 791 4637 οὐχὶ
811 4570 876 4638 τῇ
909 4567 1030 4620 καθ’
1054 4568 1200 4637 ἡμᾶς
1224 4567 1665 4637 σμικροπρεπείᾳ
1696 4585 1850 4638 προσ

1965 4583 2124 4623 causa
2174 4568 2431 4636 praecisa,
2479 4567 2818 4637 Paternaque
2872 4584 3102 4638 persona
3157 4579 3404 4637 sumpta,
3440 4583 3548 4621 non

286 4665 503 4735 νέμων,
546 4662 822 4731 ἔφασκεν·
880 4680 898 4712 ι
949 4661 1006 4713 ’0
1060 4660 1332 4713 πιστεύων
1377 4661 1458 4724 εἰς
1500 4660 1620 4730 ἐμὲ,
1656 4660 1716 4712 οὐ
1770 4678 1861 4713 πι-

289 4757 466 4810 στεύει
512 4758 591 4819 si;
629 4755 751 4826 ἐμὲ,
797 4754 935 4809 ἀλλὰ
985 4755 1064 4817 εἰς
1091 4755 1181 4807 τὸν
1221 4753 1515 4824 πέμψαντά
1559 4769 1659 4825 με’
1710 4754 1803 4807 καὶ
1833 4756 1862 4807 6

288 4848 510 4919 θεωρῶν
538 4848 661 4918 ἐμὲ,
707 4847 901 4917 Θεωρεῖ
952 4845 1045 4899 τὸν
1082 4844 1374 4916 πέμψαντά
1424 4861 1512 4915 με.
1546 4863 1565 4896 ι
1596 4840 1722 4916 ’Ἆρ’
1767 4840 1862 4897 οὖν

286 4940 385 4994 οὐκ
412 4942 524 4993 ἴσον
569 4942 777 4993 εἰπεῖν’
809 4936 878 4991 Ὦ
918 4937 1027 4991 τῶν
1068 4936 1217 5007 ὲμῶν
1262 4936 1521 5006 κατήκοοι
1561 4936 1752 5004 λόγων,
1786 4937 1861 5006 μὴ

292 5033 464 5103 μικρὰ
499 5034 591 5087 καὶ
614 5030 963 5103 χαμαιρῤιφῆ
993 5030 1063 5082 τὰ
1089 5030 1170 5093 εἰς
1196 5028 1294 5099 ἐμὲ
1328 5027 1577 5095 δοξάζετε
1598 5042 1610 5055 ⁸
1642 5027 1753 5081 ἴστε
1780 5027 1860 5093 δὲ,

286 5125 369 5177 ὅτι
396 5123 494 5195 τὴν
542 5124 622 5185 εἰς
662 5120 821 5175 αὐτὸν
869 5121 972 5191 ἐμὲ
1017 5120 1077 5173 τὸ
1103 5118 1377 5189 ὁρώμενον
1402 5119 1460 5171 ὲν
1495 5118 1660 5189 σαρκὶ
1689 5135 1863 5187 προσ-

290 5214 491 5284 ιέμενοι
557 5213 780 5275 πίστιν,
825 5210 925 5263 οὐκ
978 5210 1057 5273 εἰς
1097 5208 1383 5281 ἄνθρωπον
1433 5206 1616 5270 ἁπλῶς
1676 5206 1864 5259 ἔσεσθε

290 5306 735 5367 πεπιστευκότες,
768 5303 881 5355 ἀλλ’
927 5302 1006 5366 εἰς
1037 5301 1198 5354 αὑτὸν
1235 5301 1325 5353 τον
1366 5299 1584 5371 Πατέρα
1612 5299 1679 5352 δι’
1709 5299 1865 5368 ἐμοῦ,

289 5397 385 5451 τοῦ
410 5398 551 5452 κατὰ
572 5399 680 5450 πᾶν
703 5395 880 5449 ὁτιοῦν
922 5396 1050 5456 ἴσως
1072 5411 1131 5447 τε
1156 5394 1248 5446 καὶ
1272 5391 1708 5463 ἀπαραλλάκτως
1726 5392 1870 5461 ἔχονο

289 5505 381 5551 τος
406 5486 560 5550 Υἱοῦ,
596 5485 972 5557 σαρκωθέντος
1021 5485 1120 5555 μὲν
1149 5484 1215 5538 δι’
1243 5484 1409 5553 ὑμᾶς,
1435 5484 1530 5536 καὶ
1556 5482 1786 5552 περίὸλη
1796 5500 1870 5551 μα

294 5578 707 5652 σμικροπρεπὲς
758 5577 1185 5645 οἱκειωσαμὲνου
1250 5576 1349 5644 τὴν
1424 5575 1819 5645 ἀνθρωπότητα
1848 5591 1861 5605 .

294 5672 355 5727 τε
388 5690 450 5739 γε
486 5672 591 5743 μὴν
624 5670 837 5740 ἱσοιξυὲς
870 5686 927 5722 τε
954 5670 1045 5721 καὶ
1074 5667 1341 5737 ἰσουργον,
1375 5667 1466 5719 καὶ
1496 5669 1551 5719 ἐν
1580 5668 1867 5738 ταυτότητι

367 5833 389 5865 ⁵
416 5833 573 5889 Rom.
614 5852 724 5903 VIII,
760 5836 845 5890 :19.
915 5836 931 5857 "
965 5833 1046 5890 lC
1072 5849 1131 5888 er.
1177 5849 1247 5899 ιτ,
1284 5835 1335 5899 ὃ,
1370 5837 1421 5887 ti.

1967 4661 2215 4715 humana:
2251 4659 2563 4728 abjectioni,
2603 4662 2696 4716 sed
2724 4660 2920 4716 divinat:
2949 4669 3155 4716 natura:
3190 4662 3346 4714 Iidem
3392 4660 3549 4714 attri-

1965 4752 2124 4817 buit;
2158 4752 2235 4806 ait
2277 4752 2421 4807 enim
2452 4768 2466 4805 :
2504 4772 2523 4805 ι
2564 4751 2665 4818 Qui
2709 4753 2879 4808 credit
2908 4752 2960 4807 in
2989 4768 3096 4817 me,
3134 4768 3239 4807 non
3286 4752 3456 4806 credit
3498 4752 3550 4805 in

1967 4860 2073 4908 me,
2106 4843 2202 4898 sed
2231 4844 2284 4899 in
2314 4859 2437 4898 eum
2465 4845 2554 4914 qui
2590 4844 2739 4899 misit
2768 4860 2853 4899 me
2886 4863 2899 4900 :
2934 4854 2983 4899 et
3026 4845 3115 4914 qui
3147 4845 3290 4898 videt
3322 4860 3429 4907 me,
3472 4846 3553 4895 vi-

1969 4936 2059 4990 det
2098 4950 2219 4989 eum
2246 4935 2340 5003 qui
2384 4936 2531 4989 misit
2556 4953 2643 4992 me
2669 4937 2732 4989 '°.
2790 4956 2809 4989 ι
2853 4936 3086 4992 Perinde
3126 4952 3189 4991 ac
3217 4937 3261 4990 si
3288 4937 3429 4990 dicat
3461 4955 3475 4989 :
3510 4934 3554 4990 Ο

1968 5025 2073 5080 viri
2115 5025 2207 5094 qui
2248 5041 2335 5080 me
2370 5025 2590 5091 auditis,
2640 5042 2710 5082 ne
2762 5042 2927 5097 parva
2971 5036 3025 5083 et
3077 5025 3297 5081 humilia
3344 5026 3411 5079 de
3468 5040 3554 5078 me

1971 5118 2265 5188 opiuemini
2315 5134 2331 5174 :
2384 5117 2514 5188 quin
2583 5120 2635 5173 id
2711 5121 2894 5188 p0tius
2962 5119 3029 5175 de
3092 5135 3178 5174 me
3239 5133 3553 5187 persuasum

1973 5210 2127 5265 vobis
2157 5210 2432 5274 habetote,
2483 5227 2674 5281 nempe
2703 5212 2749 5266 si
2776 5214 2827 5265 in
2869 5228 2955 5267 me
2995 5227 3155 5283 quem
3201 5213 3251 5265 in
3280 5212 3384 5266 hoc
3430 5227 3557 5265 cor-

1976 5315 2106 5369 pore
2144 5300 2389 5362 ccrnitis.
2436 5301 2800 5369 credideritis,
2858 5319 2963 5355 non
3019 5303 3070 5355 in
3119 5318 3281 5356 unum
3321 5301 3554 5371 aliquem

1967 5407 2034 5444 ex
2062 5391 2243 5446 multis
2270 5393 2574 5447 credituros
2606 5409 2699 5447 vos
2724 5408 2865 5459 esse,
2900 5393 2991 5448 sed
3020 5394 3072 5448 in
3105 5395 3280 5463 ipsum
3313 5394 3553 5455 Patrem,

1967 5500 2064 5555 per
2093 5500 2179 5539 me
2202 5484 2399 5540 Filium
2432 5502 2445 5538 :
2474 5487 2565 5555 qui
2610 5487 2740 5542 licet
2781 5488 2947 5543 vestri
2993 5502 3155 5542 causa
3203 5504 3331 5543 caro
3380 5486 3559 5541 factus

1968 5578 2093 5644 sim,
2140 5588 2195 5633 et
2239 5578 2397 5633 vilem
2462 5578 2621 5634 istam
2674 5581 2907 5635 hominis
2960 5580 3187 5634 formam
3247 5580 3556 5640 induerim,

1967 5669 2114 5725 Patri
2162 5679 2338 5724 tamen
2382 5672 2605 5726 omnino
2640 5673 2887 5743 mqualis,
2916 5670 3171 5744 nullaque
3216 5672 3269 5725 iu
3302 5686 3358 5725 re
3390 5672 3459 5727 ab
3489 5685 3557 5726 eo

1494 5834 1511 5863 ⁷
1544 5829 1698 5887 Joan.
1740 5847 1849 5900 xiv,

1995 5830 2011 5857 '
2042 5828 2197 5884 Joau.
2234 5846 2286 5898 δ,
2316 5830 2405 5887 30.
2476 5832 2496 5864 ’
2524 5831 2679 5889 Joan.
2722 5848 2775 5900 κ,
2801 5829 2891 5885 57.
2950 5831 2993 5863 ¹⁹
3027 5826 3296 5897 luam”,
3338 5828 3431 5899 Η,
3458 5827 3551 5885 45.
