4044 6332
489 356 627 412 1185
1518 349 1573 404 S.
1617 345 1881 402 CYllllLl
1925 342 2099 399 ALEX

2211 340 2389 395 DlilHl
2432 338 2746 394 ARClllEP.
3634 327 3655 378 1
3678 321 3789 375 134

487 472 753 533 divulsus,
790 476 883 522 aut
913 476 1194 536 separatus
1236 483 1375 531 smn,
1407 478 1592 536 utpote
1618 468 1811 521 eadem
1845 479 1949 532 qua
1977 462 2064 515 ille
2093 490 2105 517 λ

2209 458 2323 528 εξης
2362 456 2728 525 ἁδιαλιῖλϐητον
2772 449 3049 512 παντελῶς
3102 446 3312 518 ἔχοντος
3368 445 3503 514 πῷς
3543 443 3789 505 αὑτάν;

492 574 704 625 uentura,
731 562 964 631 polentia
996 578 1059 616 ac
1088 562 1255 632 gloria
1281 564 1562 631 pranlitus.

566 650 804 706 XXXIV.
855 652 1268 707 Animadvertat
1311 652 1577 722 quispiam
1604 650 1709 703 alio
1748 649 1872 702 item
1910 647 2068 701 modo

494 746 652 797 ﬁdem
707 745 758 797 in
817 759 875 798 se
924 761 1265 814 nequaquam
1317 745 1601 814 repulisse,
1650 742 1863 795 etiamsi
1912 742 2070 793 hoino

494 838 670 893 factus
690 850 867 903 esset;
900 840 992 892 sed
1022 840 1156 891 citra
1187 838 1344 891 ullam
1372 838 1593 891 omnino
1630 836 1948 897 sectionem,
1980 842 2072 885 aut

494 933 900 986 distinctionem
944 932 999 985 in
1045 932 1315 1001 propriam
1370 946 1655 999 perSUnam
1704 928 1849 980 illam
1897 926 2071 979 admi-

498 1025 633 1077 sisse
665 1042 677 1076 :
711 1024 1145 1092 quandoquidem
1179 1038 1301 1076 cum
1329 1022 1395 1075 ab
1426 1031 1546 1076 ortu
1572 1035 1771 1075 cmcum
1805 1025 2071 1082 satiasset,

498 1124 553 1167 et
596 1114 749 1167 dulce
800 1115 899 1168 hoc
950 1113 1330 1183 insuetumque
1378 1114 1476 1183 ipsi
1524 1114 1701 1167 lumen
1758 1110 2073 1165 intuendum

500 1206 835 1275 praebuisset,
870 1206 921 1257 in
952 1222 1145 1274 utagna
1179 1208 1374 1261 merito
1407 1206 1763 1260 admiratione
1795 1204 1935 1274 apud
1958 1218 2077 1257 om-

501 1312 597 1350 nes
625 1296 728 1364 31
751 1305 889 1351 erat.
918 1294 1117 1349 Verum
1145 1297 1211 1362 is,
1234 1299 1324 1367 qui
1367 1298 1556 1351 morbo
1586 1296 1847 1350 liberatus
1877 1295 2077 1359 fuerat,

2242 659 2359 710 AA'.
2388 655 2565 711 Μὰοοι
2597 654 2640 706 δ’
2671 652 2735 706 ἄν
2769 669 2850 714 τις
2881 647 2975 701 καὶ
3008 646 3207 717 ἑτέρως
3240 642 3400 697 αὑτὸν
3432 640 3531 711 τὴν
3574 638 3793 691 πίστιν

2169 753 2229 804 ού
2266 750 2649 820 διωθούμενοι),
2682 745 2816 799 ἀλλὰ
2842 744 3012 813 τομῆς
3053 757 3195 802 τινος
3226 738 3347 807 δίχα
3370 735 3466 789 καὶ
3490 730 3796 799 διαφορᾶς

2172 841 2575 909 εἰσδεδεγμὲνον
2616 837 2782 905 αὐτὴν
2812 834 2884 897 ὡς
2914 836 2970 885 ὲν
3004 831 3119 900 ἰδίῳ
3145 827 3439 898 προσώπῳ,
3471 825 3571 877 καὶ
3605 823 3664 873 εἰ
3694 819 3798 886 ’ίέ-

2169 950 2325 1001 γονεν
2350 932 2652 1003 ἄνθρωπος.
2673 927 2889 994 Ἐπειδὴ
2911 925 3019 995 γὰρ
3047 924 3139 978 τὸν
3175 924 3239 975 ἐκ
3268 920 3494 988 γενετῆς
3518 916 3660 968 ἰᾶτο
3688 930 3794 963 τυ-

2175 1024 2325 1091 φλὸν,
2367 1024 2461 1075 καὶ
2510 1021 2571 1073 τὸ
2602 1020 2771 1088 γλυκὺ
2819 1018 2937 1089 μὲν,
2981 1014 3147 1085 ἄηθες
3200 1011 3243 1065 δ’
3291 1005 3382 1063 οῦν
3427 1005 3796 1076 ὲνειρύτευσε

2176 1114 2293 1183 φῶς
2325 1112 2492 1181 αὐτῷ,
2526 1111 2676 1182 παρὰ
2710 1109 2925 1162 πάντων
2964 1107 3187 1169 εἰκότως
3213 1101 3583 1171 ἐθαυμάζετο.
3632 1094 3795 1147 Ἀλλ’

2177 1209 2204 1260 ὁ
2231 1206 2330 1274 μὲν
2350 1204 2443 1257 τοῦ
2476 1203 2676 1266 πάθους
2698 1198 3135 1271 ἀπηλλαγμένος,
3164 1194 3315 1265 παρὰ
3340 1195 3451 1256 τοῖς
3481 1188 3801 1247 Ἰουδαίοις

2180 1296 2446 1368 ἐκρίνετο,
2474 1296 2568 1348 καὶ
2597 1294 2865 1363 ὡμολόγει
2892 1292 2981 1344 τὸν
3020 1288 3223 1360 ξατρὸνο
3258 1282 3491 1356 Χριστὸς
3520 1282 3588 1335 δὲ
3626 1276 3800 1345 αὖτῷ

503 1391 628 1441 dum
652 1405 680 1443 a
702 1386 900 1443 Judteis
927 1390 1370 1457 interrogaretur,
1394 1388 1662 1444 medicum
1707 1386 2077 1454 proﬁtebatur.

506 1478 637 1531 Nam
678 1494 800 1531 cum
830 1477 1080 1533 Christus
1108 1479 1247 1533 forte
1285 1480 1335 1533 in
1366 1479 1511 1533 illum
1558 1477 1804 1532 incidens
1850 1490 2079 1544 percon-

508 1578 713 1623 taretur
757 1586 771 1623 :
820 1588 837 1620 ι
891 1570 1079 1624 Credis
1122 1572 1173 1624 in
1214 1571 1411 1625 Filium
1464 1569 1555 1623 Dei
1602 1570 1684 1622 “?
1748 1588 1766 1620 ι
1823 1568 1910 1621 ille
1954 1582 2084 1621 vero

504 1672 692 1716 eontra
733 1664 1158 1718 succlamasset:
1198 1683 1216 1716 ι
1263 1664 1395 1730 Quis
1438 1672 1541 1729 est,
1586 1663 1835 1728 Domine,
1868 1669 1926 1713 ut
1964 1676 2084 1714 cre-

508 1756 627 1804 dum
648 1754 697 1806 iu
720 1769 839 1806 eum
860 1755 972 1806 "‘h
996 1769 1309 1821 responsum
1333 1753 1451 1807 tulit
1467 1752 1727 1822 ejusmodi
1749 1776 1761 1807 :
1786 1771 1805 1804 ι
1830 1751 2082 1805 Etvidisti

510 1859 655 1908 cum,
698 1857 751 1900 ct
790 1846 879 1915 qui
910 1845 1147 1915 loquitur
1186 1855 1387 1910 tecum,
1415 1845 1505 1899 ille
1544 1855 1644 1899 est.
1685 1845 1757 1898 At
1800 1843 1889 1897 ille
1913 1843 2084 1897 dixit:

510 1935 713 2001 Credo,
750 1936 974 1991 Domine
1006 1955 1020 1991 :
1051 1945 1107 1990 et
1132 1937 1380 1991 adoravit
1405 1952 1526 1991 eum
1551 1937 1616 1990 ".
1658 1955 1680 1988 ι
1707 1937 1775 1990 At
1798 1937 1943 1990 enim
1968 1936 2089 2004 quis

514 2027 689 2081 nescit
741 2028 976 2081 divinam
1027 2028 1173 2081 illam
1227 2043 1641 2098 supremamque
1698 2040 1943 2082 naturam
1991 2029 2090 2081 sub

516 2127 792 2187 aspectum
824 2102 979 2187 plane
1009 2134 1115 2173 non
1149 2120 1388 2174 cadere?
1424 2138 1442 2171 ι
1475 2119 1639 2173 Deum
1680 2120 1848 2183 enim,
1876 2130 1933 2173 ut
1961 2121 2095 2173 scri-

517 2220 667 2278 ptum
690 2220 775 2262 est
801 2210 864 2273 “,
902 2224 1058 2263 nemo
1087 2210 1219 2264 vidit
1251 2224 1511 2279 unquam.
1551 2229 1569 2263 ι
1617 2211 1671 2264 Si
1700 2211 1864 2278 igitur
1902 2211 2094 2264 Imma-

517 2300 743 2354 nitatem
773 2316 802 2353 a
834 2317 892 2355 se
919 2300 1230 2371 sejungens,
1257 2304 1409 2372 quasi
1438 2304 1489 2357 in
1520 2302 1614 2358 Dei
1645 2304 1873 2358 Verbum
1921 2304 2092 2357 solum

519 2407 585 2445 ac
606 2392 806 2446 nudum
838 2392 993 2447 fidem
1021 2394 1203 2462 exegit
1234 2412 1247 2448 :
1284 2410 1382 2448 cur
1411 2409 1555 2449 caeco
1582 2394 1870 2449 sanitatem
1902 2396 2097 2462 adepto

522 2501 627 2538 non
676 2486 981 2555 imperavit,
1027 2502 1094 2541 ne
1134 2488 1186 2541 in
1233 2502 1309 2553 se,
1340 2490 1435 2542 sed
1479 2488 1531 2541 in
1571 2488 1805 2542 divinam
1847 2498 2095 2542 naturam

526 2579 720 2629 mentis
778 2577 963 2630 oculos
1029 2577 1347 2645 conjiceret,
1399 2577 1493 2631 sed
1542 2577 1780 2647 seipsum
1838 2593 2098 2646 corporeo

522 2669 798 2722 schemate
822 2668 1086 2733 indutum,
1112 2670 1352 2738 ipsisque
1388 2668 1562 2724 oculis
1591 2671 1893 2739 expositum
1919 2683 2101 2725 osten-

525 2758 640 2813 dit?
680 2759 754 2812 ait
799 2760 943 2817 enim
978 2774 1056 2811 ι’(
1108 2760 1177 2815 Ει
1230 2761 1412 2814 vidisti
1455 2776 1601 2828 eum,
1641 2770 1696 2815 et
1734 2763 1826 2831 qui
1868 2762 2102 2832 loquitur

526 2861 703 2905 tecmn
754 2853 867 2920 ipse
911 2862 1013 2906 est.
1050 2871 1070 2903 ι
1120 2853 1259 2908 Ecce
1304 2854 1524 2907 dubium
1567 2868 1687 2907 esse
1740 2862 1937 2923 potest,
1972 2855 2103 2923 quin

526 2958 723 3011 corpus
755 2958 909 2995 suum
939 2958 1119 2997 coram
1153 2944 1479 2998 cernendum
1512 2944 1859 2999 exhibuerit?
1903 2949 1971 2999 At
2002 2964 2106 3016 quo

531 3035 743 3086 tandem
790 3043 945 3101 pacto
983 3034 1093 3101 ipse
1128 3041 1209 3088 est
1249 3050 1404 3100 caro,
1436 3036 1536 3089 nisi
1571 3038 1620 3091 id
1651 3038 1824 3105 ipsum
1856 3054 1980 3093 esse
2022 3041 2105 3093 iu—

2181 1389 2515 1459 περιτυχὼν·
2541 1408 2557 1440 ι
2590 1388 2660 1439 Σὺ
2689 1386 2984 1450 πιστεύεις,
3006 1384 3263 1452 ἔφασκεν,
3290 1382 3368 1442 εἰς
3396 1378 3488 1431 τὸν
3512 1374 3663 1429 Υἱὺν
3694 1368 3800 1425 τοῦ

2184 1480 2315 1534 Θεοῦ
2338 1498 2351 1546 ;
2374 1500 2391 1530 ι
2427 1480 2532 1532 Τοῦ
2561 1478 2616 1532 δὲ
2639 1520 2651 1542 ,
2686 1499 2704 1528 r
2743 1477 2839 1540 Τίς
2868 1478 3004 1538 ἐστι,
3035 1474 3228 1544 Κύριε.
3255 1490 3272 1523 ι
3316 1465 3796 1534 διακεκραγὸτος,

2192 1592 2208 1623 ι
2240 1572 2324 1624 ἵνα
2359 1570 2632 1623 πιστεύσω
2655 1570 2733 1632 εἰς
2765 1567 2925 1624 αἰετόν
2949 1586 2962 1632 ;
2989 1585 3007 1617 ›
3034 1564 3349 1632 ἁντεφώνει,
3382 1560 3583 1625 λέγων·
3622 1578 3639 1607 ι
3678 1553 3801 1606 Καὶ

2184 1664 2435 1735 ἑώρακας
2460 1662 2643 1723 αὐτὴν,
2676 1661 2768 1712 καὶ
2790 1661 2816 1712 6
2840 1659 3017 1712 λαλῶν
3046 1655 3183 1727 μετὰ
3218 1653 3333 1718 σοῦ,
3363 1650 3577 1713 ἐκεῖνός
3602 1652 3798 1700 ἐστιν.

2201 1756 2262 1808 '0
2276 1755 2329 1807 δὲ
2353 1754 2477 1824 ἔφη·
2500 1750 2767 1815 Πιστεύω,
2789 1751 2981 1821 Κύριε.
2998 1750 3108 1801 Καὶ
3130 1746 3535 1818 προσεκύνησεν
3567 1738 3793 1807 αὐτῷ.)

2193 1848 2383 1901 Καίτοι
2418 1846 2533 1908 πῶς
2565 1845 2661 1914 οὐχ
2694 1844 2865 1897 ἅπασι
2898 1841 3196 1912 συμφανὲς,
3230 1839 3304 1901 ὡς
3334 1838 3583 1896 ἄποπτος
3648 1848 3793 1884 παν·

2189 1939 2359 2001 τελῶς
2383 1941 2415 2009 ἡ
2445 1937 2562 1989 Οεία
2586 1954 2645 1989 τε
2671 1936 2765 1988 καὶ
2781 1935 3041 1987 ἀνωτάτω
3065 1931 3224 2002 φύσις
3247 1928 3433 1996 ;‹Θεὸν
3464 1928 3577 1995 γὰρ
3606 1924 3798 1985 οὐδεὶς

2191 2031 2403 2102 ἑώρακε
2445 2028 2688 2091 πώποτε,
2720 2049 2737 2078 ι
2764 2029 2903 2081 κατὰ
2935 2029 2993 2079 τὸ
3020 2024 3429 2096 γεγραμμένον.
3462 2022 3649 2089 Εἴπερ
3696 2013 3795 2069 οῦν

2188 2123 2403 2185 διιστὰς
2430 2120 2625 2176 ἑαυτοῦ
2652 2120 2712 2173 τὸ
2738 2118 3099 2189 ἀνθρώπινον,
3132 2118 3207 2180 ὡς
3237 2114 3368 2168 αὐτὸ
3390 2114 3452 2182 δὴ
3478 2111 3670 2173 τοῦτο,
3694 2107 3795 2161 καὶ

2196 2215 2453 2285 πεφηνὼς
2500 2218 2565 2268 ix
2593 2214 2727 2267 Θεοῦ
2760 2213 2973 2285 [ἰατρὸς
3005 2211 3174 2278 Λόγος
3202 2205 3426 2276 γυμνὸς,
3480 2202 3581 2256 καὶ
3628 2202 3793 2271 μόνος

2195 2311 2349 2380 ἠξίου
2378 2309 2749 2362 morsum-612'
2775 2308 2827 2361 τί
2853 2308 2927 2378 μὴ
2962 2306 3160 2376 μᾶλλον
3190 2304 3286 2373 τὴν
3312 2301 3405 2355 τοῦ
3436 2298 3575 2353 Θεοῦ
3624 2295 3791 2365 φύσιν

2199 2401 2758 2469 ἁναλογίζεσθαιδείν,
2779 2398 2899 2470 ἥτις
2923 2396 3052 2450 ποτέ
3081 2397 3216 2458 ἐστι,
3240 2394 3330 2445 τὸν
3352 2388 3409 2445 εὖ
3433 2389 3688 2443 παθόντα
3709 2387 3791 2437 δι-

2201 2493 2501 2553 εκελεύετο,
2537 2490 2822 2561 παρέδειξε
2864 2489 2921 2542 δὲ
2962 2484 3314 2557 σωματικῶς,
3352 2482 3426 2545 ὡς
3466 2482 3562 2533 καὶ
3602 2478 3793 2538 αὐτοῖς

2199 2587 2410 2656 ὄμμασι
2462 2582 2905 2638 καταθεάσασθαι
2954 2591 2993 2618 ιη
3045 2578 3217 2649 παρόν
3248 2586 3304 2644 n;
3353 2576 3457 2645 ἔφη
3511 2572 3651 2642 γὰρ,
3707 2570 3791 2622 ὅτι

2209 2699 2227 2729 ι
2260 2680 2367 2732 Καὶ
2395 2677 2644 2747 ἑώρακας
2671 2676 2853 2741 αὐτὸν,
2886 2675 2980 2728 καὶ
3008 2676 3035 2728 6
3056 2671 3231 2726 λαλῶν
3261 2670 3397 2740 μετὰ
3435 2665 3552 2727 σοῦ,
3578 2662 3791 2723 ἐκεῖνός

2207 2773 2373 2823 ἐστιν.
2411 2789 2429 2821 ι
2464 2771 2535 2822 ’Ἡ
2583 2768 2705 2838 ούχὶ
2751 2767 2849 2838 τὴν
2891 2766 3070 2834 σάρκα
3122 2760 3439 2833 παραδεῖξαι
3494 2760 3788 2827 φήσομεν;

2208 2859 2325 2915 εἶτα
2373 2861 2490 2924 πῶς
2518 2861 2679 2923 αὐτὸς
2712 2859 2777 2913 ἂν
2824 2859 2909 2927 εἴη
2940 2855 3123 2909 λοιπὸν
3150 2856 3182 2925 ἡ
3220 2850 3377 2924 σὰρξ,
3409 2852 3457 2902 εἰ
3488 2848 3561 2919 μὴ
3620 2849 3791 2897 voci?)

2207 2955 2328 3007 καθ’
2356 2954 2571 3015 ἕνωσιν,
2592 2951 2667 3015 ὡς
2696 2949 2857 3012 αὐτὸς
2877 2948 3137 3017 ὑπάρχων
3162 2945 3221 2997 τὸ
3246 2944 3377 2996 ἴδιον
3399 2940 3562 2994 αὐτοῦ
3589 2957 3603 3000 ;
3640 2936 3790 2989 K10-

2212 3043 2351 3113 άπερ
2396 3042 2591 3112 ἀμέλει
2638 3041 2732 3093 καὶ
2780 3037 2864 3107 ἐφ’
2902 3036 3058 3107 ἡμῶν
3089 3033 3280 3102 γένοιτ’
3320 3032 3383 3084 ἄν
3408 3048 3421 3061 ·
3450 3026 3793 3089 καταδεὲξειε

532 3126 827 3193 telligatur,
856 3128 997 3195 quod
1022 3127 1313 3181 secundum
1343 3130 1596 3182 unionem
1630 3128 1771 3182 illius
1799 3130 1995 3184 factum
2026 3141 2105 3185 est

2210 3136 2319 3206 γὰρ
2348 3134 2412 3187 ἄν
2440 3150 2521 3196 τις
2553 3132 2614 3183 ού
2662 3128 3101 3201 μεμερισμένως,
3145 3124 3264 3177 οὐδὲ
3302 3120 3507 3181 ἀτελῶς
3544 3121 3640 3170 τὸν
3671 3115 3791 3169 καθ’

532 3214 852 3283 proprium?
896 3212 1082 3268 Simile
1111 3216 1240 3283 quid
1282 3214 1334 3268 in
1382 3216 1534 3269 nobis
1572 3231 1789 3286 quoque
1828 3218 2115 3274 observare

536 3303 682 3358 licet.
728 3304 893 3359 Nemo
941 3305 1084 3359 enim
1132 3306 1407 3361 hominem
1451 3322 1515 3361 ex
1568 3309 1747 3361 anima
1794 3322 1850 3362 et
1889 3326 2116 3377 corpore

536 3408 875 3451 constantem
927 3398 1143 3453 divisim
1194 3415 1257 3453 ac
1305 3415 1371 3453 ex
1424 3408 1579 3469 parte
1639 3412 1915 3459 ostensum
1978 3407 2114 3473 vult,

537 3492 746 3545 elit‘ensi
770 3491 939 3544 solam
972 3504 1188 3545 carnem
1219 3492 1458 3561 designet
1487 3511 1500 3559 ;
1534 3493 1629 3547 sed
1662 3503 1852 3550 totum.

612 3579 830 3634 XXXV.
907 3580 1107 3635 Scribit
1151 3581 1251 3634 hac
1290 3582 1357 3635 de
1413 3597 1471 3635 re
1504 3582 1831 3653 evangelista
1882 3583 2121 3641 Joannes

541 3686 804 3741 quoque:
847 3691 865 3723 ι
903 3672 1089 3736 Multa,
1125 3672 1219 3737 ait,
1268 3681 1323 3727 et
1362 3672 1468 3727 alia
1512 3674 1664 3744 signa
1708 3673 1836 3729 fecit
1875 3675 2035 3732 Iesus
2067 3679 2120 3734 in

542 3774 837 3831 conspectu
889 3763 1295 3833 discipulorum,
1332 3779 1454 3833 qua:
1498 3782 1602 3820 non
1643 3778 1771 3822 sunt
1812 3772 2011 3839 scripta
2070 3774 2121 3826 in

545 3856 685 3910 libro
724 3856 854 3909 hoc.
914 3854 1039 3910 limo
1098 3865 1280 3910 autem
1328 3859 1527 3927 scripta
1582 3868 1744 3926 sunt,
1793 3872 1857 3915 ut
1896 3864 2125 3918 credatis

546 3948 675 4016 quia
712 3946 870 4001 Jesus
897 3957 980 4000 est
1010 3948 1259 4003 Christus
1287 3948 1457 4002 Filius
1514 3948 1631 4015 Dei,
1663 3960 1717 4005 et
1747 3962 1807 4005 ut
1843 3956 2128 4009 credentes

549 4041 711 4092 vitam
743 4039 985 4093 habeatis
1015 4040 1070 4093 in
1110 4040 1326 4095 nomine
1350 4042 1553 4112 ejus”.
1583 4062 1602 4094 ι
1636 4043 1814 4113 Αέίιιιθ
1864 4046 2126 4103 admirari

548 4135 654 4189 hoc
685 4134 800 4188 loco
825 4142 881 4187 et
909 4134 1149 4188 divinum
1172 4149 1386 4203 quoque
1417 4134 1635 4207 Petrum
1662 4137 1787 4192 licet
1815 4153 1829 4190 :
1863 4138 1951 4195 hic
1983 4141 2127 4194 enim

548 4225 815 4293 intrepide
871 4226 1182 4295 diserthue
1211 4225 1429 4282 Iudaeos
1471 4229 1737 4299 ejusmodi
1770 4230 2014 4285 oratione
2044 4231 2130 4284 af-

551 4314 696 4367 fatur
726 4332 741 4370 :
783 4333 801 4365 ‹
842 4314 1118 4384 Principes
1151 4315 1353 4385 populi,
1387 4324 1443 4371 et
1469 4318 1738 4383 seniores,
1767 4323 1811 4374 si
1843 4335 1944 4375 nos
1972 4321 2132 4376 hodie

550 4405 913 4475 dijudicatnur
962 4410 1015 4462 in
1068 4407 1353 4465 benefacto
1397 4410 1634 4469 hominis
1681 4414 1902 4481 iniit-mi,
1936 4416 1990 4470 in
2028 4432 2132 4484 quo

2224 3228 2362 3297 ἡμᾶς
2395 3224 2701 3295 ἄνθρωπον,
2728 3219 2820 3273 τὸν
2842 3221 2905 3271 ὲκ
2933 3217 3108 3287 ψυχῆς
3147 3214 3211 3286 δὴ
3232 3213 3375 3266 λένω
3397 3212 3489 3265 καὶ
3518 3208 3791 3280 σώματκ,

2218 3320 2310 3371 καὶ
2344 3318 2450 3369 ἀπὸ
2476 3314 2642 3385 μόνης
2674 3309 2836 3365 αὐτοῦ
2862 3309 2962 3379 τῆς
2990 3306 3216 3373 σαρκός.

2293 3589 2415 3642 AE’.
2444 3586 2695 3655 Γέγραφε
2723 3582 2783 3637 δέ
2815 3598 2918 3634 που
2964 3580 3057 3634 καὶ
3079 3581 3108 3633 6
3145 3578 3307 3648 σοφὸς
3347 3575 3480 3646 ἡμῖν
3518 3570 3799 3640 Ἰωάννης,

2225 3682 2307 3735 ὅτι
2341 3700 2362 3731 ί
2392 3677 2572 3733 Πολλὰ
2621 3678 2717 3746 μὲν
2745 3670 2837 3728 οὖν
2861 3675 2955 3728 καὶ
2987 3672 3120 3727 ἄλλα
3145 3672 3345 3741 σημεῖα
3368 3667 3625 3737 ἐποίησεν
3653 3662 3803 3733 ὀἸηο

2228 3774 2353 3836 σοῦς
2385 3770 2613 3824 ἐνώπιον
2658 3768 2766 3821 τῶν
2816 3764 3075 3836 μαθητῶν
3115 3762 3302 3821 αὐτοῦ.
3340 3760 3374 3813 ὃ.
3409 3761 3508 3812 οὐκ
3550 3757 3668 3809 ἔστι
3704 3771 3804 3821 γε-

2226 3865 2519 3938 γραμμένα
2546 3865 2603 3915 ὲν
2633 3860 2709 3931 τῷ
2736 3859 2927 3930 βιϐλίῳ
2951 3858 3145 3927 τούτῳ.
3172 3854 3358 3909 Ταῦτα
3384 3852 3441 3904 δὲ
3465 3851 3801 3919 γέγραπται,

2229 3958 2317 4011 ἵνα
2349 3955 2699 4024 πιστεύσητε,
2725 3953 2808 4006 ὅτι
2848 3950 3055 4021 Ἰησοῦς
3102 3950 3248 4000 ἐστιν
3281 3946 3310 3997 6
3344 3942 3575 4014 Χριστὸς
3618 3942 3647 3992 6
3678 3939 3807 4001 Υἱὸς

2228 4049 2323 4104 τοῦ
2365 4049 2502 4103 Θεοῦ
2527 4090 2541 4114 ,
2590 4048 2687 4100 καί
2733 4046 2820 4098 ἵνα
2862 4042 3213 4101 πιστεύοντες
3248 4038 3395 4103 ζωὴν
3441 4036 3601 4104 ἔχητε
3635 4036 3691 4085 ἐν
3729 4030 3807 4099 τῷ

2230 4144 2453 4211 ὀνόματι
2485 4139 2674 4194 αὐτοῦ.
2701 4157 2719 4189 ι
2750 4133 3136 4203 Κατατεθήποι
3165 4131 3211 4183 δ’
3242 4132 3305 4185 ἄν
3330 4145 3416 4191 τις
3447 4128 3507 4180 ού
3541 4128 3691 4196 μεῖον
3714 4124 3809 4175 καὶ

2231 4237 2323 4289 τὸν
2369 4233 2654 4288 θεσπέσιον
2702 4229 2930 4298 Πέτρον,
2977 4224 3253 4286 Ἰουδαίοις
3302 4216 3811 4291 προσπετωνηκότιι

2236 4327 2423 4397 σαιρῶς
2462 4326 2558 4380 καὶ
2610 4321 2910 4392 ἀναφανδόν
2936 4336 2949 4349 ·
2987 4335 3007 4369 ι
3050 4318 3347 4386 ’Ἄρχοντες
3381 4312 3475 4365 τοῦ
3526 4310 3657 4364 λαοῦ
3715 4308 3812 4361 καὶ

2238 4416 2617 4489 πρεσϐύτεροι,
2672 4414 2721 4465 εἰ
2770 4412 2932 4481 ἡμεῖς
2982 4410 3227 4479 σήμερον
3275 4401 3682 4475 ἀνακρινόμεθα
3726 4401 3811 4453 ἐπ’

556 4500 657 4553 iste
688 4501 868 4555 salvus
908 4502 1083 4557 factus
1121 4515 1205 4560 est
1237 4520 1251 4557 :
1292 4488 1477 4561 notum
1511 4509 1865 4575 sitonmibus
1897 4511 2051 4565 vobis
2081 4528 2105 4566 ε

2238 4486 2527 4580 εύεργεσίᾳ
2570 4503 2856 4575 ἀνθρώπου
2904 4502 3182 4565 ἀσθενοῦς,
3207 4501 3265 4553 ἐν
3306 4498 3414 4551 τίνι
3442 4490 3598 4557 οὗτος
3644 4494 3816 4546 σέσωο

553 4592 700 4645 omui
731 4593 869 4661 plebi
904 4594 1087 4662 Israel,
1125 4598 1267 4667 quod
1294 4600 1347 4652 in
1387 4600 1606 4654 nomine
1632 4599 1758 4655 Jesu
1788 4601 1989 4657 Christi
2031 4601 2136 4657 Na-

556 4686 765 4751 zareni,
802 4702 963 4755 quem
996 4704 1092 4744 vos
1120 4691 1491 4755 cruciﬁxistis,
1522 4709 1684 4762 quem
1726 4694 1869 4748 Deus
1904 4697 2134 4750 suscita-

557 4777 637 4831 vit
670 4793 733 4832 ex
772 4781 1018 4846 mortuis,
1057 4780 1113 4834 in
1160 4781 1265 4836 hoc
1305 4783 1407 4836 iste
1450 4792 1591 4837 astat
1633 4798 1815 4839 coram
1861 4786 2011 4841 vobis
2044 4802 2134 4841 sa-

560 4885 665 4924 nus
690 4870 753 4925 ¹⁸.
790 4887 810 4923 ›
841 4872 903 4924 Et
924 4882 1043 4940 post
1066 4874 1166 4927 alia
1191 4889 1406 4928 rursum
1435 4893 1447 4928 :
1486 4893 1504 4926 ι
1536 4876 1603 4929 Ει
1635 4892 1740 4931 non
1769 4888 1850 4930 est
1877 4880 1929 4932 in
1952 4878 2134 4947 aliquo

562 4961 670 5016 alio
699 4964 865 5020 salus.
925 4965 1111 5035 Neque
1135 4969 1281 5021 enim
1316 4968 1461 5023 aliud
1500 4983 1692 5023 nomen
1726 4969 1832 5039 32
1862 4971 1961 5024 sub
2000 4971 2137 5026 corio

565 5055 749 5108 datum
782 5065 867 5111 est
906 5058 1233 5126 hominibus,
1285 5062 1337 5115 in
1386 5078 1493 5130 quo
1526 5072 1774 5139 oporteat
1816 5076 1912 5117 nos
1962 5064 2139 5118 salvos

569 5143 684 5199 ﬁeri
718 5147 780 5200 ”.
845 5166 863 5198 ›
911 5147 1127 5217 Ecquis,
1171 5154 1417 5217 obsecro,
1447 5166 1530 5209 est
1578 5154 1665 5208 ille
1703 5156 1793 5224 qui
1825 5166 1880 5209 et
1911 5165 2137 5211 mortem

569 5235 753 5303 subiit,
786 5247 837 5291 et
868 5254 989 5294 cum
1021 5241 1291 5313 triumpho
1322 5262 1350 5297 a
1386 5247 1613 5300 mortuis
1638 5249 1925 5313 excitatus,
1952 5256 2008 5303 et
2036 5246 2141 5301 Na-

652 5410 692 5480 7‘7'
719 5407 873 5463 Joan.
901 5429 976 5480 ιι,
1007 5414 1099 5470 9.5.
1170 5418 1211 5449 ”
1242 5417 1373 5473 ibid.
1400 5419 1490 5475 56.

581 5478 621 5511 "
650 5479 782 5537 ibid.
810 5483 892 5537 12.

2238 4618 2393 4655 σται·
2432 4598 2673 4668 γνωστὸν
2702 4596 2844 4649 ἔστω
2890 4597 3055 4649 πᾶσιν
3088 4595 3238 4663 ύμῖν,
3276 4592 3370 4645 καὶ
3406 4589 3568 4643 παντὶ
3588 4587 3674 4656 ’τῷ

2250 4693 2485 4764 Ἰσραὴλ,
2524 4693 2605 4745 ὅτι
2631 4694 2687 4744 ὲν
2712 4690 2788 4760 τῷ
2824 4690 3050 4758 ὀνόματι
3090 4683 3266 4755 Ἰησοῦ
3300 4681 3539 4755 Χριστοῦ
3560 4680 3660 4732 τοῦ
3700 4677 3787 4730 Na

2240 4786 2500 4857 ζωραίου,
2527 4783 2588 4836 ὃν
2622 4784 2778 4853 ὑμεῖς
2820 4779 3224 4849 ἐσταυρώσατε,
3251 4776 3310 4829 ὃν
3336 4775 3365 4826 6
3412 4773 3544 4834 Θεὸς
3590 4772 3817 4840 ἤγειρεν

2242 4879 2308 4931 ὲκ
2353 4876 2581 4946 νεκρῶν,
2635 4876 2692 4926 ὲν
2746 4872 2920 4939 τούτῳ
2964 4865 3118 4933 οὗτος
3178 4867 3524 4939 παρέστηκεν
3587 4862 3817 4914 ἐνώπιον

2242 4967 2395 5037 ὑμῶν
2420 4968 2632 5037 ὑγιής.»
2662 4965 2776 5018 Καὶ
2797 4964 2912 5034 μεθ’
2934 4963 3098 5033 ἕτερα
3128 4959 3290 5013 πάλιν
3314 4973 3328 4987 ⁸
3356 4976 3377 5007 ‹
3404 4956 3516 5008 Καὶ
3542 4955 3645 5007 οὐκ
3674 4951 3820 5004 ἐστιν

2242 5064 2298 5114 ἐν
2329 5061 2473 5130 ἄλλῳ
2502 5058 2682 5113 οὐδενὶ
2706 5061 2739 5128 ἡ
2785 5054 3027 5126 σωτηρία
3053 5070 3068 5086 ·
3102 5053 3222 5105 οὐδὲ
3268 5049 3377 5121 γὰρ
3407 5049 3598 5118 ἕτερον
3651 5043 3821 5114 ὄνομά

2240 5153 2389 5204 ἐστιν
2414 5150 2519 5204 ὑπὸ
2546 5150 2637 5203 τὸν
2664 5146 2893 5219 οὐρανὸν
2914 5146 2973 5198 τὺ
3003 5142 3286 5213 δεδομένον
3320 5143 3378 5194 ἐν
3402 5135 3733 5209 ἀνθρώποις,
3764 5138 3820 5187 ἐν

2242 5238 2289 5315 ᾧ
2322 5246 2402 5299 δεῖ
2437 5246 2675 5316 σωθῆναι
2701 5244 2866 5314 ἡμᾶς.
2908 5258 2927 5293 ι
2962 5239 3057 5301 Τίς
3090 5234 3182 5292 οὖν
3221 5236 3330 5309 ἄρα
3368 5233 3519 5288 ἐστὶν
3555 5235 3583 5286 ὁ
3607 5232 3700 5285 καὶ
3728 5228 3821 5284 θά-

1593 5420 1637 5452 ²³
1664 5422 1796 5477 ibid.
1835 5421 1926 5486 57,
1972 5423 2065 5478 58.

2230 5422 2387 5478 Joan.
2416 5436 2455 5489 ι,
2496 5420 2586 5475 18.
2653 5419 2698 5452 ³⁸
2739 5416 2897 5475 Joan.
2928 5432 3021 5485 xx,
3049 5414 3141 5485 '50,
3168 5414 3259 5470 5i.
3331 5410 3377 5446 “
3403 5410 3525 5467 Act.
3558 5423 3632 5474 tv,
3673 5403 3814 5461 8-10.

1680 5648 1856 5705 Variae
1892 5650 2146 5709 lectiones
2190 5651 2397 5709 codicis
2428 5647 2783 5722 Seguicriaui.

654 5788 698 5821 οι
725 5777 1092 5834 καταθεᾶσθαι
1122 5776 1330 5848 παρών.
1407 5786 1434 5817 ιι
1469 5782 1728 5852 παρόντα.
