4044 6332
501 392 640 452 1187

1542 388 1599 441 S.
1642 383 1919 442 CYRILIJ
1960 376 2431 437 ALEXANDRINI
2469 374 2789 433 ARCIIIEP.

3643 367 3787 425 H88

501 526 619 565 cem
652 506 779 564 fecit
800 522 949 573 eum,
975 505 1103 577 quia
1135 520 1240 561 non
1275 504 1448 561 credit
1477 505 1530 560 in
1559 506 1926 561 testimonium
1948 504 2092 574 quod

2202 500 2290 555 τοῦ
2321 499 2508 553 δούλου
2547 501 2752 571 μορφῇ,
2779 495 3085 568 μοναδικῶς
3115 494 3208 549 καὶ
3255 494 3438 556 ἰδικῶς
3474 491 3604 563 ἐμὸς
3646 492 3787 557 ἀλη-

502 600 824 655 testificatus
856 608 940 655 est
978 599 1125 655 Deus
1176 599 1244 654 de
1271 596 1409 652 Filio
1436 612 1540 652 suo
1562 599 1629 650 ³⁸.
1672 617 1689 647 ι
1746 596 2092 651 Testilicatus
2140 642 2146 650 .

500 700 586 741 est
616 701 797 744 autem
830 704 981 758 eum,
1015 689 1111 756 qui
1142 702 1307 744 carne
1335 688 1627 757 servilique
1661 686 1837 742 forma
1876 687 2092 740 indutus

500 782 773 848 apparuit,
808 782 987 847 unice,
1018 782 1239 851 proprie
1275 796 1340 835 ac
1369 795 1494 836 vere
1524 796 1684 836 suum
1715 795 1835 835 esse
1870 778 2088 833 Filium.

502 867 769 927 Praeterea
815 872 1085 927 illustrem
1117 872 1263 925 illam
1291 872 1435 926 sacri
1470 872 1812 942 baptismatis
1837 871 2089 940 gratiam,

502 977 734 1032 quaeque
778 964 877 1032 ipsi
916 966 1155 1019 cohaeret
1193 964 1635 1030 viviticationem,
1665 973 1720 1019 et
1751 964 1843 1017 Dei
1875 962 2094 1031 partici-

503 1055 772 1122 pationem
804 1045 901 1126 per
929 1055 1413 1110 sanctiﬁcationem
1449 1056 1501 1108 in
1534 1055 1739 1124 Spiritu
1785 1069 1881 1123 per
1905 1052 2091 1109 Jesutu

502 1144 775 1200 Christum
833 1146 990 1203 nobis
1049 1147 1353 1216 obtingere,
1423 1146 1713 1200 fatehinmr
1760 1146 2090 1201 necessario.

501 1236 845 1294 Meminimus
908 1239 1052 1294 enim
1106 1237 1368 1293 Joannem
1411 1238 1727 1293 dicentem:
1764 1255 1783 1289 ‹
1821 1235 1924 1302 Qui
1974 1246 2095 1307 post

500 1345 589 1384 me
631 1340 892 1385 venturus
941 1340 1045 1395 est,
1094 1329 1285 1385 fortior
1329 1346 1414 1385 me
1460 1340 1562 1393 est,
1605 1329 1762 1399 cujus
1820 1345 1925 1384 non
1972 1346 2092 1384 sum

501 1416 697 1484 dignus
752 1417 1118 1474 calceamenta
1168 1429 1435 1487 portare:
1488 1420 1591 1475 iste
1652 1434 1746 1474 vos
1802 1419 2097 1490 baptizabit

503 1507 712 1579 Spiritu
760 1521 948 1565 sancto
982 1522 1037 1566 et
1070 1512 1178 1580 igni
1210 1513 1278 1565 ³⁷.
1327 1530 1346 1564 ι
1400 1510 1519 1567 Jam
1564 1512 1654 1567 hic
1691 1519 1745 1567 te
1774 1513 2049 1582 interrogo
2078 1530 2092 1567 :

502 1620 631 1659 num
670 1603 875 1674 Spiritu
905 1613 1098 1658 sancto
1131 1614 1186 1658 et
1209 1604 1317 1672 igni
1356 1603 1640 1671 baptizare
1675 1620 1833 1674 posse
1864 1620 2001 1674 OpltS
2024 1606 2098 1659 sit

502 1696 676 1750 solius
707 1697 958 1751 humanae
992 1696 1239 1751 naturae?
1272 1696 1427 1763 Quis,
1455 1713 1662 1766 quzeso,
1687 1698 1833 1752 istud
1873 1698 2097 1752 credat?

499 1789 664 1858 Atqui
702 1789 878 1843 virum
912 1788 1063 1843 illum
1100 1789 1192 1858 qui
1230 1805 1355 1844 mox
1404 1789 1696 1843 adfuturus
1723 1804 1786 1844 ac
1832 1788 2097 1845 videndus

2194 592 2302 657 θῶς
2331 592 2477 656 116;.
2506 592 2617 645 Καὶ
2641 590 2810 662 αὐτὴν
2840 589 2898 642 δὲ
2928 589 3027 659 τὴν
3052 587 3140 642 διά
3166 588 3261 641 τοῦ
3288 586 3444 656 ἁγίου
3473 583 3787 651 βαπτίσμα-

2190 703 2283 749 τος
2315 684 2515 738 εὐκλεᾶ
2542 684 2722 754 χάριν,
2762 681 2859 736 καὶ
2903 682 3002 752 τὴν
3028 682 3084 735 ὲν
3115 679 3263 751 αὐτῷ
3309 677 3661 748 ζωοποίησιν,
3686 674 3786 726 καὶ

2192 777 2290 849 τὴν
2318 777 2455 831 Θεοῦ
2487 775 2706 847 μέθεξιν
2736 775 2803 827 δι’
2825 772 3103 843 ἁγιασμοῦ
3134 774 3191 825 ἐν
3219 769 3519 841 Πνεύματι,
3548 765 3636 820 διὰ
3676 766 3788 832 Ἰη-

2194 870 2289 924 σοῦ
2312 868 2552 941 Χριστοῦ
2581 866 2899 938 πεπρᾶχθαι
2920 864 3164 935 δώσομεν
3191 863 3525 932 ἀναγκαίως.
3549 860 3782 931 Μεμνή-

2198 962 2337 1033 μεθα
2361 963 2472 1032 γὰρ
2507 961 2754 1015 Ἰωάννου
2784 959 3036 1028 λέγοντος
3060 973 3074 987 °
3104 976 3123 1008 ί
3180 956 3238 1009 '0
3276 956 3453 1008 ὀπίσω
3493 971 3595 1025 μου
3626 950 3785 1022 ἐρχό-

2198 1072 2380 1125 μενος,
2406 1052 2756 1125 ίσχυρότερός
2784 1068 2888 1123 μου
2925 1051 3099 1116 ἐστὶν,
3130 1040 3191 1102 οῦ
3221 1048 3321 1101 οὐκ
3346 1046 3461 1117 εἰμὶ
3509 1044 3691 1107 ἱκανὸς
3714 1041 3782 1095 τὰ

2195 1148 2524 1218 ὑποδήματα
2544 1145 2833 1216 βαστάσαι⁹
2853 1146 3057 1206 ἐκεῖνος
3080 1143 3225 1213 ὑμᾶς
3247 1140 3502 1212 βαπτίσει
3523 1140 3579 1189 ἐν
3607 1135 3783 1189 Πνεῦ-

2198 1256 2329 1309 ματι
2365 1238 2505 1308 ἁγίῳ
2534 1239 2628 1292 καὶ
2656 1237 2842 1308 πυρί.)
2873 1232 3043 1307 τΑρα,
3072 1236 3196 1288 εἰπέ
3228 1251 3338 1303 μοι,
3368 1231 3469 1301 τῆς
3496 1230 3783 1301 καθ’ήμᾶς

2196 1330 2618 1403 ἀνθρωπότητος
2642 1328 2804 1401 ἔργον
2824 1327 2963 1382 εἷναί
2980 1344 3159 1398 φαμεν
3180 1326 3240 1380 τὸ
3262 1329 3319 1380 ἐν
3340 1324 3619 1395 Πνεῦματι
3644 1323 3784 1391 ἁγίῳ

2198 1421 2482 1492 βαπτίζειν
2510 1421 2772 1475 δύνασθαι
2804 1421 2900 1474 xai.
2928 1420 3062 1489 πυρί
3088 1437 3103 1485 ;
3143 1419 3255 1472 Καὶ
3281 1417 3401 1480 πῶς
3434 1416 3499 1471 ἂν
3522 1417 3603 1487 εἴη
3625 1416 3781 1467 τοῦτό

2196 1533 2296 1585 γε;
2347 1517 2458 1570 Kal.
2508 1515 2614 1587 μὴν
2663 1517 2833 1588 ἄνδρα
2878 1516 3053 1584 λέγων
3097 1514 3186 1567 τὸν
3230 1514 3355 1567 ὅσον
3396 1513 3609 1567 οὐδέπω
3641 1529 3781 1581 παρ-

2198 1610 2456 1680 εσόμενόν
2483 1626 2542 1662 τε
2565 1610 2657 1663 καὶ
2674 1608 3068 1679 ὀφθησόμενον,
3097 1608 3259 1661 αὐτὸν
3286 1607 3389 1676 ἔφη
3418 1604 3698 1676 βαπτίζειν
3725 1607 3780 1655 ἐν

2197 1702 2332 1770 πυρὶ
2365 1701 2458 1754 καὶ
2497 1700 2639 1769 ἁγίῳ
2670 1699 2968 1768 Πνεύματι,
2999 1698 3059 1750 οὐ
3108 1698 3168 1750 τὸ
3212 1696 3493 1765 ἀλλότριον
3539 1696 3652 1755 τοῖς
3685 1692 3781 1762 βα-

2200 1793 2542 1862 πτιζομένοις
2570 1790 2780 1844 ένιέντα
2805 1790 3030 1859 Πνεῦμα
3053 1788 3439 1859 δουλοπρεπῶς
3466 1789 3559 1840 καὶ
3589 1787 3783 1854 ὑπουρ-

500 1889 638 1944 erat,
669 1876 876 1949 Spiritu
902 1889 1094 1936 sancto
1118 1891 1172 1935 et
1207 1880 1331 1950 igne
1364 1881 1767 1948 baptizaturum
1801 1880 2093 1949 praedicat:

2202 1884 2393 1952 γικώς,
2421 1883 2536 1936 ἀλλ’
2571 1883 2646 1946 ὡς
2671 1882 2804 1936 Θεὸν
2857 1882 3001 1935 κατὰ
3034 1881 3197 1950 φύσιν
3236 1882 3356 1951 μετ’
3406 1879 3650 1945 ἐξουσίας
3682 1877 3782 1945 τῆς

501 1971 699 2041 quippe
725 1986 848 2026 cum
897 1973 1153 2027 immittat
1182 1971 1444 2042 Spiritum
1476 1971 1787 2038 baptizatis,
1824 1986 1929 2025 non
1964 1970 2096 2024 alie-

504 2078 658 2130 num,
690 2075 751 2118 ut
774 2079 965 2120 servus
998 2075 1051 2120 et
1090 2066 1354 2127 minister,
1393 2064 1485 2118 sed
1520 2074 1578 2117 ut
1608 2062 1752 2117 Deus
1789 2062 2094 2117 secundum

503 2168 750 2214 naturam
798 2172 923 2211 cum
961 2172 1171 2211 summa
1219 2165 1484 2225 potestate
1508 2165 1560 2208 et
1591 2156 1918 2209 auctoritate
1970 2171 2093 2209 eum

506 2252 598 2320 qui
662 2266 729 2305 ex
784 2250 877 2305 illo
908 2261 991 2305 est
1045 2260 1101 2304 et
1158 2250 1327 2318 ipsius
1364 2256 1449 2303 est
1479 2249 1751 2318 pr0prius.
1816 2247 1919 2302 Per
1954 2249 2097 2302 hunc

502 2358 723 2414 quoque
757 2343 974 2397 divinus
1009 2343 1296 2396 character
1325 2341 1482 2394 nobis
1522 2340 1890 2408 imprimitur;
1926 2340 2096 2395 refor-

503 2447 721 2486 matnur
748 2431 894 2485 enim
921 2431 974 2484 in
1014 2430 1295 2486 Christum
1326 2426 1534 2495 Jesum,
1568 2428 1734 2481 veluti
1772 2431 1825 2481 in
1856 2429 2092 2483 divinam

504 2524 796 2591 quamdam
824 2522 1117 2591 imaginem
1150 2537 1165 2575 :
1204 2535 1310 2574 nou
1334 2521 1478 2590 quod
1514 2534 1830 2588 corpoream
1861 2519 2097 2588 aliquam

504 2614 1005 2669 conformationem
1054 2614 1344 2668 subeamus
1384 2612 1573 2682 (istud
1615 2626 1852 2680 namque
1885 2614 2096 2683 Opinari

502 2706 749 2776 desipere
777 2707 990 2779 esset);
1020 2707 1111 2761 sed
1160 2706 1303 2775 quod
1335 2705 1572 2775 Spiritus
1601 2706 1773 2759 sancti
1803 2707 2097 2775 participes

504 2798 703 2863 effecti,
744 2800 919 2869 ipsum
946 2799 998 2853 in
1027 2798 1184 2852 nobis
1226 2796 1511 2852 Christum
1568 2797 1886 2861 habeamus,
1926 2797 1999 2851 ita
2040 2807 2101 2852 ut

2201 1975 2465 2029 ἀνωτάτω
2494 1975 2553 2027 τὸ
2585 1974 2644 2039 ἐξ
2687 1972 2854 2028 αὐτοῦ
2888 1992 2946 2026 τε
2986 1974 3080 2027 καὶ
3113 1974 3245 2026 ἴδιον
3273 1971 3435 2026 αὑτοῦ
3460 1989 3472 2002 ·
3504 1972 3573 2025 δι’
3600 1963 3660 2023 οῦ
3692 1971 3784 2022 καὶ

2202 2069 2229 2119 ὁ
2269 2068 2410 2130 θεῖος
2457 2068 2589 2137 ἡμῖν
2636 2066 3029 2136 ἐνσημαίνεται
3063 2067 3373 2138 χαρακτήρ.
3413 2065 3783 2135 Ἀναμορφού-

2208 2159 2347 2228 μεθα
2377 2159 2507 2230 γάρ,
2532 2159 2608 2222 ὡς
2632 2160 2714 2222 εἰς
2741 2157 2925 2211 εἰκόνα
2956 2159 3054 2229 τὴν
3085 2158 3254 2224 Θείαν,
3290 2160 3371 2221 εἰς
3399 2158 3631 2229 Χριστὸν
3677 2158 3783 2226 Ἰη-

2206 2250 2354 2314 σοῦν,
2420 2252 2479 2303 οὐ
2534 2252 2848 2322 σωματικὸν
2896 2252 3260 2322 ὑπομένοντες
3297 2251 3388 2304 τὸν
3432 2251 3785 2320 ἀναπλασμὸν

2204 2342 2421 2414 (κομιδῇ
2438 2344 2546 2415 γὰρ
2564 2343 2758 2413 εὔηθες
2789 2342 2999 2397 οἴεσθαι
3022 2341 3226 2413 ταυτὶ),
3242 2342 3330 2395 διὰ
3352 2342 3408 2395 δὲ
3435 2341 3528 2394 τοῦ
3560 2341 3785 2412 μεταλαο

2201 2437 2317 2504 χεῖν
2348 2434 2503 2502 ἀγὶου
2530 2435 2868 2506 Πνεῦμα-σος,
2901 2435 3064 2488 αὐτὸν
3099 2436 3157 2487 ἐν
3190 2436 3404 2497 ἑαυτοῖς
3430 2433 3785 2496 πλουτοῦντες

2200 2526 2466 2595 Χριστόν·
2506 2526 2578 2590 ὡς
2608 2526 2707 2597 ἤδη
2740 2527 3029 2598 χαίροντας
3054 2528 3231 2581 ἐκεῖνο
3266 2530 3462 2597 φωνεῖν
3483 2545 3497 2557 '
3531 2546 3549 2579 ι
3594 2528 3787 2595 Ἀγαλ-

2201 2617 2407 2671 λιάσθω
2433 2619 2464 2688 ή
2493 2619 2637 2689 ψυχὴ
2690 2636 2795 2689 μου
2830 2619 2922 2672 ἐπὶ
2960 2618 3037 2689 τῷ
3065 2619 3253 2690 Κυρίῳ
3274 2636 3287 2648 ⁸
3332 2619 3548 2672 ἐνέδυσε
3579 2618 3688 2687 γάρ
3720 2636 3784 2688 με

2206 2708 2421 2779 ἱμάτιον
2452 2709 2742 2779 σωτηρίου,
2773 2712 2866 2764 καὶ
2910 2711 3115 2781 χιτῶνα
3151 2711 3510 2783 εὐφροσύνης.
3533 2742 3604 2750 ——
3630 2711 3786 2764 Ὅσοι

2204 2801 2313 2870 γὰρ
2336 2804 2415 2865 εἰς
2443 2802 2677 2875 Χριστὸν
2701 2803 3087 2875 ἐϐαπτίσθητε,
3124 2806 3359 2876 Χριστὸν
3383 2805 3723 2859 ἐνεδύσασθε.
3761 2824 3779 2856 ι

500 2891 612 2960 jam
659 2892 788 2947 illud
855 2893 1229 2961 propheticum
1271 2890 1596 2945 laetabundis
1646 2899 1872 2945 cantare
1915 2890 2076 2965 liceat
2117 2910 2131 2946 :
2180 2912 2196 2945 ι
2239 2895 2484 2950 Exsultet
2531 2896 2712 2951 anima
2746 2913 2865 2953 mea
2922 2898 2975 2951 in
3011 2900 3277 2953 Domino:
3311 2900 3483 2955 induit
3514 2900 3655 2955 enim
3701 2914 3787 2952 me

504 2984 707 3037 amictu
746 2983 960 3048 salutis,
988 2982 1237 3050 stolaque
1278 2980 1474 3035 laatitire
1503 2982 1643 3034 ²⁸.-
1667 2980 1994 3050 Quicunque
2053 2982 2198 3037 enim
2250 2984 2304 3038 in
2340 2985 2559 3041 Christo
2592 2987 2846 3057 baptizati
2875 2988 3029 3052 estis,
3062 2989 3341 3045 Christum
3383 2991 3631 3047 induistis
3656 2995 3725 3046 ²⁹.
3763 3005 3782 3037 ι

575 3076 841 3134 XXXVII.
881 3078 1037 3145 Quod
1078 3078 1120 3132 si
1151 3077 1275 3146 quis
1303 3075 1533 3131 ulterius
1576 3078 1916 3147 interroget:
1956 3075 2094 3131 Num

2274 3078 2395 3133 AZ'.
2430 3080 2491 3132 Ei
2525 3080 2582 3133 δὲ
2604 3081 2666 3152 δή
2696 3098 2780 3147 τις
2809 3078 3254 3153 ἔροιτονπροσιών
3279 3100 3292 3114 ο
3315 3079 3441 3155 τΑρ*
3472 3080 3564 3138 οὖν
3594 3088 3673 3149 εἰς
3694 3090 3789 3142 ἆν-

505 3186 635 3243 ergo
661 3172 714 3225 in
739 3170 1010 3226 hominem
1057 3167 1319 3237 baptizati
1365 3170 1604 3222 smnus?
1650 3169 1714 3223 Et
1743 3170 1844 3223 hoc
1886 3169 2097 3223 inficia-

2205 3169 2423 3241 θρωπον
2447 3171 2858 3243 βεϐαπτίσμεθα
2884 3192 2897 3240 ;
2924 3175 3035 3226 Καὶ
3058 3175 3217 3228 τοῦτο
3240 3171 3380 3229 εἶναι
3399 3178 3639 3247 φήσομεν
3662 3180 3793 3249 ἀλή-

505 3266 608 3321 hor
662 3264 905 3317 minime.
963 3260 1072 3333 34
1141 3261 1247 3315 Sed
1292 3261 1395 3315 hoc
1455 3278 1484 3313 a
1551 3262 1707 3317 nobis
1774 3277 2096 3331 responsum

506 3358 694 3413 audiet
757 3375 770 3411 :
827 3358 977 3410 Heus
1046 3366 1136 3419 tu,
1201 3356 1449 3424 quisquis
1491 3370 1582 3419 es,
1652 3356 1781 3425 quid
1857 3356 2101 3411 moliris?

509 3453 654 3505 itane
710 3464 927 3504 onmem
992 3462 1143 3517 spem
1210 3448 1261 3501 in
1317 3457 1516 3502 terram
1566 3447 1854 3502 detrahis?
1914 3448 2098 3517 Bapti-

510 3543 619 3598 tatl
661 3556 792 3597 sane
844 3555 1033 3594 sumus
1075 3554 1177 3592 non
1234 3539 1285 3592 in
1327 3539 1594 3592 hominem
1636 3539 1975 3607 simpliciter,
2012 3554 2103 3593 ve-

512 3651 634 3691 rum
654 3636 705 3689 in
726 3633 897 3688 Deum
918 3632 1190 3686 hominem
1212 3630 1542 3700 factum,qni
1564 3645 1770 3699 poenas.
1789 3642 2101 3701 veteresque

512 3741 682 3781 noxas
716 3725 783 3779 iis
803 3725 895 3793 qui
922 3723 1079 3777 fidem
1106 3722 1158 3775 in
1185 3722 1330 3776 illum
1379 3720 1853 3791 praestolabantur,
1879 3721 1961 3776 vel
2002 3738 2100 3791 po-

514 3821 621 3873 tius
659 3814 921 3886 complexi
969 3820 1118 3879 sunt,
1149 3813 1394 3867 remittit.
1456 3811 1604 3867 Unde
1643 3801 1879 3866 divinus.
1904 3810 2102 3867 Petrus

510 3909 726 3964 Iudaeos
755 3909 831 3962 ita
857 3907 1153 3976 alloquitur
1178 3924 1191 3960 :
1233 3925 1251 3957 ι
1283 3904 1667 3959 Paenitentiam
1696 3906 1857 3974 agite,
1885 3916 1940 3959 et
1968 3905 2099 3974 bap-

515 4004 711 4056 tizetur
736 3999 1114 4067 unusquisque
1142 4006 1385 4051 vestrum
1419 3997 1471 4050 in
1502 3998 1725 4052 nomine
1746 3994 1874 4051 Jesu
1900 3996 2101 4052 Christi

514 4093 567 4147 in
600 4091 971 4146 remissionem
1008 4098 1354 4158 peccatorum
1396 4098 1746 4153 vestrorum;
1782 4099 1836 4143 et
1868 4089 2103 4157 accipie-

515 4188 585 4239 tis
614 4185 814 4239 donum
854 4181 1089 4251 Spiritus
1118 4180 1290 4235 sancti
1315 4179 1380 4233 ³ο.
1428 4197 1447 4231 δ
1498 4179 1724 4234 Peccata
1762 4195 1997 4249 namque
2035 4181 2103 4236 iis

514 4278 606 4340 qni
642 4276 718 4330 illi
757 4275 1056 4339 adhaerent,
1110 4272 1446 4336 condonans,
1487 4286 1584 4326 suo
1628 4287 1754 4326 mox
1811 4272 1963 4341 ungit
2007 4286 2101 4328 eos

513 4372 731 4442 spiritu,
772 4383 934 4440 quem
968 4366 1186 4437 quidem
1226 4376 1287 4419 ut
1316 4364 1408 4419 Dei
1458 4363 1635 4420 Patris
1690 4365 1929 4420 Verbum
1990 4366 2103 4434 ipse

515 4464 782 4528 incanuit,
811 4473 865 4516 et
888 4476 953 4516 ex
979 4460 1194 4531 propria
1227 4468 1422 4512 natura
1464 4457 1517 4511 in
1552 4474 1651 4513 nos
1679 4460 1835 4527 quasi
1859 4475 1924 4512 ex
1954 4458 2102 4512 fonte

2204 3265 2353 3319 θειαν
2381 3276 2428 3330 ⁸,
2462 3267 2557 3319 καὶ
2587 3267 2725 3339 πρὸς
2754 3267 2911 3338 ἡμῶν
2930 3268 3320 3322 ἀντακούσεται
3345 3288 3357 3299 ·
3390 3272 3661 3342 Εὐφήμει,
3694 3274 3787 3326 ἆν-

2203 3358 2389 3429 θρωπε
2411 3374 2426 3388 °
2467 3360 2520 3411 τί
2568 3359 2723 3431 δρᾷς,
2753 3354 2798 3413 ὦ
2838 3352 3013 3423 οὗτος,
3049 3361 3431 3432 κατακομίζων
3470 3366 3486 3398 ί
3516 3364 3675 3435 ἡμῶν
3710 3368 3790 3429 εἰς

2201 3452 2305 3523 γῆν
2335 3451 2436 3522 τὴν
2468 3452 2694 3514 ὲλπίδα;
2725 3452 3149 3523 Βεῦαπτίσμεθα
3194 3455 3302 3525 γὰρ
3334 3456 3433 3507 οὐκ
3460 3457 3537 3519 είς
3580 3456 3792 3527 ἄνθρω-

2204 3560 2302 3595 πον
2324 3543 2528 3607 ἁπλῶς,
2550 3543 2666 3597 ἀλλ’
2688 3544 2766 3607 εἰς
2785 3544 2916 3597 Θεὸν
2942 3545 3424 3616 ὲνηνθρωπηκὸτα,
3450 3550 3545 3601 καὶ
3569 3549 3788 3602 ἀνιέντα

2203 3632 2395 3702 ποινῆς
2421 3640 2471 3696 ιι,
2511 3632 2610 3686 καὶ
2634 3632 2741 3686 τῶν
2769 3633 3015 3703 ἀρχαίων
3047 3635 3390 3704 αίτιαμάτων
3428 3636 3553 3699 τοὺς
3581 3637 3679 3707 τὴν
3709 3639 3791 3701 εἰς

2203 3723 2365 3777 αὐτὸν
2396 3723 2579 3778 πίστιν
2608 3724 3029 3795 ὲκδεδεγμένους
3060 3736 3109 3789 ν,
3137 3725 3339 3797 μᾶλλον
3361 3726 3415 3780 δὲ
3444 3728 3791 3798 είσδεδεγμέ-

2203 3833 2351 3884 νους·
2382 3816 2475 3870 καὶ
2497 3816 2626 3885 γοῦν
2648 3817 2676 3867 ὁ
2704 3816 2989 3879 θεσπέσιος
3016 3818 3221 3889 Πέτρος
3254 3818 3526 3881 Ἰουδαίοις
3552 3820 3794 3890 προσλα-

2203 3910 2311 3962 λῶν
2329 3910 2431 3979 ἔφη
2450 3926 2463 3939 ο
2492 3928 2509 3961 t
2535 3911 2923 3981 Μετανοήσατε
2946 3907 3058 3977 οῦν,
3080 3913 3172 3965 καὶ
3196 3912 3547 3983 βαπτισθήτω
3562 3913 3792 3978 ἕκαστος

2205 3999 2359 4071 ὑμῶν
2410 4000 2505 4053 ἐπὶ
2560 4000 2638 4071 τῷ
2692 4001 2919 4071 ὀνόματι
2966 4000 3142 4071 Ἰησοῦ
3186 4000 3422 4071 Χριστοῦ
3470 4003 3549 4064 εἰς
3593 4002 3791 4071 ἄφεσιν

2206 4092 2489 4163 ἁμαρτιῶν
2524 4092 2707 4164 ὑμῶν’
2744 4094 2839 4146 καὶ
2861 4093 3095 4164 λήψεσθε
3129 4093 3228 4165 τὴν
3261 4093 3470 4165 δωρεάν
3503 4093 3596 4146 τοῦ
3628 4094 3788 4161 ἁγίου

2204 4183 2544 4254 Πνεύματος.
2591 4203 2611 4237 ι
2665 4183 2941 4237 Ἀπολύων
2992 4183 3098 4256 γὰρ
3155 4184 3432 4255 ἁμαρτίας
3495 4184 3587 4236 τὸν
3637 4185 3791 4254 αὐτῷ

2205 4275 2626 4348 προσκείμενον,
2664 4273 2742 4346 τῷ
2767 4274 2882 4346 ίδίῳ
2918 4276 3101 4329 λοιπὸν
3140 4275 3425 4345 καταχρίει
3466 4274 3744 4345 Πνεῦματι
3770 4316 3788 4340 ,

2204 4367 2341 4437 ὅπερ
2374 4367 2551 4437 ἐνίησι
2600 4366 2699 4437 μὲν
2728 4366 2913 4432 αὐτὸς,
2941 4367 3015 4429 ὡς
3055 4368 3119 4418 ἐκ
3163 4365 3296 4419 Θεοῦ
3329 4366 3547 4436 Πατρὺς
3593 4368 3791 4435 Λόγος.

2204 4459 2299 4511 καὶ
2349 4457 2411 4523 ἐξ
2458 4458 2596 4521 ἰδίας
2640 4460 2772 4529 ἡμῖν
2824 4457 3171 4529 ἀναπηγάζει
3211 4458 3445 4526 φύσεως.
3498 4459 3693 4511 Κοινὸν
3732 4459 3793 4513 δὲ

514 4557 750 4627 quodam
790 4553 1118 4609 transfundit
1158 4570 1171 4605 :
1212 4552 1515 4621 quinetiam
1555 4550 1813 4605 facultate
1844 4551 1942 4605 hac
1987 4565 2098 4618 pro-

2207 4546 2396 4617 ὥσπερ
2442 4547 2504 4599 τὸ
2552 4546 2743 4618 χρῆμα
2770 4546 2941 4609 τιθεὶς
2981 4548 3047 4615 τῇ
3082 4545 3220 4616 μετά
3257 4544 3459 4615 σαρκὸς
3507 4545 3794 4615 οἰκονομίᾳ.

516 4662 634 4719 pter
702 4647 956 4701 unionem
995 4656 1050 4700 et
1092 4644 1486 4700 incarnationis
1537 4643 1923 4709 oeconomiam,
1972 4659 2095 4697 cum

517 4742 735 4797 homine
758 4740 1178 4803 communicata,
1203 4737 1561 4806 corporaliter
1592 4750 1811 4805 quoque
1842 4744 1903 4788 ut
1938 4734 2099 4790 homo

518 4832 852 4903 inspirabat;
893 4828 1186 4884 insulllavit
1239 4827 1385 4881 enim
1436 4826 1490 4881 in
1538 4835 1756 4881 sanctos
1805 4824 2099 4895 apostolos,

516 4927 731 4979 dicens:
757 4942 775 4975 ‹
795 4921 1039 4990 Accipite
1061 4918 1325 4988 Spiritum
1342 4926 1591 4972 sanctum
1610 4916 1674 4968 ³⁸.
1703 4934 1721 4966 ι
1750 4914 1856 4971 Sed
1881 4932 1900 4967 ι
1927 4929 2102 4984 neque

513 5034 582 5072 ex
608 5030 863 5072 mensura
905 5015 997 5068 dat
1031 5011 1315 5082 Spiritum,
1348 5030 1367 5064 ι
1396 5010 1553 5078 juxta
1580 5007 1805 5064 Joannis
1826 5023 2009 5061 vocem
2030 5006 2100 5072 3’,

517 5110 609 5163 sed
642 5124 708 5163 ex
744 5123 806 5162 se
862 5121 967 5160 non
1017 5119 1178 5160 secus
1209 5118 1272 5157 ac
1314 5101 1478 5156 Pater
1533 5101 1784 5155 eumdem
1849 5097 2101 5153 infundit.

525 5204 674 5258 Unde
714 5216 942 5271 magnus
964 5199 1053 5253 ille
1071 5198 1274 5254 Paulus
1299 5206 1465 5251 totam
1492 5195 1635 5250 hanc
1663 5193 2099 5251 controversiam

517 5314 548 5350 e
579 5294 755 5349 medio
779 5294 990 5356 tollens,
1034 5291 1193 5346 modo
1233 5289 1495 5359 Spiritum
1536 5289 1643 5342 Deo
1667 5298 1722 5342 et
1750 5287 1920 5352 Patri,
1946 5286 2104 5341 modo

523 5402 737 5440 rursum
781 5385 882 5455 ipsi
921 5382 1057 5438 Filio
1093 5381 1304 5437 tribuit.
1356 5379 1448 5436 Sic
1486 5381 1629 5435 enim
1668 5380 1895 5435 scribit:
1931 5396 1950 5429 ‹
1996 5376 2104 5432 Vos

2203 4640 2292 4695 διὰ
2317 4639 2416 4711 τὴν
2462 4639 2678 4703 ἕνωσιν,
2717 4640 2813 4693 καὶ
2853 4639 2929 4702 ὡς
2962 4639 3250 4710 ἄνθρωπος
3302 4637 3515 4691 ἐνέπνει
3549 4654 3799 4707 σωματι-

2208 4733 2352 4797 κῶς⁸
2388 4731 2690 4804 ἐνεφύσησε
2719 4732 2827 4804 γὰρ
2857 4734 2970 4796 τοῖς
3003 4731 3177 4800 ἁγίοις
3202 4730 3541 4792 ἀποστόλοις,
3582 4730 3753 4783 εἰπών
3776 4748 3795 4765 ·

2214 4846 2233 4879 ‹
2267 4826 2475 4881 Λάϐετε
2522 4825 2748 4897 Πνεῦμα
2777 4827 2954 4895 ἅγιον.
2998 4843 3015 4875 ι
3047 4825 3157 4878 Καὶ
3191 4842 3209 4875 ι
3239 4824 3340 4877 οὐκ
3380 4826 3446 4877 ὲκ
3479 4824 3678 4894 μέτρου
3709 4823 3800 4875 δί-

2205 4919 2359 4985 δωσι,
2390 4937 2408 4970 ι
2461 4917 2601 4972 κατὰ
2630 4916 2729 4989 τὴν
2770 4917 3020 4971 Ἰωάννου
3047 4917 3251 4987 φωνὴν,
3282 4916 3343 4968 τὸ
3376 4914 3623 4985 Πνεῦμα,
3673 4914 3801 4968 ἀλλ’

2208 5010 2368 5075 αὐτὸς
2393 5010 2600 5081 ἐνίησιν
2629 5009 2688 5074 ἐξ
2714 5008 2932 5074 ἑαυτοῦ,
2970 5009 3224 5079 καθάπερ
3270 5007 3464 5077 ἀμέλει
3499 5008 3593 5059 καὶ
3620 5008 3649 5058 ὁ
3678 5006 3803 5057 Ila.-

2210 5104 2336 5173 τήρ.
2366 5103 2477 5155 Καὶ
2500 5101 2628 5170 γοῦν
2652 5104 2680 5155 ὁ
2725 5101 3012 5164 θεσπέσιος
3044 5099 3275 5162 Παῦλος,
3312 5099 3439 5169 ὃλην
3480 5098 3808 5169 ἀποστήσας

2210 5193 2309 5264 τὴν
2332 5192 2388 5246 ἐν
2419 5210 2483 5261 γε
2508 5192 2683 5263 τούτῳ
2710 5192 2997 5265 διαφορὰν,
3029 5191 3161 5244 ποτὲ
3198 5192 3297 5261 μὲν
3325 5190 3474 5260 αὑτῷ
3515 5203 3539 5229 ι
3570 5189 3649 5259 τῷ
3675 5188 3809 5260 Θεῷ

2212 5285 2307 5339 καὶ
2349 5286 2527 5356 Πατρὶ
2579 5283 2903 5354 προσνέμων
2939 5285 3154 5354 ὁρᾶται,
3182 5283 3312 5336 ποτε
3353 5283 3398 5335 δ’
3437 5277 3502 5334 αῦ
3530 5280 3609 5351 τῷ
3660 5282 3806 5351 Υξῷ.

2211 5376 2420 5449 Γράφει
2467 5375 2574 5448 γὰρ
2611 5370 2746 5431 ὧδε·
2787 5394 2806 5428 t
2856 5376 3043 5447 Ὑμεῖς
3090 5375 3147 5428 δὲ
3191 5375 3292 5428 οὐκ
3340 5374 3463 5426 ἔστε
3515 5376 3573 5426 ἐν
3607 5378 3813 5453 capiet.

588 5537 857 5595 “Noun.
894 5553 946 5607 ν,
978 5538 1032 5604 9,
1066 5539 1153 5593 10.
1230 5538 1273 5569 ³⁷
1311 5536 1502 5592 Matth.
1533 5551 1616 5603 ιιι,
1656 5537 1742 5591 ll.
1787 5535 1831 5565 ²⁸
1860 5533 2004 5588 Psal.
2030 5549 2098 5587 xx

2202 5575 2215 5597 ,
2240 5532 2294 5588 9.
2337 5534 2382 5565 "
2407 5532 2584 5588 Galat.
2614 5549 2697 5601 ιιι,
2720 5532 2810 5588 27.
2860 5532 2905 5564 '°
2941 5532 3066 5587 Act.
3099 5548 3159 5597 ιι,
3190 5530 3281 5587 28.
3324 5531 3367 5564 ³¹
3395 5530 3549 5588 Joan.
3578 5546 3670 5594 xx,
3699 5530 3808 5587 29..

1616 5693 1789 5749 Varia:
1819 5693 2077 5748 lectiones
2130 5690 2334 5748 codicis
2366 5690 2728 5763 Seguieriani.

595 5842 621 5876 ³
656 5837 878 5909 ἀληθές.
961 5840 977 5875 ι
1010 5835 1413 5907 κατακομίζεις.
1494 5848 1515 5873 υ
1551 5832 1767 5887 ποινῶν.

961 5840 977 5875 ι
1010 5835 1413 5907 κατακομίζεις.

1850 5840 1869 5867 ν
1910 5829 2354 5901 ετςδεδεγμένους
2385 5829 2746 5905 absquealits
2781 5828 2983 5886 verbis.

3070 5839 3093 5867 ι
3122 5822 3275 5879 αὐτό.
