4044 6332
275 353 403 410 1189

1231 349 1317 404 οε
1358 345 1584 401 suam
1624 340 1783 399 FIDE
1821 294 1914 395 AI)
1951 336 2402 394 THEODOSIUM
2440 336 2580 394 IMP.

3397 339 3536 394 1190

273 478 378 533 ἀλλ’
427 480 486 531 ἐν
519 474 830 548 Πνεύματι,
875 473 1032 544 εἴπερ
1079 472 1306 542 Πνεῦμα
1353 468 1491 523 Θεοῦ
1541 466 1741 521 ἐνοικεῖ
1786 465 1844 516 ἐν

1970 469 2129 513 mtem
2171 460 2224 513 in
2264 473 2429 513 carne
2451 475 2556 513 non
2590 458 2744 523 estis,
2786 459 2878 513 sed
2909 459 2961 513 in
2998 459 3199 530 Spiritu
3233 476 3248 514 :
3280 461 3326 515 si
3354 471 3535 518 tamen

275 572 412 641 ὑμῖν.
451 568 518 622 Εἴ
543 587 626 632 τις
653 569 710 622 δὲ
739 566 964 636 Πνεῦμα
992 563 1230 634 Χριστοῦ
1257 563 1358 616 ούκ
1391 561 1526 632 ἔχει,
1561 552 1717 622 οὗτος
1747 559 1847 611 οὐκ

274 663 411 717 ἐστιν
446 659 609 714 αὐτοῦ
636 675 649 688 ’
693 661 741 711 εἰ
791 659 848 711 δὲ
889 655 1126 727 Χριστὸς
1155 657 1212 707 ὲν
1260 655 1410 726 ὑμῖν,
1447 652 1507 706 τὸ
1539 651 1638 722 μὲν
1686 649 1847 720 σῶμα

275 753 460 821 νεκρὸν
489 752 580 805 διὰ
616 749 912 822 ἁμαρτίαν,
947 749 1008 802 τὸ
1045 748 1102 802 δὲ
1133 745 1352 816 πνεῦμα
1385 743 1494 808 ζῶν
1534 743 1622 797 διὰ
1644 742 1851 796 δικαιο-

275 845 454 917 σύνην.
497 864 515 898 ι
566 846 803 916 ’Δραρεν
833 839 950 908 οὖν,
980 843 1060 897 ὅτι
1092 842 1186 895 καὶ
1225 841 1357 896 ἴδιόν
1392 841 1509 892 ἐστι
1537 838 1598 891 τὸ
1625 834 1850 905 Πνεῦμα

273 937 360 991 τοῦ
399 936 552 998 Υἱοῦ,
586 937 679 989 καὶ
701 935 817 989 οὔτι
851 952 951 988 που
992 934 1152 1005 μόνον
1245 933 1416 1001 Λόγος
1443 931 1559 984 ἐστὶ
1591 925 1850 1000 πεφηνὼς

275 1033 334 1084 ὲκ
366 1031 601 1102 Πατρὸς,
643 1031 758 1084 ἀλλ’
786 1032 834 1084 εἰ
875 1031 971 1084 καὶ
1005 1032 1178 1082 νοοῖτο
1216 1027 1338 1082 καθ’
1377 1028 1527 1098 ἡμᾶς
1562 1026 1851 1095 ἄνθρωπος

275 1123 529 1193 γεγονὼς,
557 1123 618 1175 ού
647 1123 758 1175 τῶν
784 1123 881 1193 τῆς
908 1121 1163 1201 Θεότητος
1194 1121 1501 1190 ἰδιωμάτων
1533 1119 1609 1182 ὼς
1640 1121 1697 1172 ἐν
1745 1117 1852 1187 ἰδίᾳ.

276 1217 430 1285 φύσει
465 1215 803 1286 λειπόμενος.
841 1215 949 1268 Καὶ
991 1214 1118 1284 γοῦν
1149 1214 1310 1276 αὐτὸς
1352 1211 1671 1282 ὑπάρχωνὴ
1712 1210 1850 1262 πάν-

276 1325 378 1360 των
417 1306 552 1377 ζωὴ,
580 1305 668 1359 διὰ
714 1306 813 1376 τὴν
861 1306 927 1360 ἐκ
963 1305 1059 1358 τοῦ
1107 1304 1310 1368 ζῶντος
1353 1303 1569 1373 Πατρὺς
1613 1301 1853 1371 ἄρρητον

277 1400 547 1470 γέννησιν,
577 1399 957 1464 ζωοποιείσθαι
987 1399 1206 1466 λέγεται
1243 1397 1364 1468 μεθ’
1408 1394 1584 1466 ἡμῶν.
1621 1393 1777 1462 Πάρα
1805 1391 1850 1444 δ’

278 1487 364 1544 οὖν
389 1492 536 1563 ὅμως
584 1491 710 1544 ἰδεῖν
739 1489 1098 1561 χαριζόμενον
1134 1488 1232 1558 μὲν
1279 1489 1346 1558 τῇ
1395 1486 1500 1556 ἰδίᾳ
1543 1484 1710 1554 σαρκὶ
1757 1482 1855 1553 τῆς

280 1583 613 1656 θεοπρεποῦς
642 1583 925 1653 ἐνεργείας
963 1581 1062 1652 τὴν
1099 1580 1278 1646 δόξαν,
1307 1577 1680 1647 οἰκειούμενον
1719 1575 1764 1628 δ’
1785 1568 1852 1627 αὖ

278 1680 373 1748 τὴν
404 1679 578 1750 σάρκα
607 1685 656 1738 γ,
690 1677 783 1728 καὶ
815 1673 975 1727 οἱονεί
1009 1691 1127 1736 πως
1169 1671 1292 1725 καθ’
1338 1671 1531 1724 ἕνωσιν
1579 1671 1855 1737 οἰκονομι-

281 1769 400 1841 κὴν,
433 1768 528 1821 καὶ
558 1769 624 1837 τῇ
660 1766 766 1837 ἰδίᾳ
799 1762 1144 1835 περιτιθέντα
1174 1762 1356 1831 φύσει.

349 2019 478 2071 AH'.
524 2018 594 2069 Ἤ
622 2015 741 2088 οὐχὶ
769 2015 832 2087 δὴ
874 2016 1107 2086 μάλιστα
1141 2014 1376 2086 πρέπειν
1404 2014 1521 2085 ἐρεῖ
1553 2030 1638 2076 τις
1676 2009 1754 2082 τῷ
1788 2027 1855 2080 γε

279 2110 386 2164 ὄντι
418 2109 560 2162 κατὰ
605 2108 765 2178 φύσιν
795 2109 859 2162 ὲκ
905 2107 1039 2161 Θεοῦ
1071 2109 1282 2180 Πατρός
1320 2108 1500 2178 Λόγῳ,
1536 2105 1615 2176 τῷ
1654 2105 1860 2158 ἄνωθεν

280 2203 430 2272 ἥκειν
457 2201 551 2254 καὶ
579 2200 637 2264 ἐξ
662 2199 929 2273 ούρανοῦ,
953 2199 1015 2252 τὸ
1057 2199 1342 2267 ζωογονεῖν
1382 2196 1643 2250 δύνασθαι
1673 2195 1743 2248 τὰ
1782 2188 1864 2258 οἷς

281 2298 345 2347 ἂν
375 2294 573 2346 ἐνιέναι
605 2291 848 2363 βούλοιτο
871 2293 972 2362 τὴν
995 2291 1173 2362 ξωήνς
1206 2291 1271 2343 Τί
1300 2291 1356 2342 δὲ
1389 2290 1448 2342 τὸ
1479 2289 1860 2359 δημιουργεῖν,

281 2387 398 2439 εἰπέ
433 2403 559 2456 μοι;
594 2385 791 2448 θεῖκῶς
823 2386 940 2458 δοίη
974 2403 1057 2449 τις
1079 2385 1147 2440 ἂν
1184 2380 1346 2449 εἶναι,
1382 2385 1414 2455 ἢ
1444 2383 1552 2435 τῶν
1583 2380 1860 2453 ἀνθρωπί-

281 2497 416 2545 νων;
443 2477 723 2550 Οὐδαμῶς.
756 2479 875 2542 Πῶς
905 2477 1118 2542 τοίνυν;
1162 2479 1338 2548 Ἦμᾶς
1370 2475 1622 2540 ζωοποιεῖ
1661 2476 1759 2544 μὲν
1788 2473 1864 2538 ὡς

280 2572 443 2635 ωεός·
480 2572 620 2644 πλὴν
662 2572 723 2624 οὐ
761 2571 909 2641 μόνῳ
941 2570 1018 2641 τῷ
1055 2571 1382 2641 μεταλαχεῖν
1417 2569 1571 2638 ἁγίου
1608 2568 1866 2638 Πνεύμα·

280 2680 400 2729 τος,
447 2663 562 2716 ἀλλ’
607 2662 830 2732 ὲδεστὴν
863 2663 1134 2733 παραθεὶς
1181 2663 1276 2716 καὶ
1316 2663 1414 2734 τὴν
1460 2663 1866 2735 ἀναληφθεῖσαν

284 2757 461 2809 σάοκα
481 2755 574 2808 τοῦ
592 2754 720 2808 Υἱοῦ
743 2754 838 2808 τοῦ
861 2753 1171 2826 ἀνθρώπου.
1197 2755 1343 2825 Ἔφη
1373 2753 1501 2826 γὰρ,
1517 2755 1598 2808 ὅτι
1629 2776 1647 2807 ι
1671 2757 1863 2827 Ἀμὴν,

282 2844 428 2916 ἀμὴν
479 2845 622 2913 λέγω
659 2845 811 2915 ύμῖν,
866 2846 962 2898 ἐὰν
1017 2845 1092 2916 μὴ
1133 2845 1344 2914 φάγητε
1389 2845 1488 2915 τὴν
1537 2845 1716 2917 σάρκα
1771 2845 1865 2898 τοῦ

285 2938 414 2990 Υἱοῦ
443 2937 536 2990 τοῦ
583 2936 896 3008 ἀνθρώπου,
939 2939 1035 2990 καὶ
1069 2938 1232 3007 πίητε
1265 2937 1326 2989 τό
1359 2934 1530 3008 αἷμα,
1575 2938 1674 2990 ούκ
1714 2938 1865 3008 ἔχετε

283 3030 428 3102 ζωὴν
459 3033 515 3082 ἐν
546 3031 775 3092 ἑαυτοῖς.
809 3050 824 3080 ι
863 3029 1434 3102 Κατακερτομούντων
1462 3031 1518 3083 δὲ
1559 3030 1721 3083 αὑτὸν
1758 3031 1868 3085 τῶν

298 3121 566 3175 Ἰουδαίων
609 3120 774 3182 ποτὲ,
821 3123 915 3174 καὶ
960 3122 1060 3193 τὴν
1107 3122 1199 3173 ἐπὶ
1242 3124 1356 3183 τοῖς
1391 3122 1643 3192 ἀμείνοσι
1690 3122 1868 3193 ψῆφον
1895 3159 1939 3217 C

285 3218 576 3280 ἀνάπτειν,
615 3217 715 3269 οὐκ
753 3211 849 3267 οἷδ’
880 3216 1060 3278 ὅπως,
1103 3214 1602 3286 ἐπικεχειρηκότων
1649 3214 1727 3285 τῷ
1765 3233 1870 3286 μα-

286 3308 462 3379 καρίῳ
490 3309 697 3372 Μωσεῖ,
726 3307 1024 3378 εἰρηκότων
1047 3307 1103 3359 δὲ
1129 3308 1432 3376 ἀναφανδόν
1453 3325 1465 3338 ·
1496 3327 1512 3358 ι
1546 3310 1609 3360 Οἱ
1638 3310 1872 3380 πατέρες

287 3404 445 3473 ἡμῶν
486 3402 687 3472 ἔφαγον
725 3403 787 3455 τὸ
829 3401 1005 3472 μάννα
1050 3402 1106 3453 ἐν
1152 3405 1218 3473 τῇ
1263 3402 1483 3473 ἐρήμῳ,
1531 3401 1714 3466 καθώς
1755 3404 1875 3456 ἐστι.

287 3495 694 3566 γεγραμμένον·
719 3494 934 3563 Ἀρτον
947 3495 1015 3547 ἐκ
1032 3493 1137 3548 τοῦ
1152 3494 1414 3562 οὐρανοῦ
1431 3495 1654 3549 ἔδωκεν
1667 3495 1873 3561 αὐτοῖς

289 3587 506 3658 φαγεῖν
526 3605 539 3618 ·
570 3588 623 3640 τί
653 3590 825 3650 ποιεῖς
854 3588 918 3640 συ
941 3591 1188 3658 σημεῖον,
1217 3587 1304 3641 ἵνα
1325 3587 1669 3659 πιστεύωμεν
1702 3605 1818 3653 σοις
1848 3607 1866 3638 ι

288 3682 343 3734 τί
381 3681 620 3752 ἐργάζῃ,
663 3681 739 3746 ὼς
778 3678 983 3735 ἄνωθεν
1021 3681 1152 3750 ἡμῖν
1200 3681 1293 3734 καὶ
1335 3680 1394 3744 ἐξ
1429 3680 1661 3752 ούρανοῦ
1702 3698 1872 3735 κατα-

290 3775 524 3842 κομίσας
551 3775 610 3828 τὸ
639 3774 835 3842 σῶμα;
867 3774 1030 3844 φησίν
1050 3791 1063 3802 ·
1097 3793 1115 3826 ι
1158 3773 1349 3845 Ἀμὴν,
1379 3774 1527 3846 ἀμὴν
1553 3775 1694 3845 λέγω
1721 3775 1872 3844 ὑμῖν,

291 3869 353 3920 οὐ
383 3867 625 3934 tum-3:71;
663 3867 896 3920 δέδωκεν
928 3868 1058 3937 ὑμῖν
1087 3867 1178 3920 τὸν
1207 3867 1370 3937 ἄρτον
1399 3868 1465 3920 ἐκ
1491 3866 1585 3920 τοῦ
1615 3867 1872 3939 ούρανοῦ,

291 3961 404 4017 ἀλλ’
435 3963 463 4015 ὁ
496 3963 684 4032 Πατήρ
717 3976 819 4031 μου
852 3959 1066 4013 δίδωσιν
1096 3960 1224 4031 ύμῖν
1248 3960 1340 4013 τὸν
1369 3961 1534 4032 ἄρτον
1568 3962 1634 4012 ὲκ
1661 3960 1756 4014 τοῦ
1786 3962 1876 4014 ού-

295 4054 460 4128 ρανοῦ
505 4055 594 4108 τὸν
626 4054 898 4123 ἀληθινόν.
932 4054 991 4106 ’0
1022 4054 1130 4124 γὰρ
1163 4053 1329 4124 ἄρτος
1357 4053 1450 4107 τοῦ
1485 4053 1622 4106 Θεοῦ
1670 4055 1818 4108 ἐστιν
1848 4057 1878 4108 ὁ

293 4145 643 4200 καταὸαίνων
682 4148 747 4198 ἐκ
794 4146 886 4198 τοῦ
939 4145 1193 4216 ούρανοῦ,
1238 4145 1332 4198 καὶ
1382 4143 1528 4216 ζωὴν
1574 4146 1750 4210 διδοὺς
1798 4146 1876 4217 τῷ

293 4240 505 4312 κόσμῳ.
535 4259 553 4292 ι
589 4239 701 4291 Καὶ
740 4239 876 4310 πρός
909 4255 972 4307 γε
1017 4238 1225 4302 τούτοις
1255 4238 1420 4292 πάλιν
1464 4240 1748 4311 μονονουχὶ
1783 4240 1877 4293 καὶ

291 4333 543 4404 δακτύλῳ
571 4341 594 4368 ²
624 4331 980 4395 καταδεικνὺς
1020 4332 1211 4385 ἑαυτὸν
1240 4331 1554 4402 ὲνσὼματον
1579 4344 1605 4372 ⁸
1623 4348 1636 4362 ο
1673 4350 1691 4383 ι
1737 4331 1878 4400 Ἐγὼ

291 4427 410 4497 εἰμι
437 4427 464 4478 ὁ
489 4423 652 4496 ἄρτος
676 4424 705 4475 ό
739 4422 866 4486 ζῶν.
896 4423 925 4474 ὁ
954 4424 1018 4476 ὲκ
1061 4423 1155 4476 τοῦ
1183 4423 1416 4495 ούρανοῦ
1445 4423 1709 4488 καταϐάς.
1750 4425 1878 4478 Ἐάν

1953 548 2190 620 Spiritus
2230 549 2322 605 Dei
2366 550 2576 605 habitat
2619 551 2676 603 in
2716 549 2889 617 vobis,
2930 549 2987 605 Si
3024 551 3148 620 quis
3193 561 3372 606 autem
3415 552 3538 623 Spi-

1951 643 2116 696 ritum
2156 641 2359 697 Christi
2400 657 2506 696 non
2536 641 2716 706 habet,
2760 639 2850 696 hic
2888 656 2996 697 non
3037 653 3122 697 εει
3160 642 3296 711 ejus.
3339 643 3396 698 Si
3442 661 3539 699 au-

1952 742 2061 788 tem
2089 732 2338 788 Christus
2367 732 2421 788 in
2455 732 2613 787 vobis
2645 740 2751 796 est,
2779 747 2980 803 corpus
3015 732 3230 802 quidem
3263 741 3536 788 mortuum

1951 834 2038 880 est
2073 833 2293 895 propter
2330 835 2634 894 peccatum,
2673 824 2900 892 spiritus
2935 835 3118 880 autem
3152 825 3286 879 vivit
3314 837 3541 896 pr0pter

1948 916 2395 987 justiﬁeationcm
2425 916 2491 970 ⁸³.
2541 934 2561 967 ι
2606 915 2762 970 Patet
2801 931 2930 987 ergo
2958 915 3227 986 Spiritum
3257 915 3378 971 Filii
3407 932 3543 986 quo-

1954 1025 2062 1081 que
2112 1008 2387 1078 propriqu
2427 1021 2584 1072 esse,
2622 1023 2723 1063 nec
2759 1008 2936 1063 solum
2976 1017 3248 1077 quatenus
3301 1007 3541 1064 Verbum

1954 1112 2040 1160 est
2070 1119 2136 1158 ex
2163 1103 2323 1157 Patre
2357 1103 2632 1172 prodiens,
2659 1103 2752 1158 sed
2784 1103 2946 1156 etiam
2973 1102 3020 1155 si
3052 1102 3319 1173 cogitetur
3347 1118 3545 1159 secun-

1955 1197 2081 1252 dum
2140 1209 2238 1250 nos
2278 1195 2439 1250 homo
2492 1195 2692 1259 factus,
2738 1194 3034 1250 divinitatis
3093 1193 3541 1263 proprietatibus,

1955 1305 2077 1360 qua:
2115 1306 2167 1344 in
2209 1289 2481 1358 propriam
2538 1289 2682 1344 illius
2725 1298 2974 1342 naturam
3028 1288 3377 1356 conveniunt,
3434 1303 3544 1344 non

1957 1383 2269 1438 destitutus.
2309 1379 2444 1434 Nam
2485 1381 2612 1436 licet
2648 1390 2706 1435 ut
2742 1381 2905 1434 homo
2943 1378 3174 1448 proinde
3213 1394 3278 1434 ac
3317 1394 3416 1434 nos
3462 1381 3546 1433 vi-

1956 1473 2165 1526 vificari
2203 1473 2474 1526 interdum
2506 1471 2756 1535 dicatur;
2798 1479 3036 1525 attamen
3072 1479 3294 1540 propter
3314 1471 3546 1541 inexpli-

1957 1564 2186 1620 cabilem
2219 1564 2362 1617 illam
2403 1578 2470 1618 ex
2511 1564 2727 1617 vivente
2762 1561 2923 1617 Patre
2961 1563 3388 1633 generationem,
3429 1579 3546 1618 0m-

1960 1658 2110 1712 nium
2146 1656 2253 1711 vita
2292 1656 2532 1710 exsistit.
2596 1653 2792 1708 Videre
2832 1663 2916 1707 est
2961 1660 3140 1706 autem
3178 1653 3265 1707 ubi
3311 1652 3545 1708 Verbum

1962 1749 2156 1804 divina:
2202 1746 2439 1801 actionis
2485 1744 2714 1816 gloriam
2766 1743 3000 1812 propriae
3033 1742 3185 1796 carni
3227 1741 3490 1813 largiatur
3529 1760 3546 1800 :

1963 1850 2148 1895 contra
2175 1854 2392 1893 rursum
2428 1837 2518 1892 ubi
2545 1852 2667 1906 qua:
2693 1835 2874 1890 carnis
2901 1843 3050 1900 sunt,
3069 1833 3122 1886 in
3151 1847 3209 1888 se
3233 1833 3546 1898 transferat,

1962 1944 2026 1984 ac
2076 1939 2294 2000 propter
2342 1929 2766 1996 dispensationis
2825 1925 3077 1979 unionem
3131 1925 3364 1994 propriae
3411 1940 3549 1995 quo-

1963 2019 2252 2074 dammodo
2293 2027 2500 2072 naturae
2530 2017 2755 2071 tribuat.

2036 2111 2319 2167 XXXVIII.
2382 2111 2578 2164 Annon
2632 2109 2684 2164 in
2741 2107 2999 2176 Verbum,
3065 2110 3207 2180 quod
3251 2108 3554 2165 secundum

1966 2213 2215 2258 naturam
2263 2218 2294 2256 a
2360 2201 2471 2256 Deo
2502 2199 2668 2256 Patro
2721 2201 2991 2271 procedit,
3019 2203 3256 2257 maxime
3296 2204 3554 2258 convenit

1966 2310 2200 2366 superne
2230 2311 2293 2349 ac
2323 2296 2389 2349 de
2424 2293 2562 2350 coelo
2592 2292 2804 2360 venire,
2837 2293 2945 2364 35
2976 2309 3150 2364 eaque
3206 2296 3405 2365 quibus
3466 2298 3551 2350 vi-

1967 2398 2078 2441 tam
2107 2387 2371 2457 impartiri
2402 2387 2661 2454 voluerit,
2698 2401 2858 2456 posse
2887 2388 3202 2443 viviﬁcare?
3228 2389 3346 2457 Dic,
3369 2405 3554 2460 quasso

1969 2495 2043 2552 te,
2073 2485 2314 2554 nunquid
2376 2485 2562 2539 divino
2629 2484 2788 2538 modo
2825 2485 3060 2540 condere
3122 2501 3185 2540 ac
3245 2501 3552 2557 procreare,

1969 2577 2217 2632 humana:
2247 2587 2455 2631 naturae
2487 2576 2827 2646 largiendum
2859 2577 2983 2630 est?
3016 2575 3240 2631 Minime
3285 2579 3552 2650 gentium.

1968 2667 2154 2737 Ecquo
2185 2682 2316 2737 ergo
2364 2667 2524 2722 modo
2575 2683 2673 2721 nos
2717 2667 2987 2722 viviﬁcat?
3025 2679 3081 2721 ut
3125 2667 3309 2723 Deus:
3340 2683 3557 2723 verum-

1971 2771 2149 2817 tan-eu
2212 2778 2316 2815 non
2369 2777 2465 2830 per
2499 2762 2600 2815 hoc
2632 2761 2802 2814 solum
2842 2761 2892 2814 id
2951 2760 3099 2824 facit,
3130 2763 3275 2830 quod
3307 2774 3554 2817 sanctum

1970 2855 2127 2908 nobis
2170 2855 2434 2923 Spiritum
2496 2854 2827 2922 impartitur,
2861 2854 2953 2907 sed
3007 2869 3102 2923 per
3151 2855 3254 2910 hoc
3309 2867 3552 2925 quoque,

1970 2947 2112 3015 quod
2164 2943 2283 2998 Filii
2351 2947 2588 2999 hominis
2620 2960 2865 3012 carnem,
2895 2960 3055 3013 quam
3089 2948 3417 3015 assumpsit,
3465 2963 3557 3000 ve-

1974 3037 2232 3091 scendam
2284 3036 2556 3105 proponit.
2593 3035 2680 3088 Ait
2712 3037 2856 3089 enim
2887 3052 2901 3088 :
2941 3054 2959 3086 ι
3000 3036 3198 3099 Amen,
3225 3051 3382 3091 amen
3435 3039 3558 3092 dico

1972 3129 2148 3194 vobis,
2180 3129 2280 3182 nisi
2335 3129 2794 3182 manducaveritis
2850 3143 3069 3182 carnem
3122 3128 3244 3183 Filii
3298 3130 3554 3193 hominis,

1972 3230 2028 3275 et
2055 3222 2301 3275 biberitis
2343 3221 2461 3286 ejus
2502 3220 2846 3289 sanguinem,
2897 3235 3001 3275 non
3055 3221 3326 3276 habebitis
3391 3223 3555 3277 vitam

1972 3312 2024 3365 in
2053 3311 2204 3366 vobis
2223 3312 2291 3363 ³³.
2328 3330 2346 3363 ι
2387 3313 2622 3364 Itin-sum
2654 3326 2779 3365 cum
2815 3309 2986 3365 Indici
3034 3313 3209 3381 ipsum
3257 3314 3558 3384 aliquando

1971 3405 2306 3467 deriderenl,
2366 3405 2738 3473 conviciisque
2813 3414 3152 3474 appeterent,
3203 3421 3268 3461 ac
3341 3408 3559 3460 beatum

1970 3497 2191 3569 Moysen
2234 3498 2308 3550 illi
2341 3497 2524 3551 nescio
2564 3511 2672 3566 quo
2719 3500 2878 3550 modo
2921 3507 3336 3566 anteponentes,
3373 3511 3560 3569 aperte

1974 3592 2252 3645 dicerent:
2293 3610 2310 3641 ι
2355 3587 2544 3643 Patres
2599 3591 2768 3643 nostri
2823 3593 3292 3645 manducaveruut
3359 3609 3559 3645 manna

1972 3680 2027 3734 in
2059 3683 2293 3743 deserto,
2337 3681 2475 3734 sicut
2519 3680 2780 3750 scriptum
2816 3690 2898 3735 est
2927 3699 2941 3736 :
2977 3681 3177 3735 Panem
3207 3682 3270 3737 de
3310 3683 3435 3736 caelo
3463 3684 3558 3737 de-

1973 3774 2048 3827 dit
2081 3775 2155 3828 eis
2192 3775 2559 3837 ninnducare;
2594 3775 2735 3842 quod
2776 3789 2907 3844 ergo
2947 3784 3000 3828 tu
3043 3774 3255 3843 signum
3303 3775 3456 3841 facis,
3503 3788 3560 3830 ut

1975 3867 2263 3923 credamus
2287 3867 2381 3920 tibi
2408 3867 2498 3920 "1?
2529 3867 2667 3933 Quid
2701 3867 2968 3935 operaris,
3003 3876 3061 3921 ut
3087 3883 3284 3937 corpus
3325 3883 3560 3938 Superne

1975 3960 2044 4014 de
2073 3959 2217 4015 cmlo
2264 3960 2420 4014 nobis
2475 3960 2724 4014 attulisse
2778 3959 3397 4030 credaris?Respondit
3425 3962 3558 4017 ille:

1983 4072 2002 4106 ι
2030 4052 2228 4118 Amen,
2269 4066 2430 4104 amen
2456 4051 2582 4106 dico
2621 4052 2797 4114 vobis,
2837 4066 2942 4104 non
2988 4049 3199 4121 Moyses
3239 4052 3385 4105 dedit
3412 4052 3564 4106 vobis

1977 4161 2172 4218 panem
2203 4144 2270 4199 de
2315 4144 2474 4210 caelo,
2510 4144 2603 4198 sed
2652 4142 2816 4196 Pater
2866 4157 3020 4198 meus
3063 4143 3154 4198 dat
3189 4145 3341 4199 vobis
3369 4160 3560 4214 panem

1977 4242 2046 4293 de
2079 4238 2217 4293 coelo
2269 4251 2456 4290 verum
2485 4253 2500 4289 :
2537 4235 2693 4304 panis
2749 4236 2893 4289 enim
2943 4234 3039 4289 Dei
3063 4243 3166 4301 est,
3200 4238 3295 4306 qui
3324 4238 3390 4291 de
3423 4239 3563 4291 coelo

1979 4333 2276 4396 descendit,
2305 4340 2360 4386 et
2408 4331 2499 4385 dat
2542 4329 2710 4384 vitam
2746 4329 2947 4384 mundo
2979 4327 3047 4384 ³⁸.
3087 4347 3106 4380 ι
3148 4329 3393 4398 Denique
3442 4340 3562 4383 tan-

1981 4432 2093 4478 tum
2149 4438 2255 4478 non
2308 4422 2478 4492 digito
2537 4422 2779 4490 seipsuan
2826 4422 2878 4475 in
2927 4436 3156 4492 corpore
3209 4424 3562 4477 constitutum

289 4535 380 4582 τις
405 4517 553 4588 φάγῃ
581 4520 646 4570 ἐκ
675 4515 768 4569 τοῦ
807 4515 971 4587 ἄρτου
1007 4515 1220 4580 τούτου,
1246 4514 1401 4587 ζήσει
1433 4517 1513 4580 εἰς
1550 4517 1642 4570 τὸν
1666 4517 1867 4572 αἰῶνα·

1982 4517 2383 4577 demonstrans,
2419 4513 2492 4568 ita
2532 4514 2608 4568 ait
2639 4531 2657 4567 :
2693 4531 2713 4566 ι
2750 4513 2861 4582 Ego
2905 4527 3024 4567 sum
3069 4513 3226 4582 panis
3268 4515 3446 4578 vivus,
3469 4515 3562 4581 qui

291 4611 392 4666 καὶ
429 4612 457 4664 ό
490 4611 653 4680 ἄρτος
685 4609 743 4662 δὲ
772 4609 830 4661 ὃν
865 4607 976 4678 ἐγὼ
1003 4607 1178 4673 δώσω,
1217 4611 1250 4680 ἡ
1295 4608 1432 4680 σάρξ
1466 4627 1566 4680 μου
1598 4611 1770 4678 ἐστὶν,
1807 4611 1876 4683 ἢν

291 4701 409 4773 ἐγὼ
444 4701 601 4755 δώσω
638 4701 778 4768 ὑπὲρ
825 4701 922 4772 τῆς
965 4701 1060 4754 τοῦ
1101 4700 1306 4772 κόσμου
1347 4698 1514 4771 ζωῆς.
1548 4702 1608 4756 Ὀ
1645 4701 1877 4775 τρώγων

297 4811 401 4866 μου
429 4794 530 4864 τὴν
560 4792 760 4863 σάρκα,
791 4792 882 4845 καὶ
910 4791 1079 4844 πίνων
1113 4809 1216 4862 μου
1246 4791 1309 4844 τὸ
1343 4785 1503 4863 αἷμα,
1537 4794 1594 4845 ἐν
1623 4794 1748 4864 ἐμοὶ
1781 4793 1878 4863 μέ-

293 4902 397 4951 νει,
430 4883 584 4954 κὰγὼ
610 4885 669 4936 ὲν
701 4882 869 4954 αὐτῷ.
915 4883 1112 4946 Καθὼς
1145 4884 1432 4938 ἀπέστειλέ
1465 4901 1533 4955 με
1559 4883 1588 4935 ὁ
1623 4885 1732 4950 ζῶν
1767 4886 1878 4938 Πα-

293 4978 422 5049 τὴρ,
466 4976 622 5046 κάγὼ
660 4975 738 5041 ζῶ
779 4976 867 5030 διὰ
909 4975 999 5029 τὸν
1033 4976 1282 5048 Πατέραο
1314 4976 1410 5030 καὶ
1445 4978 1473 5030 ὁ
1499 4975 1728 5048 τρώγων
1776 4994 1875 5048 με,

290 5069 550 5130 ,κάκεῖνος
576 5063 732 5138 ζήσει
765 5064 834 5118 δι’
856 5066 979 5136 ἐμέ.
1011 5085 1030 5118 ι
1067 5065 1257 5118 Καίτοι
1290 5065 1408 5129 πῶς
1447 5066 1545 5119 οὐκ
1583 5066 1780 5136 ἀληθὲς
1811 5068 1886 5120 εἰ-

297 5161 445 5221 πεῖν,
472 5157 546 5222 ὡς
575 5158 1016 5229 καταπεφοίτηκε
1051 5159 1148 5228 μὲν
1175 5160 1277 5212 οὐκ
1306 5159 1367 5223 ἐξ
1389 5159 1633 5230 οὐρανῶν
1655 5162 1688 5230 ή
1723 5159 1882 5230 σὰρξ,

295 5250 414 5304 ἀλλ’
453 5245 520 5320 ἦν
563 5250 629 5303 ὲκ
660 5249 962 5320 Παρθένου,
993 5250 1136 5304 κατὰ
1165 5250 1265 5314 τὰς
1303 5250 1562 5321 Γραφὰς;
1602 5250 1726 5306 Ὀτι
1768 5251 1884 5305 ἐστι

373 5428 418 5461 ³⁸
446 5427 603 5484 Joan.
637 5445 721 5499 ιιι,
775 5432 828 5486 5.

908 5430 952 5462 ³³
975 5430 1135 5487 Rom.
1169 5447 1288 5499 vm,
1338 5433 1392 5498 9,
1431 5432 1519 5487 10.

299 5498 392 5563 52,
419 5500 511 5566 57,

1617 5434 1662 5466 ”
1699 5433 1860 5490 Joau.
1911 5451 1986 5500 v1,
2020 5434 2113 5490 54.

1984 4610 2050 4663 de
2107 4607 2247 4662 ctelo
2293 4607 2568 4663 descendi.
2595 4605 2651 4659 Si
2696 4607 2820 4675 quis
2865 4605 3283 4660 manducaverit
3332 4621 3400 4660 ex
3458 4606 3563 4660 hoc

1986 4714 2142 4770 pane,
2175 4699 2317 4754 vivet
2349 4699 2399 4752 in
2430 4709 2692 4752 aeternum
2729 4713 2743 4750 :
2777 4704 2831 4751 et
2857 4697 3014 4766 panis
3043 4711 3205 4766 quem
3250 4710 3352 4766 ego
3399 4696 3562 4762 dabo,

1985 4807 2116 4848 caro
2132 4807 2248 4846 mea
2279 4802 2363 4846 est
2395 4805 2492 4861 pro
2531 4789 2715 4844 mumli
2742 4789 2874 4842 vita.
2910 4787 3012 4855 Qui
3045 4788 3336 4843 manducat
3389 4804 3565 4844 meam

1987 4892 2303 4948 carnem,et
2340 4881 2474 4937 bibit
2518 4895 2695 4934 meum
2727 4881 3071 4949 sanguinem,
3113 4881 3165 4933 in
3218 4895 3303 4934 me
3361 4893 3566 4944 tutariet,

1986 4985 2039 5031 et
2067 4991 2167 5046 ego
2195 4976 2247 5028 iu
2295 4974 2408 5030 illo.
2455 4971 2608 5026 Sicut
2640 4986 2726 5026 me
2759 4971 2907 5026 misit
2938 4971 3124 5026 vivens
3165 4969 3352 5036 Pater,
3382 4980 3436 5027 et
3467 4987 3569 5040 ego

1984 5067 2107 5120 vivo
2138 5076 2359 5136 propter
2397 5063 2616 5117 Patrem
2645 5080 2658 5117 :
2693 5073 2748 5118 et
2777 5064 2871 5134 qui
2901 5064 3196 5118 manducat
3227 5080 3335 5127 me,
3367 5074 3423 5119 et
3451 5065 3568 5132 ipse

1983 5160 2132 5214 vivet
2171 5168 2394 5228 prapter
2436 5155 2618 5212 me".
2669 5174 2687 5206 ι
2734 5155 2896 5225 Atqui
2953 5155 3084 5211 nulli
3147 5156 3440 5211 obscurum
3489 5167 3574 5211 cst

1985 5267 2205 5308 carnem
2231 5250 2356 5305 Filii
2384 5250 2620 5305 hominis
2648 5265 2753 5305 non
2805 5250 3149 5306 descendisse
3175 5248 3243 5304 de
3285 5248 3461 5314 caelis,
3477 5252 3573 5304 sed

2191 5434 2236 5466 ³⁸
2263 5433 2397 5490 ibid.
2420 5433 2511 5503 50,
2535 5435 2627 5491 51.

2707 5433 2753 5466 ³⁵
2775 5433 2908 5492 ibid.
2937 5433 3028 5505 32,
3059 5434 3148 5492 55.
3227 5436 3270 5470 ³⁷
3312 5435 3448 5495 ibid.
3480 5434 3576 5503 51,

1405 5645 1583 5702 Vari-ae
1617 5646 1878 5702 lectiones
1911 5647 2128 5703 codices
2165 5645 2534 5717 Seguieriani.

378 5782 407 5825 1
429 5775 496 5830 τὰ
524 5775 740 5850 σαρκός.

824 5787 844 5813 λ
881 5775 1162 5841 δακτύλοις
1196 5777 1621 5851 κατασημαὶνων
1656 5779 1819 5834 αὐτον
1848 5779 2182 5850 ἐντώματον.

2261 5788 2282 5812 ⁸
2316 5782 2370 5834 έν
2403 5779 2635 5852 σώματι.
