  <div class='ocr_page' id='page_1' title='image "/cluster/home/n/w/nwhite01/storage/ocr_20150623/76/nnc1.0046980067/623.png"; bbox 0 0 4044 6332; ppageno 0'>
   <div class='ocr_carea' id='block_1_1' title="bbox 518 347 649 404">
    <p class='ocr_par' dir='ltr' id='par_1_1' title="bbox 518 347 649 404">
     <span class='ocr_line' id='line_1_1' title="bbox 518 347 649 404; baseline 0 -4"><span class='ocrx_word' id='word_1_1' title='bbox 518 347 649 404; x_wconf 76' lang='grc'><strong>1191</strong></span> 
     </span>
    </p>
   </div>
   <div class='ocr_carea' id='block_1_2' title="bbox 1511 329 2770 392">
    <p class='ocr_par' dir='ltr' id='par_1_2' title="bbox 1511 329 2770 392">
     <span class='ocr_line' id='line_1_2' title="bbox 1511 329 2770 392; baseline -0.003 -2"><span class='ocrx_word' id='word_1_2' title='bbox 1511 337 1570 392; x_wconf 86' lang='lat' dir='ltr'><strong>S.</strong></span> <span class='ocrx_word' id='word_1_3' title='bbox 1609 333 1890 392; x_wconf 79' lang='lat' dir='ltr'><strong>CYRILLI</strong></span> <span class='ocrx_word' id='word_1_4' title='bbox 1927 330 2405 390; x_wconf 77' lang='lat' dir='ltr'><strong>ALEXANDRINI</strong></span> <span class='ocrx_word' id='word_1_5' title='bbox 2445 329 2770 388; x_wconf 78' lang='lat' dir='ltr'><strong>ARCIIIEP.</strong></span> 
     </span>
    </p>
   </div>
   <div class='ocr_carea' id='block_1_3' title="bbox 3641 327 3792 385">
    <p class='ocr_par' dir='ltr' id='par_1_3' title="bbox 3641 327 3792 385">
     <span class='ocr_line' id='line_1_3' title="bbox 3641 327 3792 385; baseline 0 0"><span class='ocrx_word' id='word_1_6' title='bbox 3641 327 3792 385; x_wconf 67' lang='lat'><strong>“92</strong></span> 
     </span>
    </p>
   </div>
   <div class='ocr_carea' id='block_1_4' title="bbox 515 441 2121 531">
    <p class='ocr_par' dir='ltr' id='par_1_4' title="bbox 515 450 2092 531">
     <span class='ocr_line' id='line_1_4' title="bbox 515 450 2092 531; baseline -0.008 -17"><span class='ocrx_word' id='word_1_7' title='bbox 515 477 546 514; x_wconf 90' lang='lat' dir='ltr'><strong>e</strong></span> <span class='ocrx_word' id='word_1_8' title='bbox 575 471 733 513; x_wconf 88' lang='lat' dir='ltr'><strong>sacra</strong></span> <span class='ocrx_word' id='word_1_9' title='bbox 753 453 963 531; x_wconf 74' lang='lat' dir='ltr'><strong>virgine</strong></span> <span class='ocrx_word' id='word_1_10' title='bbox 992 450 1290 509; x_wconf 83' lang='lat' dir='ltr'><strong>secundum</strong></span> <span class='ocrx_word' id='word_1_11' title='bbox 1324 450 1638 522; x_wconf 83' lang='lat' dir='ltr'><strong>Scripturas</strong></span> <span class='ocrx_word' id='word_1_12' title='bbox 1659 460 1926 520; x_wconf 90' lang='lat' dir='ltr'><strong>sumptam</strong></span> <span class='ocrx_word' id='word_1_13' title='bbox 1950 463 2092 514; x_wconf 88' lang='lat' dir='ltr'><strong>esse,</strong></span> 
     </span>
    </p>
   </div>
   <div class='ocr_carea' id='block_1_5' title="bbox 2224 441 3794 531">
    <p class='ocr_par' dir='ltr' id='par_1_5' title="bbox 2229 441 3794 514">
     <span class='ocr_line' id='line_1_5' title="bbox 2229 441 3794 514; baseline -0.003 -15"><span class='ocrx_word' id='word_1_14' title='bbox 2229 447 2252 499; x_wconf 83' lang='grc' dir='ltr'><strong>ὲ</strong></span> <span class='ocrx_word' id='word_1_15' title='bbox 2286 447 2388 500; x_wconf 82' lang='grc' dir='ltr'><strong>οὐκ</strong></span> <span class='ocrx_word' id='word_1_16' title='bbox 2417 445 2632 508; x_wconf 80' lang='grc' dir='ltr'>ἐδεστὸς</span> <span class='ocrx_word' id='word_1_17' title='bbox 2664 447 2693 497; x_wconf 86' lang='grc' dir='ltr'>ὁ</span> <span class='ocrx_word' id='word_1_18' title='bbox 2733 442 2927 511; x_wconf 91' lang='grc' dir='ltr'>Λόγος,</span> <span class='ocrx_word' id='word_1_19' title='bbox 2961 441 3075 496; x_wconf 77' lang='grc' dir='ltr'>ἀλλ’</span> <span class='ocrx_word' id='word_1_20' title='bbox 3107 442 3185 506; x_wconf 78' lang='grc' dir='ltr'>εἰς</span> <span class='ocrx_word' id='word_1_21' title='bbox 3223 442 3280 494; x_wconf 81' lang='grc' dir='ltr'>ἓν</span> <span class='ocrx_word' id='word_1_22' title='bbox 3312 442 3479 514; x_wconf 78' lang='grc' dir='ltr'>ἄμφω</span> <span class='ocrx_word' id='word_1_23' title='bbox 3508 442 3794 510; x_wconf 81' lang='grc' dir='ltr'>συλλέγων</span> 
     </span>
    </p>
   </div>
   <div class='ocr_carea' id='block_1_6' title="bbox 514 541 2095 619">
    <p class='ocr_par' dir='ltr' id='par_1_6' title="bbox 514 541 2095 619">
     <span class='ocr_line' id='line_1_6' title="bbox 514 541 2095 619; baseline -0.005 -16"><span class='ocrx_word' id='word_1_24' title='bbox 514 565 667 619; x_wconf 77' lang='lat' dir='ltr'><strong>:uque</strong></span> <span class='ocrx_word' id='word_1_25' title='bbox 695 557 901 602; x_wconf 86' lang='lat' dir='ltr'><strong>certum</strong></span> <span class='ocrx_word' id='word_1_26' title='bbox 935 555 1058 601; x_wconf 89' lang='lat' dir='ltr'><strong>est:</strong></span> <span class='ocrx_word' id='word_1_27' title='bbox 1096 543 1326 600; x_wconf 79' lang='lat' dir='ltr'><strong>Verbum</strong></span> <span class='ocrx_word' id='word_1_28' title='bbox 1357 541 1656 597; x_wconf 91' lang='lat' dir='ltr'><strong>secundum</strong></span> <span class='ocrx_word' id='word_1_29' title='bbox 1693 558 1752 597; x_wconf 90' lang='lat' dir='ltr'><strong>se</strong></span> <span class='ocrx_word' id='word_1_30' title='bbox 1780 541 2095 597; x_wconf 88' lang='lat' dir='ltr'><strong>manducari</strong></span> 
     </span>
    </p>
   </div>
   <div class='ocr_carea' id='block_1_7' title="bbox 515 635 2098 712">
    <p class='ocr_par' dir='ltr' id='par_1_7' title="bbox 515 635 2098 712">
     <span class='ocr_line' id='line_1_7' title="bbox 515 635 2098 712; baseline -0.003 -16"><span class='ocrx_word' id='word_1_31' title='bbox 515 660 620 697; x_wconf 78' lang='lat' dir='ltr'><strong>non</strong></span> <span class='ocrx_word' id='word_1_32' title='bbox 650 654 808 712; x_wconf 85' lang='lat' dir='ltr'><strong>posse</strong></span> <span class='ocrx_word' id='word_1_33' title='bbox 827 647 1105 709; x_wconf 47' lang='lat' dir='ltr'><strong>patiarnen</strong></span> <span class='ocrx_word' id='word_1_34' title='bbox 1134 635 1434 693; x_wconf 89' lang='lat' dir='ltr'><strong>secundum</strong></span> <span class='ocrx_word' id='word_1_35' title='bbox 1460 635 1917 706; x_wconf 88' lang='lat' dir='ltr'><strong>dispensatoriam</strong></span> <span class='ocrx_word' id='word_1_36' title='bbox 1948 635 2098 692; x_wconf 84' lang='lat' dir='ltr'><strong>illam</strong></span> 
     </span>
    </p>
   </div>
   <div class='ocr_carea' id='block_1_8' title="bbox 517 725 2102 800">
    <p class='ocr_par' dir='ltr' id='par_1_8' title="bbox 517 725 2102 800">
     <span class='ocr_line' id='line_1_8' title="bbox 517 725 2102 800; baseline -0.005 -13"><span class='ocrx_word' id='word_1_37' title='bbox 517 734 796 797; x_wconf 88' lang='lat' dir='ltr'><strong>unionem,</strong></span> <span class='ocrx_word' id='word_1_38' title='bbox 815 729 1002 784; x_wconf 92' lang='lat' dir='ltr'><strong>multis</strong></span> <span class='ocrx_word' id='word_1_39' title='bbox 1029 729 1232 800; x_wconf 90' lang='lat' dir='ltr'><strong>passim</strong></span> <span class='ocrx_word' id='word_1_40' title='bbox 1259 727 1394 782; x_wconf 91' lang='lat' dir='ltr'><strong>locis</strong></span> <span class='ocrx_word' id='word_1_41' title='bbox 1419 725 1605 781; x_wconf 89' lang='lat' dir='ltr'><strong>videre</strong></span> <span class='ocrx_word' id='word_1_42' title='bbox 1625 726 1773 791; x_wconf 90' lang='lat' dir='ltr'><strong>licet,</strong></span> <span class='ocrx_word' id='word_1_43' title='bbox 1798 736 1859 780; x_wconf 93' lang='lat' dir='ltr'><strong>ut</strong></span> <span class='ocrx_word' id='word_1_44' title='bbox 1896 727 2102 780; x_wconf 89' lang='lat' dir='ltr'><strong>utrius-</strong></span> 
     </span>
    </p>
   </div>
   <div class='ocr_carea' id='block_1_9' title="bbox 517 817 2104 892">
    <p class='ocr_par' dir='ltr' id='par_1_9' title="bbox 517 817 2104 892">
     <span class='ocr_line' id='line_1_9' title="bbox 517 817 2104 892; baseline -0.005 -13"><span class='ocrx_word' id='word_1_45' title='bbox 517 839 624 892; x_wconf 89' lang='lat' dir='ltr'><strong>que</strong></span> <span class='ocrx_word' id='word_1_46' title='bbox 647 832 853 878; x_wconf 87' lang='lat' dir='ltr'><strong>naturae</strong></span> <span class='ocrx_word' id='word_1_47' title='bbox 886 821 1252 891; x_wconf 90' lang='lat' dir='ltr'><strong>proprietates</strong></span> <span class='ocrx_word' id='word_1_48' title='bbox 1297 817 1641 873; x_wconf 72' lang='lat' dir='ltr'><strong>familiariter</strong></span> <span class='ocrx_word' id='word_1_49' title='bbox 1687 817 1790 873; x_wconf 89' lang='lat' dir='ltr'><strong>sibi</strong></span> <span class='ocrx_word' id='word_1_50' title='bbox 1845 817 2104 872; x_wconf 74' lang='lat' dir='ltr'><strong>vindicet</strong></span> 
     </span>
    </p>
   </div>
   <div class='ocr_carea' id='block_1_10' title="bbox 519 910 2103 985">
    <p class='ocr_par' dir='ltr' id='par_1_10' title="bbox 519 910 2103 985">
     <span class='ocr_line' id='line_1_10' title="bbox 519 910 2103 985; baseline -0.003 -17"><span class='ocrx_word' id='word_1_51' title='bbox 519 916 869 985; x_wconf 82' lang='lat' dir='ltr'><strong>usurpetque.</strong></span> <span class='ocrx_word' id='word_1_52' title='bbox 898 913 1078 980; x_wconf 86' lang='lat' dir='ltr'><strong>Quare</strong></span> <span class='ocrx_word' id='word_1_53' title='bbox 1115 910 1412 967; x_wconf 88' lang='lat' dir='ltr'><strong>Nicodemo</strong></span> <span class='ocrx_word' id='word_1_54' title='bbox 1461 911 1781 982; x_wconf 73' lang='lat' dir='ltr'><strong>mysterium</strong></span> <span class='ocrx_word' id='word_1_55' title='bbox 1845 910 1949 964; x_wconf 91' lang='lat' dir='ltr'><strong>hoc</strong></span> <span class='ocrx_word' id='word_1_56' title='bbox 1993 925 2103 964; x_wconf 91' lang='lat' dir='ltr'><strong>non</strong></span> 
     </span>
    </p>
   </div>
   <div class='ocr_carea' id='block_1_11' title="bbox 521 1000 2104 1076">
    <p class='ocr_par' dir='ltr' id='par_1_11' title="bbox 521 1000 2104 1076">
     <span class='ocr_line' id='line_1_11' title="bbox 521 1000 2104 1076; baseline -0.004 -16"><span class='ocrx_word' id='word_1_57' title='bbox 521 1005 860 1076; x_wconf 76' lang='lat' dir='ltr'><strong>intelligenti,</strong></span> <span class='ocrx_word' id='word_1_58' title='bbox 893 1005 987 1059; x_wconf 91' lang='lat' dir='ltr'><strong>sed</strong></span> <span class='ocrx_word' id='word_1_59' title='bbox 1015 1004 1262 1072; x_wconf 92' lang='lat' dir='ltr'><strong>imperite</strong></span> <span class='ocrx_word' id='word_1_60' title='bbox 1295 1020 1308 1056; x_wconf 89' lang='lat'><strong>:</strong></span> <span class='ocrx_word' id='word_1_61' title='bbox 1349 1020 1368 1052; x_wconf 73' lang='grc' dir='ltr'><strong>ι</strong></span> <span class='ocrx_word' id='word_1_62' title='bbox 1410 1000 1692 1067; x_wconf 87' lang='lat' dir='ltr'><strong>Quomodo</strong></span> <span class='ocrx_word' id='word_1_63' title='bbox 1727 1009 1961 1070; x_wconf 89' lang='lat' dir='ltr'><strong>possunt</strong></span> <span class='ocrx_word' id='word_1_64' title='bbox 1988 1000 2104 1054; x_wconf 70' lang='lat' dir='ltr'><strong>hazc</strong></span> 
     </span>
    </p>
   </div>
   <div class='ocr_carea' id='block_1_12' title="bbox 523 1091 2105 1164">
    <p class='ocr_par' dir='ltr' id='par_1_12' title="bbox 523 1091 2105 1164">
     <span class='ocr_line' id='line_1_12' title="bbox 523 1091 2105 1164; baseline -0.005 -12"><span class='ocrx_word' id='word_1_65' title='bbox 523 1097 676 1152; x_wconf 80' lang='lat' dir='ltr'><strong>ﬁeri?</strong></span> <span class='ocrx_word' id='word_1_66' title='bbox 698 1117 716 1150; x_wconf 73' lang='grc' dir='ltr'><strong>ι</strong></span> <span class='ocrx_word' id='word_1_67' title='bbox 748 1095 1068 1158; x_wconf 77' lang='lat' dir='ltr'><strong>sciscitanti,</strong></span> <span class='ocrx_word' id='word_1_68' title='bbox 1091 1096 1160 1148; x_wconf 87' lang='lat' dir='ltr'><strong>ita</strong></span> <span class='ocrx_word' id='word_1_69' title='bbox 1186 1093 1461 1148; x_wconf 88' lang='lat' dir='ltr'><strong>occurrit:</strong></span> <span class='ocrx_word' id='word_1_70' title='bbox 1489 1111 1507 1143; x_wconf 74' lang='grc' dir='ltr'><strong>ι</strong></span> <span class='ocrx_word' id='word_1_71' title='bbox 1534 1092 1590 1147; x_wconf 84' lang='lat' dir='ltr'><strong>Si</strong></span> <span class='ocrx_word' id='word_1_72' title='bbox 1621 1103 1837 1146; x_wconf 87' lang='lat' dir='ltr'><strong>terrena</strong></span> <span class='ocrx_word' id='word_1_73' title='bbox 1869 1091 1981 1145; x_wconf 80' lang='lat' dir='ltr'><strong>dixi</strong></span> <span class='ocrx_word' id='word_1_74' title='bbox 2009 1104 2105 1164; x_wconf 83' lang='lat' dir='ltr'><strong>vo-</strong></span> 
     </span>
    </p>
   </div>
   <div class='ocr_carea' id='block_1_13' title="bbox 525 1183 2107 1256">
    <p class='ocr_par' dir='ltr' id='par_1_13' title="bbox 525 1183 2107 1256">
     <span class='ocr_line' id='line_1_13' title="bbox 525 1183 2107 1256; baseline -0.006 -12"><span class='ocrx_word' id='word_1_75' title='bbox 525 1192 630 1256; x_wconf 76' lang='lat' dir='ltr'><strong>bis,</strong></span> <span class='ocrx_word' id='word_1_76' title='bbox 649 1201 701 1244; x_wconf 90' lang='lat' dir='ltr'><strong>et</strong></span> <span class='ocrx_word' id='word_1_77' title='bbox 717 1204 820 1243; x_wconf 92' lang='lat' dir='ltr'><strong>non</strong></span> <span class='ocrx_word' id='word_1_78' title='bbox 840 1188 1080 1250; x_wconf 88' lang='lat' dir='ltr'><strong>creditis,</strong></span> <span class='ocrx_word' id='word_1_79' title='bbox 1098 1185 1366 1256; x_wconf 90' lang='lat' dir='ltr'><strong>quomodo</strong></span> <span class='ocrx_word' id='word_1_80' title='bbox 1394 1185 1438 1239; x_wconf 97' lang='lat' dir='ltr'><strong>si</strong></span> <span class='ocrx_word' id='word_1_81' title='bbox 1466 1184 1708 1238; x_wconf 78' lang='lat' dir='ltr'><strong>ccelestia</strong></span> <span class='ocrx_word' id='word_1_82' title='bbox 1725 1183 1876 1238; x_wconf 80' lang='lat' dir='ltr'><strong>vobis</strong></span> <span class='ocrx_word' id='word_1_83' title='bbox 1897 1183 2107 1246; x_wconf 76' lang='lat' dir='ltr'><strong>dixero,</strong></span> 
     </span>
    </p>
   </div>
   <div class='ocr_carea' id='block_1_14' title="bbox 524 1271 2106 1341">
    <p class='ocr_par' dir='ltr' id='par_1_14' title="bbox 524 1271 2106 1341">
     <span class='ocr_line' id='line_1_14' title="bbox 524 1271 2106 1341; baseline -0.008 -5"><span class='ocrx_word' id='word_1_84' title='bbox 524 1279 813 1336; x_wconf 79' lang='lat' dir='ltr'><strong>credetis?</strong></span> <span class='ocrx_word' id='word_1_85' title='bbox 847 1279 913 1334; x_wconf 87' lang='lat' dir='ltr'><strong>Et</strong></span> <span class='ocrx_word' id='word_1_86' title='bbox 956 1294 1118 1333; x_wconf 90' lang='lat' dir='ltr'><strong>nemo</strong></span> <span class='ocrx_word' id='word_1_87' title='bbox 1180 1277 1426 1331; x_wconf 83' lang='lat' dir='ltr'><strong>ascendit</strong></span> <span class='ocrx_word' id='word_1_88' title='bbox 1485 1276 1539 1328; x_wconf 92' lang='lat' dir='ltr'><strong>in</strong></span> <span class='ocrx_word' id='word_1_89' title='bbox 1597 1272 1814 1338; x_wconf 88' lang='lat' dir='ltr'><strong>coelum,</strong></span> <span class='ocrx_word' id='word_1_90' title='bbox 1848 1272 1952 1326; x_wconf 86' lang='lat' dir='ltr'><strong>nisi</strong></span> <span class='ocrx_word' id='word_1_91' title='bbox 2015 1271 2106 1341; x_wconf 91' lang='lat' dir='ltr'><strong>qui</strong></span> 
     </span>
    </p>
   </div>
   <div class='ocr_carea' id='block_1_15' title="bbox 525 1357 2110 1435">
    <p class='ocr_par' dir='ltr' id='par_1_15' title="bbox 525 1357 2110 1435">
     <span class='ocr_line' id='line_1_15' title="bbox 525 1357 2110 1435; baseline -0.009 -8"><span class='ocrx_word' id='word_1_92' title='bbox 525 1370 806 1427; x_wconf 76' lang='lat' dir='ltr'><strong>descendit</strong></span> <span class='ocrx_word' id='word_1_93' title='bbox 836 1369 904 1423; x_wconf 89' lang='lat' dir='ltr'><strong>de</strong></span> <span class='ocrx_word' id='word_1_94' title='bbox 935 1367 1096 1434; x_wconf 63' lang='lat' dir='ltr'><strong>caelo,</strong></span> <span class='ocrx_word' id='word_1_95' title='bbox 1132 1367 1305 1422; x_wconf 86' lang='lat' dir='ltr'><strong>Filius</strong></span> <span class='ocrx_word' id='word_1_96' title='bbox 1347 1364 1456 1435; x_wconf 77' lang='lat'><strong>36</strong></span> <span class='ocrx_word' id='word_1_97' title='bbox 1497 1361 1735 1417; x_wconf 87' lang='lat' dir='ltr'><strong>hominis</strong></span> <span class='ocrx_word' id='word_1_98' title='bbox 1759 1360 1823 1414; x_wconf 80' lang='grc'><strong>³⁸.</strong></span> <span class='ocrx_word' id='word_1_99' title='bbox 1851 1379 1870 1412; x_wconf 71' lang='grc' dir='ltr'><strong>ι</strong></span> <span class='ocrx_word' id='word_1_100' title='bbox 1909 1357 2110 1414; x_wconf 65' lang='lat' dir='ltr'><strong>Judaais</strong></span> 
     </span>
    </p>
   </div>
   <div class='ocr_carea' id='block_1_16' title="bbox 525 1449 2112 1528">
    <p class='ocr_par' dir='ltr' id='par_1_16' title="bbox 525 1449 2112 1528">
     <span class='ocr_line' id='line_1_16' title="bbox 525 1449 2112 1528; baseline -0.009 -11"><span class='ocrx_word' id='word_1_101' title='bbox 525 1473 705 1517; x_wconf 88' lang='lat' dir='ltr'><strong>autem</strong></span> <span class='ocrx_word' id='word_1_102' title='bbox 751 1460 940 1515; x_wconf 88' lang='lat' dir='ltr'><strong>eodem</strong></span> <span class='ocrx_word' id='word_1_103' title='bbox 968 1459 1129 1528; x_wconf 83' lang='lat' dir='ltr'><strong>plane</strong></span> <span class='ocrx_word' id='word_1_104' title='bbox 1162 1456 1392 1512; x_wconf 77' lang='lat' dir='ltr'><strong>inscitia:</strong></span> <span class='ocrx_word' id='word_1_105' title='bbox 1427 1455 1618 1508; x_wconf 90' lang='lat' dir='ltr'><strong>morbo</strong></span> <span class='ocrx_word' id='word_1_106' title='bbox 1661 1467 1784 1506; x_wconf 91' lang='lat' dir='ltr'><strong>cum</strong></span> <span class='ocrx_word' id='word_1_107' title='bbox 1819 1449 2112 1504; x_wconf 81' lang='lat' dir='ltr'><strong>Nicodemo</strong></span> 
     </span>
    </p>
   </div>
   <div class='ocr_carea' id='block_1_17' title="bbox 524 1539 2108 1618">
    <p class='ocr_par' dir='ltr' id='par_1_17' title="bbox 524 1539 2108 1618">
     <span class='ocr_line' id='line_1_17' title="bbox 524 1539 2108 1618; baseline -0.009 -13"><span class='ocrx_word' id='word_1_108' title='bbox 524 1549 916 1613; x_wconf 81' lang='lat' dir='ltr'><strong>laborantibus,</strong></span> <span class='ocrx_word' id='word_1_109' title='bbox 943 1549 1154 1618; x_wconf 90' lang='lat' dir='ltr'><strong>ipsique</strong></span> <span class='ocrx_word' id='word_1_110' title='bbox 1202 1547 1346 1616; x_wconf 90' lang='lat' dir='ltr'><strong>quod</strong></span> <span class='ocrx_word' id='word_1_111' title='bbox 1390 1559 1586 1613; x_wconf 92' lang='lat' dir='ltr'><strong>corpus</strong></span> <span class='ocrx_word' id='word_1_112' title='bbox 1612 1556 1767 1598; x_wconf 92' lang='lat' dir='ltr'><strong>suum</strong></span> <span class='ocrx_word' id='word_1_113' title='bbox 1811 1539 2108 1603; x_wconf 85' lang='lat' dir='ltr'><strong>vivilicum,</strong></span> 
     </span>
    </p>
   </div>
   <div class='ocr_carea' id='block_1_18' title="bbox 527 1635 2112 1709">
    <p class='ocr_par' dir='ltr' id='par_1_18' title="bbox 527 1635 2112 1709">
     <span class='ocr_line' id='line_1_18' title="bbox 527 1635 2112 1709; baseline -0.006 -12"><span class='ocrx_word' id='word_1_114' title='bbox 527 1657 736 1697; x_wconf 85' lang='lat' dir='ltr'><strong>necnon</strong></span> <span class='ocrx_word' id='word_1_115' title='bbox 758 1643 823 1697; x_wconf 91' lang='lat' dir='ltr'><strong>de</strong></span> <span class='ocrx_word' id='word_1_116' title='bbox 841 1640 979 1697; x_wconf 66' lang='lat' dir='ltr'><strong>caelo</strong></span> <span class='ocrx_word' id='word_1_117' title='bbox 1011 1639 1276 1709; x_wconf 84' lang='lat' dir='ltr'><strong>dilapsum</strong></span> <span class='ocrx_word' id='word_1_118' title='bbox 1299 1637 1619 1701; x_wconf 75' lang='lat' dir='ltr'><strong>afﬁrmaret,</strong></span> <span class='ocrx_word' id='word_1_119' title='bbox 1639 1635 1820 1689; x_wconf 91' lang='lat' dir='ltr'><strong>nescio</strong></span> <span class='ocrx_word' id='word_1_120' title='bbox 1844 1635 2112 1702; x_wconf 91' lang='lat' dir='ltr'><strong>quomodo</strong></span> 
     </span>
    </p>
   </div>
   <div class='ocr_carea' id='block_1_19' title="bbox 529 1725 2112 1794">
    <p class='ocr_par' dir='ltr' id='par_1_19' title="bbox 529 1725 2112 1794">
     <span class='ocr_line' id='line_1_19' title="bbox 529 1725 2112 1794; baseline -0.006 -5"><span class='ocrx_word' id='word_1_121' title='bbox 529 1736 754 1789; x_wconf 87' lang='lat' dir='ltr'><strong>illudere</strong></span> <span class='ocrx_word' id='word_1_122' title='bbox 807 1749 914 1788; x_wconf 90' lang='lat' dir='ltr'><strong>non</strong></span> <span class='ocrx_word' id='word_1_123' title='bbox 953 1732 1347 1794; x_wconf 89' lang='lat' dir='ltr'><strong>dubitantibus,</strong></span> <span class='ocrx_word' id='word_1_124' title='bbox 1375 1730 1455 1784; x_wconf 92' lang='lat' dir='ltr'><strong>sic</strong></span> <span class='ocrx_word' id='word_1_125' title='bbox 1506 1729 1687 1783; x_wconf 87' lang='lat' dir='ltr'><strong>aiebat</strong></span> <span class='ocrx_word' id='word_1_126' title='bbox 1729 1741 1746 1782; x_wconf 91' lang='lat'><strong>:</strong></span> <span class='ocrx_word' id='word_1_127' title='bbox 1793 1745 1811 1778; x_wconf 71' lang='grc' dir='ltr'><strong>ι</strong></span> <span class='ocrx_word' id='word_1_128' title='bbox 1853 1725 1968 1780; x_wconf 86' lang='lat' dir='ltr'><strong>Hoc</strong></span> <span class='ocrx_word' id='word_1_129' title='bbox 2018 1738 2112 1779; x_wconf 89' lang='lat' dir='ltr'><strong>vos</strong></span> 
     </span>
    </p>
   </div>
   <div class='ocr_carea' id='block_1_20' title="bbox 2201 531 3791 606">
    <p class='ocr_par' dir='ltr' id='par_1_20' title="bbox 2201 531 3791 606">
     <span class='ocr_line' id='line_1_20' title="bbox 2201 531 3791 606; baseline -0.003 -17"><span class='ocrx_word' id='word_1_130' title='bbox 2201 534 2344 589; x_wconf 88' lang='grc' dir='ltr'><strong>κατά</strong></span> <span class='ocrx_word' id='word_1_131' title='bbox 2365 533 2636 606; x_wconf 78' lang='grc' dir='ltr'>σύμϐασιν</span> <span class='ocrx_word' id='word_1_132' title='bbox 2659 531 3006 603; x_wconf 79' lang='grc' dir='ltr'>οἰκονομικὴν</span> <span class='ocrx_word' id='word_1_133' title='bbox 3027 531 3094 584; x_wconf 74' lang='grc' dir='ltr'><strong>τὰ</strong></span> <span class='ocrx_word' id='word_1_134' title='bbox 3118 532 3225 584; x_wconf 83' lang='grc' dir='ltr'><strong>τῶν</strong></span> <span class='ocrx_word' id='word_1_135' title='bbox 3249 531 3462 600; x_wconf 81' lang='grc' dir='ltr'>φύσεων</span> <span class='ocrx_word' id='word_1_136' title='bbox 3488 531 3791 602; x_wconf 75' lang='grc' dir='ltr'>ἰδιώματα.</span> 
     </span>
    </p>
   </div>
   <div class='ocr_carea' id='block_1_21' title="bbox 2199 622 3796 696">
    <p class='ocr_par' dir='ltr' id='par_1_21' title="bbox 2199 622 3796 696">
     <span class='ocr_line' id='line_1_21' title="bbox 2199 622 3796 696; baseline -0.003 -18"><span class='ocrx_word' id='word_1_137' title='bbox 2199 626 2291 679; x_wconf 81' lang='grc' dir='ltr'>διὰ</span> <span class='ocrx_word' id='word_1_138' title='bbox 2321 625 2530 696; x_wconf 84' lang='grc' dir='ltr'><strong>μυρίων</strong></span> <span class='ocrx_word' id='word_1_139' title='bbox 2570 625 2708 677; x_wconf 83' lang='grc' dir='ltr'><strong>ὅσων</strong></span> <span class='ocrx_word' id='word_1_140' title='bbox 2734 625 2868 694; x_wconf 80' lang='grc' dir='ltr'>ἡμῖν</span> <span class='ocrx_word' id='word_1_141' title='bbox 2892 623 3082 694; x_wconf 83' lang='grc' dir='ltr'>ὁρᾶται</span> <span class='ocrx_word' id='word_1_142' title='bbox 3112 622 3308 691; x_wconf 84' lang='grc' dir='ltr'>λόγων.</span> <span class='ocrx_word' id='word_1_143' title='bbox 3342 623 3638 694; x_wconf 83' lang='grc' dir='ltr'><strong>Νικοδήμῳ</strong></span> <span class='ocrx_word' id='word_1_144' title='bbox 3686 623 3796 693; x_wconf 79' lang='grc' dir='ltr'>μὲν</span> 
     </span>
    </p>
   </div>
   <div class='ocr_carea' id='block_1_22' title="bbox 2201 716 3797 789">
    <p class='ocr_par' dir='ltr' id='par_1_22' title="bbox 2201 716 3797 789">
     <span class='ocr_line' id='line_1_22' title="bbox 2201 716 3797 789; baseline -0.001 -19"><span class='ocrx_word' id='word_1_145' title='bbox 2201 717 2310 789; x_wconf 74' lang='grc' dir='ltr'>γὰρ</span> <span class='ocrx_word' id='word_1_146' title='bbox 2332 719 2391 771; x_wconf 84' lang='grc' dir='ltr'><strong>οὐ</strong></span> <span class='ocrx_word' id='word_1_147' title='bbox 2426 718 2662 772; x_wconf 75' lang='grc' dir='ltr'><strong>συνιέντι</strong></span> <span class='ocrx_word' id='word_1_148' title='bbox 2685 716 2748 769; x_wconf 83' lang='grc' dir='ltr'>τὸ</span> <span class='ocrx_word' id='word_1_149' title='bbox 2781 717 3100 788; x_wconf 81' lang='grc' dir='ltr'>μυστήριον,</span> <span class='ocrx_word' id='word_1_150' title='bbox 3129 716 3530 787; x_wconf 85' lang='grc' dir='ltr'>ἀνακεκραγότι</span> <span class='ocrx_word' id='word_1_151' title='bbox 3555 717 3611 769; x_wconf 79' lang='grc' dir='ltr'><strong>δὲ</strong></span> <span class='ocrx_word' id='word_1_152' title='bbox 3641 717 3797 785; x_wconf 76' lang='grc' dir='ltr'>ἅμα·</span> 
     </span>
    </p>
   </div>
   <div class='ocr_carea' id='block_1_23' title="bbox 2210 807 3797 877">
    <p class='ocr_par' dir='ltr' id='par_1_23' title="bbox 2210 807 3797 877">
     <span class='ocr_line' id='line_1_23' title="bbox 2210 807 3797 877; baseline -0.003 -14"><span class='ocrx_word' id='word_1_153' title='bbox 2210 810 2506 874; x_wconf 77' lang='grc' dir='ltr'>θῶςοιῐιῶς</span> <span class='ocrx_word' id='word_1_154' title='bbox 2533 808 2754 863; x_wconf 81' lang='grc' dir='ltr'>δύναται</span> <span class='ocrx_word' id='word_1_155' title='bbox 2783 808 2953 861; x_wconf 74' lang='grc' dir='ltr'>ταῦτα</span> <span class='ocrx_word' id='word_1_156' title='bbox 2982 807 3237 877; x_wconf 77' lang='grc' dir='ltr'>γενέσθαι</span> <span class='ocrx_word' id='word_1_157' title='bbox 3258 808 3411 870; x_wconf 74' lang='grc' dir='ltr'>ς-Εί</span> <span class='ocrx_word' id='word_1_158' title='bbox 3439 808 3507 862; x_wconf 79' lang='grc' dir='ltr'><strong>τά</strong></span> <span class='ocrx_word' id='word_1_159' title='bbox 3542 808 3797 877; x_wconf 76' lang='grc' dir='ltr'>ἐπίγεια,</span> 
     </span>
    </p>
   </div>
   <div class='ocr_carea' id='block_1_24' title="bbox 2207 897 3800 973">
    <p class='ocr_par' dir='ltr' id='par_1_24' title="bbox 2207 897 3800 973">
     <span class='ocr_line' id='line_1_24' title="bbox 2207 897 3800 973; baseline 0 -19"><span class='ocrx_word' id='word_1_160' title='bbox 2207 903 2389 973; x_wconf 75' lang='grc' dir='ltr'>φησὶν,</span> <span class='ocrx_word' id='word_1_161' title='bbox 2423 897 2574 954; x_wconf 76' lang='grc' dir='ltr'>εἷπον</span> <span class='ocrx_word' id='word_1_162' title='bbox 2609 903 2759 971; x_wconf 83' lang='grc' dir='ltr'>ὑμῖν,</span> <span class='ocrx_word' id='word_1_163' title='bbox 2803 901 2896 954; x_wconf 75' lang='grc' dir='ltr'><strong>καὶ</strong></span> <span class='ocrx_word' id='word_1_164' title='bbox 2923 901 2984 953; x_wconf 81' lang='grc' dir='ltr'><strong>οὐ</strong></span> <span class='ocrx_word' id='word_1_165' title='bbox 3019 901 3338 954; x_wconf 78' lang='grc' dir='ltr'>πιστεύετε·</span> <span class='ocrx_word' id='word_1_166' title='bbox 3372 901 3485 965; x_wconf 79' lang='grc' dir='ltr'>πῶς</span> <span class='ocrx_word' id='word_1_167' title='bbox 3520 901 3614 956; x_wconf 76' lang='grc' dir='ltr'><strong>ἐὰν</strong></span> <span class='ocrx_word' id='word_1_168' title='bbox 3650 902 3800 954; x_wconf 74' lang='grc' dir='ltr'>εἴπω</span> 
     </span>
    </p>
   </div>
   <div class='ocr_carea' id='block_1_25' title="bbox 2205 993 3801 1066">
    <p class='ocr_par' dir='ltr' id='par_1_25' title="bbox 2205 993 3801 1066">
     <span class='ocr_line' id='line_1_25' title="bbox 2205 993 3801 1066; baseline -0.002 -17"><span class='ocrx_word' id='word_1_169' title='bbox 2205 996 2274 1049; x_wconf 81' lang='grc' dir='ltr'>τὰ</span> <span class='ocrx_word' id='word_1_170' title='bbox 2309 995 2611 1066; x_wconf 75' lang='grc' dir='ltr'>ἐπουράνια</span> <span class='ocrx_word' id='word_1_171' title='bbox 2647 995 2796 1064; x_wconf 83' lang='grc' dir='ltr'>ὑμῖν,</span> <span class='ocrx_word' id='word_1_172' title='bbox 2830 994 3186 1065; x_wconf 63' lang='lat' dir='ltr'><strong>metatio-ms;</strong></span> <span class='ocrx_word' id='word_1_173' title='bbox 3222 993 3331 1047; x_wconf 66' lang='grc' dir='ltr'><strong>Καὶ</strong></span> <span class='ocrx_word' id='word_1_174' title='bbox 3367 994 3539 1057; x_wconf 73' lang='grc' dir='ltr'>οὐδεὶς</span> <span class='ocrx_word' id='word_1_175' title='bbox 3584 994 3801 1046; x_wconf 77' lang='grc' dir='ltr'>ἀναδέ-</span> 
     </span>
    </p>
   </div>
   <div class='ocr_carea' id='block_1_26' title="bbox 2209 1084 3805 1158">
    <p class='ocr_par' dir='ltr' id='par_1_26' title="bbox 2209 1084 3805 1158">
     <span class='ocr_line' id='line_1_26' title="bbox 2209 1084 3805 1158; baseline -0.001 -19"><span class='ocrx_word' id='word_1_176' title='bbox 2209 1088 2378 1158; x_wconf 76' lang='grc' dir='ltr'>σηκεν</span> <span class='ocrx_word' id='word_1_177' title='bbox 2407 1089 2486 1149; x_wconf 87' lang='grc' dir='ltr'>εἰς</span> <span class='ocrx_word' id='word_1_178' title='bbox 2510 1086 2601 1138; x_wconf 77' lang='grc' dir='ltr'><strong>τὸν</strong></span> <span class='ocrx_word' id='word_1_179' title='bbox 2630 1084 2877 1157; x_wconf 69' lang='grc' dir='ltr'>οὐρανὸν,</span> <span class='ocrx_word' id='word_1_180' title='bbox 2907 1088 2956 1139; x_wconf 89' lang='grc' dir='ltr'><strong>εί</strong></span> <span class='ocrx_word' id='word_1_181' title='bbox 2993 1085 3066 1157; x_wconf 82' lang='grc' dir='ltr'>μὴ</span> <span class='ocrx_word' id='word_1_182' title='bbox 3096 1088 3123 1139; x_wconf 88' lang='grc' dir='ltr'>ὀ</span> <span class='ocrx_word' id='word_1_183' title='bbox 3153 1086 3281 1150; x_wconf 77' lang='grc' dir='ltr'>Υίδς</span> <span class='ocrx_word' id='word_1_184' title='bbox 3304 1085 3398 1139; x_wconf 80' lang='grc' dir='ltr'>τοῦ</span> <span class='ocrx_word' id='word_1_185' title='bbox 3432 1086 3728 1155; x_wconf 78' lang='grc' dir='ltr'>ἀνθρώπου</span> <span class='ocrx_word' id='word_1_186' title='bbox 3775 1088 3805 1138; x_wconf 83' lang='grc' dir='ltr'>ὁ</span> 
     </span>
    </p>
   </div>
   <div class='ocr_carea' id='block_1_27' title="bbox 2211 1175 3806 1249">
    <p class='ocr_par' dir='ltr' id='par_1_27' title="bbox 2211 1175 3806 1249">
     <span class='ocr_line' id='line_1_27' title="bbox 2211 1175 3806 1249; baseline 0.001 -18"><span class='ocrx_word' id='word_1_187' title='bbox 2211 1179 2275 1231; x_wconf 85' lang='grc' dir='ltr'>ὲκ</span> <span class='ocrx_word' id='word_1_188' title='bbox 2314 1177 2407 1230; x_wconf 83' lang='grc' dir='ltr'>τοῦ</span> <span class='ocrx_word' id='word_1_189' title='bbox 2443 1175 2669 1249; x_wconf 73' lang='grc' dir='ltr'>οὐρανοῦ</span> <span class='ocrx_word' id='word_1_190' title='bbox 2714 1177 2980 1240; x_wconf 78' lang='grc' dir='ltr'>καταϐάς.</span> <span class='ocrx_word' id='word_1_191' title='bbox 3006 1196 3024 1228; x_wconf 75' lang='grc' dir='ltr'><strong>ι</strong></span> <span class='ocrx_word' id='word_1_192' title='bbox 3071 1177 3346 1241; x_wconf 77' lang='grc' dir='ltr'>Ἰουδαίοις</span> <span class='ocrx_word' id='word_1_193' title='bbox 3381 1195 3438 1230; x_wconf 87' lang='grc' dir='ltr'><strong>τε</strong></span> <span class='ocrx_word' id='word_1_194' title='bbox 3479 1178 3642 1231; x_wconf 73' lang='grc' dir='ltr'><strong>Ιπάλιν</strong></span> <span class='ocrx_word' id='word_1_195' title='bbox 3694 1178 3806 1249; x_wconf 81' lang='grc' dir='ltr'>τὴν</span> 
     </span>
    </p>
   </div>
   <div class='ocr_carea' id='block_1_28' title="bbox 2211 1270 3808 1343">
    <p class='ocr_par' dir='ltr' id='par_1_28' title="bbox 2211 1270 3808 1343">
     <span class='ocr_line' id='line_1_28' title="bbox 2211 1270 3808 1343; baseline 0 -19"><span class='ocrx_word' id='word_1_196' title='bbox 2211 1273 2333 1343; x_wconf 83' lang='grc' dir='ltr'>ίσην</span> <span class='ocrx_word' id='word_1_197' title='bbox 2365 1271 2555 1342; x_wconf 74' lang='grc' dir='ltr'>ἐκείνῳ</span> <span class='ocrx_word' id='word_1_198' title='bbox 2587 1270 2832 1324; x_wconf 79' lang='grc' dir='ltr'>νοσοῦσιν</span> <span class='ocrx_word' id='word_1_199' title='bbox 2855 1270 3232 1335; x_wconf 74' lang='grc' dir='ltr'>ἀπαιδευσίαν,</span> <span class='ocrx_word' id='word_1_200' title='bbox 3267 1272 3359 1325; x_wconf 78' lang='grc' dir='ltr'><strong>καὶ</strong></span> <span class='ocrx_word' id='word_1_201' title='bbox 3392 1271 3670 1343; x_wconf 83' lang='grc' dir='ltr'>διαγελᾷν,</span> <span class='ocrx_word' id='word_1_202' title='bbox 3695 1273 3808 1324; x_wconf 74' lang='grc' dir='ltr'><strong>οὐκ</strong></span> 
     </span>
    </p>
   </div>
   <div class='ocr_carea' id='block_1_29' title="bbox 2212 1360 3809 1434">
    <p class='ocr_par' dir='ltr' id='par_1_29' title="bbox 2212 1360 3809 1434">
     <span class='ocr_line' id='line_1_29' title="bbox 2212 1360 3809 1434; baseline -0.001 -16"><span class='ocrx_word' id='word_1_203' title='bbox 2212 1360 2305 1418; x_wconf 80' lang='grc' dir='ltr'>οἷδ’</span> <span class='ocrx_word' id='word_1_204' title='bbox 2327 1365 2494 1431; x_wconf 83' lang='grc' dir='ltr'>ὅπως,</span> <span class='ocrx_word' id='word_1_205' title='bbox 2522 1364 2800 1434; x_wconf 75' lang='grc' dir='ltr'>ἑλομένοις</span> <span class='ocrx_word' id='word_1_206' title='bbox 2822 1363 3002 1428; x_wconf 77' lang='grc' dir='ltr'>αὐτὸν,</span> <span class='ocrx_word' id='word_1_207' title='bbox 3019 1363 3251 1434; x_wconf 81' lang='grc' dir='ltr'>ἐπείπερ</span> <span class='ocrx_word' id='word_1_208' title='bbox 3276 1363 3379 1434; x_wconf 67' lang='grc' dir='ltr'><strong>ἔφη</strong></span> <span class='ocrx_word' id='word_1_209' title='bbox 3409 1363 3675 1428; x_wconf 76' lang='grc' dir='ltr'>ζωοποιὸν</span> <span class='ocrx_word' id='word_1_210' title='bbox 3701 1363 3809 1416; x_wconf 70' lang='grc' dir='ltr'><strong>καὶ</strong></span> 
     </span>
    </p>
   </div>
   <div class='ocr_carea' id='block_1_30' title="bbox 2213 1455 3808 1528">
    <p class='ocr_par' dir='ltr' id='par_1_30' title="bbox 2213 1455 3808 1528">
     <span class='ocr_line' id='line_1_30' title="bbox 2213 1455 3808 1528; baseline 0 -18"><span class='ocrx_word' id='word_1_211' title='bbox 2213 1456 2272 1524; x_wconf 77' lang='grc' dir='ltr'><strong>ἐξ</strong></span> <span class='ocrx_word' id='word_1_212' title='bbox 2305 1457 2534 1528; x_wconf 80' lang='grc' dir='ltr'>οὐρανοῦ</span> <span class='ocrx_word' id='word_1_213' title='bbox 2579 1458 2638 1510; x_wconf 82' lang='grc' dir='ltr'><strong>τὸ</strong></span> <span class='ocrx_word' id='word_1_214' title='bbox 2672 1457 2802 1510; x_wconf 86' lang='grc' dir='ltr'>ίδιον</span> <span class='ocrx_word' id='word_1_215' title='bbox 2838 1457 3024 1528; x_wconf 81' lang='grc' dir='ltr'>σῶμα·</span> <span class='ocrx_word' id='word_1_216' title='bbox 3060 1474 3078 1507; x_wconf 76' lang='grc' dir='ltr'><strong>ι</strong></span> <span class='ocrx_word' id='word_1_217' title='bbox 3115 1457 3287 1508; x_wconf 79' lang='grc' dir='ltr'>Τοῦτο</span> <span class='ocrx_word' id='word_1_218' title='bbox 3325 1458 3469 1526; x_wconf 82' lang='grc' dir='ltr'>ὑμᾶς</span> <span class='ocrx_word' id='word_1_219' title='bbox 3508 1455 3808 1510; x_wconf 84' lang='grc' dir='ltr'>σκανδαλί-</span> 
     </span>
    </p>
   </div>
   <div class='ocr_carea' id='block_1_31' title="bbox 2216 1544 3804 1619">
    <p class='ocr_par' dir='ltr' id='par_1_31' title="bbox 2216 1544 3804 1619">
     <span class='ocr_line' id='line_1_31' title="bbox 2216 1544 3804 1619; baseline -0.002 -18"><span class='ocrx_word' id='word_1_220' title='bbox 2216 1548 2328 1612; x_wconf 69' lang='lat' dir='ltr'><strong>Cat;</strong></span> <span class='ocrx_word' id='word_1_221' title='bbox 2373 1549 2536 1619; x_wconf 77' lang='grc' dir='ltr'>φησίν</span> <span class='ocrx_word' id='word_1_222' title='bbox 2562 1566 2575 1578; x_wconf 85' lang='grc'>·</span> <span class='ocrx_word' id='word_1_223' title='bbox 2611 1548 2704 1603; x_wconf 79' lang='grc' dir='ltr'>ἐὰν</span> <span class='ocrx_word' id='word_1_224' title='bbox 2730 1544 2820 1600; x_wconf 69' lang='grc' dir='ltr'>οὖν</span> <span class='ocrx_word' id='word_1_225' title='bbox 2853 1548 3089 1619; x_wconf 79' lang='grc' dir='ltr'>θεωρῆτε</span> <span class='ocrx_word' id='word_1_226' title='bbox 3113 1547 3203 1600; x_wconf 72' lang='grc' dir='ltr'>τὸν</span> <span class='ocrx_word' id='word_1_227' title='bbox 3229 1547 3356 1600; x_wconf 76' lang='grc' dir='ltr'>Υίον</span> <span class='ocrx_word' id='word_1_228' title='bbox 3381 1545 3473 1600; x_wconf 77' lang='grc' dir='ltr'>τοῦ</span> <span class='ocrx_word' id='word_1_229' title='bbox 3501 1547 3804 1617; x_wconf 75' lang='grc' dir='ltr'>ἀνθρώπου</span> 
     </span>
    </p>
   </div>
   <div class='ocr_carea' id='block_1_32' title="bbox 2215 1637 3886 1712">
    <p class='ocr_par' dir='ltr' id='par_1_32' title="bbox 2215 1637 3886 1712">
     <span class='ocr_line' id='line_1_32' title="bbox 2215 1637 3886 1712; baseline -0.002 -18"><span class='ocrx_word' id='word_1_230' title='bbox 2215 1641 2572 1694; x_wconf 74' lang='grc' dir='ltr'>ἀναϐαίνοντα</span> <span class='ocrx_word' id='word_1_231' title='bbox 2618 1642 2753 1694; x_wconf 84' lang='grc' dir='ltr'>ὅπου</span> <span class='ocrx_word' id='word_1_232' title='bbox 2786 1637 2853 1712; x_wconf 81' lang='grc' dir='ltr'>ἦν</span> <span class='ocrx_word' id='word_1_233' title='bbox 2895 1640 2955 1693; x_wconf 80' lang='grc' dir='ltr'>τὺ</span> <span class='ocrx_word' id='word_1_234' title='bbox 2999 1641 3296 1712; x_wconf 86' lang='grc' dir='ltr'>πρότερον;</span> <span class='ocrx_word' id='word_1_235' title='bbox 3329 1659 3346 1690; x_wconf 70' lang='grc' dir='ltr'><strong>ι</strong></span> <span class='ocrx_word' id='word_1_236' title='bbox 3388 1642 3459 1692; x_wconf 81' lang='grc' dir='ltr'><strong>’Ἡ</strong></span> <span class='ocrx_word' id='word_1_237' title='bbox 3488 1640 3610 1709; x_wconf 69' lang='grc' dir='ltr'><strong>οὖχὶ</strong></span> <span class='ocrx_word' id='word_1_238' title='bbox 3645 1641 3808 1691; x_wconf 73' lang='grc' dir='ltr'>τετε·</span> <span class='ocrx_word' id='word_1_239' title='bbox 3882 1696 3886 1698; x_wconf 98' lang='lat'>_</span> 
     </span>
    </p>
   </div>
   <div class='ocr_carea' id='block_1_33' title="bbox 2217 1722 3807 1805">
    <p class='ocr_par' dir='ltr' id='par_1_33' title="bbox 2217 1722 3807 1805">
     <span class='ocr_line' id='line_1_33' title="bbox 2217 1722 3807 1805; baseline -0.004 -22"><span class='ocrx_word' id='word_1_240' title='bbox 2217 1729 2340 1800; x_wconf 85' lang='grc' dir='ltr'>χθαι</span> <span class='ocrx_word' id='word_1_241' title='bbox 2377 1730 2553 1800; x_wconf 74' lang='grc' dir='ltr'>φαμὲν</span> <span class='ocrx_word' id='word_1_242' title='bbox 2597 1732 2661 1805; x_wconf 68' lang='grc' dir='ltr'><strong>εκ</strong></span> <span class='ocrx_word' id='word_1_243' title='bbox 2704 1728 2962 1797; x_wconf 73' lang='grc' dir='ltr'>γυναικὸς</span> <span class='ocrx_word' id='word_1_244' title='bbox 3007 1744 3097 1780; x_wconf 90' lang='grc' dir='ltr'><strong>τον</strong></span> <span class='ocrx_word' id='word_1_245' title='bbox 3132 1727 3508 1798; x_wconf 73' lang='grc' dir='ltr'>Ἐμμανουήλς</span> <span class='ocrx_word' id='word_1_246' title='bbox 3555 1725 3670 1780; x_wconf 75' lang='grc' dir='ltr'><strong>Ποῦ</strong></span> <span class='ocrx_word' id='word_1_247' title='bbox 3705 1722 3807 1779; x_wconf 69' lang='grc' dir='ltr'>οὖν</span> 
     </span>
    </p>
   </div>
   <div class='ocr_carea' id='block_1_34' title="bbox 529 1805 2121 1894">
    <p class='ocr_par' dir='ltr' id='par_1_34' title="bbox 529 1817 2112 1888">
     <span class='ocr_line' id='line_1_34' title="bbox 529 1817 2112 1888; baseline -0.005 -12"><span class='ocrx_word' id='word_1_248' title='bbox 529 1820 898 1876; x_wconf 77' lang='lat' dir='ltr'><strong>scandalizat?</strong></span> <span class='ocrx_word' id='word_1_249' title='bbox 923 1820 980 1874; x_wconf 90' lang='lat' dir='ltr'><strong>Si</strong></span> <span class='ocrx_word' id='word_1_250' title='bbox 1009 1834 1138 1888; x_wconf 79' lang='lat' dir='ltr'><strong>ergo</strong></span> <span class='ocrx_word' id='word_1_251' title='bbox 1159 1819 1408 1874; x_wconf 87' lang='lat' dir='ltr'><strong>videritis</strong></span> <span class='ocrx_word' id='word_1_252' title='bbox 1430 1817 1626 1872; x_wconf 84' lang='lat' dir='ltr'><strong>Filium</strong></span> <span class='ocrx_word' id='word_1_253' title='bbox 1660 1817 1894 1870; x_wconf 88' lang='lat' dir='ltr'><strong>hominis</strong></span> <span class='ocrx_word' id='word_1_254' title='bbox 1927 1830 2112 1871; x_wconf 90' lang='lat' dir='ltr'><strong>ascen-</strong></span> 
     </span>
    </p>
   </div>
   <div class='ocr_carea' id='block_1_35' title="bbox 2224 1805 3804 1894">
    <p class='ocr_par' dir='ltr' id='par_1_35' title="bbox 2224 1815 3804 1894">
     <span class='ocr_line' id='line_1_35' title="bbox 2224 1815 3804 1894; baseline -0.003 -18"><span class='ocrx_word' id='word_1_255' title='bbox 2224 1824 2276 1876; x_wconf 76' lang='grc' dir='ltr'><strong>τὸ</strong></span> <span class='ocrx_word' id='word_1_256' title='bbox 2306 1823 2570 1894; x_wconf 84' lang='grc' dir='ltr'>πρότερον</span> <span class='ocrx_word' id='word_1_257' title='bbox 2594 1817 2685 1892; x_wconf 81' lang='grc' dir='ltr'>ἦν,</span> <span class='ocrx_word' id='word_1_258' title='bbox 2717 1821 2748 1892; x_wconf 78' lang='grc' dir='ltr'><strong>ἦ</strong></span> <span class='ocrx_word' id='word_1_259' title='bbox 2781 1821 2897 1883; x_wconf 83' lang='grc' dir='ltr'><strong>πῶς</strong></span> <span class='ocrx_word' id='word_1_260' title='bbox 2927 1818 3266 1889; x_wconf 76' lang='grc' dir='ltr'>ἀναϐέϐηκεν</span> <span class='ocrx_word' id='word_1_261' title='bbox 3297 1819 3423 1872; x_wconf 72' lang='grc' dir='ltr'>ἔνθα</span> <span class='ocrx_word' id='word_1_262' title='bbox 3458 1820 3623 1890; x_wconf 77' lang='grc' dir='ltr'>φησὶν</span> <span class='ocrx_word' id='word_1_263' title='bbox 3655 1815 3804 1872; x_wconf 73' lang='grc' dir='ltr'>εἶναι</span> 
     </span>
    </p>
   </div>
   <div class='ocr_carea' id='block_1_36' title="bbox 529 1907 2113 1980">
    <p class='ocr_par' dir='ltr' id='par_1_36' title="bbox 529 1907 2113 1980">
     <span class='ocr_line' id='line_1_36' title="bbox 529 1907 2113 1980; baseline -0.003 -15"><span class='ocrx_word' id='word_1_264' title='bbox 529 1913 745 1966; x_wconf 86' lang='lat' dir='ltr'><strong>dentem</strong></span> <span class='ocrx_word' id='word_1_265' title='bbox 793 1911 882 1966; x_wconf 88' lang='lat' dir='ltr'><strong>ubi</strong></span> <span class='ocrx_word' id='word_1_266' title='bbox 931 1913 1081 1980; x_wconf 90' lang='lat' dir='ltr'><strong>prius</strong></span> <span class='ocrx_word' id='word_1_267' title='bbox 1125 1910 1348 1964; x_wconf 79' lang='lat' dir='ltr'><strong>erat&quot;?</strong></span> <span class='ocrx_word' id='word_1_268' title='bbox 1385 1928 1404 1962; x_wconf 75' lang='grc' dir='ltr'><strong>ι</strong></span> <span class='ocrx_word' id='word_1_269' title='bbox 1455 1909 1636 1976; x_wconf 84' lang='lat' dir='ltr'><strong>Quid?</strong></span> <span class='ocrx_word' id='word_1_270' title='bbox 1667 1923 1846 1962; x_wconf 90' lang='lat' dir='ltr'><strong>nonne</strong></span> <span class='ocrx_word' id='word_1_271' title='bbox 1897 1907 2113 1962; x_wconf 84' lang='lat' dir='ltr'><strong>Emma-</strong></span> 
     </span>
    </p>
   </div>
   <div class='ocr_carea' id='block_1_37' title="bbox 530 1998 2113 2069">
    <p class='ocr_par' dir='ltr' id='par_1_37' title="bbox 530 1998 2113 2069">
     <span class='ocr_line' id='line_1_37' title="bbox 530 1998 2113 2069; baseline -0.003 -11"><span class='ocrx_word' id='word_1_272' title='bbox 530 2001 748 2058; x_wconf 85' lang='lat' dir='ltr'><strong>nuelem</strong></span> <span class='ocrx_word' id='word_1_273' title='bbox 778 2016 845 2057; x_wconf 79' lang='lat' dir='ltr'><strong>ex</strong></span> <span class='ocrx_word' id='word_1_274' title='bbox 871 2003 1099 2056; x_wconf 90' lang='lat' dir='ltr'><strong>muliere</strong></span> <span class='ocrx_word' id='word_1_275' title='bbox 1148 2011 1335 2056; x_wconf 88' lang='lat' dir='ltr'><strong>natum</strong></span> <span class='ocrx_word' id='word_1_276' title='bbox 1370 1999 1638 2055; x_wconf 85' lang='lat' dir='ltr'><strong>dicimus?</strong></span> <span class='ocrx_word' id='word_1_277' title='bbox 1673 1998 1774 2055; x_wconf 87' lang='lat' dir='ltr'><strong>Ubi</strong></span> <span class='ocrx_word' id='word_1_278' title='bbox 1806 2013 1936 2069; x_wconf 79' lang='lat' dir='ltr'><strong>ergo</strong></span> <span class='ocrx_word' id='word_1_279' title='bbox 1964 2000 2113 2068; x_wconf 89' lang='lat' dir='ltr'><strong>prius</strong></span> 
     </span>
    </p>
   </div>
   <div class='ocr_carea' id='block_1_38' title="bbox 529 2087 2110 2161">
    <p class='ocr_par' dir='ltr' id='par_1_38' title="bbox 529 2087 2110 2161">
     <span class='ocr_line' id='line_1_38' title="bbox 529 2087 2110 2161; baseline -0.003 -13"><span class='ocrx_word' id='word_1_280' title='bbox 529 2102 671 2160; x_wconf 87' lang='lat' dir='ltr'><strong>erat,</strong></span> <span class='ocrx_word' id='word_1_281' title='bbox 708 2103 800 2146; x_wconf 90' lang='lat' dir='ltr'><strong>aut</strong></span> <span class='ocrx_word' id='word_1_282' title='bbox 830 2107 937 2161; x_wconf 91' lang='lat' dir='ltr'><strong>qua</strong></span> <span class='ocrx_word' id='word_1_283' title='bbox 977 2093 1190 2147; x_wconf 86' lang='lat' dir='ltr'><strong>ratione</strong></span> <span class='ocrx_word' id='word_1_284' title='bbox 1217 2105 1282 2146; x_wconf 92' lang='lat' dir='ltr'><strong>eo</strong></span> <span class='ocrx_word' id='word_1_285' title='bbox 1314 2091 1625 2146; x_wconf 88' lang='lat' dir='ltr'><strong>ascendisse</strong></span> <span class='ocrx_word' id='word_1_286' title='bbox 1664 2104 1725 2144; x_wconf 90' lang='lat' dir='ltr'><strong>se</strong></span> <span class='ocrx_word' id='word_1_287' title='bbox 1769 2089 1984 2153; x_wconf 89' lang='lat' dir='ltr'><strong>asserit,</strong></span> <span class='ocrx_word' id='word_1_288' title='bbox 2019 2087 2110 2143; x_wconf 89' lang='lat' dir='ltr'><strong>ubi</strong></span> 
     </span>
    </p>
   </div>
   <div class='ocr_carea' id='block_1_39' title="bbox 535 2177 2110 2252">
    <p class='ocr_par' dir='ltr' id='par_1_39' title="bbox 535 2177 2110 2252">
     <span class='ocr_line' id='line_1_39' title="bbox 535 2177 2110 2252; baseline -0.002 -16"><span class='ocrx_word' id='word_1_289' title='bbox 535 2195 662 2238; x_wconf 88' lang='lat' dir='ltr'><strong>ante</strong></span> <span class='ocrx_word' id='word_1_290' title='bbox 683 2182 841 2238; x_wconf 76' lang='lat' dir='ltr'><strong>erat?</strong></span> <span class='ocrx_word' id='word_1_291' title='bbox 869 2181 1055 2237; x_wconf 83' lang='lat' dir='ltr'><strong>Nonne</strong></span> <span class='ocrx_word' id='word_1_292' title='bbox 1094 2195 1323 2252; x_wconf 91' lang='lat' dir='ltr'><strong>corpore</strong></span> <span class='ocrx_word' id='word_1_293' title='bbox 1359 2181 1464 2237; x_wconf 89' lang='lat' dir='ltr'><strong>sibi</strong></span> <span class='ocrx_word' id='word_1_294' title='bbox 1494 2181 1644 2236; x_wconf 90' lang='lat' dir='ltr'><strong>unito</strong></span> <span class='ocrx_word' id='word_1_295' title='bbox 1670 2195 1734 2235; x_wconf 78' lang='lat' dir='ltr'><strong>ex</strong></span> <span class='ocrx_word' id='word_1_296' title='bbox 1763 2190 1947 2235; x_wconf 88' lang='lat' dir='ltr'><strong>sancta</strong></span> <span class='ocrx_word' id='word_1_297' title='bbox 1982 2177 2110 2234; x_wconf 82' lang='lat' dir='ltr'><strong>Vir-</strong></span> 
     </span>
    </p>
   </div>
   <div class='ocr_carea' id='block_1_40' title="bbox 534 2272 2113 2346">
    <p class='ocr_par' dir='ltr' id='par_1_40' title="bbox 534 2272 2113 2346">
     <span class='ocr_line' id='line_1_40' title="bbox 534 2272 2113 2346; baseline -0.001 -18"><span class='ocrx_word' id='word_1_298' title='bbox 534 2277 659 2346; x_wconf 78' lang='lat' dir='ltr'><strong>gine</strong></span> <span class='ocrx_word' id='word_1_299' title='bbox 706 2283 895 2329; x_wconf 88' lang='lat' dir='ltr'><strong>natum</strong></span> <span class='ocrx_word' id='word_1_300' title='bbox 951 2273 1308 2344; x_wconf 77' lang='lat' dir='ltr'><strong>profitemur?</strong></span> <span class='ocrx_word' id='word_1_301' title='bbox 1351 2273 1545 2327; x_wconf 88' lang='lat' dir='ltr'><strong>Annon</strong></span> <span class='ocrx_word' id='word_1_302' title='bbox 1596 2287 1815 2326; x_wconf 86' lang='lat' dir='ltr'><strong>carnem</strong></span> <span class='ocrx_word' id='word_1_303' title='bbox 1873 2286 1994 2342; x_wconf 66' lang='lat' dir='ltr'><strong>qua:</strong></span> <span class='ocrx_word' id='word_1_304' title='bbox 2045 2272 2113 2326; x_wconf 90' lang='lat' dir='ltr'><strong>de</strong></span> 
     </span>
    </p>
   </div>
   <div class='ocr_carea' id='block_1_41' title="bbox 536 2364 2112 2437">
    <p class='ocr_par' dir='ltr' id='par_1_41' title="bbox 536 2364 2112 2437">
     <span class='ocr_line' id='line_1_41' title="bbox 536 2364 2112 2437; baseline -0.001 -17"><span class='ocrx_word' id='word_1_305' title='bbox 536 2379 682 2420; x_wconf 79' lang='lat' dir='ltr'><strong>terra</strong></span> <span class='ocrx_word' id='word_1_306' title='bbox 706 2367 966 2437; x_wconf 84' lang='lat' dir='ltr'><strong>est,quod</strong></span> <span class='ocrx_word' id='word_1_307' title='bbox 1001 2366 1222 2435; x_wconf 88' lang='lat' dir='ltr'><strong>quidem</strong></span> <span class='ocrx_word' id='word_1_308' title='bbox 1241 2364 1307 2418; x_wconf 89' lang='lat' dir='ltr'><strong>ad</strong></span> <span class='ocrx_word' id='word_1_309' title='bbox 1323 2365 1597 2436; x_wconf 87' lang='lat' dir='ltr'><strong>pr0priam</strong></span> <span class='ocrx_word' id='word_1_310' title='bbox 1621 2376 1869 2418; x_wconf 89' lang='lat' dir='ltr'><strong>naturam</strong></span> <span class='ocrx_word' id='word_1_311' title='bbox 1897 2365 2112 2431; x_wconf 90' lang='lat' dir='ltr'><strong>attinet,</strong></span> 
     </span>
    </p>
   </div>
   <div class='ocr_carea' id='block_1_42' title="bbox 535 2457 2118 2528">
    <p class='ocr_par' dir='ltr' id='par_1_42' title="bbox 535 2457 2118 2528">
     <span class='ocr_line' id='line_1_42' title="bbox 535 2457 2118 2528; baseline 0.001 -16"><span class='ocrx_word' id='word_1_312' title='bbox 535 2457 860 2513; x_wconf 72' lang='lat' dir='ltr'><strong>inefﬁcacem</strong></span> <span class='ocrx_word' id='word_1_313' title='bbox 909 2459 976 2513; x_wconf 88' lang='lat' dir='ltr'><strong>ad</strong></span> <span class='ocrx_word' id='word_1_314' title='bbox 1008 2459 1110 2513; x_wconf 88' lang='lat' dir='ltr'><strong>hoc</strong></span> <span class='ocrx_word' id='word_1_315' title='bbox 1155 2472 1277 2514; x_wconf 91' lang='lat' dir='ltr'><strong>esse</strong></span> <span class='ocrx_word' id='word_1_316' title='bbox 1331 2459 1702 2528; x_wconf 82' lang='lat' dir='ltr'><strong>agnoscimus,</strong></span> <span class='ocrx_word' id='word_1_317' title='bbox 1743 2469 1804 2514; x_wconf 88' lang='lat' dir='ltr'><strong>ut</strong></span> <span class='ocrx_word' id='word_1_318' title='bbox 1838 2460 2118 2514; x_wconf 82' lang='lat' dir='ltr'><strong>viviﬁcare</strong></span> 
     </span>
    </p>
   </div>
   <div class='ocr_carea' id='block_1_43' title="bbox 536 2551 2117 2622">
    <p class='ocr_par' dir='ltr' id='par_1_43' title="bbox 536 2551 2117 2622">
     <span class='ocr_line' id='line_1_43' title="bbox 536 2551 2117 2622; baseline 0.002 -18"><span class='ocrx_word' id='word_1_319' title='bbox 536 2551 748 2620; x_wconf 81' lang='lat' dir='ltr'><strong>possit?</strong></span> <span class='ocrx_word' id='word_1_320' title='bbox 778 2551 896 2618; x_wconf 85' lang='lat' dir='ltr'><strong>Quo</strong></span> <span class='ocrx_word' id='word_1_321' title='bbox 925 2551 1088 2621; x_wconf 78' lang='lat' dir='ltr'><strong>igitur</strong></span> <span class='ocrx_word' id='word_1_322' title='bbox 1143 2551 1305 2606; x_wconf 91' lang='lat' dir='ltr'><strong>modo</strong></span> <span class='ocrx_word' id='word_1_323' title='bbox 1334 2552 1448 2617; x_wconf 90' lang='lat' dir='ltr'><strong>die,</strong></span> <span class='ocrx_word' id='word_1_324' title='bbox 1471 2565 1674 2622; x_wconf 69' lang='lat' dir='ltr'><strong>quaeso,</strong></span> <span class='ocrx_word' id='word_1_325' title='bbox 1701 2559 1793 2604; x_wconf 86' lang='lat' dir='ltr'><strong>aut</strong></span> <span class='ocrx_word' id='word_1_326' title='bbox 1825 2566 1952 2606; x_wconf 87' lang='lat' dir='ltr'><strong>caro</strong></span> <span class='ocrx_word' id='word_1_327' title='bbox 1979 2553 2117 2607; x_wconf 84' lang='lat' dir='ltr'><strong>vivi-</strong></span> 
     </span>
    </p>
   </div>
   <div class='ocr_carea' id='block_1_44' title="bbox 537 2639 2118 2710">
    <p class='ocr_par' dir='ltr' id='par_1_44' title="bbox 537 2639 2118 2710">
     <span class='ocr_line' id='line_1_44' title="bbox 537 2639 2118 2710; baseline -0.002 -15"><span class='ocrx_word' id='word_1_328' title='bbox 537 2642 638 2695; x_wconf 72' lang='lat' dir='ltr'><strong>iiea</strong></span> <span class='ocrx_word' id='word_1_329' title='bbox 675 2649 782 2707; x_wconf 91' lang='lat' dir='ltr'><strong>est,</strong></span> <span class='ocrx_word' id='word_1_330' title='bbox 811 2651 904 2693; x_wconf 88' lang='lat' dir='ltr'><strong>aut</strong></span> <span class='ocrx_word' id='word_1_331' title='bbox 949 2655 1150 2710; x_wconf 89' lang='lat' dir='ltr'><strong>corpus</strong></span> <span class='ocrx_word' id='word_1_332' title='bbox 1192 2641 1335 2709; x_wconf 92' lang='lat' dir='ltr'><strong>quod</strong></span> <span class='ocrx_word' id='word_1_333' title='bbox 1390 2650 1662 2695; x_wconf 88' lang='lat' dir='ltr'><strong>terrenum</strong></span> <span class='ocrx_word' id='word_1_334' title='bbox 1694 2649 1832 2693; x_wconf 89' lang='lat' dir='ltr'><strong>este</strong></span> <span class='ocrx_word' id='word_1_335' title='bbox 1870 2639 2007 2692; x_wconf 68' lang='lat' dir='ltr'><strong>oculo</strong></span> <span class='ocrx_word' id='word_1_336' title='bbox 2035 2641 2118 2693; x_wconf 83' lang='lat' dir='ltr'><strong>di-</strong></span> 
     </span>
    </p>
   </div>
   <div class='ocr_carea' id='block_1_45' title="bbox 538 2730 2118 2804">
    <p class='ocr_par' dir='ltr' id='par_1_45' title="bbox 538 2730 2118 2804">
     <span class='ocr_line' id='line_1_45' title="bbox 538 2730 2118 2804; baseline -0.003 -18"><span class='ocrx_word' id='word_1_337' title='bbox 538 2747 746 2804; x_wconf 61' lang='lat' dir='ltr'><strong>lapsum</strong></span> <span class='ocrx_word' id='word_1_338' title='bbox 772 2732 996 2802; x_wconf 86' lang='lat' dir='ltr'><strong>intelligi</strong></span> <span class='ocrx_word' id='word_1_339' title='bbox 1035 2732 1256 2800; x_wconf 76' lang='lat' dir='ltr'><strong>potest?</strong></span> <span class='ocrx_word' id='word_1_340' title='bbox 1282 2731 1480 2800; x_wconf 90' lang='lat' dir='ltr'><strong>Utique</strong></span> <span class='ocrx_word' id='word_1_341' title='bbox 1509 2730 1809 2788; x_wconf 89' lang='lat' dir='ltr'><strong>secundum</strong></span> <span class='ocrx_word' id='word_1_342' title='bbox 1843 2731 2118 2796; x_wconf 89' lang='lat' dir='ltr'><strong>unionem,</strong></span> 
     </span>
    </p>
   </div>
   <div class='ocr_carea' id='block_1_46' title="bbox 2219 1911 3804 1983">
    <p class='ocr_par' dir='ltr' id='par_1_46' title="bbox 2219 1911 3804 1983">
     <span class='ocr_line' id='line_1_46' title="bbox 2219 1911 3804 1983; baseline -0.002 -17"><span class='ocrx_word' id='word_1_343' title='bbox 2219 1915 2381 1967; x_wconf 78' lang='grc' dir='ltr'>αὐτὸν</span> <span class='ocrx_word' id='word_1_344' title='bbox 2408 1952 2420 1976; x_wconf 89' lang='grc'><strong>,</strong></span> <span class='ocrx_word' id='word_1_345' title='bbox 2463 1913 2640 1966; x_wconf 77' lang='grc' dir='ltr'>καίτοι</span> <span class='ocrx_word' id='word_1_346' title='bbox 2695 1911 2980 1982; x_wconf 80' lang='grc' dir='ltr'>τεχθέντος</span> <span class='ocrx_word' id='word_1_347' title='bbox 3032 1911 3118 1963; x_wconf 79' lang='grc' dir='ltr'><strong>διὰ</strong></span> <span class='ocrx_word' id='word_1_348' title='bbox 3156 1911 3255 1982; x_wconf 83' lang='grc' dir='ltr'>τῆς</span> <span class='ocrx_word' id='word_1_349' title='bbox 3308 1911 3470 1979; x_wconf 84' lang='grc' dir='ltr'>ἀγίας</span> <span class='ocrx_word' id='word_1_350' title='bbox 3514 1911 3804 1983; x_wconf 78' lang='grc' dir='ltr'>Παρθένου</span> 
     </span>
    </p>
   </div>
   <div class='ocr_carea' id='block_1_47' title="bbox 2219 2001 3806 2073">
    <p class='ocr_par' dir='ltr' id='par_1_47' title="bbox 2219 2001 3806 2073">
     <span class='ocr_line' id='line_1_47' title="bbox 2219 2001 3806 2073; baseline -0.004 -15"><span class='ocrx_word' id='word_1_351' title='bbox 2219 2005 2313 2058; x_wconf 79' lang='grc' dir='ltr'>τοῦ</span> <span class='ocrx_word' id='word_1_352' title='bbox 2339 2003 2629 2066; x_wconf 81' lang='grc' dir='ltr'>ὲνωθέντος</span> <span class='ocrx_word' id='word_1_353' title='bbox 2652 2002 2800 2073; x_wconf 78' lang='grc' dir='ltr'>αὐτῷ</span> <span class='ocrx_word' id='word_1_354' title='bbox 2829 2002 3100 2073; x_wconf 50' lang='grc' dir='ltr'>σώματος</span> <span class='ocrx_word' id='word_1_355' title='bbox 3123 2001 3257 2071; x_wconf 71' lang='grc' dir='ltr'>Οὐχὶ</span> <span class='ocrx_word' id='word_1_356' title='bbox 3280 2003 3336 2056; x_wconf 81' lang='grc' dir='ltr'><strong>δὲ</strong></span> <span class='ocrx_word' id='word_1_357' title='bbox 3369 2004 3461 2056; x_wconf 71' lang='grc' dir='ltr'>καὶ</span> <span class='ocrx_word' id='word_1_358' title='bbox 3491 2005 3806 2073; x_wconf 74' lang='grc' dir='ltr'>ἀπρακτεῖν</span> 
     </span>
    </p>
   </div>
   <div class='ocr_carea' id='block_1_48' title="bbox 2219 2092 3808 2166">
    <p class='ocr_par' dir='ltr' id='par_1_48' title="bbox 2219 2092 3808 2166">
     <span class='ocr_line' id='line_1_48' title="bbox 2219 2092 3808 2166; baseline -0.001 -19"><span class='ocrx_word' id='word_1_359' title='bbox 2219 2095 2614 2166; x_wconf 76' lang='grc' dir='ltr'>ὁμολογήσαιμ⁵</span> <span class='ocrx_word' id='word_1_360' title='bbox 2639 2094 2666 2134; x_wconf 72' lang='grc' dir='ltr'><strong>ι)</strong></span> <span class='ocrx_word' id='word_1_361' title='bbox 2697 2093 2763 2148; x_wconf 85' lang='grc' dir='ltr'><strong>ἂν</strong></span> <span class='ocrx_word' id='word_1_362' title='bbox 2793 2093 2890 2164; x_wconf 77' lang='grc' dir='ltr'>τὴν</span> <span class='ocrx_word' id='word_1_363' title='bbox 2925 2093 3031 2146; x_wconf 75' lang='grc' dir='ltr'>ἀπὸ</span> <span class='ocrx_word' id='word_1_364' title='bbox 3067 2093 3172 2162; x_wconf 77' lang='grc' dir='ltr'>γῆς</span> <span class='ocrx_word' id='word_1_365' title='bbox 3205 2094 3384 2164; x_wconf 86' lang='grc' dir='ltr'>σάρκα</span> <span class='ocrx_word' id='word_1_366' title='bbox 3431 2094 3564 2164; x_wconf 72' lang='grc' dir='ltr'>πρὸς</span> <span class='ocrx_word' id='word_1_367' title='bbox 3601 2093 3666 2146; x_wconf 76' lang='grc' dir='ltr'>τὸ</span> <span class='ocrx_word' id='word_1_368' title='bbox 3710 2092 3808 2145; x_wconf 74' lang='grc' dir='ltr'><strong>δύο</strong></span> 
     </span>
    </p>
   </div>
   <div class='ocr_carea' id='block_1_49' title="bbox 2217 2182 3807 2257">
    <p class='ocr_par' dir='ltr' id='par_1_49' title="bbox 2217 2182 3807 2257">
     <span class='ocr_line' id='line_1_49' title="bbox 2217 2182 3807 2257; baseline -0.001 -15"><span class='ocrx_word' id='word_1_369' title='bbox 2217 2189 2412 2242; x_wconf 86' lang='grc' dir='ltr'>νασθαι</span> <span class='ocrx_word' id='word_1_370' title='bbox 2443 2189 2748 2252; x_wconf 74' lang='grc' dir='ltr'>ζωοποιεῖν,</span> <span class='ocrx_word' id='word_1_371' title='bbox 2793 2187 2915 2240; x_wconf 81' lang='grc' dir='ltr'>ὅσον</span> <span class='ocrx_word' id='word_1_372' title='bbox 2958 2182 3091 2257; x_wconf 81' lang='grc' dir='ltr'>ἧκεν</span> <span class='ocrx_word' id='word_1_373' title='bbox 3139 2188 3217 2250; x_wconf 87' lang='grc' dir='ltr'>εἰς</span> <span class='ocrx_word' id='word_1_374' title='bbox 3255 2188 3389 2240; x_wconf 82' lang='grc' dir='ltr'>ἰδίαν</span> <span class='ocrx_word' id='word_1_375' title='bbox 3436 2185 3632 2257; x_wconf 78' lang='grc' dir='ltr'>φύσινς</span> <span class='ocrx_word' id='word_1_376' title='bbox 3677 2187 3807 2250; x_wconf 76' lang='grc' dir='ltr'>Πῶς</span> 
     </span>
    </p>
   </div>
   <div class='ocr_carea' id='block_1_50' title="bbox 2219 2275 3806 2350">
    <p class='ocr_par' dir='ltr' id='par_1_50' title="bbox 2219 2275 3806 2350">
     <span class='ocr_line' id='line_1_50' title="bbox 2219 2275 3806 2350; baseline -0.003 -17"><span class='ocrx_word' id='word_1_377' title='bbox 2219 2275 2330 2342; x_wconf 70' lang='grc' dir='ltr'>οὖν,</span> <span class='ocrx_word' id='word_1_378' title='bbox 2355 2280 2475 2332; x_wconf 82' lang='grc' dir='ltr'>είπὲ</span> <span class='ocrx_word' id='word_1_379' title='bbox 2508 2297 2620 2350; x_wconf 86' lang='grc' dir='ltr'>μοι,</span> <span class='ocrx_word' id='word_1_380' title='bbox 2649 2278 2911 2343; x_wconf 79' lang='grc' dir='ltr'>ζωοποιὸς</span> <span class='ocrx_word' id='word_1_381' title='bbox 2937 2281 2970 2349; x_wconf 86' lang='grc' dir='ltr'>ἡ</span> <span class='ocrx_word' id='word_1_382' title='bbox 2999 2276 3168 2344; x_wconf 57' lang='lat' dir='ltr'><strong>enipi;</strong></span> <span class='ocrx_word' id='word_1_383' title='bbox 3198 2279 3231 2349; x_wconf 78' lang='grc' dir='ltr'><strong>ἦ</strong></span> <span class='ocrx_word' id='word_1_384' title='bbox 3264 2277 3382 2342; x_wconf 83' lang='grc' dir='ltr'><strong>πῶς</strong></span> <span class='ocrx_word' id='word_1_385' title='bbox 3408 2279 3473 2332; x_wconf 79' lang='grc' dir='ltr'>ἂν</span> <span class='ocrx_word' id='word_1_386' title='bbox 3500 2281 3679 2331; x_wconf 82' lang='grc' dir='ltr'>νοοῖτο</span> <span class='ocrx_word' id='word_1_387' title='bbox 3706 2279 3806 2329; x_wconf 76' lang='grc' dir='ltr'>καὶ</span> 
     </span>
    </p>
   </div>
   <div class='ocr_carea' id='block_1_51' title="bbox 2221 2368 3806 2441">
    <p class='ocr_par' dir='ltr' id='par_1_51' title="bbox 2221 2368 3806 2441">
     <span class='ocr_line' id='line_1_51' title="bbox 2221 2368 3806 2441; baseline -0.001 -19"><span class='ocrx_word' id='word_1_388' title='bbox 2221 2370 2280 2436; x_wconf 78' lang='grc' dir='ltr'>ἐξ</span> <span class='ocrx_word' id='word_1_389' title='bbox 2315 2368 2548 2440; x_wconf 77' lang='grc' dir='ltr'>οὐρανοῦ</span> <span class='ocrx_word' id='word_1_390' title='bbox 2592 2370 2652 2422; x_wconf 85' lang='grc' dir='ltr'>τὺ</span> <span class='ocrx_word' id='word_1_391' title='bbox 2696 2369 2805 2422; x_wconf 84' lang='grc' dir='ltr'><strong>ἀπὸ</strong></span> <span class='ocrx_word' id='word_1_392' title='bbox 2834 2371 2965 2441; x_wconf 55' lang='grc' dir='ltr'>γῆς</span> <span class='ocrx_word' id='word_1_393' title='bbox 3008 2369 3146 2423; x_wconf 83' lang='grc' dir='ltr'>Καθ’</span> <span class='ocrx_word' id='word_1_394' title='bbox 3185 2369 3378 2422; x_wconf 85' lang='grc' dir='ltr'>’ἐνωσιν</span> <span class='ocrx_word' id='word_1_395' title='bbox 3410 2370 3673 2440; x_wconf 82' lang='grc' dir='ltr'>δηλονότι,</span> <span class='ocrx_word' id='word_1_396' title='bbox 3706 2369 3806 2439; x_wconf 71' lang='grc' dir='ltr'><strong>τὴν</strong></span> 
     </span>
    </p>
   </div>
   <div class='ocr_carea' id='block_1_52' title="bbox 2221 2460 3801 2531">
    <p class='ocr_par' dir='ltr' id='par_1_52' title="bbox 2221 2460 3801 2531">
     <span class='ocr_line' id='line_1_52' title="bbox 2221 2460 3801 2531; baseline 0.001 -19"><span class='ocrx_word' id='word_1_397' title='bbox 2221 2460 2360 2531; x_wconf 77' lang='grc' dir='ltr'>πρός</span> <span class='ocrx_word' id='word_1_398' title='bbox 2401 2461 2464 2528; x_wconf 79' lang='grc' dir='ltr'>γέ</span> <span class='ocrx_word' id='word_1_399' title='bbox 2509 2477 2649 2531; x_wconf 74' lang='grc' dir='ltr'>φημι</span> <span class='ocrx_word' id='word_1_400' title='bbox 2681 2461 2771 2514; x_wconf 75' lang='grc' dir='ltr'>τὸν</span> <span class='ocrx_word' id='word_1_401' title='bbox 2807 2461 2986 2524; x_wconf 76' lang='grc' dir='ltr'>ζῶντά</span> <span class='ocrx_word' id='word_1_402' title='bbox 3027 2478 3087 2513; x_wconf 88' lang='grc' dir='ltr'><strong>τε</strong></span> <span class='ocrx_word' id='word_1_403' title='bbox 3131 2463 3224 2515; x_wconf 70' lang='grc' dir='ltr'><strong>καὶ</strong></span> <span class='ocrx_word' id='word_1_404' title='bbox 3269 2461 3556 2531; x_wconf 79' lang='grc' dir='ltr'>οὐρανόθεν</span> <span class='ocrx_word' id='word_1_405' title='bbox 3583 2462 3801 2529; x_wconf 77' lang='grc' dir='ltr'>Λόγον·</span> 
     </span>
    </p>
   </div>
   <div class='ocr_carea' id='block_1_53' title="bbox 2221 2552 3808 2624">
    <p class='ocr_par' dir='ltr' id='par_1_53' title="bbox 2221 2552 3808 2624">
     <span class='ocr_line' id='line_1_53' title="bbox 2221 2552 3808 2624; baseline -0.001 -19"><span class='ocrx_word' id='word_1_406' title='bbox 2221 2553 2566 2624; x_wconf 75' lang='grc' dir='ltr'>φρονήσομεν</span> <span class='ocrx_word' id='word_1_407' title='bbox 2605 2554 2713 2623; x_wconf 79' lang='grc' dir='ltr'>γὰρ</span> <span class='ocrx_word' id='word_1_408' title='bbox 2759 2552 2855 2606; x_wconf 77' lang='grc' dir='ltr'>ὡδὶ</span> <span class='ocrx_word' id='word_1_409' title='bbox 2889 2553 2958 2605; x_wconf 73' lang='grc' dir='ltr'><strong>τὰ</strong></span> <span class='ocrx_word' id='word_1_410' title='bbox 3005 2552 3124 2606; x_wconf 88' lang='grc' dir='ltr'>λίαν</span> <span class='ocrx_word' id='word_1_411' title='bbox 3159 2552 3315 2624; x_wconf 76' lang='grc' dir='ltr'>ὀρθὰ,</span> <span class='ocrx_word' id='word_1_412' title='bbox 3354 2555 3446 2606; x_wconf 73' lang='grc' dir='ltr'><strong>καὶ</strong></span> <span class='ocrx_word' id='word_1_413' title='bbox 3481 2555 3594 2616; x_wconf 77' lang='grc' dir='ltr'>τοῖς</span> <span class='ocrx_word' id='word_1_414' title='bbox 3637 2555 3808 2624; x_wconf 57' lang='grc' dir='ltr'>ἱεροξ</span> 
     </span>
    </p>
   </div>
   <div class='ocr_carea' id='block_1_54' title="bbox 2225 2643 3811 2716">
    <p class='ocr_par' dir='ltr' id='par_1_54' title="bbox 2225 2643 3811 2716">
     <span class='ocr_line' id='line_1_54' title="bbox 2225 2643 3811 2716; baseline 0.002 -23"><span class='ocrx_word' id='word_1_415' title='bbox 2225 2643 2593 2713; x_wconf 79' lang='grc' dir='ltr'>συμϐαίνοντα</span> <span class='ocrx_word' id='word_1_416' title='bbox 2628 2644 2841 2711; x_wconf 81' lang='grc' dir='ltr'>Λόγοις.</span> <span class='ocrx_word' id='word_1_417' title='bbox 2862 2643 2960 2714; x_wconf 79' lang='grc' dir='ltr'>Εἴη</span> <span class='ocrx_word' id='word_1_418' title='bbox 2978 2644 3084 2714; x_wconf 73' lang='grc' dir='ltr'>γὰρ</span> <span class='ocrx_word' id='word_1_419' title='bbox 3103 2645 3200 2714; x_wconf 71' lang='grc' dir='ltr'><strong>οὐχ</strong></span> <span class='ocrx_word' id='word_1_420' title='bbox 3225 2645 3310 2697; x_wconf 77' lang='grc' dir='ltr'>ἐἶτε</span> <span class='ocrx_word' id='word_1_421' title='bbox 3322 2662 3410 2715; x_wconf 87' lang='grc' dir='ltr'><strong>ρος</strong></span> <span class='ocrx_word' id='word_1_422' title='bbox 3427 2646 3520 2696; x_wconf 72' lang='lat' dir='ltr'><strong>mi.</strong></span> <span class='ocrx_word' id='word_1_423' title='bbox 3541 2646 3811 2716; x_wconf 68' lang='grc' dir='ltr'>Δημιουρ-</span> 
     </span>
    </p>
   </div>
   <div class='ocr_carea' id='block_1_55' title="bbox 2224 2733 3510 2806">
    <p class='ocr_par' dir='ltr' id='par_1_55' title="bbox 2224 2733 3510 2806">
     <span class='ocr_line' id='line_1_55' title="bbox 2224 2733 3510 2806; baseline 0.002 -20"><span class='ocrx_word' id='word_1_424' title='bbox 2224 2734 2319 2803; x_wconf 78' lang='grc' dir='ltr'><strong>γδς</strong></span> <span class='ocrx_word' id='word_1_425' title='bbox 2344 2733 2560 2800; x_wconf 81' lang='grc' dir='ltr'>θεῖκῶς,</span> <span class='ocrx_word' id='word_1_426' title='bbox 2593 2735 2688 2786; x_wconf 74' lang='grc' dir='ltr'><strong>καὶ</strong></span> <span class='ocrx_word' id='word_1_427' title='bbox 2715 2735 2802 2787; x_wconf 81' lang='grc' dir='ltr'><strong>ὅτε</strong></span> <span class='ocrx_word' id='word_1_428' title='bbox 2833 2733 2907 2806; x_wconf 84' lang='grc' dir='ltr'>μὴ</span> <span class='ocrx_word' id='word_1_429' title='bbox 2937 2735 3059 2804; x_wconf 83' lang='grc' dir='ltr'>δίχα</span> <span class='ocrx_word' id='word_1_430' title='bbox 3089 2738 3260 2788; x_wconf 82' lang='grc' dir='ltr'>νοοῖτο</span> <span class='ocrx_word' id='word_1_431' title='bbox 3290 2734 3510 2806; x_wconf 86' lang='grc' dir='ltr'>σαρκός.</span> 
     </span>
    </p>
   </div>
   <div class='ocr_carea' id='block_1_56' title="bbox 539 2821 3810 2897">
    <p class='ocr_par' dir='ltr' id='par_1_56' title="bbox 539 2821 3810 2897">
     <span class='ocr_line' id='line_1_56' title="bbox 539 2821 3810 2897; baseline 0 -18"><span class='ocrx_word' id='word_1_432' title='bbox 539 2843 645 2894; x_wconf 86' lang='lat' dir='ltr'><strong>qua</strong></span> <span class='ocrx_word' id='word_1_433' title='bbox 693 2826 818 2880; x_wconf 87' lang='lat' dir='ltr'><strong>vivo</strong></span> <span class='ocrx_word' id='word_1_434' title='bbox 863 2824 939 2879; x_wconf 88' lang='lat' dir='ltr'><strong>illi</strong></span> <span class='ocrx_word' id='word_1_435' title='bbox 993 2823 1312 2893; x_wconf 70' lang='lat' dir='ltr'><strong>cmlestique</strong></span> <span class='ocrx_word' id='word_1_436' title='bbox 1363 2821 1542 2877; x_wconf 79' lang='lat' dir='ltr'><strong>Verbo</strong></span> <span class='ocrx_word' id='word_1_437' title='bbox 1601 2822 1952 2892; x_wconf 87' lang='lat' dir='ltr'><strong>conjunclum</strong></span> <span class='ocrx_word' id='word_1_438' title='bbox 2007 2833 2112 2877; x_wconf 85' lang='lat' dir='ltr'><strong>est.</strong></span> <span class='ocrx_word' id='word_1_439' title='bbox 2166 2824 2320 2880; x_wconf 81' lang='lat' dir='ltr'><strong>Hunc</strong></span> <span class='ocrx_word' id='word_1_440' title='bbox 2365 2842 2496 2897; x_wconf 81' lang='lat' dir='ltr'><strong>ergo</strong></span> <span class='ocrx_word' id='word_1_441' title='bbox 2546 2827 2600 2880; x_wconf 91' lang='lat' dir='ltr'><strong>in</strong></span> <span class='ocrx_word' id='word_1_442' title='bbox 2652 2829 2866 2881; x_wconf 87' lang='lat' dir='ltr'><strong>modum</strong></span> <span class='ocrx_word' id='word_1_443' title='bbox 2913 2827 3232 2891; x_wconf 86' lang='lat' dir='ltr'><strong>sentientes,</strong></span> <span class='ocrx_word' id='word_1_444' title='bbox 3285 2842 3436 2893; x_wconf 82' lang='lat' dir='ltr'><strong>vera,</strong></span> <span class='ocrx_word' id='word_1_445' title='bbox 3497 2825 3810 2893; x_wconf 79' lang='lat' dir='ltr'><strong>divinisque</strong></span> 
     </span>
    </p>
   </div>
   <div class='ocr_carea' id='block_1_57' title="bbox 539 2908 3428 2984">
    <p class='ocr_par' dir='ltr' id='par_1_57' title="bbox 539 2908 3428 2984">
     <span class='ocr_line' id='line_1_57' title="bbox 539 2908 3428 2984; baseline -0.001 -12"><span class='ocrx_word' id='word_1_446' title='bbox 539 2915 762 2972; x_wconf 87' lang='lat' dir='ltr'><strong>Litteris</strong></span> <span class='ocrx_word' id='word_1_447' title='bbox 819 2923 1192 2969; x_wconf 85' lang='lat' dir='ltr'><strong>consentanea</strong></span> <span class='ocrx_word' id='word_1_448' title='bbox 1259 2911 1578 2966; x_wconf 87' lang='lat' dir='ltr'><strong>sentiemus.</strong></span> <span class='ocrx_word' id='word_1_449' title='bbox 1598 2908 1745 2965; x_wconf 88' lang='lat' dir='ltr'><strong>Unus</strong></span> <span class='ocrx_word' id='word_1_450' title='bbox 1779 2910 1920 2964; x_wconf 88' lang='lat' dir='ltr'><strong>enim</strong></span> <span class='ocrx_word' id='word_1_451' title='bbox 1951 2909 2202 2982; x_wconf 88' lang='lat' dir='ltr'><strong>idemque</strong></span> <span class='ocrx_word' id='word_1_452' title='bbox 2240 2915 2457 2970; x_wconf 85' lang='lat' dir='ltr'><strong>divinus</strong></span> <span class='ocrx_word' id='word_1_453' title='bbox 2478 2925 2567 2968; x_wconf 86' lang='lat' dir='ltr'><strong>est</strong></span> <span class='ocrx_word' id='word_1_454' title='bbox 2583 2913 2777 2984; x_wconf 81' lang='lat' dir='ltr'><strong>Opil‘ex</strong></span> <span class='ocrx_word' id='word_1_455' title='bbox 2801 2917 2962 2970; x_wconf 82' lang='lat' dir='ltr'><strong>etiam</strong></span> <span class='ocrx_word' id='word_1_456' title='bbox 2987 2931 3151 2970; x_wconf 89' lang='lat' dir='ltr'><strong>carne</strong></span> <span class='ocrx_word' id='word_1_457' title='bbox 3181 2917 3428 2971; x_wconf 78' lang='lat' dir='ltr'><strong>vestitus.</strong></span> 
     </span>
    </p>
   </div>
   <div class='ocr_carea' id='block_1_58' title="bbox 610 3001 2121 3077">
    <p class='ocr_par' dir='ltr' id='par_1_58' title="bbox 610 3001 2121 3076">
     <span class='ocr_line' id='line_1_58' title="bbox 610 3001 2121 3076; baseline -0.005 -15"><span class='ocrx_word' id='word_1_458' title='bbox 610 3005 854 3061; x_wconf 74' lang='lat' dir='ltr'><strong>XXXIX.</strong></span> <span class='ocrx_word' id='word_1_459' title='bbox 899 3003 1236 3076; x_wconf 78' lang='lat' dir='ltr'><strong>Astipulatur</strong></span> <span class='ocrx_word' id='word_1_460' title='bbox 1273 3002 1397 3057; x_wconf 85' lang='lat' dir='ltr'><strong>huic</strong></span> <span class='ocrx_word' id='word_1_461' title='bbox 1432 3016 1652 3072; x_wconf 90' lang='lat' dir='ltr'><strong>quoque</strong></span> <span class='ocrx_word' id='word_1_462' title='bbox 1678 3001 1941 3055; x_wconf 84' lang='lat' dir='ltr'><strong>doctrinae</strong></span> <span class='ocrx_word' id='word_1_463' title='bbox 1990 3001 2121 3054; x_wconf 83' lang='lat' dir='ltr'><strong>divi-</strong></span> 
     </span>
    </p>
   </div>
   <div class='ocr_carea' id='block_1_59' title="bbox 2224 3001 3812 3077">
    <p class='ocr_par' dir='ltr' id='par_1_59' title="bbox 2300 3003 3812 3077">
     <span class='ocr_line' id='line_1_59' title="bbox 2300 3003 3812 3077; baseline 0.003 -19"><span class='ocrx_word' id='word_1_464' title='bbox 2300 3008 2424 3059; x_wconf 82' lang='grc' dir='ltr'><strong>ΛΘ’.</strong></span> <span class='ocrx_word' id='word_1_465' title='bbox 2467 3005 2825 3077; x_wconf 84' lang='grc' dir='ltr'>Συλλήπτορα</span> <span class='ocrx_word' id='word_1_466' title='bbox 2872 3005 2928 3058; x_wconf 80' lang='grc' dir='ltr'>δὲ</span> <span class='ocrx_word' id='word_1_467' title='bbox 2968 3003 3064 3058; x_wconf 80' lang='grc' dir='ltr'>τοῦ</span> <span class='ocrx_word' id='word_1_468' title='bbox 3108 3004 3268 3074; x_wconf 84' lang='grc' dir='ltr'>λόγου</span> <span class='ocrx_word' id='word_1_469' title='bbox 3308 3007 3607 3076; x_wconf 71' lang='grc' dir='ltr'>ποιήσομαι</span> <span class='ocrx_word' id='word_1_470' title='bbox 3647 3007 3812 3062; x_wconf 69' lang='grc' dir='ltr'>πάλιν</span> 
     </span>
    </p>
   </div>
   <div class='ocr_carea' id='block_1_60' title="bbox 543 3091 2123 3164">
    <p class='ocr_par' dir='ltr' id='par_1_60' title="bbox 543 3091 2123 3164">
     <span class='ocr_line' id='line_1_60' title="bbox 543 3091 2123 3164; baseline -0.004 -11"><span class='ocrx_word' id='word_1_471' title='bbox 543 3113 646 3154; x_wconf 89' lang='lat' dir='ltr'><strong>nus</strong></span> <span class='ocrx_word' id='word_1_472' title='bbox 673 3098 786 3163; x_wconf 93' lang='lat' dir='ltr'><strong>ille,</strong></span> <span class='ocrx_word' id='word_1_473' title='bbox 816 3095 1166 3163; x_wconf 71' lang='lat' dir='ltr'><strong>coelestisque</strong></span> <span class='ocrx_word' id='word_1_474' title='bbox 1199 3094 1483 3164; x_wconf 72' lang='lat' dir='ltr'><strong>sapientiae</strong></span> <span class='ocrx_word' id='word_1_475' title='bbox 1526 3093 1786 3163; x_wconf 81' lang='lat' dir='ltr'><strong>magister</strong></span> <span class='ocrx_word' id='word_1_476' title='bbox 1834 3091 2123 3160; x_wconf 85' lang='lat' dir='ltr'><strong>Apostolus</strong></span> 
     </span>
    </p>
   </div>
   <div class='ocr_carea' id='block_1_61' title="bbox 543 3181 2127 3251">
    <p class='ocr_par' dir='ltr' id='par_1_61' title="bbox 543 3181 2127 3251">
     <span class='ocr_line' id='line_1_61' title="bbox 543 3181 2127 3251; baseline -0.005 -7"><span class='ocrx_word' id='word_1_477' title='bbox 543 3189 762 3244; x_wconf 85' lang='lat' dir='ltr'><strong>Paulus.</strong></span> <span class='ocrx_word' id='word_1_478' title='bbox 781 3186 984 3242; x_wconf 89' lang='lat' dir='ltr'><strong>Scribit</strong></span> <span class='ocrx_word' id='word_1_479' title='bbox 1011 3193 1194 3238; x_wconf 91' lang='lat' dir='ltr'><strong>autem</strong></span> <span class='ocrx_word' id='word_1_480' title='bbox 1218 3183 1272 3236; x_wconf 94' lang='lat' dir='ltr'><strong>in</strong></span> <span class='ocrx_word' id='word_1_481' title='bbox 1298 3184 1412 3236; x_wconf 71' lang='lat' dir='ltr'><strong>haec</strong></span> <span class='ocrx_word' id='word_1_482' title='bbox 1432 3184 1597 3236; x_wconf 89' lang='lat' dir='ltr'><strong>verba</strong></span> <span class='ocrx_word' id='word_1_483' title='bbox 1624 3200 1637 3235; x_wconf 92' lang='lat'><strong>:</strong></span> <span class='ocrx_word' id='word_1_484' title='bbox 1671 3199 1690 3233; x_wconf 72' lang='grc' dir='ltr'><strong>ι</strong></span> <span class='ocrx_word' id='word_1_485' title='bbox 1727 3181 1946 3236; x_wconf 86' lang='lat' dir='ltr'><strong>Gratias</strong></span> <span class='ocrx_word' id='word_1_486' title='bbox 1967 3197 2127 3251; x_wconf 84' lang='lat' dir='ltr'><strong>agen-</strong></span> 
     </span>
    </p>
   </div>
   <div class='ocr_carea' id='block_1_62' title="bbox 547 3274 2124 3348">
    <p class='ocr_par' dir='ltr' id='par_1_62' title="bbox 547 3274 2124 3348">
     <span class='ocr_line' id='line_1_62' title="bbox 547 3274 2124 3348; baseline -0.006 -12"><span class='ocrx_word' id='word_1_487' title='bbox 547 3295 628 3336; x_wconf 91' lang='lat' dir='ltr'><strong>tes</strong></span> <span class='ocrx_word' id='word_1_488' title='bbox 648 3281 783 3344; x_wconf 88' lang='lat' dir='ltr'><strong>Deo,</strong></span> <span class='ocrx_word' id='word_1_489' title='bbox 809 3277 902 3348; x_wconf 90' lang='lat' dir='ltr'><strong>qui</strong></span> <span class='ocrx_word' id='word_1_490' title='bbox 933 3277 1123 3346; x_wconf 72' lang='lat' dir='ltr'><strong>dignos</strong></span> <span class='ocrx_word' id='word_1_491' title='bbox 1155 3290 1253 3329; x_wconf 90' lang='lat' dir='ltr'><strong>nos</strong></span> <span class='ocrx_word' id='word_1_492' title='bbox 1288 3274 1416 3330; x_wconf 69' lang='lat' dir='ltr'><strong>iecit</strong></span> <span class='ocrx_word' id='word_1_493' title='bbox 1448 3274 1501 3328; x_wconf 92' lang='lat' dir='ltr'><strong>in</strong></span> <span class='ocrx_word' id='word_1_494' title='bbox 1549 3284 1757 3344; x_wconf 89' lang='lat' dir='ltr'><strong>partem</strong></span> <span class='ocrx_word' id='word_1_495' title='bbox 1804 3274 1968 3329; x_wconf 86' lang='lat' dir='ltr'><strong>sortis</strong></span> <span class='ocrx_word' id='word_1_496' title='bbox 1997 3290 2124 3329; x_wconf 87' lang='lat' dir='ltr'><strong>san-</strong></span> 
     </span>
    </p>
   </div>
   <div class='ocr_carea' id='block_1_63' title="bbox 547 3365 2127 3435">
    <p class='ocr_par' dir='ltr' id='par_1_63' title="bbox 547 3365 2127 3435">
     <span class='ocr_line' id='line_1_63' title="bbox 547 3365 2127 3435; baseline -0.004 -9"><span class='ocrx_word' id='word_1_497' title='bbox 547 3383 756 3427; x_wconf 86' lang='lat' dir='ltr'><strong>ctorum</strong></span> <span class='ocrx_word' id='word_1_498' title='bbox 807 3371 862 3424; x_wconf 91' lang='lat' dir='ltr'><strong>in</strong></span> <span class='ocrx_word' id='word_1_499' title='bbox 909 3367 1268 3434; x_wconf 89' lang='lat' dir='ltr'><strong>lumine;qui</strong></span> <span class='ocrx_word' id='word_1_500' title='bbox 1331 3365 1530 3435; x_wconf 89' lang='lat' dir='ltr'><strong>eripuit</strong></span> <span class='ocrx_word' id='word_1_501' title='bbox 1580 3381 1678 3421; x_wconf 88' lang='lat' dir='ltr'><strong>nos</strong></span> <span class='ocrx_word' id='word_1_502' title='bbox 1737 3366 1804 3420; x_wconf 90' lang='lat' dir='ltr'><strong>de</strong></span> <span class='ocrx_word' id='word_1_503' title='bbox 1859 3375 2127 3433; x_wconf 88' lang='lat' dir='ltr'><strong>potestate</strong></span> 
     </span>
    </p>
   </div>
   <div class='ocr_carea' id='block_1_64' title="bbox 551 3456 2128 3525">
    <p class='ocr_par' dir='ltr' id='par_1_64' title="bbox 551 3456 2128 3525">
     <span class='ocr_line' id='line_1_64' title="bbox 551 3456 2128 3525; baseline -0.004 -8"><span class='ocrx_word' id='word_1_504' title='bbox 551 3463 925 3525; x_wconf 82' lang='lat' dir='ltr'><strong>tenebrarum,</strong></span> <span class='ocrx_word' id='word_1_505' title='bbox 949 3469 1004 3515; x_wconf 86' lang='lat' dir='ltr'><strong>et</strong></span> <span class='ocrx_word' id='word_1_506' title='bbox 1035 3457 1308 3512; x_wconf 90' lang='lat' dir='ltr'><strong>transtulit</strong></span> <span class='ocrx_word' id='word_1_507' title='bbox 1333 3457 1387 3510; x_wconf 91' lang='lat' dir='ltr'><strong>in</strong></span> <span class='ocrx_word' id='word_1_508' title='bbox 1413 3472 1636 3525; x_wconf 77' lang='lat' dir='ltr'><strong>regnum</strong></span> <span class='ocrx_word' id='word_1_509' title='bbox 1665 3456 1790 3511; x_wconf 82' lang='lat' dir='ltr'><strong>Filii</strong></span> <span class='ocrx_word' id='word_1_510' title='bbox 1821 3458 2128 3513; x_wconf 89' lang='lat' dir='ltr'><strong>dilectionis</strong></span> 
     </span>
    </p>
   </div>
   <div class='ocr_carea' id='block_1_65' title="bbox 549 3549 2125 3622">
    <p class='ocr_par' dir='ltr' id='par_1_65' title="bbox 549 3549 2125 3622">
     <span class='ocr_line' id='line_1_65' title="bbox 549 3549 2125 3622; baseline -0.003 -14"><span class='ocrx_word' id='word_1_511' title='bbox 549 3569 684 3620; x_wconf 61' lang='lat' dir='ltr'><strong>suae,</strong></span> <span class='ocrx_word' id='word_1_512' title='bbox 729 3552 783 3606; x_wconf 89' lang='lat' dir='ltr'><strong>in</strong></span> <span class='ocrx_word' id='word_1_513' title='bbox 835 3565 943 3622; x_wconf 91' lang='lat' dir='ltr'><strong>quo</strong></span> <span class='ocrx_word' id='word_1_514' title='bbox 992 3549 1256 3604; x_wconf 86' lang='lat' dir='ltr'><strong>habemus</strong></span> <span class='ocrx_word' id='word_1_515' title='bbox 1315 3549 1765 3616; x_wconf 89' lang='lat' dir='ltr'><strong>redemptionem,</strong></span> <span class='ocrx_word' id='word_1_516' title='bbox 1821 3557 1872 3602; x_wconf 89' lang='lat' dir='ltr'><strong>et</strong></span> <span class='ocrx_word' id='word_1_517' title='bbox 1932 3549 2125 3604; x_wconf 86' lang='lat' dir='ltr'><strong>remis-</strong></span> 
     </span>
    </p>
   </div>
   <div class='ocr_carea' id='block_1_66' title="bbox 550 3638 2124 3714">
    <p class='ocr_par' dir='ltr' id='par_1_66' title="bbox 550 3638 2124 3714">
     <span class='ocr_line' id='line_1_66' title="bbox 550 3638 2124 3714; baseline -0.005 -11"><span class='ocrx_word' id='word_1_518' title='bbox 550 3648 760 3704; x_wconf 89' lang='lat' dir='ltr'><strong>sionem</strong></span> <span class='ocrx_word' id='word_1_519' title='bbox 812 3653 1154 3714; x_wconf 84' lang='lat' dir='ltr'><strong>peccatorum</strong></span> <span class='ocrx_word' id='word_1_520' title='bbox 1189 3658 1202 3693; x_wconf 89' lang='lat'><strong>:</strong></span> <span class='ocrx_word' id='word_1_521' title='bbox 1232 3639 1324 3709; x_wconf 90' lang='lat' dir='ltr'><strong>qui</strong></span> <span class='ocrx_word' id='word_1_522' title='bbox 1353 3649 1436 3694; x_wconf 86' lang='lat' dir='ltr'><strong>est</strong></span> <span class='ocrx_word' id='word_1_523' title='bbox 1464 3641 1640 3708; x_wconf 84' lang='lat' dir='ltr'><strong>imago</strong></span> <span class='ocrx_word' id='word_1_524' title='bbox 1689 3638 1783 3693; x_wconf 79' lang='lat' dir='ltr'><strong>Dei</strong></span> <span class='ocrx_word' id='word_1_525' title='bbox 1816 3639 2124 3707; x_wconf 83' lang='lat' dir='ltr'><strong>invisibilis,</strong></span> 
     </span>
    </p>
   </div>
   <div class='ocr_carea' id='block_1_67' title="bbox 550 3731 2128 3808">
    <p class='ocr_par' dir='ltr' id='par_1_67' title="bbox 550 3731 2128 3808">
     <span class='ocr_line' id='line_1_67' title="bbox 550 3731 2128 3808; baseline -0.004 -16"><span class='ocrx_word' id='word_1_526' title='bbox 550 3735 942 3808; x_wconf 77' lang='lat' dir='ltr'><strong>printogenitus</strong></span> <span class='ocrx_word' id='word_1_527' title='bbox 967 3733 1143 3787; x_wconf 86' lang='lat' dir='ltr'><strong>omnis</strong></span> <span class='ocrx_word' id='word_1_528' title='bbox 1161 3740 1424 3785; x_wconf 84' lang='lat' dir='ltr'><strong>creaturae</strong></span> <span class='ocrx_word' id='word_1_529' title='bbox 1445 3749 1460 3785; x_wconf 91' lang='lat'><strong>:</strong></span> <span class='ocrx_word' id='word_1_530' title='bbox 1485 3731 1738 3799; x_wconf 87' lang='lat' dir='ltr'><strong>quoniam</strong></span> <span class='ocrx_word' id='word_1_531' title='bbox 1771 3731 1822 3784; x_wconf 87' lang='lat' dir='ltr'><strong>in</strong></span> <span class='ocrx_word' id='word_1_532' title='bbox 1852 3731 1968 3800; x_wconf 90' lang='lat' dir='ltr'><strong>ipso</strong></span> <span class='ocrx_word' id='word_1_533' title='bbox 1996 3747 2128 3785; x_wconf 86' lang='lat' dir='ltr'><strong>con-</strong></span> 
     </span>
    </p>
   </div>
   <div class='ocr_carea' id='block_1_68' title="bbox 553 3824 2130 3888">
    <p class='ocr_par' dir='ltr' id='par_1_68' title="bbox 553 3824 2130 3888">
     <span class='ocr_line' id='line_1_68' title="bbox 553 3824 2130 3888; baseline -0.004 -4"><span class='ocrx_word' id='word_1_534' title='bbox 553 3832 662 3884; x_wconf 85' lang='lat' dir='ltr'><strong>dita</strong></span> <span class='ocrx_word' id='word_1_535' title='bbox 696 3838 824 3883; x_wconf 84' lang='lat' dir='ltr'><strong>sunt</strong></span> <span class='ocrx_word' id='word_1_536' title='bbox 855 3829 1110 3880; x_wconf 85' lang='lat' dir='ltr'><strong>universa</strong></span> <span class='ocrx_word' id='word_1_537' title='bbox 1135 3825 1195 3877; x_wconf 90' lang='lat' dir='ltr'><strong>in</strong></span> <span class='ocrx_word' id='word_1_538' title='bbox 1220 3824 1395 3888; x_wconf 61' lang='lat' dir='ltr'><strong>caelis,</strong></span> <span class='ocrx_word' id='word_1_539' title='bbox 1438 3835 1492 3876; x_wconf 84' lang='lat' dir='ltr'><strong>et</strong></span> <span class='ocrx_word' id='word_1_540' title='bbox 1528 3826 1580 3877; x_wconf 88' lang='lat' dir='ltr'><strong>in</strong></span> <span class='ocrx_word' id='word_1_541' title='bbox 1614 3833 1778 3884; x_wconf 88' lang='lat' dir='ltr'><strong>terra,</strong></span> <span class='ocrx_word' id='word_1_542' title='bbox 1813 3825 2040 3878; x_wconf 86' lang='lat' dir='ltr'><strong>visibilia</strong></span> <span class='ocrx_word' id='word_1_543' title='bbox 2075 3833 2130 3878; x_wconf 82' lang='lat' dir='ltr'><strong>et</strong></span> 
     </span>
    </p>
   </div>
   <div class='ocr_carea' id='block_1_69' title="bbox 552 3913 2131 3981">
    <p class='ocr_par' dir='ltr' id='par_1_69' title="bbox 552 3913 2131 3981">
     <span class='ocr_line' id='line_1_69' title="bbox 552 3913 2131 3981; baseline -0.004 -5"><span class='ocrx_word' id='word_1_544' title='bbox 552 3917 874 3980; x_wconf 80' lang='lat' dir='ltr'><strong>invisibilia,</strong></span> <span class='ocrx_word' id='word_1_545' title='bbox 919 3917 1033 3970; x_wconf 89' lang='lat' dir='ltr'><strong>sive</strong></span> <span class='ocrx_word' id='word_1_546' title='bbox 1077 3915 1304 3981; x_wconf 87' lang='lat' dir='ltr'><strong>Throni,</strong></span> <span class='ocrx_word' id='word_1_547' title='bbox 1357 3917 1470 3968; x_wconf 85' lang='lat' dir='ltr'><strong>sive</strong></span> <span class='ocrx_word' id='word_1_548' title='bbox 1515 3913 1956 3978; x_wconf 84' lang='lat' dir='ltr'><strong>Dominationes,</strong></span> <span class='ocrx_word' id='word_1_549' title='bbox 2018 3917 2131 3969; x_wconf 89' lang='lat' dir='ltr'><strong>sive</strong></span> 
     </span>
    </p>
   </div>
   <div class='ocr_carea' id='block_1_70' title="bbox 553 4006 2131 4080">
    <p class='ocr_par' dir='ltr' id='par_1_70' title="bbox 553 4006 2131 4080">
     <span class='ocr_line' id='line_1_70' title="bbox 553 4006 2131 4080; baseline -0.003 -13"><span class='ocrx_word' id='word_1_550' title='bbox 553 4011 916 4080; x_wconf 88' lang='lat' dir='ltr'><strong>Principatus,</strong></span> <span class='ocrx_word' id='word_1_551' title='bbox 951 4008 1066 4062; x_wconf 87' lang='lat' dir='ltr'><strong>sive</strong></span> <span class='ocrx_word' id='word_1_552' title='bbox 1119 4006 1428 4062; x_wconf 81' lang='lat' dir='ltr'><strong>Potestates</strong></span> <span class='ocrx_word' id='word_1_553' title='bbox 1453 4024 1468 4061; x_wconf 90' lang='lat'><strong>:</strong></span> <span class='ocrx_word' id='word_1_554' title='bbox 1495 4008 1674 4066; x_wconf 83' lang='lat' dir='ltr'><strong>omnia</strong></span> <span class='ocrx_word' id='word_1_555' title='bbox 1719 4022 1817 4077; x_wconf 86' lang='lat' dir='ltr'><strong>per</strong></span> <span class='ocrx_word' id='word_1_556' title='bbox 1843 4008 2043 4077; x_wconf 90' lang='lat' dir='ltr'><strong>ipsum,</strong></span> <span class='ocrx_word' id='word_1_557' title='bbox 2076 4017 2131 4063; x_wconf 86' lang='lat' dir='ltr'><strong>et</strong></span> 
     </span>
    </p>
   </div>
   <div class='ocr_carea' id='block_1_71' title="bbox 554 4099 2131 4171">
    <p class='ocr_par' dir='ltr' id='par_1_71' title="bbox 554 4099 2131 4171">
     <span class='ocr_line' id='line_1_71' title="bbox 554 4099 2131 4171; baseline -0.003 -15"><span class='ocrx_word' id='word_1_558' title='bbox 554 4103 609 4157; x_wconf 90' lang='lat' dir='ltr'><strong>in</strong></span> <span class='ocrx_word' id='word_1_559' title='bbox 633 4104 748 4171; x_wconf 85' lang='lat' dir='ltr'><strong>ipso</strong></span> <span class='ocrx_word' id='word_1_560' title='bbox 775 4109 958 4154; x_wconf 86' lang='lat' dir='ltr'><strong>creata</strong></span> <span class='ocrx_word' id='word_1_561' title='bbox 987 4108 1153 4164; x_wconf 84' lang='lat' dir='ltr'><strong>sunt;</strong></span> <span class='ocrx_word' id='word_1_562' title='bbox 1189 4107 1244 4152; x_wconf 86' lang='lat' dir='ltr'><strong>et</strong></span> <span class='ocrx_word' id='word_1_563' title='bbox 1274 4099 1390 4168; x_wconf 90' lang='lat' dir='ltr'><strong>ipse</strong></span> <span class='ocrx_word' id='word_1_564' title='bbox 1420 4107 1504 4152; x_wconf 89' lang='lat' dir='ltr'><strong>est</strong></span> <span class='ocrx_word' id='word_1_565' title='bbox 1535 4108 1662 4152; x_wconf 91' lang='lat' dir='ltr'><strong>ante</strong></span> <span class='ocrx_word' id='word_1_566' title='bbox 1689 4114 1900 4166; x_wconf 88' lang='lat' dir='ltr'><strong>omnes,</strong></span> <span class='ocrx_word' id='word_1_567' title='bbox 1934 4111 1988 4153; x_wconf 88' lang='lat' dir='ltr'><strong>et</strong></span> <span class='ocrx_word' id='word_1_568' title='bbox 2010 4116 2131 4154; x_wconf 87' lang='lat' dir='ltr'><strong>om-</strong></span> 
     </span>
    </p>
   </div>
   <div class='ocr_carea' id='block_1_72' title="bbox 555 4192 2136 4262">
    <p class='ocr_par' dir='ltr' id='par_1_72' title="bbox 555 4192 2136 4262">
     <span class='ocr_line' id='line_1_72' title="bbox 555 4192 2136 4262; baseline -0.002 -12"><span class='ocrx_word' id='word_1_569' title='bbox 555 4197 650 4250; x_wconf 83' lang='lat' dir='ltr'><strong>nia</strong></span> <span class='ocrx_word' id='word_1_570' title='bbox 680 4196 732 4248; x_wconf 92' lang='lat' dir='ltr'><strong>in</strong></span> <span class='ocrx_word' id='word_1_571' title='bbox 764 4195 880 4262; x_wconf 87' lang='lat' dir='ltr'><strong>ipso</strong></span> <span class='ocrx_word' id='word_1_572' title='bbox 907 4192 1254 4249; x_wconf 84' lang='lat' dir='ltr'><strong>constant.Et</strong></span> <span class='ocrx_word' id='word_1_573' title='bbox 1272 4192 1388 4260; x_wconf 87' lang='lat' dir='ltr'><strong>ipse</strong></span> <span class='ocrx_word' id='word_1_574' title='bbox 1403 4193 1922 4262; x_wconf 89' lang='lat' dir='ltr'><strong>estcaputcorporis</strong></span> <span class='ocrx_word' id='word_1_575' title='bbox 1947 4192 2136 4247; x_wconf 82' lang='lat' dir='ltr'><strong>Eccle-</strong></span> 
     </span>
    </p>
   </div>
   <div class='ocr_carea' id='block_1_73' title="bbox 554 4283 2129 4354">
    <p class='ocr_par' dir='ltr' id='par_1_73' title="bbox 554 4283 2129 4354">
     <span class='ocr_line' id='line_1_73' title="bbox 554 4283 2129 4354; baseline -0.003 -12"><span class='ocrx_word' id='word_1_576' title='bbox 554 4289 670 4351; x_wconf 74' lang='lat' dir='ltr'><strong>siae,</strong></span> <span class='ocrx_word' id='word_1_577' title='bbox 700 4287 791 4354; x_wconf 90' lang='lat' dir='ltr'><strong>qui</strong></span> <span class='ocrx_word' id='word_1_578' title='bbox 821 4295 901 4342; x_wconf 79' lang='lat' dir='ltr'><strong>est</strong></span> <span class='ocrx_word' id='word_1_579' title='bbox 932 4286 1276 4354; x_wconf 83' lang='lat' dir='ltr'><strong>principium,</strong></span> <span class='ocrx_word' id='word_1_580' title='bbox 1311 4283 1702 4354; x_wconf 79' lang='lat' dir='ltr'><strong>primogenitus</strong></span> <span class='ocrx_word' id='word_1_581' title='bbox 1745 4299 1811 4337; x_wconf 86' lang='lat' dir='ltr'><strong>ex</strong></span> <span class='ocrx_word' id='word_1_582' title='bbox 1867 4285 2129 4350; x_wconf 83' lang='lat' dir='ltr'><strong>mortuis;</strong></span> 
     </span>
    </p>
   </div>
   <div class='ocr_carea' id='block_1_74' title="bbox 556 4371 2210 4448">
    <p class='ocr_par' dir='ltr' id='par_1_74' title="bbox 556 4371 2210 4448">
     <span class='ocr_line' id='line_1_74' title="bbox 556 4371 2210 4448; baseline -0.004 -15"><span class='ocrx_word' id='word_1_583' title='bbox 556 4387 616 4433; x_wconf 88' lang='lat' dir='ltr'><strong>ut</strong></span> <span class='ocrx_word' id='word_1_584' title='bbox 643 4378 716 4432; x_wconf 87' lang='lat' dir='ltr'><strong>sit</strong></span> <span class='ocrx_word' id='word_1_585' title='bbox 748 4378 804 4431; x_wconf 81' lang='lat' dir='ltr'><strong>in</strong></span> <span class='ocrx_word' id='word_1_586' title='bbox 861 4377 1114 4435; x_wconf 73' lang='lat' dir='ltr'><strong>omnibus</strong></span> <span class='ocrx_word' id='word_1_587' title='bbox 1177 4377 1291 4444; x_wconf 83' lang='lat' dir='ltr'><strong>ipse</strong></span> <span class='ocrx_word' id='word_1_588' title='bbox 1343 4375 1632 4444; x_wconf 87' lang='lat' dir='ltr'><strong>primatum</strong></span> <span class='ocrx_word' id='word_1_589' title='bbox 1667 4383 1875 4428; x_wconf 84' lang='lat' dir='ltr'><strong>tenens.</strong></span> <span class='ocrx_word' id='word_1_590' title='bbox 1912 4373 2049 4448; x_wconf 83' lang='lat' dir='ltr'><strong>Quia</strong></span> <span class='ocrx_word' id='word_1_591' title='bbox 2079 4375 2131 4427; x_wconf 84' lang='lat' dir='ltr'><strong>in</strong></span> <span class='ocrx_word' id='word_1_592' title='bbox 2165 4371 2210 4426; x_wconf 83' lang='lat' dir='ltr'><strong>D</strong></span> 
     </span>
    </p>
   </div>
   <div class='ocr_carea' id='block_1_75' title="bbox 559 4467 2129 4544">
    <p class='ocr_par' dir='ltr' id='par_1_75' title="bbox 559 4467 2129 4544">
     <span class='ocr_line' id='line_1_75' title="bbox 559 4467 2129 4544; baseline -0.005 -16"><span class='ocrx_word' id='word_1_593' title='bbox 559 4473 678 4544; x_wconf 86' lang='lat' dir='ltr'><strong>ipso</strong></span> <span class='ocrx_word' id='word_1_594' title='bbox 711 4471 1042 4539; x_wconf 83' lang='lat' dir='ltr'><strong>complacuit</strong></span> <span class='ocrx_word' id='word_1_595' title='bbox 1093 4484 1308 4524; x_wconf 85' lang='lat' dir='ltr'><strong>omnem</strong></span> <span class='ocrx_word' id='word_1_596' title='bbox 1363 4467 1752 4538; x_wconf 89' lang='lat' dir='ltr'><strong>plenitudinem</strong></span> <span class='ocrx_word' id='word_1_597' title='bbox 1805 4467 2129 4532; x_wconf 83' lang='lat' dir='ltr'><strong>inhabitare,</strong></span> 
     </span>
    </p>
   </div>
   <div class='ocr_carea' id='block_1_76' title="bbox 558 4558 2134 4635">
    <p class='ocr_par' dir='ltr' id='par_1_76' title="bbox 558 4558 2134 4635">
     <span class='ocr_line' id='line_1_76' title="bbox 558 4558 2134 4635; baseline -0.006 -14"><span class='ocrx_word' id='word_1_598' title='bbox 558 4577 616 4622; x_wconf 89' lang='lat' dir='ltr'><strong>et</strong></span> <span class='ocrx_word' id='word_1_599' title='bbox 647 4581 740 4635; x_wconf 85' lang='lat' dir='ltr'><strong>per</strong></span> <span class='ocrx_word' id='word_1_600' title='bbox 782 4579 904 4618; x_wconf 85' lang='lat' dir='ltr'><strong>eum</strong></span> <span class='ocrx_word' id='word_1_601' title='bbox 950 4561 1302 4617; x_wconf 86' lang='lat' dir='ltr'><strong>reconciliare</strong></span> <span class='ocrx_word' id='word_1_602' title='bbox 1333 4563 1512 4614; x_wconf 89' lang='lat' dir='ltr'><strong>omnia</strong></span> <span class='ocrx_word' id='word_1_603' title='bbox 1544 4561 1594 4612; x_wconf 91' lang='lat' dir='ltr'><strong>in</strong></span> <span class='ocrx_word' id='word_1_604' title='bbox 1630 4558 2134 4627; x_wconf 85' lang='lat' dir='ltr'><strong>ipsum,paciiicans</strong></span> 
     </span>
    </p>
   </div>
   <div class='ocr_carea' id='block_1_77' title="bbox 559 4650 2134 4726">
    <p class='ocr_par' dir='ltr' id='par_1_77' title="bbox 559 4650 2134 4726">
     <span class='ocr_line' id='line_1_77' title="bbox 559 4650 2134 4726; baseline -0.003 -18"><span class='ocrx_word' id='word_1_605' title='bbox 559 4672 654 4726; x_wconf 84' lang='lat' dir='ltr'><strong>per</strong></span> <span class='ocrx_word' id='word_1_606' title='bbox 683 4656 1001 4723; x_wconf 70' lang='lat' dir='ltr'><strong>sanguinem</strong></span> <span class='ocrx_word' id='word_1_607' title='bbox 1029 4653 1210 4706; x_wconf 89' lang='lat' dir='ltr'><strong>crucis</strong></span> <span class='ocrx_word' id='word_1_608' title='bbox 1238 4653 1378 4720; x_wconf 84' lang='lat' dir='ltr'><strong>ejus,</strong></span> <span class='ocrx_word' id='word_1_609' title='bbox 1411 4653 1526 4706; x_wconf 87' lang='lat' dir='ltr'><strong>sive</strong></span> <span class='ocrx_word' id='word_1_610' title='bbox 1559 4667 1678 4726; x_wconf 73' lang='lat' dir='ltr'><strong>quau</strong></span> <span class='ocrx_word' id='word_1_611' title='bbox 1713 4650 1767 4703; x_wconf 91' lang='lat' dir='ltr'><strong>iu</strong></span> <span class='ocrx_word' id='word_1_612' title='bbox 1811 4651 1991 4715; x_wconf 82' lang='lat' dir='ltr'><strong>terris,</strong></span> <span class='ocrx_word' id='word_1_613' title='bbox 2021 4650 2134 4703; x_wconf 88' lang='lat' dir='ltr'><strong>sive</strong></span> 
     </span>
    </p>
   </div>
   <div class='ocr_carea' id='block_1_78' title="bbox 560 4742 2132 4816">
    <p class='ocr_par' dir='ltr' id='par_1_78' title="bbox 560 4742 2132 4816">
     <span class='ocr_line' id='line_1_78' title="bbox 560 4742 2132 4816; baseline -0.005 -15"><span class='ocrx_word' id='word_1_614' title='bbox 560 4764 678 4816; x_wconf 70' lang='lat' dir='ltr'><strong>qua:</strong></span> <span class='ocrx_word' id='word_1_615' title='bbox 719 4749 768 4800; x_wconf 91' lang='lat' dir='ltr'><strong>in</strong></span> <span class='ocrx_word' id='word_1_616' title='bbox 797 4746 947 4801; x_wconf 68' lang='lat' dir='ltr'><strong>uelis</strong></span> <span class='ocrx_word' id='word_1_617' title='bbox 975 4745 1182 4800; x_wconf 74' lang='lat' dir='ltr'><strong>sunt“.</strong></span> <span class='ocrx_word' id='word_1_618' title='bbox 1225 4763 1244 4798; x_wconf 67' lang='grc' dir='ltr'><strong>ι</strong></span> <span class='ocrx_word' id='word_1_619' title='bbox 1293 4745 1369 4797; x_wconf 81' lang='lat' dir='ltr'><strong>En</strong></span> <span class='ocrx_word' id='word_1_620' title='bbox 1407 4743 1494 4797; x_wconf 91' lang='lat' dir='ltr'><strong>hic</strong></span> <span class='ocrx_word' id='word_1_621' title='bbox 1527 4743 1718 4797; x_wconf 88' lang='lat' dir='ltr'><strong>iterum</strong></span> <span class='ocrx_word' id='word_1_622' title='bbox 1745 4742 1944 4795; x_wconf 89' lang='lat' dir='ltr'><strong>diserte</strong></span> <span class='ocrx_word' id='word_1_623' title='bbox 1965 4756 2132 4808; x_wconf 70' lang='lat' dir='ltr'><strong>espo-</strong></span> 
     </span>
    </p>
   </div>
   <div class='ocr_carea' id='block_1_79' title="bbox 561 4833 2133 4907">
    <p class='ocr_par' dir='ltr' id='par_1_79' title="bbox 561 4833 2133 4907">
     <span class='ocr_line' id='line_1_79' title="bbox 561 4833 2133 4907; baseline -0.004 -15"><span class='ocrx_word' id='word_1_624' title='bbox 561 4839 728 4900; x_wconf 84' lang='lat' dir='ltr'><strong>nitur,</strong></span> <span class='ocrx_word' id='word_1_625' title='bbox 755 4854 850 4907; x_wconf 88' lang='lat' dir='ltr'><strong>per</strong></span> <span class='ocrx_word' id='word_1_626' title='bbox 893 4839 1097 4907; x_wconf 90' lang='lat' dir='ltr'><strong>ipsum,</strong></span> <span class='ocrx_word' id='word_1_627' title='bbox 1133 4847 1191 4891; x_wconf 86' lang='lat' dir='ltr'><strong>et</strong></span> <span class='ocrx_word' id='word_1_628' title='bbox 1245 4837 1297 4890; x_wconf 92' lang='lat' dir='ltr'><strong>in</strong></span> <span class='ocrx_word' id='word_1_629' title='bbox 1335 4836 1450 4905; x_wconf 82' lang='lat' dir='ltr'><strong>ipso</strong></span> <span class='ocrx_word' id='word_1_630' title='bbox 1495 4835 1674 4888; x_wconf 86' lang='lat' dir='ltr'><strong>omnia</strong></span> <span class='ocrx_word' id='word_1_631' title='bbox 1708 4847 1829 4887; x_wconf 83' lang='lat' dir='ltr'><strong>esse</strong></span> <span class='ocrx_word' id='word_1_632' title='bbox 1880 4833 2133 4899; x_wconf 82' lang='lat' dir='ltr'><strong>condita;</strong></span> 
     </span>
    </p>
   </div>
   <div class='ocr_carea' id='block_1_80' title="bbox 561 4925 2131 5006">
    <p class='ocr_par' dir='ltr' id='par_1_80' title="bbox 561 4925 2131 5006">
     <span class='ocr_line' id='line_1_80' title="bbox 561 4925 2131 5006; baseline -0.006 -22"><span class='ocrx_word' id='word_1_633' title='bbox 561 4945 777 4985; x_wconf 84' lang='lat' dir='ltr'><strong>rursum</strong></span> <span class='ocrx_word' id='word_1_634' title='bbox 814 4943 942 4984; x_wconf 87' lang='lat' dir='ltr'><strong>ante</strong></span> <span class='ocrx_word' id='word_1_635' title='bbox 985 4931 1163 4983; x_wconf 82' lang='lat' dir='ltr'><strong>omnia</strong></span> <span class='ocrx_word' id='word_1_636' title='bbox 1188 4929 1471 4990; x_wconf 75' lang='lat' dir='ltr'><strong>exsistere,</strong></span> <span class='ocrx_word' id='word_1_637' title='bbox 1502 4925 1606 5006; x_wconf 70' lang='lat'><strong>37</strong></span> <span class='ocrx_word' id='word_1_638' title='bbox 1666 4928 2026 4994; x_wconf 77' lang='lat' dir='ltr'><strong>universaque</strong></span> <span class='ocrx_word' id='word_1_639' title='bbox 2081 4925 2131 4976; x_wconf 92' lang='lat' dir='ltr'><strong>in</strong></span> 
     </span>
    </p>
   </div>
   <div class='ocr_carea' id='block_1_81' title="bbox 563 5020 2133 5096">
    <p class='ocr_par' dir='ltr' id='par_1_81' title="bbox 563 5020 2133 5096">
     <span class='ocr_line' id='line_1_81' title="bbox 563 5020 2133 5096; baseline -0.006 -16"><span class='ocrx_word' id='word_1_640' title='bbox 563 5027 680 5096; x_wconf 81' lang='lat' dir='ltr'><strong>ipso</strong></span> <span class='ocrx_word' id='word_1_641' title='bbox 701 5033 976 5090; x_wconf 86' lang='lat' dir='ltr'><strong>constare,</strong></span> <span class='ocrx_word' id='word_1_642' title='bbox 1005 5033 1114 5076; x_wconf 91' lang='lat' dir='ltr'><strong>tum</strong></span> <span class='ocrx_word' id='word_1_643' title='bbox 1148 5024 1322 5092; x_wconf 88' lang='lat' dir='ltr'><strong>ipsmn</strong></span> <span class='ocrx_word' id='word_1_644' title='bbox 1378 5035 1591 5090; x_wconf 86' lang='lat' dir='ltr'><strong>quoque</strong></span> <span class='ocrx_word' id='word_1_645' title='bbox 1620 5020 2034 5089; x_wconf 78' lang='lat' dir='ltr'><strong>primogenitum</strong></span> <span class='ocrx_word' id='word_1_646' title='bbox 2068 5033 2133 5072; x_wconf 83' lang='lat' dir='ltr'><strong>ex</strong></span> 
     </span>
    </p>
   </div>
   <div class='ocr_carea' id='block_1_82' title="bbox 565 5111 2138 5184">
    <p class='ocr_par' dir='ltr' id='par_1_82' title="bbox 565 5111 2138 5184">
     <span class='ocr_line' id='line_1_82' title="bbox 565 5111 2138 5184; baseline -0.004 -14"><span class='ocrx_word' id='word_1_647' title='bbox 565 5117 793 5170; x_wconf 82' lang='lat' dir='ltr'><strong>mortuis</strong></span> <span class='ocrx_word' id='word_1_648' title='bbox 849 5116 1123 5184; x_wconf 70' lang='lat' dir='ltr'><strong>praedicat,</strong></span> <span class='ocrx_word' id='word_1_649' title='bbox 1173 5119 1262 5183; x_wconf 90' lang='lat' dir='ltr'><strong>qui</strong></span> <span class='ocrx_word' id='word_1_650' title='bbox 1302 5129 1396 5183; x_wconf 85' lang='lat' dir='ltr'><strong>per</strong></span> <span class='ocrx_word' id='word_1_651' title='bbox 1446 5115 1762 5182; x_wconf 77' lang='lat' dir='ltr'><strong>sanguinem</strong></span> <span class='ocrx_word' id='word_1_652' title='bbox 1810 5111 1989 5166; x_wconf 86' lang='lat' dir='ltr'><strong>crucis</strong></span> <span class='ocrx_word' id='word_1_653' title='bbox 2028 5125 2138 5164; x_wconf 68' lang='lat' dir='ltr'><strong>sua:</strong></span> 
     </span>
    </p>
   </div>
   <div class='ocr_carea' id='block_1_83' title="bbox 561 5203 2134 5276">
    <p class='ocr_par' dir='ltr' id='par_1_83' title="bbox 561 5203 2134 5276">
     <span class='ocr_line' id='line_1_83' title="bbox 561 5203 2134 5276; baseline -0.006 -13"><span class='ocrx_word' id='word_1_654' title='bbox 561 5209 746 5263; x_wconf 80' lang='lat' dir='ltr'><strong>omnia</strong></span> <span class='ocrx_word' id='word_1_655' title='bbox 784 5206 1104 5276; x_wconf 81' lang='lat' dir='ltr'><strong>paciﬁcarit,</strong></span> <span class='ocrx_word' id='word_1_656' title='bbox 1130 5217 1241 5259; x_wconf 88' lang='lat' dir='ltr'><strong>tam</strong></span> <span class='ocrx_word' id='word_1_657' title='bbox 1293 5221 1410 5274; x_wconf 83' lang='lat' dir='ltr'><strong>quae</strong></span> <span class='ocrx_word' id='word_1_658' title='bbox 1445 5205 1498 5258; x_wconf 87' lang='lat' dir='ltr'><strong>in</strong></span> <span class='ocrx_word' id='word_1_659' title='bbox 1523 5205 1676 5259; x_wconf 64' lang='lat' dir='ltr'><strong>caelis</strong></span> <span class='ocrx_word' id='word_1_660' title='bbox 1723 5219 1886 5273; x_wconf 88' lang='lat' dir='ltr'><strong>quam</strong></span> <span class='ocrx_word' id='word_1_661' title='bbox 1911 5218 2029 5271; x_wconf 78' lang='lat' dir='ltr'><strong>quae</strong></span> <span class='ocrx_word' id='word_1_662' title='bbox 2083 5203 2134 5255; x_wconf 86' lang='lat' dir='ltr'><strong>in</strong></span> 
     </span>
    </p>
   </div>
   <div class='ocr_carea' id='block_1_84' title="bbox 565 5297 2139 5371">
    <p class='ocr_par' dir='ltr' id='par_1_84' title="bbox 565 5297 2139 5371">
     <span class='ocr_line' id='line_1_84' title="bbox 565 5297 2139 5371; baseline -0.002 -17"><span class='ocrx_word' id='word_1_663' title='bbox 565 5301 752 5355; x_wconf 87' lang='lat' dir='ltr'><strong>terris.</strong></span> <span class='ocrx_word' id='word_1_664' title='bbox 780 5303 849 5354; x_wconf 90' lang='lat' dir='ltr'><strong>At</strong></span> <span class='ocrx_word' id='word_1_665' title='bbox 905 5301 1050 5371; x_wconf 84' lang='lat' dir='ltr'><strong>quis,</strong></span> <span class='ocrx_word' id='word_1_666' title='bbox 1099 5316 1304 5370; x_wconf 74' lang='lat' dir='ltr'><strong>quaeso,</strong></span> <span class='ocrx_word' id='word_1_667' title='bbox 1348 5314 1413 5353; x_wconf 78' lang='lat' dir='ltr'><strong>ex</strong></span> <span class='ocrx_word' id='word_1_668' title='bbox 1475 5297 1704 5351; x_wconf 89' lang='lat' dir='ltr'><strong>mortuis</strong></span> <span class='ocrx_word' id='word_1_669' title='bbox 1747 5297 2139 5367; x_wconf 83' lang='lat' dir='ltr'><strong>primogenitus</strong></span> 
     </span>
    </p>
   </div>
   <div class='ocr_carea' id='block_1_85' title="bbox 636 5454 1829 5525">
    <p class='ocr_par' dir='ltr' id='par_1_85' title="bbox 636 5454 1829 5525">
     <span class='ocr_line' id='line_1_85' title="bbox 636 5454 1829 5525; baseline -0.003 -13"><span class='ocrx_word' id='word_1_670' title='bbox 636 5457 680 5490; x_wconf 77' lang='grc'><strong>³⁸</strong></span> <span class='ocrx_word' id='word_1_671' title='bbox 707 5454 865 5514; x_wconf 79' lang='lat' dir='ltr'><strong>Joan.</strong></span> <span class='ocrx_word' id='word_1_672' title='bbox 900 5471 986 5523; x_wconf 85' lang='lat' dir='ltr'><strong>tu,</strong></span> <span class='ocrx_word' id='word_1_673' title='bbox 1015 5456 1170 5525; x_wconf 67' lang='lat'><strong>9-12,</strong></span> <span class='ocrx_word' id='word_1_674' title='bbox 1209 5458 1298 5512; x_wconf 76' lang='grc'><strong>15.</strong></span> <span class='ocrx_word' id='word_1_675' title='bbox 1376 5456 1421 5489; x_wconf 73' lang='grc'><strong>⁸³</strong></span> <span class='ocrx_word' id='word_1_676' title='bbox 1448 5455 1607 5512; x_wconf 82' lang='lat' dir='ltr'><strong>Joan.</strong></span> <span class='ocrx_word' id='word_1_677' title='bbox 1642 5454 1829 5522; x_wconf 79' lang='lat' dir='ltr'><strong>vt,65.</strong></span> 
     </span>
    </p>
   </div>
   <div class='ocr_carea' id='block_1_86' title="bbox 1907 5453 2186 5510">
    <p class='ocr_par' dir='ltr' id='par_1_86' title="bbox 1907 5453 2186 5510">
     <span class='ocr_line' id='line_1_86' title="bbox 1907 5453 2186 5510; baseline 0.004 -1"><span class='ocrx_word' id='word_1_678' title='bbox 1907 5454 1951 5486; x_wconf 73' lang='grc'>⁸⁸</span> <span class='ocrx_word' id='word_1_679' title='bbox 1976 5453 2186 5510; x_wconf 85' lang='lat' dir='ltr'><strong>Coloss.</strong></span> 
     </span>
    </p>
   </div>
   <div class='ocr_carea' id='block_1_87' title="bbox 2225 3095 3814 3168">
    <p class='ocr_par' dir='ltr' id='par_1_87' title="bbox 2225 3095 3814 3168">
     <span class='ocr_line' id='line_1_87' title="bbox 2225 3095 3814 3168; baseline 0.003 -20"><span class='ocrx_word' id='word_1_680' title='bbox 2225 3097 2320 3149; x_wconf 78' lang='grc' dir='ltr'><strong>ὡδὶ</strong></span> <span class='ocrx_word' id='word_1_681' title='bbox 2354 3097 2672 3168; x_wconf 80' lang='grc' dir='ltr'>γεγραφότα</span> <span class='ocrx_word' id='word_1_682' title='bbox 2694 3097 2785 3149; x_wconf 78' lang='grc' dir='ltr'><strong>τὸν</strong></span> <span class='ocrx_word' id='word_1_683' title='bbox 2812 3096 3187 3168; x_wconf 76' lang='grc' dir='ltr'>οὐρανόφρονα</span> <span class='ocrx_word' id='word_1_684' title='bbox 3223 3096 3316 3148; x_wconf 77' lang='grc' dir='ltr'><strong>καὶ</strong></span> <span class='ocrx_word' id='word_1_685' title='bbox 3348 3095 3636 3149; x_wconf 80' lang='grc' dir='ltr'>θεσπέσιον</span> <span class='ocrx_word' id='word_1_686' title='bbox 3666 3101 3814 3152; x_wconf 68' lang='grc' dir='ltr'><strong>Παύ-</strong></span> 
     </span>
    </p>
   </div>
   <div class='ocr_carea' id='block_1_88' title="bbox 2225 3185 3817 3260">
    <p class='ocr_par' dir='ltr' id='par_1_88' title="bbox 2225 3185 3817 3260">
     <span class='ocr_line' id='line_1_88' title="bbox 2225 3185 3817 3260; baseline 0.003 -23"><span class='ocrx_word' id='word_1_687' title='bbox 2225 3185 2341 3238; x_wconf 84' lang='grc' dir='ltr'>λον·</span> <span class='ocrx_word' id='word_1_688' title='bbox 2379 3204 2396 3237; x_wconf 75' lang='grc' dir='ltr'><strong>ι</strong></span> <span class='ocrx_word' id='word_1_689' title='bbox 2427 3185 2890 3257; x_wconf 79' lang='grc' dir='ltr'>Εὐχαριστοῦντες</span> <span class='ocrx_word' id='word_1_690' title='bbox 2937 3186 3012 3256; x_wconf 78' lang='grc' dir='ltr'>τῷ</span> <span class='ocrx_word' id='word_1_691' title='bbox 3049 3186 3167 3257; x_wconf 79' lang='grc' dir='ltr'>Θεῷ</span> <span class='ocrx_word' id='word_1_692' title='bbox 3201 3187 3296 3238; x_wconf 69' lang='grc' dir='ltr'>καὶ</span> <span class='ocrx_word' id='word_1_693' title='bbox 3329 3189 3538 3260; x_wconf 74' lang='grc' dir='ltr'>Πατρὶ,</span> <span class='ocrx_word' id='word_1_694' title='bbox 3570 3189 3652 3258; x_wconf 74' lang='grc' dir='ltr'>τῷ</span> <span class='ocrx_word' id='word_1_695' title='bbox 3693 3192 3817 3242; x_wconf 77' lang='lat' dir='ltr'><strong>[xa-</strong></span> 
     </span>
    </p>
   </div>
   <div class='ocr_carea' id='block_1_89' title="bbox 2226 3277 3812 3350">
    <p class='ocr_par' dir='ltr' id='par_1_89' title="bbox 2226 3277 3812 3350">
     <span class='ocr_line' id='line_1_89' title="bbox 2226 3277 3812 3350; baseline 0.003 -20"><span class='ocrx_word' id='word_1_696' title='bbox 2226 3277 2458 3330; x_wconf 85' lang='grc' dir='ltr'>νώσαντι</span> <span class='ocrx_word' id='word_1_697' title='bbox 2488 3281 2637 3348; x_wconf 79' lang='grc' dir='ltr'>ἡμᾶς</span> <span class='ocrx_word' id='word_1_698' title='bbox 2669 3280 2748 3341; x_wconf 86' lang='grc' dir='ltr'>εἰς</span> <span class='ocrx_word' id='word_1_699' title='bbox 2775 3278 2871 3349; x_wconf 83' lang='grc' dir='ltr'><strong>τὴν</strong></span> <span class='ocrx_word' id='word_1_700' title='bbox 2903 3279 3097 3349; x_wconf 80' lang='grc' dir='ltr'>μερίδα</span> <span class='ocrx_word' id='word_1_701' title='bbox 3131 3278 3222 3330; x_wconf 76' lang='grc' dir='ltr'>τοῦ</span> <span class='ocrx_word' id='word_1_702' title='bbox 3253 3278 3455 3350; x_wconf 79' lang='grc' dir='ltr'>κλήρου</span> <span class='ocrx_word' id='word_1_703' title='bbox 3492 3280 3598 3334; x_wconf 76' lang='grc' dir='ltr'><strong>τῶν</strong></span> <span class='ocrx_word' id='word_1_704' title='bbox 3637 3283 3812 3350; x_wconf 70' lang='grc' dir='ltr'>ἁγίων</span> 
     </span>
    </p>
   </div>
   <div class='ocr_carea' id='block_1_90' title="bbox 2226 3369 3814 3442">
    <p class='ocr_par' dir='ltr' id='par_1_90' title="bbox 2226 3369 3814 3442">
     <span class='ocr_line' id='line_1_90' title="bbox 2226 3369 3814 3442; baseline 0.003 -20"><span class='ocrx_word' id='word_1_705' title='bbox 2226 3370 2284 3422; x_wconf 81' lang='grc' dir='ltr'>ὲν</span> <span class='ocrx_word' id='word_1_706' title='bbox 2314 3369 2390 3440; x_wconf 81' lang='grc' dir='ltr'>τῷ</span> <span class='ocrx_word' id='word_1_707' title='bbox 2420 3371 2557 3438; x_wconf 82' lang='grc' dir='ltr'>φωτί</span> <span class='ocrx_word' id='word_1_708' title='bbox 2579 3388 2590 3401; x_wconf 92' lang='grc'><strong>·</strong></span> <span class='ocrx_word' id='word_1_709' title='bbox 2623 3371 2680 3435; x_wconf 83' lang='grc' dir='ltr'><strong>ὃς</strong></span> <span class='ocrx_word' id='word_1_710' title='bbox 2718 3370 2986 3442; x_wconf 72' lang='grc' dir='ltr'>ἐρρύσατο</span> <span class='ocrx_word' id='word_1_711' title='bbox 3017 3372 3164 3441; x_wconf 75' lang='grc' dir='ltr'>ἡμᾶς</span> <span class='ocrx_word' id='word_1_712' title='bbox 3202 3371 3264 3424; x_wconf 77' lang='grc' dir='ltr'><strong>ἐκ</strong></span> <span class='ocrx_word' id='word_1_713' title='bbox 3301 3372 3395 3442; x_wconf 79' lang='grc' dir='ltr'>τῆς</span> <span class='ocrx_word' id='word_1_714' title='bbox 3437 3369 3688 3436; x_wconf 77' lang='grc' dir='ltr'>ἐξουσίας</span> <span class='ocrx_word' id='word_1_715' title='bbox 3717 3375 3814 3426; x_wconf 75' lang='grc' dir='ltr'>τοῦ</span> 
     </span>
    </p>
   </div>
   <div class='ocr_carea' id='block_1_91' title="bbox 2229 3463 3805 3535">
    <p class='ocr_par' dir='ltr' id='par_1_91' title="bbox 2229 3463 3805 3535">
     <span class='ocr_line' id='line_1_91' title="bbox 2229 3463 3805 3535; baseline 0.003 -20"><span class='ocrx_word' id='word_1_716' title='bbox 2229 3463 2472 3530; x_wconf 84' lang='grc' dir='ltr'>σκότους,</span> <span class='ocrx_word' id='word_1_717' title='bbox 2499 3465 2593 3518; x_wconf 72' lang='grc' dir='ltr'>καὶ</span> <span class='ocrx_word' id='word_1_718' title='bbox 2627 3464 2959 3534; x_wconf 77' lang='grc' dir='ltr'>μετέστησεν</span> <span class='ocrx_word' id='word_1_719' title='bbox 2989 3466 3066 3526; x_wconf 85' lang='grc' dir='ltr'>εἰς</span> <span class='ocrx_word' id='word_1_720' title='bbox 3096 3463 3194 3535; x_wconf 76' lang='grc' dir='ltr'>τὴν</span> <span class='ocrx_word' id='word_1_721' title='bbox 3225 3463 3505 3534; x_wconf 77' lang='grc' dir='ltr'>βασιλείαν</span> <span class='ocrx_word' id='word_1_722' title='bbox 3539 3467 3635 3518; x_wconf 71' lang='grc' dir='ltr'>τοῦ</span> <span class='ocrx_word' id='word_1_723' title='bbox 3675 3468 3805 3520; x_wconf 60' lang='lat' dir='ltr'><strong>rio-3</strong></span> 
     </span>
    </p>
   </div>
   <div class='ocr_carea' id='block_1_92' title="bbox 2228 3547 3811 3627">
    <p class='ocr_par' dir='ltr' id='par_1_92' title="bbox 2228 3547 3811 3627">
     <span class='ocr_line' id='line_1_92' title="bbox 2228 3547 3811 3627; baseline 0 -19"><span class='ocrx_word' id='word_1_724' title='bbox 2228 3556 2328 3626; x_wconf 85' lang='grc' dir='ltr'><strong>τῆς</strong></span> <span class='ocrx_word' id='word_1_725' title='bbox 2359 3556 2582 3626; x_wconf 85' lang='grc' dir='ltr'>ἀγάπης</span> <span class='ocrx_word' id='word_1_726' title='bbox 2620 3554 2818 3618; x_wconf 77' lang='grc' dir='ltr'>αὑτοῦ,</span> <span class='ocrx_word' id='word_1_727' title='bbox 2865 3557 2921 3607; x_wconf 86' lang='grc' dir='ltr'>ὲν</span> <span class='ocrx_word' id='word_1_728' title='bbox 2954 3547 2997 3622; x_wconf 82' lang='grc' dir='ltr'><strong>ᾧ</strong></span> <span class='ocrx_word' id='word_1_729' title='bbox 3036 3553 3230 3625; x_wconf 83' lang='grc' dir='ltr'>ἔχομεν</span> <span class='ocrx_word' id='word_1_730' title='bbox 3267 3556 3364 3627; x_wconf 81' lang='grc' dir='ltr'>τὴν</span> <span class='ocrx_word' id='word_1_731' title='bbox 3409 3556 3811 3627; x_wconf 66' lang='grc' dir='ltr'>ἀπολῦτρωσιν,</span> 
     </span>
    </p>
   </div>
   <div class='ocr_carea' id='block_1_93' title="bbox 2227 3646 3813 3719">
    <p class='ocr_par' dir='ltr' id='par_1_93' title="bbox 2227 3646 3813 3719">
     <span class='ocr_line' id='line_1_93' title="bbox 2227 3646 3813 3719; baseline 0.001 -18"><span class='ocrx_word' id='word_1_732' title='bbox 2227 3649 2326 3719; x_wconf 72' lang='grc' dir='ltr'>τὴν</span> <span class='ocrx_word' id='word_1_733' title='bbox 2351 3647 2546 3716; x_wconf 69' lang='grc' dir='ltr'>ἄφεσιν</span> <span class='ocrx_word' id='word_1_734' title='bbox 2580 3647 2688 3700; x_wconf 82' lang='grc' dir='ltr'><strong>τῶν</strong></span> <span class='ocrx_word' id='word_1_735' title='bbox 2721 3646 3008 3716; x_wconf 78' lang='grc' dir='ltr'>ἁμαρτιῶν</span> <span class='ocrx_word' id='word_1_736' title='bbox 3033 3664 3047 3676; x_wconf 78' lang='grc'><em>’</em></span> <span class='ocrx_word' id='word_1_737' title='bbox 3080 3648 3136 3709; x_wconf 76' lang='grc' dir='ltr'>ὃς</span> <span class='ocrx_word' id='word_1_738' title='bbox 3172 3649 3318 3701; x_wconf 83' lang='grc' dir='ltr'>ἐστιν</span> <span class='ocrx_word' id='word_1_739' title='bbox 3346 3648 3506 3700; x_wconf 85' lang='grc' dir='ltr'>είκὼν</span> <span class='ocrx_word' id='word_1_740' title='bbox 3535 3649 3634 3702; x_wconf 75' lang='grc' dir='ltr'>τοῦ</span> <span class='ocrx_word' id='word_1_741' title='bbox 3673 3648 3813 3702; x_wconf 78' lang='grc' dir='ltr'>Θεοῦ</span> 
     </span>
    </p>
   </div>
   <div class='ocr_carea' id='block_1_94' title="bbox 2228 3739 3814 3810">
    <p class='ocr_par' dir='ltr' id='par_1_94' title="bbox 2228 3739 3814 3810">
     <span class='ocr_line' id='line_1_94' title="bbox 2228 3739 3814 3810; baseline 0.002 -18"><span class='ocrx_word' id='word_1_742' title='bbox 2228 3739 2323 3792; x_wconf 80' lang='grc' dir='ltr'>τοῦ</span> <span class='ocrx_word' id='word_1_743' title='bbox 2373 3739 2636 3810; x_wconf 86' lang='grc' dir='ltr'>ἀοράτου,</span> <span class='ocrx_word' id='word_1_744' title='bbox 2681 3739 3024 3806; x_wconf 79' lang='grc' dir='ltr'>πρωτότοκος</span> <span class='ocrx_word' id='word_1_745' title='bbox 3080 3740 3259 3809; x_wconf 75' lang='grc' dir='ltr'>πάσης</span> <span class='ocrx_word' id='word_1_746' title='bbox 3307 3741 3571 3803; x_wconf 84' lang='grc' dir='ltr'>κτίσεως⁶</span> <span class='ocrx_word' id='word_1_747' title='bbox 3621 3742 3698 3794; x_wconf 77' lang='grc' dir='ltr'><strong>ὅτι</strong></span> <span class='ocrx_word' id='word_1_748' title='bbox 3754 3744 3814 3795; x_wconf 81' lang='grc' dir='ltr'>ἐν</span> 
     </span>
    </p>
   </div>
   <div class='ocr_carea' id='block_1_95' title="bbox 2231 3829 3814 3901">
    <p class='ocr_par' dir='ltr' id='par_1_95' title="bbox 2231 3829 3814 3901">
     <span class='ocr_line' id='line_1_95' title="bbox 2231 3829 3814 3901; baseline 0.001 -18"><span class='ocrx_word' id='word_1_749' title='bbox 2231 3830 2381 3901; x_wconf 82' lang='grc' dir='ltr'>αὐτῴ</span> <span class='ocrx_word' id='word_1_750' title='bbox 2419 3830 2641 3899; x_wconf 68' lang='grc' dir='ltr'>ἐκτίσθη</span> <span class='ocrx_word' id='word_1_751' title='bbox 2671 3832 2738 3882; x_wconf 76' lang='grc' dir='ltr'><strong>τα</strong></span> <span class='ocrx_word' id='word_1_752' title='bbox 2771 3829 2967 3894; x_wconf 78' lang='grc' dir='ltr'>πάντα,</span> <span class='ocrx_word' id='word_1_753' title='bbox 2996 3829 3063 3880; x_wconf 75' lang='grc' dir='ltr'><strong>τὰ</strong></span> <span class='ocrx_word' id='word_1_754' title='bbox 3093 3830 3150 3891; x_wconf 69' lang='grc' dir='ltr'><strong>ἐν</strong></span> <span class='ocrx_word' id='word_1_755' title='bbox 3177 3833 3288 3890; x_wconf 83' lang='grc' dir='ltr'>τοῖς</span> <span class='ocrx_word' id='word_1_756' title='bbox 3320 3831 3589 3901; x_wconf 75' lang='grc' dir='ltr'>οὐρανοῖς,</span> <span class='ocrx_word' id='word_1_757' title='bbox 3621 3832 3713 3883; x_wconf 72' lang='grc' dir='ltr'><strong>καὶ</strong></span> <span class='ocrx_word' id='word_1_758' title='bbox 3746 3833 3814 3884; x_wconf 69' lang='grc' dir='ltr'>τὰ</span> 
     </span>
    </p>
   </div>
   <div class='ocr_carea' id='block_1_96' title="bbox 2233 3919 3812 3991">
    <p class='ocr_par' dir='ltr' id='par_1_96' title="bbox 2233 3919 3812 3991">
     <span class='ocr_line' id='line_1_96' title="bbox 2233 3919 3812 3991; baseline -0.001 -16"><span class='ocrx_word' id='word_1_759' title='bbox 2233 3923 2326 3975; x_wconf 65' lang='grc' dir='ltr'>ἐπὶ</span> <span class='ocrx_word' id='word_1_760' title='bbox 2361 3921 2461 3990; x_wconf 71' lang='grc' dir='ltr'><strong>τῆς</strong></span> <span class='ocrx_word' id='word_1_761' title='bbox 2499 3919 2625 3989; x_wconf 72' lang='grc' dir='ltr'>γῆς,</span> <span class='ocrx_word' id='word_1_762' title='bbox 2656 3920 2726 3973; x_wconf 77' lang='grc' dir='ltr'><strong>τὰ</strong></span> <span class='ocrx_word' id='word_1_763' title='bbox 2762 3921 2932 3991; x_wconf 87' lang='grc' dir='ltr'>ὀρατά</span> <span class='ocrx_word' id='word_1_764' title='bbox 2965 3921 3061 3972; x_wconf 77' lang='grc' dir='ltr'><strong>καὶ</strong></span> <span class='ocrx_word' id='word_1_765' title='bbox 3089 3920 3159 3973; x_wconf 74' lang='grc' dir='ltr'>τὰ</span> <span class='ocrx_word' id='word_1_766' title='bbox 3189 3921 3393 3990; x_wconf 87' lang='grc' dir='ltr'>ἀόρατα</span> <span class='ocrx_word' id='word_1_767' title='bbox 3416 3935 3431 3949; x_wconf 78' lang='grc' dir='ltr'><strong>ο</strong></span> <span class='ocrx_word' id='word_1_768' title='bbox 3455 3921 3564 3971; x_wconf 77' lang='grc' dir='ltr'>εἴτε</span> <span class='ocrx_word' id='word_1_769' title='bbox 3598 3921 3812 3990; x_wconf 82' lang='grc' dir='ltr'>Θρόνοι,</span> 
     </span>
    </p>
   </div>
   <div class='ocr_carea' id='block_1_97' title="bbox 2232 4013 3812 4088">
    <p class='ocr_par' dir='ltr' id='par_1_97' title="bbox 2232 4013 3812 4088">
     <span class='ocr_line' id='line_1_97' title="bbox 2232 4013 3812 4088; baseline 0 -22"><span class='ocrx_word' id='word_1_770' title='bbox 2232 4013 2342 4066; x_wconf 82' lang='grc' dir='ltr'>εἴτε</span> <span class='ocrx_word' id='word_1_771' title='bbox 2378 4013 2747 4088; x_wconf 71' lang='grc' dir='ltr'>κυριότητες,</span> <span class='ocrx_word' id='word_1_772' title='bbox 2797 4013 2907 4065; x_wconf 83' lang='grc' dir='ltr'>εἴτε</span> <span class='ocrx_word' id='word_1_773' title='bbox 2959 4013 3185 4083; x_wconf 68' lang='grc' dir='ltr'>Ἀρχαὶ,</span> <span class='ocrx_word' id='word_1_774' title='bbox 3233 4013 3343 4065; x_wconf 71' lang='grc' dir='ltr'>εἴτε</span> <span class='ocrx_word' id='word_1_775' title='bbox 3397 4013 3706 4078; x_wconf 82' lang='grc' dir='ltr'>Ἐξουσίαι,</span> <span class='ocrx_word' id='word_1_776' title='bbox 3745 4015 3812 4066; x_wconf 75' lang='grc' dir='ltr'>τὰ</span> 
     </span>
    </p>
   </div>
   <div class='ocr_carea' id='block_1_98' title="bbox 2232 4103 3814 4169">
    <p class='ocr_par' dir='ltr' id='par_1_98' title="bbox 2232 4103 3814 4169">
     <span class='ocr_line' id='line_1_98' title="bbox 2232 4103 3814 4169; baseline 0.003 -13"><span class='ocrx_word' id='word_1_777' title='bbox 2232 4105 2410 4158; x_wconf 79' lang='grc' dir='ltr'>πάντα</span> <span class='ocrx_word' id='word_1_778' title='bbox 2438 4105 2506 4156; x_wconf 82' lang='grc' dir='ltr'>δι’</span> <span class='ocrx_word' id='word_1_779' title='bbox 2531 4103 2695 4161; x_wconf 75' lang='grc' dir='ltr'>αὑτοῦ</span> <span class='ocrx_word' id='word_1_780' title='bbox 2747 4106 2840 4156; x_wconf 71' lang='grc' dir='ltr'><strong>καὶ</strong></span> <span class='ocrx_word' id='word_1_781' title='bbox 2874 4106 2952 4166; x_wconf 83' lang='grc' dir='ltr'><strong>είς</strong></span> <span class='ocrx_word' id='word_1_782' title='bbox 2985 4106 3147 4159; x_wconf 60' lang='grc' dir='ltr'>αὐτὸν</span> <span class='ocrx_word' id='word_1_783' title='bbox 3193 4104 3436 4157; x_wconf 79' lang='grc' dir='ltr'>ἔκτισται</span> <span class='ocrx_word' id='word_1_784' title='bbox 3458 4122 3474 4135; x_wconf 69' lang='grc' dir='ltr'><strong>ο</strong></span> <span class='ocrx_word' id='word_1_785' title='bbox 3513 4106 3608 4157; x_wconf 79' lang='grc' dir='ltr'><strong>καὶ</strong></span> <span class='ocrx_word' id='word_1_786' title='bbox 3649 4106 3814 4169; x_wconf 74' lang='grc' dir='ltr'>αὐτός</span> 
     </span>
    </p>
   </div>
   <div class='ocr_carea' id='block_1_99' title="bbox 2235 4196 3808 4268">
    <p class='ocr_par' dir='ltr' id='par_1_99' title="bbox 2235 4196 3808 4268">
     <span class='ocr_line' id='line_1_99' title="bbox 2235 4196 3808 4268; baseline 0.001 -19"><span class='ocrx_word' id='word_1_787' title='bbox 2235 4199 2350 4249; x_wconf 80' lang='grc' dir='ltr'>ἐστι</span> <span class='ocrx_word' id='word_1_788' title='bbox 2376 4196 2481 4268; x_wconf 75' lang='grc' dir='ltr'><strong>πρὸ</strong></span> <span class='ocrx_word' id='word_1_789' title='bbox 2500 4197 2738 4260; x_wconf 86' lang='grc' dir='ltr'>πάντων,</span> <span class='ocrx_word' id='word_1_790' title='bbox 2772 4197 2865 4250; x_wconf 75' lang='grc' dir='ltr'>καὶ</span> <span class='ocrx_word' id='word_1_791' title='bbox 2898 4197 2965 4249; x_wconf 84' lang='grc' dir='ltr'>τὰ</span> <span class='ocrx_word' id='word_1_792' title='bbox 2999 4197 3175 4249; x_wconf 81' lang='grc' dir='ltr'>πάντα</span> <span class='ocrx_word' id='word_1_793' title='bbox 3208 4198 3265 4249; x_wconf 80' lang='grc' dir='ltr'>ὲν</span> <span class='ocrx_word' id='word_1_794' title='bbox 3294 4198 3444 4267; x_wconf 76' lang='grc' dir='ltr'>αὐτῷ</span> <span class='ocrx_word' id='word_1_795' title='bbox 3477 4198 3808 4268; x_wconf 80' lang='grc' dir='ltr'>συνέστηκε·</span> 
     </span>
    </p>
   </div>
   <div class='ocr_carea' id='block_1_100' title="bbox 2234 4287 3814 4359">
    <p class='ocr_par' dir='ltr' id='par_1_100' title="bbox 2234 4287 3814 4359">
     <span class='ocr_line' id='line_1_100' title="bbox 2234 4287 3814 4359; baseline 0 -18"><span class='ocrx_word' id='word_1_796' title='bbox 2234 4291 2330 4342; x_wconf 73' lang='grc' dir='ltr'><strong>καὶ</strong></span> <span class='ocrx_word' id='word_1_797' title='bbox 2354 4289 2515 4352; x_wconf 78' lang='grc' dir='ltr'>αὑτός</span> <span class='ocrx_word' id='word_1_798' title='bbox 2538 4291 2686 4351; x_wconf 75' lang='grc' dir='ltr'>ἐστιν</span> <span class='ocrx_word' id='word_1_799' title='bbox 2721 4290 2752 4358; x_wconf 81' lang='grc' dir='ltr'>ἡ</span> <span class='ocrx_word' id='word_1_800' title='bbox 2783 4289 2993 4358; x_wconf 73' lang='grc' dir='ltr'>κεφαλὴ</span> <span class='ocrx_word' id='word_1_801' title='bbox 3023 4287 3116 4340; x_wconf 76' lang='grc' dir='ltr'>τοῦ</span> <span class='ocrx_word' id='word_1_802' title='bbox 3153 4287 3405 4356; x_wconf 75' lang='grc' dir='ltr'>σώματος</span> <span class='ocrx_word' id='word_1_803' title='bbox 3442 4290 3544 4358; x_wconf 72' lang='grc' dir='ltr'><strong>τῆς</strong></span> <span class='ocrx_word' id='word_1_804' title='bbox 3581 4288 3814 4359; x_wconf 72' lang='grc' dir='ltr'>Ἐκκλη-</span> 
     </span>
    </p>
   </div>
   <div class='ocr_carea' id='block_1_101' title="bbox 2241 4379 3817 4450">
    <p class='ocr_par' dir='ltr' id='par_1_101' title="bbox 2241 4379 3817 4450">
     <span class='ocr_line' id='line_1_101' title="bbox 2241 4379 3817 4450; baseline -0.001 -17"><span class='ocrx_word' id='word_1_805' title='bbox 2241 4384 2381 4444; x_wconf 88' lang='grc' dir='ltr'>σίας,</span> <span class='ocrx_word' id='word_1_806' title='bbox 2416 4383 2473 4443; x_wconf 83' lang='grc' dir='ltr'>ὅς</span> <span class='ocrx_word' id='word_1_807' title='bbox 2503 4381 2650 4441; x_wconf 76' lang='grc' dir='ltr'>ἐστιν</span> <span class='ocrx_word' id='word_1_808' title='bbox 2677 4381 2840 4450; x_wconf 73' lang='grc' dir='ltr'>ἁρχὴ,</span> <span class='ocrx_word' id='word_1_809' title='bbox 2875 4380 3220 4450; x_wconf 84' lang='grc' dir='ltr'>πρωτότοκος</span> <span class='ocrx_word' id='word_1_810' title='bbox 3245 4381 3308 4432; x_wconf 82' lang='grc' dir='ltr'>ἐκ</span> <span class='ocrx_word' id='word_1_811' title='bbox 3334 4381 3443 4434; x_wconf 84' lang='grc' dir='ltr'>τῶν</span> <span class='ocrx_word' id='word_1_812' title='bbox 3468 4379 3704 4450; x_wconf 76' lang='grc' dir='ltr'>νεκρῶν,</span> <span class='ocrx_word' id='word_1_813' title='bbox 3733 4381 3817 4432; x_wconf 70' lang='grc' dir='ltr'><strong>ἵνα</strong></span> 
     </span>
    </p>
   </div>
   <div class='ocr_carea' id='block_1_102' title="bbox 2239 4467 3817 4541">
    <p class='ocr_par' dir='ltr' id='par_1_102' title="bbox 2239 4467 3817 4541">
     <span class='ocr_line' id='line_1_102' title="bbox 2239 4467 3817 4541; baseline -0.001 -17"><span class='ocrx_word' id='word_1_814' title='bbox 2239 4472 2462 4541; x_wconf 77' lang='grc' dir='ltr'>γένηται</span> <span class='ocrx_word' id='word_1_815' title='bbox 2492 4472 2550 4522; x_wconf 82' lang='grc' dir='ltr'>ἐν</span> <span class='ocrx_word' id='word_1_816' title='bbox 2582 4467 2745 4524; x_wconf 69' lang='grc' dir='ltr'>ττᾶσιν</span> <span class='ocrx_word' id='word_1_817' title='bbox 2773 4469 2935 4532; x_wconf 69' lang='grc' dir='ltr'>αὐτὸς</span> <span class='ocrx_word' id='word_1_818' title='bbox 2965 4470 3280 4540; x_wconf 81' lang='grc' dir='ltr'>πρωτεύων.</span> <span class='ocrx_word' id='word_1_819' title='bbox 3309 4471 3430 4530; x_wconf 82' lang='grc' dir='ltr'>Ὀτι</span> <span class='ocrx_word' id='word_1_820' title='bbox 3459 4472 3515 4522; x_wconf 74' lang='grc' dir='ltr'><strong>ἐν</strong></span> <span class='ocrx_word' id='word_1_821' title='bbox 3543 4471 3692 4541; x_wconf 77' lang='grc' dir='ltr'>αὐτῴ</span> <span class='ocrx_word' id='word_1_822' title='bbox 3734 4472 3817 4522; x_wconf 76' lang='grc' dir='ltr'>εὑ-</span> 
     </span>
    </p>
   </div>
   <div class='ocr_carea' id='block_1_103' title="bbox 2240 4561 3817 4633">
    <p class='ocr_par' dir='ltr' id='par_1_103' title="bbox 2240 4561 3817 4633">
     <span class='ocr_line' id='line_1_103' title="bbox 2240 4561 3817 4633; baseline 0.001 -17"><span class='ocrx_word' id='word_1_823' title='bbox 2240 4564 2433 4633; x_wconf 84' lang='grc' dir='ltr'>δόκησε</span> <span class='ocrx_word' id='word_1_824' title='bbox 2470 4564 2576 4622; x_wconf 79' lang='grc' dir='ltr'>πᾶν</span> <span class='ocrx_word' id='word_1_825' title='bbox 2619 4563 2680 4614; x_wconf 77' lang='grc' dir='ltr'>τὸ</span> <span class='ocrx_word' id='word_1_826' title='bbox 2710 4561 2983 4632; x_wconf 77' lang='grc' dir='ltr'>πλήρωμα</span> <span class='ocrx_word' id='word_1_827' title='bbox 3023 4563 3374 4632; x_wconf 77' lang='grc' dir='ltr'>κατοικῆσαι,</span> <span class='ocrx_word' id='word_1_828' title='bbox 3416 4562 3509 4615; x_wconf 71' lang='grc' dir='ltr'><strong>καὶ</strong></span> <span class='ocrx_word' id='word_1_829' title='bbox 3550 4563 3619 4614; x_wconf 80' lang='grc' dir='ltr'>δι’</span> <span class='ocrx_word' id='word_1_830' title='bbox 3649 4564 3817 4617; x_wconf 71' lang='grc' dir='ltr'>αὐτοῦ</span> 
     </span>
    </p>
   </div>
   <div class='ocr_carea' id='block_1_104' title="bbox 2242 4655 3820 4726">
    <p class='ocr_par' dir='ltr' id='par_1_104' title="bbox 2242 4655 3820 4726">
     <span class='ocr_line' id='line_1_104' title="bbox 2242 4655 3820 4726; baseline -0.001 -16"><span class='ocrx_word' id='word_1_831' title='bbox 2242 4657 2685 4722; x_wconf 78' lang='grc' dir='ltr'>ἀποκαταλλάξαι</span> <span class='ocrx_word' id='word_1_832' title='bbox 2723 4656 2789 4708; x_wconf 73' lang='grc' dir='ltr'>τὰ</span> <span class='ocrx_word' id='word_1_833' title='bbox 2841 4658 3016 4708; x_wconf 82' lang='grc' dir='ltr'>πάντα</span> <span class='ocrx_word' id='word_1_834' title='bbox 3065 4657 3142 4718; x_wconf 85' lang='grc' dir='ltr'>εἰς</span> <span class='ocrx_word' id='word_1_835' title='bbox 3184 4655 3367 4717; x_wconf 82' lang='grc' dir='ltr'>αὑτὸν,</span> <span class='ocrx_word' id='word_1_836' title='bbox 3400 4656 3820 4726; x_wconf 76' lang='grc' dir='ltr'>εἰρηνοποιήσας</span> 
     </span>
    </p>
   </div>
   <div class='ocr_carea' id='block_1_105' title="bbox 2243 4744 3821 4816">
    <p class='ocr_par' dir='ltr' id='par_1_105' title="bbox 2243 4744 3821 4816">
     <span class='ocr_line' id='line_1_105' title="bbox 2243 4744 3821 4816; baseline -0.001 -17"><span class='ocrx_word' id='word_1_837' title='bbox 2243 4747 2330 4799; x_wconf 81' lang='grc' dir='ltr'><strong>διὰ</strong></span> <span class='ocrx_word' id='word_1_838' title='bbox 2384 4748 2476 4799; x_wconf 77' lang='grc' dir='ltr'>τοῦ</span> <span class='ocrx_word' id='word_1_839' title='bbox 2533 4747 2762 4815; x_wconf 81' lang='grc' dir='ltr'>αἵματος</span> <span class='ocrx_word' id='word_1_840' title='bbox 2805 4744 2898 4798; x_wconf 81' lang='grc' dir='ltr'><strong>τοῦ</strong></span> <span class='ocrx_word' id='word_1_841' title='bbox 2960 4745 3196 4816; x_wconf 73' lang='grc' dir='ltr'>σταυροῦ</span> <span class='ocrx_word' id='word_1_842' title='bbox 3237 4745 3424 4808; x_wconf 74' lang='grc' dir='ltr'>αὑτοῦ,</span> <span class='ocrx_word' id='word_1_843' title='bbox 3477 4747 3586 4798; x_wconf 81' lang='grc' dir='ltr'>εἴτε</span> <span class='ocrx_word' id='word_1_844' title='bbox 3622 4747 3690 4800; x_wconf 70' lang='grc' dir='ltr'>τὰ</span> <span class='ocrx_word' id='word_1_845' title='bbox 3730 4746 3821 4798; x_wconf 70' lang='grc' dir='ltr'><strong>ἐπὶ</strong></span> 
     </span>
    </p>
   </div>
   <div class='ocr_carea' id='block_1_106' title="bbox 2240 4835 3823 4908">
    <p class='ocr_par' dir='ltr' id='par_1_106' title="bbox 2240 4835 3823 4908">
     <span class='ocr_line' id='line_1_106' title="bbox 2240 4835 3823 4908; baseline 0.001 -20"><span class='ocrx_word' id='word_1_846' title='bbox 2240 4838 2340 4907; x_wconf 81' lang='grc' dir='ltr'>τῆς</span> <span class='ocrx_word' id='word_1_847' title='bbox 2368 4839 2492 4907; x_wconf 82' lang='grc' dir='ltr'>γῆς,</span> <span class='ocrx_word' id='word_1_848' title='bbox 2539 4839 2648 4890; x_wconf 78' lang='grc' dir='ltr'>εἴτε</span> <span class='ocrx_word' id='word_1_849' title='bbox 2687 4836 2755 4888; x_wconf 88' lang='grc' dir='ltr'><strong>τά</strong></span> <span class='ocrx_word' id='word_1_850' title='bbox 2797 4838 2854 4887; x_wconf 81' lang='grc' dir='ltr'>ὲν</span> <span class='ocrx_word' id='word_1_851' title='bbox 2889 4838 3002 4898; x_wconf 85' lang='grc' dir='ltr'>τοῖς</span> <span class='ocrx_word' id='word_1_852' title='bbox 3031 4837 3299 4908; x_wconf 82' lang='grc' dir='ltr'>οὐρανοῖς.</span> <span class='ocrx_word' id='word_1_853' title='bbox 3328 4855 3348 4886; x_wconf 71' lang='grc' dir='ltr'><strong>ι</strong></span> <span class='ocrx_word' id='word_1_854' title='bbox 3395 4835 3525 4888; x_wconf 74' lang='grc' dir='ltr'>Ἰδοὺ</span> <span class='ocrx_word' id='word_1_855' title='bbox 3558 4836 3625 4907; x_wconf 81' lang='grc' dir='ltr'>δὴ</span> <span class='ocrx_word' id='word_1_856' title='bbox 3659 4837 3823 4890; x_wconf 68' lang='grc' dir='ltr'>πάλιν</span> 
     </span>
    </p>
   </div>
   <div class='ocr_carea' id='block_1_107' title="bbox 2241 4925 3826 4998">
    <p class='ocr_par' dir='ltr' id='par_1_107' title="bbox 2241 4925 3826 4998">
     <span class='ocr_line' id='line_1_107' title="bbox 2241 4925 3826 4998; baseline -0.002 -17"><span class='ocrx_word' id='word_1_857' title='bbox 2241 4929 2544 4996; x_wconf 74' lang='grc' dir='ltr'>ἀναφανδὸν</span> <span class='ocrx_word' id='word_1_858' title='bbox 2571 4929 2636 4981; x_wconf 85' lang='grc' dir='ltr'>δι’</span> <span class='ocrx_word' id='word_1_859' title='bbox 2661 4926 2852 4991; x_wconf 78' lang='grc' dir='ltr'>αὐτοῦ,</span> <span class='ocrx_word' id='word_1_860' title='bbox 2881 4930 3039 4998; x_wconf 80' lang='grc' dir='ltr'>φησὶ,</span> <span class='ocrx_word' id='word_1_861' title='bbox 3058 4927 3153 4980; x_wconf 69' lang='grc' dir='ltr'><strong>καὶ</strong></span> <span class='ocrx_word' id='word_1_862' title='bbox 3183 4929 3264 4989; x_wconf 87' lang='grc' dir='ltr'>εἰς</span> <span class='ocrx_word' id='word_1_863' title='bbox 3287 4925 3447 4978; x_wconf 72' lang='grc' dir='ltr'>αὐτὸν</span> <span class='ocrx_word' id='word_1_864' title='bbox 3477 4926 3726 4980; x_wconf 76' lang='grc' dir='ltr'>ἔκτισται</span> <span class='ocrx_word' id='word_1_865' title='bbox 3760 4927 3826 4978; x_wconf 64' lang='grc' dir='ltr'><strong>τι</strong></span> 
     </span>
    </p>
   </div>
   <div class='ocr_carea' id='block_1_108' title="bbox 2238 5020 3825 5091">
    <p class='ocr_par' dir='ltr' id='par_1_108' title="bbox 2238 5020 3825 5091">
     <span class='ocr_line' id='line_1_108' title="bbox 2238 5020 3825 5091; baseline 0 -19"><span class='ocrx_word' id='word_1_866' title='bbox 2238 5022 2434 5084; x_wconf 83' lang='grc' dir='ltr'>πάντα,</span> <span class='ocrx_word' id='word_1_867' title='bbox 2464 5023 2558 5073; x_wconf 78' lang='grc' dir='ltr'><strong>καὶ</strong></span> <span class='ocrx_word' id='word_1_868' title='bbox 2591 5020 2694 5091; x_wconf 86' lang='grc' dir='ltr'><strong>μὴν</strong></span> <span class='ocrx_word' id='word_1_869' title='bbox 2716 5021 2797 5073; x_wconf 83' lang='grc' dir='ltr'><strong>ὅτι</strong></span> <span class='ocrx_word' id='word_1_870' title='bbox 2822 5020 2927 5089; x_wconf 78' lang='grc' dir='ltr'>πρὸ</span> <span class='ocrx_word' id='word_1_871' title='bbox 2941 5021 3156 5073; x_wconf 82' lang='grc' dir='ltr'>πάντων</span> <span class='ocrx_word' id='word_1_872' title='bbox 3176 5021 3309 5081; x_wconf 79' lang='grc' dir='ltr'>ἐστὶ,</span> <span class='ocrx_word' id='word_1_873' title='bbox 3333 5022 3423 5072; x_wconf 64' lang='grc' dir='ltr'><strong>καὶ</strong></span> <span class='ocrx_word' id='word_1_874' title='bbox 3442 5021 3523 5071; x_wconf 78' lang='grc' dir='ltr'><strong>ὅτι</strong></span> <span class='ocrx_word' id='word_1_875' title='bbox 3552 5020 3620 5072; x_wconf 76' lang='grc' dir='ltr'>τὰ</span> <span class='ocrx_word' id='word_1_876' title='bbox 3643 5020 3825 5073; x_wconf 73' lang='grc' dir='ltr'>πάντα</span> 
     </span>
    </p>
   </div>
   <div class='ocr_carea' id='block_1_109' title="bbox 2240 5107 3824 5182">
    <p class='ocr_par' dir='ltr' id='par_1_109' title="bbox 2240 5107 3824 5182">
     <span class='ocr_line' id='line_1_109' title="bbox 2240 5107 3824 5182; baseline -0.002 -17"><span class='ocrx_word' id='word_1_877' title='bbox 2240 5112 2572 5182; x_wconf 80' lang='grc' dir='ltr'>συνέστηκεν</span> <span class='ocrx_word' id='word_1_878' title='bbox 2605 5114 2662 5164; x_wconf 82' lang='grc' dir='ltr'>ὲν</span> <span class='ocrx_word' id='word_1_879' title='bbox 2718 5111 2896 5182; x_wconf 79' lang='grc' dir='ltr'>αὐτῷ’</span> <span class='ocrx_word' id='word_1_880' title='bbox 2964 5111 3058 5164; x_wconf 83' lang='grc' dir='ltr'><strong>καί</strong></span> <span class='ocrx_word' id='word_1_881' title='bbox 3089 5112 3249 5164; x_wconf 77' lang='grc' dir='ltr'>αὑτὸν</span> <span class='ocrx_word' id='word_1_882' title='bbox 3282 5107 3420 5164; x_wconf 76' lang='grc' dir='ltr'>εἷναί</span> <span class='ocrx_word' id='word_1_883' title='bbox 3489 5127 3624 5180; x_wconf 71' lang='grc' dir='ltr'>φησι</span> <span class='ocrx_word' id='word_1_884' title='bbox 3667 5128 3824 5179; x_wconf 63' lang='lat'><strong>7:919-</strong></span> 
     </span>
    </p>
   </div>
   <div class='ocr_carea' id='block_1_110' title="bbox 2238 5203 3826 5276">
    <p class='ocr_par' dir='ltr' id='par_1_110' title="bbox 2238 5203 3826 5276">
     <span class='ocr_line' id='line_1_110' title="bbox 2238 5203 3826 5276; baseline -0.001 -18"><span class='ocrx_word' id='word_1_885' title='bbox 2238 5206 2456 5259; x_wconf 77' lang='grc' dir='ltr'>τότοκον</span> <span class='ocrx_word' id='word_1_886' title='bbox 2481 5207 2543 5258; x_wconf 83' lang='grc' dir='ltr'>ἐκ</span> <span class='ocrx_word' id='word_1_887' title='bbox 2577 5205 2808 5275; x_wconf 86' lang='grc' dir='ltr'>νεκρῶν,</span> <span class='ocrx_word' id='word_1_888' title='bbox 2835 5205 3320 5276; x_wconf 76' lang='grc' dir='ltr'>εἰρηνοποιήσαντα</span> <span class='ocrx_word' id='word_1_889' title='bbox 3347 5204 3436 5258; x_wconf 77' lang='grc' dir='ltr'><strong>διὰ</strong></span> <span class='ocrx_word' id='word_1_890' title='bbox 3459 5203 3551 5256; x_wconf 77' lang='grc' dir='ltr'>τοῦ</span> <span class='ocrx_word' id='word_1_891' title='bbox 3587 5204 3826 5273; x_wconf 72' lang='grc' dir='ltr'>αἵματος</span> 
     </span>
    </p>
   </div>
   <div class='ocr_carea' id='block_1_111' title="bbox 2236 5295 3808 5378">
    <p class='ocr_par' dir='ltr' id='par_1_111' title="bbox 2236 5295 3808 5378">
     <span class='ocr_line' id='line_1_111' title="bbox 2236 5295 3808 5378; baseline 0.013 -30"><span class='ocrx_word' id='word_1_892' title='bbox 2236 5295 2332 5351; x_wconf 82' lang='grc' dir='ltr'>τοῦ</span> <span class='ocrx_word' id='word_1_893' title='bbox 2361 5296 2596 5368; x_wconf 77' lang='grc' dir='ltr'>σταυροῦ</span> <span class='ocrx_word' id='word_1_894' title='bbox 2620 5297 2807 5365; x_wconf 82' lang='grc' dir='ltr'>αὑτοῦ,</span> <span class='ocrx_word' id='word_1_895' title='bbox 2826 5299 2895 5354; x_wconf 87' lang='grc' dir='ltr'><strong>τά</strong></span> <span class='ocrx_word' id='word_1_896' title='bbox 2912 5316 2970 5353; x_wconf 88' lang='grc' dir='ltr'><strong>τε</strong></span> <span class='ocrx_word' id='word_1_897' title='bbox 2996 5300 3053 5354; x_wconf 82' lang='grc' dir='ltr'>ἐν</span> <span class='ocrx_word' id='word_1_898' title='bbox 3073 5299 3338 5378; x_wconf 73' lang='grc' dir='ltr'>οὐρανοῖς,</span> <span class='ocrx_word' id='word_1_899' title='bbox 3364 5297 3456 5351; x_wconf 73' lang='grc' dir='ltr'><strong>καί</strong></span> <span class='ocrx_word' id='word_1_900' title='bbox 3481 5299 3547 5350; x_wconf 62' lang='grc' dir='ltr'><strong>τά</strong></span> <span class='ocrx_word' id='word_1_901' title='bbox 3577 5296 3672 5350; x_wconf 60' lang='grc' dir='ltr'><strong>ἐπὶ</strong></span> <span class='ocrx_word' id='word_1_902' title='bbox 3699 5296 3808 5367; x_wconf 56' lang='grc' dir='ltr'><strong>τῆς</strong></span> 
     </span>
    </p>
   </div>
   <div class='ocr_carea' id='block_1_112' title="bbox 2235 5452 2494 5520">
    <p class='ocr_par' dir='ltr' id='par_1_112' title="bbox 2235 5452 2494 5520">
     <span class='ocr_line' id='line_1_112' title="bbox 2235 5452 2494 5520; baseline 0 -10"><span class='ocrx_word' id='word_1_903' title='bbox 2235 5470 2275 5520; x_wconf 89' lang='grc' dir='ltr'><strong>ι,</strong></span> <span class='ocrx_word' id='word_1_904' title='bbox 2306 5452 2494 5510; x_wconf 70' lang='grc'><strong>12-99.</strong></span> 
     </span>
    </p>
   </div>
   <div class='ocr_carea' id='block_1_113' title="bbox 1672 5609 2765 5681">
    <p class='ocr_par' dir='ltr' id='par_1_113' title="bbox 1672 5609 2765 5681">
     <span class='ocr_line' id='line_1_113' title="bbox 1672 5609 2765 5681; baseline 0.001 -17"><span class='ocrx_word' id='word_1_905' title='bbox 1672 5611 1852 5667; x_wconf 69' lang='lat' dir='ltr'><strong>Varia:</strong></span> <span class='ocrx_word' id='word_1_906' title='bbox 1888 5611 2148 5668; x_wconf 78' lang='lat' dir='ltr'><strong>lectiones</strong></span> <span class='ocrx_word' id='word_1_907' title='bbox 2174 5611 2378 5668; x_wconf 87' lang='lat' dir='ltr'><strong>codicis</strong></span> <span class='ocrx_word' id='word_1_908' title='bbox 2403 5609 2765 5681; x_wconf 74' lang='lat' dir='ltr'><strong>Seguieriaui.</strong></span> 
     </span>
    </p>
   </div>
   <div class='ocr_carea' id='block_1_114' title="bbox 643 5747 1740 5826">
    <p class='ocr_par' dir='ltr' id='par_1_114' title="bbox 643 5747 1740 5826">
     <span class='ocr_line' id='line_1_114' title="bbox 643 5747 1740 5826; baseline -0.001 -22"><span class='ocrx_word' id='word_1_909' title='bbox 643 5747 670 5788; x_wconf 67' lang='grc' dir='ltr'>δ</span> <span class='ocrx_word' id='word_1_910' title='bbox 695 5751 1134 5824; x_wconf 78' lang='grc' dir='ltr'>ὁμολογήσωμεν,</span> <span class='ocrx_word' id='word_1_911' title='bbox 1164 5750 1291 5826; x_wconf 76' lang='lat' dir='ltr'><strong>[vel]</strong></span> <span class='ocrx_word' id='word_1_912' title='bbox 1319 5751 1740 5826; x_wconf 61' lang='grc' dir='ltr'>ὁμολογήσομεν.</span> 
     </span>
    </p>
   </div>
  </div>
