4044 6332
318 407 455 463 “93

1259 408 1345 465 DE
1379 406 1605 464 RECTA
1644 404 1798 462 FIDE
1834 404 1925 460 AD
1961 403 2402 463 THEODOSIUM
2439 405 2578 461 IMP.

3405 404 3543 463 “96

316 517 450 573 Εἶτα
481 518 569 584 τίς
596 518 625 572 6
657 520 721 575 ὲκ
757 520 969 593 νεκρῶν
1016 521 1389 593 πρωτότοκος,
1432 524 1480 576 εἰ
1532 522 1607 594 μὴ
1650 520 1881 593 Χριστὸς

1987 530 2083 584 est,
2122 520 2224 576 nisi
2242 520 2490 578 Christus
2518 520 2697 588 Jesus,
2723 519 2824 576 hoc
2861 528 2965 585 est,
3004 521 3056 575 in
3114 533 3279 576 carne
3325 529 3381 576 et
3419 538 3542 577 cum

330 610 556 681 Ἰησοῦς,
579 612 857 666 τουτέστιν
899 614 957 666 ὲν
989 614 1152 687 σαρκὶ
1184 614 1279 668 καὶ
1321 615 1458 685 μετά
1491 613 1690 684 σαρκὸς
1722 615 1750 667 6
1778 612 1880 666 Λό-

318 718 447 771 γος;
478 701 710 774 Τεθναίη
741 704 849 775 γάρ
880 703 946 757 ἂν
972 704 1226 774 οὐδαμῶς
1254 704 1317 757 τό
1344 722 1408 773 γε
1437 706 1516 768 εἰς
1548 704 1683 758 ἰδίαν
1720 702 1883 772 φύσιν

318 790 474 865 ἧκον,
503 794 633 860 Θεὸς
662 794 737 848 ὣν
764 796 792 849 ό
823 795 993 863 Λόγος
1012 811 1027 826 ’
1054 796 1163 849 οὐδ’
1184 797 1252 851 ἀν
1283 799 1455 850 νοοῖτο
1481 796 1593 850 τῶν
1620 798 1756 849 ὅλων
1789 796 1884 863 δη-

323 885 600 956 μιουργὸς,
630 884 752 939 καθ’
777 886 924 956 ἡμᾶς
947 885 1022 938 ὢν
1053 885 1356 957 ἄνθρωπος,
1386 888 1437 938 εί
1469 888 1543 959 μὴ
1573 886 1882 957 δεδημιούρ-

319 994 456 1048 γηκε
483 978 582 1047 μὲν
604 977 677 1039 ὡς
701 976 852 1040 Θεὸς,
879 975 984 1029 κᾶν
1007 977 1054 1029 εἰ
1082 976 1155 1047 μὴ
1180 976 1302 1048 δίχα
1325 979 1523 1050 σαρκὸς
1545 982 1716 1031 νοοῖτο
1745 978 1881 1048 μετά

319 1068 416 1139 τὴν
443 1067 656 1121 ἕνωσιν.
689 1064 1031 1135 Πρωτότοκος
1057 1067 1114 1119 δὲ
1141 1068 1240 1121 καὶ⁵
1271 1071 1335 1122 ὲκ
1363 1069 1591 1139 νεκρῶν,
1621 1069 1756 1122 καθὸ
1786 1070 1882 1122 πέ-

320 1176 487 1229 φηνεν
511 1157 816 1229 ἄνθρωπος,
838 1156 938 1210 οὐκ
962 1158 1251 1213 ἀποϐαλὼν
1272 1160 1331 1213 τὸ
1351 1156 1487 1213 εἶναι
1513 1160 1644 1224 Θεὸς
1669 1160 1757 1214 διά
1779 1160 1879 1228 τὴν

321 1249 478 1304 ὲνανθ
486 1248 638 1321 ρὼπη
647 1266 748 1301 σιν.

391 1343 478 1395 M'.
519 1341 678 1403 Ἵδοις
708 1341 755 1394 δ’
780 1340 847 1394 ἂν
871 1341 966 1395 καὶ
994 1340 1222 1413 ἑτέρωθι
1249 1340 1337 1395 διά
1363 1341 1473 1396 τῶν
1505 1341 1681 1396 αὐτῶν
1708 1342 1883 1407 ἰόντας

320 1433 492 1502 λόγων
516 1434 640 1497 τοὺς
664 1435 1161 1506 πνευματοφόρους.
1193 1436 1445 1507 Ἰωάννης
1472 1436 1570 1508 μὲν
1591 1436 1699 1507 γὰρ
1715 1476 1731 1501 ,
1755 1456 1772 1490 ι
1796 1438 1884 1491 Ἐν

323 1526 485 1595 ἀρχῇ,
518 1525 703 1596 φησὶν,
737 1521 807 1597 ἦν
839 1528 869 1581 6
894 1526 1089 1595 Λόγος,
1130 1526 1225 1580 καὶ
1260 1527 1289 1578 6
1319 1526 1491 1594 Λόγος
1525 1523 1594 1597 ἦν
1626 1529 1762 1599 πρὸς
1794 1526 1884 1580 τὸν

319 1616 475 1679 Θεὸν,
502 1617 597 1671 καὶ
626 1616 759 1680 Θεὸς
796 1613 864 1688 ἦν
887 1619 916 1670 6
948 1618 1139 1686 Λόγος.
1188 1612 1356 1681 Οὗτος
1387 1614 1455 1689 ἦν
1483 1620 1542 1671 ἐν
1570 1620 1712 1691 ἀρχῇ
1748 1620 1883 1691 πρὸς

319 1708 409 1760 τὸν
442 1706 593 1761 Θεόν.
629 1707 811 1760 Πάντα
839 1707 907 1759 δι’
929 1708 1094 1760 αὑτοῦ
1122 1708 1359 1775 ἐγένετο,
1387 1708 1480 1761 καὶ
1510 1710 1680 1780 χωρὶς
1718 1709 1883 1763 αὑτοῦ

322 1798 538 1865 ἐγένετο
573 1797 690 1851 οὐδὲ
721 1797 799 1850 ἓν.
830 1815 848 1847 ι
884 1797 1097 1861 Παῦλος
1122 1797 1180 1851 δὲ
1216 1792 1284 1851 αὖ
1305 1814 1318 1828 '
1360 1816 1380 1850 s
1410 1793 1506 1862 Εἷς
1546 1800 1679 1862 Θεὸς
1707 1800 1735 1853 6
1768 1803 1883 1855 Πα-

1982 628 2146 669 carne
2176 612 2414 670 Verbum
2434 614 2459 669 2
2483 614 2618 669 Nam
2664 628 2787 671 cum
2821 612 3056 669 Verbum
3090 611 3234 670 Deus
3287 614 3378 683 sit,
3401 617 3542 686 quod

1982 706 2199 774 quidem
2242 706 2310 761 ad
2370 706 2644 777 propriam
2703 713 2953 761 naturam
3013 706 3223 771 attinet,
3264 706 3544 762 intermori

1982 795 2133 852 nullo
2159 796 2319 853 modo
2367 806 2587 866 potest:
2618 810 2796 866 neque
2835 796 2880 851 si
2923 796 3087 851 homo
3125 803 3334 850 tantum
3373 797 3544 853 nostri

1982 887 2176 943 similis
2200 888 2290 954 sit,
2318 887 2697 942 universorum
2732 886 2980 941 conditur
3015 885 3118 940 dici
3158 894 3371 956 potest;
3408 901 3544 941 con-

1988 979 2122 1033 didit
2157 988 2335 1033 autem
2362 987 2421 1031 ut
2463 977 2624 1041 Deus,
2656 978 2757 1032 etsi
2812 984 2932 1047 post
2962 975 3215 1031 unionem
3250 977 3387 1031 citra
3423 992 3546 1031 car-

1982 1085 2105 1124 nem
2132 1084 2237 1123 non
2274 1067 2624 1137 intelligatur.
2661 1067 3259 1141 Primogenitus‘autem
3296 1083 3365 1124 ex
3394 1084 3546 1123 mor-

1985 1154 2093 1209 tuis
2126 1164 2383 1221 vocatur;
2433 1165 2594 1223 prout
2640 1155 2803 1210 homo
2846 1156 3118 1225 apparuit,
3148 1156 3325 1212 divina
3353 1168 3545 1213 natura

1983 1254 2106 1315 post
2135 1256 2460 1314 assumptam
2500 1246 2893 1301 humanitatem
2937 1256 3040 1302 non
3077 1248 3304 1317 abjecta.

2053 1332 2168 1390 XL.
2204 1333 2402 1391 Videas
2426 1344 2483 1391 et
2502 1335 2639 1393 alios
2674 1350 2884 1407 quoque
2904 1338 3086 1393 divino
3108 1338 3311 1409 Spiritu
3343 1340 3550 1396 adlatos

1987 1424 2255 1481 similibus
2284 1427 2570 1484 sententiis
2599 1443 2981 1499 nonnunquam
3002 1430 3100 1484 uti.
3117 1429 3269 1500 Apud
3286 1429 3545 1487 Joannem

1984 1516 2100 1572 hac
2123 1516 2351 1588 legimus
2385 1537 2401 1575 :
2442 1537 2463 1572 ι
2504 1519 2563 1575 lu
2596 1520 2860 1591 principio
2902 1531 3021 1576 erat
3043 1519 3303 1589 Verbum,
3330 1532 3386 1577 et
3418 1521 3547 1577 Ver-

1987 1609 2115 1663 bum
2159 1619 2277 1665 erat
2314 1610 2454 1681 apud
2505 1613 2696 1679 Deum,
2725 1622 2779 1667 et
2822 1612 2961 1668 Deus
2999 1621 3115 1668 erat
3157 1611 3409 1669 Verbum.
3435 1616 3550 1670 Hoc

1984 1701 2200 1755 eratin
2250 1703 2521 1774 principio
2574 1704 2715 1773 apud
2777 1704 2966 1760 Deum.
2991 1704 3185 1761 Omnia
3245 1721 3340 1777 per
3374 1707 3547 1777 ipsum

1986 1791 2127 1847 facta
2155 1805 2300 1859 sunt,
2331 1804 2384 1850 et
2413 1795 2531 1850 sine
2557 1796 2677 1866 ipso
2702 1796 2901 1851 factum
2926 1806 3009 1852 est
3037 1812 3210 1870 neque
3240 1815 3403 1855 unum
3425 1801 3493 1857 “.
3523 1820 3543 1855 ι

320 1888 444 1959 τὴρ,
483 1888 542 1952 ἐξ
574 1881 637 1941 οῦ
665 1888 735 1941 τά
762 1889 972 1943 πάντα·
1018 1890 1113 1944 καὶ
1154 1884 1234 1955 εἷς
1276 1890 1480 1963 Κύριος
1513 1891 1718 1963 Ἰησοῦς
1748 1894 1883 1964 Χρι-

1987 1885 2139 1953 Apud
2181 1885 2398 1940 beatum
2446 1886 2671 1941 Paulum
2719 1902 2909 1943 rursus
2958 1890 3119 1944 verba
3167 1890 3307 1946 illa:
3352 1890 3551 1948 «Unus

324 1980 442 2044 στὸς
465 2022 479 2045 ,
511 1981 578 2033 δι’
617 1974 678 2034 οὗ
712 1982 778 2034 τά
808 1982 1003 2037 πάντα.
1032 2001 1051 2034 s
1099 1982 1239 2036 Ἀλλ’
1268 1983 1425 2051 εἰπερ
1457 1978 1523 2055 ἦν
1555 2001 1607 2037 τι
1649 1986 1884 2055 μεσολα-

321 2070 451 2125 ϐοὖν
484 2072 621 2142 μετά
640 2073 702 2127 τὸ
733 2073 971 2143 ἡνῶσθαι
1004 2075 1167 2146 σαρκί¹
1192 2073 1282 2128 τὸν
1314 2074 1508 2142 Λόγον,
1538 2075 1633 2129 καὶ
1662 2076 1744 2140 εἰς
1773 2078 1887 2129 ἑτε-

326 2163 523 2234 ρότητα
560 2164 943 2236 καταδιαιροῦν
985 2166 1086 2238 τὴν
1126 2164 1201 2229 ὡς
1229 2166 1288 2219 ὲν
1321 2165 1436 2236 Υίῷ
1472 2165 1635 2220 δυάδα
1663 2177 1685 2206 ο
1720 2168 1883 2238 φημὶ,

321 2252 463 2307 κατά
486 2254 546 2307 τό
573 2272 679 2308 τισι
711 2256 925 2311 δοκοῦν·
954 2257 1073 2320 πῶς
1100 2255 1321 2328 ἐκτίσθη
1353 2256 1567 2310 ἅπαντα
1590 2258 1678 2311 διά
1712 2258 1885 2329 Ἰησοῦ

322 2344 592 2415 Χριστοῦ;
627 2346 789 2401 Ἀλλά
840 2348 947 2420 μὴν
999 2347 1223 2420 ἐκτίσθη
1274 2349 1339 2402 δι’
1380 2349 1544 2404 αὐτοῦ
1576 2349 1645 2403 τά
1688 2351 1883 2406 πάντα.

322 2436 595 2507 Πρόδηλον
638 2434 753 2503 οὖν,
800 2440 881 2492 ὃτι
913 2439 982 2493 τὰ
1020 2439 1178 2509 φύσει
1210 2458 1269 2494 τε
1318 2442 1412 2496 καὶ
1456 2441 1599 2505 ἰδίως
1646 2441 1884 2513 ἐνυπάρ-

321 2544 485 2599 χοντα
524 2529 603 2600 τῷ
644 2530 708 2583 ὲκ
747 2531 961 2603 Πατρὸς
1002 2532 1116 2586 ὄντι
1166 2533 1341 2604 Λόγῳ,
1388 2536 1680 2604 τετήρηται
1725 2533 1886 2588 πάλιν

322 2620 488 2691 αὐτῷ,
534 2621 628 2676 καί¹
668 2623 756 2676 ὅτε
795 2624 1032 2694 πέφηνεν
1080 2624 1386 2696 ἄνθρωπος.
1424 2624 1751 2693 Ἐπισφαλὲς
1795 2622 1887 2679 οὖν

320 2712 428 2782 ἀρα
471 2711 532 2766 τὸ
567 2712 875 2785 διατέμνειν
918 2715 1249 2786 ἀποτολμᾷν.
1282 2710 1375 2779 Εἷς
1400 2716 1508 2786 γὰρ
1546 2715 1748 2788 Κύριος
1790 2718 1888 2788 Ἰη-

324 2802 449 2867 σοῦς
483 2805 735 2874 Χριστὸς,
765 2808 857 2859 καὶ
879 2806 946 2859 δι’
972 2806 1135 2859 αὑτοῦ
1176 2806 1246 2859 τὰ
1279 2808 1459 2862 πάντα
1489 2808 1885 2879 δεδημιούργη-

323 2910 416 2946 κεν
437 2895 468 2947 6
494 2895 701 2967 Πατήρ.
728 2897 1033 2969 Τοιγαροῦν
1064 2899 1155 2952 καὶ
1184 2898 1514 2970 δημιουργὸς
1540 2899 1757 2963 θεῐκῶς,
1793 2900 1887 2953 καὶ

324 2982 585 3049 ζωοποιὸς
614 2988 689 3049 ὼς
724 2987 859 3059 ζωὴ,
891 2988 1252 3060 ἀνθρωπίνοις
1278 3007 1337 3043 τε
1366 2986 1433 3043 αὖ
1470 2990 1563 3043 καὶ
1602 2993 1713 3053 τοῖς
1746 2990 1888 3063 ὑπὲρ

323 3074 607 3146 ἄνθρωπον
638 3076 924 3149 ἰδιώμασιν
961 3082 1040 3143 εἰς
1071 3080 1130 3133 ἓν
1157 3096 1211 3132 τι
1242 3080 1303 3133 τὸ
1353 3080 1552 3150 μεταξὺ
1591 3081 1884 3151 συγκείμε-

321 3183 431 3230 νος.
481 3168 721 3241 Μεσίτης
762 3171 871 3242 γάρ
915 3173 1031 3224 ἐστι
1071 3171 1206 3224 Θεοῦ
1246 3172 1339 3225 καὶ
1383 3171 1704 3242 ἀνθρώπων,
1748 3172 1887 3225 κατὰ

320 3257 420 3322 τὰς
458 3259 710 3330 Γραφάς,
751 3261 910 3329 φύσει
951 3262 1048 3332 μὲν
1078 3263 1339 3335 ὑπάρχων
1367 3263 1500 3325 Θεὸς
1529 3264 1621 3317 καὶ
1660 3264 1719 3316 οὐ
1764 3263 1888 3333 δίχα

322 3349 558 3420 σαρκός’
603 3350 889 3422 ἄνθρωπος
935 3353 992 3406 δὲ
1025 3354 1273 3424 ἀληθῶς,
1320 3358 1413 3409 καὶ
1446 3356 1507 3409 οὐ
1552 3356 1706 3426 ψιλὸς
1760 3357 1885 3411 καθ’

322 3440 487 3509 ἡμᾶς,
515 3439 629 3493 ἀλλ’
650 3440 725 3493 ῶν
746 3443 886 3514 ὅπερ
908 3439 997 3514 ἦν,
1022 3445 1111 3496 καὶ
1128 3446 1174 3497 εἰ
1190 3446 1378 3514 γέγονε
1402 3445 1556 3518 σάρξ.
1577 3447 1890 3516 Γέγραπται

322 3532 452 3602 γὰρ,
476 3532 556 3585 ὅτι
586 3551 605 3584 ι
640 3532 844 3603 Ἰησοῦς
873 3535 1104 3607 Χριστὸς
1126 3536 1250 3606 χθὲς
1280 3538 1374 3591 καὶ
1394 3539 1651 3609 σήμερον,
1676 3540 1705 3591 6
1728 3538 1890 3602 αὐτὸς

323 3623 417 3675 καὶ
447 3622 527 3685 εἰς
552 3624 680 3687 τοὺς
705 3624 925 3688 αἰῶνας.
962 3642 983 3674 s

1987 1983 2072 2029 est
2117 1975 2260 2030 Deus
2288 1975 2469 2043 Pater,
2494 1992 2562 2031 ex
2608 1991 2717 2047 quo
2761 1979 3059 2034 omnia:et
3111 1994 3249 2035 unus
3292 1980 3551 2039 Dominus

1985 2066 2142 2123 Jesus
2165 2067 2433 2134 Christus,
2452 2084 2549 2139 per
2587 2084 2746 2139 quem
2788 2072 2971 2127 omnia
2999 2070 3066 2126 δ’.
3103 2090 3124 2126 s
3167 2070 3339 2129 Porro
3368 2083 3548 2130 autem

1985 2160 2031 2214 si
2062 2169 2411 2230 posteaquam
2460 2160 2695 2217 Verbum
2756 2164 2967 2218 unitum
3004 2174 3090 2220 est
3113 2165 3285 2233 carni,
3312 2166 3548 2223 medium

1987 2250 2201 2320 aliquod
2240 2251 2523 2318 divellens,
2551 2268 2615 2308 ac
2648 2254 2699 2308 in
2757 2253 2994 2321 diversa,
3026 2265 3153 2326 puta
3201 2257 3255 2312 in
3311 2258 3541 2313 ﬁliorum

1988 2339 2324 2403 dualitalem,
2348 2349 2408 2395 ut
2443 2341 2759 2410 quibusdam
2800 2343 2999 2414 placet,
3048 2346 3554 2412 distrahens,inter-

1986 2431 2160 2496 cedit;
2201 2432 2468 2500 quomodo
2516 2433 2698 2487 omnia
2736 2448 2834 2502 per
2880 2434 3063 2489 Jesum
3112 2437 3385 2492 Christum
3415 2453 3551 2495 con-

1987 2520 2098 2575 dita
2146 2536 2266 2576 esse
2317 2537 2444 2577 vere
2477 2523 2776 2578 asseritur?
2808 2525 2972 2595 Atqui
3022 2528 3202 2581 omnia
3245 2543 3341 2598 per
3372 2529 3548 2599 ipsum

1989 2620 2113 2666 aunt
2168 2610 2405 2667 condita.
2440 2611 2795 2683 Perspicuum
2854 2625 2937 2670 est
2992 2632 3143 2687 ergo,
3198 2620 3401 2686 omnia,
3435 2635 3554 2691 quae

1990 2703 2166 2758 Verbo
2187 2720 2252 2759 ex
2288 2704 2446 2759 Patre
2480 2718 2606 2760 nato
2646 2708 2864 2775 proprie
2891 2716 2946 2763 et
2991 2709 3312 2766 naturaliter
3345 2711 3549 2776 insunt,

1987 2808 2049 2849 ea
2081 2796 2195 2865 ipsa
2232 2796 2439 2866 integra
2470 2796 2517 2851 ei
2564 2798 2943 2866 permansisse,
2968 2802 3131 2855 etiam
3170 2811 3280 2855 tum
3312 2818 3437 2858 cum
3471 2803 3554 2859 fa-

1987 2898 2131 2943 ctum
2168 2898 2250 2944 est
2275 2889 2457 2944 homo.
2496 2889 2863 2947 Periculosum
2896 2894 3123 2964 proinde
3146 2903 3230 2950 est
3256 2897 3549 2952 sectionem

1988 2980 2223 3048 aliquam
2253 2980 2509 3034 inducere
2540 2999 2555 3035 :
2590 2998 2728 3036 unus
2766 2984 2908 3037 enim
2959 2994 3043 3038 est
3089 2985 3349 3040 Dominus
3393 2984 3554 3042 Jesus

1989 3073 2257 3137 Christus,
2297 3090 2393 3143 per
2443 3092 2603 3145 quem
2652 3077 2810 3131 Pater
2860 3079 3102 3134 condidit
3150 3082 3352 3136 omnia.
3403 3081 3556 3138 Unde

1990 3169 2240 3223 conditor
2289 3178 2392 3235 est,
2437 3179 2495 3222 ut
2540 3171 2719 3235 Deus;
2753 3170 3057 3226 vivificator
3118 3187 3249 3228 vero
3307 3182 3365 3227 ut
3404 3176 3554 3239 vita;

1989 3273 2056 3314 ex
2077 3260 2496 3330 proprietatibus
2526 3261 2775 3315 humanis
2801 3272 2855 3317 et
2881 3264 3297 3332 superhumanis
3316 3265 3368 3319 in
3391 3282 3554 3321 unum

1988 3352 2257 3422 quoddam
2286 3353 2517 3405 medium
2537 3352 2858 3407 coeuntibus
2883 3355 3227 3410 constitutus.
3252 3354 3552 3427 Siquidem,

1990 3444 2284 3499 secundum
2344 3443 2677 3512 Scripturas,
2720 3442 2813 3499 Dei
2858 3453 2912 3499 et
2964 3447 3240 3501 hominum
3292 3449 3557 3504 mediator

1989 3540 2074 3586 est
2107 3531 2189 3597 υς
2214 3530 2306 3599 qui
2335 3531 2549 3601 quidem
2588 3542 2776 3587 natura
2814 3545 2898 3589 est
2930 3534 3095 3603 Deus,
3127 3537 3290 3592 etiam
3314 3538 3359 3593 si
3389 3553 3557 3595 carne

1991 3624 2063 3678 sit
2096 3621 2352 3689 indutus;
2391 3637 2550 3678 verus
2591 3633 2767 3679 autem
2816 3626 2994 3692 homo,
3029 3643 3132 3681 non
3171 3638 3350 3684 tamen
3389 3646 3557 3701 purus

323 3725 382 3770 ιιι
402 3732 501 3772 nos
526 3735 539 3771 :
566 3732 690 3772 nam
719 3720 819 3775 etsi
851 3716 1083 3775 Verbum
1119 3702 1318 3778 factum
1352 3731 1436 3778 est
1473 3737 1622 3790 caro,
1655 3721 1853 3775 mansit
1890 3730 2072 3775 tamen
2097 3717 2240 3790 quod
2268 3726 2406 3772 erat.
2425 3716 2694 3789 Scriptum
2720 3730 2803 3776 est
2824 3721 3007 3778 enim:
3039 3739 3059 3773 ι
3101 3721 3255 3780 Jesus
3310 3724 3557 3784 Christus

325 3810 439 3867 heri
470 3819 525 3866 et
557 3811 735 3879 hodie,
758 3822 814 3867 et
850 3812 991 3869 idem
1021 3825 1075 3871 et
1102 3814 1153 3869 in
1194 3816 1387 3871 saecula
1407 3816 1474 3870 “.
1510 3836 1529 3870 ι

391 3899 529 3957 MA'.
572 3904 641 3955 Ἦ
682 3902 792 3975 γὰρ
838 3904 960 3975 οὐχὶ
996 3906 1084 3959 διὰ
1121 3906 1223 3975 τῆς
1263 3907 1423 3975 ἁγίας
1480 3909 1575 3962 καὶ
1622 3907 1881 3961 Θεοτόκου

324 3993 599 4065 Παρθένου
627 3996 875 4067 τετέχθαι
906 4000 1086 4068 φαμὲν
1125 4000 1219 4051 καὶ
1254 3999 1581 4069 πιστεύομεν
1610 4002 1670 4052 ἐν
1718 3997 1881 4069 ἐσχά-

323 4101 433 4147 τοις
460 4084 554 4138 τοῦ
589 4084 783 4148 αἰῶνος
810 4092 1019 4161 καιροῖς
1044 4091 1138 4143 τὸν
1180 4091 1558 4161 Ἑμμανουήλ;
1596 4087 1730 4145 Εἶτα
1763 4090 1881 4154 πῶς

321 4176 479 4229 τοῦτο
523 4177 623 4230 οὐκ
652 4178 913 4251 ἀλήθεια;
949 4181 1022 4234 Τὸ
1048 4182 1104 4235 δὲ
1125 4182 1209 4251 δὴ,
1250 4183 1377 4253 χθὲς
1416 4183 1510 4237 καὶ
1548 4184 1807 4255 σήμερον,
1837 4175 1883 4236 ὧ

323 4264 632 4336 φιλόχριστε
656 4266 895 4337 βασιλεῦ,
918 4271 1109 4342 καιρὸν
1136 4273 1269 4342 ἡμῖν
1290 4272 1384 4325 τὸν
1408 4273 1759 4343 ἐνεστηκότα,
1787 4273 1883 4327 καὶ

321 4358 412 4411 τὸν
440 4359 537 4429 ἤδη
572 4362 937 4431 παρῳχηκότα
973 4364 1431 4437 κατασημαίνειεν
1452 4364 1477 4403 ά
1516 4365 1601 4418 ἄν.
1631 4365 1754 4429 Πῶς
1788 4361 1883 4421 οὖν

2063 3901 2195 3957 XLI.
2244 3901 2437 3957 Annon
2481 3901 2886 3958 Emmanuelem
2927 3903 2980 3958 in
3025 3905 3336 3963 novissimis
3371 3910 3555 3966 saeculi

1990 3990 2323 4060 temporibus
2347 4005 2414 4046 ex
2442 4004 2591 4045 sacra
2611 3991 2835 4061 Deipara
2867 3991 3086 4063 Virgine
3107 4005 3284 4051 ortum
3320 3998 3554 4056 dicimus

1990 4091 2049 4138 ct
2086 4082 2396 4138 credimus?
2424 4081 2601 4149 Sane;
2638 4098 2740 4139 nec
2782 4084 2836 4138 id
2890 4085 2942 4139 in
2984 4086 3335 4155 quaestionem
3383 4091 3555 4148 cadit.

1989 4173 2255 4229 Caeterum
2315 4186 2434 4226 cum
2488 4172 2601 4226 heri
2642 4183 2695 4226 et
2734 4172 2891 4228 hodie
2946 4177 3276 4243 przeteritum
3323 4188 3378 4233 et
3414 4196 3553 4251 prae-

1990 4280 2115 4320 sens
2143 4274 2354 4333 tempus
2374 4263 2673 4332 significent
2705 4280 2719 4328 ;
2753 4262 2864 4333 38
2888 4268 3180 4333 quomodo,
3202 4266 3556 4325 Christianis-

1989 4357 2125 4412 sime
2153 4356 2466 4426 imperator,
2493 4355 2633 4409 idem
2668 4356 2888 4412 omnino
2931 4357 3038 4412 dici
3071 4368 3250 4427 potest
3278 4363 3556 4430 praeterito

321 4451 351 4502 6
378 4448 538 4512 αὐτὸς
565 4448 634 4502 ἂν
672 4451 755 4521 εἴη
787 4450 867 4514 εἷς
910 4469 969 4504 τε
1012 4454 1104 4506 τὸν
1152 4455 1553 4526 παρῳχηκότα,
1604 4455 1779 4509 καίτοι
1818 4474 1882 4525 γε

1987 4456 2249 4520 tempore,
2264 4448 2311 4503 si
2346 4448 2640 4504 secundum
2672 4462 2885 4503 carnem
2917 4450 3145 4504 necdum
3161 4462 3278 4506 erat
3302 4454 3555 4523 genitus?

322 4537 535 4605 γένεσιν
576 4536 727 4591 οὔπω
769 4540 909 4593 κατά
936 4541 1033 4611 τὴν
1066 4542 1205 4595 κατὰ
1232 4542 1411 4612 σάρκα
1438 4541 1615 4613 λαχών
1637 4561 1651 4609 ;
1675 4544 1882 4599 Οὐκοῦν

320 4625 389 4700 ἦν
414 4629 444 4681 6
480 4629 651 4698 Λόγος
678 4632 735 4683 ιν
766 4630 931 4701 ἀρχῇ,
973 4633 1067 4686 καί
1099 4632 1173 4696 ὡς
1209 4633 1269 4697 ἐξ
1306 4632 1477 4687 ἀϊδίου
1508 4650 1567 4686 τε
1599 4633 1692 4686 καὶ
1724 4633 1885 4706 ἀτρέ⁴

322 4738 458 4774 πτου
492 4720 747 4793 πεφηνὼς
770 4722 865 4775 τοῦ
896 4723 1031 4777 Θεοῦ
1071 4725 1164 4778 καὶ
1194 4726 1422 4796 Πατρὸς,
1456 4725 1567 4797 ἔχει
1596 4726 1690 4779 καὶ
1722 4725 1885 4789 αὐτὸς

323 4814 382 4865 ὲν
406 4812 511 4883 ἰδίᾳ
539 4812 698 4883 φύσει
723 4812 785 4866 τὸ
809 4814 982 4868 ἀΐδιόν
1001 4833 1061 4869 τε
1091 4818 1183 4869 καὶ
1211 4818 1499 4887 ἄτρεπτον.
1528 4817 1597 4870 Ἣ
1616 4818 1735 4888 οὐχὶ
1754 4817 1885 4871 νεώ-

320 4917 481 4955 τατον
512 4903 728 4974 κομιδῇ,
755 4904 989 4969 καὶτοῖς
1026 4906 1127 4976 τῆς
1168 4908 1632 4978 ἑνανθρωπήσεως
1671 4909 1883 4981 χρόνοις

323 4992 759 5065 συνδεδραμηκὸς
780 4996 945 5066 ὄνομα
958 4997 1037 5068 τῷ
1060 4998 1216 5067 Λόγῳ
1238 4999 1318 5063 τὸ,
1339 5000 1589 5067 Χριστός
1619 4999 1882 5068 Ἰησοῦς;

324 5083 434 5135 Καὶ
465 5083 574 5153 μὴν
603 5083 762 5139 τοῦτο
794 5087 924 5157 ἡμῖν
954 5088 1053 5159 ἤδη
1090 5088 1178 5141 διὰ
1205 5087 1470 5141 πλείστων
1508 5089 1647 5141 ὅσων
1671 5088 1881 5160 ἐδείχθη

322 5174 515 5242 λόγων.
543 5176 707 5240 Σύνες
748 5174 864 5243 οὖν,
894 5179 977 5233 ὅτι
1016 5180 1250 5250 Χριστὸν
1284 5179 1511 5249 Ἰησοῦν,
1544 5180 1641 5233 καὶ
1681 5180 1743 5232 οὐ
1788 5197 1885 5250 μο-

323 5264 538 5329 νοειδῶς
566 5266 657 5318 τὸν
685 5267 875 5336 Λόγον,
909 5267 1041 5338 χθές
1072 5285 1131 5322 τε
1179 5269 1271 5323 καὶ
1316 5271 1553 5340 σήμερον
1592 5268 1682 5322 τὸν
1725 5269 1888 5323 αὐτὸν

324 5350 460 5409 εἷναί
492 5374 625 5428 φησι
658 5359 752 5412 καὶ
779 5360 859 5423 εἰς
895 5360 1021 5423 τοὺς
1058 5359 1279 5425 αἰῶνας.
1311 5360 1435 5423 Πῶς
1465 5359 1510 5413 δ’
1540 5359 1607 5413 ἂν
1638 5359 1737 5430 ἔχῃ
1764 5370 1788 5399 ε
1826 5362 1888 5414 τὸ

1988 4540 2223 4597 Verbum
2243 4540 2380 4595 citra
2397 4537 2557 4593 ullam
2588 4540 3008 4593 controversiam
3032 4540 3085 4593 in
3118 4542 3383 4612 principio
3410 4555 3548 4609 erat,

1989 4645 2151 4705 atque
2170 4642 2231 4688 ut
2262 4647 2331 4689 ex
2357 4642 2559 4687 aeterno
2579 4641 2633 4686 et
2658 4630 2975 4686 immutabili
3025 4631 3132 4687 Deo
3174 4632 3337 4689 Patre
3363 4648 3556 4705 proce—

1992 4726 2090 4793 dit,
2135 4727 2208 4781 ita
2239 4725 2416 4797 ipsum
2442 4737 2655 4795 quoque
2675 4723 2966 4779 secundum
3010 4726 3283 4795 propriam
3310 4736 3555 4782 naturam

1988 4819 2341 4877 aeternitatem
2364 4825 2420 4873 et
2441 4816 2925 4873 immutabilitatem
2945 4818 3202 4889 possidet.
3224 4817 3329 4874 Sed
3355 4834 3552 4885 nonne,

1989 4909 2187 4979 inquis,
2218 4921 2412 4963 nomen
2443 4907 2546 4960 hoc
2577 4905 2733 4960 Jesus
2758 4906 2996 4961 Christus
3020 4907 3305 4961 admodum
3340 4922 3552 4969 recens.

1990 5001 2094 5056 hoc
2132 5007 2215 5055 est
2244 4999 2359 5069 ipso
2389 4996 2779 5052 incarnationis
2808 4998 3058 5062 articulo,
3081 4997 3259 5054 Verbo
3286 5000 3556 5055 accessit?

1992 5096 2118 5163 Nae;
2152 5096 2253 5155 hoc
2280 5092 2422 5148 enim
2454 5093 2697 5163 pluribus
2724 5090 2835 5161 iam
2870 5102 2994 5149 ante
3017 5109 3046 5148 a
3078 5092 3232 5149 nobis
3281 5101 3555 5148 ostensum

1993 5198 2095 5245 est.
2114 5187 2367 5243 Advertis
2397 5200 2527 5257 ergo
2565 5186 2707 5256 quod
2750 5184 3022 5242 Christum
3048 5184 3257 5251 Iesum,
3282 5194 3339 5241 et
3369 5200 3472 5239 non
3500 5186 3554 5239 in

1993 5293 2099 5331 una
2133 5277 2305 5331 forma
2337 5274 2593 5341 Verbum,
2620 5276 2736 5330 heri
2753 5282 2807 5330 et
2835 5274 2996 5330 hodie
3022 5286 3077 5330 et
3103 5276 3153 5329 in
3183 5276 3375 5330 smculs
3407 5290 3559 5330 eum-

1994 5364 2115 5419 dem
2150 5376 2272 5417 esse
2308 5362 2472 5417 dicat.
2500 5364 2571 5419 At
2622 5364 2890 5435 quomodo
2921 5364 3155 5420 humana
3208 5373 3563 5436 naturamque

392 5512 432 5542 "
455 5510 613 5567 .loan.
656 5528 693 5577 ι,
724 5512 845 5567 1-5.
920 5512 963 5543 ⁸⁸
993 5510 1160 5571 lCor.
1192 5527 1308 5581 vm,
1345 5512 1396 5567 6.
1476 5510 1563 5566 “I
1590 5512 1728 5570 Tim.
1772 5528 1834 5580 ιι,
1863 5512 1884 5568 ἒ

1992 5511 2050 5544 ⁸⁸³
2081 5512 2242 5568 llebr.
2279 5529 2391 5577 xm,
2418 5514 2469 5569 8.

1416 5672 1583 5727 Variae
1610 5672 1866 5729 lectiones
1895 5670 2094 5727 codicis
2126 5669 2479 5743 Seguieriani.

394 5822 418 5847 ⁸
452 5811 508 5864 ἐν
540 5809 671 5864 υἱῶν
698 5810 868 5865 δυάδι.
940 5812 966 5851 ἀ
999 5813 1410 5883 κατασημαίνει.

640 5903 905 5965 ΡΑτιιοῐη
951 5906 1065 5964 Gn.
1117 5905 1364 5964 LXXVI.

1492 5824 1514 5850 ε
1544 5810 1673 5882 ἔχοι.

3122 5899 3199 5963 38
