4044 6332
525 354 674 410 »1196

1523 353 1587 409 S.
1631 353 1896 410 CYRlLLl
1934 306 2399 410 ALEXANDRIN!
2437 351 2758 409 ARCHIEP.

3614 350 3758 409 “98

537 468 819 522 mutationi
854 469 1095 523 obnoxia
1136 476 1236 533 est,
1264 477 1315 523 et
1365 471 1660 539 praesertim
1698 471 1797 533 illi,
1820 471 1963 541 quod
2025 471 2089 525 de

2192 470 2458 541 άτρεπτόν
2504 486 2561 522 τε
2610 470 2705 523 καὶ
2744 466 2843 539 τὴν
2870 466 2931 519 ἐν
2973 478 3261 535 ταυτότητι
3295 464 3615 536 διαμονὴνή
3656 468 3755 519 ἀν-

524 575 643 614 ιιιοιι
672 574 790 613 esse
824 561 890 612 ad
933 574 1053 614 esse
1084 570 1140 615 et
1171 561 1351 614 vivere
1400 571 1584 615 evecta
1612 571 1714 624 est,
1740 561 2092 616 immutabili-

523 660 697 704 -tatem
729 659 783 704 et
808 650 859 703 in
894 651 1174 706 identitate
1222 651 1571 706 stabilitatem
1603 652 1847 707 obtinere
1866 654 2094 721 ,pmest?

534 741 889 796 Aherravitne
923 757 1052 813 ergo
1085 759 1112 795 a
1138 742 1381 798 veritatis
1413 739 1574 811 scopo
1600 742 1875 811 Scriptura
1914 758 2090 806 sacra,

536 832 659 884 dum
696 847 817 885 eum
848 832 938 900 qui
988 833 1101 886 heri
1131 848 1233 887 non
1266 840 1404 895 erat,
1438 834 1586 900 prius
1614 833 1891 888 exstitisse
1940 848 2090 887 eom-

536 922 833 975 memorat?
864 922 1019 975 Absit
1048 922 1252 990 procul,
1279 930 1337 976 ut
1376 922 1483 976 tale
1514 922 1788 993 quidpiam
1846 923 2091 991 equidem

536 1011 708 1067 dicam
745 1011 1022 1083 (Christus
1044 1012 1196 1078 ',euim
1218 1010 1373 1066 Jesus
1398 1012 1538 1067 idem
1566 1021 1649 1067 est
1669 1013 1807 1078 heri,
1829 1023 1885 1068 et
1912 1014 2090 1078 hodie,

535 1113 590 1157 et
615 1102 667 1157 in
698 1103 947 1173 saecula),
975 1112 1067 1157 aut
1101 1112 1158 1157 ut
1194 1102 1443 1168 Verbum,
1478 1106 1692 1159 tametsi
1726 1119 1857 1159 caro
1890 1104 2090 1160 factum

533 1204 636 1257 est,
663 1195 1095 1263 antiquissimum
1138 1204 1192 1249 et
1241 1194 1574 1250 immutabile
1622 1210 1746 1251 esse
1798 1197 2093 1265 pra‘dicare

536 1287 817 1342 dubitent!
889 1298 1018 1357 puto
1077 1286 1220 1340 enim
1274 1288 1519 1341 eumdem
1585 1287 1875 1358 signiﬁcari
1927 1288 2091 1342 etiam

534 1387 656 1445 post
683 1378 931 1432 unionem
961 1394 1081 1432 cum
1114 1381 1329 1447 propria
1362 1393 1548 1444 carne,
1569 1389 1627 1433 ut
1677 1380 1792 1434 heri
1823 1379 2094 1434 exsisten-

536 1478 641 1524 tem
694 1479 856 1538 atque
901 1473 1382 1538 prteexsistentem.
1426 1471 1640 1526 Etenim
1694 1485 1815 1525 cum
1869 1469 2092 1525 insanus

533 1559 750 1617 Judmus
823 1563 1095 1619 Christum
1165 1571 1563 1630 exsecraretur,
1605 1561 1927 1632 repulsaque
1991 1560 2095 1615 [ide

534 1652 799 1723 lapidibus
853 1656 1098 1709 eumdem
1134 1657 1367 1711 obruere
1408 1655 1714 1710 adoriretur
1762 1653 1921 1723 (nam
1969 1667 2091 1708 cum

534 1746 804 1799 hominem
861 1747 1030 1801 nostri
1086 1747 1314 1802 similem
1364 1754 1630 1812 cerneret,
1689 1745 2090 1815 indignabatur,

530 1837 670 1905 quod
706 1846 915 1890 aetatem
947 1837 1177 1891 humana
1211 1837 1467 1904 majorem
1497 1836 1599 1892 sibi
1624 1843 1902 1905 arrogaret
1918 1846 1963 1906 ),
1988 1834 2094 1887 tale
2127 1815 2167 1869 Β

530 1934 588 1980 ιιι
622 1926 763 1980 Deus
808 1926 874 1980 de
908 1942 966 1981 se
1011 1926 1374 1982 testimonium
1430 1927 1567 1982 dixit
1599 1944 1613 1980 ε
1650 1945 1669 1978 ι
1706 1924 1899 1990 Amen,
1934 1939 2090 1979 amen

529 2018 651 2072 dico
672 2018 847 2081 vobis,
876 2018 1187 2087 priusquam
1220 2019 1492 2074 Abraham
1519 2018 1671 2074 fieret
1702 2033 1804 2089 ego
1836 2033 1954 2073 sum
1976 2018 2042 2071 ⁸⁸.
2067 2037 2086 2069 ι

527 2106 607 2159 Ad
634 2106 753 2160 hmo
780 2114 968 2160 contra
1004 2106 1078 2160 illi
1111 2125 1123 2160 ε
1155 2126 1174 2159 ι
1228 2107 1625 2177 Quinquaginta
1660 2121 1831 2162 annos
1857 2108 2090 2162 nondum

531 2198 716 2261 habes,
774 2207 828 2252 et
884 2198 1155 2252 Abraham
1206 2198 1383 2252 vidisti
1405 2197 1482 2251 “1'
1526 2216 1543 2249 ι
1598 2196 1833 2253 Joannes
1882 2211 2094 2267 quoque

529 2288 601 2341 ita
635 2289 711 2341 ait
743 2306 804 2341 ει
844 2288 939 2343 llic
961 2298 1065 2353 est,
1090 2290 1155 2343 de
1182 2303 1288 2358 quo
1314 2288 1421 2343 dixi
1455 2288 1638 2343 vobis:
1668 2288 1799 2343 Post
1831 2303 1917 2343 me
1947 2287 2094 2341 venit

526 2379 632 2441 vir,
668 2378 755 2446 qui
785 2387 905 2431 ante
932 2391 1021 2432 me
1048 2377 1219 2432 factus
1258 2386 1360 2443 est,
1397 2376 1520 2447 quia
1548 2379 1697 2447 prior
1727 2392 1812 2432 me
1836 2386 1951 2431 erat
1972 2376 2037 2430 ‘7.
2067 2394 2084 2427 ι

525 2468 597 2522 At
629 2470 896 2537 quomodo
930 2484 1048 2523 cum
1085 2469 1484 2525 Emmanuelem
1507 2478 1561 2524 et
1594 2470 1770 2523 virum
1806 2478 2087 2539 agnoscat,

525 2559 771 2611 etvirum
798 2559 1056 2623 nominet,
1084 2558 1229 2612 illum
1280 2559 1539 2626 priorem,
1576 2567 1631 2613 et
1657 2567 1781 2613 ante
1812 2574 1872 2613 se
1894 2559 2090 2613 tactum

524 2649 802 2716 praedicat,
834 2664 955 2703 cum
987 2660 1165 2703 tamen
1196 2659 1250 2703 et
1307 2649 1533 2712 tardius,
1557 2658 1612 2702 et
1645 2658 1766 2717 post
1791 2649 1965 2719 ipsum
1990 2664 2089 2702 na-

527 2751 612 2795 tus
638 2742 818 2795 esset?
841 2742 946 2795 Sed
969 2740 1133 2811 gloria
1161 2740 1296 2794 l‘orte
1325 2754 1389 2793 ac
1423 2740 1684 2809 dignitate
1726 2738 1935 2795 Joanne
1976 2755 2092 2793 ma-

519 2833 693 2902 jorem
714 2833 1057 2900 priorcmque
1083 2832 1355 2887 exstitisse
1375 2831 1516 2886 dicet
1537 2831 1825 2900 quispiam,
1846 2840 1905 2886 ut
1927 2831 2087 2901 objici

524 2925 767 2992 intelligo
797 2942 816 2977 :
856 2939 1039 2978 verum
1098 2924 1343 2977 oratione
1370 2938 1478 2978 non
1535 2924 1822 2978 admodum
1879 2924 2088 2990 prolixa

526 3017 737 3071 ostendi
763 3024 962 3083 potest,
985 3014 1258 3084 ejusmodi
1283 3013 1677 3084 expositionem
1705 3025 1758 3070 et
1784 3030 2004 3085 pravam
2038 3024 2091 3069 et

2193 562 2410 633 θρώπου
2443 560 2623 630 φύσις,
2653 560 2830 613 καίτοι
2860 560 3071 627 κίνησιν
3118 557 3485 628 ὑπομένουσα,
3521 557 3615 611 καὶ
3646 558 3755 628 πρό

2192 672 2255 723 γε
2285 654 2392 706 τῶν
2419 654 2592 709 ἄλλων
2619 653 2717 724 τὴν
2740 652 2801 717 ἐξ
2826 652 2927 704 οὐκ
2949 651 3117 704 ὄντων
3146 651 3226 713 είς
3250 650 3311 702 τὸ
3332 646 3470 702 εἶναι
3495 648 3588 702 καὶ
3619 648 3754 719 ζῇν;

2192 743 2573 813 Διημάρτηκεν
2600 740 2693 795 οὖν
2720 742 2828 812 ἄρα
2860 739 3127 811 τάληθοῦς
3172 741 3304 809 ἡμῖν
3329 738 3389 791 τὸ
3422 739 3660 809 Γράμμα
3695 737 3759 789 τὸ

2195 834 2373 905 ίερόν;
2422 836 2517 888 καὶ
2542 834 2634 888 τὸν
2674 833 2796 903 χθὲς
2829 834 2928 886 οὐκ
2951 833 3079 886 ὄντα
3111 830 3355 902 προεῖναι
3388 847 3552 901 φησι;
3586 831 3760 899 (Itaqu

2193 926 2260 980 ἂν
2296 926 2415 995 οὐχὶ
2442 925 2598 979 τοῦτο
2628 924 2758 993 ἐγὼ,
2787 923 2984 976 πολλοῦ
3014 939 3078 991 γε
3111 922 3205 975 καὶ
3231 922 3340 975 δεῖ’
3374 920 3499 991 χθὲς
3530 920 3637 989 γὰρ
3665 920 3762 973 καὶ

2194 1018 2431 1088 σήμερον
2471 1016 2500 1068 ὀ
2528 1015 2687 1078 αὐτὸς
2720 1014 2815 1067 καὶ
2843 1015 2923 1076 είς
2966 1014 3093 1076 τοὺς
3143 1010 3345 1074 αίῶνας
3373 1009 3579 1081 Ἰησοῦς
3622 1010 3763 1079 Χρι-

2194 1110 2336 1171 στός.
2365 1107 2438 1161 Τὸ
2462 1108 2519 1161 δὲ
2556 1107 2650 1161 τοῦ
2682 1108 2855 1175 Λόγου
2902 1103 3281 1176 πρεσϐύτατόν
3317 1120 3378 1157 τε
3415 1104 3507 1157 καὶ
3540 1101 3763 1165 ἀκλινὴς

2192 1202 2389 1271 ἥκιστα
2415 1201 2514 1270 μὲν
2538 1200 2865 1271 ἀρνήσομαι,
2890 1197 2985 1253 καὶ
3009 1200 3058 1251 εἰ
3083 1197 3274 1268 γέγονε
3303 1196 3472 1267 σάρξ·
3497 1198 3763 1265 οἰήσομαι

2190 1294 2247 1346 δὲ
2277 1294 2396 1347 καθ’
2416 1293 2609 1346 ἕνωσιν
2643 1291 2778 1363 μετὰ
2814 1295 2912 1362 τῆς
2948 1291 3082 1355 ίδίας
3116 1289 3319 1361 σαρκὸς
3347 1289 3421 1352 ὡς
3459 1287 3585 1358 χθὲς
3625 1287 3761 1340 ὄντα

2192 1386 2284 1438 καὶ
2316 1386 2732 1456 προϋπάρχοντα
2776 1382 3204 1455 καταδηλοῦσθαι
3243 1380 3403 1435 πάλιν
3430 1380 3611 1435 αὐτόν.
3641 1377 3759 1432 Καὶ

2192 1476 2321 1545 γοῦν
2380 1476 2815 1547 κατεμυσάττετο
2856 1474 2955 1547 μὲν
3018 1470 3428 1546 παραφρονῶνῖ
3483 1470 3759 1534 Ἰουδαῖος,

2193 1569 2286 1622 καὶ
2342 1567 2666 1623 καταλιθοῦν
2687 1566 2845 1621 αὐτὸν
2865 1566 3162 1636 ἐπεχείρει,
3184 1565 3282 1636 τὴν
3303 1564 3482 1617 πίστιν
3503 1564 3566 1616 οὐ
3591 1577 3761 1631 προσ-

2195 1659 2425 1729 ιέμενος.
2476 1658 2853 1727 Κατετεθήπει
2906 1656 3033 1728 γὰρ,
3082 1657 3165 1710 ὅτι
3213 1654 3391 1710 καίτοι
3437 1653 3558 1708 καθ’
3604 1654 3756 1723 ἡμᾶς

2193 1750 2466 1822 ὁρώμενος
2497 1749 2799 1821 ἄνθρωπος,
2826 1749 2924 1819 τῆς
2964 1748 3105 1819 ὑπὲρ
3134 1746 3416 1818 ἄνθρωπον
3462 1746 3759 1817 ἀρχαιότη-

2194 1860 2281 1905 τος
2320 1840 2500 1911 ἐαυτῷ
2543 1841 2605 1892 τὸ
2642 1839 3011 1911 πρεσϐύτατον
3045 1836 3432 1909 ἐπεμαρτύρει,
3476 1836 3648 1905 λέγων
3678 1834 3758 1898 ὡς

2193 1933 2323 1997 Θεός
2345 1946 2362 1964 ⁶
2398 1952 2417 1985 ι
2458 1931 2649 2003 Ἀμὴν,
2682 1932 2828 2003 ἀμὴν
2855 1931 2996 1999 λέγω
3031 1930 3180 2000 ὑμῖν,
3212 1929 3340 2000 πρὶν
3378 1927 3628 1997 Ἀϐραὰμ
3658 1943 3755 1995 γε-

2192 2022 2409 2087 νέσθαι,
2456 2020 2565 2090 ἐγώ
2616 2022 2751 2091 είμι.
2781 2039 2798 2072 ι
2845 2020 2974 2072 Ὅτε
3019 2019 3113 2071 καὶ
3146 2018 3284 2087 πρὸς
3323 2017 3479 2071 τοῦτο
3518 2016 3756 2086 ἔφασκον

2192 2117 2415 2168 ἐκεῖνοι·
2450 2132 2467 2165 ι
2499 2114 2840 2181 Πεντήκοντα.
2867 2101 2961 2182 ἔτή
2987 2110 3138 2164 οὔπω
3176 2110 3340 2180 ἔχεις,
3382 2112 3473 2164 καὶ
3504 2109 3758 2180 Ἀϐραάμ

2192 2206 2476 2278 έὼρακας;
2516 2224 2534 2256 ι
2586 2205 2727 2274 Ἔφη
2773 2204 2830 2257 δὲ
2880 2204 3039 2257 πάλιν
3082 2203 3176 2257 καὶ
3210 2202 3461 2272 Ἰωάννης
3486 2219 3499 2232 ·
3538 2219 3556 2252 ι
3586 2197 3757 2265 Οὗτός

2191 2301 2306 2350 ἐστι
2326 2339 2340 2362 ,
2384 2300 2511 2369 περὶ
2541 2291 2601 2350 οῦ
2644 2296 2755 2365 ἐγὼ
2783 2291 2933 2349 εἶπον
2965 2296 3122 2366 ὑμῖν
3163 2294 3368 2350 Ὀπίσω
3399 2312 3498 2367 μου
3533 2294 3754 2365 ἔρχεται

2191 2389 2349 2459 ἀνὴρ,
2389 2389 2446 2451 ὃς
2486 2387 2795 2458 ἔμπροσθέν
2838 2405 2938 2457 μου
2983 2388 3223 2456 γέγονεν,
3265 2387 3346 2439 ὃτι
3392 2385 3604 2456 πρῶτός
3648 2402 3750 2456 μόυ

2189 2474 2277 2550 ἦν.
2306 2498 2324 2531 ι
2359 2478 2547 2533 Καίτοι
2583 2478 2701 2542 πῶς
2734 2478 2898 2550 ἄνδρα
2930 2496 2989 2531 τε
3027 2476 3181 2541 εἰδὼς
3208 2477 3302 2531 καὶ
3343 2478 3622 2549 ὀνομάζων
3663 2479 3755 2533 τὸν

2203 2571 2570 2641 Ἐμμανουὴλ,
2601 2570 2908 2642 ἔμπροσθέν
2947 2589 3005 2625 τε
3036 2571 3233 2635 αὐτοῦ,
3276 2571 3371 2625 καὶ
3405 2570 3617 2640 πρῶτον
3655 2588 3751 2639 γε·

2190 2664 2376 2717 νέσθαι
2415 2664 2547 2734 φησὶ
2585 2663 2675 2716 τὸν
2713 2664 2936 2734 ὀψιγενῆ
2970 2679 3029 2716 τε
3076 2664 3171 2717 καὶ
3216 2665 3336 2730 μετ’
3378 2663 3575 2729 αὐτόν;
3612 2662 3755 2715 Ἀλλ’

2189 2757 2306 2825 ἐρεῖ
2331 2772 2416 2818 τις
2456 2754 2612 2817 ἴσως·
2648 2756 2993 2825 Ἐμπροσθεν
3026 2755 3187 2808 αὑτὸν
3218 2755 3312 2808 καὶ
3354 2754 3567 2827 πρῶτον
3600 2756 3755 2822 γενέ-

2192 2847 2314 2900 σθαι
2354 2847 2488 2917 φησὶ
2520 2846 2661 2901 κατά
2690 2864 2752 2914 γε
2782 2847 2880 2917 τὴν
2908 2847 3084 2911 δόξαν,
3109 2846 3295 2918 ὥσπερ
3326 2844 3419 2900 οὖν
3452 2846 3627 2900 ἔπεισί
3664 2866 3753 2918 μοι

2189 2940 2358 2991 νοεῖνο
2390 2940 2486 2992 καὶ
2532 2938 2637 3009 μὴν
2672 2938 2754 2991 ὅτι
2786 2938 3037 3007 κίϐδηλόν
3068 2956 3128 2991 τε
3162 2941 3256 2993 καὶ
3287 2940 3491 3009 ἀμαθὲς
3535 2940 3596 2992 τὸ
3628 2943 3755 3013 τῇδε

2190 3031 2352 3092 νοεῖν,
2380 3029 2440 3081 οὐ
2479 3029 2684 3100 μακρὸς
2714 3032 2845 3100 ἡμῖν
2875 3029 3074 3093 διδάξει
3106 3029 3279 3098 λόγος.
3313 3031 3756 3102 Παραδεξὰμενοι

525 3106 753 3159 inscitia:
784 3104 998 3173 plenam
1053 3119 1192 3158 esse.
1220 3102 1351 3157 Nam
1393 3104 1439 3158 si
1482 3104 1723 3172 priorem
1772 3119 1915 3171 esse,
1946 3106 2086 3160 idem

2192 3121 2298 3190 γάρ
2314 3119 2375 3173 τὺ
2400 3140 2417 3172 ι
2438 3121 2741 3191 ἔμπροσθεν
2773 3140 2789 3171 ι
2812 3123 2890 3184 εἰς
2909 3121 2990 3184 τὸ,
3020 3122 3237 3192 ἄμεινον
3251 3124 3307 3175 ἐν
3338 3123 3484 3194 δόξῃ,
3506 3126 3757 3179 κατάτὺν

524 3212 645 3253 esse
677 3198 1027 3251 statuerimus
1060 3196 1201 3264 quod
1234 3194 1343 3265 39
1368 3195 1419 3248 in
1439 3194 1608 3265 gloria
1638 3196 1902 3264 potiorem
1932 3211 2085 3263 esse;

524 3291 709 3344 eadem
753 3288 973 3342 omnino
1014 3286 1224 3342 ratione
1260 3287 1612 3357 posteriorem
1646 3300 1767 3342 esse
1802 3287 1942 3343 idem
1984 3290 2092 3343 erit

526 3381 667 3451 quod
691 3380 856 3449 gloria
888 3377 1197 3432 inferiorem
1227 3395 1239 3430 :
1266 3385 1430 3445 atque
1462 3378 1536 3431 ita
1570 3376 1845 3431 Christum
1881 3376 2091 3432 Joanne

525 3472 835 3527 inferiorem
875 3468 938 3539 (ο
971 3483 1082 3522 rem
1133 3469 1365 3523 maxime
1398 3467 1686 3523 absurdam
1712 3470 1727 3521 Ξ
1750 3469 1766 3537 )
1789 3471 2088 3524 concedere

526 3562 910 3632 compellemur
948 3579 961 3614 :
1001 3560 1092 3615 Ait
1132 3560 1274 3614 enim
1325 3577 1339 3613 :
1384 3577 1402 3610 ι
1439 3558 1567 3614 Post
1614 3574 1701 3614 me
1740 3560 1885 3615 venit
1920 3560 2023 3617 vir.
2063 3579 2083 3613 ι

528 3655 673 3709 Sane
702 3653 746 3707 si
782 3661 949 3716 recte,
979 3650 1118 3718 quod
1140 3649 1190 3701 iu
1220 3647 1447 3701 Psalmis
1476 3649 1542 3702 de
1565 3662 1633 3703 eo
1665 3647 1925 3715 scriptum
1961 3646 2091 3717 legi-

525 3752 636 3809 tur,
660 3742 1097 3812 expenderimus,
1123 3754 1233 3792 rem
1268 3738 1422 3809 longe
1444 3737 1601 3791 aliter
1630 3738 1828 3793 habere
1859 3739 2089 3791 arbitra-

515 3837 703 3891 bimur
731 3852 744 3887 :
778 3851 796 3885 ι
828 3833 977 3899 Quis,
1011 3834 1205 3901 inquit,
1231 3832 1284 3885 in
1315 3830 1545 3885 nubibus
1569 3830 1867 3899 arquahitur
1901 3829 2089 3884 Denti-

516 3930 634 3983 no?
668 3927 859 3982 similis
894 3927 998 3980 erit
1029 3924 1253 3979 Domino
1287 3924 1338 3977 in
1389 3923 1513 3979 ﬁliis
1569 3921 1661 3976 Dei
1689 3920 1775 3975 M3?
1811 3940 1832 3974 ι
1866 3920 2088 3976 Summa

522 4024 689 4091 igitur
720 4020 1010 4087 antiquitas
1038 4015 1214 4070 Verbo
1251 4024 1504 4084 tanquam
1534 4014 1643 4069 Deo
1668 4015 1966 4069 secundum
1995 4029 2090 4068 na-

529 4123 727 4173 turam,
758 4108 972 4162 etiamsi
1033 4106 1181 4161 carui
1211 4107 1418 4159 unitum
1448 4105 1538 4170 sit,
1566 4105 1902 4175 pr0priaeque
1928 4114 2088 4158 natu-

521 4217 597 4255 ra:
625 4203 762 4255 bona
783 4214 905 4253 cum
928 4210 1156 4267 corpore
1176 4197 1318 4265 quod
1348 4196 1660 4266 assumpsit,
1690 4196 2090 4252 communicare

521 4291 883 4353 consueverit,
908 4288 1251 4343 attribuenda
1282 4296 1384 4342 est.

595 4383 752 4438 XLII.
789 4381 941 4446 Quod
976 4381 1119 4436 istud
1159 4391 1336 4433 autem
1364 4380 1435 4433 ita
1478 4393 1536 4435 se
1584 4378 1799 4444 habeat,
1836 4387 2088 4449 recteque

2194 3213 2306 3265 ἴσον
2335 3229 2436 3265 που
2466 3212 2641 3281 λόγον,
2671 3215 2765 3265 καὶ
2791 3213 2852 3266 τὸ
2883 3232 2902 3264 ι
2937 3213 3110 3267 ὀπίσω
3142 3232 3161 3265 ι
3212 3215 3453 3285 φήσομεν
3478 3215 3540 3268 τὸ
3590 3216 3667 3279 ὡς
3699 3218 3757 3269 ὲν

2193 3304 2413 3377 εὐκλείᾳ
2464 3305 2713 3377 δεύτερον
2742 3302 2800 3361 εὖ
2835 3306 2977 3377 μάλα
3010 3307 3363 3378 καταδηλοῦν.
3409 3309 3757 3379 Συμϐήσεται

2188 3398 2368 3451 τοίνυν
2401 3397 2477 3460 ὡς
2516 3396 2576 3461 ἐξ
2606 3398 2853 3469 ἀνάγκης
2891 3400 3023 3469 ἡμῖν
3057 3399 3159 3468 τῆς
3191 3399 3434 3453 Ἰωάννου
3466 3399 3624 3469 δόξης
3662 3404 3760 3472 ἡτ-

2190 3485 2385 3539 τᾶσθαι
2424 3487 2677 3557 Χριστὸν,
2702 3487 2797 3539 καὶ
2824 3488 2998 3540 ὀπίσω
3034 3487 3282 3559 δραμεῖν,
3322 3490 3595 3555 ἀσυνέτως
3624 3491 3759 3561 ὀμο-

2189 3578 2366 3646 λογείν
2393 3580 2437 3630 8.
2468 3580 2611 3650 Ἔφη
2639 3579 2767 3648 γὰρ,
2795 3581 2877 3633 ὅτι
2900 3600 2918 3631 ι
2958 3579 3163 3635 Ὀπίσω
3192 3599 3293 3651 μου
3318 3581 3533 3653 ἔρχεται
3557 3583 3752 3656 ἀνήρ.»

2199 3670 2264 3721 Ὢ
2287 3671 2387 3739 τῆς
2416 3670 2677 3735 ἀτοπίαςῑ
2708 3671 3005 3742 οἰησόμεθα
3039 3673 3253 3742 γὰροὺχ
3280 3666 3380 3726 ὧδε
3414 3673 3576 3743 ἔχειν,
3605 3676 3759 3729 ἐννε-

2190 3762 2445 3830 νοηκότες
2479 3761 2653 3832 ὀρθῶς
2686 3762 2747 3816 τὸ
2827 3764 2883 3817 ἐν
2928 3763 3176 3833 Ψαλμοῖς
3214 3766 3595 3836 γεγραμμένον
3620 3808 3636 3832 ,
3676 3769 3762 3821 ὅτι

2195 3871 2214 3902 ι
2243 3852 2336 3915 Τίς
2370 3854 2428 3905 ἐν
2457 3853 2707 3922 νεφέλαις
2760 3855 3081 3924 ἰσωθήσεται
3111 3854 3189 3924 τῷ
3232 3857 3454 3927 Κυρίῳς
3488 3860 3764 3928 ὁμοιωθή-

2192 3961 2341 3996 σεται
2370 3944 2447 4015 τῷ
2475 3945 2664 4016 Κυρίῳ
2688 3946 2745 3998 ἐν
2771 3947 2908 4009 υἱοῖς
2931 3946 3065 3999 Θεοῦ
3090 3964 3149 4012 ;νι
3187 3946 3499 4003 ’Δναθετέον
3526 3944 3619 4002 οὖν
3649 3951 3764 4021 ἄρα.

2190 4028 2284 4083 καὶ
2315 4030 2455 4084 κατὰ
2484 4031 2681 4101 σαρκὸς
2702 4032 2852 4101 αὐτῷ
2874 4034 2937 4086 τὸ
2963 4034 3354 4105 πρεσϐύτατον,
3374 4037 3449 4099 ὡς
3471 4036 3589 4108 Θεῷ
3614 4042 3766 4093 κατὰ

2190 4120 2351 4188 φύσιν
2405 4121 2655 4176 ἐνωθέντι
2706 4124 2889 4195 σαρκὶ,
2938 4126 3032 4178 καὶ
3061 4126 3128 4179 τὰ
3152 4126 3253 4197 τῆς
3300 4128 3507 4193 οἰκείας
3540 4130 3767 4199 φύσεως

2188 4213 2368 4283 ἀγαθὰ
2396 4218 2716 4271 κοινοποιεῖν
2748 4218 2959 4272 είωθότι
2987 4219 3066 4291 τῷ
3096 4220 3209 4293 ἰδίῳ
3243 4221 3473 4293 σώματι.

2259 4392 2391 4447 MB'.
2432 4392 2603 4446 Τοῦτο
2643 4393 2687 4446 δ’
2726 4393 2793 4449 ἂν
2829 4395 3019 4465 μάθοις
3053 4391 3155 4451 ὧδέ
3198 4417 3257 4453 τε
3289 4400 3431 4471 ἔχον,
3472 4402 3567 4456 καὶ
3599 4407 3765 4477 εἰρη-

521 4477 724 4533 dictum
757 4474 849 4541 sit,
888 4474 940 4528 id
972 4488 1038 4528 ex
1064 4471 1185 4526 aliis
1222 4486 1433 4540 quoque
1470 4471 1814 4537 testimoniis,
1852 4472 1894 4525 si
1928 4472 2085 4525 modo

2193 4481 2351 4553 μένον
2381 4482 2575 4556 ὀρθῶς,
2604 4484 2698 4537 καὶ
2724 4484 2781 4552 ἐξ
2810 4486 3010 4557 ἐτέρων
3037 4489 3217 4556 εὐθὺς,
3246 4491 3402 4563 εἴπερ
3425 4492 3582 4555 ἕλοιο,
3621 4471 3764 4566 εέαρ-

517 4568 758 4631 libuerit,
777 4566 936 4621 facile
964 4564 1257 4620 didiceris:
1290 4564 1675 4633 dicitnamque
1708 4562 1903 4617 alicubi
1944 4562 2087 4618 Deus

521 4674 620 4730 per
674 4658 962 4727 quemdam
1021 4656 1735 4724 sanctorumprophetarum
1770 4655 1835 4709 de
1864 4652 2085 4710 Christo

516 4768 580 4806 cx
612 4751 817 4805 semine
870 4749 1036 4803 David
1076 4747 1368 4802 secundum
1400 4761 1621 4801 carnem
1650 4754 1809 4799 orto:
1847 4762 1867 4796 ι
1907 4744 1974 4798 Ει
2004 4753 2079 4808 ιιι,

520 4842 798 4895 Bethleem
847 4841 1041 4893 domus
1088 4838 1343 4906 Ephrata,
1378 4852 1483 4892 non
1510 4835 1731 4905 parvula
1775 4850 1833 4891 es
1866 4835 1920 4889 in
1964 4837 2082 4890 mil-

516 4933 659 4985 libus
687 4930 949 4985 Juda.sEx
986 4940 1037 4984 te
1070 4928 1199 4983 mihi
1231 4929 1535 4999 egredietur
1564 4927 1657 4996 qui
1702 4929 1774 4982 sit
1827 4927 2077 4982 Domina-

519 5036 601 5079 tor
633 5023 821 5088 Israel,
851 5032 907 5076 et
935 5036 1185 5091 egressus
1215 5020 1331 5090 ejus
1361 5020 1428 5075 ab
1464 5020 1621 5077 initio
1641 5035 1668 5072 a
1704 5020 1893 5075 diebus
1923 5028 2082 5075 teter-

518 5116 704 5169 nitatis
728 5114 794 5169 ‘9.
826 5132 844 5165 ι
874 5114 949 5168 De
976 5114 1098 5168 (iliis
1121 5128 1247 5167 vero
1266 5111 1437 5167 lsrael
1465 5113 1865 5168 sacratissimus
1887 5111 2082 5166 Paulus

516 5208 591 5260 ita
646 5206 837 5261 scribit
873 5225 885 5259 :
923 5223 943 5257 ι
982 5203 1181 5259 Omnes
1226 5205 1278 5257 in
1327 5201 1509 5273 Moyse
1549 5203 1803 5274 baptizati
1852 5214 1979 5259 sunt
2028 5205 2079 5258 in

518 5298 660 5351 nube
677 5306 731 5350 et
758 5298 808 5350 in
824 5297 979 5360 mari,
995 5307 1048 5350 et
1064 5310 1249 5351 omnes
1273 5295 1515 5351 eamdem
1530 5308 1712 5350 escam
1747 5295 2078 5365 spiritualem

517 5390 998 5453 manducaverunt,
1030 5397 1085 5443 et
1134 5401 1322 5442 omnes
1371 5387 1620 5443 eumdem
1674 5395 1859 5457 potum
1923 5388 2083 5457 spiri-

2189 4574 2409 4644 τυριῶν.
2440 4576 2582 4646 Ἔφη
2625 4576 2722 4647 μὲν
2756 4577 2864 4649 γάρ
2896 4596 2995 4633 που
3029 4580 3159 4645 Θεὸς
3188 4583 3317 4653 περὶ
3350 4584 3441 4637 τοῦ
3476 4588 3539 4639 ἐκ
3582 4589 3769 4658 σπέρ-

2191 4682 2359 4735 ματος
2401 4667 2560 4720 Δαυῒδ
2608 4668 2668 4721 τὸ
2705 4670 2848 4723 κατὰ
2882 4672 3059 4744 σάρκα
3090 4675 3325 4745 Χριστοῦ
3368 4676 3435 4730 δι’
3476 4678 3596 4742 ἐνὸς
3644 4682 3768 4736 τῶν

2187 4757 2355 4825 ἁγίων
2403 4760 2730 4830 προφητῶν*
2774 4781 2793 4815 ι
2835 4764 2945 4818 Καὶ
2998 4767 3083 4831 σὺ,
3138 4766 3417 4838 Βηθλεὲμ,
3462 4766 3611 4835 οἶκος
3661 4774 3769 4828 τοῦ

2200 4849 2462 4919 Ἐφραθᾶ,
2487 4851 2562 4923 μὴ
2590 4852 2864 4922 ὀλιγοστὸς
2887 4853 2939 4909 εἴ
2962 4857 3055 4910 τοῦ
3078 4854 3212 4912 εἶναι
3230 4861 3287 4911 ἐν
3302 4860 3530 4930 χιλιάσιν
3557 4864 3764 4923 Ἰούδα.

2204 4939 2297 4993 Ἐκ
2318 4942 2411 4993 σοῦ
2436 4960 2527 5012 μοι
2546 4943 2886 5009 ἐξελεύσεται
2910 4948 3002 5001 τοῦ
3032 4945 3171 5003 εἶναι
3190 4953 3269 5014 είς
3293 4952 3561 5024 ’Ἄρχοντα
3585 4955 3648 5008 ὲν

2201 5032 2444 5103 Ἰσραήλο
2477 5033 2571 5087 καὶ
2609 5036 2664 5087 αἱ
2698 5036 2862 5101 ἔξοδοι
2896 5039 3058 5092 αὑτοῦ
3098 5041 3192 5095 ἀπ’
3216 5040 3391 5114 ἀρχῆς
3426 5042 3485 5109 ἐξ
3522 5046 3764 5116 ἡμερῶν

2187 5124 2400 5186 αἰῶνος.
2431 5144 2449 5177 ι
2487 5126 2622 5197 Περὶ
2652 5127 2707 5181 δέ
2741 5146 2805 5197 γε
2833 5131 2939 5183 τῶν
2976 5132 3108 5185 υίῶν
3144 5133 3357 5207 Ἰσραὴλ
3383 5137 3412 5189 ὀ
3456 5136 3766 5209 ἱερώτατος

2187 5212 2418 5276 Παῦλος,
2448 5214 2530 5268 ὅτι
2563 5233 2580 5265 ι
2614 5218 2820 5282 Πάντες
2847 5221 2923 5283 είς
2957 5220 3047 5274 τὸν
3080 5224 3317 5295 Μωῦσῆν
3345 5225 3767 5300 ἐϐαπτίσθησαν

2187 5303 2247 5354 ἐν
2278 5306 2343 5375 τῇ
2376 5304 2575 5376 νεφέλῃ
2603 5306 2694 5359 καὶ
2718 5308 2775 5360 ἐν
2796 5311 2863 5380 τῇ
2897 5309 3157 5383 θαλάσσῃ,
3193 5314 3286 5366 καὶ⁸
3316 5314 3514 5379 πάντες
3554 5316 3769 5388 βρῶμα

2188 5396 2556 5466 πνευματικὸν
2600 5398 2662 5452 τὸ
2703 5401 2835 5454 αὐτὸ
2880 5402 3097 5473 ἔφαγον,
3143 5406 3236 5459 καὶ
3278 5407 3475 5472 πάντες
3519 5410 3584 5463 τὸ
3622 5414 3769 5467 αὐτὸ

589 5505 633 5535 ⁸⁵
671 5502 826 5557 Joan.
860 5502 1083 5569 vm,58.
1159 5503 1204 5534 “
1233 5502 1363 5557 ibid.
1398 5503 1487 5557 57.
1561 5502 1606 5534 ⁸⁷
1635 5501 1791 5557 Joan.
1829 5519 1867 5568 ι,
1895 5505 1974 5559 50.
2055 5505 2099 5537 ’⁸⁸
2128 5504 2269 5563 Psal.
2301 5526 2561 5581 Lxxxvnt,
2588 5514 2645 5571 7.
2718 5516 2764 5549 δ’
2795 5516 2954 5574 Micb.
2995 5535 3048 5584 ν,
3076 5519 3143 5587 2;
3172 5520 3359 5577 Matth.
3408 5538 3465 5591 ιι,
3498 5522 3552 5579 6.

1622 5618 1795 5675 Variae
1826 5619 2082 5677 lectiones
2104 5622 2304 5681 codicis
2336 5623 2691 5698 Seguieriani.

590 5734 613 5771 1
648 5738 674 5787 ὁ
708 5736 1025 5807 παράφρων.
1106 5738 1129 5775 8
1164 5737 1425 5790 ὑπονοεῖν.
