4044 6332
352 388 487 447 H97

1301 383 1389 440 DE
1426 382 1649 440 RECTA
1690 381 1846 439 FIDE
1884 381 1975 437 AD
2010 380 2456 441 TIIEODOSIUM
2494 385 2621 442 IMP.

3445 390 3586 450 H98

351 501 725 574 πνευματικὸν
758 500 911 554 ἔπιον
940 501 1123 571 πόμα·
1158 498 1341 554 ἔπινον
1378 500 1487 573 γὰρ
1513 503 1575 555 ἐκ
1622 517 1919 571 πνευματι-

2025 500 2221 553 tualetn
2308 502 2613 557 biberunt:
2665 500 2917 557 bibebam
2972 511 3151 559 autem
3205 503 3271 560 de
3318 505 3584 575 spirituali

352 600 455 669 κ’ἧς
480 596 867 666 ὖκολουθούσης
891 594 1095 666 πέτρας
1113 612 1127 625 ·
1150 596 1183 665 ή
1209 594 1266 647 δὲ
1287 595 1461 665 πέτρα
1478 590 1547 665 ἦν
1569 596 1597 648 6
1618 594 1869 665 Χριστός.
1892 611 1911 644 ι

357 692 545 761 Ἀθρει
586 689 650 760 δὴ
692 684 786 743 οῦν
824 690 882 740 ἐν
928 685 1147 757 Χριστῷ
1192 685 1367 757 Ἰησοῦ
1411 685 1759 757 δεικνύμενον
1796 683 1916 738 καθ’

352 784 544 837 ἕνωσιν
584 778 928 850 οἰκονομικὴν
956 778 1017 831 τὸ
1059 776 1239 842 ίδικῶς
1270 777 1363 830 τοῦ
1397 778 1569 844 Λόγου
1609 776 1917 847 πρεσϐύτα-

351 892 465 929 τον.
497 875 568 926 Ἦ
603 872 701 925 οὐκ
728 870 962 941 ἐναργὴς
996 871 1025 922 6
1052 867 1244 936 λόγος;
1278 867 1381 921 Τὸν
1409 868 1597 938 γάρτοι
1628 866 1921 937 Βηθλεεμί-

352 982 474 1036 την,
510 964 586 1027 ὡς
614 963 897 1033 ἄνθρωπον
930 962 1024 1015 καὶ
1062 961 1126 1013 ἐκ
1158 959 1437 1027 γυναικὸς,
1469 960 1564 1013 ἀπ’
1592 960 1764 1031 ἀρχῆς
1792 959 1921 1012 αἰῶ-

354 1074 444 1121 νος
480 1056 581 1120 τάς
624 1054 836 1121 ἐξόδους
865 1052 1008 1122 ἔχειν
1042 1048 1103 1105 εὖ
1133 1051 1276 1122 μάλα
1313 1052 1511 1120 φησίν·
1544 1054 1600 1104 ἐν
1634 1052 1773 1121 ἀρχῇ
1810 1051 1920 1121 γὰρ

354 1145 423 1221 ἦν
446 1148 541 1202 καὶ
570 1146 676 1217 πρὸ
700 1145 899 1208 παντὸς
938 1142 1133 1207 αἰῶνος
1158 1143 1186 1194 6
1214 1142 1639 1213 ἐνανθρωπήσας
1663 1140 1795 1204 Θεὸς
1819 1141 1920 1194 Λό-

356 1254 483 1311 γος·
517 1240 610 1293 καὶ
641 1237 802 1300 αὐτὸς
832 1232 902 1308 ἦν
931 1237 965 1306 ή
999 1235 1197 1306 πέτρα,
1226 1234 1551 1304 δεδιψηκότα
1583 1236 1673 1289 τὸν
1705 1234 1920 1306 Ἰσραὴλ

356 1335 468 1395 τοῖς
492 1330 621 1402 παρ’
649 1328 839 1382 ἐλπίδα
871 1328 967 1383 καὶ
987 1328 1266 1398 ἀδοκήτως
1300 1325 1661 1396 ὲκμεθύσκων
1688 1325 1919 1397 νάμασι·

357 1424 533 1481 καίτοι
566 1421 847 1492 γεννηθεὶς
883 1419 1025 1474 κατά
1049 1435 1112 1486 γε
1152 1418 1251 1488 τὴν
1284 1417 1459 1488 σάρκα
1488 1418 1581 1471 καὶ
1617 1417 1680 1470 τὸ
1717 1416 1926 1489 ἀνθρώ-

357 1533 512 1569 πινον
557 1516 615 1568 ἐν
644 1514 893 1583 ἐσχάτοις
930 1509 1027 1563 τοῦ
1071 1510 1261 1573 αίῶνος
1317 1512 1547 1580 καιροῖς,
1586 1511 1681 1561 καὶ
1739 1526 1926 1579 κεχρι-

362 1607 557 1677 σμένος
579 1606 679 1677 τήν
700 1606 780 1666 εἱς
808 1603 955 1656 τόνδε
986 1600 1078 1653 τὸν
1106 1600 1308 1670 κόσμον
1324 1599 1623 1669 ἀποστολὴν
1654 1599 1801 1670 παρὰ
1828 1599 1923 1652 τοῦ

355 1697 492 1753 Θεοῦ
518 1699 609 1750 καὶ
639 1696 878 1766 Πατρός·
910 1692 1327 1763 κατωνόμασται
1356 1692 1463 1762 γὰρ
1490 1693 1586 1761 οὐχ
1620 1693 1807 1762 ἐτέρου
1830 1707 1923 1743 του

2017 600 2377 662 consequente
2398 609 2489 649 eos
2520 604 2691 664 petra,
2706 603 2854 663 petra
2875 604 3050 651 autem
3071 596 3445 654 eratChristus
3465 600 3533 655 ⁸⁸.
3561 622 3581 653 ι

2018 683 2095 737 Εη
2125 700 2389 740 summam
2422 687 2567 743 illam
2590 688 2987 757 antiquitatem,
3016 703 3137 758 quae
3160 689 3214 744 in
3248 689 3430 745 Verbo
3452 706 3589 760 pro-

2017 778 2133 847 prie
2191 778 2464 843 convenit,
2516 779 2811 834 secundum
2870 779 3261 835 (nconomicam
3332 780 3585 835 unionem

2024 867 2113 922 hic
2143 867 2362 923 Christo
2402 870 2526 923 Jesu
2562 870 2887 939 assignatam
2910 884 3050 924 esse.
3088 870 3170 924 An
3215 871 3479 926 obscurus
3503 881 3589 925 est

2020 958 2109 1013 hic
2129 960 2350 1014 sermo?
2382 959 2672 1015 Evidenter
2709 962 2852 1015 enim
2908 963 3128 1031 exponit
3178 962 3587 1017 Bethleemitam

2019 1049 2191 1113 illum,
2220 1051 2309 1120 qui
2360 1066 2426 1107 ex
2486 1051 2711 1106 muliere
2755 1064 2915 1107 natus
2965 1061 3049 1107 est
3106 1054 3289 1120 homo,
3322 1055 3390 1108 ab
3435 1053 3588 1108 initio

2020 1140 2198 1196 saeculi
2221 1142 2423 1195 exitum
2454 1142 2777 1197 habere:in
2838 1143 3108 1214 principio
3157 1144 3305 1199 enim
3365 1153 3422 1198 et
3463 1154 3589 1199 ante

2021 1232 2199 1287 omnia
2253 1233 2446 1287 saecula
2468 1242 2587 1288 erat
2626 1236 2766 1303 quod
2816 1235 3154 1290 incarnatum
3202 1244 3286 1290 est
3322 1234 3584 1303 Verbum,

2018 1323 2244 1393 ipseque
2268 1332 2381 1379 erat
2434 1334 2587 1394 petra
2630 1326 2883 1396 illa,quai
2929 1327 3284 1382 Israeliticum
3330 1327 3585 1398 papulum

2023 1416 2293 1471 sitientem
2326 1418 2615 1486 insperatis
2653 1419 3147 1489 inexspectatisque
3177 1435 3329 1490 aqua:
3374 1419 3590 1475 ﬂuentis

2025 1508 2310 1563 inebriavit
2341 1528 2355 1563 :
2396 1509 2609 1564 etiamsi
2632 1510 2684 1562 in
2706 1511 3016 1566 novissimis
3044 1512 3224 1567 saaculi
3254 1511 3589 1582 temporibus

2023 1602 2316 1654 secundum
2344 1614 2585 1664 carnem,
2613 1602 3012 1672 humanamque
3048 1614 3298 1657 naturam
3336 1602 3590 1673 progeni-

2026 1701 2134 1756 tus,
2164 1694 2489 1748 etmissione
2530 1693 2583 1747 in
2614 1695 2754 1748 hunc
2790 1696 3045 1748 mundum
3083 1711 3114 1749 a
3148 1696 3256 1749 Deo
3300 1694 3461 1749 Patre
3508 1694 3590 1749 in-

356 1791 517 1861 χάριν
546 1788 579 1859 ἢ
607 1788 696 1841 διὰ
734 1786 892 1840 τοῦτο
922 1785 1175 1855 Χριστός.
1222 1785 1467 1855 Χριστὸς
1496 1785 1553 1837 δὲ
1583 1782 1652 1856 ἦν
1686 1784 1923 1857 ήπέτρα

2025 1793 2218 1840 unctus
2250 1786 2543 1857 sit:neque
2588 1787 2732 1841 enim
2779 1788 2995 1843 aliunde
3028 1789 3128 1844 hoc
3157 1804 3352 1843 nomen
3386 1788 3589 1844 Christi

359 1846 501 1932 κατὰ
534 1846 626 1930 τδν
664 1876 849 1945 νόμον,
895 1846 989 1928 καί
1038 1846 1147 1926 τὸν
1168 1846 1399 1926 Παῦλον.
1436 1846 1865 1942 λΕπαγωνιεῖταί
1880 1875 1923 1928 δ’

2027 1876 2253 1930 sortitus
2290 1889 2399 1943 est,
2430 1846 2590 1947 quam
2651 1879 2720 1933 ab
2763 1896 2869 1933 una
2900 1882 3004 1935 hac
3048 1882 3303 1936 unctione
3356 1890 3412 1936 et
3472 1880 3594 1935 fun-

360 1966 428 2024 αὖ
460 1969 553 2022 καὶ
599 1966 921 2037 συναθλήσει
962 1965 1037 2033 τῷ
1066 1964 1209 2035 λόγῳ
1254 1968 1349 2018 καὶ
1388 1968 1417 2019 6
1446 1967 1607 2034 σοφὸς
1640 1967 1924 2035 Ἰωάννης,

361 2058 640 2132 μονονουχὶ
666 2058 761 2110 καὶ
792 2057 1125 2127 συναγείρων
1161 2057 1258 2120 τὰς
1294 2056 1514 2127 φύσεις,
1560 2060 1656 2113 καὶ
1695 2059 1926 2112 συνδέων

358 2154 440 2216 είς
485 2152 680 2205 ἕνωσιν
717 2150 826 2203 τῶν
868 2151 1106 2221 ἑκατέρα
1138 2152 1447 2221 προσόντων
1481 2152 1787 2222 ἰδιωμάτων
1827 2153 1927 2225 τὴν

356 2244 605 2315 δύναμιν.
642 2241 752 2295 Θέα
798 2241 909 2312 γὰρ
953 2242 981 2294 ὃ
1014 2257 1212 2311 φησιν·
1255 2259 1274 2292 ι
1310 2243 1374 2294 Ὃ
1410 2237 1478 2312 ἦν
1520 2243 1614 2295 ἀπ’
1654 2244 1859 2314 ἀρχῆς,
1898 2243 1928 2296 ὃ

357 2333 695 2403 ἀκηκόαμεν,
746 2331 775 2384 6
826 2332 1151 2403 ἑωράκαμεν
1192 2332 1304 2393 τοῖς
1349 2330 1642 2401 ὀφθαλμοῖς
1681 2333 1860 2402 ἡμῶν,
1899 2331 1928 2385 ὃ

358 2425 727 2495 ἐθεασάμεθα,
758 2426 845 2477 καλ
882 2425 936 2477 αί
982 2427 1161 2494 χεῖρες
1206 2424 1364 2494 ἡμῶν
1399 2425 1756 2495 ἐψηλάφησαν
1798 2426 1928 2497 περὶ

355 2516 451 2571 τοῦ
498 2517 673 2585 Λόγου
722 2517 819 2586 τῆς
871 2515 1052 2585 ζωῆς·
1092 2516 1187 2568 καὶ
1233 2515 1383 2586 ήζωὴ
1440 2515 1788 2588 ἐφανερώθη,
1833 2520 1928 2572 καὶ

358 2608 710 2679 ἑωράκαμεν,
758 2608 853 2660 καὶ
907 2606 1313 2678 μαρτυροῦμεν,
1370 2608 1465 2661 κα)⁸
1511 2608 1928 2679 ἀπαγγέλλομεν

360 2703 489 2768 ὑμῖν
524 2699 668 2770 ζωήν
696 2700 796 2768 τὴν
834 2698 1067 2763 αἰώνιον,
1105 2699 1225 2767 ἥτις
1264 2693 1333 2768 ἦν
1376 2699 1513 2768 πρὸς
1549 2699 1640 2752 τὸν
1685 2701 1925 2771 Πατέρα,

358 2794 455 2847 καὶ
512 2792 830 2863 ἐφανερώθη
878 2792 1027 2861 ὑμῖν.
1060 2810 1078 2842 ι
1124 2790 1254 2843 Ἰδοὺ
1303 2790 1393 2843 τὸν
1450 2792 1580 2845 ὄντα
1626 2792 1721 2845 ἀπ’
1756 2794 1929 2865 ἀρχῆς

277 2892 287 2901 '
322 2898 325 2899 '
356 2878 536 2952 ῶφθαί
574 2883 631 2936 τέ
662 2899 827 2951 φησιν
873 2881 1152 2951 ἐναργῶς,
1185 2881 1474 2951 ὑπομεῖναι
1524 2883 1581 2935 δὲ
1626 2884 1719 2936 καὶ
1760 2887 1925 2956 ἁφήν.

368 2975 754 3046 ’Λνεκεκράγει
784 2973 890 3044 γάρ
917 2974 946 3025 6
972 2973 1173 3043 Θωμᾶς
1194 2988 1205 3003 ·
1246 2993 1265 3025 ι
1305 2974 1363 3027 '0
1395 2973 1596 3045 Κύριός
1619 2993 1751 3047 μου,
1781 2979 1875 3031 καὶ
1902 2981 1930 3034 6

355 3066 490 3130 Θεός
523 3083 648 3137 μου,
678 3084 697 3117 ι
744 3065 1130 3135 ἀναμετρήσας
1159 3064 1407 3137 δακτύλῳ
1461 3066 1699 3138 πλευράν
1736 3087 1794 3123 τε
1833 3070 1931 3141 τὴν

2027 1969 2239 2035 ctione;
2270 1970 2419 2038 atqui
2452 1969 2724 2033 Christus,
2762 1970 3056 2023 secundum
3098 1968 3269 2038 legem
3310 1980 3368 2025 et
3400 1984 3596 2025 secun-

2027 2060 2151 2115 dum
2180 2060 2396 2116 beatum
2416 2059 2667 2123 Paulum,
2689 2069 2805 2115 erat
2834 2060 2919 2113 illa
2940 2070 3112 2129 petra.
3139 2060 3437 2115 Conﬁrmat
3457 2061 3595 2116 hanc

2027 2168 2241 2207 rursum
2276 2155 2600 2206 sententiam
2631 2162 2686 2207 et
2720 2153 2936 2221 sapiens
2963 2151 3200 2209 Joannes
3230 2168 3482 2223 quoque;
3521 2156 3597 2209 si-

2026 2245 2240 2315 quidem
2269 2243 2379 2315 40
2413 2254 2636 2298 naturas
2666 2244 2720 2297 in
2754 2260 2917 2299 unum
2948 2246 3344 2315 quodammodo
3373 2259 3593 2315 cogens,

2027 2336 2534 2407 proprietatumque
2584 2337 2715 2402 vim,
2756 2351 2876 2405 qum
2945 2336 3159 2407 utrique
3224 2336 3490 2404 adjacent,
3541 2337 3593 2390 in

2027 2426 2279 2481 unionem
2310 2426 2578 2494 redigens,
2601 2425 2675 2479 ita
2694 2426 2887 2480 scribit
2917 2442 2931 2479 :
2967 2444 2986 2477 ι
3010 2426 3163 2493 Quod
3185 2424 3289 2481 fuit
3317 2428 3384 2482 ab
3415 2426 3592 2492 initio,

2027 2517 2169 2587 quod
2195 2516 2519 2581 audivimus,
2548 2515 2691 2586 quod
2717 2516 2951 2571 vidimus
2980 2517 3151 2572 oculis
3193 2517 3417 2583 nostris,
3452 2519 3593 2585 quod

2029 2609 2419 2678 perspeximus,
2458 2617 2515 2663 et
2570 2622 2763 2662 manus
2791 2616 2989 2662 nostra:
3020 2615 3499 2663 contrectaverunt
3529 2610 3597 2662 de

2028 2700 2205 2755 Verbo
2264 2701 2408 2765 vitas,
2426 2710 2481 2755 et
2514 2700 2620 2754 vita
2668 2700 3006 2755 manifestata
3046 2708 3151 2763 est,
3169 2710 3224 2754 et
3265 2700 3517 2766 vidimus,
3543 2710 3598 2755 et

2030 2801 2310 2857 testamur,
2360 2800 2415 2846 et
2463 2792 2846 2844 annuntiamus
2888 2790 3039 2845 vobis
3094 2790 3259 2843 vitam
3312 2801 3592 2851 aeternam.

2028 2898 2148 2953 quas
2198 2890 2317 2936 erat
2370 2882 2510 2951 apud
2567 2878 2804 2943 Patrem,
2861 2888 2916 2934 et
2974 2880 3223 2949 apparuit
3273 2880 3428 2935 nobis
3455 2880 3525 2935 ".
3570 2903 3593 2935 ρ

2028 2972 2169 3027 Ecce
2218 2971 2417 3027 diserte
2470 2969 2702 3024 alIirniat
2757 2984 2903 3032 eum,
2933 2971 3023 3037 qui
3064 2969 3168 3023 fuit
3213 2970 3281 3024 ab
3341 2970 3514 3035 initio,
3543 2980 3600 3024 ct

2028 3063 2200 3116 visum
2258 3076 2400 3126 esse,
2448 3069 2504 3115 et
2555 3059 2874 3129 palpabilem
2940 3058 3143 3113 factum
3196 3074 3339 3115 esse.
3384 3061 3596 3115 Etenim

357 3155 453 3211 τοῦ
492 3155 761 3226 σώματος,
789 3154 886 3207 καὶ
922 3154 1021 3217 τὰς
1066 3153 1377 3225 διατρήσεις
1407 3154 1517 3208 τῶν
1567 3157 1733 3226 ἥλων.
1766 3159 1923 3227 Γεγε-

2030 3149 2284 3215 Thomas,
2314 3158 2661 3220 posteaquam
2702 3163 2893 3203 manus
2932 3148 2986 3203 in
3039 3149 3201 3214 latus,
3234 3160 3288 3205 et
3317 3150 3515 3220 digitos
3541 3150 3595 3205 in

357 3248 552 3318 νῆσθαι
596 3248 653 3301 δέ
692 3264 823 3318 φησι
862 3247 987 3310 τοὺς
1018 3245 1203 3315 ἁγίους
1243 3247 1573 3311 ἀποστόλους
1605 3250 1699 3303 καὶ
1728 3252 1756 3303 6
1786 3250 1927 3316 θεῖος

358 3342 488 3411 ήμίν
529 3340 741 3401 Λουκᾶς
785 3338 1055 3401 αὐτόπτας
1104 3354 1165 3390 τε
1213 3338 1306 3390 καὶ
1358 3338 1639 3410 ὑπηρέτας
1690 3341 1783 3394 τοῦ
1819 3343 1925 3396 Λό-

360 3449 456 3501 γου
476 3448 490 3461 ·
522 3430 713 3499 γέγονε
750 3430 859 3499 γάρ
890 3430 1139 3499 ἐμφανὴς
1165 3431 1194 3482 6
1221 3432 1537 3500 ἀσώματος,
1568 3435 1663 3486 κα)⁸
1694 3435 1866 3499 ἁπτὸς
1898 3436 1926 3488 6

360 3524 601 3595 ἀναφὴς·
632 3523 731 3574 οὐκ
776 3521 978 3575 ὀθνεῖον
1008 3521 1144 3591 ἔχων
1176 3522 1492 3594 περίῆλημα
1538 3525 1636 3597 τὴν
1682 3528 1790 3581 ἀπὸ
1822 3528 1925 3597 γῆς

362 3616 567 3687 σάρκα,
605 3614 720 3667 ἀλλ’
757 3612 887 3666 ἴδιον
920 3612 1088 3683 αὐτὴν
1125 3614 1495 3685 ποιησάμενος
1538 3618 1684 3684 ναὸν,
1733 3621 1827 3672 καὶ
1866 3622 1925 3673 ἐν

360 3709 498 3777 αὐτῇ
533 3747 548 3771 ,
573 3705 667 3758 καὶ
705 3705 800 3757 σὺν
827 3704 962 3773 αὐτῇ
994 3704 1395 3775 γνωριζόμενος
1424 3707 1497 3769 ὡς
1526 3708 1659 3772 Θεὸς
1686 3712 1782 3762 καὶ
1812 3710 1925 3764 Κύ-

364 3817 497 3870 ριος.
540 3795 859 3868 Γεγραφότα
903 3795 960 3848 δὲ
1002 3791 1159 3850 οἶσθά
1203 3814 1307 3849 που
1353 3799 1449 3851 καὶ
1490 3799 1581 3854 τὸν
1631 3800 1925 3871 ἱερώτατον

360 3890 603 3944 Παῦλον·
645 3907 662 3939 ι
693 3887 879 3950 Οὐδεὶς
910 3886 1017 3957 γὰρ
1064 3886 1219 3957 ἡμῶν
1258 3887 1436 3958 ἐαυτῷ
1472 3886 1573 3959 ζῇ,
1613 3891 1706 3943 καὶ
1748 3892 1926 3957 οὐδεὶς

360 3980 537 4051 ἐαυτῷ
578 3979 931 4049 ἀποθνήσκει.
968 3978 1091 4031 Ἐάν
1128 3995 1188 4031 τε
1230 3979 1343 4050 γὰρ
1386 3980 1586 4051 ζῶμεν,
1624 3982 1703 4052 τῷ
1736 3984 1927 4056 Κυρίῳ

360 4072 576 4141 ζῶμεν·
618 4072 712 4124 ἐάν
748 4088 808 4123 τε
856 4068 1307 4139 ἀποθνήσκωμεν,
1336 4070 1415 4141 τῷ
1449 4074 1640 4144 Κυριῳ
1683 4074 1924 4146 ἀποθνή-

362 4176 596 4233 σκομεν·
639 4161 734 4214 ἐάν
773 4177 831 4213 τε
872 4157 963 4213 οὖν
994 4158 1193 4229 ζῶμεν,
1229 4160 1324 4213 ἐάν
1362 4178 1421 4214 τε
1468 4162 1921 4234 ἀποθνήσκωμεν,

357 4255 452 4308 τοῦ
483 4251 690 4323 Κυρίου
723 4251 910 4321 ἐσμέν.
950 4252 1044 4314 Eis
1074 4251 1230 4303 τοῦτο
1270 4251 1379 4321 γὰρ
1410 4254 1645 4323 Χριστὸς
1690 4257 1926 4313 ἀπέθανε

358 4345 453 4396 καλ⁸
477 4341 689 4409 ἔζησεν,
718 4340 803 4392 ἶνα
827 4338 1037 4408 νεκρῶν
1067 4340 1160 4391 καὶ
1188 4338 1406 4403 ζώντων
1440 4342 1723 4416 κυριεύσῃ.
1751 4364 1769 4396 ι

2031 3243 2302 3298 clavorum
2357 3242 2620 3298 foramina
2669 3241 2956 3307 intulisset,
2998 3242 3177 3295 statim
3221 3242 3544 3296 exclamavit
3580 3260 3596 3299 :

2037 3352 2055 3386 α
2084 3335 2342 3389 Dominus
2366 3349 2538 3399 meus,
2576 3342 2631 3387 et
2659 3332 2803 3387 Deus
2842 3348 2995 3388 meus
3020 3333 3089 3387 ⁸¹.
3126 3352 3145 3383 ι
3177 3333 3315 3399 Quin
3364 3333 3599 3389 eximius

2031 3440 2245 3495 quoque
2270 3426 2602 3495 evangelista
2642 3423 2820 3478 Lucas
2849 3433 3066 3479 sanctos
3111 3424 3381 3494 apostolos
3435 3424 3599 3480 Verbi

2033 3527 2387 3588 spectatores,
2436 3517 2677 3587 ejusdem
2736 3514 3016 3569 ministros
3080 3515 3353 3569 exstitisse
3400 3514 3475 3568 ait
3501 3514 3548 3545 ⁸³
3577 3530 3596 3569 :

2033 3625 2156 3664 nam
2193 3611 2282 3680 qui
2310 3608 2555 3680 corporis
2570 3622 2762 3679 expers
2796 3616 2936 3673 erat,
2956 3607 3130 3661 factus
3147 3617 3231 3661 est
3249 3605 3595 3677 spectabilis:

2030 3714 2085 3759 et
2105 3703 2195 3772 qui
2225 3702 2365 3772 tangi
2389 3716 2493 3755 non
2519 3711 2748 3771 poterat,
2772 3709 2984 3755 terrena
3007 3715 3172 3755 carne
3192 3716 3298 3754 non
3335 3710 3592 3770 tanquam

2030 3802 2292 3851 extraneo
2329 3793 2561 3859 amictu,
2593 3793 2687 3848 sed
2715 3805 2973 3861 tanquam
3004 3792 3220 3863 proprio
3252 3793 3451 3862 templo
3478 3808 3598 3849 sese

2031 3886 2278 3950 induens,
2323 3883 2500 3939 factus
2554 3894 2636 3939 est
2678 3884 2978 3954 palpabilis,
3012 3893 3069 3939 et
3114 3884 3166 3938 in
3213 3883 3347 3952 ipsa,
3371 3891 3429 3937 et
3472 3898 3595 3938 cum

2030 3978 2143 4048 ipsa
2159 3977 2321 4032 etiam
2355 3977 2432 4030 uti
2451 3974 2591 4029 Deus
2619 3986 2673 4029 et
2696 3976 2953 4031 Dominus
2978 3975 3227 4046 cognitus
3254 3973 3374 4029 fuit.
3404 3974 3595 4030 Memi-

2032 4068 2190 4123 nistis
2243 4080 2458 4137 quoque
2509 4067 2939 4121 sacratissimum
2987 4066 3211 4122 Paulum
3269 4066 3467 4122 alicubi
3520 4068 3597 4122 ita

2030 4159 2346 4227 scripsisse:
2381 4175 2401 4209 ι
2424 4156 2592 4213 Nemo
2621 4167 2860 4212 nostrum
2896 4156 2997 4212 sibi
3026 4158 3178 4223 vivit,
3202 4165 3257 4213 et
3289 4174 3449 4215 nemo
3479 4160 3585 4216 sibi

2029 4253 2277 4307 moritur.
2314 4250 2441 4307 Sive
2482 4251 2734 4317 vivimus,
2772 4250 2998 4307 Domino
3042 4251 3302 4318 vivimus,
3336 4255 3450 4307 sive
3484 4269 3598 4309 mo-

2038 4344 2232 4409 rimur,
2275 4343 2505 4399 Domino
2537 4342 2818 4398 morimur.
2846 4340 2973 4397 Sive
3012 4357 3143 4412 ergo
3186 4343 3437 4409 vivimus,
3480 4344 3598 4400 sive

359 4435 643 4499 morimur,
684 4432 890 4487 Domini
935 4447 1139 4487 sumus.
1181 4432 1239 4486 in
1279 4434 1381 4489 hoc
1419 4437 1559 4491 enim
1604 4438 1849 4497 Christus
1905 4450 2151 4497 mortuus
2199 4448 2319 4507 est,
2351 4447 2404 4495 et
2439 4439 2756 4502 resurrexit,
2808 4447 2867 4493 ut
2918 4448 2973 4495 et
3034 4438 3281 4494 vivorum
3338 4449 3394 4496 et
3445 4456 3596 4497 mor-

358 4542 571 4586 tuorum
611 4529 916 4583 dominetur
936 4528 1002 4580 ⁵⁸.
1028 4546 1047 4578 ι

425 4627 556 4682 Ml".
606 4625 846 4696 Ἀραρεν
873 4619 964 4677 οὖν
996 4623 1231 4693 ἀληθῶς,
1266 4626 1346 4679 ὅτι
1392 4628 1746 4700 κεκυρίευκεν
1793 4631 1923 4702 ἀλη-

2094 4630 2277 4686 XLlll.
2324 4630 2460 4687 Vere
2491 4630 2676 4701 itaque
2707 4628 2951 4693 decebat,
2987 4638 3046 4683 ut
3077 4629 3322 4684 vivorum
3357 4638 3597 4686 mortuo-

354 4719 464 4782 θῶς
494 4717 704 4790 νεκρῶν
735 4734 794 4770 τε
822 4718 914 4770 καὶ
958 4716 1176 4781 ζώντων
1201 4722 1229 4772 6
1280 4717 1354 4789 μὴ
1387 4719 1571 4791 ἐτέρου
1617 4738 1708 4774 του
1741 4723 1917 4795 χάριν,

355 4810 493 4883 πλὴν
526 4810 609 4863 ὅτι
642 4808 796 4862 τοῦδέ
831 4825 892 4861 τε
940 4809 1036 4862 καὶ
1073 4810 1255 4880 μόνου,
1288 4810 1519 4875 τεθνεὼς
1552 4816 1645 4868 καὶ
1692 4816 1921 4887 ἐγηγερ-

356 4903 535 4973 μένος.
567 4902 701 4955 Τίνα
728 4902 792 4972 δὴ
830 4896 921 4954 οὗν
950 4902 1057 4973 ἄρα
1091 4903 1292 4973 φαμὲν,
1321 4903 1397 4967 ὡς
1426 4905 1591 4958 ὑπέδυ
1624 4908 1722 4977 μὲν
1754 4908 1920 4962 θάνα-

349 5010 462 5055 τον,
496 4992 694 5047 ἀνεϐίω
741 4992 787 5043 δ’
815 4987 906 5060 αῦ,
942 4992 976 5063 ἢ
1024 4993 1115 5046 τὸν
1146 4994 1275 5046 Υίὸν
1321 4994 1593 5065 δηλονότι;
1648 4997 1791 5051 ’Λλλ’
1838 5001 1920 5053 ὅτι

353 5083 451 5154 μὲν
479 5085 569 5137 τὸν
588 5084 737 5150 Υίὸν,
775 5083 1129 5147 ἀπαστισοῦν,
1165 5081 1335 5155 οἶμαι,
1372 5086 1712 5141 συννεύσειεν
1734 5088 1817 5143 ἄν.
1849 5089 1916 5142 Τί

348 5170 442 5226 οῦν
475 5172 734 5245 ἐροῦμεν;
766 5173 969 5244 πότερα
997 5173 1188 5244 θνητός
1216 5174 1276 5226 τέ
1300 5176 1416 5227 ἐστι
1452 5176 1546 5228 καὶ
1575 5176 1749 5249 φθορᾷ
1778 5179 1914 5233 κάτ-

347 5282 469 5335 οχος
503 5267 531 5318 6
580 5265 643 5317 ἐκ
683 5263 817 5316 Θεοῦ
852 5264 1065 5335 Πατρὸς
1090 5265 1280 5332 Λόγος,
1308 5264 1341 5335 ἢ
1377 5265 1519 5337 πέρα
1557 5266 1789 5322 θανάτου
1822 5272 1915 5323 καὶ

348 5355 552 5426 φθορᾶς
584 5354 820 5425 ἀμείνων
846 5355 923 5418 ὡς
965 5355 1115 5425 (cui);
1162 5355 1354 5409 Καίτοι
1414 5357 1530 5421 πῶς
1559 5359 1658 5429 οὐχ
1712 5359 1915 5414 ἅπασιν

348 5445 595 5515 ἐναργὲς,
624 5446 704 5498 ὅτι
744 5444 976 5499 θανάτου
1014 5446 1276 5515 κρείττων
1319 5446 1395 5507 ὡς
1432 5446 1586 5518 ζωής
1632 5444 1767 5504 Εἶτα
1800 5450 1916 5514 πῶς

350 5536 576 5605 γέγονεν
599 5539 656 5589 ἐν
681 5540 891 5607 νεκροῖς
921 5536 1015 5589 καὶ
1037 5535 1335 5607 ἐλεύθερος,
1360 5537 1502 5591 κατά
1540 5537 1639 5601 τὰς
1664 5540 1919 5610 Γραφάς;

346 5628 567 5698 τεθναίη
600 5630 709 5700 γὰρ
738 5627 854 5681 οῦτι
902 5646 1005 5681 που
1054 5626 1175 5681 καθ’
1205 5627 1391 5681 ἐαυτὸν
1432 5630 1460 5681 6
1510 5629 1697 5697 Λόγος.
1742 5631 1921 5701 Φαμὲν

310 5844 315 5849 .
422 5802 853 5871 '°lCor.x,2-4.
930 5800 1421 5867 "lJoan.t,l,2.
1500 5800 1944 5870 “Joan.xx,28.

2025 4740 2253 4796 rumque
2288 4724 2675 4787 dominaretur,
2711 4722 2801 4793 qui
2839 4721 3036 4775 nullius
3074 4720 3326 4786 alterius,
3362 4721 3455 4775 sed
3493 4722 3597 4777 hu-

2022 4817 2111 4888 jus
2140 4818 2309 4873 solius
2338 4830 2523 4878 causa,
2555 4822 2609 4869 et
2639 4822 2885 4869 mortuus
2914 4820 3076 4876 esset,
3107 4819 3162 4866 et
3192 4813 3494 4869 revixisset.
3520 4812 3594 4868 At

2026 4922 2187 4976 quem
2216 4906 2399 4971 alium,
2426 4919 2634 4974 quiest),
2662 4913 2888 4959 mortem
2920 4902 3176 4966 subiisse,
3204 4903 3507 4971 iterumque
3535 4903 3592 4957 in

2026 4997 2190 5050 vitam
2237 4996 2463 5051 rediisse
2507 4995 2843 5064 putabimus,
2890 5009 3051 5063 quam
3101 4993 3330 5049 Filium?
3372 4991 3590 5047 Nullum

2023 5086 2204 5157 itaque
2229 5086 2425 5151 alium;
2454 5098 2627 5155 neque
2654 5083 2706 5138 id
2741 5084 2899 5151 ullus,
2926 5085 3137 5154 opinor,
3164 5084 3377 5138 inficias
3408 5083 3587 5139 iverit.

2024 5178 2160 5246 Quid
2203 5178 2365 5248 igitur
2398 5162 2677 5232 dicemus?
2718 5176 2959 5246 nunquid
3006 5176 3095 5230 Dei
3138 5174 3317 5229 Patris
3357 5172 3591 5228 Verbum

2024 5268 2183 5323 morti
2209 5269 2648 5339 corruptionique
2671 5269 2963 5323 obnoxium
2987 5282 3129 5330 esse,
3154 5282 3221 5321 an
3244 5267 3423 5336 putius
3442 5266 3589 5321 omni

2022 5367 2233 5424 morte,
2282 5360 2536 5429 omnique
2581 5359 2958 5427 corruptione,
3008 5357 3438 5428 quandoquidem
3481 5358 3589 5411 vita

2020 5459 2121 5512 est,
2155 5450 2500 5519 praestantius
2528 5452 2690 5505 esse?
2718 5450 2906 5520 Atqui,
2941 5459 3001 5504 ut
3027 5450 3135 5505 vita
3166 5458 3267 5515 est,
3299 5458 3472 5504 morte
3500 5463 3593 5503 su-

2020 5540 2203 5608 perius
2228 5555 2369 5607 esse,
2400 5542 2520 5610 quis
2552 5556 2656 5595 non
2688 5541 2869 5596 videt?
2897 5540 3177 5608 Quomodo
3204 5541 3368 5611 igitur
3390 5555 3589 5595 secun-

2021 5632 2148 5686 dum
2191 5631 2566 5704 Scripturas"
2601 5633 2746 5688 inter
2789 5644 3030 5688 mortuos
3068 5631 3298 5689 liberum
3342 5631 3591 5689 exstitit?

2023 5808 2068 5839 ⁵³
2087 5806 2218 5865 Luc.
2246 5808 2354 5877 1,2.
2434 5809 2653 5881 "Rom.
2678 5825 2789 5879 xiv,
2814 5810 2868 5878 7,
2898 5810 2953 5869 8.
3022 5812 3068 5845 ⁸⁸
3096 5810 3242 5871 Psal.
3264 5827 3507 5880 Lxxxvtt,
3528 5809 3584 5868 6.
