4044 6332
483 389 620 446 H99

1466 383 1517 437 S.
1558 380 1833 437 CYRILLI
1871 378 2337 437 ALEXANDRINI
2374 379 2692 439 ARCHIEP.

478 504 625 558 Sane
655 500 781 556 licet
802 498 1035 554 Verbum
1064 512 1163 569 per
1185 512 1244 553 se
1272 496 1439 552 emori
1472 510 1811 566 nequaquam
1839 494 2049 560 valeat,

2158 492 2265 561 οὖν,
2314 496 2395 550 ὃτι
2431 495 2930 568 τεθνεώσηςαύτοῦ
2957 498 3061 570 τῆς
3090 497 3312 572 σαρκὸς,
3362 497 3523 562 αὐτὸς
3558 499 3718 553 τοῦτο

476 604 717 647 attamen
756 603 923 644 carne
963 588 1107 643 illius
1149 585 1590 651 intermoriente,
1627 586 1801 655 ipsum
1836 600 2050 657 quoque

481 693 706 737 mortem
738 695 1056 751 perpessum
1092 688 1242 735 recte
1274 680 1612 750 perhibetur.
1644 678 1812 749 Igitur
1840 679 1929 748 qui
1963 692 2051 733 se-

479 775 713 829 cundum
743 772 926 827 carnis
956 770 1126 841 legem
1145 811 1162 837 ,
1190 772 1594 840 humanamque
1624 780 1873 824 naturam
1906 784 2049 825 mor-

478 874 604 923 tuus
629 874 734 931 est,
762 877 818 922 et
844 864 1172 929 resurrexit;
1203 862 1345 918 idem
1378 863 1465 919 ille
1496 878 1599 917 non
1630 863 1833 931 absque
1863 877 2047 929 carne,

479 961 590 1015 imo
622 973 753 1014 vero
790 972 913 1013 cum
952 970 1150 1019 carne,
1186 964 1243 1010 et
1277 956 1331 1009 in
1371 969 1534 1009 carne
1571 953 1785 1024 imperii
1821 954 2048 1023 gloriam

479 1051 741 1115 obtinuit;
774 1049 1103 1119 planumque
1133 1046 1282 1109 fecit,
1311 1044 1414 1116 41
1448 1053 1675 1099 mortem
1706 1044 1921 1113 quidem
1956 1058 2052 1097 na-

478 1152 615 1197 turae
647 1143 892 1195 humanae
922 1138 1258 1193 adiectionem
1284 1150 1435 1199 esse;
1465 1150 1496 1189 a
1516 1136 1751 1189 mortuis
1781 1144 1963 1190 autem
1992 1149 2052 1190 se

481 1234 658 1288 denuo
696 1231 957 1295 excitare,
996 1229 1193 1283 divina:
1230 1228 1447 1282 virtutis
1490 1242 1647 1296 opus.
1684 1226 1805 1293 Quo
1848 1226 2048 1282 factum

481 1332 588 1387 est,
622 1333 681 1378 ut
714 1337 810 1391 per
842 1331 1131 1391 utrumque
1162 1329 1540 1390 cognoscatur,
1576 1326 1632 1374 et
1668 1319 1821 1373 nobis
1852 1319 2051 1375 similis

481 1428 539 1470 ut
562 1416 739 1477 homo,
766 1425 822 1469 et
850 1412 1004 1467 nobis
1031 1426 1245 1466 rursum
1278 1412 1526 1481 superior
1549 1420 1605 1464 ut
1635 1410 1795 1476 Deus,
1822 1411 2045 1464 univer-

481 1519 775 1575 serumque
800 1504 1079 1569 Dominus,
1103 1503 1193 1572 qui
1220 1502 1383 1556 etiam
1411 1512 1537 1554 ante
1563 1511 1896 1571 assumptam
1927 1515 2052 1555 car-

482 1614 603 1653 nem
640 1612 744 1651 una
778 1611 899 1650 cum
939 1595 1098 1649 Patre
1132 1609 1231 1648 suo
1268 1593 1546 1663 regnabat.
1583 1595 1761 1663 Atque
1795 1592 1953 1647 talem
1989 1592 2055 1647 il-

484 1690 591 1744 lum
647 1703 767 1743 esse
823 1687 1156 1755 intelligebat
1209 1682 1546 1748 Natbauael,
1601 1698 1725 1739 cum
1777 1684 1981 1739 diceret
2037 1702 2050 1737 :

2146 588 2366 657 λέγεται
2395 587 2608 643 παθεῖν.
2641 587 2853 643 Οὐκοῦν
2873 589 2937 643 οὐ
2960 590 3083 660 δίχα
3112 589 3335 663 σαρκὸς,
3370 591 3467 644 σὺν
3488 589 3627 660 αὐτῇ
3656 590 3717 645 δὲ

2153 678 2353 748 μᾶλλον
2401 676 2497 731 καὶ
2539 678 2597 731 έν
2641 678 2778 749 αὐτῇ
2810 678 2909 751 τὴν
2938 680 3039 750 τῆς
3067 680 3385 750 κυριότητος
3430 679 3719 744 ἀνεδέξατο

2148 766 2326 833 δόξαν,
2350 767 2379 819 6
2406 767 2556 839 νόμῳ
2585 768 2785 839 σαρκὸς
2810 768 2906 823 καὶ
2928 768 3088 839 φύσει
3110 772 3178 841 τῇ
3210 769 3327 823 καθ’
3356 771 3503 839 ἡμᾶς
3528 769 3720 841 τεθνη-

2149 860 2282 925 κὼς,
2319 860 2416 915 καὶ
2442 861 2817 932 ἐγηγερμένος
2835 879 2848 893 ·
2875 861 3216 933 ἀνθρώπινον
3252 863 3350 933 μὲν
3378 861 3437 915 τὸ
3469 861 3720 917 τεθνάναι

2151 953 2343 1017 πάθος,
2368 954 2648 1025 ἐνέργημα
2676 954 2733 1007 δὲ
2762 953 2941 1007 θεῖκὸν
2965 953 3026 1008 τὸ
3051 954 3342 1008 ἀναϐιῶναι
3367 954 3599 1019 δεικνὺς,
3631 955 3721 1007 ἶνα

2150 1042 2216 1096 δι’
2247 1044 2449 1113 ἀμφοῖν
2477 1043 2813 1115 γνωρίζηται
2847 1042 2968 1096 καθ’
3012 1045 3160 1115 ἡμᾶς
3199 1061 3257 1097 τε
3286 1044 3424 1115 ἀμα,
3459 1045 3552 1099 καὶ
3581 1045 3722 1117 ὑπὲρ

2149 1135 2295 1204 ἡμᾶς
2321 1134 2396 1197 ὡς
2418 1133 2569 1197 Θεὸς,
2600 1134 2694 1188 καὶ
2725 1135 2834 1187 τῶν
2856 1134 2991 1189 ὅλων
3020 1133 3258 1204 γεγονὼς
3287 1135 3466 1206 ὁρῷτο
3493 1135 3718 1207 Κύριος,

2150 1230 2178 1281 6
2209 1229 2302 1282 καὶ
2344 1227 2451 1298 πρὸ
2505 1228 2706 1299 σαρκὸς
2745 1226 3045 1298 βασιλεύων
3091 1227 3230 1297 μετά
3284 1226 3381 1280 τοῦ
3432 1227 3561 1281 ἰδίου
3607 1228 3723 1283 Πα-

2151 1318 2298 1388 τρός.
2327 1318 2512 1380 Οῦτως
2530 1318 2690 1371 αὑτὸν
2716 1320 2746 1371 6
2761 1318 3051 1389 Ναθαναὴλ
3068 1318 3463 1387 ἐπιγινώσκων,
3483 1319 3687 1387 ἔφασκε
3702 1336 3719 1349 ·

2157 1429 2176 1461 ι
2230 1408 2438 1471 Ῥαϐϐὶ,
2471 1410 2536 1462 σὺ
2562 1404 2613 1461 εἴ
2643 1411 2672 1463 6
2704 1409 2831 1473 Υίὸς
2874 1409 2966 1463 τοῦ
3014 1408 3174 1474 Θεοῦ,
3221 1409 3286 1463 σὺ
3319 1404 3369 1462 εἴ
3398 1409 3426 1461 6
3472 1409 3722 1478 βασιλεὺς

2154 1498 2247 1551 τοῦ
2313 1499 2554 1570 Ἰσραήλ.
2601 1518 2621 1552 ι
2680 1499 2852 1563 Αὐτὸς
2896 1499 2954 1553 δὲ
2999 1501 3113 1563 τοῖς
3162 1498 3356 1552 ἑαυτοῦ
3417 1500 3717 1570 μαθηταῖς·

2161 1612 2179 1645 ι
2214 1593 2403 1663 Ὑμεῖς
2437 1593 2652 1646 καλεῖτέ
2677 1610 2766 1663 με,
2794 1592 2982 1663 φησὶν,
3011 1593 3039 1644 6
3058 1592 3260 1662 Κύριος
3290 1591 3425 1645 καὶὸ
3454 1591 3720 1646 Διδάσκα-

2154 1682 2264 1747 λος,
2299 1684 2394 1736 καὶ
2421 1683 2600 1746 καλῶς
2631 1684 2815 1752 λέγετε
2836 1701 2851 1715 ·
2898 1687 3015 1755 είμὶ
3037 1687 3164 1759 γάρ.
3220 1706 3239 1739 ι
3278 1689 3463 1759 Ἔργῳ
3488 1687 3546 1741 δὲ
3588 1687 3721 1741 αὐτὸ

488 1800 506 1831 ι
540 1781 737 1845 Rabbi,
765 1788 819 1833 tu
849 1793 909 1833 es
938 1777 1106 1832 Filius
1138 1777 1254 1841 Dei,
1286 1785 1341 1829 tu
1373 1789 1431 1829 es
1464 1791 1556 1829 rex
1586 1774 1751 1831 Israel
1776 1775 1841 1829 ".
1877 1793 1897 1828 ι
1936 1776 2054 1845 Ipse

2158 1775 2535 1845 πιστούμενος,
2563 1776 2745 1847 ἀνίησι
2784 1778 2885 1849 μὲν
2928 1780 3223 1851 ἁμαρτίας,
3257 1780 3504 1846 ἐξουσίαν
3532 1780 3589 1833 δὲ
3629 1779 3720 1833 δέ·

482 1883 666 1928 autem
698 1874 763 1925 ad
794 1886 923 1926 suos
953 1868 1244 1937 discipulos
1272 1868 1344 1921 ita
1372 1867 1584 1921 dicebat
1609 1884 1624 1922 ε
1662 1885 1680 1918 ι
1715 1867 1821 1924 Vos
1848 1868 2051 1923 vocatis

2158 1866 2298 1919 δωκε
2331 1865 2473 1919 κατά
2519 1868 2845 1936 πνευμάτων
2886 1849 3236 1941 ἀκαθάρτων,
3264 1870 3404 1924 ὥστε
3444 1869 3722 1924 ὲκὸάλλειν

486 1979 590 2028 me,
623 1962 877 2031 Magister
903 1968 958 2015 et
988 1959 1233 2023 Domine,
1266 1965 1320 2013 et
1352 1954 1488 2011 liene
1522 1957 1702 2011 dicitis
1736 1972 1752 2011 :
1798 1972 1916 2012 sum
1966 1967 2050 2012 et-

484 2054 716 2111 enim".
761 2072 779 2105 ι
819 2051 886 2105 Et
926 2064 1092 2121 opere
1121 2050 1239 2118 ipso
1268 2049 1450 2103 verbis
1493 2048 1606 2103 suis
1652 2047 1808 2102 tidem
1845 2046 2054 2106 faciens

483 2156 703 2217 peccata
755 2142 995 2207 remisit,
1035 2147 1468 2209 poteStatemque
1510 2147 1700 2193 contra
1752 2140 2054 2194 immundos

483 2238 705 2305 spiritus
740 2233 999 2303 apostolis
1034 2232 1371 2302 impertivit;
1411 2244 1518 2299 quo
1554 2231 1806 2284 nimirum
1844 2240 1899 2284 et
1934 2230 2055 2286 illos

482 2328 727 2398 ejiciant,
768 2336 821 2381 et
860 2338 1076 2380 omnem
1119 2332 1377 2391 praterea
1420 2306 1793 2392 aegriiudinem
1836 2334 1891 2377 et
1935 2325 2052 2377 Ian-

484 2433 704 2490 guorem
754 2417 806 2470 in
861 2414 1055 2486 populo
1098 2421 1309 2469 curent.
1354 2411 1413 2466 In
1464 2413 1680 2467 nomine
1726 2416 1871 2467 enim
1920 2412 2049 2468 Jesu

485 2510 683 2564 Christi
729 2506 1017 2571 Nazareni,
1059 2504 1282 2557 claudus
1322 2502 1415 2570 qui
1457 2502 1525 2556 ad
1571 2502 1885 2571 Speciosam
1928 2517 2055 2571 por-

2157 1956 2316 2020 αὺτά,
2346 1957 2441 2011 xal.
2476 1958 2797 2029 θεραπεύειν
2827 1961 3007 2013 πᾶσαν
3036 1960 3190 2015 νόσον
3220 1961 3317 2014 καὶ
3340 1963 3520 2014 πᾶσαν
3558 1960 3724 2030 μαλα-

2158 2049 2282 2101 κίαν
2302 2049 2360 2100 ὲν
2378 2046 2456 2118 τῷ
2483 2046 2615 2117 λαῷ.
2659 2048 2746 2101 Ἐν
2768 2048 2993 2120 ὀνόματι
3023 2050 3133 2121 γὰρ
3169 2048 3344 2121 Ἰησοῦ
3368 2051 3603 2121 Χριστοῦ
3625 2052 3720 2103 τοῦ

2158 2138 2481 2209 Ναζωραίου
2510 2138 2905 2210 τεθεράπευται
2945 2142 3042 2212 μὲν
3083 2144 3111 2195 6
3138 2141 3216 2195 τὼ
3258 2143 3385 2195 πόδε
3417 2142 3724 2213 λελωϐημέ·

2160 2246 2269 2293 νος,
2330 2230 2425 2283 xal.
2456 2234 2522 2299 τῇ
2565 2231 2753 2304 Ὡραίᾳ
2798 2231 3136 2302 προσιζάνων
3177 2233 3343 2304 πύλῃ.
3393 2233 3725 2305 Ἂρρωστίαν

2158 2321 2214 2374 δὲ
2244 2320 2339 2391 τὴν
2372 2320 2514 2374 οὕτω
2546 2322 2761 2392 μακρὰν
2787 2322 3131 2391 ἀπεσείσατο,
3160 2325 3253 2379 καὶ
3284 2324 3477 2395 κομιδῇ
3510 2323 3726 2377 δυσδιά-

2159 2428 2361 2481 φυκτον
2411 2411 2593 2484 διέδρα
2644 2413 2796 2466 νόσον
2838 2413 3051 2477 Αἰνέας,
3085 2415 3221 2485 πρὸς
3269 2415 3331 2468 6v
3371 2416 3400 2467 6
3442 2414 3727 2476 θεσπέσιος

2157 2502 2264 2573 ἔφη
2291 2502 2525 2573 Πέτρος·
2562 2522 2580 2555 ι
2626 2504 2810 2570 Αἰνέα,
2840 2506 2982 2559 ίάταί
3027 2522 3085 2559 σε
3131 2506 3337 2578 Ἰησοῦς
3368 2509 3398 2562 6
3422 2507 3672 2580 Χριστός.
3697 2525 3718 2557 ι

488 2614 599 2657 tam
648 2601 898 2663 sedebat,
947 2606 1170 2652 sanatus
1213 2604 1299 2649 est
1319 2594 1385 2647 ⁸⁸.
1433 2594 1556 2648 Pari
1607 2595 1769 2649 modo
1813 2593 2051 2661 IEueas,
2087 2608 2209 2649 cum
2271 2596 2575 2651 diutissime
2644 2599 3037 2667 aegrotavisset,
3072 2600 3368 2664 convaluit,
3400 2609 3454 2654 et
3483 2601 3726 2654 morbum

488 2705 625 2762 pene
660 2685 1110 2743 immedicabilem
1146 2684 1352 2748 evasit;
1389 2698 1513 2738 cum
1559 2697 1787 2753 magnus
1825 2682 1915 2736 ille
1950 2681 2142 2740 Petrus
2216 2685 2317 2739 hac
2384 2700 2507 2739 eum
2538 2687 2785 2741 oratione
2818 2688 3209 2759 compellaret:
3241 2707 3259 2741 ι
3325 2688 3521 2757 Ειιοα,
3567 2702 3731 2747 saaat

490 2798 541 2841 te
574 2780 830 2837 Dominus
857 2776 1014 2831 Iesus
1040 2774 1290 2829 Christus
1313 2773 1380 2825 η.
3152 2802 3155 2803 ν

556 2872 741 2930 XLIV.
799 2869 1170 2937 Undecunque
1226 2867 1388 2935 igitur
1437 2866 1503 2920 ad
1556 2866 1839 2921 veritatem
1896 2881 2050 2921 com-

2229 2866 2358 2922 MA'.
2387 2868 2730 2939 Πανταχόθεν
2754 2864 2846 2923 οὖν
2876 2868 2984 2939 ἀρα
3010 2868 3409 2939 συνωθούμενοι
3439 2868 3571 2940 πρὸς
3592 2868 3731 2940 ἀλή-
3764 2898 3773 2905 -

487 2966 659 3037 pulsi,
691 2971 744 3018 et
768 2975 894 3031 quae
924 2960 1097 3015 sacris
1122 2957 1346 3013 Litteris
1376 2959 1591 3013 decreta
1626 2967 1781 3024 sunt,
1814 2959 2055 3014 studiose

2163 2961 2337 3026 θειαν,
2387 2963 2481 3017 καὶ
2509 2962 2572 3015 τὸ
2614 2965 2725 3026 τοῖς
2758 2963 2923 3033 ἱεροῖς
2968 2962 3262 3034 Γράμμασι
3293 2961 3481 3015 δοκοῦν
3512 2962 3733 3031 ἰχνηλά-

488 3054 731 3109 venerari
768 3052 1075 3114 studentes,
1112 3057 1166 3103 et
1200 3046 1420 3102 Patrum
1456 3048 1752 3103 sententias
1783 3048 2054 3114 aemulati,

2160 3054 2271 3104 τεῖν
2295 3048 2354 3105 εὖ
2400 3049 2546 3122 μαλα
2590 3052 3000 3117 σπουδάζοντες,
3027 3054 3123 3107 καὶ
3162 3055 3283 3117 ταῖς
3322 3053 3431 3106 τῶν
3478 3054 3731 3123 πατέρων

490 3162 611 3202 eum
646 3133 737 3213 qui
770 3158 836 3197 ex
870 3141 1053 3196 radice
1080 3138 1255 3204 Iesse,
1286 3138 1379 3209 qui
1411 3154 1475 3193 ex
1506 3139 1713 3194 semine
1745 3141 1931 3205 David,
1964 3143 2055 3207 qui

2159 3144 2413 3213 ἑπόμενοι
2454 3143 2653 3209 δόξαις,
2697 3143 2787 3197 τὸν
2817 3146 2879 3197 ὲκ
2918 3144 3073 3216 ῥίζης
3114 3145 3329 3205 Ἰεσσαὶ,
3354 3144 3443 3197 τὸν
3466 3145 3531 3197 ὲκ
3562 3145 3736 3213 σπέρ-

491 3254 556 3293 ex
600 3237 825 3291 muliere
865 3233 1162 3290 secundum
1206 3248 1451 3299 carnem,
1489 3233 1582 3301 qui
1627 3232 1908 3288 nobiscum
1956 3233 2056 3297 legi

2159 3253 2329 3305 ματος
2353 3234 2537 3301 Δαυῒδ,
2561 3235 2651 3287 τὸν
2677 3236 2743 3288 ὲκ
2769 3236 3028 3303 γυναικὸς
3062 3234 3204 3288 κατά
3244 3235 3442 3305 σάρκα,
3471 3234 3560 3288 τὸν
3605 3233 3731 3303 μεθ’

491 3329 784 3394 obnoxius,
816 3336 875 3380 ut
904 3327 1094 3389 homo,
1127 3339 1290 3395 supra
1322 3338 1423 3379 nos
1454 3333 1666 3389 autem,
1700 3334 1755 3379 et
1785 3340 1953 3393 supra
1983 3325 2056 3380 le-

2158 3327 2316 3397 ἡμῶν
2370 3327 2474 3379 ὑπὸ
2522 3327 2689 3397 νόμον
2739 3326 2813 3390 ὡς
2864 3326 3171 3396 ἄνθρωπον,
3221 3326 3317 3379 καὶ
3368 3326 3507 3396 ὑπὲρ
3554 3326 3724 3395 ἡμᾶς.

492 3437 638 3491 gem,
667 3429 726 3472 ut
756 3418 895 3472 Deus
928 3436 942 3471 :
974 3416 1066 3485 qui
1100 3424 1321 3485 propter
1351 3430 1470 3477 nos,
1506 3424 1817 3484 nostraeque
1847 3426 2056 3470 natura;

2161 3417 2300 3487 ὑπὲρ
2351 3417 2513 3487 νόμον
2557 3416 2630 3480 (in,
2680 3416 2837 3481 Θεὸν,
2887 3416 2978 3469 τὸν
3022 3417 3089 3469 δι’
3135 3417 3282 3487 ἡμᾶς
3330 3433 3410 3479 τε,
3461 3416 3565 3469 καὶ
3606 3416 3733 3469 καθ’

493 3510 925 3567 similitudinem,
950 3507 1231 3561 nobiscum
1258 3506 1401 3561 inter
1424 3515 1667 3560 mortuos
1690 3506 1909 3562 habitus
1934 3518 2016 3562 est
2040 3525 2055 3562 :

492 3604 583 3673 qui
618 3615 780 3670 supra
816 3614 914 3653 nos
946 3598 1177 3666 denique
1209 3611 1304 3664 per
1332 3596 1566 3665 seipsum
1603 3605 1658 3651 et
1685 3597 1982 3652 viviﬁcator
2005 3607 2062 3652 et

496 3692 605 3746 vita
642 3700 745 3753 est,
780 3704 964 3744 verum
1004 3687 1098 3742 Dei
1137 3686 1331 3741 Filium
1371 3702 1497 3743 esse
1537 3688 1845 3755 credimus;
1888 3704 2061 3759 neque

495 3783 885 3838 humanitatem
930 3779 1214 3833 divinitate
1256 3778 1568 3847 spoliantes,
1612 3794 1788 3848 neque
1822 3780 2055 3835 Verbum

498 3890 708 3928 rursum
741 3880 862 3941 post
893 3869 1322 3939 inexplicabilem
1354 3871 1497 3924 illam
1526 3880 1582 3924 et
1612 3886 1866 3926 arcanam
1902 3873 2055 3927 unio-

496 3979 617 4018 nem
662 3963 997 4017 humauitate
1034 3970 1328 4026 exuentes;
1367 3962 1460 4015 sed
1501 3977 1664 4015 unum
1706 3963 2061 4033 eumdemque

496 4052 689 4106 Filium
714 4066 780 4106 ex
808 4051 1018 4106 duabus
1044 4049 1206 4104 rebus
1234 4049 1285 4102 iu
1316 4064 1478 4102 unum
1505 4050 1796 4118 quoddam,
1822 4054 1963 4119 quod
1991 4068 2059 4106 ex

497 4151 728 4209 utroque
758 4156 865 4194 non
891 4140 1187 4194 secundum
1218 4149 1422 4192 natura:
1448 4139 1809 4205 eversionem,
1839 4142 1931 4196 sed
1960 4158 2059 4196 ex-

497 4228 886 4283 cellentlssima
922 4226 1013 4283 illa
1054 4226 1254 4282 unione
1289 4227 1678 4283 admirabiliter
1710 4230 2058 4286 constitutum

495 4329 598 4384 est,
627 4319 968 4376 conﬁtentes.

2161 3509 2327 3578 ἡμᾶς,
2385 3507 2503 3577 μεθ’
2557 3509 2714 3577 ἡμῶν
2761 3509 2819 3559 έν
2870 3509 3107 3578 νεκροῖς,
3154 3507 3245 3559 τὸν
3280 3506 3420 3577 ὑπὲρ
3467 3508 3614 3577 ἡμᾶς
3656 3506 3729 3559 δι’

2161 3600 2357 3653 ἑαυτὸν
2379 3597 2662 3665 ζωοποιὸν,
2692 3600 2785 3652 καὶ
2810 3598 2976 3669 ζωὴν,
3000 3598 3126 3653 Υἱὸν
3150 3595 3287 3653 εἶναι
3314 3598 3408 3652 τοῦ
3434 3598 3567 3651 Θεοῦ
3590 3600 3733 3654 κατά

2160 3690 2418 3760 ἀλήθειαν
2466 3689 2831 3759 πιστεύομεν*
2886 3688 3007 3742 οὔτε
3048 3687 3330 3757 ψιλοῦντες
3381 3687 3629 3758 θεότητος
3668 3688 3734 3741 τὸ

2161 3780 2519 3851 ἀνθρώπινον,
2546 3779 2669 3832 οὔτε
2693 3779 2799 3851 μὴν
2827 3778 3242 3849 ἀνθρωπότητος
3263 3778 3733 3848 ἀπαμφιεννῦντες

2160 3872 2250 3923 τὸν
2277 3872 2448 3939 Λόγον
2497 3870 2636 3940 μετὰ
2682 3871 2780 3939 τὴν
2825 3870 3103 3941 ἀφραστόν
3134 3886 3195 3921 τε
3236 3870 3339 3923 οιαὶ
3375 3869 3731 3939 ἀπερινόητον

2160 3964 2350 4016 ἕνωσιν
2371 3980 2385 3995 ο
2425 3963 2536 4015 ἀλλ’
2569 3963 2665 4016 ἕνα
2702 3964 2795 4016 καὶ
2838 3963 2927 4015 τὸν
2956 3962 3119 4016 αὐτὸν
3144 3961 3531 4032 ὁμολογοῦντες
3576 3960 3726 4024 Υἱὸν,

2159 4056 2224 4107 ὲκ
2248 4056 2391 4107 δυοῖν
2430 4056 2779 4124 πραγμάτοιν
2810 4056 2890 4116 εἰς
2919 4054 2978 4105 ἓν
3022 4070 3075 4106 τι
3103 4052 3195 4106 τὸν
3225 4052 3285 4117 ἐξ
3325 4054 3526 4122 ἀμφοῖν
3554 4053 3727 4124 ἀπορ-

2162 4146 2338 4213 ρήτως
2383 4144 2750 4215 ὲκπεφηνότα,
2798 4143 2918 4197 καθ’
2948 4143 3143 4197 ἕνωσιν
3182 4143 3423 4215 δηλονότι
3455 4143 3553 4215 τὴν
3583 4144 3729 4197 ἀνω-

2159 4234 2326 4297 τάτω,
2357 4235 2452 4288 καὶ
2485 4236 2544 4287 οὐ
2576 4234 2788 4303 φύσεως
2819 4235 3200 4306 παρατροπήν.

566 4409 730 4465 XLV.
767 4408 938 4465 Porro
969 4418 1150 4466 autem
1183 4419 1446 4480 quantum
1480 4410 1830 4467 emolumenti
1863 4413 1897 4467 ii
1932 4429 2056 4484 per-

2236 4418 2370 4471 ME'.
2410 4418 2572 4471 Ὅσον
2606 4417 2715 4488 γὰρ
2756 4418 2869 4480 τοῖς
2928 4414 3071 4470 οὕτω
3120 4414 3399 4480 δοξάζουσι
3449 4428 3729 4484 περιεσται

494 4503 705 4571 cepturi
729 4510 877 4568 sunt,
900 4501 991 4571 qui
1014 4501 1086 4555 ita
1108 4501 1371 4565 sentiunt,
1395 4501 1497 4556 hoc
1519 4502 1731 4557 divinus
1755 4502 1840 4558 ille
1864 4503 2065 4559 Christi

496 4593 791 4661 discipulus
824 4593 909 4648 his
936 4593 1118 4648 verbis
1149 4592 1390 4648 declarat
1421 4607 1436 4644 :
1474 4610 1494 4645 ι
1531 4592 1665 4661 Qui,
1700 4595 1900 4665 inquit,
1932 4612 2067 4652 con-

495 4687 673 4741 fessus
697 4684 879 4748 fuerit,
903 4687 1043 4754 quod
1065 4681 1221 4739 Iesus
1243 4692 1329 4739 est
1350 4682 1523 4739 Filius
1545 4683 1669 4752 Dei;
1696 4686 1749 4740 in
1775 4686 1873 4742 hoc
1900 4688 2064 4757 Deus,

493 4786 549 4831 et
582 4778 697 4847 ipse
723 4776 962 4831 vicissim
992 4776 1046 4829 in
1079 4775 1187 4831 Deo
1220 4783 1400 4830 manet
1424 4775 1490 4828 ⁸ο.
1528 4792 1548 4828 ι
1584 4774 1736 4843 Quod
1767 4786 1944 4832 autem
1970 4777 2065 4834 Je-

497 4884 591 4923 sus
617 4867 890 4930 Christus,
921 4868 1011 4936 qui
1045 4866 1340 4922 secundum
1369 4881 1589 4922 carnem
1619 4882 1684 4923 ex
1714 4867 1881 4924 David
1911 4880 2066 4927 ortus

497 4967 602 5021 est,
629 4958 697 5013 sit
724 4972 882 5012 verus
907 4966 961 5011 et
989 4956 1251 5010 naturalis
1279 4954 1375 5011 Dei
1404 4954 1603 5022 Filius,
1632 4967 1901 5027 quatenus
1925 4957 2063 5014 Ver-

497 5051 624 5105 bum
651 5064 777 5103 caro
801 5047 1000 5103 factum
1032 5047 1297 5102 habitavit
1323 5049 1375 5102 in
1404 5048 1558 5104 nobis
1582 5067 1595 5103 :
1621 5050 1763 5104 istud
1786 5049 1893 5120 42
1925 5051 2062 5104 idem

498 5141 589 5196 ille
614 5138 848 5194 Joannes
877 5138 1137 5209 ejusmodi
1168 5139 1416 5194 oratione
1440 5141 1694 5209 explanat
1725 5159 1737 5194 :
1773 5158 1793 5192 ι
1826 5143 2063 5208 Scimus,

498 5233 609 5297 ait,
644 5231 896 5301 quoniam
934 5230 1102 5286 Filius
1136 5228 1231 5284 Dei
1269 5231 1449 5295 venit,
1482 5239 1536 5285 et
1570 5231 1713 5286 dedit
1748 5232 1903 5287 nobis
1936 5248 2064 5287 sen-

496 5338 640 5387 sum,
665 5330 722 5376 ut
747 5337 1132 5393 cognoscamus
1156 5337 1341 5378 verum
1370 5321 1561 5388 Deum,
1584 5331 1640 5377 et
1667 5323 1836 5379 simus
1862 5324 1917 5378 in
1938 5338 2065 5380 vero

496 5413 636 5469 Filio
663 5413 780 5483 ejus
808 5412 933 5469 Jesu
964 5412 1183 5469 Christo
1214 5431 1228 5469 :
1261 5413 1350 5467 hic
1377 5421 1462 5468 est
1487 5428 1649 5469 verus
1679 5413 1840 5482 Deus,
1872 5425 1926 5469 et
1953 5419 2064 5470 vita

497 5504 788 5558 acterna“:
820 5522 840 5557 ι
867 5518 963 5573 per
984 5504 1156 5575 ipsum
1181 5511 1237 5557 et
1259 5516 1379 5558 cum
1409 5503 1526 5574 ipso
1551 5504 1659 5559 Deo
1683 5502 1829 5559 Patri
1857 5505 1926 5561 sit
1951 5508 2065 5575 glo-

498 5596 599 5662 ria,
620 5610 741 5651 cum
764 5605 949 5652 sancto
970 5605 1026 5651 et
1050 5595 1321 5651 adorando
1343 5604 1396 5651 et
1420 5596 1634 5652 viviﬁco
1662 5594 1890 5667 Spiritu,
1917 5614 2063 5655 nunc

493 5696 550 5740 et
582 5702 793 5759 semper
819 5696 873 5743 et
908 5688 959 5743 in
996 5685 1189 5744 sacula
1224 5688 1565 5744 saeculorum.
1597 5691 1789 5744 Amen.

560 5802 604 5833 ⁵⁸
641 5800 797 5857 .loan.
826 5816 863 5869 ι,
896 5800 984 5855 49.
1048 5801 1091 5834 ⁸⁷
1118 5798 1271 5859 Joan.
1315 5815 1433 5867 xm,
1456 5802 1542 5857 15.
1620 5801 1666 5835 ⁸⁸
1690 5802 1814 5861 Act.
1845 5818 1931 5871 ιιι,
1960 5804 2013 5860 9.

2165 5807 2285 5861 Act.
2335 5821 2411 5875 Ix,
2442 5806 2531 5864 30.
2608 5808 2653 5840 “
2682 5808 2876 5869 Noun.
2912 5826 2987 5875 tv,
3023 5810 3110 5864 l5.

2164 4508 2225 4561 τὸ
2254 4509 2461 4579 κέρδος,
2487 4511 2737 4578 σαφηνιεϊ
2758 4508 2985 4578 γράφων
3012 4509 3040 4560 6
3066 4507 3159 4560 τοῦ
3181 4506 3416 4577 Χριστοῦ
3447 4506 3688 4577 μαθητής
3706 4518 3725 4534 ‘

2172 4618 2189 4650 ι
2235 4602 2329 4662 Ὃς
2369 4600 2435 4653 ἂν
2481 4600 2809 4672 ὁμολογήσῃ,
2859 4601 2944 4653 ὅτι
2975 4600 3182 4669 Ἰησοῦς
3223 4602 3370 4653 ἐστιν
3410 4602 3440 4653 6
3482 4601 3604 4663 Υίὸς
3631 4598 3727 4652 τοῦ

2165 4691 2320 4756 Θεοῦ,
2352 4695 2380 4747 6
2408 4693 2538 4756 Θεὸς
2562 4694 2618 4744 έν
2639 4692 2789 4763 αὐτῷ
2819 4692 2991 4763 μένει,
3029 4693 3124 4745 καὶ
3150 4684 3305 4755 οὗτος
3333 4692 3392 4745 έν
3417 4690 3493 4761 τῷ
3530 4689 3667 4761 Θεῷ.
3702 4708 3723 4740 ι

2167 4785 2288 4837 Ὅτι
2336 4785 2392 4837 δὲ
2448 4783 2655 4855 Ἰησοῦς
2697 4783 2931 4857 Χριστὸς
2975 4786 3004 4837 6
3041 4785 3106 4839 ὲκ
3150 4783 3316 4839 Δαυῖδ
3344 4783 3483 4837 κατά
3528 4783 3728 4852 σάρκα,

2165 4875 2304 4927 κατὰ
2332 4873 2491 4942 φύσιν
2530 4874 2621 4928 καὶ
2666 4875 2881 4946 ἀληθῶς
2927 4877 3074 4929 ἐστιν
3115 4876 3240 4940 Υίὸς
3267 4875 3362 4929 τοῦ
3390 4872 3549 4939 Θεοῦ,
3590 4873 3732 4928 καθὸ

2164 4965 2354 5033 γέγονε
2384 4965 2521 5034 σὰρξ
2547 4968 2574 5018 6
2610 4967 2802 5034 Λόγος,
2838 4967 2932 5020 καὶ
2963 4969 3268 5039 ἐσκήνωσεν
3295 4970 3353 5021 ὲν
3373 4967 3527 5037 ἡμῖν,
3560 4982 3733 5020 κατα-

2166 5058 2423 5125 σφραγιεῖ
2463 5056 2636 5124 λέγων
2680 5057 2708 5107 6
2755 5058 2915 5126 σοφὸς
2972 5058 3221 5129 Ἰωάννης
3246 5075 3259 5088 ’
3297 5076 3315 5109 ι
3358 5058 3467 5111 Καὶ
3510 5056 3734 5126 οἴδαμεν

2164 5146 2244 5199 ὅτι
2276 5147 2400 5210 Υίὸς
2435 5147 2529 5200 τοῦ
2560 5147 2694 5201 Θεοῦ
2740 5150 2885 5219 ἣκει,
2938 5150 3031 5203 καὶ
3080 5149 3277 5203 ἔδωκεν
3314 5150 3446 5219 ἡμῖν
3474 5148 3730 5209 διάνοιαν,

2166 5238 2253 5290 ἴνα
2282 5238 2633 5310 γινώσκωμεν
2659 5241 2749 5295 τὸν
2780 5241 3030 5311 ἀληθινὸν
3057 5241 3207 5296 Θεόν.
3240 5242 3349 5296 Kal.
3376 5241 3540 5311 ἐσμὲν
3568 5242 3625 5294 έν
3654 5239 3733 5311 τῷ

2163 5327 2421 5397 ἀληθινῷ,
2471 5330 2529 5383 ὲν
2571 5328 2649 5399 τῷ
2702 5329 2801 5400 υίῷ
2848 5330 3012 5383 αὐτοῦ
3057 5329 3232 5401 Ἰησοῦ
3280 5328 3519 5400 Χριστῷ.
3565 5317 3733 5385 Οὗτός

2164 5421 2310 5471 ἐστιν
2332 5421 2360 5471 6
2377 5419 2624 5490 ἀληθινὸς
2647 5420 2799 5484 Θεὸς,
2822 5421 2915 5475 καὶ⁸
2937 5420 3049 5493 ζωὴ
3087 5422 3303 5485 αίώνιος
3320 5436 3335 5451 ·
3361 5419 3456 5474 καὶ
3476 5416 3545 5472 δι’
3567 5412 3730 5470 αὐτοῦ

2163 5526 2223 5561 τε
2254 5510 2347 5563 καὶ
2378 5510 2473 5563 σὺν
2502 5511 2650 5581 αὑτῷ
2679 5510 2757 5582 τῷ
2789 5512 2964 5585 Πατρὶ
3001 5515 3095 5567 καὶ
3120 5513 3239 5585 Θεῷ
3263 5515 3297 5585 ἠ
3338 5511 3485 5577 δόξα,
3518 5511 3614 5565 σὺν
3654 5508 3735 5577 τῷ

2162 5603 2324 5674 ἁγίῳ,
2356 5604 2450 5656 καὶ
2482 5603 2860 5677 πρωκυνητῷ,
2908 5604 3002 5657 καὶ
3031 5603 3280 5675 ζωοποιῷ
3312 5604 3609 5673 Πνεύματι,
3639 5598 3733 5654 νῦν

2165 5696 2259 5746 καὶ
2282 5695 2387 5760 ἀεὶ,
2420 5696 2512 5748 καὶ
2544 5697 2623 5759 είς
2652 5696 2777 5759 τοὺς
2804 5695 3006 5760 αἰῶνας
3033 5696 3141 5749 τῶν
3169 5695 3401 5750 αἰώνων.
3447 5694 3643 5765 ’Δμήν-

3209 5811 3251 5841 ⁵¹
3286 5806 3487 5865 lJoan.
3522 5822 3609 5876 ιιι,
3640 5806 3730 5863 20.
