4044 6332
349 465 479 522 1201

1450 459 1536 515 DE
1574 459 1800 517 RECTA
1841 459 1997 516 FIDE
2033 462 2126 516 AD
2164 462 2486 520 REGINAS.

3440 453 3582 512 1202

1581 767 2346 889 ΚΥΡΙΛΛΟΥ

1382 987 1943 1045 ΔΡΧΙΕΗῙΣΚΟΠΟΥ
1992 985 2508 1043 ΑΛΕΞΑΝΔΡΕΙΑΣ

1366 1229 1379 1245 -
1482 1174 2418 1262 ΠΡΟΣΦΩΝΗΤΙΚΟΣ

1173 1353 1368 1409 τΑιΣ
1422 1351 2126 1409 ΕΥΣΕΒΕΣΤΔΤΛΙΣ
2177 1353 2735 1413 ΒΔΣΙΛΙΣΣΑῙΣ.

1685 1689 2261 1802 CYRILLI

1440 1904 1958 1963 ARCHIEPISCOPI
1996 1905 2460 1965 ALEXANDRlNl

1769 2081 2113 2171 LIBER

1330 2271 1831 2351 Religiosissimis
1873 2271 2129 2350 Reginis
2172 2279 2589 2353 nuncupatus.

415 2638 494 2664 η.
537 2625 925 2682 ⁴τεμνοιιογημα
970 2607 1069 2680 μὲν
1105 2607 1500 2679 οἰκουμενικδν,
1548 2606 1810 2679 καύχημα
1852 2607 1909 2660 δὲ

2083 2606 2137 2662 1.-
2158 2608 2298 2663 Sane
2322 2622 2415 2662 vos
2438 2621 2625 2664 sacras
2646 2607 3087 2678 castissimasque
3108 2607 3308 2664 Christi
3331 2609 3585 2663 omnium

346 2700 453 2757 τῶν
482 2701 651 2771 ἀγίων
695 2700 1026 2771 Ἐκκλησιῶν
1061 2700 1161 2755 τοῦ
1207 2700 1424 2753 πάντων
1473 2699 1723 2769 Σωτῆρος
1750 2699 1907 2770 ήμῶν

359 2793 533 2864 Ἰησοῦ
556 2791 791 2864 Χριστοῦ
821 2793 953 2864 φαίη
980 2809 1060 2855 τις
1083 2792 1170 2855 ἂν,
1205 2792 1297 2844 καί
1331 2790 1475 2861 μάλα
1497 2789 1739 2854 εἰκότως,
1764 2790 1906 2859 ὑμᾶς

346 2884 409 2955 δὴ
434 2884 530 2947 τὰς
562 2884 711 2955 ἱερὰς
745 2884 839 2937 καὶ
881 2883 1187 2951 πανάγνους
1231 2881 1394 2935 αὐτοῦ
1420 2881 1655 2951 νύμφας,
1689 2881 1908 2932 εὐσεϐέ-

347 2992 539 3031 σταται
578 2978 673 3029 καὶ
702 2975 1112 3044 θεοφιλέσταται
1144 2972 1429 3043 βασιλίδες,
1461 2966 1548 3035 αἷς
1575 2971 1635 3024 τὸ
1664 2971 1907 3042 παμποί-

346 3068 493 3122 κιλον
523 3067 623 3138 τῆς
645 3067 846 3138 ἀρετῆς
871 3065 1309 3137 ὲναπαστράπτει
1339 3064 1552 3129 κάλλος,
1581 3064 1642 3116 τὸ
1668 3064 1780 3127 τοῖς
1808 3062 1907 3131 τῆς

347 3156 596 3229 θεότητος
632 3156 930 3229 ὀφθαλμοῖς
958 3156 1053 3229 ἡδύ
1084 3173 1145 3210 τε
1197 3158 1288 3210 καὶ
1314 3154 1738 3226 γνωριμώτατον
1760 3171 1772 3184 ·
1810 3172 1909 3228 με-

343 3249 475 3319 λέτῃ
500 3249 557 3302 δὲ
582 3250 676 3305 καί
716 3248 918 3320 σπουδῇ
952 3248 1151 3319 μᾶλλον
1178 3247 1235 3301 δὲ
1267 3248 1366 3319 ἤδη
1400 3245 1780 3317 κατώρθωται,
1817 3248 1912 3299 καὶ

343 3340 409 3410 δὴ
456 3339 513 3392 ὲν
566 3339 749 3392 πίστει
786 3338 1075 3410 διαπρέπει
1120 3337 1275 3410 ὀρθῇ,
1328 3338 1448 3393 κατ’
1478 3339 1666 3393 οὐδένα
1712 3339 1909 3411 τρόπον

346 3432 737 3503 σεσαλευμένῃ.
785 3432 1013 3503 Γράφων
1056 3431 1111 3485 δέ
1162 3430 1263 3485 πού
1315 3449 1479 3500 φησιν
1525 3432 1554 3483 ὁ
1605 3432 1911 3501 σοφώτατος

347 3523 553 3589 Παῦλος
581 3522 895 3594 ὀνομασθείς
926 3521 1162 3592 ἀληθῶς,
1191 3524 1284 3575 καὶ
1323 3523 1381 3575 τὸ
1409 3520 1501 3575 τοῦ
1536 3522 1769 3592 Χριστοῦ
1799 3526 1912 3586 τοῖς

346 3614 551 3669 ἔθνεσιν
604 3614 959 3685 ἱερουργήσας
1008 3614 1336 3685 μυστήριον*
1392 3632 1411 3665 ι
1462 3613 1647 3680 Ὥστε,
1696 3612 1909 3681 ἀδελφοί

350 3724 449 3778 μου
478 3707 771 3775 ἀγαπητοὶ,
825 3705 1027 3777 ἑδραῖοι
1068 3705 1302 3774 γίνεσθε,
1362 3706 1770 3777 ἀμετακίνητοι,
1812 3723 1914 3759 πε-

350 3795 686 3866 ρισσεύοντες
715 3797 773 3851 ὲν
798 3795 876 3866 τῷ
898 3795 1043 3866 ἔργῳ
1062 3794 1154 3851 τοῦ
1180 3796 1383 3868 Κυρίου
1404 3797 1653 3851 πάντοτε.
1684 3815 1705 3850 ι
1737 3798 1909 3850 Ὅπου

346 3888 454 3959 γὰρ
482 3889 662 3952 πίστις
684 3886 820 3959 ὀρθὴ
840 3890 932 3941 καὶ
952 3887 1251 3959 ἀμώμητος
1271 3891 1383 3952 τοῖς
1409 3888 1468 3953 ἐξ
1489 3887 1664 3961 ἔργων
1692 3888 1911 3957 ἀγαθῶν

348 3981 694 4050 καυχήμασιν
723 3975 783 4034 εὖ
816 3980 960 4051 μάλα
992 3980 1347 4050 συμφέρεται,
1379 3982 1474 4034 καί
1498 3982 1775 4052 ἰσόδρομον
1798 3980 1910 4051 ἔχει

346 4070 445 4141 τὴν
470 4070 760 4142 συμϐολὴν,
792 4073 907 4127 ἐκεῖ
932 4090 1031 4127 που
1055 4073 1270 4137 πάντως
1294 4074 1377 4144 εἴη
1399 4072 1464 4127 ἂν
1493 4075 1551 4127 ὲν
1576 4073 1738 4126 παντὶ
1762 4072 1912 4142 καλῷ

346 4161 640 4233 τελειότης,
671 4163 767 4216 καὶ
809 4164 869 4217 τὸ
914 4165 1114 4236 ἀρτίως
1141 4164 1264 4236 ἕχον
1289 4166 1367 4229 εἰς
1410 4166 1700 4237 ἁγιασμόν.
1742 4166 1912 4232 Λόγος

352 4252 453 4326 μὲν
497 4249 589 4308 οῦν
627 4254 774 4319 ἄπας
808 4256 839 4308 ὸ
864 4256 922 4309 ιν
947 4258 1096 4327 ημῖν,
1126 4256 1227 4326 τῆς
1256 4255 1479 4326 ἐνούσης
1511 4257 1638 4326 ὑμῖν
1668 4255 1913 4319 εὐκλείας

354 4343 582 4397 κατόπιν
609 4342 846 4415 ἔρχεται,
876 4344 969 4398 καὶ
991 4344 1242 4414 ὁμολογεί
1259 4346 1356 4415 τὴν
1373 4339 1563 4417 ἦτταν,
1589 4343 1914 4417 ἐρυθριάσας

351 4434 534 4488 οὐδέν’
581 4436 666 4505 εἴη
715 4434 761 4488 δ’
808 4435 875 4489 ἂν
917 4436 1010 4489 καὶ
1057 4436 1387 4508 συγγνώμης
1438 4436 1606 4503 ἄξιος,
1650 4436 1699 4489 εί
1746 4435 1914 4489 δέδιεν

352 4528 608 4593 ἐπαινεῖν,
634 4520 709 4581 ὧν
738 4527 837 4579 οὐκ
875 4526 940 4581 ἂν
972 4526 1211 4598 ἐφίκοιτο
1246 4528 1347 4599 τῆς
1374 4528 1547 4594 ἀξίας.
1578 4529 1640 4582 Εἰ
1673 4527 1777 4599 μὲν
1805 4527 1915 4600 γὰρ

352 4618 466 4691 εχει
502 4620 562 4673 τὸ
607 4620 857 4674 δύνασθαι
912 4619 1208 4692 κατορθοῦν
1241 4620 1302 4675 τὸ
1332 4620 1685 4691 ποθούμενον,
1734 4619 1914 4674 διαϐε-

352 4710 607 4781 ϐλήσεται
637 4710 757 4782 μὲν,
787 4712 920 4765 πολὺ
949 4713 1182 4783 νοσήσας
1204 4712 1265 4766 τὸ
1292 4711 1535 4783 ἀδρανές.
1560 4712 1669 4766 Καὶ
1696 4711 1792 4784 τὴν
1834 4713 1916 4776 εἰς

351 4799 511 4854 τοῦτο
536 4801 792 4873 μέλλησιν
821 4801 1204 4856 ἀπαλλαττέτω
1244 4803 1432 4875 μηδεὶς
1476 4801 1583 4855 τῶν
1625 4804 1704 4865 εἰς
1752 4801 1915 4873 ῥᾳθυ-

357 4888 488 4961 μίαν
520 4891 888 4960 αἰτιαμάτων·
930 4892 1022 4957 οὓς
1059 4892 1168 4964 γὰρ
1196 4888 1265 4964 ἦν
1310 4893 1453 4957 εἰκὸς
1495 4892 1914 4948 κατακαλλύνειν

352 4980 609 5036 δύνασθαι
638 4985 759 5047 ταῖς
782 4985 860 5048 εἰς
879 4984 1079 5056 ἀρετὴν
1100 4984 1416 5055 εὐφημίαις,
1436 4984 1551 5038 ἀνθ’
1583 4985 1702 5037 ὅτου
1733 4984 1915 5049 λυπεῖ,

356 5074 563 5144 σιωπᾷν
600 5074 893 5145 ᾑρημένοςς
941 5076 1003 5127 Εἰ
1036 5075 1094 5128 δὲ
1122 5075 1319 5141 ἀτονεῖ,
1349 5076 1441 5129 καί
1476 5075 1633 5140 δέδιε,
1663 5077 1756 5128 καὶ⁹
1790 5078 1917 5146 ὁμο-

353 5160 501 5231 λογεῖ
527 5163 623 5234 τὴν
651 5158 840 5235 ἧτταν,
860 5166 963 5221 οὐκ
988 5166 1135 5239 αὑτῷ
1154 5167 1218 5239 δὴ
1248 5167 1445 5238 μᾶλλον
1466 5167 1564 5231 τὰς
1585 5168 1759 5231 αἰτίας
1789 5171 1916 5221 ἀνα-

354 5250 615 5346 θησομεν,
646 5255 762 5309 ἀλλ’
796 5256 923 5328 ὑμῖν
971 5260 1089 5322 ταῖς
1123 5256 1266 5312 οὕτω
1309 5258 1675 5329 περιφανέσιν,
1713 5260 1769 5313 αἶ
1799 5263 1915 5323 ταῖς
1942 5287 1984 5346 C

352 5344 462 5397 τῶν
522 5345 666 5401 ἰδίων
724 5349 1226 5421 ἀνδραγαθημάτων
1280 5351 1573 5423 ὑπεροχαῖς
1632 5352 1727 5405 καὶ
1786 5354 1912 5417 τοὺς

354 5436 601 5502 ἅπαντας
629 5444 851 5510 κοσμεῖν
887 5441 1143 5508 εἰωθότας
1186 5443 1373 5508 λόγους
1417 5444 1568 5497 οὐδὲν
1596 5444 1756 5508 ὄντας
1804 5446 1909 5498 ἀπ-

353 5531 607 5599 εφήνατε.
640 5528 789 5603 Αἷμα
817 5533 915 5604 μὲν
941 5533 1050 5604 γὰρ
1080 5536 1207 5604 ὑμῖν
1249 5536 1453 5589 ἄνωθεν
1482 5536 1576 5589 καὶ
1604 5538 1668 5589 ὲκ
1693 5535 1917 5607 μακρῶν

352 5618 477 5687 ἥκει
525 5620 730 5692 χρόνων
776 5623 840 5676 τὸ
888 5624 1190 5693 βασιλικόνο
1239 5625 1551 5697 παρατείνει
1597 5626 1655 5680 δὲ
1700 5626 1793 5679 καί.
1836 5628 1917 5688 εἰς

352 5708 531 5783 δεῦρο,
565 5713 657 5767 καί
687 5713 788 5782 ἔτι,
836 5716 979 5771 καθά
1022 5718 1481 5790 πεπιστεύκαμεν.
1521 5718 1659 5772 Ἀλλ’
1696 5719 1803 5773 ἰδοὺ
1852 5718 1915 5788 δὴ

457 5860 501 5902 ⁶¹
534 5868 695 5926 lCor.
734 5888 817 5935 xv,
857 5871 942 5927 58.

2008 2708 2250 2753 nostrum
2281 2697 2575 2754 Salvatoris
2605 2713 2832 2770 sponsas
2863 2699 3335 2771 (religiosissima,
3369 2716 3432 2756 ac
3462 2702 3573 2756 Deo

2007 2790 2367 2846 dilectissima:
2394 2791 2787 2861 imperatrices)
2814 2792 2961 2847 orbis
2991 2802 3255 2847 terrarum
3283 2806 3573 2847 ornamen-

2008 2892 2153 2946 tum,
2180 2882 2753 2953 sanctissimarumque
2785 2882 3147 2961 Ecclesiarum
3177 2882 3341 2938 decus
3371 2883 3575 2952 Optimo

2002 2973 2123 3043 jure
2152 2973 2415 3041 quispiam
2450 2972 2731 3043 appellarit
2764 2992 2778 3028 :
2809 2973 2863 3027 in
2896 2973 3093 3043 quibus
3126 2972 3381 3027 nimirum
3414 2988 3575 3029 omne

2008 3064 2264 3118 virtutum
2290 3079 2480 3134 genus,
2505 3065 2789 3133 omnisque
2811 3072 3034 3120 ornatus
3058 3064 3251 3119 divinae
3274 3063 3576 3134 majestatis

2007 3157 2178 3211 oculis
2214 3164 2399 3227 gratus
2433 3166 2793 3228 acceptusque
2829 3157 3055 3213 mirifice
3090 3157 3357 3227 splendet.
3392 3156 3577 3226 Neque

2011 3245 2095 3301 his
2125 3246 2317 3314 opibus
2348 3254 2637 3314 contentae,
2670 3261 2886 3302 omnem
2919 3263 3134 3318 quoque
3167 3263 3353 3303 curam
3386 3264 3576 3303 omne-

2008 3348 2112 3409 que
2153 3336 2387 3391 studium
2430 3336 2726 3402 adhibetis,
2766 3352 2875 3408 quo
2924 3337 3029 3393 fide
3072 3346 3222 3392 recta
3268 3338 3577 3407 nullamque

2010 3427 2063 3480 in
2097 3435 2303 3496 partem
2332 3427 2623 3483 vacillante
2654 3428 2966 3497 excellatis;
3000 3444 3268 3485 memores
3301 3429 3445 3484 haud
3479 3430 3576 3483 du-

2008 3517 2096 3572 bie
2126 3517 2290 3586 illius,
2319 3519 2463 3587 quod
2494 3518 2926 3587 sapientissimus
2958 3519 3337 3589 mysteriorqu
3369 3519 3572 3576 Christi

2010 3613 2367 3682 dispensator,
2383 3615 2729 3683 gentiumque
2744 3612 2955 3670 doctor.
2969 3611 3167 3668 Paulus
3186 3612 3374 3667 scribit
3391 3630 3405 3667 :
3434 3630 3452 3664 ι
3475 3612 3583 3667 lla-

2010 3719 2134 3775 que,
2158 3703 2352 3761 fratres
2383 3705 2487 3759 mei
2514 3703 2719 3770 dilecti;
2740 3705 2834 3768 ait,
2859 3703 3078 3759 stabiles
3106 3713 3277 3759 estote
3302 3713 3357 3758 et
3384 3704 3577 3758 immo-

2010 3796 2166 3862 biles,
2185 3795 2518 3851 abundantes
2541 3795 2592 3849 in
2614 3809 2775 3865 opere
2799 3794 3005 3849 Domini
3028 3795 3320 3864 semper“.
3337 3812 3357 3847 ι
3392 3793 3577 3860 Quan-

2011 3888 2301 3959 doquidem
2328 3889 2417 3943 ubi
2446 3888 2577 3943 fides
2601 3896 2751 3943 recta
2778 3895 2832 3941 et
2865 3887 3133 3957 inculpata
3164 3901 3285 3942 cum
3313 3887 3576 3942 bonarum

2013 3979 2285 4033 actionum
2328 3977 2613 4032 honestate
2648 3976 3016 4048 conjungitur,
3052 3977 3412 4048 aaquabilique
3456 3978 3577 4033 nisu

2011 4079 2066 4126 et
2095 4084 2255 4126 cursu
2283 4085 2409 4125 cum
2439 4070 2543 4124 illis
2574 4070 2894 4139 copulatur;
2928 4070 3000 4124 ibi
3029 4070 3206 4125 omnis
3236 4070 3364 4125 boni
3394 4071 3593 4138 perfe-r

2011 4162 2123 4216 ctio
2151 4161 2702 4231 sanctificationisque
2734 4161 3017 4232 integritas
3050 4161 3401 4232 comperitur.
3430 4162 3577 4229 Qua-

2012 4266 2233 4326 propter
2249 4270 2347 4310 nos
2369 4254 2551 4324 gloriae
2571 4265 2625 4310 et
2645 4255 2942 4310 celebritati
2960 4264 3153 4312 vestrae
3175 4270 3358 4325 parem
3379 4258 3580 4310 oratio-

2013 4348 2098 4401 nis
2126 4347 2445 4418 dignitatem
2478 4345 2673 4402 afferre
2703 4363 2808 4402 non
2843 4363 3030 4418 posse,
3066 4350 3290 4419 ingenue
3322 4351 3575 4413 fatemur,

2013 4453 2113 4493 nec
2147 4436 2520 4494 erubescimus
2551 4457 2573 4493 ι
2597 4440 2737 4494 unde
2768 4448 2822 4494 et
2849 4441 3002 4494 venia
3033 4456 3247 4510 quoque
3279 4440 3426 4510 digni
3458 4458 3577 4496 me-

2014 4528 2119 4583 rito
2161 4528 2521 4593 censebimur,
2568 4530 2615 4585 si
2659 4545 2724 4584 ea
2768 4530 2990 4585 laudare
3030 4545 3302 4595 veremur,
3347 4545 3578 4599 quorum

2013 4616 2389 4673 excellentiam
2432 4633 2531 4673 nos
2570 4620 2784 4688 assequi
2824 4634 2982 4689 posse
3023 4634 3126 4674 non
3167 4629 3417 4689 putamus
3459 4638 3473 4674 :
3516 4634 3581 4675 ac

2013 4708 2280 4778 siquidem
2308 4709 2385 4776 id,
2409 4709 2550 4778 quod
2578 4718 2832 4779 prwstare
2858 4708 3248 4775 desideramus,
3276 4724 3396 4764 eum
3425 4709 3591 4765 laude-

2014 4799 2303 4870 pnestandi
2339 4799 2651 4854 facultatem
2687 4799 3032 4862 haberemus,
3056 4798 3178 4868 jure
3210 4798 3452 4867 profecto
3485 4814 3579 4854 ac-

2014 4906 2350 4958 cusaremur,
2379 4892 2423 4945 si
2453 4891 2522 4945 de
2549 4890 2863 4943 infirmitate
2892 4899 3077 4943 nostra
3105 4889 3267 4943 anxie
3294 4890 3455 4946 nimis
3485 4905 3580 4944 co-

2016 4985 2270 5055 gilanles,
2296 4982 2643 5037 cunctantius
2672 4994 2953 5050 ageremus
2978 4998 2992 5034 :
3020 4996 3193 5051 neque
3221 4982 3448 5051 ignavia:
3475 4981 3581 5035 cri-

2017 5091 2137 5130 men
2170 5076 2355 5129 liceret
2382 5072 2638 5143 eﬂ'ngere,
2668 5082 2851 5141 utpote
2879 5072 2969 5142 qui
3002 5073 3217 5127 silentio
3249 5081 3482 5139 utentes,
3515 5072 3580 5125 iis

2016 5180 2152 5236 quos
2191 5165 2260 5220 ob
2292 5165 2545 5219 virtutem
2589 5163 2800 5217 meritis
2842 5162 3055 5217 laudum
3098 5162 3383 5232 praeconiis
3423 5177 3582 5216 exor-

2018 5271 2152 5311 nare
2193 5256 2572 5320 dehueramus,
2613 5247 2915 5308 molestiam
2955 5254 3157 5323 potius,
3202 5253 3607 5321 tristitiamque,

2016 5360 2352 5420 pareremus.
2381 5342 2488 5416 43
2519 5343 2781 5399 Caeterum
2814 5344 3029 5412 quando
3054 5340 3162 5410 jam
3193 5351 3353 5395 antea
3384 5340 3449 5395 de
3482 5341 3586 5393 im-

2019 5437 2311 5495 becillitate
2353 5448 2534 5491 nostra
2576 5438 2628 5489 in
2671 5435 2918 5501 dicendo,
2964 5437 3265 5505 timoreque
3303 5435 3585 5505 conquesti

2021 5528 2365 5596 confessique
2394 5542 2602 5595 sumus,
2634 5542 2839 5597 nosque
2865 5528 3015 5582 oneri
3050 5537 3197 5582 tanto
3227 5529 3463 5598 impares
3493 5527 3587 5581 de—

2021 5620 2378 5686 claravimus;
2414 5634 2510 5674 vos
2547 5620 2718 5686 magis
2754 5620 2949 5674 silentii
2987 5619 3143 5689 hujus
3178 5618 3389 5688 culpam
3424 5616 3584 5673 susti-

2022 5713 2241 5781 nebitis,
2264 5726 2383 5783 qua:
2406 5710 2641 5767 illustres
2663 5712 2819 5780 adeo,
2845 5712 3085 5782 adeoque
3110 5711 3413 5782 conspicua:
3435 5709 3591 5774 estis,
