4044 6332
517 393 655 449 ιεοδ

1494 395 1551 452 S.
1591 397 1865 453 CYRILLI
1904 395 2372 455 ALEXANDRINI
2410 396 2729 453 ARCHIEP.

3609 395 3757 453 1204

518 520 580 565 ut
611 517 801 565 vestra:
830 510 1058 566 virtutes
1091 526 1155 565 ac
1187 520 1331 567 recte
1365 511 1500 568 facta
1535 515 1774 570 omnium
1809 526 2076 572 oratorum

2188 517 2282 570 καὶ
2312 515 2455 587 μάλα
2486 514 2689 584 σαφῶς,
2723 511 2819 566 καὶ
2856 510 2955 581 τῆς
2981 510 3040 563 ὲν
3082 507 3299 581 Χριστῷ
3330 507 3602 579 βασιλείας
3627 511 3758 562 ἐπι-

517 602 877 671 eloquentiam
910 602 1067 671 longe
1092 603 1330 658 vincant.
1359 603 1492 659 Nam
1522 615 1577 661 et
1609 609 1811 677 regium
1840 617 2075 664 vestrum

516 706 684 761 genus
718 692 830 762 jam
869 692 998 771 inde
1031 693 1098 747 ab
1140 694 1363 749 exordio
1400 696 1558 765 longa
1595 705 1897 766 temporum
1937 699 2080 753 serie

516 783 797 853 hucusque
825 794 908 839 est
940 795 1313 856 propagatum,
1343 794 1398 839 et
1426 786 1671 853 ulterius,
1700 797 1759 842 ut
1787 788 2076 853 credimus,

514 874 573 929 in
608 884 881 944 posterum
920 877 1095 932 adhuc
1134 877 1515 947 propagabitur
1549 892 1565 931 :
1600 893 1702 933 nec
1736 894 1841 933 non
1876 879 2076 935 Christi

517 981 746 1036 regnum
775 982 1081 1036 capessere,
1108 976 1162 1023 et
1187 982 1274 1033 ea,
1300 984 1418 1037 quae
1446 968 1519 1022 illi
1548 978 1699 1039 grata
1726 978 1872 1035 sunt,
1901 969 2079 1025 facere

511 1065 568 1110 et
603 1057 803 1113 sentire
834 1060 1087 1125 studetis;
1122 1059 1319 1128 partim
1357 1060 1570 1129 quidem
1603 1061 1874 1129 praeclaris
1906 1062 2077 1114 actio-

512 1147 675 1203 nibus
717 1148 1094 1219 inculpataqne
1141 1152 1265 1216 ﬁde,
1300 1162 1359 1206 ut
1393 1150 1552 1223 paulo
1585 1162 1709 1206 ante
1742 1151 2071 1218 dicebamus,

2183 606 2559 678 δραττόμεναι,
2588 605 2654 658 τὰ
2684 603 2831 673 αὐτῷ
2862 601 3119 656 δοκοῦντα
3148 605 3364 673 φρονεῖν
3393 619 3452 655 τε
3483 600 3576 655 καὶ
3612 602 3754 672 δρᾷν

2184 697 2511 761 σπουδάζετε
2531 713 2545 729 ·
2572 696 2728 749 τοῦτο
2758 696 2877 766 μὲν,
2902 694 2978 758 ὡς
3008 694 3165 765 ἔφην,
3192 693 3370 765 ἔργοις
3391 711 3448 747 τε
3472 695 3567 747 καὶ
3589 695 3755 763 ἀμω-

2187 789 2343 859 μήτῳ
2391 788 2792 859 διαπρέπουσαι,
2830 786 3028 849 πίστει,
3071 785 3167 839 καὶ⁹
3209 784 3308 848 τὰς
3351 784 3503 855 ὑμῶν
3550 801 3609 837 τε
3652 784 3756 836 καὶ

2186 879 2485 951 βασιλείους
2515 878 2681 943 αὐλὰς
2704 881 2768 949 τῇ
2808 877 2908 947 τῆς
2934 875 3227 947 παρθενίας
3255 874 3755 945 καταλαμπρύνου-

2186 988 2275 1025 σαι
2327 970 2486 1044 δόξῃ’
2552 968 2709 1023 τοῦτο
2770 969 2849 1033 δὲ,
2914 966 3400 1030 πολυτελεστάτους
3448 966 3755 1019 ἀνιστῶσαι

2184 1064 2341 1126 ναοὺς
2378 1062 2453 1130 τῷ
2491 1060 2729 1133 Χριστῷ.
2771 1061 3104 1131 Κεχάρισται
3134 1058 3242 1130 γὰρ
3274 1060 3402 1129 παρ’
3430 1056 3595 1111 αὐτοῦ
3624 1060 3756 1136 ταῖς

2181 1153 2362 1220 ἁγίαις
2387 1152 2537 1222 ὑμῶν
2567 1152 2763 1220 ψυχαῖς
2794 1150 2929 1220 μετὰ
2954 1150 3061 1203 τῶν
3089 1149 3264 1203 ἄλλων
3290 1150 3384 1201 καὶ
3408 1148 3582 1201 τοῦτο.

513 1228 826 1309 prmstantes
858 1258 873 1307 ;
902 1243 1096 1312 partim
1127 1252 1334 1299 vestras
1363 1243 1645 1313 regiasque
1684 1244 1833 1299 aulas
1874 1244 2198 1313 virginitatis
2242 1244 2409 1313 gloria
2438 1245 2889 1308 comlecorantes;
2941 1242 3131 1311 partim
3181 1241 3411 1310 denique
3458 1249 3751 1309 sumptuo-

511 1335 726 1391 sissima
763 1338 956 1408 templa
991 1338 1206 1395 Christo
1240 1340 1557 1395 excitantes.
1583 1338 1715 1393 Nam
1749 1348 1803 1394 et
1837 1338 1938 1394 hoc
1975 1353 2186 1408 quoque
2211 1339 2425 1408 pietatis
2456 1338 2687 1393 studium
2738 1337 2878 1391 inter
2919 1345 3113 1391 catera
3158 1334 3247 1390 ille
3296 1336 3496 1390 sanctis
3545 1335 3757 1390 vestris

510 1427 706 1484 animis
736 1428 1036 1498 impertitus
1066 1437 1168 1487 est.

583 1521 650 1576 ιι.
692 1522 884 1590 Igitur,
928 1533 986 1577 ut
1029 1540 1097 1578 ex
1139 1524 1308 1580 sacris
1352 1524 1572 1580 Litteris
1616 1523 1818 1593 aliquid
1861 1538 2076 1595 quoque

511 1612 827 1682 depromam
864 1632 879 1671 :
913 1633 932 1667 ι
971 1614 1210 1671 Gaudete
1230 1617 1283 1670 in
1319 1615 1546 1671 Domino
1582 1632 1795 1686 semper
1828 1634 1841 1670 :
1880 1619 2074 1671 iterum

511 1703 653 1771 dico,
671 1707 919 1776 gaudete,
951 1708 1213 1763 modestia
1236 1717 1417 1763 vestra
1449 1718 1570 1762 nuta
1602 1710 1670 1763 sit
1698 1708 1949 1764 oumibus
1979 1710 2077 1764 ho-

511 1797 747 1851 minibus
771 1798 836 1853 ⁸³.
878 1817 897 1851 ι
936 1798 1047 1854 lmo
1080 1814 1209 1854 vero
1243 1799 1559 1870 jamdudum
1592 1799 1680 1854 illa
1715 1800 1854 1869 apud
1889 1815 2076 1855 omnes

511 1887 788 1943 civitatum
830 1898 884 1943 et
926 1890 1205 1958 regionum
1241 1890 1481 1944 omnium
1523 1889 1768 1944 homines
1805 1891 2069 1960 divulgata

511 1982 850 2049 percrebuit;
885 1996 1058 2051 neque
1085 1996 1242 2037 secus
1273 1981 1387 2037 fere
1417 1991 1579 2051 atque
1609 1981 1799 2037 tabella
1828 1984 2070 2051 quaedam

512 2068 778 2137 depictam
814 2070 865 2125 in
898 2087 957 2126 se
990 2073 1207 2142 pietatis
1234 2073 1287 2127 in
1318 2072 1589 2128 Christum
1617 2083 1953 2128 venustatem
1984 2089 2073 2143 ge-

510 2175 668 2226 rens,
706 2161 917 2231 lateque
963 2164 1338 2232 resplendens,
1375 2165 1616 2219 omnium
1662 2164 2069 2219 admirationem

512 2254 789 2309 excitavit.
824 2253 994 2308 Batus
1027 2270 1144 2310 sum
1180 2266 1357 2310 autem
1392 2256 1705 2311 nonnullum
1738 2272 1915 2326 operae
1946 2271 2070 2324 pre-

512 2346 646 2400 tium
698 2362 783 2401 me
831 2346 1131 2412 iacturum,
1174 2349 1221 2400 si
1263 2345 1415 2400 vobis
1458 2361 1583 2400 vere
1629 2346 1832 2401 sanctis
1873 2346 2072 2401 Christi

510 2438 723 2507 sponsis
754 2439 1083 2506 (quanquam
1116 2435 1181 2490 ad
1212 2436 1439 2505 quodvis
1466 2451 1603 2505 opus
1632 2436 1832 2490 bonum
1865 2437 2074 2492 abunde

509 2528 788 2584 instructae
814 2529 1126 2600 videamini)
1156 2528 1390 2583 libellum
1420 2529 1594 2595 hunc,
1628 2544 1733 2582 non
1765 2528 1835 2582 ita
1868 2528 2072 2597 pridem

510 2636 540 2675 ε
580 2635 663 2674 me
696 2620 1065 2684 elaboratum,
1101 2620 1245 2674 velut
1278 2620 1520 2690 spiritale
1553 2620 1817 2689 quoddam
1855 2621 2071 2674 xeuium

509 2726 878 2780 uuncuparem
918 2729 931 2765 :
971 2711 1061 2781 qui
1100 2712 1313 2781 quidem
1357 2727 1460 2765 non
1503 2711 1982 2774 contemnendum,
2019 2719 2075 2765 ut

506 2803 716 2872 opinor,
764 2804 1058 2860 lectoribus
1100 2804 1358 2859 allaturus
1404 2813 1488 2859 est
1532 2804 1777 2859 utilitatis
1818 2804 2070 2859 fructum.

509 2896 786 2966 Siquidem
827 2911 950 2963 eos,
986 2897 1075 2964 qui
1117 2908 1262 2952 recte
1301 2912 1495 2968 sapere
1533 2897 1934 2961 dedidicerunt,
1973 2897 2075 2951 hoc

507 2998 626 3054 est,
661 2989 858 3056 quibus
892 2988 965 3042 ita
1002 3002 1320 3058 persuasum
1359 2997 1442 3043 est
1478 2988 1545 3042 de
1579 2988 1799 3043 Christo
1836 2989 2074 3042 omnium

509 3078 811 3143 Salvatore,
845 3080 897 3134 in
928 3080 1067 3134 viam
1099 3080 1342 3145 reducet,
1372 3090 1428 3135 et
1455 3081 1521 3134 ad
1547 3096 1728 3135 veram
1756 3080 2073 3149 sapientiam

508 3167 756 3223 instituet
793 3186 805 3222 :
844 3177 1070 3224 caeteros
1102 3184 1261 3233 vero,
1296 3169 1385 3239 qui
1421 3181 1626 3224 rectum
1661 3170 1823 3223 animi
1858 3184 2071 3223 sensum
2104 3204 2145 3261 ϐ

507 3260 727 3325 habent,
753 3270 807 3315 et
834 3262 886 3315 iu
911 3263 1157 3317 veritatis
1181 3262 1422 3317 doctrina
1455 3263 1767 3331 persistunt,
1795 3262 1960 3316 variis
1987 3276 2075 3315 ar-

509 3362 888 3422 gumentorum
921 3361 976 3407 et
1008 3354 1400 3409 sententiarum
1436 3354 1700 3417 inventis,
1737 3351 2072 3406 divinarum-

507 3459 616 3515 que
649 3445 1055 3512 Scripturarum
1088 3444 1638 3500 demonstrationibus
1668 3444 1721 3497 in
1755 3442 1857 3497 (ide
1887 3458 2073 3498 corro-

506 3536 742 3592 borabit.
790 3534 926 3591 Hinc
972 3535 1170 3590 etenim
1223 3543 1276 3589 et
1325 3533 1729 3588 Emmanuelem
1775 3547 1963 3587 verum
2012 3547 2075 3586 ac

508 3626 806 3681 naturalem
836 3625 1023 3689 Deum,
1047 3634 1103 3678 et
1123 3620 1398 3692 Virginem
1424 3637 1662 3687 rursum,
1688 3636 1807 3692 quae
1832 3636 1954 3676 eum
1982 3635 2077 3689 pe-

509 3718 681 3787 perit,
710 3732 890 3771 veram
920 3724 1143 3786 propter
1173 3714 1345 3784 ipsum
1374 3713 1657 3783 Deiparam
1686 3727 1826 3779 esse,
1855 3715 2072 3784 planum

510 3811 621 3863 ﬁet.
658 3810 712 3864 Si
748 3809 840 3879 qui
876 3816 1057 3861 autem
1094 3815 1250 3870 sunt,
1285 3806 1375 3875 qui
1412 3805 1555 3860 istud
1590 3805 1791 3859 sentire
1822 3815 1877 3860 et
1911 3804 2076 3873 proli-

508 3901 607 3955 teri
652 3908 931 3966 verentur,
973 3899 1027 3952 hi
1071 3896 1395 3967 profundum
1440 3896 1569 3951 illud
1610 3896 1829 3966 pietatis
1873 3905 2077 3967 myste-

509 3993 647 4046 rium
667 4032 681 4057 ,
713 4002 770 4045 ut
802 4006 935 4046 sane
959 3991 1190 4054 videtur,
1223 4005 1560 4059 nequaquam
1589 3991 1917 4059 expendunt.
1947 3989 2077 4043 Per-

508 4084 877 4140 necessarium
931 4092 1109 4139 autem
1161 4083 1400 4149 iudicavi
1454 4098 1514 4138 ea
1567 4082 1755 4151 paucis
1807 4083 1909 4135 hoc
1962 4080 2079 4135 loco

506 4186 775 4245 repetere,
799 4191 918 4243 quae
941 4174 1167 4246 apostoli
1194 4184 1249 4230 et
1273 4175 1619 4245 evangelista;
1645 4175 1709 4228 de
1730 4172 1838 4247 44
1860 4172 2074 4227 Christo

2249 1527 2323 1580 B’.
2364 1524 2572 1579 Οὐκοῦν
2624 1522 2755 1596 (ἐρῶ
2782 1522 2889 1592 γάρ
2919 1539 2972 1575 τι
3001 1520 3179 1576 λαϐὼν
3206 1520 3300 1573 καὶ
3328 1520 3393 1574 ὲκ
3434 1519 3541 1573 τῶν
3581 1521 3755 1590 ἱερῶν

2180 1616 2558 1690 Γραμμάτων)
2603 1636 2622 1670 t
2659 1616 2891 1687 Χαίρετε
2939 1617 2998 1668 ὲν
3045 1615 3233 1685 Κυρίῳ
3265 1614 3527 1668 πάντοτε·
3580 1616 3753 1667 πάλιν

2179 1708 2309 1779 ἐρῶ,
2359 1708 2597 1779 χαίρετε.
2642 1707 2716 1760 Τὸ
2759 1706 2999 1768 ἐπιεικὲς
3045 1705 3197 1776 ὑμῶν
3242 1704 3536 1775 γνωσθήτω
3578 1706 3753 1757 πᾶσιν

2181 1798 2503 1871 ἀνθρώποις.
2555 1818 2573 1851 ι
2626 1797 2899 1867 Ἐγνώσθη
2953 1797 3049 1866 μὲν
3082 1791 3198 1859 οὖν⁹
3236 1796 3329 1849 καὶ
3373 1794 3747 1866 διαϐεϐόηται,

2178 1891 2274 1944 καὶ
2315 1893 2426 1953 τοῖς
2463 1890 2568 1943 άνά
2600 1891 2780 1943 πᾶσαν
2830 1887 3013 1959 χώραν
3044 1906 3105 1941 τε
3135 1888 3229 1941 καὶ
3273 1887 3445 1951 πόλιν,
3491 1887 3751 1959 καθάπερ

2176 1999 2260 2045 τις
2291 1981 2453 2035 εἰκὼν
2470 1982 2685 2052 γραφὴν
2714 1981 2908 2051 ἔχουσα
2935 1982 3035 2051 τῆς
3065 1981 3145 2044 είς
3172 1980 3406 2051 Χριστὸν
3432 1980 3744 2044 εὐσεϐείας,

2177 2072 2237 2125 τὺ
2290 2073 2482 2137 κάλλος
2543 2073 2835 2143 διέλαμψεν
2913 2072 3194 2143 ἐναργῶς,
3257 2072 3352 2125 καὶ
3397 2070 3492 2123 τοῦ
3540 2071 3749 2133 παντὸς

2176 2164 2381 2234 ἠξιώθη
2413 2163 2705 2234 θαύματος.
2752 2164 2945 2235 ’ῼήθην
2973 2163 3031 2217 δὲ
3061 2164 3169 2216 δεῖν
3204 2163 3299 2216 καὶ
3320 2164 3438 2225 ταῖς
3474 2162 3611 2232 πρὸς
3634 2164 3749 2215 πᾶν

2177 2254 2353 2307 ὁτιοῦν
2385 2255 2492 2308 τῶν
2522 2256 2740 2323 ἀγαθῶν
2773 2255 3025 2326 ἐχούσαις
3055 2256 3257 2325 ἀρτίως
3283 2255 3527 2326 χάρισμά
3550 2273 3606 2308 τι
3646 2272 3748 2324 με-

2178 2345 2423 2399 ταδοῦναι
2456 2347 2842 2416 πνευματικὸν,
2872 2347 2947 2411 ὡς
2977 2346 3159 2414 ἁγίαις
3198 2347 3432 2415 Χριστοῦ
3479 2346 3746 2415 νύμφαις,

2177 2435 2332 2489 τοῦτο
2361 2436 2424 2506 δὴ
2452 2437 2511 2489 τὸ
2540 2438 2740 2508 ἀρτίως
2769 2438 2894 2509 ἐμοὶ
2924 2438 3152 2508 πονηθὲν
3184 2437 3403 2508 βιϐλίον,
3428 2438 3488 2490 οὐ
3515 2438 3749 2507 μετρίαν

2181 2527 2438 2599 παρέχειν
2470 2528 2788 2600 δυνάμενον,
2821 2529 2896 2592 ῶς
2916 2548 2978 2598 γε
3004 2527 3172 2600 οἶμαι,
3211 2532 3323 2593 τοῖς
3342 2528 3749 2599 ἐντευξομένοις

2177 2619 2275 2689 τὴν
2309 2620 2513 2691 ὄνησιν.
2560 2623 2697 2685 Τοὺς
2747 2624 2845 2691 μὲν
2878 2621 2985 2693 γὰρ
3032 2622 3131 2674 οὐκ
3172 2620 3306 2693 ὀρθὰ
3352 2622 3565 2689 φρονεῖν
3608 2620 3752 2672 δεδι-

2179 2712 2495 2782 δαγμένους,
2528 2714 2692 2783 ἧγουν
2725 2713 3223 2782 ἀναπεπεισμὲνους
3252 2710 3378 2782 περὶ
3405 2709 3497 2762 τοῦ
3524 2710 3752 2762 πάντων

2181 2804 2335 2873 ἡμῶν
2370 2805 2619 2875 Σωτῆρος
2661 2804 2917 2875 Χριστοῦ,
2959 2803 3095 2872 πρὸς
3139 2804 3505 2874 ἐπανόρθωσιν
3546 2801 3755 2855 ἀνακο-

2184 2899 2315 2966 μιεῖ,
2352 2897 2446 2949 καὶ¹
2493 2898 2909 2967 μυσταγωγήσει
2939 2896 3117 2959 καλῶς
3142 2913 3153 2925 ·
3189 2894 3313 2959 τούς
3354 2912 3419 2964 γε
3463 2897 3568 2965 μὴν
3595 2895 3751 2966 ὀρθῷ

2183 2987 2480 3058 βεϐηκότας
2508 2987 2602 3058 νῷ,
2634 2988 2724 3042 καὶ
2750 2990 2865 3051 τοῖς
2900 2988 2997 3058 τῆς
3026 2985 3280 3055 ἀληθείας
3308 2984 3752 3054 ἐμφιλοχωροῦν-

2180 3097 2277 3140 τας
2306 3079 2584 3149 δόγμασιν,
2621 3080 3052 3151 ἀσφαλεστέρους
3079 3079 3345 3147 ἀποφανεῖ
3374 3079 3486 3140 τοῖς
3513 3075 3573 3140 ἐξ
3602 3078 3749 3141 ἀγα-

2182 3152 2289 3222 θῶν
2322 3169 2539 3223 ἐννοιῶν
2566 3170 2921 3242 πολυτρόποις
2952 3170 3235 3241 εὑρέμασι,
3262 3168 3356 3222 καὶ
3393 3170 3512 3231 ταῖς
3539 3168 3606 3219 ὲκ
3643 3170 3751 3238 τῆς

2178 3261 2529 3315 θεοπνεύστου
2542 3263 2760 3333 Γραφῆς
2776 3262 3126 3329 ἀποδείξεσιν.
3140 3261 3491 3332 Μαθήσεταιιι
3508 3258 3640 3329 γὰρ,
3658 3259 3749 3312 ὅτι

2177 3355 2335 3423 φύσει
2386 3354 2482 3424 μὲν
2524 3357 2618 3407 καὶ
2660 3352 2885 3423 ἀληθείᾳ
2925 3352 3055 3417 Θεός
3098 3354 3245 3405 ἐστιν
3287 3352 3317 3404 ό
3372 3350 3748 3421 Ἐμμανουὴλ,

2177 3444 2436 3508 Θεοτόκος
2481 3445 2538 3499 δὲ
2580 3445 2646 3498 δι’
2678 3444 2839 3498 αὑτὸν
2882 3446 3034 3515 καὶὴ
3084 3443 3316 3497 τεκοῦσα
3352 3441 3647 3512 Παρθένος.
3680 3442 3751 3494 ΕΞ

2176 3536 2283 3608 γὰρ
2321 3537 2384 3607 δὴ
2414 3538 2577 3606 φάναι
2607 3554 2662 3589 τε
2697 3536 2851 3590 τοῦτο
2880 3538 2974 3590 καὶ
3019 3538 3230 3606 φρονεῖν
3260 3535 3506 3599 δεδιότες,
3552 3534 3617 3586 οὐ
3659 3552 3755 3586 νε-

2177 3629 2425 3700 νοήκασι,
2455 3629 2594 3681 κατά
2618 3628 2680 3681 τὸ
2716 3628 2885 3694 εἰκὸς,
2924 3629 2983 3682 τὸ
3012 3628 3147 3699 βαθὺ
3189 3627 3290 3697 τῆς
3322 3626 3605 3688 εὐσεϐείας
3640 3643 3753 3694 μυ-

2182 3719 2419 3788 στήριον.
2455 3719 2666 3788 Χρῆναι
2693 3718 2749 3770 δὲ
2788 3717 3151 3787 ὑπολαμϐάνω
3178 3716 3264 3769 διά
3300 3715 3537 3785 βραχέων
3570 3716 3755 3767 εἰπεῖν

2175 3807 2275 3878 τήν
2323 3824 2382 3861 τε
2411 3806 2773 3878 ἀποστολικὴν
2803 3807 2897 3860 καὶ
2942 3805 3298 3876 εὐαγγελικὴν
3329 3805 3649 3875 παράδοσιν,
3680 3804 3756 3870 ἦν

2176 3899 2269 3952 ἐπὶ
2297 3900 2516 3971 Χριστῷ
2568 3903 2583 3941 ί
2625 3902 2915 3968 πεποίηται
2963 3899 3040 3970 τῷ
3082 3900 3299 3952 πάντων
3335 3898 3599 3969 Δεσπότῃ,
3652 3900 3757 3947 καὶ

2174 3992 2392 4062 ἀπάσης
2434 3992 2491 4044 δὲ
2532 3993 2629 4061 τῆς
2658 3993 3012 4046 θεοπνεύστου
3063 3990 3285 4060 Γραφῆς
3324 3989 3414 4041 τὸν
3463 3988 3547 4041 ἐπ’
3600 3986 3757 4053 αὖτῷ

2177 4084 2394 4145 σκοπὸν,
2435 4083 2528 4137 καὶ
2557 4084 2678 4136 ὅποι
2728 4084 2857 4136 ποτὲ
2897 4081 3065 4152 βλέπῃ
3096 4078 3201 4132 τῶν
3240 4080 3341 4150 τῆς
3372 4079 3631 4149 ἀληθείας
3663 4078 3758 4131 δο-

2173 4174 2400 4245 γμάτων
2432 4177 2463 4246 ἡ
2492 4175 2738 4246 δύναμις.

504 4269 743 4321 omnium
786 4267 1013 4322 Domino
1053 4266 1422 4333 tradiderunt,
1459 4273 1571 4320 tum
1611 4281 1673 4321 ea
1713 4280 1924 4335 quoque
1965 4282 2069 4320 non
2144 4268 2440 4336 praeterire,
2479 4282 2596 4335 qum
2639 4267 2691 4321 in
2770 4267 2980 4322 caeteris
3020 4277 3220 4323 sanctae
3257 4263 3547 4333 Scriptura:
3589 4260 3756 4315 libris

504 4382 568 4420 ca
605 4368 720 4436 ipsa
756 4368 821 4421 de
855 4379 915 4422 re
948 4366 1255 4431 habentur;
1289 4375 1344 4420 et
1374 4365 1595 4419 omnino
1628 4378 1932 4433 exponere,
1970 4379 2080 4433 quo
2117 4373 2325 4433 spectet
2354 4365 2436 4418 vis
2500 4366 2808 4432 dogmatum
2838 4365 3102 4419 veritatis.

579 4465 667 4520 Ill.
707 4463 991 4518 Credimus
1026 4461 1188 4532 igitur
1220 4461 1273 4515 in
1297 4476 1458 4513 unum
1480 4459 1645 4514 Deum
1668 4458 1880 4511 Patrem
1902 4460 2076 4513 omni-

2252 4458 2328 4512 1".
2368 4458 2701 4529 Πιστεύομεν
2729 4457 2903 4511 τοίνυν
2932 4459 3010 4521 εἰς
3035 4457 3130 4511 ἕνα
3150 4456 3279 4510 Θεὸν
3303 4453 3519 4524 Πατέρα
3548 4469 3758 4505 παντο-

504 4562 777 4626 potentem
800 4593 815 4615 ,
841 4550 1135 4607 visibilium
1190 4558 1244 4605 et
1273 4549 1619 4605 invisibilium
1647 4550 1885 4603 omnium
1945 4564 2078 4602 con-

506 4646 760 4701 ditorem.
787 4645 854 4699 Et
883 4644 939 4699 in
970 4658 1134 4697 unum
1170 4640 1454 4697 Dominum
1482 4640 1664 4696 Jesum
1691 4640 1959 4695 Christum
1987 4640 2078 4693 Fi-

507 4736 637 4792 lium
680 4737 819 4808 ejus,
857 4745 985 4790 ante
1022 4749 1182 4790 omne
1219 4733 1471 4789 saeculum
1511 4740 1563 4786 et
1603 4740 1814 4800 tempus
1854 4744 1921 4785 ex
1961 4731 2076 4800 ipso

512 4829 835 4886 naturaliter
866 4826 1129 4897 genitum.
1164 4823 1296 4879 Nam
1332 4822 1474 4892 quod
1504 4822 1570 4877 ad
1605 4830 1816 4891 tempus
1848 4823 2071 4887 attinet,

508 4931 663 4991 aeque
700 4915 945 4985 principii
986 4929 1209 4985 expers,
1250 4922 1304 4967 et
1340 4922 1639 4968 coaeternus
1678 4919 1792 4979 est,
1829 4922 1991 4981 atque
2030 4911 2075 4966 is

508 5010 601 5085 qui
649 5007 799 5063 illum
847 5007 1064 5078 genuit;
1108 5005 1404 5074 eademque
1452 5019 1665 5075 quoque
1714 5013 1980 5073 petestate
2023 5012 2079 5058 et

508 5100 678 5169 gloria
715 5114 836 5155 cum
875 5097 966 5153 illo
998 5107 1113 5164 cst,
1142 5111 1239 5165 per
1267 5097 1446 5151 omnia
1476 5095 1706 5165 denique
1733 5104 1789 5149 et
1819 5095 1871 5150 in
1901 5096 2076 5150 omni-

507 5189 610 5247 bus
638 5189 811 5243 eidem
840 5186 1083 5259 aequalis.
1108 5184 1305 5256 Figura
1335 5198 1567 5253 namque
1591 5193 1645 5238 et
1671 5182 1923 5253 splendor
1948 5185 2074 5238 sub~

506 5281 720 5336 stantia:
761 5278 906 5335 illius
946 5278 1116 5335 est“.
1156 5277 1437 5333 Credimus
1476 5276 1726 5331 similiter
1760 5284 1816 5329 et
1856 5275 1908 5328 in
1950 5291 2079 5330 san-

509 5386 653 5430 ctum
673 5388 888 5442 quoque
905 5372 1188 5443 Spiritum,
1208 5386 1368 5441 quem
1388 5384 1417 5424 a
1436 5370 1616 5424 divina
1634 5379 1823 5426 natura
1843 5368 2075 5423 alienum

604 5536 648 5566 ω
688 5533 914 5604 Philipp.
937 5548 1010 5597 ιν,
1046 5532 1098 5587 ιι.
1196 5531 1239 5563 οι
1273 5530 1434 5586 llebr.
1460 5547 1497 5596 1,
1527 5531 1580 5585 5.

2183 4552 2445 4624 κράτορα,
2488 4552 2706 4605 πάντων
2736 4549 2943 4623 ὁρατῶν
2973 4567 3033 4603 τε
3077 4550 3171 4602 καὶ
3203 4549 3445 4618 ἀοράτων
3490 4547 3754 4615 ποιητήν,

2182 4642 2291 4694 Καὶ⁸
2322 4644 2400 4704 είς
2429 4641 2523 4694 ἕνα
2548 4640 2751 4711 Κύριον
2785 4640 2990 4711 Ἰησοῦν
3020 4638 3251 4709 Χριστὸν
3280 4637 3369 4691 τὸν
3403 4636 3528 4689 Υίὺν
3556 4635 3754 4699 αὐτοῦ,

2181 4730 2504 4801 γεννηθέντα
2535 4729 2677 4785 κατὰ
2707 4729 2865 4798 φύσιν
2895 4729 2953 4796 ὲξ
2985 4727 3147 4783 αὐτοῦ
3182 4728 3283 4799 πρὸ
3326 4724 3520 4788 παντὸς
3552 4724 3759 4788 αἰῶνος

2181 4823 2276 4877 καὶ
2305 4823 2496 4893 χρόνου
2518 4839 2530 4851 ·
2564 4822 2659 4876 καὶ
2689 4821 2796 4893 γάρ
2840 4820 2955 4873 ἐστι
2985 4820 3316 4890 συνάναρχος
3347 4816 3491 4872 κατὰ
3530 4817 3756 4887 χρόνον.

2182 4915 2273 4968 καὶ
2313 4914 2581 4975 συναῖδιος
2631 4912 2708 4983 τῷ
2758 4912 2871 4983 ἰδίῳ
2915 4911 3226 4981 Γεννήτορι,
3279 4907 3526 4979 σύνεδρός
3554 4924 3617 4959 τε
3653 4909 3761 4961 καὶ

2183 5005 2427 5075 ίσοκλεὴς
2459 5003 2624 5075 αὐτῷ,
2660 5004 2752 5057 καὶ
2785 5003 2989 5073 ἰσότητι
3036 5000 3472 5071 κατεστεμμένος
3509 5001 3579 5069 τῇ
3612 4998 3759 5071 πρὸς

2179 5095 2288 5146 πᾶν
2322 5092 2528 5145 ὁτιοῦν*
2552 5091 2837 5163 χαρακτὴρ
2868 5091 2975 5163 γάρ
3008 5091 3121 5143 ἐστι
3156 5090 3250 5143 καὶ
3279 5089 3625 5158 ἀπαύγασμα
3648 5087 3761 5157 τῆς

2183 5185 2528 5247 ὑποστάσεως
2561 5183 2744 5237 αὐτοῦ.
2776 5181 3111 5252 Πιστεύομεν
3138 5182 3193 5235 δὲ
3220 5180 3421 5251 ὁμοίως
3459 5180 3553 5233 καί¹
3583 5182 3667 5243 εἰς
3698 5180 3763 5234 τὸ

2181 5276 2405 5348 Πνεῦμα
2441 5276 2499 5329 τὸ
2529 5275 2701 5344 ἅγιον,
2744 5274 2842 5329 οὐκ
2873 5275 3147 5347 ἀλλότριον
3175 5273 3305 5328 αὐτὸ
3333 5272 3434 5342 τῆς
3461 5271 3617 5335 θείας
3646 5273 3765 5343 φῦ-

2183 5385 2317 5431 σεως
2349 5366 2853 5437 καταλογιζόμενοι·
2884 5367 2976 5422 καὶ
3002 5366 3109 5438 γάρ
3138 5366 3284 5419 ἐστιν
3310 5365 3374 5418 ἐκ
3405 5362 3624 5436 Πατρδς
3653 5382 3770 5436 φυ-

1621 5661 1794 5717 Variae
1824 5661 2083 5718 lectiones
2113 5661 2316 5719 codizis
2348 5661 2709 5733 Seguieriani.

580 5800 605 5843 ³
637 5800 989 5874 μαθήσονται.
1073 5801 1087 5839 i
1131 5799 1197 5851 ἵσ
1242 5799 1273 5856 ἦ
1301 5798 1392 5850 ἐπὶ
1422 5799 1523 5869 Χρ.
