4044 6332
352 366 494 424 1205

1442 354 1531 412 DE
1572 352 1807 412 RECTA
1846 349 2001 408 FIDE
2039 347 2135 404 AD
2168 346 2489 410 REGINAS.

3433 344 3570 402 1206

345 484 536 548 σικῶς,
568 478 931 552 προχεόμενον
973 473 1041 529 δι’
1069 472 1199 529 Υίοῦ
1228 476 1295 546 τῇ
1336 473 1539 528 κτίσει·
1571 477 1774 529 νοεῖται
1801 473 1900 543 γὰρ

2012 468 2231 523 minime
2272 476 2585 537 reputamus
2623 481 2638 521 :
2680 464 2942 536 siquidem
2988 464 3307 521 naturaliter
3340 479 3371 519 a
3410 464 3572 524 Patre

344 575 486 631 οὕτω
516 575 615 645 μία
640 590 699 627 τε
731 572 826 627 καὶ
842 568 1141 642 ὁμοούσιος,
1167 568 1261 622 καϊ
1285 569 1343 621 έν
1369 568 1655 637 ταυτότητι
1677 565 1853 637 δόξης,
1877 566 1909 637 ή

346 668 478 737 ἁγία
503 665 600 721 καὶ
638 660 1086 737 προσκυνουμένη
1112 659 1300 729 Τριάς.
1330 658 1512 728 Φαμὲν
1536 658 1612 722 δὲ,
1641 659 1724 711 ὅτι
1749 657 1910 720 αὐτὸς

344 762 375 816 6
403 762 467 814 ὲκ
510 759 609 829 τῆς
653 757 841 819 οὐσίας
878 752 973 806 τοῦ
1014 752 1148 805 Θεοῦ
1182 750 1278 804 καὶ
1322 749 1535 821 Πατρὸς
1583 750 1911 830 ἀπορρήξεως

345 848 739 922 γεγεννημένος
786 843 1075 916 μονογενὴς
1107 840 1269 895 αὐτοῦ
1320 840 1511 908 Λόγος,
1555 840 1663 893 τῶν
1700 838 1909 893 αἰώνων

344 940 593 1014 ποιητὴς,
625 942 654 993 6
680 938 745 993 δι’
770 932 832 992 οὗ
867 936 935 990 τὰ
965 936 1162 997 πάντα,
1201 933 1293 986 καὶ
1326 934 1383 986 ὲν
1425 925 1469 999 ᾧ
1511 932 1577 985 τὰ
1608 931 1805 995 πάντα,
1847 932 1909 984 τὸ

345 1036 464 1107 φῶς
488 1034 548 1089 τὸ
576 1030 847 1103 ἀληθινὸν,
896 1031 929 1100 ἡ
977 1028 1155 1081 πάντα
1184 1024 1525 1094 ζωογονοῦσα
1560 1023 1721 1095 φύσις
1753 1020 1906 1093 (ζωὴ

344 1129 456 1200 γάρ
484 1127 742 1196 πέφηνεν,
771 1123 846 1185 ὡς
873 1124 937 1175 ὲκ
960 1119 1103 1189 ζωῆς
1126 1117 1218 1172 τοῦ
1265 1115 1532 1187 Πατρὸς),
1557 1118 1616 1168 ἓν
1661 1114 1907 1185 ἐσχάτοις

345 1221 557 1289 καιροῖς
601 1214 695 1270 τοῦ
741 1213 955 1276 αἰῶνος,
1004 1211 1389 1281 εὑδοκὴσαντος
1415 1208 1506 1261 τοῦ
1553 1206 1785 1279 Πατρὸς,
1821 1206 1906 1260 ἵνα

346 1310 496 1380 σώσῃ
522 1306 582 1361 τδ
611 1306 704 1359 ἐπὶ
743 1304 846 1374 γῆς
874 1302 1031 1371 γένος
1066 1297 1353 1361 πεπτωκὸς
1382 1298 1460 1359 εἰς
1488 1295 1649 1365 ἁρὰν,
1688 1295 1782 1348 καὶ
1819 1294 1907 1348 διὰ

343 1401 446 1471 τῆς
472 1397 746 1470 ἁμαρτίας
772 1390 1173 1461 κατακομισθὲν
1204 1389 1282 1452 εἰς
1311 1387 1536 1441 θάνατον
1561 1386 1652 1438 καὶ
1681 1384 1903 1456 φθορὰν,

344 1490 656 1561 σπέρματος
708 1484 956 1556 ’Λϐραὰμ
997 1478 1311 1545 ἐπελάϐετο,
1348 1476 1490 1530 κατὰ
1529 1476 1627 1539 τὰς
1663 1474 1902 1545 Γραφὰς,

341 1583 438 1637 καὶ
464 1577 859 1649 κεκοινώνηκεν
891 1574 1121 1642 αἵματος
1144 1569 1238 1623 καὶ
1267 1568 1488 1639 σαρκὸς,
1530 1566 1779 1620 τουτέστι
1809 1564 1903 1634 γέ-

340 1689 498 1744 γονεν
526 1671 809 1742 ἄνθρωπος
827 1683 840 1697 '
872 1665 967 1719 καὶ
997 1663 1173 1733 σάρκα
1194 1660 1396 1723 λαϐὼν,
1426 1660 1521 1712 καὶ
1570 1657 1703 1710 ιδίαν
1737 1657 1905 1726 αὐτὴν

2012 567 2113 626 est,
2153 574 2246 630 per
2286 559 2480 615 Filium
2520 559 2575 614 in
2618 567 2921 615 creaturam
2960 557 3265 615 dimanans.
3308 559 3386 613 Ad
3429 559 3571 616 hunc

2009 651 2152 705 enim
2183 652 2400 705 modum
2431 658 2616 706 sancta
2647 650 2732 705 illa
2770 650 3145 719 a’dorandaque
3182 650 3439 715 Trinitas,
3465 666 3569 705 una

2012 742 2066 797 in
2096 743 2365 806 essentia,
2399 758 2492 812 par
2522 743 2572 796 in
2605 742 2776 811 gloria
2810 750 2864 797 et
2897 740 3174 809 majestate
3202 741 3567 812 cognoscitur.

2009 834 2416 903 Asserimusque
2446 835 2617 903 ipsum
2650 824 2983 903 unigenitum
3005 832 3235 888 Verbum
3262 848 3462 888 arcano
3490 833 3569 887 in-

2007 926 2417 995 explicabilique
2447 926 2602 979 modo
2632 939 2698 979 ex
2733 926 2822 979 Dei
2855 933 2909 978 et
2936 924 3113 979 Patris
3142 924 3442 980 substantia
3473 939 3564 994 ge-

2009 1018 2213 1083 nitum,
2246 1019 2385 1087 quod
2427 1018 2616 1072 saecula
2661 1018 2935 1084 condidit,
2970 1032 3066 1087 per
3098 1019 3238 1087 quod
3277 1026 3331 1072 et
3372 1017 3423 1071 in
3466 1031 3571 1086 quo

2008 1108 2310 1163 consistunt
2354 1110 2571 1172 omnia,
2611 1106 2750 1176 quod
2794 1122 2977 1162 verum
3024 1108 3233 1174 lumen,
3273 1119 3571 1177 naturaque

2007 1199 2187 1254 omnia
2214 1199 2494 1253 viviﬁcans
2520 1208 2603 1254 est
2632 1199 2762 1271 (vita
2793 1210 2875 1253 est
2906 1200 3072 1263 enim,
3103 1209 3286 1269 utpote
3315 1214 3381 1253 ex
3408 1198 3570 1254 Patre

2007 1290 2115 1344 vita
2137 1290 2478 1360 procedens),
2502 1290 2809 1343 novissimis
2830 1289 3007 1343 saeculi
3035 1290 3385 1357 temporibus,
3408 1287 3572 1342 Patre

2006 1396 2103 1451 pro
2131 1396 2225 1435 sua
2256 1380 2586 1451 benignitate
2618 1380 2690 1433 ita
2715 1381 2957 1446 volente,
2984 1395 3090 1449 quo
3119 1380 3369 1434 nimirum
3399 1392 3577 1447 genus

2006 1473 2322 1538 humanum,
2345 1473 2486 1542 quod
2512 1474 2565 1527 in
2590 1474 3018 1549 maledictionetn
3044 1474 3346 1544 prolapsum
3370 1473 3590 1540 fuerat”

2004 1574 2059 1620 et
2097 1580 2192 1635 per
2224 1575 2502 1635 peccatum
2543 1564 2595 1619 in
2639 1576 2862 1619 mortem
2904 1573 2958 1618 et
2997 1564 3397 1634 corruptionem
3432 1578 3570 1633 prae-

2004 1672 2132 1727 ceps
2160 1658 2387 1719 abierat,
2419 1657 2763 1720 restitueret,
2789 1655 3019 1709 Abrahm
3050 1668 3231 1709 semen
3262 1654 3566 1723 apprehen-

340 1762 732 1834 ποιησάμενος,
762 1755 1022 1825 ἐγεννήθη
1057 1751 1332 1823 σαρκικῶς
1359 1750 1445 1803 διὰ
1491 1748 1589 1819 τῆς
1621 1748 1781 1816 ἁγίας
1809 1749 1900 1801 καὶ

2007 1751 2173 1815 tisse,
2202 1750 2352 1805 carni
2383 1764 2597 1819 quoque
2624 1758 2678 1802 et
2710 1749 2978 1817 sanguini,
3005 1749 3297 1802 secundum
3328 1747 3569 1817 Scriptu-

342 1855 593 1912 θεοτόκου
625 1849 864 1921 Μαρίας.

1938 1835 1978 1889 Β
2009 1854 2098 1893 ras
2125 1839 2191 1905 ⁸⁵,
2234 1839 2696 1898 communicasse,
2742 1837 2844 1890 hoc
2888 1846 3002 1901 est,
3052 1836 3323 1890 hominem
3370 1835 3569 1890 factum

339 1962 493 2013 esse;
526 1957 688 1998 carne
720 1948 995 2009 assumpta
1019 1976 1035 2002 ,
1095 1936 1392 2004 eademque
1425 1930 1643 2001 prapria
1710 1930 1812 1985 sibt
1883 1929 2108 1994 reddita,
2146 1944 2176 1985 e
2235 1938 2423 1983 sancta
2458 1936 2513 1982 et
2556 1926 2784 1997 Deipara
2822 1926 2985 1980 Maria
3025 1925 3316 1981 secundum
3352 1940 3570 1981 carnem

340 2051 525 2097 natum
555 2048 696 2088 esse.

410 2135 485 2186 A'.
538 2127 697 2183 Ἀλλὰ
725 2123 899 2179 καίτοι
947 2122 1066 2175 καθ’
1111 2121 1257 2192 ἡμᾶς
1284 2117 1542 2188 γεγονὼς,
1570 2117 1665 2171 καὶ
1686 2115 1785 2186 τὴν
1809 2114 1903 2169 τοῦ

338 2224 522 2281 δούλου
556 2220 767 2292 μορφὴν
794 2213 1152 2291 οἰκονομικῶς
1179 2210 1398 2276 ὑποδὺς,
1429 2210 1733 2280 μεμένηκεν
1757 2209 1813 2261 ὲν
1835 2209 1901 2276 τῇ

342 2315 482 2371 κατὰ
508 2312 669 2384 φύσιν
697 2309 909 2378 θεότητι
932 2307 1028 2359 καὶ
1051 2304 1352 2376 κυριότητιί.
1381 2302 1455 2355 Οὐ
1487 2301 1595 2371 γὰρ
1629 2299 1905 2352 πέπαυται

339 2406 435 2462 τοῦ
465 2402 605 2459 εἶναι
649 2401 803 2464 Θεὸς,
846 2400 896 2452 εἰ
946 2398 1041 2452 καὶ
1078 2396 1271 2466 γέγονε
1306 2392 1463 2463 σὰρξ,
1490 2391 1735 2445 τουτέστι
1778 2387 1902 2443 καθ’

340 2500 488 2574 ἡμᾶς
528 2514 587 2550 τε
631 2493 723 2549 καὶ
768 2490 1073 2561 ἄνθρωπος.
1116 2486 1332 2557 Ἐπειδὴ
1360 2485 1416 2574 δὲ
1462 2485 1725 2554 ἄτρεπτος
1759 2481 1903 2574 κατὰ

340 2572 524 2662 φύσιν,
551 2586 625 2649 ὠς
654 2584 805 2648 Θεὸς,
837 2578 1158 2654 μεμενηκὼς
1198 2578 1334 2649 ὅπερ
1361 2572 1429 2646 ἦν
1471 2576 1578 2641 ἀεὶ,
1625 2574 1720 2627 καὶ
1763 2572 1903 2638 ἐστι,

340 2681 434 2737 καὶ
461 2678 636 2742 ἔσται,
662 2674 1065 2747 κεχρημάτικεν
1095 2669 1221 2734 Υἱὸς
1248 2666 1557 2739 ἀνθρώπου.

410 2947 485 3002 Ε¹.
527 2946 636 3001 Καὶ
688 2942 875 3013 ἐπειδὴ
922 2936 1296 3007 καταϐέϐηκεν
1343 2931 1486 2985 ἑκὼν
1531 2931 1588 2984 ὲν
1637 2929 1751 2992 τοῖς
1797 2928 1901 2998 τῆς

338 3035 757 3108 ἁνθρωπότητος
788 3034 1005 3103 μέτροις
1044 3026 1287 3100 (καθῆκε
1320 3024 1428 3094 γὰρ
1469 3020 1657 3075 ἑαυτὸν
1686 3021 1766 3084 εἰς
1804 3018 1901 3073 κέ-

2080 2113 2166 2169 IV.
2201 2115 2272 2169 At
2297 2114 2541 2183 quamvis
2558 2111 2791 2167 Verbum
2820 2120 3060 2165 nostram
3088 2118 3333 2164 naturam
3363 2125 3575 2165 assuma-

2009 2206 2197 2272 pserit,
2226 2203 2585 2271 servilstnque
2615 2201 2843 2254 formam
2873 2201 3272 2271 dispensatione
3299 2200 3574 2269 induerit;

2007 2294 2371 2363 perseveravit
2411 2292 2763 2347 nihilominus
2795 2292 2847 2345 in
2880 2305 2941 2345 ea
2974 2292 3255 2362 majestate
3289 2301 3344 2345 et
3377 2292 3573 2348 divini»

2008 2394 2143 2452 tate,
2175 2398 2294 2454 quae
2328 2384 2623 2439 secundum
2659 2391 2903 2437 naturam
2941 2384 3041 2451 ipsi
3082 2384 3353 2437 convenit.
3387 2382 3574 2453 Neque

2007 2477 2151 2532 enim
2183 2476 2342 2531 desiit
2371 2475 2513 2531 Deus
2539 2490 2679 2538 esse,
2708 2475 2918 2530 etiamsi
2950 2475 3148 2528 factum
3178 2485 3261 2529 est
3287 2490 3437 2539 caro,
3468 2478 3572 2532 hoc

2007 2577 2111 2632 est,
2138 2566 2307 2621 nostri
2328 2566 2543 2631 similis,
2567 2576 2621 2621 et
2646 2565 2827 2620 homo.
2852 2565 2983 2618 Nam
3010 2579 3151 2628 cum,
3172 2576 3230 2618 ut
3254 2565 3415 2633 Deus,
3441 2568 3571 2621 nulli

2008 2660 2303 2715 secundum
2327 2669 2572 2713 naturam
2596 2659 2886 2713 obnoxium
2912 2659 2980 2713 sit
3003 2662 3286 2716 mutationi
3306 2701 3321 2725 ,
3349 2675 3573 2715 manens

2009 2752 2061 2805 id
2088 2751 2230 2820 quod
2258 2759 2406 2816 erat,
2433 2760 2547 2814 est,
2577 2764 2897 2819 semperque
2926 2751 3059 2816 erit,
3091 2751 3263 2807 factus
3292 2762 3374 2806 est
3402 2752 3573 2809 Filius

2007 2840 2265 2895 hominis.
3402 2862 3405 2867 ν

2080 2930 2142 2985 V.
2167 2930 2433 2985 Caeterum
2456 2930 2613 2986 simul
2645 2939 2807 3000 atque
2826 2945 2891 2986 ao
2924 2931 3171 2986 humana:
3198 2940 3404 2985 naturae
3426 2930 3576 2999 leges

2006 3023 2174 3078 semel
2199 3023 2475 3079 descendit
2492 3024 2777 3097 (siquidem
2799 3039 2893 3078 sua
2922 3032 3112 3093 sponte
3137 3040 3197 3078 se
3230 3022 3585 3093 exinanivit),

338 3145 501 3184 νωσιν
527 3139 562 3194 ι,
598 3124 1014 3197 ὑπομεμένηκεν
1037 3117 1346 3189 ἀναγκαίως
1389 3115 1482 3170 καὶ
1521 3113 1773 3183 γέννησιν
1807 3111 1900 3179 τὴν

2006 3134 2109 3174 non
2151 3119 2321 3189 potuit
2352 3133 2418 3173 ex
2464 3120 2691 3174 muliere
2728 3133 2943 3189 quoque
2997 3133 3103 3173 non
3142 3119 3311 3173 nasci.
3352 3118 3468 3173 Nec
3501 3119 3573 3172 ob

341 3220 407 3271 ὲκ
432 3216 708 3287 γυναικὸς,
729 3215 829 3268 οὐκ
853 3213 1026 3283 ἀρχὴν
1048 3210 1142 3264 τοῦ
1178 3204 1319 3262 εἶναι
1343 3206 1617 3276 λαϐούσης
1636 3203 1732 3273 τῆς
1755 3202 1904 3265 θείας

338 3308 505 3363 αὐτοῦ
528 3307 764 3377 φύσεως,
793 3305 881 3358 ὅτε
913 3302 1053 3356 κατὰ
1076 3300 1255 3370 σάρκα
1276 3294 1635 3367 γεγεννῆσθαι
1665 3292 1901 3360 λέγεται’

337 3400 453 3456 ἀλλ’
493 3394 562 3471 ἦν
603 3398 701 3469 μὲν
735 3397 827 3449 καὶ
858 3394 1025 3455 ἔστιν,
1062 3391 1137 3455 ὼς
1186 3390 1343 3461 ἔφην,
1395 3388 1459 3440 ὲκ
1505 3384 1640 3438 Θεοῦ
1688 3382 1905 3454 Πατρὸς

337 3491 583 3565 φυσικῶς
606 3507 664 3543 τε
692 3489 787 3543 καὶ
812 3484 1028 3556 ἀληθῶς
1052 3484 1081 3535 6
1114 3482 1307 3550 Λόγος.
1338 3478 1559 3547 Ἐπειδὴ
1591 3476 1648 3529 δὲ
1675 3477 1776 3529 οὐκ
1805 3474 1902 3528 ἇν-

342 3584 559 3654 ορωπος
601 3581 787 3643 ἁπλῶς
818 3580 1017 3631 νοεῖται
1054 3573 1174 3628 καθ’
1220 3573 1370 3643 ἡμᾶς
1412 3572 1440 3623 6
1478 3572 1545 3623 ὲκ
1588 3567 1690 3636 τῆς
1739 3566 1902 3653 ἁγίας

336 3675 615 3747 Παρθένου
655 3667 1050 3743 γεγεννημένος
1073 3707 1087 3730 ,
1137 3664 1252 3719 ἁλλ’
1307 3663 1468 3725 αὐτὸς
1516 3659 1820 3731 σαρκωθεὶς
1873 3658 1903 3710 6

336 3754 527 3837 Λόγος,
551 3767 645 3821 καὶ
679 3764 808 3818 ἴδιον
853 3762 992 3831 ἔχων
1021 3758 1177 3828 σῶμα
1208 3755 1269 3809 τὸ
1302 3756 1360 3820 ὲξ
1396 3753 1589 3823 αὐτῆς,
1619 3751 1708 3805 διὰ
1743 3749 1903 3803 τοῦτο

335 3858 557 3927 λέγεται
584 3854 946 3927 γεγεννῆσθαι
980 3849 1279 3922 σαρκικῶς,
1314 3847 1389 3911 ὡς
1416 3846 1513 3916 τῆς
1542 3844 1678 3907 ἰδίας
1701 3842 1901 3913 σαρκὸς

337 3953 434 4025 τὴν
459 3952 711 4022 γέννησιν
737 3945 937 4000 οἱκειού
946 3961 1126 4016 μενος.

407 4129 495 4195 ς’.
538 4126 603 4179 Οἱ
647 4124 703 4180 δὲ
750 4079 1001 4192 λέγοτθτες
1039 4121 1313 4185 ἀσυνέτως
1350 4118 1611 4173 Θεοτόκον
1632 4116 1732 4171 οὐκ
1764 4111 1901 4169 εἶναι

332 4215 432 4285 τὴν
460 4214 622 4284 ἁγίαν
664 4214 959 4283 Παρθένον,
1003 4212 1366 4282 ἐμπίπτουσιν
1391 4207 1704 4277 ἀναγκαίως
1730 4206 1811 4268 εἰς
1840 4204 1901 4257 τὸ

332 4307 428 4363 δύο
457 4306 640 4375 λέγειν
668 4307 820 4369 υἱοὺς
845 4306 940 4357 τοῦ
975 4304 1131 4357 Θεοῦ.
1166 4303 1230 4355 El
1258 4302 1366 4372 γὰρ
1394 4299 1468 4370 μὴ
1494 4298 1682 4351 τέτοκε
1706 4312 1897 4366 σαρκι-

2006 3209 2058 3265 id
2093 3219 2269 3265 tamen
2303 3210 2484 3264 divina
2517 3210 2663 3266 illius
2691 3219 2880 3264 natura
2920 3211 3216 3264 exsistendi
3249 3209 3576 3279 principium-

2006 3309 2117 3354 tum
2157 3300 2371 3356 demum
2410 3303 2659 3371 sumpsit,
2693 3317 2815 3356 cum
2856 3302 2987 3357 illud
3014 3302 3307 3356 secundum
3353 3281 3570 3355 carnem

2006 3406 2189 3448 natum
2222 3394 2441 3450 dicitur.
2475 3394 2581 3448 Sed
2610 3393 2967 3464 fuitquidem,
2999 3394 3107 3466 45
3136 3406 3190 3449 et
3220 3405 3303 3448 est
3330 3394 3570 3465 (ut'dixi)

2003 3500 2067 3540 ex
2103 3485 2213 3540 Deo
2242 3485 2400 3541 Patre
2431 3487 2748 3542 naturaliter
2769 3496 2825 3542 et
2851 3502 2977 3541 vere
3010 3487 3268 3541 Verbum.
3302 3486 3569 3553 Quoniam

2003 3590 2133 3632 vero
2157 3578 2203 3632 is
2231 3578 2322 3647 qui
2353 3594 2420 3633 ex
2453 3594 2606 3634 sacra
2651 3578 2871 3650 Virgine
2909 3588 3068 3634 natus
3115 3589 3216 3641 est,
3265 3595 3369 3632 non
3408 3579 3574 3634 homo

2004 3669 2317 3740 simpliciter
2343 3679 2401 3725 ut
2427 3686 2546 3736 nos,
2580 3671 2672 3725 sed
2710 3670 2888 3738 ipsum
2927 3669 3019 3724 Dei
3054 3669 3282 3725 Verbum
3322 3672 3571 3724 incarna-

2002 3767 2115 3814 tum
2143 3760 2475 3831 intelligitur,
2504 3761 2643 3829 quod
2674 3774 2869 3830 corpus
2900 3774 2966 3814 ex
2995 3761 3110 3830 ipsa
3144 3770 3411 3830 sumptum
3446 3775 3570 3829 pro-

2000 3852 2179 3923 prium
2213 3852 2313 3907 sibi
2339 3852 2504 3916 fecit,
2544 3852 2672 3907 hinc
2702 3861 2786 3907 est
2824 3854 2966 3921 quod
3009 3854 3299 3907 secundum
3348 3866 3567 3905 carnem

2002 3952 2189 3997 natum
2227 3942 2445 4006 dicitur,
2479 3944 2662 3995 carnis
2698 3941 2952 3995 nimirum
2987 3942 3319 3996 nativitatem
3354 3951 3412 3996 ut
3440 3957 3567 4011 pro-

2000 4034 2173 4103 priam
2204 4034 2254 4086 in
2280 4048 2338 4088 se
2366 4035 2722 4089 transferens.

2071 4125 2159 4181 Vl.
2200 4124 2281 4180 llli
2323 4136 2500 4180 autem
2550 4130 2643 4195 qui
2695 4140 2905 4181 sacram
2954 4124 3229 4195 Virginem
3283 4125 3585 4190 Deiparam-

2000 4228 2121 4271 esse
2144 4214 2390 4284 imperite
2417 4227 2635 4285 negant,
2664 4215 2767 4270 huc
2796 4217 3099 4271 necessario
3145 4217 3449 4285 adiguntur,
3496 4226 3567 4269 ut

2001 4308 2135 4363 duos
2190 4306 2285 4362 Dei
2336 4306 2475 4363 ﬁlios
2531 4308 2887 4364 constituant.
2938 4307 3071 4362 Nam
3123 4310 3165 4363 si
3202 4324 3353 4364 sacra
3398 4307 3568 4379 Virgo

333 4396 448 4461 κῶς
479 4395 828 4467 σαρκωθέντα
869 4394 1000 4448 Θεὸν
1032 4395 1066 4465 ἡ
1112 4394 1241 4463 ἁγία
1272 4393 1565 4464 Παρθένος,
1598 4388 1750 4443 πᾶσὰ
1781 4406 1897 4452 πως

2003 4397 2169 4452 Deum
2202 4397 2541 4452 incarnatum
2585 4398 2883 4453 secundum
2926 4411 3145 4453 carnem
3197 4413 3300 4452 non
3337 4402 3562 4467 peperit,

332 4488 545 4558 ἀνάγκη
574 4488 669 4541 καὶ
688 4487 786 4557 οὐχ
814 4487 1038 4549 ἑκόντας
1065 4486 1260 4548 αὐτοὺς
1279 4484 1577 4555 ὁμολογεῖν,
1610 4484 1691 4536 ὅτι
1716 4483 1893 4535 κοινὸν

2002 4489 2085 4544 vel
2113 4490 2263 4544 inviti
2298 4491 2597 4546 concedant
2624 4499 2854 4559 oportet,
2883 4490 3152 4543 hominem
3197 4497 3402 4543 tantum
3449 4492 3564 4543 vul-

329 4578 658 4649 γεγέννηκεν
692 4577 977 4648 ἄνθρωπον
1003 4615 1020 4642 ,
1056 4576 1207 4629 οὐδὲν
1251 4574 1442 4645 ἔχοντα
1476 4574 1606 4644 παρ’
1649 4572 1799 4644 ἡμᾶς
1835 4571 1897 4623 τὸ

2002 4592 2216 4648 garem,
2263 4578 2526 4649 nobisque
2576 4578 2746 4634 nihilo
2791 4578 3226 4634 excellentiorem
3278 4578 3331 4632 in
3386 4579 3557 4634 lucem

332 4670 537 4723 πλεῖον.
567 4665 703 4723 Εἶτα
730 4669 845 4732 πῶς
883 4668 1032 4739 αὐτῷ
1064 4667 1271 4737 κάμψει
1298 4668 1405 4720 πᾶν
1438 4667 1589 4735 γόνυ,
1620 4665 1715 4718 καὶ
1747 4664 1896 4716 πᾶσα

331 4758 552 4828 γλῶσσα
579 4757 1054 4829 ἐξομολογήσεται,
1082 4757 1163 4811 ὅτι
1194 4757 1398 4828 Κύριος
1436 4754 1638 4827 Ἰησοῦς
1663 4754 1895 4825 Χριστὸς

333 4850 414 4913 εἰς
458 4850 615 4916 δόξαν
658 4848 794 4903 Θεοῦ
836 4850 1080 4918 Πατρὸς;
1129 4849 1254 4913 Πῶς
1301 4848 1454 4919 αύτῷ
1502 4845 1894 4918 προσκυνοῦσιν

330 4942 575 5011 ἄγγελοι,
597 4941 820 4996 καὶτῶν
850 4940 1111 4995 ἀνωτάτω
1138 4941 1418 5011 δυνάμεων
1436 4942 1469 5008 ἡ
1502 4939 1631 5006 ἁγία
1663 4937 1890 5008 πληθύς;

329 5028 457 5105 'Ap’
485 5028 579 5086 οὖν
606 5023 876 5103 ἀνθρώπῳ
908 5032 1071 5104 κοινῷ
1109 5031 1435 5102 λελάτρευκε
1466 5030 1586 5091 μεθ’
1614 5030 1771 5100 ἡμῶν
1802 5029 1893 5082 καὶ

332 5122 553 5193 σύμπας
582 5124 612 5175 6
639 5124 896 5193 οὐρανός;
924 5124 1015 5194 Μὴ
1063 5124 1271 5191 γένοιτο
1288 5137 1304 5150 °
1347 5121 1755 5192 προσκυνοῦμεν
1782 5120 1891 5191 γὰρ

329 5214 407 5276 ὡς
451 5214 581 5267 Θεὸν
624 5215 874 5285 ἀληθινὸν
918 5215 1009 5268 τὸν
1058 5213 1425 5285 Ἐμμανουήλ.
1457 5214 1649 5267 Ἔσται
1692 5212 1749 5265 δὲ
1795 5212 1893 5282 οὐχ

330 5302 531 5372 ἑτέρως
565 5304 955 5373 προσκυνητὸς,
983 5302 1078 5356 έὰν
1109 5303 1183 5374 μὴ
1212 5302 1578 5373 πιστεύωμεν,
1615 5302 1698 5354 ὅτι
1731 5301 1893 5365 αὐτὸς

328 5395 359 5447 6
386 5394 451 5445 ὲκ
479 5393 614 5447 Θεοῦ
648 5393 842 5461 Λόγος,
872 5396 900 5446 6
929 5392 1079 5463 παρὰ
1121 5393 1297 5464 πάσης
1323 5393 1421 5462 τῆς
1466 5392 1696 5455 κτίσεως
1726 5407 1893 5462 προσ-

329 5484 679 5554 κυνούμενος,
710 5484 846 5555 σὰρξ
874 5485 1091 5554 ἐγένετο
1112 5484 1252 5538 κατὰ
1275 5482 1375 5547 τὰς
1398 5484 1619 5555 Γραφάς
1636 5499 1649 5513 ·
1684 5482 1783 5536 οὐκ
1812 5483 1892 5546 είς

334 5574 513 5646 σάρκα
542 5574 1032 5647 μεταϐεϐλημένος,
1059 5576 1175 5632 ἀλλ’
1208 5577 1273 5629 ὲκ
1293 5574 1392 5646 τῆς
1418 5575 1579 5643 ἁγίας
1612 5573 1886 5648 Παρθένου

1994 4668 2248 4725 edidisse.
2291 4671 2441 4736 Quod
2499 4671 2543 4726 si
2602 4685 2687 4725 res
2733 4671 2805 4723 ita
2856 4669 3037 4733 habet,
3066 4684 3170 4739 qua
3204 4670 3429 4723 obsecro
3475 4688 3562 4725 ra—

1998 4760 2165 4824 tione,
2197 4775 2359 4816 omne
2386 4774 2524 4831 genu
2550 4759 2623 4814 illi
2657 4760 3045 4823 incurvabitur,
3078 4760 3360 4828 omnisque
3383 4759 3563 4828 lingua

1995 4852 2361 4914 conﬁtebitur,
2394 4851 2538 4919 quod
2574 4850 2833 4904 Dominus
2855 4860 3039 4904 noster
3064 4847 3224 4905 Jesus
3254 4858 3337 4905 est
3367 4850 3417 4904 in
3445 4851 3563 4920 glo-

1998 4939 2076 4993 ria
2122 4938 2214 4993 Dei
2262 4938 2438 4994 Patris
2458 4938 2544 4991 “?
2589 4939 2866 5004 Quomodo
2918 4938 3127 5009 angeli,
3176 4948 3232 4993 et
3284 4953 3439 4994 sacer
3478 4941 3566 4995 ille

2000 5032 2298 5086 cmlestium
2351 5030 2607 5084 virtutum
2660 5039 2836 5085 cauus
2886 5030 3033 5085 illum
3082 5032 3269 5086 adoret
3289 5032 3376 5085 ‘7?
3420 5031 3567 5085 Nun-

2000 5122 2127 5192 quid
2178 5121 2450 5176 hominem
2494 5134 2865 5185 communem,
2916 5131 2971 5175 et
3004 5136 3100 5176 nos
3154 5130 3209 5176 et
3253 5123 3563 5176 universum

1998 5214 2193 5270 coelum
2262 5214 2521 5268 hactenus
2574 5212 2944 5282 percolimus?
2998 5212 3202 5269 Absit:
3270 5213 3561 5267 adoramus

1999 5307 2144 5363 enim
2177 5303 2597 5359 Emmanuelem-
2632 5314 2886 5372 tanquam
2938 5318 3125 5359 verum
3175 5303 3362 5358 Deum.
3400 5305 3593 5374 Atqui.

2001 5395 2141 5450 nulla
2177 5395 2383 5449 ratione
2426 5395 2637 5448 adorari
2674 5404 2874 5463 potest,
2918 5395 3021 5450 nisi
3065 5397 3348 5450 credamus
3389 5396 3564 5466 ipsum

1998 5488 2092 5543 Dei
2119 5487 2295 5542 Patris
2319 5485 2575 5554 Verbum,
2605 5488 2746 5557 quod
2787 5489 2854 5540 ab
2897 5489 3166 5543 universa-
3187 5499 3433 5542 creatura
3466 5491 3564 5542 ad-

1996 5584 2205 5642 oratur,
2239 5575 2531 5632 secundum
2574 5575 2882 5646 Scripturas
2911 5592 3129 5633 carnem
3162 5578 3363 5633 factum
3396 5591 3516 5637 05st:
3546 5596 3583 5632 ε,

398 5751 630 5810 “llcbr.
657 5770 716 5823 ιι,
767 5755 849 5824 Ιιί,
894 5756 972 5811 l5.
1053 5755 1095 5787 “
1129 5756 1354 5827 Philipp.
1398 5771 1456 5821 ιι,
1503 5754 1583 5820 lO,
1629 5754 1711 5810 ll.
1789 5756 1827 5787 ⁸⁷
1864 5754 2024 5811 llcbr.
2067 5770 2104 5822 ι,
2145 5754 2199 5811 0.
