4044 6332
484 332 630 393 im

1472 341 1531 396 S.
1567 342 1835 399 CYRILLl
1874 345 2335 405 ALEXANDRINI
2371 350 2685 408 ARCHIEP.

3568 362 3722 418 1208

488 468 598 510 non
631 451 790 546 quod
842 453 899 510 in
952 467 1175 546 carnem
1226 454 1559 546 demutatum
1620 460 1917 525 transierit,
1953 462 2041 517 sed

2153 464 2329 535 σάρκα
2364 466 2562 534 λαϐὼν,
2592 467 2669 533 ὡς
2692 468 2850 539 ἔφην,
2885 469 2981 524 καὶ
3020 472 3367 545 ἀνθρωπινην
3399 476 3518 545 μεθ’
3550 474 3723 546 ἡμῶν

501 544 644 613 quod
678 557 744 617 ex
776 542 889 614 ipsa
919 557 1074 599 saera
1107 542 1324 615 Virgine
1354 559 1569 601 carnem
1611 550 1925 618 susceperit,
1954 550 2052 606 hu-

492 648 841 705 manamque,
891 642 951 689 ut
1003 642 1128 689 ante
1182 636 1482 705 expositum
1538 649 1641 704 est,
1695 640 2045 708 nativitatem,

480 725 715 795 perinde
742 742 806 782 ac
834 742 953 791 nos,
982 729 1274 795 subiverit;
1310 745 1415 798 quo
1450 730 1702 784 nimirum
1746 733 1907 787 homo
1949 749 2047 788 no-

478 819 585 877 stri
620 834 781 875 causa
811 818 1033 886 factum,
1066 836 1217 876 more
1250 821 1467 890 quidem
1500 821 1727 875 aliorum
1771 824 2046 878 hominum

488 922 716 966 mortem
747 920 1043 982 pateretur,
1086 913 1394 983 proculcato
1423 923 1600 968 autem
1645 916 1833 969 mortis
1878 916 2046 985 impe—

490 996 590 1061 rio,
620 999 800 1054 divina
838 1002 887 1067 vi
925 1017 1136 1056 rursum
1178 1014 1504 1071 resurgeret.
1551 1002 1661 1057 Hoc
1704 1005 1845 1059 enim
1887 1008 2048 1062 modo

486 1085 688 1143 factum
722 1098 827 1155 est,
858 1100 917 1145 ut
959 1106 1056 1146 nos
1102 1107 1315 1161 quoque
1361 1108 1456 1161 per
1503 1093 1774 1148 Christum
1811 1096 2048 1162 vincere,

476 1186 812 1249 .peccatoque
849 1180 1131 1246 debellato,
1159 1198 1223 1236 ac
1256 1184 1425 1251 posita
1480 1186 1822 1254 corruptione
1845 1226 1862 1251 ,
1901 1204 2048 1243 mor-

488 1281 595 1326 tem
616 1270 853 1340 «en‘ttgere
885 1287 1185 1340 possemus,
1214 1273 1504 1344 laetitiaque
1554 1275 1604 1328 in
1643 1274 1863 1331 Christo
1905 1278 2045 1347 pleni

2154 555 2453 625 ὑπομείνας
2501 558 2789 630 γέννησιν·
2852 561 2941 615 ἶνα
2995 564 3086 616 καὶ
3135 564 3417 635 ἄνθρωπος
3467 566 3718 635 γεγονὼς

2152 646 2292 717 ὑπὲρ
2344 649 2520 719 ήμῶν,
2564 650 2810 723 ἀποθάνῃ
2851 652 2950 723 μὲν
2997 654 3372 725 ἀνθρωπίνως,
3406 657 3612 725 ἀναστῇ
3650 655 3714 707 δὲ

2151 737 2370 803 θεῖκῶς,
2401 744 2647 814 πατήσας
2680 743 2777 797 τοῦ
2807 743 3035 798 θανάτου
3065 745 3124 797 τὸ
3163 748 3380 817 κράτος.
3411 746 3565 801 υῦτω
3598 750 3715 814 γὰρ

2148 824 2217 900 ἦν
2263 830 2521 886 δύνασθαι
2570 836 2665 889 καὶ
2698 836 2848 905 ἡμᾶς
2882 836 2963 899 ὡς
3007 837 3065 890 ὲν
3111 838 3330 909 Χριστῷ
3379 841 3715 909 νικήσαντας

2154 924 2628 995 κατευμεγεθῆσαι
2664 927 2764 996 μὲν
2792 927 2889 996 τῆς
2922 929 3218 999 ἁμαρτίας,
3251 930 3624 983 ἀποδύσασθαι
3651 929 3717 980 δὲ

2151 1010 2250 1083 τὴν
2282 1013 2507 1084 φθορὰν,
2549 1015 2642 1069 καὶ
2674 1016 2956 1085 διαδρᾶναι
2988 1017 3236 1083 θάνατον,
3264 1018 3409 1072 οὕτω
3447 1037 3504 1072 τε
3532 1022 3717 1071 εἰπεῖν

2150 1103 2215 1155 ὲκ
2248 1107 2601 1176 περιχαρείας
2644 1108 2743 1177 τῆς
2768 1110 2826 1161 ὲν
2878 1110 3127 1181 Χριστῷ·
3160 1131 3181 1163 ι
3216 1112 3324 1165 Ποῦ
3356 1114 3389 1181 ἡ
3419 1112 3539 1183 νίκη
3574 1130 3713 1175 σου,

2149 1191 2378 1260 θάνατε;
2425 1195 2528 1248 ποῦ
2557 1197 2618 1250 τὸ
2644 1197 2866 1268 κέντρον
2898 1216 3013 1267 σου,
3044 1200 3181 1270 ᾂδη;
3217 1219 3236 1251 ι
3267 1201 3475 1270 Ὥσπερ
3507 1200 3616 1270 γάρ
3650 1201 3714 1252 ἐν

2160 1282 2332 1354 ’Δδάμ
2373 1284 2757 1356 πεπτώκαμεν,
2803 1286 2944 1340 οὕτω
2987 1290 3348 1358 νενικήκαμεν
3378 1291 3436 1341 ὲν
3465 1288 3713 1358 Χριστῷ.

494 1364 793 1419 diceremus
822 1382 835 1418 :
872 1382 891 1415 ι
929 1363 1028 1420 Ubi
1056 1374 1157 1430 est,
1188 1380 1352 1431 mors,
1395 1366 1616 1421 victoria
1661 1370 1794 1422 tua?
1824 1370 1927 1437 ,ubi
1957 1380 2040 1427 est
2078 1373 2330 1431 stimulus
2352 1384 2498 1442 tuus,
2537 1377 2746 1433 inferne
2770 1378 2854 1433 ‘3?
2879 1397 2899 1431 ι
2934 1378 3003 1434 Ut
3055 1380 3197 1434 enim
3228 1380 3281 1433 in
3314 1380 3481 1435 Adam
3508 1380 3708 1435 devicti
3774 1410 3777 1413 -

493 1470 700 1521 sumus,
731 1456 802 1510 ita
827 1472 1034 1511 rursum
1061 1457 1115 1511 in
1148 1457 1362 1513 Christo
1394 1460 1708 1516 devicimus.

555 1545 665 1602 Vll.
697 1548 849 1613 Quod
879 1548 925 1603 si
958 1548 1194 1618 vulgaris
1225 1559 1431 1603 tantum
1467 1550 1626 1605 homo
1653 1561 1797 1607 esset
1825 1551 2040 1608 Emma—

490 1637 632 1703 nuel,
660 1640 927 1708 quamde
961 1655 1103 1694 mors
1132 1641 1365 1695 hominis
1392 1641 1636 1696 humana:
1660 1652 1862 1698 natura:
1888 1660 2043 1714 opem

2223 1557 2299 1612 Z'.
2343 1560 2405 1612 Ei
2434 1558 2489 1613 δὲ
2523 1560 2806 1632 ἄνθρωπος
2842 1556 2911 1631 ἦν
2943 1560 3114 1624 κοινὸς
3146 1562 3175 1613 6
3203 1560 3563 1632 Ἐμμανουὴλ,
3589 1562 3711 1624 πῶς

2150 1646 2216 1701 ἂν
2239 1649 2485 1720 ὠφέλησε
2514 1653 2613 1721 τὴν
2655 1652 2942 1723 ἀνθρώπου
2970 1652 3129 1721 φύσιν
3160 1655 3189 1706 6
3208 1651 3498 1723 ἀνθρώπου
3546 1653 3712 1706 θάνα-

485 1729 739 1786 tulisset?
770 1730 1056 1786 Enimvero
1105 1746 1211 1785 non
1267 1733 1425 1803 pauci
1465 1741 1771 1788 sanctorum
1824 1736 2041 1804 prophe-

2149 1755 2270 1807 τος;
2320 1740 2510 1795 Καίτοι
2562 1743 2744 1796 πολλοὶ
2788 1742 3167 1814 προαπέθανον
3220 1743 3366 1810 ἅγιοι
3411 1742 3705 1812 προφῆται,

484 1831 662 1874 tarum
688 1830 915 1876 mortem
948 1821 1222 1886 obierunt,
1252 1834 1306 1878 ut
1340 1824 1740 1880 laudatissimus
1770 1825 1858 1880 ille
1882 1826 2050 1879 Abra-

483 1914 632 1978 ham,
686 1912 855 1976 Isaac,
904 1913 1108 1981 Iacob,
1154 1915 1398 1986 Moyses,
1450 1915 1697 1981 Samuel,
1751 1917 2048 1986 reliquique

482 2005 756 2074 deinceps,
791 2006 880 2075 qui
912 2007 1036 2059 vita:
1066 2008 1423 2061 sanctimonia
1451 2007 1754 2062 claruerunt
1781 2025 1795 2073 ;
1828 2024 2045 2062 verum-

484 2107 664 2151 tamen
704 2113 847 2152 mors
903 2098 1117 2152 illorum
1152 2099 1332 2165 generi
1386 2098 1620 2152 humano
1653 2098 1782 2152 nihil
1827 2098 2046 2153 omnino

474 2188 708 2243 contulit
738 2204 752 2241 :
788 2199 844 2241 at
892 2203 1020 2244 vero
1053 2203 1201 2242 mors
1248 2187 1445 2243 Christi
1482 2188 1704 2242 salutem
1758 2191 2042 2258 praestitit;

482 2280 747 2349 siquidem
775 2280 1046 2351 propriam
1075 2294 1173 2349 pro
1214 2280 1367 2334 nobis
1411 2278 1522 2350 46
1565 2296 1781 2335 carnem
1829 2281 2042 2343 obtulit,

482 2370 754 2437 mortique
782 2368 1128 2438 semetipsum
1154 2368 1321 2423 nostri
1352 2384 1512 2422 causa
1550 2372 1891 2433 contradens,
1926 2384 2044 2422 om-

482 2474 581 2514 nes
604 2474 670 2512 ex
711 2459 902 2514 mortis
934 2457 1138 2527 laqueis
1172 2460 1393 2512 exemit.
1447 2458 1594 2513 Unus
1626 2459 1768 2512 enim
1805 2475 1901 2529 pro
1929 2475 2043 2513 om-

480 2550 641 2607 nibus
672 2550 908 2605 moriens
951 2549 1231 2614 satisfecit,
1286 2561 1343 2603 ut
1381 2550 1469 2619 qui
1505 2550 1791 2619 plurimum
1836 2552 2044 2603 cmteris

481 2643 731 2699 omnibus
792 2644 1050 2715 dignitate
1102 2652 1401 2715 praestaret.
1454 2643 1589 2698 Nam
1630 2654 1681 2699 et
1732 2645 1823 2699 Dei
1870 2646 2044 2701 Patris

484 2734 715 2790 Verbum
748 2745 853 2801 est,
897 2744 953 2792 et
1004 2745 1191 2791 natura
1236 2737 1396 2802 Deus,
1441 2748 1496 2792 et
1530 2752 1724 2805 corpus
1764 2741 1902 2806 quod
1948 2754 2043 2807 pro

483 2828 638 2884 nobis
670 2828 720 2882 in
748 2830 968 2884 odorem
998 2830 1282 2885 suavitatis
1324 2829 1430 2883 Deo
1473 2839 1528 2883 et
1572 2828 1714 2883 Patri
1759 2829 2040 2895 oﬂ‘erebat,

470 2924 623 2979 illius
652 2924 936 2993 proprium
990 2922 1121 2979 fuit-
1169 2920 1389 2991 lmpium
1431 2933 1515 2978 est
1562 2938 1725 2993 ergo,
1779 2922 2042 2992 longeque

479 3015 947 3081 absurdissimum,
1002 3030 1167 3069 unum
1228 3014 1509 3069 Dominum
1562 3023 1801 3070 nostrum
1855 3011 2035 3070 Jesu

478 3105 754 3160 Christum
785 3105 839 3160 in
867 3106 1000 3160 duos
1029 3105 1169 3160 ﬁlios
1209 3105 1480 3171 divellere,
1509 3107 1743 3160 maxime
1789 3122 1910 3161 cum
1953 3122 2039 3160 sa-

472 3197 852 3268 pientissimus
885 3196 1082 3252 Paulus
1126 3196 1251 3251 huic
1288 3198 1573 3252 sententia:
1623 3197 1823 3252 diserte
1868 3198 2040 3253 recla-

480 3302 610 3347 met.
636 3292 728 3345 Ait
764 3290 907 3345 enim
940 3306 955 3343 :
996 3308 1014 3341 ι
1056 3288 1207 3345 Unus
1238 3289 1519 3355 Dominus,
1554 3306 1659 3344 una
1698 3290 1850 3355 ﬁdes,
1876 3305 2039 3344 unum

474 3380 743 3450 baptisma
768 3381 834 3435 ”.
874 3399 894 3434 ι
931 3378 1062 3433 Nam
1091 3380 1135 3434 si
1168 3395 1308 3435 unus
1342 3379 1603 3435 duntaxat
1637 3391 1720 3435 est
1760 3380 2038 3445 Dominus,

478 3488 637 3541 quem
668 3472 740 3526 illi
775 3473 829 3528 iu
861 3472 993 3527 duos
1027 3472 1165 3526 ﬁlios
1195 3472 1542 3536 distrahunt,
1570 3471 1701 3536 utri,
1739 3486 1946 3540 quaeso.
1971 3485 2038 3525 ex

478 3564 587 3621 illis
633 3562 1015 3619 dominationis
1046 3562 1276 3632 gloriam
1321 3562 1759 3632 assignabimus?
1819 3565 1899 3615 Au
1949 3560 2040 3615 Dei

472 3656 656 3717 Patris
685 3656 867 3725 genito
896 3654 1109 3710 Verbo?
1132 3655 1186 3708 in
1222 3654 1365 3708 hunc
1391 3668 1639 3723 namque,
1667 3668 1786 3707 eum
1826 3655 2040 3706 univer-

472 3760 660 3804 sorum
684 3745 944 3800 Dominus
973 3744 1149 3812 reipsa
1178 3743 1283 3807 sit,
1309 3752 1363 3797 et
1395 3744 1699 3797 dominatus
1728 3757 1954 3807 nomen,
1985 3751 2040 3796 ct

476 3852 567 3893 res
598 3838 717 3905 ipsa
747 3848 963 3906 quoque
994 3836 1163 3890 multo
1186 3838 1427 3892 maxime
1454 3836 1729 3890 convenit.
1763 3834 1907 3889 Cedo
1941 3850 2039 3888 au-

472 3940 761 3997 ,tenu‘quo
784 3926 998 3983 interim
1046 3927 1167 3982 loco
1216 3927 1443 3981 alterum
1490 3926 1641 3980 illum
1680 3924 2039 3981 habebimus?

476 4019 609 4073 Nam
644 4032 766 4073 eum
814 4018 903 4073 hic
946 4017 1109 4087 priori
1160 4018 1262 4081 illi,
1307 4023 1494 4086 utpote
1540 4016 1767 4072 inﬁnitis
1796 4014 2039 4086 partibus

474 4108 785 4176 excelsiori,
814 4107 942 4178 jure
973 4108 1273 4177 meritoque
1318 4122 1569 4163 cessurus
1611 4108 1700 4175 sit,
1752 4122 2034 4163 necessum

474 4210 561 4258 est
606 4210 677 4257 ιιι
721 4199 1104 4256 dominationis
1155 4199 1365 4254 titulum
1413 4213 1639 4267 prorsus
1685 4199 1915 4254 amittat.
1968 4201 2040 4254 At

474 4291 857 4348 dominationis
888 4291 1094 4363 gloria,
1136 4301 1194 4345 ut
1233 4291 1307 4345 illi
1354 4291 1453 4360 ipsi
1491 4290 1582 4361 qui
1624 4300 1895 4361 separant,
1953 4290 2037 4345 di-

2163 1830 2411 1901 Ἀϐραὰμ
2459 1834 2663 1896 ἐκεῖνος
2708 1836 2735 1887 6
2779 1834 3093 1904 διαϐόητος,
3131 1834 3335 1895 Ἰσαὰκ,
3366 1834 3459 1887 καὶ
3493 1831 3705 1896 Ἰακὼϐ,

2148 1921 2350 1992 Μωσῆς
2381 1939 2462 1984 τε,
2494 1924 2589 1977 καὶ
2619 1925 2870 1997 Σαμουὴλ
2893 1964 2909 1988 ,
2945 1926 3037 1978 καὶ
3079 1926 3127 1977 οί
3173 1925 3403 1996 καθεξῆς
3426 1925 3706 1993 γεγονότες

2149 2008 2293 2077 ἅγιοι
2315 2028 2326 2039 σ
2360 2010 2473 2063 ἀλλ’
2496 2011 2670 2082 ὤνησε
2711 2014 2808 2083 μὲν
2839 2014 2988 2067 οὐδὲν
3017 2014 3077 2067 τὸ
3102 2015 3194 2067 ἐπὶ
3223 2015 3327 2082 γῆς
3358 2014 3463 2066 τῶν
3492 2014 3707 2085 ἀνθρώ·

2146 2117 2264 2153 πων
2294 2099 2447 2167 γένος
2478 2102 2507 2154 6
2540 2103 2762 2156 ἐκείνων
2791 2104 3037 2169 θάνατος,
3062 2104 3267 2156 σέσωκε
3295 2104 3351 2156 δὲ
3378 2105 3405 2155 6
3429 2103 3663 2175 Χριστοῦ
3688 2121 3701 2132 ⁸

2148 2191 2553 2262 προσκεκόμικε
2590 2194 2698 2265 γὰρ
2735 2195 2870 2265 ὑπὲρ
2904 2194 3060 2266 ἡμῶν
3088 2195 3185 2264 τὴν
3215 2194 3348 2248 ἰδίαν
3392 2196 3587 2263 σάρκα,
3613 2196 3707 2246 καὶ

2145 2281 2268 2347 δοὺς
2297 2282 2498 2354 αὐτὴνὶ
2559 2283 2635 2354 τῷ
2664 2284 2877 2354 θανάτῳ
2922 2286 2990 2338 δι’
3032 2286 3200 2355 ἡμᾶς,
3239 2286 3445 2348 πάντας
3476 2285 3707 2351 ἐξείλετο

2143 2374 2252 2427 τῶν
2298 2375 2391 2429 τοῦ
2436 2375 2664 2429 θανάτου
2713 2376 2946 2446 δεσμῶν.
2993 2377 3233 2446 Ἤρκεσε
3283 2376 3389 2446 γάρ
3445 2372 3523 2438 εἷς
3567 2376 3706 2445 ὑπὲρ

2146 2465 2364 2518 πάντων
2413 2465 2697 2519 ἀποθανὼν
2753 2470 2782 2520 6
2832 2468 3048 2523 πάντων
3094 2468 3420 2539 ἀξιώτερος,
3475 2468 3558 2520 ὅτι
3610 2468 3707 2519 καὶ⁵

2148 2556 2308 2625 φύσει
2336 2557 2474 2619 Θεὸς
2502 2558 2530 2609 6
2559 2559 2623 2611 ὲκ
2650 2559 2859 2629 Πατρός
2891 2562 3007 2614 ἐστι
3033 2560 3226 2628 Λόγος,
3257 2576 3349 2613 και
3384 2559 3511 2611 ἴδιον
3540 2555 3705 2610 αὐτοῦ

2148 2645 2326 2713 σῶμα,
2356 2645 2416 2698 τὸ
2447 2646 2579 2718 ὅπερ
2612 2647 2769 2717 ἡμῶν
2800 2650 2879 2712 είς
2903 2650 3079 2719 ὀσμὴν
3108 2650 3331 2712 εὐωδίας
3361 2649 3437 2719 τῷ
3461 2647 3579 2717 Θεῷ
3608 2648 3707 2701 καὶ

2147 2736 2322 2806 Πατρὶ
2355 2738 2913 2809 προσκεκομισμένον.
2961 2739 3169 2793 Οὐκοῦν
3218 2739 3409 2802 ἀσεϐὲς
3429 2778 3444 2802 ,
3475 2738 3568 2791 καὶ
3594 2737 3706 2790 τῶν

2144 2826 2263 2879 λίαν
2298 2827 2710 2894 ὲκτοπωτάτων,
2740 2828 2802 2882 τὸ
2825 2828 3042 2902 τέμνειν
3069 2831 3146 2895 ei;
3179 2830 3327 2893 υἷοὺς
3359 2830 3458 2883 δύο
3490 2828 3575 2882 τὸν
3604 2829 3707 2881 ἕνα

2142 2918 2345 2992 Κύριον
2378 2920 2585 2992 Ἰησοῦν
2629 2923 2881 2993 Χριστόν.
2918 2924 3285 2990 ’Δντιτάξεται
3326 2922 3382 2975 δὲ
3411 2922 3589 2983 αὐτοῖς
3611 2920 3709 2972 καὶ

2146 3011 2175 3065 6
2204 3011 2510 3082 σοφώτατος
2544 3013 2755 3078 Παῦλος
2787 3014 2993 3083 λέγων⁹
3034 3034 3053 3066 ι
3093 3012 3189 3078 Εἷς
3222 3013 3445 3084 Κύριος,
3476 3012 3571 3082 μία
3610 3011 3707 3062 πί-

2146 3120 2284 3168 στις,
2327 3103 2385 3156 ἓν
2418 3104 2719 3175 βάπτισμα.
2760 3125 2780 3157 ι
2817 3107 2879 3161 Εἰ
2906 3106 3013 3179 γάρ
3057 3106 3171 3159 ἐστι
3202 3104 3409 3175 Κύριος
3439 3097 3519 3166 είς
3586 3096 3709 3156 εἶτα

2144 3194 2402 3265 τέμνουσί
2426 3215 2570 3260 τινες
2607 3200 2688 3263 είς
2718 3198 2811 3252 δύο
2843 3199 2992 3262 υἱοὺς
3032 3197 3123 3251 τὸν
3155 3196 3272 3261 ἕνα,
3313 3195 3420 3249 τίνι
3462 3194 3561 3264 τὴν
3604 3193 3709 3262 τῆς

2144 3288 2464 3358 κυριότητος
2490 3288 2645 3354 δόξαν
2677 3289 3076 3361 περιθήσομεν;
3124 3285 3233 3359 ἆρα
3278 3287 3356 3358 τῷ
3399 3288 3463 3339 ὲκ
3495 3285 3711 3355 Πατρὶς

2142 3377 2306 3445 φύντι
2352 3378 2542 3450 Λόγῳ;
2577 3380 2779 3450 πρέπει
2828 3380 2938 3452 γάρ
2983 3378 3130 3449 αὐτῷ
3157 3379 3215 3433 τὸ
3244 3381 3341 3449 τῆς
3388 3376 3711 3447 κυριότητος

2143 3468 2318 3538 ὄνομά
2341 3486 2398 3521 τε
2433 3470 2670 3539 μάλιστα
2693 3471 2787 3523 καὶ
2812 3468 3021 3541 χρῆμα,
3050 3468 3145 3522 καὶ
3172 3467 3316 3521 ἔστιν
3355 3466 3566 3536 ἀληθῶς
3593 3463 3709 3517 τῶν

2141 3559 2283 3612 ὅλων
2312 3561 2607 3629 Δεσπότης.
2643 3555 2776 3614 Εἶτα
2810 3561 2933 3613 ὅποι
2962 3560 3091 3613 ποτὲ
3118 3560 3207 3613 τὸν
3236 3559 3418 3631 ἕτερον
3436 3558 3705 3628 θήσομεν;

2142 3649 2250 3715 ἔξω
2297 3650 2406 3722 γὰρ
2434 3651 2675 3705 κείσεται
2708 3652 2801 3706 τοῦ
2830 3648 2968 3706 εἶναι
3004 3650 3229 3721 Κύριος,
3254 3650 3594 3722 παραχωρῶν
3625 3650 3710 3718 τῷ

2143 3742 2574 3813 προῦπάρχοντι,
2617 3743 2711 3795 καὶ
2743 3742 3090 3815 ἀσυγκρίτως
3127 3742 3509 3813 ὐπρηρμένῳ.
3543 3739 3709 3792 Ἀλλά

2142 3834 2223 3906 τῷ
2250 3835 2315 3887 ὲκ
2343 3834 2619 3902 γυναικὸς,
2650 3834 2724 3898 ὡς
2757 3835 2908 3887 αὐτοί
2950 3851 3113 3903 φασιν
3148 3832 3577 3897 ἀποδιιστάντες,
3605 3830 3709 3893 τὴν

2142 3927 2242 3996 τῆς
2295 3926 2612 3997 κυριότητος
2660 3925 2938 3996 ἀνάψομεν
2974 3925 3149 3990 δόξαν.
3203 3919 3338 3978 Εἶτα
3388 3922 3505 3986 πῶς
3552 3921 3710 3975 ἔσται

2142 4016 2346 4087 Κύριος
2386 4018 2415 4069 6
2454 4017 2519 4070 ὲκ
2557 4015 2692 4069 Θεοῦ
2728 4017 2940 4089 Πατρὸς
2978 4017 3169 4085 Λόγος,
3222 4017 3374 4086 εἴπερ
3407 4014 3557 4077 ὄντος
3586 4012 3708 4075 ἑνὸς

2140 4106 2370 4177 Κυρίου,
2404 4106 2545 4160 κατὰ
2586 4106 2686 4171 τὰς
2730 4107 2772 4159 Γ
2777 4107 2991 4179 ραφάς,
3037 4090 3308 4178 ἀνθρώπῳ
3336 4103 3476 4175 ψιλῷ
3510 4104 3573 4157 τὸ
3604 4103 3707 4171 τῆς

2141 4198 2457 4269 κυριότητος
2482 4198 2651 4269 ὄνομα
2675 4198 3046 4269 χαριούμεθα;
3094 4198 3217 4262 Πῶς
3254 4197 3312 4251 δὲ
3341 4197 3435 4250 καὶ
3483 4194 3581 4265 μία
3613 4192 3707 4245 πί-

2143 4305 2294 4354 στις;
2322 4289 2355 4361 ἢ
2386 4289 2503 4353 πῶς
2526 4290 2584 4342 ἓν
2606 4290 2669 4343 τὸ
2693 4289 3006 4361 βάπτισμα;
3038 4291 3103 4344 Ei
3132 4290 3239 4361 γὰρ
3266 4290 3371 4342 υἱοὶ
3398 4287 3520 4353 δύο,
3566 4285 3708 4339 κατά

473 4393 631 4449 euut,
659 4399 692 4439 e
724 4384 948 4439 muliere
978 4391 1239 4454 prognato
1268 4383 1554 4437 tribuetur.
1585 4380 1718 4437 Cum
1758 4381 1924 4450 igitur
1948 4396 2037 4436 sa-

2146 4398 2316 4445 τινας,
2358 4381 2439 4445 είς
2476 4380 2597 4433 τίνα
2644 4381 3006 4452 πιστεύομεν;
3048 4380 3162 4451 Τῆς
3200 4378 3422 4433 ἐκείνων
3466 4376 3705 4447 ἀμαθίας

471 4489 689 4530 crarum
739 4475 1069 4530 Litterarum
1121 4474 1459 4538 testimonio,
1498 4490 1639 4529 unus
1691 4484 1902 4528 tantum
1959 4474 2035 4528 sit

472 4567 770 4633 Dominus;
803 4565 1261 4624 sidominationis
1302 4565 1615 4621 vocabulum
1648 4566 1790 4621 nudo
1826 4565 2032 4621 homini

2142 4471 2302 4542 ἔργον
2341 4470 2408 4526 ἂν
2439 4470 2523 4542 εἴη
2553 4470 2751 4539 λέγειν,
2800 4471 2881 4535 είς
2910 4489 2964 4541 γε
3015 4472 3162 4536 τίνος
3221 4471 3392 4541 ὄνομα
3441 4467 3704 4541 βεϐαπτί-

2142 4562 2337 4633 σμεθα,
2368 4563 2543 4617 καίτοι
2575 4564 2947 4634 βαπτίσματος
2984 4564 3134 4628 ὄντος
3163 4565 3300 4627 ἑνός.

473 4659 840 4731 impartimur,
896 4661 1168 4730 quomodo
1206 4659 1299 4715 Dei
1342 4658 1519 4714 Patris
1580 4659 1816 4715 Verbum
1874 4658 2255 4715 dominationis
2314 4658 2672 4727 appellatione
2718 4658 3233 4716 cohunestabimus?
3259 4659 3536 4726 Quomodo
3580 4670 3705 4711 rur-

470 4766 588 4805 sum
639 4766 743 4817 una
773 4750 879 4807 erit
907 4751 1060 4816 ﬁdes,
1086 4762 1141 4809 et
1186 4770 1348 4808 unum
1404 4755 1533 4811 item
1587 4754 1893 4822 baptisma?
1930 4753 2061 4808 Nam
2105 4754 2150 4808 si
2181 4752 2284 4808 duo
2334 4760 2459 4807 sunt
2488 4751 2605 4817 ﬁlii,
2647 4760 2705 4806 ut
2744 4752 2963 4822 quidam
2999 4753 3305 4822 opinantur,
3346 4752 3396 4806 in
3431 4765 3590 4820 quem
3633 4763 3706 4803 ex

471 4844 577 4900 illis
611 4842 925 4900 credimus?
958 4844 1173 4900 litorum
1216 4846 1442 4903 inscitiae
1483 4847 1588 4902 erit
1636 4848 1847 4913 dicere,
1884 4845 1937 4901 in
1976 4846 2131 4917 cujus
2167 4845 2332 4901 etiam
2377 4844 2596 4900 nomine
2666 4844 2921 4913 baptizati
2983 4859 3206 4911 sumus,
3258 4860 3381 4899 cum
3435 4858 3596 4897 unum
3630 4842 3710 4898 sit

470 4936 761 4992 baptisma.

581 4951 761 4992 usma.

540 4951 676 5086 :lll.
707 5029 962 5103 lntelligit
990 5032 1275 5102 prudentia
1312 5040 1492 5088 vestra
1535 5034 1855 5105 perspicue,
1887 5033 2029 5090 iusa-

471 5139 595 5178 nam
625 5123 769 5178 hanc
798 5122 1097 5178 doctrinam
1136 5124 1188 5177 in
1224 5139 1470 5194 magnam
1516 5125 1897 5178 absurditatem
1950 5123 2035 5178 in-

466 5214 696 5279 clinare,
729 5215 843 5270 imo
864 5230 995 5271 vero
1029 5216 1082 5270 in
1121 5226 1420 5270 extremam
1474 5216 1802 5285 impietatem
1846 5218 2036 5287 praeci-

468 5302 632 5373 pitem
663 5301 816 5358 ferri.
840 5302 1102 5359 Existimo
1131 5314 1309 5359 autem
1337 5319 1451 5372 vos,
1479 5319 1599 5375 qua:
1631 5306 1871 5362 divinum
1902 5306 2033 5363 illud

550 5458 596 5489 ⁸⁸
630 5458 801 5516 lCor.
835 5475 927 5525 xv,
962 5459 1048 5514 l3.
1126 5461 1169 5491 °’
1196 5460 1367 5531 pres
1396 5476 1473 5526 tv,
1498 5462 1552 5517 5.

2212 5034 2295 5086 H'.
2331 5031 2468 5085 Ἀλλ’
2497 5033 2601 5103 ὁρᾷ
2633 5050 2736 5086 που
2762 5032 2978 5096 πάντως
3017 5034 3051 5103 ἡ
3082 5033 3139 5086 ὲν
3168 5032 3295 5103 ὑμῖν
3331 5031 3578 5101 ἀγχίνοια
3613 5047 3708 5101 με·

2143 5122 2343 5177 Θύοντά
2367 5140 2427 5177 τε
2475 5122 2568 5176 τὸν
2599 5123 2691 5176 ἐπὶ
2723 5123 2896 5194 τούτῳ
2932 5122 3110 5193 λόγον,
3158 5124 3253 5176 καὶ
3284 5122 3707 5192 καταπιόμενον

2140 5216 2219 5277 εἶς
2242 5231 2307 5282 γε
2354 5214 2415 5266 τὸ
2447 5214 2697 5281 ἀκαλλὲς,
2751 5216 2949 5285 μᾶλλον
2992 5215 3093 5285 ⁴ήδη
3144 5217 3239 5269 καὶ
3283 5215 3422 5285 πρὸς
3458 5214 3704 5284 ἐσχάτην

2142 5307 2397 5365 ἀσέϐειαν
2416 5305 3008 5381 ἀπονενευκότα.οίμαι
3030 5307 3087 5363 δὲ
3112 5306 3218 5361 δεῖν
3233 5308 3259 5349 ι
3284 5308 3447 5379 ὑμᾶς,
3471 5307 3533 5361 τὸ
3557 5308 3705 5360 θεῖον

1539 5618 1712 5676 Varia:
1743 5622 1999 5682 lectiones
2036 5625 2238 5683 codicis
2269 5628 2624 5700 Seguieriani.

546 5750 564 5806 2
600 5751 807 5809 ιαυιτόν.
846 5753 1006 5808 αὐτόν
1035 5754 1087 5811 in
1109 5769 1211 5811 ms.
1244 5753 1615 5825 Seguieriano.
1694 5757 1721 5797 ιι
1744 5757 1830 5827 δή.
