4044 6332
351 423 492 483 1209

1443 407 1529 463 ma
1577 394 1803 464 macra
1841 404 1997 461 FIDE
2036 404 2129 457 an
2173 397 2494 497 antNAS.

3438 376 3576 434 1210

351 530 518 590 αὑτοῦ
562 527 1125 599 πολυπραγμονούσας
1170 524 1485 595 μυστήριον,
1530 519 1642 585 ὀξεῖ
1680 518 1915 581 διανοίας

2026 493 2230 574 Christi
2269 511 2588 584 mysterium
2640 503 2946 560 accuratius
2993 496 3320 570 expcnditis,
3370 493 3579 564 perspi-

351 624 561 695 ὕμματι
602 616 839 689 καθορᾷ-,ρ
881 618 1009 680 τοὺς
1056 614 1422 685 συναρπάζειν
1457 611 1772 689 ἐθέλοντας,
1814 610 1909 664 καὶ

354 713 692 783 προσωπεῖον
722 709 823 780 μὲν
873 707 1093 770 εὐσεϐὲς
1126 707 1238 769 τοῖς
1270 706 1420 769 ίδίοις
1449 704 1911 776 περιπλάττοντας

355 804 555 872 λόγοις,
587 801 790 871 βολίδος
812 815 873 867 γε
901 797 1007 869 μὴν
1037 798 1250 867 ἁπάσης
1290 795 1541 866 ὀξύτερον
1566 795 1785 864 ἔχοντας
1811 793 1912 847 αὖ·

355 895 501 957 τούς.
541 891 852 962 Ἀρνοῦντσι
888 889 986 960 μὲν
1016 889 1144 959 γὰρ,
1184 889 1306 942 ὅσον
1335 883 1470 959 ἧκεν
1498 888 1670 939 εἰπεῖν
1698 889 1779 949 είς
1818 886 1913 938 δύ-

356 1001 521 1054 ναμιν
545 982 804 1051 ἀληθείας
825 1021 842 1046 ,
895 981 987 1033 τὸν
1018 979 1362 1049 ἀγοράσαντα
1390 977 1586 1040 αὐτοὺς
1614 977 1910 1046 Δεσπότην,

357 1073 604 1127 τουτέστι
631 1070 887 1142 Χριστόν.
919 1068 1161 1132 Δεδιότες
1204 1068 1260 1120 δὲ
1305 1067 1411 1120 τῶν
1456 1066 1697 1119 εὐσεϐεῖν
1727 1066 1913 1119 εἰωθό-

356 1180 468 1217 των
503 1162 604 1226 τὰς
649 1162 743 1213 ἐπὶ
772 1160 909 1231 τῷδε
986 1159 1198 1223 λύπας,
1255 1158 1349 1212 καίΙ
1394 1159 1572 1228 μέντοι
1616 1157 1776 1228 ζῆλον
1825 1157 1917 1209 τὸν

357 1256 683 1323 ἁξιάγαστον
710 1292 723 1318 ,
757 1250 1133 1323 ὁμολογοῦσιν,
1174 1252 1256 1304 ὅτι
1303 1251 1397 1303 κα)⁸
1438 1249 1570 1311 Θεός
1612 1250 1756 1300 ἐστιν
1793 1248 1821 1300 6
1852 1249 1917 1300 ἐκ

357 1345 459 1416 τῆς
502 1344 662 1412 ἁγίας
690 1343 965 1414 Παρθένου
995 1341 1411 1412 γεγεννημένος,
1445 1339 1537 1393 καὶ
1565 1341 1672 1410 μὴν
1712 1340 1793 1392 ὅτι
1822 1339 1916 1391 καὶ

356 1434 563 1507 Κύριος
588 1474 603 1500 ,
659 1434 753 1488 καὶ
797 1434 926 1497 Υἱὸς
974 1433 1069 1486 τοῦ
1110 1431 1267 1486 Θεοῦ.
1308 1433 1420 1485 Καὶ
1460 1432 1508 1484 εί
1556 1431 1653 1502 μέν
1685 1447 1767 1493 τις
1808 1428 1916 1484 τῶν

370 1525 557 1580 ἁπλῶν
583 1525 708 1589 τοὺς
739 1527 868 1597 παρ’
897 1524 1075 1577 αὐτῶν
1116 1523 1336 1594 δέξηται
1364 1522 1577 1591 λόγους,
1598 1525 1775 1591 νομιεῖ
1789 1541 1915 1589 που,

358 1615 580 1669 κατὰτὸ
621 1616 789 1681 είκδς,
831 1614 965 1686 ὀρθὰ
991 1616 1085 1667 καὶ
1115 1614 1300 1667 εἰκότα
1327 1613 1524 1682 λέγειν,
1554 1614 1647 1667 καὶ
1672 1616 1785 1677 τοῖς
1816 1614 1918 1683 τῆς

359 1707 620 1779 ἀληθείας
652 1708 752 1761 οὐκ
782 1707 1055 1779 ἀπᾴδοντα
1075 1706 1361 1778 δόγμασιν.
1390 1707 1453 1759 Ei
1473 1707 1529 1760 δὲ
1553 1707 1617 1777 δή
1639 1724 1723 1771 τις
1746 1706 1918 1759 ἕλοιτο

362 1800 686 1872 κατισχνοῦν
738 1802 859 1864 ταῖς
899 1799 1146 1871 ἐρεύναις
1193 1800 1425 1862 αὐτοὺς,
1478 1800 1574 1851 καὶ
1620 1798 1682 1851 τὸ
1715 1797 1914 1869 ἀκριΰῆ

363 1894 630 1946 ποιεῖσθαι
675 1891 781 1945 τῶν
822 1892 1124 1963 εἰρημένων
1155 1890 1253 1962 τὴν
1300 1890 1551 1961 βάσανον,
1587 1891 1685 1961 οὐχ
1719 1888 1920 1943 ἁπλοῦν

363 1983 602 2055 εὑρήσει.
627 1982 750 2036 Εἰσὶ
776 1983 871 2053 μὲν
901 1983 1008 2053 γὰρ
1034 1982 1144 2035 θεοὶ
1172 1982 1378 2048 πολλοὶ,
1406 1983 1500 2035 καὶ
1527 1981 1708 2053 κύριοι
1740 1982 1925 2036 πολλοῖ⁹

362 2073 421 2127 Iv
451 2090 513 2127 τε
546 2072 760 2144 οὐρανῷ
792 2074 886 2126 καὶ
913 2073 1006 2126 ἐπὶ
1037 2073 1135 2144 τῆς
1159 2074 1282 2142 γῆς,
1304 2073 1445 2126 καθὰ
1478 2073 1572 2126 καὶ
1599 2075 1627 2125 ὁ
1658 2075 1924 2145 μακάριος

363 2166 496 2233 ἡμῖν
530 2164 730 2234 γράφει
762 2160 991 2225 Παῦλος.
1033 2182 1051 2214 ι
1098 2161 1259 2214 Ἀλλὰ
1296 2162 1426 2232 ἡμῖν
1464 2159 1543 2225 εἷς
1588 2162 1720 2225 Θεὸς
1747 2162 1775 2215 ὁ
1806 2164 1921 2215 Πα⁴

360 2256 465 2327 τὴρ
485 2295 501 2319 ,
545 2255 605 2320 ἐξ
631 2250 690 2309 οὗ
718 2255 784 2309 τά
821 2256 998 2308 πάντα
1019 2295 1033 2319 ,
1081 2254 1177 2308 καὶ
1210 2256 1369 2326 ἡμεῖς
1396 2256 1475 2318 είς
1499 2254 1691 2308 αὐτόν’
1722 2255 1816 2308 καὶ
1844 2249 1924 2319 εἷς

361 2346 564 2417 Κύριος
600 2344 807 2415 Ἰησοῦς
829 2343 1087 2416 Χριστὸς,
1112 2343 1180 2396 δι’
1208 2338 1267 2398 οῦ
1296 2346 1365 2397 τὰ
1396 2344 1597 2407 πάντα,
1639 2346 1736 2397 καὶ
1762 2345 1925 2413 ἡμεῖς

361 2437 430 2490 δι’
459 2436 645 2492 αὐτοῦ.
670 2437 865 2507 »Πλὴν
892 2438 1021 2489 ὅταν
1044 2434 1254 2505 Ἰησοῦν
1278 2435 1510 2507 Χριστὸν
1540 2435 1919 2507 ὀνομάζωμεν,

359 2526 452 2581 τὸν
493 2528 560 2579 ὲκ
601 2524 735 2579 Θεοῦ
778 2526 995 2596 Πατρὸς
1042 2526 1214 2595 Λόγον
1262 2527 1320 2578 έν
1367 2525 1681 2597 ἀνθρωπεία
1740 2528 1920 2596 μορφῇ

362 2618 640 2690 πεφηνότα
672 2618 1024 2688 σημαίνομεν,
1052 2618 1147 2672 οὐκ
1173 2620 1230 2670 ὲν
1255 2618 1474 2688 χάριτος
1509 2619 1664 2688 μέρει
1700 2620 1795 2672 καὶ
1823 2620 1923 2671 ἐπ-

360 2710 526 2763 ακτὸν
575 2708 773 2775 ἔξωθεν
820 2708 1011 2779 ἔχοντα
1055 2709 1113 2763 τὸ
1155 2707 1401 2779 ἀξίωμα,
1446 2708 1581 2761 ἁλλὰ
1610 2708 1739 2763 ὂντα
1767 2709 1924 2762 τοῦτο

361 2799 501 2854 κατὰ
531 2800 809 2870 ἀλήθειαν,
854 2800 990 2870 ὅπερ
1032 2796 1175 2853 εἶναι
1215 2798 1589 2852 πεπίστευται.
1636 2799 1767 2862 Θεὸς
1815 2799 1924 2870 γὰρ

359 2892 434 2946 ὣν
458 2891 620 2961 φύσει
650 2893 743 2945 καὶ
769 2891 890 2962 δίχα
929 2890 1150 2962 σαρκὸς,
1187 2889 1461 2960 μεμένηκε
1490 2888 1621 2953 Θεὸς
1658 2890 1752 2942 καὶ
1786 2891 1924 2960 μετὰ

362 2984 594 3055 σαρκός·
628 2983 723 3037 καὶ
765 2984 890 3045 Tib;
916 2984 991 3035 ὢν
1020 2982 1178 3051 φύσει
1210 2982 1305 3036 καὶ
1356 2982 1460 3053 πρὸ
1496 2982 1714 3053 σαρκὸς,
1752 2984 1923 3053 μεμέ-

361 3090 524 3143 νηκεν
548 3072 677 3135 Υἱὸς
715 3071 812 3126 καὶ
849 3071 985 3141 ὅπερ
1013 3069 1030 3109 ὶ
1064 3070 1253 3139 γέγονε
1297 3068 1432 3138 σάρξ
1453 3086 1466 3100 ·
1496 3068 1590 3121 καὶ⁸
1614 3070 1817 3139 Κύριος
1849 3066 1925 3121 ὣν

364 3164 578 3236 άληθῶς
614 3163 723 3217 τῶν
755 3163 910 3226 ὅλων,
945 3165 1002 3215 ὲν
1049 3162 1225 3234 τοιᾷδε
1270 3162 1433 3215 πάλιν
1480 3162 1670 3232 ὁρᾶται
1713 3161 1922 3233 δόξῃω,

366 3258 459 3310 καὶ
487 3258 546 3309 έν
574 3256 954 3326 ἁνθρωπότητι
984 3253 1240 3324 γεγονώς.
1266 3253 1472 3306 Οὐκοῦν
1502 3256 1549 3305 εί
1577 3252 1708 3307 Θεὸν
1737 3252 1926 3321 ἀληθι-

365 3348 456 3401 νὸν
490 3343 626 3399 εἶναι
657 3346 871 3414 λέγουσι
907 3346 999 3398 τὸν
1026 3347 1089 3398 ἐκ
1114 3346 1211 3414 τῆς
1242 3346 1401 3413 ἁγίας
1436 3344 1711 3415 Παρθένου
1735 3360 1926 3411 γεγεν-

365 3436 618 3507 νημένον,
657 3436 903 3489 τουτέστι
931 3434 1019 3489 τὸν
1048 3437 1111 3487 ἐκ
1146 3434 1277 3487 Θεοῦ
1310 3434 1521 3504 Πατρδς
1560 3433 1752 3501 Λόγον,
1790 3433 1929 3487 κατὰ

368 3530 530 3597 φύσιν
562 3528 830 3582 ένωθέντα
860 3527 1045 3598 σαρκὶ,
1063 3527 1151 3581 διὰ
1179 3527 1232 3579 τί
1261 3527 1495 3581 δεδίασιν
1524 3527 1828 3596 ὁμολογεῖν,
1846 3527 1927 3578 ὅτι

365 3620 623 3682 Θεοτόκος
660 3620 806 3673 ἐστὶν
831 3620 865 3689 ἡ
898 3621 1027 3687 ἁγία
1054 3619 1362 3689 Ιῖαρθένος;
1402 3617 1565 3671 Ἀλλὰ
1591 3618 1791 3681 σκοπὸς
1830 3618 1928 3670 αὑ-

368 3712 483 3774 τοῖς
510 3708 941 3763 ὐποπλάττεσθαι
972 3709 1089 3778 μὲν,
1124 3710 1217 3762 καὶ
1247 3708 1444 3775 λέγειν,
1467 3709 1547 3761 ὅτι
1579 3709 1668 3761 ναὶ
1691 3708 1785 3761 καὶ
1799 3709 1930 3772 Θεὸς

366 3800 508 3859 ἑστι,
554 3799 649 3852 καὶ
693 3796 934 3869 Κύριος,
963 3798 1057 3849 καὶ
1092 3796 1396 3869 συνεδρεύει
1441 3796 1518 3866 τῷ
1564 3797 1761 3867 Πατρὶ.
1794 3798 1928 3865 Φροο

369 3890 521 3943 νοῦσί
547 3906 612 3958 γε
660 3888 767 3960 μὴν
793 3890 891 3958 οὐχ
918 3887 1060 3941 οῦτω
1103 3890 1245 3941 κατὰ
1292 3888 1570 3957 ἀλήθειαν,
1603 3888 1720 3941 ἁλλ’
1765 3889 1840 3952 ὡς
1872 3892 1929 3942 ὲν

368 3983 589 4057 χάριτος
634 3981 812 4055 μέρει,
842 3980 938 4034 καὶ
972 3980 1047 4042 ὡς
1078 3980 1143 4032 ὲκ
1182 3981 1462 4051 προκοπῆς
1508 3979 1751 4033 δεδόσθαι
1798 3983 1931 4050 φασὶ

369 4074 447 4144 τῷ
496 4074 561 4127 ὲκ
595 4073 692 4141 τῆς
740 4071 900 4140 ἁγίας
948 4069 1223 4140 Παρθένου
1254 4071 1417 4141 κοινῷ
1469 4070 1587 4123 καθ’
1642 4073 1788 4142 ἡμᾶς
1835 4074 1930 4125 ἁν-

370 4166 573 4238 θρώπφ
598 4166 981 4236 γεγεννημένῳ
1021 4164 1121 4234 τήν
1168 4181 1229 4217 τε
1266 4164 1365 4235 τῆς
1407 4164 1651 4235 υίδτητος
1692 4166 1787 4218 καὶ
1831 4165 1931 4235 τῆς

372 4259 692 4329 κυριότητος
728 4256 906 4321 δόξαν.

2012 611 2126 665 caci
2159 608 2355 663 mentis
2391 604 2550 660 oculo
2586 601 2707 656 illos
2740 601 3136 657 internoscere,
3175 590 3265 659 qui
3312 588 3579 656 itnpostu-

2014 718 2130 758 ram
2157 699 2472 761 moliuntur,
2500 692 2845 760 orationique
2885 702 2995 742 sua:
3044 683 3257 755 pietatis
3291 692 3577 749 personam

2013 792 2297 855 inducunt,
2333 802 2454 843 cum
2482 784 2672 856 quovis
2704 780 2924 835 interim
2956 782 3219 830 venenato
3239 767 3420 839 jacqu
3459 780 3578 818 ina-

2015 882 2098 951 gis
2136 853 2335 933 feriant
2362 891 2377 929 :
2412 853 2534 930 nam
2561 873 2607 927 si
2634 870 2779 940 quod
2807 884 2893 922 res
2916 868 3027 934 ipsa
3052 871 3155 924 est,
3190 859 3366 928 palam
3394 853 3574 907 dicere

2016 972 2164 1035 licet,
2217 968 2502 1023 Dominum
2557 963 2647 1032 qui
2697 975 2791 1016 eos
2835 956 3084 1019 redemit,
3133 953 3233 1005 hoc
3276 956 3379 1012 est,
3416 940 3577 998 Chri-

2016 1072 2182 1125 stum,
2241 1058 2569 1112 inﬁciantur.
2627 1052 3020 1107 Verumtamen
3084 1042 3294 1111 piorum
3337 1037 3406 1089 ob
3443 1034 3579 1086 hanc
3690 1029 3694 1035 ’

2018 1168 2130 1208 rem
2180 1150 2567 1212 oﬂ‘ensionem,
2624 1144 2906 1210 zelumque
2958 1132 3301 1190 aemulatione
3360 1126 3580 1195 dignum

2019 1253 2343 1306 metuentes,
2373 1256 2495 1297 eum
2531 1238 2622 1309 qui
2655 1252 2721 1290 ex
2755 1246 2909 1289 sacra
2948 1227 3162 1298 Virgine
3192 1230 3349 1277 natus
3382 1226 3499 1278 est.
3529 1221 3583 1267 et

2018 1338 2183 1393 Deum
2218 1348 2272 1391 et
2294 1333 2604 1393 Dominum,
2634 1337 2688 1384 et
2732 1326 2827 1380 Dei
2862 1322 3054 1377 Filium
3082 1331 3206 1373 esse
3234 1311 3576 1384 proﬁtentur.

2018 1425 2173 1493 Quod
2202 1424 2248 1479 si
2293 1424 2384 1493 qui
2431 1436 2496 1475 ex
2541 1414 2854 1474 rudioribus
2902 1412 3112 1466 illorum
3142 1414 3416 1461 sermones
3449 1395 3586 1450 forte

2018 1491 2295 1582 hauriunt,
2310 1491 2467 1569 recta
2490 1526 2636 1576 mox,
2656 1517 2723 1562 ut.
2748 1502 3027 1577 probabile
3059 1506 3160 1561 est,
3180 1503 3234 1550 et
3262 1491 3368 1565 47
3388 1500 3584 1544 εοηνε-

2018 1608 2242 1672 nientia,
2276 1616 2331 1660 et
2353 1619 2472 1673 qua:
2504 1618 2534 1656 a
2567 1576 2798 1656 veritate
2824 1612 2928 1650 non
2965 1587 3325 1649 dissentiant,
3354 1580 3473 1636 illos
3506 1576 3585 1629 lo-

2017 1699 2110 1767 qui
2138 1667 2491 1749 arbitrantur.
2539 1691 2738 1744 Verum
2774 1687 2865 1757 qui
2906 1684 3049 1736 dicta
3096 1678 3307 1732 illorum
3345 1667 3586 1726 exactius

2020 1796 2451 1860 perscrutantur,
2484 1782 2724 1852 etjustis
2754 1776 3082 1850 ponderibus
3130 1767 3465 1827 examinant,
3502 1760 3586 1813 ni-

2023 1880 2096 1934 hil
2143 1894 2247 1933 non
2286 1880 2527 1931 fucatum
2564 1888 2629 1927 ac
2678 1870 2990 1941 perplexum
3046 1858 3386 1931 comperiunt
3415 1870 3432 1909 :
3466 1859 3592 1908 sunt

2021 1971 2164 2028 enim
2194 1970 2264 2025 dii
2299 1967 2453 2023 mulli
2489 1974 2547 2021 et
2595 1960 2799 2020 domini
2845 1957 3016 2020 multi,
3060 1964 3114 2010 et
3158 1952 3211 2007 in
3260 1946 3397 2005 caelo
3434 1953 3492 2000 et
3536 1944 3589 1997 in

2021 2056 2188 2126 terra,
2212 2057 2666 2131 quemadmodum
2702 2052 2914 2108 divinus
2950 2046 3146 2102 Paulus
3189 2041 3452 2109 scriptum
3487 2049 3588 2088 no-

2021 2155 2105 2211 bis
2138 2129 2354 2222 reliquit
2385 2167 2398 2203 :
2447 2169 2465 2201 ¢
2508 2147 2676 2202 Nobis
2714 2154 2892 2200 tamen
2937 2155 3075 2195 unus
3110 2145 3192 2193 est
3233 2135 3370 2188 Deus
3408 2129 3590 2190 Pater,

2021 2261 2087 2301 ex
2119 2259 2225 2314 quo
2248 2243 2453 2308 omnia,
2488 2248 2544 2294 et
2590 2252 2689 2292 nos
2733 2236 2788 2290 in
2830 2234 2980 2289 illum
3009 2247 3022 2283 :
3068 2238 3123 2283 et
3159 2240 3299 2281 unus
3334 2218 3590 2275 Dominus

2024 2346 2207 2392 noster
2238 2333 2395 2388 Jesus
2427 2332 2693 2395 Christus,
2729 2341 2822 2397 per
2854 2338 3012 2394 quem
3044 2318 3246 2380 omnia,
3282 2321 3337 2368 et
3369 2324 3467 2365 nos
3494 2320 3590 2375 per

2020 2428 2199 2498 ipsum
2224 2426 2293 2478 ⁷ο.
2330 2444 2348 2475 ι
2381 2424 2646 2478 Caeterum
2689 2433 2810 2473 cum
2852 2416 2946 2469 Dei
2994 2410 3171 2465 Patris
3198 2407 3436 2462 Verbum
3479 2398 3592 2453 bu-

2022 2534 2181 2573 mana
2214 2516 2385 2570 forma
2418 2514 2689 2576 indutum,
2719 2508 2901 2564 Jesum
2929 2505 3203 2560 Christum
3226 2496 3590 2554 nominamus,

2022 2612 2341 2680 dignitatem
2375 2609 2521 2662 hanc
2553 2619 2659 2660 non
2696 2603 2904 2656 muneri
2939 2598 3144 2659 datam,
3175 2600 3270 2646 aut
3301 2589 3350 2644 ei
3381 2584 3588 2642 extrin-

2022 2672 2179 2757 secus
2213 2696 2567 2753 adventitiam
2604 2691 2863 2761 obtigisse
2896 2684 3294 2756 signiﬁcamus;
3330 2676 3423 2731 sed
3451 2672 3592 2744 quod

2023 2793 2288 2848 creditum
2320 2797 2405 2843 εει
2434 2799 2576 2850 εεεε,
2612 2785 2715 2838 hoc
2750 2782 2922 2850 ipsum
2966 2773 3265 2832 secundum
3312 2767 3590 2822 veritatem

2023 2897 2144 2937 esse
2168 2880 2489 2935 indicamus.
2517 2875 2651 2930 Nam
2678 2888 2801 2928 cum
2836 2879 2990 2925 extra
3018 2880 3240 2922 carnem
3281 2871 3468 2929 suapte
3499 2872 3596 2912 na-

2026 2983 2151 3029 tura
2187 2972 2329 3026 Deus
2359 2978 2528 3033 esset,
2559 2976 2917 3038 posteaquam
2965 2972 3182 3015 carnem
3232 2954 3423 3018 induit,
3455 2950 3596 3005 Deus

2025 3081 2146 3121 esse
2180 3078 2287 3119 non
2332 3061 2561 3117 destitit.
2618 3056 2852 3111 Rursum
2909 3068 3036 3108 cum
3087 3059 3213 3104 ante
3267 3050 3596 3111 assumptam

2030 3172 2253 3214 carnem
2306 3151 2573 3209 naturalis
2624 3150 2718 3204 Dei
2775 3147 2947 3203 Filius
2986 3152 3161 3206 esset,
3207 3138 3423 3210 quando
3469 3149 3600 3190 caro

2024 3250 2135 3320 jam
2164 3249 2361 3303 factum
2398 3252 2505 3309 est,
2536 3242 2657 3298 Filii
2690 3241 2956 3296 rationem
2988 3251 3094 3291 non
3130 3232 3330 3286 amisit.
3358 3227 3599 3281 Tandem

2027 3359 2150 3399 cum
2175 3342 2550 3397 universorum
2585 3335 2847 3391 Dominus
2878 3340 3002 3384 ante
3045 3327 3358 3383 exsisteret,
3393 3328 3605 3389 postea-

2027 3449 2189 3504 quam
2220 3433 2455 3486 humana
2487 3436 2680 3481 natura
2707 3431 2959 3477 ornatum
2987 3416 3211 3487 prodiit,
3236 3412 3303 3466 ab
3326 3425 3391 3465 eo
3413 3406 3604 3463 ordine

2028 3536 2084 3581 et
2113 3525 2376 3596 dignitate
2404 3536 2511 3575 non
2544 3517 2766 3572 excidit.
2790 3515 2958 3583 Igitur
2979 3511 3024 3565 si
3055 3523 3203 3571 eum,
3228 3504 3317 3575 qui
3353 3519 3419 3557 ex
3448 3515 3602 3556 sacra

2030 3592 2250 3686 Virgine
2282 3612 2504 3683 prodiit,
2523 3610 2627 3664 hoc
2657 3617 2739 3663 est
2768 3606 2861 3661 Dei
2890 3601 3065 3657 Patris
3080 3597 3319 3653 Verbum
3339 3592 3489 3649 carni
3515 3606 3604 3643 se-

2028 3709 2263 3764 cundum
2292 3716 2540 3760 naturam
2567 3701 2800 3763 unitum,
2838 3710 3023 3750 verum
3057 3691 3228 3745 Deum
3263 3701 3383 3741 esse
3435 3697 3603 3751 agno-

2030 3807 2210 3864 scunt,
2245 3813 2343 3853 cur
2381 3796 2631 3851 eamdem
2668 3789 2945 3859 Virginem
2980 3798 3101 3840 esse
3132 3781 3414 3849 Deiparam
3450 3771 3605 3826 fateri

2030 3889 2328 3945 verentur?
2356 3886 2550 3941 Verutn
2573 3883 2702 3951 ipsis
2719 3876 3047 3949 propositum
3072 3881 3154 3926 est
3173 3870 3316 3923 haud
3338 3882 3400 3920 ex
3426 3862 3606 3916 animo

2030 3979 2272 4057 proﬁteri
2296 3974 2539 4043 Virginis
2562 3972 2756 4027 Filium
2785 3969 2953 4022 Deum
2981 3978 3043 4017 ac
3060 3960 3365 4022 Dominum,
3390 3954 3606 4009 eadem-

2030 4056 2136 4143 que
2156 4084 2276 4125 cum
2312 4041 2474 4121 Patre
2498 4061 2817 4119 auctoritate
2838 4054 3118 4127 praeditum
3146 4064 3286 4115 esse,
3311 4047 3404 4101 sed
3429 4041 3607 4098 verbis

2032 4136 2242 4218 tantum
2266 4160 2366 4213 hoc
2387 4159 2560 4227 ipsum
2585 4153 2863 4209 simulare.
2884 4146 3206 4202 Existimant
3220 4141 3385 4201 enim,
3402 4136 3607 4192 homini

2033 4253 2101 4309 ad
2121 4259 2355 4306 nostram
2375 4245 2779 4302 similitudinem
2798 4256 2863 4295 ex
2878 4246 3068 4293 sancta
3088 4232 3307 4303 Virgine
3322 4233 3604 4301 prognata,

2034 4359 2156 4400 cum
2182 4339 2476 4402 ﬁliationis,
2502 4348 2614 4391 tum
2641 4330 3022 4390 dominationis
3040 4339 3252 4396 quoque
3272 4321 3493 4392 gloriam
3514 4330 3610 4387 per

2037 4434 2258 4491 modum
2276 4430 2554 4500 cujusdam
2570 4426 2956 4498 gratiae.acfper
2971 4429 3287 4488 progressus
3302 4408 3605 4465 obvenisse.

440 4529 517 4583 8'.
550 4527 672 4580 Ὀτι
696 4526 753 4580 δὲ
780 4526 874 4580 καὶ
900 4527 934 4596 ἡ
971 4526 1257 4592 Θεοτόκος
1304 4526 1455 4598 φωνὴ
1484 4527 1580 4581 καὶ
1622 4526 1803 4591 αὐτοῖς
1840 4525 1932 4596 γέ-

2112 4524 2207 4580 IX.
2241 4523 2411 4578 Porro
2433 4528 2612 4574 autem
2636 4530 2821 4571 vocem
2862 4515 3024 4575 hanc,
3052 4508 3303 4576 Deipara,
3333 4499 3608 4555 veteribus

370 4637 495 4690 γονε
525 4618 763 4689 συνήθης
786 4619 898 4681 τοῖς
927 4617 1033 4688 πρὸ
1058 4616 1215 4688 ἡμῶν
1245 4618 1420 4686 ἁγίοις
1446 4618 1743 4689 Πατράσιν,
1764 4619 1813 4672 οἳ
1839 4620 1934 4673 καὶ

372 4713 461 4765 επ*
490 4711 622 4782 ὀρθῇ
650 4708 1018 4780 θαυμάζονται
1041 4711 1240 4771 πίστει,
1259 4710 1352 4762 καὶ
1381 4711 1459 4774 είς
1484 4709 1643 4782 δεῦρο
1664 4712 1798 4765 πᾶσι
1820 4714 1933 4775 τοῖς

371 4803 475 4856 ἅνὰ
508 4802 711 4864 πᾶσαν,
745 4800 820 4863 ὡς
848 4799 976 4862 ἔπος
1013 4800 1206 4864 εἰπεῖν,
1248 4798 1349 4868 τὴν
1393 4798 1486 4850 ὑπ’
1522 4798 1772 4869 οὐρανὸν,
1821 4799 1932 4852 δεῖν

372 4894 561 4965 ᾠήθην
586 4891 801 4962 άληθῶς
827 4890 1122 4960 ἀποφῆναι.
1145 4890 1265 4942 Ἵνα
1288 4889 1396 4958 γὰρ
1432 4888 1505 4959 μὴ
1534 4887 1746 4959 δοκοίην
1768 4889 1828 4941 τὸ
1852 4889 1933 4951 είς

374 4986 499 5039 νοῦν
542 4979 677 5055 ἧκον
722 4982 910 5046 ἁπλῶς
939 4980 1313 5043 ἀϐασανίστως
1340 4979 1537 5046 λέγειν,
1568 4980 1633 5032 ὲκ
1660 4978 1768 5033 τῶν
1795 4979 1935 5032 ὲκεί-

378 5094 490 5141 νοις
536 5075 918 5146 πεποιημένων
968 5072 1187 5143 βιϐλίων
1233 5072 1291 5126 ὲν
1328 5070 1675 5143 Ἐκκλησίᾳιι
1699 5114 1715 5139 ,
1753 5062 1934 5137 τὰείς

376 5169 535 5223 τοῦτο
582 5168 831 5239 χρήσιμα
876 5162 1333 5234 συνεισενεγκὼν,
1401 5165 1494 5217 καὶ
1539 5163 1804 5235 παραθεὶς
1855 5166 1936 5231 είς

378 5261 674 5329 ἀπόδειξιν.
696 5259 1093 5331 κατασφραγιῶ
1116 5265 1141 5292 ο
1167 5258 1247 5321 εἰς
1268 5257 1524 5327 ἀλήθειαν
1542 5258 1669 5321 τοὺς
1692 5256 1934 5328 ἐμαυτοῦ

376 5353 588 5422 λόγους.
611 5354 757 5423 Ἔφη
788 5352 966 5405 τοίνυν
989 5350 1064 5415 ὡς
1086 5348 1300 5421 ἀληθῶς
1323 5350 1352 5402 6
1379 5348 1774 5419 τρισμακάριος
1796 5350 1889 5403 καὶ
1905 5361 1933 5401 P

448 5507 495 5542 "
527 5504 546 5562 l
578 5506 704 5563 Cor.
728 5521 847 5573 vui,
875 5506 929 5561 6.

2039 4616 2314 4682 Patribus,
2345 4627 2576 4685 quorum
2620 4604 3033 4664 sanctimoniam
3075 4609 3130 4655 et
3159 4597 3283 4652 ﬁdei
3325 4590 3602 4661 integrita-

2040 4717 2146 4765 tem
2169 4707 2501 4763 admiramur
2524 4744 2541 4771 ,
2573 4714 2780 4756 necnon
2811 4694 3062 4751 omnibus
3094 4690 3187 4760 qni
3222 4701 3316 4742 eos
3354 4685 3608 4750 deinceps

2038 4804 2317 4870 hucusque
2337 4807 2462 4854 sunt
2494 4795 2667 4851 secuti
2700 4808 2798 4864 per
2832 4789 3141 4844 universum
3169 4784 3250 4854 (ut
3293 4782 3365 4836 ita
3407 4776 3603 4847 dicam)

2041 4903 2309 4949 terrarum
2363 4889 2585 4951 orbem,
2629 4882 2951 4938 familiarem
2998 4892 3155 4942 esse,
3212 4871 3605 4930 ostendendum

2040 5001 2166 5043 esse
2199 4978 2524 5039 existimavi.
2556 4975 2636 5031 Ne
2665 4976 2808 5030 enim
2836 4972 2970 5026 citra
2992 4969 3283 5031 delectum,
3310 4979 3372 5019 ac
3406 4970 3608 5035 temere

2041 5075 2301 5148 quidquid
2333 5074 2388 5128 in
2419 5079 2652 5126 mentem
2692 5065 2920 5130 venerit,
2957 5061 3173 5118 effutire
3210 5058 3417 5121 videar,
3450 5068 3610 5123 argn-

2040 5170 2237 5225 mentis
2279 5180 2348 5221 ει
2397 5164 2572 5229 libris,
2604 5176 2737 5232 quos
2786 5159 2861 5214 illi
2907 5157 2974 5212 ad
3023 5152 3283 5211 Ecclesia:
3325 5149 3610 5203 utilitatem

2038 5272 2411 5329 composuere,
2445 5253 2654 5326 petitis,
2702 5261 2866 5322 atque
2900 5253 3007 5304 huc
3038 5248 3093 5302 in
3135 5244 3368 5299 medium
3402 5239 3605 5301 allatis,

2039 5349 2301 5408 orationis
2331 5363 2464 5405 mea:
2490 5347 2771 5404 veritatem
2806 5342 3129 5400 conﬁrmare
3163 5332 3405 5396 studebo.
3440 5330 3607 5401 Igitur

1441 5658 1614 5715 Varia:
1644 5657 1902 5714 lectiones
1930 5658 2131 5714 codicis
2161 5659 2520 5729 chuierlani.

462 5798 482 5842 ι
514 5800 625 5855 ὅτε.

725 5807 767 5834 ¹¹
799 5799 968 5866 τάξει.
1044 5811 1071 5840 ιι
1102 5798 1436 5875 ἐκκλησίαις,
1514 5806 1540 5836 ο
1568 5792 2009 5866 κατασφραγιῶν.
2088 5804 2115 5845 ιι
2144 5794 2377 5866 άληθῶς.
