4044 6332
455 319 588 377 1211

1444 321 1501 377 S.
1533 320 1814 407 CYRILL!
1864 316 2331 373 ALEXANDRINI
2367 319 2685 375 ARCIIIEP.

3539 310 3687 366 1212

454 431 806 490 beatissimus
835 431 947 498 ille,
973 447 1037 489 ac
1054 442 1274 505 pr0pter
1302 436 1519 504 pietatis
1543 436 1853 505 Opinionem
1885 436 2023 502 apud

2149 432 2405 502 ἰιαῦόητος
2461 436 2541 497 εἰς
2587 433 2866 485 εὐσέϐειαν
2916 427 3267 491 ’Δθανάσιος,
3320 426 3350 479 ὁ
3392 424 3686 496 γενόμενος

453 536 644 579 omnes
692 522 1079 580 celeberrimus
1120 526 1481 591 Athanasius,
1516 528 1608 597 qui
1651 525 2022 595 superioribus

458 614 791 684 temporibus
839 614 1179 672 Alexandriae
1222 617 1478 673 Ecclesia:
1527 619 1897 687 episcopatum
1945 626 2025 670 te-

2124 524 2265 576 κατὰ
2315 527 2561 594 καιροὺς⁹
2594 525 2688 594 τῆς
2746 521 3134 593 Ἀλεξανδρέων
3194 518 3514 588 Ἐκκλησίαξ
3563 517 3689 569 ὲπί-

2126 631 2326 678 σκοπος
2351 657 2365 682 ,
2404 617 2461 669 ὲν
2487 615 2565 686 τῷ
2593 615 2719 686 περὶ
2748 612 3076 685 σαρκώσεως
3107 612 3269 681 λόγῳ,
3296 610 3422 681 περὶ
3447 606 3681 679 Χριστοῦ

457 707 595 768 nuit,
628 706 766 761 libro
797 707 863 761 de
893 705 1111 763 Christo
1137 709 1421 765 incarnato
1455 709 1824 778 hujuscemodi
1847 708 2027 764 verbis
2123 705 2251 758 τάδε
2275 723 2289 736 ·

458 797 676 852 disserit
709 812 727 853 :

459 908 572 981 48
596 913 875 966 Athanasii
891 914 1112 980 episcopi
1140 914 1479 969 Alexandria:
1508 933 1571 970 ea:
1600 914 1732 970 libro
1757 914 1835 970 De
1856 916 2030 969 incar-

811 986 1023 1038 natione
1062 984 1231 1040 Verbi.
1253 1015 1323 1025 —
1342 985 1420 1040 De
1450 987 1682 1041 Christo.

531 1094 883 1164 Agnoscimus
918 1099 1062 1151 illum
1105 1099 1194 1154 Dei
1228 1098 1444 1165 Filium,
1477 1108 1531 1154 et
1575 1100 1741 1153 Deum
1779 1113 1900 1154 esse
1942 1112 2029 1153 se-

462 1186 696 1239 cundum
720 1187 968 1257 spiritum
996 1205 1009 1253 ;
1033 1188 1225 1243 Filium
1259 1200 1437 1245 autem
1468 1190 1702 1244 hominis
1735 1191 2026 1246 secundum

464 1289 723 1330 carnem:
773 1292 878 1332 non
925 1279 1058 1333 duas
1108 1289 1329 1335 naturas
1385 1295 1548 1335 unum
1603 1280 1817 1347 Filium,
1866 1296 2027 1335 unam

463 1367 815 1433 adorandam,
850 1370 1075 1425 alteram
1104 1387 1209 1425 nou
1236 1373 1591 1434 adorandam,
1618 1372 1710 1426 sed
1741 1386 1905 1425 unam
1937 1386 2031 1425 na-

468 1466 639 1512 turam
689 1461 854 1515 divini
905 1461 1064 1517 Verbi
1115 1464 1481 1528 incarnatam,
1534 1479 1653 1533 quae
1698 1462 1858 1518 simul
1908 1477 2028 1517 cum

466 1548 583 1615 ejus
616 1566 781 1605 carne
814 1568 914 1607 una
971 1555 1285 1610 adoratione
1326 1556 1621 1610 adoratur:
1671 1568 1845 1622 neque
1897 1552 2032 1608 duos

466 1654 679 1695 rursum
704 1641 864 1709 ﬁlios,
890 1643 1114 1700 alterum
1141 1661 1324 1701 verum
1352 1646 1814 1716 adorandumque,
1841 1659 2033 1713 nempe

468 1726 659 1783 Filium
704 1732 833 1800 Dei;
882 1734 1107 1789 alterum
1140 1751 1203 1790 ex
1244 1735 1412 1790 Maria
1469 1736 1739 1790 hominem
1784 1750 1890 1789 non
1933 1735 2031 1789 ad-

468 1820 757 1886 orandum,
785 1825 877 1878 sed
907 1841 1002 1893 per
1028 1827 1279 1895 gratiam,
1311 1827 1530 1896 perinde
1554 1843 1617 1882 ac
1647 1828 1823 1883 caeteri
1862 1827 2036 1882 homi-

470 1928 587 1978 nes,
631 1914 683 1968 in
721 1913 915 1969 Filittm
962 1925 1263 1986 coeptatnm
1303 1935 1317 1971 :
1362 1934 1545 1972 verum
1584 1934 1771 1987 unum,
1803 1928 1860 1973 ut
1892 1918 2034 1985 dixi,

470 2003 663 2059 Filium
702 2006 815 2071 Dei,
858 2007 1005 2062 illum
1050 2011 1222 2077 ipsum
1268 2010 1545 2070 nimirum.
1584 2020 1637 2065 et
1682 2026 1785 2065 non
1830 2012 2032 2074 aliutn,

470 2097 560 2165 qui
600 2112 667 2150 ex
706 2097 815 2152 Deo
855 2108 958 2153 est.
1002 2101 1102 2166 Qui
1150 2102 1456 2159 novissimis
1503 2103 1692 2157 diebus
1742 2105 2033 2159 secundum

470 2204 690 2243 carnem
721 2204 783 2242 ex
820 2189 985 2244 Maria
1011 2201 1167 2247 natus
1197 2201 1300 2259 est,
1333 2196 1781 2263 quemadmodum
1815 2196 2037 2265 angelus

472 2279 711 2348 Deipara:
756 2278 972 2334 Mariae:
1027 2297 1047 2332 ι
1103 2281 1382 2347 Quomodo
1426 2284 1518 2338 {iet
1565 2284 1739 2351 istud,
1781 2288 2036 2355 quoniam

469 2372 645 2426 virnm
675 2387 777 2426 non
808 2387 1074 2442 cognosco
1099 2374 1183 2427 "‘i
1225 2393 1243 2426 ι
1278 2374 1577 2431 sciscitanti
1637 2380 1907 2449 exposuit.
1950 2381 2038 2435 Ait

472 2478 743 2533 namque:
785 2483 805 2518 ι
844 2464 1081 2535 Spiritus
1124 2474 1346 2522 sanctus
1391 2470 1732 2537 superveniet
1778 2471 1829 2524 in
1868 2481 1940 2539 te,
1986 2482 2040 2528 et

470 2558 644 2611 virtus
691 2555 956 2611 Altissimi
1011 2557 1354 2613 obumbrabit
1428 2559 1521 2613 tibi
1565 2577 1578 2614 :
1632 2560 1860 2629 ideoque
1899 2566 2040 2632 quod

473 2656 726 2699 nascetur
753 2661 816 2700 ex
865 2656 917 2701 te
952 2655 1219 2713 sanctum,
1254 2648 1539 2702 vocabitur
1579 2649 1750 2706 Filius
1784 2652 1875 2706 Dei
1901 2654 1968 2707 ⁷².
2016 2672 2034 2705 ι

471 2735 521 2790 Is
553 2737 711 2805 igitur
732 2752 890 2807 quem
919 2736 1083 2807 Virgo
1109 2739 1336 2809 peperit,
1368 2746 1451 2793 est
1477 2755 1636 2795 verus
1670 2743 2043 2814 naturalisque

473 2830 567 2884 Dei
600 2829 787 2897 Filius,
818 2840 872 2886 et
904 2830 1044 2887 Deus
1068 2845 1251 2897 verus,
1282 2845 1387 2886 non
1419 2833 1828 2904 participatione
1859 2835 1943 2891 vel
1975 2850 2041 2889 ex

476 2920 683 2990 gratia;
717 2921 1007 2975 secundum
1035 2934 1251 2975 carnem
1286 2929 1491 2976 tantum
1532 2937 1694 2992 quam
1723 2925 1955 2993 sumpsit
1978 2939 2044 2978 ex

474 3009 674 3076 Maria,
706 3013 903 3079 homo;
944 3012 1238 3066 secundum
1280 3014 1562 3082 spiritum,
1607 3013 1776 3069 Filius
1817 3015 1945 3080 Dei,
1992 3026 2046 3070 ct

2139 926 2488 980 Ἆθανασίου
2544 925 2881 997 ἐπισκόπου
2929 921 3369 997 Ἀλεξαζδρείας
3393 961 3407 981 ,
3465 918 3546 997 ἐιε
3573 914 3688 970 τοῦ

2237 998 2379 1064 Περὶ
2413 995 2770 1063 σαρκώσειοις
2797 996 3011 1064 Λόγου.
3033 1023 3099 1033 -
3122 991 3265 1060 Περὶ
3294 991 3570 1058 Χριστοῦ.

2210 1105 2609 1177 Ὁμολογοῦμεν
2628 1108 2757 1178 γὰρ,
2786 1108 2940 1178 φησὶ,
2961 1107 3054 1160 καὶ
3081 1101 3220 1160 εἶναι
3254 1104 3411 1157 αὐτὸν
3445 1101 3574 1154 ΥἱὸνΔ
3590 1100 3685 1154 τοῦ

2129 1197 2286 1262 Θεοῦ,
2324 1198 2417 1251 καὶ
2442 1198 2573 1251 Θεὸν
2600 1199 2738 1252 κατὰ
2766 1198 2982 1270 πνεῦμα
3002 1239 3018 1263 ,
3051 1199 3179 1251 Υἱὸν
3224 1194 3508 1267 ἀνθρώπου
3544 1194 3688 1247 κατά

2132 1291 2332 1361 σάρκα,
2361 1291 2421 1343 οὐ
2455 1290 2547 1343 δύο
2582 1291 2772 1360 φύσεις
2799 1291 2890 1343 τὸν
2919 1291 3016 1343 ἕνα
3040 1289 3189 1354 Υίδν,
3221 1289 3347 1359 μίαν
3384 1300 3689 1358 προσκυνη-

2130 1381 2246 1452 τὴν,
2277 1381 2369 1435 καὶ
2403 1382 2531 1451 μίαν
2560 1380 3002 1453 ἁπροσκύνητονο
3036 1379 3173 1434 ἀλλὰ
3219 1379 3345 1449 μίαν
3391 1376 3550 1446 φύσιν
3592 1373 3686 1428 τοῦ

2130 1473 2264 1526 Θεοῦ
2320 1473 2491 1541 Λόγου
2546 1473 3003 1543 σεσαρκωμένην,
3057 1472 3150 1525 καὶ
3211 1467 3690 1541 προσκυνουμένην

2135 1564 2275 1634 μετὰ
2312 1565 2412 1633 τῆς
2444 1564 2644 1634 σαρκὸς
2674 1562 2838 1617 αὐτοῦ
2877 1565 2974 1634 μιᾷ
3015 1562 3413 1633 προσκυνήσει·
3450 1557 3569 1611 οὐδὲ
3596 1555 3690 1609 δύο

2135 1656 2303 1719 υἱοὺς,
2339 1654 2498 1709 ἄλλον
2527 1655 2622 1724 μὲν
2654 1654 2781 1707 Υἱδν
2805 1652 2940 1705 Θεοῦ
2973 1650 3225 1723 ἀληθινὸν
3246 1650 3339 1703 καὶ
3368 1644 3694 1719 προσκυνού-

2141 1763 2320 1817 μενον,
2354 1746 2510 1800 ἄλλον
2557 1745 2614 1798 δὲ
2658 1747 2731 1798 ὲκ
2753 1746 2973 1815 Μαρὺας
3006 1743 3311 1813 ἄνθρωπον,
3345 1741 3419 1811 μὴ
3449 1755 3689 1811 προσκυ-

2137 1836 2415 1906 νούμενον,
2444 1836 2586 1889 κατὰ
2623 1836 2781 1907 χάριν
2812 1835 2946 1888 Υἰὸν
2986 1833 3122 1887 Θεοῦ
3154 1833 3463 1902 γενόμενον,
3495 1831 3569 1893 ὡς
3596 1830 3690 1881 καὶ

2135 1926 2446 1997 ἅνθρωποι*
2481 1926 2617 1980 ἀλλὰ
2659 1926 2751 1978 τὸν
2793 1925 2857 1978 ὲκ
2905 1924 3075 1988 Θεοῦ,
3121 1924 3198 1986 ὡς
3228 1922 3382 1992 ἔφην,
3425 1921 3519 1973 ἕνα
3563 1919 3693 1971 Υίὸν

2136 2017 2295 2081 Θεοῦ,
2324 2021 2417 2070 καὶ
2443 2018 2574 2071 Θεὸν
2595 2017 2775 2081 αὐτὸν,
2804 2017 2897 2070 καὶ
2916 2017 3015 2069 οὐκ
3046 2014 3221 2069 ἄλλον.
3254 2014 3363 2066 Καὶ
3388 2013 3453 2064 ὲκ
3477 2009 3693 2082 Μαρίας

2136 2110 2498 2181 γεγεννῆσθαι
2532 2110 2672 2162 κατὰ
2707 2108 2897 2179 σάρκα
2920 2107 3007 2159 ἐπ’
3044 2107 3285 2175 ἐσχάτων
3316 2103 3425 2156 τῶν
3452 2101 3694 2173 ἡμερῶν,

2136 2202 2212 2264 ὠς
2255 2202 2282 2253 ό
2326 2199 2557 2267 ἄγγελος
2592 2201 2658 2268 τῇ
2707 2196 2954 2266 Θεοτόκῳ
2998 2196 3186 2267 Μαρίᾳ
3220 2191 3488 2265 λεγούσῃο
3521 2210 3540 2244 ι
3571 2191 3694 2254 Πῶς

2136 2292 2293 2346 τοῦτο
2352 2291 2527 2351 ἔσται,
2563 2290 2684 2343 ἐπεὶ
2741 2288 2909 2358 ἄνδρα
2960 2287 3021 2339 οὐ
3076 2283 3363 2354 γινώσκως
3397 2300 3416 2335 ι
3464 2282 3696 2349 Ἐλεγε’

2145 2400 2164 2434 ι
2198 2380 2422 2451 Πνεῦμα
2468 2382 2621 2448 ἆγιον
2670 2377 3020 2432 ἐπελεύσεται
3067 2376 3159 2428 ἐπὶ
3206 2376 3286 2440 σὲ,
3334 2374 3435 2429 καὶ
3477 2371 3700 2443 δύναμις

2151 2472 2407 2543 Ὑψίστου
2451 2472 2759 2525 ἐπισκιάσει
2817 2487 2928 2523 σοι’
2981 2468 3061 2521 διὸ
3111 2468 3205 2521 καὶ
3246 2466 3307 2520 τὸ
3366 2463 3703 2535 γεννώμενον

2140 2565 2316 2634 ἅγιον,
2344 2562 2676 2634 κληθήσεται
2722 2562 2850 2624 Tib;
2878 2559 3040 2614 Θεοῦ.
3069 2578 3089 2611 ι
3137 2559 3197 2612 '0
3224 2559 3400 2612 τοίνυν
3425 2556 3704 2627 γεννηθεὶς

2141 2658 2206 2709 ἐκ
2236 2659 2335 2726 τῆς
2372 2656 2531 2724 ἁγίας
2570 2654 2866 2723 Παρθένου,
2899 2654 3025 2717 Υἱὸς
3055 2651 3199 2706 Θεοῦ
3222 2650 3379 2721 φύσει
3404 2688 3421 2716 ,
3452 2650 3545 2704 καὶ
3571 2649 3704 2712 Θεὸς

2142 2746 2415 2818 ἀληθινὸς,
2459 2746 2553 2799 καὶ
2587 2746 2647 2799 οὺ
2690 2746 2872 2817 χάριτι
2907 2746 3003 2799 καὶ
3034 2744 3326 2816 μετουσία,
3357 2742 3499 2796 κατὰ
3525 2742 3706 2812 σάρκα

2148 2838 2308 2909 μόνον
2347 2838 2443 2908 τὴν
2477 2838 2541 2890 ἐκ
2567 2837 2809 2907 Μαρίας,
2842 2836 3149 2907 ἄνθρωπος,
3186 2836 3325 2890 κατὰ
3363 2836 3423 2890 δὲ
3466 2835 3703 2905 πνεῦμα,

2145 2928 2308 2992 αὐτὸς
2339 2929 2467 2993 Υἱὸς
2505 2928 2597 2982 τοῦ
2634 2928 2769 2982 Θεοῦ
2805 2930 2895 2981 καὶ
2927 2929 3088 2991 Θεός’
3125 2928 3315 2983 παθὼν
3349 2929 3447 2997 μὲν
3476 2927 3544 2981 τὰ
3568 2926 3706 2998 ἡμέ-

2144 3034 2277 3089 τερα
2309 3018 2452 3089 πάθη
2476 3018 2615 3071 κατὰ
2650 3019 2827 3086 σάρκα
2848 3060 2864 3083 ,
2900 3018 3088 3090 ὥσπερ
3137 3018 3475 3088 γέγραπται*
3527 3037 3547 3070 ι
3581 3019 3712 3087 Χρι-

476 3102 620 3156 Deus
654 3104 787 3172 ipse.
815 3102 914 3170 Qui
955 3106 1167 3174 quidem
1207 3107 1503 3163 secundum
1545 3120 1762 3161 carnem
1792 3106 2044 3160 humana:

2149 3104 2275 3159 στοῦ
2301 3106 2563 3170 παθόντος
2590 3107 2726 3178 ὑπὲρ
2748 3106 2901 3177 ἡμῶν
2928 3106 3118 3178 σαρκί.
3154 3126 3173 3158 ι
3204 3108 3310 3160 Καὶ
3344 3107 3522 3160 πάλιν
3564 3124 3583 3158 ι
3612 3106 3711 3169 Ὃς

475 3202 679 3247 natura:
708 3194 1080 3249 convenientia
1108 3211 1298 3266 passus
1322 3205 1424 3253 est.
1452 3196 1725 3265 Scriptum
1758 3205 1841 3250 est
1864 3198 2043 3251 enim:

484 3302 504 3336 ι
541 3283 757 3340 Christo
785 3300 883 3354 pro
922 3287 1075 3342 nobis
1111 3289 1161 3342 in
1206 3303 1371 3345 carne
1419 3289 1666 3359 passo".
1709 3306 1728 3340 ι
1764 3287 2000 3342 Rursum
2031 3304 2046 3341 :

486 3392 505 3427 ι
544 3374 642 3442 Qui
694 3376 857 3431 etiam
903 3379 1119 3449 proprio
1150 3378 1285 3434 Filio
1333 3396 1437 3435 non
1494 3379 1764 3450 pepercit,
1814 3380 1907 3436 sed
1953 3394 2050 3448 pro

484 3468 733 3523 omnibus
777 3469 931 3524 nobis
963 3471 1180 3525 tradidit
1223 3471 1368 3534 illum
1394 3471 1484 3528 ’δι
1522 3491 1540 3523 ι
1579 3472 1927 3528 nihilominus
1964 3488 2052 3529 se-

485 3562 720 3614 cundum
750 3561 985 3615 divinam
1015 3573 1261 3617 naturam
1308 3564 1656 3632 impassibilis
1698 3578 1763 3618 ac
1797 3565 2050 3618 immuta-

486 3651 610 3706 bilis
636 3666 805 3722 usque
832 3653 1149 3723 permansit,
1171 3654 1325 3723 juxta
1353 3655 1482 3708 illud
1516 3656 1787 3724 propheta:
1819 3670 2053 3724 pronun-

489 3744 723 3799 tiatum:
762 3762 781 3797 ι
815 3745 923 3814 Ego
964 3745 1123 3811 Deus,
1167 3757 1221 3801 et
1265 3762 1372 3801 non
1421 3747 1687 3801 mutor".
1721 3766 1740 3797 ι
1813 3747 2054 3803 Mortuus

486 3846 570 3891 εει
594 3851 728 3891 sane
764 3838 1055 3892 secundum
1106 3854 1326 3893 carnem
1371 3848 1551 3893 nostra
1602 3852 1793 3907 morte,
1840 3849 2054 3894 llOSll‘O-

487 3943 714 3998 rumque
741 3937 1083 3995 peccatorum
1112 3945 1273 3984 causa
1298 3947 1313 3995 ;
1344 3946 1449 4000 quo
1492 3931 1748 3985 nimirum
1791 3947 1885 4000 per
1915 3947 2058 3986 mor-

491 4027 598 4074 tem
660 4017 832 4073 nostri
888 4020 1060 4090 gratia
1117 4032 1465 4089 susceptam,
1516 4031 1743 4076 mortem
1792 4022 2055 4076 aboleret.

489 4110 627 4165 llinc
660 4110 947 4181 Apostolus
978 4130 991 4165 :
1049 4128 1068 4163 ι
1101 4111 1364 4181 Absorpta
1392 4121 1475 4166 est
1514 4128 1661 4168 mors
1694 4113 1749 4166 in
1793 4113 2055 4167 victoria:

493 4204 583 4257 ubi
615 4214 718 4269 est,
753 4218 920 4267 mors,
966 4203 1189 4258 victoria
1236 4206 1371 4258 tua?
1404 4205 1491 4258 ubi
1517 4215 1601 4259 est
1646 4205 1892 4259 stimulus
1916 4214 2058 4273 tuus,

2148 3214 2213 3266 γε
2256 3199 2351 3250 τοῦ
2406 3198 2533 3251 ίδίου
2578 3198 2708 3250 Υίοῦ
2750 3198 2849 3251 οὐκ
2900 3199 3187 3267 ἐφείσατο,
3221 3197 3335 3251 ἀλλ’
3385 3197 3520 3268 ὑπὲρ
3553 3196 3712 3268 ἡμῶν

2149 3287 2367 3341 πάντων
2400 3287 2720 3359 παρέδωκεν
2766 3287 2951 3341 αὐτόν.
2998 3306 3017 3339 ι
3060 3286 3300 3353 Ἀπαθὴς
3334 3285 3393 3337 δὲ
3432 3284 3713 3355 διαμείνας

2149 3379 2244 3432 καὶ
2280 3377 2637 3440 ἀναλλοίωτος
2674 3377 2813 3431 κατὰ
2837 3377 2934 3448 τὴν
2965 3376 3211 3446 θεότητα,
3245 3375 3461 3429 κατὰτὸ
3484 3375 3710 3444 λεγόμε-

2150 3487 2239 3523 νον
2264 3470 2368 3522 ὑπὸ
2397 3468 2490 3522 τοῦ
2523 3471 2802 3540 προφήτου
2820 3486 2831 3498 ·
2859 3488 2877 3520 ι
2904 3468 3043 3536 Ἐγὼ
3063 3469 3214 3532 Θεὸς,
3246 3469 3340 3522 καὶ
3367 3469 3467 3521 οὐκ
3492 3468 3714 3538 ἠλλοίω-

2155 3581 2267 3634 μαι.
2306 3582 2323 3613 ι
2369 3562 2679 3615 Ἀποθανὼν
2718 3563 2815 3633 μὲν
2863 3562 2952 3614 τὸν
2990 3563 3258 3632 ἡμέτερον
3304 3561 3530 3614 θάνατον
3575 3560 3715 3613 κατὰ

2155 3655 2332 3725 σάρκα
2378 3655 2517 3724 ὑπὲρ
2543 3654 2650 3708 τῶν
2685 3655 2966 3725 ἁμαρτιῶν
3011 3654 3188 3725 ἡμῶν,
3238 3654 3324 3707 ἵνα
3350 3656 3441 3706 τὸν
3490 3652 3714 3707 θάνατον

2154 3744 2316 3815 ἀνέλῃ
2343 3744 2429 3797 διὰ
2459 3744 2550 3797 τοῦ
2582 3746 2721 3817 ὑπὲρ
2751 3746 2906 3817 ἡμῶν
2940 3745 3191 3811 θανάτου,
3216 3745 3356 3798 κατὰ
3380 3745 3469 3797 τὸν
3496 3744 3715 3813 λέγοντα

2167 3835 2517 3888 Ἀπόστολονο
2572 3854 2588 3886 ι
2615 3835 2903 3906 Κατεπόθη
2951 3837 2979 3888 ὁ
3030 3835 3256 3899 θάνατος
3302 3837 3381 3899 είς
3412 3837 3578 3897 νῖκος.
3607 3833 3714 3887 Ποῦ

2158 3945 2273 3991 σου,
2306 3926 2523 3994 θάνατε,
2556 3926 2616 3980 τὸ
2655 3931 2834 3993 νῖκος;
2867 3927 2967 3981 ποῦ
3005 3946 3117 3993 σου,
3152 3928 3275 4000 ᾆδη,
3310 3929 3369 3981 τὸ
3411 3928 3710 3996 κέντρον;ι

2158 4018 2268 4071 Καὶ
2305 4017 2463 4072 πάλιν
2483 4034 2495 4046 ’
2527 4038 2544 4070 ι
2581 4017 2815 4090 Χριστὸς
2854 4018 3122 4073 ἀπέθανεν
3145 4019 3284 4090 ὑπὲρ
3309 4020 3415 4071 τῶν
3437 4017 3715 4088 ἁμαρτιῶν

2158 4108 2334 4180 ἡμῶν)
2363 4108 2504 4163 κατά
2536 4110 2632 4172 τὰς
2662 4109 2903 4180 Γραφάς.
2938 4129 2955 4159 ι
3005 4109 3292 4173 Ἀθάνατος
3316 4109 3372 4163 δὲ
3415 4110 3511 4163 καὶ
3547 4109 3716 4179 ἀκρά-

2158 4220 2319 4273 τητος
2376 4202 2453 4272 τῷ
2498 4202 2710 4269 θανάτῳ
2757 4202 3039 4272 διαμείνας
3080 4200 3168 4255 διὰ
3197 4202 3297 4272 τὴν
3339 4202 3599 4273 θεότητα,
3642 4202 3717 4265 ὡς

494 4292 701 4347 inferne
718 4292 801 4347 7°?
840 4312 860 4345 ι
910 4292 1148 4348 lterum:
1207 4313 1226 4345 ι
1260 4294 1504 4349 Christus
1555 4305 1799 4349 mortuus
1837 4306 1920 4349 est
1963 4310 2045 4365 ρι’(

2161 4292 2377 4365 ἀπαθὴς
2403 4291 2496 4344 τοῦ
2526 4292 2738 4363 Πατρὸς
2770 4292 3016 4362 δύναμις,
3054 4294 3194 4346 κατὰ
3224 4294 3314 4346 τὸν
3359 4293 3583 4361 λέγοντα
3615 4293 3718 4346 Πέ-

494 4384 728 4453 peccatis
761 4384 979 4452 nostris,
1006 4385 1300 4440 secundum
1331 4385 1640 4454 Scripturas
1666 4388 1737 4440 τ’.
1778 4406 1797 4439 ι
1836 4388 1904 4440 At
1931 4403 2045 4443 vert

2163 4401 2289 4452 τρον
2311 4398 2324 4411 ⁸
2362 4384 2422 4435 οὐ
2453 4383 2559 4453 γὰρ
2602 4379 2668 4454 ἦν
2697 4383 2918 4436 δυνατὸν
2948 4383 3265 4455 κρατεῖσθαι
3291 4385 3451 4439 αὐτὸν
3491 4386 3595 4438 ὑπὸ
3621 4386 3713 4438 τοῦ

495 4476 790 4532 secundum
815 4476 1151 4532 divinitatem
1175 4477 1518 4541 immortalis,
1553 4477 1809 4546 omnique
1837 4478 2045 4535 interiit

2163 4476 2411 4530 θανάτου.
2460 4471 2591 4526 Εἶτα
2638 4474 2849 4539 τούτοις
2895 4476 3184 4546 ἐπιφέρει,
3232 4478 3523 4548 παρενθεὶς
3563 4478 3722 4549 ἕτερα

495 4567 741 4636 superior
763 4576 899 4633 erat,
930 4575 990 4621 ut
1017 4568 1110 4637 qui
1147 4567 1457 4638 impatibilis
1482 4567 1659 4624 Patris
1695 4570 1863 4625 virtus
1896 4579 2045 4625 esset,

2170 4564 2371 4636 μεταξὺ
2400 4564 2570 4627 οὕτως
2590 4580 2604 4593 ·
2636 4565 2700 4617 Εἰ
2740 4563 2796 4617 δέ
2836 4580 2920 4628 τις
2950 4565 3102 4636 παρὰ
3136 4563 3307 4617 ταῦτα
3341 4567 3405 4619 ὲκ
3433 4565 3540 4618 τῶν
3567 4565 3723 4618 θείων

499 4657 971 4728 Inorteque,juxta
1022 4657 1168 4712 Petri
1218 4659 1646 4726 sententiam",
1703 4660 1869 4715 teneri
1917 4661 2045 4715 nullt

2164 4659 2207 4712 Γ
2214 4655 2398 4729 ραφῶν
2442 4655 2681 4710 διδάσκει
2707 4697 2721 4721 ,
2754 4655 2940 4727 ἕτερον
2970 4657 3142 4725 λέγων
3169 4657 3260 4709 τὸν
3292 4657 3416 4711 Υίὸν
3446 4658 3540 4710 τοῦ
3568 4656 3721 4719 Θεοῦ,

500 4748 661 4803 modo
702 4757 903 4818 posset.
949 4747 1152 4804 Deinde
1202 4749 1324 4804 aliis
1369 4748 1481 4820 49
1520 4751 1841 4819 quibusdam
1889 4750 2064 4805 inter-

492 4840 674 4909 jectis,
738 4840 853 4895 haec
911 4841 1223 4911 subiungit:
1284 4841 1340 4895 Si
1399 4842 1520 4911 quis
1563 4851 1741 4896 autem
1794 4840 1940 4896 aliud
1997 4857 2065 4897 ex

500 4932 696 4985 divinis
752 4930 969 4985 Litteris
1028 4930 1309 4996 docuerit,
1358 4940 1411 4986 et
1455 4932 1619 4987 alium
1670 4931 1763 4987 Dei
1817 4932 2063 5001 Filium,

503 5020 665 5073 alium
741 5018 922 5073 Mariae
1003 5033 1100 5089 per
1179 5020 1408 5090 gratiam
1483 5022 1653 5074 instar
1723 5021 1892 5075 n03tri
1972 5020 2067 5073 ad-

502 5121 769 5181 optatum,
819 5108 1095 5182 professus
1142 5110 1324 5176 fuerit,
1370 5120 1621 5180 tanquam
1670 5111 1777 5165 duo
1811 5112 1919 5166 sint
1952 5112 2065 5175 lilii,

506 5205 644 5257 alter
692 5202 785 5257 Dei
829 5204 1124 5257 secundum
1186 5214 1474 5269 naturain,
1526 5203 1614 5258 ille
1671 5204 1921 5257 videlicet
1978 5202 2070 5272 qui

506 5310 571 5350 ex
610 5296 716 5351 Deo
755 5305 945 5363 natus;
980 5294 1118 5349 alter
1148 5297 1445 5349 secundum
1476 5296 1776 5364 adoptionis
1808 5305 2069 5364 gratiam,

508 5388 672 5441 homo
704 5386 954 5441 nimirum
981 5387 1071 5456 qui
1107 5403 1171 5440 ex
1202 5385 1371 5441 Maria
1396 5388 1638 5442 exstitit:
1671 5395 1766 5442 aut
1796 5388 1840 5442 si
1863 5387 2073 5442 Domini

511 5479 679 5535 nostri
707 5493 926 5535 carnem
954 5494 1059 5534 non
1085 5493 1151 5534 ex
1183 5479 1409 5549 Deipara
1454 5477 1672 5550 Virgine
1715 5477 1881 5532 Maria
1926 5493 2073 5535 sum-

2167 4747 2262 4798 καὶ
2287 4744 2472 4815 ἓτερον
2501 4744 2587 4797 τὸν
2612 4744 2674 4796 ὲκ
2700 4744 2936 4814 Μαρίας,
2968 4744 3107 4797 κατὰ
3139 4746 3297 4817 χάριν
3330 4745 3723 4817 υίοποιηθέντα,

2169 4837 2246 4900 ὡς
2280 4839 2439 4907 ἡμεῖς
2462 4852 2475 4865 ·
2503 4836 2578 4899 ὡς
2608 4832 2745 4889 εἶναι
2775 4836 2867 4889 δύο
2897 4837 3044 4899 υἱοὺς
3064 4877 3077 4900 ,
3110 4836 3204 4889 ἕνα
3247 4836 3385 4890 κατὰ
3416 4836 3573 4906 φύσιν
3600 4836 3728 4889 Υίὸν

2169 4927 2264 4980 τοῦ
2293 4927 2426 4981 Θεοῦ
2457 4928 2546 4980 τὸν
2581 4929 2644 4979 ὲκ
2686 4926 2820 4979 Θεοῦ
2842 4966 2856 4991 ,
2886 4927 2979 4980 καὶ
3010 4928 3103 4979 ἕνα
3133 4927 3273 4979 κατὰ
3316 4928 3499 4997 χάριν,
3535 4927 3626 4980 τὸν
3662 4927 3728 4979 ἐκ

2170 5020 2391 5091 Μαρίας
2437 5018 2754 5090 ἄνθρωπονο
2785 5019 2817 5091 ἢ
2852 5019 2903 5071 εί
2933 5036 3016 5081 τις
3054 5018 3153 5089 τὴν
3196 5017 3287 5071 τοῦ
3330 5018 3535 5088 Κυρίου
3572 5017 3730 5087 ἡμῶν

2175 5112 2352 5182 σάρκα
2378 5110 2582 5165 ἄνωθεν
2613 5110 2783 5177 λέγει,
2833 5109 2926 5162 καὶ
2959 5110 3032 5180 μὴ
3060 5112 3124 5163 ὲκ
3167 5110 3265 5178 τῆς
3303 5109 3576 5181 Παρθένου
3611 5109 3731 5162 Μα-

2176 5203 2296 5273 ρίας
2317 5220 2329 5232 ·
2367 5203 2400 5272 ἢ
2426 5205 2724 5272 τραπεῖσαν
2746 5201 2842 5271 τὴν
2864 5201 3091 5270 θεότητα
3120 5203 3198 5263 εἰς
3229 5201 3428 5273 σάρκα,
3457 5201 3490 5270 ἢ
3522 5218 3730 5269 συγχυ-

2174 5295 2381 5358 θεῖσαν,
2427 5295 2459 5365 ἢ
2497 5293 2896 5355 άλλοιωθείσαν,
2932 5292 2966 5364 ἢ
3001 5291 3247 5363 παθητὴν
3273 5294 3372 5362 τὴν
3399 5292 3492 5344 τοῦ
3525 5291 3731 5361 Κυρίου

2176 5386 2438 5456 θεότητα,
2490 5385 2523 5455 ἢ
2570 5383 2980 5455 άπροσκύνητον
3028 5384 3124 5455 τὴν
3172 5383 3265 5436 ⁴τοῦ
3322 5384 3526 5454 Κυρίου
3576 5381 3735 5452 ἡμῶν

2180 5479 2359 5550 σάρκα
2403 5476 2477 5541 ὡς
2526 5475 2811 5548 ἀνθρώπου
2872 5475 2966 5529 καὶ
2997 5474 3073 5547 μὴ
3102 5476 3479 5548 προσκυνητὴν
3510 5474 3585 5538 ὡς
3618 5475 3735 5526 Κυι-

582 5639 624 5668 ἰ
651 5636 780 5691 Luc.
818 5653 857 5701 t,
891 5636 978 5690 54.
1053 5635 1099 5665 ⁷³
1130 5633 1257 5687 ibid.
1290 5636 1378 5691 55.
1455 5636 1502 5669 ⁷³
1527 5634 1547 5690 Ι
1573 5637 1711 5691 Pctr.
1753 5650 1824 5703 tv,
1864 5636 1907 5690 Ι.
1986 5636 2033 5668 ’⁷³

2151 5650 2221 5689 ιιι.
2253 5649 2371 5697 vtn,
2412 5633 2497 5688 '52.
2574 5633 2622 5665 "
2651 5630 2876 5687 Malaclt.
2913 5647 2995 5695 ιιι,
3029 5632 3081 5685 6.
3158 5631 3206 5662 ⁷⁵
3241 5628 3259 5682 l
3314 5630 3436 5685 Cor.
3494 5645 3580 5696 xv,
3640 5628 3733 5685 55.

517 5706 562 5739 ⁷⁷
596 5708 723 5763 ibid.
760 5710 812 5765 4.
891 5706 939 5738 ⁷⁸
974 5708 1077 5761 Act
1134 5720 1194 5769 tt,
1228 5705 1279 5759 4.
