4044 6332
416 361 554 418 1313

1497 362 1585 417 DE
1627 364 1852 420 RECTA
1893 365 2048 422 FIDE
2083 368 2171 423 AD
2211 368 2529 426 REGINAS.

418 481 531 551 ρίου
559 478 654 532 καὶ
689 477 822 532 Θεοῦ
854 478 1049 549 σάρκα,
1084 478 1294 546 τοῦτον,
1323 480 1708 551 ἀναθεματίζει
1761 485 1794 553 ὴ
1842 483 1959 551 ἁγία

2074 493 2238 554 ptam,
2271 486 2365 539 sed
2394 482 2610 541 ccelitus
2643 484 2905 555 dilapsam
2935 486 3337 557 praedicaverit;
3384 495 3474 542 aut
3502 489 3642 543 divi-

413 570 673 641 καθολικὴ
708 572 1345 644 Ἐκκλησία,-πειθομένη
1382 572 1462 645 τῷ
1489 573 1618 645 θείῳ
1662 574 1972 647 ’Δποστόλῳ

413 664 654 733 λέγοντι·
693 683 712 715 ι
750 665 818 718 Ei
858 684 940 730 τις
973 668 1101 738 ὑμῖν
1131 667 1577 737 εὐαγγελίζεται,
1610 669 1739 741 παρ’
1770 669 1799 721 6
1826 686 1969 741 παρ-

2071 575 2291 629 nitatem
2330 575 2382 629 in
2416 590 2633 630 carnem
2661 590 2896 642 versam,
2935 587 3029 633 aut
3057 578 3358 643 confusam,
3390 589 3481 632 ant
3528 596 3631 633 mu-

2067 672 2275 731 tatam;
2334 676 2427 720 aut
2488 665 2699 721 Domini
2748 668 3090 724 divinitatem
3142 668 3490 738 passibilem;
3549 678 3642 722 aut

414 753 652 817 ελάϐετε,
684 756 931 826 ἀνάθεμα
958 755 1115 811 ἔστω.
1142 774 1161 807 ι
1194 758 1302 810 Καὶ
1323 757 1494 812 ταῦτα
1521 757 1620 828 μὲν
1647 758 1675 810 6
1704 758 1959 830 μακάριος

2066 757 2303 824 ejusdem
2348 756 2554 811 Domini
2583 758 2749 812 nostri
2795 774 3032 821 carnem,
3079 761 3242 816 veluti
3284 759 3411 815 nudi
3468 761 3641 813 homi-

426 845 741 911 Ἀθανάσιος
766 863 781 878 °

2068 848 2170 911 nis,
2204 848 2423 902 minime
2462 848 2788 903 adorandam
2840 851 3072 915 dixerit;
3120 854 3263 906 hunc
3301 851 3639 905 anathemate

413 936 596 1008 plectit
628 949 811 993 sancta
844 948 898 994 et
940 940 1201 995 catholica
1273 940 1533 1005 Ecclesia,
1600 940 1757 996 dictis
1799 938 2043 1008 Apostoli
2084 954 2277 1007 parens
2315 940 2386 992 ita
2434 941 2764 995 scribentis:
2810 960 2829 992 ι
2867 941 2923 997 Si
2958 942 3079 1011 quis
3112 943 3264 998 vobis
3302 939 3637 1011 evangeliza-

412 1030 553 1083 verit
581 1041 775 1099 praeter
803 1033 853 1085 id
893 1032 1034 1100 quod
1080 1033 1379 1101 accepistis,
1421 1036 1705 1088 anathema
1769 1034 1841 1086 sit
1862 1034 1930 1088 ⁷⁹.
1968 1048 1987 1081 ι
2032 1029 2317 1097 llucusque
2353 1032 2542 1087 beatus
2596 1033 2946 1088 Athanasius.

484 1119 541 1173 ι’.
585 1115 751 1191 Οἶμαι
794 1122 851 1176 δὲ
889 1123 999 1178 δεῖν
1052 1124 1145 1177 καὶ
1199 1124 1400 1198 ἐτέρων
1441 1124 1611 1193 ἁγίων
1657 1123 1969 1177 ἐπισκόπων

412 1209 733 1281 παραθεῖναι
768 1214 969 1283 φωνὰς,
1001 1215 1092 1269 τὸν
1124 1215 1284 1269 αὑτὸν
1311 1216 1539 1287 ἐχούσας
1572 1214 1794 1269 σκοπόν.

852 1458 1123 1512 Ἀττικοῦ
1160 1459 1519 1515 ἐπισκόπου.

480 1590 724 1662 Σήμερον
758 1592 991 1661 Χριστὸς
1018 1594 1046 1646 6
1077 1594 1353 1665 Δεσπότης
1385 1595 1483 1665 τὴν
1516 1596 1613 1666 τῆς
1659 1592 1958 1664 φιλανθρω-

410 1682 541 1745 πίας
570 1683 820 1752 γέννησιν
847 1684 1159 1751 ἀνεδέξατο·
1185 1684 1282 1755 τὴν
1323 1685 1430 1757 γὰρ
1455 1686 1552 1756 τῆς
1596 1686 1782 1756 θεῖκῆς
1810 1689 1966 1753 ἀξίας

2146 1120 2212 1175 Χ.
2249 1123 2514 1179 Existimo
2540 1135 2718 1179 autem
2745 1135 2799 1180 et
2827 1126 3052 1179 aliorum
3082 1140 3298 1194 quoque
3327 1133 3636 1178 sanctorum

2070 1212 2443 1282 episcoporum
2484 1216 2800 1280 sententias,
2826 1217 3022 1285 quibus
3053 1216 3192 1269 idem
3227 1218 3419 1269 docere
3442 1229 3638 1284 propo—

2068 1304 2231 1356 situm
2261 1311 2363 1371 est,
2394 1306 2704 1375 neutiquam
2746 1307 2832 1362 hic
2856 1308 3180 1361 omittendas
3210 1321 3352 1361 esse.

2631 1440 2794 1494 Attici
2820 1442 3067 1508 episcopi.

2144 1571 2315 1626 Hodie
2343 1571 2588 1627 Christus
2636 1573 2895 1627 Dominus
2927 1546 3272 1639 benignitatis
3305 1586 3428 1641 erga
3459 1570 3634 1624 bon-i-

2072 1677 2168 1716 nes
2196 1662 2532 1717 nativitatem
2559 1663 2802 1733 suscepit
2832 1678 2847 1715 :
2890 1662 3087 1716 divina:
3126 1663 3319 1731 quippe
3359 1661 3634 1731 dignitatis

411 1751 783 1843 προϋπῆρχεν.
811 1769 954 1827 Εἶτα
987 1776 1217 1842 τούτοις
1239 1751 1749 1845 ἐπιφόρειῑπάλινλ
1782 1779 1838 1831 '0
1860 1751 1959 1848 τῆς

2075 1752 2354 1805 nativitate
2394 1753 2818 1822 prmexsistebat.
2861 1753 3019 1806 Addit
3066 1754 3149 1808 his
3185 1766 3433 1805 rursum:
3476 1751 3636 1805 Beni—

2073 1844 2284 1865 -,,ε.,,ε,
2316 1842 2549 1865 udam
2619 1859 2731 1865 ---μ
2779 1854 2961 1865 ---,,.,
3007 1852 3193 1865 __.____
3251 1842 3631 1865 ,,,ε,,,ε.ε,,ε,

412 1842 819 1934 φιλανθρωπίας
850 1865 1021 1933 Λόγος
1050 1867 1297 1920 κενοῦται
1322 1842 1358 1931 ,Ἰ
1378 1842 1649 1933 ἀκένωτος
1680 1870 1780 1940 τὴν
1805 1842 1959 1939 φύσιν

2069 1844 2287 1912 gnitatis
2316 1842 2575 1909 Verbum,
2614 1859 2735 1898 cum
2776 1854 2965 1911 suapte
3007 1852 3199 1898 natura
3246 1842 3634 1897 exinanitionis

408 1954 716 2024 τυγχάνων
748 1956 935 2010 ἑαυτὸν
966 1956 1073 2029 γάρ
1102 1958 1333 2011 ὲκένωσε
1352 1998 1366 2021 ,
1402 1959 1614 2030 μορφὴν
1647 1959 1833 2013 δούλου
1874 1960 1967 2013 λα-

410 2042 543 2099 ϐὼν.
579 2045 636 2098 '0
684 2046 923 2117 ἄσαρκος
970 2048 1286 2117 σαρκοῦται,
1323 2065 1343 2100 ι
1385 2049 1445 2101 '0
1472 2050 1643 2120 Λόγος
1676 2050 1811 2120 σὰρξ
1847 2051 1966 2118 ἐγέ-

407 2153 549 2190 νετο.
585 2157 604 2189 ι
655 2139 712 2192 '0
745 2140 857 2209 ἁφῇ
908 2139 981 2210 μὴ
1022 2140 1344 2193 ὑποπίπτων
1389 2139 1478 2193 διά
1515 2139 1576 2193 τὸ
1609 2142 1707 2211 τῆς
1750 2140 1966 2209 φύσεως

405 2227 713 2299 ἀσώματον,
750 2230 1082 2300 ψηλαφᾶται.
1126 2231 1186 2284 '0
1214 2231 1447 2301 ἄναρχος
1479 2230 1583 2283 ὑπὸ
1610 2232 1783 2302 ἀρχὴν
1816 2232 1965 2299 γίνε-

404 2334 493 2371 ται
526 2322 861 2391 σωματικήν.
915 2321 973 2374 '0
1018 2319 1220 2383 τέλειος
1251 2319 1439 2386 αὕξει,
1481 2319 1510 2371 6
1542 2320 1809 2391 ἄτρεπτος
1838 2337 1965 2390 προ-

404 2408 613 2472 κόπτει,
640 2412 668 2463 6
694 2409 945 2474 πλούσιος
976 2413 1033 2463 ὲν
1063 2412 1403 2482 καταλύματι
1429 2411 1696 2465 τίκτεται.
1714 2412 1772 2464 '0
1805 2428 1961 2482 περι-

408 2497 619 2551 ϐάλλων
646 2498 737 2552 τὸν
769 2501 992 2571 οὐρανὸν
1033 2503 1089 2555 ὲν
1134 2503 1383 2570 νεφέλαις
1406 2542 1420 2567 ,
1459 2502 1863 2574 σπαργανοῦται
1885 2516 1900 2531 ⁸
1935 2504 1963 2555 ὁ

406 2590 661 2663 βασιλεὺς
692 2594 750 2647 ἐν
780 2593 953 2666 φάτνῃ
987 2595 1354 2650 κατατίθεται.

836 2895 1141 2969 Ἀντιόχου
1170 2898 1523 2954 ἐπισκόπου.

477 3026 577 3084 Ὃν
600 3028 727 3099 χθὲς
756 3030 1038 3101 ἀχράντοις
1077 3032 1312 3103 λοχείαις
1352 3034 1581 3105 Σωτῆρα
1608 3034 1737 3104 ἡμῖν
1763 3034 1797 3104 ὴ
1825 3033 1962 3098 ζωο-

2068 1950 2238 2004 capax
2291 1951 2395 1990 non
2442 1944 2604 2000 esset,
2649 1936 2987 2000 exinanitur,
3035 1935 3217 1991 servili
3265 1935 3410 1989 enim
3458 1934 3631 1989 l‘nrma

2064 2036 2311 2097 suscepta
2355 2029 2701 2099 semetipsum
2745 2029 3059 2085 exinanivit.
3114 2028 3216 2093 Qui
3270 2041 3468 2097 expers
3516 2034 3633 2080 erat

2064 2122 2281 2184 carnis,
2331 2135 2495 2175 carne
2545 2120 2817 2186 induitur,
2874 2138 2893 2171 ι
2948 2119 3178 2174 Verbum
3247 2133 3374 2173 caro
3431 2118 3631 2171 factum

2064 2222 2147 2267 est
2175 2212 2242 2266 ⁸ο.
2274 2230 2293 2264 ι
2345 2212 2445 2279 Qui
2494 2212 2563 2267 ob
2620 2222 2868 2267 naturam
2914 2211 3157 2280 corporis
3205 2219 3479 2278 expertem
3533 2208 3632 2262 sub

2067 2312 2267 2358 tactum
2298 2319 2403 2357 non
2430 2304 2698 2367 veniebat,
2735 2304 3016 2372 palpabilis
3051 2301 3300 2357 efﬁcitur.
3349 2299 3450 2365 Qui
3482 2300 3633 2368 prin-

2062 2396 2261 2463 cipium
2289 2394 2582 2460 nesciebat,
2635 2396 2930 2450 secundum
2980 2409 3176 2462 corpus
3217 2392 3429 2447 initium
3468 2393 3632 2446 sorti-

2065 2496 2171 2539 tur.
2195 2486 2294 2552 Qui
2324 2487 2570 2540 absolute
2598 2487 2870 2556 perl’ectns
2900 2495 3041 2551 erat,
3080 2487 3411 2539 incrementa
3439 2485 3625 2537 sumit.

2063 2580 2162 2646 Qui
2192 2581 2430 2633 converti
2463 2596 2566 2633 nun
2599 2587 2795 2649 potest,
2824 2577 3051 2647 prolicit.
3088 2577 3190 2644 Qui
3234 2579 3383 2632 dives
3411 2585 3536 2640 est,
3575 2576 3627 2630 in

2061 2671 2359 2727 diversorio
2385 2672 2642 2741 gignitur.
2669 2671 2770 2736 Qui
2794 2670 2991 2725 coelum
3020 2670 3247 2724 nubibus
3272 2669 3422 2739 tegit,
3449 2667 3629 2721 fasciis

2064 2760 2371 2816 involvitur.
2403 2761 2506 2828 Qui
2538 2776 2633 2815 rex
2668 2769 2773 2825 est,
2810 2760 2861 2813 in
2895 2760 3155 2829 praesepio
3185 2759 3490 2829 deponitur.

2586 2892 2830 2949 Antiochi
2855 2894 3098 2963 episcopi.

2134 3032 2303 3099 Quem
2334 3031 2585 3086 hesterno
2615 3029 2700 3084 die
2734 3044 2832 3099 pro
2863 3037 3046 3083 nostra
3079 3027 3253 3082 salute
3284 3024 3632 3081 immaculato

401 3118 634 3191 τόκος,ή
663 3120 994 3189 καλλιτόκος,
1015 3125 1048 3193 ή
1078 3124 1457 3192 μεγαλοτόκος,
1499 3126 1531 3194 ἡ
1560 3123 1887 3194 φαεσφόρος,
1918 3123 1951 3192 ἡ

2067 3124 2352 3194 puerperio
2388 3124 2622 3191 genitrix
2655 3122 2804 3186 vitae,
2839 3129 3012 3175 mater
3035 3117 3447 3190 pulchritudinis
3469 3160 3484 3185 ,
3515 3131 3633 3172 ma»

402 3210 773 3282 ἑλπιδοφόρος,
800 3214 832 3284 ἡ
856 3215 1135 3282 Θεοτόκος,
1168 3218 1201 3287 ή
1228 3216 1522 3281 ξενοτόκος,
1549 3218 1582 3287 ή
1612 3216 1963 3286 παρθενομή-

402 3318 517 3373 τωρ
540 3301 694 3356 ὢδινε
718 3305 926 3376 Μαρία.

413 3521 786 3606 Ἆμςοιλοχίου
839 3525 1171 3606 ἐπισκόπου
1228 3531 1501 3606 Ἰκονίου,
1553 3533 1621 3587 ἐκ
1669 3534 1775 3589 τοῦ
1817 3536 1958 3605 Περὶ

713 3599 821 3662 τῆς
856 3599 1006 3651 κατὰ
1040 3599 1235 3667 σάρκα
1266 3601 1620 3670 γεννήσεως.

479 3726 544 3779 Ἠ
571 3727 794 3799 ἀλήθεια
837 3731 1106 3803 ἐγνώσθη,
1159 3735 1192 3804 ἡ
1239 3735 1398 3805 χάρις
1434 3731 1587 3807 ἦλθε,
1632 3739 1725 3791 καὶ
1771 3740 1803 3810 ή
1845 3737 1958 3810 ζωὴ

399 3819 591 3891 ἐφάνη.
636 3821 697 3875 '0
722 3822 816 3875 τοῦ
842 3823 974 3877 Θεοῦ
1016 3824 1090 3877 ὢν
1120 3826 1263 3891 Υἱὸς,
1296 3829 1324 3881 6
1348 3828 1411 3880 ἐκ
1437 3828 1569 3882 Θεοῦ
1594 3830 1784 3898 Λόγος,
1822 3831 1960 3902 σὰρξ

399 3910 615 3979 ἐγένετο
651 3913 716 3966 δι’
743 3915 911 3984 ἡμᾶς,
943 3915 1029 3968 ἵνα
1060 3916 1284 3984 θνητοὺς
1303 3919 1383 3981 εἰς
1409 3918 1553 3989 ζωὴν
1586 3920 1801 3974 αἰώνιον
1825 3923 1959 3975 ἀνα-

399 4002 592 4072 στήσῃ,
620 4004 714 4057 καὶ
743 4006 805 4057 ὲκ
834 4006 941 4059 τῶν
971 4008 1175 4077 νεκρῶν
1204 4009 1480 4082 ἀνεγείρῃ.
1513 4012 1570 4064 '0
1594 4012 1829 4081 Ποιητής
1849 4012 1956 4065 τῶν

398 4091 557 4154 ὅλων,
586 4095 615 4146 6
646 4094 751 4165 πρὸ
778 4096 956 4167 πάσης
983 4099 1213 4162 κτίσεως
1240 4101 1448 4169 ὁρατῶν
1480 4119 1539 4154 τε
1569 4103 1660 4155 καὶ
1687 4104 1953 4173 ἀοράτων,

399 4184 545 4255 μόνῳ
587 4186 761 4256 Πατρὶ
803 4187 896 4239 καὶ
946 4188 1223 4259 Πνεύματι
1268 4193 1623 4263 συνυπάρχων
1656 4194 1954 4260 ἀθάνατος,

398 4275 636 4347 σήμερον
679 4277 786 4331 ἰδοὺ
816 4280 947 4349 ἡμῖν
978 4282 1041 4332 ἐκ
1075 4281 1347 4349 Παρθένου
1386 4283 1720 4354 γεννώμενος
1740 4325 1753 4345 ,
1786 4286 1954 4357 χωρὶς

396 4365 577 4437 πάσης
612 4367 907 4439 ἁμαρτίας,
938 4370 1065 4423 ἄνευ
1094 4371 1400 4444 ἀνθρώπου,
1432 4375 1549 4444 ήτοι
1585 4375 1797 4446 ἀνδρός.

556 4587 856 4658 Ἄμμωνος
879 4586 1215 4644 ἐπισκόπου
1246 4589 1797 4659 Ἀδριανουπόλεως.

435 4723 585 4792 Ἔφη
614 4721 725 4792 γάρ
754 4734 873 4776 που
899 4720 997 4776 καὶ
1026 4721 1206 4788 αὐτὸς
1230 4722 1361 4789 περὶ
1397 4720 1503 4776 τοῦ
1528 4723 1674 4776 Θεοῦ
1707 4724 1921 4794 Λόγου.

466 4852 528 4905 Εἰ
552 4851 609 4905 δὲ
641 4852 800 4916 αὐτὸς
821 4852 952 4916 Θεὸς
981 4852 1080 4923 τὴν
1108 4852 1270 4921 φύσιν
1292 4852 1573 4926 ὑπάρχων,
1599 4854 1673 4918 ὼς
1704 4854 1798 4908 τοῦ
1820 4854 1955 4909 Θεοῦ

401 4945 692 5017 μονογενὴς
734 4946 897 5012 Υἱὸς,
932 4948 990 4999 ὲν
1024 4946 1324 5017 προσλήψει
1367 4948 1465 5016 τῆς
1508 4946 1695 5001 δούλου
1741 4950 1954 5019 μορφῆς

396 5036 708 5107 γενόμενος,
732 5038 828 5091 καὶ
856 5036 1197 5108 πρωτότοκος
1222 5038 1349 5101 Υἱὸς
1372 5039 1470 5108 τῆς
1502 5039 1659 5107 ἀγίας
1679 5038 1953 5109 Παρθένου

397 5128 661 5199 κληθῆναι
695 5127 1058 5195 καταξιώσας,
1090 5128 1405 5201 ἀντίλυτρον
1432 5131 1625 5184 ἑαυτὸν
1648 5130 1789 5202 ὑπὲρ
1818 5133 1955 5186 πάνο

394 5235 503 5271 των
555 5218 774 5273 δέδωκε.
824 5218 1195 5289 Προσεπὰτει
1239 5219 1307 5273 δὲ
1358 5222 1615 5287 τούτοιςο
1668 5222 1806 5292 Ἤδη
1856 5223 1954 5292 μὲν

394 5307 571 5373 ἔδειξα
613 5308 711 5380 τὴν
754 5310 1026 5378 ἀσέϐειαν,
1126 5312 1541 5382 περιπίπτουσιν
1572 5314 1622 5366 οἱ
1668 5314 1954 5384 Ἀρειανοὶ,

392 5399 640 5468 λέγοντες
691 5400 878 5472 χρείαν
934 5402 1228 5472 ἐσχηκέναι
1285 5404 1386 5474 τὴν
1432 5404 1690 5458 Θεοτόκον
1737 5407 1955 5475 Μαρίαν

391 5492 501 5546 τῶν
547 5491 692 5547 κατὰ
740 5492 832 5547 τὸν
876 5493 1037 5566 νόμον
1080 5495 1202 5549 τότε
1253 5497 1710 5568 προσφερομένων
1757 5498 1955 5555 θυσιῶν

393 5584 535 5654 ὑπὲρ
562 5583 670 5638 τῶν
696 5586 997 5639 τικτουσῶν
1032 5587 1324 5655 γυναικῶν.

392 5764 437 5797 ’⁸
461 5763 636 5820 Galat.
676 5780 713 5831 t,
750 5765 802 5821 9.
880 5765 925 5797 "
956 5763 1109 5821 Joan.
1137 5782 1177 5832 t,
1202 5764 1288 5819 Η.

2066 3216 2390 3289 gnilicentia:
2434 3215 2679 3283 lucisque
2709 3227 2927 3281 parens,
2956 3212 3067 3281 spei
3109 3212 3465 3281 apportatrix,
3506 3212 3631 3266 Dei-

2065 3323 2218 3378 para,
2250 3322 2369 3376 quae
2402 3320 2541 3361 novo
2569 3306 2777 3376 peperit
2805 3306 2983 3370 modo,
3013 3304 3162 3372 virgo
3188 3312 3244 3358 et
3269 3312 3442 3356 mater
3469 3317 3632 3372 pepe-

2062 3401 2132 3453 rit
2158 3398 2345 3452 Maria.

2063 3531 2170 3601 50
2206 3530 2567 3601 Amp/tilocliii
2594 3528 2818 3601 episcopi
2843 3525 3034 3601 Iconii,
3062 3543 3126 3579 ea:
3163 3526 3295 3578 libro
3322 3526 3386 3579 de
3409 3541 3629 3594 genera-

2361 3602 2499 3653 tione
2533 3598 2747 3651 Domini
2776 3599 3060 3651 sectandum
3094 3612 3324 3649 carnem.

2131 3737 2343 3793 Vcritas
2376 3736 2588 3805 cognita
2639 3743 2743 3797 est,
2776 3734 2949 3801 gratia
3005 3736 3173 3797 venit,
3198 3733 3307 3785 vita
3353 3730 3624 3801 apparuit,

2061 3829 2153 3884 llei
2188 3828 2450 3890 Verbum,
2476 3826 2678 3893 Deique
2704 3825 2872 3879 Filius
2914 3834 3131 3894 propter
3181 3839 3279 3879 nos
3312 3824 3627 3877 incarnatus

2059 3930 2162 3986 est,
2192 3934 2298 3991 quo
2328 3919 2579 3973 nimirum
2622 3919 2879 3971 mortales
2902 3932 2930 3970 a
2954 3926 3129 3970 morte
3156 3914 3221 3969 ad
3267 3915 3433 3969 vitam
3464 3925 3624 3968 aster-

2060 4030 2181 4067 nam
2217 4020 2513 4066 revocaret.
2549 4008 2934 4065 Universorum
2972 4007 3183 4076 Opilex,
3221 4007 3310 4076 qui
3348 4015 3472 4061 ante
3502 4020 3622 4058 om-

2058 4118 2179 4157 nem
2238 4084 2542 4153 creaturam
2602 4107 2710 4151 tam
2778 4096 3044 4152 visibilem
3103 4112 3263 4164 quam
3301 4096 3622 4150 invisibilem

2060 4193 2160 4248 soli
2197 4191 2341 4246 Patri
2376 4202 2423 4243 et
2467 4190 2689 4258 Spiritui
2743 4197 2928 4242 sancto
2986 4190 3346 4243 coexsistebat
3401 4189 3624 4241 immor-

2058 4285 2199 4349 talis,
2228 4298 2352 4338 ecce
2381 4283 2427 4337 is
2480 4282 2614 4336 citra
2653 4281 2815 4334 ullmn
2848 4290 3147 4348 peccatum,
3204 4279 3474 4348 ullamqne
3525 4281 3620 4331 ho-

2058 4377 2217 4429 minis
2274 4384 2366 4429 aut
2407 4375 2505 4428 viri
2561 4388 2805 4441 operam,
2843 4372 3004 4427 hodie
3058 4372 3215 4426 nobis
3270 4386 3336 4425 ex
3401 4370 3621 4439 Virgine

1985 4482 2030 4538 ι)
2062 4468 2301 4523 nascitur

2339 4604 2610 4658 Ammonis
2652 4604 2876 4673 episcopi
2904 4601 3337 4669 Adrianopoleos.

2370 4733 2458 4787 Sic
2479 4734 2615 4787 enim
2648 4733 2757 4802 ipse
2776 4733 2853 4785 ait
2876 4731 2938 4784 de
2963 4730 3068 4784 Deo
3102 4729 3288 4784 Verbo.

2126 4865 2277 4933 Quod
2328 4866 2371 4920 si
2416 4865 2482 4929 is,
2533 4865 2623 4933 qni
2682 4863 2824 4920 Deus
2877 4866 3172 4920 secundum
3227 4876 3473 4921 naturam
3514 4877 3618 4934 est,

2057 4968 2240 5027 utpote
2267 4958 2576 5024 unigenitus
2607 4957 2695 5011 Dei
2719 4956 2911 5020 Filius,
2929 4958 3109 5012 servili
3131 4957 3301 5012 forma
3320 4969 3620 5028 assmnpta,

2062 5064 2339 5117 sacraeque
2365 5048 2599 5118 Virginis
2632 5049 3022 5121 primogenitus
3042 5050 3299 5119 appellari
3322 5066 3426 5107 non
3468 5051 3623 5106 dedi-

2058 5152 2273 5211 gnatus,
2333 5141 2680 5210 semetipsum
2751 5142 3173 5211 redemptionem
3223 5159 3321 5214 pro
3372 5144 3622 5200 omnibus

2059 5230 2297 5285 tradidit.
2331 5231 2491 5284 Addit
2529 5241 2782 5300 prwterea
2808 5247 2826 5285 :
2856 5230 3015 5287 Clare
3044 5242 3213 5302 patet,
3264 5233 3317 5287 in
3358 5242 3619 5303 quantam

2059 5322 2388 5391 impietatem
2439 5322 2790 5392 prolabantur
2831 5323 3042 5391 Ariani,
3073 5324 3163 5393 qui
3197 5324 3483 5395 Deiparam
3512 5324 3623 5378 Ma-

2056 5416 2191 5468 riam
2215 5414 2281 5469 iis
2307 5415 2614 5479 sacriﬁciis,
2634 5430 2752 5483 qua:
2778 5430 2877 5485 pro
2899 5417 3179 5487 puerperis
3204 5431 3272 5472 ex
3296 5416 3414 5487 lege
3438 5416 3621 5473 ollcrri

2056 5520 2172 5562 mos
2201 5514 2337 5573 crat,
2368 5518 2503 5577 opus
2524 5505 2779 5563 habuisse
2808 5514 3092 5580 asserunt,

3506 378 3646 435 1214
3676 387 3680 390 “
