4044 6332
509 384 649 444 1215

1520 386 1578 443 S.
1620 384 1892 442 CVRILLI
1935 384 2402 440 ALEXANDIHNI
2440 382 2759 441 ΑιιῦΗΙΕΡ.

3612 379 3767 436 1216

510 500 735 556 Joannis
775 497 1001 565 episcopi
1045 495 1591 567 Constantinopoleos,
1620 497 1696 553 De
1722 499 1904 553 divina
1926 515 2082 554 oeno-

2196 496 2470 551 Ἰωάννου
2496 493 3565 567 ἐπισκοπου-Κωγσταντινουπόλεως,
3614 496 3763 566 Περὶ

1178 568 1402 622 ratione.

845 682 978 735 Dicit
1003 691 1178 735 autem
1203 682 1266 735 de
1289 691 1472 737 sancto
1504 680 1738 753 Virgine.

581 795 723 849 Loco
779 793 930 861 solis,
977 795 1073 861 ait,
1104 794 1589 865 incircumscriptze
1637 794 1867 864 iustitia:
1907 798 2080 853 solem

510 888 792 957 complexa
821 885 942 941 fuit.
982 885 1165 955 Neque
1212 886 1299 941 hic
1344 888 1627 956 quaesieris
1678 890 1951 958 quomodo
1979 891 2082 944 hoc

512 978 713 1033 factum
745 979 835 1042 sit,
870 988 960 1032 aut
992 977 1111 1032 ﬂeri
1160 978 1417 1046 potuerit.
1448 977 1552 1034 Ubi
1586 981 1732 1035 enim
1779 981 1921 1036 Deus
1948 983 2079 1045 vult,

512 1071 586 1126 ibi
649 1080 854 1126 naturae
891 1070 1027 1125 ordo
1078 1069 1244 1124 cedit.
1279 1068 1480 1136 Voluit,
1527 1072 1725 1141 potuit,
1780 1073 2081 1136 descendit,

511 1159 739 1217 salvavit
772 1163 993 1216 :omula
1040 1160 1136 1216 Dei
1190 1172 1380 1217 nutum
1435 1172 1754 1232 sequuntur.
1788 1163 1959 1220 Hodie
1991 1168 2081 1236 qui

512 1262 614 1319 est,
638 1254 903 1325 gignitur;
938 1263 993 1308 et
1048 1269 1263 1309 rursum
1311 1253 1404 1325 qui
1449 1264 1553 1319 est,
1581 1255 1641 1310 ilt
1691 1256 1743 1311 id
1779 1258 1921 1325 quod
1975 1274 2079 1312 non

509 1354 649 1414 erat,
682 1360 805 1399 nam
837 1361 959 1400 cum
1000 1347 1138 1399 Deus
1180 1351 1349 1411 esset,
1380 1344 1441 1399 iit
1474 1346 1676 1399 homo:
1703 1346 1769 1399 ab
1809 1361 1870 1400 ea
1907 1356 2080 1401 tamen

512 1451 674 1504 quam
701 1435 931 1491 habebat
957 1438 1159 1493 deitate
1183 1451 1288 1492 non
1318 1436 1553 1504 excidit;
1581 1452 1682 1493 nec
1705 1452 1827 1493 cum
1862 1439 2083 1493 deitatis

505 1523 720 1593 jactura
745 1526 922 1583 factus
950 1538 1033 1582 est
1082 1528 1263 1591 homo,
1302 1542 1477 1595 neque
1523 1543 1740 1583 rursum
1776 1544 1870 1598 per
1896 1544 2084 1584 succe-

512 1618 696 1672 dentia
729 1618 1063 1673 incrementa
1100 1634 1166 1673 ex
1198 1619 1418 1673 homine
1465 1618 1640 1673 factus
1664 1630 1748 1674 est
1780 1620 1955 1676 Deus:
1986 1623 2081 1675 sed

514 1706 753 1765 Verbum
783 1712 1074 1775 exsistcns,
1118 1722 1308 1766 natura
1338 1711 1556 1781 propria
1589 1711 1658 1766 ob
1691 1712 1771 1766 sui
1807 1714 2083 1782 impatibio

2621 564 2733 635 τῆς
2760 565 2922 632 θείας
2948 564 3308 635 γεννήσεως.

2394 678 2550 746 Φησὶ
2577 677 2648 730 δὲ
2675 675 2811 746 περὶ
2836 676 2948 745 τῆς
2983 677 3158 745 ἁγίας
3188 678 3493 745 Παρθένου

2264 790 2409 844 Ἀντὶ
2452 790 2507 844 δὲ
2555 789 2727 861 ἡλίου,
2770 788 2904 860 φησὶ
2927 826 2942 851 ,
2970 786 3061 842 τὸν
3090 787 3245 858 ἣλιον
3282 787 3378 856 τῆς
3405 783 3764 856 δικαιοσύνης

2182 883 2609 955 ἀπεριγράπτως
2628 884 2851 955 χωρήσα
2878 884 2944 935 P‘.
2961 882 3069 934 Καὶ
3099 880 3174 952 μὴ
3198 880 3432 951 ζητήσῃς
3449 879 3584 941 πῶς·
3615 878 3763 931 ὅπου

2183 975 2292 1045 γὰρ
2319 974 2562 1045 βούλεται
2590 974 2744 1039 Θεὸς,
2763 974 2980 1027 νικᾶται
3008 973 3223 1040 φύσεως
3252 972 3403 1037 τάξις
3422 988 3436 1002 ·
3472 968 3765 1039 ἠϐουλήθη

2183 1064 2313 1136 γὰρ,
2374 1062 2635 1135 ἠδυνήθη,
2681 1061 2965 1133 κατῆλθεν,
3004 1060 3195 1114 εσωσε.
3246 1059 3527 1128 Σύνδρομα
3570 1056 3766 1110 πάντα

2183 1154 2320 1226 Θεῷ.
2350 1156 2597 1226 Σήμερον
2630 1156 2658 1207 6
2685 1152 2761 1206 ὢν
2787 1152 3050 1213 τίκτεται,
3084 1151 3179 1205 καὶ
3212 1151 3241 1203 6
3268 1148 3343 1203 ὢν
3370 1148 3576 1217 γίνεται
3612 1148 3764 1217 ὅπερ

2183 1248 2283 1301 οὐκ
2303 1243 2391 1317 ἦν.
2420 1248 2514 1300 Ὧν
2536 1245 2645 1315 γὰρ
2673 1244 2825 1308 Θεὸς,
2853 1245 3060 1312 γίνεται
3090 1242 3392 1311 ἄνθρωπος,
3421 1240 3518 1292 οὐκ
3546 1236 3765 1297 ἐκστὰς

2181 1336 2276 1390 τοῦ
2325 1330 2464 1389 εἶναι
2510 1334 2660 1397 Θεός.
2709 1332 2847 1387 Ούτε
2882 1332 2990 1401 γὰρ
3039 1332 3158 1384 κατ’
3197 1329 3448 1381 ἔκστασιν
3494 1326 3765 1394 θεότητος

2183 1428 2407 1497 γέγονεν
2431 1426 2734 1497 ἄνθρωπος,
2757 1424 2879 1478 οὔτε
2911 1422 3052 1476 κατά
3077 1420 3357 1493 προκοπὴν
3378 1419 3436 1485 ἐξ
3457 1417 3763 1487 ἀνθρώπου

2183 1520 2371 1587 γέγονε
2418 1517 2583 1581 Θεός·
2628 1515 2763 1569 ἀλλά
2791 1516 2964 1585 Λόγος
3001 1514 3076 1568 ὢν
3111 1515 3198 1568 διά
3241 1514 3303 1567 τὸ
3327 1511 3569 1574 ἀπαθὲς,
3615 1508 3768 1579 σὰρξ

2186 1608 2441 1676 ἐγένετο,
2490 1607 2865 1677 ἀμεταϐλήτου
2917 1605 3182 1677 μενούσης
3218 1606 3320 1675 τῆς
3366 1604 3602 1673 φύσεως.
3641 1603 3763 1666 Καὶ

2185 1696 2550 1767 προσεπάγει
2605 1698 2873 1764 τούτοις·
2919 1696 2981 1750 '0
3026 1697 3122 1750 ἐπὶ
3167 1696 3355 1767 θρόνου
3404 1693 3611 1765 ὑψηλοῦ
3658 1694 3767 1747 καὶ

514 1795 720 1854 litatem
757 1810 1009 1854 manente
1043 1798 1143 1870 51
1173 1798 1295 1854 inde
1323 1807 1547 1861 mutata,
1580 1798 1782 1854 factum
1809 1812 1894 1856 est
1931 1817 2078 1857 caro.

2193 1794 2499 1863 ἐπηρμένου
2540 1792 2865 1862 καθήμενος,
2891 1792 2950 1844 ιν
2980 1792 3155 1863 φάτνῃ
3198 1791 3400 1845 τίθεται
3419 1807 3434 1821 ο
3462 1792 3491 1844 6
3517 1788 3761 1858 ἀναφὴς,

512 1890 770 1961 Adiungit
795 1891 1011 1946 demum
1046 1908 1060 1943 :
1101 1888 1203 1955 Qui
1238 1890 1291 1943 in
1315 1889 1451 1943 solio
1469 1890 1682 1945 sublimi
1718 1891 2084 1961 praecelsoque

2193 1885 2282 1938 καὶ
2330 1883 2564 1949 ἁπλοῦς,
2621 1884 2717 1937 καὶ
2769 1882 3090 1954 ἀσώματος,
3154 1884 3340 1954 χερσὶν
3385 1881 3769 1951 ἀνθρωπίναις

512 1982 780 2049 considet,
810 1981 855 2036 is
878 1981 933 2035 in
968 1980 1231 2050 praesepio
1270 1979 1491 2050 ponitur
1522 1998 1535 2035 :
1568 1981 1660 2051 qui
1702 1982 2083 2052 impalpabilis,

513 2072 763 2143 simplex,
785 2087 848 2128 ac
879 2074 1230 2142 incorporeus
1265 2082 1370 2138 est,
1397 2073 1651 2129 humanis
1681 2076 1931 2131 manibus
1953 2093 2085 2133 con-

512 2170 777 2217 treetatur
799 2183 810 2217 :
836 2163 925 2233 qui
952 2172 1298 2233 peccatorum
1329 2162 1542 2218 vincula
1563 2163 1876 2236 disrumpit,
1902 2167 2087 2225 fasciis

512 2251 919 2322 constringitur.

1024 2367 1295 2422 Seueriani
1320 2369 1571 2439 episcopi.

611 2478 1058 2550 Quandoquidem
1120 2478 1353 2537 Verbum
1400 2483 1542 2552 quod
1603 2498 1837 2554 superne
1887 2501 2087 2543 arcana

515 2571 748 2640 quadarn
786 2570 1281 2641 iuexplicahilique,
1306 2588 1370 2627 ac
1394 2574 1845 2644 iucomprehensa
1880 2579 2088 2634 ratione

514 2677 582 2720 ex
624 2662 735 2717 Deo
757 2662 917 2717 Patre
936 2663 1002 2716 ab
1030 2665 1175 2719 omni
1206 2666 1512 2722 aeternitate
1551 2669 1819 2734 nascitur,
1854 2670 2086 2742 idipsum

517 2752 727 2810 inferne
752 2770 818 2809 ex
841 2755 1060 2825 Virgine
1085 2756 1252 2813 Maria
1280 2758 1335 2813 in
1360 2771 1603 2827 tempore
1630 2772 1951 2830 generatur;
1982 2780 2089 2833 quo

518 2843 572 2897 hi
620 2844 893 2906 nimirum,
929 2849 1020 2915 qui
1067 2847 1176 2901 nati
1223 2857 1379 2903 erant
1420 2849 1649 2917 inferne,
1687 2867 1755 2907 ex
1798 2856 1904 2908 Deo
1937 2870 2093 2910 rena-

516 2943 735 2988 scantur
772 2935 949 2988 denuo
982 2950 1235 3003 superne.

763 3045 944 3101 Vitalii
983 3050 1231 3119 eviscopt',
1260 3066 1325 3105 ea:
1359 3068 1595 3109 sermone
1630 3054 1705 3110 De
1735 3056 1859 3125 ﬁde.

586 3224 872 3280 Credimus
921 3225 986 3280 ad
1033 3225 1171 3292 haec,
1203 3227 1346 3296 quod
1399 3229 1618 3297 quidem
1674 3230 1738 3283 ad
1795 3228 2093 3286 Salvatoris

520 3318 692 3373 nostri
744 3318 1197 3388 dispensationem
1241 3322 1536 3375 secundum
1595 3335 1814 3375 carnem
1877 3323 2091 3388 attinet,

524 3410 971 3477 incarnationem,
1000 3410 1091 3466 Dei
1122 3410 1301 3466 Verbo
1324 3412 1640 3466 immutabili
1664 3413 2094 3470 inconvertibili-

522 3516 626 3572 que
654 3514 1023 3571 permanente,
1048 3503 1114 3558 ad
1140 3503 1392 3557 humanm
1419 3515 1624 3559 natura:
1648 3504 2091 3561 instaurationem

526 3593 722 3648 factam
750 3608 890 3647 esse.
918 3592 1051 3647 Nam
1082 3610 1202 3649 cum
1235 3596 1366 3650 illud
1415 3597 1712 3650 secundum
1743 3604 2003 3650 aeternam
2028 3614 2093 3652 ex

526 3685 637 3739 Deo
659 3684 819 3740 Patre
854 3687 1115 3755 originem
1145 3702 1305 3741 verus
1339 3688 1430 3742 Dei
1463 3687 1632 3743 Filius
1665 3689 1758 3754 sit,
1789 3691 2093 3744 secundum

522 3789 640 3830 eam
669 3791 787 3844 qua:
821 3785 906 3831 est
935 3792 999 3830 ex
1025 3776 1273 3846 Virgine,
1307 3778 1512 3833 factum
1536 3787 1616 3834 est
1642 3779 1812 3835 Filius
1838 3780 2093 3836 hominis.

526 3865 732 3933 Estque
764 3883 901 3922 unus
947 3878 1001 3921 et
1046 3869 1187 3922 idem
1226 3871 1520 3924 secundum
1556 3871 1894 3925 divinitatem
1929 3871 2096 3927 Filius

528 3956 803 4028 perfectus
827 3970 879 4014 et
902 3958 1047 4012 Patri
1072 3960 1583 4028 consubstantialis;
1613 3971 1668 4016 et
1706 3962 1848 4017 idem
1882 3977 2095 4017 rursum

526 4050 819 4104 secundum
855 4050 1258 4119 generationem
1302 4066 1369 4104 ex
1407 4050 1628 4120 Virgine
1680 4050 1953 4120 perfectus
1994 4052 2097 4106 b0-

531 4154 639 4205 mo,
667 4140 908 4208 ejusdem
929 4153 1049 4192 cum
1070 4141 1279 4195 caeteris
1295 4141 1614 4195 hominibus
1632 4141 1883 4195 essentia:
1907 4156 2099 4195 secun-

531 4231 657 4288 dum
694 4248 935 4288 carnem.
971 4232 1026 4287 Si
1058 4234 1181 4301 quis
1211 4242 1389 4288 autem
1441 4233 1636 4287 dixerit
1664 4233 1866 4305 Christi
1898 4248 2095 4302 corpus

530 4337 563 4379 e
589 4324 728 4379 cado
759 4323 1097 4395 deportatum
1129 4341 1269 4391 esse,
1304 4335 1395 4380 aut
1446 4341 1667 4380 carnem
1697 4342 1859 4395 quam
1912 4326 2094 4390 habet,

531 4409 643 4467 Deo
681 4415 1199 4471 consubstantialem
1241 4429 1381 4480 esse,
1431 4418 1718 4469 anathema
1756 4416 1846 4470 sit.
1892 4415 1950 4470 Si
1976 4417 2099 4485 quis

2187 1978 2508 2030 εἱλίσσεται·
2566 1976 2595 2030 6
2648 1976 2717 2029 τὰ
2757 1975 2859 2045 τῆς
2917 1974 3193 2047 ἁμαρτίας
3252 1972 3495 2028 διασπῶν
3551 1971 3763 2042 δεσμὰ.

2189 2070 2523 2142 σπαργάνοις
2555 2067 2910 2141 ἐμπλέκεται.

2584 2354 2947 2423 Σεόηριανοῦ
2986 2352 3343 2408 ἐπισκόπου.

2269 2468 2329 2521 '0
2358 2467 2465 2541 γὰρ
2494 2466 2770 2539 γεννηθεὶς
2800 2466 3002 2520 ἄνωθεν
3026 2467 3090 2519 ὲκ
3116 2464 3325 2536 Πατρὺς
3361 2463 3549 2532 Λόγος,
3586 2463 3767 2536 imp-

2193 2560 2391 2631 ρήτως,
2420 2560 2737 2629 ἀφράστως,
2768 2559 3191 2628 ἀκαταλήπτως,
3218 2556 3424 2619 ἀῖδίως,
3455 2557 3485 2609 6
3515 2555 3683 2619 αὐτὸς
3704 2557 3768 2608 ὲν

2189 2652 2365 2723 χρόνῳ
2410 2654 2665 2721 γεννᾶται
2695 2649 2937 2705 κάτωθεν
2968 2652 3031 2703 ὲκ
3058 2648 3334 2719 Παρθένου
3367 2647 3590 2719 Μαρίας
3609 2664 3626 2678 ο
3673 2649 3768 2701 ἵνα

2189 2744 2238 2794 oi
2268 2742 2529 2813 πρότερον
2558 2740 2908 2811 γεννηθέντες
2936 2739 3202 2805 κάτωθεν,
3233 2737 3441 2793 ἄνωθεν
3484 2736 3765 2809 γεννηθῶ-

2192 2850 2275 2886 σιν
2312 2835 2375 2885 ὲκ
2398 2834 2653 2906 δευτέρας
2670 2842 2720 2895 τι,
2760 2835 3004 2884 τουτέστι
3036 2830 3191 2884 Θεοῦ.

2195 3044 2514 3097 Οὺτταλίου
2574 3042 2946 3165 animum,
3006 3042 3075 3095 ἐκ
3135 3041 3242 3095 τοῦ
3299 3040 3437 3109 Περὶ
3499 3039 3769 3106 πίστεως

2933 3129 3061 3165 νου.

2933 3129 3061 3182 γου.

2268 3227 2389 3279 Ἔτι
2416 3225 2475 3279 δὲ
2507 3225 2602 3279 καὶ
2646 3226 2773 3296 περὶ
2797 3225 2896 3296 τῆς
2938 3224 3081 3279 κατά
3110 3226 3288 3297 σάρκα
3314 3225 3633 3296 οἰκονομίας
3662 3224 3764 3281 τοῦ

2194 3319 2444 3389 Σωτῆρος
2482 3317 2826 3388 πιστεύομεν,
2860 3319 2940 3371 ὅτι
2973 3316 3331 3371 ἀναλλοιώτου
3358 3319 3454 3371 καὶ
3483 3319 3766 3388 ἀτρέπτου

2197 3410 2449 3480 μένοντος
2473 3408 2566 3463 τοῦ
2601 3408 2735 3463 Θεοῦ
2762 3409 2957 3477 Λόγου,
2984 3410 3082 3480 τὴν
3108 3408 3381 3479 σάρκωσιν
3423 3408 3760 3479 γεγενῆσθαι

2196 3499 2330 3571 πρὸς
2359 3500 2699 3555 ἀνακαίνισιν
2720 3510 2741 3537 ι’
2770 3499 3207 3573 ἀνθρωπότητος.
3239 3501 3366 3566 Υἱὸς
3389 3502 3497 3573 γάρ
3527 3500 3605 3557 ὢν
3634 3502 3771 3573 ἀλη-

2197 3589 2302 3655 θῶς
2331 3592 2466 3644 Θεοῦ
2496 3592 2633 3645 κατά
2657 3591 2758 3664 τὴν
2789 3593 2960 3646 ἀΐδιον
2988 3594 3052 3646 ὲκ
3089 3592 3223 3646 Θεοῦ
3273 3592 3544 3663 γέννησιν,
3571 3594 3770 3661 γέγονε

2195 3682 2289 3735 καὶ
2322 3682 2447 3746 Υἱὸς
2480 3682 2769 3752 ἀνθρώπου
2800 3683 2941 3736 κατὰ
2967 3685 3066 3755 τὴν
3093 3685 3156 3737 ὲκ
3178 3683 3453 3754 Παρθένου
3484 3684 3766 3755 γέννησιν.

2195 3773 2307 3827 Καὶ
2350 3773 2495 3826 ἐστιν
2544 3770 2622 3837 εἷς
2657 3775 2751 3827 καὶ
2800 3776 2828 3827 6
2868 3774 3028 3838 αὐτὸς
3055 3775 3256 3839 τέλειος
3299 3774 3431 3838 Θεὸς
3481 3775 3623 3827 κατὰ
3662 3775 3770 3846 τήν

2197 3864 2425 3934 θεότητα
2446 3905 2460 3929 ,
2491 3862 2585 3919 καὶ
2626 3867 2909 3936 ὁμοούσιος
2948 3864 3026 3935 τῷ
3061 3866 3231 3936 Πατρί
3252 3882 3268 3899 ο
3298 3868 3394 3918 καὶ
3434 3865 3639 3928 τέλειος
3666 3866 3773 3919 ἀν-

2198 3954 2414 4025 θρωπος
2443 3957 2471 4008 6
2492 3956 2655 4020 αὐτὸς
2677 3957 2818 4010 κατά
2842 3958 2940 4026 τὴν
2973 3959 3035 4009 ἐκ
3061 3956 3337 4028 Παρθένου
3364 3957 3643 4027 γέννησιν,
3667 3958 3773 4009 καὶ

2195 4046 2478 4117 ὁμοούσιος
2527 4047 2834 4119 ἀνθρώποις
2877 4048 3017 4101 κατὰ
3041 4049 3139 4118 τὴν
3172 4049 3371 4119 σάρκα.
3405 4047 3474 4102 Εἴ
3502 4066 3584 4112 τις
3617 4048 3673 4102 δὲ
3709 4048 3777 4114 ἐξ

2197 4138 2425 4209 οὐρανοῦ
2455 4138 2603 4209 λέγει
2639 4139 2797 4210 σῶμα
2832 4140 2977 4210 ἔχειν
3004 4140 3095 4194 τὸν
3128 4140 3382 4210 Χριστὸν,
3413 4140 3445 4212 ἢ
3480 4141 3776 4210 ὁμοούσιον

2197 4230 2275 4300 τῷ
2302 4229 2419 4302 Θεῷ
2461 4232 2601 4285 κατά
2640 4231 2740 4303 τὴν
2784 4233 2982 4303 σάρκα,
3006 4232 3146 4285 ἔστω
3178 4231 3443 4302 ἀνάθεμα,
3475 4233 3543 4286 Et
3566 4250 3649 4295 τις
3689 4234 3775 4303 μὴ

2198 4321 2449 4392 ὁμολογεῖ
2490 4322 2587 4393 τὴν
2610 4322 2703 4376 τοῦ
2737 4322 2937 4394 Κυρίου
2977 4324 3151 4394 σάρκα
3194 4325 3256 4376 ὲκ
3291 4323 3389 4395 τῆς
3421 4325 3581 4391 ἁγίας
3615 4327 3776 4397 Παρ-

2201 4410 2375 4475 θένου,
2409 4413 2503 4465 καὶ
2529 4411 2835 4482 ἀνθρώποις
2867 4413 3181 4482 ὀμοούσιον,
3220 4414 3358 4467 ἔστω
3397 4416 3663 4485 ἀνάθεμα.
3710 4417 3785 4470 Εἴ

535 4505 809 4573 negaverit
856 4504 1062 4560 Domini
1103 4522 1323 4561 carnem
1365 4521 1433 4561 ex
1469 4521 1623 4562 saera
1673 4507 1891 4577 Virgine
1952 4524 2090 4563 sum-

2204 4520 2287 4566 τις
2311 4504 2401 4556 τὸν
2432 4503 2632 4574 Κύριον
2655 4504 2812 4572 ἡμῶν
2838 4506 2931 4557 καὶ
2960 4505 3207 4576 Σωτῆρα,
3236 4505 3327 4559 τὸν
3357 4507 3419 4559 ὲκ
3452 4506 3780 4577 Πνεύματος

534 4604 678 4662 ptam
708 4610 849 4661 esse,
878 4607 972 4651 aut
1029 4598 1339 4654 hominibus
1375 4598 1893 4654 consubstantialem
1943 4614 2088 4663 esse,

536 4686 821 4741 anathema
872 4688 965 4745 sit.
994 4690 1051 4744 Si
1092 4691 1216 4760 quis
1263 4690 1465 4744 dixerit
1490 4689 1777 4747 Dominum
1808 4705 1872 4744 ac
1909 4690 2097 4745 Salva-

535 4782 708 4831 torem
743 4786 1007 4843 nostrum,
1035 4779 1126 4847 qui
1152 4794 1217 4833 ex
1241 4776 1445 4849 Spiritu
1475 4789 1666 4834 sancto
1693 4788 1747 4833 et
1787 4778 1954 4835 Maria
1974 4781 2097 4835 Vir-

535 4865 661 4937 gine
710 4870 1005 4924 secundum
1051 4884 1272 4924 carnem
1319 4879 1476 4926 natus
1518 4881 1622 4935 est,
1662 4870 1863 4936 anima,
1897 4881 2096 4936 mente,

535 4967 629 5014 aut
680 4974 841 5016 sensu
891 4962 1204 5017 destitutum
1249 4978 1390 5028 esse,
1420 4965 1707 5019 anathema
1739 4966 1830 5019 sit.
1888 4964 1945 5019 Si
1980 4968 2101 5034 quis

533 5054 735 5106 audeat
773 5052 955 5110 dicere
1004 5054 1280 5110 Christum
1338 5055 1543 5111 deitate
1595 5070 1836 5125 passum,
1897 5066 1953 5111 et
1996 5070 2099 5111 non

534 5159 727 5213 carne,
758 5155 815 5202 ut
842 5147 1105 5216 scriptum
1162 5157 1266 5214 est,
1307 5148 1380 5202 sit
1413 5149 1723 5204 anathema.
1754 5147 1812 5203 Si
1841 5149 1962 5217 quis
1991 5148 2099 5202 Do-

536 5234 742 5291 minum
779 5250 844 5291 ac
871 5236 1208 5293 Salvatorem
1252 5248 1497 5293 nostrum
1524 5238 1576 5293 in
1616 5238 1753 5293 duos
1792 5238 2020 5303 divellit,
2046 5249 2100 5291 et

535 5326 765 5385 alterum
799 5328 1016 5399 quidem
1048 5328 1244 5385 Filium
1278 5328 1513 5385 Verbum
1542 5329 1634 5385 Dei
1678 5329 1933 5400 appellat,
1964 5330 2099 5383 alte-

2206 4595 2359 4664 ἁγίου
2404 4596 2496 4649 καὶ
2536 4595 2755 4666 Μαρίας
2798 4597 2897 4667 τῆς
2940 4597 3216 4666 Παρθένου
3259 4597 3587 4667 γεννηθέντα
3623 4602 3782 4653 κατὰ

2206 4690 2408 4759 σάρκα,
2458 4688 2661 4761 ἄψυχον
2702 4689 2870 4757 λέγει,
2921 4689 2953 4760 ἢ
2998 4688 3342 4758 ἀναίσθητον,
3387 4689 3418 4759 ἢ
3469 4690 3689 4758 ἄλογον,
3744 4692 3782 4761 ἢ

2206 4781 2449 4850 ἀνόητον,
2498 4780 2639 4834 ἔστω
2683 4780 2947 4849 ἀνάθεμα.
3002 4780 3070 4832 Εἴ
3110 4797 3192 4844 τις
3232 4781 3405 4851 τολμᾷ
3444 4780 3627 4848 λέγειν
3678 4783 3785 4835 τὸν

2204 4871 2441 4942 Χριστὸν
2467 4872 2679 4942 θεότητι
2712 4871 3068 4937 πεπονθέναι,
3108 4874 3203 4927 καὶ
3240 4874 3319 4943 μὴ
3349 4874 3530 4944 σαρκὶ,
3558 4874 3637 4937 ὼς
3672 4875 3783 4943 γέ-

2200 4980 2476 5033 γραπται,
2504 4962 2645 5016 ἔστω
2671 4963 2938 5033 ἀνάθεμα.
2972 4964 3039 5016 Εἴ
3060 4980 3143 5028 τις
3173 4963 3373 5035 διαιρεῖ
3397 4966 3492 5018 καὶ
3539 4965 3786 5036 χωρίζει

2198 5055 2289 5109 τὸν
2327 5054 2532 5124 Κύριον
2556 5053 2713 5126 ἡμῶν
2742 5054 2839 5107 καὶ
2870 5055 3119 5126 Σωτῆρα,
3148 5056 3241 5108 καὶ
3270 5055 3417 5124 λέγει
3445 5056 3632 5128 ἕτερον
3669 5058 3786 5127 μὲν

2199 5142 2335 5199 εἶναι
2376 5146 2502 5199 Υἱὸν
2530 5146 2621 5199 τὸν
2661 5146 2792 5199 Θεὸν
2828 5147 2998 5215 Λόγον
3019 5186 3034 5211 ,
3068 5148 3163 5202 καὶ
3205 5148 3390 5219 ἕτερον
3423 5147 3513 5202 τὸν
3563 5149 3784 5219 ἀναλη-

2199 5239 2401 5307 φθέντα
2426 5238 2733 5311 ἄνθρωπον,
2769 5240 2862 5293 καὶ
2904 5240 2978 5313 μὴ
3009 5240 3262 5311 ὁμολογεῖ
3285 5242 3382 5297 ἕνα
3413 5242 3508 5296 καὶ
3539 5241 3633 5297 τὸν
3660 5243 3779 5298 αὖ·

2203 5330 2316 5393 τὸν,
2358 5329 2498 5382 ἔστω
2529 5328 2691 5384 suo:
2700 5346 2793 5399 μα,

538 5434 658 5476 rum
700 5434 828 5475 vero
888 5419 1159 5475 hominem
1216 5430 1571 5492 assumptum,
1612 5436 1786 5491 neque
1821 5421 2110 5477 conﬁtetur
2143 5436 2308 5475 unum
2358 5430 2412 5475 et
2436 5421 2707 5487 etnndem,
2732 5422 3015 5477 anathema
3049 5422 3137 5480 sit.

1603 5573 1763 5613 variae
1792 5558 2048 5614 lectiones
2076 5556 2279 5612 codicis
2308 5555 2671 5627 Seguicriani.

614 5715 663 5761 ιδ’
700 5711 1034 5785 ί.ὲχώρησε.
1088 5711 1409 5785 σιδευτέρου
1460 5714 1625 5771 codex
1657 5712 2090 5784 Seguieriauus,i

2193 5729 2274 5769 tuo
2306 5713 2441 5768 tituli
2476 5712 2900 5769 testimoniorum
2929 5713 3300 5769 desiderantur
3323 5727 3351 5768 a
3373 5712 3595 5770 librario
3618 5726 3773 5782 pra-.-

541 5786 801 5844 tertnisst.
859 5797 878 5826 τ
914 5784 1017 5841 ἀνα
1055 5784 1312 5839 καὶνοσιν.
