4044 6332
568 423 706 481 1219

1540 417 1598 473 S.
1641 414 1920 471 CYRILLI
1957 413 2425 471 ALEXANDRINI
2462 410 2785 469 ARCHIEP.

3676 404 3818 461 19.9.0

566 535 855 606 doquidem
889 532 1107 604 copiosa
1155 546 1368 587 merces
1405 545 1469 587 ea
1514 533 1581 586 de
1620 546 1779 587 causa
1838 532 1985 586 reddi
2015 546 2144 585 eon-

2258 530 2412 584 κὺτοῦ
2443 532 2508 584 ἐκ
2540 528 2793 593 θανάτου,
2822 526 2916 581 καὶ
2937 524 3167 595 καλύψει
3200 522 3407 595 πλῆθος
3436 522 3744 594 ἁμαρτιῶν.
3789 540 3810 573 ι

568 629 743 685 suevit
776 645 791 682 :
822 626 1083 695 scriptum
1120 634 1205 679 est
1236 624 1380 679 enim
1409 641 1423 677 :
1455 640 1475 675 ι
1528 622 1629 689 Qui
1664 623 1902 677 converti
1950 623 2138 678 fecerit

570 729 908 791 peccatorem
952 718 1021 772 ab
1057 730 1245 771 errore
1305 716 1403 770 viae
1455 714 1849 780 sure,salvabit
1904 717 2136 769 animam

568 814 683 883 ejus
699 827 728 866 a
747 820 940 874 morte,
959 822 1012 865 et
1030 810 1235 879 operiet
1264 807 1655 862 multitudinem
1670 816 2013 878 peccatorum
2025 807 2091 862 ⁸³.
2112 824 2131 858 ι

569 903 739 958 Porro
786 911 964 956 autem
996 917 1119 956 cum
1152 900 1417 970 ejusmodi
1453 899 1738 954 sententiis
1787 897 2135 961 adducendis,

569 995 653 1050 vel
694 996 1004 1049 earumdem
1052 1008 1267 1061 quoque
1315 988 1777 1055 conclusionibus,
1804 989 2031 1044 subinde
2052 987 2138 1041 di-

570 1087 709 1141 cturi
758 1100 965 1149 sumus,
1019 1086 1160 1140 Deus
1217 1085 1380 1156 igitur
1421 1094 1504 1139 est
1545 1082 1951 1149 Cbristus;aut
2005 1095 2143 1136 unus

570 1190 700 1247 ergo
730 1176 899 1231 Filius
939 1186 995 1231 et
1022 1176 1283 1230 Dominus
1314 1184 1394 1229 est
1421 1174 1671 1229 Christus
1700 1192 1713 1227 :
1742 1189 1847 1228 non
1881 1188 1946 1227 eo
1977 1187 2140 1226 sensu

573 1268 626 1323 id
684 1269 934 1331 dicimus,
973 1283 1081 1337 quo
1134 1266 1244 1330 illi;
1290 1266 1444 1336 quasi
1508 1266 1765 1320 nimirum
1826 1263 2141 1318 Emmanuel

571 1360 864 1413 secundum
915 1358 1143 1426 gratiam
1197 1366 1406 1411 tantum
1468 1354 1631 1422 Deus,
1678 1366 1772 1408 aut
1832 1354 2021 1418 Filius,
2052 1362 2145 1408 aut

573 1448 834 1502 Dominus
858 1448 929 1500 sit
960 1448 1302 1511 nominatus;
1331 1455 1422 1498 aut
1440 1461 1536 1514 per
1561 1446 1806 1500 assiduos
1828 1458 2144 1514 progressus

570 1546 627 1591 et
669 1537 1021 1598 incrementa,
1062 1535 1283 1603 perinde
1315 1549 1380 1590 ac
1427 1550 1567 1589 unus
1614 1534 1883 1601 quiSpiam
1910 1548 1940 1587 e
1968 1533 2145 1587 medio

572 1642 733 1695 grege
754 1627 1031 1692 nostrique
1061 1624 1253 1679 similis
1296 1623 1455 1678 homo
1486 1624 1885 1688 sanctiﬁcatus,
1920 1622 1987 1675 ad
2018 1622 2145 1677 illud

573 1718 754 1787 gloriae
781 1717 993 1771 culmen
1015 1715 1417 1770 conscenderit.
1446 1712 1645 1767 Verum
1674 1730 1838 1767 unum
1871 1714 1971 1768 hoc
1992 1714 2147 1767 insti-

2256 625 2344 677 Ἐν
2372 622 2429 676 δέ
2467 639 2532 692 γε
2558 624 2679 684 ταῖς
2708 620 2816 673 τῶν
2854 618 3070 672 ἐννοιῶν
3097 616 3404 687 εὑρέσεσιν,
3432 615 3550 686 ἢτοι
3592 630 3815 682 συμπε-

2245 715 2540 787 ράσμασιν,
2568 712 2696 764 ὅταν
2723 710 2993 779 λέγωμεν,
3036 706 3167 770 Θεὸς
3206 702 3299 760 οὖν
3328 706 3435 775 ἄρα
3473 707 3503 757 ὁ
3550 703 3815 776 Χριστὸς,

2240 807 2407 877 ἤγουν
2449 798 2532 867 εἷς
2562 805 2669 874 ἄρα
2697 804 2726 854 ὁ
2755 802 2882 865 Υίὸς
2924 800 3017 855 καὶ
3049 799 3252 870 Κύριος
3288 797 3494 868 Ἰησοῦς
3534 797 3778 867 Χριστός
3799 811 3813 825 ·

2242 899 2341 967 οὐχ
2380 896 2522 949 οὕτω
2565 894 2767 964 φαμὲν,
2808 893 2882 957 ὡς
2927 894 3143 955 ἐκεῖνοι,
3170 890 3331 953 ,Θεὸν
3366 888 3510 943 κατὰ
3553 888 3744 957 χάριν,
3783 885 3819 955 ἢ

2248 987 2399 1051 Υίὸν,
2457 986 2490 1056 ἢ
2530 984 2731 1056 Κύριον
2781 982 3092 1054 ὠνομάσθαι
3131 981 3223 1034 τὸν
3260 979 3638 1051 Ἐμμανουήλ,
3676 980 3709 1049 ἢ
3756 979 3820 1029 ἐκ

2248 1078 2531 1147 προκοπῆς
2552 1115 2567 1139 ,
2601 1076 2635 1146 ἢ
2670 1075 2963 1138 ἐπιδόσεως
2982 1113 2997 1139 ,
3030 1075 3111 1137 είς
3135 1071 3291 1126 τοῦτο
3321 1072 3477 1143 δόξης
3503 1070 3701 1134 ἐλθεῖν,
3742 1070 3821 1131 ὡς

2258 1168 2356 1222 ἕνα
2384 1168 2475 1222 τὸν
2505 1167 2627 1221 καθ’
2648 1168 2793 1237 ἡμᾶς
2825 1166 3001 1221 κοινὸν
3025 1166 3118 1219 καὶ
3141 1163 3463 1235 ἡγιασμένοι
3490 1162 3786 1232 ἄνθρωπον
3804 1176 3818 1189 ·

2255 1259 2430 1311 ἐκεῖνο
2470 1258 2529 1311 δὲ
2574 1257 2792 1327 μᾶλλον,
2820 1258 2901 1310 ὅτι
2932 1255 3062 1318 Θεὸς
3092 1253 3167 1308 ὣν
3190 1257 3218 1308 ό
3243 1255 3410 1321 Λόγος
3429 1293 3443 1317 ,
3470 1246 3592 1305 εἶτα
3628 1249 3824 1311 arabat;

2245 1350 2436 1403 ἑαυτὸν
2462 1350 2542 1413 είς
2571 1349 2821 1413 κένωσιν,
2851 1348 2942 1401 καὶ
2971 1349 3029 1400 ἐν
3060 1346 3245 1400 δούλου
3293 1346 3469 1416 μορφῇ
3502 1342 3823 1410 καταϐεϐη-

2244 1439 2379 1506 κὼς,
2408 1440 2560 1493 οὐδὲν
2585 1436 2746 1512 ἦττόν
2777 1441 2892 1493 ἐστι
2917 1438 3050 1501 Θεὸς
3082 1436 3353 1508 ἀληθινὸς,
3383 1436 3477 1489 καὶ
3507 1434 3674 1503 φύσει
3708 1434 3822 1486 τῶν

2243 1531 2381 1584 ὅλων
2424 1531 2627 1602 Κύριος
2659 1531 2833 1593 ἔσται,
2872 1530 2965 1582 καὶ
2997 1529 3174 1599 μόνος,
3222 1528 3313 1581 καὶ
3346 1527 3524 1589 ίδικῶς
3556 1526 3710 1589 Υἱός.
3747 1518 3819 1593 ⁷ῼ

2244 1624 2338 1677 καὶ
2363 1624 2521 1693 ἡμεῖς
2547 1620 2867 1693 ωμμορφού
2877 1637 3026 1690 μενοι
3050 1618 3192 1672 κατὰ
3219 1618 3377 1689 χάριν
3401 1617 3500 1687 τὴν
3522 1616 3589 1668 δι’
3620 1613 3815 1679 αὐτοῦ,

2245 1715 2384 1785 πρὸς
2414 1715 2513 1785 τὴν
2544 1716 2641 1785 τῆς
2676 1714 2949 1776 υἱοθεσίας
2976 1711 3336 1781 ἀναϐαίνομεν
3367 1709 3542 1774 δόξαν.

576 1812 775 1867 tuimus
808 1820 861 1865 et
883 1810 1345 1877 dicimus,nempe
1375 1808 1606 1863 Verbum
1665 1823 1785 1863 eum
1862 1809 2002 1862 Deus
2047 1818 2211 1872 esset,
2250 1809 2316 1862 ad
2371 1808 2815 1873 exinanitionem,
2856 1808 3211 1875 servilemque
3253 1805 3481 1859 formam
3536 1819 3599 1859 se
3646 1803 3823 1857 demi-

572 1900 711 1954 sisse
742 1914 805 1953 ac
835 1900 1209 1963 descendisse;
1240 1898 1312 1951 ita
1346 1906 1523 1951 tamen
1555 1906 1613 1950 ut
1659 1911 1816 1951 verus
1869 1897 2219 1953 nihilominus
2259 1899 2398 1953 Dens
2446 1915 2509 1952 ac
2568 1900 2859 1955 secundum
2906 1908 3153 1952 naturam
3210 1899 3583 1950 universorum
3638 1894 3823 1948 Dom:-

584 2004 689 2042 nus
740 1987 1120 2058 permanserit,
1166 1986 1425 2054 solusque
1467 1994 1523 2039 et
1560 1986 1780 2055 proprie
1835 1986 2001 2041 Filius
2028 2004 2042 2041 :
2068 1987 2151 2041 cui
2193 1996 2247 2042 et
2267 2003 2366 2043 nos
2420 2003 2635 2059 quoque
2692 2005 2787 2058 per
2835 1992 3064 2060 gratiam
3098 1988 3266 2059 ipsius
3299 1990 3735 2049 conformantur,
3768 1994 3822 2038 et

574 2080 640 2133 ad
661 2078 963 2147 adoptionis
994 2077 1218 2145 gloriam
1250 2075 1688 2130 conscendimus.

671 2169 784 2223 XII.
835 2169 1100 2224 Cancrum
1155 2182 1350 2221 nomen
1411 2167 1534 2231 hoc,
1602 2166 1874 2233 Christus,
1901 2166 2142 2235 quidam,

2268 2198 2273 2201 -
2317 2166 2415 2221 IB'.
2448 2170 2655 2240 Ὀνομα
2678 2171 2735 2224 δὲ
2764 2171 3137 2240 τὸμΧλριστὸς,
3172 2171 3400 2242 πρέπειν
3430 2173 3548 2242 μὲν,
3569 2172 3673 2225 οὐκ
3706 2167 3825 2224 οἶδα

577 2259 761 2314 nescio
790 2257 1091 2327 quomodo,
1121 2257 1215 2310 Dei
1261 2255 1437 2310 Patris
1478 2256 1653 2310 Verbo
1704 2255 1866 2309 etiam
1903 2270 2146 2310 seorsum

577 2369 642 2409 ac
675 2369 769 2423 per
792 2368 872 2416 se,
907 2354 1007 2406 hoc
1028 2361 1132 2415 est,
1180 2360 1239 2404 ut
1268 2360 1420 2405 extra
1462 2364 1680 2403 carnem
1710 2350 1942 2418 positum
1971 2358 2152 2403 mente

577 2444 899 2512 concipitur,
933 2441 1227 2495 convenire
1265 2449 1540 2505 asserunt,
1584 2455 1708 2494 mox
1750 2454 1880 2493 vero
1912 2440 1963 2492 in
2004 2439 2149 2492 illum

579 2550 796 2606 quoque
850 2535 1098 2589 similiter
1146 2533 1275 2587 illud
1329 2543 1638 2602 competere
1685 2532 2038 2595 contendunt,
2059 2530 2151 2599 qui

578 2644 646 2683 ex
671 2643 820 2682 sacra
856 2626 1077 2695 Virgine
1102 2633 1259 2680 natus
1279 2633 1384 2687 est,
1435 2634 1593 2693 prout
1621 2623 1709 2678 hic
1733 2638 1950 2693 quoque
1977 2638 2072 2691 per
2094 2637 2154 2677 se

579 2720 872 2788 separatim
928 2718 1225 2773 subsistere
1274 2716 2000 2784 consideraturzpostremo
2040 2729 2156 2767 am-

584 2812 759 2866 bobus
816 2809 979 2865 simul
1033 2808 1259 2877 perinde
1304 2822 1367 2862 ac
1424 2809 1514 2860 uni
1561 2822 1859 2878 congruere
1914 2810 2152 2873 tradunt,

580 2902 789 2957 ratione
847 2900 1102 2954 nimirum
1139 2898 1564 2968 coniunctionis,
1595 2908 1656 2951 ut
1701 2898 1800 2967 ipsi
1838 2899 2152 2967 loquuntur,

581 2994 635 3048 in
664 3008 827 3046 unam
853 2992 971 3047 illos
997 3006 1282 3059 personam
1309 2991 1626 3060 colligautes
1653 2989 1671 3058 (
1698 3006 1821 3044 nam
1844 3006 1984 3045 verae
2015 2992 2156 3047 illius

583 3082 952 3153 naturalisque
1008 3081 1245 3147 unionis,
1286 3081 1496 3135 etiamsi
1533 3096 1692 3134 unam
1725 3082 1865 3136 hanc
1905 3084 2149 3152 mysterii

583 3175 742 3244 hujus
778 3175 919 3228 viam
948 3173 1184 3242 planam,
1216 3181 1271 3227 et
1318 3173 1387 3226 ab
1431 3173 1578 3226 omni
1616 3186 1803 3227 errore
1832 3183 2001 3226 tutam
2030 3189 2157 3241 pro-

581 3267 814 3335 positam
858 3264 1116 3326 habeant,
1150 3263 1296 3316 nulla
1331 3264 1471 3332 apud
1524 3262 1643 3317 illos
1675 3262 1903 3318 habetur
1939 3265 2151 3334 ratio):

582 3367 637 3410 et
670 3356 781 3409 haec
810 3354 1019 3409 illorum
1049 3353 1304 3408 simulata
1331 3353 1603 3408 confessio
1635 3369 1739 3407 non
1791 3362 1875 3408 est
1920 3354 2153 3421 sincera,

583 3447 678 3500 sed
701 3448 804 3500 atri
840 3445 1032 3500 veneni
1067 3447 1484 3514 imposturaeque
1529 3446 1707 3514 plena.
1753 3444 1885 3499 Nam
1908 3462 2029 3500 cum
2074 3447 2156 3500 di-

2250 2261 2386 2325 πῶς,
2407 2262 2838 2317 διαϐεϐαιοῦνται
2876 2281 3018 2327 τινες
3059 2264 3154 2318 καὶ
3203 2264 3386 2328 ίδικῶς
3424 2280 3486 2318 τε
3534 2266 3637 2318 καὶ
3685 2267 3829 2319 κατὰ

2254 2354 2440 2423 μόνας,
2469 2356 2560 2407 καί
2589 2354 2692 2420 ἔξω
2727 2356 2926 2427 σαρκὸς
2952 2355 3065 2409 όντι
3107 2372 3167 2409 τε
3202 2356 3296 2409 καὶ
3338 2356 3620 2426 νοουμένῳ
3649 2357 3736 2427 τῷ
3768 2358 3829 2408 ἐκ

2250 2446 2386 2500 Θεοῦ
2415 2448 2569 2514 φύντι
2596 2447 2753 2519 Λόγῳ
2772 2466 2785 2478 ·
2819 2449 3050 2520 πρέπειν
3073 2450 3130 2503 δὲ
3158 2450 3358 2521 ὁμοίως
3383 2450 3479 2503 καὶ
3510 2450 3596 2521 τῷ
3628 2453 3696 2503 ἐκ
3727 2450 3829 2519 τῆς

2254 2538 2417 2606 ἁγίας
2444 2540 2720 2610 Παρθένου
2745 2541 3145 2613 γεγεννημένῳ,
3172 2542 3275 2596 κᾶν
3299 2542 3346 2594 εί
3366 2544 3536 2595 νοοῖτο
3558 2542 3832 2611 ὑπάρχων
3876 2542 3887 2553 ⁹

2254 2633 2395 2686 κατὰ
2426 2633 2592 2702 μόνας
2618 2632 2697 2686 ἔτι
2724 2634 2821 2687 καὶ
2845 2634 2966 2686 καθ’
2989 2634 3180 2687 ἑαυτόν
3200 2652 3214 2665 ο
3243 2635 3337 2688 καὶ
3370 2635 3572 2704 τρίτως
3606 2634 3665 2686 δὲ
3697 2633 3833 2703 πρέ-

2254 2741 2377 2776 πειν
2428 2725 2649 2795 ἀμφοῖν,
2694 2726 2890 2778 ὡσανεί⁵
2928 2739 2955 2767 ι
3005 2725 3100 2778 τοῦ
3144 2725 3245 2796 τῆς
3291 2725 3592 2795 συναφείας
3640 2724 3831 2793 λόγου,

2255 2814 2503 2884 καθάπερ
2535 2815 2687 2868 αὐτοί
2729 2833 2911 2884 φασιν,
2947 2819 3025 2880 εἰς
3064 2816 3122 2869 ἓν
3153 2817 3347 2881 αὐτοὺς
3373 2818 3670 2883 πρόσωπον
3714 2833 3837 2869 συν-

2255 2904 2553 2967 εισδέοντες
2570 2912 2599 2952 1
2622 2917 2637 2932 ⁹
2664 2904 2909 2969 ἐνὼσεως
2934 2905 3042 2976 γάρ
3068 2906 3167 2976 τῆς
3194 2906 3335 2959 κατὰ
3371 2905 3532 2974 φύσιν
3561 2907 3661 2959 καὶ
3697 2906 3836 2975 6.11;-

2257 2993 2383 3056 θοῦς
2414 2993 2591 3057 οὐδεὶς
2616 2994 2768 3062 λόγος
2796 2995 2978 3058 αὐτοῖς
2997 3013 3010 3027 ·
3037 2996 3214 3049 καίτοι
3249 2996 3453 3065 ταύτην
3483 2996 3714 3067 ἔχοντος
3744 2997 3838 3049 τοῦ

2260 3086 2557 3157 μυστηρίου
2584 3087 2681 3154 τὴν
2715 3086 2833 3140 ὁδὸν
2864 3088 3030 3160 ὀρθὴν
3072 3090 3165 3142 καὶ
3196 3088 3642 3158 ἀπλανεστάτην·
3676 3090 3781 3142 καὶ
3807 3091 3839 3159 ἡ

2260 3173 2456 3243 σκῆψις
2497 3176 2675 3229 αὐτῶν
2720 3179 2819 3247 οὐχ
2864 3178 3009 3248 ἁπλῆ
3036 3216 3051 3239 ,
3107 3180 3331 3249 πικρίας
3370 3179 3427 3231 δὲ
3482 3178 3697 3249 μᾶλλον
3747 3180 3840 3232 καὶ

2258 3266 2473 3337 ἀπάτης
2546 3268 2913 3337 μεμέστωται.
2967 3270 3183 3339 Ἐπειδὴ
3230 3269 3339 3338 γὰρ
3380 3271 3411 3338 ὴ
3468 3269 3839 3333 θεόπνευστος

2258 3358 2447 3428 Γραφὴ
2489 3360 2723 3428 Χριστὸν
2752 3361 3112 3431 όνομάξουσα,
3146 3364 3322 3417 πάντα
3347 3362 3495 3433 αὺτῷ
3529 3365 3839 3435 προσνέμει

2260 3452 2328 3503 τὰ
2355 3451 2632 3522 θεοπρεπῆ
2680 3450 2827 3521 (οἶδε
2870 3455 2999 3526 γὰρ,
3050 3451 3157 3508 οἶδε
3197 3456 3255 3509 ἐν
3286 3455 3609 3527 ἀνθρωπεία
3644 3460 3836 3527 μορφῇ

583 3540 705 3593 vina
738 3539 1011 3608 Scriptura
1041 3538 1313 3593 Christum
1340 3538 1645 3603 nominans,
1673 3538 1852 3592 omnia
1878 3538 1951 3591 illi
1977 3539 2152 3593 divina

2261 3543 2539 3613 πεφηνότα
2567 3546 2663 3598 καὶ
2694 3522 3109 3617 σεσαρκωμένον
3137 3548 3229 3601 τὸν
3259 3522 3404 3602 Θεοῦ
3431 3522 3667 3620 Λόγον
3710 3522 3836 3603 axe:

585 3628 903 3697 simpliciter
927 3626 1034 3698 54.
1052 3626 1249 3680 tribuat
1287 3627 1474 3697 (novit
1526 3628 1695 3691 enim,
1721 3628 1890 3691 novit,
1915 3629 2153 3697 inquam,

586 3719 701 3784 illa,
736 3720 826 3772 Dei
857 3718 1088 3773 Verbum
1126 3718 1180 3772 in
1242 3718 1478 3773 humana
1528 3719 1698 3773 forma
1748 3722 2061 3791 apparuisse
2104 3734 2158 3776 et

586 3824 804 3865 carnem
831 3809 1031 3865 factum
1069 3810 1256 3881 esse);
1302 3811 1514 3866 illorum
1543 3820 1722 3866 autem
1775 3813 2078 3867 institutum
2106 3822 2161 3867 et

588 3917 805 3973 scopus,
838 3902 930 3973 qui
979 3903 1191 3957 diversa
1222 3904 1290 3957 ab
1328 3903 1415 3958 bis
1443 3903 1702 3969 sentiunt,
1739 3906 1809 3960 sit
1836 3905 2162 3974 persuadere

587 4010 709 4049 eum
734 3996 825 4065 qui
852 4009 918 4050 ex
952 3996 1176 4050 muliere
1211 4004 1367 4050 natus
1390 4004 1493 4062 est,
1518 3996 1788 4051 hominem
1838 4010 1957 4051 esse
1983 4011 2145 4050 unum

589 4087 1027 4156 quempiam,qui
1067 4102 1163 4157 per
1190 4088 1546 4155 incrementa,
1580 4098 1638 4142 ut
1664 4089 1800 4153 dixi.
1836 4097 1891 4143 et
1925 4104 2023 4159 per
2045 4103 2164 4158 pro-

2261 3637 2363 3699 πὸς
2392 3636 2450 3689 δὲ
2483 3640 2596 3701 τοῖς
2640 3637 2806 3709 ἐτερα
2856 3639 3005 3710 παρὰ
3044 3639 3201 3693 τοῦτο
3244 3642 3459 3712 φρονεῖν
3494 3644 3835 3713 ᾑρημένοις,

2262 3726 2358 3780 καὶ
2385 3726 2563 3780 κοινὸν
2594 3726 2880 3797 ἄνθρωπον
2907 3727 3230 3797 ἀποφαίνειν
3255 3729 3345 3781 τὸν
3370 3729 3434 3781 ἐκ
3462 3728 3751 3796 γυναικὸς,
3783 3728 3839 3793 ἐξ

2260 3816 2572 3882 ἐπιδόσεως,
2607 3818 2683 3881 ὡς
2710 3818 2868 3889 ἔφην,
2892 3821 2986 3873 καὶ
3018 3820 3076 3886 ἐξ
3111 3820 3244 3883 ἰδίας
3268 3837 3326 3873 τε
3360 3820 3456 3873 καὶ
3482 3820 3840 3890 ἀνθρωπίνης

2262 3908 2466 3980 ἀρετῆς
2495 3908 2644 3973 ἄξιον
2687 3911 2878 3964 ἐαυτὸν
2910 3913 3339 3983 παραστήσαντα
3379 3911 3476 3965 τοῦ
3510 3913 3718 3984 χρῆναι
3756 3929 3839 3964 τι·

2268 4000 2598 4071 μᾶσθαι’κα“ι
2622 4002 2880 4071 συναφείᾳ
2909 4002 3200 4073 προσώπου
3226 4006 3291 4074 τῇ
3323 4003 3459 4073 πρὸς
3487 4004 3579 4056 τὸν
3603 4006 3671 4056 ἐκ
3700 4002 3837 4056 Θεοῦ

2266 4091 2459 4160 Λόγον,
2492 4091 2586 4145 καὶ
2613 4092 2907 4147 ἀπόλεκτον
2932 4093 3185 4162 γενέσθαι
3216 4094 3358 4147 κατὰ
3389 4096 3732 4165 πρόγνωσιν.

595 4183 793 4250 priam,
834 4181 937 4236 hoc
980 4189 1062 4235 est
1098 4182 1383 4236 humanam
1443 4181 1695 4236 virtutem
1752 4182 1972 4251 dignum
2033 4196 2093 4237 se
2146 4184 2453 4252 praebuerit,
2496 4184 2588 4255 qui
2636 4186 2895 4240 honorem
2934 4201 3149 4257 quoque
3191 4186 3545 4241 connexionis
3577 4201 3707 4241 cum
3747 4186 3837 4241 Dei

593 4273 770 4329 Verbo
842 4283 1243 4342 assequeretur,
1311 4283 1367 4329 et
1421 4274 1615 4342 insigni
1694 4275 2166 4344 praadestinatione
2203 4275 2514 4349 eligeretur.

661 4364 805 4418 XIII.
844 4363 1050 4419 Idcirco
1097 4381 1291 4421 nomen
1337 4366 1456 4428 hoc,
1495 4364 1764 4433 Christus,
1787 4366 1887 4421 soli
1945 4381 2161 4437 quoque

598 4457 771 4512 Verbo
796 4444 943 4525 quod
969 4471 1033 4511 ex
1058 4455 1166 4510 Deo
1211 4457 1370 4511 Patre
1407 4466 1585 4512 ortum
1621 4469 1725 4524 est,
1748 4468 1807 4512 ut
1838 4459 2063 4513 seorsim
2094 4472 2163 4514 ac

592 4564 690 4618 per
726 4561 787 4601 se
811 4548 1104 4602 subsistere
1134 4549 1533 4615 consideratur,
1572 4549 1867 4605 convenire
1888 4558 2166 4605 asserunt.

598 4636 706 4693 Nos
736 4646 914 4692 autem
938 4638 1011 4692 ita
1039 4639 1242 4693 sentire
1279 4650 1373 4694 aut
1403 4640 1548 4709 loqui
1604 4655 1943 4710 nequaquam
1980 4642 2170 4696 didici-

598 4746 718 4783 mus
772 4750 785 4784 :
833 4729 1263 4798 quandoquidem
1318 4740 1444 4786 tunc
1499 4732 1730 4800 primum
1779 4733 2011 4787 Verbum
2042 4732 2166 4789 Jesu

2337 4370 2434 4423 II".
2468 4371 2674 4423 Ἐκεῖνό
2715 4388 2896 4440 φασιν,
2933 4371 3110 4436 ὅτιτὸ,
3143 4369 3608 4440 Χριστός,ὅνομα
3633 4370 3838 4440 πρέπει

2269 4460 2365 4513 καὶ
2400 4461 2567 4532 μόνῳ,
2611 4462 2706 4515 καὶ
2753 4462 2878 4533 ἰδίᾳ,
2928 4464 3020 4515 καὶ
3049 4461 3172 4515 καθ’
3200 4462 3389 4514 ἐαυτὸν
3416 4461 3703 4531 νοουμένῳ
3748 4462 3841 4513 καὶ

2264 4553 2558 4625 ὑπάρχοντι
2608 4552 2687 4623 τῷ
2739 4555 2801 4606 ἐκ
2859 4552 2992 4606 Θεοῦ
3040 4553 3254 4624 Πατρὸς
3294 4552 3603 4622 πεφηνότι²
3658 4552 3839 4620 Λόγῳ.

2274 4645 2466 4713 Ἡμεῖς
2508 4644 2564 4697 δὲ
2590 4645 2688 4715 οὐχ
2725 4644 2867 4697 οὕτω
2895 4644 3249 4714 δεδιδάγμεθα
3297 4645 3533 4713 φρονεῖν,
3564 4643 3599 4711 ἢ
3635 4645 3842 4711 λέγειν.

2270 4737 2401 4789 Ὅτε
2428 4736 2537 4806 γὰρ
2569 4737 2759 4805 γέγονε
2789 4734 2924 4806 σὰρξ
2953 4739 2979 4789 ὁ
3007 4736 3197 4805 Λόγος,
3231 4736 3352 4788 τότε
3386 4737 3479 4789 καὶ
3516 4734 3845 4806 ὠνομάσθαι

595 4822 796 4877 Christi
830 4822 1237 4892 appellationem
1258 4824 1504 4878 sortitum
1532 4824 1784 4890 dicimus,
1806 4840 1928 4879 cum
1963 4824 2152 4880 facturr

2272 4829 2453 4898 φαμὲν
2501 4827 2663 4881 αὐτὸν
2706 4826 2938 4897 Χριστὸν
2975 4825 3201 4897 Ἰησοῦν.
3243 4824 3456 4894 Ἐπειδὴ
3502 4824 3614 4895 γὰρ
3648 4827 3845 4895 κέχρεο

596 4925 683 4969 est
730 4927 896 4978 caro;
943 4914 1207 4983 siquidem
1260 4917 1329 4971 ob
1376 4916 1426 4970 id
1455 4915 1705 4973 Christus
1763 4928 2005 4985 vocatur,
2039 4919 2163 4988 quia

595 5005 976 5061 exsultatiouis
1033 5007 1173 5072 oleo,
1204 5009 1303 5061 hoc
1340 5018 1423 5063 est
1482 5009 1685 5077 Spiritu
1720 5020 1929 5076 sancto,
1977 5026 2005 5064 a
2061 5011 2167 5066 Deo

597 5097 755 5151 Patre
785 5098 1062 5151 inunctum
1090 5108 1191 5153 est.
1219 5098 1371 5165 Quod
1398 5108 1575 5154 autem
1597 5101 1837 5155 inunctio
1855 5101 1943 5154 illa
1963 5115 2169 5156 assum-

597 5199 699 5256 pta:
746 5187 1098 5243 humanitatis
1149 5191 1360 5244 ratione
1420 5190 1495 5244 illi
1552 5190 1861 5257 conveniat,
1926 5191 1977 5246 id
2027 5192 2166 5262 apud

597 5290 744 5331 recte
797 5279 1090 5333 sentientes
1125 5279 1176 5333 in
1221 5282 1570 5351 quaestionem
1606 5298 1713 5337 non
1757 5283 1943 5338 venit:
1970 5299 2092 5337 nam
2121 5286 2165 5338 sI

599 5369 691 5423 Dei
726 5367 960 5424 Verbum
997 5372 1135 5426 Deus
1159 5381 1264 5439 est,
1296 5372 1439 5427 nulla
1477 5374 1661 5443 utique
1721 5375 1975 5430 unctione
2020 5375 2166 5430 indi-

667 5525 712 5555 θ’
744 5524 856 5580 Jac.
888 5541 940 5591 ν,
968 5527 1059 5582 Ξυ.

2274 4937 2396 4973 σται
2452 4917 2530 4989 τῷ
2576 4917 2740 4988 ἐλαίῳ
2792 4918 2891 4987 τῆς
2942 4916 3332 4983 ἀγαλλιάσεως,
3386 4917 3505 4983 ἦτοι
3562 4915 3647 4984 τῷ
3708 4917 3849 4986 ἁγίῳ

2272 5010 2547 5080 Πνεύματι
2596 5008 2749 5080 παρὰ
2792 5006 2887 5059 τοῦ
2937 5004 3072 5058 Θεοῦ
3137 5005 3231 5058 καὶ
3274 5004 3521 5075 Πατρὸς,
3581 5003 3851 5075 ταύτητοι

2274 5101 2508 5171 Χριστὸς
2541 5100 2882 5169 ὀνομάζεται.
2910 5099 3035 5151 "Ott
3079 5096 3137 5151 δὲ
3170 5097 3299 5168 περὶ
3329 5097 3390 5149 τὸ
3427 5095 3778 5165 ἀνθρώπινον
3818 5099 3851 5166 ἡ

2274 5192 2475 5262 χρίσις,
2506 5192 2605 5244 οὐκ
2634 5191 2700 5244 ἂν
2731 5188 3020 5244 ἐνδοιάσειέ
3054 5206 3136 5252 τις
3167 5187 3278 5242 τῶν
3308 5187 3444 5258 ὀρθὰ
3469 5191 3697 5258 φρονεῖν
3724 5189 3854 5241 εἰω-

2276 5282 2480 5335 θότωνο
2524 5283 2614 5334 είει
2660 5282 2758 5351 μὲν
2789 5281 2894 5353 γὰρ
2939 5280 3071 5343 Θεός
3119 5282 3233 5333 ἐστι
3277 5279 3371 5333 καὶ
3410 5277 3605 5345 Λόγος,
3650 5278 3753 5331 οὐκ
3788 5277 3860 5329 ἂν

2274 5373 2466 5446 ἐδεήθη
2502 5374 2738 5446 χρίσεως
2766 5389 2779 5402 ·
2816 5374 2875 5427 οὐ
2907 5374 3015 5445 γάρ
3044 5388 3147 5427 που
3176 5372 3308 5444 φαίη
3343 5388 3425 5435 τις
3457 5369 3526 5426 ἂν
3557 5369 3857 5442 κεκρίσθαι

1654 5683 1830 5739 Varia:
1854 5683 2112 5739 lectiones
2142 5683 2345 5739 codicis
2362 5683 2732 5752 Seguieriani.

669 5824 696 5851 ³
729 5816 928 5887 ἀμφοῖν
956 5817 1031 5883 ὡς
1052 5818 1152 5874 ἐνί.
1229 5829 1258 5869 1
1294 5821 1706 5885 συνεισδέοντος.
1784 5832 1807 5859 ι
1833 5822 2162 5892 γεννηθέντι.
2243 5837 2268 5866 ιι
2299 5823 2464 5890 ἴσως,
