  <div class='ocr_page' id='page_1' title='image "/cluster/home/n/w/nwhite01/storage/ocr_20150623/76/nnc1.0046980067/638.png"; bbox 0 0 4044 6332; ppageno 0'>
   <div class='ocr_carea' id='block_1_1' title="bbox 262 401 392 456">
    <p class='ocr_par' dir='ltr' id='par_1_1' title="bbox 262 401 392 456">
     <span class='ocr_line' id='line_1_1' title="bbox 262 401 392 456; baseline -0.015 0"><span class='ocrx_word' id='word_1_1' title='bbox 262 401 392 456; x_wconf 72' lang='grc'><strong>1221</strong></span> 
     </span>
    </p>
   </div>
   <div class='ocr_carea' id='block_1_2' title="bbox 1364 403 2407 465">
    <p class='ocr_par' dir='ltr' id='par_1_2' title="bbox 1364 403 2407 465">
     <span class='ocr_line' id='line_1_2' title="bbox 1364 403 2407 465; baseline 0.009 -9"><span class='ocrx_word' id='word_1_2' title='bbox 1364 403 1452 458; x_wconf 89' lang='lat' dir='ltr'><strong>DE</strong></span> <span class='ocrx_word' id='word_1_3' title='bbox 1495 404 1725 461; x_wconf 79' lang='lat' dir='ltr'><strong>RECTA</strong></span> <span class='ocrx_word' id='word_1_4' title='bbox 1766 404 1923 463; x_wconf 82' lang='lat' dir='ltr'><strong>FIDE</strong></span> <span class='ocrx_word' id='word_1_5' title='bbox 1960 405 2052 460; x_wconf 81' lang='lat' dir='ltr'><strong>AD</strong></span> <span class='ocrx_word' id='word_1_6' title='bbox 2092 406 2407 465; x_wconf 77' lang='lat' dir='ltr'><strong>REGINAS.</strong></span> 
     </span>
    </p>
   </div>
   <div class='ocr_carea' id='block_1_3' title="bbox 3334 414 3493 470">
    <p class='ocr_par' dir='ltr' id='par_1_3' title="bbox 3334 414 3493 470">
     <span class='ocr_line' id='line_1_3' title="bbox 3334 414 3493 470; baseline 0.013 -2"><span class='ocrx_word' id='word_1_7' title='bbox 3334 414 3493 470; x_wconf 62' lang='grc'><strong>⁷1222</strong></span> 
     </span>
    </p>
   </div>
   <div class='ocr_carea' id='block_1_4' title="bbox 260 517 1812 603">
    <p class='ocr_par' dir='ltr' id='par_1_4' title="bbox 260 517 1812 596">
     <span class='ocr_line' id='line_1_4' title="bbox 260 517 1812 596; baseline 0.005 -27"><span class='ocrx_word' id='word_1_8' title='bbox 260 519 350 571; x_wconf 77' lang='grc' dir='ltr'><strong>καὶ</strong></span> <span class='ocrx_word' id='word_1_9' title='bbox 378 517 635 587; x_wconf 82' lang='grc' dir='ltr'>ήγιάσθαι</span> <span class='ocrx_word' id='word_1_10' title='bbox 666 518 753 573; x_wconf 80' lang='grc' dir='ltr'>τὸν</span> <span class='ocrx_word' id='word_1_11' title='bbox 794 521 859 573; x_wconf 81' lang='grc' dir='ltr'>ἐκ</span> <span class='ocrx_word' id='word_1_12' title='bbox 892 520 1026 574; x_wconf 88' lang='grc' dir='ltr'>Θεοῦ</span> <span class='ocrx_word' id='word_1_13' title='bbox 1055 521 1228 589; x_wconf 84' lang='grc' dir='ltr'><strong>Λόγον</strong></span> <span class='ocrx_word' id='word_1_14' title='bbox 1267 521 1344 593; x_wconf 84' lang='grc' dir='ltr'><strong>τῷ</strong></span> <span class='ocrx_word' id='word_1_15' title='bbox 1381 524 1495 596; x_wconf 75' lang='grc' dir='ltr'>ἰδίῳ</span> <span class='ocrx_word' id='word_1_16' title='bbox 1526 525 1812 594; x_wconf 43' lang='grc' dir='ltr'>Πνεύματιι</span> 
     </span>
    </p>
   </div>
   <div class='ocr_carea' id='block_1_5' title="bbox 1917 517 3491 603">
    <p class='ocr_par' dir='ltr' id='par_1_5' title="bbox 1928 527 3491 603">
     <span class='ocr_line' id='line_1_5' title="bbox 1928 527 3491 603; baseline 0.004 -22"><span class='ocrx_word' id='word_1_17' title='bbox 1928 537 2036 598; x_wconf 87' lang='lat' dir='ltr'><strong>get.</strong></span> <span class='ocrx_word' id='word_1_18' title='bbox 2064 527 2175 583; x_wconf 85' lang='lat' dir='ltr'><strong>Nec</strong></span> <span class='ocrx_word' id='word_1_19' title='bbox 2201 528 2339 583; x_wconf 93' lang='lat' dir='ltr'><strong>ullus</strong></span> <span class='ocrx_word' id='word_1_20' title='bbox 2380 543 2615 599; x_wconf 87' lang='lat' dir='ltr'><strong>unquam</strong></span> <span class='ocrx_word' id='word_1_21' title='bbox 2646 529 2830 585; x_wconf 79' lang='lat' dir='ltr'><strong>docuit</strong></span> <span class='ocrx_word' id='word_1_22' title='bbox 2858 528 2951 584; x_wconf 87' lang='lat' dir='ltr'><strong>Dei</strong></span> <span class='ocrx_word' id='word_1_23' title='bbox 2998 528 3232 586; x_wconf 81' lang='lat' dir='ltr'><strong>Verbum</strong></span> <span class='ocrx_word' id='word_1_24' title='bbox 3284 530 3491 603; x_wconf 91' lang='lat' dir='ltr'><strong>Spiritu</strong></span> 
     </span>
    </p>
   </div>
   <div class='ocr_carea' id='block_1_6' title="bbox 260 609 1820 689">
    <p class='ocr_par' dir='ltr' id='par_1_6' title="bbox 260 609 1820 689">
     <span class='ocr_line' id='line_1_6' title="bbox 260 609 1820 689; baseline 0.006 -28"><span class='ocrx_word' id='word_1_25' title='bbox 260 609 547 681; x_wconf 59' lang='lat' dir='ltr'><strong>ibcszépq)</strong></span> <span class='ocrx_word' id='word_1_26' title='bbox 584 613 714 683; x_wconf 88' lang='grc' dir='ltr'>παρ’</span> <span class='ocrx_word' id='word_1_27' title='bbox 749 613 911 666; x_wconf 83' lang='grc' dir='ltr'>αὑτὸν</span> <span class='ocrx_word' id='word_1_28' title='bbox 952 612 1050 683; x_wconf 82' lang='grc' dir='ltr'>τὴν</span> <span class='ocrx_word' id='word_1_29' title='bbox 1092 613 1252 683; x_wconf 86' lang='grc' dir='ltr'>φύσιν</span> <span class='ocrx_word' id='word_1_30' title='bbox 1307 616 1686 689; x_wconf 80' lang='grc' dir='ltr'>ὑπερκειμένῳ</span> <span class='ocrx_word' id='word_1_31' title='bbox 1725 618 1820 672; x_wconf 73' lang='grc' dir='ltr'><strong>καὶ</strong></span> 
     </span>
    </p>
   </div>
   <div class='ocr_carea' id='block_1_7' title="bbox 258 700 1819 777">
    <p class='ocr_par' dir='ltr' id='par_1_7' title="bbox 258 700 1819 777">
     <span class='ocr_line' id='line_1_7' title="bbox 258 700 1819 777; baseline 0.008 -25"><span class='ocrx_word' id='word_1_32' title='bbox 258 700 563 771; x_wconf 74' lang='grc' dir='ltr'>προῦχοντι.</span> <span class='ocrx_word' id='word_1_33' title='bbox 596 723 614 754; x_wconf 81' lang='grc' dir='ltr'><strong>ι</strong></span> <span class='ocrx_word' id='word_1_34' title='bbox 640 706 822 775; x_wconf 73' lang='grc' dir='ltr'>Χωρὶς</span> <span class='ocrx_word' id='word_1_35' title='bbox 852 705 960 776; x_wconf 79' lang='grc' dir='ltr'>γὰρ</span> <span class='ocrx_word' id='word_1_36' title='bbox 990 708 1173 777; x_wconf 81' lang='grc' dir='ltr'>πάσης</span> <span class='ocrx_word' id='word_1_37' title='bbox 1195 707 1499 777; x_wconf 76' lang='grc' dir='ltr'><strong>ἀντιλογίας</strong></span> <span class='ocrx_word' id='word_1_38' title='bbox 1522 711 1581 764; x_wconf 86' lang='grc' dir='ltr'>τὸ</span> <span class='ocrx_word' id='word_1_39' title='bbox 1604 710 1819 764; x_wconf 76' lang='grc' dir='ltr'>ἔλαττον</span> 
     </span>
    </p>
   </div>
   <div class='ocr_carea' id='block_1_8' title="bbox 259 791 1819 871">
    <p class='ocr_par' dir='ltr' id='par_1_8' title="bbox 259 791 1819 871">
     <span class='ocr_line' id='line_1_8' title="bbox 259 791 1819 871; baseline 0.009 -29"><span class='ocrx_word' id='word_1_40' title='bbox 259 791 361 844; x_wconf 81' lang='grc' dir='ltr'><strong>ὑπὸ</strong></span> <span class='ocrx_word' id='word_1_41' title='bbox 386 791 477 844; x_wconf 89' lang='grc' dir='ltr'><strong>τοῦ</strong></span> <span class='ocrx_word' id='word_1_42' title='bbox 503 795 807 864; x_wconf 88' lang='grc' dir='ltr'>κρείττονος</span> <span class='ocrx_word' id='word_1_43' title='bbox 834 797 1155 865; x_wconf 69' lang='grc' dir='ltr'>εὐλογεῖται.</span> <span class='ocrx_word' id='word_1_44' title='bbox 1179 817 1197 851; x_wconf 75' lang='grc' dir='ltr'><strong>ι</strong></span> <span class='ocrx_word' id='word_1_45' title='bbox 1245 800 1465 871; x_wconf 83' lang='grc' dir='ltr'><strong>Ἐπειδὴ</strong></span> <span class='ocrx_word' id='word_1_46' title='bbox 1491 801 1547 855; x_wconf 76' lang='grc' dir='ltr'>δὲ</span> <span class='ocrx_word' id='word_1_47' title='bbox 1575 806 1689 866; x_wconf 85' lang='grc' dir='ltr'>τοῖς</span> <span class='ocrx_word' id='word_1_48' title='bbox 1718 803 1819 870; x_wconf 86' lang='grc' dir='ltr'>τῆς</span> 
     </span>
    </p>
   </div>
   <div class='ocr_carea' id='block_1_9' title="bbox 257 881 1818 965">
    <p class='ocr_par' dir='ltr' id='par_1_9' title="bbox 257 881 1818 965">
     <span class='ocr_line' id='line_1_9' title="bbox 257 881 1818 965; baseline 0.009 -31"><span class='ocrx_word' id='word_1_49' title='bbox 257 881 669 957; x_wconf 84' lang='grc' dir='ltr'>ἀνθρωπότητος</span> <span class='ocrx_word' id='word_1_50' title='bbox 699 887 917 959; x_wconf 78' lang='grc' dir='ltr'><strong>μέτροις</strong></span> <span class='ocrx_word' id='word_1_51' title='bbox 938 889 998 941; x_wconf 84' lang='grc' dir='ltr'>τὸ</span> <span class='ocrx_word' id='word_1_52' title='bbox 1016 890 1337 958; x_wconf 79' lang='grc' dir='ltr'>ἀγιάζεσθαί</span> <span class='ocrx_word' id='word_1_53' title='bbox 1362 910 1421 946; x_wconf 84' lang='grc' dir='ltr'><strong>τε</strong></span> <span class='ocrx_word' id='word_1_54' title='bbox 1449 893 1544 947; x_wconf 73' lang='grc' dir='ltr'>καὶ</span> <span class='ocrx_word' id='word_1_55' title='bbox 1569 894 1818 965; x_wconf 73' lang='grc' dir='ltr'><strong>χρίεσθαι</strong></span> 
     </span>
    </p>
   </div>
   <div class='ocr_carea' id='block_1_10' title="bbox 257 974 1816 1053">
    <p class='ocr_par' dir='ltr' id='par_1_10' title="bbox 257 974 1816 1053">
     <span class='ocr_line' id='line_1_10' title="bbox 257 974 1816 1053; baseline 0.007 -27"><span class='ocrx_word' id='word_1_56' title='bbox 257 974 475 1043; x_wconf 78' lang='grc' dir='ltr'><strong>πρέπει,</strong></span> <span class='ocrx_word' id='word_1_57' title='bbox 509 978 658 1031; x_wconf 81' lang='grc' dir='ltr'>πᾶσά</span> <span class='ocrx_word' id='word_1_58' title='bbox 688 994 799 1041; x_wconf 89' lang='grc' dir='ltr'><strong>πως</strong></span> <span class='ocrx_word' id='word_1_59' title='bbox 827 979 1037 1051; x_wconf 78' lang='grc' dir='ltr'><strong>ἀνάγκη</strong></span> <span class='ocrx_word' id='word_1_60' title='bbox 1073 982 1307 1052; x_wconf 80' lang='grc' dir='ltr'>Χριστὸν</span> <span class='ocrx_word' id='word_1_61' title='bbox 1340 983 1699 1053; x_wconf 82' lang='grc' dir='ltr'>ὀνομάζεσθαι</span> <span class='ocrx_word' id='word_1_62' title='bbox 1725 985 1816 1037; x_wconf 74' lang='grc' dir='ltr'>τὸν</span> 
     </span>
    </p>
   </div>
   <div class='ocr_carea' id='block_1_11' title="bbox 257 1064 1817 1145">
    <p class='ocr_par' dir='ltr' id='par_1_11' title="bbox 257 1064 1817 1145">
     <span class='ocr_line' id='line_1_11' title="bbox 257 1064 1817 1145; baseline 0.009 -29"><span class='ocrx_word' id='word_1_63' title='bbox 257 1065 318 1117; x_wconf 77' lang='grc' dir='ltr'>ἐκ</span> <span class='ocrx_word' id='word_1_64' title='bbox 350 1064 484 1118; x_wconf 84' lang='grc' dir='ltr'>Θεοῦ</span> <span class='ocrx_word' id='word_1_65' title='bbox 534 1066 741 1136; x_wconf 92' lang='grc' dir='ltr'>Λόγον,</span> <span class='ocrx_word' id='word_1_66' title='bbox 785 1070 883 1139; x_wconf 81' lang='grc' dir='ltr'><strong>οὐχ</strong></span> <span class='ocrx_word' id='word_1_67' title='bbox 925 1071 1013 1123; x_wconf 82' lang='grc' dir='ltr'>ὅτε</span> <span class='ocrx_word' id='word_1_68' title='bbox 1046 1073 1251 1142; x_wconf 85' lang='grc' dir='ltr'>γυμνὸς</span> <span class='ocrx_word' id='word_1_69' title='bbox 1282 1071 1351 1145; x_wconf 79' lang='grc' dir='ltr'>ἦν</span> <span class='ocrx_word' id='word_1_70' title='bbox 1394 1074 1472 1127; x_wconf 75' lang='grc' dir='ltr'>ἔτι</span> <span class='ocrx_word' id='word_1_71' title='bbox 1518 1076 1613 1129; x_wconf 77' lang='grc' dir='ltr'><strong>καὶ</strong></span> <span class='ocrx_word' id='word_1_72' title='bbox 1664 1075 1817 1130; x_wconf 79' lang='grc' dir='ltr'>οῦπω</span> 
     </span>
    </p>
   </div>
   <div class='ocr_carea' id='block_1_12' title="bbox 258 1161 1813 1240">
    <p class='ocr_par' dir='ltr' id='par_1_12' title="bbox 258 1161 1813 1240">
     <span class='ocr_line' id='line_1_12' title="bbox 258 1161 1813 1240; baseline 0.008 -29"><span class='ocrx_word' id='word_1_73' title='bbox 258 1161 692 1231; x_wconf 82' lang='grc' dir='ltr'>σεσαρκωμένος,</span> <span class='ocrx_word' id='word_1_74' title='bbox 740 1162 855 1215; x_wconf 90' lang='grc' dir='ltr'>ἀλλ’</span> <span class='ocrx_word' id='word_1_75' title='bbox 900 1164 987 1217; x_wconf 87' lang='grc' dir='ltr'>ὅτε</span> <span class='ocrx_word' id='word_1_76' title='bbox 1026 1166 1264 1235; x_wconf 86' lang='grc' dir='ltr'>γεγονὼς</span> <span class='ocrx_word' id='word_1_77' title='bbox 1298 1167 1419 1221; x_wconf 80' lang='grc' dir='ltr'>καθ’</span> <span class='ocrx_word' id='word_1_78' title='bbox 1456 1169 1625 1240; x_wconf 77' lang='grc' dir='ltr'>ἡμᾶς,</span> <span class='ocrx_word' id='word_1_79' title='bbox 1655 1185 1813 1223; x_wconf 86' lang='grc' dir='ltr'>τουτ-</span> 
     </span>
    </p>
   </div>
   <div class='ocr_carea' id='block_1_13' title="bbox 257 1254 1812 1331">
    <p class='ocr_par' dir='ltr' id='par_1_13' title="bbox 257 1254 1812 1331">
     <span class='ocr_line' id='line_1_13' title="bbox 257 1254 1812 1331; baseline 0.005 -25"><span class='ocrx_word' id='word_1_80' title='bbox 257 1254 399 1307; x_wconf 86' lang='grc' dir='ltr'>έστιν</span> <span class='ocrx_word' id='word_1_81' title='bbox 426 1255 726 1325; x_wconf 78' lang='grc' dir='ltr'>ἄνθρωπος.</span> <span class='ocrx_word' id='word_1_82' title='bbox 763 1258 984 1331; x_wconf 76' lang='grc' dir='ltr'>ἐχρίσθη</span> <span class='ocrx_word' id='word_1_83' title='bbox 1013 1259 1153 1314; x_wconf 86' lang='grc' dir='ltr'>κατά</span> <span class='ocrx_word' id='word_1_84' title='bbox 1183 1260 1242 1312; x_wconf 86' lang='grc' dir='ltr'>τὸ</span> <span class='ocrx_word' id='word_1_85' title='bbox 1265 1261 1622 1331; x_wconf 82' lang='grc' dir='ltr'>ἀνθρώπινον.</span> <span class='ocrx_word' id='word_1_86' title='bbox 1652 1263 1812 1315; x_wconf 84' lang='grc' dir='ltr'><strong>Ὥστε</strong></span> 
     </span>
    </p>
   </div>
   <div class='ocr_carea' id='block_1_14' title="bbox 254 1343 1811 1423">
    <p class='ocr_par' dir='ltr' id='par_1_14' title="bbox 254 1343 1811 1423">
     <span class='ocr_line' id='line_1_14' title="bbox 254 1343 1811 1423; baseline 0.006 -28"><span class='ocrx_word' id='word_1_87' title='bbox 254 1343 311 1395; x_wconf 85' lang='grc' dir='ltr'>τὸ</span> <span class='ocrx_word' id='word_1_88' title='bbox 356 1345 606 1413; x_wconf 78' lang='grc' dir='ltr'>Χριστὸς</span> <span class='ocrx_word' id='word_1_89' title='bbox 641 1346 809 1416; x_wconf 77' lang='grc' dir='ltr'>ὄνομα</span> <span class='ocrx_word' id='word_1_90' title='bbox 856 1350 1053 1420; x_wconf 82' lang='grc' dir='ltr'>πρέποι</span> <span class='ocrx_word' id='word_1_91' title='bbox 1094 1349 1160 1403; x_wconf 83' lang='grc' dir='ltr'>ἂν</span> <span class='ocrx_word' id='word_1_92' title='bbox 1206 1350 1325 1403; x_wconf 85' lang='grc' dir='ltr'>κατ’</span> <span class='ocrx_word' id='word_1_93' title='bbox 1377 1351 1567 1418; x_wconf 78' lang='grc' dir='ltr'><strong>οὐδένα</strong></span> <span class='ocrx_word' id='word_1_94' title='bbox 1611 1353 1811 1423; x_wconf 82' lang='grc' dir='ltr'>τρόπον</span> 
     </span>
    </p>
   </div>
   <div class='ocr_carea' id='block_1_15' title="bbox 253 1434 1813 1514">
    <p class='ocr_par' dir='ltr' id='par_1_15' title="bbox 253 1434 1813 1514">
     <span class='ocr_line' id='line_1_15' title="bbox 253 1434 1813 1514; baseline 0.006 -27"><span class='ocrx_word' id='word_1_95' title='bbox 253 1434 401 1488; x_wconf 75' lang='grc' dir='ltr'>οὔπω</span> <span class='ocrx_word' id='word_1_96' title='bbox 439 1436 560 1489; x_wconf 84' lang='grc' dir='ltr'>καθ’</span> <span class='ocrx_word' id='word_1_97' title='bbox 587 1437 733 1507; x_wconf 82' lang='grc' dir='ltr'>ἡμᾶς</span> <span class='ocrx_word' id='word_1_98' title='bbox 761 1441 1007 1508; x_wconf 83' lang='grc' dir='ltr'>γεγονότι</span> <span class='ocrx_word' id='word_1_99' title='bbox 1040 1441 1117 1512; x_wconf 84' lang='grc' dir='ltr'>τῷ</span> <span class='ocrx_word' id='word_1_100' title='bbox 1153 1442 1216 1494; x_wconf 84' lang='grc' dir='ltr'>ὲκ</span> <span class='ocrx_word' id='word_1_101' title='bbox 1242 1441 1376 1494; x_wconf 83' lang='grc' dir='ltr'>Θεοῦ</span> <span class='ocrx_word' id='word_1_102' title='bbox 1410 1443 1621 1514; x_wconf 82' lang='grc' dir='ltr'>Πατρὸς</span> <span class='ocrx_word' id='word_1_103' title='bbox 1651 1443 1813 1512; x_wconf 83' lang='grc' dir='ltr'>φύντι</span> 
     </span>
    </p>
   </div>
   <div class='ocr_carea' id='block_1_16' title="bbox 252 1528 1813 1607">
    <p class='ocr_par' dir='ltr' id='par_1_16' title="bbox 252 1528 1813 1607">
     <span class='ocr_line' id='line_1_16' title="bbox 252 1528 1813 1607; baseline 0.007 -29"><span class='ocrx_word' id='word_1_104' title='bbox 252 1528 428 1599; x_wconf 84' lang='grc' dir='ltr'>Λόγῳ.</span> <span class='ocrx_word' id='word_1_105' title='bbox 479 1530 541 1581; x_wconf 83' lang='lat' dir='ltr'><strong>Ei</strong></span> <span class='ocrx_word' id='word_1_106' title='bbox 569 1530 625 1582; x_wconf 84' lang='grc' dir='ltr'>δὲ</span> <span class='ocrx_word' id='word_1_107' title='bbox 650 1530 967 1601; x_wconf 77' lang='grc' dir='ltr'>όνομάζοιτό</span> <span class='ocrx_word' id='word_1_108' title='bbox 1008 1551 1112 1586; x_wconf 88' lang='grc' dir='ltr'><strong>που</strong></span> <span class='ocrx_word' id='word_1_109' title='bbox 1141 1535 1377 1605; x_wconf 81' lang='grc' dir='ltr'>Χριστὸς</span> <span class='ocrx_word' id='word_1_110' title='bbox 1398 1575 1413 1597; x_wconf 90' lang='grc'><strong>,</strong></span> <span class='ocrx_word' id='word_1_111' title='bbox 1462 1536 1813 1607; x_wconf 79' lang='grc' dir='ltr'>ένανθρωπή-</span> 
     </span>
    </p>
   </div>
   <div class='ocr_carea' id='block_1_17' title="bbox 253 1616 1813 1697">
    <p class='ocr_par' dir='ltr' id='par_1_17' title="bbox 253 1616 1813 1697">
     <span class='ocr_line' id='line_1_17' title="bbox 253 1616 1813 1697; baseline 0.007 -29"><span class='ocrx_word' id='word_1_112' title='bbox 253 1616 421 1669; x_wconf 82' lang='grc' dir='ltr'>σαντά</span> <span class='ocrx_word' id='word_1_113' title='bbox 449 1634 538 1687; x_wconf 81' lang='grc' dir='ltr'><strong>μοι</strong></span> <span class='ocrx_word' id='word_1_114' title='bbox 566 1620 779 1690; x_wconf 83' lang='grc' dir='ltr'>νοήσεις</span> <span class='ocrx_word' id='word_1_115' title='bbox 809 1622 999 1674; x_wconf 79' lang='grc' dir='ltr'>αὐτόν’</span> <span class='ocrx_word' id='word_1_116' title='bbox 1048 1622 1150 1676; x_wconf 76' lang='grc' dir='ltr'>κᾶν</span> <span class='ocrx_word' id='word_1_117' title='bbox 1202 1625 1371 1692; x_wconf 88' lang='grc' dir='ltr'>Λόγον</span> <span class='ocrx_word' id='word_1_118' title='bbox 1406 1625 1676 1697; x_wconf 81' lang='grc' dir='ltr'><strong>ἀκούσῃς,</strong></span> <span class='ocrx_word' id='word_1_119' title='bbox 1716 1643 1813 1678; x_wconf 88' lang='grc' dir='ltr'>πε-</span> 
     </span>
    </p>
   </div>
   <div class='ocr_carea' id='block_1_18' title="bbox 252 1709 1813 1787">
    <p class='ocr_par' dir='ltr' id='par_1_18' title="bbox 252 1709 1813 1787">
     <span class='ocr_line' id='line_1_18' title="bbox 252 1709 1813 1787; baseline 0.006 -27"><span class='ocrx_word' id='word_1_120' title='bbox 252 1709 571 1781; x_wconf 80' lang='grc' dir='ltr'>πραγμένης</span> <span class='ocrx_word' id='word_1_121' title='bbox 604 1712 708 1782; x_wconf 79' lang='grc' dir='ltr'><strong>ἥδη</strong></span> <span class='ocrx_word' id='word_1_122' title='bbox 737 1712 833 1783; x_wconf 84' lang='grc' dir='ltr'>τῆς</span> <span class='ocrx_word' id='word_1_123' title='bbox 871 1714 1353 1787; x_wconf 75' lang='grc' dir='ltr'>ὲνανθρωπήσεως,</span> <span class='ocrx_word' id='word_1_124' title='bbox 1388 1716 1487 1786; x_wconf 78' lang='grc' dir='ltr'>τῆς</span> <span class='ocrx_word' id='word_1_125' title='bbox 1520 1716 1813 1785; x_wconf 82' lang='grc' dir='ltr'>ὲνωΘείσης</span> 
     </span>
    </p>
   </div>
   <div class='ocr_carea' id='block_1_19' title="bbox 250 1805 1809 1884">
    <p class='ocr_par' dir='ltr' id='par_1_19' title="bbox 250 1805 1809 1884">
     <span class='ocr_line' id='line_1_19' title="bbox 250 1805 1809 1884; baseline 0.004 -27"><span class='ocrx_word' id='word_1_126' title='bbox 250 1805 393 1875; x_wconf 83' lang='grc' dir='ltr'>αὐτῷ</span> <span class='ocrx_word' id='word_1_127' title='bbox 425 1806 497 1877; x_wconf 79' lang='grc' dir='ltr'>μὴ</span> <span class='ocrx_word' id='word_1_128' title='bbox 538 1808 932 1880; x_wconf 76' lang='grc' dir='ltr'>ἀμνημονήσῃς</span> <span class='ocrx_word' id='word_1_129' title='bbox 970 1812 1338 1883; x_wconf 81' lang='grc' dir='ltr'>σαρκός.Ἀνά</span> <span class='ocrx_word' id='word_1_130' title='bbox 1369 1813 1531 1883; x_wconf 81' lang='grc' dir='ltr'>μέρος</span> <span class='ocrx_word' id='word_1_131' title='bbox 1555 1813 1612 1866; x_wconf 84' lang='grc' dir='ltr'>δὲ</span> <span class='ocrx_word' id='word_1_132' title='bbox 1636 1812 1809 1884; x_wconf 84' lang='grc' dir='ltr'>τούτῳ</span> 
     </span>
    </p>
   </div>
   <div class='ocr_carea' id='block_1_20' title="bbox 1924 621 3496 694">
    <p class='ocr_par' dir='ltr' id='par_1_20' title="bbox 1924 621 3496 694">
     <span class='ocr_line' id='line_1_20' title="bbox 1924 621 3496 694; baseline 0.002 -19"><span class='ocrx_word' id='word_1_133' title='bbox 1924 634 2023 675; x_wconf 87' lang='lat' dir='ltr'><strong>suo</strong></span> <span class='ocrx_word' id='word_1_134' title='bbox 2056 621 2332 675; x_wconf 84' lang='lat' dir='ltr'><strong>iuunctum</strong></span> <span class='ocrx_word' id='word_1_135' title='bbox 2358 631 2449 674; x_wconf 89' lang='lat' dir='ltr'><strong>aut</strong></span> <span class='ocrx_word' id='word_1_136' title='bbox 2473 622 2865 676; x_wconf 82' lang='lat' dir='ltr'><strong>sanctiﬁcatum</strong></span> <span class='ocrx_word' id='word_1_137' title='bbox 2890 637 3029 690; x_wconf 84' lang='lat' dir='ltr'><strong>esse,</strong></span> <span class='ocrx_word' id='word_1_138' title='bbox 3058 623 3212 694; x_wconf 87' lang='lat' dir='ltr'><strong>quasi</strong></span> <span class='ocrx_word' id='word_1_139' title='bbox 3232 624 3278 679; x_wconf 92' lang='lat' dir='ltr'><strong>is</strong></span> <span class='ocrx_word' id='word_1_140' title='bbox 3294 640 3496 679; x_wconf 83' lang='lat' dir='ltr'><strong>secun-</strong></span> 
     </span>
    </p>
   </div>
   <div class='ocr_carea' id='block_1_21' title="bbox 1925 712 3494 783">
    <p class='ocr_par' dir='ltr' id='par_1_21' title="bbox 1925 712 3494 783">
     <span class='ocr_line' id='line_1_21' title="bbox 1925 712 3494 783; baseline 0.002 -17"><span class='ocrx_word' id='word_1_141' title='bbox 1925 713 2048 766; x_wconf 93' lang='lat' dir='ltr'><strong>dum</strong></span> <span class='ocrx_word' id='word_1_142' title='bbox 2079 721 2324 765; x_wconf 86' lang='lat' dir='ltr'><strong>naturam</strong></span> <span class='ocrx_word' id='word_1_143' title='bbox 2349 714 2416 766; x_wconf 92' lang='lat' dir='ltr'><strong>ab</strong></span> <span class='ocrx_word' id='word_1_144' title='bbox 2447 712 2538 767; x_wconf 95' lang='lat' dir='ltr'><strong>illo</strong></span> <span class='ocrx_word' id='word_1_145' title='bbox 2564 714 2634 767; x_wconf 87' lang='lat' dir='ltr'><strong>sit</strong></span> <span class='ocrx_word' id='word_1_146' title='bbox 2654 712 2921 783; x_wconf 85' lang='lat' dir='ltr'><strong>diversus,</strong></span> <span class='ocrx_word' id='word_1_147' title='bbox 2958 714 3204 783; x_wconf 85' lang='lat' dir='ltr'><strong>superior</strong></span> <span class='ocrx_word' id='word_1_148' title='bbox 3228 723 3284 770; x_wconf 89' lang='lat' dir='ltr'><strong>et</strong></span> <span class='ocrx_word' id='word_1_149' title='bbox 3312 717 3494 771; x_wconf 77' lang='lat' dir='ltr'><strong>excel-</strong></span> 
     </span>
    </p>
   </div>
   <div class='ocr_carea' id='block_1_22' title="bbox 1924 802 3492 873">
    <p class='ocr_par' dir='ltr' id='par_1_22' title="bbox 1924 802 3492 873">
     <span class='ocr_line' id='line_1_22' title="bbox 1924 802 3492 873; baseline 0.003 -16"><span class='ocrx_word' id='word_1_150' title='bbox 1924 802 2138 858; x_wconf 90' lang='lat' dir='ltr'><strong>lentior.</strong></span> <span class='ocrx_word' id='word_1_151' title='bbox 2174 822 2193 855; x_wconf 83' lang='grc' dir='ltr'><strong>ι</strong></span> <span class='ocrx_word' id='word_1_152' title='bbox 2240 803 2414 859; x_wconf 83' lang='lat' dir='ltr'><strong>Minus</strong></span> <span class='ocrx_word' id='word_1_153' title='bbox 2448 820 2682 873; x_wconf 85' lang='lat' dir='ltr'><strong>namque</strong></span> <span class='ocrx_word' id='word_1_154' title='bbox 2716 806 2837 860; x_wconf 87' lang='lat' dir='ltr'><strong>sine</strong></span> <span class='ocrx_word' id='word_1_155' title='bbox 2862 807 2966 859; x_wconf 88' lang='lat' dir='ltr'><strong>ulla</strong></span> <span class='ocrx_word' id='word_1_156' title='bbox 2996 808 3429 863; x_wconf 88' lang='lat' dir='ltr'><strong>contradictione</strong></span> <span class='ocrx_word' id='word_1_157' title='bbox 3460 825 3492 861; x_wconf 73' lang='grc' dir='ltr'>τι</span> 
     </span>
    </p>
   </div>
   <div class='ocr_carea' id='block_1_23' title="bbox 1923 894 3494 967">
    <p class='ocr_par' dir='ltr' id='par_1_23' title="bbox 1923 894 3494 967">
     <span class='ocr_line' id='line_1_23' title="bbox 1923 894 3494 967; baseline 0.003 -19"><span class='ocrx_word' id='word_1_158' title='bbox 1923 894 2133 948; x_wconf 88' lang='lat' dir='ltr'><strong>meliori</strong></span> <span class='ocrx_word' id='word_1_159' title='bbox 2171 908 2385 962; x_wconf 87' lang='lat' dir='ltr'><strong>semper</strong></span> <span class='ocrx_word' id='word_1_160' title='bbox 2406 895 2743 949; x_wconf 91' lang='lat' dir='ltr'><strong>benedicitur</strong></span> <span class='ocrx_word' id='word_1_161' title='bbox 2764 896 2830 949; x_wconf 73' lang='lat'><strong>“.</strong></span> <span class='ocrx_word' id='word_1_162' title='bbox 2867 914 2885 946; x_wconf 79' lang='grc' dir='ltr'><strong>ι</strong></span> <span class='ocrx_word' id='word_1_163' title='bbox 2922 896 3058 962; x_wconf 86' lang='lat' dir='ltr'><strong>Quia</strong></span> <span class='ocrx_word' id='word_1_164' title='bbox 3092 912 3222 967; x_wconf 85' lang='lat' dir='ltr'><strong>ergo</strong></span> <span class='ocrx_word' id='word_1_165' title='bbox 3251 899 3494 953; x_wconf 80' lang='lat' dir='ltr'><strong>sanctiﬁ-</strong></span> 
     </span>
    </p>
   </div>
   <div class='ocr_carea' id='block_1_24' title="bbox 1921 986 3493 1044">
    <p class='ocr_par' dir='ltr' id='par_1_24' title="bbox 1921 986 3493 1044">
     <span class='ocr_line' id='line_1_24' title="bbox 1921 986 3493 1044; baseline -0.001 -3"><span class='ocrx_word' id='word_1_166' title='bbox 1921 987 2066 1041; x_wconf 91' lang='lat' dir='ltr'><strong>catio</strong></span> <span class='ocrx_word' id='word_1_167' title='bbox 2120 997 2175 1041; x_wconf 89' lang='lat' dir='ltr'><strong>et</strong></span> <span class='ocrx_word' id='word_1_168' title='bbox 2216 986 2459 1040; x_wconf 91' lang='lat' dir='ltr'><strong>inunctio</strong></span> <span class='ocrx_word' id='word_1_169' title='bbox 2514 987 2765 1041; x_wconf 72' lang='lat' dir='ltr'><strong>humanae</strong></span> <span class='ocrx_word' id='word_1_170' title='bbox 2807 997 3019 1042; x_wconf 70' lang='lat' dir='ltr'><strong>natura:</strong></span> <span class='ocrx_word' id='word_1_171' title='bbox 3047 989 3337 1044; x_wconf 87' lang='lat' dir='ltr'><strong>humilitati</strong></span> <span class='ocrx_word' id='word_1_172' title='bbox 3365 1004 3493 1043; x_wconf 84' lang='lat' dir='ltr'><strong>cou-</strong></span> 
     </span>
    </p>
   </div>
   <div class='ocr_carea' id='block_1_25' title="bbox 1922 1076 3492 1147">
    <p class='ocr_par' dir='ltr' id='par_1_25' title="bbox 1922 1076 3492 1147">
     <span class='ocr_line' id='line_1_25' title="bbox 1922 1076 3492 1147; baseline 0.004 -18"><span class='ocrx_word' id='word_1_173' title='bbox 1922 1083 2146 1147; x_wconf 87' lang='lat' dir='ltr'><strong>gruunt,</strong></span> <span class='ocrx_word' id='word_1_174' title='bbox 2185 1078 2246 1130; x_wconf 85' lang='lat' dir='ltr'><strong>ﬁt</strong></span> <span class='ocrx_word' id='word_1_175' title='bbox 2272 1077 2579 1131; x_wconf 87' lang='lat' dir='ltr'><strong>necessario</strong></span> <span class='ocrx_word' id='word_1_176' title='bbox 2597 1086 2654 1131; x_wconf 90' lang='lat' dir='ltr'><strong>ut</strong></span> <span class='ocrx_word' id='word_1_177' title='bbox 2672 1076 2765 1132; x_wconf 91' lang='lat' dir='ltr'><strong>Dei</strong></span> <span class='ocrx_word' id='word_1_178' title='bbox 2796 1076 3028 1133; x_wconf 83' lang='lat' dir='ltr'><strong>Verbum</strong></span> <span class='ocrx_word' id='word_1_179' title='bbox 3059 1095 3163 1133; x_wconf 92' lang='lat' dir='ltr'><strong>non</strong></span> <span class='ocrx_word' id='word_1_180' title='bbox 3196 1090 3304 1134; x_wconf 88' lang='lat' dir='ltr'><strong>tum</strong></span> <span class='ocrx_word' id='word_1_181' title='bbox 3331 1080 3492 1135; x_wconf 81' lang='lat' dir='ltr'><strong>Citri-</strong></span> 
     </span>
    </p>
   </div>
   <div class='ocr_carea' id='block_1_26' title="bbox 1920 1168 3492 1236">
    <p class='ocr_par' dir='ltr' id='par_1_26' title="bbox 1920 1168 3492 1236">
     <span class='ocr_line' id='line_1_26' title="bbox 1920 1168 3492 1236; baseline 0.001 -13"><span class='ocrx_word' id='word_1_182' title='bbox 1920 1169 1990 1223; x_wconf 87' lang='lat' dir='ltr'><strong>sti</strong></span> <span class='ocrx_word' id='word_1_183' title='bbox 2013 1169 2231 1223; x_wconf 89' lang='lat' dir='ltr'><strong>nomine</strong></span> <span class='ocrx_word' id='word_1_184' title='bbox 2252 1168 2509 1222; x_wconf 89' lang='lat' dir='ltr'><strong>donatum</strong></span> <span class='ocrx_word' id='word_1_185' title='bbox 2538 1168 2628 1233; x_wconf 88' lang='lat' dir='ltr'><strong>sit,</strong></span> <span class='ocrx_word' id='word_1_186' title='bbox 2658 1183 2782 1223; x_wconf 92' lang='lat' dir='ltr'><strong>cum</strong></span> <span class='ocrx_word' id='word_1_187' title='bbox 2809 1169 3105 1224; x_wconf 88' lang='lat' dir='ltr'><strong>etiamnum</strong></span> <span class='ocrx_word' id='word_1_188' title='bbox 3137 1172 3360 1236; x_wconf 86' lang='lat' dir='ltr'><strong>nudum,</strong></span> <span class='ocrx_word' id='word_1_189' title='bbox 3389 1173 3492 1225; x_wconf 90' lang='lat' dir='ltr'><strong>hoc</strong></span> 
     </span>
    </p>
   </div>
   <div class='ocr_carea' id='block_1_27' title="bbox 1920 1258 3488 1325">
    <p class='ocr_par' dir='ltr' id='par_1_27' title="bbox 1920 1258 3488 1325">
     <span class='ocr_line' id='line_1_27' title="bbox 1920 1258 3488 1325; baseline 0.003 -13"><span class='ocrx_word' id='word_1_190' title='bbox 1920 1266 2025 1324; x_wconf 82' lang='lat' dir='ltr'><strong>est,</strong></span> <span class='ocrx_word' id='word_1_191' title='bbox 2057 1260 2291 1312; x_wconf 90' lang='lat' dir='ltr'><strong>nondum</strong></span> <span class='ocrx_word' id='word_1_192' title='bbox 2350 1258 2689 1313; x_wconf 88' lang='lat' dir='ltr'><strong>incarnatum</strong></span> <span class='ocrx_word' id='word_1_193' title='bbox 2729 1269 2895 1325; x_wconf 88' lang='lat' dir='ltr'><strong>esset,</strong></span> <span class='ocrx_word' id='word_1_194' title='bbox 2932 1262 3029 1314; x_wconf 87' lang='lat' dir='ltr'><strong>sed</strong></span> <span class='ocrx_word' id='word_1_195' title='bbox 3058 1272 3061 1277; x_wconf 74' lang='lat'><em>‘</em></span> <span class='ocrx_word' id='word_1_196' title='bbox 3086 1270 3213 1315; x_wconf 92' lang='lat' dir='ltr'><strong>tunc</strong></span> <span class='ocrx_word' id='word_1_197' title='bbox 3248 1262 3488 1325; x_wconf 80' lang='lat' dir='ltr'><strong>domum,</strong></span> 
     </span>
    </p>
   </div>
   <div class='ocr_carea' id='block_1_28' title="bbox 1918 1348 3489 1415">
    <p class='ocr_par' dir='ltr' id='par_1_28' title="bbox 1918 1348 3489 1415">
     <span class='ocr_line' id='line_1_28' title="bbox 1918 1348 3489 1415; baseline 0.002 -12"><span class='ocrx_word' id='word_1_198' title='bbox 1918 1363 2041 1403; x_wconf 90' lang='lat' dir='ltr'><strong>cum</strong></span> <span class='ocrx_word' id='word_1_199' title='bbox 2062 1364 2211 1403; x_wconf 89' lang='lat' dir='ltr'><strong>more</strong></span> <span class='ocrx_word' id='word_1_200' title='bbox 2245 1358 2428 1403; x_wconf 89' lang='lat' dir='ltr'><strong>nostro</strong></span> <span class='ocrx_word' id='word_1_201' title='bbox 2474 1348 2675 1404; x_wconf 80' lang='lat' dir='ltr'><strong>factum</strong></span> <span class='ocrx_word' id='word_1_202' title='bbox 2706 1351 2887 1415; x_wconf 89' lang='lat' dir='ltr'><strong>homo,</strong></span> <span class='ocrx_word' id='word_1_203' title='bbox 2913 1352 3208 1405; x_wconf 90' lang='lat' dir='ltr'><strong>secundum</strong></span> <span class='ocrx_word' id='word_1_204' title='bbox 3240 1360 3489 1407; x_wconf 89' lang='lat' dir='ltr'><strong>naturam</strong></span> 
     </span>
    </p>
   </div>
   <div class='ocr_carea' id='block_1_29' title="bbox 1920 1441 3493 1509">
    <p class='ocr_par' dir='ltr' id='par_1_29' title="bbox 1920 1441 3493 1509">
     <span class='ocr_line' id='line_1_29' title="bbox 1920 1441 3493 1509; baseline 0.001 -14"><span class='ocrx_word' id='word_1_205' title='bbox 1920 1441 2211 1495; x_wconf 87' lang='lat' dir='ltr'><strong>humanam</strong></span> <span class='ocrx_word' id='word_1_206' title='bbox 2255 1441 2530 1496; x_wconf 87' lang='lat' dir='ltr'><strong>inunctum</strong></span> <span class='ocrx_word' id='word_1_207' title='bbox 2583 1450 2669 1497; x_wconf 87' lang='lat' dir='ltr'><strong>est</strong></span> <span class='ocrx_word' id='word_1_208' title='bbox 2702 1459 2715 1495; x_wconf 92' lang='lat'><strong>:</strong></span> <span class='ocrx_word' id='word_1_209' title='bbox 2750 1443 3110 1509; x_wconf 88' lang='lat' dir='ltr'><strong>Quamobrem</strong></span> <span class='ocrx_word' id='word_1_210' title='bbox 3157 1459 3352 1497; x_wconf 88' lang='lat' dir='ltr'><strong>nomen</strong></span> <span class='ocrx_word' id='word_1_211' title='bbox 3390 1444 3493 1497; x_wconf 89' lang='lat' dir='ltr'><strong>hoc</strong></span> 
     </span>
    </p>
   </div>
   <div class='ocr_carea' id='block_1_30' title="bbox 1918 1532 3488 1605">
    <p class='ocr_par' dir='ltr' id='par_1_30' title="bbox 1918 1532 3488 1605">
     <span class='ocr_line' id='line_1_30' title="bbox 1918 1532 3488 1605; baseline 0.001 -17"><span class='ocrx_word' id='word_1_212' title='bbox 1918 1532 2180 1599; x_wconf 76' lang='lat' dir='ltr'><strong>Christus,</strong></span> <span class='ocrx_word' id='word_1_213' title='bbox 2205 1534 2344 1588; x_wconf 92' lang='lat' dir='ltr'><strong>nulla</strong></span> <span class='ocrx_word' id='word_1_214' title='bbox 2408 1536 2618 1590; x_wconf 87' lang='lat' dir='ltr'><strong>ratione</strong></span> <span class='ocrx_word' id='word_1_215' title='bbox 2645 1537 2796 1605; x_wconf 87' lang='lat' dir='ltr'><strong>prius</strong></span> <span class='ocrx_word' id='word_1_216' title='bbox 2827 1535 2880 1588; x_wconf 91' lang='lat' dir='ltr'><strong>in</strong></span> <span class='ocrx_word' id='word_1_217' title='bbox 2917 1535 3009 1591; x_wconf 88' lang='lat' dir='ltr'><strong>Dei</strong></span> <span class='ocrx_word' id='word_1_218' title='bbox 3045 1536 3223 1590; x_wconf 83' lang='lat' dir='ltr'><strong>Patris</strong></span> <span class='ocrx_word' id='word_1_219' title='bbox 3260 1534 3488 1591; x_wconf 83' lang='lat' dir='ltr'><strong>Verbum</strong></span> 
     </span>
    </p>
   </div>
   <div class='ocr_carea' id='block_1_31' title="bbox 1916 1625 3489 1696">
    <p class='ocr_par' dir='ltr' id='par_1_31' title="bbox 1916 1625 3489 1696">
     <span class='ocr_line' id='line_1_31' title="bbox 1916 1625 3489 1696; baseline 0.001 -17"><span class='ocrx_word' id='word_1_220' title='bbox 1916 1625 2288 1688; x_wconf 86' lang='lat' dir='ltr'><strong>conveniebat,</strong></span> <span class='ocrx_word' id='word_1_221' title='bbox 2327 1642 2485 1695; x_wconf 90' lang='lat' dir='ltr'><strong>quam</strong></span> <span class='ocrx_word' id='word_1_222' title='bbox 2522 1627 2757 1681; x_wconf 89' lang='lat' dir='ltr'><strong>humano</strong></span> <span class='ocrx_word' id='word_1_223' title='bbox 2785 1641 2933 1680; x_wconf 91' lang='lat' dir='ltr'><strong>more</strong></span> <span class='ocrx_word' id='word_1_224' title='bbox 2958 1636 3121 1696; x_wconf 92' lang='lat' dir='ltr'><strong>atque</strong></span> <span class='ocrx_word' id='word_1_225' title='bbox 3150 1627 3308 1682; x_wconf 92' lang='lat' dir='ltr'><strong>modo</strong></span> <span class='ocrx_word' id='word_1_226' title='bbox 3338 1628 3489 1696; x_wconf 88' lang='lat' dir='ltr'><strong>geni-</strong></span> 
     </span>
    </p>
   </div>
   <div class='ocr_carea' id='block_1_32' title="bbox 1919 1717 3489 1782">
    <p class='ocr_par' dir='ltr' id='par_1_32' title="bbox 1919 1717 3489 1782">
     <span class='ocr_line' id='line_1_32' title="bbox 1919 1717 3489 1782; baseline 0.001 -12"><span class='ocrx_word' id='word_1_227' title='bbox 1919 1727 2028 1771; x_wconf 91' lang='lat' dir='ltr'><strong>tum</strong></span> <span class='ocrx_word' id='word_1_228' title='bbox 2057 1727 2221 1772; x_wconf 85' lang='lat' dir='ltr'><strong>esset.</strong></span> <span class='ocrx_word' id='word_1_229' title='bbox 2254 1717 2405 1782; x_wconf 85' lang='lat' dir='ltr'><strong>Quod</strong></span> <span class='ocrx_word' id='word_1_230' title='bbox 2429 1718 2474 1772; x_wconf 87' lang='lat' dir='ltr'><strong>si</strong></span> <span class='ocrx_word' id='word_1_231' title='bbox 2511 1718 2755 1773; x_wconf 89' lang='lat' dir='ltr'><strong>absolute</strong></span> <span class='ocrx_word' id='word_1_232' title='bbox 2794 1718 2989 1772; x_wconf 86' lang='lat' dir='ltr'><strong>alicubi</strong></span> <span class='ocrx_word' id='word_1_233' title='bbox 3032 1718 3281 1773; x_wconf 85' lang='lat' dir='ltr'><strong>Christus</strong></span> <span class='ocrx_word' id='word_1_234' title='bbox 3313 1719 3489 1773; x_wconf 92' lang='lat' dir='ltr'><strong>nomi-</strong></span> 
     </span>
    </p>
   </div>
   <div class='ocr_carea' id='block_1_33' title="bbox 1919 1809 3486 1879">
    <p class='ocr_par' dir='ltr' id='par_1_33' title="bbox 1919 1809 3486 1879">
     <span class='ocr_line' id='line_1_33' title="bbox 1919 1809 3486 1879; baseline 0.002 -17"><span class='ocrx_word' id='word_1_235' title='bbox 1919 1820 2096 1875; x_wconf 86' lang='lat' dir='ltr'><strong>natur,</strong></span> <span class='ocrx_word' id='word_1_236' title='bbox 2116 1824 2239 1865; x_wconf 82' lang='lat' dir='ltr'><strong>mox</strong></span> <span class='ocrx_word' id='word_1_237' title='bbox 2260 1810 2385 1863; x_wconf 90' lang='lat' dir='ltr'><strong>illud</strong></span> <span class='ocrx_word' id='word_1_238' title='bbox 2403 1810 2741 1865; x_wconf 92' lang='lat' dir='ltr'><strong>incarnatum</strong></span> <span class='ocrx_word' id='word_1_239' title='bbox 2761 1809 3030 1879; x_wconf 81' lang='lat' dir='ltr'><strong>intelligas</strong></span> <span class='ocrx_word' id='word_1_240' title='bbox 3054 1826 3069 1868; x_wconf 88' lang='lat'><strong>:</strong></span> <span class='ocrx_word' id='word_1_241' title='bbox 3093 1822 3145 1865; x_wconf 87' lang='lat' dir='ltr'><strong>et</strong></span> <span class='ocrx_word' id='word_1_242' title='bbox 3170 1812 3219 1866; x_wconf 89' lang='lat' dir='ltr'><strong>si</strong></span> <span class='ocrx_word' id='word_1_243' title='bbox 3250 1810 3486 1866; x_wconf 83' lang='lat' dir='ltr'><strong>Verbum</strong></span> 
     </span>
    </p>
   </div>
   <div class='ocr_carea' id='block_1_34' title="bbox 250 1895 1812 1976">
    <p class='ocr_par' dir='ltr' id='par_1_34' title="bbox 250 1897 1810 1976">
     <span class='ocr_line' id='line_1_34' title="bbox 250 1897 1810 1976; baseline 0.006 -26"><span class='ocrx_word' id='word_1_244' title='bbox 250 1897 485 1968; x_wconf 81' lang='grc' dir='ltr'>κάκείνῳ</span> <span class='ocrx_word' id='word_1_245' title='bbox 516 1899 747 1967; x_wconf 86' lang='grc' dir='ltr'>πρέπειν</span> <span class='ocrx_word' id='word_1_246' title='bbox 774 1902 980 1957; x_wconf 81' lang='grc' dir='ltr'>οἴεσθαι</span> <span class='ocrx_word' id='word_1_247' title='bbox 1006 1908 1106 1973; x_wconf 81' lang='grc' dir='ltr'>τὴν</span> <span class='ocrx_word' id='word_1_248' title='bbox 1139 1905 1342 1976; x_wconf 78' lang='grc' dir='ltr'>φωνὴν,</span> <span class='ocrx_word' id='word_1_249' title='bbox 1386 1905 1645 1958; x_wconf 83' lang='grc' dir='ltr'>ἀσύνετον</span> <span class='ocrx_word' id='word_1_250' title='bbox 1674 1923 1810 1959; x_wconf 92' lang='grc' dir='ltr'>παν-</span> 
     </span>
    </p>
   </div>
   <div class='ocr_carea' id='block_1_35' title="bbox 1917 1895 3489 1976">
    <p class='ocr_par' dir='ltr' id='par_1_35' title="bbox 1917 1898 3489 1970">
     <span class='ocr_line' id='line_1_35' title="bbox 1917 1898 3489 1970; baseline 0.004 -20"><span class='ocrx_word' id='word_1_251' title='bbox 1917 1898 2103 1951; x_wconf 84' lang='lat' dir='ltr'><strong>audias</strong></span> <span class='ocrx_word' id='word_1_252' title='bbox 2129 1909 2342 1967; x_wconf 89' lang='lat' dir='ltr'><strong>peracta</strong></span> <span class='ocrx_word' id='word_1_253' title='bbox 2373 1899 2483 1968; x_wconf 85' lang='lat' dir='ltr'><strong>jam</strong></span> <span class='ocrx_word' id='word_1_254' title='bbox 2514 1899 2909 1964; x_wconf 88' lang='lat' dir='ltr'><strong>incarnatione,</strong></span> <span class='ocrx_word' id='word_1_255' title='bbox 2940 1902 3104 1956; x_wconf 71' lang='lat' dir='ltr'><strong>unita:</strong></span> <span class='ocrx_word' id='word_1_256' title='bbox 3160 1901 3258 1970; x_wconf 92' lang='lat' dir='ltr'><strong>ipsi</strong></span> <span class='ocrx_word' id='word_1_257' title='bbox 3304 1902 3489 1958; x_wconf 81' lang='lat' dir='ltr'><strong>carnis</strong></span> 
     </span>
    </p>
   </div>
   <div class='ocr_carea' id='block_1_36' title="bbox 248 1988 1810 2067">
    <p class='ocr_par' dir='ltr' id='par_1_36' title="bbox 248 1988 1810 2067">
     <span class='ocr_line' id='line_1_36' title="bbox 248 1988 1810 2067; baseline 0.003 -23"><span class='ocrx_word' id='word_1_258' title='bbox 248 1988 436 2056; x_wconf 82' lang='grc' dir='ltr'>τελῶς,</span> <span class='ocrx_word' id='word_1_259' title='bbox 477 1989 674 2061; x_wconf 78' lang='grc' dir='ltr'>μᾶλλον</span> <span class='ocrx_word' id='word_1_260' title='bbox 703 1993 767 2064; x_wconf 80' lang='grc' dir='ltr'>δὴ</span> <span class='ocrx_word' id='word_1_261' title='bbox 788 1994 814 2033; x_wconf 74' lang='grc' dir='ltr'><strong>ι)</strong></span> <span class='ocrx_word' id='word_1_262' title='bbox 842 1995 937 2047; x_wconf 73' lang='grc' dir='ltr'><strong>καὶ</strong></span> <span class='ocrx_word' id='word_1_263' title='bbox 958 1995 1170 2048; x_wconf 89' lang='grc' dir='ltr'>ἀνόσιον</span> <span class='ocrx_word' id='word_1_264' title='bbox 1200 1994 1233 2067; x_wconf 82' lang='grc' dir='ltr'><strong>ἢ</strong></span> <span class='ocrx_word' id='word_1_265' title='bbox 1260 1998 1494 2066; x_wconf 81' lang='grc' dir='ltr'>φρονεῖν,</span> <span class='ocrx_word' id='word_1_266' title='bbox 1544 1996 1578 2067; x_wconf 78' lang='grc' dir='ltr'><strong>ἢ</strong></span> <span class='ocrx_word' id='word_1_267' title='bbox 1610 1995 1810 2065; x_wconf 84' lang='grc' dir='ltr'>λέγειν.</span> 
     </span>
    </p>
   </div>
   <div class='ocr_carea' id='block_1_37' title="bbox 250 2077 1809 2157">
    <p class='ocr_par' dir='ltr' id='par_1_37' title="bbox 250 2077 1809 2157">
     <span class='ocr_line' id='line_1_37' title="bbox 250 2077 1809 2157; baseline 0.003 -23"><span class='ocrx_word' id='word_1_268' title='bbox 250 2077 345 2146; x_wconf 78' lang='grc' dir='ltr'><strong>Εἷς</strong></span> <span class='ocrx_word' id='word_1_269' title='bbox 373 2082 482 2154; x_wconf 85' lang='grc' dir='ltr'>γὰρ</span> <span class='ocrx_word' id='word_1_270' title='bbox 507 2082 715 2153; x_wconf 83' lang='grc' dir='ltr'>Κύριος</span> <span class='ocrx_word' id='word_1_271' title='bbox 754 2083 957 2153; x_wconf 81' lang='grc' dir='ltr'>Ἰησοῦς</span> <span class='ocrx_word' id='word_1_272' title='bbox 979 2086 1232 2155; x_wconf 79' lang='grc' dir='ltr'>Χριστὸς,</span> <span class='ocrx_word' id='word_1_273' title='bbox 1258 2087 1350 2139; x_wconf 78' lang='grc' dir='ltr'><strong>καὶ</strong></span> <span class='ocrx_word' id='word_1_274' title='bbox 1375 2087 1433 2138; x_wconf 83' lang='grc' dir='ltr'><strong>ού</strong></span> <span class='ocrx_word' id='word_1_275' title='bbox 1462 2086 1809 2157; x_wconf 83' lang='grc' dir='ltr'>μεμέρισται,</span> 
     </span>
    </p>
   </div>
   <div class='ocr_carea' id='block_1_38' title="bbox 252 2172 1813 2248">
    <p class='ocr_par' dir='ltr' id='par_1_38' title="bbox 252 2172 1813 2248">
     <span class='ocr_line' id='line_1_38' title="bbox 252 2172 1813 2248; baseline 0.003 -23"><span class='ocrx_word' id='word_1_276' title='bbox 252 2172 393 2225; x_wconf 81' lang='grc' dir='ltr'><strong>καθὰ</strong></span> <span class='ocrx_word' id='word_1_277' title='bbox 421 2176 513 2225; x_wconf 78' lang='grc' dir='ltr'><strong>καὶ</strong></span> <span class='ocrx_word' id='word_1_278' title='bbox 535 2173 695 2236; x_wconf 80' lang='grc' dir='ltr'>αὐτὸς</span> <span class='ocrx_word' id='word_1_279' title='bbox 725 2175 753 2227; x_wconf 95' lang='lat'><strong>6</strong></span> <span class='ocrx_word' id='word_1_280' title='bbox 778 2173 1086 2242; x_wconf 81' lang='grc' dir='ltr'>σοφώτατος</span> <span class='ocrx_word' id='word_1_281' title='bbox 1115 2176 1389 2242; x_wconf 86' lang='grc' dir='ltr'>Παῦλος,ό</span> <span class='ocrx_word' id='word_1_282' title='bbox 1418 2177 1653 2248; x_wconf 81' lang='grc' dir='ltr'>Χριστὸν</span> <span class='ocrx_word' id='word_1_283' title='bbox 1677 2177 1813 2247; x_wconf 73' lang='grc' dir='ltr'>ἔχων</span> 
     </span>
    </p>
   </div>
   <div class='ocr_carea' id='block_1_39' title="bbox 249 2263 1814 2339">
    <p class='ocr_par' dir='ltr' id='par_1_39' title="bbox 249 2263 1814 2339">
     <span class='ocr_line' id='line_1_39' title="bbox 249 2263 1814 2339; baseline 0.003 -24"><span class='ocrx_word' id='word_1_284' title='bbox 249 2263 305 2316; x_wconf 80' lang='grc' dir='ltr'>ὲν</span> <span class='ocrx_word' id='word_1_285' title='bbox 330 2263 529 2334; x_wconf 76' lang='grc' dir='ltr'>ἐαυτῷ,</span> <span class='ocrx_word' id='word_1_286' title='bbox 554 2264 616 2317; x_wconf 84' lang='grc' dir='ltr'>τὸ</span> <span class='ocrx_word' id='word_1_287' title='bbox 654 2264 797 2318; x_wconf 85' lang='grc' dir='ltr'>θεῖον</span> <span class='ocrx_word' id='word_1_288' title='bbox 832 2266 981 2336; x_wconf 87' lang='grc' dir='ltr'><strong>αὺτῷ</strong></span> <span class='ocrx_word' id='word_1_289' title='bbox 1007 2267 1270 2321; x_wconf 82' lang='grc' dir='ltr'>λαλοῦντα</span> <span class='ocrx_word' id='word_1_290' title='bbox 1300 2269 1618 2339; x_wconf 85' lang='grc' dir='ltr'>μυστήριον.</span> <span class='ocrx_word' id='word_1_291' title='bbox 1640 2271 1814 2339; x_wconf 90' lang='grc' dir='ltr'>Προσ-</span> 
     </span>
    </p>
   </div>
   <div class='ocr_carea' id='block_1_40' title="bbox 256 2353 1813 2429">
    <p class='ocr_par' dir='ltr' id='par_1_40' title="bbox 256 2353 1813 2429">
     <span class='ocr_line' id='line_1_40' title="bbox 256 2353 1813 2429; baseline 0.003 -22"><span class='ocrx_word' id='word_1_292' title='bbox 256 2353 511 2409; x_wconf 86' lang='grc' dir='ltr'>ϐαλοῦσαι</span> <span class='ocrx_word' id='word_1_293' title='bbox 542 2356 597 2408; x_wconf 86' lang='grc' dir='ltr'>δὲ</span> <span class='ocrx_word' id='word_1_294' title='bbox 624 2360 733 2418; x_wconf 85' lang='grc' dir='ltr'>τοῖς</span> <span class='ocrx_word' id='word_1_295' title='bbox 769 2358 960 2427; x_wconf 78' lang='grc' dir='ltr'>ἐφεξῆς</span> <span class='ocrx_word' id='word_1_296' title='bbox 992 2358 1301 2427; x_wconf 84' lang='grc' dir='ltr'>κεφαλαίοις</span> <span class='ocrx_word' id='word_1_297' title='bbox 1326 2399 1341 2423; x_wconf 86' lang='grc'><strong>,</strong></span> <span class='ocrx_word' id='word_1_298' title='bbox 1376 2359 1509 2429; x_wconf 82' lang='grc' dir='ltr'><strong>εὺθῆ</strong></span> <span class='ocrx_word' id='word_1_299' title='bbox 1560 2359 1654 2413; x_wconf 76' lang='grc' dir='ltr'><strong>καὶ</strong></span> <span class='ocrx_word' id='word_1_300' title='bbox 1705 2361 1813 2412; x_wconf 82' lang='grc' dir='ltr'>ἀπ-</span> 
     </span>
    </p>
   </div>
   <div class='ocr_carea' id='block_1_41' title="bbox 249 2445 1809 2522">
    <p class='ocr_par' dir='ltr' id='par_1_41' title="bbox 249 2445 1809 2522">
     <span class='ocr_line' id='line_1_41' title="bbox 249 2445 1809 2522; baseline 0.004 -25"><span class='ocrx_word' id='word_1_301' title='bbox 249 2445 534 2516; x_wconf 83' lang='grc' dir='ltr'>εξεσμένον</span> <span class='ocrx_word' id='word_1_302' title='bbox 581 2449 657 2510; x_wconf 83' lang='grc' dir='ltr'><strong>εἰς</strong></span> <span class='ocrx_word' id='word_1_303' title='bbox 703 2447 958 2518; x_wconf 81' lang='grc' dir='ltr'>ἀλήθειαν</span> <span class='ocrx_word' id='word_1_304' title='bbox 1014 2450 1105 2503; x_wconf 86' lang='grc' dir='ltr'>τὸν</span> <span class='ocrx_word' id='word_1_305' title='bbox 1147 2451 1278 2519; x_wconf 79' lang='grc' dir='ltr'>ἐμὸν</span> <span class='ocrx_word' id='word_1_306' title='bbox 1328 2452 1589 2522; x_wconf 81' lang='grc' dir='ltr'>εὑρήσετε</span> <span class='ocrx_word' id='word_1_307' title='bbox 1633 2451 1809 2519; x_wconf 91' lang='grc' dir='ltr'>λόγον.</span> 
     </span>
    </p>
   </div>
   <div class='ocr_carea' id='block_1_42' title="bbox 248 2533 1811 2610">
    <p class='ocr_par' dir='ltr' id='par_1_42' title="bbox 248 2533 1811 2610">
     <span class='ocr_line' id='line_1_42' title="bbox 248 2533 1811 2610; baseline 0.003 -22"><span class='ocrx_word' id='word_1_308' title='bbox 248 2536 833 2608; x_wconf 83' lang='grc' dir='ltr'>Προδιαμαρτύρασθαι</span> <span class='ocrx_word' id='word_1_309' title='bbox 874 2538 928 2591; x_wconf 84' lang='grc' dir='ltr'>δὲ</span> <span class='ocrx_word' id='word_1_310' title='bbox 956 2533 1109 2609; x_wconf 77' lang='grc' dir='ltr'>οἶμαι</span> <span class='ocrx_word' id='word_1_311' title='bbox 1148 2541 1369 2594; x_wconf 83' lang='grc' dir='ltr'>κάκεῖνο</span> <span class='ocrx_word' id='word_1_312' title='bbox 1399 2540 1559 2592; x_wconf 82' lang='grc' dir='ltr'>καλόν</span> <span class='ocrx_word' id='word_1_313' title='bbox 1580 2557 1594 2571; x_wconf 74' lang='grc' dir='ltr'><strong>ο</strong></span> <span class='ocrx_word' id='word_1_314' title='bbox 1626 2539 1811 2610; x_wconf 81' lang='grc' dir='ltr'>ὥσπερ</span> 
     </span>
    </p>
   </div>
   <div class='ocr_carea' id='block_1_43' title="bbox 248 2628 1812 2702">
    <p class='ocr_par' dir='ltr' id='par_1_43' title="bbox 248 2628 1812 2702">
     <span class='ocr_line' id='line_1_43' title="bbox 248 2628 1812 2702; baseline 0.003 -23"><span class='ocrx_word' id='word_1_315' title='bbox 248 2629 358 2699; x_wconf 67' lang='grc' dir='ltr'>γάρ</span> <span class='ocrx_word' id='word_1_316' title='bbox 388 2628 536 2681; x_wconf 77' lang='grc' dir='ltr'>ἐστιν</span> <span class='ocrx_word' id='word_1_317' title='bbox 567 2630 623 2681; x_wconf 85' lang='grc' dir='ltr'><strong>έν</strong></span> <span class='ocrx_word' id='word_1_318' title='bbox 655 2628 866 2699; x_wconf 87' lang='grc' dir='ltr'>θεότητι</span> <span class='ocrx_word' id='word_1_319' title='bbox 888 2630 1090 2696; x_wconf 82' lang='grc' dir='ltr'>τέλειος</span> <span class='ocrx_word' id='word_1_320' title='bbox 1124 2633 1152 2685; x_wconf 97' lang='lat'><strong>6</strong></span> <span class='ocrx_word' id='word_1_321' title='bbox 1195 2632 1260 2685; x_wconf 82' lang='grc' dir='ltr'><strong>ὲκ</strong></span> <span class='ocrx_word' id='word_1_322' title='bbox 1286 2631 1419 2685; x_wconf 87' lang='grc' dir='ltr'>Θεοῦ</span> <span class='ocrx_word' id='word_1_323' title='bbox 1460 2632 1669 2702; x_wconf 79' lang='grc' dir='ltr'>Πατρδς</span> <span class='ocrx_word' id='word_1_324' title='bbox 1707 2631 1812 2684; x_wconf 91' lang='grc' dir='ltr'>Λό-</span> 
     </span>
    </p>
   </div>
   <div class='ocr_carea' id='block_1_44' title="bbox 247 2719 1812 2793">
    <p class='ocr_par' dir='ltr' id='par_1_44' title="bbox 247 2719 1812 2793">
     <span class='ocr_line' id='line_1_44' title="bbox 247 2719 1812 2793; baseline 0.001 -21"><span class='ocrx_word' id='word_1_325' title='bbox 247 2736 360 2787; x_wconf 81' lang='grc' dir='ltr'>γος,</span> <span class='ocrx_word' id='word_1_326' title='bbox 391 2719 534 2773; x_wconf 76' lang='grc' dir='ltr'>οὕτω</span> <span class='ocrx_word' id='word_1_327' title='bbox 562 2720 655 2773; x_wconf 75' lang='grc' dir='ltr'><strong>καὶ</strong></span> <span class='ocrx_word' id='word_1_328' title='bbox 685 2722 743 2773; x_wconf 85' lang='grc' dir='ltr'>ὲν</span> <span class='ocrx_word' id='word_1_329' title='bbox 768 2721 1145 2793; x_wconf 87' lang='grc' dir='ltr'>ἀνθρωπότητι</span> <span class='ocrx_word' id='word_1_330' title='bbox 1175 2721 1379 2786; x_wconf 89' lang='grc' dir='ltr'>τέλειος</span> <span class='ocrx_word' id='word_1_331' title='bbox 1399 2763 1413 2785; x_wconf 91' lang='grc'><strong>,</strong></span> <span class='ocrx_word' id='word_1_332' title='bbox 1449 2722 1591 2776; x_wconf 87' lang='grc' dir='ltr'>κατά</span> <span class='ocrx_word' id='word_1_333' title='bbox 1622 2740 1683 2790; x_wconf 87' lang='grc' dir='ltr'><strong>γε</strong></span> <span class='ocrx_word' id='word_1_334' title='bbox 1724 2722 1812 2774; x_wconf 82' lang='grc' dir='ltr'>τὸν</span> 
     </span>
    </p>
   </div>
   <div class='ocr_carea' id='block_1_45' title="bbox 245 2812 1810 2885">
    <p class='ocr_par' dir='ltr' id='par_1_45' title="bbox 245 2812 1810 2885">
     <span class='ocr_line' id='line_1_45' title="bbox 245 2812 1810 2885; baseline 0.001 -20"><span class='ocrx_word' id='word_1_335' title='bbox 245 2812 342 2882; x_wconf 79' lang='grc' dir='ltr'>τῆς</span> <span class='ocrx_word' id='word_1_336' title='bbox 376 2813 789 2884; x_wconf 84' lang='grc' dir='ltr'>ἀνθρωπότητος</span> <span class='ocrx_word' id='word_1_337' title='bbox 818 2814 973 2883; x_wconf 89' lang='grc' dir='ltr'>λόγον</span> <span class='ocrx_word' id='word_1_338' title='bbox 993 2831 1008 2845; x_wconf 86' lang='grc'><strong>·</strong></span> <span class='ocrx_word' id='word_1_339' title='bbox 1060 2816 1158 2869; x_wconf 79' lang='grc' dir='ltr'>οὐκ</span> <span class='ocrx_word' id='word_1_340' title='bbox 1187 2816 1391 2885; x_wconf 68' lang='grc' dir='ltr'>ἄψυχον</span> <span class='ocrx_word' id='word_1_341' title='bbox 1426 2816 1585 2885; x_wconf 82' lang='grc' dir='ltr'>σῶμα</span> <span class='ocrx_word' id='word_1_342' title='bbox 1612 2814 1810 2877; x_wconf 85' lang='grc' dir='ltr'>λαϐὼν,</span> 
     </span>
    </p>
   </div>
   <div class='ocr_carea' id='block_1_46' title="bbox 248 2904 1813 2977">
    <p class='ocr_par' dir='ltr' id='par_1_46' title="bbox 248 2904 1813 2977">
     <span class='ocr_line' id='line_1_46' title="bbox 248 2904 1813 2977; baseline 0.001 -21"><span class='ocrx_word' id='word_1_343' title='bbox 248 2904 595 2975; x_wconf 79' lang='grc' dir='ltr'>ὲψυχωμένον</span> <span class='ocrx_word' id='word_1_344' title='bbox 614 2917 637 2945; x_wconf 72' lang='grc' dir='ltr'><strong>ο</strong></span> <span class='ocrx_word' id='word_1_345' title='bbox 661 2906 719 2959; x_wconf 79' lang='grc' dir='ltr'>δὲ</span> <span class='ocrx_word' id='word_1_346' title='bbox 756 2906 952 2976; x_wconf 82' lang='grc' dir='ltr'>μᾶλλον</span> <span class='ocrx_word' id='word_1_347' title='bbox 980 2906 1126 2977; x_wconf 75' lang='grc' dir='ltr'>ψυχῇ</span> <span class='ocrx_word' id='word_1_348' title='bbox 1158 2906 1370 2977; x_wconf 83' lang='grc' dir='ltr'>λογικῇ.</span> <span class='ocrx_word' id='word_1_349' title='bbox 1388 2907 1444 2958; x_wconf 84' lang='grc' dir='ltr'>Ὀ</span> <span class='ocrx_word' id='word_1_350' title='bbox 1469 2906 1524 2958; x_wconf 84' lang='grc' dir='ltr'>δὲ</span> <span class='ocrx_word' id='word_1_351' title='bbox 1551 2906 1682 2967; x_wconf 75' lang='grc' dir='ltr'>Θεὸς</span> <span class='ocrx_word' id='word_1_352' title='bbox 1705 2904 1813 2957; x_wconf 84' lang='grc' dir='ltr'><strong>τῶν</strong></span> 
     </span>
    </p>
   </div>
   <div class='ocr_carea' id='block_1_47' title="bbox 246 2995 1813 3071">
    <p class='ocr_par' dir='ltr' id='par_1_47' title="bbox 246 2995 1813 3071">
     <span class='ocr_line' id='line_1_47' title="bbox 246 2995 1813 3071; baseline 0.002 -23"><span class='ocrx_word' id='word_1_353' title='bbox 246 2995 403 3057; x_wconf 78' lang='grc' dir='ltr'>ὅλων,</span> <span class='ocrx_word' id='word_1_354' title='bbox 428 2998 455 3049; x_wconf 90' lang='lat'><strong>6</strong></span> <span class='ocrx_word' id='word_1_355' title='bbox 480 2999 591 3060; x_wconf 82' lang='grc' dir='ltr'>τοῖς</span> <span class='ocrx_word' id='word_1_356' title='bbox 619 2998 906 3065; x_wconf 82' lang='grc' dir='ltr'>ἀγαπῶσιν</span> <span class='ocrx_word' id='word_1_357' title='bbox 929 3000 1091 3052; x_wconf 80' lang='grc' dir='ltr'>αὐτὸν</span> <span class='ocrx_word' id='word_1_358' title='bbox 1112 3000 1180 3052; x_wconf 83' lang='grc' dir='ltr'><strong>τὰ</strong></span> <span class='ocrx_word' id='word_1_359' title='bbox 1209 3000 1268 3064; x_wconf 77' lang='grc' dir='ltr'>ἐξ</span> <span class='ocrx_word' id='word_1_360' title='bbox 1291 2999 1520 3071; x_wconf 85' lang='grc' dir='ltr'>οὐρανοῦ</span> <span class='ocrx_word' id='word_1_361' title='bbox 1544 2998 1813 3067; x_wconf 81' lang='grc' dir='ltr'>διανέμων</span> 
     </span>
    </p>
   </div>
   <div class='ocr_carea' id='block_1_48' title="bbox 247 3088 1811 3163">
    <p class='ocr_par' dir='ltr' id='par_1_48' title="bbox 247 3088 1811 3163">
     <span class='ocr_line' id='line_1_48' title="bbox 247 3088 1811 3163; baseline 0 -21"><span class='ocrx_word' id='word_1_362' title='bbox 247 3088 425 3155; x_wconf 82' lang='grc' dir='ltr'>ἀγαθὰ</span> <span class='ocrx_word' id='word_1_363' title='bbox 448 3130 462 3147; x_wconf 85' lang='grc'><strong>.</strong></span> <span class='ocrx_word' id='word_1_364' title='bbox 495 3091 593 3154; x_wconf 84' lang='grc' dir='ltr'>τὰς</span> <span class='ocrx_word' id='word_1_365' title='bbox 637 3091 785 3153; x_wconf 86' lang='grc' dir='ltr'>ὁσίας</span> <span class='ocrx_word' id='word_1_366' title='bbox 814 3092 966 3161; x_wconf 85' lang='grc' dir='ltr'>ὑμῶν</span> <span class='ocrx_word' id='word_1_367' title='bbox 1010 3093 1290 3163; x_wconf 80' lang='grc' dir='ltr'>ὲμπλήσαι</span> <span class='ocrx_word' id='word_1_368' title='bbox 1320 3091 1496 3161; x_wconf 73' lang='grc' dir='ltr'>ψυχὰς</span> <span class='ocrx_word' id='word_1_369' title='bbox 1524 3093 1638 3153; x_wconf 84' lang='grc' dir='ltr'>τοῖς</span> <span class='ocrx_word' id='word_1_370' title='bbox 1682 3090 1811 3160; x_wconf 82' lang='grc' dir='ltr'>παρ’</span> 
     </span>
    </p>
   </div>
   <div class='ocr_carea' id='block_1_49' title="bbox 1917 1990 3488 2048">
    <p class='ocr_par' dir='ltr' id='par_1_49' title="bbox 1917 1990 3488 2048">
     <span class='ocr_line' id='line_1_49' title="bbox 1917 1990 3488 2048; baseline 0.005 -8"><span class='ocrx_word' id='word_1_371' title='bbox 1917 2005 2021 2043; x_wconf 93' lang='lat' dir='ltr'><strong>non</strong></span> <span class='ocrx_word' id='word_1_372' title='bbox 2046 1990 2401 2044; x_wconf 85' lang='lat' dir='ltr'><strong>obliviscaris.</strong></span> <span class='ocrx_word' id='word_1_373' title='bbox 2438 1990 2610 2044; x_wconf 89' lang='lat' dir='ltr'><strong>Porro</strong></span> <span class='ocrx_word' id='word_1_374' title='bbox 2640 2000 2818 2045; x_wconf 86' lang='lat' dir='ltr'><strong>autem</strong></span> <span class='ocrx_word' id='word_1_375' title='bbox 2848 1992 3099 2046; x_wconf 89' lang='lat' dir='ltr'><strong>arbitrari</strong></span> <span class='ocrx_word' id='word_1_376' title='bbox 3132 2007 3315 2048; x_wconf 84' lang='lat' dir='ltr'><strong>vocem</strong></span> <span class='ocrx_word' id='word_1_377' title='bbox 3346 1993 3488 2048; x_wconf 89' lang='lat' dir='ltr'><strong>hanc</strong></span> 
     </span>
    </p>
   </div>
   <div class='ocr_carea' id='block_1_50' title="bbox 1915 2079 3487 2147">
    <p class='ocr_par' dir='ltr' id='par_1_50' title="bbox 1915 2079 3487 2147">
     <span class='ocr_line' id='line_1_50' title="bbox 1915 2079 3487 2147; baseline 0.002 -13"><span class='ocrx_word' id='word_1_378' title='bbox 1915 2079 2153 2134; x_wconf 73' lang='lat' dir='ltr'><strong>Christus</strong></span> <span class='ocrx_word' id='word_1_379' title='bbox 2177 2080 2579 2147; x_wconf 90' lang='lat' dir='ltr'><strong>seorsim-huic,</strong></span> <span class='ocrx_word' id='word_1_380' title='bbox 2613 2089 2664 2135; x_wconf 91' lang='lat' dir='ltr'><strong>et</strong></span> <span class='ocrx_word' id='word_1_381' title='bbox 2694 2081 2927 2135; x_wconf 89' lang='lat' dir='ltr'><strong>seorsim</strong></span> <span class='ocrx_word' id='word_1_382' title='bbox 2966 2096 3151 2136; x_wconf 90' lang='lat' dir='ltr'><strong>rursus</strong></span> <span class='ocrx_word' id='word_1_383' title='bbox 3180 2082 3253 2136; x_wconf 90' lang='lat' dir='ltr'><strong>illi</strong></span> <span class='ocrx_word' id='word_1_384' title='bbox 3290 2096 3487 2137; x_wconf 82' lang='lat' dir='ltr'><strong>conve-</strong></span> 
     </span>
    </p>
   </div>
   <div class='ocr_carea' id='block_1_51' title="bbox 1917 2172 3487 2241">
    <p class='ocr_par' dir='ltr' id='par_1_51' title="bbox 1917 2172 3487 2241">
     <span class='ocr_line' id='line_1_51' title="bbox 1917 2172 3487 2241; baseline 0.001 -16"><span class='ocrx_word' id='word_1_385' title='bbox 1917 2175 2051 2239; x_wconf 91' lang='lat' dir='ltr'><strong>nire,</strong></span> <span class='ocrx_word' id='word_1_386' title='bbox 2087 2173 2252 2236; x_wconf 85' lang='lat' dir='ltr'><strong>istud,</strong></span> <span class='ocrx_word' id='word_1_387' title='bbox 2298 2173 2538 2241; x_wconf 86' lang='lat' dir='ltr'><strong>inquam,</strong></span> <span class='ocrx_word' id='word_1_388' title='bbox 2575 2174 2778 2228; x_wconf 87' lang='lat' dir='ltr'><strong>sentire</strong></span> <span class='ocrx_word' id='word_1_389' title='bbox 2811 2172 2895 2228; x_wconf 85' lang='lat' dir='ltr'><strong>vel</strong></span> <span class='ocrx_word' id='word_1_390' title='bbox 2939 2174 3083 2241; x_wconf 94' lang='lat' dir='ltr'><strong>loqui</strong></span> <span class='ocrx_word' id='word_1_391' title='bbox 3133 2174 3354 2228; x_wconf 85' lang='lat' dir='ltr'><strong>stultum</strong></span> <span class='ocrx_word' id='word_1_392' title='bbox 3400 2182 3487 2228; x_wconf 89' lang='lat' dir='ltr'><strong>est</strong></span> 
     </span>
    </p>
   </div>
   <div class='ocr_carea' id='block_1_52' title="bbox 1914 2264 3485 2335">
    <p class='ocr_par' dir='ltr' id='par_1_52' title="bbox 1914 2264 3485 2335">
     <span class='ocr_line' id='line_1_52' title="bbox 1914 2264 3485 2335; baseline 0.003 -19"><span class='ocrx_word' id='word_1_393' title='bbox 1914 2264 2154 2329; x_wconf 87' lang='lat' dir='ltr'><strong>omnino,</strong></span> <span class='ocrx_word' id='word_1_394' title='bbox 2179 2265 2287 2318; x_wconf 90' lang='lat' dir='ltr'><strong>imo</strong></span> <span class='ocrx_word' id='word_1_395' title='bbox 2335 2279 2463 2318; x_wconf 87' lang='lat' dir='ltr'><strong>vero</strong></span> <span class='ocrx_word' id='word_1_396' title='bbox 2498 2264 2744 2334; x_wconf 90' lang='lat' dir='ltr'><strong>impiutn,</strong></span> <span class='ocrx_word' id='word_1_397' title='bbox 2783 2275 2840 2320; x_wconf 89' lang='lat' dir='ltr'><strong>et</strong></span> <span class='ocrx_word' id='word_1_398' title='bbox 2873 2267 3178 2335; x_wconf 83' lang='lat' dir='ltr'><strong>profanum.</strong></span> <span class='ocrx_word' id='word_1_399' title='bbox 3227 2264 3375 2321; x_wconf 86' lang='lat' dir='ltr'><strong>Unus</strong></span> <span class='ocrx_word' id='word_1_400' title='bbox 3399 2276 3485 2320; x_wconf 92' lang='lat' dir='ltr'><strong>est</strong></span> 
     </span>
    </p>
   </div>
   <div class='ocr_carea' id='block_1_53' title="bbox 1914 2354 3486 2426">
    <p class='ocr_par' dir='ltr' id='par_1_53' title="bbox 1914 2354 3486 2426">
     <span class='ocr_line' id='line_1_53' title="bbox 1914 2354 3486 2426; baseline 0.003 -17"><span class='ocrx_word' id='word_1_401' title='bbox 1914 2355 2055 2409; x_wconf 88' lang='lat' dir='ltr'><strong>enim</strong></span> <span class='ocrx_word' id='word_1_402' title='bbox 2096 2355 2352 2410; x_wconf 87' lang='lat' dir='ltr'><strong>Dominus</strong></span> <span class='ocrx_word' id='word_1_403' title='bbox 2397 2354 2557 2411; x_wconf 87' lang='lat' dir='ltr'><strong>Jesus</strong></span> <span class='ocrx_word' id='word_1_404' title='bbox 2593 2356 2869 2421; x_wconf 89' lang='lat' dir='ltr'><strong>Christus,</strong></span> <span class='ocrx_word' id='word_1_405' title='bbox 2919 2372 3024 2411; x_wconf 84' lang='lat' dir='ltr'><strong>nun</strong></span> <span class='ocrx_word' id='word_1_406' title='bbox 3057 2357 3280 2422; x_wconf 88' lang='lat' dir='ltr'><strong>divisus,</strong></span> <span class='ocrx_word' id='word_1_407' title='bbox 3310 2373 3486 2426; x_wconf 89' lang='lat' dir='ltr'><strong>neque</strong></span> 
     </span>
    </p>
   </div>
   <div class='ocr_carea' id='block_1_54' title="bbox 1915 2448 3486 2519">
    <p class='ocr_par' dir='ltr' id='par_1_54' title="bbox 1915 2448 3486 2519">
     <span class='ocr_line' id='line_1_54' title="bbox 1915 2448 3486 2519; baseline 0.003 -19"><span class='ocrx_word' id='word_1_408' title='bbox 1915 2448 2209 2512; x_wconf 89' lang='lat' dir='ltr'><strong>dissectus;</strong></span> <span class='ocrx_word' id='word_1_409' title='bbox 2268 2448 2718 2515; x_wconf 90' lang='lat' dir='ltr'><strong>quemadmodum</strong></span> <span class='ocrx_word' id='word_1_410' title='bbox 2776 2448 3210 2519; x_wconf 86' lang='lat' dir='ltr'><strong>sapientissimus</strong></span> <span class='ocrx_word' id='word_1_411' title='bbox 3267 2448 3486 2515; x_wconf 90' lang='lat' dir='ltr'><strong>Paulus,</strong></span> 
     </span>
    </p>
   </div>
   <div class='ocr_carea' id='block_1_55' title="bbox 1915 2536 3486 2612">
    <p class='ocr_par' dir='ltr' id='par_1_55' title="bbox 1915 2536 3486 2612">
     <span class='ocr_line' id='line_1_55' title="bbox 1915 2536 3486 2612; baseline 0.003 -20"><span class='ocrx_word' id='word_1_412' title='bbox 1915 2539 2006 2607; x_wconf 91' lang='lat' dir='ltr'><strong>qui</strong></span> <span class='ocrx_word' id='word_1_413' title='bbox 2044 2536 2321 2594; x_wconf 88' lang='lat' dir='ltr'><strong>Christum</strong></span> <span class='ocrx_word' id='word_1_414' title='bbox 2352 2539 2405 2592; x_wconf 90' lang='lat' dir='ltr'><strong>in</strong></span> <span class='ocrx_word' id='word_1_415' title='bbox 2451 2553 2511 2594; x_wconf 87' lang='lat' dir='ltr'><strong>se</strong></span> <span class='ocrx_word' id='word_1_416' title='bbox 2548 2539 2790 2593; x_wconf 87' lang='lat' dir='ltr'><strong>divinum</strong></span> <span class='ocrx_word' id='word_1_417' title='bbox 2826 2539 2929 2595; x_wconf 87' lang='lat' dir='ltr'><strong>hoc</strong></span> <span class='ocrx_word' id='word_1_418' title='bbox 2959 2541 3275 2612; x_wconf 84' lang='lat' dir='ltr'><strong>mysterium</strong></span> <span class='ocrx_word' id='word_1_419' title='bbox 3310 2543 3486 2597; x_wconf 88' lang='lat' dir='ltr'><strong>reclu-</strong></span> 
     </span>
    </p>
   </div>
   <div class='ocr_carea' id='block_1_56' title="bbox 1916 2629 3483 2693">
    <p class='ocr_par' dir='ltr' id='par_1_56' title="bbox 1916 2629 3483 2693">
     <span class='ocr_line' id='line_1_56' title="bbox 1916 2629 3483 2693; baseline 0.003 -11"><span class='ocrx_word' id='word_1_420' title='bbox 1916 2630 2126 2684; x_wconf 87' lang='lat' dir='ltr'><strong>dentem</strong></span> <span class='ocrx_word' id='word_1_421' title='bbox 2153 2630 2405 2693; x_wconf 84' lang='lat' dir='ltr'><strong>habebat.</strong></span> <span class='ocrx_word' id='word_1_422' title='bbox 2452 2629 2741 2685; x_wconf 80' lang='lat' dir='ltr'><strong>manifeste</strong></span> <span class='ocrx_word' id='word_1_423' title='bbox 2774 2630 2930 2687; x_wconf 86' lang='lat' dir='ltr'><strong>docet</strong></span> <span class='ocrx_word' id='word_1_424' title='bbox 2949 2630 3019 2686; x_wconf 83' lang='grc'><strong>⁸⁸.</strong></span> <span class='ocrx_word' id='word_1_425' title='bbox 3055 2632 3251 2687; x_wconf 86' lang='lat' dir='ltr'><strong>Verum</strong></span> <span class='ocrx_word' id='word_1_426' title='bbox 3294 2633 3361 2687; x_wconf 91' lang='lat' dir='ltr'><strong>ad</strong></span> <span class='ocrx_word' id='word_1_427' title='bbox 3392 2649 3483 2687; x_wconf 88' lang='lat' dir='ltr'><strong>ca-</strong></span> 
     </span>
    </p>
   </div>
   <div class='ocr_carea' id='block_1_57' title="bbox 1916 2721 3485 2793">
    <p class='ocr_par' dir='ltr' id='par_1_57' title="bbox 1916 2721 3485 2793">
     <span class='ocr_line' id='line_1_57' title="bbox 1916 2721 3485 2793; baseline 0.003 -19"><span class='ocrx_word' id='word_1_428' title='bbox 1916 2723 2022 2790; x_wconf 86' lang='lat' dir='ltr'><strong>pita</strong></span> <span class='ocrx_word' id='word_1_429' title='bbox 2054 2721 2245 2775; x_wconf 89' lang='lat' dir='ltr'><strong>ordine</strong></span> <span class='ocrx_word' id='word_1_430' title='bbox 2274 2721 2491 2788; x_wconf 88' lang='lat' dir='ltr'><strong>hicjam</strong></span> <span class='ocrx_word' id='word_1_431' title='bbox 2520 2722 2803 2790; x_wconf 85' lang='lat' dir='ltr'><strong>sequentia</strong></span> <span class='ocrx_word' id='word_1_432' title='bbox 2834 2723 3074 2777; x_wconf 89' lang='lat' dir='ltr'><strong>animum</strong></span> <span class='ocrx_word' id='word_1_433' title='bbox 3108 2725 3485 2793; x_wconf 86' lang='lat' dir='ltr'><strong>adjungentes,</strong></span> 
     </span>
    </p>
   </div>
   <div class='ocr_carea' id='block_1_58' title="bbox 1914 2807 3482 2880">
    <p class='ocr_par' dir='ltr' id='par_1_58' title="bbox 1914 2807 3482 2880">
     <span class='ocr_line' id='line_1_58' title="bbox 1914 2807 3482 2880; baseline 0.004 -19"><span class='ocrx_word' id='word_1_434' title='bbox 1914 2807 2210 2861; x_wconf 88' lang='lat' dir='ltr'><strong>orationem</strong></span> <span class='ocrx_word' id='word_1_435' title='bbox 2262 2823 2433 2861; x_wconf 88' lang='lat' dir='ltr'><strong>meam</strong></span> <span class='ocrx_word' id='word_1_436' title='bbox 2483 2818 2686 2862; x_wconf 89' lang='lat' dir='ltr'><strong>rectam</strong></span> <span class='ocrx_word' id='word_1_437' title='bbox 2736 2809 2839 2880; x_wconf 81' lang='lat'><strong>55</strong></span> <span class='ocrx_word' id='word_1_438' title='bbox 2875 2820 2930 2866; x_wconf 92' lang='lat' dir='ltr'><strong>et</strong></span> <span class='ocrx_word' id='word_1_439' title='bbox 2965 2812 3033 2865; x_wconf 86' lang='lat' dir='ltr'><strong>ad</strong></span> <span class='ocrx_word' id='word_1_440' title='bbox 3067 2812 3313 2867; x_wconf 85' lang='lat' dir='ltr'><strong>veritatis</strong></span> <span class='ocrx_word' id='word_1_441' title='bbox 3352 2828 3482 2867; x_wconf 89' lang='lat' dir='ltr'><strong>uor-</strong></span> 
     </span>
    </p>
   </div>
   <div class='ocr_carea' id='block_1_59' title="bbox 1916 2901 3483 2971">
    <p class='ocr_par' dir='ltr' id='par_1_59' title="bbox 1916 2901 3483 2971">
     <span class='ocr_line' id='line_1_59' title="bbox 1916 2901 3483 2971; baseline 0.006 -19"><span class='ocrx_word' id='word_1_442' title='bbox 1916 2915 2055 2952; x_wconf 88' lang='lat' dir='ltr'><strong>mam</strong></span> <span class='ocrx_word' id='word_1_443' title='bbox 2112 2902 2573 2956; x_wconf 87' lang='lat' dir='ltr'><strong>accommodatam</strong></span> <span class='ocrx_word' id='word_1_444' title='bbox 2629 2901 2996 2971; x_wconf 89' lang='lat' dir='ltr'><strong>comperietis.</strong></span> <span class='ocrx_word' id='word_1_445' title='bbox 3048 2902 3483 2961; x_wconf 89' lang='lat' dir='ltr'><strong>Consentaneum</strong></span> 
     </span>
    </p>
   </div>
   <div class='ocr_carea' id='block_1_60' title="bbox 1912 2993 3487 3064">
    <p class='ocr_par' dir='ltr' id='par_1_60' title="bbox 1912 2993 3487 3064">
     <span class='ocr_line' id='line_1_60' title="bbox 1912 2993 3487 3064; baseline 0.003 -18"><span class='ocrx_word' id='word_1_446' title='bbox 1912 3002 1994 3046; x_wconf 90' lang='lat' dir='ltr'><strong>est</strong></span> <span class='ocrx_word' id='word_1_447' title='bbox 2032 3002 2232 3057; x_wconf 87' lang='lat' dir='ltr'><strong>autem,</strong></span> <span class='ocrx_word' id='word_1_448' title='bbox 2259 2994 2473 3063; x_wconf 78' lang='lat' dir='ltr'><strong>Opinor,</strong></span> <span class='ocrx_word' id='word_1_449' title='bbox 2524 3004 2581 3049; x_wconf 93' lang='lat' dir='ltr'><strong>ut</strong></span> <span class='ocrx_word' id='word_1_450' title='bbox 2615 2993 2744 3049; x_wconf 79' lang='lat' dir='ltr'><strong>illud</strong></span> <span class='ocrx_word' id='word_1_451' title='bbox 2792 3008 3006 3064; x_wconf 89' lang='lat' dir='ltr'><strong>quoque</strong></span> <span class='ocrx_word' id='word_1_452' title='bbox 3042 2997 3144 3050; x_wconf 90' lang='lat' dir='ltr'><strong>hoc</strong></span> <span class='ocrx_word' id='word_1_453' title='bbox 3190 2996 3307 3051; x_wconf 93' lang='lat' dir='ltr'><strong>loco</strong></span> <span class='ocrx_word' id='word_1_454' title='bbox 3360 3012 3487 3064; x_wconf 89' lang='lat' dir='ltr'><strong>pro-</strong></span> 
     </span>
    </p>
   </div>
   <div class='ocr_carea' id='block_1_61' title="bbox 1915 3086 3482 3160">
    <p class='ocr_par' dir='ltr' id='par_1_61' title="bbox 1915 3086 3482 3160">
     <span class='ocr_line' id='line_1_61' title="bbox 1915 3086 3482 3160; baseline 0.003 -20"><span class='ocrx_word' id='word_1_455' title='bbox 1915 3094 2116 3153; x_wconf 85' lang='lat' dir='ltr'><strong>tester;</strong></span> <span class='ocrx_word' id='word_1_456' title='bbox 2169 3096 2296 3156; x_wconf 89' lang='lat' dir='ltr'><strong>puta</strong></span> <span class='ocrx_word' id='word_1_457' title='bbox 2354 3086 2444 3141; x_wconf 90' lang='lat' dir='ltr'><strong>Dei</strong></span> <span class='ocrx_word' id='word_1_458' title='bbox 2476 3086 2655 3143; x_wconf 83' lang='lat' dir='ltr'><strong>Patris</strong></span> <span class='ocrx_word' id='word_1_459' title='bbox 2694 3086 2928 3143; x_wconf 87' lang='lat' dir='ltr'><strong>Verbum</strong></span> <span class='ocrx_word' id='word_1_460' title='bbox 2990 3106 3143 3160; x_wconf 66' lang='lat' dir='ltr'><strong>mque</strong></span> <span class='ocrx_word' id='word_1_461' title='bbox 3186 3090 3482 3160; x_wconf 82' lang='lat' dir='ltr'><strong>perfectum</strong></span> 
     </span>
    </p>
   </div>
   <div class='ocr_carea' id='block_1_62' title="bbox 247 3176 1812 3252">
    <p class='ocr_par' dir='ltr' id='par_1_62' title="bbox 247 3178 1812 3252">
     <span class='ocr_line' id='line_1_62' title="bbox 247 3178 1812 3252; baseline 0.002 -23"><span class='ocrx_word' id='word_1_462' title='bbox 247 3178 438 3231; x_wconf 76' lang='grc' dir='ltr'>ἑαυτοῦ</span> <span class='ocrx_word' id='word_1_463' title='bbox 472 3178 497 3216; x_wconf 74' lang='grc' dir='ltr'><em>ά</em></span> <span class='ocrx_word' id='word_1_464' title='bbox 533 3180 894 3250; x_wconf 82' lang='grc' dir='ltr'>χαρίσμασιν·</span> <span class='ocrx_word' id='word_1_465' title='bbox 946 3183 1033 3235; x_wconf 83' lang='grc' dir='ltr'><strong>ἴνα</strong></span> <span class='ocrx_word' id='word_1_466' title='bbox 1086 3184 1179 3237; x_wconf 70' lang='grc' dir='ltr'><strong>καὶ</strong></span> <span class='ocrx_word' id='word_1_467' title='bbox 1224 3183 1304 3245; x_wconf 83' lang='grc' dir='ltr'><strong>είς</strong></span> <span class='ocrx_word' id='word_1_468' title='bbox 1357 3182 1554 3252; x_wconf 79' lang='grc' dir='ltr'>μέτρον</span> <span class='ocrx_word' id='word_1_469' title='bbox 1597 3180 1812 3251; x_wconf 84' lang='grc' dir='ltr'>ἡλικίας</span> 
     </span>
    </p>
   </div>
   <div class='ocr_carea' id='block_1_63' title="bbox 1917 3176 3487 3252">
    <p class='ocr_par' dir='ltr' id='par_1_63' title="bbox 1917 3176 3487 3247">
     <span class='ocr_line' id='line_1_63' title="bbox 1917 3176 3487 3247; baseline 0.003 -17"><span class='ocrx_word' id='word_1_470' title='bbox 1917 3176 2139 3245; x_wconf 88' lang='lat' dir='ltr'><strong>suisque</strong></span> <span class='ocrx_word' id='word_1_471' title='bbox 2171 3177 2409 3231; x_wconf 91' lang='lat' dir='ltr'><strong>numeris</strong></span> <span class='ocrx_word' id='word_1_472' title='bbox 2448 3178 2755 3232; x_wconf 89' lang='lat' dir='ltr'><strong>absolutum</strong></span> <span class='ocrx_word' id='word_1_473' title='bbox 2793 3192 2916 3232; x_wconf 90' lang='lat' dir='ltr'><strong>esse</strong></span> <span class='ocrx_word' id='word_1_474' title='bbox 2958 3179 3013 3234; x_wconf 92' lang='lat' dir='ltr'><strong>in</strong></span> <span class='ocrx_word' id='word_1_475' title='bbox 3044 3180 3405 3247; x_wconf 86' lang='lat' dir='ltr'><strong>humanitate,</strong></span> <span class='ocrx_word' id='word_1_476' title='bbox 3429 3191 3487 3236; x_wconf 90' lang='lat' dir='ltr'><strong>et</strong></span> 
     </span>
    </p>
   </div>
   <div class='ocr_carea' id='block_1_64' title="bbox 245 3239 1812 3344">
    <p class='ocr_par' dir='ltr' id='par_1_64' title="bbox 245 3270 1812 3344">
     <span class='ocr_line' id='line_1_64' title="bbox 245 3270 1812 3344; baseline 0 -21"><span class='ocrx_word' id='word_1_477' title='bbox 245 3270 630 3325; x_wconf 81' lang='grc' dir='ltr'>ἀναϐαίνουσαι</span> <span class='ocrx_word' id='word_1_478' title='bbox 659 3272 753 3326; x_wconf 83' lang='grc' dir='ltr'><strong>τοῦ</strong></span> <span class='ocrx_word' id='word_1_479' title='bbox 777 3273 1140 3344; x_wconf 76' lang='grc' dir='ltr'>πληρώματος</span> <span class='ocrx_word' id='word_1_480' title='bbox 1186 3271 1278 3326; x_wconf 87' lang='grc' dir='ltr'><strong>τοῦ</strong></span> <span class='ocrx_word' id='word_1_481' title='bbox 1320 3271 1580 3341; x_wconf 86' lang='grc' dir='ltr'>Χριστοῦ,</span> <span class='ocrx_word' id='word_1_482' title='bbox 1613 3270 1812 3323; x_wconf 84' lang='grc' dir='ltr'>εὐκλεᾶ</span> 
     </span>
    </p>
   </div>
   <div class='ocr_carea' id='block_1_65' title="bbox 1917 3239 3483 3344">
    <p class='ocr_par' dir='ltr' id='par_1_65' title="bbox 1917 3266 3483 3341">
     <span class='ocr_line' id='line_1_65' title="bbox 1917 3266 3483 3341; baseline 0.004 -18"><span class='ocrx_word' id='word_1_483' title='bbox 1917 3266 2212 3323; x_wconf 90' lang='lat' dir='ltr'><strong>secundum</strong></span> <span class='ocrx_word' id='word_1_484' title='bbox 2245 3268 2595 3324; x_wconf 87' lang='lat' dir='ltr'><strong>humanitatis</strong></span> <span class='ocrx_word' id='word_1_485' title='bbox 2651 3270 2939 3337; x_wconf 87' lang='lat' dir='ltr'><strong>rationem,</strong></span> <span class='ocrx_word' id='word_1_486' title='bbox 2975 3281 3137 3341; x_wconf 88' lang='lat' dir='ltr'><strong>atque</strong></span> <span class='ocrx_word' id='word_1_487' title='bbox 3187 3272 3483 3341; x_wconf 83' lang='lat' dir='ltr'><strong>perfectum</strong></span> 
     </span>
    </p>
   </div>
   <div class='ocr_carea' id='block_1_66' title="bbox 246 3360 1810 3434">
    <p class='ocr_par' dir='ltr' id='par_1_66' title="bbox 246 3360 1810 3434">
     <span class='ocr_line' id='line_1_66' title="bbox 246 3360 1810 3434; baseline 0.003 -22"><span class='ocrx_word' id='word_1_488' title='bbox 246 3360 342 3413; x_wconf 73' lang='grc' dir='ltr'><strong>καὶ</strong></span> <span class='ocrx_word' id='word_1_489' title='bbox 394 3360 674 3432; x_wconf 82' lang='grc' dir='ltr'>εὐδόκιμον</span> <span class='ocrx_word' id='word_1_490' title='bbox 731 3364 829 3434; x_wconf 81' lang='grc' dir='ltr'>τὴν</span> <span class='ocrx_word' id='word_1_491' title='bbox 892 3363 1221 3432; x_wconf 84' lang='grc' dir='ltr'>ἀξιάγαστον</span> <span class='ocrx_word' id='word_1_492' title='bbox 1279 3363 1435 3434; x_wconf 86' lang='grc' dir='ltr'>ὑμῶν</span> <span class='ocrx_word' id='word_1_493' title='bbox 1495 3364 1810 3434; x_wconf 80' lang='grc' dir='ltr'>ἀποφήνητε</span> 
     </span>
    </p>
   </div>
   <div class='ocr_carea' id='block_1_67' title="bbox 247 3450 1115 3525">
    <p class='ocr_par' dir='ltr' id='par_1_67' title="bbox 247 3450 1115 3525">
     <span class='ocr_line' id='line_1_67' title="bbox 247 3450 1115 3525; baseline 0.006 -22"><span class='ocrx_word' id='word_1_494' title='bbox 247 3450 412 3522; x_wconf 74' lang='grc' dir='ltr'>ζωὴν,</span> <span class='ocrx_word' id='word_1_495' title='bbox 445 3452 594 3520; x_wconf 90' lang='grc' dir='ltr'>ἀγίαι</span> <span class='ocrx_word' id='word_1_496' title='bbox 622 3453 829 3523; x_wconf 85' lang='grc' dir='ltr'>νύμφαι</span> <span class='ocrx_word' id='word_1_497' title='bbox 858 3454 1115 3525; x_wconf 86' lang='grc' dir='ltr'>Χριστοῦ.</span> 
     </span>
    </p>
   </div>
   <div class='ocr_carea' id='block_1_68' title="bbox 1915 3359 3486 3432">
    <p class='ocr_par' dir='ltr' id='par_1_68' title="bbox 1915 3359 3486 3432">
     <span class='ocr_line' id='line_1_68' title="bbox 1915 3359 3486 3432; baseline 0.001 -17"><span class='ocrx_word' id='word_1_498' title='bbox 1915 3361 2080 3416; x_wconf 84' lang='lat' dir='ltr'><strong>estin</strong></span> <span class='ocrx_word' id='word_1_499' title='bbox 2117 3359 2419 3415; x_wconf 85' lang='lat' dir='ltr'><strong>divinitate.</strong></span> <span class='ocrx_word' id='word_1_500' title='bbox 2452 3361 2589 3415; x_wconf 90' lang='lat' dir='ltr'><strong>Tum</strong></span> <span class='ocrx_word' id='word_1_501' title='bbox 2625 3374 2822 3430; x_wconf 90' lang='lat' dir='ltr'><strong>corpus</strong></span> <span class='ocrx_word' id='word_1_502' title='bbox 2859 3376 3073 3432; x_wconf 88' lang='lat' dir='ltr'><strong>quoque</strong></span> <span class='ocrx_word' id='word_1_503' title='bbox 3099 3363 3241 3432; x_wconf 90' lang='lat' dir='ltr'><strong>quod</strong></span> <span class='ocrx_word' id='word_1_504' title='bbox 3271 3380 3486 3419; x_wconf 81' lang='lat' dir='ltr'><strong>assum-</strong></span> 
     </span>
    </p>
   </div>
   <div class='ocr_carea' id='block_1_69' title="bbox 1914 3450 3487 3526">
    <p class='ocr_par' dir='ltr' id='par_1_69' title="bbox 1914 3450 3487 3526">
     <span class='ocr_line' id='line_1_69' title="bbox 1914 3450 3487 3526; baseline 0.004 -22"><span class='ocrx_word' id='word_1_505' title='bbox 1914 3453 2021 3522; x_wconf 87' lang='lat' dir='ltr'><strong>psit</strong></span> <span class='ocrx_word' id='word_1_506' title='bbox 2054 3465 2158 3505; x_wconf 92' lang='lat' dir='ltr'><strong>non</strong></span> <span class='ocrx_word' id='word_1_507' title='bbox 2196 3450 2493 3506; x_wconf 89' lang='lat' dir='ltr'><strong>inanimum</strong></span> <span class='ocrx_word' id='word_1_508' title='bbox 2511 3467 2651 3519; x_wconf 90' lang='lat' dir='ltr'><strong>esse,</strong></span> <span class='ocrx_word' id='word_1_509' title='bbox 2685 3454 2777 3509; x_wconf 91' lang='lat' dir='ltr'><strong>sed</strong></span> <span class='ocrx_word' id='word_1_510' title='bbox 2802 3452 2978 3506; x_wconf 85' lang='lat' dir='ltr'><strong>anima</strong></span> <span class='ocrx_word' id='word_1_511' title='bbox 3003 3454 3335 3526; x_wconf 79' lang='lat' dir='ltr'><strong>intelligente</strong></span> <span class='ocrx_word' id='word_1_512' title='bbox 3364 3472 3487 3526; x_wconf 86' lang='lat' dir='ltr'><strong>per-</strong></span> 
     </span>
    </p>
   </div>
   <div class='ocr_carea' id='block_1_70' title="bbox 246 3542 3484 3619">
    <p class='ocr_par' dir='ltr' id='par_1_70' title="bbox 246 3542 3484 3619">
     <span class='ocr_line' id='line_1_70' title="bbox 246 3542 3484 3619; baseline 0.002 -23"><span class='ocrx_word' id='word_1_513' title='bbox 246 3542 444 3598; x_wconf 76' lang='lat' dir='ltr'><strong>fectum</strong></span> <span class='ocrx_word' id='word_1_514' title='bbox 473 3554 528 3599; x_wconf 91' lang='lat' dir='ltr'><strong>et</strong></span> <span class='ocrx_word' id='word_1_515' title='bbox 564 3546 926 3600; x_wconf 81' lang='lat' dir='ltr'><strong>informatum.</strong></span> <span class='ocrx_word' id='word_1_516' title='bbox 994 3545 1377 3602; x_wconf 85' lang='lat' dir='ltr'><strong>Uuiversarum</strong></span> <span class='ocrx_word' id='word_1_517' title='bbox 1436 3562 1615 3602; x_wconf 90' lang='lat' dir='ltr'><strong>rerum</strong></span> <span class='ocrx_word' id='word_1_518' title='bbox 1658 3546 1837 3615; x_wconf 80' lang='lat' dir='ltr'><strong>opifex</strong></span> <span class='ocrx_word' id='word_1_519' title='bbox 1918 3552 2213 3613; x_wconf 88' lang='lat' dir='ltr'><strong>auctorque</strong></span> <span class='ocrx_word' id='word_1_520' title='bbox 2258 3544 2398 3598; x_wconf 88' lang='lat' dir='ltr'><strong>Deus</strong></span> <span class='ocrx_word' id='word_1_521' title='bbox 2452 3543 2691 3615; x_wconf 71' lang='lat' dir='ltr'><strong>(sancta:</strong></span> <span class='ocrx_word' id='word_1_522' title='bbox 2743 3548 2947 3602; x_wconf 83' lang='lat' dir='ltr'><strong>Christi</strong></span> <span class='ocrx_word' id='word_1_523' title='bbox 3002 3550 3248 3619; x_wconf 65' lang='lat' dir='ltr'><strong>sponsae)</strong></span> <span class='ocrx_word' id='word_1_524' title='bbox 3297 3548 3389 3619; x_wconf 92' lang='lat' dir='ltr'><strong>qui</strong></span> <span class='ocrx_word' id='word_1_525' title='bbox 3425 3562 3484 3603; x_wconf 89' lang='lat' dir='ltr'><strong>se</strong></span> 
     </span>
    </p>
   </div>
   <div class='ocr_carea' id='block_1_71' title="bbox 246 3636 3483 3712">
    <p class='ocr_par' dir='ltr' id='par_1_71' title="bbox 246 3636 3483 3712">
     <span class='ocr_line' id='line_1_71' title="bbox 246 3636 3483 3712; baseline 0.001 -20"><span class='ocrx_word' id='word_1_526' title='bbox 246 3638 590 3712; x_wconf 81' lang='lat' dir='ltr'><strong>diligentibus</strong></span> <span class='ocrx_word' id='word_1_527' title='bbox 607 3639 847 3694; x_wconf 73' lang='lat' dir='ltr'><strong>ctelestia</strong></span> <span class='ocrx_word' id='word_1_528' title='bbox 876 3640 1358 3709; x_wconf 87' lang='lat' dir='ltr'><strong>bouaimpertitur,</strong></span> <span class='ocrx_word' id='word_1_529' title='bbox 1419 3641 1602 3696; x_wconf 86' lang='lat' dir='ltr'><strong>beatas</strong></span> <span class='ocrx_word' id='word_1_530' title='bbox 1626 3641 1835 3694; x_wconf 85' lang='lat' dir='ltr'><strong>animas</strong></span> <span class='ocrx_word' id='word_1_531' title='bbox 1876 3647 2084 3691; x_wconf 86' lang='lat' dir='ltr'><strong>vestras</strong></span> <span class='ocrx_word' id='word_1_532' title='bbox 2114 3637 2232 3691; x_wconf 92' lang='lat' dir='ltr'><strong>suis</strong></span> <span class='ocrx_word' id='word_1_533' title='bbox 2264 3636 2422 3691; x_wconf 90' lang='lat' dir='ltr'><strong>donis</strong></span> <span class='ocrx_word' id='word_1_534' title='bbox 2461 3636 2700 3705; x_wconf 84' lang='lat' dir='ltr'><strong>impleat,</strong></span> <span class='ocrx_word' id='word_1_535' title='bbox 2768 3653 2873 3708; x_wconf 94' lang='lat' dir='ltr'><strong>quo</strong></span> <span class='ocrx_word' id='word_1_536' title='bbox 2924 3640 2977 3693; x_wconf 92' lang='lat' dir='ltr'><strong>in</strong></span> <span class='ocrx_word' id='word_1_537' title='bbox 3018 3654 3323 3695; x_wconf 89' lang='lat' dir='ltr'><strong>mensuram</strong></span> <span class='ocrx_word' id='word_1_538' title='bbox 3350 3653 3483 3696; x_wconf 72' lang='lat' dir='ltr'><strong>aeta-</strong></span> 
     </span>
    </p>
   </div>
   <div class='ocr_carea' id='block_1_72' title="bbox 249 3728 3481 3801">
    <p class='ocr_par' dir='ltr' id='par_1_72' title="bbox 249 3728 3481 3801">
     <span class='ocr_line' id='line_1_72' title="bbox 249 3728 3481 3801; baseline 0 -16"><span class='ocrx_word' id='word_1_539' title='bbox 249 3730 317 3785; x_wconf 91' lang='lat' dir='ltr'><strong>tis</strong></span> <span class='ocrx_word' id='word_1_540' title='bbox 364 3731 709 3801; x_wconf 87' lang='lat' dir='ltr'><strong>plenitudinis</strong></span> <span class='ocrx_word' id='word_1_541' title='bbox 792 3730 994 3785; x_wconf 80' lang='lat' dir='ltr'><strong>Christi</strong></span> <span class='ocrx_word' id='word_1_542' title='bbox 1053 3741 1460 3801; x_wconf 88' lang='lat' dir='ltr'><strong>consurgentes,</strong></span> <span class='ocrx_word' id='word_1_543' title='bbox 1517 3733 1686 3786; x_wconf 87' lang='lat' dir='ltr'><strong>vitam</strong></span> <span class='ocrx_word' id='word_1_544' title='bbox 1736 3728 2026 3801; x_wconf 75' lang='lat' dir='ltr'><strong>gloriosam</strong></span> <span class='ocrx_word' id='word_1_545' title='bbox 2089 3728 2510 3798; x_wconf 87' lang='lat' dir='ltr'><strong>prohatamque,</strong></span> <span class='ocrx_word' id='word_1_546' title='bbox 2566 3737 2619 3783; x_wconf 91' lang='lat' dir='ltr'><strong>et</strong></span> <span class='ocrx_word' id='word_1_547' title='bbox 2680 3730 2825 3784; x_wconf 80' lang='lat' dir='ltr'><strong>ontui</strong></span> <span class='ocrx_word' id='word_1_548' title='bbox 2863 3729 3220 3785; x_wconf 87' lang='lat' dir='ltr'><strong>admiratione</strong></span> <span class='ocrx_word' id='word_1_549' title='bbox 3264 3730 3481 3801; x_wconf 90' lang='lat' dir='ltr'><strong>dignam</strong></span> 
     </span>
    </p>
   </div>
   <div class='ocr_carea' id='block_1_73' title="bbox 246 3824 583 3893">
    <p class='ocr_par' dir='ltr' id='par_1_73' title="bbox 246 3824 583 3893">
     <span class='ocr_line' id='line_1_73' title="bbox 246 3824 583 3893; baseline -0.012 -14"><span class='ocrx_word' id='word_1_550' title='bbox 246 3824 583 3893; x_wconf 73' lang='lat' dir='ltr'><strong>transigatis.</strong></span> 
     </span>
    </p>
   </div>
   <div class='ocr_carea' id='block_1_74' title="bbox 414 3956 1639 4012">
    <p class='ocr_par' dir='ltr' id='par_1_74' title="bbox 414 3956 1639 4012">
     <span class='ocr_line' id='line_1_74' title="bbox 414 3956 1639 4012; baseline -0.002 -1"><span class='ocrx_word' id='word_1_551' title='bbox 414 3956 599 4012; x_wconf 83' lang='grc' dir='ltr'><strong>ΤΑΔΕ</strong></span> <span class='ocrx_word' id='word_1_552' title='bbox 636 3957 959 4011; x_wconf 82' lang='grc' dir='ltr'><strong>ΕΝΕΣΤῘΝ</strong></span> <span class='ocrx_word' id='word_1_553' title='bbox 990 3956 1092 4010; x_wconf 80' lang='grc' dir='ltr'><strong>ΕΝ</strong></span> <span class='ocrx_word' id='word_1_554' title='bbox 1130 3957 1292 4011; x_wconf 90' lang='grc' dir='ltr'><strong>ΤΟΙΣ</strong></span> <span class='ocrx_word' id='word_1_555' title='bbox 1329 3956 1639 4011; x_wconf 81' lang='grc' dir='ltr'><strong>ΕΦΕΞΗΣ.</strong></span> 
     </span>
    </p>
   </div>
   <div class='ocr_carea' id='block_1_75' title="bbox 320 4088 1807 4163">
    <p class='ocr_par' dir='ltr' id='par_1_75' title="bbox 320 4088 1807 4163">
     <span class='ocr_line' id='line_1_75' title="bbox 320 4088 1807 4163; baseline -0.003 -17"><span class='ocrx_word' id='word_1_556' title='bbox 320 4092 442 4146; x_wconf 74' lang='grc' dir='ltr'><strong>Ὀτι</strong></span> <span class='ocrx_word' id='word_1_557' title='bbox 489 4091 620 4155; x_wconf 81' lang='grc' dir='ltr'>Θεὸς</span> <span class='ocrx_word' id='word_1_558' title='bbox 669 4094 698 4145; x_wconf 90' lang='lat'><strong>6</strong></span> <span class='ocrx_word' id='word_1_559' title='bbox 745 4091 1000 4163; x_wconf 81' lang='grc' dir='ltr'>Χριστὸς,</span> <span class='ocrx_word' id='word_1_560' title='bbox 1035 4088 1225 4144; x_wconf 79' lang='grc' dir='ltr'>ἑνώσει</span> <span class='ocrx_word' id='word_1_561' title='bbox 1275 4093 1342 4161; x_wconf 85' lang='grc' dir='ltr'><strong>τῇ</strong></span> <span class='ocrx_word' id='word_1_562' title='bbox 1375 4090 1512 4161; x_wconf 76' lang='grc' dir='ltr'>πρὸς</span> <span class='ocrx_word' id='word_1_563' title='bbox 1547 4090 1637 4143; x_wconf 81' lang='grc' dir='ltr'><strong>τὸν</strong></span> <span class='ocrx_word' id='word_1_564' title='bbox 1672 4089 1807 4142; x_wconf 68' lang='grc' dir='ltr'>Θεὸν</span> 
     </span>
    </p>
   </div>
   <div class='ocr_carea' id='block_1_76' title="bbox 244 4179 1809 4253">
    <p class='ocr_par' dir='ltr' id='par_1_76' title="bbox 244 4179 1809 4253">
     <span class='ocr_line' id='line_1_76' title="bbox 244 4179 1809 4253; baseline -0.004 -15"><span class='ocrx_word' id='word_1_565' title='bbox 244 4184 417 4252; x_wconf 87' lang='grc' dir='ltr'>Λόγον</span> <span class='ocrx_word' id='word_1_566' title='bbox 440 4184 519 4246; x_wconf 81' lang='grc' dir='ltr'><strong>είς</strong></span> <span class='ocrx_word' id='word_1_567' title='bbox 540 4181 637 4253; x_wconf 83' lang='grc' dir='ltr'>τὴν</span> <span class='ocrx_word' id='word_1_568' title='bbox 656 4182 818 4235; x_wconf 84' lang='grc' dir='ltr'>αὐτοῦ</span> <span class='ocrx_word' id='word_1_569' title='bbox 834 4182 989 4248; x_wconf 83' lang='grc' dir='ltr'>δόξαν</span> <span class='ocrx_word' id='word_1_570' title='bbox 1009 4182 1388 4245; x_wconf 86' lang='grc' dir='ltr'>ἀναϐαίνοντος</span> <span class='ocrx_word' id='word_1_571' title='bbox 1408 4182 1503 4235; x_wconf 72' lang='grc' dir='ltr'><strong>καὶ</strong></span> <span class='ocrx_word' id='word_1_572' title='bbox 1522 4179 1616 4234; x_wconf 89' lang='grc' dir='ltr'><strong>τοῦ</strong></span> <span class='ocrx_word' id='word_1_573' title='bbox 1640 4195 1809 4252; x_wconf 87' lang='grc' dir='ltr'>προσ-</span> 
     </span>
    </p>
   </div>
   <div class='ocr_carea' id='block_1_77' title="bbox 244 4270 1350 4343">
    <p class='ocr_par' dir='ltr' id='par_1_77' title="bbox 244 4270 1350 4343">
     <span class='ocr_line' id='line_1_77' title="bbox 244 4270 1350 4343; baseline -0.003 -17"><span class='ocrx_word' id='word_1_574' title='bbox 244 4272 540 4343; x_wconf 75' lang='grc' dir='ltr'>ληφθέντος</span> <span class='ocrx_word' id='word_1_575' title='bbox 566 4271 717 4338; x_wconf 89' lang='grc' dir='ltr'>ναοῦ,</span> <span class='ocrx_word' id='word_1_576' title='bbox 743 4274 806 4325; x_wconf 83' lang='grc' dir='ltr'><strong>ὲκ</strong></span> <span class='ocrx_word' id='word_1_577' title='bbox 828 4272 935 4324; x_wconf 86' lang='grc' dir='ltr'>τῶν</span> <span class='ocrx_word' id='word_1_578' title='bbox 961 4270 1350 4324; x_wconf 71' lang='grc' dir='ltr'>ἀποπολικῶν.</span> 
     </span>
    </p>
   </div>
   <div class='ocr_carea' id='block_1_78' title="bbox 331 4360 1573 4433">
    <p class='ocr_par' dir='ltr' id='par_1_78' title="bbox 331 4360 1573 4433">
     <span class='ocr_line' id='line_1_78' title="bbox 331 4360 1573 4433; baseline -0.001 -17"><span class='ocrx_word' id='word_1_579' title='bbox 331 4365 423 4417; x_wconf 83' lang='grc' dir='ltr'><strong>Ἐκ</strong></span> <span class='ocrx_word' id='word_1_580' title='bbox 458 4362 562 4416; x_wconf 85' lang='grc' dir='ltr'>τῶν</span> <span class='ocrx_word' id='word_1_581' title='bbox 600 4362 898 4417; x_wconf 81' lang='grc' dir='ltr'>καθολικῶν</span> <span class='ocrx_word' id='word_1_582' title='bbox 934 4361 1170 4433; x_wconf 74' lang='grc' dir='ltr'>ἐκλογὴο</span> <span class='ocrx_word' id='word_1_583' title='bbox 1211 4364 1289 4426; x_wconf 85' lang='grc' dir='ltr'><strong>είς</strong></span> <span class='ocrx_word' id='word_1_584' title='bbox 1324 4361 1386 4415; x_wconf 80' lang='grc' dir='ltr'>τὸ</span> <span class='ocrx_word' id='word_1_585' title='bbox 1421 4360 1573 4415; x_wconf 84' lang='grc' dir='ltr'>αὐτό.</span> 
     </span>
    </p>
   </div>
   <div class='ocr_carea' id='block_1_79' title="bbox 327 4452 1641 4525">
    <p class='ocr_par' dir='ltr' id='par_1_79' title="bbox 327 4452 1641 4525">
     <span class='ocr_line' id='line_1_79' title="bbox 327 4452 1641 4525; baseline -0.002 -16"><span class='ocrx_word' id='word_1_586' title='bbox 327 4457 423 4509; x_wconf 87' lang='grc' dir='ltr'>Ἐκ</span> <span class='ocrx_word' id='word_1_587' title='bbox 458 4455 566 4509; x_wconf 83' lang='grc' dir='ltr'><strong>τῶν</strong></span> <span class='ocrx_word' id='word_1_588' title='bbox 604 4454 967 4524; x_wconf 80' lang='grc' dir='ltr'>εὐαγγελικῶν</span> <span class='ocrx_word' id='word_1_589' title='bbox 1005 4453 1200 4525; x_wconf 76' lang='grc' dir='ltr'>ἐκλογὴ</span> <span class='ocrx_word' id='word_1_590' title='bbox 1222 4453 1241 4491; x_wconf 72' lang='grc' dir='ltr'>τ</span> <span class='ocrx_word' id='word_1_591' title='bbox 1283 4455 1362 4517; x_wconf 88' lang='grc' dir='ltr'><strong>εἰς</strong></span> <span class='ocrx_word' id='word_1_592' title='bbox 1397 4454 1457 4506; x_wconf 84' lang='grc' dir='ltr'>τὸ</span> <span class='ocrx_word' id='word_1_593' title='bbox 1492 4452 1641 4506; x_wconf 83' lang='grc' dir='ltr'>αὐτό.</span> 
     </span>
    </p>
   </div>
   <div class='ocr_carea' id='block_1_80' title="bbox 320 4541 1812 4618">
    <p class='ocr_par' dir='ltr' id='par_1_80' title="bbox 320 4541 1812 4618">
     <span class='ocr_line' id='line_1_80' title="bbox 320 4541 1812 4618; baseline -0.004 -16"><span class='ocrx_word' id='word_1_594' title='bbox 320 4548 441 4602; x_wconf 88' lang='grc' dir='ltr'>Ὅτι</span> <span class='ocrx_word' id='word_1_595' title='bbox 469 4547 580 4618; x_wconf 75' lang='grc' dir='ltr'>ζωὴ</span> <span class='ocrx_word' id='word_1_596' title='bbox 615 4547 707 4600; x_wconf 80' lang='grc' dir='ltr'><strong>καὶ</strong></span> <span class='ocrx_word' id='word_1_597' title='bbox 738 4546 997 4609; x_wconf 80' lang='grc' dir='ltr'>ζωοποιὸς</span> <span class='ocrx_word' id='word_1_598' title='bbox 1026 4548 1055 4599; x_wconf 96' lang='lat'><strong>6</strong></span> <span class='ocrx_word' id='word_1_599' title='bbox 1082 4544 1333 4615; x_wconf 87' lang='grc' dir='ltr'>Χριστός,</span> <span class='ocrx_word' id='word_1_600' title='bbox 1363 4546 1427 4597; x_wconf 79' lang='grc' dir='ltr'><strong>ἐκ</strong></span> <span class='ocrx_word' id='word_1_601' title='bbox 1472 4543 1581 4597; x_wconf 87' lang='grc' dir='ltr'><strong>τῶν</strong></span> <span class='ocrx_word' id='word_1_602' title='bbox 1622 4541 1812 4614; x_wconf 85' lang='grc' dir='ltr'>κειμέ-</span> 
     </span>
    </p>
   </div>
   <div class='ocr_carea' id='block_1_81' title="bbox 1916 3954 3480 4028">
    <p class='ocr_par' dir='ltr' id='par_1_81' title="bbox 1916 3954 3480 4028">
     <span class='ocr_line' id='line_1_81' title="bbox 1916 3954 3480 4028; baseline 0.006 -19"><span class='ocrx_word' id='word_1_603' title='bbox 1916 3954 2090 4011; x_wconf 71' lang='grc' dir='ltr'><em>ΗίΕϐ</em></span> <span class='ocrx_word' id='word_1_604' title='bbox 2142 3956 2433 4011; x_wconf 81' lang='lat' dir='ltr'><strong>INSUNT</strong></span> <span class='ocrx_word' id='word_1_605' title='bbox 2482 3957 2573 4013; x_wconf 81' lang='grc' dir='ltr'><strong>ΙΝ</strong></span> <span class='ocrx_word' id='word_1_606' title='bbox 2620 3957 2729 4015; x_wconf 85' lang='lat' dir='ltr'><strong>IIS</strong></span> <span class='ocrx_word' id='word_1_607' title='bbox 2781 3958 2955 4025; x_wconf 60' lang='grc' dir='ltr'><strong>ρυλε</strong></span> <span class='ocrx_word' id='word_1_608' title='bbox 3005 3959 3480 4028; x_wconf 81' lang='lat' dir='ltr'><strong>SEQUUNTUR.</strong></span> 
     </span>
    </p>
   </div>
   <div class='ocr_carea' id='block_1_82' title="bbox 1984 4090 3484 4158">
    <p class='ocr_par' dir='ltr' id='par_1_82' title="bbox 1984 4090 3484 4158">
     <span class='ocr_line' id='line_1_82' title="bbox 1984 4090 3484 4158; baseline 0.004 -14"><span class='ocrx_word' id='word_1_609' title='bbox 1984 4090 2136 4158; x_wconf 88' lang='lat' dir='ltr'><strong>Quod</strong></span> <span class='ocrx_word' id='word_1_610' title='bbox 2179 4090 2427 4146; x_wconf 90' lang='lat' dir='ltr'><strong>Christus</strong></span> <span class='ocrx_word' id='word_1_611' title='bbox 2460 4091 2529 4145; x_wconf 89' lang='lat' dir='ltr'><strong>sit</strong></span> <span class='ocrx_word' id='word_1_612' title='bbox 2558 4091 2720 4154; x_wconf 90' lang='lat' dir='ltr'><strong>Deus,</strong></span> <span class='ocrx_word' id='word_1_613' title='bbox 2768 4090 2963 4146; x_wconf 89' lang='lat' dir='ltr'><strong>unione</strong></span> <span class='ocrx_word' id='word_1_614' title='bbox 3028 4094 3094 4147; x_wconf 89' lang='lat' dir='ltr'><strong>ad</strong></span> <span class='ocrx_word' id='word_1_615' title='bbox 3139 4094 3306 4148; x_wconf 90' lang='lat' dir='ltr'><strong>Deum</strong></span> <span class='ocrx_word' id='word_1_616' title='bbox 3356 4093 3484 4150; x_wconf 89' lang='lat' dir='ltr'><strong>Ver-</strong></span> 
     </span>
    </p>
   </div>
   <div class='ocr_carea' id='block_1_83' title="bbox 1918 4182 3482 4256">
    <p class='ocr_par' dir='ltr' id='par_1_83' title="bbox 1918 4182 3482 4256">
     <span class='ocr_line' id='line_1_83' title="bbox 1918 4182 3482 4256; baseline 0.003 -19"><span class='ocrx_word' id='word_1_617' title='bbox 1918 4183 2045 4237; x_wconf 90' lang='lat' dir='ltr'><strong>bum</strong></span> <span class='ocrx_word' id='word_1_618' title='bbox 2090 4183 2419 4237; x_wconf 87' lang='lat' dir='ltr'><strong>ascendente</strong></span> <span class='ocrx_word' id='word_1_619' title='bbox 2463 4183 2528 4237; x_wconf 91' lang='lat' dir='ltr'><strong>ad</strong></span> <span class='ocrx_word' id='word_1_620' title='bbox 2576 4182 2694 4252; x_wconf 84' lang='lat' dir='ltr'><strong>ejus</strong></span> <span class='ocrx_word' id='word_1_621' title='bbox 2738 4182 2963 4252; x_wconf 87' lang='lat' dir='ltr'><strong>gloriam</strong></span> <span class='ocrx_word' id='word_1_622' title='bbox 3017 4186 3217 4254; x_wconf 90' lang='lat' dir='ltr'><strong>templo</strong></span> <span class='ocrx_word' id='word_1_623' title='bbox 3265 4201 3482 4256; x_wconf 83' lang='lat' dir='ltr'><strong>quoque</strong></span> 
     </span>
    </p>
   </div>
   <div class='ocr_carea' id='block_1_84' title="bbox 1914 4273 2682 4342">
    <p class='ocr_par' dir='ltr' id='par_1_84' title="bbox 1914 4273 2682 4342">
     <span class='ocr_line' id='line_1_84' title="bbox 1914 4273 2682 4342; baseline -0.001 -15"><span class='ocrx_word' id='word_1_624' title='bbox 1914 4282 2213 4342; x_wconf 84' lang='lat' dir='ltr'><strong>assumpto,</strong></span> <span class='ocrx_word' id='word_1_625' title='bbox 2249 4287 2315 4327; x_wconf 81' lang='lat' dir='ltr'><strong>ex</strong></span> <span class='ocrx_word' id='word_1_626' title='bbox 2346 4273 2682 4340; x_wconf 89' lang='lat' dir='ltr'><strong>apostolicis.</strong></span> 
     </span>
    </p>
   </div>
   <div class='ocr_carea' id='block_1_85' title="bbox 1988 4365 2987 4422">
    <p class='ocr_par' dir='ltr' id='par_1_85' title="bbox 1988 4365 2987 4422">
     <span class='ocr_line' id='line_1_85' title="bbox 1988 4365 2987 4422; baseline 0.002 -3"><span class='ocrx_word' id='word_1_627' title='bbox 1988 4365 2066 4420; x_wconf 83' lang='lat' dir='ltr'><strong>Ex</strong></span> <span class='ocrx_word' id='word_1_628' title='bbox 2098 4365 2382 4421; x_wconf 88' lang='lat' dir='ltr'><strong>catholicis</strong></span> <span class='ocrx_word' id='word_1_629' title='bbox 2423 4367 2708 4421; x_wconf 81' lang='lat' dir='ltr'><strong>sententiae</strong></span> <span class='ocrx_word' id='word_1_630' title='bbox 2736 4367 2789 4421; x_wconf 94' lang='lat' dir='ltr'><strong>in</strong></span> <span class='ocrx_word' id='word_1_631' title='bbox 2823 4367 2987 4422; x_wconf 89' lang='lat' dir='ltr'><strong>idem.</strong></span> 
     </span>
    </p>
   </div>
   <div class='ocr_carea' id='block_1_86' title="bbox 1843 4458 3022 4540">
    <p class='ocr_par' dir='ltr' id='par_1_86' title="bbox 1843 4458 3022 4540">
     <span class='ocr_line' id='line_1_86' title="bbox 1843 4458 3022 4540; baseline 0.002 -28"><span class='ocrx_word' id='word_1_632' title='bbox 1843 4483 1887 4540; x_wconf 67' lang='grc' dir='ltr'><strong>Β</strong></span> <span class='ocrx_word' id='word_1_633' title='bbox 1997 4458 2075 4512; x_wconf 75' lang='lat' dir='ltr'><strong>Ex</strong></span> <span class='ocrx_word' id='word_1_634' title='bbox 2104 4458 2433 4526; x_wconf 75' lang='lat' dir='ltr'><strong>evangelicns</strong></span> <span class='ocrx_word' id='word_1_635' title='bbox 2460 4460 2743 4514; x_wconf 73' lang='lat' dir='ltr'><strong>sententiae</strong></span> <span class='ocrx_word' id='word_1_636' title='bbox 2776 4475 2828 4515; x_wconf 82' lang='lat' dir='ltr'><strong>ll</strong></span> <span class='ocrx_word' id='word_1_637' title='bbox 2860 4462 3022 4515; x_wconf 89' lang='lat' dir='ltr'><strong>idem.</strong></span> 
     </span>
    </p>
   </div>
   <div class='ocr_carea' id='block_1_87' title="bbox 1984 4545 3478 4620">
    <p class='ocr_par' dir='ltr' id='par_1_87' title="bbox 1984 4545 3478 4620">
     <span class='ocr_line' id='line_1_87' title="bbox 1984 4545 3478 4620; baseline 0.003 -21"><span class='ocrx_word' id='word_1_638' title='bbox 1984 4547 2134 4614; x_wconf 88' lang='lat' dir='ltr'><strong>Quod</strong></span> <span class='ocrx_word' id='word_1_639' title='bbox 2164 4545 2416 4601; x_wconf 90' lang='lat' dir='ltr'><strong>Christus</strong></span> <span class='ocrx_word' id='word_1_640' title='bbox 2449 4547 2520 4600; x_wconf 89' lang='lat' dir='ltr'><strong>sit</strong></span> <span class='ocrx_word' id='word_1_641' title='bbox 2556 4548 2688 4614; x_wconf 86' lang='lat' dir='ltr'><strong>vita,</strong></span> <span class='ocrx_word' id='word_1_642' title='bbox 2722 4558 2777 4603; x_wconf 88' lang='lat' dir='ltr'><strong>ct</strong></span> <span class='ocrx_word' id='word_1_643' title='bbox 2801 4550 3132 4620; x_wconf 21' lang='lat' dir='ltr'><strong>’vivillcator,</strong></span> <span class='ocrx_word' id='word_1_644' title='bbox 3164 4559 3478 4619; x_wconf 83' lang='lat' dir='ltr'><strong>argumenta</strong></span> 
     </span>
    </p>
   </div>
   <div class='ocr_carea' id='block_1_88' title="bbox 246 4636 1812 4713">
    <p class='ocr_par' dir='ltr' id='par_1_88' title="bbox 246 4636 1812 4713">
     <span class='ocr_line' id='line_1_88' title="bbox 246 4636 1812 4713; baseline -0.006 -17"><span class='ocrx_word' id='word_1_645' title='bbox 246 4660 356 4695; x_wconf 91' lang='grc' dir='ltr'><strong>νων</strong></span> <span class='ocrx_word' id='word_1_646' title='bbox 386 4642 535 4713; x_wconf 84' lang='grc' dir='ltr'>παρὰ</span> <span class='ocrx_word' id='word_1_647' title='bbox 564 4640 641 4710; x_wconf 84' lang='grc' dir='ltr'>τῷ</span> <span class='ocrx_word' id='word_1_648' title='bbox 670 4638 952 4709; x_wconf 82' lang='grc' dir='ltr'>ἀποστόλῳ</span> <span class='ocrx_word' id='word_1_649' title='bbox 986 4636 1203 4708; x_wconf 79' lang='grc' dir='ltr'>Παύλῳ,</span> <span class='ocrx_word' id='word_1_650' title='bbox 1236 4636 1328 4689; x_wconf 74' lang='grc' dir='ltr'><strong>καὶ</strong></span> <span class='ocrx_word' id='word_1_651' title='bbox 1365 4637 1423 4689; x_wconf 85' lang='grc' dir='ltr'>ὲν</span> <span class='ocrx_word' id='word_1_652' title='bbox 1452 4638 1564 4698; x_wconf 82' lang='grc' dir='ltr'>τοῖς</span> <span class='ocrx_word' id='word_1_653' title='bbox 1589 4637 1812 4688; x_wconf 87' lang='grc' dir='ltr'>ἀποστο-</span> 
     </span>
    </p>
   </div>
   <div class='ocr_carea' id='block_1_89' title="bbox 1917 4636 3484 4713">
    <p class='ocr_par' dir='ltr' id='par_1_89' title="bbox 1917 4636 3484 4710">
     <span class='ocr_line' id='line_1_89' title="bbox 1917 4636 3484 4710; baseline 0.003 -18"><span class='ocrx_word' id='word_1_654' title='bbox 1917 4653 1974 4692; x_wconf 84' lang='lat' dir='ltr'><strong>ex</strong></span> <span class='ocrx_word' id='word_1_655' title='bbox 2025 4636 2253 4707; x_wconf 86' lang='lat' dir='ltr'><strong>apostoli</strong></span> <span class='ocrx_word' id='word_1_656' title='bbox 2290 4636 2439 4690; x_wconf 87' lang='lat' dir='ltr'><strong>Pauli</strong></span> <span class='ocrx_word' id='word_1_657' title='bbox 2484 4637 2824 4707; x_wconf 83' lang='lat' dir='ltr'><strong>aliorumque</strong></span> <span class='ocrx_word' id='word_1_658' title='bbox 2876 4638 3240 4710; x_wconf 89' lang='lat' dir='ltr'><strong>apostolorum</strong></span> <span class='ocrx_word' id='word_1_659' title='bbox 3288 4638 3484 4696; x_wconf 87' lang='lat' dir='ltr'><strong>litteris</strong></span> 
     </span>
    </p>
   </div>
   <div class='ocr_carea' id='block_1_90' title="bbox 246 4733 765 4805">
    <p class='ocr_par' dir='ltr' id='par_1_90' title="bbox 246 4733 765 4805">
     <span class='ocr_line' id='line_1_90' title="bbox 246 4733 765 4805; baseline -0.01 -16"><span class='ocrx_word' id='word_1_660' title='bbox 246 4734 418 4799; x_wconf 81' lang='grc' dir='ltr'>λικοϊς</span> <span class='ocrx_word' id='word_1_661' title='bbox 444 4735 696 4805; x_wconf 83' lang='grc' dir='ltr'>εὑρήσεις</span> <span class='ocrx_word' id='word_1_662' title='bbox 718 4733 765 4785; x_wconf 73' lang='grc' dir='ltr'><strong>ε.</strong></span> 
     </span>
    </p>
   </div>
   <div class='ocr_carea' id='block_1_91' title="bbox 320 4815 1813 4891">
    <p class='ocr_par' dir='ltr' id='par_1_91' title="bbox 320 4815 1813 4891">
     <span class='ocr_line' id='line_1_91' title="bbox 320 4815 1813 4891; baseline -0.003 -14"><span class='ocrx_word' id='word_1_663' title='bbox 320 4825 443 4877; x_wconf 78' lang='grc' dir='ltr'><strong>Ὀτι</strong></span> <span class='ocrx_word' id='word_1_664' title='bbox 486 4824 564 4886; x_wconf 89' lang='grc' dir='ltr'><strong>εἰς</strong></span> <span class='ocrx_word' id='word_1_665' title='bbox 610 4820 841 4891; x_wconf 84' lang='grc' dir='ltr'>Χριστὸν</span> <span class='ocrx_word' id='word_1_666' title='bbox 892 4820 923 4890; x_wconf 77' lang='grc' dir='ltr'>ἡ</span> <span class='ocrx_word' id='word_1_667' title='bbox 979 4818 1160 4881; x_wconf 86' lang='grc' dir='ltr'>πίστις</span> <span class='ocrx_word' id='word_1_668' title='bbox 1199 4816 1275 4882; x_wconf 81' lang='grc' dir='ltr'><strong>ὡς</strong></span> <span class='ocrx_word' id='word_1_669' title='bbox 1305 4818 1384 4881; x_wconf 78' lang='grc' dir='ltr'>εἰς</span> <span class='ocrx_word' id='word_1_670' title='bbox 1409 4816 1562 4884; x_wconf 84' lang='grc' dir='ltr'>Θεὸν,</span> <span class='ocrx_word' id='word_1_671' title='bbox 1598 4816 1665 4871; x_wconf 81' lang='grc' dir='ltr'><strong>ἐκ</strong></span> <span class='ocrx_word' id='word_1_672' title='bbox 1704 4815 1813 4872; x_wconf 81' lang='grc' dir='ltr'><strong>τῶν</strong></span> 
     </span>
    </p>
   </div>
   <div class='ocr_carea' id='block_1_92' title="bbox 247 4912 1338 4981">
    <p class='ocr_par' dir='ltr' id='par_1_92' title="bbox 247 4912 1338 4981">
     <span class='ocr_line' id='line_1_92' title="bbox 247 4912 1338 4981; baseline -0.005 -12"><span class='ocrx_word' id='word_1_673' title='bbox 247 4914 571 4979; x_wconf 62' lang='grc' dir='ltr'>ηθολικῶν,</span> <span class='ocrx_word' id='word_1_674' title='bbox 603 4916 694 4967; x_wconf 76' lang='grc' dir='ltr'><strong>καὶ</strong></span> <span class='ocrx_word' id='word_1_675' title='bbox 720 4913 785 4965; x_wconf 82' lang='grc' dir='ltr'><strong>ὲκ</strong></span> <span class='ocrx_word' id='word_1_676' title='bbox 812 4912 920 4965; x_wconf 84' lang='grc' dir='ltr'>τῶν</span> <span class='ocrx_word' id='word_1_677' title='bbox 953 4912 1338 4981; x_wconf 82' lang='grc' dir='ltr'>εὐαγγελικῶν.</span> 
     </span>
    </p>
   </div>
   <div class='ocr_carea' id='block_1_93' title="bbox 326 5000 1816 5076">
    <p class='ocr_par' dir='ltr' id='par_1_93' title="bbox 326 5000 1816 5076">
     <span class='ocr_line' id='line_1_93' title="bbox 326 5000 1816 5076; baseline -0.002 -18"><span class='ocrx_word' id='word_1_678' title='bbox 326 5006 444 5059; x_wconf 84' lang='grc' dir='ltr'>Ὅτι</span> <span class='ocrx_word' id='word_1_679' title='bbox 488 5004 602 5076; x_wconf 77' lang='grc' dir='ltr'><strong>ζωὴ</strong></span> <span class='ocrx_word' id='word_1_680' title='bbox 642 5004 736 5057; x_wconf 75' lang='grc' dir='ltr'><strong>καὶ</strong></span> <span class='ocrx_word' id='word_1_681' title='bbox 774 5005 1077 5075; x_wconf 84' lang='grc' dir='ltr'>ἱλαστήριον</span> <span class='ocrx_word' id='word_1_682' title='bbox 1105 5004 1134 5057; x_wconf 96' lang='lat'><strong>6</strong></span> <span class='ocrx_word' id='word_1_683' title='bbox 1164 5001 1420 5073; x_wconf 83' lang='grc' dir='ltr'>Χριστὸς,</span> <span class='ocrx_word' id='word_1_684' title='bbox 1454 5002 1674 5071; x_wconf 79' lang='grc' dir='ltr'>ἐκλογαὶ</span> <span class='ocrx_word' id='word_1_685' title='bbox 1700 5000 1816 5055; x_wconf 81' lang='grc' dir='ltr'>διά-</span> 
     </span>
    </p>
   </div>
   <div class='ocr_carea' id='block_1_94' title="bbox 248 5113 426 5169">
    <p class='ocr_par' dir='ltr' id='par_1_94' title="bbox 248 5113 426 5169">
     <span class='ocr_line' id='line_1_94' title="bbox 248 5113 426 5169; baseline 0.017 -2"><span class='ocrx_word' id='word_1_686' title='bbox 248 5113 426 5169; x_wconf 83' lang='grc' dir='ltr'>φοροι-</span> 
     </span>
    </p>
   </div>
   <div class='ocr_carea' id='block_1_95' title="bbox 319 5183 1816 5257">
    <p class='ocr_par' dir='ltr' id='par_1_95' title="bbox 319 5183 1816 5257">
     <span class='ocr_line' id='line_1_95' title="bbox 319 5183 1816 5257; baseline -0.002 -17"><span class='ocrx_word' id='word_1_687' title='bbox 319 5188 441 5240; x_wconf 73' lang='grc' dir='ltr'>ὐτι</span> <span class='ocrx_word' id='word_1_688' title='bbox 473 5188 502 5240; x_wconf 93' lang='lat'><strong>6</strong></span> <span class='ocrx_word' id='word_1_689' title='bbox 528 5184 762 5257; x_wconf 87' lang='grc' dir='ltr'>Χριστοῦ</span> <span class='ocrx_word' id='word_1_690' title='bbox 807 5186 1033 5248; x_wconf 84' lang='grc' dir='ltr'>θάνατος</span> <span class='ocrx_word' id='word_1_691' title='bbox 1079 5183 1157 5255; x_wconf 84' lang='grc' dir='ltr'>τῷ</span> <span class='ocrx_word' id='word_1_692' title='bbox 1199 5184 1388 5255; x_wconf 83' lang='grc' dir='ltr'>κόσμῳ</span> <span class='ocrx_word' id='word_1_693' title='bbox 1436 5186 1719 5256; x_wconf 80' lang='grc' dir='ltr'>σωτήριος,</span> <span class='ocrx_word' id='word_1_694' title='bbox 1751 5184 1816 5239; x_wconf 83' lang='grc' dir='ltr'><strong>ὲκ</strong></span> 
     </span>
    </p>
   </div>
   <div class='ocr_carea' id='block_1_96' title="bbox 246 5272 1546 5344">
    <p class='ocr_par' dir='ltr' id='par_1_96' title="bbox 246 5272 1546 5344">
     <span class='ocr_line' id='line_1_96' title="bbox 246 5272 1546 5344; baseline -0.003 -10"><span class='ocrx_word' id='word_1_695' title='bbox 246 5280 358 5334; x_wconf 79' lang='grc' dir='ltr'><strong>τῶν</strong></span> <span class='ocrx_word' id='word_1_696' title='bbox 387 5276 758 5333; x_wconf 74' lang='grc' dir='ltr'>ἀποπολικῶν</span> <span class='ocrx_word' id='word_1_697' title='bbox 786 5277 879 5330; x_wconf 80' lang='grc' dir='ltr'><strong>καὶ</strong></span> <span class='ocrx_word' id='word_1_698' title='bbox 910 5272 1276 5344; x_wconf 79' lang='grc' dir='ltr'>εὐαγγελικῶν</span> <span class='ocrx_word' id='word_1_699' title='bbox 1304 5274 1546 5344; x_wconf 84' lang='grc' dir='ltr'>ὲκλογαί.</span> 
     </span>
    </p>
   </div>
   <div class='ocr_carea' id='block_1_97' title="bbox 320 5447 1426 5520">
    <p class='ocr_par' dir='ltr' id='par_1_97' title="bbox 320 5447 1426 5520">
     <span class='ocr_line' id='line_1_97' title="bbox 320 5447 1426 5520; baseline -0.004 -13"><span class='ocrx_word' id='word_1_700' title='bbox 320 5452 368 5485; x_wconf 68' lang='grc'><strong>⁸⁸</strong></span> <span class='ocrx_word' id='word_1_701' title='bbox 395 5451 559 5509; x_wconf 88' lang='lat' dir='ltr'><strong>llebr.</strong></span> <span class='ocrx_word' id='word_1_702' title='bbox 595 5467 693 5519; x_wconf 88' lang='lat' dir='ltr'><strong>vn,</strong></span> <span class='ocrx_word' id='word_1_703' title='bbox 734 5450 787 5507; x_wconf 90' lang='lat'><strong>7.</strong></span> <span class='ocrx_word' id='word_1_704' title='bbox 864 5450 910 5483; x_wconf 83' lang='grc'>⁸⁸</span> <span class='ocrx_word' id='word_1_705' title='bbox 940 5449 1108 5507; x_wconf 91' lang='lat' dir='ltr'><strong>lCor.</strong></span> <span class='ocrx_word' id='word_1_706' title='bbox 1135 5447 1176 5517; x_wconf 89' lang='lat' dir='ltr'><strong>l,</strong></span> <span class='ocrx_word' id='word_1_707' title='bbox 1210 5449 1246 5503; x_wconf 76' lang='grc'>2</span> <span class='ocrx_word' id='word_1_708' title='bbox 1273 5463 1426 5520; x_wconf 90' lang='lat' dir='ltr'><strong>seqq.</strong></span> 
     </span>
    </p>
   </div>
   <div class='ocr_carea' id='block_1_98' title="bbox 1913 4729 2099 4799">
    <p class='ocr_par' dir='ltr' id='par_1_98' title="bbox 1913 4729 2099 4799">
     <span class='ocr_line' id='line_1_98' title="bbox 1913 4729 2099 4799; baseline -0.011 -15"><span class='ocrx_word' id='word_1_709' title='bbox 1913 4729 2099 4799; x_wconf 89' lang='lat' dir='ltr'><strong>petita.</strong></span> 
     </span>
    </p>
   </div>
   <div class='ocr_carea' id='block_1_99' title="bbox 1985 4818 3499 4886">
    <p class='ocr_par' dir='ltr' id='par_1_99' title="bbox 1985 4818 3499 4886">
     <span class='ocr_line' id='line_1_99' title="bbox 1985 4818 3499 4886; baseline 0.002 -13"><span class='ocrx_word' id='word_1_710' title='bbox 1985 4820 2135 4886; x_wconf 88' lang='lat' dir='ltr'><strong>Quod</strong></span> <span class='ocrx_word' id='word_1_711' title='bbox 2179 4819 2312 4873; x_wconf 80' lang='lat' dir='ltr'><strong>ﬁdes</strong></span> <span class='ocrx_word' id='word_1_712' title='bbox 2345 4819 2416 4872; x_wconf 90' lang='lat' dir='ltr'><strong>sit</strong></span> <span class='ocrx_word' id='word_1_713' title='bbox 2459 4819 2512 4873; x_wconf 92' lang='lat' dir='ltr'><strong>in</strong></span> <span class='ocrx_word' id='word_1_714' title='bbox 2550 4818 2848 4885; x_wconf 75' lang='lat' dir='ltr'><strong>Christum,</strong></span> <span class='ocrx_word' id='word_1_715' title='bbox 2894 4822 3033 4876; x_wconf 91' lang='lat' dir='ltr'><strong>utin</strong></span> <span class='ocrx_word' id='word_1_716' title='bbox 3070 4821 3258 4886; x_wconf 90' lang='lat' dir='ltr'><strong>Deum,</strong></span> <span class='ocrx_word' id='word_1_717' title='bbox 3289 4838 3352 4877; x_wconf 80' lang='lat' dir='ltr'><strong>ex</strong></span> <span class='ocrx_word' id='word_1_718' title='bbox 3390 4837 3499 4878; x_wconf 78' lang='lat' dir='ltr'><strong>ca-&#39;</strong></span> 
     </span>
    </p>
   </div>
   <div class='ocr_carea' id='block_1_100' title="bbox 1917 4908 2595 4980">
    <p class='ocr_par' dir='ltr' id='par_1_100' title="bbox 1917 4908 2595 4980">
     <span class='ocr_line' id='line_1_100' title="bbox 1917 4908 2595 4980; baseline 0.001 -16"><span class='ocrx_word' id='word_1_719' title='bbox 1917 4908 2132 4964; x_wconf 88' lang='lat' dir='ltr'><strong>tholicis</strong></span> <span class='ocrx_word' id='word_1_720' title='bbox 2163 4918 2218 4963; x_wconf 90' lang='lat' dir='ltr'><strong>et</strong></span> <span class='ocrx_word' id='word_1_721' title='bbox 2244 4910 2595 4980; x_wconf 86' lang='lat' dir='ltr'><strong>evangelicis.</strong></span> 
     </span>
    </p>
   </div>
   <div class='ocr_carea' id='block_1_101' title="bbox 1986 4999 3481 5077">
    <p class='ocr_par' dir='ltr' id='par_1_101' title="bbox 1986 4999 3481 5077">
     <span class='ocr_line' id='line_1_101' title="bbox 1986 4999 3481 5077; baseline 0.007 -26"><span class='ocrx_word' id='word_1_722' title='bbox 1986 4999 2139 5067; x_wconf 89' lang='lat' dir='ltr'><strong>Quod</strong></span> <span class='ocrx_word' id='word_1_723' title='bbox 2178 5002 2429 5055; x_wconf 88' lang='lat' dir='ltr'><strong>Christus</strong></span> <span class='ocrx_word' id='word_1_724' title='bbox 2473 5003 2543 5055; x_wconf 90' lang='lat' dir='ltr'><strong>sit</strong></span> <span class='ocrx_word' id='word_1_725' title='bbox 2570 5003 2679 5055; x_wconf 87' lang='lat' dir='ltr'><strong>vita</strong></span> <span class='ocrx_word' id='word_1_726' title='bbox 2722 5013 2775 5056; x_wconf 90' lang='lat' dir='ltr'><strong>et</strong></span> <span class='ocrx_word' id='word_1_727' title='bbox 2802 5004 3255 5073; x_wconf 88' lang='lat' dir='ltr'><strong>pr0pitiatorium,</strong></span> <span class='ocrx_word' id='word_1_728' title='bbox 3289 5008 3481 5077; x_wconf 79' lang='lat' dir='ltr'><strong>expla-</strong></span> 
     </span>
    </p>
   </div>
   <div class='ocr_carea' id='block_1_102' title="bbox 1916 5092 2375 5146">
    <p class='ocr_par' dir='ltr' id='par_1_102' title="bbox 1916 5092 2375 5146">
     <span class='ocr_line' id='line_1_102' title="bbox 1916 5092 2375 5146; baseline 0.002 -1"><span class='ocrx_word' id='word_1_729' title='bbox 1916 5092 2162 5145; x_wconf 89' lang='lat' dir='ltr'><strong>nationes</strong></span> <span class='ocrx_word' id='word_1_730' title='bbox 2191 5093 2375 5146; x_wconf 59' lang='lat' dir='ltr'><strong>variae.</strong></span> 
     </span>
    </p>
   </div>
   <div class='ocr_carea' id='block_1_103' title="bbox 1987 5181 3484 5257">
    <p class='ocr_par' dir='ltr' id='par_1_103' title="bbox 1987 5181 3484 5257">
     <span class='ocr_line' id='line_1_103' title="bbox 1987 5181 3484 5257; baseline 0.005 -23"><span class='ocrx_word' id='word_1_731' title='bbox 1987 5182 2139 5248; x_wconf 90' lang='lat' dir='ltr'><strong>Quod</strong></span> <span class='ocrx_word' id='word_1_732' title='bbox 2172 5181 2375 5237; x_wconf 89' lang='lat' dir='ltr'><strong>Christi</strong></span> <span class='ocrx_word' id='word_1_733' title='bbox 2403 5196 2548 5238; x_wconf 88' lang='lat' dir='ltr'><strong>mors</strong></span> <span class='ocrx_word' id='word_1_734' title='bbox 2579 5183 2779 5240; x_wconf 84' lang='lat' dir='ltr'><strong>mundo</strong></span> <span class='ocrx_word' id='word_1_735' title='bbox 2817 5185 3070 5241; x_wconf 87' lang='lat' dir='ltr'><strong>salutaris</strong></span> <span class='ocrx_word' id='word_1_736' title='bbox 3099 5187 3389 5257; x_wconf 83' lang='lat' dir='ltr'><strong>exstiterit,</strong></span> <span class='ocrx_word' id='word_1_737' title='bbox 3416 5202 3484 5243; x_wconf 77' lang='lat' dir='ltr'><strong>ex</strong></span> 
     </span>
    </p>
   </div>
   <div class='ocr_carea' id='block_1_104' title="bbox 1920 5274 3113 5346">
    <p class='ocr_par' dir='ltr' id='par_1_104' title="bbox 1920 5274 3113 5346">
     <span class='ocr_line' id='line_1_104' title="bbox 1920 5274 3113 5346; baseline 0.009 -19"><span class='ocrx_word' id='word_1_738' title='bbox 1920 5274 2236 5342; x_wconf 87' lang='lat' dir='ltr'><strong>apostolicis</strong></span> <span class='ocrx_word' id='word_1_739' title='bbox 2266 5284 2322 5329; x_wconf 91' lang='lat' dir='ltr'><strong>et</strong></span> <span class='ocrx_word' id='word_1_740' title='bbox 2352 5276 2678 5346; x_wconf 82' lang='lat' dir='ltr'><strong>evangelicis</strong></span> <span class='ocrx_word' id='word_1_741' title='bbox 2713 5279 3113 5339; x_wconf 77' lang='lat' dir='ltr'><strong>annotationes.</strong></span> 
     </span>
    </p>
   </div>
   <div class='ocr_carea' id='block_1_105' title="bbox 1316 5600 2395 5672">
    <p class='ocr_par' dir='ltr' id='par_1_105' title="bbox 1316 5600 2395 5672">
     <span class='ocr_line' id='line_1_105' title="bbox 1316 5600 2395 5672; baseline -0.001 -13"><span class='ocrx_word' id='word_1_742' title='bbox 1316 5602 1488 5659; x_wconf 72' lang='lat' dir='ltr'><strong>Variae</strong></span> <span class='ocrx_word' id='word_1_743' title='bbox 1512 5602 1771 5658; x_wconf 88' lang='lat' dir='ltr'><strong>lectiones</strong></span> <span class='ocrx_word' id='word_1_744' title='bbox 1803 5600 2006 5658; x_wconf 92' lang='lat' dir='ltr'><strong>codicis</strong></span> <span class='ocrx_word' id='word_1_745' title='bbox 2036 5600 2395 5672; x_wconf 85' lang='lat' dir='ltr'><strong>Seguieriani.</strong></span> 
     </span>
    </p>
   </div>
   <div class='ocr_carea' id='block_1_106' title="bbox 326 5785 1346 5860">
    <p class='ocr_par' dir='ltr' id='par_1_106' title="bbox 326 5785 1346 5860">
     <span class='ocr_line' id='line_1_106' title="bbox 326 5785 1346 5860; baseline -0.007 -14"><span class='ocrx_word' id='word_1_746' title='bbox 326 5790 460 5846; x_wconf 67' lang='grc' dir='ltr'><strong>1δδέ.</strong></span> <span class='ocrx_word' id='word_1_747' title='bbox 537 5798 561 5829; x_wconf 75' lang='grc' dir='ltr'><strong>ο</strong></span> <span class='ocrx_word' id='word_1_748' title='bbox 603 5787 1015 5860; x_wconf 64' lang='grc' dir='ltr'>ὲμψυχωμένον.</span> <span class='ocrx_word' id='word_1_749' title='bbox 1089 5785 1346 5858; x_wconf 69' lang='grc' dir='ltr'>ἀέαυτῷ.</span> 
     </span>
    </p>
   </div>
   <div class='ocr_carea' id='block_1_107' title="bbox 1464 5783 2649 5858">
    <p class='ocr_par' dir='ltr' id='par_1_107' title="bbox 1464 5783 2649 5858">
     <span class='ocr_line' id='line_1_107' title="bbox 1464 5783 2649 5858; baseline 0.005 -21"><span class='ocrx_word' id='word_1_750' title='bbox 1464 5798 1486 5823; x_wconf 72' lang='grc' dir='ltr'><strong>ε</strong></span> <span class='ocrx_word' id='word_1_751' title='bbox 1520 5783 1758 5853; x_wconf 80' lang='grc' dir='ltr'>ἐκλογαί.</span> <span class='ocrx_word' id='word_1_752' title='bbox 1840 5783 1859 5823; x_wconf 71' lang='grc' dir='ltr'><strong>ί</strong></span> <span class='ocrx_word' id='word_1_753' title='bbox 1894 5784 2134 5853; x_wconf 80' lang='grc' dir='ltr'>ἐκλογαί.</span> <span class='ocrx_word' id='word_1_754' title='bbox 2214 5788 2239 5827; x_wconf 70' lang='grc'>⁸</span> <span class='ocrx_word' id='word_1_755' title='bbox 2261 5786 2348 5841; x_wconf 81' lang='grc' dir='ltr'><strong>ἵσ.</strong></span> <span class='ocrx_word' id='word_1_756' title='bbox 2379 5786 2649 5858; x_wconf 82' lang='grc' dir='ltr'>εὑρέσεις.</span> 
     </span>
    </p>
   </div>
  </div>
