4044 6332
591 414 731 470 19.23

1587 410 1646 464 S.
1684 407 1964 465 CYRILLI
2001 405 2467 463 ALEXANDRINI
2505 406 2827 466 AllClllEP.

3682 404 3817 459 ιτα-ι

587 528 741 596 Quod
794 525 1034 582 Christus
1094 526 1162 581 si!
1212 524 1372 589 Deus,
1416 541 1510 591 per
1554 525 1797 578 unionem
1856 524 1947 596 ad,
1978 522 2142 577 Deum

2246 522 2369 574 Ὅτι
2396 522 2576 596 Θεὸς.
2609 524 2644 575 ὁ
2689 522 2965 596 Χριστὸς,
2995 521 3205 596 Wet
3235 521 3313 596 ῖῇ
3352 522 3505 596 πρὸς
3532 521 3641 575 τὸν
3662 524 3818 596 ,θεθτῗ

668 596 888 650 Verbum
936 598 1242 652 ascendente
1283 600 1351 649 ad
1383 596 1499 665 ejus
1536 597 1757 653 aloriant
1790 595 1980 663 tentplo
2013 610 2144 663 quo-

652 683 751 738 que
778 676 1069 736 assumpto.

997 775 1083 831 Ea:
1113 776 1334 847 epistola
1365 777 1434 829 ad
1458 774 1742 831 Romanos.

661 910 679 944 ι
708 890 908 947 Paulus
945 904 1135 946 servus
1169 886 1293 944 Jesu
1327 887 1553 951 Christi,
1588 894 1809 940 vocatus
1851 883 2143 954 apostolus,

583 994 895 1055 segregatus
930 983 983 1036 in
1019 981 1371 1049 Evangelium
1403 979 1522 1043 Dei,
1549 979 1692 1048 quod
1724 987 1850 1030 ante
1883 976 2147 1044 promise-

583 1087 668 1131 rat
702 1091 797 1145 per
848 1075 1140 1144 prophetas
1191 1085 1321 1128 suos
1360 1071 1421 1125 in
1464 1068 1765 1138 Scripturis
1818 1068 2043 1131 sanctis,
2078 1068 2145 1121 de

582 1167 717 1222 Filio
747 1181 866 1230 suo,
897 1163 991 1233 qui
1024 1164 1203 1217 factus
1230 1170 1314 1217 est
1346 1160 1397 1215 ei
1422 1174 1488 1215 ex
1515 1160 1719 1214 semine
1750 1157 1917 1211 David
1948 1170 2144 1211 secun-

582 1258 708 1313 dum
749 1270 1007 1321 carnem;
1040 1253 1131 1322 qui
1170 1250 1593 1322 prazdestinatus
1626 1257 1709 1302 est
1745 1246 1915 1300 Filius
1948 1245 2043 1299 Dei
2083 1244 2138 1299 in

581 1348 689 1420 56
731 1348 966 1411 virtute,
1026 1342 1322 1399 secundum
1384 1339 1643 1409 Spiritum
1697 1334 2146 1392 sanctificationis

579 1455 647 1494 ex
695 1437 1096 1493 resurrectione
1142 1442 1480 1489 mortuorum
1528 1428 1656 1484 Jesu
1702 1427 1899 1483 Christi
1933 1424 2144 1480 Domini

579 1530 752 1586 nostri
783 1528 856 1585 ".
886 1546 905 1579 ι
938 1527 1104 1596 Igitur
1126 1524 1173 1580 si
1195 1523 1508 1593 praedicatio
1530 1519 1597 1574 de
1619 1518 1834 1573 Christo
1859 1526 1940 1572 est
1968 1516 2145 1570 Evan-

578 1620 775 1690 gelium
804 1619 896 1673 Dei
920 1657 937 1684 ,
976 1616 1244 1686 quomodo
1269 1613 1521 1669 Christus
1553 1626 1658 1667 non
1689 1620 1773 1665 est
1800 1608 1974 1664 Deus?
2001 1608 2143 1662 Rur-

578 1723 696 1762 sum
745 1706 791 1761 si
842 1719 1034 1761 omnes
1082 1703 1302 1758 omnino
1350 1702 1626 1770 prophetae
1668 1704 1733 1754 ad
1771 1702 1945 1769 ipsum
1985 1698 2141 1768 quasi

576 1799 647 1854 ad
690 1811 914 1868 scopum
961 1795 1262 1859 collimant,
1296 1793 1599 1861 divinaeque
1645 1791 1943 1860 Scriptum
1988 1791 2138 1845 illum

2320 595 2511 659 Λόγον
2530 594 2617 657 εὶς
2646 592 2760 658 τὴν
2783 592 2966 646 αὐτοῦ
2998 593 3185 657 δόξαν
3214 592 3690 658 ἀναϐαίνοντοςὶ
3718 592 3812 645 καὶ

2319 661 2426 716 τοῦ
2452 662 2945 730 προσληφθέντος
2975 663 3146 717 ναοῦ.

2627 774 2729 827 Ἐκ
2765 772 2876 842 τῆς
2911 773 3061 842 πρὸς
3099 775 3429 845 Ῥωμαίους.

2326 907 2344 940 ι
2361 887 2574 950 Παῦλος
2599 888 2782 952 δοῦλος
2806 889 2979 960 Ἰησοῦ
3000 890 3254 960 Χριστοῦ,
3269 890 3465 961 κλητὸς
3488 894 3810 960 ἀπόστολος,

2247 981 2628 1052 ἀφωρισμένος
2657 982 2737 1043 είς
2766 981 3093 1050 Εὐαγγέλιον
3112 982 3266 1049 Θεοῦ,
3293 983 3320 1036 ὃ
3341 988 3815 1055 προεπηγγείλατο

2247 1071 2336 1125 διὰ
2372 1072 2482 1125 τῶν
2526 1071 2818 1142 προφητῶν
2855 1070 3019 1125 αὐτοῦ
3067 1074 3124 1124 ὲν
3170 1073 3412 1143 Γραφαῖς
3439 1076 3647 1145 ἁγίαις,
3688 1078 3816 1146 περὶ

2246 1162 2341 1216 τοῦ
2371 1160 2500 1216 Υἱοῦ
2529 1161 2715 1226 αὑτοῦ,
2750 1160 2844 1215 τοῦ
2879 1161 3171 1231 γενομένου
3202 1163 3266 1215 ὲκ
3297 1164 3609 1233 σπέρματος
3651 1165 3815 1218 Δαυῒδ

2249 1252 2388 1307 κατά
2421 1252 2630 1323 σάρκα’
2664 1250 2756 1307 τοῦ
2792 1252 3096 1321 ὁρισθέντος
3129 1252 3260 1306 Υίοῦ
3308 1253 3440 1307 Θεοῦ
3481 1257 3537 1309 ὲν
3582 1256 3812 1325 δυνάμει

2246 1343 2389 1397 κατά
2437 1344 2660 1413 Πνεῦμα
2710 1343 3039 1413 ἁγιωσύνης,
3085 1344 3145 1409 ἐξ
3189 1345 3527 1411 ἀναστάσεως
3575 1349 3813 1418 νεκρῶν,

2259 1435 2433 1505 Ἰησοῦ
2462 1432 2698 1506 Χριστοῦ
2744 1432 2838 1487 τοῦ
2886 1435 3090 1505 Κυρίου
3120 1434 3296 1506 ἡμῶν.
3330 1454 3349 1488 s
3382 1436 3614 1499 Οὐκοῦν,
3652 1438 3815 1508 εἰπερ

2245 1524 2393 1577 ἐστὶν
2438 1524 2767 1592 Εὑαγγέλιον
2806 1523 2940 1577 Θεοῦ
2985 1524 3047 1577 τὸ
3086 1526 3216 1596 περὶ
3245 1525 3479 1595 Χριστοῦ
3522 1527 3812 1597 κήρυγμα,

2246 1614 2363 1678 πῶς
2390 1615 2451 1668 οὐ
2485 1615 2615 1679 Θεὸς
2646 1617 2675 1668 ὁ
2702 1616 2966 1686 Χριστός;
2999 1616 3110 1670 Καὶ
3152 1618 3201 1670 εί
3245 1618 3425 1686 πάσης
3472 1619 3817 1688 προφητείας

2246 1705 2332 1759 ἐπ’
2366 1704 2496 1759 αὐτὸ
2541 1704 2839 1776 βλεπούσης
2874 1705 3064 1776 πέρας,
3101 1706 3195 1759 καὶ
3237 1706 3366 1759 Υίὸν
3407 1707 3499 1759 τοῦ
3530 1706 3672 1760 Θεοῦ
3721 1725 3818 1776 κη-

2234 1794 2529 1866 ρύττουσιν
2571 1798 2625 1849 αἱ
2657 1795 2868 1866 Γραφαὶ
2896 1796 2986 1851 τὸν
3034 1797 3099 1850 ὲκ
3149 1796 3460 1866 σπέρματος
3484 1796 3670 1858 Δαυῖδ,
3711 1800 3818 1850 κᾶν

578 1891 774 1960 ipsum,
808 1888 901 1959 qui
948 1902 1014 1941 ex
1060 1887 1270 1942 semine
1301 1884 1470 1939 David
1518 1893 1670 1938 ortus
1701 1893 1806 1947 est,
1832 1897 2135 1951 quanquam

2246 1884 2471 1955 ὡρίσθαι
2494 1885 2704 1953 λέγοιτο
2743 1886 2886 1940 κατά
2911 1886 3137 1956 Πνεῦμα
3167 1885 3473 1955 ἁγιωσύνης
3505 1887 3600 1940 διὰ
3625 1888 3692 1939 τὸ
3720 1889 3818 1957 τῆς

577 1992 798 2051 propter
830 1979 1227 2036 incarnationis
1267 1976 1590 2049 mysterium
1618 1975 1909 2030 secundum
1938 1974 2141 2029 sancti-

2244 1974 2705 2046 ἑνανθρωπήσεως
2735 1977 3049 2046 μυστήριον·
3076 1975 3190 2039 πῶς
3218 1976 3314 2045 οὐχ
3334 1975 3459 2037 Υἱὸς
3487 1976 3735 2046 ἀληθῶς,
3758 1978 3818 2030 ὲκ

577 2070 845 2126 ﬁcationis
888 2069 1145 2140 Spiritum
1198 2069 1610 2139 przdestinatus
1661 2067 1891 2129 dicatur,
1945 2064 2138 2120 Filium

2246 2065 2340 2134 τῆς
2379 2066 2487 2119 τῶν
2515 2066 2722 2137 νεκρῶν
2751 2068 3096 2131 ἀναστάσεως
3131 2066 3606 2137 μαρτυρούμενοςὲ
3654 2069 3821 2138 Ἒγή“

573 2163 668 2217 Dei
721 2162 1039 2231 praedicant,
1093 2177 1199 2231 quo
1233 2170 1395 2231 pacto
1440 2174 1547 2213 non
1598 2167 1682 2213 est
1727 2172 1889 2212 verus
1939 2156 2136 2223 Filius;

575 2256 811 2308 maxime
848 2269 976 2309 vero
1024 2269 1145 2308 cum
1176 2266 1272 2324 per
1306 2251 1759 2306 resurrectionem
1805 2264 1870 2302 ex
1917 2250 2142 2305 mortuis

2243 2174 2433 2228 γερται
2466 2157 2575 2229 γὰρ
2602 2158 2702 2211 οὐκ
2730 2157 3014 2230 ἄνθρωπος
3044 2159 3217 2222 κοινὸς
3250 2158 3369 2212 καθ’
3397 2160 3566 2228 ἡμᾶς,
3598 2159 3721 2212 ἀλλ’
3745 2160 3821 2222 ὡς

2244 2250 2475 2304 θανάτου
2513 2251 2799 2321 κρείττων,
2833 2250 2969 2304 καθὸ
2993 2251 3089 2305 καὶ
3112 2250 3225 2318 ζωὴ
3254 2252 3346 2305 καὶ
3373 2250 3523 2315 Θεός.

574 2349 798 2407 evidens
830 2350 1197 2405 testimonium
1226 2348 1457 2403 habeat?
1485 2345 1672 2414 Neque
1735 2346 1881 2401 enim
1939 2344 1992 2397 in
2026 2346 2189 2398 vitam
2247 2347 2605 2402 resuscitatus
2662 2355 2745 2402 est
2798 2354 2858 2401 ut
2906 2361 3042 2402 unus
3093 2347 3355 2416 quispiam
3415 2346 3581 2401 homo
3635 2349 3815 2402 nostri

572 2442 801 2505 similis,
857 2441 953 2495 sed
1008 2448 1263 2508 tanquam
1312 2446 1486 2492 morte
1537 2449 1816 2505 superior,
1865 2443 2135 2504 quatenus
2174 2435 2425 2491 nimirum
2455 2438 2559 2490 vita
2595 2446 2681 2491 est
2703 2445 2757 2493 et
2785 2436 2943 2493 Deus.

645 2536 723 2590 De
759 2534 843 2589 his
891 2532 981 2603 qui
1026 2533 1305 2589 Creatoris
1348 2534 1466 2587 loco
1508 2542 1813 2587 creaturam
1863 2532 2137 2587 adorant:

579 2647 598 2681 ι
633 2629 767 2694 Quia
818 2641 941 2681 cum
989 2625 1372 2695 cognovissent
1400 2625 1591 2689 Deum,
1635 2639 1738 2678 non
1786 2624 1925 2679 sicut
1969 2624 2136 2678 Deum

582 2721 1039 2790 gloriﬁcaverunt,
1063 2731 1154 2771 aut
1175 2718 1374 2785 gratias
1394 2726 1656 2785 egerunt;
1684 2718 1776 2771 sed
1798 2725 2137 2771 evanuerunt

2319 2532 2454 2600 Περὶ
2482 2531 2590 2584 τῶν
2619 2529 3060 2601 προσκυνούντων
3089 2533 3152 2601 τῆ
3185 2532 3359 2585 κτίσει
3388 2532 3539 2603 παρὰ
3573 2533 3671 2586 τὸν
3699 2533 3821 2587 κτί-

2247 2641 2411 2676 σαντα
2432 2638 2446 2652 '
2498 2642 2517 2673 ‹
2545 2621 2686 2675 Διότι
2720 2622 2938 2689 γνόντες
2962 2620 3054 2673 τὸν
3086 2620 3237 2683 Θεὸν,
3277 2624 3374 2691 οὐχ
3416 2623 3491 2687 ὼς
3531 2624 3675 2678 Θεὸν
3703 2626 3819 2678 se:-

2245 2715 2432 2780 ξασαν,
2462 2714 2493 2783 ἢ
2524 2714 2947 2783 εὐγαρίστησαν,
2998 2712 3111 2765 ἀλλ’
3143 2714 3583 2786 ἐματαιώθησαν,
3612 2717 3680 2771 ἐν
3709 2721 3819 2781 τοῖς

573 2810 627 2862 iu
661 2807 1080 2877 cogitationibus
1115 2807 1247 2869 suis.
1292 2814 1346 2860 et
1376 2807 1722 2861 obscuratum
1755 2814 1837 2860 est
1873 2806 2135 2875 insipiens

2246 2806 2604 2876 διαλογισμοῖς
2632 2804 2831 2873 αὐτῶν,
2864 2805 2957 2858 καί¹
2988 2805 3273 2874 ἐσκοτίσθη
3299 2806 3331 2876 ἡ
3356 2806 3615 2871 ἀσύνετος
3634 2808 3817 2865 αιὶτῶν

573 2915 669 2953 ι·οΓ
690 2914 897 2953 eorum.
930 2897 1185 2951 Dicentes
1214 2897 1357 2951 enim
1400 2912 1459 2950 se
1500 2910 1619 2951 esse
1662 2898 1957 2966 sapientes,
1991 2898 2138 2952 stulti

2246 2898 2465 2968 καρδία·
2528 2898 2829 2966 φάσκοντες
2880 2892 3016 2951 εἶναι
3076 2898 3269 2966 σοφοὶ,
3325 2899 3757 2971 ἐμωράνθησαν.
3793 2920 3811 2951 ι

573 2987 699 3041 facti
724 2996 851 3040 sum
872 2985 940 3041 ⁸⁷.
976 3004 993 3036 ι
1034 2985 1239 3038 Scribit
1273 2985 1412 3039 idem
1442 2984 1640 3039 Paulus
1680 2985 1805 3039 alibi
1840 2986 1928 3049 iis,
1958 2986 2047 3054 qui
2072 3001 2139 3039 ex

2246 2993 2443 3062 Γράφει
2471 3007 2573 3042 που
2602 2988 2811 3053 Παῦλος
2837 2991 2949 3053 τοῖς
2979 2988 3229 3054 ὲξνὲθνῶν
3254 2990 3635 3060 κεκλημένοις,
3664 3008 3818 3045 τουτο

572 3078 823 3147 gentibus
853 3075 1029 3130 vocati
1061 3074 1299 3140 fuerunt,
1330 3075 1434 3129 hoc
1472 3084 1554 3130 est
1586 3075 1763 3140 nobis,
1793 3076 1896 3131 hoc
1935 3077 2094 3132 modo
2120 3093 2135 3131 :

2246 3083 2387 3136 ἐστιν
2420 3083 2579 3152 ἡμῖν’
2614 3100 2633 3133 ι
2662 3081 2797 3134 Νυνὶ
2833 3081 2891 3135 δὲ
2922 3081 3139 3149 γνόντες
3166 3081 3319 3148 Θεὸν,
3351 3082 3553 3151 μᾶλλον
3583 3083 3642 3136 δὲ
3674 3099 3816 3150 γνω-

577 3185 597 3219 ι
624 3164 781 3220 Nunc
816 3174 995 3218 autem
1022 3179 1146 3217 cum
1176 3163 1538 3233 cognoveritis
1561 3164 1752 3231 Deum,
1787 3166 1896 3221 imo
1924 3168 2135 3234 cognoti

2246 3148 2593 3237 GGéV‘ué‘Dﬁb
2622 3169 2777 3225 Θεοῦ.
2811 3189 2830 3222 ι
2875 3148 3007 3225 Τίνα
3038 3171 3214 3225 τοίνυν
3241 3148 3560 3242 ὲγνῶκαμεν
3594 3148 3695 3226 διὰή
3720 3172 3819 3241 τῆς

572 3258 694 3312 sitis
735 3271 765 3310 a
804 3254 915 3310 Deo
940 3255 1007 3307 ⁸⁸.
1045 3272 1065 3308 ι
1119 3253 1287 3320 Quem
1342 3255 1571 3309 obsecro
1625 3256 1788 3310 alium
1835 3272 1930 3326 per
1977 3258 2135 3313 ﬁdem

2246 3265 2501 3328 πίστεως,
2531 3265 2563 3335 ἢ
2598 3263 2816 3327 πάντως
2844 3263 3075 3334 Χριστὸν
3114 3264 3349 3333 Ἰησοῦν;
3390 3263 3606 3318 Οὐκοῦν
3637 3267 3693 3318 εἰ
3722 3266 3819 3334 μὲν

574 3347 944 3417 cognovimus,
984 3346 1083 3400 nisi
1131 3346 1304 3414 ipsum
1333 3361 1558 3416 prorsus
1585 3346 1769 3403 Jesum
1821 3348 2133 3404 Christum?

2246 3356 2318 3420 ὡς
2351 3354 2481 3409 Θεὸν
2512 3354 2852 3425 ἐγνώκαμεν,
2895 3355 2988 3407 καὶ
3013 3354 3088 3417 ὡς
3115 3354 3247 3407 Θεὸν
3278 3352 3594 3423 δοξάζομεν,
3626 3372 3816 3419 πεφω-

575 3440 756 3504 Quare
801 3438 847 3491 si
882 3436 1029 3491 illum
1087 3446 1144 3488 ut
1171 3436 1337 3489 Deum
1380 3438 1747 3505 cognovimus,
1784 3448 1839 3493 et
1883 3450 1939 3495 ut
1972 3440 2138 3496 Deum

2247 3441 2477 3510 τίσμεθα
2507 3441 2646 3493 κατὰ
2677 3441 2963 3511 ἀλήθειανο
2995 3444 3041 3494 εί
3070 3441 3125 3495 δὲ
3153 3441 3487 3511 ἀλλάσσομεν
3510 3443 3689 3497 αὐτοῦ
3721 3443 3818 3513 τὴν

577 3530 760 3586 debito
785 3530 991 3585 honore
1018 3529 1417 3598 prosequimur,
1443 3544 1573 3583 vere
1600 3529 1883 3584 illuminati
1913 3545 2098 3585 sumus
2123 3548 2137 3584 :

2247 3532 2430 3598 δόξαν,
2463 3531 2894 3602 μεματαιώμεθα
2921 3532 3014 3586 καὶ
3039 3534 3197 3602 ἡμεῖς
3227 3534 3282 3586 ὲν
3306 3536 3417 3597 τοῖς
3442 3534 3819 3605 διαλογισμοῖς

575 3625 661 3679 sin
709 3634 889 3679 autem
934 3622 1079 3678 illius
1110 3622 1335 3691 gloriam
1378 3630 1766 3690 permutamus,
1820 3622 2010 3676 merito
2041 3638 2140 3677 nos

2246 3623 2422 3693 ἡμῶν.
2454 3624 2517 3675 Εἰ
2548 3623 2652 3694 γὰρ
2680 3622 2815 3686 ὅλως
2845 3621 3284 3691 πεπιστεύκαμεν
3309 3625 3389 3686 είς
3418 3624 3604 3687 αὑτὸν,
3628 3625 3711 3688 ὡς
3740 3628 3819 3689 εἰς

576 3716 680 3784 ipsi
731 3730 946 3785 quoque
1018 3715 1071 3768 in
1133 3714 1333 3768 nostris
1387 3714 1811 3784 cogitationibus
1855 3715 2142 3769 evanuisse

2246 3713 2372 3765 Θεὸν
2424 3713 2848 3783 πιστεύομεν.Ἢ
2896 3714 3078 3782 δεήσει
3116 3714 3292 3783 πάντη
3344 3731 3403 3767 τε
3449 3715 3547 3768 καὶ
3594 3718 3816 3781 πάντως

575 3806 1049 3875 deprehendimur.
1102 3804 1237 3858 Nam
1288 3806 1333 3858 si
1377 3819 1505 3858 vere
1550 3806 1603 3857 in
1650 3804 1799 3857 illum
1842 3806 2141 3872 credimus,

2246 3802 2540 3873 ὁμολογεῖν,
2569 3804 2650 3855 ὃτι
2678 3806 2790 3866 τοῖς
2831 3803 2931 3872 τῆς
2972 3802 3202 3873 ἀρχαίας
3240 3803 3452 3874 ἀπάτης
3478 3806 3577 3857 καὶ
3602 3805 3704 3859 νῦν
3735 3809 3817 3858 ἐν-

575 3896 765 3966 utique
803 3904 1059 3964 tanquam
1101 3894 1154 3947 in
1186 3896 1351 3948 Deum
1399 3894 1451 3948 in
1485 3894 1631 3949 illum
1674 3895 1969 3950 credimus.
2002 3896 2143 3950 Alio-

2250 3894 2517 3964 ισχήμεθα
2552 3892 2787 3963 βρόχοις,
2819 3893 3089 3965 ἀνθρώπῳ
3123 3894 3284 3965 κοινῷ
3316 3896 3414 3966 τὴν
3437 3894 3625 3948 πίστιν
3648 3913 3817 3967 προσ-

576 3987 669 4055 (ιυί
690 3986 835 4041 enim
862 3986 1037 4040 modis
1054 3986 1311 4040 omnibus
1334 3984 1493 4039 fateri
1515 3995 1810 4053 oporteret,
1836 4001 1934 4040 nos
1957 3986 2145 4041 etiam-

2246 3987 2486 4055 άγοντες,
2504 3986 2642 4039 Ἀλλ’
2668 3984 2809 4038 οὕτω
2836 3985 2898 4038 τὸ
2927 3985 3123 4057 ἀληθές
3147 3988 3189 4040 ί.
3538 4029 3541 4031 -

579 4093 707 4134 num
753 4077 921 4146 prisci
961 4076 1167 4130 erroris
1233 4072 1441 4144 laqueis
1484 4075 1732 4131 irretitos
1762 4076 1959 4142 teneri,
1994 4083 2177 4147 utpote
2216 4078 2267 4129 in
2305 4090 2647 4130 communem
2708 4074 2981 4130 hominem
3012 4075 3311 4132 credentes.
3367 4077 3438 4133 At
3474 4092 3583 4132 non
3614 4078 3696 4134 ita
3729 4093 3812 4135 res

589 4170 773 4226 habet.

652 4278 672 4312 ι
708 4259 777 4314 Et
807 4258 949 4313 sicut
974 4274 1079 4312 non
1111 4268 1483 4329 pronaverunt
1524 4258 1694 4345 Deum
1726 4259 1922 4314 habere
1951 4260 2004 4313 in
2038 4274 2138 4314 no-

579 4352 718 4416 titia,
759 4350 985 4404 tradidit
1027 4364 1123 4405 eos
1172 4351 1313 4405 Deus
1354 4352 1409 4405 in
1459 4352 1747 4420 reprobum
1793 4366 2033 4416 sensum,
2080 4358 2138 4403 ut

2327 4278 2346 4310 ι
2375 4259 2482 4311 Καὶ
2530 4257 2708 4321 καθὼς
2752 4259 2851 4312 οὐκ
2898 4257 3225 4329 ἐδοκίμασαν
3270 4260 3363 4314 τὸν
3404 4260 3541 4314 Θεὸν
3578 4262 3732 4333 ἔχειν
3757 4266 3814 4315 ἐν

2245 4347 2552 4415 επιγνώσει,
2586 4346 2895 4416 παρέδωκεν
2941 4348 2970 4399 ὀ
3017 4346 3145 4411 Θεὸς
3186 4348 3381 4412 αὐτοὺς
3428 4351 3509 4413 είς
3553 4352 3815 4422 ἀδόκιμον

578 4443 779 4497 faciant
828 4456 895 4495 ea
946 4457 1065 4512 qua:
1114 4457 1220 4495 non
1267 4442 1677 4496 conveniunt”.
1708 4460 1727 4493 ι
1769 4440 1826 4495 Si
1866 4443 2138 4497 Christum

2246 4437 2388 4499 νοῦν,
2415 4439 2587 4490 ποιεῖν
2619 4436 2686 4490 τά
2732 4436 2806 4507 μὴ
2849 4436 3176 4508 καθήκοντα.
3207 4457 3227 4489 ι
3260 4438 3324 4493 El
3357 4440 3592 4509 Χριστὸν
3639 4443 3809 4510 ἔγνως

578 4534 925 4605 agnoscimus
960 4542 1017 4586 ut
1047 4532 1240 4597 Deum,
1270 4534 1550 4603 cognitum
1584 4548 1923 4603 nequaquam
1956 4548 2139 4602 asper-

579 4639 791 4689 nemur,
825 4624 1102 4693 vulgarem
1133 4624 1509 4677 tantummodo
1540 4624 1811 4679 hominem
1836 4624 1986 4678 illum
2017 4638 2141 4678 esse

580 4716 907 4770 dictitantes.
958 4714 1052 4769 Sin
1105 4725 1286 4769 autem
1332 4714 1545 4769 inscitia
1578 4717 1834 4770 excaacati
1873 4716 2013 4770 istud
2056 4714 2141 4769 fa-

579 4821 707 4859 cere
730 4806 886 4858 veriti
915 4820 1019 4858 non
1051 4804 1336 4870 fuerimus,
1365 4804 1526 4859 simul
1566 4819 1689 4859 cum
1719 4804 1839 4858 aliis
1868 4804 1921 4857 in
1955 4817 2141 4873 repro-

579 4900 708 4952 bum
740 4912 958 4951 sensum
985 4897 1292 4966 praecipites
1317 4910 1538 4950 ruamus
1563 4909 1786 4949 necesse
1816 4902 1919 4949 est.

660 5008 679 5040 ι
711 4986 1020 5043 Secundum
1070 4989 1322 5043 duritiam
1357 4998 1521 5048 tuam,
1562 4996 1617 5041 et
1648 4985 1990 5055 impmnitens
2026 4998 2141 5047 cor,

582 5076 926 5131 thesaurizas
960 5077 1055 5130 tibi
1083 5077 1219 5131 iram
1249 5077 1303 5131 in
1336 5076 1422 5130 die
1449 5077 1541 5130 ira:
1564 5084 1618 5129 et
1649 5071 2140 5138 revelationisjusti

577 5161 771 5231 judicii
810 5162 925 5227 Dei,
969 5164 1060 5232 qui
1102 5163 1288 5217 reddet
1316 5164 1610 5231 unicuique
1650 5163 1944 5217 secundum
1977 5176 2141 5230 opera

2245 4544 2421 4597 καμεν
2459 4527 2532 4589 ὡς
2565 4527 2716 4592 Θεὸν,
2750 4528 2848 4597 τὴν
2876 4527 2962 4581 ἐπ’
2980 4527 3127 4598 αὐτῷ
3155 4528 3353 4596 γνῶσιν
3378 4530 3453 4600 μὴ
3475 4531 3817 4600 ἀποδοκιμά-

2245 4620 2444 4689 ζωμεν,
2483 4620 2765 4689 ἄνθρωπον
2795 4618 2932 4673 εἶναι
2965 4620 3211 4690 λέγοντες
3237 4624 3430 4677 κοινόν.
3463 4623 3529 4677 El
3561 4624 3625 4677 δὲ
3656 4625 3820 4678 τοῦτο

2244 4711 2375 4781 δρᾷν
2408 4712 2467 4775 ἐξ
2496 4710 2733 4782 ἀμαθίας
2760 4710 3402 4783 τολμῶμεν,βαδιούμεθα
3432 4714 3657 4777 πάντως
3681 4715 3820 4783 ὁμοῦ

2244 4806 2359 4868 τοῖς
2389 4802 2571 4865 ἄλλοις
2598 4805 2678 4865 είς
2706 4802 2962 4873 ἀδόκιμον
2989 4803 3134 4857 νοῦν.

2329 4998 2347 5031 ι
2373 4977 2528 5033 Κατά
2564 4978 2618 5031 δὲ
2665 4977 2761 5048 τὴν
2798 4977 3139 5049 σκληρότητά
3168 4995 3259 5032 σου
3311 4980 3405 5032 καί
3442 4980 3827 5051 ἀμετανόητον

2248 5072 2474 5142 καρδίαν
2499 5071 2844 5142 θησαυρίζεις
2872 5070 3080 5141 σεαυτῷ
3107 5071 3273 5143 ὀργὴν
3303 5074 3360 5125 ἐν
3393 5074 3581 5144 ἡμέρᾳ
3625 5077 3827 5147 69771-7-

2248 5161 2343 5213 καὶ
2381 5160 2790 5229 ἀποκαλύψεως,
2838 5164 2929 5215 καὶ
2979 5161 3369 5233 δικαιοκρισίας
3416 5164 3513 5217 τοῦ
3558 5165 3727 5229 Θεοῦ,
3770 5170 3829 5227 ὃς

581 5252 700 5320 ejus
717 5253 786 5305 '°.
819 5270 837 5305 ι
877 5252 1042 5308 Docet
1086 5253 1172 5308 hic
1198 5254 1391 5309 beatus
1416 5253 1635 5316 Paulus,
1667 5267 1767 5308 nos
1791 5266 1982 5308 omnes
2016 5262 2145 5307 ante

2249 5250 2515 5305 ἀποδώσει
2546 5252 2760 5322 ἑκάστῳ
2782 5252 2922 5306 κατὰ
2950 5253 3019 5307 τὰ
3044 5254 3178 5325 ἔργα
3204 5256 3387 5310 αὐτοῦ.
3417 5276 3437 5309 ι
3460 5258 3520 5310 ὐ
3546 5261 3836 5328 μακάριος

583 5343 817 5399 tribunal
866 5344 1068 5399 Christi
1127 5346 1462 5401 manifestari
1502 5355 1772 5416 oportere,
1828 5359 1938 5413 quo
1979 5358 2141 5398 unus-

2253 5343 2481 5408 Παῦλος,
2512 5343 2637 5405 τοὺς
2678 5343 2881 5407 πάντας
2917 5346 3065 5415 ἡμᾶς
3090 5346 3189 5412 δεῖ,
3228 5348 3384 5420 φησὶ,
3430 5350 3837 5421 φανερωθῆναι

655 5496 699 5529 ιο
725 5497 881 5554 Rom.
914 5514 950 5556 ι.
993 5498 1107 5552 ι-ι.
1184 5500 1223 5531 ιτ
1257 5500 1388 5554 ibid.
1428 5499 1512 5566 at,
1548 5498 1639 5554 σε.
1713 5497 1761 5530 ει
1790 5496 1965 5553 Galal.
1996 5513 2066 5564 ιν,
2102 5497 2148 5552 9.

2246 5497 2275 5527 ι’
2304 5496 2454 5550 ιιοιιι.
2510 5510 2525 5550 ι
2583 5495 2671 5552 28.
2749 5498 2793 5529 9°
2829 5496 2982 5554 Rom.
3023 5516 3047 5565 t
3088 5501 3141 5556 5.

1641 5653 1812 5708 Varia:
1845 5650 2101 5707 lectiones
2132 5650 2334 5707 codicis
2365 5650 2720 5722 chuicriani.

664 5791 693 5830 ιι
725 5788 965 5856 Quatuor
987 5806 1105 5862 quae
1135 5801 1433 5861 sequuntur
1453 5806 1614 5847 voces
1646 5792 1842 5845 absunt
1871 5805 1897 5841 ιι
1934 5788 2054 5843 cod.
2086 5786 2330 5858 Segnior.

2412 5797 2426 5823 ι
2459 5783 2519 5836 οὐ
2544 5783 2699 5837 τοῦτο
2726 5784 2942 5857 ἀληθές.
