4044 6332
313 424 452 480 I223

1408 422 1494 476 Dl-I
1535 418 1767 474 RECTA
1807 413 1965 470 FIDE
2002 416 2092 469 AD
2134 415 2456 474 REGINAS.

3434 414 3574 470 1226

312 542 621 613 ἔμπροσθεν
642 541 735 594 τοῦ
757 540 1001 612 βήματος
1021 539 1111 592 τοῦ
1132 538 1366 611 Χριστοῦ
1389 559 1400 571 ·
1432 558 1449 590 ι
1473 541 1557 592 ἵνα
1585 539 1882 608 κομίσηται

1988 534 2217 601 quisque
2274 535 2516 600 referat,
2569 547 2688 601 quae
2734 530 2788 586 in
2839 544 3068 600 corpore
3107 530 3299 602 gessit,
3326 529 3430 601 57
3458 531 3576 586 sive

309 635 536 696 ἕκαστος
578 631 647 686 τὰ
689 632 778 685 διὰ
808 631 903 685 τοῦ
951 631 1222 701 σώματος,
1256 631 1392 702 πρὸς
1424 629 1459 684 ὃ.
1489 630 1746 700 ἔπραξεν,
1778 628 1886 680 εἴτε

311 725 535 794 ἀγαθὸν,
569 725 677 777 εἴτε
708 723 934 792 φαῦλον.
967 741 984 774 ι
1012 724 1157 793 Ἔφη
1185 723 1242 775 δέ
1273 740 1359 786 τις
1412 723 1506 776 καὶ
1547 723 1730 793 ἔτερος
1782 719 1889 774 τῶν

311 817 483 884 ἁγίων
509 815 822 870 ἀποστόλων
842 833 856 846 ·
894 833 913 866 ι
947 809 1040 879 Εἷς
1071 818 1217 868 ἐστιν
1245 819 1272 869 6
1303 816 1618 886 νομοθέτης,
1649 816 1742 868 καὶ
1768 831 1890 886 κρι-

309 910 429 980 τής.
462 927 480 958 ι
513 907 720 961 Ψάλλει
763 907 820 960 δὲ
859 908 952 960 καὶ
989 906 1150 969 αὑτὸς
1191 909 1218 960 6
1244 906 1440 960 Δαυῖδ·
1499 907 1652 959 «Ὅτι
1688 909 1717 960 6
1758 905 1891 970 Θεὸς

308 1002 506 1072 κριτής
537 1003 703 1054 ἐστιν.
737 1001 895 1054 »Ὅτε
925 999 1101 1053 τοίνυν
1133 1000 1528 1072 δικαιοκρισίαν
1555 999 1691 1053 Θεοῦ
1723 1015 1890 1070 φησιν

308 1091 444 1147 εἶναι
475 1095 572 1164 τὴν
602 1094 695 1146 ἐπὶ
721 1093 814 1145 τοῦ
847 1092 1089 1163 βήματος
1127 1091 1221 1146 τοῦ
1258 1092 1402 1146 Θείου
1431 1094 1516 1162 ἐφ’
1541 1092 1759 1163 ἑκάστῳ
1784 1091 1891 1163 ψῆ-

309 1202 429 1254 φον,
455 1186 519 1255 ἢν
551 1184 710 1247 αὑτὸς
753 1183 949 1246 ἐξοίσει
984 1182 1222 1254 Χριστὸς
1251 1182 1741 1253 (παραστησόμεθα
1781 1182 1890 1254 γὰρ

305 1279 384 1346 τῷ
432 1277 635 1348 βήματι
683 1275 872 1335 αὑτοῦ.
907 1276 999 1329 καὶ
1029 1277 1128 1346 οὑχ
1175 1275 1251 1339 ὡς
1290 1275 1369 1328 ἑνὶ
1404 1276 1513 1328 τῶν
1562 1275 1682 1328 καθ’
1720 1275 1888 1344 ἡμᾶς,

305 1369 418 1422 ἁλλ’
438 1370 512 1430 ὡς
541 1367 957 1439 κριτῇικαὶλΘεῷ
983 1369 1078 1420 καὶ
1109 1367 1419 1440 νομοθέτῃ),
1461 1367 1578 1430 πῶς
1605 1367 1724 1438 οὐχὶ
1758 1367 1890 1430 Θεὸς

301 1458 332 1508 6
359 1456 632 1527 Χριστός;
679 1475 697 1506 ι
730 1456 829 1508 Διὰ
871 1457 980 1528 γάρ
1029 1457 1195 1526 νόμου
1249 1458 1544 1525 ἐπίγνωσις
1587 1459 1886 1529 ἁμαρτίας.

302 1549 440 1601 Νυνὶ
469 1549 525 1601 δὲ
565 1549 732 1618 χωρίς
763 1548 928 1616 νόμου
955 1548 1268 1619 δικαιοσύνη
1311 1548 1446 1602 Θεοῦ
1478 1550 1887 1620 πεφανέρωται,

305 1637 722 1710 μαρτυρουμένη
775 1637 878 1692 ὑπὸ
928 1637 1022 1691 τοῦ
1069 1638 1233 1708 νόμου
1269 1639 1364 1692 καὶ
1409 1640 1517 1691 τῶν
1568 1641 1886 1711 προφητῶν,

298 1730 620 1802 Δικαιοσύνη
651 1731 707 1782 δὲ
748 1729 883 1784 Θεοῦ
923 1729 1014 1782 διὰ
1055 1731 1290 1794 πίστεως
1324 1731 1498 1801 Ἰησοῦ
1531 1733 1769 1803 Χριστοῦ
1806 1737 1888 1798 είς

300 1823 510 1886 πάντας
538 1823 662 1884 τοὺς
690 1821 1061 1887 πιστεύοντας.
1099 1841 1116 1874 ι
1157 1823 1289 1893 Λίχα
1314 1823 1481 1894 νόμου
1511 1823 1881 1897 δικαιοσύνην,

301 1915 389 1985 (ἣν
439 1915 533 1966 καὶ
578 1914 682 1966 ὑπὸ
734 1913 844 1967 τῷν
891 1913 1062 1982 ἁγίων
1110 1914 1406 1986 προφητῶν
1430 1916 1882 1986 μεμαρτυρῆσθαι

298 2003 487 2076 φησι),
515 2007 613 2075 τὴν
638 2005 727 2059 διὰ
749 2006 984 2070 πίστεως
1008 2000 1144 2059 εἶναι
1171 2006 1318 2074 λέγει
1342 2007 1438 2077 τὴν
1463 2007 1506 2043 ί·
1537 2009 1616 2071 είς
1645 2009 1882 2080 Χριστὸν

309 2095 534 2167 Ἰησοῦν.
572 2091 724 2160 Εἶτα,
751 2095 868 2159 πῶς
898 2098 958 2149 ού
982 2096 1113 2160 Θεὸς
1140 2099 1168 2150 6
1201 2096 1427 2150 δικαιῶν
1452 2099 1577 2162 τοὺς
1602 2099 1884 2153 πιστεύον-

296 2203 418 2250 τας,
453 2188 646 2259 ὅτιπερ
679 2187 764 2258 εἴη
791 2188 924 2252 Θεὸς
949 2188 1200 2260 ἁληοὧς;
1235 2189 1338 2260 ὁρᾷ
1367 2191 1476 2260 γὰρ
1512 2194 1592 2254 εἰς
1629 2191 1788 2245 τοῦτο
1819 2194 1882 2246 τὸ

295 2278 396 2348 τῆς
446 2279 683 2343 πίστεως
727 2279 924 2350 πέρας.
967 2281 1405 2352 Μαρτυρούντων
1453 2282 1511 2335 δὲ
1560 2282 1668 2335 τῶν
1712 2284 1881 2352 ἁγίων

297 2371 594 2442 προφητῶν
616 2374 682 2442 τῇ
707 2374 786 2436 είς
813 2372 1048 2444 Χριστὸν
1074 2373 1275 2438 πίστει,
1300 2375 1385 2438 τίς
1408 2377 1437 2428 6
1460 2375 1624 2444 φάναι
1643 2375 1878 2446 τολμιῖιν,

294 2463 395 2515 ούκ
439 2459 578 2516 εἶναι
613 2463 744 2517 Θεὸν
779 2465 942 2518 αὑτὸν
972 2465 1059 2519 διὰ
1087 2466 1150 2518 τὸ
1187 2467 1548 2538 ἀνθρώπινον,
1584 2471 1751 2540 ἤγουν
1788 2471 1877 2524 ὅτε

295 2552 488 2622 γέγονε
519 2553 656 2625 σάρξ
685 2556 713 2607 6
744 2554 919 2624 Λόγος
942 2597 957 2621 ,

372 2752 392 2784 ι
422 2734 630 2798 Πάντες
653 2734 762 2806 γὰρ
790 2735 1062 2806 ἥμαρτον,
1083 2735 1180 2788 καὶ
1212 2736 1568 2808 ὑστεροῦνται
1598 2739 1698 2810 τῆς
1718 2739 1877 2809 δόξης

292 2827 388 2881 τοῦ
421 2826 578 2892 Θεοῦ,
617 2827 981 2899 δικαιούμενοι
1027 2827 1236 2898 δωρεὰν
1261 2831 1329 2902 τῇ
1355 2830 1522 2884 αὑτοῦ
1552 2832 1758 2903 χάριτι,
1786 2832 1878 2886 διὰ

294 2921 394 2990 τῆς
445 2919 876 2992 ἀπολυτρώσεως
922 2921 1022 2991 τῆς
1070 2921 1128 2974 ὲν
1177 2922 1402 2994 Χριστῷ
1436 2923 1632 2994 Ἰησοῦ.
1667 2944 1684 2976 ι
1725 2925 1790 2977 El
1819 2924 1879 2977 τὸ

295 3013 630 3085 ἁμαρτάνειν
675 3014 821 3084 ἡμᾶς
870 3013 1214 3084 ὑστερεῖσθαι
1261 3018 1406 3068 ποιεῖ
1451 3017 1549 3087 τῆς
1581 3015 1738 3088 δόξης
1783 3017 1878 3069 τοῦ

295 3103 456 3170 Θεοῦ,
487 3105 568 3158 ὅτι
619 3105 694 3176 μὴ
741 3101 882 3158 οἶδεν
924 3107 1233 3176 ἁμαρτίαν·
1285 3107 1596 3179 γέγραπται
1643 3109 1700 3162 δὲ
1752 3111 1880 3180 περὶ

1995 627 2236 692 bonum,
2279 626 2396 682 sive
2441 626 2660 680 malum.
2719 625 2865 680 Dixit
2906 625 3032 679 item
3074 623 3214 678 alius
3265 637 3332 678 ex
3370 625 3575 679 sanctis

1992 719 2253 787 apostolis
2284 737 2300 774 :
2335 739 2354 771 ι
2387 717 2535 775 Unus
2562 726 2647 774 est
2683 717 2964 789 legislator
2991 728 3046 773 et
3071 716 3327 786 index".
3360 736 3380 770 ι
3413 717 3576 772 Canit.

1991 823 2048 867 et
2105 812 2220 882 ipse
2279 811 2447 866 David
2502 827 2723 882 quoque
2769 828 2784 866 :
2833 829 2852 862 ι
2885 811 3150 878 Quoniam
3206 809 3349 864 Deus
3404 809 3570 879 judex

1991 914 2074 959 est
2096 906 2165 958 ".
2197 923 2213 956 ι
2243 903 2380 958 Cum
2415 905 2582 974 igitur
2615 904 2940 960 sententiam
2978 918 3142 972 quam
3185 901 3438 957 Christus
3476 916 3574 970 pro

1991 997 2178 1053 divino
2215 997 2475 1053 tribunali
2509 998 2708 1052 sedens
2734 998 3020 1067 (sistemur
3053 994 3197 1050 enim
3239 1003 3366 1048 ante
3404 993 3574 1048 tribu—

1993 1087 2080 1142 nal
2105 1087 2272 1151 illius,
2303 1102 2409 1141 non
2450 1095 2706 1157 tanquam
2742 1085 2980 1141 hominis
3011 1084 3182 1140 nostri
3218 1083 3432 1149 similis,
3477 1085 3572 1137 sed

1993 1190 2252 1250 tanquam
2279 1178 2374 1234 Dei
2415 1179 2715 1250 etjudicis,
2751 1187 2808 1234 et
2844 1175 3193 1249 legislatoris)
3237 1177 3304 1231 de
3335 1175 3574 1244 quolibet

1993 1273 2202 1326 laturus
2225 1282 2328 1339 est,
2351 1270 2556 1340 justum
2578 1270 2672 1326 Dei
2701 1270 2966 1340 judicium
3000 1268 3290 1338 Apostolus
3315 1265 3572 1336 appellet,

1992 1364 2267 1432 quomodo
2289 1363 2539 1418 Christus
2569 1378 2677 1418 non
2707 1372 2791 1417 est
2817 1361 2995 1416 Deus?
3032 1380 3057 1414 ι
3081 1360 3186 1415 Per
3217 1361 3388 1429 legem
3425 1358 3572 1412 enim

1993 1455 2234 1524 cognitio
2293 1455 2522 1524 peccati.
2572 1453 2726 1510 Nunc
2783 1465 2964 1507 autem
3025 1453 3144 1507 sine
3194 1449 3412 1522 justitia
3473 1448 3572 1502 Dei

1992 1546 2345 1602 manifestata
2375 1557 2482 1613 est,
2517 1545 2806 1601 testiﬁcata
2847 1561 2878 1600 a
2916 1546 3031 1614 lege
3063 1553 3116 1598 et
3153 1541 3454 1614 prophetis.
3485 1541 3574 1595 Ju-

1993 1637 2142 1692 stitia
2177 1645 2356 1691 autem
2403 1636 2497 1693 Dei
2541 1652 2638 1706 per
2682 1636 2839 1690 ﬁdem
2871 1634 2998 1689 Jesu
3039 1633 3241 1689 Christi
3292 1632 3344 1685 in
3382 1647 3572 1686 omnes

1992 1740 2046 1783 et
2073 1745 2236 1797 super
2267 1743 2473 1790 omnes,
2503 1729 2595 1799 qui
2637 1727 2866 1782 credunt
2899 1727 2952 1780 in
2992 1726 3202 1780 cum".
3237 1745 3255 1776 ι
3293 1725 3423 1779 Sine
3456 1723 3572 1792 lege

1988 1821 2254 1890 justitiam
2297 1821 2483 1891 (quam
2530 1836 2559 1874 a
2609 1819 2814 1875 sanctis
2854 1833 3069 1888 quoque
3097 1817 3378 1887 prophetis
3411 1817 3568 1870 testi-

1989 1914 2227 1967 monium
2256 1913 2511 1968 habuisse
2537 1913 2779 1981 asserit),
2798 1927 2916 1967 eam
2939 1912 3041 1966 hoc
3070 1910 3187 1965 loco
3212 1908 3419 1969 delinit,
3445 1923 3568 1977 qum

1985 2015 2071 2058 est
2109 2020 2204 2075 per
2238 2005 2396 2060 ﬁdem
2452 2007 2506 2060 in
2539 2005 2826 2060 Christum
2873 2003 3080 2059 Jesnm.
3121 2004 3193 2055 At
3240 2003 3386 2056 enim
3428 2015 3568 2070 qua-

1986 2115 2132 2164 nam,
2173 2114 2380 2168 quaso,
2429 2098 2639 2153 ratione
2689 2099 2734 2152 is
2771 2099 2914 2153 Deus
2946 2099 3254 2152 censendus
3302 2110 3406 2150 non
3452 2105 3560 2157 est,

1984 2191 2075 2259 qui
2119 2189 2407 2244 credentes
2455 2189 2603 2243 illum
2651 2204 2838 2243 verum
2887 2188 3057 2243 Deum
3096 2203 3218 2244 esse
3261 2186 3568 2257 justiticat?

1984 2286 2140 2352 Cum,
2185 2285 2428 2353 inquam,
2462 2285 2570 2339 huc
2616 2285 2748 2340 lides
2785 2293 3038 2353 tanquam
3076 2284 3142 2337 ad
3181 2298 3402 2352 scopum
3445 2291 3565 2335 teu-

1985 2378 2097 2441 dat,
2143 2385 2199 2430 et
2246 2378 2387 2432 sacri
2437 2386 2697 2446 prmterea
2748 2377 3191 2446 prophetzelidei
3237 2391 3358 2445 quae
3395 2385 3478 2430 est
3508 2375 3564 2430 in

1982 2469 2259 2524 Christum
2285 2468 2470 2525 Jesum
2511 2469 2878 2524 testimonium
2922 2468 3402 2537 perhibeant,quis
3430 2482 3560 2536 pro-

1983 2572 2101 2631 pter
2128 2562 2418 2615 humanam
2451 2570 2726 2624 naturam,
2776 2561 2878 2614 hoc
2907 2568 2990 2614 est
3019 2558 3180 2612 Verbi
3230 2559 3562 2614 incarnatio-

1983 2667 2130 2714 nem,
2171 2651 2320 2706 illius
2354 2650 2698 2704 divinitatem
2733 2649 2964 2704 inllciari
2995 2649 3232 2704 audeat?

2057 2759 2078 2792 ι
2110 2739 2311 2796 Omnes
2339 2741 2484 2794 enim
2527 2748 2914 2810 peccaverunt,
2941 2748 2996 2793 et
3043 2748 3204 2810 egent
3231 2739 3405 2807 gloria
3444 2739 3561 2803 Dei,

1976 2834 2259 2905 justiticati
2295 2833 2468 2904 gratis
2501 2847 2598 2903 per
2631 2832 2863 2902 gratiam
2890 2831 3084 2900 ipsius,
3114 2845 3211 2898 per
3233 2831 3563 2902 redemptio-

1981 2943 2105 2982 nem
2137 2942 2256 2999 quae
2289 2934 2374 2980 est
2421 2925 2474 2979 in
2522 2923 2741 2979 Christo
2767 2921 2981 2978 Jesu“.
3021 2939 3040 2973 ι
3087 2921 3143 2976 Si
3182 2921 3392 2992 peccati
3443 2921 3565 2976 labe

1979 3019 2345 3075 contaminari
2395 3018 2528 3072 facit
2574 3032 2671 3072 nos
2726 3030 2886 3086 egere
2924 3015 3097 3086 gloria
3149 3015 3262 3079 Dei,
3307 3013 3563 3084 quoniam

1983 3123 2268 3184 peccatum
2300 3126 2407 3166 non
2440 3109 2592 3165 novit
2617 3123 2632 3163 :
2669 3110 2736 3164 de
2762 3108 2980 3164 Christo
3003 3115 3180 3162 autem
3203 3117 3285 3163 est
3309 3107 3362 3160 in
3389 3108 3565 3162 sacris

295 3194 554 3268 Χριστοῦ,
589 3197 668 3250 ὅτι
702 3196 976 3268 ἁμαρτίαν
1009 3197 1108 3251 οὑκ
1154 3199 1410 3270 ἐποίησεν
1435 3215 1448 3231 ·
1496 3200 1877 3273 ὑστερούμεθα

1987 3205 2224 3267 Litteris,
2257 3203 2398 3274 quod
2428 3211 2710 3273 peccatum
2749 3216 2858 3255 non
2890 3199 3113 3265 fecerit;
3148 3214 3245 3254 nos
3278 3209 3466 3254 autem
3499 3213 3565 3252 ea

293 3287 351 3340 es
391 3288 486 3340 καὶ
518 3288 660 3342 κατὰ
699 3288 858 3342 τοῦτο
886 3290 983 3360 τῆς
1015 3290 1174 3361 δόξης
1212 3290 1378 3344 αὑτοῦ
1429 3291 1879 3363 πλημμελοῦντες

297 3381 457 3450 ⁴ἡμεῖς
478 3397 492 3410 ⁸
525 3380 657 3444 Θεὸς
686 3381 794 3453 ἄρα
838 3385 955 3436 ἐστὶ
994 3385 1090 3436 καὶ⁴
1118 3385 1257 3454 μετὰ
1286 3385 1489 3458 σαρκὸς
1516 3387 1544 3438 6
1573 3387 1746 3457 Λόγος
1769 3405 1784 3419 ⁶
1816 3391 1877 3444 οὑ

295 3473 405 3544 γὰρ
429 3473 683 3544 ἐποίησεν
714 3473 1008 3545 ἁμαρτίαν.

375 3673 394 3706 ι
424 3655 606 3727 Νόμον
661 3649 760 3711 οῦν
791 3657 1174 3730 καταργοῦμεν
1220 3660 1307 3713 διὰ
1354 3664 1453 3729 τῆς
1490 3661 1751 3728 πίστεως;
1805 3662 1880 3734 μὴ

295 3747 506 3815 γένοιτο
525 3765 538 3777 ο
569 3747 705 3800 ἁλλὰ
731 3748 894 3819 νόμον
928 3750 1188 3822 ἱστῶμεν.
1217 3770 1234 3803 ι
1257 3753 1313 3805 Ὀ
1338 3753 1428 3806 διὰ
1449 3754 1690 3818 Μωσέως
1717 3754 1881 3825 νόμος

296 3841 426 3893 Θεὸν
455 3839 550 3893 ἕνα
594 3845 920 3912 προσκυνεῖν
948 3843 1150 3908 ἐδίδαξε
1185 3845 1312 3908 τοὺς
1337 3845 1398 3910 ἐξ
1430 3847 1645 3918 Ἰσραήλ
1667 3863 1681 3877 °
1711 3866 1730 3898 ι
1766 3849 1880 3900 Κύ-

297 3931 574 4003 ριοςγὰρ,
611 3934 799 4004 φησὶν,
833 3933 861 3984 6
891 3933 1022 3998 Θεός
1060 3952 1175 4000 σου,
1209 3937 1416 4008 Κύριος
1446 3934 1524 4002 εἷς
1556 3940 1702 3992 ἐστι·
1734 3959 1751 3990 ι
1785 3942 1881 3994 καὶ

298 4023 460 4085 αὑτὸς
513 4023 568 4076 δὲ
614 4025 643 4076 6
689 4023 823 4087 Θεὸς
872 4026 1215 4096 προσεφώνει
1247 4027 1424 4097 λέγων
1468 4031 1684 4095 αὑτοῖς·
1720 4052 1738 4083 ι
1768 4033 1881 4085 Οὑκ

300 4115 512 4169 ἔσονταί
566 4135 648 4170 σοι
693 4117 807 4172 θεοὶ
853 4119 1028 4190 ἕτεροι
1078 4121 1214 4192 πλὴν
1261 4122 1418 4192 ἐμοῦ.
1449 4119 1602 4195 n'Ap'
1631 4121 1721 4179 οὖν
1754 4143 1883 4195 μετ-

300 4207 578 4280 έστησενή
605 4208 786 4273 πίστις
814 4211 846 4281 ἡ
877 4213 956 4274 είς
976 4213 1206 4282 Χριστὸν
1233 4214 1359 4277 τοὺς
1387 4214 1452 4266 δι’
1483 4215 1653 4286 αὑτῆς
1682 4217 1882 4288 κεκληω

305 4299 499 4370 μένους
528 4301 607 4364 εἰς
636 4301 695 4355 τὸ
720 4301 794 4374 μὴ
818 4303 896 4356 ἑνὶ
922 4305 998 4374 τῷ
1031 4304 1170 4358 κατὰ
1194 4305 1354 4374 φύσιν
1378 4306 1496 4377 Θεῷ
1520 4311 1879 4378 προσκυνεῖν;

301 4389 448 4463 Ἀρα
482 4393 864 4466 καταργοῦμεν
901 4395 1064 4467 νόμον
1109 4398 1188 4469 τῷ
1225 4400 1308 4451 ἑνὶ
1353 4399 1431 4470 τῷ
1481 4400 1601 4453 κατ’
1624 4400 1882 4472 ἀλήθειαν

299 4485 422 4556 Θεῷ
441 4487 876 4558 προσκομίζοντα
899 4505 912 4553 ;
941 4508 958 4540 ι
978 4490 1068 4560 Μὴ
1089 4493 1321 4559 γένοιτο,
1343 4492 1526 4564 φησὶν,
1560 4493 1695 4547 ἀλλὰ
1720 4495 1880 4566 νόμον

304 4581 592 4652 ἱστῶμεν.»
625 4582 833 4635 Οὐκοῦν
861 4583 936 4647 ὡς
957 4584 1080 4654 Θεῷ
1107 4585 1406 4656 προσίεμεν
1426 4585 1503 4656 τῷ
1533 4586 1771 4658 Χριστῷ,
1793 4589 1880 4642 ἵνα

302 4675 379 4746 μὴ
410 4675 845 4748 κατηγορώμεθα
864 4719 879 4744 ,
915 4678 990 4741 ὠς
1025 4680 1395 4750 παραλύοντες
1425 4681 1609 4751 νόμον,
1642 4683 1880 4736 ὲπαινώ-

305 4767 442 4839 μεθα
495 4768 552 4822 δὲ
600 4769 823 4840 μᾶλλον,
849 4770 926 4835 ὡς
987 4771 1242 4836 ίστῶντες
1288 4773 1450 4845 νόμον
1503 4773 1591 4828 διὰ
1639 4775 1738 4846 τῆς
1787 4777 1880 4829 πί-

303 4876 494 4924 στεως.

371 4953 508 5024 Περὶ
529 4953 624 5006 τοῦ
661 4953 910 5025 Ἀϐραάμ
940 4973 1073 5027 φησι
1092 4974 1108 4989 ο
1140 4976 1158 5010 ι
1178 4959 1480 5013 Κατέναντι
1501 4952 1563 5014 οῦ
1593 4962 1881 5017 ἐπίστευσε

300 5044 458 5108 Θεοῦ,
494 5045 588 5098 τοῦ
618 5045 1008 5113 ζωοποιοῦντος
1031 5049 1156 5112 τοὺς
1183 5053 1428 5122 νεκροὺς,
1454 5054 1548 5106 καὶ
1590 5055 1883 5120 καλοῦντος

302 5138 370 5190 τὰ
411 5137 485 5208 μὴ
515 5137 644 5192 ὅντα
676 5139 750 5202 ὡς
779 5139 927 5194 ὄντα.
962 5140 1123 5194 ι”υτε
1166 5144 1346 5197 τοίνυν
1373 5145 1435 5198 τὸ
1473 5148 1754 5210 ζωοποιεῖν
1787 5149 1881 5201 δύ-

303 5227 496 5280 νασθαι
542 5231 670 5292 τοὺς
719 5231 944 5301 νεκροὺς
979 5233 1272 5304 ἀρμόσειεν
1305 5234 1372 5288 ἂν
1398 5236 1496 5306 οὑχ
1522 5239 1714 5310 ἑτέρῳ,
1744 5240 1884 5310 πλὴν

299 5322 385 5374 ὅτι
417 5319 563 5391 μόνῳ
590 5319 666 5392 τῷ
701 5324 844 5376 κατὰ
871 5323 1033 5392 φύσιν
1059 5323 1209 5396 Θεῷ·
1251 5327 1507 5392 ζωοποιεῖ
1551 5331 1608 5383 δὲ
1651 5333 1887 5402 Χριστὸς

381 5501 435 5577 9:
467 5500 582 5577 με,
624 5517 700 5572 ιν,
733 5505 821 5577 19..
941 5507 986 5538 "
1016 5505 1160 5562 Psal.
1189 5525 1378 5577 Lxxw,
1401 5510 1458 5569 7.

305 5571 352 5604 ”
397 5572 568 5630 Exod.
603 5571 694 5644 xx,
726 5575 783 5632 4.
859 5577 906 5609 ⁸⁸
936 5579 1092 5634 Rom.
1127 5595 1200 5643 tv,
1228 5581 1312 5635 l7.

1571 5512 1618 5543 ”
1649 5511 1810 5569 Rom.
1843 5529 1926 5580 ιιι,
1951 5513 2140 5568 20-22.

1981 3300 2048 3354 de
2079 3313 2244 3352 causa
2273 3297 2343 3350 ab
2375 3293 2492 3362 ejus
2519 3293 2687 3364 gloria
2717 3293 2997 3356 absumus,
3026 3292 3154 3361 quia
3189 3291 3394 3360 absque
3427 3289 3564 3344 deli-

1981 3398 2069 3444 cto
2119 3403 2227 3444 non
2273 3387 2510 3442 vivimus
2541 3403 2558 3440 :
2587 3384 2672 3439 cui
2719 3383 2942 3438 dubium
2994 3397 3114 3438 esse
3159 3391 3370 3452 potest,
3431 3381 3564 3450 quin

1982 3485 2219 3540 Verbum
2262 3482 2604 3536 incarnatum
2638 3476 2781 3532 Deus
2824 3474 2936 3530 sit?
2969 3489 3096 3528 nam
3135 3483 3420 3544 peccatum
3455 3489 3564 3527 non

1981 3579 2132 3634 fecit.

2057 3688 2076 3721 ι
2105 3669 2302 3740 Legem
2338 3682 2466 3736 ergo
2503 3666 2836 3720 destruimus
2875 3675 2971 3732 per
3007 3660 3210 3716 ﬁdem?
3233 3659 3420 3715 Absit!
3470 3661 3566 3714 sed

1982 3763 2154 3833 legem
2218 3759 2596 3815 statuimus".
2631 3773 2650 3807 ι
2711 3755 2821 3809 Lex
2874 3752 3110 3808 Mosaica
3172 3753 3343 3807 Deum
3398 3767 3564 3806 unum

1982 3854 2316 3909 adorandum
2352 3865 2473 3906 esse
2509 3848 2713 3905 docuit.
2742 3848 2834 3901 Ait
2859 3847 3005 3901 enim
3037 3864 3050 3900 :
3084 3863 3104 3896 ι
3134 3845 3397 3900 Dominus
3422 3844 3566 3898 Deus

1984 3956 2108 4000 tuus
2130 3943 2316 4006 lsrael,
2343 3943 2485 3997 Deus
2521 3957 2662 3995 unus
2691 3940 2874 4005 est";
2907 3958 2924 3989 ι
2961 3946 3016 3992 et
3042 3937 3158 4007 ipse
3185 3951 3401 4006 quoque
3422 3934 3567 3990 Deus

1983 4038 2201 4093 eosdem
2231 4037 2332 4091 hac
2363 4035 2612 4089 oratione
2643 4031 3006 4101 compellabat
3033 4048 3046 4084 :
3078 4049 3096 4081 ‹
3124 4029 3241 4083 Non
3277 4036 3437 4084 erunt
3467 4027 3565 4082 tibi

1985 4131 2056 4184 dii
2107 4129 2196 4182 alii
2250 4137 2449 4198 praeter
2485 4140 2571 4180 me
2594 4125 2660 4178 ⁸⁷.
2698 4144 2716 4177 ι
2758 4122 3010 4191 Nunquid
3061 4123 3226 4193 igitur
3268 4122 3405 4178 ﬁdes
3445 4139 3567 4193 qua:

1983 4234 2067 4278 est
2104 4223 2157 4276 in
2195 4221 2494 4286 Christum,
2537 4233 2631 4274 eos
2663 4218 2755 4288 qui
2802 4231 2900 4286 per
2945 4231 3062 4270 eam
3100 4215 3276 4270 vocati
3312 4223 3455 4281 sunt,
3500 4231 3566 4270 eo

1985 4315 2280 4379 transtulit,
2319 4323 2377 4368 ut
2419 4327 2584 4367 unum
2624 4310 2920 4366 secundum
2953 4317 3202 4363 naturam
3244 4306 3413 4363 Deum
3456 4325 3564 4362 non

1986 4409 2254 4466 adorent?
2289 4408 2538 4478 legemne
2568 4419 2698 4472 ergo
2741 4402 3100 4465 destruitnus,
3143 4416 3266 4472 qua:
3299 4401 3366 4454 ad
3398 4416 3566 4454 unum

1986 4516 2174 4556 verum
2189 4498 2359 4554 Deum
2388 4512 2486 4552 nos
2504 4497 2674 4551 ducit?
2713 4513 2731 4546 ι
2758 4494 2948 4549 Absitl
2985 4495 3160 4564 inquit
3192 4493 3280 4547 ille
3311 4512 3324 4548 :
3355 4493 3448 4547 'sed
3483 4493 3566 4547 le»

1991 4608 2110 4666 gem
2139 4593 2454 4648 statuimus.
2481 4609 2499 4644 ι
2535 4590 2890 4659 Adjunglmus
2914 4602 3043 4657 ergo
3075 4602 3174 4641 nos
3193 4585 3414 4642 Christo
3451 4595 3569 4640 tan-

1991 4704 2154 4758 quam
2183 4701 2314 4742 vero
2341 4685 2474 4751 Deo,
2513 4699 2584 4738 ne
2613 4682 2825 4736 violata:
2868 4682 3002 4753 legis
3036 4681 3440 4748 insimulemur,
3473 4683 3571 4736 sed

1987 4779 2455 4845 commendemur,
2490 4776 2666 4847 utqui
2701 4774 2874 4844 legem
2909 4789 3006 4846 per
3037 4774 3197 4828 ﬁdem
3242 4783 3570 4830 statuamus.

2061 4965 2172 5036 58
2201 4963 2267 5018 Et
2318 4961 2388 5015 de
2437 4957 2711 5013 Abraham
2760 4955 2994 5011 scribit:
3027 4973 3049 5006 ‹
3080 4954 3222 5010 Ante
3275 4955 3442 5012 Deum
3485 4958 3571 5012 cui

1991 5058 2240 5121 credidit,
2268 5056 2362 5126 qui
2390 5051 2631 5107 viviﬁcat
2658 5059 2922 5115 mortuos,
2955 5059 3012 5105 et
3035 5059 3195 5104 vocat
3225 5064 3289 5104 ea
3313 5065 3432 5118 qua:
3461 5065 3572 5104 non

1993 5160 2140 5215 sunt,
2186 5159 2444 5217 tanquam
2489 5159 2552 5199 ea
2595 5159 2716 5214 qua:
2751 5142 2968 5196 sunt”.
3000 5161 3020 5194 ι
3073 5141 3206 5196 Cum
3241 5143 3406 5211 igitur
3431 5156 3576 5196 mor-

1995 5255 2120 5298 tuos
2144 5241 2268 5294 vitae
2311 5239 2603 5294 restituere
2633 5251 2793 5306 posse
2840 5236 2892 5290 in
2930 5235 3136 5290 nullum
3184 5234 3349 5289 alium
3378 5249 3577 5290 conve-

1999 5333 2135 5398 niat,
2182 5331 2285 5386 nisi
2321 5329 2376 5385 in
2419 5327 2596 5384 solum
2639 5328 2946 5384 naturalem
2979 5325 3576 5403 Deum;-Christusque

2247 5513 2294 5545 "’
2326 5514 2457 5569 ibid.
2493 5515 2583 5571 25.

2696 5515 2742 5548 ⁸³
2773 5513 2906 5571 ibid.
2933 5515 3023 5572 5|.
3127 5515 3174 5547 "
3208 5516 3364 5572 Deut.
3397 5531 3470 5582 vt,
3517 5515 3577 5570 4.

1395 5732 1569 5793 Variae
1599 5736 1860 5796 lectiones
1887 5739 2088 5797 codicis
2117 5738 2483 5811 Seguieriani:

385 5866 429 5903 ι·
458 5865 542 5920 Ic.
577 5864 695 5936 τῆς.

640 5961 912 6022 Parion.
962 5959 1077 6024 Ca.
1129 5961 1415 6023 LXXVI.
