4044 6332
560 382 580 433 ἐ
602 380 694 432 327

1584 377 1640 430 S.
1682 376 1955 430 C\'llll.l.l
1999 376 2464 432 ALEXANDRINI
2505 379 2829 441 ARCllll-IP.

3671 384 3806 439 1228
3852 410 3855 413 λ

560 506 791 561 propria:
816 491 996 544 carnis
1032 500 1282 546 contactu
1317 507 1411 545 eos
1439 491 1673 544 viviﬁt-et
1701 507 1764 544 ac
1800 508 1865 544 ex
1908 491 2120 543 mortuis

2236 494 2329 545 καὶ
2380 493 2468 547 διά
2511 494 2611 563 τῆς
2664 494 2799 557 ἰδίας
2849 493 3049 565 σαρκὸς
3098 494 3221 557 τοὺς
3284 494 3802 566 κατεφθαρμένους,

559 587 779 644 excitet,
806 583 896 650 qui
940 595 1112 637 morte
1144 584 1411 651 absumpti
1443 583 1650 637 fuerant
1687 601 1699 635 :
1727 584 1997 652 quomodo
2026 600 2129 635 non

559 687 643 729 est
689 690 854 729 verus
904 675 1066 738 Deus,
1106 675 1337 728 maxime
1388 688 1517 726 vero
1570 688 1692 725 cum
1745 674 1881 726 alios
1922 687 2134 740 quoque

562 770 673 835 ipse
701 783 762 819 ea
797 774 1058 835 potestate
1088 765 1330 824 donarit.
1370 774 1423 817 ut
1463 765 1515 816 in
1565 763 1781 816 nomine
1816 762 1989 833 ipsius
2025 764 2133 815 vita

567 861 783 912 functos
814 861 864 911 in
900 859 1069 912 lucem
1104 871 1359 911 revocare
1392 855 1653 925 possent?

633 971 650 1002 ‹
689 952 897 1019 Itaque,
929 950 1124 1004 fratres
1156 951 1279 1013 mei,
1316 958 1368 1003 et
1397 963 1491 1001 vos
1529 948 1833 1002 mortiﬁcati
1868 947 1999 1000 estis
2027 945 2129 1015 legi

560 1061 655 1114 per
690 1060 884 1113 corpus
917 1043 1143 1106 Christi,
1179 1054 1235 1095 ut
1266 1043 1385 1095 sitis
1414 1042 1658 1103 alterius,
1688 1040 1777 1108 qui
1806 1057 1871 1093 ex
1902 1040 2129 1091 mortuis

538 1138 878 1201 resurrexit,
926 1144 978 1188 ut
1017 1135 1406 1189 l'ructiﬁcemns
1441 1132 1547 1187 Deo
1570 1133 1639 1185 9’.
1673 1150 1690 1182 ι
1742 1130 2130 1185 Illortiiiramur

557 1230 680 1296 legi,
712 1229 927 1297 quando
957 1228 1024 1281 ab
1064 1227 1205 1279 illius
1236 1226 1497 1280 servitute
1519 1234 1572 1277 et
1602 1223 1747 1276 cultu
1782 1223 2125 1286 desistimus;

554 1322 830 1375 evadimus
858 1327 1034 1371 autem
1061 1317 1238 1383 alteri,
1269 1319 1370 1372 hoc
1401 1327 1485 1369 est
1512 1316 1748 1380 Christo,
1768 1315 1855 1382 qui
1892 1329 1955 1367 ex
1983 1329 2129 1367 mor-

557 1410 662 1463 tuis
690 1409 1010 1471 resurrexit,
1040 1408 1283 1470 obnoxii,
1323 1407 1447 1461 dutn
1482 1416 1539 1459 ut
1574 1404 1964 1458 fructilicemus
1994 1407 2123 1466 Deo,

553 1501 788 1555 oraculis
833 1500 1156 1571 evangelicis
1206 1500 1273 1555 ab
1304 1499 1423 1567 ipso
1470 1499 1630 1552 editis
1679 1512 1882 1551 morem
1941 1510 2127 1566 gerere

551 1594 710 1649 enixe
736 1593 1133 1648 contendimus.
1178 1592 1247 1644 At
1288 1605 1417 1644 vero
1444 1604 1653 1644 summa
1679 1598 1733 1642 et
1765 1595 1927 1654 caput
1960 1601 2125 1639 evan-

530 1685 843 1754 ,gelicorum
900 1694 1288 1753 prmceptorum
1339 1691 1425 1735 est
1475 1682 1608 1735 lides
1666 1681 1717 1734 in
1776 1680 1973 1749 ipsum.
2030 1678 2125 1731 llic

552 1775 693 1828 enim
722 1783 907 1829 noster
926 1783 1007 1827 est
1034 1773 1264 1837 fructus,
1285 1787 1443 1841 quem
1463 1771 1700 1835 Christo,
1717 1778 1970 1837 tanquam
1991 1769 2122 1831 Deo,

551 1865 827 1919 oderimus
859 1885 871 1919 :
903 1878 1032 1932 ergo
1079 1863 1169 1931 qtti
1217 1879 1280 1915 ex
1334 1862 1563 1916 mortuis
1614 1861 1936 1925 resurrexit,
1981 1858 2124 1913 Deus

550 1955 787 2018 exsistit,
825 1954 969 2022 quod
1006 1952 1236 2006 Verbum
1269 1965 1398 2005 caro
1432 1950 1504 2003 sit
1537 1948 1760 2001 factum.

628 2064 645 2097 ι
676 2045 775 2111 Qui
806 2054 982 2097 autent
1013 2043 1065 2095 in
1097 2056 1262 2095 carne
1294 2052 1441 2105 sunt,
1481 2040 1587 2093 Deo
1610 2039 1826 2108 placere
1858 2053 1964 2091 non
2000 2052 2124 2106 pus-

551 2146 694 2191 sunt.
722 2135 830 2190 Vos
853 2145 1032 2189 autem
1064 2134 1114 2186 itt
1155 2148 1320 2186 carne
1363 2147 1468 2185 non
1498 2133 1651 2197 estis,
1686 2130 1779 2185 sed
1817 2131 1867 2183 in
1898 2129 2121 2198 spiritu;

552 2229 595 2281 si
626 2239 801 2281 tamen
836 2225 1068 2295 Spiritus
1110 2224 1200 2277 Dei
1234 2223 1439 2277 habitat
1478 2223 1529 2274 in
1572 2223 1743 2275 vobis.
1781 2219 1837 2273 Si
1872 2221 1993 2287 quis
2027 2235 2123 2272 au-

554 2329 658 2372 tem
690 2316 893 2371 Christi
930 2316 1178 2383 spiritum
1229 2328 1333 2367 non
1380 2312 1564 2377 habet,
1596 2312 1684 2367 hic
1724 2326 1830 2365 non
1862 2320 1946 2365 est
1988 2311 2122 2378 ejus.

550 2410 608 2463 Si
666 2418 845 2462 autem
896 2407 1144 2461 Christus
1186 2405 1238 2458 itt
1297 2405 1448 2458 vobis
1503 2412 1608 2468 est,
1655 2418 1855 2472 corpus
1907 2402 2123 2465 quidem

550 2511 823 2553 mortuum
872 2507 956 2552 est
987 2507 1206 2567 prepter
1238 2505 1541 2565 peccatmn,
1585 2494 1812 2563 spiritus
1850 2508 1981 2547 vero
2014 2495 2123 2546 vita

544 2586 1254 2658 propterjustiﬁeatiouem.
1287 2582 1442 2649 Quod
1493 2582 1537 2635 si
1576 2579 1811 2650 Spiritus
1856 2579 1991 2647 ejus,
2034 2577 2123 2646 qui

548 2674 825 2737 suscita'vit
859 2678 1041 2734 Jesunt
1075 2666 1349 2732 Christum
1397 2691 1463 2730 ex
1516 2674 1767 2739 mortuis,
1820 2673 2027 2727 habitat
2068 2672 2121 2725 in

542 2771 864 2842 'vobiszqui
912 2766 1406 2823 suscitavitJesnm
1460 2766 1734 2819 Christum
1785 2780 1815 2818 a
1870 2765 2120 2832 mortuis,

549 2864 842 2920 vivilicabit
868 2875 921 2915 et
950 2861 1196 2915 mortalia
1228 2873 1456 2928 corpora
1490 2866 1690 2919 vestra,
1721 2865 1937 2925 propter
1963 2855 2116 2909 inha-

551 2957 805 3009 bitantem
842 2952 1103 3019 Spiritum
1138 2952 1252 3015 ejus
1279 2948 1330 3001 in
1370 2948 1585 3001 vobis‘.
1620 2965 1638 2997 ›
1678 2944 1755 2997 Εη
1794 2945 1882 2998 hic
1916 2944 2116 2998 Christi

551 3045 809 3115 Spiritus,
836 3043 943 3096 Dei
979 3041 1214 3110 Spiritus
1246 3053 1369 3093 esse
1415 3040 1616 3092 diserte
1647 3037 1931 3090 asseritur.
1976 3038 2043 3088 At
2074 3036 2117 3089 si

548 3137 801 3192 Christus
828 3148 921 3202 per
942 3147 1000 3187 se
1029 3140 1082 3185 et
1110 3128 1405 3185 secundum
1438 3144 1495 3181 se
1521 3127 1665 3180 aliud
1695 3125 1828 3179 nihil
1851 3137 1931 3180 est
1958 3140 2116 3192 quam

532 3227 731 3290 "homo,
761 3223 995 3278 Verbum
1040 3220 1130 3275 Dei
1173 3219 1437 3287 hospitem
1478 3217 1649 3270 solum
1696 3217 1746 3270 in
1799 3232 1856 3271 se
1893 3216 2115 3281 habens,

548 3316 820 3383 quomodo
847 3313 1064 3366 divinus
1097 3310 1186 3364 ille
1221 3309 1461 3377 Spiritus
1491 3322 1610 3361 esse
1642 3306 1758 3374 eius
1779 3306 2010 3360 dicitur?
2040 3318 2124 3360 est

548 3419 730 3461 autem
780 3406 867 3459 hic
909 3404 1143 3473 Spiritus
1180 3402 1321 3456 illius
1352 3400 1627 3470 proprius.
1671 3398 1811 3452 Deus
1852 3407 1938 3452 est
1971 3412 2121 3466 ergo,

550 3512 648 3552 nec
691 3496 851 3550 aliter
892 3510 979 3548 res
1011 3494 1194 3548 habet.
1226 3490 1337 3545 Nec
1364 3490 1507 3545 enim
1544 3489 1780 3544 Verbum
1824 3488 1916 3543 Dei
1948 3489 1999 3542 in
2032 3489 2125 3541 lto-

548 3591 694 3645 mine
742 3587 1095 3653 inbabitavit,
1149 3586 1243 3641 scd
1298 3586 1579 3639 divinitate
1623 3585 1834 3654 integre
1883 3595 2120 3651 retenta,

549 3681 712 3733 homo
750 3693 875 3731 vere
926 3675 1127 3730 factum
1166 3684 1249 3728 est
1278 3692 1291 3727 :
1321 3684 1483 3741 atque
1528 3676 1630 3728 hac
1675 3674 1904 3739 ratione,
1947 3673 2126 3729 Patris

540 3772 808 3843 Spiritus,
826 3769 1031 3823 Christi
1060 3782 1273 3836 quoque
1296 3766 1530 3835 Spiritus
1553 3766 1910 3835 intellligitur.

625 3883 643 3916 ι
664 3863 979 3932 Quicunque
1000 3862 1139 3916 enim
1169 3860 1370 3928 Spiritu
1398 3859 1487 3914 Dei
1525 3870 1781 3930 aguntur,
1801 3859 1835 3913 ii
1876 3869 2003 3913 sunt
2029 3858 2121 3913 lilii

544 3957 663 4011 ’Dei.
681 3953 797 4008 Non
812 3955 955 4007 enim
980 3952 1263 4020 accepistis
1280 3953 1525 4020 spiritum
1549 3949 1825 4005 servitutis
1847 3948 2039 4003 iterum
2067 3949 2121 4003 in

552 4050 766 4110 timore,
796 4046 887 4098 sed
917 4044 1201 4112 accepistis
1236 4043 1482 4112 Spiritum
1521 4044 1826 4111 adoptionis
1848 4041 2080 4096 ﬁliorum
2103 4082 2117 4107 ,

548 4136 657 4207 59
680 4137 729 4190 in
760 4152 866 4205 quo
892 4136 1210 4199 clamamus,
1242 4133 1389 4189 Abba
1417 4176 1430 4201 ,
1458 4134 1691 4201 Pater”;
1723 4155 1740 4187 ι
1785 4145 1839 4190 et
1864 4134 1967 4189 alio
1999 4150 2121 4188 rur-

548 4243 666 4281 sum
710 4226 828 4281 loco
857 4226 1048 4280 beatus
1096 4226 1294 4280 Paulus
1327 4244 1341 4281 :
1377 4244 1394 4275 ι
1427 4224 1715 4294 Quoniam,
1766 4227 1957 4296 inquit,
1989 4225 2120 4280 estis

548 4319 667 4381 lilii,
698 4318 846 4372 misit
879 4319 1018 4372 Deus
1061 4318 1321 4387 Spiritum
1350 4317 1473 4372 Filii
1507 4317 1587 4371 sui
1629 4318 1681 4372 in
1714 4318 1875 4372 corda
1911 4327 2116 4383 vestra,

542 4411 892 4471 clamantem,
922 4408 1093 4475 Abba,
1126 4407 1287 4461 Pater
1309 4408 1349 4463 ³.
1384 4426 1402 4459 ι
1429 4406 1487 4461 Si
1534 4408 1696 4478 igitur
1726 4423 1821 4477 per
1848 4407 1970 4461 Filii
1998 4406 2119 4475 Spi-

2236 585 2535 653 ὰπτόμενος
2567 585 2675 636 τῶν
2699 586 2926 654 νεκρῶν,
2964 587 3057 638 καὶ
3085 586 3305 650 ἀνιστὰς
3338 587 3535 649 αὐτούς
3558 604 3571 618 ·
3604 587 3721 648 πῶς
3748 588 3805 638 οὐ

2233 671 2364 734 Θεὸς
2382 673 2685 743 ἀληθινὸς,ό
2702 675 2823 736 δοὺς
2845 675 2938 727 καὶ
2961 676 3166 745 ἑτέροις
3186 676 3430 740 ἐξουσίαν
3448 678 3569 740 τοὺς
3586 679 3806 748 νεκροὺς

2233 760 2469 838 ἐγείρειν
2502 762 2589 815 διὰ
2619 764 2713 816 τοῦ
2747 764 3006 834 ὀνόματος
3039 765 3235 829 αὐτοῦς

2308 943 2523 1007 «Ὥστε,
2558 944 2773 1013 ἁδελφοι
2809 963 2931 1014 μου,
2962 947 3054 998 καὶ
3101 947 3258 1016 ὑμεῖς
3307 945 3690 1015 ἐθανατώθητε
3736 945 3807 1014 τῷ

2230 1033 2378 1103 νόμῳ
2405 1035 2493 1088 διὰ
2524 1035 2617 1087 τοῦ
2656 1038 2906 1106 σώματος
2931 1037 3024 1090 τοῦ
3052 1036 3310 1108 Χριστοῦ,
3341 1039 3419 1100 εἰς
3459 1037 3520 1089 τὸ
3554 1036 3807 1105 γενέσθαι

2232 1122 2373 1192 ὑμᾶς
2394 1124 2563 1194 ἐτέρῳ
2592 1124 2667 1193 τῷ
2690 1127 2751 1177 ἐκ
2774 1126 2986 1197 νεκρῶν
3014 1126 3310 1196 ἐγερθέντι,
3345 1127 3429 1179 ἵνα
3459 1129 3807 1196 καρποφορήο

2233 1234 2412 1286 σωμεν
2444 1216 2521 1286 τῷ
2558 1217 2694 1287 Θεῷ.
2728 1237 2745 1267 ι
2790 1218 3180 1287 Θανατούμεθα
3210 1218 3288 1288 τῷ
3316 1222 3485 1288 νόμῳ,
3532 1221 3637 1287 τῆς
3683 1221 3809 1271 κατ’

2229 1306 2391 1357 αὐτὸν
2414 1306 2667 1377 λατρείας
2696 1307 3101 1377 ἀποπαυόμενοι
3122 1324 3133 1335 ’
3167 1307 3427 1377 γινόμεθα
3456 1310 3512 1361 δὲ
3538 1310 3718 1379 ἑτέρῳ
3738 1309 3808 1377 τῷ

2227 1398 2291 1448 ἐκ
2327 1397 2534 1466 νεκρῶν
2574 1398 2873 1468 ἐγερθέντι,
2906 1398 3151 1451 τουτέστι
3202 1385 3442 1471 Χριστῷ,
3474 1404 3590 1463 τοῖς
3646 1398 3805 1453 αὐτοῦ

2228 1488 2592 1558 θεσπίσμασιν
2624 1490 2997 1557 εὐαγγελικοῖς
3026 1491 3445 1544 κατακολουθεῖν
3473 1492 3801 1554 σπουδάζον·

2225 1596 2335 1642 τες,
2370 1578 2456 1631 ἵνα
2508 1580 3021 1650 καρποφορήσωμεν
3074 1579 3153 1650 τῷ
3207 1579 3345 1649 Θεῷ.
3392 1582 3706 1650 Κεφάλαιον
3754 1582 3804 1635 δὲ

2225 1671 2333 1722 τῶν
2364 1670 2732 1739 εῦαγγελικῶν
2770 1672 3155 1742 θεσπισμάτων
3182 1674 3213 1743 ή
3246 1673 3425 1735 πίστις
3459 1676 3492 1744 ἡ
3522 1677 3604 1737 είς
3628 1675 3800 1727 αὐτόν.

2227 1761 2337 1814 Καὶ
2385 1754 2542 1824 οὗτος
2577 1761 2733 1831 ἡμῶν
2780 1764 2807 1815 6
2840 1763 3071 1833 καρπὸς,
3104 1769 3178 1826 ὡς
3221 1763 3361 1833 Θεῷ,
3398 1754 3802 1835 προσαγόμενος

2158 1835 2198 1889 Β
2226 1850 2305 1920 τῷ
2328 1850 2569 1921 Χριστῷ.
2603 1851 2733 1913 Θεὸς
2755 1846 2847 1905 οῦν
2872 1853 2979 1923 άρα
2999 1853 3147 1905 ἐστὶν
3170 1855 3197 1906 6
3224 1855 3286 1905 ἐκ
3308 1853 3518 1924 νεκρῶν
3540 1856 3798 1922 ἀναστὰς,

2226 1942 2301 2005 ὡς
2342 1944 2542 2013 σαρκὸς
2572 1944 2856 2013 γεγονότος
2878 1944 2973 1997 τοῦ
3008 1945 3212 2013 Λόγου.

2304 2054 2321 2085 ε
2352 2036 2414 2087 Οἱ
2461 2034 2516 2087 δὲ
2562 2036 2618 2087 ἐν
2666 2036 2831 2107 σαρκὶ
2860 2035 3031 2101 ὄντες,
3064 2036 3182 2107 Θεῷ
3216 2037 3411 2109 ἀρέσαι
3438 2039 3498 2091 οὐ
3526 2039 3793 2093 δύνανται.

2238 2126 2425 2191 Ὑμεῖς
2449 2126 2503 2178 δὲ
2529 2127 2629 2178 οὐκ
2656 2126 2782 2178 ἐστέ
2813 2128 2871 2179 ἐν
2900 2126 3084 2198 σαρκὶ,
3110 2127 3224 2180 ἀλλ’
3249 2131 3305 2182 ἐν
3332 2129 3628 2199 πνεύματι,
3655 2132 3797 2199 εἴπερ

2227 2219 2452 2288 Πνεῦμα
2492 2218 2625 2271 Θεοῦ
2658 2221 2800 2271 οἰκεῖ
2840 2220 2898 2272 ἐν
2931 2221 3079 2290 ὑμῖν.
3125 2220 3187 2272 Εἰ
3217 2220 3274 2272 δέ
3306 2238 3387 2284 τις
3421 2220 3650 2290 πνεῦμα
3681 2223 3797 2292 Χρι-

2228 2310 2354 2363 στοῦ
2382 2311 2482 2362 οὐκ
2516 2310 2648 2379 ἔχει,
2682 2302 2837 2373 οὗτος
2865 2310 2963 2364 οὐκ
2998 2310 3145 2365 ἔστιν
3173 2310 3355 2365 αὑτοῦ.
3389 2312 3450 2364 Εἰ
3483 2311 3539 2364 δὲ
3572 2313 3796 2382 Χριστὸς

2227 2403 2284 2453 ἐν
2335 2403 2483 2471 ὑμῖν,
2514 2402 2575 2454 τὸ
2623 2400 2721 2471 μὲν
2766 2399 2925 2470 σῶμα
2973 2402 3165 2472 νεκρὸν
3212 2402 3277 2454 δι’
3316 2403 3613 2474 ἁμαρτίαν,
3650 2403 3707 2456 τὸ
3748 2402 3794 2453 δὲ

2225 2492 2445 2562 πνεῦμα
2493 2492 2605 2561 ζωὴ
2654 2491 2743 2545 διὰ
2777 2492 3146 2562 δικαιοσύνην.
3184 2494 3245 2546 Εἰ
3273 2492 3329 2545 δὲ
3358 2493 3419 2546 τὸ
3454 2493 3686 2563 Πνεῦμα
3713 2492 3793 2545 τοῦ

2224 2584 2536 2655 ἐγείραντος
2584 2583 2675 2637 τὸν
2711 2582 2917 2654 Ἰησοῦν
2969 2587 3031 2637 ἐκ
3078 2585 3286 2654 νεκρῶν
3332 2587 3472 2638 οίκεῖ
3504 2588 3564 2638 ὲν
3599 2586 3794 2655 ὑμῖν,ὀ

2223 2674 2442 2745 ἐγείρας
2475 2676 2538 2728 ἐκ
2568 2674 2776 2746 νεκρῶν
2802 2675 3035 2745 Χριστὸν
3076 2676 3304 2746 Ἰησοῦν,
3339 2678 3675 2747 ζωοποιήσει
3712 2682 3792 2730 καὶ

2222 2767 2290 2821 τὰ
2333 2766 2501 2837 θνητὰ
2550 2765 2779 2836 σώματα
2812 2768 2967 2836 ὑμῶν
3015 2768 3101 2820 διὰ
3151 2768 3245 2820 τοῦ
3276 2769 3617 2831 ἐνοικοῦντος
3642 2770 3790 2823 αὑτοῦ

2224 2859 2545 2929 Πνεῦματος
2570 2861 2625 2911 ἐν
2651 2860 2800 2929 ὑμῖν.
2835 2878 2852 2911 ι
2876 2860 3005 2913 Ἰδοὺ
3033 2860 3096 2930 δὴ
3124 2860 3308 2927 σαφῶς
3335 2859 3395 2911 τὸ
3415 2859 3548 2912 Θεοῦ
3579 2859 3791 2928 Πνεῦμα

2218 2949 2436 3019 λέγεται
2490 2950 2584 3004 τοῦ
2634 2951 2895 3022 Χριστοῦ.
2932 2952 3070 3005 Ἀλλ’
3119 2952 3276 3022 εἴπερ
3323 2953 3469 3006 ἐστὶν
3516 2953 3790 3023 ἅνθρωπος

2225 3041 2407 3105 ἱδικῶς
2451 3044 2546 3095 καὶ
2580 3042 2683 3095 ἀνὰ
2732 3043 2898 3113 μέρος
2943 3043 3216 3112 κείμενος,
3249 3044 3616 3115 κατῳκηκότα
3646 3045 3789 3113 μόνον

2225 3135 2282 3185 ἐν
2303 3134 2452 3205 αὐτῷ
2476 3136 2566 3188 τὸν
2588 3134 2681 3187 τοῦ
2704 3135 2837 3188 Θεοῦ
2863 3134 3036 3202 Λόγου
3065 3135 3225 3205 ἔχων,
3252 3136 3367 3200 πῶς
3401 3136 3564 3190 αὐτοῦ
3584 3137 3647 3189 τὸ
3664 3135 3788 3188 θεῖον

2224 3223 2439 3294 λέγεται
2476 3226 2733 3295 Πνεῦμα;
2761 3228 2894 3280 ἀλλὰ
2934 3227 3038 3299 μὴν
3074 3228 3204 3281 ἴδιον
3249 3226 3411 3280 αὐτοῦ
3462 3226 3524 3280 τὸ
3574 3226 3787 3294 Πνεῦμα

2222 3317 2365 3370 ἐστι’
2397 3318 2529 3381 Θεὸς
2558 3320 2686 3389 ἄρα,
2710 3319 2804 3373 καὶ
2828 3321 2925 3390 οὐχ
2956 3320 3176 3390 ἐτέρως.
3212 3320 3285 3373 Οὐ
3315 3320 3423 3390 γὰρ
3446 3321 3503 3371 ἐν
3528 3319 3786 3391 ἀνθρώπῳ

2222 3409 2444 3477 γέγονεν
2479 3413 2507 3463 6
2546 3412 2639 3464 τοῦ
2687 3412 2822 3465 Θεοῦ
2857 3413 3047 3480 Λόγος,
3081 3412 3217 3465 ἀλλὰ
3259 3412 3483 3480 γέγονεν
3515 3414 3786 3484 ἄνθρωπος

2222 3499 2458 3563 ἀληθῶς,
2499 3500 2638 3570 μετά
2676 3501 2770 3554 τοῦ
2816 3504 2995 3571 μεῖναι
3024 3501 3173 3565 Θεός.
3209 3502 3364 3555 Οὕτω
3394 3502 3501 3574 γὰρ
3530 3504 3601 3557 ἂν
3634 3506 3786 3558 νοοῖτο

2223 3593 2459 3662 Χριστοῦ
2492 3594 2553 3647 τὸ
2580 3594 2801 3665 Πνεῦμα
2832 3595 3099 3665 ὑπάρχειν
3128 3595 3188 3647 τὸ
3216 3593 3309 3648 τοῦ
3336 3594 3572 3666 Πατρός.

2300 3857 2483 3910 «Ὅσοι
2532 3858 2638 3928 γὰρ
2678 3858 2951 3928 Πνεῦματι
2996 3859 3129 3913 Θεοῦ
3176 3860 3422 3929 ἄγονται,
3468 3853 3617 3913 οὗτοί
3663 3861 3783 3913 εἰσιν

2224 3949 2330 4001 υἱοὶ
2352 3948 2507 4001 Θεοῦ.
2535 3950 2608 4001 Οὐ
2640 3951 2748 4020 γὰρ
2777 3950 2999 4003 ἐλάϐετε
3026 3951 3241 4022 πνεῦμα
3260 3952 3499 4015 δουλείας
3525 3953 3689 4005 πάλιν
3716 3957 3785 4005 εἰς

2223 4039 2408 4108 φόϐον,
2448 4040 2558 4093 ἀλλ’
2586 4042 2804 4095 ἐλάϐετε
2839 4044 3056 4113 πνεῦμα
3098 4044 3387 4107 υἱοθεσίας.
3425 4046 3483 4098 ἐν
3520 4038 3564 4112 ᾦ
3598 4045 3783 4115 κράξοο

2226 4148 2343 4202 μεν,
2362 4132 2551 4195 ’Λ66ἄ,
2570 4135 2596 4185 6
2634 4134 2844 4204 Πατήρ.
2873 4154 2889 4185 ι
2912 4134 2968 4187 'U
3004 4137 3270 4206 μακάριος
3312 4138 3510 4206 γράφει
3540 4136 3747 4197 Παῦλος
3768 4151 3781 4165 ⁸

2226 4222 2379 4274 (Ὅτι
2412 4222 2467 4274 δέ
2501 4223 2623 4275 ἐστε
2653 4224 2779 4290 υἱοὶ,
2814 4224 3195 4289 ἐξαπέστειλεν
3238 4228 3267 4278 6
3314 4227 3445 4290 Θεὸς
3481 4226 3539 4280 τὸ
3571 4227 3785 4296 Πνεῦμα

2218 4312 2311 4366 τοῦ
2338 4314 2464 4367 Υἰοῦ
2501 4314 2663 4367 αὑτοῦ
2695 4318 2774 4378 είς
2801 4318 2899 4380 τὰς
2925 4318 3150 4387 καρδίας
3180 4318 3782 4389 ὑμῶν,κράζον.Ἂ66ἇ,

2218 4409 2246 4461 ὀ
2284 4409 2490 4478 Πατήρ.
2526 4428 2544 4460 ι
2583 4408 2793 4462 Οὐκοῦν
2825 4411 2872 4462 εἰ
2906 4410 2965 4462 ἐν
2987 4409 3260 4479 Πνεῦματι
3292 4409 3384 4461 τοῦ
3415 4408 3543 4463 Υίοῦ
3577 4412 3784 4482 mpm-

549 4500 714 4553 ritum
770 4498 1018 4552 ﬁduciam
1087 4498 1266 4560 nacti,
1334 4495 1555 4552 Patrem
1617 4512 1814 4551 vocare
1861 4496 2118 4551 audemus

2226 4500 2344 4553 σίαν
2386 4500 2580 4571 ἔχομεν
2624 4501 2843 4572 Πατέρα
2877 4502 3058 4555 καλεῖν
3084 4502 3173 4554 τὸν
3200 4501 3354 4562 Θεὸν,
3385 4501 3459 4565 ὡς
3510 4502 3609 4556 τοῦ
3658 4503 3785 4555 κατὰ

546 4592 738 4654 Deum,
775 4599 1031 4659 tanquam
1064 4589 1155 4656 qui
1204 4588 1469 4642 naturalis
1499 4586 1721 4655 verique
1750 4586 1873 4641 Filii
1913 4586 2117 4653 Spiritu

544 4685 717 4736 simus
743 4680 1053 4749 locupletati
1080 4697 1092 4732 :
1130 4680 1401 4748 quomodo
1418 4679 1669 4733 Christus
1705 4693 1811 4732 non
1838 4687 1920 4732 est
1951 4677 2111 4741 Deus,

550 4791 655 4829 non
689 4783 895 4827 tantum
922 4783 1189 4840 quatenus
1202 4772 1393 4825 similis
1412 4772 1565 4826 nobis
1586 4771 1747 4825 homo
1776 4769 2115 4839 intelligitur,

550 4866 641 4919 sed
671 4875 938 4933 quatenus
978 4860 1206 4917 Verbum
1234 4864 1431 4916 factum
1464 4872 1545 4917 est
1580 4878 1725 4924 caro,
1752 4876 1923 4931 neque
1963 4875 2117 4916 secus

547 4974 609 5011 ac
640 4972 738 5010 nos
769 4956 950 5009 carnis
976 4964 1031 5009 et
1062 4955 1337 5024 sanguinis
1363 4955 1630 5024 particeps
1664 4953 1911 5009 eﬂ'ectum
1944 4953 2065 5009 est?

622 5065 642 5099 ι
677 5047 808 5114 Quis
843 5062 941 5101 nos
970 5048 1246 5115 separabit
1272 5062 1300 5099 a
1333 5047 1599 5099 eharitate
1627 5046 1873 5100 Christi?
1901 5044 2120 5098 tribula-

550 5142 623 5194 tio
648 5181 663 5205 ,
712 5157 780 5192 an
814 5140 1060 5209 angustia
1084 5177 1098 5203 ,
1134 5154 1199 5192 an
1243 5137 1447 5201 fames,
1482 5153 1550 5190 an
1591 5137 1804 5191 nuditas
1827 5181 1841 5205 ,
1870 5152 1937 5190 an
1972 5136 2117 5204 peri-

546 5234 768 5295 culum,
820 5246 885 5284 an
933 5231 1270 5300 persecutio,
1319 5245 1387 5281 an
1434 5228 1741 5299 gladius"?
1772 5247 1789 5278 ι
1848 5226 1955 5280 Lex
2007 5225 2117 5279 Mo-

545 5324 691 5375 saica
734 5325 875 5376 inter
904 5334 1096 5377 caetera
1138 5323 1398 5385 dictabat,
1436 5320 1784 5390 graviterque
1828 5320 2109 5388 praecipie-

546 5414 674 5467 bat:
710 5433 729 5465 ‹
764 5413 961 5484 Diliges
992 5414 1278 5468 Dominttm
1320 5416 1483 5467 Deum
1516 5422 1661 5466 tuum
1703 5428 1767 5466 ex
1816 5421 1928 5466 toto
1958 5413 2119 5466 corde

548 5516 659 5568 tuo.
715 5522 780 5562 ex
835 5517 949 5561 tota
1011 5508 1190 5560 anima
1246 5516 1358 5571 tua,
1413 5516 1467 5559 et
1523 5519 1588 5559 ex
1642 5514 1752 5558 tota
1808 5504 2122 5558 fortitudine

546 5609 637 5653 tua
666 5599 708 5653 ‘.
742 5618 760 5649 ι
813 5598 946 5654 Cum
1006 5598 1170 5668 igitur
1228 5599 1614 5663 dilectionem,
1672 5612 1792 5666 qua:
1844 5597 1896 5650 in
1954 5596 2117 5649 Deum

619 5735 664 5764 ’θ
691 5733 847 5787 Rom.
879 5749 973 5789 vn.
1008 5733 1061 5787 4.
1142 5734 1156 5765 ί
1203 5732 1363 5789 llum.
1409 5749 1522 5788 \‘lll-
1560 5732 1714 5788 8-l0.

553 5802 740 5859 Matth.
770 5820 906 5871 χιιι,
929 5804 1018 5857 57.

1796 5733 1814 5763 ι
1849 5731 1977 5787 ibid.
2014 5729 2211 5799 “,15.

2225 4590 2384 4658 φύσιν
2428 4592 2520 4644 καὶ
2567 4591 2798 4663 ἀληθοῦς
2828 4592 2958 4645 Υίοῦ
3004 4592 3062 4645 τὸ
3097 4592 3321 4664 Πνεῦμα
3350 4596 3781 4663 πλουτήσαντες·

2225 4682 2341 4744 πῶς
2368 4682 2429 4734 οὐ
2455 4682 2585 4745 Θεὸς
2628 4685 2656 4735 6
2696 4682 2957 4753 Χριστός;
2993 4684 3054 4735 οῦ
3088 4683 3223 4736 καθὸ
3251 4687 3453 4737 νοεῖται
3492 4685 3619 4737 καθ’
3654 4686 3785 4755 ἡμᾶς

2226 4772 2508 4845 ἄνθρωπος
2561 4775 2738 4843 μόνον,
2769 4776 2906 4829 ἀλλὰ
2951 4776 3085 4829 καθὸ
3133 4777 3321 4844 γέγονε
3377 4776 3513 4845 σὰρξ
3547 4778 3579 4829 6
3604 4778 3784 4844 Λόγος.

2226 4865 2317 4917 καὶ
2351 4865 2650 4936 μετέσχηκε
2682 4868 3075 4938 παραπλησίως
3100 4870 3232 4938 ἡμῖν
3260 4868 3489 4938 αἵματος
3536 4871 3636 4922 καὶ
3670 4885 3788 4938 σαρ·

2226 4956 2320 5019 κός
2338 4973 2352 5019 ;

2304 5064 2321 5096 ι
2357 5044 2450 5108 Τίς
2483 5047 2626 5115 ἡμᾶς
2659 5047 2881 5118 χωρίσει
2933 5048 3040 5101 ἀπὸ
3087 5051 3183 5119 τῆς
3229 5050 3449 5119 ἀγάπης
3495 5050 3592 5104 τοῦ
3625 5049 3785 5111 Θεοῦ;

2224 5138 2401 5208 θλίψις
2424 5178 2438 5202 ,
2484 5138 2516 5207 ἢ
2546 5140 2875 5211 στενοχωρία
2895 5180 2911 5203 ,
2959 5141 2991 5211 ἢ
3023 5142 3259 5210 διωγμὸς
3278 5182 3293 5206 ,
3340 5143 3373 5211 ἦ
3401 5142 3593 5210 λιμὸς,
3621 5143 3655 5213 ἦ
3685 5143 3787 5195 κίνο

2222 5229 2408 5292 δυνος,
2443 5230 2476 5300 ἣ
2508 5229 2789 5302 μάχαιρα;
2824 5251 2840 5281 ι
2880 5231 2941 5286 ’0
2972 5232 3131 5302 νόμος
3171 5234 3406 5300 ἔφασκεν
3442 5235 3472 5287 ὁ
3515 5234 3603 5287 διὰ
3635 5236 3787 5287 Maii?-

2227 5321 2383 5384 σέως,
2436 5320 2526 5373 καὶ¹
2584 5321 2799 5390 ἐντολὴν
2850 5322 3117 5374 ἐποιεῖτο“
3161 5341 3178 5374 t
3214 5324 3548 5394 Ἀγαπήσεις
3593 5324 3789 5392 Κύριον

2222 5409 2315 5462 τὸν
2358 5409 2491 5461 Θεόν
2535 5426 2629 5462 σου
2664 5410 2723 5474 ἐξ
2747 5410 2875 5480 ὅλης
2904 5411 3003 5480 τῆς
3035 5411 3254 5481 καρδίας
3290 5429 3408 5476 σου,
3449 5414 3546 5466 καὶ
3588 5412 3649 5480 ἐξ
3672 5412 3790 5481 ὅλης

2224 5500 2324 5569 τῆς
2354 5500 2533 5570 ψυχῆς
2575 5518 2689 5561 σου,
2723 5502 2814 5553 καὶ
2852 5502 2911 5565 ἐξ
2957 5502 3084 5571 ὅλης
3134 5503 3234 5572 τῆς
3285 5505 3466 5573 ἰσχύος
3494 5521 3608 5557 σου.
3643 5505 3790 5557 »Ὅτε

2226 5594 2403 5645 τοίνυν
2443 5595 2540 5663 τὴν
2575 5595 2795 5666 ἀγάπην
2825 5595 2928 5666 τὴν
2958 5594 3033 5665 τῷ
3063 5594 3179 5665 Θεῷ
3211 5596 3690 5667 πρεπωδεστάτην,
3721 5594 3788 5655 ὡς

2297 5730 2314 5761 ³
2343 5728 2516 5784 Galat.
2549 5746 2620 5796 ιν,
2651 5731 2703 5784 6.
2782 5731 2823 5763 ³⁴
2854 5732 3011 5787 llum.
3043 5746 3161 5799 vui,
3185 5731 3273 5788 53.
3366 5733 3386 5765 ⁸
3419 5733 3568 5789 Deut.
3617 5747 3689 5796 γι,
3729 5730 3786 5795 5;
