4044 6332
208 423 232 439 ’
330 412 471 468 1:229

1422 409 1509 464 DE
1548 407 1776 465 RECTA
1815 409 1971 465 FIDE
2011 410 2101 465 AD
2141 406 2460 465 REGINAS.

3429 400 3569 459 ιεδο

329 527 390 595 ἐξ
418 526 546 595 ὅλης
573 524 753 594 ἱσχυος
784 523 876 577 καὶ
896 523 1154 578 ἀνωτάτω
1183 523 1230 586 i,
1268 524 1357 594 τὴν
1404 525 1564 597 μέχρι
1594 524 1772 597 ψυχῆς
1804 526 1900 579 καὶ

2013 524 2239 579 maxime
2282 522 2560 585 convenit,
2610 517 2911 587 cuiusmodi
2948 532 3008 572 ea
3043 525 3143 580 est,
3181 530 3300 586 quae
3344 532 3407 571 ex
3461 526 3571 573 tota

330 620 563 689 αἵματος
607 615 701 669 καὶ
750 613 898 685 αὐτῷ
942 615 1294 689 προσάγομεν
1343 614 1421 684 τῷ
1463 615 1715 685 Χριστῷ·
1765 614 1849 678 τίς
1875 616 1904 667 ό

331 710 497 779 φάναι
519 706 753 777 τολμῶν,
780 707 856 770 ὡς
882 707 982 760 οὐκ
1006 707 1073 761 ἂν
1102 707 1189 777 είη
1218 707 1351 771 Θεός
1374 725 1388 775 ;
1422 706 1774 780 Διημάρτηκε
1796 707 1905 779 γάρ

330 801 425 855 τοῦ
455 799 757 871 πρέποντος
790 800 910 853 κατ’
936 798 1127 852 οὐδένα
1159 799 1359 870 τρόπον
1389 801 1419 853 ὁ
1444 799 1552 852 τῶν
1581 800 1754 869 ἀγίων
1782 818 1904 854 σκο-

333 894 452 958 πός.

409 1090 763 1160 «Πέπεισμαι
816 1088 944 1160 γάρ,
995 1090 1076 1142 ὅτι
1123 1088 1247 1142 οὔτε
1301 1088 1551 1153 Θάνατος,
1596 1088 1720 1143 οὔτε
1768 1089 1901 1160 ζωὴ,

333 1183 461 1237 οὔτε
500 1183 740 1252 ἄγγελοι,
772 1182 894 1235 οὔτε
925 1183 1110 1253 ἀρχαὶ,
1138 1182 1258 1235 οὕτε
1293 1184 1581 1247 ἐνεστῶτα,
1612 1183 1735 1236 οὔτε
1778 1184 1905 1252 μέλ-

335 1275 513 1337 λοντα,
542 1274 665 1326 οὕτε
699 1274 977 1343 δυνάμεις,
1007 1272 1131 1326 οὔτε
1166 1273 1385 1343 ὕψωμα,
1414 1273 1537 1325 οὕτε
1565 1274 1748 1344 βάθος,
1781 1274 1904 1327 οὔτε

336 1385 417 1429 τις
450 1366 626 1429 κτίσις
651 1364 812 1435 ἑτέρα
836 1365 1122 1436 δυνήσεται
1146 1367 1292 1436 ἡμᾶς
1313 1366 1540 1437 χωρίσαι
1565 1365 1664 1435 τῆς
1686 1367 1904 1436 ἀγάπης

337 1456 429 1510 τοῦ
460 1456 615 1520 Θεοῦ,
653 1458 751 1525 τῆς
779 1458 837 1510 ὲν
864 1455 1084 1527 Χριστῷ
1124 1457 1297 1527 Ἰησοῦ
1339 1457 1416 1527 τῷ
1450 1456 1640 1527 Κυρίῳ
1671 1457 1844 1527 ὴμῶν.
1880 1476 1898 1507 ι

340 1548 401 1599 Ei
453 1546 619 1616 μηδὲν
667 1546 803 1606 ὅλως
839 1546 987 1616 ἡμᾶς
1020 1546 1251 1615 χωρίσαι
1295 1545 1517 1598 δύναται
1561 1546 1659 1615 τῆς
1685 1545 1906 1614 ἀγάπης

336 1635 429 1689 τοῦ
457 1635 615 1701 Θεοῦ,
648 1635 947 1705 πράττεται
985 1634 1040 1686 δὲ
1082 1633 1219 1705 αὑτὴ
1256 1635 1384 1705 παρ’
1412 1634 1571 1704 ἡμῶν
1600 1637 1658 1687 ὲν
1685 1634 1905 1703 Χριστῷ

356 1728 556 1798 Ἰησοῦ,
586 1728 702 1791 πῶς
725 1727 785 1779 ού
809 1725 941 1790 Θεὸς
957 1726 1244 1796 ὲναργῶςό
1273 1726 1507 1795 Χριστὸς
1524 1765 1539 1791 ,
1565 1727 1722 1794 εἴπερ
1746 1726 1905 1777 αὑτὸν

338 1818 680 1887 ἀγαπῶντες,
713 1817 804 1870 τὸν
835 1817 943 1870 τῶν
976 1817 1111 1870 ὅλων
1141 1818 1443 1887 ἀγαπῶμεν
1479 1817 1645 1883 Θεόν;
1677 1817 1909 1888 Χριστὸν

336 1910 394 1963 δὲ
441 1912 492 1964 εἱ
536 1910 773 1981 λέγοιμι,
800 1908 889 1963 τὸν
932 1912 996 1963 ὲκ
1042 1909 1177 1963 Θεοῦ
1225 1909 1396 1979 Λόγον
1450 1908 1910 1982 ἐνηνθρωπηκότα

337 2001 500 2073 δηλῶ.

414 2224 432 2256 ι
462 2205 670 2269 Πάντες
732 2208 840 2277 γάρ
900 2206 1362 2277 παραστησόμεθα
1424 2206 1504 2278 τῷ
1564 2207 1767 2277 βήματι
1817 2206 1911 2259 τοῦ

342 2298 598 2369 Χριστοῦ,
630 2318 648 2349 ›
701 2301 867 2370 φησί·
914 2299 1379 2370 παραστησόμεθα
1430 2299 1486 2352 δὲ
1538 2300 1615 2370 τῷ
1663 2299 1907 2370 Χριστῷ.

343 2389 624 2442 Καθιείται
658 2391 764 2459 γὰρ
808 2389 903 2441 ἐπὶ
948 2390 1137 2460 θρόνου
1164 2390 1321 2460 δόξης
1364 2389 1550 2455 αὐτοῦ,
1582 2391 1784 2461 κρίνων
1815 2393 1913 2457 τὴ)

340 2481 661 2552 οἰκουμένην
723 2483 779 2533 ὲν
850 2482 1186 2554 δικαιοσύνῃ.
1258 2482 1447 2536 Καίτοι
1514 2481 1761 2549 λέγοντος
1819 2483 1911 2535 τοῦ

339 2569 523 2636 Δαυῖδ,
550 2572 632 2624 ὅτι
672 2569 802 2632 Θεὸς
847 2571 1038 2642 κριτής
1069 2572 1205 2624 ἐστι’
1230 2570 1363 2635 Θεὸς
1390 2571 1497 2642 ἄρα
1524 2572 1671 2625 ἐστὶν
1704 2574 1733 2627 ὁ
1778 2573 1913 2645 Χρι-

344 2662 488 2726 στός.

420 2796 437 2827 ι
467 2776 874 2846 Τολμηρότερον
921 2774 977 2827 δὲ
1029 2774 1241 2845 ἔγραψα
1289 2777 1417 2847 ὑμῖν
1446 2778 1556 2830 ἀπὸ
1586 2777 1804 2849 μέρους,
1839 2778 1915 2843 ὡς

342 2868 773 2937 ἀναμιμνήσκων
806 2867 971 2936 ὑμᾶς,
992 2866 1079 2919 διὰ
1101 2868 1199 2936 τὴν
1229 2868 1389 2938 χάριν
1416 2868 1515 2939 τὴν
1538 2869 1783 2924 δοθεῖσάν
1822 2888 1913 2940 μοι

345 2958 448 3011 ὑπὸ
496 2956 589 3009 τοῦ
639 2955 797 3018 Θεοῦ,
843 2958 925 3019 εἰς
966 2957 1028 3009 τὸ
1078 2953 1218 3011 εἷναί
1267 2976 1336 3026 με
1389 2958 1699 3030 λειτουργὸν
1738 2961 1911 3032 Ἰησοῦ

342 3048 581 3120 Χριστοῦ
604 3051 682 3111 εἱς
710 3047 779 3101 τά
809 3048 959 3119 ἔθνη,
987 3048 1055 3102 τά
1088 3050 1471 3120 ἱερουργοῦντα
1494 3051 1552 3104 τὸ
1582 3052 1913 3121 Εὑαγγέλιον

342 3140 439 3193 τοῦ
482 3139 620 3192 Θεοῦ
641 3154 655 3168 ·
700 3140 785 3193 ἵνα
818 3140 1045 3212 γένηται
1088 3143 1120 3212 ἡ
1168 3143 1453 3214 προσφορά
1482 3145 1591 3198 τῶν
1623 3144 1792 3199 ὲθνῶν
1819 3148 1911 3200 εὑ-

2008 632 2370 687 supremaque
2405 614 2725 669 fortitudine
2758 623 2877 667 orla
2936 612 3001 665 ad
3040 613 3211 681 ipsam
3250 625 3420 679 usque
3456 612 3575 664 ani-

2007 724 2150 762 mam
2184 720 2237 763 et
2280 708 2596 777 sanguinem
2634 706 2913 775 pertingit,
2942 705 3041 774 ipsi
3068 703 3288 758 Christo
3317 703 3576 757 exhibea-

2006 815 2125 855 mus
2147 841 2163 865 ,
2185 800 2305 869 quis
2337 800 2513 853 dicere
2546 797 2735 851 audeat
2774 795 3050 850 Christum
3079 808 3184 848 non
3213 807 3334 847 esse
3372 791 3576 846 Deum?

2004 888 2190 958 Neque
2229 889 2371 943 enim
2403 887 2659 942 credibile
2699 894 2782 939 est
2824 894 3135 938 sanctorum
3168 879 3433 949 judicium
3470 878 3578 935 ullo

2006 982 2167 1036 modo
2202 996 2231 1035 a
2263 981 2508 1034 veritatis
2537 993 2700 1048 scopo
2725 979 3033 1031 aberrasse.

2080 1114 2098 1146 ι
2129 1094 2324 1149 Certus
2351 1106 2468 1145 sum
2493 1090 2657 1155 enim,
2688 1090 2811 1157 quia
2837 1100 3010 1158 neque
3036 1102 3199 1149 mors,
3234 1098 3408 1153 neque
3437 1082 3572 1144 vita,

2007 1202 2183 1257 neque
2222 1185 2434 1255 Angeli,
2473 1198 2645 1252 neque
2685 1182 3064 1249 Principatus,
3101 1194 3273 1247 neque
3313 1178 3579 1237 Virtutes.

2008 1291 2184 1345 neque
2212 1276 2493 1341 instantia,
2524 1288 2701 1343 neque
2734 1272 2934 1335 futura,
2966 1284 3138 1339 neque
3168 1267 3449 1330 fortitudo,
3489 1280 3582 1319 ne-

2007 1383 2110 1438 que
2151 1367 2397 1432 altitudo,
2454 1380 2629 1435 neque
2680 1363 3007 1434 profundum
3036 1402 3052 1427 ,
3100 1376 3276 1431 neque
3328 1368 3581 1415 creatura

2008 1458 2111 1511 alia
2156 1457 2354 1524 poterit
2399 1472 2497 1510 nos
2532 1469 2788 1525 separare
2827 1469 2857 1507 a
2887 1452 3154 1508 charitate
3187 1450 3304 1516 Dei,
3338 1463 3459 1518 qua:
3500 1458 3585 1499 est

2010 1550 2062 1602 in
2103 1548 2318 1602 Christo
2361 1545 2485 1602 Jesu
2532 1546 2758 1601 Domino
2805 1556 2991 1599 nostro
3015 1543 3059 1599 '.
3112 1563 3130 1595 ο
3180 1540 3299 1596 Jam
3351 1541 3395 1594 si
3450 1537 3583 1592 nihil

2008 1639 2231 1693 omnino
2260 1653 2289 1691 a
2315 1637 2580 1691 charitale
2616 1636 2709 1690 Dei
2741 1635 3029 1705 seiungere
3065 1650 3164 1687 nos
3188 1639 3399 1701 potest,
3428 1630 3581 1683 exhi-

2011 1728 2169 1783 betur
2221 1728 2338 1783 hree
2388 1738 2569 1782 autem
2609 1744 2638 1780 a
2688 1728 2844 1782 nobis
2896 1728 2948 1780 in
2982 1724 3195 1780 Christo
3241 1722 3364 1778 Jesu
3415 1739 3429 1775 :
3497 1722 3582 1776 cui

2011 1821 2301 1876 obscurum
2334 1836 2454 1876 esse
2497 1828 2691 1890 potest,
2730 1819 2857 1888 quin
2892 1818 3141 1872 Christus
3172 1817 3245 1871 sit
3284 1815 3425 1870 Deus
3449 1854 3466 1881 ,
3510 1816 3584 1869 si-

2012 1911 2230 1982 quidem
2284 1912 2459 1981 ipsum
2507 1919 2777 1973 amantes,
2834 1908 3209 1963 universorum
3262 1906 3429 1960 Deum
3469 1904 3583 1958 dili-

2012 2003 2187 2071 gimus
2218 2002 2241 2055 ?
2272 2001 2544 2056 Christum
2584 2010 2759 2054 autem
2780 1999 2907 2053 dum
2958 1998 3198 2062 nomino,
3246 1997 3583 2051 incarnatum

2012 2093 2105 2148 Dei
2145 2094 2379 2148 Verbum
2411 2092 2679 2162 intelligo.

2091 2226 2110 2259 ι
2138 2206 2340 2262 Omnes
2364 2206 2507 2261 enim
2532 2206 2797 2259 stabimus
2832 2214 2957 2258 ante
2998 2203 3234 2258 tribunal
3266 2202 3532 2266 Christi‘,
3562 2222 3579 2251 ι

2014 2297 2226 2365 inquit;
2256 2310 2446 2350 omnes
2477 2304 2659 2349 autem
2689 2294 2946 2349 sistemur
2975 2292 3192 2348 Christo
3221 2312 3235 2348 :
3264 2294 3472 2348 sedebit
3498 2294 3586 2347 hic

2012 2389 2154 2443 enim
2205 2402 2367 2456 super
2417 2387 2669 2441 thronum
2714 2385 2902 2455 gloria:
2951 2400 3100 2450 sure,
3142 2401 3250 2455 quo
3311 2396 3583 2441 terrarum

2013 2482 2200 2535 orbem
2230 2479 2437 2545 judicet
2488 2478 2540 2533 in
2577 2478 2811 2549 justitia.
2847 2477 2986 2532 Cum
3036 2493 3168 2547 ergo
3198 2479 3365 2532 David
3412 2478 3585 2533 Deum
3692 2500 3697 2507 -

2008 2572 2245 2641 judicem
2289 2578 2463 2637 vocet,
2504 2570 2855 2641 consequitur
2895 2569 3119 2625 omnino
3146 2569 3423 2625 Christum
3464 2586 3587 2626 esse

2018 2663 2206 2718 Deum.

2090 2794 2110 2828 ι
2136 2775 2406 2829 Audacius
2432 2784 2608 2829 autem
2636 2776 2826 2845 scripsi
2860 2775 3028 2841 vobis,
3068 2776 3281 2841 fratres,
3306 2793 3370 2832 ex
3410 2786 3583 2845 parte,

2018 2876 2272 2935 tanquam
2329 2866 2384 2919 in
2442 2868 2758 2920 memoriam
2818 2880 2913 2920 vos
2982 2867 3288 2932 reducens,
3356 2875 3581 2937 propter

2014 2960 2243 3027 gratiam
2281 2972 2401 3027 qua:
2432 2958 2552 3012 data
2587 2966 2670 3011 est
2713 2958 2844 3011 mihi
2877 2973 2906 3010 a
2937 2958 3068 3023 Deo,
3092 2968 3153 3011 ut
3195 2959 3297 3012 sim
3338 2958 3587 3013 minister

2012 3048 2140 3103 Jesu
2168 3048 2367 3104 Christi
2409 3049 2463 3102 in
2516 3049 2767 3117 gentibus
2790 3086 2805 3112 ,
2840 3048 3189 3103 sanctificans
3228 3048 3577 3119 Evangelium

2015 3141 2133 3203 Dei,
2168 3149 2227 3193 ut
2256 3140 2348 3194 fiat
2384 3139 2588 3195 oblatio
2616 3140 2854 3210 gentium
2888 3151 3110 3209 accepta
3152 3150 3207 3195 et
3251 3142 3583 3196 sanctiﬁcata

344 3232 691 3300 πρόσδεκτος,
725 3234 1029 3304 ἡγιασμένη
1083 3236 1141 3286 ὲν
1190 3236 1468 3305 Πνεύματι
1512 3236 1672 3307 ἁγίῳ.
1706 3257 1725 3289 ι
1764 3241 1826 3292 Οἱ
1853 3242 1910 3293 τὸ

2017 3234 2068 3287 in
2103 3232 2306 3302 Spiritu
2352 3242 2543 3287 sancto
2569 3234 2621 3285 ⁷.
2660 3251 2678 3283 ι
2716 3231 2859 3286 Sane
2897 3232 3089 3302 quibus
3126 3234 3266 3287 sacri
3297 3233 3585 3287 ministeri’

343 3325 441 3391 τῆς
476 3324 787 3394 ἱερουργίας
814 3326 1001 3396 χρῆμα
1029 3328 1483 3398 πεπιστευμένοι,
1516 3329 1635 3401 Θεῷ
1672 3331 1915 3403 λειτουρ-

346 3413 502 3480 γοῦσι
561 3416 746 3484 μόνῳο
788 3417 1167 3485 παρεστήκασι
1210 3417 1316 3487 γὰρ
1365 3419 1463 3471 οὐκ
1511 3418 1821 3489 ἀνθρώποις
1865 3423 1913 3473 οἱ

348 3507 533 3576 ἱερεῖς.
553 3505 683 3558 Ἰδοὺ
712 3506 1001 3577 τοιγαροῦν
1027 3506 1055 3557 ό
1091 3508 1381 3571 θεσπέσιος
1426 3509 1638 3572 Παῦλος
1670 3510 1913 3565 δεδόσθαι

348 3600 512 3669 φησὶν
539 3598 715 3669 ἐαυτῷ
743 3599 903 3669 χάριν
932 3598 1078 3669 παρά
1106 3599 1199 3653 τοῦ
1226 3600 1382 3662 Θεοῦ,
1416 3602 1496 3664 εἱς
1533 3602 1595 3654 τὸ
1635 3597 1775 3656 εἶναι
1801 3604 1913 3656 λει-

345 3690 571 3757 τουργὸν
624 3689 857 3760 Χριστοῦ
909 3691 1105 3761 Ἰησοῦ,
1162 3694 1255 3745 καὶ
1316 3694 1619 3763 ἱερουργεῖν
1686 3698 1744 3748 ὲν
1802 3700 1915 3762 τοῖς

346 3780 522 3833 ἔθνεσι
572 3780 633 3833 τὸ
680 3780 1008 3849 Εὑαγγέλιον
1054 3782 1147 3835 τοῦ
1190 3783 1449 3853 Χριστοῦ.
1480 3786 1614 3848 Θεὸς
1657 3784 1752 3840 οὖν
1804 3788 1913 3859 ἀρα

345 3871 601 3943 Χριστὸς,
636 3874 683 3924 εἱ
711 3873 942 3941 Χριστὸν
976 3873 1261 3943 κηρύττων
1286 3878 1398 3937 τοῖς
1423 3876 1623 3940 ἔθνεσι,
1656 3878 1751 3932 τοῦ
1779 3878 1913 3932 Θεοῦ

348 3978 512 4031 φησιν
537 3963 863 4030 Εὑαγγέλιον
896 3965 1197 4033 ἱερουργεῖν
1224 3965 1427 4029 αὐτοῖς,
1465 3968 1551 4020 ἵνα
1580 3969 1915 4041 προσδεχθῶ-

349 4070 454 4116 σιν,
485 4054 561 4116 ὡς
594 4056 911 4126 ἡγιασμένοι
939 4059 997 4108 ὲν
1024 4057 1321 4127 Πνεύματι.

423 4164 606 4234 ι’Έχω
646 4161 739 4219 οὖν
778 4166 1043 4237 καύχησιν
1092 4170 1149 4221 ὲν
1187 4168 1408 4239 Χριστῷ
1451 4170 1627 4240 Ἰησοῦ
1672 4173 1742 4225 τά
1778 4173 1913 4244 πρὸς

346 4252 438 4306 τὸν
471 4254 623 4309 Θεόν.
660 4257 735 4308 Οὐ
770 4258 878 4327 γάρ
910 4258 1163 4330 τολμήσω
1189 4278 1240 4312 τι
1270 4260 1469 4326 λαλεῖν,
1498 4255 1572 4315 ὧν
1603 4263 1664 4315 οὐ
1692 4282 1913 4335 κατειρο

347 4348 553 4415 γάσατο
593 4350 825 4419 Χριστὸς
871 4351 937 4403 δι’
962 4352 1121 4421 ἐμοῦ,
1154 4354 1230 4416 είς
1276 4354 1521 4425 ὑπακοὴν
1554 4356 1742 4422 ἐθνῶν,
1772 4358 1914 4429 λόγῳ

348 4439 441 4492 καὶ
476 4440 643 4509 ἔργῳ,
678 4442 737 4493 ὲν
781 4441 1004 4512 δυνάμει
1053 4445 1297 4513 σημείων
1339 4463 1399 4500 τε
1446 4448 1539 4500 καὶ
1580 4449 1823 4519 τεράτων
1856 4453 1914 4503 ἐν

2014 3324 2289 3390 provincia
2335 3324 2643 3378 concredita
2697 3337 2796 3384 εει,
2844 3324 2880 3377 ii
2930 3323 3030 3378 soli
3082 3323 3191 3379 Deo
3222 3326 3579 3381 ministrant:

2012 3414 2322 3484 Gotteque
2367 3415 2511 3468 enim
2566 3414 2877 3469 hominibus
2920 3416 3189 3470 assistunt
3241 3418 3581 3473 sacerdotes.

2014 3504 2146 3557 Cum
2190 3504 2328 3556 hanc
2364 3503 2527 3572 igitur
2557 3505 2792 3574 gratiam
2829 3505 2930 3559 sibi
2974 3520 3002 3557 a
3038 3506 3148 3560 Deo
3176 3506 3429 3560 donatam
3457 3522 3585 3577 pro-

2016 3595 2231 3649 fiteatur
2272 3595 2583 3665 Apostolus,
2639 3606 2698 3650 ut
2751 3598 2822 3652 sit
2871 3597 3120 3653 minister
3163 3597 3287 3653 Jesu
3351 3600 3578 3665 Christi,

2015 3688 2321 3756 Christique
2345 3686 2694 3757 Evangelium
2732 3688 2872 3741 inter
2903 3698 3088 3757 gentes
3131 3690 3495 3755 administret,
3527 3703 3584 3745 et

2014 3778 2288 3832 Christum
2334 3778 2546 3832 tandem
2586 3780 2937 3845 annuntians,
2986 3782 3076 3836 Del
3123 3781 3469 3853 Evangelium
3518 3799 3580 3839 se

2016 3870 2121 3925 illis
2149 3870 2443 3939 praedicare
2483 3872 2685 3926 diserte
2735 3870 2986 3939 aﬂirmet,
3018 3887 3125 3941 quo
3159 3874 3414 3928 nimirum
3457 3883 3583 3929 tan-

2016 3976 2179 4028 quam
2213 3960 2418 4029 Spiritu
2446 3960 2557 4027 jam
2595 3961 2968 4025 sanctificata,
3019 3961 3370 4016 admittantur
3411 3979 3425 4016 :
3460 3966 3583 4033 quis

2015 4052 2216 4108 Christi
2248 4053 2588 4108 divinitatem
2638 4053 2692 4106 in
2735 4054 3086 4122 quaestionem
3124 4068 3320 4109 vocare
3351 4053 3587 4110 audeat?

2042 4158 2047 4163 ’
2091 4183 2110 4216 ‹
2146 4164 2328 4219 Habeo
2352 4165 2518 4236 igitur
2548 4165 2780 4235 gloriam
2808 4166 2860 4219 in
2886 4164 3104 4219 Christo
3134 4163 3259 4221 Jesu
3292 4167 3358 4221 ad
3391 4167 3580 4224 Deum.

2014 4258 2130 4313 Non
2166 4261 2307 4314 enim
2341 4260 2511 4314 audeo
2554 4260 2755 4329 aliquid
2808 4260 2956 4327 loqui
2987 4275 3199 4325 eorum,
3227 4276 3345 4330 quae
3372 4277 3469 4331 per
3498 4278 3584 4317 me

2014 4368 2121 4408 non
2148 4353 2328 4408 ell'ecit
2356 4352 2607 4408 Christus
2644 4354 2697 4407 in
2746 4353 3103 4407 obedientiam
3132 4354 3371 4422 gentium
3416 4356 3584 4409 verbo

2014 4454 2066 4500 et
2111 4442 2292 4508 factis,
2340 4444 2393 4498 in
2429 4444 2628 4498 virtute
2670 4443 2947 4514 signorum
2997 4452 3051 4499 et
3091 4443 3484 4512 prodigiorum,
3524 4446 3579 4499 in

346 4529 570 4600 δυνάμει
614 4530 925 4601 Πνεύματος
955 4534 1118 4586 Θεοῦο
1153 4534 1292 4588 ὥστε
1322 4554 1387 4606 με
1420 4538 1529 4591 ἀπὸ
1562 4538 1910 4611 Ἰερουσαλὴμ

2017 4538 2217 4591 virtute
2259 4536 2496 4606 Spiritus
2545 4537 2757 4599 sancti;
2806 4537 2880 4591 ita
2938 4547 2995 4590 ut
3042 4537 3109 4590 ab
3145 4535 3444 4591 Jerusalem
3487 4552 3586 4607 per

348 4619 551 4691 κύκλῳ,
582 4622 677 4675 καὶ
728 4624 891 4694 μέχρι
934 4624 1028 4676 τοῦ
1060 4624 1352 4696 Ἰλλυρικοῦ
1402 4629 1821 4699 πεπληρωκέναι
1854 4632 1915 4684 τὸ

349 4711 675 4780 Εὑαγγέλιον
710 4711 803 4765 τοῦ
837 4713 1095 4784 Χριστοῦ.
1130 4734 1148 4766 ι
1184 4716 1271 4769 Ἐν
1296 4716 1373 4787 τῷ
1406 4718 1580 4788 Ἰησοῦ
1610 4719 1914 4790 καυχᾶσθαί

348 4820 499 4873 φησι,
529 4805 590 4857 τὸ
615 4802 877 4875 καύχημα
906 4805 1078 4874 λέγων
1100 4806 1244 4878 ἔχειν
1268 4810 1404 4881 πρὸς
1428 4810 1707 4865 Θεόν.”οτι
1730 4813 1787 4865 δὲ
1811 4813 1912 4866 ούκ

348 4893 686 4963 ἀνθρώπινον
739 4895 801 4948 τὸ
853 4895 948 4948 καὶ
994 4897 1053 4950 ὲν
1095 4896 1321 4966 δυνάμει
1363 4900 1676 4970 Πνεύματος
1705 4903 1763 4955 ὲν
1798 4904 1911 4967 τοῖς

345 4982 522 5048 ἁγίοις
549 4984 869 5048 ἀποστόλοις
899 4987 1144 5056 ἐνεργεῖν
1175 4986 1431 5039 δύνασθαι
1464 4988 1554 5040 τὸν
1582 4990 1817 5059 Χριστὸν
1840 4991 1912 5043 τά

347 5072 643 5139 παράδοξα,
671 5074 784 5137 πῶς
806 5074 883 5127 ἔνι
911 5076 1301 5145 ἀμφιδάλλεινς
1323 5078 1534 5152 ’Ὠσπερ
1554 5081 1661 5151 γάρ
1685 5082 1911 5145 ἕκαστος

343 5162 455 5215 τῶν
482 5163 605 5215 καθ’
638 5164 781 5233 ἡμᾶς
809 5165 866 5216 ἐν
894 5165 999 5235 ἱδίᾳ
1023 5165 1249 5235 δυνάμει
1274 5167 1340 5219 τά
1373 5168 1564 5220 ἑαυτοῦ
1591 5168 1725 5236 ἔργα
1744 5170 1910 5230 ποιεῖ,

344 5254 486 5307 οὓτω
518 5255 611 5308 καὶ
640 5256 668 5307 ὁ
695 5256 948 5325 Χριστὸς,
979 5256 1055 5321 ὼς
1102 5259 1206 5329 ἱδίᾳ
1252 5259 1476 5329 δυνάμει
1522 5260 1601 5330 τῷ
1636 5261 1910 5329 Πνεύματι

346 5346 645 5417 χρώμενος,
676 5348 888 5419 ἐνεργεῖ
926 5349 996 5402 τὰ
1030 5350 1310 5421 παράδοξα
1352 5351 1441 5403 διὰ
1468 5352 1567 5423 τῆς
1602 5352 1709 5405 τῶν
1740 5353 1910 5420 ἁγίων

2015 4624 2297 4679 circuitum
2345 4616 2516 4694 uSque
2545 4626 2611 4678 ad
2649 4624 2915 4694 Illyricum
2971 4624 3287 4693 repleverit"
3333 4624 3583 4695 Evange—

2013 4716 2144 4769 lium
2173 4715 2377 4770 Christi
2398 4715 2439 4769 ⁸.
2477 4735 2495 4767 ι
2529 4716 2603 4770 Eu
2630 4717 2753 4770 dum
2784 4717 2836 4769 in
2869 4715 3088 4770 Christo
3109 4715 3390 4784 gloriatur,
3422 4716 3475 4770 iu
3499 4718 3584 4771 his

2014 4823 2134 4877 quae
2174 4807 2264 4862 Dei
2294 4818 2420 4862 sunt
2450 4807 2671 4877 gloriari
2706 4822 2765 4863 se
2790 4798 2943 4861 dicit.
2976 4805 3127 4873 Quod
3170 4815 3351 4861 autem
3384 4808 3585 4861 virtute

2018 4899 2252 4969 Spiritus
2302 4914 2399 4970 per
2450 4898 2725 4968 apostolos
2766 4909 2988 4953 sanctos
3033 4898 3275 4968 prodigia
3320 4909 3375 4953 et
3428 4900 3580 4970 signa

2016 4991 2290 5046 Christum
2336 5007 2496 5060 posse
2542 4992 2725 5054 edere,
2769 5006 2906 5061 opus
2959 4990 3031 5045 sit
3078 4992 3330 5045 humanis
3377 4991 3584 5047 viribus

2019 5083 2211 5151 majus,
2240 5084 2291 5137 id
2326 5084 2379 5137 in
2414 5084 2635 5139 dubium
2662 5097 2918 5139 revocare
2944 5100 3047 5137 non
3077 5082 3221 5137 licet.
3256 5082 3407 5137 Sicut
3435 5086 3579 5138 enim

2018 5175 2388 5244 unusquisque
2410 5184 2649 5230 nostrum
2673 5176 2724 5230 in
2751 5175 2965 5245 propria
2992 5176 3189 5228 virtute
3225 5190 3343 5241 quae
3376 5185 3582 5229 uaturm

2020 5266 2189 5335 ipsius
2205 5278 2329 5322 sunt
2346 5276 2626 5333 operatur.
2646 5268 2716 5321 ita
2737 5269 2898 5321 etiam
2917 5268 3182 5333 Christus,
3206 5270 3256 5323 in
3280 5270 3446 5341 ipsius
3464 5268 3583 5338 Spi-

2020 5357 2124 5410 ritu
2151 5368 2361 5422 sancto,
2388 5366 2445 5411 ut
2478 5359 2568 5426 qui
2594 5358 2711 5428 ejus
2745 5359 2966 5428 propria
3001 5360 3070 5414 sit
3101 5360 3294 5430 virtus,
3323 5360 3582 5417 miracula

417 5521 617 5578 'Rom.
646 5539 766 5592 vni,
802 5526 890 5591 58,
924 5527 1012 5583 '59.
1089 5530 1110 5561 '
1143 5528 1297 5588 Rom.
1332 5545 1441 5595 xw,
1476 5531 1565 5584 to.
1638 5532 1660 5561 ⁷
1690 5528 1849 5587 Rom.
1881 5548 1910 5589 ι

2013 5532 2083 5599 I5,
2112 5533 2196 5590 l6.
2285 5535 2306 5566 ⁸
2346 5534 2502 5591 Rom.
2535 5552 2623 5604 xv,
2656 5537 2841 5595 l7-l9.

1425 5685 1598 5743 Variae
1632 5687 1886 5744 lectiones
1919 5688 2119 5746 codicis
2150 5689 2508 5760 Seguieriani.

424 5832 437 5871 t
478 5822 551 5877 al.
579 5822 879 5893 ἀνωτάτην.
