4044 6332
515 383 646 442 1251
1541 390 1598 445 S.
1640 387 1911 446 CYRILLI
1953 391 2423 453 ALEXANDle
2465 399 2787 458 ARCHIEP.
3631 411 3780 470 {232

503 513 765 575 operatur
804 519 900 575 per
927 520 1120 561 manus
1161 516 1494 562 sanctorum.
1534 507 1702 562 Porro
1734 511 2004 578 quomodo
2038 511 2082 562 is

2183 517 2386 584 χειρός.
2422 515 2554 572 Εἶτα
2601 519 2720 584 πῶς
2751 522 2812 574 οὑ
2844 521 2975 587 Θεός
3004 521 3171 589 ἐστιν,
3207 519 3266 579 οὗ
3295 525 3424 579 ἴδιον
3451 525 3510 580 τὸ
3537 528 3774 602 Πνεῦμα

501 597 645 653 Deus
685 613 786 651 non
818 607 922 662 est,
955 599 1109 668 cujus
1145 597 1381 669 Spiritus
1424 613 1644 654 sanctus
1679 601 1928 670 proprius
1958 602 2079 655 est?
2184 606 2246 659 τὸ
2276 608 2468 676 ἄγιον;

576 710 595 744 ι
626 690 875 745 Salutant
919 707 1014 747 vos
1061 707 1251 748 omnes
1297 691 1557 748 Eeclesite
1607 692 1809 748 Christi
1837 695 1894 757 ’;
1959 708 1978 745 ι
2022 704 2077 748 et

2262 698 2662 762 ιἈσπάζονται
2695 702 2840 770 ὑμᾶς
2870 703 2924 756 αἰ
2959 703 3277 775 Ἐκκλησίαι
3305 708 3477 762 πᾶσαι
3506 709 3600 762 τοῦ
3626 711 3741 782 Χρι
3769 743 3771 748 -

496 783 607 839 alio
629 786 860 852 quodam
901 784 1020 841 loco
1049 786 1113 840 ad
1143 786 1490 840 Timotheum
1521 787 1794 851 scribens,
1837 787 1910 840 ita
1947 786 2024 840 ait
2055 803 2070 841 :

2181 791 2332 847 στοῦ.
2367 810 2386 844 ι
2424 793 2614 846 Καίτοι
2651 795 2814 865 φησιν
2857 799 2916 850 ἐν
2953 798 3179 869 ἑτέροις,
3211 799 3462 871 Τιμοθέῳ
3490 803 3726 872 γράφων
3752 822 3767 832 ·

503 895 520 927 ι
551 876 622 931 Ut
651 875 794 930 scias
816 876 1086 945 quomodo
1109 886 1358 946 oporteat
1383 889 1434 932 te
1459 878 1512 932 itt
1539 879 1698 933 domo
1727 879 1816 933 Dei
1845 893 2073 933 conver-

2186 883 2340 938 «Ἵνα
2388 885 2535 956 εἰδῇς
2565 887 2680 950 πῶς
2707 886 2788 940 δεῖ
2817 890 2873 941 ἐν
2906 889 3041 958 οἴκῳ
3071 889 3205 942 Θεοῦ
3239 891 3702 964 ἀναστρέφεσθαι.
3743 915 3763 948 ι

491 969 598 1021 sari
632 968 695 1021 ¹⁰.
727 985 746 1019 ι
797 967 950 1034 Quod
996 969 1043 1023 si
1079 969 1357 1026 Ecclesias
1386 971 1588 1027 Christi
1622 987 1742 1026 esse
1766 973 2068 1042 cognoscit,

2178 975 2239 1027 Εἰ
2257 975 2313 1028 δὲ
2340 978 2575 1047 Χριστοῦ
2602 981 2702 1044 τὰς
2726 978 3304 1052 Ἐκκλησίαςοῖδε,καὶ
3331 986 3763 1058 μεμαρτύρηκε·

489 1059 651 1128 idque
694 1068 951 1114 testatum
1000 1060 1167 1127 facit,
1225 1062 1364 1116 citra
1425 1061 1588 1116 ullam
1637 1065 2068 1121 controversiam

1126 1098 1167 1127 .,
1225 1062 1364 1116 citra
1425 1061 1588 1116 ullam
1637 1065 2068 1121 controversiam
2172 1068 2308 1133 Θεὸς
2333 1071 2441 1141 ἄρα
2470 1073 2723 1143 Χριστός.

485 1149 738 1208 Christus
768 1151 908 1206 Deus
933 1153 1058 1207 erit.

2250 1164 2348 1216 «Ὀ
2397 1165 2455 1218 δὲ
2501 1166 2634 1230 Θεὸς
2674 1167 2773 1237 τῆς
2813 1169 3036 1240 εἰρήνης
3083 1170 3361 1242 συντρίψει
3389 1172 3481 1225 τὸν
3503 1174 3766 1228 Σατανᾶν

566 1263 583 1293 ι
620 1241 762 1298 Deus
791 1256 971 1302 autem
1006 1245 1157 1330 pacis
1195 1255 1443 1340 conteret
1481 1246 1740 1303 Satanam
1771 1249 1873 1303 sub
1907 1251 2062 1320 pedi-

2171 1255 2276 1308 ὑπὸ
2321 1258 2448 1322 τοὺς
2495 1259 2663 1322 πόδας
2703 1259 2856 1330 ὑμῶν
2903 1264 2961 1315 ὲν
3001 1263 3173 1334 τάχει.
3266 1263 3400 1317 Θεοῦ
3446 1266 3764 1340 λεγομένης

481 1334 582 1389 bus
632 1338 828 1392 vestris
871 1326 1132 1392 velociter
1153 1326 1464 1396 ’θιῆέθιηη
1517 1357 1623 1410 pax
1670 1343 1887 1397 dicatur
1939 1359 2062 1400 esse

2168 1345 2309 1399 εἶναι
2340 1347 2440 1416 τῆς
2472 1350 2694 1420 εἰρήνης
2727 1326 2854 1420 (ἔφη
2886 1352 2993 1425 γάρ
3153 1355 3387 1425 Χριστὸς
3410 1326 3529 1420 τοῖς.
3561 1326 3752 1425 thyias;

479 1429 594 1492 Dei,
630 1431 880 1486 Christus
928 1443 1107 1486 autem
1159 1434 1225 1489 ad
1275 1446 1493 1490 sanctos
1539 1438 1816 1506 apostolos
1861 1440 1934 1494 ita
1979 1441 2059 1494 in-

2167 1439 2485 1504 ἀποστόλοις
2505 1459 2517 1471 ·
2548 1442 2814 1514 «Εἰρήνην
2840 1443 2936 1513 τὴν
2964 1445 3102 1514 ἐμὴν
3122 1445 3312 1516 δίδωμι
3339 1447 3486 1515 ὑμῖν,
3519 1449 3759 1522 εἰρήνην

475 1527 629 1594 quiat
665 1545 678 1580 :
711 1545 727 1576 ι
761 1525 957 1580 Pacem
1001 1527 1252 1598 relinquo
1300 1530 1476 1595 vobis,
1531 1545 1718 1598 pacem
1773 1544 1946 1587 meam
1987 1535 2056 1589 do

2162 1546 2264 1599 την
2292 1529 2430 1600 ἐμὴν
2452 1531 2654 1602 ἀφίημι
2672 1533 2853 1603 ὑμῖν),
2881 1551 2898 1584 ι
2929 1531 3047 1587 εἶτα
3077 1534 3190 1599 πῶς
3217 1537 3277 1589 οὐ
3309 1537 3440 1602 Θεὸς
3467 1540 3692 1611 ἀληθῶς
3726 1544 3757 1596 ὁ

477 1617 732 1672 vobis":
775 1621 1091 1688 tquomodo
1139 1622 1206 1684 is,
1249 1637 1453 1689 qumso,
1508 1623 1599 1692 qui
1657 1637 1844 1693 pacem
1886 1626 2052 1682 veluti

2161 1622 2261 1692 τῆς
2300 1623 2528 1694 εἰρήνης
2576 1625 2762 1698 δοτὴρ,
2802 1626 2898 1679 καὶ
2927 1626 3002 1690 ὡς
3033 1627 3165 1683 ἴδιον
3194 1630 3397 1700 ἀγαθὸν
3430 1633 3542 1697 τοῖς
3571 1633 3756 1700 ἀξίοις

472 1711 749 1779 preprium
783 1713 981 1766 bonum
1016 1713 1194 1783 dignis
1224 1715 1497 1784 impertiri
1539 1715 1730 1772 solitus
1755 1726 1861 1783 est,
1887 1730 2051 1775 verus

976 1733 981 1765 ι
1016 1713 1194 1783 dignis
1224 1715 1497 1784 impertiri
1539 1715 1730 1772 solitus
1755 1726 1861 1783 est,
1887 1730 2051 1775 verus
2157 1713 2334 1778 διδοὺς
2362 1717 2573 1787 afﬂuit;

468 1804 609 1858 Deus
636 1817 740 1858 non
771 1805 894 1858 est?

879 1890 965 1945 Ex
995 1893 1172 1960 priore
1201 1894 1270 1947 ad
1301 1893 1623 1951 Corinthios.
1875 1965 1881 1969 _
2081 1878 2123 1934 Β
2399 1895 2476 1947 Ἐν

2081 1878 2123 1934 Β
2399 1895 2496 1949 Ἐκ
2525 1894 2636 1964 τῆς
2670 1895 2822 1964 πρὸς
2859 1899 3208 1966 Κορινθίους
3245 1901 3497 1970 πρώτης.

539 2027 559 2060 t
589 2007 786 2063 Paulus
827 2008 1110 2076 apostolus
1149 1995 1274 2062 Jesu
1317 2009 1541 2074 Christi,
1578 2027 1674 2079 per
1711 2011 2043 2067 voluntatem

2231 2029 2248 2058 ι
2297 2009 2510 2073 Παῦλος
2539 2011 2839 2076 ἀπόστολος
2864 2014 3100 2085 Χριστοῦ
3154 2015 3329 2086 Ἰησοῦ
3368 2017 3458 2071 διὰ
3491 2018 3749 2091 θελήμα-

464 2099 578 2158 Dei.
608 2109 660 2152 et
696 2100 991 2154 Sostlteues
1022 2099 1208 2161 frater,
1239 2101 1493 2156 Ecclesiae
1525 2102 1618 2157 Dei
1644 2104 1708 2159 ¹³.
1747 2115 1766 2156 ι
1801 2102 2040 2160 Observa

2150 2118 2240 2164 τος
2267 2101 2424 2168 Θεοῦ,
2458 2102 2550 2154 καὶ
2568 2103 2852 2174 Σωσθένης
2883 2107 2911 2158 ὁ
2937 2106 3186 2175 ἀδελφὸς,
3213 2111 3280 2177 τῇ
3311 2109 3610 2183 Ἐκκλησία⁵
3642 2113 3747 2167 τοῦ

460 2197 546 2247 hic
563 2213 576 2246 :
594 2191 868 2246 Romanos
885 2192 1184 2261 alloquens,
1203 2209 1221 2244 t
1245 2193 1493 2248 Salutant
1514 2208 1630 2256 vos,
1647 2195 2044 2264 inquit,outhes

2149 2189 2309 2244 Θεοῦ.
2362 2209 2381 2242 ι
2449 2191 2839 2262 Ἐπιτήρησον,
2874 2194 2956 2247 ὅτι
3003 2196 3294 2266 Ῥωμαίοις
3346 2202 3746 2272 προειρηκώς·

459 2285 711 2339 Ecclesia:
746 2284 980 2351 Christi;
1011 2303 1032 2335 ν
1083 2301 1224 2340 nunc
1262 2301 1392 2340 vero
1440 2285 1739 2342 Corinthiis
1770 2289 2036 2353 scribens,

2151 2301 2170 2333 ι
2221 2281 2584 2345 Ἀσπάζονται
2611 2284 2754 2354 ὑμᾶς
2786 2286 2843 2338 αἱ
2887 2285 3203 2358 Ἐκκλησίαι
3238 2291 3406 2344 πᾶσαι
3451 2292 3548 2345 τοῦ
3593 2295 3745 2365 Χρι-

456 2376 755 2431 Ecclesiatn
807 2375 902 2431 Dei
939 2391 1059 2430 esse
1093 2377 1305 2432 asserit.
1333 2377 1440 2448 61
1471 2396 1490 2430 ι
1526 2377 1640 2432 Hoc
1673 2389 1853 2434 autem
1893 2381 2036 2443 dico.

2149 2375 2301 2428 στοῦ·
2327 2395 2346 2426 ι
2383 2375 2690 2446 Κορινθίοις
2725 2379 3074 2445 ἐπιστέλλων,
3102 2381 3239 2434 Θεοῦ
3267 2399 3428 2454 φησιν
3461 2381 3602 2440 εἶναι
3637 2388 3746 2459 τὴν

357 2463 366 2472 ”
451 2475 594 2535 quod
639 2471 1008 2541 unusquisque
1045 2481 1282 2527 vestrum
1309 2473 1483 2528 dicit:
1515 2473 1628 2543 Ego
1653 2475 1872 2542 quidem
1914 2492 1954 2532 st

2155 2464 2505 2535 Ἐκκλησίαν.
2553 2487 2571 2518 ι
2619 2467 2778 2535 Λέγω
2822 2467 2878 2521 δὲ
2928 2469 3104 2533 τοῦτο,
3149 2471 3228 2524 ὅτι
3285 2473 3518 2538 ἕκαστος
3573 2478 3745 2546 ὑμῶν

451 2568 623 2632 Pauli,
655 2583 755 2634 ego
792 2577 972 2622 autem
1017 2567 1229 2638 Apollo,
1256 2583 1356 2637 ego
1391 2581 1518 2622 vero
1541 2568 1760 2638 Cepltze,
1790 2586 1891 2639 ego
1933 2587 2034 2624 au-

2147 2558 2321 2626 λέγει·
2368 2559 2508 2628 Ἐγὼ
2545 2561 2643 2627 μέν
2663 2563 2782 2630 εἰμι
2810 2561 3048 2626 Παύλου,
3075 2563 3185 2632 ἐγὼ
3215 2564 3272 2617 δὲ
3323 2565 3588 2631 Ἀπολλὼ,
3619 2569 3744 2636 ἐγὼ

449 2673 556 2716 tem
593 2660 820 2714 Christi.
858 2660 1072 2714 Divisus
1122 2670 1202 2714 est
1233 2659 1523 2714 Christus?
1553 2659 1802 2729 Nunquid
1833 2662 2034 2719 Paulus

2143 2649 2194 2701 δὲ
2230 2649 2418 2719 Κηφᾶ,
2452 2650 2561 2718 ἐγὼ
2593 2650 2649 2703 δὲ
2687 2652 2944 2722 Χριστοῦ.
2996 2653 3339 2725 Μεμέρισται
3381 2657 3409 2709 ὁ
3452 2658 3740 2728 lips-516;;

445 2755 739 2809 cruciﬁxus
764 2762 848 2806 est
880 2759 977 2823 pro
1001 2752 1176 2815 vobis,
1211 2761 1305 2805 aut
1337 2752 1390 2805 iu
1417 2751 1637 2808 nomine
1663 2752 1812 2806 Pauli
1851 2755 2032 2824 bapti-

2145 2741 2230 2813 Μὴ
2267 2741 2478 2802 Παῦλος
2527 2743 2846 2814 ἐσταυρώθη
2882 2745 3021 2815 ὑπὲρ
3052 2746 3240 2816 ὑμῶν,
3271 2748 3306 2818 ἦ
3339 2750 3419 2812 εἰς
3447 2751 3511 2802 τὸ
3549 2751 3742 2824 ὗνομα

445 2848 550 2904 ιιιιί
599 2847 733 2900 estis
756 2846 840 2897 ¹δῖ
870 2865 888 2897 ι
934 2844 991 2899 Si
1044 2857 1176 2914 ergo
1208 2843 1460 2898 Christus
1513 2859 1620 2898 non
1663 2853 1750 2899 est
1797 2846 2026 2910 divisus,

2143 2835 2305 2887 αὑτοῦ
2355 2835 2756 2906 ἐϐαπτίσθητες
2812 2856 2831 2888 ι
2877 2839 3086 2893 Οὐκοῦν
3117 2841 3166 2892 εἰ
3205 2839 3280 2910 μὴ
3326 2841 3667 2913 μεμέρισται
3708 2849 3740 2900 ὁ

441 2937 623 2993 omnia
668 2946 724 2990 et
766 2941 956 2988 omnes
991 2934 1134 2988 illius
1181 2943 1329 2987 sunt.
1370 2933 1436 2986 Et
1473 2934 1517 2986 si
1575 2933 1622 2986 is
1654 2933 1827 2986 nostri
1863 2941 2027 2988 causa

2140 2926 2396 2997 Χριστὸς,
2441 2927 2619 2981 πάντα
2665 2928 2852 2992 αὑτοῦ,
2894 2930 2988 2982 καὶ
3034 2930 3236 2994 πάντες
3277 2931 3462 2985 αὑτοῦ.
3517 2935 3638 2987 Καὶ
3684 2937 3737 2991 εἰ

439 3027 734 3083 cruciﬁxus
778 3038 880 3087 est,
930 3034 985 3080 et
1029 3041 1127 3080 nos
1181 3025 1233 3078 in
1288 3025 1507 3079 nomine
1556 3025 1728 3094 ipsius
1763 3025 2024 3094 baptizati

2133 3019 2298 3083 αὑτὸς
2325 3019 2647 3090 ἐσταυρώθη
2674 3020 2814 3091 ὑπὲρ
2840 3022 3020 3092 ἡμῶν,
3044 3023 3139 3076 καὶ
3165 3024 3244 3087 εἰς
3266 3023 3326 3076 τὸ
3350 3024 3524 3095 ὄνομα
3547 3027 3730 3081 αὑτοῦ

437 3136 644 3179 sumus.
692 3134 883 3173 omnes
927 3119 1111 3187 utique
1157 3117 1233 3171 illi
1283 3117 1577 3181 debemur;
1613 3133 1802 3173 sumus
1841 3127 2024 3174 autem

2136 3111 2440 3181 ἐϐαπτίσθη
2451 3129 2571 3182 μεν,
2597 3113 2743 3183 αὑτῷ
2763 3113 3003 3184 δηλονότι
3026 3116 3488 3187 κεχρεωστήμεθα
3508 3135 3526 3151 ο
3549 3120 3733 3188 ἐσμὲν

437 3214 513 3268 illi
544 3212 787 3274 obnoxii,
820 3226 929 3265 nou
964 3219 1222 3280 tanquam
1261 3209 1464 3264 homini
1503 3210 1677 3265 nostri
1713 3211 1899 3278 simili,
1929 3211 2022 3267 sed

2130 3205 2184 3258 δὲ
2218 3205 2318 3258 οὑκ
2361 3203 2650 3276 ἀνθρώπου
2697 3205 2802 3258 τῶν
2834 3206 2954 3259 καθ’
2979 3209 3128 3278 ἡμᾶς
3171 3208 3311 3273 ἐνὸς,
3358 3209 3501 3262 ἀλλὰ
3549 3209 3727 3266 Θεοῦ.

437 3315 692 3373 tanquam
723 3305 854 3358 Deo.
895 3302 1060 3357 Nobis
1093 3317 1223 3372 ergo
1257 3301 1507 3356 Christus
1536 3312 1621 3357 est
1649 3302 1812 3358 Deus.

1364 3301 1507 3356 'istus
1536 3312 1621 3357 est
1649 3302 1812 3358 Deus.
2127 3297 2360 3369 Χριστὸς
2389 3299 2496 3369 ἄρα
2515 3296 2653 3361 θεὸς
2679 3298 2764 3367 ἐφ’
2792 3299 2961 3368 ἡμᾶς.

514 3415 532 3448 t
562 3396 829 3463 Quoniam
874 3405 930 3449 et
984 3394 1155 3449 ,ιιι-ἀωί
1209 3394 1426 3463 signum
1469 3403 1695 3464 petunt,
1744 3405 1799 3450 et
1839 3395 2018 3451 (ἶναξοί
2080 3463 2086 3467 _

2202 3410 2219 3442 t
2270 3390 2491 3462 Ἐπειδὴ
2524 3392 2622 3445 καὶ
2659 3392 2903 3445 Ἰουδαῖοι
2936 3393 3160 3462 σημεῖον
3185 3393 3419 3457 αἰτοῦσι,
3457 3394 3553 3448 καὶ
3585 3395 3728 3448 Ἕλ-

437 3489 760 3558 sapientiam
794 3495 1050 3554 qureruut
1078 3503 1092 3539 :
1129 3500 1226 3540 nos
1249 3494 1430 3539 autem
1471 3486 1830 3555 prtedicamus
1851 3488 2017 3542 Chri-

2123 3480 2284 3551 ληνες
2325 3481 2519 3550 σοφίαν
2555 3481 2841 3552 ζητοῦσιν
2873 3485 3034 3552 ἡμεῖς
3086 3482 3144 3536 δὲ
3181 3484 3536 3555 κηρύσσομεν
3572 3487 3720 3557 Χρι-

435 3590 578 3634 stum
613 3578 954 3642 cruciﬁxum,
983 3576 1184 3632 Judaeis
1219 3577 1436 3644 quidem
1468 3575 1807 3641 scandalum,
1842 3578 2019 3646 genti-

2123 3572 2248 3623 στὸν
2291 3571 2726 3642 ἐσταυρωμένον,
2771 3572 3048 3636 Ἰουδαίοις
3079 3573 3178 3642 μὲν
3234 3575 3553 3640 σκάνδαλον,
3582 3577 3719 3629 Ἕλ-

432 3673 534 3726 bus
594 3680 772 3723 autem
814 3668 1100 3724 stultitiam
1129 3669 1194 3722 ³⁵.
1229 3685 1246 3718 ι
1281 3669 1473 3722 Annon
1511 3667 1714 3737 quivis,
1759 3669 2011 3734 obsecro,

2123 3661 2246 3732 λησι
2274 3662 2330 3716 δὲ
2357 3663 2590 3733 μωρίαν.
2644 3682 2663 3714 ι
2703 3659 2830 3734 'Ap’
2860 3662 2981 3734 οὑχ).
3011 3666 3121 3728 πᾶς
3163 3665 3412 3720 ὁστισοῦν
3439 3667 3720 3740 ὁμολογη-

431 3764 590 3818 fateri
615 3763 770 3817 debet
795 3761 1161 3830 evangelicum
1181 3759 1624 3828 praedicationem
1647 3769 1841 3815 omnes
1861 3771 2020 3830 quot-

2119 3770 2266 3805 σειεν
2295 3753 2382 3817 ἂν,
2413 3754 2496 3806 ὅτι
2527 3753 2686 3808 καλεῖ
2715 3754 2851 3824 πρὸς
2885 3753 3216 3823 θεογνωσίαν
3245 3757 3344 3828 τὴν
3370 3758 3548 3828 ἀληθῆ
3578 3760 3715 3823 τοὺς

429 3865 560 3923 quot
601 3867 697 3923 per
726 3855 910 3905 urbem
943 3850 1120 3919 sparsi
1160 3855 1309 3911 sunt,
1360 3850 1426 3902 ad
1471 3864 1655 3903 veram
1697 3851 1787 3903 Dei
1823 3852 2012 3920 cogni-

2115 3847 2222 3899 ἀνὰ
2268 3848 2449 3900 πᾶσαν
2497 3847 2596 3917 τὴν
2637 3848 2740 3917 γῆν
2788 3849 2850 3900 τὸ
2899 3849 3162 3919 κήρυγμα
3194 3849 3255 3903 τὸ
3305 3850 3708 3920 εὑαγγελικὸνς

430 3945 633 3998 tionem
663 3942 934 3996 invitare?
965 3941 1037 3994 At
1059 3956 1162 4008 qua
1200 3941 1417 3994 tandem
1447 3940 1657 3994 ratione
1681 3941 1821 3994 istud
1848 3941 2009 3996 alicui

2114 3938 2249 3993 Εἶτα
2280 3940 2419 4003 πῶς,
2453 3939 2486 4010 ἦ
2521 3940 2684 3993 πόθεν
2728 3941 2884 3993 τοῦτο
2913 3941 3253 4010 ὰμφίϐολον;
3287 3941 3412 4006 Πῶς
3454 3939 3550 3997 οὖν
3593 3944 3711 4015 ἄρα

429 4034 742 4105 ambiguum
781 4049 902 4088 esse
931 4030 1131 4102 queat?
1161 4032 1228 4085 At
1252 4031 1579 4099 cuiusmodi,
1617 4049 1822 4100 atta‘so,
1853 4036 2024 4090 Chriw

2113 4031 2478 4102 κηρύττουσιν
2515 4033 2562 4084 οἱ
2599 4032 2950 4101 μυσταγωγοὶ
2977 4033 3213 4105 Χριστὸν
3242 4035 3708 4107 ἐσταυρωμένονδ

428 4141 572 4182 stum
601 4127 926 4181 cruciﬁxum
952 4125 1091 4179 sacri
1116 4127 1366 4180 doctores
1393 4125 1728 4194 praedicant?
1767 4128 2009 4197 nunquid

2112 4118 2221 4194 ἆρα
2251 4122 2326 4185 ὡς
2370 4123 2466 4176 ’ένα
2495 4122 2604 4175 τῶν
2636 4121 2757 4176 καθ’
2787 4124 2954 4193 ἡμᾶς,
2989 4125 3080 4177 τὸν
3127 4125 3219 4178 ἐπὶ
3249 4127 3487 4197 σταυροῦ
3529 4129 3707 4184 θάνα-

424 4219 598 4275 solum
623 4218 896 4273 hominem
925 4215 1094 4270 nostri
1121 4215 1379 4280 similem,
1400 4217 1488 4284 qui
1519 4226 1748 4271 mortem
1771 4218 1822 4272 in
1844 4234 2008 4276 cruce

2108 4231 2201 4267 τον
2246 4215 2650 4283 ὑπομείναντα,
2683 4214 2779 4266 καὶ
2824 4215 2904 4278 εἰς
2941 4215 3224 4286 ἄνθρωπον
3260 4219 3293 4288 ἡ
3339 4218 3431 4271 τοῦ
3484 4221 3704 4292 κόσμου

422 4311 772 4382 pertulisset,
799 4311 870 4362 ita
904 4308 1091 4377 utjam
1123 4308 1176 4360 in
1205 4308 1506 4377 simplicem
1539 4309 1811 4363 hominem
1848 4327 2006 4365 mun-

2109 4307 2292 4369 πίστις
2324 4307 2660 4377 πράττεται;
2713 4306 2806 4376 Μὴ
2849 4306 3096 4374 γένοιτοῑ
3138 4309 3599 4381 Πεπιστεύκαμεν
3644 4316 3705 4368 δὲ

423 4409 524 4459 dus
565 4402 791 4457 credat?
819 4401 1008 4455 Absit!
1051 4400 1393 4455 Credidimus
1433 4401 1578 4455 enim
1616 4401 1670 4456 in
1703 4403 1867 4457 Deum
1918 4404 2003 4456 vi-

2108 4398 2227 4468 Θεῷ
2255 4397 2418 4464 ζῶντι
2453 4398 2547 4452 καὶ
2584 4397 2848 4468 ἀληθινῷ.
2893 4399 3026 4452 Θεὸν
3052 4395 3144 4453 οὖν
3169 4393 3278 4454 οἶδε
3315 4403 3553 4468 Χριστὸν
3606 4407 3705 4460 τὸν

420 4509 545 4547 vum
577 4503 631 4547 et
659 4507 868 4547 verum.
899 4489 1175 4545 Christum
1212 4489 1441 4557 proinde
1476 4491 1792 4545 cruciﬁxum
1831 4491 1999 4546 Deum

2107 4490 2544 4562 ἐσταυρωμένον,
2577 4490 2673 4544 καὶ
2705 4490 2783 4560 τῷ
2805 4490 2994 4562 κόσμῳ
3031 4491 3312 4566 κηρύττει,
3329 4491 3701 4566 τεθαρσηκὼς

421 4601 541 4641 esse
577 4594 756 4646 norat,
785 4583 1117 4651 mundoque,
1149 4582 1293 4649 quod
1345 4583 1398 4635 in
1443 4583 1591 4637 illum
1638 4585 1862 4639 credens
1893 4600 2001 4639 non

1559 4599 1591 4636 n
1638 4585 1862 4639 credens
1893 4600 2001 4639 non
2033 4579 2079 4642 D
2105 4587 2187 4639 ὅτι
2225 4585 2300 4655 μὴ
2335 4584 2652 4652 σφάλλεται.
3138 4562 3151 4579 ’

420 4686 586 4739 erret,
612 4676 877 4745 intrepide
904 4673 1212 4728 annuntiat.

497 4788 516 4821 ι
548 4767 614 4822 Et
641 4783 744 4838 ego
779 4783 898 4821 cum
931 4767 1213 4821 venissem‘
1243 4766 1312 4819 ad
1346 4765 1698 4831 vos,fratres,
1729 4766 1852 4820 veni
1891 4781 1994 4821 non

2180 4781 2199 4812 ι
2248 4760 2420 4830 Κάγὼ
2451 4759 2620 4814 ἐλθὼν
2640 4761 2776 4831 πρὸς
2804 4761 2970 4831 ὑμᾶς,
3004 4762 3240 4830 ἀδελφοὶ,
3275 4759 3437 4833 ἦλθον
3465 4767 3528 4819 οὑ
3564 4769 3700 4822 καθ’

420 4861 476 4926 in
512 4860 843 4915 sublimitate
873 4858 1164 4920 sermonis,
1201 4867 1295 4910 aut
1337 4857 1638 4925 sapientiae,
1669 4857 1996 4913 annuntians

2103 4853 2377 4926 ὑπεροχὴν
2424 4853 2604 4922 λόγου,
2657 4853 2689 4922 ἢ
2736 4852 2960 4923 σοφίας,
3011 4854 3396 4924 καταγγέλλων
3448 4860 3584 4929 ὑμῖν
3635 4864 3698 4916 τὸ

418 4953 575 5009 vobis
613 4951 986 5006 testimonium
1031 4949 1258 5004 Christi.
1307 4947 1425 5001 Non
1459 4949 1602 5002 enim
1636 4948 1870 5018 judicavi
1910 4964 1996 5005 me

2105 4950 2405 5021 μαρτύριον
2447 4945 2538 5000 τοῦ
2585 4945 2742 5000 Θεοῦ.
2783 4946 2858 4999 Uti
2907 4946 3015 5018 γὰρ
3061 4945 3250 5017 ἔκρινα
3301 4948 3499 5002 εἰδέναι
3535 4970 3594 5006 τι
3635 4957 3695 5008 ἐν

416 5049 558 5103 scire
603 5044 808 5112 aliquid
862 5043 1006 5096 inter
1033 5057 1151 5104 vos,
1203 5040 1308 5094 nisi
1357 5039 1544 5095 Jesum
1589 5039 1888 5105 Christum,
1941 5049 1997 5096 et

2099 5045 2248 5113 ὑμῖν,
2281 5045 2329 5095 εἰ
2358 5043 2433 5112 μὴ
2479 5039 2684 5110 Ἰησοῦν
2704 5039 2962 5110 Χριστὸν,
2992 5040 3087 5094 καὶ
3115 5039 3303 5094 τοῦτον
3324 5045 3692 5117 ἐσταυρωμέ..

413 5139 561 5194 hunc
608 5135 1017 5189 cruciﬁxum“.
1056 5152 1075 5184 ι
1107 5133 1248 5187 Ecce
1300 5133 1389 5186 hic
1435 5148 1558 5188 cum
1602 5133 1692 5187 Dei
1744 5135 1994 5189 testimo-

2098 5155 2206 5191 νον.
2248 5155 2266 5187 ι
2318 5134 2447 5187 Ἰδοὺ
2473 5134 2537 5202 δὴ
2578 5132 2764 5202 σαφῶς
2796 5131 2855 5184 τὸ
2888 5133 3186 5203 μαρτύριον
3216 5134 3311 5186 τοῦ
3345 5134 3482 5188 Θεοῦ
3509 5136 3695 5206 λέγειν

412 5233 562 5285 nium
607 5229 810 5283 mundo
854 5244 912 5282 se
954 5227 1284 5280 annuntiare
1332 5225 1538 5294 liquido
1572 5234 1828 5293 exponat,
1869 5241 1990 5281 mox

2100 5227 2493 5296 καταγγέλλειν
2523 5225 2599 5294 τῷ
2643 5226 2857 5295 κόσμῳ⁷
2885 5215 3116 5295 Χριστὸν
3160 5226 3365 5295 Ἰησοῦν
3405 5229 3692 5299 ἐπήγαγε,

411 5335 591 5378 tamen
635 5322 910 5377 Cltristum
957 5321 1141 5376 Jesunt
1199 5321 1476 5392 adjttugit,
1519 5329 1573 5375 et
1633 5337 1756 5375 eutn
1816 5323 1992 5378 cruci-

2100 5324 2198 5377 καὶ
2237 5321 2426 5375 τοῦτον
2478 5318 2914 5390 ἐσταυρωμένον.
2970 5319 3102 5382 Θεὸς
3147 5313 3245 5372 οὖν
3303 5318 3410 5390 ἄρα
3463 5321 3620 5374 ἐστὶν
3663 5327 3693 5378 ὁ

411 5417 601 5471 ﬁxum.
646 5415 792 5471 Deus
837 5417 1000 5485 igitur
1036 5423 1121 5469 est
1165 5412 1417 5468 Christus
1459 5410 1637 5478 Jesus,
1685 5415 1776 5482 qui
1811 5417 1990 5471 crucis

2100 5414 2330 5485 σταυρὸν
2380 5413 2448 5466 δι’
2497 5413 2643 5482 ἡμᾶς
2676 5410 2978 5480 ὑπομείνας
3021 5409 3252 5481 Χριστὸς
3319 5411 3568 5479 Ἰησοῦςο
3625 5410 3688 5467 οὗ

409 5507 732 5578 supplicium
783 5507 953 5562 nostri
1013 5520 1176 5561 causa
1229 5503 1525 5569 sustinuit;
1582 5503 1737 5574 cujus
1771 5519 1989 5576 quoque

2097 5509 2192 5562 καὶ
2237 5505 2298 5560 τὸ
2344 5504 2642 5576 μαρτύριον
2685 5504 2786 5556 οὑκ
2836 5505 2894 5564 ὲν
2944 5504 3185 5574 ὑπεροχῇ
3229 5503 3390 5572 λόγου
3444 5505 3543 5559 καὶ
3569 5521 3689 5569 ,σο-

408 5603 781 5660 testimonium
821 5601 1021 5657 mundo
1054 5615 1151 5672 per
1197 5605 1417 5655 sanctos
1453 5597 1730 5667 apostolos
1768 5614 1981 5660 annun-

2090 5599 2218 5669 φίας
2268 5597 2538 5667 κοσμικῆς
2592 5595 3020 5664 καταγγέλλεται
3068 5595 3148 5666 τῷ
3203 5595 3393 5666 κόσμῳ
3435 5596 3528 5650 διὰ
3571 5597 3682 5650 τῶν

485 5757 812 5816 ’Rom.xvt.
845 5759 926 5814 16.
995 5753 1330 5811 ¹⁰1Τίηιοιιι.
1365 5771 1442 5818 ιιι,
1465 5759 1559 5814 25.
1637 5759 1678 5791 ¹¹
1702 5755 1859 5812 Rom.
1893 5753 2082 5822 “1,20

2077 5753 2115 5809 ἰ.
2194 5753 2234 5785 ⁸³
2261 5750 2420 5808 Joan.
2455 5766 2566 5818 τιν,
2598 5747 2688 5802 27.
2771 5751 2814 5784 ³³
2846 5751 2863 5805 l
2892 5749 3016 5806 Cor.
3043 5767 3078 5816 ι,
3119 5752 3170 5805 l.
3252 5752 3444 5809 "ibid.
3468 5752 3557 5820 12,
3586 5753 3674 5809 13.

411 5829 457 5862 ³³
488 5829 616 5885 ibid.
649 5828 740 5898 2‘2,
766 5829 856 5884 2'5.
970 5829 1013 5862 ¹⁶
1042 5827 1063 5882 l
1097 5826 1222 5882 Cor.
1256 5843 1316 5897 tt,
1354 5829 1406 5900 l,
1444 5828 1499 5885 2.
