4044 6332
366 378 503 437 1255

1467 379 1555 438 DE
1594 378 1819 440 BECTA
1861 377 2018 441 FIDE
2055 375 2148 437 AD
2186 374 2507 433 REGINAS.

3492 371 3629 424 ιεπι

358 494 545 562 ἁγίων,
578 492 913 559 ἀποστόλων,
954 493 1068 546 ἀλλ’
1110 492 1185 559 ὡς
1224 495 1281 547 ὲν
1319 494 1547 565 δυνάμει
1594 495 1912 565 Πνεῦματος

2047 492 2234 547 tiutum
2279 500 2383 555 est,
2428 504 2532 551 non
2586 486 2856 543 sermonis
2897 486 3217 553 eminentia,
3270 486 3623 541 mundun-Leve

430 686 451 727 ς
495 666 697 737 Σοφίαν
740 668 797 721 δὲ
827 666 1097 738 λαλοῦμεν
1135 668 1191 720 ὲν
1221 670 1334 742 τοῖς
1363 668 1622 732 τελείοιςο
1656 668 1847 741 σοφίαν
1876 668 1932 722 δὲ

354 760 415 813 οὐ
444 758 538 813 τοῦ
570 760 763 823 αἰῶνος
787 760 998 827 τούτου,
1029 759 1148 812 οὐδὲ
1178 759 1286 813 τῶν
1313 760 1587 831 ἀρχόντων
1620 760 1714 812 τοῦ
1737 760 1931 827 αἰῶνος

352 852 567 921 τούτου,
596 853 703 913 τῶν
752 852 1245 924 καταργουμένων’
1296 852 1432 906 ἀλλὰ
1479 852 1747 923 λαλοῦμεν
1792 852 1928 904 Θεοῦ

354 944 547 1011 σοφίαν
577 944 634 996 ὲν
669 943 972 1013 μυστηρίῳ,
1007 943 1105 1015 τὴν
1134 944 1657 1017 ἀποκεκρυμμένην,
1689 944 1756 1013 ἣν
1797 960 1930 1015 προ-

352 1036 549 1105 ώρισεν
588 1036 617 1087 6
652 1035 784 1103 Θεὸς
812 1036 918 1105 πρὸ
944 1034 1053 1089 τῶν
1086 1034 1297 1087 αἰώνων
1325 1037 1403 1099 είς
1448 1036 1606 1101 δόξαν
1634 1037 1667 1109 ἡ
1679 1034 1793 1105 μῶν
1816 1050 1828 1064 ’
1862 1034 1931 1107 ἢν

352 1128 524 1189 οὐδεὶς
552 1126 659 1183 τῶν
682 1127 959 1196 ἀρχόντων
986 1125 1081 1180 τοῦ
1113 1126 1306 1190 αἰῶνος
1357 1126 1546 1180 τούτου
1572 1126 1827 1194 ἔγνωκεν.
1866 1125 1929 1179 El

351 1220 461 1286 γὰρ
490 1216 751 1289 ἔγνωσαν,
792 1219 892 1275 οὐκ
929 1218 995 1275 ἂν
1022 1218 1112 1271 τὸν
1158 1218 1361 1293 Κύριον
1404 1218 1503 1288 τῆς
1532 1219 1688 1289 δόξης
1732 1216 1931 1270 ἐσταύ-

350 1327 554 1381 ρωσαν.
597 1330 615 1362 ι
655 1311 717 1363 Ei
751 1309 886 1362 Θεοῦ
920 1310 1078 1377 σοφία
1105 1309 1165 1362 τὸ
1195 1310 1491 1381 μυστήριον
1524 1309 1781 1381 Χριστοῦ,
1811 1307 1929 1362 εἶτα

349 1400 427 1469 τῷ
458 1404 650 1471 κόσμῳ
679 1400 1031 1472 κηρύττεται,
1086 1402 1180 1454 καὶ
1223 1401 1356 1463 Θεὸς
1396 1402 1495 1454 οὐκ
1534 1402 1680 1455 ἔστιν
1711 1401 1926 1471 ἀληθῶς

348 1492 488 1544 κατᾶ
515 1494 575 1544 τό
603 1510 764 1558 τισιν,
798 1495 896 1546 οὐκ
925 1489 1019 1546 οἷδ’
1051 1494 1217 1559 ὅπως,
1247 1493 1457 1556 δογοῦν,
1481 1493 1573 1547 καὶ
1605 1497 1683 1565 είς
1704 1495 1863 1546 ανὸτὸν
1890 1497 1923 1565 ἡ

348 1583 529 1645 πίστις
545 1582 645 1653 (1)·
675 1584 793 1647 πῶς
814 1584 1001 1636 ὲστιτὸ
1020 1585 1320 1658 μυστήριον
1339 1584 1516 1653 σοφὸν,
1538 1584 1695 1654 είτῆς
1714 1585 1927 1656 ἀληθῶς

301 1692 310 1700 ·
346 1674 673 1741 θεογνωσίας
706 1672 1034 1744 ἀποκομίζει
1064 1675 1189 1739 τοὺς
1241 1676 1332 1728 ἐπὶ
1364 1677 1463 1746 τῆς
1509 1678 1631 1747 γῆς,
1690 1678 1783 1729 καὶ
1829 1677 1927 1731 λα-

342 1766 529 1835 τρείαν
576 1766 864 1837 ἀνθρώπου
894 1768 993 1835 τὴν
1023 1770 1403 1838 οἰκουμενικὴν
1448 1769 1736 1834 ἁποτελεῖ;
1784 1770 1923 1822 Ἀλλ’

2039 582 2317 653 sapientiae
2354 582 2517 647 fastu,
2543 580 2637 635 sed
2695 578 2932 648 Spiritus
2980 583 3176 637 virtute
3208 586 3259 635 ci
3292 580 3621 637 ostensione.

2112 692 2132 726 ι
2165 674 2494 745 Sapientiam
2554 681 2735 727 autem
2804 670 3075 739 loquimur
3114 671 3255 731 inter
3308 670 3616 739 perfectos:

2037 766 2360 835 sapientiam
2410 778 2540 821 vero
2591 778 2695 819 non
2740 761 2899 830 hujus
2951 760 3158 823 sarculi,
3205 776 3377 828 neque
3422 761 3623 828 princi-

2038 874 2162 929 pum
2192 858 2350 927 hujus
2389 854 2595 918 saeculi,
2644 855 2735 924 qui
2769 854 3168 917 destruuntur;
3221 854 3315 907 sed
3351 854 3623 920 loquimur

2036 952 2129 1006 Dei
2180 949 2500 1019 sapientiam
2550 948 2604 1002 in
2654 949 2941 1015 mysterio;
2988 962 3106 1015 quae
3153 946 3468 1000 abscondita
3510 956 3621 1005 est.

2036 1058 2195 1111 quam
2243 1039 2651 1113 prmdestinavit
2706 1037 2845 1091 Deus
2886 1047 3011 1093 ante
3064 1038 3257 1090 sa’cula
3297 1038 3348 1091 in
3386 1037 3617 1106 gloriam

2035 1142 2311 1194 nostram;
2358 1146 2519 1201 quam
2560 1142 2717 1181 nemo
2750 1122 3053 1195 principum
3104 1126 3266 1192 hujus
3306 1125 3489 1179 saeculi
3525 1139 3621 1177 co-

2034 1223 2242 1293 gnovit.
2282 1220 2337 1274 Si
2378 1219 2523 1271 enim
2555 1218 2959 1286 cegnovisscnt,
3005 1231 3279 1283 nunquam
3329 1213 3619 1266 Dominum

2033 1309 2218 1382 gloriae
2242 1307 2637 1363 cruciﬁxissent
2664 1305 2728 1359 ³⁷.
2763 1324 2781 1357 ι
2820 1305 2875 1359 Si
2911 1305 3111 1359 Christi
3139 1306 3487 1374 mysterium,
3509 1294 3617 1377 62

2033 1405 2175 1473 quod
2224 1404 2425 1456 mundo
2467 1402 2847 1455 annuntiatum
2904 1410 3010 1462 est,
3059 1398 3152 1452 Dei
3201 1398 3463 1469 sapientia
3512 1412 3617 1459 εει,

2034 1509 2210 1564 neque
2250 1503 2427 1547 tamen
2469 1492 2740 1557 Christus,
2776 1497 2829 1545 in
2871 1508 3033 1563 quem
3087 1492 3219 1544 ﬁdes
3261 1490 3522 1559 exigitur,
3558 1502 3619 1542 ut

2034 1587 2172 1640 male
2220 1587 2405 1641 nescio
2448 1587 2721 1654 quomodo
2766 1585 3092 1656 quibusdam
3149 1598 3474 1652 persuasum
3509 1593 3615 1642 est,

2034 1694 2193 1735 verus
2250 1678 2389 1732 Deus
2439 1686 2570 1730 est:
2616 1676 2889 1746 quomodo
2931 1684 3330 1729 sacramentum
3379 1673 3481 1726 hor.
3527 1688 3617 1725 sn-

2034 1773 2198 1833 blime
2228 1782 2282 1827 et
2312 1773 2529 1842 sapiens
2572 1784 2675 1837 εει,
2713 1770 2759 1825 si
2795 1770 3044 1829 homines
3078 1784 3105 1820 a
3136 1782 3262 1819 vera
3305 1766 3397 1818 Dei
3437 1764 3619 1828 cogni-

343 1859 404 1909 οῦ
448 1857 605 1911 τοῦτο
630 1860 779 1911 ἐστιν
827 1858 1044 1929 ἀληθές.
1080 1860 1247 1931 Σοφὸν
1277 1860 1335 1913 δὲ
1379 1860 1438 1913 τὸ
1484 1862 1801 1932 μυστήριον,
1843 1862 1916 1914 ὅτε

2036 1865 2181 1921 tione
2233 1865 2471 1929 abducit,
2528 1871 2582 1918 et
2626 1864 2693 1917 ab
2744 1863 2877 1916 orbe
2932 1870 3223 1921 terrarum,
3292 1865 3352 1909 ut
3408 1854 3613 1909 homini

342 1948 463 2019 Θεῷ
515 1950 780 2019 προσάγει
832 1952 957 2014 τοὺς
1016 1951 1499 2022 πεπλανημένους·
1555 1953 1686 2016 Θεὸς
1737 1953 1848 2023 ἄρα
1895 1955 1924 2005 6

344 2041 597 2111 Χριστός.
640 2043 868 2113 Εἴρηται
895 2043 950 2096 δὲ
981 2044 1075 2096 καὶ
1106 2042 1331 2117 δικαίως
1364 2044 1567 2116 Κύριος
1588 2047 1685 2117 τῆς
1716 2044 1871 2116 δόξης
1894 2044 1924 2097 ό

342 2131 778 2203 ἐσταυρωμένος.

344 2241 561 2285 rursum
611 2229 855 2289 reducat.
901 2226 1032 2283 Jure
1085 2229 1252 2299 igitur
1308 2228 1614 2299 meritoque
1671 2239 1725 2283 et
1775 2230 1919 2283 Deus
1953 2229 2255 2298 appellatur
2290 2228 2565 2295 Christus,

342 2320 676 2398 perhibetur.

417 2430 434 2460 ι
482 2410 639 2467 Κατὰ
667 2412 765 2482 τὴν
803 2412 963 2487 χάριν
999 2413 1092 2466 τοῦ
1134 2412 1269 2467 Θεοῦ
1315 2414 1411 2485 τὴν
1435 2412 1681 2467 δοθεῖσάν
1711 2431 1823 2483 μοι,
1848 2413 1924 2478 ὡς

342 2500 500 2568 σοεὸς
535 2503 872 2572 ἀρχιτέκτων
932 2504 1179 2574 θεμέλιον
1206 2505 1401 2577 ἔθηκα,
1438 2506 1596 2569 ἄλλος
1624 2506 1680 2557 δὲ
1711 2509 1925 2559 ἐποικο-

337 2590 510 2660 δομεῖ.
533 2590 791 2660 Θεμέλιον
811 2593 919 2666 γὰρ
940 2595 1100 2661 ἄλλος
1133 2596 1309 2660 οὐδεὶς
1330 2597 1554 2652 δύναται
1579 2597 1749 2651 θεῖναι
1770 2599 1922 2670 παρὰ

340 2683 431 2733 τὸν
472 2683 744 2752 κείμενον,
788 2687 846 2750 ὃς
890 2689 1036 2747 ἐστιν
1078 2688 1288 2760 Ἰησοῦς
1316 2691 1601 2762 Χριστός.»
1630 2691 1692 2744 Εἰ
1722 2693 1923 2764 ἐπερη-

344 2773 608 2844 ρείσμεθα
654 2776 908 2849 καθάπερ
957 2778 1063 2832 τινὶ
1111 2780 1347 2853 θεμελίῳ
1393 2782 1646 2854 Χριστῷ,
1696 2785 1789 2837 καὶ
1831 2784 1918 2836 ἐπ’

337 2864 488 2936 αὑτῴ
513 2866 601 2919 διὰ
630 2868 866 2933 πίστεως
902 2870 1347 2942 οίκοδομούμεθα,
1379 2874 1473 2926 καὶ
1514 2874 1661 2928 ἐστιν
1690 2875 1849 2939 αὐτὸς
1882 2877 1915 2945 ὴ

338 2960 557 3012 πάντων
585 2962 877 3029 ἀσφάλεια,
914 2964 1031 3027 πῶς
1056 2964 1157 3017 οῦκ
1198 2965 1263 3017 ἂν
1302 2965 1389 3036 εἴη
1432 2966 1564 3030 Θεὸς
1592 2967 1826 3037 ἀληθῶς,
1860 2968 1920 3021 ὲν

334 3044 379 3116 ᾧ
410 3051 478 3105 τὰ
505 3053 704 3118 πάντα,
736 3056 830 3108 καὶ
861 3057 893 3126 ἡ
926 3057 1076 3128 παρὰ
1117 3058 1331 3111 πάντων
1355 3058 1629 3124 πίστιςΓ,
1650 3062 1711 3113 οὐ
1738 3060 1920 3123 καθὼς

2031 1956 2270 2011 divinum
2305 1956 2505 2013 cultum
2533 1956 2897 2024 impertiatur,
2923 1950 3131 2021 exigit?
3165 1950 3363 2004 Verum
3399 1963 3500 2001 non
3538 1948 3612 2000 ita

2033 2059 2119 2098 res
2154 2045 2336 2099 habet.
2370 2043 2701 2105 Profundum
2754 2042 2901 2096 enim
2947 2050 3003 2093 et
3038 2039 3255 2108 sapiens
3291 2036 3609 2107 mysterium

2029 2147 2131 2203 est,
2179 2137 2378 2207 quippe
2421 2137 2563 2207 quod
2608 2138 2659 2193 in
2703 2148 2947 2190 errorem
2992 2132 3255 2186 abductos
3310 2131 3377 2183 ad
3435 2128 3605 2183 Deum

2643 2236 2701 2282 et
2771 2225 2956 2293 gloria:
3000 2223 3259 2279 Dominus
3296 2220 3603 2276 crucifixus

2106 2432 2126 2463 ‹
2155 2412 2462 2468 Secundum
2499 2411 2728 2481 gratiam
2767 2409 2883 2473 Dei,
2917 2423 3037 2481 quae
3078 2409 3200 2461 data
3232 2415 3315 2461 est
3349 2404 3515 2471 mihi,
3550 2410 3609 2458 ut

2028 2502 2246 2572 sapiens
2266 2503 2595 2559 architecms
2620 2498 3028 2557 fundamentum
3054 2497 3233 2565 posui,
3258 2497 3396 2551 alius
3424 2506 3605 2551 autem

2027 2594 2448 2665 superaadilicat.
2514 2592 2951 2649 Fundamentum
3026 2591 3170 2643 enim
3224 2588 3382 2656 Laliud
3448 2604 3608 2642 nemo

2025 2696 2204 2753 potest
2230 2701 2434 2756 ponere
2464 2697 2662 2755 pneter
2698 2685 2749 2738 id
2784 2686 2925 2752 quod
2946 2684 3178 2753 positum
3216 2692 3322 2745 est,
3354 2685 3492 2757 quod
3525 2690 3607 2735 est

2026 2779 2278 2836 Christus
2319 2779 2561 2836 Jesus“.
2597 2797 2615 2831 ι
2665 2777 2721 2832 Si
2772 2777 2991 2837 Christo
3040 2775 3270 2843 perinde
3312 2788 3375 2827 ac
3404 2772 3605 2829 liuida-

2024 2882 2204 2927 mento
2238 2873 2472 2940 cuipiam
2522 2871 2824 2935 innitimur,
2867 2878 2921 2925 et
2951 2883 3046 2936 per
3077 2866 3238 2922 ﬁdem
3285 2881 3448 2933 super
3482 2881 3603 2919 eum

2021 2963 2412 3028 construimur,
2452 2973 2509 3017 et
2549 2964 2662 3032 ipse
2695 2961 2934 3015 omnium
2980 2968 3064 3015 est
3108 2960 3300 3014 salus:
3338 2958 3429 3025 qui
3474 2959 3589 3009 licri

2022 3064 2215 3124 potest,
2243 3064 2299 3108 ut
2329 3070 2490 3109 verus
2524 3055 2664 3107 Deus
2698 3068 2801 3107 non
2826 3054 2931 3115 sit,
2980 3066 3101 3105 cum
3129 3054 3181 3104 in
3206 3065 3271 3104 eo
3304 3048 3605 3105 consistant

336 3144 418 3205 είς
461 3143 556 3197 ἕνα
590 3145 699 3197 τῶν
733 3146 851 3199 καθ’
884 3148 1051 3217 ἡμᾶς,
1094 3148 1176 3203 ὅτι
1222 3149 1297 3222 μὴ
1332 3150 1505 3205 κτίσει
1555 3151 1916 3224 λελατρεύκα-

2023 3144 2227 3207 omnia,
2277 3144 2517 3213 ﬁdesque
2563 3154 2747 3197 nostra
2789 3143 2856 3196 de
2898 3143 3015 3213 ipso
3057 3143 3149 3206 sit,
3204 3157 3308 3194 non
3360 3140 3499 3201 sicut
3535 3141 3601 3193 de

339 3250 460 3306 μεν,
489 3236 625 3289 ἀλλὰ
646 3236 767 3308 Θεῴ
792 3237 869 3309 τῷ
900 3239 1059 3308 φύσει
1105 3240 1199 3295 καὶ
1237 3241 1489 3313 ἁληοῶς;

413 3514 435 3553 σ
480 3498 594 3553 Οὐκ
640 3498 840 3565 οἴδατε,
890 3502 970 3554 ὅτι
1006 3502 1129 3566 ναὸς
1160 3503 1295 3557 Θεοῦ
1328 3506 1452 3558 ἐστε
1482 3507 1660 3577 ὑμεῖς,
1710 3509 1803 3561 καὶ
1853 3511 1914 3563 τὸ

337 3590 560 3660 Πνεῦμα
586 3590 679 3643 τοῦ
715 3592 848 3644 Θεοῦ
879 3595 1018 3646 οἰκεῖ
1044 3596 1102 3646 ἐν
1133 3596 1291 3666 ὑμῖν;
1325 3597 1391 3649 Ei
1415 3614 1496 3661 τις
1523 3599 1613 3651 τὸν
1648 3601 1774 3655 ναὸν
1817 3602 1913 3655 τοῦ

334 3682 470 3736 Θεοῦ
520 3683 751 3755 φθείρει,
796 3684 984 3756 φθερεί
1032 3688 1219 3741 τοῦτον
1257 3691 1284 3742 ό
1328 3690 1479 3754 Θεός.
1534 3693 1593 3747 Ὀ
1626 3693 1735 3769 γὰρ
1788 3695 1914 3757 ναὸς

333 3776 427 3829 τοῦ
456 3774 589 3830 Θεοῦ
640 3776 794 3845 ἅγιός
847 3779 1016 3842 ἐστιν,
1044 3779 1240 3843 οἵτινές
1290 3780 1412 3833 ἐστε
1462 3783 1641 3852 ὑμεῖς.
1680 3806 1700 3837 ι
1757 3786 1820 3838 Et
1852 3785 1913 3838 τὸ

335 3869 559 3939 Πνεῦμα
601 3869 838 3939 Χριστοῦ
882 3870 1182 3941 δεχόμενοι,
1233 3873 1359 3935 ναὸς
1407 3874 1541 3926 Θεοῦ
1584 3876 1913 3948 χρηματίζο-

339 3976 457 4028 μεν,
490 3958 606 4023 πῶς
635 3958 697 4013 οὐ
729 3958 862 4023 Θεὸς
893 3960 1130 4031 ἀληθῶς,
1160 3963 1188 4014 6
1211 3960 1278 4013 δι’
1307 3961 1366 4015 ὃν
1409 3964 1568 4033 ἡμεῖς
1598 3965 1765 4033 ἐσμεν
1792 3965 1913 4023 ναοὶ

332 4050 468 4105 Θεοῦ
490 4067 503 4115 ;

408 4161 427 4195 ι
472 4141 636 4195 Ὥστε
667 4141 743 4214 μὴ
774 4142 880 4212 πρὸ
912 4143 1102 4214 καιροῦ
1129 4161 1181 4197 τι
1216 4143 1455 4221 κρίνετε,
1490 4145 1595 4207 ἓως
1630 4144 1695 4201 ἂν
1727 4145 1855 4219 ἔλθῃ
1881 4148 1909 4199 6

333 4232 557 4305 Κύριος,
587 4234 644 4298 ὃς
682 4233 777 4288 καὶ
804 4234 1029 4303 φωτίσει
1073 4236 1140 4290 τὰ
1167 4238 1387 4308 κρυπτὰ
1414 4238 1509 4291 τοῦ
1542 4238 1784 4301 σκότους,
1814 4238 1909 4293 καὶ

334 4324 636 4398 φανερώσει
684 4328 784 4390 τὰς
829 4327 1024 4397 βουλὰς
1070 4328 1181 4381 τῶν
1234 4330 1491 4399 καρδιῶν.
1542 4332 1651 4384 Καὶ
1714 4331 1836 4384 τότε
1880 4333 1910 4384 ό

330 4418 551 4481 ἔπαινος
602 4420 893 4489 γενήσεται
943 4420 1155 4491 ἑκάστῳ
1204 4424 1355 4492 παρὰ
1399 4422 1493 4475 τοῦ
1541 4421 1696 4476 Θεοῦ.
1743 4442 1761 4476 ι
1799 4423 1904 4477 Τὸν

2023 3234 2239 3290 homine
2293 3236 2527 3307 quodam
2567 3234 2735 3291 nostri
2772 3233 2963 3295 simili,
2993 3231 3259 3303 siquidem
3295 3241 3601 3285 creaturam

2021 3341 2125 3379 non
2177 3325 2490 3391 adoramus,
2552 3327 2647 3381 sed
2706 3340 2829 3380 cum
2878 3327 2968 3395 qui
3022 3324 3251 3378 veritate
3306 3332 3361 3376 ct
3410 3332 3602 3383 natura

2020 3416 2160 3473 Deus
2183 3426 2262 3473 est
2288 3416 2311 3469 ?

2095 3525 2113 3556 ι
2144 3506 2378 3562 Nescitis
2399 3508 2526 3577 quia
2558 3506 2816 3575 templum
2845 3506 2939 3561 Dei
2968 3508 3104 3561 estis
3130 3521 3251 3573 vos,
3282 3514 3336 3560 et
3368 3505 3602 3574 Spiritus

2020 3598 2111 3652 Dei
2149 3599 2360 3654 habitat
2394 3601 2446 3654 in
2498 3600 2691 3654 vobis?
2724 3600 2780 3654 Si
2813 3600 2934 3669 quis
2977 3608 3157 3661 autem
3196 3598 3453 3667 tetnplum
3498 3597 3597 3651 Dei

2018 3691 2318 3755 violaverit,
2375 3692 2655 3761 disperdet
2712 3693 2860 3747 illum
2898 3692 3056 3747 Deus.
3124 3688 3403 3756 Templum
3451 3690 3595 3744 enim

2018 3781 2111 3834 Dei
2158 3791 2409 3837 sanctum
2451 3793 2556 3845 est,
2610 3782 2763 3851 quod
2810 3782 2940 3845 estis
2992 3796 3088 3834 vos
3115 3780 3178 3832 ¹⁹.
3209 3796 3228 3829 ι
3284 3778 3341 3833 Si
3391 3776 3597 3834 Christi

2017 3871 2275 3940 Spiritum
2315 3872 2695 3939 suscipientes,
2740 3872 2997 3940 templum
3052 3870 3146 3924 Dei
3186 3883 3372 3927 sumus
3408 3884 3423 3921 :
3462 3885 3600 3937 quo-

2014 3963 2174 4023 modo
2224 3979 2386 4018 verus
2434 3962 2577 4018 Deus
2625 3965 2932 4019 censendus
2988 3979 3095 4021 non
3142 3971 3246 4027 est,
3294 3974 3390 4031 per
3434 3976 3594 4030 quem

2015 4055 2209 4124 templa
2242 4057 2332 4111 Dei
2373 4057 2795 4115 constituimur?

2088 4169 2108 4202 τ
2140 4151 2325 4220 itaque
2366 4151 2535 4204 nolite
2572 4160 2701 4205 ante
2742 4161 2953 4220 tempus
3007 4152 3276 4221 judicare,
3310 4154 3592 4225 quoadus-

2011 4255 2115 4310 que
2143 4242 2323 4295 veniat
2358 4241 2636 4309 Dominus,
2668 4243 2759 4312 qui
2802 4252 2857 4297 et
2888 4244 3220 4299 illuminahit
3263 4246 3586 4301 abscondita

2013 4332 2375 4396 tenebrarum,
2417 4342 2472 4385 et
2520 4334 2893 4387 manifestabit
2943 4334 3167 4389 consilia
3216 4336 3461 4390 cordium
3494 4353 3507 4388 :
3539 4345 3595 4387 et

2011 4430 2139 4483 tunc
2171 4422 2288 4475 laus
2330 4422 2437 4475 erit
2478 4423 2775 4493 unicuique
2808 4438 2839 4477 a
2872 4423 2983 4479 Deo
3006 4424 3074 4479 ³ο.
3107 4443 3127 4476 ι
3164 4425 3453 4482 Dominum
3490 4441 3592 4481 no-

330 4510 535 4584 Κύριον
562 4511 722 4582 ἡμῶν
770 4512 976 4582 Ἰησοῦν
1019 4513 1110 4569 τὸν
1157 4515 1392 4586 Χριστὸν
1430 4514 1488 4581 ἐξ
1535 4514 1766 4587 οὐρανοῦ
1800 4531 1903 4568 κα-

2023 4523 2182 4569 ttrum
2214 4512 2397 4570 Jesum
2428 4512 2706 4575 Christum
2756 4513 2886 4569 olim
2933 4528 2964 4569 e
3007 4516 3165 4571 cretis
3194 4517 3589 4572 descensurum

328 4603 558 4675 ταὸῆναι
608 4605 995 4676 προσδοκῶμεν
1030 4606 1171 4662 κατὰ
1204 4608 1449 4678 καιροὺς,
1482 4600 1527 4675 ᾧ
1563 4607 1659 4661 καὶ
1704 4606 1907 4670 πάντες

330 4696 795 4768 παραστησόμεθα
824 4698 1059 4770 κρίνοντι
1092 4699 1161 4754 τὰ
1194 4698 1434 4770 κρυπτὰ,
1462 4700 1555 4759 καὶ
1582 4697 1906 4771 φανεροῦντι

328 4787 425 4853 τὰς
458 4787 654 4860 βουλὰς
687 4789 795 4842 τῶν
827 4790 1084 4860 καρδιῶν.
1116 4792 1238 4844 Ὀτι
1265 4792 1321 4844 δὲ
1352 4793 1445 4845 καὶ
1473 4793 1747 4845 ἐπαινέσει
1777 4790 1904 4854 τοὺς

327 4875 589 4945 δικαίους,
626 4879 1181 4951 πεπληροφορήμεθα.
1224 4882 1348 4945 Τοῖς
1374 4882 1479 4953 γὰρ
1520 4880 1806 4951 έστηκόσιν
1840 4882 1904 4932 ἐκ

327 4970 517 5035 δεξιῶν
565 4974 713 5045 ἐρεῖ·
766 4993 783 5025 t
820 4974 1015 5039 Δεῦτε,
1055 4976 1102 5027 oi
1142 4974 1493 5045 εὐλογημένοι
1543 4973 1637 5026 τοῦ
1688 4974 1900 5044 Πατρός

330 5078 456 5131 μου,
504 5061 948 5135 κληρονομήσατε
979 5064 1079 5136 τὴν
1126 5066 1535 5137 ἡτοιμασμένην
1582 5066 1711 5135 ὑμῖν
1745 5066 1900 5136 βασι-

327 5153 479 5207 λείαν
519 5155 629 5207 ἀπὸ
673 5156 979 5227 καταϐολῆς
1023 5158 1248 5229 κόσμου.
1290 5176 1308 5208 ι
1346 5158 1473 5210 Ὅτε
1507 5157 1687 5210 τοίνυν
1730 5157 1903 5209 ἐπαι-

328 5244 547 5310 νοῦντος
590 5247 849 5317 Χριστοῦ,
901 5249 993 5302 τὸν
1040 5250 1258 5304 ἔπαινον
1310 5251 1526 5322 ἑκάστῳ
1576 5248 1903 5318 γενήσεσθαί

329 5352 463 5407 φησι
499 5337 650 5407 παρὰ
680 5339 772 5391 τοῦ
823 5340 981 5403 Θεοῦ,
1014 5340 1130 5403 πῶς
1174 5342 1235 5394 οὐ
1280 5341 1411 5405 Θεός
1442 5343 1589 5394 ἐστιν
1618 5340 1903 5412 ὲναργῶς;

404 5449 446 5483 "
483 5451 499 5504 Ι
530 5451 657 5505 Cor.
690 5467 730 5518 ι,
768 5452 890 5507 6-8.
968 5452 1209 5508 "lCor.
1258 5468 1339 5519 ιιι,
1386 5454 1471 5517 10,
1511 5454 1597 5507 ll.

1676 5455 1719 5485 ⁸⁸
1767 5452 1898 5507 ibid.
1946 5450 2037 5514 ιο,
2078 5450 2165 5505 l7.

2007 4614 2408 4673 exspectamus,
2459 4606 2546 4658 cui
2598 4606 2810 4661 occulta
2856 4605 3187 4674 iudicaturo,
3232 4608 3590 4677 cordiumque

2009 4694 2232 4749 consilia
2257 4693 2594 4765 patefactum
2626 4698 2884 4751 sistemur
2910 4712 3121 4755 omnes.
3154 4698 3306 4765 Quod
3332 4699 3377 4753 is
3405 4711 3589 4757 autem

2001 4783 2179 4852 justos
2202 4786 2274 4840 sit
2297 4786 2803 4852 commendaturus,
2834 4788 3146 4851 edocemur,
3175 4789 3316 4858 quod
3342 4792 3409 4842 ad
3443 4790 3588 4853 illos,

2006 4879 2100 4948 qui
2142 4892 2169 4930 a
2199 4879 2420 4939 dextera
2457 4878 2530 4932 illi
2563 4880 2847 4944 assistunt,
2884 4881 2961 4935 ita
2991 4881 3237 4936 dicturus
3271 4884 3344 4936 sit
3376 4901 3387 4935 :
3427 4902 3445 4934 ‹
3486 4884 3587 4937 Ve-

2008 4971 2140 5038 nite,
2175 4970 2442 5026 benedicti
2477 4970 2655 5026 Patris
2680 4973 2807 5038 mei,
2839 4974 3113 5045 possidete
3154 4986 3399 5046 paratum
3434 4977 3587 5030 vobis

2008 5079 2233 5134 regnum
2287 5079 2317 5118 a
2384 5066 2774 5121 constitutione
2838 5068 3022 5122 mundi
3055 5069 3123 5120 “.
3158 5087 3177 5120 ι
3236 5069 3367 5123 Cum
3423 5069 3588 5138 igitur

2006 5156 2224 5211 Christo
2277 5156 2557 5221 laudante,
2592 5173 2745 5212 suam
2792 5160 3085 5230 unicuique
3134 5177 3163 5213 a
3215 5160 3323 5215 Deo
3374 5162 3583 5214 laudem

2009 5250 2270 5304 tributum
2309 5250 2373 5304 iri
2426 5251 2629 5306 diserte
2668 5253 2945 5321 praedicet,
2989 5255 3261 5323 quomodo
3303 5255 3582 5308 Christum

2012 5338 2178 5393 Deum
2206 5354 2328 5393 esse
2358 5356 2463 5393 non
2494 5342 2779 5397 manifeste
2801 5344 3066 5412 apparet?

2243 5448 2335 5503 ⁸⁸1
2370 5450 2496 5505 Cor.
2529 5467 2600 5516 Iv,
2630 5452 2684 5520 5,
2715 5452 2767 5507 6.
2846 5454 2887 5486 “
2920 5454 3109 5510 Matth.
3145 5472 3270 5519 xxv,
3306 5454 3394 5510 54.

1407 5579 1581 5637 Varia:
1607 5583 1861 5640 lectiones
1893 5584 2094 5640 codicis
2122 5584 2480 5656 Seguieriani.

400 5647 448 5699 i‘
473 5650 621 5721 παρὰ
641 5649 822 5704 αὐτῶν
844 5650 1048 5713 πίστις.

398 5741 477 5810 (ι)
501 5741 727 5827 Phrasis
758 5744 1096 5827 perturbata,
1126 5758 1286 5810 qualn
1320 5744 1550 5803 fortasse
1586 5749 1886 5816 sanaveris,

2023 5754 2077 5806 ba
2110 5749 2202 5803 καί
2237 5750 2314 5812 εἰς
2344 5748 2501 5803 αὑτὸν
2540 5750 2718 5815 πίστις
2749 5762 2871 5823 post
2900 5753 2976 5825 τῷ
3006 5753 3195 5825 κόσμῳ
3226 5751 3572 5827 κηρύττεται.

330 5815 744 5883 transponendo.
786 5812 943 5869 Ευιτ.
976 5812 1216 5870 ιἈτιιοι..
