4044 6332
458 388 594 443 1255

1479 380 1536 436 S.
1578 374 1851 433 CYRlLLl
1888 369 2357 429 ALEXANDRINI
2394 366 2714 426 ARCHIEP.

3560 361 3703 417 ΡΞῦῦ

532 529 552 562 ι
586 511 668 563 An
704 508 926 563 nescitis
962 507 1217 578 quoniam
1253 502 1491 559 membra
1524 512 1708 558 vestra
1762 499 2017 570 templum
2051 547 2057 558 ε

2200 513 2218 546 ι
2270 495 2340 548 Ἦ
2372 494 2473 546 οὐκ
2504 492 2703 553 οἴδατε,
2748 489 2830 543 ὃτι
2863 486 2933 541 τὰ
2973 485 3202 557 σώματα
3249 482 3406 555 ὑμῶν
3451 482 3577 545 ναὸς
3605 482 3702 536 τοῦ

464 610 592 656 sunt
621 600 853 669 Spiritus
884 569 1080 665 sancti,
1110 598 1203 667 qui
1234 599 1286 651 ln
1317 596 1470 651 vobis
1493 605 1595 661 est,
1626 609 1783 663 quem
1816 569 2026 647 habetis

2159 604 2185 640 ν
2219 587 2347 656 ὑμῖν
2384 584 2539 652 ἁγίου
2570 581 2885 651 Πνεύματός
2923 579 3087 641 ἐστιν,
3125 569 3186 631 οῦ
3221 576 3371 646 ἔχετε
3404 574 3512 628 ἀπὸ
3541 573 3702 638 Θεοῦ,

459 710 489 746 a
525 693 653 757 Deo,
702 699 757 746 ct
782 691 888 762 63
921 687 1023 744 non
1060 690 1193 745 estis
1235 687 1447 743 vestri?
1485 686 1660 759 Empti
1697 685 1841 739 enim
1893 683 2027 738 estis

458 784 635 853 pretio
666 798 884 851 magno.
925 780 1247 836 Glorilicate
1290 788 1344 833 et
1371 789 1583 848 portate
1616 777 1782 831 Deum
1815 776 1865 828 in
1906 791 2031 829 cor-

460 892 592 944 pore
643 885 821 929 vestro
845 876 908 927 η.
946 893 964 925 ι
1019 873 1076 928 Si
1133 873 1339 943 Spiritu
1389 870 1588 926 Christi
1638 880 1859 939 accepto
1904 867 2029 922 facti

462 982 649 1021 sumus
683 967 881 1035 templa
917 966 1032 1031 Dei,
1078 965 1342 1033 redempti
1377 964 1639 1034 sanguine
1676 962 1845 1025 illius,
1872 962 1944 1015 ita
1976 969 2034 1014 ut

460 1059 573 1129 jam
604 1074 710 1112 non
748 1057 886 1111 ultra
932 1059 984 1112 in
1032 1069 1217 1113 nostra
1261 1058 1499 1126 ipsorum
1537 1064 1804 1123 potestate
1840 1054 2032 1116 simus,

462 1165 641 1220 neque
688 1150 844 1205 nobis
894 1151 1023 1220 ipsis
1069 1152 1179 1219 jam
1231 1150 1462 1219 amplius
1504 1150 1769 1215 vivamus,
1818 1148 1911 1202 sed
1960 1147 2036 1201 illi

463 1242 557 1311 qui
612 1257 712 1296 nos
750 1252 1021 1297 mercatus
1061 1252 1143 1296 est
1178 1260 1190 1296 :
1227 1242 1492 1311 quomodo
1538 1240 1883 1309 perspicuum
1929 1254 2036 1292 non

467 1344 552 1388 est
591 1333 887 1397 Christum,
927 1350 1021 1400 per
1048 1349 1206 1403 quem
1252 1333 1448 1401 templa
1482 1332 1573 1386 Dei
1605 1330 1887 1397 efﬁcimur,
1920 1331 2039 1385 cui-

469 1440 574 1495 que
599 1426 821 1494 perinde
854 1442 918 1479 ae
945 1427 1053 1481 Deo
1084 1427 1373 1490 servimus,
1401 1439 1585 1478 verum
1615 1439 1736 1479 esse
1764 1424 1970 1478 Deum?

549 1536 568 1568 ι
598 1517 672 1571 De
710 1518 847 1573 escis
890 1528 1095 1581 autem,
1140 1534 1259 1588 qua:
1304 1518 1462 1572 idolis
1508 1517 1881 1582 immolantur,
1928 1517 2035 1571 sci-

473 1623 593 1663 mus
629 1610 752 1678 quia
788 1610 920 1662 nihil
952 1619 1035 1663 est
1069 1609 1268 1663 idolum
1313 1609 1365 1663 in
1401 1611 1619 1673 mundo,
1655 1619 1709 1663 et
1737 1609 1878 1678 quod
1921 1610 2041 1663 nul-

476 1699 560 1753 lus
583 1710 665 1753 est
694 1698 855 1765 Dens,
891 1700 993 1755 nisi
1026 1715 1184 1754 unus.
1214 1700 1343 1753 Nam
1368 1700 1468 1754 etsi
1499 1709 1643 1762 sunt,
1680 1700 1770 1768 qui
1795 1700 2043 1755 dicantur

478 1793 572 1858 dii,
607 1794 719 1846 sive
754 1793 805 1846 in
838 1792 993 1857 coelo,
1033 1792 1146 1847 sive
1188 1794 1239 1844 in
1270 1801 1413 1845 terra
1469 1791 1756 1861 (siquidem
1804 1801 1932 1845 sunt
1971 1792 2041 1845 dii

480 1884 654 1949 nnilti,
678 1892 732 1938 et
764 1883 965 1937 domini
998 1882 1194 1950 multi),
1238 1883 1393 1937 nobis
1430 1890 1607 1937 tamen
1637 1898 1773 1937 unus
1796 1894 1877 1937 est
1905 1882 2045 1938 Deus

478 1974 659 2038 Pater,
690 1990 756 2028 ex
785 1990 892 2042 quo
920 1976 1127 2041 omnia,
1179 1984 1233 2028 et
1266 1988 1363 2028 nos
1402 1974 1454 2027 in
1483 1975 1661 2037 illum;
1690 1984 1744 2028 et
1773 1988 1909 2026 unus
1938 1973 2044 2027 Do-

478 2067 661 2118 minus
687 2064 844 2118 Jcsus
880 2066 1153 2128 Christus,
1191 2080 1286 2133 per
1314 2080 1473 2134 quem
1506 2066 1706 2128 omnia,
1744 2075 1799 2118 et
1829 2080 1926 2118 nos
1954 2079 2048 2134 per

480 2154 655 2221 ipsum
681 2155 746 2207 ".
782 2173 799 2203 ι
837 2153 892 2206 Si
935 2170 1075 2208 unus
1120 2155 1265 2209 solus
1297 2164 1380 2209 est
1412 2156 1570 2219 Deus,
1606 2165 1660 2210 et
1690 2155 1824 2209 alius
1857 2167 2050 2225 praeter

480 2243 629 2295 illum
676 2242 884 2309 nullus;
936 2248 1229 2300 assumitur
1292 2256 1468 2301 autem
1525 2247 1577 2299 in
1654 2262 1812 2299 unam
1879 2248 2049 2301 deita-

484 2334 551 2385 tis
616 2342 864 2387 naturam
941 2352 1077 2389 unus
1115 2336 1205 2390 ille
1248 2335 1403 2391 Jesus
1434 2336 1703 2399 Christus,
1747 2351 1843 2404 per
1890 2351 2047 2406 quem

481 2426 749 2477 exsistunt
781 2426 957 2479 omnia
1001 2441 1015 2479 :
1064 2426 1205 2480 Deus
1268 2428 1451 2495 utique
1512 2428 1614 2481 erit
1662 2427 1936 2491 Christus,
1994 2438 2052 2481 ut

482 2515 573 2581 qui
619 2516 778 2568 etiam
836 2525 968 2580 tum,
1004 2532 1123 2570 cum
1177 2533 1241 2572 ex
1308 2519 1530 2571 muliere
1600 2527 1781 2583 natus,
1822 2518 2055 2587 appella-

482 2615 570 2657 tus
611 2615 691 2659 est
720 2604 878 2661 Jesus
918 2607 1190 2672 Christus,
1234 2607 1457 2663 immote
1501 2610 1553 2661 in
1597 2609 1773 2662 Patris
1824 2609 2055 2662 consub-

485 2697 843 2751 stantialitate
899 2700 1240 2752 subsisteret.
1292 2699 1345 2751 ld
1405 2700 1566 2753 etiam
1621 2699 2056 2753 animadvertere

484 2785 573 2839 hic
604 2786 749 2853 licet,
787 2803 981 2858 nempe
1009 2789 1149 2857 quod
1176 2789 1356 2843 omnia
1382 2802 1476 2858 per
1507 2805 1673 2843 unum
1700 2789 1869 2853 illum,
1898 2802 2054 2856 quem

484 2875 666 2929 Jesum
719 2877 988 2932 Christum
1045 2879 1156 2947 ipse
1196 2888 1390 2945 vocat,
1435 2888 1690 2948 tanquam
1742 2896 1839 2949 per
1890 2895 2055 2932 unum

486 2964 682 3019 Filium
718 2968 1013 3020 secundum
1046 2968 1494 3037 dispensatoriam
1542 2969 1798 3023 unionem
1840 2968 2055 3022 condita

488 3072 610 3112 esse
643 3056 888 3112 allii-met.

2129 679 2225 731 καὶ
2262 679 2361 732 οὐκ
2393 677 2515 731 ἐστὲ
2554 674 2797 739 ἐαυτῶν;
2840 671 3211 744 Ἠγορόισθητε
3242 670 3350 739 γὰρ
3380 667 3566 739 τιμῆς.
3603 668 3703 717 Δο-

2132 770 2329 835 ξάσατε
2365 768 2427 840 δὴ
2461 768 2550 821 τὸν
2594 767 2727 820 Θεὸν
2774 768 2832 818 ὲν
2879 764 2957 835 τῷ
3005 762 3215 833 σώματι
3262 760 3436 831 ὑμῶν.
3474 778 3494 810 ι
3547 759 3612 810 Εἰ
3642 757 3705 809 τὸ

2133 861 2358 932 Πνεῦμα
2382 858 2619 932 Χριστοῦ
2652 857 2927 923 λαϐόντες,
2953 856 3255 924 γεγόναμεν
3282 854 3403 907 ναοὶ
3430 849 3583 913 Θεοῦ,
3608 850 3707 901 καὶ

2132 953 2231 1005 οὐκ
2265 953 2430 1023 ἔσμεν
2460 950 2689 1017 ἑαυτῶν,
2726 947 3121 1018 ἁγορασθὲντες
3166 945 3245 1015 τῷ
3276 945 3467 1015 αἵματι
3515 939 3704 1003 αὐτοῦ,

2133 1045 2206 1109 ὡς
2257 1046 2454 1116 μηκέτι
2499 1044 2599 1115 ζῇν
2630 1044 2778 1115 ἡμᾶς
2810 1041 3044 1104 ἑαυτοῖς,
3081 1036 3215 1091 ἀλλὰ
3263 1035 3339 1107 τῷ
3388 1033 3704 1105 πριαμένῳ·

2138 1138 2256 1200 πῶς
2280 1139 2340 1191 οὐ
2371 1137 2502 1201 Θεὸς
2530 1137 2559 1189 6
2591 1134 2825 1208 Χριστὸς
2867 1134 3127 1203 ἐναργῶς,
3169 1132 3196 1184 6
3241 1130 3308 1182 δι’
3353 1128 3413 1181 ὃν
3456 1131 3550 1181 καὶ
3586 1125 3711 1179 ναοὶ

2137 1224 2272 1278 Θεοῦ
2309 1228 2476 1297 ὲσμεν
2505 1228 2686 1297 ἡμεῖς,
2714 1218 2760 1293 ᾧ
2787 1223 2883 1277 καὶ
2914 1222 2989 1284 ὡς
3017 1221 3136 1292 Θεῷ
3173 1220 3526 1289 δουλεύομενς

2220 1558 2237 1591 ι
2262 1539 2397 1610 Περὶ
2411 1538 2513 1607 τῆς
2542 1535 2797 1607 βρώσεως
2823 1532 2915 1588 οὖν
2936 1533 3043 1588 τῶν
3078 1530 3459 1593 εἰδωλοθύτων,
3490 1527 3719 1597 οἴδαμεν

2142 1632 2221 1685 ὅτι
2261 1630 2412 1684 οὐδὲν
2446 1629 2662 1682 εἴδωλον
2701 1630 2759 1680 ὲν
2788 1627 2998 1695 κόσμῳ,
3033 1625 3124 1678 καὶ
3152 1624 3233 1678 ὅτι
3264 1622 3437 1684 οὐδεὶς
3480 1620 3637 1685 Θεὸς,
3670 1621 3718 1670 εἰ
3756 1672 3761 1675 _

2148 1722 2222 1792 μὴ
2254 1715 2353 1783 εἷς.
2381 1719 2490 1773 Καὶ
2517 1718 2625 1789 γὰρ
2657 1718 2812 1789 εἴπερ
2847 1718 2953 1769 εἰσὶ
2968 1716 3247 1785 λεγόμενοι
3282 1712 3536 1777 θεοὶ,εῖτε
3551 1711 3610 1762 ὲν
3628 1708 3721 1760 οὐ·

2078 1859 2117 1912 Β
2151 1811 2314 1883 ρανῷ,
2364 1812 2472 1865 εἴτε
2522 1812 2615 1863 ἐπὶ
2658 1810 2759 1880 τῆς
2803 1811 2904 1879 γῆς
2951 1808 3160 1912 (ὦστξερ
3218 1806 3325 1859 εἰσὶ
3356 1804 3467 1858 θεοὶ
3508 1801 3720 1912 ϊιὶολὶάξζ

2149 1903 2243 1955 καὶ
2286 1901 2466 1975 κύριοι
2516 1900 2749 1970 πολλοὶ),
2795 1902 2925 1970 ἡμῖν
2955 1900 3011 1952 δὲ
3052 1895 3134 1961 εἷς
3169 1897 3301 1960 Θεὸς
3340 1897 3368 1948 6
3412 1894 3621 1964 Πατὴρ,
3664 1892 3726 1957 ἐξ

2147 1989 2208 2048 οῦ
2253 1994 2322 2047 τὰ
2366 1994 2563 2057 πάντα,
2596 1995 2691 2047 καὶ
2739 1993 2897 2061 ἡμεῖς
2942 1992 3022 2054 εις
3045 1990 3240 2043 αὐτόν·
3268 1988 3361 2042 καὶ
3395 1981 3473 2050 εἷς
3516 1984 3728 2055 Κύριος

2162 2084 2367 2156 Ἰησοῦς
2400 2084 2653 2156 Χριστος,
2676 2084 2743 2137 δι’
2776 2077 2837 2138 οῦ
2862 2083 2929 2136 τὰ
2954 2082 3151 2146 πάντα,
3175 2081 3269 2135 καὶ
3297 2081 3456 2150 ἡμεῖς
3513 2077 3581 2131 δι’
3620 2077 3727 2130 αὒ-

2148 2176 2264 2231 τοῦ.
2298 2196 2315 2227 ι
2352 2178 2417 2231 El
2444 2178 2605 2246 μόνος
2632 2171 2713 2239 εἷς
2740 2178 2857 2229 ὲστι
2878 2174 3031 2239 Θεὸς,
3066 2174 3159 2226 καὶ
3192 2173 3377 2243 ἕτερος
3404 2169 3534 2236 παρ’
3558 2168 3730 2222 αὑτὸν

2150 2269 2342 2335 οὐδεὶς,
2384 2267 2983 2339 συμπαραλαμϐάνεται
3005 2265 3059 2318 δὲ
3089 2265 3168 2328 εἰς
3197 2263 3297 2331 τὴν
3324 2262 3450 2332 μίαν
3480 2260 3577 2329 τῆς
3610 2259 3729 2311 θεό-

2150 2377 2309 2428 τητος
2333 2359 2492 2427 φύσιν
2520 2361 2548 2412 6
2570 2354 2650 2422 εἷς
2678 2358 2910 2430 Χριστὸς
2945 2355 3173 2428 Ἰησοῦς,
3223 2354 3289 2408 δι’
3318 2345 3380 2406 οῦ
3408 2352 3477 2405 τὰ
3506 2351 3729 2405 πάντα·

2152 2451 2281 2515 Θεὸς
2307 2446 2399 2503 οῦν
2424 2449 2531 2520 ἄρα
2557 2450 2707 2502 ἐστὶν
2738 2451 2796 2501 ὲν
2825 2447 3201 2516 ὁμοουσιότητι
3225 2444 3319 2496 τοῦ
3352 2441 3563 2512 [ἰατρὸς
3583 2440 3734 2491 νοούι

2157 2559 2317 2613 μενος
2339 2541 2553 2604 θεϊκῶς,
2576 2542 2669 2595 καὶ
2694 2541 2781 2593 ὅτε
2804 2539 3210 2611 κεχρημάτικεν
3239 2534 3443 2607 Ἰησοῦς
3463 2532 3733 2603 Χριστὸς,

2155 2634 2442 2704 γενόμενος
2488 2634 2551 2686 ὲκ
2604 2633 2881 2698 γυναικός.
2950 2630 3311 2700 Ἐπιτηρῆσαι
3366 2627 3422 2681 δὲ
3464 2624 3595 2697 χρὴ,
3647 2625 3735 2677 ὅτι

2156 2724 2388 2795 Χριστὸν
2428 2722 2632 2794 Ἰησοῦν
2668 2723 2962 2793 ὀνομάσας,
3001 2720 3067 2774 δι’
3103 2717 3269 2773 αὐτοῦ
3318 2718 3385 2771 τὰ
3426 2718 3603 2770 πάντα
3637 2730 3738 2782 γε·

2158 2814 2343 2868 νέσθαι
2376 2816 2564 2886 φησιν,
2594 2813 2670 2878 ὡς
2700 2814 2819 2876 ὲνὸς
2851 2812 3002 2875 ὄντος
3030 2810 3162 2864 Υἱοῦ
3195 2809 3317 2864 καθ’
3350 2810 3541 2864 ἕνωσιν
3578 2808 3734 2861 οἰκο-

2157 2907 2408 2978 νομικήν.

567 3168 584 3197 ι
620 3147 837 3217 Factus,
885 3150 1080 3218 inquit,
1126 3166 1244 3205 sum
1288 3150 1356 3206 iis
1395 3151 1487 3221 qui
1537 3151 1658 3207 sine
1702 3152 1822 3222 lege
1876 3165 2056 3217 erant,

2238 3185 2256 3217 ι
2314 3165 2630 3236 Ἐγενόμην,
2672 3166 2824 3236 φησὶ,
2872 3166 2983 3228 τοῖς
3033 3164 3253 3233 ἀνόμοις
3288 3162 3363 3226 ὡς
3398 3163 3620 3231 ἄνομος,
3664 3161 3743 3231 μὴ

494 3252 752 3310 tanquam
786 3243 902 3294 sine
954 3242 1069 3312 lege
1106 3258 1278 3297 essem
1307 3285 1321 3309 ,
1368 3258 1489 3298 cum
1525 3244 1642 3298 sine
1677 3244 1791 3315 lege
1820 3245 1911 3299 Dei
1958 3262 2057 3300 non

2166 3254 2243 3308 ὣν
2286 3256 2485 3327 ἄνομος
2516 3255 2653 3326 Θεῷ,
2700 3256 2814 3307 ἀλλ’
2860 3255 3080 3324 ἔννομος
3116 3252 3353 3324 Χριστῷ.
3404 3271 3423 3304 ι
3456 3252 3572 3304 Εἰὸ
3602 3252 3747 3321 Χρι-

492 3348 693 3398 essem,
746 3333 839 3385 sed
890 3335 942 3387 in
986 3332 1103 3400 lege
1137 3348 1312 3388 essent
1359 3334 1563 3389 Christi
1589 3336 1650 3387 ’⁸.
1687 3355 1706 3387 ι
1763 3336 1821 3390 Si
1866 3336 2064 3391 Christi

493 3424 667 3493 legem
705 3425 933 3489 habens,
965 3423 1058 3479 Dei
1100 3424 1268 3495 legem
1304 3425 1486 3494 habet,
1514 3428 1787 3497 quomodo
1822 3427 2067 3484 Christus

497 3531 604 3568 non
637 3524 721 3569 cst
748 3514 928 3569 Deus?

574 3624 592 3656 ι
621 3604 748 3660 Sine
792 3605 1089 3661 oliensione
1136 3614 1307 3661 estote
1335 3604 1536 3661 Judaeis
1584 3616 1638 3662 et
1693 3609 1968 3678 gentibus,
2014 3620 2069 3664 et

499 3696 755 3753 Ecclesiae
795 3696 887 3752 Dei
915 3698 978 3752 ³³.
1011 3717 1030 3751 ι
1074 3698 1309 3753 Adverte
1356 3699 1443 3753 hic
1478 3715 1727 3765 rursum,
1770 3702 1910 3770 quod
1949 3718 2068 3756 eam

504 3788 825 3854 Ecclesiam,
883 3805 1044 3859 quam
1094 3788 1189 3845 Dei
1238 3791 1339 3845 hoc
1393 3790 1513 3846 loco
1570 3791 1823 3862 appellat,
1870 3792 2070 3848 Christi

503 3896 625 3935 esse
658 3881 941 3949 intelligat.

582 3993 599 4025 ι
628 3973 763 4028 Volo
801 3985 982 4027 autem
1010 3989 1108 4028 vos
1158 3974 1323 4038 scire,
1376 3975 1518 4044 quod
1556 3976 1735 4030 omnis
1773 3976 1873 4029 viri
1916 3986 2076 4045 caput

503 4064 752 4118 Christus
780 4074 884 4129 est,
917 4076 1078 4134 caput
1126 4076 1306 4120 autem
1342 4067 1583 4121 mulieris
1616 4068 1726 4133 vir;
1763 4079 1922 4137 caput
1947 4083 2077 4123 vero

503 4152 705 4207 Christi
739 4152 881 4208 Dens
902 4154 968 4207 ’⁸.
1005 4172 1022 4205 ι
1061 4153 1260 4209 Beatus
1296 4153 1471 4210 Lucas
1501 4156 1626 4209 dum
1650 4155 1853 4211 Christi
1884 4171 2079 4227 genea-

506 4243 705 4313 logiam
733 4245 891 4311 texit,
920 4260 949 4297 a
981 4244 1180 4314 Joseph
1217 4260 1479 4308 exorsus,
1519 4246 1774 4316 paulatim
1805 4249 1869 4301 ad
1906 4246 2077 4301 Adam

505 4350 678 4404 usque
730 4338 995 4401 ascendit,
1052 4352 1115 4391 ac
1161 4338 1377 4391 tandem
1418 4338 1582 4391 infert
1611 4356 1625 4391 :
1652 4337 1756 4402 Qui
1803 4338 1903 4406 fuit
1942 4338 2078 4403 Dei,

509 4428 683 4495 ipsum
729 4429 983 4482 nimirum
1014 4440 1315 4483 creatorem
1352 4428 1519 4483 Deum
1553 4430 1807 4501 principii
1838 4430 1955 4485 loco
1986 4433 2081 4485 ho-

2170 3346 2295 3400 στοῦ
2333 3348 2495 3417 νόμον
2540 3347 2697 3417 ἔχων,
2733 3347 2894 3418 νόμον
2929 3346 3041 3417 ἔχει
3080 3345 3239 3412 Θεοῦ,
3279 3344 3396 3407 πῶς
3439 3344 3499 3396 οὑ
3545 3342 3686 3405 Θεὸς
3720 3343 3749 3393 ὁ

2167 3439 2397 3511 Χριστός
2419 3456 2435 3506 ;

2246 3635 2266 3669 ι
2321 3615 2683 3687 Ἀπρόσκοποι
2734 3614 2828 3667 καὶ
2878 3610 3148 3673 Ἰουδαίοις
3187 3607 3419 3677 γίνεσθε,
3468 3606 3566 3659 καὶ
3614 3604 3750 3657 Ἕλ-

2170 3707 2316 3777 λησι,
2346 3708 2440 3760 καὶ
2460 3708 2525 3776 τῇ
2576 3703 2870 3775 Ἐκκλησία
2899 3702 2993 3756 τοῦ
3025 3700 3179 3754 Θεοῦ.
3219 3718 3237 3750 ι
3276 3697 3639 3769 Σημειωτέον,
3664 3697 3751 3748 ὅτι

2172 3794 2307 3848 Θεοῦ
2336 3795 2511 3863 λέγων
2548 3795 2646 3865 τὴν
2706 3793 3053 3864 Ἐκκλησίαν,
3103 3788 3341 3861 Χριστοῦ
3386 3787 3551 3841 πάλιν
3602 3782 3754 3839 οἶδεν

2174 3889 2363 3957 αὑτήν.

2254 3999 2271 4031 ι
2317 3980 2466 4033 Θέλω
2503 3979 2559 4033 δὲ
2586 3979 2731 4049 ὑμᾶς
2760 3977 2980 4040 εἰδέναι,
3012 3976 3096 4028 ὅτι
3125 3976 3323 4040 παντὸς
3357 3973 3551 4044 ἀνδρὸς
3584 3972 3618 4040 ἡ
3655 3987 3754 4024 κα-

2177 4069 2320 4140 φαλὴ
2348 4071 2377 4122 ὁ
2403 4068 2636 4138 Χριστός
2673 4069 2819 4120 ἐστι·
2852 4065 3062 4136 κεφαλὴ
3104 4065 3161 4117 δὲ
3193 4064 3470 4133 γυναικὸς,
3496 4064 3527 4115 ὁ
3573 4061 3753 4131 ἁνήρ·

2180 4160 2389 4232 κεφαλὴ
2412 4161 2468 4213 δὲ
2496 4158 2755 4231 Χριστοῦ,
2784 4161 2813 4212 6
2864 4158 3015 4221 Θεός.
3053 4176 3070 4209 ι
3122 4157 3180 4209 '0
3217 4156 3484 4228 μακάριος
3532 4155 3759 4215 Λουκᾶς

2179 4252 2278 4324 τὴν
2310 4252 2437 4322 περὶ
2462 4248 2698 4322 Χριστοῦ
2725 4247 3075 4317 γενεαλογίαν
3103 4250 3233 4319 ἡμῖν
3268 4246 3558 4310 συντιθεὶς,
3593 4246 3759 4316 ἆρχε-

2178 4358 2269 4394 ται
2302 4339 2399 4411 μὲν
2433 4338 2541 4392 ἀπὸ
2567 4337 2659 4391 τοῦ
2695 4337 2912 4408 Ἰωσὴφ,
2939 4336 3057 4390 εἶτα
3085 4337 3295 4407 φθάσας
3317 4336 3407 4387 ἐπὶ
3429 4335 3521 4387 τὸν
3557 4334 3761 4403 Ἀδὰμ,

2183 4433 2453 4503 ἐπιφέρει,
2488 4431 2686 4498 λέγων,
2740 4431 2851 4484 Τοῦ
2888 4428 3071 4485 Θεοῦο
3127 4430 3300 4500 ἀρχὴν
3345 4427 3425 4498 τῷ
3476 4426 3766 4497 ἀνθρώπῳ

508 4520 643 4573 mini
689 4520 969 4588 assignans
996 4521 1059 4573 ".
1111 4519 1237 4574 Pari
1298 4521 1481 4590 itaque
1537 4520 1698 4575 modo
1742 4522 1920 4577 omnis
1976 4523 2057 4576 vir

2182 4526 2352 4589 τιθεὶς
2381 4527 2472 4578 τὸν
2501 4526 2805 4595 ποιήσαντα
2837 4522 2990 4576 Θεόν.
3032 4519 3216 4585 Οὕτως
3242 4517 3380 4573 εἷναί
3418 4535 3598 4589 φαμεν
3626 4536 3766 4571 παν-

509 4620 675 4681 caput
710 4608 981 4665 Christum
1014 4611 1336 4677 deﬁnimus;
1379 4628 1475 4681 per
1505 4613 1677 4682 ipsum
1714 4615 1856 4668 enim
1886 4614 2077 4667 condi-

510 4716 597 4757 tus
629 4712 681 4757 et
712 4704 779 4756 ad
834 4714 1012 4759 ortum
1045 4696 1264 4759 evectus
1292 4713 1372 4757 est
1403 4721 1416 4757 :
1456 4721 1561 4758 non
1594 4707 1738 4773 quod
1782 4705 1874 4759 Dei
1910 4704 2081 4759 Filius

512 4799 807 4853 creationis
841 4799 984 4853 illius
1013 4799 1433 4852 instrumentum
1465 4799 1547 4853 vel
1582 4800 1830 4853 minister
1856 4800 2080 4852 exstite-

510 4893 613 4958 rit;
657 4892 749 4945 sed
786 4890 929 4960 quod
961 4901 1213 4961 tanquam
1256 4891 1515 4946 naturalis
1552 4908 1729 4946 rerum
1770 4890 1962 4960 Opifex
2000 4891 2078 4945 di-

511 4985 637 5037 vina
671 4984 867 5037 virtute
896 4983 1042 5036 illum
1068 4985 1401 5053 produxerit.
1429 4985 1606 5050 Caput
1627 4994 1810 5039 autem
1840 4984 2081 5037 mulieris

513 5084 598 5129 est
633 5074 747 5140 vir,
783 5075 1218 5144 quandoquidem
1259 5093 1324 5132 ex
1362 5092 1526 5132 carne
1550 5077 1691 5131 illius
1720 5087 1930 5144 sumpta
1976 5083 2079 5139 est,

514 5168 802 5236 ipsamque
848 5176 1105 5236 tanquam
1137 5168 1407 5237 quoddam
1438 5168 1548 5241 64
1572 5169 1651 5223 sui
1702 5168 1913 5222 initium
1949 5183 2082 5221 sor—

515 5260 612 5313 tita
652 5268 756 5314 est.
804 5259 978 5329 Caput
1013 5259 1198 5315 itidem
1237 5260 1435 5316 Christi
1472 5263 1615 5317 Deus
1649 5270 1732 5316 est
1761 5280 1774 5314 :
1809 5260 2074 5329 siquidem

2180 4618 2271 4681 τὸς
2299 4617 2490 4687 ἀνδρὸς
2528 4616 2766 4685 κεφαλὴν
2797 4614 2887 4667 τὸν
2918 4614 3149 4683 Χριστόν
3174 4630 3186 4642 ·
3216 4612 3505 4680 πεποίηται
3540 4609 3658 4679 γὰρ
3696 4610 3766 4662 δι’

2182 4708 2368 4771 αὐτοῦ,
2398 4708 2493 4761 καὶ
2527 4707 2781 4778 παρήχθη
2828 4705 2965 4776 πρὸς
2996 4706 3241 4773 γένεσινο
3283 4705 3380 4773 οὐχ
3404 4703 3768 4771 ὑπουργικῶς

2184 4800 2459 4864 κτίζοντος
2491 4800 2651 4853 αὐτὸν
2680 4798 2771 4852 τοῦ
2821 4799 2975 4864 Υἱοῦ,
3006 4796 3335 4869 θεουργικῶς
3366 4796 3391 4834 k
3432 4795 3489 4847 δὲ
3530 4793 3768 4863 μᾶλλον,

2185 4892 2260 4954 ὼς
2297 4892 2454 4961 φύσει
2489 4892 2854 4963 Δημιουργοῦ.
2889 4891 3116 4961 Κεφαλὴ
3159 4891 3214 4943 δὲ
3251 4888 3502 4957 γυναικὸς
3530 4888 3560 4938 ὁ
3593 4887 3766 4955 ἀνὴρ,

2186 4985 2267 5037 ὅτι
2308 4986 2371 5036 ἐκ
2398 4984 2495 5053 τῆς
2542 4985 2739 5054 σαρκὸς
2780 4984 2944 5037 αὑτοῦ
2992 4983 3221 5053 ἐλήφθη,
3252 4980 3345 5034 καὶ
3374 4979 3536 5033 αὐτὸν
3569 4978 3771 5049 ὥσπερ

2189 5076 2301 5144 ἔχει
2338 5076 2436 5145 τὴν
2480 5079 2675 5147 ἀρχὴν.
2720 5077 2947 5147 Κεφαλὴ
2980 5077 3037 5131 δὲ
3074 5077 3273 5146 ὁμοίως
3317 5073 3408 5126 τοῦ
3440 5072 3690 5143 Χριστοῦ
3744 5075 3772 5125 ὁ

2189 5167 2341 5233 Θεὸς,
2380 5168 2459 5220 ὃτι
2505 5168 2565 5232 ἐξ
2593 5168 2758 5221 αὑτοῦ
2799 5168 2937 5223 κατὰ
2977 5168 3166 5237 φύσιν·
3218 5165 3543 5235 γεγέννηται
3592 5162 3712 5232 γὰρ
3745 5165 3773 5215 6

2187 5260 2356 5328 Λόγος
2387 5262 2451 5313 ὲκ
2479 5266 2571 5313 τοῦ
2605 5261 2738 5314 Θεοῦ
2770 5261 2862 5315 καὶ
2899 5261 3130 5332 Πατρός.
3165 5256 3295 5312 Εἶτα
3330 5257 3445 5320 πῶς
3477 5257 3538 5309 οὐ
3570 5256 3712 5317 Θεὸς
3742 5258 3771 5309 6

586 5426 631 5456 υ
669 5427 685 5476 1
720 5424 845 5480 Cor.
879 5439 959 5489 vr,
1005 5423 1093 5490 19,
1125 5421 1216 5478 90.
1294 5422 1341 5454 ³³
1368 5420 1383 5475 l
1410 5422 1535 5477 Cor.
1569 5434 1684 5495 vni,
1726 5419 1843 5474 4-6.
1924 5418 1967 5450 ³⁸
1998 5418 2016 5471 Ι
2048 5424 2057 5467 t

2159 5458 2173 5473 .
2203 5434 2279 5483 Ix,
2312 5418 2403 5473 "Zl.
2478 5419 2524 5451 ”
2561 5419 2579 5472 Ι
2609 5420 2735 5475 Cor.
2759 5437 2812 5485 ιι,
2840 5418 2929 5475 52.
3006 5420 3051 5451 ’⁸
3084 5416 3247 5474 lCor.
3282 5414 3467 5482 511,5.
3544 5416 3590 5446 ⁸⁷
3626 5410 3771 5469 Luc.

518 5511 604 5558 ιιι,
630 5495 715 5549 58.

1605 5648 1777 5704 Varias
1803 5645 2057 5703 lectiones
2092 5647 2296 5705 codicis
2330 5646 2682 5719 Seguieriani.

582 5782 611 5824 ι
637 5780 852 5848 θεῖκῶς.
