4044 6332
302 395 438 449 I‘lb‘l

1396 382 1484 436 le.
1524 380 1751 437 IIECTA
1791 380 1947 435 FIDE
1987 379 2076 433 AD
2122 374 2445 432 REGINAS.

3418 366 3549 420 ΙΞῖιῖ

297 509 551 575 Χριστὸς,
597 499 657 561 οὗ
693 505 903 575 κεφαλὴ
933 504 1168 557 τέθειται
1218 502 1355 555 κατὰ
1390 501 1552 570 φύσιν
1578 502 1606 553 6
1643 500 1869 569 Πατήρς

1986 498 2301 552 naturaliter
2352 511 2417 548 ex
2469 493 2586 561 ipso
2630 496 2734 543 est.
2784 487 3016 543 Verbum
3066 502 3298 555 namque
3337 501 3402 539 ex
3446 487 3552 540 Deo

297 602 534 673 Χριστὸν
562 600 619 653 δὲ
656 601 784 653 ὅταν
812 597 1046 665 λέγοιμι,
1099 597 1156 647 ὲν
1190 594 1505 664 ἀνθρωπεία
1548 594 1729 663 μορφῇ
1773 607 1869 642 πε-

302 695 509 765 φηνότα
535 694 625 746 τὸν
652 690 788 744 Θεοῦ
818 690 986 756 Λόγον
1018 686 1203 740 ἐννοῶ.

1979 598 2034 642 et
2072 588 2232 640 Patre
2278 583 2517 654 genitum
2564 589 2665 635 est.
2711 578 2828 631 Jam
2866 594 2971 646 qua
3029 579 3240 632 ratione
3283 576 3549 638 Christus,

1979 679 2133 748 cuius
2190 684 2354 747 caput
2399 674 2694 729 secundum
2746 680 2994 724 naturam
3036 668 3242 736 positus
3295 679 3379 722 est
3414 668 3552 720 Dens

310 762 495 848 I'ater,
536 800 639 839 non
664 785 769 839 erit
802 782 1137 838 Deus?Cum
1162 790 1340 835 autem
1379 779 1655 834 Christum
1681 774 1912 845 appello,
1954 772 2045 827 Dei
2079 771 2254 825 Patris
2302 767 2533 822 Verbum
2585 764 2852 832 intelligo,
2886 763 3028 832 quod
3084 762 3138 814 in
3176 762 3409 815 humana
3451 776 3550 814 na-

320 891 440 931 tura
477 876 747 944 apparuit.

381 990 400 1021 ι
444 970 535 1022 Διὸ
562 966 815 1040 γνωρίζω
846 966 995 1037 ὑμῖν,
1026 968 1105 1019 ὅτι
1130 965 1305 1029 οὐδεὶς
1333 966 1392 1018 ὲν
1434 962 1712 1033 Πνεύματι
1735 959 1872 1014 Θεοῦ

302 1061 505 1126 λαλῶν,
534 1060 681 1129 λέγει
729 1058 973 1129 ἀνάθεμα
1013 1058 1220 1127 Ἰησοῦν
1244 1073 1258 1085 ·
1308 1058 1402 1109 καὶ
1433 1056 1607 1118 οὐδεὶς
1654 1054 1876 1129 δύνρται

304 1155 498 1215 εἰπεῖν,
536 1151 738 1220 Κύριος
791 1149 1018 1218 Ἰησοῦς,
1066 1150 1113 1202 εἰ
1166 1149 1240 1219 μὴ
1289 1149 1347 1201 ὲν
1398 1147 1674 1218 Πνεύματι
1713 1146 1872 1214 ἁγίῳ.

304 1243 605 1314 Διαιρέσεις
632 1242 688 1294 δὲ
712 1239 1065 1311 χαρισμάτων
1094 1240 1221 1302 εἰσι,
1273 1238 1335 1291 τὸ
1368 1237 1425 1289 δὲ
1460 1237 1592 1288 αὐτὸ
1614 1234 1835 1305 Πνεῦμα
1856 1250 1868 1263 ·

304 1335 401 1387 καὶ
436 1332 727 1403 διαιρέσεις
775 1329 1058 1383 διακονιῶν
1100 1330 1256 1391 εἰσιν,
1288 1330 1317 1380 6
1349 1327 1404 1380 δὲ
1430 1325 1592 1389 αὐτὸς
1633 1325 1834 1395 Κύριος
1856 1337 1870 1353 ·

304 1425 400 1478 καὶ
448 1423 739 1494 διαιρέσεις
784 1420 1175 1492 ἐνεργημάτων
1204 1419 1363 1481 εἰσιν,
1395 1419 1423 1471 6
1467 1417 1524 1471 δὲ
1554 1416 1715 1477 αὐτὸς
1743 1415 1875 1478 Θεὸς

302 1520 330 1569 6
358 1515 595 1588 ἐνεργῶν
636 1516 752 1567 ἐστι
790 1513 858 1567 τὰ
886 1514 1062 1566 πάντα
1098 1515 1155 1564 ὲν
1187 1513 1372 1564 πᾶσιν.
1418 1529 1437 1562 ι
1483 1510 1543 1561 Ei
1579 1509 1640 1561 τὸ
1673 1508 1871 1576 λέγειν,

303 1610 385 1663 ὅτι
416 1609 515 1661 οὐκ
560 1606 674 1660 ἔστι
702 1606 861 1674 φύσει
900 1606 993 1659 καὶ
1034 1604 1261 1674 ἀληθείᾳ
1288 1602 1420 1664 Θεὸς
1448 1606 1476 1656 ὁ
1502 1600 1757 1672 Χριστὸς,
1789 1600 1878 1651 οὐ·

302 1703 393 1754 δὲν
420 1700 606 1770 ἕτερόν
636 1699 803 1763 ἐστιν,
844 1697 876 1768 ἢ
918 1698 1091 1749 εἰπεῖν
1119 1694 1365 1764 ἀνάθεμα
1406 1694 1643 1764 Ἰησοῦν,
1693 1692 1728 1744 ἁ
1787 1691 1878 1742 ὲκ·

307 1792 594 1847 ϐάλλοντες
618 1790 781 1843 αὐτὸν
806 1789 899 1840 τοῦ
926 1786 1064 1840 εἶναι
1094 1787 1234 1839 κατὰ
1260 1785 1518 1856 ἀλήθειαν
1556 1781 1753 1852 Ἰησοῦ,
1778 1781 1878 1833 οὐκ

2057 978 2076 1011 ‹
2110 955 2235 1013 Ideo
2270 964 2453 1009 notum
2485 952 2638 1007 vobis
2683 950 2839 1010 facio,
2876 947 3018 1015 quod
3062 960 3227 999 nemo
3250 945 3302 997 in
3350 944 3553 1011 Spiritu

1980 1050 2073 1105 Dei
2120 1049 2366 1117 loquens,
2399 1045 2527 1098 dicit
2565 1044 2853 1096 anathema
2882 1037 3007 1092 Jesu
3038 1055 3051 1090 :
3084 1046 3138 1089 et
3189 1052 3356 1090 nemo
3378 1045 3552 1103 potest

1978 1143 2185 1203 dicere,
2224 1138 2484 1192 Dominus
2512 1134 2696 1197 Iesus,
2734 1133 2838 1188 nisi
2883 1132 2935 1183 in
2976 1128 3184 1197 Spiritu
3214 1138 3422 1181 sancto.
3461 1127 3554 1179 Di-

1978 1232 2220 1286 visiones
2271 1243 2399 1281 vero
2449 1226 2747 1295 gratiarum
2779 1230 2926 1285 sunt,
2976 1221 3118 1274 idem
3164 1230 3343 1273 autem
3380 1218 3553 1287 Spiri-

1980 1334 2065 1377 tus
2096 1340 2110 1376 :
2137 1330 2192 1375 et
2238 1319 2535 1373 divisiones
2577 1314 3037 1369 ministrationum
3078 1320 3225 1372 sunt,
3277 1311 3415 1363 idem
3453 1326 3555 1361 au-

1981 1423 2087 1468 tem
2146 1409 2452 1464 Dominus:
2495 1417 2551 1461 et
2608 1405 2905 1460 divisiones
2969 1402 3346 1472 operationum
3399 1409 3550 1460 sunt,

1982 1505 2122 1558 idem
2174 1516 2304 1555 vero
2354 1500 2521 1563 Deus,
2584 1497 2677 1566 qui
2723 1504 2985 1564 operatur
3033 1493 3213 1547 omnia
3266 1493 3317 1545 in
3374 1491 3554 1543 omni-

1988 1593 2087 1646 bus
2113 1592 2183 1645 ".
2213 1611 2231 1643 ι
2273 1590 2417 1644 Sane
2457 1590 2501 1643 si
2556 1587 2691 1642 nihil
2739 1586 2883 1639 aliud
2932 1594 3014 1640 est
3060 1585 3242 1638 dicere
3279 1582 3555 1636 Christum

1982 1699 2087 1738 non
2130 1698 2252 1737 esse
2295 1696 2480 1733 verum
2514 1689 2566 1732 et
2606 1676 2909 1731 naturalem
2951 1676 3138 1737 Deum,
3172 1689 3333 1743 quam
3372 1674 3555 1725 dicere

1979 1781 2263 1829 anathema
2295 1771 2479 1826 Jesum
2510 1810 2524 1835 ,
2560 1770 2652 1838 qui
2692 1770 2843 1822 illum
2895 1767 3068 1836 reipsa
3099 1764 3281 1819 Iesum
3323 1780 3443 1818 esse
3473 1765 3555 1816 in-

308 1884 366 1932 ἐν
406 1878 546 1949 ἁγίῳ
585 1876 862 1947 Πνεύματι
899 1876 1059 1930 τοῦτο
1102 1875 1335 1928 ποιοῦσι·
1396 1876 1487 1927 καὶ
1526 1876 1574 1925 εἰ
1627 1872 1725 1934 τὰς
1771 1870 1881 1924 τῶν

1987 1863 2257 1925 ﬁciuntur,
2306 1861 2380 1915 illi
2416 1861 2602 1927 utique
2647 1859 2699 1911 in
2744 1858 2945 1927 Spiritu
2976 1866 3167 1911 sancto
3199 1855 3345 1909 istud
3382 1854 3556 1907 neuti-

308 1970 663 2041 χαρισμάτων
693 1966 986 2038 διαιρέσεις
1014 1967 1142 2019 ποτὲ
1173 1965 1272 2035 μὲν
1302 1966 1544 2034 ἐνεργεῖν
1582 1962 1639 2015 τὸ
1656 1960 1882 2031 Πνεῦμὰ

308 2077 463 2128 φησι,
493 2059 621 2112 ποτὲ
659 2058 717 2110 δὲ
745 2058 837 2109 τὸν
879 2054 1040 2109 αὑτὸν
1072 2056 1296 2127 Κύριον,
1325 2054 1455 2107 ποτε
1494 2053 1551 2106 δὲ
1594 2053 1686 2105 τὸν
1718 2051 1881 2108 αὐτὸν

307 2150 473 2211 Θεὸν,
525 2143 665 2200 οἶδεν
701 2147 807 2217 ἄρα
858 2146 988 2198 Θεὸν
1024 2144 1154 2197 ὄντα
1201 2144 1456 2213 Χριστὸν,
1503 2143 1594 2195 τὸν
1627 2144 1703 2206 ὡς
1749 2141 1884 2195 Θεὸν

308 2238 634 2310 ἐνεργοῦντα
660 2238 750 2290 διὰ
778 2234 871 2288 τοῦ
913 2235 1246 2305 Πνεύματος,
1278 2236 1371 2287 καὶ
1404 2235 1477 2296 ὡς
1509 2234 1713 2302 Κύριον
1742 2231 1883 2285 κατὰ

311 2330 473 2399 φύσιν
507 2329 832 2399 διανέμοντα
875 2330 990 2399 μετ’
1026 2326 1293 2393 ἐξουσίας,
1334 2327 1522 2395 ὥσπερ
1569 2325 1635 2377 ἂν
1686 2325 1880 2388 ἕλοιτο,

308 2422 406 2481 τὰς
448 2419 654 2473 ἄνωθεν
682 2419 907 2490 δωρεάς.
947 2416 1337 2487 Μνημονεῦσαι
1379 2417 1433 2469 δὲ
1469 2417 1567 2478 δεῖ,
1602 2417 1683 2468 ὅτι
1731 2416 1823 2467 καὶ
1854 2416 1883 2468 6

314 2511 522 2573 Παῦλος
564 2511 667 2580 ἔφη
704 2511 831 2581 περὶ
862 2510 1118 2579 Χριστοῦ,
1163 2509 1238 2573 ὡς
1286 2510 1679 2581 ὲνεργήσαντος
1714 2508 1881 2561 αὑτοῦ

309 2604 367 2655 ὲν
396 2602 620 2673 δυνάμει
656 2602 970 2672 ΙΙνεύματος
1002 2600 1179 2671 ἁγίου·

386 2856 405 2889 ε
451 2838 560 2890 Καὶ
595 2837 690 2901 οὓς
716 2838 814 2910 μὲν
843 2838 994 2892 ἔθετο
1021 2841 1048 2893 6
1072 2839 1203 2903 Θεὸς
1230 2841 1287 2893 ἐν
1312 2843 1377 2911 τῇ
1416 2843 1711 2914 Ἐκκλησία
1739 2843 1884 2914 πρῶ-

311 2946 403 2982 τον
435 2931 783 2994 ἀποστόλους,
810 2930 1059 3003 δεύτερον
1091 2936 1393 3004 προφήτας,
1422 2935 1603 3005 τρίτον
1628 2936 1882 2991 διδασκά-

312 3020 456 3085 λους,
481 3021 669 3074 ἔπειτα
689 3021 967 3092 δυνάμεις,
991 3020 1109 3077 εἶτα
1137 3024 1186 3063 Ιι·
1212 3023 1525 3097 χαρίσματα
1562 3025 1828 3097 ἰαμάτων.
1854 3047 1874 3081 ι

314 3110 447 3163 Θεοῦ
488 3111 780 3181 λεγομένου
820 3112 994 3167 ταῦτα
1039 3113 1358 3184 κατορθοῦν,
1391 3116 1623 3185 Χριστὸς
1671 3120 1698 3171 6
1730 3120 1881 3188 ὲνερ·

1982 1968 2141 2021 quam
2197 1950 2424 2005 faciunt.
2489 1949 2727 2003 Rursum
2801 1948 2845 2001 si
2907 1948 3205 2015 gratiarum
3261 1945 3556 1998 divisiones

1983 2043 2257 2096 interdum
2320 2042 2609 2110 Spiritum,
2670 2052 3055 2104 nonnunquam
3113 2051 3239 2089 vero
3301 2035 3548 2089 eumdem

1987 2132 2306 2197 Dominum,
2344 2128 2637 2200 aliquando
2669 2137 2851 2181 autem
2878 2126 3125 2181 eumdem
3151 2125 3313 2178 Deum
3343 2120 3555 2191 operari

1982 2226 2291 2295 proﬁtetur,
2328 2224 2607 2277 Christum
2642 2235 2775 2289 ergo
2822 2220 2987 2272 Deum
3034 2232 3286 2272 essenon
3323 2217 3556 2283 ignorat,

1981 2316 2073 2384 qui
2108 2331 2208 2384 per
2234 2313 2499 2383 Spirittun
2524 2320 2780 2381 operetur
2810 2320 2869 2363 ut
2900 2309 3061 2373 Deus,
3091 2309 3289 2377 quique
3317 2307 3556 2360 cmleSIia

1982 2406 2166 2467 dona,
2217 2402 2635 2472 quibuscunque
2685 2410 2737 2453 et
2782 2401 3267 2468 quomodocunque
3306 2397 3553 2460 voluerit,

1984 2507 2242 2564 tanquam
2285 2503 2481 2546 natura
2533 2490 2794 2544 Dominus
2836 2505 2941 2542 non
2992 2489 3197 2556 absque
3235 2486 3559 2540 auctoritate

1983 2585 2296 2640 distribuat.
2324 2582 2476 2649 Quod
2501 2590 2677 2635 autem
2714 2579 2964 2633 Christus
3010 2577 3063 2630 in
3092 2579 3294 2630 virtute
3327 2576 3559 2644 Spiritus

1983 2678 2163 2731 sancti
2195 2686 2472 2744 operetur,
2512 2672 2562 2727 id
2604 2670 2798 2724 Paulus
2838 2671 2903 2723 de
2938 2685 3001 2723 eo
3030 2670 3252 2737 loquens
3296 2666 3555 2733 ejusmodi

1981 2767 2228 2823 oratione
2258 2765 2512 2832 deinceps
2543 2762 2796 2830 explanat
2833 2777 2848 2812 :

2059 2879 2079 2910 ‹
2111 2857 2405 2925 Quosdam,
2438 2853 2633 2924 inquit,
2661 2853 2841 2921 posuit
2865 2854 3003 2909 Deus
3047 2854 3109 2917 in_
3148 2851 3412 2912 Ecclesia,
3450 2847 3559 2915 pri-

1985 2959 2129 2997 mum
2176 2944 2471 3009 apostolos,
2520 2939 2757 2993 secundo
2796 2939 3108 3007 prophetas,
3168 2936 3328 2989 tertio
3370 2934 3556 2986 docto-

1985 3049 2094 3098 res,
2117 3031 2309 3087 deinde
2333 3030 2564 3085 virtutes
2589 3070 2605 3096 ,
2634 3030 2828 3084 exinde
2858 3028 3060 3098 gratias
3085 3027 3424 3080 curationum
3443 3023 3507 3075 ".
3536 3041 3553 3072 ι

1984 3122 2117 3178 Cum
2179 3123 2320 3176 Deus
2396 3120 2587 3176 istlmc
2648 3120 2863 3175 allicere
2946 3118 3337 3186 perhibeatur,
3403 3112 3561 3168 Chri-

313 3204 488 3274 γήσας
533 3206 713 3261 ἐστίν·
749 3206 900 3259 ἔθετο
944 3206 1054 3278 γὰρ
1080 3208 1201 3269 τοὺς
1242 3206 1577 3271 ἀποστόλους
1623 3209 1781 3273 αὐτὸς
1825 3210 1881 3262 ὲν

1987 3224 2101 3270 stus
2131 3212 2335 3281 estqui
2384 3223 2640 3282 cperatur
2675 3228 2688 3263 :
2743 3209 3178 3280 quandoquidem
3231 3207 3275 3261 is
3323 3214 3437 3269 est,
3467 3204 3557 3272 qui

310 3300 379 3367 τῇ
421 3297 739 3369 Ἐκκλησία,
767 3299 865 3352 καὶ
906 3298 1085 3369 μέντοι
1125 3303 1220 3352 καὶ
1247 3298 1622 3363 διδασκάλους,
1661 3301 1885 3371 ἐνεργῆ.

317 3405 406 3440 σαι
436 3388 528 3440 καὶ
561 3388 850 3459 δυνάμεις·
881 3390 1078 3452 δέδωκε
1111 3389 1217 3462 γὰρ
1261 3390 1510 3456 ἐξουσίαν
1554 3393 1667 3454 τοῖς
1709 3393 1884 3461 ἁγίοις

320 3481 609 3551 μαθηταῖς,
656 3481 979 3551 θεραπεύειν
1010 3483 1191 3536 πᾶσαν
1226 3482 1381 3536 νόσον
1422 3485 1516 3537 καὶ
1554 3485 1737 3539 πᾶσαν
1778 3504 1886 3557 μα-

317 3572 511 3627 λακίαν
543 3575 600 3627 ὲν
623 3572 700 3644 τῷ
731 3572 865 3644 λαῷ.

394 3768 414 3800 ‹
471 3748 529 3803 '0
572 3750 863 3821 ἀσπασμὸς
898 3753 964 3821 τῇ
996 3751 1100 3821 ὲμῇ
1151 3751 1296 3821 χειρὶ
1338 3751 1571 3806 Παύλου.
1620 3754 1686 3806 Et
1707 3770 1790 3818 τις
1823 3755 1886 3807 οὗ

316 3842 464 3908 φιλεῖ
494 3843 585 3895 τὸν
625 3842 841 3913 Κύριον,
879 3844 993 3914 ἦτω
1033 3844 1300 3915 ἀνάθεμα,
1338 3845 1645 3915 μαραναθᾶ.
1684 3865 1702 3899 ι
1744 3849 1889 3918 Ἀρα

317 3933 439 3985 τίνα
473 3936 606 4003 φησι
645 3935 849 4006 Κύριον
877 3940 933 3989 ὲν
960 3937 1206 4003 τούτοις;
1239 3939 1441 4009 Κύριος
1480 3938 1578 4007 μὲν
1607 3940 1716 4011 γὰρ
1758 3942 1887 4011 όμο-

317 4024 679 4095 λογουμένως,
732 4028 824 4081 καὶ
879 4028 1040 4091 αὐτὸς
1097 4028 1261 4091 Υἱός·
1323 4029 1523 4099 ὁμοίως
1577 4030 1633 4083 δὲ
1684 4032 1778 4084 καὶ
1829 4030 1890 4083 τὸ

320 4117 544 4188 Πνεῦμα
564 4135 577 4147 ο
614 4138 631 4169 ι
674 4119 730 4172 '0
752 4120 859 4190 γὰρ
884 4120 1107 4190 Κύριος,
1141 4121 1296 4193 φησὶ,
1320 4121 1382 4175 τὸ
1403 4120 1626 4193 Πνεῦμά
1657 4123 1825 4175 ἐστιν.
1865 4142 1884 4174 ι

332 4210 389 4262 ’0
433 4209 489 4261 δέ
540 4227 602 4277 γε
645 4210 735 4262 τοῦ
790 4213 1059 4284 μακαρίου
1098 4212 1541 4277 Παύλουσκοπὸς
1587 4216 1642 4267 ὲν
1678 4214 1889 4276 τούτοις

321 4304 400 4365 εἰς
425 4301 587 4354 αὑτὸν
612 4306 941 4357 συνετείνετο
968 4304 984 4344 ι
1008 4306 1098 4358 τὸν
1136 4306 1360 4377 Ἰησοῦν.
1396 4326 1414 4358 ι
1453 4304 1545 4370 Εἷς
1569 4306 1699 4378 γὰρ,
1730 4308 1885 4378 φησι,

323 4392 543 4461 Κύριος,
575 4391 779 4463 Ἰησοῦς
806 4396 1059 4466 Χριστός.
1101 4416 1119 4447 ι
1169 4397 1576 4466 Ἀναθεματίζει
1597 4398 1775 4451 τοίνυν
1800 4398 1889 4451 τὸν

325 4483 399 4550 μὴ
430 4480 685 4550 φιλοῦντα
712 4483 890 4538 αὐτόν.
924 4486 997 4538 Ού
1031 4485 1173 4553 φιλεί
1197 4485 1251 4538 δὲ
1275 4486 1458 4549 αὑτὸν,
1487 4488 1515 4537 ὀ
1537 4487 1673 4557 μήτε
1706 4486 1883 4554 φύσει,

1991 3303 2269 3373 apostolos
2296 3302 2350 3355 in
2385 3301 2629 3356 Ecclesia
2662 3300 2966 3363 collocavit,
2995 3302 3193 3367 quique
3228 3299 3475 3352 doctores
3506 3295 3560 3347 in

1986 3396 2172 3451 eadem
2215 3394 2474 3458 instituit,
2525 3393 2722 3462 quibus
2751 3405 2987 3461 quoque,
3014 3400 3071 3443 ut
3107 3390 3334 3442 virtutes
3370 3401 3561 3456 Opera-

1986 3498 2193 3551 rentur,
2228 3486 2336 3539 vim
2380 3484 2675 3552 impertivit
2700 3502 2713 3538 :
2741 3483 2887 3537 dedit
2920 3496 3151 3549 namque
3180 3478 3384 3534 sanctis
3426 3492 3559 3544 apo-

1987 3575 2140 3632 stolis
2187 3583 2545 3644 potestatem,
2604 3582 2663 3626 ut
2712 3586 2873 3627 omne
2922 3571 3233 3624 morborum
3283 3566 3561 3636 aegritudi-

1990 3682 2227 3736 numque
2256 3680 2425 3736 genus
2453 3666 2505 3719 in
2550 3663 2747 3734 populo
2777 3661 3141 3732 grassantium
3176 3666 3449 3712 curarent.

2064 3778 2082 3811 ‹
2114 3758 2379 3815 Salutatio
2420 3772 2539 3812 mea
2585 3772 2748 3811 manu
2788 3754 2936 3808 Pauli
2972 3771 2990 3807 :
3021 3752 3077 3808 Si
3118 3752 3240 3821 quis
3271 3766 3374 3803 non
3416 3758 3560 3802 amat

1989 3852 2273 3907 Dominum
2300 3890 2316 3915 ,
2354 3850 2426 3904 sit
2465 3850 2775 3911 anathema,
2810 3840 3127 3901 maranatha
3153 3844 3223 3897 ³ο.
3265 3862 3282 3893 ι
3320 3842 3555 3909 Ecquam

1990 3946 2237 4009 obsecro,
2318 3943 2601 3997 Dominum
2655 3941 2757 3996 hoc
2810 3939 2926 3994 loco
2981 3938 3170 3993 vocat?
3214 3938 3263 3989 in
3312 3934 3561 3989 confesso

1992 4043 2075 4088 est
2108 4034 2273 4098 enim,
2310 4043 2414 4087 tam
2465 4031 2638 4099 ipsum
2667 4028 2887 4092 Filium,
2922 4042 3083 4097 quam
3130 4025 3390 4093 Spiritum
3423 4039 3560 4092 quo-

1994 4142 2097 4194 quc
2149 4134 2390 4180 sanctum
2428 4123 2709 4178 Dominum
2735 4124 2937 4188 vocari,
2971 4132 3023 4177 et
3068 4121 3355 4177 Dominum
3387 4133 3506 4173 esse
3543 4136 3559 4172 ι

1994 4222 2251 4287 scriptum
2305 4228 2388 4273 est
2444 4218 2631 4272 enim:
2692 4236 2711 4269 ‹
2762 4215 2998 4286 Spiritus
3045 4215 3302 4269 Dominus
3333 4222 3415 4267 est
3437 4214 3501 4265 ³⁸.
3538 4231 3557 4262 ι

1995 4310 2138 4366 Sane
2167 4310 2308 4365 beati
2346 4309 2496 4363 Pauli
2538 4325 2686 4363 mens
2716 4309 2765 4361 in
2798 4308 2972 4378 ipsum
3017 4306 3199 4361 Jesum
3234 4305 3318 4359 hic
3348 4304 3557 4368 fertur;

1994 4404 2069 4457 ait
2090 4416 2322 4472 namque
2349 4420 2364 4458 :
2402 4421 2419 4453 ι
2441 4399 3140 4465 UnusestDominus,Jesus
3168 4399 3497 4455 Christus”.
3539 4416 3556 4447 ι

1996 4496 2175 4564 Itaque
2209 4495 2548 4547 anathemate
2583 4493 2813 4562 percutit
2853 4507 3067 4547 omnem
3128 4491 3346 4545 omnino
3386 4490 3565 4545 homi-

328 4575 463 4642 μήτε
506 4574 735 4647 ἀληθείᾳ
781 4575 954 4645 λέγων
984 4578 1107 4630 Υἰὺν
1146 4572 1286 4630 εἶναι
1320 4577 1413 4630 τοῦ
1458 4577 1615 4641 Θεοῦ,
1652 4577 1786 4631 ἀλλὰ
1816 4579 1881 4641 ὼς

1997 4596 2141 4647 nem,
2197 4580 2286 4649 qui
2314 4579 2422 4651 65
2453 4580 2601 4633 illum
2631 4595 2736 4636 non
2769 4580 2962 4650 diligit.
2991 4579 3039 4635 Is
3075 4588 3255 4634 autem
3285 4578 3561 4634 Christum

318 4668 383 4745 ’ἐν
428 4666 655 4739 δευτέρᾳ
691 4668 842 4732 τάξει
892 4668 1059 4731 τιθεὶς
1094 4668 1246 4737 παρὰ
1288 4668 1380 4721 τὸν
1422 4670 1486 4721 ἐκ
1522 4668 1655 4721 Θεοῦ
1695 4670 1886 4737 Λόγον,

324 4756 505 4810 καὶτὸ
536 4758 635 4828 τῆς
661 4759 972 4829 οἰκονομίας
1003 4759 1205 4812 ἀδικῶν
1232 4760 1527 4830 μυστήριον
1559 4759 1645 4813 διὰ
1683 4760 1775 4813 τοῦ
1797 4760 1888 4812 τέ-

326 4863 477 4914 μνειν
515 4849 594 4911 εἰς
625 4847 719 4901 δύο
743 4849 834 4901 τὸν
861 4849 959 4902 ἕνα
998 4849 1203 4920 Κύριον
1240 4851 1335 4903 καὶ
1375 4850 1599 4920 Ἰησοῦν.

1998 4685 2101 4724 non
2139 4671 2330 4740 diligit,
2379 4671 2471 4740 qui
2509 4685 2681 4739 neque
2738 4679 2927 4725 natura
2973 4684 3149 4737 neque
3193 4669 3423 4724 veritate
3469 4667 3563 4721 Dei

1996 4761 2187 4815 Filium
2238 4775 2359 4815 esse
2398 4763 2673 4829 agnoscit,
2709 4765 2799 4817 sed
2830 4778 2857 4815 a
2893 4762 2985 4816 Dei
3018 4761 3193 4815 Verbo
3223 4760 3472 4830 sejungit,
3502 4776 3567 4815 ae

1995 4851 2157 4905 veluti
2216 4850 2268 4903 in
2328 4866 2492 4905 secun
2542 4852 2667 4904 dum
2729 4851 2974 4906 ordinem
3030 4848 3230 4917 rejicit,
3289 4860 3452 4919 atque
3491 4850 3565 4903 ita

324 4942 450 4990 «tum
540 4955 706 4992 unum
760 4939 1042 4994 Dominmn
1103 4939 1284 4996 Jesum
1346 4942 1621 4998 Christum
1710 4944 1761 4999 in
1827 4945 1960 5001 duos
2027 4942 2236 5007 dividit,
2289 4942 2704 5011 dispensationis
2755 4942 3071 5012 mysterium
3138 4941 3308 4996 atroci
3370 4940 3567 5010 injuria

325 5030 513 5086 aﬂicil.

660 5148 761 5203 Ἐκ
790 5148 899 5218 τῆς
937 5152 1086 5217 πρὸς
1116 5152 1462 5216 Κορινθίους
1493 5152 1573 5212 β’.

401 5258 421 5291 ι
459 5240 549 5311 Τῷ
568 5241 625 5293 δὲ
644 5239 761 5310 ε)εῴ
786 5242 966 5311 χάρις,
996 5240 1221 5293 πάντοτε
1241 5240 1316 5310 τῷ
1340 5240 1722 5311 θριαμϐεύοντι
1746 5243 1893 5312 ἡμᾶς

329 5332 386 5382 ὲν
407 5329 484 5400 τῷ
534 5330 771 5401 Χριστῷ,
806 5332 900 5383 καὶ
944 5331 1043 5402 τὴν
1090 5330 1265 5402 ὀσμὴν
1304 5332 1401 5402 τῆς
1440 5328 1692 5399 γνώσεως
1728 5332 1892 5387 αὑτοῦ

397 5485 445 5517 ³³
476 5482 495 5538 I
522 5483 648 5539 Cor.
684 5501 782 5551 xu,
816 5486 931 5542 5-6.
1010 5485 1055 5516 ’³
1089 5484 1262 5539 ICor.
1289 5500 1386 5552 xu,
1418 5486 1506 5540 28.
1583 5487 1629 5517 ³ο
1666 5487 1685 5539 1
1726 5485 1852 5542 Cor.
1884 5501 1993 5551 va,
2026 5486 2117 5542 9.1.

2352 5150 2435 5205 Ex
2470 5151 2745 5219 posteriori
2781 5151 2848 5203 ad
2894 5148 3215 5204 Corinthios.

2079 5260 2097 5293 ‹
2132 5241 2238 5296 Deo
2277 5253 2456 5296 autem
2488 5242 2706 5311 gratias,
2742 5244 2833 5312 qui
2883 5257 3098 5309 semper
3124 5240 3418 5307 triumphat
3472 5254 3568 5293 nos

2001 5333 2053 5388 iu
2089 5334 2304 5389 Christo
2337 5333 2484 5400 Jesu,
2518 5345 2572 5388 et
2612 5334 2833 5389 odorem
2878 5332 3083 5387 notitia:
3115 5346 3225 5386 sua:
3260 5330 3573 5387 manifestat

2194 5487 2238 5518 ³¹
2269 5486 2429 5542 Joan.
2462 5504 2535 5554 ιν,
2573 5488 2661 5544 ill.
2741 5488 2786 5520 ³³
2818 5486 2835 5542 1
2863 5487 2989 5543 Cor.
3022 5502 3137 5554 vnl,
3178 5487 3231 5543 6.

1402 5646 1577 5704 Variae
1604 5647 1862 5705 lectiones
1898 5647 2096 5705 codicis
2128 5648 2478 5718 Seguieriani.

411 5777 455 5815 ι’
483 5776 692 5833 ἔπειτα.
777 5775 793 5816 ι
831 5777 1180 5832 συντείνεται.
