4044 6332
509 335 648 392 1259

1574 341 1628 396 S.
1670 338 1943 396 CYI‘JLLI
1982 335 2450 393 ALEXANDRINI
2488 333 2807 390 ARCHIEP.

3618 332 3790 388 £9.49

506 469 606 524 per
650 468 748 509 nos
791 454 842 508 in
890 454 1038 509 omni
1086 454 1204 511 loco
1241 479 1252 510 ;
1293 458 1418 527 quia
1473 458 1673 512 Christi
1723 460 1895 513 bonus
1945 458 2076 512 odor

2182 451 2504 524 φανεροῦντι
2545 452 2610 505 δι’
2645 451 2802 520 ἡμῶν
2845 449 2902 504 ἐν
2939 449 3102 504 παντὶ
3151 449 3333 518 τόπῳσ
3382 448 3464 502 ὅτι
3516 446 3779 517 Χριστοῦ

508 560 695 598 smnus
743 545 852 600 Deo
899 547 953 601 in
1009 547 1075 601 iis
1127 547 1215 615 qui
1268 548 1400 602 salvi
1455 549 1610 616 fiunt,
1661 559 1715 604 ct
1766 551 1818 603 in
1876 549 1941 603 iis
1985 548 2077 616 qui

511 648 740 704 pereunt
763 639 828 696 ³³.
861 656 881 690 ι
927 639 1083 705 Quod
1115 641 1158 695 si
1189 639 1440 695 Christus
1477 641 1721 695 Paterna:
1755 641 2080 709 cognitionis

511 728 682 782 bonus
732 731 869 782 odor
907 739 1028 794 est,
1079 731 1350 800 quomodo
1400 729 1543 785 Deus
1597 747 1702 785 non
1758 731 1876 785 est?
1925 729 2079 785 Haud

510 834 742 887 namque
777 819 828 872 in
861 820 1097 873 humana
1131 830 1320 873 natura
1356 820 1550 874 divinae
1593 828 1798 874 natura:
1832 821 2080 888 fragran-

512 908 643 962 tiam
673 910 1006 979 compererit
1034 909 1300 979 quispiam
1335 929 1350 964 :
1383 911 1476 964 sed
1507 911 1956 978 quemadmodum
1987 911 2082 964 hu-

509 999 792 1056 manitatis
821 1002 958 1056 odor
979 1003 1156 1070 Tplane
1183 1001 1480 1066 hominem,
1515 1002 1586 1055 ita
1627 1000 1921 1056 divinitatis
1949 1003 2081 1056 odor

509 1092 683 1146 Deum
726 1094 950 1150 indicat.
982 1095 1100 1151 Jam
1142 1096 1183 1149 si
1228 1094 1481 1148 Christus
1517 1094 1688 1146 bonus
1721 1093 1901 1148 Patris
1945 1095 2080 1149 odor

508 1181 838 1251 appellatur,
867 1197 1101 1253 vereque
1150 1195 1254 1249 est,
1308 1183 1580 1252 quomodo
1628 1183 1769 1238 Deus
1825 1199 1928 1237 non
1974 1194 2077 1249 est,

507 1277 720 1330 etiamsi
756 1277 884 1331 illud
929 1277 1106 1346 ipsum
1162 1278 1268 1331 Dei
1314 1277 1494 1332 Patris
1528 1275 1756 1332 Verbum
1799 1278 2078 1346 dispensa-

511 1368 657 1419 tione
686 1367 850 1420 homo
883 1367 1084 1422 factum
1117 1369 1244 1423 est?

584 1475 604 1508 ι
639 1456 878 1525 Epistola
928 1468 1112 1513 nostra
1147 1475 1245 1513 vos
1291 1462 1446 1524 estis,
1478 1458 1676 1528 scripta
1729 1459 1780 1512 in
1825 1459 2079 1514 cordibus

508 1552 738 1615 nostris,
775 1567 894 1621 qua:
938 1552 1110 1606 scitur
1148 1563 1198 1606 et
1235 1552 1431 1621 legitur
1457 1553 1524 1606 ab
1565 1552 1815 1606 omnibus
1844 1552 2080 1606 homini-

509 1643 607 1696 bus
635 1660 647 1695 :
674 1641 998 1696 manifestati
1045 1643 1186 1713 quod
1237 1643 1462 1713 epistola
1493 1644 1623 1698 estis
1658 1643 1885 1707 Christi,
1919 1644 2079 1697 mini-

507 1743 676 1786 strata
719 1749 746 1786 a
781 1733 956 1798 nobis,
990 1743 1046 1788 et
1075 1735 1277 1803 scripta
1329 1751 1434 1788 non
1467 1741 1796 1800 atramento,
1830 1735 1923 1788 sed
1957 1734 2078 1802 Spi-

509 1825 612 1878 ritu
662 1825 791 1890 Dei,
838 1841 943 1880 non
987 1826 1043 1879 in
1094 1825 1289 1879 tabulis
1340 1825 1586 1893 lapideis,
1635 1827 1732 1879 sed
1781 1826 1832 1879 in
1885 1827 2077 1880 tabulis

505 1917 686 1970 cordis
715 1917 1031 1972 carnalibus
1055 1916 1121 1968 ³⁵.
1157 1936 1174 1969 ι
1215 1916 1357 1970 Deus
1388 1931 1486 1985 per
1519 1917 1805 1986 quemdam
1846 1931 1911 1970 ex
1949 1931 2076 1985 pro-

505 2007 681 2074 phetis
711 2007 907 2062 alicubi
948 2008 1026 2062 sic
1071 2007 1352 2077 loquitur:
1393 2025 1411 2058 ι
1447 2007 1578 2061 Post
1620 2008 1739 2062 illos
1781 2009 1916 2071 dies,
1948 2007 2078 2062 dicit

505 2096 788 2160 Dominus,
820 2096 957 2150 dabo
988 2097 1131 2167 leges
1170 2112 1318 2151 meas
1351 2099 1404 2152 in
1435 2107 1668 2153 mentem
1694 2114 1904 2164 eorum,
1940 2110 1993 2154 et
2023 2101 2075 2153 in

503 2189 667 2241 corda
733 2203 919 2243 eorum
977 2189 1272 2244 inscribam
1331 2203 1426 2243 eas
1448 2189 1515 2242 ³⁸.
1563 2207 1584 2240 ι
1640 2190 1794 2244 Facti
1851 2191 2078 2260 proinde

503 2291 689 2332 sumus
719 2278 945 2346 epistola
987 2277 1209 2345 Christi,
1256 2278 1347 2347 qui
1384 2278 1519 2347 legis
1554 2294 1665 2334 sua:
1707 2279 1926 2334 decreta
1969 2294 2076 2334 non

503 2379 824 2431 atramento,
847 2369 940 2423 sed
969 2369 1199 2423 viventis
1232 2369 1325 2423 Dei
1360 2371 1569 2437 Spiritu
1602 2371 1654 2423 in
1686 2371 1844 2426 nobis
1870 2371 2076 2424 descri-

503 2459 626 2515 bit:
659 2469 824 2529 atque
853 2461 956 2514 hoc
999 2459 1173 2528 ipsum
1214 2475 1322 2513 non
1375 2475 1470 2526 per
1509 2461 1726 2514 modum
1767 2460 2073 2525 ministerii,

501 2553 595 2606 sed
629 2567 727 2621 per
756 2552 1032 2621 propriam
1075 2550 1158 2620 (ut
1203 2551 1274 2604 ita
1305 2549 1504 2621 dicam)
1547 2548 1921 2604 efﬁcacitatem
1954 2567 1968 2603 :
1996 2551 2074 2605 si-

501 2643 720 2712 quidem
768 2641 1004 2710 Spiritus
1059 2641 1162 2709 ipsi
1220 2641 1473 2710 proprius
1524 2650 1627 2694 est.
1682 2641 1752 2694 At
1793 2657 1899 2710 quo
1945 2657 2075 2711 ergo

497 2732 662 2788 modo
690 2733 736 2787 is
765 2731 906 2786 Deus
949 2745 1052 2784 non
1079 2738 1187 2794 est,
1221 2731 1315 2798 qui
1361 2731 1558 2784 divinae
1600 2729 1805 2785 notitiae
1835 2731 2075 2787 rationes

499 2824 718 2892 proprio
765 2822 971 2892 Spiritu
1026 2821 1184 2876 nobis
1236 2821 1563 2890 insculpsit?
1591 2821 1669 2877 De
1699 2821 1897 2877 ludatis
1945 2823 2072 2878 sub-

493 2913 670 2982 jungit
698 2931 712 2966 :

575 3025 594 3059 ι
631 3005 736 3061 Sed
771 3006 950 3062 obtusi
983 3014 1109 3061 sunt
1141 3019 1333 3060 sensus
1366 3019 1582 3060 eorum.
1610 3002 1794 3071 Usque
1822 3003 1966 3059 enim
2016 3002 2071 3056 in

497 3099 816 3154 hodiernum
856 3099 996 3152 diem
1028 3097 1264 3167 idipsum
1290 3095 1536 3151 velamen
1565 3097 1616 3149 in
1653 3095 1883 3149 lectione
1913 3093 2074 3148 Vete-

499 3192 578 3245 ris
599 3189 928 3245 Testamenti
957 3196 1138 3243 manet
1165 3202 1269 3241 non
1301 3188 1598 3241 revelatum
1628 3186 1792 3254 (quod
1825 3185 1877 3239 in
1909 3184 2072 3239 Chri-

499 3293 584 3335 sto
645 3277 995 3350 evacuatur),
1048 3278 1140 3334 sed
1184 3291 1353 3345 usque
1408 3277 1461 3331 in
1523 3275 1843 3334 hodiernum
1895 3276 2068 3337 diem,

501 3387 626 3429 cum
655 3371 852 3442 legitur
885 3369 1119 3440 Moyses,
1140 3369 1250 3439 66
1269 3367 1510 3422 velamen
1537 3367 1770 3435 positum
1800 3375 1885 3421 est
1911 3380 2073 3434 super

499 3477 596 3518 ur
635 3477 843 3517 eorum.
873 3463 1006 3516 Cum
1047 3470 1224 3514 autem
1256 3459 1505 3514 conversi
1549 3458 1752 3512 fuerint
1791 3458 1858 3512 ad
1891 3457 2073 3512 Domi-

501 3567 655 3617 num,
689 3552 964 3605 auferetur
991 3549 1258 3605 velamen.
1310 3549 1572 3603 Dominus
1607 3557 1788 3601 autem
1829 3547 2070 3613 Spiritus

500 3650 604 3694 est.
655 3638 755 3694 Ubi
784 3648 962 3693 autem
989 3638 1226 3707 Spiritus
1256 3636 1493 3704 Domini,
1515 3637 1585 3691 ibi
1615 3637 1837 3691 libertas
1855 3645 1938 3692 est
1955 3637 2021 3690 ³⁸.
2049 3656 2068 3688 ι

505 3732 563 3787 Si
597 3733 731 3802 legis
778 3742 832 3786 et
857 3731 1243 3800 prophetarum
1292 3729 1412 3785 finis
1455 3740 1540 3784 est
1577 3729 1852 3796 Christus,
1901 3746 2074 3801 neque

501 3823 748 3878 velamen
779 3821 920 3890 quod
950 3808 1161 3876 Veteris
1201 3821 1532 3875 Testatnenti
1571 3821 1787 3875 leCtioni
1816 3820 2072 3885 cohaeret,

504 3913 735 3978 tollitur,
770 3915 867 3966 nisi
900 3928 995 3983 per
1032 3913 1202 3966 solum
1235 3913 1552 3968 Christum:
1580 3915 1849 3983 quomodo
1879 3914 2072 3967 rationi

501 4014 928 4060 consentaneum
975 4004 1099 4070 erit,
1152 4002 1325 4074 ipsum
1377 4005 1580 4060 nudum
1627 4019 1751 4059 esse
1802 4006 2073 4059 hominem

502 4096 838 4155 existimare,
873 4106 927 4148 et
973 4094 1086 4149 sola
1118 4093 1400 4149 ﬁliationis
1433 4095 1795 4165 appellatione
1839 4095 2075 4150 honora-

502 4188 660 4241 tum?
693 4188 884 4241 Annon
931 4188 1034 4241 hac
1083 4187 1337 4256 Opinione
1378 4189 1551 4251 fieret,
1615 4195 1672 4240 ut
1725 4186 1858 4241 fides
1889 4197 2074 4241 nostra

501 4296 608 4334 non
641 4279 944 4334 collimaret
973 4280 1025 4333 in
1062 4278 1255 4342 Deum,
1285 4287 1541 4347 tanquam
1574 4279 1626 4332 in
1665 4279 1848 4344 finem,
1891 4280 1984 4333 sed
2020 4279 2074 4332 in

504 4372 780 4425 hominem
813 4371 986 4424 nostri
1018 4368 1288 4424 similem?
1323 4369 1396 4424 Eo
1424 4380 1602 4424 autent
1633 4369 1762 4438 quid
1799 4371 1884 4424 vel
1924 4371 2074 4439 cogi-

502 4461 606 4516 tari
644 4467 808 4530 queat
844 4461 1158 4517 absurdius!

580 4571 599 4603 ε
629 4551 782 4618 Quod
828 4554 874 4608 si
926 4553 1091 4608 etiam
1140 4562 1388 4622 Opertum
1443 4561 1525 4606 est
1580 4551 1928 4622 Evangelium
1981 4566 2078 4605 no-

506 4653 682 4698 strum
719 4645 771 4709 in
809 4645 876 4699 iis
922 4647 1011 4714 qui
1055 4654 1316 4714 pereunt,
1364 4652 1447 4698 est
1489 4652 1735 4712 opertum
1783 4644 1836 4697 in
1881 4643 2079 4712 quibus

504 4733 651 4790 Deus
689 4736 850 4806 hujus
886 4736 1069 4811 saeculi
1099 4737 1394 4792 excmcavit
1421 4745 1632 4791 mentes
1671 4736 1990 4799 infidelium,
2022 4747 2079 4791 ut

511 4843 619 4882 non
657 4828 857 4897 fulgeat
892 4831 999 4885 illis
1031 4830 1356 4884 illuminatio
1402 4832 1674 4901 Evangelii
1704 4831 1887 4902 gloriae
1915 4827 2077 4885 Chri-

506 4921 577 4974 sti
622 4923 713 4990 qui
758 4931 842 4977 est
881 4923 1058 4992 imago
1088 4921 1182 4976 Dei
1208 4923 1272 4977 3'.
1307 4941 1326 4974 ι
1363 4923 1442 4989 Si,
1481 4933 1538 4978 ut
1565 4924 1783 4992 quidam
1815 4927 2077 4992 sentiunt,

507 5007 756 5064 Christus
809 5019 891 5064 est
940 5011 1104 5065 homo
1155 5012 1494 5077 communis,
1557 5011 1671 5067 sola
1721 5027 2076 5082 personarum

507 5101 706 5155 unione
741 5117 861 5155 cum
897 5101 992 5158 Dei
1019 5102 1200 5158 Verbo
1228 5103 1540 5158 societatem
1570 5105 1778 5160 habens
1816 5106 1904 5176 (ad
1937 5106 2081 5160 hunc

509 5194 653 5248 enim
699 5195 916 5250 modum
963 5195 1257 5266 loquuntur
1290 5195 1411 5266 illi),
1447 5200 1717 5266 quomodo
1753 5197 1805 5249 in
1857 5199 1960 5251 illis
1989 5201 2078 5267 qui

513 5294 761 5352 pereunt,
792 5284 1143 5355 Evangelium
1199 5287 1342 5342 illius
1373 5287 1744 5340 absconditum
1775 5289 1900 5340 est?
1937 5287 2081 5341 Gen-

512 5392 590 5429 .es
630 5379 775 5431 enim
813 5393 918 5432 non
962 5381 1154 5448 Deum,
1203 5380 1297 5434 sed
1333 5379 1606 5434 hominem
1646 5379 1816 5432 nostri
1851 5380 2080 5434 similem

583 5511 625 5544 ³³
653 5513 697 5568 ll
722 5513 847 5569 Cor.
883 5531 942 5582 ιι,
971 5514 1057 5569 H.
1138 5515 1182 5547 “
1207 5513 1248 5568 ll
1279 5515 1404 5571 Cor.
1449 5529 1533 5581 ιιι,
1564 5515 1619 5575 2,
1657 5514 1710 5570 5.

1786 5512 1830 5544 ³⁵
1863 5513 2064 5568 Jerem.
2113 5529 2264 5582 xxxr,
2295 5513 2383 5567 55.

2179 547 2373 599 εὐωδία.
2393 545 2559 612 ἐσμὲν
2590 543 2667 614 τῷ
2694 542 2812 612 Θεῷ
2833 545 2890 595 ὲν
2915 545 3023 606 τοῖς
3048 543 3394 612 σωζομένοις,
3419 543 3514 595 καὶ
3551 546 3612 595 ὲν
3640 544 3776 605 τοῖς

2179 637 2591 704 ἀπολλυμένοις.
2635 654 2654 687 ι
2699 632 2834 687 Εἶτα
2868 634 2984 696 πῶς
3017 634 3078 686 οὐ
3102 634 3231 697 Θεὸς
3259 636 3288 686 ὀ
3317 634 3576 703 Χριστὸς,
3594 635 3774 703 εἰπερ

2178 730 2326 781 ἐστὶν
2360 725 2522 788 αὐτὸς
2550 726 2694 796 ὀσμὴ
2719 725 2820 794 τῆς
2849 725 3103 794 γνώσεως
3136 724 3226 777 τοῦ
3261 725 3510 793 Πατρόςς
3539 726 3616 777 Οῦ
3645 724 3775 794 γὰρ

2178 819 2234 872 ἓν
2283 835 2348 885 γε
2393 819 2458 887 τῇ
2499 817 2788 888 ἀνθρώπου
2847 816 3007 885 φύσει
3053 817 3150 884 τὴν
3189 815 3287 884 τῆς
3336 814 3484 877 θείας
3534 815 3771 882 φύσεως

2177 911 2402 964 εὐωδίαν
2447 908 2719 978 ἀναμάθοι
2758 925 2841 971 τις
2889 907 2991 961 ἀν·
3027 906 3140 959 ἀλλ’
3191 907 3375 978 ὥσπερ
3425 909 3458 976 ἡ
3499 908 3602 975 τῆς
3661 908 3772 960 ἀν-

2181 1002 2532 1072 θρωπότητος
2584 999 2729 1070 ὀσμὴ
2765 998 3018 1068 σημαίνει
3057 1015 3159 1050 που
3194 999 3409 1060 πάντως
3439 997 3768 1068 ἄνθρωπον,

2177 1077 2321 1144 οῦτώ
2360 1093 2509 1160 καὶὴ
2550 1091 2650 1160 τῆς
2684 1089 2958 1160 θεότητος.
2995 1088 3148 1142 Θεὸν.
3180 1089 3244 1140 ΕΞ
3281 1088 3339 1140 δὲ
3380 1088 3618 1157 Χριστὸς
3662 1089 3772 1140 εὐ-

2179 1182 2314 1234 ώδία
2357 1181 2452 1234 τοῦ
2490 1181 2700 1250 Πατρὸς
2743 1175 2883 1232 εἶναι
2917 1179 3166 1246 λέγεται,
3199 1179 3294 1231 καὶ
3321 1176 3466 1230 ἐστιν
3496 1177 3726 1247 ἀληθῶς
3750 1216 3770 1239 ,

2179 1272 2294 1334 πῶς
2320 1272 2381 1324 οὐ
2406 1272 2538 1334 Θεός
2565 1272 2681 1323 ἐστι
2715 1269 2970 1340 Χριστὸς,
3007 1269 3112 1322 κᾶν
3140 1269 3188 1320 εί
3214 1270 3435 1337 γέγονεν
3463 1267 3774 1339 ἄνθρωπος

2177 1363 2532 1431 οἰκονομικῶς
2558 1363 2586 1414 ὁ
2621 1365 2684 1416 ἐκ
2715 1361 2851 1414 Θεοῦ
2893 1361 3105 1431 Πατρὸς
3135 1361 3307 1429 Λόγος
3323 1376 3338 1426 ;

2254 1472 2273 1504 ι
2327 1455 2393 1506 Ἢ
2423 1453 2677 1523 ἐπιστολὴ
2697 1452 2853 1522 ἡμῶν
2879 1453 3038 1522 ὑμεῖς
3062 1454 3208 1516 ἐστε,
3237 1451 3670 1523 ὲγγεγραμμένη
3703 1453 3774 1502 ἐν

2177 1547 2294 1608 ταῖς
2327 1545 2574 1613 καρδίαις
2603 1544 2782 1614 ἡμῶν,
2831 1544 3209 1616 γινωσκομένη
3252 1545 3346 1598 καὶ
3382 1545 3774 1610 ἀναγινωσκο-

2181 1635 2317 1706 μένη
2380 1635 2484 1688 ὑπὸ
2538 1635 2759 1688 πάντων
2829 1635 3165 1706 ἀνθρώπων
3225 1635 3624 1705 φανερούμενοι
3675 1637 3771 1688 ὅτι

2179 1729 2301 1780 ἐστὲ
2333 1728 2589 1798 ἐπιστολὴ
2622 1727 2884 1799 Χριστοῦ,
2922 1727 3300 1798 διακονηθεῖσα
3327 1728 3417 1796 ὑφ’
3449 1727 3637 1796 ἡμῶν,
3667 1730 3773 1794 ἑγ-

2110 1804 2149 1858 Β
2179 1818 2539 1887 γεγραμμένη
2564 1819 2623 1870 ού
2654 1818 2866 1888 μέλανι,
2900 1818 3035 1871 ἀλλά
3064 1818 3340 1886 Πνεύματι
3366 1817 3500 1870 Θεοῦ
3526 1818 3769 1882 ζῶντος,

2178 1911 2276 1962 οὐκ
2312 1909 2371 1961 ἐν
2421 1909 2584 1975 πλαξὶ
2621 1909 2874 1973 λιθίναις,
2908 1909 3023 1963 ἀλλ’
3055 1911 3113 1962 ἐν
3148 1909 3310 1973 πλαξὶ
3346 1910 3574 1980 καρδίας
3620 1928 3769 1979 σαρ-

2177 2002 2350 2072 κίνης.
2386 2020 2405 2054 t
2443 2003 2587 2072 Ἔφη
2621 2020 2723 2056 που
2771 2003 2902 2065 Θεὸς
2940 2001 3007 2054 δι’
3041 2002 3157 2065 ἐνὸς
3193 2001 3301 2053 τῶν
3333 2003 3500 2069 ἀγίων
3535 2021 3769 2073 προφη-

2176 2092 2316 2144 τῶν·
2361 2114 2379 2144 ι
2423 2094 2510 2145 Ἐν
2540 2092 2617 2162 τῷ
2657 2091 2834 2162 καιρῷ
2880 2093 3093 2164 ἐκείνῳ,
3124 2093 3270 2162 λέγει
3300 2093 3525 2163 Κύριος,
3577 2094 3769 2156 διδοὺς

2177 2187 2372 2255 νόμους
2404 2202 2504 2254 μου
2531 2186 2610 2248 εἰς
2639 2185 2738 2254 τὴν
2771 2184 3009 2238 διάνοιαν
3033 2185 3232 2250 αὐτῶν,
3255 2185 3350 2237 καὶ
3372 2184 3464 2237 ἐπὶ
3489 2184 3592 2248 τάς
3621 2202 3772 2254 καρ-

2175 2275 2291 2339 δίας
2328 2275 2507 2328 αύτῶν
2538 2275 2826 2345 ἐπιγράψω
2873 2275 3089 2338 αὐτούς.
3148 2293 3166 2325 ι
3221 2275 3526 2346 Γεγόναμεν
3570 2276 3769 2328 τοίνυν

2177 2367 2437 2439 ἐπιστολὴ
2464 2366 2724 2437 Χριστοῦ,
2752 2366 3052 2435 γράφοντος
3087 2368 3217 2436 ἡμῖν
3245 2367 3343 2419 οὐκ
3373 2366 3430 2418 ὲν
3473 2365 3672 2434 μέλανι
3698 2367 3772 2419 τὸ

2175 2458 2321 2528 αὐτῷ
2341 2457 2548 2524 δοκοῦν,
2575 2458 2686 2512 ἀλλ’
2705 2459 2762 2511 ἐν
2785 2459 3060 2528 Πνεύματι
3083 2459 3218 2511 Θεοῦ
3239 2458 3456 2523 ζῶντος·
3481 2459 3541 2511 οὐ
3565 2459 3770 2511 διακοο

2174 2548 2336 2612 νικῶς
2356 2549 2574 2619 μᾶλλον,
2602 2549 2734 2613 ἀλλ’,
2765 2549 2852 2602 ἵνα
2863 2548 3034 2612 οῦτως
3051 2549 3314 2618 εἴπωμεν,
3336 2549 3726 2620 αύτουργικῶς
3749 2567 3768 2580 ’

2176 2638 2305 2690 ἴδιον
2333 2638 2440 2709 γὰρ
2467 2637 2631 2691 αὑτοῦ
2670 2639 2729 2690 τὸ
2756 2637 2983 2708 Πνεῦμά
3014 2639 3177 2692 ἐστιν.
3208 2634 3339 2692 Εἶτα
3375 2640 3493 2703 πῶς
3521 2642 3584 2692 ού
3623 2640 3770 2702 Θεὸς

2173 2731 2201 2781 ὁ
2229 2729 2286 2782 ὲν
2311 2729 2424 2798 ἰδίῳ
2457 2729 2737 2799 Πνεύματι
2763 2729 2992 2799 γράφων
3025 2729 3157 2798 ἡμῖν
3179 2732 3278 2799 τῆς
3301 2728 3642 2798 θεογνωσίας
3659 2729 3770 2795 τὴν

2178 2819 2332 2884 ὁδόν;
2371 2820 2506 2890 Περὶ
2535 2818 2640 2872 τῶν
2685 2818 2954 2872 Ἰουδαίων
2991 2819 3182 2889 φησιν·

2252 3014 2271 3047 ι
2331 2995 2471 3048 Ἀλλ’
2506 2995 2774 3067 ἐπωρώθη
2801 2996 2872 3050 τὰ
2919 2998 3165 3068 νοήματα
3208 2997 3407 3054 αὐτῶν.
3447 3000 3621 3070 Ἀχρι
3647 3000 3769 3069 γὰρ

2175 3087 2274 3156 τῆς
2305 3088 2547 3156 σήμερον
2582 3086 2798 3160 ἡμέρας
2829 3087 2891 3139 τὸ
2921 3089 3051 3141 αὐτὸ
3080 3089 3342 3158 κάλυμμα
3379 3090 3472 3142 ἐπὶ
3500 3094 3568 3161 τῇ
3621 3094 3770 3144 ἀνα-

2101 3157 2142 3215 C
2177 3178 2376 3246 γνώσει
2415 3179 2514 3248 τῆς
2565 3157 2812 3241 Παλαιᾶς
2843 3179 3118 3250 Διαθήκης
3147 3157 3388 3250 διαμένει
3420 3180 3494 3250 μὴ
3539 3157 3772 3235 ἀνακαι-

2173 3269 2531 3339 λυπτόμενον,
2565 3269 2593 3321 ὅ
2615 3286 2668 3321 τι
2706 3271 2764 3323 ὲν
2794 3270 3017 3340 Χριστῷ
3057 3271 3442 3340 καταργεῖται·
3475 3269 3620 3324 ἀλλὰ
3657 3273 3770 3336 ἕως

2171 3361 2268 3432 τῆς
2287 3362 2544 3433 σήμερον,
2566 3361 2728 3431 ἡνίκα
2746 3360 3182 3428 ἀναγινώσκεται
3201 3361 3457 3430 Μωῦσῆς,
3480 3361 3770 3432 κάλυμμα

2174 3455 2267 3506 ἐπὶ
2309 3453 2408 3523 τὴν
2447 3453 2674 3524 καρδίαν
2724 3453 2906 3507 αὐτῶν
2958 3456 3153 3507 κεῖται.
3213 3453 3405 3506 Ἢνίκα
3456 3454 3501 3506 δ’
3533 3455 3607 3506 ἂν
3639 3458 3771 3507 ἐπι-

2176 3541 2383 3614 στρέψῃ
2419 3542 2554 3612 πρὸς
2586 3544 2810 3613 Κύριον,
2843 3545 3209 3612 περιαιρεῖται
3251 3543 3312 3594 τὸ
3359 3542 3650 3614 κάλυμμα.
3695 3547 3771 3599 Ὅ

2173 3633 2230 3686 δὲ
2259 3634 2461 3704 Κύριος
2485 3635 2546 3687 τὸ
2567 3633 2790 3704 Πνεῦμά
2821 3636 3000 3687 ἐστιν’
3023 3629 3158 3688 οῦδὲ
3186 3635 3246 3686 τὸ
3277 3635 3501 3704 Πνεῦμα
3523 3637 3769 3708 Κυρίου,

2175 3726 2292 3777 ἐκεῖ
2334 3723 2634 3794 ἐλευθερία.
2687 3741 2705 3774 ι
2744 3725 2806 3775 Ei
2842 3723 2994 3786 τέλος
3041 3725 3203 3794 νόμου
3253 3725 3699 3795 καιπροφητῶν
3743 3731 3774 3780 ὁ

2176 3815 2432 3886 Χριστὸς,
2467 3819 2561 3869 καὶ
2589 3817 2690 3869 οὐκ
2720 3815 3162 3869 ἀποκαλύπτεται
3190 3817 3248 3870 τὸ
3282 3816 3545 3887 κάλυμμα
3579 3819 3644 3870 τὸ
3670 3821 3774 3870 ἐπὶ

2174 3909 2240 3976 τῇ
2270 3907 2573 3975 ἀναγνώσει
2601 3907 2698 3976 τῆς
2729 3905 2970 3968 Παλαιᾶς
2998 3907 3288 3978 Διαθήκης,
3319 3909 3366 3959 εί
3403 3908 3478 3977 μὴ
3510 3909 3571 3960 ὲν
3613 3910 3721 3977 μόν
3743 3932 3773 3978 μ

2174 3997 2253 4066 τῷ
2296 3997 2516 4068 Χριστῷ
2540 4015 2554 4028 ·
2591 4001 2740 4051 ποῖον
2796 3998 2907 4069 ἔχει
2937 3999 3094 4068 λόγον
3147 4000 3227 4063 τὸ,
3275 3999 3560 4070 ἄνθρωπον
3598 4001 3774 4052 αὐτοι

2175 4091 2384 4144 οἴεσθαι
2404 4091 2580 4144 κοινὸν
2611 4092 2901 4162 ὑπάρχειν,
2939 4093 3075 4164 μόνῃ
3103 4095 3170 4163 τῇ
3199 4094 3298 4162 τῆς
3320 4093 3573 4162 υἱότη-τος
3594 4111 3776 4164 προς-

2176 4185 2374 4256 ηγορίᾳ
2403 4186 2798 4256 τετιμημένον;
2823 4185 3149 4256 Εὐρίσκεται
3175 4185 3282 4256 γὰρ
3315 4185 3379 4238 ἂν
3412 4185 3590 4248 οὕτως
3616 4186 3771 4256 ἔχει)

2178 4277 2238 4326 τὸ
2263 4276 2362 4344 τῆς
2392 4275 2625 4338 πίστεως
2652 4275 2808 4345 ἡμῶν
2835 4275 2982 4337 τέλος
3012 4275 3111 4327 οὐκ
3129 4277 3207 4338 εἰς
3225 4275 3353 4327 Θεὸν
3381 4275 3613 4344 μᾶλλον,
3645 4277 3769 4330 ἀλλ’

2178 4369 2256 4430 εἰς
2307 4368 2403 4420 ’ένα
2453 4367 2561 4422 τῶν
2616 4368 2738 4421 καθ’
2793 4369 2977 4439 ἡμᾶς’
3046 4368 3182 4437 ὅπερ
3235 4367 3353 4420 ἐστὶ
3387 4367 3497 4419 τῶν
3538 4369 3773 4422 ἀτοπω-

2178 4460 2375 4514 τάτων.

2243 4571 2261 4603 ι
2285 4553 2347 4605 Εἰ
2368 4551 2423 4605 δὲ
2451 4551 2544 4605 καὶ
2572 4549 2686 4602 ἔστι
2716 4550 3125 4622 κεκαλυμμένον
3154 4551 3215 4603 τὸ
3246 4548 3581 4617 Εὑαγγέλιον
3603 4551 3774 4621 ἡμῶν

2179 4646 2238 4697 ὲν
2277 4647 2387 4708 τοῖς
2425 4643 2835 4713 ἀπολλυμένοις,
2874 4644 2989 4696 ἔστι
3053 4643 3464 4714 κεκαλυμμένον
3509 4645 3572 4696 ὲν
3620 4639 3711 4706 οἷς
3744 4645 3776 4695 ὁ

2179 4739 2312 4802 Θεὸς
2341 4737 2434 4791 τοῦ
2472 4739 2665 4802 αἰῶνος
2712 4737 2901 4791 τούτου
2933 4737 3208 4805 ἐτύφλωσε
3255 4737 3326 4790 τὰ
3357 4737 3616 4807 νοήματα
3655 4740 3778 4793 τῶν

2181 4830 2447 4893 ἀπίστων,
2479 4831 2558 4894 εἰς
2585 4829 2646 4882 τὸ
2676 4829 2750 4900 μὴ
2779 4831 3010 4898 αὐγάσαι
3040 4831 3129 4884 τὸν
3152 4829 3424 4899 φωτισμὸν
3452 4828 3551 4881 τοῦ
3589 4831 3781 4900 Εὐαγ-

2181 4922 2362 4990 γελίου
2405 4922 2504 4990 τῆς
2535 4920 2692 4992 δόξης
2738 4920 2834 4974 τοῦ
2884 4921 3142 4993 Χριστοῦ,
3174 4923 3234 4984 ὃς
3275 4923 3422 4974 ἐστιν
3469 4920 3648 4974 εἰκὼν
3675 4923 3780 4976 τοῦ

2182 5014 2335 5067 Θεοῦ.
2379 5032 2398 5066 ι
2435 5015 2498 5066 Εἰ
2528 5015 2669 5068 κατά
2715 5031 2779 5082 γε
2805 5014 2865 5067 τό
2890 5032 3002 5068 τισι
3032 5013 3221 5068 δοκοῦν
3251 5013 3426 5077 κοινὸς
3468 5014 3782 5084 ἄνθρωπός

2183 5106 2330 5157 ἐστιν
2351 5106 2379 5157 ὁ
2407 5104 2661 5174 Χριστὸς,
2691 5104 2881 5158 ἐνώσει
2913 5106 3048 5177 μόνῃ
3069 5109 3135 5176 τῇ
3165 5107 3304 5159 κατά
3338 5104 3647 5174 πρόσωπον
3672 5108 3783 5178 τὴν

2185 5197 2476 5264 συνάφειαν
2513 5195 2650 5265 ἔχων
2683 5197 2816 5266 πρὸς
2853 5197 2944 5249 τὸν
2991 5200 3054 5250 ὲκ
3083 5197 3217 5251 Θεοῦ
3247 5196 3416 5265 Λόγον
3449 5196 3620 5267 (φασὶ
3665 5200 3784 5271 γὰρ

2181 5288 2352 5350 οῦτως
2383 5287 2557 5357 αὐτοί)
2581 5304 2595 5318 ’
2621 5288 2742 5351 πῶς,
2765 5290 2823 5340 ὲν
2848 5291 2960 5352 τοῖς
2979 5288 3375 5358 ἀπολλυμένοις
3399 5289 3784 5361 κεκαλυμμέ-

2188 5399 2274 5434 νον
2303 5381 2420 5433 ἐστὶ
2462 5382 2521 5435 τὸ
2561 5382 2889 5450 Εὐαγγέλιον
2916 5382 3009 5435 τοῦ
3037 5381 3171 5435 Θεοῦ
3201 5399 3238 5420 ιιι
3262 5400 3276 5448 ;
3304 5382 3627 5436 Διάκεινται
3663 5385 3781 5455 γὰρ

2497 5513 2542 5544 εδ
2570 5511 2612 5567 ιι
2638 5514 2765 5568 Cor.
2794 5531 2875 5582 Ill,
2905 5514 3090 5570 ιιι-ιγ.
3210 5515 3253 5545 ιτ
3280 5512 3319 5566 ιι
3355 5512 3485 5568 Cor.
3524 5498 3607 5580 iv,
3645 5514 3706 5570 δ.

1593 5630 1767 5686 Variae
1795 5631 2052 5688 lectiones
2082 5630 2284 5687 codicis
2313 5629 2680 5700 chuicriani.

585 5750 623 5778 ιι
646 5742 832 5798 αὑτοῦ.
