4044 6332
277 352 406 409 1241

1362 360 1450 416 DE
1488 359 1714 417 RECTA
1755 359 1914 417 FIDE
1951 360 2045 415 AD
2077 359 2401 417 REGINAS.

3378 354 3520 410 1242

271 470 341 522 τὰ
370 468 518 541 ἔθνη,
543 471 641 540 οὐχ
669 470 749 523 ὅτι
779 471 908 537 Θεός
936 476 1103 538 ἐστιν,
1134 475 1245 528 ἀλλ’
1281 476 1363 531 ὅτι
1411 475 1533 529 καθ’
1567 478 1712 547 ἡμᾶς
1743 475 1826 529 ἄν·

1941 490 2059 529 esse
2111 489 2426 545 persuasum
2475 472 2700 529 habent.
2751 469 3031 538 Quomodo
3078 468 3205 525 item
3249 468 3513 525 obcaecati

276 559 509 630 θρωπος.
539 561 663 625 Πῶς
700 563 755 615 δὲ
794 565 885 616 καὶ
912 565 1276 634 τετύφλωνται
1319 568 1468 637 παρᾶ
1496 567 1587 622 τοῦ
1634 569 1849 622 Σατανᾶ

272 652 323 703 οἱ
379 653 505 724 περὶ
554 652 841 725 ἀνθρώπου
891 656 1160 724 λέγοντες,
1220 659 1301 711 ὅτι
1358 658 1641 729 ἄνθρωπός
1693 662 1845 725 sem;

274 743 430 806 Ποῖος
479 744 533 796 δὲ
581 746 676 797 καὶ
729 749 1007 818 φωτισμὸς
1057 748 1234 801 ἔνεστι
1273 749 1349 820 τῷ
1395 751 1713 821 Εὐαγγελίῳ
1750 750 1844 803 τοῦ

274 834 533 903 Χριστοῦ,
584 838 633 888 εἰ
666 838 741 908 μὴ
778 838 910 900 Θεὸς
950 839 1086 903 ἐστι,
1137 840 1231 892 καὶ
1275 840 1352 903 ὡς
1381 841 1539 895 τοῦτο
1585 843 1846 913 ὑπάρχων

274 924 616 989 δεδόξασταις
655 928 777 991 Πῶς
823 928 867 981 δ’
917 929 984 981 ἂν
1026 930 1111 1000 εἴη
1144 930 1239 985 καὶ
1272 931 1436 985 εἰκὼν
1466 933 1562 985 τοῦ
1600 932 1756 993 Θεοῦ,
1794 934 1844 986 εἰ

278 1016 438 1086 μέχρι
466 1017 643 1086 μόνων
668 1019 773 1071 τῶν
804 1020 902 1090 τῆς
936 1019 1349 1091 ἀνθρωπότητος
1377 1024 1711 1092 ἀφικνεῖται,
1742 1023 1845 1077 οὐκ

274 1106 413 1176 ἔχων
445 1107 505 1160 τὸ
541 1105 680 1162 εἶναι
713 1111 854 1164 κατὰ
895 1112 1155 1183 ἀλήθειαν
1190 1112 1311 1175 Υἱὸς
1339 1114 1435 1166 καὶ
1463 1113 1629 1180 Θεὸς;

350 1213 369 1245 ι
396 1197 486 1249 Διὸ
536 1199 631 1251 καὶ
674 1199 1121 1271 φιλοτιμούμεθα,
1148 1202 1259 1253 εἴτε
1303 1201 1687 1271 ἐνδημοῦντες,
1730 1201 1842 1254 εἴτε

272 1286 650 1357 ἐκδημοῦντες,
675 1290 959 1361 εὐάρεστοι
990 1291 1137 1360 αὐτῷ
1168 1287 1325 1344 εἶναι.
1346 1293 1483 1354 Τοὺς
1506 1290 1614 1361 γὰρ
1636 1293 1842 1355 πάντας

272 1380 417 1448 ἡμᾶς
447 1380 827 1451 φανερωθῆναι
872 1383 951 1435 δεῖ
988 1382 1295 1453 ἔμπροσθεν
1338 1384 1429 1437 τοῦ
1465 1384 1706 1454 βήματος
1742 1383 1837 1436 τοῦ

270 1470 525 1540 Χριστοῦ,
557 1472 642 1525 ἴνα
680 1473 1064 1544 διακομίσηται
1097 1474 1325 1537 ἕκαστος
1349 1475 1417 1527 τὰ
1445 1475 1575 1527 scan
1603 1475 1695 1527 τοῦ
1734 1474 1839 1527 σώ-

272 1579 459 1629 ματος,
490 1563 626 1633 πρὸς
651 1564 687 1618 ἃ
713 1564 967 1634 ἔπραξεν,
998 1566 1107 1617 εἴτε
1149 1566 1369 1633 ἀγαθὸν,
1412 1567 1522 1619 εἴτε
1554 1567 1772 1636 φαῦλον.
1811 1586 1830 1618 ι

269 1653 329 1703 Εἰ
356 1654 503 1706 πᾶσα
532 1658 643 1718 τοῖς
675 1657 851 1722 ἁγίοις
882 1656 1084 1726 σπουδὴ
1127 1656 1187 1709 τὸ
1217 1657 1526 1727 εὐαρεστεῖν
1558 1656 1635 1727 τῷ
1675 1654 1793 1727 Θεῴ
1817 1696 1833 1722 ,

268 1745 691 1816 φιλοτιμούμεθα
727 1748 782 1801 δὲ
810 1749 1039 1803 τοιοῦτοι
1071 1749 1356 1818 φαίνεσθαι
1395 1749 1470 1819 τῷ
1497 1750 1734 1821 Χριστῷ,
1774 1750 1834 1802 τὸ

1954 576 2081 621 sunt
2107 583 2134 619 a
2168 566 2394 630 Satana,
2428 565 2518 635 qui
2547 564 2611 617 de
2642 563 2862 617 homine
2885 562 3152 625 sentiunt,
3180 561 3321 630 quod
3358 560 3521 616 homo

1953 654 2079 711 est?
2114 656 2299 720 Qualis
2339 664 2603 723 prseterea
2645 651 2972 706 illuminatio
3004 651 3055 705 in
3094 648 3300 707 Christi
3343 648 3519 703 Evau~

1948 746 2089 817 gelio
2128 754 2232 810 est,
2283 746 2329 798 si
2382 746 2495 814 ipse
2546 744 2688 797 Deus
2741 757 2847 797 non
2896 752 3000 803 est,
3048 757 3227 810 neque
3284 751 3341 793 ut
3376 741 3520 803 Deus

1947 837 2311 907 gloriﬁcatur?
2344 837 2448 902 Qui
2491 836 2727 904 denique
2757 836 2935 903 imago
2970 835 3061 889 Dei
3104 844 3206 900 est,
3243 833 3287 889 si
3330 850 3393 888 ea
3431 850 3521 890 so-

1946 929 2057 984 lum
2101 930 2339 998 attingit,
2370 945 2489 998 qua:
2527 930 2775 983 humanm
2811 936 2939 983 sunt
2973 928 3216 997 naturai,
3258 941 3435 997 neque
3466 928 3520 981 id

1945 1021 2128 1090 reipsa
2161 1020 2392 1085 obtinet,
2422 1028 2482 1074 ut
2508 1018 2675 1075 Filius
2707 1028 2761 1074 et
2790 1019 2933 1073 Deus
2967 1018 3077 1074 sit?

2020 1211 2043 1246 ι
2082 1193 2148 1248 Ει
2186 1195 2307 1252 ideo
2344 1197 2720 1252 contendimus
2753 1197 2867 1252 sive
2899 1194 3173 1259 absentes,
3215 1196 3330 1250 sive
3365 1210 3505 1265 pra:-

1941 1296 2129 1341 sentes
2167 1288 2379 1358 placere
2431 1288 2531 1342 illi.
2584 1288 2784 1344 Omnes
2837 1289 2979 1342 enim
3023 1302 3122 1343 nos
3179 1286 3515 1343 manilestari

1941 1389 2159 1445 Oportet
2192 1388 2317 1435 ante
2352 1378 2589 1433 tribunal
2617 1378 2841 1442 Christi,
2873 1388 2931 1431 ut
2974 1376 3173 1432 referat
3224 1377 3516 1445 unusquis-

1941 1482 2044 1536 que
2077 1469 2292 1537 propria
2316 1469 2585 1537 corporis,
2610 1478 2769 1537 prout
2799 1467 2983 1537 gessit,
3012 1469 3124 1522 sive
3156 1468 3374 1532 bonum,
3402 1468 3517 1525 sive

1916 1559 2141 1613 'malum
2172 1560 2239 1614 ³⁸.
2276 1579 2293 1612 ι
2328 1560 2383 1617 Si
2414 1562 2468 1616 in
2504 1577 2668 1615 unum
2707 1561 2809 1615 hoc
2848 1560 3020 1617 sancti
3052 1560 3369 1617 incumbunt
3398 1574 3515 1613 oui-

1938 1664 2054 1713 nes,
2086 1659 2144 1703 ut
2183 1649 2292 1705 Deo
2330 1652 2622 1720 placeant,
2659 1651 3049 1722 repudiatoque
3093 1650 3400 1707 mortalium
3438 1650 3516 1704 fa-

1936 1755 2085 1802 vore,
2119 1739 2382 1809 ejusmodi
2431 1757 2533 1797 nos
2559 1743 2778 1798 Christo
2822 1742 3055 1812 probare
3092 1743 3248 1798 enixe
3291 1750 3516 1799 conten-

266 1834 572 1905 ἀνθρώποις
617 1838 871 1906 ἀρέσκειν
925 1837 1380 1909 παραιτούμενοι·
1433 1837 1549 1901 πῶς
1594 1837 1653 1889 οὐ
1701 1837 1826 1899 Θεὸς

1935 1830 2111 1884 «limus
2141 1851 2154 1885 :
2199 1834 2470 1900 quomodo
2497 1833 2773 1889 Christum
2808 1834 2975 1888 Deum
3013 1848 3132 1888 esse
3160 1833 3377 1903 planum
3407 1849 3512 1888 non

266 1924 507 1996 ἐναργῶς
536 1928 563 1978 ὁ
594 1927 863 1994 Χριστός;
900 1927 1008 1979 Καὶ
1053 1928 1099 1978 εἰ
1147 1929 1323 1997 κρινεῖ
1366 1927 1465 1999 τὴν
1509 1927 1834 1996 οἰκουμένην

264 2018 447 2081 αὐτὸς,
488 2017 607 2081 ἑνὸς
643 2014 779 2071 εἶναι
822 2019 1114 2090 νομοθέτου
1147 2019 1442 2089 λεγομένου
1488 2020 1582 2072 καὶ
1620 2018 1833 2088 κριτοῦ,

265 2110 528 2180 πρόδηλον
562 2111 644 2163 ὅτι
674 2112 768 2164 καὶ
788 2112 928 2171 κατὰ
951 2113 1106 2168 τοῦτο
1125 2112 1256 2176 Θεός
1285 2115 1423 2179 ἑστι,
1448 2112 1542 2166 καὶ
1574 2113 1621 2164 εἰ
1645 2111 1836 2180 γέγονε

266 2201 401 2272 σὰρξ
434 2204 462 2256 ὁ
485 2204 682 2273 Λόγος.

339 2395 358 2428 ‹
380 2376 446 2430 Ἠ
473 2375 580 2448 γὰρ
607 2377 795 2448 ἀγάπη
821 2377 914 2431 τοῦ
938 2377 1073 2433 Θεοῦ
1099 2379 1313 2451 συνέχει
1342 2380 1509 2449 ἡμᾶς,
1542 2379 1836 2449 κρίναντας

264 2467 442 2531 τοῦτο,
508 2470 587 2523 ὅτι
621 2471 670 2523 εἰ
716 2465 795 2534 εἷς
848 2471 986 2542 ὑπὲρ
1025 2471 1241 2524 πάντων
1278 2470 1567 2536 ἀπέθανεν,
1628 2470 1738 2543 ἄρα
1783 2473 1833 2525 οἱ

262 2561 463 2623 πάντες
506 2560 794 2616 ἀπέθανον.
845 2562 957 2615 Καὶ
1006 2563 1144 2633 ὑπὲρ
1176 2560 1393 2616 πάντων
1421 2562 1710 2627 ἀπέθανεν,
1746 2563 1833 2616 ἵνα

257 2651 306 2703 οἱ
341 2650 561 2716 ζῶντες,
594 2653 791 2723 μηκέτι
819 2653 1029 2718 ἑαυτοῖς
1065 2652 1254 2718 ζῶσιν,
1287 2653 1425 2706 ἀλλὰ
1455 2652 1533 2722 τῷ
1567 2653 1706 2722 ὑπὲρ
1737 2654 1834 2706 αὐ-

256 2740 366 2795 τῶν
394 2741 716 2795 ἀποθανόντι
741 2743 836 2795 καὶ
861 2742 1159 2813 ἐγερθέντι.
1208 2763 1227 2795 ι
1255 2745 1318 2797 Εἰ
1341 2745 1539 2807 πάντες
1561 2743 1619 2796 ἓν
1642 2746 1830 2814 ὲσμεν,

262 2828 354 2880 καὶ
398 2828 547 2898 αὐτῷ
585 2828 683 2898 ζῇν
730 2829 1023 2899 εὐχόμεθα,
1062 2833 1563 2903 κατασεμνύνοντες
1590 2833 1831 2901 δηλονότι

254 2918 345 2970 τὸν
368 2918 577 2973 ἑαυτῶν
599 2919 710 2989 βίον
732 2918 819 2973 διά
844 2920 1025 2989 γεοτοῦ
1047 2926 1247 2993 χρῆναι
1275 2923 1515 2995 πληροῦν
1534 2926 1593 2979 τὸ
1619 2925 1745 2995 θέλη
1755 2944 1832 2996 μα

259 3009 447 3073 αὑτοῦ,
471 3010 651 3080 ζῶμεν
678 3010 736 3064 δὲ
766 3011 845 3082 τῷ
871 3014 1119 3085 Χριστῷ·
1149 3015 1266 3080 πῶς
1299 3017 1359 3069 οὐ
1392 3016 1523 3081 Θεὸς
1550 3018 1633 3087 εἴη
1667 3018 1751 3082 ἂν,
1786 3011 1831 3085 ᾧ

253 3104 565 3173 κεχρεωστή
576 3103 733 3173 μεθα,
757 3105 850 3157 καὶ
872 3105 971 3176 ζῇν
992 3106 1385 3179 σπουδάζομεν,
1406 3111 1481 3172 ὡς
1507 3110 1647 3179 ὑπὲρ
1668 3110 1828 3180 ἡμῶν

251 3191 524 3257 τεθνεῶτι,
550 3194 645 3247 καὶ
673 3194 961 3266 πριαμένῳ
990 3196 1197 3263 πάντας
1226 3199 1421 3269 αἵματι
1451 3199 1528 3271 τῷ
1567 3200 1719 3271 ἰδίως

327 3456 539 3526 «Ὑπὲρ
581 3457 819 3529 Χριστοῦ
863 3457 957 3515 οῦν
1007 3464 1403 3535 πρεσϐεύομεν,
1435 3465 1511 3531 ὡς
1553 3465 1649 3519 τοῦ
1687 3466 1822 3521 Θεοῦ

248 3547 688 3619 παρακαλοῦντος
736 3550 801 3605 δι’
832 3551 1019 3623 ἡμῶν
1064 3555 1299 3625 δεόμεθα
1354 3558 1495 3629 ὑπὲρ
1543 3559 1778 3629 Χριστοῦ
1806 3600 1821 3624 ,

247 3640 621 3711 καταλλάγητε
653 3641 730 3712 τῷ
751 3642 889 3715 Θεῷ.
918 3663 937 3696 ›
958 3642 1323 3716 Ἐπιτήρησον
1353 3649 1434 3702 ὅτι
1464 3650 1823 3720 πρεσϐεύουσι

250 3729 348 3797 μὲν
377 3729 514 3800 ὑπὲρ
544 3731 805 3801 Χριστοῦ,
834 3735 1267 3804 παρακαλεῖσθαι
1305 3737 1364 3790 δὲ
1391 3738 1643 3807 λέγουσιν
1675 3742 1822 3811 ἡμᾶς

247 3819 351 3871 ὑπὸ
377 3818 468 3872 τοῦ
503 3820 657 3875 Θεοῦ.
704 3818 837 3875 Εἶτα
868 3825 1065 3892 πάλιν,
1105 3845 1123 3877 ι
1154 3826 1417 3898 Δεόμεθα,
1452 3831 1638 3902 φησιν,
1679 3832 1821 3902 ὑπὲρ

245 3908 502 3977 Χριστοῦ,
535 3912 909 3984 καταλλάγητε
955 3914 1030 3985 τῷ
1077 3916 1214 3988 Θεῷ.
1248 3938 1264 3968 ι
1296 3919 1428 3983 Θεὸς
1466 3917 1557 3974 οὗν
1592 3922 1697 3993 ἄρα
1727 3925 1821 3977 καὶ

245 4000 494 4070 Χριστὸς,
531 3995 574 4069 ᾧ
603 4003 1179 4078 καὶικατηλλαγμένοι,
1212 4009 1333 4081 Θεῷ
1363 4013 1813 4083 κατηλλάγμεθα.

317 4177 502 4232 «Ἀλλ’
535 4179 594 4233 ἐν
643 4182 802 4235 παντὶ
854 4186 1201 4249 συνιστάντες
1249 4188 1496 4254 ἑαυτοὺς,
1551 4190 1627 4255 ὡς
1680 4192 1815 4245 Θεοῦ

240 4267 495 4322 διάκονοι.
532 4287 551 4320 ι
586 4270 646 4322 Οἱ
678 4270 809 4323 Θεοῦ
840 4272 1121 4343 λεγόμενοι
1158 4272 1298 4330 εἶναι
1335 4278 1593 4343 διάκονοι,
1629 4282 1812 4353 εἴρην-

239 4375 328 4412 ται
353 4358 448 4413 καὶ
476 4361 733 4429 Χριστοῦ.
758 4362 890 4427 Θεὸς
911 4361 1003 4418 οὖν
1030 4366 1137 4438 ἄρα
1159 4369 1412 4438 Χριστός.
1448 4390 1465 4421 ι
1488 4372 1677 4441 Ἡμεῖς
1701 4374 1807 4444 γὰρ

240 4448 357 4501 ναοί
400 4449 566 4519 ὲσμεν
614 4451 746 4504 Θεοῦ
796 4452 1013 4518 ζῶντος,
1062 4456 1243 4521 καθὼς
1285 4453 1437 4512 εἶπεν
1469 4462 1497 4515 ὁ
1528 4462 1697 4529 Θεὸς,
1725 4466 1810 4519 ὄτι

253 4541 548 4613 Ἐνοικήσω
565 4545 621 4597 ἐν
653 4545 857 4611 αὐτοῖς,
877 4547 972 4599 καὶ
987 4550 1012 4601 ὲ
1020 4554 1336 4622 μπεριπατή
1346 4569 1423 4606 σω
1440 4570 1453 4584 ⁸
1492 4556 1587 4608 καὶ
1607 4555 1802 4627 ἔσομαι

1928 4560 2051 4614 sicut
2107 4560 2237 4614 dicit
2277 4560 2419 4617 Deus

238 4632 418 4685 αὐτῶν
448 4633 602 4701 Θεὸς,
644 4637 738 4690 καὶ
771 4638 923 4691 αὐτοὶ
952 4638 1163 4692 ἔσονταί
1214 4659 1304 4711 μοι
1352 4643 1499 4708 λαός.
1528 4664 1547 4697 ι
1597 4646 1659 4700 Εἰ
1693 4649 1812 4702 ναοὶ

238 4724 373 4776 Θεοῦ
423 4724 621 4790 ζῶντός
670 4730 871 4798 ἐσμεν,
920 4729 995 4793 ὡς
1048 4733 1381 4797 ἐνοικοῦντος
1437 4737 1493 4789 ἐν
1541 4738 1671 4807 ἡμῖν
1718 4739 1810 4793 τοῦ

239 4813 571 4884 Πνεύματος,
599 4816 629 4868 ὃ
677 4818 768 4870 καὶ
813 4815 949 4872 εἶναι
993 4819 1207 4889 λέγεται
1241 4822 1336 4877 τοῦ
1369 4825 1604 4895 Χριστοῦ
1637 4827 1699 4899 (ι
1733 4831 1798 4883 Εἰ

237 4902 345 4974 γάρ
374 4921 480 4969 τις,
510 4908 665 4977 φησι,
693 4909 917 4979 Πνεῦμα
954 4910 1191 4982 Χριστοῦ
1219 4914 1320 4967 οὐκ
1362 4915 1494 4985 ἔχει,
1526 4912 1679 4982 οὗτος
1708 4920 1810 4974 οὐκ

239 4995 384 5048 ἐστιν
412 4997 575 5049 αὐτοῦ
601 5018 619 5051 ι
643 4999 692 5069 )’
724 4999 840 5065 πῶς
869 5002 929 5055 οὐ
965 5003 1096 5068 Θεὸς
1122 5005 1150 5056 ὁ
1176 5006 1443 5077 Χριστό;;

312 5186 331 5219 ¢
360 5170 687 5242 Λογισμούς,
721 5174 874 5244 φησὶ,
905 5176 1313 5249 καθαιροῦντες,
1339 5180 1433 5233 καὶ
1472 5184 1580 5237 πᾶν
1608 5184 1807 5257 ὕψωμα

236 5260 590 5331 ἐπαιρόμενον
612 5266 752 5319 κατὰ
776 5268 875 5335 τῆς
903 5268 1155 5335 γνώσεως
1180 5270 1276 5324 τοῦ
1297 5271 1454 5338 Θεοῦ,
1485 5276 1579 5327 καὶ
1604 5278 1805 5347 αἰχμα-

236 5349 550 5418 λωτίζοντες
573 5358 679 5409 πᾶν
703 5358 880 5430 νόημα
901 5362 979 5423 εζς
1003 5361 1101 5432 τὴν
1124 5362 1370 5434 ὑπακοὴν
1395 5365 1485 5417 τοῦ
1507 5368 1795 5438 Χριστοῦ.»

1938 1923 2063 1977 est?
2106 1922 2342 1976 Rursum
2386 1925 2430 1976 si
2470 1925 2561 1977 ille
2605 1935 2872 1979 terrarum
2933 1926 3116 1978 orbem
3172 1924 3513 1993 judicaturus

1937 2025 2019 2067 est
2055 2011 2177 2082 (nec
2203 2015 2343 2068 enim
2398 2015 2537 2070 alius
2563 2024 2618 2068 et
2647 2014 2784 2070 alius
2814 2025 2899 2069 est
2928 2016 3201 2083 legislator
3224 2026 3279 2069 et
3302 2014 3465 2083 judex
3492 2054 3507 2077 ,

1936 2105 2032 2158 sed
2080 2121 2221 2159 unus
2264 2114 2321 2159 et
2367 2105 2507 2159 idem
2542 2107 2630 2174 a"),
2680 2107 2761 2160 vel
2816 2108 2917 2162 hac
2967 2121 3180 2176 quoque
3227 2109 3294 2160 de
3346 2120 3510 2159 causa

1936 2191 2278 2259 perspicuum
2318 2194 2519 2261 evadit,
2563 2195 2706 2263 quod
2748 2195 2888 2250 Deus
2921 2204 3039 2261 est,
3077 2196 3289 2250 tametsi
3329 2197 3510 2249 incar~

1941 2289 2104 2333 natus
2146 2290 2250 2335 681.

2004 2371 2113 2440 67
2137 2388 2154 2422 ι
2177 2372 2427 2427 Charitas
2454 2372 2596 2427 enim
2632 2372 2831 2428 Christi
2857 2384 3011 2443 urget
3039 2387 3156 2438 nos,
3178 2375 3510 2428 aestimantes

1935 2464 2077 2529 hoc,
2110 2466 2366 2533 quoniam
2418 2465 2463 2520 si
2496 2481 2635 2520 unus
2681 2481 2779 2536 pro
2824 2466 3073 2521 omnibus
3117 2478 3361 2520 mortuus
3393 2478 3508 2530 est,

1935 2570 2065 2625 ergo
2089 2570 2278 2611 omnes
2312 2557 2509 2611 mortui
2541 2566 2685 2612 sunt.
2722 2556 2789 2610 Et
2829 2572 2926 2627 pro
2968 2558 3222 2612 omnibus
3266 2566 3510 2611 mortuus

1933 2657 2016 2700 est
2050 2645 2294 2702 Christus
2315 2685 2331 2714 ,
2366 2658 2424 2703 ut
2459 2658 2515 2703 et
2543 2648 2633 2719 qui
2664 2650 2872 2714 vivunt,
2896 2650 3007 2719 jam
3038 2665 3143 2703 non
3173 2650 3275 2705 sibi
3300 2649 3506 2711 vivant,

1940 2738 2035 2792 scd
2069 2738 2120 2792 ei
2151 2740 2240 2809 qui
2274 2754 2375 2808 pro
2411 2742 2542 2811 ipsis
2574 2753 2823 2797 mortuus
2864 2753 2976 2808 est,
3004 2750 3057 2796 et
3085 2741 3384 2796 resurrexit
3404 2740 3501 2793 ⁸ο.»

1937 2823 1993 2881 Si
2052 2842 2242 2884 omnes
2294 2844 2459 2882 unum
2520 2830 2572 2882 in
2632 2830 2748 2898 ipso
2800 2847 3006 2898 sumus,
3067 2831 3278 2901 ipsique
3328 2832 3510 2885 vivere

1934 2926 2306 2985 peroptamus,
2342 2918 2509 2974 vitam
2548 2928 2787 2973 nostram
2822 2936 2925 2975 una
2959 2922 3059 2975 hac
3093 2922 3300 2975 ratione
3338 2920 3507 2975 hone-

1933 3018 2071 3063 stam
2102 3009 2411 3072 reddentes.
2448 3012 2493 3066 si
2523 3012 2727 3067 Christi
2763 3013 3194 3067 obsecundemus
3219 3011 3505 3074 voluntati,

1931 3100 2115 3170 illique
2150 3101 2394 3158 vivamus
2436 3119 2450 3155 :
2486 3106 2755 3173 quomodo
2804 3105 2850 3160 is
2897 3104 3040 3159 Deus
3082 3103 3357 3158 habendus
3399 3120 3504 3157 non

1852 3180 1895 3237 C
1929 3199 2028 3251 est,
2068 3193 2154 3247 cui
2189 3202 2243 3246 ει
2275 3195 2492 3248 obnoxii
2530 3211 2736 3259 sumus,
2770 3206 2825 3250 et
2860 3197 2943 3250 cui
2984 3197 3167 3251 vivere
3206 3196 3504 3261 studemus,

1931 3292 2186 3352 tanquam
2235 3284 2308 3338 illi
2354 3286 2442 3354 qui
2494 3288 2668 3341 nostri
2716 3303 2876 3343 causa
2920 3297 3147 3343 mortem
3186 3287 3502 3355 oppetierit,

1929 3388 2136 3441 suoque
2166 3377 2429 3439 sanguine
2454 3392 2644 3432 omnes
2675 3377 2976 3431 coemerit?

2005 3480 2024 3513 ι
2068 3463 2173 3518 Pro
2198 3465 2420 3519 Christo
2453 3482 2583 3537 ergo
2611 3466 2881 3537 legatione
2910 3466 3206 3538 fungimur,
3244 3476 3501 3539 tanquam

1925 3550 2036 3607 Deo
2067 3552 2390 3608 exhortante
2431 3570 2527 3623 per
2585 3570 2684 3610 nos
2712 3569 2728 3607 :
2761 3557 3112 3610 obsecramus
3143 3572 3239 3625 pro
3261 3557 3499 3622 Christo,

1928 3641 2357 3697 reconciliamini
2391 3642 2504 3698 Deo
2526 3641 2593 3697 “.
2631 3662 2649 3695 ι
2704 3641 2946 3698 Observa
2984 3645 3101 3711 hic,
3132 3645 3271 3714 quod
3299 3645 3499 3701 Chriin

1924 3731 2140 3785 nomine
2171 3732 2439 3802 legatione
2475 3733 2768 3805 fungantur
2803 3735 3066 3804 apostoli,
3114 3736 3363 3805 quodque
3405 3752 3501 3804 per

1921 3837 1979 3878 se
2008 3838 2104 3878 nos
2138 3838 2167 3877 a
2206 3823 2314 3879 Deo
2344 3826 2629 3881 admoueri
2680 3835 2946 3881 asseram.
2995 3826 3196 3881 Deinde
3236 3843 3447 3882 rursum
3479 3844 3494 3879 :

1933 3936 1952 3969 ι
1992 3917 2388 3981 Obsecratnus,
2422 3916 2635 3986 inquit,
2684 3932 2783 3987 pro
2818 3917 3055 3979 Christo,
3079 3916 3496 3971 reconciliamini

1920 4009 2050 4063 Deo.
2084 4027 2103 4063 ›
2138 4007 2279 4063 Deus
2312 4008 2494 4077 itaque
2525 4016 2609 4061 est
2641 4008 2910 4075 Christus,
2940 4011 3136 4079 quippe
3181 4009 3267 4063 cui
3306 4023 3495 4065 recon-

1919 4101 2110 4165 ciliati,
2146 4100 2255 4155 Deo
2283 4098 2620 4155 reconciliati
2656 4115 2868 4154 sumus.

1998 4210 2017 4244 ι
2057 4192 2162 4248 Sed
2191 4194 2244 4247 in
2274 4194 2527 4249 omnibus
2554 4195 2907 4248 exhibeamus
2940 4193 3321 4259 nosmetipsos,
3352 4194 3494 4247 sicut

1918 4285 2012 4341 Dei
2045 4286 2322 4340 ministros
2349 4286 2421 4341 δ’.
2457 4306 2477 4341 ι
2528 4287 2629 4354 Qui
2684 4287 2771 4341 hic
2811 4286 2902 4341 Dei
2948 4286 3180 4340 ministri
3218 4285 3492 4351 dicuntur,

1918 4376 1971 4431 hi
2022 4376 2150 4432 alibi
2196 4377 2397 4433 Christi
2448 4380 2684 4433 ministri
2730 4379 3087 4449 appellantur.
3132 4379 3277 4433 Deus
3311 4379 3495 4446 itaque

1916 4468 2178 4523 Christus.
2250 4486 2270 4520 ι
2326 4470 2435 4523 Vos
2492 4470 2636 4525 enim
2689 4472 2821 4528 estis
2874 4472 3131 4540 templum
3184 4471 3281 4527 Dei
3338 4472 3492 4534 vivi,

2460 4581 2474 4616 :
2525 4562 2837 4618 lnhabitabo
2880 4564 2935 4618 in
2976 4564 3106 4626 illis,
3150 4573 3205 4618 et
3248 4563 3495 4617 inambit-

1916 4650 2039 4707 labo
2086 4668 2099 4704 :
2160 4662 2216 4705 et
2257 4667 2350 4706 ero
2404 4652 2613 4707 illorum
2680 4655 2853 4721 Deus,
2902 4663 2956 4709 et
3001 4655 3102 4723 ipsi
3153 4661 3314 4710 erunt
3364 4653 3492 4707 mihi

1911 4744 2227 4813 pepulus".
2266 4764 2284 4797 ι
2323 4743 2378 4799 Si
2413 4745 2516 4799 vivi
2564 4745 2656 4801 Dei
2711 4746 2904 4815 templa
2947 4760 3158 4810 sumus,
3209 4743 3373 4798 veluti
3410 4743 3496 4796 iu-

1918 4835 2193 4891 hahitante
2233 4838 2285 4890 in
2322 4837 2477 4892 nobis
2524 4837 2751 4909 Spiritu,
2783 4838 2877 4909 qui
2923 4848 2977 4895 et
3021 4838 3223 4894 Christi
3276 4848 3495 4907 quoque

1917 4925 2153 4993 Spiritus
2206 4940 2327 4982 esse
2378 4928 2576 4983 dicitur
2623 4928 2731 5000 (ait
2778 4930 2921 4984 enim
2971 4928 3308 4999 Apostolus:
3359 4943 3381 4979 ι
3433 4924 3494 4980 Si

1915 5016 2037 5084 quis
2088 5016 2292 5072 Christi
2350 5018 2613 5095 Spiritum
2674 5035 2777 5072 non
2842 5019 3039 5084 habet,
3095 5020 3185 5073 hie
3238 5033 3341 5071 non
3412 5024 3496 5071 est

1913 5103 2031 5171 ejus
2064 5103 2113 5176 ι)
2148 5121 2161 5159 :
2193 5108 2460 5173 quomodo
2488 5107 2741 5162 Christus
2779 5124 2883 5162 non
2924 5116 3006 5162 est
3039 5107 3221 5161 Deus?

1991 5213 2010 5246 ‹
2069 5196 2306 5251 Consilia
2353 5198 2728 5263 destruentes,
2778 5209 2832 5253 et
2880 5215 3094 5253 omnem
3146 5198 3491 5251 altitudinem

1914 5289 2257 5344 extollentem
2284 5303 2344 5344 se
2371 5292 2629 5345 adversus
2660 5293 2943 5346 scientiam
2975 5291 3100 5354 Dei,
3134 5300 3188 5345 et
3220 5292 3272 5343 in
3324 5290 3492 5358 capti-

1910 5378 2131 5434 vitatem
2196 5380 2500 5450 redigcnlcs
2558 5397 2772 5439 omnem
2828 5384 3161 5439 intellectum
3216 5383 3266 5436 in
3331 5382 3489 5436 obse-

292 5485 336 5516 ³⁸
364 5487 619 5558 llCor.v,
649 5492 699 5547 9.
780 5494 822 5527 δ’
851 5493 965 5551 Jac.
1002 5510 1076 5564 IV,
1108 5497 1193 5552 ιε.
1269 5499 1314 5531 ιο
1349 5499 1388 5553 ιι
1418 5500 1543 5555 Cor.
1575 5518 1626 5568 ν,
1661 5505 1746 5569 ιιι,
1792 5506 1826 5559 ι.

1952 5508 1994 5540 ⁸⁵¹
2027 5508 2067 5564 ll
2086 5510 2208 5567 Cor.
2231 5527 2283 5576 ν,
2307 5514 2399 5570 ‘20.
2476 5515 2520 5548 “
2549 5515 2592 5571 ll
2622 5516 2745 5573 Cor.
2771 5531 2847 5583 γι,
2869 5516 2920 5571 4.
2998 5516 3043 5550 ⁸³
3074 5516 3232 5582 ibid.,
3266 5512 3353 5570 i6.

1314 5659 1487 5715 Varia.-
1512 5661 1772 5721 lcctiuncs
1802 5669 1999 5725 codicis
2030 5668 2382 5741 Seguieriani.

307 5768 331 5795 η
365 5757 488 5812 ἴδια.
