4044 6332
536 388 561 444 ι
576 388 674 445 243

1525 392 1584 445 S.
1625 390 1897 447 CYRILLI
1934 390 2399 449 AEEXANDRINI
2438 390 2756 448 AilCﬂlEP.

3656 388 3822 442 ιειι

535 505 718 573 quium
749 501 945 556 Christi
973 503 1037 556 “.
1070 521 1087 552 ι
1121 504 1187 556 At
1218 504 1483 571 quomodo
1514 520 1725 560 omnem
1759 508 2096 561 altitudinem

2224 508 2337 560 Γίνα
2373 507 2574 578 τρόπον
2602 506 3011 577 καθαιρήσομεν
3043 507 3151 559 πᾶν
3183 506 3384 577 ὕψωμα
3423 504 3821 577 ἐπαιρόμενον

537 596 795 648 adversus
821 595 912 648 Dei
942 596 1219 650 scientiam
1250 612 1308 650 se
1330 598 1680 652 extollentem
1708 599 2107 654 demolientur?

536 694 629 735 aut
697 699 803 751 qua
859 685 1072 737 tandem
1136 686 1342 739 ratione
1392 702 1605 739 omnem
1662 689 1989 742 intellectum
2053 690 2103 742 in

536 774 737 827 Christi
786 774 1103 843 obsequium
1142 778 1411 845 captivum
1458 779 1760 833 ducemus?
1807 781 1947 834 Sane
1974 779 2107 834 Ver-

537 865 663 919 bum
690 878 881 933 sponte
910 883 968 921 se
1018 869 1334 933 exiuanivit,
1380 867 1524 923 Patri
1568 886 1735 938 usque
1770 873 1835 924 ad
1880 884 2108 926 mortem

536 957 739 1009 factum
776 957 1035 1011 obediens
1060 958 1125 1012 ⁸³.
1168 961 1393 1023 Quando
1426 960 1587 1028 igitur
1631 978 1693 1013 ex
1733 962 1797 1013 iis
1837 978 1955 1025 qua:
1987 978 2111 1031 pro-

536 1056 656 1117 pter
677 1064 917 1113 carnem,
939 1050 1292 1119 humanumque
1321 1062 1525 1106 natura:
1559 1052 1947 1118 inﬁrmitatem,
1984 1054 2091 1106 dis-

537 1141 854 1207 pensatoris
913 1141 980 1192 ab
1011 1156 1076 1194 eo
1102 1142 1242 1194 dicta
1274 1142 1356 1193 vel
1395 1142 1533 1195 facta
1576 1152 1720 1207 sunt,
1760 1144 1974 1211 quidam
2016 1144 2107 1196 ad-

539 1243 733 1283 versus
771 1230 889 1284 Filii
926 1232 1206 1285 scientiam
1245 1248 1365 1286 sese
1393 1234 1692 1301 erigentes,
1728 1249 1849 1289 eum
1885 1236 1972 1302 qui
2012 1236 2110 1288 hu-

542 1336 699 1373 ntaua
729 1320 899 1374 forma
940 1338 998 1376 se
1044 1323 1237 1387 induit,
1280 1324 1443 1377 Deum
1477 1339 1662 1377 verum
1702 1327 2110 1395 naturalemque

545 1412 640 1468 Dei
676 1414 866 1467 Filium
891 1431 1011 1470 esse
1049 1416 1452 1479 inﬁciabuntur,
1491 1427 1617 1471 tunc
1644 1418 1856 1471 demum
1893 1433 2109 1473 onmem

542 1505 884 1559 altitudinem
915 1523 972 1561 se
1001 1508 1315 1562 eli‘ereutem
1352 1509 1793 1578 comprimemus,
1837 1512 1880 1563 si
1924 1524 2110 1562 eormn

540 1596 632 1663 qui
664 1595 851 1650 isthmc
888 1612 1078 1665 sapere
1108 1600 1465 1662 decreverint,
1516 1599 1855 1667 opinationes
1896 1610 2112 1655 everte-

540 1702 693 1751 mus,
735 1688 848 1759 68
901 1704 1225 1758 omnemque
1274 1690 1605 1743 intellectum
1671 1692 1737 1744 ad
1792 1692 2112 1745 obedientize

2214 598 2353 649 κατὰ
2380 596 2479 665 τῆς
2510 596 2759 663 γνώσεως
2791 595 2885 649 τοῦ
2907 596 3042 649 Θεοῦ
3062 615 3076 663 ;
3100 598 3133 668 ἢ
3160 597 3276 659 πῶς
3304 595 3818 667 αἰχμαλωτιοῦμεν

2212 688 2319 739 πᾶν
2348 686 2524 757 νόημα
2550 688 2631 749 είς
2661 688 2758 757 τὴν
2790 687 3037 757 ὑπακοὴν
3063 687 3157 740 τοῦ
3191 687 3461 758 Χριστοῦ;
3496 689 3813 741 Κεκένωκε

2210 778 2318 846 γὰρ
2351 779 2541 831 ἑαυτὸν
2578 782 2605 831 ὀ
2636 780 2805 847 Λόγος
2854 779 3013 844 ἑκὼν,
3048 780 3144 833 καὶ
3168 780 3389 847 γέγονεν
3423 781 3673 850 fatigatae;
3718 778 3815 847 τῷ

2216 867 2395 937 Πατρὶ
2426 869 2587 938 μέχρι
2616 868 3041 921 θανάτου.”οταν
3070 869 3247 921 τοίνυν
3288 869 3352 921 ἐκ
3380 869 3486 922 τῶν
3514 871 3815 936 οἰκονομι-

2214 958 2325 1020 κῶς
2356 959 2387 1029 ἢ
2418 960 2819 1029 πεπραγμένων
2849 959 2881 1029 ἦ
2917 962 3241 1031 εἰρημένων,
3268 959 3353 1013 διά
3381 978 3444 1027 γε
3474 960 3575 1030 τήν
3608 960 3815 1025 σάρκα

2211 1052 2305 1102 καὶ
2346 1051 2405 1103 τὸ
2442 1051 2801 1122 ἀνθρώπινον,
2833 1051 3269 1123 κατεπαίρωνταί
3309 1069 3453 1115 τινες
3503 1050 3607 1118 τῆς
3655 1047 3816 1117 γνὼ-

2218 1158 2353 1205 σεως
2400 1142 2493 1194 τοῦ
2529 1142 2677 1206 Υίοῦ,
2728 1144 2980 1211 λέγοντες
3014 1145 3116 1196 οὐκ
3145 1138 3282 1195 εἶναι
3321 1142 3451 1194 Θεὸν
3481 1139 3667 1208 ἀληθῆ
3702 1139 3817 1191 καὶ

2217 1234 2344 1287 Υἱὸν
2379 1234 2520 1287 κατὰ
2552 1234 2711 1303 φύσιν
2738 1235 2830 1288 τὸν
2862 1237 2920 1287 ἐν
2954 1234 3268 1305 ἀνθρωπεία
3302 1232 3655 1303 μορφῇ·τότε
3688 1232 3813 1282 πᾶν

2216 1326 2416 1396 ὕψωμα
2448 1327 2805 1398 ἐπαιρόμενον
2852 1326 3275 1397 καθαιρήσομεν,
3304 1326 3402 1387 τὰς
3446 1324 3557 1376 τῶν
3604 1324 3817 1374 ἐκεῖνα

2210 1420 2405 1486 φωνεῖν
2438 1417 2727 1487 ᾑρημένων
2757 1416 3155 1486 ἀνατρέποντες
3177 1414 3353 1479 δόξας,
3388 1414 3479 1466 καὶ
3525 1410 3811 1481 περιτρέ-

2209 1526 2401 1572 ποντες
2428 1511 2534 1563 πᾶν
2573 1510 2751 1579 νόημα
2788 1510 2867 1571 είς
2905 1507 3003 1578 τὴν
3031 1507 3131 1576 τῆς
3168 1506 3414 1575 ὑπακοῆς
3445 1502 3809 1567 οἰκονομίαν.

2208 1602 2300 1652 Δεῖ
2331 1600 2439 1671 γὰρ
2468 1603 2526 1653 ἐν
2552 1602 2663 1663 τοῖς
2700 1598 2800 1668 τῆς
2832 1597 3249 1669 ἀνθρωπότητος
3286 1597 3504 1668 μέτροις
3528 1595 3817 1663 γεγονότα

2208 1693 2300 1745 τὸν
2330 1692 2458 1745 Υἱὸν
2491 1692 2565 1762 μὴ
2597 1689 2979 1762 παραιτεῖσθαι
3005 1690 3073 1742 τὰ
3103 1688 3433 1762 ἀνθρώπινα.

540 1780 996 1845 dispensationem
1025 1791 1424 1835 convertemus.
1464 1782 1685 1849 Oportet
1717 1783 1859 1837 enim
1891 1782 2108 1845 Filium,
2150 1785 2240 1852 qui
2271 1784 2323 1837 iu
2356 1785 2605 1839 humana:
2639 1795 2848 1838 natura:
2915 1797 3166 1837 mensura
3236 1790 3485 1850 statuque
3516 1778 3816 1849 apparuit,

541 1883 662 1937 qua:
692 1871 942 1923 humana:
976 1880 1178 1925 natura:
1208 1872 1425 1940 propria
1456 1880 1603 1935 sunt,
1633 1886 1738 1924 non
1773 1873 2037 1925 aversari.

956 1981 1038 2035 Ex
1081 1982 1318 2052 Epistola
1353 1988 1421 2040 ad
1462 1986 1707 2043 Galatas.

618 2108 637 2141 ι
673 2089 785 2160 Ego
810 2091 953 2145 enim
987 2108 1082 2160 per
1114 2094 1283 2163 legem
1317 2096 1415 2163 legi
1447 2107 1689 2153 mortuus
1733 2115 1876 2163 sum,
1918 2112 1973 2154 ut
2006 2101 2115 2158 Deo

540 2180 759 2232 vivam:
803 2179 1020 2234 Christo
1068 2184 1318 2237 conﬁxus
1367 2201 1484 2239 sum
1543 2187 1717 2242 cruci.
1753 2187 1889 2243 Vivo
1933 2201 2112 2244 autem

537 2271 650 2338 jam
692 2285 796 2324 nou
831 2287 952 2339 ego,
986 2273 1117 2326 vivit
1142 2289 1269 2327 vero
1318 2275 1370 2329 iu
1414 2293 1499 2331 me
1525 2276 1792 2334 Christus.
1825 2281 1978 2347 Quod
2020 2299 2117 2336 au-

543 2371 650 2414 tem
684 2378 825 2416 nunc
859 2365 977 2417 vivo
1010 2364 1061 2417 in
1096 2381 1279 2431 carne,
1314 2367 1366 2433 iu
1403 2370 1509 2421 ﬁde
1538 2371 1662 2425 vivo
1693 2370 1815 2425 Filii
1859 2372 1990 2439 Dei,
2021 2377 2113 2445 qui

549 2453 738 2508 dilexit
780 2468 901 2517 me,
965 2465 1021 2508 et
1061 2456 1278 2510 tradidit
1325 2460 1672 2529 semetipsum
1717 2478 1813 2531 pro
1870 2480 1955 2519 me
1979 2465 2043 2521 “.
2092 2486 2111 2519 ι

544 2544 684 2610 Quid
713 2546 925 2599 divinus
956 2545 1153 2602 Paulus
1186 2550 1287 2603 hoc
1323 2552 1443 2605 loco
1485 2552 1663 2619 dicat,
1695 2556 1981 2626 diligenter
2027 2575 2120 2614 cx-

545 2638 882 2705 peudeudum
912 2648 1017 2693 est.
1060 2638 1169 2694 Lex
1215 2656 1375 2709 quam
1416 2644 1553 2699 Deus
1598 2648 1981 2716 prophetarum
2025 2668 2120 2707 ore

546 2730 1012 2798 promulgaverat,
1039 2733 1303 2797 ejusmodi
1351 2744 1510 2789 erat:
1550 2754 1568 2787 ι
1602 2735 1792 2795 Justus
1834 2752 2014 2795 autem
2050 2758 2117 2797 ex

548 2821 652 2875 ﬁde
708 2820 855 2874 vivet
884 2822 948 2876 ⁸⁷.
992 2841 1011 2875 ι
1052 2823 1183 2878 Erat
1239 2834 1294 2880 et
1354 2842 1450 2893 per
1503 2826 1720 2900 Moysen
1770 2846 1985 2902 quoque
2032 2832 2120 2888 lex

548 2916 677 2969 lata.
718 2911 809 2967 Ait
849 2928 1021 2985 ergo:
1064 2914 1213 2971 Fidei
1260 2918 1433 2986 legem
1477 2922 1811 2991 complexus,
1856 2924 1959 2994 legi
2002 2926 2120 2980 Mo-

547 3006 707 3060 saicaa
752 3014 997 3062 mortuus
1047 3023 1207 3075 sum;
1254 3010 1360 3066 hoc
1402 3024 1506 3080 est,
1553 3028 1674 3082 qua:
1709 3016 1982 3072 veteribus
2028 3034 2123 3086 per

549 3099 771 3151 umbras
803 3108 857 3150 et
892 3099 1091 3167 ﬁguras
1129 3102 1393 3169 praeﬁnita
1423 3114 1611 3171 erant,
1645 3120 1707 3159 ea
1750 3109 1978 3177 amplius
2013 3125 2121 3164 nou

553 3197 770 3253 ριτιξδιο.
800 3189 912 3244 lloc
944 3195 1115 3261 ipsum
1148 3195 1292 3247 enim
1335 3205 1418 3250 est
1459 3198 1560 3267 legi
1593 3198 1843 3255 Mosaicae
1882 3212 2124 3258 mortuos

2624 1993 2720 2044 Ἐκ
2760 1989 2867 2059 τῆς
2904 1990 3053 2059 πρὸς
3090 1988 3388 2055 Γαλάτας.

2288 2102 2471 2173 (Ἐγὼ
2518 2102 2626 2171 γὰρ
2675 2102 2762 2155 διὰ
2811 2102 2977 2172 νόμου
3026 2102 3176 2172 νόμῳ
3203 2101 3491 2165 ἀπέθανον,
3537 2100 3635 2154 ἵνα.
3684 2099 3818 2168 Θεῷ

2217 2197 2368 2266 ζήσω
2398 2211 2410 2222 ·
2436 2193 2655 2266 Χριστῷ
2700 2193 3167 2264 συνεσταύρωμαι.
3200 2192 3284 2246 Ζῶ
3317 2193 3372 2244 δὲ
3403 2193 3503 2245 οὐκ
3547 2192 3637 2245 ἔτι
3667 2192 3817 2258 ἐγὼ.

2217 2286 2283 2356 ζῇ
2318 2287 2374 2338 δὲ
2420 2288 2478 2338 ἐν
2528 2288 2651 2357 ἐμοὶ
2681 2285 3010 2357 Χριστός.⁰(ὶ
3041 2285 3099 2338 δὲ
3144 2284 3239 2338 νῦν
3284 2284 3360 2349 ζῶ
3408 2287 3465 2338 ἐν
3516 2285 3717 2354 σαρκὶ,
3748 2286 3817 2336 ἐν

2218 2377 2400 2429 πίστει
2448 2375 2526 2439 ζῶ
2560 2379 2627 2446 τῇ
2662 2374 2792 2427 Υἱοῦ
2826 2374 2918 2427 τοῦ
2953 2373 3109 2439 Θεοῦ,
3141 2373 3235 2426 τοῦ
3277 2372 3677 2443 ἀγαπήσαντός
3714 2390 3813 2441 με,

2218 2468 2312 2521 καὶ
2343 2469 2671 2540 παραδόντος
2699 2469 2891 2523 ἑαυτὸν
2918 2468 3058 2539 ύπέρ
3093 2469 3228 2534 ἐμοῦ
3249 2476 3293 2522 ο.
3325 2488 3345 2520 ι
3378 2469 3443 2520 Τί
3464 2468 3524 2520 δὲ
3550 2468 3671 2537 ἄρα
3700 2485 3813 2536 φη-

2221 2560 2306 2612 σὶν
2332 2562 2389 2612 ὲν
2419 2559 2631 2623 τούτοις
2676 2561 2706 2611 6
2748 2560 3031 2622 θεσπέσιος
3076 2558 3307 2621 Παῦλος,
3338 2557 3579 2611 κατιδεῖν
3629 2559 3812 2625 ἀναγ-

2220 2653 2395 2704 καῖον.
2428 2651 2610 2719 Νόμος
2635 2650 2876 2704 τέθειται
2911 2650 3062 2720 παρὰ
3094 2648 3227 2703 Θεοῦ
3256 2648 3343 2702 διὰ
3363 2647 3550 2717 φωνῆς
3578 2664 3808 2717 προφη-

2219 2742 2347 2804 τῶν,
2380 2743 2471 2793 καὶ
2506 2737 2574 2812 ἦν
2600 2735 2781 2803 οὗτος
2822 2761 2839 2792 ι
2862 2741 2919 2793 '0
2945 2740 3000 2793 δὲ
3028 2741 3234 2803 δίκαιος
3277 2741 3341 2792 ἐκ
3368 2738 3603 2801 πίστεως
3637 2738 3807 2807 ζήσε-

2220 2850 2330 2887 ται.
2358 2853 2376 2884 ι
2444 2834 2692 2887 Τέθειται
2743 2834 2799 2886 δὲ
2850 2833 2945 2885 καὶ
2994 2832 3158 2901 νόμος
3200 2830 3291 2885 διὰ
3328 2830 3594 2893 Μωσέως.
3626 2830 3803 2897 Νόμῳ

2220 2923 2399 2977 τοίνυν
2425 2923 2501 2993 τῷ
2528 2924 2626 2993 τῆς
2658 2923 2910 2987 πίστεως,
2940 2922 3125 2993 φησὶν,
3154 2919 3549 2989 ἀκολουθήσας,
3584 2919 3805 2972 cia-celi:-

2221 3032 2309 3070 vov
2341 3018 2419 3085 τῷ
2444 3016 2594 3085 νόμῳ
2625 3015 2702 3084 τῷ
2735 3014 2824 3067 διὰ
2847 3014 3090 3077 Μωσέως
3110 3052 3126 3076 ,
3160 3014 3259 3066 οὐκ
3285 3014 3584 3082 ἐνεργήσας
3608 3013 3707 3063 ἐπὶ
3730 3011 3803 3063 τᾶ

2221 3104 2296 3169 ῶς
2334 3107 2392 3158 ὲν
2440 3107 2565 3176 σκιᾷ
2616 3108 2708 3160 καὶ
2744 3104 2934 3168 τύποις
2979 3104 3309 3175 διωρισμένα
3352 3104 3466 3165 τοῖς
3520 3100 3799 3172 ἀρχαίοις.

2225 3196 2396 3249 Τοῦτο
2424 3197 2532 3267 γάρ
2560 3198 2677 3249 ἐστι
2708 3196 2790 3263 τὸ,
2818 3196 2967 3265 νόμῳ
2992 3194 3069 3265 τῷ
3095 3194 3181 3247 διὰ
3206 3192 3447 3253 Μωσέως
3473 3190 3796 3253 ἀποθανεῖν.

549 3294 691 3344 esse,
740 3295 847 3349 quo
880 3279 1135 3341 nimirum
1168 3283 1290 3337 lidei
1318 3300 1438 3354 quzn
1478 3287 1529 3341 in
1556 3286 1834 3343 Christum
1871 3301 1953 3345 est
1975 3331 1991 3355 ,
2028 3294 2118 3347 ad-

2226 3289 2315 3341 ἶνα
2362 3288 2480 3359 Θεῷ
2526 3288 2818 3358 ζήσωμεν,
2872 3289 2938 3357 τῇ
2989 3287 3071 3349 είς
3116 3285 3348 3354 Χριστὸν
3402 3284 3801 3353 προσκείμενοι

552 3370 820 3425 Ιιιιενειιιθς
858 3372 968 3425 Deo
997 3373 1258 3427 vivamus.
1298 3376 1430 3429 Cum
1485 3377 1650 3446 igitur
1675 3379 2120 3447 justiﬁcatiouem

552 3482 672 3533 qua:
703 3483 799 3537 per
819 3466 1095 3523 Christum
1123 3468 1372 3538 contigit,
1411 3473 1671 3539 potiorem
1713 3474 1989 3538 ducentes,
2020 3474 2120 3545 legi

553 3560 801 3615 Mosaicae
841 3561 1193 3626 emoriamur,
1266 3575 1372 3628 qua
1439 3563 1645 3617 ratione
1690 3563 1971 3630 Christus,
2030 3580 2124 3634 per

551 3668 711 3722 quem
763 3654 845 3708 lex
895 3662 1149 3722 tanquam
1202 3652 1305 3707 ﬁde
1344 3653 1608 3707 inﬁrmior
1643 3666 1969 3721 evacuatur,
2014 3673 2121 3711 non

551 3744 656 3797 erit
704 3743 889 3797 Deus?
939 3742 1092 3811 Quod
1148 3744 1193 3797 si
1245 3758 1373 3799 vero
1420 3745 1668 3800 Christus
1706 3749 1867 3801 homo
1914 3757 2122 3802 tantum

553 3843 693 3899 erat,
741 3837 1010 3903 quomodo
1061 3834 1193 3891 ﬁdes
1245 3836 1299 3889 in
1348 3836 1523 3905 ipsqu
1571 3835 1686 3906 ipsa
1731 3837 1847 3908 lege
1880 3840 2126 3908 superior

554 3925 758 3981 evasit?

631 4036 652 4069 ι
703 4016 805 4083 Qui
841 4032 971 4087 ergo
1015 4018 1204 4074 tribuit
1246 4018 1399 4074 nobis
1436 4020 1732 4089 Spiritum,
1778 4032 1833 4077 et
1873 4032 2127 4091 aperatur

556 4109 786 4163 virtutes
819 4108 872 4163 in
901 4110 1092 4169 nobis.
1123 4126 1185 4165 cx
1221 4114 1476 4177 Operibus
1524 4114 1676 4183 legis,
1716 4129 1783 4167 an
1835 4129 1899 4166 ex
1939 4115 2126 4168 auditu

559 4197 681 4253 ﬁdei
708 4197 787 4249 u’?
826 4217 844 4251 ι
882 4196 937 4251 Si
974 4199 1059 4254 lex
1091 4199 1349 4262 Mosaica,
1388 4203 1600 4255 tametsi
1640 4202 1729 4256 Dei
1761 4201 1846 4256 lex
1873 4211 2037 4266 esset,
2069 4211 2124 4257 et

557 4291 627 4344 ab
657 4290 862 4361 angelis
889 4292 1224 4361 promulgata
1250 4300 1418 4357 esset,
1450 4308 1554 4347 nou
1581 4293 1956 4347 subministrat
2006 4292 2130 4362 Spi-

560 4385 722 4438 ritum
756 4394 1033 4447 sauctum,
1064 4398 1240 4452 neque
1274 4382 1366 4437 ulli
1403 4398 1521 4437 eam
1555 4384 1827 4452 impertita
1871 4394 1954 4437 est
1986 4384 2125 4449 vim,

561 4485 622 4529 ut
665 4475 926 4531 miracula
975 4486 1288 4544 perpetrare
1334 4483 1554 4544 posset;
1602 4489 1695 4542 per
1746 4474 1902 4528 ﬁdem
1947 4484 2126 4528 autem

560 4582 679 4635 qua:
710 4575 793 4621 est
835 4568 887 4619 iu
916 4565 1211 4630 Christum,
1244 4566 1584 4635 assequimur
1623 4575 1910 4633 utrumque
1938 4582 1951 4617 :
1996 4579 2131 4632 quo-

2230 3380 2570 3433 πίστει.”οτε
2612 3380 2792 3432 τοίνυν
2847 3378 3265 3447 ἀποθνήσκομεν
3307 3374 3385 3445 τῷ
3421 3374 3507 3428 διὰ
3551 3375 3799 3436 Μωσέως

2228 3468 2395 3537 νόμῳ,
2431 3467 2527 3536 τὴν
2574 3470 2634 3521 ἐν
2680 3466 2900 3538 Χριστῷ
2934 3467 3306 3537 προτιμῶντες
3341 3464 3643 3527 δικαίωσιν,
3682 3464 3800 3525 πῶς

2228 3562 2290 3613 οὐ
2339 3560 2469 3624 Θεὸς
2516 3562 2545 3613 6
2585 3561 2838 3631 Χριστὸς,
2891 3560 2955 3612 δι’
2984 3560 3042 3611 ὃν
3096 3559 3450 3628 καταργεῖται
3498 3556 3691 3625 νόμος,
3723 3555 3800 3616 ὡς

2227 3654 2589 3725 διαφερούσης
2633 3652 2796 3707 αὐτοῦ
2846 3652 2943 3721 τῆς
2989 3652 3258 3715 πίστεως;
3296 3650 3358 3703 Ei
3402 3649 3460 3702 δὲ
3508 3649 3802 3719 ἄνθρωπος

2230 3746 2416 3807 ἁπλῶς
2462 3741 2529 3817 ἦν
2572 3747 2601 3798 6
2644 3743 2896 3816 Χριστὸς,
2940 3743 3056 3806 πῶς
3105 3743 3170 3795 ἂν
3219 3741 3435 3811 ἐγένετο
3483 3742 3577 3796 καί
3628 3739 3797 3809 νόμον

2231 3839 2493 3907 κρείττων
2522 3840 2556 3909 ή
2584 3838 2767 3900 πίστις
2795 3838 2828 3907 ή
2860 3838 2939 3899 εἰς
2961 3835 3161 3902 αὑτόν;

2312 4043 2329 4075 ι
2353 4024 2410 4075 '0
2439 4019 2531 4075 οὖν
2559 4018 2901 4091 ἐπιχορηγῶν
2922 4020 3052 4089 ἡμῖν
3079 4018 3137 4070 τὸ
3164 4015 3404 4085 Πνεῦμα,
3434 4015 3529 4068 καὶ
3560 4015 3801 4085 ἐνεργῶν

2232 4114 2510 4185 δυνάμεις,
2544 4112 2603 4177 ἐξ
2630 4112 2803 4183 ἔργων
2841 4111 3030 4179 νόμου,
3070 4110 3103 4179 ἦ
3150 4106 3209 4171 ἐξ
3257 4108 3425 4175 ἀκοῆς
3473 4106 3743 4167 πίστεως;
3778 4124 3797 4154 ι

2235 4206 2299 4260 Εἰ
2328 4208 2355 4257 6
2383 4204 2543 4273 νόμος
2577 4205 2605 4255 6
2651 4202 2738 4253 διὰ
2784 4199 3047 4261 Μωσέως,
3088 4197 3264 4250 καίτοι
3310 4196 3444 4249 Θεοῦ
3490 4198 3656 4265 νόμος
3704 4195 3799 4255 ὢν,

2236 4297 2330 4350 καὶ
2373 4294 2625 4361 λαληθεὶς
2673 4292 2738 4344 δι’
2770 4290 3035 4359 ἀγγέλων,
3067 4290 3166 4341 οὐκ
3197 4288 3308 4357 ἔχει
3351 4287 3448 4358 τὴν
3498 4286 3591 4340 τοῦ
3646 4287 3803 4354 ἁγίου

2236 4385 2553 4454 Πνεύματος
2578 4383 2859 4454 χορηγίαν,
2888 4380 3009 4433 οὔτε
3048 4380 3152 4450 μὴν
3197 4378 3532 4449 προύξένησέ
3580 4394 3697 4429 τισι
3744 4378 3807 4429 τὸ

2237 4479 2478 4548 ἐνεργεῖν
2507 4474 2765 4529 δύνασθαι
2792 4472 2863 4526 τὰ
2902 4471 3177 4545 παράδοξα
3198 4511 3212 4535 ,
3250 4469 3601 4541 κερδαίνομεν
3637 4469 3698 4521 δὲ
3720 4470 3809 4521 διὰ

2237 4573 2334 4642 τῆς
2372 4570 2609 4631 πίστεως
2634 4568 2733 4637 τῆς
2762 4568 2839 4630 εἰς
2868 4564 3102 4636 Χριστὸν
3127 4563 3442 4634 ἀμφότερα·
3475 4561 3590 4623 πῶς
3619 4562 3727 4615 οὐκ
3751 4564 3809 4613 ἐν

560 4656 720 4710 modo
748 4655 876 4711 ﬁdes
906 4657 1126 4726 antiqua
1164 4657 1278 4724 lege
1312 4672 1415 4710 nou
1458 4666 1540 4710 est
1586 4655 1959 4725 praestantior?
1985 4654 2118 4709 Rur-

2234 4663 2513 4734 ἀμείνοσιν
2542 4662 2575 4730 ἡ
2607 4658 2788 4721 πίστις
2826 4657 2918 4710 τοῦ
2972 4657 3198 4711 παλαιοῦ
3244 4655 3443 4724 νόμου;
3478 4655 3587 4705 Καὶ
3621 4657 3675 4706 εἰ
3714 4655 3809 4708 ἄν·

560 4760 679 4798 sum
732 4746 777 4799 si
818 4747 979 4802 homo
1022 4756 1141 4802 erat
1190 4747 1439 4802 Christus
1471 4748 1618 4802 nulla
1667 4765 1731 4803 ex
1764 4762 1917 4819 parte
1946 4750 2134 4819 ,uostri

560 4837 859 4901 dissimilis,
906 4838 998 4907 qui
1039 4838 1155 4895 ﬁeri
1191 4841 1384 4908 potuit,
1415 4850 1472 4894 ut
1504 4841 1634 4895 lides
1676 4840 1726 4893 in
1778 4840 1951 4910 ipsmn
1995 4842 2133 4896 divi-

562 4945 685 4983 nam
718 4929 886 4999 legem
916 4930 1260 4986 aboleverit?
1306 4934 1362 4987 Si
1409 4933 1531 4987 item
1566 4948 1661 5001 per
1708 4933 1866 4987 lidem
1914 4931 2134 5000 majori-

561 5022 663 5077 bus
718 5022 877 5077 bonis
926 5024 1273 5093 perfruimur,
1319 5042 1480 5095 quam
1527 5030 1617 5094 qui
1676 5041 1771 5092 per
1814 5024 1864 5078 id
1920 5034 2131 5091 tempus

561 5117 765 5179 vixere,
803 5131 909 5184 quo
947 5115 1033 5169 lex
1079 5132 1230 5171 suam
1271 5119 1447 5171 adhue
1485 5118 1592 5171 vim
1639 5116 1936 5181 obtinebat,
1989 5131 2128 5184 quo-

564 5204 725 5258 modo
754 5204 1003 5259 Christus
1035 5222 1138 5259 uou
1171 5215 1253 5260 est
1281 5205 1462 5259 Deus?

641 5312 662 5348 ι
696 5294 853 5349 Prius
885 5306 1065 5349 autem
1094 5312 1254 5367 quam
1300 5296 1507 5351 veniret
1538 5295 1669 5351 ﬁdes
1689 5335 1703 5363 ,
1735 5296 1835 5350 Sub
1882 5294 1997 5367 lege
2041 5309 2135 5349 (u-

2241 4754 2455 4824 θρωπος
2481 4747 2548 4820 ἦν
2574 4749 2761 4812 ἁπλῶς
2791 4747 2914 4801 καθ’
2945 4750 3112 4817 ἡμᾶς,
3148 4746 3265 4809 πῶς
3310 4746 3451 4797 θεῖον
3482 4745 3809 4814 κατήργησε

2240 4847 2401 4915 νόμον
2432 4846 2466 4914 ή
2497 4844 2677 4904 πίστις
2706 4843 2739 4913 ἡ
2768 4842 2847 4903 εἰς
2873 4840 3069 4904 αὐτόν;
3104 4838 3209 4891 Καὶ
3251 4839 3298 4889 εἰ
3344 4836 3512 4905 ἐσμὲν
3548 4836 3606 4885 ἐν
3651 4836 3810 4905 ἀμεί-

2238 4950 2384 4987 νοσιν
2412 4935 2461 4985 οἱ
2482 4931 2571 4985 διὰ
2594 4932 2830 4992 πίστεως
2860 4929 3081 4999 μᾶλλον,
3105 4928 3137 4997 ἢ
3161 4927 3319 4997 οἷπερ
3339 4922 3474 4996 ἦσαν
3500 4925 3634 4986 ἴσως
3682 4927 3815 4977 κατ’

2238 5023 2479 5084 ἐκείνους
2511 5023 2636 5083 τοὺς
2668 5021 2911 5091 καιροὺς,
2943 5020 3063 5072 καθ’
3094 5018 3188 5081 οὓς
3222 5012 3290 5088 ἦν
3320 5019 3348 5071 6
3378 5016 3569 5086 νόμος·
3600 5015 3725 5079 πῶς
3752 5016 3815 5069 οὗ

2239 5116 2371 5177 Θεὸς
2405 5117 2432 5167 ὁ
2454 5113 2715 5184 Χριστός;

2321 5311 2338 5344 ι
2371 5290 2480 5361 Πρὸ
2506 5290 2562 5343 δὲ
2585 5288 2681 5342 τοῦ
2715 5287 2886 5341 ἐλθεῖν
2912 5287 3010 5358 τὴν
3040 5285 3250 5349 πίστιν,
3280 5282 3385 5334 ὑπὸ
3422 5279 3589 5351 νόμον
3619 5282 3817 5352 ἐφρου-

638 5470 685 5505 δδ
725 5469 769 5525 ll
794 5470 918 5526 Cor.
946 5488 999 5539 χ,
1026 5474 1078 5528 5.
1159 5472 1201 5505 ³⁸
1235 5472 1465 5542 Philipp.
1500 5486 1561 5535 tt,
1594 5470 1645 5535 7,
1691 5468 1744 5525 8.
1822 5472 1866 5502 “
1907 5467 2118 5523 Galam

2224 5467 2293 5533 l9,
2325 5467 2419 5521 ‘20.
2496 5465 2540 5499 "
2578 5464 2779 5519 llahac.
2824 5480 2883 5530 ll,
2911 5464 2967 5518 4.
3046 5460 3090 5493 ⁸⁸
3120 5462 3295 5517 Calat.
3332 5474 3419 5525 ut,
3499 5457 3556 5513 5.

1642 5624 1816 5680 Varia:
1852 5624 2107 5681 lectiones
2138 5621 2335 5679 codicis
2370 5619 2721 5691 Seguieriani.

654 5769 678 5797 ⁸
718 5762 890 5832 ἡμῶν.
