4044 6332
236 377 376 435 ηιε

1326 374 1427 430 DE-
1455 374 1682 432 RECTA
1720 376 1880 433 FIDE
1920 377 2010 432 AD
2047 375 2368 434 REGINAS.

3350 371 3488 427 12w

236 497 500 572 ρούμεθα,
534 495 948 569 συγκλειόμενοι
1003 497 1083 561 είς
1137 495 1239 567 τὴν
1297 498 1595 569 μέλλουσαν
1631 502 1814 555 πίστιν

1917 502 2311 565 stodiebamur,
2342 495 2581 554 conclusi
2613 493 2666 548 in
2695 507 2816 547 eam
2856 490 3035 552 tidem,
3059 505 3177 559 qua:
3200 489 3484 543 revelanda

233 588 716 658 ἀποκαλυφθῆναι·
768 586 907 641 ὥστε
960 590 989 641 ό
1038 587 1204 658 νόμος
1254 589 1601 658 παιδαγωγὸς
1649 592 1807 663 ἡμῶν

156 718 159 721 -
233 683 456 751 γέγονεν
502 682 581 743 είς
629 679 885 750 Χριστὸν,
919 679 1007 734 ἵνα
1041 681 1104 733 ἐκ
1133 681 1368 744 πίστεως
1406 682 1802 754 δικαιωθῶμεν.

248 770 536 842 Ἐλθούσης
562 770 619 823 δὲ
647 770 746 840 τῆς
775 770 1008 833 πίστεως
1027 811 1041 834 ,
1067 772 1165 825 οὐκ
1193 771 1273 825 ἔτι
1316 772 1420 825 ὑπὸ
1466 774 1809 843 παιδαγωγόν

235 863 423 933 ἐσμεν.
458 862 664 923 Πάντες
712 858 820 931 γὰρ
860 860 965 912 υίοὶ
1008 858 1143 912 Θεοῦ
1179 861 1302 913 ἐστε
1332 860 1421 915 διά
1452 862 1550 932 τῆς
1575 862 1811 926 πίστεως

236 956 293 1006 ἐν
340 951 561 1024 Χριστῷ
610 950 972 1023 Ἰησοῦ.⁶’οσοι
1008 951 1119 1023 γάρ
1169 953 1249 1016 είς
1301 954 1537 1024 Χριστὸν
1583 954 1812 1008 ἐϐαπτί-

244 1044 430 1113 σθητε,
472 1042 704 1113 Χριστὸν
748 1039 1142 1113 ἐν[ε]δύσασθε.
1174 1060 1193 1094 ι
1230 1042 1293 1095 Ei
1318 1042 1665 1112 παιδαγωγὸς
1687 1040 1755 1113 ἦν
1783 1045 1812 1097 ὁ

236 1134 420 1205 νόμος,
450 1134 552 1187 οὐκ
585 1133 668 1201 ἐφ’
693 1134 879 1197 ἕτερον
906 1131 1215 1203 ἀναφέρων,
1254 1133 1392 1203 πλὴν
1419 1134 1503 1186 ὅτι
1532 1133 1693 1202 μόνον
1719 1134 1813 1186 ἐπὶ

236 1226 493 1296 Χριστὸν,
534 1224 712 1277 καίτοι
738 1224 835 1293 τῆς
861 1222 1097 1292 ἀληθοῦς
1141 1223 1471 1291 θεογνωσίας
1494 1225 1812 1287 διδάσκαλος

236 1314 331 1381 ὢν,
365 1315 482 1377 πῶς
527 1315 588 1368 οὐ
633 1314 765 1377 Θεὸς
812 1314 841 1366 ὁ
883 1315 1153 1385 Χριστός;
1204 1315 1315 1369 Καὶ
1356 1318 1405 1369 εί
1459 1318 1812 1386 καταργεῖται

237 1406 399 1475 νόμος
442 1406 528 1458 διὰ
576 1405 676 1476 τῆς
719 1405 957 1470 πίστεως
1002 1407 1098 1478 τῆς
1146 1408 1226 1469 είς
1257 1407 1438 1471 αὐτὸν,
1472 1409 1566 1461 καὶ
1607 1406 1667 1460 τὸ
1712 1408 1813 1477 τῆς

240 1498 615 1567 παιδαγωγίας
673 1498 822 1569 αύτῷ
873 1498 1028 1562 τέλος
1080 1499 1468 1569 παραδίδωσιν,
1500 1499 1576 1562 ὡς
1628 1500 1709 1563 είς
1752 1500 1813 1552 τὸ

236 1591 404 1662 ἀκρον
428 1590 629 1658 ἀγαθὸν
659 1591 945 1661 ἀναφέρων
972 1592 1099 1654 τοὺς
1127 1591 1679 1662 παιδαγωγουμένους
1698 1608 1710 1621 ·
1750 1591 1813 1644 τὸ

234 1682 293 1735 δὲ
325 1682 404 1745 είς
436 1682 590 1751 λῆξιν
613 1680 815 1749 ἀγαθὸν
841 1682 927 1753 εἴη
955 1682 1020 1736 ἂν
1050 1682 1235 1752 ἕτερον
1264 1682 1416 1735 οὐδὲν
1448 1682 1600 1752 παρά
1623 1699 1687 1749 γε
1713 1680 1813 1751 τὴν

235 1774 333 1841 τῆς
358 1772 591 1843 ἀληθοῦς
630 1772 961 1841 θεογνωσίας
991 1772 1197 1843 εἴδησιν
1218 1787 1231 1801 ·
1271 1772 1389 1834 πῶς
1419 1770 1484 1824 ἂν
1518 1770 1811 1824 ἐνδοιάσειέ

1913 607 2051 652 eral.
2084 596 2268 664 Itaque
2298 593 2381 647 lex
2416 593 2739 659 pedagogus
2768 583 2882 655 69
2912 592 3093 635 noster
3124 580 3224 634 fuit
3256 582 3307 634 in
3338 580 3487 635 Chri-

1914 698 2020 751 sto,
2048 696 2106 740 ut
2136 703 2200 742 ex
2241 685 2344 740 [ide
2368 683 2749 752 justiticemur.
2785 681 2854 733 At
2887 679 2975 732 ubi
3018 678 3162 733 venit
3208 676 3339 730 lides
3374 676 3486 744 jam

1911 793 2016 832 non
2064 793 2251 832 sumus
2298 776 2399 831 sub
2450 774 2779 843 paedagogo:
2827 786 3016 824 omnes
3054 770 3196 824 enim
3246 769 3339 823 lilii
3391 769 3484 823 Dei

1910 870 2043 923 estis
2069 884 2167 939 per
2213 868 2371 921 (idem
2420 868 2473 920 in
2512 864 2728 920 Christo
2766 861 2914 916 Jesu.
2978 862 3296 927 Quicunque
3342 860 3485 913 enim

1913 962 1966 1015 in
2007 959 2222 1014 Christo
2254 956 2507 1025 baptizati
2548 954 2706 1019 estis,
2756 952 3030 1007 Christum
3082 950 3336 1004 induistis
3361 950 3427 1001 δ’.
3460 968 3479 1000 ι

1914 1050 1971 1104 Si
2007 1050 2089 1104 lex
2118 1049 2439 1117 paedagogus
2463 1056 2602 1109 erat,
2630 1045 2772 1099 haud
2800 1047 2866 1097 ad
2897 1043 3063 1097 alium
3101 1056 3200 1095 nos
3249 1040 3487 1107 dirigens

1912 1156 2074 1209 quam
2105 1143 2173 1194 ad
2200 1139 2372 1193 solum
2409 1138 2711 1201 Christum,
2740 1136 2991 1205 quamvis
3024 1134 3115 1188 Dei
3163 1134 3486 1201 cognitionis

1912 1240 2059 1286 esset
2102 1230 2378 1297 magistra,
2412 1230 2684 1298 quomodo
2736 1226 2986 1281 Christus
3036 1242 3141 1279 non
3188 1236 3271 1279 est
3308 1224 3486 1277 Deus?

1913 1322 2147 1377 Rursum
2175 1323 2218 1376 si
2250 1323 2333 1375 lex
2362 1336 2456 1390 per
2491 1322 2670 1384 (idem,
2702 1335 2822 1389 qua:
2850 1328 2935 1372 est
2975 1319 3026 1371 in
3078 1318 3270 1387 ipsum,
3306 1316 3487 1370 abole-

1915 1422 2026 1477 tur,
2047 1413 2404 1480 eamdemque
2427 1428 2455 1463 a
2478 1410 2803 1480 paedagogia:
2825 1422 3052 1462 munere
3077 1405 3308 1460 absolvit
3331 1403 3484 1467 ﬁdes,

1915 1513 2167 1570 tanquam
2210 1516 2330 1571 quae
2378 1500 2653 1555 institutos
2699 1501 2764 1553 ad
2823 1513 3094 1553 sumnnnn
3139 1496 3251 1566 jam
3277 1497 3485 1551 bonum

1912 1594 2193 1657 evexerit;
2260 1608 2531 1647 summum
2578 1601 2755 1645 autem
2810 1590 3011 1643 bonum
3058 1604 3163 1642 non
3213 1594 3297 1641 est
3340 1585 3485 1639 aliud

1914 1700 2076 1754 quam
2128 1684 2364 1752 perfecta
2411 1683 2657 1737 veritatis
2704 1681 3007 1751 divinaeque
3069 1679 3275 1734 notitia:
3312 1679 3488 1733 scien-

1915 1776 2039 1828 tia:
2101 1774 2187 1828 cui
2242 1774 2554 1840 ambiguum
2599 1788 2718 1827 esse
2763 1782 2980 1841 potest,
3047 1772 3173 1839 quin
3227 1770 3369 1823 Deus
3415 1770 3490 1821 sit

235 1880 341 1928 τις,
372 1865 453 1918 ὅτι
480 1864 610 1926 Θεός
640 1866 756 1916 ἐστι
781 1880 795 1928 ;
827 1863 1217 1932 Βαπτιζόμενοι
1246 1862 1303 1917 δὲ
1339 1863 1417 1924 είς
1455 1863 1696 1933 Πατέρα,
1717 1861 1811 1914 καὶ

1916 1864 2208 1919 Christus?
2252 1863 2515 1933 Baptizati
2565 1874 2747 1917 autem
2789 1862 2841 1915 in
2887 1860 3139 1925 Patrem,
3172 1869 3221 1913 et
3268 1858 3487 1919 Filium,

236 1954 384 2020 Υξὸν,
414 1956 505 2008 καὶ
536 1956 688 2023 ἆγιον
725 1954 971 2025 Πνεῦμα,
1009 1954 1125 2017 πῶς
1167 1955 1246 2017 είς
1283 1953 1516 2023 Χριστὸν
1555 1950 1815 2023 βεϐαπτί-

239 2044 436 2115 σμεθα,
466 2047 621 2115 εἴπερ
642 2046 791 2097 ἐστὶν
820 2046 917 2115 ούχ
948 2045 1076 2107 Υίὸς
1102 2043 1325 2115 ἀληθὴς,
1348 2044 1525 2097 καίτοι
1554 2042 1649 2095 τοῦ
1673 2042 1816 2096 κατὰ

237 2138 399 2208 φύσιν
432 2138 546 2200 ἐνὸς
578 2137 729 2201 ὄντος
764 2136 925 2203 Υἰοῦ;
979 2136 1137 2189 Ἀλλά
1166 2137 1273 2207 μὴν
1321 2137 1401 2199 είς
1450 2134 1612 2188 αὑτὸν
1655 2133 1816 2204 βεϐα-

237 2231 536 2300 πτίσμεθα·
568 2228 700 2292 Θεὸς
728 2226 819 2282 οὖν
848 2229 957 2300 ἄρα
986 2229 1134 2281 ἐστὶν
1168 2228 1244 2292 ὡς
1274 2228 1403 2291 Υἱὸς
1448 2223 1550 2291 εἷς,
1575 2228 1669 2280 καὶ
1700 2227 1815 2280 Κύ-

239 2339 353 2393 ριος
385 2318 485 2388 εἷς,
520 2321 641 2375 καθ’
667 2322 861 2376 ἕνωσιν
896 2320 1246 2393 οἰκονομικὴν
1288 2320 1491 2392 σαρκὸς
1531 2319 1816 2389 γεγονότος

234 2413 330 2467 τοῦ
361 2414 532 2482 Λόγου
544 2456 556 2469 .

313 2522 336 2557 ¢
373 2506 531 2559 Ἀλλά
561 2506 680 2559 τότε
713 2505 811 2576 μὲν
833 2505 931 2558 οὐκ
952 2504 1148 2567 εἰδότες
1166 2503 1317 2568 Θεὸν,
1334 2501 1680 2556 ἐδουλεύσατε
1701 2504 1813 2565 τοῖς

236 2598 397 2666 φύσει
431 2598 505 2669 μὴ
534 2594 651 2652 οῦσι
696 2598 837 2661 θεοῖς
859 2614 872 2628 ·
901 2598 1019 2651 νυνὶ
1067 2597 1125 2650 δὲ
1164 2596 1385 2665 γνόντες
1412 2595 1564 2659 Θεὸν,
1611 2594 1812 2665 μᾶλλον

234 2685 291 2743 δὲ
323 2689 653 2757 γνωσθέντες
675 2688 778 2741 ὑπὸ
808 2686 963 2752 Θεοῦ,
989 2687 1107 2750 πῶς
1134 2686 1494 2757 ἐπιστρέφετε
1529 2686 1693 2739 πάλιν
1721 2686 1813 2739 ἐπὶ

233 2779 305 2833 τὰ
335 2779 536 2850 ἀσθενῆ
569 2780 662 2833 καὶ
696 2778 887 2849 πτωχά
916 2782 1155 2849 στοιχεῖα
1178 2795 1197 2845 ;
1224 2798 1243 2831 ι
1294 2778 1358 2831 El
1402 2777 1536 2831 Θεὸν
1580 2778 1814 2847 ἐγνώκα-

238 2890 337 2944 μεν
363 2871 750 2941 ὁμολογοῦντες
778 2872 1036 2942 Χριστὸν,
1064 2872 1159 2925 καὶ
1188 2870 1458 2938 ἐγνῶσθαι
1499 2888 1679 2941 φαμεν
1708 2870 1812 2923 ὑπὸ

232 2964 328 3017 τοῦ
374 2964 531 3029 Θεοῦ,
558 2964 892 3031 γνωσθέντες
935 2962 1120 3034 αὐτῷ,
1174 2964 1291 3027 πῶς
1333 2963 1394 3016 ού
1439 2961 1569 3025 Θεὸς
1614 2964 1643 3016 ό
1678 2963 1809 3034 Χρι-

234 3056 391 3121 στός;

312 3148 509 3241 «Ἐμοὶ
548 3148 641 3241 se"
667 3146 744 3241 μη
787 3147 996 3241 γένοιτο
1042 3147 1370 3218 καυχᾶσθαι,
1402 3149 1450 3201 εί
1504 3148 1579 3220 μὴ
1629 3150 1688 3241 ἐν
1730 3148 1809 3218 τῷ
1836 3180 1883 3241 c

237 3238 457 3309 σταυρῷ
481 3237 575 3291 τοῦ
602 3239 810 3309 Κυρίου
838 3238 998 3309 ἡμῶν
1032 3238 1209 3309 Ἰησοῦ
1237 3238 1501 3311 Χριστοῦ,
1524 3240 1591 3293 δι’
1604 3233 1665 3294 οῦ
1687 3241 1810 3311 ἐμοὶ

235 3328 440 3397 κόσμος
464 3328 827 3399 ἐσταύρωται,
863 3328 1018 3398 κάγὼ
1039 3329 1117 3399 τῷ
1150 3330 1361 3401 κόσμῳ.
1397 3349 1415 3382 ι
1454 3331 1512 3386 ’0
1543 3331 1811 3403 μακάριος

232 3417 425 3488 ψάλλει
454 3420 615 3473 Δαυῒδ
635 3435 648 3448 ·
685 3439 703 3471 ι
732 3422 1094 3491 Καυχήσομαι
1126 3423 1218 3474 ἐπὶ
1244 3423 1321 3494 τῷ
1348 3422 1465 3495 Θεῷ
1497 3423 1577 3495 τῷ
1597 3424 1810 3495 Σωτῆρί

239 3526 366 3580 μου.
398 3511 585 3564 »Ἔστι
614 3511 669 3565 δέ
696 3511 859 3580 σοφὸς
879 3512 972 3564 καὶ
997 3514 1339 3585 ἀγιοπρεπὴς
1365 3516 1393 3567 ό
1414 3514 1570 3583 λόγος
1588 3533 1602 3547 ·
1619 3516 1679 3569 ού
1701 3517 1810 3586 γὰρ

235 3603 295 3654 ἐν
344 3600 617 3673 ἀνθρώπῳ
679 3603 1184 3673 κατασεμνύνεσθαι
1233 3605 1338 3675 χρὴ
1389 3605 1589 3676 μᾶλλον
1638 3608 1808 3676 ἡμᾶς,

233 3692 350 3746 ἀλλ’
384 3693 477 3747 ἐπὶ⁸
502 3694 638 3764 Θεῷ.
670 3694 796 3757 Πῶς
830 3690 924 3748 οῦν
952 3697 981 3749 ὁ
1017 3695 1228 3759 Παῦλος
1268 3699 1325 3750 ἐν
1353 3697 1433 3767 τῷ
1472 3696 1693 3768 σταυρῷ
1718 3697 1810 3750 τοῦ

233 3779 473 3854 Χριστοῦ
498 3782 806 3852 καυχᾶσθαί
832 3799 1025 3853 φησιν;
1058 3785 1206 3836 Ἔδει
1232 3785 1335 3856 γάρ
1361 3785 1559 3855 μᾶλλον
1582 3786 1674 3839 ἐπὶ
1692 3783 1812 3855 Θεῷ

235 3876 395 3930 τοῦτο
437 3876 569 3947 δρᾷν
593 3893 609 3909 ο
661 3876 862 3939 σκοπὸς
910 3876 1019 3947 γάρ
1062 3870 1217 3939 οὗτος
1256 3879 1368 3939 τοῖς
1404 3877 1585 3940 ἄλλοις
1610 3876 1806 3945 ἁγίοις.

250 3966 387 4019 Ἀλλ’
418 3968 682 4038 ὑπάρχων
712 3966 1185 4039 Πνευματοφόρος,
1221 3969 1279 4019 ἐν
1317 3968 1531 4039 θανάτῳ
1571 3966 1810 4037 Χριστοῦ

238 4059 541 4127 καυχᾶσθαι
572 4076 757 4128 φησιν.
779 4054 932 4112 Οἶδεν
953 4054 1047 4111 οὖν
1069 4059 1178 4130 ἀρα
1198 4059 1330 4114 Θεὸν
1348 4059 1479 4114 ὄντα
1498 4061 1592 4113 καὶ
1611 4058 1809 4131 ἀληθῆ,

238 4147 337 4205 καὶ
362 4149 430 4203 δι’
459 4152 607 4221 ἡμᾶς
636 4149 876 4203 παθόντα
904 4150 1087 4223 σαρκί.

617 4366 719 4417 Ἐιι
756 4364 862 4434 τῆς
904 4365 1052 4433 πρὸς
1098 4365 1441 4435 Ἐφεσίους.

316 4499 453 4571 Περὶ
497 4498 592 4552 τοῦ
640 4498 775 4551 Θεοῦ
820 4499 914 4552 καὶ
967 4501 1177 4571 Πατρός
1229 4517 1408 4570 φησι·
1461 4518 1479 4551 ι
1509 4498 1668 4554 Κατὰ
1714 4500 1813 4573 τὴν
1845 4532 1890 4589 D

239 4589 518 4661 ἐνέργειαν
544 4588 637 4643 τοῦ
665 4589 899 4661 κράτους
924 4590 1023 4659 τῆς
1058 4591 1238 4659 ἰσχύος
1269 4590 1453 4656 αὑτοῦ,
1481 4592 1546 4661 ἣν
1573 4592 1811 4663 ἐνήργη-

242 4698 333 4734 σεν
384 4682 443 4734 ἐν
491 4681 570 4751 τῷ
606 4680 852 4751 Χριστῷ,
892 4682 1114 4751 ἐγείρας
1163 4681 1326 4735 αὐτὸν
1359 4669 1677 4753 ἐκνεκρῶν,
1716 4683 1812 4736 καὶ

240 4773 470 4836 καθίσας
491 4775 549 4826 ἐν
572 4773 721 4843 δεξιᾷ
750 4772 915 4826 αὑτοῦ
944 4774 1002 4825 ἐν
1027 4776 1139 4837 τοῖς
1170 4774 1813 4844 ἐπουρανίοις,ὑπεράνω

240 4864 419 4933 πάσης
455 4862 683 4932 Ἀρχῆς,
736 4863 829 4915 καὶ
873 4860 1171 4926 Ἐξουσίας,
1227 4865 1321 4915 καὶ
1363 4866 1672 4935 Δυνάμεως,
1718 4865 1815 4919 καὶ

242 4952 597 5022 κυριότητος,
628 4951 724 5003 καὶ
766 4952 967 5015 παντὸς
998 4951 1263 5021 ὀνόματος
1288 4954 1716 5025 ὀνομαζομένου,
1750 4956 1810 5008 οὺ

243 5041 402 5110 μόνον
430 5043 489 5094 ἐν
519 5040 598 5111 τῷ
624 5042 779 5095 αἰῶνι
806 5042 1000 5112 τούτῳ,
1019 5042 1154 5096 ἀλλά
1186 5045 1280 5096 καὶ
1309 5047 1365 5096 ἐν
1394 5045 1472 5117 τῷ
1503 5046 1806 5117 μέλλοντι.»

254 5131 383 5186 Ἰδοὺ
411 5132 503 5185 τὸν
540 5132 913 5203 ἐγηγερμένον
945 5135 1010 5186 ἐκ
1033 5134 1239 5205 νεκρῶν
1256 5136 1549 5190 κεκάθικεν
1569 5139 1597 5190 ό
1623 5138 1813 5210 Πατὴρ

240 5224 302 5275 ἐν
316 5223 466 5293 δεξιᾷ
478 5224 937 5295 αύτοῦ,ύπεράνω
960 5225 1138 5295 πάσης
1166 5228 1384 5297 Ἀρχῆς,
1399 5230 1491 5281 καὶ
1515 5229 1815 5296 Ἐξουσίας,

244 5316 338 5369 καὶ
368 5315 684 5386 Δυνάμεως,
713 5317 806 5369 καὶ
848 5318 1049 5381 παντὸς
1092 5318 1352 5387 ὀνόματος
1388 5320 1813 5391 ὀνομαζομένου.

240 5400 371 5476 Ἆρ’
398 5401 492 5459 οὖν
521 5406 829 5477 συνεδρεύει
853 5410 920 5478 τῇ
949 5408 1089 5477 ὑπὲρ
1120 5409 1298 5463 πάντα
1328 5410 1487 5478 φύσει
1522 5412 1645 5465 καθ’
1666 5416 1815 5483 ἡμᾶς

240 5493 529 5563 νοούμενος
553 5494 858 5565 ἄνθρωπος,
890 5496 985 5550 καὶ
1011 5496 1197 5567 ἕτερον
1223 5498 1396 5562 οὐδὲν,
1417 5499 1472 5569 ἦ,
1491 5502 1629 5571 ὅπερ
1662 5502 1811 5554 ἐστὶν

241 5586 461 5657 ἀληθὲς,
496 5586 572 5650 ὡς
609 5587 741 5650 Θεὸς
784 5588 1228 5663 ἐνανθρωπήσας,
1262 5591 1357 5645 καὶ
1405 5592 1667 5663 ὑπάρχων
1720 5595 1817 5664 μὲν

322 5766 365 5795 δ’
396 5764 573 5821 Galat.
610 5781 692 5831 ιιι,
730 5766 920 5823 23-27.
998 5768 1041 5801 ⁸ο
1086 5768 1263 5825 Galat.
1306 5785 1378 5836 tv,
1407 5769 1462 5834 8,
1491 5770 1541 5825 9.
1619 5770 1659 5801 "
1704 5770 1874 5824 ῦιιιέιι.
1915 5786 1987 5836 vt,
2019 5768 2098 5824 Η.

1917 1966 1970 2011 et
2024 1956 2287 2026 Spiritum
2328 1965 2610 2021 sanctum,
2658 1954 2927 2023 quomodo
2974 1952 3027 2007 in
3067 1952 3341 2006 Christum
3393 1949 3489 2004 ba-

1917 2047 2109 2117 ptizati
2159 2046 2411 2108 dicimur,
2448 2046 2491 2099 si
2543 2044 2793 2099 Christus
2841 2057 2944 2096 non
2985 2050 3066 2094 est
3100 2054 3262 2094 verus
3294 2037 3487 2100 Filius,

1915 2152 2036 2190 cum
2064 2152 2205 2190 unus
2234 2146 2441 2190 tantum
2474 2136 2547 2189 sit
2579 2148 2770 2189 natura
2804 2131 3011 2188 Filius?
3035 2130 3195 2198 Atqui
3228 2130 3281 2182 iit
3312 2128 3487 2197 ipsum

1916 2227 2171 2296 baptizati
2208 2242 2435 2282 sumus:
2474 2227 2614 2280 Deus
2648 2228 2811 2294 igitur
2842 2233 2925 2278 est
2953 2233 3011 2277 ut
3039 2222 3210 2276 Filius
3242 2237 3405 2283 unus,
3433 2229 3491 2273 et

1914 2315 2175 2370 Dominus
2216 2330 2380 2380 unus,
2433 2330 2556 2370 cum
2605 2331 2701 2384 per
2748 2313 2967 2368 unionis
3021 2310 3484 2381 dispensationem

1915 2407 2150 2463 Verbum
2182 2422 2307 2462 caro
2332 2408 2534 2462 factum
2566 2407 2658 2461 sit.

1989 2518 2007 2551 ι
2041 2498 2147 2554 Sed
2186 2509 2316 2553 tunc
2346 2500 2565 2568 quidem
2606 2499 2919 2566 ignorantes
2948 2495 3137 2559 Deum,
3168 2493 3233 2548 iis
3261 2492 3352 2562 qui
3390 2507 3489 2545 na-

1916 2599 2034 2644 tura
2071 2606 2177 2645 non
2218 2598 2345 2644 sunt
2390 2590 2484 2653 dii,
2522 2589 2886 2645 serviebatis:
2940 2602 3083 2640 nunc
3129 2593 3309 2638 autem
3364 2598 3486 2636 cum

1913 2681 2277 2752 cognoveritis
2331 2679 2524 2745 Deum,
2567 2680 2676 2734 imo
2707 2678 2910 2749 cogniti
2949 2678 3070 2731 sitis
3111 2691 3141 2728 a
3180 2674 3311 2736 Deo,
3354 2688 3482 2741 quo-

1913 2773 2072 2827 modo
2098 2772 2476 2827 convertimini
2514 2771 2705 2825 iterum
2738 2769 2806 2823 ad
2851 2769 3063 2822 intirma
3095 2775 3151 2820 et
3184 2780 3349 2835 egena
3376 2764 3490 2817 ele-

1914 2873 2092 2916 menta
2110 2861 2201 2914 "Y
2240 2881 2259 2913 ι
2293 2862 2350 2917 Si
2395 2861 2671 2916 Christum
2725 2860 3038 2930 proﬁtentes
3080 2856 3247 2910 Deum
3292 2870 3492 2923 cogno-

1912 2952 2110 3017 vimus,
2141 2963 2196 3007 et
2227 2952 2425 3023 cogniti
2459 2969 2488 3006 a
2519 2952 2758 3018 Christo,
2789 2952 2988 3021 cogniti
3019 2950 3248 3005 dicimur
3280 2963 3310 3001 a
3359 2949 3488 3013 Deo,

1912 3048 2187 3114 quomodo
2216 3044 2465 3099 Christus
2504 3060 2610 3097 non
2638 3054 2720 3097 est
2754 3042 2929 3097 Deus?

1991 3152 2010 3186 ι
2048 3134 2177 3190 Mihi
2206 3144 2385 3190 autem
2417 3136 2557 3189 absit
2588 3133 2840 3203 gloriari,
2873 3131 2973 3186 nisi
3007 3131 3061 3185 in
3089 3146 3249 3185 cruce
3277 3127 3486 3183 Domini

1916 3225 2087 3280 nostri
2125 3224 2252 3279 Jesu
2287 3223 2530 3288 Christi,
2562 3238 2657 3292 per
2685 3237 2842 3291 quem
2878 3222 3006 3275 mihi
3052 3220 3283 3273 mundus
3314 3217 3490 3272 cruci-

1913 3317 2056 3372 ﬁxus
2083 3325 2186 3383 est,
2214 3326 2269 3370 et
2314 3331 2415 3384 ego
2456 3314 2656 3368 tnundo
2677 3314 2745 3366 ".
2788 3332 2808 3365 ›
2858 3313 3053 3365 Beatus
3092 3310 3255 3364 David
3300 3308 3487 3362 canit:

1920 3429 1938 3461 ι
1980 3408 2267 3464 Gloriabor
2312 3407 2365 3461 in
2408 3407 2517 3461 Deo
2564 3405 2788 3459 salutari
2832 3419 2953 3458 meo
2984 3402 3062 3455 "l
3104 3420 3123 3456 ι
3172 3398 3370 3468 Utique
3403 3414 3492 3453 sa-

1915 3502 2090 3571 piens,
2121 3509 2176 3553 et
2199 3510 2391 3554 sancto
2419 3498 2538 3552 viro
2568 3497 2897 3552 conveniens
2925 3496 3130 3550 dictum
3158 3510 3171 3547 :
3208 3508 3313 3545 non
3343 3491 3489 3544 enim

1916 3594 1970 3647 in
2002 3592 2223 3647 homine
2261 3590 2481 3660 gloriari
2518 3590 2673 3644 nobis
2704 3588 2786 3644 fas
2820 3597 2921 3652 est,
2957 3588 3050 3643 sed
3084 3586 3136 3640 in
3181 3586 3309 3640 Deo.
3347 3585 3492 3651 Quo-

1917 3684 2077 3739 modo
2110 3698 2241 3753 ergo
2272 3682 2473 3737 Paulus
2504 3681 2559 3736 in
2585 3694 2748 3736 cruce
2774 3679 2983 3734 Domini
3015 3677 3232 3749 gloriari
3260 3694 3319 3732 se
3352 3690 3493 3747 prte-

1915 3777 2085 3841 dicat,
2136 3789 2258 3829 cum
2307 3773 2361 3827 itt
2399 3772 2508 3827 Deo
2539 3773 2717 3841 potius
2749 3772 2798 3826 id
2843 3770 2956 3825 ﬁeri
3001 3769 3320 3838 oporteret?
3353 3766 3489 3821 Nam

1917 3867 2006 3922 hic
2033 3864 2261 3919 aliorum
2292 3871 2600 3917 sanctorum
2648 3875 2845 3930 scopus
2891 3874 3106 3928 semper
3138 3858 3367 3912 exstitit.
3399 3859 3491 3912 At-

1918 3958 2011 4027 qui
2058 3955 2224 4010 etiam
2276 3952 2475 4008 Paulus
2520 3953 2704 4007 divino
2741 3952 2946 4021 Spiritu
2993 3966 3097 4004 non
3142 3951 3398 4015 carebat;
3436 3960 3492 4004 et

1917 4058 2096 4103 tamen
2129 4047 2181 4100 in
2215 4046 2419 4100 Christi
2457 4052 2635 4100 morte
2665 4044 2883 4116 gloriari
2930 4059 3033 4097 tton
3065 4044 3293 4097 dubitat.
3324 4042 3492 4098 Norat

1915 4152 2044 4206 ergo
2087 4152 2272 4191 verum
2320 4136 2483 4190 Deum
2532 4148 2689 4200 esse,
2735 4135 2947 4190 etiamsi
3007 4137 3175 4190 nostri
3226 4150 3388 4191 causa
3436 4136 3489 4189 itt

1915 4243 2083 4284 carne
2118 4236 2347 4283 mortem
2378 4241 2667 4296 perpessus
2705 4225 2862 4280 foret.

2235 4363 2344 4434 70
2373 4362 2456 4417 Ea:
2487 4361 2731 4430 Epistula
2762 4361 2831 4415 ad
2870 4360 3145 4429 Ephesios.

1993 4516 2012 4550 ι
2055 4496 2362 4552 Secundum
2405 4496 2773 4565 operationem
2820 4496 3073 4563 potentia:
3110 4495 3325 4550 virtutis
3372 4495 3491 4565 ejus

1920 4587 2043 4658 (est
2099 4587 2188 4641 hic
2252 4599 2432 4640 sermo
2473 4587 2538 4640 de
2583 4585 2693 4639 Deo
2729 4594 2785 4639 et
2839 4584 3035 4656 Patre)
3082 4602 3242 4653 quant
3300 4602 3494 4657 opera-

1924 4690 2007 4734 tus
2034 4689 2118 4735 est
2161 4681 2211 4733 in
2263 4679 2483 4733 Christo
2510 4719 2526 4744 ,
2562 4679 2831 4733 suscitans
2871 4678 3019 4731 illum
3073 4695 3102 4731 a
3143 4680 3404 4744 mortuis,
3438 4692 3493 4734 et

1920 4774 2253 4828 constituens
2278 4773 2344 4826 ad
2374 4773 2654 4827 dexteram
2687 4785 2838 4823 suam
2883 4770 2936 4823 in
2979 4769 3290 4825 cmlcstibus
3331 4788 3493 4841 super

1920 4880 2133 4919 onmem
2158 4864 2549 4934 Principatum,
2581 4862 3009 4926 etPotestatem,
3040 4870 3095 4916 et
3125 4862 3417 4929 \irtutent,
3439 4875 3496 4919 et

1920 4957 2375 5022 Dominationem,
2426 4967 2480 5011 et
2522 4970 2684 5010 omne
2726 4970 2924 5008 nomen
2978 4955 3120 5023 quod
3161 4957 3492 5020 nominatur,

1922 5061 2029 5099 non
2061 5046 2235 5099 solum
2266 5045 2319 5099 in
2350 5048 2452 5100 hoc
2489 5046 2707 5111 saeculo,
2747 5045 2841 5099 sed
2871 5045 3032 5098 etiam
3069 5046 3119 5098 in
3155 5045 3335 5101 futuro
3359 5047 3429 5101 ⁸³.
3468 5068 3488 5101 ι

1922 5136 2000 5191 En
2025 5136 2171 5190 illum
2199 5137 2370 5206 ipsum
2402 5152 2562 5206 quem
2589 5152 2654 5191 ex
2685 5135 2910 5192 mortuis
2937 5139 3320 5206 exsuscitarat,
3359 5156 3493 5194 con-

1923 5227 2100 5282 stituit
2121 5225 2281 5281 Pater
2314 5227 2381 5281 ad
2414 5228 2691 5281 dexteram
2734 5243 2887 5283 suam
2914 5245 3074 5299 supra
3098 5245 3313 5284 munem
3345 5231 3496 5300 prin-

1923 5321 2182 5389 cipatum,
2212 5329 2266 5374 et
2301 5329 2645 5389 potestatem,
2673 5330 2727 5375 et
2767 5322 3058 5387 virtutem,
3103 5332 3157 5377 et
3195 5339 3357 5378 Omne
3392 5341 3492 5377 no-

1923 5425 2045 5463 nten
2068 5412 2207 5479 quod
2232 5413 2559 5465 nominatur.
2607 5410 2857 5482 Nunquid
2885 5429 3013 5485 ergo
3047 5416 3285 5469 utltonto
3323 5417 3493 5470 nostri

1923 5500 2133 5565 similis,
2170 5513 2223 5555 et
2255 5503 2384 5555 nihil
2410 5503 2553 5557 aliud
2575 5544 2590 5567 ,
2626 5503 2679 5557 in
2711 5514 2918 5559 natura:
2948 5507 3188 5559 omnium
3227 5522 3494 5574 suprema:

1924 5592 2143 5647 dextera
2173 5596 2391 5659 assidet,
2418 5605 2531 5663 aut,
2552 5598 2691 5666 quod
2715 5613 2895 5653 verum
2929 5608 3032 5662 est,
3065 5609 3125 5651 ut
3156 5597 3297 5653 Deus
3333 5600 3495 5654 homo

2180 5773 2223 5803 δ²
2256 5770 2395 5828 Ροιιι.
2432 5788 2542 5840 ut,
2570 5772 2621 5827 8.
2735 5774 2780 5805 "
2814 5774 3009 5842 Ephes.
3052 5791 3092 5843 ι,
3132 5775 3217 5832 l9-
3254 5774 3343 5833 2|.
