4044 6332
529 361 686 430 't2t7

1577 368 1635 422 S.
1680 366 1958 422 CYlliLLl
1989 364 2453 419 ALEXANDRlNl
2493 367 2809 422 AllCllllﬁP.

3687 360 3866 416 1218

547 493 724 546 factus
745 489 768 541 ?
791 486 1030 542 Verbum
1061 499 1293 558 namque
1336 482 1505 547 Patri,
1538 495 1699 552 prout
1732 485 1801 536 ab
1839 497 1903 534 eo
1938 497 2128 550 proce-

2259 480 2516 550 ιμοοὺσιος
2540 481 2617 551 τῷ
2649 481 2844 551 Πατρὶ,
2876 479 3011 534 καθὸ
3058 479 3294 551 πέφηνεν
3325 478 3386 543 ἐξ
3414 476 3614 540 αὑτοῦ,
3645 493 3864 552 προα-

547 582 649 644 dit,
678 574 1175 639 cunsubstantiale,
1224 583 1416 626 natura
1458 573 1692 626 humana
1731 569 2128 637 dispensatorie

548 673 820 734 assumpta
849 703 863 727 ,
901 663 1102 718 factum
1161 669 1244 716 est
1293 663 1474 714 homo.
1525 660 1702 726 Quare
1745 658 1996 712 effectum
2041 665 2129 710 est

551 768 611 811 ut
642 760 694 812 in
720 772 830 811 uno
858 756 1158 822 eodemque
1187 753 1348 806 simul
1375 753 1513 806 Deus
1535 752 1846 812 exsisteret,
1870 759 1926 803 et
1946 749 2128 812 homo,

551 853 735 906 divina
763 848 934 919 gloria
968 846 1273 901 redimitus.

627 960 646 994 ι
685 942 915 1009 Propter
940 940 1083 1008 quod
1115 951 1381 992 memores
1411 944 1607 998 estote,
1645 933 1789 1004 quod
1845 933 2134 1001 aliquando

552 1047 654 1088 vos
686 1032 856 1087 eratis
888 1039 1076 1099 gentes
1123 1030 1174 1082 in
1206 1043 1392 1090 carne,
1437 1026 1763 1080 dicebamitti
1813 1024 2130 1092 prapntium

554 1123 624 1176 ab
656 1137 717 1176 ea
745 1137 865 1190 quae
898 1121 1096 1174 dicitur
1135 1118 1481 1173 circumcisio
1508 1116 1562 1170 in
1592 1131 1754 1169 carne
1783 1113 2086 1168 manul‘acta
2118 1131 2133 1166 :

555 1217 695 1284 quod
726 1214 892 1268 eratis
923 1212 1013 1266 illo
1045 1212 1098 1264 in
1137 1220 1383 1278 tempore
1420 1210 1538 1263 sine
1573 1207 1812 1271 Christo,
1847 1207 2063 1260 alienati
2106 1221 2134 1259 a

556 1305 975 1360 conversatione
1016 1301 1218 1364 Israel,
1253 1311 1306 1354 et
1351 1301 1592 1368 hospites
1647 1306 2130 1360 testamentorum,

559 1396 931 1465 promissionis
961 1408 1109 1464 spem
1135 1407 1241 1446 non
1277 1392 1560 1452 habentes,
1586 1399 1640 1441 et
1669 1389 1787 1441 sine
1814 1385 1930 1438 Deo
1959 1386 2009 1438 in
2039 1386 2140 1438 hoc

559 1488 757 1540 nrundo
781 1488 847 1540 ".
887 1505 906 1537 ι
937 1485 993 1540 Si
1032 1494 1220 1552 gentes
1262 1481 1534 1535 Christum
1573 1495 1674 1532 non
1735 1481 2031 1541 trahentes,
2085 1475 2138 1528 iu

559 1578 840 1646 impietate
867 1577 1162 1630 secundum
1201 1575 1344 1627 hunc
1379 1571 1634 1624 mundum
1681 1568 2137 1636 perseverabant;

561 1680 843 1736 postquam
882 1676 1061 1720 autem
1100 1666 1275 1734 ipsum
1326 1664 1525 1717 habere
1564 1669 1880 1730 cmperunt,
1939 1660 2144 1726 absque

563 1759 674 1814 Deo
707 1774 812 1813 non
848 1757 1069 1812 fuerunt
1101 1774 1113 1810 :
1145 1757 1274 1825 quid
1307 1755 1378 1808 ita
1409 1754 1658 1808 Christus
1695 1768 1802 1806 non
1843 1760 1928 1806 est
1955 1749 2143 1805 Deus?

639 1868 659 1901 ι
693 1849 866 1917 Hujus
914 1850 990 1902 rei
1036 1850 1208 1916 gratia
1253 1846 1410 1901 ﬂecto
1459 1859 1632 1916 genua
1678 1860 1794 1897 mea
1824 1844 1890 1896 ad
1923 1841 2136 1896 Patrem
2170 1833 2214 1886 Β

568 1942 780 1995 Domini
813 1941 984 1994 nostri
1019 1938 1148 1992 Jesu
1181 1937 1406 2000 Christi,
1439 1951 1504 1989 ex
1539 1950 1646 2002 quo
1687 1935 1864 1989 omnis
1899 1931 2141 2002 paterni-

569 2045 649 2086 tas
675 2033 728 2086 in
761 2033 914 2087 caelis
940 2040 995 2084 et
1045 2030 1097 2083 in
1148 2040 1290 2083 terra
1335 2028 1687 2082 nominatur:
1737 2035 1798 2079 ut
1847 2027 1940 2078 det
1990 2023 2145 2078 vobis

565 2122 865 2177 secundum
906 2121 1124 2175 divitias
1152 2121 1337 2190 gloria:
1372 2133 1516 2185 sure,
1564 2119 1764 2172 virtute
1800 2116 2145 2171 corroborari

568 2229 666 2281 per
714 2213 976 2282 Spiritum
1029 2211 1146 2282 ejus
1192 2211 1244 2264 in
1293 2209 1536 2263 interiori
1586 2209 1826 2272 homine,
1868 2207 2146 2261 Christum

569 2306 814 2359 habitare
843 2319 940 2373 per
967 2303 1125 2357 fidem
1158 2302 1211 2356 in
1261 2299 1519 2357 cordibus
1561 2300 1758 2353 vestris
1777 2299 1845 2352 ".
1881 2317 1898 2350 ι
1941 2297 2145 2352 Νοιιιειι

572 2401 672 2450 hoc
703 2393 946 2449 Christus
980 2391 1135 2447 Jews
1168 2393 1249 2463 (ut
1295 2391 1594 2459 saepissime
1630 2391 1740 2459 jam
1787 2399 1913 2443 ante
1939 2388 2149 2442 monui-

568 2484 712 2554 mus)
744 2485 944 2553 ubique
983 2481 1075 2536 Dei
1112 2482 1291 2536 Patris
1320 2481 1554 2535 Verbum
1588 2480 1823 2533 humana
1855 2479 2028 2533 forma
2059 2478 2146 2534 in-

569 2580 759 2630 «lutum
812 2575 1105 2644 signiﬁcat.
1154 2573 1210 2627 Si
1262 2587 1392 2642 ergo
1448 2570 1701 2626 Christus
1755 2569 2147 2641 (posteaquam

572 2667 831 2732 Verbum,
862 2668 1006 2737 quod
1038 2667 1208 2736 ipsum
1247 2679 1461 2734 quoque
1501 2678 1598 2732 per
1625 2661 1884 2731 Spiritum
1911 2671 1969 2715 ut
2009 2660 2150 2714 Deus

573 2761 626 2813 in
663 2759 818 2813 nobis
859 2758 1145 2821 inhabitat,
1182 2771 1404 2810 carnem
1456 2752 1624 2808 semel
1655 2749 2006 2823 assumpsit),
2044 2766 2150 2804 non

572 2860 656 2904 est
694 2848 877 2904 Dens:
923 2848 1196 2918 quomodo
1230 2862 1326 2917 per
1370 2847 1528 2901 [idem
1566 2846 1617 2899 in
1654 2845 1914 2899 cordibus
1949 2843 2154 2898 nostris

575 2943 878 2996 inhabitare
912 2941 1111 2995 dicitur
1137 2941 1161 2993 ?
1189 2939 1424 2993 Rursum
1458 2938 1502 2992 si
1533 2935 1838 2992 communis
1885 2935 2046 2988 homo
2074 2942 2156 2988 est

575 3034 847 3096 Christus,
890 3031 991 3100 71
1022 3041 1077 3085 et
1121 3031 1261 3084 illius
1320 3032 1388 3084 ab
1432 3044 1496 3084 eo
1527 3029 1774 3082 diversus
1798 3066 1813 3089 ,
1845 3026 1933 3094 qui
1964 3036 2154 3078 natura

577 3120 745 3175 Filius
767 3131 870 3185 est,
895 3131 950 3173 et
978 3119 1122 3174 solus
1160 3136 1226 3174 ex
1264 3118 1374 3172 Deo
1399 3129 1555 3172 natus
1585 3126 1668 3172 est
1704 3136 1717 3171 :
1757 3117 1900 3185 quis,
1933 3130 2116 3185 quaeso
2137 3153 2154 3180 ,

2229 569 2408 625 λαϐὼν
2435 573 2490 624 δὲ
2516 571 2574 624 τὸ
2605 571 2941 643 ἀνθρώπινον
2968 571 3345 642 οἰκονομικῶς,
3383 571 3470 624 ἵνα
3509 570 3574 622 ὲν
3619 565 3806 635 αξιτῷ
3832 577 3862 614 Ρ

2229 665 2416 731 νοῆται
2444 663 2573 725 Θεός
2600 680 2658 722 τε
2687 663 2821 733 ὁμοῦ
2855 661 2950 716 καὶ
2983 661 3266 732 ἄνθρωπος
3299 664 3325 714 ὁ
3358 659 3548 727 αὐτὸς,
3603 657 3712 713 καὶ
3755 655 3862 709 διὰ

2230 754 2388 806 τοῦτο
2413 756 2478 826 τῇ
2515 752 2634 824 θείᾳ
2663 753 2792 826 δόξῃ
2824 752 3300 828 κατεστεμμένος;

2315 934 2461 991 «Διὸ
2518 933 2908 1008 μνημονεύετε,
2957 934 3038 986 ὅτι
3090 932 3221 991 ποτε
3270 931 3427 1000 ὑμεῖς
3470 927 3543 982 τὰ
3597 927 3751 994 ἔθνη
3796 929 3862 980 ἐν

2235 1027 2420 1098 σαρκὶ,
2450 1027 2499 1078 oi
2527 1025 2808 1096 λεγόμενοι
2837 1023 3173 1094 ἀκροϐυστία
3217 1023 3322 1081 ὑπὸ
3367 1022 3464 1092 τῆς
3509 1018 3861 1089 λεγομένης

2236 1115 2536 1185 περιτομῆς
2583 1116 2641 1166 ὲν
2695 1113 2858 1185 σαρκὶ
2909 1115 3316 1188 χειροποιήτου·
3364 1112 3447 1168 ὅτι
3492 1105 3600 1179 ἦτε
3645 1109 3715 1162 ἐν
3775 1105 3861 1172 τῷ

2237 1205 2415 1276 καιρῷ
2441 1207 2632 1274 ἐκείνῳ
2660 1206 2826 1276 χωρὶς
2849 1202 3086 1275 Χριστοῦ
3102 1215 3150 1268 (ι,
3185 1200 3722 1272 ἀπηλλοτριωμένοι
3753 1199 3864 1265 τῆς

2241 1297 2513 1359 πολιτείας
2544 1297 2634 1349 τοῦ
2673 1297 2908 1370 Ἰσραὴλ,
2940 1297 3034 1348 καὶ
3083 1295 3223 1359 ξένοι
3249 1295 3358 1347 τῶν
3385 1294 3716 1364 διαθηκῶν,
3749 1292 3863 1356 τῆς

2241 1389 2572 1458 ἐπαγγελίας
2635 1388 2826 1442 ἐλπίδα
2896 1388 2969 1459 μὴ
3036 1387 3390 1458 {xcv—regam
3432 1386 3591 1444 ἄθεοι
3649 1387 3720 1438 ἐν
3777 1384 3865 1451 τῷ

2242 1482 2451 1551 κόσμῳ.
2488 1500 2504 1533 ι
2542 1482 2604 1534 Εἰ
2636 1481 2866 1550 Χριστὸν
2907 1481 3006 1533 οὑκ
3050 1480 3238 1551 ἔχοντα
3273 1481 3340 1532 τὰ
3383 1478 3512 1556 ἔθνη
3551 1477 3866 1534 διετέλουν

2243 1575 2302 1626 ὲν
2331 1574 2584 1646 ἀθεότητι
2608 1571 2748 1626 κατά
2775 1573 2864 1625 τὸν
2888 1573 3092 1642 κόσμον
3113 1611 3127 1636 ,
3166 1571 3352 1642 ἐπειδὴ
3377 1571 3432 1624 δὲ
3463 1571 3641 1628 αὑτὸν
3681 1572 3866 1640 ἐσχή-

2243 1677 2423 1721 κασιν,
2456 1661 2516 1711 οὑ
2552 1661 2922 1736 μεμενήκασιν
2968 1659 3198 1716 ἄθεοιτ·
3235 1661 3350 1724 πῶς
3379 1659 3488 1730 ἄρα
3530 1659 3603 1712 οὑ
3651 1657 3808 1721 Θεὸς
3836 1659 3868 1709 ὁ

2245 1751 2480 1822 Χριστός
2501 1767 2516 1815 ;

2323 1863 2340 1893 ι
2374 1843 2574 1896 Τούτου
2607 1843 2767 1916 χάριν
2800 1842 3038 1911 κάμπτω
3062 1841 3130 1895 τὰ
3158 1843 3359 1908 γόνατὰ
3408 1859 3512 1912 μου
3570 1841 3728 1908 πρὸς
3761 1843 3864 1894 τὸν

2247 1933 2467 2004 Πατέρα
2522 1932 2635 2005 [τοῦ
2667 1934 2869 2006 Κυρίου
2925 1933 3082 2002 ἡμῶν
3139 1932 3314 2003 Ἰησοῦ
3355 1931 3662 2003 Χριστοῦι,
3697 1934 3770 1997 ἑξ
3797 1928 3860 1986 οὗ

2247 2027 2397 2083 πᾶσα
2435 2024 2636 2094 πατριὰ
2665 2026 2722 2076 ὲν
2759 2026 3005 2096 οὐρανοῖς
3044 2025 3136 2076 καὶ
3179 2025 3273 2076 ἐπὶ
3317 2024 3419 2093 γῆς
3461 2024 3857 2093 ὀνομάζεται·

2247 2116 2332 2168 ἵνα
2364 2115 2474 2188 δῴη
2504 2116 2632 2185 ὑμῖν
2663 2117 2803 2168 κατὰ
2851 2115 2944 2168 τὸν
3010 2115 3237 2168 πλοῦτον
3292 2117 3391 2184 τῆς
3447 2117 3619 2186 δόξης
3645 2116 3858 2181 αὑτοῦ,

2245 2208 2473 2277 δυνάμει
2502 2208 2908 2280 κραταιωθῆναι
2948 2207 3036 2260 διὰ
3063 2208 3158 2262 τοῦ
3194 2210 3512 2280 Πνεῦματος
3548 2211 3738 2266 αὑτοῦ
3773 2216 3856 2274 εἰς

2245 2299 2337 2352 τὸν
2359 2300 2464 2353 ἔσω
2491 2299 2798 2370 ἄνθρωπον,
2847 2300 3176 2369 κατοικῆσαι
3215 2301 3306 2354 τὸν
3329 2302 3573 2373 Χριστὸν
3615 2303 3714 2356 διὰ
3749 2307 3855 2371 τῆς

2249 2391 2488 2454 πίστεως
2542 2393 2598 2444 ἐν
2667 2393 2788 2454 ταῖς
2839 2391 3091 2463 καρδίαις
3146 2391 3330 2464 ὑμῶν.
3387 2412 3406 2451 ι
3454 2393 3529 2452 Τὸ
3580 2395 3854 2464 Χριστός

2262 2481 2500 2548 Ἰησοῦς
2529 2482 2719 2550 ὄνομα,
2754 2481 2890 2536 καθὸ
2918 2483 3236 2547 πλειστάκις
3269 2484 3610 2554 εἰρήκαμεν,
3633 2483 3857 2556 ἀνθρω-

2251 2572 2381 2640 πεία
2419 2573 2601 2642 μοριρῇ
2633 2570 2723 2628 τὸν
2755 2574 2816 2624 ὲκ
2849 2573 2984 2626 Θεοῦ
3027 2573 3311 2643 πεφηνότα
3351 2574 3526 2640 Λόγον
3577 2575 3852 2644 σημαίνει

2253 2663 2547 2732 πανταχοῦ.
2578 2663 2701 2727 Πῶς
2729 2661 2822 2717 οῦν
2855 2665 2914 2718 ἐν
2941 2667 3061 2728 ταῖς
3099 2665 3346 2736 καρδίαις
3399 2664 3566 2734 ἡμῶν
3599 2668 3854 2727 κατοικεῖ

2251 2756 2338 2809 διὰ
2391 2757 2490 2825 τῆς
2545 2757 2801 2820 πίστεως,
2854 2758 2904 2810 εί
2960 2758 3037 2827 μὴ
3083 2759 3286 2812 νοεῖται
3327 2757 3485 2823 Θεὸς,
3533 2757 3854 2822 sudas-rita;

2252 2846 2432 2918 ἐαυτῷ
2458 2849 2554 2917 τὴν
2584 2849 2760 2918 σάρκα
2791 2848 2883 2901 τοῦ
2923 2848 3120 2920 Λόγου,
3152 2849 3210 2911 ὃς
3245 2849 3339 2901 καὶ
3373 2848 3583 2913 θεῖκῶς
3627 2850 3689 2902 ἐν
3721 2851 3854 2922 ἡμῖν

2254 2941 2500 2992 κατοικεῖ
2531 2937 2621 2990 διὰ
2661 2939 2752 2991 τοῦ
2779 2938 3130 3010 nasutus-0;;
3169 2940 3230 2991 Ei
3256 2940 3312 2992 δὲ
3344 2940 3526 3002 κοινὸς
3552 2940 3852 3012 ἇνθρωππ

2256 3031 2283 3082 ό
2308 3030 2558 3100 Χριστὸς,
2589 3031 2680 3082 καὶ
2708 3030 2894 3100 ἕτερος
2919 3030 3032 3092 υἱὸς
3059 3030 3210 3106 παρὰ
3233 3031 3324 3084 τὸν
3349 3030 3516 3100 φύσει
3541 3033 3649 3084 καὶ
3667 3034 3852 3101 μόνον,

2260 3121 2403 3194 φημὶ
2431 3122 2494 3194 δὴ
2525 3122 2616 3174 τὸν
2646 3124 2708 3175 ὲκ
2732 3123 2888 3188 Θεοῦ,
2919 3123 3002 3186 τίς
3033 3123 3061 3174 ὁ
3095 3124 3151 3175 ὲν
3175 3123 3303 3194 ἡμῖν
3323 3124 3612 3180 κατοικῶν
3636 3142 3652 3192 ',
3741 3126 3854 3187 πῶς

577 3221 663 3266 est
693 3210 782 3265 ille
829 3213 918 3280 qui
945 3211 1152 3265 habitat
1186 3211 1239 3263 in
1273 3209 1466 3264 nobis?
1523 3217 1616 3262 aut
1661 3209 1932 3277 quomodo
1973 3207 2026 3260 in
2059 3207 2153 3260 ho-

2263 3213 2567 3284 ἀνθρώποις
2599 3214 2687 3267 διὰ
2717 3215 2951 3277 πίστεως
2977 3215 3336 3280 ἐνοικίζεταις
3373 3216 3562 3274 καίτοι
3595 3218 3853 3287 λέγοντες

581 3305 820 3359 minibus
850 3304 1117 3357 inhabitat
1154 3319 1249 3372 per
1299 3302 1504 3356 ﬁdem?
1545 3317 1666 3354 cum
1710 3301 1947 3355 Joannes
1993 3300 2059 3355 de
2097 3313 2162 3354 eo

582 3395 816 3450 dilucide
848 3394 1036 3448 dicat:
1080 3413 1098 3445 ι
1137 3392 1192 3446 lu
1227 3394 1330 3447 hoc
1375 3392 1770 3462 cognoscimus,
1821 3393 1964 3459 quod
2013 3391 2066 3444 in
2099 3406 2164 3444 eo

583 3502 883 3554 manemus,
912 3497 965 3541 et
991 3487 1106 3552 ipse
1139 3487 1192 3539 in
1229 3486 1381 3540 nobis
1405 3496 1509 3551 est,
1547 3485 1803 3555 quoniam
1841 3487 1908 3540 de
1953 3483 2164 3554 Spiritu

583 3594 681 3633 suo
708 3577 856 3632 dedit
885 3578 1041 3630 nobis
1070 3575 1137 3629 ".
1184 3595 1204 3626 ι

945 3668 1031 3722 Ea:
1064 3667 1304 3737 Epistula
1335 3670 1403 3720 ad
1429 3665 1810 3736 Philippensem

661 3803 679 3836 ι
709 3782 840 3849 Qum
879 3781 1010 3836 mihi
1050 3781 1270 3836 fuerunt
1309 3781 1454 3835 lucra
1501 3779 1605 3851 (de
1644 3779 2062 3850 gloriationibus
2112 3779 2166 3834 in

586 3873 702 3942 lege
731 3872 1009 3942 loquitur).
1035 3872 1149 3926 hate
1176 3871 1474 3926 arbitratus
1499 3885 1618 3923 sum
1650 3879 1873 3940 propter
1890 3869 2167 3924 Christum

588 3966 931 4019 detrimenta.
969 3961 1350 4020 Verumtamen
1373 3962 1628 4016 existimo
1653 3964 1832 4016 omnia
1869 3961 2166 4015 detrimen-

590 4068 701 4110 tum
733 4070 855 4110 esse
887 4065 1106 4125 propter
1148 4054 1476 4108 eminentem
1513 4053 1796 4108 scientiam
1843 4051 1971 4108 Jesu
2008 4052 2167 4109 Chri-

589 4150 655 4202 sti
695 4147 902 4201 Domini
932 4145 1121 4212 nostri,
1161 4155 1378 4215 propter
1393 4160 1550 4213 quem
1579 4145 1762 4199 omnia
1784 4145 2166 4200 detrimentum

591 4239 718 4303 tetri,
745 4246 800 4292 et
847 4238 1087 4290 arbitror
1117 4248 1172 4290 ut
1215 4246 1478 4301 stercora,
1528 4246 1588 4290 ut
1631 4235 1909 4290 Christum
1942 4235 2168 4290 lucrifa-

591 4332 730 4384 ciam
756 4329 825 4384 ⁸⁷.
868 4347 887 4380 ι
931 4327 1070 4394 Quid
1119 4337 1224 4394 est,
1273 4328 1488 4393 amabo,
1538 4327 1735 4382 eximia
1788 4326 1986 4384 Christi
2040 4325 2166 4381 .lesu

592 4419 860 4474 scientia?
915 4420 1024 4475 Cur
1074 4420 1255 4474 omnia
1317 4435 1436 4488 quia
1494 4419 1625 4488 legis
1671 4427 1820 4484 sunt,
1873 4420 2170 4475 detrimen-

2275 3306 2520 3360 Ἰωάννου
2553 3307 2738 3377 σαφῶς
2767 3308 2896 3378 περὶ
2927 3307 3020 3362 τοῦ
3073 3308 3338 3379 Χριστοῦ’
3378 3329 3396 3359 ι
3420 3310 3514 3362 Ἐν
3548 3311 3739 3382 τούτῳ
3772 3328 3854 3378 γι-

2265 3398 2564 3469 νώσκομεν,
2602 3401 2682 3454 ὅτι
2721 3401 2778 3452 ὲν
2810 3401 2941 3473 ἡμῖν
2972 3403 3141 3465 ἐστιν,
3170 3402 3251 3455 ὅτι
3283 3404 3345 3456 ὲκ
3383 3401 3481 3455 τοῦ
3529 3403 3852 3478 [Ινεὺματος

2265 3489 2428 3542 αὑτοῦ
2458 3491 2655 3544 ἔδωκεν
2684 3491 2833 3562 ἡμῖν.
2875 3511 2895 3542 ι

2587 3668 2688 3722 Ἐκ
2730 3667 2838 3736 τῆς
2879 3670 3026 3738 πρὸς
3067 3672 3539 3738 Φιλιππησίους.

2340 3786 2412 3837 Πε
2424 3784 2475 3852 pi.
2501 3782 2608 3838 τῶν
2633 3785 2692 3835 ὲν
2715 3784 2864 3858 νόμῳ
2882 3801 3058 3855 καυχη
3068 3785 3252 3855 μάτων
3283 3785 3444 3854 φησίν
3467 3802 3482 3816 ·
3508 3805 3528 3836 ι
3565 3787 3773 3844 ’Δτινα
3795 3785 3856 3856 ἦν

2272 3890 2360 3942 μοι
2408 3872 2595 3943 κέρδη,
2642 3871 2812 3926 ταῦτα
2864 3875 3080 3946 ἥγημαι
3110 3875 3198 3928 διὰ
3235 3875 3324 3928 τὸν
3350 3877 3598 3946 Χριστὸν
3629 3878 3850 3948 ζημίαν.

2283 3963 2442 4017 Ἀλλὰ
2471 3964 2731 4034 μενοῦνγε
2761 3965 3002 4036 ἡγοῦμαι
3030 3968 3098 4022 τὰ
3130 3967 3309 4021 πάντα
3337 3967 3545 4037 ζημίαν
3576 3965 3751 4034 εἶναι,
3777 3970 3854 4024 διὰ

2267 4057 2330 4109 τὸ
2361 4056 2625 4126 ὑπερέχον
2650 4056 2750 4126 τῆς
2774 4056 3026 4123 γνώσεως
3050 4057 3287 4128 Χριστοῦ
3320 4058 3497 4129 Ἰησοῦ
3522 4059 3628 4114 τοῦ
3659 4062 3852 4132 Κυρίου

2270 4147 2303 4215 ἡ
2311 4145 2448 4215 μῶν,
2475 4146 2542 4199 δι’
2579 4146 2637 4198 ὃν
2657 4146 2728 4198 τὰ
2748 4146 2924 4200 πάντα
2945 4145 3259 4219 ἐζημιώθην
3277 4187 3291 4212 ,
3321 4151 3415 4202 καὶ
3436 4150 3579 4220 ἡγοῦ
3588 4168 3695 4220 μαι
3731 4152 3851 4204 σκῦ-

2271 4235 2408 4287 ϐαλα
2429 4232 2585 4298 εἶναι,
2615 4237 2699 4288 ἵνα
2721 4237 2951 4306 Χριστὸν
2974 4237 3272 4308 κερδήσω.»
3306 4240 3370 4291 Τί
3393 4239 3449 4292 δὲ
3480 4241 3579 4293 καὶ
3605 4242 3672 4294 τὸ
3695 4243 3851 4312 ὑπερ-

2270 4325 2392 4396 έχον
2435 4326 2537 4396 τῆς
2563 4325 2816 4394 γνώσεως
2863 4327 3032 4396 Ἰησοῦ
3049 4328 3313 4400 Χριστοῦ;
3345 4330 3442 4382 Διὰ
3474 4331 3532 4384 τί
3564 4331 3752 4402 ζημία
3773 4335 3853 4386 καὶ

2274 4416 2519 4471 σκύϐαλα
2533 4416 2590 4470 ὲν
2606 4417 2784 4488 νόμῳ;
2807 4418 2995 4472 Καίτοι
3020 4417 3152 4472 Θεὸν
3175 4418 3267 4476 τὸν
3288 4419 3448 4489 φύσει
3474 4420 3576 4473 καὶ
3608 4422 3853 4491 ἀληθινὸν

593 4521 769 4564 torum
798 4517 853 4564 et.
905 4508 1314 4580 quisquiliarum
1351 4508 1468 4563 loco
1500 4509 1693 4564 duxit?
1742 4507 1911 4562 Porro
1940 4509 2025 4564 lex
2056 4507 2153 4566 Mo-

2277 4510 2305 4561 ὁ
2334 4508 2421 4562 διὰ
2448 4507 2694 4571 Μωσέως
2725 4507 2886 4577 νόμος
2907 4510 3019 4572 τοῖς
3038 4509 3410 4584 ἀρχαιοτέροις
3435 4509 3754 4579 ἐκήρυττεν
3772 4527 3789 4542 ο
3815 4513 3857 4562 οἱ

593 4601 738 4654 saica
783 4600 978 4670 priscis
1041 4600 1146 4654 illis
1189 4600 1496 4655 hominibus
1547 4615 1737 4656 verum
1768 4599 2173 4671 naturalemque

594 4690 764 4746 Deum
821 4691 1227 4760 prazdicaverit,
1280 4706 1430 4745 novae
1486 4703 1666 4746 autem
1715 4692 1852 4762 legis
1914 4691 2165 4748 doctores

597 4781 782 4838 Jesum
809 4782 1082 4840 Christum
1124 4799 1269 4839 nunc
1301 4783 1610 4839 hominibus
1653 4784 1997 4840 annuntiant.
2029 4783 2172 4840 Sane

596 4875 642 4927 si
675 4883 880 4928 tantum
911 4875 1218 4930 communis
1249 4874 1528 4946 nostrique
1567 4875 1764 4930 similis
1813 4875 1975 4929 homo
2003 4886 2167 4942 esset,

597 4979 718 5017 cum
769 4962 950 5018 Verbo
994 4964 1137 5033 quod
1193 4979 1260 5018 ex
1328 4965 1438 5018 Deo
1498 4965 1744 5034 procedit
1833 4965 2168 5034 hypostatica

598 5055 797 5108 unione
829 5071 933 5110 non
963 5056 1305 5124 conjunclus,
1333 5064 1497 5126 atque
1525 5057 1647 5111 ideo
1683 5072 1782 5112 nec
1831 5056 1972 5111 Deus
2000 5057 2175 5112 credi-

2278 4601 2336 4656 δὲ
2356 4600 2454 4670 τῆς
2479 4599 2605 4662 νέας
2636 4599 2913 4669 Διαθήκης
2943 4602 3292 4671 μυσταγωγοὶ
3308 4601 3544 4671 Χριστὸν
3563 4601 3657 4671 τῷ
3679 4603 3860 4672 κόσμῳ

2279 4691 2735 4762 κατηγγέλκασιν.
2771 4690 2912 4745 Ἀλλ’
2951 4692 3108 4763 εἴπερ
3172 4692 3319 4748 ἐστὶν
3373 4691 3677 4762 ἄνθρωπος
3739 4695 3862 4748 καθ’

2277 4782 2444 4852 ἡμᾶς,
2491 4780 2621 4836 αὑτὸ
2668 4779 2734 4850 δὴ
2777 4779 2936 4837 τοῦτο
2981 4780 3175 4844 κοινὸς,
3216 4780 3314 4850 οὑχ
3365 4778 3561 4843 ἐνώσει
3611 4785 3687 4853 τῇ
3743 4783 3862 4837 καθ’

2277 4874 2593 4938 ὑπόστασιν,
2615 4876 2680 4944 τῇ
2699 4873 2834 4944 πρός
2853 4891 2935 4941 γε,
2957 4876 3121 4944 φημὶ,
3145 4874 3235 4929 τὸν
3261 4876 3325 4928 ὲκ
3347 4873 3483 4926 Θεοῦ
3508 4874 3720 4944 Λόγον,
3739 4874 3861 4930 εἶναι

2277 4963 2409 5028 Θεὸς
2438 4963 2893 5034 πεπιστευμένος,
2925 4964 3042 5029 πῶς
3076 4965 3325 5036 ὑπερέξει
3364 4966 3464 5037 τῆς
3510 4972 3762 5040 νομικῆς
3791 4972 3864 5024 πί·

2284 5074 2452 5120 στεως
2484 5059 2516 5128 ἡ
2548 5059 2666 5110 κατ’
2703 5057 2902 5124 αὑτόν;

597 5155 686 5202 tus
727 5163 742 5201 τ
792 5163 896 5202 non
929 5149 1082 5204 video
1104 5165 1209 5218 qua
1252 5149 1459 5204 ratione
1489 5150 1620 5205 ﬁdes
1646 5150 1698 5204 iu
1733 5152 1927 5219 ipsum,
1954 5150 2112 5208 ﬁdem
2152 5164 2272 5220 quae
2297 5166 2362 5203 ex
2388 5151 2502 5220 lege
2527 5159 2630 5214 est,
2657 5150 2905 5205 excellet.

967 5239 1053 5293 Ea:
1082 5238 1320 5308 Epistola
1354 5243 1422 5293 ad
1450 5239 1804 5295 Colossenser.

675 5351 694 5383 ι
742 5331 962 5386 Gaudeo
987 5330 1407 5403 nunc(iuquit)
1445 5333 1497 5386 in
1534 5333 1876 5399 passionibus
1905 5334 2040 5387 tucis
2076 5347 2172 5403 pro

2627 5242 2732 5295 Ἐκ
2769 5241 2878 5308 τῆς
2918 5241 3067 5308 πρὸς
3109 5239 3516 5305 Κολασσαεῖς.

2357 5353 2375 5384 ‹
2405 5333 2518 5386 Νῦν
2549 5331 2744 5403 χαίρω,
2774 5333 2956 5403 φησιν,
2988 5335 3046 5387 ἐν
3095 5336 3206 5396 τοῖς
3253 5331 3554 5404 παθήμασί
3599 5352 3716 5406 μου
3745 5337 3871 5411 ὑπὲρ

670 5475 717 5510 ⁵⁵
749 5475 947 5546 Ephes.
975 5493 1035 5541 ιι,
1073 5476 1160 5542 ll,
1194 5474 1282 5530 l2.
1358 5477 1405 5508 "
1439 5475 1637 5545 Ephes.
1666 5493 1748 5545 ιιι,
1786 5476 1973 5530 14-17.
2029 5476 2074 5506 ⁵⁵
2105 5475 2123 5527 l

2259 5490 2312 5530 ιι.
2343 5490 2420 5539 tv,
2457 5473 2546 5530 ‘15.
2621 5473 2663 5504 ⁵⁷
2697 5473 2922 5543 Philipp.
2958 5489 3040 5542 sn,
3071 5472 3124 5538 7,
3147 5473 3200 5529 8.

1681 5631 1855 5687 Variae
1891 5630 2148 5686 lectiones
2174 5629 2375 5686 codicis
2411 5626 2767 5698 chnicriaui.

679 5770 803 5823 ral.
838 5772 1038 5843 ταύτῷ.
1116 5782 1144 5822 't
1167 5769 1321 5825 Θεοῦ.
1405 5779 1424 5807 τ
1460 5770 1612 5826 ἄθεα.
