  <div class='ocr_page' id='page_1' title='image "/cluster/home/n/w/nwhite01/storage/ocr_20150623/76/nnc1.0046980067/652.png"; bbox 0 0 4044 6332; ppageno 0'>
   <div class='ocr_carea' id='block_1_1' title="bbox 239 380 3539 448">
    <p class='ocr_par' dir='ltr' id='par_1_1' title="bbox 239 380 3539 448">
     <span class='ocr_line' id='line_1_1' title="bbox 239 380 3539 448; baseline -0.007 0"><span class='ocrx_word' id='word_1_1' title='bbox 239 392 374 448; x_wconf 71' lang='lat' dir='ltr'><strong>tate</strong></span> <span class='ocrx_word' id='word_1_2' title='bbox 1335 386 1422 441; x_wconf 80' lang='lat' dir='ltr'><strong>nn</strong></span> <span class='ocrx_word' id='word_1_3' title='bbox 1463 381 1690 439; x_wconf 62' lang='lat' dir='ltr'><strong>meum</strong></span> <span class='ocrx_word' id='word_1_4' title='bbox 1734 380 1886 435; x_wconf 72' lang='lat' dir='ltr'><strong>nos</strong></span> <span class='ocrx_word' id='word_1_5' title='bbox 1926 381 2016 434; x_wconf 66' lang='lat' dir='ltr'><strong>ao</strong></span> <span class='ocrx_word' id='word_1_6' title='bbox 2057 380 2375 437; x_wconf 81' lang='lat' dir='ltr'><strong>REGINAS.</strong></span> <span class='ocrx_word' id='word_1_7' title='bbox 3357 387 3497 444; x_wconf 61' lang='grc' dir='ltr'><strong>ηεςο</strong></span> <span class='ocrx_word' id='word_1_8' title='bbox 3531 409 3539 426; x_wconf 91' lang='grc'><strong>,</strong></span> 
     </span>
    </p>
   </div>
   <div class='ocr_carea' id='block_1_2' title="bbox 243 497 1828 575">
    <p class='ocr_par' dir='ltr' id='par_1_2' title="bbox 243 499 1815 575">
     <span class='ocr_line' id='line_1_2' title="bbox 243 499 1815 575; baseline -0.005 -17"><span class='ocrx_word' id='word_1_9' title='bbox 243 505 415 575; x_wconf 80' lang='grc' dir='ltr'>ὑμῶν,</span> <span class='ocrx_word' id='word_1_10' title='bbox 438 503 531 556; x_wconf 73' lang='grc' dir='ltr'><strong>καὶ</strong></span> <span class='ocrx_word' id='word_1_11' title='bbox 557 500 952 572; x_wconf 78' lang='grc' dir='ltr'>ἀνταναπληρῶ</span> <span class='ocrx_word' id='word_1_12' title='bbox 979 502 1046 556; x_wconf 79' lang='grc' dir='ltr'><strong>τὰ</strong></span> <span class='ocrx_word' id='word_1_13' title='bbox 1066 501 1414 573; x_wconf 75' lang='grc' dir='ltr'>ὑστερήματα</span> <span class='ocrx_word' id='word_1_14' title='bbox 1439 501 1548 554; x_wconf 81' lang='grc' dir='ltr'><strong>τῶν</strong></span> <span class='ocrx_word' id='word_1_15' title='bbox 1584 499 1815 560; x_wconf 68' lang='grc' dir='ltr'>θλίψεων</span> 
     </span>
    </p>
   </div>
   <div class='ocr_carea' id='block_1_3' title="bbox 1926 497 3495 575">
    <p class='ocr_par' dir='ltr' id='par_1_3' title="bbox 1926 497 3495 573">
     <span class='ocr_line' id='line_1_3' title="bbox 1926 497 3495 573; baseline 0.009 -27"><span class='ocrx_word' id='word_1_16' title='bbox 1926 497 2097 560; x_wconf 85' lang='lat' dir='ltr'><strong>vobis,</strong></span> <span class='ocrx_word' id='word_1_17' title='bbox 2129 509 2184 552; x_wconf 91' lang='lat' dir='ltr'><strong>et</strong></span> <span class='ocrx_word' id='word_1_18' title='bbox 2210 497 2483 566; x_wconf 86' lang='lat' dir='ltr'><strong>adimpleo</strong></span> <span class='ocrx_word' id='word_1_19' title='bbox 2506 512 2568 553; x_wconf 85' lang='lat' dir='ltr'><strong>ea</strong></span> <span class='ocrx_word' id='word_1_20' title='bbox 2598 513 2718 569; x_wconf 77' lang='lat' dir='ltr'><strong>quae</strong></span> <span class='ocrx_word' id='word_1_21' title='bbox 2741 501 2939 555; x_wconf 85' lang='lat' dir='ltr'><strong>desunt</strong></span> <span class='ocrx_word' id='word_1_22' title='bbox 2981 503 3298 573; x_wconf 78' lang='lat' dir='ltr'><strong>passionum</strong></span> <span class='ocrx_word' id='word_1_23' title='bbox 3333 506 3495 560; x_wconf 79' lang='lat' dir='ltr'><strong>Chri-</strong></span> 
     </span>
    </p>
   </div>
   <div class='ocr_carea' id='block_1_4' title="bbox 244 589 1828 668">
    <p class='ocr_par' dir='ltr' id='par_1_4' title="bbox 244 589 1814 668">
     <span class='ocr_line' id='line_1_4' title="bbox 244 589 1814 668; baseline -0.004 -18"><span class='ocrx_word' id='word_1_24' title='bbox 244 598 336 651; x_wconf 84' lang='grc' dir='ltr'><strong>τοῦ</strong></span> <span class='ocrx_word' id='word_1_25' title='bbox 372 594 608 668; x_wconf 76' lang='grc' dir='ltr'><strong>Χριστοῦ</strong></span> <span class='ocrx_word' id='word_1_26' title='bbox 654 595 712 646; x_wconf 78' lang='grc' dir='ltr'><strong>ὲν</strong></span> <span class='ocrx_word' id='word_1_27' title='bbox 754 597 821 664; x_wconf 81' lang='grc' dir='ltr'>τῇ</span> <span class='ocrx_word' id='word_1_28' title='bbox 873 596 1034 664; x_wconf 86' lang='grc' dir='ltr'>σαρκί</span> <span class='ocrx_word' id='word_1_29' title='bbox 1075 611 1177 663; x_wconf 87' lang='grc' dir='ltr'><strong>μου</strong></span> <span class='ocrx_word' id='word_1_30' title='bbox 1229 589 1368 664; x_wconf 77' lang='grc' dir='ltr'>ὑπὲρ</span> <span class='ocrx_word' id='word_1_31' title='bbox 1422 593 1513 646; x_wconf 83' lang='grc' dir='ltr'><strong>τοῦ</strong></span> <span class='ocrx_word' id='word_1_32' title='bbox 1565 592 1814 663; x_wconf 82' lang='grc' dir='ltr'>σώματος</span> 
     </span>
    </p>
   </div>
   <div class='ocr_carea' id='block_1_5' title="bbox 1926 589 3500 668">
    <p class='ocr_par' dir='ltr' id='par_1_5' title="bbox 1926 590 3500 664">
     <span class='ocr_line' id='line_1_5' title="bbox 1926 590 3500 664; baseline 0.006 -22"><span class='ocrx_word' id='word_1_33' title='bbox 1926 591 1988 642; x_wconf 85' lang='lat' dir='ltr'><strong>sti</strong></span> <span class='ocrx_word' id='word_1_34' title='bbox 2025 590 2075 643; x_wconf 91' lang='lat' dir='ltr'><strong>in</strong></span> <span class='ocrx_word' id='word_1_35' title='bbox 2105 605 2269 644; x_wconf 88' lang='lat' dir='ltr'><strong>carne</strong></span> <span class='ocrx_word' id='word_1_36' title='bbox 2296 605 2413 644; x_wconf 87' lang='lat' dir='ltr'><strong>mea</strong></span> <span class='ocrx_word' id='word_1_37' title='bbox 2445 606 2543 659; x_wconf 91' lang='lat' dir='ltr'><strong>pro</strong></span> <span class='ocrx_word' id='word_1_38' title='bbox 2572 606 2802 661; x_wconf 90' lang='lat' dir='ltr'><strong>corpore</strong></span> <span class='ocrx_word' id='word_1_39' title='bbox 2833 594 2954 662; x_wconf 84' lang='lat' dir='ltr'><strong>ejus</strong></span> <span class='ocrx_word' id='word_1_40' title='bbox 2977 631 2993 659; x_wconf 93' lang='lat'><strong>,</strong></span> <span class='ocrx_word' id='word_1_41' title='bbox 3027 596 3170 664; x_wconf 91' lang='lat' dir='ltr'><strong>quod</strong></span> <span class='ocrx_word' id='word_1_42' title='bbox 3195 606 3279 649; x_wconf 89' lang='lat' dir='ltr'><strong>est</strong></span> <span class='ocrx_word' id='word_1_43' title='bbox 3312 596 3500 651; x_wconf 83' lang='lat' dir='ltr'><strong>Eccle-</strong></span> 
     </span>
    </p>
   </div>
   <div class='ocr_carea' id='block_1_6' title="bbox 245 680 1818 758">
    <p class='ocr_par' dir='ltr' id='par_1_6' title="bbox 245 680 1818 758">
     <span class='ocr_line' id='line_1_6' title="bbox 245 680 1818 758; baseline -0.003 -16"><span class='ocrx_word' id='word_1_44' title='bbox 245 687 433 752; x_wconf 79' lang='grc' dir='ltr'>αὑτοῦ,</span> <span class='ocrx_word' id='word_1_45' title='bbox 461 688 490 740; x_wconf 85' lang='grc' dir='ltr'>ὅ</span> <span class='ocrx_word' id='word_1_46' title='bbox 516 687 662 739; x_wconf 78' lang='grc' dir='ltr'>ἐστιν</span> <span class='ocrx_word' id='word_1_47' title='bbox 689 687 720 756; x_wconf 83' lang='grc' dir='ltr'><strong>ἡ</strong></span> <span class='ocrx_word' id='word_1_48' title='bbox 762 685 1086 754; x_wconf 72' lang='grc' dir='ltr'>Ἐκκλησία·</span> <span class='ocrx_word' id='word_1_49' title='bbox 1115 680 1182 758; x_wconf 81' lang='grc' dir='ltr'>ἧς</span> <span class='ocrx_word' id='word_1_50' title='bbox 1212 685 1478 756; x_wconf 72' lang='grc' dir='ltr'><strong>ἐγενόμην</strong></span> <span class='ocrx_word' id='word_1_51' title='bbox 1509 685 1618 753; x_wconf 83' lang='grc' dir='ltr'><strong>ἐγὼ</strong></span> <span class='ocrx_word' id='word_1_52' title='bbox 1637 685 1818 738; x_wconf 78' lang='grc' dir='ltr'>διάκο-</span> 
     </span>
    </p>
   </div>
   <div class='ocr_carea' id='block_1_7' title="bbox 245 775 1816 848">
    <p class='ocr_par' dir='ltr' id='par_1_7' title="bbox 245 775 1816 848">
     <span class='ocr_line' id='line_1_7' title="bbox 245 775 1816 848; baseline -0.003 -15"><span class='ocrx_word' id='word_1_53' title='bbox 245 797 331 842; x_wconf 86' lang='grc' dir='ltr'><strong>νος</strong></span> <span class='ocrx_word' id='word_1_54' title='bbox 361 778 501 832; x_wconf 76' lang='grc' dir='ltr'>κατὰ</span> <span class='ocrx_word' id='word_1_55' title='bbox 529 777 627 848; x_wconf 77' lang='grc' dir='ltr'><strong>τὴν</strong></span> <span class='ocrx_word' id='word_1_56' title='bbox 655 776 967 847; x_wconf 74' lang='grc' dir='ltr'>οἰκονομίαν</span> <span class='ocrx_word' id='word_1_57' title='bbox 1003 776 1098 830; x_wconf 85' lang='grc' dir='ltr'><strong>τοῦ</strong></span> <span class='ocrx_word' id='word_1_58' title='bbox 1140 777 1276 830; x_wconf 90' lang='grc' dir='ltr'>Θεοῦ</span> <span class='ocrx_word' id='word_1_59' title='bbox 1307 777 1406 848; x_wconf 81' lang='grc' dir='ltr'><strong>τὴν</strong></span> <span class='ocrx_word' id='word_1_60' title='bbox 1443 775 1690 832; x_wconf 82' lang='grc' dir='ltr'>δοθεῖσάν</span> <span class='ocrx_word' id='word_1_61' title='bbox 1726 794 1816 848; x_wconf 86' lang='grc' dir='ltr'><strong>μοι</strong></span> 
     </span>
    </p>
   </div>
   <div class='ocr_carea' id='block_1_8' title="bbox 242 869 1818 943">
    <p class='ocr_par' dir='ltr' id='par_1_8' title="bbox 242 869 1818 943">
     <span class='ocr_line' id='line_1_8' title="bbox 242 869 1818 943; baseline -0.001 -17"><span class='ocrx_word' id='word_1_62' title='bbox 242 875 321 937; x_wconf 81' lang='grc' dir='ltr'><strong>είς</strong></span> <span class='ocrx_word' id='word_1_63' title='bbox 344 873 508 943; x_wconf 85' lang='grc' dir='ltr'>ὑμᾶς,</span> <span class='ocrx_word' id='word_1_64' title='bbox 537 869 826 942; x_wconf 83' lang='grc' dir='ltr'>πληρῶσαι</span> <span class='ocrx_word' id='word_1_65' title='bbox 864 872 956 924; x_wconf 71' lang='grc' dir='ltr'><strong>τὸν</strong></span> <span class='ocrx_word' id='word_1_66' title='bbox 986 870 1148 940; x_wconf 87' lang='grc' dir='ltr'>λόγον</span> <span class='ocrx_word' id='word_1_67' title='bbox 1173 871 1269 924; x_wconf 91' lang='grc' dir='ltr'><strong>τοῦ</strong></span> <span class='ocrx_word' id='word_1_68' title='bbox 1309 872 1446 925; x_wconf 84' lang='grc' dir='ltr'>Θεοῦ</span> <span class='ocrx_word' id='word_1_69' title='bbox 1471 889 1483 902; x_wconf 89' lang='grc'><strong>·</strong></span> <span class='ocrx_word' id='word_1_70' title='bbox 1518 871 1574 925; x_wconf 86' lang='grc' dir='ltr'>τὸ</span> <span class='ocrx_word' id='word_1_71' title='bbox 1610 873 1818 942; x_wconf 88' lang='grc' dir='ltr'>μυστή-</span> 
     </span>
    </p>
   </div>
   <div class='ocr_carea' id='block_1_9' title="bbox 244 964 1819 1040">
    <p class='ocr_par' dir='ltr' id='par_1_9' title="bbox 244 964 1819 1040">
     <span class='ocr_line' id='line_1_9' title="bbox 244 964 1819 1040; baseline -0.001 -19"><span class='ocrx_word' id='word_1_72' title='bbox 244 984 356 1040; x_wconf 92' lang='grc' dir='ltr'>ριον</span> <span class='ocrx_word' id='word_1_73' title='bbox 399 965 461 1019; x_wconf 81' lang='grc' dir='ltr'><strong>τὸ</strong></span> <span class='ocrx_word' id='word_1_74' title='bbox 500 965 992 1036; x_wconf 77' lang='grc' dir='ltr'><strong>ἀποκεκρυμμένον</strong></span> <span class='ocrx_word' id='word_1_75' title='bbox 1027 965 1135 1018; x_wconf 81' lang='grc' dir='ltr'><strong>ἀπὸ</strong></span> <span class='ocrx_word' id='word_1_76' title='bbox 1168 964 1276 1019; x_wconf 85' lang='grc' dir='ltr'>τῶν</span> <span class='ocrx_word' id='word_1_77' title='bbox 1319 964 1530 1019; x_wconf 77' lang='grc' dir='ltr'><strong>αἰώνων</strong></span> <span class='ocrx_word' id='word_1_78' title='bbox 1573 966 1666 1019; x_wconf 81' lang='grc' dir='ltr'>καὶ</span> <span class='ocrx_word' id='word_1_79' title='bbox 1709 966 1819 1020; x_wconf 73' lang='grc' dir='ltr'><strong>ἀπὸ</strong></span> 
     </span>
    </p>
   </div>
   <div class='ocr_carea' id='block_1_10' title="bbox 241 1051 1816 1128">
    <p class='ocr_par' dir='ltr' id='par_1_10' title="bbox 241 1051 1816 1128">
     <span class='ocr_line' id='line_1_10' title="bbox 241 1051 1816 1128; baseline 0 -18"><span class='ocrx_word' id='word_1_80' title='bbox 241 1058 348 1111; x_wconf 84' lang='grc' dir='ltr'>τῶν</span> <span class='ocrx_word' id='word_1_81' title='bbox 377 1056 599 1126; x_wconf 82' lang='grc' dir='ltr'><strong>γενεῶν,</strong></span> <span class='ocrx_word' id='word_1_82' title='bbox 633 1057 752 1109; x_wconf 76' lang='grc' dir='ltr'>νυνὶ</span> <span class='ocrx_word' id='word_1_83' title='bbox 805 1051 862 1109; x_wconf 76' lang='grc' dir='ltr'>δὲ</span> <span class='ocrx_word' id='word_1_84' title='bbox 913 1055 1232 1128; x_wconf 71' lang='grc' dir='ltr'><strong>ἐφανερώθη</strong></span> <span class='ocrx_word' id='word_1_85' title='bbox 1275 1059 1387 1121; x_wconf 84' lang='grc' dir='ltr'>τοῖς</span> <span class='ocrx_word' id='word_1_86' title='bbox 1419 1058 1597 1125; x_wconf 79' lang='grc' dir='ltr'><strong>ἁγίοις</strong></span> <span class='ocrx_word' id='word_1_87' title='bbox 1627 1058 1816 1123; x_wconf 83' lang='grc' dir='ltr'>αὐτοῦ,</span> 
     </span>
    </p>
   </div>
   <div class='ocr_carea' id='block_1_11' title="bbox 240 1141 1818 1220">
    <p class='ocr_par' dir='ltr' id='par_1_11' title="bbox 240 1141 1818 1220">
     <span class='ocr_line' id='line_1_11' title="bbox 240 1141 1818 1220; baseline 0 -18"><span class='ocrx_word' id='word_1_88' title='bbox 240 1143 320 1212; x_wconf 80' lang='grc' dir='ltr'><strong>οἷς</strong></span> <span class='ocrx_word' id='word_1_89' title='bbox 346 1147 613 1219; x_wconf 75' lang='grc' dir='ltr'>ἠθέλησεν</span> <span class='ocrx_word' id='word_1_90' title='bbox 649 1147 678 1199; x_wconf 99' lang='lat'><strong>6</strong></span> <span class='ocrx_word' id='word_1_91' title='bbox 717 1141 851 1212; x_wconf 74' lang='grc' dir='ltr'>Θεὸς</span> <span class='ocrx_word' id='word_1_92' title='bbox 881 1149 1147 1219; x_wconf 79' lang='grc' dir='ltr'><strong>γνωρίσαι</strong></span> <span class='ocrx_word' id='word_1_93' title='bbox 1175 1149 1259 1212; x_wconf 87' lang='grc' dir='ltr'><strong>τίς</strong></span> <span class='ocrx_word' id='word_1_94' title='bbox 1287 1151 1314 1203; x_wconf 98' lang='lat'><strong>6</strong></span> <span class='ocrx_word' id='word_1_95' title='bbox 1345 1149 1574 1214; x_wconf 88' lang='grc' dir='ltr'>πλοῦτος</span> <span class='ocrx_word' id='word_1_96' title='bbox 1603 1151 1704 1220; x_wconf 83' lang='grc' dir='ltr'>τῆς</span> <span class='ocrx_word' id='word_1_97' title='bbox 1733 1150 1818 1202; x_wconf 86' lang='grc' dir='ltr'>δό-</span> 
     </span>
    </p>
   </div>
   <div class='ocr_carea' id='block_1_12' title="bbox 243 1238 1818 1311">
    <p class='ocr_par' dir='ltr' id='par_1_12' title="bbox 243 1238 1818 1311">
     <span class='ocr_line' id='line_1_12' title="bbox 243 1238 1818 1311; baseline 0.002 -20"><span class='ocrx_word' id='word_1_98' title='bbox 243 1239 336 1310; x_wconf 77' lang='grc' dir='ltr'>ξης</span> <span class='ocrx_word' id='word_1_99' title='bbox 374 1239 466 1292; x_wconf 84' lang='grc' dir='ltr'><strong>τοῦ</strong></span> <span class='ocrx_word' id='word_1_100' title='bbox 519 1238 817 1311; x_wconf 72' lang='grc' dir='ltr'>μυστηρίου</span> <span class='ocrx_word' id='word_1_101' title='bbox 848 1239 1017 1292; x_wconf 81' lang='grc' dir='ltr'>αὑτοῦ</span> <span class='ocrx_word' id='word_1_102' title='bbox 1074 1243 1131 1293; x_wconf 83' lang='grc' dir='ltr'><strong>ὲν</strong></span> <span class='ocrx_word' id='word_1_103' title='bbox 1178 1243 1291 1302; x_wconf 83' lang='grc' dir='ltr'>τοῖς</span> <span class='ocrx_word' id='word_1_104' title='bbox 1337 1241 1567 1306; x_wconf 76' lang='grc' dir='ltr'><strong>ἔθνεσιν,</strong></span> <span class='ocrx_word' id='word_1_105' title='bbox 1596 1242 1654 1305; x_wconf 83' lang='grc' dir='ltr'>ὃς</span> <span class='ocrx_word' id='word_1_106' title='bbox 1701 1243 1818 1294; x_wconf 80' lang='grc' dir='ltr'>ἐστι</span> 
     </span>
    </p>
   </div>
   <div class='ocr_carea' id='block_1_13' title="bbox 240 1332 1819 1404">
    <p class='ocr_par' dir='ltr' id='par_1_13' title="bbox 240 1332 1819 1404">
     <span class='ocr_line' id='line_1_13' title="bbox 240 1332 1819 1404; baseline 0.003 -20"><span class='ocrx_word' id='word_1_107' title='bbox 240 1332 473 1402; x_wconf 78' lang='grc' dir='ltr'>Χριστὸς</span> <span class='ocrx_word' id='word_1_108' title='bbox 504 1333 560 1384; x_wconf 84' lang='grc' dir='ltr'><strong>ὲν</strong></span> <span class='ocrx_word' id='word_1_109' title='bbox 592 1334 744 1403; x_wconf 81' lang='grc' dir='ltr'>ἡμῖν,</span> <span class='ocrx_word' id='word_1_110' title='bbox 784 1332 818 1402; x_wconf 80' lang='grc' dir='ltr'><strong>ἡ</strong></span> <span class='ocrx_word' id='word_1_111' title='bbox 854 1332 1009 1395; x_wconf 68' lang='grc' dir='ltr'>ἐλπὶς</span> <span class='ocrx_word' id='word_1_112' title='bbox 1049 1332 1149 1401; x_wconf 79' lang='grc' dir='ltr'>τῆς</span> <span class='ocrx_word' id='word_1_113' title='bbox 1176 1333 1355 1404; x_wconf 82' lang='grc' dir='ltr'>δόξης.</span> <span class='ocrx_word' id='word_1_114' title='bbox 1399 1333 1458 1386; x_wconf 80' lang='grc' dir='ltr'><strong>ὃν</strong></span> <span class='ocrx_word' id='word_1_115' title='bbox 1487 1336 1649 1403; x_wconf 79' lang='grc' dir='ltr'>ἡμεῖς</span> <span class='ocrx_word' id='word_1_116' title='bbox 1682 1350 1819 1388; x_wconf 80' lang='grc' dir='ltr'>κατ-</span> 
     </span>
    </p>
   </div>
   <div class='ocr_carea' id='block_1_14' title="bbox 241 1423 1820 1497">
    <p class='ocr_par' dir='ltr' id='par_1_14' title="bbox 241 1423 1820 1497">
     <span class='ocr_line' id='line_1_14' title="bbox 241 1423 1820 1497; baseline 0.002 -19"><span class='ocrx_word' id='word_1_117' title='bbox 241 1426 596 1495; x_wconf 82' lang='grc' dir='ltr'>αγγέλλομεν.</span> <span class='ocrx_word' id='word_1_118' title='bbox 626 1443 648 1478; x_wconf 71' lang='grc' dir='ltr'><strong>ι</strong></span> <span class='ocrx_word' id='word_1_119' title='bbox 693 1423 818 1488; x_wconf 83' lang='grc' dir='ltr'>Πῶς</span> <span class='ocrx_word' id='word_1_120' title='bbox 871 1425 1179 1495; x_wconf 81' lang='grc' dir='ltr'>κέκρυπται</span> <span class='ocrx_word' id='word_1_121' title='bbox 1210 1424 1271 1477; x_wconf 86' lang='grc' dir='ltr'>τὸ</span> <span class='ocrx_word' id='word_1_122' title='bbox 1305 1426 1676 1497; x_wconf 83' lang='grc' dir='ltr'>μυστήριον,ἢ</span> <span class='ocrx_word' id='word_1_123' title='bbox 1703 1426 1820 1490; x_wconf 82' lang='grc' dir='ltr'><strong>πῶς</strong></span> 
     </span>
    </p>
   </div>
   <div class='ocr_carea' id='block_1_15' title="bbox 206 1502 1819 1587">
    <p class='ocr_par' dir='ltr' id='par_1_15' title="bbox 206 1502 1819 1587">
     <span class='ocr_line' id='line_1_15' title="bbox 206 1502 1819 1587; baseline 0.003 -21"><span class='ocrx_word' id='word_1_124' title='bbox 206 1502 213 1510; x_wconf 70' lang='grc'><em>’</em></span> <span class='ocrx_word' id='word_1_125' title='bbox 242 1517 386 1567; x_wconf 79' lang='grc' dir='ltr'>ἐστιν</span> <span class='ocrx_word' id='word_1_126' title='bbox 413 1515 549 1577; x_wconf 77' lang='grc' dir='ltr'>ὅλως</span> <span class='ocrx_word' id='word_1_127' title='bbox 578 1513 748 1582; x_wconf 88' lang='grc' dir='ltr'>Λόγος</span> <span class='ocrx_word' id='word_1_128' title='bbox 778 1513 936 1572; x_wconf 79' lang='grc' dir='ltr'>Θεοῦ.</span> <span class='ocrx_word' id='word_1_129' title='bbox 964 1519 1112 1580; x_wconf 84' lang='grc' dir='ltr'>ποῖος</span> <span class='ocrx_word' id='word_1_130' title='bbox 1142 1515 1199 1568; x_wconf 86' lang='grc' dir='ltr'>δὲ</span> <span class='ocrx_word' id='word_1_131' title='bbox 1224 1517 1254 1568; x_wconf 88' lang='lat'><strong>6</strong></span> <span class='ocrx_word' id='word_1_132' title='bbox 1281 1516 1510 1580; x_wconf 83' lang='grc' dir='ltr'>πλοῦτος</span> <span class='ocrx_word' id='word_1_133' title='bbox 1538 1518 1638 1587; x_wconf 83' lang='grc' dir='ltr'>τῆς</span> <span class='ocrx_word' id='word_1_134' title='bbox 1660 1517 1819 1586; x_wconf 82' lang='grc' dir='ltr'><strong>δόξης</strong></span> 
     </span>
    </p>
   </div>
   <div class='ocr_carea' id='block_1_16' title="bbox 243 1601 1821 1680">
    <p class='ocr_par' dir='ltr' id='par_1_16' title="bbox 243 1601 1821 1680">
     <span class='ocr_line' id='line_1_16' title="bbox 243 1601 1821 1680; baseline 0.003 -20"><span class='ocrx_word' id='word_1_135' title='bbox 243 1609 447 1660; x_wconf 79' lang='grc' dir='ltr'>ἔνεστιν</span> <span class='ocrx_word' id='word_1_136' title='bbox 474 1605 641 1676; x_wconf 79' lang='grc' dir='ltr'>αὐτῷ,</span> <span class='ocrx_word' id='word_1_137' title='bbox 667 1601 826 1678; x_wconf 79' lang='grc' dir='ltr'>εἴπερ</span> <span class='ocrx_word' id='word_1_138' title='bbox 857 1608 974 1660; x_wconf 75' lang='grc' dir='ltr'>ἐστὶ</span> <span class='ocrx_word' id='word_1_139' title='bbox 1002 1607 1180 1670; x_wconf 81' lang='grc' dir='ltr'>κοινὸς</span> <span class='ocrx_word' id='word_1_140' title='bbox 1210 1607 1496 1678; x_wconf 83' lang='grc' dir='ltr'>ἅνθρωπος</span> <span class='ocrx_word' id='word_1_141' title='bbox 1529 1610 1649 1663; x_wconf 88' lang='grc' dir='ltr'>καθ’</span> <span class='ocrx_word' id='word_1_142' title='bbox 1673 1611 1821 1680; x_wconf 82' lang='grc' dir='ltr'>ἡμᾶς</span> 
     </span>
    </p>
   </div>
   <div class='ocr_carea' id='block_1_17' title="bbox 242 1697 1823 1770">
    <p class='ocr_par' dir='ltr' id='par_1_17' title="bbox 242 1697 1823 1770">
     <span class='ocr_line' id='line_1_17' title="bbox 242 1697 1823 1770; baseline 0.003 -18"><span class='ocrx_word' id='word_1_143' title='bbox 242 1703 268 1752; x_wconf 87' lang='grc' dir='ltr'><strong>ὁ</strong></span> <span class='ocrx_word' id='word_1_144' title='bbox 298 1700 337 1751; x_wconf 86' lang='grc' dir='ltr'><strong>Χ</strong></span> <span class='ocrx_word' id='word_1_145' title='bbox 348 1697 528 1770; x_wconf 83' lang='grc' dir='ltr'>ριστός</span> <span class='ocrx_word' id='word_1_146' title='bbox 554 1716 568 1760; x_wconf 92' lang='lat'><strong>;</strong></span> <span class='ocrx_word' id='word_1_147' title='bbox 623 1697 758 1750; x_wconf 85' lang='grc' dir='ltr'><strong>Οὐδὲ</strong></span> <span class='ocrx_word' id='word_1_148' title='bbox 789 1697 897 1765; x_wconf 85' lang='grc' dir='ltr'><strong>γὰρ</strong></span> <span class='ocrx_word' id='word_1_149' title='bbox 925 1698 1067 1766; x_wconf 79' lang='grc' dir='ltr'>μέγα</span> <span class='ocrx_word' id='word_1_150' title='bbox 1099 1700 1269 1764; x_wconf 81' lang='grc' dir='ltr'>ἐστὶν,</span> <span class='ocrx_word' id='word_1_151' title='bbox 1301 1699 1418 1754; x_wconf 81' lang='grc' dir='ltr'><strong>ἀλλ’</strong></span> <span class='ocrx_word' id='word_1_152' title='bbox 1445 1701 1568 1754; x_wconf 76' lang='grc' dir='ltr'>οὐδὲ</span> <span class='ocrx_word' id='word_1_153' title='bbox 1615 1701 1823 1767; x_wconf 83' lang='grc' dir='ltr'>ἀξιόλο-</span> 
     </span>
    </p>
   </div>
   <div class='ocr_carea' id='block_1_18' title="bbox 243 1790 1820 1864">
    <p class='ocr_par' dir='ltr' id='par_1_18' title="bbox 243 1790 1820 1864">
     <span class='ocr_line' id='line_1_18' title="bbox 243 1790 1820 1864; baseline 0.004 -22"><span class='ocrx_word' id='word_1_154' title='bbox 243 1809 336 1859; x_wconf 75' lang='grc' dir='ltr'><strong>γον</strong></span> <span class='ocrx_word' id='word_1_155' title='bbox 368 1791 428 1843; x_wconf 76' lang='grc' dir='ltr'><strong>τὸ</strong></span> <span class='ocrx_word' id='word_1_156' title='bbox 465 1792 786 1860; x_wconf 79' lang='grc' dir='ltr'>μυστήριον,</span> <span class='ocrx_word' id='word_1_157' title='bbox 819 1792 866 1842; x_wconf 83' lang='grc' dir='ltr'>εἰ</span> <span class='ocrx_word' id='word_1_158' title='bbox 911 1791 984 1860; x_wconf 80' lang='grc' dir='ltr'>μὴ</span> <span class='ocrx_word' id='word_1_159' title='bbox 1015 1790 1091 1854; x_wconf 83' lang='grc' dir='ltr'>ὡς</span> <span class='ocrx_word' id='word_1_160' title='bbox 1121 1791 1240 1862; x_wconf 82' lang='grc' dir='ltr'>Θεῷ</span> <span class='ocrx_word' id='word_1_161' title='bbox 1269 1793 1567 1864; x_wconf 88' lang='grc' dir='ltr'>προσίεμεν</span> <span class='ocrx_word' id='word_1_162' title='bbox 1594 1793 1820 1864; x_wconf 84' lang='grc' dir='ltr'>τῷΧρι-</span> 
     </span>
    </p>
   </div>
   <div class='ocr_carea' id='block_1_19' title="bbox 245 1881 1822 1953">
    <p class='ocr_par' dir='ltr' id='par_1_19' title="bbox 245 1881 1822 1953">
     <span class='ocr_line' id='line_1_19' title="bbox 245 1881 1822 1953; baseline 0.004 -19"><span class='ocrx_word' id='word_1_163' title='bbox 245 1883 374 1953; x_wconf 53' lang='lat' dir='ltr'><strong>me,</strong></span> <span class='ocrx_word' id='word_1_164' title='bbox 407 1882 499 1934; x_wconf 70' lang='grc' dir='ltr'><strong>καὶ</strong></span> <span class='ocrx_word' id='word_1_165' title='bbox 533 1882 816 1951; x_wconf 87' lang='grc' dir='ltr'>συνίεμεν,</span> <span class='ocrx_word' id='word_1_166' title='bbox 848 1882 930 1934; x_wconf 82' lang='grc' dir='ltr'><strong>ὅτι</strong></span> <span class='ocrx_word' id='word_1_167' title='bbox 958 1881 1088 1946; x_wconf 82' lang='grc' dir='ltr'>Θεὸς</span> <span class='ocrx_word' id='word_1_168' title='bbox 1114 1884 1190 1936; x_wconf 83' lang='grc' dir='ltr'>ὢν</span> <span class='ocrx_word' id='word_1_169' title='bbox 1216 1884 1246 1936; x_wconf 89' lang='lat'><strong>6</strong></span> <span class='ocrx_word' id='word_1_170' title='bbox 1274 1885 1466 1953; x_wconf 84' lang='grc' dir='ltr'>Λόγος,</span> <span class='ocrx_word' id='word_1_171' title='bbox 1497 1886 1592 1940; x_wconf 72' lang='lat' dir='ltr'><strong>xai.</strong></span> <span class='ocrx_word' id='word_1_172' title='bbox 1628 1889 1687 1939; x_wconf 82' lang='grc' dir='ltr'><strong>ἐν</strong></span> <span class='ocrx_word' id='word_1_173' title='bbox 1713 1887 1822 1940; x_wconf 74' lang='grc' dir='ltr'>ἰσό-</span> 
     </span>
    </p>
   </div>
   <div class='ocr_carea' id='block_1_20' title="bbox 244 1967 1824 2047">
    <p class='ocr_par' dir='ltr' id='par_1_20' title="bbox 244 1967 1824 2047">
     <span class='ocr_line' id='line_1_20' title="bbox 244 1967 1824 2047; baseline 0.004 -21"><span class='ocrx_word' id='word_1_174' title='bbox 244 1993 364 2045; x_wconf 80' lang='grc' dir='ltr'>τητι</span> <span class='ocrx_word' id='word_1_175' title='bbox 396 1975 489 2028; x_wconf 73' lang='grc' dir='ltr'><strong>καὶ</strong></span> <span class='ocrx_word' id='word_1_176' title='bbox 519 1967 703 2044; x_wconf 71' lang='grc' dir='ltr'>μορφῇ</span> <span class='ocrx_word' id='word_1_177' title='bbox 743 1972 838 2026; x_wconf 92' lang='grc' dir='ltr'><strong>τοῦ</strong></span> <span class='ocrx_word' id='word_1_178' title='bbox 869 1975 1107 2047; x_wconf 87' lang='grc' dir='ltr'>Πατρὺς,</span> <span class='ocrx_word' id='word_1_179' title='bbox 1138 1975 1378 2047; x_wconf 80' lang='grc' dir='ltr'>καθῆκεν</span> <span class='ocrx_word' id='word_1_180' title='bbox 1401 1978 1594 2031; x_wconf 82' lang='grc' dir='ltr'>ἑαυτὸν</span> <span class='ocrx_word' id='word_1_181' title='bbox 1626 1980 1707 2042; x_wconf 81' lang='grc' dir='ltr'><strong>είς</strong></span> <span class='ocrx_word' id='word_1_182' title='bbox 1731 1979 1824 2032; x_wconf 81' lang='grc' dir='ltr'><strong>κέ-</strong></span> 
     </span>
    </p>
   </div>
   <div class='ocr_carea' id='block_1_21' title="bbox 243 2065 1823 2142">
    <p class='ocr_par' dir='ltr' id='par_1_21' title="bbox 243 2065 1823 2142">
     <span class='ocr_line' id='line_1_21' title="bbox 243 2065 1823 2142; baseline 0.003 -24"><span class='ocrx_word' id='word_1_183' title='bbox 243 2083 433 2128; x_wconf 79' lang='grc' dir='ltr'>νωσιν,</span> <span class='ocrx_word' id='word_1_184' title='bbox 465 2065 756 2136; x_wconf 88' lang='grc' dir='ltr'>γενόμενος</span> <span class='ocrx_word' id='word_1_185' title='bbox 801 2065 1109 2138; x_wconf 79' lang='grc' dir='ltr'>ἄνθρωπος,</span> <span class='ocrx_word' id='word_1_186' title='bbox 1159 2068 1255 2120; x_wconf 73' lang='grc' dir='ltr'>καὶ</span> <span class='ocrx_word' id='word_1_187' title='bbox 1306 2069 1636 2140; x_wconf 83' lang='grc' dir='ltr'>μεμενηκὼς</span> <span class='ocrx_word' id='word_1_188' title='bbox 1687 2073 1823 2142; x_wconf 83' lang='grc' dir='ltr'>ὅπερ</span> 
     </span>
    </p>
   </div>
   <div class='ocr_carea' id='block_1_22' title="bbox 244 2145 1824 2233">
    <p class='ocr_par' dir='ltr' id='par_1_22' title="bbox 244 2145 1824 2233">
     <span class='ocr_line' id='line_1_22' title="bbox 244 2145 1824 2233; baseline 0.004 -25"><span class='ocrx_word' id='word_1_189' title='bbox 244 2145 312 2227; x_wconf 72' lang='grc' dir='ltr'>ἦν</span> <span class='ocrx_word' id='word_1_190' title='bbox 335 2175 348 2187; x_wconf 93' lang='grc'><strong>·</strong></span> <span class='ocrx_word' id='word_1_191' title='bbox 401 2157 656 2211; x_wconf 66' lang='grc' dir='ltr'>πλούσιον</span> <span class='ocrx_word' id='word_1_192' title='bbox 703 2156 812 2229; x_wconf 80' lang='grc' dir='ltr'>γὰρ</span> <span class='ocrx_word' id='word_1_193' title='bbox 844 2157 986 2212; x_wconf 77' lang='grc' dir='ltr'>οὕτω</span> <span class='ocrx_word' id='word_1_194' title='bbox 1027 2159 1126 2213; x_wconf 76' lang='grc' dir='ltr'><strong>καὶ</strong></span> <span class='ocrx_word' id='word_1_195' title='bbox 1167 2159 1294 2233; x_wconf 82' lang='grc' dir='ltr'>δόξῃ</span> <span class='ocrx_word' id='word_1_196' title='bbox 1334 2160 1500 2232; x_wconf 81' lang='grc' dir='ltr'>πολλῇ</span> <span class='ocrx_word' id='word_1_197' title='bbox 1535 2163 1733 2216; x_wconf 82' lang='grc' dir='ltr'>νοεῖται</span> <span class='ocrx_word' id='word_1_198' title='bbox 1763 2163 1824 2215; x_wconf 84' lang='grc' dir='ltr'>τὸ</span> 
     </span>
    </p>
   </div>
   <div class='ocr_carea' id='block_1_23' title="bbox 249 2249 591 2319">
    <p class='ocr_par' dir='ltr' id='par_1_23' title="bbox 249 2249 591 2319">
     <span class='ocr_line' id='line_1_23' title="bbox 249 2249 591 2319; baseline -0.006 -19"><span class='ocrx_word' id='word_1_199' title='bbox 249 2249 549 2319; x_wconf 81' lang='grc' dir='ltr'>μυστήριον</span> <span class='ocrx_word' id='word_1_200' title='bbox 572 2282 591 2298; x_wconf 90' lang='grc'><strong>.</strong></span> 
     </span>
    </p>
   </div>
   <div class='ocr_carea' id='block_1_24' title="bbox 324 2411 1826 2502">
    <p class='ocr_par' dir='ltr' id='par_1_24' title="bbox 324 2411 1826 2502">
     <span class='ocr_line' id='line_1_24' title="bbox 324 2411 1826 2502; baseline 0.009 -30"><span class='ocrx_word' id='word_1_201' title='bbox 324 2441 342 2472; x_wconf 75' lang='grc' dir='ltr'><strong>ι</strong></span> <span class='ocrx_word' id='word_1_202' title='bbox 366 2421 452 2488; x_wconf 83' lang='grc' dir='ltr'>Ὠς</span> <span class='ocrx_word' id='word_1_203' title='bbox 477 2411 572 2478; x_wconf 77' lang='grc' dir='ltr'><strong>οῦν</strong></span> <span class='ocrx_word' id='word_1_204' title='bbox 605 2425 941 2496; x_wconf 77' lang='grc' dir='ltr'>παρελάϐετε</span> <span class='ocrx_word' id='word_1_205' title='bbox 969 2428 1062 2481; x_wconf 78' lang='grc' dir='ltr'>τὸν</span> <span class='ocrx_word' id='word_1_206' title='bbox 1102 2428 1336 2500; x_wconf 81' lang='grc' dir='ltr'>Χριστὸν</span> <span class='ocrx_word' id='word_1_207' title='bbox 1369 2429 1577 2500; x_wconf 80' lang='grc' dir='ltr'>Ἰησοῦν</span> <span class='ocrx_word' id='word_1_208' title='bbox 1619 2431 1826 2502; x_wconf 80' lang='grc' dir='ltr'>Κύριον</span> 
     </span>
    </p>
   </div>
   <div class='ocr_carea' id='block_1_25' title="bbox 247 2515 1827 2592">
    <p class='ocr_par' dir='ltr' id='par_1_25' title="bbox 247 2515 1827 2592">
     <span class='ocr_line' id='line_1_25' title="bbox 247 2515 1827 2592; baseline 0.007 -26"><span class='ocrx_word' id='word_1_209' title='bbox 247 2515 426 2586; x_wconf 75' lang='grc' dir='ltr'>ἡμῶν,</span> <span class='ocrx_word' id='word_1_210' title='bbox 454 2518 512 2568; x_wconf 86' lang='grc' dir='ltr'><strong>ὲν</strong></span> <span class='ocrx_word' id='word_1_211' title='bbox 531 2517 683 2588; x_wconf 84' lang='grc' dir='ltr'>αὐτῴ</span> <span class='ocrx_word' id='word_1_212' title='bbox 709 2522 1080 2589; x_wconf 84' lang='grc' dir='ltr'>περιπατεῖτε,</span> <span class='ocrx_word' id='word_1_213' title='bbox 1108 2521 1464 2592; x_wconf 72' lang='grc' dir='ltr'>ἐρριζωμένοι</span> <span class='ocrx_word' id='word_1_214' title='bbox 1491 2523 1584 2576; x_wconf 76' lang='grc' dir='ltr'><strong>καὶ</strong></span> <span class='ocrx_word' id='word_1_215' title='bbox 1610 2524 1827 2576; x_wconf 82' lang='grc' dir='ltr'>ἐποικο-</span> 
     </span>
    </p>
   </div>
   <div class='ocr_carea' id='block_1_26' title="bbox 245 2599 1820 2683">
    <p class='ocr_par' dir='ltr' id='par_1_26' title="bbox 245 2599 1820 2683">
     <span class='ocr_line' id='line_1_26' title="bbox 245 2599 1820 2683; baseline 0.005 -25"><span class='ocrx_word' id='word_1_216' title='bbox 245 2599 572 2678; x_wconf 83' lang='grc' dir='ltr'>δομούμενοι</span> <span class='ocrx_word' id='word_1_217' title='bbox 621 2610 679 2661; x_wconf 80' lang='grc' dir='ltr'><strong>ὲν</strong></span> <span class='ocrx_word' id='word_1_218' title='bbox 732 2610 900 2680; x_wconf 80' lang='grc' dir='ltr'>αὐτῷ,</span> <span class='ocrx_word' id='word_1_219' title='bbox 933 2610 1028 2664; x_wconf 63' lang='grc' dir='ltr'><strong>κα)⁸</strong></span> <span class='ocrx_word' id='word_1_220' title='bbox 1062 2611 1438 2683; x_wconf 77' lang='grc' dir='ltr'>βεϐαιούμενοι</span> <span class='ocrx_word' id='word_1_221' title='bbox 1473 2614 1533 2667; x_wconf 84' lang='grc' dir='ltr'>ὲν</span> <span class='ocrx_word' id='word_1_222' title='bbox 1563 2614 1762 2668; x_wconf 78' lang='grc' dir='ltr'>πίστει.</span> <span class='ocrx_word' id='word_1_223' title='bbox 1801 2634 1820 2666; x_wconf 77' lang='grc' dir='ltr'><strong>ι</strong></span> 
     </span>
    </p>
   </div>
   <div class='ocr_carea' id='block_1_27' title="bbox 210 2696 1828 2780">
    <p class='ocr_par' dir='ltr' id='par_1_27' title="bbox 210 2696 1828 2780">
     <span class='ocr_line' id='line_1_27' title="bbox 210 2696 1828 2780; baseline 0.006 -28"><span class='ocrx_word' id='word_1_224' title='bbox 210 2772 212 2780; x_wconf 37' lang='grc' dir='ltr'><strong>Ι</strong></span> <span class='ocrx_word' id='word_1_225' title='bbox 250 2698 373 2762; x_wconf 86' lang='grc' dir='ltr'>Πῶς</span> <span class='ocrx_word' id='word_1_226' title='bbox 405 2696 498 2754; x_wconf 82' lang='grc' dir='ltr'><strong>οὖν</strong></span> <span class='ocrx_word' id='word_1_227' title='bbox 527 2701 908 2774; x_wconf 79' lang='grc' dir='ltr'>παρελὰὁομεν</span> <span class='ocrx_word' id='word_1_228' title='bbox 949 2703 1042 2755; x_wconf 77' lang='grc' dir='ltr'>τὸν</span> <span class='ocrx_word' id='word_1_229' title='bbox 1066 2705 1326 2774; x_wconf 76' lang='grc' dir='ltr'>Χριστὸν,</span> <span class='ocrx_word' id='word_1_230' title='bbox 1363 2705 1563 2773; x_wconf 78' lang='grc' dir='ltr'>διδάξει</span> <span class='ocrx_word' id='word_1_231' title='bbox 1592 2707 1765 2775; x_wconf 82' lang='grc' dir='ltr'>λέγων</span> <span class='ocrx_word' id='word_1_232' title='bbox 1799 2711 1828 2763; x_wconf 86' lang='grc' dir='ltr'><strong>ὁ</strong></span> 
     </span>
    </p>
   </div>
   <div class='ocr_carea' id='block_1_28' title="bbox 251 2787 1829 2867">
    <p class='ocr_par' dir='ltr' id='par_1_28' title="bbox 251 2787 1829 2867">
     <span class='ocr_line' id='line_1_28' title="bbox 251 2787 1829 2867; baseline 0.005 -25"><span class='ocrx_word' id='word_1_233' title='bbox 251 2790 413 2857; x_wconf 78' lang='grc' dir='ltr'>σοφὸς</span> <span class='ocrx_word' id='word_1_234' title='bbox 447 2787 704 2862; x_wconf 83' lang='grc' dir='ltr'><strong>Ἰωάννης</strong></span> <span class='ocrx_word' id='word_1_235' title='bbox 723 2808 737 2822; x_wconf 91' lang='grc'><strong>·</strong></span> <span class='ocrx_word' id='word_1_236' title='bbox 777 2811 795 2843; x_wconf 78' lang='grc' dir='ltr'><strong>ι</strong></span> <span class='ocrx_word' id='word_1_237' title='bbox 823 2794 933 2846; x_wconf 80' lang='grc' dir='ltr'>Καὶ</span> <span class='ocrx_word' id='word_1_238' title='bbox 956 2795 984 2847; x_wconf 91' lang='grc' dir='ltr'><strong>ό</strong></span> <span class='ocrx_word' id='word_1_239' title='bbox 1008 2794 1184 2863; x_wconf 82' lang='grc' dir='ltr'>Λόγος</span> <span class='ocrx_word' id='word_1_240' title='bbox 1210 2795 1346 2867; x_wconf 74' lang='grc' dir='ltr'>σὰρξ</span> <span class='ocrx_word' id='word_1_241' title='bbox 1374 2797 1610 2865; x_wconf 81' lang='grc' dir='ltr'>ἐγένετο.</span> <span class='ocrx_word' id='word_1_242' title='bbox 1637 2817 1655 2850; x_wconf 73' lang='grc' dir='ltr'><strong>ι</strong></span> <span class='ocrx_word' id='word_1_243' title='bbox 1677 2799 1829 2852; x_wconf 82' lang='grc' dir='ltr'>Ἀλλ’</span> 
     </span>
    </p>
   </div>
   <div class='ocr_carea' id='block_1_29' title="bbox 249 2879 1824 2961">
    <p class='ocr_par' dir='ltr' id='par_1_29' title="bbox 249 2879 1824 2961">
     <span class='ocr_line' id='line_1_29' title="bbox 249 2879 1824 2961; baseline 0.01 -31"><span class='ocrx_word' id='word_1_244' title='bbox 249 2880 308 2931; x_wconf 84' lang='grc' dir='ltr'>οὺ</span> <span class='ocrx_word' id='word_1_245' title='bbox 345 2879 622 2934; x_wconf 83' lang='grc' dir='ltr'>πέπαυται</span> <span class='ocrx_word' id='word_1_246' title='bbox 662 2881 757 2935; x_wconf 88' lang='grc' dir='ltr'><strong>τοῦ</strong></span> <span class='ocrx_word' id='word_1_247' title='bbox 791 2879 934 2936; x_wconf 71' lang='grc' dir='ltr'>εἶναι</span> <span class='ocrx_word' id='word_1_248' title='bbox 959 2885 1156 2954; x_wconf 85' lang='grc' dir='ltr'>Λόγος,</span> <span class='ocrx_word' id='word_1_249' title='bbox 1183 2888 1277 2940; x_wconf 75' lang='grc' dir='ltr'><strong>καὶ</strong></span> <span class='ocrx_word' id='word_1_250' title='bbox 1325 2887 1372 2939; x_wconf 84' lang='grc' dir='ltr'><strong>εί</strong></span> <span class='ocrx_word' id='word_1_251' title='bbox 1417 2889 1607 2958; x_wconf 80' lang='grc' dir='ltr'>γέγονε</span> <span class='ocrx_word' id='word_1_252' title='bbox 1649 2890 1787 2961; x_wconf 80' lang='grc' dir='ltr'>σάρξ</span> <span class='ocrx_word' id='word_1_253' title='bbox 1809 2907 1824 2922; x_wconf 76' lang='grc' dir='ltr'><strong>ο</strong></span> 
     </span>
    </p>
   </div>
   <div class='ocr_carea' id='block_1_30' title="bbox 251 2973 1830 3054">
    <p class='ocr_par' dir='ltr' id='par_1_30' title="bbox 251 2973 1830 3054">
     <span class='ocr_line' id='line_1_30' title="bbox 251 2973 1830 3054; baseline 0.007 -30"><span class='ocrx_word' id='word_1_254' title='bbox 251 2973 560 3044; x_wconf 85' lang='grc' dir='ltr'>συνεδρεύει</span> <span class='ocrx_word' id='word_1_255' title='bbox 590 2974 700 3047; x_wconf 85' lang='grc' dir='ltr'>γὰρ</span> <span class='ocrx_word' id='word_1_256' title='bbox 728 2976 824 3029; x_wconf 76' lang='grc' dir='ltr'><strong>καὶ</strong></span> <span class='ocrx_word' id='word_1_257' title='bbox 861 2975 1006 3031; x_wconf 72' lang='grc' dir='ltr'>οὕτω</span> <span class='ocrx_word' id='word_1_258' title='bbox 1031 2978 1110 3049; x_wconf 83' lang='grc' dir='ltr'>τῷ</span> <span class='ocrx_word' id='word_1_259' title='bbox 1135 2978 1252 3049; x_wconf 69' lang='grc' dir='ltr'>ἰδίῳ</span> <span class='ocrx_word' id='word_1_260' title='bbox 1275 2980 1471 3054; x_wconf 76' lang='grc' dir='ltr'>Πατρὶ,</span> <span class='ocrx_word' id='word_1_261' title='bbox 1509 2982 1605 3036; x_wconf 77' lang='grc' dir='ltr'><strong>καὶ</strong></span> <span class='ocrx_word' id='word_1_262' title='bbox 1625 2980 1830 3054; x_wconf 78' lang='grc' dir='ltr'>Κύριος</span> 
     </span>
    </p>
   </div>
   <div class='ocr_carea' id='block_1_31' title="bbox 247 3066 1386 3142">
    <p class='ocr_par' dir='ltr' id='par_1_31' title="bbox 247 3066 1386 3142">
     <span class='ocr_line' id='line_1_31' title="bbox 247 3066 1386 3142; baseline 0.005 -22"><span class='ocrx_word' id='word_1_263' title='bbox 247 3066 347 3139; x_wconf 81' lang='grc' dir='ltr'>τῆς</span> <span class='ocrx_word' id='word_1_264' title='bbox 372 3066 530 3139; x_wconf 81' lang='grc' dir='ltr'>δόξης</span> <span class='ocrx_word' id='word_1_265' title='bbox 554 3068 583 3121; x_wconf 90' lang='lat'><strong>6</strong></span> <span class='ocrx_word' id='word_1_266' title='bbox 612 3070 1028 3142; x_wconf 76' lang='grc' dir='ltr'>ἐσταυρωμένος</span> <span class='ocrx_word' id='word_1_267' title='bbox 1051 3070 1386 3141; x_wconf 85' lang='grc' dir='ltr'>ὠνόμασται.</span> 
     </span>
    </p>
   </div>
   <div class='ocr_carea' id='block_1_32' title="bbox 321 3325 1830 3409">
    <p class='ocr_par' dir='ltr' id='par_1_32' title="bbox 321 3325 1830 3409">
     <span class='ocr_line' id='line_1_32' title="bbox 321 3325 1830 3409; baseline 0.007 -26"><span class='ocrx_word' id='word_1_268' title='bbox 321 3347 349 3384; x_wconf 75' lang='grc' dir='ltr'><strong>α</strong></span> <span class='ocrx_word' id='word_1_269' title='bbox 379 3325 460 3402; x_wconf 63' lang='grc' dir='ltr'>τῇ</span> <span class='ocrx_word' id='word_1_270' title='bbox 494 3334 768 3403; x_wconf 82' lang='grc' dir='ltr'>προσευχῇ</span> <span class='ocrx_word' id='word_1_271' title='bbox 806 3337 1286 3405; x_wconf 81' lang='grc' dir='ltr'>προσκαρτερεῖτε,</span> <span class='ocrx_word' id='word_1_272' title='bbox 1331 3337 1737 3409; x_wconf 82' lang='grc' dir='ltr'>γρηγοροῦντες</span> <span class='ocrx_word' id='word_1_273' title='bbox 1769 3341 1830 3393; x_wconf 77' lang='grc' dir='ltr'><strong>ἐν</strong></span> 
     </span>
    </p>
   </div>
   <div class='ocr_carea' id='block_1_33' title="bbox 253 3423 1834 3502">
    <p class='ocr_par' dir='ltr' id='par_1_33' title="bbox 253 3423 1834 3502">
     <span class='ocr_line' id='line_1_33' title="bbox 253 3423 1834 3502; baseline 0.006 -27"><span class='ocrx_word' id='word_1_274' title='bbox 253 3423 388 3494; x_wconf 68' lang='grc' dir='ltr'>αὐτῇ</span> <span class='ocrx_word' id='word_1_275' title='bbox 429 3425 486 3476; x_wconf 79' lang='grc' dir='ltr'><strong>ἐν</strong></span> <span class='ocrx_word' id='word_1_276' title='bbox 534 3423 894 3496; x_wconf 77' lang='grc' dir='ltr'>εὐχαριστίᾳ·</span> <span class='ocrx_word' id='word_1_277' title='bbox 944 3428 1372 3498; x_wconf 84' lang='grc' dir='ltr'>προσευχόμενοι</span> <span class='ocrx_word' id='word_1_278' title='bbox 1405 3429 1524 3498; x_wconf 77' lang='grc' dir='ltr'><strong>ἅμα</strong></span> <span class='ocrx_word' id='word_1_279' title='bbox 1559 3431 1655 3484; x_wconf 76' lang='grc' dir='ltr'>καὶ</span> <span class='ocrx_word' id='word_1_280' title='bbox 1703 3432 1834 3502; x_wconf 78' lang='grc' dir='ltr'>περὶ</span> 
     </span>
    </p>
   </div>
   <div class='ocr_carea' id='block_1_34' title="bbox 253 3515 1831 3593">
    <p class='ocr_par' dir='ltr' id='par_1_34' title="bbox 253 3515 1831 3593">
     <span class='ocr_line' id='line_1_34' title="bbox 253 3515 1831 3593; baseline 0.006 -26"><span class='ocrx_word' id='word_1_281' title='bbox 253 3516 430 3584; x_wconf 82' lang='grc' dir='ltr'>ἡμῶν,</span> <span class='ocrx_word' id='word_1_282' title='bbox 460 3515 546 3569; x_wconf 84' lang='grc' dir='ltr'>ἵνα</span> <span class='ocrx_word' id='word_1_283' title='bbox 568 3517 596 3569; x_wconf 89' lang='lat'><strong>6</strong></span> <span class='ocrx_word' id='word_1_284' title='bbox 625 3516 756 3581; x_wconf 80' lang='grc' dir='ltr'>Θεὸς</span> <span class='ocrx_word' id='word_1_285' title='bbox 785 3518 970 3590; x_wconf 82' lang='grc' dir='ltr'>ἀνοίξῃ</span> <span class='ocrx_word' id='word_1_286' title='bbox 1010 3520 1142 3591; x_wconf 83' lang='grc' dir='ltr'>ἡμῖν</span> <span class='ocrx_word' id='word_1_287' title='bbox 1175 3521 1346 3593; x_wconf 81' lang='grc' dir='ltr'>θύραν</span> <span class='ocrx_word' id='word_1_288' title='bbox 1376 3521 1471 3575; x_wconf 86' lang='grc' dir='ltr'><strong>τοῦ</strong></span> <span class='ocrx_word' id='word_1_289' title='bbox 1506 3523 1690 3592; x_wconf 80' lang='grc' dir='ltr'>λόγου,</span> <span class='ocrx_word' id='word_1_290' title='bbox 1731 3523 1831 3577; x_wconf 80' lang='grc' dir='ltr'><strong>λα-</strong></span> 
     </span>
    </p>
   </div>
   <div class='ocr_carea' id='block_1_35' title="bbox 253 3607 1836 3684">
    <p class='ocr_par' dir='ltr' id='par_1_35' title="bbox 253 3607 1836 3684">
     <span class='ocr_line' id='line_1_35' title="bbox 253 3607 1836 3684; baseline 0.007 -25"><span class='ocrx_word' id='word_1_291' title='bbox 253 3607 414 3677; x_wconf 83' lang='grc' dir='ltr'>λῆσαι</span> <span class='ocrx_word' id='word_1_292' title='bbox 455 3609 514 3661; x_wconf 82' lang='grc' dir='ltr'>τὸ</span> <span class='ocrx_word' id='word_1_293' title='bbox 548 3611 845 3681; x_wconf 89' lang='grc' dir='ltr'>μυστήριον</span> <span class='ocrx_word' id='word_1_294' title='bbox 876 3611 970 3665; x_wconf 89' lang='grc' dir='ltr'><strong>τοῦ</strong></span> <span class='ocrx_word' id='word_1_295' title='bbox 1003 3611 1162 3677; x_wconf 86' lang='grc' dir='ltr'>Θεοῦ,</span> <span class='ocrx_word' id='word_1_296' title='bbox 1190 3613 1257 3666; x_wconf 85' lang='grc' dir='ltr'>δι’</span> <span class='ocrx_word' id='word_1_297' title='bbox 1279 3614 1308 3666; x_wconf 85' lang='grc' dir='ltr'>ὃ</span> <span class='ocrx_word' id='word_1_298' title='bbox 1336 3615 1430 3668; x_wconf 81' lang='grc' dir='ltr'><strong>καὶ</strong></span> <span class='ocrx_word' id='word_1_299' title='bbox 1458 3615 1678 3684; x_wconf 84' lang='grc' dir='ltr'>δέδεμαι</span> <span class='ocrx_word' id='word_1_300' title='bbox 1697 3632 1711 3647; x_wconf 91' lang='grc'><strong>·</strong></span> <span class='ocrx_word' id='word_1_301' title='bbox 1745 3615 1836 3670; x_wconf 75' lang='grc' dir='ltr'><strong>ἵνα.</strong></span> 
     </span>
    </p>
   </div>
   <div class='ocr_carea' id='block_1_36' title="bbox 255 3699 1835 3778">
    <p class='ocr_par' dir='ltr' id='par_1_36' title="bbox 255 3699 1835 3778">
     <span class='ocr_line' id='line_1_36' title="bbox 255 3699 1835 3778; baseline 0.006 -27"><span class='ocrx_word' id='word_1_302' title='bbox 255 3699 557 3770; x_wconf 68' lang='grc' dir='ltr'>φανερώσω</span> <span class='ocrx_word' id='word_1_303' title='bbox 593 3702 744 3767; x_wconf 76' lang='grc' dir='ltr'>αὐτὸ,</span> <span class='ocrx_word' id='word_1_304' title='bbox 788 3703 863 3766; x_wconf 84' lang='grc' dir='ltr'>ὡς</span> <span class='ocrx_word' id='word_1_305' title='bbox 894 3704 976 3756; x_wconf 87' lang='grc' dir='ltr'><strong>δεῖ</strong></span> <span class='ocrx_word' id='word_1_306' title='bbox 1017 3721 1086 3774; x_wconf 86' lang='grc' dir='ltr'><strong>με</strong></span> <span class='ocrx_word' id='word_1_307' title='bbox 1113 3703 1364 3774; x_wconf 82' lang='grc' dir='ltr'>λαλῆσαι.</span> <span class='ocrx_word' id='word_1_308' title='bbox 1389 3725 1409 3758; x_wconf 71' lang='grc' dir='ltr'><strong>ι</strong></span> <span class='ocrx_word' id='word_1_309' title='bbox 1445 3708 1508 3759; x_wconf 74' lang='grc' dir='ltr'><strong>Εἰ</strong></span> <span class='ocrx_word' id='word_1_310' title='bbox 1540 3707 1616 3778; x_wconf 82' lang='grc' dir='ltr'>μὴ</span> <span class='ocrx_word' id='word_1_311' title='bbox 1643 3707 1773 3771; x_wconf 78' lang='grc' dir='ltr'>Θεὸς</span> <span class='ocrx_word' id='word_1_312' title='bbox 1806 3709 1835 3761; x_wconf 89' lang='grc' dir='ltr'><strong>ὁ</strong></span> 
     </span>
    </p>
   </div>
   <div class='ocr_carea' id='block_1_37' title="bbox 255 3785 1835 3869">
    <p class='ocr_par' dir='ltr' id='par_1_37' title="bbox 255 3785 1835 3869">
     <span class='ocr_line' id='line_1_37' title="bbox 255 3785 1835 3869; baseline 0.007 -26"><span class='ocrx_word' id='word_1_313' title='bbox 255 3785 507 3862; x_wconf 79' lang='grc' dir='ltr'>Χριστὸς,</span> <span class='ocrx_word' id='word_1_314' title='bbox 538 3791 820 3862; x_wconf 83' lang='grc' dir='ltr'>ἄνθρωπος</span> <span class='ocrx_word' id='word_1_315' title='bbox 849 3795 906 3849; x_wconf 86' lang='grc' dir='ltr'>δὲ</span> <span class='ocrx_word' id='word_1_316' title='bbox 945 3795 1066 3866; x_wconf 76' lang='grc' dir='ltr'>θείᾳ.</span> <span class='ocrx_word' id='word_1_317' title='bbox 1094 3796 1276 3867; x_wconf 82' lang='grc' dir='ltr'>χάριτι</span> <span class='ocrx_word' id='word_1_318' title='bbox 1304 3801 1697 3869; x_wconf 86' lang='grc' dir='ltr'>τετιμημένος,</span> <span class='ocrx_word' id='word_1_319' title='bbox 1739 3801 1835 3853; x_wconf 83' lang='grc' dir='ltr'>οὐ·</span> 
     </span>
    </p>
   </div>
   <div class='ocr_carea' id='block_1_38' title="bbox 254 3875 1836 3961">
    <p class='ocr_par' dir='ltr' id='par_1_38' title="bbox 254 3875 1836 3961">
     <span class='ocr_line' id='line_1_38' title="bbox 254 3875 1836 3961; baseline 0.008 -26"><span class='ocrx_word' id='word_1_320' title='bbox 254 3875 343 3936; x_wconf 78' lang='grc' dir='ltr'>δὲν</span> <span class='ocrx_word' id='word_1_321' title='bbox 391 3883 504 3954; x_wconf 78' lang='grc' dir='ltr'>ἔχει</span> <span class='ocrx_word' id='word_1_322' title='bbox 557 3884 693 3954; x_wconf 83' lang='grc' dir='ltr'>βαθὺ</span> <span class='ocrx_word' id='word_1_323' title='bbox 736 3885 798 3938; x_wconf 78' lang='grc' dir='ltr'><strong>τὸ</strong></span> <span class='ocrx_word' id='word_1_324' title='bbox 839 3887 928 3939; x_wconf 82' lang='grc' dir='ltr'><strong>ἐπ’</strong></span> <span class='ocrx_word' id='word_1_325' title='bbox 966 3887 1117 3958; x_wconf 80' lang='grc' dir='ltr'>αὐτῷ</span> <span class='ocrx_word' id='word_1_326' title='bbox 1174 3889 1470 3961; x_wconf 84' lang='grc' dir='ltr'>μυστήριον</span> <span class='ocrx_word' id='word_1_327' title='bbox 1497 3907 1511 3920; x_wconf 76' lang='grc' dir='ltr'><strong>ο</strong></span> <span class='ocrx_word' id='word_1_328' title='bbox 1546 3891 1708 3954; x_wconf 84' lang='grc' dir='ltr'>ποίας</span> <span class='ocrx_word' id='word_1_329' title='bbox 1741 3887 1836 3947; x_wconf 79' lang='grc' dir='ltr'>οὖν</span> 
     </span>
    </p>
   </div>
   <div class='ocr_carea' id='block_1_39' title="bbox 258 3968 1834 4049">
    <p class='ocr_par' dir='ltr' id='par_1_39' title="bbox 258 3968 1834 4049">
     <span class='ocr_line' id='line_1_39' title="bbox 258 3968 1834 4049; baseline 0.008 -24"><span class='ocrx_word' id='word_1_330' title='bbox 258 3968 425 4027; x_wconf 68' lang='grc' dir='ltr'>ἐδεῖτο</span> <span class='ocrx_word' id='word_1_331' title='bbox 459 3973 630 4046; x_wconf 83' lang='grc' dir='ltr'>θύρας</span> <span class='ocrx_word' id='word_1_332' title='bbox 669 3980 748 4041; x_wconf 80' lang='grc' dir='ltr'>εἰς</span> <span class='ocrx_word' id='word_1_333' title='bbox 777 3977 837 4030; x_wconf 82' lang='grc' dir='ltr'>τὸ</span> <span class='ocrx_word' id='word_1_334' title='bbox 869 3979 1117 4049; x_wconf 80' lang='grc' dir='ltr'>φανερῶς</span> <span class='ocrx_word' id='word_1_335' title='bbox 1141 3987 1164 4016; x_wconf 80' lang='grc'><strong><em>⁸</em></strong></span> <span class='ocrx_word' id='word_1_336' title='bbox 1195 3980 1327 4033; x_wconf 81' lang='grc' dir='ltr'>αὐτὸ</span> <span class='ocrx_word' id='word_1_337' title='bbox 1369 3982 1464 4034; x_wconf 75' lang='grc' dir='ltr'>καὶ</span> <span class='ocrx_word' id='word_1_338' title='bbox 1503 3981 1688 4047; x_wconf 86' lang='grc' dir='ltr'>καθὼς</span> <span class='ocrx_word' id='word_1_339' title='bbox 1727 3985 1834 4037; x_wconf 71' lang='grc' dir='ltr'>ἔδει</span> 
     </span>
    </p>
   </div>
   <div class='ocr_carea' id='block_1_40' title="bbox 223 4063 1837 4146">
    <p class='ocr_par' dir='ltr' id='par_1_40' title="bbox 223 4063 1837 4146">
     <span class='ocr_line' id='line_1_40' title="bbox 223 4063 1837 4146; baseline 0.008 -31"><span class='ocrx_word' id='word_1_340' title='bbox 223 4129 228 4134; x_wconf 28' lang='grc' dir='ltr'><strong>η</strong></span> <span class='ocrx_word' id='word_1_341' title='bbox 259 4063 524 4136; x_wconf 55' lang='grc' dir='ltr'><strong>’καλῆσαη</strong></span> <span class='ocrx_word' id='word_1_342' title='bbox 556 4069 713 4134; x_wconf 85' lang='grc' dir='ltr'>Μέγα</span> <span class='ocrx_word' id='word_1_343' title='bbox 743 4068 852 4139; x_wconf 77' lang='grc' dir='ltr'>γὰρ</span> <span class='ocrx_word' id='word_1_344' title='bbox 879 4070 1034 4123; x_wconf 82' lang='grc' dir='ltr'>οὐδὲν</span> <span class='ocrx_word' id='word_1_345' title='bbox 1059 4069 1092 4140; x_wconf 80' lang='grc' dir='ltr'>ἣ</span> <span class='ocrx_word' id='word_1_346' title='bbox 1116 4069 1352 4140; x_wconf 84' lang='grc' dir='ltr'>χαλεπὸν</span> <span class='ocrx_word' id='word_1_347' title='bbox 1384 4071 1444 4124; x_wconf 78' lang='grc' dir='ltr'>τὸ</span> <span class='ocrx_word' id='word_1_348' title='bbox 1475 4074 1602 4144; x_wconf 81' lang='grc' dir='ltr'>περὶ</span> <span class='ocrx_word' id='word_1_349' title='bbox 1625 4074 1837 4146; x_wconf 81' lang='grc' dir='ltr'>ἀνθρώ-</span> 
     </span>
    </p>
   </div>
   <div class='ocr_carea' id='block_1_41' title="bbox 259 4157 1837 4234">
    <p class='ocr_par' dir='ltr' id='par_1_41' title="bbox 259 4157 1837 4234">
     <span class='ocr_line' id='line_1_41' title="bbox 259 4157 1837 4234; baseline 0.008 -25"><span class='ocrx_word' id='word_1_350' title='bbox 259 4173 363 4210; x_wconf 89' lang='grc' dir='ltr'><strong>που</strong></span> <span class='ocrx_word' id='word_1_351' title='bbox 399 4157 600 4226; x_wconf 83' lang='grc' dir='ltr'>λέγειν,</span> <span class='ocrx_word' id='word_1_352' title='bbox 627 4159 703 4224; x_wconf 89' lang='grc' dir='ltr'>ὡς</span> <span class='ocrx_word' id='word_1_353' title='bbox 731 4161 816 4231; x_wconf 78' lang='grc' dir='ltr'><strong>εἴη</strong></span> <span class='ocrx_word' id='word_1_354' title='bbox 847 4163 988 4214; x_wconf 78' lang='grc' dir='ltr'>κατὰ</span> <span class='ocrx_word' id='word_1_355' title='bbox 1027 4161 1190 4230; x_wconf 81' lang='grc' dir='ltr'>φύσιν</span> <span class='ocrx_word' id='word_1_356' title='bbox 1221 4161 1526 4234; x_wconf 77' lang='grc' dir='ltr'>ἄνθρωπος.</span> <span class='ocrx_word' id='word_1_357' title='bbox 1555 4167 1617 4218; x_wconf 81' lang='grc' dir='ltr'><strong>Εἰ</strong></span> <span class='ocrx_word' id='word_1_358' title='bbox 1650 4167 1707 4220; x_wconf 84' lang='grc' dir='ltr'><strong>δὲ</strong></span> <span class='ocrx_word' id='word_1_359' title='bbox 1744 4168 1837 4222; x_wconf 79' lang='grc' dir='ltr'><strong>ἄν·</strong></span> 
     </span>
    </p>
   </div>
   <div class='ocr_carea' id='block_1_42' title="bbox 261 4249 1839 4331">
    <p class='ocr_par' dir='ltr' id='par_1_42' title="bbox 261 4249 1839 4331">
     <span class='ocr_line' id='line_1_42' title="bbox 261 4249 1839 4331; baseline 0.008 -31"><span class='ocrx_word' id='word_1_360' title='bbox 261 4249 477 4319; x_wconf 84' lang='grc' dir='ltr'>θρωπος</span> <span class='ocrx_word' id='word_1_361' title='bbox 514 4251 751 4319; x_wconf 83' lang='grc' dir='ltr'>γεγονὼς</span> <span class='ocrx_word' id='word_1_362' title='bbox 775 4253 802 4304; x_wconf 90' lang='lat'><strong>6</strong></span> <span class='ocrx_word' id='word_1_363' title='bbox 829 4254 891 4305; x_wconf 82' lang='grc' dir='ltr'><strong>ὲκ</strong></span> <span class='ocrx_word' id='word_1_364' title='bbox 929 4253 1063 4306; x_wconf 88' lang='grc' dir='ltr'>Θεοῦ</span> <span class='ocrx_word' id='word_1_365' title='bbox 1088 4254 1416 4327; x_wconf 83' lang='grc' dir='ltr'>κηρύττεται</span> <span class='ocrx_word' id='word_1_366' title='bbox 1439 4257 1610 4325; x_wconf 83' lang='grc' dir='ltr'>Λόγος</span> <span class='ocrx_word' id='word_1_367' title='bbox 1637 4298 1654 4321; x_wconf 93' lang='grc'><strong>,</strong></span> <span class='ocrx_word' id='word_1_368' title='bbox 1679 4260 1839 4331; x_wconf 87' lang='grc' dir='ltr'>χρεία</span> 
     </span>
    </p>
   </div>
   <div class='ocr_carea' id='block_1_43' title="bbox 269 4341 1837 4418">
    <p class='ocr_par' dir='ltr' id='par_1_43' title="bbox 269 4341 1837 4418">
     <span class='ocr_line' id='line_1_43' title="bbox 269 4341 1837 4418; baseline 0.008 -26"><span class='ocrx_word' id='word_1_369' title='bbox 269 4341 334 4410; x_wconf 80' lang='grc' dir='ltr'>δὴ</span> <span class='ocrx_word' id='word_1_370' title='bbox 369 4343 586 4404; x_wconf 86' lang='grc' dir='ltr'>πάντως</span> <span class='ocrx_word' id='word_1_371' title='bbox 617 4343 776 4408; x_wconf 66' lang='grc' dir='ltr'>Θεοῦ,</span> <span class='ocrx_word' id='word_1_372' title='bbox 806 4345 899 4398; x_wconf 86' lang='grc' dir='ltr'><strong>τοῦ</strong></span> <span class='ocrx_word' id='word_1_373' title='bbox 929 4347 1024 4399; x_wconf 75' lang='grc' dir='ltr'><strong>καὶ</strong></span> <span class='ocrx_word' id='word_1_374' title='bbox 1051 4345 1221 4415; x_wconf 82' lang='grc' dir='ltr'>θύραν</span> <span class='ocrx_word' id='word_1_375' title='bbox 1267 4349 1596 4418; x_wconf 83' lang='grc' dir='ltr'>ἀνοίγοντος,</span> <span class='ocrx_word' id='word_1_376' title='bbox 1629 4354 1724 4404; x_wconf 78' lang='grc' dir='ltr'><strong>καὶ</strong></span> <span class='ocrx_word' id='word_1_377' title='bbox 1756 4353 1837 4405; x_wconf 86' lang='grc' dir='ltr'>δι-</span> 
     </span>
    </p>
   </div>
   <div class='ocr_carea' id='block_1_44' title="bbox 259 4425 1840 4515">
    <p class='ocr_par' dir='ltr' id='par_1_44' title="bbox 259 4425 1840 4515">
     <span class='ocr_line' id='line_1_44' title="bbox 259 4425 1840 4515; baseline 0.009 -31"><span class='ocrx_word' id='word_1_378' title='bbox 259 4425 441 4498; x_wconf 84' lang='grc' dir='ltr'>δόντος</span> <span class='ocrx_word' id='word_1_379' title='bbox 483 4433 709 4505; x_wconf 79' lang='grc' dir='ltr'>λαλῆσαι</span> <span class='ocrx_word' id='word_1_380' title='bbox 738 4435 799 4488; x_wconf 85' lang='grc' dir='ltr'>τὸ</span> <span class='ocrx_word' id='word_1_381' title='bbox 828 4438 1149 4508; x_wconf 83' lang='grc' dir='ltr'>μυστήριον,</span> <span class='ocrx_word' id='word_1_382' title='bbox 1181 4438 1304 4492; x_wconf 81' lang='grc' dir='ltr'>καθ’</span> <span class='ocrx_word' id='word_1_383' title='bbox 1332 4440 1392 4493; x_wconf 83' lang='grc' dir='ltr'><strong>ὃν</strong></span> <span class='ocrx_word' id='word_1_384' title='bbox 1420 4445 1688 4514; x_wconf 83' lang='grc' dir='ltr'>προσήκει</span> <span class='ocrx_word' id='word_1_385' title='bbox 1713 4446 1840 4515; x_wconf 87' lang='grc' dir='ltr'>τρό-</span> 
     </span>
    </p>
   </div>
   <div class='ocr_carea' id='block_1_45' title="bbox 264 4538 385 4577">
    <p class='ocr_par' dir='ltr' id='par_1_45' title="bbox 264 4538 385 4577">
     <span class='ocr_line' id='line_1_45' title="bbox 264 4538 385 4577; baseline 0.041 -5"><span class='ocrx_word' id='word_1_386' title='bbox 264 4538 385 4577; x_wconf 90' lang='grc' dir='ltr'>πον.</span> 
     </span>
    </p>
   </div>
   <div class='ocr_carea' id='block_1_46' title="bbox 658 4744 1454 4818">
    <p class='ocr_par' dir='ltr' id='par_1_46' title="bbox 658 4744 1454 4818">
     <span class='ocr_line' id='line_1_46' title="bbox 658 4744 1454 4818; baseline 0.01 -20"><span class='ocrx_word' id='word_1_387' title='bbox 658 4744 753 4798; x_wconf 80' lang='grc' dir='ltr'>Ἐκ</span> <span class='ocrx_word' id='word_1_388' title='bbox 792 4745 902 4815; x_wconf 79' lang='grc' dir='ltr'>τῆς</span> <span class='ocrx_word' id='word_1_389' title='bbox 941 4748 1092 4816; x_wconf 78' lang='grc' dir='ltr'>πρὸς</span> <span class='ocrx_word' id='word_1_390' title='bbox 1133 4749 1454 4818; x_wconf 78' lang='grc' dir='ltr'>Ἑϐραίους.</span> 
     </span>
    </p>
   </div>
   <div class='ocr_carea' id='block_1_47' title="bbox 344 4875 1842 4961">
    <p class='ocr_par' dir='ltr' id='par_1_47' title="bbox 344 4875 1842 4961">
     <span class='ocr_line' id='line_1_47' title="bbox 344 4875 1842 4961; baseline 0.013 -34"><span class='ocrx_word' id='word_1_391' title='bbox 344 4894 362 4927; x_wconf 78' lang='grc' dir='ltr'><strong>ι</strong></span> <span class='ocrx_word' id='word_1_392' title='bbox 399 4875 568 4930; x_wconf 84' lang='grc' dir='ltr'>Ὅταν</span> <span class='ocrx_word' id='word_1_393' title='bbox 614 4878 670 4932; x_wconf 82' lang='grc' dir='ltr'>δὲ</span> <span class='ocrx_word' id='word_1_394' title='bbox 692 4880 958 4955; x_wconf 77' lang='grc' dir='ltr'>εἰσαγάγῃ</span> <span class='ocrx_word' id='word_1_395' title='bbox 991 4883 1084 4937; x_wconf 79' lang='grc' dir='ltr'>τὸν</span> <span class='ocrx_word' id='word_1_396' title='bbox 1133 4885 1477 4955; x_wconf 87' lang='grc' dir='ltr'>πρωτότοκον</span> <span class='ocrx_word' id='word_1_397' title='bbox 1510 4891 1589 4955; x_wconf 81' lang='grc' dir='ltr'><strong>είς</strong></span> <span class='ocrx_word' id='word_1_398' title='bbox 1627 4892 1724 4961; x_wconf 73' lang='grc' dir='ltr'>τὴν</span> <span class='ocrx_word' id='word_1_399' title='bbox 1755 4894 1842 4947; x_wconf 86' lang='grc' dir='ltr'><strong>οἰ-</strong></span> 
     </span>
    </p>
   </div>
   <div class='ocr_carea' id='block_1_48' title="bbox 1916 681 3500 753">
    <p class='ocr_par' dir='ltr' id='par_1_48' title="bbox 1916 681 3500 753">
     <span class='ocr_line' id='line_1_48' title="bbox 1916 681 3500 753; baseline 0.004 -19"><span class='ocrx_word' id='word_1_400' title='bbox 1916 682 2017 746; x_wconf 84' lang='lat' dir='ltr'><strong>sia,</strong></span> <span class='ocrx_word' id='word_1_401' title='bbox 2053 681 2208 750; x_wconf 84' lang='lat' dir='ltr'><strong>cujus</strong></span> <span class='ocrx_word' id='word_1_402' title='bbox 2255 681 2432 737; x_wconf 85' lang='lat' dir='ltr'><strong>factus</strong></span> <span class='ocrx_word' id='word_1_403' title='bbox 2455 697 2574 737; x_wconf 89' lang='lat' dir='ltr'><strong>sum</strong></span> <span class='ocrx_word' id='word_1_404' title='bbox 2611 697 2710 753; x_wconf 88' lang='lat' dir='ltr'><strong>ego</strong></span> <span class='ocrx_word' id='word_1_405' title='bbox 2755 684 3006 739; x_wconf 86' lang='lat' dir='ltr'><strong>minister</strong></span> <span class='ocrx_word' id='word_1_406' title='bbox 3047 686 3342 739; x_wconf 86' lang='lat' dir='ltr'><strong>secundum</strong></span> <span class='ocrx_word' id='word_1_407' title='bbox 3385 689 3500 741; x_wconf 81' lang='lat' dir='ltr'><strong>dis-</strong></span> 
     </span>
    </p>
   </div>
   <div class='ocr_carea' id='block_1_49' title="bbox 1917 775 3502 844">
    <p class='ocr_par' dir='ltr' id='par_1_49' title="bbox 1917 775 3502 844">
     <span class='ocr_line' id='line_1_49' title="bbox 1917 775 3502 844; baseline 0.004 -17"><span class='ocrx_word' id='word_1_408' title='bbox 1917 775 2296 844; x_wconf 77' lang='lat' dir='ltr'><strong>pensationem</strong></span> <span class='ocrx_word' id='word_1_409' title='bbox 2356 775 2476 841; x_wconf 88' lang='lat' dir='ltr'><strong>Dei,</strong></span> <span class='ocrx_word' id='word_1_410' title='bbox 2515 791 2635 844; x_wconf 63' lang='lat' dir='ltr'><strong>qua</strong></span> <span class='ocrx_word' id='word_1_411' title='bbox 2673 776 2798 830; x_wconf 80' lang='lat' dir='ltr'><strong>data</strong></span> <span class='ocrx_word' id='word_1_412' title='bbox 2834 786 2917 832; x_wconf 89' lang='lat' dir='ltr'><strong>est</strong></span> <span class='ocrx_word' id='word_1_413' title='bbox 2941 777 3072 831; x_wconf 87' lang='lat' dir='ltr'><strong>mihi</strong></span> <span class='ocrx_word' id='word_1_414' title='bbox 3124 777 3178 830; x_wconf 89' lang='lat' dir='ltr'><strong>in</strong></span> <span class='ocrx_word' id='word_1_415' title='bbox 3225 777 3400 844; x_wconf 84' lang='lat' dir='ltr'><strong>vobis,</strong></span> <span class='ocrx_word' id='word_1_416' title='bbox 3444 787 3502 833; x_wconf 90' lang='lat' dir='ltr'><strong>ut</strong></span> 
     </span>
    </p>
   </div>
   <div class='ocr_carea' id='block_1_50' title="bbox 1918 867 3501 938">
    <p class='ocr_par' dir='ltr' id='par_1_50' title="bbox 1918 867 3501 938">
     <span class='ocr_line' id='line_1_50' title="bbox 1918 867 3501 938; baseline 0.001 -19"><span class='ocrx_word' id='word_1_417' title='bbox 1918 867 2170 936; x_wconf 86' lang='lat' dir='ltr'><strong>impleam</strong></span> <span class='ocrx_word' id='word_1_418' title='bbox 2201 868 2423 921; x_wconf 91' lang='lat' dir='ltr'><strong>verbum</strong></span> <span class='ocrx_word' id='word_1_419' title='bbox 2459 867 2591 934; x_wconf 85' lang='lat' dir='ltr'><strong>Dei;</strong></span> <span class='ocrx_word' id='word_1_420' title='bbox 2646 869 2964 936; x_wconf 77' lang='lat' dir='ltr'><strong>mysterium</strong></span> <span class='ocrx_word' id='word_1_421' title='bbox 3013 868 3158 938; x_wconf 86' lang='lat' dir='ltr'><strong>quod</strong></span> <span class='ocrx_word' id='word_1_422' title='bbox 3205 869 3501 925; x_wconf 83' lang='lat' dir='ltr'><strong>abscondi-</strong></span> 
     </span>
    </p>
   </div>
   <div class='ocr_carea' id='block_1_51' title="bbox 1918 958 3499 1029">
    <p class='ocr_par' dir='ltr' id='par_1_51' title="bbox 1918 958 3499 1029">
     <span class='ocr_line' id='line_1_51' title="bbox 1918 958 3499 1029; baseline 0.002 -17"><span class='ocrx_word' id='word_1_423' title='bbox 1918 965 2034 1012; x_wconf 83' lang='lat' dir='ltr'><strong>tum</strong></span> <span class='ocrx_word' id='word_1_424' title='bbox 2061 958 2162 1013; x_wconf 84' lang='lat' dir='ltr'><strong>fuit</strong></span> <span class='ocrx_word' id='word_1_425' title='bbox 2195 974 2226 1013; x_wconf 87' lang='lat' dir='ltr'><strong>a</strong></span> <span class='ocrx_word' id='word_1_426' title='bbox 2261 959 2476 1014; x_wconf 64' lang='lat' dir='ltr'><strong>saeculis</strong></span> <span class='ocrx_word' id='word_1_427' title='bbox 2506 968 2561 1014; x_wconf 86' lang='lat' dir='ltr'><strong>et</strong></span> <span class='ocrx_word' id='word_1_428' title='bbox 2602 961 3076 1029; x_wconf 73' lang='lat' dir='ltr'><strong>generationibus,</strong></span> <span class='ocrx_word' id='word_1_429' title='bbox 3124 971 3268 1015; x_wconf 77' lang='lat' dir='ltr'><strong>nunc</strong></span> <span class='ocrx_word' id='word_1_430' title='bbox 3319 972 3499 1015; x_wconf 83' lang='lat' dir='ltr'><strong>autem</strong></span> 
     </span>
    </p>
   </div>
   <div class='ocr_carea' id='block_1_52' title="bbox 1920 1050 3502 1121">
    <p class='ocr_par' dir='ltr' id='par_1_52' title="bbox 1920 1050 3502 1121">
     <span class='ocr_line' id='line_1_52' title="bbox 1920 1050 3502 1121; baseline 0.003 -17"><span class='ocrx_word' id='word_1_431' title='bbox 1920 1050 2328 1104; x_wconf 80' lang='lat' dir='ltr'><strong>manifestatum</strong></span> <span class='ocrx_word' id='word_1_432' title='bbox 2361 1061 2445 1105; x_wconf 87' lang='lat' dir='ltr'><strong>est</strong></span> <span class='ocrx_word' id='word_1_433' title='bbox 2483 1051 2688 1106; x_wconf 80' lang='lat' dir='ltr'><strong>sanctis</strong></span> <span class='ocrx_word' id='word_1_434' title='bbox 2730 1050 2870 1120; x_wconf 84' lang='lat' dir='ltr'><strong>ejus,</strong></span> <span class='ocrx_word' id='word_1_435' title='bbox 2903 1052 3099 1121; x_wconf 79' lang='lat' dir='ltr'><strong>quibus</strong></span> <span class='ocrx_word' id='word_1_436' title='bbox 3145 1052 3317 1107; x_wconf 85' lang='lat' dir='ltr'><strong>voluit</strong></span> <span class='ocrx_word' id='word_1_437' title='bbox 3359 1054 3502 1108; x_wconf 83' lang='lat' dir='ltr'><strong>Deus</strong></span> 
     </span>
    </p>
   </div>
   <div class='ocr_carea' id='block_1_53' title="bbox 1921 1141 3504 1214">
    <p class='ocr_par' dir='ltr' id='par_1_53' title="bbox 1921 1141 3504 1214">
     <span class='ocr_line' id='line_1_53' title="bbox 1921 1141 3504 1214; baseline 0.001 -19"><span class='ocrx_word' id='word_1_438' title='bbox 1921 1153 2076 1196; x_wconf 86' lang='lat' dir='ltr'><strong>notas</strong></span> <span class='ocrx_word' id='word_1_439' title='bbox 2099 1141 2281 1197; x_wconf 77' lang='lat' dir='ltr'><strong>facere</strong></span> <span class='ocrx_word' id='word_1_440' title='bbox 2307 1143 2528 1212; x_wconf 78' lang='lat' dir='ltr'><strong>divitias</strong></span> <span class='ocrx_word' id='word_1_441' title='bbox 2555 1143 2741 1214; x_wconf 69' lang='lat' dir='ltr'><strong>gloriae</strong></span> <span class='ocrx_word' id='word_1_442' title='bbox 2787 1145 3118 1199; x_wconf 85' lang='lat' dir='ltr'><strong>sacramenti</strong></span> <span class='ocrx_word' id='word_1_443' title='bbox 3170 1145 3331 1214; x_wconf 90' lang='lat' dir='ltr'><strong>hujus</strong></span> <span class='ocrx_word' id='word_1_444' title='bbox 3377 1161 3504 1214; x_wconf 67' lang='lat' dir='ltr'><strong>genu-</strong></span> 
     </span>
    </p>
   </div>
   <div class='ocr_carea' id='block_1_54' title="bbox 1921 1234 3501 1306">
    <p class='ocr_par' dir='ltr' id='par_1_54' title="bbox 1921 1234 3501 1306">
     <span class='ocr_line' id='line_1_54' title="bbox 1921 1234 3501 1306; baseline 0.001 -19"><span class='ocrx_word' id='word_1_445' title='bbox 1921 1234 2084 1300; x_wconf 83' lang='lat' dir='ltr'><strong>tibus,</strong></span> <span class='ocrx_word' id='word_1_446' title='bbox 2134 1235 2278 1304; x_wconf 88' lang='lat' dir='ltr'><strong>quod</strong></span> <span class='ocrx_word' id='word_1_447' title='bbox 2324 1245 2409 1290; x_wconf 90' lang='lat' dir='ltr'><strong>est</strong></span> <span class='ocrx_word' id='word_1_448' title='bbox 2456 1234 2714 1290; x_wconf 78' lang='lat' dir='ltr'><strong>Christus</strong></span> <span class='ocrx_word' id='word_1_449' title='bbox 2763 1234 2818 1288; x_wconf 89' lang='lat' dir='ltr'><strong>in</strong></span> <span class='ocrx_word' id='word_1_450' title='bbox 2861 1237 3017 1290; x_wconf 87' lang='lat' dir='ltr'><strong>nobis</strong></span> <span class='ocrx_word' id='word_1_451' title='bbox 3051 1277 3068 1303; x_wconf 93' lang='lat'><strong>,</strong></span> <span class='ocrx_word' id='word_1_452' title='bbox 3119 1249 3243 1305; x_wconf 86' lang='lat' dir='ltr'><strong>spes</strong></span> <span class='ocrx_word' id='word_1_453' title='bbox 3295 1239 3501 1306; x_wconf 69' lang='lat' dir='ltr'><strong>glerim,</strong></span> 
     </span>
    </p>
   </div>
   <div class='ocr_carea' id='block_1_55' title="bbox 1917 1326 3506 1394">
    <p class='ocr_par' dir='ltr' id='par_1_55' title="bbox 1917 1326 3506 1394">
     <span class='ocr_line' id='line_1_55' title="bbox 1917 1326 3506 1394; baseline 0.003 -16"><span class='ocrx_word' id='word_1_454' title='bbox 1917 1339 2081 1394; x_wconf 89' lang='lat' dir='ltr'><strong>quem</strong></span> <span class='ocrx_word' id='word_1_455' title='bbox 2117 1342 2218 1381; x_wconf 91' lang='lat' dir='ltr'><strong>nos</strong></span> <span class='ocrx_word' id='word_1_456' title='bbox 2246 1326 2638 1381; x_wconf 85' lang='lat' dir='ltr'><strong>annuntiamus</strong></span> <span class='ocrx_word' id='word_1_457' title='bbox 2667 1326 2734 1382; x_wconf 80' lang='grc'><strong>⁵⁸.</strong></span> <span class='ocrx_word' id='word_1_458' title='bbox 2768 1346 2788 1379; x_wconf 71' lang='grc' dir='ltr'><strong><em>ο</em></strong></span> <span class='ocrx_word' id='word_1_459' title='bbox 2825 1327 3108 1393; x_wconf 83' lang='lat' dir='ltr'><strong>Quomodo</strong></span> <span class='ocrx_word' id='word_1_460' title='bbox 3151 1329 3394 1383; x_wconf 83' lang='lat' dir='ltr'><strong>abditum</strong></span> <span class='ocrx_word' id='word_1_461' title='bbox 3423 1339 3506 1382; x_wconf 75' lang='lat' dir='ltr'><strong>est</strong></span> 
     </span>
    </p>
   </div>
   <div class='ocr_carea' id='block_1_56' title="bbox 1921 1416 3508 1487">
    <p class='ocr_par' dir='ltr' id='par_1_56' title="bbox 1921 1416 3508 1487">
     <span class='ocr_line' id='line_1_56' title="bbox 1921 1416 3508 1487; baseline 0.001 -17"><span class='ocrx_word' id='word_1_462' title='bbox 1921 1418 2262 1487; x_wconf 87' lang='lat' dir='ltr'><strong>mysterium,</strong></span> <span class='ocrx_word' id='word_1_463' title='bbox 2313 1427 2406 1470; x_wconf 88' lang='lat' dir='ltr'><strong>aut</strong></span> <span class='ocrx_word' id='word_1_464' title='bbox 2452 1418 2547 1472; x_wconf 88' lang='lat' dir='ltr'><strong>Dei</strong></span> <span class='ocrx_word' id='word_1_465' title='bbox 2593 1433 2820 1487; x_wconf 84' lang='lat' dir='ltr'><strong>prorsus</strong></span> <span class='ocrx_word' id='word_1_466' title='bbox 2850 1416 3088 1474; x_wconf 80' lang='lat' dir='ltr'><strong>Verbum</strong></span> <span class='ocrx_word' id='word_1_467' title='bbox 3129 1429 3236 1484; x_wconf 88' lang='lat' dir='ltr'><strong>est,</strong></span> <span class='ocrx_word' id='word_1_468' title='bbox 3285 1430 3380 1473; x_wconf 84' lang='lat' dir='ltr'><strong>aut</strong></span> <span class='ocrx_word' id='word_1_469' title='bbox 3412 1433 3508 1473; x_wconf 83' lang='lat' dir='ltr'><strong>cu-</strong></span> 
     </span>
    </p>
   </div>
   <div class='ocr_carea' id='block_1_57' title="bbox 1914 1507 3504 1582">
    <p class='ocr_par' dir='ltr' id='par_1_57' title="bbox 1914 1507 3504 1582">
     <span class='ocr_line' id='line_1_57' title="bbox 1914 1507 3504 1582; baseline 0.004 -21"><span class='ocrx_word' id='word_1_470' title='bbox 1914 1507 2152 1578; x_wconf 78' lang='lat' dir='ltr'><strong>iusmodi</strong></span> <span class='ocrx_word' id='word_1_471' title='bbox 2195 1511 2412 1564; x_wconf 81' lang='lat' dir='ltr'><strong>tandem</strong></span> <span class='ocrx_word' id='word_1_472' title='bbox 2443 1511 2631 1582; x_wconf 84' lang='lat' dir='ltr'><strong>glori:e</strong></span> <span class='ocrx_word' id='word_1_473' title='bbox 2659 1526 2792 1580; x_wconf 86' lang='lat' dir='ltr'><strong>opes</strong></span> <span class='ocrx_word' id='word_1_474' title='bbox 2824 1520 3122 1579; x_wconf 86' lang='lat' dir='ltr'><strong>suppetunt</strong></span> <span class='ocrx_word' id='word_1_475' title='bbox 3173 1511 3420 1576; x_wconf 83' lang='lat' dir='ltr'><strong>Christo,</strong></span> <span class='ocrx_word' id='word_1_476' title='bbox 3461 1514 3504 1567; x_wconf 56' lang='lat' dir='ltr'><strong>ii</strong></span> 
     </span>
    </p>
   </div>
   <div class='ocr_carea' id='block_1_58' title="bbox 1922 1600 3508 1670">
    <p class='ocr_par' dir='ltr' id='par_1_58' title="bbox 1922 1600 3508 1670">
     <span class='ocr_line' id='line_1_58' title="bbox 1922 1600 3508 1670; baseline 0.003 -19"><span class='ocrx_word' id='word_1_477' title='bbox 1922 1600 2137 1666; x_wconf 88' lang='lat' dir='ltr'><strong>quidem</strong></span> <span class='ocrx_word' id='word_1_478' title='bbox 2190 1600 2428 1670; x_wconf 88' lang='lat' dir='ltr'><strong>vulgaris</strong></span> <span class='ocrx_word' id='word_1_479' title='bbox 2483 1609 2692 1655; x_wconf 86' lang='lat' dir='ltr'><strong>tantum</strong></span> <span class='ocrx_word' id='word_1_480' title='bbox 2762 1602 3046 1669; x_wconf 86' lang='lat' dir='ltr'><strong>nostrique</strong></span> <span class='ocrx_word' id='word_1_481' title='bbox 3104 1601 3300 1657; x_wconf 85' lang='lat' dir='ltr'><strong>similis</strong></span> <span class='ocrx_word' id='word_1_482' title='bbox 3343 1603 3508 1656; x_wconf 82' lang='lat' dir='ltr'><strong>homo</strong></span> 
     </span>
    </p>
   </div>
   <div class='ocr_carea' id='block_1_59' title="bbox 1923 1691 3508 1763">
    <p class='ocr_par' dir='ltr' id='par_1_59' title="bbox 1923 1691 3508 1763">
     <span class='ocr_line' id='line_1_59' title="bbox 1923 1691 3508 1763; baseline 0.001 -17"><span class='ocrx_word' id='word_1_483' title='bbox 1923 1692 2136 1746; x_wconf 84' lang='lat' dir='ltr'><strong>exsistit</strong></span> <span class='ocrx_word' id='word_1_484' title='bbox 2158 1692 2181 1744; x_wconf 86' lang='lat'><strong>?</strong></span> <span class='ocrx_word' id='word_1_485' title='bbox 2200 1691 2389 1761; x_wconf 84' lang='lat' dir='ltr'><strong>Neque</strong></span> <span class='ocrx_word' id='word_1_486' title='bbox 2417 1692 2562 1746; x_wconf 91' lang='lat' dir='ltr'><strong>enim</strong></span> <span class='ocrx_word' id='word_1_487' title='bbox 2588 1691 2695 1762; x_wconf 73' lang='lat'><strong>72</strong></span> <span class='ocrx_word' id='word_1_488' title='bbox 2721 1691 2925 1761; x_wconf 78' lang='lat' dir='ltr'><strong>grande</strong></span> <span class='ocrx_word' id='word_1_489' title='bbox 2955 1701 3051 1746; x_wconf 86' lang='lat' dir='ltr'><strong>aut</strong></span> <span class='ocrx_word' id='word_1_490' title='bbox 3079 1692 3257 1763; x_wconf 86' lang='lat' dir='ltr'><strong>magni</strong></span> <span class='ocrx_word' id='word_1_491' title='bbox 3277 1692 3508 1760; x_wconf 77' lang='lat' dir='ltr'><strong>alicujus</strong></span> 
     </span>
    </p>
   </div>
   <div class='ocr_carea' id='block_1_60' title="bbox 1926 1783 3504 1855">
    <p class='ocr_par' dir='ltr' id='par_1_60' title="bbox 1926 1783 3504 1855">
     <span class='ocr_line' id='line_1_60' title="bbox 1926 1783 3504 1855; baseline 0 -17"><span class='ocrx_word' id='word_1_492' title='bbox 1926 1784 2182 1855; x_wconf 89' lang='lat' dir='ltr'><strong>ponderis</strong></span> <span class='ocrx_word' id='word_1_493' title='bbox 2209 1785 2525 1855; x_wconf 79' lang='lat' dir='ltr'><strong>mysterium</strong></span> <span class='ocrx_word' id='word_1_494' title='bbox 2559 1785 2650 1839; x_wconf 88' lang='lat' dir='ltr'><strong>hic</strong></span> <span class='ocrx_word' id='word_1_495' title='bbox 2682 1787 2838 1851; x_wconf 86' lang='lat' dir='ltr'><strong>latet,</strong></span> <span class='ocrx_word' id='word_1_496' title='bbox 2866 1785 2910 1839; x_wconf 92' lang='lat' dir='ltr'><strong>si</strong></span> <span class='ocrx_word' id='word_1_497' title='bbox 2936 1783 3152 1840; x_wconf 87' lang='lat' dir='ltr'><strong>Christo</strong></span> <span class='ocrx_word' id='word_1_498' title='bbox 3184 1799 3291 1840; x_wconf 85' lang='lat' dir='ltr'><strong>non</strong></span> <span class='ocrx_word' id='word_1_499' title='bbox 3321 1786 3504 1840; x_wconf 70' lang='lat' dir='ltr'><strong>colim-</strong></span> 
     </span>
    </p>
   </div>
   <div class='ocr_carea' id='block_1_61' title="bbox 1927 1877 3506 1948">
    <p class='ocr_par' dir='ltr' id='par_1_61' title="bbox 1927 1877 3506 1948">
     <span class='ocr_line' id='line_1_61' title="bbox 1927 1877 3506 1948; baseline 0.001 -18"><span class='ocrx_word' id='word_1_500' title='bbox 1927 1892 2106 1930; x_wconf 84' lang='lat' dir='ltr'><strong>remus</strong></span> <span class='ocrx_word' id='word_1_501' title='bbox 2130 1886 2386 1946; x_wconf 84' lang='lat' dir='ltr'><strong>tanquam</strong></span> <span class='ocrx_word' id='word_1_502' title='bbox 2419 1877 2549 1941; x_wconf 86' lang='lat' dir='ltr'><strong>Deo,</strong></span> <span class='ocrx_word' id='word_1_503' title='bbox 2581 1887 2841 1947; x_wconf 88' lang='lat' dir='ltr'><strong>certoque</strong></span> <span class='ocrx_word' id='word_1_504' title='bbox 2878 1892 3197 1948; x_wconf 79' lang='lat' dir='ltr'><strong>persuasum</strong></span> <span class='ocrx_word' id='word_1_505' title='bbox 3244 1877 3506 1932; x_wconf 80' lang='lat' dir='ltr'><strong>habemus</strong></span> 
     </span>
    </p>
   </div>
   <div class='ocr_carea' id='block_1_62' title="bbox 1925 1967 3504 2038">
    <p class='ocr_par' dir='ltr' id='par_1_62' title="bbox 1925 1967 3504 2038">
     <span class='ocr_line' id='line_1_62' title="bbox 1925 1967 3504 2038; baseline -0.001 -14"><span class='ocrx_word' id='word_1_506' title='bbox 1925 1969 2016 2024; x_wconf 87' lang='lat' dir='ltr'><strong>Dei</strong></span> <span class='ocrx_word' id='word_1_507' title='bbox 2043 1969 2302 2031; x_wconf 84' lang='lat' dir='ltr'><strong>Verbum,</strong></span> <span class='ocrx_word' id='word_1_508' title='bbox 2328 1971 2470 2037; x_wconf 89' lang='lat' dir='ltr'><strong>quod</strong></span> <span class='ocrx_word' id='word_1_509' title='bbox 2496 1969 2548 2023; x_wconf 83' lang='lat' dir='ltr'><strong>in</strong></span> <span class='ocrx_word' id='word_1_510' title='bbox 2577 1967 2749 2023; x_wconf 79' lang='lat' dir='ltr'><strong>forma</strong></span> <span class='ocrx_word' id='word_1_511' title='bbox 2775 1978 2830 2024; x_wconf 83' lang='lat' dir='ltr'><strong>et</strong></span> <span class='ocrx_word' id='word_1_512' title='bbox 2860 1969 3174 2038; x_wconf 70' lang='lat' dir='ltr'><strong>aequalitate</strong></span> <span class='ocrx_word' id='word_1_513' title='bbox 3199 1967 3380 2024; x_wconf 81' lang='lat' dir='ltr'><strong>Patris</strong></span> <span class='ocrx_word' id='word_1_514' title='bbox 3399 1979 3504 2031; x_wconf 80' lang='lat' dir='ltr'><strong>est,</strong></span> 
     </span>
    </p>
   </div>
   <div class='ocr_carea' id='block_1_63' title="bbox 1924 2061 3509 2119">
    <p class='ocr_par' dir='ltr' id='par_1_63' title="bbox 1924 2061 3509 2119">
     <span class='ocr_line' id='line_1_63' title="bbox 1924 2061 3509 2119; baseline -0.003 0"><span class='ocrx_word' id='word_1_515' title='bbox 1924 2062 2196 2119; x_wconf 84' lang='lat' dir='ltr'><strong>hominem</strong></span> <span class='ocrx_word' id='word_1_516' title='bbox 2239 2063 2442 2116; x_wconf 77' lang='lat' dir='ltr'><strong>iactum</strong></span> <span class='ocrx_word' id='word_1_517' title='bbox 2491 2063 2557 2117; x_wconf 86' lang='lat' dir='ltr'><strong>ad</strong></span> <span class='ocrx_word' id='word_1_518' title='bbox 2606 2061 2908 2116; x_wconf 82' lang='lat' dir='ltr'><strong>ultroneam</strong></span> <span class='ocrx_word' id='word_1_519' title='bbox 2960 2061 3387 2116; x_wconf 81' lang='lat' dir='ltr'><strong>exi-nanitionem</strong></span> <span class='ocrx_word' id='word_1_520' title='bbox 3449 2077 3509 2115; x_wconf 85' lang='lat' dir='ltr'><strong>se</strong></span> 
     </span>
    </p>
   </div>
   <div class='ocr_carea' id='block_1_64' title="bbox 1924 2153 3504 2222">
    <p class='ocr_par' dir='ltr' id='par_1_64' title="bbox 1924 2153 3504 2222">
     <span class='ocr_line' id='line_1_64' title="bbox 1924 2153 3504 2222; baseline -0.001 -12"><span class='ocrx_word' id='word_1_521' title='bbox 1924 2157 2228 2222; x_wconf 81' lang='lat' dir='ltr'><strong>demisisse,</strong></span> <span class='ocrx_word' id='word_1_522' title='bbox 2260 2169 2481 2209; x_wconf 78' lang='lat' dir='ltr'><strong>manens</strong></span> <span class='ocrx_word' id='word_1_523' title='bbox 2534 2153 2752 2208; x_wconf 84' lang='lat' dir='ltr'><strong>interim</strong></span> <span class='ocrx_word' id='word_1_524' title='bbox 2809 2155 2912 2209; x_wconf 90' lang='lat' dir='ltr'><strong>hoc</strong></span> <span class='ocrx_word' id='word_1_525' title='bbox 2965 2154 3141 2222; x_wconf 85' lang='lat' dir='ltr'><strong>ipsum</strong></span> <span class='ocrx_word' id='word_1_526' title='bbox 3184 2155 3328 2221; x_wconf 86' lang='lat' dir='ltr'><strong>quod</strong></span> <span class='ocrx_word' id='word_1_527' title='bbox 3365 2165 3504 2210; x_wconf 71' lang='lat' dir='ltr'><strong>erat.</strong></span> 
     </span>
    </p>
   </div>
   <div class='ocr_carea' id='block_1_65' title="bbox 1923 2247 3509 2316">
    <p class='ocr_par' dir='ltr' id='par_1_65' title="bbox 1923 2247 3509 2316">
     <span class='ocr_line' id='line_1_65' title="bbox 1923 2247 3509 2316; baseline -0.001 -14"><span class='ocrx_word' id='word_1_528' title='bbox 1923 2248 2004 2302; x_wconf 85' lang='lat' dir='ltr'><strong>Ad</strong></span> <span class='ocrx_word' id='word_1_529' title='bbox 2039 2249 2179 2302; x_wconf 90' lang='lat' dir='ltr'><strong>hunc</strong></span> <span class='ocrx_word' id='word_1_530' title='bbox 2206 2249 2353 2301; x_wconf 89' lang='lat' dir='ltr'><strong>enim</strong></span> <span class='ocrx_word' id='word_1_531' title='bbox 2385 2249 2603 2300; x_wconf 91' lang='lat' dir='ltr'><strong>modum</strong></span> <span class='ocrx_word' id='word_1_532' title='bbox 2624 2247 2946 2316; x_wconf 82' lang='lat' dir='ltr'><strong>mysterium</strong></span> <span class='ocrx_word' id='word_1_533' title='bbox 2979 2248 3084 2301; x_wconf 91' lang='lat' dir='ltr'><strong>hoc</strong></span> <span class='ocrx_word' id='word_1_534' title='bbox 3112 2258 3392 2316; x_wconf 79' lang='lat' dir='ltr'><strong>acceptum</strong></span> <span class='ocrx_word' id='word_1_535' title='bbox 3420 2249 3509 2302; x_wconf 87' lang='lat' dir='ltr'><strong>iu—</strong></span> 
     </span>
    </p>
   </div>
   <div class='ocr_carea' id='block_1_66' title="bbox 1925 2337 3312 2411">
    <p class='ocr_par' dir='ltr' id='par_1_66' title="bbox 1925 2337 3312 2411">
     <span class='ocr_line' id='line_1_66' title="bbox 1925 2337 3312 2411; baseline -0.002 -16"><span class='ocrx_word' id='word_1_536' title='bbox 1925 2350 2113 2411; x_wconf 87' lang='lat' dir='ltr'><strong>gentes</strong></span> <span class='ocrx_word' id='word_1_537' title='bbox 2137 2339 2556 2408; x_wconf 71' lang='lat' dir='ltr'><strong>magniﬁcentiae</strong></span> <span class='ocrx_word' id='word_1_538' title='bbox 2590 2347 2644 2392; x_wconf 90' lang='lat' dir='ltr'><strong>et</strong></span> <span class='ocrx_word' id='word_1_539' title='bbox 2670 2338 2856 2408; x_wconf 72' lang='lat' dir='ltr'><strong>gloria:</strong></span> <span class='ocrx_word' id='word_1_540' title='bbox 2883 2337 3106 2392; x_wconf 81' lang='lat' dir='ltr'><strong>divitias</strong></span> <span class='ocrx_word' id='word_1_541' title='bbox 3133 2338 3312 2392; x_wconf 69' lang='lat' dir='ltr'><strong>oﬂ‘ert.</strong></span> 
     </span>
    </p>
   </div>
   <div class='ocr_carea' id='block_1_67' title="bbox 2002 2429 3508 2502">
    <p class='ocr_par' dir='ltr' id='par_1_67' title="bbox 2002 2429 3508 2502">
     <span class='ocr_line' id='line_1_67' title="bbox 2002 2429 3508 2502; baseline 0.001 -18"><span class='ocrx_word' id='word_1_542' title='bbox 2002 2452 2021 2484; x_wconf 75' lang='grc' dir='ltr'><strong>ι</strong></span> <span class='ocrx_word' id='word_1_543' title='bbox 2061 2431 2215 2489; x_wconf 89' lang='lat' dir='ltr'><strong>Sicut</strong></span> <span class='ocrx_word' id='word_1_544' title='bbox 2263 2446 2393 2502; x_wconf 86' lang='lat' dir='ltr'><strong>ergo</strong></span> <span class='ocrx_word' id='word_1_545' title='bbox 2430 2431 2725 2499; x_wconf 85' lang='lat' dir='ltr'><strong>accepistis</strong></span> <span class='ocrx_word' id='word_1_546' title='bbox 2766 2429 2952 2485; x_wconf 67' lang='lat' dir='ltr'><strong>Iesum</strong></span> <span class='ocrx_word' id='word_1_547' title='bbox 2999 2431 3276 2486; x_wconf 83' lang='lat' dir='ltr'><strong>Christum</strong></span> <span class='ocrx_word' id='word_1_548' title='bbox 3325 2431 3508 2486; x_wconf 88' lang='lat' dir='ltr'><strong>Domi-</strong></span> 
     </span>
    </p>
   </div>
   <div class='ocr_carea' id='block_1_68' title="bbox 1928 2520 3510 2592">
    <p class='ocr_par' dir='ltr' id='par_1_68' title="bbox 1928 2520 3510 2592">
     <span class='ocr_line' id='line_1_68' title="bbox 1928 2520 3510 2592; baseline -0.001 -15"><span class='ocrx_word' id='word_1_549' title='bbox 1928 2539 2054 2577; x_wconf 89' lang='lat' dir='ltr'><strong>num</strong></span> <span class='ocrx_word' id='word_1_550' title='bbox 2087 2535 2355 2588; x_wconf 90' lang='lat' dir='ltr'><strong>nostrum,</strong></span> <span class='ocrx_word' id='word_1_551' title='bbox 2383 2523 2437 2576; x_wconf 90' lang='lat' dir='ltr'><strong>in</strong></span> <span class='ocrx_word' id='word_1_552' title='bbox 2458 2522 2582 2592; x_wconf 86' lang='lat' dir='ltr'><strong>ipso</strong></span> <span class='ocrx_word' id='word_1_553' title='bbox 2611 2520 2887 2575; x_wconf 84' lang='lat' dir='ltr'><strong>ambulate</strong></span> <span class='ocrx_word' id='word_1_554' title='bbox 2909 2561 2928 2585; x_wconf 94' lang='lat'><strong>,</strong></span> <span class='ocrx_word' id='word_1_555' title='bbox 2963 2522 3188 2576; x_wconf 82' lang='lat' dir='ltr'><strong>radicati</strong></span> <span class='ocrx_word' id='word_1_556' title='bbox 3223 2531 3284 2576; x_wconf 84' lang='lat' dir='ltr'><strong>et</strong></span> <span class='ocrx_word' id='word_1_557' title='bbox 3313 2538 3510 2591; x_wconf 77' lang='lat' dir='ltr'><strong>super-</strong></span> 
     </span>
    </p>
   </div>
   <div class='ocr_carea' id='block_1_69' title="bbox 1925 2613 3512 2683">
    <p class='ocr_par' dir='ltr' id='par_1_69' title="bbox 1925 2613 3512 2683">
     <span class='ocr_line' id='line_1_69' title="bbox 1925 2613 3512 2683; baseline -0.001 -13"><span class='ocrx_word' id='word_1_558' title='bbox 1925 2616 2175 2670; x_wconf 70' lang='lat' dir='ltr'><strong>tediiicati</strong></span> <span class='ocrx_word' id='word_1_559' title='bbox 2203 2615 2256 2669; x_wconf 88' lang='lat' dir='ltr'><strong>in</strong></span> <span class='ocrx_word' id='word_1_560' title='bbox 2286 2616 2423 2683; x_wconf 87' lang='lat' dir='ltr'><strong>ipso,</strong></span> <span class='ocrx_word' id='word_1_561' title='bbox 2451 2624 2506 2668; x_wconf 90' lang='lat' dir='ltr'><strong>et</strong></span> <span class='ocrx_word' id='word_1_562' title='bbox 2543 2613 2848 2668; x_wconf 71' lang='lat' dir='ltr'><strong>confirmati</strong></span> <span class='ocrx_word' id='word_1_563' title='bbox 2877 2613 2930 2666; x_wconf 87' lang='lat' dir='ltr'><strong>in</strong></span> <span class='ocrx_word' id='word_1_564' title='bbox 2955 2613 3059 2669; x_wconf 81' lang='lat' dir='ltr'><strong>[ide</strong></span> <span class='ocrx_word' id='word_1_565' title='bbox 3082 2615 3150 2669; x_wconf 77' lang='grc'><strong>⁸⁸.</strong></span> <span class='ocrx_word' id='word_1_566' title='bbox 3186 2631 3205 2666; x_wconf 71' lang='grc' dir='ltr'><strong>ι</strong></span> <span class='ocrx_word' id='word_1_567' title='bbox 3229 2614 3512 2681; x_wconf 81' lang='lat' dir='ltr'><strong>Quomodo</strong></span> 
     </span>
    </p>
   </div>
   <div class='ocr_carea' id='block_1_70' title="bbox 1929 2704 3513 2774">
    <p class='ocr_par' dir='ltr' id='par_1_70' title="bbox 1929 2704 3513 2774">
     <span class='ocr_line' id='line_1_70' title="bbox 1929 2704 3513 2774; baseline -0.003 -10"><span class='ocrx_word' id='word_1_568' title='bbox 1929 2725 2027 2764; x_wconf 90' lang='lat' dir='ltr'><strong>nos</strong></span> <span class='ocrx_word' id='word_1_569' title='bbox 2087 2708 2364 2764; x_wconf 84' lang='lat' dir='ltr'><strong>Christum</strong></span> <span class='ocrx_word' id='word_1_570' title='bbox 2436 2706 2874 2774; x_wconf 84' lang='lat' dir='ltr'><strong>susceperimus,</strong></span> <span class='ocrx_word' id='word_1_571' title='bbox 2928 2706 2980 2759; x_wconf 89' lang='lat' dir='ltr'><strong>id</strong></span> <span class='ocrx_word' id='word_1_572' title='bbox 3057 2720 3212 2761; x_wconf 73' lang='lat' dir='ltr'><strong>sacer</strong></span> <span class='ocrx_word' id='word_1_573' title='bbox 3277 2704 3513 2761; x_wconf 67' lang='lat' dir='ltr'><strong>Joannes</strong></span> 
     </span>
    </p>
   </div>
   <div class='ocr_carea' id='block_1_71' title="bbox 1927 2793 3511 2870">
    <p class='ocr_par' dir='ltr' id='par_1_71' title="bbox 1927 2793 3511 2870">
     <span class='ocr_line' id='line_1_71' title="bbox 1927 2793 3511 2870; baseline -0.005 -17"><span class='ocrx_word' id='word_1_574' title='bbox 1927 2799 2190 2870; x_wconf 88' lang='lat' dir='ltr'><strong>ejusmodi</strong></span> <span class='ocrx_word' id='word_1_575' title='bbox 2217 2797 2464 2850; x_wconf 86' lang='lat' dir='ltr'><strong>oratione</strong></span> <span class='ocrx_word' id='word_1_576' title='bbox 2487 2796 2726 2850; x_wconf 85' lang='lat' dir='ltr'><strong>breviter</strong></span> <span class='ocrx_word' id='word_1_577' title='bbox 2757 2793 2992 2862; x_wconf 80' lang='lat' dir='ltr'><strong>explicat</strong></span> <span class='ocrx_word' id='word_1_578' title='bbox 3023 2811 3038 2847; x_wconf 90' lang='lat'><strong>:</strong></span> <span class='ocrx_word' id='word_1_579' title='bbox 3072 2812 3090 2844; x_wconf 80' lang='grc' dir='ltr'><strong>ι</strong></span> <span class='ocrx_word' id='word_1_580' title='bbox 3145 2795 3212 2848; x_wconf 83' lang='grc' dir='ltr'>Ει</span> <span class='ocrx_word' id='word_1_581' title='bbox 3247 2793 3511 2860; x_wconf 82' lang='lat' dir='ltr'><strong>Verbum,</strong></span> 
     </span>
    </p>
   </div>
   <div class='ocr_carea' id='block_1_72' title="bbox 1929 2886 3515 2960">
    <p class='ocr_par' dir='ltr' id='par_1_72' title="bbox 1929 2886 3515 2960">
     <span class='ocr_line' id='line_1_72' title="bbox 1929 2886 3515 2960; baseline -0.004 -14"><span class='ocrx_word' id='word_1_582' title='bbox 1929 2891 2129 2960; x_wconf 80' lang='lat' dir='ltr'><strong>inquit,</strong></span> <span class='ocrx_word' id='word_1_583' title='bbox 2157 2901 2287 2944; x_wconf 85' lang='lat' dir='ltr'><strong>caro</strong></span> <span class='ocrx_word' id='word_1_584' title='bbox 2318 2889 2517 2942; x_wconf 82' lang='lat' dir='ltr'><strong>factum</strong></span> <span class='ocrx_word' id='word_1_585' title='bbox 2549 2898 2636 2944; x_wconf 88' lang='lat' dir='ltr'><strong>est</strong></span> <span class='ocrx_word' id='word_1_586' title='bbox 2657 2887 2719 2941; x_wconf 84' lang='lat'><strong>°°.</strong></span> <span class='ocrx_word' id='word_1_587' title='bbox 2758 2905 2776 2938; x_wconf 77' lang='grc' dir='ltr'><strong>ι</strong></span> <span class='ocrx_word' id='word_1_588' title='bbox 2815 2886 3196 2941; x_wconf 84' lang='lat' dir='ltr'><strong>Verumtamen</strong></span> <span class='ocrx_word' id='word_1_589' title='bbox 3229 2886 3358 2942; x_wconf 84' lang='lat' dir='ltr'><strong>licet</strong></span> <span class='ocrx_word' id='word_1_590' title='bbox 3385 2902 3515 2940; x_wconf 79' lang='lat' dir='ltr'><strong>caro</strong></span> 
     </span>
    </p>
   </div>
   <div class='ocr_carea' id='block_1_73' title="bbox 1929 2977 3512 3050">
    <p class='ocr_par' dir='ltr' id='par_1_73' title="bbox 1929 2977 3512 3050">
     <span class='ocr_line' id='line_1_73' title="bbox 1929 2977 3512 3050; baseline -0.003 -13"><span class='ocrx_word' id='word_1_591' title='bbox 1929 2984 2130 3037; x_wconf 81' lang='lat' dir='ltr'><strong>factum</strong></span> <span class='ocrx_word' id='word_1_592' title='bbox 2160 2991 2266 3044; x_wconf 88' lang='lat' dir='ltr'><strong>est,</strong></span> <span class='ocrx_word' id='word_1_593' title='bbox 2295 2995 2391 3050; x_wconf 90' lang='lat' dir='ltr'><strong>per</strong></span> <span class='ocrx_word' id='word_1_594' title='bbox 2418 2979 2521 3034; x_wconf 88' lang='lat' dir='ltr'><strong>hoc</strong></span> <span class='ocrx_word' id='word_1_595' title='bbox 2554 2988 2735 3033; x_wconf 84' lang='lat' dir='ltr'><strong>tamen</strong></span> <span class='ocrx_word' id='word_1_596' title='bbox 2780 2977 3010 3034; x_wconf 82' lang='lat' dir='ltr'><strong>Verbum</strong></span> <span class='ocrx_word' id='word_1_597' title='bbox 3041 2993 3162 3034; x_wconf 88' lang='lat' dir='ltr'><strong>esse</strong></span> <span class='ocrx_word' id='word_1_598' title='bbox 3195 2991 3300 3032; x_wconf 85' lang='lat' dir='ltr'><strong>non</strong></span> <span class='ocrx_word' id='word_1_599' title='bbox 3329 2978 3512 3033; x_wconf 82' lang='lat' dir='ltr'><strong>desiit.</strong></span> 
     </span>
    </p>
   </div>
   <div class='ocr_carea' id='block_1_74' title="bbox 1929 3069 3517 3148">
    <p class='ocr_par' dir='ltr' id='par_1_74' title="bbox 1929 3069 3517 3148">
     <span class='ocr_line' id='line_1_74' title="bbox 1929 3069 3517 3148; baseline -0.003 -19"><span class='ocrx_word' id='word_1_600' title='bbox 1929 3074 2066 3129; x_wconf 87' lang='lat' dir='ltr'><strong>Nam</strong></span> <span class='ocrx_word' id='word_1_601' title='bbox 2094 3073 2256 3128; x_wconf 80' lang='lat' dir='ltr'><strong>etiam</strong></span> <span class='ocrx_word' id='word_1_602' title='bbox 2291 3073 2344 3126; x_wconf 89' lang='lat' dir='ltr'><strong>in</strong></span> <span class='ocrx_word' id='word_1_603' title='bbox 2377 3086 2444 3126; x_wconf 86' lang='lat' dir='ltr'><strong>eo</strong></span> <span class='ocrx_word' id='word_1_604' title='bbox 2471 3077 2617 3124; x_wconf 86' lang='lat' dir='ltr'><strong>statu</strong></span> <span class='ocrx_word' id='word_1_605' title='bbox 2663 3071 2780 3140; x_wconf 82' lang='lat' dir='ltr'><strong>pari</strong></span> <span class='ocrx_word' id='word_1_606' title='bbox 2824 3069 3150 3148; x_wconf 35' lang='lat' dir='ltr'><strong>culn’l’atre</strong></span> <span class='ocrx_word' id='word_1_607' title='bbox 3195 3071 3517 3124; x_wconf 74' lang='lat' dir='ltr'><strong>auctoritate</strong></span> 
     </span>
    </p>
   </div>
   <div class='ocr_carea' id='block_1_75' title="bbox 1856 3160 3514 3255">
    <p class='ocr_par' dir='ltr' id='par_1_75' title="bbox 1856 3160 3514 3255">
     <span class='ocr_line' id='line_1_75' title="bbox 1856 3160 3514 3255; baseline -0.002 -35"><span class='ocrx_word' id='word_1_608' title='bbox 1856 3199 1900 3255; x_wconf 60' lang='grc' dir='ltr'><strong>ρ</strong></span> <span class='ocrx_word' id='word_1_609' title='bbox 1931 3168 2128 3237; x_wconf 90' lang='lat' dir='ltr'><strong>pollet;</strong></span> <span class='ocrx_word' id='word_1_610' title='bbox 2175 3174 2230 3219; x_wconf 90' lang='lat' dir='ltr'><strong>et</strong></span> <span class='ocrx_word' id='word_1_611' title='bbox 2260 3163 2358 3232; x_wconf 76' lang='lat' dir='ltr'><strong>qui</strong></span> <span class='ocrx_word' id='word_1_612' title='bbox 2390 3163 2570 3218; x_wconf 81' lang='lat' dir='ltr'><strong>crucis</strong></span> <span class='ocrx_word' id='word_1_613' title='bbox 2615 3160 2942 3232; x_wconf 73' lang='lat' dir='ltr'><strong>supplicium</strong></span> <span class='ocrx_word' id='word_1_614' title='bbox 2983 3161 3226 3229; x_wconf 81' lang='lat' dir='ltr'><strong>pertulit,</strong></span> <span class='ocrx_word' id='word_1_615' title='bbox 3255 3160 3514 3217; x_wconf 66' lang='lat' dir='ltr'><strong>Dominus</strong></span> 
     </span>
    </p>
   </div>
   <div class='ocr_carea' id='block_1_76' title="bbox 1935 3255 2470 3330">
    <p class='ocr_par' dir='ltr' id='par_1_76' title="bbox 1935 3255 2470 3330">
     <span class='ocr_line' id='line_1_76' title="bbox 1935 3255 2470 3330; baseline -0.006 -19"><span class='ocrx_word' id='word_1_616' title='bbox 1935 3258 2120 3330; x_wconf 73' lang='lat' dir='ltr'><strong>gloriae</strong></span> <span class='ocrx_word' id='word_1_617' title='bbox 2145 3255 2470 3325; x_wconf 83' lang='lat' dir='ltr'><strong>appellatur.</strong></span> 
     </span>
    </p>
   </div>
   <div class='ocr_carea' id='block_1_77' title="bbox 2012 3341 3518 3412">
    <p class='ocr_par' dir='ltr' id='par_1_77' title="bbox 2012 3341 3518 3412">
     <span class='ocr_line' id='line_1_77' title="bbox 2012 3341 3518 3412; baseline 0 -14"><span class='ocrx_word' id='word_1_618' title='bbox 2012 3366 2031 3398; x_wconf 74' lang='grc' dir='ltr'><strong>ι</strong></span> <span class='ocrx_word' id='word_1_619' title='bbox 2068 3345 2310 3401; x_wconf 81' lang='lat' dir='ltr'><strong>Orationi</strong></span> <span class='ocrx_word' id='word_1_620' title='bbox 2348 3345 2566 3408; x_wconf 89' lang='lat' dir='ltr'><strong>instate,</strong></span> <span class='ocrx_word' id='word_1_621' title='bbox 2593 3341 2886 3409; x_wconf 80' lang='lat' dir='ltr'><strong>vigilantes</strong></span> <span class='ocrx_word' id='word_1_622' title='bbox 2928 3343 2982 3396; x_wconf 89' lang='lat' dir='ltr'><strong>in</strong></span> <span class='ocrx_word' id='word_1_623' title='bbox 3021 3357 3085 3398; x_wconf 85' lang='lat' dir='ltr'><strong>ea</strong></span> <span class='ocrx_word' id='word_1_624' title='bbox 3132 3343 3184 3397; x_wconf 90' lang='lat' dir='ltr'><strong>iu</strong></span> <span class='ocrx_word' id='word_1_625' title='bbox 3215 3341 3518 3412; x_wconf 72' lang='lat' dir='ltr'><strong>gratiarum</strong></span> 
     </span>
    </p>
   </div>
   <div class='ocr_carea' id='block_1_78' title="bbox 1937 3433 3520 3504">
    <p class='ocr_par' dir='ltr' id='par_1_78' title="bbox 1937 3433 3520 3504">
     <span class='ocr_line' id='line_1_78' title="bbox 1937 3433 3520 3504; baseline -0.004 -9"><span class='ocrx_word' id='word_1_626' title='bbox 1937 3440 2184 3495; x_wconf 76' lang='lat' dir='ltr'><strong>actione:</strong></span> <span class='ocrx_word' id='word_1_627' title='bbox 2216 3446 2436 3492; x_wconf 85' lang='lat' dir='ltr'><strong>orantes</strong></span> <span class='ocrx_word' id='word_1_628' title='bbox 2469 3434 2630 3490; x_wconf 84' lang='lat' dir='ltr'><strong>simul</strong></span> <span class='ocrx_word' id='word_1_629' title='bbox 2655 3443 2712 3490; x_wconf 88' lang='lat' dir='ltr'><strong>et</strong></span> <span class='ocrx_word' id='word_1_630' title='bbox 2743 3449 2843 3504; x_wconf 88' lang='lat' dir='ltr'><strong>pro</strong></span> <span class='ocrx_word' id='word_1_631' title='bbox 2869 3434 3027 3490; x_wconf 86' lang='lat' dir='ltr'><strong>nobis</strong></span> <span class='ocrx_word' id='word_1_632' title='bbox 3050 3471 3066 3499; x_wconf 87' lang='lat'>.</span> <span class='ocrx_word' id='word_1_633' title='bbox 3107 3443 3165 3487; x_wconf 92' lang='lat' dir='ltr'><strong>ut</strong></span> <span class='ocrx_word' id='word_1_634' title='bbox 3209 3433 3352 3489; x_wconf 70' lang='lat' dir='ltr'><strong>Deus</strong></span> <span class='ocrx_word' id='word_1_635' title='bbox 3390 3450 3520 3503; x_wconf 88' lang='lat' dir='ltr'><strong>ape-</strong></span> 
     </span>
    </p>
   </div>
   <div class='ocr_carea' id='block_1_79' title="bbox 1936 3524 3514 3594">
    <p class='ocr_par' dir='ltr' id='par_1_79' title="bbox 1936 3524 3514 3594">
     <span class='ocr_line' id='line_1_79' title="bbox 1936 3524 3514 3594; baseline -0.004 -9"><span class='ocrx_word' id='word_1_636' title='bbox 1936 3533 2045 3586; x_wconf 86' lang='lat' dir='ltr'><strong>riat</strong></span> <span class='ocrx_word' id='word_1_637' title='bbox 2089 3529 2244 3583; x_wconf 87' lang='lat' dir='ltr'><strong>nobis</strong></span> <span class='ocrx_word' id='word_1_638' title='bbox 2288 3528 2486 3582; x_wconf 90' lang='lat' dir='ltr'><strong>ostium</strong></span> <span class='ocrx_word' id='word_1_639' title='bbox 2533 3526 2801 3580; x_wconf 85' lang='lat' dir='ltr'><strong>sermonis</strong></span> <span class='ocrx_word' id='word_1_640' title='bbox 2843 3526 2915 3578; x_wconf 84' lang='lat' dir='ltr'><strong>ad</strong></span> <span class='ocrx_word' id='word_1_641' title='bbox 2955 3524 3280 3594; x_wconf 68' lang='lat' dir='ltr'><strong>loquendum</strong></span> <span class='ocrx_word' id='word_1_642' title='bbox 3318 3535 3514 3594; x_wconf 79' lang='lat' dir='ltr'><strong>myste-</strong></span> 
     </span>
    </p>
   </div>
   <div class='ocr_carea' id='block_1_80' title="bbox 1937 3616 3518 3687">
    <p class='ocr_par' dir='ltr' id='par_1_80' title="bbox 1937 3616 3518 3687">
     <span class='ocr_line' id='line_1_80' title="bbox 1937 3616 3518 3687; baseline -0.005 -9"><span class='ocrx_word' id='word_1_643' title='bbox 1937 3625 2078 3678; x_wconf 90' lang='lat' dir='ltr'><strong>rium</strong></span> <span class='ocrx_word' id='word_1_644' title='bbox 2101 3619 2303 3676; x_wconf 87' lang='lat' dir='ltr'><strong>Christi</strong></span> <span class='ocrx_word' id='word_1_645' title='bbox 2342 3619 2591 3687; x_wconf 82' lang='lat' dir='ltr'><strong>(propter</strong></span> <span class='ocrx_word' id='word_1_646' title='bbox 2619 3617 2764 3687; x_wconf 88' lang='lat' dir='ltr'><strong>quod</strong></span> <span class='ocrx_word' id='word_1_647' title='bbox 2791 3617 2955 3670; x_wconf 80' lang='lat' dir='ltr'><strong>etiam</strong></span> <span class='ocrx_word' id='word_1_648' title='bbox 2983 3617 3199 3671; x_wconf 77' lang='lat' dir='ltr'><strong>vinctus</strong></span> <span class='ocrx_word' id='word_1_649' title='bbox 3227 3616 3413 3684; x_wconf 83' lang='lat' dir='ltr'><strong>sum),</strong></span> <span class='ocrx_word' id='word_1_650' title='bbox 3453 3625 3518 3670; x_wconf 87' lang='lat' dir='ltr'><strong>ut</strong></span> 
     </span>
    </p>
   </div>
   <div class='ocr_carea' id='block_1_81' title="bbox 1939 3709 3521 3780">
    <p class='ocr_par' dir='ltr' id='par_1_81' title="bbox 1939 3709 3521 3780">
     <span class='ocr_line' id='line_1_81' title="bbox 1939 3709 3521 3780; baseline -0.005 -10"><span class='ocrx_word' id='word_1_651' title='bbox 1939 3714 2279 3772; x_wconf 80' lang='lat' dir='ltr'><strong>manifestem</strong></span> <span class='ocrx_word' id='word_1_652' title='bbox 2304 3712 2433 3766; x_wconf 74' lang='lat' dir='ltr'><strong>illud</strong></span> <span class='ocrx_word' id='word_1_653' title='bbox 2469 3713 2567 3776; x_wconf 82' lang='lat' dir='ltr'><strong>ita,</strong></span> <span class='ocrx_word' id='word_1_654' title='bbox 2601 3718 2661 3765; x_wconf 89' lang='lat' dir='ltr'><strong>ut</strong></span> <span class='ocrx_word' id='word_1_655' title='bbox 2685 3719 2901 3780; x_wconf 85' lang='lat' dir='ltr'><strong>oportet</strong></span> <span class='ocrx_word' id='word_1_656' title='bbox 2929 3725 3014 3763; x_wconf 85' lang='lat' dir='ltr'><strong>me</strong></span> <span class='ocrx_word' id='word_1_657' title='bbox 3040 3709 3184 3780; x_wconf 87' lang='lat' dir='ltr'><strong>loqui</strong></span> <span class='ocrx_word' id='word_1_658' title='bbox 3213 3709 3281 3763; x_wconf 84' lang='lat'><strong>“.</strong></span> <span class='ocrx_word' id='word_1_659' title='bbox 3319 3726 3342 3760; x_wconf 72' lang='grc' dir='ltr'><strong>ι</strong></span> <span class='ocrx_word' id='word_1_660' title='bbox 3377 3709 3521 3762; x_wconf 78' lang='lat' dir='ltr'><strong>Sm-e</strong></span> 
     </span>
    </p>
   </div>
   <div class='ocr_carea' id='block_1_82' title="bbox 1939 3800 3520 3866">
    <p class='ocr_par' dir='ltr' id='par_1_82' title="bbox 1939 3800 3520 3866">
     <span class='ocr_line' id='line_1_82' title="bbox 1939 3800 3520 3866; baseline -0.006 -3"><span class='ocrx_word' id='word_1_661' title='bbox 1939 3809 1983 3864; x_wconf 90' lang='lat' dir='ltr'><strong>si</strong></span> <span class='ocrx_word' id='word_1_662' title='bbox 2013 3807 2265 3863; x_wconf 90' lang='lat' dir='ltr'><strong>Christus</strong></span> <span class='ocrx_word' id='word_1_663' title='bbox 2301 3806 2443 3859; x_wconf 85' lang='lat' dir='ltr'><strong>Deus</strong></span> <span class='ocrx_word' id='word_1_664' title='bbox 2471 3818 2576 3858; x_wconf 88' lang='lat' dir='ltr'><strong>non</strong></span> <span class='ocrx_word' id='word_1_665' title='bbox 2609 3812 2780 3866; x_wconf 83' lang='lat' dir='ltr'><strong>esset,</strong></span> <span class='ocrx_word' id='word_1_666' title='bbox 2807 3803 2904 3857; x_wconf 87' lang='lat' dir='ltr'><strong>sed</strong></span> <span class='ocrx_word' id='word_1_667' title='bbox 2940 3802 3104 3856; x_wconf 88' lang='lat' dir='ltr'><strong>homo</strong></span> <span class='ocrx_word' id='word_1_668' title='bbox 3141 3809 3346 3854; x_wconf 84' lang='lat' dir='ltr'><strong>tantum</strong></span> <span class='ocrx_word' id='word_1_669' title='bbox 3379 3800 3520 3854; x_wconf 76' lang='lat' dir='ltr'><strong>divi-</strong></span> 
     </span>
    </p>
   </div>
   <div class='ocr_carea' id='block_1_83' title="bbox 1937 3893 3520 3969">
    <p class='ocr_par' dir='ltr' id='par_1_83' title="bbox 1937 3893 3520 3969">
     <span class='ocr_line' id='line_1_83' title="bbox 1937 3893 3520 3969; baseline -0.005 -14"><span class='ocrx_word' id='word_1_670' title='bbox 1937 3916 2021 3956; x_wconf 83' lang='lat' dir='ltr'><strong>nae</strong></span> <span class='ocrx_word' id='word_1_671' title='bbox 2054 3900 2243 3969; x_wconf 82' lang='lat' dir='ltr'><strong>gratiae</strong></span> <span class='ocrx_word' id='word_1_672' title='bbox 2275 3911 2506 3951; x_wconf 88' lang='lat' dir='ltr'><strong>munere</strong></span> <span class='ocrx_word' id='word_1_673' title='bbox 2535 3897 2794 3960; x_wconf 90' lang='lat' dir='ltr'><strong>donatus,</strong></span> <span class='ocrx_word' id='word_1_674' title='bbox 2823 3895 3144 3965; x_wconf 85' lang='lat' dir='ltr'><strong>mysterium</strong></span> <span class='ocrx_word' id='word_1_675' title='bbox 3172 3895 3240 3946; x_wconf 85' lang='lat' dir='ltr'><strong>de</strong></span> <span class='ocrx_word' id='word_1_676' title='bbox 3266 3893 3383 3962; x_wconf 84' lang='lat' dir='ltr'><strong>ipso</strong></span> <span class='ocrx_word' id='word_1_677' title='bbox 3408 3907 3520 3947; x_wconf 80' lang='lat' dir='ltr'><strong>non</strong></span> 
     </span>
    </p>
   </div>
   <div class='ocr_carea' id='block_1_84' title="bbox 1939 3987 3520 4061">
    <p class='ocr_par' dir='ltr' id='par_1_84' title="bbox 1939 3987 3520 4061">
     <span class='ocr_line' id='line_1_84' title="bbox 1939 3987 3520 4061; baseline -0.006 -14"><span class='ocrx_word' id='word_1_678' title='bbox 1939 3993 2223 4049; x_wconf 85' lang='lat' dir='ltr'><strong>admodum</strong></span> <span class='ocrx_word' id='word_1_679' title='bbox 2251 3991 2577 4061; x_wconf 80' lang='lat' dir='ltr'><strong>profundum</strong></span> <span class='ocrx_word' id='word_1_680' title='bbox 2608 3989 2768 4043; x_wconf 79' lang='lat' dir='ltr'><strong>foret.</strong></span> <span class='ocrx_word' id='word_1_681' title='bbox 2797 3991 2918 4054; x_wconf 82' lang='lat' dir='ltr'><strong>Quo</strong></span> <span class='ocrx_word' id='word_1_682' title='bbox 2968 3987 3132 4056; x_wconf 83' lang='lat' dir='ltr'><strong>igitur</strong></span> <span class='ocrx_word' id='word_1_683' title='bbox 3179 3987 3322 4041; x_wconf 86' lang='lat' dir='ltr'><strong>ostio</strong></span> <span class='ocrx_word' id='word_1_684' title='bbox 3367 3995 3520 4055; x_wconf 80' lang='lat' dir='ltr'><strong>pate-</strong></span> 
     </span>
    </p>
   </div>
   <div class='ocr_carea' id='block_1_85' title="bbox 1938 4077 3522 4157">
    <p class='ocr_par' dir='ltr' id='par_1_85' title="bbox 1938 4077 3522 4157">
     <span class='ocr_line' id='line_1_85' title="bbox 1938 4077 3522 4157; baseline -0.006 -17"><span class='ocrx_word' id='word_1_685' title='bbox 1938 4087 2083 4142; x_wconf 74' lang='lat' dir='ltr'><strong>facto</strong></span> <span class='ocrx_word' id='word_1_686' title='bbox 2115 4100 2251 4157; x_wconf 89' lang='lat' dir='ltr'><strong>opus</strong></span> <span class='ocrx_word' id='word_1_687' title='bbox 2284 4093 2402 4139; x_wconf 86' lang='lat' dir='ltr'><strong>erat</strong></span> <span class='ocrx_word' id='word_1_688' title='bbox 2426 4093 2486 4137; x_wconf 91' lang='lat' dir='ltr'><strong>ut</strong></span> <span class='ocrx_word' id='word_1_689' title='bbox 2528 4081 2662 4136; x_wconf 89' lang='lat' dir='ltr'><strong>illud</strong></span> <span class='ocrx_word' id='word_1_690' title='bbox 2711 4078 3177 4142; x_wconf 77' lang='lat' dir='ltr'><strong>manifestaretur,</strong></span> <span class='ocrx_word' id='word_1_691' title='bbox 3209 4077 3522 4133; x_wconf 84' lang='lat' dir='ltr'><strong>commode-</strong></span> 
     </span>
    </p>
   </div>
   <div class='ocr_carea' id='block_1_86' title="bbox 1936 4169 3526 4247">
    <p class='ocr_par' dir='ltr' id='par_1_86' title="bbox 1936 4169 3526 4247">
     <span class='ocr_line' id='line_1_86' title="bbox 1936 4169 3526 4247; baseline -0.008 -14"><span class='ocrx_word' id='word_1_692' title='bbox 1936 4192 2044 4247; x_wconf 79' lang='lat' dir='ltr'><strong>que</strong></span> <span class='ocrx_word' id='word_1_693' title='bbox 2073 4177 2155 4246; x_wconf 85' lang='lat' dir='ltr'><strong>(ut</strong></span> <span class='ocrx_word' id='word_1_694' title='bbox 2182 4172 2483 4245; x_wconf 84' lang='lat' dir='ltr'><strong>oportebat)</strong></span> <span class='ocrx_word' id='word_1_695' title='bbox 2513 4170 2950 4242; x_wconf 80' lang='lat' dir='ltr'><strong>proponeretur?</strong></span> <span class='ocrx_word' id='word_1_696' title='bbox 2976 4169 3259 4238; x_wconf 77' lang='lat' dir='ltr'><strong>siquidem</strong></span> <span class='ocrx_word' id='word_1_697' title='bbox 3297 4182 3400 4221; x_wconf 90' lang='lat' dir='ltr'><strong>non</strong></span> <span class='ocrx_word' id='word_1_698' title='bbox 3437 4172 3526 4221; x_wconf 81' lang='lat' dir='ltr'><strong>est</strong></span> 
     </span>
    </p>
   </div>
   <div class='ocr_carea' id='block_1_87' title="bbox 1939 4259 3524 4337">
    <p class='ocr_par' dir='ltr' id='par_1_87' title="bbox 1939 4259 3524 4337">
     <span class='ocr_line' id='line_1_87' title="bbox 1939 4259 3524 4337; baseline -0.008 -14"><span class='ocrx_word' id='word_1_699' title='bbox 1939 4283 2028 4323; x_wconf 88' lang='lat' dir='ltr'><strong>res</strong></span> <span class='ocrx_word' id='word_1_700' title='bbox 2050 4282 2266 4337; x_wconf 66' lang='lat' dir='ltr'><strong>niagna,</strong></span> <span class='ocrx_word' id='word_1_701' title='bbox 2299 4275 2393 4319; x_wconf 81' lang='lat' dir='ltr'><strong>aut</strong></span> <span class='ocrx_word' id='word_1_702' title='bbox 2417 4265 2586 4318; x_wconf 83' lang='lat' dir='ltr'><strong>ardua</strong></span> <span class='ocrx_word' id='word_1_703' title='bbox 2615 4264 2682 4317; x_wconf 89' lang='lat' dir='ltr'><strong>de</strong></span> <span class='ocrx_word' id='word_1_704' title='bbox 2723 4263 2944 4316; x_wconf 87' lang='lat' dir='ltr'><strong>homine</strong></span> <span class='ocrx_word' id='word_1_705' title='bbox 2982 4261 3204 4327; x_wconf 84' lang='lat' dir='ltr'><strong>dicere,</strong></span> <span class='ocrx_word' id='word_1_706' title='bbox 3249 4259 3390 4328; x_wconf 76' lang='lat' dir='ltr'><strong>quod</strong></span> <span class='ocrx_word' id='word_1_707' title='bbox 3423 4274 3524 4312; x_wconf 80' lang='lat' dir='ltr'><strong>na-</strong></span> 
     </span>
    </p>
   </div>
   <div class='ocr_carea' id='block_1_88' title="bbox 1941 4350 3520 4414">
    <p class='ocr_par' dir='ltr' id='par_1_88' title="bbox 1941 4350 3520 4414">
     <span class='ocr_line' id='line_1_88' title="bbox 1941 4350 3520 4414; baseline -0.008 0"><span class='ocrx_word' id='word_1_708' title='bbox 1941 4369 2063 4414; x_wconf 79' lang='lat' dir='ltr'><strong>tura</strong></span> <span class='ocrx_word' id='word_1_709' title='bbox 2093 4359 2258 4414; x_wconf 89' lang='lat' dir='ltr'><strong>homo</strong></span> <span class='ocrx_word' id='word_1_710' title='bbox 2295 4358 2385 4412; x_wconf 88' lang='lat' dir='ltr'><strong>sit.</strong></span> <span class='ocrx_word' id='word_1_711' title='bbox 2416 4354 2473 4410; x_wconf 89' lang='lat' dir='ltr'><strong>Si</strong></span> <span class='ocrx_word' id='word_1_712' title='bbox 2506 4365 2689 4410; x_wconf 86' lang='lat' dir='ltr'><strong>autem</strong></span> <span class='ocrx_word' id='word_1_713' title='bbox 2720 4354 2958 4409; x_wconf 79' lang='lat' dir='ltr'><strong>Verbum</strong></span> <span class='ocrx_word' id='word_1_714' title='bbox 3002 4353 3094 4407; x_wconf 90' lang='lat' dir='ltr'><strong>Dei</strong></span> <span class='ocrx_word' id='word_1_715' title='bbox 3122 4353 3284 4406; x_wconf 83' lang='lat' dir='ltr'><strong>homo</strong></span> <span class='ocrx_word' id='word_1_716' title='bbox 3315 4350 3520 4404; x_wconf 71' lang='lat' dir='ltr'><strong>factum</strong></span> 
     </span>
    </p>
   </div>
   <div class='ocr_carea' id='block_1_89' title="bbox 1940 4441 3523 4522">
    <p class='ocr_par' dir='ltr' id='par_1_89' title="bbox 1940 4441 3523 4522">
     <span class='ocr_line' id='line_1_89' title="bbox 1940 4441 3523 4522; baseline -0.008 -15"><span class='ocrx_word' id='word_1_717' title='bbox 1940 4452 2283 4522; x_wconf 70' lang='lat' dir='ltr'><strong>pmdicetur,</strong></span> <span class='ocrx_word' id='word_1_718' title='bbox 2305 4447 2417 4518; x_wconf 84' lang='lat' dir='ltr'><strong>jam</strong></span> <span class='ocrx_word' id='word_1_719' title='bbox 2447 4447 2672 4501; x_wconf 80' lang='lat' dir='ltr'><strong>omnino</strong></span> <span class='ocrx_word' id='word_1_720' title='bbox 2697 4461 2837 4516; x_wconf 87' lang='lat' dir='ltr'><strong>opus</strong></span> <span class='ocrx_word' id='word_1_721' title='bbox 2867 4445 2972 4499; x_wconf 90' lang='lat' dir='ltr'><strong>erit</strong></span> <span class='ocrx_word' id='word_1_722' title='bbox 3001 4442 3253 4514; x_wconf 59' lang='lat' dir='ltr'><strong>prasidio</strong></span> <span class='ocrx_word' id='word_1_723' title='bbox 3286 4441 3403 4508; x_wconf 86' lang='lat' dir='ltr'><strong>Dei,</strong></span> <span class='ocrx_word' id='word_1_724' title='bbox 3429 4442 3523 4508; x_wconf 85' lang='lat' dir='ltr'><strong>qui</strong></span> 
     </span>
    </p>
   </div>
   <div class='ocr_carea' id='block_1_90' title="bbox 1868 4533 3528 4608">
    <p class='ocr_par' dir='ltr' id='par_1_90' title="bbox 1868 4533 3528 4608">
     <span class='ocr_line' id='line_1_90' title="bbox 1868 4533 3528 4608; baseline -0.007 -8"><span class='ocrx_word' id='word_1_725' title='bbox 1868 4533 1912 4588; x_wconf 80' lang='grc' dir='ltr'><strong>Ι)</strong></span> <span class='ocrx_word' id='word_1_726' title='bbox 1940 4545 2141 4600; x_wconf 84' lang='lat' dir='ltr'><strong>ostium</strong></span> <span class='ocrx_word' id='word_1_727' title='bbox 2187 4549 2434 4606; x_wconf 89' lang='lat' dir='ltr'><strong>reseret,</strong></span> <span class='ocrx_word' id='word_1_728' title='bbox 2482 4539 3009 4608; x_wconf 84' lang='lat' dir='ltr'><strong>convenientemque</strong></span> <span class='ocrx_word' id='word_1_729' title='bbox 3069 4535 3311 4606; x_wconf 66' lang='lat' dir='ltr'><strong>mysterii</strong></span> <span class='ocrx_word' id='word_1_730' title='bbox 3363 4535 3528 4602; x_wconf 81' lang='lat' dir='ltr'><strong>hujus</strong></span> 
     </span>
    </p>
   </div>
   <div class='ocr_carea' id='block_1_91' title="bbox 1945 4633 2681 4708">
    <p class='ocr_par' dir='ltr' id='par_1_91' title="bbox 1945 4633 2681 4708">
     <span class='ocr_line' id='line_1_91' title="bbox 1945 4633 2681 4708; baseline -0.005 -16"><span class='ocrx_word' id='word_1_731' title='bbox 1945 4637 2364 4708; x_wconf 79' lang='lat' dir='ltr'><strong>explicationem</strong></span> <span class='ocrx_word' id='word_1_732' title='bbox 2395 4633 2681 4704; x_wconf 71' lang='lat' dir='ltr'><strong>largiatur.</strong></span> 
     </span>
    </p>
   </div>
   <div class='ocr_carea' id='block_1_92' title="bbox 2345 4761 3108 4837">
    <p class='ocr_par' dir='ltr' id='par_1_92' title="bbox 2345 4761 3108 4837">
     <span class='ocr_line' id='line_1_92' title="bbox 2345 4761 3108 4837; baseline -0.001 -15"><span class='ocrx_word' id='word_1_733' title='bbox 2345 4765 2430 4823; x_wconf 78' lang='lat' dir='ltr'><strong>Ea:</strong></span> <span class='ocrx_word' id='word_1_734' title='bbox 2458 4766 2700 4837; x_wconf 82' lang='lat' dir='ltr'><strong>Epistola</strong></span> <span class='ocrx_word' id='word_1_735' title='bbox 2733 4768 2802 4822; x_wconf 85' lang='lat' dir='ltr'><strong>ad</strong></span> <span class='ocrx_word' id='word_1_736' title='bbox 2833 4761 3108 4822; x_wconf 66' lang='lat' dir='ltr'><strong>Hebraea.</strong></span> 
     </span>
    </p>
   </div>
   <div class='ocr_carea' id='block_1_93' title="bbox 2027 4903 3523 4976">
    <p class='ocr_par' dir='ltr' id='par_1_93' title="bbox 2027 4903 3523 4976">
     <span class='ocr_line' id='line_1_93' title="bbox 2027 4903 3523 4976; baseline -0.001 -16"><span class='ocrx_word' id='word_1_737' title='bbox 2027 4927 2047 4960; x_wconf 72' lang='grc' dir='ltr'><strong>ι</strong></span> <span class='ocrx_word' id='word_1_738' title='bbox 2086 4906 2220 4961; x_wconf 84' lang='lat' dir='ltr'><strong>Cum</strong></span> <span class='ocrx_word' id='word_1_739' title='bbox 2250 4907 2549 4960; x_wconf 89' lang='lat' dir='ltr'><strong>introducit</strong></span> <span class='ocrx_word' id='word_1_740' title='bbox 2581 4905 3002 4976; x_wconf 74' lang='lat' dir='ltr'><strong>primogenitum</strong></span> <span class='ocrx_word' id='word_1_741' title='bbox 3035 4905 3091 4958; x_wconf 79' lang='lat' dir='ltr'><strong>in</strong></span> <span class='ocrx_word' id='word_1_742' title='bbox 3124 4903 3310 4960; x_wconf 79' lang='lat' dir='ltr'><strong>orbem</strong></span> <span class='ocrx_word' id='word_1_743' title='bbox 3343 4910 3523 4964; x_wconf 68' lang='lat' dir='ltr'><strong>terrm.</strong></span> 
     </span>
    </p>
   </div>
   <div class='ocr_carea' id='block_1_94' title="bbox 265 4971 1828 5064">
    <p class='ocr_par' dir='ltr' id='par_1_94' title="bbox 265 4971 1828 5058">
     <span class='ocr_line' id='line_1_94' title="bbox 265 4971 1828 5058; baseline 0.015 -37"><span class='ocrx_word' id='word_1_744' title='bbox 265 4971 554 5042; x_wconf 84' lang='grc' dir='ltr'>κουμένην,</span> <span class='ocrx_word' id='word_1_745' title='bbox 581 4973 748 5042; x_wconf 79' lang='grc' dir='ltr'>λέγει’</span> <span class='ocrx_word' id='word_1_746' title='bbox 776 4977 886 5030; x_wconf 76' lang='grc' dir='ltr'><strong>Καὶ</strong></span> <span class='ocrx_word' id='word_1_747' title='bbox 912 4982 1446 5050; x_wconf 81' lang='grc' dir='ltr'>προσκυνησάτωσαν</span> <span class='ocrx_word' id='word_1_748' title='bbox 1469 4985 1616 5058; x_wconf 83' lang='grc' dir='ltr'>αὐτῷ</span> <span class='ocrx_word' id='word_1_749' title='bbox 1642 4991 1828 5055; x_wconf 70' lang='grc' dir='ltr'>πάντες</span> 
     </span>
    </p>
   </div>
   <div class='ocr_carea' id='block_1_95' title="bbox 1926 4971 3531 5064">
    <p class='ocr_par' dir='ltr' id='par_1_95' title="bbox 1946 4971 3531 5064">
     <span class='ocr_line' id='line_1_95' title="bbox 1946 4971 3531 5064; baseline -0.001 -15"><span class='ocrx_word' id='word_1_750' title='bbox 1946 4994 2080 5049; x_wconf 89' lang='lat' dir='ltr'><strong>dicit</strong></span> <span class='ocrx_word' id='word_1_751' title='bbox 2111 5011 2125 5046; x_wconf 90' lang='lat'><strong>:</strong></span> <span class='ocrx_word' id='word_1_752' title='bbox 2151 4994 2219 5049; x_wconf 91' lang='lat' dir='ltr'><strong>Et</strong></span> <span class='ocrx_word' id='word_1_753' title='bbox 2241 4994 2467 5047; x_wconf 85' lang='lat' dir='ltr'><strong>adorent</strong></span> <span class='ocrx_word' id='word_1_754' title='bbox 2504 4971 2628 5048; x_wconf 82' lang='lat' dir='ltr'><strong>eum</strong></span> <span class='ocrx_word' id='word_1_755' title='bbox 2653 4971 2843 5050; x_wconf 74' lang='lat' dir='ltr'><strong>omnes</strong></span> <span class='ocrx_word' id='word_1_756' title='bbox 2869 4994 3044 5064; x_wconf 82' lang='lat' dir='ltr'><strong>angeli</strong></span> <span class='ocrx_word' id='word_1_757' title='bbox 3075 4994 3167 5049; x_wconf 92' lang='lat' dir='ltr'><strong>Dei</strong></span> <span class='ocrx_word' id='word_1_758' title='bbox 3195 4994 3262 5047; x_wconf 81' lang='lat'><strong>&quot;.</strong></span> <span class='ocrx_word' id='word_1_759' title='bbox 3302 5012 3325 5046; x_wconf 69' lang='grc' dir='ltr'><strong>ι</strong></span> <span class='ocrx_word' id='word_1_760' title='bbox 3361 4993 3531 5048; x_wconf 63' lang='grc' dir='ltr'>Νθαιί</span> 
     </span>
    </p>
   </div>
   <div class='ocr_carea' id='block_1_96' title="bbox 267 5062 1842 5144">
    <p class='ocr_par' dir='ltr' id='par_1_96' title="bbox 267 5062 1842 5144">
     <span class='ocr_line' id='line_1_96' title="bbox 267 5062 1842 5144; baseline 0.013 -29"><span class='ocrx_word' id='word_1_761' title='bbox 267 5062 487 5130; x_wconf 74' lang='grc' dir='ltr'>ἄγγελοι</span> <span class='ocrx_word' id='word_1_762' title='bbox 535 5064 692 5121; x_wconf 90' lang='grc' dir='ltr'>Θεοῦ.</span> <span class='ocrx_word' id='word_1_763' title='bbox 728 5087 746 5119; x_wconf 75' lang='grc' dir='ltr'><strong>ι</strong></span> <span class='ocrx_word' id='word_1_764' title='bbox 801 5070 1112 5144; x_wconf 79' lang='grc' dir='ltr'>Μονογενὴς</span> <span class='ocrx_word' id='word_1_765' title='bbox 1161 5074 1301 5128; x_wconf 82' lang='grc' dir='ltr'>κατὰ</span> <span class='ocrx_word' id='word_1_766' title='bbox 1333 5077 1494 5144; x_wconf 84' lang='grc' dir='ltr'>φύσιν</span> <span class='ocrx_word' id='word_1_767' title='bbox 1539 5081 1568 5133; x_wconf 88' lang='grc' dir='ltr'><strong>ό</strong></span> <span class='ocrx_word' id='word_1_768' title='bbox 1608 5082 1673 5134; x_wconf 83' lang='grc' dir='ltr'>ὲκ</span> <span class='ocrx_word' id='word_1_769' title='bbox 1704 5081 1842 5136; x_wconf 88' lang='grc' dir='ltr'>Θεοῦ</span> 
     </span>
    </p>
   </div>
   <div class='ocr_carea' id='block_1_97' title="bbox 267 5155 1844 5242">
    <p class='ocr_par' dir='ltr' id='par_1_97' title="bbox 267 5155 1844 5242">
     <span class='ocr_line' id='line_1_97' title="bbox 267 5155 1844 5242; baseline 0.013 -34"><span class='ocrx_word' id='word_1_770' title='bbox 267 5155 480 5227; x_wconf 70' lang='grc' dir='ltr'>Πατρδς</span> <span class='ocrx_word' id='word_1_771' title='bbox 528 5158 844 5229; x_wconf 87' lang='grc' dir='ltr'>ὠνόμασται</span> <span class='ocrx_word' id='word_1_772' title='bbox 878 5163 1087 5232; x_wconf 88' lang='grc' dir='ltr'>Λόγος,</span> <span class='ocrx_word' id='word_1_773' title='bbox 1130 5167 1212 5219; x_wconf 82' lang='grc' dir='ltr'><strong>ὅτι</strong></span> <span class='ocrx_word' id='word_1_774' title='bbox 1255 5168 1414 5237; x_wconf 82' lang='grc' dir='ltr'>μόνος</span> <span class='ocrx_word' id='word_1_775' title='bbox 1445 5171 1509 5223; x_wconf 86' lang='grc' dir='ltr'><strong>ὲκ</strong></span> <span class='ocrx_word' id='word_1_776' title='bbox 1553 5173 1714 5242; x_wconf 88' lang='grc' dir='ltr'>μόνου</span> <span class='ocrx_word' id='word_1_777' title='bbox 1752 5191 1844 5242; x_wconf 82' lang='grc' dir='ltr'>γε·</span> 
     </span>
    </p>
   </div>
   <div class='ocr_carea' id='block_1_98' title="bbox 266 5248 1840 5334">
    <p class='ocr_par' dir='ltr' id='par_1_98' title="bbox 266 5248 1840 5334">
     <span class='ocr_line' id='line_1_98' title="bbox 266 5248 1840 5334; baseline 0.013 -35"><span class='ocrx_word' id='word_1_778' title='bbox 266 5248 520 5318; x_wconf 81' lang='grc' dir='ltr'>γέννηται</span> <span class='ocrx_word' id='word_1_779' title='bbox 562 5250 658 5304; x_wconf 88' lang='grc' dir='ltr'><strong>τοῦ</strong></span> <span class='ocrx_word' id='word_1_780' title='bbox 703 5254 947 5326; x_wconf 71' lang='grc' dir='ltr'>Πατρόςο</span> <span class='ocrx_word' id='word_1_781' title='bbox 978 5257 1192 5328; x_wconf 80' lang='grc' dir='ltr'>εἴρηται</span> <span class='ocrx_word' id='word_1_782' title='bbox 1221 5257 1277 5311; x_wconf 83' lang='grc' dir='ltr'>δὲ</span> <span class='ocrx_word' id='word_1_783' title='bbox 1317 5262 1410 5314; x_wconf 78' lang='grc' dir='ltr'>καὶ</span> <span class='ocrx_word' id='word_1_784' title='bbox 1462 5265 1840 5334; x_wconf 88' lang='grc' dir='ltr'>πρωτότοκος,</span> 
     </span>
    </p>
   </div>
   <div class='ocr_carea' id='block_1_99' title="bbox 267 5339 1842 5426">
    <p class='ocr_par' dir='ltr' id='par_1_99' title="bbox 267 5339 1842 5426">
     <span class='ocr_line' id='line_1_99' title="bbox 267 5339 1842 5426; baseline 0.012 -35"><span class='ocrx_word' id='word_1_785' title='bbox 267 5339 355 5393; x_wconf 81' lang='grc' dir='ltr'>ὅτε</span> <span class='ocrx_word' id='word_1_786' title='bbox 385 5341 478 5393; x_wconf 76' lang='grc' dir='ltr'><strong>καὶ</strong></span> <span class='ocrx_word' id='word_1_787' title='bbox 506 5341 756 5398; x_wconf 68' lang='grc' dir='ltr'>εῑσῆλθεν</span> <span class='ocrx_word' id='word_1_788' title='bbox 785 5347 864 5410; x_wconf 75' lang='grc' dir='ltr'>εἰς</span> <span class='ocrx_word' id='word_1_789' title='bbox 898 5347 994 5420; x_wconf 75' lang='grc' dir='ltr'><strong>τὴν</strong></span> <span class='ocrx_word' id='word_1_790' title='bbox 1020 5350 1346 5423; x_wconf 75' lang='grc' dir='ltr'>οἰκουμένην</span> <span class='ocrx_word' id='word_1_791' title='bbox 1369 5353 1653 5425; x_wconf 83' lang='grc' dir='ltr'>ἄνθρωπος</span> <span class='ocrx_word' id='word_1_792' title='bbox 1681 5372 1842 5426; x_wconf 88' lang='grc' dir='ltr'>γεγο-</span> 
     </span>
    </p>
   </div>
   <div class='ocr_carea' id='block_1_100' title="bbox 1941 5083 3527 5155">
    <p class='ocr_par' dir='ltr' id='par_1_100' title="bbox 1941 5083 3527 5155">
     <span class='ocr_line' id='line_1_100' title="bbox 1941 5083 3527 5155; baseline -0.001 -15"><span class='ocrx_word' id='word_1_793' title='bbox 1941 5085 2054 5140; x_wconf 84' lang='lat' dir='ltr'><strong>rale</strong></span> <span class='ocrx_word' id='word_1_794' title='bbox 2082 5084 2172 5138; x_wconf 87' lang='lat' dir='ltr'><strong>Dei</strong></span> <span class='ocrx_word' id='word_1_795' title='bbox 2200 5084 2378 5138; x_wconf 89' lang='lat' dir='ltr'><strong>Patris</strong></span> <span class='ocrx_word' id='word_1_796' title='bbox 2402 5084 2636 5140; x_wconf 73' lang='lat' dir='ltr'><strong>Verbum</strong></span> <span class='ocrx_word' id='word_1_797' title='bbox 2665 5086 2976 5154; x_wconf 80' lang='lat' dir='ltr'><strong>unigenitus</strong></span> <span class='ocrx_word' id='word_1_798' title='bbox 3005 5083 3326 5155; x_wconf 76' lang='lat' dir='ltr'><strong>appellatur,</strong></span> <span class='ocrx_word' id='word_1_799' title='bbox 3352 5100 3527 5155; x_wconf 52' lang='lat' dir='ltr'><strong>quan‘</strong></span> 
     </span>
    </p>
   </div>
   <div class='ocr_carea' id='block_1_101' title="bbox 1941 5177 3527 5248">
    <p class='ocr_par' dir='ltr' id='par_1_101' title="bbox 1941 5177 3527 5248">
     <span class='ocr_line' id='line_1_101' title="bbox 1941 5177 3527 5248; baseline -0.002 -15"><span class='ocrx_word' id='word_1_800' title='bbox 1941 5177 2231 5248; x_wconf 79' lang='lat' dir='ltr'><strong>doquidem</strong></span> <span class='ocrx_word' id='word_1_801' title='bbox 2263 5178 2436 5232; x_wconf 84' lang='lat' dir='ltr'><strong>solum</strong></span> <span class='ocrx_word' id='word_1_802' title='bbox 2478 5189 2547 5231; x_wconf 81' lang='lat' dir='ltr'><strong>ex</strong></span> <span class='ocrx_word' id='word_1_803' title='bbox 2581 5178 2700 5231; x_wconf 85' lang='lat' dir='ltr'><strong>solo</strong></span> <span class='ocrx_word' id='word_1_804' title='bbox 2743 5177 2905 5232; x_wconf 84' lang='lat' dir='ltr'><strong>Patre</strong></span> <span class='ocrx_word' id='word_1_805' title='bbox 2941 5177 3188 5248; x_wconf 74' lang='lat' dir='ltr'><strong>genitum</strong></span> <span class='ocrx_word' id='word_1_806' title='bbox 3235 5187 3359 5231; x_wconf 81' lang='lat' dir='ltr'><strong>est:</strong></span> <span class='ocrx_word' id='word_1_807' title='bbox 3411 5179 3527 5246; x_wconf 53' lang='lat' dir='ltr'><strong>pri‘</strong></span> 
     </span>
    </p>
   </div>
   <div class='ocr_carea' id='block_1_102' title="bbox 1943 5268 3528 5341">
    <p class='ocr_par' dir='ltr' id='par_1_102' title="bbox 1943 5268 3528 5341">
     <span class='ocr_line' id='line_1_102' title="bbox 1943 5268 3528 5341; baseline -0.002 -19"><span class='ocrx_word' id='word_1_808' title='bbox 1943 5269 2198 5341; x_wconf 82' lang='lat' dir='ltr'><strong>mogeniti</strong></span> <span class='ocrx_word' id='word_1_809' title='bbox 2223 5278 2404 5324; x_wconf 77' lang='lat' dir='ltr'><strong>autem</strong></span> <span class='ocrx_word' id='word_1_810' title='bbox 2424 5283 2620 5323; x_wconf 88' lang='lat' dir='ltr'><strong>nomen</strong></span> <span class='ocrx_word' id='word_1_811' title='bbox 2646 5278 2760 5322; x_wconf 76' lang='lat' dir='ltr'><strong>tum</strong></span> <span class='ocrx_word' id='word_1_812' title='bbox 2785 5269 2999 5323; x_wconf 72' lang='lat' dir='ltr'><strong>dem</strong></span> <span class='ocrx_word' id='word_1_813' title='bbox 3017 5268 3284 5332; x_wconf 77' lang='lat' dir='ltr'><strong>obtinuit,</strong></span> <span class='ocrx_word' id='word_1_814' title='bbox 3308 5268 3528 5338; x_wconf 74' lang='lat' dir='ltr'><strong>quando</strong></span> 
     </span>
    </p>
   </div>
   <div class='ocr_carea' id='block_1_103' title="bbox 1941 5358 3531 5430">
    <p class='ocr_par' dir='ltr' id='par_1_103' title="bbox 1941 5358 3531 5430">
     <span class='ocr_line' id='line_1_103' title="bbox 1941 5358 3531 5430; baseline -0.002 -16"><span class='ocrx_word' id='word_1_815' title='bbox 1941 5359 2126 5426; x_wconf 83' lang='lat' dir='ltr'><strong>homo,</strong></span> <span class='ocrx_word' id='word_1_816' title='bbox 2165 5369 2221 5414; x_wconf 90' lang='lat' dir='ltr'><strong>et</strong></span> <span class='ocrx_word' id='word_1_817' title='bbox 2266 5360 2451 5414; x_wconf 89' lang='lat' dir='ltr'><strong>mundi</strong></span> <span class='ocrx_word' id='word_1_818' title='bbox 2501 5374 2628 5430; x_wconf 79' lang='lat' dir='ltr'><strong>pars</strong></span> <span class='ocrx_word' id='word_1_819' title='bbox 2673 5359 2926 5414; x_wconf 77' lang='lat' dir='ltr'><strong>ellectum</strong></span> <span class='ocrx_word' id='word_1_820' title='bbox 2971 5359 3026 5413; x_wconf 90' lang='lat' dir='ltr'><strong>in</strong></span> <span class='ocrx_word' id='word_1_821' title='bbox 3067 5358 3212 5415; x_wconf 67' lang='lat' dir='ltr'><strong>hunc</strong></span> <span class='ocrx_word' id='word_1_822' title='bbox 3255 5366 3531 5413; x_wconf 79' lang='lat' dir='ltr'><strong>terrarum</strong></span> 
     </span>
    </p>
   </div>
   <div class='ocr_carea' id='block_1_104' title="bbox 337 5486 1828 5586">
    <p class='ocr_par' dir='ltr' id='par_1_104' title="bbox 337 5498 1825 5582">
     <span class='ocr_line' id='line_1_104' title="bbox 337 5498 1825 5582; baseline 0.011 -29"><span class='ocrx_word' id='word_1_823' title='bbox 337 5498 385 5531; x_wconf 83' lang='lat'>&quot;</span> <span class='ocrx_word' id='word_1_824' title='bbox 414 5499 668 5569; x_wconf 83' lang='lat' dir='ltr'><strong>Coloss.t,</strong></span> <span class='ocrx_word' id='word_1_825' title='bbox 691 5502 884 5562; x_wconf 67' lang='lat'><strong>24-28.</strong></span> <span class='ocrx_word' id='word_1_826' title='bbox 963 5509 1008 5541; x_wconf 83' lang='lat'>&quot;</span> <span class='ocrx_word' id='word_1_827' title='bbox 1036 5506 1242 5568; x_wconf 81' lang='lat' dir='ltr'><strong>Coloss.</strong></span> <span class='ocrx_word' id='word_1_828' title='bbox 1278 5527 1336 5578; x_wconf 81' lang='grc' dir='ltr'><strong>ιι,</strong></span> <span class='ocrx_word' id='word_1_829' title='bbox 1365 5510 1418 5566; x_wconf 82' lang='grc' dir='ltr'><strong>ϐ.</strong></span> <span class='ocrx_word' id='word_1_830' title='bbox 1497 5513 1541 5545; x_wconf 79' lang='grc' dir='ltr'><strong>⁸ο</strong></span> <span class='ocrx_word' id='word_1_831' title='bbox 1569 5511 1754 5582; x_wconf 85' lang='lat' dir='ltr'><strong>Joan.,</strong></span> <span class='ocrx_word' id='word_1_832' title='bbox 1785 5530 1825 5581; x_wconf 83' lang='grc' dir='ltr'><strong>ι,</strong></span> 
     </span>
    </p>
   </div>
   <div class='ocr_carea' id='block_1_105' title="bbox 1926 5486 3025 5586">
    <p class='ocr_par' dir='ltr' id='par_1_105' title="bbox 1926 5517 3025 5586">
     <span class='ocr_line' id='line_1_105' title="bbox 1926 5517 3025 5586; baseline 0.002 -14"><span class='ocrx_word' id='word_1_833' title='bbox 1926 5548 1948 5572; x_wconf 79' lang='grc' dir='ltr'>ι.</span> <span class='ocrx_word' id='word_1_834' title='bbox 2025 5518 2066 5549; x_wconf 82' lang='grc'><strong>⁶¹</strong></span> <span class='ocrx_word' id='word_1_835' title='bbox 2091 5517 2297 5575; x_wconf 87' lang='lat' dir='ltr'><strong>Coloss.</strong></span> <span class='ocrx_word' id='word_1_836' title='bbox 2326 5534 2402 5586; x_wconf 83' lang='grc' dir='ltr'><strong>ιν,</strong></span> <span class='ocrx_word' id='word_1_837' title='bbox 2423 5519 2548 5576; x_wconf 68' lang='grc'><strong>2-4.</strong></span> <span class='ocrx_word' id='word_1_838' title='bbox 2626 5520 2671 5552; x_wconf 79' lang='grc'><strong>⁸⁸</strong></span> <span class='ocrx_word' id='word_1_839' title='bbox 2691 5518 2868 5576; x_wconf 80' lang='lat' dir='ltr'><strong>.lleb&#39;r.</strong></span> <span class='ocrx_word' id='word_1_840' title='bbox 2900 5533 2938 5584; x_wconf 83' lang='grc' dir='ltr'><strong>ι,</strong></span> <span class='ocrx_word' id='word_1_841' title='bbox 2969 5519 3025 5575; x_wconf 85' lang='grc'><strong>6.</strong></span> 
     </span>
    </p>
   </div>
   <div class='ocr_carea' id='block_1_106' title="bbox 1344 5671 2423 5750">
    <p class='ocr_par' dir='ltr' id='par_1_106' title="bbox 1344 5671 2423 5750">
     <span class='ocr_line' id='line_1_106' title="bbox 1344 5671 2423 5750; baseline 0.007 -22"><span class='ocrx_word' id='word_1_842' title='bbox 1344 5671 1512 5731; x_wconf 76' lang='lat' dir='ltr'><strong>Varia:</strong></span> <span class='ocrx_word' id='word_1_843' title='bbox 1542 5675 1802 5735; x_wconf 84' lang='lat' dir='ltr'><strong>lectiones</strong></span> <span class='ocrx_word' id='word_1_844' title='bbox 1828 5678 2030 5737; x_wconf 84' lang='lat' dir='ltr'><strong>codicis</strong></span> <span class='ocrx_word' id='word_1_845' title='bbox 2063 5677 2423 5750; x_wconf 75' lang='lat' dir='ltr'><strong>Seguieriut&#39;ii.</strong></span> 
     </span>
    </p>
   </div>
   <div class='ocr_carea' id='block_1_107' title="bbox 340 5800 726 5872">
    <p class='ocr_par' dir='ltr' id='par_1_107' title="bbox 340 5800 726 5872">
     <span class='ocr_line' id='line_1_107' title="bbox 340 5800 726 5872; baseline 0.018 -21"><span class='ocrx_word' id='word_1_846' title='bbox 340 5807 363 5834; x_wconf 79' lang='grc' dir='ltr'>ι</span> <span class='ocrx_word' id='word_1_847' title='bbox 395 5800 726 5872; x_wconf 77' lang='grc' dir='ltr'>φανερῶσαι.</span> 
     </span>
    </p>
   </div>
  </div>
