4044 6332
611 405 741 462 1251

611 615 818 669 ratione
862 629 891 665 a
958 614 1165 667 sanctis
1212 616 1416 684 angelis
1475 621 1748 681 adoratur,
1818 634 1939 671 cum
1986 619 2183 672 adora-

612 707 688 758 tio
728 706 823 759 soli
889 704 997 759 Deo
1031 705 1313 772 debeatur,
1348 720 1403 763 et
1443 709 1510 763 ad
1569 709 1713 763 illum
1776 710 1944 765 solum
1980 710 2185 764 refera-

611 809 715 852 tur.
742 797 873 863 Quis
902 798 1064 867 igitur
1114 798 1390 854 Christum
1440 801 1606 855 Deum
1650 816 1769 857 esse
1817 801 2074 871 ambigat,
2130 811 2191 856 ut

560 918 567 921 -
608 892 771 943 etiam
801 890 851 942 in
879 889 1016 943 caelo
1044 891 1337 944 adoretur?

680 980 784 1050 73
821 999 839 1030 ι
865 980 929 1034 Et
951 980 1016 1034 ad
1040 981 1257 1050 angelos
1270 982 1486 1052 quidem
1511 982 1677 1039 dicit:
1702 983 1801 1051 Qui
1821 983 1947 1038 facit
1969 983 2185 1054 angelos

558 1104 563 1109 -
609 1084 734 1123 Suos
764 1072 1009 1140 spiritus,
1040 1081 1097 1125 et
1124 1073 1406 1129 ministros
1432 1090 1560 1129 suos
1593 1074 1867 1130 ﬂammam
1910 1077 2069 1145 ignis.
2105 1076 2181 1130 Ad

614 1160 808 1215 Filium
836 1172 1047 1217 autem:
1081 1162 1331 1219 Thronns
1360 1175 1502 1231 tuus,
1522 1166 1682 1231 Deus,
1712 1168 1764 1221 in
1799 1168 2055 1222 saeculum
2087 1183 2187 1221 ste-

610 1254 738 1307 culi.
761 1251 1036 1325 Et:Virga
1063 1256 1332 1324 aaquitatis
1358 1258 1505 1327 virga
1535 1258 1682 1328 regni
1712 1258 2065 1313 tui.Dilexisti
2095 1258 2185 1328 ju-

610 1346 831 1410 stitiam,
890 1355 944 1400 et
984 1346 1145 1400 odisti
1188 1347 1566 1416 iniquitatem:
1602 1362 1882 1420 propterea
1922 1352 2079 1405 unxit
2134 1362 2185 1406 te

618 1439 780 1503 Deus,
812 1438 952 1491 Deus
979 1449 1119 1501 tuus,
1156 1437 1277 1493 oleo
1298 1440 1673 1496 exsultationis
1703 1457 1812 1511 pra:
1830 1442 2184 1512 participibus

613 1532 808 1585 tuis”.
849 1551 869 1585 ι
932 1530 987 1585 Si
1047 1531 1363 1601 angelorum
1396 1533 1641 1587 conditor
1673 1540 1789 1597 est,
1840 1534 1884 1588 si
1927 1535 2183 1589 thronum

610 1620 821 1676 obtinet
853 1622 1265 1691 sempiternum,
1293 1621 1560 1691 justitiam
1594 1624 1807 1691 dilexit,
1839 1637 1894 1679 et
1926 1626 2185 1695 iniquita-

609 1723 718 1767 lem
754 1714 879 1768 odio
912 1714 1119 1777 habuit,
1153 1728 1325 1783 eaque
1354 1716 1419 1769 de
1449 1730 1611 1770 causa
1641 1716 2018 1772 exsultationis
2065 1717 2184 1771 oleo

610 1821 640 1857 a
672 1804 780 1859 Deo
811 1804 970 1860 Patre
1001 1808 1250 1862 inuuctus
1283 1808 1385 1861 fuit
1416 1827 1429 1863 :
1463 1809 1592 1877 quid
1624 1818 1865 1863 statuere
1901 1820 1994 1862 aut
2037 1808 2185 1878 cogi-

1598 395 1654 451 S.
1678 395 1971 452 CYRILLI
2011 395 2476 452 ALEXANDRINI
2514 396 2845 454 ARCHIEP.

607 525 794 579 orbem
848 520 1149 592 ingressum
1204 532 1309 577 est.
1366 522 1751 580 Verumtamen
1810 528 1912 582 hac
1976 542 2187 598 quoque

2292 526 2417 589 νὼς.
2447 527 2541 580 κοι
2588 524 2751 598 μέρος
2780 525 2971 595 αὐτῆς.
3000 523 3144 595 Πλὴν
3178 526 3273 577 καὶ
3298 522 3442 577 οῦτω
3472 527 3911 596 προσκυνεῖται

2294 620 2443 691 παρά
2481 619 2588 673 τῶν
2616 620 2788 687 ἁγίων
2822 616 3088 686 ἀγγέλων,
3114 617 3473 688 ἀνακειμένου
3502 634 3561 670 τε
3608 617 3709 669 καὶ
3756 618 3916 686 ττρὲ-

2293 731 2486 776 ποντος
2532 712 2676 782 μόνῳ
2725 710 2843 780 Θεῷ
2872 710 2966 763 τοῦ
2998 710 3093 763 καὶ
3123 710 3549 781 προσκυνεῖσθαι
3577 710 3721 762 δεῖν.
3766 710 3911 771 Πῶς

2291 801 2382 858 οὖν
2411 805 2471 857 οὐ
2498 803 2627 867 Θεὸς
2658 805 2685 856 6
2718 802 2969 872 Χριστὸς,
2998 803 3026 855 6
3057 801 3152 855 καὶ
3183 804 3241 855 ὲν
3274 802 3491 874 οὐρανῷ
3522 802 3907 873 προσκυνού-

2296 914 2453 967 μενος
2477 914 2491 961 ;

2368 1007 2387 1038 ι
2421 988 2532 1040 Καὶ
2556 985 2689 1059 πρὸς
2714 985 2812 1055 μὲν
2850 984 2976 1046 τοὺς
2994 983 3258 1051 ἀγγέλους
3277 983 3444 1051 λέγει·
3479 983 3538 1037 Ὀ
3558 983 3747 1036 ποιῶν
3773 986 3912 1045 τοὺς

2291 1074 2554 1142 ἀγγέλους
2579 1072 2745 1126 αὑτοῦ
2766 1072 3068 1143 πνεύματα,
3097 1073 3328 1136 καὶτοὺς
3346 1072 3703 1143 λειτουργοὺς
3724 1074 3909 1125 αὑτοῦ

2292 1165 2463 1235 πυρδῖ
2476 1164 2668 1233 φλόγα·
2685 1163 2826 1235 Πρὸς
2840 1164 2897 1216 δὲ
2920 1163 3007 1216 τδν
3019 1163 3165 1216 Υίόψ
3183 1163 3239 1216 ὀ
3253 1163 3437 1234 θρόνος
3456 1167 3612 1231 σου,ὁ
3633 1166 3810 1229 Θεὸς,
3829 1170 3910 1229 εἰς

2290 1256 2381 1309 τὸν
2407 1257 2574 1309 αίῶνα
2607 1255 2701 1308 τοῦ
2740 1255 2955 1318 αἰῶνος.
2988 1255 3117 1308 Καί·
3153 1256 3216 1307 Ἦ
3235 1255 3429 1325 ῥάϐδος
3450 1260 3549 1327 τῆς
3575 1258 3908 1327 εύθύτητός

2293 1365 2386 1400 σου
2429 1346 2621 1417 ῥάϐδος
2646 1346 2746 1416 τῆς
2793 1346 3069 1416 βασιλείας
3097 1362 3211 1398 σου.
3248 1347 3563 1418 Ἠγάπησας
3594 1348 3907 1402 δικαιοσύ-

2291 1452 2409 1505 νην,
2438 1434 2531 1488 καὶ
2548 1434 2817 1504 ἐμίσησας
2830 1434 3042 1488 ἀδικίαν
3060 1436 3101 1469 ι·
3122 1433 3213 1486 διά
3225 1433 3384 1487 τοῦτο
3398 1435 3586 1505 έχρισέ
3604 1453 3668 1488 σε
3684 1438 3714 1489 6
3730 1436 3903 1500 Θεὸς.

2290 1526 2319 1577 6
2339 1525 2469 1587 Θεός
2502 1541 2617 1587 σου,
2656 1524 2834 1577 ἔλαιον
2865 1524 3236 1591 ἀγαλλιάσεως
3273 1525 3423 1596 παρὰ
3454 1526 3585 1589 τοὺς
3616 1528 3907 1597 μετόχους

2294 1637 2408 1673 σου.
2437 1639 2454 1671 ι
2490 1620 2553 1673 El
2595 1618 2825 1691 ποιητής
2858 1619 3103 1689 ἀγγέλων
3138 1621 3285 1673 ἐστὶν
3317 1622 3345 1673 6
3380 1622 3568 1693 θρόνον
3606 1622 3768 1693 ἔχων
3822 1626 3905 1685 εἰς

2289 1713 2381 1765 τὸν
2405 1712 2577 1766 αίῶνα
2601 1711 2695 1765 τοῦ
2723 1711 2940 1777 αἰῶνος,
2972 1712 3265 1781 ἀγαπήσας
3290 1729 3349 1765 τε
3374 1712 3773 1783 δικαιοσύνην,
3805 1718 3905 1766 καὶ

2293 1802 2617 1875 μεμισηκὼς
2644 1802 2858 1855 ἀδικίαν
2879 1811 2929 1867 ιι,
2966 1803 3061 1855 καὶ
3090 1801 3179 1855 διὰ
3207 1802 3364 1855 τοῦτο
3392 1804 3690 1873 κεχρῖσθαι
3727 1804 3901 1873 λεγό-

612 1907 726 1950 tare
756 1912 852 1951 nos
876 1913 973 1968 par
993 1907 1094 1963 est,
1121 1901 1246 1953 dum
1272 1899 1323 1953 in
1355 1898 1619 1966 ejusmodi
1649 1899 1714 1953 de
1738 1900 1854 1968 ipso
1885 1901 2183 1955 sententias

2292 1912 2449 1965 μενος
2472 1894 2550 1965 τῷ
2578 1894 2745 1963 ὲλαίῳ
2771 1892 2870 1963 τῆς
2899 1892 3271 1961 ἀγαλλιάσεως
3302 1892 3453 1964 παρὰ
3480 1893 3575 1947 τοῦ
3611 1893 3766 1947 Θεοῦ
3804 1898 3901 1947 καὶ

613 1989 1003 2045 inciderimus?
1046 1989 1179 2044 Nam
1231 1990 1275 2045 si
1317 1991 1569 2046 cmlestes
1619 1991 1843 2059 spiritus
1888 2006 2016 2045 suos
2059 1990 2189 2045 facit

612 2080 911 2145 ministros,
948 2081 1314 2151 thronumque
1353 2082 1596 2151 possidet
1643 2081 1882 2148 deitatis,
1918 2082 2188 2152 quomodo

613 2171 736 2226 oleo
763 2171 1148 2226 exsultationis
1178 2172 1447 2227 delibutus
1489 2173 1798 2228 asseritur?
1836 2173 1978 2229 Sane
2024 2188 2190 2245 auge-

614 2264 694 2317 los
718 2270 870 2317 creat
896 2272 953 2317 ut
979 2265 1141 2328 Deus,
1169 2264 1445 2334 intmgitur
1466 2275 1642 2320 autem
1676 2275 1733 2321 ut
1775 2267 1934 2321 homo
1955 2309 1970 2333 ,
2028 2267 2099 2321 ita
2131 2278 2190 2324 ut

614 2357 729 2424 ipsa
760 2355 942 2410 unctio
986 2371 1089 2409 non
1125 2356 1192 2409 ad
1238 2357 1473 2411 divinam
1519 2366 1792 2423 naturam,
1826 2360 1919 2413 sed
1969 2359 2035 2413 ad
2068 2359 2186 2412 dis-

613 2447 943 2516 pensationis
1004 2447 1326 2517 sapientiam
1356 2448 1542 2518 procul
1574 2450 1737 2503 dubio
1770 2450 2057 2506 referatur.
2090 2452 2188 2506 Est

615 2539 797 2607 itaque
836 2537 1089 2593 Christus
1123 2537 1287 2601 Deus,
1326 2548 1381 2592 et
1414 2540 1616 2594 homo:
1654 2540 1794 2595 Deus
1836 2543 2052 2612 quidem
2097 2560 2191 2597 na-

614 2641 757 2693 tura,
781 2630 943 2683 homo
968 2643 1094 2683 vero
1119 2630 1285 2683 nostri
1311 2629 1505 2685 similis
1530 2631 1943 2701 dispensatorie,
1970 2635 2189 2702 quando

614 2719 873 2773 nimirum
921 2717 1218 2775 secundum
1249 2734 1470 2774 carnem
1508 2734 1576 2775 ex
1622 2721 1847 2777 muliere
1893 2732 2052 2779 natus
2084 2734 2189 2779 est.

690 2918 711 2953 ι
750 2899 963 2965 Videte,
997 2898 1218 2962 fratres,
1248 2912 1317 2952 ne
1345 2897 1483 2952 forte
1512 2899 1622 2953 sint
1653 2900 1705 2953 in
1740 2900 1921 2969 aliquo
1952 2911 2190 2955 vestrum
2252 2911 2259 2918 '

566 3038 571 3043 .
612 3007 709 3048 cor
730 2992 928 3046 malum
961 2990 1351 3046 incredulitatis
1378 2991 1685 3045 discedendi
1722 3008 1751 3046 a
1792 2994 1898 3046 Deo
1918 2995 2042 3046 vivo
2068 2993 2137 3046 “.
2166 3013 2184 3044 ι

616 3083 673 3139 Si
704 3083 975 3138 Christum
1003 3081 1353 3152 abnegantes,
1385 3098 1414 3137 a
1458 3082 1565 3137 Deo
1593 3084 1718 3137 vivo
1751 3093 1805 3137 et
1835 3099 1964 3139 vero
2009 3085 2191 3139 desci-

613 3175 852 3240 scimus;
881 3173 935 3227 in
977 3172 1083 3227 ﬁde
1111 3188 1237 3227 vero
1269 3188 1389 3242 qua:
1418 3173 1468 3226 in
1499 3174 1672 3243 ipsum
1698 3184 1779 3229 est
1803 3176 2182 3245 persistentes,

612 3262 930 3317 defectionis
992 3263 1221 3317 crimine
1278 3264 1585 3320 nullatenus
1632 3264 1930 3335 obligamur
1987 3285 2000 3321 :
2050 3282 2185 3337 quo-

616 3354 774 3408 modo
806 3351 1057 3405 Christus
1079 3367 1190 3406 non
1218 3361 1300 3405 est
1327 3352 1471 3408 Deus
1495 3354 1519 3406 ?

692 3460 711 3493 ι
746 3440 802 3496 Si
824 3442 968 3497 enim
1005 3442 1224 3511 sanguis
1258 3442 1529 3495 hircorum
1556 3450 1612 3496 et
1644 3452 1940 3507 taurorum,
1968 3453 2023 3497 et
2044 3444 2183 3501 cinis

613 3534 795 3589 vitula:
828 3530 1101 3602 aspersus,
1133 3534 1436 3602 inquinatos
1481 3535 1784 3589 sanctificat
1827 3536 1891 3589 ad
1922 3537 2183 3590 emunda-

615 3632 814 3684 tionem
846 3629 1067 3682 carnis:
1113 3638 1316 3697 quanto
1363 3626 1532 3697 magis
1572 3629 1791 3695 sanguis
1826 3627 2056 3695 Christi,
2092 3630 2181 3693 qui

616 3738 712 3793 per
741 3722 1005 3789 Spiritum
1031 3728 1276 3773 sanctum
1305 3719 1654 3788 semetipsum
1690 3719 1886 3772 obtulit
1921 3720 2184 3773 immacu-

618 3814 779 3865 latum
830 3812 975 3875 Deo,
1025 3809 1339 3863 emundabit
1395 3811 1782 3863 conscientiam
1833 3819 2071 3864 nostram
2117 3811 2184 3864 ab

612 3905 868 3975 operibus
899 3904 1148 3969 mortuis,
1187 3902 1255 3957 ad
1301 3904 1641 3957 serviendum
1672 3902 1781 3958 Deo
1811 3903 2009 3957 viventi
2032 3904 2076 3933 “
2103 3902 2125 3955 ?
2159 3922 2178 3953 ι

616 3996 671 4051 εἰ
699 3995 948 4050 Christus
975 4010 1133 4048 verus
1161 3993 1304 4048 Deus
1327 4010 1429 4047 non
1462 4004 1566 4058 est,
1599 4009 1784 4063 quam,
1812 4009 2013 4062 quaeso,
2047 3995 2185 4047 utili-

618 4100 779 4144 tatem
822 4089 963 4143 illius
991 4087 1209 4157 sanguis
1242 4087 1393 4141 nobis
1422 4087 1619 4155 poterit
1645 4084 1878 4141 alferre?
1914 4088 2020 4139 Aut
2046 4101 2183 4156 quo-

616 4183 772 4236 modo
801 4181 1161 4235 conscientias
1196 4190 1409 4233 nosuas
1452 4179 1519 4231 ab
1546 4179 1798 4246 Operibus
1833 4176 2060 4232 mortuis
2086 4192 2183 4246 po-

614 4273 740 4327 terit
767 4272 1031 4342 expiare?
1063 4272 1201 4338 Quid
1238 4273 1381 4325 enim
1426 4270 1663 4339 vulgaris
1695 4268 1929 4324 hominis
1963 4269 2182 4338 sanguis

615 4364 833 4419 virtutis
869 4374 964 4418 aut
991 4362 1328 4418 efﬁcacitatis
1359 4362 1540 4425 habet,
1565 4361 1707 4430 quod
1740 4375 1844 4415 non
1873 4362 2031 4415 etiam
2058 4374 2184 4414 san-

613 4457 732 4525 guis
762 4455 1074 4511 hircorum?
1105 4454 1239 4508 nihil
1274 4454 1516 4508 omnino.
1564 4452 1678 4507 Hoc
1722 4452 1895 4506 solum
1948 4465 2182 4520 namque

2289 1988 2533 2058 Πατρός’
2568 1986 2621 2039 τί
2648 1987 2713 2058 δὴ
2737 1987 2845 2058 ἀρα
2884 1987 3063 2057 φαμὲν
3104 1988 3184 2049 είς
3217 1986 3425 2049 ἑννοίας
3453 1987 3768 2058 ἐρχόμενοι
3799 1990 3900 2051 τὰς

2288 2079 2376 2131 ἐπ’
2402 2078 2584 2148 αὑτῷ;
2619 2077 2683 2130 Εἰ
2713 2078 2823 2149 γάρ
2850 2080 2998 2130 ποιεῖ
3031 2079 3159 2141 τοὺς
3186 2078 3452 2147 ἀγγέλους
3482 2079 3661 2132 αὐτοῦ
3714 2082 3897 2133 meti-

2290 2186 2458 2241 ματα,
2486 2171 2579 2222 καὶ
2607 2168 2796 2239 θρόνον
2824 2169 2935 2239 ἔχει
2961 2168 3236 2241 θεότητος,
3276 2170 3396 2223 τίνα
3422 2172 3634 2240 τρόπον
3661 2173 3894 2243 χρίεται

2286 2258 2366 2328 τῷ
2410 2257 2575 2328 ὲλαίῳ
2618 2259 2717 2327 τῆς
2747 2258 3152 2327 ἀγαλλιάσεως;
3184 2259 3394 2313 Οὐκοῦν
3435 2260 3620 2324 κτίζει
3674 2264 3787 2330 μὲν
3820 2262 3894 2323 ὡς

2288 2352 2421 2413 Θεὸς
2470 2350 2767 2418 ἀγγέλους,
2816 2351 3027 2421 χρίεται
3059 2351 3118 2403 δὲ
3157 2352 3232 2414 ὡς
3274 2352 3562 2423 ἄνθρωπος
3589 2370 3605 2382 ο
3654 2355 3769 2407 ούκ
3810 2357 3888 2419 είς

2288 2442 2386 2513 τὴν
2420 2442 2517 2512 τῆς
2553 2441 2805 2512 θεότητος
2836 2441 3017 2510 φύσιν,
3052 2443 3166 2495 ἀλλ’
3194 2446 3273 2507 εἰς
3317 2444 3377 2496 τὸ
3409 2445 3509 2514 τῆς
3546 2446 3881 2515 οἰκονομίας

2290 2534 2537 2603 εύτεχνὲς
2596 2532 2888 2602 ἐρχομένου
2950 2532 3043 2584 τοῦ
3089 2532 3409 2603 χρίσματος.
3451 2534 3590 2598 Θεὸς
3634 2536 3752 2605 ἄρα
3796 2538 3887 2589 καὶ

2290 2622 2574 2693 ἄνθρωπος
2603 2625 2631 2674 6
2660 2622 2929 2692 Χριστός·
2962 2620 3095 2683 Θεὸς
3130 2622 3229 2689 μὲν
3257 2624 3322 2693 τῇ
3357 2622 3541 2691 φύσει,
3582 2624 3883 2694 ἄνθρωπος

2289 2710 2347 2763 δὲ
2390 2709 2512 2762 καθ’
2542 2712 2689 2780 ἡμᾶς
2729 2713 2757 2763 6
2791 2711 2953 2774 αὐτὸς
2984 2711 3366 2781 οἰκονομικῶς,
3400 2714 3491 2766 ὅτε
3542 2714 3787 2782 γέγονεν
3820 2715 3881 2767 ἐκ

2290 2803 2549 2871 γυναικὸς
2573 2802 2714 2857 κατά
2748 2803 2946 2874 σάρκα.

2369 2911 2386 2944 ι
2416 2891 2676 2955 Βλέπετε,
2718 2893 2958 2961 ἀδελφοὶ,
3000 2893 3072 2963 μή
3106 2895 3237 2945 ποτέ
3269 2895 3416 2946 ἐστιν
3460 2893 3522 2945 ἐν
3558 2910 3677 2946 τινι
3727 2893 3879 2964 ὑμῶν

2292 2982 2490 3048 καρδία
2516 2982 2729 3053 πονηρά
2758 2983 3034 3050 ἀπιστίας,
3063 2986 3120 3037 ὲν
3149 2983 3227 3054 τῷ
3254 2984 3557 3054 ἀποστῆναι
3596 2985 3714 3036 ἀπὸ
3746 2983 3878 3035 Θεοῦ

2292 3075 2555 3139 ζῶντος.»
2594 3077 2658 3128 Εί
2706 3075 3030 3146 ἀρνούμενοι
3081 3077 3171 3128 τὸν
3222 3075 3478 3145 Χριστὸν,
3523 3074 3879 3146 ἀφιστάμεθα

2291 3166 2427 3219 Θεοῦ
2458 3165 2658 3230 ζῶντος
2684 3168 2778 3220 καὶ
2806 3167 3060 3237 ἀληθινοῦ
3081 3208 3096 3232 ,
3122 3167 3449 3237 ἐμμένοντες
3479 3167 3537 3219 δὲ
3567 3170 3643 3237 τῇ
3676 3168 3760 3229 εἰς
3786 3168 3879 3219 αὖα

2292 3260 2382 3312 τὸν
2417 3259 2617 3325 πίστει,
2650 3260 2769 3313 κατ’
2795 3260 2986 3313 οὐδένα
3024 3262 3223 3332 τρόπον
3259 3261 3566 3331 ποιούμεθα
3596 3263 3705 3332 τὴν
3749 3264 3874 3313 ἀπο

2296 3351 2519 3403 στασίαν
2541 3393 2555 3418 ,
2588 3352 2702 3414 πῶς
2728 3352 2787 3404 οὺ
2818 3352 2949 3413 Θεὸς
2975 3356 3002 3407 6
3028 3355 3070 3405 Χ
3080 3355 3291 3424 ριστός;

2370 3462 2388 3493 ι
2418 3444 2480 3495 El
2509 3443 2615 3513 γὰρ
2647 3445 2709 3495 τὸ
2738 3439 2875 3513 αἷμα
2910 3447 3124 3515 ταύρων
3155 3446 3249 3499 καὶ
3277 3447 3518 3517 τράγων,
3551 3451 3659 3501 καὶ
3691 3448 3874 3506 σποδὸς

2290 3534 2571 3604 δαμάλεως
2625 3535 2947 3604 ῥαντίζουσα
2994 3538 3118 3600 τοὺς
3159 3540 3590 3608 κεκοινωμένους
3668 3540 3873 3608 ἁγιάζει

2292 3625 2428 3695 πρὸς
2465 3628 2561 3697 τὴν
2598 3629 2696 3695 τῆς
2728 3628 2925 3698 σαρκὸς
2958 3629 3339 3701 καθαρότηταο
3372 3632 3525 3701 πόσῳ
3563 3633 3782 3701 μᾶλλον
3820 3636 3872 3685 τὸ

2292 3713 2431 3788 αἷμα
2474 3718 2567 3771 τοῦ
2601 3719 2861 3788 Χριστοῦ,
2904 3721 2962 3783 ὃς
2991 3721 3078 3773 διὰ
3117 3723 3429 3792 Πνεύματος
3476 3724 3646 3791 ἁγίου
3688 3727 3869 3778 ἑαυτὸν

2293 3812 2665 3881 προσήνεγκεν
2706 3812 2935 3882 ἄμωμον
2973 3814 3052 3883 τῷ
3094 3814 3232 3885 Θεῷ,
3267 3814 3525 3886 καθαριεῖ
3550 3818 3662 3889 τὴν
3696 3821 3868 3871 συνεί-

2290 3902 2446 3972 δησιν
2490 3902 2648 3972 ήμῶν
2692 3903 2800 3955 ἀπὸ
2842 3904 3051 3974 νεκρῶν
3094 3905 3289 3974 ἔργων,
3338 3909 3419 3969 εἰς
3464 3907 3528 3959 τὸ
3578 3907 3866 3979 λατρεύειν

2290 3992 2408 4061 Θεῷ
2455 3991 2655 4057 ζῶντι;
2698 4011 2715 4042 ι
2745 3994 2805 4045 EE
2851 3994 2924 4064 μὴ
2953 3994 3085 4056 Θεὸς
3120 3996 3321 4065 ἀληθής
3355 3997 3506 4049 ἐστιν
3544 3999 3575 4050 6
3618 4001 3866 4069 Χριστὲς,

2290 4080 2370 4143 τίς
2398 4083 2431 4151 ή
2453 4081 2634 4150 ὄνησις
2668 4083 2700 4151 ή
2730 4081 2817 4134 διὰ
2840 4081 2933 4134 τοῦ
2965 4084 3194 4153 αἵματος
3219 4085 3416 4150 αὑτοῦ;
3452 4088 3525 4138 Ἢ
3552 4087 3686 4152 πῶς
3718 4091 3867 4160 ἡμῶν

2290 4172 2542 4242 καθαριεῖ
2582 4174 2679 4242 τὴν
2713 4173 3016 4244 συνείδησιν
3065 4176 3171 4228 ἀπὸ
3198 4178 3405 4247 νεκρῶν
3448 4178 3682 4248 ἐργωνς
3730 4177 3866 4251 Αἷμα

2288 4264 2395 4336 γὰρ
2431 4263 2718 4336 ἀνθρώπου
2746 4267 2926 4319 κοινοῦ
2958 4267 3011 4320 τί
3041 4268 3100 4321 τὸ
3126 4269 3283 4321 πλέον
3314 4270 3423 4339 ἔχει
3457 4274 3621 4340 παρὰ
3652 4274 3718 4325 τὸ
3743 4268 3865 4343 αἷμα

2290 4359 2396 4410 τῶν
2429 4360 2672 4429 τράγων;
2705 4360 2844 4412 Ἀλλ’
2867 4360 3018 4412 οὐδὲν
3045 4361 3200 4425 ὅλως,
3229 4362 3366 4432 πλὴν
3389 4366 3470 4415 ὅτι
3498 4366 3564 4416 τὸ
3599 4368 3706 4435 μέν
3732 4370 3865 4419 ἐστιν

2292 4450 2486 4517 ἀλόγου
2521 4449 2682 4515 ζὼου,
2712 4451 2773 4503 τὸ
2812 4452 2867 4503 EO.
2915 4452 3153 4521 λογικοῦ.
3196 4455 3411 4523 Ἐπειδὴ
3456 4455 3516 4508 δὲ
3554 4458 3588 4508 ὁ
3631 4459 3700 4511 ὲκ
3745 4458 3865 4511 Θεοῦ

615 4554 757 4604 inter
791 4550 934 4603 hunc
960 4558 1014 4602 et
1043 4547 1189 4601 illum
1226 4547 1467 4611 interest,
1500 4547 1639 4615 quod
1676 4546 1762 4600 hic
1793 4545 1863 4600 sit
1892 4546 2183 4599 animantis

2292 4541 2428 4594 κατά
2461 4540 2644 4610 φύσιν,
2678 4542 2856 4612 σάρκα
2895 4542 3094 4607 λαϐὼν,
3146 4545 3339 4616 ἔθηκεν
3382 4546 3523 4617 ὑπὲρ
3559 4564 3793 4603 παντων
3820 4552 3867 4602 τὸ

614 4640 780 4705 bruti,
813 4640 902 4694 ille
946 4653 1074 4693 vero
1117 4638 1411 4691 animantis
1456 4638 1667 4712 ratione
1716 4636 1947 4705 praediti.
1983 4635 2183 4689 Verum

612 4730 741 4800 quia
792 4729 1057 4785 naturalis
1098 4729 1193 4783 Dei
1231 4727 1400 4783 Filius
1434 4742 1652 4782 carnem
1705 4726 2030 4796 assumpsit,
2063 4740 2187 4781 san-

613 4821 942 4888 guinemque
971 4833 1129 4873 suum
1170 4833 1269 4887 pro
1297 4818 1550 4872 omnibus
1577 4815 1834 4887 profudit,
1862 4816 2065 4870 factum
2105 4828 2188 4871 est

2298 4632 2429 4686 ίδιον
2475 4627 2650 4703 αἷμα,
2696 4634 2954 4705 ταύτῃτοι
2986 4638 3080 4690 καὶ
3111 4637 3423 4709 καθαρίζειν
3469 4639 3710 4694 δύναται
3758 4646 3867 4702 τοὴ

2294 4725 2648 4789 πιστεύοντας
2675 4728 2755 4790 εἰς
2789 4728 2969 4790 αὑτὸν,
3002 4732 3095 4782 καὶ
3123 4731 3332 4799 νεκρῶν
3376 4730 3556 4802 ἔργων
3590 4734 3866 4788 ἀπαλλάτ-

2293 4834 2427 4879 τειν,
2460 4817 2553 4869 καὶ
2586 4818 2884 4887 προσάγειν
2913 4821 2993 4883 εἰς
3021 4820 3275 4890 λατρείαν
3303 4821 3378 4893 τῷ
3404 4822 3544 4892 Θεῷ.

613 4914 724 4987 74
756 4924 815 4967 ιιι
841 4915 1126 4969 credentes
1154 4915 1207 4968 in
1242 4914 1419 4983 ipsum
1449 4913 1626 4966 valeat
1658 4913 1974 4979 emundare,
2009 4928 2185 4982 exque
2224 4914 2458 4968 mortuis
2495 4914 2749 4984 operibus
2772 4915 3026 4973 liberatos
3089 4918 3273 4973 divino
3335 4918 3501 4973 cultui
3532 4925 3867 5003 mancipare,

614 5007 832 5074 Deoque
868 5004 1083 5061 oll'erre.

691 5118 708 5148 ι
743 5098 955 5152 lrritam
986 5100 1107 5167 quis
1131 5097 1335 5153 faciens
1363 5097 1537 5166 legem
1568 5096 1761 5168 Moysi,
1791 5097 1909 5152 sine
1939 5096 2049 5151 ulla
2086 5094 2186 5149 mi-

614 5189 885 5242 seratione
906 5188 1112 5241 duobus
1134 5186 1219 5241 vel
1246 5188 1417 5240 tribus
1440 5186 1668 5240 testibus
1703 5188 1953 5240 moritur.
1976 5186 2190 5249 Quanto

616 5278 787 5345 inagis
834 5274 1036 5346 putatis
1069 5277 1340 5331 deteriora
1378 5277 1574 5332 mereri
1619 5276 1916 5345 supplicia,
1965 5276 2056 5343 qui
2099 5274 2188 5328 Fi-

2369 5113 2388 5145 ι
2427 5094 2721 5165 Ἀθετήσας
2750 5115 2833 5162 τις
2857 5100 3023 5169 νόμον
3047 5102 3343 5168 Μωῦσέως,
3372 5104 3545 5173 χωρὶς
3576 5108 3872 5179 οἰκτιρμέιν

2294 5187 2387 5238 ἐπὶ
2419 5187 2571 5240 δυσὶν
2600 5189 2632 5258 ἢ
2667 5193 2814 5259 τρισὶ
2849 5192 3114 5261 μάρτυσιν
3155 5193 3515 5263 ἀποθνήσκει.
3561 5198 3766 5272 Πόσῳ,
3803 5203 3865 5254 ἂν

2292 5280 2473 5343 κεῖτε,
2528 5281 2768 5350 χείρονος
2815 5281 3171 5354 ἀξιωθήσεται
3224 5287 3499 5357 τιμωρίας
3545 5292 3579 5343 6
3620 5295 3722 5347 τὸν
3770 5295 3876 5347 Tm

615 5367 743 5422 lium
788 5367 881 5421 Dei
933 5366 1367 5432 couculcaverit,
1412 5374 1467 5421 et
1509 5370 1831 5437 sanguinem
1876 5368 2184 5423 testamenti

2292 5370 2422 5424 Θεοῦ
2463 5374 2881 5442 καταπατήσας,
2924 5375 3017 5429 καὶ
3044 5375 3106 5429 τὸ
3139 5370 3278 5448 αἷμα
3326 5378 3428 5449 τῆς
3457 5380 3751 5459 διαθήκης
3782 5402 3877 5439 tat-

687 5525 730 5555 ⁸³
759 5524 918 5580 llcbr.
950 5539 989 5587 ι,
1029 5522 1082 5589 8,
1112 5523 1167 5578 9.
1244 5521 1288 5554 ’δ
1313 5521 1478 5578 llebr.
1516 5539 1598 5590 ιιι,
1632 5523 1717 5579 12.
1795 5524 1839 5556 ⁸⁸
1872 5523 2035 5580 llcbr.
2061 5540 2134 5591 ιιι,
2181 5525 2263 5590 l5,
2293 5524 2375 5579 14.
2452 5545 2469 5559 κ

1680 5682 1871 5755 ,Varitc
1900 5685 2157 5742 lcctioncs
2185 5684 2383 5742 codicis
2421 5683 2771 5756 chuieriani.

694 5818 711 5851 ί
739 5817 986 5888 ἀνομίαν.
1064 5823 1090 5852 ⁸³
1128 5814 1379 5886 ἀνομίαν.

3755 402 3785 456 1
3798 401 3920 455 2.7.2

3977 4016 3979 4081 Α
