4044 6332
266 377 409 430 1255

1366 369 1453 425 DE
1492 372 1717 427 RECTA
1762 373 1916 429 FIDE
1956 374 2047 427 AD
2087 373 2410 428 RECINAS.

3390 372 3526 427 lilii}

264 495 357 548 νὸν
403 491 778 564 ἡγησάμενος,
823 490 915 543 καὶ
962 491 1022 543 τὸ
1064 490 1286 561 Πνεῦμα
1349 493 1446 560 τῆς
1490 495 1709 564 χάριτος
1754 495 1837 545 ὲν-

1949 492 2212 562 pollutum
2243 492 2477 555 duxerit,
2522 490 2704 559 inquo
2734 486 3103 541 sanetiiieatus
3144 493 3259 551 est,
3311 494 3366 540 et
3402 486 3528 554 διιίο

265 586 491 655 υϐρίσας
520 587 588 644 ιε’,
622 585 678 635 ὲν
789 580 1027 651 ἡγιάσθη
1050 599 1062 646 ;
1089 602 1105 631 ι
1152 583 1208 633 '(l
1236 582 1375 635 Θείον
1411 583 1638 653 ὑϐρίσας
1659 585 1842 652 νόμον,

264 679 432 747 ἤγουν
477 675 769 744 ἀθετήσας,
814 674 913 726 οῦκ
962 672 1074 724 ἴσον
1119 672 1229 742 ἔχει
1265 675 1326 727 τὸ
1361 674 1611 744 ἔγκλημα
1658 675 1735 745 τῷ
1767 678 1845 738 εἰς

262 768 547 838 ἄνθρωπον
572 764 943 836 ἡμαρτηκότι,
971 764 1109 818 ἀλλὰ
1136 765 1269 818 πολὺ
1292 766 1719 837 φορτικώτερον·
1751 768 1845 819 καὶ

262 859 394 927 γοῦν
426 860 454 911 6
491 858 588 929 μὲν
625 860 787 927 νόμον
824 856 1249 927 παραϐεϐηκὼς,
1283 859 1388 911 ὑπὸ
1419 860 1518 929 τὴν
1556 859 1650 911 τοῦ
1684 858 1845 913 Θανάο

262 969 356 1003 του
393 951 646 1003 πέπτωκε
694 948 878 1019 δίκηνο
910 952 938 1001 6
966 949 1025 1002 δὲ
1063 950 1143 1013 εἰς
1187 950 1477 1019 ἄνθρωπον
1516 952 1845 1022 πεπλημμε-

264 1040 445 1113 ληκὼς
475 1044 559 1112 εἴη
589 1041 653 1093 ἃν
681 1042 776 1093 καὶ
807 1040 1133 1111 συγγνώμης
1164 1042 1333 1107 ἄξιος.
1364 1043 1485 1106 Πῶς
1518 1039 1610 1096 οῦν
1640 1045 1697 1095 ὲν
1730 1043 1845 1113 χεί-

269 1150 381 1203 ρονι
406 1131 529 1201 δίκῃ
567 1130 659 1181 τοῦ
686 1128 1134 1199 πλημμελοῦντος
1159 1132 1238 1193 είς
1268 1131 1359 1183 τὸν
1384 1130 1629 1192 Μωσέως
1656 1129 1841 1199 νόμον,

263 1228 291 1277 ὁ
341 1223 516 1277 κοινὸν
561 1221 911 1291 ἡγησάμενος
947 1220 1007 1274 τὸ
1057 1214 1199 1291 αἷμα
1228 1221 1323 1274 τοῦ
1358 1222 1628 1292 Χριστοῦ;
1682 1223 1845 1277 Ἀλλὰ

268 1317 374 1386 μὴν
397 1318 453 1369 ὲν
479 1314 702 1385 χείρονι,
732 1313 825 1365 καὶ
869 1312 1073 1383 σφόδρα
1100 1314 1344 1375 εἰκότως.
1386 1315 1497 1366 Οὐκ
1530 1314 1636 1381 ἄρα
1663 1315 1843 1367 κοινὸν

263 1406 325 1458 τὸ
360 1401 501 1475 αἷμα
534 1403 629 1456 τοῦ
664 1401 932 1474 Χριστοῦο
965 1400 1095 1465 Θεὸς
1128 1402 1236 1473 γὰρ
1264 1397 1331 1473 ἦν
1358 1405 1385 1456 6
1409 1404 1581 1472 Λόγος
1612 1404 1842 1475 γενόμε-

263 1515 353 1562 νος
393 1496 549 1567 σάρξ.
657 1509 661 1513 ·

340 1793 358 1825 ι
394 1774 630 1828 Βλέπετε
663 1774 738 1844 μὴ
771 1772 1182 1845 παραιτήσησθε
1211 1772 1303 1826 τὸν
1333 1772 1616 1828 λαλοῦντα.
1643 1775 1706 1827 Et
1734 1775 1843 1847 γὰρ

1948 588 2070 639 ritui
2100 585 2284 655 gratiae
2314 584 2695 639 contumeliam
2729 581 2916 636 fecerit
2942 581 3019 633 “1'
3052 600 3069 631 ι
3108 580 3163 633 Si
3193 579 3522 649 divinat'legi

1948 677 2333 732 contumeliam
2365 676 2588 744 faciens,
2622 675 2937 730 eamdemve
2963 672 3391 742 transgrediens,
3419 688 3525 723 non

1946 769 2059 840 pari
2088 785 2209 824 cum
2242 784 2307 821 eo
2334 776 2544 821 tenetur
2573 768 2821 830 crimine,
2857 766 2946 835 qui
2996 766 3049 819 in
3091 764 3367 818 hominem
3401 778 3527 834 pec-

1945 862 2173 926 caverit,
2228 862 2321 916 sed
2370 860 2526 930 longe
2574 858 2807 929 graviori
2864 857 3159 926 (siquidem
3211 857 3301 923 qui
3353 855 3524 925 legem

1946 952 2225 1014 violasset,
2262 950 2455 1004 mortis
2496 948 2761 1019 supplicio
2810 946 3167 1012 multabatur;
3200 945 3291 1015 qui
3344 956 3525 999 autem

1948 1046 2001 1097 in
2030 1044 2305 1097 hominem
2351 1041 2612 1109 deliquit,
2660 1039 2873 1092 veniam
2921 1037 3190 1091 interdum
3240 1038 3529 1106 consequi—

1950 1136 2060 1202 tur)
2090 1154 2103 1189 :
2137 1132 2407 1202 quomodo
2436 1133 2599 1202 igitur
2629 1129 2817 1198 majori
2844 1143 2999 1198 poma
3028 1129 3220 1196 dignus
3252 1138 3524 1188 censetur,

1946 1226 2036 1295 qui
2064 1225 2269 1280 Christi
2311 1225 2628 1293 sanguinem
2683 1222 2942 1292 pollutum
2985 1221 3221 1283 duxerit,
3251 1235 3314 1273 eo
3345 1220 3434 1288 qui
3474 1219 3525 1272 iu

1944 1319 2234 1373 Mosaicam
2280 1318 2450 1385 legem
2497 1325 2777 1386 peccatum
2832 1313 3153 1369 admiserit?
3186 1314 3347 1384 Atqui
3401 1328 3527 1382 gra-

1944 1412 2151 1465 viorem
2187 1410 2321 1463 citra
2362 1409 2521 1461 ullam
2554 1406 2977 1461 controversiam
3019 1416 3381 1473 promeretur.
3418 1404 3528 1459 Cur

1945 1504 2015 1557 ita
2040 1502 2064 1555 ?
2090 1503 2213 1570 quia
2253 1500 2458 1555 Christi
2492 1500 2710 1566 sanguis
2739 1514 2842 1552 non
2877 1498 3116 1569 vulgaris
3147 1498 3525 1552 communisve

1945 1594 2183 1649 hominis
2213 1594 2435 1662 sanguis
2479 1602 2580 1648 est.
2612 1590 2847 1645 Verbum
2875 1592 3018 1644 enim
3041 1630 3056 1657 ,
3087 1591 3229 1660 quod
3280 1604 3442 1643 carne
3467 1602 3529 1644 se

1945 1686 2138 1751 induit,
2171 1687 2313 1740 Deus
2337 1695 2443 1739 est.

2025 1796 2045 1830 ι
2087 1776 2282 1831 Videte
2338 1793 2407 1831 ne
2468 1774 2732 1830 recusetis
2790 1766 3118 1843 loquentem.
3166 1772 3221 1827 Si
3274 1772 3417 1827 enim
3451 1772 3525 1827 illi

264 1866 461 1919 ἐκεῖνοι
490 1866 594 1919 οὐκ
626 1865 906 1934 ἐξέφυγον,
942 1864 1033 1917 τὸν
1070 1864 1163 1916 ἐπὶ
1208 1864 1309 1934 τῆς
1347 1865 1451 1933 γῆς
1498 1868 1837 1935 παραιτησά-

1945 1884 2049 1923 non
2083 1870 2391 1938 ellugerunt
2421 1876 2734 1922 recusantes
2780 1882 2927 1931 eum,
2984 1866 3073 1934 qui
3123 1879 3284 1934 super
3324 1874 3525 1919 terram

266 1973 418 2026 μενοι
452 1956 541 2009 τὸν
577 1955 985 2026 χρηματίζοντα
1005 1998 1019 2021 ,
1052 1955 1231 2026 πολλῷ
1264 1955 1463 2026 μᾶλλον
1494 1958 1653 2025 ἡμεῖς
1677 1959 1725 2009 οἱ
1754 1957 1837 2011 τὸν

1947 1960 2293 2029 loquebatur,
2347 1960 2517 2014 nmito
2553 1958 2724 2028 magis
2755 1973 2875 2025 nos,
2904 1957 2993 2027 qui
3027 1956 3093 2011 de
3124 1956 3264 2010 cmlo
3294 1957 3526 2025 loquen-

260 2049 355 2103 ἀπ’
399 2048 643 2121 οὐρανῶν
690 2048 1191 2117 ἀποστρεφόμενοι,
1231 2041 1292 2101 οῦ
1334 2050 1369 2119 ἡ
1412 2047 1565 2117 φωνὴ
1597 2049 1696 2120 τὴν
1740 2049 1837 2120 γῆν

1946 2062 2050 2105 tem
2081 2052 2237 2107 nobis
2260 2053 2579 2119 avertimus,
2610 2051 2769 2121 cujus
2798 2065 2896 2104 vox
2927 2050 3095 2104 movit
3122 2059 3322 2104 terram
3352 2057 3478 2102 tunc
3508 2066 3523 2102 :

263 2141 522 2194 ὲσὰλευσε
556 2140 718 2193 τότε’
765 2140 859 2192 νῦν
911 2141 967 2194 δὲ
1030 2139 1398 2210 ἐπήγγελται,
1452 2140 1659 2208 λέγων,
1707 2142 1788 2195 ὅτι
1816 2151 1841 2178 ν

263 2231 443 2297 ’Ἃπαξ
477 2231 588 2300 ἐγὼ
633 2232 797 2286 σείσω
823 2234 881 2285 οὐ
916 2233 1076 2303 μόνον
1103 2232 1203 2303 τὴν
1233 2232 1357 2302 γῆν,
1377 2232 1512 2285 ἀλλὰ
1540 2231 1734 2286 καὶτὸν
1752 2232 1844 2285 οὐ·

263 2326 443 2396 ρανόν.
470 2344 490 2377 ι
524 2324 621 2388 Τίς
657 2324 686 2376 6
723 2325 1066 2395 χρηματίσας
1100 2324 1194 2377 ἐπὶ
1224 2325 1357 2394 γῆς,
1397 2325 1456 2378 ὃν
1496 2324 1841 2396 παραιτησά-

263 2436 414 2489 μενοι
456 2418 930 2473 κεκινδυνεύκασιν
956 2418 1004 2470 οἱ
1034 2417 1141 2470 τῶν
1172 2418 1441 2471 Ἰουδαίων
1472 2418 1739 2487 πατέρες;
1762 2412 1840 2469 Ἦ

258 2510 438 2582 δῆλον,
482 2511 563 2564 ὅτι
593 2511 831 2581 Μωσῆς;
872 2510 1009 2562 Ἀλλ’
1036 2511 1137 2563 οὐκ
1166 2511 1229 2563 ὲκ
1266 2509 1373 2580 γῆς
1404 2512 1431 2563 6
1478 2510 1734 2581 Χριστὸς,
1780 2510 1840 2576 ἐξ

258 2600 502 2671 οὐρανῶν
547 2600 604 2654 δὲ
640 2600 859 2670 μᾶλλον.
898 2601 954 2653 '0
983 2599 1091 2671 γὰρ
1126 2600 1331 2654 ἄνωθεν
1364 2602 1458 2653 καὶ
1491 2602 1554 2655 ὲκ
1584 2601 1676 2654 τοῦ
1725 2603 1837 2654 Πα-

257 2694 386 2764 τρὸς
413 2693 545 2757 Θεὸς
569 2693 759 2761 Λόγος,
788 2692 1071 2763 ἄνθρωπος
1100 2692 1290 2761 γέγονε
1318 2693 1412 2747 καὶ
1440 2694 1591 2757 Θεός.
1621 2695 1838 2766 Χείρων

258 2779 353 2836 οὖν
379 2786 412 2854 ἡ
444 2784 569 2853 δίκη
603 2786 715 2847 τοῖς
764 2783 925 2836 αὐτὸν
971 2784 1503 2855 ἀποστρεφομένοις,
1554 2786 1651 2838 καὶ
1692 2786 1837 2854 μάλα

258 2873 501 2936 εἰκότως.
532 2874 619 2937 Ὠς
647 2873 755 2944 γὰρ
784 2875 811 2926 6
839 2873 999 2941 σοφός
1022 2890 1185 2942 φησιν
1221 2874 1473 2945 Ἰωάννης
1493 2914 1508 2938 ,
1540 2896 1558 2926 ι
1583 2877 1640 2928 ὐ
1666 2875 1741 2930 ῶν
1772 2878 1836 2929 ὲκ

256 2960 356 3029 τῆς
388 2961 509 3031 γῆς,
539 2964 603 3015 ἐκ
626 2962 724 3026 τῆς
753 2961 857 3032 γῆς
889 2962 1070 3026 λαλεῖ,
1112 2965 1388 3017 τουτέστιν
1430 2964 1745 3037 ἀνθρώπινα
1765 2984 1777 2995 ·
1807 2968 1836 3019 6

256 3050 314 3103 δὲ
347 3051 552 3105 ἄνωθεν
578 3053 889 3125 ἐρχόμενος,
923 3055 1106 3108 ἐπάνω
1127 3055 1343 3108 πάντων
1365 3057 1534 3123 ἐστὶν,
1560 3078 1577 3108 ι
1601 3057 1679 3122 ὡς
1702 3058 1835 3123 Θεὸς

256 3140 515 3210 δηλονότι.
548 3145 718 3199 Τοῦτο
745 3146 802 3199 δὲ
830 3155 854 3182 κ
882 3141 949 3217 ἦν
978 3164 1036 3199 τε
1068 3146 1163 3199 καὶ
1188 3146 1302 3200 ἐστι
1332 3149 1587 3218 Χριστός.

1945 2160 2089 2200 nunc
2124 2154 2307 2197 autem
2345 2141 2667 2211 repromittit
2690 2183 2705 2206 ,
2744 2143 2973 2196 dicens:
3018 2140 3205 2194 Adhuc
3235 2141 3402 2194 semel
3425 2180 3439 2202 ,
3476 2149 3531 2195 et

1942 2251 2041 2306 ego
2075 2236 2301 2289 movebo
2343 2251 2447 2289 non
2477 2236 2653 2290 solum
2690 2244 2923 2297 terram,
2955 2235 3049 2287 sed
3097 2242 3150 2285 et
3174 2234 3368 2287 C(Plum
3398 2234 3463 2286 ⁸⁷.
3504 2254 3523 2284 ι

1942 2327 2075 2394 Quis
2126 2326 2240 2391 ille,
2291 2342 2509 2395 qumso,
2546 2341 2707 2396 quem
2759 2340 2880 2379 cum
2924 2324 2978 2378 in
3024 2326 3185 2378 terris
3221 2325 3526 2391 loquentem

1940 2417 2253 2474 Judzeorum
2288 2420 2519 2486 majores
2548 2425 3008 2487 aspernarentur,
3042 2431 3205 2486 grave
3235 2417 3335 2472 sibi
3381 2421 3527 2487 peri-

1941 2511 2119 2564 culum
2159 2509 2721 2564 acciverunt?annon
2779 2509 2988 2562 clarum
3027 2520 3109 2563 est
3136 2508 3354 2579 Moysen
3388 2511 3530 2563 illlltc

1940 2602 2261 2657 exstitisse?
2291 2604 2357 2656 At
2390 2601 2641 2656 Christus
2683 2617 2787 2656 non
2832 2608 2896 2655 de
2942 2610 3120 2665 terra,
3166 2603 3257 2655 sed
3297 2600 3361 2654 de
3392 2602 3530 2653 melo

1940 2704 2041 2749 est.
2078 2692 2212 2747 Nam
2255 2694 2394 2747 Deus
2425 2692 2689 2755 Verbum,
2738 2692 2881 2761 quod
2926 2691 3009 2744 de.
3032 2689 3283 2758 supernis
3318 2698 3431 2753 est,
3477 2699 3531 2745 et

1940 2801 2004 2839 ex
2041 2784 2202 2838 Patre
2226 2797 2404 2837 ortum
2433 2792 2536 2845 est,
2563 2782 2736 2837 factus
2760 2792 2842 2837 est
2869 2782 3051 2847 homo,
3080 2781 3331 2852 idemque
3360 2781 3525 2835 Dens.

1938 2876 2172 2930 Gravius
2198 2874 2429 2945 proinde
2465 2874 2792 2943 supplicium
2819 2874 3045 2929 debetur
3086 2874 3190 2939 his,
3229 2875 3318 2943 qui
3353 2875 3527 2944 ipsmn

1937 2979 2280 3034 aversantur,
2350 2983 2447 3023 nec
2503 2967 2722 3036 injuria,
2747 2967 3202 3037 quandoquidem,
3234 2966 3529 3035 utsapieus

1890 3076 1895 3079 '
1936 3059 2172 3115 Joannes
2202 3070 2409 3124 monet,
2477 3076 2495 3109 ι
2528 3058 2629 3125 Qui
2670 3060 2736 3113 de
2765 3069 2904 3111 terra
2940 3068 3042 3122 est,
3081 3059 3147 3112 de
3182 3069 3322 3113 terra
3352 3059 3528 3128 loqui-

1940 3160 2048 3216 tur,
2083 3170 2100 3203 ι
2144 3151 2247 3205 hoc
2290 3160 2374 3205 est
2404 3152 2637 3205 humana
2676 3166 2690 3202 :
2727 3165 2745 3198 ι
2788 3148 2882 3217 qui
2939 3158 3115 3201 autem
3156 3148 3224 3202 de
3275 3150 3529 3216 supernis

258 3234 426 3294 venit.
469 3250 632 3305 super
659 3252 850 3291 omnes
877 3246 961 3293 est
988 3238 1033 3269 “
1056 3277 1072 3303 ,
1115 3256 1133 3289 ι
1184 3255 1374 3309 nerupe
1406 3249 1463 3293 ut
1491 3241 1649 3295 Deus.
1685 3239 1839 3298 liuue
1878 3252 2060 3297 autem
2118 3242 2395 3297 Christmn
2433 3258 2574 3309 esse,
2602 3251 2656 3295 et
2722 3238 2910 3306 fuisse,
2940 3240 3292 3309 quaestionem
3327 3239 3526 3294 nullam

259 3326 441 3381 habet.

334 3437 352 3469 ι
394 3418 599 3486 Ἰησοῦς
629 3418 863 3489 Χριστὸς
891 3419 1037 3489 χθὲς,
1063 3421 1156 3473 καὶ
1190 3421 1432 3492 σήμερον
1461 3424 1489 3475 ό
1522 3422 1703 3488 αὐτὸς,
1739 3424 1832 3476 καὶ
1862 3434 1904 3491 c

259 3511 338 3573 εἰς
365 3512 491 3573 τοὺς
520 3510 741 3573 αἰῶνας.
770 3529 789 3561 ι
814 3510 916 3563 Τὸν
945 3512 1009 3563 ὲκ
1038 3510 1173 3564 Θεοῦ
1206 3511 1378 3582 φύντα
1402 3514 1574 3582 Λόγον
1598 3515 1718 3567 τότε
1750 3532 1837 3568 κε·

257 3602 524 3673 κλημένον
572 3602 878 3673 εὑρήσομεν
924 3603 1131 3673 Ἰησοῦν
1172 3604 1431 3673 Χριστὸν,
1465 3606 1555 3658 ὅτε
1613 3606 1833 3674 γέγονεν

254 3691 541 3762 ἄνθρωπος
568 3693 631 3743 ὲκ
664 3691 943 3758 γυναικός.
963 3692 1085 3756 Πῶς
1114 3688 1208 3747 οὖν
1231 3694 1259 3745 6
1292 3694 1438 3764 χθὲς,
1458 3696 1552 3748 καὶ
1570 3696 1830 3765 σήμερον,

254 3784 285 3835 6
323 3781 482 3845 αὐτὸς
521 3782 615 3835 καὶ
659 3784 736 3845 εἰς
769 3784 895 3845 τοὺς
940 3782 1178 3849 αἰῶνας;
1222 3784 1443 3839 Ἐνώσει
1491 3786 1733 3857 δηλονότι
1763 3789 1830 3858 τῇ

256 3875 393 3946 πρὸς
416 3875 507 3928 τὸν
540 3877 603 3927 ἐκ
628 3875 762 3928 Θεοῦ
796 3876 986 3944 Λόγον,
1013 3877 1089 3940 εἰς
1124 3876 1252 3931 Υἱὸν
1277 3876 1375 3931 ἕνα
1405 3880 1701 3950 νοουμένης
1730 3880 1833 3950 τῆς

254 3969 656 4040 ἁνα)ηφθείσης
696 3969 755 4034 ἐξ
780 3970 944 4024 αὐτοῦ
990 3971 1219 4042 σαρκός·
1252 3971 1394 4024 οὕτω
1429 3972 1537 4043 γὰρ
1569 3972 1629 4024 τὸ
1668 3964 1830 4045 ἄτρε-

256 4078 388 4113 πτον
427 4062 520 4115 τοῦ
554 4063 728 4130 Λόγου
760 4063 901 4115 κατὰ
926 4063 1087 4132 φύσιν
1116 4064 1267 4135 μενεῖ
1296 4062 1453 4117 πάλιν
1485 4062 1653 4134 αὐτῷ,
1682 4081 1832 4117 νοου-

258 4149 407 4222 μένῳ
434 4152 529 4205 καὶ
565 4151 703 4222 μετὰ
738 4154 960 4225 σαρκός.

546 4370 642 4425 Ἐκ
671 4371 783 4440 τῆς
814 4372 964 4441 πρὸς
1001 4376 1277 4443 Τιμόθεον
1305 4372 1558 4442 πρώτης.

330 4524 349 4559 ι
381 4506 590 4570 Παῦλος
629 4507 924 4571 ἀπόστολος
958 4506 1133 4578 Ἰησοῦ
1178 4508 1439 4580 Χριστοῦ,
1482 4509 1602 4562 κατ’
1634 4511 1825 4563 ἐπιτα-

253 4597 355 4668 γὴν
383 4596 516 4650 Θεοῦ
551 4597 801 4668 Σωτῆρος
831 4598 1009 4668 ὴμῶν,
1036 4598 1287 4670 Τιμοθέῳ
1314 4599 1523 4670 γνησίῳ
1561 4599 1737 4669 τέκνῳ
1769 4601 1826 4652 ὲν

255 4690 455 4743 πίστει.
487 4708 506 4739 ι
547 4690 620 4742 Τὸ
652 4689 747 4742 τοῦ
794 4690 1045 4759 Σωτῆρος
1083 4690 1253 4761 ὄνομα
1286 4691 1489 4761 πρέποι
1524 4689 1590 4743 ἂν
1623 4689 1823 4760 μᾶλλον

2016 3443 2033 3474 ι
2067 3422 2225 3477 Jesus
2255 3423 2505 3478 Christus
2554 3424 2705 3486 heri,
2736 3430 2791 3475 et
2845 3420 3025 3485 hodie,
3072 3421 3186 3490 ipse
3220 3433 3275 3479 et
3326 3423 3378 3477 in
3424 3436 3527 3477 sae'

1944 3516 2064 3570 cula
2094 3517 2160 3571 θ’.
2202 3535 2220 3567 ι
2262 3517 2496 3569 Verbum
2529 3518 2671 3584 quod
2706 3534 2771 3571 ex
2818 3519 2926 3572 Deo
2970 3516 3227 3585 gignitur,
3259 3524 3385 3570 tunc
3430 3516 3527 3569 de-

1942 3622 2089 3660 mum
2123 3604 2254 3660 Jesu
2285 3606 2491 3661 Christi
2516 3607 2928 3677 appellationem
2974 3607 3221 3661 sortitum
3260 3609 3526 3676 comperi-

1943 3714 2086 3762 mus,
2120 3714 2241 3753 cum
2286 3715 2352 3754 ex
2404 3700 2630 3754 muliere
2660 3698 2862 3753 factum
2911 3710 2992 3753 est
3022 3700 3201 3753 homo.
3242 3697 3346 3753 Sed
3391 3716 3529 3769 qun-

1940 3792 2100 3844 modo
2129 3790 2269 3844 idem
2294 3802 2377 3845 est
2408 3792 2617 3856 heri,et
2648 3792 2827 3856 hodie,
2850 3792 2965 3861 ipse
2990 3801 3044 3844 et
3072 3791 3123 3844 in
3155 3790 3344 3845 szecula
3364 3791 3385 3843 ?
3406 3790 3523 3847 Non

1939 3882 2041 3935 alia
2079 3882 2263 3951 utique
2310 3882 2542 3947 ratione,
2575 3898 2736 3952 qualn
2784 3883 2986 3948 carnis,
3023 3898 3181 3951 quam
3213 3884 3522 3953 assumpsit,

1941 3988 2062 4028 cum
2085 3974 2173 4028 Dei
2194 3975 2366 4029 Verbo
2384 3961 2599 4038 unione,
2622 3985 2680 4029 ιιι
2698 3992 2837 4030 unus
2856 3975 3182 4045 intelligatur
3208 3974 3389 4029 Filius.
3410 3975 3525 4031 Hac

1944 4080 2179 4133 namque
2208 4066 2667 4130 consideratione,
2703 4067 2939 4133 etiamsi,
2968 4075 3025 4120 ut
3068 4081 3233 4120 carne
3277 4067 3521 4120 indutum

1937 4168 2041 4220 cst,
2074 4156 2257 4211 animo
2299 4157 2658 4225 concipiatur,
2690 4157 2799 4227 75
2842 4174 2995 4212 suam
3038 4158 3386 4213 nihilominus
3427 4175 3523 4213 ua-

1938 4246 2168 4302 turalem
2197 4248 2554 4303 stabilitatem
2591 4250 2851 4321 integram
2883 4265 3103 4320 semper
3138 4249 3357 4305 retinet.

2351 4380 2436 4437 Ex
2464 4384 2629 4453 priori
2664 4386 2732 4437 ad
2764 4382 3111 4437 Timotheum.

2012 4534 2032 4568 ι
2070 4515 2263 4572 Paulus
2298 4515 2572 4585 apostolus
2610 4515 2735 4571 Jesu
2774 4515 2978 4571 Christi
3018 4519 3313 4572 secundum
3347 4518 3515 4590 impe-

1937 4606 2075 4661 rium
2133 4606 2225 4660 Dei
2284 4606 2581 4663 Salvatoris
2632 4619 2825 4672 nostri.
2870 4619 2924 4663 et
2974 4610 3171 4666 ChriSti
3228 4611 3352 4667 Jesu
3402 4617 3517 4685 spei
3603 4633 3617 4647 ο

1934 4708 2162 4766 nostrae,
2191 4698 2483 4761 Timotheo
2524 4700 2720 4755 dilecto
2760 4702 2870 4756 ﬁlio
2897 4702 2949 4758 in
2980 4703 3084 4758 title
3116 4704 3182 4757 ⁷ο.
3250 4724 3270 4756 ι
3309 4703 3517 4762 Nomen

251 4780 351 4851 οὐχ
384 4782 554 4851 ἑτέρῳ
584 4782 787 4852 κυρίως
816 4799 875 4834 τε
906 4782 998 4834 καὶ
1033 4781 1267 4851 ἀληθῶς,
1302 4781 1440 4852 πλὴν
1460 4782 1541 4834 ὃτι
1568 4781 1632 4853 δὴ
1678 4785 1825 4852 μόνῳ

1939 4791 2032 4846 hoc
2064 4790 2313 4846 Salvator
2340 4791 2468 4847 nulli
2497 4792 2651 4848 alteri
2689 4810 2844 4863 atque
2878 4810 3003 4849 vere
3034 4797 3358 4867 pr0prieque
3394 4815 3521 4853 cou-

252 4869 329 4940 τῷ
366 4871 506 4923 κατὰ
537 4871 698 4939 φύσιν
740 4872 851 4925 όντι
888 4871 1033 4942 Θεῷ’
1069 4872 1210 4927 οὕτω
1252 4874 1347 4926 καὶ
1377 4872 1472 4927 νῦν
1501 4873 1664 4927 αὐτὸν
1691 4874 1827 4927 ὼνόο

255 4976 424 5029 μασεν
451 4962 479 5013 ό
512 4963 889 5031 μυσταγωγός.
928 4963 1066 5017 Ἀλλ’
1098 4964 1211 5018 ἔστι
1258 4966 1450 5037 Σωτὴρ
1485 4965 1579 5019 καὶ
1621 4966 1827 5037 Κύριος

249 5050 437 5120 ἡμῶν,
478 5052 681 5121 Ἰησοῦς
712 5054 973 5123 Χριστός’
1003 5055 1316 5126 ὠνόμασται
1345 5058 1453 5127 γὰρ
1486 5056 1711 5127 Ἰησοῦς,
1733 5059 1827 5112 καὶ

248 5143 347 5211 τὴν
389 5143 482 5194 τοῦ
527 5143 790 5213 ὀνόματος
835 5145 1084 5216 δύναμιν,
1126 5148 1292 5219 ῆγουν
1326 5150 1641 5220 ἑρμηνείαν,
1679 5152 1825 5223 σαφῆ

250 5229 511 5295 καθιστὰς
533 5235 560 5286 6
583 5236 849 5305 μακάριος
876 5236 1105 5304 ἄγγελος
1136 5237 1339 5307 ἔφασκε
1359 5258 1371 5269 ·
1409 5259 1428 5292 ι
1453 5242 1561 5296 Καὶ
1576 5242 1825 5305 καλέσεις

248 5319 309 5372 τὸ
335 5320 505 5392 ὄνομα
550 5326 713 5377 αὑτοῦ
752 5326 991 5396 Ἰησοῦν·
1024 5330 1185 5392 αὐτὸς
1231 5331 1339 5401 γὰρ
1375 5333 1538 5387 σώσει
1575 5334 1664 5387 τὸν
1694 5334 1822 5387 λαὸν

1931 4883 2099 4948 venit,
2132 4898 2196 4937 ac
2222 4883 2319 4937 soli
2357 4898 2484 4938 vero
2536 4886 2881 4956 naturalique
2937 4885 3064 4939 Deo.
3131 4886 3281 4942 Unde
3331 4889 3519 4943 doctor

1933 4983 2119 5028 noster
2150 4974 2200 5027 id
2232 4976 2465 5030 nominis
2505 4992 2649 5030 nunc
2682 4992 2898 5046 quoque
2928 4978 3001 5030 illi
3037 4978 3284 5047 imponit.
3354 4982 3514 5049 Atqui

1933 5060 2090 5117 Jesus
2129 5064 2400 5128 Christus,
2432 5076 2487 5120 et
2524 5065 2804 5133 Dominus,
2831 5077 2885 5120 et
2917 5067 3167 5121 Salvator
3198 5079 3382 5123 uoster
3409 5082 3513 5124 est.

1934 5153 2173 5209 Vocatus
2198 5166 2282 5211 est
2308 5156 2452 5211 enim
2490 5155 2671 5220 Jesus,
2703 5159 3047 5228 nominisque
3087 5161 3194 5212 vim
3229 5176 3291 5213 ac
3318 5161 3517 5230 signino

1931 5248 2200 5302 eationem
2253 5247 2443 5302 beatus
2477 5248 2699 5320 angelus
2738 5266 3047 5320 exponens,
3084 5253 3155 5305 ita
3192 5253 3267 5305 ait
3297 5270 3311 5307 :
3348 5271 3366 5304 ι
3410 5252 3514 5307 Vo-

1931 5339 2083 5392 cabis
2112 5353 2306 5393 nomen
2353 5338 2469 5407 ejus
2512 5338 2693 5396 Jesum
2729 5359 2743 5396 :
2776 5341 2887 5412 ipse
2926 5343 3069 5397 enim
3101 5343 3308 5398 salvum
3354 5343 3516 5399 faciet

320 5480 548 5537 “llebr.
581 5501 633 5550 ι,
661 5485 751 5552 ‘28,
786 5485 878 5544 29.
956 5488 1001 5520 ⁸⁷
1033 5488 1196 5545 Hebr.
1230 5490 1442 5560 xu,25,
1469 5491 1563 5548 26.
1638 5495 1683 5526 "
1712 5492 1837 5550 Joan

1939 5466 1988 5565 Ii,
2018 5496 2107 5551 51.
2184 5498 2229 5531 ⁸⁸
2283 5496 2445 5555 Hebr.
2477 5517 2595 5568 xm,
2631 5501 2686 5557 8.
2764 5504 2807 5535 ⁷⁰
2838 5500 2854 5557 Ι
2889 5500 3127 5559 'l'imoth.
3160 5519 3199 5573 I,
3233 5504 3283 5560 l.

1335 5646 1509 5706 Varia:
1528 5650 1787 5711 lectiones
1816 5655 2021 5712 codicis
2054 5654 2413 5728 Seguieriani.

318 5781 371 5822 ι’
392 5779 685 5853 ἀτιμάσας.
760 5790 788 5825 τ
820 5781 921 5838 ἔτι.
998 5792 1023 5823 ³
1054 5782 1220 5853 ἴσως,
1248 5778 1402 5851 οὗτος
1423 5784 1499 5841 δέ.
