4044 6332
545 432 678 487 1255

1532 423 1589 476 S.
1634 420 1903 477 CYlllLLl
1944 416 2415 473 ALEXANDRINI
2452 413 2771 470 ARClllEP.

3657 420 3809 474 1256

539 546 790 618 papulum
836 558 991 598 suum
1023 558 1052 596 a
1082 542 1321 613 peccatis
1355 540 1557 593 eorum
1596 538 1664 590 ⁷³.
1706 555 1724 588 ι
1774 535 1918 590 Deus
1960 534 2122 602 igitur

2247 530 2388 583 ιὺτοῦ
2431 531 2539 582 ἀπὸ
2586 530 2694 584 τῶν
2743 528 3022 599 ἁμαρτιῶν
3065 529 3265 583 αὐτῶν.
3292 547 3311 580 ι
3343 529 3474 594 Θεὸς
3503 526 3595 585 οὖν
3628 534 3739 603 ἄρα
3774 535 3809 587 ό

536 647 619 693 est
646 636 913 700 Christus,
945 651 1066 688 nam
1092 634 1247 701 juxta
1280 632 1443 687 divini
1476 630 1626 685 Pauli
1652 628 1975 694 doctrinam,
2006 625 2121 694 ipse

536 740 621 785 est
654 727 898 783 Salvator
922 728 1162 781 omnium
1192 724 1497 780 hominum.

979 834 1065 888 Ex
1092 834 1332 904 Εριεῑοια
1361 835 1429 886 ad
1470 832 1668 887 Titum.

614 962 637 996 ί
694 941 961 1013 Apparuit
1020 943 1165 996 enim
1214 942 1390 1012 gratia
1454 942 1547 997 Dei
1606 941 1902 997 Salvatoris
1956 945 2127 998 nostri

542 1036 801 1090 omnibus
875 1034 1201 1097 hominibus,
1248 1034 1502 1087 erudiens
1544 1049 1642 1088 nos
1692 1044 1751 1087 ut
1799 1036 2127 1105 ahnegantes

544 1124 871 1193 impietatem
903 1132 957 1177 et
984 1122 1263 1175 saecularia
1324 1122 1614 1186 desideria,
1664 1123 1846 1178 sobrie
1891 1134 1943 1178 et
1982 1124 2128 1192 juste

544 1224 599 1269 et
634 1214 719 1282 pie
751 1214 997 1266 vivamus
1020 1213 1072 1265 in
1098 1213 1198 1265 hoc
1226 1213 1446 1276 saeculo,
1480 1224 1863 1282 exspectantes
1903 1213 2121 1270 beatam

547 1321 721 1375 spem,
756 1314 811 1358 et
834 1304 1124 1358 adventum
1173 1303 1357 1373 gloria:
1393 1305 1569 1373 magni
1618 1305 1708 1358 Dei
1743 1315 1796 1358 et
1826 1305 2129 1361 Salvatoris

548 1396 716 1449 nostri
742 1393 868 1449 Jesu
893 1395 1119 1456 Christi.
1146 1397 1236 1463 qui
1265 1395 1413 1449 dedit
1444 1397 1793 1464 semetipsum
1824 1412 1923 1465 pro
1950 1397 2128 1457 nobis,

550 1496 607 1537 ut
634 1498 729 1537 nos
754 1484 1042 1537 redimeret
1065 1484 1132 1537 ab
1153 1484 1301 1537 omni
1345 1484 1629 1553 iniquitate
1647 1495 1702 1539 et
1725 1487 2003 1540 mundaret
2028 1487 2131 1540 sibi

551 1575 801 1643 papulum
853 1575 1263 1643 acceptabilem,
1302 1584 1626 1630 sectatorem
1689 1577 1951 1631 bonorum
2004 1591 2133 1645 ope-

550 1667 757 1720 rum".
796 1685 814 1717 ι
856 1666 1063 1733 Qualis,
1096 1681 1299 1735 quaeso,
1333 1669 1529 1735 gratia,
1562 1676 1655 1722 aut
1699 1668 1976 1737 cujusnam
2038 1667 2131 1722 Dei

560 1759 735 1827 gratia
786 1758 1034 1826 apparuit
1111 1757 1287 1821 nobis,
1334 1773 1452 1826 qua:
1513 1758 1759 1813 omnibus
1830 1758 2134 1812 hominibus

2225 622 2478 692 Χριστὸς,
2506 621 2662 690 εἴπερ
2705 620 2821 672 ἐστὶ
2848 620 3040 690 Σωτὴρ
3070 620 3287 674 πάντων
3332 622 3661 694 ἀνθρώπων,
3698 644 3814 679 κα-

2226 712 2295 768 θά
2327 730 2491 784 φησιν
2516 713 2545 764 ό
2573 712 2859 775 θεσπέσιος
2891 710 3125 775 Παῦλος.

2694 827 2789 879 Ἐκ
2828 827 2939 895 τῆς
2970 826 3119 895 πρὸς
3159 826 3346 881 Τίτον.

2304 961 2323 993 ι
2366 925 2642 1014 Ἐπέφανη
2696 942 2804 1013 γὰρ
2848 944 2881 1012 ἡ
2930 942 3090 1011 χάρις
3133 939 3227 993 τοῦ
3273 940 3405 994 Θεοῦ
3444 942 3479 1011 ὴ
3531 944 3819 1012 σωτήριος

2224 1030 2393 1081 πᾶσιν
2445 1030 2784 1101 ἀνθρώποις,
2838 1028 3166 1083 παιδεύουσα
3207 1031 3383 1099 ἡμᾶς,
3425 1031 3512 1084 ἴνα
3553 1033 3819 1102 ἀρνησὰ-

2231 1136 2382 1188 μενοι
2422 1119 2521 1191 τὴν
2568 1120 2846 1180 ἀσέϐειαν,
2891 1120 2986 1172 καὶ
3026 1120 3124 1181 τὰς
3156 1120 3426 1189 κοσμικὰς
3463 1121 3773 1190 ἐπιθυμίας
3801 1162 3819 1187 ,

2233 1210 2524 1281 σωφρόνως
2556 1210 2814 1273 επιεικῶς
2851 1220 2879 1259 1
2927 1210 3181 1279 ζήσωμεν
3232 1211 3290 1261 ὲν
3334 1209 3410 1280 τῷ
3458 1209 3555 1263 νῦν
3604 1212 3819 1276 αἰῶνι,

2230 1299 2649 1369 προσδεχόμενοι
2682 1300 2779 1370 τὴν
2814 1300 3087 1369 μακαρίαν
3121 1300 3330 1365 ἐλπίδα,
3360 1301 3451 1353 καὶ
3479 1302 3824 1368 ἐπιφάνειαν

2231 1393 2328 1461 τῆς
2352 1392 2509 1461 δόξης
2534 1391 2628 1443 τοῦ
2659 1391 2897 1461 μεγάλου
2935 1392 3070 1444 Θεοῦ
3097 1394 3190 1444 καὶ
3222 1392 3472 1461 Σωτῆρος
3503 1392 3668 1461 ἡμῶν
3705 1393 3827 1461 Ἴης

2234 1481 2328 1535 σοῦ
2371 1482 2628 1550 Χριστοῦ,
2657 1482 2714 1544 ὃς
2744 1482 2943 1534 ἔδωκεν
2972 1483 3162 1535 ἑαυτὸν
3201 1483 3340 1555 ὑπὲρ
3371 1484 3546 1554 ἡμῶν,
3584 1486 3679 1539 ἵνα
3719 1485 3823 1537 λυ-

2232 1574 2508 1644 τρώσηται
2545 1574 2693 1644 ἡμᾶς
2723 1573 2830 1626 ἀπὸ
2871 1574 3051 1645 πάσης
3094 1574 3349 1645 ἀνομίας,
3394 1574 3487 1627 καὶ
3529 1576 3821 1647 καθαρίσῃ

2235 1664 2410 1735 ἐαυτῷ
2459 1665 2584 1717 λαὸν
2638 1664 2969 1735 περιούσιον,
3026 1665 3273 1736 ζηλωτὴν
3323 1665 3501 1718 καλῶν
3550 1665 3757 1735 ἔργων.
3796 1686 3817 1715 ι

2236 1758 2370 1810 Ποία
2416 1758 2574 1828 χάρις
2623 1758 2894 1827 ἐπέφανεν
2942 1758 3093 1827 ἡμῖν,
3138 1757 3170 1826 ἢ
3220 1756 3372 1810 ποίου
3418 1756 3577 1819 Θεοῦ,
3625 1758 3820 1810 καίτοι

552 1850 808 1903 salutaris
855 1852 955 1904 hoc
1006 1849 1126 1903 loco
1172 1850 1540 1917 pratdicatur‘!
1592 1848 1820 1903 Planum
1852 1859 1953 1912 est,
1989 1850 2131 1919 quod

2247 1857 2502 1926 λεγομένη
2553 1856 2817 1926 σωτήριος
2869 1849 3009 1908 εἶναι
3056 1856 3225 1907 πᾶσιν
3274 1852 3620 1925 ἀνθρώποις;
3672 1853 3823 1905 Ἀλλ’

555 1942 698 1995 illius
730 1941 820 1995 Dei
855 1953 909 1994 et
938 1941 1147 1994 Domini
1180 1941 1292 2010 qui,
1318 1939 1473 2008 juxta
1496 1940 1711 1994 beatum
1739 1940 1928 2005 David,
1961 1940 2137 1994 illuxit

2247 1942 2358 1995 ἔστι
2382 1942 2556 2011 δῆλον,
2582 1944 2663 1995 ὅτι
2686 1961 2704 1993 ι
2724 1941 2855 2004 Θεὸς
2881 1941 2955 1995 ὢν
2972 1941 3194 2013 Κύριος,
3213 1942 3306 1995 καὶ
3331 1942 3595 2012 ἐπέφανεν
3611 1945 3777 2011 ἡμῖν,
3801 1961 3818 1991 ι

558 2035 732 2097 nobis,
777 2034 1038 2101 cujusque
1085 2033 1376 2102 gloriosam
1406 2033 1900 2087 manilestationem
1935 2034 2000 2087 de
2030 2049 2139 2089 cat-

556 2125 622 2180 lis
678 2136 1052 2194 exspectamus
1081 2125 1147 2178 ’¹³.
1184 2123 1409 2194 Magnus
1464 2125 1551 2179 hic
1598 2125 1736 2179 Deus
1792 2125 1908 2193 ipse
1955 2123 2139 2178 Salva-

558 2225 642 2269 tor
677 2226 861 2270 noster
904 2215 1063 2269 Jesus
1103 2216 1375 2281 Christus,
1412 2216 1503 2285 qui
1552 2216 1745 2269 obtulit
1790 2216 2137 2283 semetipsum

556 2321 656 2375 pro
688 2306 857 2370 nobis,
890 2320 1000 2376 quo
1024 2307 1091 2361 ab
1118 2308 1261 2360 omni
1289 2317 1510 2376 peccato
1534 2307 1824 2371 absolutos,
1854 2322 2140 2375 germanos

558 2397 660 2453 sibi
694 2399 1049 2452 constitueret
1074 2398 1412 2453 adoratores.
1448 2396 1583 2451 Cum
1615 2412 1742 2467 ergo
1777 2397 1965 2451 beatus
1996 2395 2139 2449 Pau-

560 2488 643 2540 lus
678 2488 1011 2543 Salvatorem
1049 2497 1291 2544 nostrum
1339 2486 1521 2542 Jesum
1555 2486 1828 2542 Christum
1884 2503 2137 2556 magnum

566 2579 731 2633 Deum
786 2581 1064 2648 praedicet,
1110 2580 1231 2649 quis
1272 2579 1673 2635 Emmanuelem
1732 2594 1917 2634 verum
1972 2582 2141 2634 Deum

561 2683 682 2724 esse
709 2667 936 2723 inﬁciari
979 2668 1215 2723 audeat?

988 2861 1096 2933 73
1124 2859 1227 2914 EX
1264 2860 1729 2918 careamus.

1076 2973 1155 3027 Ex
1183 2971 1371 3028 Jacobi
1394 2973 1652 3043 Epistola.

1022 3085 1176 3152 Quod
1204 3084 1446 3141 Christus
1471 3088 1538 3140 sit
1564 3087 1723 3142 Deus.

2239 2036 2381 2089 κατὰ
2418 2036 2508 2089 τὸν
2549 2038 2817 2107 μακάριον
2863 2037 3048 2092 Δαυῖδ.
3099 2036 3273 2089 Αὐτοῦ
3332 2037 3428 2106 τὴν
3460 2037 3518 2099 ἐξ
3568 2037 3826 2107 οὐρανῶν

2239 2127 2560 2195 ἐπιφάνειαν
2586 2129 2681 2198 τῆς
2701 2128 2856 2198 δόξης
2882 2129 3309 2199 προσδεχόμεθα.
3340 2130 3450 2182 Καὶ
3476 2128 3640 2191 αὐτός
3666 2131 3829 2181 ἐστιν

2238 2220 2267 2270 ὁ
2300 2217 2475 2287 μέγας
2503 2218 2633 2280 Θεὸς
2660 2219 2753 2271 καὶ⁴
2784 2220 2975 2289 Σωτὴρ
3002 2220 3155 2288 ἡμῶν
3189 2219 3397 2289 Ἰησοῦς
3424 2222 3452 2272 ὁ
3476 2220 3744 2289 Χριστὸς,
3770 2222 3829 2283 ὸς

2239 2306 2467 2359 δέδωκεν
2514 2308 2705 2360 ἑαυτὸν
2752 2307 2893 2378 ὑπὲρ
2942 2309 3118 2379 ἡμῶν,
3168 2309 3256 2362 ἵνα
3302 2308 3484 2379 πάσης
3536 2310 3831 2379 ἁμαρτίας

2238 2398 2587 2462 ἀπαλλάξας,
2631 2398 2809 2470 ἐαυτῷ
2838 2400 3167 2471 παραστήσῃ
3201 2400 3455 2470 γνησίους
3507 2416 3834 2471 προσκυνηο

2239 2492 2358 2553 τάς.
2402 2486 2534 2543 Εἶτα
2576 2492 2658 2553 τίς
2698 2492 2726 2543 ὁ
2757 2492 2931 2559 λέγων
2962 2493 3061 2544 οὐκ
3103 2486 3245 2543 εἶναι
3274 2492 3406 2545 Θεὸν
3434 2492 3697 2563 ἀληθινὸν
3734 2493 3831 2545 τὸν

2254 2582 2620 2653 Ἑμμανουὴλ,
2647 2583 2740 2635 τοῦ
2778 2582 3051 2654 μακαρίου
3100 2583 3314 2637 Παύλου
3343 2585 3471 2654 περὶ
3518 2584 3693 2636 αὐτοῦ
3736 2583 3831 2635 λέ-

2242 2691 2447 2743 γοντος
2476 2693 2495 2725 ι
2515 2674 2618 2727 Τοῦ
2651 2674 2887 2745 μεγάλου
2914 2674 3047 2727 Θεοῦ
3074 2675 3166 2727 καὶ
3193 2675 3443 2745 Σωτῆρος
3471 2674 3831 2745 ἡμῶνἸησςῦ

2243 2766 2478 2836 Χριστοῦ
2502 2784 2515 2833 ;
2556 2786 2576 2819 ι

2648 2881 2746 2933 ΕΚ
2792 2880 2932 2934 ΤΩΝ
2958 2880 3407 2936 ΚΑΘΟΛΙΚΩΝ.

2570 2991 2666 3045 Ἐκ
2696 2993 2797 3063 τῆς
2833 2992 3089 3046 Ἰακώϐου
3128 2992 3467 3063 Ἐπιστολῆς.

2717 3104 2837 3155 Ὅτι
2872 3103 3015 3168 Θεὸς
3049 3105 3081 3156 ό
3113 3104 3387 3171 Χριστός.

644 3219 662 3251 ι
690 3198 869 3254 Nolite
908 3214 1114 3263 errare,
1159 3197 1355 3253 fratres
1403 3200 1506 3254 mei
1566 3200 1897 3255 dilectissimi
1935 3216 1949 3255 :
1991 3215 2144 3255 omne

2322 3234 2343 3267 ‹
2372 3214 2465 3286 Μὴ
2498 3213 2793 3280 πλανᾶσθε,
2819 3215 3036 3284 ἀδελφοί
3073 3232 3173 3287 μου
3205 3213 3481 3284 ἀγαπητοί
3502 3229 3516 3244 ο
3556 3214 3713 3267 πᾶσα
3745 3212 3834 3265 δό-

569 3292 751 3346 datum
786 3292 1045 3360 Optimum
1066 3331 1081 3355 ,
1108 3304 1163 3344 et
1194 3305 1355 3344 omne
1383 3289 1581 3346 donum
1607 3290 1899 3360 perfectum
1930 3292 1994 3346 de
2027 3307 2146 3346 sur-

579 3400 697 3438 sum
738 3392 841 3448 est,
880 3382 1265 3437 descendensa
1296 3379 1457 3437 Patre
1500 3383 1763 3437 luminum
1794 3384 1858 3437 ⁷⁸.
1900 3401 1918 3434 ι
1964 3382 2150 3449 Omne,

568 3476 779 3546 inquit,
832 3475 1017 3527 datum
1074 3474 1377 3541 optimum:
1417 3489 1549 3529 sane
1596 3474 1793 3528 bonum
1837 3490 2031 3529 munus
2071 3486 2154 3530 est

568 3568 808 3638 Spiritus
834 3576 1074 3629 sanctus,
1107 3566 1601 3635 patrandorumque
1650 3568 2032 3622 miraculorum
2074 3567 2154 3623 fa-

571 3659 746 3714 cultas
780 3674 877 3729 per
903 3661 1077 3726 ipsum
1106 3658 1397 3727 impertita.
1431 3657 1565 3711 Cum
1597 3675 1727 3729 ergo
1758 3659 2007 3714 Christus
2034 3660 2151 3730 Spi-

575 3750 736 3802 ritum
786 3758 1032 3803 sanctum
1077 3747 1281 3801 sanctis
1328 3747 1690 3817 impertiatur.
1729 3760 2156 3820 potestatemque

577 3849 637 3894 ut
663 3841 841 3894 divina
894 3840 1152 3893 miracula
1197 3841 1380 3901 edant,
1444 3840 1633 3895 iisdem
1691 3841 1985 3911 largiatur:
2019 3860 2154 3913 quo-

576 3933 734 3986 modo
762 3948 866 3986 non
898 3940 981 3986 est
1010 3947 1174 3985 verus
1204 3930 1390 3985 Deus?

652 4045 671 4077 ι
706 4022 913 4078 Subditi
951 4025 1113 4093 igitur
1155 4033 1327 4077 estote
1370 4021 1500 4087 Deo,
1543 4024 1775 4079 resistite
1821 4036 1997 4081 autem
2042 4028 2157 4080 dia-

572 4116 721 4183 bolo,
752 4124 805 4170 et
832 4113 999 4185 fugiet
1024 4130 1052 4166 a
1077 4116 1229 4169 vobis
1260 4115 1326 4169 ⁷⁸.
1377 4134 1396 4167 ι
1436 4115 1571 4169 Ecce
1602 4117 1650 4169 in
1682 4117 1765 4170 his
1794 4128 1980 4185 aperte
2025 4120 2156 4173 dicit

576 4218 828 4277 oportere
876 4224 973 4263 nos
1017 4208 1126 4262 Deo
1170 4206 1382 4276 subjici.
1449 4206 1586 4261 Dicit
1637 4219 1815 4265 autem
1865 4211 2155 4265 Christus:

522 4338 541 4358 .
580 4319 605 4352 ς
647 4301 841 4355 Tollite
888 4300 1075 4370 jugum
1117 4314 1290 4351 meum
1329 4313 1492 4368 super
1528 4315 1624 4354 vos
1657 4301 1724 4354 ⁷⁸.
1767 4320 1785 4351 ι
1841 4302 1972 4355 Cum
2003 4302 2037 4355 ii
2066 4303 2157 4371 qui

576 4392 987 4461 'Christijugum
1018 4391 1073 4444 in
1099 4404 1159 4445 se
1183 4390 1394 4454 tollunt,
1426 4407 1532 4444 non
1580 4392 1733 4446 alteri
1771 4394 2000 4461 cuipiam
2030 4396 2158 4449 sub-

575 4486 853 4554 jiciantur,
909 4497 1068 4553 quam
1140 4482 1247 4536 Deo
1282 4498 1294 4533 :
1335 4483 1602 4547 quomodo
1645 4483 1894 4538 Christus
1931 4498 2036 4539 non
2078 4494 2162 4540 est

577 4573 763 4631 Deus?

988 4685 1073 4742 Ea:
1100 4689 1266 4758 priori
1299 4687 1535 4757 Epistola
1572 4686 1734 4741 Petri.
1849 4754 1858 4765 ἢ

660 4818 678 4850 ι
719 4796 910 4853 Petrus
952 4798 1229 4865 apostolus
1274 4797 1403 4852 Jesu
1442 4798 1668 4862 Christi,
1704 4795 1893 4851 electis
1941 4796 2163 4851 advenis

580 4891 939 4958 dispersionis
969 4889 1146 4954 Ponti,
1174 4889 1419 4953 Galatiae,
1464 4888 1836 4959 Cappadociae,
1872 4888 2033 4952 Asiaz,
2070 4887 2163 4940 Bi-

588 4984 815 5053 thyniae,
853 4983 1149 5037 secundum
1181 4982 1579 5051 prmscientiam
1622 4981 1717 5036 Dei
1754 4980 1929 5035 Patris
1955 4980 2008 5032 in
2034 4994 2164 5033 san-

582 5074 974 5128 etillcationem
1019 5072 1277 5143 Spiritus,
1323 5075 1375 5127 in
1412 5074 1772 5128 obedientiam
1804 5082 1859 5127 et
1893 5072 2165 5140 aspersio-

584 5179 710 5218 nem
759 5163 1034 5233 sanguinis
1093 5165 1216 5219 Jesu
1281 5163 1483 5220 Christi
1541 5166 1710 5235 gratia
1770 5166 1923 5219 vobis
1967 5173 2019 5219 et
2060 5179 2162 5233 pax

584 5253 974 5323 multiplicetur
1004 5254 1071 5308 "".
1110 5272 1132 5306 ι
1174 5252 1316 5311 Ecce
1353 5256 1649 5312 secundum
1683 5256 1775 5311 Dei
1821 5256 1998 5311 Patris
2029 5269 2163 5325 prae-

2255 3325 2337 3372 σις
2382 3307 2580 3378 ἀγαθὴ,
2625 3308 2720 3361 καὶ
2752 3308 2861 3360 πᾶν
2895 3307 3127 3379 δώρημα
3172 3307 3375 3359 τέλειον
3414 3306 3622 3361 ἄνωθέν
3654 3306 3832 3368 ἐστιν,

2252 3398 2583 3452 καταϐαῖνον
2614 3400 2677 3450 ὲκ
2700 3397 2793 3450 τοῦ
2828 3398 3041 3469 Πατρὸς
3069 3397 3175 3451 τῶν
3214 3397 3427 3466 φώτων.
3458 3415 3476 3447 ι
3519 3394 3696 3450 Πᾶσα
3730 3396 3833 3448 δό-

2253 3505 2376 3558 σις,
2411 3488 2575 3561 φησὶν
2597 3528 2611 3551 ,
2638 3488 2867 3557 ἀγαθή·
2908 3487 3089 3558 ἀγαθὴ
3119 3488 3176 3540 δὲ
3208 3488 3374 3551 δόσις,
3406 3486 3465 3540 τὸ
3499 3486 3729 3554 Πνεῦμα
3773 3488 3835 3537 τὸ

2254 3581 2428 3648 ἅγιον,
2457 3581 2552 3633 καὶ
2582 3580 2642 3633 τὸ
2668 3579 2927 3633 δύνασθαι
2960 3581 3202 3652 πληροῦν
3230 3583 3285 3633 ὲν
3315 3579 3465 3652 αὐτῷ
3496 3580 3595 3642 τὰς
3637 3578 3837 3648 θεοση-

2258 3672 2435 3741 μείας.
2464 3667 2594 3724 Εἶτα
2622 3673 2668 3723 εί
2697 3674 2808 3735 τοῖς
2840 3672 3015 3739 ἁγίοις
3047 3670 3329 3743 χαρίζεται
3360 3672 3421 3724 τὸ
3448 3670 3675 3740 Πνεῦμα
3702 3671 3838 3736 Χρι-

2257 3761 2399 3825 στὸς,
2440 3764 2535 3817 καὶ
2575 3764 2680 3834 μὴν
2729 3764 2822 3815 καὶ
2849 3764 2908 3816 τὸ
2957 3763 3216 3816 δύνασθαι
3270 3762 3509 3831 πληροῦν
3540 3762 3611 3812 τὰ
3644 3762 3837 3831 παρὰ·

2256 3857 2404 3923 δόξα,
2440 3857 2555 3921 πῶς
2580 3859 2681 3911 οὐκ
2710 3858 2774 3911 ἂν
2804 3858 2888 3928 εἴη
2922 3859 3054 3919 Θεὸς
3084 3857 3336 3926 ἀληθινὸς
3362 3858 3389 3907 ὁ
3420 3854 3689 3924 Χριστόςς

2336 4050 2354 4082 ι
2394 4030 2735 4099 Ὑποτάγητε
2779 4024 2871 4081 οὖν
2920 4026 2998 4097 τῷ
3035 4027 3152 4096 Θεῷ
3178 4037 3222 4087 ι,
3266 4025 3550 4093 ἀντίστητε
3601 4023 3673 4092 tt}
3716 4024 3840 4075 δια-

2259 4121 2420 4188 ϐόλῳ,
2448 4121 2541 4173 καὶ
2574 4120 2825 4188 φεύξεται.
2864 4120 2957 4187 ἀφ’
2982 4118 3157 4189 ὑμῶν.
3185 4136 3202 4168 ι
3241 4117 3372 4170 Ἰδοὺ
3406 4114 3589 4185 σαφῶς
3626 4117 3685 4167 ἐν
3716 4115 3844 4167 τοῦ·

2257 4230 2389 4277 τοις,
2423 4210 2819 4264 ὑποτάττεσθαι
2863 4211 2971 4262 δεῖν
3013 4210 3158 4279 ἡμᾶς
3202 4208 3306 4280 ἔφη
3334 4206 3411 4272 τῷ
3438 4204 3572 4274 Θεῷ.
3605 4206 3751 4273 Φησὶ
3787 4204 3843 4256 δὲ

2260 4304 2528 4372 Χριστός’
2568 4322 2585 4354 ι
2620 4304 2822 4373 ’Ἄρατε
2868 4301 2959 4354 τὸν
2994 4298 3157 4368 ζυγόν
3210 4317 3310 4369 μου
3342 4298 3425 4366 ἐφ’
3451 4297 3617 4365 ὑμᾶς.
3650 4314 3668 4346 ι
3704 4295 3843 4348 Ὅτε

2260 4393 2439 4446 τοίνυν
2477 4394 2527 4445 οἱ
2567 4392 2657 4445 τὸν
2691 4391 2853 4459 ζυγὸν
2893 4391 3138 4462 αἴροντες
3184 4391 3275 4442 τὸν
3320 4388 3484 4442 αὐτοῦ
3518 4388 3618 4457 οὐχ
3661 4387 3845 4456 ἑτέρῳ

2261 4486 2368 4539 τινὶ
2408 4486 2560 4555 παρά
2586 4485 2677 4537 τὸν
2707 4483 2839 4536 Θεὸν
2890 4483 3284 4537 ὑποτάττονται
3307 4498 3322 4514 ο
3372 4481 3489 4544 πῶς
3519 4479 3620 4533 οὐκ
3652 4477 3718 4531 ᾶν
3754 4479 3844 4547 εἰη

2199 4574 2241 4627 D
2268 4576 2399 4639 Θεός
2421 4595 2435 4642 ;

2457 4688 2552 4741 Ἐκ
2588 4686 2698 4755 τῆς
2727 4687 2953 4755 Πέτρου
2999 4684 3365 4753 Ἐπιστολῆς
3400 4683 3657 4752 πρώτης.

2345 4819 2364 4850 ‹
2396 4800 2599 4871 Πέτρος
2631 4799 2926 4862 ἀπόστολος
2962 4799 3137 4868 Ἰησοῦ
3154 4797 3414 4870 Χριστοῦ,
3446 4796 3671 4866 κλητοῖς
3704 4812 3851 4865 παρ-

2270 4891 2556 4960 επιδήμοις
2595 4890 2893 4961 διασπορᾶς
2929 4890 3156 4955 Πόντου,
3210 4886 3500 4948 Γαλατίας,
3533 4886 3847 4937 Καππαδο-

2268 4981 2412 5044 κίας,
2454 4981 2656 5045 Ἄσίας,
2702 4982 2796 5035 καὶ
2831 4981 3113 5044 Βιθυνίας,
3161 4980 3302 5034 κατά
3351 4979 3663 5049 πρόγνωσιν
3701 4974 3847 5027 Θεοῦ

2268 5072 2481 5143 Πατρὸς
2522 5074 2578 5126 ὲν
2618 5073 2878 5144 ἁγιασμῷ
2928 5073 3279 5142 Πνεῦματος,
3326 5074 3405 5135 εἰς
3456 5070 3706 5139 ὑπακοὴν
3746 5069 3849 5122 καὶ

2270 5164 2564 5234 ῥαντισμὸν
2607 5166 2837 5235 αἵματος
2878 5166 3053 5233 Ἰησοῦ
3084 5162 3320 5234 Χριστοῦ
3344 5180 3356 5192 ·
3390 5162 3551 5233 χάρις
3580 5161 3713 5229 ὑμῖν
3746 5161 3849 5212 καὶ

2265 5255 2458 5325 εἰρήνη
2492 5255 2874 5326 πληθυνθείη.»
2910 5256 3043 5309 Ἰδοὺ
3070 5255 3214 5309 κατά
3238 5254 3548 5326 πρόγνωσιν
3575 5249 3713 5304 Θεοῦ
3749 5252 3849 5303 καὶ

660 5432 703 5501 7f
726 5429 928 5501 Matth.
971 5446 1009 5495 ι,
1038 5431 1129 5488 2!.
1203 5433 1249 5463 ⁷³
1283 5431 1390 5485 Tit.
1428 5448 1485 5497 It,
1518 5432 1704 5485 H-H.
1780 5430 1827 5462 ⁷³
1855 5430 1995 5486 Psal.
2021 5446 2139 5485 (ῖςνι

2247 5433 2309 5487 Π.
2386 5430 2431 5462 ⁷⁸
2460 5429 2573 5485 Jac.
2612 5446 2650 5497 ι,
2683 5430 2943 5497 16,17."
2971 5430 3084 5488 Jac.
3111 5446 3183 5500 tv,
3207 5432 3287 5501 7.,
3338 5431 3383 5462 ⁷⁸
3421 5429 3613 5486 Matth.
3650 5444 3729 5497 χι,
3751 5428 3845 5485 29.

582 5496 636 5533 τ’
667 5500 857 5556 lPet'r.
898 5502 1083 5567 ι,1ο5.

1674 5656 1847 5714 Variae
1874 5657 2132 5714 lectioncs
2174 5656 2381 5714 codicis
2410 5656 2771 5728 Seguieriani.

671 5798 698 5839 1
741 5790 832 5845 καὶ
855 5787 1098 5853 δικαίως.
1176 5796 1200 5825 ι
1230 5746 1305 5859 τᾷ
1335 5788 1539 5861 Κυρίῳ.
