4044 6332
278 403 417 458 1257

1373 411 1460 465 DE
1499 413 1722 469 RECTA
1764 417 1919 472 FIDE
1958 421 2048 475 AD
2090 422 2407 481 REGINAS.

3399 443 3535 498 1238

278 516 490 587 Πατρὸς
516 517 815 573 ἀπόστολον
840 520 1030 573 ἑαυτὸν
1056 521 1302 593 ὠνόμασε
1331 526 1424 577 τοῦ
1448 526 1690 613 ,Χριστοῦ
1711 547 1724 559 ”
1757 533 1830 582 κα¹

1954 534 2229 590 scientiam
2250 579 2263 601 ,
2294 537 2419 593 Jesu
2443 540 2643 597 Christi
2676 549 2974 613 apostolum
3008 564 3067 606 se
3107 554 3387 622 nominat;
3426 560 3538 613 sui-

274 611 373 679 τῆς
422 611 724 682 ἀποστολῆς
770 614 859 667 τὸν
908 616 1112 686 τρόπον
1171 619 1305 687 ἡμῖν
1354 620 1753 692 ἐξηγούμενος,
1792 626 1849 674 ἐν

273 704 534 774 ἁγιασμῷ
564 707 904 777 Πνεύματος,
931 713 1011 773 εις
1040 712 1287 783 ὑπακοὴν
1316 717 1411 768 καὶ
1439 718 1734 788 ῥαντισμὸν
1767 720 1851 771 αἶ-

278 813 446 862 ματος
483 798 653 868 Ἰησοῦ
685 801 923 871 Χριστοῦ
958 806 1276 875 πεπρᾶχθαι
1307 825 1470 877 φησιν
1500 811 1689 881 αὑτήν.
1719 813 1848 865 Ὂτε

275 887 453 941 τοίνυν
481 891 532 943 οἱ
567 894 912 956 πιστεύοντες
946 898 1024 959 εἰς
1075 900 1258 961 αὑτὸν,
1309 902 1649 973 ἀγιαζὸμεθα
1697 906 1848 975 παρὰ

274 974 368 1030 τοῦ
400 980 734 1048 Πνεύματος,
764 986 1003 1053 ραντίζει
1029 986 1084 1040 δὲ
1114 991 1264 1059 ἡμᾶς
1294 992 1387 1044 καὶ
1420 992 1499 1064 τῷ
1528 994 1719 1063 αἵματι
1752 998 1849 1048 αύ-

275 1067 368 1122 τοῦ
406 1071 542 1141 πρὸς
571 1073 947 1147 ἀποκάθαρσιν
969 1096 981 1108 ·
1016 1079 1133 1143 πῶς
1170 1084 1270 1134 οὑκ
1302 1082 1367 1135 ἂν
1405 1090 1575 1138 νοοῖτο
1615 1072 1776 1151 Θεὸς,
1817 1091 1844 1141 ὁ

276 1162 516 1229 ἁγιάζων
566 1165 665 1234 μὲν
711 1167 822 1237 ἰδίῳ
870 1170 1171 1239 Πνεύματι,
1206 1174 1515 1243 καθαρίζων
1544 1178 1601 1232 δὲ
1636 1181 1731 1233 καὶ
1767 1181 1846 1249 τῷ

274 1251 464 1322 αἵματι
503 1255 628 1316 τοὺς
656 1257 1041 1323 πιστεύοντας;
1077 1262 1207 1326 Θεὸς
1239 1266 1345 1333 γάρ
1370 1263 1438 1337 ἦν
1463 1269 1520 1319 ἐν
1553 1271 1735 1341 σαρκί.

346 1453 365 1485 ι
395 1435 696 1508 Εὐλογητὸς
725 1440 753 1491 6
782 1438 913 1503 Θεὸς
944 1442 1036 1494 καὶ
1074 1443 1263 1514 Πατὴρ
1308 1447 1403 1499 τοῦ
1444 1450 1650 1519 Κυρίου
1686 1453 1842 1522 ἡμῶν

284 1528 455 1596 Ἰησοῦ
508 1530 768 1602 Χριστοῦ,
798 1534 825 1585 6
863 1534 1005 1586 κατὰ
1042 1535 1102 1587 τὸ
1138 1538 1272 1590 πολὺ
1309 1540 1471 1593 αὑτοῦ
1515 1542 1663 1605 ἕλεος
1712 1546 1842 1599 ἀνα-

270 1618 538 1688 γεννήσας
578 1621 729 1689 ήμᾶς
772 1623 852 1684 εις
892 1623 1080 1676 ἐλπίδα
1136 1626 1283 1696 ζωῆς
1309 1641 1336 1669 α
1381 1630 1449 1683 δι’
1492 1632 1843 1698 ἀναστάσεως

282 1710 457 1778 Ἰησοῦ
484 1713 719 1782 Χριστοῦ
751 1716 815 1767 ἐκ
847 1717 1077 1787 νεκρῶν,
1108 1719 1187 1781 εἰς
1222 1720 1589 1793 κληρονομίαν
1624 1726 1840 1798 ἄφθαρ-

267 1818 378 1863 τον,
412 1803 505 1854 καὶ
532 1804 815 1873 ἀμίαντον,
857 1808 951 1860 καὶ
983 1809 1315 1880 ἀμάραντον,
1368 1818 1746 1889 τετηρημένην
1784 1822 1841 1871 ἐν

267 1894 531 1965 οὐρανοῖς.
562 1918 580 1946 ν
621 1897 682 1949 Εἰ
724 1898 855 1962 Θεὸς
882 1901 1027 1969 ἡμᾶς
1059 1905 1348 1975 ἐγέννησεν
1390 1909 1469 1970 εις
1508 1909 1696 1963 ἐλπίδα
1730 1910 1837 1974 ζῶ·
1874 1898 1913 1952 Β

269 2003 367 2037 σαν
399 1987 493 2040 καὶ
534 1988 822 2057 μένουσαν,
864 1992 1112 2065 πέπραχε
1145 1996 1201 2049 δὲ
1238 1997 1395 2050 τοῦτο
1429 1998 1514 2053 διὰ
1556 2000 1656 2070 τῆς
1700 2003 1837 2067 ιδίας

265 2079 328 2128 ἐκ
357 2079 565 2149 νεκρῶν
598 2083 946 2147 ἀναστάσεως
989 2088 1016 2138 6
1048 2088 1281 2157 Χριστός
1303 2106 1317 2119 ο
1360 2090 1476 2153 πῶς
1508 2092 1605 2145 ούκ
1645 2094 1710 2146 ἂν
1751 2097 1833 2165 εἱή

263 2168 391 2231 Θεός
413 2186 426 2229 ;

342 2279 360 2311 ι
397 2263 526 2333 Περὶ
562 2259 630 2337 ἦς
684 2267 955 2337 σωτηρίας
1006 2270 1360 2341 ἐξεζήτησαν,
1396 2276 1564 2345 φησι,
1614 2278 1709 2330 καὶ
1748 2278 1835 2343 ἐξ-

263 2353 570 2423 ηρεύνησαν
618 2358 913 2426 προφῆται,
949 2362 997 2413 οἱ
1037 2364 1164 2432 περὶ
1196 2364 1293 2435 τῆς
1326 2367 1405 2429 εἰς
1433 2369 1579 2438 ἡμᾶς
1613 2370 1835 2440 χάριτος

265 2444 766 2514 προφητεύσαντες’
802 2449 1131 2519 ἐρευνῶντες
1164 2455 1244 2517 εἰς
1276 2455 1426 2521 τινα,
1477 2458 1509 2526 ἦ
1539 2462 1688 2511 ποῖον
1715 2479 1833 2515 και-

265 2534 356 2603 ρὸν
386 2535 570 2605 ἐδήλου
600 2536 660 2589 τὸ
686 2540 743 2590 ἐν
775 2540 958 2603 αὐτοῖς
991 2542 1216 2613 Πνεῦμα
1245 2546 1501 2616 Χριστοῦ.
1531 2568 1549 2601 ι
1590 2551 1720 2604 Ἰδοὺ
1767 2551 1832 2620 δὴ

262 2625 424 2679 πάλιν
456 2628 513 2679 ἐν
542 2627 750 2692 τούτοις
780 2631 1018 2701 Χριστοῦ
1060 2634 1121 2686 τὸ
1151 2636 1304 2703 ἆγιον
1341 2638 1554 2710 εἴρηται
1583 2642 1829 2713 Πνεῦμα,

260 2718 436 2771 καίτοι
485 2718 619 2773 Θεοῦ
650 2721 777 2774 ὸνι).
817 2722 950 2787 Θεὸς
998 2721 1089 2779 οῦν
1134 2728 1245 2797 ἄρα
1293 2732 1549 2801 Χριστὸς,
1577 2734 1652 2798 ὠς
1692 2736 1826 2791 ἴδιον

257 2809 393 2879 ἔχων
422 2811 481 2864 τὸ
510 2812 733 2883 Πνεῦμα
758 2816 817 2867 τὸ
844 2816 1014 2884 ἇγιον.

550 2925 643 2979 Ἐκ
673 2924 783 2995 τῆς
819 2927 1040 2997 Πέτρου
1091 2931 1443 3003 Ἐπιστολῆς
1466 2937 1547 3001 β’.

329 3055 345 3086 ι
387 3036 663 3104 Ἐγένοντο
695 3038 750 3092 δὲ
771 3040 865 3093 καὶ
886 3040 1351 3115 ψευδοπροφῆται,
1383 3046 1458 3110 ὡς
1484 3050 1580 3101 καὶ
1614 3052 1671 3103 ἐν
1697 3052 1826 3122 ὑμῖν

253 3125 468 3182 ἔσονται
497 3129 1001 3199 ψευδοδιδάσκαλοι,
1037 3133 1233 3198 οἵτινες
1269 3140 1691 3208 παρεισάξουσιν
1743 3145 1826 3197 αἱ·

256 3220 432 3289 ρὲσεις
461 3221 754 3286 ἀπωλείας,
781 3224 875 3278 καὶ
904 3226 994 3278 τὸν
1027 3228 1374 3299 ἀγοράσαντα
1408 3233 1602 3296 αὐτοὺς
1629 3235 1826 3288 Δεσπόο

252 3327 350 3380 την
374 3313 712 3382 ἀρνούμενοι.
743 3316 1123 3388 Ἥγοράσμεθα
1146 3322 1253 3392 γὰρ
1275 3323 1458 3393 τιμῆς,
1479 3325 1539 3377 ού
1562 3325 1821 3396 φθαρτοῖς

251 3401 499 3473 ἀργυρίῳ
537 3404 570 3473 ἢ
604 3406 831 3474 χρυσίῳ,
865 3409 999 3463 ἀλλὰ
1029 3411 1105 3480 τῷ
1138 3415 1306 3483 τιμίῳ
1334 3415 1523 3485 αἵματι
1554 3416 1648 3470 τοῦ
1690 3420 1825 3489 Χρι-

254 3493 403 3549 στοῦ.
432 3513 448 3545 ι
496 3495 692 3567 Ἑσμὲν
728 3493 821 3552 οῦν
850 3502 957 3570 ἄρα
989 3502 1082 3555 τοῦ
1115 3505 1450 3574 πριαμένου,
1488 3509 1663 3563 καίτοι
1707 3512 1824 3583 Θεῷ

249 3582 591 3649 δουλεύοντες
624 3586 788 3650 ζῶντι
814 3590 908 3642 καὶ
937 3590 1197 3662 ἀληθινῷ.
1233 3591 1367 3649 Εἶτα
1396 3598 1512 3661 πῶς
1548 3601 1606 3651 ού
1636 3600 1767 3665 Θεὸς

250 3675 502 3743 Χριστὸς.
532 3676 590 3729 ὃν
623 3679 716 3731 καὶ
746 3681 1023 3751 Δεσπότην
1055 3685 1512 3757 ἐπεγραψάμεθα,
1544 3688 1723 3751 ζῶντά
1763 3709 1820 3744 τε

248 3765 469 3838 οἴδαμεν
496 3770 590 3822 καὶ
616 3769 871 3841 ἀληθινόν
896 3792 909 3838 ;

415 3994 507 4049 Ἐκ
550 3998 656 4065 τῆς
699 4001 971 4056 Ἰωάννου
1015 4005 1379 4074 Ἐπιστολῆς
1412 4010 1665 4079 πρώτης.

327 4127 343 4159 ι
374 4111 483 4163 Καὶ
526 4112 767 4182 οἴδαμεν,
799 4116 877 4169 ὅτι
904 4116 935 4168 6
966 4117 1093 4183 Υἱὸς
1131 4120 1222 4172 τοῦ
1252 4120 1387 4175 Θεοῦ
1422 4124 1567 4194 ἥκει,
1602 4127 1696 4180 καὶ
1732 4128 1817 4181 δὲ-

245 4197 416 4252 δωκεν
445 4202 577 4271 ἡμῖν
609 4202 862 4267 διάνοιαν,
892 4207 978 4259 ἵνα
1013 4209 1371 4280 γινώσκωμεν
1402 4214 1493 4266 τὸν
1531 4216 1691 4285 μόνον
1721 4219 1815 4271 καὶ

245 4290 497 4361 ἀληθινὸν
527 4292 687 4347 Θεόν·
721 4297 814 4349 καὶ
845 4298 1015 4365 ἐσμὲν
1040 4302 1097 4353 ἐν
1121 4300 1198 4371 τῷ
1225 4302 1485 4374 ἀληθινῷ,
1514 4308 1570 4360 ἐν
1594 4307 1672 4379 τῷ
1699 4309 1815 4381 Υἱῷ

243 4382 410 4437 αὐτοῦ
445 4383 623 4454 Ἰησοῦ
656 4387 895 4457 Χριστῷ.
927 4385 1097 4455 Οὗτός
1128 4394 1275 4446 ἐστιν
1305 4398 1333 4450 6
1366 4398 1617 4469 ἀληθινὸς
1658 4403 1809 4470 Θεὸς,

245 4472 336 4524 καὶ
362 4470 473 4543 ζωὴ
510 4472 746 4537 αἰώνιος.
776 4494 795 4527 ι
839 4476 1047 4547 Ἰησοῦς
1080 4482 1333 4552 Χριστὸς,
1375 4487 1436 4539 ού
1471 4491 1674 4559 γυμνὸς
1718 4496 1810 4547 καὶ

243 4557 366 4613 καθ’
395 4563 588 4616 ἑαυτὸν
616 4566 709 4617 καὶ
750 4566 856 4632 ἔξω
890 4572 1109 4639 σαρκὸς,
1140 4573 1168 4624 6
1199 4574 1262 4626 ἐκ
1296 4575 1388 4629 τοῦ
1421 4557 1556 4631 Θεοῦ
1595 4581 1808 4652 Πατρὸς
1842 4600 1883 4653 υ

240 4655 440 4708 νοεῖται
469 4655 637 4723 Λόγος
660 4674 675 4687 ο
706 4658 820 4711 ἀλλ’
842 4660 930 4713 ὅτε
968 4661 1190 4731 γέγονεν
1228 4667 1531 4737 ἄνθρωπος,
1564 4674 1683 4727 τότε
1710 4676 1806 4729 καὶ

240 4743 548 4815 ὠνόμασται
578 4749 805 4819 Χριστὸς
846 4753 1069 4824 Ἰησοῦς.
1098 4758 1227 4810 Ὅτε
1257 4763 1434 4814 τοίνυν
1465 4764 1626 4827 αὐτός
1657 4767 1804 4821 ἐστιν

239 4835 491 4903 ἀληθινὸς
523 4839 675 4903 Θεὸς,
708 4845 802 4896 καὶ
832 4845 943 4916 ζωὴ
971 4847 1209 4913 αἶώνιος,
1244 4852 1326 4916 τίς
1356 4854 1463 4907 τῶν
1491 4857 1651 4929 ἕτερα
1679 4879 1807 4931 φρο-

239 4925 470 4980 νούντων
499 4929 745 4993 ἀνέξεται
766 4950 780 4998 ;
1697 4967 1701 4971 ·

584 5044 678 5097 Ἐκ
712 5044 821 5113 τῆς
862 5048 1049 5102 Ἰούδα
1101 5052 1481 5126 Ἐπιστολῆς.

316 5172 333 5201 ι
370 5152 555 5207 Πᾶσαν
606 5158 838 5229 σπουδὴν
895 5162 1214 5232 ποιούμενος
1258 5168 1352 5221 τοῦ
1402 5171 1634 5242 γράφειν
1673 5176 1800 5247 ὑμῖν

234 5244 361 5313 περὶ
404 5243 503 5315 τῆς
552 5247 739 5318 κοινῆς
787 5250 939 5322 ὑμῶν
991 5257 1294 5327 σωτηρίας,
1347 5262 1590 5335 ἀνάγκην
1643 5243 1798 5339 ἔσγον

229 5333 438 5403 γράψαι
482 5336 630 5407 ὑμῖν,
675 5344 1008 5412 παρακαλῶν
1056 5350 1489 5417 ἐπαγωνίζεσθαι
1543 5333 1605 5429 τῇ
1652 5333 1796 5426 ἅπαξ

1953 640 2060 692 que
2131 632 2461 697 apostolatus
2526 637 2788 694 rationem
2839 643 3173 711 edisserens,
3241 647 3416 718 ipsum
3480 652 3533 705 in

1954 715 2185 785 Spiritus
2232 724 2735 794 sanctificationem,
2774 732 2827 785 in
2860 715 3273 803 obedientiam,
3302 738 3357 793 in
3402 756 3532 795 san-

1951 810 2126 873 guinis
2153 810 2275 866 Jesu
2303 814 2501 871 Christi
2535 823 2897 889 aspersionem
2933 837 3212 895 peractum
3241 845 3363 887 esse
3392 848 3532 901 prte-

1949 900 2109 955 dicat.
2144 903 2277 959 Cum
2316 908 2477 978 igitur
2497 914 2585 981 qui
2611 915 2661 968 in
2695 916 2866 982 ipsum
2899 920 3188 989 credimus,
3227 900 3535 980 sanctifica-

1951 994 2108 1050 tionis
2156 996 2416 1067 Spiritum
2475 1019 2871 1076 consequamur
2920 1013 3193 1086 (aspergit
3240 1019 3383 1071 enim
3432 1034 3532 1075 suo

1949 1100 2047 1140 nos
2093 1092 2353 1159 sanguine
2383 1098 2449 1149 ad
2475 1102 2986 1175 emundationem),
3026 1122 3129 1177 qua
3178 1112 3390 1165 tandem
3434 1129 3522 1167 ra-

1949 1177 2094 1234 tione
2121 1183 2166 1235 is
2194 1182 2335 1239 Deus
2370 1188 2554 1244 haberi
2593 1208 2697 1247 non
2729 1195 2907 1265 debet,
2950 1200 3039 1266 qui
3068 1204 3288 1271 proprio
3322 1204 3527 1273 Spiritu

1946 1273 2267 1340 sanctificat,
2327 1293 2533 1348 suoque
2583 1288 2845 1355 sanguine
2903 1293 3186 1349 credentes
3237 1296 3291 1349 in
3346 1297 3525 1366 ipsum

1944 1364 2243 1418 ctnundat?
2281 1378 2398 1422 erat
2428 1373 2571 1425 enim
2608 1373 2746 1430 Deus
2775 1376 2828 1429 in
2868 1394 3053 1432 carne.

2024 1471 2042 1503 ι
2094 1452 2411 1513 Benedictus
2461 1463 2601 1519 Deus
2640 1466 2876 1523 etPater
2935 1472 3143 1527 Domini
3184 1475 3350 1529 nostri
3400 1472 3523 1530 Jesu

1942 1542 2164 1610 Christi,
2187 1549 2275 1615 qui
2304 1555 2598 1607 secundum
2632 1558 3063 1616 misericordiam
3088 1581 3240 1619 suam
3270 1584 3521 1637 magnam

1945 1641 2280 1705 regeneravit
2311 1660 2408 1698 nos
2438 1646 2490 1698 in
2522 1662 2671 1716 spem
2715 1651 2891 1705 vivam
2929 1670 3024 1723 per
3066 1659 3520 1714 resurrectionem

1941 1727 2064 1783 Jesu
2099 1730 2298 1788 Christi
2329 1752 2393 1789 ex
2426 1742 2671 1803 mortuis,
2709 1745 2814 1814 77
2849 1747 2901 1799 in
2942 1749 3308 1804 hrcreditatem
3343 1751 3522 1807 incor-

1945 1822 2270 1889 ruptihilem,
2302 1836 2355 1881 et
2380 1829 2882 1903 incontaminatam,
2907 1850 2961 1893 et
2983 1841 3517 1909 immarcescibilem,

1940 1927 2309 1970 conservatam
2344 1921 2395 1973 in
2431 1923 2580 1977 caelis
2618 1926 2683 1979 ⁷⁸.
2735 1947 2752 1977 ι
2814 1926 2868 1983 Si
2914 1929 3053 1985 Deus
3099 1949 3195 1987 nos
3234 1935 3419 2003 genuit
3463 1936 3516 1989 in

1939 2016 2085 2071 spem
2123 2009 2294 2062 vivam
2342 2021 2393 2065 et
2427 2014 2697 2079 stabilem,
2758 2018 3043 2087 efTecitque
3084 2022 3187 2076 hoc
3223 2022 3395 2091 ipsum
3430 2023 3520 2079 Je-

1938 2107 2028 2145 sus
2052 2093 2298 2151 Christus
2324 2114 2419 2166 per
2470 2118 2622 2157 suam
2646 2122 2710 2160 ex
2750 2110 2976 2165 mortuis
3017 2115 3465 2168 rcsiirrectionem
3501 2134 3515 2170 :

1938 2185 2026 2253 qui
2054 2187 2165 2240 fieri
2202 2200 2383 2258 queat,
2418 2204 2475 2246 nt
2513 2196 2654 2251 Deus
2684 2215 2787 2252 non
2824 2202 2932 2255 sit?

2012 2295 2029 2326 ι
2066 2278 2137 2332 Dc
2166 2295 2271 2348 qua
2302 2283 2535 2354 (inquit)
2562 2288 2737 2343 salute
2763 2292 3167 2360 exquisiverunt
3202 2309 3255 2350 ct
3281 2302 3513 2354 scrutati

1936 2380 2056 2421 sunt
2112 2375 2406 2441 prophetat,
2428 2380 2522 2447 qui
2554 2381 2620 2434 de
2659 2382 2835 2437 futura
2880 2386 2931 2439 in
2970 2389 3123 2442 nobis
3178 2393 3348 2459 gratia
3388 2408 3513 2461 pro-

1937 2464 2323 2530 phetaverunt,
2369 2482 2673 2529 scrutantes
2706 2476 2758 2529 in
2821 2480 2961 2546 quod
3000 2482 3080 2533 vel
3112 2484 3270 2549 quale
3304 2496 3516 2555 tempus

1934 2554 2267 2620 significaret
2298 2560 2349 2614 in
2379 2564 2458 2618 eis
2491 2563 2723 2635 Spiritus
2750 2569 2951 2625 Christi
2985 2573 3050 2624 ⁷⁸.
3084 2593 3103 2625 ι
3171 2575 3245 2629 Εη
3270 2577 3359 2631 hic
3390 2554 3510 2633 rur-

1934 2663 2052 2702 sum
2103 2649 2333 2720 Spiritus
2381 2666 2599 2714 sanctus
2649 2663 2738 2731 qui
2792 2663 2882 2719 Dei
2920 2673 3022 2732 est,
3081 2669 3274 2724 dicitur
3306 2669 3504 2726 Christi

1933 2760 2072 2801 esse.
2135 2749 2273 2803 Dens
2304 2749 2464 2818 igitur
2487 2763 2588 2817 est,
2615 2765 2671 2809 ιιι
2699 2758 2789 2825 qui
2842 2765 3114 2832 proprium
3151 2763 3311 2822 habet
3339 2762 3509 2841 Spiri-

1935 2844 2046 2888 lum
2072 2850 2348 2893 'Sﬂlﬂ‘lllm.

2301 2952 2387 3006 Ea:
2413 2958 2692 3023 pasleriari
2717 2958 2957 3032 Epistola
2985 2969 3154 3027 Petri.

2006 3081 2023 3112 ι
2068 3062 2304 3120 Fuerunt
2349 3079 2525 3125 autem
2557 3082 2611 3127 et
2643 3078 3125 3151 pseudoprophetze
3175 3090 3228 3144 in
3279 3098 3499 3166 populo,

1930 3153 2070 3206 sicut
2099 3165 2151 3209 et
2178 3156 2230 3209 in
2261 3158 2410 3213 vobis
2450 3174 2607 3217 erunt
2655 3170 2897 3238 magistri
2947 3180 3255 3250 mendaces,
3279 3153 3381 3256 qui
3414 3153 3499 3246 in:

1852 3262 1895 3320 ο
1931 3248 2213 3303 troducent
2260 3262 2437 3306 sectas
2486 3258 2829 3330 perditionis,
2859 3277 2914 3320 et
2940 3284 3062 3324 eum
3108 3279 3198 3344 qui
3226 3248 3357 3335 emit
3384 3301 3500 3351 eos,

1930 3339 2213 3394 Dominum
2269 3355 2464 3412 negant
2497 3348 2561 3403 ³ο.
2636 3350 2789 3408 Haud
2850 3359 2993 3412 enim
3025 3362 3203 3433 aliquo
3230 3381 3501 3444 corrupti-

1928 3429 2018 3483 bili
2069 3434 2262 3501 pretio,
2298 3453 2430 3491 auro
2462 3441 2542 3494 vel
2587 3457 2812 3512 argento
2858 3453 3117 3525 redempti
3156 3476 3363 3531 sumus,
3396 3429 3497 3525 sed

1917 3517 2160 3590 pretioso
2189 3527 2389 3583 Christi
2433 3535 2691 3600 sanguine
2717 3537 2785 3593 ".
2831 3559 2850 3592 ι
2913 3543 3093 3610 Quare
3148 3569 3333 3611 sumus
3379 3563 3498 3632 ejus

1924 3615 2013 3683 qui
2056 3617 2281 3670 redemit
2316 3635 2434 3684 nos,
2463 3631 2516 3676 et
2548 3625 2761 3692 quidem
2809 3629 2918 3687 Deo
2960 3636 3082 3694 vivo
3116 3652 3170 3697 et
3202 3660 3333 3703 vero
3374 3615 3494 3707 5:3,-

1926 3706 2151 3761 vientes.
2183 3708 2317 3764 Cum
2341 3710 2558 3769 Christo
2586 3719 2748 3786 igitur
2778 3724 2985 3782 Domini
3012 3732 3219 3790 titulum
3253 3743 3495 3813 assigne-

1929 3812 2069 3862 mus,
2100 3798 2382 3870 ipsumque
2420 3804 2595 3861 vivum
2630 3819 2683 3864 et
2717 3828 2902 3870 verum
2938 3818 3217 3880 Dominum
3241 3798 3492 3891 esseunon

1925 3884 2252 3957 ignoremus,
2282 3910 2379 3947 cur
2402 3896 2569 3952 Deum
2605 3915 2725 3957 esse
2765 3906 2973 3966 inficias
2997 3913 3234 3973 ibimus?

2302 4029 2385 4085 Ex
2413 4032 2650 4101 Epistola
2675 4043 2844 4107 prima
2876 4045 3118 4104 Joannis.

2004 4159 2020 4192 ι
2064 4140 2129 4195 Ει
2156 4145 2379 4210 scimus,
2426 4151 2679 4214 quoniam
2726 4153 2893 4213 Filius
2927 4162 3016 4217 Dei
3059 4171 3224 4233 venit,
3256 4185 3311 4227 ct
3343 4178 3490 4233 dedit

1917 4231 2071 4288 nobis
2099 4250 2337 4302 sensum,
2371 4248 2426 4291 ut
2458 4255 2853 4309 cognoscamus
2893 4267 3077 4311 verum
3110 4258 3301 4328 Deum,
3329 4278 3385 4322 et
3414 4271 3489 4324 si-

1916 4342 2034 4381 mus
2059 4327 2110 4381 in
2145 4344 2273 4386 vero
2296 4331 2595 4403 Filiocjus.
2649 4339 2747 4396 llic
2781 4355 2866 4397 est
2893 4362 3051 4405 verus
3091 4334 3248 4422 Deus,
3282 4370 3336 4413 et
3375 4364 3485 4417 vita

1912 4427 2111 4472 aeterna
2142 4419 2209 4476 δ’.
2246 4441 2265 4473 ι
2323 4424 2414 4479 Ι)ρί
2470 4428 2645 4484 Patris
2690 4432 2948 4504 Verbum,
2986 4454 3144 4510 prout
3185 4419 3482 4511 secundum

1912 4523 1971 4560 se
2002 4509 2165 4571 mide.
2197 4522 2251 4565 et
2276 4524 2424 4568 extra
2465 4532 2681 4574 carnem
2735 4509 3130 4597 consideratur,
3158 4551 3260 4591 non
3297 4544 3481 4610 appel-

1914 4597 2058 4654 latur
2112 4600 2269 4658 Jesus
2314 4604 2606 4665 Christus:
2639 4612 2839 4669 Christi
2888 4629 3064 4675 autem
3105 4623 3229 4680 Jesu
3286 4597 3480 4687 nomen

1914 4700 2041 4748 tunc
2080 4695 2292 4750 demum
2339 4701 2585 4756 sortitum
2618 4715 2721 4766 est.
2755 4723 2877 4761 cum
2920 4711 3080 4765 homo
3122 4715 3320 4775 factum
3377 4737 3478 4781 est.

1913 4782 2046 4839 Cum
2078 4786 2193 4855 ipse
2218 4790 2380 4858 igitur
2408 4808 2566 4848 verus
2594 4796 2663 4849 sit
2686 4798 2847 4863 Deus,
2887 4813 2940 4856 et
2968 4806 3073 4859 vita
3116 4818 3337 4877 interna.
3360 4820 3481 4886 quis

1906 4890 2063 4932 secus
2088 4880 2326 4936 sentiens
2348 4883 2487 4938 ferre
2517 4890 2718 4955 queat?

2437 5081 2519 5137 Ex
2537 5082 2776 5147 Epistola
2805 5093 2982 5150 Judaz.

1980 5210 2000 5240 c
2035 5191 2259 5248 Omnem
2295 5197 2711 5261 sollicitudinem
2762 5208 2964 5269 faciens
3014 5219 3287 5280 scribendi
3324 5229 3476 5284 vobis

1907 5280 1971 5332 de
2013 5285 2282 5339 communi
2316 5298 2493 5344 vestra
2546 5296 2737 5362 salute,
2768 5313 2991 5360 necesse
3027 5308 3188 5367 habui
3237 5318 3476 5376 scribere

1907 5372 2077 5440 vobis,
2126 5376 2418 5459 deprecans
2468 5385 2577 5454 78
2629 5403 3007 5459 supercertare
3048 5406 3212 5460 semel
3260 5412 3472 5467 traditas

303 5508 685 5579 "i-hid.3,4.
763 5518 1194 5590 “ibid.10,ll.
1273 5529 1386 5583 "ll
1421 5531 1561 5588 Petr.
1592 5541 1732 5599 ".1.
1814 5540 1830 5571 ·

1932 5543 2076 5599 Petr.
2112 5566 2148 5614 t,
2190 5551 2274 5606 18.
2351 5556 2396 5587 ⁸²
2422 5555 2438 5609 l
2468 5558 2623 5617 Joan.
2658 5582 2706 5631 v,
2735 5567 2825 5623 ΞΟ.

1298 5682 1470 5743 Varia:
1493 5688 1751 5750 lectiones
1780 5697 1980 5755 codicis
2015 5698 2369 5771 Seguieriani.

304 5834 326 5865 ⁸
360 5825 421 5890 ξιτ
436 5844 554 5885 σαν.
633 5830 660 5871 δ
693 5833 864 5887 Θ;ἷον.

507 5926 757 5990 Parnm.
810 5928 931 5993 Gs.
973 5933 1247 6000 LXXVI.

3139 5986 3214 6049 tn
