4044 6332
569 413 706 468 Ηῦθ
1560 410 1617 462 S.
1654 406 1932 462 (IYRILLI
1974 405 2440 463 ALEXANDRINI
2479 407 2792 462 AllClllEP.
3677 409 3831 463 1260

565 529 771 584 sanctis
802 528 944 584 ﬁdei.
984 528 1422 585 Subintroierunt
1456 528 1597 581 enim
1643 528 1859 597 quidam
1894 528 2140 582 homines

2244 527 2604 598 παραδοθείσῃ
2636 530 2749 604 τοῖς
2785 526 2960 593 ἁγίοις
3010 527 3211 579 πίστει.
3264 527 3671 599 Παρεισὲδυσαν
3712 527 3828 598 γάρ

566 623 687 691 (qui
729 621 856 675 olim
889 621 1186 690 praescripti
1222 629 1357 675 sunt
1392 621 1449 673 in
1488 620 1591 674 hoc
1630 618 1922 689 judicium)
1965 619 2135 688 impii,

2240 638 2381 682 τινες
2409 621 2705 690 ἄνθρωποι,
2734 621 2782 672 οί
2820 618 2984 672 πάλαι
3018 620 3498 689 προγεγραμμένοι
3536 622 3623 683 εἰς
3648 620 3826 672 τοῦτο

570 714 660 767 Dei
698 713 867 768 nostri
893 714 1121 784 gratiam
1148 712 1537 769 transferentes
1563 714 1614 766 in
1644 712 1943 776 luxuriam,
1976 721 2032 764 et
2057 724 2138 763 so-

2239 709 2301 761 τὸ
2338 712 2531 779 κρῖμα,
2562 710 2802 773 ἀσεϐεῖς,
2834 708 2933 779 τὴν
2960 709 3055 762 τοῦ
3082 709 3222 762 Θεοῦ
3254 709 3407 780 ἡμῶν
3438 711 3605 781 χάριν
3652 728 3832 780 μετα-

569 804 674 856 lum
710 804 1128 866 Dominatorem,
1145 813 1197 856 et
1216 804 1496 858 Dominum
1520 801 1963 857 uostrumJesum
1988 802 2140 856 Chri-

2238 800 2476 862 τιθέντες
2505 803 2582 863 είς
2616 800 2926 868 ἀσέλγειαν,
2959 800 3052 853 καὶ
3079 801 3171 853 τὸν
3200 802 3359 871 μόνον
3392 803 3686 873 Δεσπότην
3736 805 3833 855 καὶ

568 904 706 947 stum
727 896 1058 964 negantes“.
1092 915 1109 947 ι
1132 895 1265 950 Cum
1288 895 1679 949 incarnationis
1701 894 2001 949 doctrinam
2027 892 2141 946 uni-

2240 890 2441 960 Κύριον
2480 889 2637 959 ήμῶν
2682 889 2886 961 Ἰησοῦν
2932 891 3166 962 Χριστὸν
3213 892 3565 962 ἀρνούμενοι.
3593 911 3612 943 ι
3661 894 3834 946 Κατὰ

568 1001 723 1039 verse
755 987 1126 1053 admittamus,
1161 987 1430 1055 quomodo
1461 986 1552 1054 qui
1582 986 1746 1041 semel
1769 984 2137 1046 crediderunt,

2239 981 2359 1034 τίνα
2395 981 2597 1049 τρόπον
2652 982 2947 1053 ἀρνήσεται
2990 999 3072 1046 τις
3115 983 3222 1035 τῶν
3257 983 3401 1048 ἅπαξ
3449 986 3835 1037 πεπιστευκό-

570 1076 850 1128 Duminum
875 1086 1123 1130 nostrum
1142 1074 1324 1130 Jesum
1344 1076 1616 1130 Christum
1641 1089 1836 1143 negare
1855 1072 2140 1128 dicuntur?

2239 1072 2446 1126 τωντδν
2463 1072 2840 1143 Κύριονήμῶν
2873 1072 3075 1144 Ἰησοῦν
3116 1075 3384 1145 Χριστόν;
3444 1076 3649 1128 Καίτοι
3686 1092 3836 1148 παρ-

567 1170 711 1222 Sane
745 1168 788 1221 si
821 1168 981 1221 alium
1004 1168 1201 1221 Filium
1248 1168 1339 1223 Dei
1368 1167 1546 1223 Patris
1576 1168 1809 1222 Verbum
1843 1181 1964 1221 esse
1985 1165 2138 1220 dixe-

2238 1164 2538 1234 εδεξάμεθκ
2579 1165 2833 1235 τὸνιτῆς
2887 1166 3352 1238 ὲνανθρωπήσεως
3392 1168 3583 1237 λόγον’
3617 1168 3757 1221 ἀλλ’
3787 1171 3835 1220 εξ

566 1262 757 1327 rimus,
785 1261 945 1315 alium
972 1276 1158 1313 rursus
1184 1276 1328 1322 eum,
1360 1259 1450 1328 qui
1486 1267 1644 1311 natus
1668 1266 1751 1312 est
1777 1272 1842 1309 ex
1877 1254 2135 1319 muliere;

2241 1254 2440 1324 φαμὲν,
2473 1257 2555 1309 ὅτι
2594 1255 2781 1325 ἕτερος
2812 1256 2912 1325 μέν
2946 1258 3093 1313 ἐστιν
3123 1260 3247 1323 Υἱὸς
3273 1262 3301 1313 6
3329 1261 3392 1313 ὲκ
3424 1261 3559 1314 Θεοῦ
3599 1262 3837 1332 [Ἰατρὸς

567 1369 728 1406 unum
786 1353 1068 1406 Dominum
1128 1354 1328 1405 diserte
1382 1350 1705 1405 inﬁciamur.
1779 1347 1931 1403 Unus
1991 1348 2135 1403 enim

2239 1345 2432 1411 Λόγος,
2463 1346 2650 1417 ἔτερος
2693 1347 2749 1399 δὲ
2780 1347 2901 1398 κατ’
2934 1346 3069 1401 ἰδίαν
3097 1351 3125 1402 6
3156 1351 3220 1403 ἐκ
3261 1351 3537 1419 γυναικὸς,
3565 1352 3836 1421 ἠρνησά-

563 1447 827 1500 Dominus
853 1443 1011 1499 Jesus
1047 1444 1317 1507 Christus,
1344 1458 1514 1497 carne
1546 1442 1664 1511 ejus
1701 1442 1995 1497 secundum
2025 1438 2138 1494 dis-

2242 1437 2381 1507 μεθα
2413 1438 2505 1491 τὸν
2551 1439 2712 1509 μόνον
2753 1443 3051 1513 Δεσπότην.
3087 1437 3181 1505 Εἷς
3217 1442 3326 1514 γὰρ
3360 1442 3565 1513 Κύριος
3602 1442 3836 1513 Ἰησοῦς

568 1538 923 1607 pcttsatoriam
978 1552 1098 1591 cum
1149 1535 1241 1590 Dei
1309 1535 1483 1590 Patris
1522 1533 1699 1588 Verbo
1753 1533 2027 1599 unionem,
2069 1530 2136 1585 ad

2239 1530 2492 1601 Χριστὸς,
2521 1530 2643 1584 καθ’
2672 1533 2864 1587 ἕνωσιν
2887 1534 3255 1605 οἰκονομικὴν,
3291 1533 3386 1604 τὴν
3412 1534 3549 1606 πρός
3577 1534 3656 1600 γέ
3687 1552 3832 1603 φημι

566 1629 782 1683 deitatis
826 1628 1048 1698 gloriam
1084 1638 1292 1682 evecta.
1341 1627 1492 1682 Unus
1522 1626 1747 1696 proinde
1782 1634 1863 1679 est
1885 1623 2136 1679 Christus

2237 1622 2328 1675 τὸν
2368 1624 2432 1675 ἐκ
2458 1622 2817 1692 ΘεοῦΔόγον,
2845 1628 2924 1690 είς
2951 1627 3049 1695 τὴν
3075 1626 3172 1695 τῆς
3205 1626 3457 1695 θεότητος
3490 1625 3667 1691 δόξαν
3700 1626 3832 1677 dva-

564 1730 619 1771 et
659 1719 831 1773 Filius
866 1736 883 1771 :
924 1720 993 1772 ita
1041 1718 1184 1772 enim
1222 1719 1326 1773 erit
1368 1717 1526 1787 hujus
1569 1716 1804 1771 universi
1850 1713 2132 1770 Dominus.

2239 1712 2509 1784 φοιτώσης
2534 1714 2697 1768 αὐτοῦ
2714 1717 2812 1786 τῆς
2841 1718 3057 1787 σαρκός.
3085 1714 3180 1780 Εἷς
3199 1713 3291 1770 οὖν
3320 1717 3427 1789 ἄρα
3455 1716 3712 1788 Χριστὸς
3739 1719 3831 1769 καὶ

2167 1886 2209 1942 Β
2248 1804 2408 1868 Υἱόςο
2439 1804 2592 1858 ἔσται
2622 1810 2731 1878 γὰρ
2759 1806 2902 1861 οὕτω
2932 1809 3037 1862 τῶν
3066 1809 3203 1862 ὅλων
3233 1809 3528 1878 Δεσπότης.

811 1945 896 1999 Ex
925 1942 1209 2013 Evangein
1237 1943 1523 1996 secundant
1552 1940 1884 1995 Matthazum.
2167 1937 2204 1942 —

2167 1937 2204 1942 —
2427 1937 2527 1991 Ἐκ
2566 1937 2671 1992 τοῦ
2709 1940 2858 1992 κατὰ
2903 1941 3203 1995 ΙιῙατθαῖον
3234 1943 3635 2013 Εὐαγγελίου.

988 2052 1142 2118 Quod
1170 2050 1411 2107 Christus
1446 2053 1511 2105 sit
1548 2051 1707 2105 Deus.

2675 2044 2807 2100 *Ὅτι
2846 2047 2993 2114 Θεὸς
3023 2052 3057 2103 ό
3094 2052 3370 2119 Χριστός-

645 2185 662 2217 (
700 2165 827 2220 Ilaec
851 2174 1030 2219 autem
1065 2179 1131 2220 co
1148 2165 1449 2235 cegitante,
1484 2179 1611 2219 ecce
1650 2162 1882 2234 angelus
1927 2162 2134 2217 Domini

2313 2175 2333 2207 ι
2383 2157 2567 2211 Ταῦτα
2617 2159 2674 2213 δὲ
2723 2161 2887 2215 αὐτοῦ
2941 2164 3365 2235 ἐνθυμηθέντος,
3421 2168 3532 2223 ἰδοὺ
3583 2170 3829 2239 ἄγγελος

565 2260 811 2328 apparuit
855 2258 908 2311 in
945 2258 1148 2313 somnis
1204 2258 1290 2320 ei,
1322 2258 1551 2311 dicens:
1594 2255 1789 2327 Joseph
1840 2256 1913 2310 [ili
1946 2256 2135 2320 David,

2237 2246 2442 2318 Κυρίου
2474 2252 2593 2303 κατ’
2622 2251 2753 2324 ὄναρ
2783 2254 2957 2326 ἐφάνη
3002 2256 3171 2327 αὐτῷ,
3221 2257 3413 2327 λέγων·
3460 2262 3677 2334 Ἰωσὴφ
3716 2266 3826 2328 υἱὸς

566 2353 675 2407 noli
708 2352 897 2405 timere
927 2349 1176 2419 accipere
1202 2348 1426 2402 Mariam
1454 2347 1734 2418 cunjugem
1767 2358 1913 2401 tuam
1938 2362 1961 2397 ς
1993 2346 2136 2416 quod

2235 2336 2416 2404 Δαυῒδ,
2456 2339 2531 2410 μὴ
2559 2341 2801 2414 φοϐηθῇς
2831 2345 3166 2416 παραλαϐεῖν
3192 2350 3423 2421 Μαριὰμ
3452 2352 3557 2421 τὴν
3578 2358 3827 2421 γυναῖκά

566 2445 709 2497 enim
744 2443 794 2495 in
822 2457 883 2495 ea
915 2450 1094 2495 natum
1126 2449 1229 2502 est,
1260 2440 1325 2494 de
1355 2438 1557 2509 Spiritu
1595 2447 1785 2494 sancto
1824 2447 1925 2492 est.
1958 2437 2134 2492 Pariet

2238 2444 2362 2481 σου⁶
2391 2430 2451 2483 τὸ
2486 2432 2594 2503 γὰρ
2637 2434 2695 2487 ὲν
2728 2437 2866 2505 αὐτῇ
2907 2438 3183 2510 γεννηθὲν,
3216 2441 3278 2493 ἐκ
3317 2442 3646 2513 Πνεύματός
3680 2449 3827 2499 ἐστιν

564 2546 742 2588 autem
772 2534 957 2597 filium,
993 2541 1048 2586 et
1070 2532 1291 2587 vocabis
1340 2546 1533 2586 nomen
1587 2530 1703 2599 ejus
1749 2530 1931 2585 Jesum
1965 2546 1979 2583 :
2021 2529 2137 2600 ipse

2236 2519 2413 2587 ἁγίου.
2444 2522 2669 2587 Τέξεται
2697 2526 2754 2579 δὲ
2780 2526 2915 2591 υἱὸν,
2944 2529 3037 2582 καὶ
3059 2530 3307 2594 καλέσεις
3336 2534 3395 2585 τὸ
3422 2533 3597 2604 ὄνομα
3625 2535 3820 2601 αὑτοῦ,

563 2627 707 2679 enim
743 2625 947 2678 salvum
980 2623 1143 2677 faciet
1186 2623 1439 2691 populum
1487 2638 1641 2677 suum
1682 2637 1711 2676 a
1763 2623 1996 2692 peccatis
2039 2636 2138 2676 eo-

2249 2609 2488 2680 Ἰησοῦν·
2537 2614 2700 2677 αὐτὸς
2731 2617 2839 2687 γὰρ
2879 2616 3041 2671 σώσει
3069 2619 3160 2672 τὸν
3189 2620 3314 2673 λἀὸν
3357 2623 3523 2676 αὑτοῦ
3562 2626 3686 2679 ἀπὸ
3718 2628 3825 2678 τῶν

564 2732 682 2769 rum
714 2716 779 2769 ⁸⁵.
818 2736 834 2767 ι
878 2716 991 2769 Duo
1031 2715 1188 2769 simul
1235 2715 1337 2767 hoc
1388 2713 1503 2768 loco
1550 2714 1721 2782 ponit,
1763 2728 1884 2783 qua:
1916 2715 1974 2767 «in
2004 2713 2137 2767 divi-

2235 2704 2517 2774 ἁμαρτιῶν
2546 2708 2745 2763 αὐτῶν.
2796 2729 2812 2759 ι
2849 2710 2952 2763 Δύο
2985 2712 3125 2765 κατὰ
3161 2714 3321 2768 ταυτὸ
3362 2717 3543 2785 τίθησι
3586 2719 3665 2770 τὰ
3718 2720 3824 2771 θεοε

564 2824 685 2861 nam
726 2817 929 2860 tantum
968 2816 1216 2859 naturam
1255 2806 1544 2873 quadrant,
1583 2820 1688 2858 non
1732 2806 1891 2858 etiam
1940 2806 1991 2858 iu
2029 2804 2135 2858 hu-

2236 2798 2439 2866 πρεπῆ,
2474 2799 2569 2851 καὶ
2596 2801 2694 2853 οὐκ
2728 2802 3041 2875 ἀνθρωπεία
3071 2805 3346 2875 πρέποντα
3365 2806 3544 2875 φύσει.
3564 2810 3687 2862 Τοῦ
3717 2814 3824 2879 γὰρ

563 2915 800 2952 manum.
845 2897 1054 2952 Asserit
1105 2909 1339 2964 namque
1368 2894 1506 2964 ejus,
1540 2895 1630 2962 qui
1677 2908 1742 2947 ex
1785 2893 1953 2947 Maria
1982 2900 2134 2947 ortus

2233 2887 2515 2957 τεχθέντος
2560 2891 2625 2943 ἐκ
2672 2891 2773 2961 τῆς
2823 2894 3055 2965 Μαριὰμ
3102 2896 3229 2948 ἴδιον
3278 2896 3380 2967 ἔφη
3409 2897 3537 2952 λαὸν
3574 2904 3714 2965 τοὺς
3758 2904 3821 2954 δι’

560 3000 665 3057 est,
694 3006 788 3045 eos
810 3004 1021 3053 omnes,
1053 2988 1141 3055 qui
1177 2986 1402 3041 salutem
1448 3002 1544 3055 per
1576 2988 1750 3055 ipsum
1797 2998 2136 3053 consequun-

2235 2978 2399 3031 αὐτοῦ
2440 2981 2816 3050 σεσωσμένους
2838 3001 2851 3015 ·
2887 2987 2980 3039 καὶ
3013 2988 3137 3056 μὴν,
3168 2989 3249 3042 ὅτι
3274 2989 3367 3042 καὶ
3400 2992 3703 3063 ἁμαρτιῶν
3729 2997 3821 3047 αὖ·

566 3094 674 3148 tur,
735 3081 987 3150 populum
1047 3094 1163 3134 esse
1213 3078 1576 3149 peculiarem;
1631 3085 1740 3128 tum
1784 3083 1838 3129 et
1904 3074 2036 3142 ipsis
2074 3072 2136 3126 il-

2235 3072 2360 3134 τοὺς
2389 3072 2551 3136 αὐτὸς
2615 3074 2935 3139 ἀπαλλάξει.
2963 3076 3095 3130 Θεοῦ
3120 3079 3174 3131 δὲ
3215 3079 3282 3133 τὰ
3320 3081 3522 3147 πάντα,
3552 3085 3659 3136 καὶ
3695 3087 3821 3153 πρέ.

567 3178 674 3231 lum
724 3187 939 3243 peccata
976 3172 1342 3227 dimissurum.
1370 3169 1528 3237 Atqui
1573 3166 1663 3220 Dei
1695 3175 1819 3220 sunt
1844 3165 2093 3218 universa
2117 3202 2131 3227 ,

2237 3179 2328 3214 ποι
2377 3162 2443 3215 ἂν
2489 3164 2638 3236 αὐτῷ
2670 3166 2765 3220 καὶ
2816 3168 2963 3239 μόνῳ
3000 3172 3061 3223 τὸ
3111 3170 3472 3227 ἀπαλλάττειν
3521 3176 3818 3247 ἁμαρτιῶν

563 3264 837 3331 ipsiusque
880 3260 1046 3315 solius
1090 3268 1175 3313 est
1241 3267 1585 3328 peccatorum
1640 3255 1847 3324 laqueis
1898 3254 2135 3307 irretitus

2235 3250 2490 3306 δύνασθαι
2536 3230 2663 3318 τοῦς
2706 3230 3115 3328 ἡμα-ρτηξιότας.
3159 3260 3294 3324 Θεδς
3338 3257 3432 3316 οῦν
3461 3230 3576 3335 ἄρα
3611 3230 3818 3318 ἐστινὸ

561 3356 837 3423 expedire.
864 3351 916 3406 ‘ls
955 3353 1138 3422 igitur,
1173 3351 1262 3420 qui
1300 3364 1364 3402 ex
1399 3363 1556 3402 sacra
1587 3347 1810 3416 Virgine
1844 3358 1997 3399 natus
2030 3355 2133 3411 est,

2235 3345 2299 3396 ἐκ
2327 3345 2426 3414 τῆς
2463 3347 2623 3413 άγίας
2659 3349 2932 3418 Παρθένου
2964 3352 3373 3422 γεγεννημένος,
3424 3348 3487 3407 οὗ
3540 3358 3642 3411 καὶ
3696 3360 3819 3421 {6:6,-

562 3448 704 3501 l-)cus
729 3455 840 3507 est,
861 3443 1023 3511 'cujus
1056 3456 1153 3496 nos
1178 3440 1471 3510 peculiaris
1501 3439 1729 3506 populus
1775 3452 1983 3500 sumus,
2014 3436 2136 3505 qui-

2236 3436 2577 3505 ὲσμενλαδς,
2613 3438 2705 3491 καὶ
2754 3440 3041 3510 ἁμαρτιῶν
3072 3441 3127 3494 δὲ
3174 3444 3319 3513 ἡμᾶς
3349 3444 3700 3517 ἀπήλλαξεν,
3748 3450 3817 3510 ὡς

563 3551 668 3606 que
708 3551 737 3590 e
765 3545 1113 3603 peccatorum
1161 3529 1390 3585 vine-uris
1436 3542 1539 3599 pro
1584 3543 1679 3581 sua
1732 3536 2000 3596 potestate
2037 3542 2136 3581 nos

1584 3543 1679 3581 sua
1732 3536 2000 3596 potestate
2037 3542 2136 3581 nos
2236 3527 2374 3598 ἔχων
2403 3528 2495 3581 καὶ
2524 3528 2714 3582 τούτου
2747 3530 2845 3601 τὴν
2877 3530 3142 3597 ἐξουσίαν.

562 3627 759 3683 exetuit
792 3641 853 3679 ac
882 3622 1151 3678 liberavit.

638 3738 656 3770 ι
693 3718 824 3773 Cum
866 3729 994 3786 ergo
1051 3723 1209 3767 natus
1246 3722 1390 3768 esset
1428 3711 1585 3766 Iesus
1631 3710 1684 3765 in
1732 3709 1999 3765 Bethleem
2040 3709 2136 3764 Ju-

2311 3747 2330 3779 ι
2376 3728 2483 3782 Τοῦ
2512 3730 2568 3783 δὲ
2611 3729 2785 3801 Ἰησοῦ
2806 3730 3154 3802 γεννηθέντος
3182 3733 3241 3786 ἐν
3270 3732 3521 3804 Βηθλεὲμ
3549 3734 3659 3804 τῆς
3691 3736 3816 3789 Ἰουο

563 3813 691 3866 (Ιαξίιε
714 3810 781 3862 ⁸⁵.
816 3828 833 3860 ι
881 3808 936 3861 lu
986 3808 1215 3863 Belleem
1259 3806 1455 3862 ludant:
1493 3816 1652 3860 natus
1679 3813 1779 3869 est,
1837 3817 1900 3856 ex
1936 3802 2132 3885 Jessrea

2233 3818 2406 3883 δαίας.
2447 3838 2465 3871 ι
2514 3820 2604 3874 Ἐν
2633 3820 2880 3891 Βηθλεὲμ
2906 3822 3227 3893 γεγέννηται
3270 3802 3368 3893 τῆς
3411 3802 3713 3890 Ἰουδαίας,
3757 3830 3816 3880 ἐκ

562 3904 766 3958 radice.
794 3901 949 3957 Unde
978 3902 1115 3954 Deus
1140 3909 1193 3953 et
1219 3899 1377 3952 Pater
1419 3911 1514 3966 per
1564 3897 1848 3966 quemdam
1896 3909 1926 3948 e
1964 3895 2134 3948 sacris

2236 3910 2392 3982 ῥίζης
2432 3910 2648 3967 Ἰεσσαί.
2679 3912 2815 3981 Φησὶ
2841 3912 2898 3964 δὲ
2936 3914 3065 3984 περὶ
3085 3913 3247 3967 αὑτοῦ
3274 3914 3344 3967 δι’
3374 3914 3495 3978 ἐνὸς
3523 3916 3641 3969 τῶν
3690 3937 3817 3988 προς

563 3994 777 4048 vatibus
814 3994 886 4047 ita
920 3993 1035 4047 ait:
1068 4009 1088 4043 ι
1137 3992 1206 4046 Ει
1236 4000 1289 4045 ιιι
1355 3989 1626 4044 Bethleem
1655 3989 1845 4042 domus
1875 3987 2130 4056 Ephrata,

2235 4001 2418 4070 φητῶν
2446 4003 2476 4055 6
2504 4001 2634 4064 Θεὸς
2666 4003 2760 4056 καὶ
2786 4004 3008 4075 Πατήρ·
3055 4024 3073 4057 ι
3109 4006 3220 4059 Καὶ
3268 4007 3331 4059 σὺ
3372 4006 3632 4078 Βηθλεὲμ
3669 3987 3816 4072 οἶτος

562 4097 903 4151 nequaquam
934 4082 1156 4135 minima
1188 4096 1268 4145 es,
1299 4079 1406 4149 79
1437 4088 1494 4131 ut
1524 4079 1597 4132 sis
1631 4077 1682 4131 in
1714 4076 1946 4131 millibus
1970 4074 2130 4131 Juda.

2232 4090 2326 4144 τοῦ
2373 4092 2633 4161 Ἐφραθᾶ,
2672 4092 2745 4163 μὴ
2770 4074 3051 4160 πόλιγοστὸς
3082 4088 3135 4147 εἷ
3165 4093 3258 4148 τοῦ
3292 4074 3525 4150 εἶναι’ἐν
3572 4074 3815 4168 itidem

561 4173 640 4228 Ex
688 4184 742 4227 te
784 4173 930 4226 enim
982 4173 1293 4243 egredietur
1341 4171 1467 4224 mihi
1524 4170 1616 4238 qui
1675 4179 1826 4239 regat
1876 4168 2131 4239 populum

2245 4179 2417 4235 Ἰούδα
2437 4198 2451 4212 ’
2478 4181 2543 4234 ἐκ
2570 4181 2662 4233 σοῦ
2693 4183 2797 4253 γάρ
2822 4201 2911 4253 μοι
2942 4184 3277 4250 ἐξελεύσεται
3306 4186 3397 4239 τοῦ
3427 4183 3570 4240 εἶναι
3602 4193 3694 4253 εἰς
3722 4193 3815 4259 ἆρ-

562 4279 738 4318 meum
784 4265 834 4317 iu
856 4264 1027 4319 israel
1054 4283 1068 4320 :
1099 4273 1154 4318 et
1178 4276 1431 4333 egressus
1464 4260 1580 4329 ejus
1601 4261 1670 4313 ab
1698 4259 1849 4312 initio
1873 4276 1902 4312 a
1943 4258 2133 4313 diebus

2232 4288 2393 4340 χοντα
2422 4273 2479 4324 ὲν
2508 4271 2585 4343 τῷ
2629 4273 2847 4345 Ἰσραήλ
2871 4291 2885 4307 ·
2912 4276 3006 4327 καὶ
3036 4277 3088 4329 ai
3119 4275 3286 4339 ἔξοδοι
3314 4277 3479 4330 αὐτοῦ
3511 4280 3612 4331 ἀπ’
3643 4258 3814 4352 ἀρχὴς

558 4357 876 4411 aeternitatis
901 4356 966 4410 ⁸⁸.
1008 4375 1027 4407 ›
1077 4355 1354 4422 Quomodo
1414 4350 1725 4406 Betleemita
1774 4348 1863 4403 ille
1928 4349 1996 4404 ab
2038 4349 2135 4403 ini-

2233 4363 2292 4427 ἐξ
2338 4362 2559 4434 ἡμερῶν
2592 4365 2806 4428 αἰῶνος.
2849 4385 2866 4416 ι
2907 4366 3032 4429 Πῶς
3074 4362 3174 4420 οὖν
3222 4369 3250 4420 ὁ
3298 4348 3814 4440 γεγεννημένος-ἒν

560 4450 634 4502 tio
666 4449 843 4503 saeculi
872 4463 1143 4519 egressus,
1184 4449 1291 4502 hoc
1326 4453 1411 4500 est
1446 4442 1766 4498 substantiae
1808 4442 2130 4510 principium

2234 4452 2481 4525 Βηθλεὲμ
2506 4453 2604 4523 τῆς
2636 4455 2916 4523 Ἰουδαίας,
2942 4458 3034 4511 ἀπ’
3056 4460 3229 4531 ἀρχῆς
3253 4460 3445 4524 αίῶνος
3468 4464 3569 4523 τὰς
3597 4463 3816 4530 ἐξόδους

557 4543 781 4595 sortitus
821 4541 1039 4605 dicitur,
1096 4553 1220 4594 cum
1273 4548 1450 4591 tamen
1500 4534 1556 4587 in
1596 4533 1905 4589 novissimis
1949 4533 2128 4588 saeculi

2234 4542 2375 4613 ἔχειν
2414 4541 2649 4608 λέγεται,
2696 4546 2940 4599 τουτέστι
2986 4549 3086 4617 τῆς
3134 4550 3416 4621 ὑπάρξεως
3455 4552 3557 4623 τὴν
3614 4556 3816 4625 ἀρχὴν,

560 4634 891 4701 temporibus
916 4643 1099 4685 natum
1134 4630 1308 4698 ipsum
1349 4640 1470 4682 esse
1497 4624 1755 4694 jcoustet?
1784 4625 1921 4678 Deus
1964 4624 2128 4693 igitur

2234 4638 2407 4692 καίτοι
2455 4639 2734 4709 γεννηθεὶς
2778 4640 2835 4693 ἐν
2879 4640 3125 4710 ἐσχάτοις
3166 4643 3261 4696 τοῦ
3312 4644 3506 4707 αἰῶνος
3556 4652 3818 4718 καιροῖςς

557 4733 641 4779 est
680 4722 950 4789 Christus,
1000 4723 1278 4791 ipsiusque
1317 4718 1484 4773 divini
1530 4715 1696 4773 Verbi
1748 4716 2039 4785 antiquitas
2075 4718 2128 4772 in

2231 4730 2363 4795 Θεὸς
2394 4726 2488 4785 οὖν
2521 4731 2629 4802 ἄρα
2658 4733 2913 4802 Χριστὸς,
2938 4734 3031 4787 καὶ
3055 4734 3255 4803 πρέπει
3285 4735 3431 4806 αὐτῷ
3448 4736 3510 4788 τὸ
3539 4738 3649 4791 τοῦ
3677 4715 3818 4793 Θεοῦ

558 4817 706 4870 illum
732 4817 1001 4870 convenit.
1030 4814 1164 4869 Nam
1195 4813 1339 4867 Deus
1367 4820 1505 4876 erat,
1528 4819 1753 4881 propter
1783 4824 1880 4864 nos
1912 4823 1977 4863 ex
2005 4823 2125 4861 mu-

2235 4822 2409 4890 Λόγου
2443 4821 2837 4894 πρεσϐύτατον.
2871 4822 3004 4886 Θεὸς
3023 4825 3130 4895 γὰρ
3145 4820 3232 4895 ἦν,
3264 4826 3329 4879 δι’
3358 4828 3507 4898 ἡμᾶς
3537 4832 3821 4903 σαργικὴν

558 4908 689 4963 liere
717 4909 879 4962 homo
905 4906 1055 4962 nasci
1084 4906 1357 4975 dignatus.

2234 4914 2534 4984 ὑπομείνας
2562 4913 2814 4984 γέννησιν
2840 4914 2939 4984 τὴν
2968 4916 3033 4968 ἐκ
3063 4917 3336 4984 γυναικός.

633 5017 651 5050 ι
694 4998 805 5069 Ego
856 4998 1096 5067 quidem,
1145 4996 1353 5064 inquit,
1400 4993 1620 5064 baptizo
1654 5008 1750 5051 vos
1784 4992 1836 5046 in
1889 5004 2029 5058 aqua
2081 4988 2132 5044 in

2313 5025 2331 5058 ι
2390 5006 2531 5074 Ἐγὼ
2565 5006 2663 5076 μὲν
2692 5009 2803 5077 γὰρ
2841 5007 2986 5077 ὑμᾶς
3027 5008 3086 5061 ἐν
3119 5008 3268 5064 ὕδατι
3302 5009 3564 5079 βαπτίζω,
3627 5015 3820 5085 φησὶν,

557 5088 950 5158 paenitentiam.
984 5086 1084 5153 Qui
1117 5095 1297 5141 autem
1326 5095 1448 5152 post
1475 5101 1560 5141 me
1584 5094 1845 5140 venturus
1885 5094 1991 5145 est,
2019 5080 2132 5135 for-

2234 5096 2313 5159 είς
2351 5096 2667 5166 μετάνοιαν
2702 5097 2732 5149 6
2761 5096 2818 5149 δὲ
2848 5097 3022 5150 ὀπίσω
3050 5114 3152 5168 μου
3182 5098 3494 5170 ἐρχόμενος,
3528 5080 3823 5174 [cxx—39.67;-

560 5184 664 5236 tior
693 5196 777 5235 me
798 5188 902 5245 est,
924 5179 1079 5248 cujus
1107 5193 1212 5233 nou
1239 5193 1357 5232 sum
1380 5178 1575 5248 dignus
1617 5175 1977 5231 calceamenta
2005 5188 2128 5242 por-

2237 5186 2330 5256 ρός
2362 5203 2461 5256 μου
2495 5188 2660 5253 ἐστὶν,
2690 5183 2751 5241 οὗ
2783 5188 2883 5241 οὐκ
2907 5189 3023 5259 εἰμὶ
3057 5190 3239 5254 ἱκανὸς
3266 5190 3333 5244 τὰ
3358 5192 3700 5263 ὑποδήματα
3732 5197 3821 5268 βαο

558 5284 694 5327 tare.
723 5272 844 5339 Ipse
868 5286 965 5326 vos
999 5270 1295 5340 baptilabit
1322 5270 1376 5324 in
1426 5269 1630 5338 Spiritu
1670 5277 1857 5324 sancto
1882 5281 1938 5323 et
1981 5268 2123 5338 igne.

2235 5276 2448 5331 στάσαι.
2477 5277 2647 5341 Αὐτὸς
2675 5278 2818 5348 ὑμᾶς
2848 5278 3097 5348 βαπτίσει
3137 5282 3196 5334 ὲν
3236 5281 3509 5354 ΙΙνεύματι
3540 5286 3701 5358 ἁγίῳ
3731 5290 3822 5343 καὶ

555 5365 721 5436 Cujus
764 5363 1120 5418 ventilabrum
1174 5364 1230 5417 in
1278 5377 1438 5417 manu
1496 5376 1616 5427 sua,
1667 5369 1722 5415 et
1752 5355 2129 5430 permundabit

2233 5367 2382 5437 πυρί.
2415 5360 2490 5422 Οῦ
2531 5368 2592 5421 τὸ
2620 5369 2785 5423 πτύον
2824 5370 2883 5423 ὲν
2910 5374 2976 5444 τῇ
3008 5372 3149 5444 χειρὶ
3199 5373 3385 5441 αὐτοῦ,
3419 5376 3515 5429 καὶ
3542 5355 3820 5434 Simiae:-

556 5471 739 5513 aream
780 5472 933 5511 suam
958 5455 1027 5511 ⁸⁷.
1077 5472 1097 5506 ι
1148 5453 1581 5526 Haudquaquam
1633 5455 1884 5509 humanae
1922 5464 2125 5509 natura:

2232 5460 2340 5529 ριεῖ
2363 5458 2461 5529 τὴν
2500 5458 2683 5514 ἅλωνα
2730 5460 2918 5516 αὑτοῦ.
2960 5482 2978 5514 ›
3014 5464 3128 5517 Ούκ
3178 5465 3602 5537 ἁνθρωπότητος
3656 5472 3817 5541 ἔργον

555 5563 688 5619 epus
709 5556 792 5604 cst
820 5548 873 5603 in
900 5548 1110 5618 Spiritu
1132 5556 1325 5603 sancto
1354 5547 1668 5618 baptizare:
1701 5546 1794 5602 sed
1822 5561 1995 5617 neque
2020 5547 2125 5618 spi-

2247 5543 2366 5603 ;ἷναί
2411 5567 2592 5621 φαμεν
2622 5552 2682 5605 τὸ
2716 5550 2996 5622 βαπτίζειν
3042 5556 3099 5607 έν
3148 5531 3294 5626 ἁγίῳ.
3338 5531 3621 5627 Πνεύματι
3648 5579 3662 5590 ·

554 5640 765 5696 ritalem
798 5654 1014 5711 quoque
1042 5655 1247 5706 aream,
1286 5640 1390 5697 hoc
1427 5648 1512 5695 est
1543 5640 1793 5695 homines
1821 5647 2032 5693 aetatem
2066 5639 2119 5694 in

2226 5642 2347 5697 οὐδὲ
2392 5643 2491 5714 τὴν
2518 5642 2720 5713 ,ἅλωνα
2758 5645 2866 5716 ’τὴν
2895 5646 3111 5718 νοητὴν,
3144 5647 3386 5702 τουτέστι
3416 5650 3542 5715 τοὺς
3572 5652 3679 5705 ἐπὶ
3719 5655 3821 5724 τῆς

620 5817 666 5849 ⁸³
695 5818 817 5873 Jud.
854 5817 908 5887 5,
937 5818 992 5876 4.
1055 5818 1103 5852 ⁸⁸
1130 5817 1320 5875 Matth.
1351 5832 1389 5886 t,
1417 5816 1507 5885 20,
1542 5816 1635 5877 21.
1710 5816 1756 5849 ⁸⁸
1793 5814 1980 5874 Matth.
2020 5833 2080 5882 tt,
2122 5817 2173 5871 l.

2251 5818 2298 5852 '°
2329 5817 2490 5875 Mich.
2533 5835 2588 5886 v,
2629 5818 2695 5887 2;
2734 5818 2926 5876 Matth.
2958 5836 3018 5889 tt,
3052 5821 3104 5878 6.
3181 5825 3225 5857 ⁸⁷
3258 5822 3445 5894 Matth,
3473 5840 3555 5893 ιιι,
3592 5827 3689 5896 Η,
3732 5829 3821 5886 12.
