  <div class='ocr_page' id='page_1' title='image "/cluster/home/n/w/nwhite01/storage/ocr_20150623/76/nnc1.0046980067/658.png"; bbox 0 0 4044 6332; ppageno 0'>
   <div class='ocr_carea' id='block_1_1' title="bbox 357 406 488 461">
    <p class='ocr_par' dir='ltr' id='par_1_1' title="bbox 357 406 488 461">
     <span class='ocr_line' id='line_1_1' title="bbox 357 406 488 461; baseline 0 0"><span class='ocrx_word' id='word_1_1' title='bbox 357 406 488 461; x_wconf 69' lang='grc'><strong>1261</strong></span> 
     </span>
    </p>
   </div>
   <div class='ocr_carea' id='block_1_2' title="bbox 1452 405 2485 463">
    <p class='ocr_par' dir='ltr' id='par_1_2' title="bbox 1452 405 2485 463">
     <span class='ocr_line' id='line_1_2' title="bbox 1452 405 2485 463; baseline 0.003 -5"><span class='ocrx_word' id='word_1_2' title='bbox 1452 405 1539 461; x_wconf 83' lang='lat' dir='ltr'><strong>DE</strong></span> <span class='ocrx_word' id='word_1_3' title='bbox 1577 405 1803 461; x_wconf 74' lang='lat' dir='ltr'><strong>RECTA</strong></span> <span class='ocrx_word' id='word_1_4' title='bbox 1844 405 2002 462; x_wconf 85' lang='lat' dir='ltr'><strong>FIDE</strong></span> <span class='ocrx_word' id='word_1_5' title='bbox 2039 406 2129 461; x_wconf 75' lang='lat' dir='ltr'><strong>AD</strong></span> <span class='ocrx_word' id='word_1_6' title='bbox 2171 406 2485 463; x_wconf 76' lang='lat' dir='ltr'><strong>REGINAS.</strong></span> 
     </span>
    </p>
   </div>
   <div class='ocr_carea' id='block_1_3' title="bbox 3458 399 3598 455">
    <p class='ocr_par' dir='ltr' id='par_1_3' title="bbox 3458 399 3598 455">
     <span class='ocr_line' id='line_1_3' title="bbox 3458 399 3598 455; baseline -0.014 0"><span class='ocrx_word' id='word_1_7' title='bbox 3458 399 3598 455; x_wconf 69' lang='grc' dir='ltr'><strong>ηδε</strong></span> 
     </span>
    </p>
   </div>
   <div class='ocr_carea' id='block_1_4' title="bbox 357 515 1929 593">
    <p class='ocr_par' dir='ltr' id='par_1_4' title="bbox 357 516 1929 593">
     <span class='ocr_line' id='line_1_4' title="bbox 357 516 1929 593; baseline 0.001 -18"><span class='ocrx_word' id='word_1_8' title='bbox 357 522 483 592; x_wconf 75' lang='grc' dir='ltr'>γῆς,</span> <span class='ocrx_word' id='word_1_9' title='bbox 508 518 643 575; x_wconf 86' lang='grc' dir='ltr'>ίδίαν</span> <span class='ocrx_word' id='word_1_10' title='bbox 668 516 806 574; x_wconf 81' lang='grc' dir='ltr'>εἷναί</span> <span class='ocrx_word' id='word_1_11' title='bbox 836 538 1017 593; x_wconf 85' lang='grc' dir='ltr'>φαμεν</span> <span class='ocrx_word' id='word_1_12' title='bbox 1046 520 1141 575; x_wconf 85' lang='grc' dir='ltr'><strong>ἀνθ</strong></span> <span class='ocrx_word' id='word_1_13' title='bbox 1150 521 1352 592; x_wconf 84' lang='grc' dir='ltr'>ρώπου.</span> <span class='ocrx_word' id='word_1_14' title='bbox 1374 521 1507 575; x_wconf 81' lang='grc' dir='ltr'><strong>Θεοῦ</strong></span> <span class='ocrx_word' id='word_1_15' title='bbox 1537 522 1646 593; x_wconf 82' lang='grc' dir='ltr'><strong>γάρ</strong></span> <span class='ocrx_word' id='word_1_16' title='bbox 1667 522 1735 576; x_wconf 73' lang='grc' dir='ltr'><strong>τά</strong></span> <span class='ocrx_word' id='word_1_17' title='bbox 1753 523 1929 578; x_wconf 86' lang='grc' dir='ltr'>πάντα</span> 
     </span>
    </p>
   </div>
   <div class='ocr_carea' id='block_1_5' title="bbox 2030 515 3598 593">
    <p class='ocr_par' dir='ltr' id='par_1_5' title="bbox 2034 515 3598 593">
     <span class='ocr_line' id='line_1_5' title="bbox 2034 515 3598 593; baseline -0.005 -16"><span class='ocrx_word' id='word_1_18' title='bbox 2034 533 2176 579; x_wconf 84' lang='lat' dir='ltr'><strong>terra</strong></span> <span class='ocrx_word' id='word_1_19' title='bbox 2226 532 2466 593; x_wconf 86' lang='lat' dir='ltr'><strong>agentes,</strong></span> <span class='ocrx_word' id='word_1_20' title='bbox 2505 520 2739 577; x_wconf 86' lang='lat' dir='ltr'><strong>hominis</strong></span> <span class='ocrx_word' id='word_1_21' title='bbox 2776 519 3047 589; x_wconf 87' lang='lat' dir='ltr'><strong>propriam</strong></span> <span class='ocrx_word' id='word_1_22' title='bbox 3104 528 3224 573; x_wconf 83' lang='lat' dir='ltr'><strong>esse</strong></span> <span class='ocrx_word' id='word_1_23' title='bbox 3262 515 3598 572; x_wconf 80' lang='lat' dir='ltr'><strong>concesseri-</strong></span> 
     </span>
    </p>
   </div>
   <div class='ocr_carea' id='block_1_6' title="bbox 351 615 1927 688">
    <p class='ocr_par' dir='ltr' id='par_1_6' title="bbox 351 615 1927 688">
     <span class='ocr_line' id='line_1_6' title="bbox 351 615 1927 688; baseline 0.002 -20"><span class='ocrx_word' id='word_1_24' title='bbox 351 616 489 680; x_wconf 73' lang='grc' dir='ltr'>ἐστὶ,</span> <span class='ocrx_word' id='word_1_25' title='bbox 520 616 614 669; x_wconf 74' lang='grc' dir='ltr'><strong>καὶ</strong></span> <span class='ocrx_word' id='word_1_26' title='bbox 640 615 790 686; x_wconf 85' lang='grc' dir='ltr'><strong>αὐτῷ</strong></span> <span class='ocrx_word' id='word_1_27' title='bbox 829 617 923 669; x_wconf 80' lang='grc' dir='ltr'>καὶ</span> <span class='ocrx_word' id='word_1_28' title='bbox 966 616 1111 687; x_wconf 83' lang='grc' dir='ltr'><strong>μόνῳ</strong></span> <span class='ocrx_word' id='word_1_29' title='bbox 1153 616 1351 687; x_wconf 78' lang='grc' dir='ltr'>πρέπει</span> <span class='ocrx_word' id='word_1_30' title='bbox 1398 617 1459 670; x_wconf 89' lang='grc' dir='ltr'><strong>τὸ</strong></span> <span class='ocrx_word' id='word_1_31' title='bbox 1492 619 1549 670; x_wconf 86' lang='grc' dir='ltr'>ὲν</span> <span class='ocrx_word' id='word_1_32' title='bbox 1584 618 1725 688; x_wconf 84' lang='grc' dir='ltr'>ἁγίῳ</span> <span class='ocrx_word' id='word_1_33' title='bbox 1756 617 1927 671; x_wconf 72' lang='lat' dir='ltr'><strong>[Iw-:6-</strong></span> 
     </span>
    </p>
   </div>
   <div class='ocr_carea' id='block_1_7' title="bbox 355 707 1927 782">
    <p class='ocr_par' dir='ltr' id='par_1_7' title="bbox 355 707 1927 782">
     <span class='ocr_line' id='line_1_7' title="bbox 355 707 1927 782; baseline 0.001 -21"><span class='ocrx_word' id='word_1_34' title='bbox 355 726 483 777; x_wconf 91' lang='grc' dir='ltr'>ματι</span> <span class='ocrx_word' id='word_1_35' title='bbox 516 707 797 778; x_wconf 77' lang='grc' dir='ltr'><strong>βαπτίζειν</strong></span> <span class='ocrx_word' id='word_1_36' title='bbox 841 708 1102 762; x_wconf 82' lang='grc' dir='ltr'>δύνασθαι</span> <span class='ocrx_word' id='word_1_37' title='bbox 1148 711 1271 773; x_wconf 69' lang='grc' dir='ltr'>τοὺς</span> <span class='ocrx_word' id='word_1_38' title='bbox 1321 710 1695 775; x_wconf 78' lang='grc' dir='ltr'><strong>πιστεύοντας.</strong></span> <span class='ocrx_word' id='word_1_39' title='bbox 1740 711 1927 782; x_wconf 69' lang='grc' dir='ltr'><strong>Ἰτῖνήρ⁴</strong></span> 
     </span>
    </p>
   </div>
   <div class='ocr_carea' id='block_1_8' title="bbox 354 798 1927 875">
    <p class='ocr_par' dir='ltr' id='par_1_8' title="bbox 354 798 1927 875">
     <span class='ocr_line' id='line_1_8' title="bbox 354 798 1927 875; baseline 0.004 -26"><span class='ocrx_word' id='word_1_40' title='bbox 354 814 490 867; x_wconf 85' lang='grc' dir='ltr'>γηκε</span> <span class='ocrx_word' id='word_1_41' title='bbox 524 798 579 851; x_wconf 78' lang='grc' dir='ltr'><strong>δὲ</strong></span> <span class='ocrx_word' id='word_1_42' title='bbox 618 799 775 852; x_wconf 79' lang='grc' dir='ltr'>τοῦτο</span> <span class='ocrx_word' id='word_1_43' title='bbox 817 800 1051 868; x_wconf 83' lang='grc' dir='ltr'>Χριστὸς</span> <span class='ocrx_word' id='word_1_44' title='bbox 1092 800 1120 852; x_wconf 99' lang='lat'><strong>6</strong></span> <span class='ocrx_word' id='word_1_45' title='bbox 1161 801 1298 871; x_wconf 73' lang='grc' dir='ltr'>μετά</span> <span class='ocrx_word' id='word_1_46' title='bbox 1345 804 1596 873; x_wconf 80' lang='grc' dir='ltr'>Ἰωάννην</span> <span class='ocrx_word' id='word_1_47' title='bbox 1634 804 1927 875; x_wconf 79' lang='grc' dir='ltr'><strong>ἐρχόμενος</strong></span> 
     </span>
    </p>
   </div>
   <div class='ocr_carea' id='block_1_9' title="bbox 356 889 1928 965">
    <p class='ocr_par' dir='ltr' id='par_1_9' title="bbox 356 889 1928 965">
     <span class='ocr_line' id='line_1_9' title="bbox 356 889 1928 965; baseline 0.004 -24"><span class='ocrx_word' id='word_1_48' title='bbox 356 889 496 942; x_wconf 81' lang='grc' dir='ltr'><strong>κατά</strong></span> <span class='ocrx_word' id='word_1_49' title='bbox 527 890 727 960; x_wconf 80' lang='grc' dir='ltr'><strong>σάρκα..</strong></span> <span class='ocrx_word' id='word_1_50' title='bbox 760 892 878 960; x_wconf 76' lang='grc' dir='ltr'>ἤτοι</span> <span class='ocrx_word' id='word_1_51' title='bbox 908 892 1000 944; x_wconf 83' lang='grc' dir='ltr'>τὸν</span> <span class='ocrx_word' id='word_1_52' title='bbox 1027 892 1128 961; x_wconf 84' lang='grc' dir='ltr'>τῆς</span> <span class='ocrx_word' id='word_1_53' title='bbox 1163 895 1361 962; x_wconf 79' lang='grc' dir='ltr'>σαρκὸς</span> <span class='ocrx_word' id='word_1_54' title='bbox 1408 894 1618 965; x_wconf 85' lang='grc' dir='ltr'>χρόνον.</span> <span class='ocrx_word' id='word_1_55' title='bbox 1649 895 1842 957; x_wconf 79' lang='grc' dir='ltr'>οΑὑτδς</span> <span class='ocrx_word' id='word_1_56' title='bbox 1870 894 1928 947; x_wconf 81' lang='grc' dir='ltr'><strong>δὲ</strong></span> 
     </span>
    </p>
   </div>
   <div class='ocr_carea' id='block_1_10' title="bbox 357 981 1928 1056">
    <p class='ocr_par' dir='ltr' id='par_1_10' title="bbox 357 981 1928 1056">
     <span class='ocr_line' id='line_1_10' title="bbox 357 981 1928 1056; baseline 0.001 -21"><span class='ocrx_word' id='word_1_57' title='bbox 357 982 449 1044; x_wconf 76' lang='grc' dir='ltr'>καὶ</span> <span class='ocrx_word' id='word_1_58' title='bbox 471 981 568 1051; x_wconf 76' lang='grc' dir='ltr'><strong>τὴν</strong></span> <span class='ocrx_word' id='word_1_59' title='bbox 589 982 778 1034; x_wconf 80' lang='grc' dir='ltr'>ἑαυτοῦ</span> <span class='ocrx_word' id='word_1_60' title='bbox 808 981 989 1038; x_wconf 76' lang='grc' dir='ltr'>ἅλωνα</span> <span class='ocrx_word' id='word_1_61' title='bbox 1033 983 1337 1055; x_wconf 72' lang='grc' dir='ltr'>καθαρίζει.</span> <span class='ocrx_word' id='word_1_62' title='bbox 1371 985 1501 1048; x_wconf 78' lang='grc' dir='ltr'>Θεὸς</span> <span class='ocrx_word' id='word_1_63' title='bbox 1532 981 1623 1039; x_wconf 81' lang='grc' dir='ltr'><strong>οὖν</strong></span> <span class='ocrx_word' id='word_1_64' title='bbox 1651 986 1760 1056; x_wconf 81' lang='grc' dir='ltr'>ἄρα</span> <span class='ocrx_word' id='word_1_65' title='bbox 1782 986 1928 1038; x_wconf 72' lang='grc' dir='ltr'>ἐστὶν</span> 
     </span>
    </p>
   </div>
   <div class='ocr_carea' id='block_1_11' title="bbox 356 1069 583 1141">
    <p class='ocr_par' dir='ltr' id='par_1_11' title="bbox 356 1069 583 1141">
     <span class='ocr_line' id='line_1_11' title="bbox 356 1069 583 1141; baseline -0.009 -18"><span class='ocrx_word' id='word_1_66' title='bbox 356 1069 583 1141; x_wconf 81' lang='grc' dir='ltr'>ἀληθής.</span> 
     </span>
    </p>
   </div>
   <div class='ocr_carea' id='block_1_12' title="bbox 433 1159 1922 1234">
    <p class='ocr_par' dir='ltr' id='par_1_12' title="bbox 433 1159 1922 1234">
     <span class='ocr_line' id='line_1_12' title="bbox 433 1159 1922 1234; baseline 0.003 -22"><span class='ocrx_word' id='word_1_67' title='bbox 433 1180 451 1212; x_wconf 81' lang='grc' dir='ltr'><strong>ι</strong></span> <span class='ocrx_word' id='word_1_68' title='bbox 497 1160 606 1213; x_wconf 74' lang='grc' dir='ltr'><strong>Καὶ</strong></span> <span class='ocrx_word' id='word_1_69' title='bbox 639 1160 747 1213; x_wconf 74' lang='grc' dir='ltr'>ἰδοὺ</span> <span class='ocrx_word' id='word_1_70' title='bbox 776 1159 976 1230; x_wconf 80' lang='grc' dir='ltr'><strong>λεπρὸς</strong></span> <span class='ocrx_word' id='word_1_71' title='bbox 1003 1161 1333 1231; x_wconf 84' lang='grc' dir='ltr'>προσελθὼν,</span> <span class='ocrx_word' id='word_1_72' title='bbox 1364 1162 1686 1234; x_wconf 71' lang='grc' dir='ltr'><strong>προσεκύνει</strong></span> <span class='ocrx_word' id='word_1_73' title='bbox 1714 1162 1888 1231; x_wconf 88' lang='grc' dir='ltr'>λέγων</span> <span class='ocrx_word' id='word_1_74' title='bbox 1908 1179 1922 1193; x_wconf 79' lang='grc'><em>’</em></span> 
     </span>
    </p>
   </div>
   <div class='ocr_carea' id='block_1_13' title="bbox 359 1252 1930 1325">
    <p class='ocr_par' dir='ltr' id='par_1_13' title="bbox 359 1252 1930 1325">
     <span class='ocr_line' id='line_1_13' title="bbox 359 1252 1930 1325; baseline 0.002 -21"><span class='ocrx_word' id='word_1_75' title='bbox 359 1252 550 1323; x_wconf 81' lang='grc' dir='ltr'>Κύριε,</span> <span class='ocrx_word' id='word_1_76' title='bbox 603 1252 697 1305; x_wconf 86' lang='grc' dir='ltr'><strong>ἐάν</strong></span> <span class='ocrx_word' id='word_1_77' title='bbox 745 1252 922 1323; x_wconf 71' lang='grc' dir='ltr'>θέλῃς,</span> <span class='ocrx_word' id='word_1_78' title='bbox 956 1253 1181 1307; x_wconf 84' lang='grc' dir='ltr'>δύνασαί</span> <span class='ocrx_word' id='word_1_79' title='bbox 1215 1272 1281 1324; x_wconf 90' lang='grc' dir='ltr'><strong>με</strong></span> <span class='ocrx_word' id='word_1_80' title='bbox 1329 1254 1642 1325; x_wconf 80' lang='grc' dir='ltr'><strong>καθαρίσαι.</strong></span> <span class='ocrx_word' id='word_1_81' title='bbox 1681 1257 1793 1309; x_wconf 74' lang='grc' dir='ltr'><strong>Καὶ</strong></span> <span class='ocrx_word' id='word_1_82' title='bbox 1840 1257 1930 1308; x_wconf 90' lang='grc' dir='ltr'>ἐκ-</span> 
     </span>
    </p>
   </div>
   <div class='ocr_carea' id='block_1_14' title="bbox 356 1344 1928 1416">
    <p class='ocr_par' dir='ltr' id='par_1_14' title="bbox 356 1344 1928 1416">
     <span class='ocr_line' id='line_1_14' title="bbox 356 1344 1928 1416; baseline 0.003 -20"><span class='ocrx_word' id='word_1_83' title='bbox 356 1345 534 1407; x_wconf 79' lang='grc' dir='ltr'>τείνας</span> <span class='ocrx_word' id='word_1_84' title='bbox 574 1344 673 1415; x_wconf 83' lang='grc' dir='ltr'><strong>τὴν</strong></span> <span class='ocrx_word' id='word_1_85' title='bbox 718 1347 896 1416; x_wconf 82' lang='grc' dir='ltr'>χεῖρα,</span> <span class='ocrx_word' id='word_1_86' title='bbox 944 1345 1121 1415; x_wconf 76' lang='grc' dir='ltr'>ἥψατο</span> <span class='ocrx_word' id='word_1_87' title='bbox 1157 1346 1346 1413; x_wconf 82' lang='grc' dir='ltr'>αὐτοῦ,</span> <span class='ocrx_word' id='word_1_88' title='bbox 1380 1347 1584 1415; x_wconf 85' lang='grc' dir='ltr'>λέγων·</span> <span class='ocrx_word' id='word_1_89' title='bbox 1620 1348 1788 1413; x_wconf 74' lang='grc' dir='ltr'>Θέλω,</span> <span class='ocrx_word' id='word_1_90' title='bbox 1826 1364 1928 1401; x_wconf 84' lang='grc' dir='ltr'>κα·</span> 
     </span>
    </p>
   </div>
   <div class='ocr_carea' id='block_1_15' title="bbox 356 1433 1919 1509">
    <p class='ocr_par' dir='ltr' id='par_1_15' title="bbox 356 1433 1919 1509">
     <span class='ocr_line' id='line_1_15' title="bbox 356 1433 1919 1509; baseline 0.003 -24"><span class='ocrx_word' id='word_1_91' title='bbox 356 1433 657 1502; x_wconf 83' lang='grc' dir='ltr'>θαρίσθητι.</span> <span class='ocrx_word' id='word_1_92' title='bbox 688 1436 796 1487; x_wconf 79' lang='grc' dir='ltr'>Καὶ</span> <span class='ocrx_word' id='word_1_93' title='bbox 824 1434 1027 1498; x_wconf 73' lang='grc' dir='ltr'>εὐθέως</span> <span class='ocrx_word' id='word_1_94' title='bbox 1054 1435 1389 1507; x_wconf 76' lang='grc' dir='ltr'><strong>ἐκαθαρίσθη</strong></span> <span class='ocrx_word' id='word_1_95' title='bbox 1418 1437 1582 1491; x_wconf 70' lang='grc' dir='ltr'>αὐτοῦ</span> <span class='ocrx_word' id='word_1_96' title='bbox 1613 1439 1646 1509; x_wconf 80' lang='grc' dir='ltr'>ἡ</span> <span class='ocrx_word' id='word_1_97' title='bbox 1676 1437 1873 1508; x_wconf 87' lang='grc' dir='ltr'>λέπρα.</span> <span class='ocrx_word' id='word_1_98' title='bbox 1902 1457 1919 1489; x_wconf 74' lang='grc' dir='ltr'><strong>ι</strong></span> 
     </span>
    </p>
   </div>
   <div class='ocr_carea' id='block_1_16' title="bbox 355 1525 1927 1601">
    <p class='ocr_par' dir='ltr' id='par_1_16' title="bbox 355 1525 1927 1601">
     <span class='ocr_line' id='line_1_16' title="bbox 355 1525 1927 1601; baseline 0.003 -25"><span class='ocrx_word' id='word_1_99' title='bbox 355 1525 429 1576; x_wconf 70' lang='grc' dir='ltr'><strong>Τὸ</strong></span> <span class='ocrx_word' id='word_1_100' title='bbox 452 1526 693 1595; x_wconf 83' lang='grc' dir='ltr'>ἐνεργεῖν</span> <span class='ocrx_word' id='word_1_101' title='bbox 730 1525 985 1579; x_wconf 75' lang='grc' dir='ltr'>δύνασθαι</span> <span class='ocrx_word' id='word_1_102' title='bbox 1004 1526 1454 1598; x_wconf 83' lang='grc' dir='ltr'>θεοπρεπῶς,οὐκ</span> <span class='ocrx_word' id='word_1_103' title='bbox 1472 1530 1599 1583; x_wconf 80' lang='grc' dir='ltr'>ἴδιον</span> <span class='ocrx_word' id='word_1_104' title='bbox 1617 1529 1927 1601; x_wconf 79' lang='grc' dir='ltr'>ἀνθρώπου,</span> 
     </span>
    </p>
   </div>
   <div class='ocr_carea' id='block_1_17' title="bbox 356 1616 1930 1690">
    <p class='ocr_par' dir='ltr' id='par_1_17' title="bbox 356 1616 1930 1690">
     <span class='ocr_line' id='line_1_17' title="bbox 356 1616 1930 1690; baseline 0 -20"><span class='ocrx_word' id='word_1_105' title='bbox 356 1618 492 1689; x_wconf 77' lang='grc' dir='ltr'>αὐτῇ</span> <span class='ocrx_word' id='word_1_106' title='bbox 513 1617 568 1669; x_wconf 83' lang='grc' dir='ltr'><strong>δὲ</strong></span> <span class='ocrx_word' id='word_1_107' title='bbox 590 1616 784 1686; x_wconf 82' lang='grc' dir='ltr'>μᾶλλον</span> <span class='ocrx_word' id='word_1_108' title='bbox 808 1617 1042 1670; x_wconf 83' lang='grc' dir='ltr'>ἐποιεῖτο</span> <span class='ocrx_word' id='word_1_109' title='bbox 1068 1616 1312 1689; x_wconf 80' lang='grc' dir='ltr'><strong>[πρέποι]</strong></span> <span class='ocrx_word' id='word_1_110' title='bbox 1335 1618 1398 1670; x_wconf 72' lang='grc' dir='ltr'>ἂν</span> <span class='ocrx_word' id='word_1_111' title='bbox 1421 1620 1514 1672; x_wconf 73' lang='grc' dir='ltr'>καὶ</span> <span class='ocrx_word' id='word_1_112' title='bbox 1537 1618 1669 1690; x_wconf 84' lang='grc' dir='ltr'>μόνῃ</span> <span class='ocrx_word' id='word_1_113' title='bbox 1694 1621 1759 1688; x_wconf 83' lang='grc' dir='ltr'>τῇ</span> <span class='ocrx_word' id='word_1_114' title='bbox 1792 1617 1930 1671; x_wconf 86' lang='grc' dir='ltr'>πάν-</span> 
     </span>
    </p>
   </div>
   <div class='ocr_carea' id='block_1_18' title="bbox 2030 608 3599 679">
    <p class='ocr_par' dir='ltr' id='par_1_18' title="bbox 2030 608 3599 679">
     <span class='ocr_line' id='line_1_18' title="bbox 2030 608 3599 679; baseline -0.006 -9"><span class='ocrx_word' id='word_1_115' title='bbox 2030 631 2189 671; x_wconf 85' lang='lat' dir='ltr'><strong>mus:</strong></span> <span class='ocrx_word' id='word_1_116' title='bbox 2220 632 2346 671; x_wconf 87' lang='lat' dir='ltr'><strong>nam</strong></span> <span class='ocrx_word' id='word_1_117' title='bbox 2377 615 2561 669; x_wconf 82' lang='lat' dir='ltr'><strong>omnia</strong></span> <span class='ocrx_word' id='word_1_118' title='bbox 2600 613 2767 668; x_wconf 90' lang='lat' dir='ltr'><strong>solius</strong></span> <span class='ocrx_word' id='word_1_119' title='bbox 2793 611 2884 665; x_wconf 82' lang='lat' dir='ltr'><strong>Dei</strong></span> <span class='ocrx_word' id='word_1_120' title='bbox 2908 621 3055 678; x_wconf 90' lang='lat' dir='ltr'><strong>sunt,</strong></span> <span class='ocrx_word' id='word_1_121' title='bbox 3106 609 3315 679; x_wconf 84' lang='lat' dir='ltr'><strong>ipsique</strong></span> <span class='ocrx_word' id='word_1_122' title='bbox 3344 608 3442 663; x_wconf 88' lang='lat' dir='ltr'><strong>soli</strong></span> <span class='ocrx_word' id='word_1_123' title='bbox 3472 622 3599 662; x_wconf 88' lang='lat' dir='ltr'><strong>con-</strong></span> 
     </span>
    </p>
   </div>
   <div class='ocr_carea' id='block_1_19' title="bbox 2030 701 3599 778">
    <p class='ocr_par' dir='ltr' id='par_1_19' title="bbox 2030 701 3599 778">
     <span class='ocr_line' id='line_1_19' title="bbox 2030 701 3599 778; baseline -0.005 -17"><span class='ocrx_word' id='word_1_124' title='bbox 2030 708 2176 778; x_wconf 90' lang='lat' dir='ltr'><strong>gruit</strong></span> <span class='ocrx_word' id='word_1_125' title='bbox 2224 708 2370 772; x_wconf 85' lang='lat' dir='ltr'><strong>illos,</strong></span> <span class='ocrx_word' id='word_1_126' title='bbox 2412 706 2503 777; x_wconf 86' lang='lat' dir='ltr'><strong>qui</strong></span> <span class='ocrx_word' id='word_1_127' title='bbox 2552 705 2808 769; x_wconf 89' lang='lat' dir='ltr'><strong>credunt,</strong></span> <span class='ocrx_word' id='word_1_128' title='bbox 2856 704 2908 765; x_wconf 89' lang='lat' dir='ltr'><strong>in</strong></span> <span class='ocrx_word' id='word_1_129' title='bbox 2960 701 3165 773; x_wconf 90' lang='lat' dir='ltr'><strong>Spiritu</strong></span> <span class='ocrx_word' id='word_1_130' title='bbox 3204 710 3393 755; x_wconf 79' lang='lat' dir='ltr'><strong>sancto</strong></span> <span class='ocrx_word' id='word_1_131' title='bbox 3439 714 3599 770; x_wconf 86' lang='lat' dir='ltr'><strong>posse</strong></span> 
     </span>
    </p>
   </div>
   <div class='ocr_carea' id='block_1_20' title="bbox 2029 793 3596 869">
    <p class='ocr_par' dir='ltr' id='par_1_20' title="bbox 2029 793 3596 869">
     <span class='ocr_line' id='line_1_20' title="bbox 2029 793 3596 869; baseline -0.005 -16"><span class='ocrx_word' id='word_1_132' title='bbox 2029 799 2329 869; x_wconf 77' lang='lat' dir='ltr'><strong>baptizare.</strong></span> <span class='ocrx_word' id='word_1_133' title='bbox 2367 796 2529 866; x_wconf 85' lang='lat' dir='ltr'><strong>Atqui</strong></span> <span class='ocrx_word' id='word_1_134' title='bbox 2576 797 2847 861; x_wconf 80' lang='lat' dir='ltr'><strong>Christus,</strong></span> <span class='ocrx_word' id='word_1_135' title='bbox 2894 794 2985 865; x_wconf 89' lang='lat' dir='ltr'><strong>qui</strong></span> <span class='ocrx_word' id='word_1_136' title='bbox 3033 793 3326 849; x_wconf 88' lang='lat' dir='ltr'><strong>secundmn</strong></span> <span class='ocrx_word' id='word_1_137' title='bbox 3376 806 3596 846; x_wconf 88' lang='lat' dir='ltr'><strong>carnem</strong></span> 
     </span>
    </p>
   </div>
   <div class='ocr_carea' id='block_1_21' title="bbox 2029 882 3597 959">
    <p class='ocr_par' dir='ltr' id='par_1_21' title="bbox 2029 882 3597 959">
     <span class='ocr_line' id='line_1_21' title="bbox 2029 882 3597 959; baseline -0.006 -14"><span class='ocrx_word' id='word_1_138' title='bbox 2029 901 2149 959; x_wconf 86' lang='lat' dir='ltr'><strong>post</strong></span> <span class='ocrx_word' id='word_1_139' title='bbox 2170 889 2430 945; x_wconf 85' lang='lat' dir='ltr'><strong>Joannem</strong></span> <span class='ocrx_word' id='word_1_140' title='bbox 2455 888 2725 952; x_wconf 84' lang='lat' dir='ltr'><strong>veniebat,</strong></span> <span class='ocrx_word' id='word_1_141' title='bbox 2751 896 2997 957; x_wconf 87' lang='lat' dir='ltr'><strong>potenter</strong></span> <span class='ocrx_word' id='word_1_142' title='bbox 3023 886 3110 940; x_wconf 91' lang='lat' dir='ltr'><strong>isti</strong></span> <span class='ocrx_word' id='word_1_143' title='bbox 3147 889 3257 938; x_wconf 77' lang='lat' dir='ltr'><strong>lucc</strong></span> <span class='ocrx_word' id='word_1_144' title='bbox 3287 882 3597 953; x_wconf 66' lang='lat' dir='ltr'><strong>praestabat,</strong></span> 
     </span>
    </p>
   </div>
   <div class='ocr_carea' id='block_1_22' title="bbox 2031 972 3599 1051">
    <p class='ocr_par' dir='ltr' id='par_1_22' title="bbox 2031 972 3599 1051">
     <span class='ocr_line' id='line_1_22' title="bbox 2031 972 3599 1051; baseline -0.004 -17"><span class='ocrx_word' id='word_1_145' title='bbox 2031 980 2281 1051; x_wconf 90' lang='lat' dir='ltr'><strong>idemque</strong></span> <span class='ocrx_word' id='word_1_146' title='bbox 2329 995 2482 1036; x_wconf 88' lang='lat' dir='ltr'><strong>suam</strong></span> <span class='ocrx_word' id='word_1_147' title='bbox 2533 993 2747 1049; x_wconf 91' lang='lat' dir='ltr'><strong>quoque</strong></span> <span class='ocrx_word' id='word_1_148' title='bbox 2783 994 2965 1034; x_wconf 86' lang='lat' dir='ltr'><strong>aream</strong></span> <span class='ocrx_word' id='word_1_149' title='bbox 3023 975 3367 1047; x_wconf 86' lang='lat' dir='ltr'><strong>permundat.</strong></span> <span class='ocrx_word' id='word_1_150' title='bbox 3424 972 3599 1028; x_wconf 77' lang='lat' dir='ltr'><strong>Verus</strong></span> 
     </span>
    </p>
   </div>
   <div class='ocr_carea' id='block_1_23' title="bbox 2031 1070 2793 1139">
    <p class='ocr_par' dir='ltr' id='par_1_23' title="bbox 2031 1070 2793 1139">
     <span class='ocr_line' id='line_1_23' title="bbox 2031 1070 2793 1139; baseline 0 -14"><span class='ocrx_word' id='word_1_151' title='bbox 2031 1071 2210 1139; x_wconf 87' lang='lat' dir='ltr'><strong>itaque</strong></span> <span class='ocrx_word' id='word_1_152' title='bbox 2245 1072 2384 1127; x_wconf 87' lang='lat' dir='ltr'><strong>Deus</strong></span> <span class='ocrx_word' id='word_1_153' title='bbox 2415 1081 2498 1126; x_wconf 92' lang='lat' dir='ltr'><strong>est</strong></span> <span class='ocrx_word' id='word_1_154' title='bbox 2525 1070 2793 1125; x_wconf 80' lang='lat' dir='ltr'><strong>Christus.</strong></span> 
     </span>
    </p>
   </div>
   <div class='ocr_carea' id='block_1_24' title="bbox 2107 1150 3600 1231">
    <p class='ocr_par' dir='ltr' id='par_1_24' title="bbox 2107 1150 3600 1231">
     <span class='ocr_line' id='line_1_24' title="bbox 2107 1150 3600 1231; baseline -0.005 -17"><span class='ocrx_word' id='word_1_155' title='bbox 2107 1180 2126 1213; x_wconf 78' lang='grc' dir='ltr'><strong>ι</strong></span> <span class='ocrx_word' id='word_1_156' title='bbox 2163 1161 2227 1216; x_wconf 82' lang='lat' dir='ltr'><strong>Et</strong></span> <span class='ocrx_word' id='word_1_157' title='bbox 2262 1175 2390 1216; x_wconf 82' lang='lat' dir='ltr'><strong>ecce</strong></span> <span class='ocrx_word' id='word_1_158' title='bbox 2440 1161 2685 1231; x_wconf 87' lang='lat' dir='ltr'><strong>leprosus</strong></span> <span class='ocrx_word' id='word_1_159' title='bbox 2729 1158 2954 1213; x_wconf 88' lang='lat' dir='ltr'><strong>veniens</strong></span> <span class='ocrx_word' id='word_1_160' title='bbox 3008 1156 3267 1211; x_wconf 81' lang='lat' dir='ltr'><strong>adorabat</strong></span> <span class='ocrx_word' id='word_1_161' title='bbox 3317 1169 3475 1218; x_wconf 90' lang='lat' dir='ltr'><strong>eum,</strong></span> <span class='ocrx_word' id='word_1_162' title='bbox 3517 1150 3600 1207; x_wconf 86' lang='lat' dir='ltr'><strong>di-</strong></span> 
     </span>
    </p>
   </div>
   <div class='ocr_carea' id='block_1_25' title="bbox 2032 1245 3600 1319">
    <p class='ocr_par' dir='ltr' id='par_1_25' title="bbox 2032 1245 3600 1319">
     <span class='ocr_line' id='line_1_25' title="bbox 2032 1245 3600 1319; baseline -0.006 -11"><span class='ocrx_word' id='word_1_163' title='bbox 2032 1269 2161 1309; x_wconf 91' lang='lat' dir='ltr'><strong>cens</strong></span> <span class='ocrx_word' id='word_1_164' title='bbox 2190 1270 2203 1307; x_wconf 95' lang='lat'><strong>:</strong></span> <span class='ocrx_word' id='word_1_165' title='bbox 2229 1252 2476 1316; x_wconf 82' lang='lat' dir='ltr'><strong>Dmuiue,</strong></span> <span class='ocrx_word' id='word_1_166' title='bbox 2508 1252 2552 1305; x_wconf 86' lang='lat' dir='ltr'><strong>si</strong></span> <span class='ocrx_word' id='word_1_167' title='bbox 2586 1252 2689 1317; x_wconf 82' lang='lat' dir='ltr'><strong>vis,</strong></span> <span class='ocrx_word' id='word_1_168' title='bbox 2720 1261 2874 1319; x_wconf 80' lang='lat' dir='ltr'><strong>potes</strong></span> <span class='ocrx_word' id='word_1_169' title='bbox 2907 1264 2993 1303; x_wconf 87' lang='lat' dir='ltr'><strong>me</strong></span> <span class='ocrx_word' id='word_1_170' title='bbox 3023 1245 3385 1304; x_wconf 83' lang='lat' dir='ltr'><strong>mundare.Et</strong></span> <span class='ocrx_word' id='word_1_171' title='bbox 3413 1256 3600 1300; x_wconf 80' lang='lat' dir='ltr'><strong>cxten-</strong></span> 
     </span>
    </p>
   </div>
   <div class='ocr_carea' id='block_1_26' title="bbox 2031 1336 3597 1412">
    <p class='ocr_par' dir='ltr' id='par_1_26' title="bbox 2031 1336 3597 1412">
     <span class='ocr_line' id='line_1_26' title="bbox 2031 1336 3597 1412; baseline -0.004 -13"><span class='ocrx_word' id='word_1_172' title='bbox 2031 1346 2163 1400; x_wconf 89' lang='lat' dir='ltr'><strong>dens</strong></span> <span class='ocrx_word' id='word_1_173' title='bbox 2209 1344 2368 1399; x_wconf 84' lang='lat' dir='ltr'><strong>Jesus</strong></span> <span class='ocrx_word' id='word_1_174' title='bbox 2414 1359 2651 1405; x_wconf 88' lang='lat' dir='ltr'><strong>manum,</strong></span> <span class='ocrx_word' id='word_1_175' title='bbox 2700 1342 2871 1412; x_wconf 83' lang='lat' dir='ltr'><strong>tetigit</strong></span> <span class='ocrx_word' id='word_1_176' title='bbox 2924 1356 3077 1406; x_wconf 91' lang='lat' dir='ltr'><strong>eum,</strong></span> <span class='ocrx_word' id='word_1_177' title='bbox 3136 1340 3366 1394; x_wconf 87' lang='lat' dir='ltr'><strong>dicens:</strong></span> <span class='ocrx_word' id='word_1_178' title='bbox 3428 1336 3597 1401; x_wconf 82' lang='lat' dir='ltr'><strong>Volo,</strong></span> 
     </span>
    </p>
   </div>
   <div class='ocr_carea' id='block_1_27' title="bbox 2031 1429 3595 1501">
    <p class='ocr_par' dir='ltr' id='par_1_27' title="bbox 2031 1429 3595 1501">
     <span class='ocr_line' id='line_1_27' title="bbox 2031 1429 3595 1501; baseline -0.008 -7"><span class='ocrx_word' id='word_1_179' title='bbox 2031 1440 2313 1494; x_wconf 88' lang='lat' dir='ltr'><strong>mundare.</strong></span> <span class='ocrx_word' id='word_1_180' title='bbox 2355 1438 2421 1492; x_wconf 91' lang='lat' dir='ltr'><strong>Et</strong></span> <span class='ocrx_word' id='word_1_181' title='bbox 2451 1436 2732 1492; x_wconf 82' lang='lat' dir='ltr'><strong>confestim</strong></span> <span class='ocrx_word' id='word_1_182' title='bbox 2766 1436 3019 1489; x_wconf 88' lang='lat' dir='ltr'><strong>muudata</strong></span> <span class='ocrx_word' id='word_1_183' title='bbox 3051 1442 3131 1486; x_wconf 91' lang='lat' dir='ltr'><strong>est</strong></span> <span class='ocrx_word' id='word_1_184' title='bbox 3161 1432 3308 1501; x_wconf 88' lang='lat' dir='ltr'><strong>lepra</strong></span> <span class='ocrx_word' id='word_1_185' title='bbox 3332 1429 3450 1501; x_wconf 83' lang='lat' dir='ltr'><strong>ejus</strong></span> <span class='ocrx_word' id='word_1_186' title='bbox 3468 1429 3532 1483; x_wconf 79' lang='grc'><strong>⁸⁸.</strong></span> <span class='ocrx_word' id='word_1_187' title='bbox 3575 1448 3595 1482; x_wconf 72' lang='grc' dir='ltr'><strong>ι</strong></span> 
     </span>
    </p>
   </div>
   <div class='ocr_carea' id='block_1_28' title="bbox 2029 1521 3597 1597">
    <p class='ocr_par' dir='ltr' id='par_1_28' title="bbox 2029 1521 3597 1597">
     <span class='ocr_line' id='line_1_28' title="bbox 2029 1521 3597 1597; baseline -0.008 -12"><span class='ocrx_word' id='word_1_188' title='bbox 2029 1528 2177 1597; x_wconf 90' lang='lat' dir='ltr'><strong>Opus</strong></span> <span class='ocrx_word' id='word_1_189' title='bbox 2207 1529 2445 1582; x_wconf 82' lang='lat' dir='ltr'><strong>divinum</strong></span> <span class='ocrx_word' id='word_1_190' title='bbox 2472 1526 2669 1590; x_wconf 88' lang='lat' dir='ltr'><strong>moliri,</strong></span> <span class='ocrx_word' id='word_1_191' title='bbox 2705 1541 2810 1579; x_wconf 91' lang='lat' dir='ltr'><strong>nou</strong></span> <span class='ocrx_word' id='word_1_192' title='bbox 2847 1531 2935 1578; x_wconf 86' lang='lat' dir='ltr'><strong>est</strong></span> <span class='ocrx_word' id='word_1_193' title='bbox 2974 1522 3171 1577; x_wconf 83' lang='lat' dir='ltr'><strong>virium</strong></span> <span class='ocrx_word' id='word_1_194' title='bbox 3216 1521 3597 1576; x_wconf 92' lang='lat' dir='ltr'><strong>humanarum.</strong></span> 
     </span>
    </p>
   </div>
   <div class='ocr_carea' id='block_1_29' title="bbox 2030 1615 3595 1687">
    <p class='ocr_par' dir='ltr' id='par_1_29' title="bbox 2030 1615 3595 1687">
     <span class='ocr_line' id='line_1_29' title="bbox 2030 1615 3595 1687; baseline -0.008 -11"><span class='ocrx_word' id='word_1_195' title='bbox 2030 1621 2297 1676; x_wconf 89' lang='lat' dir='ltr'><strong>Convenit</strong></span> <span class='ocrx_word' id='word_1_196' title='bbox 2336 1621 2387 1674; x_wconf 85' lang='lat' dir='ltr'><strong>id</strong></span> <span class='ocrx_word' id='word_1_197' title='bbox 2422 1630 2603 1673; x_wconf 88' lang='lat' dir='ltr'><strong>autem</strong></span> <span class='ocrx_word' id='word_1_198' title='bbox 2631 1619 2681 1671; x_wconf 90' lang='lat' dir='ltr'><strong>in</strong></span> <span class='ocrx_word' id='word_1_199' title='bbox 2717 1617 3015 1687; x_wconf 88' lang='lat' dir='ltr'><strong>principem</strong></span> <span class='ocrx_word' id='word_1_200' title='bbox 3048 1615 3288 1667; x_wconf 90' lang='lat' dir='ltr'><strong>omnium</strong></span> <span class='ocrx_word' id='word_1_201' title='bbox 3325 1621 3595 1675; x_wconf 89' lang='lat' dir='ltr'><strong>naturam,</strong></span> 
     </span>
    </p>
   </div>
   <div class='ocr_carea' id='block_1_30' title="bbox 353 1702 1929 1781">
    <p class='ocr_par' dir='ltr' id='par_1_30' title="bbox 353 1709 1929 1781">
     <span class='ocr_line' id='line_1_30' title="bbox 353 1709 1929 1781; baseline 0.001 -20"><span class='ocrx_word' id='word_1_202' title='bbox 353 1727 461 1763; x_wconf 82' lang='grc' dir='ltr'><strong>των</strong></span> <span class='ocrx_word' id='word_1_203' title='bbox 493 1711 744 1763; x_wconf 75' lang='grc' dir='ltr'><strong>ἐπέκεινα</strong></span> <span class='ocrx_word' id='word_1_204' title='bbox 779 1709 959 1778; x_wconf 76' lang='grc' dir='ltr'>φύσει.</span> <span class='ocrx_word' id='word_1_205' title='bbox 1001 1711 1242 1781; x_wconf 85' lang='grc' dir='ltr'>Ἑνεργεῖ</span> <span class='ocrx_word' id='word_1_206' title='bbox 1272 1711 1327 1763; x_wconf 81' lang='grc' dir='ltr'><strong>δὲ</strong></span> <span class='ocrx_word' id='word_1_207' title='bbox 1362 1709 1504 1764; x_wconf 73' lang='grc' dir='ltr'>οὕτω</span> <span class='ocrx_word' id='word_1_208' title='bbox 1532 1712 1790 1781; x_wconf 82' lang='grc' dir='ltr'>Χριστός·</span> <span class='ocrx_word' id='word_1_209' title='bbox 1832 1712 1929 1764; x_wconf 77' lang='grc' dir='ltr'><strong>οὐκ</strong></span> 
     </span>
    </p>
   </div>
   <div class='ocr_carea' id='block_1_31' title="bbox 2030 1702 3597 1781">
    <p class='ocr_par' dir='ltr' id='par_1_31' title="bbox 2033 1702 3597 1778">
     <span class='ocr_line' id='line_1_31' title="bbox 2033 1702 3597 1778; baseline -0.008 -11"><span class='ocrx_word' id='word_1_210' title='bbox 2033 1715 2134 1768; x_wconf 92' lang='lat' dir='ltr'><strong>hoc</strong></span> <span class='ocrx_word' id='word_1_211' title='bbox 2166 1722 2250 1766; x_wconf 84' lang='lat' dir='ltr'><strong>est</strong></span> <span class='ocrx_word' id='word_1_212' title='bbox 2300 1710 2554 1765; x_wconf 85' lang='lat' dir='ltr'><strong>divinam.</strong></span> <span class='ocrx_word' id='word_1_213' title='bbox 2610 1709 2771 1778; x_wconf 85' lang='lat' dir='ltr'><strong>Atqui</strong></span> <span class='ocrx_word' id='word_1_214' title='bbox 2830 1707 3077 1761; x_wconf 84' lang='lat' dir='ltr'><strong>Christus</strong></span> <span class='ocrx_word' id='word_1_215' title='bbox 3121 1702 3383 1774; x_wconf 88' lang='lat' dir='ltr'><strong>ejusmodi</strong></span> <span class='ocrx_word' id='word_1_216' title='bbox 3434 1716 3597 1773; x_wconf 84' lang='lat' dir='ltr'><strong>opera</strong></span> 
     </span>
    </p>
   </div>
   <div class='ocr_carea' id='block_1_32' title="bbox 353 1795 1929 1872">
    <p class='ocr_par' dir='ltr' id='par_1_32' title="bbox 353 1801 1929 1872">
     <span class='ocr_line' id='line_1_32' title="bbox 353 1801 1929 1872; baseline -0.001 -17"><span class='ocrx_word' id='word_1_217' title='bbox 353 1803 461 1872; x_wconf 81' lang='grc' dir='ltr'><strong>ἄρα</strong></span> <span class='ocrx_word' id='word_1_218' title='bbox 505 1801 657 1870; x_wconf 73' lang='grc' dir='ltr'>ψιλὸς</span> <span class='ocrx_word' id='word_1_219' title='bbox 702 1801 988 1871; x_wconf 79' lang='grc' dir='ltr'>ἄνθρωπος</span> <span class='ocrx_word' id='word_1_220' title='bbox 1032 1801 1157 1855; x_wconf 81' lang='grc' dir='ltr'>καθ’</span> <span class='ocrx_word' id='word_1_221' title='bbox 1195 1803 1364 1872; x_wconf 79' lang='grc' dir='ltr'>ἡμᾶς,</span> <span class='ocrx_word' id='word_1_222' title='bbox 1399 1802 1529 1865; x_wconf 78' lang='grc' dir='ltr'>Θεὸς</span> <span class='ocrx_word' id='word_1_223' title='bbox 1556 1802 1612 1855; x_wconf 85' lang='grc' dir='ltr'><strong>δὲ</strong></span> <span class='ocrx_word' id='word_1_224' title='bbox 1645 1801 1842 1872; x_wconf 80' lang='grc' dir='ltr'>μᾶλλον</span> <span class='ocrx_word' id='word_1_225' title='bbox 1872 1802 1929 1853; x_wconf 88' lang='grc' dir='ltr'>ἐν</span> 
     </span>
    </p>
   </div>
   <div class='ocr_carea' id='block_1_33' title="bbox 2030 1795 3596 1872">
    <p class='ocr_par' dir='ltr' id='par_1_33' title="bbox 2033 1795 3596 1871">
     <span class='ocr_line' id='line_1_33' title="bbox 2033 1795 3596 1871; baseline -0.008 -13"><span class='ocrx_word' id='word_1_226' title='bbox 2033 1806 2284 1865; x_wconf 81' lang='lat' dir='ltr'><strong>molitur;</strong></span> <span class='ocrx_word' id='word_1_227' title='bbox 2318 1818 2420 1857; x_wconf 92' lang='lat' dir='ltr'><strong>non</strong></span> <span class='ocrx_word' id='word_1_228' title='bbox 2452 1812 2536 1857; x_wconf 89' lang='lat' dir='ltr'><strong>est</strong></span> <span class='ocrx_word' id='word_1_229' title='bbox 2558 1816 2684 1871; x_wconf 80' lang='lat' dir='ltr'><strong>ergo</strong></span> <span class='ocrx_word' id='word_1_230' title='bbox 2715 1800 2890 1855; x_wconf 93' lang='lat' dir='ltr'><strong>nudus</strong></span> <span class='ocrx_word' id='word_1_231' title='bbox 2933 1799 3115 1864; x_wconf 92' lang='lat' dir='ltr'><strong>homo,</strong></span> <span class='ocrx_word' id='word_1_232' title='bbox 3149 1795 3596 1866; x_wconf 85' lang='lat' dir='ltr'><strong>quemadmodum</strong></span> 
     </span>
    </p>
   </div>
   <div class='ocr_carea' id='block_1_34' title="bbox 354 1888 1929 1965">
    <p class='ocr_par' dir='ltr' id='par_1_34' title="bbox 354 1892 1927 1965">
     <span class='ocr_line' id='line_1_34' title="bbox 354 1892 1927 1965; baseline 0 -20"><span class='ocrx_word' id='word_1_233' title='bbox 354 1892 667 1964; x_wconf 75' lang='grc' dir='ltr'>ἀνθρωπεία</span> <span class='ocrx_word' id='word_1_234' title='bbox 698 1897 903 1964; x_wconf 76' lang='grc' dir='ltr'>μορφῇ.</span> <span class='ocrx_word' id='word_1_235' title='bbox 931 1892 1087 1947; x_wconf 82' lang='grc' dir='ltr'>Οὖτω</span> <span class='ocrx_word' id='word_1_236' title='bbox 1115 1894 1326 1965; x_wconf 76' lang='grc' dir='ltr'>νοήσεις</span> <span class='ocrx_word' id='word_1_237' title='bbox 1355 1894 1450 1947; x_wconf 72' lang='grc' dir='ltr'><strong>καὶ</strong></span> <span class='ocrx_word' id='word_1_238' title='bbox 1476 1894 1571 1947; x_wconf 68' lang='grc' dir='ltr'><strong>ἐπὶ</strong></span> <span class='ocrx_word' id='word_1_239' title='bbox 1593 1892 1690 1962; x_wconf 79' lang='grc' dir='ltr'>τῆς</span> <span class='ocrx_word' id='word_1_240' title='bbox 1721 1893 1927 1963; x_wconf 89' lang='grc' dir='ltr'>Πέτρου</span> 
     </span>
    </p>
   </div>
   <div class='ocr_carea' id='block_1_35' title="bbox 2030 1888 3597 1965">
    <p class='ocr_par' dir='ltr' id='par_1_35' title="bbox 2034 1888 3597 1963">
     <span class='ocr_line' id='line_1_35' title="bbox 2034 1888 3597 1963; baseline -0.007 -11"><span class='ocrx_word' id='word_1_241' title='bbox 2034 1914 2154 1963; x_wconf 88' lang='lat' dir='ltr'><strong>nos,</strong></span> <span class='ocrx_word' id='word_1_242' title='bbox 2190 1897 2282 1951; x_wconf 89' lang='lat' dir='ltr'><strong>sed</strong></span> <span class='ocrx_word' id='word_1_243' title='bbox 2328 1895 2469 1950; x_wconf 89' lang='lat' dir='ltr'><strong>Deus</strong></span> <span class='ocrx_word' id='word_1_244' title='bbox 2511 1895 2821 1947; x_wconf 83' lang='lat' dir='ltr'><strong>humanam</strong></span> <span class='ocrx_word' id='word_1_245' title='bbox 2852 1901 3102 1946; x_wconf 86' lang='lat' dir='ltr'><strong>naturam</strong></span> <span class='ocrx_word' id='word_1_246' title='bbox 3145 1890 3387 1945; x_wconf 90' lang='lat' dir='ltr'><strong>indutus.</strong></span> <span class='ocrx_word' id='word_1_247' title='bbox 3443 1888 3597 1955; x_wconf 86' lang='lat' dir='ltr'><strong>Quod</strong></span> 
     </span>
    </p>
   </div>
   <div class='ocr_carea' id='block_1_36' title="bbox 354 1985 1931 2058">
    <p class='ocr_par' dir='ltr' id='par_1_36' title="bbox 354 1985 1931 2058">
     <span class='ocr_line' id='line_1_36' title="bbox 354 1985 1931 2058; baseline 0.003 -22"><span class='ocrx_word' id='word_1_248' title='bbox 354 1985 640 2054; x_wconf 77' lang='grc' dir='ltr'>πενθερᾶς,</span> <span class='ocrx_word' id='word_1_249' title='bbox 691 1985 793 2038; x_wconf 74' lang='grc' dir='ltr'><strong>κᾶν</strong></span> <span class='ocrx_word' id='word_1_250' title='bbox 837 1988 950 2048; x_wconf 86' lang='grc' dir='ltr'>τοῖς</span> <span class='ocrx_word' id='word_1_251' title='bbox 1001 1985 1229 2056; x_wconf 82' lang='grc' dir='ltr'>ἀνέμοις</span> <span class='ocrx_word' id='word_1_252' title='bbox 1280 1987 1547 2058; x_wconf 81' lang='grc' dir='ltr'>ἐπιτιμῶν</span> <span class='ocrx_word' id='word_1_253' title='bbox 1594 1987 1786 2058; x_wconf 80' lang='grc' dir='ltr'>ὁρῷτο,</span> <span class='ocrx_word' id='word_1_254' title='bbox 1837 1988 1931 2040; x_wconf 87' lang='grc' dir='ltr'>θα-</span> 
     </span>
    </p>
   </div>
   <div class='ocr_carea' id='block_1_37' title="bbox 354 2076 1930 2152">
    <p class='ocr_par' dir='ltr' id='par_1_37' title="bbox 354 2076 1930 2152">
     <span class='ocr_line' id='line_1_37' title="bbox 354 2076 1930 2152; baseline 0.004 -25"><span class='ocrx_word' id='word_1_255' title='bbox 354 2076 526 2146; x_wconf 79' lang='grc' dir='ltr'>λάσσῃ</span> <span class='ocrx_word' id='word_1_256' title='bbox 557 2094 613 2129; x_wconf 89' lang='grc' dir='ltr'><strong>τε</strong></span> <span class='ocrx_word' id='word_1_257' title='bbox 646 2077 737 2129; x_wconf 79' lang='grc' dir='ltr'><strong>καὶ</strong></span> <span class='ocrx_word' id='word_1_258' title='bbox 780 2077 987 2131; x_wconf 76' lang='grc' dir='ltr'>ὕδασιν.</span> <span class='ocrx_word' id='word_1_259' title='bbox 1022 2078 1191 2132; x_wconf 80' lang='grc' dir='ltr'>Ὅθεν</span> <span class='ocrx_word' id='word_1_260' title='bbox 1218 2080 1309 2133; x_wconf 77' lang='grc' dir='ltr'><strong>καὶ</strong></span> <span class='ocrx_word' id='word_1_261' title='bbox 1334 2080 1384 2132; x_wconf 88' lang='grc' dir='ltr'><strong>οί</strong></span> <span class='ocrx_word' id='word_1_262' title='bbox 1429 2079 1705 2133; x_wconf 89' lang='grc' dir='ltr'>θεσπέσιοι</span> <span class='ocrx_word' id='word_1_263' title='bbox 1754 2080 1930 2152; x_wconf 74' lang='grc' dir='ltr'>μαθηο</span> 
     </span>
    </p>
   </div>
   <div class='ocr_carea' id='block_1_38' title="bbox 354 2167 1928 2243">
    <p class='ocr_par' dir='ltr' id='par_1_38' title="bbox 354 2167 1928 2243">
     <span class='ocr_line' id='line_1_38' title="bbox 354 2167 1928 2243; baseline 0.004 -24"><span class='ocrx_word' id='word_1_264' title='bbox 354 2168 445 2219; x_wconf 70' lang='grc' dir='ltr'>ταὶ</span> <span class='ocrx_word' id='word_1_265' title='bbox 477 2167 572 2219; x_wconf 78' lang='grc' dir='ltr'>καὶ</span> <span class='ocrx_word' id='word_1_266' title='bbox 615 2167 886 2220; x_wconf 88' lang='grc' dir='ltr'>θάλασσαν</span> <span class='ocrx_word' id='word_1_267' title='bbox 917 2169 1012 2221; x_wconf 77' lang='grc' dir='ltr'><strong>καὶ</strong></span> <span class='ocrx_word' id='word_1_268' title='bbox 1059 2168 1295 2239; x_wconf 81' lang='grc' dir='ltr'>ἀνέμους</span> <span class='ocrx_word' id='word_1_269' title='bbox 1339 2170 1731 2241; x_wconf 83' lang='grc' dir='ltr'>ὑποκειμένους</span> <span class='ocrx_word' id='word_1_270' title='bbox 1760 2172 1928 2243; x_wconf 81' lang='grc' dir='ltr'>ὁρῶν-</span> 
     </span>
    </p>
   </div>
   <div class='ocr_carea' id='block_1_39' title="bbox 354 2257 1923 2328">
    <p class='ocr_par' dir='ltr' id='par_1_39' title="bbox 354 2257 1923 2328">
     <span class='ocr_line' id='line_1_39' title="bbox 354 2257 1923 2328; baseline 0.005 -19"><span class='ocrx_word' id='word_1_271' title='bbox 354 2275 466 2321; x_wconf 90' lang='grc' dir='ltr'>τες,</span> <span class='ocrx_word' id='word_1_272' title='bbox 491 2258 867 2327; x_wconf 83' lang='grc' dir='ltr'>τεθαυμάκασι</span> <span class='ocrx_word' id='word_1_273' title='bbox 886 2259 1133 2328; x_wconf 81' lang='grc' dir='ltr'>λέγοντες</span> <span class='ocrx_word' id='word_1_274' title='bbox 1158 2276 1171 2289; x_wconf 82' lang='lat'><strong><em>°</em></strong></span> <span class='ocrx_word' id='word_1_275' title='bbox 1203 2279 1221 2311; x_wconf 80' lang='grc' dir='ltr'><strong>ι</strong></span> <span class='ocrx_word' id='word_1_276' title='bbox 1250 2262 1498 2324; x_wconf 84' lang='grc' dir='ltr'>Ποταπός</span> <span class='ocrx_word' id='word_1_277' title='bbox 1523 2264 1671 2315; x_wconf 82' lang='grc' dir='ltr'>ἐστιν</span> <span class='ocrx_word' id='word_1_278' title='bbox 1690 2257 1875 2328; x_wconf 71' lang='grc' dir='ltr'>οὗτοςς</span> <span class='ocrx_word' id='word_1_279' title='bbox 1905 2282 1923 2316; x_wconf 72' lang='grc' dir='ltr'><strong>ι</strong></span> 
     </span>
    </p>
   </div>
   <div class='ocr_carea' id='block_1_40' title="bbox 355 2346 1929 2422">
    <p class='ocr_par' dir='ltr' id='par_1_40' title="bbox 355 2346 1929 2422">
     <span class='ocr_line' id='line_1_40' title="bbox 355 2346 1929 2422; baseline 0.005 -24"><span class='ocrx_word' id='word_1_280' title='bbox 355 2350 431 2401; x_wconf 78' lang='grc' dir='ltr'>υύ</span> <span class='ocrx_word' id='word_1_281' title='bbox 478 2350 587 2419; x_wconf 75' lang='grc' dir='ltr'><strong>γάρ</strong></span> <span class='ocrx_word' id='word_1_282' title='bbox 638 2346 707 2420; x_wconf 77' lang='grc' dir='ltr'><strong>ἦν</strong></span> <span class='ocrx_word' id='word_1_283' title='bbox 740 2349 1028 2421; x_wconf 82' lang='grc' dir='ltr'>ἀνθρώπου</span> <span class='ocrx_word' id='word_1_284' title='bbox 1069 2351 1225 2422; x_wconf 75' lang='grc' dir='ltr'>ψιλοῦ</span> <span class='ocrx_word' id='word_1_285' title='bbox 1279 2352 1349 2405; x_wconf 79' lang='grc' dir='ltr'><strong>τά</strong></span> <span class='ocrx_word' id='word_1_286' title='bbox 1401 2351 1624 2405; x_wconf 79' lang='grc' dir='ltr'>τοιαῦτα</span> <span class='ocrx_word' id='word_1_287' title='bbox 1670 2352 1929 2407; x_wconf 73' lang='grc' dir='ltr'>δύνασθαι</span> 
     </span>
    </p>
   </div>
   <div class='ocr_carea' id='block_1_41' title="bbox 355 2436 1931 2517">
    <p class='ocr_par' dir='ltr' id='par_1_41' title="bbox 355 2436 1931 2517">
     <span class='ocr_line' id='line_1_41' title="bbox 355 2436 1931 2517; baseline 0.003 -23"><span class='ocrx_word' id='word_1_288' title='bbox 355 2443 510 2513; x_wconf 74' lang='grc' dir='ltr'>δρᾷν.</span> <span class='ocrx_word' id='word_1_289' title='bbox 545 2441 677 2504; x_wconf 81' lang='grc' dir='ltr'>Θεὸς</span> <span class='ocrx_word' id='word_1_290' title='bbox 722 2436 817 2495; x_wconf 75' lang='grc' dir='ltr'>οὖν</span> <span class='ocrx_word' id='word_1_291' title='bbox 861 2443 971 2513; x_wconf 79' lang='grc' dir='ltr'><strong>ἄρα</strong></span> <span class='ocrx_word' id='word_1_292' title='bbox 1016 2443 1157 2497; x_wconf 86' lang='grc' dir='ltr'><strong>κατά</strong></span> <span class='ocrx_word' id='word_1_293' title='bbox 1186 2443 1379 2497; x_wconf 80' lang='grc' dir='ltr'>ταυτὸν</span> <span class='ocrx_word' id='word_1_294' title='bbox 1432 2443 1527 2499; x_wconf 78' lang='grc' dir='ltr'><strong>καὶ</strong></span> <span class='ocrx_word' id='word_1_295' title='bbox 1572 2444 1856 2517; x_wconf 82' lang='grc' dir='ltr'>ἄνθρωπος</span> <span class='ocrx_word' id='word_1_296' title='bbox 1902 2445 1931 2498; x_wconf 88' lang='lat'><strong>6</strong></span> 
     </span>
    </p>
   </div>
   <div class='ocr_carea' id='block_1_42' title="bbox 356 2533 609 2606">
    <p class='ocr_par' dir='ltr' id='par_1_42' title="bbox 356 2533 609 2606">
     <span class='ocr_line' id='line_1_42' title="bbox 356 2533 609 2606; baseline 0.004 -18"><span class='ocrx_word' id='word_1_297' title='bbox 356 2533 609 2606; x_wconf 75' lang='grc' dir='ltr'>Χριστός.</span> 
     </span>
    </p>
   </div>
   <div class='ocr_carea' id='block_1_43' title="bbox 431 2809 1928 2880">
    <p class='ocr_par' dir='ltr' id='par_1_43' title="bbox 431 2809 1928 2880">
     <span class='ocr_line' id='line_1_43' title="bbox 431 2809 1928 2880; baseline 0.001 -17"><span class='ocrx_word' id='word_1_298' title='bbox 431 2830 450 2863; x_wconf 77' lang='grc' dir='ltr'><strong>ι</strong></span> <span class='ocrx_word' id='word_1_299' title='bbox 499 2811 562 2863; x_wconf 86' lang='grc' dir='ltr'>Οί</span> <span class='ocrx_word' id='word_1_300' title='bbox 589 2811 645 2864; x_wconf 86' lang='grc' dir='ltr'><strong>δέ</strong></span> <span class='ocrx_word' id='word_1_301' title='bbox 672 2809 941 2879; x_wconf 87' lang='grc' dir='ltr'>δαίμονες,</span> <span class='ocrx_word' id='word_1_302' title='bbox 970 2809 1124 2880; x_wconf 72' lang='grc' dir='ltr'>φησὶ,</span> <span class='ocrx_word' id='word_1_303' title='bbox 1157 2809 1499 2879; x_wconf 79' lang='grc' dir='ltr'>παρεκάλουν</span> <span class='ocrx_word' id='word_1_304' title='bbox 1531 2810 1713 2871; x_wconf 78' lang='grc' dir='ltr'>αὑτὸν,</span> <span class='ocrx_word' id='word_1_305' title='bbox 1745 2810 1928 2880; x_wconf 88' lang='grc' dir='ltr'>λέγον-</span> 
     </span>
    </p>
   </div>
   <div class='ocr_carea' id='block_1_44' title="bbox 357 2900 1929 2974">
    <p class='ocr_par' dir='ltr' id='par_1_44' title="bbox 357 2900 1929 2974">
     <span class='ocr_line' id='line_1_44' title="bbox 357 2900 1929 2974; baseline -0.001 -21"><span class='ocrx_word' id='word_1_306' title='bbox 357 2920 448 2965; x_wconf 77' lang='grc' dir='ltr'><strong>τες</strong></span> <span class='ocrx_word' id='word_1_307' title='bbox 467 2920 481 2934; x_wconf 78' lang='grc' dir='ltr'><strong>ο</strong></span> <span class='ocrx_word' id='word_1_308' title='bbox 510 2903 573 2955; x_wconf 88' lang='grc' dir='ltr'>Εἰ</span> <span class='ocrx_word' id='word_1_309' title='bbox 617 2900 898 2965; x_wconf 76' lang='grc' dir='ltr'>ἐκϐάλλεις</span> <span class='ocrx_word' id='word_1_310' title='bbox 939 2902 1107 2972; x_wconf 79' lang='grc' dir='ltr'>ἡμᾶς,</span> <span class='ocrx_word' id='word_1_311' title='bbox 1139 2900 1457 2954; x_wconf 82' lang='grc' dir='ltr'>ἀπόστειλον</span> <span class='ocrx_word' id='word_1_312' title='bbox 1480 2903 1629 2972; x_wconf 80' lang='grc' dir='ltr'>ημᾶς</span> <span class='ocrx_word' id='word_1_313' title='bbox 1660 2913 1681 2940; x_wconf 75' lang='grc' dir='ltr'><strong>ο</strong></span> <span class='ocrx_word' id='word_1_314' title='bbox 1724 2903 1804 2966; x_wconf 85' lang='grc' dir='ltr'>εἰς</span> <span class='ocrx_word' id='word_1_315' title='bbox 1831 2903 1929 2974; x_wconf 78' lang='grc' dir='ltr'>τὴν</span> 
     </span>
    </p>
   </div>
   <div class='ocr_carea' id='block_1_45' title="bbox 357 2988 1924 3063">
    <p class='ocr_par' dir='ltr' id='par_1_45' title="bbox 357 2988 1924 3063">
     <span class='ocr_line' id='line_1_45' title="bbox 357 2988 1924 3063; baseline 0 -16"><span class='ocrx_word' id='word_1_316' title='bbox 357 2994 557 3063; x_wconf 70' lang='grc' dir='ltr'>ἀγέλην</span> <span class='ocrx_word' id='word_1_317' title='bbox 585 2993 693 3045; x_wconf 82' lang='grc' dir='ltr'>τῶν</span> <span class='ocrx_word' id='word_1_318' title='bbox 722 2993 940 3063; x_wconf 79' lang='grc' dir='ltr'>χοίρων.</span> <span class='ocrx_word' id='word_1_319' title='bbox 989 2993 1099 3045; x_wconf 71' lang='grc' dir='ltr'>Καὶ</span> <span class='ocrx_word' id='word_1_320' title='bbox 1128 2988 1280 3045; x_wconf 80' lang='grc' dir='ltr'>εἶπεν</span> <span class='ocrx_word' id='word_1_321' title='bbox 1323 2994 1506 3056; x_wconf 65' lang='grc' dir='ltr'>αὐτοῖς</span> <span class='ocrx_word' id='word_1_322' title='bbox 1525 3010 1539 3025; x_wconf 79' lang='grc' dir='ltr'><strong><em>ο</em></strong></span> <span class='ocrx_word' id='word_1_323' title='bbox 1580 2994 1871 3063; x_wconf 78' lang='grc' dir='ltr'>Ὑπάγετε.</span> <span class='ocrx_word' id='word_1_324' title='bbox 1905 3013 1924 3047; x_wconf 75' lang='grc' dir='ltr'><strong>ι</strong></span> 
     </span>
    </p>
   </div>
   <div class='ocr_carea' id='block_1_46' title="bbox 359 3082 1929 3155">
    <p class='ocr_par' dir='ltr' id='par_1_46' title="bbox 359 3082 1929 3155">
     <span class='ocr_line' id='line_1_46' title="bbox 359 3082 1929 3155; baseline -0.001 -19"><span class='ocrx_word' id='word_1_325' title='bbox 359 3086 430 3138; x_wconf 78' lang='grc' dir='ltr'><strong>Τὸ</strong></span> <span class='ocrx_word' id='word_1_326' title='bbox 462 3087 707 3155; x_wconf 81' lang='grc' dir='ltr'>προνοεῖν</span> <span class='ocrx_word' id='word_1_327' title='bbox 754 3084 862 3136; x_wconf 85' lang='grc' dir='ltr'>τῶν</span> <span class='ocrx_word' id='word_1_328' title='bbox 908 3083 1065 3148; x_wconf 83' lang='grc' dir='ltr'>ὅλων,</span> <span class='ocrx_word' id='word_1_329' title='bbox 1118 3084 1211 3136; x_wconf 74' lang='grc' dir='ltr'>καὶ</span> <span class='ocrx_word' id='word_1_330' title='bbox 1247 3082 1441 3147; x_wconf 70' lang='grc' dir='ltr'>σώζειν</span> <span class='ocrx_word' id='word_1_331' title='bbox 1481 3085 1643 3146; x_wconf 70' lang='grc' dir='ltr'>αὐτὰ,</span> <span class='ocrx_word' id='word_1_332' title='bbox 1675 3086 1818 3149; x_wconf 89' lang='grc' dir='ltr'>τίνος</span> <span class='ocrx_word' id='word_1_333' title='bbox 1862 3083 1929 3139; x_wconf 86' lang='grc' dir='ltr'>ἂν</span> 
     </span>
    </p>
   </div>
   <div class='ocr_carea' id='block_1_47' title="bbox 360 3174 1927 3247">
    <p class='ocr_par' dir='ltr' id='par_1_47' title="bbox 360 3174 1927 3247">
     <span class='ocr_line' id='line_1_47' title="bbox 360 3174 1927 3247; baseline 0.001 -18"><span class='ocrx_word' id='word_1_334' title='bbox 360 3178 464 3247; x_wconf 76' lang='grc' dir='ltr'>εἴη.</span> <span class='ocrx_word' id='word_1_335' title='bbox 517 3178 657 3247; x_wconf 81' lang='grc' dir='ltr'>πλὴν</span> <span class='ocrx_word' id='word_1_336' title='bbox 709 3177 789 3229; x_wconf 79' lang='grc' dir='ltr'>ὅτι</span> <span class='ocrx_word' id='word_1_337' title='bbox 845 3174 1005 3246; x_wconf 86' lang='grc' dir='ltr'>μόνου</span> <span class='ocrx_word' id='word_1_338' title='bbox 1052 3174 1145 3228; x_wconf 78' lang='grc' dir='ltr'>τοῦ</span> <span class='ocrx_word' id='word_1_339' title='bbox 1189 3176 1329 3229; x_wconf 82' lang='grc' dir='ltr'>κατά</span> <span class='ocrx_word' id='word_1_340' title='bbox 1380 3176 1543 3245; x_wconf 87' lang='grc' dir='ltr'>φύσιν</span> <span class='ocrx_word' id='word_1_341' title='bbox 1584 3178 1733 3241; x_wconf 76' lang='grc' dir='ltr'>ὄντος</span> <span class='ocrx_word' id='word_1_342' title='bbox 1760 3176 1927 3244; x_wconf 79' lang='grc' dir='ltr'>Θεοῦς</span> 
     </span>
    </p>
   </div>
   <div class='ocr_carea' id='block_1_48' title="bbox 360 3266 1933 3341">
    <p class='ocr_par' dir='ltr' id='par_1_48' title="bbox 360 3266 1933 3341">
     <span class='ocr_line' id='line_1_48' title="bbox 360 3266 1933 3341; baseline 0.001 -21"><span class='ocrx_word' id='word_1_343' title='bbox 360 3268 516 3321; x_wconf 72' lang='grc' dir='ltr'>Οὕτω</span> <span class='ocrx_word' id='word_1_344' title='bbox 552 3269 650 3321; x_wconf 79' lang='grc' dir='ltr'>καὶ</span> <span class='ocrx_word' id='word_1_345' title='bbox 692 3270 720 3321; x_wconf 89' lang='grc' dir='ltr'><strong>ὁ</strong></span> <span class='ocrx_word' id='word_1_346' title='bbox 766 3268 958 3339; x_wconf 81' lang='grc' dir='ltr'>Σωτὴρ</span> <span class='ocrx_word' id='word_1_347' title='bbox 1000 3266 1265 3335; x_wconf 81' lang='grc' dir='ltr'><strong>ἔφασκεν·</strong></span> <span class='ocrx_word' id='word_1_348' title='bbox 1304 3284 1322 3318; x_wconf 80' lang='grc' dir='ltr'><strong>ι</strong></span> <span class='ocrx_word' id='word_1_349' title='bbox 1362 3267 1496 3337; x_wconf 75' lang='grc' dir='ltr'><strong>Οὐχὶ</strong></span> <span class='ocrx_word' id='word_1_350' title='bbox 1537 3267 1630 3321; x_wconf 83' lang='grc' dir='ltr'><strong>δύο</strong></span> <span class='ocrx_word' id='word_1_351' title='bbox 1679 3268 1933 3341; x_wconf 84' lang='grc' dir='ltr'>στρουθία</span> 
     </span>
    </p>
   </div>
   <div class='ocr_carea' id='block_1_49' title="bbox 360 3359 1932 3429">
    <p class='ocr_par' dir='ltr' id='par_1_49' title="bbox 360 3359 1932 3429">
     <span class='ocr_line' id='line_1_49' title="bbox 360 3359 1932 3429; baseline 0.001 -16"><span class='ocrx_word' id='word_1_352' title='bbox 360 3360 620 3429; x_wconf 75' lang='grc' dir='ltr'>ἀσσαρίου</span> <span class='ocrx_word' id='word_1_353' title='bbox 669 3359 995 3424; x_wconf 74' lang='grc' dir='ltr'>πωλοῦνται,</span> <span class='ocrx_word' id='word_1_354' title='bbox 1041 3360 1136 3413; x_wconf 73' lang='grc' dir='ltr'><strong>καὶ</strong></span> <span class='ocrx_word' id='word_1_355' title='bbox 1183 3359 1241 3411; x_wconf 85' lang='grc' dir='ltr'><strong>ἓν</strong></span> <span class='ocrx_word' id='word_1_356' title='bbox 1285 3359 1346 3423; x_wconf 78' lang='grc' dir='ltr'><strong>ἐξ</strong></span> <span class='ocrx_word' id='word_1_357' title='bbox 1374 3360 1552 3412; x_wconf 76' lang='grc' dir='ltr'>αὐτῶν</span> <span class='ocrx_word' id='word_1_358' title='bbox 1580 3360 1640 3413; x_wconf 77' lang='grc' dir='ltr'><strong>οὐ</strong></span> <span class='ocrx_word' id='word_1_359' title='bbox 1686 3364 1932 3415; x_wconf 85' lang='grc' dir='ltr'>πεσεῖται</span> 
     </span>
    </p>
   </div>
   <div class='ocr_carea' id='block_1_50' title="bbox 361 3449 1932 3522">
    <p class='ocr_par' dir='ltr' id='par_1_50' title="bbox 361 3449 1932 3522">
     <span class='ocr_line' id='line_1_50' title="bbox 361 3449 1932 3522; baseline 0.001 -18"><span class='ocrx_word' id='word_1_360' title='bbox 361 3453 454 3504; x_wconf 73' lang='grc' dir='ltr'><strong>ἐπὶ</strong></span> <span class='ocrx_word' id='word_1_361' title='bbox 490 3451 589 3522; x_wconf 79' lang='grc' dir='ltr'><strong>τὴν</strong></span> <span class='ocrx_word' id='word_1_362' title='bbox 614 3452 716 3520; x_wconf 81' lang='grc' dir='ltr'><strong>γῆν</strong></span> <span class='ocrx_word' id='word_1_363' title='bbox 745 3450 873 3503; x_wconf 74' lang='grc' dir='ltr'>ἄνευ</span> <span class='ocrx_word' id='word_1_364' title='bbox 902 3449 997 3503; x_wconf 82' lang='grc' dir='ltr'>τοῦ</span> <span class='ocrx_word' id='word_1_365' title='bbox 1028 3450 1242 3521; x_wconf 81' lang='grc' dir='ltr'>Πατρὸς</span> <span class='ocrx_word' id='word_1_366' title='bbox 1285 3450 1439 3520; x_wconf 84' lang='grc' dir='ltr'>ὑμῶν</span> <span class='ocrx_word' id='word_1_367' title='bbox 1468 3449 1563 3503; x_wconf 80' lang='grc' dir='ltr'>τοῦ</span> <span class='ocrx_word' id='word_1_368' title='bbox 1606 3453 1664 3503; x_wconf 90' lang='grc' dir='ltr'>ἐν</span> <span class='ocrx_word' id='word_1_369' title='bbox 1700 3454 1814 3515; x_wconf 90' lang='grc' dir='ltr'>τοῖς</span> <span class='ocrx_word' id='word_1_370' title='bbox 1842 3452 1932 3505; x_wconf 80' lang='grc' dir='ltr'>οὐ-</span> 
     </span>
    </p>
   </div>
   <div class='ocr_carea' id='block_1_51' title="bbox 362 3540 1933 3614">
    <p class='ocr_par' dir='ltr' id='par_1_51' title="bbox 362 3540 1933 3614">
     <span class='ocr_line' id='line_1_51' title="bbox 362 3540 1933 3614; baseline 0.001 -19"><span class='ocrx_word' id='word_1_371' title='bbox 362 3546 577 3614; x_wconf 86' lang='grc' dir='ltr'>ρανοίς;</span> <span class='ocrx_word' id='word_1_372' title='bbox 616 3542 801 3611; x_wconf 78' lang='grc' dir='ltr'><strong>’Υμῶν</strong></span> <span class='ocrx_word' id='word_1_373' title='bbox 830 3540 888 3593; x_wconf 84' lang='grc' dir='ltr'>δὲ</span> <span class='ocrx_word' id='word_1_374' title='bbox 928 3541 1022 3595; x_wconf 75' lang='grc' dir='ltr'>καὶ</span> <span class='ocrx_word' id='word_1_375' title='bbox 1051 3543 1107 3593; x_wconf 87' lang='grc' dir='ltr'><strong>αἱ</strong></span> <span class='ocrx_word' id='word_1_376' title='bbox 1136 3541 1320 3612; x_wconf 79' lang='grc' dir='ltr'>τρίχες</span> <span class='ocrx_word' id='word_1_377' title='bbox 1348 3543 1446 3612; x_wconf 81' lang='grc' dir='ltr'><strong>τῆς</strong></span> <span class='ocrx_word' id='word_1_378' title='bbox 1480 3542 1721 3612; x_wconf 81' lang='grc' dir='ltr'>κεφαλῆς</span> <span class='ocrx_word' id='word_1_379' title='bbox 1763 3545 1933 3597; x_wconf 80' lang='grc' dir='ltr'>πᾶσαι</span> 
     </span>
    </p>
   </div>
   <div class='ocr_carea' id='block_1_52' title="bbox 360 3631 1932 3704">
    <p class='ocr_par' dir='ltr' id='par_1_52' title="bbox 360 3631 1932 3704">
     <span class='ocr_line' id='line_1_52' title="bbox 360 3631 1932 3704; baseline 0.001 -20"><span class='ocrx_word' id='word_1_380' title='bbox 360 3632 733 3704; x_wconf 65' lang='grc' dir='ltr'>ἠριθμημέναι</span> <span class='ocrx_word' id='word_1_381' title='bbox 759 3631 916 3684; x_wconf 77' lang='grc' dir='ltr'>εἰσίν.</span> <span class='ocrx_word' id='word_1_382' title='bbox 958 3650 975 3682; x_wconf 75' lang='grc' dir='ltr'><strong>ι</strong></span> <span class='ocrx_word' id='word_1_383' title='bbox 1024 3632 1158 3685; x_wconf 75' lang='grc' dir='ltr'>Ἰδοὺ</span> <span class='ocrx_word' id='word_1_384' title='bbox 1213 3632 1500 3701; x_wconf 80' lang='grc' dir='ltr'>τοιγαροῦν</span> <span class='ocrx_word' id='word_1_385' title='bbox 1527 3632 1795 3704; x_wconf 83' lang='grc' dir='ltr'>τοσαύτην</span> <span class='ocrx_word' id='word_1_386' title='bbox 1823 3633 1932 3686; x_wconf 83' lang='grc' dir='ltr'><strong>τῶν</strong></span> 
     </span>
    </p>
   </div>
   <div class='ocr_carea' id='block_1_53' title="bbox 361 3721 1933 3793">
    <p class='ocr_par' dir='ltr' id='par_1_53' title="bbox 361 3721 1933 3793">
     <span class='ocr_line' id='line_1_53' title="bbox 361 3721 1933 3793; baseline 0.002 -19"><span class='ocrx_word' id='word_1_387' title='bbox 361 3724 529 3776; x_wconf 81' lang='grc' dir='ltr'>ὄντων</span> <span class='ocrx_word' id='word_1_388' title='bbox 584 3723 843 3793; x_wconf 87' lang='grc' dir='ltr'>πρόνοιαν</span> <span class='ocrx_word' id='word_1_389' title='bbox 901 3722 1137 3774; x_wconf 84' lang='grc' dir='ltr'>ἐποιεῖτο</span> <span class='ocrx_word' id='word_1_390' title='bbox 1184 3721 1440 3792; x_wconf 79' lang='grc' dir='ltr'>Χριστὸς,</span> <span class='ocrx_word' id='word_1_391' title='bbox 1480 3723 1557 3785; x_wconf 85' lang='grc' dir='ltr'>ὡς</span> <span class='ocrx_word' id='word_1_392' title='bbox 1606 3724 1681 3793; x_wconf 83' lang='grc' dir='ltr'>μὴ</span> <span class='ocrx_word' id='word_1_393' title='bbox 1733 3724 1933 3789; x_wconf 82' lang='grc' dir='ltr'>ἐξεῖναι</span> 
     </span>
    </p>
   </div>
   <div class='ocr_carea' id='block_1_54' title="bbox 281 3799 1931 3885">
    <p class='ocr_par' dir='ltr' id='par_1_54' title="bbox 281 3799 1931 3885">
     <span class='ocr_line' id='line_1_54' title="bbox 281 3799 1931 3885; baseline 0.001 -19"><span class='ocrx_word' id='word_1_394' title='bbox 281 3799 291 3810; x_wconf 70' lang='grc'><strong>’</strong></span> <span class='ocrx_word' id='word_1_395' title='bbox 360 3818 474 3878; x_wconf 83' lang='grc' dir='ltr'>τοῖς</span> <span class='ocrx_word' id='word_1_396' title='bbox 516 3814 845 3884; x_wconf 84' lang='grc' dir='ltr'>ἀκαθάρτοις</span> <span class='ocrx_word' id='word_1_397' title='bbox 887 3813 1104 3882; x_wconf 86' lang='grc' dir='ltr'>δαίμοσι</span> <span class='ocrx_word' id='word_1_398' title='bbox 1142 3813 1277 3883; x_wconf 87' lang='grc' dir='ltr'><strong>μηδέ</strong></span> <span class='ocrx_word' id='word_1_399' title='bbox 1317 3812 1513 3883; x_wconf 86' lang='grc' dir='ltr'>χοίρων</span> <span class='ocrx_word' id='word_1_400' title='bbox 1550 3814 1752 3885; x_wconf 80' lang='grc' dir='ltr'>ἀγέλης</span> <span class='ocrx_word' id='word_1_401' title='bbox 1785 3815 1931 3885; x_wconf 83' lang='grc' dir='ltr'>ἔχειν</span> 
     </span>
    </p>
   </div>
   <div class='ocr_carea' id='block_1_55' title="bbox 364 3899 1933 3976">
    <p class='ocr_par' dir='ltr' id='par_1_55' title="bbox 364 3899 1933 3976">
     <span class='ocr_line' id='line_1_55' title="bbox 364 3899 1933 3976; baseline 0 -18"><span class='ocrx_word' id='word_1_402' title='bbox 364 3906 459 3976; x_wconf 83' lang='grc' dir='ltr'>τὴν</span> <span class='ocrx_word' id='word_1_403' title='bbox 490 3906 756 3972; x_wconf 76' lang='grc' dir='ltr'>ἐξουσίαν.</span> <span class='ocrx_word' id='word_1_404' title='bbox 794 3903 1176 3976; x_wconf 77' lang='grc' dir='ltr'>Παρακληθεὶς</span> <span class='ocrx_word' id='word_1_405' title='bbox 1209 3899 1303 3957; x_wconf 79' lang='grc' dir='ltr'><strong>οὖν</strong></span> <span class='ocrx_word' id='word_1_406' title='bbox 1332 3903 1596 3975; x_wconf 72' lang='grc' dir='ltr'>ἐπέτρεψε</span> <span class='ocrx_word' id='word_1_407' title='bbox 1631 3905 1803 3975; x_wconf 80' lang='grc' dir='ltr'>μόλις,</span> <span class='ocrx_word' id='word_1_408' title='bbox 1833 3906 1933 3958; x_wconf 76' lang='grc' dir='ltr'>οὐκ</span> 
     </span>
    </p>
   </div>
   <div class='ocr_carea' id='block_1_56' title="bbox 365 3995 1931 4068">
    <p class='ocr_par' dir='ltr' id='par_1_56' title="bbox 365 3995 1931 4068">
     <span class='ocr_line' id='line_1_56' title="bbox 365 3995 1931 4068; baseline 0 -19"><span class='ocrx_word' id='word_1_409' title='bbox 365 3997 591 4060; x_wconf 77' lang='grc' dir='ltr'>ἐκείνοις</span> <span class='ocrx_word' id='word_1_410' title='bbox 626 3996 845 4067; x_wconf 81' lang='grc' dir='ltr'>πληρῶν</span> <span class='ocrx_word' id='word_1_411' title='bbox 882 3997 981 4068; x_wconf 77' lang='grc' dir='ltr'>τὴν</span> <span class='ocrx_word' id='word_1_412' title='bbox 1016 3996 1251 4065; x_wconf 79' lang='grc' dir='ltr'>αἴτησιν,</span> <span class='ocrx_word' id='word_1_413' title='bbox 1301 3995 1417 4049; x_wconf 89' lang='grc' dir='ltr'>ἀλλ’</span> <span class='ocrx_word' id='word_1_414' title='bbox 1466 3996 1553 4048; x_wconf 84' lang='grc' dir='ltr'><strong>ἵνα</strong></span> <span class='ocrx_word' id='word_1_415' title='bbox 1600 3997 1748 4066; x_wconf 80' lang='grc' dir='ltr'>ἡμᾶς</span> <span class='ocrx_word' id='word_1_416' title='bbox 1799 3998 1931 4049; x_wconf 83' lang='grc' dir='ltr'>ἀνα-</span> 
     </span>
    </p>
   </div>
   <div class='ocr_carea' id='block_1_57' title="bbox 364 4086 1929 4159">
    <p class='ocr_par' dir='ltr' id='par_1_57' title="bbox 364 4086 1929 4159">
     <span class='ocr_line' id='line_1_57' title="bbox 364 4086 1929 4159; baseline 0.001 -19"><span class='ocrx_word' id='word_1_417' title='bbox 364 4089 527 4159; x_wconf 83' lang='grc' dir='ltr'>πείσῃ</span> <span class='ocrx_word' id='word_1_418' title='bbox 572 4090 811 4158; x_wconf 78' lang='grc' dir='ltr'>φρονεῖν,</span> <span class='ocrx_word' id='word_1_419' title='bbox 848 4088 929 4141; x_wconf 81' lang='grc' dir='ltr'><strong>ὅτι</strong></span> <span class='ocrx_word' id='word_1_420' title='bbox 976 4089 1288 4157; x_wconf 86' lang='grc' dir='ltr'>προνοεῖται</span> <span class='ocrx_word' id='word_1_421' title='bbox 1324 4086 1431 4139; x_wconf 85' lang='grc' dir='ltr'>τῶν</span> <span class='ocrx_word' id='word_1_422' title='bbox 1475 4087 1610 4141; x_wconf 85' lang='grc' dir='ltr'>ὅλων</span> <span class='ocrx_word' id='word_1_423' title='bbox 1656 4087 1730 4151; x_wconf 83' lang='grc' dir='ltr'>ὡς</span> <span class='ocrx_word' id='word_1_424' title='bbox 1778 4087 1929 4150; x_wconf 87' lang='grc' dir='ltr'>Θεός.</span> 
     </span>
    </p>
   </div>
   <div class='ocr_carea' id='block_1_58' title="bbox 365 4176 1932 4250">
    <p class='ocr_par' dir='ltr' id='par_1_58' title="bbox 365 4176 1932 4250">
     <span class='ocr_line' id='line_1_58' title="bbox 365 4176 1932 4250; baseline 0.001 -19"><span class='ocrx_word' id='word_1_425' title='bbox 365 4178 496 4233; x_wconf 71' lang='grc' dir='ltr'>Εἶτα</span> <span class='ocrx_word' id='word_1_426' title='bbox 527 4180 641 4243; x_wconf 82' lang='grc' dir='ltr'><strong>πῶς</strong></span> <span class='ocrx_word' id='word_1_427' title='bbox 671 4181 733 4233; x_wconf 81' lang='grc' dir='ltr'><strong>οὐ</strong></span> <span class='ocrx_word' id='word_1_428' title='bbox 766 4179 917 4245; x_wconf 77' lang='grc' dir='ltr'>θεὸς,</span> <span class='ocrx_word' id='word_1_429' title='bbox 952 4182 979 4233; x_wconf 90' lang='lat'><strong>6</strong></span> <span class='ocrx_word' id='word_1_430' title='bbox 1008 4179 1286 4250; x_wconf 79' lang='grc' dir='ltr'>θεοπρεπῆ</span> <span class='ocrx_word' id='word_1_431' title='bbox 1314 4179 1413 4249; x_wconf 81' lang='grc' dir='ltr'>τὴν</span> <span class='ocrx_word' id='word_1_432' title='bbox 1443 4176 1710 4245; x_wconf 82' lang='grc' dir='ltr'>ἐξουσίαν,</span> <span class='ocrx_word' id='word_1_433' title='bbox 1742 4182 1836 4233; x_wconf 70' lang='grc' dir='ltr'>καὶ</span> <span class='ocrx_word' id='word_1_434' title='bbox 1871 4182 1932 4233; x_wconf 88' lang='grc' dir='ltr'><strong>τὸ</strong></span> 
     </span>
    </p>
   </div>
   <div class='ocr_carea' id='block_1_59' title="bbox 365 4270 1932 4342">
    <p class='ocr_par' dir='ltr' id='par_1_59' title="bbox 365 4270 1932 4342">
     <span class='ocr_line' id='line_1_59' title="bbox 365 4270 1932 4342; baseline 0.001 -20"><span class='ocrx_word' id='word_1_435' title='bbox 365 4272 506 4323; x_wconf 81' lang='grc' dir='ltr'><strong>κατά</strong></span> <span class='ocrx_word' id='word_1_436' title='bbox 544 4272 760 4324; x_wconf 83' lang='grc' dir='ltr'>πάντων</span> <span class='ocrx_word' id='word_1_437' title='bbox 808 4273 1005 4341; x_wconf 88' lang='grc' dir='ltr'>κράτος</span> <span class='ocrx_word' id='word_1_438' title='bbox 1031 4271 1055 4309; x_wconf 71' lang='grc' dir='ltr'><em>δ</em></span> <span class='ocrx_word' id='word_1_439' title='bbox 1090 4270 1399 4342; x_wconf 80' lang='grc' dir='ltr'>ἀνημμένος</span> <span class='ocrx_word' id='word_1_440' title='bbox 1435 4283 1481 4336; x_wconf 72' lang='grc' dir='ltr'><strong>ε,</strong></span> <span class='ocrx_word' id='word_1_441' title='bbox 1511 4271 1606 4324; x_wconf 77' lang='grc' dir='ltr'>καὶ</span> <span class='ocrx_word' id='word_1_442' title='bbox 1636 4271 1821 4336; x_wconf 77' lang='grc' dir='ltr'>σώζων</span> <span class='ocrx_word' id='word_1_443' title='bbox 1857 4272 1932 4337; x_wconf 85' lang='grc' dir='ltr'>ὼς</span> 
     </span>
    </p>
   </div>
   <div class='ocr_carea' id='block_1_60' title="bbox 369 4361 1176 4431">
    <p class='ocr_par' dir='ltr' id='par_1_60' title="bbox 369 4361 1176 4431">
     <span class='ocr_line' id='line_1_60' title="bbox 369 4361 1176 4431; baseline 0.006 -20"><span class='ocrx_word' id='word_1_444' title='bbox 369 4362 475 4415; x_wconf 74' lang='grc' dir='ltr'>ἱδια</span> <span class='ocrx_word' id='word_1_445' title='bbox 501 4362 567 4415; x_wconf 89' lang='grc' dir='ltr'><strong>τά</strong></span> <span class='ocrx_word' id='word_1_446' title='bbox 589 4362 653 4414; x_wconf 80' lang='grc' dir='ltr'><strong>δι’</strong></span> <span class='ocrx_word' id='word_1_447' title='bbox 689 4361 853 4414; x_wconf 78' lang='grc' dir='ltr'>αὐτοῦ</span> <span class='ocrx_word' id='word_1_448' title='bbox 883 4364 1176 4431; x_wconf 83' lang='grc' dir='ltr'>γεγονότα;</span> 
     </span>
    </p>
   </div>
   <div class='ocr_carea' id='block_1_61' title="bbox 441 4552 1935 4629">
    <p class='ocr_par' dir='ltr' id='par_1_61' title="bbox 441 4552 1935 4629">
     <span class='ocr_line' id='line_1_61' title="bbox 441 4552 1935 4629; baseline 0.007 -27"><span class='ocrx_word' id='word_1_449' title='bbox 441 4572 459 4602; x_wconf 79' lang='grc' dir='ltr'><strong>ι</strong></span> <span class='ocrx_word' id='word_1_450' title='bbox 506 4552 639 4604; x_wconf 87' lang='grc' dir='ltr'>Τότε</span> <span class='ocrx_word' id='word_1_451' title='bbox 687 4552 833 4621; x_wconf 83' lang='grc' dir='ltr'>λέγει</span> <span class='ocrx_word' id='word_1_452' title='bbox 871 4557 984 4617; x_wconf 85' lang='grc' dir='ltr'>τοῖς</span> <span class='ocrx_word' id='word_1_453' title='bbox 1035 4554 1306 4625; x_wconf 88' lang='grc' dir='ltr'>μαθηταῖς</span> <span class='ocrx_word' id='word_1_454' title='bbox 1340 4556 1539 4609; x_wconf 78' lang='grc' dir='ltr'>αὑτοῦ·</span> <span class='ocrx_word' id='word_1_455' title='bbox 1592 4557 1651 4611; x_wconf 88' lang='lat'><strong>&#39;0</strong></span> <span class='ocrx_word' id='word_1_456' title='bbox 1703 4558 1804 4629; x_wconf 82' lang='grc' dir='ltr'>μὲν</span> <span class='ocrx_word' id='word_1_457' title='bbox 1848 4559 1935 4613; x_wconf 86' lang='grc' dir='ltr'>θε-</span> 
     </span>
    </p>
   </div>
   <div class='ocr_carea' id='block_1_62' title="bbox 368 4642 1932 4720">
    <p class='ocr_par' dir='ltr' id='par_1_62' title="bbox 368 4642 1932 4720">
     <span class='ocr_line' id='line_1_62' title="bbox 368 4642 1932 4720; baseline 0.005 -26"><span class='ocrx_word' id='word_1_458' title='bbox 368 4642 561 4712; x_wconf 80' lang='grc' dir='ltr'>ρισμὸς</span> <span class='ocrx_word' id='word_1_459' title='bbox 596 4643 782 4708; x_wconf 77' lang='grc' dir='ltr'>πολὺς,</span> <span class='ocrx_word' id='word_1_460' title='bbox 817 4646 865 4697; x_wconf 85' lang='grc' dir='ltr'>οἱ</span> <span class='ocrx_word' id='word_1_461' title='bbox 897 4645 954 4697; x_wconf 79' lang='grc' dir='ltr'><strong>δὲ</strong></span> <span class='ocrx_word' id='word_1_462' title='bbox 982 4646 1211 4715; x_wconf 76' lang='grc' dir='ltr'>ἐργάται</span> <span class='ocrx_word' id='word_1_463' title='bbox 1239 4646 1428 4714; x_wconf 84' lang='grc' dir='ltr'>ὀλίγοι.</span> <span class='ocrx_word' id='word_1_464' title='bbox 1461 4647 1699 4720; x_wconf 83' lang='grc' dir='ltr'>Δεήθητε</span> <span class='ocrx_word' id='word_1_465' title='bbox 1719 4645 1811 4703; x_wconf 83' lang='grc' dir='ltr'>οὗν</span> <span class='ocrx_word' id='word_1_466' title='bbox 1838 4649 1932 4702; x_wconf 81' lang='grc' dir='ltr'>τοῦ</span> 
     </span>
    </p>
   </div>
   <div class='ocr_carea' id='block_1_63' title="bbox 366 4735 1930 4813">
    <p class='ocr_par' dir='ltr' id='par_1_63' title="bbox 366 4735 1930 4813">
     <span class='ocr_line' id='line_1_63' title="bbox 366 4735 1930 4813; baseline 0.004 -26"><span class='ocrx_word' id='word_1_467' title='bbox 366 4736 549 4805; x_wconf 86' lang='grc' dir='ltr'>κυρίου</span> <span class='ocrx_word' id='word_1_468' title='bbox 583 4735 676 4788; x_wconf 77' lang='grc' dir='ltr'>τοῦ</span> <span class='ocrx_word' id='word_1_469' title='bbox 704 4735 985 4806; x_wconf 85' lang='grc' dir='ltr'>θερισμοῦ,</span> <span class='ocrx_word' id='word_1_470' title='bbox 1028 4737 1177 4803; x_wconf 83' lang='grc' dir='ltr'>ὅπως</span> <span class='ocrx_word' id='word_1_471' title='bbox 1213 4739 1417 4813; x_wconf 74' lang='grc' dir='ltr'>ἐκϐάλῃ</span> <span class='ocrx_word' id='word_1_472' title='bbox 1450 4742 1689 4811; x_wconf 77' lang='grc' dir='ltr'>ἐργάτας</span> <span class='ocrx_word' id='word_1_473' title='bbox 1720 4743 1801 4803; x_wconf 83' lang='grc' dir='ltr'><strong>είς</strong></span> <span class='ocrx_word' id='word_1_474' title='bbox 1836 4742 1930 4794; x_wconf 82' lang='grc' dir='ltr'><strong>τὸν</strong></span> 
     </span>
    </p>
   </div>
   <div class='ocr_carea' id='block_1_64' title="bbox 365 4824 1936 4900">
    <p class='ocr_par' dir='ltr' id='par_1_64' title="bbox 365 4824 1936 4900">
     <span class='ocr_line' id='line_1_64' title="bbox 365 4824 1936 4900; baseline 0.005 -23"><span class='ocrx_word' id='word_1_475' title='bbox 365 4824 623 4895; x_wconf 84' lang='grc' dir='ltr'>θερισμὸν</span> <span class='ocrx_word' id='word_1_476' title='bbox 657 4827 844 4880; x_wconf 80' lang='grc' dir='ltr'>αὐτοῦ.</span> <span class='ocrx_word' id='word_1_477' title='bbox 883 4828 993 4881; x_wconf 74' lang='grc' dir='ltr'><strong>Καὶ</strong></span> <span class='ocrx_word' id='word_1_478' title='bbox 1023 4829 1537 4900; x_wconf 86' lang='grc' dir='ltr'>προσκαλεσάμενος</span> <span class='ocrx_word' id='word_1_479' title='bbox 1562 4832 1687 4895; x_wconf 75' lang='grc' dir='ltr'>τοὺς</span> <span class='ocrx_word' id='word_1_480' title='bbox 1729 4832 1936 4887; x_wconf 85' lang='grc' dir='ltr'>δώδεκα</span> 
     </span>
    </p>
   </div>
   <div class='ocr_carea' id='block_1_65' title="bbox 368 4914 1936 4986">
    <p class='ocr_par' dir='ltr' id='par_1_65' title="bbox 368 4914 1936 4986">
     <span class='ocr_line' id='line_1_65' title="bbox 368 4914 1936 4986; baseline 0.006 -20"><span class='ocrx_word' id='word_1_481' title='bbox 368 4914 615 4984; x_wconf 76' lang='grc' dir='ltr'>μαθητάς</span> <span class='ocrx_word' id='word_1_482' title='bbox 647 4915 832 4981; x_wconf 81' lang='grc' dir='ltr'>αὑτοῦ,</span> <span class='ocrx_word' id='word_1_483' title='bbox 867 4917 1065 4971; x_wconf 78' lang='grc' dir='ltr'>ἔδωκεν</span> <span class='ocrx_word' id='word_1_484' title='bbox 1093 4919 1277 4983; x_wconf 85' lang='grc' dir='ltr'>αὐτοῖς</span> <span class='ocrx_word' id='word_1_485' title='bbox 1318 4920 1569 4986; x_wconf 73' lang='grc' dir='ltr'>ἐξουσίαν</span> <span class='ocrx_word' id='word_1_486' title='bbox 1600 4921 1739 4975; x_wconf 84' lang='grc' dir='ltr'>κατὰ</span> <span class='ocrx_word' id='word_1_487' title='bbox 1775 4938 1936 4975; x_wconf 85' lang='grc' dir='ltr'>πνευ-</span> 
     </span>
    </p>
   </div>
   <div class='ocr_carea' id='block_1_66' title="bbox 367 5006 1931 5080">
    <p class='ocr_par' dir='ltr' id='par_1_66' title="bbox 367 5006 1931 5080">
     <span class='ocr_line' id='line_1_66' title="bbox 367 5006 1931 5080; baseline 0.005 -24"><span class='ocrx_word' id='word_1_488' title='bbox 367 5006 551 5074; x_wconf 85' lang='grc' dir='ltr'>μάτων</span> <span class='ocrx_word' id='word_1_489' title='bbox 589 5006 934 5075; x_wconf 81' lang='grc' dir='ltr'>ἀκαθάρτων,</span> <span class='ocrx_word' id='word_1_490' title='bbox 968 5007 1107 5061; x_wconf 85' lang='grc' dir='ltr'>ὦστε</span> <span class='ocrx_word' id='word_1_491' title='bbox 1135 5008 1274 5062; x_wconf 81' lang='grc' dir='ltr'><strong>αὑτά</strong></span> <span class='ocrx_word' id='word_1_492' title='bbox 1299 5009 1600 5071; x_wconf 75' lang='grc' dir='ltr'>ἐκϐάλλειν.</span> <span class='ocrx_word' id='word_1_493' title='bbox 1633 5012 1727 5063; x_wconf 79' lang='grc' dir='ltr'>καὶ</span> <span class='ocrx_word' id='word_1_494' title='bbox 1771 5011 1931 5080; x_wconf 74' lang='grc' dir='ltr'>θεραο</span> 
     </span>
    </p>
   </div>
   <div class='ocr_carea' id='block_1_67' title="bbox 365 5095 1929 5171">
    <p class='ocr_par' dir='ltr' id='par_1_67' title="bbox 365 5095 1929 5171">
     <span class='ocr_line' id='line_1_67' title="bbox 365 5095 1929 5171; baseline 0.003 -24"><span class='ocrx_word' id='word_1_495' title='bbox 365 5095 551 5149; x_wconf 84' lang='grc' dir='ltr'>πεύειν</span> <span class='ocrx_word' id='word_1_496' title='bbox 599 5098 779 5149; x_wconf 76' lang='grc' dir='ltr'>πᾶσαν</span> <span class='ocrx_word' id='word_1_497' title='bbox 814 5098 968 5150; x_wconf 90' lang='grc' dir='ltr'>νόσον</span> <span class='ocrx_word' id='word_1_498' title='bbox 1000 5099 1094 5151; x_wconf 73' lang='grc' dir='ltr'>καὶ</span> <span class='ocrx_word' id='word_1_499' title='bbox 1138 5102 1319 5153; x_wconf 74' lang='grc' dir='ltr'>πᾶσαν</span> <span class='ocrx_word' id='word_1_500' title='bbox 1365 5100 1656 5171; x_wconf 87' lang='grc' dir='ltr'>μαλακίαν.</span> <span class='ocrx_word' id='word_1_501' title='bbox 1708 5119 1726 5151; x_wconf 74' lang='grc' dir='ltr'><strong>ι</strong></span> <span class='ocrx_word' id='word_1_502' title='bbox 1777 5097 1929 5153; x_wconf 83' lang='grc' dir='ltr'>Οἶδεν</span> 
     </span>
    </p>
   </div>
   <div class='ocr_carea' id='block_1_68' title="bbox 262 5176 1929 5257">
    <p class='ocr_par' dir='ltr' id='par_1_68' title="bbox 262 5176 1929 5257">
     <span class='ocr_line' id='line_1_68' title="bbox 262 5176 1929 5257; baseline 0.007 -25"><span class='ocrx_word' id='word_1_503' title='bbox 262 5228 273 5241; x_wconf 83' lang='grc'><strong>,</strong></span> <span class='ocrx_word' id='word_1_504' title='bbox 328 5176 333 5185; x_wconf 81' lang='grc'>’</span> <span class='ocrx_word' id='word_1_505' title='bbox 361 5183 490 5237; x_wconf 71' lang='grc' dir='ltr'>ὄντα</span> <span class='ocrx_word' id='word_1_506' title='bbox 515 5182 607 5236; x_wconf 81' lang='grc' dir='ltr'>τοῦ</span> <span class='ocrx_word' id='word_1_507' title='bbox 640 5184 900 5256; x_wconf 76' lang='grc' dir='ltr'>θερισμοῦ</span> <span class='ocrx_word' id='word_1_508' title='bbox 930 5186 1115 5257; x_wconf 83' lang='grc' dir='ltr'>κύριον</span> <span class='ocrx_word' id='word_1_509' title='bbox 1139 5189 1227 5241; x_wconf 78' lang='grc' dir='ltr'>τὸν</span> <span class='ocrx_word' id='word_1_510' title='bbox 1254 5189 1361 5241; x_wconf 87' lang='grc' dir='ltr'>τῶν</span> <span class='ocrx_word' id='word_1_511' title='bbox 1402 5189 1540 5243; x_wconf 84' lang='grc' dir='ltr'>ὅλων</span> <span class='ocrx_word' id='word_1_512' title='bbox 1568 5189 1699 5242; x_wconf 83' lang='grc' dir='ltr'>Θεόν</span> <span class='ocrx_word' id='word_1_513' title='bbox 1720 5206 1733 5220; x_wconf 90' lang='grc'><strong>·</strong></span> <span class='ocrx_word' id='word_1_514' title='bbox 1765 5191 1929 5244; x_wconf 78' lang='grc' dir='ltr'>αὐτοῦ</span> 
     </span>
    </p>
   </div>
   <div class='ocr_carea' id='block_1_69' title="bbox 363 5274 1929 5351">
    <p class='ocr_par' dir='ltr' id='par_1_69' title="bbox 363 5274 1929 5351">
     <span class='ocr_line' id='line_1_69' title="bbox 363 5274 1929 5351; baseline 0.004 -25"><span class='ocrx_word' id='word_1_515' title='bbox 363 5274 469 5342; x_wconf 78' lang='grc' dir='ltr'><strong>γὰρ</strong></span> <span class='ocrx_word' id='word_1_516' title='bbox 496 5276 528 5344; x_wconf 76' lang='grc' dir='ltr'>ἡ</span> <span class='ocrx_word' id='word_1_517' title='bbox 578 5276 719 5338; x_wconf 78' lang='grc' dir='ltr'>ἄλως</span> <span class='ocrx_word' id='word_1_518' title='bbox 751 5279 783 5346; x_wconf 84' lang='grc' dir='ltr'>ή</span> <span class='ocrx_word' id='word_1_519' title='bbox 816 5278 1000 5347; x_wconf 82' lang='grc' dir='ltr'>νοητὴ,</span> <span class='ocrx_word' id='word_1_520' title='bbox 1039 5280 1312 5333; x_wconf 83' lang='grc' dir='ltr'>τουτέστιν</span> <span class='ocrx_word' id='word_1_521' title='bbox 1343 5284 1375 5350; x_wconf 76' lang='grc' dir='ltr'>ἡ</span> <span class='ocrx_word' id='word_1_522' title='bbox 1408 5280 1793 5351; x_wconf 75' lang='grc' dir='ltr'>ἀνθρωπότηςο</span> <span class='ocrx_word' id='word_1_523' title='bbox 1832 5282 1929 5335; x_wconf 78' lang='grc' dir='ltr'>αὑ-</span> 
     </span>
    </p>
   </div>
   <div class='ocr_carea' id='block_1_70' title="bbox 360 5366 1928 5443">
    <p class='ocr_par' dir='ltr' id='par_1_70' title="bbox 360 5366 1928 5443">
     <span class='ocr_line' id='line_1_70' title="bbox 360 5366 1928 5443; baseline 0.004 -24"><span class='ocrx_word' id='word_1_524' title='bbox 360 5366 453 5419; x_wconf 80' lang='grc' dir='ltr'>τοῦ</span> <span class='ocrx_word' id='word_1_525' title='bbox 490 5370 582 5421; x_wconf 74' lang='grc' dir='ltr'><strong>καὶ</strong></span> <span class='ocrx_word' id='word_1_526' title='bbox 610 5372 638 5421; x_wconf 89' lang='lat'><strong>6</strong></span> <span class='ocrx_word' id='word_1_527' title='bbox 674 5369 951 5439; x_wconf 83' lang='grc' dir='ltr'>θερισμός.</span> <span class='ocrx_word' id='word_1_528' title='bbox 997 5370 1135 5423; x_wconf 80' lang='grc' dir='ltr'>Ἀλλ’</span> <span class='ocrx_word' id='word_1_529' title='bbox 1177 5372 1307 5436; x_wconf 72' lang='grc' dir='ltr'>ἰδοὺ,</span> <span class='ocrx_word' id='word_1_530' title='bbox 1341 5374 1597 5442; x_wconf 77' lang='grc' dir='ltr'>δεηθῆναι</span> <span class='ocrx_word' id='word_1_531' title='bbox 1620 5374 1928 5443; x_wconf 81' lang='grc' dir='ltr'>προστάξας</span> 
     </span>
    </p>
   </div>
   <div class='ocr_carea' id='block_1_71' title="bbox 433 5524 1830 5594">
    <p class='ocr_par' dir='ltr' id='par_1_71' title="bbox 433 5524 1830 5594">
     <span class='ocr_line' id='line_1_71' title="bbox 433 5524 1830 5594; baseline 0.004 -17"><span class='ocrx_word' id='word_1_532' title='bbox 433 5524 478 5554; x_wconf 73' lang='grc'><strong>⁸⁸</strong></span> <span class='ocrx_word' id='word_1_533' title='bbox 500 5524 685 5579; x_wconf 75' lang='lat' dir='ltr'><strong>Matth.</strong></span> <span class='ocrx_word' id='word_1_534' title='bbox 720 5541 839 5594; x_wconf 75' lang='lat' dir='ltr'><strong>rm,</strong></span> <span class='ocrx_word' id='word_1_535' title='bbox 873 5526 928 5594; x_wconf 75' lang='lat'><strong>2,</strong></span> <span class='ocrx_word' id='word_1_536' title='bbox 957 5528 1010 5581; x_wconf 79' lang='lat'><strong>5.</strong></span> <span class='ocrx_word' id='word_1_537' title='bbox 1087 5527 1131 5559; x_wconf 70' lang='lat'><strong>&#39;9</strong></span> <span class='ocrx_word' id='word_1_538' title='bbox 1157 5527 1285 5583; x_wconf 86' lang='lat' dir='ltr'><strong>ibid.</strong></span> <span class='ocrx_word' id='word_1_539' title='bbox 1323 5528 1413 5583; x_wconf 79' lang='lat'><strong>&#39;28.</strong></span> <span class='ocrx_word' id='word_1_540' title='bbox 1489 5530 1536 5559; x_wconf 77' lang='grc' dir='ltr'><strong>’θ</strong></span> <span class='ocrx_word' id='word_1_541' title='bbox 1581 5528 1710 5583; x_wconf 89' lang='lat' dir='ltr'><strong>ibid.</strong></span> <span class='ocrx_word' id='word_1_542' title='bbox 1742 5529 1830 5583; x_wconf 83' lang='lat'><strong>5|.</strong></span> 
     </span>
    </p>
   </div>
   <div class='ocr_carea' id='block_1_72' title="bbox 2032 1978 3574 2057">
    <p class='ocr_par' dir='ltr' id='par_1_72' title="bbox 2032 1978 3574 2057">
     <span class='ocr_line' id='line_1_72' title="bbox 2032 1978 3574 2057; baseline -0.007 -13"><span class='ocrx_word' id='word_1_543' title='bbox 2032 1990 2098 2045; x_wconf 89' lang='lat' dir='ltr'><strong>de</strong></span> <span class='ocrx_word' id='word_1_544' title='bbox 2124 1989 2338 2057; x_wconf 85' lang='lat' dir='ltr'><strong>leproso</strong></span> <span class='ocrx_word' id='word_1_545' title='bbox 2378 1985 2636 2039; x_wconf 87' lang='lat' dir='ltr'><strong>mundato</strong></span> <span class='ocrx_word' id='word_1_546' title='bbox 2682 1984 2771 2039; x_wconf 94' lang='lat' dir='ltr'><strong>hic</strong></span> <span class='ocrx_word' id='word_1_547' title='bbox 2809 1983 3037 2049; x_wconf 90' lang='lat' dir='ltr'><strong>dicitur,</strong></span> <span class='ocrx_word' id='word_1_548' title='bbox 3066 1981 3169 2036; x_wconf 88' lang='lat' dir='ltr'><strong>hoc</strong></span> <span class='ocrx_word' id='word_1_549' title='bbox 3201 1982 3268 2035; x_wconf 90' lang='lat' dir='ltr'><strong>de</strong></span> <span class='ocrx_word' id='word_1_550' title='bbox 3318 1994 3473 2035; x_wconf 91' lang='lat' dir='ltr'><strong>socru</strong></span> <span class='ocrx_word' id='word_1_551' title='bbox 3503 1978 3574 2033; x_wconf 82' lang='lat' dir='ltr'><strong>Pe</strong></span> 
     </span>
    </p>
   </div>
   <div class='ocr_carea' id='block_1_73' title="bbox 2034 2070 3604 2149">
    <p class='ocr_par' dir='ltr' id='par_1_73' title="bbox 2034 2070 3604 2149">
     <span class='ocr_line' id='line_1_73' title="bbox 2034 2070 3604 2149; baseline -0.009 -13"><span class='ocrx_word' id='word_1_552' title='bbox 2034 2082 2125 2149; x_wconf 86' lang='lat' dir='ltr'><strong>tri,</strong></span> <span class='ocrx_word' id='word_1_553' title='bbox 2161 2082 2225 2136; x_wconf 94' lang='lat' dir='ltr'><strong>de</strong></span> <span class='ocrx_word' id='word_1_554' title='bbox 2260 2079 2435 2134; x_wconf 84' lang='lat' dir='ltr'><strong>ventis</strong></span> <span class='ocrx_word' id='word_1_555' title='bbox 2464 2078 2591 2132; x_wconf 83' lang='lat' dir='ltr'><strong>item</strong></span> <span class='ocrx_word' id='word_1_556' title='bbox 2638 2085 2693 2131; x_wconf 89' lang='lat' dir='ltr'><strong>et</strong></span> <span class='ocrx_word' id='word_1_557' title='bbox 2731 2076 2893 2139; x_wconf 89' lang='lat' dir='ltr'><strong>mari,</strong></span> <span class='ocrx_word' id='word_1_558' title='bbox 2929 2075 3109 2144; x_wconf 87' lang='lat' dir='ltr'><strong>deque</strong></span> <span class='ocrx_word' id='word_1_559' title='bbox 3140 2074 3299 2126; x_wconf 91' lang='lat' dir='ltr'><strong>undis</strong></span> <span class='ocrx_word' id='word_1_560' title='bbox 3344 2086 3481 2141; x_wconf 91' lang='lat' dir='ltr'><strong>quas</strong></span> <span class='ocrx_word' id='word_1_561' title='bbox 3518 2070 3604 2123; x_wconf 82' lang='lat' dir='ltr'><strong>in-</strong></span> 
     </span>
    </p>
   </div>
   <div class='ocr_carea' id='block_1_74' title="bbox 2031 2165 3599 2242">
    <p class='ocr_par' dir='ltr' id='par_1_74' title="bbox 2031 2165 3599 2242">
     <span class='ocr_line' id='line_1_74' title="bbox 2031 2165 3599 2242; baseline -0.007 -14"><span class='ocrx_word' id='word_1_562' title='bbox 2031 2173 2305 2242; x_wconf 82' lang='lat' dir='ltr'><strong>crepavit,</strong></span> <span class='ocrx_word' id='word_1_563' title='bbox 2344 2172 2543 2226; x_wconf 90' lang='lat' dir='ltr'><strong>dictum</strong></span> <span class='ocrx_word' id='word_1_564' title='bbox 2588 2169 2906 2238; x_wconf 82' lang='lat' dir='ltr'><strong>accipiatur.</strong></span> <span class='ocrx_word' id='word_1_565' title='bbox 2953 2167 3134 2234; x_wconf 87' lang='lat' dir='ltr'><strong>Quare</strong></span> <span class='ocrx_word' id='word_1_566' title='bbox 3172 2165 3339 2220; x_wconf 87' lang='lat' dir='ltr'><strong>divini</strong></span> <span class='ocrx_word' id='word_1_567' title='bbox 3381 2177 3599 2234; x_wconf 90' lang='lat' dir='ltr'><strong>quoque</strong></span> 
     </span>
    </p>
   </div>
   <div class='ocr_carea' id='block_1_75' title="bbox 2032 2258 3599 2333">
    <p class='ocr_par' dir='ltr' id='par_1_75' title="bbox 2032 2258 3599 2333">
     <span class='ocr_line' id='line_1_75' title="bbox 2032 2258 3599 2333; baseline -0.007 -13"><span class='ocrx_word' id='word_1_568' title='bbox 2032 2265 2178 2320; x_wconf 87' lang='lat' dir='ltr'><strong>illius</strong></span> <span class='ocrx_word' id='word_1_569' title='bbox 2207 2264 2454 2333; x_wconf 85' lang='lat' dir='ltr'><strong>discipuli</strong></span> <span class='ocrx_word' id='word_1_570' title='bbox 2485 2262 2976 2315; x_wconf 83' lang='lat' dir='ltr'><strong>auimadvertentes</strong></span> <span class='ocrx_word' id='word_1_571' title='bbox 3008 2258 3080 2311; x_wconf 88' lang='lat' dir='ltr'><strong>illi</strong></span> <span class='ocrx_word' id='word_1_572' title='bbox 3105 2266 3159 2311; x_wconf 90' lang='lat' dir='ltr'><strong>et</strong></span> <span class='ocrx_word' id='word_1_573' title='bbox 3186 2270 3335 2311; x_wconf 87' lang='lat' dir='ltr'><strong>mare</strong></span> <span class='ocrx_word' id='word_1_574' title='bbox 3374 2266 3430 2311; x_wconf 87' lang='lat' dir='ltr'><strong>et</strong></span> <span class='ocrx_word' id='word_1_575' title='bbox 3466 2268 3599 2310; x_wconf 82' lang='lat' dir='ltr'><strong>ven-</strong></span> 
     </span>
    </p>
   </div>
   <div class='ocr_carea' id='block_1_76' title="bbox 2034 2346 3600 2419">
    <p class='ocr_par' dir='ltr' id='par_1_76' title="bbox 2034 2346 3600 2419">
     <span class='ocr_line' id='line_1_76' title="bbox 2034 2346 3600 2419; baseline -0.008 -7"><span class='ocrx_word' id='word_1_576' title='bbox 2034 2368 2116 2413; x_wconf 73' lang='lat' dir='ltr'><strong>tes</strong></span> <span class='ocrx_word' id='word_1_577' title='bbox 2141 2358 2381 2419; x_wconf 89' lang='lat' dir='ltr'><strong>obedire,</strong></span> <span class='ocrx_word' id='word_1_578' title='bbox 2420 2352 2791 2409; x_wconf 89' lang='lat' dir='ltr'><strong>admirabundi</strong></span> <span class='ocrx_word' id='word_1_579' title='bbox 2840 2350 3097 2405; x_wconf 85' lang='lat' dir='ltr'><strong>aiebant:</strong></span> <span class='ocrx_word' id='word_1_580' title='bbox 3139 2367 3157 2400; x_wconf 80' lang='grc' dir='ltr'><strong>ι</strong></span> <span class='ocrx_word' id='word_1_581' title='bbox 3223 2346 3600 2417; x_wconf 84' lang='lat' dir='ltr'><strong>Ecqualisnam</strong></span> 
     </span>
    </p>
   </div>
   <div class='ocr_carea' id='block_1_77' title="bbox 2034 2440 3598 2515">
    <p class='ocr_par' dir='ltr' id='par_1_77' title="bbox 2034 2440 3598 2515">
     <span class='ocr_line' id='line_1_77' title="bbox 2034 2440 3598 2515; baseline -0.008 -11"><span class='ocrx_word' id='word_1_582' title='bbox 2034 2450 2121 2505; x_wconf 90' lang='lat' dir='ltr'><strong>hic</strong></span> <span class='ocrx_word' id='word_1_583' title='bbox 2160 2449 2307 2503; x_wconf 70' lang='lat' dir='ltr'><strong>e51”</strong></span> <span class='ocrx_word' id='word_1_584' title='bbox 2329 2448 2351 2502; x_wconf 88' lang='lat'><strong>?</strong></span> <span class='ocrx_word' id='word_1_585' title='bbox 2375 2467 2392 2499; x_wconf 76' lang='grc' dir='ltr'><strong>ι</strong></span> <span class='ocrx_word' id='word_1_586' title='bbox 2430 2444 2799 2515; x_wconf 78' lang='lat' dir='ltr'><strong>Intelligebamt</strong></span> <span class='ocrx_word' id='word_1_587' title='bbox 2827 2442 2967 2497; x_wconf 92' lang='lat' dir='ltr'><strong>enim</strong></span> <span class='ocrx_word' id='word_1_588' title='bbox 2998 2440 3255 2511; x_wconf 89' lang='lat' dir='ltr'><strong>ejusmodi</strong></span> <span class='ocrx_word' id='word_1_589' title='bbox 3312 2454 3473 2508; x_wconf 88' lang='lat' dir='ltr'><strong>opera</strong></span> <span class='ocrx_word' id='word_1_590' title='bbox 3503 2453 3598 2507; x_wconf 88' lang='lat' dir='ltr'><strong>pa-</strong></span> 
     </span>
    </p>
   </div>
   <div class='ocr_carea' id='block_1_78' title="bbox 2035 2528 3601 2607">
    <p class='ocr_par' dir='ltr' id='par_1_78' title="bbox 2035 2528 3601 2607">
     <span class='ocr_line' id='line_1_78' title="bbox 2035 2528 3601 2607; baseline -0.008 -14"><span class='ocrx_word' id='word_1_591' title='bbox 2035 2550 2179 2593; x_wconf 89' lang='lat' dir='ltr'><strong>trare</strong></span> <span class='ocrx_word' id='word_1_592' title='bbox 2209 2552 2387 2607; x_wconf 77' lang='lat' dir='ltr'><strong>posse,</strong></span> <span class='ocrx_word' id='word_1_593' title='bbox 2426 2552 2540 2590; x_wconf 84' lang='lat' dir='ltr'><strong>rem</strong></span> <span class='ocrx_word' id='word_1_594' title='bbox 2584 2548 2729 2599; x_wconf 88' lang='lat' dir='ltr'><strong>esse,</strong></span> <span class='ocrx_word' id='word_1_595' title='bbox 2760 2547 2878 2602; x_wconf 80' lang='lat' dir='ltr'><strong>qua:</strong></span> <span class='ocrx_word' id='word_1_596' title='bbox 2926 2531 3051 2584; x_wconf 89' lang='lat' dir='ltr'><strong>nudi</strong></span> <span class='ocrx_word' id='word_1_597' title='bbox 3094 2530 3327 2584; x_wconf 88' lang='lat' dir='ltr'><strong>hominis</strong></span> <span class='ocrx_word' id='word_1_598' title='bbox 3372 2528 3601 2583; x_wconf 79' lang='lat' dir='ltr'><strong>faculta-</strong></span> 
     </span>
    </p>
   </div>
   <div class='ocr_carea' id='block_1_79' title="bbox 2034 2619 3600 2698">
    <p class='ocr_par' dir='ltr' id='par_1_79' title="bbox 2034 2619 3600 2698">
     <span class='ocr_line' id='line_1_79' title="bbox 2034 2619 3600 2698; baseline -0.006 -15"><span class='ocrx_word' id='word_1_599' title='bbox 2034 2641 2140 2683; x_wconf 90' lang='lat' dir='ltr'><strong>tem</strong></span> <span class='ocrx_word' id='word_1_600' title='bbox 2182 2634 2480 2698; x_wconf 87' lang='lat' dir='ltr'><strong>superaret.</strong></span> <span class='ocrx_word' id='word_1_601' title='bbox 2522 2623 2773 2679; x_wconf 86' lang='lat' dir='ltr'><strong>Christus</strong></span> <span class='ocrx_word' id='word_1_602' title='bbox 2813 2623 2995 2691; x_wconf 87' lang='lat' dir='ltr'><strong>itaque</strong></span> <span class='ocrx_word' id='word_1_603' title='bbox 3048 2631 3103 2675; x_wconf 90' lang='lat' dir='ltr'><strong>et</strong></span> <span class='ocrx_word' id='word_1_604' title='bbox 3160 2619 3300 2675; x_wconf 91' lang='lat' dir='ltr'><strong>Deus</strong></span> <span class='ocrx_word' id='word_1_605' title='bbox 3347 2631 3401 2674; x_wconf 93' lang='lat' dir='ltr'><strong>et</strong></span> <span class='ocrx_word' id='word_1_606' title='bbox 3440 2620 3600 2674; x_wconf 88' lang='lat' dir='ltr'><strong>homo</strong></span> 
     </span>
    </p>
   </div>
   <div class='ocr_carea' id='block_1_80' title="bbox 2030 2721 2358 2776">
    <p class='ocr_par' dir='ltr' id='par_1_80' title="bbox 2030 2721 2358 2776">
     <span class='ocr_line' id='line_1_80' title="bbox 2030 2721 2358 2776; baseline -0.009 0"><span class='ocrx_word' id='word_1_607' title='bbox 2030 2721 2189 2776; x_wconf 87' lang='lat' dir='ltr'><strong>simul</strong></span> <span class='ocrx_word' id='word_1_608' title='bbox 2219 2728 2358 2774; x_wconf 83' lang='lat' dir='ltr'><strong>eral.</strong></span> 
     </span>
    </p>
   </div>
   <div class='ocr_carea' id='block_1_81' title="bbox 2107 2804 3601 2879">
    <p class='ocr_par' dir='ltr' id='par_1_81' title="bbox 2107 2804 3601 2879">
     <span class='ocr_line' id='line_1_81' title="bbox 2107 2804 3601 2879; baseline -0.004 -14"><span class='ocrx_word' id='word_1_609' title='bbox 2107 2831 2125 2865; x_wconf 80' lang='grc' dir='ltr'><strong>ι</strong></span> <span class='ocrx_word' id='word_1_610' title='bbox 2168 2814 2448 2867; x_wconf 65' lang='lat' dir='ltr'><strong>Daemones</strong></span> <span class='ocrx_word' id='word_1_611' title='bbox 2488 2808 2748 2879; x_wconf 79' lang='lat' dir='ltr'><strong>rogabant</strong></span> <span class='ocrx_word' id='word_1_612' title='bbox 2802 2822 2923 2861; x_wconf 89' lang='lat' dir='ltr'><strong>cum</strong></span> <span class='ocrx_word' id='word_1_613' title='bbox 2950 2846 2966 2873; x_wconf 94' lang='lat'><strong>,</strong></span> <span class='ocrx_word' id='word_1_614' title='bbox 3006 2804 3291 2861; x_wconf 88' lang='lat' dir='ltr'><strong>dicentes:</strong></span> <span class='ocrx_word' id='word_1_615' title='bbox 3346 2804 3402 2859; x_wconf 90' lang='lat' dir='ltr'><strong>Si</strong></span> <span class='ocrx_word' id='word_1_616' title='bbox 3447 2804 3601 2872; x_wconf 86' lang='lat' dir='ltr'><strong>ejicis</strong></span> 
     </span>
    </p>
   </div>
   <div class='ocr_carea' id='block_1_82' title="bbox 2032 2894 3596 2971">
    <p class='ocr_par' dir='ltr' id='par_1_82' title="bbox 2032 2894 3596 2971">
     <span class='ocr_line' id='line_1_82' title="bbox 2032 2894 3596 2971; baseline -0.005 -13"><span class='ocrx_word' id='word_1_617' title='bbox 2032 2920 2151 2970; x_wconf 90' lang='lat' dir='ltr'><strong>nos,</strong></span> <span class='ocrx_word' id='word_1_618' title='bbox 2192 2905 2342 2958; x_wconf 89' lang='lat' dir='ltr'><strong>mitte</strong></span> <span class='ocrx_word' id='word_1_619' title='bbox 2385 2918 2483 2957; x_wconf 89' lang='lat' dir='ltr'><strong>nos</strong></span> <span class='ocrx_word' id='word_1_620' title='bbox 2529 2901 2581 2955; x_wconf 92' lang='lat' dir='ltr'><strong>in</strong></span> <span class='ocrx_word' id='word_1_621' title='bbox 2630 2914 2845 2971; x_wconf 78' lang='lat' dir='ltr'><strong>gregem</strong></span> <span class='ocrx_word' id='word_1_622' title='bbox 2878 2912 3188 2967; x_wconf 87' lang='lat' dir='ltr'><strong>porcorum.</strong></span> <span class='ocrx_word' id='word_1_623' title='bbox 3216 2894 3282 2950; x_wconf 86' lang='lat' dir='ltr'><strong>Et</strong></span> <span class='ocrx_word' id='word_1_624' title='bbox 3326 2895 3402 2949; x_wconf 92' lang='lat' dir='ltr'><strong>ait</strong></span> <span class='ocrx_word' id='word_1_625' title='bbox 3455 2895 3596 2950; x_wconf 86' lang='lat' dir='ltr'><strong>illis.</strong></span> 
     </span>
    </p>
   </div>
   <div class='ocr_carea' id='block_1_83' title="bbox 2030 2989 3601 3067">
    <p class='ocr_par' dir='ltr' id='par_1_83' title="bbox 2030 2989 3601 3067">
     <span class='ocr_line' id='line_1_83' title="bbox 2030 2989 3601 3067; baseline -0.006 -18"><span class='ocrx_word' id='word_1_626' title='bbox 2030 2997 2141 3067; x_wconf 78' lang='lat'><strong>80</strong></span> <span class='ocrx_word' id='word_1_627' title='bbox 2170 2994 2245 3049; x_wconf 86' lang='lat' dir='ltr'><strong>Ite</strong></span> <span class='ocrx_word' id='word_1_628' title='bbox 2269 2995 2336 3048; x_wconf 80' lang='lat'><strong>’°.</strong></span> <span class='ocrx_word' id='word_1_629' title='bbox 2375 3013 2393 3046; x_wconf 75' lang='grc' dir='ltr'><strong>ι</strong></span> <span class='ocrx_word' id='word_1_630' title='bbox 2428 2992 2692 3048; x_wconf 90' lang='lat' dir='ltr'><strong>Omnibus</strong></span> <span class='ocrx_word' id='word_1_631' title='bbox 2718 2989 3021 3060; x_wconf 81' lang='lat' dir='ltr'><strong>providere,</strong></span> <span class='ocrx_word' id='word_1_632' title='bbox 3050 2996 3353 3056; x_wconf 86' lang='lat' dir='ltr'><strong>cunctaque</strong></span> <span class='ocrx_word' id='word_1_633' title='bbox 3380 2998 3601 3041; x_wconf 87' lang='lat' dir='ltr'><strong>conser-</strong></span> 
     </span>
    </p>
   </div>
   <div class='ocr_carea' id='block_1_84' title="bbox 2034 3079 3601 3158">
    <p class='ocr_par' dir='ltr' id='par_1_84' title="bbox 2034 3079 3601 3158">
     <span class='ocr_line' id='line_1_84' title="bbox 2034 3079 3601 3158; baseline -0.007 -18"><span class='ocrx_word' id='word_1_634' title='bbox 2034 3105 2183 3153; x_wconf 77' lang='lat' dir='ltr'><strong>vare,</strong></span> <span class='ocrx_word' id='word_1_635' title='bbox 2204 3089 2269 3143; x_wconf 88' lang='lat' dir='ltr'><strong>ad</strong></span> <span class='ocrx_word' id='word_1_636' title='bbox 2286 3102 2468 3158; x_wconf 91' lang='lat' dir='ltr'><strong>quem,</strong></span> <span class='ocrx_word' id='word_1_637' title='bbox 2497 3085 2750 3145; x_wconf 89' lang='lat' dir='ltr'><strong>obsecro.</strong></span> <span class='ocrx_word' id='word_1_638' title='bbox 2777 3081 3121 3152; x_wconf 85' lang='lat' dir='ltr'><strong>spectat,nisi</strong></span> <span class='ocrx_word' id='word_1_639' title='bbox 3152 3079 3219 3133; x_wconf 93' lang='lat' dir='ltr'><strong>ad</strong></span> <span class='ocrx_word' id='word_1_640' title='bbox 3249 3094 3369 3134; x_wconf 90' lang='lat' dir='ltr'><strong>eum</strong></span> <span class='ocrx_word' id='word_1_641' title='bbox 3406 3092 3601 3145; x_wconf 75' lang='lat' dir='ltr'><strong>sozum,</strong></span> 
     </span>
    </p>
   </div>
   <div class='ocr_carea' id='block_1_85' title="bbox 2033 3166 3605 3251">
    <p class='ocr_par' dir='ltr' id='par_1_85' title="bbox 2033 3166 3605 3251">
     <span class='ocr_line' id='line_1_85' title="bbox 2033 3166 3605 3251; baseline -0.007 -17"><span class='ocrx_word' id='word_1_642' title='bbox 2033 3184 2122 3251; x_wconf 88' lang='lat' dir='ltr'><strong>qui</strong></span> <span class='ocrx_word' id='word_1_643' title='bbox 2154 3181 2446 3236; x_wconf 84' lang='lat' dir='ltr'><strong>secundum</strong></span> <span class='ocrx_word' id='word_1_644' title='bbox 2480 3190 2722 3232; x_wconf 88' lang='lat' dir='ltr'><strong>naturam</strong></span> <span class='ocrx_word' id='word_1_645' title='bbox 2766 3175 2905 3231; x_wconf 88' lang='lat' dir='ltr'><strong>Deus</strong></span> <span class='ocrx_word' id='word_1_646' title='bbox 2936 3166 3061 3229; x_wconf 85' lang='lat' dir='ltr'><strong>est?</strong></span> <span class='ocrx_word' id='word_1_647' title='bbox 3094 3172 3233 3227; x_wconf 78' lang='lat' dir='ltr'><strong>llinc</strong></span> <span class='ocrx_word' id='word_1_648' title='bbox 3265 3180 3318 3224; x_wconf 89' lang='lat' dir='ltr'><strong>et</strong></span> <span class='ocrx_word' id='word_1_649' title='bbox 3353 3169 3605 3225; x_wconf 84' lang='lat' dir='ltr'><strong>Salvator</strong></span> 
     </span>
    </p>
   </div>
   <div class='ocr_carea' id='block_1_86' title="bbox 2032 3268 3605 3344">
    <p class='ocr_par' dir='ltr' id='par_1_86' title="bbox 2032 3268 3605 3344">
     <span class='ocr_line' id='line_1_86' title="bbox 2032 3268 3605 3344; baseline -0.005 -17"><span class='ocrx_word' id='word_1_650' title='bbox 2032 3290 2288 3344; x_wconf 72' lang='lat' dir='ltr'><strong>quoque:</strong></span> <span class='ocrx_word' id='word_1_651' title='bbox 2328 3292 2346 3324; x_wconf 77' lang='grc' dir='ltr'><strong>σ</strong></span> <span class='ocrx_word' id='word_1_652' title='bbox 2394 3271 2618 3334; x_wconf 88' lang='lat' dir='ltr'><strong>Nonne,</strong></span> <span class='ocrx_word' id='word_1_653' title='bbox 2650 3270 2853 3338; x_wconf 90' lang='lat' dir='ltr'><strong>inquit,</strong></span> <span class='ocrx_word' id='word_1_654' title='bbox 2902 3268 3009 3323; x_wconf 91' lang='lat' dir='ltr'><strong>duo</strong></span> <span class='ocrx_word' id='word_1_655' title='bbox 3048 3280 3295 3337; x_wconf 89' lang='lat' dir='ltr'><strong>passeres</strong></span> <span class='ocrx_word' id='word_1_656' title='bbox 3341 3278 3465 3319; x_wconf 86' lang='lat' dir='ltr'><strong>asse</strong></span> <span class='ocrx_word' id='word_1_657' title='bbox 3508 3278 3605 3319; x_wconf 78' lang='lat' dir='ltr'><strong>ve-</strong></span> 
     </span>
    </p>
   </div>
   <div class='ocr_carea' id='block_1_87' title="bbox 2035 3356 3606 3430">
    <p class='ocr_par' dir='ltr' id='par_1_87' title="bbox 2035 3356 3606 3430">
     <span class='ocr_line' id='line_1_87' title="bbox 2035 3356 3606 3430; baseline -0.007 -9"><span class='ocrx_word' id='word_1_658' title='bbox 2035 3376 2221 3430; x_wconf 89' lang='lat' dir='ltr'><strong>neunt,</strong></span> <span class='ocrx_word' id='word_1_659' title='bbox 2246 3376 2299 3420; x_wconf 87' lang='lat' dir='ltr'><strong>el</strong></span> <span class='ocrx_word' id='word_1_660' title='bbox 2324 3381 2465 3421; x_wconf 87' lang='lat' dir='ltr'><strong>unus</strong></span> <span class='ocrx_word' id='word_1_661' title='bbox 2490 3379 2552 3418; x_wconf 80' lang='lat' dir='ltr'><strong>ex</strong></span> <span class='ocrx_word' id='word_1_662' title='bbox 2581 3363 2687 3418; x_wconf 84' lang='lat' dir='ltr'><strong>illis</strong></span> <span class='ocrx_word' id='word_1_663' title='bbox 2713 3378 2817 3418; x_wconf 88' lang='lat' dir='ltr'><strong>non</strong></span> <span class='ocrx_word' id='word_1_664' title='bbox 2853 3362 3010 3416; x_wconf 85' lang='lat' dir='ltr'><strong>cadet</strong></span> <span class='ocrx_word' id='word_1_665' title='bbox 3047 3374 3210 3428; x_wconf 90' lang='lat' dir='ltr'><strong>super</strong></span> <span class='ocrx_word' id='word_1_666' title='bbox 3249 3367 3447 3412; x_wconf 90' lang='lat' dir='ltr'><strong>terram</strong></span> <span class='ocrx_word' id='word_1_667' title='bbox 3484 3356 3606 3411; x_wconf 84' lang='lat' dir='ltr'><strong>sine</strong></span> 
     </span>
    </p>
   </div>
   <div class='ocr_carea' id='block_1_88' title="bbox 2035 3447 3601 3522">
    <p class='ocr_par' dir='ltr' id='par_1_88' title="bbox 2035 3447 3601 3522">
     <span class='ocr_line' id='line_1_88' title="bbox 2035 3447 3601 3522; baseline -0.008 -11"><span class='ocrx_word' id='word_1_668' title='bbox 2035 3457 2195 3511; x_wconf 87' lang='lat' dir='ltr'><strong>Patre</strong></span> <span class='ocrx_word' id='word_1_669' title='bbox 2227 3467 2429 3520; x_wconf 74' lang='lat' dir='ltr'><strong>ves1ro,</strong></span> <span class='ocrx_word' id='word_1_670' title='bbox 2482 3454 2573 3522; x_wconf 93' lang='lat' dir='ltr'><strong>qui</strong></span> <span class='ocrx_word' id='word_1_671' title='bbox 2618 3453 2671 3507; x_wconf 91' lang='lat' dir='ltr'><strong>in</strong></span> <span class='ocrx_word' id='word_1_672' title='bbox 2718 3452 2868 3506; x_wconf 77' lang='lat' dir='ltr'><strong>ctelis</strong></span> <span class='ocrx_word' id='word_1_673' title='bbox 2915 3449 3035 3505; x_wconf 85' lang='lat' dir='ltr'><strong>est?</strong></span> <span class='ocrx_word' id='word_1_674' title='bbox 3074 3447 3244 3503; x_wconf 85' lang='lat' dir='ltr'><strong>Vestri</strong></span> <span class='ocrx_word' id='word_1_675' title='bbox 3287 3457 3463 3501; x_wconf 84' lang='lat' dir='ltr'><strong>autem</strong></span> <span class='ocrx_word' id='word_1_676' title='bbox 3511 3458 3601 3499; x_wconf 87' lang='lat' dir='ltr'><strong>ca—</strong></span> 
     </span>
    </p>
   </div>
   <div class='ocr_carea' id='block_1_89' title="bbox 2033 3537 3601 3615">
    <p class='ocr_par' dir='ltr' id='par_1_89' title="bbox 2033 3537 3601 3615">
     <span class='ocr_line' id='line_1_89' title="bbox 2033 3537 3601 3615; baseline -0.006 -18"><span class='ocrx_word' id='word_1_677' title='bbox 2033 3546 2145 3615; x_wconf 88' lang='lat' dir='ltr'><strong>pilli</strong></span> <span class='ocrx_word' id='word_1_678' title='bbox 2178 3545 2373 3615; x_wconf 84' lang='lat' dir='ltr'><strong>capitis</strong></span> <span class='ocrx_word' id='word_1_679' title='bbox 2401 3559 2589 3597; x_wconf 90' lang='lat' dir='ltr'><strong>omnes</strong></span> <span class='ocrx_word' id='word_1_680' title='bbox 2636 3540 2899 3596; x_wconf 90' lang='lat' dir='ltr'><strong>numerati</strong></span> <span class='ocrx_word' id='word_1_681' title='bbox 2942 3548 3067 3594; x_wconf 91' lang='lat' dir='ltr'><strong>sunt</strong></span> <span class='ocrx_word' id='word_1_682' title='bbox 3092 3538 3158 3593; x_wconf 85' lang='grc'>⁹¹.</span> <span class='ocrx_word' id='word_1_683' title='bbox 3196 3557 3215 3591; x_wconf 76' lang='grc' dir='ltr'><strong>ι</strong></span> <span class='ocrx_word' id='word_1_684' title='bbox 3267 3537 3344 3592; x_wconf 85' lang='grc' dir='ltr'>Εη</span> <span class='ocrx_word' id='word_1_685' title='bbox 3396 3546 3601 3591; x_wconf 87' lang='lat' dir='ltr'><strong>tantam</strong></span> 
     </span>
    </p>
   </div>
   <div class='ocr_carea' id='block_1_90' title="bbox 2037 3627 3601 3707">
    <p class='ocr_par' dir='ltr' id='par_1_90' title="bbox 2037 3627 3601 3707">
     <span class='ocr_line' id='line_1_90' title="bbox 2037 3627 3601 3707; baseline -0.007 -16"><span class='ocrx_word' id='word_1_686' title='bbox 2037 3654 2214 3692; x_wconf 92' lang='lat' dir='ltr'><strong>rerum</strong></span> <span class='ocrx_word' id='word_1_687' title='bbox 2262 3636 2655 3707; x_wconf 87' lang='lat' dir='ltr'><strong>providentiam</strong></span> <span class='ocrx_word' id='word_1_688' title='bbox 2704 3632 2939 3688; x_wconf 85' lang='lat' dir='ltr'><strong>habebat</strong></span> <span class='ocrx_word' id='word_1_689' title='bbox 2981 3631 3259 3694; x_wconf 86' lang='lat' dir='ltr'><strong>Christus,</strong></span> <span class='ocrx_word' id='word_1_690' title='bbox 3303 3638 3361 3682; x_wconf 88' lang='lat' dir='ltr'><strong>ut</strong></span> <span class='ocrx_word' id='word_1_691' title='bbox 3393 3627 3601 3697; x_wconf 88' lang='lat' dir='ltr'><strong>absque</strong></span> 
     </span>
    </p>
   </div>
   <div class='ocr_carea' id='block_1_91' title="bbox 2034 3724 3602 3797">
    <p class='ocr_par' dir='ltr' id='par_1_91' title="bbox 2034 3724 3602 3797">
     <span class='ocr_line' id='line_1_91' title="bbox 2034 3724 3602 3797; baseline -0.005 -15"><span class='ocrx_word' id='word_1_692' title='bbox 2034 3730 2177 3783; x_wconf 89' lang='lat' dir='ltr'><strong>illius</strong></span> <span class='ocrx_word' id='word_1_693' title='bbox 2205 3728 2471 3796; x_wconf 86' lang='lat' dir='ltr'><strong>permissu</strong></span> <span class='ocrx_word' id='word_1_694' title='bbox 2504 3742 2571 3782; x_wconf 88' lang='lat' dir='ltr'><strong>ne</strong></span> <span class='ocrx_word' id='word_1_695' title='bbox 2606 3728 2658 3781; x_wconf 90' lang='lat' dir='ltr'><strong>in</strong></span> <span class='ocrx_word' id='word_1_696' title='bbox 2688 3740 2971 3797; x_wconf 90' lang='lat' dir='ltr'><strong>porcorum</strong></span> <span class='ocrx_word' id='word_1_697' title='bbox 3005 3724 3217 3793; x_wconf 89' lang='lat' dir='ltr'><strong>quidem</strong></span> <span class='ocrx_word' id='word_1_698' title='bbox 3262 3736 3477 3792; x_wconf 83' lang='lat' dir='ltr'><strong>gregem</strong></span> <span class='ocrx_word' id='word_1_699' title='bbox 3505 3734 3602 3790; x_wconf 90' lang='lat' dir='ltr'><strong>po-</strong></span> 
     </span>
    </p>
   </div>
   <div class='ocr_carea' id='block_1_92' title="bbox 2036 3812 3601 3883">
    <p class='ocr_par' dir='ltr' id='par_1_92' title="bbox 2036 3812 3601 3883">
     <span class='ocr_line' id='line_1_92' title="bbox 2036 3812 3601 3883; baseline -0.006 -11"><span class='ocrx_word' id='word_1_700' title='bbox 2036 3830 2283 3873; x_wconf 75' lang='lat' dir='ltr'><strong>testatem</strong></span> <span class='ocrx_word' id='word_1_701' title='bbox 2345 3832 2601 3873; x_wconf 82' lang='lat' dir='ltr'><strong>exercere</strong></span> <span class='ocrx_word' id='word_1_702' title='bbox 2657 3816 2949 3871; x_wconf 85' lang='lat' dir='ltr'><strong>iunnundis</strong></span> <span class='ocrx_word' id='word_1_703' title='bbox 3003 3813 3281 3883; x_wconf 88' lang='lat' dir='ltr'><strong>spiritibus</strong></span> <span class='ocrx_word' id='word_1_704' title='bbox 3334 3812 3601 3878; x_wconf 87' lang='lat' dir='ltr'><strong>integrum</strong></span> 
     </span>
    </p>
   </div>
   <div class='ocr_carea' id='block_1_93' title="bbox 2032 3900 3602 3981">
    <p class='ocr_par' dir='ltr' id='par_1_93' title="bbox 2032 3900 3602 3981">
     <span class='ocr_line' id='line_1_93' title="bbox 2032 3900 3602 3981; baseline -0.006 -16"><span class='ocrx_word' id='word_1_705' title='bbox 2032 3921 2195 3966; x_wconf 87' lang='lat' dir='ltr'><strong>esset.</strong></span> <span class='ocrx_word' id='word_1_706' title='bbox 2224 3910 2296 3964; x_wconf 85' lang='lat' dir='ltr'><strong>At</strong></span> <span class='ocrx_word' id='word_1_707' title='bbox 2335 3900 2555 3981; x_wconf 86' lang='lat' dir='ltr'><strong>rogatus</strong></span> <span class='ocrx_word' id='word_1_708' title='bbox 2577 3909 2664 3965; x_wconf 83' lang='lat' dir='ltr'><strong>vix</strong></span> <span class='ocrx_word' id='word_1_709' title='bbox 2701 3907 2969 3977; x_wconf 83' lang='lat' dir='ltr'><strong>permisit,</strong></span> <span class='ocrx_word' id='word_1_710' title='bbox 2992 3908 3112 3960; x_wconf 81' lang='lat' dir='ltr'><strong>&#39;n0n</strong></span> <span class='ocrx_word' id='word_1_711' title='bbox 3152 3914 3211 3959; x_wconf 83' lang='grc' dir='ltr'><strong>ιιι</strong></span> <span class='ocrx_word' id='word_1_712' title='bbox 3241 3903 3452 3958; x_wconf 88' lang='lat' dir='ltr'><strong>illorum</strong></span> <span class='ocrx_word' id='word_1_713' title='bbox 3482 3901 3602 3956; x_wconf 88' lang='lat' dir='ltr'><strong>libi-</strong></span> 
     </span>
    </p>
   </div>
   <div class='ocr_carea' id='block_1_94' title="bbox 2034 3995 3597 4070">
    <p class='ocr_par' dir='ltr' id='par_1_94' title="bbox 2034 3995 3597 4070">
     <span class='ocr_line' id='line_1_94' title="bbox 2034 3995 3597 4070; baseline -0.007 -14"><span class='ocrx_word' id='word_1_714' title='bbox 2034 4003 2146 4057; x_wconf 89' lang='lat' dir='ltr'><strong>dini</strong></span> <span class='ocrx_word' id='word_1_715' title='bbox 2178 4016 2381 4056; x_wconf 91' lang='lat' dir='ltr'><strong>morem</strong></span> <span class='ocrx_word' id='word_1_716' title='bbox 2417 4009 2651 4070; x_wconf 86' lang='lat' dir='ltr'><strong>gereret,</strong></span> <span class='ocrx_word' id='word_1_717' title='bbox 2686 4000 2780 4055; x_wconf 88' lang='lat' dir='ltr'><strong>sed</strong></span> <span class='ocrx_word' id='word_1_718' title='bbox 2804 4008 2862 4053; x_wconf 93' lang='lat' dir='ltr'><strong>ut</strong></span> <span class='ocrx_word' id='word_1_719' title='bbox 2892 3998 3065 4064; x_wconf 87' lang='lat' dir='ltr'><strong>nobis,</strong></span> <span class='ocrx_word' id='word_1_720' title='bbox 3100 4011 3159 4051; x_wconf 90' lang='lat' dir='ltr'><strong>se</strong></span> <span class='ocrx_word' id='word_1_721' title='bbox 3195 3995 3446 4050; x_wconf 90' lang='lat' dir='ltr'><strong>omnibus</strong></span> <span class='ocrx_word' id='word_1_722' title='bbox 3477 4004 3597 4049; x_wconf 88' lang='lat' dir='ltr'><strong>tan-</strong></span> 
     </span>
    </p>
   </div>
   <div class='ocr_carea' id='block_1_95' title="bbox 2034 4086 3601 4163">
    <p class='ocr_par' dir='ltr' id='par_1_95' title="bbox 2034 4086 3601 4163">
     <span class='ocr_line' id='line_1_95' title="bbox 2034 4086 3601 4163; baseline -0.003 -18"><span class='ocrx_word' id='word_1_723' title='bbox 2034 4110 2193 4163; x_wconf 88' lang='lat' dir='ltr'><strong>quam</strong></span> <span class='ocrx_word' id='word_1_724' title='bbox 2244 4095 2409 4147; x_wconf 90' lang='lat' dir='ltr'><strong>Deum</strong></span> <span class='ocrx_word' id='word_1_725' title='bbox 2446 4092 2729 4161; x_wconf 82' lang='lat' dir='ltr'><strong>providere</strong></span> <span class='ocrx_word' id='word_1_726' title='bbox 2769 4090 3139 4161; x_wconf 82' lang='lat' dir='ltr'><strong>persuaderet.</strong></span> <span class='ocrx_word' id='word_1_727' title='bbox 3184 4086 3251 4141; x_wconf 80' lang='lat' dir='ltr'><strong>Et</strong></span> <span class='ocrx_word' id='word_1_728' title='bbox 3286 4102 3393 4156; x_wconf 91' lang='lat' dir='ltr'><strong>quo</strong></span> <span class='ocrx_word' id='word_1_729' title='bbox 3444 4086 3601 4140; x_wconf 89' lang='lat' dir='ltr'><strong>modo</strong></span> 
     </span>
    </p>
   </div>
   <div class='ocr_carea' id='block_1_96' title="bbox 2036 4177 3598 4250">
    <p class='ocr_par' dir='ltr' id='par_1_96' title="bbox 2036 4177 3598 4250">
     <span class='ocr_line' id='line_1_96' title="bbox 2036 4177 3598 4250; baseline -0.007 -12"><span class='ocrx_word' id='word_1_730' title='bbox 2036 4185 2251 4240; x_wconf 83' lang='lat' dir='ltr'><strong>tandem</strong></span> <span class='ocrx_word' id='word_1_731' title='bbox 2294 4184 2384 4239; x_wconf 91' lang='lat' dir='ltr'><strong>ille</strong></span> <span class='ocrx_word' id='word_1_732' title='bbox 2421 4184 2566 4237; x_wconf 88' lang='lat' dir='ltr'><strong>Deus</strong></span> <span class='ocrx_word' id='word_1_733' title='bbox 2618 4198 2724 4237; x_wconf 91' lang='lat' dir='ltr'><strong>non</strong></span> <span class='ocrx_word' id='word_1_734' title='bbox 2775 4190 2881 4245; x_wconf 93' lang='lat' dir='ltr'><strong>est,</strong></span> <span class='ocrx_word' id='word_1_735' title='bbox 2930 4181 3021 4250; x_wconf 90' lang='lat' dir='ltr'><strong>qui</strong></span> <span class='ocrx_word' id='word_1_736' title='bbox 3067 4189 3383 4250; x_wconf 87' lang='lat' dir='ltr'><strong>potestatem</strong></span> <span class='ocrx_word' id='word_1_737' title='bbox 3418 4177 3598 4241; x_wconf 88' lang='lat' dir='ltr'><strong>habet,</strong></span> 
     </span>
    </p>
   </div>
   <div class='ocr_carea' id='block_1_97' title="bbox 2033 4266 3600 4347">
    <p class='ocr_par' dir='ltr' id='par_1_97' title="bbox 2033 4266 3600 4347">
     <span class='ocr_line' id='line_1_97' title="bbox 2033 4266 3600 4347; baseline -0.006 -17"><span class='ocrx_word' id='word_1_738' title='bbox 2033 4292 2193 4347; x_wconf 90' lang='lat' dir='ltr'><strong>quam</strong></span> <span class='ocrx_word' id='word_1_739' title='bbox 2222 4277 2273 4329; x_wconf 90' lang='lat' dir='ltr'><strong>in</strong></span> <span class='ocrx_word' id='word_1_740' title='bbox 2305 4277 2477 4330; x_wconf 83' lang='lat' dir='ltr'><strong>solum</strong></span> <span class='ocrx_word' id='word_1_741' title='bbox 2509 4276 2671 4329; x_wconf 89' lang='lat' dir='ltr'><strong>Deum</strong></span> <span class='ocrx_word' id='word_1_742' title='bbox 2704 4275 2901 4328; x_wconf 85' lang='lat' dir='ltr'><strong>cadere</strong></span> <span class='ocrx_word' id='word_1_743' title='bbox 2932 4281 3139 4327; x_wconf 86' lang='lat' dir='ltr'><strong>certum</strong></span> <span class='ocrx_word' id='word_1_744' title='bbox 3167 4279 3290 4335; x_wconf 89' lang='lat' dir='ltr'><strong>est,</strong></span> <span class='ocrx_word' id='word_1_745' title='bbox 3322 4268 3519 4339; x_wconf 88' lang='lat' dir='ltr'><strong>quique</strong></span> <span class='ocrx_word' id='word_1_746' title='bbox 3545 4266 3600 4321; x_wconf 93' lang='lat' dir='ltr'><strong>in</strong></span> 
     </span>
    </p>
   </div>
   <div class='ocr_carea' id='block_1_98' title="bbox 2034 4367 3600 4437">
    <p class='ocr_par' dir='ltr' id='par_1_98' title="bbox 2034 4367 3600 4437">
     <span class='ocr_line' id='line_1_98' title="bbox 2034 4367 3600 4437; baseline -0.008 -14"><span class='ocrx_word' id='word_1_747' title='bbox 2034 4370 2213 4423; x_wconf 83' lang='lat' dir='ltr'><strong>omnia</strong></span> <span class='ocrx_word' id='word_1_748' title='bbox 2261 4367 2541 4437; x_wconf 89' lang='lat' dir='ltr'><strong>imperium</strong></span> <span class='ocrx_word' id='word_1_749' title='bbox 2587 4374 2825 4426; x_wconf 76' lang='lat' dir='ltr'><strong>exercet,</strong></span> <span class='ocrx_word' id='word_1_750' title='bbox 2879 4372 2935 4418; x_wconf 91' lang='lat' dir='ltr'><strong>et</strong></span> <span class='ocrx_word' id='word_1_751' title='bbox 2990 4370 3277 4418; x_wconf 85' lang='lat' dir='ltr'><strong>conservat</strong></span> <span class='ocrx_word' id='word_1_752' title='bbox 3325 4372 3445 4431; x_wconf 65' lang='lat' dir='ltr'><strong>qua</strong></span> <span class='ocrx_word' id='word_1_753' title='bbox 3504 4372 3600 4427; x_wconf 86' lang='lat' dir='ltr'><strong>per</strong></span> 
     </span>
    </p>
   </div>
   <div class='ocr_carea' id='block_1_99' title="bbox 1961 4455 3223 4533">
    <p class='ocr_par' dir='ltr' id='par_1_99' title="bbox 1961 4455 3223 4533">
     <span class='ocr_line' id='line_1_99' title="bbox 1961 4455 3223 4533; baseline -0.005 -20"><span class='ocrx_word' id='word_1_754' title='bbox 1961 4479 2007 4533; x_wconf 80' lang='grc' dir='ltr'><strong>ι)</strong></span> <span class='ocrx_word' id='word_1_755' title='bbox 2037 4462 2209 4529; x_wconf 88' lang='lat' dir='ltr'><strong>ipsum</strong></span> <span class='ocrx_word' id='word_1_756' title='bbox 2241 4461 2459 4513; x_wconf 84' lang='lat' dir='ltr'><strong>condita</strong></span> <span class='ocrx_word' id='word_1_757' title='bbox 2495 4467 2641 4520; x_wconf 89' lang='lat' dir='ltr'><strong>sunt,</strong></span> <span class='ocrx_word' id='word_1_758' title='bbox 2677 4467 2930 4525; x_wconf 87' lang='lat' dir='ltr'><strong>tanquam</strong></span> <span class='ocrx_word' id='word_1_759' title='bbox 2962 4455 3223 4525; x_wconf 86' lang='lat' dir='ltr'><strong>propria?</strong></span> 
     </span>
    </p>
   </div>
   <div class='ocr_carea' id='block_1_100' title="bbox 2109 4547 3596 4618">
    <p class='ocr_par' dir='ltr' id='par_1_100' title="bbox 2109 4547 3596 4618">
     <span class='ocr_line' id='line_1_100' title="bbox 2109 4547 3596 4618; baseline 0 -17"><span class='ocrx_word' id='word_1_760' title='bbox 2109 4570 2127 4601; x_wconf 72' lang='grc' dir='ltr'><strong>ι</strong></span> <span class='ocrx_word' id='word_1_761' title='bbox 2151 4550 2303 4605; x_wconf 88' lang='lat' dir='ltr'><strong>Tunc</strong></span> <span class='ocrx_word' id='word_1_762' title='bbox 2324 4551 2452 4605; x_wconf 88' lang='lat' dir='ltr'><strong>dicit</strong></span> <span class='ocrx_word' id='word_1_763' title='bbox 2473 4550 2750 4618; x_wconf 86' lang='lat' dir='ltr'><strong>discipulis</strong></span> <span class='ocrx_word' id='word_1_764' title='bbox 2772 4549 2885 4602; x_wconf 87' lang='lat' dir='ltr'><strong>suis</strong></span> <span class='ocrx_word' id='word_1_765' title='bbox 2911 4564 2926 4602; x_wconf 89' lang='lat'><strong>:</strong></span> <span class='ocrx_word' id='word_1_766' title='bbox 2954 4547 3142 4602; x_wconf 83' lang='lat' dir='ltr'><strong>Messis</strong></span> <span class='ocrx_word' id='word_1_767' title='bbox 3163 4547 3379 4616; x_wconf 85' lang='lat' dir='ltr'><strong>quidem</strong></span> <span class='ocrx_word' id='word_1_768' title='bbox 3408 4550 3596 4615; x_wconf 79' lang='lat' dir='ltr'><strong>multa,</strong></span> 
     </span>
    </p>
   </div>
   <div class='ocr_carea' id='block_1_101' title="bbox 2031 4639 3600 4710">
    <p class='ocr_par' dir='ltr' id='par_1_101' title="bbox 2031 4639 3600 4710">
     <span class='ocr_line' id='line_1_101' title="bbox 2031 4639 3600 4710; baseline 0.001 -14"><span class='ocrx_word' id='word_1_769' title='bbox 2031 4642 2261 4709; x_wconf 82' lang='lat' dir='ltr'><strong>operarii</strong></span> <span class='ocrx_word' id='word_1_770' title='bbox 2296 4650 2474 4696; x_wconf 90' lang='lat' dir='ltr'><strong>autem</strong></span> <span class='ocrx_word' id='word_1_771' title='bbox 2508 4640 2685 4710; x_wconf 89' lang='lat' dir='ltr'><strong>pauci.</strong></span> <span class='ocrx_word' id='word_1_772' title='bbox 2723 4639 2928 4709; x_wconf 75' lang='lat' dir='ltr'><strong>Rogato</strong></span> <span class='ocrx_word' id='word_1_773' title='bbox 2977 4653 3105 4708; x_wconf 86' lang='lat' dir='ltr'><strong>ergo</strong></span> <span class='ocrx_word' id='word_1_774' title='bbox 3149 4639 3426 4694; x_wconf 80' lang='lat' dir='ltr'><strong>dominum</strong></span> <span class='ocrx_word' id='word_1_775' title='bbox 3458 4656 3600 4697; x_wconf 88' lang='lat' dir='ltr'><strong>mes-</strong></span> 
     </span>
    </p>
   </div>
   <div class='ocr_carea' id='block_1_102' title="bbox 2032 4732 3602 4801">
    <p class='ocr_par' dir='ltr' id='par_1_102' title="bbox 2032 4732 3602 4801">
     <span class='ocr_line' id='line_1_102' title="bbox 2032 4732 3602 4801; baseline 0.001 -14"><span class='ocrx_word' id='word_1_776' title='bbox 2032 4737 2125 4799; x_wconf 89' lang='lat' dir='ltr'><strong>sis,</strong></span> <span class='ocrx_word' id='word_1_777' title='bbox 2162 4743 2221 4787; x_wconf 88' lang='lat' dir='ltr'><strong>ut</strong></span> <span class='ocrx_word' id='word_1_778' title='bbox 2268 4734 2481 4787; x_wconf 90' lang='lat' dir='ltr'><strong>emittat</strong></span> <span class='ocrx_word' id='word_1_779' title='bbox 2523 4733 2800 4801; x_wconf 87' lang='lat' dir='ltr'><strong>operarios</strong></span> <span class='ocrx_word' id='word_1_780' title='bbox 2852 4732 2904 4786; x_wconf 92' lang='lat' dir='ltr'><strong>in</strong></span> <span class='ocrx_word' id='word_1_781' title='bbox 2960 4744 3189 4786; x_wconf 85' lang='lat' dir='ltr'><strong>messem</strong></span> <span class='ocrx_word' id='word_1_782' title='bbox 3234 4745 3387 4785; x_wconf 89' lang='lat' dir='ltr'><strong>suam</strong></span> <span class='ocrx_word' id='word_1_783' title='bbox 3415 4732 3483 4788; x_wconf 85' lang='lat'><strong>&quot;.</strong></span> <span class='ocrx_word' id='word_1_784' title='bbox 3536 4734 3602 4788; x_wconf 83' lang='lat' dir='ltr'><strong>Et</strong></span> 
     </span>
    </p>
   </div>
   <div class='ocr_carea' id='block_1_103' title="bbox 2033 4822 3599 4894">
    <p class='ocr_par' dir='ltr' id='par_1_103' title="bbox 2033 4822 3599 4894">
     <span class='ocr_line' id='line_1_103' title="bbox 2033 4822 3599 4894; baseline -0.001 -13"><span class='ocrx_word' id='word_1_785' title='bbox 2033 4826 2341 4881; x_wconf 87' lang='lat' dir='ltr'><strong>convocatis</strong></span> <span class='ocrx_word' id='word_1_786' title='bbox 2375 4824 2656 4879; x_wconf 87' lang='lat' dir='ltr'><strong>duodecim</strong></span> <span class='ocrx_word' id='word_1_787' title='bbox 2688 4822 2969 4894; x_wconf 82' lang='lat' dir='ltr'><strong>discipulis</strong></span> <span class='ocrx_word' id='word_1_788' title='bbox 3011 4823 3146 4887; x_wconf 90' lang='lat' dir='ltr'><strong>suis,</strong></span> <span class='ocrx_word' id='word_1_789' title='bbox 3180 4822 3459 4879; x_wconf 88' lang='lat' dir='ltr'><strong>dedit&#39;illis</strong></span> <span class='ocrx_word' id='word_1_790' title='bbox 3502 4841 3599 4894; x_wconf 89' lang='lat' dir='ltr'><strong>po-</strong></span> 
     </span>
    </p>
   </div>
   <div class='ocr_carea' id='block_1_104' title="bbox 2036 4916 3599 4986">
    <p class='ocr_par' dir='ltr' id='par_1_104' title="bbox 2036 4916 3599 4986">
     <span class='ocr_line' id='line_1_104' title="bbox 2036 4916 3599 4986; baseline 0.001 -15"><span class='ocrx_word' id='word_1_791' title='bbox 2036 4926 2281 4971; x_wconf 88' lang='lat' dir='ltr'><strong>testatem</strong></span> <span class='ocrx_word' id='word_1_792' title='bbox 2308 4917 2595 4984; x_wconf 89' lang='lat' dir='ltr'><strong>spirituum</strong></span> <span class='ocrx_word' id='word_1_793' title='bbox 2643 4918 3062 4979; x_wconf 75' lang='lat' dir='ltr'><strong>imntuudorum,</strong></span> <span class='ocrx_word' id='word_1_794' title='bbox 3101 4924 3159 4968; x_wconf 88' lang='lat' dir='ltr'><strong>ut</strong></span> <span class='ocrx_word' id='word_1_795' title='bbox 3197 4916 3457 4986; x_wconf 88' lang='lat' dir='ltr'><strong>ejicereut</strong></span> <span class='ocrx_word' id='word_1_796' title='bbox 3486 4932 3599 4984; x_wconf 84' lang='lat' dir='ltr'><strong>eos,</strong></span> 
     </span>
    </p>
   </div>
   <div class='ocr_carea' id='block_1_105' title="bbox 2036 5007 3602 5076">
    <p class='ocr_par' dir='ltr' id='par_1_105' title="bbox 2036 5007 3602 5076">
     <span class='ocr_line' id='line_1_105' title="bbox 2036 5007 3602 5076; baseline 0.001 -15"><span class='ocrx_word' id='word_1_797' title='bbox 2036 5018 2090 5061; x_wconf 92' lang='lat' dir='ltr'><strong>et</strong></span> <span class='ocrx_word' id='word_1_798' title='bbox 2115 5018 2369 5063; x_wconf 90' lang='lat' dir='ltr'><strong>curarent</strong></span> <span class='ocrx_word' id='word_1_799' title='bbox 2397 5021 2610 5061; x_wconf 88' lang='lat' dir='ltr'><strong>omnem</strong></span> <span class='ocrx_word' id='word_1_800' title='bbox 2656 5007 2991 5076; x_wconf 84' lang='lat' dir='ltr'><strong>languorem,</strong></span> <span class='ocrx_word' id='word_1_801' title='bbox 3029 5018 3083 5062; x_wconf 89' lang='lat' dir='ltr'><strong>et</strong></span> <span class='ocrx_word' id='word_1_802' title='bbox 3117 5021 3332 5062; x_wconf 89' lang='lat' dir='ltr'><strong>omnem</strong></span> <span class='ocrx_word' id='word_1_803' title='bbox 3369 5007 3602 5063; x_wconf 84' lang='lat' dir='ltr'><strong>inﬁrmi-</strong></span> 
     </span>
    </p>
   </div>
   <div class='ocr_carea' id='block_1_106' title="bbox 2039 5095 3606 5155">
    <p class='ocr_par' dir='ltr' id='par_1_106' title="bbox 2039 5095 3606 5155">
     <span class='ocr_line' id='line_1_106' title="bbox 2039 5095 3606 5155; baseline 0 -1"><span class='ocrx_word' id='word_1_804' title='bbox 2039 5109 2201 5154; x_wconf 86' lang='lat' dir='ltr'><strong>tatem</strong></span> <span class='ocrx_word' id='word_1_805' title='bbox 2225 5099 2289 5152; x_wconf 82' lang='lat'><strong>”.</strong></span> <span class='ocrx_word' id='word_1_806' title='bbox 2325 5118 2345 5150; x_wconf 73' lang='grc' dir='ltr'><strong>ι</strong></span> <span class='ocrx_word' id='word_1_807' title='bbox 2398 5095 2566 5153; x_wconf 84' lang='lat' dir='ltr'><strong>Norat</strong></span> <span class='ocrx_word' id='word_1_808' title='bbox 2604 5102 2977 5153; x_wconf 86' lang='lat' dir='ltr'><strong>universorum</strong></span> <span class='ocrx_word' id='word_1_809' title='bbox 3029 5098 3201 5153; x_wconf 90' lang='lat' dir='ltr'><strong>Deum</strong></span> <span class='ocrx_word' id='word_1_810' title='bbox 3236 5099 3433 5154; x_wconf 88' lang='lat' dir='ltr'><strong>messis</strong></span> <span class='ocrx_word' id='word_1_811' title='bbox 3483 5114 3606 5155; x_wconf 90' lang='lat' dir='ltr'><strong>esse</strong></span> 
     </span>
    </p>
   </div>
   <div class='ocr_carea' id='block_1_107' title="bbox 2036 5187 3608 5258">
    <p class='ocr_par' dir='ltr' id='par_1_107' title="bbox 2036 5187 3608 5258">
     <span class='ocr_line' id='line_1_107' title="bbox 2036 5187 3608 5258; baseline -0.001 -14"><span class='ocrx_word' id='word_1_812' title='bbox 2036 5192 2312 5244; x_wconf 86' lang='lat' dir='ltr'><strong>dmniuum</strong></span> <span class='ocrx_word' id='word_1_813' title='bbox 2342 5206 2356 5255; x_wconf 91' lang='lat'><strong>;</strong></span> <span class='ocrx_word' id='word_1_814' title='bbox 2390 5187 2509 5256; x_wconf 82' lang='lat' dir='ltr'><strong>ejus</strong></span> <span class='ocrx_word' id='word_1_815' title='bbox 2547 5205 2777 5258; x_wconf 87' lang='lat' dir='ltr'><strong>namque</strong></span> <span class='ocrx_word' id='word_1_816' title='bbox 2802 5198 3093 5258; x_wconf 84' lang='lat' dir='ltr'><strong>utrumque</strong></span> <span class='ocrx_word' id='word_1_817' title='bbox 3118 5196 3220 5255; x_wconf 88' lang='lat' dir='ltr'><strong>est,</strong></span> <span class='ocrx_word' id='word_1_818' title='bbox 3248 5198 3303 5243; x_wconf 86' lang='lat' dir='ltr'><strong>et</strong></span> <span class='ocrx_word' id='word_1_819' title='bbox 3341 5190 3453 5257; x_wconf 86' lang='lat' dir='ltr'><strong>ipsa</strong></span> <span class='ocrx_word' id='word_1_820' title='bbox 3498 5190 3608 5257; x_wconf 81' lang='lat' dir='ltr'><strong>spi-</strong></span> 
     </span>
    </p>
   </div>
   <div class='ocr_carea' id='block_1_108' title="bbox 2038 5278 3609 5351">
    <p class='ocr_par' dir='ltr' id='par_1_108' title="bbox 2038 5278 3609 5351">
     <span class='ocr_line' id='line_1_108' title="bbox 2038 5278 3609 5351; baseline -0.003 -15"><span class='ocrx_word' id='word_1_821' title='bbox 2038 5282 2209 5336; x_wconf 81' lang='lat' dir='ltr'><strong>ritalis</strong></span> <span class='ocrx_word' id='word_1_822' title='bbox 2237 5296 2387 5342; x_wconf 84' lang='lat' dir='ltr'><strong>area,</strong></span> <span class='ocrx_word' id='word_1_823' title='bbox 2419 5281 2520 5334; x_wconf 91' lang='lat' dir='ltr'><strong>hoc</strong></span> <span class='ocrx_word' id='word_1_824' title='bbox 2548 5289 2627 5335; x_wconf 88' lang='lat' dir='ltr'><strong>est</strong></span> <span class='ocrx_word' id='word_1_825' title='bbox 2659 5281 2951 5334; x_wconf 88' lang='lat' dir='ltr'><strong>humanum</strong></span> <span class='ocrx_word' id='word_1_826' title='bbox 2974 5296 3165 5351; x_wconf 86' lang='lat' dir='ltr'><strong>genus,</strong></span> <span class='ocrx_word' id='word_1_827' title='bbox 3230 5286 3286 5333; x_wconf 82' lang='lat' dir='ltr'><strong>et</strong></span> <span class='ocrx_word' id='word_1_828' title='bbox 3334 5278 3448 5347; x_wconf 87' lang='lat' dir='ltr'><strong>ipsa</strong></span> <span class='ocrx_word' id='word_1_829' title='bbox 3492 5295 3609 5332; x_wconf 91' lang='lat' dir='ltr'><strong>rur-</strong></span> 
     </span>
    </p>
   </div>
   <div class='ocr_carea' id='block_1_109' title="bbox 2036 5373 3609 5430">
    <p class='ocr_par' dir='ltr' id='par_1_109' title="bbox 2036 5373 3609 5430">
     <span class='ocr_line' id='line_1_109' title="bbox 2036 5373 3609 5430; baseline -0.002 -2"><span class='ocrx_word' id='word_1_830' title='bbox 2036 5391 2154 5428; x_wconf 84' lang='lat' dir='ltr'><strong>sum</strong></span> <span class='ocrx_word' id='word_1_831' title='bbox 2208 5375 2423 5429; x_wconf 86' lang='lat' dir='ltr'><strong>messis.</strong></span> <span class='ocrx_word' id='word_1_832' title='bbox 2478 5373 2583 5429; x_wconf 91' lang='lat' dir='ltr'><strong>Sed</strong></span> <span class='ocrx_word' id='word_1_833' title='bbox 2637 5375 2854 5430; x_wconf 84' lang='lat' dir='ltr'><strong>adverte</strong></span> <span class='ocrx_word' id='word_1_834' title='bbox 2890 5394 2904 5429; x_wconf 90' lang='lat'>:</span> <span class='ocrx_word' id='word_1_835' title='bbox 2942 5390 3062 5430; x_wconf 89' lang='lat' dir='ltr'><strong>cum</strong></span> <span class='ocrx_word' id='word_1_836' title='bbox 3098 5374 3288 5430; x_wconf 87' lang='lat' dir='ltr'><strong>messis</strong></span> <span class='ocrx_word' id='word_1_837' title='bbox 3330 5373 3609 5428; x_wconf 87' lang='lat' dir='ltr'><strong>dominum</strong></span> 
     </span>
    </p>
   </div>
   <div class='ocr_carea' id='block_1_110' title="bbox 1906 5528 3463 5598">
    <p class='ocr_par' dir='ltr' id='par_1_110' title="bbox 1906 5528 3463 5598">
     <span class='ocr_line' id='line_1_110' title="bbox 1906 5528 3463 5598; baseline 0.003 -16"><span class='ocrx_word' id='word_1_838' title='bbox 1906 5529 1950 5561; x_wconf 86' lang='grc'><strong>⁹¹</strong></span> <span class='ocrx_word' id='word_1_839' title='bbox 1984 5528 2172 5585; x_wconf 60' lang='lat' dir='ltr'><strong>Matth.</strong></span> <span class='ocrx_word' id='word_1_840' title='bbox 2210 5545 2264 5595; x_wconf 68' lang='grc' dir='ltr'>ι,</span> <span class='ocrx_word' id='word_1_841' title='bbox 2295 5528 2388 5583; x_wconf 68' lang='lat'><strong>29.</strong></span> <span class='ocrx_word' id='word_1_842' title='bbox 2462 5532 2506 5563; x_wconf 82' lang='lat'><strong>&quot;</strong></span> <span class='ocrx_word' id='word_1_843' title='bbox 2535 5529 2723 5586; x_wconf 83' lang='lat' dir='ltr'><strong>Matth.</strong></span> <span class='ocrx_word' id='word_1_844' title='bbox 2768 5546 2841 5598; x_wconf 82' lang='lat' dir='ltr'><strong>Ix,</strong></span> <span class='ocrx_word' id='word_1_845' title='bbox 2874 5531 2963 5586; x_wconf 76' lang='grc'><strong>57.</strong></span> <span class='ocrx_word' id='word_1_846' title='bbox 3040 5530 3085 5562; x_wconf 81' lang='grc'>⁸³</span> <span class='ocrx_word' id='word_1_847' title='bbox 3109 5528 3297 5585; x_wconf 76' lang='lat' dir='ltr'><strong>Matth.</strong></span> <span class='ocrx_word' id='word_1_848' title='bbox 3328 5544 3385 5595; x_wconf 70' lang='grc' dir='ltr'>ι,</span> <span class='ocrx_word' id='word_1_849' title='bbox 3411 5529 3463 5586; x_wconf 83' lang='lat' dir='ltr'><strong>l.</strong></span> 
     </span>
    </p>
   </div>
   <div class='ocr_carea' id='block_1_111' title="bbox 1425 5689 2497 5762">
    <p class='ocr_par' dir='ltr' id='par_1_111' title="bbox 1425 5689 2497 5762">
     <span class='ocr_line' id='line_1_111' title="bbox 1425 5689 2497 5762; baseline 0.003 -18"><span class='ocrx_word' id='word_1_850' title='bbox 1425 5689 1597 5744; x_wconf 77' lang='lat' dir='ltr'><strong>Varia!</strong></span> <span class='ocrx_word' id='word_1_851' title='bbox 1627 5690 1887 5745; x_wconf 88' lang='lat' dir='ltr'><strong>lectiones</strong></span> <span class='ocrx_word' id='word_1_852' title='bbox 1912 5690 2112 5746; x_wconf 85' lang='lat' dir='ltr'><strong>codicis</strong></span> <span class='ocrx_word' id='word_1_853' title='bbox 2140 5690 2497 5762; x_wconf 84' lang='lat' dir='ltr'><strong>Seguieriani.</strong></span> 
     </span>
    </p>
   </div>
   <div class='ocr_carea' id='block_1_112' title="bbox 440 5818 1633 5895">
    <p class='ocr_par' dir='ltr' id='par_1_112' title="bbox 440 5818 1633 5895">
     <span class='ocr_line' id='line_1_112' title="bbox 440 5818 1633 5895; baseline 0.007 -25"><span class='ocrx_word' id='word_1_854' title='bbox 440 5828 462 5856; x_wconf 75' lang='grc' dir='ltr'><strong>ε</strong></span> <span class='ocrx_word' id='word_1_855' title='bbox 498 5818 786 5887; x_wconf 74' lang='grc' dir='ltr'>ἐπίτρεψον</span> <span class='ocrx_word' id='word_1_856' title='bbox 814 5822 943 5890; x_wconf 81' lang='grc' dir='ltr'>ἡμῖν</span> <span class='ocrx_word' id='word_1_857' title='bbox 979 5821 1251 5878; x_wconf 78' lang='grc' dir='ltr'>ἀπελθεῖν.</span> <span class='ocrx_word' id='word_1_858' title='bbox 1327 5822 1353 5861; x_wconf 75' lang='grc' dir='ltr'>ἀ</span> <span class='ocrx_word' id='word_1_859' title='bbox 1394 5825 1633 5895; x_wconf 84' lang='grc' dir='ltr'>κρατεῖν.</span> 
     </span>
    </p>
   </div>
   <div class='ocr_carea' id='block_1_113' title="bbox 1716 5825 2137 5898">
    <p class='ocr_par' dir='ltr' id='par_1_113' title="bbox 1716 5825 2137 5898">
     <span class='ocr_line' id='line_1_113' title="bbox 1716 5825 2137 5898; baseline 0.005 -19"><span class='ocrx_word' id='word_1_860' title='bbox 1716 5836 1737 5863; x_wconf 74' lang='grc' dir='ltr'><strong>ε</strong></span> <span class='ocrx_word' id='word_1_861' title='bbox 1776 5825 2137 5898; x_wconf 67' lang='grc' dir='ltr'>ἀνῃρημένος.</span> 
     </span>
    </p>
   </div>
  </div>
