4044 6332
557 405 691 460 1263

1533 401 1590 455 S.
1629 398 1898 454 CYRILLl
1937 397 2404 456 ALEXANDRINI
2443 399 2766 456 ARClllEP.

3625 403 3728 455 l‘26l

551 495 938 575 obsecrantium
982 531 1101 570 esse
1154 516 1471 579 monuisset,
1516 529 1640 567 mox
1688 516 1922 583 seipsmn
1973 513 2116 581 ejus~

2225 513 2318 564 τοῦ
2364 514 2553 583 κυρίου
2595 513 2688 565 τοῦ
2734 511 3017 580 θερισμοῦ,
3078 512 3264 563 ἑαυτὸν
3305 511 3460 573 εὐθὺς
3507 512 3732 579 ἀπέδειξεν

554 608 696 664 modi
730 607 1004 661 dominum
1040 618 1161 658 esse
1193 604 1424 658 evidenti
1469 613 1786 673 argumento
1817 603 2122 666 declarans,

551 700 733 756 emisit
758 699 1062 767 operarios,
1091 697 1190 751 hoc
1230 705 1313 750 est
1339 706 1553 749 sanctos
1595 694 1898 764 apostolos,
1931 694 2124 762 quibus

555 801 610 844 ut
657 791 794 844 Deus
836 798 1150 858 potestatem
1205 795 1392 838 contra
1442 785 1745 838 immundos
1788 783 2009 851 spiritus
2040 792 2126 837 est

554 879 878 948 impertitus.
919 876 1100 945 Neque
1143 876 1285 928 enim
1331 876 1578 928 humanae
1613 883 1818 928 natura:
1855 873 2124 928 facultatis

552 979 655 1032 cst,
683 965 918 1036 Spiritus
948 965 1120 1019 sancti
1155 966 1259 1018 vim
1288 973 1379 1016 aut
1423 963 1790 1031 operationem
1821 961 1982 1017 alicui
2015 963 2122 1017 im-

553 1059 761 1130 pertiri.
810 1059 942 1112 Cum
994 1073 1112 1112 cam
1146 1071 1274 1125 ergo
1322 1057 1412 1110 Dei
1441 1055 1698 1119 Verbum,
1743 1057 1953 1110 tametsi
1999 1070 2125 1110 caro

553 1151 790 1215 factum,
840 1150 939 1201 ltm‘
989 1157 1070 1202 cst
1113 1147 1378 1209 Christus,
1431 1146 1810 1215 impertiatur,
1854 1147 2124 1215 quomodo

553 1243 695 1298 Dens
728 1256 833 1294 non
865 1249 948 1294 est
976 1249 1165 1291 natura
1201 1248 1255 1290 ιιι
1288 1237 1553 1292 veritate?

629 1354 649 1390 ι
682 1333 870 1414 Omnis
901 1347 1051 1403 ergo,
1076 1332 1163 1401 qui
1194 1345 1279 1384 me
1307 1329 1652 1384 conlitebitur
1673 1342 1856 1383 coram
1887 1329 2126 1383 homini-

555 1427 675 1490 hus,
702 1422 1000 1479 conﬁtebor
1030 1430 1081 1473 et
1109 1434 1209 1488 ego
1253 1433 1376 1474 eum
1415 1432 1600 1471 coram
1650 1417 1813 1471 Patre
1857 1430 1995 1478 meo,
2033 1418 2123 1484 qui

555 1522 605 1571 in
641 1516 792 1571 caelis
823 1523 927 1569 est.
958 1513 1060 1578 Qui
1093 1522 1270 1566 autem
1302 1510 1577 1577 negaverit
1609 1523 1694 1562 me
1733 1521 1919 1561 coram
1953 1507 2126 1561 homi-

555 1614 731 1674 nibus,
765 1609 969 1677 negabo
997 1615 1053 1662 et
1091 1603 1238 1658 illum
1290 1618 1473 1657 coram
1509 1601 1673 1655 Patre
1724 1615 1871 1662 meo,
1925 1599 2018 1668 qui
2069 1599 2123 1651 in

553 1703 703 1755 caelis
735 1712 814 1754 est
850 1700 919 1753 ".
964 1717 982 1746 ι
1039 1694 1154 1750 Νοη
1201 1697 1354 1764 pauci
1407 1703 1714 1746 sanctorum
1769 1690 1835 1743 ad
1880 1688 2123 1758 martyrii

554 1794 777 1864 gloriam
822 1789 1062 1854 evocati,
1100 1787 1489 1852 Christumque
1540 1782 1804 1850 intrepide
1848 1780 2121 1845 confessi,

2224 605 2348 656 ὄντα
2388 606 2594 664 τοῦτον,
2631 603 2875 655 ἐκϐαλὼν
2913 603 3039 664 τοὺς
3085 604 3346 671 ἐργάτας,
3401 603 3618 656 τουτέστι
3639 610 3731 668 τοὺς

2225 696 2410 763 ἁγίους
2452 695 2820 756 ἀποστόλους⁸
2865 689 2944 755 οἷς
2984 692 3076 746 καὶ
3107 694 3332 746 δέδωκεν
3364 693 3588 756 ἐξουσίαν
3629 697 3734 749 κατὰ

2225 786 2549 852 πνευμάτων
2600 784 2926 854 ἀκαθάρτων
2969 784 3044 847 ὡς
3089 784 3238 846 Θεός.
3289 783 3364 836 Οὐ
3401 786 3505 856 γάρ
3531 787 3628 837 ἐστι
3655 789 3734 838 τῶν

2223 877 2323 944 τῆς
2355 875 2772 947 ἀνθρωπότητος
2807 876 3022 946 μέτρων
3049 878 3110 928 τὸ
3135 877 3330 930 διδόναι
3361 877 3469 928 τισὶ
3499 877 3582 930 τοῦ
3617 880 3735 944 ἁγίου

2225 966 2542 1038 Πνεῦματος
2582 967 2680 1038 τὴν
2714 969 3026 1038 ἐνέργειαν·
3057 970 3251 1021 δέδωκε
3290 969 3346 1022 δὲ
3373 971 3604 1038 Χριστός.
3638 966 3736 1024 Εἶτα

2225 1060 2342 1124 πῶς
2375 1062 2434 1114 οὺ
2464 1060 2619 1129 φύσει
2649 1078 2707 1114 τε
2735 1062 2828 1113 καὶ
2857 1060 3070 1129 ἀληθῶς
3099 1062 3210 1113 ἐστι
3239 1059 3389 1124 Θεὸς,
3415 1062 3459 1112 εί
3488 1062 3570 1115 καὶ
3588 1062 3735 1130 γέγονε

2228 1152 2364 1223 σὰρξ
2394 1155 2422 1206 ὁ
2451 1152 2619 1220 Λόγος
2640 1170 2655 1217 ;

2301 1342 2320 1382 'r
2364 1332 2480 1394 na;
2513 1326 2625 1394 οὖν,
2663 1332 2806 1391 ὅστις
2848 1331 3169 1401 ὁμολογήσει
3211 1330 3267 1382 ἐν
3311 1328 3432 1398 ἐμοὶ
3481 1329 3738 1398 ἔμπροσύεν

2225 1424 2332 1477 τῶν
2356 1422 2678 1494 ἀνθρώπων,
2699 1424 3020 1493 ὁμολογήσω
3046 1420 3200 1486 κάγὼ
3228 1423 3284 1472 ὲν
3313 1419 3459 1488 αὐτῷ
3485 1421 3737 1490 ἔμπροσθεν

2224 1514 2317 1568 τοῦ
2351 1515 2562 1585 Πατρός
2609 1533 2708 1584 μου
2741 1514 2834 1567 τοῦ
2874 1516 2931 1566 ἐν
2980 1516 3090 1576 τοῖς
3133 1513 3397 1582 οὐρανοῖς.
3433 1511 3599 1573 Ὅστις
3635 1512 3736 1564 δ’ἆν

2225 1606 2526 1676 ἀρνήσηταί
2555 1623 2620 1675 με
2661 1605 2966 1676 ἔμπροσθεν
2996 1605 3104 1657 τῶν
3138 1603 3458 1674 ἀνθρώπων,
3487 1606 3735 1673 ἀρνήσομαι

2225 1695 2380 1762 κάγὼ
2408 1696 2569 1747 αὑτὸν
2611 1696 2918 1766 ἔμπροσθεν
2952 1694 3045 1747 τοῦ
3083 1694 3292 1762 Πατρός
3323 1711 3422 1761 μου
3457 1693 3543 1746 τοῦ
3579 1695 3628 1745 tv
3655 1698 3738 1756 τοῖς

2226 1787 2494 1858 οὐρανοῖς.
2552 1807 2570 1838 ι
2614 1788 2806 1840 Πολλοὶ
2854 1787 3143 1856 κέκληνται
3176 1785 3285 1836 τῶν
3326 1786 3496 1852 ἁγίων
3530 1784 3645 1855 πρὸς
3667 1786 3738 1853 τὴν

557 1881 838 1938 tormentis
875 1892 929 1935 et
973 1887 1143 1934 morte
1193 1876 1550 1932 consummati
1593 1883 1738 1930 sunt.
1789 1876 1982 1939 Quer
2029 1889 2116 1926 au-

2226 1879 2319 1933 τοῦ
2359 1880 2656 1950 μαρτυρίου
2690 1879 2863 1944 δόξαν,
2900 1880 2992 1930 καὶ
3020 1877 3390 1930 τετελείωνται
3423 1877 3506 1930 διὰ
3533 1876 3738 1943 παθημά-

554 1986 684 2037 tem,
716 1989 841 2027 num
868 1974 935 2026 ob
964 1971 1015 2026 id
1059 1970 1405 2040 martyricam
1450 1981 1704 2020 coronam
1753 1966 1932 2034 adepti
1977 1963 2123 2026 siut.

554 2067 695 2136 quod
732 2063 1005 2118 Christum
1041 2073 1384 2114 communem
1409 2057 1683 2111 hominem
1716 2069 1837 2110 esse
1871 2065 2123 2109 constan-

557 2167 637 2210 ter
659 2155 764 2225 81
802 2151 1173 2207 aliirmarent?
1206 2165 1272 2203 an
1296 2149 1365 2202 ob
1396 2149 1446 2200 id
1472 2148 1668 2209 verius,
1703 2145 1844 2213 quod
1875 2159 1972 2200 sua
2001 2159 2121 2199 eum

554 2246 890 2300 confessione
925 2254 1177 2310 tanquam
1217 2239 1381 2294 Deum
1426 2236 1853 2290 venerarentur?
1894 2235 2000 2288 lies
2041 2245 2124 2289 est

554 2341 738 2402 clara;
787 2344 1000 2390 constat
1043 2335 1185 2387 enim
1220 2348 1246 2384 a
1297 2330 1542 2399 martyrii
1595 2330 1762 2398 gloria
1817 2330 2117 2393 excidisse,

552 2431 933 2495 Christumque
971 2425 1023 2478 in
1065 2426 1150 2478 die
1182 2423 1372 2491 judicii
1416 2421 1536 2474 illos
1574 2421 1809 2473 vicissim
1853 2421 2122 2488 almcgare

553 2530 921 2588 eompm'turos
950 2531 1087 2578 esse,
1121 2517 1208 2584 qui
1235 2514 1382 2568 illum
1415 2513 1634 2565 inﬁciati
1659 2522 1804 2565 sunt.
1829 2510 1947 2564 Jam
1981 2528 2117 2580 quo-

552 2610 708 2662 modo
736 2607 873 2660 Deus
904 2605 948 2658 is
979 2604 1281 2659 censendus
1309 2619 1411 2655 non
1448 2612 1552 2663 cst,
1594 2602 1683 2670 qui
1728 2603 1970 2670 martyrii
2007 2601 2120 2670 glo-

552 2704 630 2755 ria
652 2715 745 2754 eos
771 2697 951 2757 afﬁcit,
971 2696 1058 2763 qui
1085 2696 1255 2764 ipsum
1278 2709 1398 2748 esse
1419 2708 1545 2747 vere
1574 2691 1737 2746 Deum
1757 2693 2121 2744 conﬁtentur?

635 2809 654 2844 σ
694 2782 882 2844 Venite
928 2789 993 2841 ad
1031 2803 1135 2850 me,
1168 2801 1354 2839 omnes
1383 2786 1470 2852 qui
1517 2783 1772 2838 laboratis
1814 2794 1868 2838 et
1910 2783 2117 2836 onerati

549 2884 700 2945 estis,
733 2892 783 2936 et.
814 2895 912 2947 ego
938 2878 1174 2932 reﬁciam
1213 2892 1326 2930 vos.
1371 2876 1559 2929 Tollite
1588 2877 1773 2944 jugum
1817 2890 1993 2927 meum
2029 2888 2120 2927 su-

550 2991 644 3045 per
663 2991 762 3028 vos
782 2973 849 3025 ’5.
886 2991 904 3023 ι
941 2971 996 3023 Si
1032 2968 1344 3023 Emmanuel
1365 2983 1522 3021 verus
1548 2968 1685 3021 Deus
1713 2970 1816 3020 uOn
1842 2977 1926 3020 est
1955 2984 1968 3019 :
1993 2981 2116 3020 cum

550 3067 658 3123 Deo
706 3065 944 3120 serviant
993 3060 1196 3124 omnia,
1245 3074 1344 3113 cur
1391 3073 1548 3112 suum
1601 3056 1689 3111 ille
1723 3055 1910 3124 iugum
1961 3057 2118 3112 nobis

550 3153 1030 3226 imponit?.|ugum
1070 3160 1246 3205 autem
1279 3161 1334 3204 et
1387 3149 1502 3216 ipsa
1548 3163 1764 3218 quoque
1815 3149 1898 3201 lex
1937 3149 2117 3217 appel-

550 3256 652 3306 lata
697 3259 803 3304 est.
857 3245 1058 3300 Verum
1107 3244 1357 3299 Christus
1405 3241 1681 3310 proprium
1737 3241 1892 3294 nobis
1927 3240 2114 3309 jugnm

546 3341 796 3411 imponit,
833 3352 1038 3406 nosque
1069 3334 1335 3390 obnoxios
1361 3331 1464 3387 sibi
1499 3331 1694 3394 reddit,
1727 3333 1940 3386 tametsi
1967 3330 2116 3385 Patri

547 3433 828 3489 submittat
854 3427 1060 3484 omnia.
1095 3427 1236 3480 Deus
1287 3423 1454 3493 igitur
1488 3431 1593 3475 est.
1641 3420 1795 3476 Unde
1837 3431 1895 3475 ut
1933 3422 2114 3476 omnia

546 3523 620 3577 illi
654 3523 898 3588 subjecta
926 3519 1055 3582 sint,
1089 3531 1189 3587 par
1222 3524 1327 3569 est.

621 3631 640 3665 ι
660 3613 851 3667 Annon
871 3609 1074 3679 legistis
1106 3609 1156 3661 in
1186 3606 1326 3674 lege,
1345 3604 1468 3674 quia
1497 3605 1551 3658 in
1589 3603 1840 3658 Sabbatis
1866 3605 2117 3660 sacerdo-

546 3716 626 3759 tes
664 3705 716 3757 in
766 3701 962 3770 templo
1007 3697 1302 3753 Sabbatum
1347 3695 1568 3762 violant,
1614 3703 1668 3749 et
1715 3695 1837 3750 sine
1886 3695 2114 3750 crimine

544 3794 715 3850 sunt?
755 3791 882 3846 Dico
928 3801 1106 3845 autem
1153 3789 1346 3851 vobis,
1389 3787 1514 3856 quia
1567 3787 1739 3856 major
1783 3787 1981 3855 templo
2028 3789 2116 3842 hic

544 3898 626 3942 est
649 3886 718 3938 “.
741 3895 777 3937 ἰ
815 3883 872 3939 Si
909 3882 1218 3937 sacerdotes
1247 3881 1338 3948 qui
1362 3880 1657 3935 Sahbatum
1689 3878 2013 3948 profanant,
2044 3880 2115 3934 ob

545 3977 597 4028 id
645 3973 800 4042 culpa
849 3982 1067 4035 vacant,
1114 3969 1258 4039 quod
1306 3971 1488 4024 divino
1545 3969 1709 4022 cultui
1764 3969 2109 4033 incumbant;

543 4065 813 4135 quomodo
840 4063 1015 4118 cultus
1048 4062 1138 4132 qui
1166 4062 1382 4116 Christo
1415 4060 1742 4128 impenditur
1764 4100 1778 4125 ,
1816 4061 2114 4115 ministerio

542 4156 684 4222 quod
741 4153 1051 4208 sacerdotes
1110 4153 1162 4204 in
1219 4150 1416 4220 templo
1458 4151 1714 4217 obibant,
1767 4151 2114 4220 prtestantior

542 4243 830 4301 censetur?
857 4244 1006 4311 atqui
1028 4251 1269 4312 apertum
1305 4251 1388 4296 est
1417 4256 1531 4306 eos,
1561 4243 1654 4309 qui
1685 4240 1784 4295 sub
1817 4241 1932 4311 lege
1961 4242 2110 4295 vive-

539 4337 690 4401 bant,
722 4335 775 4388 in
833 4335 1022 4388 umbra
1070 4343 1125 4387 et
1151 4331 1321 4402 ﬁgura
1367 4333 1826 4403 supercmlestium
1870 4332 1980 4387 Deo
2014 4334 2111 4386 mi-

541 4426 816 4482 nistrasse.
856 4425 961 4479 Sed
986 4424 1152 4480 divini
1188 4425 1264 4478 illi
1291 4423 1537 4492 discipuli
1565 4422 1766 4479 Christi
1790 4435 2106 4490 sectatores,

537 4517 751 4587 ipsique
782 4517 1175 4582 ministrantes,
1208 4515 1454 4585 ampliori
1490 4515 1696 4571 honore
1720 4525 1774 4568 et
1805 4515 1971 4583 gloria
2003 4531 2100 4586 pu-
2135 4553 2178 4608 Β

540 4610 623 4664 titi
653 4617 800 4664 sunt.
837 4608 990 4675 Quod
1019 4608 1066 4662 si
1095 4607 1458 4662 ministerium
1501 4609 1643 4675 quod
1691 4607 1906 4661 Christo
1949 4608 2103 4661 exhio

538 4705 716 4767 betur,
744 4700 904 4771 legali
943 4700 1109 4754 cultui
1133 4699 1356 4753 multum
1399 4699 1704 4764 antecellit,
1738 4701 2004 4768 quomodo
2048 4702 2101 4754 in

537 4791 702 4846 sobrii
731 4790 1048 4859 cujusquam
1080 4789 1464 4856 cogitationem
1501 4789 1694 4842 cadere
1724 4798 1917 4858 potest,
1945 4790 2104 4845 Chri-

536 4896 680 4936 stum
706 4896 811 4935 nou
842 4896 960 4936 esse
983 4896 1171 4935 verum
1203 4880 1414 4934 Deum?

609 4989 628 5023 ι
688 4969 742 5026 Si
791 4986 890 5042 ego
941 4971 993 5024 in
1059 4969 1359 5025 Beelzebub
1430 4970 1587 5039 ejicio
1652 4972 1941 5038 daemones,
2006 4974 2099 5028 lilii

531 5063 697 5119 vestri
760 5063 812 5116 in
872 5077 982 5132 quo
1033 5062 1294 5129 ejiciunt?
1353 5061 1473 5116 ideo
1519 5063 1620 5132 ipsi
1671 5063 1880 5133 judices
1934 5067 2098 5122 vestri

531 5167 688 5214 erunt
709 5159 776 5212 ⁸⁷.
826 5175 845 5210 ι
883 5157 940 5210 Si
969 5157 1020 5210 iu
1049 5152 1252 5209 Christi
1281 5155 1498 5208 nomine
1531 5169 1560 5207 a
1584 5154 1847 5210 daemonio
1877 5168 2097 5212 vexatos

531 5249 777 5317 discipuli
825 5247 1084 5303 curabant
1127 5244 1498 5316 (invocabant
1538 5245 1683 5299 enim
1731 5260 1926 5300 nomen
1967 5246 2092 5301 Jesu

531 5341 858 5412 Nazareni)‘,
905 5338 1176 5411 quomodo
1219 5337 1286 5392 de
1327 5353 1453 5390 vera
1496 5337 1639 5391 illius
1672 5338 1954 5394 divinitate
1987 5355 2097 5393 am-

531 5434 712 5502 bigere
746 5432 828 5488 fas
855 5441 936 5487 est
963 5431 986 5484 τ
1014 5430 1198 5502 Neque
1230 5429 1374 5483 enim
1407 5429 1514 5482 ulla
1543 5429 1765 5483 omnino
1790 5430 1964 5500 gloria
2004 5441 2097 5486 aut

529 5526 766 5592 potentia
823 5525 1053 5579 humana
1107 5532 1194 5579 sat
1244 5520 1406 5575 fuerit
1459 5522 1524 5573 ad
1582 5520 1950 5574 debellandum
1991 5523 2092 5575 Sa-

529 5625 728 5669 tanam.

593 5790 641 5822 ”
673 5788 861 5843 Matth.
888 5803 944 5854 ι,
983 5787 1070 5853 52,
1107 5786 1195 5842 53.
1251 5787 1315 5861 _"
1338 5784 1528 5842 Matth.
1561 5801 1634 5852 λι,
1667 5785 1756 5851 28,
1795 5785 1883 5840 29.

1963 5785 2006 5815 ³⁸
2038 5784 2226 5842 Matth.
2269 5805 2364 5854 xu,
2392 5787 2448 5849 5.

2226 1991 2332 2026 των
2362 1974 2456 2025 καὶ
2497 1971 2744 2033 θανάτου,
2779 1970 3013 2040 Χριστὸν
3061 1967 3495 2039 ὡμολογηκότες.
3540 1963 3648 2038 Ἆρ’
3671 1964 3739 2020 οὖν

2225 2065 2648 2134 ἐστεφάνωνται,
2684 2061 3150 2131 διαϐεϐαιούμενοι
3180 2061 3277 2112 καὶ
3303 2059 3548 2127 λέγοντες
3578 2059 3739 2128 ἂνθρω-

2225 2175 2324 2210 πον
2353 2157 2491 2210 εἶναι
2518 2155 2705 2208 κοινὸν.
2728 2154 2908 2218 αὑτὸν,
2941 2156 2971 2224 ἢ
3014 2154 3212 2223 μᾶλλον
3245 2154 3320 2216 ὼς
3349 2153 3481 2206 Θεὸν
3516 2155 3621 2214 ταῖς
3644 2155 3740 2220 ὁμο-

2224 2245 2432 2310 λογίαις
2473 2245 2864 2314 τετιμηκότες;
2909 2242 3052 2296 Ἀλλ’
3080 2243 3195 2295 ἐστι
3224 2242 3406 2312 δῆλον.
3449 2244 3507 2296 Ol
3535 2242 3630 2310 γὰρ
3652 2241 3740 2293 τοῦθ

2225 2353 2314 2388 τον
2341 2337 2729 2405 ἀρνησάμενοι,
2762 2335 2853 2387 καὶ
2880 2335 2978 2405 τῆς
3023 2334 3116 2386 τοῦ
3161 2333 3464 2404 μαρτυρίου
3504 2329 3639 2398 δόξης
3665 2331 3741 2380 ᾶπ-

2223 2427 2470 2489 ώλισθον,
2521 2428 2613 2480 καὶ
2652 2428 2815 2480 αὑτὸν
2865 2427 3187 2496 εὑρήσουσιν
3231 2426 3288 2476 ὲν
3328 2425 3513 2494 ἡμέρα
3557 2423 3742 2491 κρίσεως

2225 2517 2554 2588 ἀρνούμενον
2582 2520 2776 2579 αὐτοὺς
2803 2519 2892 2571 τὸν
2927 2517 3178 2586 Χριστόν.
3213 2512 3344 2568 Εἶτα
3393 2515 3507 2574 πῶς
3543 2515 3596 2565 οὐ
3624 2511 3738 2570 Θεὸς.

2223 2609 2249 2658 ὁ
2280 2610 2344 2676 τῇ
2371 2607 2464 2659 τοῦ
2497 2607 2795 2677 μαρτυρίου
2829 2606 2954 2677 δόξῃ
3005 2605 3279 2674 στεφανῶν
3307 2605 3458 2668 τοὺς,
3508 2606 3582 2656 ὃτι
3620 2599 3743 2652 τοῦτό

2224 2698 2370 2747 ἐστιν
2409 2696 2642 2764 ἀληθῶς,
2681 2695 3072 2765 ὁμολογοῦντας
3103 2695 3300 2758 αὑτόν;

2300 2802 2317 2834 ι
2362 2783 2526 2836 Δεῦτε
2577 2785 2713 2855 πρός
2762 2801 2846 2853 με,
2885 2785 3086 2846 πάντες
3134 2784 3183 2835 οἱ
3228 2781 3527 2842 κοπιῶντες
3572 2780 3649 2831 καί
3676 2795 3743 2827 πε-

2223 2877 2592 2947 φορτισμένοι,
2625 2877 2784 2946 κάγὼ
2817 2878 3116 2931 ἀναπαύσω
3143 2879 3305 2946 ὑμᾶς.
3353 2879 3551 2946 Ἄρατε
3585 2874 3659 2924 ’τὸν
3677 2874 3739 2934 ἔν·

2221 2970 2315 3036 γὸν
2351 2985 2453 3038 μου
2501 2970 2584 3034 ἐφ’
2632 2971 2792 3038 ὑμᾶς.
2837 2989 2854 3020 ι
2904 2971 2964 3021 El.
3021 2967 3096 3038 μὴ
3138 2967 3270 3026 Θεός
3318 2968 3469 3018 ἐστιν
3511 2962 3738 3031 ἀληθὼςὸ

2233 3060 2609 3131 ’ί-ζμμανουὴλ,
2658 3061 2780 3114 τίνα
2829 3061 3027 3129 τρόπον
3076 3057 3168 3109 τὸν
3213 3055 3410 3109 ἑαυτοῦ
3460 3055 3608 3122 ζυγὸν
3646 3053 3736 3119 ἡμῖν

2221 3152 2534 3224 ὲπιτίΘησι;
2585 3151 2719 3205 Θεοῦ
2770 3151 2878 3222 γὰρ
2923 3149 3088 3204 δοῦλα
3117 3150 3185 3202 τὰ
3223 3150 3425 3202 πάντα.
3470 3149 3669 3216 Εἴρηται
3701 3143 3739 3192 δὲ

2219 3245 2381 3314 ζυγὸς
2410 3245 2504 3298 καὶ
2536 3245 2563 3297 ὁ
2595 3245 2777 3314 νόμος.
2822 3244 2981 3297 Ἀλλὰ
3011 3241 3315 3311 ἐπιτίθησιν
3350 3242 3482 3311 ἡμῖν
3507 3241 3533 3292 ὁ
3561 3235 3740 3307 Χριστὸς

2215 3336 2308 3387 τὸν
2339 3337 2466 3388 ίδιον
2488 3335 2671 3402 ζυγὸν,
2693 3333 2870 3404 ἑαυτῷ
2896 3351 2954 3386 τε
2981 3332 3287 3396 ὑποτάττει,
3316 3332 3496 3384 καίτοι
3522 3330 3582 3382 τὰ
3604 3326 3738 3379 πάντα

2219 3430 2391 3495 ὑποφέ
2402 3445 2507 3498 ρων
2537 3427 2613 3497 τῷ
2641 3426 2834 3494 Πατρί.
2868 3423 2998 3486 Θεὸς
3032 3423 3139 3494 ἄρα
3175 3423 3348 3488 ἐστὶν,
3381 3421 3504 3475 ὅθεν
3532 3417 3658 3484 αὐτῷ
3677 3415 3740 3467 καὶ

2218 3518 2536 3573 ὑποκεῖσθαι
2571 3517 2641 3569 τὰ
2671 3519 2847 3570 πάντα
2879 3516 3100 3584 πρέπει.

2293 3632 2311 3662 ι
2352 3612 2416 3664 'll
2449 3613 2548 3664 οὐκ
2579 3610 2848 3678 ἀνέγνωτε
2891 3611 2949 3661 tv
2985 3608 3063 3679 τῷ
3093 3607 3262 3676 νόμῳ,
3298 3607 3385 3658 ὅτι
3419 3608 3476 3658 ὲν
3517 3606 3616 3664 tot;
3642 3597 3740 3652 Σάὖ·

2216 3706 2371 3758 ϐασιν
2400 3706 2449 3756 οἱ
2483 3705 2646 3774 ἱερεῖς
2678 3705 2738 3755 tv
2771 3701 2850 3772 τῷ
2881 3699 3007 3772 ἱερῷ
3049 3701 3111 3753 τὸ
3155 3699 3440 3752 Σάϐϐατον
3488 3692 3739 3766 βεϐηλοῦῆ

2215 3799 2308 3852 καὶ
2343 3795 2568 3851 ἀναίτιοί
2607 3797 2747 3858 εἰσι;
2778 3793 2935 3861 Λέγω
2961 3792 3018 3844 δὲ
3049 3792 3198 3862 ὑμῖν,
3247 3792 3332 3844 ὅτι
3361 3789 3458 3843 τοῦ
3489 3787 3620 3858 ἱεροῦ
3657 3785 3741 3853 μεέ-

2215 3890 2322 3950 ζων
2356 3887 2500 3939 ἐστὶν
2541 3879 2666 3938 ὧδε.
2703 3903 2721 3934 ι
2754 3885 2817 3937 Ei
2849 3881 3200 3953 βεὸηλοῦντες
3229 3882 3290 3935 τὸ
3325 3880 3600 3934 Σὰϐεατον
3624 3878 3662 3928 οἱ
3687 3877 3741 3925 ἱε-

2217 3979 2327 4047 ρεῖς
2371 3976 2600 4030 ἀναίτιοί
2635 3976 2794 4037 εἰσιν,
2829 3975 2903 4037 ὠς
2933 3973 3051 4044 Θεῷ
3092 3975 3464 4044 προσάγοντες
3491 3972 3584 4034 τὰς
3616 3971 3740 4037 θερε-

2215 4071 2370 4132 πείας
2387 4087 2399 4098 ⁸
2425 4069 2542 4132 πῶς
2566 4067 2675 4121 τῶν
2697 4070 2753 4121 ἐν
2773 4067 2849 4137 τῷ
2878 4067 3007 4138 ἱερῷ
3031 4068 3328 4137 δρωμένων
3357 4069 3555 4119 νοεῖται
3581 4062 3740 4132 μείζων

2213 4164 2246 4232 ή
2275 4159 2510 4232 Χριστοῦ
2539 4145 2841 4230 ’θεραπείας
2880 4157 3019 4210 Ἀλλ’
3051 4158 3166 4210 ἐστι
3197 4156 3381 4225 δῆλον,
3410 4155 3495 4208 ὅτι
3527 4156 3573 4205 οἱ
3598 4152 3677 4221 μὲν
3700 4150 3739 4197 ἐν

2210 4255 2378 4324 νόμῳ,
2397 4253 2492 4306 καὶ
2514 4253 2662 4322 σκιᾷ,
2685 4253 2778 4304 καὶ
2813 4251 3169 4320 ὑποδείγματι
3196 4250 3304 4302 τῶν
3331 4245 3656 4320 ἐπουρανίων
3679 4243 3741 4293 λε·

2211 4344 2568 4415 λατρεύκασιν
2593 4361 2605 4371 ’
2634 4346 2684 4397 οἱ
2713 4344 2770 4397 δὲ
2802 4343 3078 4398 θεσπέσιοι
3120 4341 3366 4413 μαθηταὶ
3398 4336 3738 4412 προσεδρεύον·

2209 4435 2299 4496 τές
2325 4452 2383 4488 τε
2422 4437 2518 4488 καὶ
2549 4435 2986 4506 λειτουργοῦντες
3022 4433 3101 4504 τῷ
3133 4433 3378 4504 Χριστῷ,
3415 4433 3625 4503 μείζονα
3648 4427 3739 4498 [τὴν

2207 4522 2400 4595 τιμὴν]
2475 4525 2564 4578 καί
2595 4523 2716 4595 ’τὴν
2763 4525 2919 4590 δόξαν
2953 4519 3117 4593 εἶχον.
3159 4523 3268 4576 Καὶ
3308 4525 3360 4574 εί
3390 4523 3488 4590 τῆς
3533 4523 3585 4572 tv
3627 4517 3741 4584 νόμῳ

2205 4614 2464 4685 λατρείας
2527 4618 2584 4668 tv
2637 4615 2880 4684 ἀμείνοσι
2930 4615 2987 4668 τὸ
3033 4615 3371 4683 λειτουργεῖν
3423 4611 3502 4682 τῷ
3543 4604 3739 4682 Χριστῷ.

2211 4706 2328 4769 πῶς
2356 4712 2457 4759 οὐκ
2509 4707 2577 4760 ἂν
2614 4711 2784 4760 νοοῖτο
2811 4707 2940 4769 Θεὸς
2977 4706 3217 4775 ἀληθής;

2288 4995 2306 5028 ι
2350 4978 2414 5029 Εἰ
2439 4974 2548 5044 ἐγὼ
2573 4976 2631 5028 ὲν
2663 4974 2985 5040 Βεελζεϐοὺλ
3012 4973 3257 5028 ἐκϐάλλω
3279 4976 3353 5028 τὰ
3378 4975 3636 5046 δαιμόνια.
3660 4987 3739 5040 φη-

2207 5069 2314 5134 σὶν,
2342 5069 2391 5121 ot
2419 5068 2525 5120 uici.
2554 5066 2705 5137 ὑμῶν
2725 5069 2783 5122 tv
2809 5067 2916 5121 τίνι
2941 5067 3292 5131 ὲκϐἀλλουσις
3320 5068 3423 5120 Διὰ
3451 5065 3599 5119 τοῦτο
3619 5062 3739 5116 αὐτοὶ

2205 5159 2393 5228 κριταὶ
2424 5157 2638 5212 ἔσονται
2671 5158 2845 5228 ὑμῶν.
2887 5178 2904 5210 ι
2946 5159 3006 5211 Et
3043 5161 3100 5211 tv
3141 5159 3371 5228 ὀνόματι
3413 5159 3506 5212 τοῦ
3545 5147 3738 5228 Χριστο)
3793 5193 3796 5198 .

2209 5248 2645 5320 τεθεραπεύκασι
2688 5250 2816 5313 τοὺς
2857 5249 3226 5321 δαιμονῶντας
3255 5254 3303 5304 oi
3344 5249 3610 5322 μαθηταὶ,
3647 5249 3739 5306 (tr:-

2200 5338 2442 5409 εφὼνουν
2486 5339 2626 5410 γάρ’
2677 5341 2765 5394 Ἐν
2793 5341 3018 5412 ὀνόματι
3061 5342 3234 5410 Ἰησοῦ
3266 5340 3511 5413 Χριστοῦ
3544 5337 3628 5393 τοῦ
3649 5335 3737 5389 Να-

2198 5430 2458 5502 ζωραίου)
2479 5471 2494 5494 ,
2531 5431 2648 5495 πῶς
2682 5433 2783 5485 οὐκ
2814 5433 2878 5486 ἂν
2904 5437 3072 5487 νοοῖτο
3106 5434 3236 5498 Θεὸς
3265 5435 3516 5506 ἀληθήςς
3561 5432 3627 5486 Οὐ
3648 5427 3735 5496 γὰρ

2198 5520 2264 5573 ἂν
2294 5522 2588 5592 ἐξήρκεσεν
2609 5522 2900 5594 ἀνθρώπου
2923 5525 3046 5588 δόξα
3077 5526 3168 5579 καὶ
3186 5525 3420 5596 δύναμις
3453 5529 3529 5589 εἰς
3558 5523 3612 5579 τὸ
3637 5533 3736 5577 κατ’

2197 5613 2423 5683 ισχύσαι
2457 5614 2547 5666 τοῦ
2581 5616 2816 5668 Σατανᾶ.

2525 5789 2571 5819 ⁹⁷
2599 5790 2728 5844 ibid.
2759 5790 2852 5843 27.
