4044 6332
347 407 484 459 1265

422 535 441 565 ι
490 516 698 589 Ὥσπερ
745 512 837 574 οῦν
885 521 1202 590 συλλέγεται
1249 522 1316 576 τὰ
1350 523 1588 588 ζιζάνια,
1639 527 1732 580 καὶ
1780 527 1913 598 πυρὶ
1943 533 1986 587 Α

347 609 730 661 κατακαίεταισ
753 609 924 675 οὕτως
963 612 1115 665 ἔσται
1155 615 1213 666 ἐν
1239 615 1302 684 τῇ
1347 615 1625 687 συντελείᾳ
1653 617 1744 669 τοῦ
1775 617 1912 669 αἰῶ-

346 713 454 761 νος.
498 699 811 754 Ἀποστελεί
842 705 870 755 6
901 704 1027 767 Υἱὸς
1059 704 1152 758 τοῦ
1182 705 1466 776 ἀνθρώπου
1495 708 1620 769 τοὺς
1647 707 1911 774 ἀγγέλους

346 789 533 854 αὑτοῦ,
566 793 659 844 καὶ
687 793 1032 858 συλλέξουσιν
1052 799 1116 850 ἐκ
1144 800 1240 868 τῆς
1257 798 1532 868 βασιλείας
1551 799 1713 853 αὑτοῦ
1736 791 1911 854 πάντα

343 877 412 931 τὰ
443 881 730 946 σκάνδαλα,
781 885 876 936 καὶ
915 887 1041 948 τοὺς
1086 886 1369 951 ποιοῦντας
1397 888 1496 959 τὴν
1530 890 1783 959 ἀνομίαν,
1816 893 1910 944 καὶ

347 966 596 1036 βαλοῦσιν
622 974 820 1037 αὐτοὺς
845 977 926 1038 εἰς
956 977 1053 1048 τὴν
1082 978 1308 1047 κάμινον
1333 978 1428 1032 τοῦ
1465 982 1654 1051 πυρός.
1712 1001 1729 1032 ι
1773 983 1909 1052 Περὶ

344 1060 478 1112 θεοῦ
531 1063 870 1134 γέγραπται’
920 1085 939 1119 ι
981 1068 1262 1136 Εὑλογείτε
1307 1069 1399 1124 τὸν
1437 1071 1661 1140 Κύριον,
1711 1074 1908 1137 πάντες

343 1153 393 1203 οἱ
421 1152 642 1220 ἄγγελοι
669 1156 852 1210 αὐτοῦ.
891 1176 910 1208 ι
959 1159 1034 1212 Οὐ
1077 1161 1185 1231 γὰρ
1214 1159 1441 1228 ἅγγελος
1489 1163 1718 1229 ἀγγέλου
1766 1165 1904 1226 ἐστὶ,

345 1242 479 1295 Θεοῦ
509 1244 566 1296 δὲ
600 1247 798 1314 μᾶλλον
826 1249 894 1302 τὰ
924 1250 1122 1306 πάντα.
1173 1253 1294 1315 Πῶς
1339 1248 1430 1306 οῦν
1464 1271 1595 1322 φησι
1639 1257 1765 1325 περὶ
1811 1257 1905 1310 τοῦ

345 1332 473 1386 Υιοῡ
502 1336 596 1388 τοῦ
627 1338 933 1408 ἀνθρώπου,
958 1342 1039 1394 ὅτι
1065 1343 1354 1396 ἀποστελεῖ
1378 1346 1502 1406 τοὺς
1530 1346 1792 1413 ἀγγέλους
1817 1349 1908 1401 αὖ·

343 1427 474 1494 τοῦ;
525 1428 656 1493 Θεὸς
682 1427 774 1484 οῦν
811 1434 917 1502 ἄρα
953 1435 1122 1497 ἐστὶν,
1152 1436 1228 1498 ὡς
1271 1437 1362 1488 καὶ
1398 1436 1560 1501 ἰδίους
1603 1438 1741 1507 ἔχων
1781 1441 1906 1503 τοὺς

341 1519 624 1585 ἀγγέλους,
658 1525 749 1576 καὶ
793 1525 882 1577 διὰ
914 1525 1022 1578 τῶν
1069 1527 1181 1580 ἄνω
1231 1529 1553 1598 πνευμάτων
1599 1531 1903 1600 ὑπηρετού-

342 1625 520 1678 μενος.

413 1721 430 1752 ι
487 1703 792 1774 ’Πρώτησεν
819 1709 847 1759 6
877 1708 1129 1776 Χριστός’
1163 1710 1294 1763 Τίνα
1325 1730 1392 1782 με
1437 1713 1682 1780 λέγουσιν
1720 1717 1769 1766 οἱ
1810 1713 1904 1767 ἀν-

337 1790 543 1860 Θρωποι
571 1791 712 1848 εἶναι
759 1798 848 1849 τὸν
879 1798 1004 1851 Υἰδν
1033 1799 1125 1852 τοῦ
1155 1800 1479 1872 ἀνθρώπους
1515 1805 1576 1857 Οἱ
1614 1803 1671 1856 δὲ
1713 1803 1864 1856 εἷπον
1887 1820 1900 1833 ·

1436 411 1524 466 DE
1565 413 1791 470 RECTA
1835 414 1990 470 FIDE
2025 416 2117 471 AD
2154 413 2471 470 REGINAS.

3443 416 3581 472 ιεοε

2091 547 2107 578 ι
2148 528 2298 583 Sicut
2336 543 2467 598 ergo
2498 526 2828 596 colliguntur
2861 526 3092 590 zizania,
3125 534 3178 582 et
3219 525 3326 597 igni
3354 527 3579 581 combu-

2016 629 2226 684 runtur,
2275 619 2355 675 sic
2398 619 2502 674 erit
2556 619 2608 672 in
2667 617 3134 674 consummatione
3191 616 3394 672 smculi.
3457 615 3582 671 Mit-

2015 717 2092 762 tet
2123 706 2295 763 Filius
2323 710 2558 764 hominis
2587 708 2805 778 angelos
2834 723 2984 773 suos,
3016 717 3071 764 et
3106 707 3357 779 colligent
3392 709 3461 764 de
3499 725 3578 762 re-

2011 815 2116 872 gno
2139 801 2256 869 ejus
2286 801 2466 855 omnia
2497 801 2775 865 scandala,
2813 811 2866 855 et
2890 816 2984 856 eos
3022 799 3112 870 qui
3151 800 3360 856 faciunt
3387 800 3569 870 iniqui

2011 901 2178 946 tatem
2213 908 2228 946 ε
2264 901 2318 946 ει
2359 894 2576 948 mittent
2617 909 2711 949 eos
2751 894 2805 948 in
2852 894 3125 948 caminum
3165 892 3305 963 ignis
3330 893 3399 946 ’⁸.
3438 911 3457 944 ι
3503 893 3580 946 De

2010 983 2244 1055 Deosz
2262 985 2488 1053 legimus
2518 1003 2531 1039 :
2574 1004 2591 1036 ι
2625 985 2936 1041 Benedicite
2968 987 3218 1049 Domino,
3252 999 3443 1040 omnes
3477 1000 3576 1037 an-

2006 1076 2112 1146 geli
2140 1079 2257 1146 ejus
2289 1078 2356 1130 ".
2390 1096 2408 1128 ι
2446 1075 2632 1146 Neque
2675 1079 2818 1131 enim
2861 1077 3086 1148 angelus
3132 1078 3306 1148 angeli
3337 1087 3450 1142 est,
3481 1074 3576 1131 sed

2007 1165 2102 1221 Dei
2131 1179 2255 1222 sunt
2281 1169 2485 1223 omnia.
2527 1169 2660 1224 Cum
2707 1185 2836 1240 ergo
2886 1171 2952 1224 de
2997 1170 3136 1224 Filio
3173 1169 3406 1224 hominis
3430 1169 3576 1224 dica-

2008 1269 2117 1323 tur,
2156 1260 2298 1327 quod
2331 1260 2595 1316 missurus
2648 1261 2722 1315 sit
2760 1260 2978 1330 angelos
3019 1275 3149 1315 suos
3181 1277 3196 1313 :
3249 1260 3576 1330 angelosque

2005 1359 2060 1404 et
2085 1351 2308 1419 Spiritus
2343 1351 2462 1406 illos
2504 1367 2786 1420 supremos
2819 1364 3072 1421 tanquam
3115 1353 3360 1423 proprios
3412 1352 3574 1407 mini-

2006 1449 2147 1494 ειτυε
2171 1441 2463 1509 possideat,
2497 1442 2720 1496 evidens
2753 1443 2810 1495 lit
2841 1441 2988 1495 illum
3023 1457 3141 1497 esse
3173 1443 3367 1498 Deum.

2081 1732 2098 1763 ι
2135 1711 2504 1780 luterrogabat
2530 1711 2825 1780 discipulos
2857 1725 3024 1766 suos:
3067 1710 3236 1777 Quem
3273 1725 3360 1765 me
3383 1707 3572 1774 dicunt

2006 1803 2250 1856 homines
2302 1815 2423 1854 esse
2466 1799 2662 1854 Filitttn
2715 1799 2987 1853 hominis?
3033 1800 3103 1852 At
3147 1797 3224 1852 illi
3274 1795 3566 1852 dixerunt:

336 1887 399 1938 Oi
431 1889 550 1956 μὲν,
603 1891 853 1962 Ἰωάννην
892 1893 982 1946 τὸν
1015 1894 1352 1967 Βαπτιστήνο
1384 1898 1529 1952 ἄλλοι
1555 1899 1632 1960 δὲ,
1683 1899 1894 1952 Ἠλίαν·

2003 1893 2130 1956 Alii,
2158 1891 2414 1946 Joannem
2468 1891 2801 1959 Baptislam;
2854 1889 2946 1943 alii
2995 1898 3198 1955 autem,
3234 1888 3440 1953 Eli-am;
3479 1886 3568 1942 alii

333 1979 481 2032 ἄλλοι
521 1981 597 2044 δὲ,
638 1983 980 2054 Ἱερεμίαν,ἢ
1009 1986 1103 2039 ἕνα
1128 1988 1236 2040 τῶν
1267 1990 1581 2060 προφητῶν.
1611 1991 1771 2060 Λέγει
1798 1993 1898 2046 αὑ-

332 2072 472 2131 τοῖς·
519 2069 704 2140 Ὑμεῖς
729 2073 806 2138 δὲ,
841 2075 961 2128 τίνα
997 2094 1063 2146 με
1093 2078 1278 2146 λέγετε
1321 2075 1494 2144 sint;
1555 2081 1899 2151 Ἀποκριθεὶς

331 2157 407 2220 δὲ,
440 2162 622 2231 φησιν,
665 2166 692 2216 6
725 2165 948 2237 Πέτρος,
979 2166 1102 2222 εἷπε
1123 2186 1138 2200 ο
1185 2171 1257 2223 Σὺ
1291 2168 1339 2224 εἷ
1371 2175 1399 2225 ὁ
1433 2171 1671 2242 Χριστὸς
1712 2174 1740 2225 6
1770 2174 1898 2237 Υἱὸς

328 2251 422 2304 τοῦ
454 2253 588 2306 Θεοῦ
617 2257 708 2308 τοῦ
738 2257 955 2322 ζῶντος.
1003 2262 1344 2334 Ἀποκριθεὶς
1385 2265 1438 2317 δὲ
1467 2267 1494 2318 ὁ
1535 2265 1740 2336 Ἰησοῦς
1760 2305 1774 2330 ,
1817 2263 1896 2319 εἷ-

331 2359 426 2395 πεν
459 2345 606 2414 αὐτῷ
625 2363 638 2377 ο
665 2348 946 2418 Μακάριος
975 2347 1044 2416 εἷ,
1076 2351 1254 2422 Σίμων
1291 2353 1403 2424 Βάρ
1445 2355 1616 2416 Ἰωνᾶ,
1647 2355 1731 2408 ὅτι
1761 2355 1896 2428 σὰρξ

327 2437 420 2488 καὶ
466 2435 602 2507 αἷμα
643 2440 745 2492 οὐκ
790 2442 1104 2510 ἀπεκάλυςιέ
1143 2462 1242 2507 σοι,
1279 2445 1395 2498 ἀλλ’
1423 2448 1449 2499 ὁ
1497 2448 1689 2517 Πατήρ
1733 2465 1834 2518 μου
1867 2450 1896 2501 ὁ

326 2527 384 2578 ὲν
421 2532 529 2591 τοῖς
571 2530 836 2598 οὐρανοῖς.
873 2551 890 2583 ι
943 2536 1003 2586 Εἰ
1035 2535 1187 2604 ψιλὸς
1235 2536 1520 2606 ἄνθρωπος
1568 2540 1596 2590 6
1639 2539 1890 2610 Χριστὸς,

323 2619 463 2671 διατὶ
490 2620 860 2691 τεθαύμασται
890 2625 1093 2697 Πέτρος
1115 2628 1396 2698 ,ὁμολογῶν
1441 2632 1601 2686 αὐτόν
1626 2649 1640 2697 ;
1685 2633 1809 2696 Πῶς
1837 2633 1892 2686 δέ

325 2711 440 2760 ἐστι
483 2711 575 2763 καὶ
607 2713 960 2780 θεοδίδακτος,
1013 2719 1045 2788 ἢ
1097 2719 1254 2783 ποίας
1290 2721 1483 2794 ἐδεήθη
1532 2726 1892 2794 φωταγωγίας

323 2800 546 2865 ἄνωθεν,
577 2804 663 2856 ἶνα
689 2803 834 2876 μάθῃ
858 2808 916 2859 τὸ
943 2809 1031 2860 ἐπ’
1054 2810 1202 2880 αὐτῷ
1227 2815 1550 2884 μυστήριονς
1592 2817 1728 2870 Ἀλλ’
1752 2817 1892 2885 ἔγνω

323 2889 454 2941 Θεὸν
487 2890 639 2969 (ivra,
678 2895 768 2946 καὶ
811 2895 934 2947 Υἱὶν
951 2895 1082 2949 Θεοῦ
1130 2897 1328 2963 ζῶντος
1368 2901 1766 2976 διωμολόγησεν
1801 2907 1893 2959 αῦ-

321 2981 442 3032 τὸν·
474 2982 725 3055 ταύτῃτοι
749 2985 1137 3055 τεθαύμασται,
1165 2991 1306 3062 Πλὴν
1329 2992 1422 3048 ἕνα
1453 2995 1599 3059 Υὲὸν,
1637 2998 1728 3050 καὶ
1771 3001 1889 3068 οὐχὶ

320 3068 414 3123 δύο
445 3071 591 3135 υἱούς
626 3091 778 3143 φησι.
821 3077 1087 3140 Δυσςεῦὲς
1131 3075 1220 3131 οὖν
1265 3082 1370 3150 ἄρα
1408 3083 1465 3135 τὸ
1512 3084 1766 3155 διορίζειν
1810 3091 1887 3152 εἰς

320 3163 432 3218 δύο.
469 3186 486 3216 ι
524 3168 721 3222 Μέλλει
746 3170 853 3239 γὰρ
882 3172 910 3223 6
942 3173 1067 3235 Υἱὸς
1093 3174 1185 3227 τοῦ
1231 3178 1520 3249 ἀνθρώπου
1546 3181 1802 3252 ἔρχεσθαι
1831 3189 1887 3238 ἐν

320 3259 384 3325 τῇ
416 3257 540 3329 δόξῃ
574 3261 668 3312 τοῦ
702 3262 911 3330 Πατῴς
955 3265 1139 3328 αὑτοῦ,
1191 3269 1329 3336 μετά
1358 3271 1465 3321 τῶν
1502 3271 1750 3340 ἀγγέλων
1788 3278 1887 3328 αὒ-

319 3346 435 3401 τοῦ.
493 3369 510 3398 ι
567 3351 696 3403 Ἰδοὺ
752 3355 910 3407 πάλιν
956 3357 1218 3424 ἀγγέλους
1259 3360 1423 3412 αὑτοῦ
1477 3380 1607 3432 φησι
1656 3365 1723 3417 τά
1779 3367 1889 3420 ἂνω

321 3440 624 3510 πνεύματα,
658 3443 830 3497 καίτοι
859 3444 1151 3517 λεγομένου
1190 3449 1316 3502 Υἱοῦ
1349 3450 1658 3520 ἀνθρώπου.

393 3734 411 3766 ι
471 3716 761 3770 Ἐλθόντων
817 3719 880 3789 δὴ
928 3715 1019 3772 οῦν
1055 3720 1074 3758 ί
1137 3725 1214 3785 εἰς
1257 3723 1646 3796 Καπερναουμ,
1721 3747 1887 3798 προσ-

326 3805 486 3875 ῆλθον
511 3807 560 3860 οἱ
591 3807 660 3860 τὰ
679 3808 944 3880 δίδραχμα
971 3811 1032 3863 λα
1043 3813 1354 3883 μϐἀνοντες,
1374 3817 1450 3884 τῷ
1479 3819 1687 3890 Πέτρῳ,
1704 3822 1797 3873 καὶ
1814 3819 1882 3873 εἷς

319 3917 418 3952 πον
437 3917 449 3928 ·
495 3902 552 3953 Ὀ
575 3899 892 3965 διδάσκαλος
915 3903 1066 3974 ὑμῶν
1085 3906 1146 3957 οὐ
1179 3905 1321 3959 τελεῖ
1339 3908 1406 3961 τά
1430 3908 1700 3980 δίδραχμα
1723 3929 1736 3973 ς
1773 3913 1883 3966 Καὶ

316 3991 492 4057 λέγει·
548 3993 673 4044 Ναί.
724 3994 834 4047 Καὶ
879 3995 1190 4050 εἰσελθόντα
1245 3999 1322 4060 εἰς
1364 3999 1464 4070 τὴν
1503 4003 1702 4069 οὶκίαν,
1753 4021 1887 4075 προ·

317 4080 548 4148 ἔφθασεν
577 4083 737 4136 αὐτὸν
785 4087 814 4137 6
867 4085 1092 4156 Ἰησοῦς,
1120 4086 1333 4155 λέγων*
1381 4089 1445 4142 Τί
1478 4107 1558 4146 σοι
1601 4093 1764 4156 δοκεῖ,
1803 4095 1892 4146 Σί-

320 4177 471 4241 μων;
512 4176 560 4226 οἱ
604 4174 843 4244 βασιλεῖς
887 4176 996 4244 τῆς
1043 4175 1146 4245 γῆς
1196 4178 1304 4231 ἀπὸ
1351 4179 1510 4233 τίνων
1555 4181 1887 4252 λαμϐάνουσι

314 4263 464 4332 τέλη,
511 4266 544 4334 ἢ
587 4267 823 4334 κῆνσον;
865 4266 972 4319 ἀπὸ
1011 4267 1122 4320 τῶν
1150 4268 1282 4320 υἱῶν
1312 4269 1574 4341 αὑτῶν,ἥ
1628 4273 1734 4325 ἀπὸ
1778 4275 1887 4328 τῶν

314 4356 607 4426 ἀλλοτρίων
627 4400 642 4422 ,
666 4355 798 4410 Εἶπε
823 4358 880 4411 δὲ
908 4359 1052 4430 αὑτῷ
1070 4377 1091 4390 ι
1121 4360 1251 4414 Ἀπὸ
1277 4361 1386 4414 τῶν
1411 4362 1725 4434 ἀλλοτρίων.
1752 4364 1887 4420 Eii-ts

313 4447 368 4500 δὲ
389 4447 538 4517 αὑτῷ
563 4449 591 4500 6
632 4449 836 4520 Ἰησοῦς
855 4467 868 4481 ·
907 4453 1048 4521 Ἀρα
1073 4469 1135 4520 γε
1173 4451 1442 4526 ἐλεύθεροί
1463 4456 1599 4507 εἰσιν
1629 4457 1676 4508 οἱ
1705 4458 1829 4510 υἱοί.
1860 4477 1880 4510 ι

312 4537 436 4601 Πῶς
470 4539 751 4610 ἐλεύθερον
788 4543 978 4596 ἑαυτὸν
1007 4537 1144 4595 εἷναί
1193 4561 1350 4614 φησι,
1397 4547 1492 4598 καὶ
1534 4544 1638 4610 ἔξω
1683 4548 1871 4618 νόμου,

311 4630 406 4682 καὶ
432 4629 718 4701 ἀσυντελῆ,
766 4634 860 4686 καὶ
894 4634 1022 4688 Υἱὺν
1066 4635 1299 4704 ἀληθῶς,
1351 4637 1400 4689 εἰ
1446 4636 1520 4708 μὴ
1549 4637 1680 4700 Θεός
1708 4642 1875 4704 ἐστιν,

312 4721 500 4774 ἑνώσει
530 4727 595 4794 τῇ
623 4725 744 4778 καθ’
773 4726 1067 4780 ὑπόστασιν
1088 4727 1286 4797 σαρκὸς
1320 4728 1414 4781 καὶ
1441 4729 1671 4798 αἵματος
1699 4746 1878 4782 κεκοι-

310 4815 597 4886 νωνηκὼςς
631 4818 981 4872 Συντετέλεκε
1011 4819 1065 4872 δὲ
1092 4820 1151 4872 τὸ
1181 4821 1494 4892 δίδραχμον,
1539 4821 1615 4884 ὡς
1641 4821 1879 4891 γεγονὼς

312 4905 415 4956 ὑπὸ
447 4905 608 4974 νόμον
636 4909 665 4958 6
692 4908 828 4978 ὑπὲρ
856 4908 1018 4976 νόμον
1047 4910 1191 4972 Υἱός.
1224 4908 1540 4979 Ἀνθρωπος
1565 4909 1621 4962 δὲ
1644 4910 1740 4976 ὢν,
1782 4912 1879 4982 οὐχ

314 4995 448 5066 ὑπὲρ
474 4996 634 5065 νόμον
655 5000 853 5050 νοεῖται
885 5015 903 5030 ο
930 4999 1046 5062 πῶς
1069 5001 1210 5070 γάρξ
1239 5001 1350 5053 οὐδ’
1374 5000 1441 5054 ἂν
1469 4999 1581 5072 ἔχοι
1608 5003 1747 5055 κατά
1775 5003 1878 5071 φύ-

312 5101 396 5136 σιν
440 5084 500 5136 τὸ
529 5086 829 5156 ἐλεύθερον,
873 5090 920 5140 εἰ
957 5089 1030 5159 μὴ
1060 5094 1259 5143 νοεῖται
1289 5091 1421 5154 Θεὸς
1449 5091 1506 5143 ἐν
1549 5091 1873 5162 ἀνθρωπεία

313 5179 515 5246 impetit-

393 5268 789 5333 Ἀναὸιίνοντος
815 5273 874 5323 ἐν
912 5271 1300 5342 Ἰεροσολύμοις
1346 5271 1438 5325 τοῦ
1471 5272 1686 5326 πάντων
1714 5272 1870 5343 ἡμῶν

311 5358 558 5429 Σωτῆρος
584 5362 840 5431 Χριστοῦ,
876 5363 1062 5427 παῖδες
1092 5363 1463 5435 προεσὼειζον,
1507 5363 1877 5434 εὐφημοῦντες

386 5517 432 5546 ’⁸
466 5515 658 5569 Matth.
692 5531 810 5578 xm,
855 5516 1046 5572 60-4-2.
1126 5519 1169 5548 "
1202 5515 1346 5573 PSaI.
1379 5533 1468 5579 cu,
1511 5517 1599 5571 ‘20.

1683 5518 1695 5548 ¹
1723 5517 1912 5571 Matth.
1935 5533 2048 5586 ινι,
2083 5517 2270 5571 15-17.

2005 1999 2157 2048 vero,
2193 1983 2506 2049 Jeretniam,
2532 1991 2624 2036 aut
2658 1997 2819 2034 unum
2852 1995 2916 2034 ex
2948 1981 3242 2050 prephetis.
3279 1979 3425 2032 Dixit
3465 1979 3581 2034 illis

1999 2075 2196 2132 Jesns:
2237 2076 2338 2129 Vos
2371 2085 2548 2128 autem
2587 2087 2744 2140 quem
2778 2087 2863 2125 me
2903 2085 3024 2127 esse
3062 2071 3278 2125 dicitis?
3321 2071 3567 2139 Respon-

2000 2168 2131 2222 dens
2161 2168 2346 2220 Simon
2376 2165 2568 2219 Petrus
2598 2164 2732 2218 dixit
2757 2181 2770 2216 :
2805 2163 2884 2217 Tu
2917 2180 2974 2218 cs
3005 2163 3253 2218 Christus
3277 2160 3444 2215 Filius
3471 2161 3564 2215 Dei

1997 2257 2494 2324 vivi.Respondens
2515 2263 2694 2308 autem
2727 2251 2905 2316 Jesns,
2947 2253 3082 2306 dixit
3117 2253 3162 2306 ei
3196 2269 3210 2304 :
3250 2250 3447 2305 Beatus
3481 2265 3577 2310 ese

1998 2347 2184 2402 Simon
2210 2347 2314 2399 Bar
2342 2345 2497 2410 Jona,
2520 2347 2644 2414 quia
2674 2359 2802 2399 caro
2828 2355 2880 2399 et
2911 2345 3127 2414 sanguis
3162 2358 3267 2396 non
3304 2343 3565 2398 revelavit

1998 2440 2116 2504 tibi,
2164 2439 2258 2492 sed
2303 2437 2465 2491 Pater
2496 2450 2668 2500 meus,
2692 2437 2783 2505 qui
2810 2435 2972 2491 estin
3003 2435 3154 2490 emlis
3181 2437 3221 2488 ¹.
3260 2455 3278 2488 ι
3318 2436 3374 2489 Si
3401 2434 3561 2490 Chri-

1995 2541 2111 2586 stus
2155 2530 2456 2586 communis
2497 2529 2803 2598 vulgarisve
2856 2538 3062 2583 tantum
3106 2530 3269 2583 homo
3314 2537 3419 2592 εει,
3465 2543 3562 2582 cur

1995 2625 2184 2678 Petrus
2215 2623 2283 2677 ob
2318 2637 2468 2676 suam
2514 2621 2912 2676 confessionem
2954 2619 3287 2674 admirabilis
3323 2620 3564 2674 declara-

1995 2727 2080 2771 tus
2104 2725 2157 2771 et
2188 2714 2436 2769 laudatus
2463 2713 2588 2768 est?
2631 2711 2910 2779 Quomodo
2958 2711 3212 2765 divinitus
3253 2712 3566 2780 perhibetur

1991 2804 2252 2862 edoctus?
2273 2809 2380 2858 Aut
2402 2817 2636 2872 quanam
2679 2816 2911 2871 superna
2940 2816 3074 2870 opus
3108 2810 3226 2856 erat
3259 2800 3331 2855 illi
3364 2801 3564 2855 illumi-

1992 2895 2233 2958 nalionc,
2275 2901 2334 2946 ut
2375 2891 2505 2947 illud
2547 2889 2750 2946 Christi
2801 2891 3117 2960 mysterium
3154 2891 3416 2959 caperet?
3461 2889 3565 2945 Ve-

1994 3004 2109 3041 rum
2147 2987 2273 3056 quia
2304 2985 2470 3040 Deum
2501 2999 2623 3040 esse
2651 2985 2888 3054 agnovit,
2933 2983 3272 3053 viventisque
3319 2982 3412 3038 Dei
3465 2983 3556 3038 Fi-

1990 3080 2118 3130 litun
2159 3093 2280 3132 esse
2323 3077 2682 3146 praedicavit,
2732 3074 2854 3129 ideo
2907 3074 3170 3130 mirabilis
3211 3085 3268 3129 et
3309 3074 3568 3144 egregius.

1995 3170 2208 3223 habitus
2233 3178 2336 3224 est.
2366 3168 2552 3237 Neque
2588 3177 2767 3221 tamen
2801 3167 2935 3222 duos
2965 3167 3248 3222 confessus
3278 3179 3360 3222 εει
3395 3167 3557 3228 ﬁlios,

1992 3262 2084 3315 sed
2127 3276 2290 3314 unum
2337 3259 2622 3314 duntaxat.
2660 3256 2890 3327 impium
2935 3255 3118 3326 itaque
3161 3266 3244 3312 est
3284 3257 3565 3312 Christum.

1992 3353 2043 3407 in
2081 3355 2214 3407 duos
2241 3353 2481 3406 dividere
2515 3352 2676 3404 lilios.
2707 3368 2724 3401 ι
2757 3350 2927 3405 Filius
2959 3349 3102 3404 enim
3143 3350 3376 3404 hominis
3426 3365 3558 3404 ven-

1989 3454 2144 3497 turus
2170 3452 2254 3497 est
2288 3444 2338 3496 in
2368 3443 2536 3512 gloria
2566 3441 2744 3495 Patris
2770 3442 2851 3495 sui
2892 3455 3012 3494 cum
3056 3440 3262 3510 angelis
3308 3441 3420 3496 suis
3447 3442 3493 3494 ἐ
3536 3459 3581 3492 ιν

1990 3537 2066 3590 Eu
2121 3536 2314 3588 iterum
2365 3535 2619 3590 εωιεειεε
2649 3535 2872 3604 spiritus
2920 3549 3048 3589 suos
3097 3533 3316 3603 angelos
3366 3545 3581 3602 vocat,-

1989 3627 2200 3682 etiamsi
2231 3626 2468 3682 hominis
2497 3626 2667 3680 Filius
2693 3627 2923 3681 dicatur.

2065 3735 2083 3767 ι
2137 3717 2202 3770 Et
2250 3732 2372 3770 cum
2419 3717 2693 3771 venissent
2755 3715 3179 3787 Capltaruautn,.
3211 3727 3561 3774 accesserunt

1989 3808 2078 3876 qui
2111 3808 2428 3862 didraehma
2459 3809 2815 3878 accipiebant,
2849 3810 2914 3863 ad
2940 3809 3192 3879 Petrum,
3222 3817 3278 3864 et
3305 3809 3571 3864 dixerunt

1987 3901 2080 3954 ei:
2136 3900 2388 3970 Magister
2433 3909 2614 3954 vester
2666 3917 2772 3954 non
2804 3900 2962 3956 solvit
3025 3900 3374 3956 didracltma?
3421 3899 3552 3954 Ait:

1987 3990 2188 4044 Etiam.
2210 3991 2278 4045 Et
2303 4006 2423 4044 cum
2455 3991 2704 4046 intrasset
2741 3993 2793 4045 in
2843 3991 3086 4058 domum,
3129 3992 3390 4061 praevenit
3431 4005 3556 4047 eum

1983 4082 2165 4146 Jesus,
2209 4083 2438 4137 dicens:
2497 4083 2633 4149 Quid
2685 4084 2778 4138 tibi
2808 4085 3067 4148 videtur,
3104 4083 3333 4138 Simon?
3385 4083 3566 4154 Reges

1989 4185 2147 4228 terra:
2179 4189 2208 4226 a
2249 4175 2446 4243 quibus
2483 4175 2756 4244 accipiunt
2793 4175 3051 4229 tributum
3092 4175 3179 4230 vel
3209 4191 3430 4230 censum
3458 4215 3475 4241 ,
3524 4192 3554 4228 ιι

1988 4265 2114 4319 [iliis
2139 4267 2272 4329 suis,
2298 4281 2362 4318 an
2395 4267 2463 4319 ab
2498 4264 2734 4320 alienis?
2763 4275 2819 4318 et
2853 4265 2941 4320 ille
2976 4265 3110 4319 dixit
3145 4265 3283 4320 :.Ab
3319 4265 3508 4321 alienis
3540 4287 3552 4320 :

1988 4357 2122 4412 dixit
2151 4357 2226 4411 illi
2258 4355 2413 4412 Jesus
2441 4372 2456 4408 :
2487 4355 2628 4425 Ergo
2662 4357 2816 4412 liberi
2853 4367 2981 4412 sunt
3011 4358 3107 4412 lilii
3135 4357 3177 4413 ³.
3215 4374 3238 4409 ι
3275 4357 3566 4424 Quomodo»

1986 4448 2238 4513 liberum,
2293 4449 2395 4504 hoc
2449 4459 2530 4504 est
2563 4465 2593 4501 a
2645 4449 2781 4518 legis
2821 4449 3034 4504 vinculo
3087 4448 3380 4518 tribulique
3423 4464 3555 4518 pen-

1986 4542 2138 4594 sione
2167 4541 2722 4606 immuuem,.necnon
2755 4555 2937 4596 verum
2968 4540 3159 4595 Filium
3193 4555 3254 4596 se
3273 4540 3550 4610 pradicet,

1987 4636 2033 4689 si
2065 4635 2248 4688 carnis
2270 4645 2324 4690 et
2346 4635 2628 4704 sanguinis
2666 4636 2963 4690 secundum
2989 4633 3380 4704 hypostaticam
3405 4634 3556 4705 un'io-

1987 4741 2108 4782 nem
2139 4729 2408 4796 particeps
2433 4727 2820 4794 effectus,.non
2851 4737 2936 4781 est
2982 4727 3161 4782 Deus?
3189 4729 3261 4781 At
3303 4727 3558 4796 dependit

1987 4819 2336 4874 nihilominus
2383 4818 2696 4874 didrachma
2765 4829 3022 4890 tanquam
3088 4818 3191 4889 legi
3249 4818 3579 4883 obnoxius».

1985 4925 2108 4964 cum
2144 4921 2321 4964 tamen
2356 4921 2412 4963 ut
2439 4910 2744 4982 Filiuslege
2769 4910 2940 4979 major
2967 4921 3143 4965 esset.
3173 4908 3372 4965 Verum
3400 4910 3448 4966 si
3481 4910 3558 4965 sit.

1985 5003 2167 5066 homo,
2201 5018 2306 5057 non
2341 5009 2426 5056 est
2453 5017 2617 5070 supra
2650 5003 2841 5072 legem.
2868 5000 3040 5058 Nemo
3072 5001 3215 5058 enim
3246 5002 3548 5056 naturalem

1981 5092 2283 5148 libertatem
2317 5093 2387 5146 illi
2426 5094 2644 5159 tribuet,
2675 5094 2780 5148 nisi
2813 5103 2871 5147 ut
2912 5093 3082 5149 Deum
3105 5093 3347 5149 humana.
3377 5091 3548 5148 forma

1981 5184 2227 5238 indutum
2253 5185 2437 5239 animo
2465 5186 2712 5240 eumdem
2743 5185 3035 5256 concipiat.

2050 5275 2273 5330 Christo
2313 5276 2553 5331 omnium
2615 5287 2856 5334 nostrum
2907 5277 3188 5332 Salvatore
3236 5276 3572 5353 Hierosoly

1983 5380 2124 5419 mam
2156 5368 2503 5432 ascendente,
2529 5367 2678 5437 pueri
2710 5375 3030 5436 praeeuntes,
3051 5365 3375 5438 laudumque
3403 5379 3516 5436 pra
3542 5392 3566 5405 -

2349 5520 2370 5548 ¹
2404 5518 2532 5574 ibid.
2561 5520 2650 5575 27.
2728 5521 2748 5552 ³
2772 5519 3123 5588 Matth,.xvu,
3153 5519 3347 5576 25-25.

1362 5673 1532 5729 Varia:
1562 5673 1819 5730 lectiones
1849 5674 2050 5730 codicis
2086 5673 2446 5746 Seguieriani.

385 5811 402 5850 ί
433 5811 485 5865 δὲ
511 5814 708 5868 αὐτῶν.
