4044 6332
500 410 632 466 i267

1480 410 1540 467 S.
1578 410 1853 469 CYRILLI
1889 408 2351 469 ALEXANDRINI
2397 406 2709 470 ARCHIEP.

3590 404 3734 463 ιεσξ

492 529 644 583 conia
697 526 1109 597 depromentes,
1143 528 1251 600 83
1299 545 1317 580 ι
1347 526 1596 583 Hosanna
1627 530 1736 583 lilio
1784 528 1977 593 David,
2027 546 2037 581 ι

2152 545 2211 581 τε
2228 527 2320 581 καὶ
2348 526 2620 595 λέγοντες·
2641 521 2913 577 ιιὩσαννά
2934 522 3011 594 τῷ
3038 523 3145 593 υἱῷ
3156 523 3335 577 Δαυτδ.
3372 544 3390 576 ι
3406 524 3726 596 Θεοπρεπὴς

490 619 853 673 clamabant".
920 619 990 672 At
1030 620 1156 675 ltzec'
1218 619 1538 675 acclamatio
1585 621 1637 675 in
1678 621 1851 676 solum
1886 621 2049 676 Deum

490 712 741 776 quadrat.
802 709 1118 780 clndiguati
1170 722 1346 767 autem
1403 712 1654 768 Pharisaei
1713 713 1766 768 in
1816 714 2050 769 medium

490 809 849 868 prorumpunt
879 818 892 853 :
926 801 1134 863 Audis,
1186 803 1458 869 inquiunt,
1510 805 1638 871 quid
1686 804 1770 858 isli
1831 804 2054 858 dicunt?

488 885 647 942 .lesus
677 899 853 943 autem
902 891 1039 944 dixit
1088 893 1209 946 eis:
1247 891 1461 962 Utique.
1500 892 1783 966 Nunquam
1820 894 2051 965 legistis,

489 979 613 1047 quia
642 978 720 1033 Ex
746 994 841 1034 ore
877 981 1158 1035 infantium
1198 992 1252 1037 et
1278 984 1589 1037 lactentium
1630 985 1904 1054 perfecisti
1942 984 2053 1037 lau-

487 1069 609 1122 dem
633 1068 693 1121 '?
722 1088 741 1122 ι
768 1069 875 1124 Sed
902 1072 1115 1125 beatqu
1156 1072 1320 1127 David
1365 1074 1467 1128 hoc
1499 1074 1617 1129 lo'co
1650 1076 1837 1130 audire
1876 1088 2055 1144 opera:

488 1158 717 1227 pretium
739 1168 858 1224 est;
898 1161 1165 1214 aitautem
1200 1179 1213 1216 :
1249 1180 1269 1214 ο
1295 1163 1523 1219 Domine
1547 1164 1800 1218 Dominus
1847 1174 2051 1224 noster,

488 1264 646 1319 quam
672 1251 985 1305 admirabile
1006 1262 1303 1309 estnomen
1330 1248 1481 1308 tuum
1513 1255 1564 1309 in
1589 1255 1836 1311 universa
1862 1265 2005 1308 terra
2034 1259 2052 1313 l

495 1342 764 1407 Quoniam
789 1343 999 1397 elevata
1032 1353 1116 1398 est
1141 1344 1537 1413 magniﬁcentia
1572 1355 1659 1399 tua
1685 1361 1844 1414 super
1863 1349 2049 1403 ccelos.

488 1433 563 1486 Ex
588 1448 682 1488 ore
707 1432 990 1488 infantium
1016 1444 1069 1489 et
1090 1435 1406 1491 iacientium
1428 1436 1702 1505 perfecisti
1724 1440 1933 1494 laudem
1955 1441 1997 1494 ⁸.
2024 1461 2043 1494 ι

486 1520 642 1575 Pueri
703 1538 935 1593 namque
987 1540 1176 1595 magna
1229 1526 1590 1584 exsultatione
1646 1529 2048 1597 acclamantes,

484 1614 721 1676 aiebant,
788 1632 807 1665 ι
860 1613 1110 1670 ilosanna
1163 1616 1271 1671 lilio
1310 1616 1505 1673 David.‘
1533 1638 1552 1672 ι
1602 1619 1653 1675 is
1695 1636 1856 1690 porro
1901 1623 2053 1693 cujus

481 1704 717 1774 elogium
750 1705 1128 1773 decantabant,
1153 1709 1415 1776 ejusmodi
1447 1710 1656 1765 laudem
1695 1720 1747 1765 et
1786 1712 2052 1767 acclama-

488 1800 688 1854 tionem
720 1801 1032 1868 neutiquam
1072 1802 1410 1870 repndiabat.
1464 1802 1625 1871 Atqui
1659 1805 1846 1858 beatus
1887 1804 2050 1857 David

2150 619 2208 673 δὲ
2228 618 2442 679 πάντως
2459 618 2602 668 ἐστὶν
2633 613 2983 685 ήδοξολογία.
3014 632 3036 664 ι
3068 612 3479 684 Ἡγανάκτησαν
3494 617 3542 666 οἱ
3559 616 3725 683 «bapt-

2153 711 2312 771 σαῖοι,
2334 709 2427 761 καὶ⁵
2441 707 2504 779 δὴ
2528 707 2623 760 καὶ
2644 705 2970 777 προσῄεσαν,
2988 704 3254 771 λέγοντες·
3286 705 3547 771 Ἀκούεις,
3563 707 3617 758 τί
3641 702 3723 759 οὗ·

2150 819 2232 855 τοι
2258 801 2539 868 λέγουσιν;
2576 800 2633 853 Ὀ
2654 798 2708 850 δὲ
2745 780 2949 868 Ἰησοῦς
2973 792 3124 850 εἶπεν
3149 797 3328 860 αὐτοῖς
3351 815 3366 829 ·
3402 798 3530 852 Ναί.
3567 798 3713 851 Οὐδέ

2152 908 2282 946 ποτε
2304 891 2684 959 ἁνέγνωτε,ὅτι
2723 888 2817 942 Ἐκ
2834 889 3095 958 στόματος
3123 889 3330 960 νηπίων
3346 892 3437 944 καὶ
3462 890 3707 961 θηλαζόν

2150 1000 2256 1037 των
2279 981 2590 1053 κατηρτίσω
2623 977 2799 1047 αίνονς
2839 999 2863 1032 ι
2908 982 3227 1050 ’Λναγκαῖον
3264 984 3322 1035 ἐν
3351 982 3559 1045 τούτοις
3607 983 3725 1034 διαο

2156 1075 2521 1146 μνημονεῦσαι
2561 1073 2655 1127 τοῦ
2684 1073 2950 1145 μακαρίου
2965 1073 3127 1127 Δαυῒδ
3147 1073 3393 1142 λέγοντος
3411 1092 3431 1105 ο
3460 1094 3478 1125 ι
3519 1075 3727 1144 Κύριε,

2152 1168 2180 1219 6
2204 1165 2404 1236 Κύριος
2434 1164 2610 1235 ἡμῶν,
2638 1164 2713 1227 ὼς
2751 1162 3060 1233 θαυμαστὸν
3092 1164 3152 1218 τὸ
3184 1164 3351 1235 ὄνομά
3374 1183 3465 1218 σου
3492 1167 3549 1218 ὲν
3570 1167 3735 1238 πάσας

2151 1260 2216 1328 τῇ
2248 1259 2315 1327 γῇ
2345 1257 2358 1308 !
2390 1238 2514 1308 Ὅτι
2555 1253 2821 1325 ὲπήρθηή
2861 1254 3307 1325 μεγαλοπρέπειά
3339 1274 3431 1309 σου
3463 1257 3727 1328 ὑπεράνον

2149 1347 2259 1400 τῶν
2298 1346 2560 1415 οὐρανῶν.
2606 1346 2699 1398 Ἐκ
2730 1346 2996 1415 στόματος
3022 1347 3230 1415 νηπίων
3261 1349 3352 1401 καὶ
3381 1348 3721 1417 θηλαζόντωτ

2150 1440 2463 1512 κατηρτίσω
2493 1432 2660 1490 αἶνον.
2702 1456 2719 1488 ι
2757 1439 2818 1490 υί
2870 1438 2968 1506 μὲν
2993 1436 3102 1507 γὰρ
3140 1438 3324 1502 παῖδες
3349 1440 3726 1510 εὐφημοῦντες

2151 1531 2358 1599 ἔλεγονο
2395 1548 2413 1582 ι
2478 1529 2705 1583 Ὡσαννὰ
2729 1529 2807 1600 τῷ
2836 1529 2936 1599 υἱῷ
2965 1530 3149 1583 Δαυῖδ.
3200 1550 3220 1582 ›
3254 1532 3621 1601 Καταδέχεται
3666 1533 3731 1586 δὲ

2149 1624 2247 1691 τὴν
2291 1621 2597 1689 δοξολογίαν
2644 1620 3073 1690 εὐφημούμενος.
3131 1623 3190 1675 Ὀ
3232 1623 3289 1675 δέ
3336 1639 3399 1690 γε
3447 1624 3731 1694 μακάριος

2150 1712 2310 1767 Δαοῒδ
2338 1713 2437 1767 οὐκ
2459 1710 2728 1783 ἀνθρώπῳ
2748 1711 2951 1781 ταύτην
2975 1713 3286 1767 ἀνατέθεικε
3316 1715 3502 1785 κοινῷ,
3525 1718 3726 1786 Κυρίῳ

2149 1805 2205 1858 δὲ
2239 1803 2461 1874 μᾶλλον,
2498 1798 2559 1855 οῦ
2588 1802 2682 1855 καὶ
2711 1802 3020 1871 θαυμαστὸν
3048 1802 3109 1855 τὸ
3153 1804 3324 1873 ὄνομα
3368 1807 3425 1857 ὲν
3472 1804 3628 1876 πάσῃ
3656 1809 3727 1875 τῇ

481 1906 597 1945 eam
653 1893 1100 1948 acclamationem
1160 1909 1269 1948 non
1314 1895 1584 1949 communi
1626 1895 1787 1950 alicui
1839 1896 2037 1951 homini

2143 1897 2241 1965 γῇ·
2271 1893 2479 1965 ἐπήρθη
2514 1893 2622 1962 γὰρ
2663 1894 2696 1962 ἡ
2741 1893 3181 1963 μεγαλοπρέπεια
3214 1892 3424 1965 [αὑτοῦ]
3455 1895 3733 1965 ὑπεράνω

484 1985 775 2049 tribuebat,
811 1988 906 2040 sed
933 1986 1172 2039 omnium
1214 1986 1478 2043 Domino:
1517 1987 1660 2042 illius
1689 1989 1831 2042 enim
1876 1988 2045 2043 solius

481 2091 675 2129 nomen
714 2077 967 2132 universa
1005 2087 1146 2132 terra
1198 2079 1517 2146 demiratur,
1550 2077 1901 2149 ejusdemque
1933 2094 2045 2133 ma-

2149 1986 2255 2040 τῶν
2280 1985 2541 2056 οὐρανῶν.
2567 1981 2716 2048 Εἶτα,
2740 1984 2856 2048 πῶς
2878 1985 2938 2038 οὐ
2958 1984 3087 2048 Θεὸς
3110 1987 3137 2039 6
3164 1986 3289 2049 Υἱὸς
3308 1986 3465 2038 Δαυῒδ
3490 1988 3549 2039 τε.
3576 1988 3733 2040 κατὰ

2154 2077 2331 2147 σάρκα
2360 2075 2588 2148 Χριστός
2607 2094 2622 2141 ;

478 2171 785 2241 guilicentia
836 2187 997 2242 super
1044 2189 1233 2228 omnes
1282 2175 1447 2229 cteros
1494 2175 1718 2230 tollitur.
1747 2175 2039 2243 jQuomodo
2075 2187 2205 2243 ergo
2237 2172 2483 2227 Christus
2556 2169 2773 2225 Davidis
2834 2169 3381 2239 secundumfcarucm
3425 2171 3568 2224 mius
3612 2188 3733 2225 non

479 2278 563 2323 est
599 2269 778 2325 Deus?

562 2406 580 2437 ι
608 2385 743 2440 Cum
769 2395 948 2440 autem
979 2389 1187 2443 venerit
1220 2388 1387 2443 Filius
1413 2388 1647 2444 hominis
1676 2391 1739 2443 in
1755 2388 2039 2457 maiestate

480 2494 596 2541 sua,
638 2488 693 2533 et
723 2494 910 2533 omnes
954 2482 1126 2549 angeli
1163 2496 1284 2533 cum
1327 2495 1419 2544 eo,
1480 2493 1604 2535 tunc
1636 2480 1845 2535 sedebit
1877 2495 2041 2549 super

476 2570 658 2623 sedem
690 2568 991 2636 majestatis
1013 2570 1177 2624 suae’.
1212 2589 1230 2622 ι
1259 2570 1510 2640 Nunquid
1530 2570 1780 2626 Christus
1803 2579 1861 2624 ut
1880 2570 2050 2625 homo‘

475 2660 741 2729 quispiam
776 2661 948 2716 nostri
979 2661 1172 2717 similis
1197 2678 1292 2731 pro
1316 2662 1570 2718 tribunali
1599 2662 1828 2727 sedebit,
1856 2671 2041 2717 astan-

477 2752 727 2820 tibnsque
773 2752 1026 2807 omnibus
1066 2754 1412 2823 undiqnaque
1443 2754 1541 2822 ipsi
1583 2754 1814 2823 angelis,
1853 2753 2039 2808 orbem

466 2842 770 2911 iudicabit?
802 2843 902 2909 Qui
949 2845 1110 2908 istud,
1144 2846 1394 2911 obsecro,
1442 2846 1638 2900 rationi
1680 2854 1768 2900 est
1813 2860 2041 2902 consen-

476 2934 733 2988 laneum?
784 2936 981 2989 Annon
1013 2936 1272 3005 scriptum
1316 2945 1438 2990 est:
1472 2954 1490 2986 ‹
1521 2936 1673 2992 Unus
1705 2946 1787 2991 est
1816 2936 2035 3006 legisla-

473 3032 578 3087 tor,
604 3034 660 3079 et
678 3024 842 3093 iudex
864 3026 931 3079 "?-
957 3045 975 3077 ι
1020 3026 1157 3080 Deus
1190 3026 1353 3097 igitur
1373 3038 1458 3081 est
1485 3028 1758 3093 Christus,
1794 3028 1887 3098 qui
1915 3027 2030 3096 pari

2219 2406 2237 2438 ‹
2264 2386 2433 2439 Ὅταν
2459 2384 2587 2455 ἔλθῃ
2603 2384 2772 2446 ὁΥίδς
2794 2381 2885 2436 τοῦ
2913 2380 3197 2453 ἀνθρώπου
3224 2382 3280 2433 ἐν
3296 2385 3357 2452 τῇ
3375 2381 3500 2452 δόξῃ
3524 2384 3727 2451 αὑτοῦ,

2145 2477 2239 2531 καὶ
2278 2477 2477 2540 πάντες
2518 2478 2566 2529 οἱ
2597 2475 2817 2543 ἄγγελοι
2865 2474 2979 2544 μετ’
3009 2472 3193 2538 αὐτοῦ,
3225 2475 3341 2527 τότε
3377 2476 3598 2527 καθίσει
3629 2479 3729 2529 ἐπὶ

2146 2568 2331 2640 θρόνον
2357 2567 2515 2636 δόξης
2564 2564 2751 2620 αὑτοῦ.
2791 2585 2809 2617 ι
2853 2560 3001 2636 Ἀρα
3040 2565 3113 2629 ὡς
3157 2564 3434 2636 ἄνθρωπος
3481 2560 3565 2628 εἷς
3613 2568 3733 2619 τῶν

2148 2659 2268 2713 καθ’
2295 2660 2442 2731 ἡμᾶς
2488 2658 2793 2712 καθεδεῖται
2824 2658 3074 2727 Χριστὸς,
3111 2658 3530 2727 παρεστηκότων
3567 2658 3731 2727 αὐτῷ

2144 2751 2363 2804 πάντων
2408 2749 2518 2803 τῶν
2549 2748 2813 2818 ἀγγέλων,
2847 2748 2989 2801 οὓτω
3029 2765 3089 2801 τε
3118 2753 3293 2818 κρινεῖ
3338 2750 3426 2802 τὸν
3470 2751 3731 2819 κόσμον;

2142 2839 2296 2906 Εἶτα,
2345 2844 2495 2895 ποῖον
2524 2841 2637 2912 ἔχει
2684 2840 2841 2895 τοῦτο
2886 2840 3076 2907 λόγον;
3124 2840 3429 2911 Γέγραπται
3466 2841 3606 2911 γὰρ,
3640 2843 3733 2895 ὅτι

2148 2949 2166 2983 ‹
2196 2927 2289 2996 Εἷς
2324 2933 2468 2985 ἐστιν
2492 2932 2520 2983 6
2541 2930 2836 3000 νομοθέτης
2863 2930 2958 2983 καὶ
2984 2930 3196 3001 κριτής.
3236 2950 3254 2981 ι
3289 2930 3419 2994 Θεὸς
3446 2928 3541 2983 οῦν
3608 2933 3725 3001 ἄρα

2137 3022 2388 3091 Χριστὸς,
2403 3022 2432 3074 6
2453 3022 2509 3074 ἐν
2525 3020 2649 3092 δόξῃ
2667 3019 2822 3085 Θεοῦ,
2839 3019 2930 3073 καὶ
2946 3019 3131 3088 θρόνον
3156 3020 3311 3090 ἔχων,
3331 3022 3420 3074 καὶ
3436 3038 3581 3091 παρε
3591 3022 3728 3074 στῶ-

469 3132 592 3171 cum
644 3117 752 3171 Deo
805 3115 974 3187 gloria
1022 3117 1251 3183 pollens,
1302 3116 2030 3186 throuumquejudiciarium

2140 3131 2234 3176 τας
2266 3112 2551 3181 ἀγγέλους,
2581 3112 2675 3166 καὶ
2715 3113 2914 3184 κρίνων
2940 3112 3037 3184 τὴν
3068 3112 3389 3183 οἰκουμένην
3414 3114 3480 3167 ὲν.
3500 3115 3719 3168 δικαιο-

468 3210 749 3275 obtinens,
803 3223 868 3263 ac
918 3208 1137 3279 angelos
1181 3209 1604 3279 circumquaque
1654 3217 1893 3263 astantes
1938 3208 2037 3263 ha-

470 3302 623 3365 bens,
656 3300 707 3354 in
733 3300 943 3368 justitia
970 3310 1239 3356 terrarum
1265 3302 1451 3357 orbem
1480 3300 1759 3369 iudicabit.

545 3433 565 3465 ι
598 3414 661 3467 Et
710 3412 961 3482 princeps
985 3414 1327 3468 sacerdotum
1380 3415 1453 3468 ait
1480 3415 1552 3467 illi
1586 3432 1601 3468 :
1631 3415 1833 3483 Adjuro
1861 3421 1912 3469 te
1940 3429 2037 3479 per

469 3506 639 3562 Deum
671 3507 884 3572 vivum,
908 3515 967 3561 ut
1000 3507 1148 3561 dicas
1171 3507 1349 3569 nobis,
1378 3507 1421 3560 si
1477 3516 1530 3558 tu
1573 3521 1634 3561 es
1667 3505 1915 3561 Christus
1944 3504 2036 3559 Fi-

470 3599 575 3652 lius
606 3598 701 3653 Dei
742 3599 869 3652 vivi.
915 3597 1056 3653 Dicit
1108 3598 1181 3652 illi
1223 3597 1380 3654 Jesus
1412 3597 1529 3653 :Tu
1574 3598 1791 3665 dixisti;
1818 3613 2039 3652 verum-

471 3700 650 3745 tamen
678 3690 801 3744 dico
850 3689 1021 3751 vobis,
1052 3688 1246 3743 amodo
1272 3689 1524 3744 videbitis
1555 3686 1750 3744 Filium
1803 3688 2036 3743 hominis

468 3782 741 3836 sedentem
778 3797 807 3835 a
842 3781 1047 3835 dextris
1098 3780 1316 3834 virtutis
1359 3780 1475 3845 Dei,
1530 3790 1584 3835 et
1639 3781 1945 3835 venientem
1979 3782 2032 3834 in

470 3871 698 3926 nubibus
731 3871 853 3926 caeli
881 3873 923 3926 ’.
955 3890 978 3923 ›
1015 3871 1292 3938 Quomodo
1321 3870 1488 3926 Filius
1528 3871 2036 3927 hominisadextris

465 3964 684 4018 virtutis
738 3962 828 4018 Dei
881 3963 1069 4018 sedet?
1109 3962 1333 4017 Planum
1399 3972 1482 4018 est
1525 3961 1620 4017 Dei
1668 3964 1900 4045 Verbum
1960 3965 2034 4019 ita

466 4054 668 4109 factum
699 4069 820 4110 esse
866 4055 1101 4109 hominis
1158 4053 1376 4118 Filium,
1408 4063 1467 4108 ut
1513 4064 1691 4108 tamen
1731 4054 1871 4110 Deus
1914 4071 2035 4111 esse

474 4160 579 4199 non
636 4145 859 4200 desierit
892 4163 905 4200 :
938 4145 1136 4200 mansit
1179 4145 1325 4200 enim
1360 4145 1501 4213 quod
1539 4155 1678 4199 erat.
1707 4144 1819 4200 Hac
1872 4146 2035 4216 igitur

477 4239 680 4293 ratione
700 4237 976 4308 generanti
1013 4237 1231 4301 assidet,
1260 4246 1314 4289 et
1347 4237 1398 4290 in
1442 4236 1746 4291 divinitatis
1776 4237 1946 4306 gloria
1980 4247 2035 4292 et

463 4316 1139 4397 majestate'conspicuum
1171 4326 1435 4389 cernitur,
1467 4324 1637 4380 etiam
1659 4326 1704 4380 si
1734 4325 1933 4381 factum
1964 4329 2034 4383 sit

461 4430 611 4470 (231³0.

535 4545 556 4578 ι
592 4525 751 4583 Jesus
772 4536 948 4581 autem
978 4526 1219 4581 clamans
1251 4542 1384 4582 voce
1437 4542 1651 4598 magna,
1684 4528 1865 4584 emisit
1908 4529 2023 4598 spi—

460 4620 646 4673 ritum.
680 4619 745 4673 Et
771 4634 899 4674 ecce
931 4620 1109 4674 velum
1166 4621 1347 4689 templi
1394 4621 1625 4676 scissum
1672 4632 1752 4676 est
1803 4624 1856 4676 in
1892 4623 2027 4678 duas

457 4719 661 4779 partes,
685 4724 715 4763 a
738 4725 953 4765 summo
981 4726 1150 4780 usque
1179 4712 1426 4767 deorsum
1448 4729 1463 4779 ;
1485 4721 1539 4766 et
1573 4722 1717 4767 terra
1742 4722 1885 4767 mota
1918 4723 2023 4775 est,

455 4808 513 4852 et
541 4808 708 4867 petra:
737 4800 924 4853 scissae
956 4810 1119 4865 sunt;
1148 4809 1201 4853 et
1230 4811 1573 4855 monumenta
1634 4812 1819 4871 aperta
1873 4811 2023 4866 sunt,

456 4898 513 4943 et
547 4888 711 4943 multa
750 4904 978 4959 corpora
1033 4901 1340 4945 sanctorum
1374 4893 1465 4961 qui
1516 4893 1870 4959 dormierant,
1898 4910 2022 4948 sur-

456 4987 714 5032 rexerunt
742 4978 809 5033 ¹⁰.
843 4997 866 5031 ›
893 4978 1006 5050 84
1026 4979 1081 5033 Si
1104 4978 1354 5036 Christus
1379 4984 1681 5038 communis
1701 4994 1817 5038 erat
1843 4986 2022 5050 homo,

455 5085 555 5125 cur
602 5070 695 5124 illo
753 5071 991 5124 animam
1046 5072 1381 5139 exspiraute,
1432 5073 1488 5128 in
1547 5073 1681 5143 ipsis
1739 5075 2026 5130 elementis

456 5170 603 5216 tanta
633 5162 833 5217 accidit
853 5163 1233 5218 conturbatio?
1256 5163 1346 5218 Sol
1366 5166 1530 5230 enim,
1558 5168 1810 5223 retractis
1833 5168 2021 5231 radiis,

451 5253 557 5307 diei
589 5253 845 5308 tenebras
867 5253 1056 5308 oﬁ‘udit
1092 5272 1107 5308 :
1146 5265 1286 5310 terra
1311 5257 1376 5311 ad
1411 5257 1524 5311 haec
1556 5256 1839 5313 Dominum
1861 5275 2016 5314 suum

447 5344 755 5400 Judzeorum
787 5345 1131 5401 contumeliis
1176 5347 1549 5418 indignissime
1592 5348 1844 5403 allectum
1888 5365 2017 5404 cou-

447 5435 679 5503 spicata,
711 5435 954 5507 disrupta
985 5446 1102 5502 est;
1133 5447 1188 5492 et
1218 5438 1337 5507 ipse
1369 5440 1585 5495 tandem
1619 5438 1861 5494 infernus
1884 5455 2016 5494 san-

445 5536 655 5580 ctorum
709 5527 920 5582 animas
972 5528 1196 5584 dimisit.
1228 5528 1293 5583 Et
1326 5528 1610 5585 cuiusnam
1660 5541 1793 5584 nutu
1827 5530 2010 5585 omnia

520 5726 539 5756 ³
569 5724 757 5782 Matth.
788 5744 899 5791 xxi,
930 5729 981 5781 9.
1060 5729 1080 5759 ⁸
1111 5729 1238 5783 ibid.
1276 5730 1361 5785 l5}.
1400 5730 1485 5784 16.

473 5797 561 5861 65,
597 5795 684 5850 64.
764 5799 806 5830 ¹⁰
842 5798 1027 5853 Matth.
1063 5815 1235 5857 xxv".
1268 5800 1455 5854 50-52.

1564 5733 1583 5763 ⁸
1618 5731 1755 5788 Psal.
1795 5747 1914 5798 vm,
1943 5731 1980 5784 9.
2013 5732 2067 5787 d.

2139 3202 2294 3275 σύνῃ.

2214 3423 2232 3456 ι
2265 3404 2373 3456 Καὶ
2392 3405 2420 3457 6
2442 3404 2748 3477 ἀρχιερεὺς,
2775 3404 2962 3475 φησιν,
2988 3398 3140 3458 εἶπεν
3163 3406 3310 3475 αὐτῷ
3329 3422 3343 3437 ο
3378 3405 3628 3477 Ὁρκίζω
3655 3426 3721 3461 σε

2137 3497 2277 3551 κατὰ
2306 3496 2399 3550 τοῦ
2436 3497 2569 3551 Θεοῦ
2594 3497 2688 3551 τοῦ
2731 3496 2950 3562 ζῶντος,
2983 3496 3069 3551 ἵνα
3098 3498 3229 3566 ἡμῖν
3263 3496 3443 3567 εἴπῃς,
3478 3500 3524 3550 εί
3562 3500 3631 3551 σὺ
3661 3496 3717 3550 εἴ

2134 3588 2164 3639 6
2196 3587 2426 3658 Χριστὸς
2445 3589 2472 3641 6
2504 3587 2629 3649 Υἱὸς
2666 3587 2760 3640 τοῦ
2782 3586 2919 3640 Θεοῦ
2953 3586 3047 3639 τοῦ
3077 3586 3300 3650 ζῶντος.
3325 3587 3489 3653 Λέγει
3517 3590 3675 3658 αὐτῷ
3702 3609 3721 3620 ο

2136 3680 2208 3731 Σὺ
2247 3673 2429 3742 εἴπαςο
2461 3678 2610 3749 Πλὴν
2637 3679 2779 3747 λέγω
2819 3681 2967 3750 ὑμῖν,
2997 3679 3200 3748 ἀπάρτι
3237 3680 3431 3749 ὄψεσθε
3462 3681 3555 3733 τὸν
3585 3683 3722 3735 Υἱδν

2136 3768 2228 3822 τοῦ
2264 3768 2551 3839 ἀνθρώπου
2581 3769 2886 3841 καθήμενον
2932 3771 2998 3823 ὲκ
3026 3770 3214 3835 δεξιῶν
3260 3772 3356 3840 τῆς
3397 3772 3719 3840 δυνάμεως,

2137 3860 2230 3913 καὶ
2256 3860 2551 3931 ἐρχόμενον
2593 3861 2686 3913 ἐπὶ
2717 3861 2826 3914 τῶν
2851 3861 3088 3930 νεφελῶν
3115 3861 3208 3914 τοῦ
3238 3862 3499 3932 οὐρανοῦ,
3529 3882 3549 3913 ›
3587 3864 3721 3926 Πῶς

2135 3956 2163 4007 ὀ
2188 3953 2314 4017 Υἱὸς
2339 3952 2434 4006 τοῦ
2465 3953 2753 4025 ἀνθρώπου
2784 3954 3017 4024 κάθηται
3070 3955 3135 4009 ὲκ
3176 3955 3363 4022 δεξιῶν
3407 3956 3505 4025 τῆς
3547 3956 3721 4010 δυνά,-

2141 4064 2313 4117 μεως;
2365 4045 2502 4098 Ἀλλ’
2533 4046 2646 4100 ἔστι
2676 4046 2858 4114 δῆλον,
2887 4046 2966 4099 ὅτι
3000 4046 3100 4100 κᾶν
3130 4048 3179 4099 εἰ
3207 4047 3427 4115 γέγονεν
3458 4047 3588 4110 Υἱὸς
3614 4048 3723 4100 τοῦ

2135 4138 2421 4209 ἀνθρώπου
2473 4139 2501 4191 ὁ
2549 4139 2612 4190 ὲκ
2653 4137 2788 4191 Θεοῦ
2827 4138 3020 4206 Λόγος,
3047 4138 3107 4193 οὐ
3140 4138 3413 4190 πέπαυται
3441 4138 3537 4189 τοῦ
3570 4136 3720 4192 εἶναι

2135 4233 2286 4295 Θεὸς,
2332 4231 2444 4285 ἀλλ’
2478 4230 2625 4284 ἔστιν
2666 4231 2699 4283 ὃ.
2739 4227 2838 4302 ἦν’
2866 4232 3121 4302 ταύτητοι
3149 4232 3242 4284 καὶ
3286 4230 3600 4300 συνεδρεύει
3631 4234 3719 4300 τῷ

2135 4322 2383 4391 φύσαντι,
2412 4321 2506 4373 καὶ
2530 4322 2586 4373 ὲν
2613 4324 2727 4383 τοῖς
2755 4322 2855 4391 τῆς
2883 4320 3132 4390 θεότητος
3160 4320 3458 4391 ἀξιώμασιν
3491 4324 3714 4392 εμπρέ-

2135 4431 2252 4466 πων
2279 4414 2493 4484 ὁρᾶται,
2520 4412 2624 4465 κᾶν
2649 4412 2698 4464 εἰ
2721 4412 2910 4481 γέγονε
2945 4412 3102 4483 σάρξ.

2212 4543 2230 4575 ι
2255 4524 2311 4577 ’0
2349 4523 2407 4576 δὲ
2441 4523 2649 4594 Ἰησοῦς
2700 4524 2908 4594 κράξας
2954 4527 3105 4594 φωνῇ
3155 4533 3383 4594 μεγαλῃ,
3417 4524 3601 4593 ἀφῆκε
3644 4526 3725 4577 τὸ

2135 4616 2376 4685 πνεῦμα.
2406 4616 2517 4668 Καὶ
2557 4614 2665 4667 ἰδοὺ
2716 4616 2777 4669 τὸ
2828 4613 3225 4684 καταπέτασμα
3271 4614 3364 4667 τοῦ
3392 4614 3522 4669 ναοῦ
3552 4616 3708 4684 Eax-1-

2135 4708 2232 4779 σθη
2271 4708 2351 4771 εἰς
2394 4706 2507 4771 δύο,
2539 4706 2749 4762 ἄνωθεν
2793 4706 2899 4771 ἓως
2944 4708 3123 4760 κὰτω’
3150 4708 3243 4760 καὶ
3281 4710 3312 4775 ἠ
3352 4708 3421 4775 γῆ
3449 4709 3719 4778 ἐσείσθη,

2134 4799 2227 4852 καὶ
2255 4800 2309 4851 αἱ
2338 4800 2535 4870 πέτραι
2570 4798 2916 4868 ἐσχίσθησαν,
2951 4800 3045 4852 καὶ
3070 4799 3137 4851 τὰ
3169 4801 3408 4869 μνημεῖα
3427 4799 3715 4871 ἀνεῴχθη-

2134 4909 2251 4955 σαν,
2302 4893 2395 4945 κα)⁸
2442 4890 2611 4945 πολλὰ
2653 4889 2888 4961 σώματα.
2930 4889 3038 4943 τῶν
3067 4890 3479 4959 κεκοιμημένων
3524 4891 3717 4955 ἀγὲων

2125 4983 2448 5053 ἀνέστησαν.
2477 5001 2505 5034 ι
2531 4983 2592 5036 Εἰ
2617 4981 2793 5042 κοινὸς
2820 4980 3103 5051 ἄνθρωπος
3128 4977 3250 5050 ἦνρό
3274 4980 3532 5050 Χριστὸς.
3556 4979 3709 5041 πῶς,

2122 5073 2416 5135 τεθνεῶτος
2448 5072 2634 5134 αὑτοῦ,
2662 5070 2915 5134 τοσοῦτος
2961 5067 3029 5141 ἦν
3080 5073 3139 5123 ὲν
3189 5073 3301 5132 τοῖς
3352 5071 3641 5138 στοιχείοις
3676 5076 3719 5125 6

2123 5164 2378 5235 θόρυϐος
2421 5166 2479 5217 Ὁ
2508 5164 2605 5234 μὲν
2637 5164 2746 5235 γὰρ
2790 5164 2940 5231 ἥλιος
2979 5162 3076 5233 τὴν
3116 5165 3311 5218 ἀκτῖνα
3360 5162 3711 5225 συνέστειλε,

2122 5260 2215 5310 καὶ
2244 5259 2301 5309 ὲν
2334 5258 2516 5327 ἡμέρα
2547 5255 2737 5317 σκότος
2768 5257 3063 5325 εἰργάσατο
3082 5270 3096 5285 ο
3132 5255 3165 5324 ἡ
3194 5254 3250 5307 δὲ
3281 5253 3349 5322 γῆ
3377 5254 3467 5305 τὸν
3491 5255 3709 5325 ἑαυτῆς

2128 5352 2190 5401 Δε
2202 5349 2403 5418 σπότην
2428 5348 2611 5419 όρῶσα
2633 5346 2736 5400 ὑπὸ
2757 5347 2862 5399 τῶν
2888 5344 3153 5399 Ἰουδαίων
3169 5346 3712 5415 ὲμπαροινούμενον,

2126 5440 2402 5509 ἐσχίζετο·
2452 5440 2629 5508 ἀφῆκε
2656 5439 2713 5491 δὲ
2753 5441 2780 5492 6
2820 5439 2953 5509 ᾅδης
2998 5440 3094 5499 τὰς
3142 5439 3251 5490 τῶν
3290 5439 3463 5505 ἁγίων
3490 5439 3707 5508 ψυχάς.

2125 5532 2281 5595 Τίνος
2304 5531 2475 5584 ταῦτα
2510 5530 2824 5597 ποιοῦντος;
2852 5527 2960 5601 ἆρα
2985 5532 3105 5601 οὐχὶ
3128 5530 3299 5597 Θεοῦ;
3337 5532 3467 5596 Θεὸς
3498 5533 3605 5603 γὰρ
3639 5532 3710 5607 ἧς,

3258 5731 3278 5760 ⁹
3312 5729 3504 5785 Matth.
3549 5749 3641 5786 ιιι
3665 5752 3699 5792 t.

2144 5732 2163 5764 ⁷
2198 5729 2385 5785 Matth.
2423 5743 2545 5794 xxv,
2580 5729 2666 5782 3|.
2746 5731 2767 5761 ⁸
2806 5727 2921 5784 Jac.
2958 5745 3027 5797 tv,
3083 5728 3165 5784 ii.
