4044 6332
320 297 458 353 1269

1411 294 1500 350 DE
1539 292 1770 349 BECTA
1811 292 1969 349 FIDE
2009 289 2099 347 Α-ι)
2138 287 2471 345 ιιΕαιΝΑδ.

3420 282 3556 337 1270

315 411 374 467 ἐν
406 411 588 482 σαρκὶ,
618 403 663 478 ᾧ
694 411 788 465 καί⁸
828 411 861 483 ή
903 411 1078 475 κτίσις
1126 409 1477 484 ὑϐριζομένῳ
1516 411 1715 483 τρόπον
1764 410 1886 464 τινὰ

1990 408 2102 463 haec
2134 406 2377 461 ﬁebant?
2399 418 2581 459 nonne
2608 401 2747 457 Dei?
2780 401 2920 457 Deus
2952 401 3096 455 enim
3125 411 3241 456 erat
3272 400 3325 456 in
3370 416 3556 466 carne,

318 502 704 573 συνωργίζετο.

526 787 624 840 Ἐκ
666 787 770 842 τοῦ
808 786 956 841 κατὰ
995 785 1274 856 Ἰωάννην
1310 790 1699 859 Εὐαγγελίουι

394 915 416 950 ι
445 896 616 962 Αὐτὸς
641 898 699 952 δὲ
728 902 757 954 6
793 898 998 970 Ἰησοῦς
1025 900 1125 952 οὑκ
1159 899 1443 955 ἐπίστευεν
1484 900 1646 954 αὑτὸν
1679 901 1883 964 αὐτοῖς,

319 989 411 1044 διὰ.
450 992 513 1043 τὸ
556 990 717 1045 αὑτὸν
748 993 1037 1061 γινώσκειν
1081 993 1292 1046 πάντα·
1324 993 1421 1046 καὶ
1468 993 1551 1046 ὅτι
1601 993 1660 1045 οὑ
1698 992 1886 1062 χρείαν

322 1076 488 1152 εἶχεν,
519 1084 605 1136 ἵνα
629 1100 714 1146 τις
740 1083 1066 1155 μαρτυρήσῃ
1095 1088 1225 1154 περὶ
1252 1084 1347 1137 τοῦ
1378 1082 1670 1155 ἀνθρώπου
1688 1101 1701 1114 ο
1725 1084 1886 1148 αὐτὸς

320 1175 429 1243 γὰρ
468 1174 750 1242 ἐγίνωσκε,
777 1174 830 1226 τί
861 1169 929 1245 ἦν
962 1176 1020 1227 ἐν
1060 1174 1139 1245 τῷ
1178 1174 1470 1246 ἀνθρώπῳ.
1507 1195 1525 1227 ›
1572 1178 1706 1245 Περί
1752 1176 1885 1229 θεοῦ

320 1264 649 1336 γέγραπται,
675 1267 757 1319 ὅτι
804 1285 822 1318 t
845 1265 903 1320 '0
931 1266 1138 1330 πλάσας
1168 1266 1479 1338 καταμόνας
1508 1270 1619 1331 id;
1665 1267 1887 1339 καρδίας

320 1356 518 1410 αὑτῶν.
547 1375 566 1409 ι
622 1358 729 1410 Καὶ
779 1358 941 1422 αὑτὸς
989 1358 1048 1411 δέ
1085 1359 1187 1411 πού
1238 1375 1393 1429 φησισ
1454 1378 1471 1410 ι
1502 1358 1593 1431 Μὴ
1630 1360 1725 1412 ἀπ’
1750 1358 1885 1429 ἐμοῦ

318 1446 655 1516 κρυϐήσεταί
700 1463 787 1512 τις
824 1466 845 1500 ι
893 1449 958 1502 Εἰ
1006 1448 1065 1501 δὲ
1109 1449 1286 1503 πάντα
1316 1450 1549 1520 Χριστὸς
1578 1450 1886 1514 ἐπίσταται,

318 1538 412 1590 καὶ
440 1535 547 1591 οἶδε
576 1537 645 1591 τὰ
665 1539 773 1593 ,τοῦ
808 1538 1120 1610 ἀνθρώπου,
1148 1541 1266 1605 πῶς
1294 1541 1394 1595 οὑκ
1424 1542 1489 1595 ἂν
1520 1541 1606 1612 εἴη
1634 1541 1785 1606 Θεὸς,
1810 1542 1885 1606 ὡς

318 1627 567 1697 καρδίας
593 1628 809 1689 ἐτάζων
840 1629 939 1684 καὶ
966 1632 1261 1700 νεφρούς

389 1819 408 1853 t
431 1801 622 1872 Ὑμεῖς
660 1805 1016 1872 προσκυνεῖτε
1063 1802 1092 1856 ὃ
1141 1804 1241 1857 οὐκ
1284 1803 1483 1867 οἴδατε,
1515 1806 1674 1876 ἡμεῖς
1712 1821 1882 1869 προσ-
1918 1789 1959 1845 Β

314 1892 586 1963 κυνοῦμεν
614 1893 642 1946 ὃ
670 1894 893 1964 οἴδαμεν
912 1912 925 1925 ·
956 1895 1036 1947 ὅτι
1064 1895 1097 1965 ἡ
1126 1894 1368 1965 σωτηρία
1396 1897 1459 1948 ἐκ
1484 1895 1591 1947 τῶν
1615 1884 1884 1948 Ἰουδαίων

314 1985 483 2037 ἐστίν.
513 2004 531 2036 ι
552 1984 815 2049 Ἀκούεις,
846 1986 929 2038 ὃτι
958 1985 1056 2056 τὴν
1088 1986 1355 2056 σωτηρίαν
1387 1987 1449 2038 ἐκ
1478 1986 1587 2039 τῶν
1620 1986 1884 2040 Ἰουδαίων

313 2069 453 2128 εἷναί
495 2093 671 2149 φησις
724 2075 915 2130 Καίτοι
968 2076 1194 2147 Σωτῆρα
1244 2078 1376 2131 Θεὸν
1419 2077 1887 2149 ἐπεγραψάμεθαν

315 2165 521 2218 σέσωκε
564 2166 673 2237 γὰρ
721 2168 871 2236 ἡμᾶς
915 2166 975 2219 οὐ
1022 2166 1283 2238 πρέσϐυς,
1324 2168 1427 2220 οὑκ
1466 2166 1715 2235 ἄγγελος,
1758 2168 1895 2222 ἀλλ’

313 2256 473 2319 αὐτὸς
509 2256 537 2308 6
569 2256 790 2328 Κύριος,
825 2258 965 2312 κατὰ
1009 2258 1107 2321 τὰς
1155 2258 1735 2329 Γραφάς.Ὤνόμασται
1777 2259 1885 2332 γὰρ

314 2347 547 2417 Χριστὸς
593 2346 835 2420 Ἰησοῦς,
886 2347 1124 2418 γεγονὼς
1170 2351 1229 2416 ἐξ
1278 2350 1544 2405 Ἰουδαίων
1587 2351 1729 2404 κατὰ
1786 2353 1886 2423 τὴν

314 2438 511 2506 σάρκα.
529 2437 735 2508 Ἰησοῦς
769 2454 835 2508 γε
868 2439 972 2510 μήν
1015 2437 1372 2509 ἑρμηνεύεται
1402 2438 1687 2506 σωτηρία.
1714 2438 1885 2502 Αὐτὸς

312 2524 406 2583 οὖν
430 2529 537 2601 ἄρα
565 2531 713 2584 ἐστὶν
742 2531 777 2602 ή
798 2531 863 2585 ἐκ
886 2530 997 2584 τῶν
1030 2529 1297 2584 Ἰουδαίων
1328 2529 1761 2601 σωτηρία.Ὥστε
1783 2528 1886 2583 κᾶν

315 2620 365 2673 εἰ
412 2620 603 2689 γέγονε
651 2620 787 2693 σὰρξ
828 2623 858 2675 6
900 2621 1090 2689 Λόγος,
1121 2621 1215 2674 καὶ
1244 2619 1539 2674 ἐπελάϐετο
1571 2620 1886 2692 σπέρματος

328 2711 596 2785 Ἀϐρααμ,
631 2711 765 2777 Θεός
790 2714 907 2767 ἐστι
936 2712 1031 2767 καὶ
1063 2711 1202 2783 μετὰ
1230 2711 1451 2783 σαρκός.

392 3000 411 3033 ι
432 2981 625 3053 Ἀμὴν,
659 2978 806 3052 ἀμήν
831 2979 973 3051 λέγω
1002 2979 1152 3052 ὑμῖν,
1199 2982 1227 3035 6
1261 2981 1531 3035 πιστεύων
1557 2983 1637 3044 εἰς
1667 2982 1786 3052 ἐμὲ,
1816 2979 1885 3033 τὰ

317 3071 452 3143 ἔργα
502 3072 538 3127 ἃ
588 3071 700 3142 ἐγὼ
756 3073 918 3139 ποιῶ,
946 3073 1197 3136 κάκεῖνος
1243 3073 1480 3143 ποιήσει,
1518 3072 1615 3126 καὶ
1663 3072 1886 3141 μείζονα

316 3142 523 3218 τούτων
574 3166 825 3235 ποιήσει’
883 3165 966 3219 ὅτι
1016 3163 1126 3234 ἐγὼ
1173 3164 1312 3235 πρὸς
1360 3142 1462 3218 τὸν
1508 3164 1724 3236 Πατέρα
1783 3182 1885 3235 μου
1914 3142 1960 3205 (ἶ

318 3257 635 3331 πορεύομαι.
663 3257 774 3311 Καὶ
794 3259 821 3311 ὅ
846 3275 900 3311 τι
936 3258 1002 3311 ἂν
1034 3259 1294 3327 αἰτήσητε
1328 3258 1386 3311 ἐν
1410 3256 1488 3328 τῷ
1513 3248 1735 3327 ὀνόματί
1760 3274 1883 3327 μου,

315 3349 469 3403 τοῦτο
497 3349 724 3421 ποιήσω.
756 3369 775 3401 ι
805 3348 1123 3420 Πορεύεται,
1146 3350 1298 3419 φησὶ,
1330 3350 1463 3420 πρὸς
1483 3349 1575 3402 τὸν
1601 3349 1818 3420 Πατέρα
1838 3352 1886 3415 ε,

318 3441 491 3495 καίτοι
541 3441 701 3509 φύσει
750 3441 883 3506 Θεὸς
916 3441 1176 3513 ὑπάρχων
1200 3442 1231 3494 ὁ
1264 3441 1410 3505 Υἱὸς,
1436 3442 1529 3494 καὶ
1562 3441 1722 3505 αὑτὸς
1751 3440 1826 3494 ὢν
1858 3445 1887 3495 6

318 3535 493 3587 πάντα
526 3533 766 3604 πληρῶν.
806 3533 1098 3603 Πορεύεται
1132 3535 1239 3605 γὰρ
1272 3534 1662 3605 ἀνθρωπίνως·
1695 3535 1887 3604 ἀνελή-

317 3627 424 3697 φθη
458 3626 567 3697 γὰρ
595 3628 675 3690 εἰς
698 3626 790 3679 τὸν
815 3627 1059 3697 οὐρανόν.
1078 3626 1216 3679 Ἀλλ’
1239 3626 1314 3689 ὡς
1339 3625 1471 3688 Θεὸς
1497 3626 1887 3695 ἐπαγγέλλεται

318 3718 555 3791 πληροῦν
586 3718 656 3771 τὰ
684 3719 961 3790 αἰτήματα
1006 3718 1115 3772 τῶν
1148 3718 1618 3790 προσευχομένων,
1648 3721 1695 3772 εἰ
1723 3720 1782 3772 ὲν
1810 3718 1889 3789 τῷ

317 3812 540 3882 ὀνόματι
574 3813 739 3866 αὑτοῦ
768 3816 1003 3866 ποιοῖντο
1033 3812 1131 3875 τὰς
1158 3811 1328 3875 λιτάς.
1365 3807 1499 3865 Εἶτα
1535 3812 1641 3865 τίνι
1669 3812 1734 3865 ἂν
1754 3812 1887 3884 πρέ-

320 3916 409 3953 ποι
444 3901 640 3973 μᾶλλον
669 3904 729 3956 τὸ
762 3902 1003 3975 πληροῦν
1041 3903 1207 3974 εὐχὰς
1244 3904 1436 3973 ἁγίων,
1458 3905 1552 3959 καὶ
1571 3902 1887 3975 χαρίζεσθαι

319 3989 388 4042 τὰ
428 3996 725 4069 αἰτήματα,
761 3994 900 4066 πλὴν
950 3996 1033 4049 ὅτι
1082 3997 1229 4066 μόνῳ
1274 3994 1353 4066 τῷ
1398 3996 1539 4050 κατὰ
1589 3996 1749 4064 φύσιν
1791 3995 1888 4048 καὶ

323 4083 535 4153 ἀληθῶς
560 4087 673 4140 ὄντι
710 4087 831 4157 Θεῷ
852 4105 867 4154 ;

400 4194 418 4227 t
451 4180 555 4250 ῦὺχ
586 4181 741 4249 ὑμεῖς
778 4198 845 4251 με
887 4180 1220 4245 ἐξελέξασθε,
1260 4181 1374 4234 ἀλλ’
1402 4179 1514 4249 ἐγὼ
1558 4176 1888 4251 ἐξελεξάμην

324 4268 469 4336 ὑμᾶς
492 4272 582 4324 καὶ
614 4271 786 4342 ἔθηκα
816 4272 981 4342 ὑμᾶς,
1010 4272 1099 4325 ἵνα
1125 4273 1283 4343 ὑμεῖς
1310 4272 1578 4341 ὑπάγητε,
1610 4271 1705 4323 καὶ
1750 4286 1889 4340 καρυ

329 4358 429 4410 πὸν
460 4362 677 4432 φέρητε,
715 4363 808 4416 καὶ
836 4364 863 4415 6
894 4364 1103 4435 καρπὸς
1138 4363 1292 4434 ὑμῶν
1334 4363 1521 4435 μείντγ
1557 4363 1642 4413 ἵνα
1676 4363 1702 4414 ὅ
1738 4378 1790 4413 τι
1822 4361 1888 4414 ἂν

1989 514 2097 568 quo
2128 508 2234 553 tam
2283 496 2673 553 contumeliose
2730 505 2984 559 tractato,
3015 495 3130 563 ipsa
3164 509 3379 565 quoque
3406 510 3553 548 erea-

1991 599 2111 643 tura
2165 588 2560 659 quodammodo
2626 587 2704 640 ira
2761 595 2815 640 et
2870 585 3238 656 indignatione
3292 585 3556 641 eﬂéreba-

1990 691 2043 734 ῐυ
2052 696 2099 734 Γ.

2260 785 2343 839 Ea:
2377 785 2658 855 Evangelia
2686 788 2967 839 secundum
2992 785 3271 839 Joannem.

2064 916 2083 951 ι
2111 897 2268 955 Jesus
2315 908 2493 954 autem
2521 915 2624 953 non
2664 898 2924 953 credebat
2967 900 3321 969 semetipsum
3361 900 3469 964 eis,
3496 914 3565 954 eo

1987 992 2129 1060 quod
2176 992 2291 1060 ipse
2324 1002 2511 1046 nosset
2540 1005 2751 1054 omnes,
2789 999 2843 1043 et
2891 990 3017 1060 quia
3048 1006 3182 1060 Opus
3226 991 3285 1045 ei'
3309 1007 3413 1046 non
3444 1003 3561 1047 erat

1988 1094 2044 1136 ut
2090 1081 2213 1153 quis
2272 1084 2641 1136 testimonium
2697 1081 3010 1151 perhiberet
3060 1082 3125 1137 de
3172 1084 3410 1137 homine.
3441 1084 3560 1152 Ipse

1987 1175 2131 1230 enim
2166 1174 2393 1241 sciebat,
2435 1174 2565 1243 quid
2615 1185 2761 1228 esset
2808 1175 2860 1228 in
2916 1174 3133 1229 homine
3166 1176 3232 1229 ¹¹.
3274 1193 3293 1226 ι
3334 1175 3408 1230 De
3452 1176 3560 1230 Deo

1987 1263 2243 1332 scriptum
2304 1274 2536 1318 exstat:
2592 1283 2611 1315 ι
2673 1264 2777 1330 Qui
2844 1264 2999 1318 li‘nxit
3046 1264 3324 1335 sigillatim
3394 1268 3556 1321 corda

1986 1367 2173 1408 eorum
2209 1355 2271 1408 η.
2311 1373 2328 1406 ›
2365 1355 2431 1409 Et
2463 1356 2577 1425 ipse
2609 1355 2737 1409 alibi
2761 1341 2837 1409 ait
2865 1371 2880 1410 :
2922 1373 2947 1406 ι
2973 1354 3089 1409 Non
3130 1354 3396 1410 celabitur
3422 1371 3450 1409 a
3474 1372 3559 1412 me

1986 1445 2207 1500 omnino
2260 1447 2551 1515 quidquam
2582 1446 2649 1500 η.
2720 1464 2739 1497 ι
2800 1446 2856 1501 Si
2911 1461 3039 1515 ergo
3075 1446 3325 1501 Christus
3378 1449 3560 1502 omnia

1986 1536 2255 1609 intelligit,
2278 1547 2332 1593 et
2352 1539 2528 1593 omnia
2562 1552 2679 1607 quae
2696 1546 2821 1592 sunt
2845 1538 2896 1591 in
2924 1536 3145 1591 homine
3172 1546 3363 1591 exacte
3391 1539 3557 1603 novit,

1988 1639 2171 1700 utpote
2190 1641 2431 1685 scrutans
2457 1647 2636 1685 eorum
2660 1630 2825 1684 corda
2863 1639 2911 1683 et
2958 1645 3125 1695 renes,
3154 1628 3425 1699 quomodo
3453 1644 3557 1683 non

1987 1732 2070 1778 est
2094 1721 2287 1777 Deus?‘

2069 1831 2088 1865 ι
2122 1812 2226 1868 Vos
2264 1813 2501 1867 adoratis
2530 1811 2673 1881 quod
2708 1810 2950 1873 nescitis,
2977 1825 3076 1864 nos
3104 1808 3394 1863 adoramus
3418 1809 3571 1877 quod.

1990 1904 2195 1959 scimus
2233 1917 2248 1957 :
2286 1904 2542 1973 quoniam
2589 1903 2738 1958 salus
2774 1917 2838 1956 ex
2871 1900 3079 1956 Jttdaeis
3127 1908 3210 1954 est
3238 1898 3306 1952 ν’.
3337 1917 3359 1949 ›
3391 1898 3571 1952 Audis

1988 1994 2217 2049 salutem
2273 2009 2335 2049 ex
2383 1992 2585 2047 Iudzeis
2637 2006 2759 2047 esse
2814 1989 3357 2058 asserentem.Atqui
3394 1988 3561 2042 Deum

1991 2085 2327 2140 Salvatorem
2363 2084 2520 2138 nobis
2566 2082 2940 2151 ascripsimus,
2966 2083 3126 2150 eique
3155 2080 3370 2134 nomina
3407 2080 3563 2132 dedi-

1992 2191 2132 2232 ntus.
2173 2174 2413 2229 Salvavit
2444 2174 2588 2229 enim
2617 2188 2715 2228 nos
2758 2188 2862 2227 non
2895 2172 3127 2241 legatus,
3156 2187 3265 2227 non
3314 2172 3559 2241 angelus,

1990 2266 2085 2321 sed
2149 2264 2411 2321 Dominus
2458 2265 2617 2333 ipse,
2683 2262 2978 2319 secundum
3029 2261 3340 2330 Scripturas
3380 2260 3443 2314 ⁸⁸.
3494 2264 3563 2314 At

1989 2357 2237 2413 Christus
2285 2357 2375 2426 qui
2423 2355 2719 2411 secundum
2769 2368 2987 2409 carnem
3020 2367 3088 2407 ex
3141 2349 3341 2407 Iudaeis
3402 2359 3561 2405 natus

1990 2460 2094 2518 est,
2127 2451 2252 2508 Jesu
2311 2464 2503 2506 nomen
2540 2448 2766 2504 sortitus
2810 2457 2910 2503 est.
2946 2445 3075 2501 Jesu
3116 2456 3294 2500 autem
3349 2460 3546 2500 nomen

1991 2538 2405 2607 interpretatum
2444 2535 2669 2589 salutem
2721 2544 2900 2589 sonat.
2926 2535 3044 2604 Ipse
3078 2536 3260 2603 itaque
3313 2533 3569 2588 Christus

1991 2636 2074 2682 eat
2101 2625 2250 2680 salus
2283 2625 2394 2689 illa,
2435 2641 2557 2695 qua:
2593 2639 2663 2679 ex
2701 2624 2900 2680 Judacis
2963 2624 3205 2694 profecta
3232 2635 3333 2681 est.
3361 2626 3562 2692 Quam-

1990 2717 2181 2772 obrem
2234 2717 2360 2771 licet
2418 2715 2655 2771 Verbum
2706 2732 2835 2773 caro
2900 2715 3099 2770 factum
3156 2716 3246 2781 sit,
3266 2724 3319 2770 et
3376 2731 3568 2771 semen

1991 2809 2225 2864 Abrahae
2290 2807 2743 2877 apprehenderit;
2803 2807 2947 2862 Deus
3019 2806 3367 2863 nihilominus
3436 2823 3560 2862 cum

1992 2910 2267 2971 assumpta
2299 2914 2463 2955 carne
2491 2898 2810 2969 permansit.

2077 3012 2096 3045 ε
2119 2992 2310 3057 Amen,
2335 3006 2490 3046 amen
2515 2989 2636 3045 dico
2664 2990 2836 3055 vobis,
2859 2989 2949 3059 qui
2979 2989 3151 3045 credit
3187 2990 3239 3044 in
3265 3005 3369 3054 me,
3395 3004 3561 3055 opera

1992 3100 2115 3155 qute
2181 3098 2282 3155 ego
2338 3082 2501 3148 facio,
2525 3092 2580 3138 et
2623 3083 2739 3152 ipse
2791 3080 2976 3147 faciet,
3010 3091 3063 3135 et
3110 3079 3312 3148 majora
3367 3082 3558 3135 horum

1990 3175 2326 3244 facietzquia
2352 3188 2452 3243 ego
2493 3173 2631 3227 vado
2676 3172 2745 3227 ad
2795 3170 3007 3226 Patrem
3044 3189 3059 3225 :
3094 3180 3148 3226 et
3204 3169 3561 3239 quodcunque

1991 3267 2254 3337 petieritis
2291 3267 2342 3320 in
2370 3266 2588 3319 nomine
2634 3278 2777 3331 meo,
2812 3264 2916 3318 hoc
2976 3263 3169 3317 faciam
3204 3262 3269 3315 “.
3304 3280 3323 3314 ι
3348 3263 3426 3315 Ad
3453 3260 3558 3315 Pa-

1993 3371 2127 3414 trem
2157 3374 2215 3415 se
2249 3359 2401 3413 abire
2439 3357 2745 3420 denuntiat,
2781 3371 2902 3410 cum
2953 3365 3132 3408 tamen
3186 3354 3325 3407 Deus
3369 3364 3567 3406 natura

1990 3450 2160 3505 Filius
2198 3452 2289 3514 sit,
2318 3450 2541 3517 ipseque
2586 3447 2765 3500 omnia
2811 3443 3051 3513 impleat.
3107 3444 3365 3498 Abscedit
3415 3445 3557 3497 enim

1993 3539 2291 3596 secundum
2356 3540 2648 3593 humanam
2704 3542 2980 3589 naturam.
3026 3533 3097 3587 At
3151 3547 3282 3586 vero
3329 3530 3454 3586 licet
3504 3543 3567 3584 ut

1992 3632 2153 3686 homo
2208 3630 2261 3683 in
2317 3628 2514 3682 coelum
2559 3636 2867 3695 assumptus
2901 3625 3013 3689 sit,
3056 3632 3113 3677 nt
3174 3622 3314 3678 Deus
3380 3632 3559 3676 tamen

1989 3720 2287 3789 supplicum
2312 3730 2432 3774 v0ta
2453 3732 2510 3773 se
2532 3717 2840 3771 auditurum
2868 3715 3162 3786 promittit,
3191 3715 3235 3768 si
3262 3715 3312 3768 in
3338 3715 3565 3767 nomine

1990 3813 2135 3867 illius
2164 3809 2605 3880 supplicaverint.
2633 3806 2751 3861 Jam
2781 3806 2888 3868 cui.
2924 3821 3129 3877 quasso,
3159 3806 3337 3860 verius
3360 3820 3560 3859 conve-

1989 3903 2406 3957 nitsanctorum
2442 3898 2727 3968 postulatis
2763 3896 3103 3962 satisfacere,
3123 3894 3232 3966 85
3263 3910 3563 3964 eorumque

1990 3994 2131 4048 v01is
2159 4006 2223 4047 ac
2244 3989 2532 4046 desideriis
2563 3988 2913 4059 respondere,
2947 4002 3111 4058 quam
3140 3987 3239 4041 soli
3283 4001 3347 4041 ac
3381 3987 3586 4041 nativo.

1991 4085 2100 4139 Deo
2112 4084 2137 4137 ‘i

2070 4194 2091 4227 ι
2132 4174 2247 4230 Non
2277 4189 2373 4230 vos
2396 4189 2481 4229 me
2510 4172 2771 4244 elegistis,
2790 4172 2882 4228 sed
2905 4186 3005 4242 ego
3040 4170 3175 4242 elegi
3195 4178 3383 4235 vos,et
3408 4172 3583 4240 posui»

1991 4283 2087 4323 vos
2113 4277 2172 4322 ut
2196 4268 2359 4332 eatis,
2405 4276 2459 4321 et
2509 4265 2745 4320 fructum
2772 4264 3032 4328 aiieratis,
3059 4272 3113 4317 et
3140 4263 3347 4317 fructus
3380 4277 3561 4317 vester

1996 4368 2329 4423 maneat;ut
2381 4358 2740 4427 quodcunque
2794 4355 3058 4425 petieritis
3106 4353 3319 4407 Patrem
3366 4354 3426 4405 in
3462 4368 3576 4406 no-.

325 4447 578 4520 αἰτήσητε
627 4451 717 4503 τὸν
759 4451 977 4521 Πατέρα
1016 4454 1074 4505 ἐν
1115 4451 1192 4522 τῷ
1232 4451 1455 4522 ὀνόματί
1497 4467 1629 4520 μου,
1664 4448 1875 4521 δ’ῖ[σει]

1998 4454 2141 4506 mine
2179 4465 2316 4516 meo,
2356 4450 2446 4504 det
2471 4448 2621 4503 vobis
2653 4449 2718 4503 ".
2755 4468 2774 4499 ι
2810 4448 2886 4500 En
2941 4446 3055 4516 pari
3106 4459 3165 4510 se
3213 4459 3333 4499 cum
3370 4442 3477 4497 Deo
3508 4453 3583 4497 ct-

326 4539 476 4609 ὑμῖν.
500 4562 515 4587 ι
537 4542 667 4596 Ἰδοὺ
699 4543 973 4614 πανταχοῦ
1010 4544 1282 4597 δείκνυσιν
1316 4545 1397 4597 ὅτι
1425 4542 1493 4597 τὰ
1521 4544 1610 4596 ἴσα
1655 4542 1771 4612 μετ’
1798 4541 1885 4608 ἐξ-

326 4631 514 4709 ουσίας
534 4638 742 4709 ἳνεργεῖ
772 4636 848 4708 τῷ
874 4635 1047 4707 Πατρί
1064 4637 1367 4705 ιι.Ἐςρασκε
1395 4635 1523 4707 γὰρ,
1553 4635 1633 4687 ὃτι
1668 4653 1685 4685 t
1703 4635 1768 4686 Ὃ
1790 4633 1885 4686 ἐὰν

328 4704 770 4801 αἰῖήσητεένντῷ
794 4704 1016 4800 ὀνόματί
1047 4746 1172 4799 μου,
1200 4730 1407 4800 ποιήσω
1427 4745 1440 4758 ·
1531 4726 1647 4779 νυνὶ
1686 4725 1744 4778 δέ
1778 4743 1884 4795 φη-

332 4835 415 4871 σιν
435 4833 448 4846 ·
492 4818 590 4869 (Ἴ)
614 4832 651 4874 ἰ
684 4821 779 4876 ἐὰν
805 4824 1063 4893 αἰτήσητε
1093 4821 1183 4874 τὸν
1216 4822 1437 4892 Πατέρα
1474 4821 1532 4872 ἐν
1559 4818 1635 4890 τῷ
1662 4819 1886 4888 ὀνόματί

336 4926 437 4980 μου
455 4950 468 4973 ,
493 4906 682 4977 δῷῖσεῧ
714 4915 860 4983 ὑμῖν.
895 4932 914 4964 ι
934 4909 1080 4984 Ἀρα
1101 4909 1195 4967 οὖν
1229 4913 1335 4984 ἰδίᾳ
1357 4913 1457 4984 μὲν
1484 4911 1697 4964 δίδωσιν
1721 4912 1748 4963 ὁ
1775 4912 1887 4963 Πα-

333 5004 439 5074 τὴρ
460 5001 582 5071 δίχα
605 4999 699 5053 τοῦ
714 5006 865 5071 Υἰοῦ,
890 5007 995 5078 ἰδίᾳ
1026 5008 1083 5060 δὲ
1106 5007 1201 5079 καὶ
1233 5006 1339 5059 ἀνὰ
1362 5005 1528 5076 μέρος
1551 5006 1578 5057 ὁ
1606 5003 1734 5066 Υἱὸς
1764 5002 1887 5073 δίχα

335 5094 429 5148 τοῦ
457 5092 667 5164 Πατρός
682 5108 696 5155 ζ
725 5097 915 5153 ωκοῦν
942 5098 1094 5169 παρὰ
1120 5097 1213 5151 δύο
1236 5096 1375 5150 θεῶν
1397 5098 1507 5159 τοῖς
1528 5095 1702 5162 ἁγίοις
1730 5094 1800 5147 τὰ
1825 5093 1885 5145 ἐν

337 5188 520 5258 εὐχαῖς
554 5184 846 5258 αἰτήμαυις
888 5191 1028 5245 Ἀλλ’
1061 5192 1159 5263 οὑχ
1202 5188 1374 5253 οὓτως
1409 5187 1525 5258 ἔχει
1565 5185 1775 5241 ταῦτα’
1811 5182 1886 5255 μὴ

1993 4543 2155 4598 Patre
2203 4551 2469 4612 potestate
2500 4539 2720 4610 pollere,
2766 4538 3024 4607 pariaque
3073 4536 3249 4589 eidem
3300 4543 3587 4601 praestare

1993 4650 2149 4706 posse
2166 4648 2433 4702 nusquam
2471 4649 2574 4686 non
2601 4630 2862 4685 inculcat.
2887 4628 3106 4683 Dixerat
3131 4626 3273 4680 enim
3299 4643 3311 4679 :
3338 4643 3357 4676 ‹
3380 4626 3562 4690 Quod-

1993 4741 2205 4797 cunque
2241 4724 2508 4795 petieritis
2537 4722 2593 4777 in
2645 4722 2864 4776 nomine
2918 4734 3060 4782 meo,
3091 4717 3283 4771 faciam
3311 4734 3324 4771 :
3358 4735 3378 4769 ι
3420 4730 3565 4770 nunc

1994 4830 2172 4874 autem
2209 4819 2321 4872 ait:
2360 4835 2379 4868 ι
2414 4816 2782 4883 Quodcunque
2809 4811 3075 4883 petieritis
3114 4809 3329 4864 Patrem
3374 4809 3426 4863 in
3462 4825 3583 4861 no-.

1994 4911 2138 4965 mine
2167 4924 2306 4971 meo,
2336 4908 2485 4960 dabit
2518 4905 2668 4960 vobis
2694 4904 2759 4958 ¹⁸.
2798 4922 2816 4954 ›
2853 4901 3105 4971 Nunquid
3154 4915 3284 4970 ergo
3311 4914 3561 4954 seorsum

1988 5003 2169 5070 aliqua
2190 4999 2477 5069 dilargitur
2510 4997 2667 5052 Pater
2708 4996 2916 5065 absque
2948 4992 3106 5058 Filio,
3134 5002 3226 5046 ant
3258 4990 3426 5045 Filius
3446 5007 3566 5044 rur-

1988 5109 2110 5148 sum
2177 5106 2420 5146 seorsum
2458 5088 2845 5159 sigillatimque
2906 5085 3220 5155 impertitur
3296 5082 3551 5136 nonnulla

1993 5183 2195 5251 absque
2226 5178 2407 5244 Patre,
2442 5178 2512 5232 ita
2549 5187 2659 5232 uta
2684 5176 2907 5231 duobus.
2928 5176 3031 5230 diis
3063 5182 3407 5243 praestentur,
3435 5188 3571 5241 «pue-

414 5348 448 5377 ”
482 5345 636 5400 Joan.
677 5357 736 5400 II.
765 5340 958 5404 94.25.
1038 5348 1079 5378 “
1102 5345 1246 5402 Psal.
1278 5359 1464 5405 xxxtv,
1496 5342 1582 5396 15.
1663 5340 1708 5372 ³³
1732 5338 1931 5393 Jerem.
1969 5334 2232 5402 xvu,,10.
2307 5334 2351 5366 η
2376 5332 2533 5400 Joan,
2560 5348 2633 5403 tv,
2669 5332 2759 5388 92.
2802 5330 2843 5364 ¹⁶
2868 5329 2981 5387 158.
3010 5344 3171 5392 thtt,
3200 5328 3257 5384 9.
3332 5323 3567 5382 “Joant

342 5419 431 5482 Η.
470 5418 556 5471 15.
636 5415 675 5446 ³⁷
711 5411 966 5484 ιΙυιὶη-τν,
1001 5417 1088 5473 16.
1168 5419 1210 5448 ¹⁸
1239 5415 1404 5471 IC0r.
1450 5429 1566 5474 νιιι,
1598 5414 1650 5465 ϋ.

1376 5570 1552 5626 Variae
1580 5567 1838 5624 lectiones
1866 5563 2078 5619 codicis
2099 5559 2462 5632 chuicriani.

423 5723 448 5762 ⁸
485 5722 568 5776 ἶσ.
600 5712 929 5790 Πορεύεσϐαί
964 5728 1069 5780 φσι
1102 5734 1155 5771 π.
1185 5734 1233 5772 τ.
1263 5718 1329 5771 Π.
1408 5716 1435 5755 h
1469 5714 1543 5786 τῷ
1570 5712 1687 5784 Θεῴ
1720 5710 1810 5766 καὶ
1841 5707 2031 5779 Πατρί.
