4044 6332
276 382 410 442 ηπ.

1365 378 1453 433 DE
1494 377 1715 434 RECTA
1766 377 1920 431 FIDE
1959 378 2045 430 AD
2085 375 2401 432 REGI’SAS.

3382 376 3517 432 1974

273 502 669 572 κεκλεισμένων
697 499 806 552 τῶν
836 495 1014 570 θυρῶν
1046 496 1322 566 ἀδοκήτως
1368 499 1448 557 εἰς
1494 496 1659 564 μέσον
1687 494 1828 564 ὢφοτ

1950 493 2153 547 foribus
2187 497 2237 546 in
2269 494 2447 548 medio
2502 491 2891 562 discipulorum
2930 506 2995 545 ex
3047 491 3321 559 insperato
3355 508 3518 560 appa-

271 596 379 649 τῶν
434 592 727 665 μαθητῶν;
760 591 902 661 Πρὸς
929 592 1086 643 τοῦτό
1138 605 1338 657 φαμεν,
1368 588 1449 640 ὅτι
1492 588 1718 657 δυνάμει
1772 591 1837 657 τῇ

273 685 446 753 θεῐκῇ.
481 681 808 751 Μεμνήσθαι
836 679 918 731 δεῖ
952 676 1164 729 Παύλου
1203 675 1471 742 λέγοντος,
1507 675 1587 726 δτι
1624 693 1640 719 σ
1675 674 1837 725 Ὥστε

271 777 433 845 ἡμεῖς
470 774 577 826 ἀπὸ
605 772 699 825 τοῦ
725 768 843 823 ’νῦν
883 768 1070 821 οὐδένα
1109 768 1328 837 οἴδαμεν
1364 766 1504 818 κατὰ
1537 764 1744 834 σάρκα·
1791 764 1839 817 εί

269 867 324 919 δὲ
368 867 463 919 καὶ
510 862 827 933 ἐγνώκαμεν
872 861 1011 915 κατὰ
1062 860 1240 923 σάρκα
1281 859 1533 929 Χριστὸν,
1564 857 1700 910 ἀλλὰ
1744 856 1840 908 νῦν

271 956 453 1010 οὐκέτι
494 954 853 1023 γινώσκομεν.
888 972 906 1003 ι
959 951 1112 1005 Μετὰ
1151 952 1259 1019 γάρ
1288 966 1370 1002 τοι
1396 950 1494 1021 τὴν
1535 952 1599 1002 ἐκ
1630 947 1840 1020 νεκρῶν

272 1049 583 1107 ἀναϐίωσιν,
616 1046 691 1109 ὼς
720 1044 1107 1113 τετελεσμὲνης
1134 1043 1233 1112 ἢδη
1266 1042 1366 1111 τῆς
1399 1041 1708 1111 οἰκονομίας
1744 1041 1842 1108 ἐφ’

273 1134 306 1212 ᾖ
336 1141 430 1194 καὶ
462 1142 497 1209 ἠ
541 1140 638 1203 τῆς
675 1137 873 1205 σαρκὸς
920 1135 1184 1205 ἀνάληψις
1221 1132 1506 1205 ὲπράχθηὶ
1545 1134 1839 1204 χρειωδῶς,

273 1231 489 1301 ὶξουσίᾳ
534 1231 625 1283 καὶ
670 1228 895 1297 δυνάμει
936 1226 1203 1297 κέχρηται
1248 1228 1316 1297 τῇ
1370 1226 1696 1298 θεοπρεπεϊ,
1751 1226 1839 1278 διὰ

270 1324 474 1377 τούτων
506 1321 724 1391 μᾶλλον,
771 1321 803 1389 ἢ
842 1319 931 1371 διὰ
972 1319 1081 1371 τών
1124 1320 1221 1390 τῆς
1260 1317 1543 1380 κενώσεως
1575 1319 1783 1386 μέτρων
1811 1318 1835 1355 ll

272 1411 727 1483 ἑπιγινώσκεσθαι
756 1412 943 1475 Θέλων,
969 1410 1046 1473 ὡς
1083 1412 1141 1463 ὲν
1179 1409 1358 1481 καιρῷ
1384 1410 1699 1477 καθήκοντι.

347 1613 366 1644 ι
393 1594 503 1645 Καὶ
538 1591 693 1644 τοῦτο
730 1589 919 1651 εἰπὼν,
950 1589 1270 1658 ἐνεφύσησε,
1308 1588 1400 1640 καὶ
1434 1588 1582 1655 λέγει
1611 1589 1794 1649 αὐτοῖς
1819 1602 1835 1617 ⁸

270 1685 474 1739 Λάϐετε
495 1683 717 1753 Πνεῦμα
742 1681 1025 1751 ἂγιον.⁹Δν
1046 1698 1204 1734 τινων
1228 1680 1402 1750 ἀφῆτε
1426 1681 1523 1742 τὰς
1546 1681 1835 1749 ἁμαρτίας,

269 1770 551 1844 ἀφίενταιι
582 1774 762 1835 αὐτοῖς
788 1785 801 1798 ⁸
831 1772 895 1825 ἄν
926 1787 1086 1822 τινων
1119 1770 1380 1838 κρατῆτε.
1410 1769 1829 1837 κεκράτηνται.ι

271 1868 429 1921 Ὀλον
455 1868 569 1919 ἐστὶ
597 1865 894 1935 θεοπρεπὲς
927 1864 989 1915 τὸ
1015 1861 1398 1931 γεγενημένον,
1445 1861 1538 1913 καὶ
1579 1858 1671 1911 τοῦ
1705 1875 1835 1909 πανο
1872 1852 1909 1908 Β

268 1958 357 2021 τὸς
388 1957 533 2021 ἄξιον
560 1956 739 2024 λόγου.
764 1954 985 2025 Πρῶτον
1016 1954 1113 2023 μὲν
1144 1953 1253 2024 γὰρ
1281 1952 1381 2004 οὐκ
1406 1948 1743 2021 ἀνορώπινον
1776 1950 1835 2001 τὸ

270 2050 581 2117 ἐμφυσῆσαι
622 2050 734 2109 τοῖς
767 2044 1103 2107 ἀποστόλοις,
1136 2044 1230 2095 καὶ
1269 2042 1451 2095 δοῦναι
1493 2041 1553 2093 τὸ
1587 2041 1829 2108 Πνεῦμα.

268 2134 399 2191 Εἶτα
434 2139 592 2209 μέγα,
628 2140 718 2191 καὶ
756 2138 894 2207 ὑπὲρ
926 2136 1023 2206 τήν
1058 2136 1255 2194 κτίσιν,
1296 2133 1356 2185 τὸ
1392 2132 1649 2202 τοιαύτην
1681 2132 1831 2194 ἐξου-

269 2230 385 2282 σίαν
439 2231 761 2300 παρασχεῖν,
801 2228 942 2281 ὥστε
990 2228 1231 2297 κρατεῖν,
1268 2217 1341 2277 ὧν
1384 2223 1450 2276 ἂν
1479 2223 1700 2284 ἕλοιντο,
1735 2222 1832 2282 τὰς

267 2323 578 2394 ἁμαρτίαςο
625 2322 845 2391 ἀφιέναι
881 2322 938 2374 δὲ
980 2321 1075 2374 καὶ
1108 2315 1188 2382 οἷς
1225 2318 1289 2371 ἂν
1326 2318 1596 2388 βούλοιντο
1642 2316 1824 2383 τυχόν,

268 2416 365 2467 Διὰ
413 2415 464 2467 τί
510 2416 566 2467 δὲ
612 2415 703 2467 καὶ
732 2414 819 2466 διὰ
852 2410 1113 2484 σαρκικοῦ
1154 2413 1474 2481 φυσήματος
1516 2410 1577 2461 τὸ
1608 2408 1830 2477 Πνεῦμα

265 2507 516 2572 δίδωσιν;
547 2507 669 2559 Ὀτι
706 2509 779 2576 μὴ
811 2505 1064 2575 ἀλλοτρία
1092 2503 1185 2556 τοῦ
1215 2504 1388 2571 Λόγου
1421 2502 1640 2570 γέγονεν
1667 2500 1830 2552 αὐτοῦ

268 2599 299 2666 ἡ
346 2596 501 2667 σὰρξ,
536 2596 669 2648 ἀλλὰ
700 2595 879 2657 ἰδικώς
907 2593 1095 2648 αὐτοῦ.
1127 2594 1236 2647 Καὶ
1268 2591 1607 2662 ἀνθρώπινον
1647 2593 1744 2660 μὲν
1771 2589 1831 2641 τὸ

263 2688 348 2741 διὰ
396 2689 596 2757 σαρκὸς
637 2686 971 2757 ἐμφύσημα,
1008 2686 1192 2754 θείκῆς
1220 2685 1277 2737 δὲ
1334 2683 1615 2752 δυνάμεως
1669 2682 1828 2750 ἔργον

262 2776 323 2830 τὸ
354 2778 611 2847 μετόχους
640 2776 914 2845 ἀποφῆναι
946 2776 1039 2829 τοῦ
1078 2774 1395 2845 Πνεύματος
1430 2773 1555 2835 τοὺς
1598 2771 1834 2841 ἠξιωμέ⁶

262 2885 403 2931 νους.

1946 585 2088 638 ruit?
2128 586 2208 638 Ad
2240 586 2342 639 hoc
2392 585 2779 654 respondemus
2814 583 2995 637 divina
3053 586 3248 636 virtute
3308 584 3517 637 factum

1944 677 1993 729 id
2022 691 2163 729 esse.
2195 676 2298 729 Par
2320 686 2405 731 est
2456 668 2656 736 autem,
2695 683 2748 726 ut
2808 674 2956 726 Pauli
3027 675 3228 725 dictum
3264 672 3371 726 hoc
3401 674 3523 729 loco

1942 766 1993 818 in
2028 775 2261 819 mentem
2317 780 2667 831 revocemus;
2699 766 2775 818 ait
2819 765 2865 816 is
2910 777 3086 817 vero:
3129 783 3148 813 ε
3199 763 3384 831 Itaque
3420 779 3520 815 nos

1942 873 2004 911 ex
2036 858 2136 910 hoc
2171 858 2439 910 neminem
2494 856 2741 910 novimus
2792 858 3085 909 secundum
3122 868 3379 907 carnem:
3412 854 3517 907 etsi

1940 948 2287 1015 cognovimus
2319 947 2614 1001 secundum
2651 961 2867 1000 carnem
2902 945 3203 1009 Christum,
3247 947 3339 999 sed
3372 960 3517 999 nunc

1941 1052 2045 1089 non
2097 1037 2351 1090 novimus
2386 1037 2450 1090 “.
2501 1055 2519 1087 ι
2569 1036 2710 1089 Sane
2756 1047 2880 1104 post
2936 1037 3392 1090 resurrectionem
3448 1053 3517 1091 ex

1943 1131 2190 1193 mortuis,
2246 1132 2665 1201 dispensationis
2750 1132 3039 1200 mysterio,
3097 1146 3317 1201 propter
3374 1135 3516 1203 quod

1941 1236 2156 1273 carnem
2184 1221 2471 1274 salubriter
2494 1232 2881 1289 asstnnpserat,
2902 1222 3009 1290 jam
3043 1223 3303 1289 perfecto,
3330 1225 3512 1277 divina

1941 1310 2137 1361 virtute
2174 1321 2225 1363 et
2278 1320 2545 1378 potestate
2586 1314 2838 1364 utebatur
2870 1329 2885 1364 :
2916 1322 2973 1363 ut
3002 1314 3091 1380 qui
3125 1312 3287 1365 veluti
3317 1328 3516 1381 oppor-

1943 1414 2071 1454 tuno
2101 1411 2342 1471 tempore
2370 1417 2463 1470 per
2483 1417 2543 1453 ea
2580 1404 2778 1471 potius.
2797 1417 2957 1471 quam
2997 1418 3092 1471 per
3117 1404 3514 1457 exinanitionis

1940 1493 2295 1558 conditiones,
2321 1494 2539 1561 agnosci
2569 1494 2827 1548 voluerit.

2016 1602 2034 1634 σ
2068 1584 2131 1637 Et
2163 1599 2281 1637 cum
2312 1586 2411 1637 hoc
2439 1585 2689 1649 dixisset,
2717 1585 3036 1649 insumavit,
3064 1596 3118 1636 et
3148 1586 3327 1639 dixit:
3358 1586 3514 1637 Arci-

1941 1676 2047 1743 pite
2074 1675 2332 1744 Spiritum
2365 1687 2611 1730 sanetqu
2636 1695 2649 1730 :
2671 1692 2898 1745 quorum
2926 1678 3249 1731 remiseritis
3273 1689 3506 1747 peccata,

1942 1768 2293 1821 remittuntur
2353 1768 2469 1830 eis;
2510 1776 2563 1821 et
2609 1783 2839 1836 quormn
2904 1768 3259 1831 retinueritis,
3306 1780 3513 1822 retenta

1940 1870 2067 1914 sunt
2092 1861 2157 1913 ³⁸.
2229 1879 2246 1911 ι
2311 1860 2583 1930 Quidquid
2636 1863 2723 1915 hic
2770 1863 2968 1915 factum
3018 1874 3366 1923 memoratur,
3416 1864 3514 1914 Ito:

1942 1964 2112 2006 totum
2166 1952 2432 2019 divinum,
2465 1969 2766 2023 magnaque
2817 1955 3257 2007 consideratione
3293 1955 3510 2023 dignun

1939 2053 2039 2098 est.
2074 2044 2254 2098 Primo
2280 2061 2510 2114 namque
2548 2062 2654 2099 non
2693 2054 2812 2099 erat
2839 2047 3085 2098 humana:
3119 2057 3325 2098 natura:
3352 2063 3508 2115 opus.

1940 2147 2036 2200 per
2059 2134 2483 2189 eatsnﬂlationem
2517 2136 2789 2203 apostolis‘
2817 2136 3078 2203 Spiritum
3133 2148 3376 2190 sanctum
3430 2140 3511 2189 επις

1941 2224 2182 2280 fundere.
2221 2226 2425 2280 Deinde
2462 2229 2637 2296 majus
2668 2228 2946 2296 quiddam,
2973 2229 3365 2295 sublimiusque
3398 2241 3505 2291 est,

1940 2332 2098 2386 quam
2122 2319 2263 2384 quod
2298 2320 2348 2370 in
2378 2330 2681 2371 creaturam
2717 2322 2891 2381 cadat,
2923 2329 3124 2371 tantam
3153 2321 3511 2388 illispotesm-

1940 2420 2045 2462 tem
2113 2409 2401 2477 impertiri,
2460 2411 2570 2480 87
2628 2420 2685 2462 ut
2740 2426 2969 2478 quorum
3025 2413 3228 2465 vellent
3292 2423 3508 2481 peccata

1937 2502 2193 2567 retinere,
2229 2513 2283 2555 et
2316 2518 2544 2569 quorum
2586 2518 2774 2556 rursus
2809 2505 2981 2555 visum
3032 2515 3179 2559 esset
3238 2505 3509 2562 relaxare.

1934 2604 2176 2660 possent.
2230 2592 2300 2645 At
2350 2610 2447 2647 cur
2496 2610 2759 2661 corporeo
2807 2594 2932 2647 ﬂatu
2986 2595 3197 2663 impetit
3250 2593 3509 2662 Spiritum

1932 2684 2219 2736 sanctum?
2252 2684 2374 2737 ideo
2434 2685 2715 2745 nimirum,
2755 2694 2812 2737 ut
2872 2702 3087 2739 carnem
3122 2704 3150 2736 a
3188 2686 3361 2739 Verbo
3405 2703 3509 2738 non

1932 2775 2299 2838 alienam,sed
2332 2776 2601 2843 propriam
2628 2776 2767 2829 illius
2788 2777 3066 2831 exstitisse
3118 2778 3507 2846 intelligamm.

1931 2864 2080 2917 Adde
2105 2875 2386 2918 externam
2415 2866 2561 2918 illam
2587 2882 2680 2934 per
2702 2867 2886 2920 carnis
2918 2867 3276 2921 ministerium
3304 2872 3494 2921 exsuf-

262 2962 532 3017 llationem
593 2964 880 3015 humanam
944 2960 1145 3025 luisse,
1223 2959 1316 3013 sed
1389 2958 1624 3027 Spiritus
1679 2956 1854 3010 sancti
1895 2957 2191 3027 participes
2238 2957 2549 3026 dignatione
2602 2975 2697 3011 sua
2774 2958 3237 3022 eﬂicere.divin:e
3290 2961 3506 3014 virtutis

260 3072 392 3125 opus
418 3057 709 3111 exstitisse.

480 3189 574 3241 ἐκ
614 3188 718 3242 τοῦ
757 3187 904 3243 κατὰ
942 3187 1180 3243 Λουκᾶν
1218 3188 1608 3256 Εὑαγγελιόιν.

332 3326 594 3394 Ἀγγελος
626 3326 761 3378 Θεοῦ
808 3324 887 3395 τῷ
930 3325 1174 3396 Ζαχαρία
1204 3323 1338 3394 φησὶ
1367 3325 1493 3394 περὶ
1530 3324 1622 3377 τοῦ
1670 3325 1824 3390 ἁγίου

260 3418 563 3471 Βαπτιστοῦ
583 3432 598 3446 ·
635 3437 654 3468 ‹
686 3418 795 3469 Καὶ
822 3417 973 3469 ἔσται
999 3418 1141 3486 χαρά
1187 3433 1268 3470 σοι
1328 3417 1421 3470 καὶ
1467 3418 1782 3483 ἀγαλλίασις
1807 3435 1821 3448 ο

258 3511 349 3563 καὶ
390 3510 570 3562 πολλοὶ
595 3511 686 3561 ἐπὶ
707 3512 777 3579 τῇ
800 3510 1049 3578 γεννήσει
1076 3508 1240 3562 αὑτοῦ
1270 3510 1410 3580 χαρή
1422 3512 1823 3561 σονται.”Εσται

256 3605 367 3673 γὰρ
400 3601 571 3671 μέγας
604 3599 830 3652 ἐνώπιον
861 3599 1087 3669 Κυρίου,
1120 3598 1213 3651 καὶ
1244 3594 1385 3652 οἶνον
1420 3599 1513 3651 καὶ
1548 3600 1740 3668 σίκερα
1762 3601 1821 3650 οὔ

260 3694 334 3765 μὴ
374 3696 494 3764 πίῃ,
526 3691 619 3746 καὶ
667 3693 981 3761 Πνεύματος
1026 3694 1181 3759 ἁγίου
1228 3692 1595 3763 πλησθήσεται
1637 3692 1713 3743 ἔτι
1760 3694 1823 3743 ἐκ

256 3786 461 3848 κοιλίας
491 3786 693 3857 μητρὸς
724 3784 910 3838 αὑτοῦ.
941 3785 1051 3838 Καὶ
1074 3784 1298 3847 πολλοὺς
1323 3785 1430 3837 τῶν
1451 3784 1581 3836 υἱών
1608 3784 1818 3853 Ἰσραήλ

254 3876 568 3948 ἐπιστρέψει
600 3878 692 3928 ἐπὶ
723 3876 926 3946 Κύριον
970 3876 1061 3927 τὸν
1112 3875 1242 3928 Θεὸν
1272 3874 1469 3929 αὐτῶν.
1505 3895 1522 3925 ι
1546 3876 1601 3927 Ὀ
1639 3876 1817 3945 μακά-

258 3986 373 4037 ριος
409 3969 681 4039 Ἰωάννης,
709 3969 981 4040 ἐρομένων
1010 3967 1175 4020 αὐτὸν
1205 3967 1317 4019 τῶν
1355 3968 1621 4021 Ἰουδαίων
1642 3983 1655 3996 °
1694 3988 1710 4018 ι
1748 3968 1818 4019 Σὺ

254 4061 337 4123 τίς
372 4056 449 4124 ei;
480 4078 497 4110 ι
534 4060 697 4130 φησίν
716 4076 730 4090 ο
768 4079 785 4109 ι
810 4058 950 4127 Ἐγὼ
980 4059 1130 4128 φωνὴ
1159 4058 1388 4127 βοῶντος
1415 4060 1471 4111 ἐν
1501 4062 1566 4128 τῇ
1592 4060 1815 4129 ἐρήμῳ·

265 4154 621 4222 Ἑτοιμάσατε
655 4153 753 4223 τὴν
786 4153 904 4206 ὁδὸν
952 4152 1047 4204 τοῦ
1087 4152 1315 4222 Κυρίου,
1366 4152 1579 4216 εὐθείας
1616 4156 1818 4229 ποιεῖτε

254 4246 353 4308 τὰς
384 4245 602 4316 τρίϐους
638 4244 819 4298 αὐτοῦ.
853 4263 871 4293 ›
915 4244 1278 4315 Προφητεύων
1305 4243 1360 4295 δὲ
1390 4244 1552 4307 αὐτὸς
1581 4245 1609 4295 ὁ
1638 4246 1817 4314 Ζαχα-

256 4338 377 4406 ρίας
425 4338 517 4389 ἐπὶ
563 4336 642 4407 τῷ
687 4337 799 4405 ἰδίῳ
846 4336 1021 4397 παιδὶ,
1063 4336 1228 4405 φησί·
1264 4354 1283 4386 ι
1317 4337 1425 4390 Καὶ
1468 4337 1557 4400 σὺ,
1588 4337 1818 4399 παιδίον,

255 4431 541 4500 προφήτης
576 4428 829 4497 Ὑψίστου
862 4428 1142 4499 κληθήσῃο
1190 4429 1538 4499 προπορεύσῃ
1574 4429 1683 4498 γὰρ
1715 4428 1820 4499 πρὸ

254 4520 545 4592 προσώπου
574 4521 801 4589 Κυρίου,
826 4520 1113 4589 ἑτοιμάσαι
1140 4520 1293 4582 ὀδοὺς
1315 4520 1505 4586 αὑτοῦ,
1522 4520 1615 4572 τοῦ
1638 4520 1819 4573 δοῦναι

253 4614 456 4682 γνῶσιν
486 4613 758 4683 σωτηρίας
787 4613 865 4683 τῷ
888 4612 1002 4681 λαῷ
1034 4612 1219 4677 αὐτοῦ,
1237 4613 1295 4664 ὲν
1323 4612 1514 4679 ἀφέσει
1538 4610 1820 4681 ἁμαρτιῶν

252 4705 452 4759 αὐτῶν.
483 4725 502 4756 ι
554 4704 881 4775 Προεεάδιζε
930 4706 1039 4773 γὰρ
1086 4704 1181 4758 τοῦ
1219 4704 1477 4774 Χριστοῦ,
1510 4707 1603 4758 καὶ
1656 4706 1817 4758 αὑτοῦ

252 4796 443 4864 γέγονε
493 4796 819 4866 πρόδρομος,
846 4796 939 4847 καὶ
968 4794 1115 4864 αὐτῷ
1143 4796 1239 4858 τὰς
1288 4796 1439 4858 ὁδοὺς
1490 4796 1818 4865 προετοιμά-

252 4888 442 4952 ζεσθαι
484 4888 825 4957 διεκήρυττε,
870 4886 965 4939 καὶ
1013 4887 1105 4939 τὸν
1150 4888 1237 4939 ἐπ’
1286 4887 1435 4956 αὐτῷ
1484 4890 1819 4958 προεφήτευε

251 4980 426 5049 λόγον,
456 4979 801 5049 ἐπιστρέφων
831 4978 904 5040 ὡς
946 4979 1037 5031 ἐπὶ
1078 4978 1196 5047 Θεῷ
1242 4978 1481 5031 δικαιοῦν
1523 4980 1818 5049 ἰσχύοντιυι

251 5076 377 5137 τοὺς
399 5076 456 5125 ἐν
491 5072 806 5143 ἁμαρτίαις.
841 5066 993 5135 Εἶτα,
1031 5072 1147 5133 πῶς
1179 5072 1240 5123 οὺ
1268 5071 1396 5135 Θεὸς
1426 5074 1454 5125 ὁ
1484 5073 1747 5143 Χριστὸς;

328 5268 345 5299 ι
379 5240 544 5309 Οὗτος
578 5246 727 5298 ἔσται
762 5247 956 5316 μέγας,
990 5246 1083 5298 καὶ
1116 5247 1226 5308 υἱὸς
1261 5246 1514 5315 Ὑψίστου
1557 5248 1820 5319 κληθήσε-

247 5356 367 5392 ται’
407 5340 500 5391 καὶ
520 5339 678 5390 δώσει
705 5337 853 5407 αὑτῷ
874 5338 1075 5407 Κύριος
1106 5340 1133 5390 ὁ
1157 5338 1287 5401 Θεὸς
1317 5339 1408 5391 τὸν
1446 5339 1633 5410 Θρόνον
1658 5341 1819 5395 agt-.15

324 5495 367 5524 ’δ
396 5495 433 5546 Il
463 5499 587 5547 Cor.
622 5510 671 5558 ν,
712 5498 795 5549 16.
873 5497 917 5528 ³⁵
941 5495 1093 5549 Joan.
1133 5510 1221 5558 xx,
1250 5496 1336 5548 22.

1851 3186 1899 3247 C

1413 5495 1460 5526 “
1502 5494 1628 5551 Luc.
1669 5512 1722 5564 t,
1764 5499 1950 5553 lii-l6.

2249 3193 2333 3247 Ea:
2352 3193 2634 3263 Evangelia
2658 3194 2943 3247 secundum
2972 3193 3190 3247 Lucam.

2004 3331 2237 3395 Angelus
2271 3330 2363 3383 Dei
2414 3331 2690 3385 Zachariae
2746 3333 2811 3384 de
2863 3340 3053 3385 sancto
3102 3328 3341 3397 Baptista
3394 3330 3508 3383 hau:

1930 3425 2185 3490 exponit:
2221 3441 2238 3472 ι
2296 3423 2359 3475 Et
2398 3423 2503 3473 erit
2557 3423 2812 3490 gaudium
2869 3422 2963 3473 tibi
3005 3431 3059 3474 et
3111 3422 3419 3480 exsultatio,
3458 3431 3509 3473 ιιι

1934 3516 2082 3565 multi
2117 3514 2167 3565 ia
2222 3514 2501 3565 nativitate
2549 3514 2661 3578 ejus
2702 3514 3030 3578 gaudebunt.
3065 3510 3180 3563 Erit
3212 3514 3353 3563 enim
3390 3528 3506 3562 Illa-

1928 3622 2064 3674 guus
2103 3622 2281 3659 coram
2314 3604 2560 3663 Domino.
2596 3616 2647 3659 et
2667 3606 2847 3658 vinum
2872 3615 2923 3659 et
2945 3605 3174 3659 siceram
3201 3619 3305 3657 non
3334 3605 3507 3666 hibet,

1926 3711 1981 3751 et
2006 3698 2210 3769 Spiritu
2236 3712 2425 3753 Sancto
2476 3698 2769 3767 replebitur
2804 3701 2981 3752 adhuc
3019 3714 3085 3751 ex
3119 3708 3277 3750 utero
3317 3697 3504 3748 matris

1928 3808 2069 3846 suas:
2101 3801 2156 3844 et
2186 3791 2380 3845 multos
2415 3790 2645 3843 filiorum
2676 3789 2841 3843 Israel
2878 3800 3158 3844 convertet
3200 3790 3266 3841 ad
3321 3788 3500 3841 Domi-

1930 3900 2058 3937 num
2097 3881 2263 3935 Deum
2297 3884 2534 3951 ipsorum
2567 3882 2639 3935 ’°..
2676 3901 2693 3933 ι
2739 3883 2975 3934 llursum
3040 3897 3163 3935 cum
3222 3881 3391 3936 Judaei
3435 3898 3499 3935 ex

1927 3975 2042 4040 ipso
2075 3977 2260 4029 eodem
2308 3974 2517 4028 Joanne
2567 3974 2983 4029 sciscitarentur
3020 3994 3034 4030 :
3074 3993 3092 4025 ι
3132 3975 3210 4028 Tu
3255 3978 3376 4043 quis
3409 3976 3511 4028 es?

1929 4067 2221 4133 Respondit
2253 4068 2339 4119 ille
2368 4084 2381 4120 :
2412 4068 2518 4135 Ego
2555 4083 2651 4120 vox
2695 4068 2982 4121 clamantis
3016 4069 3067 4121 in
3116 4068 3361 4129 deserto,
3406 4066 3502 4119 Pa-

1927 4168 2041 4210 rate
2064 4160 2202 4209 viam
2245 4157 2476 4221 Domini,
2520 4170 2693 4209 rectas
2748 4156 2907 4210 facite
2960 4157 3183 4211 semitas
3226 4156 3427 4225 ejus".
3481 4176 3500 4205 ι

1927 4250 2166 4303 Tandem
2204 4249 2433 4314 ipsemet
2467 4248 2760 4302 Zacharias
2815 4251 2882 4303 de
2926 4250 3144 4318 proprio
3177 4248 3286 4302 lilio
3314 4249 3504 4301 vatici-

1924 4357 2082 4403 nans,
2122 4343 2189 4393 ita
2227 4341 2410 4394 lator:
2447 4358 2463 4391 ι
2502 4339 2568 4395 Ει
2600 4352 2680 4405 tn,
2738 4358 2893 4412 puer,
2936 4342 3196 4409 propheta
3230 4340 3499 4394 Altissitni

1924 4434 2201 4487 vocaberis
2234 4450 2247 4485 :
2276 4434 2491 4502 prteibis
2536 4435 2680 4487 enim
2744 4445 2868 4488 ante
2920 4434 3111 4488 faciem
3155 4433 3361 4486 Domini
3402 4450 3497 4503 pa-

1858 4558 1900 4611 D
1932 4540 2051 4577 rare
2072 4525 2183 4578 vias
2209 4525 2327 4592 ejus
2362 4542 2375 4577 :
2407 4527 2473 4578 ad
2526 4528 2758 4579 dandam
2810 4526 3093 4579 scientiam
3130 4524 3322 4578 salutis
3362 4525 3501 4593 plebi

1927 4614 2043 4680 ejus
2096 4615 2149 4667 in
2203 4615 2576 4667 remissionem
2627 4625 2970 4682 peccatorum
3029 4614 3306 4669 eorum".
3344 4634 3361 4665 ι
3410 4615 3500 4669 lllc

1928 4719 2161 4771 namque
2186 4704 2461 4759 Christum
2493 4707 2754 4769 anteibat,
2778 4702 3127 4772 ejusdemque
3162 4704 3337 4757 factus
3365 4722 3502 4774 pra:-

1926 4812 2137 4860 cursor,
2187 4807 2245 4850 ttt
2296 4799 2435 4849 viam
2495 4798 2568 4851 illi
2615 4806 3003 4867 praepararent.
3037 4798 3413 4863 annuntiabat,
3448 4808 3503 4850 et

1926 4889 2302 4956 propheticum
2343 4888 2620 4942 oraculum
2664 4891 2728 4941 de
2777 4888 2867 4941 illo
2926 4891 3118 4950 edens,
3146 4888 3211 4940 ad
3267 4903 3413 4951 eum,
3445 4897 3505 4941 ut

1926 4976 2345 5048 quijustilicare
2395 4987 2573 5047 potest
2613 4980 2850 5044 peccatis
2873 4977 3142 5033 obnoxios
3204 4978 3279 5031 uti
3332 4978 3498 5044 Deus,

1924 5072 2298 5128 convertebat.
2336 5068 2399 5122 Et
2445 5070 2623 5124 adhuc
2676 5070 3006 5132 dubitamus,
3061 5068 3297 5123 fueritne
3359 5068 3505 5123 Deus

1924 5161 2210 5214 Christus?

2004 5272 2021 5302 ι
2052 5254 2149 5307 llic
2183 5252 2288 5306 erit
2329 5269 2578 5322 magnus,
2613 5265 2665 5307 et
2692 5254 2856 5308 Filius
2885 5254 3144 5307 Altissimi
3176 5253 3455 5309 vocabitur
3487 5273 3499 5308 :

1924 5355 1978 5399 et
2002 5346 2147 5398 dabit
2185 5346 2233 5399 ei
2270 5345 2524 5401 Dominus
2557 5346 2697 5402 Deus
2758 5347 2942 5401 sedem
2980 5346 3142 5400 David
3177 5347 3344 5416 patris
3366 5348 3501 5417 ejus,

2027 5502 2070 5532 ³⁷
2106 5500 2262 5557 Joan.
2294 5520 2330 5568 ι,
2370 5504 2457 5559 l9.
2534 5508 2578 5537 "
2613 5505 2742 5563 Luc.
2783 5523 2820 5571 ι,
2848 5504 2932 5559 76.

1314 5651 1487 5708 Varia:
1517 5652 1776 5711 lectiones
1806 5657 2006 5713 codicis
2032 5660 2385 5729 δοκεύει-ἰωή.

326 5786 340 5835 i
389 5785 658 5856 ἐτελέσθη.
740 5788 763 5826 ll
798 5788 1031 5857 τρόπων.
1115 5786 1449 5858 ιὰφίωνται.

1528 5802 1567 5830 ω
1602 5792 1731 5847 Θεὸν
1760 5794 1999 5851 δικαιοῦν
2027 5795 2277 5867 ἰσχύοντα
