4044 6332
508 331 649 384 1272)

1516 325 1575 380 S.
1611 322 1889 380 CYRILLI
1919 324 2394 382 ALEXANDRINI
2436 322 2759 380 ARCIIIEP.

3607 315 3801 371 1276

507 457 562 502 et
591 443 835 514 regnabit
863 442 916 496 in
948 441 1106 495 domo
1132 440 1300 497 Jacob
1322 441 1373 495 in
1392 450 1679 506 aeternum,
1715 451 1769 496 et
1793 442 1945 512 regni
1963 442 2081 511 ejus

2205 442 2274 496 ὀὗ
2321 443 2531 512 [ἰατρὸς
2582 441 2789 495 αὑτοῦ*
2832 438 2925 492 καὶ
2974 434 3281 508 βασιλεύσει
3331 432 3425 486 ἐπί
3468 430 3563 485 τὸν
3611 427 3798 483 οἷκον

505 554 615 592 non
652 538 753 590 erit
781 534 903 587 linis
933 534 997 587 ’³.
1037 552 1055 583 ι
1104 532 1354 602 Nunquid
1390 533 1629 587 hominis
1663 533 1835 586 nostri
1880 532 2077 587 similis

509 626 734 694 imperio
770 636 1029 691 perpetuo
1084 624 1220 676 citra
1257 623 1419 676 ullam
1474 624 1927 690 interruptionem
1958 639 2081 691 pre-

502 710 847 769 ‘ntemnr?au
904 714 1213 780 imperatori
1274 713 1451 778 potius
1505 711 1616 766 Deo
1678 714 1729 765 in
1775 713 1991 767 Christo
2031 724 2087 768 et

511 821 605 873 per
658 803 932 857 Christum
995 803 1195 856 subditi
1247 804 1476 865 erimus,
1511 819 1616 856 non
1654 811 1985 871 assumptum
2019 804 2084 856 ad

512 896 614 948 hoc
668 903 924 962 tanquam
972 903 1295 947 extraneum
1356 893 1665 963 quempiam
1708 895 2083 958 mediatorum,

510 986 605 1039 sed
641 1000 828 1039 verum
881 984 1099 1051 Filium,
1131 1000 1227 1054 per
1257 1000 1417 1053 quem
1449 996 1503 1039 et
1528 986 1579 1039 iu
1608 1000 1715 1053 quo
1746 985 1885 1039 Deus
1924 984 2087 1038 Pater

511 1077 772 1130 inmunia
804 1091 1029 1145 regnum
1081 1076 1508 1142 obtinet?Quod
1548 1077 1593 1130 si
1636 1076 1709 1130 ita
1765 1090 1852 1130 res
1902 1077 2086 1142 habet,

519 1167 662 1219 Deus
694 1181 825 1234 ergo
854 1176 937 1219 est
969 1165 1238 1220 Christus.

592 1277 610 1307 ι
652 1257 791 1310 Dixit
838 1268 1016 1309 autem
1054 1255 1217 1310 Maria
1250 1258 1315 1310 ad
1355 1256 1639 1325 angelum;
1676 1257 1789 1327 88
1815 1256 2091 1322 Quomodo

516 1346 608 1399 lict
635 1346 799 1405 istud,
820 1345 1075 1412 quoniam
1112 1345 1286 1399 virum
1316 1362 1417 1399 non
1455 1348 1758 1414 cognosco?
1785 1346 1849 1400 Et
1874 1362 2092 1413 respon-

516 1437 651 1489 dens
687 1437 909 1503 angelus
957 1436 1094 1489 dixit
1128 1436 1204 1489 illi
1241 1456 1253 1490 :
1287 1437 1524 1504 Spiritus
1572 1449 1793 1491 sanctus
1836 1454 2093 1506 superve-

518 1526 632 1579 niet
688 1526 740 1578 in
804 1536 877 1583 te.
904 1536 957 1577 et
1014 1529 1187 1581 virtus
1244 1528 1507 1581 Altissimi
1564 1530 1908 1583 obumhrabit
1952 1530 2089 1582 tibi:

523 1615 750 1685 ideoque
776 1630 829 1670 et
855 1621 999 1685 quod
1036 1627 1285 1671 nascetur
1337 1633 1399 1671 ex
1435 1629 1487 1671 te
1516 1627 1790 1683 sanctum,
1816 1619 2096 1673 vocabitur

527 1705 693 1759 Filius
723 1706 810 1761 Dei
849 1708 915 1759 ³ο.
956 1725 973 1758 ι
1015 1707 1266 1775 Nunquid
1306 1708 1371 1773 is,
1400 1710 1490 1778 qui
1551 1727 1750 1764 arcana
1802 1712 2094 1778 inexplica-

2198 533 2390 587 Ἰακὼὸ
2419 536 2498 597 εἰς
2530 534 2655 594 τοὺς
2684 532 2905 595 αἰῶνας,
2932 529 3143 598 καὶτῆς
3171 524 3448 597 βασιλείας
3469 521 3637 576 αὐτοῦ
3665 522 3798 575 οὐκ

2185 627 2336 680 ἔσται
2390 625 2561 687 τέλος.
2599 644 2617 675 ι
2665 619 2789 694 Ἆρ’
2831 618 2925 676 οὖν
2989 622 3074 689 ἐφ’
3113 620 3239 674 ἐνὶυ
3284 617 3392 671 τῶν
3446 616 3568 670 καθ’
3612 617 3798 686 ἡμᾶς

2185 717 2505 787 κεισόμεθα,
2525 714 2935 786 βασιλευόμενοι
2954 711 3216 782 διηνεκῶς
3232 710 3324 762 καὶ
3342 707 3796 777 ἁκαταλήκτω;;

2184 809 2217 878 ἢ
2254 809 2361 861 ὑπὸ
2399 807 2517 877 Θεῷ
2567 806 2765 876 μᾶλλον
2809 802 3044 874 ἐσόμεθα
3069 798 3399 872 βασιλεύοντι
3429 797 3590 869 ἡμῶν
3620 796 3781 865 τῆν’

2186 901 2243 952 ἐν
2292 898 2535 970 Χριστῷ,
2576 898 2668 950 καὶ
2716 896 2814 967 οὐχ
2860 894 2937 956 ὡς
2972 892 3170 958 ἔξωθεν
3216 892 3435 963 μεσίτου
3485 889 3635 952 τινὸς
3700 890 3804 949 εἰς

2185 985 2344 1039 τοῦτο
2386 984 2856 1057 παραληφθέντος,
2883 984 2996 1038 ἀλλ’
3029 983 3104 1046 ὠς
3146 983 3213 1035 δι’
3243 980 3374 1034 Υἱοῦ
3420 981 3514 1033 καὶ
3548 981 3610 1032 ἐν
3650 978 3803 1046 Τὶᾧ

2189 1078 2658 1150 κατακρατοῦντος
2690 1078 2799 1131 τῶν
2825 1077 2960 1130 ὅλων
3001 1074 3096 1127 τοῦ
3139 1074 3274 1127 Θεοῦ
3302 1072 3393 1126 καὶ
3422 1071 3640 1142 Πατρός
3664 1088 3684 1135 ;
3721 1070 3799 1121 Εἰ

2188 1172 2243 1224 δὲ
2266 1170 2424 1225 τοῦτο
2452 1169 2669 1240 ἀληθὲς,
2699 1169 2830 1232 Θεὸς
2858 1168 2966 1239 ἄρα
2994 1168 3023 1219 6
3049 1166 3298 1235 Χριστός.

2267 1279 2285 1312 ι
2320 1257 2453 1314 Εἷπε
2493 1260 2551 1313 δέ
2597 1258 2833 1327 Μαριάμ
2874 1257 3011 1327 πρὸς
3036 1255 3127 1308 τὸν
3156 1254 3413 1323 ἄγγελον·
3455 1253 3584 1315 Πῶς
3614 1252 3805 1303 ἔσται

2196 1368 2286 1421 μοι
2310 1349 2486 1415 τοῦτο,
2520 1351 2644 1403 ἐπεὶ⁸
2684 1348 2855 1420 ἁνδρα
2886 1347 2947 1399 ού
2980 1343 3262 1414 γινώσκω;
3304 1344 3412 1397 Ka‘t
3441 1341 3803 1411 ἀποκριθεὶς

2194 1446 2222 1497 6
2264 1444 2495 1513 ἄγγελος
2546 1438 2702 1497 εἶπεν
2751 1443 2922 1512 αὐτῇ’
2954 1439 3180 1510 Πνεῦμα
3224 1438 3376 1506 ἁγιον
3409 1436 3803 1488 ἐπελεύσεται

2195 1537 2287 1589 ἐπί
2317 1536 2396 1598 σὲ,
2429 1535 2523 1588 καὶ
2545 1534 2775 1603 δύναμις
2805 1532 3059 1601 Ὑψίστου
3085 1528 3393 1583 ἐπισκιάσει
3421 1543 3503 1579 σοι
3525 1540 3540 1553 ⁶
3573 1524 3660 1577 διὸ
3688 1524 3805 1576 καὶ

2195 1625 2256 1678 τὸ
2289 1625 2624 1695 γεννώμενον
2660 1625 2836 1692 ἅγιον,
2867 1621 3200 1693 κληθήσεται
3224 1619 3350 1682 Υἱὸς
3388 1616 3551 1671 Θεοῦ.
3588 1634 3607 1666 ι
3636 1610 3805 1683 ‘Ap‘

2197 1712 2289 1767 οὖν
2322 1713 2582 1783 κέκληται
2611 1712 2771 1783 μόνον
2807 1711 2951 1773 Υἱὸς,
2983 1712 3010 1762 ὁ
3062 1712 3126 1762 ὲκ
3168 1708 3267 1777 τῆς
3296 1707 3457 1775 ἁγίας
3487 1704 3809 1774 Παρθένου

526 1798 729 1867 bilique
774 1800 1011 1867 Spiritus
1034 1800 1206 1853 sancti
1240 1801 1556 1869 operatione
1586 1817 1652 1855 ex
1683 1819 1843 1856 saera
1869 1802 2092 1872 Virgine

2205 1808 2286 1860 διὰ
2316 1805 2410 1859 τοῦ
2437 1805 2753 1874 Πνεῦματος
2796 1804 3125 1874 ἁπορῤήτως
3150 1798 3575 1869 γεγεννημένος,
3610 1797 3806 1866 ἦγουν

526 1891 790 1945 formatus
816 1900 867 1945 et
905 1900 1061 1945 natus
1100 1901 1204 1955 est,
1240 1892 1353 1945 sola
1377 1892 1736 1962 appellatione
1764 1892 1906 1946 [ilius
1940 1893 2095 1947 erat?

523 1998 591 2035 an
625 1997 786 2037 verus
824 1983 1005 2051 potius
1062 1983 1434 2052 naturalisque
1481 1982 1573 2037 Dei
1626 1982 1820 2047 Filius,
1847 1994 1901 2037 et
1950 1985 2091 2038 Deus

524 2075 764 2127 creditus
792 2087 874 2129 Bal.
897 2076 918 2126 ?
941 2075 1048 2129 Sed
1094 2075 1193 2129 hoc
1216 2076 1400 2143 procul
1428 2075 1593 2128 dubio
1620 2091 1803 2129 verum
1826 2086 1927 2129 est.
1967 2077 2094 2129 Ver-

523 2165 649 2218 bum
693 2166 918 2233 proinde
973 2164 1272 2219 secundum
1327 2165 1643 2234 hypoStasin
1695 2181 1824 2219 caro
1867 2164 2088 2229 factum,

524 2258 625 2310 hoc
680 2267 1027 2321 est,caruem
1076 2272 1173 2325 per
1219 2256 1481 2324 Spiritum
1520 2266 1766 2310 sanctum
1822 2273 1887 2309 ex
1936 2272 2091 2310 sacra

523 2346 746 2414 Virgine
772 2348 1096 2415 sumpsisse,
1126 2361 1354 2415 eamque
1390 2348 1661 2415 propriam
1718 2347 1819 2401 sibi
1874 2348 2086 2411 fecisse,

524 2441 870 2511 intelligatur.
909 2440 1019 2494 llac
1056 2455 1288 2507 namque
1317 2440 1527 2493 ratione
1562 2439 1706 2508 quod
1741 2455 1903 2492 verus
1953 2439 2095 2493 Deus

524 2530 616 2591 sit,
654 2528 1108 2597 deprehendetur.

600 2640 617 2671 ι
660 2621 723 2674 Et
758 2620 952 2674 faetum
1002 2629 1108 2681 est,
1139 2619 1435 2673 utaudirit
1488 2619 1869 2673 salutationem
1913 2618 2095 2673 Mariae

525 2713 824 2773 Elisabeth,
845 2710 1328 2765 exsultavitinl‘ans
1362 2711 1414 2763 in
1441 2721 1594 2764 utero
1626 2711 1779 2779 ejus;
1810 2721 1863 2764 et
1894 2710 2091 2776 repleta

525 2817 611 2858 t'st
646 2803 846 2873 Spiritu
900 2812 1086 2857 sancto
1143 2802 1442 2863 Elisabetb,
1478 2810 1532 2854 et
1586 2802 1911 2855 cxrlaumtrit
1966 2817 2096 2856 voce

527 2910 738 2963 magna,
775 2904 831 2948 et
883 2895 1058 2948 dixit:
1087 2893 1376 2948 Benedicta
1439 2903 1492 2946 tu
1535 2895 1676 2948 inter
1731 2894 2005 2959 mulieres,
2044 2902 2097 2946 et

526 2984 841 3039 benedictus
873 2986 1077 3039 fructus
1129 2987 1335 3039 ventris
1372 2985 1470 3040 tui.
1507 2983 1573 3039 Et
1625 2987 1766 3038 unde
1814 2985 1915 3039 hoc
1941 2985 2093 3048 mihi,

528 3090 587 3131 ut
614 3079 794 3133 veniat
850 3090 1027 3133 mater
1072 3078 1281 3133 Domini
1321 3080 1423 3132 mei
1456 3080 1520 3132 ad
1581 3097 1665 3132 me
1693 3079 1785 3131 "‘3
1824 3098 1841 3130 ι
1881 3079 2094 3134 lnlerna

528 3170 623 3224 Dei
649 3171 865 3238 energia
890 3179 944 3223 et
974 3171 1049 3233 vi,
1072 3170 1371 3238 pr0pheli:e
1398 3171 1593 3224 donum
1624 3172 1907 3239 obtingere
1936 3170 2096 3224 alicui

529 3273 734 3333 potest;
767 3279 945 3328 secus,
1000 3278 1362 3332 nequaquam.
1420 3264 1553 3317 Cum
1632 3265 1794 3333 igitur
1847 3263 2103 3318 salutatio

528 3368 697 3406 sacrae
731 3350 967 3415 Virginis
1013 3352 1194 3406 Maria:
1248 3351 1430 3406 Jesum
1485 3368 1583 3422 per
1631 3354 1680 3406 id
1739 3357 1996 3420 temporis
2049 3353 2101 3405 iu

531 3456 686 3499 utero
716 3445 892 3498 adhuc
910 3444 1193 3513 gestantis.
1222 3441 1485 3497 Joannem
1508 3446 1770 3499 maternis
1802 3444 2103 3499 visceribus

534 3541 710 3595 adhuc
758 3540 1024 3594 inclusum
1080 3540 1144 3593 ad
1203 3540 1541 3609 prOphetiam
1594 3540 1944 3605 promoverit,
1973 3558 2107 3608 quu-

535 3634 694 3685 modo
744 3631 993 3686 Christus
1050 3646 1154 3686 non
1206 3640 1289 3684 est
1331 3630 1494 3693 Deus,
1525 3631 1614 3698 qui
1662 3632 1803 3683 intra
1855 3631 2105 3699 virginea

535 3726 767 3777 claustra
799 3724 1092 3775 etiamnum
1138 3722 1377 3783 latitans,
1400 3724 1579 3775 divina
1631 3723 1678 3775 vi
1707 3725 1772 3775 ad
1809 3724 2108 3792 prophetia:

534 3817 763 3882 gratiam
794 3813 1088 3882 Baptistam
1148 3814 1368 3866 evexit?

612 3926 629 3957 ι
662 3905 813 3959 Nunc
848 3905 1081 3958 dimittis
1128 3920 1345 3959 servum
1396 3914 1567 3966 tuum,
1614 3904 1862 3967 Domine,
1912 3920 2108 3959 secun-

536 4002 661 4052 dum
702 3998 922 4052 verbum
982 4007 1154 4060 tuum,
1194 3996 1244 4049 in
1290 4012 1441 4065 pace.
1498 3996 1633 4063 Quia
1685 3997 1940 4051 viderunt
1971 3998 2108 4051 oculi

538 4089 639 4143 mei
673 4086 925 4143 Salutare
955 4098 1125 4141 tuum.
1154 4088 1306 4154 Quod
1337 4090 1539 4157 parasti
1589 4097 1714 4142 ante
1752 4087 1945 4142 facient
1986 4103 2107 4142 om-

540 4183 685 4235 nium
724 4180 1064 4250 p0pulorum.
1098 4177 1304 4233 Lumen
1337 4179 1401 4231 ad
1438 4179 1818 4233 revelationem
1848 4180 2109 4247 gentium,

538 4284 593 4327 et
638 4272 870 4343 gloriam
928 4271 1096 4339 plebis
1154 4280 1255 4322 tua:
1300 4269 1466 4324 Israel
1498 4270 1565 4325 ³⁸.
1597 4289 1617 4322 ι
1670 4269 1886 4323 Simeou
1930 4270 2113 4324 .lesuut

541 4367 680 4419 inter
705 4364 857 4417 ulnas
885 4362 1221 4429 complexus,
1256 4360 1514 4427 ejusmodi
1564 4361 1630 4415 de
1664 4362 1780 4429 ipso
1814 4360 1985 4428 elogia
2022 4361 2113 4414 de-

536 4455 837 4526 promebat.
861 4455 929 4508 At
962 4455 1232 4522 quomodo
1264 4452 1504 4506 salutare
1540 4461 1623 4504 est
1652 4491 1667 4515 ,
1702 4461 1795 4505 aut
1845 4452 2113 4519 quomodo

538 4548 717 4601 lumen
751 4548 816 4599 ad
845 4546 1228 4600 revelationem
1254 4544 1491 4614 gentium
1521 4552 1623 4605 est,
1646 4544 1688 4596 si
1718 4559 1855 4597 unus
1875 4552 1930 4595 et
1963 4542 2111 4598 solus

544 4653 702 4692 verus
760 4636 929 4691 Filius
980 4647 1034 4692 et
1102 4637 1245 4690 Deus
1304 4650 1406 4689 non
1460 4644 1574 4698 est,
1641 4646 1832 4688 natura
1887 4635 2110 4702 quidem

541 4740 699 4783 natus
729 4744 793 4782 ex
822 4728 979 4782 Patre
1023 4738 1080 4781 ut
1119 4727 1374 4789 Verbum,
1410 4727 1704 4779 secundum
1763 4741 1979 4778 carnem
2018 4741 2113 4777 au-

542 4824 652 4869 tem
696 4826 849 4869 ortus
876 4832 938 4870 ex
978 4813 1234 4885 Virgine?
1263 4812 1393 4877 Quae
1434 4829 1642 4866 rursum
1686 4812 1942 4866 revelatio
1976 4814 2111 4866 facta

545 4916 630 4958 est
671 4904 940 4973 gentibus,
988 4904 1088 4957 nisi
1144 4904 1285 4972 quod
1325 4904 1391 4955 de
1430 4903 1543 4971 ipso
1583 4914 1950 4972 cognoverunt
1991 4903 2114 4970 quia

546 4997 813 5052 Deus'est
865 4996 1215 5063 divinumque
1256 4994 1455 5047 cultum
1501 4993 1574 5047 illi
1616 4994 2019 5063 impendentes,
2061 4994 2114 5047 in

550 5106 612 5141 ea
665 5090 894 5144 crimina
954 5103 1059 5143 non
1101 5086 1430 5149 inciderunt,
1484 5086 1534 5139 in
1585 5102 1705 5154 quae
1746 5087 1819 5141 illi
1876 5086 2117 5141 incidere

546 5182 744 5247 solent,
775 5182 864 5251 qui
891 5182 1047 5236 alteri
1084 5182 1183 5236 deo
1229 5196 1391 5249 quam
1421 5181 1510 5234 uni
1561 5180 1659 5245 illi,
1690 5180 1780 5249 qui
1831 5188 2025 5232 natura
2060 5187 2116 5232 et

548 5277 775 5331 veritate
816 5276 957 5330 Deus
989 5284 1092 5341 est,
1130 5274 1415 5329 serviunt?

622 5431 665 5461 "
701 5427 835 5485 Luc.
872 5444 911 5495 ι,
943 5428 1034 5495 32,
1070 5427 1159 5482 55.
1240 5429 1282 5459 ³ο
1314 5426 1439 5482 ibid.
1479 5423 1567 5490 54,
1598 5422 1692 5479 35.

1767 5422 1810 5454 ³¹
1846 5422 1978 5477 ibid.
2010 5421 2203 5477 ιι-ιδ.

2202 1897 2552 1966 ἐκτισμένος;
2589 1895 2621 1965 ἢ
2669 1895 2830 1963 φύσει
2862 1912 2920 1946 τε
2952 1894 3047 1946 καὶ⁹
3079 1890 3294 1962 ἀληθῶς
3322 1889 3447 1951 Υἱὸς
3491 1885 3641 1941 εἶναι
3690 1904 3807 1939 πε-

2202 1991 2487 2042 πίστευται
2518 2026 2535 2050 ,
2588 1989 2682 2040 καὶ
2736 1987 2904 2052 Θεός;
2978 1984 3120 2038 Ἀλλ’
3164 1984 3279 2037 ἔστι
3334 1983 3493 2036 τοῦτο
3550 1981 3803 2049 ἀληθές.

2200 2080 2444 2134 Νοείσθω
2490 2080 2555 2150 δὴ
2607 2074 2699 2132 οὖν
2754 2076 2891 2148 σὰρξ
2934 2077 3057 2129 καθ’
3106 2076 3399 2130 ὑπόστασιν
3457 2073 3722 2140 γεγονὼς
3774 2077 3805 2126 ὁ

2201 2174 2393 2240 Λόγος,
2430 2171 2707 2224 τουτέστιν
2756 2170 2889 2222 ἰδίαν
2934 2169 3300 2239 ποιησάμενος
3347 2167 3529 2236 σάρκα
3561 2165 3670 2234 τὴν
3704 2164 3805 2215 διὰ

2202 2265 2521 2334 Πνεύματος
2549 2265 2611 2317 ἐκ
2641 2265 2739 2334 τῆς
2774 2263 2933 2331 ἁγίας
2964 2260 3270 2333 Παρθένου·
3304 2258 3447 2313 οὕτω
3474 2259 3591 2328 γὰρ
3633 2256 3806 2309 ἔσται

2201 2359 2295 2411 καὶ
2323 2357 2454 2420 Θεὸς
2482 2357 2717 2427 ἀληθῶς.

2279 2641 2297 2674 ‹
2327 2622 2437 2675 Καὶ
2464 2622 2702 2689 ἐγένετο,
2740 2620 2814 2684 ὡς
2844 2620 3045 2690 ἤκουσε
3074 2618 3164 2673 τὸν
3204 2616 3497 2688 ἀσπασμὸν
3524 2617 3637 2686 τῆς
3665 2618 3805 2670 Μα-

2204 2711 2325 2782 ρίας
2356 2713 2389 2782 ὴ
2426 2711 2727 2772 Ἐλισάεῖετ,
2753 2710 3039 2782 ἐσκίρτησε
3070 2710 3130 2763 τὸ
3164 2710 3359 2780 βρέφος
3401 2710 3461 2763 ἐν
3490 2712 3561 2779 τῇ
3605 2708 3805 2778 κοιλία

2203 2805 2396 2875 αὑτῆςο
2436 2804 2530 2857 καὶ
2563 2803 2807 2874 ἐπλήσθη
2848 2804 3162 2874 Πνεύματος
3190 2802 3347 2870 ἁγίου
3393 2803 3426 2871 ή
3474 2801 3798 2867 Ἐλισάδετ,

2204 2900 2299 2952 καὶ
2331 2898 2646 2966 ἀνεφώνησε
2705 2901 2855 2968 φωνῇ
2907 2896 3141 2969 μεγάλῃ,
3179 2896 3271 2948 καὶ
3311 2890 3502 2947 εἶπεν·
3539 2894 3799 2963 Εὐλογη-

2212 2993 2346 3061 μένη
2392 2991 2456 3043 σὺ
2500 2990 2557 3041 ἐν
2589 2988 2827 3056 γυναιξὶ,
2858 2989 2950 3040 καὶ
2978 2986 3339 3055 εὐλογημένος
3374 2986 3401 3037 ὁ
3433 2984 3658 3055 καρπὸς
3690 2983 3798 3049 τῆς

2208 3082 2414 3145 κοιλίας
2442 3099 2556 3134 σου.
2581 3082 2692 3134 Καὶ
2731 3081 2895 3132 πόθεν
2929 3098 3019 3149 μοι
3054 3079 3226 3142 τοῦτο,
3258 3079 3344 3130 ἵνα
3372 3078 3506 3150 ἔλθῃ
3532 3079 3571 3147 ἡ
3602 3080 3792 3147 μήτηρ

2160 3172 2299 3225 ’τοῦ
2369 3172 2574 3241 Κυρίου
2641 3189 2741 3239 μου
2791 3171 2926 3242 πρὸς
2954 3188 3054 3240 με;
3092 3190 3109 3220 ι
3151 3169 3587 3240 Ἐνεργήσαντος
3655 3168 3793 3221 Θεοῦ

2207 3262 2541 3332 προφητείας
2574 3261 2754 3331 χάριν,
2786 3261 2939 3312 ἔσται
2968 3278 3052 3322 τις
3078 3261 3362 3331 προφήτης
3383 3276 3396 3289 ⁸
3434 3260 3564 3313 καθ’
3599 3259 3795 3330 ἕτερον

2205 3353 2262 3405 δὲ
2276 3352 2498 3423 τρόπον,
2527 3350 3120 3421 οὐδαμῶς.“οτετοίνυν
3140 3354 3169 3404 6
3186 3351 3477 3422 ἀσπασμὸς
3500 3353 3609 3419 τῆς
3632 3353 3796 3418 ἁγίας

2207 3445 2481 3515 Παρθένου
2541 3444 2759 3515 Μαρίας
2811 3443 3183 3513 κυοφορούσης
3236 3444 3315 3495 ἔτι
3384 3442 3478 3496 τὸν
3533 3442 3793 3512 Ἰησοῦν,

2207 3538 2497 3607 κεκίνηκεν
2548 3537 2607 3589 ἐν
2655 3538 2836 3606 μήτρᾳ
2884 3537 2975 3589 τὸν
3009 3537 3263 3605 Ἰωάννην
3310 3537 3387 3598 εἰς
3417 3537 3793 3606 προφητείαν,

2209 3628 2326 3690 πῶς
2368 3629 2430 3679 οὐ
2474 3628 2604 3690 Θεὸς
2647 3630 2677 3681 ὁ
2721 3628 2975 3697 Χριστὸς,
3008 3628 3101 3681 καὶ
3149 3630 3207 3680 ἐν
3253 3630 3317 3698 τῇ
3369 3628 3470 3697 τῆς
3505 3628 3794 3698 Παρθένων

2209 3719 2362 3788 νηδύϊ
2414 3719 2644 3788 κινήσας
2691 3719 3003 3790 θεοπρεπῶς
3050 3721 3131 3782 εἰς
3178 3718 3512 3789 προφητείας
3560 3718 3796 3787 δύναμιν

2207 3810 2301 3863 τὸν
2331 3810 2665 3880 Βαπτιστήν;

2288 3923 2305 3953 ι
2338 3902 2450 3956 Νῦν
2484 3903 2745 3965 ἀπολύεις
2774 3904 2865 3958 τὸν
2895 3903 3088 3957 δοῦλόν
3113 3920 3226 3966 σου,
3268 3902 3537 3964 Δέσποτα,
3569 3904 3719 3955 κατὰ
3742 3902 3801 3954 τὸ

2214 3996 2367 4065 ῥῆμά
2399 4013 2514 4059 σου,
2551 3998 2608 4047 ἐν
2651 3998 2999 4067 εἰρήνῃ.”οτι
3027 3990 3165 4049 εἶδον
3198 3997 3245 4050 οἱ
3280 3994 3551 4065 ὀφθαλμοί
3598 4014 3706 4065 μου
3743 3996 3799 4046 :6

2215 4086 2491 4157 Σωτήριόν
2528 4104 2644 4139 σον·
2683 4088 2710 4140 ὃ
2740 4087 3041 4158 ἡτοίμασας
3067 4088 3207 4142 κατὰ
3246 4089 3539 4158 πρόσωπον
3576 4088 3799 4139 πάντων

2213 4181 2322 4233 τῶν
2373 4179 2551 4233 λαῶν·
2605 4180 2720 4249 φῶς
2763 4183 2843 4243 εἰς
2887 4181 3226 4250 ἀποκάλυψιν
3266 4180 3454 4241 ἐθνῶν,
3492 4180 3597 4232 καὶ
3645 4180 3799 4244 δόξαν

2213 4273 2345 4327 λαοῦ
2383 4292 2475 4326 σου
2514 4274 2751 4346 Ἰσραήλ.
2786 4274 2883 4327 »Ὀ
2906 4272 3119 4341 Συμεὼι
3146 4273 3236 4325 τὸν
3271 4271 3477 4343 Ἰησοῦν
3512 4273 3602 4330 εἰς
3626 4272 3800 4337 ἀγκά-

2214 4366 2312 4429 λας
2357 4366 2558 4428 λαϐὼν,
2588 4366 2657 4419 τὰ
2709 4366 2887 4419 τοιάδε
2937 4368 3067 4436 περὶ
3110 4364 3275 4419 αὑτοῦ
3324 4380 3479 4433 φησι.
3510 4362 3648 4424 Πῶς
3707 4359 3800 4415 οὖν

2142 4486 2191 4544 D
2219 4460 2333 4511 ἐστι
2380 4460 2646 4529 σωτήριον
2668 4498 2683 4521 ,
2717 4458 2835 4522 πῶς
2875 4458 2932 4510 δὲ
2977 4457 3091 4525 φῶς
3124 4458 3203 4519 εἰς
3227 4453 3575 4522 ἀποκάλυψιν
3608 4455 3800 4515 ἐθνῶν,

2220 4552 2269 4603 εἰ
2325 4550 2399 4620 μὴ
2445 4550 2577 4612 Θεός
2628 4552 2777 4613 ἐστιν
2825 4548 3059 4619 ἀληθῶς,
3108 4543 3188 4611 εἷς
3236 4548 3328 4600 καὶ
3390 4546 3554 4614 μόνος
3590 4546 3747 4608 Υἱζς,
3778 4548 3804 4598 ὁ

2221 4641 2379 4708 φύσει
2435 4640 2532 4711 μὲν
2585 4642 2648 4693 ἐκ
2696 4639 2911 4711 Πατρὸς
2954 4638 3029 4703 ὡς
3058 4639 3247 4706 Λόγος,
3273 4638 3335 4689 ἐκ
3360 4635 3654 4706 Παρθένου
3688 4636 3746 4689 δὲ
3780 4637 3807 4685 ὁ

2220 4732 2381 4795 αὐτὸς
2432 4732 2575 4784 κατὰ
2623 4732 2830 4800 σάρκας
2882 4730 3016 4784 Ποία
3047 4731 3154 4801 γὰρ
3186 4729 3407 4797 γέγονεν
3448 4726 3806 4793 ἀποκάλυψις

2219 4827 2330 4886 τοῖς
2363 4824 2592 4889 ἔθνεσιν,
2620 4824 2653 4894 ἢ
2688 4825 2773 4877 ἐπ’
2804 4824 2952 4892 αύτῷ
2980 4823 3223 4891 ἔγνωσαν
3257 4822 3335 4875 ὅτι
3364 4819 3499 4881 Θεός
3536 4820 3690 4882 ἐστι,
3717 4819 3811 4870 καὶ

2225 4914 2373 4985 αὐτῷ
2412 4913 2801 4985 λατρεύσαντες
2828 4913 3027 4981 ἔφυγον
3061 4913 3128 4965 τὰ
3174 4911 3499 4980 ἐγκλήματα
3550 4907 3654 4960 τοῦ
3704 4907 3810 4973 θεῷ

2222 5007 2504 5078 λατρεύειν
2536 5007 2706 5079 ἑτέρῳ
2735 5006 2885 5079 παρὰ
2911 5006 3004 5061 τὸν
3043 5005 3160 5071 ἕνα,
3191 5004 3288 5057 καὶ
3316 5002 3501 5072 φύσει,
3537 5005 3646 5055 καὶ
3679 5003 3810 5072 ἁλη.

2225 5098 2360 5167 οῶςῖ;

2276 5420 2319 5452 ³³
2352 5419 2483 5476 Luc.
2506 5436 2543 5475 ιι
2568 5458 2584 5485 ,
2611 5420 2801 5477 29-52.

1604 5579 1776 5635 Varia:
1804 5577 2062 5635 lectiones
2089 5577 2289 5635 codicis
2320 5576 2678 5647 Seguieriaui.

627 5731 653 5757 ιι
696 5719 779 5788 39'
818 5718 917 5773 ἑνί.
