4044 6332
200 390 338 446 ηπ

199 594 518 665 ἀποκριθεὶς
569 589 690 646 εἷπε
740 596 875 665 πρὸς
935 596 1167 659 αὐτούς·
1204 597 1268 649 Τί
1303 597 1673 666 διαλογίζεσθε
1710 604 1769 654 ἐν

198 688 318 747 ταῖς
353 685 601 756 καρδίαις
632 685 821 754 ὑμῶν;
852 687 917 739 Τί
964 688 1113 739 ἐστιν
1143 687 1518 760 εὐκοπώτερον
1555 691 1730 743 εἰπεῖν
1752 708 1764 720 ·

213 777 511 846 Ἀφέωνταί
540 795 622 832 σοι
652 780 707 832 αἱ
736 779 999 849 ἁμαρτίαι
1035 798 1126 832 σου
1148 794 1162 809 ⁸
1207 780 1240 850 ἢ
1278 782 1449 833 εἰπεῖν
1471 799 1483 813 ·
1517 784 1768 853 Ἔγειραι

201 866 295 918 καὶ
327 866 651 935 περιπάτεις
684 868 801 922 Ἵνα
824 868 880 921 δὲ
909 870 1085 938 εἰδῆτε
1115 870 1198 922 ὃτι
1221 871 1248 921 6
1280 870 1406 934 Υἰὺς
1433 872 1527 925 τοῦ
1558 874 1768 944 ἀνθρὼ-

200 974 303 1011 που
352 957 598 1025 ἐξουσίαν
642 960 753 1029 ἔχει
794 960 888 1012 ἐπὶ
934 961 1034 1028 τῆς
1082 961 1187 1031 γῆς
1236 962 1451 1030 ἀφιέναι
1498 966 1769 1036 ἁμαρτίας

202 1042 346 1115 (εἷπε
372 1046 449 1118 τῷ
478 1047 859 1119 παραλυτικῷ)
878 1064 890 1077 °
919 1048 1009 1101 Σοὶ
1046 1048 1219 1119 λέγω,
1246 1050 1475 1121 ἕγειραι,
1508 1053 1602 1105 καὶ
1631 1054 1770 1125 ἄρας

200 1140 262 1193 τὸ
294 1137 566 1211 κλινάριόν
605 1158 721 1204 σου,
758 1141 990 1214 πορεύου
1035 1143 1117 1207 εἰς
1165 1144 1256 1197 τὸν
1304 1141 1451 1199 οἶκόν
1495 1163 1609 1202 σου.
1646 1166 1664 1198 ι
1708 1149 1769 1201 Εἰ

206 1231 364 1300 μόνος
388 1234 537 1303 ἡμᾶς
562 1233 891 1287 ἀπαλλάττει
922 1236 951 1287 6
986 1233 1094 1287 τῶν
1130 1234 1268 1289 ὅλων
1292 1236 1425 1300 Θεὸς
1448 1237 1552 1309 πλη
1561 1239 1770 1309 μμελη-

206 1321 417 1389 μάτων,
450 1322 620 1392 ἑτέρῳ
653 1322 951 1393 πρέποντος
996 1322 1187 1376 τούτου
1232 1324 1420 1395 μηδενί
1443 1343 1457 1356 ·
1491 1327 1770 1396 χαρίζεται

203 1413 267 1465 δὲ
296 1413 391 1465 καὶ
414 1413 572 1467 τοῦτο
592 1413 823 1485 Χριστὸς
853 1416 968 1483 μετ’
990 1414 1236 1481 ἐξουσίας
1267 1416 1628 1488 θεοπρεποῦς·
1654 1420 1769 1485 πῶς

200 1504 301 1557 οὐκ
344 1503 411 1557 ἂν
460 1505 545 1576 εἴη
590 1505 752 1573 Θεός;
802 1505 1078 1575 Κέκληται
1126 1508 1235 1577 γὰρ
1277 1508 1406 1571 Υἰὸς
1458 1509 1769 1581 ἀνθρώπου,

202 1594 482 1665 γεννηθεὶς
517 1596 581 1648 ἐκ
606 1594 861 1665 γυναικὸς
887 1594 1029 1648 κατὰ
1059 1596 1258 1666 σάρκα,
1280 1597 1457 1650 καίτοι
1487 1598 1618 1661 Θεὸς
1643 1599 1718 1651 ῶν
1744 1601 1771 1651 ὀ

201 1686 391 1755 Λόγος.

278 1796 296 1828 ι
329 1776 419 1830 Ἑν
468 1777 652 1849 ἐκείνῃ
690 1780 755 1848 τῇ
801 1777 922 1849 ῶρᾳ
961 1778 1304 1849 ἐθεράπευσε
1392 1780 1618 1844 πολλοὺς
1663 1780 1772 1834 ἀπὸ

1295 394 1382 448 DE
1424 395 1644 452 RECTA
1687 400 1841 457 FIDE
1880 404 1970 457 AD
2011 398 2327 457 REGINAS.

274 522 294 554 ι
317 500 599 570 Ἑπιγνοὺς
625 499 682 555 δέ
715 502 743 555 6
780 503 985 573 Ἰησοῦς
1018 505 1142 567 τοὺς
1162 504 1543 577 διαλογισμοὺς
1565 511 1763 575 αὐτῶν,
1796 534 1839 586 Α

3298 401 3434 455 19.78

1941 533 1959 566 ‹
2002 514 2072 569 Ut
2100 511 2354 582 cognovit
2408 516 2586 562 autem
2611 504 2768 562 Jesus
2820 505 3178 573 cogitationes
3228 524 3435 572 eorum,

1869 604 2201 674 respondens
2224 601 2360 655 dixit
2391 600 2456 652 ad
2491 599 2642 652 illos:
2668 596 2806 661 Quid
2828 596 3079 663 COgitatis
3107 598 3158 650 in
3186 601 3439 652 cordibus

1867 693 2259 760 veSIris?Quid
2296 701 2378 746 est
2409 690 2617 746 facilius
2662 690 2842 743 dicere
2880 708 2890 742 :
2923 687 3035 757 89
3072 687 3429 741 Dimittuntur

1870 787 1961 840 tibi
2003 794 2222 854 peccata
2255 794 2381 847 tua;
2422 799 2487 835 an
2513 782 2732 835 dicere:
2770 779 2943 848 Surge
2986 793 3040 833 et
3069 779 3332 832 ambula?
3376 780 3442 833 lJt

1867 890 2044 932 autem
2067 875 2272 939 sciatis,
2307 875 2430 944 quia
2462 873 2634 929 Filius
2664 874 2899 929 hominis
2930 882 3249 945 potestatem
3282 872 3441 925 habet

1870 970 1922 1023 in
1957 978 2097 1021 terra
2139 966 2441 1019 dimittendi
2484 976 2723 1032 peccata,
2752 965 2863 1036 (ait
2912 964 3244 1035 paralyticu)
3278 977 3292 1014 :
3323 961 3441 1014 Tibi

1869 1060 2010 1119 dico.
2042 1072 2223 1125 surge,
2246 1057 2371 1110 tolle
2426 1055 2622 1110 lectum
2654 1065 2823 1120 tuum,
2852 1064 2907 1108 et
2957 1055 3090 1107 vade
3119 1055 3168 1106 iu
3224 1055 3440 1106 domum

1872 1162 2017 1205 tuam
2051 1150 2116 1203 ³³.
2152 1169 2171 1200 ι
2198 1147 2255 1203 Si
2283 1148 2429 1202 solus
2466 1147 2840 1199 uuiversorum
2882 1144 3143 1199 Dominus
3172 1158 3200 1196 a
3234 1142 3442 1197 delictis

1870 1258 1968 1298 nos
1992 1243 2195 1311 expiat,
2225 1256 2323 1294 nec
2370 1239 2421 1292 iu
2468 1238 2631 1291 ullum
2683 1237 2853 1291 alium
2901 1237 3043 1290 istud
3082 1236 3358 1298 convenit,
3389 1244 3444 1287 et

1869 1334 2117 1389 Christus
2172 1346 2291 1383 cum
2350 1329 2532 1383 divina
2586 1329 2913 1383 auctoritate
2959 1328 3062 1381 hoc
3094 1328 3267 1393 ipsum
3302 1341 3441 1393 prae-

1870 1433 1975 1479 stat
2021 1440 2035 1474 :
2073 1422 2162 1491 qui
2190 1420 2303 1476 ﬁeri
2334 1429 2530 1489 potest,
2562 1431 2618 1473 ut
2661 1418 2805 1472 Deus
2850 1433 2952 1472 non
3012 1417 3280 1471 exsistat?
3308 1414 3441 1468 Nam

1872 1514 1972 1567 etsi
2004 1510 2263 1575 Verbum,
2298 1510 2439 1579 quod
2491 1510 2784 1564 secundum
2835 1524 3053 1563 carnem
3100 1523 3164 1561 ex
3220 1507 3445 1561 muliere

1874 1615 2058 1659 natum
2111 1612 2217 1666 est,
2245 1602 2366 1656 Filii
2402 1602 2638 1656 hominis
2682 1601 3049 1672 appellatiOue
3107 1601 3440 1669 designetur,

1880 1694 2221 1750 nihilominus
2253 1703 2430 1746 tamen
2451 1690 2591 1746 Deus
2613 1704 2715 1746 est.

1950 1807 1967 1839 ι
1997 1788 2051 1842 ln
2072 1788 2184 1856 ipsa
2210 1787 2341 1841 hora
2367 1794 2546 1839 autem
2579 1785 2774 1838 nmltos
2795 1784 2998 1837 curavit
3020 1799 3046 1836 a
3071 1782 3439 1847 languoribus,

203 1867 398 1933 νόσων,
429 1870 523 1921 καὶ
554 1870 858 1939 μαστίγων,
893 1871 988 1923 καὶ
1018 1871 1349 1941 πνευμάτων
1378 1873 1657 1944 πονηρῶν·
1682 1874 1776 1926 καὶ

1881 1890 1929 1934 et
1954 1880 2146 1949 plagis,
2183 1888 2237 1932 et
2270 1876 2553 1947 spiritibus
2591 1875 2843 1936 malis,et
2875 1876 3031 1925 cmcis
3061 1872 3241 1925 multis
3273 1873 3442 1923 dona-

202 1960 427 2030 τυφλοῖς
468 1961 683 2026 πολλοῖς
727 1964 1020 2033 ἐχαρίσατο
1060 1965 1121 2017 τὸ
1170 1964 1408 2033 βλέπειν.
1471 1968 1580 2019 Καὶ
1632 1968 1772 2020 ἀπο-

206 2051 417 2121 κριθεὶς
469 2047 621 2106 εἶπεν
672 2054 895 2117 αὐτοῖς·
972 2054 1335 2123 Πορευθέντες
1403 2057 1773 2125 ἀπαγγείλατε

219 2140 438 2215 Ἰωάννῃ
465 2142 503 2197 ἃ.
532 2144 700 2198 είδετε
741 2146 837 2199 καὶ
865 2145 1135 2215 ἠκούσατε
1155 2163 1171 2180 ο
1206 2148 1291 2200 ὅτι
1321 2148 1511 2216 τυφλοὶ
1541 2150 1773 2202 ἀναϐλέ-

208 2252 397 2299 πουσι,
428 2235 590 2306 χωλοὶ
616 2237 995 2309 περιπατοῦσι,
1017 2237 1210 2308 λεπροὶ
1234 2239 1645 2310 καθαρίζονται,
1668 2259 1777 2293 κω-

207 2325 300 2393 φοὶ
344 2326 631 2390 ἀκούουσι,
658 2330 841 2397 νεκροὶ
884 2327 1213 2399 ἐγείρονται,
1250 2331 1458 2400 πτωχοὶ
1484 2331 1774 2399 εὐαγγελί-

208 2417 411 2479 ζονται.
446 2418 553 2471 Καὶ
588 2418 857 2489 μακάριός
885 2420 1053 2481 ἐστιν,
1097 2418 1155 2482 ὃς
1192 2420 1259 2473 ἂν
1296 2421 1369 2491 μὴ
1412 2421 1772 2494 σκανδαλισθῇ

213 2506 272 2558 ἐν
298 2508 442 2578 ἐμοί.
471 2526 490 2560 ι
509 2508 732 2579 Ἔργοις
764 2509 945 2571 αὐτοῖς
977 2511 1249 2575 ἐπιδείξας
1282 2512 1472 2565 ἐαυτὸν
1494 2515 1522 2566 6
1546 2513 1772 2584 Χριστὸς

209 2598 321 2651 τῶν
348 2598 669 2672 θεοπρεπῶν
699 2600 1241 2671 μεγαλουργημάτων
1278 2604 1663 2675 ἀποτελεστὴν,
1696 2606 1777 2668 εἰς

210 2690 515 2763 ἀνάμνησιν
544 2693 807 2763 ἀναφέρει
832 2694 939 2746 τῶν
981 2696 1285 2766 εἰρημένων
1314 2696 1399 2749 διὰ
1434 2697 1616 2765 φωνῆς
1647 2714 1779 2765 προ-

213 2782 401 2852 φητῶν
434 2784 561 2854 περὶ
588 2784 929 2855 αύτοῦ.Ἕφη
956 2786 1138 2839 τοίνυν
1171 2789 1199 2839 6
1234 2787 1502 2857 μακάριος
1528 2787 1775 2849 Ἡσαΐας·

221 2894 240 2927 ι
262 2877 557 2947 ’ἰσχύσατε,
590 2880 771 2947 χεῖρες
804 2878 1106 2948 ἀνειμέναι,
1125 2881 1218 2933 καὶ
1248 2880 1449 2947 γόνατα
1476 2879 1780 2949 παραλελυ-

218 2967 374 3039 μένα.
408 2987 427 3020 t
463 2965 598 3022 Εἶτα
630 2972 910 3040 μονονουχὶ
953 2973 1048 3024 καὶ
1093 2975 1253 3044 χεῖρα
1280 2973 1580 3043 προτείνων
1609 2990 1780 3025 κατα-

211 3058 453 3113 δείκνυσι
491 3060 583 3113 τὸν
634 3060 1018 3131 Ἑμμανουὴλ,
1064 3060 1207 3114 οὕτω
1252 3061 1461 3129 λέγων·
1502 3080 1520 3112 ι
1571 3061 1701 3115 Ἰδοὺ
1752 3061 1781 3113 6

214 3149 348 3213 Θεὸς
371 3150 550 3222 ήμῶν,
584 3151 692 3204 ἰδοὺ
735 3152 939 3223 Κύριος
969 3152 1108 3223 μετὰ
1138 3152 1321 3222 ἰσχύος
1354 3151 1594 3223 ἔρχεται,
1625 3154 1719 3205 καὶ
1752 3154 1781 3206 6

217 3242 456 3314 βραχίων
496 3244 635 3315 μετὰ
681 3246 921 3316 κυρείας.
953 3265 971 3297 t
1006 3248 1150 3315 Ἔφη
1187 3247 1244 3299 δὲ
1294 3248 1387 3299 καὶ
1425 3250 1483 3299 ἐν
1532 3246 1773 3315 ἑτέροις,
1804 3228 1846 3284 C

213 3336 298 3389 ὅτι
329 3355 347 3389 t
384 3335 517 3389 Τότε
544 3337 953 3410 άνοιχθῆσονται
978 3338 1247 3408 ὀφθαλμοὶ
1274 3338 1513 3408 τυφλῶν,
1549 3339 1643 3391 καὶ
1670 3332 1783 3390 ὦτα

214 3425 418 3494 κωφῶν
456 3425 777 3480 ἀκούσονται
798 3445 813 3459 ο
848 3429 966 3481 τότε
1018 3429 1223 3480 άλείται
1252 3428 1422 3498 χωλὸς
1451 3427 1527 3490 ὡς
1562 3427 1781 3496 ἔλαφος,

133 3542 143 3553 ·
214 3513 311 3567 καὶ
368 3515 540 3585 τρανὴ
590 3515 744 3570 ἔσται
790 3516 1012 3584 γλῶσσα
1057 3517 1381 3588 μογιλάλων.
1416 3536 1433 3568 ι
1491 3518 1622 3569 Καὶΐ
1651 3516 1783 3585 πρὸς

213 3605 426 3670 τούτοις
450 3606 531 3660 ἐτι
552 3624 566 3638 ·
603 3625 622 3658 ι
666 3609 1086 3678 ’Δναστήσονται
1114 3612 1163 3663 οἱ
1205 3611 1412 3680 νεκροὶ,
1440 3610 1533 3661 καὶ
1562 3608 1785 3678 ἐγερθή-

217 3717 400 3755 σονται
429 3702 478 3754 οἰ
510 3702 567 3754 ἐν
596 3703 709 3764 τοῖς
744 3702 1030 3773 μνημείοις
1051 3718 1064 3731 ⁸
1108 3703 1143 3771 ἡ
1171 3702 1280 3771 γάρ
1320 3700 1510 3770 δρόσος
1552 3700 1585 3769 ἡ
1632 3698 1783 3768 παρὰ

217 3792 335 3859 σοῦ,
384 3792 522 3866 ἴαμα
567 3795 751 3857 αὐτοῖς
794 3798 963 3847 ἐστιν.
1006 3814 1025 3846 ι
1070 3795 1216 3863 Ἔφη
1268 3792 1326 3844 δὲ
1372 3792 1534 3844 πάλιν
1579 3790 1672 3844 καὶ
1719 3793 1784 3843 ἐκ

216 3885 512 3958 προσώπου
559 3885 797 3957 Χριστοῦ
819 3904 834 3917 ο
868 3906 885 3936 ‹
924 3885 1146 3955 Πνεῦμα
1179 3883 1383 3955 Κυρίου
1431 3883 1516 3935 ἐπ’
1550 3882 1649 3952 ἐμὲ
1671 3920 1687 3943 ,
1720 3875 1783 3934 οῦ

215 3979 423 4033 είνεκεν
440 3978 621 4049 ἐχρισέ
645 3993 731 4048 με’
749 3976 1203 4045 εὐαγγελίσασθαι
1222 3976 1454 4043 πτωχοῖς
1471 3971 1783 4026 ἀπέσταλκὲ

221 4086 310 4141 με,
342 4070 580 4140 κηρύξαι
609 4067 974 4139 αἰχμαλώτοις
1016 4069 1229 4135 ἄφεσιν,
1274 4066 1368 4119 καὶ
1406 4064 1625 4134 τυφλοῖς
1658 4064 1785 4117 ἀνά-

220 4159 423 4231 βλεψιν.
462 4180 480 4213 ι
520 4160 646 4214 Ὀτε
692 4160 871 4213 τοίνυν
912 4163 1011 4230 τῆς
1049 4160 1133 4227 ἐφ’
1179 4156 1356 4227 ἐαυτῷ
1404 4157 1636 4218 πίστεως
1684 4154 1785 4218 τὰς

218 4251 327 4307 τῶν
357 4252 652 4324 προφητῶν
684 4253 866 4321 φωνὰς
894 4255 1125 4304 ποιεῖται
1153 4252 1398 4319 σημεῖον,
1441 4250 1607 4318 ἤγουν
1651 4248 1788 4301 ἁπό-

218 4344 408 4411 δειξιν,
442 4344 576 4397 Θεὸν
597 4343 653 4396 δὲ
685 4344 848 4397 αὑτὸν
877 4344 926 4396 οἱ
951 4342 1225 4413 προφῆται
1253 4341 1581 4412 κηρύττουσι
1600 4357 1613 4369 '
1647 4338 1729 4402 τίς
1757 4339 1787 4392 ὁ

220 4434 429 4497 τούτοις
457 4433 524 4485 τὰ
553 4433 768 4487 ἐναντία
793 4433 957 4501 φάναι
985 4432 1229 4502 τολμῶνς

304 4523 705 4596 Ἐχειμάζοντο,
736 4524 888 4594 φησὶ,
918 4525 1057 4577 κατὰ
1090 4524 1188 4594 τὴν
1219 4523 1411 4593 λίμνην
1441 4523 1489 4575 οἱ
1523 4519 1781 4592 μαθηταί·

220 4612 339 4672 εἶτα
388 4636 407 4668 ι
438 4616 857 4686 προσελθόντες,
918 4616 1200 4686 διήγειραν
1254 4616 1439 4679 αὐτὸν,
1495 4614 1783 4681 λέγοντες·

230 4707 547 4772 Ἐπιστάτα,
568 4706 934 4776 ἀπολλύμεθα.
954 4707 1009 4760 Ὀ
1032 4707 1089 4759 δὲ
1121 4707 1446 4778 διεγερθεὶς,
1481 4706 1785 4775 ἐπετίμησε

219 4799 299 4871 τῷ
321 4800 527 4870 ἀνέμῳ,
552 4800 645 4852 καὶ
672 4798 750 4869 τῷ
779 4797 1005 4850 κλύδωνι
1032 4798 1125 4851 τοῦ
1156 4797 1346 4860 ὓδατος
1366 4814 1378 4827 ·
1418 4798 1512 4849 καὶ
1548 4797 1788 4850 ἐπαύσαο

219 4909 314 4957 το,
343 4894 436 4945 καὶ
464 4892 677 4960 ἐγένετο
700 4892 927 4961 γαλήνη.
963 4908 980 4940 ι
1015 4891 1240 4960 Εἴρηται
1270 4890 1397 4960 περὶ
1435 4887 1669 4956 Χριστοῦ
1700 4886 1789 4940 διὰ

226 4983 408 5053 φωνῆς
450 4982 543 5034 τοῦ
597 4981 864 5051 μακαρίου
918 4980 1119 5033 Δαυῐδ’
1178 5000 1195 5031 ι
1237 4982 1309 5033 Σὺ
1354 4980 1633 5043 δεσπόζεις
1692 4977 1787 5031 τοῦ

228 5072 460 5137 κράτους
483 5070 582 5142 τῆς
608 5070 902 5139 θαλάσσης,
942 5071 1035 5123 καὶ
1066 5067 1155 5121 τδν
1192 5070 1351 5123 σάλον
1383 5069 1491 5120 τῶν
1528 5067 1788 5137 κυμάτων

226 5164 396 5230 αὐτῆς
432 5161 495 5213 σὺ
526 5160 944 5230 καταπραύνεις.
972 5159 1060 5211 Σοί
1088 5161 1224 5212 εἰσιν
1252 5161 1300 5211 οἰ
1324 5158 1565 5228 οὐρανοὶ,
1596 5158 1690 5209 καὶ
1719 5164 1787 5226 ση

228 5261 373 5309 ἐστιν
397 5255 431 5323 ἡ
458 5253 530 5322 γῆ
559 5268 573 5282 ⁸
604 5252 701 5321 τὴν
732 5252 1077 5321 οἰκουμένην,
1110 5252 1203 5304 καὶ
1230 5252 1291 5303 τὸ
1318 5249 1592 5319 πλήρωμα
1623 5249 1792 5317 αὐτῆς

228 5348 291 5400 σὺ
316 5344 704 5415 ἐθεμελίωσας.
734 5345 890 5397 »Ὅτε
922 5347 1108 5396 τοίνυν
1128 5343 1203 5413 τῷ
1230 5342 1669 5412 καταπραΰνοντι
1694 5340 1791 5411 τὴν

227 5438 503 5491 θάλασσαν
543 5433 744 5503 πρέποι
795 5434 861 5486 ἂν
910 5436 1003 5487 καὶ
1048 5434 1108 5487 τὸ
1148 5432 1429 5496 δεσπόζειν
1475 5431 1587 5484 τῶν
1630 5432 1787 5495 ὅλων,

227 5532 373 5601 ἔχειν
400 5528 456 5580 δὲ
502 5526 665 5589 ἰδίους
693 5527 819 5589 τοὺς
847 5527 1131 5597 οὐρανοὺς,
1179 5528 1271 5579 καὶ
1312 5526 1595 5597 θεμελιοῦν
1636 5524 1794 5579 δύνα-

296 5712 339 5741 ³³
374 5711 500 5765 Lttc.
528 5729 580 5778 v,
610 5712 797 5764 22-91.

237 5782 300 5835 19
396 5784 440 5813 ⁸⁸
476 5782 576 5837 isa.
608 5798 717 5847 ut,
756 5783 777 5835 1
810 5799 823 5845 ;
860 5779 991 5833 Luc.
1025 5794 1097 5845 Iv,
1130 5780 1215 5832 18.

878 5709 922 5739 ”
956 5706 1085 5760 Luc.
1123 5722 1218 5761 vn.
1240 5705 1437 5761 2|.‘23.

1204 5750 1218 5831 ἶ
1244 5747 1299 5761 ﬂ
1312 5747 1514 5830 ίθῖίις.
1540 5747 1771 5843 νιιίζηάί

1516 5706 1577 5737 ³δ⁹
1605 5704 1706 5759 lsa.
1740 5720 1835 5773 ιη,
1859 5721 1897 5765 t,
1932 5705 1987 5757 3.

1873 1974 1949 2025 vit
1989 1973 2182 2025 visum.
2218 1970 2281 2023 Et
2306 1970 2639 2038 respondens
2666 1968 2802 2020 dixit
2833 1967 2936 2019 illis
2965 1984 2978 2019 :
3019 1966 3218 2018 Euutes
3244 1978 3444 2015 renun-

1875 2063 2008 2116 tiate
2060 2059 2256 2115 Joanui
2310 2074 2432 2128 quat
2484 2057 2714 2112 audistis
2768 2066 2822 2110 et
2856 2057 3064 2110 vidistis
3101 2070 3115 2107 :
3153 2055 3277 2124 quia
3313 2052 3441 2106 caeci

1873 2154 2079 2217 vident,
2106 2151 2280 2206 claudi
2340 2147 2859 2215 ambulant,leprosi
2916 2148 3265 2209 mundantur,
3294 2144 3444 2196 surdi

1876 2244 2124 2307 audiunt,
2151 2241 2347 2297 mortui
2406 2248 2717 2308 resurgunt,
2753 2252 3016 2308 pauperes
3069 2236 3447 2304 cvamgelizan-

1874 2345 1964 2391 tur
1996 2353 2009 2389 :
2048 2343 2102 2387 et
2136 2335 2325 2388 beatus
2354 2339 2436 2386 est
2464 2332 2773 2399 quicunque
2808 2345 2913 2382 non
2977 2328 3139 2382 fuerit
3175 2328 3445 2382 scandali-

1877 2436 2030 2481 zatus
2058 2426 2109 2478 iu
2137 2439 2221 2479 me
2250 2423 2313 2477 “.
2346 2442 2364 2473 ι
2392 2422 2573 2477 Factis
2609 2420 2916 2474 divinorum
2953 2418 3220 2488 planeque
3270 2419 3444 2473 admi-

1878 2515 2124 2571 rabilium
2193 2529 2416 2583 operum
2480 2520 2813 2579 patratorem
2889 2510 3141 2565 Christus
3202 2524 3261 2563 se
3330 2524 3449 2562 esse

1879 2611 2291 2670 demonstrans,
2332 2620 2451 2673 quae
2492 2620 2587 2673 per
2630 2603 2907 2672 propheta:
2955 2617 3141 2655 vocem
3175 2602 3448 2671 quondam

1878 2699 1945 2753 de
1998 2713 2056 2751 se
2107 2696 2361 2767 praedicta
2416 2693 2654 2758 fuerant,
2709 2693 2762 2745 in
2823 2693 3143 2745 memoriam
3212 2691 3444 2745 reducit.

1879 2788 2258 2845 Dixeratenim
2286 2785 2491 2841 Isaias:
2521 2803 2539 2835 ι
2560 2783 2951 2839 Coul’ortamini
2979 2798 3168 2835 manus
3190 2782 3450 2842 remissre,

1878 2891 1931 2937 et
1969 2897 2141 2951 genua
2195 2881 2367 2935 soluta
2400 2880 2492 2935 ³⁸⁵.
2534 2897 2551 2929 ι
2586 2878 2704 2930 Mox
2758 2890 2890 2929 vero
2925 2875 3078 2944 quasi
3124 2874 3288 2945 digito
3330 2890 3452 2942 pro—

1884 2982 2107 3027 tensave
2162 2986 2322 3024 manu
2383 2968 2789 3022 Emmanuclem
2841 2968 3155 3029 ostendens,
3211 2966 3281 3018 ita
3337 2965 3452 3016 ait:

1889 3083 1906 3114 ι
1941 3062 2081 3117 Ecce
2130 3062 2271 3115 Deus
2303 3071 2506 3123 uoster,
2531 3076 2659 3113 ecce
2689 3060 2945 3112 Dominus
2975 3074 3095 3111 cum
3142 3056 3455 3110 fortitudine

1883 3155 2053 3217 venit,
2107 3162 2161 3207 el
2228 3153 2508 3207 brachium
2564 3167 2685 3205 cum
2750 3151 3117 3204 dominatione
3142 3149 3209 3202 ³⁸.
3258 3166 3276 3199 ›
3318 3147 3457 3201 Dicit

1882 3247 2020 3299 idem
2048 3254 2101 3299 et
2133 3244 2239 3297 alio
2278 3258 2494 3313 quoque
2524 3242 2680 3296 loco:
2708 3260 2726 3292 ι
2771 3241 2923 3295 Tunc
2961 3241 3275 3310 aperientur
3313 3239 3454 3293 oculi

1883 3351 2170 3399 czccorum,
2204 3345 2256 3389 et
2313 3350 2475 3388 aures
2504 3333 2790 3388 surdorum
2837 3334 3077 3395 audient,
3116 3342 3243 3384 tunc
3278 3331 3459 3384 {salic-t

1884 3430 2022 3482 sicut
2055 3443 2247 3481 cervus
2299 3426 2541 3487 claudus,
2577 3435 2631 3479 et
2671 3427 2918 3493 expedita
2949 3424 3053 3480 erit
3104 3426 3287 3493 lingua
3346 3424 3459 3477 bal-

1888 3522 2208 3575 butientium
2236 3521 2304 3573 ²⁶.
2333 3538 2351 3571 ›
2386 3518 2550 3572 Addit
2581 3528 2842 3588 praeterea
2881 3537 2894 3573 :
2931 3539 2948 3570 ι
2976 3518 3211 3585 Surgent
3238 3519 3456 3578 mortui.

1886 3622 1940 3664 et
1985 3609 2394 3678 resurgentqui
2460 3608 2512 3662 in
2568 3609 2934 3663 monumentis
2989 3620 3160 3663 sunt:
3201 3624 3323 3661 nam
3372 3626 3459 3663 ros

1885 3700 1974 3770 qui
2034 3712 2164 3765 ate,
2213 3700 2343 3769 ipsis
2377 3700 2586 3754 sanitas
2621 3710 2706 3754 est
2732 3701 2794 3754 ³⁷.
2841 3719 2858 3751 ›
2916 3700 3147 3754 Rursum
3185 3703 3324 3757 idem
3404 3703 3456 3754 iu

1886 3806 2112 3862 persona
2147 3791 2346 3846 Christi
2398 3791 2472 3845 ita
2528 3792 2604 3845 ait
2637 3809 2650 3844 :
2685 3810 2703 3842 ι
2738 3788 2968 3859 Spiritus
3017 3791 3231 3847 Domini
3292 3810 3458 3862 super

1886 3903 1993 3954 me,
2028 3887 2182 3956 cujus
2213 3903 2374 3941 causa
2408 3888 2560 3940 unxit
2592 3904 2695 3949 me,
2730 3887 3105 3957 evangelizare
3131 3889 3458 3956 pauperibus

1887 3977 2033 4030 misit
2062 3991 2167 4038 me,
2202 3977 2494 4044 praedicare
2514 3975 2745 4041 captivis
2782 3976 3179 4039 remissionem,
3205 3984 3258 4028 et
3295 3978 3457 4029 cumis

1885 4067 2032 4119 visus
2055 4065 2387 4133 apertionem
2417 4063 2484 4115 ³⁸.
2519 4084 2535 4113 ι
2563 4064 2698 4117 Cum
2734 4079 2864 4131 ergo
2900 4064 3283 4132 prephetarum
3326 4080 3456 4117 ora-

1886 4158 2006 4211 cula
2046 4158 2164 4211 fidei
2226 4173 2346 4226 qme
2403 4158 2502 4226 ipsi
2536 4158 2783 4219 debetur,
2820 4165 3194 4226 argumentum
3259 4159 3458 4225 proba-

1890 4251 2199 4318 Iionemque
2240 4252 2491 4314 adducat,
2524 4250 2733 4318 ipsique
2772 4250 3047 4316 prophetae
3084 4249 3249 4303 Deum
3306 4250 3455 4303 illum

1887 4356 2008 4395 esse
2069 4341 2384 4410 prmdiceut,
2426 4342 2548 4409 quis
2611 4341 2695 4394 his
2748 4340 3017 4394 contraria
3064 4356 3312 4396 asserere
3360 4358 3458 4394 au-

1888 4433 2049 4503 deat?

1965 4525 2100 4579 Dum
2130 4524 2373 4593 discipuli
2402 4533 2719 4592 tempestate
2763 4530 2815 4579 in
2848 4536 3040 4594 stagno
3088 4524 3452 4593 jactarentur,

1897 4634 1914 4665 ι
1940 4615 2258 4670 accedentes
2286 4615 2615 4669 suscitarent
2638 4631 2783 4680 eum,
2808 4617 3047 4671 dicentes
3078 4632 3091 4668 :
3126 4614 3455 4685 Praeceptor,

1890 4708 2145 4775 perimus.
2178 4708 2377 4778 At90
2401 4708 2489 4762 ille
2537 4724 2763 4777 surgens
2815 4708 3113 4777 increpavit
3141 4718 3356 4762 ventum
3404 4718 3461 4760 et

1892 4805 2277 4865 teumestatem‘
2321 4814 2473 4868 aqua:
2503 4817 2514 4853 :
2549 4809 2603 4853 et
2645 4799 2900 4862 cessavit,
2928 4810 2983 4854 et
3013 4798 3152 4854 facta
3186 4809 3269 4853 est
3315 4808 3467 4852 tran-

1890 4889 2134 4957 quillitas
2175 4890 2244 4941 ³⁸.
2284 4908 2302 4941 ›
2334 4889 2585 4945 Davidica
2612 4904 2744 4944 voce
2785 4889 3044 4956 ejusmodi
3090 4892 3369 4945 oraculum
3400 4893 3466 4945 de

1891 4979 2112 5033 Christo
2165 4979 2368 5033 editum
2434 4989 2554 5033 erat
2599 4999 2612 5033 :
2658 4998 2677 5030 ι
2720 4980 2799 5034 'l'u
2851 4982 3148 5036 dominaris
3210 4984 3462 5051 potestati

1897 5071 2082 5134 maris,
2122 5078 2177 5123 et
2226 5078 2432 5122 motum
2486 5070 2744 5124 [luctuum
2789 5073 2909 5139 ejus
2967 5082 3020 5125 tu
3082 5074 3319 5143 mitigas.
3366 5074 3465 5129 Tui

1895 5172 2019 5215 sunt
2053 5162 2200 5226 cmli,
2228 5171 2282 5215 et
2302 5170 2389 5214 tua
2415 5172 2500 5215 est
2534 5173 2697 5226 terra,
2730 5165 2915 5218 orbem
2949 5175 3217 5219 terrarum
3251 5176 3305 5220 et
3356 5167 3469 5235 ple-

1894 5253 2190 5307 nitudinem
2227 5252 2342 5320 ejus
2366 5262 2419 5305 tu
2456 5255 2695 5308 fundasti
2718 5255 2784 5308 ".
2808 5275 2826 5307 ι
2865 5256 2997 5310 Cum
3027 5257 3079 5309 in
3112 5257 3257 5311 illum
3283 5258 3468 5326 igitur,

1894 5345 1985 5413 qui
2040 5345 2210 5397 maria
2242 5348 2414 5408 sedat,
2448 5347 2690 5398 omnium
2743 5362 2922 5399 rerum
2976 5347 3263 5402 Dominum
3321 5365 3467 5414 esse,

1894 5436 2141 5505 proprios
2182 5436 2348 5490 cmlos
2403 5437 2700 5505 possidere,
2745 5440 2935 5493 orbem
2982 5447 3275 5501 terrarum,
3325 5440 3471 5509 ejus-

1895 5526 2123 5594 demque
2158 5526 2541 5595 plenitudinem
2604 5543 2761 5596 posse
2794 5529 3040 5595 l'undare,
3074 5532 3288 5600 proprie
3338 5548 3473 5586 cou-

2065 5704 2109 5735 ³³
2146 5702 2247 5757 lsa.
2280 5720 2367 5765 χι,
2405 5704 2485 5759 10.

2568 5707 2613 5737 ³⁸
2642 5708 2741 5763 lsa.
2785 5722 2949 5769 xxxv,
3108 5705 3151 5737 ³⁷
3182 5704 3286 5761 lsa.
3319 5723 3469 5767 ιινι.

1851 5776 1895 5807 ⁸ο
1926 5774 2071 5831 Psal.
2104 5790 2371 5842 Lxxxvm,
2404 5777 2488 5841 lU,
2520 5776 2603 5831 ll.
