  <div class='ocr_page' id='page_1' title='image "/cluster/home/n/w/nwhite01/storage/ocr_20150623/76/nnc1.0046980067/667.png"; bbox 0 0 4044 6332; ppageno 0'>
   <div class='ocr_carea' id='block_1_1' title="bbox 576 313 712 370">
    <p class='ocr_par' dir='ltr' id='par_1_1' title="bbox 576 313 712 370">
     <span class='ocr_line' id='line_1_1' title="bbox 576 313 712 370; baseline 0.015 -2"><span class='ocrx_word' id='word_1_1' title='bbox 576 313 712 370; x_wconf 69' lang='grc'><strong>1279</strong></span> 
     </span>
    </p>
   </div>
   <div class='ocr_carea' id='block_1_2' title="bbox 574 522 2157 597">
    <p class='ocr_par' dir='ltr' id='par_1_2' title="bbox 574 522 2157 597">
     <span class='ocr_line' id='line_1_2' title="bbox 574 522 2157 597; baseline 0.005 -23"><span class='ocrx_word' id='word_1_2' title='bbox 574 533 628 574; x_wconf 84' lang='lat' dir='ltr'><strong>et</strong></span> <span class='ocrx_word' id='word_1_3' title='bbox 684 523 857 577; x_wconf 82' lang='lat' dir='ltr'><strong>ventis</strong></span> <span class='ocrx_word' id='word_1_4' title='bbox 919 522 1167 592; x_wconf 88' lang='lat' dir='ltr'><strong>imperat,</strong></span> <span class='ocrx_word' id='word_1_5' title='bbox 1223 543 1406 581; x_wconf 75' lang='lat' dir='ltr'><strong>verum</strong></span> <span class='ocrx_word' id='word_1_6' title='bbox 1468 528 1633 583; x_wconf 86' lang='lat' dir='ltr'><strong>Deum</strong></span> <span class='ocrx_word' id='word_1_7' title='bbox 1707 545 1830 584; x_wconf 87' lang='lat' dir='ltr'><strong>esse</strong></span> <span class='ocrx_word' id='word_1_8' title='bbox 1882 529 2157 597; x_wconf 63' lang='lat' dir='ltr'><strong>ambigi-re</strong></span> 
     </span>
    </p>
   </div>
   <div class='ocr_carea' id='block_1_3' title="bbox 575 624 741 681">
    <p class='ocr_par' dir='ltr' id='par_1_3' title="bbox 575 624 741 681">
     <span class='ocr_line' id='line_1_3' title="bbox 575 624 741 681; baseline 0.006 -18"><span class='ocrx_word' id='word_1_9' title='bbox 575 624 741 681; x_wconf 79' lang='lat' dir='ltr'><strong>queat</strong></span> 
     </span>
    </p>
   </div>
   <div class='ocr_carea' id='block_1_4' title="bbox 655 785 2161 861">
    <p class='ocr_par' dir='ltr' id='par_1_4' title="bbox 655 785 2161 861">
     <span class='ocr_line' id='line_1_4' title="bbox 655 785 2161 861; baseline 0.004 -21"><span class='ocrx_word' id='word_1_10' title='bbox 655 804 675 840; x_wconf 77' lang='grc' dir='ltr'>ι</span> <span class='ocrx_word' id='word_1_11' title='bbox 710 785 956 858; x_wconf 78' lang='lat' dir='ltr'><strong>Hogabat</strong></span> <span class='ocrx_word' id='word_1_12' title='bbox 985 791 1131 843; x_wconf 91' lang='lat' dir='ltr'><strong>illum</strong></span> <span class='ocrx_word' id='word_1_13' title='bbox 1170 793 1273 857; x_wconf 87' lang='lat' dir='ltr'><strong>vir,</strong></span> <span class='ocrx_word' id='word_1_14' title='bbox 1300 810 1328 846; x_wconf 87' lang='lat' dir='ltr'><strong>a</strong></span> <span class='ocrx_word' id='word_1_15' title='bbox 1369 810 1478 861; x_wconf 90' lang='lat' dir='ltr'><strong>quo</strong></span> <span class='ocrx_word' id='word_1_16' title='bbox 1501 795 1762 848; x_wconf 71' lang='lat' dir='ltr'><strong>drrmonia</strong></span> <span class='ocrx_word' id='word_1_17' title='bbox 1799 796 2066 857; x_wconf 81' lang='lat' dir='ltr'><strong>exierant,</strong></span> <span class='ocrx_word' id='word_1_18' title='bbox 2103 805 2161 848; x_wconf 89' lang='lat' dir='ltr'><strong>ut</strong></span> 
     </span>
    </p>
   </div>
   <div class='ocr_carea' id='block_1_5' title="bbox 576 882 2156 950">
    <p class='ocr_par' dir='ltr' id='par_1_5' title="bbox 576 882 2156 950">
     <span class='ocr_line' id='line_1_5' title="bbox 576 882 2156 950; baseline 0.008 -20"><span class='ocrx_word' id='word_1_19' title='bbox 576 895 698 931; x_wconf 84' lang='lat' dir='ltr'><strong>cum</strong></span> <span class='ocrx_word' id='word_1_20' title='bbox 745 895 810 933; x_wconf 88' lang='lat' dir='ltr'><strong>eo</strong></span> <span class='ocrx_word' id='word_1_21' title='bbox 853 893 1016 939; x_wconf 87' lang='lat' dir='ltr'><strong>esset.</strong></span> <span class='ocrx_word' id='word_1_22' title='bbox 1056 882 1271 938; x_wconf 77' lang='lat' dir='ltr'><strong>Dimisit</strong></span> <span class='ocrx_word' id='word_1_23' title='bbox 1318 897 1496 938; x_wconf 82' lang='lat' dir='ltr'><strong>autem</strong></span> <span class='ocrx_word' id='word_1_24' title='bbox 1548 903 1669 939; x_wconf 90' lang='lat' dir='ltr'><strong>eum</strong></span> <span class='ocrx_word' id='word_1_25' title='bbox 1718 885 1899 950; x_wconf 77' lang='lat' dir='ltr'><strong>Jesus,</strong></span> <span class='ocrx_word' id='word_1_26' title='bbox 1927 889 2156 942; x_wconf 80' lang='lat' dir='ltr'><strong>dicens:</strong></span> 
     </span>
    </p>
   </div>
   <div class='ocr_carea' id='block_1_6' title="bbox 579 969 2162 1047">
    <p class='ocr_par' dir='ltr' id='par_1_6' title="bbox 579 969 2162 1047">
     <span class='ocr_line' id='line_1_6' title="bbox 579 969 2162 1047; baseline 0.007 -26"><span class='ocrx_word' id='word_1_27' title='bbox 579 969 710 1023; x_wconf 82' lang='lat' dir='ltr'><strong>[lcdi</strong></span> <span class='ocrx_word' id='word_1_28' title='bbox 757 972 810 1023; x_wconf 89' lang='lat' dir='ltr'><strong>in</strong></span> <span class='ocrx_word' id='word_1_29' title='bbox 845 973 1063 1026; x_wconf 85' lang='lat' dir='ltr'><strong>domum</strong></span> <span class='ocrx_word' id='word_1_30' title='bbox 1105 987 1275 1040; x_wconf 91' lang='lat' dir='ltr'><strong>tuam,</strong></span> <span class='ocrx_word' id='word_1_31' title='bbox 1312 986 1366 1030; x_wconf 89' lang='lat' dir='ltr'><strong>et</strong></span> <span class='ocrx_word' id='word_1_32' title='bbox 1409 994 1568 1030; x_wconf 88' lang='lat' dir='ltr'><strong>narra</strong></span> <span class='ocrx_word' id='word_1_33' title='bbox 1625 989 1828 1047; x_wconf 82' lang='lat' dir='ltr'><strong>quanta</strong></span> <span class='ocrx_word' id='word_1_34' title='bbox 1886 979 1978 1033; x_wconf 87' lang='lat' dir='ltr'><strong>tibi</strong></span> <span class='ocrx_word' id='word_1_35' title='bbox 2033 983 2162 1034; x_wconf 79' lang='lat' dir='ltr'><strong>iecit</strong></span> 
     </span>
    </p>
   </div>
   <div class='ocr_carea' id='block_1_7' title="bbox 582 1057 2161 1136">
    <p class='ocr_par' dir='ltr' id='par_1_7' title="bbox 582 1057 2161 1136">
     <span class='ocr_line' id='line_1_7' title="bbox 582 1057 2161 1136; baseline 0.009 -27"><span class='ocrx_word' id='word_1_36' title='bbox 582 1057 737 1113; x_wconf 87' lang='lat' dir='ltr'><strong>Deus.</strong></span> <span class='ocrx_word' id='word_1_37' title='bbox 774 1059 839 1112; x_wconf 88' lang='lat' dir='ltr'><strong>Et</strong></span> <span class='ocrx_word' id='word_1_38' title='bbox 888 1063 1022 1117; x_wconf 89' lang='lat' dir='ltr'><strong>abiit</strong></span> <span class='ocrx_word' id='word_1_39' title='bbox 1070 1079 1166 1132; x_wconf 89' lang='lat' dir='ltr'><strong>per</strong></span> <span class='ocrx_word' id='word_1_40' title='bbox 1191 1065 1496 1119; x_wconf 86' lang='lat' dir='ltr'><strong>universam</strong></span> <span class='ocrx_word' id='word_1_41' title='bbox 1533 1068 1806 1122; x_wconf 84' lang='lat' dir='ltr'><strong>civitatem</strong></span> <span class='ocrx_word' id='word_1_42' title='bbox 1859 1071 2161 1136; x_wconf 63' lang='lat' dir='ltr'><strong>praediatus</strong></span> 
     </span>
    </p>
   </div>
   <div class='ocr_carea' id='block_1_8' title="bbox 575 1153 2162 1219">
    <p class='ocr_par' dir='ltr' id='par_1_8' title="bbox 575 1153 2162 1219">
     <span class='ocr_line' id='line_1_8' title="bbox 575 1153 2162 1219; baseline 0.009 -20"><span class='ocrx_word' id='word_1_43' title='bbox 575 1160 774 1219; x_wconf 89' lang='lat' dir='ltr'><strong>quanta</strong></span> <span class='ocrx_word' id='word_1_44' title='bbox 807 1153 880 1205; x_wconf 92' lang='lat' dir='ltr'><strong>illi</strong></span> <span class='ocrx_word' id='word_1_45' title='bbox 929 1154 1155 1211; x_wconf 80' lang='lat' dir='ltr'><strong>fecisset</strong></span> <span class='ocrx_word' id='word_1_46' title='bbox 1205 1155 1361 1211; x_wconf 80' lang='lat' dir='ltr'><strong>Jesus</strong></span> <span class='ocrx_word' id='word_1_47' title='bbox 1392 1157 1456 1212; x_wconf 77' lang='grc'><strong>⁸⁸.</strong></span> <span class='ocrx_word' id='word_1_48' title='bbox 1485 1178 1502 1209; x_wconf 73' lang='grc' dir='ltr'>ι</span> <span class='ocrx_word' id='word_1_49' title='bbox 1537 1159 1592 1212; x_wconf 93' lang='lat' dir='ltr'><strong>In</strong></span> <span class='ocrx_word' id='word_1_50' title='bbox 1641 1158 2033 1214; x_wconf 81' lang='lat' dir='ltr'><strong>Gerasenorum</strong></span> <span class='ocrx_word' id='word_1_51' title='bbox 2077 1177 2162 1214; x_wconf 79' lang='lat' dir='ltr'><strong>re-</strong></span> 
     </span>
    </p>
   </div>
   <div class='ocr_carea' id='block_1_9' title="bbox 579 1244 2156 1315">
    <p class='ocr_par' dir='ltr' id='par_1_9' title="bbox 579 1244 2156 1315">
     <span class='ocr_line' id='line_1_9' title="bbox 579 1244 2156 1315; baseline 0.009 -23"><span class='ocrx_word' id='word_1_52' title='bbox 579 1244 734 1312; x_wconf 79' lang='lat' dir='ltr'><strong>gione</strong></span> <span class='ocrx_word' id='word_1_53' title='bbox 748 1260 901 1298; x_wconf 76' lang='lat' dir='ltr'><strong>curat</strong></span> <span class='ocrx_word' id='word_1_54' title='bbox 916 1247 951 1298; x_wconf 89' lang='lat' dir='ltr'><strong>il</strong></span> <span class='ocrx_word' id='word_1_55' title='bbox 968 1247 1122 1302; x_wconf 81' lang='lat' dir='ltr'><strong>Jesus</strong></span> <span class='ocrx_word' id='word_1_56' title='bbox 1145 1248 1536 1305; x_wconf 86' lang='lat' dir='ltr'><strong>immanissime</strong></span> <span class='ocrx_word' id='word_1_57' title='bbox 1553 1269 1581 1304; x_wconf 88' lang='lat' dir='ltr'><strong>a</strong></span> <span class='ocrx_word' id='word_1_58' title='bbox 1598 1252 1865 1306; x_wconf 73' lang='lat' dir='ltr'><strong>dzmnonio</strong></span> <span class='ocrx_word' id='word_1_59' title='bbox 1887 1263 2156 1315; x_wconf 80' lang='lat' dir='ltr'><strong>vexatum,</strong></span> 
     </span>
    </p>
   </div>
   <div class='ocr_carea' id='block_1_10' title="bbox 578 1334 2161 1414">
    <p class='ocr_par' dir='ltr' id='par_1_10' title="bbox 578 1334 2161 1414">
     <span class='ocr_line' id='line_1_10' title="bbox 578 1334 2161 1414; baseline 0.009 -28"><span class='ocrx_word' id='word_1_60' title='bbox 578 1334 670 1402; x_wconf 86' lang='lat' dir='ltr'><strong>qui</strong></span> <span class='ocrx_word' id='word_1_61' title='bbox 703 1337 867 1389; x_wconf 88' lang='lat' dir='ltr'><strong>etiam</strong></span> <span class='ocrx_word' id='word_1_62' title='bbox 900 1349 957 1391; x_wconf 91' lang='lat' dir='ltr'><strong>ut</strong></span> <span class='ocrx_word' id='word_1_63' title='bbox 980 1340 1145 1393; x_wconf 87' lang='lat' dir='ltr'><strong>vitam</strong></span> <span class='ocrx_word' id='word_1_64' title='bbox 1173 1341 1274 1395; x_wconf 89' lang='lat' dir='ltr'><strong>sibi</strong></span> <span class='ocrx_word' id='word_1_65' title='bbox 1307 1358 1428 1396; x_wconf 86' lang='lat' dir='ltr'><strong>cum</strong></span> <span class='ocrx_word' id='word_1_66' title='bbox 1453 1359 1517 1396; x_wconf 90' lang='lat' dir='ltr'><strong>co</strong></span> <span class='ocrx_word' id='word_1_67' title='bbox 1543 1359 1702 1413; x_wconf 78' lang='lat' dir='ltr'><strong>agere</strong></span> <span class='ocrx_word' id='word_1_68' title='bbox 1745 1345 2001 1414; x_wconf 82' lang='lat' dir='ltr'><strong>deinceps</strong></span> <span class='ocrx_word' id='word_1_69' title='bbox 2030 1345 2161 1400; x_wconf 92' lang='lat' dir='ltr'><strong>lice-</strong></span> 
     </span>
    </p>
   </div>
   <div class='ocr_carea' id='block_1_11' title="bbox 580 1428 2162 1503">
    <p class='ocr_par' dir='ltr' id='par_1_11' title="bbox 580 1428 2162 1503">
     <span class='ocr_line' id='line_1_11' title="bbox 580 1428 2162 1503; baseline 0.007 -23"><span class='ocrx_word' id='word_1_70' title='bbox 580 1435 682 1490; x_wconf 85' lang='lat' dir='ltr'><strong>ret,</strong></span> <span class='ocrx_word' id='word_1_71' title='bbox 710 1428 908 1483; x_wconf 91' lang='lat' dir='ltr'><strong>obnixe</strong></span> <span class='ocrx_word' id='word_1_72' title='bbox 940 1429 1288 1500; x_wconf 77' lang='lat' dir='ltr'><strong>elliagitabat.</strong></span> <span class='ocrx_word' id='word_1_73' title='bbox 1340 1433 1410 1488; x_wconf 82' lang='lat' dir='ltr'><strong>At</strong></span> <span class='ocrx_word' id='word_1_74' title='bbox 1442 1449 1569 1487; x_wconf 85' lang='lat' dir='ltr'><strong>vero</strong></span> <span class='ocrx_word' id='word_1_75' title='bbox 1613 1438 1865 1503; x_wconf 82' lang='lat' dir='ltr'><strong>quamvis</strong></span> <span class='ocrx_word' id='word_1_76' title='bbox 1908 1451 2031 1491; x_wconf 87' lang='lat' dir='ltr'><strong>eum</strong></span> <span class='ocrx_word' id='word_1_77' title='bbox 2076 1453 2162 1491; x_wconf 62' lang='lat' dir='ltr'><strong>sae</strong></span> 
     </span>
    </p>
   </div>
   <div class='ocr_carea' id='block_1_12' title="bbox 581 1523 2161 1595">
    <p class='ocr_par' dir='ltr' id='par_1_12' title="bbox 581 1523 2161 1595">
     <span class='ocr_line' id='line_1_12' title="bbox 581 1523 2161 1595; baseline 0.006 -22"><span class='ocrx_word' id='word_1_78' title='bbox 581 1531 785 1584; x_wconf 80' lang='lat' dir='ltr'><strong>nasset,</strong></span> <span class='ocrx_word' id='word_1_79' title='bbox 817 1523 1145 1591; x_wconf 77' lang='lat' dir='ltr'><strong>spiritusque</strong></span> <span class='ocrx_word' id='word_1_80' title='bbox 1167 1525 1443 1591; x_wconf 70' lang='lat' dir='ltr'><strong>eiecisset,</strong></span> <span class='ocrx_word' id='word_1_81' title='bbox 1489 1527 1645 1595; x_wconf 81' lang='lat' dir='ltr'><strong>jubet</strong></span> <span class='ocrx_word' id='word_1_82' title='bbox 1670 1538 1846 1582; x_wconf 87' lang='lat' dir='ltr'><strong>tamen</strong></span> <span class='ocrx_word' id='word_1_83' title='bbox 1875 1531 2161 1583; x_wconf 79' lang='lat' dir='ltr'><strong>utdontum</strong></span> 
     </span>
    </p>
   </div>
   <div class='ocr_carea' id='block_1_13' title="bbox 581 1619 2160 1686">
    <p class='ocr_par' dir='ltr' id='par_1_13' title="bbox 581 1619 2160 1686">
     <span class='ocr_line' id='line_1_13' title="bbox 581 1619 2160 1686; baseline 0.007 -22"><span class='ocrx_word' id='word_1_84' title='bbox 581 1627 734 1664; x_wconf 85' lang='lat' dir='ltr'><strong>suam</strong></span> <span class='ocrx_word' id='word_1_85' title='bbox 759 1623 988 1680; x_wconf 88' lang='lat' dir='ltr'><strong>repetat,</strong></span> <span class='ocrx_word' id='word_1_86' title='bbox 1020 1630 1330 1686; x_wconf 88' lang='lat' dir='ltr'><strong>quantaque</strong></span> <span class='ocrx_word' id='word_1_87' title='bbox 1357 1620 1459 1673; x_wconf 84' lang='lat' dir='ltr'><strong>sibi</strong></span> <span class='ocrx_word' id='word_1_88' title='bbox 1501 1619 1721 1674; x_wconf 75' lang='lat' dir='ltr'><strong>fecisset</strong></span> <span class='ocrx_word' id='word_1_89' title='bbox 1745 1623 1903 1684; x_wconf 86' lang='lat' dir='ltr'><strong>Deus,</strong></span> <span class='ocrx_word' id='word_1_90' title='bbox 1924 1632 2160 1675; x_wconf 87' lang='lat' dir='ltr'><strong>enarret.</strong></span> 
     </span>
    </p>
   </div>
   <div class='ocr_carea' id='block_1_14' title="bbox 583 1702 2158 1779">
    <p class='ocr_par' dir='ltr' id='par_1_14' title="bbox 583 1702 2158 1779">
     <span class='ocr_line' id='line_1_14' title="bbox 583 1702 2158 1779; baseline 0.005 -21"><span class='ocrx_word' id='word_1_91' title='bbox 583 1702 920 1772; x_wconf 85' lang='lat' dir='ltr'><strong>Operabatur</strong></span> <span class='ocrx_word' id='word_1_92' title='bbox 967 1709 1148 1777; x_wconf 89' lang='lat' dir='ltr'><strong>itaque</strong></span> <span class='ocrx_word' id='word_1_93' title='bbox 1184 1709 1435 1764; x_wconf 84' lang='lat' dir='ltr'><strong>Christus</strong></span> <span class='ocrx_word' id='word_1_94' title='bbox 1489 1720 1744 1779; x_wconf 88' lang='lat' dir='ltr'><strong>tauquam</strong></span> <span class='ocrx_word' id='word_1_95' title='bbox 1799 1727 1956 1765; x_wconf 81' lang='lat' dir='ltr'><strong>verus</strong></span> <span class='ocrx_word' id='word_1_96' title='bbox 1998 1710 2158 1766; x_wconf 90' lang='lat' dir='ltr'><strong>Deus.</strong></span> 
     </span>
    </p>
   </div>
   <div class='ocr_carea' id='block_1_15' title="bbox 1573 314 2815 374">
    <p class='ocr_par' dir='ltr' id='par_1_15' title="bbox 1573 314 2815 374">
     <span class='ocr_line' id='line_1_15' title="bbox 1573 314 2815 374; baseline -0.003 -2"><span class='ocrx_word' id='word_1_97' title='bbox 1573 317 1628 372; x_wconf 85' lang='lat' dir='ltr'><strong>S.</strong></span> <span class='ocrx_word' id='word_1_98' title='bbox 1671 317 1946 372; x_wconf 79' lang='lat' dir='ltr'><strong>CYlllLLl</strong></span> <span class='ocrx_word' id='word_1_99' title='bbox 1985 315 2459 371; x_wconf 68' lang='lat' dir='ltr'><strong>ALEXANDRINI</strong></span> <span class='ocrx_word' id='word_1_100' title='bbox 2495 314 2815 374; x_wconf 78' lang='lat' dir='ltr'><strong>AllClllEP.</strong></span> 
     </span>
    </p>
   </div>
   <div class='ocr_carea' id='block_1_16' title="bbox 574 428 2168 507">
    <p class='ocr_par' dir='ltr' id='par_1_16' title="bbox 574 428 2149 502">
     <span class='ocr_line' id='line_1_16' title="bbox 574 428 2149 502; baseline 0.004 -22"><span class='ocrx_word' id='word_1_101' title='bbox 574 428 927 497; x_wconf 81' lang='lat' dir='ltr'><strong>veniat;quis</strong></span> <span class='ocrx_word' id='word_1_102' title='bbox 975 429 1278 500; x_wconf 88' lang='lat' dir='ltr'><strong>Christum,</strong></span> <span class='ocrx_word' id='word_1_103' title='bbox 1311 434 1400 502; x_wconf 93' lang='lat' dir='ltr'><strong>qui</strong></span> <span class='ocrx_word' id='word_1_104' title='bbox 1465 451 1586 489; x_wconf 90' lang='lat' dir='ltr'><strong>cum</strong></span> <span class='ocrx_word' id='word_1_105' title='bbox 1641 437 1964 489; x_wconf 87' lang='lat' dir='ltr'><strong>auctoritate</strong></span> <span class='ocrx_word' id='word_1_106' title='bbox 2015 435 2149 489; x_wconf 89' lang='lat' dir='ltr'><strong>mari</strong></span> 
     </span>
    </p>
   </div>
   <div class='ocr_carea' id='block_1_17' title="bbox 2273 428 3871 507">
    <p class='ocr_par' dir='ltr' id='par_1_17' title="bbox 2273 428 3871 507">
     <span class='ocr_line' id='line_1_17' title="bbox 2273 428 3871 507; baseline -0.003 -20"><span class='ocrx_word' id='word_1_107' title='bbox 2273 437 2380 489; x_wconf 76' lang='grc' dir='ltr'>ςθαι</span> <span class='ocrx_word' id='word_1_108' title='bbox 2419 435 2518 507; x_wconf 80' lang='grc' dir='ltr'>τὴν</span> <span class='ocrx_word' id='word_1_109' title='bbox 2562 434 2890 504; x_wconf 78' lang='grc' dir='ltr'><strong>οἰκουμένην</strong></span> <span class='ocrx_word' id='word_1_110' title='bbox 2923 431 3016 485; x_wconf 76' lang='grc' dir='ltr'>καὶ</span> <span class='ocrx_word' id='word_1_111' title='bbox 3059 431 3120 484; x_wconf 84' lang='grc' dir='ltr'><strong>τὸ</strong></span> <span class='ocrx_word' id='word_1_112' title='bbox 3158 430 3426 502; x_wconf 77' lang='grc' dir='ltr'>πλήρωμα</span> <span class='ocrx_word' id='word_1_113' title='bbox 3475 430 3651 499; x_wconf 79' lang='grc' dir='ltr'>αὐτῆς</span> <span class='ocrx_word' id='word_1_114' title='bbox 3678 443 3694 455; x_wconf 90' lang='grc'><strong>·</strong></span> <span class='ocrx_word' id='word_1_115' title='bbox 3743 428 3871 490; x_wconf 61' lang='lat'><strong>12&#39;»;</strong></span> 
     </span>
    </p>
   </div>
   <div class='ocr_carea' id='block_1_18' title="bbox 3705 308 3873 365">
    <p class='ocr_par' dir='ltr' id='par_1_18' title="bbox 3705 308 3873 365">
     <span class='ocr_line' id='line_1_18' title="bbox 3705 308 3873 365; baseline -0.012 0"><span class='ocrx_word' id='word_1_116' title='bbox 3705 308 3873 365; x_wconf 70' lang='grc'><strong>1230</strong></span> 
     </span>
    </p>
   </div>
   <div class='ocr_carea' id='block_1_19' title="bbox 2259 519 3875 596">
    <p class='ocr_par' dir='ltr' id='par_1_19' title="bbox 2259 519 3875 596">
     <span class='ocr_line' id='line_1_19' title="bbox 2259 519 3875 596; baseline -0.006 -18"><span class='ocrx_word' id='word_1_117' title='bbox 2259 529 2358 579; x_wconf 79' lang='grc' dir='ltr'>οὐκ</span> <span class='ocrx_word' id='word_1_118' title='bbox 2402 526 2468 580; x_wconf 78' lang='grc' dir='ltr'><strong>ἂν</strong></span> <span class='ocrx_word' id='word_1_119' title='bbox 2503 525 2770 596; x_wconf 79' lang='grc' dir='ltr'><strong>ὑπάρχειν</strong></span> <span class='ocrx_word' id='word_1_120' title='bbox 2808 524 2980 576; x_wconf 81' lang='grc' dir='ltr'><strong>νοοῖτο</strong></span> <span class='ocrx_word' id='word_1_121' title='bbox 3023 521 3155 584; x_wconf 84' lang='grc' dir='ltr'>Θεὸς</span> <span class='ocrx_word' id='word_1_122' title='bbox 3200 521 3416 592; x_wconf 80' lang='grc' dir='ltr'>ἀληθῶς</span> <span class='ocrx_word' id='word_1_123' title='bbox 3450 523 3479 574; x_wconf 88' lang='lat'><strong>6</strong></span> <span class='ocrx_word' id='word_1_124' title='bbox 3509 519 3806 591; x_wconf 75' lang='grc' dir='ltr'>Χριστὸς,</span> <span class='ocrx_word' id='word_1_125' title='bbox 3845 523 3875 569; x_wconf 71' lang='grc' dir='ltr'>ὁ</span> 
     </span>
    </p>
   </div>
   <div class='ocr_carea' id='block_1_20' title="bbox 2260 611 3869 690">
    <p class='ocr_par' dir='ltr' id='par_1_20' title="bbox 2260 611 3869 690">
     <span class='ocr_line' id='line_1_20' title="bbox 2260 611 3869 690; baseline -0.006 -19"><span class='ocrx_word' id='word_1_126' title='bbox 2260 619 2503 690; x_wconf 75' lang='grc' dir='ltr'><strong>θαλάσσῃ</strong></span> <span class='ocrx_word' id='word_1_127' title='bbox 2553 618 2648 670; x_wconf 64' lang='grc' dir='ltr'><strong>καὶ⁹</strong></span> <span class='ocrx_word' id='word_1_128' title='bbox 2691 613 2998 668; x_wconf 62' lang='grc' dir='ltr'>πνεύμασιν</span> <span class='ocrx_word' id='word_1_129' title='bbox 3039 612 3331 683; x_wconf 74' lang='grc' dir='ltr'>ἐπιτιμῶν,</span> <span class='ocrx_word' id='word_1_130' title='bbox 3375 612 3473 665; x_wconf 77' lang='grc' dir='ltr'><strong>καὶ</strong></span> <span class='ocrx_word' id='word_1_131' title='bbox 3512 611 3689 664; x_wconf 77' lang='grc' dir='ltr'>τοῦτο</span> <span class='ocrx_word' id='word_1_132' title='bbox 3745 611 3869 678; x_wconf 73' lang='grc' dir='ltr'>μετ’</span> 
     </span>
    </p>
   </div>
   <div class='ocr_carea' id='block_1_21' title="bbox 2261 709 2528 776">
    <p class='ocr_par' dir='ltr' id='par_1_21' title="bbox 2261 709 2528 776">
     <span class='ocr_line' id='line_1_21' title="bbox 2261 709 2528 776; baseline -0.004 -15"><span class='ocrx_word' id='word_1_133' title='bbox 2261 709 2528 776; x_wconf 57' lang='grc' dir='ltr'>ἐξουσίας</span> 
     </span>
    </p>
   </div>
   <div class='ocr_carea' id='block_1_22' title="bbox 2337 788 3871 867">
    <p class='ocr_par' dir='ltr' id='par_1_22' title="bbox 2337 788 3871 867">
     <span class='ocr_line' id='line_1_22' title="bbox 2337 788 3871 867; baseline -0.005 -17"><span class='ocrx_word' id='word_1_134' title='bbox 2337 821 2355 850; x_wconf 82' lang='lat'><strong>¢</strong></span> <span class='ocrx_word' id='word_1_135' title='bbox 2400 800 2604 853; x_wconf 84' lang='grc' dir='ltr'>Ἑδεῖτο</span> <span class='ocrx_word' id='word_1_136' title='bbox 2627 799 2686 852; x_wconf 85' lang='grc' dir='ltr'>δὲ</span> <span class='ocrx_word' id='word_1_137' title='bbox 2710 797 2875 851; x_wconf 80' lang='grc' dir='ltr'>αὐτοῦ</span> <span class='ocrx_word' id='word_1_138' title='bbox 2905 800 2934 851; x_wconf 88' lang='lat'><strong>6</strong></span> <span class='ocrx_word' id='word_1_139' title='bbox 2965 798 3127 867; x_wconf 83' lang='grc' dir='ltr'>ἀνὴρ,</span> <span class='ocrx_word' id='word_1_140' title='bbox 3178 796 3274 865; x_wconf 76' lang='grc' dir='ltr'>ἀφ’</span> <span class='ocrx_word' id='word_1_141' title='bbox 3317 788 3380 849; x_wconf 70' lang='grc' dir='ltr'>οὗ</span> <span class='ocrx_word' id='word_1_142' title='bbox 3411 795 3750 862; x_wconf 71' lang='grc' dir='ltr'><strong>ἐξεληλύθει</strong></span> <span class='ocrx_word' id='word_1_143' title='bbox 3801 794 3871 843; x_wconf 69' lang='grc' dir='ltr'>τὰ</span> 
     </span>
    </p>
   </div>
   <div class='ocr_carea' id='block_1_23' title="bbox 2260 884 3870 962">
    <p class='ocr_par' dir='ltr' id='par_1_23' title="bbox 2260 884 3870 962">
     <span class='ocr_line' id='line_1_23' title="bbox 2260 884 3870 962; baseline -0.005 -19"><span class='ocrx_word' id='word_1_144' title='bbox 2260 891 2532 962; x_wconf 79' lang='grc' dir='ltr'>δαιμόνια.</span> <span class='ocrx_word' id='word_1_145' title='bbox 2564 885 2704 944; x_wconf 76' lang='grc' dir='ltr'>εἶναι</span> <span class='ocrx_word' id='word_1_146' title='bbox 2737 892 2834 943; x_wconf 78' lang='grc' dir='ltr'>σὺν</span> <span class='ocrx_word' id='word_1_147' title='bbox 2882 888 3050 959; x_wconf 80' lang='grc' dir='ltr'>αὐτῷ.</span> <span class='ocrx_word' id='word_1_148' title='bbox 3089 886 3400 941; x_wconf 77' lang='grc' dir='ltr'><strong>Ἀπέστειλε</strong></span> <span class='ocrx_word' id='word_1_149' title='bbox 3434 886 3492 938; x_wconf 83' lang='grc' dir='ltr'>δὲ</span> <span class='ocrx_word' id='word_1_150' title='bbox 3531 886 3741 942; x_wconf 77' lang='grc' dir='ltr'>αὑτὸν.</span> <span class='ocrx_word' id='word_1_151' title='bbox 3778 884 3870 935; x_wconf 78' lang='grc' dir='ltr'><strong>λέ-</strong></span> 
     </span>
    </p>
   </div>
   <div class='ocr_carea' id='block_1_24' title="bbox 2249 975 3870 1060">
    <p class='ocr_par' dir='ltr' id='par_1_24' title="bbox 2249 975 3870 1060">
     <span class='ocr_line' id='line_1_24' title="bbox 2249 975 3870 1060; baseline -0.005 -25"><span class='ocrx_word' id='word_1_152' title='bbox 2249 999 2374 1060; x_wconf 31' lang='grc' dir='ltr'>,γων</span> <span class='ocrx_word' id='word_1_153' title='bbox 2395 998 2406 1010; x_wconf 89' lang='grc'><strong>·</strong></span> <span class='ocrx_word' id='word_1_154' title='bbox 2451 982 2793 1052; x_wconf 78' lang='grc' dir='ltr'>’Υπόστρεφε</span> <span class='ocrx_word' id='word_1_155' title='bbox 2827 982 2907 1043; x_wconf 83' lang='grc' dir='ltr'><strong>είς</strong></span> <span class='ocrx_word' id='word_1_156' title='bbox 2938 980 3027 1032; x_wconf 87' lang='grc' dir='ltr'><strong>τὸν</strong></span> <span class='ocrx_word' id='word_1_157' title='bbox 3063 975 3210 1032; x_wconf 78' lang='grc' dir='ltr'>οἶκόν</span> <span class='ocrx_word' id='word_1_158' title='bbox 3246 995 3363 1037; x_wconf 85' lang='grc' dir='ltr'>σου.</span> <span class='ocrx_word' id='word_1_159' title='bbox 3391 981 3488 1031; x_wconf 72' lang='grc' dir='ltr'>καὶ</span> <span class='ocrx_word' id='word_1_160' title='bbox 3517 975 3734 1046; x_wconf 78' lang='grc' dir='ltr'>διηγοῦ</span> <span class='ocrx_word' id='word_1_161' title='bbox 3765 978 3870 1028; x_wconf 74' lang='grc' dir='ltr'>ὅσα</span> 
     </span>
    </p>
   </div>
   <div class='ocr_carea' id='block_1_25' title="bbox 2265 1065 3868 1137">
    <p class='ocr_par' dir='ltr' id='par_1_25' title="bbox 2265 1065 3868 1137">
     <span class='ocr_line' id='line_1_25' title="bbox 2265 1065 3868 1137; baseline -0.006 -13"><span class='ocrx_word' id='word_1_162' title='bbox 2265 1089 2347 1124; x_wconf 88' lang='grc' dir='ltr'>σοι</span> <span class='ocrx_word' id='word_1_163' title='bbox 2383 1071 2683 1137; x_wconf 82' lang='grc' dir='ltr'>πεποίηκεν</span> <span class='ocrx_word' id='word_1_164' title='bbox 2729 1072 2757 1123; x_wconf 88' lang='lat'><strong>6</strong></span> <span class='ocrx_word' id='word_1_165' title='bbox 2795 1069 2948 1132; x_wconf 73' lang='grc' dir='ltr'>Θεός.</span> <span class='ocrx_word' id='word_1_166' title='bbox 2996 1069 3108 1122; x_wconf 73' lang='grc' dir='ltr'><strong>Καὶ</strong></span> <span class='ocrx_word' id='word_1_167' title='bbox 3151 1066 3360 1136; x_wconf 79' lang='grc' dir='ltr'>ἀπῆλθε</span> <span class='ocrx_word' id='word_1_168' title='bbox 3400 1067 3530 1119; x_wconf 83' lang='grc' dir='ltr'>καθ’</span> <span class='ocrx_word' id='word_1_169' title='bbox 3572 1065 3721 1134; x_wconf 75' lang='grc' dir='ltr'><strong>ὃλην</strong></span> <span class='ocrx_word' id='word_1_170' title='bbox 3767 1065 3868 1131; x_wconf 73' lang='grc' dir='ltr'><strong>τὴν</strong></span> 
     </span>
    </p>
   </div>
   <div class='ocr_carea' id='block_1_26' title="bbox 2264 1157 3865 1232">
    <p class='ocr_par' dir='ltr' id='par_1_26' title="bbox 2264 1157 3865 1232">
     <span class='ocr_line' id='line_1_26' title="bbox 2264 1157 3865 1232; baseline -0.006 -16"><span class='ocrx_word' id='word_1_171' title='bbox 2264 1163 2417 1216; x_wconf 80' lang='grc' dir='ltr'><strong>πόλιν</strong></span> <span class='ocrx_word' id='word_1_172' title='bbox 2446 1163 2739 1232; x_wconf 77' lang='grc' dir='ltr'><strong>κηρύσσων</strong></span> <span class='ocrx_word' id='word_1_173' title='bbox 2772 1163 2874 1214; x_wconf 82' lang='grc' dir='ltr'>ὅσα</span> <span class='ocrx_word' id='word_1_174' title='bbox 2906 1159 3162 1228; x_wconf 85' lang='grc' dir='ltr'>ἐποίησεν</span> <span class='ocrx_word' id='word_1_175' title='bbox 3191 1157 3339 1226; x_wconf 79' lang='grc' dir='ltr'>αὐτῷ</span> <span class='ocrx_word' id='word_1_176' title='bbox 3368 1160 3396 1211; x_wconf 82' lang='lat'><strong>6</strong></span> <span class='ocrx_word' id='word_1_177' title='bbox 3419 1158 3583 1220; x_wconf 80' lang='grc' dir='ltr'>Θεός.</span> <span class='ocrx_word' id='word_1_178' title='bbox 3613 1177 3632 1208; x_wconf 77' lang='grc' dir='ltr'>ι</span> <span class='ocrx_word' id='word_1_179' title='bbox 3671 1157 3777 1210; x_wconf 74' lang='grc' dir='ltr'><strong>Ἐν</strong></span> <span class='ocrx_word' id='word_1_180' title='bbox 3797 1159 3865 1225; x_wconf 68' lang='grc' dir='ltr'>τῇ</span> 
     </span>
    </p>
   </div>
   <div class='ocr_carea' id='block_1_27' title="bbox 2262 1247 3866 1324">
    <p class='ocr_par' dir='ltr' id='par_1_27' title="bbox 2262 1247 3866 1324">
     <span class='ocr_line' id='line_1_27' title="bbox 2262 1247 3866 1324; baseline -0.006 -16"><span class='ocrx_word' id='word_1_181' title='bbox 2262 1255 2370 1308; x_wconf 83' lang='grc' dir='ltr'><strong>τῶν</strong></span> <span class='ocrx_word' id='word_1_182' title='bbox 2403 1253 2755 1324; x_wconf 85' lang='grc' dir='ltr'>Γεργεσηνῶν</span> <span class='ocrx_word' id='word_1_183' title='bbox 2786 1252 2940 1324; x_wconf 73' lang='grc' dir='ltr'>χώρᾳ.</span> <span class='ocrx_word' id='word_1_184' title='bbox 2966 1250 3372 1320; x_wconf 81' lang='grc' dir='ltr'>τεθεράπευκεν</span> <span class='ocrx_word' id='word_1_185' title='bbox 3400 1251 3433 1302; x_wconf 97' lang='lat'><strong>6</strong></span> <span class='ocrx_word' id='word_1_186' title='bbox 3471 1249 3735 1318; x_wconf 74' lang='grc' dir='ltr'>Χριστὸς</span> <span class='ocrx_word' id='word_1_187' title='bbox 3773 1247 3866 1299; x_wconf 69' lang='grc' dir='ltr'><strong>τὸν</strong></span> 
     </span>
    </p>
   </div>
   <div class='ocr_carea' id='block_1_28' title="bbox 2263 1339 3862 1417">
    <p class='ocr_par' dir='ltr' id='par_1_28' title="bbox 2263 1339 3862 1417">
     <span class='ocr_line' id='line_1_28' title="bbox 2263 1339 3862 1417; baseline -0.006 -17"><span class='ocrx_word' id='word_1_188' title='bbox 2263 1347 2470 1417; x_wconf 82' lang='grc' dir='ltr'>ἀγρίως</span> <span class='ocrx_word' id='word_1_189' title='bbox 2499 1345 2861 1415; x_wconf 79' lang='grc' dir='ltr'>δαιμονῶντα,</span> <span class='ocrx_word' id='word_1_190' title='bbox 2906 1345 2965 1408; x_wconf 83' lang='grc' dir='ltr'><strong>ὃς</strong></span> <span class='ocrx_word' id='word_1_191' title='bbox 2995 1343 3086 1396; x_wconf 72' lang='grc' dir='ltr'><strong>καὶ</strong></span> <span class='ocrx_word' id='word_1_192' title='bbox 3139 1345 3376 1395; x_wconf 86' lang='grc' dir='ltr'>συνεῖναι</span> <span class='ocrx_word' id='word_1_193' title='bbox 3406 1340 3560 1410; x_wconf 74' lang='grc' dir='ltr'>αὐτῷ</span> <span class='ocrx_word' id='word_1_194' title='bbox 3594 1339 3862 1409; x_wconf 71' lang='grc' dir='ltr'>παρεκά-</span> 
     </span>
    </p>
   </div>
   <div class='ocr_carea' id='block_1_29' title="bbox 2264 1429 3863 1505">
    <p class='ocr_par' dir='ltr' id='par_1_29' title="bbox 2264 1429 3863 1505">
     <span class='ocr_line' id='line_1_29' title="bbox 2264 1429 3863 1505; baseline -0.004 -17"><span class='ocrx_word' id='word_1_195' title='bbox 2264 1437 2366 1489; x_wconf 84' lang='grc' dir='ltr'>λει.</span> <span class='ocrx_word' id='word_1_196' title='bbox 2406 1436 2568 1490; x_wconf 80' lang='grc' dir='ltr'>Ἀλλά</span> <span class='ocrx_word' id='word_1_197' title='bbox 2615 1435 2792 1488; x_wconf 87' lang='grc' dir='ltr'>καίτοι</span> <span class='ocrx_word' id='word_1_198' title='bbox 2825 1435 3171 1505; x_wconf 76' lang='grc' dir='ltr'><strong>θεραπεύσας</strong></span> <span class='ocrx_word' id='word_1_199' title='bbox 3197 1433 3382 1495; x_wconf 78' lang='grc' dir='ltr'>αὐτὸν,</span> <span class='ocrx_word' id='word_1_200' title='bbox 3435 1433 3532 1484; x_wconf 72' lang='grc' dir='ltr'><strong>καὶ</strong></span> <span class='ocrx_word' id='word_1_201' title='bbox 3579 1429 3863 1497; x_wconf 72' lang='grc' dir='ltr'><strong>ἐκεεσὶηο</strong></span> 
     </span>
    </p>
   </div>
   <div class='ocr_carea' id='block_1_30' title="bbox 2265 1515 3862 1596">
    <p class='ocr_par' dir='ltr' id='par_1_30' title="bbox 2265 1515 3862 1596">
     <span class='ocr_line' id='line_1_30' title="bbox 2265 1515 3862 1596; baseline -0.006 -15"><span class='ocrx_word' id='word_1_202' title='bbox 2265 1527 2377 1592; x_wconf 83' lang='grc' dir='ltr'><strong>κὼς</strong></span> <span class='ocrx_word' id='word_1_203' title='bbox 2409 1528 2476 1580; x_wconf 79' lang='grc' dir='ltr'>τὰ</span> <span class='ocrx_word' id='word_1_204' title='bbox 2501 1527 2808 1596; x_wconf 82' lang='grc' dir='ltr'>πνεύματα,</span> <span class='ocrx_word' id='word_1_205' title='bbox 2854 1525 3105 1578; x_wconf 76' lang='grc' dir='ltr'>ἐκέλευεν</span> <span class='ocrx_word' id='word_1_206' title='bbox 3137 1523 3391 1577; x_wconf 79' lang='grc' dir='ltr'><strong>ἀπελθεῖν</strong></span> <span class='ocrx_word' id='word_1_207' title='bbox 3429 1524 3510 1585; x_wconf 75' lang='grc' dir='ltr'><strong>εἰς</strong></span> <span class='ocrx_word' id='word_1_208' title='bbox 3561 1521 3660 1574; x_wconf 78' lang='grc' dir='ltr'><strong>τὸν</strong></span> <span class='ocrx_word' id='word_1_209' title='bbox 3707 1515 3862 1572; x_wconf 71' lang='grc' dir='ltr'>οἷκον</span> 
     </span>
    </p>
   </div>
   <div class='ocr_carea' id='block_1_31' title="bbox 2264 1612 3856 1687">
    <p class='ocr_par' dir='ltr' id='par_1_31' title="bbox 2264 1612 3856 1687">
     <span class='ocr_line' id='line_1_31' title="bbox 2264 1612 3856 1687; baseline -0.006 -15"><span class='ocrx_word' id='word_1_210' title='bbox 2264 1618 2430 1673; x_wconf 78' lang='grc' dir='ltr'>αὑτοῦ</span> <span class='ocrx_word' id='word_1_211' title='bbox 2450 1657 2464 1682; x_wconf 89' lang='grc'><strong>,</strong></span> <span class='ocrx_word' id='word_1_212' title='bbox 2499 1619 2592 1670; x_wconf 73' lang='grc' dir='ltr'><strong>καὶ</strong></span> <span class='ocrx_word' id='word_1_213' title='bbox 2636 1617 2928 1687; x_wconf 80' lang='grc' dir='ltr'><strong>κηρύττειν</strong></span> <span class='ocrx_word' id='word_1_214' title='bbox 2975 1617 3074 1669; x_wconf 83' lang='grc' dir='ltr'><strong>ὅσα</strong></span> <span class='ocrx_word' id='word_1_215' title='bbox 3115 1615 3414 1683; x_wconf 86' lang='grc' dir='ltr'>πεποίηκεν</span> <span class='ocrx_word' id='word_1_216' title='bbox 3447 1614 3603 1683; x_wconf 77' lang='grc' dir='ltr'>αὐτῷ</span> <span class='ocrx_word' id='word_1_217' title='bbox 3635 1615 3670 1665; x_wconf 88' lang='lat'><strong>6</strong></span> <span class='ocrx_word' id='word_1_218' title='bbox 3696 1612 3856 1676; x_wconf 74' lang='grc' dir='ltr'>Θεός.</span> 
     </span>
    </p>
   </div>
   <div class='ocr_carea' id='block_1_32' title="bbox 2277 1704 3853 1782">
    <p class='ocr_par' dir='ltr' id='par_1_32' title="bbox 2277 1704 3853 1782">
     <span class='ocr_line' id='line_1_32' title="bbox 2277 1704 3853 1782; baseline -0.006 -18"><span class='ocrx_word' id='word_1_219' title='bbox 2277 1711 2615 1782; x_wconf 82' lang='grc' dir='ltr'>Ἐνήργηκεν</span> <span class='ocrx_word' id='word_1_220' title='bbox 2646 1705 2739 1762; x_wconf 80' lang='grc' dir='ltr'>οὖν</span> <span class='ocrx_word' id='word_1_221' title='bbox 2767 1709 2951 1772; x_wconf 79' lang='grc' dir='ltr'>αὐτὸς,</span> <span class='ocrx_word' id='word_1_222' title='bbox 2980 1708 3056 1770; x_wconf 83' lang='grc' dir='ltr'><strong>ὡς</strong></span> <span class='ocrx_word' id='word_1_223' title='bbox 3087 1707 3217 1770; x_wconf 83' lang='grc' dir='ltr'>Θεὸς</span> <span class='ocrx_word' id='word_1_224' title='bbox 3246 1707 3511 1778; x_wconf 75' lang='grc' dir='ltr'><strong>ὑπάρχων</strong></span> <span class='ocrx_word' id='word_1_225' title='bbox 3549 1704 3818 1774; x_wconf 78' lang='grc' dir='ltr'>ἀληθινός</span> <span class='ocrx_word' id='word_1_226' title='bbox 3839 1722 3853 1732; x_wconf 88' lang='grc'><strong>·</strong></span> 
     </span>
    </p>
   </div>
   <div class='ocr_carea' id='block_1_33' title="bbox 580 1778 2168 1873">
    <p class='ocr_par' dir='ltr' id='par_1_33' title="bbox 580 1778 2164 1873">
     <span class='ocr_line' id='line_1_33' title="bbox 580 1778 2164 1873; baseline 0.005 -25"><span class='ocrx_word' id='word_1_227' title='bbox 580 1793 904 1867; x_wconf 81' lang='lat' dir='ltr'><strong>Neuliqnam</strong></span> <span class='ocrx_word' id='word_1_228' title='bbox 953 1800 1095 1853; x_wconf 79' lang='lat' dir='ltr'><strong>enim</strong></span> <span class='ocrx_word' id='word_1_229' title='bbox 1138 1801 1320 1857; x_wconf 80' lang='lat' dir='ltr'><strong>dicere</strong></span> <span class='ocrx_word' id='word_1_230' title='bbox 1376 1801 1458 1855; x_wconf 79' lang='lat' dir='ltr'><strong>fas</strong></span> <span class='ocrx_word' id='word_1_231' title='bbox 1501 1778 2021 1873; x_wconf 77' lang='lat' dir='ltr'><strong>est,prophetarum</strong></span> <span class='ocrx_word' id='word_1_232' title='bbox 2071 1815 2164 1858; x_wconf 89' lang='lat' dir='ltr'><strong>aut</strong></span> 
     </span>
    </p>
   </div>
   <div class='ocr_carea' id='block_1_34' title="bbox 2273 1778 3846 1873">
    <p class='ocr_par' dir='ltr' id='par_1_34' title="bbox 2273 1778 3846 1873">
     <span class='ocr_line' id='line_1_34' title="bbox 2273 1778 3846 1873; baseline 0.015 -25"><span class='ocrx_word' id='word_1_233' title='bbox 2273 1803 2326 1856; x_wconf 66' lang='grc' dir='ltr'>οὐ</span> <span class='ocrx_word' id='word_1_234' title='bbox 2360 1778 2464 1873; x_wconf 61' lang='grc' dir='ltr'><strong>γάρ</strong></span> <span class='ocrx_word' id='word_1_235' title='bbox 2497 1778 2600 1855; x_wconf 75' lang='grc' dir='ltr'>πού</span> <span class='ocrx_word' id='word_1_236' title='bbox 2649 1818 2830 1872; x_wconf 76' lang='grc' dir='ltr'>φαμεν</span> <span class='ocrx_word' id='word_1_237' title='bbox 2858 1801 2934 1864; x_wconf 82' lang='grc' dir='ltr'><strong>ὡς</strong></span> <span class='ocrx_word' id='word_1_238' title='bbox 2966 1800 3237 1870; x_wconf 76' lang='grc' dir='ltr'><strong>ὑπουργὸς</strong></span> <span class='ocrx_word' id='word_1_239' title='bbox 3278 1798 3470 1867; x_wconf 82' lang='grc' dir='ltr'><strong>γέγονε</strong></span> <span class='ocrx_word' id='word_1_240' title='bbox 3496 1797 3654 1860; x_wconf 66' lang='grc' dir='ltr'>θείας</span> <span class='ocrx_word' id='word_1_241' title='bbox 3681 1797 3846 1866; x_wconf 56' lang='grc' dir='ltr'><strong>κάρι-</strong></span> 
     </span>
    </p>
   </div>
   <div class='ocr_carea' id='block_1_35' title="bbox 584 1892 2165 1964">
    <p class='ocr_par' dir='ltr' id='par_1_35' title="bbox 584 1892 2165 1964">
     <span class='ocr_line' id='line_1_35' title="bbox 584 1892 2165 1964; baseline 0.003 -21"><span class='ocrx_word' id='word_1_242' title='bbox 584 1898 891 1943; x_wconf 84' lang='lat' dir='ltr'><strong>sanctorum</strong></span> <span class='ocrx_word' id='word_1_243' title='bbox 911 1892 1284 1958; x_wconf 90' lang='lat' dir='ltr'><strong>apostolorum</strong></span> <span class='ocrx_word' id='word_1_244' title='bbox 1316 1909 1487 1956; x_wconf 88' lang='lat' dir='ltr'><strong>more,</strong></span> <span class='ocrx_word' id='word_1_245' title='bbox 1514 1894 1708 1948; x_wconf 64' lang='lat' dir='ltr'><strong>divina!</strong></span> <span class='ocrx_word' id='word_1_246' title='bbox 1733 1895 1923 1964; x_wconf 67' lang='lat' dir='ltr'><strong>gratia:</strong></span> <span class='ocrx_word' id='word_1_247' title='bbox 1957 1895 2165 1949; x_wconf 87' lang='lat' dir='ltr'><strong>instru-</strong></span> 
     </span>
    </p>
   </div>
   <div class='ocr_carea' id='block_1_36' title="bbox 585 1983 2166 2054">
    <p class='ocr_par' dir='ltr' id='par_1_36' title="bbox 585 1983 2166 2054">
     <span class='ocr_line' id='line_1_36' title="bbox 585 1983 2166 2054; baseline 0.004 -21"><span class='ocrx_word' id='word_1_248' title='bbox 585 1991 832 2034; x_wconf 82' lang='lat' dir='ltr'><strong>mentum</strong></span> <span class='ocrx_word' id='word_1_249' title='bbox 876 1983 1168 2037; x_wconf 74' lang='lat' dir='ltr'><strong>exstitisse.</strong></span> <span class='ocrx_word' id='word_1_250' title='bbox 1207 1984 1322 2051; x_wconf 83' lang='lat' dir='ltr'><strong>Ipse</strong></span> <span class='ocrx_word' id='word_1_251' title='bbox 1369 1999 1600 2052; x_wconf 89' lang='lat' dir='ltr'><strong>namque</strong></span> <span class='ocrx_word' id='word_1_252' title='bbox 1656 1989 1895 2054; x_wconf 90' lang='lat' dir='ltr'><strong>propria,</strong></span> <span class='ocrx_word' id='word_1_253' title='bbox 1925 1987 2026 2041; x_wconf 89' lang='lat' dir='ltr'><strong>hoc</strong></span> <span class='ocrx_word' id='word_1_254' title='bbox 2079 1999 2166 2043; x_wconf 83' lang='lat' dir='ltr'><strong>est</strong></span> 
     </span>
    </p>
   </div>
   <div class='ocr_carea' id='block_1_37' title="bbox 585 2073 2160 2144">
    <p class='ocr_par' dir='ltr' id='par_1_37' title="bbox 585 2073 2160 2144">
     <span class='ocr_line' id='line_1_37' title="bbox 585 2073 2160 2144; baseline 0.003 -17"><span class='ocrx_word' id='word_1_255' title='bbox 585 2073 764 2127; x_wconf 89' lang='lat' dir='ltr'><strong>divina</strong></span> <span class='ocrx_word' id='word_1_256' title='bbox 797 2076 991 2127; x_wconf 82' lang='lat' dir='ltr'><strong>virtute</strong></span> <span class='ocrx_word' id='word_1_257' title='bbox 1014 2073 1270 2128; x_wconf 75' lang='lat' dir='ltr'><strong>Satanam</strong></span> <span class='ocrx_word' id='word_1_258' title='bbox 1295 2076 1611 2130; x_wconf 84' lang='lat' dir='ltr'><strong>conterebat</strong></span> <span class='ocrx_word' id='word_1_259' title='bbox 1639 2095 1652 2130; x_wconf 90' lang='lat'><strong>:</strong></span> <span class='ocrx_word' id='word_1_260' title='bbox 1679 2077 1808 2144; x_wconf 93' lang='lat' dir='ltr'><strong>quin</strong></span> <span class='ocrx_word' id='word_1_261' title='bbox 1839 2087 1893 2130; x_wconf 92' lang='lat' dir='ltr'><strong>et</strong></span> <span class='ocrx_word' id='word_1_262' title='bbox 1923 2079 1975 2130; x_wconf 87' lang='lat' dir='ltr'><strong>in</strong></span> <span class='ocrx_word' id='word_1_263' title='bbox 2013 2077 2160 2131; x_wconf 89' lang='lat' dir='ltr'><strong>illius</strong></span> 
     </span>
    </p>
   </div>
   <div class='ocr_carea' id='block_1_38' title="bbox 584 2163 2164 2237">
    <p class='ocr_par' dir='ltr' id='par_1_38' title="bbox 584 2163 2164 2237">
     <span class='ocr_line' id='line_1_38' title="bbox 584 2163 2164 2237; baseline 0.004 -23"><span class='ocrx_word' id='word_1_264' title='bbox 584 2177 799 2231; x_wconf 84' lang='lat' dir='ltr'><strong>quoque</strong></span> <span class='ocrx_word' id='word_1_265' title='bbox 848 2163 1069 2218; x_wconf 89' lang='lat' dir='ltr'><strong>nomine</strong></span> <span class='ocrx_word' id='word_1_266' title='bbox 1112 2164 1375 2218; x_wconf 71' lang='lat' dir='ltr'><strong>daemonia</strong></span> <span class='ocrx_word' id='word_1_267' title='bbox 1437 2167 1640 2220; x_wconf 83' lang='lat' dir='ltr'><strong>sanctis</strong></span> <span class='ocrx_word' id='word_1_268' title='bbox 1698 2167 1954 2234; x_wconf 83' lang='lat' dir='ltr'><strong>apostolis</strong></span> <span class='ocrx_word' id='word_1_269' title='bbox 1997 2168 2164 2237; x_wconf 88' lang='lat' dir='ltr'><strong>subji-</strong></span> 
     </span>
    </p>
   </div>
   <div class='ocr_carea' id='block_1_39' title="bbox 585 2255 2162 2328">
    <p class='ocr_par' dir='ltr' id='par_1_39' title="bbox 585 2255 2162 2328">
     <span class='ocr_line' id='line_1_39' title="bbox 585 2255 2162 2328; baseline 0.003 -20"><span class='ocrx_word' id='word_1_270' title='bbox 585 2255 902 2310; x_wconf 83' lang='lat' dir='ltr'><strong>ciebantur:</strong></span> <span class='ocrx_word' id='word_1_271' title='bbox 934 2264 1098 2325; x_wconf 85' lang='lat' dir='ltr'><strong>atque</strong></span> <span class='ocrx_word' id='word_1_272' title='bbox 1161 2256 1265 2311; x_wconf 90' lang='lat' dir='ltr'><strong>hoc</strong></span> <span class='ocrx_word' id='word_1_273' title='bbox 1313 2257 1488 2324; x_wconf 88' lang='lat' dir='ltr'><strong>ipsum</strong></span> <span class='ocrx_word' id='word_1_274' title='bbox 1541 2271 1608 2312; x_wconf 90' lang='lat' dir='ltr'><strong>ne</strong></span> <span class='ocrx_word' id='word_1_275' title='bbox 1650 2257 1724 2312; x_wconf 87' lang='lat' dir='ltr'><strong>illi</strong></span> <span class='ocrx_word' id='word_1_276' title='bbox 1784 2259 1887 2328; x_wconf 90' lang='lat' dir='ltr'><strong>ipsi</strong></span> <span class='ocrx_word' id='word_1_277' title='bbox 1943 2260 2162 2328; x_wconf 85' lang='lat' dir='ltr'><strong>quidem</strong></span> 
     </span>
    </p>
   </div>
   <div class='ocr_carea' id='block_1_40' title="bbox 587 2345 973 2404">
    <p class='ocr_par' dir='ltr' id='par_1_40' title="bbox 587 2345 973 2404">
     <span class='ocr_line' id='line_1_40' title="bbox 587 2345 973 2404; baseline 0.008 -4"><span class='ocrx_word' id='word_1_278' title='bbox 587 2345 973 2404; x_wconf 79' lang='lat' dir='ltr'><strong>dillitebantur.</strong></span> 
     </span>
    </p>
   </div>
   <div class='ocr_carea' id='block_1_41' title="bbox 658 2441 2162 2514">
    <p class='ocr_par' dir='ltr' id='par_1_41' title="bbox 658 2441 2162 2514">
     <span class='ocr_line' id='line_1_41' title="bbox 658 2441 2162 2514; baseline 0.001 -19"><span class='ocrx_word' id='word_1_279' title='bbox 658 2441 733 2495; x_wconf 83' lang='lat' dir='ltr'><strong>De</strong></span> <span class='ocrx_word' id='word_1_280' title='bbox 787 2441 1046 2510; x_wconf 89' lang='lat' dir='ltr'><strong>principis</strong></span> <span class='ocrx_word' id='word_1_281' title='bbox 1105 2443 1406 2514; x_wconf 78' lang='lat' dir='ltr'><strong>Synagogze</strong></span> <span class='ocrx_word' id='word_1_282' title='bbox 1458 2442 1567 2496; x_wconf 80' lang='lat' dir='ltr'><strong>lilia</strong></span> <span class='ocrx_word' id='word_1_283' title='bbox 1626 2443 1806 2496; x_wconf 87' lang='lat' dir='ltr'><strong>aiebat</strong></span> <span class='ocrx_word' id='word_1_284' title='bbox 1861 2443 2162 2499; x_wconf 83' lang='lat' dir='ltr'><strong>Christus:</strong></span> 
     </span>
    </p>
   </div>
   <div class='ocr_carea' id='block_1_42' title="bbox 593 2529 2156 2602">
    <p class='ocr_par' dir='ltr' id='par_1_42' title="bbox 593 2529 2156 2602">
     <span class='ocr_line' id='line_1_42' title="bbox 593 2529 2156 2602; baseline 0.005 -21"><span class='ocrx_word' id='word_1_285' title='bbox 593 2550 612 2581; x_wconf 76' lang='grc' dir='ltr'>ι</span> <span class='ocrx_word' id='word_1_286' title='bbox 640 2530 814 2585; x_wconf 81' lang='lat' dir='ltr'><strong>Nolite</strong></span> <span class='ocrx_word' id='word_1_287' title='bbox 836 2535 986 2586; x_wconf 84' lang='lat' dir='ltr'><strong>ﬂere.</strong></span> <span class='ocrx_word' id='word_1_288' title='bbox 1006 2531 1118 2586; x_wconf 87' lang='lat' dir='ltr'><strong>Non</strong></span> <span class='ocrx_word' id='word_1_289' title='bbox 1143 2544 1225 2588; x_wconf 87' lang='lat' dir='ltr'><strong>est</strong></span> <span class='ocrx_word' id='word_1_290' title='bbox 1255 2544 1466 2587; x_wconf 88' lang='lat' dir='ltr'><strong>mortua</strong></span> <span class='ocrx_word' id='word_1_291' title='bbox 1496 2534 1696 2602; x_wconf 87' lang='lat' dir='ltr'><strong>puella,</strong></span> <span class='ocrx_word' id='word_1_292' title='bbox 1716 2536 1808 2587; x_wconf 87' lang='lat' dir='ltr'><strong>sed</strong></span> <span class='ocrx_word' id='word_1_293' title='bbox 1826 2536 2023 2589; x_wconf 89' lang='lat' dir='ltr'><strong>dormit</strong></span> <span class='ocrx_word' id='word_1_294' title='bbox 2043 2529 2110 2589; x_wconf 59' lang='grc' dir='ltr'><strong>δ’.</strong></span> <span class='ocrx_word' id='word_1_295' title='bbox 2137 2555 2156 2588; x_wconf 72' lang='grc' dir='ltr'>ι</span> 
     </span>
    </p>
   </div>
   <div class='ocr_carea' id='block_1_43' title="bbox 587 2621 2163 2694">
    <p class='ocr_par' dir='ltr' id='par_1_43' title="bbox 587 2621 2163 2694">
     <span class='ocr_line' id='line_1_43' title="bbox 587 2621 2163 2694; baseline 0.003 -18"><span class='ocrx_word' id='word_1_296' title='bbox 587 2621 838 2692; x_wconf 77' lang='lat' dir='ltr'><strong>Nunquid</strong></span> <span class='ocrx_word' id='word_1_297' title='bbox 875 2624 1038 2694; x_wconf 82' lang='lat' dir='ltr'><strong>igitur</strong></span> <span class='ocrx_word' id='word_1_298' title='bbox 1098 2625 1356 2678; x_wconf 82' lang='lat' dir='ltr'><strong>mentitus</strong></span> <span class='ocrx_word' id='word_1_299' title='bbox 1413 2625 1530 2680; x_wconf 82' lang='lat' dir='ltr'><strong>est?</strong></span> <span class='ocrx_word' id='word_1_300' title='bbox 1565 2625 1740 2680; x_wconf 90' lang='lat' dir='ltr'><strong>absit!</strong></span> <span class='ocrx_word' id='word_1_301' title='bbox 1777 2641 1962 2680; x_wconf 80' lang='lat' dir='ltr'><strong>verum</strong></span> <span class='ocrx_word' id='word_1_302' title='bbox 2019 2629 2163 2681; x_wconf 89' lang='lat' dir='ltr'><strong>enim</strong></span> 
     </span>
    </p>
   </div>
   <div class='ocr_carea' id='block_1_44' title="bbox 586 2711 2168 2781">
    <p class='ocr_par' dir='ltr' id='par_1_44' title="bbox 586 2711 2168 2781">
     <span class='ocr_line' id='line_1_44' title="bbox 586 2711 2168 2781; baseline 0.005 -17"><span class='ocrx_word' id='word_1_303' title='bbox 586 2712 744 2767; x_wconf 79' lang='lat' dir='ltr'><strong>dixit.</strong></span> <span class='ocrx_word' id='word_1_304' title='bbox 781 2711 996 2766; x_wconf 84' lang='lat' dir='ltr'><strong>Modum</strong></span> <span class='ocrx_word' id='word_1_305' title='bbox 1028 2724 1210 2768; x_wconf 88' lang='lat' dir='ltr'><strong>autem</strong></span> <span class='ocrx_word' id='word_1_306' title='bbox 1243 2714 1404 2780; x_wconf 84' lang='lat' dir='ltr'><strong>hujus</strong></span> <span class='ocrx_word' id='word_1_307' title='bbox 1438 2715 1662 2781; x_wconf 78' lang='lat' dir='ltr'><strong>exponit</strong></span> <span class='ocrx_word' id='word_1_308' title='bbox 1693 2715 1891 2769; x_wconf 81' lang='lat' dir='ltr'><strong>Paulus</strong></span> <span class='ocrx_word' id='word_1_309' title='bbox 1929 2718 2013 2772; x_wconf 90' lang='lat' dir='ltr'><strong>bis</strong></span> <span class='ocrx_word' id='word_1_310' title='bbox 2047 2734 2168 2772; x_wconf 84' lang='lat' dir='ltr'><strong>ver-</strong></span> 
     </span>
    </p>
   </div>
   <div class='ocr_carea' id='block_1_45' title="bbox 586 2805 2161 2870">
    <p class='ocr_par' dir='ltr' id='par_1_45' title="bbox 586 2805 2161 2870">
     <span class='ocr_line' id='line_1_45' title="bbox 586 2805 2161 2870; baseline 0.003 -12"><span class='ocrx_word' id='word_1_311' title='bbox 586 2805 670 2860; x_wconf 84' lang='lat' dir='ltr'><strong>bis</strong></span> <span class='ocrx_word' id='word_1_312' title='bbox 703 2824 718 2860; x_wconf 93' lang='lat'><strong>:</strong></span> <span class='ocrx_word' id='word_1_313' title='bbox 753 2825 771 2858; x_wconf 82' lang='grc'><strong>‹</strong></span> <span class='ocrx_word' id='word_1_314' title='bbox 807 2806 924 2860; x_wconf 82' lang='lat' dir='ltr'><strong>Non</strong></span> <span class='ocrx_word' id='word_1_315' title='bbox 952 2818 1035 2860; x_wconf 88' lang='lat' dir='ltr'><strong>est</strong></span> <span class='ocrx_word' id='word_1_316' title='bbox 1063 2807 1207 2861; x_wconf 83' lang='lat' dir='ltr'><strong>Deus</strong></span> <span class='ocrx_word' id='word_1_317' title='bbox 1247 2817 1610 2870; x_wconf 88' lang='lat' dir='ltr'><strong>mortuorum,</strong></span> <span class='ocrx_word' id='word_1_318' title='bbox 1642 2808 1738 2860; x_wconf 83' lang='lat' dir='ltr'><strong>sed</strong></span> <span class='ocrx_word' id='word_1_319' title='bbox 1767 2809 2014 2864; x_wconf 83' lang='lat' dir='ltr'><strong>vivorum</strong></span> <span class='ocrx_word' id='word_1_320' title='bbox 2040 2809 2105 2864; x_wconf 76' lang='grc'><strong>⁸³.</strong></span> <span class='ocrx_word' id='word_1_321' title='bbox 2142 2829 2161 2862; x_wconf 70' lang='grc' dir='ltr'>ι</span> 
     </span>
    </p>
   </div>
   <div class='ocr_carea' id='block_1_46' title="bbox 590 2898 2165 2968">
    <p class='ocr_par' dir='ltr' id='par_1_46' title="bbox 590 2898 2165 2968">
     <span class='ocr_line' id='line_1_46' title="bbox 590 2898 2165 2968; baseline 0.001 -16"><span class='ocrx_word' id='word_1_322' title='bbox 590 2899 865 2966; x_wconf 77' lang='lat' dir='ltr'><strong>Siquidem</strong></span> <span class='ocrx_word' id='word_1_323' title='bbox 896 2900 1205 2967; x_wconf 81' lang='lat' dir='ltr'><strong>quicunque</strong></span> <span class='ocrx_word' id='word_1_324' title='bbox 1265 2898 1459 2951; x_wconf 82' lang='lat' dir='ltr'><strong>victuri</strong></span> <span class='ocrx_word' id='word_1_325' title='bbox 1520 2908 1666 2961; x_wconf 90' lang='lat' dir='ltr'><strong>sunt,</strong></span> <span class='ocrx_word' id='word_1_326' title='bbox 1692 2899 1767 2952; x_wconf 89' lang='lat' dir='ltr'><strong>illi</strong></span> <span class='ocrx_word' id='word_1_327' title='bbox 1804 2900 1910 2954; x_wconf 88' lang='lat' dir='ltr'><strong>Deo</strong></span> <span class='ocrx_word' id='word_1_328' title='bbox 1945 2901 2165 2968; x_wconf 82' lang='lat' dir='ltr'><strong>vivunt;</strong></span> 
     </span>
    </p>
   </div>
   <div class='ocr_carea' id='block_1_47' title="bbox 593 2990 2166 3058">
    <p class='ocr_par' dir='ltr' id='par_1_47' title="bbox 593 2990 2166 3058">
     <span class='ocr_line' id='line_1_47' title="bbox 593 2990 2166 3058; baseline 0.003 -16"><span class='ocrx_word' id='word_1_329' title='bbox 593 2993 788 3045; x_wconf 83' lang='lat' dir='ltr'><strong>mortui</strong></span> <span class='ocrx_word' id='word_1_330' title='bbox 857 2991 1084 3058; x_wconf 87' lang='lat' dir='ltr'><strong>proinde</strong></span> <span class='ocrx_word' id='word_1_331' title='bbox 1147 2990 1461 3045; x_wconf 90' lang='lat' dir='ltr'><strong>hominibus</strong></span> <span class='ocrx_word' id='word_1_332' title='bbox 1525 2991 1725 3044; x_wconf 91' lang='lat' dir='ltr'><strong>mortui</strong></span> <span class='ocrx_word' id='word_1_333' title='bbox 1776 3002 1945 3046; x_wconf 89' lang='lat' dir='ltr'><strong>sunt:</strong></span> <span class='ocrx_word' id='word_1_334' title='bbox 1981 3008 2166 3047; x_wconf 82' lang='lat' dir='ltr'><strong>verum</strong></span> 
     </span>
    </p>
   </div>
   <div class='ocr_carea' id='block_1_48' title="bbox 2263 1890 3855 1964">
    <p class='ocr_par' dir='ltr' id='par_1_48' title="bbox 2263 1890 3855 1964">
     <span class='ocr_line' id='line_1_48' title="bbox 2263 1890 3855 1964; baseline -0.004 -16"><span class='ocrx_word' id='word_1_335' title='bbox 2263 1912 2356 1958; x_wconf 85' lang='grc' dir='ltr'><strong>τος</strong></span> <span class='ocrx_word' id='word_1_336' title='bbox 2381 1895 2502 1948; x_wconf 77' lang='grc' dir='ltr'>καθ’</span> <span class='ocrx_word' id='word_1_337' title='bbox 2538 1895 2632 1947; x_wconf 72' lang='grc' dir='ltr'>ἕνα</span> <span class='ocrx_word' id='word_1_338' title='bbox 2653 1894 2759 1947; x_wconf 84' lang='grc' dir='ltr'>τῶν</span> <span class='ocrx_word' id='word_1_339' title='bbox 2785 1893 3097 1964; x_wconf 58' lang='grc' dir='ltr'>προξητῶν,</span> <span class='ocrx_word' id='word_1_340' title='bbox 3131 1892 3299 1963; x_wconf 71' lang='grc' dir='ltr'><strong>ἤγουν</strong></span> <span class='ocrx_word' id='word_1_341' title='bbox 3347 1890 3458 1944; x_wconf 87' lang='grc' dir='ltr'><strong>τῶν</strong></span> <span class='ocrx_word' id='word_1_342' title='bbox 3500 1890 3686 1958; x_wconf 79' lang='grc' dir='ltr'>ἁγίων</span> <span class='ocrx_word' id='word_1_343' title='bbox 3720 1891 3855 1943; x_wconf 76' lang='grc' dir='ltr'><strong>ἁπο-</strong></span> 
     </span>
    </p>
   </div>
   <div class='ocr_carea' id='block_1_49' title="bbox 2269 1980 3853 2055">
    <p class='ocr_par' dir='ltr' id='par_1_49' title="bbox 2269 1980 3853 2055">
     <span class='ocr_line' id='line_1_49' title="bbox 2269 1980 3853 2055; baseline -0.005 -16"><span class='ocrx_word' id='word_1_344' title='bbox 2269 1986 2474 2039; x_wconf 82' lang='grc' dir='ltr'>στόλων</span> <span class='ocrx_word' id='word_1_345' title='bbox 2493 2001 2506 2013; x_wconf 81' lang='lat'><strong><em>°</em></strong></span> <span class='ocrx_word' id='word_1_346' title='bbox 2537 1985 2651 2038; x_wconf 85' lang='grc' dir='ltr'>ἀλλ’</span> <span class='ocrx_word' id='word_1_347' title='bbox 2680 1980 2750 2055; x_wconf 80' lang='grc' dir='ltr'><strong>ἦν</strong></span> <span class='ocrx_word' id='word_1_348' title='bbox 2781 1984 2946 2046; x_wconf 78' lang='grc' dir='ltr'>αὐτὸς</span> <span class='ocrx_word' id='word_1_349' title='bbox 2978 1982 3205 2053; x_wconf 81' lang='grc' dir='ltr'><strong>δυνάμει</strong></span> <span class='ocrx_word' id='word_1_350' title='bbox 3237 1984 3302 2052; x_wconf 82' lang='grc' dir='ltr'>τῇ</span> <span class='ocrx_word' id='word_1_351' title='bbox 3344 1981 3452 2052; x_wconf 69' lang='grc' dir='ltr'>ἰδίᾳ</span> <span class='ocrx_word' id='word_1_352' title='bbox 3485 1981 3586 2034; x_wconf 69' lang='grc' dir='ltr'>καὶ</span> <span class='ocrx_word' id='word_1_353' title='bbox 3615 1980 3853 2048; x_wconf 64' lang='lat' dir='ltr'><strong>020x92-</strong></span> 
     </span>
    </p>
   </div>
   <div class='ocr_carea' id='block_1_50' title="bbox 2267 2068 3850 2148">
    <p class='ocr_par' dir='ltr' id='par_1_50' title="bbox 2267 2068 3850 2148">
     <span class='ocr_line' id='line_1_50' title="bbox 2267 2068 3850 2148; baseline -0.006 -17"><span class='ocrx_word' id='word_1_354' title='bbox 2267 2081 2360 2131; x_wconf 88' lang='grc' dir='ltr'>πεῖ</span> <span class='ocrx_word' id='word_1_355' title='bbox 2387 2077 2686 2148; x_wconf 76' lang='grc' dir='ltr'>συντρίϐων</span> <span class='ocrx_word' id='word_1_356' title='bbox 2713 2075 2804 2129; x_wconf 86' lang='grc' dir='ltr'><strong>τὸν</strong></span> <span class='ocrx_word' id='word_1_357' title='bbox 2837 2076 3100 2128; x_wconf 83' lang='grc' dir='ltr'>Σατανᾶν.</span> <span class='ocrx_word' id='word_1_358' title='bbox 3146 2075 3234 2127; x_wconf 87' lang='grc' dir='ltr'>Ἐν</span> <span class='ocrx_word' id='word_1_359' title='bbox 3257 2073 3484 2144; x_wconf 75' lang='grc' dir='ltr'>ὀνόματι</span> <span class='ocrx_word' id='word_1_360' title='bbox 3519 2068 3621 2125; x_wconf 80' lang='grc' dir='ltr'><strong>οὖν</strong></span> <span class='ocrx_word' id='word_1_361' title='bbox 3649 2070 3850 2130; x_wconf 71' lang='grc' dir='ltr'>αὐτοῦ,</span> 
     </span>
    </p>
   </div>
   <div class='ocr_carea' id='block_1_51' title="bbox 2267 2165 3853 2238">
    <p class='ocr_par' dir='ltr' id='par_1_51' title="bbox 2267 2165 3853 2238">
     <span class='ocr_line' id='line_1_51' title="bbox 2267 2165 3853 2238; baseline -0.007 -14"><span class='ocrx_word' id='word_1_362' title='bbox 2267 2171 2362 2224; x_wconf 78' lang='grc' dir='ltr'>καὶ</span> <span class='ocrx_word' id='word_1_363' title='bbox 2394 2173 2505 2233; x_wconf 87' lang='grc' dir='ltr'>τοῖς</span> <span class='ocrx_word' id='word_1_364' title='bbox 2532 2170 2708 2237; x_wconf 82' lang='grc' dir='ltr'>ἁγίοις</span> <span class='ocrx_word' id='word_1_365' title='bbox 2747 2167 3016 2238; x_wconf 83' lang='grc' dir='ltr'>μαθηταῖς</span> <span class='ocrx_word' id='word_1_366' title='bbox 3055 2167 3417 2220; x_wconf 81' lang='grc' dir='ltr'>ὑπετάττοντο</span> <span class='ocrx_word' id='word_1_367' title='bbox 3440 2165 3511 2218; x_wconf 71' lang='grc' dir='ltr'>τὰ</span> <span class='ocrx_word' id='word_1_368' title='bbox 3550 2165 3853 2232; x_wconf 75' lang='grc' dir='ltr'>δαιμόνια·</span> 
     </span>
    </p>
   </div>
   <div class='ocr_carea' id='block_1_52' title="bbox 2267 2258 3182 2331">
    <p class='ocr_par' dir='ltr' id='par_1_52' title="bbox 2267 2258 3182 2331">
     <span class='ocr_line' id='line_1_52' title="bbox 2267 2258 3182 2331; baseline 0 -17"><span class='ocrx_word' id='word_1_369' title='bbox 2267 2263 2361 2314; x_wconf 72' lang='grc' dir='ltr'><strong>καὶ</strong></span> <span class='ocrx_word' id='word_1_370' title='bbox 2384 2261 2542 2315; x_wconf 79' lang='grc' dir='ltr'>τοῦτο</span> <span class='ocrx_word' id='word_1_371' title='bbox 2565 2259 2978 2331; x_wconf 76' lang='grc' dir='ltr'>διωμολόγησαν</span> <span class='ocrx_word' id='word_1_372' title='bbox 3007 2258 3182 2314; x_wconf 82' lang='grc' dir='ltr'>αὐτοί.</span> 
     </span>
    </p>
   </div>
   <div class='ocr_carea' id='block_1_53' title="bbox 2349 2433 3855 2508">
    <p class='ocr_par' dir='ltr' id='par_1_53' title="bbox 2349 2433 3855 2508">
     <span class='ocr_line' id='line_1_53' title="bbox 2349 2433 3855 2508; baseline -0.005 -17"><span class='ocrx_word' id='word_1_373' title='bbox 2349 2439 2472 2492; x_wconf 72' lang='grc' dir='ltr'><strong>Ἐπὶ</strong></span> <span class='ocrx_word' id='word_1_374' title='bbox 2526 2441 2590 2508; x_wconf 82' lang='grc' dir='ltr'>τῇ</span> <span class='ocrx_word' id='word_1_375' title='bbox 2643 2437 2876 2507; x_wconf 82' lang='grc' dir='ltr'>θυγατρὶ</span> <span class='ocrx_word' id='word_1_376' title='bbox 2921 2435 3016 2490; x_wconf 77' lang='grc' dir='ltr'>τοῦ</span> <span class='ocrx_word' id='word_1_377' title='bbox 3072 2433 3526 2506; x_wconf 76' lang='grc' dir='ltr'><strong>ἀρχισυναγώγου</strong></span> <span class='ocrx_word' id='word_1_378' title='bbox 3594 2433 3773 2502; x_wconf 71' lang='grc' dir='ltr'>φησὶν</span> <span class='ocrx_word' id='word_1_379' title='bbox 3827 2433 3855 2485; x_wconf 75' lang='grc' dir='ltr'>ι</span> 
     </span>
    </p>
   </div>
   <div class='ocr_carea' id='block_1_54' title="bbox 2266 2526 3852 2603">
    <p class='ocr_par' dir='ltr' id='par_1_54' title="bbox 2266 2526 3852 2603">
     <span class='ocr_line' id='line_1_54' title="bbox 2266 2526 3852 2603; baseline -0.006 -18"><span class='ocrx_word' id='word_1_380' title='bbox 2266 2530 2535 2603; x_wconf 77' lang='grc' dir='ltr'>Χριστός·</span> <span class='ocrx_word' id='word_1_381' title='bbox 2574 2549 2593 2581; x_wconf 75' lang='grc' dir='ltr'>ι</span> <span class='ocrx_word' id='word_1_382' title='bbox 2627 2529 2719 2598; x_wconf 83' lang='grc' dir='ltr'><strong>Μὴ</strong></span> <span class='ocrx_word' id='word_1_383' title='bbox 2751 2529 2967 2582; x_wconf 77' lang='grc' dir='ltr'>κλαίετε</span> <span class='ocrx_word' id='word_1_384' title='bbox 2990 2545 3001 2556; x_wconf 89' lang='grc'>·</span> <span class='ocrx_word' id='word_1_385' title='bbox 3043 2529 3102 2580; x_wconf 82' lang='grc' dir='ltr'><strong>ού</strong></span> <span class='ocrx_word' id='word_1_386' title='bbox 3132 2527 3242 2598; x_wconf 82' lang='grc' dir='ltr'>γὰρ</span> <span class='ocrx_word' id='word_1_387' title='bbox 3286 2527 3530 2580; x_wconf 77' lang='grc' dir='ltr'>ἀπέθανε</span> <span class='ocrx_word' id='word_1_388' title='bbox 3576 2526 3641 2578; x_wconf 85' lang='grc' dir='ltr'><strong>τὸ</strong></span> <span class='ocrx_word' id='word_1_389' title='bbox 3687 2526 3852 2596; x_wconf 72' lang='grc' dir='ltr'>κορα-</span> 
     </span>
    </p>
   </div>
   <div class='ocr_carea' id='block_1_55' title="bbox 2271 2615 3854 2690">
    <p class='ocr_par' dir='ltr' id='par_1_55' title="bbox 2271 2615 3854 2690">
     <span class='ocr_line' id='line_1_55' title="bbox 2271 2615 3854 2690; baseline -0.003 -17"><span class='ocrx_word' id='word_1_390' title='bbox 2271 2637 2405 2682; x_wconf 86' lang='grc' dir='ltr'>σιον,</span> <span class='ocrx_word' id='word_1_391' title='bbox 2431 2621 2568 2673; x_wconf 81' lang='grc' dir='ltr'><strong>ἀλλά</strong></span> <span class='ocrx_word' id='word_1_392' title='bbox 2594 2621 2869 2674; x_wconf 80' lang='grc' dir='ltr'>καθεύδει.</span> <span class='ocrx_word' id='word_1_393' title='bbox 2908 2639 2927 2670; x_wconf 75' lang='grc' dir='ltr'>ι</span> <span class='ocrx_word' id='word_1_394' title='bbox 2962 2615 3087 2690; x_wconf 73' lang='lat' dir='ltr'><strong>&#39;Ap‘</strong></span> <span class='ocrx_word' id='word_1_395' title='bbox 3113 2615 3204 2672; x_wconf 75' lang='grc' dir='ltr'>οὖν</span> <span class='ocrx_word' id='word_1_396' title='bbox 3233 2618 3486 2688; x_wconf 76' lang='grc' dir='ltr'>ἐψεύδετο</span> <span class='ocrx_word' id='word_1_397' title='bbox 3505 2624 3535 2651; x_wconf 82' lang='grc' dir='ltr'><strong><em>ο</em></strong></span> <span class='ocrx_word' id='word_1_398' title='bbox 3561 2634 3577 2683; x_wconf 90' lang='lat'><strong>;</strong></span> <span class='ocrx_word' id='word_1_399' title='bbox 3623 2618 3727 2686; x_wconf 79' lang='grc' dir='ltr'><strong>Μὴ</strong></span> <span class='ocrx_word' id='word_1_400' title='bbox 3765 2618 3854 2684; x_wconf 77' lang='grc' dir='ltr'><strong>γέ·</strong></span> 
     </span>
    </p>
   </div>
   <div class='ocr_carea' id='block_1_56' title="bbox 2269 2708 3852 2783">
    <p class='ocr_par' dir='ltr' id='par_1_56' title="bbox 2269 2708 3852 2783">
     <span class='ocr_line' id='line_1_56' title="bbox 2269 2708 3852 2783; baseline -0.006 -15"><span class='ocrx_word' id='word_1_401' title='bbox 2269 2716 2443 2769; x_wconf 72' lang='grc' dir='ltr'>νοιτοι</span> <span class='ocrx_word' id='word_1_402' title='bbox 2485 2713 2740 2783; x_wconf 78' lang='grc' dir='ltr'><strong>ἀληθεύει</strong></span> <span class='ocrx_word' id='word_1_403' title='bbox 2769 2713 2856 2766; x_wconf 77' lang='grc' dir='ltr'><strong>δέ’</strong></span> <span class='ocrx_word' id='word_1_404' title='bbox 2886 2712 2982 2765; x_wconf 76' lang='grc' dir='ltr'><strong>καὶ</strong></span> <span class='ocrx_word' id='word_1_405' title='bbox 3008 2711 3146 2764; x_wconf 86' lang='grc' dir='ltr'><strong>κατά</strong></span> <span class='ocrx_word' id='word_1_406' title='bbox 3179 2710 3298 2764; x_wconf 83' lang='grc' dir='ltr'>τίνα</span> <span class='ocrx_word' id='word_1_407' title='bbox 3323 2709 3553 2781; x_wconf 80' lang='grc' dir='ltr'><strong>τρόπον,</strong></span> <span class='ocrx_word' id='word_1_408' title='bbox 3581 2710 3612 2760; x_wconf 78' lang='lat'><strong>6</strong></span> <span class='ocrx_word' id='word_1_409' title='bbox 3644 2708 3852 2768; x_wconf 70' lang='grc' dir='ltr'>Παῦλος</span> 
     </span>
    </p>
   </div>
   <div class='ocr_carea' id='block_1_57' title="bbox 2267 2799 3851 2878">
    <p class='ocr_par' dir='ltr' id='par_1_57' title="bbox 2267 2799 3851 2878">
     <span class='ocr_line' id='line_1_57' title="bbox 2267 2799 3851 2878; baseline -0.006 -18"><span class='ocrx_word' id='word_1_410' title='bbox 2267 2805 2610 2878; x_wconf 87' lang='grc' dir='ltr'>διερμηνεύει</span> <span class='ocrx_word' id='word_1_411' title='bbox 2652 2806 2860 2874; x_wconf 84' lang='grc' dir='ltr'><strong>λέγων·</strong></span> <span class='ocrx_word' id='word_1_412' title='bbox 2903 2823 2921 2856; x_wconf 78' lang='grc' dir='ltr'>ι</span> <span class='ocrx_word' id='word_1_413' title='bbox 2951 2803 3066 2856; x_wconf 72' lang='grc' dir='ltr'>Οὐκ</span> <span class='ocrx_word' id='word_1_414' title='bbox 3107 2802 3223 2855; x_wconf 78' lang='grc' dir='ltr'>ἐστι</span> <span class='ocrx_word' id='word_1_415' title='bbox 3263 2801 3394 2865; x_wconf 84' lang='grc' dir='ltr'>Θεὸς</span> <span class='ocrx_word' id='word_1_416' title='bbox 3427 2800 3654 2870; x_wconf 80' lang='grc' dir='ltr'>νεκρῶν</span> <span class='ocrx_word' id='word_1_417' title='bbox 3674 2841 3692 2865; x_wconf 87' lang='grc'><strong>,</strong></span> <span class='ocrx_word' id='word_1_418' title='bbox 3723 2799 3851 2851; x_wconf 65' lang='grc' dir='ltr'>ὰ.)λά</span> 
     </span>
    </p>
   </div>
   <div class='ocr_carea' id='block_1_58' title="bbox 2271 2890 3846 2966">
    <p class='ocr_par' dir='ltr' id='par_1_58' title="bbox 2271 2890 3846 2966">
     <span class='ocr_line' id='line_1_58' title="bbox 2271 2890 3846 2966; baseline -0.008 -14"><span class='ocrx_word' id='word_1_419' title='bbox 2271 2899 2510 2964; x_wconf 78' lang='grc' dir='ltr'><strong>ζώντων.</strong></span> <span class='ocrx_word' id='word_1_420' title='bbox 2544 2917 2562 2950; x_wconf 75' lang='grc' dir='ltr'>ι</span> <span class='ocrx_word' id='word_1_421' title='bbox 2599 2897 2740 2950; x_wconf 85' lang='grc' dir='ltr'>Ζῶσι</span> <span class='ocrx_word' id='word_1_422' title='bbox 2774 2895 2882 2966; x_wconf 87' lang='grc' dir='ltr'><strong>γάρ</strong></span> <span class='ocrx_word' id='word_1_423' title='bbox 2915 2895 2995 2964; x_wconf 84' lang='grc' dir='ltr'>τῷ</span> <span class='ocrx_word' id='word_1_424' title='bbox 3037 2893 3157 2964; x_wconf 81' lang='grc' dir='ltr'><strong>Θεῷ</strong></span> <span class='ocrx_word' id='word_1_425' title='bbox 3197 2894 3244 2945; x_wconf 81' lang='grc' dir='ltr'><strong>οἱ</strong></span> <span class='ocrx_word' id='word_1_426' title='bbox 3289 2892 3478 2962; x_wconf 78' lang='grc' dir='ltr'>ζήσειν</span> <span class='ocrx_word' id='word_1_427' title='bbox 3540 2890 3846 2958; x_wconf 57' lang='lat' dir='ltr'><strong>miliens;</strong></span> 
     </span>
    </p>
   </div>
   <div class='ocr_carea' id='block_1_59' title="bbox 2271 2980 3849 3056">
    <p class='ocr_par' dir='ltr' id='par_1_59' title="bbox 2271 2980 3849 3056">
     <span class='ocr_line' id='line_1_59' title="bbox 2271 2980 3849 3056; baseline -0.01 -12"><span class='ocrx_word' id='word_1_428' title='bbox 2271 2988 2481 3045; x_wconf 80' lang='grc' dir='ltr'>Οὐκοῦν</span> <span class='ocrx_word' id='word_1_429' title='bbox 2508 2990 2556 3041; x_wconf 80' lang='grc' dir='ltr'><strong>οἱ</strong></span> <span class='ocrx_word' id='word_1_430' title='bbox 2586 2987 2904 3056; x_wconf 79' lang='grc' dir='ltr'>τεθνηκότες</span> <span class='ocrx_word' id='word_1_431' title='bbox 2930 3027 2944 3048; x_wconf 91' lang='grc'><strong>,</strong></span> <span class='ocrx_word' id='word_1_432' title='bbox 2978 2985 3116 3038; x_wconf 74' lang='grc' dir='ltr'>κατὰ</span> <span class='ocrx_word' id='word_1_433' title='bbox 3147 2985 3244 3053; x_wconf 83' lang='grc' dir='ltr'>μὲν</span> <span class='ocrx_word' id='word_1_434' title='bbox 3273 2980 3605 3050; x_wconf 73' lang='grc' dir='ltr'>ἀνθρώπους</span> <span class='ocrx_word' id='word_1_435' title='bbox 3630 2981 3744 3032; x_wconf 80' lang='grc' dir='ltr'>είσὶ</span> <span class='ocrx_word' id='word_1_436' title='bbox 3774 2997 3849 3030; x_wconf 82' lang='grc' dir='ltr'><strong>νε-</strong></span> 
     </span>
    </p>
   </div>
   <div class='ocr_carea' id='block_1_60' title="bbox 590 3071 2168 3165">
    <p class='ocr_par' dir='ltr' id='par_1_60' title="bbox 590 3081 2166 3146">
     <span class='ocr_line' id='line_1_60' title="bbox 590 3081 2166 3146; baseline 0.001 -11"><span class='ocrx_word' id='word_1_437' title='bbox 590 3093 796 3136; x_wconf 71' lang='lat' dir='ltr'><strong>naturte</strong></span> <span class='ocrx_word' id='word_1_438' title='bbox 821 3082 892 3135; x_wconf 88' lang='lat' dir='ltr'><strong>illi</strong></span> <span class='ocrx_word' id='word_1_439' title='bbox 927 3083 1170 3146; x_wconf 70' lang='lat' dir='ltr'><strong>vivitlcte,</strong></span> <span class='ocrx_word' id='word_1_440' title='bbox 1199 3081 1301 3136; x_wconf 89' lang='lat' dir='ltr'><strong>hoc</strong></span> <span class='ocrx_word' id='word_1_441' title='bbox 1334 3091 1435 3144; x_wconf 79' lang='lat' dir='ltr'><strong>est,</strong></span> <span class='ocrx_word' id='word_1_442' title='bbox 1471 3083 1686 3145; x_wconf 70' lang='lat' dir='ltr'><strong>divinas,</strong></span> <span class='ocrx_word' id='word_1_443' title='bbox 1719 3083 1959 3137; x_wconf 75' lang='lat' dir='ltr'><strong>minime.</strong></span> <span class='ocrx_word' id='word_1_444' title='bbox 1993 3082 2166 3136; x_wconf 81' lang='lat' dir='ltr'><strong>Verax</strong></span> 
     </span>
    </p>
   </div>
   <div class='ocr_carea' id='block_1_61' title="bbox 2273 3071 3848 3165">
    <p class='ocr_par' dir='ltr' id='par_1_61' title="bbox 2273 3071 3848 3154">
     <span class='ocr_line' id='line_1_61' title="bbox 2273 3071 3848 3154; baseline -0.008 -19"><span class='ocrx_word' id='word_1_445' title='bbox 2273 3083 2428 3154; x_wconf 80' lang='grc' dir='ltr'>κροί·</span> <span class='ocrx_word' id='word_1_446' title='bbox 2478 3079 2620 3133; x_wconf 84' lang='grc' dir='ltr'><strong>κατά</strong></span> <span class='ocrx_word' id='word_1_447' title='bbox 2667 3079 2724 3131; x_wconf 79' lang='grc' dir='ltr'><strong>δὲ</strong></span> <span class='ocrx_word' id='word_1_448' title='bbox 2767 3077 2864 3149; x_wconf 79' lang='grc' dir='ltr'>τὴν</span> <span class='ocrx_word' id='word_1_449' title='bbox 2911 3075 3171 3141; x_wconf 75' lang='grc' dir='ltr'>ζωοποιὸν</span> <span class='ocrx_word' id='word_1_450' title='bbox 3220 3071 3401 3144; x_wconf 76' lang='grc' dir='ltr'>φύσιν,</span> <span class='ocrx_word' id='word_1_451' title='bbox 3449 3072 3713 3124; x_wconf 77' lang='grc' dir='ltr'>τουτέστι</span> <span class='ocrx_word' id='word_1_452' title='bbox 3761 3075 3848 3136; x_wconf 69' lang='grc' dir='ltr'>τίς-ι</span> 
     </span>
    </p>
   </div>
   <div class='ocr_carea' id='block_1_62' title="bbox 591 3171 2165 3244">
    <p class='ocr_par' dir='ltr' id='par_1_62' title="bbox 591 3171 2165 3244">
     <span class='ocr_line' id='line_1_62' title="bbox 591 3171 2165 3244; baseline 0.001 -18"><span class='ocrx_word' id='word_1_453' title='bbox 591 3175 772 3244; x_wconf 87' lang='lat' dir='ltr'><strong>itaque</strong></span> <span class='ocrx_word' id='word_1_454' title='bbox 803 3183 906 3237; x_wconf 80' lang='lat' dir='ltr'><strong>est,</strong></span> <span class='ocrx_word' id='word_1_455' title='bbox 943 3175 1067 3226; x_wconf 88' lang='lat' dir='ltr'><strong>dum</strong></span> <span class='ocrx_word' id='word_1_456' title='bbox 1097 3182 1156 3228; x_wconf 85' lang='lat' dir='ltr'><strong>ut</strong></span> <span class='ocrx_word' id='word_1_457' title='bbox 1198 3175 1336 3227; x_wconf 91' lang='lat' dir='ltr'><strong>Dens</strong></span> <span class='ocrx_word' id='word_1_458' title='bbox 1367 3174 1432 3227; x_wconf 89' lang='lat' dir='ltr'><strong>de</strong></span> <span class='ocrx_word' id='word_1_459' title='bbox 1463 3174 1659 3242; x_wconf 88' lang='lat' dir='ltr'><strong>puella,</strong></span> <span class='ocrx_word' id='word_1_460' title='bbox 1693 3193 1711 3224; x_wconf 72' lang='grc' dir='ltr'><strong>ε</strong></span> <span class='ocrx_word' id='word_1_461' title='bbox 1752 3171 1866 3228; x_wconf 85' lang='lat' dir='ltr'><strong>Non</strong></span> <span class='ocrx_word' id='word_1_462' title='bbox 1898 3184 1982 3229; x_wconf 86' lang='lat' dir='ltr'><strong>est</strong></span> <span class='ocrx_word' id='word_1_463' title='bbox 2013 3190 2165 3230; x_wconf 87' lang='lat' dir='ltr'><strong>mor-</strong></span> 
     </span>
    </p>
   </div>
   <div class='ocr_carea' id='block_1_63' title="bbox 594 3265 1448 3330">
    <p class='ocr_par' dir='ltr' id='par_1_63' title="bbox 594 3265 1448 3330">
     <span class='ocr_line' id='line_1_63' title="bbox 594 3265 1448 3330; baseline 0.002 -14"><span class='ocrx_word' id='word_1_464' title='bbox 594 3275 702 3329; x_wconf 87' lang='lat' dir='ltr'><strong>tua,</strong></span> <span class='ocrx_word' id='word_1_465' title='bbox 736 3266 830 3319; x_wconf 84' lang='lat' dir='ltr'><strong>sed</strong></span> <span class='ocrx_word' id='word_1_466' title='bbox 862 3265 1082 3330; x_wconf 86' lang='lat' dir='ltr'><strong>dormit,</strong></span> <span class='ocrx_word' id='word_1_467' title='bbox 1121 3287 1138 3317; x_wconf 72' lang='grc' dir='ltr'>ι</span> <span class='ocrx_word' id='word_1_468' title='bbox 1173 3266 1448 3320; x_wconf 90' lang='lat' dir='ltr'><strong>enuntiat.</strong></span> 
     </span>
    </p>
   </div>
   <div class='ocr_carea' id='block_1_64' title="bbox 661 3433 2165 3502">
    <p class='ocr_par' dir='ltr' id='par_1_64' title="bbox 661 3433 2165 3502">
     <span class='ocr_line' id='line_1_64' title="bbox 661 3433 2165 3502; baseline 0 -14"><span class='ocrx_word' id='word_1_469' title='bbox 661 3433 804 3488; x_wconf 82' lang='lat' dir='ltr'><strong>Idem</strong></span> <span class='ocrx_word' id='word_1_470' title='bbox 863 3450 983 3488; x_wconf 88' lang='lat' dir='ltr'><strong>cmn</strong></span> <span class='ocrx_word' id='word_1_471' title='bbox 1050 3433 1310 3502; x_wconf 84' lang='lat' dir='ltr'><strong>apostolis</strong></span> <span class='ocrx_word' id='word_1_472' title='bbox 1377 3449 1681 3488; x_wconf 82' lang='lat' dir='ltr'><strong>sermonem</strong></span> <span class='ocrx_word' id='word_1_473' title='bbox 1727 3435 2036 3498; x_wconf 74' lang='lat' dir='ltr'><strong>conferens,</strong></span> <span class='ocrx_word' id='word_1_474' title='bbox 2093 3437 2165 3490; x_wconf 88' lang='lat' dir='ltr'><strong>ita</strong></span> 
     </span>
    </p>
   </div>
   <div class='ocr_carea' id='block_1_65' title="bbox 592 3525 2163 3597">
    <p class='ocr_par' dir='ltr' id='par_1_65' title="bbox 592 3525 2163 3597">
     <span class='ocr_line' id='line_1_65' title="bbox 592 3525 2163 3597; baseline -0.001 -15"><span class='ocrx_word' id='word_1_475' title='bbox 592 3528 774 3583; x_wconf 84' lang='lat' dir='ltr'><strong>aiebat</strong></span> <span class='ocrx_word' id='word_1_476' title='bbox 801 3545 816 3583; x_wconf 89' lang='lat'><strong>:</strong></span> <span class='ocrx_word' id='word_1_477' title='bbox 840 3545 859 3578; x_wconf 76' lang='grc' dir='ltr'>ι</span> <span class='ocrx_word' id='word_1_478' title='bbox 891 3527 1022 3592; x_wconf 84' lang='lat' dir='ltr'><strong>Quis</strong></span> <span class='ocrx_word' id='word_1_479' title='bbox 1052 3525 1226 3595; x_wconf 87' lang='lat' dir='ltr'><strong>major</strong></span> <span class='ocrx_word' id='word_1_480' title='bbox 1261 3536 1364 3590; x_wconf 85' lang='lat' dir='ltr'><strong>est,</strong></span> <span class='ocrx_word' id='word_1_481' title='bbox 1398 3527 1489 3595; x_wconf 93' lang='lat' dir='ltr'><strong>qui</strong></span> <span class='ocrx_word' id='word_1_482' title='bbox 1521 3528 1808 3589; x_wconf 86' lang='lat' dir='ltr'><strong>recumbit,</strong></span> <span class='ocrx_word' id='word_1_483' title='bbox 1841 3543 1907 3580; x_wconf 90' lang='lat' dir='ltr'><strong>an</strong></span> <span class='ocrx_word' id='word_1_484' title='bbox 1945 3531 2034 3597; x_wconf 90' lang='lat' dir='ltr'><strong>qui</strong></span> <span class='ocrx_word' id='word_1_485' title='bbox 2065 3530 2163 3582; x_wconf 92' lang='lat' dir='ltr'><strong>mi-</strong></span> 
     </span>
    </p>
   </div>
   <div class='ocr_carea' id='block_1_66' title="bbox 595 3615 2167 3687">
    <p class='ocr_par' dir='ltr' id='par_1_66' title="bbox 595 3615 2167 3687">
     <span class='ocr_line' id='line_1_66' title="bbox 595 3615 2167 3687; baseline 0 -15"><span class='ocrx_word' id='word_1_486' title='bbox 595 3620 816 3683; x_wconf 84' lang='lat' dir='ltr'><strong>nistrat;</strong></span> <span class='ocrx_word' id='word_1_487' title='bbox 848 3633 1027 3672; x_wconf 88' lang='lat' dir='ltr'><strong>nonne</strong></span> <span class='ocrx_word' id='word_1_488' title='bbox 1072 3619 1162 3687; x_wconf 90' lang='lat' dir='ltr'><strong>qui</strong></span> <span class='ocrx_word' id='word_1_489' title='bbox 1227 3617 1528 3672; x_wconf 72' lang='lat' dir='ltr'><strong>recumbit?</strong></span> <span class='ocrx_word' id='word_1_490' title='bbox 1559 3615 1664 3686; x_wconf 77' lang='lat'><strong>91</strong></span> <span class='ocrx_word' id='word_1_491' title='bbox 1721 3619 1830 3687; x_wconf 64' lang='lat' dir='ltr'><strong>ligo</strong></span> <span class='ocrx_word' id='word_1_492' title='bbox 1883 3631 2060 3672; x_wconf 86' lang='lat' dir='ltr'><strong>autem</strong></span> <span class='ocrx_word' id='word_1_493' title='bbox 2116 3622 2167 3672; x_wconf 91' lang='lat' dir='ltr'><strong>iu</strong></span> 
     </span>
    </p>
   </div>
   <div class='ocr_carea' id='block_1_67' title="bbox 597 3709 2168 3780">
    <p class='ocr_par' dir='ltr' id='par_1_67' title="bbox 597 3709 2168 3780">
     <span class='ocr_line' id='line_1_67' title="bbox 597 3709 2168 3780; baseline -0.002 -17"><span class='ocrx_word' id='word_1_494' title='bbox 597 3712 774 3764; x_wconf 88' lang='lat' dir='ltr'><strong>medio</strong></span> <span class='ocrx_word' id='word_1_495' title='bbox 803 3711 966 3764; x_wconf 86' lang='lat' dir='ltr'><strong>vestri</strong></span> <span class='ocrx_word' id='word_1_496' title='bbox 1021 3727 1141 3763; x_wconf 80' lang='lat' dir='ltr'><strong>sum</strong></span> <span class='ocrx_word' id='word_1_497' title='bbox 1188 3721 1444 3780; x_wconf 90' lang='lat' dir='ltr'><strong>tauquam</strong></span> <span class='ocrx_word' id='word_1_498' title='bbox 1483 3714 1572 3778; x_wconf 91' lang='lat' dir='ltr'><strong>qui</strong></span> <span class='ocrx_word' id='word_1_499' title='bbox 1607 3709 1966 3764; x_wconf 78' lang='lat' dir='ltr'><strong>ministrat“.</strong></span> <span class='ocrx_word' id='word_1_500' title='bbox 2003 3729 2021 3760; x_wconf 73' lang='grc' dir='ltr'>ι</span> <span class='ocrx_word' id='word_1_501' title='bbox 2059 3710 2168 3764; x_wconf 79' lang='lat' dir='ltr'><strong>Ob-</strong></span> 
     </span>
    </p>
   </div>
   <div class='ocr_carea' id='block_1_68' title="bbox 595 3800 2172 3871">
    <p class='ocr_par' dir='ltr' id='par_1_68' title="bbox 595 3800 2172 3871">
     <span class='ocr_line' id='line_1_68' title="bbox 595 3800 2172 3871; baseline -0.002 -15"><span class='ocrx_word' id='word_1_502' title='bbox 595 3818 772 3863; x_wconf 76' lang='lat' dir='ltr'><strong>serva,</strong></span> <span class='ocrx_word' id='word_1_503' title='bbox 795 3810 852 3856; x_wconf 89' lang='lat' dir='ltr'><strong>ut</strong></span> <span class='ocrx_word' id='word_1_504' title='bbox 895 3803 1038 3871; x_wconf 89' lang='lat' dir='ltr'><strong>quod</strong></span> <span class='ocrx_word' id='word_1_505' title='bbox 1080 3803 1273 3856; x_wconf 89' lang='lat' dir='ltr'><strong>attinet</strong></span> <span class='ocrx_word' id='word_1_506' title='bbox 1327 3801 1397 3855; x_wconf 89' lang='lat' dir='ltr'><strong>ad</strong></span> <span class='ocrx_word' id='word_1_507' title='bbox 1450 3801 1732 3866; x_wconf 83' lang='lat' dir='ltr'><strong>deitatem,</strong></span> <span class='ocrx_word' id='word_1_508' title='bbox 1771 3800 2172 3868; x_wconf 74' lang='lat' dir='ltr'><strong>Dominicacque</strong></span> 
     </span>
    </p>
   </div>
   <div class='ocr_carea' id='block_1_69' title="bbox 597 3891 2170 3964">
    <p class='ocr_par' dir='ltr' id='par_1_69' title="bbox 597 3891 2170 3964">
     <span class='ocr_line' id='line_1_69' title="bbox 597 3891 2170 3964; baseline -0.003 -18"><span class='ocrx_word' id='word_1_509' title='bbox 597 3893 782 3964; x_wconf 70' lang='lat' dir='ltr'><strong>glorise</strong></span> <span class='ocrx_word' id='word_1_510' title='bbox 812 3896 1173 3963; x_wconf 71' lang='lat' dir='ltr'><strong>maiestatem,</strong></span> <span class='ocrx_word' id='word_1_511' title='bbox 1209 3895 1260 3948; x_wconf 90' lang='lat' dir='ltr'><strong>in</strong></span> <span class='ocrx_word' id='word_1_512' title='bbox 1297 3895 1678 3947; x_wconf 88' lang='lat' dir='ltr'><strong>ministrorum</strong></span> <span class='ocrx_word' id='word_1_513' title='bbox 1707 3893 1899 3946; x_wconf 89' lang='lat' dir='ltr'><strong>ordine</strong></span> <span class='ocrx_word' id='word_1_514' title='bbox 1932 3891 2170 3953; x_wconf 87' lang='lat' dir='ltr'><strong>censeri,</strong></span> 
     </span>
    </p>
   </div>
   <div class='ocr_carea' id='block_1_70' title="bbox 602 3983 2169 4053">
    <p class='ocr_par' dir='ltr' id='par_1_70' title="bbox 602 3983 2169 4053">
     <span class='ocr_line' id='line_1_70' title="bbox 602 3983 2169 4053; baseline -0.002 -13"><span class='ocrx_word' id='word_1_515' title='bbox 602 3995 810 4040; x_wconf 91' lang='lat' dir='ltr'><strong>tantum</strong></span> <span class='ocrx_word' id='word_1_516' title='bbox 873 4001 978 4040; x_wconf 89' lang='lat' dir='ltr'><strong>non</strong></span> <span class='ocrx_word' id='word_1_517' title='bbox 1033 3993 1334 4051; x_wconf 85' lang='lat' dir='ltr'><strong>aversetur,</strong></span> <span class='ocrx_word' id='word_1_518' title='bbox 1391 3993 1729 4053; x_wconf 82' lang='lat' dir='ltr'><strong>recusetque.</strong></span> <span class='ocrx_word' id='word_1_519' title='bbox 1782 3983 2169 4037; x_wconf 74' lang='lat' dir='ltr'><strong>Verumtamen</strong></span> 
     </span>
    </p>
   </div>
   <div class='ocr_carea' id='block_1_71' title="bbox 600 4077 2168 4148">
    <p class='ocr_par' dir='ltr' id='par_1_71' title="bbox 600 4077 2168 4148">
     <span class='ocr_line' id='line_1_71' title="bbox 600 4077 2168 4148; baseline -0.002 -17"><span class='ocrx_word' id='word_1_520' title='bbox 600 4088 820 4148; x_wconf 86' lang='lat' dir='ltr'><strong>propter</strong></span> <span class='ocrx_word' id='word_1_521' title='bbox 871 4079 1158 4133; x_wconf 86' lang='lat' dir='ltr'><strong>humanam</strong></span> <span class='ocrx_word' id='word_1_522' title='bbox 1200 4088 1449 4132; x_wconf 86' lang='lat' dir='ltr'><strong>naturam</strong></span> <span class='ocrx_word' id='word_1_523' title='bbox 1503 4079 1865 4131; x_wconf 88' lang='lat' dir='ltr'><strong>ministerium</strong></span> <span class='ocrx_word' id='word_1_524' title='bbox 1912 4077 2168 4129; x_wconf 86' lang='lat' dir='ltr'><strong>admittit.</strong></span> 
     </span>
    </p>
   </div>
   <div class='ocr_carea' id='block_1_72' title="bbox 597 4168 2171 4240">
    <p class='ocr_par' dir='ltr' id='par_1_72' title="bbox 597 4168 2171 4240">
     <span class='ocr_line' id='line_1_72' title="bbox 597 4168 2171 4240; baseline -0.002 -17"><span class='ocrx_word' id='word_1_525' title='bbox 597 4171 687 4224; x_wconf 84' lang='lat' dir='ltr'><strong>Ait</strong></span> <span class='ocrx_word' id='word_1_526' title='bbox 714 4170 858 4224; x_wconf 88' lang='lat' dir='ltr'><strong>enim</strong></span> <span class='ocrx_word' id='word_1_527' title='bbox 886 4188 901 4224; x_wconf 86' lang='lat'><strong>:</strong></span> <span class='ocrx_word' id='word_1_528' title='bbox 937 4187 956 4219; x_wconf 74' lang='grc' dir='ltr'>ι</span> <span class='ocrx_word' id='word_1_529' title='bbox 988 4170 1096 4240; x_wconf 79' lang='lat' dir='ltr'><strong>Ego</strong></span> <span class='ocrx_word' id='word_1_530' title='bbox 1129 4171 1180 4224; x_wconf 88' lang='lat' dir='ltr'><strong>in</strong></span> <span class='ocrx_word' id='word_1_531' title='bbox 1213 4170 1391 4224; x_wconf 87' lang='lat' dir='ltr'><strong>medio</strong></span> <span class='ocrx_word' id='word_1_532' title='bbox 1427 4170 1590 4224; x_wconf 82' lang='lat' dir='ltr'><strong>vestri</strong></span> <span class='ocrx_word' id='word_1_533' title='bbox 1641 4184 1761 4224; x_wconf 88' lang='lat' dir='ltr'><strong>sum</strong></span> <span class='ocrx_word' id='word_1_534' title='bbox 1794 4177 2050 4237; x_wconf 82' lang='lat' dir='ltr'><strong>tanquam</strong></span> <span class='ocrx_word' id='word_1_535' title='bbox 2081 4168 2171 4236; x_wconf 88' lang='lat' dir='ltr'><strong>qui</strong></span> 
     </span>
    </p>
   </div>
   <div class='ocr_carea' id='block_1_73' title="bbox 599 4260 2172 4330">
    <p class='ocr_par' dir='ltr' id='par_1_73' title="bbox 599 4260 2172 4330">
     <span class='ocr_line' id='line_1_73' title="bbox 599 4260 2172 4330; baseline -0.001 -16"><span class='ocrx_word' id='word_1_536' title='bbox 599 4261 893 4317; x_wconf 81' lang='lat' dir='ltr'><strong>ministrat.</strong></span> <span class='ocrx_word' id='word_1_537' title='bbox 935 4280 954 4312; x_wconf 74' lang='grc' dir='ltr'>ι</span> <span class='ocrx_word' id='word_1_538' title='bbox 1005 4262 1118 4316; x_wconf 76' lang='lat' dir='ltr'><strong>Etsi</strong></span> <span class='ocrx_word' id='word_1_539' title='bbox 1159 4277 1288 4330; x_wconf 74' lang='lat' dir='ltr'><strong>ergo</strong></span> <span class='ocrx_word' id='word_1_540' title='bbox 1330 4260 1472 4315; x_wconf 88' lang='lat' dir='ltr'><strong>inter</strong></span> <span class='ocrx_word' id='word_1_541' title='bbox 1511 4260 1811 4313; x_wconf 85' lang='lat' dir='ltr'><strong>ministeria</strong></span> <span class='ocrx_word' id='word_1_542' title='bbox 1864 4260 2006 4313; x_wconf 89' lang='lat' dir='ltr'><strong>ultro</strong></span> <span class='ocrx_word' id='word_1_543' title='bbox 2053 4275 2172 4312; x_wconf 88' lang='lat' dir='ltr'><strong>sese</strong></span> 
     </span>
    </p>
   </div>
   <div class='ocr_carea' id='block_1_74' title="bbox 597 4351 2172 4419">
    <p class='ocr_par' dir='ltr' id='par_1_74' title="bbox 597 4351 2172 4419">
     <span class='ocr_line' id='line_1_74' title="bbox 597 4351 2172 4419; baseline -0.003 -14"><span class='ocrx_word' id='word_1_544' title='bbox 597 4353 886 4418; x_wconf 86' lang='lat' dir='ltr'><strong>dimiserit,</strong></span> <span class='ocrx_word' id='word_1_545' title='bbox 906 4360 1143 4407; x_wconf 84' lang='lat' dir='ltr'><strong>attamen</strong></span> <span class='ocrx_word' id='word_1_546' title='bbox 1168 4362 1225 4406; x_wconf 92' lang='lat' dir='ltr'><strong>ut</strong></span> <span class='ocrx_word' id='word_1_547' title='bbox 1255 4351 1538 4414; x_wconf 86' lang='lat' dir='ltr'><strong>Dominus,</strong></span> <span class='ocrx_word' id='word_1_548' title='bbox 1561 4353 1933 4419; x_wconf 62' lang='lat' dir='ltr'><strong>universasque</strong></span> <span class='ocrx_word' id='word_1_549' title='bbox 1957 4360 2172 4406; x_wconf 75' lang='lat' dir='ltr'><strong>crcatu-</strong></span> 
     </span>
    </p>
   </div>
   <div class='ocr_carea' id='block_1_75' title="bbox 601 4445 2248 4516">
    <p class='ocr_par' dir='ltr' id='par_1_75' title="bbox 601 4445 2248 4516">
     <span class='ocr_line' id='line_1_75' title="bbox 601 4445 2248 4516; baseline -0.001 -17"><span class='ocrx_word' id='word_1_550' title='bbox 601 4461 676 4501; x_wconf 62' lang='lat' dir='ltr'><strong>rae</strong></span> <span class='ocrx_word' id='word_1_551' title='bbox 743 4445 1000 4500; x_wconf 81' lang='lat' dir='ltr'><strong>famulatu</strong></span> <span class='ocrx_word' id='word_1_552' title='bbox 1059 4448 1381 4510; x_wconf 89' lang='lat' dir='ltr'><strong>honoratus,</strong></span> <span class='ocrx_word' id='word_1_553' title='bbox 1438 4455 1496 4498; x_wconf 93' lang='lat' dir='ltr'><strong>ut</strong></span> <span class='ocrx_word' id='word_1_554' title='bbox 1551 4445 1722 4512; x_wconf 90' lang='lat' dir='ltr'><strong>Deus,</strong></span> <span class='ocrx_word' id='word_1_555' title='bbox 1781 4447 1895 4515; x_wconf 83' lang='lat' dir='ltr'><strong>ipse</strong></span> <span class='ocrx_word' id='word_1_556' title='bbox 1953 4455 2037 4500; x_wconf 86' lang='lat' dir='ltr'><strong>est</strong></span> <span class='ocrx_word' id='word_1_557' title='bbox 2078 4445 2168 4515; x_wconf 89' lang='lat' dir='ltr'><strong>qui</strong></span> <span class='ocrx_word' id='word_1_558' title='bbox 2204 4462 2248 4516; x_wconf 80' lang='grc' dir='ltr'><strong>ι)</strong></span> 
     </span>
    </p>
   </div>
   <div class='ocr_carea' id='block_1_76' title="bbox 601 4537 891 4592">
    <p class='ocr_par' dir='ltr' id='par_1_76' title="bbox 601 4537 891 4592">
     <span class='ocr_line' id='line_1_76' title="bbox 601 4537 891 4592; baseline -0.003 0"><span class='ocrx_word' id='word_1_559' title='bbox 601 4537 891 4592; x_wconf 87' lang='lat' dir='ltr'><strong>recumbit.</strong></span> 
     </span>
    </p>
   </div>
   <div class='ocr_carea' id='block_1_77' title="bbox 677 4625 2172 4699">
    <p class='ocr_par' dir='ltr' id='par_1_77' title="bbox 677 4625 2172 4699">
     <span class='ocr_line' id='line_1_77' title="bbox 677 4625 2172 4699; baseline 0.001 -20"><span class='ocrx_word' id='word_1_560' title='bbox 677 4647 696 4679; x_wconf 73' lang='grc' dir='ltr'>ι</span> <span class='ocrx_word' id='word_1_561' title='bbox 729 4625 887 4683; x_wconf 84' lang='lat' dir='ltr'><strong>Jesus</strong></span> <span class='ocrx_word' id='word_1_562' title='bbox 932 4630 1096 4698; x_wconf 75' lang='lat' dir='ltr'><strong>igitur</strong></span> <span class='ocrx_word' id='word_1_563' title='bbox 1121 4630 1198 4683; x_wconf 91' lang='lat' dir='ltr'><strong>ait</strong></span> <span class='ocrx_word' id='word_1_564' title='bbox 1232 4629 1336 4684; x_wconf 91' lang='lat' dir='ltr'><strong>illis</strong></span> <span class='ocrx_word' id='word_1_565' title='bbox 1366 4628 1594 4699; x_wconf 90' lang='lat' dir='ltr'><strong>(nempe</strong></span> <span class='ocrx_word' id='word_1_566' title='bbox 1633 4628 1980 4683; x_wconf 87' lang='lat' dir='ltr'><strong>sacerdotum</strong></span> <span class='ocrx_word' id='word_1_567' title='bbox 2019 4628 2172 4697; x_wconf 88' lang='lat' dir='ltr'><strong>prin-</strong></span> 
     </span>
    </p>
   </div>
   <div class='ocr_carea' id='block_1_78' title="bbox 601 4719 2171 4789">
    <p class='ocr_par' dir='ltr' id='par_1_78' title="bbox 601 4719 2171 4789">
     <span class='ocr_line' id='line_1_78' title="bbox 601 4719 2171 4789; baseline 0 -17"><span class='ocrx_word' id='word_1_568' title='bbox 601 4719 810 4788; x_wconf 88' lang='lat' dir='ltr'><strong>cipibus</strong></span> <span class='ocrx_word' id='word_1_569' title='bbox 840 4719 908 4774; x_wconf 89' lang='lat' dir='ltr'><strong>ab</strong></span> <span class='ocrx_word' id='word_1_570' title='bbox 939 4720 1029 4774; x_wconf 85' lang='lat' dir='ltr'><strong>illo</strong></span> <span class='ocrx_word' id='word_1_571' title='bbox 1064 4721 1386 4775; x_wconf 86' lang='lat' dir='ltr'><strong>Christusne</strong></span> <span class='ocrx_word' id='word_1_572' title='bbox 1415 4729 1560 4774; x_wconf 84' lang='lat' dir='ltr'><strong>esset</strong></span> <span class='ocrx_word' id='word_1_573' title='bbox 1614 4719 2092 4789; x_wconf 89' lang='lat' dir='ltr'><strong>sciscitantibus):</strong></span> <span class='ocrx_word' id='word_1_574' title='bbox 2115 4719 2171 4772; x_wconf 88' lang='lat' dir='ltr'><strong>Si</strong></span> 
     </span>
    </p>
   </div>
   <div class='ocr_carea' id='block_1_79' title="bbox 603 4811 2170 4877">
    <p class='ocr_par' dir='ltr' id='par_1_79' title="bbox 603 4811 2170 4877">
     <span class='ocr_line' id='line_1_79' title="bbox 603 4811 2170 4877; baseline -0.001 -14"><span class='ocrx_word' id='word_1_575' title='bbox 603 4811 753 4864; x_wconf 77' lang='lat' dir='ltr'><strong>vobis</strong></span> <span class='ocrx_word' id='word_1_576' title='bbox 781 4811 991 4877; x_wconf 77' lang='lat' dir='ltr'><strong>dixero,</strong></span> <span class='ocrx_word' id='word_1_577' title='bbox 1023 4826 1129 4866; x_wconf 85' lang='lat' dir='ltr'><strong>neu</strong></span> <span class='ocrx_word' id='word_1_578' title='bbox 1153 4813 1386 4866; x_wconf 85' lang='lat' dir='ltr'><strong>credetis</strong></span> <span class='ocrx_word' id='word_1_579' title='bbox 1436 4814 1588 4865; x_wconf 89' lang='lat' dir='ltr'><strong>mihi.</strong></span> <span class='ocrx_word' id='word_1_580' title='bbox 1633 4811 1689 4866; x_wconf 91' lang='lat' dir='ltr'><strong>Si</strong></span> <span class='ocrx_word' id='word_1_581' title='bbox 1720 4823 1898 4864; x_wconf 88' lang='lat' dir='ltr'><strong>autem</strong></span> <span class='ocrx_word' id='word_1_582' title='bbox 1935 4812 2170 4865; x_wconf 86' lang='lat' dir='ltr'><strong>interro-</strong></span> 
     </span>
    </p>
   </div>
   <div class='ocr_carea' id='block_1_80' title="bbox 602 4903 2171 4972">
    <p class='ocr_par' dir='ltr' id='par_1_80' title="bbox 602 4903 2171 4972">
     <span class='ocr_line' id='line_1_80' title="bbox 602 4903 2171 4972; baseline -0.001 -16"><span class='ocrx_word' id='word_1_583' title='bbox 602 4918 822 4971; x_wconf 73' lang='lat' dir='ltr'><strong>gavero,</strong></span> <span class='ocrx_word' id='word_1_584' title='bbox 859 4918 962 4955; x_wconf 91' lang='lat' dir='ltr'><strong>nou</strong></span> <span class='ocrx_word' id='word_1_585' title='bbox 991 4903 1388 4972; x_wconf 83' lang='lat' dir='ltr'><strong>re5pondebitis</strong></span> <span class='ocrx_word' id='word_1_586' title='bbox 1444 4903 1598 4968; x_wconf 89' lang='lat' dir='ltr'><strong>mihi,</strong></span> <span class='ocrx_word' id='word_1_587' title='bbox 1628 4919 1802 4972; x_wconf 88' lang='lat' dir='ltr'><strong>neque</strong></span> <span class='ocrx_word' id='word_1_588' title='bbox 1865 4904 2171 4956; x_wconf 88' lang='lat' dir='ltr'><strong>dimittetis.</strong></span> 
     </span>
    </p>
   </div>
   <div class='ocr_carea' id='block_1_81' title="bbox 603 4995 2174 5051">
    <p class='ocr_par' dir='ltr' id='par_1_81' title="bbox 603 4995 2174 5051">
     <span class='ocr_line' id='line_1_81' title="bbox 603 4995 2174 5051; baseline -0.003 0"><span class='ocrx_word' id='word_1_589' title='bbox 603 4996 679 5051; x_wconf 77' lang='lat' dir='ltr'><strong>Ex</strong></span> <span class='ocrx_word' id='word_1_590' title='bbox 725 4996 826 5050; x_wconf 89' lang='lat' dir='ltr'><strong>hoc</strong></span> <span class='ocrx_word' id='word_1_591' title='bbox 855 5004 1030 5048; x_wconf 88' lang='lat' dir='ltr'><strong>autem</strong></span> <span class='ocrx_word' id='word_1_592' title='bbox 1065 4997 1169 5050; x_wconf 87' lang='lat' dir='ltr'><strong>erit</strong></span> <span class='ocrx_word' id='word_1_593' title='bbox 1194 4995 1364 5050; x_wconf 85' lang='lat' dir='ltr'><strong>Filius</strong></span> <span class='ocrx_word' id='word_1_594' title='bbox 1405 4997 1638 5051; x_wconf 86' lang='lat' dir='ltr'><strong>hominis</strong></span> <span class='ocrx_word' id='word_1_595' title='bbox 1673 4998 1872 5050; x_wconf 88' lang='lat' dir='ltr'><strong>sedens</strong></span> <span class='ocrx_word' id='word_1_596' title='bbox 1905 5011 1933 5048; x_wconf 91' lang='lat' dir='ltr'><strong>a</strong></span> <span class='ocrx_word' id='word_1_597' title='bbox 1963 4997 2174 5048; x_wconf 79' lang='lat' dir='ltr'><strong>dextris</strong></span> 
     </span>
    </p>
   </div>
   <div class='ocr_carea' id='block_1_82' title="bbox 602 5085 2179 5142">
    <p class='ocr_par' dir='ltr' id='par_1_82' title="bbox 602 5085 2179 5142">
     <span class='ocr_line' id='line_1_82' title="bbox 602 5085 2179 5142; baseline 0.001 -6"><span class='ocrx_word' id='word_1_598' title='bbox 602 5087 817 5142; x_wconf 70' lang='lat' dir='ltr'><strong>virtutis</strong></span> <span class='ocrx_word' id='word_1_599' title='bbox 850 5087 940 5140; x_wconf 87' lang='lat' dir='ltr'><strong>Dei</strong></span> <span class='ocrx_word' id='word_1_600' title='bbox 962 5086 1027 5140; x_wconf 68' lang='lat'><strong>“.</strong></span> <span class='ocrx_word' id='word_1_601' title='bbox 1072 5107 1091 5138; x_wconf 72' lang='grc' dir='ltr'>ι</span> <span class='ocrx_word' id='word_1_602' title='bbox 1125 5085 1180 5140; x_wconf 90' lang='lat' dir='ltr'><strong>Si</strong></span> <span class='ocrx_word' id='word_1_603' title='bbox 1233 5086 1400 5140; x_wconf 87' lang='lat' dir='ltr'><strong>Filius</strong></span> <span class='ocrx_word' id='word_1_604' title='bbox 1451 5087 1688 5141; x_wconf 80' lang='lat' dir='ltr'><strong>hominis</strong></span> <span class='ocrx_word' id='word_1_605' title='bbox 1742 5090 1894 5141; x_wconf 86' lang='lat' dir='ltr'><strong>sedet</strong></span> <span class='ocrx_word' id='word_1_606' title='bbox 1917 5106 1943 5138; x_wconf 88' lang='lat' dir='ltr'><strong>a</strong></span> <span class='ocrx_word' id='word_1_607' title='bbox 1970 5088 2179 5142; x_wconf 81' lang='lat' dir='ltr'><strong>dextris</strong></span> 
     </span>
    </p>
   </div>
   <div class='ocr_carea' id='block_1_83' title="bbox 604 5161 2174 5247">
    <p class='ocr_par' dir='ltr' id='par_1_83' title="bbox 604 5161 2174 5247">
     <span class='ocr_line' id='line_1_83' title="bbox 604 5161 2174 5247; baseline -0.001 -17"><span class='ocrx_word' id='word_1_608' title='bbox 604 5177 719 5241; x_wconf 86' lang='lat' dir='ltr'><strong>Dei,</strong></span> <span class='ocrx_word' id='word_1_609' title='bbox 761 5177 1034 5247; x_wconf 87' lang='lat' dir='ltr'><strong>quomodo</strong></span> <span class='ocrx_word' id='word_1_610' title='bbox 1091 5161 1343 5231; x_wconf 79' lang='lat' dir='ltr'><strong>Christus</strong></span> <span class='ocrx_word' id='word_1_611' title='bbox 1385 5193 1597 5231; x_wconf 89' lang='lat' dir='ltr'><strong>smmno</strong></span> <span class='ocrx_word' id='word_1_612' title='bbox 1635 5177 1726 5231; x_wconf 92' lang='lat' dir='ltr'><strong>illo</strong></span> <span class='ocrx_word' id='word_1_613' title='bbox 1762 5177 1956 5231; x_wconf 85' lang='lat' dir='ltr'><strong>throno</strong></span> <span class='ocrx_word' id='word_1_614' title='bbox 2011 5179 2174 5230; x_wconf 74' lang='lat' dir='ltr'><strong>deco-</strong></span> 
     </span>
    </p>
   </div>
   <div class='ocr_carea' id='block_1_84' title="bbox 604 5269 2176 5339">
    <p class='ocr_par' dir='ltr' id='par_1_84' title="bbox 604 5269 2176 5339">
     <span class='ocr_line' id='line_1_84' title="bbox 604 5269 2176 5339; baseline -0.003 -15"><span class='ocrx_word' id='word_1_615' title='bbox 604 5277 777 5334; x_wconf 84' lang='lat' dir='ltr'><strong>ratus,</strong></span> <span class='ocrx_word' id='word_1_616' title='bbox 807 5273 1106 5339; x_wconf 83' lang='lat' dir='ltr'><strong>eademque</strong></span> <span class='ocrx_word' id='word_1_617' title='bbox 1148 5285 1270 5324; x_wconf 90' lang='lat' dir='ltr'><strong>cum</strong></span> <span class='ocrx_word' id='word_1_618' title='bbox 1308 5269 1468 5324; x_wconf 87' lang='lat' dir='ltr'><strong>Patre</strong></span> <span class='ocrx_word' id='word_1_619' title='bbox 1500 5269 1646 5323; x_wconf 86' lang='lat' dir='ltr'><strong>sedis</strong></span> <span class='ocrx_word' id='word_1_620' title='bbox 1677 5269 2002 5322; x_wconf 83' lang='lat' dir='ltr'><strong>auctoritate</strong></span> <span class='ocrx_word' id='word_1_621' title='bbox 2036 5284 2176 5336; x_wconf 79' lang='lat' dir='ltr'><strong>pra:-</strong></span> 
     </span>
    </p>
   </div>
   <div class='ocr_carea' id='block_1_85' title="bbox 583 5425 2215 5492">
    <p class='ocr_par' dir='ltr' id='par_1_85' title="bbox 583 5425 2215 5492">
     <span class='ocr_line' id='line_1_85' title="bbox 583 5425 2215 5492; baseline -0.002 -9"><span class='ocrx_word' id='word_1_622' title='bbox 583 5461 585 5465; x_wconf 68' lang='grc' dir='ltr'><strong>ι</strong></span> <span class='ocrx_word' id='word_1_623' title='bbox 673 5429 714 5461; x_wconf 66' lang='grc'>⁸¹</span> <span class='ocrx_word' id='word_1_624' title='bbox 751 5428 884 5483; x_wconf 85' lang='lat' dir='ltr'><strong>Luc.</strong></span> <span class='ocrx_word' id='word_1_625' title='bbox 920 5444 1034 5492; x_wconf 81' lang='lat' dir='ltr'><strong>vtn,</strong></span> <span class='ocrx_word' id='word_1_626' title='bbox 1071 5429 1160 5492; x_wconf 77' lang='lat'><strong>58,</strong></span> <span class='ocrx_word' id='word_1_627' title='bbox 1187 5427 1277 5482; x_wconf 83' lang='grc'><strong>59.</strong></span> <span class='ocrx_word' id='word_1_628' title='bbox 1347 5429 1391 5458; x_wconf 70' lang='grc' dir='ltr'>δ’</span> <span class='ocrx_word' id='word_1_629' title='bbox 1427 5429 1556 5482; x_wconf 88' lang='lat' dir='ltr'><strong>ibid.</strong></span> <span class='ocrx_word' id='word_1_630' title='bbox 1759 5427 1803 5458; x_wconf 68' lang='grc'>⁸³</span> <span class='ocrx_word' id='word_1_631' title='bbox 1829 5425 1984 5480; x_wconf 77' lang='lat' dir='ltr'><strong>Rom.</strong></span> <span class='ocrx_word' id='word_1_632' title='bbox 2023 5444 2130 5492; x_wconf 61' lang='grc' dir='ltr'>διν,</span> <span class='ocrx_word' id='word_1_633' title='bbox 2162 5427 2215 5482; x_wconf 85' lang='lat'><strong>9.</strong></span> 
     </span>
    </p>
   </div>
   <div class='ocr_carea' id='block_1_86' title="bbox 2275 3165 3846 3239">
    <p class='ocr_par' dir='ltr' id='par_1_86' title="bbox 2275 3165 3846 3239">
     <span class='ocr_line' id='line_1_86' title="bbox 2275 3165 3846 3239; baseline -0.008 -12"><span class='ocrx_word' id='word_1_634' title='bbox 2275 3174 2446 3233; x_wconf 82' lang='grc' dir='ltr'>θείαν,</span> <span class='ocrx_word' id='word_1_635' title='bbox 2479 3174 2581 3226; x_wconf 76' lang='grc' dir='ltr'>οὐκ</span> <span class='ocrx_word' id='word_1_636' title='bbox 2608 3171 3060 3239; x_wconf 84' lang='grc' dir='ltr'>ἀποτεθνήκασιν.</span> <span class='ocrx_word' id='word_1_637' title='bbox 3090 3166 3364 3234; x_wconf 74' lang='grc' dir='ltr'>Ἀληθεύει</span> <span class='ocrx_word' id='word_1_638' title='bbox 3399 3165 3510 3235; x_wconf 69' lang='grc' dir='ltr'>γὰρ</span> <span class='ocrx_word' id='word_1_639' title='bbox 3543 3165 3622 3228; x_wconf 83' lang='grc' dir='ltr'><strong>ὡς</strong></span> <span class='ocrx_word' id='word_1_640' title='bbox 3655 3165 3785 3226; x_wconf 75' lang='grc' dir='ltr'>θεὸς</span> <span class='ocrx_word' id='word_1_641' title='bbox 3805 3169 3846 3224; x_wconf 80' lang='grc' dir='ltr'>Ρ,</span> 
     </span>
    </p>
   </div>
   <div class='ocr_carea' id='block_1_87' title="bbox 2277 3256 3846 3336">
    <p class='ocr_par' dir='ltr' id='par_1_87' title="bbox 2277 3256 3846 3336">
     <span class='ocr_line' id='line_1_87' title="bbox 2277 3256 3846 3336; baseline -0.031 5"><span class='ocrx_word' id='word_1_642' title='bbox 2277 3267 2405 3336; x_wconf 62' lang='grc' dir='ltr'><strong>’περ’ι</strong></span> <span class='ocrx_word' id='word_1_643' title='bbox 2457 3264 2551 3322; x_wconf 77' lang='grc' dir='ltr'>τοῦ</span> <span class='ocrx_word' id='word_1_644' title='bbox 2605 3262 2860 3334; x_wconf 76' lang='grc' dir='ltr'>κορασίου</span> <span class='ocrx_word' id='word_1_645' title='bbox 2906 3261 3110 3330; x_wconf 70' lang='grc' dir='ltr'><strong>λέγων·</strong></span> <span class='ocrx_word' id='word_1_646' title='bbox 3157 3281 3174 3311; x_wconf 79' lang='grc' dir='ltr'>ι</span> <span class='ocrx_word' id='word_1_647' title='bbox 3212 3260 3322 3312; x_wconf 72' lang='grc' dir='ltr'><strong>οὐκ</strong></span> <span class='ocrx_word' id='word_1_648' title='bbox 3366 3258 3688 3320; x_wconf 71' lang='grc' dir='ltr'>ἀπέθανεν,</span> 
     </span>
    </p>
   </div>
   <div class='ocr_carea' id='block_1_88' title="bbox 2277 3359 3116 3426">
    <p class='ocr_par' dir='ltr' id='par_1_88' title="bbox 2277 3359 3116 3426">
     <span class='ocr_line' id='line_1_88' title="bbox 2277 3359 3116 3426; baseline -0.007 -14"><span class='ocrx_word' id='word_1_649' title='bbox 2277 3359 2546 3412; x_wconf 81' lang='grc' dir='ltr'>καθεύδει.</span> <span class='ocrx_word' id='word_1_650' title='bbox 2583 3377 2598 3408; x_wconf 72' lang='grc' dir='ltr'>ι</span> <span class='ocrx_word' id='word_1_651' title='bbox 3112 3422 3116 3426; x_wconf 89' lang='lat'><strong>_</strong></span> 
     </span>
    </p>
   </div>
   <div class='ocr_carea' id='block_1_89' title="bbox 2347 3440 3839 3518">
    <p class='ocr_par' dir='ltr' id='par_1_89' title="bbox 2347 3440 3839 3518">
     <span class='ocr_line' id='line_1_89' title="bbox 2347 3440 3839 3518; baseline -0.009 -16"><span class='ocrx_word' id='word_1_652' title='bbox 2347 3451 2472 3512; x_wconf 76' lang='grc' dir='ltr'>Τοῖς</span> <span class='ocrx_word' id='word_1_653' title='bbox 2496 3447 2686 3502; x_wconf 76' lang='grc' dir='ltr'>ἑαυτοῦ</span> <span class='ocrx_word' id='word_1_654' title='bbox 2719 3447 2988 3518; x_wconf 75' lang='grc' dir='ltr'>μαθηταῖς</span> <span class='ocrx_word' id='word_1_655' title='bbox 3026 3444 3426 3512; x_wconf 70' lang='grc' dir='ltr'>διαλεγόμενος,</span> <span class='ocrx_word' id='word_1_656' title='bbox 3449 3441 3670 3509; x_wconf 67' lang='grc' dir='ltr'>ἔφασκε</span> <span class='ocrx_word' id='word_1_657' title='bbox 3699 3458 3713 3466; x_wconf 93' lang='grc'><strong>·</strong></span> <span class='ocrx_word' id='word_1_658' title='bbox 3739 3440 3839 3496; x_wconf 82' lang='grc' dir='ltr'><strong>ιΤΞ;</strong></span> 
     </span>
    </p>
   </div>
   <div class='ocr_carea' id='block_1_90' title="bbox 2281 3531 3844 3614">
    <p class='ocr_par' dir='ltr' id='par_1_90' title="bbox 2281 3531 3844 3614">
     <span class='ocr_line' id='line_1_90' title="bbox 2281 3531 3844 3614; baseline -0.01 -19"><span class='ocrx_word' id='word_1_659' title='bbox 2281 3541 2481 3614; x_wconf 74' lang='grc' dir='ltr'>μείζων</span> <span class='ocrx_word' id='word_1_660' title='bbox 2512 3540 2680 3604; x_wconf 76' lang='grc' dir='ltr'>ἐστὶν,</span> <span class='ocrx_word' id='word_1_661' title='bbox 2711 3541 2739 3591; x_wconf 89' lang='lat'><strong>6</strong></span> <span class='ocrx_word' id='word_1_662' title='bbox 2768 3538 3154 3606; x_wconf 85' lang='grc' dir='ltr'>ἀνακείμενος,</span> <span class='ocrx_word' id='word_1_663' title='bbox 3190 3533 3222 3603; x_wconf 83' lang='grc' dir='ltr'>ἢ</span> <span class='ocrx_word' id='word_1_664' title='bbox 3253 3535 3282 3586; x_wconf 90' lang='lat'><strong>6</strong></span> <span class='ocrx_word' id='word_1_665' title='bbox 3318 3533 3628 3595; x_wconf 79' lang='grc' dir='ltr'>διακονῶν;</span> <span class='ocrx_word' id='word_1_666' title='bbox 3667 3531 3794 3598; x_wconf 69' lang='grc' dir='ltr'><strong>Οὐχὶ</strong></span> <span class='ocrx_word' id='word_1_667' title='bbox 3821 3531 3844 3580; x_wconf 69' lang='grc' dir='ltr'><strong>ί</strong></span> 
     </span>
    </p>
   </div>
   <div class='ocr_carea' id='block_1_91' title="bbox 2277 3619 3837 3702">
    <p class='ocr_par' dir='ltr' id='par_1_91' title="bbox 2277 3619 3837 3702">
     <span class='ocr_line' id='line_1_91' title="bbox 2277 3619 3837 3702; baseline -0.009 -17"><span class='ocrx_word' id='word_1_668' title='bbox 2277 3632 2664 3702; x_wconf 74' lang='grc' dir='ltr'>ἀνακείμενοςς</span> <span class='ocrx_word' id='word_1_669' title='bbox 2706 3627 2849 3697; x_wconf 86' lang='grc' dir='ltr'><strong>Ἐγὼ</strong></span> <span class='ocrx_word' id='word_1_670' title='bbox 2875 3627 2931 3680; x_wconf 79' lang='grc' dir='ltr'><strong>δὲ</strong></span> <span class='ocrx_word' id='word_1_671' title='bbox 2958 3629 3015 3678; x_wconf 86' lang='grc' dir='ltr'>ὲν</span> <span class='ocrx_word' id='word_1_672' title='bbox 3048 3625 3196 3695; x_wconf 80' lang='grc' dir='ltr'>μέσῳ</span> <span class='ocrx_word' id='word_1_673' title='bbox 3228 3622 3379 3690; x_wconf 81' lang='grc' dir='ltr'>ὑμῶν</span> <span class='ocrx_word' id='word_1_674' title='bbox 3412 3623 3534 3691; x_wconf 74' lang='grc' dir='ltr'>ειμι</span> <span class='ocrx_word' id='word_1_675' title='bbox 3579 3620 3660 3682; x_wconf 79' lang='grc' dir='ltr'>ὡς</span> <span class='ocrx_word' id='word_1_676' title='bbox 3696 3622 3726 3672; x_wconf 82' lang='grc' dir='ltr'><strong>ὁ</strong></span> <span class='ocrx_word' id='word_1_677' title='bbox 3749 3619 3837 3671; x_wconf 68' lang='grc' dir='ltr'>δια·</span> 
     </span>
    </p>
   </div>
   <div class='ocr_carea' id='block_1_92' title="bbox 2279 3707 3836 3789">
    <p class='ocr_par' dir='ltr' id='par_1_92' title="bbox 2279 3707 3836 3789">
     <span class='ocr_line' id='line_1_92' title="bbox 2279 3707 3836 3789; baseline -0.009 -15"><span class='ocrx_word' id='word_1_678' title='bbox 2279 3721 2506 3774; x_wconf 75' lang='grc' dir='ltr'>κονῶν.»</span> <span class='ocrx_word' id='word_1_679' title='bbox 2525 3720 2708 3789; x_wconf 82' lang='grc' dir='ltr'>Ὁρᾷς,</span> <span class='ocrx_word' id='word_1_680' title='bbox 2734 3719 2903 3780; x_wconf 81' lang='grc' dir='ltr'>ὅπως,</span> <span class='ocrx_word' id='word_1_681' title='bbox 2932 3715 3053 3768; x_wconf 84' lang='grc' dir='ltr'>ὅσον</span> <span class='ocrx_word' id='word_1_682' title='bbox 3079 3714 3175 3784; x_wconf 78' lang='grc' dir='ltr'>μὲν</span> <span class='ocrx_word' id='word_1_683' title='bbox 3196 3707 3328 3783; x_wconf 75' lang='grc' dir='ltr'>ἧκεν</span> <span class='ocrx_word' id='word_1_684' title='bbox 3353 3710 3433 3774; x_wconf 81' lang='grc' dir='ltr'><strong>είς</strong></span> <span class='ocrx_word' id='word_1_685' title='bbox 3462 3727 3531 3778; x_wconf 83' lang='grc' dir='ltr'><strong>γε</strong></span> <span class='ocrx_word' id='word_1_686' title='bbox 3561 3709 3628 3762; x_wconf 80' lang='grc' dir='ltr'><strong>τὸ</strong></span> <span class='ocrx_word' id='word_1_687' title='bbox 3647 3712 3719 3779; x_wconf 78' lang='grc' dir='ltr'>τῇ</span> <span class='ocrx_word' id='word_1_688' title='bbox 3744 3710 3836 3762; x_wconf 68' lang='grc' dir='ltr'>θεὸ-</span> 
     </span>
    </p>
   </div>
   <div class='ocr_carea' id='block_1_93' title="bbox 2281 3802 3837 3882">
    <p class='ocr_par' dir='ltr' id='par_1_93' title="bbox 2281 3802 3837 3882">
     <span class='ocr_line' id='line_1_93' title="bbox 2281 3802 3837 3882; baseline -0.007 -17"><span class='ocrx_word' id='word_1_689' title='bbox 2281 3829 2406 3882; x_wconf 86' lang='grc' dir='ltr'>τητι</span> <span class='ocrx_word' id='word_1_690' title='bbox 2441 3810 2648 3881; x_wconf 80' lang='grc' dir='ltr'><strong>πρέπον</strong></span> <span class='ocrx_word' id='word_1_691' title='bbox 2690 3810 2785 3863; x_wconf 74' lang='grc' dir='ltr'><strong>καὶ</strong></span> <span class='ocrx_word' id='word_1_692' title='bbox 2829 3811 2896 3880; x_wconf 80' lang='grc' dir='ltr'>τῇ</span> <span class='ocrx_word' id='word_1_693' title='bbox 2926 3804 3048 3874; x_wconf 82' lang='grc' dir='ltr'>δόξῃ</span> <span class='ocrx_word' id='word_1_694' title='bbox 3083 3808 3149 3876; x_wconf 75' lang='grc' dir='ltr'>τῇ</span> <span class='ocrx_word' id='word_1_695' title='bbox 3194 3805 3534 3875; x_wconf 79' lang='grc' dir='ltr'>Δεσποτικῇ,</span> <span class='ocrx_word' id='word_1_696' title='bbox 3572 3802 3837 3872; x_wconf 67' lang='grc' dir='ltr'>μονονουχὶ</span> 
     </span>
    </p>
   </div>
   <div class='ocr_carea' id='block_1_94' title="bbox 2281 3894 3834 3962">
    <p class='ocr_par' dir='ltr' id='par_1_94' title="bbox 2281 3894 3834 3962">
     <span class='ocr_line' id='line_1_94' title="bbox 2281 3894 3834 3962; baseline -0.007 -7"><span class='ocrx_word' id='word_1_697' title='bbox 2281 3904 2376 3956; x_wconf 74' lang='grc' dir='ltr'><strong>καὶ</strong></span> <span class='ocrx_word' id='word_1_698' title='bbox 2404 3902 2717 3955; x_wconf 84' lang='grc' dir='ltr'>ἀποσείεται</span> <span class='ocrx_word' id='word_1_699' title='bbox 2742 3900 2805 3953; x_wconf 90' lang='grc' dir='ltr'><strong>τὸ</strong></span> <span class='ocrx_word' id='word_1_700' title='bbox 2834 3901 2892 3951; x_wconf 75' lang='grc' dir='ltr'><strong>ὲν</strong></span> <span class='ocrx_word' id='word_1_701' title='bbox 2918 3897 3166 3951; x_wconf 78' lang='grc' dir='ltr'>διακόνου</span> <span class='ocrx_word' id='word_1_702' title='bbox 3192 3894 3430 3948; x_wconf 81' lang='grc' dir='ltr'>νοεῖσθαι</span> <span class='ocrx_word' id='word_1_703' title='bbox 3461 3895 3620 3960; x_wconf 77' lang='grc' dir='ltr'>τάξει</span> <span class='ocrx_word' id='word_1_704' title='bbox 3645 3911 3662 3959; x_wconf 93' lang='lat'><strong>;</strong></span> <span class='ocrx_word' id='word_1_705' title='bbox 3704 3895 3834 3962; x_wconf 75' lang='grc' dir='ltr'><strong>Τιμᾷ</strong></span> 
     </span>
    </p>
   </div>
   <div class='ocr_carea' id='block_1_95' title="bbox 2280 3986 3840 4062">
    <p class='ocr_par' dir='ltr' id='par_1_95' title="bbox 2280 3986 3840 4062">
     <span class='ocr_line' id='line_1_95' title="bbox 2280 3986 3840 4062; baseline -0.01 -13"><span class='ocrx_word' id='word_1_706' title='bbox 2280 3997 2338 4050; x_wconf 83' lang='grc' dir='ltr'>δὲ</span> <span class='ocrx_word' id='word_1_707' title='bbox 2365 3995 2523 4049; x_wconf 81' lang='grc' dir='ltr'>τοῦτο</span> <span class='ocrx_word' id='word_1_708' title='bbox 2557 3994 2644 4048; x_wconf 71' lang='grc' dir='ltr'><strong>διὰ</strong></span> <span class='ocrx_word' id='word_1_709' title='bbox 2675 3993 2736 4046; x_wconf 85' lang='grc' dir='ltr'><strong>τὸ</strong></span> <span class='ocrx_word' id='word_1_710' title='bbox 2759 3989 3112 4062; x_wconf 81' lang='grc' dir='ltr'>ἀνθρώπινον·</span> <span class='ocrx_word' id='word_1_711' title='bbox 3139 4008 3157 4040; x_wconf 79' lang='grc' dir='ltr'>ι</span> <span class='ocrx_word' id='word_1_712' title='bbox 3190 3987 3332 4055; x_wconf 84' lang='grc' dir='ltr'><strong>Ἐγὼ</strong></span> <span class='ocrx_word' id='word_1_713' title='bbox 3361 3987 3496 4059; x_wconf 76' lang='grc' dir='ltr'>γὰρ,</span> <span class='ocrx_word' id='word_1_714' title='bbox 3518 3987 3714 4056; x_wconf 56' lang='grc' dir='ltr'>φησιν,</span> <span class='ocrx_word' id='word_1_715' title='bbox 3745 3986 3840 4053; x_wconf 60' lang='grc' dir='ltr'>εῌι</span> 
     </span>
    </p>
   </div>
   <div class='ocr_carea' id='block_1_96' title="bbox 2281 4077 3840 4155">
    <p class='ocr_par' dir='ltr' id='par_1_96' title="bbox 2281 4077 3840 4155">
     <span class='ocr_line' id='line_1_96' title="bbox 2281 4077 3840 4155; baseline -0.01 -14"><span class='ocrx_word' id='word_1_716' title='bbox 2281 4090 2340 4141; x_wconf 79' lang='grc' dir='ltr'><strong>ὲν</strong></span> <span class='ocrx_word' id='word_1_717' title='bbox 2369 4087 2520 4155; x_wconf 79' lang='grc' dir='ltr'>μέσῳ</span> <span class='ocrx_word' id='word_1_718' title='bbox 2555 4084 2706 4155; x_wconf 78' lang='grc' dir='ltr'>ὑμῶν</span> <span class='ocrx_word' id='word_1_719' title='bbox 2746 4083 2821 4146; x_wconf 82' lang='grc' dir='ltr'>ὡς</span> <span class='ocrx_word' id='word_1_720' title='bbox 2843 4080 3126 4135; x_wconf 84' lang='grc' dir='ltr'>διακονῶν.</span> <span class='ocrx_word' id='word_1_721' title='bbox 3165 4098 3184 4131; x_wconf 75' lang='grc' dir='ltr'>ι</span> <span class='ocrx_word' id='word_1_722' title='bbox 3219 4077 3431 4133; x_wconf 82' lang='grc' dir='ltr'>Οὐκοῦν</span> <span class='ocrx_word' id='word_1_723' title='bbox 3463 4078 3572 4132; x_wconf 79' lang='grc' dir='ltr'><strong>κᾶν</strong></span> <span class='ocrx_word' id='word_1_724' title='bbox 3602 4081 3656 4131; x_wconf 85' lang='grc' dir='ltr'><strong>εί</strong></span> <span class='ocrx_word' id='word_1_725' title='bbox 3697 4095 3840 4129; x_wconf 66' lang='lat' dir='ltr'><strong>uta-.1-</strong></span> 
     </span>
    </p>
   </div>
   <div class='ocr_carea' id='block_1_97' title="bbox 2281 4168 3838 4249">
    <p class='ocr_par' dir='ltr' id='par_1_97' title="bbox 2281 4168 3838 4249">
     <span class='ocr_line' id='line_1_97' title="bbox 2281 4168 3838 4249; baseline -0.007 -18"><span class='ocrx_word' id='word_1_726' title='bbox 2281 4177 2515 4249; x_wconf 78' lang='grc' dir='ltr'>ϐέϐηκεν</span> <span class='ocrx_word' id='word_1_727' title='bbox 2541 4178 2597 4229; x_wconf 81' lang='grc' dir='ltr'>ἐν</span> <span class='ocrx_word' id='word_1_728' title='bbox 2626 4174 2912 4238; x_wconf 74' lang='grc' dir='ltr'>διακόνοις,</span> <span class='ocrx_word' id='word_1_729' title='bbox 2943 4172 3058 4226; x_wconf 87' lang='grc' dir='ltr'><strong>ἀλλ’</strong></span> <span class='ocrx_word' id='word_1_730' title='bbox 3080 4168 3172 4225; x_wconf 79' lang='grc' dir='ltr'><strong>οὖν</strong></span> <span class='ocrx_word' id='word_1_731' title='bbox 3199 4171 3262 4240; x_wconf 82' lang='grc' dir='ltr'><strong>γέ</strong></span> <span class='ocrx_word' id='word_1_732' title='bbox 3296 4173 3445 4224; x_wconf 76' lang='grc' dir='ltr'>ἐστιν</span> <span class='ocrx_word' id='word_1_733' title='bbox 3479 4171 3654 4232; x_wconf 81' lang='grc' dir='ltr'>αὐτὸς</span> <span class='ocrx_word' id='word_1_734' title='bbox 3673 4171 3705 4222; x_wconf 76' lang='lat'><strong>6</strong></span> <span class='ocrx_word' id='word_1_735' title='bbox 3727 4171 3838 4220; x_wconf 62' lang='grc' dir='ltr'>ἁνα-</span> 
     </span>
    </p>
   </div>
   <div class='ocr_carea' id='block_1_98' title="bbox 2283 4261 3840 4341">
    <p class='ocr_par' dir='ltr' id='par_1_98' title="bbox 2283 4261 3840 4341">
     <span class='ocr_line' id='line_1_98' title="bbox 2283 4261 3840 4341; baseline -0.01 -17"><span class='ocrx_word' id='word_1_736' title='bbox 2283 4272 2535 4341; x_wconf 84' lang='grc' dir='ltr'>κείμενος</span> <span class='ocrx_word' id='word_1_737' title='bbox 2579 4269 2654 4332; x_wconf 82' lang='grc' dir='ltr'>ὡς</span> <span class='ocrx_word' id='word_1_738' title='bbox 2695 4267 2992 4337; x_wconf 82' lang='grc' dir='ltr'>Δεσπότης,</span> <span class='ocrx_word' id='word_1_739' title='bbox 3053 4266 3150 4318; x_wconf 76' lang='grc' dir='ltr'>καὶ</span> <span class='ocrx_word' id='word_1_740' title='bbox 3195 4262 3346 4333; x_wconf 82' lang='grc' dir='ltr'>παρὰ</span> <span class='ocrx_word' id='word_1_741' title='bbox 3393 4261 3583 4330; x_wconf 77' lang='grc' dir='ltr'>πάσης</span> <span class='ocrx_word' id='word_1_742' title='bbox 3631 4262 3840 4319; x_wconf 64' lang='grc' dir='ltr'>κτίσεως</span> 
     </span>
    </p>
   </div>
   <div class='ocr_carea' id='block_1_99' title="bbox 2281 4358 2983 4431">
    <p class='ocr_par' dir='ltr' id='par_1_99' title="bbox 2281 4358 2983 4431">
     <span class='ocr_line' id='line_1_99' title="bbox 2281 4358 2983 4431; baseline -0.007 -14"><span class='ocrx_word' id='word_1_743' title='bbox 2281 4361 2696 4431; x_wconf 83' lang='grc' dir='ltr'>διακονούμενος</span> <span class='ocrx_word' id='word_1_744' title='bbox 2726 4359 2800 4421; x_wconf 85' lang='grc' dir='ltr'>ὡς</span> <span class='ocrx_word' id='word_1_745' title='bbox 2830 4358 2983 4420; x_wconf 85' lang='grc' dir='ltr'>Θεός.</span> 
     </span>
    </p>
   </div>
   <div class='ocr_carea' id='block_1_100' title="bbox 2361 4613 3850 4689">
    <p class='ocr_par' dir='ltr' id='par_1_100' title="bbox 2361 4613 3850 4689">
     <span class='ocr_line' id='line_1_100' title="bbox 2361 4613 3850 4689; baseline -0.008 -13"><span class='ocrx_word' id='word_1_746' title='bbox 2361 4644 2378 4676; x_wconf 76' lang='grc' dir='ltr'>ι</span> <span class='ocrx_word' id='word_1_747' title='bbox 2413 4620 2580 4677; x_wconf 79' lang='grc' dir='ltr'><strong>Εἶπεν</strong></span> <span class='ocrx_word' id='word_1_748' title='bbox 2603 4618 2696 4676; x_wconf 75' lang='grc' dir='ltr'><strong>οὖν</strong></span> <span class='ocrx_word' id='word_1_749' title='bbox 2730 4620 2909 4682; x_wconf 75' lang='grc' dir='ltr'>αὐτοῖς</span> <span class='ocrx_word' id='word_1_750' title='bbox 2936 4621 2964 4672; x_wconf 87' lang='lat'><strong>6</strong></span> <span class='ocrx_word' id='word_1_751' title='bbox 2989 4619 3218 4689; x_wconf 72' lang='grc' dir='ltr'>Χριστὸς</span> <span class='ocrx_word' id='word_1_752' title='bbox 3243 4636 3262 4667; x_wconf 71' lang='grc' dir='ltr'>δ</span> <span class='ocrx_word' id='word_1_753' title='bbox 3298 4613 3568 4687; x_wconf 75' lang='grc' dir='ltr'>(δηλονότι</span> <span class='ocrx_word' id='word_1_754' title='bbox 3600 4616 3720 4677; x_wconf 83' lang='grc' dir='ltr'>τοῖς</span> <span class='ocrx_word' id='word_1_755' title='bbox 3763 4613 3850 4682; x_wconf 77' lang='grc' dir='ltr'>ἀρ-</span> 
     </span>
    </p>
   </div>
   <div class='ocr_carea' id='block_1_101' title="bbox 2281 4701 3850 4787">
    <p class='ocr_par' dir='ltr' id='par_1_101' title="bbox 2281 4701 3850 4787">
     <span class='ocr_line' id='line_1_101' title="bbox 2281 4701 3850 4787; baseline -0.009 -18"><span class='ocrx_word' id='word_1_756' title='bbox 2281 4715 2521 4787; x_wconf 75' lang='grc' dir='ltr'>χιερεῦσι</span> <span class='ocrx_word' id='word_1_757' title='bbox 2550 4713 2657 4766; x_wconf 84' lang='grc' dir='ltr'>τῶν</span> <span class='ocrx_word' id='word_1_758' title='bbox 2699 4712 2966 4766; x_wconf 81' lang='grc' dir='ltr'>Ἰουδαίων</span> <span class='ocrx_word' id='word_1_759' title='bbox 2997 4709 3270 4781; x_wconf 76' lang='grc' dir='ltr'>ἐρωτῶσιν</span> <span class='ocrx_word' id='word_1_760' title='bbox 3288 4725 3302 4736; x_wconf 90' lang='grc'><strong>·</strong></span> <span class='ocrx_word' id='word_1_761' title='bbox 3349 4727 3366 4758; x_wconf 86' lang='grc'><em>‹</em></span> <span class='ocrx_word' id='word_1_762' title='bbox 3392 4707 3455 4759; x_wconf 80' lang='lat' dir='ltr'><strong>Ei</strong></span> <span class='ocrx_word' id='word_1_763' title='bbox 3489 4707 3556 4759; x_wconf 77' lang='grc' dir='ltr'><strong>σὺ</strong></span> <span class='ocrx_word' id='word_1_764' title='bbox 3582 4701 3638 4758; x_wconf 81' lang='grc' dir='ltr'>εἷ</span> <span class='ocrx_word' id='word_1_765' title='bbox 3667 4705 3699 4757; x_wconf 87' lang='lat'><strong>6</strong></span> <span class='ocrx_word' id='word_1_766' title='bbox 3729 4707 3850 4774; x_wconf 77' lang='grc' dir='ltr'><strong>Χρι-</strong></span> 
     </span>
    </p>
   </div>
   <div class='ocr_carea' id='block_1_102' title="bbox 2287 4798 3852 4878">
    <p class='ocr_par' dir='ltr' id='par_1_102' title="bbox 2287 4798 3852 4878">
     <span class='ocr_line' id='line_1_102' title="bbox 2287 4798 3852 4878; baseline -0.009 -15"><span class='ocrx_word' id='word_1_767' title='bbox 2287 4811 2446 4874; x_wconf 81' lang='grc' dir='ltr'>στός;</span> <span class='ocrx_word' id='word_1_768' title='bbox 2474 4807 2518 4878; x_wconf 75' lang='grc' dir='ltr'>ι)</span> <span class='ocrx_word' id='word_1_769' title='bbox 2552 4827 2570 4858; x_wconf 78' lang='grc' dir='ltr'>ι</span> <span class='ocrx_word' id='word_1_770' title='bbox 2609 4805 2732 4859; x_wconf 80' lang='grc' dir='ltr'>Ἐὰν</span> <span class='ocrx_word' id='word_1_771' title='bbox 2762 4807 2888 4872; x_wconf 73' lang='grc' dir='ltr'>ὑμῖν</span> <span class='ocrx_word' id='word_1_772' title='bbox 2916 4803 3077 4868; x_wconf 84' lang='grc' dir='ltr'>εἴπω,</span> <span class='ocrx_word' id='word_1_773' title='bbox 3097 4804 3156 4856; x_wconf 81' lang='grc' dir='ltr'>ού</span> <span class='ocrx_word' id='word_1_774' title='bbox 3182 4802 3256 4872; x_wconf 79' lang='grc' dir='ltr'><strong>μὴ</strong></span> <span class='ocrx_word' id='word_1_775' title='bbox 3279 4799 3612 4869; x_wconf 76' lang='grc' dir='ltr'>πιστεύσητε</span> <span class='ocrx_word' id='word_1_776' title='bbox 3636 4815 3653 4826; x_wconf 91' lang='grc'><strong>·</strong></span> <span class='ocrx_word' id='word_1_777' title='bbox 3685 4801 3780 4852; x_wconf 71' lang='grc' dir='ltr'><strong>ἐὰν</strong></span> <span class='ocrx_word' id='word_1_778' title='bbox 3804 4798 3852 4849; x_wconf 75' lang='grc' dir='ltr'>δὲ</span> 
     </span>
    </p>
   </div>
   <div class='ocr_carea' id='block_1_103' title="bbox 2281 4891 3853 4972">
    <p class='ocr_par' dir='ltr' id='par_1_103' title="bbox 2281 4891 3853 4972">
     <span class='ocr_line' id='line_1_103' title="bbox 2281 4891 3853 4972; baseline -0.008 -18"><span class='ocrx_word' id='word_1_779' title='bbox 2281 4902 2562 4972; x_wconf 79' lang='grc' dir='ltr'>ἐρωτήσω,</span> <span class='ocrx_word' id='word_1_780' title='bbox 2598 4900 2658 4951; x_wconf 88' lang='grc' dir='ltr'><strong>οὐ</strong></span> <span class='ocrx_word' id='word_1_781' title='bbox 2691 4897 2767 4966; x_wconf 84' lang='grc' dir='ltr'>μὴ</span> <span class='ocrx_word' id='word_1_782' title='bbox 2797 4896 3151 4966; x_wconf 83' lang='grc' dir='ltr'>ἀποκριθῆτε.</span> <span class='ocrx_word' id='word_1_783' title='bbox 3196 4893 3330 4946; x_wconf 83' lang='grc' dir='ltr'><strong>Ἀπὸ</strong></span> <span class='ocrx_word' id='word_1_784' title='bbox 3369 4891 3464 4945; x_wconf 82' lang='grc' dir='ltr'><strong>τοῦ</strong></span> <span class='ocrx_word' id='word_1_785' title='bbox 3501 4892 3690 4944; x_wconf 78' lang='grc' dir='ltr'>νῦνδὲ</span> <span class='ocrx_word' id='word_1_786' title='bbox 3713 4891 3853 4944; x_wconf 75' lang='grc' dir='ltr'>ἔσται</span> 
     </span>
    </p>
   </div>
   <div class='ocr_carea' id='block_1_104' title="bbox 2282 4985 3852 5062">
    <p class='ocr_par' dir='ltr' id='par_1_104' title="bbox 2282 4985 3852 5062">
     <span class='ocr_line' id='line_1_104' title="bbox 2282 4985 3852 5062; baseline -0.005 -16"><span class='ocrx_word' id='word_1_787' title='bbox 2282 4997 2310 5046; x_wconf 88' lang='grc' dir='ltr'>ὁ</span> <span class='ocrx_word' id='word_1_788' title='bbox 2342 4993 2468 5056; x_wconf 82' lang='grc' dir='ltr'>Υίὸς</span> <span class='ocrx_word' id='word_1_789' title='bbox 2491 4990 2587 5044; x_wconf 76' lang='grc' dir='ltr'><strong>τοῦ</strong></span> <span class='ocrx_word' id='word_1_790' title='bbox 2616 4989 2902 5062; x_wconf 87' lang='grc' dir='ltr'>ἀνθρώπου</span> <span class='ocrx_word' id='word_1_791' title='bbox 2935 4989 3240 5059; x_wconf 87' lang='grc' dir='ltr'>καθήμενος</span> <span class='ocrx_word' id='word_1_792' title='bbox 3265 4989 3329 5038; x_wconf 78' lang='grc' dir='ltr'>ἐκ</span> <span class='ocrx_word' id='word_1_793' title='bbox 3355 4985 3551 5049; x_wconf 78' lang='grc' dir='ltr'>δεξιῶν</span> <span class='ocrx_word' id='word_1_794' title='bbox 3574 4985 3681 5057; x_wconf 76' lang='grc' dir='ltr'>τῆς</span> <span class='ocrx_word' id='word_1_795' title='bbox 3709 4986 3852 5039; x_wconf 61' lang='grc' dir='ltr'>δυνά·</span> 
     </span>
    </p>
   </div>
   <div class='ocr_carea' id='block_1_105' title="bbox 2286 5076 3853 5154">
    <p class='ocr_par' dir='ltr' id='par_1_105' title="bbox 2286 5076 3853 5154">
     <span class='ocr_line' id='line_1_105' title="bbox 2286 5076 3853 5154; baseline -0.005 -16"><span class='ocrx_word' id='word_1_796' title='bbox 2286 5102 2430 5154; x_wconf 90' lang='grc' dir='ltr'>μεως</span> <span class='ocrx_word' id='word_1_797' title='bbox 2474 5083 2568 5136; x_wconf 79' lang='grc' dir='ltr'>τοῦ</span> <span class='ocrx_word' id='word_1_798' title='bbox 2615 5083 2773 5136; x_wconf 83' lang='grc' dir='ltr'>Θεοῦ.</span> <span class='ocrx_word' id='word_1_799' title='bbox 2810 5101 2829 5134; x_wconf 68' lang='grc' dir='ltr'>ι</span> <span class='ocrx_word' id='word_1_800' title='bbox 2869 5083 2930 5136; x_wconf 83' lang='lat' dir='ltr'><strong>El.</strong></span> <span class='ocrx_word' id='word_1_801' title='bbox 2970 5081 3202 5150; x_wconf 80' lang='grc' dir='ltr'>κάθηται</span> <span class='ocrx_word' id='word_1_802' title='bbox 3251 5081 3315 5132; x_wconf 80' lang='grc' dir='ltr'>ἐκ</span> <span class='ocrx_word' id='word_1_803' title='bbox 3345 5076 3535 5143; x_wconf 78' lang='grc' dir='ltr'>δεξιῶν</span> <span class='ocrx_word' id='word_1_804' title='bbox 3564 5078 3673 5146; x_wconf 67' lang='grc' dir='ltr'><strong>τῆς</strong></span> <span class='ocrx_word' id='word_1_805' title='bbox 3704 5078 3853 5131; x_wconf 72' lang='grc' dir='ltr'>δυνα-</span> 
     </span>
    </p>
   </div>
   <div class='ocr_carea' id='block_1_106' title="bbox 2286 5169 3857 5248">
    <p class='ocr_par' dir='ltr' id='par_1_106' title="bbox 2286 5169 3857 5248">
     <span class='ocr_line' id='line_1_106' title="bbox 2286 5169 3857 5248; baseline -0.007 -18"><span class='ocrx_word' id='word_1_806' title='bbox 2286 5195 2430 5248; x_wconf 89' lang='grc' dir='ltr'>μεως</span> <span class='ocrx_word' id='word_1_807' title='bbox 2463 5176 2557 5229; x_wconf 80' lang='grc' dir='ltr'>τοῦ</span> <span class='ocrx_word' id='word_1_808' title='bbox 2587 5174 2719 5228; x_wconf 75' lang='grc' dir='ltr'>Θεοῦ</span> <span class='ocrx_word' id='word_1_809' title='bbox 2751 5177 2779 5228; x_wconf 89' lang='grc' dir='ltr'>ὁ</span> <span class='ocrx_word' id='word_1_810' title='bbox 2803 5173 2898 5226; x_wconf 76' lang='grc' dir='ltr'><strong>τοῦ</strong></span> <span class='ocrx_word' id='word_1_811' title='bbox 2928 5171 3216 5243; x_wconf 82' lang='grc' dir='ltr'>ἀνθρώπου</span> <span class='ocrx_word' id='word_1_812' title='bbox 3243 5171 3392 5232; x_wconf 78' lang='grc' dir='ltr'>Υἱὸς,</span> <span class='ocrx_word' id='word_1_813' title='bbox 3425 5169 3546 5232; x_wconf 75' lang='grc' dir='ltr'><strong>πῶς</strong></span> <span class='ocrx_word' id='word_1_814' title='bbox 3573 5171 3638 5222; x_wconf 71' lang='grc' dir='ltr'><strong>οὐ</strong></span> <span class='ocrx_word' id='word_1_815' title='bbox 3672 5171 3800 5230; x_wconf 82' lang='grc' dir='ltr'>Θεὸς</span> <span class='ocrx_word' id='word_1_816' title='bbox 3833 5171 3857 5218; x_wconf 79' lang='lat' dir='ltr'><strong>ti</strong></span> 
     </span>
    </p>
   </div>
   <div class='ocr_carea' id='block_1_107' title="bbox 2284 5259 3855 5338">
    <p class='ocr_par' dir='ltr' id='par_1_107' title="bbox 2284 5259 3855 5338">
     <span class='ocr_line' id='line_1_107' title="bbox 2284 5259 3855 5338; baseline -0.006 -18"><span class='ocrx_word' id='word_1_817' title='bbox 2284 5266 2540 5338; x_wconf 83' lang='grc' dir='ltr'>Χριστὸς,</span> <span class='ocrx_word' id='word_1_818' title='bbox 2575 5267 2687 5328; x_wconf 91' lang='grc' dir='ltr'>τοῖς</span> <span class='ocrx_word' id='word_1_819' title='bbox 2721 5264 2980 5317; x_wconf 75' lang='grc' dir='ltr'>ἀνωτάτω</span> <span class='ocrx_word' id='word_1_820' title='bbox 3014 5261 3206 5323; x_wconf 85' lang='grc' dir='ltr'>θώκοις</span> <span class='ocrx_word' id='word_1_821' title='bbox 3235 5260 3566 5331; x_wconf 80' lang='grc' dir='ltr'>ἐμπρέπων,</span> <span class='ocrx_word' id='word_1_822' title='bbox 3606 5259 3711 5312; x_wconf 83' lang='grc' dir='ltr'>καὶ</span> <span class='ocrx_word' id='word_1_823' title='bbox 3740 5261 3855 5328; x_wconf 68' lang='grc' dir='ltr'>δμο-</span> 
     </span>
    </p>
   </div>
   <div class='ocr_carea' id='block_1_108' title="bbox 2294 5420 3311 5490">
    <p class='ocr_par' dir='ltr' id='par_1_108' title="bbox 2294 5420 3311 5490">
     <span class='ocr_line' id='line_1_108' title="bbox 2294 5420 3311 5490; baseline -0.006 -10"><span class='ocrx_word' id='word_1_824' title='bbox 2294 5425 2338 5456; x_wconf 74' lang='lat'><strong><em>“</em></strong></span> <span class='ocrx_word' id='word_1_825' title='bbox 2371 5423 2505 5480; x_wconf 83' lang='lat' dir='ltr'><strong>Luc.</strong></span> <span class='ocrx_word' id='word_1_826' title='bbox 2533 5440 2668 5490; x_wconf 66' lang='grc' dir='ltr'>χχιι,</span> <span class='ocrx_word' id='word_1_827' title='bbox 2692 5423 2781 5478; x_wconf 73' lang='lat'><strong>2?.</strong></span> <span class='ocrx_word' id='word_1_828' title='bbox 2860 5426 2902 5455; x_wconf 73' lang='grc'><strong><em>³⁵</em></strong></span> <span class='ocrx_word' id='word_1_829' title='bbox 2938 5422 3065 5478; x_wconf 89' lang='lat' dir='ltr'><strong>ibid.</strong></span> <span class='ocrx_word' id='word_1_830' title='bbox 3101 5420 3189 5486; x_wconf 80' lang='grc'>67,</span> <span class='ocrx_word' id='word_1_831' title='bbox 3226 5420 3311 5474; x_wconf 72' lang='grc'><strong>69.</strong></span> 
     </span>
    </p>
   </div>
   <div class='ocr_carea' id='block_1_109' title="bbox 1663 5583 2736 5654">
    <p class='ocr_par' dir='ltr' id='par_1_109' title="bbox 1663 5583 2736 5654">
     <span class='ocr_line' id='line_1_109' title="bbox 1663 5583 2736 5654; baseline -0.005 -14"><span class='ocrx_word' id='word_1_832' title='bbox 1663 5585 1836 5642; x_wconf 77' lang='lat' dir='ltr'><strong>Varia:</strong></span> <span class='ocrx_word' id='word_1_833' title='bbox 1867 5586 2126 5644; x_wconf 88' lang='lat' dir='ltr'><strong>lectiones</strong></span> <span class='ocrx_word' id='word_1_834' title='bbox 2151 5585 2350 5643; x_wconf 87' lang='lat' dir='ltr'><strong>codicis</strong></span> <span class='ocrx_word' id='word_1_835' title='bbox 2381 5583 2736 5654; x_wconf 78' lang='lat' dir='ltr'><strong>Seguieriani.</strong></span> 
     </span>
    </p>
   </div>
   <div class='ocr_carea' id='block_1_110' title="bbox 685 5726 1727 5798">
    <p class='ocr_par' dir='ltr' id='par_1_110' title="bbox 685 5726 1727 5798">
     <span class='ocr_line' id='line_1_110' title="bbox 685 5726 1727 5798; baseline -0.005 -15"><span class='ocrx_word' id='word_1_836' title='bbox 685 5739 709 5765; x_wconf 87' lang='lat'><strong>°</strong></span> <span class='ocrx_word' id='word_1_837' title='bbox 746 5729 1028 5798; x_wconf 56' lang='grc' dir='ltr'>ἐψεύσατο.</span> <span class='ocrx_word' id='word_1_838' title='bbox 1125 5739 1149 5777; x_wconf 79' lang='lat' dir='ltr'>P</span> <span class='ocrx_word' id='word_1_839' title='bbox 1183 5727 1467 5794; x_wconf 72' lang='grc' dir='ltr'>τοιγαροῦν</span> <span class='ocrx_word' id='word_1_840' title='bbox 1495 5726 1568 5790; x_wconf 74' lang='grc' dir='ltr'>ὡς</span> <span class='ocrx_word' id='word_1_841' title='bbox 1597 5727 1727 5792; x_wconf 60' lang='lat' dir='ltr'><strong>Gai;</strong></span> 
     </span>
    </p>
   </div>
  </div>
