4044 6332
191 395 302 450 ΗΜ

1260 387 1350 442 DE
1387 384 1616 441 RECTA
1660 384 1949 443 ΗΒΕ,Αο
1989 382 2310 439 REGINAS.

3283 380 3418 437 1282

189 509 353 578 θρονος
375 505 452 574 τῷ
483 504 691 575 Πατρί;
725 504 800 556 Οὐ
825 503 933 573 γὰρ
960 499 1266 570 συνεδρεύει
1301 500 1378 570 τῷ
1407 499 1548 554 κατὰ
1573 499 1735 569 φύσιν

1851 500 2008 562 litus,
2040 515 2145 553 non
2171 509 2255 553 est
2283 498 2462 552 Deus?
2493 496 2675 565 Neque
2703 495 2846 548 enim
2881 508 3004 547 cum
3035 508 3164 550 vero
3195 504 3418 552 natura-

188 597 292 667 Θεῷ
323 596 522 666 γενητὴ
570 595 733 664 φύσις
763 594 918 655 ὅλως.
956 592 1271 663 Συνεδρεύει
1317 591 1372 644 δὲ
1415 595 1443 644 0
1487 591 1613 652 Υἱὸς
1645 589 1736 643 τοῦ

188 689 476 760 ἀνθρώπου,
527 687 654 742 καθ’
683 689 876 740 ἕνωσιν
905 683 1256 756 οἰκονομικὴν
1289 684 1494 756 σαρκὸς
1521 684 1739 750 γεγονό-

186 798 267 845 τος
286 781 374 834 τοῦ
407 782 470 833 ὲκ
493 780 631 833 Θεοῦ
667 779 864 848 φύντος
890 777 1084 844 Λόγου.

404 977 527 1032 Ὅτι
565 975 676 1045 ζωὴ
711 974 810 1029 καὶ
843 974 1120 1039 ζωοποιὸς
1155 977 1186 1026 ό
1217 975 1488 1041 Χριστός.

394 1093 489 1145 Ἐκ
541 1089 653 1159 τῆς
689 1089 839 1158 πρὸς
877 1088 1225 1156 Κορινθίους
1275 1087 1528 1155 πρώτης.

256 1217 274 1252 ι
307 1199 396 1263 Ὠς
436 1199 718 1268 φρονίμοις
760 1198 930 1266 λέγω·
963 1197 1184 1266 κρίνατε
1218 1199 1375 1268 ὑμεῖς
1401 1200 1428 1252 ὃ
1457 1217 1632 1269 φημι·
1667 1201 1741 1253 T0

189 1292 432 1362 ποτήριον
463 1291 562 1359 τῆς
589 1287 862 1357 εὐλογίας,
890 1287 918 1340 ὃ
953 1286 1304 1357 εὐλογοῦμεν,
1333 1288 1454 1358 οὐχὶ
1484 1291 1742 1342 κοινωνία

187 1381 292 1435 ἐστὶ
316 1380 409 1434 τοῦ
438 1380 668 1450 αἵματος
692 1379 786 1432 τοῦ
813 1379 859 1431 Χ
869 1377 1087 1449 ριστοῦ;
1113 1377 1218 1430 Τὸν
1237 1377 1398 1448 ἄρτον
1418 1378 1475 1433 ὃν
1501 1378 1740 1450 κλῶμεν,

185 1474 295 1544 οὐχὶ
325 1471 576 1526 κοινωνία
623 1471 739 1524 ἐστὶ
767 1469 860 1523 τοῦ
897 1469 1146 1540 σώματος
1183 1469 1275 1522 τοῦ
1309 1470 1579 1541 Χριστοῦ;
1619 1473 1742 1525 Ὅτι

187 1549 259 1633 εἰς
281 1571 461 1640 ἄρτος,
491 1567 548 1620 ἓν
575 1567 737 1638 σῶμα
765 1569 932 1636 ἐσμεν
973 1567 1023 1618 οἰ
1057 1565 1241 1620 πολλοί
1261 1583 1276 1597 ο
1306 1569 1353 1620 οἰ
1388 1570 1498 1639 γὰρ
1544 1568 1742 1634 πάντες

185 1664 243 1715 ἐκ
273 1661 361 1715 τοῦ
395 1661 510 1724 ὲνδς
549 1659 713 1732 ἄρτου
751 1661 1070 1729 μετέχομεν.
1103 1678 1121 1708 ι
1164 1659 1226 1711 Ἦ
1255 1659 1544 1728 ἀνθρώπου
1585 1658 1740 1731 σὰρξ,

186 1755 300 1806 ὅσον
354 1749 490 1824 ἧκεν
527 1755 608 1814 εἰς
658 1751 795 1805 ἰδίαν
839 1750 1021 1819 φύσιν,
1073 1750 1173 1803 οὐκ
1218 1751 1285 1803 ἂν
1327 1748 1412 1819 εἴη
1453 1747 1740 1814 ξωοποιός·

186 1843 294 1897 ἀλλ’
333 1844 454 1897 οὐδὲ
481 1843 541 1896 τὸ
572 1838 712 1913 αἷμα
740 1842 799 1895 τὸ
833 1839 1195 1911 ἀνθρώπινον,
1225 1842 1274 1892 εἰ
1302 1840 1481 1894 κοινὸν
1526 1842 1612 1913 εῖη
1650 1842 1744 1895 καὶ

184 1935 299 1989 καθ’
342 1935 530 1988 ἑαυτό·
567 1934 821 2000 ζωοποιεῖ
849 1935 904 1987 δὲ
932 1935 992 1986 τὸ
1035 1934 1193 2003 σῶμα
1221 1931 1314 1988 τοῦ
1353 1935 1615 2005 Χριστοῦ,
1649 1937 1745 1989 καί⁵

184 2028 241 2079 τὸ
275 2026 447 2097 τίμιον
473 2020 612 2094 αἷμα
632 2067 647 2091 ,
672 2025 976 2096 πρέποντος
1010 2025 1156 2094 μόνῳ
1187 2024 1306 2095 Θεῷ
1339 2025 1431 2079 τοῦ
1459 2024 1743 2089 ζωοποιεῖν

183 2118 430 2170 δύνασθαι
463 2117 522 2169 τὸ
556 2118 698 2185 ζωῆς
729 2116 955 2179 ἐπιδεές.
1005 2115 1136 2179 Θεὸς
1181 2112 1274 2170 οὖν
1324 2116 1430 2187 ἄρα
1473 2119 1743 2190 Χριστός⁹

183 2212 319 2262 οὕτω
346 2210 453 2279 γὰρ
485 2210 634 2262 ἔσται
664 2207 1012 2271 ζωοποιὸνλτδ
1047 2207 1206 2277 σῶμα
1245 2209 1432 2266 αὐτοῦ.
1469 2210 1530 2262 Εἰ
1564 2211 1620 2264 δὲ
1654 2211 1746 2264 ἄν·

184 2301 392 2367 θρωπος
442 2299 542 2352 ἀνὰ
598 2297 762 2369 μέρος
815 2299 1012 2350 νοεῖται
1079 2297 1214 2369 μόνῃ
1259 2302 1323 2368 τῇ
1370 2298 1465 2352 τοῦ
1509 2301 1744 2370 Χριστοῦ

183 2390 368 2460 κλήσει
415 2390 815 2460 τετιμημένος.
877 2389 974 2442 καὶ
1023 2391 1227 2460 γυμνὸν
1277 2390 1406 2443 Υἰοῦ
1455 2393 1744 2463 πρόσωπον

182 2479 334 2549 ἔχων,
364 2479 478 2542 πῶς
509 2478 574 2532 ἂν
604 2478 687 2549 εἴη
723 2476 986 2543 ζωοποιὸν
1016 2477 1075 2530 τὸ
1106 2477 1262 2548 σῶμα
1295 2477 1492 2537 αὐτοῦς

1846 591 1989 660 lique
2032 591 2140 646 Deo
2203 591 2524 660 produt-tilia
2568 599 2759 640 natura
2809 587 3092 640 considere
3129 587 3420 657 aliquando

1843 691 2038 750 potest.
2079 681 2340 734 Considet
2365 689 2543 731 :mtem
2577 694 2699 730 eum
2737 694 2803 732 eo
2827 678 2996 734 Filius
3020 678 3277 743 hominis,
3324 679 3415 732 Dii

1844 774 2096 826 nimirum
2134 772 2312 826 Verbo
2355 771 2651 825 secundum
2703 771 2919 826 unionis
2953 771 3418 840 dispensationem

1844 864 2141 916 incantato.

2120 977 2274 1042 Quod
2297 975 2540 1028 Christus
2577 985 2650 1028 est
2676 976 2778 1026 rita
2812 984 2860 1026 et
2886 974 3141 1043 vivi/ints.

2279 1089 2360 1144 Ea:
2383 1090 2548 1152 priori
2573 1089 2641 1142 ad
2670 1087 2990 1142 Corinthios.

1921 1222 1936 1253 ι
1976 1201 2042 1259 Ut
2073 1202 2427 1270 prudentibus
2457 1200 2646 1268 loquor
2675 1219 2689 1252 :
2724 1213 2818 1254 vos
2860 1199 2962 1269 ipsi
2993 1198 3232 1267 iudicate
3271 1200 3418 1270 quod

1842 1296 1986 1350 dico.
2014 1293 2166 1348 Calix
2217 1294 2634 1355 benedictionis,
2661 1293 2747 1345 cui
2805 1291 3202 1354 benedicimus,
3241 1305 3422 1349 nonne

1843 1385 2264 1442 comuumiratio
2288 1385 2565 1454 sanguinis
2597 1383 2797 1438 Christi
2839 1383 2965 1438 est?
2993 1393 3048 1438 et
3081 1384 3236 1452 panis
3259 1399 3420 1454 quem

1845 1478 2167 1545 frangimus,
2199 1491 2376 1529 nonne
2402 1476 2752 1544 participatio
2783 1475 3027 1543 corporis
3065 1475 3271 1528 Domini
3304 1476 3425 1528 est?

1845 1571 2106 1636 Quoniam
2141 1585 2284 1621 unus
2307 1568 2482 1638 panis.
2512 1578 2564 1621 et
2589 1583 2750 1620 unum
2783 1581 2978 1636 corpus
3009 1566 3158 1619 multi
3188 1582 3374 1620 sumus
3405 1584 3420 1620 :

1848 1677 1969 1715 nam
2009 1675 2197 1715 omnes
2229 1661 2293 1712 de
2349 1677 2454 1712 uno
2508 1675 2645 1729 pane
2689 1660 3076 1728 participamus
3105 1659 3174 1714 “.
3205 1679 3222 1712 ι
3279 1660 3424 1714 Caro

1846 1753 2103 1817 hominis,
2136 1754 2278 1822 quud
2317 1753 2533 1820 quidem
2557 1755 2620 1804 ad
2664 1753 2939 1819 propriam
2991 1763 3240 1806 naturam
3279 1753 3423 1807 illius

1776 1879 1817 1934 Β
1847 1855 2078 1912 spectat,
2117 1857 2457 1911 nequaquam
2505 1840 2762 1934 vivificat.
2799 1840 2904 1896 Sed
2963 1857 3136 1910 neque
3187 1842 3425 1912 vulgaris

1849 1949 2066 2003 qucque
2125 1934 2359 1988 hominis
2408 1933 2626 2002 sanguis
2683 1932 2845 1985 ullam
2897 1935 3119 1987 omnino
3167 1947 3261 2002 per
3284 1947 3341 1988 se
3371 1943 3426 1987 et

1850 2028 2142 2080 secumlmn
2187 2041 2246 2080 se
2275 2024 2580 2079 viviﬁcandi
2616 2027 2722 2078 vim
2765 2026 2948 2080 habet.
2978 2026 3141 2095 Atqui
3176 2041 3297 2079 cum
3323 2027 3422 2080 soli

1852 2118 1959 2170 Deo
1993 2117 2279 2170 conveniat
2315 2117 2484 2170 vitam
2527 2116 2600 2170 illi
2639 2117 2927 2184 impertiri,
2974 2117 3116 2185 quod
3155 2121 3278 2170 vitm
3310 2118 3422 2184 spi-

1851 2207 1953 2259 ritu
1978 2206 2325 2270 destituitur;
2357 2221 2555 2275 corpus
2589 2215 2769 2258 autem
2798 2207 3022 2270 Christi,
3052 2216 3106 2260 et
3153 2207 3425 2274 pretiosus

1848 2297 1989 2348 illius
2043 2297 2264 2366 sanguis
2307 2296 2580 2350 vivificcnt
2619 2313 2632 2348 :
2669 2297 2753 2349 cui
2791 2297 3011 2351 dubium
3047 2311 3166 2350 esse
3223 2306 3422 2364 potem,

1847 2390 1976 2459 quin
2011 2388 2150 2443 Deus
2183 2389 2552 2443 sitChristns?
2582 2389 2717 2442 lliuc
2757 2403 2990 2459 namque
3021 2404 3218 2458 corpus
3264 2390 3427 2443 hahct

1849 2491 1901 2532 ιιι
1936 2480 2006 2532 sit
2037 2479 2328 2533 virilicum.
2355 2478 2505 2544 Quod
2541 2482 2585 2534 si
2614 2480 2849 2533 uthomo
2873 2495 2969 2549 per
2993 2495 3054 2532 se
3086 2495 3148 2534 ac
3176 2494 3422 2535 seorsum

185 2581 356 2622 mente
410 2569 769 2637 t-oitcipiatnr,
806 2567 897 2636 qui
957 2567 1072 2620 sola
1133 2567 1338 2622 Christi
1386 2567 1743 2637 appellatione
1779 2569 2065 2624 decoratus
2091 2570 2180 2636 sit,
2224 2571 2526 2639 orbamque
2552 2569 2694 2624 Filio
2728 2586 3014 2639 personam
3051 2571 3265 2634 habeat,
3291 2587 3426 2639 quo-

184 2660 337 2713 modo
363 2674 556 2726 corpus
589 2659 732 2712 illius
759 2666 940 2726 posset
967 2673 1086 2712 esse
1121 2659 1432 2712 viviﬁcum?

257 2775 272 2806 ι
317 2754 561 2823 Ἐγένετο
591 2754 618 2806 0
652 2753 867 2825 πρῶτος
904 2753 1186 2824 ἄνθρωπος
1229 2752 1400 2823 Ἀδὰμ
1441 2755 1520 2816 είς
1565 2753 1745 2824 ψυχὴν

182 2847 387 2910 ζῶσαν·
417 2849 445 2899 0
471 2845 697 2916 ἔσχατος
733 2845 906 2915 Ἀδὰμ
929 2855 956 2894 ιι
999 2846 1078 2908 εἰς
1118 2844 1342 2914 Πνεῦμα
1372 2843 1691 2908 ζωοποιοῦν.
1723 2863 1741 2896 ι

181 2941 287 2993 Καὶ
316 2937 478 2992 πάλιν
499 2955 512 2968 ·
564 2958 581 2990 ι
625 2936 681 2991 Ὀ
709 2937 926 3008 πρῶτος
965 2937 1249 3007 ἅνθρωπος
1281 2939 1344 2990 ὲκ
1370 2937 1494 3007 γῆς,
1526 2936 1709 3006 χοϊκός
1731 2953 1744 2966 ·

1918 2754 2026 2824 92
2065 2775 2081 2806 ι
2126 2755 2320 2808 Factus
2354 2765 2437 2808 est
2463 2755 2668 2823 primus
2717 2756 2878 2808 homo
2911 2755 3080 2808 Adam
3112 2756 3162 2808 in
3190 2760 3423 2812 animam

1851 2848 2140 2910 viventem,
2174 2847 2502 2899 novissimus
2533 2845 2704 2899 Adam
2741 2847 2792 2899 iu
2831 2845 3093 2912 Spiritum
3145 2849 3429 2902 vivifican-

1851 2949 1954 2992 tem
1986 2938 2051 2991 ⁸⁷.
2085 2956 2102 2988 ι
2145 2937 2380 2991 Rursum
2417 2956 2428 2990 ε
2465 2958 2482 2988 ι
2518 2937 2731 2992 Primus
2759 2939 2918 2991 homo
2960 2943 3026 2993 de
3069 2951 3211 2994 terra
3258 2951 3425 2993 terre-

177 3034 204 3083 0
233 3029 479 3101 δεύτερος
511 3028 793 3100 ἄνθρωπος
818 3069 832 3092 ,
880 3030 908 3080 0
950 3027 1152 3098 Κύριος
1196 3027 1253 3093 ἐξ
1281 3028 1531 3099 ούρανοῦ.
1567 3023 1692 3090 Οἷος
1718 3029 1746 3079 0

1851 3045 1972 3095 nus,
1991 3031 2262 3083 secundus
2296 3028 2453 3080 homo
2486 3026 2744 3082 Dominus
2779 3032 2842 3080 de
2868 3032 3027 3084 t-telo.
3050 3031 3232 3096 Qualis
3262 3043 3426 3084 terre-

179 3120 381 3189 χοϊκὸς,
409 3118 640 3172 τοιοῦτοι
669 3120 762 3172 mi.
787 3120 835 3171 οἰ
862 3119 1033 3189 χοϊκοί
1049 3137 1062 3149 ο
1087 3119 1179 3172 καὶ
1205 3114 1317 3182 οἷος
1344 3122 1372 3172 0
1399 3120 1744 3191 ἐπουράνιος,

176 3210 408 3263 τοιοῦτοι
445 3211 537 3263 καὶ
580 3210 631 3262 0i.
658 3210 992 3278 ἐπουράνιοι.
1028 3211 1140 3264 Καὶ
1181 3210 1365 3273 καθὼς
1412 3211 1747 3282 ὲφορέσαμεν

178 3303 276 3373 τὴν
320 3302 504 3355 εἰκόνα
542 3301 634 3353 τοῦ
675 3301 885 3371 χοϊκοῦ,
933 3301 1256 3372 φορέσωμεν
1298 3302 1392 3354 καὶ
1425 3303 1525 3371 τὴν
1557 3301 1739 3353 εἰκόνα

176 3394 272 3447 τοῦ
317 3393 660 3463 ἐπουρανίου.
696 3392 864 3446 Τοῦτο
896 3394 954 3446 δέ
987 3412 1164 3464 φημι,
1199 3391 1453 3461 ἀδελφοὶ,
1494 3392 1576 3445 ὅτι
1613 3391 1748 3463 σὰρξ

177 3483 274 3537 καὶ
304 3478 442 3554 αἷμα
480 3481 756 3552 βασιλείαν
785 3480 920 3534 Θεοῦ
949 3482 1354 3554 κληρονομῆσαι
1380 3481 1438 3534 οὐ
1471 3480 1748 3542 δύνανται,

176 3575 300 3628 οὐδὲ
350 3576 384 3645 ἡ
435 3574 611 3645 φθορά
656 3575 754 3646 τὴν
792 3575 1100 3646 ἀφθαρσίαν
1133 3573 1472 3644 κληρονομεῖ.
1511 3593 1528 3624 ι
1577 3573 1753 3642 Προσ-

177 3667 378 3734 επάγει
427 3666 484 3720 δὲ
530 3664 774 3731 τούτοις,
805 3667 887 3720 ὅτι
941 3685 960 3717 ι
991 3665 1282 3729 Σαλπίσει,
1333 3665 1427 3718 καὶ
1475 3666 1524 3716 οἱ
1571 3664 1752 3733 νεκροὶ

178 3757 570 3829 ἐγερθήσονται
615 3755 920 3830 ἄφθαρτοι,
965 3757 1062 3812 καὶ
1098 3759 1261 3827 ἡμεῖς
1309 3754 1746 3824 ἀλλαγησόμεθα.

177 3851 272 3903 Δεῖ
309 3849 420 3921 γὰρ
468 3849 530 3902 τὸ
574 3849 812 3920 φθαρτὸν
843 3848 1003 3902 τοῦτο
1046 3847 1364 3901 ἐνδύσασθαι
1401 3847 1498 3915 τὴν
1541 3845 1753 3916 ἀφθαρ-

180 3941 325 4006 σίαν,
341 3941 436 3995 καὶ
458 3941 520 3994 τὸ
542 3941 731 4011 θνητὸν
747 3940 904 3995 τοῦτο
928 3939 1252 3994 ἐνδύσασθαι
1277 3937 1375 4009 τὴν
1398 3937 1714 3992 ἀθανασίαν.
1729 3957 1748 3988 ι

178 4035 276 4097 Εἰς
322 4034 498 4106 ψυχὴν
547 4034 727 4100 ζῶσαν
785 4036 814 4088 0
870 4035 1084 4104 πρῶτος
1145 4031 1428 4102 ἄνθρωπος
1493 4031 1750 4098 γέγονεν’

183 4127 360 4181 ἐδεῖτο
384 4128 514 4199 γὰρ,
537 4129 612 4192 ὡς
638 4129 868 4200 ποίημα,
900 4126 994 4179 τοῦ
1023 4123 1411 4190 ζωοποιοῦντος
1434 4122 1591 4177 Θεοῦ.
1616 4123 1676 4176 '0
1697 4121 1754 4176 δέ

178 4236 246 4288 γε
273 4219 503 4288 ἔσχατος
540 4219 734 4289 Ἀδὰμ,
765 4218 1012 4272 τουτέστι
1048 4216 1300 4287 Χριστὸς,
1353 4217 1436 4268 ὅτι
1482 4216 1555 4284 μὴ
1587 4215 1756 4267 ἐδεῖτο

178 4313 332 4382 ζωῆς
359 4311 434 4375 ὠς
462 4312 615 4376 Θεὸς,
647 4311 871 4382 Πνεῦμα
895 4311 1115 4380 γέγονεν
1142 4310 1220 4370 είς
1249 4309 1394 4379 ἡμᾶς
1424 4305 1718 4369 ζωοποιοῦν
1737 4321 1750 4335 ·

1852 3139 1976 3184 nus.
2015 3125 2147 3177 tales
2193 3133 2246 3176 et
2311 3123 2552 3176 terreni:
2595 3136 2648 3176 et
2677 3125 2848 3190 qualis
2897 3126 3164 3186 cmlestis.
3207 3126 3340 3180 tales
3373 3136 3428 3179 et

1850 3216 2122 3270 caelestes.
2146 3214 2312 3282 Igitur
2346 3214 2489 3268 sicut
2525 3215 2856 3282 portavimus
2883 3215 3168 3283 imaginem
3203 3218 3424 3280 terreni,

1851 3314 2129 3374 portemus
2181 3315 2235 3359 et
2290 3305 2580 3375 imaginem
2642 3306 2900 3360 ctelcstis.
2937 3306 3046 3360 Hoc
3075 3317 3250 3360 autem
3283 3309 3422 3370 dico,

1851 3397 2072 3461 fratres,
2096 3397 2220 3467 quia
2247 3411 2375 3451 caro
2414 3404 2470 3451 et
2498 3397 2720 3462 sanguis
2749 3411 2972 3464 regnum
3010 3397 3100 3452 Dei
3139 3398 3425 3466 possidere

1853 3504 1960 3542 non
1997 3497 2244 3558 possunt,
2273 3501 2451 3555 neque
2481 3488 2762 3555 corruptio
2792 3487 3215 3557 incorruptelam
3248 3491 3424 3558 possi-

1853 3578 2000 3633 debit
2029 3577 2096 3629 ⁸⁸.
2121 3595 2140 3628 ι
2169 3575 2464 3645 Subiungit
2515 3575 2726 3644 reliqua
2756 3591 2770 3630 :
2800 3594 2820 3627 ι
2861 3575 3030 3630 Cauet
3083 3577 3226 3630 enim
3269 3578 3424 3641 tuba,

1854 3677 1911 3723 et
1937 3668 2138 3722 mortui
2174 3675 2460 3736 resurgent
2515 3667 2836 3737 incorrupti,
2874 3678 2929 3722 et
2979 3682 3076 3723 nos
3111 3669 3426 3724 immutabi-

1855 3774 1994 3813 nmr.
2015 3757 2240 3827 Oportet
2267 3756 2413 3810 enim
2464 3760 2816 3828 corruptibile
2846 3760 2947 3814 hoc
2993 3761 3216 3814 induere
3244 3761 3426 3814 inror-

1856 3852 2183 3919 ruptionem,
2231 3861 2288 3906 et
2355 3851 2583 3904 mortale
2628 3849 2728 3905 hoc
2763 3851 2988 3906 induere
3049 3850 3428 3905 iturum-talita-

1857 3941 2055 3996 tem".
2107 3960 2127 3993 ›
2190 3941 2406 3996 Primus
2473 3943 2634 3996 homo
2698 3941 2876 3997 factus
2933 3953 3016 3997 est
3071 3943 3123 3996 in
3189 3943 3426 3997 animam

1853 4035 2125 4090 viventem
2155 4053 2170 4090 :
2199 4035 2392 4105 egebat
2433 4035 2577 4090 enim
2620 4074 2636 4101 ,
2677 4046 2931 4103 tanquam
2957 4037 3288 4106 ligmentum,
3322 4036 3429 4090 Deo

1855 4127 2187 4184 viviﬁcante.
2239 4127 2306 4180 At
2367 4141 2498 4180 vero
2549 4127 2882 4183 novissimus
2937 4126 3130 4193 Adam,
3192 4128 3292 4181 hoc
3348 4136 3432 4181 est

1857 4221 2125 4284 Christus,
2153 4221 2315 4288 quod,
2349 4229 2409 4276 ut
2433 4223 2593 4286 Deus,
2614 4220 2723 4274 vita
2749 4229 2968 4274 externa
3007 4235 3111 4274 non
3143 4221 3427 4289 indigeret,

1867 4310 2101 4380 Spiritus
2146 4311 2264 4378 fttit,
2292 4313 2381 4381 qui
2437 4312 2601 4364 vitam
2642 4312 2697 4365 in
2740 4327 2837 4366 nos
2889 4311 3233 4365 transfundit.
3265 4313 3426 4380 Atqui

180 4405 324 4475 ὅπερ
373 4404 492 4455 ἐστὶ
522 4402 672 4466 θείας
716 4403 932 4471 φύσεως
967 4401 1097 4454 ἴδιον
1133 4399 1529 4469 πλεονέκτημα.
1573 4400 1682 4451 Καὶ
1725 4399 1747 4451 0

1861 4402 2161 4457 vivificmtdi
2196 4401 2426 4458 facultas
2466 4407 2682 4474 propria
2729 4413 2814 4458 est
2846 4403 3040 4456 divinae
3067 4414 3271 4456 natura:
3305 4418 3430 4468 pus-

179 4496 284 4565 μὲν
319 4495 535 4565 πρῶτος
565 4496 628 4547 ὲκ
657 4495 788 4564 γῆς,
831 4493 1041 4564 χοῖκός’
1079 4492 1108 4544 0
1140 4490 1390 4563 δεύτερος
1420 4491 1476 4543 δὲ
1505 4489 1563 4555 ἐξ
1589 4489 1750 4559 οὐρα.⁹

179 4585 300 4650 νοῦ,
351 4585 527 4639 καίτοι
561 4585 844 4656 γεννηθεὶς
891 4585 976 4638 διὰ
1006 4583 1280 4652 γυναικός.
1323 4583 1382 4635 ’0
1407 4581 1515 4652 γὰρ
1546 4580 1753 4634 ἄνωθεν

176 4679 278 4732 καὶ
313 4677 373 4742 ἐξ
401 4677 629 4748 οὐρανοῦ
656 4719 670 4741 ,
705 4677 798 4730 καὶ
825 4678 889 4730 ἐκ
931 4676 1065 4728 Θεοῦ
1096 4674 1309 4745 Πατρὸς
1339 4675 1531 4742 Λόγος,
1566 4673 1670 4727 κᾶν
1703 4674 1752 4725 εἰ

175 4769 405 4838 γέγονεν
455 4767 738 4837 ἄνθρωπος
763 4809 778 4833 ,
809 4765 922 4818 ἀλλ’
957 4766 1107 4818 οὐδὲν
1133 4761 1294 4837 ἧττόν
1320 4766 1466 4817 ἐστιν
1496 4763 1554 4830 ἐξ
1587 4765 1754 4834 009a-

175 4859 296 4913 νοῦ.
343 4860 453 4913 Καὶ
497 4861 544 4912 εἰ
591 4858 766 4928 φθορᾷ
812 4858 903 4911 καὶ
949 4856 1164 4928 θανάτῳ
1196 4857 1627 4926 κατεσχημένοι,
1659 4857 1756 4927 τὴν

176 4951 371 5004 εἰκόνα
399 4949 492 5002 τοῦ
522 4948 705 5020 χοϊκοῦ
741 4949 828 5002 διὰ
859 4949 1017 5002 τοῦτο
1052 4949 1279 5018 φορέσαι
1322 4948 1593 5018 λεγόμεθα
1614 4961 1628 4974 ·
1657 4948 1755 5018 τὴν

179 5042 496 5114 ἀφθαρσίαν
530 5040 905 5110 ἐνδυσάμενοι,
942 5043 1040 5112 τὴν
1071 5042 1254 5094 εἰκόνα
1301 5040 1393 5093 τοῦ
1429 5041 1752 5110 ἐπουρανίου

180 5136 514 5205 φορέσομεν.
580 5133 885 5203 Ἀφθαρσία
928 5133 983 5184 δὲ
1030 5132 1191 5186 πάλιν
1239 5131 1368 5184 ἴδιον
1411 5133 1613 5199 ἀγαθὸν
1658 5132 1757 5200 τῆς

181 5227 329 5280 κατά
375 5225 536 5295 φύσιν
588 5225 872 5296 θεότητος·
913 5224 1272 5278 ἀλλάσσονται
1307 5224 1415 5294 γὰρ
1461 5225 1509 5276 οἰ
1545 5224 1752 5294 νεκροὶ,

174 5311 277 5374 καὶ
307 5321 371 5373 τὸ
395 5318 631 5390 φθαρτόν
658 5318 1019 5389 ἀμφιέννυται
1051 5319 1149 5388 τὴν
1178 5315 1506 5386 ἀςρθαρσίαν,
1539 5317 1755 5384 γεγονό-

244 5484 292 5515 δ⁶
329 5483 494 5536 ICor.
528 5496 600 5544 ι,
639 5479 727 5545 15,
760 5479 849 5532 17.
924 5479 966 5509 ’⁸⁷
996 5478 1011 5532 Ι
1046 5478 1170 5534 Cor.
1207 5494 1297 5542 xv,
1331 5479 1419 5534 45.

1858 4497 2051 4549 sessio.
2088 4497 2152 4548 Et
2181 4498 2388 4565 primus
2414 4496 2628 4564 quidem
2659 4497 2818 4549 homo
2845 4497 2912 4549 de
2946 4507 3088 4548 terra
3119 4505 3238 4548 erat
3259 4507 3405 4548 tcrre

1861 4599 1962 4637 nus
1992 4600 2008 4638 :
2037 4585 2303 4638 secundus
2331 4595 2507 4636 autem
2534 4585 2658 4637 licet
2692 4599 2756 4636 ex
2789 4583 3012 4636 muliere
3035 4592 3212 4635 ortum
3250 4583 3432 4634 trahe-

1861 4685 1964 4739 ret,
1988 4677 2054 4729 de
2081 4677 2220 4730 cmlo
2251 4684 2495 4730 venerat.
2530 4676 2788 4740 Quamvis
2817 4676 2960 4727 enim
3004 4671 3256 4738 Verbum,
3285 4673 3432 4743 quo‘d

1861 4767 1926 4820 de
1955 4768 2226 4835 supernis,
2263 4769 2365 4821 hoc
2395 4767 2573 4821 estde
2609 4766 2749 4822 cmlo
2785 4776 2887 4828 est,
2925 4775 2978 4818 et
3009 4781 3074 4820 ex
3118 4764 3226 4819 Deo
3272 4765 3434 4819 Patre

1862 4868 2046 4912 natum
2084 4867 2190 4922 cst,
2225 4859 2387 4912 homo
2436 4857 2612 4912 factus
2663 4859 2768 4922 sit,
2803 4857 2972 4912 nihilo
3021 4866 3200 4911 tamen
3256 4859 3436 4912 secius

1863 4951 1929 5003 de
1973 4950 2112 5004 caelo
2159 4961 2263 5005 est.
2313 4951 2546 5004 Rursum
2583 4952 2682 5014 uti,
2719 4950 3080 5019 corruptionis
3125 4958 3180 5003 et
3243 4950 3438 5004 mortis

1865 5041 2092 5092 vinculis
2117 5039 2418 5103 constricti,
2444 5039 2644 5091 terreni
2693 5039 2985 5109 imaginem
3021 5049 3330 5109 gestamus;
3363 5040 3434 5093 ita

1866 5131 2327 5200 incorruptionem
2354 5130 2463 5196 jam
2498 5131 2690 5196 induti,
2725 5131 2960 5184 cnslestis
2997 5131 3282 5200 imaginem
3321 5149 3440 5200 por-

1869 5225 2122 5277 tabimus.
2178 5222 2336 5289 Atqui
2404 5223 2738 5292 incorruptio
2787 5223 2987 5277 bonum
3047 5232 3126 5276 est
3179 5222 3440 5277 naturalis

1868 5316 2166 5368 divinitati.
2193 5315 2487 5384 proprium.
2510 5313 2644 5370 Nam
2675 5317 2869 5370 mortui
2907 5317 3284 5381 immutantur.
3313 5331 3410 5372 cor

1500 5481 1544 5512 ’⁸⁸
1572 5479 1702 5535 ibid.
1741 5479 1831 5545 47,
1865 5479 1956 5535 50.
2032 5479 2078 5512 ⁵⁸
2111 5477 2240 5532 ibid.
2275 5476 2363 5540 5‘2,
2392 5478 2480 5534 55.

1245 5632 1418 5688 Variae
1449 5631 1706 5689 lectiones
1736 5631 1936 5688 codicis
1972 5629 2330 5702 Segnieriaai.

250 5782 282 5822 ιι
310 5774 563 5842 δεύτερος
600 5773 907 5843 ἄνθρωπος.
