4000 6326
671 347 813 403 ίὲεέδ

1695 341 1754 394 S.
1798 338 2074 393 ιῖγῐιιιιιι
2111 335 2574 392 ALEXANDle
2616 335 2934 390 ARCIIIEP.

3717 346 3808 401 liti

673 459 1030 530 ruptibileque
1052 456 1229 510 induit
1253 453 1738 522 incorruptionem,
1760 468 1883 506 cum
1917 453 2242 521 Unigenitus

2230 469 2242 504 ς
2275 455 2312 510 Α
2343 469 2435 514 τος
2479 451 2603 506 καθ’
2637 455 2782 525 ἡμᾶς
2806 454 2900 506 τοῦ
2930 452 3300 520 Μονογενοῢς,
3346 454 3434 506 καὶ
3465 454 3754 524 μεθιστάντος
3774 466 3810 516 τὴ

672 553 843 606 nostri
899 549 1092 604 similis
1143 558 1299 602 natus
1348 546 1731 598 mortalitatem
1796 543 2137 598 transtulerit
2189 543 2242 594 in

673 642 1178 704 immortalitatem,
1243 647 1298 692 et
1355 635 1757 704 corruptionem
1824 633 2246 688 tt-ansl‘orn'iave-

673 738 744 789 rit
796 737 848 788 in
884 733 1334 800 incorruptionem
1371 729 1421 780 in
1472 728 1762 795 semetipso
1797 735 1854 780 et
1895 726 2094 793 primo.
2137 723 2248 778 llac

672 828 819 880 enim
855 825 1064 879 ratione
1095 821 1251 876 nobis
1289 818 1420 888 ipsis
1454 834 1668 888 quoque
1693 820 1775 871 via
1805 817 1870 870 ad
1890 817 2050 870 vitam
2074 817 2247 871 factus

674 931 776 972 εει.

1046 1028 1128 1084 Ea:
1153 1029 1440 1098 posteriore
1461 1025 1529 1078 ad
1549 1023 1871 1078 Corinthios.

753 1162 772 1195 ι
804 1140 911 1196 Sed
948 1141 1048 1208 ipsi
1103 1141 1157 1194 in
1187 1139 1344 1193 nobis
1397 1136 1528 1205 ipsis
1558 1149 1881 1203 responsum
1932 1131 2120 1186 mortis
2151 1130 2215 1184 lia

677 1237 913 1298 buitnus,
943 1242 1001 1287 ut
1034 1248 1137 1286 non
1169 1232 1341 1285 simus
1383 1230 1608 1282 ﬁdentes
1646 1229 1697 1280 in
1723 1226 1897 1289 nobis,
1922 1227 2014 1280 sed
2037 1225 2088 1278 in
2117 1222 2246 1285 Deo,

677 1330 767 1398 qni
817 1327 1048 1382 suscitat
1098 1334 1342 1378 mortuos
1373 1321 1441 1376 ”.
1482 1341 1502 1371 ο
1532 1318 1588 1373 Si
1629 1328 1961 1372 mortuorum
2006 1316 2250 1369 exsusci-

678 1421 809 1473 tatio
835 1419 891 1471 in
926 1432 1070 1479 eum,
1102 1414 1193 1485 qui
1221 1425 1412 1467 natura
1441 1409 1590 1463 Deus
1622 1419 1731 1470 est,
1773 1409 2004 1460 maxime
2052 1417 2251 1459 conve-

679 1512 780 1576 nit,
817 1520 1096 1578 propterea
1126 1506 1270 1574 quod
1301 1504 1451 1560 solus
1486 1502 1589 1554 vita
1630 1501 1699 1554 sit
1735 1510 1790 1552 et
1827 1497 1934 1568 93
1967 1496 2249 1560 vivilicus;

677 1602 927 1656 Christus
977 1608 1162 1650 autem
1217 1595 1678 1648 resurrectionem
1731 1599 1784 1644 et
1827 1591 1994 1641 vitam
2048 1587 2251 1640 diserte

678 1709 800 1748 sese
865 1691 1114 1760 appellat,
1167 1689 1528 1755 eumdemqne
1591 1693 1838 1740 mortuos
1883 1681 2251 1735 essuscitasse

680 1796 829 1840 certo
850 1794 1065 1839 constat
1093 1797 1109 1833 :
1137 1783 1255 1851 quis
1286 1791 1340 1834 et
1362 1795 1545 1833 verum
1569 1777 1760 1840 Deum,
1789 1786 1844 1830 et
1870 1774 2036 1828 vitam
2056 1787 2247 1828 secun-
2279 1793 2325 1854 Β

678 1881 804 1934 dum
837 1887 1086 1932 naturam
1115 1889 1238 1929 esse
1277 1870 1546 1940 ambigat?

1092 2011 1178 2066 Ea:
1197 2008 1439 2080 Epistula
1469 2008 1538 2061 ad
1574 2005 1848 2060 Hebmos.

756 2144 774 2177 ι
806 2125 942 2191 Quia
1001 2138 1134 2192 ergo
1196 2120 1347 2191 pueri
1403 2116 1942 2175 communicaverunt
1994 2112 2145 2168 carni
2198 2121 2254 2166 et

685 2217 953 2288 sanguini,
986 2223 1040 2269 et
1092 2215 1207 2278 ipse
1262 2211 1514 2265 similiter
1565 2207 1909 2278 participavit
1966 2205 2256 2266 iisdem,ut

685 2326 779 2379 per
825 2318 1052 2361 mortem
1091 2305 1399 2358 destrueret
1462 2317 1582 2352 eum
1636 2300 1725 2368 qni
1786 2297 2017 2350 habebat.
2066 2296 2255 2349 mortis

685 2398 1058 2470 imperinm,id
1117 2406 1198 2451 est
1255 2393 1524 2449 diabolum
1549 2391 1616 2444 ⁵¹.
1646 2411 1664 2443 ι
1725 2388 1901 2458 AEqne
1931 2403 1994 2442 ac
2036 2402 2134 2441 nos
2163 2387 2252 2455 qui

686 2494 824 2547 inter
875 2491 1014 2546 filios
1054 2487 1148 2542 Dei
1189 2500 1498 2548 censenmr,
1529 2482 1715 2538 carnis
1758 2489 1813 2535 ct
1851 2479 2130 2550 sanguinis
2165 2479 2255 2534 Dei

684 2581 920 2637 Verbum
971 2578 1248 2650 particeps
1281 2574 1488 2628 factum
1523 2582 1640 2638 est;
1675 2586 1781 2639 quo
1828 2570 2078 2623 nimirum
2129 2585 2250 2637 pro-

687 2675 859 2742 prium
893 2683 1090 2740 corpus
1115 2666 1189 2732 ,in
1238 2675 1466 2719 mortem
1499 2663 1851 2727 contradens,
1881 2660 2053 2728 ipsmn
2080 2659 2258 2712 denuo

689 2772 942 2831 tanquam
978 2757 1068 2826 qui
1101 2765 1290 2823 suapte
1325 2765 1517 2807 natura
1574 2753 1682 2805 vita
1713 2762 1766 2804 et
1820 2750 1957 2804 Deus
2009 2747 2254 2809 exsistat,

688 2856 812 2907 vita:
859 2850 1128 2904 restituat.
1182 2846 1326 2900 'Nam
1383 2845 1653 2912 quomodo
1725 2840 1918 2894 mortis
1976 2837 2257 2904 imperium

687 2947 1021 2999 destructum
1053 2945 1156 2998 est,
1187 2936 1230 2990 si
1263 2950 1458 3003 corpus
1488 2932 1630 3001 quod
1664 2930 1964 2985 secundum
2003 2936 2255 2980 naturam

687 3036 837 3099 vitae,
868 3033 970 3085 llOC
999 3042 1084 3084 est
1108 3026 1266 3082 Verbi
1308 3026 1425 3088 Dei,
1461 3023 1739 3092 proprium
1776 3019 1984 3084 erat,in
2031 3026 2258 3072 mortem

688 3126 1020 3198 prolapsum,
1048 3121 1241 3174 iterum
1283 3115 1672 3170 cxsuscitatum
1714 3127 1817 3166 non
1853 3110 1978 3165 est?

759 3235 913 3304 Quod
939 3249 1073 3288 unus
1105 3231 1171 3284 ait
1204 3228 1372 3282 Filius
1396 3238 1444 3281 et
1467 3226 1718 3280 Dominus
1752 3223 1906 3278 Jesus
1929 3221 2187 3277 Christus.

1061 3342 1146 3397 Ex
1171 3342 1341 3410 prima
1364 3338 1625 3394 catholica
1641 3336 1887 3390 Joannis.

765 3478 786 3514 (
809 3458 959 3526 Quod
999 3457 1101 3511 fuit
1126 3456 1192 3510 ab
1215 3454 1392 3519 initio,
1422 3452 1564 3522 quod
1595 3449 1922 3514 audivimus,
1945 3449 2088 3517 Quod
2122 3445 2260 3500 vidi-

692 3567 812 3606 mus
863 3548 1036 3606 oculis
1097 3544 1319 3609 nostris,
1346 3542 1487 3612 quod
1549 3540 1946 3609 perspeximus,
1982 3549 2037 3591 et
2071 3553 2264 3591 manus

692 3653 892 3697 nostra:
953 3644 1427 3692 contrectaverunt
1483 3632 1550 3686 de
1594 3629 1773 3684 Verbo
1827 3631 1948 3683 vitae
1989 3648 2002 3683 ε
2045 3639 2100 3683 et
2153 3631 2260 3682 vita

693 3731 1036 3787 tnat'iil'estata
1071 3736 1176 3790 est,
1210 3734 1266 3780 et
1289 3725 1544 3786 vidimus,
1575 3733 1630 3778 et
1649 3733 1931 3785 testamur,
1962 3731 2016 3774 et
2045 3735 2262 3773 attnun-

697 3827 892 3879 tiamus
917 3821 1069 3876 vobis
1085 3820 1247 3872 vitam
1270 3826 1549 3881 aeternam,
1567 3830 1689 3884 qua:
1711 3823 1829 3869 erat
1855 3811 1995 3880 apud
2022 3811 2263 3876 Patrem,

692 3931 745 3974 et
788 3915 1034 3988 apparuit
1061 3912 1215 3967 nobis
1235 3912 1302 3964 ".
1339 3929 1357 3961 ι
1389 3909 1470 3963 Εη
1529 3909 1680 3963 illum
1708 3909 1798 3977 qui
1836 3907 1937 3961 l'uit
1977 3906 2045 3960 ab
2087 3906 2262 3972 initio,

692 4011 909 4077 vitaque
943 4015 1164 4068 aeterna,
1197 4004 1301 4057 hoc
1335 4010 1417 4056 est
1449 4000 1541 4055 Dei
1574 4000 1748 4054 Patris
1783 3999 2054 4059 Verbum,
2095 3997 2267 4053 oculis

695 4114 755 4153 se
783 4097 1006 4156 vidisse,
1029 4092 1386 4159 manibusque
1425 4100 1792 4144 contrectasse
1843 4096 2097 4150 testatur,
2143 4102 2265 4140 cum

698 4201 876 4243 tamen
912 4183 1140 4238 Verbum
1165 4182 1307 4251 quod
1342 4196 1409 4235 ex
1446 4180 1605 4234 Patre
1633 4179 1896 4248 procedit,
1924 4193 2018 4231 sua
2072 4185 2263 4230 natura

695 4289 977 4351 aspectum
1007 4277 1196 4346 fugiat.
1241 4273 1496 4343 tangique
1536 4282 1798 4341 nequeat:
1824 4270 2091 4338 siquidem
2125 4269 2268 4338 quod

697 4385 923 4441 corpore
972 4378 1146 4430 vacat,
1183 4366 1235 4422 id
1290 4366 1390 4420 sub
1425 4364 1717 4418 tactionetn
1754 4378 1857 4416 non
1902 4361 2066 4416 cadit.
2105 4361 2265 4429 Atqui

697 4461 934 4518 Verbum
974 4460 1315 4514 incarnatnm
1385 4454 1559 4510 oculis
1630 4454 1850 4517 vidisse,
1907 4461 1963 4506 et
2021 4453 2269 4506 manibus

2351 541 2543 610 θνητὸν
2569 543 2648 605 εἰς
2673 543 2990 605 ἀθανασίαν,
3019 542 3112 595 καὶ
3143 542 3204 593 τὸ
3241 541 3472 611 φθαρτὸν
3495 546 3567 607 εἰς
3588 546 3810 617 ἀφθαρσίαν

2349 635 2407 685 ἐν
2450 633 2628 704 ἑαυτῷ
2673 637 2769 688 καὶ
2813 635 3014 705 πρώτῳ
3055 634 3558 704 μετασκευάζοντος.
3588 637 3713 692 Οὕτω
3740 644 3809 712 γὰρ

2349 725 2574 794 γέγονεν
2600 727 2716 790 ὁδὸς
2742 730 2822 789 εἱς
2849 727 2995 798 ζωὴν
3025 728 3119 781 καὶ
3149 728 3278 797 ἡμῖν
3309 728 3504 792 αὐτοῖς.

2693 1011 2788 1064 Ἐκ
2813 1009 2926 1078 τῆς
2953 1011 3106 1080 πρὸς
3132 1011 3473 1080 Κορινθίους
3499 1015 3572 1079 β’.

2429 1143 2448 1174 ‹
2471 1121 2636 1176 Ἀλλὰ
2666 1123 2821 1176 αὐτοὶ
2841 1166 2855 1187 ,
2885 1125 3070 1193 φησὶν,
3099 1125 3156 1177 ὲν
3190 1124 3400 1187 ἑαυτοῖς
3425 1124 3484 1176 τὸ
3503 1125 3734 1199 ἀπόκριμα
3755 1135 3811 1184 τοῦ

2352 1213 2584 1267 θανάτου
2637 1215 2990 1284 ἐσχήκαμεν,
3036 1215 3123 1266 ἵνα
3169 1214 3242 1285 μὴ
3284 1215 3590 1280 πεποιθότες
3631 1213 3745 1289 ὦμεν
3777 1226 3809 1275 ἐν

2352 1304 2585 1366 ἑαυτοῖς,
2614 1303 2728 1356 ἀλλ’
2753 1305 2845 1356 ἐπὶ
2869 1304 2946 1373 τῷ
2961 1303 3078 1374 Θεῷ
3094 1303 3170 1373 τῷ
3185 1303 3456 1374 ἐγείραντι
3484 1307 3596 1369 τοὺς
3614 1310 3808 1380 νεκροόςδ

2351 1397 2415 1450 ΕΞ
2443 1397 2562 1468 Θεῷ
2591 1398 2650 1450 τὸ
2675 1407 2698 1435 ι’
2733 1396 2872 1450 κατὰ
2899 1398 3059 1466 φύσιν
3089 1397 3529 1480 πρεπωδέστατον
3551 1396 3668 1452 εἷναί
3696 1419 3809 1472 φαμεν

2349 1489 2411 1541 τὺ
2457 1489 2688 1558 ἐγείρειν
2731 1491 2858 1551 τοὺς
2920 1488 3177 1558 νεκροὺς,
3219 1489 3300 1540 ὅτι
3342 1487 3455 1558 ζωὴ
3507 1492 3590 1543 καὶ
3634 1491 3808 1555 Commi-2,-

2351 1582 2497 1634 ἐστιν
2515 1598 2528 1611 °
2565 1582 2668 1650 ἔφη
2692 1581 2749 1634 δὲ
2777 1580 3011 1652 Χριστός
3032 1595 3045 1608 ’
3081 1599 3100 1630 ι
3125 1579 3266 1647 Ἐγώ
3297 1581 3415 1650 εἰμι
3448 1583 3480 1652 ἡ
3504 1583 3739 1646 ἀνάστασις
3755 1591 3808 1636 καὶ

2352 1676 2386 1745 ἡ
2414 1674 2524 1744 ζωή
2553 1691 2566 1704 ·
2604 1692 2621 1723 ι
2655 1673 2900 1741 φαίνεται
2933 1672 2990 1725 δὲ
3026 1673 3118 1726 καὶ
3151 1671 3468 1742 ὲγηγερκὼς
3492 1675 3604 1737 τοὺς
3635 1676 3804 1744 νεκρούς·

2352 1767 2486 1830 Θεὸς
2518 1767 2624 1838 ἄρα
2649 1765 2816 1828 ἐστὶν,
2842 1763 2918 1828 ὡς
2950 1762 3062 1835 ζωὴ
3098 1764 3238 1817 κατᾶ
3268 1763 3450 1833 φύσιν.

2749 1993 2844 2046 Ἐκ
2877 1993 2988 2062 τῆς
3024 1992 3174 2062 πρὸς
3207 1994 3530 2063 Ἐϐραίους.

2431 2127 2448 2159 ι
2473 2107 2624 2162 Ἐπεὶ
2665 2102 2758 2160 οὖν
2806 2105 3174 2177 κεκοινώνηκε.
3213 2107 3282 2162 τὰ
3327 2099 3512 2163 παιδία
3556 2111 3804 2179 αῖματοςιιεὶ

2357 2199 2576 2270 σαρκὸς,
2604 2201 2698 2254 καὶ
2723 2199 2887 2263 αὐτὸς
2914 2200 3316 2269 παραπλησίως
3340 2204 3560 2273 μετέσχε
3581 2204 3668 2256 τῶν
3679 2206 3802 2257 αὐτῶν·

2357 2290 2444 2343 ἵνα
2468 2290 2553 2343 διὰ
2575 2289 2668 2344 τοῦ
2697 2291 2928 2345 Θανάτου
2960 2292 3285 2362 καταργήσῃ
3313 2292 3406 2345 τὸν
3430 2293 3486 2346 τὸ
3507 2296 3672 2359 κράτος
3688 2296 3803 2362 ἔχοντα

2355 2379 2449 2432 τοῦ
2479 2379 2732 2444 θανάτου,
2761 2381 3008 2434 τουτέστι
3036 2381 3125 2434 τὸν
3150 2381 3422 2437 διάϐολον.
3458 2403 3475 2434 ι
3516 2385 3804 2455 numam;

2357 2472 2488 2541 ἡμῖν
2513 2474 2624 2534 τοῖς
2650 2473 2708 2524 ὲν
2736 2473 2948 2534 τέκνοις
2973 2470 3106 2525 Θεοῦ
3143 2475 3498 2546 τεταγμένοις
3524 2478 3802 2544 κεκοινώνηκεν

2357 2568 2588 2636 αἵματος
2617 2569 2707 2621 καὶ
2733 2568 2933 2638 σαρκὸς
2959 2569 2987 2620 ὁ
3016 2569 3080 2621 ἐκ
3105 2569 3237 2622 Θεοῦ
3272 2570 3466 2638 Λόγος,
3496 2572 3573 2624 ἵνα
3596 2570 3658 2637 τῷ
3676 2569 3801 2636 θανάτῳ

2357 2657 2416 2710 τὸ
2463 2658 2591 2712 ἴδιον
2634 2659 2793 2728 σῶμα
2843 2659 2989 2724 δοὺς,
3040 2657 3356 2732 ζωοποιήσῃ
3407 2661 3557 2714 πάλιν
3595 2660 3705 2723 αὐτὸ,
3739 2657 3798 2725 ζωὴ

2359 2750 2504 2804 κατὰ
2532 2751 2693 2820 φύσιν
2725 2752 3004 2823 ὑπάρχων,
3030 2753 3106 2817 ὡς
3131 2754 3475 2815 Θεό;.οἘπεὶ
3507 2753 3609 2818 sui»;
3628 2756 3800 2822 κατήρτη-

2357 2859 2449 2894 ται
2479 2841 2574 2894 τοῦ
2601 2842 2834 2896 θανάτου
2868 2845 2928 2896 τὸ
2957 2845 3183 2915 κράτος,
3219 2844 3284 2898 ἂν
3319 2845 3396 2916 μὴ
3431 2844 3490 2897 τδ
3516 2845 3653 2896 πεσὸν
3675 2847 3724 2903 εἰς
3746 2841 3784 2892 61'

2359 2950 2517 2986 νατον
2556 2933 2754 2987 ἀνεϐίω
2781 2935 2960 3004 σῶμα,
3005 2937 3135 2988 ἴδιον
3163 2935 3222 2989 ὃν
3251 2937 3356 3006 τῆς
3386 2936 3524 2990 κατὰ
3559 2935 3685 3004 φύσιν
3702 2931 3796 2999 ζωῆς.

2360 3025 2607 3079 τουτέστι
2635 3025 2727 3079 τοῦ
2750 3029 2813 3078 ἐκ
2842 3025 2975 3080 Θεοῦ
3008 3028 3159 3090 ὄντος
3190 3028 3367 3096 Λόγου
3389 3045 3401 3056 ·

2459 3228 2580 3280 Ὅτι
2599 3223 2687 3291 εἷς
2715 3229 2746 3281 ὁ
2784 3226 2916 3292 Υἱὸς
2942 3226 3039 3280 καὶ
3069 3227 3282 3296 Κύριος
3314 3227 3539 3298 Ἰησοῦς
3563 3223 3753 3292 Χριστός-

2380 3337 2586 3405 Ἑκτῆς
2615 3337 2894 3393 Ἰωάννου
2929 3337 3292 3408 Ἐπιστολῆς
3327 3339 3554 3407 πρώτης
3577 3331 3795 3396 καθολικῆς.

2441 3466 2458 3498 t
2497 3451 2560 3500 Ὃ
2599 3445 2667 3518 ἦν
2708 3448 2801 3501 ἀπ’
2839 3449 3032 3519 ἀρχῆς,
3079 3448 3106 3502 ὃ
3150 3450 3489 3519 ἀκηκόαμεν,
3529 3449 3553 3502 ὃ
3593 3446 3794 3518 impium

2363 3541 2476 3600 τοῖς
2522 3538 2820 3608 ὀφθαλμοῖς
2846 3541 2878 3608 ἡ
2889 3539 3006 3608 μῶν
3026 3580 3037 3599 ,
3072 3539 3100 3591 ὃ
3129 3539 3472 3611 ἐθεασάμεθα
3495 3579 3508 3604 ,
3534 3541 3614 3593 καὶ
3640 3540 3682 3590 αἱ
3702 3538 3793 3604 χεῑμς

2366 3629 2522 3697 ἡμῶν
2556 3629 2910 3700 ἐψηλάφησαν
2935 3631 3063 3701 περὶ
3095 3631 3188 3684 τοῦ
3219 3632 3394 3698 Λόγου
3424 3632 3518 3701 τῆς
3546 3629 3685 3700 ζωῆς·
3712 3625 3790 3678 ni?

2368 3718 2480 3790 ζωὴ
2519 3721 2857 3791 ἐφανερώθη,
2892 3723 2985 3776 καὶ
3015 3723 3362 3795 ἑωράκαμεν,
3395 3725 3487 3778 καὶ
3524 3719 3792 3793 parumne.

2367 3811 2463 3866 καὶ
2509 3813 2924 3883 ἀπαγγέλλομεν
2957 3815 3086 3884 ὑμῖν
3113 3815 3258 3885 ζωὴν
3292 3816 3393 3886 τὴν
3434 3815 3642 3879 αἰώνιον,
3676 3804 3793 3880 ἡττώ

2367 3904 2503 3974 πρὸς
2524 3903 2615 3957 τὸν
2659 3905 2898 3976 Πατέρα,
2958 3907 3052 3958 καὶ
3082 3906 3402 3978 ἐφανερώθη
3440 3909 3576 3977 ἡμῖν.
3607 3926 3621 3955 ι
3653 3900 3794 3956 Ἰδοὺτῇ

2366 3993 2494 4044 ὄντα
2522 3993 2620 4044 ἀπ’
2646 3994 2842 4064 ἀρχῆς,
2876 3995 3119 4048 τουτέστι
3157 3995 3247 4048 τὸν
3280 3998 3346 4049 ἐκ
3376 3996 3467 4049 τοῦ
3495 3995 3668 4064 Harpe;
3692 3990 3794 4054 Ait-rt.

2367 4085 2465 4152 τὴν
2500 4083 2644 4153 ζωὴν
2673 4085 2771 4155 τὴν
2805 4085 3020 4138 αἰώνιον
3067 4087 3374 4157 ἑωρακέναι
3425 4088 3550 4157 φησὶ
3582 4089 3669 4147 τοῖς
3690 4081 3797 4147 6;le-

2371 4178 2510 4244 μοῖς,
2557 4175 2651 4227 καὶ
2697 4177 2802 4246 μὴν
2850 4178 2944 4229 καὶ
2987 4177 3142 4247 χερσὶ
3173 4177 3522 4249 ψηλαφῆσαι·
3571 4175 3704 4229 καίτοι
3728 4169 3798 4222 uti

2370 4265 2529 4334 φύσιν
2563 4266 2698 4319 ἰδίαν
2725 4267 2818 4320 τοῦ
2846 4269 2909 4321 ἐκ
2931 4268 3023 4321 τοῦ
3047 4269 3250 4340 [ἰατρὸς
3267 4269 3420 4334 ὄντος
3436 4271 3612 4338 Λόγου,
3634 4265 3701 4317 καὶ
3722 4264 3800 4319 5m;

2371 4360 2602 4428 ἀοράτου
2653 4361 2746 4414 καὶ
2785 4361 3058 4431 ἀναφοῦς·
3105 4362 3316 4433 ἀναφὲς
3359 4363 3464 4434 γὰρ
3518 4365 3571 4415 τὸ
3605 4359 3799 4425 ἀσώματῦξ.

2382 4452 2521 4504 Ἀλλ’
2551 4455 2607 4506 ὲν
2639 4453 2803 4522 σαρκὶ
2829 4454 3087 4522 γεγονότα
3113 4453 3203 4507 τὸν
3233 4455 3406 4522 Λόγον
3427 4453 3682 4524 ἑωρακέναι
3704 4443 3800 4499 τεαὶ

697 4561 1064 4610 contrectasse
1092 4564 1151 4605 se
1177 4549 1271 4602 ait.
1291 4548 1467 4614 Quare
1500 4547 1623 4600 licet
1651 4545 1882 4600 Verbum
1905 4559 2034 4598 caro
2064 4543 2264 4598 factum

2221 4561 2264 4597 η’
2300 4562 2342 4616 D
2370 4543 2689 4614 ψηλαφῆσαί
2721 4562 2904 4614 φησιν.
2948 4540 3040 4609 Εἷς
3071 4542 3164 4600 οὖν
3194 4547 3302 4617 ἄρα
3334 4549 3479 4600 ἐστὶν
3511 4545 3620 4607 Υἱὸς
3641 4541 3707 4594 καὶ

698 4654 803 4709 est,
827 4657 968 4698 unus
1015 4649 1194 4695 tamen
1245 4648 1328 4693 est
1369 4636 1561 4704 Filius,
1589 4650 1727 4690 unus
1776 4634 1940 4698 Deus,
1967 4649 2106 4688 unus
2157 4633 2267 4687 Do-

701 4751 897 4790 tmnus.

696 4847 807 4921 94
849 4847 1000 4913 Quod
1055 4847 1184 4916 ﬁdes
1240 4845 1434 4966 ιεηάιιὶ)
1482 4844 1536 4896 in
1581 4841 1870 4904 Clu-istum,
1921 4852 2171 4909 tauquam
2214 4838 2267 4892 in

1437 4930 1574 4966 eum.

1437 4930 1574 4968 eum.

1120 5027 1204 5082 Ex
1225 5027 1390 5097 priori
1420 5025 1658 5097 Epistola
1683 5026 1846 5082 Petri.

775 5160 791 5192 ι
831 5140 922 5206 Ut,
949 5141 1143 5208 inquit,
1170 5141 1301 5195 lides
1336 5150 1539 5206 vestra,
1562 5149 1618 5194 et
1640 5155 1764 5209 spes
1793 5150 1936 5193 esset
1954 5139 2005 5190 in
2026 5136 2210 5190 Deo".
2244 5156 2262 5188 ι

698 5232 858 5300 Atqui
888 5230 1132 5286 Christus
1160 5246 1251 5300 per
1293 5220 1512 5286 sanctos
1558 5229 1832 5301 apustolos
1889 5227 2263 5291 annnntiatur,

2373 4637 2467 4690 xui.
2492 4637 2714 4706 Κύριος,
2749 4637 2853 4692 κᾶν
2881 4637 2929 4690 εἰ
2961 4637 3152 4706 γέγονε
3182 4637 3316 4708 σὰρξ
3338 4640 3367 4690 ὁ
3395 4637 3572 4705 Λόγος.

2534 4837 2656 4888 Ὅτι
2678 4837 2765 4902 εἰς
2790 4835 3049 4904 Χριστὸν
3085 4836 3124 4904 ἡ
3149 4835 3375 4901 πίστις,
3407 4835 3484 4899 ὡς
3513 4835 3587 4896 εἰς
3607 4828 3729 4883 Osdr-

2561 5016 2656 5067 Ἐκ
2688 5013 2795 5082 τῆς
2826 5016 3050 5081 Πέτρου
3098 5010 3464 5078 Ἐπιστολῆς
3492 5004 3700 5074 πρώτηςι

2453 5151 2470 5183 t
2513 5132 2676 5183 ’Ὢστε
2696 5171 2708 5191 ,
2747 5129 2908 5198 φησὶ,
2936 5128 3034 5198 τὴν
3064 5127 3243 5180 πίστιν
3278 5125 3430 5194 ὑμῶν
3462 5121 3546 5175 καὶ
3569 5100 3806 5171 ﬁnitimi”:

2376 5225 2455 5287 εἰς
2476 5222 2627 5275 Θεόν.
2654 5241 2670 5272 ι
2703 5222 2897 5275 Καίτοι
2921 5219 3152 5291 Χριστος
3181 5217 3501 5288 κηρύττεται
3524 5211 3600 5264 διὰ
3616 5205 3698 5259 τῶν
3711 5196 3807 5264 iii”

769 5407 814 5438 ³ο
839 5405 881 5462 Il
910 5407 1035 5464 Cor.
1070 5425 1110 5477 ι,
1139 5407 1193 5463 9.
1269 5409 1313 5443 ⁸¹
1343 5378 1507 5464 Ιίειηί
1539 5422 1600 5476 ιι,
1639 5407 1723 5462 Η.
1799 5407 1843 5437 ⁵³
1881 5403 2080 5458 lJoan.
2117 5420 2154 5469 I,
2182 5402 2230 5470 l,
2265 5401 2321 5455 2ο

1298 5378 1507 5464 ‘llebr:
1539 5422 1600 5476 ιι,
1639 5407 1723 5462 tt.
1799 5401 2321 5470 "lJoan.t,l,2.
2393 5398 2670 5454 "lPetr.
2706 5396 2870 5460 1.2!.

1751 5559 1924 5615 Varia:
1957 5559 2219 5615 lectiones
2245 5556 2447 5614 codicis
2478 5551 2856 5625 chuieriani.’

769 5723 796 5754 ι
827 5714 912 5768 Ζσ.
939 5714 1038 5779 τῷ.
