  <div class='ocr_page' id='page_1' title='image "/cluster/home/n/w/nwhite01/storage/ocr_20150623/76/nnc1.0046980067/670.png"; bbox 0 0 4000 6326; ppageno 0'>
   <div class='ocr_carea' id='block_1_1' title="bbox 226 384 358 440">
    <p class='ocr_par' dir='ltr' id='par_1_1' title="bbox 226 384 358 440">
     <span class='ocr_line' id='line_1_1' title="bbox 226 384 358 440; baseline 0 -1"><span class='ocrx_word' id='word_1_1' title='bbox 226 384 358 440; x_wconf 67' lang='grc'><strong>1285</strong></span> 
     </span>
    </p>
   </div>
   <div class='ocr_carea' id='block_1_2' title="bbox 1307 373 2341 435">
    <p class='ocr_par' dir='ltr' id='par_1_2' title="bbox 1307 373 2341 435">
     <span class='ocr_line' id='line_1_2' title="bbox 1307 373 2341 435; baseline -0.004 -1"><span class='ocrx_word' id='word_1_2' title='bbox 1307 380 1396 435; x_wconf 87' lang='lat' dir='ltr'><strong>DE</strong></span> <span class='ocrx_word' id='word_1_3' title='bbox 1432 377 1658 434; x_wconf 78' lang='lat' dir='ltr'><strong>RECTA</strong></span> <span class='ocrx_word' id='word_1_4' title='bbox 1699 376 1855 432; x_wconf 84' lang='lat' dir='ltr'><strong>FIDE</strong></span> <span class='ocrx_word' id='word_1_5' title='bbox 1893 375 1985 429; x_wconf 82' lang='lat' dir='ltr'><strong>AD</strong></span> <span class='ocrx_word' id='word_1_6' title='bbox 2025 373 2341 431; x_wconf 77' lang='lat' dir='ltr'><strong>REGINAS.</strong></span> 
     </span>
    </p>
   </div>
   <div class='ocr_carea' id='block_1_3' title="bbox 3327 373 3465 428">
    <p class='ocr_par' dir='ltr' id='par_1_3' title="bbox 3327 373 3465 428">
     <span class='ocr_line' id='line_1_3' title="bbox 3327 373 3465 428; baseline 0 0"><span class='ocrx_word' id='word_1_7' title='bbox 3327 373 3465 428; x_wconf 64' lang='lat'><strong>1286</strong></span> 
     </span>
    </p>
   </div>
   <div class='ocr_carea' id='block_1_4' title="bbox 227 485 1809 564">
    <p class='ocr_par' dir='ltr' id='par_1_4' title="bbox 227 488 1788 564">
     <span class='ocr_line' id='line_1_4' title="bbox 227 488 1788 564; baseline -0.005 -16"><span class='ocrx_word' id='word_1_8' title='bbox 227 492 530 548; x_wconf 76' lang='grc' dir='ltr'><strong>ἀποστόλων</strong></span> <span class='ocrx_word' id='word_1_9' title='bbox 550 508 564 524; x_wconf 83' lang='grc'><em>’</em></span> <span class='ocrx_word' id='word_1_10' title='bbox 597 493 692 547; x_wconf 75' lang='grc' dir='ltr'>καὶ</span> <span class='ocrx_word' id='word_1_11' title='bbox 713 493 872 556; x_wconf 75' lang='grc' dir='ltr'>αὐτὸς</span> <span class='ocrx_word' id='word_1_12' title='bbox 897 494 952 547; x_wconf 73' lang='grc' dir='ltr'><strong>δὲ</strong></span> <span class='ocrx_word' id='word_1_13' title='bbox 994 492 1096 546; x_wconf 85' lang='grc' dir='ltr'>πού</span> <span class='ocrx_word' id='word_1_14' title='bbox 1125 507 1288 564; x_wconf 81' lang='grc' dir='ltr'>φησιν</span> <span class='ocrx_word' id='word_1_15' title='bbox 1307 510 1322 526; x_wconf 81' lang='grc' dir='ltr'><strong><em>ο</em></strong></span> <span class='ocrx_word' id='word_1_16' title='bbox 1358 510 1377 542; x_wconf 80' lang='grc' dir='ltr'><strong>ι</strong></span> <span class='ocrx_word' id='word_1_17' title='bbox 1422 489 1616 560; x_wconf 79' lang='grc' dir='ltr'>Ἀμὴν,</span> <span class='ocrx_word' id='word_1_18' title='bbox 1641 488 1788 558; x_wconf 75' lang='grc' dir='ltr'>ἀμὴν</span> 
     </span>
    </p>
   </div>
   <div class='ocr_carea' id='block_1_5' title="bbox 1915 485 3462 564">
    <p class='ocr_par' dir='ltr' id='par_1_5' title="bbox 1921 485 3462 555">
     <span class='ocr_line' id='line_1_5' title="bbox 1921 485 3462 555; baseline 0.001 -17"><span class='ocrx_word' id='word_1_19' title='bbox 1921 501 2008 539; x_wconf 91' lang='lat' dir='ltr'><strong>mo</strong></span> <span class='ocrx_word' id='word_1_20' title='bbox 2039 486 2264 554; x_wconf 76' lang='lat' dir='ltr'><strong>ipsemet</strong></span> <span class='ocrx_word' id='word_1_21' title='bbox 2292 488 2362 540; x_wconf 89' lang='lat' dir='ltr'><strong>ita</strong></span> <span class='ocrx_word' id='word_1_22' title='bbox 2395 485 2471 540; x_wconf 90' lang='lat' dir='ltr'><strong>ait</strong></span> <span class='ocrx_word' id='word_1_23' title='bbox 2506 503 2520 541; x_wconf 86' lang='lat'><strong>:</strong></span> <span class='ocrx_word' id='word_1_24' title='bbox 2565 507 2582 539; x_wconf 82' lang='grc' dir='ltr'><strong>ι</strong></span> <span class='ocrx_word' id='word_1_25' title='bbox 2621 488 2813 553; x_wconf 78' lang='lat' dir='ltr'><strong>Amen,</strong></span> <span class='ocrx_word' id='word_1_26' title='bbox 2847 502 3002 540; x_wconf 85' lang='lat' dir='ltr'><strong>amen</strong></span> <span class='ocrx_word' id='word_1_27' title='bbox 3035 487 3155 541; x_wconf 83' lang='lat' dir='ltr'><strong>dico</strong></span> <span class='ocrx_word' id='word_1_28' title='bbox 3187 487 3342 542; x_wconf 83' lang='lat' dir='ltr'><strong>vobis</strong></span> <span class='ocrx_word' id='word_1_29' title='bbox 3373 488 3462 555; x_wconf 88' lang='lat' dir='ltr'><strong>qui</strong></span> 
     </span>
    </p>
   </div>
   <div class='ocr_carea' id='block_1_6' title="bbox 228 580 1782 656">
    <p class='ocr_par' dir='ltr' id='par_1_6' title="bbox 228 580 1782 656">
     <span class='ocr_line' id='line_1_6' title="bbox 228 580 1782 656; baseline -0.008 -16"><span class='ocrx_word' id='word_1_30' title='bbox 228 590 362 654; x_wconf 82' lang='grc' dir='ltr'>λέγω</span> <span class='ocrx_word' id='word_1_31' title='bbox 393 587 541 656; x_wconf 84' lang='grc' dir='ltr'>ὑμῖν,</span> <span class='ocrx_word' id='word_1_32' title='bbox 574 587 604 638; x_wconf 89' lang='grc' dir='ltr'><strong>ὁ</strong></span> <span class='ocrx_word' id='word_1_33' title='bbox 632 586 902 640; x_wconf 80' lang='grc' dir='ltr'>πιστεύων</span> <span class='ocrx_word' id='word_1_34' title='bbox 933 587 1013 648; x_wconf 80' lang='grc' dir='ltr'><strong>εἰς</strong></span> <span class='ocrx_word' id='word_1_35' title='bbox 1040 585 1063 636; x_wconf 81' lang='grc' dir='ltr'>ὲ</span> <span class='ocrx_word' id='word_1_36' title='bbox 1073 586 1162 654; x_wconf 84' lang='grc' dir='ltr'><strong>μὲ,</strong></span> <span class='ocrx_word' id='word_1_37' title='bbox 1187 584 1297 654; x_wconf 78' lang='grc' dir='ltr'>ἔχει</span> <span class='ocrx_word' id='word_1_38' title='bbox 1323 583 1469 652; x_wconf 80' lang='grc' dir='ltr'>ζωὴν</span> <span class='ocrx_word' id='word_1_39' title='bbox 1498 580 1738 634; x_wconf 77' lang='grc' dir='ltr'>αἰώνιον.</span> <span class='ocrx_word' id='word_1_40' title='bbox 1765 597 1782 628; x_wconf 78' lang='grc' dir='ltr'><strong>ι</strong></span> 
     </span>
    </p>
   </div>
   <div class='ocr_carea' id='block_1_7' title="bbox 231 673 1788 746">
    <p class='ocr_par' dir='ltr' id='par_1_7' title="bbox 231 673 1788 746">
     <span class='ocr_line' id='line_1_7' title="bbox 231 673 1788 746; baseline -0.003 -17"><span class='ocrx_word' id='word_1_41' title='bbox 231 679 352 729; x_wconf 85' lang='grc' dir='ltr'><strong>Ὅτε</strong></span> <span class='ocrx_word' id='word_1_42' title='bbox 404 677 583 730; x_wconf 82' lang='grc' dir='ltr'>τοίνυν</span> <span class='ocrx_word' id='word_1_43' title='bbox 629 679 710 739; x_wconf 79' lang='grc' dir='ltr'>εἰς</span> <span class='ocrx_word' id='word_1_44' title='bbox 744 677 876 730; x_wconf 87' lang='grc' dir='ltr'>Θεὸν</span> <span class='ocrx_word' id='word_1_45' title='bbox 907 678 940 746; x_wconf 81' lang='grc' dir='ltr'><strong>ἡ</strong></span> <span class='ocrx_word' id='word_1_46' title='bbox 972 676 1187 739; x_wconf 79' lang='grc' dir='ltr'><strong>πίστις,</strong></span> <span class='ocrx_word' id='word_1_47' title='bbox 1232 673 1470 744; x_wconf 81' lang='grc' dir='ltr'><strong>Χριστοῦ</strong></span> <span class='ocrx_word' id='word_1_48' title='bbox 1516 673 1788 740; x_wconf 81' lang='grc' dir='ltr'>λέγοντος,</span> 
     </span>
    </p>
   </div>
   <div class='ocr_carea' id='block_1_8' title="bbox 233 761 1788 836">
    <p class='ocr_par' dir='ltr' id='par_1_8' title="bbox 233 761 1788 836">
     <span class='ocr_line' id='line_1_8' title="bbox 233 761 1788 836; baseline -0.005 -18"><span class='ocrx_word' id='word_1_49' title='bbox 233 787 248 818; x_wconf 80' lang='grc' dir='ltr'><strong>ι</strong></span> <span class='ocrx_word' id='word_1_50' title='bbox 273 766 359 830; x_wconf 80' lang='grc' dir='ltr'><strong>Εἰς</strong></span> <span class='ocrx_word' id='word_1_51' title='bbox 396 766 495 836; x_wconf 82' lang='grc' dir='ltr'><strong>ὲμὲ</strong></span> <span class='ocrx_word' id='word_1_52' title='bbox 529 765 845 818; x_wconf 86' lang='grc' dir='ltr'>πιστεύετε·</span> <span class='ocrx_word' id='word_1_53' title='bbox 883 784 901 815; x_wconf 77' lang='grc' dir='ltr'><strong>ι</strong></span> <span class='ocrx_word' id='word_1_54' title='bbox 937 763 1053 826; x_wconf 85' lang='grc' dir='ltr'><strong>πῶς</strong></span> <span class='ocrx_word' id='word_1_55' title='bbox 1082 764 1182 816; x_wconf 74' lang='grc' dir='ltr'><strong>οὐκ</strong></span> <span class='ocrx_word' id='word_1_56' title='bbox 1223 762 1288 816; x_wconf 85' lang='grc' dir='ltr'>ἂν</span> <span class='ocrx_word' id='word_1_57' title='bbox 1333 761 1417 831; x_wconf 78' lang='grc' dir='ltr'>εἴη</span> <span class='ocrx_word' id='word_1_58' title='bbox 1463 761 1595 824; x_wconf 86' lang='grc' dir='ltr'>Θεὸς</span> <span class='ocrx_word' id='word_1_59' title='bbox 1629 761 1788 828; x_wconf 80' lang='grc' dir='ltr'>ἐναρ-</span> 
     </span>
    </p>
   </div>
   <div class='ocr_carea' id='block_1_9' title="bbox 226 859 357 926">
    <p class='ocr_par' dir='ltr' id='par_1_9' title="bbox 226 859 357 926">
     <span class='ocr_line' id='line_1_9' title="bbox 226 859 357 926; baseline -0.023 -1"><span class='ocrx_word' id='word_1_60' title='bbox 226 859 357 926; x_wconf 76' lang='grc' dir='ltr'>γῶςς</span> 
     </span>
    </p>
   </div>
   <div class='ocr_carea' id='block_1_10' title="bbox 397 960 1648 1036">
    <p class='ocr_par' dir='ltr' id='par_1_10' title="bbox 397 960 1648 1036">
     <span class='ocr_line' id='line_1_10' title="bbox 397 960 1648 1036; baseline -0.006 -14"><span class='ocrx_word' id='word_1_61' title='bbox 397 969 498 1023; x_wconf 80' lang='grc' dir='ltr'>Ἐκ</span> <span class='ocrx_word' id='word_1_62' title='bbox 536 966 646 1036; x_wconf 78' lang='grc' dir='ltr'>τῆς</span> <span class='ocrx_word' id='word_1_63' title='bbox 674 967 910 1035; x_wconf 80' lang='grc' dir='ltr'>πρώτης</span> <span class='ocrx_word' id='word_1_64' title='bbox 945 965 1224 1020; x_wconf 75' lang='grc' dir='ltr'><strong>Ἰωάννου</strong></span> <span class='ocrx_word' id='word_1_65' title='bbox 1269 960 1648 1031; x_wconf 68' lang='grc' dir='ltr'>Ἐπιστολῆς.</span> 
     </span>
    </p>
   </div>
   <div class='ocr_carea' id='block_1_11' title="bbox 297 1075 1790 1151">
    <p class='ocr_par' dir='ltr' id='par_1_11' title="bbox 297 1075 1790 1151">
     <span class='ocr_line' id='line_1_11' title="bbox 297 1075 1790 1151; baseline -0.003 -20"><span class='ocrx_word' id='word_1_66' title='bbox 297 1100 318 1131; x_wconf 69' lang='grc' dir='ltr'><strong>ι</strong></span> <span class='ocrx_word' id='word_1_67' title='bbox 356 1082 464 1134; x_wconf 78' lang='grc' dir='ltr'><strong>Καὶ</strong></span> <span class='ocrx_word' id='word_1_68' title='bbox 496 1079 634 1151; x_wconf 83' lang='grc' dir='ltr'>αῦτη</span> <span class='ocrx_word' id='word_1_69' title='bbox 660 1080 809 1133; x_wconf 75' lang='grc' dir='ltr'>ἐστὶν</span> <span class='ocrx_word' id='word_1_70' title='bbox 839 1081 872 1150; x_wconf 76' lang='grc' dir='ltr'><strong>ἡ</strong></span> <span class='ocrx_word' id='word_1_71' title='bbox 908 1077 1094 1148; x_wconf 78' lang='grc' dir='ltr'>ἐντολὴ</span> <span class='ocrx_word' id='word_1_72' title='bbox 1121 1077 1310 1140; x_wconf 82' lang='grc' dir='ltr'>αὐτοῦ,</span> <span class='ocrx_word' id='word_1_73' title='bbox 1337 1077 1423 1130; x_wconf 85' lang='grc' dir='ltr'><strong>ἴνα</strong></span> <span class='ocrx_word' id='word_1_74' title='bbox 1443 1075 1790 1144; x_wconf 80' lang='grc' dir='ltr'><strong>πιστεύωμεν</strong></span> 
     </span>
    </p>
   </div>
   <div class='ocr_carea' id='block_1_12' title="bbox 227 1163 1789 1242">
    <p class='ocr_par' dir='ltr' id='par_1_12' title="bbox 227 1163 1789 1242">
     <span class='ocr_line' id='line_1_12' title="bbox 227 1163 1789 1242; baseline -0.007 -18"><span class='ocrx_word' id='word_1_75' title='bbox 227 1171 299 1242; x_wconf 82' lang='grc' dir='ltr'>τῷ</span> <span class='ocrx_word' id='word_1_76' title='bbox 323 1170 544 1241; x_wconf 80' lang='grc' dir='ltr'>ὀνόματι</span> <span class='ocrx_word' id='word_1_77' title='bbox 571 1169 666 1222; x_wconf 89' lang='grc' dir='ltr'><strong>τοῦ</strong></span> <span class='ocrx_word' id='word_1_78' title='bbox 693 1168 824 1222; x_wconf 85' lang='grc' dir='ltr'>Υἱοῦ</span> <span class='ocrx_word' id='word_1_79' title='bbox 857 1167 1022 1221; x_wconf 82' lang='grc' dir='ltr'>αὑτοῦ</span> <span class='ocrx_word' id='word_1_80' title='bbox 1061 1166 1235 1238; x_wconf 82' lang='grc' dir='ltr'>Ἰησοῦ</span> <span class='ocrx_word' id='word_1_81' title='bbox 1265 1163 1520 1237; x_wconf 84' lang='grc' dir='ltr'>Χριστοῦ.</span> <span class='ocrx_word' id='word_1_82' title='bbox 1561 1182 1578 1214; x_wconf 75' lang='grc' dir='ltr'><strong>ι</strong></span> <span class='ocrx_word' id='word_1_83' title='bbox 1612 1163 1676 1215; x_wconf 78' lang='lat' dir='ltr'><strong>Ei</strong></span> <span class='ocrx_word' id='word_1_84' title='bbox 1715 1163 1789 1242; x_wconf 83' lang='grc' dir='ltr'>μὴ</span> 
     </span>
    </p>
   </div>
   <div class='ocr_carea' id='block_1_13' title="bbox 229 1240 1792 1332">
    <p class='ocr_par' dir='ltr' id='par_1_13' title="bbox 229 1240 1792 1332">
     <span class='ocr_line' id='line_1_13' title="bbox 229 1240 1792 1332; baseline -0.007 -17"><span class='ocrx_word' id='word_1_85' title='bbox 229 1240 545 1332; x_wconf 78' lang='grc' dir='ltr'>ἀνεθέλητόν</span> <span class='ocrx_word' id='word_1_86' title='bbox 587 1261 706 1313; x_wconf 85' lang='grc' dir='ltr'>ἐστι</span> <span class='ocrx_word' id='word_1_87' title='bbox 742 1259 820 1330; x_wconf 83' lang='grc' dir='ltr'><strong>τῷ</strong></span> <span class='ocrx_word' id='word_1_88' title='bbox 873 1259 991 1329; x_wconf 87' lang='grc' dir='ltr'>Θεῷ</span> <span class='ocrx_word' id='word_1_89' title='bbox 1042 1260 1136 1312; x_wconf 74' lang='grc' dir='ltr'><strong>καὶ</strong></span> <span class='ocrx_word' id='word_1_90' title='bbox 1185 1257 1360 1328; x_wconf 72' lang='grc' dir='ltr'>Πατρὶ</span> <span class='ocrx_word' id='word_1_91' title='bbox 1407 1255 1467 1308; x_wconf 92' lang='grc' dir='ltr'><strong>τὸ</strong></span> <span class='ocrx_word' id='word_1_92' title='bbox 1516 1240 1792 1308; x_wconf 48' lang='lat' dir='ltr'><strong>messim</strong></span> 
     </span>
    </p>
   </div>
   <div class='ocr_carea' id='block_1_14' title="bbox 227 1347 1787 1426">
    <p class='ocr_par' dir='ltr' id='par_1_14' title="bbox 227 1347 1787 1426">
     <span class='ocr_line' id='line_1_14' title="bbox 227 1347 1787 1426; baseline -0.006 -18"><span class='ocrx_word' id='word_1_93' title='bbox 227 1356 370 1426; x_wconf 75' lang='grc' dir='ltr'>ἡμᾶς</span> <span class='ocrx_word' id='word_1_94' title='bbox 407 1356 486 1417; x_wconf 88' lang='grc' dir='ltr'><strong>είς</strong></span> <span class='ocrx_word' id='word_1_95' title='bbox 511 1354 573 1407; x_wconf 89' lang='grc' dir='ltr'><strong>τὸ</strong></span> <span class='ocrx_word' id='word_1_96' title='bbox 598 1353 779 1423; x_wconf 73' lang='grc' dir='ltr'>³δνομα</span> <span class='ocrx_word' id='word_1_97' title='bbox 809 1352 903 1405; x_wconf 86' lang='grc' dir='ltr'><strong>τοῦ</strong></span> <span class='ocrx_word' id='word_1_98' title='bbox 938 1352 1070 1405; x_wconf 83' lang='grc' dir='ltr'>Υἱοῦ</span> <span class='ocrx_word' id='word_1_99' title='bbox 1101 1351 1266 1404; x_wconf 78' lang='grc' dir='ltr'>αὑτοῦ</span> <span class='ocrx_word' id='word_1_100' title='bbox 1308 1348 1482 1420; x_wconf 91' lang='grc' dir='ltr'>Ἰησοῦ</span> <span class='ocrx_word' id='word_1_101' title='bbox 1514 1347 1752 1418; x_wconf 76' lang='grc' dir='ltr'>Χριστοῦ</span> <span class='ocrx_word' id='word_1_102' title='bbox 1775 1364 1787 1377; x_wconf 91' lang='grc'><strong>·</strong></span> 
     </span>
    </p>
   </div>
   <div class='ocr_carea' id='block_1_15' title="bbox 230 1440 1793 1520">
    <p class='ocr_par' dir='ltr' id='par_1_15' title="bbox 230 1440 1793 1520">
     <span class='ocr_line' id='line_1_15' title="bbox 230 1440 1793 1520; baseline -0.001 -18"><span class='ocrx_word' id='word_1_103' title='bbox 230 1449 519 1520; x_wconf 83' lang='grc' dir='ltr'>πράττεται</span> <span class='ocrx_word' id='word_1_104' title='bbox 565 1447 621 1500; x_wconf 83' lang='grc' dir='ltr'><strong>δὲ</strong></span> <span class='ocrx_word' id='word_1_105' title='bbox 662 1447 758 1500; x_wconf 74' lang='grc' dir='ltr'><strong>καὶ</strong></span> <span class='ocrx_word' id='word_1_106' title='bbox 791 1447 921 1517; x_wconf 84' lang='grc' dir='ltr'>παρ’</span> <span class='ocrx_word' id='word_1_107' title='bbox 951 1444 1108 1516; x_wconf 73' lang='grc' dir='ltr'>ἡμῶν</span> <span class='ocrx_word' id='word_1_108' title='bbox 1139 1445 1172 1513; x_wconf 84' lang='grc' dir='ltr'>ἡ</span> <span class='ocrx_word' id='word_1_109' title='bbox 1212 1442 1422 1507; x_wconf 76' lang='grc' dir='ltr'>πίστις,</span> <span class='ocrx_word' id='word_1_110' title='bbox 1450 1441 1548 1510; x_wconf 78' lang='grc' dir='ltr'><strong>οὐχ</strong></span> <span class='ocrx_word' id='word_1_111' title='bbox 1589 1440 1664 1502; x_wconf 80' lang='grc' dir='ltr'><strong>ὡς</strong></span> <span class='ocrx_word' id='word_1_112' title='bbox 1713 1441 1793 1501; x_wconf 81' lang='grc' dir='ltr'><strong>εἰς</strong></span> 
     </span>
    </p>
   </div>
   <div class='ocr_carea' id='block_1_16' title="bbox 227 1530 1790 1611">
    <p class='ocr_par' dir='ltr' id='par_1_16' title="bbox 227 1530 1790 1611">
     <span class='ocr_line' id='line_1_16' title="bbox 227 1530 1790 1611; baseline -0.008 -17"><span class='ocrx_word' id='word_1_113' title='bbox 227 1540 510 1611; x_wconf 74' lang='grc' dir='ltr'>ἄνθρωπον</span> <span class='ocrx_word' id='word_1_114' title='bbox 541 1537 726 1600; x_wconf 81' lang='grc' dir='ltr'>ἁπλῶς</span> <span class='ocrx_word' id='word_1_115' title='bbox 745 1577 761 1602; x_wconf 90' lang='grc'><strong>,</strong></span> <span class='ocrx_word' id='word_1_116' title='bbox 793 1537 907 1590; x_wconf 86' lang='grc' dir='ltr'>ἀλλ’</span> <span class='ocrx_word' id='word_1_117' title='bbox 940 1536 1016 1598; x_wconf 81' lang='grc' dir='ltr'>ὡς</span> <span class='ocrx_word' id='word_1_118' title='bbox 1040 1537 1121 1599; x_wconf 85' lang='grc' dir='ltr'><strong>είς</strong></span> <span class='ocrx_word' id='word_1_119' title='bbox 1150 1534 1282 1587; x_wconf 89' lang='grc' dir='ltr'>Θεὸν</span> <span class='ocrx_word' id='word_1_120' title='bbox 1319 1532 1498 1597; x_wconf 74' lang='grc' dir='ltr'>ξῶντσ.</span> <span class='ocrx_word' id='word_1_121' title='bbox 1530 1533 1624 1586; x_wconf 70' lang='grc' dir='ltr'><strong>καὶ</strong></span> <span class='ocrx_word' id='word_1_122' title='bbox 1658 1530 1790 1601; x_wconf 82' lang='grc' dir='ltr'>ἁλη-</span> 
     </span>
    </p>
   </div>
   <div class='ocr_carea' id='block_1_17' title="bbox 224 1629 984 1700">
    <p class='ocr_par' dir='ltr' id='par_1_17' title="bbox 224 1629 984 1700">
     <span class='ocr_line' id='line_1_17' title="bbox 224 1629 984 1700; baseline -0.004 -15"><span class='ocrx_word' id='word_1_123' title='bbox 224 1632 397 1685; x_wconf 78' lang='grc' dir='ltr'>θινόν·</span> <span class='ocrx_word' id='word_1_124' title='bbox 433 1630 565 1692; x_wconf 91' lang='grc' dir='ltr'>Θεὸς</span> <span class='ocrx_word' id='word_1_125' title='bbox 589 1629 694 1700; x_wconf 79' lang='grc' dir='ltr'>ἄρα</span> <span class='ocrx_word' id='word_1_126' title='bbox 730 1629 984 1699; x_wconf 83' lang='grc' dir='ltr'>Χριστός.</span> 
     </span>
    </p>
   </div>
   <div class='ocr_carea' id='block_1_18' title="bbox 301 1715 1792 1794">
    <p class='ocr_par' dir='ltr' id='par_1_18' title="bbox 301 1715 1792 1794">
     <span class='ocr_line' id='line_1_18' title="bbox 301 1715 1792 1794; baseline -0.005 -20"><span class='ocrx_word' id='word_1_127' title='bbox 301 1741 319 1774; x_wconf 75' lang='grc' dir='ltr'><strong>ι</strong></span> <span class='ocrx_word' id='word_1_128' title='bbox 343 1723 431 1775; x_wconf 86' lang='grc' dir='ltr'><strong>Ἐν</strong></span> <span class='ocrx_word' id='word_1_129' title='bbox 457 1723 632 1794; x_wconf 85' lang='grc' dir='ltr'>τούτῳ</span> <span class='ocrx_word' id='word_1_130' title='bbox 662 1721 986 1789; x_wconf 80' lang='grc' dir='ltr'>γινώσκεται</span> <span class='ocrx_word' id='word_1_131' title='bbox 1016 1718 1075 1772; x_wconf 89' lang='grc' dir='ltr'><strong>τὸ</strong></span> <span class='ocrx_word' id='word_1_132' title='bbox 1109 1719 1334 1788; x_wconf 82' lang='grc' dir='ltr'>Πνεῦμα</span> <span class='ocrx_word' id='word_1_133' title='bbox 1363 1718 1455 1771; x_wconf 91' lang='grc' dir='ltr'><strong>τοῦ</strong></span> <span class='ocrx_word' id='word_1_134' title='bbox 1487 1715 1620 1769; x_wconf 80' lang='grc' dir='ltr'>Θεοῦ</span> <span class='ocrx_word' id='word_1_135' title='bbox 1641 1732 1652 1744; x_wconf 92' lang='grc'>·</span> <span class='ocrx_word' id='word_1_136' title='bbox 1679 1716 1792 1768; x_wconf 84' lang='grc' dir='ltr'><strong>πᾶν</strong></span> 
     </span>
    </p>
   </div>
   <div class='ocr_carea' id='block_1_19' title="bbox 1892 578 3466 645">
    <p class='ocr_par' dir='ltr' id='par_1_19' title="bbox 1892 578 3466 645">
     <span class='ocr_line' id='line_1_19' title="bbox 1892 578 3466 645; baseline -0.003 -13"><span class='ocrx_word' id='word_1_137' title='bbox 1892 581 2060 633; x_wconf 88' lang='lat' dir='ltr'><strong>credit</strong></span> <span class='ocrx_word' id='word_1_138' title='bbox 2092 579 2144 632; x_wconf 93' lang='lat' dir='ltr'><strong>in</strong></span> <span class='ocrx_word' id='word_1_139' title='bbox 2177 596 2282 644; x_wconf 88' lang='lat' dir='ltr'><strong>me,</strong></span> <span class='ocrx_word' id='word_1_140' title='bbox 2313 579 2474 633; x_wconf 88' lang='lat' dir='ltr'><strong>habet</strong></span> <span class='ocrx_word' id='word_1_141' title='bbox 2522 580 2685 632; x_wconf 88' lang='lat' dir='ltr'><strong>vitam</strong></span> <span class='ocrx_word' id='word_1_142' title='bbox 2730 578 3076 632; x_wconf 71' lang='lat' dir='ltr'><strong>zelen-nam”.</strong></span> <span class='ocrx_word' id='word_1_143' title='bbox 3113 597 3131 628; x_wconf 76' lang='grc' dir='ltr'><strong>ι</strong></span> <span class='ocrx_word' id='word_1_144' title='bbox 3164 578 3294 632; x_wconf 89' lang='lat' dir='ltr'><strong>Cum</strong></span> <span class='ocrx_word' id='word_1_145' title='bbox 3337 593 3466 645; x_wconf 74' lang='lat' dir='ltr'><strong>ergo</strong></span> 
     </span>
    </p>
   </div>
   <div class='ocr_carea' id='block_1_20' title="bbox 1893 669 3465 735">
    <p class='ocr_par' dir='ltr' id='par_1_20' title="bbox 1893 669 3465 735">
     <span class='ocr_line' id='line_1_20' title="bbox 1893 669 3465 735; baseline -0.003 -10"><span class='ocrx_word' id='word_1_146' title='bbox 1893 672 2024 725; x_wconf 81' lang='lat' dir='ltr'><strong>ﬁdes</strong></span> <span class='ocrx_word' id='word_1_147' title='bbox 2064 670 2115 725; x_wconf 91' lang='lat' dir='ltr'><strong>in</strong></span> <span class='ocrx_word' id='word_1_148' title='bbox 2165 669 2332 724; x_wconf 85' lang='lat' dir='ltr'><strong>Deum</strong></span> <span class='ocrx_word' id='word_1_149' title='bbox 2378 671 2605 735; x_wconf 77' lang='lat' dir='ltr'><strong>feratur,</strong></span> <span class='ocrx_word' id='word_1_150' title='bbox 2647 681 2699 724; x_wconf 85' lang='lat' dir='ltr'><strong>et</strong></span> <span class='ocrx_word' id='word_1_151' title='bbox 2745 671 3016 732; x_wconf 74' lang='lat' dir='ltr'><strong>Christus,</strong></span> <span class='ocrx_word' id='word_1_152' title='bbox 3052 689 3070 721; x_wconf 77' lang='grc' dir='ltr'><strong>ι</strong></span> <span class='ocrx_word' id='word_1_153' title='bbox 3114 669 3169 723; x_wconf 89' lang='lat' dir='ltr'><strong>ln</strong></span> <span class='ocrx_word' id='word_1_154' title='bbox 3222 686 3305 721; x_wconf 87' lang='lat' dir='ltr'><strong>me</strong></span> <span class='ocrx_word' id='word_1_155' title='bbox 3339 685 3465 722; x_wconf 83' lang='lat' dir='ltr'><strong>cre-</strong></span> 
     </span>
    </p>
   </div>
   <div class='ocr_carea' id='block_1_21' title="bbox 1891 760 3504 831">
    <p class='ocr_par' dir='ltr' id='par_1_21' title="bbox 1891 760 3504 831">
     <span class='ocr_line' id='line_1_21' title="bbox 1891 760 3504 831; baseline 0.001 -17"><span class='ocrx_word' id='word_1_156' title='bbox 1891 763 2020 822; x_wconf 84' lang='lat' dir='ltr'><strong>dite,</strong></span> <span class='ocrx_word' id='word_1_157' title='bbox 2060 781 2078 812; x_wconf 82' lang='grc' dir='ltr'><strong>ι</strong></span> <span class='ocrx_word' id='word_1_158' title='bbox 2103 760 2248 814; x_wconf 88' lang='lat' dir='ltr'><strong>dicat</strong></span> <span class='ocrx_word' id='word_1_159' title='bbox 2271 781 2284 816; x_wconf 89' lang='lat'><strong>:</strong></span> <span class='ocrx_word' id='word_1_160' title='bbox 2306 763 2578 830; x_wconf 88' lang='lat' dir='ltr'><strong>quomodo</strong></span> <span class='ocrx_word' id='word_1_161' title='bbox 2612 762 2827 831; x_wconf 82' lang='lat' dir='ltr'><strong>planum</strong></span> <span class='ocrx_word' id='word_1_162' title='bbox 2863 780 2966 814; x_wconf 88' lang='lat' dir='ltr'><strong>non</strong></span> <span class='ocrx_word' id='word_1_163' title='bbox 2997 775 3098 826; x_wconf 83' lang='lat' dir='ltr'><strong>est,</strong></span> <span class='ocrx_word' id='word_1_164' title='bbox 3138 761 3310 830; x_wconf 86' lang='lat' dir='ltr'><strong>ipsum</strong></span> <span class='ocrx_word' id='word_1_165' title='bbox 3340 775 3462 814; x_wconf 78' lang='lat' dir='ltr'><strong>esse</strong></span> <span class='ocrx_word' id='word_1_166' title='bbox 3497 782 3504 787; x_wconf 53' lang='grc' dir='ltr'>θ</span> 
     </span>
    </p>
   </div>
   <div class='ocr_carea' id='block_1_22' title="bbox 1894 852 2099 906">
    <p class='ocr_par' dir='ltr' id='par_1_22' title="bbox 1894 852 2099 906">
     <span class='ocr_line' id='line_1_22' title="bbox 1894 852 2099 906; baseline -0.015 0"><span class='ocrx_word' id='word_1_167' title='bbox 1894 852 2099 906; x_wconf 85' lang='lat' dir='ltr'><strong>Deum?</strong></span> 
     </span>
    </p>
   </div>
   <div class='ocr_carea' id='block_1_23' title="bbox 2257 959 3114 1031">
    <p class='ocr_par' dir='ltr' id='par_1_23' title="bbox 2257 959 3114 1031">
     <span class='ocr_line' id='line_1_23' title="bbox 2257 959 3114 1031; baseline 0.002 -18"><span class='ocrx_word' id='word_1_168' title='bbox 2257 959 2338 1013; x_wconf 77' lang='lat' dir='ltr'><strong>Ea:</strong></span> <span class='ocrx_word' id='word_1_169' title='bbox 2375 959 2614 1030; x_wconf 83' lang='lat' dir='ltr'><strong>Epislola</strong></span> <span class='ocrx_word' id='word_1_170' title='bbox 2661 964 2829 1031; x_wconf 77' lang='lat' dir='ltr'><strong>primo</strong></span> <span class='ocrx_word' id='word_1_171' title='bbox 2869 959 3114 1016; x_wconf 79' lang='lat' dir='ltr'><strong>Joannis.</strong></span> 
     </span>
    </p>
   </div>
   <div class='ocr_carea' id='block_1_24' title="bbox 1971 1076 3464 1144">
    <p class='ocr_par' dir='ltr' id='par_1_24' title="bbox 1971 1076 3464 1144">
     <span class='ocr_line' id='line_1_24' title="bbox 1971 1076 3464 1144; baseline -0.002 -15"><span class='ocrx_word' id='word_1_172' title='bbox 1971 1097 1990 1129; x_wconf 87' lang='grc'><strong><em>‹</em></strong></span> <span class='ocrx_word' id='word_1_173' title='bbox 2035 1078 2097 1130; x_wconf 81' lang='lat' dir='ltr'><strong>Et</strong></span> <span class='ocrx_word' id='word_1_174' title='bbox 2144 1077 2246 1130; x_wconf 88' lang='lat' dir='ltr'><strong>hoc</strong></span> <span class='ocrx_word' id='word_1_175' title='bbox 2297 1086 2383 1130; x_wconf 90' lang='lat' dir='ltr'><strong>est</strong></span> <span class='ocrx_word' id='word_1_176' title='bbox 2423 1078 2734 1130; x_wconf 88' lang='lat' dir='ltr'><strong>mandatum</strong></span> <span class='ocrx_word' id='word_1_177' title='bbox 2777 1077 2912 1144; x_wconf 78' lang='lat' dir='ltr'><strong>rjus.</strong></span> <span class='ocrx_word' id='word_1_178' title='bbox 2959 1088 3016 1129; x_wconf 92' lang='lat' dir='ltr'><strong>ut</strong></span> <span class='ocrx_word' id='word_1_179' title='bbox 3080 1077 3364 1130; x_wconf 80' lang='lat' dir='ltr'><strong>credamus</strong></span> <span class='ocrx_word' id='word_1_180' title='bbox 3410 1076 3464 1129; x_wconf 92' lang='lat' dir='ltr'><strong>in</strong></span> 
     </span>
    </p>
   </div>
   <div class='ocr_carea' id='block_1_25' title="bbox 1894 1167 3470 1236">
    <p class='ocr_par' dir='ltr' id='par_1_25' title="bbox 1894 1167 3470 1236">
     <span class='ocr_line' id='line_1_25' title="bbox 1894 1167 3470 1236; baseline -0.003 -13"><span class='ocrx_word' id='word_1_181' title='bbox 1894 1169 2114 1224; x_wconf 82' lang='lat' dir='ltr'><strong>nomine</strong></span> <span class='ocrx_word' id='word_1_182' title='bbox 2150 1167 2270 1224; x_wconf 88' lang='lat' dir='ltr'><strong>Filii</strong></span> <span class='ocrx_word' id='word_1_183' title='bbox 2326 1167 2441 1236; x_wconf 80' lang='lat' dir='ltr'><strong>ejus</strong></span> <span class='ocrx_word' id='word_1_184' title='bbox 2486 1167 2612 1222; x_wconf 81' lang='lat' dir='ltr'><strong>Jesu</strong></span> <span class='ocrx_word' id='word_1_185' title='bbox 2645 1167 2846 1223; x_wconf 92' lang='lat' dir='ltr'><strong>Christi</strong></span> <span class='ocrx_word' id='word_1_186' title='bbox 2879 1169 2947 1221; x_wconf 83' lang='grc'>⁵⁸.</span> <span class='ocrx_word' id='word_1_187' title='bbox 2982 1188 3002 1220; x_wconf 74' lang='grc' dir='ltr'><strong>ι</strong></span> <span class='ocrx_word' id='word_1_188' title='bbox 3029 1168 3082 1222; x_wconf 88' lang='lat' dir='ltr'><strong>Si</strong></span> <span class='ocrx_word' id='word_1_189' title='bbox 3107 1184 3137 1220; x_wconf 85' lang='lat' dir='ltr'><strong>a</strong></span> <span class='ocrx_word' id='word_1_190' title='bbox 3168 1168 3262 1222; x_wconf 82' lang='lat' dir='ltr'><strong>Dei</strong></span> <span class='ocrx_word' id='word_1_191' title='bbox 3289 1167 3470 1221; x_wconf 77' lang='lat' dir='ltr'><strong>Patris</strong></span> 
     </span>
    </p>
   </div>
   <div class='ocr_carea' id='block_1_26' title="bbox 1893 1258 3468 1334">
    <p class='ocr_par' dir='ltr' id='par_1_26' title="bbox 1893 1258 3468 1334">
     <span class='ocr_line' id='line_1_26' title="bbox 1893 1258 3468 1334; baseline -0.001 -21"><span class='ocrx_word' id='word_1_192' title='bbox 1893 1263 2173 1334; x_wconf 78' lang='lat' dir='ltr'><strong>voluntate</strong></span> <span class='ocrx_word' id='word_1_193' title='bbox 2198 1264 2432 1316; x_wconf 89' lang='lat' dir='ltr'><strong>alienum</strong></span> <span class='ocrx_word' id='word_1_194' title='bbox 2466 1276 2572 1314; x_wconf 86' lang='lat' dir='ltr'><strong>non</strong></span> <span class='ocrx_word' id='word_1_195' title='bbox 2608 1270 2711 1323; x_wconf 90' lang='lat' dir='ltr'><strong>est,</strong></span> <span class='ocrx_word' id='word_1_196' title='bbox 2744 1272 2804 1313; x_wconf 90' lang='lat' dir='ltr'><strong>ut</strong></span> <span class='ocrx_word' id='word_1_197' title='bbox 2841 1262 2894 1314; x_wconf 88' lang='lat' dir='ltr'><strong>in</strong></span> <span class='ocrx_word' id='word_1_198' title='bbox 2945 1261 3160 1314; x_wconf 74' lang='lat' dir='ltr'><strong>neniine</strong></span> <span class='ocrx_word' id='word_1_199' title='bbox 3205 1259 3324 1314; x_wconf 87' lang='lat' dir='ltr'><strong>Filii</strong></span> <span class='ocrx_word' id='word_1_200' title='bbox 3353 1258 3468 1328; x_wconf 84' lang='lat' dir='ltr'><strong>ejus</strong></span> 
     </span>
    </p>
   </div>
   <div class='ocr_carea' id='block_1_27' title="bbox 1891 1349 3466 1417">
    <p class='ocr_par' dir='ltr' id='par_1_27' title="bbox 1891 1349 3466 1417">
     <span class='ocr_line' id='line_1_27' title="bbox 1891 1349 3466 1417; baseline -0.002 -11"><span class='ocrx_word' id='word_1_201' title='bbox 1891 1351 2016 1407; x_wconf 61' lang='lat' dir='ltr'><strong>Jt-su</strong></span> <span class='ocrx_word' id='word_1_202' title='bbox 2051 1352 2253 1408; x_wconf 86' lang='lat' dir='ltr'><strong>Christi</strong></span> <span class='ocrx_word' id='word_1_203' title='bbox 2320 1353 2641 1417; x_wconf 86' lang='lat' dir='ltr'><strong>credamus;</strong></span> <span class='ocrx_word' id='word_1_204' title='bbox 2670 1353 2714 1406; x_wconf 94' lang='lat' dir='ltr'><strong>si</strong></span> <span class='ocrx_word' id='word_1_205' title='bbox 2769 1352 2900 1406; x_wconf 83' lang='lat' dir='ltr'><strong>ﬁdes</strong></span> <span class='ocrx_word' id='word_1_206' title='bbox 2950 1360 3132 1406; x_wconf 90' lang='lat' dir='ltr'><strong>nostra</strong></span> <span class='ocrx_word' id='word_1_207' title='bbox 3201 1351 3370 1404; x_wconf 83' lang='lat' dir='ltr'><strong>tendit</strong></span> <span class='ocrx_word' id='word_1_208' title='bbox 3414 1349 3466 1403; x_wconf 89' lang='lat' dir='ltr'><strong>in</strong></span> 
     </span>
    </p>
   </div>
   <div class='ocr_carea' id='block_1_28' title="bbox 1893 1441 3466 1512">
    <p class='ocr_par' dir='ltr' id='par_1_28' title="bbox 1893 1441 3466 1512">
     <span class='ocr_line' id='line_1_28' title="bbox 1893 1441 3466 1512; baseline -0.005 -14"><span class='ocrx_word' id='word_1_209' title='bbox 1893 1460 2037 1508; x_wconf 90' lang='lat' dir='ltr'><strong>eum,</strong></span> <span class='ocrx_word' id='word_1_210' title='bbox 2072 1459 2174 1498; x_wconf 91' lang='lat' dir='ltr'><strong>non</strong></span> <span class='ocrx_word' id='word_1_211' title='bbox 2195 1455 2448 1512; x_wconf 86' lang='lat' dir='ltr'><strong>tanquam</strong></span> <span class='ocrx_word' id='word_1_212' title='bbox 2468 1443 2518 1494; x_wconf 90' lang='lat' dir='ltr'><strong>in</strong></span> <span class='ocrx_word' id='word_1_213' title='bbox 2545 1442 2810 1496; x_wconf 89' lang='lat' dir='ltr'><strong>hominem</strong></span> <span class='ocrx_word' id='word_1_214' title='bbox 2837 1442 3059 1506; x_wconf 87' lang='lat' dir='ltr'><strong>nudum,</strong></span> <span class='ocrx_word' id='word_1_215' title='bbox 3090 1441 3184 1494; x_wconf 86' lang='lat' dir='ltr'><strong>sed</strong></span> <span class='ocrx_word' id='word_1_216' title='bbox 3216 1450 3466 1509; x_wconf 86' lang='lat' dir='ltr'><strong>tanquam</strong></span> 
     </span>
    </p>
   </div>
   <div class='ocr_carea' id='block_1_29' title="bbox 1894 1529 3473 1602">
    <p class='ocr_par' dir='ltr' id='par_1_29' title="bbox 1894 1529 3473 1602">
     <span class='ocr_line' id='line_1_29' title="bbox 1894 1529 3473 1602; baseline -0.003 -14"><span class='ocrx_word' id='word_1_217' title='bbox 1894 1535 1948 1588; x_wconf 90' lang='lat' dir='ltr'><strong>in</strong></span> <span class='ocrx_word' id='word_1_218' title='bbox 1991 1535 2158 1589; x_wconf 87' lang='lat' dir='ltr'><strong>Deum</strong></span> <span class='ocrx_word' id='word_1_219' title='bbox 2197 1538 2374 1591; x_wconf 84' lang='lat' dir='ltr'><strong>vivum</strong></span> <span class='ocrx_word' id='word_1_220' title='bbox 2409 1543 2464 1589; x_wconf 91' lang='lat' dir='ltr'><strong>et</strong></span> <span class='ocrx_word' id='word_1_221' title='bbox 2501 1549 2710 1598; x_wconf 81' lang='lat' dir='ltr'><strong>verum,</strong></span> <span class='ocrx_word' id='word_1_222' title='bbox 2737 1532 2960 1588; x_wconf 82' lang='lat' dir='ltr'><strong>evidens</strong></span> <span class='ocrx_word' id='word_1_223' title='bbox 3004 1531 3248 1602; x_wconf 70' lang='lat' dir='ltr'><strong>profecto</strong></span> <span class='ocrx_word' id='word_1_224' title='bbox 3289 1529 3473 1586; x_wconf 80' lang='lat' dir='ltr'><strong>evadit</strong></span> 
     </span>
    </p>
   </div>
   <div class='ocr_carea' id='block_1_30' title="bbox 1894 1616 2522 1683">
    <p class='ocr_par' dir='ltr' id='par_1_30' title="bbox 1894 1616 2522 1683">
     <span class='ocr_line' id='line_1_30' title="bbox 1894 1616 2522 1683; baseline -0.003 -2"><span class='ocrx_word' id='word_1_225' title='bbox 1894 1616 2167 1681; x_wconf 73' lang='lat' dir='ltr'><strong>Christum</strong></span> <span class='ocrx_word' id='word_1_226' title='bbox 2191 1643 2309 1683; x_wconf 88' lang='lat' dir='ltr'><strong>esse</strong></span> <span class='ocrx_word' id='word_1_227' title='bbox 2335 1631 2522 1683; x_wconf 87' lang='lat' dir='ltr'><strong>Deum.</strong></span> 
     </span>
    </p>
   </div>
   <div class='ocr_carea' id='block_1_31' title="bbox 1970 1714 3469 1790">
    <p class='ocr_par' dir='ltr' id='par_1_31' title="bbox 1970 1714 3469 1790">
     <span class='ocr_line' id='line_1_31' title="bbox 1970 1714 3469 1790; baseline -0.002 -19"><span class='ocrx_word' id='word_1_228' title='bbox 1970 1740 1987 1771; x_wconf 77' lang='grc' dir='ltr'><strong>ι</strong></span> <span class='ocrx_word' id='word_1_229' title='bbox 2022 1719 2076 1772; x_wconf 90' lang='lat' dir='ltr'><strong>lu</strong></span> <span class='ocrx_word' id='word_1_230' title='bbox 2112 1721 2209 1774; x_wconf 90' lang='lat' dir='ltr'><strong>hoc</strong></span> <span class='ocrx_word' id='word_1_231' title='bbox 2233 1721 2575 1790; x_wconf 85' lang='lat' dir='ltr'><strong>cognoscitur</strong></span> <span class='ocrx_word' id='word_1_232' title='bbox 2601 1719 2837 1787; x_wconf 75' lang='lat' dir='ltr'><strong>Spiritus</strong></span> <span class='ocrx_word' id='word_1_233' title='bbox 2862 1717 2989 1770; x_wconf 86' lang='lat' dir='ltr'><strong>Dei:</strong></span> <span class='ocrx_word' id='word_1_234' title='bbox 3018 1714 3197 1770; x_wconf 89' lang='lat' dir='ltr'><strong>omnis</strong></span> <span class='ocrx_word' id='word_1_235' title='bbox 3229 1714 3469 1784; x_wconf 84' lang='lat' dir='ltr'><strong>spiritus.</strong></span> 
     </span>
    </p>
   </div>
   <div class='ocr_carea' id='block_1_32' title="bbox 230 1803 1809 1893">
    <p class='ocr_par' dir='ltr' id='par_1_32' title="bbox 230 1803 1789 1884">
     <span class='ocr_line' id='line_1_32' title="bbox 230 1803 1789 1884; baseline -0.008 -18"><span class='ocrx_word' id='word_1_236' title='bbox 230 1813 462 1884; x_wconf 85' lang='grc' dir='ltr'>πνεῦμα,</span> <span class='ocrx_word' id='word_1_237' title='bbox 483 1813 511 1866; x_wconf 86' lang='grc' dir='ltr'>ὃ</span> <span class='ocrx_word' id='word_1_238' title='bbox 533 1813 782 1883; x_wconf 78' lang='grc' dir='ltr'>ὁμολογεῖ</span> <span class='ocrx_word' id='word_1_239' title='bbox 809 1809 1018 1880; x_wconf 83' lang='grc' dir='ltr'>Ἰησοῦν</span> <span class='ocrx_word' id='word_1_240' title='bbox 1053 1807 1287 1879; x_wconf 77' lang='grc' dir='ltr'>Χριστὸν</span> <span class='ocrx_word' id='word_1_241' title='bbox 1321 1809 1378 1859; x_wconf 82' lang='grc' dir='ltr'><strong>ἐν</strong></span> <span class='ocrx_word' id='word_1_242' title='bbox 1407 1807 1570 1877; x_wconf 76' lang='grc' dir='ltr'>σαρκὶ</span> <span class='ocrx_word' id='word_1_243' title='bbox 1600 1803 1789 1873; x_wconf 81' lang='grc' dir='ltr'>ἐληλυ-</span> 
     </span>
    </p>
   </div>
   <div class='ocr_carea' id='block_1_33' title="bbox 1915 1803 3470 1893">
    <p class='ocr_par' dir='ltr' id='par_1_33' title="bbox 1915 1807 3470 1876">
     <span class='ocr_line' id='line_1_33' title="bbox 1915 1807 3470 1876; baseline -0.001 -16"><span class='ocrx_word' id='word_1_244' title='bbox 1915 1811 1986 1876; x_wconf 80' lang='grc' dir='ltr'><strong>ιιιί</strong></span> <span class='ocrx_word' id='word_1_245' title='bbox 2018 1813 2306 1865; x_wconf 87' lang='lat' dir='ltr'><strong>coutitetur</strong></span> <span class='ocrx_word' id='word_1_246' title='bbox 2329 1811 2511 1864; x_wconf 80' lang='lat' dir='ltr'><strong>Jesum</strong></span> <span class='ocrx_word' id='word_1_247' title='bbox 2535 1809 2812 1864; x_wconf 84' lang='lat' dir='ltr'><strong>Christum</strong></span> <span class='ocrx_word' id='word_1_248' title='bbox 2847 1807 2898 1861; x_wconf 94' lang='lat' dir='ltr'><strong>in</strong></span> <span class='ocrx_word' id='word_1_249' title='bbox 2927 1822 3092 1862; x_wconf 86' lang='lat' dir='ltr'><strong>carne</strong></span> <span class='ocrx_word' id='word_1_250' title='bbox 3139 1808 3377 1869; x_wconf 86' lang='lat' dir='ltr'><strong>venisse,</strong></span> <span class='ocrx_word' id='word_1_251' title='bbox 3400 1820 3470 1859; x_wconf 78' lang='lat' dir='ltr'><strong>ex</strong></span> 
     </span>
    </p>
   </div>
   <div class='ocr_carea' id='block_1_34' title="bbox 224 1896 1795 1968">
    <p class='ocr_par' dir='ltr' id='par_1_34' title="bbox 224 1896 1795 1968">
     <span class='ocr_line' id='line_1_34' title="bbox 224 1896 1795 1968; baseline -0.007 -10"><span class='ocrx_word' id='word_1_252' title='bbox 224 1905 376 1968; x_wconf 74' lang='grc' dir='ltr'>Θότα,</span> <span class='ocrx_word' id='word_1_253' title='bbox 403 1906 467 1957; x_wconf 78' lang='grc' dir='ltr'><strong>ἐκ</strong></span> <span class='ocrx_word' id='word_1_254' title='bbox 495 1903 588 1957; x_wconf 88' lang='grc' dir='ltr'><strong>τοῦ</strong></span> <span class='ocrx_word' id='word_1_255' title='bbox 619 1902 752 1956; x_wconf 82' lang='grc' dir='ltr'>Θεοῦ</span> <span class='ocrx_word' id='word_1_256' title='bbox 788 1903 936 1954; x_wconf 78' lang='grc' dir='ltr'>ἐστι·</span> <span class='ocrx_word' id='word_1_257' title='bbox 967 1901 1062 1955; x_wconf 79' lang='grc' dir='ltr'>καὶ</span> <span class='ocrx_word' id='word_1_258' title='bbox 1095 1902 1202 1954; x_wconf 77' lang='grc' dir='ltr'>πᾶν</span> <span class='ocrx_word' id='word_1_259' title='bbox 1233 1899 1469 1968; x_wconf 83' lang='grc' dir='ltr'>πνεῦμα,</span> <span class='ocrx_word' id='word_1_260' title='bbox 1510 1897 1538 1950; x_wconf 85' lang='grc' dir='ltr'>ὃ</span> <span class='ocrx_word' id='word_1_261' title='bbox 1569 1896 1643 1967; x_wconf 81' lang='grc' dir='ltr'>μὴ</span> <span class='ocrx_word' id='word_1_262' title='bbox 1673 1899 1795 1964; x_wconf 76' lang='grc' dir='ltr'>ὁμο-</span> 
     </span>
    </p>
   </div>
   <div class='ocr_carea' id='block_1_35' title="bbox 203 1986 1796 2066">
    <p class='ocr_par' dir='ltr' id='par_1_35' title="bbox 203 1986 1796 2066">
     <span class='ocr_line' id='line_1_35' title="bbox 203 1986 1796 2066; baseline -0.006 -18"><span class='ocrx_word' id='word_1_263' title='bbox 203 1997 375 2065; x_wconf 82' lang='grc' dir='ltr'>’λογεϊ</span> <span class='ocrx_word' id='word_1_264' title='bbox 414 1996 506 2049; x_wconf 91' lang='grc' dir='ltr'><strong>τὸν</strong></span> <span class='ocrx_word' id='word_1_265' title='bbox 545 1995 768 2066; x_wconf 82' lang='grc' dir='ltr'>Ἰησοῦν,</span> <span class='ocrx_word' id='word_1_266' title='bbox 799 1995 862 2048; x_wconf 80' lang='grc' dir='ltr'>ὲκ</span> <span class='ocrx_word' id='word_1_267' title='bbox 893 1993 987 2046; x_wconf 86' lang='grc' dir='ltr'><strong>τοῦ</strong></span> <span class='ocrx_word' id='word_1_268' title='bbox 1022 1991 1158 2045; x_wconf 89' lang='grc' dir='ltr'>Θεοῦ</span> <span class='ocrx_word' id='word_1_269' title='bbox 1197 1992 1296 2044; x_wconf 74' lang='grc' dir='ltr'><strong>οὐκ</strong></span> <span class='ocrx_word' id='word_1_270' title='bbox 1329 1990 1478 2042; x_wconf 73' lang='grc' dir='ltr'>ἐστι’</span> <span class='ocrx_word' id='word_1_271' title='bbox 1512 1989 1606 2042; x_wconf 77' lang='grc' dir='ltr'><strong>καὶ</strong></span> <span class='ocrx_word' id='word_1_272' title='bbox 1638 1986 1796 2040; x_wconf 88' lang='grc' dir='ltr'>τοῦτό</span> 
     </span>
    </p>
   </div>
   <div class='ocr_carea' id='block_1_36' title="bbox 232 2079 1798 2157">
    <p class='ocr_par' dir='ltr' id='par_1_36' title="bbox 232 2079 1798 2157">
     <span class='ocr_line' id='line_1_36' title="bbox 232 2079 1798 2157; baseline -0.007 -16"><span class='ocrx_word' id='word_1_273' title='bbox 232 2092 344 2141; x_wconf 78' lang='grc' dir='ltr'>ἐστι</span> <span class='ocrx_word' id='word_1_274' title='bbox 367 2089 426 2141; x_wconf 84' lang='grc' dir='ltr'><strong>τὸ</strong></span> <span class='ocrx_word' id='word_1_275' title='bbox 453 2088 546 2141; x_wconf 90' lang='grc' dir='ltr'><strong>τοῦ</strong></span> <span class='ocrx_word' id='word_1_276' title='bbox 577 2088 964 2157; x_wconf 75' lang='grc' dir='ltr'>Ἀντιχ-ρὶστου,</span> <span class='ocrx_word' id='word_1_277' title='bbox 981 2085 1008 2136; x_wconf 83' lang='grc' dir='ltr'><strong>ὃ</strong></span> <span class='ocrx_word' id='word_1_278' title='bbox 1039 2083 1312 2153; x_wconf 74' lang='grc' dir='ltr'><strong>ἀκηκόατε</strong></span> <span class='ocrx_word' id='word_1_279' title='bbox 1335 2084 1414 2135; x_wconf 83' lang='grc' dir='ltr'>ὅτι</span> <span class='ocrx_word' id='word_1_280' title='bbox 1441 2080 1679 2152; x_wconf 76' lang='grc' dir='ltr'>ἔρχεται,</span> <span class='ocrx_word' id='word_1_281' title='bbox 1705 2079 1798 2131; x_wconf 76' lang='grc' dir='ltr'><strong>καὶ</strong></span> 
     </span>
    </p>
   </div>
   <div class='ocr_carea' id='block_1_37' title="bbox 233 2159 1798 2250">
    <p class='ocr_par' dir='ltr' id='par_1_37' title="bbox 233 2159 1798 2250">
     <span class='ocr_line' id='line_1_37' title="bbox 233 2159 1798 2250; baseline -0.007 -17"><span class='ocrx_word' id='word_1_282' title='bbox 233 2181 325 2234; x_wconf 88' lang='grc' dir='ltr'><strong>νῦν</strong></span> <span class='ocrx_word' id='word_1_283' title='bbox 356 2183 412 2233; x_wconf 83' lang='grc' dir='ltr'>ὲν</span> <span class='ocrx_word' id='word_1_284' title='bbox 441 2180 520 2250; x_wconf 78' lang='grc' dir='ltr'>τῷ</span> <span class='ocrx_word' id='word_1_285' title='bbox 549 2159 739 2250; x_wconf 83' lang='grc' dir='ltr'>κόσμῳ</span> <span class='ocrx_word' id='word_1_286' title='bbox 774 2180 921 2231; x_wconf 77' lang='grc' dir='ltr'>ἐστὶν</span> <span class='ocrx_word' id='word_1_287' title='bbox 944 2177 1067 2249; x_wconf 71' lang='grc' dir='ltr'>ἤδη.</span> <span class='ocrx_word' id='word_1_288' title='bbox 1098 2194 1116 2228; x_wconf 73' lang='grc' dir='ltr'><strong>ι</strong></span> <span class='ocrx_word' id='word_1_289' title='bbox 1155 2173 1554 2246; x_wconf 84' lang='grc' dir='ltr'>Ὀμολογοῦμεν</span> <span class='ocrx_word' id='word_1_290' title='bbox 1578 2172 1666 2224; x_wconf 89' lang='grc' dir='ltr'><strong>τὸν</strong></span> <span class='ocrx_word' id='word_1_291' title='bbox 1693 2172 1798 2240; x_wconf 84' lang='grc' dir='ltr'><strong>Ἰη-</strong></span> 
     </span>
    </p>
   </div>
   <div class='ocr_carea' id='block_1_38' title="bbox 234 2264 1796 2343">
    <p class='ocr_par' dir='ltr' id='par_1_38' title="bbox 234 2264 1796 2343">
     <span class='ocr_line' id='line_1_38' title="bbox 234 2264 1796 2343; baseline -0.004 -19"><span class='ocrx_word' id='word_1_292' title='bbox 234 2271 359 2325; x_wconf 83' lang='grc' dir='ltr'>σοῦν</span> <span class='ocrx_word' id='word_1_293' title='bbox 387 2272 496 2343; x_wconf 79' lang='grc' dir='ltr'>ἄρα</span> <span class='ocrx_word' id='word_1_294' title='bbox 531 2271 606 2334; x_wconf 75' lang='grc' dir='ltr'>ὼε</span> <span class='ocrx_word' id='word_1_295' title='bbox 645 2269 951 2341; x_wconf 81' lang='grc' dir='ltr'>ἄνθρωπον,</span> <span class='ocrx_word' id='word_1_296' title='bbox 984 2269 1077 2321; x_wconf 72' lang='grc' dir='ltr'><strong>καὶ</strong></span> <span class='ocrx_word' id='word_1_297' title='bbox 1104 2266 1214 2321; x_wconf 84' lang='grc' dir='ltr'><strong>τῶν</strong></span> <span class='ocrx_word' id='word_1_298' title='bbox 1256 2265 1380 2320; x_wconf 78' lang='grc' dir='ltr'>καθ’</span> <span class='ocrx_word' id='word_1_299' title='bbox 1411 2267 1558 2336; x_wconf 79' lang='grc' dir='ltr'>ἡμᾶς</span> <span class='ocrx_word' id='word_1_300' title='bbox 1583 2265 1721 2330; x_wconf 63' lang='lat' dir='ltr'><strong>Eva;</strong></span> <span class='ocrx_word' id='word_1_301' title='bbox 1763 2264 1796 2336; x_wconf 81' lang='grc' dir='ltr'>ἢ</span> 
     </span>
    </p>
   </div>
   <div class='ocr_carea' id='block_1_39' title="bbox 234 2356 1801 2432">
    <p class='ocr_par' dir='ltr' id='par_1_39' title="bbox 234 2356 1801 2432">
     <span class='ocr_line' id='line_1_39' title="bbox 234 2356 1801 2432; baseline -0.006 -15"><span class='ocrx_word' id='word_1_302' title='bbox 234 2364 437 2432; x_wconf 81' lang='grc' dir='ltr'>μᾶλλον</span> <span class='ocrx_word' id='word_1_303' title='bbox 463 2363 699 2426; x_wconf 81' lang='grc' dir='ltr'>ὅτιθεὸς</span> <span class='ocrx_word' id='word_1_304' title='bbox 727 2362 802 2414; x_wconf 82' lang='grc' dir='ltr'>ὢν</span> <span class='ocrx_word' id='word_1_305' title='bbox 839 2361 868 2414; x_wconf 97' lang='lat'><strong>6</strong></span> <span class='ocrx_word' id='word_1_306' title='bbox 909 2360 1102 2430; x_wconf 80' lang='grc' dir='ltr'>Λόγος,</span> <span class='ocrx_word' id='word_1_307' title='bbox 1142 2359 1332 2428; x_wconf 82' lang='grc' dir='ltr'>γέγονε</span> <span class='ocrx_word' id='word_1_308' title='bbox 1364 2356 1499 2429; x_wconf 75' lang='grc' dir='ltr'>σὰρξ</span> <span class='ocrx_word' id='word_1_309' title='bbox 1518 2398 1532 2420; x_wconf 94' lang='grc'><strong>,</strong></span> <span class='ocrx_word' id='word_1_310' title='bbox 1563 2357 1662 2409; x_wconf 81' lang='grc' dir='ltr'><strong>οὐκ</strong></span> <span class='ocrx_word' id='word_1_311' title='bbox 1689 2356 1801 2408; x_wconf 78' lang='grc' dir='ltr'>ὀλι-</span> 
     </span>
    </p>
   </div>
   <div class='ocr_carea' id='block_1_40' title="bbox 234 2447 1801 2524">
    <p class='ocr_par' dir='ltr' id='par_1_40' title="bbox 234 2447 1801 2524">
     <span class='ocr_line' id='line_1_40' title="bbox 234 2447 1801 2524; baseline -0.007 -15"><span class='ocrx_word' id='word_1_312' title='bbox 234 2455 490 2524; x_wconf 81' lang='grc' dir='ltr'>γωρήσας</span> <span class='ocrx_word' id='word_1_313' title='bbox 522 2452 614 2507; x_wconf 89' lang='grc' dir='ltr'><strong>τοῦ</strong></span> <span class='ocrx_word' id='word_1_314' title='bbox 653 2449 789 2506; x_wconf 80' lang='grc' dir='ltr'>εἶναι</span> <span class='ocrx_word' id='word_1_315' title='bbox 811 2451 964 2516; x_wconf 87' lang='grc' dir='ltr'>Θεὸς,</span> <span class='ocrx_word' id='word_1_316' title='bbox 997 2448 1323 2522; x_wconf 87' lang='grc' dir='ltr'>μεμενηκὼς</span> <span class='ocrx_word' id='word_1_317' title='bbox 1352 2449 1408 2501; x_wconf 71' lang='grc' dir='ltr'>δὲ</span> <span class='ocrx_word' id='word_1_318' title='bbox 1442 2447 1639 2518; x_wconf 78' lang='grc' dir='ltr'>μᾶλλον</span> <span class='ocrx_word' id='word_1_319' title='bbox 1665 2447 1801 2518; x_wconf 78' lang='grc' dir='ltr'>ὅπερ</span> 
     </span>
    </p>
   </div>
   <div class='ocr_carea' id='block_1_41' title="bbox 234 2538 1803 2616">
    <p class='ocr_par' dir='ltr' id='par_1_41' title="bbox 234 2538 1803 2616">
     <span class='ocr_line' id='line_1_41' title="bbox 234 2538 1803 2616; baseline -0.004 -20"><span class='ocrx_word' id='word_1_320' title='bbox 234 2543 324 2616; x_wconf 68' lang='grc' dir='ltr'>ἦν,</span> <span class='ocrx_word' id='word_1_321' title='bbox 364 2544 458 2598; x_wconf 80' lang='grc' dir='ltr'>καὶ</span> <span class='ocrx_word' id='word_1_322' title='bbox 481 2545 529 2596; x_wconf 89' lang='grc' dir='ltr'><strong>εί</strong></span> <span class='ocrx_word' id='word_1_323' title='bbox 561 2543 781 2612; x_wconf 82' lang='grc' dir='ltr'>γέγονεν</span> <span class='ocrx_word' id='word_1_324' title='bbox 804 2541 1129 2612; x_wconf 84' lang='grc' dir='ltr'>ἅνθρωπος;</span> <span class='ocrx_word' id='word_1_325' title='bbox 1167 2539 1327 2593; x_wconf 82' lang='grc' dir='ltr'>Ἀλλὰ</span> <span class='ocrx_word' id='word_1_326' title='bbox 1355 2539 1495 2591; x_wconf 79' lang='grc' dir='ltr'>τοῦτ’</span> <span class='ocrx_word' id='word_1_327' title='bbox 1527 2538 1675 2590; x_wconf 81' lang='grc' dir='ltr'>ἔστιν</span> <span class='ocrx_word' id='word_1_328' title='bbox 1703 2538 1803 2590; x_wconf 75' lang='grc' dir='ltr'><strong>οὐκ</strong></span> 
     </span>
    </p>
   </div>
   <div class='ocr_carea' id='block_1_42' title="bbox 236 2627 1804 2706">
    <p class='ocr_par' dir='ltr' id='par_1_42' title="bbox 236 2627 1804 2706">
     <span class='ocr_line' id='line_1_42' title="bbox 236 2627 1804 2706; baseline -0.004 -17"><span class='ocrx_word' id='word_1_329' title='bbox 236 2636 550 2706; x_wconf 77' lang='grc' dir='ltr'>ἀμφίϐολον.</span> <span class='ocrx_word' id='word_1_330' title='bbox 591 2635 648 2688; x_wconf 88' lang='grc' dir='ltr'><strong>Ὀ</strong></span> <span class='ocrx_word' id='word_1_331' title='bbox 691 2634 873 2688; x_wconf 77' lang='grc' dir='ltr'>τοίνυν</span> <span class='ocrx_word' id='word_1_332' title='bbox 921 2634 983 2687; x_wconf 79' lang='grc' dir='ltr'>οὺ</span> <span class='ocrx_word' id='word_1_333' title='bbox 1031 2633 1205 2701; x_wconf 80' lang='grc' dir='ltr'>λέγων</span> <span class='ocrx_word' id='word_1_334' title='bbox 1234 2632 1367 2684; x_wconf 87' lang='grc' dir='ltr'>Θεὸν</span> <span class='ocrx_word' id='word_1_335' title='bbox 1407 2627 1545 2684; x_wconf 75' lang='grc' dir='ltr'>εἶναι</span> <span class='ocrx_word' id='word_1_336' title='bbox 1589 2629 1804 2701; x_wconf 81' lang='grc' dir='ltr'>ἀληθῶς</span> 
     </span>
    </p>
   </div>
   <div class='ocr_carea' id='block_1_43' title="bbox 235 2720 1805 2797">
    <p class='ocr_par' dir='ltr' id='par_1_43' title="bbox 235 2720 1805 2797">
     <span class='ocr_line' id='line_1_43' title="bbox 235 2720 1805 2797; baseline -0.004 -19"><span class='ocrx_word' id='word_1_337' title='bbox 235 2728 326 2779; x_wconf 77' lang='grc' dir='ltr'><strong>τὸν</strong></span> <span class='ocrx_word' id='word_1_338' title='bbox 374 2727 626 2797; x_wconf 83' lang='grc' dir='ltr'>Χριστὸν,</span> <span class='ocrx_word' id='word_1_339' title='bbox 675 2724 900 2794; x_wconf 86' lang='grc' dir='ltr'>διαιρῶν</span> <span class='ocrx_word' id='word_1_340' title='bbox 949 2723 1005 2776; x_wconf 81' lang='grc' dir='ltr'><strong>δὲ</strong></span> <span class='ocrx_word' id='word_1_341' title='bbox 1057 2724 1150 2776; x_wconf 77' lang='grc' dir='ltr'><strong>καὶ</strong></span> <span class='ocrx_word' id='word_1_342' title='bbox 1194 2720 1654 2792; x_wconf 79' lang='grc' dir='ltr'>κατασμικρύνων</span> <span class='ocrx_word' id='word_1_343' title='bbox 1708 2721 1805 2790; x_wconf 76' lang='grc' dir='ltr'><strong>τὴν</strong></span> 
     </span>
    </p>
   </div>
   <div class='ocr_carea' id='block_1_44' title="bbox 237 2811 1806 2886">
    <p class='ocr_par' dir='ltr' id='par_1_44' title="bbox 237 2811 1806 2886">
     <span class='ocr_line' id='line_1_44' title="bbox 237 2811 1806 2886; baseline -0.004 -14"><span class='ocrx_word' id='word_1_344' title='bbox 237 2818 394 2883; x_wconf 66' lang='grc' dir='ltr'>δέξειν</span> <span class='ocrx_word' id='word_1_345' title='bbox 453 2817 640 2884; x_wconf 82' lang='grc' dir='ltr'>αὐτοῦ,</span> <span class='ocrx_word' id='word_1_346' title='bbox 696 2819 759 2870; x_wconf 89' lang='grc' dir='ltr'><strong>τὸ</strong></span> <span class='ocrx_word' id='word_1_347' title='bbox 817 2815 912 2870; x_wconf 89' lang='grc' dir='ltr'><strong>τοῦ</strong></span> <span class='ocrx_word' id='word_1_348' title='bbox 972 2816 1340 2886; x_wconf 80' lang='grc' dir='ltr'>Ἀντιχρίστον</span> <span class='ocrx_word' id='word_1_349' title='bbox 1389 2813 1610 2884; x_wconf 84' lang='grc' dir='ltr'>πνεῦμα</span> <span class='ocrx_word' id='word_1_350' title='bbox 1666 2811 1806 2884; x_wconf 79' lang='grc' dir='ltr'>ἔχων</span> 
     </span>
    </p>
   </div>
   <div class='ocr_carea' id='block_1_45' title="bbox 245 2910 536 2964">
    <p class='ocr_par' dir='ltr' id='par_1_45' title="bbox 245 2910 536 2964">
     <span class='ocr_line' id='line_1_45' title="bbox 245 2910 536 2964; baseline -0.007 0"><span class='ocrx_word' id='word_1_351' title='bbox 245 2910 536 2964; x_wconf 78' lang='grc' dir='ltr'>ἁλώσεται.</span> 
     </span>
    </p>
   </div>
   <div class='ocr_carea' id='block_1_46' title="bbox 317 2993 1810 3071">
    <p class='ocr_par' dir='ltr' id='par_1_46' title="bbox 317 2993 1810 3071">
     <span class='ocr_line' id='line_1_46' title="bbox 317 2993 1810 3071; baseline -0.006 -18"><span class='ocrx_word' id='word_1_352' title='bbox 317 3021 335 3053; x_wconf 81' lang='grc' dir='ltr'><strong>ι</strong></span> <span class='ocrx_word' id='word_1_353' title='bbox 367 3003 475 3055; x_wconf 72' lang='grc' dir='ltr'>Καὶ</span> <span class='ocrx_word' id='word_1_354' title='bbox 499 3002 661 3071; x_wconf 75' lang='grc' dir='ltr'>ἡμεῖς</span> <span class='ocrx_word' id='word_1_355' title='bbox 697 2998 1060 3069; x_wconf 75' lang='grc' dir='ltr'>ἐθεασάμεθα,</span> <span class='ocrx_word' id='word_1_356' title='bbox 1113 2996 1210 3051; x_wconf 73' lang='grc' dir='ltr'><strong>καὶ</strong></span> <span class='ocrx_word' id='word_1_357' title='bbox 1247 2993 1631 3067; x_wconf 80' lang='grc' dir='ltr'>μαρτυροῦμεν</span> <span class='ocrx_word' id='word_1_358' title='bbox 1672 2993 1753 3045; x_wconf 83' lang='grc' dir='ltr'>ὅτι</span> <span class='ocrx_word' id='word_1_359' title='bbox 1783 2994 1810 3044; x_wconf 90' lang='lat'><strong>6</strong></span> 
     </span>
    </p>
   </div>
   <div class='ocr_carea' id='block_1_47' title="bbox 245 3085 1810 3164">
    <p class='ocr_par' dir='ltr' id='par_1_47' title="bbox 245 3085 1810 3164">
     <span class='ocr_line' id='line_1_47' title="bbox 245 3085 1810 3164; baseline -0.007 -18"><span class='ocrx_word' id='word_1_360' title='bbox 245 3094 433 3164; x_wconf 78' lang='grc' dir='ltr'>Πατὴρ</span> <span class='ocrx_word' id='word_1_361' title='bbox 462 3091 771 3146; x_wconf 85' lang='grc' dir='ltr'>ἀπέσταλκε</span> <span class='ocrx_word' id='word_1_362' title='bbox 798 3091 889 3145; x_wconf 88' lang='grc' dir='ltr'><strong>τὸν</strong></span> <span class='ocrx_word' id='word_1_363' title='bbox 913 3091 1040 3144; x_wconf 84' lang='grc' dir='ltr'>Υίὸν</span> <span class='ocrx_word' id='word_1_364' title='bbox 1071 3089 1296 3159; x_wconf 74' lang='grc' dir='ltr'>Σωτῆρα</span> <span class='ocrx_word' id='word_1_365' title='bbox 1322 3085 1416 3140; x_wconf 78' lang='grc' dir='ltr'><strong>τοῦ</strong></span> <span class='ocrx_word' id='word_1_366' title='bbox 1455 3087 1681 3156; x_wconf 77' lang='grc' dir='ltr'>κόσμου.</span> <span class='ocrx_word' id='word_1_367' title='bbox 1713 3086 1810 3148; x_wconf 90' lang='grc' dir='ltr'>Ὃς</span> 
     </span>
    </p>
   </div>
   <div class='ocr_carea' id='block_1_48' title="bbox 1899 1899 3472 1971">
    <p class='ocr_par' dir='ltr' id='par_1_48' title="bbox 1899 1899 3472 1971">
     <span class='ocr_line' id='line_1_48' title="bbox 1899 1899 3472 1971; baseline -0.002 -15"><span class='ocrx_word' id='word_1_368' title='bbox 1899 1903 2005 1958; x_wconf 90' lang='lat' dir='ltr'><strong>Deo</strong></span> <span class='ocrx_word' id='word_1_369' title='bbox 2021 1915 2102 1958; x_wconf 87' lang='lat' dir='ltr'><strong>est</strong></span> <span class='ocrx_word' id='word_1_370' title='bbox 2131 1920 2145 1958; x_wconf 89' lang='lat'><strong>:</strong></span> <span class='ocrx_word' id='word_1_371' title='bbox 2178 1905 2426 1958; x_wconf 83' lang='lat' dir='ltr'><strong>etomnis</strong></span> <span class='ocrx_word' id='word_1_372' title='bbox 2467 1903 2694 1971; x_wconf 85' lang='lat' dir='ltr'><strong>spiritus</strong></span> <span class='ocrx_word' id='word_1_373' title='bbox 2733 1901 2825 1970; x_wconf 86' lang='lat' dir='ltr'><strong>qui</strong></span> <span class='ocrx_word' id='word_1_374' title='bbox 2855 1901 3013 1957; x_wconf 85' lang='lat' dir='ltr'><strong>solvit</strong></span> <span class='ocrx_word' id='word_1_375' title='bbox 3039 1899 3242 1964; x_wconf 71' lang='lat' dir='ltr'><strong>Iesum,</strong></span> <span class='ocrx_word' id='word_1_376' title='bbox 3270 1916 3334 1954; x_wconf 78' lang='lat' dir='ltr'><strong>ex</strong></span> <span class='ocrx_word' id='word_1_377' title='bbox 3362 1901 3472 1953; x_wconf 90' lang='lat' dir='ltr'><strong>Deo</strong></span> 
     </span>
    </p>
   </div>
   <div class='ocr_carea' id='block_1_49' title="bbox 1898 1991 3474 2061">
    <p class='ocr_par' dir='ltr' id='par_1_49' title="bbox 1898 1991 3474 2061">
     <span class='ocr_line' id='line_1_49' title="bbox 1898 1991 3474 2061; baseline -0.003 -12"><span class='ocrx_word' id='word_1_378' title='bbox 1898 2011 2002 2051; x_wconf 91' lang='lat' dir='ltr'><strong>non</strong></span> <span class='ocrx_word' id='word_1_379' title='bbox 2031 2005 2144 2061; x_wconf 90' lang='lat' dir='ltr'><strong>est;</strong></span> <span class='ocrx_word' id='word_1_380' title='bbox 2186 2004 2241 2050; x_wconf 88' lang='lat' dir='ltr'><strong>et</strong></span> <span class='ocrx_word' id='word_1_381' title='bbox 2267 1995 2353 2050; x_wconf 89' lang='lat' dir='ltr'><strong>hic</strong></span> <span class='ocrx_word' id='word_1_382' title='bbox 2381 2005 2466 2051; x_wconf 89' lang='lat' dir='ltr'><strong>est</strong></span> <span class='ocrx_word' id='word_1_383' title='bbox 2492 1995 2888 2061; x_wconf 83' lang='lat' dir='ltr'><strong>Antichristus,</strong></span> <span class='ocrx_word' id='word_1_384' title='bbox 2923 1995 2990 2048; x_wconf 89' lang='lat' dir='ltr'><strong>de</strong></span> <span class='ocrx_word' id='word_1_385' title='bbox 3037 2008 3145 2061; x_wconf 91' lang='lat' dir='ltr'><strong>quo</strong></span> <span class='ocrx_word' id='word_1_386' title='bbox 3191 1991 3474 2045; x_wconf 82' lang='lat' dir='ltr'><strong>audivistis</strong></span> 
     </span>
    </p>
   </div>
   <div class='ocr_carea' id='block_1_50' title="bbox 1899 2083 3471 2157">
    <p class='ocr_par' dir='ltr' id='par_1_50' title="bbox 1899 2083 3471 2157">
     <span class='ocr_line' id='line_1_50' title="bbox 1899 2083 3471 2157; baseline -0.003 -18"><span class='ocrx_word' id='word_1_387' title='bbox 1899 2088 2150 2156; x_wconf 89' lang='lat' dir='ltr'><strong>quoniam</strong></span> <span class='ocrx_word' id='word_1_388' title='bbox 2178 2088 2344 2153; x_wconf 80' lang='lat' dir='ltr'><strong>venit,</strong></span> <span class='ocrx_word' id='word_1_389' title='bbox 2370 2099 2421 2142; x_wconf 83' lang='lat' dir='ltr'><strong>et</strong></span> <span class='ocrx_word' id='word_1_390' title='bbox 2444 2103 2583 2142; x_wconf 87' lang='lat' dir='ltr'><strong>nunc</strong></span> <span class='ocrx_word' id='word_1_391' title='bbox 2619 2087 2731 2157; x_wconf 84' lang='lat' dir='ltr'><strong>jam</strong></span> <span class='ocrx_word' id='word_1_392' title='bbox 2755 2089 2807 2140; x_wconf 90' lang='lat' dir='ltr'><strong>iu</strong></span> <span class='ocrx_word' id='word_1_393' title='bbox 2840 2087 3142 2142; x_wconf 82' lang='lat' dir='ltr'><strong>muudoest</strong></span> <span class='ocrx_word' id='word_1_394' title='bbox 3173 2085 3242 2137; x_wconf 77' lang='lat'><strong>“.</strong></span> <span class='ocrx_word' id='word_1_395' title='bbox 3276 2103 3295 2135; x_wconf 75' lang='grc' dir='ltr'><strong>ι</strong></span> <span class='ocrx_word' id='word_1_396' title='bbox 3326 2083 3438 2138; x_wconf 89' lang='lat' dir='ltr'><strong>Con</strong></span> <span class='ocrx_word' id='word_1_397' title='bbox 3459 2111 3471 2123; x_wconf 92' lang='lat'><strong>-</strong></span> 
     </span>
    </p>
   </div>
   <div class='ocr_carea' id='block_1_51' title="bbox 1902 2176 3474 2249">
    <p class='ocr_par' dir='ltr' id='par_1_51' title="bbox 1902 2176 3474 2249">
     <span class='ocr_line' id='line_1_51' title="bbox 1902 2176 3474 2249; baseline -0.003 -19"><span class='ocrx_word' id='word_1_398' title='bbox 1902 2179 2184 2232; x_wconf 89' lang='lat' dir='ltr'><strong>litemurne</strong></span> <span class='ocrx_word' id='word_1_399' title='bbox 2227 2193 2358 2249; x_wconf 82' lang='lat' dir='ltr'><strong>ergo</strong></span> <span class='ocrx_word' id='word_1_400' title='bbox 2411 2177 2686 2232; x_wconf 84' lang='lat' dir='ltr'><strong>Christum</strong></span> <span class='ocrx_word' id='word_1_401' title='bbox 2736 2177 2922 2233; x_wconf 84' lang='lat' dir='ltr'><strong>Jcsuin</strong></span> <span class='ocrx_word' id='word_1_402' title='bbox 2986 2176 3148 2230; x_wconf 87' lang='lat' dir='ltr'><strong>veluti</strong></span> <span class='ocrx_word' id='word_1_403' title='bbox 3204 2176 3474 2229; x_wconf 86' lang='lat' dir='ltr'><strong>hominem</strong></span> 
     </span>
    </p>
   </div>
   <div class='ocr_carea' id='block_1_52' title="bbox 1899 2265 3474 2337">
    <p class='ocr_par' dir='ltr' id='par_1_52' title="bbox 1899 2265 3474 2337">
     <span class='ocr_line' id='line_1_52' title="bbox 1899 2265 3474 2337; baseline 0.001 -20"><span class='ocrx_word' id='word_1_404' title='bbox 1899 2269 2206 2337; x_wconf 84' lang='lat' dir='ltr'><strong>quempiam</strong></span> <span class='ocrx_word' id='word_1_405' title='bbox 2244 2269 2413 2323; x_wconf 89' lang='lat' dir='ltr'><strong>nostri</strong></span> <span class='ocrx_word' id='word_1_406' title='bbox 2453 2267 2728 2322; x_wconf 84' lang='lat' dir='ltr'><strong>similem?</strong></span> <span class='ocrx_word' id='word_1_407' title='bbox 2761 2285 2828 2322; x_wconf 89' lang='lat' dir='ltr'><strong>an</strong></span> <span class='ocrx_word' id='word_1_408' title='bbox 2878 2267 3058 2337; x_wconf 84' lang='lat' dir='ltr'><strong>potius</strong></span> <span class='ocrx_word' id='word_1_409' title='bbox 3108 2266 3198 2322; x_wconf 89' lang='lat' dir='ltr'><strong>Dei</strong></span> <span class='ocrx_word' id='word_1_410' title='bbox 3235 2265 3474 2320; x_wconf 81' lang='lat' dir='ltr'><strong>Verbum</strong></span> 
     </span>
    </p>
   </div>
   <div class='ocr_carea' id='block_1_53' title="bbox 1903 2357 3474 2430">
    <p class='ocr_par' dir='ltr' id='par_1_53' title="bbox 1903 2357 3474 2430">
     <span class='ocr_line' id='line_1_53' title="bbox 1903 2357 3474 2430; baseline 0.001 -20"><span class='ocrx_word' id='word_1_411' title='bbox 1903 2357 2100 2412; x_wconf 80' lang='lat' dir='ltr'><strong>factum</strong></span> <span class='ocrx_word' id='word_1_412' title='bbox 2124 2374 2244 2413; x_wconf 87' lang='lat' dir='ltr'><strong>esse</strong></span> <span class='ocrx_word' id='word_1_413' title='bbox 2270 2374 2512 2423; x_wconf 90' lang='lat' dir='ltr'><strong>carnem,</strong></span> <span class='ocrx_word' id='word_1_414' title='bbox 2544 2377 2647 2414; x_wconf 90' lang='lat' dir='ltr'><strong>non</strong></span> <span class='ocrx_word' id='word_1_415' title='bbox 2689 2361 2830 2430; x_wconf 62' lang='lat' dir='ltr'><strong>quod</strong></span> <span class='ocrx_word' id='word_1_416' title='bbox 2870 2360 3204 2413; x_wconf 89' lang='lat' dir='ltr'><strong>divinitatem</strong></span> <span class='ocrx_word' id='word_1_417' title='bbox 3235 2359 3474 2418; x_wconf 77' lang='lat' dir='ltr'><strong>exuerit.</strong></span> 
     </span>
    </p>
   </div>
   <div class='ocr_carea' id='block_1_54' title="bbox 1904 2448 3473 2520">
    <p class='ocr_par' dir='ltr' id='par_1_54' title="bbox 1904 2448 3473 2520">
     <span class='ocr_line' id='line_1_54' title="bbox 1904 2448 3473 2520; baseline 0.002 -20"><span class='ocrx_word' id='word_1_418' title='bbox 1904 2457 1994 2502; x_wconf 90' lang='lat' dir='ltr'><strong>aut</strong></span> <span class='ocrx_word' id='word_1_419' title='bbox 2025 2449 2318 2516; x_wconf 80' lang='lat' dir='ltr'><strong>repudiarit</strong></span> <span class='ocrx_word' id='word_1_420' title='bbox 2345 2448 2695 2520; x_wconf 88' lang='lat' dir='ltr'><strong>(constanter</strong></span> <span class='ocrx_word' id='word_1_421' title='bbox 2718 2451 2862 2504; x_wconf 86' lang='lat' dir='ltr'><strong>enim</strong></span> <span class='ocrx_word' id='word_1_422' title='bbox 2889 2450 3088 2504; x_wconf 88' lang='lat' dir='ltr'><strong>mansit</strong></span> <span class='ocrx_word' id='word_1_423' title='bbox 3116 2449 3258 2518; x_wconf 88' lang='lat' dir='ltr'><strong>quod</strong></span> <span class='ocrx_word' id='word_1_424' title='bbox 3287 2451 3473 2520; x_wconf 90' lang='lat' dir='ltr'><strong>erat):</strong></span> 
     </span>
    </p>
   </div>
   <div class='ocr_carea' id='block_1_55' title="bbox 1905 2539 3482 2610">
    <p class='ocr_par' dir='ltr' id='par_1_55' title="bbox 1905 2539 3482 2610">
     <span class='ocr_line' id='line_1_55' title="bbox 1905 2539 3482 2610; baseline -0.001 -15"><span class='ocrx_word' id='word_1_425' title='bbox 1905 2539 1996 2595; x_wconf 87' lang='lat' dir='ltr'><strong>sed</strong></span> <span class='ocrx_word' id='word_1_426' title='bbox 2020 2540 2160 2610; x_wconf 89' lang='lat' dir='ltr'><strong>quod</strong></span> <span class='ocrx_word' id='word_1_427' title='bbox 2201 2541 2493 2594; x_wconf 88' lang='lat' dir='ltr'><strong>humanam</strong></span> <span class='ocrx_word' id='word_1_428' title='bbox 2528 2552 2774 2594; x_wconf 90' lang='lat' dir='ltr'><strong>naturam</strong></span> <span class='ocrx_word' id='word_1_429' title='bbox 2813 2539 3207 2609; x_wconf 82' lang='lat' dir='ltr'><strong>assumpserit?</strong></span> <span class='ocrx_word' id='word_1_430' title='bbox 3233 2541 3301 2594; x_wconf 86' lang='lat' dir='ltr'><strong>At</strong></span> <span class='ocrx_word' id='word_1_431' title='bbox 3334 2540 3482 2594; x_wconf 83' lang='lat' dir='ltr'><strong>istud</strong></span> 
     </span>
    </p>
   </div>
   <div class='ocr_carea' id='block_1_56' title="bbox 1905 2631 3482 2702">
    <p class='ocr_par' dir='ltr' id='par_1_56' title="bbox 1905 2631 3482 2702">
     <span class='ocr_line' id='line_1_56' title="bbox 1905 2631 3482 2702; baseline -0.001 -17"><span class='ocrx_word' id='word_1_432' title='bbox 1905 2641 2056 2685; x_wconf 75' lang='lat' dir='ltr'><strong>extra</strong></span> <span class='ocrx_word' id='word_1_433' title='bbox 2077 2633 2502 2687; x_wconf 81' lang='lat' dir='ltr'><strong>controversiam</strong></span> <span class='ocrx_word' id='word_1_434' title='bbox 2530 2641 2637 2687; x_wconf 83' lang='lat' dir='ltr'><strong>est.</strong></span> <span class='ocrx_word' id='word_1_435' title='bbox 2668 2633 2925 2700; x_wconf 83' lang='lat' dir='ltr'><strong>Quisquis</strong></span> <span class='ocrx_word' id='word_1_436' title='bbox 2964 2633 3131 2702; x_wconf 77' lang='lat' dir='ltr'><strong>igitur</strong></span> <span class='ocrx_word' id='word_1_437' title='bbox 3181 2631 3482 2695; x_wconf 92' lang='lat' dir='ltr'><strong>Christum,</strong></span> 
     </span>
    </p>
   </div>
   <div class='ocr_carea' id='block_1_57' title="bbox 1907 2726 3482 2796">
    <p class='ocr_par' dir='ltr' id='par_1_57' title="bbox 1907 2726 3482 2796">
     <span class='ocr_line' id='line_1_57' title="bbox 1907 2726 3482 2796; baseline 0.001 -17"><span class='ocrx_word' id='word_1_438' title='bbox 1907 2726 2241 2781; x_wconf 86' lang='lat' dir='ltr'><strong>divinitatem</strong></span> <span class='ocrx_word' id='word_1_439' title='bbox 2299 2726 2440 2781; x_wconf 90' lang='lat' dir='ltr'><strong>illius</strong></span> <span class='ocrx_word' id='word_1_440' title='bbox 2505 2728 2800 2791; x_wconf 80' lang='lat' dir='ltr'><strong>iuiiciatus,</strong></span> <span class='ocrx_word' id='word_1_441' title='bbox 2863 2728 3075 2792; x_wconf 88' lang='lat' dir='ltr'><strong>dividit,</strong></span> <span class='ocrx_word' id='word_1_442' title='bbox 3128 2727 3482 2796; x_wconf 83' lang='lat' dir='ltr'><strong>ejusdemque</strong></span> 
     </span>
    </p>
   </div>
   <div class='ocr_carea' id='block_1_58' title="bbox 1908 2817 3482 2890">
    <p class='ocr_par' dir='ltr' id='par_1_58' title="bbox 1908 2817 3482 2890">
     <span class='ocr_line' id='line_1_58' title="bbox 1908 2817 3482 2890; baseline 0.002 -21"><span class='ocrx_word' id='word_1_443' title='bbox 1908 2817 2133 2887; x_wconf 67' lang='lat' dir='ltr'><strong>gloriam</strong></span> <span class='ocrx_word' id='word_1_444' title='bbox 2158 2829 2211 2874; x_wconf 88' lang='lat' dir='ltr'><strong>et</strong></span> <span class='ocrx_word' id='word_1_445' title='bbox 2235 2817 2570 2886; x_wconf 73' lang='lat' dir='ltr'><strong>maiestatem</strong></span> <span class='ocrx_word' id='word_1_446' title='bbox 2603 2820 2876 2882; x_wconf 84' lang='lat' dir='ltr'><strong>diminuit,</strong></span> <span class='ocrx_word' id='word_1_447' title='bbox 2907 2820 2997 2875; x_wconf 92' lang='lat' dir='ltr'><strong>hic</strong></span> <span class='ocrx_word' id='word_1_448' title='bbox 3021 2819 3342 2874; x_wconf 78' lang='lat' dir='ltr'><strong>Antichristi</strong></span> <span class='ocrx_word' id='word_1_449' title='bbox 3368 2820 3482 2890; x_wconf 69' lang='lat' dir='ltr'><strong>spio</strong></span> 
     </span>
    </p>
   </div>
   <div class='ocr_carea' id='block_1_59' title="bbox 1911 2908 2962 2978">
    <p class='ocr_par' dir='ltr' id='par_1_59' title="bbox 1911 2908 2962 2978">
     <span class='ocr_line' id='line_1_59' title="bbox 1911 2908 2962 2978; baseline 0.004 -16"><span class='ocrx_word' id='word_1_450' title='bbox 1911 2908 2072 2962; x_wconf 90' lang='lat' dir='ltr'><strong>ritum</strong></span> <span class='ocrx_word' id='word_1_451' title='bbox 2115 2909 2363 2964; x_wconf 85' lang='lat' dir='ltr'><strong>hausisse</strong></span> <span class='ocrx_word' id='word_1_452' title='bbox 2386 2921 2572 2978; x_wconf 83' lang='lat' dir='ltr'><strong>aperte</strong></span> <span class='ocrx_word' id='word_1_453' title='bbox 2601 2913 2962 2966; x_wconf 77' lang='lat' dir='ltr'><strong>convincitur.</strong></span> 
     </span>
    </p>
   </div>
   <div class='ocr_carea' id='block_1_60' title="bbox 1987 2999 3486 3073">
    <p class='ocr_par' dir='ltr' id='par_1_60' title="bbox 1987 2999 3486 3073">
     <span class='ocr_line' id='line_1_60' title="bbox 1987 2999 3486 3073; baseline 0.005 -24"><span class='ocrx_word' id='word_1_454' title='bbox 1987 3016 2004 3049; x_wconf 81' lang='grc' dir='ltr'><strong>ι</strong></span> <span class='ocrx_word' id='word_1_455' title='bbox 2044 2999 2102 3052; x_wconf 85' lang='grc' dir='ltr'>Ει</span> <span class='ocrx_word' id='word_1_456' title='bbox 2134 3013 2230 3053; x_wconf 89' lang='lat' dir='ltr'><strong>nos</strong></span> <span class='ocrx_word' id='word_1_457' title='bbox 2258 2999 2510 3064; x_wconf 87' lang='lat' dir='ltr'><strong>vidimus,</strong></span> <span class='ocrx_word' id='word_1_458' title='bbox 2534 3011 2589 3053; x_wconf 83' lang='lat' dir='ltr'><strong>et</strong></span> <span class='ocrx_word' id='word_1_459' title='bbox 2613 3002 2972 3056; x_wconf 80' lang='lat' dir='ltr'><strong>testiﬁcamur</strong></span> <span class='ocrx_word' id='word_1_460' title='bbox 3018 3003 3273 3073; x_wconf 88' lang='lat' dir='ltr'><strong>quoniam</strong></span> <span class='ocrx_word' id='word_1_461' title='bbox 3324 3002 3486 3057; x_wconf 87' lang='lat' dir='ltr'><strong>Pater</strong></span> 
     </span>
    </p>
   </div>
   <div class='ocr_carea' id='block_1_61' title="bbox 1913 3090 3488 3164">
    <p class='ocr_par' dir='ltr' id='par_1_61' title="bbox 1913 3090 3488 3164">
     <span class='ocr_line' id='line_1_61' title="bbox 1913 3090 3488 3164; baseline 0.004 -22"><span class='ocrx_word' id='word_1_462' title='bbox 1913 3091 2062 3144; x_wconf 83' lang='lat' dir='ltr'><strong>misit</strong></span> <span class='ocrx_word' id='word_1_463' title='bbox 2119 3090 2314 3145; x_wconf 88' lang='lat' dir='ltr'><strong>Filium</strong></span> <span class='ocrx_word' id='word_1_464' title='bbox 2365 3107 2522 3147; x_wconf 79' lang='lat' dir='ltr'><strong>Suum</strong></span> <span class='ocrx_word' id='word_1_465' title='bbox 2580 3092 2911 3149; x_wconf 84' lang='lat' dir='ltr'><strong>Salvatorem</strong></span> <span class='ocrx_word' id='word_1_466' title='bbox 2965 3095 3170 3149; x_wconf 91' lang='lat' dir='ltr'><strong>mundi.</strong></span> <span class='ocrx_word' id='word_1_467' title='bbox 3231 3094 3488 3164; x_wconf 87' lang='lat' dir='ltr'><strong>Quisquis</strong></span> 
     </span>
    </p>
   </div>
   <div class='ocr_carea' id='block_1_62' title="bbox 244 3172 1809 3254">
    <p class='ocr_par' dir='ltr' id='par_1_62' title="bbox 244 3174 1809 3254">
     <span class='ocr_line' id='line_1_62' title="bbox 244 3174 1809 3254; baseline -0.007 -18"><span class='ocrx_word' id='word_1_468' title='bbox 244 3183 311 3236; x_wconf 78' lang='grc' dir='ltr'><strong>ἂν</strong></span> <span class='ocrx_word' id='word_1_469' title='bbox 338 3183 646 3254; x_wconf 76' lang='grc' dir='ltr'>ὁμολογήσῃ</span> <span class='ocrx_word' id='word_1_470' title='bbox 686 3182 766 3234; x_wconf 83' lang='grc' dir='ltr'>ὃτι</span> <span class='ocrx_word' id='word_1_471' title='bbox 804 3179 1011 3252; x_wconf 81' lang='grc' dir='ltr'>Ἰησοῦς</span> <span class='ocrx_word' id='word_1_472' title='bbox 1040 3181 1185 3232; x_wconf 77' lang='grc' dir='ltr'>ἐστιν</span> <span class='ocrx_word' id='word_1_473' title='bbox 1227 3181 1255 3231; x_wconf 90' lang='grc' dir='ltr'>ὁ</span> <span class='ocrx_word' id='word_1_474' title='bbox 1304 3177 1432 3237; x_wconf 72' lang='grc' dir='ltr'>Υἱὸς</span> <span class='ocrx_word' id='word_1_475' title='bbox 1460 3176 1553 3229; x_wconf 87' lang='grc' dir='ltr'><strong>τοῦ</strong></span> <span class='ocrx_word' id='word_1_476' title='bbox 1585 3174 1742 3236; x_wconf 83' lang='grc' dir='ltr'>Θεοῦ,</span> <span class='ocrx_word' id='word_1_477' title='bbox 1785 3174 1809 3225; x_wconf 79' lang='grc' dir='ltr'><strong>ὁ</strong></span> 
     </span>
    </p>
   </div>
   <div class='ocr_carea' id='block_1_63' title="bbox 1915 3172 3488 3254">
    <p class='ocr_par' dir='ltr' id='par_1_63' title="bbox 1919 3182 3488 3252">
     <span class='ocr_line' id='line_1_63' title="bbox 1919 3182 3488 3252; baseline 0.003 -16"><span class='ocrx_word' id='word_1_478' title='bbox 1919 3182 2198 3237; x_wconf 76' lang='lat' dir='ltr'><strong>confessus</strong></span> <span class='ocrx_word' id='word_1_479' title='bbox 2222 3182 2384 3238; x_wconf 78' lang='lat' dir='ltr'><strong>fuerit</strong></span> <span class='ocrx_word' id='word_1_480' title='bbox 2415 3184 2846 3252; x_wconf 85' lang='lat' dir='ltr'><strong>quoniamJesus</strong></span> <span class='ocrx_word' id='word_1_481' title='bbox 2887 3196 2971 3240; x_wconf 87' lang='lat' dir='ltr'><strong>est</strong></span> <span class='ocrx_word' id='word_1_482' title='bbox 2995 3187 3165 3241; x_wconf 86' lang='lat' dir='ltr'><strong>Filius</strong></span> <span class='ocrx_word' id='word_1_483' title='bbox 3208 3188 3324 3252; x_wconf 88' lang='lat' dir='ltr'><strong>Dei,</strong></span> <span class='ocrx_word' id='word_1_484' title='bbox 3349 3189 3488 3241; x_wconf 86' lang='lat' dir='ltr'><strong>Deus</strong></span> 
     </span>
    </p>
   </div>
   <div class='ocr_carea' id='block_1_64' title="bbox 244 3267 1815 3343">
    <p class='ocr_par' dir='ltr' id='par_1_64' title="bbox 244 3267 1815 3343">
     <span class='ocr_line' id='line_1_64' title="bbox 244 3267 1815 3343; baseline -0.006 -17"><span class='ocrx_word' id='word_1_485' title='bbox 244 3275 378 3336; x_wconf 80' lang='grc' dir='ltr'>Θεὸς</span> <span class='ocrx_word' id='word_1_486' title='bbox 409 3276 467 3327; x_wconf 79' lang='grc' dir='ltr'>ὲν</span> <span class='ocrx_word' id='word_1_487' title='bbox 499 3273 648 3343; x_wconf 75' lang='grc' dir='ltr'>αὐτῷ</span> <span class='ocrx_word' id='word_1_488' title='bbox 699 3272 886 3343; x_wconf 81' lang='grc' dir='ltr'>μένει,</span> <span class='ocrx_word' id='word_1_489' title='bbox 916 3271 1010 3324; x_wconf 65' lang='grc' dir='ltr'><strong>καλ¹</strong></span> <span class='ocrx_word' id='word_1_490' title='bbox 1045 3270 1204 3332; x_wconf 75' lang='grc' dir='ltr'>αὐτὸς</span> <span class='ocrx_word' id='word_1_491' title='bbox 1243 3272 1301 3322; x_wconf 85' lang='grc' dir='ltr'>ὲν</span> <span class='ocrx_word' id='word_1_492' title='bbox 1338 3269 1415 3340; x_wconf 73' lang='grc' dir='ltr'><strong>τῷ</strong></span> <span class='ocrx_word' id='word_1_493' title='bbox 1445 3267 1583 3338; x_wconf 83' lang='grc' dir='ltr'>Θεῷ.</span> <span class='ocrx_word' id='word_1_494' title='bbox 1620 3287 1637 3317; x_wconf 76' lang='grc' dir='ltr'><strong>ι</strong></span> <span class='ocrx_word' id='word_1_495' title='bbox 1686 3268 1815 3318; x_wconf 79' lang='grc' dir='ltr'><strong>Ἀπ-</strong></span> 
     </span>
    </p>
   </div>
   <div class='ocr_carea' id='block_1_65' title="bbox 249 3357 1812 3434">
    <p class='ocr_par' dir='ltr' id='par_1_65' title="bbox 249 3357 1812 3434">
     <span class='ocr_line' id='line_1_65' title="bbox 249 3357 1812 3434; baseline -0.006 -16"><span class='ocrx_word' id='word_1_496' title='bbox 249 3365 502 3418; x_wconf 76' lang='grc' dir='ltr'>εστάλθαι</span> <span class='ocrx_word' id='word_1_497' title='bbox 531 3365 708 3434; x_wconf 80' lang='grc' dir='ltr'>φαμὲν</span> <span class='ocrx_word' id='word_1_498' title='bbox 731 3363 879 3432; x_wconf 76' lang='grc' dir='ltr'>παρὰ</span> <span class='ocrx_word' id='word_1_499' title='bbox 909 3362 1000 3415; x_wconf 87' lang='grc' dir='ltr'><strong>τοῦ</strong></span> <span class='ocrx_word' id='word_1_500' title='bbox 1027 3361 1163 3414; x_wconf 87' lang='grc' dir='ltr'>Θεοῦ</span> <span class='ocrx_word' id='word_1_501' title='bbox 1191 3361 1286 3414; x_wconf 79' lang='grc' dir='ltr'><strong>καὶ</strong></span> <span class='ocrx_word' id='word_1_502' title='bbox 1313 3361 1526 3430; x_wconf 79' lang='grc' dir='ltr'>Πατρὸς</span> <span class='ocrx_word' id='word_1_503' title='bbox 1546 3360 1637 3412; x_wconf 86' lang='grc' dir='ltr'><strong>τὸν</strong></span> <span class='ocrx_word' id='word_1_504' title='bbox 1666 3357 1812 3424; x_wconf 77' lang='grc' dir='ltr'>Υἰὸν,</span> 
     </span>
    </p>
   </div>
   <div class='ocr_carea' id='block_1_66' title="bbox 257 3450 1813 3521">
    <p class='ocr_par' dir='ltr' id='par_1_66' title="bbox 257 3450 1813 3521">
     <span class='ocr_line' id='line_1_66' title="bbox 257 3450 1813 3521; baseline -0.006 -11"><span class='ocrx_word' id='word_1_505' title='bbox 257 3457 505 3511; x_wconf 77' lang='grc' dir='ltr'>τουτέστι</span> <span class='ocrx_word' id='word_1_506' title='bbox 537 3455 626 3508; x_wconf 81' lang='grc' dir='ltr'><strong>τὸν</strong></span> <span class='ocrx_word' id='word_1_507' title='bbox 670 3454 730 3518; x_wconf 79' lang='grc' dir='ltr'>ἐξ</span> <span class='ocrx_word' id='word_1_508' title='bbox 755 3453 916 3507; x_wconf 73' lang='grc' dir='ltr'>αὐτοῦ</span> <span class='ocrx_word' id='word_1_509' title='bbox 952 3452 1090 3506; x_wconf 80' lang='grc' dir='ltr'>κατὰ</span> <span class='ocrx_word' id='word_1_510' title='bbox 1118 3451 1276 3521; x_wconf 84' lang='grc' dir='ltr'>φύσιν</span> <span class='ocrx_word' id='word_1_511' title='bbox 1310 3451 1574 3521; x_wconf 83' lang='grc' dir='ltr'>μονογενῆ</span> <span class='ocrx_word' id='word_1_512' title='bbox 1607 3450 1813 3519; x_wconf 77' lang='grc' dir='ltr'>Λόγονο</span> 
     </span>
    </p>
   </div>
   <div class='ocr_carea' id='block_1_67' title="bbox 251 3545 1818 3621">
    <p class='ocr_par' dir='ltr' id='par_1_67' title="bbox 251 3545 1818 3621">
     <span class='ocr_line' id='line_1_67' title="bbox 251 3545 1818 3621; baseline -0.003 -18"><span class='ocrx_word' id='word_1_513' title='bbox 251 3550 570 3621; x_wconf 80' lang='grc' dir='ltr'>ὠνομάσθαι</span> <span class='ocrx_word' id='word_1_514' title='bbox 615 3549 672 3601; x_wconf 80' lang='grc' dir='ltr'><strong>δὲ</strong></span> <span class='ocrx_word' id='word_1_515' title='bbox 717 3547 878 3601; x_wconf 78' lang='grc' dir='ltr'>αὐτὸν</span> <span class='ocrx_word' id='word_1_516' title='bbox 932 3545 1178 3617; x_wconf 81' lang='grc' dir='ltr'>Ἰησοῦν,</span> <span class='ocrx_word' id='word_1_517' title='bbox 1235 3545 1324 3599; x_wconf 79' lang='grc' dir='ltr'><strong>ὅτε</strong></span> <span class='ocrx_word' id='word_1_518' title='bbox 1379 3549 1473 3600; x_wconf 73' lang='grc' dir='ltr'><strong>καὶ</strong></span> <span class='ocrx_word' id='word_1_519' title='bbox 1523 3546 1622 3616; x_wconf 76' lang='grc' dir='ltr'>τὴν</span> <span class='ocrx_word' id='word_1_520' title='bbox 1676 3546 1818 3600; x_wconf 74' lang='grc' dir='ltr'>κατὰ</span> 
     </span>
    </p>
   </div>
   <div class='ocr_carea' id='block_1_68' title="bbox 255 3633 1816 3710">
    <p class='ocr_par' dir='ltr' id='par_1_68' title="bbox 255 3633 1816 3710">
     <span class='ocr_line' id='line_1_68' title="bbox 255 3633 1816 3710; baseline -0.006 -17"><span class='ocrx_word' id='word_1_521' title='bbox 255 3641 433 3710; x_wconf 80' lang='grc' dir='ltr'>σάρκα</span> <span class='ocrx_word' id='word_1_522' title='bbox 456 3640 708 3708; x_wconf 83' lang='grc' dir='ltr'>γέννησιν</span> <span class='ocrx_word' id='word_1_523' title='bbox 739 3640 803 3690; x_wconf 81' lang='grc' dir='ltr'>ὲκ</span> <span class='ocrx_word' id='word_1_524' title='bbox 832 3636 1088 3706; x_wconf 84' lang='grc' dir='ltr'>γυναικὸς</span> <span class='ocrx_word' id='word_1_525' title='bbox 1113 3633 1406 3704; x_wconf 77' lang='grc' dir='ltr'>ὑπέμεινεν</span> <span class='ocrx_word' id='word_1_526' title='bbox 1434 3633 1816 3703; x_wconf 76' lang='grc' dir='ltr'>οἰκονομικῶς.</span> 
     </span>
    </p>
   </div>
   <div class='ocr_carea' id='block_1_69' title="bbox 253 3724 1820 3798">
    <p class='ocr_par' dir='ltr' id='par_1_69' title="bbox 253 3724 1820 3798">
     <span class='ocr_line' id='line_1_69' title="bbox 253 3724 1820 3798; baseline -0.006 -14"><span class='ocrx_word' id='word_1_527' title='bbox 253 3731 460 3785; x_wconf 79' lang='grc' dir='ltr'>Οὐκοῦν</span> <span class='ocrx_word' id='word_1_528' title='bbox 501 3733 530 3783; x_wconf 89' lang='lat'><strong>6</strong></span> <span class='ocrx_word' id='word_1_529' title='bbox 567 3732 631 3783; x_wconf 81' lang='grc' dir='ltr'>ὲκ</span> <span class='ocrx_word' id='word_1_530' title='bbox 679 3727 813 3783; x_wconf 89' lang='grc' dir='ltr'>Θεοῦ</span> <span class='ocrx_word' id='word_1_531' title='bbox 865 3728 1036 3798; x_wconf 82' lang='grc' dir='ltr'>Λόγος</span> <span class='ocrx_word' id='word_1_532' title='bbox 1083 3728 1304 3796; x_wconf 81' lang='grc' dir='ltr'>γέγονεν</span> <span class='ocrx_word' id='word_1_533' title='bbox 1351 3726 1657 3794; x_wconf 80' lang='grc' dir='ltr'>ἅνθρωπος.</span> <span class='ocrx_word' id='word_1_534' title='bbox 1701 3724 1820 3778; x_wconf 69' lang='grc' dir='ltr'>Κᾶν</span> 
     </span>
    </p>
   </div>
   <div class='ocr_carea' id='block_1_70' title="bbox 253 3815 1820 3889">
    <p class='ocr_par' dir='ltr' id='par_1_70' title="bbox 253 3815 1820 3889">
     <span class='ocr_line' id='line_1_70' title="bbox 253 3815 1820 3889; baseline -0.004 -17"><span class='ocrx_word' id='word_1_535' title='bbox 253 3824 387 3884; x_wconf 80' lang='grc' dir='ltr'>εἴτις</span> <span class='ocrx_word' id='word_1_536' title='bbox 432 3819 603 3883; x_wconf 75' lang='grc' dir='ltr'>οὕτως</span> <span class='ocrx_word' id='word_1_537' title='bbox 651 3819 1036 3889; x_wconf 78' lang='grc' dir='ltr'>ὁμολογήσειεν</span> <span class='ocrx_word' id='word_1_538' title='bbox 1084 3818 1266 3880; x_wconf 80' lang='grc' dir='ltr'>αὑτὸν,</span> <span class='ocrx_word' id='word_1_539' title='bbox 1311 3815 1423 3884; x_wconf 78' lang='grc' dir='ltr'>ἔχει</span> <span class='ocrx_word' id='word_1_540' title='bbox 1480 3815 1708 3886; x_wconf 79' lang='grc' dir='ltr'>μένοντα</span> <span class='ocrx_word' id='word_1_541' title='bbox 1763 3817 1820 3866; x_wconf 82' lang='grc' dir='ltr'>ὲν</span> 
     </span>
    </p>
   </div>
   <div class='ocr_carea' id='block_1_71' title="bbox 253 3906 1816 3981">
    <p class='ocr_par' dir='ltr' id='par_1_71' title="bbox 253 3906 1816 3981">
     <span class='ocr_line' id='line_1_71' title="bbox 253 3906 1816 3981; baseline -0.004 -16"><span class='ocrx_word' id='word_1_542' title='bbox 253 3913 431 3981; x_wconf 80' lang='grc' dir='ltr'>ἑαυτῷ</span> <span class='ocrx_word' id='word_1_543' title='bbox 479 3912 570 3964; x_wconf 87' lang='grc' dir='ltr'><strong>τὸν</strong></span> <span class='ocrx_word' id='word_1_544' title='bbox 615 3912 766 3974; x_wconf 88' lang='grc' dir='ltr'>Θεὸν,</span> <span class='ocrx_word' id='word_1_545' title='bbox 821 3911 972 3963; x_wconf 74' lang='grc' dir='ltr'>ἔσται</span> <span class='ocrx_word' id='word_1_546' title='bbox 1006 3909 1062 3961; x_wconf 86' lang='grc' dir='ltr'>δὲ</span> <span class='ocrx_word' id='word_1_547' title='bbox 1097 3909 1192 3962; x_wconf 76' lang='grc' dir='ltr'><strong>καὶ</strong></span> <span class='ocrx_word' id='word_1_548' title='bbox 1236 3909 1397 3970; x_wconf 75' lang='grc' dir='ltr'>αὐτὸς</span> <span class='ocrx_word' id='word_1_549' title='bbox 1443 3908 1501 3960; x_wconf 81' lang='grc' dir='ltr'>ὲν</span> <span class='ocrx_word' id='word_1_550' title='bbox 1545 3907 1622 3977; x_wconf 80' lang='grc' dir='ltr'>τῷ</span> <span class='ocrx_word' id='word_1_551' title='bbox 1663 3906 1816 3978; x_wconf 84' lang='grc' dir='ltr'>Θεῷ·</span> 
     </span>
    </p>
   </div>
   <div class='ocr_carea' id='block_1_72' title="bbox 257 3997 1822 4074">
    <p class='ocr_par' dir='ltr' id='par_1_72' title="bbox 257 3997 1822 4074">
     <span class='ocr_line' id='line_1_72' title="bbox 257 3997 1822 4074; baseline -0.004 -18"><span class='ocrx_word' id='word_1_552' title='bbox 257 4003 625 4074; x_wconf 83' lang='grc' dir='ltr'>μνησθήσεται</span> <span class='ocrx_word' id='word_1_553' title='bbox 651 4003 756 4073; x_wconf 79' lang='grc' dir='ltr'><strong>γὰρ</strong></span> <span class='ocrx_word' id='word_1_554' title='bbox 783 4002 968 4065; x_wconf 78' lang='grc' dir='ltr'>αὐτοῦ,</span> <span class='ocrx_word' id='word_1_555' title='bbox 998 4001 1260 4068; x_wconf 81' lang='grc' dir='ltr'>λογιεῖται</span> <span class='ocrx_word' id='word_1_556' title='bbox 1317 3998 1374 4051; x_wconf 81' lang='grc' dir='ltr'><strong>δὲ</strong></span> <span class='ocrx_word' id='word_1_557' title='bbox 1419 3997 1578 4050; x_wconf 82' lang='grc' dir='ltr'>αὑτὸν</span> <span class='ocrx_word' id='word_1_558' title='bbox 1622 3999 1822 4050; x_wconf 82' lang='grc' dir='ltr'>οἰκεῖον</span> 
     </span>
    </p>
   </div>
   <div class='ocr_carea' id='block_1_73' title="bbox 253 4091 1822 4165">
    <p class='ocr_par' dir='ltr' id='par_1_73' title="bbox 253 4091 1822 4165">
     <span class='ocr_line' id='line_1_73' title="bbox 253 4091 1822 4165; baseline -0.002 -18"><span class='ocrx_word' id='word_1_559' title='bbox 253 4096 329 4157; x_wconf 79' lang='grc' dir='ltr'>ὡς</span> <span class='ocrx_word' id='word_1_560' title='bbox 357 4097 576 4165; x_wconf 83' lang='grc' dir='ltr'>μέτοχον</span> <span class='ocrx_word' id='word_1_561' title='bbox 603 4093 787 4147; x_wconf 85' lang='grc' dir='ltr'>αὑτοῦ.</span> <span class='ocrx_word' id='word_1_562' title='bbox 821 4095 878 4147; x_wconf 88' lang='lat'><strong>&#39;0</strong></span> <span class='ocrx_word' id='word_1_563' title='bbox 904 4095 960 4146; x_wconf 84' lang='grc' dir='ltr'><strong>δὲ</strong></span> <span class='ocrx_word' id='word_1_564' title='bbox 988 4093 1061 4163; x_wconf 82' lang='grc' dir='ltr'>μὴ</span> <span class='ocrx_word' id='word_1_565' title='bbox 1090 4091 1392 4163; x_wconf 84' lang='grc' dir='ltr'>ὁμολογῶν,</span> <span class='ocrx_word' id='word_1_566' title='bbox 1417 4093 1497 4144; x_wconf 75' lang='grc' dir='ltr'><strong>ὅτι</strong></span> <span class='ocrx_word' id='word_1_567' title='bbox 1521 4091 1680 4154; x_wconf 74' lang='grc' dir='ltr'>αὐτὸς</span> <span class='ocrx_word' id='word_1_568' title='bbox 1710 4093 1738 4144; x_wconf 88' lang='lat'><strong>6</strong></span> <span class='ocrx_word' id='word_1_569' title='bbox 1760 4093 1822 4144; x_wconf 78' lang='grc' dir='ltr'>ἐκ</span> 
     </span>
    </p>
   </div>
   <div class='ocr_carea' id='block_1_74' title="bbox 253 4183 1823 4256">
    <p class='ocr_par' dir='ltr' id='par_1_74' title="bbox 253 4183 1823 4256">
     <span class='ocr_line' id='line_1_74' title="bbox 253 4183 1823 4256; baseline -0.001 -18"><span class='ocrx_word' id='word_1_570' title='bbox 253 4187 390 4239; x_wconf 89' lang='grc' dir='ltr'>Θεοῦ</span> <span class='ocrx_word' id='word_1_571' title='bbox 416 4187 627 4256; x_wconf 82' lang='grc' dir='ltr'>Πατρὸς</span> <span class='ocrx_word' id='word_1_572' title='bbox 658 4187 829 4254; x_wconf 87' lang='grc' dir='ltr'>Λόγος</span> <span class='ocrx_word' id='word_1_573' title='bbox 871 4185 1078 4255; x_wconf 87' lang='grc' dir='ltr'>Ἰησοῦς</span> <span class='ocrx_word' id='word_1_574' title='bbox 1121 4186 1266 4248; x_wconf 72' lang='grc' dir='ltr'>ἐστι,</span> <span class='ocrx_word' id='word_1_575' title='bbox 1299 4183 1486 4246; x_wconf 65' lang='grc' dir='ltr'>καθεὶς</span> <span class='ocrx_word' id='word_1_576' title='bbox 1515 4183 1705 4236; x_wconf 81' lang='grc' dir='ltr'>ἑαυτὸν</span> <span class='ocrx_word' id='word_1_577' title='bbox 1743 4185 1823 4246; x_wconf 82' lang='grc' dir='ltr'>εἰς</span> 
     </span>
    </p>
   </div>
   <div class='ocr_carea' id='block_1_75' title="bbox 254 4273 1819 4348">
    <p class='ocr_par' dir='ltr' id='par_1_75' title="bbox 254 4273 1819 4348">
     <span class='ocr_line' id='line_1_75' title="bbox 254 4273 1819 4348; baseline -0.003 -19"><span class='ocrx_word' id='word_1_578' title='bbox 254 4276 669 4348; x_wconf 71' lang='grc' dir='ltr'>ἁνθρωπότητα,</span> <span class='ocrx_word' id='word_1_579' title='bbox 699 4275 822 4328; x_wconf 74' lang='grc' dir='ltr'>οὔτε</span> <span class='ocrx_word' id='word_1_580' title='bbox 855 4275 985 4329; x_wconf 83' lang='grc' dir='ltr'>Θεὸν</span> <span class='ocrx_word' id='word_1_581' title='bbox 1018 4277 1077 4328; x_wconf 70' lang='grc' dir='ltr'>ιν</span> <span class='ocrx_word' id='word_1_582' title='bbox 1121 4275 1300 4345; x_wconf 73' lang='grc' dir='ltr'>ἑαυτῷ</span> <span class='ocrx_word' id='word_1_583' title='bbox 1343 4275 1696 4344; x_wconf 85' lang='grc' dir='ltr'>πλουτήσειεν</span> <span class='ocrx_word' id='word_1_584' title='bbox 1731 4273 1819 4338; x_wconf 76' lang='grc' dir='ltr'><strong>ἂν,</strong></span> 
     </span>
    </p>
   </div>
   <div class='ocr_carea' id='block_1_76' title="bbox 254 4366 1823 4438">
    <p class='ocr_par' dir='ltr' id='par_1_76' title="bbox 254 4366 1823 4438">
     <span class='ocr_line' id='line_1_76' title="bbox 254 4366 1823 4438; baseline -0.002 -17"><span class='ocrx_word' id='word_1_585' title='bbox 254 4369 381 4421; x_wconf 73' lang='grc' dir='ltr'>οὔτε</span> <span class='ocrx_word' id='word_1_586' title='bbox 435 4369 540 4438; x_wconf 71' lang='grc' dir='ltr'>μὴν</span> <span class='ocrx_word' id='word_1_587' title='bbox 596 4367 756 4430; x_wconf 77' lang='grc' dir='ltr'>αὐτὸς</span> <span class='ocrx_word' id='word_1_588' title='bbox 801 4371 858 4420; x_wconf 81' lang='grc' dir='ltr'><strong>ἐν</strong></span> <span class='ocrx_word' id='word_1_589' title='bbox 923 4366 1042 4436; x_wconf 85' lang='grc' dir='ltr'>Θεῷ</span> <span class='ocrx_word' id='word_1_590' title='bbox 1082 4367 1255 4432; x_wconf 76' lang='grc' dir='ltr'>ἔσται,</span> <span class='ocrx_word' id='word_1_591' title='bbox 1309 4367 1449 4421; x_wconf 84' lang='grc' dir='ltr'>κατὰ</span> <span class='ocrx_word' id='word_1_592' title='bbox 1495 4383 1559 4434; x_wconf 89' lang='grc' dir='ltr'><strong>γε</strong></span> <span class='ocrx_word' id='word_1_593' title='bbox 1605 4366 1693 4418; x_wconf 86' lang='grc' dir='ltr'><strong>τὸν</strong></span> <span class='ocrx_word' id='word_1_594' title='bbox 1723 4366 1823 4436; x_wconf 78' lang='grc' dir='ltr'>τῆς</span> 
     </span>
    </p>
   </div>
   <div class='ocr_carea' id='block_1_77' title="bbox 257 4456 1238 4529">
    <p class='ocr_par' dir='ltr' id='par_1_77' title="bbox 257 4456 1238 4529">
     <span class='ocr_line' id='line_1_77' title="bbox 257 4456 1238 4529; baseline 0 -19"><span class='ocrx_word' id='word_1_595' title='bbox 257 4457 636 4528; x_wconf 79' lang='grc' dir='ltr'>πνευματικῆς</span> <span class='ocrx_word' id='word_1_596' title='bbox 663 4456 988 4526; x_wconf 82' lang='grc' dir='ltr'>οίκειότητος</span> <span class='ocrx_word' id='word_1_597' title='bbox 1018 4457 1238 4529; x_wconf 82' lang='grc' dir='ltr'>τρόπον.</span> 
     </span>
    </p>
   </div>
   <div class='ocr_carea' id='block_1_78' title="bbox 338 4636 1827 4708">
    <p class='ocr_par' dir='ltr' id='par_1_78' title="bbox 338 4636 1827 4708">
     <span class='ocr_line' id='line_1_78' title="bbox 338 4636 1827 4708; baseline 0.001 -18"><span class='ocrx_word' id='word_1_598' title='bbox 338 4659 355 4690; x_wconf 75' lang='grc' dir='ltr'><strong>ι</strong></span> <span class='ocrx_word' id='word_1_599' title='bbox 386 4640 500 4700; x_wconf 82' lang='grc' dir='ltr'><strong>Πᾶς</strong></span> <span class='ocrx_word' id='word_1_600' title='bbox 525 4640 553 4692; x_wconf 92' lang='lat'><strong>6</strong></span> <span class='ocrx_word' id='word_1_601' title='bbox 573 4636 844 4690; x_wconf 79' lang='grc' dir='ltr'>πιστεύων</span> <span class='ocrx_word' id='word_1_602' title='bbox 869 4638 951 4691; x_wconf 85' lang='grc' dir='ltr'>ὅτι</span> <span class='ocrx_word' id='word_1_603' title='bbox 997 4636 1203 4708; x_wconf 81' lang='grc' dir='ltr'>Ἰησοῦς</span> <span class='ocrx_word' id='word_1_604' title='bbox 1243 4637 1393 4690; x_wconf 77' lang='grc' dir='ltr'>ἐστιν</span> <span class='ocrx_word' id='word_1_605' title='bbox 1428 4637 1456 4689; x_wconf 94' lang='lat'><strong>6</strong></span> <span class='ocrx_word' id='word_1_606' title='bbox 1484 4638 1738 4708; x_wconf 79' lang='grc' dir='ltr'>Χριστὸς,</span> <span class='ocrx_word' id='word_1_607' title='bbox 1763 4640 1827 4692; x_wconf 81' lang='grc' dir='ltr'>ἐκ</span> 
     </span>
    </p>
   </div>
   <div class='ocr_carea' id='block_1_79' title="bbox 257 4728 1828 4800">
    <p class='ocr_par' dir='ltr' id='par_1_79' title="bbox 257 4728 1828 4800">
     <span class='ocr_line' id='line_1_79' title="bbox 257 4728 1828 4800; baseline 0.001 -18"><span class='ocrx_word' id='word_1_608' title='bbox 257 4729 353 4782; x_wconf 85' lang='grc' dir='ltr'><strong>τοῦ</strong></span> <span class='ocrx_word' id='word_1_609' title='bbox 386 4728 521 4782; x_wconf 90' lang='grc' dir='ltr'>Θεοῦ</span> <span class='ocrx_word' id='word_1_610' title='bbox 557 4729 898 4800; x_wconf 78' lang='grc' dir='ltr'>γεγέννηται.</span> <span class='ocrx_word' id='word_1_611' title='bbox 938 4747 957 4780; x_wconf 76' lang='grc' dir='ltr'><strong>ι</strong></span> <span class='ocrx_word' id='word_1_612' title='bbox 991 4728 1196 4782; x_wconf 84' lang='grc' dir='ltr'>Οὐκοῦν</span> <span class='ocrx_word' id='word_1_613' title='bbox 1229 4731 1258 4781; x_wconf 89' lang='lat'><strong>6</strong></span> <span class='ocrx_word' id='word_1_614' title='bbox 1287 4729 1362 4799; x_wconf 80' lang='grc' dir='ltr'><strong>μὴ</strong></span> <span class='ocrx_word' id='word_1_615' title='bbox 1397 4729 1683 4794; x_wconf 80' lang='grc' dir='ltr'>πιστεύων,</span> <span class='ocrx_word' id='word_1_616' title='bbox 1708 4730 1828 4784; x_wconf 80' lang='grc' dir='ltr'>οὐδὲ</span> 
     </span>
    </p>
   </div>
   <div class='ocr_carea' id='block_1_80' title="bbox 260 4820 1831 4892">
    <p class='ocr_par' dir='ltr' id='par_1_80' title="bbox 260 4820 1831 4892">
     <span class='ocr_line' id='line_1_80' title="bbox 260 4820 1831 4892; baseline 0.001 -18"><span class='ocrx_word' id='word_1_617' title='bbox 260 4825 320 4876; x_wconf 82' lang='grc' dir='ltr'><strong>ὲν</strong></span> <span class='ocrx_word' id='word_1_618' title='bbox 358 4823 568 4886; x_wconf 81' lang='grc' dir='ltr'>τέκνοις</span> <span class='ocrx_word' id='word_1_619' title='bbox 598 4820 734 4874; x_wconf 87' lang='grc' dir='ltr'>Θεοῦ</span> <span class='ocrx_word' id='word_1_620' title='bbox 767 4821 1183 4890; x_wconf 82' lang='grc' dir='ltr'>καταλογισθείη</span> <span class='ocrx_word' id='word_1_621' title='bbox 1225 4821 1309 4875; x_wconf 83' lang='grc' dir='ltr'>ἄν.</span> <span class='ocrx_word' id='word_1_622' title='bbox 1367 4823 1430 4875; x_wconf 84' lang='lat' dir='ltr'><strong>El</strong></span> <span class='ocrx_word' id='word_1_623' title='bbox 1456 4822 1564 4892; x_wconf 86' lang='grc' dir='ltr'>γὰρ</span> <span class='ocrx_word' id='word_1_624' title='bbox 1593 4823 1706 4876; x_wconf 80' lang='grc' dir='ltr'>ὅσοι</span> <span class='ocrx_word' id='word_1_625' title='bbox 1739 4823 1831 4876; x_wconf 89' lang='grc' dir='ltr'><strong>τὸν</strong></span> 
     </span>
    </p>
   </div>
   <div class='ocr_carea' id='block_1_81' title="bbox 261 4912 1831 4984">
    <p class='ocr_par' dir='ltr' id='par_1_81' title="bbox 261 4912 1831 4984">
     <span class='ocr_line' id='line_1_81' title="bbox 261 4912 1831 4984; baseline -0.001 -16"><span class='ocrx_word' id='word_1_626' title='bbox 261 4915 392 4968; x_wconf 82' lang='grc' dir='ltr'>Υἱὸν</span> <span class='ocrx_word' id='word_1_627' title='bbox 421 4915 633 4976; x_wconf 76' lang='grc' dir='ltr'>ἔλαϐον,</span> <span class='ocrx_word' id='word_1_628' title='bbox 670 4913 870 4966; x_wconf 75' lang='grc' dir='ltr'>ἔδωκεν</span> <span class='ocrx_word' id='word_1_629' title='bbox 893 4914 1075 4976; x_wconf 84' lang='grc' dir='ltr'>αὐτοῖς</span> <span class='ocrx_word' id='word_1_630' title='bbox 1102 4912 1350 4978; x_wconf 77' lang='grc' dir='ltr'>ἐξουσίαν</span> <span class='ocrx_word' id='word_1_631' title='bbox 1385 4915 1550 4967; x_wconf 80' lang='grc' dir='ltr'>τέκνα</span> <span class='ocrx_word' id='word_1_632' title='bbox 1571 4915 1705 4967; x_wconf 89' lang='grc' dir='ltr'>Θεοῦ</span> <span class='ocrx_word' id='word_1_633' title='bbox 1735 4933 1831 4984; x_wconf 89' lang='grc' dir='ltr'>γε-</span> 
     </span>
    </p>
   </div>
   <div class='ocr_carea' id='block_1_82' title="bbox 263 5004 1832 5076">
    <p class='ocr_par' dir='ltr' id='par_1_82' title="bbox 263 5004 1832 5076">
     <span class='ocr_line' id='line_1_82' title="bbox 263 5004 1832 5076; baseline 0.001 -18"><span class='ocrx_word' id='word_1_634' title='bbox 263 5006 471 5068; x_wconf 75' lang='grc' dir='ltr'>νέσθαι,</span> <span class='ocrx_word' id='word_1_635' title='bbox 499 5005 643 5059; x_wconf 86' lang='grc' dir='ltr'>καθὰ</span> <span class='ocrx_word' id='word_1_636' title='bbox 671 5007 834 5075; x_wconf 72' lang='grc' dir='ltr'>φησὶν</span> <span class='ocrx_word' id='word_1_637' title='bbox 865 5006 893 5057; x_wconf 90' lang='lat'><strong>6</strong></span> <span class='ocrx_word' id='word_1_638' title='bbox 936 5004 1326 5075; x_wconf 82' lang='grc' dir='ltr'>εὐαγγελιστής</span> <span class='ocrx_word' id='word_1_639' title='bbox 1346 5021 1360 5035; x_wconf 77' lang='grc'><strong><em>⁸</em></strong></span> <span class='ocrx_word' id='word_1_640' title='bbox 1391 5007 1440 5058; x_wconf 80' lang='grc' dir='ltr'>οἱ</span> <span class='ocrx_word' id='word_1_641' title='bbox 1479 5007 1552 5076; x_wconf 79' lang='grc' dir='ltr'>μὴ</span> <span class='ocrx_word' id='word_1_642' title='bbox 1578 5005 1832 5072; x_wconf 78' lang='grc' dir='ltr'>λαϐόντες</span> 
     </span>
    </p>
   </div>
   <div class='ocr_carea' id='block_1_83' title="bbox 264 5096 1832 5167">
    <p class='ocr_par' dir='ltr' id='par_1_83' title="bbox 264 5096 1832 5167">
     <span class='ocr_line' id='line_1_83' title="bbox 264 5096 1832 5167; baseline 0.001 -16"><span class='ocrx_word' id='word_1_643' title='bbox 264 5097 447 5160; x_wconf 74' lang='grc' dir='ltr'>αὑτὸν,</span> <span class='ocrx_word' id='word_1_644' title='bbox 476 5097 584 5150; x_wconf 77' lang='grc' dir='ltr'>οὐδ’</span> <span class='ocrx_word' id='word_1_645' title='bbox 614 5097 679 5151; x_wconf 81' lang='grc' dir='ltr'><strong>ἂν</strong></span> <span class='ocrx_word' id='word_1_646' title='bbox 708 5100 765 5150; x_wconf 87' lang='grc' dir='ltr'>ὲν</span> <span class='ocrx_word' id='word_1_647' title='bbox 819 5096 1030 5160; x_wconf 78' lang='grc' dir='ltr'>τέκνοις</span> <span class='ocrx_word' id='word_1_648' title='bbox 1078 5096 1212 5149; x_wconf 91' lang='grc' dir='ltr'>Θεοῦ</span> <span class='ocrx_word' id='word_1_649' title='bbox 1257 5098 1702 5167; x_wconf 82' lang='grc' dir='ltr'>καταλογισοεῖεν</span> <span class='ocrx_word' id='word_1_650' title='bbox 1744 5101 1832 5166; x_wconf 83' lang='grc' dir='ltr'>ἂν,</span> 
     </span>
    </p>
   </div>
   <div class='ocr_carea' id='block_1_84' title="bbox 263 5180 1477 5256">
    <p class='ocr_par' dir='ltr' id='par_1_84' title="bbox 263 5180 1477 5256">
     <span class='ocr_line' id='line_1_84' title="bbox 263 5180 1477 5256; baseline 0.002 -18"><span class='ocrx_word' id='word_1_651' title='bbox 263 5187 382 5247; x_wconf 86' lang='grc' dir='ltr'>τὸν,</span> <span class='ocrx_word' id='word_1_652' title='bbox 412 5187 478 5238; x_wconf 83' lang='grc' dir='ltr'><strong>δι’</strong></span> <span class='ocrx_word' id='word_1_653' title='bbox 503 5180 564 5240; x_wconf 79' lang='grc' dir='ltr'><strong>οῦ</strong></span> <span class='ocrx_word' id='word_1_654' title='bbox 593 5185 750 5239; x_wconf 85' lang='grc' dir='ltr'>τοῦτο</span> <span class='ocrx_word' id='word_1_655' title='bbox 770 5185 1026 5256; x_wconf 83' lang='grc' dir='ltr'>ὑπάρχει,</span> <span class='ocrx_word' id='word_1_656' title='bbox 1054 5184 1128 5255; x_wconf 82' lang='grc' dir='ltr'>μὴ</span> <span class='ocrx_word' id='word_1_657' title='bbox 1160 5186 1477 5253; x_wconf 72' lang='grc' dir='ltr'>ἐγνωκότες.</span> 
     </span>
    </p>
   </div>
   <div class='ocr_carea' id='block_1_85' title="bbox 344 5358 1836 5435">
    <p class='ocr_par' dir='ltr' id='par_1_85' title="bbox 344 5358 1836 5435">
     <span class='ocr_line' id='line_1_85' title="bbox 344 5358 1836 5435; baseline 0.005 -23"><span class='ocrx_word' id='word_1_658' title='bbox 344 5379 362 5412; x_wconf 79' lang='grc' dir='ltr'><strong>ι</strong></span> <span class='ocrx_word' id='word_1_659' title='bbox 405 5360 500 5422; x_wconf 84' lang='grc' dir='ltr'><strong>Τίς</strong></span> <span class='ocrx_word' id='word_1_660' title='bbox 533 5359 588 5412; x_wconf 80' lang='grc' dir='ltr'><strong>δέ</strong></span> <span class='ocrx_word' id='word_1_661' title='bbox 616 5361 764 5412; x_wconf 76' lang='grc' dir='ltr'>ἐστιν</span> <span class='ocrx_word' id='word_1_662' title='bbox 810 5359 838 5412; x_wconf 90' lang='lat'><strong>6</strong></span> <span class='ocrx_word' id='word_1_663' title='bbox 881 5358 1049 5412; x_wconf 83' lang='grc' dir='ltr'>νικῶν</span> <span class='ocrx_word' id='word_1_664' title='bbox 1081 5358 1174 5412; x_wconf 89' lang='grc' dir='ltr'><strong>τὸν</strong></span> <span class='ocrx_word' id='word_1_665' title='bbox 1205 5358 1444 5430; x_wconf 86' lang='grc' dir='ltr'>κόσμον,</span> <span class='ocrx_word' id='word_1_666' title='bbox 1477 5363 1526 5415; x_wconf 89' lang='grc' dir='ltr'><strong>εί</strong></span> <span class='ocrx_word' id='word_1_667' title='bbox 1564 5362 1638 5435; x_wconf 75' lang='grc' dir='ltr'>μὴ</span> <span class='ocrx_word' id='word_1_668' title='bbox 1675 5366 1704 5418; x_wconf 91' lang='lat'><strong>6</strong></span> <span class='ocrx_word' id='word_1_669' title='bbox 1745 5383 1836 5419; x_wconf 81' lang='grc' dir='ltr'>πι-</span> 
     </span>
    </p>
   </div>
   <div class='ocr_carea' id='block_1_86' title="bbox 269 5449 1836 5522">
    <p class='ocr_par' dir='ltr' id='par_1_86' title="bbox 269 5449 1836 5522">
     <span class='ocr_line' id='line_1_86' title="bbox 269 5449 1836 5522; baseline 0.004 -19"><span class='ocrx_word' id='word_1_670' title='bbox 269 5451 475 5504; x_wconf 74' lang='grc' dir='ltr'>στεύων</span> <span class='ocrx_word' id='word_1_671' title='bbox 516 5451 597 5504; x_wconf 76' lang='grc' dir='ltr'><strong>ὅτι</strong></span> <span class='ocrx_word' id='word_1_672' title='bbox 635 5449 839 5522; x_wconf 83' lang='grc' dir='ltr'>Ἰησοῦς</span> <span class='ocrx_word' id='word_1_673' title='bbox 881 5451 1028 5503; x_wconf 77' lang='grc' dir='ltr'>ἐστιν</span> <span class='ocrx_word' id='word_1_674' title='bbox 1070 5452 1099 5503; x_wconf 89' lang='lat'><strong>6</strong></span> <span class='ocrx_word' id='word_1_675' title='bbox 1141 5451 1268 5514; x_wconf 88' lang='grc' dir='ltr'>Υἱὸς</span> <span class='ocrx_word' id='word_1_676' title='bbox 1319 5451 1404 5504; x_wconf 85' lang='grc' dir='ltr'><strong>τοῦ</strong></span> <span class='ocrx_word' id='word_1_677' title='bbox 1454 5451 1622 5520; x_wconf 89' lang='grc' dir='ltr'>Θεοῦ;</span> <span class='ocrx_word' id='word_1_678' title='bbox 1666 5449 1836 5522; x_wconf 72' lang='grc' dir='ltr'>Οὗτός</span> 
     </span>
    </p>
   </div>
   <div class='ocr_carea' id='block_1_87' title="bbox 268 5539 1834 5619">
    <p class='ocr_par' dir='ltr' id='par_1_87' title="bbox 268 5539 1834 5619">
     <span class='ocr_line' id='line_1_87' title="bbox 268 5539 1834 5619; baseline 0.006 -27"><span class='ocrx_word' id='word_1_679' title='bbox 268 5543 417 5594; x_wconf 78' lang='grc' dir='ltr'>ἐστιν</span> <span class='ocrx_word' id='word_1_680' title='bbox 463 5542 492 5594; x_wconf 92' lang='lat'><strong>6</strong></span> <span class='ocrx_word' id='word_1_681' title='bbox 540 5539 710 5593; x_wconf 78' lang='grc' dir='ltr'>ἐλθὼν</span> <span class='ocrx_word' id='word_1_682' title='bbox 737 5541 805 5594; x_wconf 86' lang='grc' dir='ltr'><strong>δι’</strong></span> <span class='ocrx_word' id='word_1_683' title='bbox 835 5539 1028 5603; x_wconf 79' lang='grc' dir='ltr'>ὕδατος</span> <span class='ocrx_word' id='word_1_684' title='bbox 1069 5540 1164 5593; x_wconf 77' lang='grc' dir='ltr'>καὶ</span> <span class='ocrx_word' id='word_1_685' title='bbox 1189 5540 1418 5612; x_wconf 81' lang='grc' dir='ltr'>αἵματος</span> <span class='ocrx_word' id='word_1_686' title='bbox 1454 5543 1660 5614; x_wconf 84' lang='grc' dir='ltr'>Ἰησοῦς</span> <span class='ocrx_word' id='word_1_687' title='bbox 1695 5547 1834 5619; x_wconf 82' lang='grc' dir='ltr'>Χρι-</span> 
     </span>
    </p>
   </div>
   <div class='ocr_carea' id='block_1_88' title="bbox 342 5715 830 5785">
    <p class='ocr_par' dir='ltr' id='par_1_88' title="bbox 342 5715 830 5785">
     <span class='ocr_line' id='line_1_88' title="bbox 342 5715 830 5785; baseline 0.002 -15"><span class='ocrx_word' id='word_1_688' title='bbox 342 5718 390 5748; x_wconf 80' lang='lat'>”</span> <span class='ocrx_word' id='word_1_689' title='bbox 424 5717 581 5774; x_wconf 81' lang='lat' dir='ltr'><strong>Joan.</strong></span> <span class='ocrx_word' id='word_1_690' title='bbox 619 5732 691 5785; x_wconf 79' lang='grc' dir='ltr'>γι,</span> <span class='ocrx_word' id='word_1_691' title='bbox 741 5715 830 5771; x_wconf 72' lang='grc'><strong>47.</strong></span> 
     </span>
    </p>
   </div>
   <div class='ocr_carea' id='block_1_89' title="bbox 907 5713 1416 5783">
    <p class='ocr_par' dir='ltr' id='par_1_89' title="bbox 907 5713 1416 5783">
     <span class='ocr_line' id='line_1_89' title="bbox 907 5713 1416 5783; baseline 0 -12"><span class='ocrx_word' id='word_1_692' title='bbox 907 5715 996 5771; x_wconf 82' lang='grc'><strong>⁸³1</strong></span> <span class='ocrx_word' id='word_1_693' title='bbox 1030 5713 1185 5772; x_wconf 75' lang='lat' dir='ltr'><strong>Joau.</strong></span> <span class='ocrx_word' id='word_1_694' title='bbox 1215 5731 1299 5783; x_wconf 94' lang='grc' dir='ltr'>ιιι,</span> <span class='ocrx_word' id='word_1_695' title='bbox 1323 5715 1416 5772; x_wconf 69' lang='grc'><strong>25.</strong></span> 
     </span>
    </p>
   </div>
   <div class='ocr_carea' id='block_1_90' title="bbox 273 5787 433 5856">
    <p class='ocr_par' dir='ltr' id='par_1_90' title="bbox 273 5787 433 5856">
     <span class='ocr_line' id='line_1_90' title="bbox 273 5787 433 5856; baseline -0.019 -10"><span class='ocrx_word' id='word_1_696' title='bbox 273 5808 313 5856; x_wconf 91' lang='grc' dir='ltr'><strong>ι,</strong></span> <span class='ocrx_word' id='word_1_697' title='bbox 351 5787 433 5843; x_wconf 71' lang='lat' dir='ltr'><strong>l2.</strong></span> 
     </span>
    </p>
   </div>
   <div class='ocr_carea' id='block_1_91' title="bbox 1493 5717 2053 5792">
    <p class='ocr_par' dir='ltr' id='par_1_91' title="bbox 1493 5717 2053 5792">
     <span class='ocr_line' id='line_1_91' title="bbox 1493 5717 2053 5792; baseline 0.014 -20"><span class='ocrx_word' id='word_1_698' title='bbox 1493 5717 1585 5772; x_wconf 82' lang='grc'><strong>⁵⁸1</strong></span> <span class='ocrx_word' id='word_1_699' title='bbox 1619 5719 1771 5778; x_wconf 86' lang='lat' dir='ltr'><strong>Joan.</strong></span> <span class='ocrx_word' id='word_1_700' title='bbox 1808 5739 1878 5791; x_wconf 85' lang='lat' dir='ltr'><strong>Iv,</strong></span> <span class='ocrx_word' id='word_1_701' title='bbox 1915 5727 1971 5792; x_wconf 73' lang='grc'>2,</span> <span class='ocrx_word' id='word_1_702' title='bbox 2000 5726 2053 5780; x_wconf 76' lang='lat'><strong>5.</strong></span> 
     </span>
    </p>
   </div>
   <div class='ocr_carea' id='block_1_92' title="bbox 1923 3275 3490 3347">
    <p class='ocr_par' dir='ltr' id='par_1_92' title="bbox 1923 3275 3490 3347">
     <span class='ocr_line' id='line_1_92' title="bbox 1923 3275 3490 3347; baseline 0.003 -19"><span class='ocrx_word' id='word_1_703' title='bbox 1923 3275 1973 3328; x_wconf 87' lang='lat' dir='ltr'><strong>in</strong></span> <span class='ocrx_word' id='word_1_704' title='bbox 2010 3290 2074 3328; x_wconf 91' lang='lat' dir='ltr'><strong>eo</strong></span> <span class='ocrx_word' id='word_1_705' title='bbox 2122 3287 2322 3342; x_wconf 90' lang='lat' dir='ltr'><strong>mauel,</strong></span> <span class='ocrx_word' id='word_1_706' title='bbox 2357 3286 2412 3329; x_wconf 92' lang='lat' dir='ltr'><strong>et</strong></span> <span class='ocrx_word' id='word_1_707' title='bbox 2446 3277 2560 3343; x_wconf 86' lang='lat' dir='ltr'><strong>ipse</strong></span> <span class='ocrx_word' id='word_1_708' title='bbox 2615 3277 2668 3330; x_wconf 91' lang='lat' dir='ltr'><strong>in</strong></span> <span class='ocrx_word' id='word_1_709' title='bbox 2720 3278 2828 3331; x_wconf 90' lang='lat' dir='ltr'><strong>Deo</strong></span> <span class='ocrx_word' id='word_1_710' title='bbox 2860 3278 2927 3330; x_wconf 83' lang='grc'><strong>⁵⁷.</strong></span> <span class='ocrx_word' id='word_1_711' title='bbox 2966 3296 2982 3328; x_wconf 76' lang='grc' dir='ltr'><strong>ι</strong></span> <span class='ocrx_word' id='word_1_712' title='bbox 3025 3276 3366 3347; x_wconf 84' lang='lat' dir='ltr'><strong>Unigeuitum</strong></span> <span class='ocrx_word' id='word_1_713' title='bbox 3399 3279 3490 3332; x_wconf 77' lang='lat' dir='ltr'><strong>Dei</strong></span> 
     </span>
    </p>
   </div>
   <div class='ocr_carea' id='block_1_93' title="bbox 1924 3362 3490 3438">
    <p class='ocr_par' dir='ltr' id='par_1_93' title="bbox 1924 3362 3490 3438">
     <span class='ocr_line' id='line_1_93' title="bbox 1924 3362 3490 3438; baseline 0.003 -21"><span class='ocrx_word' id='word_1_714' title='bbox 1924 3362 2136 3426; x_wconf 81' lang='lat' dir='ltr'><strong>Filium,</strong></span> <span class='ocrx_word' id='word_1_715' title='bbox 2168 3365 2269 3419; x_wconf 91' lang='lat' dir='ltr'><strong>hoc</strong></span> <span class='ocrx_word' id='word_1_716' title='bbox 2283 3375 2366 3420; x_wconf 89' lang='lat' dir='ltr'><strong>est</strong></span> <span class='ocrx_word' id='word_1_717' title='bbox 2387 3367 2618 3421; x_wconf 85' lang='lat' dir='ltr'><strong>Verbum</strong></span> <span class='ocrx_word' id='word_1_718' title='bbox 2641 3369 2786 3436; x_wconf 89' lang='lat' dir='ltr'><strong>quod</strong></span> <span class='ocrx_word' id='word_1_719' title='bbox 2804 3369 3121 3423; x_wconf 87' lang='lat' dir='ltr'><strong>naturaliter</strong></span> <span class='ocrx_word' id='word_1_720' title='bbox 3143 3386 3208 3423; x_wconf 80' lang='lat' dir='ltr'><strong>ex</strong></span> <span class='ocrx_word' id='word_1_721' title='bbox 3237 3371 3343 3424; x_wconf 76' lang='lat' dir='ltr'><strong>Deo</strong></span> <span class='ocrx_word' id='word_1_722' title='bbox 3365 3387 3490 3438; x_wconf 88' lang='lat' dir='ltr'><strong>pro-</strong></span> 
     </span>
    </p>
   </div>
   <div class='ocr_carea' id='block_1_94' title="bbox 1929 3455 3494 3530">
    <p class='ocr_par' dir='ltr' id='par_1_94' title="bbox 1929 3455 3494 3530">
     <span class='ocr_line' id='line_1_94' title="bbox 1929 3455 3494 3530; baseline 0.002 -21"><span class='ocrx_word' id='word_1_723' title='bbox 1929 3455 2094 3520; x_wconf 85' lang='lat' dir='ltr'><strong>cedit,</strong></span> <span class='ocrx_word' id='word_1_724' title='bbox 2125 3471 2156 3510; x_wconf 89' lang='lat' dir='ltr'><strong>a</strong></span> <span class='ocrx_word' id='word_1_725' title='bbox 2204 3455 2317 3511; x_wconf 89' lang='lat' dir='ltr'><strong>Deo</strong></span> <span class='ocrx_word' id='word_1_726' title='bbox 2357 3466 2411 3511; x_wconf 92' lang='lat' dir='ltr'><strong>et</strong></span> <span class='ocrx_word' id='word_1_727' title='bbox 2444 3455 2606 3510; x_wconf 86' lang='lat' dir='ltr'><strong>Patre</strong></span> <span class='ocrx_word' id='word_1_728' title='bbox 2636 3459 2860 3510; x_wconf 88' lang='lat' dir='ltr'><strong>missum</strong></span> <span class='ocrx_word' id='word_1_729' title='bbox 2893 3461 3255 3528; x_wconf 81' lang='lat' dir='ltr'><strong>agnoscimus.</strong></span> <span class='ocrx_word' id='word_1_730' title='bbox 3279 3460 3386 3530; x_wconf 81' lang='lat'><strong>95</strong></span> <span class='ocrx_word' id='word_1_731' title='bbox 3415 3463 3494 3514; x_wconf 83' lang='lat' dir='ltr'><strong>ld-</strong></span> 
     </span>
    </p>
   </div>
   <div class='ocr_carea' id='block_1_95' title="bbox 1926 3547 3496 3621">
    <p class='ocr_par' dir='ltr' id='par_1_95' title="bbox 1926 3547 3496 3621">
     <span class='ocr_line' id='line_1_95' title="bbox 1926 3547 3496 3621; baseline 0.001 -19"><span class='ocrx_word' id='word_1_732' title='bbox 1926 3549 2097 3617; x_wconf 79' lang='lat' dir='ltr'><strong>ipsum</strong></span> <span class='ocrx_word' id='word_1_733' title='bbox 2123 3558 2300 3602; x_wconf 78' lang='lat' dir='ltr'><strong>autem</strong></span> <span class='ocrx_word' id='word_1_734' title='bbox 2337 3555 2449 3601; x_wconf 89' lang='lat' dir='ltr'><strong>tum</strong></span> <span class='ocrx_word' id='word_1_735' title='bbox 2491 3549 2706 3604; x_wconf 87' lang='lat' dir='ltr'><strong>demum</strong></span> <span class='ocrx_word' id='word_1_736' title='bbox 2737 3547 2920 3604; x_wconf 74' lang='lat' dir='ltr'><strong>Jesum</strong></span> <span class='ocrx_word' id='word_1_737' title='bbox 2970 3552 3295 3621; x_wconf 86' lang='lat' dir='ltr'><strong>appellatum</strong></span> <span class='ocrx_word' id='word_1_738' title='bbox 3329 3556 3496 3606; x_wconf 81' lang='lat' dir='ltr'><strong>luisse</strong></span> 
     </span>
    </p>
   </div>
   <div class='ocr_carea' id='block_1_96' title="bbox 1926 3641 3494 3709">
    <p class='ocr_par' dir='ltr' id='par_1_96' title="bbox 1926 3641 3494 3709">
     <span class='ocr_line' id='line_1_96' title="bbox 1926 3641 3494 3709; baseline 0.004 -17"><span class='ocrx_word' id='word_1_739' title='bbox 1926 3653 2321 3703; x_wconf 86' lang='lat' dir='ltr'><strong>asseveramus,</strong></span> <span class='ocrx_word' id='word_1_740' title='bbox 2352 3655 2472 3694; x_wconf 92' lang='lat' dir='ltr'><strong>cum</strong></span> <span class='ocrx_word' id='word_1_741' title='bbox 2503 3641 2902 3709; x_wconf 84' lang='lat' dir='ltr'><strong>dispensatorie</strong></span> <span class='ocrx_word' id='word_1_742' title='bbox 2930 3649 3227 3699; x_wconf 84' lang='lat' dir='ltr'><strong>secundum</strong></span> <span class='ocrx_word' id='word_1_743' title='bbox 3275 3661 3494 3700; x_wconf 82' lang='lat' dir='ltr'><strong>carnem</strong></span> 
     </span>
    </p>
   </div>
   <div class='ocr_carea' id='block_1_97' title="bbox 1924 3730 3495 3807">
    <p class='ocr_par' dir='ltr' id='par_1_97' title="bbox 1924 3730 3495 3807">
     <span class='ocr_line' id='line_1_97' title="bbox 1924 3730 3495 3807; baseline 0.003 -21"><span class='ocrx_word' id='word_1_744' title='bbox 1924 3747 1991 3786; x_wconf 82' lang='lat' dir='ltr'><strong>ex</strong></span> <span class='ocrx_word' id='word_1_745' title='bbox 2045 3730 2272 3784; x_wconf 88' lang='lat' dir='ltr'><strong>muliere</strong></span> <span class='ocrx_word' id='word_1_746' title='bbox 2321 3732 2469 3784; x_wconf 83' lang='lat' dir='ltr'><strong>nasci</strong></span> <span class='ocrx_word' id='word_1_747' title='bbox 2521 3733 2863 3800; x_wconf 75' lang='lat' dir='ltr'><strong>dedignatum</strong></span> <span class='ocrx_word' id='word_1_748' title='bbox 2895 3751 2998 3788; x_wconf 91' lang='lat' dir='ltr'><strong>non</strong></span> <span class='ocrx_word' id='word_1_749' title='bbox 3049 3745 3150 3790; x_wconf 87' lang='lat' dir='ltr'><strong>est.</strong></span> <span class='ocrx_word' id='word_1_750' title='bbox 3183 3735 3276 3791; x_wconf 81' lang='lat' dir='ltr'><strong>Dei</strong></span> <span class='ocrx_word' id='word_1_751' title='bbox 3310 3737 3495 3807; x_wconf 87' lang='lat' dir='ltr'><strong>itaque</strong></span> 
     </span>
    </p>
   </div>
   <div class='ocr_carea' id='block_1_98' title="bbox 1928 3820 3496 3895">
    <p class='ocr_par' dir='ltr' id='par_1_98' title="bbox 1928 3820 3496 3895">
     <span class='ocr_line' id='line_1_98' title="bbox 1928 3820 3496 3895; baseline 0.003 -19"><span class='ocrx_word' id='word_1_752' title='bbox 1928 3820 2160 3876; x_wconf 85' lang='lat' dir='ltr'><strong>Verbum</strong></span> <span class='ocrx_word' id='word_1_753' title='bbox 2207 3821 2367 3875; x_wconf 87' lang='lat' dir='ltr'><strong>homo</strong></span> <span class='ocrx_word' id='word_1_754' title='bbox 2407 3821 2604 3875; x_wconf 77' lang='lat' dir='ltr'><strong>facttim</strong></span> <span class='ocrx_word' id='word_1_755' title='bbox 2633 3834 2738 3877; x_wconf 87' lang='lat' dir='ltr'><strong>est.</strong></span> <span class='ocrx_word' id='word_1_756' title='bbox 2770 3825 2833 3878; x_wconf 79' lang='lat' dir='ltr'><strong>Et</strong></span> <span class='ocrx_word' id='word_1_757' title='bbox 2866 3824 2910 3879; x_wconf 89' lang='lat' dir='ltr'><strong>si</strong></span> <span class='ocrx_word' id='word_1_758' title='bbox 2935 3825 3056 3894; x_wconf 87' lang='lat' dir='ltr'><strong>quis</strong></span> <span class='ocrx_word' id='word_1_759' title='bbox 3079 3827 3149 3878; x_wconf 88' lang='lat' dir='ltr'><strong>ita</strong></span> <span class='ocrx_word' id='word_1_760' title='bbox 3191 3827 3496 3895; x_wconf 74' lang='lat' dir='ltr'><strong>proﬁtetur,</strong></span> 
     </span>
    </p>
   </div>
   <div class='ocr_carea' id='block_1_99' title="bbox 1929 3913 3496 3986">
    <p class='ocr_par' dir='ltr' id='par_1_99' title="bbox 1929 3913 3496 3986">
     <span class='ocr_line' id='line_1_99' title="bbox 1929 3913 3496 3986; baseline 0.003 -18"><span class='ocrx_word' id='word_1_761' title='bbox 1929 3915 1974 3969; x_wconf 91' lang='lat' dir='ltr'><strong>is</strong></span> <span class='ocrx_word' id='word_1_762' title='bbox 2003 3913 2169 3967; x_wconf 92' lang='lat' dir='ltr'><strong>Deum</strong></span> <span class='ocrx_word' id='word_1_763' title='bbox 2205 3913 2258 3966; x_wconf 92' lang='lat' dir='ltr'><strong>iu</strong></span> <span class='ocrx_word' id='word_1_764' title='bbox 2315 3927 2374 3967; x_wconf 90' lang='lat' dir='ltr'><strong>se</strong></span> <span class='ocrx_word' id='word_1_765' title='bbox 2426 3923 2733 3968; x_wconf 88' lang='lat' dir='ltr'><strong>manentem</strong></span> <span class='ocrx_word' id='word_1_766' title='bbox 2795 3915 2978 3981; x_wconf 85' lang='lat' dir='ltr'><strong>habet,</strong></span> <span class='ocrx_word' id='word_1_767' title='bbox 3016 3926 3071 3970; x_wconf 87' lang='lat' dir='ltr'><strong>et</strong></span> <span class='ocrx_word' id='word_1_768' title='bbox 3103 3917 3218 3986; x_wconf 84' lang='lat' dir='ltr'><strong>ipse</strong></span> <span class='ocrx_word' id='word_1_769' title='bbox 3256 3919 3496 3973; x_wconf 86' lang='lat' dir='ltr'><strong>vicissim</strong></span> 
     </span>
    </p>
   </div>
   <div class='ocr_carea' id='block_1_100' title="bbox 1929 4004 3498 4073">
    <p class='ocr_par' dir='ltr' id='par_1_100' title="bbox 1929 4004 3498 4073">
     <span class='ocr_line' id='line_1_100' title="bbox 1929 4004 3498 4073; baseline 0.004 -13"><span class='ocrx_word' id='word_1_770' title='bbox 1929 4007 1982 4060; x_wconf 94' lang='lat' dir='ltr'><strong>in</strong></span> <span class='ocrx_word' id='word_1_771' title='bbox 2013 4005 2120 4060; x_wconf 89' lang='lat' dir='ltr'><strong>Deo</strong></span> <span class='ocrx_word' id='word_1_772' title='bbox 2145 4005 2401 4061; x_wconf 88' lang='lat' dir='ltr'><strong>manebit.</strong></span> <span class='ocrx_word' id='word_1_773' title='bbox 2433 4004 2828 4062; x_wconf 85' lang='lat' dir='ltr'><strong>Recordabitur</strong></span> <span class='ocrx_word' id='word_1_774' title='bbox 2859 4009 3002 4062; x_wconf 87' lang='lat' dir='ltr'><strong>enim</strong></span> <span class='ocrx_word' id='word_1_775' title='bbox 3041 4010 3207 4073; x_wconf 89' lang='lat' dir='ltr'><strong>illius,</strong></span> <span class='ocrx_word' id='word_1_776' title='bbox 3242 4026 3306 4066; x_wconf 92' lang='lat' dir='ltr'><strong>ac</strong></span> <span class='ocrx_word' id='word_1_777' title='bbox 3335 4011 3498 4066; x_wconf 81' lang='lat' dir='ltr'><strong>veluti</strong></span> 
     </span>
    </p>
   </div>
   <div class='ocr_carea' id='block_1_101' title="bbox 1929 4096 3503 4166">
    <p class='ocr_par' dir='ltr' id='par_1_101' title="bbox 1929 4096 3503 4166">
     <span class='ocr_line' id='line_1_101' title="bbox 1929 4096 3503 4166; baseline 0.002 -13"><span class='ocrx_word' id='word_1_778' title='bbox 1929 4099 2184 4154; x_wconf 84' lang='lat' dir='ltr'><strong>societate</strong></span> <span class='ocrx_word' id='word_1_779' title='bbox 2204 4097 2436 4166; x_wconf 88' lang='lat' dir='ltr'><strong>quadam</strong></span> <span class='ocrx_word' id='word_1_780' title='bbox 2465 4096 2809 4163; x_wconf 89' lang='lat' dir='ltr'><strong>conjunctum</strong></span> <span class='ocrx_word' id='word_1_781' title='bbox 2841 4099 2986 4154; x_wconf 87' lang='lat' dir='ltr'><strong>inter</strong></span> <span class='ocrx_word' id='word_1_782' title='bbox 3005 4099 3296 4157; x_wconf 78' lang='lat' dir='ltr'><strong>familiares</strong></span> <span class='ocrx_word' id='word_1_783' title='bbox 3315 4117 3503 4156; x_wconf 53' lang='lat' dir='ltr'><strong>nume:</strong></span> 
     </span>
    </p>
   </div>
   <div class='ocr_carea' id='block_1_102' title="bbox 1929 4188 3498 4259">
    <p class='ocr_par' dir='ltr' id='par_1_102' title="bbox 1929 4188 3498 4259">
     <span class='ocr_line' id='line_1_102' title="bbox 1929 4188 3498 4259; baseline 0.003 -16"><span class='ocrx_word' id='word_1_784' title='bbox 1929 4190 2090 4244; x_wconf 76' lang='lat' dir='ltr'><strong>rabit.</strong></span> <span class='ocrx_word' id='word_1_785' title='bbox 2128 4189 2311 4258; x_wconf 81' lang='lat' dir='ltr'><strong>Atqui</strong></span> <span class='ocrx_word' id='word_1_786' title='bbox 2338 4189 2514 4257; x_wconf 91' lang='lat' dir='ltr'><strong>ipsum</strong></span> <span class='ocrx_word' id='word_1_787' title='bbox 2555 4188 2648 4244; x_wconf 90' lang='lat' dir='ltr'><strong>Dei</strong></span> <span class='ocrx_word' id='word_1_788' title='bbox 2673 4190 2847 4245; x_wconf 85' lang='lat' dir='ltr'><strong>Patris</strong></span> <span class='ocrx_word' id='word_1_789' title='bbox 2877 4188 3113 4246; x_wconf 85' lang='lat' dir='ltr'><strong>Verbqu</strong></span> <span class='ocrx_word' id='word_1_790' title='bbox 3148 4208 3270 4247; x_wconf 89' lang='lat' dir='ltr'><strong>esse</strong></span> <span class='ocrx_word' id='word_1_791' title='bbox 3289 4192 3498 4259; x_wconf 81' lang='lat' dir='ltr'><strong>Jesum,</strong></span> 
     </span>
    </p>
   </div>
   <div class='ocr_carea' id='block_1_103' title="bbox 1929 4281 3502 4339">
    <p class='ocr_par' dir='ltr' id='par_1_103' title="bbox 1929 4281 3502 4339">
     <span class='ocr_line' id='line_1_103' title="bbox 1929 4281 3502 4339; baseline 0.003 -4"><span class='ocrx_word' id='word_1_792' title='bbox 1929 4292 1985 4336; x_wconf 93' lang='lat' dir='ltr'><strong>et</strong></span> <span class='ocrx_word' id='word_1_793' title='bbox 2015 4281 2066 4335; x_wconf 94' lang='lat' dir='ltr'><strong>in</strong></span> <span class='ocrx_word' id='word_1_794' title='bbox 2107 4281 2396 4334; x_wconf 83' lang='lat' dir='ltr'><strong>humanam</strong></span> <span class='ocrx_word' id='word_1_795' title='bbox 2447 4290 2695 4333; x_wconf 86' lang='lat' dir='ltr'><strong>naturam</strong></span> <span class='ocrx_word' id='word_1_796' title='bbox 2725 4295 2783 4336; x_wconf 88' lang='lat' dir='ltr'><strong>se</strong></span> <span class='ocrx_word' id='word_1_797' title='bbox 2815 4282 3101 4338; x_wconf 87' lang='lat' dir='ltr'><strong>demisisse</strong></span> <span class='ocrx_word' id='word_1_798' title='bbox 3141 4301 3244 4337; x_wconf 88' lang='lat' dir='ltr'><strong>non</strong></span> <span class='ocrx_word' id='word_1_799' title='bbox 3278 4286 3502 4339; x_wconf 81' lang='lat' dir='ltr'><strong>conﬁte-</strong></span> 
     </span>
    </p>
   </div>
   <div class='ocr_carea' id='block_1_104' title="bbox 1932 4370 3500 4444">
    <p class='ocr_par' dir='ltr' id='par_1_104' title="bbox 1932 4370 3500 4444">
     <span class='ocr_line' id='line_1_104' title="bbox 1932 4370 3500 4444; baseline 0.004 -19"><span class='ocrx_word' id='word_1_800' title='bbox 1932 4383 2040 4437; x_wconf 89' lang='lat' dir='ltr'><strong>tur,</strong></span> <span class='ocrx_word' id='word_1_801' title='bbox 2074 4372 2163 4425; x_wconf 89' lang='lat' dir='ltr'><strong>ille</strong></span> <span class='ocrx_word' id='word_1_802' title='bbox 2196 4386 2369 4441; x_wconf 87' lang='lat' dir='ltr'><strong>neque</strong></span> <span class='ocrx_word' id='word_1_803' title='bbox 2404 4370 2572 4426; x_wconf 90' lang='lat' dir='ltr'><strong>Deum</strong></span> <span class='ocrx_word' id='word_1_804' title='bbox 2604 4372 2875 4436; x_wconf 85' lang='lat' dir='ltr'><strong>obtinere,</strong></span> <span class='ocrx_word' id='word_1_805' title='bbox 2909 4389 3084 4442; x_wconf 89' lang='lat' dir='ltr'><strong>neque</strong></span> <span class='ocrx_word' id='word_1_806' title='bbox 3106 4390 3200 4444; x_wconf 78' lang='lat' dir='ltr'><strong>per</strong></span> <span class='ocrx_word' id='word_1_807' title='bbox 3242 4377 3500 4443; x_wconf 87' lang='lat' dir='ltr'><strong>spiritalis</strong></span> 
     </span>
    </p>
   </div>
   <div class='ocr_carea' id='block_1_105' title="bbox 1935 4463 3500 4536">
    <p class='ocr_par' dir='ltr' id='par_1_105' title="bbox 1935 4463 3500 4536">
     <span class='ocr_line' id='line_1_105' title="bbox 1935 4463 3500 4536; baseline 0.004 -18"><span class='ocrx_word' id='word_1_808' title='bbox 1935 4463 2316 4518; x_wconf 71' lang='lat' dir='ltr'><strong>familiaritatis</strong></span> <span class='ocrx_word' id='word_1_809' title='bbox 2343 4465 2558 4519; x_wconf 90' lang='lat' dir='ltr'><strong>modum</strong></span> <span class='ocrx_word' id='word_1_810' title='bbox 2590 4465 2696 4518; x_wconf 84' lang='lat' dir='ltr'><strong>ulla</strong></span> <span class='ocrx_word' id='word_1_811' title='bbox 2743 4466 2954 4520; x_wconf 87' lang='lat' dir='ltr'><strong>ratione</strong></span> <span class='ocrx_word' id='word_1_812' title='bbox 2977 4467 3030 4520; x_wconf 93' lang='lat' dir='ltr'><strong>in</strong></span> <span class='ocrx_word' id='word_1_813' title='bbox 3056 4469 3172 4536; x_wconf 89' lang='lat' dir='ltr'><strong>ipso</strong></span> <span class='ocrx_word' id='word_1_814' title='bbox 3197 4469 3500 4524; x_wconf 88' lang='lat' dir='ltr'><strong>consistere</strong></span> 
     </span>
    </p>
   </div>
   <div class='ocr_carea' id='block_1_106' title="bbox 1860 4541 2149 4624">
    <p class='ocr_par' dir='ltr' id='par_1_106' title="bbox 1860 4541 2149 4624">
     <span class='ocr_line' id='line_1_106' title="bbox 1860 4541 2149 4624; baseline -0.014 -13"><span class='ocrx_word' id='word_1_815' title='bbox 1860 4541 1904 4595; x_wconf 84' lang='grc' dir='ltr'><strong>Ῑ)</strong></span> <span class='ocrx_word' id='word_1_816' title='bbox 1930 4553 2149 4624; x_wconf 88' lang='lat' dir='ltr'><strong>poterit.</strong></span> 
     </span>
    </p>
   </div>
   <div class='ocr_carea' id='block_1_107' title="bbox 2004 4645 3498 4718">
    <p class='ocr_par' dir='ltr' id='par_1_107' title="bbox 2004 4645 3498 4718">
     <span class='ocr_line' id='line_1_107' title="bbox 2004 4645 3498 4718; baseline 0.004 -20"><span class='ocrx_word' id='word_1_817' title='bbox 2004 4665 2024 4698; x_wconf 71' lang='grc' dir='ltr'><strong>α</strong></span> <span class='ocrx_word' id='word_1_818' title='bbox 2064 4645 2254 4702; x_wconf 88' lang='lat' dir='ltr'><strong>Omnis</strong></span> <span class='ocrx_word' id='word_1_819' title='bbox 2283 4647 2372 4716; x_wconf 92' lang='lat' dir='ltr'><strong>qui</strong></span> <span class='ocrx_word' id='word_1_820' title='bbox 2393 4648 2565 4702; x_wconf 87' lang='lat' dir='ltr'><strong>credit</strong></span> <span class='ocrx_word' id='word_1_821' title='bbox 2593 4647 2851 4718; x_wconf 88' lang='lat' dir='ltr'><strong>quoniam</strong></span> <span class='ocrx_word' id='word_1_822' title='bbox 2902 4645 3062 4703; x_wconf 86' lang='lat' dir='ltr'><strong>Jesus</strong></span> <span class='ocrx_word' id='word_1_823' title='bbox 3106 4657 3190 4703; x_wconf 87' lang='lat' dir='ltr'><strong>est</strong></span> <span class='ocrx_word' id='word_1_824' title='bbox 3222 4649 3498 4715; x_wconf 81' lang='lat' dir='ltr'><strong>Christus,</strong></span> 
     </span>
    </p>
   </div>
   <div class='ocr_carea' id='block_1_108' title="bbox 1929 4737 3502 4808">
    <p class='ocr_par' dir='ltr' id='par_1_108' title="bbox 1929 4737 3502 4808">
     <span class='ocr_line' id='line_1_108' title="bbox 1929 4737 3502 4808; baseline 0.004 -17"><span class='ocrx_word' id='word_1_825' title='bbox 1929 4751 1994 4792; x_wconf 78' lang='lat' dir='ltr'><strong>ex</strong></span> <span class='ocrx_word' id='word_1_826' title='bbox 2024 4737 2134 4792; x_wconf 87' lang='lat' dir='ltr'><strong>Deo</strong></span> <span class='ocrx_word' id='word_1_827' title='bbox 2161 4749 2321 4793; x_wconf 89' lang='lat' dir='ltr'><strong>natus</strong></span> <span class='ocrx_word' id='word_1_828' title='bbox 2355 4748 2442 4794; x_wconf 87' lang='lat' dir='ltr'><strong>est</strong></span> <span class='ocrx_word' id='word_1_829' title='bbox 2470 4739 2536 4792; x_wconf 80' lang='lat'><strong>&quot;.</strong></span> <span class='ocrx_word' id='word_1_830' title='bbox 2560 4757 2578 4791; x_wconf 79' lang='grc' dir='ltr'><strong>ι</strong></span> <span class='ocrx_word' id='word_1_831' title='bbox 2615 4738 2717 4805; x_wconf 86' lang='lat' dir='ltr'><strong>Qui</strong></span> <span class='ocrx_word' id='word_1_832' title='bbox 2759 4739 2925 4808; x_wconf 82' lang='lat' dir='ltr'><strong>igitur</strong></span> <span class='ocrx_word' id='word_1_833' title='bbox 2981 4739 3034 4793; x_wconf 91' lang='lat' dir='ltr'><strong>id</strong></span> <span class='ocrx_word' id='word_1_834' title='bbox 3069 4754 3178 4794; x_wconf 88' lang='lat' dir='ltr'><strong>non</strong></span> <span class='ocrx_word' id='word_1_835' title='bbox 3209 4743 3404 4807; x_wconf 87' lang='lat' dir='ltr'><strong>credit,</strong></span> <span class='ocrx_word' id='word_1_836' title='bbox 3456 4744 3502 4797; x_wconf 89' lang='lat' dir='ltr'><strong>is</strong></span> 
     </span>
    </p>
   </div>
   <div class='ocr_carea' id='block_1_109' title="bbox 1933 4829 3499 4901">
    <p class='ocr_par' dir='ltr' id='par_1_109' title="bbox 1933 4829 3499 4901">
     <span class='ocr_line' id='line_1_109' title="bbox 1933 4829 3499 4901; baseline 0.003 -18"><span class='ocrx_word' id='word_1_837' title='bbox 1933 4829 2073 4884; x_wconf 90' lang='lat' dir='ltr'><strong>inter</strong></span> <span class='ocrx_word' id='word_1_838' title='bbox 2105 4830 2196 4884; x_wconf 90' lang='lat' dir='ltr'><strong>Dei</strong></span> <span class='ocrx_word' id='word_1_839' title='bbox 2223 4830 2361 4886; x_wconf 80' lang='lat' dir='ltr'><strong>tilios</strong></span> <span class='ocrx_word' id='word_1_840' title='bbox 2388 4829 2574 4887; x_wconf 84' lang='lat' dir='ltr'><strong>haberi</strong></span> <span class='ocrx_word' id='word_1_841' title='bbox 2610 4831 2819 4901; x_wconf 88' lang='lat' dir='ltr'><strong>nequit.</strong></span> <span class='ocrx_word' id='word_1_842' title='bbox 2877 4829 3010 4885; x_wconf 66' lang='lat' dir='ltr'><strong>I‘am</strong></span> <span class='ocrx_word' id='word_1_843' title='bbox 3044 4831 3090 4886; x_wconf 88' lang='lat' dir='ltr'><strong>si</strong></span> <span class='ocrx_word' id='word_1_844' title='bbox 3126 4833 3194 4887; x_wconf 89' lang='lat' dir='ltr'><strong>iis</strong></span> <span class='ocrx_word' id='word_1_845' title='bbox 3221 4834 3499 4898; x_wconf 90' lang='lat' dir='ltr'><strong>omnibus,</strong></span> 
     </span>
    </p>
   </div>
   <div class='ocr_carea' id='block_1_110' title="bbox 1935 4919 3502 4992">
    <p class='ocr_par' dir='ltr' id='par_1_110' title="bbox 1935 4919 3502 4992">
     <span class='ocr_line' id='line_1_110' title="bbox 1935 4919 3502 4992; baseline 0.003 -18"><span class='ocrx_word' id='word_1_846' title='bbox 1935 4921 2026 4990; x_wconf 91' lang='lat' dir='ltr'><strong>qui</strong></span> <span class='ocrx_word' id='word_1_847' title='bbox 2055 4919 2251 4976; x_wconf 85' lang='lat' dir='ltr'><strong>Filium</strong></span> <span class='ocrx_word' id='word_1_848' title='bbox 2303 4932 2644 4990; x_wconf 86' lang='lat' dir='ltr'><strong>receperunt,</strong></span> <span class='ocrx_word' id='word_1_849' title='bbox 2688 4932 3010 4992; x_wconf 88' lang='lat' dir='ltr'><strong>potestatem</strong></span> <span class='ocrx_word' id='word_1_850' title='bbox 3055 4923 3202 4978; x_wconf 91' lang='lat' dir='ltr'><strong>dedit</strong></span> <span class='ocrx_word' id='word_1_851' title='bbox 3233 4925 3372 4980; x_wconf 82' lang='lat' dir='ltr'><strong>illios</strong></span> <span class='ocrx_word' id='word_1_852' title='bbox 3411 4924 3502 4980; x_wconf 89' lang='lat' dir='ltr'><strong>Dei</strong></span> 
     </span>
    </p>
   </div>
   <div class='ocr_carea' id='block_1_111' title="bbox 1937 5011 3504 5085">
    <p class='ocr_par' dir='ltr' id='par_1_111' title="bbox 1937 5011 3504 5085">
     <span class='ocr_line' id='line_1_111' title="bbox 1937 5011 3504 5085; baseline 0.003 -19"><span class='ocrx_word' id='word_1_853' title='bbox 1937 5011 2074 5074; x_wconf 81' lang='lat' dir='ltr'><strong>ﬁeri,</strong></span> <span class='ocrx_word' id='word_1_854' title='bbox 2109 5027 2164 5067; x_wconf 88' lang='lat' dir='ltr'><strong>ut</strong></span> <span class='ocrx_word' id='word_1_855' title='bbox 2207 5013 2536 5085; x_wconf 73' lang='lat' dir='ltr'><strong>evangelista</strong></span> <span class='ocrx_word' id='word_1_856' title='bbox 2587 5023 2818 5068; x_wconf 85' lang='lat' dir='ltr'><strong>testatur</strong></span> <span class='ocrx_word' id='word_1_857' title='bbox 2845 5014 2926 5078; x_wconf 82' lang='lat'><strong>&quot;;</strong></span> <span class='ocrx_word' id='word_1_858' title='bbox 2956 5029 3294 5083; x_wconf 82' lang='lat' dir='ltr'><strong>consequens</strong></span> <span class='ocrx_word' id='word_1_859' title='bbox 3333 5017 3425 5081; x_wconf 88' lang='lat' dir='ltr'><strong>sit,</strong></span> <span class='ocrx_word' id='word_1_860' title='bbox 3459 5022 3504 5073; x_wconf 85' lang='lat' dir='ltr'><strong>si</strong></span> 
     </span>
    </p>
   </div>
   <div class='ocr_carea' id='block_1_112' title="bbox 1936 5104 3506 5175">
    <p class='ocr_par' dir='ltr' id='par_1_112' title="bbox 1936 5104 3506 5175">
     <span class='ocr_line' id='line_1_112' title="bbox 1936 5104 3506 5175; baseline 0.004 -19"><span class='ocrx_word' id='word_1_861' title='bbox 1936 5105 2026 5173; x_wconf 90' lang='lat' dir='ltr'><strong>qui</strong></span> <span class='ocrx_word' id='word_1_862' title='bbox 2055 5104 2205 5157; x_wconf 91' lang='lat' dir='ltr'><strong>illum</strong></span> <span class='ocrx_word' id='word_1_863' title='bbox 2237 5121 2344 5159; x_wconf 90' lang='lat' dir='ltr'><strong>non</strong></span> <span class='ocrx_word' id='word_1_864' title='bbox 2364 5105 2655 5175; x_wconf 86' lang='lat' dir='ltr'><strong>recipiunt,</strong></span> <span class='ocrx_word' id='word_1_865' title='bbox 2690 5120 2784 5159; x_wconf 86' lang='lat' dir='ltr'><strong>eos</strong></span> <span class='ocrx_word' id='word_1_866' title='bbox 2810 5107 2954 5159; x_wconf 85' lang='lat' dir='ltr'><strong>inter</strong></span> <span class='ocrx_word' id='word_1_867' title='bbox 2988 5105 3080 5160; x_wconf 86' lang='lat' dir='ltr'><strong>Dei</strong></span> <span class='ocrx_word' id='word_1_868' title='bbox 3103 5106 3244 5162; x_wconf 82' lang='lat' dir='ltr'><strong>ﬁlius</strong></span> <span class='ocrx_word' id='word_1_869' title='bbox 3297 5112 3506 5163; x_wconf 69' lang='lat' dir='ltr'><strong>censeri</strong></span> 
     </span>
    </p>
   </div>
   <div class='ocr_carea' id='block_1_113' title="bbox 1939 5192 3507 5268">
    <p class='ocr_par' dir='ltr' id='par_1_113' title="bbox 1939 5192 3507 5268">
     <span class='ocr_line' id='line_1_113' title="bbox 1939 5192 3507 5268; baseline 0.004 -21"><span class='ocrx_word' id='word_1_870' title='bbox 1939 5212 2042 5248; x_wconf 87' lang='lat' dir='ltr'><strong>non</strong></span> <span class='ocrx_word' id='word_1_871' title='bbox 2083 5211 2272 5266; x_wconf 87' lang='lat' dir='ltr'><strong>posse;</strong></span> <span class='ocrx_word' id='word_1_872' title='bbox 2307 5204 2366 5250; x_wconf 90' lang='lat' dir='ltr'><strong>ut</strong></span> <span class='ocrx_word' id='word_1_873' title='bbox 2394 5198 2482 5266; x_wconf 89' lang='lat' dir='ltr'><strong>qui</strong></span> <span class='ocrx_word' id='word_1_874' title='bbox 2519 5192 2665 5264; x_wconf 84' lang='lat' dir='ltr'><strong>eum,</strong></span> <span class='ocrx_word' id='word_1_875' title='bbox 2699 5212 2796 5268; x_wconf 87' lang='lat' dir='ltr'><strong>per</strong></span> <span class='ocrx_word' id='word_1_876' title='bbox 2813 5212 2972 5267; x_wconf 88' lang='lat' dir='ltr'><strong>quem</strong></span> <span class='ocrx_word' id='word_1_877' title='bbox 3005 5197 3106 5252; x_wconf 89' lang='lat' dir='ltr'><strong>hoc</strong></span> <span class='ocrx_word' id='word_1_878' title='bbox 3150 5198 3328 5266; x_wconf 81' lang='lat' dir='ltr'><strong>ipsum</strong></span> <span class='ocrx_word' id='word_1_879' title='bbox 3365 5200 3507 5254; x_wconf 83' lang='lat' dir='ltr'><strong>lice-</strong></span> 
     </span>
    </p>
   </div>
   <div class='ocr_carea' id='block_1_114' title="bbox 1942 5286 2554 5356">
    <p class='ocr_par' dir='ltr' id='par_1_114' title="bbox 1942 5286 2554 5356">
     <span class='ocr_line' id='line_1_114' title="bbox 1942 5286 2554 5356; baseline 0.007 -18"><span class='ocrx_word' id='word_1_880' title='bbox 1942 5286 2053 5347; x_wconf 88' lang='lat' dir='ltr'><strong>bat,</strong></span> <span class='ocrx_word' id='word_1_881' title='bbox 2082 5301 2187 5340; x_wconf 91' lang='lat' dir='ltr'><strong>non</strong></span> <span class='ocrx_word' id='word_1_882' title='bbox 2215 5287 2554 5356; x_wconf 81' lang='lat' dir='ltr'><strong>agnoverint.</strong></span> 
     </span>
    </p>
   </div>
   <div class='ocr_carea' id='block_1_115' title="bbox 2027 5373 3511 5445">
    <p class='ocr_par' dir='ltr' id='par_1_115' title="bbox 2027 5373 3511 5445">
     <span class='ocr_line' id='line_1_115' title="bbox 2027 5373 3511 5445; baseline 0.003 -20"><span class='ocrx_word' id='word_1_883' title='bbox 2027 5391 2047 5425; x_wconf 76' lang='grc' dir='ltr'><strong>ι</strong></span> <span class='ocrx_word' id='word_1_884' title='bbox 2085 5375 2217 5442; x_wconf 85' lang='lat' dir='ltr'><strong>Quis</strong></span> <span class='ocrx_word' id='word_1_885' title='bbox 2247 5384 2330 5431; x_wconf 87' lang='lat' dir='ltr'><strong>est</strong></span> <span class='ocrx_word' id='word_1_886' title='bbox 2366 5376 2459 5443; x_wconf 93' lang='lat' dir='ltr'><strong>qui</strong></span> <span class='ocrx_word' id='word_1_887' title='bbox 2505 5375 2676 5430; x_wconf 86' lang='lat' dir='ltr'><strong>vincit</strong></span> <span class='ocrx_word' id='word_1_888' title='bbox 2728 5375 3011 5440; x_wconf 90' lang='lat' dir='ltr'><strong>mundum,</strong></span> <span class='ocrx_word' id='word_1_889' title='bbox 3056 5373 3159 5430; x_wconf 91' lang='lat' dir='ltr'><strong>nisi</strong></span> <span class='ocrx_word' id='word_1_890' title='bbox 3195 5375 3286 5445; x_wconf 92' lang='lat' dir='ltr'><strong>qui</strong></span> <span class='ocrx_word' id='word_1_891' title='bbox 3338 5376 3511 5432; x_wconf 88' lang='lat' dir='ltr'><strong>credit</strong></span> 
     </span>
    </p>
   </div>
   <div class='ocr_carea' id='block_1_116' title="bbox 1940 5465 3512 5536">
    <p class='ocr_par' dir='ltr' id='par_1_116' title="bbox 1940 5465 3512 5536">
     <span class='ocr_line' id='line_1_116' title="bbox 1940 5465 3512 5536; baseline 0.004 -21"><span class='ocrx_word' id='word_1_892' title='bbox 1940 5467 2195 5534; x_wconf 84' lang='lat' dir='ltr'><strong>quoniam</strong></span> <span class='ocrx_word' id='word_1_893' title='bbox 2221 5465 2382 5523; x_wconf 86' lang='lat' dir='ltr'><strong>Jesus</strong></span> <span class='ocrx_word' id='word_1_894' title='bbox 2407 5477 2490 5522; x_wconf 92' lang='lat' dir='ltr'><strong>est</strong></span> <span class='ocrx_word' id='word_1_895' title='bbox 2514 5468 2684 5522; x_wconf 84' lang='lat' dir='ltr'><strong>Filius</strong></span> <span class='ocrx_word' id='word_1_896' title='bbox 2707 5466 2835 5521; x_wconf 89' lang='lat' dir='ltr'><strong>Dei?</strong></span> <span class='ocrx_word' id='word_1_897' title='bbox 2871 5465 2967 5520; x_wconf 89' lang='lat' dir='ltr'><strong>Hic</strong></span> <span class='ocrx_word' id='word_1_898' title='bbox 2991 5477 3074 5521; x_wconf 89' lang='lat' dir='ltr'><strong>est</strong></span> <span class='ocrx_word' id='word_1_899' title='bbox 3099 5467 3188 5536; x_wconf 90' lang='lat' dir='ltr'><strong>qui</strong></span> <span class='ocrx_word' id='word_1_900' title='bbox 3222 5468 3369 5521; x_wconf 89' lang='lat' dir='ltr'><strong>venit</strong></span> <span class='ocrx_word' id='word_1_901' title='bbox 3416 5484 3512 5536; x_wconf 78' lang='lat' dir='ltr'><strong>per</strong></span> 
     </span>
    </p>
   </div>
   <div class='ocr_carea' id='block_1_117' title="bbox 1945 5557 3509 5636">
    <p class='ocr_par' dir='ltr' id='par_1_117' title="bbox 1945 5557 3509 5636">
     <span class='ocr_line' id='line_1_117' title="bbox 1945 5557 3509 5636; baseline 0.006 -28"><span class='ocrx_word' id='word_1_902' title='bbox 1945 5573 2141 5627; x_wconf 89' lang='lat' dir='ltr'><strong>aquam</strong></span> <span class='ocrx_word' id='word_1_903' title='bbox 2173 5569 2228 5614; x_wconf 90' lang='lat' dir='ltr'><strong>et</strong></span> <span class='ocrx_word' id='word_1_904' title='bbox 2273 5561 2591 5631; x_wconf 80' lang='lat' dir='ltr'><strong>sanguinem</strong></span> <span class='ocrx_word' id='word_1_905' title='bbox 2621 5559 2778 5616; x_wconf 82' lang='lat' dir='ltr'><strong>Jcsus</strong></span> <span class='ocrx_word' id='word_1_906' title='bbox 2803 5557 3052 5636; x_wconf 83' lang='lat' dir='ltr'><strong>Christus</strong></span> <span class='ocrx_word' id='word_1_907' title='bbox 3086 5577 3100 5614; x_wconf 90' lang='lat'>:</span> <span class='ocrx_word' id='word_1_908' title='bbox 3135 5573 3240 5614; x_wconf 91' lang='lat' dir='ltr'><strong>non</strong></span> <span class='ocrx_word' id='word_1_909' title='bbox 3279 5561 3329 5615; x_wconf 95' lang='lat' dir='ltr'><strong>iu</strong></span> <span class='ocrx_word' id='word_1_910' title='bbox 3371 5579 3509 5631; x_wconf 84' lang='lat' dir='ltr'><strong>aqua</strong></span> 
     </span>
    </p>
   </div>
   <div class='ocr_carea' id='block_1_118' title="bbox 2130 5727 3512 5799">
    <p class='ocr_par' dir='ltr' id='par_1_118' title="bbox 2130 5727 3512 5799">
     <span class='ocr_line' id='line_1_118' title="bbox 2130 5727 3512 5799; baseline 0.002 -16"><span class='ocrx_word' id='word_1_911' title='bbox 2130 5729 2173 5760; x_wconf 84' lang='grc'>⁸⁷</span> <span class='ocrx_word' id='word_1_912' title='bbox 2207 5727 2367 5786; x_wconf 87' lang='lat' dir='ltr'><strong>Joao.</strong></span> <span class='ocrx_word' id='word_1_913' title='bbox 2401 5745 2473 5799; x_wconf 88' lang='lat' dir='ltr'><strong>tv,</strong></span> <span class='ocrx_word' id='word_1_914' title='bbox 2508 5730 2692 5787; x_wconf 61' lang='lat'><strong>1446.</strong></span> <span class='ocrx_word' id='word_1_915' title='bbox 2739 5733 2786 5765; x_wconf 78' lang='lat'><strong>&quot;</strong></span> <span class='ocrx_word' id='word_1_916' title='bbox 2831 5731 2848 5787; x_wconf 97' lang='lat' dir='ltr'><strong>l</strong></span> <span class='ocrx_word' id='word_1_917' title='bbox 2883 5730 3039 5788; x_wconf 86' lang='lat' dir='ltr'><strong>Joan.</strong></span> <span class='ocrx_word' id='word_1_918' title='bbox 3064 5747 3118 5799; x_wconf 84' lang='grc' dir='ltr'><strong>ν,</strong></span> <span class='ocrx_word' id='word_1_919' title='bbox 3152 5733 3202 5788; x_wconf 78' lang='grc'>1.</span> <span class='ocrx_word' id='word_1_920' title='bbox 3280 5734 3326 5766; x_wconf 78' lang='grc'>⁸³</span> <span class='ocrx_word' id='word_1_921' title='bbox 3356 5730 3512 5790; x_wconf 79' lang='lat' dir='ltr'><strong>Joan.</strong></span> 
     </span>
    </p>
   </div>
  </div>
