4000 6326
505 361 636 416 19.81

1516 358 1573 414 S.
1618 356 1881 411 CYltll.l.l
1924 354 2390 411 ALEXANDNNI
2433 356 2753 411 ARCIIIEP.

3629 352 3800 406 1288

504 478 709 539 solum,
766 474 857 527 sed
918 477 969 528 in
1006 490 1139 543 aqua
1178 485 1228 527 et
1267 474 1547 544 sanguine.
1587 476 1653 528 Et
1704 475 1949 543 Spiritus
1996 484 2075 527 est

2200 474 2338 537 ιτός·
2377 474 2475 526 οὐκ
2506 476 2562 526 ἐν
2588 472 2665 542 τῷ
2714 471 2864 524 ὕδατι
2905 471 3085 541 μόνον,
3120 469 3233 523 ἀλλ’
3274 470 3330 521 ὲν
3361 468 3437 538 τῷ
3474 467 3629 521 ὕδατι
3678 468 3794 519 καὶ

502 568 593 636 qui
630 566 953 618 testiﬁcatur
988 565 1244 634 quoniam
1283 566 1517 632 Spiritus
1544 574 1624 617 est
1662 564 1885 617 veritas.
1936 562 2079 628 Quo-

505 658 649 709 niam
688 665 799 708 tres
833 664 981 717 sunt,
1014 654 1106 721 qui
1145 653 1512 707 testimonium
1571 654 1703 706 dant.
1738 670 1749 704 :
1814 649 2079 717 Spiritus.

503 763 665 815 aqua,
698 757 751 800 et
775 746 1034 812 sanguis;
1065 756 1119 798 et
1157 746 1209 797 hi
1243 757 1352 798 tres
1382 762 1548 798 unum
1591 756 1718 797 sunt
1745 743 1814 799 ω.
1845 762 1863 793 ›
1923 740 2080 794 Mun-

504 844 632 893 dum
663 844 843 907 itaque
864 839 1052 901 vincit,
1085 839 1176 907 qui
1241 837 1415 890 credit
1475 836 1658 890 Jesum
1717 850 1836 888 esse
1886 833 2081 887 Filium

510 932 622 986 Dei.
650 930 817 985 Porro
850 939 1028 983 autem
1053 930 1298 997 quisnam
1339 925 1498 981 Jesns
1528 927 1615 979 ille
1655 928 1747 988 sit,
1774 927 1825 979 id
1860 927 1975 993 ipse
2004 923 2084 976 di-

507 1024 746 1093 scipulus
775 1020 904 1075 Jesu
929 1020 1195 1090 ejusmodi
1229 1020 1410 1071 verbis
1445 1019 1600 1071 nobis
1626 1016 1885 1084 exponit:
1926 1034 1942 1063 ι
1968 1012 2085 1082 Ipso

506 1126 612 1179 eet,
646 1114 841 1182 inquit,
868 1114 959 1179 qui
990 1114 1130 1162 venit
1156 1124 1252 1177 per
1278 1124 1470 1176 aquam
1492 1122 1544 1160 et
1573 1107 1893 1176 sanguinem
1928 1102 2085 1157 Iesus

508 1206 783 1262 Christus.
815 1223 834 1257 ι
874 1202 1182 1270 Utrumque
1210 1201 1405 1253 asserit
1452 1199 1503 1251 in
1529 1200 1793 1266 sanguine
1826 1198 2082 1249 nimirum

508 1300 743 1361 venisse,
767 1306 813 1350 et
842 1294 1050 1361 Spiritu
1078 1312 1092 1359 ;
1124 1302 1178 1347 et
1206 1302 1315 1345 tres
1344 1307 1402 1343 ru
1416 1307 1559 1343 rsum
1592 1306 1755 1343 unum
1782 1304 1925 1342 esse.
1957 1287 2087 1342 V’er-

508 1390 633 1443 bum
666 1390 848 1457 itaque
874 1386 1074 1440 factum
1112 1394 1197 1438 est
1226 1398 1375 1449 caro,
1418 1383 1561 1452 quod
1593 1380 1798 1448 Spiritu
1838 1396 1934 1433 nos
1964 1395 2088 1432 san-

512 1484 731 1544 rtilicat,
792 1488 843 1530 et
881 1477 1147 1547 sanguine
1190 1491 1294 1530 nos
1349 1477 1554 1543 ειμὶίιι,
1616 1484 1669 1526 et
1718 1488 1855 1542 aqua
1890 1471 2087 1525 munda

509 1586 608 1625 nos
634 1571 821 1623 abluit.
871 1568 1021 1624 Unus
1059 1576 1241 1621 t:nnen
1267 1566 1493 1620 ninniuo
1546 1574 1630 1620 est
1683 1564 1871 1625 Filius,
1935 1563 2089 1629 cujus

511 1664 775 1733 Spiritum
808 1672 861 1714 et
889 1676 1111 1728 aquam,
1157 1668 1213 1713 et
1241 1658 1561 1725 sanguinem
1594 1670 1714 1709 esse
1749 1654 2011 1709 dicimus.

586 1773 603 1805 ι
637 1754 692 1807 Si
726 1752 1099 1806 testimonium
1151 1751 1431 1803 hominum
1478 1748 1796 1817 accipimus,
1849 1748 2091 1799 testimo-

2185 568 2396 635 αἵματι.
2440 566 2551 619 Καὶ
2598 565 2656 617 τὸ
2703 562 3072 633 Πνεῦμάνὲστι
3106 561 3167 613 τὸ
3208 559 3545 631 μαρτυροῦν,
3587 560 3677 611 ὅτι
3724 559 3798 610 τὸ

2188 657 2411 726 Πνεῦμα
2446 659 2593 709 ἐστιν
2628 655 2889 727 ἀλήθειαο
2940 654 3023 707 ὅτι
3069 655 3222 724 τρεῖς
3274 651 3651 722 μαρτυροῦσι·
3726 651 3797 703 τὸ

2188 749 2428 818 Πνεῦμα.
2472 750 2567 801 καὶ
2593 749 2654 801 τὸ
2681 748 2846 817 ὕδωρ,
2878 746 2973 799 καὶ
3008 746 3069 798 τὸ
3115 739 3284 814 aitu-
3323 744 3414 796 καὶ
3441 745 3490 795 οἱ
3517 745 3677 813 τρεῖς
3728 742 3797 794 ’ἐν

2187 840 2314 891 εἰσι.
2358 860 2375 890 ι
2419 841 2563 911 Νικᾷ
2603 840 2699 910 μὲν
2727 840 2818 891 τὸν
2851 838 3056 906 κόσμον
3085 839 3113 889 6
3146 834 3413 889 πιστεύων
3438 836 3520 888 ὅτι
3558 833 3796 904 Ἰησοῦς

2186 932 2333 983 ἐστιν
2380 934 2405 983 6
2465 931 2589 993 Υἱὸς
2634 930 2723 982 τοῦ
2756 929 2914 983 Θεοῦ.
2956 928 3052 990 Τίς
3084 927 3140 979 δέ
3173 928 3316 979 ἐστιν
3353 924 3578 996 Ἰησοῦς,
3610 925 3797 986 αὐτὸς

2188 1025 2318 1093 ἡμῖν
2356 1025 2383 1075 ὁ
2424 1022 2599 1093 Ἰησοῦ
2653 1021 2902 1092 μαθητὴς
2953 1021 3233 1088 διατρανοί
3279 1018 3483 1081 λέγων’
3541 1038 3562 1068 ι
3602 1012 3797 1077 οὗτός

2191 1114 2339 1165 ἐστιν
2369 1115 2395 1165 6
2424 1112 2594 1165 ἐλθὼν
2644 1113 2710 1165 δι’
2758 1112 2949 1174 ὓδατος
2984 1110 3076 1162 καὶ
3123 1110 3351 1178 αἵματος
3395 1107 3599 1174 Ἰησοῦς
3642 1108 3796 1176 Χρι-

2192 1204 2335 1265 στός.
2375 1224 2391 1254 ι
2434 1204 2592 1257 Ἀλλὰ
2620 1204 2712 1257 καὶ
2738 1206 2795 1256 ἐν
2828 1202 3020 1272 αἵματί
3052 1217 3205 1271 φησι,
3254 1200 3345 1251 καὶ
3370 1202 3426 1250 ὲν
3458 1197 3791 1266 Πνεύματι·

2190 1297 2284 1348 καὶ
2314 1298 2440 1358 τοὺς
2468 1299 2614 1366 τρεῖς
2660 1295 2716 1348 ἒν
2768 1290 2905 1348 εἷναί
2952 1309 3135 1362 φησιν.
3192 1290 3399 1343 Οὐκοῦν
3443 1289 3635 1358 γέγονε
3677 1291 3796 1359 μὲν

2194 1389 2331 1459 σὰρξ
2362 1393 2387 1441 ὀ
2428 1390 2597 1457 Λόγος
2623 1431 2637 1454 ,
2685 1390 2903 1458 ἁγιάζει
2934 1389 2986 1441 δὲ
3022 1388 3168 1457 ἡμᾶς
3214 1385 3293 1456 τῷ
3330 1384 3643 1454 Πνεύματι,
3682 1384 3794 1436 καὶ

2192 1482 2479 1552 καθαρίζει
2525 1482 2603 1552 τῷ
2656 1482 2894 1552 αἵματι,
2966 1480 3060 1531 καὶ
3113 1477 3369 1530 ἀπολούει
3418 1477 3578 1529 πάλιν
3625 1475 3794 1527 ὕδατι

2193 1576 2443 1647 καθαρῷ.
2478 1572 2571 1640 Εἷς
2600 1577 2655 1629 δὲ
2684 1576 2747 1646 δὴ
2777 1576 2993 1637 παντως
3029 1578 3057 1627 6
3086 1574 3211 1636 Υἱὸς
3236 1616 3250 1639 ,
3284 1569 3344 1627 οὗ
3378 1574 3472 1625 καὶ
3499 1568 3639 1624 εἷναί
3674 1588 3793 1638 φα·

2196 1686 2294 1737 μεν
2327 1671 2387 1719 τὸ
2416 1668 2660 1739 Πνεῦμα,
2696 1669 2790 1721 καὶ
2828 1668 2888 1721 τὸ
2919 1668 3085 1737 ὕδωρ,
3115 1667 3206 1719 καὶ
3236 1666 3294 1719 τὸ
3326 1661 3484 1735 αἷμα.

2271 1780 2287 1809 ι
2330 1762 2390 1812 Εἰ
2418 1761 2513 1829 τὴν
2547 1760 2858 1831 μαρτυρίαν
2899 1761 3008 1821 τῶν
3045 1759 3349 1829 ἀνθρώπων
3394 1757 3785 1827 λαμϐάνομεν,

511 1845 658 1898 nium
699 1845 789 1897 Dei
820 1842 995 1910 majus
1021 1851 1105 1894 est
1134 1861 1145 1895 :
1179 1840 1434 1909 quoniam
1473 1840 1574 1892 hoc
1606 1849 1688 1891 est
1716 1837 2086 1891 testimonium

2200 1854 2227 1921 ἡ
2262 1853 2533 1922 μαρτυρία
2565 1852 2659 1905 τοῦ
2690 1853 2826 1905 Θεοῦ
2873 1853 3075 1923 μείζων
3108 1854 3290 1903 ἐστίν·
3320 1853 3399 1904 ὅτι
3440 1850 3579 1921 αὕτη
3630 1852 3789 1903 ἐστὶν

514 1937 628 1999 Dei,
658 1935 797 2004 quod
832 1934 1007 2002 majus
1045 1942 1150 1995 est,
1196 1930 1453 2001 quoniam
1521 1928 1842 1981 testiﬁcatus
1890 1932 1974 1979 est
2028 1926 2094 1978 de

513 2027 650 2081 Filio
681 2042 798 2080 suo.
835 2024 938 2089 Qui
966 2024 1138 2076 credit
1163 2024 1214 2074 in
1262 2019 1459 2074 Filium
1496 2017 1612 2081 Dei,
1644 2016 1807 2069 habet
1851 2015 2095 2068 testimo-

513 2121 661 2174 nium
692 2120 785 2173 Dci
824 2120 874 2170 in
916 2130 997 2172 se.
1040 2115 1139 2180 Qui
1194 2129 1297 2167 non
1334 2113 1509 2166 credit
1561 2108 1717 2174 Filio,
1772 2111 2089 2161 mendacem

522 2212 653 2265 facit
685 2226 830 2275 ειιιιιι,
860 2208 987 2276 quia
1026 2221 1131 2259 non
1180 2205 1354 2258 credit
1409 2204 1460 2256 in
1515 2202 1907 2263 tesdmonium,
1950 2200 2093 2269 quod

516 2307 654 2357 hens
690 2305 1020 2356 testiﬁcatus
1048 2311 1128 2350 est
1151 2298 1214 2350 de
1237 2294 1373 2349 Filio
1398 2309 1495 2347 suo
1514 2295 1579 2346 °‘.
1609 2313 1626 2343 ι
1674 2292 1739 2345 Et
1763 2291 1995 2359 Spiritu,
2029 2300 2083 2343 et

516 2410 648 2449 voce
683 2395 843 2448 l‘ater
876 2391 1012 2445 Filio
1050 2390 1163 2459 96
1197 2388 1577 2440 testimonium
1628 2385 1918 2453 perhibuit.
1958 2381 2094 2435 Nam

513 2504 701 2541 verum
730 2488 874 2540 illum
903 2486 1019 2552 ejus
1041 2497 1163 2536 esse
1187 2479 1409 2541 Filium,
1476 2480 1579 2532 hoc
1643 2480 1761 2547 ipso
1826 2484 2088 2530 testatum

514 2583 674 2639 nobis
709 2581 799 2641 sit,
828 2575 974 2644 quod
1004 2576 1269 2643 Spiritum
1324 2582 1572 2626 sanctum
1607 2569 2097 2640 perficiendorum-

513 2690 619 2743 que
650 2670 1039 2726 miraculorum
1074 2669 1178 2719 vim
1204 2666 1411 2719 sanctis
1452 2664 1566 2731 ipse
1597 2645 1842 2727 dilargiri
1898 2659 2092 2728 potuit.

518 2768 695 2832 Atque
729 2762 832 2815 huc
859 2760 1045 2827 utique
1081 2757 1356 2816 tendebat,
1386 2755 1624 2822 quando,
1660 2771 1678 2803 ι
1715 2751 1805 2805 Ille
1826 2766 1908 2803 me
1938 2750 2098 2803 ciari-

519 2856 702 2908 licabit
730 2852 799 2915 ",
841 2872 859 2902 ι
927 2851 1126 2903 aiebat.
1154 2847 1272 2900 Alio
1304 2860 1516 2915 quoque
1536 2846 1692 2898 modo
1728 2842 2094 2896 testimonium

515 2949 691 3002 vident
732 2944 1027 3012 perhibuit.
1066 2942 1122 2994 Si
1154 2940 1371 3008 quidem
1420 2941 1469 2991 in
1522 2937 1757 2990 Jordane
1827 2933 2094 3002 ejusmodi

516 3040 691 3109 tsiogio
724 3038 873 3093 illum
907 3034 1261 3089 clariﬁcas-it:
1300 3049 1318 3082 ‹
1357 3028 1475 3094 llic,
1512 3030 1607 3092 ait,
1640 3027 1915 3082 iestFilius
1939 3041 2094 3079 meus

519 3132 772 3193 dilectus,
805 3130 859 3181 in
894 3140 1002 3196 quo
1034 3124 1166 3178 mihi
1200 3124 1337 3177 bene
1361 3121 1661 3189 complacui
1688 3119 1756 3171 ⁸³.
1791 3137 1811 3172 ι
1854 3118 2096 3184 Quicun-

2196 1947 2229 2015 ἡ
2280 1946 2553 2015 μαρτυρία
2595 1945 2689 1998 τοῦ
2725 1945 2883 2007 Θεοῦ,
2938 1946 3018 1997 ὅτι
3066 1944 3459 2015 μεμαρτύρηκε
3505 1946 3636 2012 περὶ
3680 1945 3815 1996 τοῦ⁹

2197 2037 2328 2089 Υίοῦ
2382 2036 2568 2091 αὑτοῦ.
2620 2038 2678 2089 '0
2717 2038 2987 2090 πιστεύων
3032 2038 3111 2100 είς
3157 2037 3247 2088 τὸν
3294 2036 3420 2088 Υἱδν
3461 2036 3555 2089 τοῦ
3613 2036 3783 2098 Θεοῦ,

2196 2129 2310 2197 ἔχει
2351 2130 2447 2199 τὴν
2498 2129 2804 2200 μαρτυρίαν
2846 2132 2903 2181 ὲν
2935 2130 3131 2200 ἐαυτῷ.
3174 2129 3231 2182 ’0
3270 2130 3344 2199 μὴ
3395 2128 3668 2182 πιστεύων
3700 2130 3785 2197 τῷ

2195 2220 2335 2289 Θεῷ,
2367 2219 2608 2290 ψεύστην
2660 2222 2956 2290 πεποίηκεν
2988 2221 3169 2283 αὑτὸν,
3200 2223 3281 2275 ὅτι
3318 2222 3417 2273 οὐκ
3454 2221 3785 2273 ἐπίστευσεν

2196 2313 2275 2373 είς
2318 2313 2418 2381 τὴν
2477 2313 2804 2382 μαρτυρίαν,
2840 2315 2907 2382 ἢν
2946 2312 3299 2384 ἐμαρτύρησε
3334 2315 3457 2383 περὶ
3504 2313 3601 2365 τοῦ
3647 2313 3784 2366 Tia-3

2196 2403 2383 2456 αὑτοῦ.
2429 2424 2447 2455 ι
2493 2406 2937 2475 Μεμαρτύρηκεν
2985 2410 3013 2458 ὀ
3051 2407 3237 2476 Πατὴρ
3270 2406 3349 2475 τῷ
3382 2405 3491 2475 Υίῷ
3539 2406 3632 2458 διὰ
3681 2407 3781 2459 τοῦ

2198 2495 2553 2565 Πνεύματος,
2598 2498 2694 2550 καὶ
2733 2498 2824 2551 διὰ
2874 2500 3088 2567 φωνῆς’
3136 2500 3217 2552 ὅτι
3263 2499 3372 2570 γὰρ
3413 2500 3560 2551 ἐστιν
3612 2498 3784 2551 αὐτοῦ

2198 2588 2337 2640 κατά
2398 2589 2674 2659 ἀλήθειαν,
2734 2593 3134 2661 μαρτυρήσειεν
3186 2592 3250 2645 ἂν
3297 2591 3359 2643 τὸ
3390 2594 3651 2662 χορηγεῖν
3685 2591 3783 2644 δύο

2198 2679 2390 2733 νασθαι
2435 2683 2546 2744 τοῖς
2578 2682 2755 2749 ἁγίοις
2787 2683 2848 2735 τὸ
2892 2682 3117 2749 Πνεῦμα
3159 2684 3339 2748 αὑτὸν,
3388 2685 3477 2736 καὶ
3510 2684 3576 2736 δι’
3610 2684 3780 2736 αὑτοῦ

2198 2768 2457 2837 δυνάμεις
2487 2772 2754 2842 ἐνεργεῖν.
2794 2774 2901 2825 Καὶ
2930 2772 3061 2840 γοῦν
3094 2772 3348 2841 ἔφασκεν,
3382 2774 3464 2825 ὅτι
3497 2792 3513 2824 ι
3539 2773 3784 2835 Ἐκεῖνος

2201 2862 2302 2931 ἐμὲ
2345 2864 2578 2928 δοξάσει.
2633 2884 2649 2915 ι
2707 2865 3119 2937 Μεμαρτύρηκε
3174 2868 3229 2919 δὲ
3282 2867 3375 2919 καὶ
3426 2866 3547 2919 καθ’
3588 2868 3781 2933 ’ἕτερον

2198 2953 2400 3022 τρόπον
2425 2970 2437 2981 °
2470 2954 2687 3021 ἐδόξατε
2710 2964 2730 2991 ³
2772 2957 2878 3025 γὰρ
2908 2957 3073 3009 αὑτὸν
3104 2959 3160 3010 ἐν
3191 2957 3269 3027 τῷ
3302 2957 3541 3027 Ἰορδάνῃ
3577 2956 3776 3025 λέγων·

2207 3064 2225 3095 ι
2262 3042 2428 3109 Οὗτός
2466 3049 2614 3099 ἐστιν
2648 3050 2676 3100 6
2726 3048 2852 3111 Υἱός
2902 3066 3005 3118 μου
3047 3051 3075 3102 ό
3112 3050 3419 3121 ἀγαπητὸς,
3460 3053 3517 3102 ὲν
3625 3049 3779 3119 ηὐδό-

2203 3156 2370 3209 κησα.
2400 3161 2416 3189 ι
2443 3142 2596 3193 Ὅσοι
2629 3142 2807 3193 τοίνυν
2848 3142 3293 3211 ἀποδιαιροῦντές
3319 3159 3481 3210 φασιν
3513 3143 3613 3194 οὐκ
3640 3138 3777 3194 εἶναι

517 3237 623 3293 que
652 3224 816 3291 igitur
849 3218 1116 3273 divisione
1145 3215 1367 3269 inducta
1407 3229 1551 3279 eum,
1605 3214 1696 3281 qui
1735 3226 1798 3264 ex
1859 3212 2092 3263 muliere

2210 3190 2332 3283 Υίὸν
2363 3231 2611 3302 ἀληθινὸν
2644 3233 2733 3284 τον
2762 3235 2823 3284 ὲκ
2851 3192 3130 3301 γυναικὸις,
3152 3190 3485 3302 ἀναςζὲρουσι

522 3325 683 3371 natus
718 3324 821 3378 est,
856 3325 1044 3363 verum
1080 3308 1171 3361 Dei
1206 3305 1404 3360 Filium
1435 3320 1561 3359 esse
1587 3314 1809 3374 negant,
1842 3302 1963 3356 Filii
2005 3318 2099 3355 au—

521 3419 627 3464 tem
664 3419 858 3459 nomen
890 3401 988 3454 soli
1016 3402 1266 3467 nudoque
1320 3398 1412 3451 Dei
1470 3396 1649 3450 Verbo
1706 3396 2027 3465 assignant;
2064 3393 2100 3446 ii

521 3501 736 3553 Patrem
764 3496 1078 3550 mendacem
1112 3492 1337 3553 faciunt,
1393 3500 1453 3541 ut
1506 3491 1595 3555 qui
1631 3486 1870 3541 Verbum
1914 3488 2101 3540 inear~

520 3604 707 3648 natum
739 3590 1020 3645 evidenter
1049 3584 1352 3639 ostenderit
1378 3581 1431 3634 in
1462 3578 1698 3633 Jordane
1730 3596 1743 3633 :
1776 3580 1903 3647 iquo
1934 3576 2097 3630 etiam

522 3696 764 3753 tempore
792 3681 1027 3750 Spiritus
1049 3690 1102 3730 et
1128 3676 1270 3745 quod
1305 3673 1444 3727 Deus
1473 3684 1644 3734 esset,
1680 3680 1734 3726 et
1775 3669 1918 3741 quod
1941 3682 2103 3722 verus

523 3777 691 3834 Filius
714 3783 879 3840 esset,
918 3774 1128 3826 diserte
1158 3776 1387 3823 testatus
1408 3777 1511 3821 est.
1904 3759 1915 3770 '

983 3887 1135 3953 Quod
1161 3885 1398 3940 Christus
1426 3883 1493 3935 sit
1513 3882 1635 3934 vita.

739 4008 820 4062 Ex
874 4004 1157 4074 Evangelia
1195 4002 1487 4054 secundum
1546 3996 1879 4050 Matt/tantm.

598 4125 672 4180 De
714 4116 1132 4189 arrhisynagogi
1198 4114 1305 4169 lilia
1371 4111 1635 4179 scriptum
1701 4117 1895 4170 exstat,
1956 4112 2101 4178 quod

530 4238 549 4271 ι
587 4233 710 4273 cum
741 4214 909 4280 ejecta
941 4220 1087 4263 esset
1121 4210 1301 4271 turba,
1337 4206 1563 4259 intravit
1586 4202 1766 4265 Jesus,
1804 4211 1861 4256 et
1920 4202 2099 4255 tenuit

526 4323 742 4364 manum
774 4305 913 4370 eius,
947 4310 1000 4355 et
1038 4298 1277 4354 surrexit
1321 4295 1497 4366 puella
1528 4295 1592 4349 “.
1631 4313 1649 4345 ι
1709 4294 1819 4347 Cur
1843 4337 1857 4359 ,
1892 4307 2099 4362 qumso,

525 4405 651 4454 dum
697 4396 885 4468 puella:
910 4396 1075 4447 vitam
1110 4391 1370 4456 restituit,
1402 4403 1505 4441 non
1531 4387 1633 4441 fuit
1658 4396 1946 4440 contentas
1977 4400 2103 4438 ver-

526 4496 617 4557 bo,
645 4502 701 4545 nt
727 4496 777 4543 in
803 4487 997 4543 Lazari
1024 4484 1471 4547 exsuscitatione;
1508 4479 1602 4535 sed
1633 4493 1849 4534 manum
1875 4488 2102 4547 praeter-

523 4600 585 4638 ea
650 4582 792 4635 illius
834 4575 1228 4648 apprehendit?
1276 4588 1475 4642 nempe
1517 4580 1576 4626 ut
1620 4574 1934 4624 ostenderet
1979 4586 2103 4623 cor-

525 4691 624 4745 pus
662 4690 822 4729 suum
877 4673 1123 4725 vivilium
1184 4682 1339 4722 esse:
1412 4676 1499 4719 est
1548 4664 1692 4719 enim
1723 4677 1921 4732 corpus
1952 4664 2101 4715 vitae.

524 4767 887 4833 Quamobrem
945 4762 1075 4816 unio
1110 4760 1269 4814 Verbi
1334 4774 1459 4813 cum
1519 4772 1682 4811 carne
1741 4754 2006 4809 naturalis
2051 4764 2107 4809 et

525 4875 654 4913 vera
686 4865 792 4920 est,
829 4870 935 4909 non
964 4851 1266 4908 secundum
1308 4851 1481 4906 solam
1520 4863 1876 4918 personarum
1909 4847 2104 4902 coitio-

528 4964 669 5010 nem,
705 4945 785 5000 vel
823 4944 1023 4998 nudam
1061 4942 1227 4995 l'austi
1262 4939 1501 4994 nominis
1548 4938 1985 5001 attributionem,
2011 4948 2105 4989 aut

526 5041 863 5094 voluntatum
916 5036 1287 5095 concordiam,
1358 5032 1473 5085 sive
1518 5031 1820 5100 simplicem
1877 5030 2107 5099 conjun-

525 5136 784 5195 ctionem,
811 5129 1104 5198 utquidam
1142 5125 1391 5196 imperite
1424 5132 1715 5195 uagantur.

825 5241 910 5299 Ea:
954 5238 1241 5313 Evangelia
1265 5238 1549 5294 secundum
1573 5236 1853 5292 Joannem.

605 5356 623 5388 ι
657 5336 972 5407 Operamini
1003 5350 1110 5390 non
1138 5333 1319 5387 cibum
1356 5332 1445 5401 qui
1481 5333 1644 5401 perit,
1676 5335 1769 5385 sed
1802 5330 1892 5401 qui
1927 5339 2107 5384 manet

597 5488 644 5521 “
668 5488 688 5542 l
714 5486 872 5547 Joan.
900 5502 951 5555 ν,
978 5486 1099 5543 5-7.
1173 5487 1214 5519 ⁶¹
1245 5486 1373 5543 ibid.
1400 5502 1477 5554 ις,
1504 5485 1591 5541 10.

1670 5486 1714 5517 ⁸⁸
1740 5481 1899 5538 Joan.
1931 5499 2040 5551 xvr,
2081 5484 2165 5539 Μ.

2203 3324 2450 3393 υίότητος
2482 3324 2651 3394 ὄνομα
2691 3327 2781 3377 ὲπὶ
2828 3326 3031 3395 γυμνὸν
3082 3327 3175 3379 καὶ
3207 3328 3368 3395 μόνον
3397 3327 3486 3379 τὸν
3534 3330 3598 3380 ἐκ
3645 3326 3775 3379 Θεοῦ

2202 3415 2424 3483 Λόγον,
2461 3416 2701 3489 ψεύστην
2750 3419 2962 3471 ποιοῦσι
2995 3419 3087 3472 τὸν
3134 3418 3382 3488 Πατέρα·
3428 3418 3780 3489 σαρκωθὲντα

2202 3505 2311 3575 γὰρ
2349 3506 2440 3556 τὸν
2495 3506 2665 3573 Λόγον
2696 3505 2981 3570 ἀπέδειξεν
3013 3508 3069 3558 ἐν
3102 3505 3179 3577 τῷ
3218 3506 3489 3579 Ἰορδάνῃ,
3522 3506 3618 3557 καὶ
3662 3505 3781 3556 τότε

2207 3594 2601 3666 μεμαρτύρηκε
2646 3597 2707 3648 τὸ
2754 3596 2981 3668 Πνεῦμα
3013 3597 3181 3667 αὐτῷ,
3242 3599 3322 3651 ὅτι
3352 3598 3444 3649 καὶ
3476 3596 3610 3659 θεός
3644 3597 3777 3661 ἐστι,

2204 3687 2297 3738 καὶ
2333 3686 2457 3751 Υἱὸς
2481 3688 2719 3758 ἀληθῶς.

2667 3895 2784 3944 ’Ότι
2825 3891 2934 3958 ζωὴ
2979 3895 3013 3945 ὀ
3052 3894 3321 3959 Χριστός.

2416 4006 2510 4057 Ἐκ
2543 4003 2647 4057 τοῦ
2671 4006 2821 4057 κατὰ
2844 4003 3148 4059 Ματθαῖον
3178 4006 3584 4075 Εὺαγτελίου.

2290 4117 2413 4169 Ἐπὶ
2441 4120 2505 4189 τῇ
2550 4116 2778 4189 θυγατρὶ
2825 4116 2921 4171 τοῦ
2958 4117 3409 4189 ἀρχισυναγώγου
3440 4117 3774 4188 γέγραπται.

2204 4210 2285 4262 ὅτι
2326 4229 2344 4259 ι
2380 4210 2506 4262 Ὅτε
2562 4207 2825 4280 ἐξεϐλήθη
2874 4212 2903 4263 6
2945 4210 3104 4281 ὄχλος
3132 4250 3147 4274 ,
3185 4210 3443 4264 εἰσελθὼν
3496 4211 3527 4263 6
3580 4211 3779 4279 Ἰησοῦς

2204 4304 2477 4374 ἐκράτησε
2511 4304 2609 4374 τῆς
2638 4302 2821 4376 χειρὸς
2871 4303 3040 4373 αὐτῆς
3063 4344 3078 4369 ,
3117 4304 3211 4356 καὶ
3242 4303 3450 4376 ἠγέρθη
3502 4304 3566 4357 τὸ
3616 4303 3777 4375 κορὰο

2207 4411 2338 4447 σιον.
2378 4414 2396 4446 ι
2432 4393 2530 4448 Διὰ
2564 4394 2616 4447 τί
2648 4395 2723 4468 μὴ
2752 4395 2954 4465 μᾶλλον
2981 4395 3057 4459 ὡς
3088 4396 3182 4448 ἐπὶ
3212 4394 3308 4449 τοῦ
3339 4395 3597 4466 Λαζάρου
3626 4398 3779 4468 ὴρκὲο

2212 4486 2312 4557 σθη
2361 4487 2504 4557 λόγῳ
2552 4488 2689 4559 πρὸς
2718 4488 2817 4558 τὴν
2844 4489 3141 4542 ἀνάστασιν
3170 4488 3264 4541 τοῦ
3302 4489 3585 4561 κορασίου,
3618 4489 3777 4560 ἐκρά-

2212 4595 2342 4645 τησε
2371 4578 2426 4630 δὲ
2463 4578 2555 4631 καὶ
2584 4580 2682 4649 τῆς
2714 4580 2894 4650 χειρός
2934 4580 3143 4650 αὑτῆς;
3174 4579 3288 4634 Ἰνα
3331 4579 3478 4651 δείξῃ
3523 4578 3778 4643 ζωοποιδν

2212 4672 2272 4724 τὸ
2305 4670 2467 4724 αὐτοῦ
2506 4672 2664 4741 σῶμα
2686 4689 2699 4703 ο
2739 4672 2899 4742 σῶμα
2933 4673 3042 4744 γάρ
3083 4675 3200 4725 ἐστι
3233 4672 3398 4742 ζωῆς.
3444 4670 3651 4723 Οὐκοῦν
3685 4688 3780 4739 φυ-

2216 4765 2340 4833 σικὴ
2379 4764 2577 4834 μᾶλλον
2602 4765 2696 4818 καὶ
2726 4764 2929 4836 ἀληθὴς
2963 4767 2991 4834 ἡ
3026 4766 3220 4828 ’ἐνωσις
3247 4767 3279 4836 ἡ
3313 4764 3448 4835 πρὸς
3476 4763 3573 4834 τὴν
3608 4764 3779 4834 σάρκα

2214 4854 2306 4907 τοῦ
2341 4857 2535 4925 Λόγου,
2563 4858 2656 4910 καὶ
2688 4857 2772 4921 οὐ,
2809 4857 2951 4911 καθά
2976 4875 3138 4927 φασιν
3171 4858 3233 4922 ἐξ
3259 4856 3497 4929 ἀμαθίας
3524 4857 3686 4921 τινὲς,
3707 4857 3778 4919 ὡς

2216 4947 2273 4998 ὲν
2316 4948 2495 5017 μόνοις
2526 4948 2837 5018 πέπρακται
2874 4948 3211 5016 προσώποις,
3243 4947 3275 5017 ἢ
3319 4946 3469 4999 κατὰ
3500 4945 3660 5015 ψιλὴν
3691 4945 3773 4996 εὑ-

2216 5042 2426 5111 φημίαν
2462 5042 2555 5093 καὶ
2586 5040 2823 5110 θέλησιν,
2859 5041 2979 5109 ἦτοι
3007 5040 3303 5108 συνάφειαν
3339 5039 3547 5101 ἁπλῶς.

2426 5241 2521 5292 Ἐκ
2554 5240 2661 5294 τοῦ
2691 5242 2838 5294 κατὰ
2882 5242 3168 5307 Ἰωάννην
3197 5240 3591 5309 Enna-78.1102).

2295 5349 2313 5381 ι
2361 5332 2711 5403 Ἑργάζσσθσ,
2745 5334 2900 5405 φησὶ,
2942 5335 3016 5405 μὴ
3044 5335 3142 5403 τὴν
3186 5333 3389 5405 βρῶσιν
3418 5333 3518 5401 τὴν
3553 5328 3778 5385 ἀπολλυ-

2246 5473 2291 5515 “
2324 5485 2513 5541 Matth.
2545 5503 2624 5551 ιιι,
2666 5488 2750 5541 l7.
2828 5488 2873 5520 ⁸⁵
2906 5488 3095 5544 Matth.
3128 5503 3203 5553 ιι,
3231 5485 3323 5541 23.

1586 5642 1761 5697 Vatia:
1785 5640 2043 5698 lectiones
2077 5640 2279 5699 codicis
2304 5639 2661 5711 Seguieriani.

604 5793 625 5823 ⁸
660 5783 877 5850 ιόιιξεν.
