4000 6326
222 447 354 506 1289

1306 448 1393 503 DE
1431 446 1657 503 RECTA
1700 446 1853 503 FIDE
1892 446 1983 500 AD
2022 440 2339 500 REGINAS.

3323 438 3463 495 1290

221 561 404 633 μένην,
452 560 587 614 ἀλλὰ
633 560 995 645 τὴνοβρῶσιν
1046 562 1144 634 τὴν
1200 562 1467 633 μένουσαν
1510 563 1593 625 εἰς
1637 561 1781 633 ζωὴν

1908 576 1937 614 n
1973 558 2136 614 vitam
2158 566 2437 620 aeternam,
2468 569 2627 625 quem
2670 550 2837 608 Filius
2871 551 3111 608 hominis
3163 550 3314 608 dabit
3365 567 3464 607 vo-

217 651 450 717 αιώνιον,
478 653 541 723 ἣν
568 652 596 704 6
619 651 744 716 Υἱὸς
775 652 868 705 τοῦ
898 651 1186 725 ἀνθρώπου
1219 654 1349 724 ὑμῖν
1377 652 1538 706 δώσει
1557 669 1574 684 ο
1593 651 1786 706 τοῦτον

217 743 378 815 γὰρό
402 743 593 814 Πατὴρ
624 742 955 813 ἐσφράγισεν
983 745 1011 795 6
1037 743 1191 807 Θεός.
1225 762 1243 795 ι
1280 742 1492 814 Βρῶσιν
1528 744 1665 813 ἡμῖν
1701 739 1789 793 δέ·

216 833 384 886 δωκεν
423 836 452 886 6
498 833 623 897 Υἱὸς
652 833 746 886 τοῦ
778 834 1065 906 ἀνθρώπου
1092 834 1192 906 τὴν
1224 834 1499 904 μένουσαν
1534 836 1613 899 εις
1645 832 1788 905 ζωὴν

218 923 472 987 αἰώνιον.
507 924 747 996 δηλονότι
791 925 891 999 τὴν
930 926 1111 998 σάρκα
1152 925 1341 988 αὐτοῦ.
1386 926 1481 979 καὶ
1521 925 1629 995 γάρ
1674 926 1790 977 ἐστι

221 1013 500 1087 ζωοποιός.
532 1012 665 1069 Εἶτα
696 1016 814 1080 πῶς
855 1017 918 1070 οῦ
963 1017 1096 1081 Θεὸς
1125 1018 1153 1070 6
1184 1015 1466 1082 ζωοποιεῖν
1494 1015 1790 1086 δυνάμενος

220 1107 310 1161 καὶ
341 1107 430 1162 διὰ
461 1108 560 1177 τῆς
588 1108 723 1174 ἰδίας
751 1108 982 1179 σαρκὸς,
1014 1108 1207 1173 ἐοικώς
1234 1128 1293 1164 τε
1320 1110 1459 1163 κατὰ
1502 1109 1683 1162 πάντα
1710 1107 1790 1179 τῷ

220 1197 335 1270 Θεῷ
358 1200 453 1253 καὶ
478 1201 652 1271 Πατρί
676 1217 691 1267 ;
736 1201 907 1255 T0610
935 1202 1044 1273 γὰρ
1077 1198 1192 1254 οἶδα
1218 1201 1411 1273 δηλοῦν
1440 1202 1501 1255 τὸ
1528 1203 1792 1271 ὲσφραγῖ-

223 1289 342 1344 σθαι
370 1290 546 1360 λέγειν
587 1292 749 1345 αὑτὸν
777 1292 929 1362 παρὰ
964 1292 1055 1345 τοῦ
1082 1292 1237 1345 Θεοῦ’
1269 1292 1361 1346 τοῦ
1390 1292 1793 1363 ἐσφραγῖσθαι

222 1379 574 1450 σημαίνοντος
600 1382 661 1434 τὸ
684 1383 930 1454 ἁκριὸὦς
956 1384 1216 1454 ἐμφερές.
1246 1384 1458 1457 ’Ὥσπερ
1488 1385 1596 1457 γὰρ
1618 1387 1666 1438 el
1688 1402 1792 1455 κη·-

226 1470 301 1541 ρῷ
332 1489 415 1535 τις
446 1472 680 1544 ὲμπήξει
723 1474 994 1546 σφραγῖδα
1024 1475 1255 1547 χρυσῆν,
1289 1476 1476 1546 ἦγοῦν
1503 1476 1563 1541 ἐξ
1596 1477 1791 1548 ἑτέρας

224 1562 360 1633 ῦλης
397 1565 798 1636 πεποιημένην,
827 1566 956 1637 ὃλην
1004 1567 1063 1632 ἐξ
1092 1568 1213 1621 ὅλου
1258 1570 1357 1637 τὴν
1396 1569 1593 1639 ἑαυτῆς
1622 1568 1794 1639 ἐμφέ-

226 1671 375 1725 ρειαν
422 1657 840 1727 ἐνσημαίνεται·
886 1657 1028 1712 οῦτω
1076 1660 1170 1712 καὶ
1216 1663 1243 1713 6
1291 1660 1424 1724 Θεὸς
1471 1662 1566 1723 καὶ
1604 1661 1795 1733 Πατὴρ

224 1747 345 1808 τοὺς
378 1746 477 1817 τῆς
510 1747 704 1801 ἑαυτοῦ
732 1748 946 1817 φύσεως
993 1751 1346 1822 χαρακτῆρας
1377 1750 1653 1815 οὑσιωδῶς
1702 1753 1797 1821 ἑμ-

224 1838 533 1907 πρέποντας
558 1840 669 1910 ἔχει
694 1840 770 1911 τῷ
801 1841 935 1912 Υίῷ.
970 1842 1079 1895 Καὶ
1106 1842 1266 1897 τοῦτό
1299 1847 1413 1897 ἐστι
1444 1850 1502 1897 τὸ
1528 1847 1792 1915 ἐσφραγῖ-

226 1928 349 1983 σθαι
378 1931 556 1999 λέγειν
587 1932 750 1985 αὑτὸν
774 1935 923 2004 παρὰ
952 1935 1045 1987 τοῦ
1078 1936 1310 2006 Πατρός.

447 2049 546 2099 Ἐκ
576 2047 685 2100 τοῦ
715 2048 865 2101 κατὰ
896 2047 1138 2103 Λουκᾶν
1171 2052 1564 2121 Εὑαγγελίου.

299 2160 525 2231 Ἥγειρε
569 2160 659 2214 τὸν
695 2160 945 2245 Λάζαρον
976 2165 1005 2217 6
1033 2165 1298 2235 Χριστὸς,
1329 2167 1391 2218 τὸ
1418 2165 1513 2219 τοῦ
1545 2167 1801 2238 ἀρχισυνι

226 2254 444 2322 αγώγου
468 2254 780 2328 θυγάτριον,
810 2258 901 2311 τὸν
925 2259 1025 2330 τῆς
1054 2261 1233 2331 χήρας
1258 2260 1393 2312 υἱόν.
1421 2256 1573 2325 Εἶτα,
1601 2260 1719 2324 πῶς
1737 2261 1799 2314 οὐ

226 2348 339 2419 ζωὴ
368 2349 508 2402 κατὰ
536 2349 697 2417 φύσιν
728 2351 875 2403 ἐστὶν
926 2353 954 2403 6
993 2351 1067 2421 μὴ
1105 2352 1251 2423 μόνῳ
1289 2351 1431 2422 λόγῳ
1475 2355 1802 2406 καταπτοεῖν

224 2442 316 2495 τὸν
342 2443 573 2496 θάνατον
602 2444 921 2513 δυνάμενος,
952 2444 1085 2497 ἀλλὰ
1114 2444 1221 2515 γὰρ
1253 2446 1344 2497 καὶ
1372 2448 1437 2515 τῇ
1484 2445 1583 2515 τῆς
1622 2445 1798 2517 χειρὸς

224 2534 371 2604 def};
400 2535 509 2587 Καὶ
546 2536 655 2605 γὰρ
698 2531 767 2607 ἦν
795 2536 1089 2589 ἀκόλουθόν
1120 2553 1179 2588 τε
1210 2536 1304 2590 καὶ
1327 2538 1641 2605 ἀναγκαῖον,
1675 2537 1802 2601 Cmo-

224 2625 380 2678 ’ποιὸν
405 2622 544 2679 εἶναι
570 2626 629 2678 τὸ
664 2627 826 2697 σῶμα
862 2628 959 2696 τῆς
986 2629 1127 2681 κατὰ
1160 2627 1322 2696 φύσιν
1351 2627 1516 2698 ζωῆς.

537 2912 655 2965 Ὅτι
693 2913 1048 2983 ἱλαστήριον
1084 2913 1183 2967 διὰ
1214 2915 1495 2980 πίστεως.

629 3023 719 3075 Ἐκ
747 3022 857 3090 τῆς
882 3023 1032 3090 πρὸς
1068 3018 1409 3093 Ῥωμαίους.

296 3137 431 3209 Περὶ
461 3137 696 3208 Χριστοῦ
727 3154 923 3207 φησιν’
962 3158 980 3191 ‹
1025 3140 1122 3191 Ὃν
1153 3138 1417 3211 προέθετο
1444 3141 1473 3193 6
1496 3138 1629 3202 Θεὸς
1686 3138 1801 3192 ἰλα-

228 3232 449 3299 στήριον
474 3229 564 3282 διὰ
594 3230 828 3293 πίστεως
854 3231 910 3282 ὲν
935 3230 1013 3301 τῷ
1036 3230 1200 3283 αὐτοῦ
1223 3231 1437 3301 αἵματι,
1461 3233 1541 3295 εἰς
1574 3230 1798 3298 ἔνδειξιν

224 3321 325 3389 τῆς
353 3320 694 3390 δικαιοσύνης
729 3321 915 3385 αὑτοῦ,
963 3320 1051 3373 διὰ
1080 3320 1180 3390 τὴν
1209 3321 1438 3392 πάρεσιν
1466 3322 1575 3374 τῶν
1600 3338 1801 3392 προγει-

226 3414 462 3481 γονότων
488 3414 923 3483 ἁμαρτημάτων,
958 3416 1015 3466 ὲν
1042 3417 1107 3483 τῇ
1146 3416 1312 3485 ἀνοχῇ
1342 3413 1436 3467 τοῦ
1474 3413 1632 3481 Θεοῦ,
1664 3414 1801 3485 πρὸς

226 3506 324 3577 τὴν
353 3506 575 3573 ἔνδειξιν
598 3507 695 3576 τῆς
718 3505 1061 3575 δικαιοσύνης
1087 3505 1275 3571 αὐτοῦ,
1298 3509 1355 3559 ὲν
1378 3506 1457 3577 τῷ
1476 3506 1572 3560 νῦν
1603 3506 1800 3578 καιρῷ,

226 3600 309 3661 ei;
341 3599 399 3651 16
425 3592 565 3650 εἶναι
600 3595 763 3650 αὑτὸν
809 3596 1015 3648 δίκαιον
1041 3635 1056 3657 ,
1107 3596 1206 3650 καὶ
1234 3595 1549 3649 δικαιοῦντα
1593 3594 1686 3648 τὸν
1737 3598 1802 3649 ἐκ

225 3689 465 3753 πίστεως
500 3688 725 3760 Ἰησοῦν.
764 3707 781 3740 ι
818 3688 879 3740 Εἰ
903 3688 1004 3740 οὐκ
1032 3683 1101 3757 ἦν
1140 3687 1340 3759 ἑτέρως
1368 3687 1681 3758 ἱλαστήριον
1710 3704 1802 3756 γε-

226 3779 414 3833 νέσθαι
459 3780 692 3850 Χριστὸν
723 3782 834 3842 τοῖς
874 3781 931 3831 ἐν
964 3779 1209 3850 ἁμαρτίᾳ
1242 3778 1336 3831 καὶ
1368 3778 1479 3849 ἀρᾷ
1513 3779 1608 3831 καὶ
1640 3778 1803 3832 θανά-

224 3889 321 3925 του
356 3873 503 3944 δίκῃ,
538 3872 677 3942 πλὴν
703 3873 783 3925 ὃτι
811 3871 876 3924 δι’
912 3872 1143 3941 αἵματος
1184 3870 1272 3923 διὰ
1298 3869 1395 3941 τὴν
1424 3869 1654 3941 πάρεσιν
1693 3869 1803 3922 τῶν

226 3965 645 4035 προγεγονότων
696 3965 1106 4035 ἁμαρτημάτων
1156 3962 1433 4031 ἐκκεῖσθαι
1485 3960 1801 4031 μέλλοντοςο

225 4057 346 4120 πώς
389 4060 489 4111 οὐκ
536 4058 832 4125 ἀναγκαῖον
863 4056 1041 4127 σάρκα
1075 4054 1329 4123 γενέσθαι
1358 4051 1450 4106 τὸν
1478 4052 1673 4122 Λόγον,
1714 4053 1802 4105 ἵνα

226 4150 325 4199 ’ταὶ
366 4149 561 4217 αἵματι
592 4148 670 4218 τῷ
708 4148 839 4217 ἰδίῳ,
874 4148 1033 4217 δῆλον
1080 4146 1136 4199 δὲ
1192 4147 1295 4209 ὅτι,
1342 4144 1420 4214 τῷ
1465 4144 1565 4214 τῆς
1607 4144 1801 4197 ἑαυτοῦ

230 4240 473 4309 σαρκὸς,
542 4240 809 4311 δικαιώσῃ
875 4241 1081 4303 πάντας
1146 4239 1274 4301 τοὺς
1337 4238 1413 4301 εἰς
1492 4236 1653 4290 αὐτὸν
1719 4255 1806 4291 ττι-

228 4330 547 4397 στεύονταςς

226 4444 359 4497 ὀτι
408 4442 847 4512 λελυτρώμεθα,
905 4445 1001 4497 καὶ
1050 4445 1166 4509 τὴν
1205 4442 1599 4512 καταλλαγὴν
1649 4442 1800 4512 πρὸς

354 4516 505 4567 Θεὸν
539 4514 887 4583 ἐσχήκαμεν
913 4515 1011 4568 διὰ
1039 4516 1147 4567 τοῦ
1176 4516 1428 4582 αἵματος
1458 4513 1667 4568 αὑτοῦ.

486 4627 587 4679 Ἐκ
614 4626 724 4694 τῆς
757 4627 907 4694 πρὸς
939 4628 1285 4694 Κορινθίους
1318 4626 1572 4695 πρώτης.

304 4760 324 4794 ε
373 4740 465 4805 Ἐξ
497 4739 662 4793 αὑτοῦ
710 4740 767 4793 δὲ
800 4740 958 4809 ὑμεῖς
992 4741 1113 4791 ἐστε
1147 4742 1205 4792 ὲν
1246 4741 1466 4812 Χριστῷ
1502 4740 1673 4812 Ἰησοῦ
1695 4782 1709 4805 ,
1744 4740 1801 4803 ὃς

223 4834 492 4904 ἐγεννήθη
512 4836 531 4870 ι
567 4833 729 4901 σοφία
759 4834 889 4902 ἡμῖν
920 4832 1029 4887 ἀπὸ
1054 4832 1210 4899 Θεοῦ,
1245 4833 1557 4902 δικαιοσύνη
1594 4850 1675 4898 τε,
1706 4835 1801 4887 καὶ

224 4926 518 4998 ἁγιασμὸς,
544 4926 639 4979 καὶ
664 4924 1043 4995 ἀπολύτρωσις
1065 4940 1078 4952 °
1114 4926 1221 4991 ἵνα,
1251 4924 1433 4989 καθὼς
1466 4926 1797 4995 γέγραπται,

233 5023 294 5074 ὐ
322 5018 698 5088 καυχώμενος,
729 5018 787 5069 ἐν
803 5017 993 5088 Κυρίῳ
1022 5017 1332 5087 καυχάσθω.
1361 5037 1378 5067 ι
1403 5015 1804 5088 Λελυτρώμεθα

220 5114 403 5165 τοίνυν
440 5113 497 5164 ὲν
526 5109 768 5182 Χριστῷ,
801 5110 897 5163 καὶ
941 5110 1274 5180 ήγιάσμεθα,
1311 5111 1405 5163 καὶ
1452 5110 1608 5178 σοφοὶ
1640 5109 1802 5178 γεγό-

220 5220 415 5273 ναμεν.
448 5220 467 5254 ι
499 5204 658 5257 Πᾶσα
689 5202 747 5256 δὲ
768 5202 916 5267 δόσις
940 5202 1119 5274 ἀγαθὴ
1138 5244 1151 5269 ,
1180 5207 1274 5256 καὶ
1312 5204 1421 5255 πᾶν
1451 5202 1683 5273 δώρημα
1718 5199 1805 5254 τὲ·

216 5296 363 5348 λειον
395 5295 601 5349 ἄνωθέν
631 5297 771 5359 ἐστι,
794 5295 1123 5350 καταϐαῖνον
1154 5296 1310 5367 παρὰ
1334 5295 1427 5348 τοῦ
1452 5296 1665 5365 Πατρὸς
1692 5292 1802 5347 τῶν

219 5388 451 5457 φώτων,
485 5387 733 5441 τουτέστι
758 5386 915 5443 Θεοῦ.
952 5405 971 5437 s
1008 5384 1145 5441 Εἶτα
1196 5388 1314 5451 πῶς
1345 5388 1407 5440 οὐ
1443 5387 1576 5450 Θεὸς
1604 5389 1633 5439 6
1665 5388 1803 5459 Xpt-

296 5543 342 5573 “'
368 5541 527 5598 Joan.
558 5559 631 5603 vr.
658 5542 748 5598 27.
828 5544 873 5575 ⁸⁵
906 5543 1061 5599 Joan.
1097 5561 1172 5608 xi,
1197 5545 1289 5598 45.

220 5628 264 5678 ι,
306 5613 517 5678 50,51.
592 5612 778 5673 "Jac.
813 5630 853 5679 ι,
897 5616 981 5669 l7.

1399 5544 1443 5575 "
1476 5542 1605 5599 Luc.
1648 5559 1768 5611 vm,
1804 5543 1892 5598 54.

1891 651 2002 705 bis:
2030 650 2172 704 hunc
2199 649 2345 704 enim
2370 646 2531 701 Pater
2557 645 2791 715 signavit
2816 643 2956 699 Deus
2986 644 3053 696 °'.
3079 661 3098 695 ι
3135 641 3329 699 Cibum
3366 658 3464 698 no-

1892 742 1975 797 bis
2003 743 2310 812 impcrtitus
2338 750 2427 795 est
2447 738 2614 793 Filius
2630 738 2865 793 hominis
2881 745 3193 792 manentem
3216 736 3271 792 in
3297 737 3463 791 vitam

1892 846 2173 899 sternam,
2202 834 2461 889 nimirum
2493 848 2643 888 suum
2675 845 2930 895 carnem;
2984 839 3068 886 est
3109 830 3256 885 enim
3285 844 3348 885 ea
3376 829 3463 883 vi-

1896 928 2073 983 viﬁca.
2112 927 2231 982 Jam
2263 929 2535 996 quomodo
2564 927 2609 981 is
2637 926 2776 981 Deus
2803 941 2909 981 non
2939 934 3047 990 est,
3074 925 3165 995 qui
3204 939 3301 995 per
3339 938 3465 995 pro-

1894 1018 2064 1089 priam
2097 1034 2315 1091 quoque
2337 1036 2559 1075 carnem
2586 1020 2865 1075 viviﬁcare
2898 1028 3096 1090 potest,
3119 1018 3321 1089 quique
3354 1018 3467 1070 Deo

1899 1123 1955 1163 et
1976 1109 2125 1165 Patri
2158 1126 2255 1179 per
2286 1112 2467 1166 omnia
2498 1112 2721 1181 aequalis
2750 1111 2872 1167 est?
2901 1109 3013 1165 Hoc
3033 1110 3177 1164 enim
3206 1108 3465 1169 insinuat,

1895 1204 2020 1257 dum
2061 1218 2090 1257 a
2124 1203 2233 1258 Deo
2260 1204 2603 1274 obsignatum
2632 1204 2740 1275 97
2763 1218 2825 1258 se
2857 1202 3194 1274 pronuntiat.
3245 1199 3466 1255 Etenim

1894 1292 2629 1363 obsignationis'vocabulum
2659 1311 2976 1367 expressam
3045 1293 3464 1350 similitudinem

1896 1386 2119 1441 indicat.
2162 1386 2630 1453 Quemadmodum
2662 1390 2808 1443 enim
2841 1388 2885 1443 si
2919 1387 3045 1457 quis
3072 1400 3325 1451 aureum,
3365 1392 3463 1438 aut

1897 1474 2121 1532 alterius
2152 1478 2395 1548 cujusvis
2446 1480 2690 1533 materiae
2729 1480 2971 1550 sigillum
2992 1466 3147 1534 certe
3176 1478 3472 1544 impresse-

1897 1568 1989 1635 rit,
2023 1578 2188 1624 totam
2219 1571 2445 1627 omnino
2470 1571 2636 1642 sigilli
2667 1572 2808 1627 illius
2842 1570 3072 1643 eﬂigiem
3102 1570 3350 1625 inducit:
3389 1566 3465 1622 ita

1898 1658 2043 1716 Deus
2086 1659 2248 1717 Pater
2268 1677 2485 1733 quoque
2518 1677 2859 1734 expressam,
2894 1663 3239 1729 conspicuam
3294 1672 3473 1715 essen-

1900 1751 2187 1822 tialemque
2244 1762 2451 1809 natura:
2496 1770 2607 1809 suae
2640 1755 2865 1824 ﬁguram
2898 1752 3119 1824 injilio
3157 1752 3340 1806 habet.
3368 1750 3467 1802 At-

1898 1855 2002 1909 que
2034 1842 2177 1897 istud
2204 1852 2289 1898 est
2316 1844 2457 1914 quod
2481 1859 2540 1898 se
2571 1860 2600 1898 a
2626 1842 2786 1898 Patre
2817 1830 3158 1914 obsignatum
3180 1839 3429 1895 allirmet.

2183 2036 2271 2094 Ea:
2307 2040 2600 2111 Evangelia
2654 2040 2940 2095 secundum
2970 2038 3189 2093 Lucam.

1976 2149 2339 2206 Exsuscitavit
2381 2152 2629 2208 Christus
2685 2151 2950 2206 Lazarum
2997 2152 3063 2215 “,
3130 2163 3243 2205 tum
3297 2150 3476 2207 archi-

1906 2247 2167 2317 synagogi
2210 2262 2427 2317 quoque
2461 2247 2626 2301 tiliam
2658 2248 2725 2312 ",
2749 2257 2805 2301 et
2827 2247 3001 2301 viduae
3036 2245 3208 2301 tilium
3236 2243 3305 2300 ⁸⁸.
3342 2244 3476 2312 Quis

1902 2352 2033 2407 ergo
2063 2348 2240 2407 neget,
2269 2339 2363 2407 qui
2390 2339 2497 2391 vita
2528 2338 2829 2392 secundum
2855 2344 3104 2391 naturam
3134 2336 3386 2401 exsistat,
3418 2346 3477 2390 ut

1902 2429 1993 2497 qui
2018 2445 2121 2482 non
2153 2438 2360 2483 tantum
2406 2431 2590 2496 verbo,
2616 2429 2710 2483 sed
2744 2444 2854 2484 sua:
2883 2443 3097 2499 quoque
3127 2442 3323 2482 manus
3347 2441 3480 2483 con-

1905 2531 2050 2573 tactu
2079 2531 2311 2575 mortem
2350 2520 2807 2591 perterrefaciat?
2836 2521 2965 2576 Erat
3004 2521 3147 2575 enim
3186 2529 3478 2575 consenta-

1904 2628 2085 2677 neum,
2141 2616 2250 2667 imo
2302 2630 2432 2669 vero
2494 2615 2714 2668 omnino
2776 2615 3168 2678 necessarium,
3203 2624 3259 2668 ut
3283 2627 3482 2683 corpus

1909 2706 2051 2759 illius
2073 2715 2216 2760 esset
2244 2706 2539 2772 riviticum,
2570 2709 2662 2775 qui
2699 2706 2805 2761 vita
2838 2714 2959 2761 erat
2986 2706 3282 2761 secundum
3311 2718 3477 2759 natu-

1905 2813 2041 2853 ram.

2089 2912 2242 2977 Quod
2268 2910 2513 2966 Christus
2546 2926 2640 2979 per
2669 2910 2827 2978 ﬁdem
2861 2910 2925 2962 sit
2967 2911 3295 2979 prapitiatio.

2328 3019 2409 3074 Ea:
2432 3019 2671 3089 Epistola
2705 3021 2773 3073 ad
2801 3018 3090 3075 Romanos.

1979 3152 1998 3186 ι
2043 3134 2215 3201 Quem
2248 3135 2338 3205 (de
2375 3134 2597 3187 Christo
2643 3148 2824 3187 sermo
2852 3135 2958 3204 est)
3017 3135 3300 3204 proposuit
3333 3133 3479 3193 Deus

1907 3226 2348 3297 propitiationem
2408 3239 2504 3293 per
2538 3225 2699 3278 [idem
2762 3225 2815 3278 in
2867 3227 3131 3295 sanguine
3176 3227 3365 3297 ipsius,
3418 3234 3484 3286 ad

1910 3321 2274 3377 ostensionem
2300 3318 2527 3390 iustitia:
2546 3334 2676 3382 suat,
2710 3330 2930 3387 propter
2951 3321 3320 3376 remissionem
3350 3339 3485 3391 prae-

1911 3413 2217 3469 cedentium
2273 3410 2617 3474 delictorum,
2682 3410 2735 3463 in
2790 3412 3188 3465 sustentatione
3240 3413 3357 3479 Dei,
3420 3418 3486 3468 ad

1910 3506 2273 3561 ostensionem
2310 3503 2534 3572 iustitia:
2559 3503 2675 3573 ejus
2706 3502 2758 3555 in
2789 3503 2892 3557 hoc
2910 3513 3247 3571 tcmpore,ut
3269 3506 3341 3559 sit
3371 3508 3487 3576 ipse

1906 3600 2107 3668 justus,
2138 3598 2522 3668 etjustilicans
2545 3610 2670 3651 eum
2700 3594 2791 3664 qui
2833 3604 2915 3649 est
2943 3610 3010 3648 ex
3046 3595 3150 3649 ﬁde
3175 3596 3301 3651 Jesu
3327 3598 3487 3653 Chri-

1912 3693 1979 3747 sti
2011 3693 2078 3744 ⁶⁹.
2118 3712 2137 3743 ι
2168 3690 2225 3746 Si
2258 3689 2362 3742 alia
2397 3689 2606 3742 ratione
2662 3686 2786 3742 illos
2834 3688 3056 3754 expiare
3112 3703 3217 3743 non
3274 3700 3487 3758 poterat

1910 3784 2285 3854 Christus,qui
2307 3790 2548 3852 peccato,
2569 3788 2623 3832 et
2642 3778 3032 3844 maledictioni,
3064 3791 3117 3834 et
3138 3783 3329 3836 mortis
3350 3798 3483 3852 sup.

1914 3879 2072 3947 plicio
2101 3876 2321 3931 obnoxii
2350 3874 2704 3935 tenebantur,
2756 3870 2858 3925 nisi
2893 3873 3210 3939 sanguinem
3247 3891 3402 3928 suum
3432 3876 3482 3929 in

1913 3967 2337 4040 praecedentium
2364 3972 2709 4035 peccatorum
2762 3963 3144 4019 remissionem
3193 3969 3482 4035 profunde-

1915 4072 2030 4129 ret;
2068 4059 2340 4132 quomodo
2372 4066 2429 4110 ut
2466 4054 2698 4110 Verbum
2727 4070 2855 4109 caro
2888 4056 3061 4121 ﬂeret,
3108 4063 3480 4119 necessarium

1915 4170 2020 4209 non
2065 4162 2209 4218 erat,
2254 4163 2447 4218 nempe
2474 4161 2584 4217 quo
2615 4147 2857 4217 proprio,
2907 4148 3009 4202 hoc
3038 4161 3121 4203 est
3164 4164 3277 4205 suae
3320 4154 3487 4222 ipsius

1913 4247 2095 4304 carnis
2129 4287 2143 4309 ,
2172 4243 2432 4314 sanguine
2476 4258 2689 4306 omnes,
2751 4241 2841 4310 qui
2896 4241 2947 4295 in
2986 4242 3159 4311 ipsum
3230 4246 3485 4300 credituri

1912 4349 2089 4405 erant,
2119 4334 2477 4405 justilicaret?

2008 4453 2157 4518 Quod
2181 4468 2271 4520 per
2300 4447 2498 4503 Citriin
2529 4449 2837 4521 sanguinem
2873 4448 3125 4516 redempti
3158 4448 3367 4521 Deoque

1938 4526 1945 4533 '
2183 4519 2188 4520 7
2420 4519 2751 4571 reconciliati
2774 4534 2977 4571 sumus.

2321 4630 2407 4684 Ex
2434 4629 2604 4698 priori
2645 4626 2717 4680 ad
2738 4625 3064 4681 Corinthios.

1987 4762 2007 4794 ‹
2047 4742 2123 4797 Ex
2161 4742 2279 4810 ipso
2331 4749 2513 4792 autem
2552 4752 2649 4791 vos
2690 4736 2824 4791 estis
2865 4736 2918 4790 in
2956 4738 3176 4793 Christo
3203 4739 3353 4809 Jcsu,
3393 4747 3484 4815 qui

1911 4837 2085 4890 factus
2105 4843 2187 4888 est
2211 4831 2369 4886 nobis
2409 4830 2674 4897 sapientia
2711 4828 2826 4898 98
2858 4843 2887 4880 ιι
2918 4828 3046 4894 Deo,
3082 4830 3395 4901 etjustitia,
3431 4850 3487 4892 et

1910 4925 2290 4988 sanctilicatio,
2306 4930 2360 4975 et
2394 4920 2727 4989 redemptio;
2761 4928 2840 4985 ut,
2865 4923 3323 4990 quemadmodum
3356 4929 3487 4983 seri.

1910 5030 2059 5089 ptum
2107 5024 2211 5082 est,
2262 5014 2352 5084 qui
2392 5012 2675 5085 gloriatur,
2729 5014 2783 5068 in
2814 5013 3043 5071 Domino
3072 5016 3333 5087 glorietur
3356 5020 3425 5075 "°.
3458 5040 3478 5074 ι

1912 5110 1968 5166 1η
2008 5108 2225 5165 Christo
2259 5107 2441 5175 itaque
2472 5105 2764 5175 redempti,
2791 5114 2846 5160 et
2873 5107 3226 5175 sanctiﬁcati,
3286 5119 3340 5164 et
3391 5126 3484 5164 sa-

1912 5207 2122 5277 pientes
2150 5202 2276 5257 lacti
2313 5214 2524 5255 sumus.
2585 5216 2603 5251 s
2640 5196 2815 5253 Omne
2864 5208 3045 5254 autem
3100 5199 3288 5254 datum
3342 5203 3486 5271 opti-

1916 5312 2087 5361 mum,
2152 5304 2205 5349 et
2233 5307 2395 5348 omne
2433 5292 2631 5347 donum
2688 5288 2989 5359 perlectum
3054 5291 3342 5348 desursum
3380 5307 3485 5360 est,

1916 5385 2252 5443 descendens
2277 5398 2307 5438 a
2326 5382 2486 5438 Patre
2510 5382 2774 5438 luminum
2796 5382 2866 5448 ",
2882 5402 2900 5435 ι
2924 5382 3029 5437 hoc
3051 5391 3161 5449 est,
3192 5382 3325 5439 Deo.
3350 5384 3485 5441 Cum

2008 5540 2051 5573 ⁸⁸
2084 5540 2217 5596 Luc.
2246 5557 2341 5607 vn,
2381 5540 2467 5596 14.
2561 5540 2604 5573 ⁶⁹
2638 5539 2795 5596 Rom.
2824 5557 2908 5608 tu,
2933 5539 3027 5609 25,
3052 5542 3145 5598 26.
3229 5542 3319 5597 "l
3358 5542 3485 5601 Cor.

1289 5755 1457 5811 Varia:
1484 5754 1744 5810 lectiones
1772 5751 1973 5806 codicis
2009 5751 2367 5821 Segnieriani.

310 5888 331 5927 ³
358 5892 609 5963 ἐγενήθη.

428 5984 702 6049 Parum.
758 5990 878 6051 (in.
920 5987 1184 6049 LXXVI.

2973 5976 3043 6037 ιι
