4000 6326
518 396 649 453 ιεθι

1559 393 1614 448 S.
1648 389 1929 469 CYRILLI
1967 393 2429 452 ALEXANDRINI
2467 396 2782 455 ARCHIEP.

3616 400 3775 457 ιεοςι

515 528 645 584 ergo
696 510 947 569 Christus
995 511 1333 582 sapientiam,
1379 520 1433 565 et
1475 510 1980 578 sanetiticationem,
2026 521 2080 566 et

2193 515 2326 580 ςτδς,
2366 517 2393 567 6
2440 515 2631 583 σοφίαν
2676 533 2736 569 τε
2788 515 2879 569 καὶ
2926 515 3198 588 ἀγιασμδν
3232 517 3325 570 καὶ
3368 515 3773 587 ἀπολύτρωσιν

516 605 943 673 redemptionem
993 603 1149 658 nobis
1184 602 1460 673 largiatur,
1521 602 1790 671 quomodo
1843 618 1948 658 non
1996 613 2082 658 est

517 697 717 755 Deus?.

639 809 795 874 Quod
821 824 913 879 per
937 807 1131 864 Christi
1159 808 1463 878 sanguinem
1491 809 1736 878 redempti
1768 824 1969 865 sumus.
1995 811 2005 879 Ι

926 896 1012 973 Ea:
1040 918 1277 986 Epistola
1304 920 1473 990 prima
1494 920 1661 977 Petri.

607 1052 625 1084 ι
654 1032 899 1089 Scientes
931 1031 1072 1102 quod
1108 1045 1213 1086 non
1237 1032 1678 1101 corruptiliilibus
1708 1050 1838 1089 auro
1863 1034 1947 1088 vel
1990 1048 2081 1086 ar-

517 1136 676 1193 gento
714 1122 977 1191 redempti
1007 1120 1139 1176 estis
1163 1121 1229 1175 de
1260 1136 1394 1175 vana
1438 1133 1616 1177 vestra
1667 1123 2082 1178 conversatione

517 1228 753 1287 paternae
784 1214 1113 1281 traditionis,
1170 1214 1264 1269 sed
1314 1215 1553 1283 pretioso
1608 1216 1868 1285 sanguine
1925 1215 2081 1284 quasi

515 1309 637 1379 tigni
668 1305 997 1362 immaculati
1032 1305 1237 1360 Christi
1278 1317 1332 1361 et
1371 1307 1780 1363 incontaminati
1807 1309 1877 1363 τ’.
1916 1326 1936 1362 ι
1972 1308 2080 1363 Re-

517 1400 713 1470 dempti
744 1399 888 1453 enim
927 1412 1137 1463 sumus,
1173 1395 1393 1452 Christo
1444 1400 1720 1467 proprium
1770 1415 1869 1470 pro
1927 1400 2082 1454 nobis

516 1508 714 1563 corpus
748 1489 1113 1563 impendente.
1152 1492 1222 1545 At
1250 1494 1294 1548 si
1334 1500 1391 1545 ut
1420 1493 1842 1562 homovulgaris
1872 1492 2082 1546 hahea-

519 1600 628 1650 tur,
672 1586 941 1654 quomndo
964 1584 1107 1640 illius
1141 1584 1366 1652 sanguis
1399 1585 1517 1638 vita:
1567 1583 1805 1636 omnium
1837 1583 2080 1636 aestima-

514 1673 720 1735 tionem
769 1679 835 1733 ad
896 1677 1215 1747 dignitatem
1268 1675 1555 1744 exmquat?
1609 1674 1665 1728 Si
1711 1686 1887 1728 autem
1942 1674 2082 1728 Deus

516 1782 633 1825 erat
661 1770 713 1824 in
739 1783 924 1836 carne,
956 1766 1048 1837 qui
1078 1767 1419 1837 undiquaque
1436 1766 1784 1835 dignissimus
1808 1776 1911 1832 est,
1952 1780 2083 1821 sane

2182 610 2315 677 ἡμῖν
2345 608 2728 677 δωρησάμενος
2749 642 2761 660 .

2186 810 2312 864 Ὀτι
2348 810 2765 881 λελυτρώμεθα
2786 810 2884 865 διὰ
2908 811 3015 865 τοῦ
3044 812 3290 880 αἵματος
3314 805 3421 865 τοῦ
3462 811 3776 878 Χριστοῦ.

2389 925 2491 978 Ἐκ
2514 923 2624 993 τῆς
2646 924 2875 993 Πέτρου
2910 926 3265 994 Ἐπιστολῆς
3291 926 3547 994 πρώτης.

2261 1059 2279 1089 ι
2298 1036 2521 1102 Είδότες
2539 1038 2621 1091 ὅτι
2650 1039 2710 1092 οὐ
2735 1038 2989 1109 φθαρτοῖς
3016 1036 3355 1110 ἀργυρίῳῖῆ]
3376 1039 3624 1109 χρυσίῳ,
3652 1038 3785 1090 situ-

2183 1130 2430 1201 τρώθητε
2464 1133 2529 1184 ἐκ
2556 1131 2655 1200 τῆς
2693 1133 2924 1201 ματαίας
2971 1130 3125 1200 ὑμῶν
3168 1129 3517 1200 ἀναστροφῆς
3552 1147 3783 1199 πατρο-

2184 1222 2486 1292 παραδότου
2511 1265 2525 1289 ,
2556 1222 2692 1275 ἀλλὰ
2731 1222 2897 1292 τιμίῳ
2938 1222 3129 1292 αἵματι
3179 1217 3254 1284 ὼς
3294 1220 3465 1291 ἀμνοῦ
3514 1219 3783 1289 ἀμώμου

2183 1316 2276 1369 καὶ
2314 1315 2544 1368 ἀσπίλου
2574 1315 2831 1385 Χριστοῦ.
2871 1334 2890 1366 ι
2925 1312 3321 1384 Λελυτρώμεθα
3348 1308 3479 1383 γ’ἀρ,
3526 1309 3594 1365 τὸ
3636 1312 3785 1365 ἴδιον

2186 1406 2346 1477 σῶμα
2376 1406 2668 1470 δεδωκότος
2694 1406 2832 1477 ὑπὲρ
2863 1405 3022 1476 ἡμῶν
3066 1404 3161 1458 τοῦ
3208 1403 3465 1476 Χριστοῦ.
3521 1403 3680 1456 Ἀλλ’
3731 1404 3786 1455 εἰ

2186 1498 2286 1570 μὲν
2312 1499 2387 1562 ὡς
2414 1498 2698 1569 ἄνθρωπος
2738 1501 2937 1552 νοεῖται
2966 1498 3144 1560 κοινὸς
3164 1537 3179 1560 ,
3211 1498 3327 1559 πῶς
3364 1496 3634 1562 ἀντάξιον
3676 1496 3785 1564 τῆς

2184 1590 2435 1643 ἁπάντων
2486 1587 2630 1657 ζωῆς
2678 1588 2740 1640 τὸ
2776 1585 2915 1658 αἷμα
2960 1586 3153 1652 αὐτοῦς
3194 1587 3255 1639 Εἰ
3300 1586 3357 1639 δὲ
3399 1586 3535 1650 Θεὸς
3584 1580 3665 1656 ἦν
3720 1587 3784 1637 ἐν

2186 1680 2347 1750 σαρκὶ
2388 1681 2415 1733 6
2458 1679 2675 1733 πάντων
2719 1677 3045 1747 ἀξιώτερος,
3094 1676 3455 1745 ἀξιόχρεως
3485 1674 3783 1744 λύτρωσις

2183 1771 2278 1824 τοῦ
2309 1770 2516 1841 κόσμου
2544 1770 2745 1834 παντὸς
2775 1770 2862 1823 διὰ
2887 1767 2983 1821 τοῦ
3016 1767 3146 1822 ἰδίου
3169 1768 3400 1837 αἵματος
3421 1767 3515 1836 εἴη
3547 1764 3649 1833 ἂν,
3678 1766 3784 1818 καὶ

515 1861 1012 1915 cu‘mulatissimum
1036 1875 1129 1929 per
1152 1859 1297 1913 illius
1334 1857 1650 1926 sanguinem
1697 1856 1928 1925 pretium
1983 1872 2080 1927 pro

2193 1863 2329 1932 μάλα
2364 1863 2607 1926 εἰκότως.

519 1953 684 2007 totius
739 1951 924 2007 mundi
992 1949 1169 2006 salute
1198 1949 1499 2016 impensum
1540 1954 1646 2011 est,
1707 1956 1763 2000 et
1802 1944 1934 2001 satis
1985 1945 2078 2000 de-

517 2057 723 2099 center.

612 2155 763 2221 Quod
786 2155 989 2210 Christi
1021 2172 1157 2207 mors
1188 2155 1381 2207 mutulo
1410 2153 1664 2206 salutaris
1702 2152 1979 2205 exstiterit.

904 2263 993 2322 Ea;
1036 2267 1273 2337 Epistola
1306 2268 1373 2319 ad
1412 2264 1697 2319 Romanos.

594 2406 612 2438 ι
651 2384 1004 2442 Commendat
1035 2392 1214 2438 autem
1246 2382 1567 2436 cliaritatem
1603 2395 1755 2436 suam
1820 2378 1963 2434 Deus
2029 2378 2080 2432 in

519 2478 708 2533 nobis:
739 2475 1020 2546 quoniam,
1058 2489 1181 2529 cum
1233 2472 1409 2526 adhuc
1453 2482 1767 2541 peccatores
1813 2484 2081 2534 essemus,

516 2568 768 2623 Christus
787 2581 884 2634 pro
913 2564 1066 2620 nobis
1091 2574 1336 2618 mortuus
1364 2571 1468 2617 est.
1510 2558 1674 2615 Multo
1718 2563 1885 2630 igitur
1914 2562 2083 2631 magis

518 2675 662 2714 nunc
684 2652 965 2727 iustiﬁcati
997 2656 1052 2709 in
1083 2655 1344 2723 sanguine
1373 2655 1566 2722 ipsius,
1588 2653 1723 2707 salvi
1785 2653 1991 2707 erimus
2014 2652 2082 2706 ab

520 2749 599 2803 ira
630 2764 723 2819 per
752 2749 924 2818 ipsum
952 2741 1022 2799 ⁷³.
1061 2763 1078 2796 i
1104 2743 1370 2797 Rursum:
1403 2762 1421 2794 ι
1458 2745 1513 2796 Si
1545 2743 1711 2808 enim,
1743 2758 1865 2797 cuni
1904 2741 2083 2795 inimi-

517 2842 565 2895 ci
591 2855 871 2903 essemus,
927 2836 1259 2891 reconciliati
1305 2849 1490 2889 sumus
1544 2833 1650 2890 Deo
1710 2850 1803 2904 per
1856 2843 2081 2887 mortem

520 2933 639 2988 Filii
663 2932 800 3001 ejus,
846 2929 1015 2984 multo
1039 2929 1211 2997 magis
1243 2926 1575 2981 reconciliati
1632 2926 1764 2979 salvi
1798 2925 1998 2978 erimus
2028 2923 2081 2975 in

517 3025 629 3077 vita
659 3024 825 3093 ipsius
850 3022 916 3073 7“.
957 3039 974 3071 ι
1017 3020 1071 3073 Si
1102 3019 1335 3073 mundus
1367 3018 1523 3071 aliter
1549 3032 1709 3086 quam
1761 3030 1854 3083 per
1879 3012 2081 3067 Christi

517 3115 832 3184 sanguinem
866 3123 918 3166 et
943 3122 1171 3164 mortem
1214 3109 1391 3163 divina
1441 3106 1844 3175 diSpcnsatione
1882 3102 2082 3155 saluta-

2250 2156 2375 2208 Ὅτι
2406 2159 2439 2208 ό
2472 2154 2731 2223 Χριστοῦ
2759 2154 3015 2219 θάνατος
3039 2152 3119 2218 τῷ
3146 2153 3350 2221 κόσμῳ
3385 2149 3727 2217 σωτήριος.

2584 2270 2677 2322 Ἐκ
2707 2264 2817 2337 τῆς
2841 2267 2989 2335 πρὸς
3025 2265 3365 2336 Ῥωμαίους.

2258 2402 2275 2432 ι
2310 2382 2598 2452 Συνίστησι
2643 2378 2699 2433 δὲ
2748 2381 2846 2450 τὴν
2894 2372 3086 2432 ἑαυτοῦ
3133 2378 3351 2449 ἀγάπην
3395 2378 3480 2441 εἰς
3532 2377 3700 2447 ἡμᾶς
3752 2379 3783 2430 6

2184 2474 2334 2539 Θεὸς,
2366 2474 2448 2526 ὅτι
2482 2473 2561 2525 ἔτι
2589 2471 2930 2543 ἁμαρτωλῶν
2959 2470 3126 2523 όντων
3146 2466 3322 2539 ἡμῶν,
3349 2465 3600 2539 Χριστος
3628 2468 3781 2538 ὑπὲρ

2183 2565 2342 2636 ἡμῶν
2375 2564 2631 2619 ἀπέθανε.
2659 2562 2844 2633 Πολλῷ
2873 2558 2964 2616 οὖν
3007 2561 3204 2632 μᾶλλον
3226 2559 3624 2622 δικαιωθέντες
3678 2558 3781 2611 νῦν

2185 2660 2242 2711 ἐν
2293 2657 2370 2728 τῷ
2423 2657 2616 2726 αἵματι
2646 2654 2832 2717 αὑτοῦ,
2862 2651 3218 2724 σωθησόμεθα
3241 2652 3307 2705 δι’
3331 2650 3499 2704 αὑτοῦ
3533 2652 3657 2704 ἀπὸ
3681 2653 3785 2721 τῆς

2183 2750 2370 2822 ὀργῆς.
2403 2768 2421 2800 i
2452 2749 2561 2801 Καὶ
2594 2747 2772 2800 πάλιν·
2796 2767 2812 2798 ι
2835 2748 2896 2799 Εἰ
2930 2747 3037 2817 γὰρ
3066 2743 3249 2815 ἐχθροὶ
3282 2744 3457 2811 ὄντες,
3492 2744 3787 2813 κατηλλάο

2185 2860 2361 2913 γημεν
2404 2841 2480 2911 τῷ
2526 2840 2644 2911 Θεῷ
2685 2841 2772 2893 διὰ
2817 2838 2912 2894 τοῦ
2961 2838 3191 2892 θανάτου
3240 2836 3335 2891 τοῦ
3387 2836 3525 2890 Υίοῦ
3578 2837 3783 2899 αὑτοῦ,

2184 2933 2363 3004 πολλῷ
2394 2932 2593 3003 μᾶλλον
2624 2930 3056 2999 καταλλαγέντες
3081 2928 3440 3000 σωθησόμεθα
3457 2930 3519 2981 ὲν
3551 2931 3629 2998 τῇ
3662 2929 3781 2997 ζωῇ

2186 3024 2370 3078 αὐτοῦ.
2404 3044 2422 3075 i
2460 3022 2664 3077 Οὐκοῦν
2693 3024 2741 3075 εἰ
2776 3022 2850 3093 μὴ
2878 3021 3081 3090 ἑτέρως
3118 3016 3183 3093 ἦν
3233 3018 3509 3083 σώζεσθαι
3542 3022 3649 3072 τὸν
3682 3022 3785 3072 κό-

2189 3135 2341 3186 σμον,
2372 3118 2420 3168 εἰ
2452 3115 2528 3187 μὴ
2566 3117 2622 3168 ὲν
2668 3116 2858 3183 αἵματι
2894 3114 2987 3166 καὶ
3013 3112 3230 3182 θανάτῳ
3259 3111 3553 3182 χρησίμως
3588 3128 3783 3180 παρα-

508 3210 654 3266 .ritcr
690 3214 992 3273 susceptam
1028 3212 1248 3272 propter
1286 3198 1709 3269 prmcedentium
1762 3195 2080 3249 delictorum

2193 3208 2437 3278 ληφθέντι
2465 3247 2478 3271 ,
2525 3209 2620 3261 καὶ
2666 3204 3061 3276 οἰκονομικῶς,
3111 3204 3198 3257 διὰ.
3238 3204 3333 3274 τὴν
3368 3203 3623 3273 πάρεσιν
3668 3204 3787 3254 τῶν

520 3298 999 3361 condonationem,
1054 3309 1174 3363 qua:
1202 3292 1341 3345 Deus
1377 3289 1718 3351 toleraverat,
1755 3284 1953 3341 salvari
1988 3299 2086 3337 ne-

519 3391 727 3459 quibat,
755 3404 849 3456 per
872 3387 1149 3440 Christum
1195 3392 1373 3436 autem
1411 3380 1638 3434 salutem
1667 3393 1855 3433 sumus
1894 3392 2084 3432 conse-

526 3484 681 3538 cuti:
724 3478 994 3549 quomodo
1050 3474 1444 3530 incarnationis
1504 3472 1697 3525 modus
1764 3470 1857 3523 Dei
1909 3468 2085 3523 Patris

519 3573 696 3627 Verbo
732 3567 1076 3624 necessarius
1129 3581 1232 3619 non
1289 3572 1426 3627 erat,
1476 3575 1580 3629 quo
1632 3560 1772 3624 illus,
1828 3556 2082 3611 nimirum

517 3665 609 3734 qui
650 3664 702 3716 in
740 3661 912 3729 ipsum
944 3658 1253 3723 crederent,
1291 3669 1387 3723 per
1426 3651 1760 3721 ,sanguinem
1798 3664 1955 3703 suum
1991 3649 2081 3718 ju-

517 3754 806 3815 stilicaret,
839 3748 950 3820 99
974 3746 1231 3816 Patrique
1245 3759 1337 3814 per
1367 3742 1611 3809 corporis
1632 3742 1714 3793 sui
1742 3748 1969 3792 mortem
1999 3752 2083 3791 re-

516 3843 880 3906 conciliaret,
912 3851 1074 3909 atque
1124 3838 1195 3891 ita
1242 3833 1402 3889 simul
1453 3846 1572 3885 cum
1625 3831 1742 3899 ipso
1767 3831 1930 3885 vitam
1960 3828 2080 3884 adi-

517 3933 890 4008 pisceremur?

592 4047 611 4079 ι
654 4030 735 4081 Αη
773 4024 1197 4093 ignoratis,quia
1226 4021 1535 4090 quicunque
1592 4018 1849 4089 baptizati
1885 4033 2078 4072 sumus

516 4122 570 4185 in
597 4120 816 4176 Christo
840 4117 986 4180 Jesu,
1016 4116 1068 4169 in
1096 4126 1322 4169 mortem
1360 4116 1525 4184 ipsius
1563 4111 1819 4182 baptizali
1845 4126 2029 4165 sumus
2058 4110 2081 4163 ?

513 4212 826 4283 Consepulti
857 4211 1000 4263 enim
1028 4225 1212 4263 sumus
1242 4223 1361 4261 cum
1400 4208 1493 4261 illo
1522 4221 1615 4274 per
1644 4206 1975 4274 baptismum
2024 4203 2077 4254 in

522 4314 773 4368 mortem,
817 4311 875 4355 ut
907 4301 1175 4369 quomodo
1203 4299 1451 4352 Christus
1482 4295 1723 4350 surrexit
1761 4310 1793 4347 a
1850 4293 2079 4346 mortuis

516 4412 610 4466 per
626 4394 852 4466 gloriam
884 4391 1084 4455 Patris,
1123 4391 1194 4442 ita
1230 4397 1284 4442 et.
1337 4404 1433 4442 nos
1473 4390 1523 4442 in
1556 4386 1796 4441 novitate
1818 4384 1941 4437 vitae
1965 4398 2077 4435 ani-

513 4484 759 4539 buleiuus
788 4483 892 4535 ⁷⁸.»
932 4481 986 4534 Si
1020 4494 1112 4533 eos
1147 4479 1234 4546 qui
1268 4480 1317 4532 in
1365 4477 1522 4531 terris
1572 4476 1794 4544 degunt,
1857 4473 2078 4526 Christo

514 4588 612 4643 per
638 4573 961 4640 baptismum
994 4570 1046 4623 in
1074 4578 1302 4623 mortem
1335 4567 1503 4634 ipsius
1527 4563 1855 4632 consepeliri
1890 4562 2066 4616 omni-

515 4679 587 4718 no
619 4677 898 4719 necessum
927 4672 1046 4728 est;
1082 4670 1139 4714 ut
1163 4660 1618 4729 quemadmodum
1680 4658 1769 4711 ille
1818 4673 1885 4712 ex
1929 4673 2074 4712 mor-

514 4756 620 4811 tuis
641 4755 961 4818 resurrexit,
994 4754 1070 4806 ita
1103 4764 1158 4807 et
1194 4768 1289 4807 nos
1313 4766 1530 4819 quoque
1582 4748 1635 4802 in
1682 4749 1918 4804 novitate
1949 4751 2073 4803 vitm

514 4844 868 4907 ambulemus,
916 4852 1171 4911 tauquam
1222 4839 1383 4895 simul
1440 4854 1561 4892 cum
1612 4853 1697 4904 eo,
1758 4840 1849 4908 qui
1903 4841 2077 4895 nostri

513 4949 680 4990 causa
709 4943 952 4988 mortuus
991 4941 1076 4987 est
1120 4940 1174 4986 et
1200 4946 1230 4985 a
1262 4932 1495 4985 mortuis
1549 4946 1762 4985 rursum
1807 4933 2080 4987 excitatus

512 5039 616 5092 est,
646 5026 842 5081 mortui
872 5035 928 5080 et
957 5024 1212 5078 excitati:
1247 5022 1492 5093 profecto
1532 5039 1639 5079 non
1685 5024 1891 5095 absque
1923 5041 2073 5079 sum-

514 5133 601 5173 ma
633 5117 866 5171 utilitate
888 5130 951 5171 ac
971 5115 1295 5170 necessitate
1320 5116 1717 5172 incarnationis
1750 5117 2078 5188 mysterium

513 5220 779 5281 patratum
811 5216 912 5273 est,
972 5207 1225 5275 carnique
1252 5215 1307 5261 et
1337 5209 1624 5278 sanguini‘
1652 5209 2079 5263 communicavit

509 5304 783 5370 Verbum;
815 5316 945 5370 quo,
982 5299 1238 5354 videlicet
1264 5298 1423 5353 simul
1449 5316 1569 5355 cum
1626 5301 1720 5356 illo
1751 5302 1845 5372 qui
1874 5316 2076 5357 secun-

511 5400 635 5450 dum
668 5410 887 5450 carnem
933 5402 1176 5449 mortuus
1230 5402 1285 5446 et
1340 5394 1689 5450 resuscitatus
1716 5404 1819 5461 est,
1883 5404 1935 5450 et
1981 5407 2076 5448 nos

511 5500 723 5553 quoque
750 5484 1045 5538 moriamur
1072 5494 1126 5538 et
1148 5499 1522 5555 resurgamus.

585 5596 603 5627 ι
644 5576 699 5630 Si
726 5577 871 5629 enim
932 5578 1276 5646 complantati
1328 5577 1455 5632 facti
1516 5593 1701 5633 sumus
1733 5577 2076 5633 similitudini

510 5668 701 5722 mortis
728 5668 866 5737 ejus,
922 5669 1080 5723 simul
1134 5679 1190 5723 et
1241 5671 1655 5725 resurrectionis
1707 5670 1913 5724 erimus
1935 5668 2002 5721 ".
2050 5690 2067 5722 ι

604 5821 692 5873 "l
729 5821 868 5877 l’etr.
903 5840 939 5885 ι.
973 5822 1059 5887 18,
1094 5823 1175 5877 Η).
1255 5823 1300 5852 ’⁷³
1327 5824 1480 5875 limit.
1516 5839 1565 5887 ν,
1598 5823 1647 5889 8,
1680 5824 1732 5876 9.
1813 5823 2017 5895 “dli”.
2056 5820 2140 5877 10.

2110 4538 2154 4595 Ι)

2187 3298 2594 3370 προγεγονότων
2611 3298 3053 3368 ἁμαρτημάτων,
3082 3298 3140 3349 ὲν
3172 3298 3237 3366 τῇ
3278 3296 3445 3364 ἀνοχῇ
3467 3294 3578 3347 τοῦ
3611 3295 3781 3347 Θεοῦ-

2187 3389 2507 3461 σεσώσμεθα
2553 3390 2610 3443 δὲ
2637 3389 2725 3442 διὰ
2762 3387 3031 3459 Χριστοῦο
3064 3387 3180 3450 πῶς
3220 3386 3318 3439 οὐκ
3346 3386 3672 3453 ἀναγκαῖος
3701 3386 3785 3456 τῷ

2184 3485 2248 3536 ὲκ
2275 3482 2411 3535 Θεοῦ
2432 3482 2597 3551 φύντι
2642 3482 2801 3551 Λόγῳ
2845 3483 2873 3534 6
2912 3480 3014 3549 τῆς
3041 3479 3369 3550 σαρκώσεως
3392 3479 3613 3548 τρόπος
3636 3520 3654 3545 ,
3691 3482 3783 3530 ἵνα

2182 3575 2448 3646 δικαιώσῃ
2499 3573 2597 3645 μὲν
2631 3576 2690 3627 ὲν
2731 3572 2810 3643 τῷ
2857 3573 3047 3642 αἵματι
3095 3570 3258 3625 αὑτοῦ
3297 3570 3425 3632 τοὺς
3478 3570 3567 3633 είς
3608 3572 3784 3624 αὑτὸν

2186 3666 2557 3731 πιστεύοντας,
2596 3665 2908 3736 καταλλάξῃ
2939 3665 2997 3718 δὲ
3033 3664 3111 3735 τῷ
3140 3663 3313 3733 Πατρῖ
3336 3661 3425 3715 διὰ
3460 3662 3564 3715 τοῦ
3600 3662 3783 3716 θανά-

2186 3778 2275 3813 του
2304 3759 2397 3813 τοῦ
2430 3760 2558 3813 ἰδίου
2588 3760 2859 3829 σώματος,
2897 3759 2984 3812 ἵνα
3020 3758 3113 3811 καὶ
3141 3754 3467 3826 συζήσωμεν
3495 3756 3703 3826 αὖτῷς

2261 4042 2279 4073 ι
2319 4024 2387 4075 Ἦ
2415 4023 2681 4091 ἀγνοεῖτε,
2713 4023 2793 4074 ὅτι
2823 4022 2935 4074 ὅσοι
2963 4017 3371 4088 ἐϐαπτίσθημεν
3400 4020 3486 4080 εἰς
3514 4020 3774 4090 Χριστὸν

2197 4116 2421 4185 Ἰησοῦν,
2449 4116 2528 4180 εἰς
2557 4115 2648 4167 τὸν
2680 4115 2906 4167 θάνατον
2934 4113 3100 4167 αὐτοῦ
3128 4110 3547 4182 ἐϐαπτίσθημεν
3570 4130 3587 4177 ;
3636 4114 3778 4164 Συνυ

2184 4209 2462 4279 ετάφημεν
2515 4204 2608 4261 οὖν
2654 4206 2802 4277 αὑτῷ
2847 4207 2933 4260 διά
2964 4206 3058 4259 τοῦ
3112 4205 3492 4275 βαπτίσματος
3542 4206 3632 4269 είς
3680 4207 3774 4256 τὸν

2184 4301 2410 4354 θάνατον
2430 4319 2443 4330 ’
2471 4302 2578 4361 ἵνα,
2608 4300 2796 4370 ὥσπερ
2820 4298 3028 4369 ἠγέρθη
3071 4298 3304 4367 Χριστὸς
3337 4298 3401 4348 ὲκ
3428 4297 3657 4366 νεκρῶν
3684 4297 3775 4348 διὰ

2183 4392 2278 4461 τῆς
2323 4392 2481 4463 δόξης
2505 4390 2599 4444 τοῦ
2626 4392 2838 4462 Πατρδς
2858 4430 2873 4457 ,
2904 4390 3045 4443 οὕτω
3077 4389 3169 4440 καὶ
3198 4390 3355 4458 ἡμεῖς
3385 4388 3445 4438 ἑν
3472 4388 3774 4456 καινότητι

2183 4484 2329 4555 ζωῆς
2362 4485 2843 4554 περιπατήσωμεν.
2880 4500 2900 4533 ι
2940 4481 3004 4533 El
3043 4478 3192 4533 πᾶ.σά
3225 4495 3339 4540 πως
3378 4477 3609 4547 ἀνάγκη
3641 4480 3775 4539 coit;

2187 4577 2281 4629 ἐπὶ
2304 4576 2402 4644 τῆς
2423 4576 2523 4645 γῆς
2549 4574 2947 4628 συνθάπτεσθαι
2973 4570 3192 4641 Χριστῷ
3212 4569 3300 4622 διὰ
3325 4566 3421 4621 τοῦ
3444 4568 3777 4637 βαπτίσμα-

2186 4686 2275 4731 τος
2304 4670 2384 4731 εἰς
2413 4669 2503 4720 τὸν
2538 4667 2764 4720 θάνατον
2794 4664 2979 4727 αὑτοῦ,
3014 4662 3100 4714 ἵνα
3142 4661 3329 4729 ὥσπερ
3371 4658 3543 4720 αὐτὸς
3575 4659 3644 4710 ἐκ
3676 4676 3775 4710 νε-

2187 4758 2335 4830 κρῶν
2363 4761 2680 4828 ἐγήγερται,
2705 4756 2798 4809 κα)⁸
2835 4756 2995 4825 ἡμεῖς
3023 4755 3087 4804 ἐν’
3111 4750 3386 4820 καινότητι
3420 4748 3575 4818 ζωῆς
3609 4766 3777 4818 περι-

2188 4852 2548 4922 πατήσωμεν,
2584 4849 2659 4912 ὡς
2692 4846 3120 4917 συντεθαμμένοι
3166 4843 3258 4896 καὶ
3288 4842 3777 4911 συνεγηγερμένοι

2187 4943 2263 5013 τῷ
2309 4944 2375 4995 δι’
2409 4943 2554 5012 ἡμᾶς
2581 4939 2906 5015 ἀποθανόντι
2949 4936 3043 4989 καὶ
3067 4932 3454 5003 ὲγηγερμὲνῳ·
3497 4932 3776 5001 χρειωξέ-

2194 5035 2365 5088 στατά
2390 5052 2451 5087 τε
2482 5034 2574 5086 καὶ
2603 5032 2915 5098 ἀναγκαίως
2942 5029 3004 5081 τὸ
3031 5028 3131 5097 τῆς
3160 5025 3633 5095 ἐνανθρωπήσεως
3668 5026 3779 5075 τεέ-

2193 5146 2431 5201 πρακται
2457 5128 2771 5198 μυστήριον,
2804 5122 3004 5194 σαρκός
3032 5137 3090 5172 τε
3119 5120 3213 5171 καὶ
3240 5118 3468 5187 αἵματος
3493 5117 3780 5185 μετέσχεν

2189 5221 2218 5273 6
2241 5219 2432 5288 Λόγος’
2464 5219 2551 5271 ἵνα
2580 5217 2672 5270 καὶ
2695 5214 2985 5268 ἀποθανεῖν
3023 5208 3301 5278 λεγομένῳ
3329 5206 3639 5275 σαρκικῶς.
3669 5207 3779 5257 καὶ

2193 5309 2296 5381 μὴν
2324 5310 2417 5362 καὶ
2448 5308 2825 5381 ἐγηγερμένῳ,
2862 5300 3317 5369 συναποθάνωμεν
3359 5298 3454 5350 καὶ
3495 5314 3778 5367 συνιγερ-

2189 5401 2390 5471 θῶμεν.

2262 5599 2279 5631 ι
2314 5580 2377 5632 Εἰ
2402 5578 2511 5649 γὰρ
2543 5576 2815 5646 σύμφυτοι
2861 5574 3165 5643 γεγόναμεν
3190 5569 3271 5640 τῷ
3314 5567 3632 5638 ὁμοιώματι
3672 5565 3777 5616 τοῦ

2188 5670 2417 5722 θανάτου
2442 5666 2625 5733 αὐτοῦ,
2653 5665 2790 5719 ἀλλά
2820 5666 2913 5717 καὶ
2939 5664 3037 5734 τῆς
3067 5661 3419 5723 ἀναστάσεως
3441 5656 3718 5728 ἐσόμεθα.
3753 5674 3775 5707 ι

2222 5821 2262 5851 ’⁵
2292 5820 2444 5875 Rom.
2479 5834 2551 5883 γι,
2585 5820 2637 5883 5,
2669 5819 2718 5872 4.
2800 5819 2843 5849 ⁷⁶
2873 5816 3005 5871 iliitl.
3036 5816 3087 5872 5.
