4000 6326
264 398 385 455 1293

1312 383 1400 439 DE
1436 380 1665 437 RECTA
1705 378 1858 433 FIDE
1894 377 1982 432 AD
2020 373 2337 430 REGINAS.

3324 372 3461 428 1294

262 510 404 567 Κατὰ
433 508 525 563 τὸν
549 507 660 561 ἴσον
685 505 763 576 τῷ
793 503 991 576 πρώτῳ
1012 502 1210 574 τρόπον
1238 500 1451 570 νοήσεις
1490 498 1585 551 καὶ
1614 495 1797 550 τοῦτο’
1831 542 1835 552 .

1938 511 1958 549 n
1988 492 2235 549 eumdem
2258 503 2475 546 sensum
2504 497 2559 545 et
2586 489 2727 545 istud
2743 501 2955 560 quoque
2976 502 3247 559 exponas:
3285 488 3462 556 «Quo-
3516 466 3539 503 λ

266 623 282 656 ι
325 600 535 670 Ἐπειδὴ
569 598 676 669 γὰρ
704 598 770 650 δι’
798 595 1085 667 ἀνθρώπου
1112 595 1140 647 6
1169 591 1397 654 θάνατος
1417 629 1433 654 ,
1460 590 1556 642 καὶ
1597 588 1664 641 δι’
1712 587 1803 640 ἀν-

261 693 463 764 θρώπου
488 690 781 751 ἀνάστασις
811 686 1048 757 νεκρῶν·
1082 684 1271 754 ὥσπερ
1294 683 1403 753 γὰρ
1433 684 1491 735 ἐν
1519 679 1596 750 τῷ
1634 678 1804 747 ’Δδὰμ

261 785 447 846 πάντες
492 781 945 852 ἀποθνήσκουσιν,
1012 776 1153 830 οὓτω
1199 774 1297 829 καὶ
1340 775 1399 827 ἐν
1454 772 1532 844 τῷ
1583 769 1805 841 Χριστῷ

263 878 450 938 πάντες
491 872 1009 943 ζωοποιηθήσονται.
1044 888 1063 920 ι
1096 867 1355 937 Δεύτερος
1386 865 1557 934 Ἀδάμ
1604 875 1805 933 κεχρη-

267 972 481 1038 μάτικεν
503 969 534 1020 6
560 964 788 1037 Χριστός
808 980 820 991 ·
847 963 942 1016 καὶ
969 962 1155 1031 ὥσπερ
1181 962 1209 1013 6
1235 958 1448 1029 πρῶτος
1462 954 1633 1023 Ἀδὰμ
1659 956 1804 1025 ἡμᾶς

265 1054 608 1109 κατεδίὸασεν
635 1055 715 1116 είς
743 1050 968 1121 φθορὰν,
1016 1049 1188 1112 οὕτως
1217 1050 1246 1102 6
1271 1046 1520 1117 δεύτερος
1553 1045 1806 1113 ἀνεκόμι-

266 1164 349 1199 σεν
394 1147 473 1209 εἰς
520 1144 684 1215 ζωήν.
739 1144 849 1212 Οὐχ
895 1142 974 1205 ὡς
1018 1141 1299 1210 ἄνθρωπος
1333 1138 1486 1208 ψιλὸς
1521 1136 1807 1191 ἀποθανὼν

265 1240 393 1310 ὑπὲρ
421 1238 602 1308 ἡμῶν,
634 1236 719 1289 ἵνα
752 1234 825 1306 μὴ
862 1235 958 1288 καὶ
1000 1236 1058 1286 ἐν
1090 1232 1239 1302 αὐτῴ
1289 1230 1559 1301 μείνωμεν
1587 1228 1803 1297 νεκροί·

266 1328 369 1381 ἀλλ’
397 1328 473 1390 ὡς
504 1326 636 1389 Θεὸς
672 1328 730 1378 ἐν
760 1325 923 1395 σαρκὶ
964 1324 1057 1377 καὶ
1088 1323 1225 1392 αὐτῇ
1275 1320 1556 1383 πεπονθὼς
1595 1320 1806 1389 ἀνθρω-

266 1420 448 1482 πίνως,
496 1419 583 1472 ἵνα
616 1416 813 1480 θεῖκῶς
851 1416 1214 1485 ἀναστήσαντι
1241 1414 1332 1467 τὸν
1374 1413 1502 1467 ἴδιον
1534 1411 1660 1467 ναὸν
1691 1429 1811 1465 συν-

265 1509 567 1580 εγερθῶμεν
597 1511 774 1580 ἡμεῖς.

678 1686 771 1737 Ἐκ
804 1683 915 1751 τῆς
942 1683 1091 1753 πρὸς
1110 1682 1407 1749 Γαλάτας.

336 1794 355 1828 ι
386 1776 617 1848 Χριστὸς
645 1777 791 1847 ἡμᾶς
823 1774 1152 1845 ἐξηγόρασεν
1194 1776 1259 1827 ἐκ
1302 1774 1402 1843 τῆς
1444 1773 1688 1843 κατάρας
1720 1773 1813 1826 τοῦ

1909 586 2051 639 niam
2080 582 2295 653 quidem
2326 594 2424 651 per
2457 580 2731 635 hominem
2761 595 2932 645 mors,
2963 589 3017 633 et
3046 594 3146 649 per
3187 579 3459 636 hominem

1906 674 2233 730 resurrectio
2257 681 2629 737 mortuorum;
2682 680 2737 724 et
2791 672 2932 724 sicut
2962 671 3014 725 in
3069 670 3239 725 Adam
3272 660 3465 727 omnes

1908 764 2231 829 moriuntur,
2284 762 2357 816 ita
2411 770 2466 815 et
2507 762 2559 815 in
2626 761 2845 815 Christo
2892 775 3082 815 omnes
3111 761 3469 816 viviﬁcabun—

1904 864 1996 908 tur
2020 854 2089 907 ".
2133 852 2429 909 )Clll‘iSlUS
2476 852 2749 906 secundus
2798 850 2969 905 Adam
3009 852 3311 923 appellatus
3360 863 3467 909 est.

1915 942 1981 998 Ut
2003 951 2185 999 autem
2236 940 2449 1012 primus
2495 939 2669 994 Adam
2697 955 2795 995 nos
2825 939 3021 1009 dejccit
3077 943 3131 996 in
3165 946 3471 1013 corruptio-

1910 1049 2057 1100 nem,
2092 1034 2163 1088 ita
2191 1034 2461 1089 secundus
2514 1032 2685 1085 Adam
2713 1048 2812 1088 nos
2868 1034 3121 1104 provexit
3163 1035 3226 1088 ad
3266 1036 3467 1101 vitam;

1912 1142 2015 1181 non
2041 1136 2101 1181 ut
2123 1127 2284 1180 homo
2307 1125 2613 1180 communis
2666 1125 2835 1180 nostri
2892 1140 3051 1180 causa
3090 1136 3318 1181 mortem
3344 1144 3471 1198 per—

1913 1230 2121 1286 pessus,
2143 1230 2214 1270 ne
2246 1215 2299 1270 in
2328 1215 2421 1271 illo
2450 1216 2648 1270 mortui
2686 1230 3020 1282 maneamus,
3083 1218 3175 1272 sed
3228 1228 3288 1271 ut
3331 1219 3474 1274 Deus

1916 1311 2253 1365 incarnatus.
2290 1308 2396 1364 Per
2425 1323 2644 1364 carnem
2688 1322 2924 1375 namque
2956 1322 3147 1377 passus
3170 1319 3251 1362 est
3286 1316 3342 1361 ut
3376 1309 3473 1363 ho-

1916 1416 2035 1468 mo,
2069 1409 2150 1466 ut,
2180 1402 2304 1455 dum
2335 1400 2610 1471 proprium
2642 1399 2898 1469 templum
2938 1399 3116 1453 divina
3144 1401 3342 1455 virtute
3379 1416 3475 1454 ex-

1917 1494 2165 1559 suscitat,
2204 1502 2260 1548 et
2301 1507 2401 1549 nos
2446 1492 2606 1547 simul
2632 1505 2846 1562 quoque
2890 1505 3011 1546 cum
3039 1491 3133 1546 illo
3173 1493 3474 1548 exsuscite-

1918 1602 2056 1641 mur.

2329 1676 2415 1731 Ea:
2437 1675 2673 1745 Epistula
2710 1677 2778 1729 ad
2832 1674 3070 1729 Galatas.

1994 1791 2013 1824 ι
2044 1771 2293 1827 Christus
2327 1785 2427 1826 nos
2453 1770 2680 1824 redemit
2713 1772 2779 1823 de
2804 1768 3093 1822 maledicto
3122 1767 3276 1837 legis,
3306 1768 3479 1823 factus

269 1846 448 1939 νόμου,
492 1867 780 1936 γενόμενος
827 1866 966 1937 ὑπὲρ
1007 1865 1162 1935 ἡμῶν
1212 1865 1456 1935 κατάρα·
1506 1864 1815 1934 γέγραπται

1938 1878 2017 1919 πο
2077 1863 2233 1919 nobis
2290 1862 2663 1925 maledictum;
2695 1861 2818 1930 quia
2853 1859 3110 1928 scriptum
3155 1869 3237 1913 est
3272 1858 3479 1913 :Malc-

268 1963 401 2031 γάρ·
450 1959 883 2030 Ἐπικατάρατος
908 1960 1015 2022 πᾶς
1045 1960 1073 2010 6
1120 1956 1465 2028 κρεμάμενος
1510 1956 1601 2008 ἐπὶ
1633 1954 1815 2019 ξύλουο

271 2053 353 2105 ἵνα
378 2051 460 2113 εἷς
500 2050 567 2102 τὰ
589 2049 716 2119 ἔθνη
758 2051 791 2117 ὴ
840 2049 1056 2116 εὐλογία
1092 2048 1185 2101 τοῦ
1227 2047 1477 2118 ’Λϐραὰμ
1504 2046 1726 2115 γένηται
1764 2045 1822 2097 ἐν

270 2140 486 2215 Χριστῷ
525 2140 720 2211 Ἰησοῦ,
753 2142 840 2194 ἵνα
867 2142 965 2211 τὴν
992 2140 1323 2208 ἐπαγγελίαν
1368 2138 1463 2192 τοῦ
1510 2138 1824 2208 Πνεύματος

271 2235 519 2304 λάϐωμεν
548 2234 635 2287 διὰ
664 2233 761 2304 τῆς
807 2234 1062 2296 πίστεως.
1108 2250 1126 2283 ι
1166 2231 1354 2301 Ἀθρει
1386 2230 1449 2300 δή
1484 2247 1572 2299 μοι
1599 2227 1827 2282 κάντεῦ-

273 2327 382 2392 θεν,
411 2326 493 2379 ὅτι
518 2326 710 2394 γέγονε
735 2323 813 2394 τῷ
842 2323 1030 2393 κόσμῳ
1068 2322 1333 2392 σωτήριος
1378 2320 1407 2371 6
1450 2318 1687 2391 Χριστοῦ
1730 2318 1827 2371 θά-

274 2437 430 2483 νατος
450 2436 464 2449 ⁸
490 2418 680 2487 γέγονε
708 2418 817 2486 γὰρ
846 2416 987 2485 ὑπὲρ
1012 2413 1168 2485 ήμῶν
1193 2413 1425 2484 κατάρα,
1445 2411 1673 2482 σταυρὸν
1697 2412 1829 2463 ὐπο-

278 2508 483 2579 μείνας,
526 2506 623 2560 καὶ
660 2504 990 2575 κρεμασθεὶς
1036 2502 1131 2556 ἐπὶ
1184 2500 1362 2566 ξύλου,
1411 2502 1499 2554 ἵνα
1552 2500 1691 2571 λύσῃ
1732 2499 1828 2551 τοῦ

276 2600 476 2669 κόσμου
498 2599 598 2669 τὴν
618 2596 913 2667 ἁμαρτίαν,
950 2594 1037 2648 ἵνα
1069 2595 1148 2658 εἰς
1177 2593 1245 2647 τὰ
1270 2594 1396 2664 ἔθνη
1431 2593 1464 2663 ἡ
1488 2591 1704 2659 εὐλογία
1734 2589 1829 2643 τοῦ

288 2689 534 2762 ’Δόραὰμ
584 2688 806 2758 γένηται
855 2687 913 2740 ἐν
979 2684 1199 2756 Χριστῷ
1256 2682 1465 2751 Ἰησοῦ·
1536 2682 1830 2743 τουτέστιν,

278 2779 363 2831 ἵνα
391 2777 654 2847 δικαιωθῇ
692 2776 761 2830 τὰ
784 2775 911 2847 ἔθνη
958 2775 1045 2828 διὰ
1086 2774 1341 2837 πίστεως,
1373 2771 1514 2825 κατὰ
1541 2772 1639 2842 τὴν
1665 2770 1833 2823 δοθεῖ-

280 2888 377 2925 σαν
424 2867 754 2937 ἐπαγγελίαν
795 2866 871 2937 τῷ
910 2865 1182 2936 Ἀϐραὰμ,
1229 2865 1315 2918 ἵνα
1365 2865 1462 2934 τὴν
1504 2861 1836 2930 ἐπαγγελίαν

277 2962 370 3015 τοῦ
400 2960 714 3031 Πνεύματος
741 2959 994 3028 λάϐωμεν
1028 2957 1116 3011 διὰ
1148 2957 1246 3025 τῆς
1277 2956 1528 3017 πίστεως.
1564 2956 1691 3007 Ὅτε
1729 2954 1838 3006 τοί-

279 3070 374 3105 νυν
403 3054 500 3104 καὶ
528 3052 628 3119 τὴν
656 3052 713 3103 ἐν
743 3048 891 3118 νόμῳ
914 3047 1133 3099 λέλυκεν
1171 3044 1309 3115 ἀράν
1350 3045 1377 3097 ό
1409 3041 1646 3113 Χριστοῦ
1676 3041 1840 3095 θάναο

1922 1957 2095 2011 dictus
2131 1955 2306 2010 omnis
2352 1956 2442 2024 qui
2467 1954 2663 2023 pendet
2691 1953 2743 2007 in
2766 1952 2935 2021 ligno:
2969 1959 3026 2003 ut
3051 1953 3102 2004 in
3121 1951 3366 2021 gentibus
3394 1951 3482 2005 be-

1923 2049 2157 2103 nedictio
2188 2046 2342 2101 ﬁeret
2367 2046 2599 2100 Abrahae
2630 2044 2685 2099 in
2720 2043 2938 2098 Christo
2967 2040 3117 2103 Jesu,
3175 2051 3232 2093 ut
3263 2040 3476 2109 pollici-

1924 2144 2179 2195 tationem
2230 2138 2467 2209 Spiritus
2493 2137 2822 2207 accipiamus
2854 2150 2953 2205 per
2982 2135 3139 2189 [idem
3165 2134 3234 2184 ⁷³.
3278 2154 3296 2186 ι
3351 2134 3486 2188 llinc

1924 2234 2084 2287 etiam
2120 2231 2413 2301 perspicias
2455 2230 2601 2293 licet,
2643 2229 2843 2284 Christi
2886 2237 3112 2281 mortem
3158 2227 3358 2281 mundo
3397 2242 3471 2281 sa-

1927 2325 2156 2380 lntarem
2183 2323 2478 2377 exstitisse.
2530 2319 2662 2373 Nam
2713 2319 3053 2373 maledictum
3104 2319 3275 2371 nostri
3312 2333 3478 2371 causa

1930 2418 2102 2471 factus
2134 2426 2238 2476 est.
2278 2415 2402 2469 dum
2430 2428 2647 2475 crucem
2674 2413 2953 2478 sustinuit,
2997 2411 3153 2480 100
3182 2426 3388 2467 necnon
3422 2430 3490 2467 ex

1928 2511 2075 2579 ligno
2123 2508 2396 2578 pependit,
2451 2521 2577 2577 quo,
2618 2506 2814 2559 mundo
2863 2521 2893 2558 a
2947 2507 3187 2576 peccatis
3249 2510 3489 2572 expiato,

1931 2600 2165 2656 Abrahae
2193 2599 2500 2655 benedictio
2536 2600 2588 2652 in
2619 2598 2837 2653 Christo
2874 2596 2998 2652 Jesu
3035 2598 3190 2652 ﬁeret
3218 2598 3271 2652 in
3306 2600 3483 2667 genti-

1930 2694 2053 2757 bus,
2084 2693 2185 2747 hoc
2206 2700 2310 2755 est,
2333 2699 2394 2745 ut
2410 2700 2621 2761 gentes,
2649 2689 2802 2759 juxta
2831 2688 3242 2758 promissionem
3258 2688 3489 2742 Abraha:

1936 2784 2155 2858 factam,
2181 2798 2277 2853 per
2302 2780 2929 2851 ﬁdelnjustiﬁcarentur,
2965 2794 3171 2850 nosque
3211 2794 3307 2849 per
3333 2780 3491 2834 [idem

1937 2873 2193 2942 Spiritum
2214 2872 2539 2941 promissum
2569 2872 2961 2927 obtineremus.
2990 2870 3124 2925 Cum
3145 2871 3307 2941 igitur
3331 2870 3490 2926 Chri-

1938 2965 2005 3018 sti
2035 2979 2181 3018 mors
2199 2962 2332 3032 legis
2355 2962 2791 3017 maledictionem
2821 2977 2852 3017 e
2882 2964 3060 3017 medio
3101 2962 3406 3028 sustulerit,
3443 2973 3499 3015 ct

1940 3056 2187 3124 gentibus
2215 3069 2431 3108 rursum
2484 3053 2707 3107 Abrahae
2761 3053 3218 3116 benedictionem,
3259 3054 3360 3108 hoc
3416 3066 3501 3106 est.

278 3161 388 3206 τος,
437 3142 531 3195 καὶ⁸
576 3139 909 3211 προύξένησε
943 3140 1055 3201 τοῖς
1104 3136 1279 3189 ἔθνεσι
1312 3135 1409 3205 τὴν
1456 3132 1706 3200 εὐλογίαν
1742 3128 1835 3182 τοῦ

1940 3144 2166 3211 gratiam
2185 3158 2280 3211 per
2305 3142 2461 3195 [idem
2486 3141 2774 3209 pepererit,
2792 3149 2846 3219 et
2875 3142 3086 3195 tandem
3115 3140 3346 3211 Spiritus
3371 3158 3502 3197 san-

293 3235 563 3306 Ἁϐραάμ,
601 3233 849 3287 τουτέστι
874 3232 973 3301 τὴν
1002 3230 1088 3283 διὰ
1120 3230 1352 3291 πίστεως
1376 3226 1558 3297 χάριν,
1576 3224 1837 3295 μετόχους

278 3324 335 3378 δὲ
365 3326 510 3393 ἡμᾶς
546 3323 793 3392 ἀπέφηνε
826 3321 919 3373 καὶ
944 3318 1036 3372 τοῦ
1067 3318 1222 3385 ἁγίου
1251 3315 1586 3387 Πνεύματος·
1615 3314 1715 3366 οὐκ
1741 3312 1838 3364 ἀνο-

282 3412 501 3483 θρώπου
526 3411 706 3465 κοινοῦ
732 3411 888 3463 νοοῖτ’
923 3408 989 3461 ἂν
1022 3410 1051 3461 6
1076 3408 1304 3469 θάνατος
1342 3403 1537 3458 αὐτοῦ·
1569 3402 1839 3472 περινοεῖν

280 3504 337 3556 δὲ
388 3504 650 3574 προσήκει
698 3501 920 3572 μᾶλλον,
964 3502 1046 3554 ὃτι
1095 3496 1231 3568 σὰρξ
1292 3495 1526 3566 γεγονὼς
1570 3496 1599 3548 6
1646 3492 1839 3561 Λόγος,

284 3599 448 3667 σαρκὶ
476 3594 742 3651 πέπονθεν
785 3594 924 3665 ὑπὲρ
948 3592 1043 3645 τοῦ
1073 3592 1302 3661 κόσμου,
1348 3589 1445 3643 καὶ
1471 3590 1693 3657 γέγονεν
1723 3586 1843 3639 ἱκα-

283 3688 373 3741 νὸν
406 3686 465 3740 τὸ
490 3684 657 3740 αὐτοῦ
688 3683 859 3746 πάθος
887 3686 965 3746 είς
995 3682 1094 3751 τὴν
1123 3681 1219 3735 τοῦ
1250 3680 1455 3749 κόσμου
1482 3677 1769 3748 λύτρωσιν.

669 3777 769 3830 Ἐκ
806 3774 916 3843 τῆς
944 3774 1093 3842 πρὸς
1129 3770 1467 3841 Ἐφεσίους.

364 3889 383 3923 t
418 3871 555 3925 Novi.
583 3870 639 3923 δὲ
668 3871 726 3922 ἐν
756 3868 977 3940 Χριστῷ
1016 3866 1214 3937 Ἰησοῦ.
1251 3867 1409 3936 ὑμεῖς
1437 3864 1485 3916 οἱ
1516 3862 1647 3915 ποτὲ
1694 3861 1847 3923 ὄντες

289 3965 531 4033 μακρὰν,
575 3962 869 4031 ἐγενήθητε
917 3960 1083 4027 ἐγγὺς
1138 3960 1194 4011 ἐν
1224 3958 1301 4026 τῷ
1345 3958 1535 4027 αἵματι
1573 3954 1668 4008 τοῦ
1715 3955 1850 4025 Χρι-

288 4052 439 4105 στοῦ.
468 4052 636 4114 Αὐτὸς
670 4050 780 4119 γάρ
814 4052 960 4103 ἐστιν
984 4052 1018 4120 ή
1047 4050 1236 4120 εἰρήνη
1261 4046 1440 4118 ήμῶν,
1468 4048 1497 4100 6
1522 4046 1752 4116 ποιήσας
1780 4042 1847 4096 τά

287 4143 577 4213 ἀμφότερα
611 4142 688 4207 ἓν,
736 4142 830 4195 καὶ
862 4143 923 4195 τὸ
960 4142 1274 4213 μεσότοιχον
1318 4139 1413 4193 τοῦ
1470 4136 1723 4210 φραγμοῦ
1754 4136 1850 4189 λύ-

290 4250 413 4296 σας,
441 4233 538 4304 τὴν
568 4233 765 4304 ἔχθραν
794 4236 850 4286 ἐν
874 4237 939 4304 τῇ
970 4236 1132 4304 σαρκὶ
1162 4232 1348 4295 αὐτοῦ,
1368 4232 1477 4284 τῶν
1505 4230 1736 4284 ἐντολῶν
1757 4230 1849 4282 τὸν

288 4327 455 4396 νόμον
487 4328 545 4378 ἐν
574 4326 804 4395 δόγμασι
839 4327 1208 4396 καταργήσας.
1246 4344 1263 4377 ι
1300 4326 1363 4378 El
1401 4324 1496 4377 καὶ
1538 4323 1665 4385 τοὺς
1692 4322 1853 4386 ὄντας

294 4418 513 4488 μακρὰν
537 4417 625 4470 διὰ
656 4419 716 4470 τὸ
749 4417 1053 4470 πλανᾶσθαι
1095 4417 1237 4470 κατὰ
1280 4417 1371 4469 τὸν
1412 4416 1635 4485 κόσμον,
1672 4414 1763 4467 καὶ
1794 4415 1853 4467 ἐν

1939 3237 2009 3290 eti
2040 3234 2326 3303 participes
2348 3247 2447 3287 nos
2478 3216 2805 3296 reddiderit;
2843 3232 3149 3301 neutiquam
3190 3233 3503 3287 existimare

1941 3326 2196 3382 debemus
2262 3333 2489 3380 mortem
2548 3323 2688 3379 illius
2744 3324 2984 3394 vulgaris
3044 3323 3342 3393 cujnspiam
3400 3327 3495 3379 lm-

1943 3418 2103 3473 minis
2122 3428 2348 3472 mortem
2371 3415 2690 3472 exstitisse:
2728 3415 2859 3481 quin
2913 3415 2967 3469 id
3027 3416 3206 3486 potius
3262 3427 3503 3471 statuere

1945 3524 2044 3564 nus
2079 3509 2255 3573 decet,
2291 3521 2484 3576 nempe
2508 3504 2744 3560 Verbum
2780 3507 3122 3561 incarnatum
3180 3518 3409 3561 mortem
3447 3509 3500 3561 in

1944 3613 2105 3653 carne
2132 3612 2231 3669 pro
2259 3598 2457 3652 mundo
2483 3596 2789 3667 pertulisse,
2828 3595 3052 3666 ejusque
3102 3598 3408 3667 passionem
3438 3602 3505 3651 ad

1890 3690 1893 3691 ⁷
1945 3705 2155 3745 onmem
2185 3690 2460 3744 hominum
2497 3690 2918 3758 redemptionem
2949 3689 3162 3745 abunde
3201 3701 3285 3745 snt
3314 3690 3501 3745 fuisse.

2358 3781 2442 3835 Ea:
2462 3781 2700 3853 Epistola
2730 3783 2798 3835 ad
2826 3782 3097 3850 Ephesios.

2026 3894 2044 3927 ι
2084 3874 2234 3929 Nunc
2267 3884 2445 3928 autem
2479 3875 2531 3928 in
2561 3873 2776 3928 Christo
2800 3873 2951 3936 Jesu,
2985 3890 3081 3928 vos
3104 3876 3193 3943 qui
3218 3876 3509 3946 aliquando

1949 3968 2114 4022 eratis
2149 3966 2328 4035 longe,
2354 3964 2482 4020 facti
2507 3965 2640 4021 eatis
2674 3979 2840 4034 prope
2871 3966 2928 4019 in
2989 3967 3248 4033 sanguine
3281 3969 3505 4023 Christi.

1951 4058 2066 4127 Ipse
2090 4057 2234 4111 enim
2260 4066 2343 4112 est
2367 4071 2471 4126 pax
2500 4066 2715 4121 nostra,
2750 4056 2841 4125 qui
2876 4054 3003 4110 fecit
3035 4066 3263 4127 utraque
3314 4076 3505 4123 unum,

1951 4163 2005 4206 et
2040 4151 2271 4205 medium
2306 4148 2567 4219 parietem
2624 4149 2872 4204 maceriae
2916 4148 3150 4215 solvens,
3208 4152 3519 4205 inimicitias

1956 4244 2008 4297 in
2036 4256 2200 4297 carne
2233 4256 2353 4303 sua.
2384 4240 2553 4311 legem
2599 4240 2976 4295 mandatorum
3012 4243 3064 4295 in
3111 4243 3345 4297 decretis
3381 4256 3510 4296 eva—

1956 4350 2125 4390 cuans
2156 4334 2225 4387 '9.
2258 4352 2275 4385 ι
2314 4332 2468 4398 Quod
2500 4333 2545 4386 si
2576 4347 2673 4387 eos
2699 4332 2788 4400 qui
2818 4332 3005 4401 procul
3059 4332 3307 4396 aberant,
3358 4333 3428 4387 ob
3461 4336 3513 4386 id

1961 4427 2213 4480 nimirum
2247 4425 2390 4494 quod
2418 4438 2513 4492 per
2569 4425 2828 4477 mundum
2879 4423 3168 4476 errabundi
3202 4423 3522 4494 divagarcn-

292 4512 547 4580 ἀθεότητι
595 4510 877 4573 διατελεῖν,
929 4512 1091 4577 ἐγγὺς
1124 4508 1390 4578 πεποίηκε
1431 4506 1493 4559 τὸ
1534 4500 1673 4576 αἷμα
1724 4507 1829 4574 Χρι

1968 4528 2055 4570 tur
2078 4526 2408 4584 tetatemque
2460 4515 2516 4569 in
2544 4516 2821 4585 impietate
2845 4524 3088 4585 agerent,
3125 4516 3340 4585 sanguis
3365 4516 3523 4570 Chri-

293 4601 446 4655 στοῦ·
479 4601 595 4664 πῶς
625 4603 724 4655 οὐκ
757 4602 1028 4670 ἀναγκαία
1048 4604 1157 4662 τοῖς
1187 4601 1277 4653 ἐπὶ
1304 4601 1402 4670 τῆς
1431 4600 1531 4667 γῆς
1557 4601 1590 4667 ἡ
1630 4596 1725 4651 τοῦ
1756 4597 1859 4650 Λό-

292 4714 396 4763 γου
429 4695 723 4766 σάρκωσις,
764 4695 1097 4762 συλλέγουσα
1124 4696 1190 4747 τὰ
1216 4695 1542 4766 διῃρημένα,
1570 4693 1663 4745 καὶ
1690 4708 1858 4762 προσ·-

292 4786 576 4840 οικειοῦσα
628 4787 727 4857 μὲν
772 4787 848 4856 τῷ
886 4786 1003 4856 Θεῷ
1047 4788 1171 4849 τοὺς
1221 4788 1457 4855 μακρὰν,
1508 4784 1763 4847 κτίζουσα
1805 4783 1861 4835 δὲ

291 4879 423 4941 τούς
469 4877 560 4930 δύο
598 4878 759 4940 λαοὺς
806 4879 883 4939 εἰς
930 4878 1024 4930 ’ἐνα
1074 4877 1259 4929 καινὸν
1307 4876 1590 4948 ἄνθρωπον
1635 4875 1722 4928 διὰ
1764 4876 1863 4943 τῆς

290 4968 464 5021 αὐτοῦ
514 4969 745 5039 σαρκός;
794 4967 1010 5020 Δέδοται
1056 4966 1166 5038 γὰρ
1222 4968 1301 5029 είς
1343 4966 1609 5037 λύτρωσιν
1656 4965 1763 5017 τῶν
1805 4965 1863 5016 ἐν

289 5061 618 5131 ἁμαρτίαις,
644 5062 737 5114 καὶ
760 5060 825 5113 δι’
856 5061 1024 5131 αὐτῆς
1074 5060 1141 5112 τὰ
1169 5060 1345 5113 πάντα
1387 5059 1761 5128 κατεκτήσατο
1788 5055 1865 5125 τῷ

290 5150 417 5220 Θεῷ
446 5151 541 5203 καὶ
572 5152 767 5221 Πατρῐ.
815 5151 926 5202 Καὶ
961 5150 1097 5220 πρὸς
1122 5149 1330 5212 τούτοις
1375 5149 1453 5201 ἔτι
1499 5148 1592 5200 καὶ
1622 5150 1650 5201 6
1698 5147 1863 5200 πάλαι

293 5242 645 5312 κατήργηται
689 5241 851 5312 νόμος
876 5282 891 5306 ,
938 5242 1013 5305 ὼς
1057 5241 1197 5313 ὑπὲρ
1228 5242 1389 5294 αὐτὸν
1430 5241 1594 5309 οὔσης
1635 5241 1731 5310 τῆς
1776 5240 1862 5292 πί-

297 5349 493 5400 στεως,
524 5334 682 5404 δῆλον
707 5335 765 5387 δὲ
802 5336 884 5387 ὅτι
926 5336 1025 5404 τῆς
1067 5337 1127 5388 ἐν
1170 5334 1409 5405 Χριστῷ.
1456 5334 1568 5389 Καὶ
1609 5337 1657 5387 εἰ
1705 5333 1866 5387 τοῦτό

295 5426 451 5477 ἐστιν
492 5426 709 5496 ἀληθὲς,
760 5427 877 5489 πῶς
907 5428 1046 5498 ὑπὲρ
1074 5427 1238 5497 νόμον
1284 5429 1318 5497 ἡ
1347 5428 1548 5494 πίστις,
1592 5427 1641 5479 εί
1682 5425 1756 5496 μὴ
1792 5426 1868 5488 ὡς

298 5515 433 5586 Θεῷ.
450 5518 894 5589 πεπιστεύκαμεν
916 5518 994 5589 τῷ
1025 5518 1245 5589 Χριστῷ
1268 5535 1283 5584 ἓ

312 5792 319 5797 ·
376 5782 422 5815 τ’
451 5781 494 5838 ιι
525 5782 651 5839 Cor.
689 5800 775 5852 xv,
806 5783 895 5838 21.
974 5786 1018 5816 ⁷³
1052 5783 1223 5839 Galat.
1266 5799 1351 5849 ιιι,
1382 5783 1467 5847 15,
1507 5782 1591 5837 Μ.

1964 4610 2032 4664 sti
2106 4623 2273 4676 prope
2328 4607 2583 4671 adduxit;
2638 4608 2903 4675 quomodo
2979 4604 3140 4661 Verbi
3202 4608 3524 4671 iucarnatio,

1966 4716 2083 4768 quae
2118 4711 2171 4755 ct
2196 4702 2437 4769 dispersa
2497 4700 2548 4773 in
2596 4715 2760 4752 unum
2817 4698 3055 4768 collegit,
3089 4708 3143 4753 et
3180 4698 3340 4769 longe
3372 4704 3530 4754 aber-

1969 4800 2155 4844 rantes
2185 4790 2293 4844 Dco
2317 4788 2710 4852 reconciliavit,
2742 4798 2795 4842 et
2826 4789 2959 4842 duos
3003 4790 3228 4858 populos
3274 4792 3328 4845 in
3362 4808 3524 4844 mium

1966 4895 2159 4932 novum
2182 4880 2455 4932 hominem
2507 4893 2602 4946 per
2630 4893 2848 4931 carnem
2886 4878 3027 4931 illius
3074 4880 3299 4950 redegit,
3335 4883 3526 4949 generi

1973 4972 2210 5025 humano
2237 4985 2341 5022 non
2379 4978 2500 5021 erat
2562 4968 2910 5023 necessaria?
2966 4970 3213 5024 Exhibita
3260 4983 3345 5025 est
3384 4974 3529 5027 enim

1974 5064 2089 5115 haec
2114 5074 2243 5114 caro
2307 5060 2357 5112 in
2385 5073 2571 5112 eorum
2620 5059 2990 5113 liberationem
3048 5060 3138 5128 qui
3167 5063 3402 5130 peccatis
3431 5068 3533 5119 oh-

1972 5152 2147 5206 stricti
2213 5152 2556 5212 tenebantur,
2625 5151 2917 5220 omniaque
2972 5166 3068 5221 per
3109 5154 3276 5220 ipsam
3329 5153 3437 5207 Deo
3478 5167 3534 5209 et

1970 5245 2116 5298 Patri
2169 5241 2447 5296 lncrifacta
2498 5250 2644 5296 sunt.
2672 5241 2781 5297 Lex
2805 5254 3063 5310 praeterea
3089 5256 3263 5306 vetus,
3287 5247 3428 5312 quod
3468 5248 3533 5299 ﬁ-

1972 5336 2069 5388 des
2109 5334 2162 5386 in
2205 5333 2481 5388 Christum
2536 5333 2703 5387 multo
2762 5334 2848 5388 illa
2896 5336 2967 5388 sit
3013 5337 3384 5403 excellentior,
3440 5353 3534 5405 per

1976 5424 2224 5478 eamdem
2252 5437 2467 5491 quoque
2500 5424 2698 5478 abolita
2724 5434 2828 5479 est.
2886 5424 2957 5479 At
2987 5427 3258 5495 quomodo
3294 5428 3376 5482 lex
3411 5430 3536 5484 ﬁdei

1974 5513 2137 5578 cedit,
2167 5515 2210 5566 si
2246 5514 2298 5568 in
2326 5514 2598 5569 Christum
2631 5525 2884 5584 tanquam
2919 5517 3179 5570 in.verum
3226 5518 3391 5572 Deum
3431 5535 3539 5575 1ιοί

1979 5607 2281 5660 credimus?

1700 5784 1744 5815 ⁷⁹
1773 5783 1967 5855 Ephcs.
2005 5798 2062 5848 ιι,
2102 5780 2282 5835 15-15.
