4000 6326
300 387 437 441 1297

1365 398 1451 454 DE
1492 398 1716 454 RECTA
1758 398 1914 454 FIDE
1950 398 2039 452 AD
2081 398 2395 453 REGINAS.

3362 394 3501 454 1298

361 521 379 552 ι
406 500 644 574 Χριστοῦ
672 500 765 561 οὗν
797 508 1058 575 παθόντος
1105 511 1240 585 ὑπὲρ
1275 514 1430 585 ἡμῶν
1474 516 1656 587 σαρκί.
1688 536 1707 569 ι
1752 516 1841 580 Ὠς

2023 534 2041 568 ι
2079 515 2298 590 Christo
2341 513 2503 583 igitur
2533 527 2692 581 passo
2723 512 2775 565 in
2819 524 2981 565 carne
3004 508 3074 564 ".
3121 530 3139 561 ι
3175 510 3308 567 Cum
3346 514 3505 567 Chri-

285 590 391 662 γὰρ
423 593 756 666 ὑπάρχοντος
797 600 933 655 Θεοῦ
973 600 1065 655 τοῦ
1114 604 1369 673 Χριστοῦ,
1403 606 1577 675 σοφῶς
1608 607 1699 661 καῖ⁹
1740 607 1840 677 ὲμ-

283 687 497 757 φρόνως
545 687 574 739 ὁ
620 692 868 763 μαθητὴς
897 695 1061 765 σαρκὶ⁵
1105 697 1429 751 πεπονθέναι
1464 699 1625 768 φησιν
1658 699 1840 762 αὐτον,

286 775 571 844 ὑπεξάγων
600 780 692 835 τοῦ
720 783 908 837 παθεῖν
935 785 1032 855 τὴν
1059 786 1365 859 ἀπόρρητον
1395 790 1572 859 φύσιν,
1604 786 1671 863 ἧς
1692 790 1846 844 ἀλλό-

286 883 433 936 τριον
463 868 523 921 τὸ
552 871 760 925 παθεῖν.
780 875 905 946 Ἰδὶᾳ
935 877 1113 931 τοίνυν
1156 879 1386 933 πέπονθε
1432 882 1615 952 σαρκὶ,
1670 882 1846 935 καίτοι

286 956 380 1009 τοῦ
430 960 624 1014 παθεῖν
670 964 918 1035 ἀμοιρεῖν
964 968 1268 1039 εἰθισμένος
1314 971 1342 1024 6
1385 973 1448 1025 ὲκ
1487 970 1620 1026 Θεοῦ
1652 972 1841 1040 Λόγος.

289 1048 420 1134 θεὸς
442 1046 533 1103 οὖν
561 1052 667 1123 ἄρα
706 1055 955 1126 Χριστὸς,
991 1059 1186 1125 θεῖκῶς
1219 1060 1317 1131 μὲν
1348 1061 1584 1133 ἀπαθὴς,
1608 1062 1845 1134 παθητὸς

288 1133 346 1187 δὲ
371 1137 508 1191 κατά
540 1138 636 1218 τὴν
666 1141 861 1212 σάρκα.

291 1415 411 1471 Ὅτι
443 1422 476 1472 ὀ
507 1421 611 1475 τοῦ
637 1426 889 1491 Χριστοῦ
917 1427 1168 1496 θάνατος
1198 1431 1279 1496 τῷ
1307 1434 1507 1503 κόσμῳ
1537 1436 1845 1505 σωτήριος.

488 1536 582 1592 Ἐκ
618 1541 725 1595 τοῦ
762 1544 911 1598 κατὰ
951 1545 1225 1616 Ἰωάννην
1262 1551 1652 1620 Εὐαγγελίου.

377 1644 392 1679 ⁸
412 1649 593 1705 Ταῦτα
618 1654 715 1707 οὐκ
737 1654 979 1723 ἔγνωσαν
1003 1658 1051 1711 oi
1078 1659 1314 1731 μαθηταὶ
1341 1662 1506 1717 αὑτοῦ
1529 1664 1589 1717 τὸ
1616 1665 1850 1736 πρῶτονι

289 1738 403 1793 ἀλλ’
432 1741 519 1794 ὅτε
571 1744 829 1817 ἐδοξάσθη
882 1750 911 1802 ὁ
951 1750 1177 1820 Ἰησοῦς,
1208 1752 1328 1806 τότε
1373 1755 1719 1828 ἐμνήσθησαν
1769 1761 1853 1813 ὅτι

1946 618 2062 662 stus
2093 608 2161 660 sit
2198 620 2355 660 verus
2391 605 2552 665 Deus,
2603 613 2749 656 recte
2791 602 3168 671 sapienterque
3201 602 3505 672 diSt‘ipllllH

1945 714 2109 754 carne
2139 698 2284 751 illum
2313 710 2524 766 passum
2549 693 2800 748 aﬂirmat.
2834 693 2945 748 llac
2979 693 3123 747 enim
3162 694 3372 747 ratione
3408 711 3508 746 ua-

1947 801 2123 843 tnram
2152 789 2294 842 illam
2330 789 2671 847 immensam,
2704 784 2754 838 in
2787 799 2891 853 qua
2930 782 3075 837 nulla
3112 784 3390 853 perpessio
3415 801 3505 835 ca-

1946 879 2044 942 dit,
2075 877 2142 931 ab
2168 877 2312 931 omni
2356 876 2704 945 perpessioue
2732 872 2941 928 eximit.
2995 871 3104 927 Sua
3138 873 3300 942 igitur
3338 888 3505 927 carne

1946 986 2138 1038 passus
2188 978 2289 1033 est,
2324 982 2633 1038 quanquam
2680 965 2772 1021 Dei
2824 964 3056 1021 Verbum
3109 966 3405 1020 secundum
3452 983 3510 1019 se

1949 1062 2151 1115 nullius
2210 1060 2574 1130 perpessiouis
2613 1072 2782 1126 capax
2835 1067 2939 1111 est.
2991 1055 3246 1111 Christus
3287 1056 3514 1126 proinde

1951 1153 2090 1205 Dens
2144 1163 2269 1216 est,
2342 1149 2690 1219 impassihilis
2745 1150 2960 1216 quidem
3005 1148 3302 1202 secundum
3366 1146 3513 1201 divi—

1952 1259 2077 1296 nam
2110 1254 2397 1307 naturam;
2440 1240 2736 1295 secundum
2785 1241 3075 1293 humanth
3123 1249 3303 1293 autem
3338 1239 3514 1308 passi-

1952 1337 2090 1389 bilis.

2182 1448 2333 1511 Quod
2370 1445 2563 1500 Christi
2603 1462 2741 1499 mors
2771 1443 2962 1498 mundo
3005 1442 3281 1499 salutaris.

2214 1559 2295 1613 Ex
2326 1557 2612 1627 Evangelia
2645 1558 2935 1611 secundum
2965 1555 3253 1610 Joannem.

2030 1693 2050 1725 ι
2086 1672 2212 1727 lixae
2253 1688 2356 1725 non
2392 1681 2768 1742 cognoverunt
2801 1668 3050 1739 discipuli
3086 1668 3205 1737 ejus
3238 1666 3471 1738 priumm
3500 1686 3513 1721 :
3572 1662 3586 1679 ⁸

1953 1765 2048 1818 sed
2090 1764 2307 1834 quando
2358 1763 2688 1833 gloriﬁcatns
2733 1771 2815 1817 est
2855 1760 3033 1825 Jesns,
3079 1770 3207 1816 tunc
3254 1760 3518 1816 recordati

289 1832 459 1926 ταῦτα
614 1837 704 1889 ἐπ’
736 1838 882 1910 αὐτῷ
924 1843 1303 1913 γεγραμμένα.
1337 1864 1356 1896 ι
1386 1848 1497 1901 Kal.
1524 1849 1718 1903 πάλιν·
1753 1868 1773 1902 ι
1796 1851 1853 1906 '0

1968 1865 2106 1923 sunt,
2139 1856 2264 1926 quia
2294 1857 2406 1910 haec
2432 1856 2645 1910 fuerant
2672 1854 2871 1921 scripta
2905 1854 2970 1907 de
2993 1866 3058 1907 eo
3087 1851 3158 1917 ⁸³;
3202 1869 3221 1902 ι
3260 1859 3315 1905 et
3346 1851 3517 1904 infra:

290 1921 347 2019 ξὲ
392 1923 596 2019 Ἰησοῦς
639 1929 988 2019 ἀποκρίνεται
1018 1933 1200 1999 αὐτοῖς
1239 1936 1445 2004 λέγων·
1492 1939 1774 2011 Ἐλήλυθεν
1822 1944 1855 2015 ἡ

1968 1967 1986 2002 ι
2014 1948 2171 2005 Jesus
2189 1957 2368 2002 autem
2400 1947 2688 2019 respondet
2714 1945 2815 2005 eis,
2843 1944 3069 2009 dicens;
3094 1941 3256 1998 Venit
3280 1944 3433 2006 hora,
3456 1951 3518 1997 ut

291 2012 428 2106 ῶρα,
463 2016 549 2070 ῖνα
579 2018 805 2092 δοξασθῇ
836 2023 863 2075 ὁ
888 2023 1016 2088 Υίδς
1042 2024 1132 2078 τοῦ
1167 2026 1473 2101 ἀνθρώπου.
1491 2032 1682 2101 ’Δμὴν,
1712 2012 1857 2106 ἀμὴν

292 2103 434 2174 λέγω
466 2107 613 2178 ὑμῖν,
646 2111 739 2165 ἐὰν
773 2114 848 2184 μὴ
873 2114 900 2166 6
929 2116 1126 2182 κόκκος
1156 2116 1251 2171 τοῦ
1274 2120 1421 2173 σίτου
1452 2122 1631 2177 πεσὼν
1655 2126 1735 2189 εἰς
1755 2103 1859 2199 τήν

293 2198 395 2268 γῆν
424 2200 687 2290 ἀποθάνῃ,
717 2205 879 2271 αὐτὸς
926 2207 1086 2277 μόνος
1123 2209 1308 2279 μένει·
1344 2213 1438 2268 ἐὰν
1481 2215 1539 2268 δὲ
1588 2216 1857 2290 ἀποθάνῃ,

294 2288 503 2377 καρπον
533 2292 751 2347 πλείονα
781 2295 961 2367 φέρει.
996 2318 1015 2352 ι
1045 2300 1201 2355 Ἔστι
1245 2302 1302 2356 δὲ
1352 2305 1453 2358 οὐκ
1490 2306 1790 2377 ἀμφίλογον
1810 2288 1865 2375 ί»

293 2374 385 2468 ὅτι,
406 2379 671 2467 σέσωσται
700 2385 806 2447 πᾶς
830 2386 857 2439 6
886 2386 1105 2457 κόσμος,
1135 2390 1497 2458 ἀποθανόντος
1518 2396 1657 2468 ὑπὲρ
1693 2400 1860 2452 αὐτοῦ

294 2466 387 2519 τοῦ
429 2466 792 2545 Ἐμμανουήλ.
822 2476 965 2548 Πλὴν
1007 2481 1181 2534 ἐκεῖνο
1219 2482 1469 2555 λέγομεν·
1499 2466 1634 2551 Πῶς
1657 2491 1863 2545 ἀποθα-

295 2557 401 2654 νῶν
422 2560 718 2654 ἐδοξάσθης
772 2568 949 2621 καίτοι
984 2571 1183 2637 μᾶλλον
1215 2575 1403 2645 μῶμον
1432 2579 1715 2645 ἀσθενείας
1748 2582 1862 2654 ἔχει

294 2648 355 2703 τό
384 2653 573 2743 χρῆμα
595 2670 610 2686 °
637 2656 760 2711 ὅθεν
790 2661 882 2712 καὶ
908 2662 1169 2734 αἰσχύνης
1192 2671 1595 2741 καταφρονῆσαι
1623 2648 1862 2743 λέγεται,

297 2742 539 2839 γεγονῶς
586 2746 827 2839 ὑπήκοος
875 2753 1034 2823 μέχρι
1084 2754 1330 2812 θανάτου.
1369 2760 1508 2814 Ἀλλ’
1543 2765 1671 2830 ἴσως
1719 2768 1865 2839 ἐρεῖς

296 2833 606 2927 δεδοξάσθαι
627 2838 715 2894 διὰ
738 2841 837 2912 τὴν
860 2844 1152 2899 ἀνάστασιν
1180 2849 1362 2905 αὐτόν.
1381 2853 1584 2924 Ὀρθῶς
1610 2833 1865 2927 ἔχειξκαὶ

297 2925 503 3023 ἀληθὴς
535 2930 576 3023 μό
626 2929 1050 3023 λόγοςΪΑρίοῦν
1092 2940 1289 2993 ἀνεϐίω
1333 2943 1526 3008 θεῖκῶς
1576 2925 1794 3016 μᾶλλον,
1830 2953 1862 3023 ἢ

298 3015 686 3087 ἀνθρωπίνωςς
722 3024 885 3091 Ἀλλ’,
912 3022 1083 3096 οἶμαι,
1105 3028 1494 3095 θεῖκῶς.”’οταν
1523 3015 1616 3089 οὖν
1644 3040 1807 3104 αὐτὸς

298 3109 526 3203 ἒ-κᾹΘεοῧ
552 3115 723 3184 Λόγος
747 3121 911 3183 σαρκὶ
955 3120 1177 3193 λέγηται
1228 3126 1437 3190 παθεῖν,
1476 3128 1550 3200 μὴ
1597 3132 1862 3203 αίσχυνώυ

1956 2038 2283 2094 clariﬁcetur
2307 2038 2482 2092 Filius
2510 2036 2766 2091 hominis.
2785 2036 2981 2098 Amen,
3016 2049 3173 2089 amen
3198 2033 3319 2088 dico
3345 2034 3519 2099 vobis,

1960 2129 2063 2183 nisi
2094 2144 2320 2200 granum
2355 2127 2614 2182 frumenti
2657 2124 2857 2180 cadens
2898 2125 2952 2177 in
2998 2133 3202 2177 terram
3238 2133 3517 2177 mortuum

1960 2221 2138 2284 fuerit,
2185 2221 2357 2289 ipsum
2413 2218 2582 2274 solum
2629 2224 2864 2271 manet:
2913 2214 2958 2268 si
3009 2226 3189 2270 autem
3244 2200 3515 2269 mortuum

1960 2311 2148 2374 fuerit,
2196 2310 2418 2364 multum
2464 2309 2697 2363 fructum
2757 2306 2915 2360 affert
2936 2303 3004 2358 ⁸⁸.
3045 2323 3064 2358 ›
3106 2304 3248 2360 Nulli
3298 2304 3521 2360 dubium

1959 2410 2045 2455 est
2104 2400 2419 2456 universum
2469 2398 2749 2463 mundum,
2794 2394 3144 2471 Emmanuele
3187 2404 3414 2451 mortem
3455 2393 3521 2447 il-

1959 2492 2067 2548 lius
2085 2506 2244 2547 causa
2270 2491 2594 2555 sustinente,
2610 2468 2884 2544 servatum
2907 2502 3050 2542 esse.
3074 2490 3143 2541 At
3164 2485 3285 2555 iure
3306 2485 3521 2540 interim
3588 2464 3593 2477 ’

1961 2585 2127 2655 quaeri
2165 2590 2341 2654 potest
2387 2585 2658 2653 quomodo
2722 2579 2948 2649 gloriam
2994 2593 3092 2649 per
3124 2588 3350 2633 mortem
3388 2591 3522 2631 con»

1963 2687 2179 2731 secutus
2206 2674 2385 2740 fuerit,
2410 2688 2529 2729 cum
2550 2688 2615 2727 ea
2641 2688 2726 2727 res
2752 2681 2951 2742 apertae
2978 2671 3254 2739 cujusdam
3287 2668 3517 2723 inllrmi-

1964 2771 2095 2825 tatis
2133 2782 2255 2823 esse
2302 2768 2595 2831 videatur:
2639 2766 2781 2819 unde
2822 2765 2984 2819 etiam
3027 2771 3332 2831 contempta
3369 2763 3524 2833 igno-

1966 2857 2130 2911 minia
2162 2857 2205 2889 ⁸⁷
2232 2856 2298 2911 ad
2323 2866 2553 2911 mortem
2582 2847 2752 2925 usque
2771 2854 3030 2908 obediens
3058 2853 3222 2907 fuisse
3245 2850 3521 2922 legitur".

1966 2949 2124 3004 Dices
2156 2949 2341 3005 forsan
2377 2949 2526 3005 illum
2560 2962 2656 3017 per
2685 2946 3137 3002 resurrectionem
3168 2944 3526 3015 gloriﬁcatum

1966 3056 2111 3095 esse.
2146 3041 2334 3105 Recte,
2364 3042 2621 3109 inquam;
2651 3053 2776 3092 vera
2818 3036 2967 3092 enim
2991 3046 3075 3090 est
3114 3035 3229 3091 haec
3263 3034 3527 3089 doctrina.

1971 3132 2075 3186 Sed
2107 3132 2358 3185 divinane
2387 3133 2589 3185 virtute
2627 3131 2842 3195 revixit,
2887 3145 2956 3183 an
2986 3127 3253 3181 humana?
3280 3126 3533 3179 Arbitror

303 3201 443 3293 μεθα
474 3204 535 3257 τὺ
564 3206 761 3272 πάθος⁶
788 3210 945 3278 δόξαν
995 3213 1106 3284 γάρ
1150 3213 1261 3286 ἔχει
1303 3217 1362 3269 τὸ
1390 3218 1560 3283 τέλος,
1588 3201 1863 3280 καὶτοῦτο

1972 3222 2267 3293 equidem,
2315 3222 2518 3277 divina.
2561 3222 2695 3277 Cum
2745 3221 2921 3290 ipsum
2978 3233 3108 3289 ergo
3151 3218 3244 3274 Dei
3296 3217 3532 3272 Verbum

301 3292 601 3368 θεοπρεπῆ.

340 3602 467 3655 Ὀτι
506 3598 590 3670 εἷς
641 3608 772 3674 Υἱὸς
809 3610 843 3662 ό
878 3610 1173 3750 τοιΞρΘεοιΞ
1209 3616 1308 3669 καί
1348 3616 1563 3687 Κύριος
1600 3622 1833 3691 Ἰησοῦς

1039 3698 1137 3736 ιστ
1176 3704 1228 3750 ς.

1039 3698 1228 3750 ιστος.

686 3788 786 3841 Ἐκ
824 3788 933 3859 τῆς
972 3792 1120 3859 πρὸς
1156 3792 1493 3864 Ῥωμαίους.

380 3897 538 3987 ιῖΑρ*
570 3893 664 3953 οὖν
710 3901 872 3966 αὐτὸς
920 3903 1029 3973 ἐγὼ
1060 3904 1138 3977 τῷ
1174 3907 1272 3978 μὲν
1317 3908 1398 3963 νοῒ
1444 3911 1677 3967 δουλεύω
1723 3916 1871 3987 νόμῳ

306 3983 463 4053 Θεοῦ,
487 3993 554 4061 τῇ
582 3990 637 4045 δὲ
672 3995 837 4064 σαρκὶ
859 3996 1009 4067 νόμῳ
1035 3998 1330 4070 ἁμαρτίας.
1360 4003 1525 4057 Οὐδὲν
1553 4004 1660 4075 ἄρα
1701 3983 1873 4062 κατάλ-

308 4094 481 4149 κριμα
505 4083 617 4143 τοῖς
641 4083 698 4135 ὲν
722 4085 944 4156 Χριστῷ
976 4087 1170 4157 Ἰησοῦ.
1187 4089 1247 4144 '0
1271 4090 1380 4163 γὰρ
1404 4093 1566 4163 νόμος
1586 4094 1680 4149 τοῦ
1704 4098 1873 4151 lived-

312 4186 478 4237 ματος
514 4172 612 4242 τῆς
629 4172 795 4245 ζωῆς,
833 4177 1176 4252 ἠλευθέρωσέ
1212 4199 1279 4253 με
1310 4183 1417 4237 ἀπὸ
1449 4184 1543 4238 τοῦ
1578 4186 1743 4257 νόμου
1774 4190 1875 4260 τῆς

1971 3327 2136 3366 carne
2175 3328 2389 3381 passum
2439 3312 2656 3374 dicitur,
2697 3311 2845 3365 nullo
2888 3311 3092 3380 pudore
3137 3305 3531 3363 sullundamnt'.

1967 3403 2206 3459 Gloriam
2237 3404 2400 3464 enim,
2428 3418 2656 3472 eamque
2692 3402 2801 3457 Deo
2828 3400 3419 3464 convenientissimam,
3457 3396 3537 3453 rei

1967 3496 2145 3552 exitus
2172 3497 2417 3551 sortitur.

1974 3608 2129 3678 103
2164 3607 2318 3673 Quod
2352 3623 2486 3660 unus
2539 3604 2948 3729 sitcfeilFilius
2987 3614 3039 3659 et
3080 3604 3336 3659 Dominus
3379 3601 3537 3655 Iesus

2675 3691 2745 3729 rts
2774 3692 2853 3729 us.

2675 3691 2853 3731 rtstus.

2374 3790 2455 3844 Ea:
2491 3788 2729 3858 Epistola
2764 3788 2833 3842 ad
2866 3787 3151 3842 Romanos.

2048 3923 2066 3954 ι
2102 3903 2270 3972 Igitur
2313 3917 2413 3972 ego
2452 3903 2567 3972 ipse
2615 3910 2800 3957 mente
2856 3901 3034 3957 servio
3063 3900 3167 3971 legi
3213 3899 3328 3966 Dei,
3374 3912 3544 3953 carne

1977 4002 2155 4048 antem
2194 3992 2300 4061 legi
2337 3993 2564 4061 peccati.
2615 3992 2758 4046 Nihil
2803 4006 2935 4062 ergo
2985 4006 3127 4046 nunc
3175 3989 3540 4045 damnationis

1973 4096 2056 4141 est
2102 4086 2169 4141 iis
2216 4086 2306 4155 qui
2342 4095 2468 4139 stmt
2500 4086 2551 4138 in
2575 4084 2796 4139 Christo
2832 4084 2981 4149 Jesu,
3006 4084 3095 4153 qui
3119 4098 3224 4138 non
3251 4081 3541 4138 secundum

1974 4191 2189 4231 carnem
2224 4174 2515 4229 ambulant.
2547 4174 2657 4230 Lex
2689 4175 2832 4231 enim
2864 4172 3102 4244 Spiritus
3130 4174 3252 4227 vitae
3294 4174 3346 4226 in
3378 4170 3536 4225 Chri-

300 4262 581 4334 ἀμαρτίας
608 4266 702 4319 καὶ
732 4267 825 4321 τοῦ
854 4268 1103 4324 θανάτου.
1132 4273 1205 4325 Τὸ
1236 4274 1347 4347 γὰρ
1379 4275 1638 4331 ἀδύνατον
1670 4278 1764 4332 τοῦ

1977 4274 2061 4323 sto
2088 4266 2218 4321 Jesu
2247 4266 2495 4321 liberavit
2521 4282 2606 4321 me
2630 4282 2659 4320 a
2692 4266 2809 4335 lege
2834 4266 3041 4335 peccati
3069 4273 3125 4319 et
3159 4263 3370 4318 mortis.
3404 4259 3540 4314 Nam

314 4370 437 4422 μου,
470 4356 527 4408 ὲν
548 4350 591 4423 ᾧ
622 4356 836 4427 ἠσθένει
867 4358 956 4412 διὰ
983 4361 1082 4430 τῆς
1109 4363 1326 4435 σαρκὸς,
1358 4365 1386 4417 ὁ
1412 4364 1546 4428 Θεὸς
1572 4365 1663 4419 τὸν
1684 4367 1863 4421 ἑαυτοὶ

1977 4360 2119 4428 quod
2154 4358 2488 4428 impossibile
2511 4367 2630 4411 erat
2658 4356 2787 4426 legi,
2821 4358 2873 4410 in
2906 4371 3014 4426 quo
3046 4352 3425 4409 inﬁrmabatur
3449 4364 3548 4417 per

312 4442 439 4496 Υίὸν
484 4444 706 4515 πέμψας
754 4449 812 4501 ἐν
858 4449 1163 4520 ὁμοιώματι
1213 4454 1413 4525 σαρκὸς
1459 4456 1750 4529 ἁμαρτίας,
1785 4460 1863 4512 καλ

1979 4464 2223 4515 carnem,
2256 4449 2396 4505 Deus
2439 4447 2638 4503 Filium
2681 4462 2840 4503 suum
2883 4447 3107 4501 mittens
3148 4444 3203 4499 in
3239 4441 3544 4499 similitudi-

312 4534 441 4628 περὶ
467 4536 766 4628 Ϋάμαρτίας,
796 4539 1083 4611 κατέκρινε
1127 4542 1227 4615 τὴν
1271 4546 1544 4617 ἁμαρτίαν
1587 4549 1646 4602 ἐν
1694 4551 1863 4623 σαρκὶ.

1984 4558 2104 4598 nem
2132 4541 2312 4596 carnis
2346 4540 2576 4611 peccati,
2608 4549 2663 4595 et
2692 4540 2758 4593 de
2783 4547 3011 4609 peccato
3045 4534 3321 4592 damnavit
3344 4547 3538 4602 pecca-

312 4626 398 4679 ῑνα
432 4627 492 4681 τὸ
523 4628 796 4699 δικαίωμα
840 4630 934 4685 τοῦ
976 4633 1140 4705 νόμου
1188 4636 1447 4710 πληρωθῇ
1478 4641 1536 4693 ἐν
1578 4642 1730 4712 ἡμῖν,
1764 4645 1863 4708 τοῖς

1984 4646 2094 4691 tum
2128 4636 2179 4690 in
2212 4650 2400 4699 carne,
2431 4643 2488 4688 ut
2509 4631 2831 4703 justiﬁeatio
2864 4630 2997 4700 legis
3029 4628 3349 4698 impleretur
3376 4625 3429 4681 in
3458 4640 3548 4681 no-

315 4717 390 4789 μὴ
425 4718 568 4773 κατὰ
601 4720 779 4791 σάρκα
806 4724 1219 4794 περιπατοῦσιν,
1252 4729 1389 4783 ἀλλὰ
1419 4732 1561 4785 κατὰ
1587 4733 1824 4805 πνεῦμα.
1852 4755 1870 4784 ι

311 4810 586 4881 Μάχονται
634 4812 732 4882 μὲν
769 4814 877 4886 γὰρ
916 4816 1359 4888 ὁμολογουμένως
1397 4821 1703 4895 ἀλλήλοιςή
1740 4824 1875 4896 σὰρξ

313 4901 488 4959 καὶτὸ
516 4903 751 4975 πνεῦμα,
777 4907 1020 4962 τουτέστι
1048 4909 1108 4962 τὸ
1136 4910 1386 4982 φρόνημα
1412 4912 1474 4966 τὸ
1500 4915 1758 4985 σαρκικὸν
1781 4919 1877 4970 καὶ

313 4992 423 5044 τῶν
452 4993 705 5064 ἐμφύτων
735 4997 865 5067 ἡμῖν
891 4997 1093 5068 ἡδονῶν
1118 4998 1179 5052 τὸ
1212 5000 1433 5071 κίνημα,
1469 5002 1563 5057 καὶ
1602 5004 1701 5075 τῆς
1739 5006 1881 5059 κατά

312 5081 377 5134 τὸ
420 5082 644 5154 Πνεῦμα
686 5083 831 5155 ζωῆς
862 5087 895 5154 ἡ
921 5086 1167 5157 δύναμις.
1195 5086 1314 5142 Κάν
1344 5091 1373 5143 6
1400 5089 1539 5154 θεῖος
1568 5093 1717 5162 ἡμᾶς
1746 5093 1882 5145 ἀπο-

314 5173 457 5246 φέρῃ
499 5174 662 5245 νόμος
693 5178 771 5239 εἷς
796 5194 859 5245 γε
883 5177 945 5231 τὸ
969 5176 1077 5231 δεῖν
1106 5178 1322 5234 ἑλέσθαι
1364 5180 1425 5234 τὸ
1454 5182 1676 5249 ἀγαθὸν,
1705 5183 1819 5237 ἀλλ’
1846 5187 1880 5256 ἡ

314 5262 426 5355 τῆς⁸
447 5264 647 5335 σαρκὸς
672 5266 933 5339 ἐπιθυμία
963 5270 1347 5336 καταϐιάζεται
1366 5272 1503 5344 πρὸς
1527 5275 1589 5328 τὸ
1617 5275 1876 5331 ἐναντίον.

386 5415 431 5494 ξε
463 5418 481 5469 l
518 5418 762 5494 Pelr._tv,
794 5422 841 5477 ι.
915 5424 961 5456 ⁸³
988 5423 1141 5483 Joan.
1175 5443 1271 5494 xu,
1302 5427 1385 5485 16.

316 5482 351 5513 0
386 5429 431 5447 ἠ
463 5429 481 5469 ι
519 5429 661 5473 γειι.
689 5436 762 5485 ιν,
794 5429 841 5477 l.
915 5429 961 5456 εδ
988 5429 1141 5483 Joan.
1175 5443 1271 5494 xu,
1302 5429 1385 5485 l6.
1466 5429 1512 5464 "‘
1538 5430 1670 5485 ibid.
1700 5432 1790 5499 Ἡ,
1822 5432 1915 5488 ‘25-

320 5483 425 5553 ..5;
460 5502 571 5550 vut,
606 5491 721 5546 1-4.
1448 5553 1453 5558 .

1990 4727 2094 4793 bis,
2148 4727 2239 4797 qui
2290 4741 2396 4781 non
2440 4725 2740 4781 secundum
2778 4737 2997 4777 carnem
3046 4719 3410 4783 ambulamus,
3452 4720 3545 4772 sel

1982 4819 2277 4876 secundum
2312 4818 2562 4887 spiritum
2591 4814 2660 4868 ι’.
2694 4833 2712 4866 ι
2754 4814 3072 4883 Depugnant
3105 4825 3337 4881 namque
3361 4818 3548 4903 apert?

1983 4912 2131 4968 inter
2159 4927 2218 4968 se
2246 4920 2422 4966 marte
2443 4924 2572 4963 caro
2600 4917 2656 4962 et
2683 4907 2928 4976 spiritus,
2960 4908 3059 4959 hoc
3089 4913 3176 4960 est
3201 4918 3398 4958 sensus
3427 4890 3554 4958 car?

1982 5004 2068 5057 nis
2115 5003 2510 5070 insitarumque
2540 4999 2696 5053 nobis
2718 4996 3095 5052 illecebrarum
3126 5002 3327 5060 motus,
3353 5002 3409 5048 et
3438 4994 3551 5061 spi-

1984 5096 2163 5151 ritalis
2194 5095 2320 5148 vita:
2361 5092 2609 5147 facultas.
2637 5091 2770 5146 Nam
2802 5090 2907 5147 etsi
2953 5089 3132 5143 divina
3177 5087 3263 5142 lex
3315 5085 3383 5141 ad
3424 5084 3550 5139 boni

1986 5186 2330 5256 cupiditatem
2362 5199 2463 5239 nos
2489 5185 2704 5252 invitet,
2730 5185 2912 5240 carnis
2939 5193 3120 5238 tamen
3152 5181 3551 5249 concupiscen-

1989 5279 2058 5333 tia
2092 5277 2160 5333 ad
2192 5277 2526 5333 contrarium
2553 5286 2729 5347 urget.
2763 5278 2831 5331 At
2854 5277 2968 5331 haec
2998 5275 3111 5330 rixa
3137 5289 3234 5347 per
3265 5272 3544 5329 Christum

2027 5434 2071 5467 ⁸⁷
2105 5432 2269 5490 Hebr.
2298 5450 2397 5501 ιιι,
2428 5433 2487 5492 2.
2597 5433 2643 5467 ⁸⁸
2673 5431 2900 5503 Philipp.
2930 5447 2990 5500 ιι,
3021 5429 3074 5486 8.
3197 5428 3243 5464 ⁸⁸
3268 5428 3421 5487 Rom.
3453 5440 3554 5497 tm,-

1379 5652 1551 5714 Variae
1577 5657 1837 5718 lectiones
1857 5659 2059 5720 codicis
2089 5662 2447 5733 Seguicriani.

396 5791 426 5823 ι
455 5778 777 5852 ἀμφίϐολον.
