4000 6326
504 401 525 454 1
537 399 642 455 ἳθθ

1454 400 1513 455 S.
1556 399 1827 454 CYRILLI
1868 401 2334 457 ALEXANDRINI
2374 402 2691 459 ARCIIIEP.

3581 401 3743 456 1300

498 533 640 570 nunc
667 516 878 570 demum
896 516 1163 586 dirempta
1181 525 1266 572 est
1295 535 1311 573 :
1342 519 1816 587 quandoquidem,
1848 520 2056 588 peccati

2179 520 2391 574 ὶέλυται
2417 521 2474 574 δὲ
2502 521 2596 574 νῦν
2621 522 2679 573 ὲν
2708 518 2924 590 Χριστῷ
2964 519 3024 570 τδ
3069 515 3438 581 ἀντιστατοῦν,
3470 515 3567 568 καὶ
3607 515 3747 582 ἠτό-

499 611 615 679 Ivge
639 625 732 675 per
760 608 906 662 illum
937 608 1283 673 labefactata,
1312 610 1397 663 lex
1448 609 1685 680 Spiritus
1715 625 1935 679 regnum
1962 611 2060 664 ob-

504 701 655 755 tinet.
683 700 794 767 Qua
824 700 966 755 istud
990 713 1169 755 autem
1194 702 1260 754 de
1290 703 1497 757 causa?
1526 721 1545 752 ‹
1573 702 1717 758 Misit
1746 704 1888 756 enim
1923 702 2063 757 Deus

501 792 692 844 Filium
746 806 902 845 suum
957 794 1008 845 in
1053 793 1466 847 similitudinem
1501 792 1682 847 carnis
1719 794 1955 862 peccati,
2004 802 2065 846 ut

502 892 781 950 peccatum
819 884 1143 937 condemnet
1186 884 1239 937 in
1274 900 1439 938 carne
1466 885 1537 938 9°.
1577 903 1595 935 ›
1631 884 1730 949 Qui
1777 898 1906 954 ergo
1949 883 2063 938 ﬁeri

504 982 683 1041 potest
749 983 806 1025 ut
840 972 998 1029 Verbi
1040 976 1339 1029 ineat-natio
1386 990 1489 1029 non
1532 974 1698 1029 fuerit
1733 989 1943 1029 summe
1973 990 2066 1029 ne-

501 1065 786 1118 cessaria?
830 1067 937 1119 Per
986 1067 1128 1121 haue
1176 1081 1411 1135 namque
1463 1076 1740 1136 peccatum
1793 1066 1848 1119 in
1901 1078 2065 1119 carne

501 1160 662 1211 etiam
704 1169 888 1213 nostra
935 1161 1355 1221 condemnatum
1404 1168 1507 1213 est.
1540 1158 1693 1224 Quod
1733 1158 1779 1213 si
1834 1156 2064 1213 Verbum

503 1267 631 1304 caro
658 1251 859 1304 factum
893 1266 1007 1305 non.
1029 1261 1131 1314 est,
1166 1266 1255 1305 res
1281 1261 1481 1306 nostra:
1510 1250 1730 1304 omnino
1783 1258 2069 1320 prostrate

512 1345 973 1413 inemendatmque
1017 1353 1372 1410 manserunt;
1424 1352 1584 1413 atque
1646 1343 1778 1396 adeo
1826 1358 1918 1410 per
1948 1358 2068 1396 car-

506 1451 629 1488 nem
660 1435 762 1504 legi
798 1436 1003 1504 peccati
1031 1436 1321 1499 servimus,
1352 1435 1496 1489 nullo
1541 1436 1593 1488 in
1625 1434 1782 1488 nobis
1808 1434 2066 1503 impetum

506 1526 651 1581 illius
744 1527 1064 1581 retundente
1139 1536 1234 1580 aut
1308 1524 1653 1585 rel'renantc.
1694 1524 2066 1579 Necessariam

422 1681 437 1699 .
508 1620 732 1685 proinde
764 1619 1039 1673 exstitisse
1058 1617 1289 1673 dicimus
1313 1618 1709 1687 hypostalicam
1742 1616 1923 1671 carnis
1946 1633 2067 1671 cum

513 1708 685 1763 Verbo
714 1710 1002 1770 unionem;
1046 1725 1148 1763 non
1176 1724 1524 1779 personarum
1553 1710 1693 1761 inter
1713 1723 1771 1762 se
1798 1708 2067 1776 copulam,

509 1810 601 1854 aut
645 1801 814 1854 solam
868 1800 1199 1854 voluntatum
1262 1799 1608 1853 concordiam
1662 1807 1715 1852 et
1768 1796 2067 1866 simplicem

507 1892 964 1959 conjunctionem,
996 1907 1157 1961 quam
1189 1891 1409 1961 quidam
1448 1898 1710 1945 statuunt.

583 2004 602 2035 ‹
638 1982 787 2049 Quid
810 1998 949 2051 ergo
968 1983 1207 2038 dicemus
1253 1982 1321 2035 ad
1364 1981 1523 2037 haec?
1559 1979 1617 2034 Si
1656 1979 1799 2033 Deus
1839 1994 1935 2049 pro
1969 1994 2069 2033 no-

507 2075 617 2137 bis,
643 2075 765 2143 quis
793 2083 984 2128 contra
1015 2073 1156 2128 nos?
1178 2071 1280 2146 Qui
1313 2072 1478 2126 etiam
1522 2070 1740 2147 proprio
1775 2068 1911 2123 Filio
1963 2084 2068 2123 non

506 2167 777 2234 pepercit,
814 2166 906 2220 sed
964 2179 1059 2234 pro
1108 2163 1265 2219 nobis
1312 2162 1562 2216 omnibus
1610 2161 1828 2215 tradidit
1878 2159 2069 2226 ilium;

507 2256 777 2321 quomodo
837 2269 940 2307 non
972 2253 1135 2307 etiam
1176 2268 1299 2307 cum
1353 2252 1443 2306 illo
1477 2251 1657 2305 omnia
1707 2251 1860 2305 nobis
1905 2250 2070 2303 dona-

503 2343 584 2396 vit
619 2343 711 2395 9‘?
760 2361 779 2394 ι
818 2340 873 2396 Si
922 2343 1063 2396 Deus
1118 2341 1281 2395 Pater
1327 2341 1602 2411 proprium
1650 2336 2068 2403 Filium,illum

506 2436 681 2499 ipsum
713 2433 968 2487 nimirum
994 2433 1085 2502 qui
1116 2447 1183 2487 ex
1230 2432 1374 2486 illius
1401 2429 1705 2487 substantia
1752 2439 1905 2483 ortus
1944 2437 2029 2485 est
2051 2470 2067 2495 ,

510 2525 669 2596 1οη.
712 2542 808 2595 pro
842 2526 994 2580 nobis
1026 2526 1261 2591 donavit,
1331 2541 1458 2597 ergo
1507 2541 1702 2596 corpus
1741 2527 1884 2595 quod
1932 2539 2072 2579 mor-

509 2629 614 2667 tem
654 2617 933 2681 sustinuit,
965 2616 1241 2686 proprium
1295 2616 1436 2669 illius
1468 2627 1606 2680 erat,
1640 2616 1730 2689 qui
1770 2614 2068 2670 secundum

508 2718 723 2757 carnem
784 2720 973 2775 passus
1021 2717 1117 2759 est
1138 2713 1283 2775 (nam
1320 2705 1615 2761 secundum
1662 2706 1957 2759 divinitatis
1982 2719 2071 2758 na-

508 2806 681 2847 turam
713 2797 822 2865 pati
852 2812 956 2855 non
988 2798 1255 2865 poterat);
1286 2798 1357 2851 ita
1389 2798 1533 2851 enim
1557 2798 1644 2866 qui
1679 2797 1972 2850 secundum
2011 2810 2071 2850 se

507 2887 630 2955 pati-
649 2889 867 2957 nequit,
915 2889 1308 2957 dispensatorie
1368 2898 1593 2943 mortem
1631 2900 1920 2958 perpessus
1962 2895 2066 2941 est.

508 2976 742 3032 Proinde
783 2980 871 3046 qui
914 2995 1077 3033 unum
1114 2981 1166 3033 in
1200 2980 1336 3035 duos
1371 2980 1716 3049 dispertiunt,
1746 2989 1931 3048 aperte
1965 2980 2070 3033 im-

508 3068 725 3138 pietatis
746 3068 978 3123 crimine
1022 3070 1589 3140 sese~constringunt=
1627 3069 2067 3139 quandoquidem

2164 629 2293 683 νησε
2330 614 2428 685 μὲν
2459 613 2560 682 τῆς
2590 611 2862 682 ἁμαρτίας
2890 612 2918 663 6
2940 610 3120 679 νόμος,
3154 609 3461 679 κεκράτηκε
3486 608 3545 661 δὲ
3575 609 3609 660 6
3639 605 3746 659 τοῦ

2166 706 2501 775 Πνεύματος.
2536 705 2635 756 Διὰ
2662 704 2821 756 ποίαν
2850 702 3058 767 αἰτίαν;
3083 721 3101 753 ι
3131 700 3393 770 Πέπομφε
3418 700 3526 768 γὰρ
3549 700 3579 751 ὁ
3600 698 3748 760 Θεὸς

2164 798 2256 852 τὸν
2284 797 2477 851 ἑαυτοῦ
2504 796 2630 850 Υίὸν
2653 799 2710 850 ὲν
2742 796 3046 865 ὁμοιώματι
3082 794 3283 864 σαρκὸς
3318 793 3617 862 ἁμαρτίας,
3652 792 3751 843 ἵνα

2168 888 2466 961 κατακρίνῃ
2486 888 2585 960 τὴν
2612 887 2881 958 ἁμαρτίαν
2910 888 2966 938 ὲν
2992 889 3058 957 τῇ
3095 884 3275 955 σαρκί.
3302 903 3320 935 ι
3342 880 3491 946 Εἶτα,
3522 882 3645 945 πῶς
3676 883 3749 933 οὗ

2166 979 2563 1052 χρειωδεστάτη
2596 978 2715 1031 λίαν
2811 977 2904 1030 τοῦ
2934 977 3105 1046 Λόγου
3134 977 3442 1046 σάρκωσιςς
3476 974 3743 1026 Κατακέ-

2167 1091 2353 1143 κριται
2376 1072 2485 1143 γὰρ
2513 1071 2655 1125 οὕτω
2684 1072 2775 1123 καὶ
2814 1073 2873 1122 ἐν
2904 1072 2969 1140 τῇ
3002 1068 3163 1140 σαρκὶ
3203 1068 3358 1139 ἡμῶν
3386 1070 3419 1137 ἡ
3454 1066 3742 1136 ἁμαρτία.

2168 1165 2231 1219 Εἰ
2261 1165 2317 1217 δὲ
2345 1164 2403 1217 οὐ
2442 1163 2631 1231 γέγονε
2665 1162 2799 1232 σὰρξ
2830 1164 2858 1215 ὁ
2884 1161 3074 1228 Λόγος,
3105 1159 3523 1230 ἀπομεμένηκεν
3552 1157 3754 1226 ἀδιόρο

2168 1257 2314 1310 θωτα
2340 1254 2412 1309 τὰ
2436 1254 2553 1308 καθ’
2584 1256 2751 1324 ἡμᾶς,
2782 1253 2875 1306 καὶ
2900 1250 3221 1321 δουλεύομεν
3261 1252 3326 1320 τῇ
3378 1247 3540 1318 σαρκὶ¹
3583 1247 3755 1315 νόμῳ

2170 1346 2479 1418 ἁμαρτίας,
2515 1345 2726 1408 οὐδενὸς
2770 1347 2827 1398 ἐν
2877 1346 3006 1414 ἡμῖν
3053 1342 3221 1411 αὐτὴν
3265 1341 3750 1410 καταργήσαντος.

2170 1436 2377 1497 Οὐκοῦν
2408 1435 2711 1505 ἀναγκαίαν
2762 1430 2901 1487 εἶναί
2947 1451 3127 1503 φαμεν
3158 1432 3259 1503 τὴν
3286 1432 3406 1485 καθ’
3436 1431 3752 1483 ὑπόστασιν

2170 1531 2361 1583 ’ένωσιν
2390 1528 2483 1582 τοῦ
2509 1529 2670 1595 λόγου
2698 1527 2832 1597 πρὸς
2854 1527 2950 1597 τὴν
2980 1525 3178 1595 σάρκα,
3213 1525 3305 1577 καὶ
3336 1524 3458 1594 οὐχὶ
3480 1523 3542 1593 δὴ
3569 1523 3754 1591 μόνην

2171 1616 2267 1688 τὴν
2299 1618 2356 1669 ὲν
2382 1615 2713 1685 προσώποις,
2740 1616 2833 1667 καὶ
2862 1614 3001 1668 κατὰ
3028 1613 3264 1685 θέλησιν,
3296 1614 3412 1683 ἦτοι
3439 1612 3753 1681 συνᾶφειαν

2174 1712 2371 1782 ἁπλῆν,
2391 1710 2533 1769 καθά
2566 1710 2695 1780 φασί
2728 1726 2889 1773 τινες.

2254 1991 2272 2021 ι
2300 1970 2365 2022 Τί
2412 1966 2505 2023 οὗν
2553 1969 2784 2041 ἐροῦμεν
2833 1970 2965 2041 πρὸς
2996 1969 3203 2036 mina;
3245 1970 3305 2022 Εί
3349 1970 3377 2021 ὁ
3422 1967 3551 2030 Θεὸς
3599 1964 3752 2035 ὑπὲρ

2176 2062 2355 2133 ἡμῶν,
2390 2062 2472 2125 τίς
2529 2062 2645 2115 καθ’
2679 2063 2869 2131 ἡμῶν;
2904 2062 3000 2125 Ὃς
3045 2079 3106 2130 γε
3155 2060 3249 2114 τοῦ
3301 2060 3429 2113 ἰδίου
3456 2059 3589 2112 Υίοῦ
3639 2060 3752 2111 οὐκ

2178 2153 2452 2220 ἐφείσατο,
2482 2152 2595 2205 ἀλλ’
2624 2153 2765 2223 ὑπὲρ
2787 2152 2942 2223 ήμῶν
2972 2153 3187 2209 πάντων
3212 2151 3525 2221 παρέδωκεν
3551 2149 3752 2213 αὐτὸν,

2178 2244 2295 2307 πῶς
2321 2243 2441 2313 οὐχὶ
2470 2244 2565 2296 καὶ
2594 2243 2691 2296 σὺν
2727 2242 2873 2313 αὐτῷ
2905 2244 2973 2297 τὰ
3002 2244 3179 2298 πάντα
3207 2246 3337 2314 ἡμῖν
3372 2244 3749 2313 χαρίσεταιςοι

2178 2337 2240 2389 El
2266 2336 2356 2389 τὸν
2382 2336 2513 2389 ἴδιον
2543 2336 2689 2401 Υίὸν,
2716 2336 2872 2406 δῆλον
2899 2336 2956 2389 δὲ
2988 2336 3184 2393 ὅτιτδν
3209 2337 3273 2391 ὲκ
3302 2335 3399 2405 τῆς
3427 2334 3618 2397 οὐσίας
3645 2336 3754 2387 αὗ-

2175 2428 2291 2493 τοῦ,
2326 2428 2556 2482 δέδωκεν
2581 2429 2718 2499 ὑπὲρ
2748 2429 2904 2499 ἡμῶν
2932 2429 2961 2480 ὁ
2983 2428 3113 2487 Θεὸς
3144 2428 3237 2483 καὶ
3261 2429 3475 2498 Πατήρ·
3504 2426 3758 2479 πέπονθε

2175 2523 2235 2576 δὲ
2257 2522 2397 2576 κατὰ
2426 2521 2623 2592 σάρκα,
2649 2522 2741 2573 καὶ
2775 2521 2836 2573 οὐ
2871 2520 3030 2589 φύσει
3052 2518 3327 2590 θεότητος·
3356 2519 3485 2576 ῑδιον
3529 2518 3643 2587 ἄρα
3679 2512 3759 2586 ἦν

2178 2612 2341 2667 αὐτοῦ
2362 2614 2423 2666 τὸ
2444 2612 2710 2675 πεπονθὸς
2736 2614 2912 2682 σῶμα,
2938 2614 3024 2669 ἶνα
3045 2614 3137 2665 καὶ
3163 2613 3324 2674 αὐτὸς
3342 2611 3530 2681 νοῆται
3553 2609 3760 2663 παθὼν

2175 2705 2553 2775 οἰκονομικῶς,
2580 2706 2609 2757 6
2637 2706 2828 2757 παθεῖν
2871 2705 2972 2757 οὐκ
3004 2704 3176 2768 εἰδὼς.
3213 2705 3287 2758 Τὸ
3321 2702 3498 2767 τοίνυν
3536 2704 3759 2772 ἀπομε-

2181 2796 2350 2866 ρίζειν
2387 2799 2467 2860 εἰς
2494 2796 2586 2849 δύο
2609 2797 2699 2849 τὸν
2735 2796 2853 2861 ἕνα,
2882 2797 3172 2860 δυσσεδές·
3206 2797 3307 2850 οὐκ
3350 2797 3429 2849 ἐτι
3467 2795 3579 2866 γὰρ
3616 2796 3761 2848 ἴδιον

2178 2888 2306 2941 Υἱὸν
2356 2889 2666 2960 εὑρίσκεται
2710 2889 2833 2954 δοὺς
2880 2890 3019 2957 ὑπὲρ
3065 2890 3225 2960 ἡμῶν
3270 2891 3298 2943 6
3346 2888 3555 2958 Πατὴρ,
3589 2888 3761 2957 εἴπερ

2178 2980 2325 3033 ἐστὶν
2356 2980 2640 3050 ἄνθρωπος
2665 2980 3028 3052 διῃρημένους,
3063 2982 3157 3035 καὶ
3186 2982 3305 3051 οὐχὶ
3334 2981 3401 3053 δὴ
3436 2979 3643 3051 μᾶλλον
3674 2978 3760 3041 ὼς

2177 3073 2236 3126 ὲν
2271 3072 2573 3152 προσλήψει
2604 3073 2804 3144 σαρκὸς
2831 3077 2859 3128 6
2887 3077 2953 3128 ὲκ
2988 3075 3129 3129 Θεοῦ.
3163 3076 3354 3143 Λόγος.

507 3160 553 3211 si
587 3170 670 3212 est
704 3158 862 3212 homo
892 3173 987 3228 per
1013 3174 1076 3213 se
1091 3170 1145 3213 et
1181 3161 1477 3213 secundum
1509 3176 1567 3213 se
1603 3160 1840 3224 divisitn,
1872 3169 1927 3215 et
1954 3177 2061 3215 non
2130 3163 2418 3233 ipsummet
2474 3164 2570 3220 Dei
2609 3164 2853 3221 Verbum.
2910 3182 3075 3224 carne
3112 3168 3378 3234 indutum,
3411 3165 3573 3225 Pater
3618 3180 3759 3233 pro-

508 3252 812 3319 priumpro
843 3253 997 3306 nobis
1036 3251 1226 3305 Filium
1256 3252 1467 3306 dedisse
1495 3268 1598 3306 non
1634 3252 1921 3308 invenitur.

587 3364 605 3395 ε
645 3346 778 3410 Quis
806 3347 1080 3399 accusabit
1113 3347 1374 3401 adversus
1398 3346 1602 3400 electos
1634 3347 1765 3400 Dei?
1809 3346 1950 3402 Deus
1980 3350 2071 3419 qui
2104 3357 2148 3417 ο

504 3440 791 3506 justilicat,
815 3439 938 3507 quis
965 3446 1046 3493 est
1089 3437 1180 3507 qui
1226 3437 1881 3496 c0ndemnet?’Christus
1915 3440 2075 3499 .lesus

509 3531 603 3599 qui
635 3539 877 3583 mortuus
898 3537 1000 3593 est,
1036 3528 1147 3581 imo
1182 3528 1273 3596 qui
1307 3536 1361 3582 et
1397 3531 1719 3595 resurrexit,
1758 3532 1850 3600 qui
1882 3540 1964 3586 est
2005 3534 2074 3587 ad

513 3622 791 3674 dexterum
826 3620 940 3680 Dei,
972 3620 1060 3687 qui
1092 3620 1257 3673 etiam
1298 3618 1606 3689 interpellat
1635 3635 1732 3689 pro
1765 3622 1921 3679 nobis
1941 3625 2009 3676 ⁹²·.
2051 3643 2070 3675 ι

514 3713 572 3765 Si
605 3712 853 3766 Christus
897 3726 992 3779 per
1025 3712 1184 3765 [idem
1210 3710 1497 3780 justilicat,
1539 3711 1687 3767 solus
1728 3722 1907 3767 autem
1934 3715 2076 3769 Deus

509 3814 597 3857 est
635 3806 723 3873 qui
769 3806 995 3871 iustitiae
1042 3805 1242 3857 donum
1286 3813 1510 3873 praestat
1560 3823 1573 3858 :
1616 3819 1957 3874 consequens
2015 3807 2074 3860 fit

509 3897 786 3949 Christum
828 3912 948 3951 esse
973 3912 1161 3951 verum
1197 3897 1385 3953 Deum.
1433 3897 1669 3951 Rursum
1704 3898 1748 3952 si
1782 3897 1851 3951 ad
1880 3900 2073 3954 dexte-

510 4003 627 4041 ram
667 3989 841 4043 Patris
871 3990 1041 4054 sedet,
1075 3989 1373 4058 eademque
1399 4004 1519 4043 cum
1551 3988 1643 4045 illo
1676 3989 1845 4060 gloria
1871 4001 1925 4045 et
1953 4005 2073 4043 ma-

505 4081 703 4147 jestate
729 4081 914 4149 pollet,
943 4091 998 4137 et
1020 4082 1238 4150 quidem
1274 4090 1521 4137 mortuus
1553 4091 1609 4137 et
1677 4083 2071 4148 resuscitatus;

510 4188 703 4241 corpus
736 4174 916 4242 itaque
938 4184 1275 4243 assumptum
1310 4172 1469 4229 Verbi
1499 4175 1773 4244 proprium
1805 4184 1907 4230 est.
1938 4175 2070 4229 Nam

2254 3368 2274 3402 ι
2305 3350 2402 3414 Τίς
2436 3350 2724 3418 ἐγκαλέσει
2751 3351 2893 3405 κατὰ
2924 3351 3194 3405 ἐκλεκτῶν
3232 3350 3365 3403 Θεοῦ
3390 3367 3405 3415 ;
3433 3349 3567 3412 Θεὸς
3599 3350 3632 3402 ὀ
3671 3349 3756 3402 δι-

2176 3441 2368 3509 καιῶν,
2392 3442 2475 3505 τίς
2500 3445 2528 3496 6
2560 3444 2932 3514 κατακρίνων;
2967 3442 3200 3515 Χριστὸς
3244 3442 3449 3513 Ἰησοῦς
3483 3442 3757 3495 ὁάποθα-

2176 3535 2306 3599 νὼν,
2328 3535 2525 3606 μᾶλλον
2548 3536 2615 3589 δὲ.
2630 3535 2898 3605 ἐγερθεὶς,
2926 3537 2984 3601 ὅς
3019 3537 3166 3589 ἐστιν
3195 3538 3252 3589 ὲν
3289 3535 3437 3604 δεξιᾷ
3464 3533 3560 3586 τοῦ
3585 3532 3755 3597 Θεοῦ,

2176 3626 2231 3689 ὃς
2282 3628 2373 3679 καὶ
2395 3628 2710 3697 ἐντυγχάνει
2748 3628 2888 3697 ὑπὲρ
2911 3628 3088 3699 ἡμῶν.
3122 3648 3139 3679 ι
3168 3628 3230 3681 Ei
3251 3627 3446 3680 δικαιοῖ
3471 3629 3539 3696 τῇ
3563 3625 3757 3678 πίστει

2177 3719 2431 3790 Χριστὸς,
2460 3719 2593 3783 Θεὸς
2620 3720 2675 3773 δέ
2705 3722 2851 3775 ἐστιν
2882 3722 2911 3772 ὁ
2943 3720 3165 3774 δικαιῶν
3190 3738 3204 3751 ·
3244 3719 3375 3780 Θεὸς
3404 3718 3511 3788 ἄρα
3538 3717 3756 3786 ἀληθὴς

2178 3811 2207 3862 6
2237 3810 2491 3881 Χριστός.
2516 3811 2626 3862 Καὶ
2644 3812 2803 3882 εἴπερ
2834 3812 2980 3865 ἐστὶν
3009 3811 3066 3864 ὲν
3091 3808 3242 3882 δεξιᾷ
3268 3809 3360 3863 τοῦ
3385 3808 3542 3870 Θεοῦ,
3567 3808 3757 3860 καίτοι

2178 3900 2409 3965 τεθνεὼς
2432 3903 2525 3957 καὶ
2551 3904 2939 3975 ἐγηγερμένος,
2978 3903 3315 3974 συγκὰθηται
3343 3901 3400 3955 δὲ
3425 3900 3504 3971 τῷ
3533 3900 3719 3969 Πατρὶ
3736 3918 3750 3929 ·

2179 3994 2309 4045 ῖδιον
2334 3993 2453 4064 ἄρα.
2471 3992 2565 4048 τοῦ
2593 3994 2769 4063 Λόγου
2804 3995 2866 4046 τὸ
2905 3994 3064 4065 σῶμά
3105 3994 3242 4047 ἐστι.
3289 3992 3609 4062 Συνεδρεύει
3640 3991 3755 4061 γὰρ

2177 4083 2320 4137 οὕτω
2352 4084 2430 4154 τῷ
2462 4086 2636 4155 Πατρὶ
2673 4084 2817 4155 μετὰ
2842 4085 2943 4155 τῆς
2976 4084 3378 4155 ἀναληφθείσης
3410 4081 3638 4150 σαρκὸς,
3674 4079 3758 4142 ὡς

2179 4177 2306 4240 Υἱὸς
2333 4178 2475 4230 κατὰ
2500 4177 2681 4245 φύσιν,
2705 4177 2799 4230 καὶ
2827 4178 2876 4229 εἱ
2900 4177 3091 4246 γέγονε
3120 4176 3256 4247 σὰρξ
3284 4177 3314 4228 6
3340 4175 3529 4243 Λόγος.

509 4267 611 4320 etsi
645 4265 848 4323 factum
873 4276 958 4320 est
986 4281 1136 4332 caro,
1169 4268 1309 4322 haud
1338 4282 1501 4324 secus.
1518 4277 1697 4324 tamen
1728 4268 1781 4321 in
1816 4278 2061 4338 suscepta
2100 4284 2263 4322 carne
2307 4284 2429 4324 cum
2491 4269 2650 4324 Patre
2676 4270 2824 4336 regni
2890 4270 3081 4326 solium
3102 4268 3328 4334 obtinet,
3362 4276 3421 4321 ut
3450 4280 3612 4319 verus
3643 4281 3748 4319 na-

513 4359 813 4428 turalisque
837 4358 1027 4414 Filius.

588 4468 607 4499 ι
634 4448 764 4513 Quae
808 4460 989 4503 autem
1020 4465 1086 4503 ex
1134 4449 1237 4505 [ide
1268 4461 1350 4505 est
1389 4451 1622 4517 iustitia,
1656 4450 1735 4505 sic
1778 4450 1947 4506 dicit:
1990 4448 2070 4502 Ne

510 4542 713 4595 dixeris
748 4541 799 4595 in
831 4542 996 4596 corde
1025 4551 1154 4596 tuo:
1197 4540 1327 4606 Quis
1367 4545 1625 4597 ascendet
1656 4542 1708 4595 in
1752 4542 1988 4595 caelum?
2015 4541 2068 4595 id

2255 4452 2361 4504 ιἮ
2398 4450 2454 4504 δὲ
2496 4452 2561 4504 ὲκ
2605 4451 2839 4514 πίστεως
2890 4449 3198 4519 δικαιοσύνη
3244 4449 3384 4502 οὕτω
3425 4448 3613 4515 λέγει·
3658 4448 3757 4519 Μὴ

2182 4542 2343 4615 εἴπῃς
2368 4544 2427 4595 ὲν
2459 4545 2526 4613 τῇ
2556 4543 2752 4613 καρδίᾳ
2782 4560 2873 4595 σου
2894 4559 2909 4573 ο
2946 4542 3041 4604 Τίς
3070 4542 3511 4611 ἀναϐήσεταισείς
3535 4540 3630 4592 τὸν
3660 4540 3759 4593 οὖ-

510 4644 613 4699 est,
640 4635 911 4688 Christum
934 4634 1220 4689 deducere.
1243 4634 1350 4688 Aut
1370 4633 1797 4703 quisdescendet
1818 4633 1869 4686 in
1901 4633 2074 4703 abys-

2182 4630 2371 4702 ρανόν;
2398 4633 2641 4685 τουτέστι
2676 4631 2904 4703 Χριστὸν
2924 4634 3277 4701 καταγαγεῖν·
3313 4632 3344 4701 ἢ
3381 4632 3473 4695 Τίς
3501 4632 3758 4702 καταϐή-

510 4726 668 4779 sum?
709 4728 810 4781 hoc
841 4736 946 4789 est,
989 4726 1267 4781 Christum
1310 4742 1337 4778 a
1363 4727 1593 4779 mortuis
1638 4738 1695 4778 re
1712 4738 1926 4779 vocare.
1970 4722 2076 4778 Sed

510 4818 638 4887 quid
662 4817 1028 4888 dicit?l’rope
1054 4828 1139 4873 est
1161 4818 1384 4872 verbum
1409 4818 1462 4870 in
1485 4832 1581 4871 ore
1607 4825 1719 4881 tuo,
1746 4827 1800 4870 et
1831 4817 1882 4869 in
1915 4817 2078 4870 corde

513 4922 605 4962 tuo
636 4926 649 4960 :
684 4908 786 4963 hoc
812 4918 897 4963 est
927 4909 1153 4977 verbum
1187 4908 1331 4965 lidei.
1365 4911 1516 4980 quod
1541 4906 2077 4976 praedicamusQuia

511 4996 558 5049 si
593 4996 870 5051 conﬁteris
903 4997 956 5051 in
978 5012 1074 5051 ore
1105 5004 1196 5051 tuo
1216 4996 1501 5050 Dominum
1530 4995 1808 5061 Jesum,et
1840 4997 1890 5050 in
1912 4996 2078 5051 corde

510 5097 604 5141 tuo
638 5087 937 5142 credideris
978 5088 1120 5157 quod
1161 5087 1301 5142 Dens
1351 5088 1633 5142 suscitavit
1680 5088 1829 5142 illum
1873 5106 1899 5139 a
1940 5103 2080 5141 mor-

512 5180 641 5242 tuis,
673 5179 863 5234 salvus
881 5178 1013 5236 eris.
1042 5179 1216 5233 Corde
1237 5179 1379 5233 enim
1410 5180 1650 5233 creditur
1671 5180 1737 5234 ad
1764 5179 2030 5247 justitiam
2060 5197 2073 5244 ;

512 5287 609 5326 ore
645 5280 827 5325 autem
871 5272 933 5325 lit
962 5269 1332 5326 conlessioad
1366 5270 1595 5324 salutem
1618 5272 1685 5323 ’3.
1720 5290 1739 5322 ι
1782 5268 1840 5325 Si
1884 5285 2079 5325 secun-

512 5364 641 5414 dum
685 5360 1042 5428 quorumdam
1091 5361 1460 5428 opinationem
1500 5360 1749 5414 Christus
1789 5369 1873 5413 cst
1915 5359 2078 5413 homo

510 5452 707 5517 deiter,
740 5454 853 5506 sola
901 5468 1255 5521 personarum
1292 5452 1483 5523 copula
1516 5450 1609 5505 Dei
1648 5451 1825 5506 Verbo
1849 5452 2077 5521 conjun—

510 5557 629 5598 uus
660 5564 672 5597 :
707 5545 796 5613 qui
827 5545 941 5599 ﬁeri
981 5555 1182 5614 potest,
1206 5555 1264 5599 ut
1296 5546 1350 5599 in
1385 5544 1534 5598 illum
1573 5554 1828 5613 tanquam
1874 5545 1927 5597 in
1975 5546 2075 5598 Do-

512 5638 713 5688 minum
773 5637 1078 5702 credentes,
1121 5637 1361 5707 ejusdem
1403 5652 1470 5691 ex
1520 5637 1749 5691 mortuis
1824 5650 2074 5691 resurre—

581 5794 625 5825 ’°
648 5792 803 5849 Rom.
824 5811 918 5861 vn,
945 5796 997 5849 '5.

2186 4740 2336 4777 σεται
2371 4725 2450 4787 εἰς
2478 4724 2577 4794 τὴν
2609 4724 2843 4778 ἄϐυσσον
2862 4741 2885 4788 ',
2912 4724 3157 4776 τουτέστι
3188 4724 3418 4795 Χριστὸν
3446 4724 3511 4776 ὲκ
3536 4723 3759 4793 νεκρῶν

2183 4818 2499 4885 ἀναγαγεῖν.
2518 4815 2677 4868 Ἀλλὰ
2696 4816 2748 4869 τί
2772 4815 2949 4883 λέγει;
2999 4816 3194 4884 Ἐγγύς
3219 4834 3313 4868 σου
3335 4816 3397 4868 τὸ
3424 4816 3577 4886 ῥῆμά
3600 4818 3760 4869 ἐστιν

2184 4908 2243 4959 ὲν
2274 4907 2351 4976 τῷ
2387 4908 2612 4977 στόματί
2648 4924 2740 4960 σου
2772 4908 2868 4960 καὶ
2901 4908 2959 4958 ὲν
2988 4908 3051 4975 τῇ
3084 4907 3280 4978 καρδίᾳ
3308 4924 3399 4959 σου
3421 4925 3435 4938 ·
3478 4908 3756 4974 τουτέστι,

2183 4996 2244 5049 τὸ
2273 4997 2425 5067 ῥῆμα
2456 4999 2555 5067 τῆς
2585 4998 2840 5063 πίστεως,
2865 4998 2894 5049 ὃ
2916 4999 3412 5069 κηρύσσομεν.”οτι
3436 4998 3529 5051 ἐὰν
3553 4998 3759 5067 ὁμολο-

2185 5088 2359 5158 γήσῃς
2406 5090 2463 5140 ἐν
2508 5087 2587 5157 τῷ
2644 5088 2871 5157 στόματί
2916 5106 3010 5142 σου
3040 5089 3241 5160 Κύριον
3275 5090 3498 5162 Ἰησοῦν,
3529 5092 3629 5143 καὶ
3663 5110 3759 5145 πι-

2186 5178 2414 5250 στεύσῃς
2443 5180 2501 5231 ἐν
2539 5181 2605 5249 τῇ
2636 5180 2831 5251 καρδίᾳ
2859 5198 2951 5233 σου
2990 5182 3071 5234 ὅτι
3101 5184 3129 5234 6
3158 5181 3290 5246 Θεὸς
3327 5183 3486 5235 αὑτὸν
3526 5184 3759 5254 ἤγειρεν

2184 5270 2249 5320 ἐκ
2279 5268 2509 5337 νεκρῶν,
2546 5268 2767 5339 σωθήσῃ
2792 5285 2806 5300 ⁸
2841 5270 3037 5341 καρδίᾳ
3077 5271 3186 5340 γὰρ
3215 5272 3527 5324 πιστεύεται
3560 5273 3646 5334 είς
3666 5273 3759 5324 δι-

2186 5359 2497 5428 καιοσύνην,
2535 5360 2762 5430 στόματι
2808 5361 2864 5413 δὲ
2912 5363 3255 5432 ὁμολογεῖται
3286 5364 3366 5425 εἰς
3398 5362 3689 5432 σωτηρίαν.
3728 5380 3751 5413 ι

2182 5452 2245 5503 Ei
2277 5450 2417 5503 κατὰ
2439 5466 2501 5517 γε
2528 5451 2587 5503 τό
2618 5468 2725 5503 τισι
2750 5451 2962 5518 δοκοῦν,
2995 5454 3277 5524 ἄνθρωπος
3324 5452 3585 5523 θεοφόρος
3608 5456 3758 5506 νοεῖ-

2179 5560 2269 5594 ται
2319 5542 2553 5613 Χριστός
2581 5582 2596 5604 ,
2644 5544 2739 5595 καὶ
2791 5544 2960 5615 μόνην
3011 5545 3147 5615 ἔχων
3189 5545 3288 5616 τὴν
3333 5546 3392 5597 ἐν
3435 5543 3759 5614 προσώποις

2181 5634 2372 5687 ἕνωσιν
2400 5633 2535 5704 πρὸς
2558 5634 2648 5687 τὸν
2668 5633 2803 5688 Θεοῦ
2829 5635 3018 5704 Λόγον*
3052 5636 3193 5701 τίνος
3225 5637 3385 5691 ἕνεκα
3407 5635 3760 5701 πιστεύοντες

1074 5798 1114 5827 ⁹¹
1142 5797 1270 5853 ibid.
1311 5796 1399 5862 51,
1432 5796 1519 5849 52.
1595 5798 1639 5829 ⁹²
1666 5794 1791 5850 ibid.
1824 5794 1913 5861 55,
1938 5794 2026 5848 54.
2103 5795 2146 5826 ⁹³
2168 5792 2324 5848 Rom.
2362 5808 2411 5860 ι,
2442 5792 2590 5846 θ-ΙΟ.
