4000 6326
309 375 436 430 [ὅθι

1395 373 1747 432 DE'RECTA
1787 375 1941 431 FIDE
1968 376 2071 431 ‘AD
2111 373 2425 433 liEGiNAS.

3394 366 3531 422 130?.

309 494 387 555 ei;
422 490 584 546 αὐτὸν
622 491 697 555 ὡς
743 493 823 555 είς
871 491 1093 563 Κύριον,
1126 492 1509 562 ὁμολογοῦντες
1558 494 1613 548 δὲ
1660 496 1750 548 ml.
1780 494 1878 565 τὴν

2002 497 2213 551 :tionem
2240 496 2556 566 protltentes
2603 489 2865 560 ejusmodi
2890 488 2994 544 ﬁde
3014 484 3408 556 justiﬂcemnr?
3439 458 3530 540 Fi?

310 586 373 635 εκ
411 582 621 653 νεκρῶν
665 582 959 635 ἀνάστασιν
1006 583 1190 646 αὐτοῦ,
1220 583 1573 653 δικαιούμεθα
1598 586 1665 655 τῇ
1696 583 1874 637 πίστει

310 676 376 745 τῇ
424 676 503 738 εἰς
549 673 741 739 αύτόν;
779 674 1082 745 Πράττεται
1128 674 1184 727 δὲ
1235 677 1267 747 ὴ
1318 677 1498 739 πίστις
1525 677 1601 741 ώς
1629 679 1708 741 εἰς
1745 676 1875 730 Θεὸν

315 767 579 837 δηλονότι.
615 766 910 834 Ἀναγκαία
972 768 1260 839 τοιγαροῦν
1320 770 1354 839 ἡ
1418 769 1540 823 καθ’
1577 770 1873 823 ὑπόστασιν

313 857 504 918 ἓνωσις
532 856 624 909 τοῦ
654 856 785 909 Θεοῦ
811 857 985 925 Λόγου
1006 857 1141 929 πρὸς
1169 859 1229 912 τὸ
1251 860 1749 931 ἀνθρώπινον.“Ενα
1770 862 1876 933 γὰρ

313 948 457 1002 οὕτω
488 948 721 1020 Χριστὸν
745 948 819 1015 ὡς
855 949 1056 1022 Κύριον
1082 951 1221 1005 κατὰ
1258 952 1418 1022 φύσιν
1449 954 1875 1024 ὁμολογήσομεν,

317 1042 414 1095 καὶ
435 1042 533 1111 τῆς
552 1042 729 1097 αὐτοῦ
744 1044 946 1114 σαρκὸς
965 1043 1065 1115 τὴν
1089 1045 1382 1100 ἀνάστασιν
1402 1047 1875 1118 ἐπιγινώσκοντες,

317 1132 392 1196 ὡς
415 1135 493 1197 εἰς
521 1135 651 1188 Θεὸν
687 1134 1054 1199 πιστεύοντες,
1085 1135 1460 1206 δικαιούμεθα.

398 1246 417 1278 ι
445 1227 632 1290 Οὐδεὶς
676 1226 785 1299 γὰρ
829 1228 987 1299 ὴμῶν
1038 1230 1215 1300 ἐαυτῷ
1260 1228 1349 1301 ζῇ,
1377 1231 1470 1284 καὶ
1505 1230 1677 1295 οὐδεὶς
1704 1231 1879 1301 ἐαυτῷ

320 1304 683 1390 ἀποθνήσκεί·
713 1320 808 1374 ἐάν
851 1338 911 1374 τε
952 1318 1042 1375 οῦν
1090 1320 1293 1393 ζῶμεν,
1329 1323 1405 1394 τῷ
1437 1324 1626 1394 Κυρίῳ
1658 1322 1839 1394 ζῶμεν
1860 1340 1876 1355 ο

320 1412 416 1464 ἐάν
460 1428 520 1464 τε
574 1410 1034 1487 ἀποθνήσκωμεν,
1083 1412 1161 1483 τῷ
1207 1414 1396 1484 Κυρίῳ
1445 1414 1877 1485 ἀποθνήσκομεν.

333 1503 458 1558 Ἐάν
498 1522 558 1558 τε
611 1503 815 1576 ζῶμεν,
866 1506 959 1558 ὲάν
1006 1522 1065 1558 τε
1112 1504 1577 1576 ἀποθνήσκωμεν,
1610 1506 1703 1559 τοῦ
1748 1505 1880 1559 Θεοῦ

322 1595 520 1665 ὲσμεν’
556 1597 636 1661 είς
668 1597 829 1651 τοῦτο
851 1597 960 1669 γὰρ
989 1596 1223 1669 Χριστὸς
1261 1597 1500 1651 ἀπέθανε
1542 1598 1635 1651 καὶ
1669 1598 1878 1669 ἔζησεν,

322 1688 408 1739 ἵνα
454 1688 549 1742 καὶ
592 1689 799 1758 νεκρῶν
828 1690 920 1742 καὶ
949 1690 1169 1754 ζώντων
1192 1689 1472 1763 κυριεύσῃ.
1505 1708 1523 1741 ι
1557 1690 1883 1762 Προσπεφώ-

323 1779 457 1849 νηκέ
491 1797 593 1833 που
632 1782 745 1843 τοῖς
773 1780 1032 1847 ὲξὲθνῶν
1057 1781 1386 1852 δμακάριος
1417 1782 1627 1844 Παῦλος
1648 1799 1661 1812 ·
1702 1800 1720 1833 ι
1748 1782 1883 1835 Νυνὶ

323 1870 381 1923 δὲ
431 1872 645 1939 γνόντες
691 1871 844 1935 Θεὸν,
882 1872 1081 1943 μᾶλλον
1111 1872 1166 1926 δὲ
1196 1873 1528 1942 γνωσθέντες
1575 1873 1681 1927 ὑπὸ
1723 1873 1881 1938 Θεοῦ,

326 1963 443 2025 πῶς
490 1962 843 2033 ἐπιστρέφετε
869 1965 961 2016 ἐπὶ
988 1965 1055 2017 τά
1082 1965 1278 2035 ἀσθενῆ
1310 1964 1404 2018 καὶ
1434 1965 1623 2036 πτωχά
1646 1967 1883 2036 στοιχεῖα

325 2052 419 2106 τοῦ
467 2054 693 2124 κόσμου,
724 2049 806 2118 οἷς
850 2054 1011 2109 πάλιν
1047 2055 1254 2109 ἄνωθεν
1288 2055 1559 2109 δουλεύειν
1608 2056 1821 2125 θέλετε;
1860 2076 1878 2108 ι

326 2146 725 2217 Λελυτρώμεθα
746 2145 925 2200 τοίνυν
943 2146 1032 2200 διὰ
1051 2150 1146 2218 τῆς
1168 2147 1402 2211 πίστεως
1426 2148 1529 2218 τῆς
1555 2149 1634 2211 είς
1652 2148 1885 2219 Χριστὸν

329 2240 394 2291 ἐκ
420 2238 519 2308 τῆς
547 2237 655 2292 τῶν
678 2237 953 2309 στοιχείων
985 2238 1246 2305 δουλείας,
1265 2239 1360 2293 καὶ
1386 2240 1695 2310 ἠνέχθημεν
1718 2242 1798 2305 είς
1825 2241 1887 2295 τὸ

326 2328 595 2384 δουλεύειν
623 2331 742 2400 Θεῷ
778 2330 1063 2395 ζῶντιικαὶ
1091 2331 1350 2401 ἀληθινῷ.
1384 2332 1448 2385 Ei
1482 2331 1538 2385 δὲ
1570 2332 1839 2386 ἀπέθανεν
1859 2335 1887 2385 ὀ

327 2422 579 2491 Χριστὸς,
611 2424 698 2477 ἵνα
728 2423 830 2476 καὶ
847 2424 1055 2494 νεκρῶν
1082 2425 1175 2477 καὶ
1212 2422 1428 2489 ζώντων
1477 2424 1759 2499 κυριεύσῃ,
1794 2426 1889 2479 καὶ

328 2513 476 2585 αὐτῷ
518 2514 699 2583 ζῶμεν
743 2515 818 2579 ὡς
848 2516 965 2586 Θεῷ
989 2516 1150 2579 ζῶντι
1190 2518 1280 2570 καὶ
1310 2516 1583 2587 ἀληθινῷο
1625 2518 1745 2581 πῶς
1789 2519 1889 2572 ούκ

328 2606 600 2673 ἀναγκαία
651 2606 726 2676 τῷ
772 2608 930 2679 Λόγῳ
975 2609 1008 2678 ἡ
1058 2608 1195 2680 πρὸς
1230 2608 1409 2678 σάρκα
1435 2609 1656 2677 γέγονεν
1697 2610 1889 2675 ἓνωσις

328 2694 566 2766 ἀληθήςς
610 2695 697 2749 Ἐν
740 2697 877 2767 αὐτῇ
932 2698 1041 2767 γὰρ
1084 2696 1388 2763 ἀποθανὼν,
1432 2698 1752 2767 κεκυρίευκε
1797 2701 1890 2753 καὶ

329 2785 545 2848 ζώντων
582 2786 677 2839 καὶ
712 2787 941 2858 νεκρῶν.

553 2995 653 3049 Ἕκ
690 2994 801 3064 τῆς
838 2994 987 3064 πρὸς
1024 2998 1367 3064 Κορινθίους
1406 2999 1657 3066 πρώτης.

409 3111 663 3166 ιἘπινον
695 3111 825 3182 γάρ,
856 3110 1037 3179 φησὶν,
1071 3112 1135 3163 ὲκ
1168 3111 1545 3181 πνευματικῆς
1574 3110 1894 3164 ἀκολουθού-

1829 1832 1955 1887 ζΒ

1975 588 2073 642 des
2100 586 2240 640 enim
2270 584 2321 638 in
2357 597 2479 638 eum
2509 590 2759 649 tanquam
2791 578 2844 633 in
2874 578 3042 631 Deum
3094 572 3285 630 fertur.
3330 571 3530 627 Neces-

1976 680 2181 737 sarium
2238 687 2333 734 est‘
2361 691 2491 747 ergo
2535 682 2595 729 ιιι
2626 673 2720 729 Dei
2749 670 2984 727 Verbum
3030 668 3325 724 secundum
3364 667 3534 736 hypo-

1976 770 2147 825 stasin
2197 768 2445 823 humanae
2497 772 2704 819 natura:
2758 762 2967 817 unitum
3026 758 3396 828 proﬁteamur.
3452 753 3533 808 ΑιΙ

1979 865 2120 918 hunc
2143 861 2285 917 enim
2310 860 2525 914 modum
2566 872 2726 911 unum
2764 854 3038 909 Christum
3072 861 3327 919 tanquam
3380 857 3536 902 natu-

1980 956 2146 1010 ralem
2173 953 2454 1008 Dominum
2483 950 2820 1012 conﬁtentes,
2865 956 2920 1001 et
2964 944 3147 1001 carnis
3181 942 3300 1011 ejus
3353 954 3539 995 resar-

1980 1046 2269 1100 rectionem
2301 1050 2676 1113 agnoscentes,
2714 1055 2778 1093 ac
2807 1037 2969 1093 veluti
3001 1037 3054 1091 in
3097 1034 3265 1090 Deum
3308 1033 3537 1087 creden-

1979 1143 2079 1199 tes,
2110 1132 2510 1204 justiti’cationis
2543 1129 2863 1186 beneﬁcium
2912 1124 3319 1195 consequimur.

2056 1246 2074 1280 ι
2112 1226 2281 1282 Nemo
2319 1224 2463 1279 enim
2510 1230 2751 1277 nostrum
2796 1218 2899 1275 sibi
2942 1216 3100 1279 vivit,
3143 1224 3198 1269 et
3245 1226 3404 1267 nemo
3435 1209 3537 1263 sibi

1981 1320 2257 1374 moritur:
2299 1317 2414 1371 sive
2460 1315 2604 1369 enim
2649 1313 2899 1377 vivimus,
2932 1308 3091 1379 105
3141 1305 3370 1361 Domino
3396 1303 3536 1357 vivi-

1982 1427 2139 1476 mus;
2184 1411 2297 1466 sive
2328 1407 2607 1470 morimur,
2659 1405 2888 1459 Domino
2925 1402 3208 1455 morimur.
3247 1396 3375 1451 Sive
3407 1409 3540 1465 ergo

1982 1502 2233 1566 vivimus,
2257 1501 2369 1554 sive
2402 1498 2679 1559 morimur,
2702 1492 2911 1549 Domini
2942 1506 3147 1547 sumus.
3178 1488 3238 1543 ln
3269 1489 3373 1542 hoc
3394 1486 3539 1541 enim

1982 1593 2230 1649 Christus
2257 1599 2501 1644 mortuus
2526 1597 2608 1643 est
2638 1594 2692 1641 et
2716 1584 3034 1649 resurrexit,
3081 1589 3141 1633 nt
3172 1580 3415 1633 vivorum
3464 1577 3543 1631 si-

1985 1685 2093 1739 mul
2123 1695 2177 1738 et
2208 1690 2539 1737 mortuorum
2578 1674 2971 1734 dominetur”.
3012 1692 3031 1727 ι
3071 1674 3215 1727 ldem
3253 1667 3543 1738 Apostolus

1985 1776 2107 1830 alibi
2140 1775 2260 1829 illos
2284 1774 2373 1844 qui
2409 1788 2473 1827 ex
2510 1770 2757 1840 gentibus
2788 1765 3034 1823 conversi
3072 1764 3308 1828 fuerant,
3347 1762 3421 1813 ita
3459 1760 3539 1812 al-

1992 1866 2260 1936 loquitur:
2298 1884 2316 1917 ι
2352 1863 2505 1918 Nunc
2561 1873 2740 1917 autem
2792 1876 2913 1915 cum
2959 1855 3321 1928 cognoveritis
3354 1851 3542 1914 Deum,

1992 1957 2100 2012 imo
2128 1955 2329 2025 cogniti
2355 1954 2475 2009 sitis
2511 1968 2538 2005 a
2572 1952 2724 2018 Deo;
2755 1950 3020 2021 quomodo
3070 1945 3264 2000 iterum
3315 1954 3545 1997 conver-

1993 2049 2166 2103 timini
2197 2048 2262 2103 ad
2293 2046 2502 2101 inﬁrma
2530 2055 2586 2100 et
2619 2058 2787 2114 egena
2824 2042 3088 2097 elementa
3116 2034 3325 2099 mundi,
3350 2031 3545 2103 quibus

1991 2140 2169 2194 denuo
2207 2137 2413 2193 servire
2442 2134 2603 2190 vultis
2622 2133 2704 2187 ‘5?
2742 2150 2763 2184 ›
2795 2131 2897 2187 Per
2932 2129 3091 2185 ﬁdem
3121 2140 3249 2197 ergo
3300 2124 3354 2178 in
3398 2120 3549 2177 Chri-

1993 2241 2133 2287 stum
2165 2230 2230 2285 ab
2262 2230 2650 2285 elementorum
2683 2224 2943 2280 servitute
2975 2218 3209 2285 liberati,
3238 2218 3293 2272 in
3322 2214 3416 2269 Dei
3439 2211 3546 2267 vivi

1993 2333 2049 2380 et
2071 2323 2183 2378 veri
2214 2320 2496 2377 servitium
2532 2317 2777 2373 translati
2800 2330 3009 2372 sumus.
3038 2312 3192 2380 Quod
3222 2310 3268 2366 si
3296 2306 3548 2364 Christus

1994 2426 2239 2472 mortuus
2280 2424 2385 2481 est,
2433 2421 2496 2467 ut
2536 2410 2782 2466 vivorum
2823 2416 2877 2463 et
2922 2417 3255 2462 mortuorum
3285 2417 3348 2457 ex
3398 2414 3552 2469 aequo

1997 2508 2323 2567 dominetur,
2354 2504 2563 2573 ipsique
2595 2512 2851 2571 tanquam
2880 2499 3003 2553 vivo
3028 2504 3082 2552 et
3102 2509 3232 2550 vero
3261 2493 3372 2548 Deo
3410 2490 3552 2545 vivi-

1996 2614 2137 2665 mus,
2168 2595 2433 2668 quomodo
2466 2592 2829 2649 necessarium
2868 2604 2976 2644 non
3027 2595 3145 2643 erat
3208 2594 3267 2639 ut
3312 2582 3549 2641 Verbum

1994 2705 2119 2746 cum
2142 2703 2306 2743 carne
2336 2701 2465 2741 vere
2496 2683 2780 2740 uniretnr?
2811 2680 2870 2735 in
2907 2681 3023 2751 ipsa
3058 2691 3292 2746 namque
3323 2682 3554 2729 mortem

1997 2794 2337 2851 perpessum,
2372 2792 2494 2833 cum
2526 2778 2578 2831 in
2608 2777 2782 2840 vivos,
2820 2782 2931 2828 tum
2975 2772 3029 2827 in
3066 2778 3308 2825 mortuos
3339 2778 3555 2836 quoque

2000 2873 2287 2943 imperium
2318 2869 2577 2926 obtinuit.

2468 2999 2504 3036 α
2526 2980 2688 3051 priori
2715 2979 2782 3034 ad
2813 2976 3135 3032 Corinthios.

2077 3118 2095 3150 ι
2126 3097 2389 3153 Bibebant
2435 3095 2580 3151 enim
2630 3096 2696 3149 de
2737 3090 2993 3161 spiritali,
3043 3094 3405 3156 consequente
3462 3096 3560 3139 eos

336 3222 431 3274 σης
473 3174 1060 3275 πέτραςοψὴδὲ-π-έτρα
1090 3197 1157 3272 ἦν
1180 3203 1208 3255 6
1229 3174 1478 3273 Χριστός.
1548 3203 1620 3255 Τὸ
1641 3204 1897 3270 Χριστὸς

2002 3198 2151 3261 petra
2179 3207 2192 3243 :
2230 3196 2381 3258 petra
2408 3194 2586 3239 autem
2618 3192 2736 3238 erat.
2762 3181 3015 3237 Christus
3034 3180 3103 3234 “.
3131 3198 3150 3232 ι
3172 3176 3375 3232 Nomen
3402 3174 3562 3231 Chri-

333 3298 503 3366 ὄνομα
533 3296 767 3348 τέθειται
804 3294 882 3364 τῷ
913 3293 1280 3364 Ἐμμανουὴλ,
1321 3294 1409 3346 ὅτε
1446 3293 1764 3364 γεγέννηται
1809 3293 1899 3346 διὰ

335 3389 432 3454 τῆς
484 3385 645 3453 ἁγίας
678 3384 978 3457 Παρθένου.
1010 3384 1133 3448 Πῶς
1161 3382 1255 3437 οὖν
1295 3384 1455 3445 αὐτὸς
1498 3380 1565 3456 ἦν
1597 3386 1630 3455 ἡ
1661 3384 1835 3455 πέτρα
1864 3385 1897 3454 ἡ

338 3477 631 3542 ποτίζουσα
660 3477 750 3530 τὸν
779 3477 1025 3547 Ἰσραήλ;
1059 3476 1198 3529 Ἀλλ’
1224 3477 1337 3529 ἔστι
1362 3477 1539 3547 δῆλον,
1561 3477 1643 3530 ὃτι
1667 3475 1899 3547 Χριστὸν

339 3569 433 3629 καὶ
459 3568 584 3621 Υίὸν
608 3562 747 3621 οἶδεν
773 3568 865 3621 ἕνα
901 3569 959 3621 τὸ
983 3569 1221 3639 Γράμμα
1244 3569 1305 3621 τὸ
1334 3570 1495 3639 ἱερόν.
1527 3567 1766 3636 Γεγονὼς
1792 3568 1900 3638 γὰρ

339 3661 369 3715 ὁ
398 3659 568 3729 Λόγος
594 3660 746 3732 σὰρξ,
776 3659 940 3713 πάλιν
968 3660 1128 3723 αὐτός
1170 3662 1318 3713 ἐστιν
1357 3662 1388 3730 ἡ
1442 3661 1781 3730 πνευματικὴ
1803 3659 1902 3712 πέ-

341 3771 465 3824 τρα,
497 3753 595 3822 τῆς
625 3754 830 3816 οἰκείας
867 3753 1081 3823 φύσεως
1115 3753 1176 3806 τὸ
1211 3753 1582 3825 πρεσϐύτατον
1628 3753 1726 3809 οὐκ
1772 3754 1904 3806 ἀπο-

248 3876 252 3881 η
344 3845 517 3899 ϐαλὼν
553 3845 640 3899 διὰ
678 3845 740 3899 τὸ
782 3845 900 3899 νέον
920 3846 1022 3914 τῆς
1046 3845 1375 3916 οἰκονομίας.

554 4121 655 4175 Ἐκ
692 4122 803 4191 τῆς
839 4123 991 4191 πρὸς
1027 4125 1373 4191 Κορινθίους
1409 4124 1707 4193 δευτέρας.

436 4249 451 4256 ·
477 4232 638 4286 Ὥστε
676 4236 836 4303 ἡμεῖς
876 4234 984 4288 ἀπὸ
1026 4234 1117 4288 τοῦ
1144 4235 1243 4288 νῦν
1283 4236 1469 4289 οὐδένα
1498 4237 1720 4306 οἴδαμεν
1769 4238 1908 4292 κατὰ

350 4322 560 4392 σάρκα’
600 4325 649 4375 εἰ
694 4323 750 4376 δὲ
794 4326 887 4378 καὶ
916 4324 1235 4396 ἐγνώκαμεν
1274 4325 1414 4379 κατά
1443 4325 1624 4397 σάρκα
1658 4328 1908 4398 Χριστὸν,

348 4413 485 4465 ἀλλὰ
536 4414 629 4467 νῦν
670 4415 852 4468 οὐκέτι
896 4414 1255 4486 γινώσκομεν.
1289 4434 1308 4467 ι
1360 4417 1425 4469 Τί
1457 4417 1519 4487 δὴ
1554 4417 1661 4488 ἄρα
1690 4420 1853 4489 φησὶν
1883 4420 1913 4472 6

2002 3285 2069 3340 sti
2101 3293 2229 3339 tunc
2274 3281 2488 3336 demum
2537 3276 2764 3331 inditum
2815 3281 2899 3329 est
2948 3269 3305 3334 Emmanueli,
3350 3267 3566 3337 quando

2004 3388 2262 3435 exsacra
2319 3371 2534 3441 Virgine
2582 3368 2850 3438 originem
2893 3365 3067 3419 duxit.
3113 3361 3392 3429 Quomodo
3436 3373 3566 3426 ergo

2005 3476 2157 3537 petra
2190 3477 2312 3519 esse
2359 3469 2593 3532 poterat,
2625 3472 2745 3533 qua:
2778 3455 3032 3526 populum
3075 3452 3430 3516 Israeliticum
3468 3452 3567 3506 de-

2007 3567 2153 3615 serto
2185 3552 2441 3624 putarat?
2474 3550 2815 3619 Scripturam
2860 3558 3073 3605 sacram
3102 3556 3278 3605 unum,
3303 3539 3571 3595 duntaxat

2009 3648 2227 3711 Filium,
2250 3655 2524 3711 unumque
2574 3638 2851 3694 Christum
2878 3647 3197 3705 agnoscere,
3228 3640 3389 3688 extra
3418 3644 3570 3700 quaa-

2008 3739 2237 3794 stionem
2264 3745 2364 3792 est.
2406 3733 2646 3788 Verbum
2700 3729 2902 3795 itaque,
2959 3733 3315 3805 posteaquam
3351 3736 3568 3776 carnem

2013 3829 2273 3898 suscepit,
2302 3824 2567 3897 spiritalis
2585 3823 2749 3879 etiam
2785 3828 2937 3890 petra
2967 3824 3075 3881 est,
3109 3821 3333 3895 propter
3352 3813 3574 3881 dispen-

2011 3920 2237 3977 sationis
2287 3918 2603 3980 novitatem,
2661 3912 2894 3985 pr0pria3
2949 3919 3159 3965 natura:
3192 3905 3572 3975 antiquitatem

2013 4028 2119 4068 non
2146 4011 2426 4081 abjiciens.

2375 4122 2477 4176 Ex.
2498 4121 2781 4190 posteriore
2808 4118 2877 4172 ad
2906 4114 3229 4173 Corinthios.

2093 4257 2112 4289 ι
2149 4237 2331 4304 Itaque
2372 4249 2471 4291 nos
2521 4247 2584 4286 ex
2626 4231 2730 4285 hoc
2776 4228 3046 4283 neminem
3094 4223 3343 4278 novimus
3384 4231 3581 4275 secun-

2019 4326 2143 4382 dum
2169 4338 2386 4379 carnem
2417 4343 2429 4378 :
2465 4331 2520 4377 et
2550 4321 2594 4376 si
2632 4318 2929 4375 secundum
2968 4328 3186 4371 carnem
3229 4309 3579 4380 cognovimus

2018 4417 2327 4479 Christum,
2373 4414 2467 4471 sed
2514 4427 2656 4467 nunc
2690 4411 2802 4481 jam
2848 4423 2952 4463 non
3005 4405 3250 4460 novimus
3275 4403 3343 4457 ³⁷.
3382 4419 3401 4452 ι
3442 4398 3579 4465 Quid

350 4504 593 4568 Παῦλοςς
623 4500 769 4575 ’Ἃρα
801 4507 1031 4574 Χριστὸν
1064 4508 1303 4580 ἀρνεῖται
1348 4507 1489 4577 μετά
1531 4510 1631 4579 τὴν
1676 4509 1897 4569 ἀνάστα-

2019 4517 2123 4576 est,
2160 4492 2405 4569 obsecro,
2435 4503 2576 4573 quod
2609 4500 2806 4555 Paulus
2843 4498 2930 4553 hic
2977 4495 3096 4549 ait?
3131 4490 3379 4560 Nunquid
3422 4489 3580 4544 Chri-

354 4611 467 4658 ctv;
502 4596 614 4648 Ούκ
664 4592 804 4649 οἶδεν
850 4597 1010 4651 αὐτὸν
1056 4599 1419 4668 ἐγηγερμένον
1482 4599 1542 4652 ὲν
1601 4601 1782 4672 σαρκὶ,
1820 4602 1914 4655 καὶ

351 4687 727 4757 ἀναληφθέντα
762 4689 879 4758 μετ’
904 4689 1073 4758 αὐτῆς
1112 4692 1192 4753 είς
1232 4691 1322 4743 τὸν
1363 4691 1618 4762 ούρανόν;
1648 4694 1758 4745 Καὶ
1782 4693 1865 4756 τίς
1888 4696 1916 4747 6

353 4780 517 4847 φάναι
545 4781 700 4834 τοῦτο
720 4780 962 4850 τολμῶν;
990 4783 1143 4835 Οὕτω
1167 4782 1274 4854 γὰρ
1297 4781 1403 4837 οἶδε
1424 4786 1517 4838 καὶ
1538 4786 1917 4856 ἀναληφθέντα

354 4872 450 4924 καὶ
490 4871 687 4942 ἥξοντα
727 4873 868 4927 κατά
901 4875 1144 4944 καιροὺς,
1170 4875 1229 4929 ὃν
1256 4875 1456 4946 τρόπον
1478 4876 1813 4947 ἀναϐέϐηκεν
1840 4878 1919 4941 είς

356 4962 446 5015 τὸν
472 4965 716 5034 οὐρανόν.
754 4966 878 5028 Πῶς
922 4962 1017 5019 οῦν
1052 4967 1152 5020 οὐκ
1177 4967 1377 5020 εἰδέναι
1408 4967 1542 5038 φησὶ
1572 4968 1713 5021 κατά
1742 4968 1918 5039 σάρκα

356 5054 517 5119 Υἱόν;
548 5057 670 5109 Ὅτι
701 5057 837 5126 μετὰ
863 5056 961 5128 τὴν
1000 5059 1064 5111 ὲκ
1101 5058 1309 5129 νεκρῶν
1352 5059 1670 5127 ἀναϐίωσιν,
1717 5061 1815 5114 ούκ
1859 5063 1922 5113 ὲκ

358 5145 464 5198 τῶν
496 5148 596 5217 τῆς
625 5148 825 5218 σαρκὸς
848 5148 928 5202 ἔτι
954 5150 1189 5221 μέτρων,
1221 5149 1334 5202 ἀλλ’
1365 5150 1440 5213 ώς
1468 5152 1533 5203 ὲκ
1564 5149 1712 5213 θείας
1750 5151 1920 5220 ὑπερ-

359 5238 491 5308 οχῆς
515 5240 735 5309 ἄμεινον
758 5240 918 5293 αὐτὸν
946 5241 1144 5295 εἰδέναι
1167 5241 1259 5293 καὶ
1292 5240 1571 5311 ὁμολογεῖν
1592 5256 1605 5269 ο
1646 5238 1797 5292 οὔπω
1816 5240 1924 5309 γὰρ

363 5330 743 5403 πληρωθείσης
770 5333 868 5402 τῆς
896 5332 1228 5402 οἰκονομίας,
1258 5332 1585 5403 ὲκηρύττετο
1614 5330 1755 5384 κατὰ
1795 5330 1926 5401 σάρ-

362 5438 458 5484 κα,
481 5423 568 5476 ἵνα
600 5423 921 5493 πιστεύηται
952 5422 1191 5492 γεγονὼς
1217 5423 1499 5493 ἅνθρωπος
1524 5424 1552 5474 6
1580 5422 1889 5491 Μονογενής
1909 5438 1922 5451 ο

365 5513 488 5565 ἐπεὶ
516 5513 572 5566 δὲ
604 5515 912 5568 τετέλεσται
956 5515 1017 5567 τὸ
1052 5517 1367 5586 μυστήριον,
1404 5514 1495 5581 ἀφ’
1528 5507 1603 5567 ὧν
1645 5514 1761 5565 ἐστι
1794 5512 1927 5575 Θεὸς

366 5604 587 5675 ἄμεινον
636 5606 797 5660 αὐτὸν
832 5606 1132 5676 ὁμολογεῖν,
1173 5605 1206 5675 ἢ
1238 5605 1343 5659 ἀπό
1372 5622 1433 5674 γε
1464 5603 1557 5658 τοῦ
1593 5602 1925 5657 κεκενῶσθαι

443 5784 484 5815 ³⁵
512 5782 665 5841 Rom.
693 5799 801 5853 χιν,
841 5786 955 5841 7-9.
1032 5785 1077 5817 ³⁸
1102 5784 1271 5840 Calai.
1306 5800 1376 5853 tv,
1413 5787 1484 5841 9.‘
1542 5782 1624 5836 ΜΙ
1654 5781 1778 5838 Cor.
1807 5798 1859 5847 ι,
1894 5779 1949 5834 4.

2017 4610 2160 4656 stnm
2203 4607 2324 4669 post
2366 4593 2817 4651 resurrectionem
2869 4586 3175 4645 inliciatur?
3215 4583 3405 4638 Nonne
3434 4581 3580 4637 illum

2018 4695 2312 4748 secundum
2361 4702 2579 4744 carnem
2627 4683 3047 4745 resuscitatum,
3092 4690 3327 4747 cumque
3395 4676 3582 4729 eadem

2018 4785 2106 4839 illa
2133 4798 2297 4839 carne
2323 4782 2374 4836 in
2404 4780 2598 4835 coelum
2630 4776 2927 4847 profectum
2977 4770 3179 4827 norat?
3206 4769 3405 4839 Ecquis
3435 4770 3575 4822 istud

2021 4875 2204 4930 dicere
2258 4871 2482 4926 audeat?
2537 4868 2720 4923 Talem
2766 4881 2999 4935 namque
3067 4864 3118 4917 in
3165 4862 3362 4917 ctelum
3402 4874 3587 4914 ascen-

2026 4964 2191 5027 disse,
2225 4977 2289 5016 ac
2323 4960 2451 5014 olim
2490 4959 2613 5012 inde
2639 4971 2850 5010 rursum
2874 4963 3161 5008 venturum
3191 4949 3417 5013 sciebat,
3449 4964 3584 5018 qua-

2028 5055 2131 5109 lem
2189 5052 2435 5108 coelestia
2470 5049 2691 5119 petiisse
2739 5047 3050 5115 neutiquam
3104 5042 3408 5115 ignorabat.
3444 5040 3590 5108 Quo—

2029 5149 2189 5202 modo
2220 5145 2382 5213 igitur
2414 5140 2607 5196 Filium
2643 5140 2937 5195 secundum
2970 5150 3189 5192 carnem
3220 5148 3278 5189 se
3306 5146 3468 5188 nosse
3495 5147 3591 5186 ne-

2031 5234 2448 5309 gat?Quoniam
2488 5230 2648 5286 simul
2677 5238 2839 5297 atque
2882 5244 2947 5284 ex
2980 5226 3210 5282 mortuis
3250 5224 3468 5291 revixit,
3500 5238 3591 5278 sa—

2032 5329 2139 5384 tius
2172 5342 2239 5382 ex
2286 5325 2465 5379 divina
2512 5322 2672 5393 106
2715 5320 3009 5377 eminentia
3042 5318 3195 5373 illum
3235 5325 3288 5373 et
3333 5329 3495 5371 nosse
3540 5324 3595 5368 et

2030 5415 2463 5489 proﬁteri,qnam
2486 5428 2553 5467 ex
2578 5412 2761 5467 carnis
2788 5425 3065 5466 mensura.
3102 5407 3349 5473 Etenim,
3379 5405 3594 5474 dispen—

2033 5508 2256 5565 sationis
2307 5506 2563 5577 mystcrio
2593 5504 2823 5559 necdum
2855 5500 3093 5572 expleto,
3126 5498 3425 5555 secundum
3469 5510 3597 5552 car-

2033 5615 2154 5656 nem
2198 5599 2607 5670 prardicabatur,
2648 5610 2756 5667 quo
2794 5594 3047 5651 nimirum
3094 5590 3417 5663 Unigcnitus
3467 5597 3597 5646 cm

2028 5777 2117 5832 "l
2151 5776 2275 5833 Cor.
2310 5790 2361 5843 v,
2396 5774 2475 5828 16.
