4000 6326
480 284 495 335 l
508 279 609 336 303

1456 281 1512 337 S.
1554 280 1826 338 CYBILLI
1865 282 2333 343 ALEXANDRINI
2374 286 2690 343 ARCHIEP.

3572 288 3708 344 1504

475 399 649 453 tactus
700 398 1032 455 crederetur.
1084 399 1154 453 At
1182 415 1328 466 vero,
1378 410 1717 456 sacramento
1770 402 1873 458 hoc
1915 402 2028 473 jam

2141 406 2221 460 5ιά
2258 408 2355 478 τὴν
2396 409 2605 480 σάρκα,
2637 402 2732 472 Εἷς
2768 401 2860 473 οὖν
2899 408 3131 480 Χριστὸς
3171 409 3265 464 καὶ
3293 410 3420 473 Υἱὸς
3456 410 3552 463 καὶ
3587 409 3709 460 Κύ-

472 500 867 552 opnsummato,
902 501 1119 560 praestat
1147 508 1212 545 ex
1240 491 1521 548 divinitate
1550 492 1700 546 illum
1733 509 2027 564 agnoscere

2138 515 2251 568 ριος
2259 542 2279 571 .,

470 588 524 635 ιιι
551 579 813 648 proﬁteri,
841 596 1003 651 quam
1059 598 1123 637 ex
1188 583 1370 639 carnis
1410 584 1716 639 humilitate
1782 597 1839 640 et
1880 588 2266 659 ex‘inanitione.
2320 592 2477 656 Unus
2516 593 2699 664 itaque
2738 603 2821 648 est
2862 594 3115 657 Christus
3183 604 3240 649 et
3294 593 3461 647 Filius
3512 602 3568 645 et
3615 593 3709 646 Do-

472 686 670 725 minus.

546 782 566 815 ι
604 764 770 820 Scitis
801 766 945 820 enim
975 766 1205 837 gratiam
1231 766 1438 823 Domini
1468 770 1638 825 nostri
1661 770 1789 833 lesu
1815 771 2038 836 Christi.

468 854 725 923 quoniam
770 866 990 927 propter
1014 874 1111 914 vos
1145 874 1346 928 egenus
1377 860 1556 917 factus
1596 872 1721 937 est,
1747 878 1867 917 cum
1894 874 2045 920 esset

470 949 639 1013 dives,
672 957 730 1002 ut
777 948 920 1005 illius
966 951 1146 1019 impia
1189 967 1284 1007 vos
1326 953 1530 1016 divites.
1561 956 1758 1011 essetis
1802 957 1869 1012 ’⁸.
1916 975 1936 1008 ι
1979 955 2049 1013 Si.

471 1040 722 1098 Christus
757 1053 841 1099 est
889 1053 1095 1098 tantum
1142 1044 1324 1110 homo,
1358 1061 1473 1107 nou
1510 1050 1805 1102 secundum
1851 1064 2045 1113 veram,

472 1140 655 1187 autem
679 1148 800 1188 cum
830 1134 928 1190 Dei
950 1134 1129 1191 Verbo
1155 1136 1410 1190 unionem
1436 1139 1746 1206 opulentus,
1772 1149 1830 1207 ut
1856 1142 2034 1208 Deus;

472 1221 744 1290 quomodo
787 1222 961 1278 factus
1010 1232 1095 1280 est
1139 1226 1389 1295 egenus?
1422 1225 1631 1295 Quales,
1664 1229 1876 1283 tandem
1912 1241 2039 1288 sunt

471 1327 603 1381 opes
637 1321 845 1369 natura;
879 1315 1165 1370 humanae?
1205 1317 1399 1373 Annon
1459 1321 1603 1374 omni
1671 1320 1881 1379 homini,
1907 1322 2043 1383 dici,-

440 1429 445 1435 -
474 1413 561 1457 tur
594 1421 607 1458 :
648 1420 667 1455 ι
700 1404 836 1470 Quid
872 1405 1037 1460 habes
1068 1408 1211 1475 quod
1248 1423 1357 1462 non
1392 1410 1649 1477 accepisti
1671 1409 1763 1463 9'»?
1800 1430 1818 1463 ι
1841 1410 2040 1475 Verum

384 1746 466 1781 τηο-

474 1493 565 1546 1ιὶ‹;
593 1509 713 1548 cum
746 1496 892 1549 dives
914 1506 1076 1564 esset,
1097 1506 1280 1568 utpote
1304 1498 1463 1564 Dens,
1495 1499 1668 1556 iactus
1702 1511 2036 1572 estegenus;

479 1589 747 1657 siquidem
784 1589 1015 1646 Verbum
1048 1604 1356 1662 paternum,
1380 1596 1520 1663 quod
1559 1609 1687 1649 vere
1716 1582 1865 1651 dives
1897 1606 2038 1662 erat,

477 1680 725 1736 humana:
771 1693 979 1743 natura:
1018 1685 1379 1747 humilitatem
1431 1687 1828 1757 dispensatorie
1878 1670 2051 1742 suam

474 1770 700 1837 faciens,
728 1771 925 1827 factum
972 1784 1055 1829 est
1102 1776 1278 1843 inops.
1316 1774 1469 1835 Unus
1502 1792 1631 1847 ergo
1661 1785 1744 1831 est
1790 1778 2040 1841 Christus

476 1871 530 1914 et
555 1859 743 1927 Filius,
777 1864 867 1933 qui
909 1866 1126 1934 quidem
1172 1868 1320 1922 dives
1372 1878 1455 1923 est
1503 1878 1564 1923 ut
1614 1867 1789 1934 Deus;
1842 1884 2042 1940 pauper

478 1968 607 2007 vero
633 1963 736 2019 est,
773 1956 898 2025 quia
929 1966 987 2011 ut
1023 1973 1121 2011 nos
1155 1974 1250 2028 per
1276 1975 1336 2014 se
1372 1960 1943 2039 locupletarenhonlo
1968 1962 2053 2029 fa-p

476 2057 598 2099 ctus
624 2053 728 2101 est.

908 2160 992 2227 Ea:
1016 2161 1250 2232 Epistula
1278 2168 1345 2218 ad
1374 2164 1611 2233 Galatas.

550 2289 569 2322 ι
606 2271 805 2329 Paulus
843 2277 1142 2345 apostolus,
1172 2293 1278 2331 non
1312 2279 1379 2333 ab
1403 2279 1729 2345 hominibus,
1751 2294 1922 2349 neque
1943 2294 2043 2350 pet

477 2361 746 2420 hominem
758 2365 883 2431 {sed
905 2382 1001 2437 per
1016 2366 1196 2423 Iesum
1215 2369 1580 2436 Chris_ttun,et
1609 2370 1775 2426 Deum
1825 2369 2039 2425 Patrem

476 2457 570 2524 qui
624 2459 908 2519 suscitavit
955 2476 1135 2515 euma
1189 2463 1486 2519 mortuis'.
1540 2481 1559 2514 ι
1615 2463 1807 2518 Annon
1872 2464 2039 2518 Deum

473 2545 847 2619 incarnatum,
895 2566 1167 2621 unumque
1210 2567 1275 2613 ex
1333 2554 1579 2623 utrisque
1609 2553 1805 2611 Filium
1861 2568 1915 2609 et
1944 2556 2041 2610 Do-

474 2637 1026 2701 minum,divinorum
1069 2646 1452 2714 mysteriorum
1497 2646 1763 2714 interpres
1798 2662 1894 2715 per
1926 2647 2041 2705 haec

473 2727 1087 2787 nobisinsinuathDich
1119 2734 1261 2787 enim
1282 2749 1340 2789 se
1364 2750 1468 2797 non
1504 2734 1573 2789 ab
1605 2736 1839 2801 homine,
1867 2750 2040 2805 neque

473 2831 570 2884 per
593 2818 884 2885 hominem,
903 2824 996 2877 sed
1021 2839 1113 2892 per
1139 2822 1319 2878 Jesum
1347 2825 1637 2889 Christum,
1654 2828 1874 2889 missum
1896 2842 2037 2889 esse,

473 2910 612 2979 Quid
640 2912 806 2979 ergo?
838 2912 1091 2983 Nunquid
1152 2914 1322 2977 illum,
1355 2930 1513 2985 quem
1541 2917 1791 2971 universo
1817 2918 1933 2971 orbi
1960 2927 2042 2971 ta-

468 3003 585 3063 lem,
626 3004 976 3073 annuntiarat
1010 3006 1279 3065 hominem
1315 3022 1437 3067 esse
1470 3008 1787 3077 ignorabat?
1818 3010 2035 3079 Nequa-

469 3112 627 3165 quam
651 3115 664 3150 :
685 3105 839 3151 norat
862 3098 1048 3165 utique
1076 3099 1347 3170 hominem
1374 3114 1494 3161 esse
1515 3123 1528 3153 -.
1548 3108 1602 3152 at
1631 3114 1733 3153 non
1758 3100 2043 3164 hominem

468 3188 669 3251 solum,
702 3189 794 3243 sed
836 3187 931 3243 Dei
993 3189 1228 3243 Verbum
1290 3190 1562 3243 hominem
1599 3190 1824 3246 factum.
1851 3190 2037 3261 Neque

468 3278 643 3343 Deum
680 3294 893 3344 rursum
930 3279 984 3335 in
1022 3280 1238 3334 homine
1304 3279 1729 3349 intelligendum,
1758 3282 1853 3335 sed
1888 3282 2039 3337 salva

469 3386 567 3438 per
590 3370 771 3441 omnia
801 3368 1002 3424 deitate
1051 3369 1323 3424 hominem
1373 3370 1551 3439 reipsa
1604 3368 1873 3425 etl'ectum.
1902 3370 2039 3427 Cum

466 3476 685 3532 ergolse
731 3477 834 3516 non
870 3460 937 3515 ab
986 3461 1225 3530 homine,
1259 3461 1353 3527 sed
1394 3477 1488 3531 per
1538 3459 1719 3527 Iesum
1764 3462 2035 3519 Christum

470 3556 693 3609 missum
724 3554 870 3613 dicat
905 3570 922 3608 :
955 3554 1076 3623 quis
1129 3554 1333 3608 dubitet
1372 3555 1503 3623 quin
1538 3556 1812 3628 Christum
1855 3555 2036 3628 Jesum

469 3661 653 3707 verum
679 3646 844 3703 Deum
880 3654 1162 3717 agnoscat,
1192 3645 1351 3699 etiam
1372 3646 1461 3700 ubi
1496 3646 1583 3699 ille
1607 3644 1829 3715 perinde
1851 3661 1915 3701 ac
1942 3662 2039 3702 nos

467 3740 616 3797 carni
665 3738 1219 3809 communicavit?A_t
1264 3738 1450 3795 maluit
1478 3739 1696 3792 interim
1750 3738 1899 3792 illum
1943 3754 2039 3808 per

468 3829 704 3887 divinam
734 3827 878 3891 illius
913 3843 1074 3896 super
1102 3841 1292 3883 omnes
1322 3828 1718 3897 excellentiam,
1740 3843 1898 3901 quam
1941 3844 2038 3909 per

469 3920 853 3987 exinanitionis
884 3934 1192 3983 mensuram
1218 3921 1540 3989 exprimere.
1968 3911 1972 3915 ’

548 4128 575 4171 ι¹
599 4108 732 4169 Cum
789 4124 1032 4169 essemus
1087 4110 1317 4179 parvuli,
1348 4112 1448 4169 sub
1505 4112 1797 4181 elementis.
1850 4114 2048 4181 mundi

465 4214 685 4259 eramus
743 4200 1060 4256 servientes.
1112 4202 1267 4271 107
1331 4203 1403 4256 At
1448 4204 1535 4257 ubi
1581 4204 1725 4257 venit
1762 4205 2035 4274 plenitudo

466 4290 747 4362 temporis,
781 4290 931 4359 misit
984 4290 1126 4346 Deus
1166 4292 1359 4346 Filium
1397 4308 1552 4346 suum
1584 4293 1784 4348 factum
1817 4311 1883 4351 ex
1915 4312 2034 4350 mu-

2224 798 2243 834 ‹
2273 778 2576 845 Γινώσκετε
2599 779 2706 852 γὰρ
2731 778 2828 850 τὴν
2852 778 3010 849 χάριν
3036 775 3132 830 τοῦ
3162 776 3369 846 Κυρίου
3410 776 3567 845 ἡμων
3600 776 3706 844 ’1η-

2149 870 2244 926 σοῦ
2275 872 2535 943 Χριστοῦ,
2568 874 2650 925 ὅτι
2691 873 2759 939 δι’
2788 872 2931 942 ὑμᾶς
2974 868 3281 943 ὲπτώχευσε
3313 866 3564 930 πλούσιος
3608 865 3704 929 ὢν,

2146 962 2233 1016 ἴνα
2259 962 2418 1033 ὑμεῖς
2438 965 2504 1033 τῇ
2532 960 2740 1015 ἐκείνου
2766 960 3007 1032 πτωχείᾳ
3032 958 3390 1030 πλουτήσητε.
3412 975 3431 1009 ι
3456 956 3520 1009 Εἰ
3549 956 3707 1026 μόνον

2144 1053 2429 1124 ἄνθρωπος
2454 1053 2483 1106 6
2512 1054 2765 1123 Χριστὸς,
2801 1054 2895 1107 καὶ
2924 1052 2985 1106 οὐ
3014 1050 3136 1106 καθ’
3169 1049 3364 1104 ’ἐνωσιν
3408 1047 3580 1121 ἀληθῆ
3607 1048 3710 1120 τὴν

2143 1144 2281 1215 πρὸς
2305 1144 2398 1198 τὸν
2423 1144 2557 1197 Θεὸν
2581 1144 2753 1212 Λόγον
2781 1143 3053 1206 πλούσιος,
3088 1142 3165 1205 ὡς
3201 1141 3353 1204 Θεὸς,
3380 1138 3499 1203 πῶς
3531 1138 3708 1192 smo-

2144 1256 2341 1310 χευσε;
2376 1239 2471 1302 Τίς
2503 1237 2610 1308 γὰρ
2641 1238 2779 1301 ὅλως
2811 1238 2839 1290 ὁ
2866 1237 2965 1306 τῆς
2993 1233 3411 1306 ἁνθρωπότητος
3443 1230 3703 1292 πλοῦτος;

2147 1334 2376 1404 Εἴρηται
2411 1332 2520 1403 γὰρ
2548 1330 2819 1402 ἀνθρώπῳ
2851 1330 3046 1383 παντί·
3096 1346 3115 1380 ι
3147 1327 3213 1380 Τί
3239 1325 3349 1396 γὰρ
3377 1325 3519 1397 ἔχεις
3548 1324 3575 1377 ὃ
3607 1325 3703 1376 oin

2146 1423 2366 1490 ἔλαϐες;
2412 1443 2431 1475 ι
2471 1423 2609 1477 Ἀλλ’
2640 1422 2971 1493 ὲπτὼχευσε,
3021 1420 3275 1483 πλούσιος
3320 1417 3394 1471 ὣν
3436 1418 3510 1480 ὡς
3538 1417 3704 1479 Θε6ς’

2146 1514 2459 1586 ὲπτώχευσε
2490 1514 2617 1585 γὰρ,
2649 1513 2710 1566 τὸ
2741 1514 2841 1584 τῆς
2878 1510 3287 1582 ἁνθρωπότητος
3336 1506 3709 1579 μικροπρεπὲς

2145 1606 2566 1676 οἰκειωσάμενος
2614 1603 2996 1675 οἰκονομικῶς,
3022 1603 3052 1656 6
3100 1600 3355 1662 πλούσιος
3400 1598 3613 1668 ἀληθῶς
3642 1598 3708 1649 ἐκ

2073 1722 2114 1776 Β
2144 1699 2278 1753 Θεοῦ
2310 1699 2522 1771 Πατρὸς
2548 1698 2739 1767 Λόγος.
2770 1692 2865 1759 Εἷς
2900 1695 3008 1768 ἄρα
3042 1693 3275 1766 Χριστὸς
3311 1692 3403 1745 καὶ
3428 1690 3586 1752 Υἱός·
3612 1690 3708 1742 καὶ

2143 1786 2395 1850 πλούσιος
2428 1786 2550 1857 μὲν,
2580 1784 2655 1849 ὡς
2682 1785 2814 1848 Θεός
2836 1801 2849 1813 '
2887 1782 3098 1854 πτωχὸς
3143 1781 3221 1845 δὲ,
3248 1782 3331 1835 ὅτι
3360 1779 3576 1847 γέγονεν
3610 1778 3705 1831 ἄν·

2142 1878 2385 1949 θρωπος,
2416 1878 2502 1943 ἵνα
2533 1878 2694 1946 ἡμεῖς
2725 1874 3009 1945 γενώμεθα
3043 1872 3287 1938 πλορσιοι
3315 1870 3383 1923 δι’
3411 1869 3591 1922 αὐτόν.

2545 2163 2640 2215 Ἐκ
2674 2161 2785 2231 τῆς
2817 2160 2967 2229 πρὸς
2999 2159 3301 2226 Γαλάτας,

2219 2300 2238 2333 ι
2265 2278 2479 2343 Παῦλος
2513 2277 2808 2341 ἀπόστολος
2834 2318 2850 2343 ,
2886 2276 2986 2330 οὐκ
3005 2277 3100 2330 ἀπ’
3126 2274 3449 2347 ἀνθρώπων,
3475 2273 3594 2326 οὐδὲ
3639 2273 3705 2325 δι’

2140 2372 2454 2443 ἀνθρώπου,
2498 2369 2634 2423 ἀλλὰ
2663 2369 2751 2422 διὰ
2782 2366 2956 2438 Ἰησοῦ
3002 2366 3260 2439 Χριστοῦ,
3288 2367 3385 2420 καὶ
3415 2364 3548 2417 Θεοῦ
3595 2365 3710 2416 Πα-

2138 2461 2267 2533 τρὸς
2310 2460 2402 2514 τοῦ
2448 2459 2758 2530 ἐγείραντος
2802 2457 2962 2512 αὐτὸν
3019 2458 3084 2510 ἐκ
3128 2456 3358 2527 νεκρῶν.
3394 2451 3566 2525 »Ἆρ’
3613 2450 3707 2507 οὖν

2136 2552 2259 2622 οὐχὶ
2300 2552 2433 2604 Θεὸν
2462 2549 2950 2621 ὲνηνθρωπηκὸτα,
2991 2547 3086 2600 κού⁹
3131 2548 3230 2601 ’ἐνα
3273 2547 3363 2599 τὸν
3406 2544 3465 2609 ἐξ
3505 2544 3710 2615 (ip-potu

2139 2642 2430 2712 ἀποφαίνει
2466 2641 2555 2694 διὰ
2576 2640 2924 2711 τούτωνήμῖν
2960 2640 3085 2707 Υἰὸν
3110 2640 3203 2693 καὶ
3235 2639 3436 2709 Κύριον
3468 2641 3497 2692 6
3536 2655 3709 2708 μυστ-

2143 2737 2393 2807 αγωγός;
2436 2737 2580 2807 Ἔφη
2620 2736 2717 2805 μὲν
2763 2734 2872 2805 γὰρ
2936 2734 3293 2798 ἀπεστάλθαι,
3332 2733 3457 2787 οὔτε
3486 2734 3577 2785 ἀπ’
3612 2735 3709 2783 ἁν-

2142 2828 2396 2900 θρώπων,
2444 2826 2568 2881 οὔτε
2620 2826 2687 2880 δι’
2728 2825 3051 2894 ἀνθρώπουο
3103 2823 3456 2895 προστέθεικε
3496 2822 3580 2881 δὲ,
3630 2822 3713 2873 ὅτι

2148 2940 2166 2972 ι
2209 2920 2369 2973 ’Λλλὰ
2396 2920 2485 2973 διὰ
2522 2916 2697 2988 Ἰησοῦ
2728 2915 2986 2987 Χριστοῦ.
3014 2935 3032 2966 ι
3063 2916 3253 2969 Καίτοι
3277 2913 3398 2977 πῶς
3433 2913 3533 2965 οὐκ
3566 2908 3711 2964 οἶδεν

2142 3012 2428 3083 ἄνθρωπον
2472 3011 2601 3064 ὄντα
2644 3006 2848 3079 Ἰησοῦν
2897 3006 3155 3083 Χριστὸν.
3185 3006 3212 3058 6
3259 3004 3401 3058 οὕτω
3438 3004 3551 3064 τοῖς
3606 3002 3713 3055 ἀνὰ

2142 3107 2321 3158 πᾶσαν
2346 3106 2444 3174 τὴν
2472 3101 2795 3171 οἰκουμένην
2813 3109 2843 3149 γ
2878 3070 3118 3170 κηρύξας
3158 3098 3319 3152 αὐτόν
3345 3113 3358 3161 ;
3400 3095 3542 3148 Ἀλλ’
3564 3090 3712 3147 οἶδεν

2140 3194 2266 3246 ὄντα
2286 3194 2385 3246 οὐκ
2405 3191 2687 3262 ἄνθρωπον
2711 3190 2915 3252 ἁπλῶς,
2939 3189 3095 3259 ἐνηνο
3105 3187 3397 3259 ρωπηκὸτα
3421 3186 3475 3237 δὲ
3508 3184 3713 3254 μᾶλλον

2139 3284 2231 3336 τὸν
2255 3285 2319 3336 ἐκ
2360 3281 2496 3335 Θεοῦ
2540 3280 2739 3348 Λόγον·
2774 3279 2867 3331 καλ⁸
2894 3280 2955 3332 οὐ
2991 3278 3124 3330 Θεὸν
3158 3279 3215 3329 ὲν
3245 3274 3516 3346 ἀνθρώπῳ
3562 3274 3717 3326 νοοῦ-

2145 3392 2323 3445 μενον,
2350 3374 2462 3426 ἀλλ’
2487 3373 2563 3437 ὡς
2591 3373 2911 3444 αὐτόχρημα
2941 3370 3227 3440 γενόμενον
3255 3368 3539 3437 ἄνθρωπον
3575 3366 3719 3437 μετᾶ

2140 3466 2233 3519 τοῦ
2264 3461 2567 3519 εἷναιΘεόν.
2596 3464 2775 3521 Ὅταν
2802 3458 2896 3516 οῦν
2923 3462 3078 3531 λέγῃ,
3120 3459 3271 3531 παρὰ
3303 3458 3594 3527 ἀνθρώπου
3642 3457 3718 3528 μὴ

2141 3555 2498 3617 ἀπεστάλθαι,
2525 3554 2661 3609 ἀλλὰ
2689 3554 2777 3607 διὰ
2812 3551 2985 3622 Ἰησοῦ
3018 3549 3272 3621 Χριστοῦ·
3305 3550 3420 3611 πῶς
3441 3550 3541 3618 οὐχ
3574 3549 3723 3601 ἃπα-

2143 3629 2223 3702 σιν
2260 3648 2509 3720 ἐναργὲς,
2537 3647 2618 3700 ὅτι
2644 3646 2739 3698 καὶ
2769 3644 2899 3697 Θεὸν
2934 3644 3095 3697 αὑτὸν
3125 3639 3263 3695 οἶδεν
3290 3640 3541 3711 ἀληθινὸν
3573 3638 3720 3709 μετὰ

2139 3740 2198 3793 τὸ
2230 3741 2325 3793 καὶ
2356 3742 2413 3792 ὲν
2450 3739 2613 3809 σαρκὶ
2651 3735 2907 3805 γενέσθαι
2948 3733 3069 3787 καθ’
3097 3735 3275 3803 ἡμᾶς
3310 3730 3575 3802 Σημαξνει
3606 3729 3719 3780 τοι·

2138 3851 2232 3899 νμν
2272 3831 2434 3884 αὐτὸν
2462 3829 2564 3883 οὐκ
2607 3829 2714 3881 ἀπό
2753 3843 2816 3897 γε
2858 3827 2964 3880 τῶν
3009 3826 3105 3895 τῆς
3145 3822 3425 3884 κενώσεως
3474 3820 3714 3890 μέτρων.

2138 3921 2274 3993 ἀλλὰ
2306 3900 2501 3991 ὲκτῆς
2535 3920 2684 3983 θείας
2716 3916 2879 3971 αὑτοῦ
2932 3917 3026 3969 καὶ
3071 3914 3213 3975 κατὰ
3260 3914 3477 3967 πάντων
3528 3913 3714 3981 ὑπερ-

2138 4014 2294 4084 02.71;-

2198 4098 2232 4156 ἰ
2261 4104 2390 4157 Ὅτε
2430 4098 2571 4172 ἦμεν
2602 4102 2815 4172 νήπιοι,
2846 4100 2950 4154 ὑπὸ
2978 4099 3046 4152 τὰ
3095 4099 3331 4167 στοιχεῖα
3372 4093 3465 4147 τοῦ
3503 4093 3713 4163 κόσμου

2136 4194 2520 4264 δεδουλωμένοι
2559 4189 2879 4267 ἦμενεὍτε
2919 4192 2975 4244 δὲ
3010 4186 3141 4262 ἦλθε
3188 4189 3248 4241 τὸ
3294 4187 3566 4257 πλήρωμα
3616 4184 3712 4236 τοῦ

2136 4286 2348 4358 χρόνον,
2394 4284 2770 4352 ἐξαπέστειλεν
2816 4285 2845 4335 ὁ
2882 4283 3014 4347 Θεὸς
3044 4282 3132 4335 τὸν
3180 4280 3305 4333 Υἱὸν
3339 4278 3504 4333 αὐτοῦ
3551 4277 3715 4345 γενύε-

463 4382 617 4447 liere,
649 4382 847 4436 factum
880 4382 979 4436 sub
1013 4382 1149 4449 lege,
1180 4392 1239 4436 ut
1281 4398 1376 4438 eos
1420 4383 1511 4449 qui
1555 4387 1653 4437 sub
1680 4384 1795 4456 lege
1852 4397 2029 4451 erant,

2141 4394 2300 4447 μενον
2339 4380 2405 4431 ἐκ
2439 4375 2723 4444 γυναικὸς,
2757 4375 3046 4444 γενόμενον
3094 4374 3198 4427 ὑπὸ
3235 4373 3417 4442 νόμον,
3462 4370 3548 4423 ἵνα
3582 4370 3714 4431 τοὺς

464 4472 773 4534 redimeret.
802 4480 863 4524 ut
900 4471 1239 4540 adoptionem
1272 4471 1513 4532 liliorum,
1533 4472 1896 4541 reciperemus
1919 4476 1960 4527 ¹.
2003 4494 2021 4526 ι

2141 4470 2231 4524 ὶπὸ
2270 4469 2433 4539 νόμον
2470 4467 2795 4539 ἐξαγοράσῃ,
2820 4469 2919 4521 ’ἵνα
2950 4466 3049 4538 τὴν
3097 4466 3369 4519 υἱοθεσίαν
3419 4461 3712 4515 ἀπολάϐω-

464 4562 659 4629 Quem,
680 4577 881 4631 quaeso,
910 4562 1052 4623 Deus
1083 4561 1246 4617 Pater
1268 4578 1333 4617 ex
1365 4563 1587 4619 muliere
1629 4574 1809 4631 ortum
1839 4578 1893 4620 et
1927 4568 2028 4627 sub

2141 4579 2249 4615 λεν.
2276 4579 2293 4611 ι
2340 4560 2476 4613 Τίνα
2508 4559 2798 4628 πέπομφεν
2827 4561 2856 4611 ὁ
2890 4558 3024 4620 Θεὸς
3050 4558 3145 4610 καὶ
3175 4556 3386 4625 Πατὴρ,
3408 4554 3467 4615 6;
3486 4553 3719 4621 γέγονεν

466 4655 582 4723 lege
638 4654 837 4707 factum
880 4654 1059 4707 misit?
1098 4652 1289 4708 Annon
1348 4669 1583 4724 congrue
1650 4657 2027 4725 respondetur,

2141 4661 2205 4707 ὲκ,
2236 4652 2525 4721 γυναικὸς,
2571 4650 2765 4719 γέγονε
2803 4651 2861 4703 δὲ
2901 4652 2995 4704 καὶ
3039 4649 3143 4702 ὑπὸ
3184 4648 3380 4717 νόμως
3408 4641 3551 4717 *Λρα
3587 4645 3715 4713 οὐχὶ

464 4741 1049 4812 dignequecogitatur,
1078 4756 1199 4794 eum
1228 4740 1461 4808 misisse,
1486 4744 1575 4810 qui
1609 4757 1781 4811 neque
1804 4758 1871 4802 ex
1910 4760 2028 4803 mu,-

2141 4744 2296 4820 ράθναι
2320 4741 2552 4813 πρέπει,
2601 4742 2697 4795 καὶ
2750 4742 3020 4814 περινοεῖν
3067 4739 3252 4803 ἄξιον.
3296 4738 3382 4790 ὅτι
3422 4736 3717 4803 πέπομφεν

463 4831 595 4891 liere
633 4839 807 4887 ortus.
838 4845 936 4896 nec
982 4830 1083 4903 legi
1114 4831 1289 4883 factus
1340 4840 1485 4901 esset
1523 4832 1810 4900 obnoxius,
1833 4832 1943 4887 nisi.
1977 4832 2027 4886 id

2141 4836 2358 4896 ἐκεῖνον,
2381 4833 2439 4896 ὃς
2464 4834 2565 4884 οὐκ
2585 4830 2652 4885 ἂν
2679 4830 2904 4899 γέγονεν
2927 4833 2992 4883 ἐκ
3017 4827 3292 4897 γυναικὸς,
3317 4826 3425 4880 οὐδ’
3446 4824 3512 4878 ἂν
3536 4823 3714 4894 ἔπρα-

463 4938 586 4979 esse
609 4939 714 4989 non
737 4923 1028 4991 desideret,
1055 4923 1198 4992 quod
1230 4932 1354 4993 ante
1384 4939 1600 4991 carnem
1633 4933 1687 4978 et
1707 4925 2037 4995 sanguinem,

2141 4925 2219 5001 ξεν
2249 4925 2353 4979 ὑπὸ
2383 4925 2569 4994 νόμον,
2596 4924 2644 4977 εἰ
2685 4923 2760 4994 μὴ
2797 4921 3105 4993 μεμένηκεν
3133 4922 3267 4990 ὅπερ
3300 4914 3388 4990 ἦν,
3420 4917 3523 4981 ἔξω
3548 4916 3715 4985 δηλοέ

467 5025 775 5083 susceptum
802 5015 955 5070 erat?
988 5014 1095 5069 Res
1126 5014 1281 5082 plana
1311 5024 1433 5073 est:
1468 5015 1665 5071 etenim
1713 5016 1807 5073 Dei
1854 5014 2031 5069 Patris

2141 5018 2246 5070 νότι
2283 5016 2486 5089 σαρκὸς
2512 5016 2607 5069 καὶ
2636 5016 2897 5085 αἵματος-ξ
2942 5012 3080 5065 Ἀλλ’
3101 5012 3214 5065 ἔστι
3248 5011 3422 5081 σαφὴς
3453 5010 3482 5061 ὀ
3509 5009 3669 5075 λόγος
3688 5024 3706 5037 ·

464 5105 700 5163 Verbum
732 5106 1024 5173 secundum
1055 5121 1270 5161 carnem
1302 5118 1484 5159 natum
1536 5116 1619 5160 est
1659 5122 1723 5160 ex
1768 5108 2027 5172 muliere;

2141 5108 2293 5179 Βγὰρ
2328 5111 2394 5161 ὲκ
2438 5108 2573 5161 Θεοῦ
2625 5106 2838 5178 Πατρὸς
2868 5104 3040 5173 Λόγος
3071 5105 3293 5173 γέγονεν
3335 5105 3401 5155 ἐκ
3446 5100 3715 5169 γυναικὸς

463 5198 554 5257 ille
573 5213 785 5253 rursum
822 5198 913 5268 qui
941 5199 1178 5265 utDeus,
1200 5200 1336 5269 legis
1385 5208 1502 5253 erat
1540 5197 1823 5265 Dominus,
1855 5198 2031 5254 factus

2141 5198 2272 5263 κατὰ
2304 5200 2483 5270 σάρκα
2503 5214 2516 5228 °
2553 5201 2583 5253 6
2609 5197 2704 5252 τοῦ
2734 5196 2898 5269 νόμον
2936 5195 3139 5268 Κύριος
3180 5195 3256 5260 ὡς
3298 5194 3453 5258 Θεὸς,
3484 5194 3715 5264 γέγονεν

529 5357 613 5411 ³⁸1
645 5358 770 5413 Cor.
802 5374 916 5423 vm,
951 5358 1005 5412 9.
1081 5359 1125 5389 "
1157 5359 1322 5421 lCor.
1360 5373 1430 5427 Iv,
1460 5359 1512 5413 7.
1594 5359 1608 5389 ¹
1635 5358 1814 5414 Galat.
1842 5374 1880 5427 ι,
1911 5359 1963 5412 1.
2040 5359 2059 5389 ²
2084 5355 2259 5412 Galat.
2292 5373 2363 5424 IV,
2392 5357 2444 5411 '5.

1516 5522 1688 5586 Variae
1716 5521 1978 5585 lectiones
2005 5518 2206 5576 codicis
2238 5519 2595 5591 Seguieriani.

533 5668 560 5707 ἵ
585 5661 672 5712 ὑπ’
701 5661 943 5731 οὐρανόν.
