4000 6326
310 320 449 375 1505

1399 316 1488 371 DE
1529 318 1750 373 RECTA
1795 319 1951 374 FIDE
1990 321 2081 373 AD
2121 320 2439 376 REGINAS.

3408 321 3547 379 I306

306 435 411 490 ὑπὸ
438 433 620 504 νόμον,
645 432 731 485 ἵνα
757 430 985 502 γένηται
1014 432 1111 486 καὶ
1136 430 1359 501 ἀδελφὸς
1386 435 1498 497 τοῖς
1537 433 1641 486 ὑπὸ
1672 433 1858 503 νόμον·

1973 446 2058 489 est
2079 434 2178 501 legi
2207 434 2621 505 subjectus,quo
2640 434 2856 491 illorum
2880 428 3103 490 fratrem
3137 450 3197 491 se
3249 434 3549 493 declararet

306 528 446 581 οὕτω
476 527 585 597 γὰρ
612 523 954 596 άπελάϐομεν
981 527 1143 596 ἡμεῖς
1173 525 1271 597 τὴν
1308 524 1600 585 υἱοθεσίαν.
1629 526 1793 578 Ὥστε
1820 527 1869 581 εί
1902 556 1907 561 ·

308 620 382 690 μὴ
412 619 630 687 γέγονεν
659 619 763 672 ὑπὸ
800 618 962 688 νόμον
986 616 1078 675 καὶ
1108 618 1173 669 ὲκ
1198 617 1471 681 γυναικὸς,
1502 618 1611 670 οὐδ’
1634 615 1699 670 ἂν
1728 612 1870 687 ἦμεν

303 711 518 779 ἀδελφοὶ
555 711 632 782 τῷ
661 712 801 767 κατὰ
826 709 987 779 φύσιν
1017 707 1208 779 Κυρίῳ
1238 708 1315 776 τῷ
1344 707 1461 777 Θεῴ
1484 717 1529 763 κ.
1568 707 1787 783 Ἰιξπειδὴ
1812 707 1869 773 δὲ

300 804 490 872 γέγονε
523 802 589 856 δι’
628 801 789 856 αὑτοῦ
818 801 878 854 τὸ
922 800 1144 871 χρῆμα,
1194 800 1669 870 πεπλουτήκαμεν.
1707 798 1869 852 ’Λπόι

299 891 463 957 δειξιν
493 893 552 947 δὲ
588 897 820 946 ποιεῖται
857 890 1001 960 σαφῆ
1035 889 1128 943 τοῦ
1165 890 1489 960 πράγματος
1516 892 1544 943 ὀ
1587 889 1870 953 θεσπέσιος

299 982 530 1048 Παῦλος,
552 977 1055 1053 προσ[επ]ενεγκὼν
1079 977 1260 1042 εὑθὺς·
1296 998 1314 1030 ι
1346 979 1469 1031 Ὅτι
1505 977 1561 1033 δέ
1588 979 1707 1037 ἐστε
1732 979 1859 1043 υἱοὶ,

298 1071 674 1136 ἐξαπέστειλεν
700 1072 728 1123 6
756 1069 887 1133 Θεὸς
922 1068 982 1121 τὸ
1013 1066 1243 1137 Πνεῦμα
1279 1066 1372 1120 τοῦ
1406 1066 1535 1121 Υἱοῦ
1574 1066 1740 1129 αὑτοῦ
1784 1070 1872 1140 εἰςΔ

296 1163 390 1227 τὰς
426 1162 651 1232 καρδίας
685 1160 855 1232 ὑμῶν,
904 1159 1128 1229 κράζονο
1172 1158 1359 1222 Ἀϐϐά,
1390 1161 1418 1211 6
1446 1159 1654 1227 Πατήρ.
1684 1178 1702 1210 ι
1742 1159 1864 1223 Πῶς

296 1250 389 1306 οὖν
417 1253 633 1323 πνεῦμα
660 1252 753 1304 τοῦ
787 1254 852 1304 ὲκ
881 1250 1134 1319 γυναικὸς
1160 1250 1254 1302 καὶ
1303 1248 1407 1302 ὑπὸ
1434 1249 1614 1319 νόμον,
1634 1250 1690 1301 τὸ
1708 1248 1862 1317 ἀγιόν

294 1349 410 1401 ἐστι
451 1348 692 1418 Πνευμα,
725 1346 790 1399 δι’
816 1339 877 1403 οὗ
906 1345 1002 1398 καὶ
1028 1343 1331 1413 κράζομεν,
1378 1342 1566 1407 Ἀϐϐἄ,
1594 1343 1622 1395 ὁ
1651 1342 1861 1413 Πατὴρ,

293 1440 341 1490 εί
371 1438 445 1509 μὴ
474 1438 603 1500 Θεὸς
628 1437 656 1488 6
689 1436 940 1508 Χριστὸς,
974 1431 1055 1496 εἷς
1085 1432 1179 1497 ὢν,
1210 1433 1303 1497 καὶ
1336 1432 1496 1495 Υίόςς

1976 524 2065 593 qui
2117 523 2250 594 legis
2314 523 2532 579 vincula
2591 524 2911 579 tenebantur
2960 524 3211 579 astricti:
3252 524 3356 579 hac
3437 540 3543 579 una

1978 631 2215 687 namque
2246 617 2457 671 ratione
2504 616 2558 671 in
2616 616 2755 671 ﬁlios
2811 617 3048 685 cooptati
3095 631 3300 671 sumus.
3324 616 3542 671 Certum

1974 715 2055 761 est
2083 707 2249 769 enim,
2269 706 2313 766 si
2354 706 2400 760 is
2442 705 2543 776 legi
2584 705 2850 761 obnoxius
2885 706 3065 761 factus
3115 721 3218 759 non
3251 715 3417 770 esset,
3450 714 3546 760 aut

1974 808 2150 853 ortum
2182 813 2249 853 ex
2275 798 2500 853 muliere
2547 813 2659 854 non
2712 799 2989 863 traxisset,
3017 814 3115 855 nos
3142 798 3288 853 illius
3342 797 3542 852 fratres

1969 895 2199 949 evadere
2220 909 2333 948 non,
2355 894 2613 961 potuisse,
2647 894 2739 963 qui
2784 895 3086 949 secundum
3119 902 3368 947 naturam
3400 892 3544 946 Deus

1966 995 2021 1042 et
2045 985 2303 1041 Dominus
2344 994 2463 1040 est:
2495 986 2618 1055 quia
2674 1000 2805 1039 vero
2850 997 3145 1052 utrumque
3190 983 3411 1038 ellectus
3435 993 3539 1049 eet,

1966 1093 2065 1132 nos
2090 1092 2301 1146 quoque
2332 1092 2427 1147 per
2477 1077 2651 1146 ipsum
2696 1078 2795 1132 hac
2830 1085 2974 1139 tanta
3031 1092 3091 1130 re
3123 1076 3278 1145 potiti
3327 1090 3539 1130 sumus.

1968 1168 2144 1236 Atque
2196 1168 2352 1237 hujus
2390 1169 2693 1223 evidentem
2749 1168 3266 1223 demonstrationem
3313 1166 3540 1229 habent.

1968 1275 2088 1329 qua:
2124 1260 2312 1313 beatus
2341 1259 2632 1327 Apostolus
2655 1258 3225 1326 statimibiadjungit;
3259 1257 3335 1309 ait
3358 1257 3538 1309 enim:

1976 1370 1995 1401 ι
2031 1349 2294 1417 Quoniam
2351 1360 2533 1404 autem
2575 1351 2708 1405 estis
2739 1350 2853 1416 ﬁlii,
2894 1351 3041 1405 misit
3096 1350 3234 1405 Deus
3280 1347 3539 1416 Spiritum

1970 1435 2091 1490 Filii
2140 1438 2222 1492 sui
2270 1439 2323 1491 in
2371 1439 2534 1492 corda
2571 1448 2775 1503 vestra,
2812 1440 3160 1504 clamantem,
3208 1437 3380 1500 Aliha,
3434 1436 3539 1489 Pa-

295 1537 374 1579 ter
395 1525 436 1579 ³.
483 1544 502 1576 ›
536 1524 652 1579 Jam
676 1526 947 1593 quomodo
970 1524 1115 1577 illius
1150 1523 1395 1590 spiritus,
1428 1521 1519 1591 qui
1546 1536 1609 1576 ex
1635 1523 1862 1578 muliere
1902 1534 2059 1581 natus
2084 1537 2186 1592 est,
2222 1540 2277 1582 et
2307 1528 2411 1583 sub
2460 1528 2576 1600 lege
2632 1529 2807 1583 lactus
2856 1540 2959 1594 est,
3024 1542 3239 1584 sanctus
3304 1526 3537 1597 Spiritus

290 1624 395 1683 est,
439 1632 536 1688 per
582 1632 742 1687 quem
786 1616 950 1671 etiam
995 1614 1319 1677 clamamus,
1360 1614 1536 1678 Abba,
1580 1615 1777 1669 Pater:
1812 1617 1855 1670 si
1895 1617 2142 1675 Christus
2170 1619 2330 1684 Deus,
2354 1630 2408 1675 et
2462 1637 2622 1687 unus,
2685 1633 2736 1676 et
2776 1621 2947 1676 Filius
2982 1636 3086 1675 non
3119 1620 3244 1674 est?

687 1734 783 1788 Ἐκ
818 1731 925 1799 τῆς
953 1732 1102 1801 πρὸς
1145 1732 1474 1802 Ἐφεσίους.

368 1868 388 1899 ι
419 1841 516 1913 Εἷς
549 1848 769 1919 Κύριος,
811 1847 908 1918 μία
944 1847 1233 1911 πίστις,ηέν
1270 1847 1591 1917 βάπτισμαον
1616 1841 1695 1911 εἷς
1728 1847 1861 1911 Θεὸς

292 1939 386 1995 καὶ
415 1942 604 2010 Πατὴρ
642 1941 877 2001 πάντων,
926 1940 1019 1994 καὶ
1061 1940 1150 1993 διὰ
1188 1941 1403 1994 πάντων
1444 1940 1538 1993 καὶ
1580 1943 1638 1993 ἐν
1669 1942 1855 1995 πᾶσιν.

300 2032 414 2086 Ἐνὶ
445 2033 500 2085 δὲ
534 2032 746 2102 ἑκάστῳ
790 2031 947 2101 ἡμῶν
981 2030 1134 2101 ἐδόθη
1174 2034 1207 2102 ἡ
1249 2032 1408 2103 χάρις
1454 2031 1594 2102 αὓτη
1627 2031 1767 2085 κατὰ
1799 2031 1860 2084 τὸ

290 2124 489 2195 μέτρον
513 2124 611 2193 τῆς
634 2123 842 2193 δωρεᾶς
871 2122 969 2177 τοῦ
994 2125 1248 2195 Χριστοῦ.
1276 2127 1366 2178 Διὸ
1403 2124 1583 2193 λέγει’
1628 2126 1860 2189 Ἀναϐὰς

289 2217 371 2280 εἰς
414 2214 581 2284 ὕψος,
626 2215 1051 2286 ᾐχμαλώτευσεν
1100 2216 1496 2286 αἰχμαλωσίαν,
1544 2216 1639 2268 καὶ
1692 2215 1859 2267 ἔδωκε

288 2308 500 2379 δόματα
524 2310 636 2371 τοῖς
660 2307 984 2377 ἀνθρώποξ.
1011 2307 1084 2360 Τὸ
1110 2308 1187 2372 δὲ,
1207 2307 1410 2372 ἀνέϐη.
1440 2307 1492 2361 τί
1518 2308 1686 2369 ἐστιν,
1703 2308 1752 2359 εί
1785 2306 1860 2376 μὴ

287 2398 370 2450 ὅτι
406 2398 501 2450 καὶ
530 2397 732 2466 κατέϐη
762 2399 841 2460 είς
873 2397 943 2451 τὰ
986 2397 1275 2451 κατώτατα
1323 2398 1463 2467 μέρη
1494 2397 1595 2465 τῆς
1626 2396 1759 2466 γῆςς
1800 2397 1858 2449 '0

289 2488 547 2552 καταϐὰς,
574 2488 733 2549 αὑτός
762 2489 877 2540 ἐστι
918 2491 1009 2540 καὶ
1034 2490 1061 2541 ὁ
1105 2488 1312 2548 ἀναϐὰς
1354 2488 1611 2555 ὑπεράνω
1643 2488 1858 2541 πάντων

286 2578 393 2630 τῶν
414 2577 675 2647 οὐρανῶν,
704 2576 792 2629 ἵνα
814 2576 1076 2648 πληρώσῃ
1104 2577 1171 2629 τὰ
1199 2576 1394 2628 πάντα.
1421 2596 1438 2627 ι
1463 2577 1651 2648 ’Δορει
1672 2578 1733 2647 δή
1768 2594 1857 2647 μοι

286 2670 470 2726 πάλιν,
496 2671 618 2731 ὅσος
653 2671 710 2721 ἐν
751 2669 918 2739 τούτῳ
952 2670 1104 2736 λόγος
1149 2668 1461 2737 σαφέστατά
1486 2685 1546 2720 τε
1580 2669 1671 2721 καὶ
1702 2670 1859 2738 ἐναρ-

285 2763 400 2831 γῶς
441 2763 758 2829 ἀποφαίνει,
808 2761 961 2829 εξδὼς
1005 2762 1098 2814 καὶ
1147 2760 1473 2831 δυνάμενος,
1507 2761 1589 2814 ὃτι
1624 2760 1858 2829 Χριστὸς

285 2854 489 2925 Κύριος
525 2849 636 2919 εἷς,
665 2854 786 2907 καθ’
813 2854 1005 2907 ἕνωσιν
1044 2853 1401 2923 οἰκονομικὴν.
1444 2853 1855 2923 συνενεχθέντος

285 2944 381 2999 τοῦ
420 2944 596 3013 Λόγου
637 2944 774 3012 πρὸς
803 2943 863 2996 τὸ
896 2942 1265 3013 ἀνθρώπινονο
1297 2936 1377 3005 εἷς
1410 2941 1518 3012 γὰρ
1562 2943 1620 3008 ἐξ
1654 2943 1857 3012 ἀμφοῖν

283 3036 413 3099 Υἱὸς
457 3036 683 3105 ἀληθής.
724 3035 877 3088 Ἐπεὶ
915 3034 1032 3097 πῶς
1079 3028 1158 3096 εἷς
1200 3032 1443 3104 Κὺριος;
1498 3034 1616 3095 πῶς
1663 3034 1720 3086 δὲ
1759 3035 1856 3103 μία

282 3125 499 3193 πίστις;
541 3128 574 3197 ἢ
609 3126 727 3190 πῶς
772 3127 829 3179 ’ἐν
873 3128 989 3178 ἐστι
1032 3126 1094 3178 τὸ
1135 3125 1455 3195 βάπτισμα;
1506 3127 1567 3178 Εἰ
1607 3125 1712 3196 γὰρ
1747 3128 1855 3179 υἱοὶ

283 3218 396 3283 δύο,
423 3218 515 3271 δύο
544 3219 761 3282 πάντως
785 3219 880 3271 καὶ
910 3218 1118 3288 κύριοι·
1167 3217 1317 3286 διττὴ
1345 3218 1438 3269 καὶ
1465 3219 1496 3288 ἡ
1526 3218 1729 3281 πίστις.
1762 3220 1853 3272 καί

281 3311 382 3381 οὑχ
413 3311 471 3363 ἓν
500 3312 616 3363 ἐστι
645 3310 704 3363 τὸ
735 3310 1034 3379 βάπτισμα.
1062 3309 1155 3371 Εἰς
1186 3309 1307 3361 τίνα
1339 3309 1449 3378 γὰρ
1479 3310 1850 3365 πεπιστεύκα-

287 3419 420 3474 μεν;
461 3402 493 3473 ἦ
538 3404 619 3465 εἰς
661 3402 805 3465 τίνος
850 3401 1023 3471 ὄνομα
1072 3401 1516 3471 βεϐαπτίσμεθας
1556 3401 1715 3456 Ἀλλὰ
1751 3402 1857 3473 μὴν

284 3491 365 3558 εἷς
412 3494 635 3565 Κύριος,
672 3493 773 3563 μία
799 3492 1004 3557 πίστις,
1033 3491 1092 3544 ἓν
1122 3493 1404 3564 βάπτισμα
1422 3510 1435 3521 ·
1467 3493 1732 3563 πρόδηλον
1761 3490 1855 3547 οὖν

282 3585 393 3658 ἄρα
418 3586 500 3638 ὅτι
538 3584 637 3637 καὶ⁸
658 3578 737 3647 εἷς
776 3584 921 3648 Υἱὸς,
950 3584 1051 3637 κᾶν
1079 3586 1129 3635 εἰ
1162 3586 1333 3638 νοοῖτο
1366 3583 1488 3637 καθ’
1518 3585 1665 3653 ἡμᾶς
1693 3600 1853 3653 γεγο-

282 3676 389 3742 νὼς
411 3679 440 3731 6
471 3676 800 3746 Μονογενής.
831 3676 928 3739 Τίς
955 3675 1011 3728 δὲ
1046 3675 1183 3739 ὅλως
1208 3677 1236 3728 ὁ
1272 3674 1478 3738 ἀναϐὰς
1505 3676 1586 3737 είς
1625 3673 1787 3743 ὑψοςς
1819 3673 1852 3744 ἢ

282 3770 367 3834 τίς
390 3771 419 3823 ὁ
444 3766 719 3822 κατελθὼν
744 3769 822 3828 εἰς
846 3767 913 3819 τὰ
939 3766 1223 3837 κατώτερα
1252 3767 1392 3837 μέρη
1422 3765 1520 3835 τῆς
1546 3765 1684 3835 ﬂe;
1715 3765 1856 3818 Οὑκ-

283 3862 379 3916 οὖν
404 3862 563 3925 αὑτὸς
588 3860 791 3930 κατέϐη
826 3859 922 3930 μὲν
948 3857 1305 3929 ἀνθρωπίνως
1322 3874 1337 3889 ’
1364 3856 1572 3926 καθῆκε
1600 3856 1709 3927 γὰρ
1734 3857 1857 3920 ἐαρ-

284 3953 376 4007 τὺν
396 3956 475 4015 εἰς
496 3952 746 4017 κένωσιν,
777 3951 872 4005 καὶ
899 3949 1283 4011 τεταπείνωκε,
1312 3949 1598 4019 γενόμενος
1619 3950 1855 4020 ὑπήκοος

288 4043 450 4114 μέχρι
476 4042 730 4094 Θανάτου·
760 4039 927 4110 ἀνέϐη
954 4038 1010 4090 δὲ
1043 4037 1180 4107 μετὰ
1205 4037 1409 4106 σαρκὸς
1433 4035 1687 4107 ὑπεράνω
1718 4036 1855 4088 πάν-

284 4153 391 4189 των
419 4133 525 4187 τῶν
553 4132 814 4204 οὐρανῶν,
846 4132 932 4184 ἵνα
963 4130 1236 4210 πληρώσῃ.
1257 4128 1325 4182 τὰ
1356 4129 1557 4182 πάντα.

2377 1736 2460 1793 Ea:
2496 1738 2735 1809 Epistola
2761 1740 2830 1793 ad
2863 1738 3137 1807 Ephesios.

2046 1868 2064 1901 ι
2099 1849 2248 1905 Unus
2288 1851 2569 1917 Dominus,
2627 1866 2733 1905 una
2796 1851 2950 1915 ﬁdes,
3003 1865 3168 1904 unum
3223 1848 3532 1917 baptisma:

1964 1957 2103 1995 unus
2134 1943 2273 1998 Deus
2303 1951 2358 1997 et
2380 1943 2540 1998 Pater
2564 1943 2827 2007 omnium,
2860 1942 2952 2010 qui
2987 1951 3069 1996 est
3119 1954 3283 2009 super
3320 1952 3536 2005 omnes,

1966 2044 2021 2087 et
2044 2049 2139 2101 per
2163 2035 2436 2097 omnia,et
2467 2036 2520 2090 in
2558 2036 2826 2090 omnibus.
2865 2033 3171 2102 Unicuique
3212 2041 3394 2085 autem
3436 2044 3535 2084 no-

1965 2132 2138 2179 strum
2169 2125 2294 2181 data
2325 2136 2411 2181 est
2443 2128 2616 2195 gratia
2654 2127 2948 2181 secundum
2999 2138 3308 2180 mensuram
3360 2121 3533 2176 dona-

1968 2215 2129 2270 tionis
2173 2215 2399 2270 Christi.
2443 2216 2672 2286 Pr0pter
2714 2218 2857 2287 quod
2902 2217 3031 2272 dicit
3068 2214 3428 2270 :Ascendens
3480 2212 3532 2265 in

1965 2308 2128 2361 altum
2159 2310 2422 2377 captivam
2471 2309 2621 2363 duxit
2667 2310 3060 2377 captivitatem,
3083 2308 3234 2362 dedit
3273 2307 3412 2362 dona
3440 2305 3536 2359 bo-

1967 2401 2219 2455 Ininihus.
2252 2400 2406 2467 Quod
2462 2412 2640 2455 autem
2673 2402 2936 2466 ascendit,
2972 2402 3101 2472 quid
3134 2409 3242 2464 est,
3271 2399 3375 2453 nisi
3407 2397 3531 2467 quia

1964 2504 2019 2546 et
2049 2494 2325 2548 descendit
2382 2494 2610 2561 primum
2654 2493 2720 2545 ad
2766 2492 3052 2547 inferiores
3103 2500 3286 2559 partes
3339 2489 3536 2542 terrm?

1964 2585 2062 2650 Qui
2082 2585 2377 2650 descendit,
2415 2586 2535 2653 ipse
2560 2594 2642 2639 est
2668 2596 2721 2640 et
2750 2586 2839 2655 qui
2874 2584 3118 2638 ascendit
3152 2598 3315 2652 super
3344 2596 3536 2636 omnes

1964 2673 2148 2739 (mles,
2198 2681 2253 2727 ut
2307 2673 2553 2739 impleret
2592 2675 2772 2729 omnia
2797 2676 2838 2729 ‘.
2871 2692 2889 2725 ι
2941 2673 3019 2728 Εη
3059 2685 3261 2744 quanta
3313 2687 3536 2726 rursum

1962 2761 2208 2815 claritate
2231 2772 2285 2816 et
2337 2764 2609 2819 evidentia
2671 2765 2999 2834 apostolicus
3050 2779 3231 2821 sermo
3270 2765 3376 2818 hoc
3413 2762 3535 2817 locu

1961 2853 2229 2911 ostendat.
2270 2850 2446 2905 Verbo
2488 2868 2584 2921 per
2615 2855 3066 2923 dispensatoriam
3116 2854 3367 2907 unionem
3411 2868 3532 2906 cum

1964 2941 2194 2994 humana
2244 2955 2435 2996 natura
2481 2954 2728 3006 coeunte,
2765 2960 2928 2997 unum
2982 2953 3188 3005 tantum
3221 2958 3342 2999 esse
3374 2941 3535 2997 (Ἀπία

1963 3038 2123 3095 stunt,
2150 3047 2312 3083 unum
2370 3047 2490 3086 esse
2548 3032 2828 3088 Dominum
2854 3050 2869 3092 ;
2894 3044 3057 3102 atque
3092 3035 3228 3086 adeo
3269 3049 3435 3086 unum
3466 3049 3530 3085 ex

1960 3133 2188 3190 utroque
2216 3136 2336 3175 esse
2397 3122 2594 3187 solum,
2627 3138 2813 3176 verum
2865 3123 3274 3191 naturalemque
3313 3122 3529 3177 Filium.

1958 3210 2093 3264 Nam
2130 3214 2395 3278 quomodo
2421 3228 2558 3266 unus
2616 3212 2890 3277 Dominus,
2930 3222 3022 3265 aut
3048 3229 3159 3275 una,
3186 3214 3339 3277 ﬁdes,
3373 3214 3537 3289 108

1956 3315 2049 3361 am
2072 3321 2235 3359 tntum
2267 3306 2571 3372 baptisma?
2602 3305 2657 3359 Si
2688 3307 2832 3359 enim
2879 3307 2984 3359 duo
3014 3318 3137 3361 sunt
3162 3306 3277 3369 ﬁlii,
3308 3292 3535 3361 duo-ne—

1965 3395 2205 3448 cessario
2231 3405 2390 3447 erunt
2433 3395 2665 3461 Domini,
2692 3403 2747 3449 et
2793 3395 2989 3462 duplex
3044 3412 3257 3450 rursum
3294 3396 3448 3460 ﬁdes,
3478 3405 3534 3449 et.

1963 3487 2156 3555 duplex
2194 3486 2405 3539 tandem
2436 3488 2722 3555 baptisma.
2749 3487 2803 3540 In
2827 3503 2983 3556 quem
3004 3487 3147 3540 enim
3180 3487 3530 3549 credidimus,

1959 3588 2051 3630 aut
2084 3579 2133 3631 in
2173 3579 2328 3647 cujus
2355 3580 2576 3632 nomine
2631 3579 2891 3647 baptizati
2944 3594 3133 3632 sumus
3150 3577 3360 3647 ?.Atqui
3393 3594 3532 3631 unus

1962 3678 2169 3722 tantum
2217 3680 2301 3723 est
2358 3670 2639 3734 Dominus,
2691 3687 2793 3723 una
2846 3671 3000 3735 ﬁdes,
3030 3688 3193 3725 tntum
3242 3672 3527 3740 baptisma,

1960 3760 2306 3830 Perspicuum
2336 3764 2393 3814 lit
2420 3778 2549 3832 ergo
2581 3780 2742 3815 unum
2762 3763 2931 3816 solum
2951 3778 3068 3817 esse
3088 3761 3302 3825 Filium,
3323 3763 3525 3816 etiam-

1960 3853 2005 3908 si
2047 3852 2363 3922 Unigenitus
2397 3854 2683 3908 humanam
2744 3856 3010 3925 originem
3060 3856 3283 3924 perinde
3321 3870 3385 3909 ac
3433 3869 3532 3911 nos

1960 3953 2216 4013 expertus
2244 3944 2336 3997 sit.
2366 3943 2598 3998 Rursum
2646 3946 2961 4013 ecquisnam
2992 3945 3079 3998 ille
3101 3954 3207 4010 est,
3234 3945 3324 4015 qui
3356 3944 3441 3999 vel
3474 3945 3527 3998 in

1960 4037 2128 4089 altum
2163 4038 2431 4103 ascendit,
2470 4039 2551 4092 vel
2583 4038 2648 4091 ad
2685 4038 2970 4093 interiores
2998 4049 3156 4094 terra:
3199 4048 3381 4109 partes
3429 4039 3526 4093 de-

1963 4128 2207 4181 scendit?
2243 4128 2339 4183 llic
2363 4129 2478 4197 ipse
2527 4130 2688 4200 igitur
2715 4131 3010 4191 secundum
3046 4132 3333 4189 humanam
3369 4140 3529 4186 natu-

287 4242 401 4281 ram
452 4224 749 4286 descendit,
782 4236 1011 4292 seseque
1046 4221 1111 4273 ad
1144 4219 1569 4274 exinanitionem
1613 4219 1838 4283 dimisit,
1880 4232 1944 4275 ac
1975 4218 2298 4282 humiliavit,
2373 4220 2545 4275 factus
2611 4222 2865 4278 obedieus
2938 4236 3108 4291 usque
3155 4221 3227 4275 ad.
3277 4231 3525 4276 mortem.

286 4318 543 4374 Ascendit
568 4324 746 4371 autem
775 4328 941 4369 carne
996 4312 1215 4366 indutus
1244 4325 1405 4379 super
1434 4325 1624 4365 omnes
1657 4310 1851 4374 caelos,
1895 4318 1953 4361 ut
1998 4307 2217 4383 impleat
2244 4311 2447 4365 omnia.

610 4430 705 4483 Ἐκ
742 4428 854 4497 τῆς
890 4426 1040 4497 πρὸς
1071 4425 1540 4494 Φιλιππησίους.

358 4549 623 4606 Ἕκαστος
634 4543 817 4607 ιτοῦτο
838 4541 1021 4615 φρονεί
1027 4540 1138 4605 σθω
1159 4540 1261 4593 ἐν“ὑ
1271 4539 1428 4610 μῖν,ὶό
1446 4538 1544 4592 καὶ⁴
1559 4539 1616 4591 ἐν
1636 4537 1854 4608 Χριστῷ

298 4636 500 4708 ’1ησοῦ-
530 4636 587 4700 ὃς
622 4636 681 4687 ὲν
722 4636 901 4704 μορφῇ
949 4629 1083 4684 Θεοῦ
1119 4629 1526 4705 ὑπάρχιυν,ήνοὺχ
1561 4628 1853 4698 ἁρπαγμὸν

286 4730 531 4800 ἡγήσατο
568 4726 631 4779 τὸ
676 4721 815 4778 εἶναι
862 4724 951 4779 ἴσα
997 4722 1114 4793 Θεῷ
1139 4739 1165 4769 ·.
1198 4722 1312 4775 ἀλλ’
1354 4721 1551 4783 ἑαυτὸν
1592 4721 1861 4789 ἐκένωσε,

290 4821 503 4891 μορφὴν
528 4819 713 4872 δούλου
742 4815 944 4879 λαϐὼν,
985 4815 1044 4867 ἐν
1088 4814 1393 4885 ὁμοιώματι
1425 4810 1723 4882 ἀνθρώπων
1759 4827 1851 4877 γε-

286 4911 528 4981 νόμενος,
555 4907 654 4961 καὶ
695 4908 932 4977 σχήματι.
978 4903 1220 4975 εὑρεθεὶς
1260 4901 1335 4965 ώς
1378 4902 1694 4973 ἄνθρωπος·
1729 4903 1853 4953 ἐτα-

288 5000 548 5054 πείνωσεν
574 4999 786 5063 ἑαυτὸν,
815 4996 1104 5066 γενόμενος
1134 4996 1372 5065 ὑπήκοος
1405 4993 1567 5063 μέχρι
1596 4992 1852 5057 θανάτου,

288 5092 519 5146 θανάτου
558 5091 614 5143 δὲ.
658 5088 913 5160 σταυροῦ.
946 5086 1036 5140 Διδ
1080 5087 1176 5140 καὶ
1211 5087 1239 5136 ὁ
1271 5085 1401 5147 Θεὸς
1457 5084 1618 5137 αὑτὸν
1680 5085 1851 5154 ὑπερ-

289 5179 495 5249 ιΞψωσε.
518 5181 614 5239 καί
629 5180 920 5250 ἐχαρίσατο
941 5176 1089 5247 αὑτῷ
1108 5177 1277 5246 ὄνομα
1291 5174 1351 5227 τὸ
1374 5175 1509 5244 ὑπὲρ
1535 5176 1819 5245 πᾶνὸνομα
1835 5193 1847 5206 ·

288 5273 374 5325 ἵνα
405 5273 462 5324 ἐν
503 5271 577 5342 τῷ
607 5271 828 5340 ὀνόματι
867 5268 1039 5339 Ἰησοῦ
1072 5268 1179 5320 πᾶν
1213 5267 1341 5336 γόνυ
1384 5266 1577 5337 κάμψῃ
1617 5268 1851 5335 ἐπουρα-

361 5430 382 5462 ⁸
403 5428 520 5485 Gal.
554 5444 626 5495 tv,
657 5427 714 5483 6..
792 5431 813 5459 ⁵
836 5427 1034 5501 Ephes.
1060 5442 1135 5493 tv,
1163 5425 1309 5483 540.

2330 4421 2414 4485 Ex
2436 4421 2672 4493 Ερίδιοια
2696 4427 2763 4478 ad
2796 4425 3174 4493 Philippenses.

2040 4553 2061 4593 ι
2095 4536 2205 4591 lloc
2255 4538 2396 4589 enim
2438 4538 2635 4593 sentite
2668 4540 2718 4592 in
2775 4540 2944 4603 vobis,
2969 4539 3109 4607 quod
3140 4547 3194 4591 et
3231 4538 3283 4591 in
3313 4538 3529 4593 Christo

1957 4626 2237 4699 Jesuzqui
2286 4646 2406 4682 cum
2464 4631 2517 4684 in
2576 4632 2747 4684 forma
2802 4630 2894 4685 Dei
2949 4641 3241 4697 esset,non
3282 4630 3524 4699 rapinam

1958 4720 2251 4776 arbitratus
2293 4736 2377 4777 est
2422 4738 2541 4776 esse
2582 4739 2640 4777 se
2692 4723 2952 4792 :equalem
3013 4724 3143 4788 Deo;
3194 4723 3286 4777 sed
3332 4733 3529 4778 semet-

1958 4812 2129 4880 ipsum
2163 4814 2481 4877 cxinauivit,
2509 4813 2736 4875 formam
2783 4815 2925 4868 servi
2951 4815 3260 4883 accipiens,
3292 4814 3342 4868 in
3375 4815 3527 4869 simi.

1954 4901 2234 4958 litudinem
2291 4905 2568 4960 hominum
2604 4905 2800 4969 factus,
2834 4916 2889 4957 et
2949 4905 3130 4961 habitu
3185 4906 3433 4960 iuventus
3468 4916 3526 4959 ut

1958 4997 2135 5051 homo.
2161 4996 2472 5051 llutniliavit
2488 4998 2859 5065 semetipsum,
2881 4998 3057 5052 factus
3086 4999 3340 5053 obediens
3361 5015 3529 5069 usque

1955 5087 2021 5138 ad
2084 5098 2345 5153 mortem,
2370 5097 2596 5141 mortem
2658 5099 2837 5147 autem
2893 5090 3094 5145 crucis.
3128 5090 3354 5160 Propter
3382 5095 3522 5159 quod

1953 5186 2014 5231 et
2040 5178 2178 5233 Deus
2202 5179 2467 5235 exultavit
2488 5180 2658 5244 illum,
2696 5192 2750 5234 et
2781 5181 3002 5237 donavit
3039 5184 3111 5237 illi
3159 5201 3350 5239 nomen
3382 5188 3522 5256 quud

1952 5278 2036 5329 est
2059 5284 2221 5339 super
2252 5285 2411 5325 omne
2468 5287 2661 5331 nomen
2702 5292 2713 5327 :
2746 5283 2803 5327 ut
2834 5275 2888 5330 in
2945 5276 3161 5330 nomine
3188 5276 3320 5330 Jesu
3362 5294 3522 5331 Olllllc
3560 5331 3565 5339 ,

1351 5585 1525 5645 Varia:
1564 5589 1821 5648 lcctioucs
1857 5592 2054 5647 codicis
2084 5592 2437 5663 Segnierianj.

366 5731 388 5759 ι
417 5723 509 5777 καὶ
537 5720 673 5789 θεῷ.
