4000 6326
472 299 610 356 1⁸507

1446 294 1504 349 S.
1545 294 1822 351 CYlilLLl
1862 292 2331 349 ALEXANDRINI
2369 293 2690 351 ARCHIEP.

3558 292 3725 347 1508

474 434 610 489 genu
642 415 885 471 llectatur
909 412 1229 479 caelestium,
1258 420 1314 468 et
1352 416 1715 481 terrestrium,
1743 424 1797 471 et
1851 414 2025 470 infer-
2062 470 2065 479 ,

2170 413 2286 481 ίων,
2340 415 2436 468 καὶ
2482 415 2759 483 ἐπιγείων,
2812 413 2906 468 καὶ
2951 410 3321 483 καταχθονίων
3344 426 3359 442 ⁸
3410 412 3502 465 καὶ
3549 414 3727 465 πᾶσα

474 520 703 571 norum;
736 512 792 557 et
821 502 998 557 omnis
1050 502 1228 571 lingua
1259 502 1587 557 confiteatur
1616 504 1743 573 quia
1782 504 2039 558 Dominus

477 598 633 652 Jesus
684 596 933 650 Christus
976 595 1029 648 in
1080 594 1250 665 gloria
1280 603 1363 649 est
1393 596 1488 650 Dei
1520 595 1700 651 Patri's
1735 596 1780 650 ⁵.
1812 614 1831 649 ›
1871 597 2037 653 Audis

480 692 582 743 hoc
614 688 881 757 quomodo
930 686 1186 750 Verbum,
1218 686 1359 755 quod
1391 687 1443 742 in
1472 687 1565 741 Dei
1608 687 1777 743 forma
1812 689 2043 744 exsiste-

480 784 589 846 bat,
618 788 672 835 et
722 778 863 833 Deus
897 788 1037 843 erat,
1090 780 1397 847 neutiquam
1443 779 1684 849 rapinam
1720 781 2041 835 arbitratum

478 872 624 925 dicat
654 884 775 923 esse
814 884 874 923 se
916 869 1174 939 aequalem
1236 870 1383 924 Deo?
1409 868 1687 940 Siquidem
1736 871 2042 925 naturalem

479 985 601 1025 cum
626 970 736 1025 Deo
780 969 937 1023 Patre
966 969 1329 1037 aequalitatem
1363 968 1634 1033 obtinens,
1662 969 1806 1023 servi
1839 968 2038 1031 forma,

482 1064 582 1116 hoc
610 1071 713 1125 est,
732 1061 965 1116 hominis
988 1072 1180 1114 natura
1204 1069 1470 1130 suscepta,
1491 1062 1837 1129 semetipsum
1857 1062 2045 1116 exina-

484 1152 636 1218 nivit,
689 1152 977 1220 specieque
1030 1161 1215 1204 nostra
1262 1164 1327 1204 ae
1381 1147 1737 1203 similitudine
1798 1160 2041 1216 accepta,

482 1241 715 1309 seipsum
739 1242 1061 1294 humiliavit.
1092 1240 1449 1309 Posteaquam
1498 1254 1870 1294 verocrucem
1886 1240 2049 1293 susti-

485 1334 621 1397 nuit,
652 1333 946 1387 exaltatum
983 1332 1132 1397 dicit,
1171 1332 1464 1400 datumque
1520 1331 1594 1385 illi
1652 1346 1845 1385 nomen
1904 1331 2046 1399 quod

484 1434 570 1478 cst
600 1439 761 1493 super
788 1439 947 1478 onme
978 1426 1171 1478 nomen
1198 1442 1214 1490 ;
1256 1424 1330 1479 ita
1370 1436 1429 1477 ut
1456 1438 1617 1479 omne
1649 1438 1783 1494 genu
1808 1423 1906 1491 ipsi
1934 1424 2046 1491 jam

489 1518 821 1583 incurvetur,
857 1516 1138 1584 omnisque
1184 1516 1364 1583 lingua
1412 1517 1661 1570 eumdem
1708 1515 2045 1571 conﬁteatur.

490 1608 595 1661 Sed
628 1623 753 1676 qua,
786 1622 990 1676 qumso,
1017 1609 1246 1673 ratione,
1276 1610 1364 1677 qui
1392 1609 1442 1662 in
1464 1607 1633 1662 forma
1664 1617 1721 1663 et
1745 1608 2051 1678 :equalitate

491 1702 583 1755 Dei
614 1702 930 1767 exsistebat,
960 1703 1026 1756 ad
1080 1702 1507 1756 exiuanitionem
1550 1717 1609 1757 se
1663 1701 1966 1767 demisisse,
1998 1713 2053 1757 et

2138 506 2358 574 γλῶσσα
2375 506 2854 577 ἐξομολογήσηται,
2879 506 2961 559 ὅτι
2994 503 3198 574 Κύριος
3229 500 3435 572 Ἰησοῦς
3466 501 3729 572 Χριστὸς

2140 600 2220 662 εἰς
2245 597 2401 663 δόξαν
2443 599 2577 653 Θεοῦ
2622 600 2854 671 Πατρός.
2880 618 2898 651 ι
2938 597 3103 660 Σύνες
3131 598 3278 660 ὅπως
3306 596 3398 650 τὸν
3431 597 3489 648 ἐν
3521 596 3727 667 μορφῇ

2140 690 2234 743 τοῦ
2277 690 2413 744 Θεοῦ
2463 693 2559 746 καὶ⁵
2590 693 2802 763 Πατρὸς
2849 691 3160 763 ὑπάρχοντα
3208 689 3338 743 Θεὸν
3383 689 3577 757 Λόγον,
3610 688 3731 755 οὐχ

2142 783 2433 854 ἁρπαγμὸν
2459 783 2764 854 ἡγήσασθαί
2793 799 2922 853 φησι
2954 782 3013 835 τὸ
3042 777 3181 835 εἶναι
3212 782 3304 835 ἰσα
3338 779 3478 850 Θεῷ.
3525 778 3734 848 Ἔχων

2142 872 2249 942 γὰρ
2277 872 2338 925 τὸ
2365 870 2504 926 εἶναι
2532 874 2673 927 κατὰ
2704 872 2865 943 φύσιν
2899 874 2956 926 ὲν
2989 872 3192 942 ἰσότητι
3219 870 3312 924 τοῦ
3358 868 3592 940 Πατρὸς,
3622 885 3737 920 κε-

2144 962 2377 1017 κένωκεν
2403 964 2612 1028 ἑαυτὸν,
2636 964 2731 1017 καὶ⁴
2762 963 2973 1034 μορφὴν
2994 962 3180 1015 δούλου
3211 960 3407 1024 λαϐὼν,
3431 959 3738 1012 τουτέστιν

2145 1053 2428 1124 ἄνθρωπος
2472 1054 2733 1122 γεγονὼς,
2780 1053 2875 1106 καὶ
2903 1049 3011 1105 οἷον
3041 1053 3098 1105 ὲν
3127 1051 3255 1104 εἴδει
3300 1051 3378 1121 τῷ
3408 1050 3528 1103 καθ’
3565 1050 3740 1119 ἡμᾶς

2147 1145 2408 1216 εὑρεθεὶς,
2436 1146 2829 1199 τεταπείνωκεν
2870 1142 3059 1197 ἑαυτὸν
3090 1143 3170 1206 είς
3200 1143 3449 1196 κένωσιν.
3491 1140 3739 1209 Ἐπειδῆ

2149 1239 2207 1291 δὲ
2253 1238 2345 1291 καὶ
2393 1238 2552 1291 αὐτὸν
2599 1238 2986 1308 ὑπομεμένηκε
3022 1237 3113 1291 τὸν
3162 1236 3412 1301 σταυρὸν,
3466 1233 3741 1304 ὐψῶσθαί

2150 1346 2311 1396 φησιν
2338 1330 2520 1394 αὑτὸν,
2545 1328 2786 1382 δεδόσθαι
2816 1329 2871 1381 δὲ
2903 1329 3050 1400 αὐτῷ
3078 1331 3175 1382 καὶ
3198 1329 3258 1381 τὸ
3286 1328 3453 1397 ὄνομα
3484 1326 3543 1380 τὸ
3578 1326 3741 1395 ὑπὲρ

2150 1421 2259 1473 πᾶν
2285 1419 2481 1490 ὄνομα·
2518 1420 2658 1474 ὥστε
2697 1422 2790 1475 καὶ
2820 1423 2927 1473 πᾶν
2956 1422 3084 1488 γόνυ
3120 1419 3363 1489 κάμψαι,
3403 1419 3495 1471 καὶ
3530 1421 3741 1471 πᾶσαν

2151 1510 2298 1580 αὐτῷ
2322 1510 2566 1579 γλῶτταν
2595 1511 3115 1582 ἐξομολογήσασθαι.
3142 1510 3264 1572 Πῶς
3286 1505 3377 1562 οῦν
3398 1511 3426 1562 ὁ
3450 1510 3507 1561 ὲν
3535 1509 3738 1578 μορφῇ

2153 1602 2245 1656 καὶ
2279 1602 2479 1673 ἰσότητι
2501 1603 2595 1655 τοῦ
2622 1602 2756 1655 Θεοῦ
2784 1603 2993 1672 καθῆκε
3026 1603 3122 1672 μὲν
3145 1601 3334 1655 ἑαυτὸν
3357 1602 3436 1665 εἰς
3463 1599 3738 1661 κένωσιν,

2158 1694 2403 1764 ὑψῶσθαι
2434 1695 2491 1747 δὲ
2530 1695 2669 1766 μετά
2713 1694 2872 1747 τοῦτο
2916 1694 3131 1762 λέγεται
3155 1710 3170 1759 ;
3198 1689 3324 1764 Ἆρ’
3350 1691 3473 1761 οὐχὶ
3513 1690 3740 1762 προδη-

493 1793 961 1861 posteaexaltatus
986 1792 1341 1862 perhibetur?
1375 1794 1567 1848 Annon
1593 1793 2051 1849 evidentissimum

2170 1791 2375 1845 ’.ότατον
2412 1790 2475 1843 τὸ
2522 1788 2616 1842 τοῦ
2662 1789 2899 1860 Χριστοῦ
2941 1789 3274 1859 μυστήριον;
3321 1785 3453 1848 Θεὸς
3483 1784 3602 1854 γάρ
3653 1784 3741 1837 ὣν

492 1884 596 1937 hoc
640 1883 841 1938 Christi
887 1894 1283 1938 sacramentum
1308 1883 1427 1938 eSt?
1454 1882 1744 1938 Enimvero
1795 1899 1915 1938 cum
1969 1899 2057 1939 se-

493 1974 728 2030 cundum
777 1983 1028 2029 naturam
1064 1975 1205 2031 Deus
1255 1986 1424 2042 esset,
1456 1976 1632 2032 factus
1655 1977 1835 2042 homo,
1873 1978 1925 2031 in
1955 1979 2057 2032 hu-

494 2067 773 2119 militatem
810 2066 1278 2137 abjectionemque
1312 2069 1616 2124 descendit.
1643 2068 1843 2125 Factus
1876 2081 2055 2125 autem

496 2160 665 2213 nostri
688 2160 906 2224 similis,
936 2160 1094 2231 109
1114 2163 1276 2216 etiam
1311 2178 1434 2217 cum
1466 2178 1629 2219 carne
1668 2180 1820 2219 suam
1851 2166 2059 2221 obtinet

495 2246 744 2317 gloriam.
782 2249 847 2302 Et
892 2251 1007 2320 ipsa
1061 2251 1319 2307 exaltatio
1370 2268 1474 2308 non
1525 2257 1780 2309 convenit
1813 2255 1865 2309 in
1896 2255 2059 2311 Verbi

499 2348 765 2407 naturam,
799 2342 893 2396 sed
922 2342 974 2395 in
997 2343 1167 2411 ipsam
1192 2346 1371 2400 carnis
1396 2345 1881 2414 dispensationem.
1916 2347 2061 2404 Unus

495 2438 579 2485 cst
612 2431 792 2501 itaque
820 2432 1066 2487 Christus
1088 2433 1229 2489 Deus
1258 2435 1311 2489 in
1342 2446 1535 2491 natura
1564 2438 1818 2505 humana,
1847 2448 1902 2493 et
1934 2454 2056 2495 cum

498 2532 687 2576 natura
747 2523 999 2591 humana,
1045 2526 1275 2596 idipsum
1336 2528 1479 2597 quod
1524 2537 1648 2585 ante
1697 2539 1834 2597 erat,
1894 2545 2063 2600 usque

499 2628 840 2681 permanens.

870 2706 954 2760 Ea:
980 2708 1215 2777 Epistola
1245 2712 1312 2763 ad
1340 2710 1687 2767 Colossenses.

573 2815 592 2848 ‹
616 2796 827 2853 Gratias
883 2812 1122 2868 agentes,
1162 2800 1355 2869 inquit,
1388 2802 1496 2856 Deo
1554 2801 1724 2868 Patri,
1752 2804 1841 2873 qui
1880 2804 2067 2875 dignos

502 2905 599 2943 nos
644 2890 768 2944 fecit
821 2890 874 2944 in
929 2901 1136 2961 partem
1192 2894 1357 2948 sortis
1399 2905 1711 2950 sanctorum
1746 2898 1796 2950 in
1826 2898 2064 2952 lumine:

501 2982 589 3049 qui
612 2981 810 3049 eripuit
843 2999 940 3038 nos
967 2984 1032 3037 de
1065 2995 1328 3054 potestate
1352 2987 1719 3053 tenebrarum,
1740 2997 1795 3043 et
1829 2998 2060 3043 transtu-

505 3074 566 3128 lit
596 3075 646 3127 in
678 3089 900 3144 regnum
934 3076 1053 3130 Filii
1087 3077 1397 3133 dilectionis
1428 3094 1560 3142 suae,
1589 3080 1643 3133 in
1676 3095 1781 3147 quo
1809 3080 2065 3136 habemus
2095 3112 2138 3169 α

506 3165 950 3235 redemptionem,
1010 3168 1385 3222 remissionem
1440 3179 1784 3236 peccatorum
1821 3188 1835 3223 :
1870 3172 1962 3239 qui
1988 3181 2071 3225 est

508 3259 683 3326 imago
714 3258 802 3311 Dei
830 3258 1134 3322 invisibilis,
1155 3260 1543 3329 primogenitus
1565 3262 1743 3317 onmis
1784 3273 2066 3317 creatura).

504 3349 768 3414 Quoniam
820 3349 872 3402 in
910 3351 1024 3418 ipso
1081 3351 1294 3405 condita
1329 3360 1454 3406 sunt
1508 3353 1863 3417 universa,in
1918 3355 2072 3410 caelis

505 3449 563 3493 ct
583 3440 635 3493 in
662 3447 823 3504 terra,
848 3440 1076 3495 visibilia
1116 3450 1169 3495 ct
1198 3441 1509 3506 invisibilia,
1536 3443 1651 3497 sive
1702 3443 1924 3507 Throni,
1961 3445 2071 3499 sive

510 3532 934 3595 Dominationes,
985 3533 1099 3587 sive
1153 3531 1515 3602 Principatus,
1571 3534 1687 3589 sive
1750 3534 2072 3602 Potestatcs,

509 3626 685 3679 numia
715 3643 810 3696 per
842 3628 1012 3696 ipsum
1037 3638 1089 3682 et
1120 3628 1173 3682 in
1209 3629 1324 3696 ipso
1352 3640 1533 3685 creata
1559 3640 1687 3684 sunt
1715 3648 1729 3685 :
1762 3641 1813 3685 et
1853 3633 1966 3700 ipse
1993 3644 2077 3687 est

510 3727 634 3769 nnle
656 3733 863 3772 omnes.
896 3728 949 3772 et
994 3720 1173 3773 omnia
1218 3721 1269 3774 in
1306 3722 1423 3790 ipso
1465 3732 1729 3777 constant.
1752 3723 1815 3776 Et
1844 3724 1956 3791 ipse
1994 3732 2078 3778 est

512 3818 671 3874 caput
699 3810 936 3878 corporis
960 3809 1234 3876 Ecclesia},
1268 3814 1357 3881 qui
1383 3822 1465 3868 est
1503 3815 1848 3884 principium,
1877 3816 2077 3886 primo-

512 3900 725 3966 genitus
752 3917 813 3953 ex
854 3902 1113 3970 mortuis;
1142 3912 1200 3957 ut
1228 3906 1299 3959 sit
1332 3906 1383 3958 in
1414 3907 1664 3961 omnibus
1726 3907 1841 3975 ipse
1868 3907 2075 3975 prima-

516 4002 624 4042 tum
663 4001 889 4058 tenens;
919 3993 1043 4061 quia
1087 3994 1140 4046 in
1185 3994 1300 4063 ipso
1336 3995 1665 4062 complacuit
1712 4012 1928 4051 omnem
1967 3998 2077 4067 ple-

517 4082 809 4136 nitudinem
831 4083 1224 4150 inhabitare,et
1246 4102 1342 4155 per
1372 4100 1495 4139 eum
1525 4088 1879 4142 reconciliare
1897 4090 2079 4143 omnia

517 4175 570 4226 in
600 4174 801 4243 ipsum:
824 4176 1113 4243 paciﬁcans
1139 4192 1233 4244 per
1264 4180 1580 4242 sanguinem
1604 4180 1781 4235 erucis
1806 4178 1951 4249 ejus,
1968 4182 2081 4236 sive

516 4280 635 4328 qua:
684 4265 737 4316 in
794 4265 971 4329 terris,
1024 4266 1137 4320 sive
1186 4283 1307 4336 quae
1361 4266 1414 4319 in
1478 4268 1631 4323 ccelis
1658 4278 1786 4323 sunt
1812 4269 1854 4324 ⁸.
1887 4289 1911 4321 ι
1944 4271 2081 4324 Ecce

520 4358 609 4410 hic
637 4356 782 4409 illum
824 4372 1010 4411 rursus
1045 4359 1446 4425 inaspectabilis
1473 4359 1563 4413 Dei
1590 4361 1877 4430 imaginem
1900 4362 2083 4430 appel-

2156 1882 2339 1952 φύσει,
2372 1882 2594 1950 γέγονεν
2623 1881 2907 1953 ἄνθρωπος
2932 1882 2991 1933 ὲν
3028 1878 3352 1933 ταπεινώσει
3368 1878 3461 1931 καὶ
3492 1893 3743 1946 σμικρο-

2157 1975 2419 2046 πρεπείᾳ.
2453 1973 2697 2042 Γεγονὼς
2728 1974 2786 2027 δὲ
2814 1973 2938 2027 καθ’
2965 1974 3138 2042 ἡμᾶς,
3171 1973 3252 2033 εἰς
3280 1970 3377 2041 τὴν
3414 1968 3614 2022 ἑαυτοῦ
3650 1968 3746 2020 δὸο

2161 2066 2255 2131 ξαν
2297 2068 2562 2137 ἀναφοιτᾷ
2604 2067 2701 2119 καὶ
2735 2064 2873 2133 μετὰ
2907 2063 3126 2134 σαρκός.
3172 2062 3283 2115 Καὶ⁸
3321 2059 3521 2132 πρέποι
3554 2059 3627 2112 ἂν
3676 2058 3745 2110 τὸ

2160 2156 2425 2226 ὑψοῦσθαι
2455 2160 2521 2228 τῇ
2555 2156 2856 2227 οἰκονομίᾳ,
2902 2154 2997 2208 καὶ
3043 2155 3103 2208 οὐ
3133 2153 3196 2224 δὴ
3240 2152 3438 2223 μᾶλλον
3482 2151 3633 2220 αὐτῇ
3668 2153 3748 2219 τῇ

2161 2249 2320 2320 φύσει
2348 2248 2443 2302 τοῦ
2476 2248 2657 2317 λόγου.
2691 2242 2783 2310 Εἷς
2820 2242 2911 2301 οῦν
2950 2246 3060 2317 ἄρα
3090 2244 3325 2316 Χριστὸς
3369 2243 3501 2305 Θεὸς
3542 2244 3608 2293 ὲν
3640 2242 3745 2294 ἀν-

2163 2342 2502 2413 θρωπότητι,
2547 2342 2644 2393 καὶ
2694 2338 2830 2411 μετά
2870 2340 2967 2409 τῆς
3009 2337 3423 2409 ἀνθρωπότητος
3466 2334 3761 2406 ὑπάρχων,

2161 2434 2189 2486 ὃ
2221 2429 2308 2504 ἦν.

2528 2716 2622 2768 Ἐκ
2654 2714 2763 2783 τῆς
2798 2713 2948 2783 πρὸς
2982 2709 3375 2775 Κολασσαεῖς.

2242 2828 2260 2861 ι
2292 2808 2777 2880 Εὐχαριστοῦντες,
2806 2807 2957 2876 φησι,
2991 2804 3068 2876 τῷ
3097 2803 3274 2875 Πατρὶ
3302 2801 3378 2871 τῷ
3406 2800 3746 2855 ἱκανώσαντι

2167 2906 2315 2974 ἡμᾶς
2358 2904 2455 2966 εἰς-
2481 2902 2579 2971 τὴν
2617 2900 2809 2971 μερίδα
2838 2898 2933 2952 τοῦ
2967 2898 3170 2968 κλήρου
3212 2895 3320 2949 τῶν
3350 2894 3525 2963 ἁγίων
3571 2895 3635 2947 ἐν
3666 2893 3750 2962 τῷ

2169 2991 2342 3061 φωτίσ
2379 2992 2438 3055 ὃς
2471 2990 2737 3063 ἐρρύσατο
2764 2990 2909 3060 ἡμᾶς
2938 2990 3003 3041 ἐκ
3042 2986 3141 3057 τῆς
3197 2985 3442 3050 ἐξουσίας
3477 2983 3577 3038 τοῦ
3616 2984 3747 3037 σκότ

2168 3084 2421 3149 τους,καὶ
2457 3082 2787 3153 μετέστησεν
2814 3083 2893 3144 εἰς
2918 3078 3018 3150 τὴν
3054 3077 3327 3149 βασιλείαν
3354 3075 3446 3129 τοῦ
3477 3074 3615 3127 Υἰοῦ
3649 3075 3750 3144 τῆς

2171 3176 2393 3245 ἀγάπης
2437 3172 2629 3237 αὑτοῦ,
2679 3173 2736 3225 ὲν
2766 3164 2810 3239 ᾧ
2851 3170 3046 3241 ἔχομεν
3087 3169 3185 3240 τὴν
3214 3166 3621 3236 ἀπολύτρωσιν,
3652 3165 3751 3234 τὴν

2172 3268 2365 3337 ἄφεσιν
2402 3265 2511 3320 τῶν
2548 3264 2828 3336 ἁμαρτιῶν
2848 3280 2861 3294 °
2892 3264 2951 3326 ὃς
2980 3265 3131 3316 ἐστιν
3162 3259 3327 3314 εἰκὼν
3354 3258 3447 3312 τοῦ
3472 3258 3625 3312 ,Θεοῦ
3654 3257 3753 3314 τοῦ

2172 3360 2428 3431 ἀοράτου,
2470 3358 2813 3429 πρωτότοκος
2850 3355 3030 3424 πάσης
3062 3353 3309 3416 κτίσεως.
3337 3352 3548 3405 Ὅτιιὲν
3601 3350 3753 3420 αὐτῷ

2173 3451 2396 3521 ἐκτίσθη
2425 3450 2495 3502 τά
2523 3448 2700 3503 πάντα
2729 3449 2789 3500 ἐν
2815 3446 2892 3518 τῷ
2923 3445 3137 3517 οὐρανῷ
3165 3444 3262 3498 καὶ
3287 3442 3379 3496 ὲπί
3400 3443 3500 3513 τῆς
3526 3443 3662 3512 γῆς,
3686 3443 3754 3494 τά

2174 3543 2347 3613 ὁρατά
2375 3542 2470 3594 καὶ
2498 3540 2569 3593 τὰ
2594 3541 2821 3610 ἀόρατα,
2850 3538 2959 3591 εἴτε
2992 3536 3204 3609 Θρόνοι,
3247 3537 3356 3589 εἴτε
3380 3534 3753 3606 Κυριότητες,

2176 3633 2286 3687 εἴτε
2321 3633 2530 3702 Ἀρχαὶ,
2558 3631 2668 3683 εἴτε
2711 3629 2981 3696 Ἐξουσίαι
3002 3671 3016 3694 ,
3045 3626 3114 3680 τά
3146 3626 3323 3680 πάντα
3352 3626 3419 3679 δι’
3450 3624 3622 3679 αὐτοῦ
3654 3627 3757 3678 καὶ

2176 3727 2255 3787 εἰς
2282 3723 2441 3777 αὐτὸν
2472 3723 2741 3776 ἔκτισται·
2775 3722 2870 3775 καὶ
2898 3721 3060 3786 αὑτός
3090 3722 3206 3775 ἐστι
3239 3719 3345 3790 πρὸ
3382 3718 3632 3779 πάντων,
3658 3717 3757 3768 καὶ

2176 3817 2244 3870 τὰ
2272 3815 2448 3869 πάντα
2473 3815 2531 3867 ὲν
2560 3813 2710 3884 αὐτῷ
2739 3813 3034 3882 συνέστηκε
3056 3829 3072 3842 ·
3098 3812 3192 3865 καὶ
3223 3809 3383 3873 αὑτός
3414 3811 3564 3862 ἐστιν
3596 3810 3633 3877 ἡ
3665 3824 3757 3861 κερ

2177 3907 2319 3978 φαλὴ
2357 3906 2448 3959 τοῦ
2491 3903 2742 3974 σώματος
2780 3905 2877 3973 τῆς
2908 3902 3261 3975 Ἐκκλησίας,
3295 3903 3355 3965 ὃς
3388 3902 3534 3954 ἐστιν
3572 3898 3754 3970 ἀρχὴ,

2180 3997 2518 4067 πρωτότοκος
2552 3998 2615 4048 ἐκ
2660 3995 2767 4047 τῶν
2798 3994 3042 4063 νεκρῶν·
3083 3995 3168 4047 ἵνα
3210 3992 3536 4064 γένηταιηὲν
3584 3994 3757 4045 πᾶσιν

2180 4086 2336 4149 αὐτὸς
2365 4084 2684 4156 πρωτεύωνδ
2717 4085 2798 4137 ὅτι
2827 4084 2885 4135 ὲν
2915 4081 3062 4152 αῦτῷ
3090 4082 3353 4154 ηὐδόκησε
3385 4083 3494 4134 πᾶν
3522 4080 3590 4133 τὸ
3618 4082 3760 4150 πλή-

2185 4193 2342 4248 ρωμα
2381 4175 2734 4243 κατοικῆσαι,
2774 4175 2868 4227 καὶ
2899 4175 2963 4227 δι’
2998 4172 3161 4227 αὑτοῦ
3195 4172 3643 4236 ἀποκαταλλάξαι
3689 4174 3760 4225 τά

2184 4271 2361 4324 πάντα
2389 4269 2467 4330 εἰς
2496 4267 2659 4319 αὐτόν
2678 4283 2692 4296 ·
2720 4265 3136 4337 εἰρηνοποιήσας
3164 4264 3250 4317 διὰ
3278 4262 3379 4317 τοῦ
3396 4264 3632 4334 αἵματος
3657 4265 3759 4317 τοῦ

2187 4359 2421 4431 σταυροῦ
2452 4359 2620 4412 αὐτοῦ
2660 4357 2768 4409 εἴτε
2798 4356 2867 4409 τὰ
2905 4358 2998 4410 ἐπὶ
3022 4357 3121 4426 τῆς
3152 4357 3272 4426 γῆς,
3305 4355 3415 4407 εἴτε
3441 4354 3509 4407 τά
3538 4356 3600 4406 ἐν
3641 4358 3762 4417 toi;

522 4450 628 4514 lat;
663 4448 1035 4518 Thronosqne,
1063 4449 1404 4518 Principatus
1432 4462 1486 4505 et
1519 4452 1925 4507 Dominationes
1950 4469 2065 4507 con.

2188 4455 2453 4524 οὐρανοῖς.
2481 4470 2499 4503 ›
2540 4451 2670 4504 Ἰδοὺ
2702 4450 2766 4521 δὴ
2796 4450 2957 4504 πάλιν
2988 4449 3169 4525 εἰκόνα
3216 4450 3312 4520 μὲν
3355 4447 3448 4500 τοῦ
3481 4446 3625 4500 Θεοῦ.
3658 4448 3764 4500 τοῦ

522 4542 741 4602 uidisse,
772 4543 1059 4611 omniaque
1096 4542 1146 4593 in
1185 4541 1304 4611 ipso
1358 4551 1407 4596 et
1462 4558 1556 4611 per
1609 4544 1787 4613 ipsum
1832 4555 2085 4599 constare

523 4642 706 4699 aperte
763 4632 1039 4685 afﬁrmat:
1090 4642 1199 4685 tum
1273 4636 1514 4703 corporis
1556 4651 1769 4703 quoque
1829 4636 2085 4691 Ecclesia:

523 4733 706 4790 caput,
737 4725 1255 4792 primogenitmnque
1284 4740 1349 4779 ex
1398 4728 1621 4780 mortuis
1671 4730 1917 4781 eumdem
1951 4744 2086 4797 pra:-

523 4816 685 4868 dieat.
720 4814 939 4883 Ecquis,
965 4816 1178 4880 amabo,
1222 4815 1399 4885 imago
1451 4815 1567 4882 Dei,
1598 4818 2084 4887 universorumque

527 4908 775 4959 rorulitor
826 4916 931 4970 est,
968 4908 1066 4959 nisi
1106 4908 1334 4976 ipsemet
1381 4910 1688 4978 unigenitus
1737 4910 1830 4965 Dei
1880 4910 2087 4967 Filius?

528 5000 615 5067 qui
672 5000 834 5052 etiam
903 5000 1076 5053 factus
1122 5010 1206 5054 est
1262 5011 1597 5057 mortuorum
1662 5003 2083 5073 primogenitus;

530 5091 723 5159 quippe
755 5091 844 5158 qui
884 5090 932 5143 in
967 5092 1270 5158 suaipsius,
1299 5101 1353 5147 et
1388 5109 1493 5147 non
1550 5095 1605 5148 in
1651 5095 1877 5150 alterius
1908 5094 2089 5166 cujus-

532 5184 668 5248 piam
731 5197 894 5236 cm-ne
952 5193 1177 5235 mortem
1233 5186 1473 5252 oppetiit.
1549 5187 1729 5251 Quare
1796 5203 1932 5242 unus
1998 5197 2083 5243 est

530 5274 775 5328 Christus
800 5285 848 5327 ct
879 5274 1067 5340 Filius,
1090 5276 1231 5331 Deus
1252 5279 1407 5330 simul
1439 5289 1493 5332 et
1525 5279 1704 5333 homo.

820 5461 976 5529 llo
997 5458 1078 5513 Ex
1106 5460 1343 5530 Epistolu
1375 5465 1442 5515 ad
1478 5462 1746 5518 Πρίηπος.

612 5569 630 5599 ι
670 5550 1031 5614 ,ΜιιΙιὶΙζιι-ἰιιιιι
1098 5553 1384 5622 Inultisquc
1420 5556 1591 5608 modis
1651 5556 1777 5609 olim
1829 5556 1966 5614 Deus
2012 5557 2062 5611 lo

613 5709 855 5781 ‘I’lnilpp.
892 5728 950 5779 ιι,
975 5712 1123 5765 5-H.
1203 5713 1221 5744 ⁸
1245 5712 1451 5767 Coloss.
1487 5728 1583 5777 xu,
1612 5713 1701 5766 ευ.

2190 4545 2417 4616 ἀοράτου
2458 4543 2620 4612 φησὶν
2661 4541 2849 4595 αὐτόν·
2898 4541 3143 4593 ἐκτίσθαι
3170 4539 3237 4592 δι’
3281 4538 3444 4593 αὐτοῦ
3482 4538 3763 4613 Θρόνους,

2190 4656 2281 4692 και
2317 4636 2514 4707 Ἀρχὰς
2534 4675 2548 4699 ,
2578 4635 2670 4687 καὶ
2700 4633 3039 4704 Κυριότητας
3085 4628 3485 4693 διαϐεϐαιοῦται
3520 4629 3722 4697 σαφῶς
3752 4648 3766 4659 ο

2195 4730 2289 4784 καὶ
2315 4731 2392 4793 εἰς
2420 4728 2578 4781 αὑτὸν
2615 4727 2687 4780 τὰ
2733 4725 2909 4779 πάντα
2934 4726 3027 4777 καλ⁹
3057 4727 3114 4777 ὲν
3144 4723 3292 4794 αὐτῷ
3323 4722 3642 4784 συνεστάναι
3675 4721 3771 4774 is"

2190 4842 2307 4893 γει·
2343 4823 2437 4877 καὶ
2475 4822 2636 4876 αὐτὸν
2678 4816 2816 4873 εἶναι
2855 4820 2953 4890 τὴν
2981 4818 3223 4891 κεφαλὴν
3250 4817 3342 4872 τοῦ
3377 4817 3627 4887 σώματος
3658 4817 3769 4887 τῆς

2204 4916 2551 4986 Ἐκκλησίας,
2581 4915 2675 4967 καὶ
2701 4913 3041 4982 πρωτότοκον
3069 4912 3133 4963 ἐκ
3154 4907 3509 4978 τῶννεκρῶν.
3538 4906 3639 4969 Τίς
3664 4904 3771 4960 οὖν

2192 5010 2302 5081 ἄρα
2329 5010 2475 5062 ἐστὶν
2500 5010 2533 5078 ἡ
2566 5006 2727 5065 εἰκὼν
2764 5006 2856 5058 τοῦ
2888 5003 3041 5067 Θεοῦ,
3073 5003 3099 5054 ὁ
3128 5001 3355 5070 κτίστης
3384 5000 3489 5053 τῶν
3518 4999 3683 5059 ὅλων,
3718 5002 3772 5052 εἰ

2198 5102 2272 5172 μὴ
2306 5100 2465 5163 αὐτὸς
2490 5102 2517 5153 ὁ
2554 5099 2844 5170 μονογενὴς
2868 5096 2962 5149 τοῦ
2991 5094 3124 5148 Θεοῦ
3157 5092 3315 5157 Υἱός;
3349 5092 3407 5155 ὃς
3432 5092 3527 5143 καὶ
3565 5091 3771 5158 γέγονε

2196 5191 2535 5262 πρωτότοκος
2583 5191 2646 5242 ὲκ
2677 5189 2905 5260 νεκρῶν,
2943 5186 3017 5250 ὡς
3058 5182 3341 5238 ἀποθανὼν
3378 5185 3444 5253 τῇ
3487 5183 3653 5252 σαρκὶ
3697 5186 3771 5251 τῇ

2202 5282 2325 5352 ἰδίᾳ,
2359 5282 2453 5334 καί⁵
2496 5282 2617 5351 οὐχὶ
2665 5281 2728 5351 δὴ
2764 5280 2963 5350 μᾶλλον
3000 5280 3064 5348 τῇ
3108 5293 3249 5339 τινος
3290 5274 3495 5346 ἐτέρου.
3537 5268 3635 5336 Εἷς
3670 5269 3772 5328 οὖν

2196 5373 2429 5447 Χριστὸς
2457 5374 2552 5426 καὶ
2578 5373 2725 5438 Υἱὸς,
2752 5371 2884 5434 Θεός
2910 5388 2969 5422 τε
2996 5355 3129 5439 ὁμοῦ
3158 5368 3251 5420 καὶ
3278 5366 3586 5436 ἄνθρωπος.

2588 5462 2684 5514 Ἐκ
2716 5459 2826 5528 τῆς
2862 5460 3009 5526 πρὸς
3054 5456 3374 5525 Ἐϐραίους.

2280 5574 2298 5607 ι
2327 5552 2655 5625 Πολυμερῶς
2693 5552 2787 5605 καὶ
2835 5549 3189 5620 πολυτρόπως
3234 5546 3458 5601 πάλαιὸ
3489 5543 3621 5607 Θεὸς
3664 5542 3769 5597 1:.-

3910 5540 3935 5619 Κ

3939 5654 3945 5687 1
