4000 6326
321 310 344 365 1
355 307 460 368 309

1424 309 1508 363 DE
1538 306 1763 363 RECTA
1801 308 1959 364 FIDE
1994 310 2084 365 AD
2116 311 2433 368 llEGlNAS.

3411 318 3550 372 13ιο

318 417 486 490 λήσας
514 420 626 481 τοῖς
660 419 929 490 πατράσιν
958 421 1017 472 ἐν
1047 422 1155 483 τοῖς
1189 422 1515 491 προφήταις,
1544 422 1630 472 ἐπ’
1658 420 1889 490 ἐσχάτου

1993 437 2162 490 quens
2195 425 2443 492 patribus
2480 424 2534 478 in
2560 423 2856 493 prophetis,
2892 424 3195 479 nouissime
3216 424 3402 481 diebus
3430 428 3549 481 istis

319 510 426 564 τῶν
454 511 674 581 ἡμερῶν
712 511 917 565 τούτων
945 511 1204 581 ἐλάλησεν
1232 515 1365 582 ἡμῖν
1386 514 1442 563 ἐν
1469 512 1602 582 Υἰῷ,
1631 513 1693 566 ὃν.
1721 513 1882 580 ἔθηκε

322 602 652 673 κληρονόμον
690 603 929 665 πάντων,
971 603 1037 655 δι’
1077 594 1139 655 οὗ
1174 604 1267 655 καὶ
1300 604 1425 666 τοὺς
1461 603 1658 665 αἰῶνας
1696 603 1883 672 ἐποίη-

321 709 433 744 σεν.
460 711 478 742 ι
526 692 688 744 Φύσει
729 691 840 744 τῶν
882 692 1030 745 ὅλων)
1055 691 1256 762 Κύριος
1305 692 1442 762 μετά
1484 691 1578 745 τοῦ
1625 691 1759 745 Θεοῦ
1793 692 1886 744 καὶ

322 783 533 853 Πατρὸς
558 784 587 834 ὁ
614 782 922 853 Μονογενὴς
948 783 1112 836 αὑτοῦ
1142 783 1311 850 Λόγος
1328 778 1468 835 εἶναι
1494 782 1880 836 πεπίστευταιο

319 872 527 923 τίθεται
563 871 620 922 δὲ
662 871 1028 942 κληρονόμος,
1085 874 1165 924 ὅτι
1216 873 1406 940 γέγονε
1456 872 1623 942 σάρξο
1668 874 1882 942 εἴρηται

323 964 429 1033 γὰρ
463 964 598 1033 πρὸς
627 964 809 1027 αὑτὸν,
837 962 912 1025 ὡς
940 962 1060 1015 καθ’
1085 963 1231 1033 ἡμᾶς
1260 961 1543 1033 ἄνθρωπον
1570 963 1832 1030 γεγονότα
1855 974 1881 1003 α

322 1056 388 1107 δι’
418 1056 591 1124 ἡμᾶς·
630 1074 648 1106 ‹
678 1056 906 1124 Αἴτησαι
940 1054 1067 1125 παρ’
1114 1055 1270 1124 ἐμοῦ,
1300 1056 1395 1108 καὶ
1439 1055 1593 1107 δώσω
1626 1071 1708 1106 σοι
1755 1053 1882 1124 ἔθνη

323 1143 422 1215 τὴν
457 1144 815 1214 κληρονομίαν
850 1161 942 1196 σου
968 1183 983 1202 .
1027 1146 1120 1196 καὶ
1156 1144 1255 1213 τὴν
1303 1144 1627 1213 κατάσχεσίν
1681 1160 1774 1195 σου
1819 1147 1884 1197 τὰ

326 1236 536 1304 πέρατα
579 1237 675 1304 τῆς
721 1237 842 1305 γῆς.
871 1255 889 1286 ι
947 1235 1108 1287 Ἀλλά
1150 1237 1217 1289 δι’
1260 1234 1423 1288 αὑτοῦ
1454 1235 1549 1287 τοῦ
1596 1234 1753 1299 Θεοῦ,
1790 1233 1882 1286 τοῦ

325 1326 658 1396 κληρονόμου
682 1326 770 1378 διὰ
797 1326 857 1378 τὸ
893 1326 1228 1396 ἀνθρώπινον
1248 1368 1263 1393 ,
1296 1326 1391 1379 καὶ¹
1418 1326 1613 1389 αὑτοὺς
1656 1326 1885 1394 πεποιῆ-

326 1418 449 1471 σθαι
482 1419 607 1478 τοὺς
644 1418 844 1481 αίῶνάς
882 1436 1065 1488 φησιν,
1110 1420 1188 1481 εἰς
1224 1419 1285 1472 τὸ
1309 1419 1401 1471 τοῦ
1451 1418 1621 1485 Λόγου
1648 1418 1882 1488 πρεσϐύ-

322 1526 484 1562 τατον
510 1509 602 1561 τοῦ
635 1510 956 1579 πράγματος
979 1510 1191 1578 ἔχοντος
1216 1511 1315 1581 τὴν
1345 1510 1640 1581 ἀναφοράν.
1673 1504 1768 1572 Εἷς
1796 1504 1886 1562 οῦν

323 1600 430 1668 ἄρα
475 1599 710 1669 Χριστὸς
758 1600 851 1651 καὶ
882 1599 1045 1664 Υἱὸς,
1089 1602 1118 1652 6
1154 1601 1317 1664 αὑτός
1354 1618 1413 1653 τε
1452 1599 1587 1671 ὁμοῦ
1624 1599 1756 1664 Θεὸς
1795 1601 1887 1653 καὶ

333 1689 431 1744 ἄνθ
441 1706 642 1759 ρωπος.

398 1798 418 1831 ι
455 1781 547 1842 Ὃς
581 1778 655 1831 ὢν
701 1778 1043 1849 ἀπαύγασμα
1086 1780 1187 1849 τῆς
1234 1779 1421 1849 δόξης,
1468 1780 1564 1833 καὶ
1606 1779 1885 1851 χαρακτὴρ
1918 1771 1963 1830 Β

328 1868 429 1939 τῆς
470 1869 819 1932 ὑποστάσεως
854 1868 1042 1934 αὑτοῦ,
1073 1869 1252 1940 φέρων
1281 1887 1340 1921 τε
1374 1869 1442 1922 τά
1475 1870 1653 1923 πάντα
1686 1868 1762 1939 τῷ
1797 1871 1889 1939 ρή-

328 1975 457 2027 ματι
497 1959 595 2027 τῆς
630 1957 913 2027 δυνάμεως
957 1956 1145 2020 αὑτοῦ,
1199 1954 1538 2026 καθαρισμὸν
1568 1954 1674 2007 τῶν
1707 1956 1891 2023 ἀμαρ-

322 2049 450 2102 τιῶν
482 2048 872 2119 ποιησάμενος,
905 2048 1158 2102 ἐκάθισεν
1206 2049 1264 2100 ἐν
1301 2047 1449 2117 δεξιᾷ
1493 2046 1596 2116 τῆς
1640 2045 1890 2116 μεγαλω-

332 2141 501 2211 σύνης
532 2143 590 2193 ἐν
618 2140 842 2209 ὑψηλοῖς
861 2156 875 2170 ⁸
909 2140 1149 2209 τοσούτῳ
1182 2138 1447 2208 κρείττων
1472 2138 1757 2206 γενόμενος
1784 2134 1890 2188 τῶν

323 2232 587 2299 ἀγγέλων,
627 2233 737 2302 ὅσῳ
803 2231 1183 2302 διαφορότερον
1219 2229 1389 2301 ὄνομα
1420 2229 1551 2299 παρ’
1575 2228 1770 2290 αὐτοὺς
1801 2244 1889 2279 κε-

323 2322 716 2393 κληρονόμηκε.
748 2341 765 2373 ι
809 2323 882 2374 Τὸ
917 2321 1254 2391 ἀπαύγασμα
1301 2320 1402 2390 τῆς
1433 2318 1610 2389 δόξης,
1641 2321 1670 2372 6
1716 2335 1888 2389 χαρα-

324 2412 462 2483 κτὴρ
491 2414 589 2482 τῆς
629 2413 976 2475 ὑποστάσεως
1007 2412 1103 2464 τοῦ
1136 2411 1272 2464 Θεοῦ
1318 2411 1414 2464 καὶ
1446 2410 1678 2479 Πατρὸς,
1728 2426 1889 2461 τουτ-
1970 2422 1975 2429 '

321 2506 467 2556 ἐστιν
499 2506 527 2555 6
556 2502 617 2567 ἐξ
658 2501 821 2555 αὑτοῦ
870 2502 1009 2556 κατά
1042 2501 1201 2570 φύσιν
1236 2501 1364 2565 Υἱὸς
1410 2496 1739 2571 μονογενὴς,
1768 2499 1892 2552 τίνα.

321 2594 524 2667 τρόπον
554 2595 896 2665 καθαρισμὸν
930 2593 1037 2646 τῶν
1065 2592 1350 2664 ἁμαρτιῶν
1397 2593 1550 2663 ἡμῶν
1586 2591 1888 2662 ποιησάμε-

324 2705 430 2749 νος,
463 2686 620 2757 δῆλον
648 2685 703 2738 δὲ
735 2687 818 2739 ὅτι
850 2686 936 2738 διὰ
969 2684 1062 2738 τοῦ
1094 2685 1324 2755 αἵματος
1363 2683 1551 2747 αὑτοῦ,
1596 2682 1890 2736 κεκάθικεν

323 2782 381 2832 ἐν
421 2778 567 2849 δεξιᾷ
595 2778 689 2831 τοῦ
723 2778 959 2848 Πατρὸς,
988 2778 1082 2830 καὶ
1118 2777 1379 2847 κρείττων
1406 2775 1651 2845 γενέσθαι
1676 2774 1891 2843 λέγεται

322 2872 430 2925 τῶν
471 2870 749 2939 ἀγγέλων,
806 2868 982 2922 καίτοι
1028 2869 1167 2922 κατά
1206 2868 1369 2933 φύσιν
1401 2868 1493 2920 καὶ
1528 2869 1594 2938 τῇ
1640 2867 1739 2937 τῆς
1774 2866 1891 2919 θεό-

321 2981 482 3036 τητος
519 2965 759 3034 ὑπεροχῇ
787 2962 855 3015 τὰ
886 2962 1063 3015 πάντα
1091 2959 1287 3025 νικῶν;
1317 2958 1524 3014 Οὐκοῦν
1552 2960 1646 3011 καὶ
1679 2958 1891 3029 ἄνθρω-

324 3075 424 3121 πος
450 3055 708 3125 γεγονὼς,
736 3054 1223 3123 πεπλεονέκτηκεν,
1246 3052 1322 3115 ὡς
1349 3051 1500 3113 Θεὸς,
1532 3050 1633 3119 τὴν
1662 3050 1890 3120 ἀόρατον

325 3145 533 3210 κτίσιν,
564 3147 592 3198 6
620 3142 781 3206 αὑτὸς
811 3142 886 3195 ὢν
919 3141 1257 3211 ἀπαύγασμα
1303 3141 1397 3192 καὶ
1446 3138 1747 3211 χαρακτὴρ,
1797 3138 1892 3191 καὶ

325 3237 698 3305 ἐργασάμενος
745 3233 854 3286 τῶν
903 3233 1184 3303 ἁμαρτιῶν
1230 3231 1389 3303 ἡμῶν
1431 3232 1523 3283 τὸν
1556 3229 1896 3301 καθαρισμὸν

325 3328 516 3396 αἵματι
550 3326 626 3395 τῷ
668 3325 799 3396 ἰδίῳ.
831 3319 925 3387 Εἷς
970 3320 1063 3377 οὖν
1116 3325 1224 3395 ἄρα
1259 3322 1531 3393 Χριστὸς,
1574 3323 1668 3374 καὶ
1734 3322 1892 3387 Υἱὸς,

327 3419 422 3471 καὶ
463 3416 686 3488 Κύριος.

404 3530 421 3563 ι
454 3510 522 3563 Ὃ
549 3528 609 3563 τε
646 3509 755 3582 γὰρ
795 3508 1037 3578 ἁγιάζων
1066 3509 1161 3561 καὶ
1189 3508 1239 3560 οἱ
1277 3507 1650 3577 ἁγιαζόμενοι,
1679 3506 1739 3570 ἐξ
1777 3504 1895 3569 ἐνὸς

326 3602 546 3663 πάντες.
577 3601 655 3651 Δι’
681 3602 747 3669 ἣν
773 3598 948 3653 αἰτίαν
976 3598 1075 3651 οὑκ
1105 3596 1489 3667 ἐπαισχύνεται
1514 3596 1776 3665 ἀδελφοὺς
1805 3595 1895 3648 αὑ-

324 3696 451 3755 τοὺς
477 3692 677 3756 καλεῖν,
711 3690 917 3758 λέγων’
959 3688 1278 3757 Ἀπαγγελῶ
1319 3688 1380 3743 τὸ
1427 3687 1596 3756 ὄνομά
1644 3705 1738 3739 σου
1784 3689 1896 3750 τοῖς

327 3784 577 3853 ἀδελφοῖς
614 3768 745 3854 μου,
764 3802 783 3833 ι
819 3782 892 3837 Τὸ
921 3782 1063 3835 κατά
1092 3782 1254 3851 φύσιν
1280 3781 1431 3850 ἅγιον
1458 3781 1555 3850 οὐχ
1586 3779 1892 3848 ἁγιάζεται,

326 3878 411 3929 ὄτι
436 3877 508 3947 μή
538 3878 651 3929 ἐστι
679 3875 934 3947 προσδεὲς
950 3874 1251 3944 ἀγιασμοῦ·
1280 3874 1341 3927 τό
1368 3890 1433 3942 γε
1476 3874 1583 3943 μὴν
1636 3872 1712 3935 ὡς
1759 3871 1892 3942 μεθ-

327 3968 433 4032 έξει
479 3970 544 4038 τῇ
594 3969 721 4038 παρ’
766 3967 949 4037 ἑτέρου
979 3966 1199 4034 γεγονὸς
1246 3964 1438 4033 ἅγιον,
1483 3963 1731 4033 ἀγιάζειν
1775 3962 1893 4015 ἑτέ-

331 4077 454 4127 ρους
481 4061 542 4111 οὑ
573 4058 817 4112 δύναται.
846 4056 969 4120 Πῶς
1001 4055 1096 4110 οῦν
1121 4059 1149 4109 6
1176 4056 1335 4119 αὑτὸς
1366 4054 1581 4124 ἁγιάζει
1615 4053 1708 4107 καὶ
1735 4054 1895 4122 ἅγιά-

328 4151 513 4212 ζεται,
552 4150 832 4219 ζητητέον.
869 4149 1110 4217 Ἂγιὰζει
1148 4148 1345 4211 τοίνυν,
1389 4146 1464 4210 ὡς
1506 4145 1666 4210 Θεὸς,
1703 4146 1894 4215 ἰδίωμα

329 4239 541 4310 φύσεως
588 4242 686 4309 τῆς
739 4240 931 4293 ἑαυτοῦ
966 4240 1026 4292 τὸ
1078 4239 1320 4306 ἁγιάζειν
1368 4237 1632 4291 δύνασθαι
1674 4237 1889 4307 λαχών·

329 4333 609 4400 ἁγιάζεται
627 4332 689 4385 δὲ
711 4331 826 4401 μεθ’
850 4332 1025 4399 ήμῶν,
1049 4330 1191 4383 κατὰ
1217 4330 1277 4383 τὸ
1304 4328 1659 4400 ἀνθρώπινον.
1686 4324 1779 4392 Εἷς
1801 4324 1892 4382 οὖν

1991 514 2197 569 locutus
2224 520 2308 569 est.
2343 515 2500 570 nobis
2534 516 2587 569 in
2617 514 2774 581 Filio,
2798 529 2956 585 quem
2974 516 3253 570 constituit
3284 518 3548 572 haeredem

1992 606 2390 668 nutriversorum,
2415 621 2511 675 per
2531 620 2691 675 quem
2734 606 2864 661 fecit
2905 616 2959 662 et
2989 607 3183 662 saecula
3208 609 3253 659 ⁷.
3294 627 3313 659 ι
3344 607 3550 676 Unige-

1992 696 2165 750 nilum
2204 696 2299 751 Dei
2338 692 2572 751 Verbum
2620 713 2723 751 una
2760 713 2885 752 cum
2916 698 3026 753 Deo
3078 699 3238 753 Patre
3289 700 3552 753 naturalis

1994 803 2170 842 rerum
2254 790 2495 843 omnium
2548 789 2803 844 Dominus
2831 804 2951 845 esse
2978 790 3261 845 creditur:
3297 800 3353 843 at
3418 790 3548 859 quia

1988 898 2114 937 caro
2182 882 2379 937 factum
2433 893 2535 945 est,
2571 885 2799 941 hatredis
2855 900 3068 956 quoque
3140 887 3552 955 appellationem

1994 974 2237 1028 sortitum
2272 982 2377 1028 est.
2402 973 2607 1028 Dictum
2638 983 2719 1029 est
2752 991 2980 1044 namque
3014 978 3082 1032 ad
3117 978 3272 1042 illud,
3300 986 3551 1046 tanquam

1991 1065 2056 1117 ad
2081 1064 2348 1118 hominem
2381 1066 2549 1119 nostri
2593 1079 2755 1119 causa
2804 1067 2976 1121 nostri
3004 1068 3233 1123 similem
3268 1066 3551 1123 eli‘ectum:

1997 1174 2015 1207 ι
2056 1156 2271 1209 Postula
2312 1171 2340 1208 a
2369 1171 2473 1219 me,
2510 1166 2566 1211 et
2593 1157 2732 1211 dabo
2784 1156 2882 1211 tibi
2945 1167 3133 1225 gentes
3179 1158 3553 1213 bzereditatem

1995 1256 2161 1311 tuam,
2208 1255 2263 1299 et
2315 1248 2714 1315 possessionem
2766 1257 2913 1300 tuam
2962 1249 3226 1303 terminos
3283 1256 3438 1301 terra:
3458 1249 3499 1301 ⁸.
3529 1267 3554 1299 ι

1992 1337 2371 1391 Verumtamen
2401 1352 2494 1405 per
2517 1339 2692 1407 ipsum
2716 1346 2971 1407 tanquam
3002 1354 3097 1408 per
3121 1340 3317 1402 Deum,
3338 1348 3557 1407 propter

1994 1430 2284 1483 humanam
2336 1439 2582 1483 naturam
2632 1430 2865 1485 haeredis
2917 1430 3178 1484 vocabulo
3208 1429 3557 1498 appellatum,

1995 1522 2104 1588 ipsa
2135 1536 2349 1590 quoque
2383 1520 2577 1575 saecula
2624 1522 2836 1575 condita
2877 1522 3073 1575 asserit
3113 1537 3128 1574 :
3166 1520 3353 1574 tribuit
3412 1520 3554 1574 enim

1995 1610 2046 1662 id
2114 1625 2338 1663 snnnme
2398 1610 2560 1664 Verbi
2625 1612 2954 1680 antiquitati.
3024 1610 3177 1667 Unus
3238 1610 3421 1680 itaque
3476 1625 3560 1664 est

1996 1700 2246 1754 Christus
2302 1710 2355 1754 et
2385 1700 2573 1766 Filius,
2599 1702 2737 1755 idem
2773 1702 2910 1756 Dens
2943 1702 3102 1756 simul
3150 1710 3205 1757 et
3236 1703 3417 1756 homo.

2066 1810 2086 1844 ι
2111 1792 2207 1858 Qui
2243 1808 2363 1846 cum
2401 1793 2475 1846 sit
2504 1792 2757 1862 splendor
2784 1794 2989 1861 glorias,
3013 1804 3068 1847 et
3108 1796 3275 1863 ﬁgura
3310 1795 3559 1849 substan-

1994 1882 2079 1936 tia:
2108 1884 2242 1951 ejus,
2273 1894 2605 1952 portansque
2655 1885 2837 1938 omnia
2896 1885 3060 1939 verbo
3098 1885 3311 1939 virtutis
3345 1900 3473 1949 suae,
3506 1895 3560 1939 et

1992 1974 2362 2042 purgationem
2411 1982 2755 2042 peccatorum
2812 1972 3037 2040 faciens,
3083 1975 3231 2028 sedet
3272 1975 3337 2028 ad
3377 1976 3560 2029 dexte-

1995 2081 2108 2118 ram
2164 2063 2463 2132 majestatis
2508 2066 2560 2118 in
2610 2065 3058 2120 excelsisztanto
3108 2064 3302 2118 melior
3356 2064 3561 2133 angelis

1990 2157 2235 2219 effectus,
2274 2165 2475 2224 quanto
2500 2154 2835 2211 dilferentius
2876 2170 3071 2210 nomen
3104 2170 3214 2223 prae
3245 2155 3351 2209 illis
3385 2157 3558 2209 luere-

1991 2247 2181 2301 ditavit
2206 2248 2249 2301 ⁸.
2291 2267 2309 2300 ι
2345 2247 2482 2314 Qua,
2514 2263 2716 2315 quaeso,
2759 2249 2976 2303 ratione
3009 2247 3274 2317 splendor.
3299 2247 3390 2301 ille
3442 2245 3557 2315 glo-

1994 2339 2086 2392 ria:
2139 2347 2481 2405 paternmqne
2514 2338 2829 2392 substantiae
2851 2340 3157 2403 character,
3184 2339 3286 2392 hoc
3316 2347 3400 2391 est
3433 2337 3555 2391 uni-

1992 2429 2201 2497 genitus
2227 2429 2315 2482 Dei
2348 2428 2535 2490 Filius,
2570 2428 2660 2497 qui
2713 2428 3030 2483 naturaliter
3057 2444 3121 2483 ex
3172 2428 3262 2481 illu
3293 2427 3563 2497 procedit,

1993 2529 2332 2589 peccatorum
2378 2520 2752 2588 purgationem
2809 2518 3015 2574 iaciens
3061 2516 3319 2589 (dubium
3375 2527 3557 2571 autem

1993 2609 2194 2663 nullum
2219 2618 2324 2675 est,
2344 2609 2471 2677 quin
2496 2624 2590 2677 per
2610 2609 2883 2677 preprium
2907 2608 3244 2678 sanguinem)
3280 2608 3344 2660 ad
3386 2605 3562 2659 Patris

1992 2701 2268 2753 dexteram
2322 2699 2625 2762 considere,
2668 2698 2903 2767 ipsisque
2946 2695 3150 2769 angelis
3203 2694 3558 2749 excellentior

1994 2789 2164 2844 lactus
2188 2790 2542 2858 praedicatur?
2603 2791 2799 2842 Annon
2850 2786 3143 2841 secundum
3179 2794 3451 2846 naturam,
3477 2781 3563 2836 (li-

1992 2880 2337 2949 rinitatisque
2359 2879 2731 2943 eminentiam,
2756 2878 2912 2947 longe
2928 2875 3145 2930 excellit
3170 2873 3392 2927 omnia?
3418 2871 3561 2926 Sane

1992 2969 2132 3022 idem
2162 2969 2383 3024 omnino
2415 2976 2471 3020 ut
2502 2966 2660 3027 Deus,
2680 2975 3026 3035 paternasque
3049 2958 3364 3015 substantia:
3389 2958 3556 3026 ﬁgura

1992 3069 2046 3114 et
2084 3058 2358 3129 splendor,
2396 3056 2807 3127 inspectabilem
2850 3054 2995 3107 illam
3043 3059 3348 3104 creaturam
3399 3047 3561 3117 longe

1995 3150 2215 3206 excellit
2244 3150 2403 3202 etiam
2434 3149 2593 3201 homo
2628 3146 2828 3207 factus,
2856 3143 3193 3210 etsanguine
3222 3156 3321 3196 suo
3340 3150 3561 3210 peccata

1997 3248 2177 3295 nostra
2199 3239 2515 3294 emundans.
2544 3236 2693 3293 Unus
2726 3237 2911 3306 itaque
2932 3245 3015 3289 est
3035 3232 3289 3290 Christus
3309 3242 3363 3288 et
3391 3230 3563 3288 Filius

1986 3320 2048 3390 let
2079 3333 2358 3389 Dominus.

2069 3534 2088 3567 ‹
2129 3513 2229 3581 Qui
2286 3513 2609 3579 sanctiﬁcat,
2641 3522 2695 3568 et
2731 3512 2822 3581 qui
2878 3510 3307 3569 sanctil‘tcantur.
3337 3522 3400 3562 ex
3451 3523 3560 3560 uno

1993 3603 2451 3673 omnes.Proptcr
2481 3618 2641 3673 quam
2665 3617 2883 3656 causam
2914 3616 3019 3654 non
3047 3598 3398 3653 confunditur
3445 3595 3557 3649 fra-

1996 3709 2104 3752 tres
2130 3712 2223 3751 cos
2281 3710 2495 3757 vocare,
2527 3694 2746 3747 (licens:
2780 3691 3128 3746 Annuntiabo
3175 3705 3367 3743 nomen
3405 3698 3555 3741 tuum

1994 3787 2255 3840 fratribus
2319 3785 2452 3837 meis
2487 3783 2551 3834 ¹⁰.
2584 3800 2602 3833 ι
2639 3781 2791 3847 Quod
2838 3790 3028 3849 suapte
3081 3788 3273 3832 natura
3317 3785 3561 3829 sanctum

1993 3884 2101 3942 est,
2128 3875 2179 3928 id
2211 3888 2318 3928 non
2358 3872 2763 3934 sanctilicatur;
2794 3868 3228 3938 quandoquidem
3255 3865 3407 3935 ιιι
3433 3879 3561 3917 san-

1992 3966 2325 4022 ctificatione
2380 3961 2519 4016 nulla
2572 3962 2801 4029 indiget.
2833 3959 2985 4026 Quod
3028 3968 3205 4011 autem
3264 3956 3559 4025 participa-

1996 4060 2139 4114 tione
2167 4056 2400 4128 quadam
2436 4053 2504 4109 ab
2558 4053 2667 4107 alio
2695 4051 3181 4107 sanctiﬁcationem
3211 4055 3560 4102 consecutum

1992 4160 2095 4214 est,
2133 4151 2185 4205 id
2216 4148 2352 4203 alios
2378 4145 2721 4201 sanctiﬁcare
2760 4158 2867 4197 non
2900 4151 3093 4212 potest.
3123 4140 3394 4209 Qumritur
3435 4151 3564 4207 ergo

1994 4242 2261 4310 quomodo
2282 4239 2421 4293 idem
2454 4236 2776 4298 sanetilicet,
2794 4234 3138 4301 vicissimque
3164 4230 3559 4285 sanctil‘teetnr.

1995 4332 2144 4386 Iiaud
2170 4331 2331 4385 dubie
2350 4328 2584 4384 Verbum
2639 4327 3006 4389 incarnatum,
3030 4332 3089 4377 ut
3121 4322 3282 4385 Deus,
3311 4317 3558 4375 sanctili-

327 4424 433 4494 ἄρα
458 4423 687 4494 Χριστὸς
714 4423 806 4475 καὶ
837 4422 960 4485 Υἱὸς
993 4422 1084 4474 καὶ
1113 4421 1317 4491 Κύριος
1338 4461 1355 4485 ,
1387 4421 1627 4489 ἁγιάζων
1657 4421 1754 4490 μὲν
1784 4419 1891 4473 θεῖ-

1994 4433 2099 4485 cat,
2129 4432 2187 4473 ut
2230 4421 2370 4489 quod
2421 4415 2795 4473 sanctiﬁcandi
2853 4413 2958 4466 vim
3013 4428 3123 4466 suae
3176 4420 3381 4463 natura:
3435 4421 3561 4475 prn-

328 4516 457 4581 κῶς,
488 4514 843 4584 ἁγιαζόμενος
883 4513 939 4565 δὲ
969 4513 1086 4583 μεθ’
1112 4516 1143 4584 ή
1155 4514 1268 4583 μῶν
1298 4514 1669 4585 ἀνθρωπίνως.

1990 4515 2271 4586 prietatem
2333 4511 2691 4565 obtineatzat
2751 4522 2877 4559 vero
2925 4504 3217 4559 secundum
3271 4502 3562 4555 humanam

330 4618 597 4669 naturam,
638 4606 915 4661 nobiscum
968 4607 1352 4660 sanctilicatur.
1382 4607 1535 4661 Unus
1594 4606 1757 4675 igitur
1801 4618 1886 4663 est
1924 4607 2169 4663 Christus
2210 4613 2265 4657 et
2328 4602 2585 4657 Dominus
2653 4609 2708 4655 et
2745 4598 2933 4664 Filius,
2965 4594 3313 4650 sanctiﬁcans
3346 4594 3560 4662 quidem

330 4709 386 4752 ιιι
410 4698 571 4761 Deus,
598 4696 1078 4751 sanctiﬁcationem
1111 4707 1286 4750 autem
1335 4698 1605 4765 accipiens
1655 4699 1892 4753 humano
1928 4713 2077 4754 more
2114 4694 2412 4749 nobiscum.

404 4811 423 4842 ι
455 4790 758 4860 Κεφάλαιον
785 4791 841 4843 δὲ
865 4791 890 4829 b
921 4793 1033 4854 τοῖς
1063 4790 1371 4860 λεγομένοις
1398 4802 1444 4828 ο·
1481 4790 1733 4843 Τοιοῦτον
1776 4791 1893 4862 ἔχο-

332 4898 431 4951 μεν
459 4880 739 4951 ἀρχιερέα,
779 4879 837 4943 ὃς
876 4880 1130 4933 ἐκάθισεν
1161 4882 1220 4932 ἐν
1254 4880 1402 4951 δεξιᾷ
1433 4879 1525 4932 τοῦ
1570 4880 1757 4950 θρόνου
1791 4882 1893 4950 τῆς

334 4972 716 5042 μεγαλωσύνης
753 4973 810 5023 ἐν
839 4975 950 5035 τοῖς
986 4973 1249 5042 οὐρανοῖς,
1293 4971 1401 5023 τῶν
1432 4972 1601 5039 ἁγίων
1645 4972 1890 5041 λειτουρ-

332 5062 442 5128 γὸς,
482 5063 576 5115 καὶ
606 5063 703 5131 τῆς
731 5062 932 5131 σκηνῆς
961 5062 1061 5132 τῆς
1088 5062 1364 5133 ἀληθινῆς,
1395 5064 1462 5134 ἢν
1492 5061 1688 5131 ἔπηξεν
1717 5063 1745 5113 6
1777 5062 1890 5115 Κύ-

334 5169 466 5221 ριος,
508 5154 598 5204 καὶ
625 5153 723 5205 οὐκ
766 5152 1066 5223 ἄνθρωπος.
1092 5171 1109 5202 ι
1145 5154 1207 5205 Εἰ
1236 5154 1343 5216 πᾶς
1376 5155 1571 5222 ἱερεὺς,
1607 5153 1751 5206 καθά
1785 5171 1891 5223 φη-

331 5257 417 5295 σιν
447 5245 476 5295 6
523 5243 787 5315 μακάριος
817 5244 1045 5311 Παῦλος,
1072 5246 1150 5308 είς
1179 5244 1239 5297 τὸ
1282 5246 1610 5317 προσφέρειν
1640 5245 1789 5317 δῶρά
1830 5262 1891 5297 τε

404 5400 424 5429 ⁷
451 5397 609 5452 llcbr.
638 5416 676 5464 ι,
706 5401 755 5462 1,
787 5400 840 5452 2.
918 5401 940 5431 ⁸
962 5400 1103 5455 Psal.
1134 5415 1189 5465 ιι,
1220 5401 1274 5456 8.
1349 5402 1370 5434 '
1393 5400 1555 5455 Hebr.
1585 5417 1623 5466 ι,
1657 5400 1710 5467 5,
1742 5401 1794 5455 «ι.

1874 5401 1917 5432 ¹⁰
1940 5399 2104 5454 llebr.
2130 5415 2191 5466 ιι,
2221 5400 2308 5465 ll,
2341 5398 2429 5453 12.

2072 4809 2093 4843 ι
2128 4787 2429 4857 Capitulum
2467 4794 2643 4840 autem
2678 4799 2840 4854 super
2867 4798 2933 4838 ea
2968 4796 3088 4852 qua:
3121 4782 3371 4836 dicuntur
3404 4800 3419 4835 :
3454 4780 3557 4835 Ta-

1994 4882 2098 4937 iem
2142 4881 2404 4934 habemus
2452 4876 2785 4946 pontiﬁcem,
2829 4876 2919 4944 qui
2963 4874 3207 4929 consedit
3245 4874 3299 4928 in
3338 4873 3557 4927 dextera

1994 4976 2140 5029 sedis
2167 4971 2555 5041 magnitudinis
2582 4969 2636 5022 in
2667 4968 2843 5034 cwlis,
2870 4975 3181 5022 sanctorum
3214 4965 3479 5026 minister,
3507 4973 3562 5018 et

1994 5060 2323 5116 tabernaculi
2344 5060 2475 5125 veri,
2496 5061 2637 5129 quod
2658 5058 2771 5112 ﬁxit
2786 5058 3064 5122 Dominus,
3083 5066 3137 5111 et
3154 5070 3255 5109 non
3269 5053 3509 5108 homo“.
3536 5072 3554 5103 ι

1995 5151 2053 5206 Si
2080 5152 2229 5220 juxta
2259 5150 2398 5204 beati
2455 5148 2608 5202 Pauli
2654 5148 2954 5201 doctrinam
3000 5144 3177 5199 omnis
3204 5141 3458 5197 sacerdos
3493 5143 3559 5193 ad

1992 5243 2321 5299 oﬂerendum
2350 5244 2488 5298 dona
2536 5250 2591 5298 et
2643 5240 2911 5297 sacriﬁcia
2951 5239 3283 5305 assumitur,
3313 5251 3417 5293 non
3455 5234 3558 5291 sibi

2512 5399 2552 5432 “
2581 5397 2745 5456 llcbr.
2777 5413 2896 5465 Vill,
2935 5397 2988 5464 1,
3018 5395 3075 5453 2.

1382 5556 1552 5613 Varia:
1579 5555 1834 5612 lectiones
1861 5555 2064 5612 codicis
2100 5554 2462 5623 Seguieriani.

455 5690 746 5760 πεφηνότα.
823 5691 849 5731 b
884 5690 993 5745 ἐπί.
1039 5703 1058 5729 ε
1097 5692 1420 5763 εἰρημένοις.
