4000 6326
513 358 649 417 1311

1530 367 1590 422 S.
1630 365 1907 424 CYRILLI
1944 363 2407 423 ALEXANDRINI
2443 361 2760 421 ARCHIEP.

3611 356 3763 416 i312

513 471 670 527 litant
697 472 788 545 qui
821 474 887 528 ad
927 474 1220 532 sacerdotii
1264 474 1595 534 [unctionem
1644 479 2080 551 seliguntur,sed

2189 478 2275 532 καὶ
2320 477 2510 542 Θυσίας
2559 474 3079 549 παραλαμϐάνεται,
3129 472 3229 545 οὐχ
3276 472 3490 537 ἑαυτοῖς
3535 472 3760 529 τελοῦσι

512 565 647 630 Deo,
669 566 754 619 cui
794 567 864 619 ab
912 566 1163 622 universa
1205 582 1453 624 creatura
1497 571 1674 627 cultus
1703 572 2080 642 veneratioque

2189 570 2282 635 τὰς
2319 570 2576 643 λατρείας
2602 571 2651 623 οἱ
2680 567 3003 639 καλούμενοι
3030 566 3168 638 πρὸς
3199 564 3518 638 ἱερωσύνην,
3543 564 3665 635 Θεῷ
3689 566 3759 621 δὲ

512 654 845 709 debetur:at
872 656 963 726 qui
1017 657 1127 713 Deo
1162 660 1492 727 ministrant,
1522 679 1625 718 non
1675 664 1916 734 ejusdem
1960 679 2082 719 cum

511 746 623 802 Deo
650 748 858 804 ordinis
899 758 1080 815 erunt,
1113 767 1287 823 neque
1332 755 1558 824 gloriam
1588 758 1992 827 eamdem,quaa
2030 756 2082 811 in

511 839 685 908 ipsum
715 840 884 894 solum
902 844 1174 910 convenit,
1206 846 1539 913 sortientur;
1569 863 1738 917 ecquo
1766 864 1895 915 ergo
1926 849 2085 904 modo

510 930 777 999 Christus,
800 944 982 989 noster
997 936 1234 1006 pontifex
1257 938 1503 1003 effectus,
1525 941 1576 993 in
1600 941 1819 996 dextera
1838 941 1928 997 Dei
1950 943 2085 997 assi-

510 1019 620 1084 det,
649 1021 1324 1097 tbronumquemajestatis
1352 1031 1403 1083 in
1422 1032 1576 1085 cmlis
1604 1032 1833 1099 obtinet,
1866 1042 2085 1088 sancto-

511 1124 741 1182 rumque
767 1132 829 1171 ac
856 1120 1072 1186 superni
1094 1130 1147 1174 et
1177 1121 1289 1175 veri
1311 1120 1453 1175 illius
1471 1123 2083 1180 tabernaculisacerdos

510 1208 848 1286 constitutus
869 1222 951 1265 est
977 1227 991 1276 ;
1022 1222 1074 1264 et
1109 1211 1252 1269 Patri
1281 1223 1336 1267 et
1374 1214 1564 1285 sibipsi
1594 1232 1812 1286 quoque
1843 1218 2085 1270 onmium

510 1311 703 1365 preces
732 1283 1001 1357 oll‘erens?
1042 1304 1194 1358 Unus
1224 1306 1388 1375 igitur
1417 1283 1498 1363 est
1533 1283 1786 1363 Christus
1814 1308 2081 1374 etFilius,

513 1392 605 1457 qui
630 1392 843 1459 quidem
882 1404 939 1448 ut
976 1397 1206 1458 Deus.in
1234 1398 1538 1453 divinitatis
1574 1415 1684 1453 sua:
1717 1402 1911 1455 throno
1957 1416 2089 1455 con-

515 1481 691 1545 sidet;
723 1492 777 1534 nt
802 1501 932 1537 vero
963 1488 1141 1540 divina
1177 1486 1577 1555 dispensatione
1604 1489 1852 1544 humana:
1880 1500 2087 1543 naturae

513 1573 785 1640 particeps
816 1575 1057 1640 ellectus,
1085 1579 1315 1633 ministri
1356 1580 1731 1649 pontiﬁcisaue
1776 1581 1950 1640 Locum
1990 1598 2089 1636 no-

515 1680 747 1732 menque
772 1670 994 1721 sortitus
1035 1680 1137 1725 est.

590 1776 610 1810 ‹
639 1756 870 1829 Ideoque
892 1772 945 1815 et
977 1780 1075 1818 nos
1109 1772 1311 1820 tantam
1345 1765 1607 1820 habentes
1660 1766 1966 1834 impositam
1992 1782 2089 1820 nu-

2185 664 2403 736 μάλλον,
2501 662 2561 717 τὸ
2593 660 2745 731 παρά
2772 660 2952 729 πάσης
2987 658 3217 723 κτίσεως
3250 656 3525 728 ὀφείλεται
3550 658 3723 721 σέϐας
3742 676 3759 689 ο

2182 758 2211 811 6
2238 756 2294 809 δὲ
2336 755 2455 826 Θεῷ
2489 753 2840 827 λειτουργῶν,
2886 754 2987 807 οὐκ
3028 754 3088 806 ὲν
3133 752 3234 822 ῐσῳ
3279 750 3462 822 μέτρῳ
3508 750 3766 803 κείσεται

2183 847 2340 914 Θεοῦ,
2382 846 2506 901 οὔτε
2548 848 2652 918 μὴν
2682 846 2780 915 τὴν
2808 844 2957 916 αὐτῷ
2994 844 3090 898 καὶ
3120 844 3265 915 μόνῳ
3304 841 3625 911 πρέπουσαν
3654 857 3765 908 φο-

2187 938 2334 1010 ρέσει
2377 936 2555 1002 δόξαν.
2601 931 2735 987 Εἶτα
2762 934 2879 999 πῶς
2924 933 3213 1004 ἀρχιερεὺς
3258 931 3417 1002 ἡμῶν
3454 929 3701 998 γεγονὼς
3737 928 3769 978 ὁ

2185 1027 2439 1101 Χριστὸς,
2470 1028 2527 1079 ὲν
2557 1026 2709 1097 δεξιᾷ
2740 1026 2977 1096 κάθηται
3001 1023 3097 1077 τοῦ
3132 1021 3287 1086 Θεοῦ,
3316 1023 3413 1075 καὶ
3442 1021 3534 1075 τὸν
3567 1019 3770 1090 θρόνον

2186 1119 2301 1191 ἔχει
2340 1125 2442 1190 τῆς
2491 1117 2880 1191 μεγαλωσύνης
2928 1118 2985 1169 ὲν
3025 1117 3137 1179 τοῖς
3176 1115 3459 1186 οὐρανοῖς,
3505 1112 3606 1166 καὶ
3648 1109 3769 1163 τῶν

2188 1212 2355 1281 ἁγίων
2394 1210 2511 1264 ἐστὶ
2545 1210 2878 1281 λειτουργὸς,
2909 1210 3003 1262 καὶ
3034 1210 3132 1279 τῆς
3167 1207 3370 1279 σκηνῆς
3393 1206 3495 1278 τῆς
3520 1206 3637 1260 ἀνω
3664 1207 3772 1258 καὶ

2189 1303 2467 1375 ἀληθινῆς,
2495 1301 2671 1373 ἐαυτῷ
2705 1319 2763 1355 τε
2794 1302 2888 1355 καὶ
2915 1300 2992 1372 τῷ
3028 1300 3205 1372 Πατρὶ
3234 1299 3619 1370 προσκομίξων
3659 1298 3770 1357 τὰς

2188 1396 2339 1468 παρὰ
2381 1396 2598 1450 πάντων
2630 1394 2919 1464 λατρείας;
2962 1389 3057 1457 Εἷς
3094 1393 3201 1464 ἄρα
3230 1392 3346 1445 ἐστὶ
3392 1391 3632 1461 Χριστὸς
3669 1391 3775 1443 καὶ

2191 1489 2338 1553 Υἱὸς,
2374 1487 2683 1558 καθήμενος
2710 1486 2807 1556 μὲν
2835 1485 3031 1548 θεῖκῶς
3062 1488 3119 1538 ὲν
3153 1484 3232 1555 τῷ
3268 1484 3367 1555 τῆς
3397 1482 3531 1540 ίδίας
3571 1482 3777 1550 θεότη-

2189 1600 2281 1645 τος
2327 1581 2537 1651 θρόνῳ,
2569 1578 2989 1649 κεχρηματικὼς
3017 1578 3074 1630 δὲ
3110 1577 3286 1649 ξερεῦς
3323 1576 3416 1628 καὶ
3447 1573 3778 1645 λειτουργὸς

2190 1671 2548 1743 οἰκονομικῶς
2570 1670 2657 1724 διὰ
2683 1673 2746 1725 τὸ
2772 1669 3130 1740 ἀνθρώπινον.

2269 1785 2287 1818 t
2318 1764 2620 1835 Τοιγαροῦν
2654 1765 2748 1817 καὶ
2780 1766 2942 1834 ἡμεῖς
2984 1761 3239 1815 τοσοῦτον
3271 1758 3480 1830 ἔχοντες
3515 1756 3775 1827 περικεί-

513 1850 633 1903 bem
660 1852 901 1914 testium.
934 1856 1261 1925 deponentes
1292 1874 1466 1925 omne
1511 1859 1719 1926 pondus
1749 1869 1802 1913 et
1852 1860 2080 1914 circum-

2193 1874 2353 1929 μενον
2415 1858 2547 1927 ἡμῖν
2609 1856 2773 1924 νέφος
2843 1852 3163 1925 μαρτύρων,
3214 1852 3375 1919 ὖεγκον
3432 1849 3777 1918 ἀποθέμενοι

512 1952 662 1996 stans
714 1960 810 1998 nos
848 1957 1154 2013 peccatum,
1194 1963 1289 2016 per
1334 1949 1651 2018 patientiam
1705 1966 1989 2005 curramus
2020 1951 2088 2005 ad

513 2034 847 2099 propositum
872 2037 1027 2091 nobis
1057 2049 1354 2101 certamen,
1376 2040 1712 2109 aspicientes
1739 2040 1793 2101 in
1811 2051 2086 2099 auctorem

510 2118 635 2173 ﬁdei
696 2131 751 2174 et
815 2135 1305 2185 consummatorem
1381 2126 1563 2183 Jesum
1619 2129 1943 2194 Christum,
1995 2133 2084 2199 qui

509 2211 787 2277 proposito
820 2214 920 2265 sibi
963 2216 1159 2283 gaudio
1193 2217 1453 2271 sustinuit
1498 2234 1735 2283 crucem,
1768 2218 2088 2275 confusione

509 2311 841 2371 contempta,
871 2316 1032 2375 atque
1077 2309 1127 2361 in
1169 2312 1389 2363 dextera
1451 2311 1594 2365 sedis
1644 2309 1738 2365 Dei
1783 2313 1935 2366 sedet
1968 2312 2030 2366 ".
2064 2331 2082 2364 ι

510 2392 567 2446 Si
599 2392 851 2451 Christus
882 2408 961 2451 est
996 2409 1198 2454 tantum
1244 2402 1425 2469 homo,
1457 2412 1512 2457 et
1558 2418 1660 2455 non
1715 2403 1856 2457 Deus
1904 2414 2087 2459 nostra

506 2498 673 2540 carne
702 2501 828 2540 vere
860 2488 1101 2554 indutus,
1126 2493 1396 2561 quodnam
1458 2494 1710 2562 gaudium
1753 2496 1852 2564 ipsi
1890 2511 2087 2566 propo-

505 2577 669 2632 situm
700 2579 834 2633 dicit
858 2587 1269 2654 santqnumodo
1292 2584 1356 2637 ad
1389 2586 1583 2639 divinae
1599 2586 2088 2656 majestatisdexte—

507 2683 621 2723 ram
656 2674 935 2731 consedit?
958 2674 1118 2743 Atqui
1153 2678 1403 2745 gaudium
1428 2685 1544 2732 erat
1576 2680 1649 2732 illi
1688 2681 2023 2750 prepositum
2055 2697 2071 2734 :

504 2763 769 2833 siquidem
795 2780 1049 2835 suprema
1088 2770 1161 2822 illi
1196 2779 1386 2823 natura
1451 2771 1501 2823 in
1566 2773 1843 2839 perpetuis
1879 2773 2087 2827 deliciis

507 2862 679 2925 tsque
697 2866 973 2912 versatur:
1001 2868 1052 2913 et
1085 2863 1494 2928 corpore,quod
1526 2861 1770 2929 cruciﬁgi
1801 2862 1958 2932 112
1984 2877 2084 2931 po-

510 2959 668 3015 terat,
695 2963 992 3019 assumpto,
1024 2968 1242 3008 crucem
1269 2954 1546 3019 sustinuit,
1569 2956 1854 3022 crucisque
1878 2940 2084 3023 suppli-

507 3040 648 3097 rium
685 3058 993 3113 perpessus,
1022 3047 1127 3101 Deo
1146 3057 1196 3099 et
1228 3047 1375 3101 Patri
1426 3048 1644 3101 dextera
1682 3048 1900 3101 assedit.
1937 3048 2085 3104 Unus

507 3134 732 3203 proinde
784 3138 1045 3193 Dominus
1089 3138 1248 3193 Jesns
1297 3139 1567 3202 Christus.
1607 3140 1902 3195 crucifixus
1960 3140 2079 3210 qui-

2190 1952 2365 2007 πάντα
2416 1951 2513 2006 καὶ
2555 1950 2651 2021 τὴν
2684 1948 3070 2019 εὐπερίστατον
3116 1944 3412 2015 ἁμαρτίαν,
3454 1943 3520 1995 δι’
3552 1944 3778 2012 ὑπομο-

2188 2042 2284 2112 νῆς
2328 2042 2612 2113 τρέχωμεν
2646 2038 2735 2092 τὸν
2769 2036 3127 2108 προκείμενον
3176 2037 3307 2105 ἡμῖν
3370 2034 3598 2102 ἀγῶναν
3659 2036 3783 2101 ἀφ·

2188 2132 2419 2201 ορῶντες
2450 2134 2530 2195 εἰς
2562 2131 2653 2184 τὸν
2670 2131 2770 2200 τῆς
2795 2130 3031 2191 πίστεως
3065 2126 3308 2197 ἀρχηγὸν
3338 2127 3430 2178 καὶ
3471 2125 3780 2197 τελειωτὴν

2201 2224 2408 2293 Ἰησοῦν
2458 2222 2724 2294 Χριστόν·
2765 2221 2823 2281 ὃς
2875 2221 2995 2273 ἀντὶ
3042 2219 3143 2288 τῆς
3193 2218 3565 2289 προκειμένης
3620 2219 3779 2288 αὖτῷ

2188 2320 2363 2388 χαράς
2413 2317 2675 2386 ὑπέμεινε
2717 2314 2966 2386 σταυρὸν,
3005 2312 3267 2383 αἰσχύνης
3312 2316 3774 2381 καταφρονήσας,

2190 2413 2284 2465 καὶ
2322 2412 2381 2464 ἐν
2411 2408 2562 2480 δεξιᾷ
2614 2409 2707 2463 τοῦ
2744 2408 2933 2479 θρόνου
2970 2405 3067 2459 τοῦ
3115 2404 3250 2459 Θεοῦ
3296 2404 3615 2459 κεκάθικεν.
3643 2424 3663 2455 ι
3714 2407 3775 2457 Εἰ

2189 2502 2366 2565 κοινὸς
2398 2502 2682 2573 ἄνθρωπος
2706 2502 2735 2554 6
2767 2498 3021 2571 Χριστὸς,
3058 2498 3152 2551 καὶ
3182 2498 3242 2550 ού
3273 2497 3404 2559 Θεὸς
3434 2495 3682 2565 άληθῶς.
3719 2498 3777 2547 ἐν

2191 2595 2355 2666 σαρκί
2397 2611 2457 2648 τε
2508 2592 2628 2647 καθ’
2654 2593 2835 2663 ἡμᾶς,
2873 2590 3035 2644 ποίαν
3069 2590 3217 2661 αὐτῷ
3268 2588 3594 2660 προκεῖσθαί
3638 2604 3777 2656 φησι

2187 2686 2287 2756 τὴν
2330 2683 2609 2755 χαράνςῆ
2653 2682 2771 2746 πῶς
2813 2682 3107 2736 κεκάθικεν
3146 2682 3205 2733 ὲν
3244 2680 3393 2750 δεξιᾷ
3434 2678 3529 2731 τοῦ
3574 2677 3778 2748 θρόνου

2186 2778 2279 2831 τοῦ
2314 2778 2483 2843 Geo-3;
2520 2774 2682 2829 Ἀλλά
2716 2775 2822 2847 μὴν
2862 2774 3152 2845 προῦκειτό
3185 2791 3245 2826 τε
3275 2771 3423 2843 αὐτῷ
3451 2771 3596 2842 χαρά
3656 2770 3778 2840 (καὶ

2186 2872 2294 2942 γάρ
2340 2872 2487 2923 ἐστιν
2548 2869 2607 2921 ἐν
2654 2867 3054 2937 ἀκαταλήκτοις
3096 2862 3386 2936 θυμηδίαις
3422 2865 3456 2932 ἡ
3502 2862 3776 2915 ἀνωτάτω

2187 2960 2391 3033 φύσις),
2420 2961 2678 3031 ὑπέμεινε
2706 2960 2763 3013 δὲ
2799 2958 3051 3030 σταυρὸν,
3082 2956 3144 3010 τὸ
3186 2954 3563 3026 σταυρωθῆναι
3605 2953 3771 3006 δυνά-

2189 3068 2346 3122 μενον
2384 3050 2511 3102 ῑδιον
2549 3048 2913 3120 ποιησάμενος
2960 3046 3147 3116 σῶμαο
3179 3044 3271 3098 καὶ
3298 3042 3465 3105 αὐτὸς
3492 3043 3524 3093 6
3569 3043 3771 3094 ἐσταυ-

2190 3143 2433 3214 ρωμένος
2474 3142 2764 3196 κεκάθικεν
2793 3144 2853 3192 ὲν
2889 3138 3039 3209 δεξιᾷ
3064 3137 3157 3191 τοῦ
3195 3134 3331 3190 Θεοῦ
3362 3135 3456 3189 καὶ
3498 3133 3726 3206 Πατρός
3748 3175 3765 3190 .

507 3227 628 3279 dem
698 3238 756 3281 ut
832 3230 1016 3292 homo,
1084 3245 1204 3284 cum
1283 3228 1446 3295 Patre
1522 3246 1651 3284 vero
1719 3245 1951 3301 regnans
2025 3240 2080 3287 ul

2332 3234 2439 3303 ἄρα
2486 3234 2691 3305 Κύριος
2727 3232 2937 3302 Ἰησοῦς
2977 3230 3242 3301 Χριστὸς,
3292 3226 3631 3298 σταυρωθεὶς
3677 3227 3777 3297 μὲν

509 3316 673 3372 Deus.

829 3431 982 3497 Quod
1022 3449 1155 3485 unus
1200 3431 1461 3497 Filiusct
1504 3433 1778 3494 Dentium.

743 3539 829 3598 Ea:
869 3544 1153 3614 Evangelia
1192 3549 1478 3601 secundum
1522 3545 1855 3602 Matt/imum.

580 3673 606 3708 σ
638 3652 831 3715 Omnia
864 3658 993 3712 mihi
1025 3659 1217 3713 tradita
1252 3670 1375 3715 sunt
1402 3677 1430 3714 a
1459 3659 1622 3714 Patre
1653 3676 1772 3715 meo
1799 3680 1813 3716 :
1844 3670 1899 3717 et
1928 3677 2111 3717 nemo.

509 3750 658 3803 novit
687 3728 908 3815 Eilium.
936 3751 1035 3803 nisi
1065 3751 1225 3805 Pater
1254 3770 1266 3804 :
1299 3768 1472 3816 neque
1504 3751 1718 3807 Patrem
1750 3754 1872 3824 quis
1902 3756 2082 3818 novit,

506 3837 610 3890 nisi
636 3834 823 3902 Filius,
849 3847 903 3891 et
930 3839 1013 3892 cui
1037 3839 1268 3894 voluerit
1295 3839 1463 3895 Filius
1495 3842 1755 3898 revelare.
1788 3862 1805 3891 ι
1838 3842 1897 3898 Si
1926 3859 2084 3900 nemo

505 3925 701 3983 Filium
739 3928 919 3996 novit,
957 3931 1060 3985 nisi
1098 3930 1245 3986 solus
1280 3932 1478 3998 Pater;
1518 3936 1788 4003 quomodo
1825 3946 1953 3989 sunt
1992 3939 2082 4006 qui

506 4018 686 4078 Patris
716 4022 1083 4076 testimonium
1114 4024 1275 4078 veluti
1310 4025 1582 4079 inﬁrmum
1617 4025 1943 4094 rcpudiant?
1974 4027 2080 4083 Os-

506 4112 677 4166 tendit
718 4113 977 4171 is,autem
1020 4114 1215 4169 Filium
1257 4133 1413 4170 stmm
1457 4119 1509 4171 itt
1546 4117 1783 4173 Jordane
1818 4119 1920 4173 hac
1954 4137 2080 4175 ora-

505 4204 653 4258 tione
690 4220 706 4257 :
750 4222 773 4255 ι
812 4205 939 4269 llic,
978 4207 1182 4276 inquit,
1219 4221 1303 4263 est
1339 4208 1507 4265 Filius
1542 4226 1694 4264 mens
1731 4211 1990 4277 dilectus,
2028 4214 2078 4266 in

502 4310 610 4363 quo
652 4297 781 4359 mihi
826 4299 964 4353 bene
1007 4301 1399 4372 complacui”.
1449 4320 1468 4353 ι
1516 4302 1678 4371 Atqui
1722 4320 1827 4357 non
1874 4305 2076 4358 nudum

503 4388 741 4443 Verbum
784 4392 852 4444 oh
895 4393 1083 4448 oculos
1128 4393 1282 4447 nobis
1326 4397 1536 4463 posuit,
1580 4395 1672 4449 sed
1718 4394 2077 4451 incarnatuin.

500 4478 686 4552 Neque
713 4481 847 4536 dixit
880 4501 892 4537 :
924 4483 977 4537 In
1013 4484 1113 4538 hoc
1144 4494 1226 4537 est
1259 4484 1428 4539 Filius
1459 4502 1611 4540 nieus
1642 4486 1901 4553 dilectus;
1932 4490 2025 4542 sed
2060 4508 2073 4542 :

2190 3330 2567 3400 ἀνθρωπίνως,
2596 3326 2928 3397 συνεδρεύων
2954 3323 3011 3376 δὲ
3042 3322 3236 3384 θεῖκῶς
3263 3320 3341 3391 τῷ
3371 3320 3570 3389 Πατρί.

2566 3441 2687 3493 Ὅτι
2714 3434 2802 3503 εἷς
2838 3437 2969 3501 Υἱὸς
3003 3436 3100 3490 καὶ
3144 3437 3381 3504 Κύριος.

2578 3554 2679 3606 Ἐκ
2720 3551 2826 3605 τοῦ
2865 3548 3018 3604 κατά
3050 3547 3372 3603 ὒιατθαῑον.

2265 3685 2284 3718 ι
2328 3666 2510 3719 Πάντα
2544 3681 2634 3735 μοι
2663 3661 2935 3735 παρεδόθη
2977 3660 3083 3714 ὑπὸ
3108 3658 3203 3712 τοῦ
3236 3658 3450 3729 Πατρός
3486 3675 3597 3728 μου
3621 3673 3642 3690 ⁸
3682 3659 3780 3711 καὶ

2186 3760 2360 3822 οὐδεὶς
2391 3756 2776 3827 γινώσκειοτὸν
2812 3754 2958 3818 Υἱὸν,
2993 3754 3041 3806 εί
3073 3752 3147 3823 μὴ
3178 3753 3206 3804 6
3235 3751 3425 3820 Πατήρ
3446 3767 3459 3780 ·
3496 3751 3623 3803 οὐδὲ
3672 3751 3765 3802 τὸν

2187 3849 2405 3918 Πατέρα
2435 3865 2519 3910 τις
2542 3844 2824 3914 γινώσκει,
2853 3844 2901 3896 εἰ
2935 3843 3009 3915 μὴ
3040 3843 3068 3894 6
3094 3840 3243 3905 Υἱὸς,
3274 3842 3370 3895 καὶ
3393 3833 3439 3907 ᾧ
3478 3840 3548 3894 ἂν
3577 3840 3779 3911 βούλη-

2184 3960 2273 3995 ται
2306 3943 2334 3995 6
2373 3941 2502 4001 Υἱὸς
2544 3938 2912 4006 ἀποκαλύψαι.
2954 3954 2973 3988 ι
3009 3935 3232 3998 Οὐδενὸς
3281 3932 3653 4001 γινώσκοντος
3685 3934 3781 3986 τόν

2184 4032 2333 4097 Υίὸν,
2366 4033 2411 4083 εἰ
2446 4030 2520 4101 μὴ
2562 4029 2726 4099 μόνον
2759 4027 2854 4082 τοῦ
2892 4026 3127 4098 Πατρὸς,
3174 4025 3291 4088 πῶς
3322 4024 3579 4078 ἀθετοῦσί
3624 4044 3776 4089 τινες

2183 4126 2282 4194 τὴν
2304 4119 3016 4192 ,τοῦίΠατρὸςκμαρτυρίανς
3063 4116 3340 4183 ’Υπὲδειξε
3366 4115 3475 4187 γάρ
3511 4116 3607 4170 τὸν
3642 4118 3777 4170 ἴδιον

2183 4214 2313 4266 Υἱὸν
2366 4214 2423 4264 ὲν
2454 4210 2531 4281 τῷ
2576 4210 2841 4282 Ἰορδάνῃ,
2871 4208 3044 4277 λέγων
3066 4224 3081 4240 ’
3114 4226 3133 4259 ι
3169 4202 3339 4270 Οὗτός
3371 4207 3522 4260 ἐστιν
3572 4210 3602 4261 6
3645 4209 3775 4273 Υἱός

2184 4323 2284 4375 μου
2317 4306 2345 4358 6
2375 4302 2678 4372 ἀγαπητὸς,
2718 4303 2776 4352 ὲν
2805 4293 2849 4368 ᾧ
2895 4300 3193 4370 ηὑδόκησα.
3227 4318 3245 4350 ι
3299 4298 3441 4352 Ἀλλ’
3462 4300 3525 4352 ού
3557 4302 3775 4372 γυμνὸν

2181 4397 2316 4465 ἡμῖν
2346 4390 2635 4463 παρέδειξε
2660 4392 2750 4445 τὸν
2775 4392 2913 4444 ίδιον,
2926 4391 3118 4459 Λόγον,
3144 4390 3258 4444 ἀλλ’
3282 4390 3552 4445 ἑνωθέντα
3577 4395 3772 4464 σαρκί.

2181 4486 2291 4539 Καὶ
2342 4486 2442 4537 οὐκ
2488 4482 2732 4554 εἴρηκεν,
2761 4483 2842 4535 ὅτι
2875 4482 2967 4534 Ἑν
3000 4481 3173 4553 τούτῳ
3206 4483 3352 4535 ἐστὶν
3374 4484 3423 4548 l6
3457 4482 3592 4545 Υἱός
3623 4502 3733 4555 μου
3757 4525 3771 4548 ,

499 4569 624 4638 Hic,
649 4589 807 4642 quem
837 4589 1019 4628 coram
1048 4576 1271 4630 cernitis
1300 4575 1349 4629 iu
1378 4591 1564 4645 carne,
1592 4588 1674 4637 est
1707 4578 1873 4633 Filius
1905 4595 2075 4641 meus.

2189 4575 2321 4641 ἀλλ’,
2363 4594 2380 4626 ι
2418 4550 2791 4638 Οὗτός-ἐστιν,
2829 4574 2905 4633 »,ὁ
2935 4572 3079 4643 μετὰ,
3122 4550 3345 4644 σαρκός.
3377 4568 3472 4636 Εἷς
3506 4550 3636 4643 ἄρα-
3675 4579 3775 4630 καὶ

502 4659 652 4719 Unus
684 4664 863 4735 itaque
895 4676 976 4721 est
1008 4665 1268 4720 Dominus
1298 4676 1351 4721 et
1382 4664 1571 4723 Filius.

759 4778 855 4832 Ex.
880 4780 1164 4851 Evangelia
1199 4784 1484 4847 secundum
1511 4783 1795 4842 Joannem.

573 4908 595 4941 ι
630 4888 760 4945 Erat
793 4890 884 4945 lux
913 4906 1060 4956 vera,
1093 4909 1211 4963 quae
1245 4894 1514 4948 illuminat
1547 4910 1761 4950 omnem
1797 4895 2070 4952 hominem

493 4982 804 5040 venientem
854 4984 907 5038 in
961 4986 1104 5041 hunc
1151 4988 1431 5041 mundum.
1478 4986 1535 5041 lu
1589 4988 1789 5043 mundo
1833 4997 2074 5061 erat,'et

494 5079 728 5131 mundus
763 5093 860 5148 per
893 5077 1066 5147 ipsum
1104 5079 1276 5134 factus
1306 5088 1410 5143 est,
1446 5088 1504 5134 et
1537 5081 1767 5135 mundus
1801 5094 1925 5135 eum
1963 5095 2071 5136 non

492 5170 763 5235 cognovit.
803 5170 859 5224 ln
895 5170 1109 5241 propria
1143 5172 1309 5237 venit,
1341 5183 1396 5227 et
1431 5173 1514 5226 sui
1549 5188 1672 5227 eum
1705 5188 1810 5228 non
1848 5188 2070 5243 recepe-

496 5274 622 5314 runt
652 5263 667 5293 ι
700 5301 713 5314 .
739 5281 758 5314 ι
789 5262 929 5319 Ecce
963 5275 1219 5321 accurate
1239 5268 1306 5322 de
1328 5267 1523 5321 divinis
1556 5267 1849 5330 disserens,
1885 5274 1944 5322 et
1974 5281 2070 5336 per

493 5351 665 5403 lucem
691 5367 873 5407 veram
902 5353 1190 5410 illuminari
1216 5370 1429 5411 omnem
1458 5356 1734 5413 hominem
1759 5357 2063 5412 venientem

492 5441 544 5495 in
571 5442 711 5497 hunc
735 5447 987 5499 mundum
1012 5444 1305 5513 aﬂirmans,
1330 5448 1610 5517 ipsumque
1628 5462 1767 5513 esse,
1791 5463 1887 5519 per
1904 5463 2063 5517 quem

495 5536 725 5589 mundus
756 5545 839 5589 est
867 5538 1135 5602 conditus,
1184 5540 1327 5593 hunc
1354 5541 1601 5594 eumdem
1632 5540 1686 5593 in
1718 5540 1935 5610 propria
1966 5555 2059 5594 ve-

494 5625 638 5681 nisse
668 5629 941 5696 pranlicat.
965 5628 1121 5686 Venit
1151 5641 1329 5686 autem
1360 5630 1680 5701 Unigenitus
1706 5632 1880 5687 factus
1906 5630 2065 5685 homo

568 5786 610 5817 "
632 5784 797 5841 Hebr.
828 5798 927 5854 χιι,
966 5787 1011 5853 l,
1040 5787 1094 5842 Ξ.
1174 5788 1215 5819 ¹³
1241 5788 1435 5844 Matth.
1468 5804 1549 5857 xr,
1575 5787 1665 5844 ΞΤ.

2182 4668 2386 4739 Κύριος
2417 4665 2509 4720 καὶ
2537 4666 2686 4731 Υἱός.

2392 4781 2487 4833 Ἐκ
2524 4779 2627 4833 τοῦ
2654 4776 2807 4832 κατὰ
2848 4777 3123 4844 Ἰωάννην
3156 4778 3547 4847 Etiam-sliat).

2254 4888 2415 4949 e'Hv
2456 4891 2519 4945 τὸ
2547 4891 2663 4961 φῶς
2694 4890 2755 4945 τὸ
2798 4890 3070 4959 ἀληθινὸν,
3114 4888 3144 4943 ὃ
3173 4888 3397 4959 φωτίζει
3438 4892 3626 4944 πάντα
3672 4896 3771 4949 ἄν-

2177 4988 2393 5060 θρωπον
2429 4986 2724 5058 ἐρχόμενον
2751 4986 2831 5048 εἰς
2850 4985 2943 5037 τὸν
2966 4984 3190 5055 κόσμον.
3232 4986 3320 5037 Ἐν
3344 4983 3421 5055 τῷ
3447 4985 3652 5056 κόσμῳ
3673 4983 3768 5058 ἦν,

2176 5081 2271 5134 καὶ
2298 5082 2325 5133 ὁ
2350 5078 2551 5150 κόσμος
2572 5078 2641 5131 δι’,
2667 5076 2832 5147 αύτοῦ
2876 5076 3112 5145 ἐγένετο.
3137 5076 3231 5130 καὶ
3270 5078 3300 5130 6
3343 5077 3546 5146 κόσμος
3586 5080 3771 5133 αὑτὸν

2175 5172 2275 5226 οὐκ
2302 5170 2462 5238 ἔγνω.
2488 5170 2582 5233 Εἰς
2601 5169 2668 5223 τά
2693 5169 2799 5222 ἴδια
2819 5164 2973 5239 ἦλθε,
2994 5169 3151 5227 καὶοὶ
3173 5168 3294 5221 ἴδιοι
3320 5168 3481 5221 αὐτὸν
3509 5168 3571 5221 ού
3605 5186 3768 5242 πάρ-

2177 5265 2385 5319 έλαϐον.
2422 5282 2443 5316 ι
2502 5263 2843 5332 Θεολογήσας
2866 5262 3202 5333 ἀρκούντως,
3226 5261 3316 5315 καὶ
3336 5260 3424 5314 διά
3450 5260 3546 5313 τοῦ
3572 5264 3768 5331 φωτὸς

2172 5354 2267 5409 τοῦ
2297 5352 2551 5425 ἀληθινοῦ
2574 5352 2913 5422 πεφωτίσθαι
2942 5352 3121 5406 πάντα
3152 5352 3433 5422 ἄνθρωπον
3454 5352 3767 5423 ἐρχόμενον

2174 5450 2254 5511 εἰς
2281 5446 2373 5500 τὸν
2419 5445 2623 5515 κόσμον
2647 5444 2836 5507 εἰπὼν,
2871 5444 2967 5497 καὶ
2994 5444 3060 5496 δι’
3105 5442 3268 5496 αὑτοῦ
3307 5442 3467 5497 αὐτὸν
3516 5446 3761 5517 πεποιῆ-

2176 5536 2299 5589 σθαι
2351 5534 2444 5588 τὸν
2469 5534 2693 5605 κόσμον,
2731 5536 2809 5597 εἰς
2859 5536 2927 5587 τὰ
2976 5533 3082 5587 ἴδιά
3120 5552 3283 5604 φησιν
3330 5532 3493 5586 αὐτὸν
3548 5533 3755 5589 ἐλθεῖν.

2172 5624 2345 5681 Ἦλθε
2380 5627 2439 5681 δὲ
2476 5626 2713 5696 γεγονὼς
2754 5626 3039 5698 ἄνθρωπος
3082 5629 3110 5680 ὁ
3154 5623 3461 5696 Μονογενὴς
3496 5624 3571 5687 ὡς
3616 5626 3762 5697 πρὸς

1748 5790 1788 5820 ¹δ
1816 5787 2005 5845 Matth.
2032 5787 2083 5851 5,
2117 5786 2197 5841 l7.
2281 5787 2320 5819 ’⁵
2341 5785 2495 5841 Juan.
2536 5803 2573 5851 ι,
2599 5788 2649 5853 9,
2691 5788 2771 5840 l0.
