4000 6326
298 422 437 481 1515

1384 426 1471 481 DE
1508 424 1735 481 RECTA
1776 424 1932 481 FIDE
1968 426 2058 482 AD
2098 426 2416 483 REGINAS.

3416 436 3555 492 1514

300 542 483 603 ἰδίους,
536 542 631 595 καὶ
688 545 794 614 πρό
855 562 912 614 γε
974 545 1081 599 τῶν
1138 542 1310 598 ἄλλων
1348 543 1473 605 τοὺς
1526 541 1585 609 ἐξ
1639 542 1870 613 αἵματος

1983 552 2233 613 tanquam
2266 544 2333 597 ad
2362 559 2514 612 suos,
2542 554 2596 600 et
2626 547 2895 616 praecipue.
2926 548 2991 601 ad
3026 549 3304 605 lsraelitici
3336 557 3553 623 sangui-

309 632 546 705 Ἰσραήλ.
581 635 709 687 Ὀτε
744 635 923 690 τοίνυν
947 637 1107 699 αὑτός
1133 637 1249 688 ἐστι
1281 635 1342 687 τὸ
1365 634 1478 702 φῶς
1508 634 1570 687 τὸ
1593 634 1870 706 ἀληθινὸν,

298 723 328 775 ό
362 722 429 775 δι’
457 718 518 777 οὗ
549 724 615 778 τὰ
665 726 840 779 πάντα
882 727 999 798 (κα)⁸
1031 726 1191 788 αὐτός
1234 725 1381 777 ἐστιν
1428 725 1455 776 ὁ
1491 724 1632 795 μετὰ
1672 724 1874 796 σαρκὸς

293 813 465 867 ἐλθὼν
502 818 581 879 είς
618 818 689 869 τὰ
719 815 854 870 ἴδια·
884 819 1001 881 πῶς
1044 818 1143 870 οὐκ
1175 817 1469 884 ἀναγκαῖον
1512 815 1607 868 ἕνα
1638 815 1873 885 Χριστὸν

296 910 387 961 καὶ
422 906 548 961 Υἱον
577 908 860 979 ὁμολογεῖν
883 925 897 972 ;

373 1019 390 1051 ι
442 1003 553 1055 Καὶ
593 1002 816 1069 όΛόγος
863 998 1000 1068 σὰρξ
1051 1000 1289 1069 ἐγένετο,
1331 998 1428 1052 καὶ
1471 999 1779 1069 ἐσκήνωσεν
1816 1000 1872 1051 ἐν

301 1096 454 1165 ἡμῖν,
501 1095 593 1148 καὶ
626 1093 971 1165 ἐθεασάμεθα
1006 1093 1105 1165 τὴν
1158 1092 1314 1157 δόξαν
1366 1090 1553 1155 αὐτοῦ,
1595 1090 1752 1156 δόξαν
1797 1091 1872 1155 ώς

301 1185 638 1254 Μονογενοῦς
667 1184 815 1257 παρὰ
853 1184 1091 1256 Πατρός)
1127 1184 1338 1255 πλήρης
1364 1184 1588 1255 χάριτος
1614 1184 1707 1237 καὶ
1740 1183 1873 1254 ἀλη-

296 1275 463 1339 θείας.
505 1296 523 1328 ι
564 1277 625 1329 Εἰ
656 1276 848 1345 γέγονε
879 1276 1015 1347 σὰρξ
1037 1276 1065 1328 ό
1095 1277 1286 1345 Λόγος,
1310 1276 1555 1329 τουτέστι
1578 1274 1870 1345 παραπλη-

297 1370 426 1431 σίως
455 1368 587 1437 ἡμῖν
630 1368 891 1438 μετέσχεν
929 1368 1162 1438 αἵματος
1190 1369 1283 1421 καὶ
1332 1368 1553 1440 σαρκὸς,
1583 1368 1675 1420 καὶ
1710 1370 1874 1439 σπέρ-

298 1477 467 1529 ματος
499 1460 746 1531 Ἀϐραὰμ
770 1458 1094 1523 ἐπελάϐετο,
1118 1460 1205 1513 ἵνα
1227 1458 1368 1513 κατὰ
1394 1459 1573 1514 πάντα
1595 1462 1707 1523 τοῖς
1729 1460 1874 1513 ἀδελ-

297 1555 415 1621 φοῖς
458 1552 696 1623 όμοιωθῇ
719 1567 732 1580 ·
767 1552 884 1615 πῶς
918 1551 983 1605 ἂν
1029 1552 1321 1605 ἐνδοιάσειέ
1351 1569 1437 1616 τις
1482 1551 1565 1605 ὅτι
1596 1552 1874 1622 μεμένηκε

294 1644 487 1713 Λόγος,
515 1643 610 1696 καὶ
645 1644 782 1720 σὰρξ
813 1642 1085 1712 γεγονώς;
1120 1645 1423 1715 Ἀτρεπτος
1444 1643 1555 1716 γὰρ
1578 1645 1613 1713 ἡ
1641 1645 1734 1697 τοῦ
1769 1644 1873 1697 Λό-

294 1753 391 1804 γου
422 1736 605 1803 φύσις.
635 1738 745 1789 Καὶ
780 1736 827 1788 εί
860 1735 1269 1807 κεχρημάτικεν
1300 1734 1456 1806 ἡμῶν
1485 1736 1732 1804 ἀδελφὸς,
1759 1735 1875 1799 πῶς

294 1828 632 1895 Μονογενοῦς
664 1827 775 1898 ἔχει
812 1828 1004 1894 δόξαν;
1042 1828 1250 1881 Οὐκοῦν
1272 1826 1373 1881 κᾶν
1410 1828 1458 1881 εἰ
1490 1827 1680 1897 γέγονε
1717 1827 1872 1897 σὰρξ,

1974 636 2060 691 nis
2101 635 2364 691 homines.
2402 637 2539 693 Cum
2584 654 2711 708 ergo
2754 641 2867 708 ipse
2906 645 2977 695 sit
3020 641 3108 695 lux
3150 642 3238 698 illa
3274 659 3423 712 vera,
3459 661 3554 714 per

1974 742 2132 796 quem
2155 729 2334 782 omnia
2362 739 2485 783 sunt
2508 732 2723 783 condita
2745 748 2759 798 ;
2785 749 3016 802 cumque
3043 734 3131 788 ille
3155 736 3246 798 sit,
3270 738 3361 805 qui
3391 752 3557 790 carne

1975 817 2193 871 indutus
2219 819 2368 872 vettit
2399 820 2450 872 in
2484 824 2698 890 propria
2732 840 2746 877 :
2777 826 3045 891 quomodo
3072 841 3411 896 consequens
3446 842 3551 881 non

1973 918 2087 971 est,
2116 916 2173 961 ut
2202 924 2364 962 unum
2395 909 2669 965 Christum
2704 927 2753 968 et
2790 913 2989 968 Filium
3019 916 3414 971 couliteamur?

2051 1018 2068 1050 ι
2109 999 2171 1053 Et
2190 998 2424 1053 Verbum
2454 1017 2581 1056 caro
2607 1005 2813 1058 factum
2846 1016 2958 1069 est,
2989 1017 3042 1060 et
3071 1007 3339 1061 habitavit
3372 1008 3423 1061 iu
3455 1024 3556 1063 no-

1975 1092 2081 1159 bis,
2112 1103 2164 1146 et
2188 1094 2421 1148 vidimus
2441 1096 2663 1163 gloriam
2684 1096 2823 1162 ejus,
2849 1099 3073 1164 gloriam
3102 1100 3254 1169 quasi
3290 1097 3554 1169 Unigeuili

1975 1202 2005 1239 a
2041 1184 2224 1251 Patre,
2272 1187 2485 1255 plenum
2519 1189 2706 1254 gratiae
2740 1199 2794 1241 et
2825 1189 3066 1243 veritatis
3092 1188 3154 1241 ".
3180 1208 3198 1241 ι
3238 1190 3293 1243 Si
3322 1188 3556 1243 Verbum

1977 1280 2173 1331 factum
2210 1288 2295 1333 est
2330 1295 2477 1343 caro,
2510 1281 2777 1349 cara-iique
2808 1294 2863 1336 et
2895 1282 3144 1352 sanguini
3176 1298 3328 1349 teque
3362 1296 3424 1335 ac
3459 1296 3558 1335 nos

1975 1371 2416 1431 ς‹›ιιιιιιιιιιίι·;ιγῑι,
2460 1372 2615 1441 113
2658 1388 2721 1427 ac
2760 1389 2945 1427 semen
2983 1375 3214 1428 Abralue
3254 1373 3557 1443 apprehen-

1976 1462 2074 1521 dit,
2108 1476 2213 1529 quo
2251 1462 2506 1516 nimirum
2548 1481 2640 1531 per
2674 1468 2856 1519 omnia
2895 1466 3156 1522 fratribus
3192 1467 3305 1521 suis
3340 1466 3557 1521 assimi-

1976 1549 2182 1604 laretur
2206 1553 2247 1582 ¹⁷
2271 1593 2285 1616 ,
2320 1553 2440 1621 quis
2474 1554 2683 1608 dubitet
2726 1555 2855 1623 quin
2925 1556 2975 1609 id
3015 1556 3174 1624 plane
3206 1556 3563 1624 permanserit

1975 1644 2117 1711 quod
2147 1654 2290 1704 erat,
2326 1645 2538 1698 etiamsi
2573 1662 2698 1699 caro
2730 1647 2929 1701 factum
2964 1648 3068 1702 sit?
3098 1648 3373 1718 Siquidem
3408 1648 3552 1703 nulla

1978 1737 2029 1790 iu
2053 1736 2209 1791 Verbi
2241 1749 2492 1790 naturam
2522 1738 2716 1791 radere
2742 1748 2920 1807 potest
2944 1741 3201 1794 mutatio.
3223 1740 3308 1803 Et,
3333 1742 3374 1793 si
3396 1739 3562 1794 frater

1979 1840 2162 1881 noster
2187 1840 2289 1891 est,
2320 1831 2593 1896 quoiuodo
2619 1826 2894 1899 Unigenili
2927 1832 3154 1901 gloriam
3188 1832 3386 1886 habet?
3418 1831 3562 1887 Sane

292 1920 444 1972 οὐδὲν
474 1916 636 1991 ἧττόν
670 1922 786 1973 ἐστι
821 1918 953 1983 Θεός
972 1937 986 1953 ·
1017 1920 1111 1973 καὶ
1134 1919 1445 1991 Μονογενὴς
1479 1921 1576 1991 μέν
1619 1919 1694 1984 ὼς
1722 1920 1875 1985 Θεὸς,

1983 1919 2102 1973 licet
2144 1919 2340 1972 factum
2384 1922 2455 1973 sit
2494 1936 2645 1984 caro,
2683 1919 2824 1976 Deus
2860 1933 3036 1977 tamen
3074 1939 3192 1978 esse
3233 1939 3337 1977 uon
3380 1923 3558 1978 desiit.

296 2011 637 2084 πρωτότοκος
665 2011 721 2064 δέ
750 2011 838 2066 διὰ
864 2012 953 2065 τὸν
984 2010 1326 2084 ἀνθρώπινον
1352 2013 1607 2082 σταυρόν.

375 2186 630 2259 Ἰωάννης
658 2190 929 2261 μαρτυρεῖ
970 2190 1101 2261 περὶ
1148 2190 1336 2254 αὐτοῦ,
1379 2190 1475 2244 καὶ
1518 2190 1761 2262 κέκραγε
1789 2190 1876 2242 λέ-

296 2296 441 2348 γων’
468 2294 503 2332 ἰ
540 2274 709 2345 Οὗτος
746 2277 835 2352 ἦν,
865 2281 925 2334 ὃν
972 2276 1125 2335 εἷπον
1150 2299 1165 2314 ·
1209 2282 1267 2335 '0
1288 2282 1463 2335 ὀπίσω
1510 2297 1612 2352 μου
1650 2281 1880 2352 ἐρχόμε-

301 2389 411 2436 νος,
434 2372 753 2445 υεμπροσθέν
787 2392 887 2445 μου
917 2374 1158 2443 γέγονεν,
1182 2375 1263 2428 ὅτι
1282 2374 1507 2444 ’πρῶτός
1535 2388 1636 2444 μου
1668 2368 1736 2443 ἦν
1756 2390 1769 2401 ·
1797 2374 1880 2426 ὅτι

292 2467 357 2519 ἐκ
388 2465 479 2519 τοῦ
516 2466 887 2538 πληρώματος
917 2466 1082 2520 αὐτοῦ
1107 2469 1268 2537 ἡμεῖς
1300 2467 1503 2529 πάντες
1534 2465 1822 2536 ἐλάϐομεν.
1854 2486 1872 2517 ι

303 2559 555 2629 Ἰωάννης
588 2561 723 2628 φησὶ
756 2558 885 2629 περὶ
934 2557 1030 2611 τοῦ
1072 2556 1339 2628 Χριστοῦ·
1378 2576 1396 2608 ι
1448 2557 1505 2610 '0
1555 2557 1734 2610 ὀπίσω
1773 2575 1876 2629 μου

294 2648 591 2717 ἐρχόμενος
640 2666 659 2699 ι
684 2646 1021 2716 (τουτέστιν,
1061 2646 1119 2700 Ὀ
1150 2646 1268 2716 μετ’
1298 2644 1398 2715 ἐμὲ
1438 2645 1840 2716 φανερούμενος
1867 2663 1880 2675 ο

292 2737 352 2789 ὃν
369 2736 527 2798 αὐτὸς
551 2736 783 2807 ἐκήρυξε
811 2735 1073 2803 δηλονότι,
1093 2754 1109 2785 ι
1139 2733 1447 2805 ἔμπροσθέν
1466 2751 1569 2804 μου
1588 2734 1827 2806 γέγονε),
1852 2753 1871 2787 ι

290 2829 538 2881 τουτέστι
570 2828 867 2900 πρωτεύων
903 2827 1042 2880 κατὰ
1064 2826 1163 2898 τὴν
1197 2824 1384 2892 δόξανο
1420 2826 1514 2879 καὶ
1542 2826 1651 2897 γὰρ
1673 2823 1742 2898 ἦν
1786 2828 1880 2881 καὶ

290 2920 348 2972 ἐν
370 2920 600 2990 ὑπάρξει
630 2919 867 2990 πρῶτος,
896 2918 971 2982 ὡς
997 2920 1148 2981 Θεός.
1182 2920 1307 2981 ΙΙώς
1332 2914 1424 2971 οὖν
1451 2920 1568 2989 μετ’
1614 2920 1775 2973 αὑτὸν

292 3013 399 3083 πρὸ
427 3011 591 3064 αὑτοῦ
649 3014 793 3065 κατὰ
828 3012 1049 3082 χρόνον;
1091 3010 1212 3063 ’Ότι
1241 3010 1373 3073 Θεὸς
1402 3006 1469 3081 ἦν
1494 3012 1523 3064 ό
1558 3011 1754 3080 Λόγος,
1786 3014 1881 3067 καὶ

289 3102 483 3169 γέγονε
538 3100 707 3172 σάρξ·
756 3101 895 3171 ἔχων
928 3100 1027 3172 μὲν
1058 3101 1118 3153 τὸ
1148 3100 1471 3171 πρωτεύειν,
1524 3101 1661 3156 καθὸ
1708 3104 1882 3173 Λόγος

292 3194 446 3246 ἐστί’
495 3192 829 3264 δευτερεύων
866 3192 923 3247 δέ
950 3193 1092 3247 κατὰ
1140 3194 1240 3265 τὴν
1270 3194 1468 3264 σάρκα.
1504 3195 1567 3247 Εἰ
1602 3195 1659 3248 δέ
1690 3196 1785 3249 καὶ
1814 3198 1879 3249 ἐκ

1983 2010 2301 2077 Uuigeuitus
2333 2014 2558 2080 proinde
2590 2022 2674 2065 est
2704 2023 2763 2067 ut
2793 2012 2972 2081 Deus;
3007 2016 3398 2086 primogenitus
3428 2030 3558 2069 vero

1981 2109 2198 2172 propter
2226 2118 2441 2157 crucem
2478 2102 2795 2158 humanitus
2827 2116 3159 2174 sosceptam.

2048 2193 2286 2248 Joannes
2325 2194 2692 2249 testimonium
2728 2197 2976 2265 perhibet
3008 2198 3072 2250 de
3106 2198 3242 2267 ipso,
3276 2212 3329 2256 et
3361 2202 3562 2258 clamat

1978 2285 2164 2339 dicens
2198 2303 2210 2339 :
2242 2303 2269 2337 'l
2309 2284 2406 2340 llic
2440 2297 2559 2339 erat
2590 2302 2748 2354 quem
2782 2287 2891 2341 dixi
2924 2307 2937 2342 :
2970 2287 3075 2355 Qui
3106 2300 3228 2359 post
3259 2307 3343 2347 me
3368 2303 3563 2350 ventu-

1980 2391 2075 2431 rus
2104 2385 2223 2439 est,
2256 2388 2380 2429 ante
2414 2394 2497 2429 me
2529 2376 2702 2431 factus
2734 2387 2848 2438 est.
2878 2380 3004 2448 quia
3034 2382 3183 2449 prior
3209 2397 3295 2437 me
3324 2395 3464 2441 erat.
3491 2384 3559 2439 Et

1979 2466 2045 2521 de
2064 2466 2393 2535 plenitudine
2412 2467 2526 2537 ejus
2548 2484 2643 2522 uos
2662 2484 2849 2523 omnes
2866 2472 3176 2539 accepimus
3191 2472 3259 2527 ".
3284 2493 3303 2526 ι
3326 2474 3561 2531 Joannes

1977 2555 2045 2609 de
2070 2555 2285 2609 Christo
2311 2556 2384 2609 ait
2410 2571 2425 2609 :
2457 2574 2474 2607 ι
2511 2556 2612 2622 Qui
2643 2567 2761 2625 post
2788 2573 2871 2611 me
2896 2559 3077 2622 venit,
3110 2578 3129 2612 ι
3166 2561 3268 2616 hoc
3295 2573 3408 2630 est,
3436 2573 3561 2634 post.

1978 2659 2066 2699 me
2097 2643 2489 2709 manifestatus,
2518 2660 2676 2713 quem
2706 2646 2914 2699 scilicet
2944 2646 3057 2715 ipse
3087 2649 3421 2718 praedicavit,
3457 2671 3476 2705 ι
3513 2653 3561 2708 is

1979 2734 2128 2804 prior
2158 2749 2242 2789 me
2272 2744 2371 2800 est,
2410 2754 2434 2787 η»
2471 2735 2573 2789 hoc
2602 2746 2706 2799 est,
2740 2736 3001 2806 dignitate
3028 2750 3081 2792 et
3111 2739 3279 2810 gloria
3313 2758 3397 2795 me
3424 2760 3561 2812 prte-

1979 2835 2087 2879 stat
2128 2844 2140 2879 :
2187 2842 2310 2881 nam
2356 2836 2412 2880 et
2459 2827 2574 2896 ipsa
2619 2842 2834 2896 quoque
2882 2830 3178 2884 exsistendi
3226 2833 3459 2895 ratione.
3504 2844 3562 2888 ut

1974 2914 2141 2983 Deus,
2173 2921 2319 2986 prior
2344 2926 2482 2971 erat.
2512 2917 2792 2984 Quomodo
2820 2934 2947 2989 ergo
2978 2920 3117 2974 idem
3145 2918 3355 2978 Joanne
3411 2925 3564 2993 prior

1978 3019 2032 3064 et
2069 3009 2338 3077 posterior
2373 3009 2670 3063 secundum
2714 3020 2925 3078 tempus
2963 3010 3208 3064 exstitit?
3243 3012 3378 3080 Quia
3411 3012 3552 3068 Ver-

1980 3101 2104 3155 bum
2145 3099 2284 3155 Deus
2320 3111 2458 3163 erat,
2495 3110 2550 3154 et
2593 3100 2790 3155 factum
2831 3111 2915 3155 est
2956 3118 3104 3156 caro.
3144 3103 3301 3159 Prius
3337 3106 3560 3176 proinde

1980 3204 2096 3247 erat
2128 3191 2462 3255 utVerbum,
2494 3190 2764 3259 posterius
2793 3208 2920 3245 vero
2951 3205 3004 3246 ut
3037 3195 3216 3247 homo.
3241 3196 3327 3262 Et,
3364 3196 3405 3250 si
3435 3213 3559 3251 om-

290 3283 385 3336 τοῦ
407 3284 770 3355 πληρώματος
794 3284 958 3337 αὐτοῦ
982 3283 1183 3347 πάντες
1208 3287 1610 3357 μετεσχήκασιν
1658 3288 1707 3339 οἱ
1734 3288 1876 3355 ἆγιοι

1983 3299 2077 3337 nes
2101 3283 2271 3337 sancti
2295 3281 2363 3336 de
2384 3283 2527 3336 illius
2552 3284 2883 3350 plenitudine
2908 3285 3235 3353 hauserunt;
3260 3287 3371 3341 sola
3396 3304 3559 3356 porro

304 3375 532 3445 (πλῆρες
555 3376 611 3429 δὲ
649 3376 807 3446 μόνον
838 3376 954 3429 ἐστί
999 3375 1060 3429 τὸ
1087 3375 1261 3442 Θεῖον,
1296 3377 1441 3430 καθὰ
1468 3395 1633 3447 φησιν
1658 3378 1746 3431 διὰ
1782 3379 1881 3448 τῆς

308 3469 529 3521 Ἡσαΐου
559 3468 786 3541 φωνῆς),
821 3468 1024 3542 πρέποι
1056 3468 1122 3522 ἂν
1148 3469 1297 3540 αὐτῷ
1317 3484 1375 3522 τε
1406 3471 1499 3524 καὶ
1528 3470 1673 3542 μόνῳ
1695 3470 1776 3534 τὸ,
1806 3471 1881 3534 ώς

293 3560 352 3627 ἐξ
379 3560 511 3614 ἰδίου
537 3559 923 3631 πληρώματος,
950 3560 1143 3614 ἑαυτοῦ
1180 3563 1444 3633 μετόχους
1469 3563 1823 3635 ἀποπληροῦν
1850 3562 1875 3603 ἀ

295 3652 533 3724 ἐτέρους.
567 3654 826 3723 ΙῙέπραχε
855 3653 912 3705 δὲ
936 3652 1096 3706 τοῦτο
1124 3654 1383 3724 Χριστός.
1440 3650 1532 3717 Εἷς
1579 3654 1688 3725 ἄρα
1732 3654 1880 3707 ἐστὶν

296 3745 422 3809 Υἱὸς
461 3745 555 3798 καὶ
586 3734 787 3818 Κύριος
815 3746 843 3798 ό
887 3749 950 3799 ἐκ
994 3744 1130 3797 Θεοῦ
1167 3746 1342 3815 Λόγος
1386 3747 1678 3818 γενόμενος
1716 3746 1875 3818 σὰρξ,

296 3838 455 3901 αὐτὸς
483 3837 615 3902 Θεός
644 3855 702 3890 τε
732 3836 866 3909 όμοῦ
910 3838 1003 3890 καὶ
1049 3837 1356 3910 ἄνθρωπος.
1398 3840 1552 3909 ’Ἑχοι
1590 3840 1636 3893 δ’
1668 3839 1734 3892 ἂν
1783 3838 1878 3908 τὴν

296 3930 534 3983 διάνοιαν
564 3932 626 3982 τὸ
670 3930 870 4001 ἐφεξῆς
920 3930 1119 4002 ρητόν’
1180 3951 1198 3982 ι
1242 3922 1413 3993 Οὗτός
1464 3933 1597 3993 ἐστι,
1636 3930 1765 4001 περὶ
1815 3921 1877 3982 οῦ

298 4021 410 4089 ἐγὼ
444 4018 618 4074 εἷποψ
660 4022 869 4075 Ὀπίσω
903 4040 1002 4094 μου
1037 4022 1253 4095 ἔρχεται
1298 4024 1456 4093 ἀνὴρ,
1488 4022 1544 4086 ὃς
1573 4020 1880 4093 ἔμπροσθέν

303 4130 403 4183 μου
432 4114 676 4181 γέγονεν,
705 4114 786 4166 ὅτι
827 4114 1042 4185 πρῶτός
1082 4132 1183 4185 μου
1211 4110 1297 4185 ἦν.
1333 4132 1352 4165 ι
1402 4113 1534 4166 Ἰδοὺ
1564 4113 1671 4184 γὰρ
1710 4113 1879 4180 ἄνδρα

298 4199 471 4270 λέγων
500 4203 682 4268 αὐτὸν,
711 4203 803 4256 καὶ
825 4205 1119 4275 ἐρχόμενον
1145 4204 1342 4269 ὀπίσω,
1368 4203 1579 4275 πρῶτον
1609 4199 1747 4256 εἷναί
1777 4220 1878 4272 φη-

303 4310 385 4346 σιν
404 4293 483 4355 ὡς
518 4292 684 4345 Θεόν⁶
724 4313 743 4345 ι
793 4294 881 4348 Ἐν
912 4296 1051 4367 ἀρχῇ
1083 4295 1191 4367 γὰρ
1221 4291 1288 4366 ἦν
1330 4296 1358 4347 ό
1396 4295 1586 4364 Λόγος,
1619 4295 1712 4347 καὶ
1747 4293 1878 4357 Θεὸς

300 4381 367 4457 ἦν
392 4386 425 4437 ό
450 4386 641 4454 Λόγος.

378 4497 395 4528 ι
431 4478 541 4529 Καὶ
584 4475 965 4549 ἐμαρτύρησεν
1005 4478 1260 4547 Ἰωάννης
1308 4476 1504 4546 λέγων,
1555 4477 1636 4529 ὅτι
1675 4475 1873 4528 Τεθέας

305 4587 401 4639 μαι
429 4569 488 4621 τὸ
516 4568 742 4639 Πνεῦμα
794 4569 1125 4622 καταϐαῖνον
1160 4570 1293 4621 ώσεὶ
1338 4567 1667 4639 περιστερὰν
1699 4567 1759 4631 ἐξ
1786 4568 1877 4620 οὑ-

304 4659 489 4733 ρανοῦ,
522 4661 611 4713 καὶ
651 4660 811 4731 μένον
847 4660 931 4713 ἐπ’
960 4660 1121 4713 αὐτόν
1141 4677 1156 4692 ο
1189 4660 1343 4728 κάγὼ
1372 4660 1427 4713 δὲ
1468 4660 1568 4713 οὐκ
1598 4659 1743 4731 ⁴ᾔδειν
1776 4661 1875 4711 at}-

301 4754 425 4807 τόν’
478 4752 590 4805 ἀλλ’
623 4755 650 4805 ό
680 4751 903 4822 πέμψας
962 4769 1028 4821 με
1069 4751 1349 4822 βαπτίζειν
1377 4753 1434 4806 ἐν
1470 4750 1645 4814 ῦδατι,
1672 4753 1878 4815 ἐκεῖνός

305 4863 394 4916 μοι
445 4840 626 4899 εἶπεν·
664 4843 779 4913 Ἐφ’
804 4844 863 4897 ὃν
904 4844 970 4897 ἃν
996 4844 1111 4915 ἴδῃς
1154 4843 1214 4896 τὸ
1256 4842 1479 4913 Πνεῦμα
1527 4842 1874 4903 καταϐαῖνον,

302 4938 399 4990 καὶ
432 4938 588 5007 μένον
619 4936 705 4990 ἐπ’
734 4936 916 5002 αὐτὸν,
956 4930 1111 4996 οὗτός
1154 4936 1301 4989 ἐστιν
1328 4937 1357 4989 ό
1390 4934 1667 5007 βαπτίζων
1713 4935 1771 4987 ἐν
1797 4933 1875 5004 τῷ

303 5028 581 5097 Πνεύματι
627 5026 706 5098 τῷ
754 5028 913 5098 ἁγίῳ.
946 5027 1117 5095 Κάγὼ
1166 5026 1408 5099 ἑώρακα,
1452 5027 1548 5081 καὶ
1597 5025 1880 5097 μεμαρτύ-

307 5135 449 5190 ρηκα
480 5120 563 5172 ὅτι
589 5114 741 5180 οὗτός
763 5120 909 5172 ἐστιν
938 5121 965 5172 ό
993 5118 1123 5182 Υἱὸς
1150 5118 1244 5172 τοῦ
1271 5117 1425 5171 Θεοῦ.
1465 5136 1484 5170 ›
1522 5119 1661 5189 Ὅρα
1691 5115 1879 5186 σαφῶς

303 5228 362 5262 τε
394 5210 487 5264 καὶ
517 5212 761 5282 ἐναργῶς
789 5212 847 5264 ἐν
876 5210 1087 5275 τούτοις
1114 5211 1208 5265 τὸν
1236 5211 1440 5282 Κύριον
1469 5209 1627 5281 ἡμῶν
1670 5210 1877 5281 Ἰησοῦν

304 5300 395 5353 τὸν
426 5301 677 5371 Χριστὸν,
702 5300 990 5372 δεχόμενον
1022 5303 1119 5373 μὲν
1163 5300 1522 5373 ἀνθρωπίνως
1562 5300 1623 5353 τὸ
1652 5300 1878 5371 Πνεῦμα

304 5392 393 5449 διὰ
418 5394 517 5464 τὴν
549 5393 686 5464 μετὰ
715 5395 917 5466 σαρκὸς
955 5394 1267 5466 οἰκονομίαν
1309 5393 1590 5466 (πλούσιος
1636 5392 1745 5465 γὰρ
1774 5391 1871 5458 ὣν,

1982 3375 2265 3439 divinitas,
2295 3375 2446 3443 juxta
2481 3374 2630 3427 |sai:e
2666 3390 2848 3427 vocem
2880 3376 2948 3440 ¹⁹,
2980 3377 3225 3431 absolute
3254 3379 3406 3446 plena
3436 3389 3554 3443 est;

1983 3467 2081 3537 ipsi
2112 3466 2208 3520 soli
2240 3467 2511 3531 convenit,
2542 3477 2597 3518 ut
2630 3481 2724 3518 sua
2757 3467 2925 3535 ipsius
2960 3468 3294 3536 plenitudine
3323 3470 3555 3523 aliorum

1983 3559 2175 3628 inopia:
2207 3559 2509 3615 subveniat.
2546 3560 2797 3615 Prmstitit
2832 3569 3010 3612 autem
3048 3564 3148 3614 hoc
3180 3562 3353 3630 ipsum
3388 3563 3552 3617 Chri-

1981 3660 2125 3718 stus;
2165 3652 2502 3705 iuearuatum
2544 3652 2721 3718 itaque
2761 3650 2849 3704 Dei
2884 3649 3121 3705 Verbum
3162 3668 3298 3705 unus
3331 3661 3414 3706 est
3451 3650 3558 3704 Do.

1981 3744 2158 3797 minus
2204 3754 2253 3796 et
2308 3741 2512 3808 Filius,
2560 3743 2810 3811 idemque
2862 3741 3000 3795 Deus
3049 3742 3207 3795 simul
3261 3753 3318 3796 et
3366 3745 3553 3797 homo.

1981 3833 2235 3903 Ejusdem
2282 3835 2563 3886 sententia:
2613 3842 2726 3893 est,
2777 3834 2918 3900 quod
2970 3847 3093 3885 mox
3143 3833 3492 3903 subjungitur
3538 3854 3553 3889 :

1983 3944 2005 3976 ι
2046 3925 2141 3979 llic
2170 3934 2287 3986 est.
2322 3925 2527 3993 inquit,
2562 3927 2626 3975 de
2661 3938 2766 3991 quo
2800 3924 2904 3976 dixi
2942 3942 2954 3977 :
2992 3922 3118 3978 Post
3152 3940 3237 3978 me
3270 3926 3414 3979 venit
3449 3927 3551 3991 vir,

1979 4018 2069 4086 qui
2100 4027 2226 4070 ante
2259 4032 2342 4069 me
2373 4016 2548 4069 factus
2575 4026 2685 4080 est,
2723 4015 2846 4083 quia
2882 4016 3029 4084 prior
3056 4030 3139 4068 me
3168 4025 3284 4069 erat
3310 4018 3376 4071 ὀ.
3406 4037 3425 4070 ι
3451 4017 3557 4085 En,

1981 4107 2104 4161 licet
2141 4106 2312 4159 virum
2354 4117 2541 4169 vocet,
2579 4113 2631 4157 et
2670 4114 2787 4173 post
2826 4119 2883 4158 se
2916 4104 3217 4159 venientem
3258 4107 3554 4175 praedicet,

1978 4200 2273 4253 secundum
2312 4199 2648 4251 divinitatem
2686 4208 2862 4252 tamen
2900 4212 2957 4251 se
2992 4198 3228 4267 priorem
3263 4196 3497 4253 aiﬁrmat
3533 4217 3549 4254 :

1983 4309 2003 4342 ‹
2039 4288 2095 4343 in
2128 4290 2394 4359 principio
2421 4289 2565 4343 enim
2600 4299 2719 4342 erat
2742 4286 3005 4351 Verbum,
3033 4300 3088 4342 et
3116 4287 3258 4344 Deus
3285 4296 3405 4343 erat
3426 4290 3558 4345 Ver-

1980 4384 2102 4435 bum
2131 4383 2198 4435 “.
2235 4400 2251 4433 ι

2052 4491 2074 4524 ι
2112 4472 2175 4526 Et
2208 4472 2573 4526 testinmuium
2602 4473 2876 4540 perhibuit
2899 4471 3139 4528 Joannes
3165 4474 3389 4529 dicens:
3417 4474 3555 4542 Quia

1978 4564 2085 4617 vidi
2142 4564 2401 4633 Spiritum
2450 4564 2869 4618 descendentem
2922 4564 3078 4632 quasi
3128 4564 3435 4619 columbam
3485 4568 3555 4619 de

1983 4656 2148 4720 cmlo,
2192 4665 2244 4709 et
2310 4655 2508 4707 mansit
2568 4670 2730 4724 super
2792 4670 2936 4708 eum.
2997 4654 3063 4708 Et
3108 4670 3206 4723 ego
3249 4656 3555 4711 nesciebam

1982 4765 2103 4804 eum
2135 4767 2148 4802 :
2177 4750 2270 4803 sed
2302 4748 2394 4817 qui
2429 4748 2580 4801 misit
2612 4764 2696 4801 me
2725 4749 2999 4816 baptizare
3032 4748 3083 4802 in
3113 4762 3278 4817 aqua,
3306 4749 3395 4803 ille
3424 4752 3554 4805 mihi

1983 4841 2119 4895 dixit
2144 4859 2156 4894 :
2185 4840 2361 4909 Sopor
2385 4856 2545 4907 quem
2575 4840 2772 4893 videris
2806 4839 3070 4908 Spiritum
3101 4840 3556 4907 descendentem,

1982 4943 2038 4989 et
2064 4940 2367 4988 maneutem
2396 4947 2560 5001 super
2581 4946 2725 4996 eum,
2752 4931 2839 4986 hic
2863 4942 2946 4985 est
2971 4933 3061 5001 qui
3091 4932 3331 5002 baptizat
3355 4932 3407 4985 in
3436 4932 3560 5001 Spi-

1984 5026 2091 5081 ritu
2130 5035 2338 5079 sancto.
2380 5024 2443 5077 Et
2480 5039 2579 5092 ego
2614 5024 2758 5085 vidi,
2796 5032 2853 5078 et
2896 5023 3268 5078 testimonium
3305 5023 3557 5093 perhibui

1982 5116 2113 5188 quia
2144 5126 2226 5170 est
2255 5114 2424 5169 Filius
2456 5114 2547 5167 Dei
2570 5116 2638 5168 “.
2676 5132 2695 5165 ι
2728 5112 2805 5166 En
2838 5122 3128 5181 utrumque
3156 5113 3303 5168 clare
3332 5114 3555 5167 eviden-

1982 5217 2171 5277 terque
2199 5217 2462 5261 assertum
2495 5206 2581 5259 hic
2610 5205 2810 5272 habes;
2840 5220 3032 5274 nempe
3060 5206 3344 5259 Dominum
3368 5203 3554 5260 Jesum

1980 5300 2255 5355 Christum
2304 5307 2520 5368 propter
2564 5296 2745 5352 carnis
2790 5298 3006 5366 quidem
3054 5290 3443 5362 oeconomiam,
3495 5308 3556 5352 ut

1985 5389 2144 5462 114
2176 5390 2450 5445 hominem
2486 5387 2745 5457 Spiritum
2782 5397 3030 5444 sanctum
3066 5388 3344 5459 accipere,
3378 5387 3555 5459 siqui-

382 5552 427 5584 "
448 5549 638 5606 Joau.t
668 5554 747 5608 ιι.
809 5554 849 5586 ¹⁷
878 5551 1039 5612 Hebr.
1062 5552 1230 5625 ",14.
1280 5551 1568 5621 "Joau.t,
1604 5551 1687 5615 15,
1724 5549 1810 5605 16.
1852 5550 1876 5581 ¹“

1983 5565 2022 5604 ι.
2052 5564 2124 5616 vr,
2154 5549 2209 5604 3.
2263 5548 2307 5579 '°
2328 5545 2482 5604 Joan.
2516 5562 2555 5615 ι,
2585 5544 2674 5603 50.
2710 5547 2753 5580 ²¹
2774 5545 2929 5605 Joan.
2959 5563 2999 5615 ι,
3029 5547 3081 5604 1.
3141 5549 3186 5581 ³⁸
3210 5544 3341 5605 ibid.
3369 5546 3557 5605 ωσι.

1370 5709 1545 5766 γει-ἰῶ
1576 5708 1834 5765 lectiones
1863 5706 2066 5764 codicis
2101 5704 2463 5778 Seguieriani.

394 5838 425 5881 ἀ
454 5842 754 5899 ἀποτελεῖν.
