  <div class='ocr_page' id='page_1' title='image "/cluster/home/n/w/nwhite01/storage/ocr_20150623/76/nnc1.0046980067/685.png"; bbox 0 0 4000 6326; ppageno 0'>
   <div class='ocr_carea' id='block_1_1' title="bbox 528 352 663 411">
    <p class='ocr_par' dir='ltr' id='par_1_1' title="bbox 528 352 663 411">
     <span class='ocr_line' id='line_1_1' title="bbox 528 352 663 411; baseline 0.015 -4"><span class='ocrx_word' id='word_1_1' title='bbox 528 352 663 411; x_wconf 68' lang='grc'><strong>4315</strong></span> 
     </span>
    </p>
   </div>
   <div class='ocr_carea' id='block_1_2' title="bbox 1549 345 2790 409">
    <p class='ocr_par' dir='ltr' id='par_1_2' title="bbox 1549 345 2790 409">
     <span class='ocr_line' id='line_1_2' title="bbox 1549 345 2790 409; baseline -0.006 0"><span class='ocrx_word' id='word_1_2' title='bbox 1549 357 1609 409; x_wconf 89' lang='lat' dir='ltr'><strong>S.</strong></span> <span class='ocrx_word' id='word_1_3' title='bbox 1650 351 1919 409; x_wconf 79' lang='lat' dir='ltr'><strong>CYRILLI</strong></span> <span class='ocrx_word' id='word_1_4' title='bbox 1961 346 2430 405; x_wconf 69' lang='grc' dir='ltr'><strong>ΑιΕΧΑΝυιιιΝι</strong></span> <span class='ocrx_word' id='word_1_5' title='bbox 2472 345 2790 401; x_wconf 69' lang='grc' dir='ltr'><strong>ΑιιοιιιΕΡ.</strong></span> 
     </span>
    </p>
   </div>
   <div class='ocr_carea' id='block_1_3' title="bbox 3620 346 3761 399">
    <p class='ocr_par' dir='ltr' id='par_1_3' title="bbox 3620 346 3761 399">
     <span class='ocr_line' id='line_1_3' title="bbox 3620 346 3761 399; baseline 0 -1"><span class='ocrx_word' id='word_1_6' title='bbox 3620 346 3761 399; x_wconf 77' lang='grc'><strong>1316</strong></span> 
     </span>
    </p>
   </div>
   <div class='ocr_carea' id='block_1_4' title="bbox 526 456 2102 537">
    <p class='ocr_par' dir='ltr' id='par_1_4' title="bbox 526 466 2085 537">
     <span class='ocr_line' id='line_1_4' title="bbox 526 466 2085 537; baseline -0.002 -15"><span class='ocrx_word' id='word_1_7' title='bbox 526 470 644 523; x_wconf 86' lang='lat' dir='ltr'><strong>dem</strong></span> <span class='ocrx_word' id='word_1_8' title='bbox 682 484 703 520; x_wconf 82' lang='grc' dir='ltr'><strong>ι</strong></span> <span class='ocrx_word' id='word_1_9' title='bbox 736 481 857 521; x_wconf 89' lang='lat' dir='ltr'><strong>cum</strong></span> <span class='ocrx_word' id='word_1_10' title='bbox 886 466 1035 523; x_wconf 83' lang='lat' dir='ltr'><strong>dives</strong></span> <span class='ocrx_word' id='word_1_11' title='bbox 1061 475 1224 533; x_wconf 88' lang='lat' dir='ltr'><strong>esset,</strong></span> <span class='ocrx_word' id='word_1_12' title='bbox 1255 468 1425 524; x_wconf 97' lang='lat' dir='ltr'><strong>nostri</strong></span> <span class='ocrx_word' id='word_1_13' title='bbox 1455 482 1617 524; x_wconf 88' lang='lat' dir='ltr'><strong>causa</strong></span> <span class='ocrx_word' id='word_1_14' title='bbox 1649 469 1825 523; x_wconf 82' lang='lat' dir='ltr'><strong>factus</strong></span> <span class='ocrx_word' id='word_1_15' title='bbox 1852 477 1934 522; x_wconf 90' lang='lat' dir='ltr'><strong>est</strong></span> <span class='ocrx_word' id='word_1_16' title='bbox 1959 482 2085 537; x_wconf 82' lang='lat' dir='ltr'><strong>ege-</strong></span> 
     </span>
    </p>
   </div>
   <div class='ocr_carea' id='block_1_5' title="bbox 2199 456 3759 537">
    <p class='ocr_par' dir='ltr' id='par_1_5' title="bbox 2199 456 3759 533">
     <span class='ocr_line' id='line_1_5' title="bbox 2199 456 3759 533; baseline -0.006 -15"><span class='ocrx_word' id='word_1_17' title='bbox 2199 462 2499 533; x_wconf 71' lang='grc' dir='ltr'><strong>ὲπτώχευσε</strong></span> <span class='ocrx_word' id='word_1_18' title='bbox 2532 462 2598 515; x_wconf 86' lang='grc' dir='ltr'><strong>δι’</strong></span> <span class='ocrx_word' id='word_1_19' title='bbox 2642 461 2845 531; x_wconf 82' lang='grc' dir='ltr'><strong>ἡμᾶς),</strong></span> <span class='ocrx_word' id='word_1_20' title='bbox 2880 456 3207 529; x_wconf 75' lang='grc' dir='ltr'><strong>βαπτίζοντα</strong></span> <span class='ocrx_word' id='word_1_21' title='bbox 3244 458 3300 510; x_wconf 83' lang='grc' dir='ltr'><strong>δὲ</strong></span> <span class='ocrx_word' id='word_1_22' title='bbox 3347 456 3540 521; x_wconf 87' lang='grc' dir='ltr'><strong>Θεῖκῶς</strong></span> <span class='ocrx_word' id='word_1_23' title='bbox 3578 458 3640 509; x_wconf 89' lang='grc' dir='ltr'><strong>ἐν</strong></span> <span class='ocrx_word' id='word_1_24' title='bbox 3684 460 3759 528; x_wconf 83' lang='grc' dir='ltr'><strong>τῷ</strong></span> 
     </span>
    </p>
   </div>
   <div class='ocr_carea' id='block_1_6' title="bbox 528 559 2088 631">
    <p class='ocr_par' dir='ltr' id='par_1_6' title="bbox 528 559 2088 631">
     <span class='ocr_line' id='line_1_6' title="bbox 528 559 2088 631; baseline 0.001 -19"><span class='ocrx_word' id='word_1_25' title='bbox 528 559 695 613; x_wconf 77' lang='lat' dir='ltr'><strong>nus”</strong></span> <span class='ocrx_word' id='word_1_26' title='bbox 737 577 784 625; x_wconf 74' lang='grc' dir='ltr'><strong>ι,</strong></span> <span class='ocrx_word' id='word_1_27' title='bbox 823 568 938 613; x_wconf 91' lang='lat' dir='ltr'><strong>tum</strong></span> <span class='ocrx_word' id='word_1_28' title='bbox 979 560 1229 614; x_wconf 88' lang='lat' dir='ltr'><strong>eumdem</strong></span> <span class='ocrx_word' id='word_1_29' title='bbox 1270 575 1485 615; x_wconf 89' lang='lat' dir='ltr'><strong>rursum</strong></span> <span class='ocrx_word' id='word_1_30' title='bbox 1529 569 1782 631; x_wconf 85' lang='lat' dir='ltr'><strong>tanquam</strong></span> <span class='ocrx_word' id='word_1_31' title='bbox 1825 561 1989 615; x_wconf 89' lang='lat' dir='ltr'><strong>Deum</strong></span> <span class='ocrx_word' id='word_1_32' title='bbox 2034 563 2088 614; x_wconf 92' lang='lat' dir='ltr'><strong>in</strong></span> 
     </span>
    </p>
   </div>
   <div class='ocr_carea' id='block_1_7' title="bbox 527 649 2087 721">
    <p class='ocr_par' dir='ltr' id='par_1_7' title="bbox 527 649 2087 721">
     <span class='ocr_line' id='line_1_7' title="bbox 527 649 2087 721; baseline 0.001 -18"><span class='ocrx_word' id='word_1_33' title='bbox 527 649 733 720; x_wconf 83' lang='lat' dir='ltr'><strong>Spiritu</strong></span> <span class='ocrx_word' id='word_1_34' title='bbox 762 661 952 706; x_wconf 92' lang='lat' dir='ltr'><strong>sancto</strong></span> <span class='ocrx_word' id='word_1_35' title='bbox 980 651 1247 720; x_wconf 89' lang='lat' dir='ltr'><strong>baptisma</strong></span> <span class='ocrx_word' id='word_1_36' title='bbox 1278 652 1550 706; x_wconf 78' lang='lat' dir='ltr'><strong>conferre.</strong></span> <span class='ocrx_word' id='word_1_37' title='bbox 1579 653 1649 706; x_wconf 86' lang='lat' dir='ltr'><strong>At</strong></span> <span class='ocrx_word' id='word_1_38' title='bbox 1679 654 1730 706; x_wconf 92' lang='lat' dir='ltr'><strong>in</strong></span> <span class='ocrx_word' id='word_1_39' title='bbox 1762 667 1921 721; x_wconf 82' lang='lat' dir='ltr'><strong>quem</strong></span> <span class='ocrx_word' id='word_1_40' title='bbox 1945 693 1961 717; x_wconf 93' lang='lat'><strong>,</strong></span> <span class='ocrx_word' id='word_1_41' title='bbox 1989 653 2087 705; x_wconf 88' lang='lat' dir='ltr'><strong>ob-</strong></span> 
     </span>
    </p>
   </div>
   <div class='ocr_carea' id='block_1_8' title="bbox 526 742 2089 812">
    <p class='ocr_par' dir='ltr' id='par_1_8' title="bbox 526 742 2089 812">
     <span class='ocr_line' id='line_1_8' title="bbox 526 742 2089 812; baseline -0.001 -15"><span class='ocrx_word' id='word_1_42' title='bbox 526 757 701 809; x_wconf 87' lang='lat' dir='ltr'><strong>secro,</strong></span> <span class='ocrx_word' id='word_1_43' title='bbox 729 742 1016 797; x_wconf 89' lang='lat' dir='ltr'><strong>convenire</strong></span> <span class='ocrx_word' id='word_1_44' title='bbox 1044 752 1225 811; x_wconf 90' lang='lat' dir='ltr'><strong>queat,</strong></span> <span class='ocrx_word' id='word_1_45' title='bbox 1255 744 1491 812; x_wconf 91' lang='lat' dir='ltr'><strong>Spiritus</strong></span> <span class='ocrx_word' id='word_1_46' title='bbox 1521 744 1693 799; x_wconf 92' lang='lat' dir='ltr'><strong>sancti</strong></span> <span class='ocrx_word' id='word_1_47' title='bbox 1724 746 1953 811; x_wconf 73' lang='lat' dir='ltr'><strong>gratiam</strong></span> <span class='ocrx_word' id='word_1_48' title='bbox 1986 745 2089 797; x_wconf 79' lang='lat' dir='ltr'><strong>im-</strong></span> 
     </span>
    </p>
   </div>
   <div class='ocr_carea' id='block_1_9' title="bbox 527 833 2091 905">
    <p class='ocr_par' dir='ltr' id='par_1_9' title="bbox 527 833 2091 905">
     <span class='ocr_line' id='line_1_9' title="bbox 527 833 2091 905; baseline 0 -17"><span class='ocrx_word' id='word_1_49' title='bbox 527 835 747 905; x_wconf 91' lang='lat' dir='ltr'><strong>pertiri,</strong></span> <span class='ocrx_word' id='word_1_50' title='bbox 790 834 893 889; x_wconf 89' lang='lat' dir='ltr'><strong>nisi</strong></span> <span class='ocrx_word' id='word_1_51' title='bbox 936 834 988 887; x_wconf 91' lang='lat' dir='ltr'><strong>in</strong></span> <span class='ocrx_word' id='word_1_52' title='bbox 1026 848 1213 887; x_wconf 90' lang='lat' dir='ltr'><strong>verum</strong></span> <span class='ocrx_word' id='word_1_53' title='bbox 1254 845 1309 887; x_wconf 90' lang='lat' dir='ltr'><strong>et</strong></span> <span class='ocrx_word' id='word_1_54' title='bbox 1353 833 1649 888; x_wconf 81' lang='lat' dir='ltr'><strong>naturalem</strong></span> <span class='ocrx_word' id='word_1_55' title='bbox 1695 834 1901 888; x_wconf 85' lang='lat' dir='ltr'><strong>Deum?</strong></span> <span class='ocrx_word' id='word_1_56' title='bbox 1940 833 2091 889; x_wconf 91' lang='lat' dir='ltr'><strong>Unus</strong></span> 
     </span>
    </p>
   </div>
   <div class='ocr_carea' id='block_1_10' title="bbox 526 924 2087 997">
    <p class='ocr_par' dir='ltr' id='par_1_10' title="bbox 526 924 2087 997">
     <span class='ocr_line' id='line_1_10' title="bbox 526 924 2087 997; baseline -0.003 -16"><span class='ocrx_word' id='word_1_57' title='bbox 526 943 655 997; x_wconf 83' lang='lat' dir='ltr'><strong>ergo</strong></span> <span class='ocrx_word' id='word_1_58' title='bbox 682 937 762 983; x_wconf 89' lang='lat' dir='ltr'><strong>est</strong></span> <span class='ocrx_word' id='word_1_59' title='bbox 792 927 1061 991; x_wconf 85' lang='lat' dir='ltr'><strong>Christus,</strong></span> <span class='ocrx_word' id='word_1_60' title='bbox 1093 941 1230 981; x_wconf 92' lang='lat' dir='ltr'><strong>unus</strong></span> <span class='ocrx_word' id='word_1_61' title='bbox 1261 924 1453 991; x_wconf 89' lang='lat' dir='ltr'><strong>Filius,</strong></span> <span class='ocrx_word' id='word_1_62' title='bbox 1483 935 1543 980; x_wconf 84' lang='lat' dir='ltr'><strong>ut</strong></span> <span class='ocrx_word' id='word_1_63' title='bbox 1570 925 1906 995; x_wconf 82' lang='lat' dir='ltr'><strong>evangelista</strong></span> <span class='ocrx_word' id='word_1_64' title='bbox 1938 925 2087 980; x_wconf 88' lang='lat' dir='ltr'><strong>testi-</strong></span> 
     </span>
    </p>
   </div>
   <div class='ocr_carea' id='block_1_11' title="bbox 512 1012 742 1073">
    <p class='ocr_par' dir='ltr' id='par_1_11' title="bbox 512 1012 742 1073">
     <span class='ocr_line' id='line_1_11' title="bbox 512 1012 742 1073; baseline 0.004 -1"><span class='ocrx_word' id='word_1_65' title='bbox 512 1012 742 1073; x_wconf 81' lang='lat' dir='ltr'><strong>licatur.</strong></span> 
     </span>
    </p>
   </div>
   <div class='ocr_carea' id='block_1_12' title="bbox 606 1105 2088 1179">
    <p class='ocr_par' dir='ltr' id='par_1_12' title="bbox 606 1105 2088 1179">
     <span class='ocr_line' id='line_1_12' title="bbox 606 1105 2088 1179; baseline -0.003 -17"><span class='ocrx_word' id='word_1_66' title='bbox 606 1129 623 1161; x_wconf 82' lang='grc' dir='ltr'><strong>ι</strong></span> <span class='ocrx_word' id='word_1_67' title='bbox 662 1109 731 1162; x_wconf 87' lang='grc' dir='ltr'><strong>Ει</strong></span> <span class='ocrx_word' id='word_1_68' title='bbox 762 1124 893 1179; x_wconf 77' lang='lat' dir='ltr'><strong>ego,</strong></span> <span class='ocrx_word' id='word_1_69' title='bbox 930 1108 1133 1175; x_wconf 88' lang='lat' dir='ltr'><strong>inquit,</strong></span> <span class='ocrx_word' id='word_1_70' title='bbox 1163 1108 1303 1172; x_wconf 86' lang='lat' dir='ltr'><strong>vidi,</strong></span> <span class='ocrx_word' id='word_1_71' title='bbox 1340 1118 1395 1162; x_wconf 93' lang='lat' dir='ltr'><strong>et</strong></span> <span class='ocrx_word' id='word_1_72' title='bbox 1433 1107 1801 1161; x_wconf 84' lang='lat' dir='ltr'><strong>testimonium</strong></span> <span class='ocrx_word' id='word_1_73' title='bbox 1843 1105 2088 1175; x_wconf 89' lang='lat' dir='ltr'><strong>perhibui</strong></span> 
     </span>
    </p>
   </div>
   <div class='ocr_carea' id='block_1_13' title="bbox 528 1195 2093 1269">
    <p class='ocr_par' dir='ltr' id='par_1_13' title="bbox 528 1195 2093 1269">
     <span class='ocr_line' id='line_1_13' title="bbox 528 1195 2093 1269; baseline -0.002 -16"><span class='ocrx_word' id='word_1_74' title='bbox 528 1200 652 1269; x_wconf 85' lang='lat' dir='ltr'><strong>quia</strong></span> <span class='ocrx_word' id='word_1_75' title='bbox 685 1200 775 1253; x_wconf 89' lang='lat' dir='ltr'><strong>hic</strong></span> <span class='ocrx_word' id='word_1_76' title='bbox 794 1209 873 1253; x_wconf 89' lang='lat' dir='ltr'><strong>est</strong></span> <span class='ocrx_word' id='word_1_77' title='bbox 908 1197 1074 1251; x_wconf 87' lang='lat' dir='ltr'><strong>Filius</strong></span> <span class='ocrx_word' id='word_1_78' title='bbox 1114 1197 1207 1252; x_wconf 90' lang='lat' dir='ltr'><strong>Dei</strong></span> <span class='ocrx_word' id='word_1_79' title='bbox 1229 1198 1297 1251; x_wconf 75' lang='lat'><strong>“.</strong></span> <span class='ocrx_word' id='word_1_80' title='bbox 1328 1217 1347 1249; x_wconf 71' lang='grc' dir='ltr'><strong>ι</strong></span> <span class='ocrx_word' id='word_1_81' title='bbox 1386 1198 1970 1266; x_wconf 80' lang='lat' dir='ltr'><strong>Ecquisnamliicerat?</strong></span> <span class='ocrx_word' id='word_1_82' title='bbox 2002 1195 2093 1250; x_wconf 89' lang='lat' dir='ltr'><strong>Ille</strong></span> 
     </span>
    </p>
   </div>
   <div class='ocr_carea' id='block_1_14' title="bbox 530 1288 2090 1359">
    <p class='ocr_par' dir='ltr' id='par_1_14' title="bbox 530 1288 2090 1359">
     <span class='ocr_line' id='line_1_14' title="bbox 530 1288 2090 1359; baseline -0.003 -15"><span class='ocrx_word' id='word_1_83' title='bbox 530 1293 643 1359; x_wconf 90' lang='lat' dir='ltr'><strong>ipse</strong></span> <span class='ocrx_word' id='word_1_84' title='bbox 683 1290 887 1359; x_wconf 85' lang='lat' dir='ltr'><strong>utique,</strong></span> <span class='ocrx_word' id='word_1_85' title='bbox 926 1304 1083 1357; x_wconf 83' lang='lat' dir='ltr'><strong>quem</strong></span> <span class='ocrx_word' id='word_1_86' title='bbox 1128 1290 1342 1357; x_wconf 85' lang='lat' dir='ltr'><strong>quidem</strong></span> <span class='ocrx_word' id='word_1_87' title='bbox 1391 1298 1448 1341; x_wconf 90' lang='lat' dir='ltr'><strong>ut</strong></span> <span class='ocrx_word' id='word_1_88' title='bbox 1492 1288 1786 1355; x_wconf 84' lang='lat' dir='ltr'><strong>hominem,</strong></span> <span class='ocrx_word' id='word_1_89' title='bbox 1832 1288 2090 1358; x_wconf 86' lang='lat' dir='ltr'><strong>Spiritum</strong></span> 
     </span>
    </p>
   </div>
   <div class='ocr_carea' id='block_1_15' title="bbox 530 1377 2094 1448">
    <p class='ocr_par' dir='ltr' id='par_1_15' title="bbox 530 1377 2094 1448">
     <span class='ocr_line' id='line_1_15' title="bbox 530 1377 2094 1448; baseline 0 -17"><span class='ocrx_word' id='word_1_90' title='bbox 530 1389 773 1431; x_wconf 88' lang='lat' dir='ltr'><strong>sanctum</strong></span> <span class='ocrx_word' id='word_1_91' title='bbox 804 1378 1014 1432; x_wconf 83' lang='lat' dir='ltr'><strong>viderat</strong></span> <span class='ocrx_word' id='word_1_92' title='bbox 1042 1380 1377 1446; x_wconf 81' lang='lat' dir='ltr'><strong>suscepisse;</strong></span> <span class='ocrx_word' id='word_1_93' title='bbox 1412 1387 1469 1431; x_wconf 94' lang='lat' dir='ltr'><strong>ut</strong></span> <span class='ocrx_word' id='word_1_94' title='bbox 1502 1377 1664 1431; x_wconf 91' lang='lat' dir='ltr'><strong>Deum</strong></span> <span class='ocrx_word' id='word_1_95' title='bbox 1694 1392 1853 1441; x_wconf 92' lang='lat' dir='ltr'><strong>vero,</strong></span> <span class='ocrx_word' id='word_1_96' title='bbox 1886 1379 1938 1432; x_wconf 92' lang='lat' dir='ltr'><strong>in</strong></span> <span class='ocrx_word' id='word_1_97' title='bbox 1970 1379 2094 1448; x_wconf 79' lang='lat' dir='ltr'><strong>Spi-</strong></span> 
     </span>
    </p>
   </div>
   <div class='ocr_carea' id='block_1_16' title="bbox 533 1466 1507 1535">
    <p class='ocr_par' dir='ltr' id='par_1_16' title="bbox 533 1466 1507 1535">
     <span class='ocr_line' id='line_1_16' title="bbox 533 1466 1507 1535; baseline -0.001 -15"><span class='ocrx_word' id='word_1_98' title='bbox 533 1466 638 1520; x_wconf 87' lang='lat' dir='ltr'><strong>ritu</strong></span> <span class='ocrx_word' id='word_1_99' title='bbox 698 1478 884 1519; x_wconf 90' lang='lat' dir='ltr'><strong>sancto</strong></span> <span class='ocrx_word' id='word_1_100' title='bbox 920 1467 1196 1535; x_wconf 85' lang='lat' dir='ltr'><strong>baptizare</strong></span> <span class='ocrx_word' id='word_1_101' title='bbox 1228 1466 1507 1520; x_wconf 85' lang='lat' dir='ltr'><strong>didicerat.</strong></span> 
     </span>
    </p>
   </div>
   <div class='ocr_carea' id='block_1_17' title="bbox 611 1554 2092 1626">
    <p class='ocr_par' dir='ltr' id='par_1_17' title="bbox 611 1554 2092 1626">
     <span class='ocr_line' id='line_1_17' title="bbox 611 1554 2092 1626; baseline 0.003 -19"><span class='ocrx_word' id='word_1_102' title='bbox 611 1575 629 1607; x_wconf 77' lang='grc' dir='ltr'><strong>ι</strong></span> <span class='ocrx_word' id='word_1_103' title='bbox 662 1554 720 1611; x_wconf 89' lang='lat' dir='ltr'><strong>Si</strong></span> <span class='ocrx_word' id='word_1_104' title='bbox 755 1568 966 1611; x_wconf 91' lang='lat' dir='ltr'><strong>terrena</strong></span> <span class='ocrx_word' id='word_1_105' title='bbox 996 1559 1102 1612; x_wconf 77' lang='lat' dir='ltr'><strong>dixi</strong></span> <span class='ocrx_word' id='word_1_106' title='bbox 1128 1558 1303 1621; x_wconf 82' lang='lat' dir='ltr'><strong>vobis,</strong></span> <span class='ocrx_word' id='word_1_107' title='bbox 1334 1568 1389 1611; x_wconf 92' lang='lat' dir='ltr'><strong>et</strong></span> <span class='ocrx_word' id='word_1_108' title='bbox 1415 1573 1520 1611; x_wconf 90' lang='lat' dir='ltr'><strong>non</strong></span> <span class='ocrx_word' id='word_1_109' title='bbox 1552 1558 1795 1623; x_wconf 90' lang='lat' dir='ltr'><strong>creditis,</strong></span> <span class='ocrx_word' id='word_1_110' title='bbox 1822 1560 2092 1626; x_wconf 87' lang='lat' dir='ltr'><strong>quomodo</strong></span> 
     </span>
    </p>
   </div>
   <div class='ocr_carea' id='block_1_18' title="bbox 531 1648 2094 1713">
    <p class='ocr_par' dir='ltr' id='par_1_18' title="bbox 531 1648 2094 1713">
     <span class='ocr_line' id='line_1_18' title="bbox 531 1648 2094 1713; baseline -0.001 -10"><span class='ocrx_word' id='word_1_111' title='bbox 531 1649 576 1703; x_wconf 90' lang='lat' dir='ltr'><strong>si</strong></span> <span class='ocrx_word' id='word_1_112' title='bbox 605 1649 793 1703; x_wconf 83' lang='lat' dir='ltr'><strong>dixero</strong></span> <span class='ocrx_word' id='word_1_113' title='bbox 819 1650 971 1703; x_wconf 85' lang='lat' dir='ltr'><strong>vobis</strong></span> <span class='ocrx_word' id='word_1_114' title='bbox 994 1650 1258 1713; x_wconf 76' lang='lat' dir='ltr'><strong>ccelestia,</strong></span> <span class='ocrx_word' id='word_1_115' title='bbox 1285 1648 1549 1704; x_wconf 85' lang='lat' dir='ltr'><strong>credetis?</strong></span> <span class='ocrx_word' id='word_1_116' title='bbox 1574 1650 1640 1701; x_wconf 86' lang='lat' dir='ltr'><strong>Et</strong></span> <span class='ocrx_word' id='word_1_117' title='bbox 1670 1664 1825 1702; x_wconf 92' lang='lat' dir='ltr'><strong>nemo</strong></span> <span class='ocrx_word' id='word_1_118' title='bbox 1853 1649 2094 1702; x_wconf 82' lang='lat' dir='ltr'><strong>ascendit</strong></span> 
     </span>
    </p>
   </div>
   <div class='ocr_carea' id='block_1_19' title="bbox 534 1738 2095 1808">
    <p class='ocr_par' dir='ltr' id='par_1_19' title="bbox 534 1738 2095 1808">
     <span class='ocr_line' id='line_1_19' title="bbox 534 1738 2095 1808; baseline 0.001 -16"><span class='ocrx_word' id='word_1_119' title='bbox 534 1739 586 1792; x_wconf 92' lang='lat' dir='ltr'><strong>in</strong></span> <span class='ocrx_word' id='word_1_120' title='bbox 613 1739 831 1803; x_wconf 74' lang='lat' dir='ltr'><strong>cmlum,</strong></span> <span class='ocrx_word' id='word_1_121' title='bbox 858 1741 958 1793; x_wconf 91' lang='lat' dir='ltr'><strong>nisi</strong></span> <span class='ocrx_word' id='word_1_122' title='bbox 988 1741 1077 1808; x_wconf 86' lang='lat' dir='ltr'><strong>qui</strong></span> <span class='ocrx_word' id='word_1_123' title='bbox 1111 1741 1387 1793; x_wconf 86' lang='lat' dir='ltr'><strong>descendit</strong></span> <span class='ocrx_word' id='word_1_124' title='bbox 1409 1740 1477 1794; x_wconf 88' lang='lat' dir='ltr'><strong>de</strong></span> <span class='ocrx_word' id='word_1_125' title='bbox 1502 1740 1640 1793; x_wconf 74' lang='lat' dir='ltr'><strong>cmlo</strong></span> <span class='ocrx_word' id='word_1_126' title='bbox 1666 1738 1834 1793; x_wconf 87' lang='lat' dir='ltr'><strong>Filius</strong></span> <span class='ocrx_word' id='word_1_127' title='bbox 1860 1740 2095 1793; x_wconf 87' lang='lat' dir='ltr'><strong>hominis</strong></span> 
     </span>
    </p>
   </div>
   <div class='ocr_carea' id='block_1_20' title="bbox 2193 545 3760 623">
    <p class='ocr_par' dir='ltr' id='par_1_20' title="bbox 2193 545 3760 623">
     <span class='ocr_line' id='line_1_20' title="bbox 2193 545 3760 623; baseline -0.007 -16"><span class='ocrx_word' id='word_1_128' title='bbox 2193 555 2331 623; x_wconf 86' lang='grc' dir='ltr'><strong>ἁγίῳ</strong></span> <span class='ocrx_word' id='word_1_129' title='bbox 2381 552 2679 621; x_wconf 82' lang='grc' dir='ltr'><strong>Πνεύματι.</strong></span> <span class='ocrx_word' id='word_1_130' title='bbox 2729 551 2847 603; x_wconf 83' lang='grc' dir='ltr'>Τίνι</span> <span class='ocrx_word' id='word_1_131' title='bbox 2894 549 3002 619; x_wconf 71' lang='grc' dir='ltr'><strong>γὰρ</strong></span> <span class='ocrx_word' id='word_1_132' title='bbox 3051 550 3116 601; x_wconf 85' lang='grc' dir='ltr'><strong>ἂν</strong></span> <span class='ocrx_word' id='word_1_133' title='bbox 3163 547 3361 616; x_wconf 80' lang='grc' dir='ltr'><strong>πρέποι</strong></span> <span class='ocrx_word' id='word_1_134' title='bbox 3396 545 3458 598; x_wconf 80' lang='grc' dir='ltr'><strong>τὸ</strong></span> <span class='ocrx_word' id='word_1_135' title='bbox 3505 548 3760 615; x_wconf 78' lang='grc' dir='ltr'><strong>χορηγεῖν</strong></span> 
     </span>
    </p>
   </div>
   <div class='ocr_carea' id='block_1_21' title="bbox 2190 637 3761 715">
    <p class='ocr_par' dir='ltr' id='par_1_21' title="bbox 2190 637 3761 715">
     <span class='ocr_line' id='line_1_21' title="bbox 2190 637 3761 715; baseline -0.007 -16"><span class='ocrx_word' id='word_1_136' title='bbox 2190 645 2450 699; x_wconf 82' lang='grc' dir='ltr'><strong>δύνασθαι</strong></span> <span class='ocrx_word' id='word_1_137' title='bbox 2495 642 2593 714; x_wconf 78' lang='grc' dir='ltr'><strong>τὴν</strong></span> <span class='ocrx_word' id='word_1_138' title='bbox 2642 642 2735 695; x_wconf 91' lang='grc' dir='ltr'><strong>τοῦ</strong></span> <span class='ocrx_word' id='word_1_139' title='bbox 2782 640 3093 715; x_wconf 71' lang='grc' dir='ltr'><strong>Πνεῦματος</strong></span> <span class='ocrx_word' id='word_1_140' title='bbox 3145 640 3323 709; x_wconf 84' lang='grc' dir='ltr'><strong>χάριν,</strong></span> <span class='ocrx_word' id='word_1_141' title='bbox 3362 638 3499 708; x_wconf 78' lang='grc' dir='ltr'><strong>πλὴν</strong></span> <span class='ocrx_word' id='word_1_142' title='bbox 3552 638 3641 690; x_wconf 82' lang='grc' dir='ltr'><strong>ὅτι</strong></span> <span class='ocrx_word' id='word_1_143' title='bbox 3686 637 3761 705; x_wconf 81' lang='grc' dir='ltr'><strong>τῷ</strong></span> 
     </span>
    </p>
   </div>
   <div class='ocr_carea' id='block_1_22' title="bbox 2192 725 3763 806">
    <p class='ocr_par' dir='ltr' id='par_1_22' title="bbox 2192 725 3763 806">
     <span class='ocr_line' id='line_1_22' title="bbox 2192 725 3763 806; baseline -0.005 -18"><span class='ocrx_word' id='word_1_144' title='bbox 2192 736 2349 806; x_wconf 79' lang='grc' dir='ltr'><strong>φύσει</strong></span> <span class='ocrx_word' id='word_1_145' title='bbox 2396 753 2456 787; x_wconf 89' lang='grc' dir='ltr'><strong>τε</strong></span> <span class='ocrx_word' id='word_1_146' title='bbox 2506 735 2600 786; x_wconf 71' lang='grc' dir='ltr'><strong>καὶ</strong></span> <span class='ocrx_word' id='word_1_147' title='bbox 2628 733 2841 803; x_wconf 81' lang='grc' dir='ltr'><strong>ἀληθῶς</strong></span> <span class='ocrx_word' id='word_1_148' title='bbox 2889 732 3003 785; x_wconf 79' lang='grc' dir='ltr'><strong>ὄντι</strong></span> <span class='ocrx_word' id='word_1_149' title='bbox 3031 730 3183 800; x_wconf 84' lang='grc' dir='ltr'><strong>Θεῷ;</strong></span> <span class='ocrx_word' id='word_1_150' title='bbox 3228 725 3324 793; x_wconf 74' lang='grc' dir='ltr'><strong>Εἷς</strong></span> <span class='ocrx_word' id='word_1_151' title='bbox 3350 725 3444 783; x_wconf 82' lang='grc' dir='ltr'><strong>οῦν</strong></span> <span class='ocrx_word' id='word_1_152' title='bbox 3492 729 3598 801; x_wconf 80' lang='grc' dir='ltr'><strong>ἄρα</strong></span> <span class='ocrx_word' id='word_1_153' title='bbox 3636 730 3763 799; x_wconf 85' lang='grc' dir='ltr'><strong>Χρι-</strong></span> 
     </span>
    </p>
   </div>
   <div class='ocr_carea' id='block_1_23' title="bbox 2193 821 3761 895">
    <p class='ocr_par' dir='ltr' id='par_1_23' title="bbox 2193 821 3761 895">
     <span class='ocr_line' id='line_1_23' title="bbox 2193 821 3761 895; baseline -0.005 -14"><span class='ocrx_word' id='word_1_154' title='bbox 2193 828 2314 891; x_wconf 85' lang='grc' dir='ltr'><strong>στὸς</strong></span> <span class='ocrx_word' id='word_1_155' title='bbox 2342 828 2437 881; x_wconf 72' lang='grc' dir='ltr'><strong>καὶ</strong></span> <span class='ocrx_word' id='word_1_156' title='bbox 2468 826 2625 890; x_wconf 75' lang='grc' dir='ltr'><strong>Υἱόςο</strong></span> <span class='ocrx_word' id='word_1_157' title='bbox 2676 825 2771 878; x_wconf 76' lang='grc' dir='ltr'><strong>καὶ</strong></span> <span class='ocrx_word' id='word_1_158' title='bbox 2821 824 3156 895; x_wconf 82' lang='grc' dir='ltr'><strong>μαρτυρήσει</strong></span> <span class='ocrx_word' id='word_1_159' title='bbox 3200 822 3372 891; x_wconf 82' lang='grc' dir='ltr'><strong>λέγων</strong></span> <span class='ocrx_word' id='word_1_160' title='bbox 3417 821 3446 873; x_wconf 98' lang='lat'><strong>6</strong></span> <span class='ocrx_word' id='word_1_161' title='bbox 3472 821 3761 889; x_wconf 81' lang='grc' dir='ltr'><strong>εὐαγγελι-</strong></span> 
     </span>
    </p>
   </div>
   <div class='ocr_carea' id='block_1_24' title="bbox 2193 920 2345 990">
    <p class='ocr_par' dir='ltr' id='par_1_24' title="bbox 2193 920 2345 990">
     <span class='ocr_line' id='line_1_24' title="bbox 2193 920 2345 990; baseline 0.007 -19"><span class='ocrx_word' id='word_1_162' title='bbox 2193 920 2345 990; x_wconf 79' lang='grc' dir='ltr'><strong>στής.</strong></span> 
     </span>
    </p>
   </div>
   <div class='ocr_carea' id='block_1_25' title="bbox 2267 1084 3764 1166">
    <p class='ocr_par' dir='ltr' id='par_1_25' title="bbox 2267 1084 3764 1166">
     <span class='ocr_line' id='line_1_25' title="bbox 2267 1084 3764 1166; baseline -0.004 -16"><span class='ocrx_word' id='word_1_163' title='bbox 2267 1116 2287 1149; x_wconf 77' lang='grc' dir='ltr'><strong>ι</strong></span> <span class='ocrx_word' id='word_1_164' title='bbox 2324 1095 2493 1164; x_wconf 84' lang='grc' dir='ltr'><strong>Κάγὼ</strong></span> <span class='ocrx_word' id='word_1_165' title='bbox 2557 1096 2805 1166; x_wconf 79' lang='grc' dir='ltr'><strong>ἑώρακα,</strong></span> <span class='ocrx_word' id='word_1_166' title='bbox 2852 1095 2948 1147; x_wconf 75' lang='grc' dir='ltr'><strong>καὶ</strong></span> <span class='ocrx_word' id='word_1_167' title='bbox 3008 1094 3431 1165; x_wconf 77' lang='grc' dir='ltr'><strong>μεμαρτύρηκα,</strong></span> <span class='ocrx_word' id='word_1_168' title='bbox 3468 1092 3578 1147; x_wconf 72' lang='grc' dir='ltr'><strong>ὅτι’</strong></span> <span class='ocrx_word' id='word_1_169' title='bbox 3611 1084 3764 1154; x_wconf 70' lang='grc' dir='ltr'><strong>οὗτός</strong></span> 
     </span>
    </p>
   </div>
   <div class='ocr_carea' id='block_1_26' title="bbox 2194 1180 3765 1252">
    <p class='ocr_par' dir='ltr' id='par_1_26' title="bbox 2194 1180 3765 1252">
     <span class='ocr_line' id='line_1_26' title="bbox 2194 1180 3765 1252; baseline -0.005 -10"><span class='ocrx_word' id='word_1_170' title='bbox 2194 1190 2381 1242; x_wconf 84' lang='grc' dir='ltr'><strong>ἐστινὸ</strong></span> <span class='ocrx_word' id='word_1_171' title='bbox 2400 1189 2525 1252; x_wconf 73' lang='grc' dir='ltr'><strong>Υἱὸς</strong></span> <span class='ocrx_word' id='word_1_172' title='bbox 2555 1188 2645 1241; x_wconf 84' lang='grc' dir='ltr'><strong>τοῦ</strong></span> <span class='ocrx_word' id='word_1_173' title='bbox 2678 1187 2831 1243; x_wconf 78' lang='grc' dir='ltr'><strong>Θεοῦ.</strong></span> <span class='ocrx_word' id='word_1_174' title='bbox 2871 1206 2890 1238; x_wconf 74' lang='grc' dir='ltr'><strong>ι</strong></span> <span class='ocrx_word' id='word_1_175' title='bbox 2926 1180 3091 1248; x_wconf 73' lang='grc' dir='ltr'><strong>Οὗτος</strong></span> <span class='ocrx_word' id='word_1_176' title='bbox 3120 1186 3201 1249; x_wconf 77' lang='grc' dir='ltr'><strong>δὲ,</strong></span> <span class='ocrx_word' id='word_1_177' title='bbox 3235 1186 3416 1250; x_wconf 87' lang='grc' dir='ltr'><strong>ποῖος;</strong></span> <span class='ocrx_word' id='word_1_178' title='bbox 3452 1186 3547 1238; x_wconf 84' lang='grc' dir='ltr'><strong>Ὃν</strong></span> <span class='ocrx_word' id='word_1_179' title='bbox 3574 1183 3765 1236; x_wconf 83' lang='grc' dir='ltr'><strong>τεθέα-</strong></span> 
     </span>
    </p>
   </div>
   <div class='ocr_carea' id='block_1_27' title="bbox 2193 1272 3765 1351">
    <p class='ocr_par' dir='ltr' id='par_1_27' title="bbox 2193 1272 3765 1351">
     <span class='ocr_line' id='line_1_27' title="bbox 2193 1272 3765 1351; baseline -0.007 -16"><span class='ocrx_word' id='word_1_180' title='bbox 2193 1300 2283 1335; x_wconf 88' lang='grc' dir='ltr'><strong>ται</strong></span> <span class='ocrx_word' id='word_1_181' title='bbox 2315 1284 2413 1351; x_wconf 84' lang='grc' dir='ltr'><strong>μὲν</strong></span> <span class='ocrx_word' id='word_1_182' title='bbox 2461 1281 2814 1351; x_wconf 79' lang='grc' dir='ltr'><strong>ἀνθρωπίνως</strong></span> <span class='ocrx_word' id='word_1_183' title='bbox 2862 1280 2923 1331; x_wconf 85' lang='grc' dir='ltr'><strong>τὸ</strong></span> <span class='ocrx_word' id='word_1_184' title='bbox 2967 1277 3191 1347; x_wconf 79' lang='grc' dir='ltr'><strong>Πνεῦμα</strong></span> <span class='ocrx_word' id='word_1_185' title='bbox 3228 1278 3535 1348; x_wconf 80' lang='grc' dir='ltr'><strong>δεχόμενον,</strong></span> <span class='ocrx_word' id='word_1_186' title='bbox 3574 1272 3688 1328; x_wconf 70' lang='grc' dir='ltr'><strong>οἶδε</strong></span> <span class='ocrx_word' id='word_1_187' title='bbox 3714 1274 3765 1325; x_wconf 84' lang='grc' dir='ltr'><strong>δέ</strong></span> 
     </span>
    </p>
   </div>
   <div class='ocr_carea' id='block_1_28' title="bbox 2196 1369 3442 1442">
    <p class='ocr_par' dir='ltr' id='par_1_28' title="bbox 2196 1369 3442 1442">
     <span class='ocr_line' id='line_1_28' title="bbox 2196 1369 3442 1442; baseline -0.003 -16"><span class='ocrx_word' id='word_1_188' title='bbox 2196 1372 2525 1442; x_wconf 78' lang='grc' dir='ltr'><strong>βαπτίζοντα</strong></span> <span class='ocrx_word' id='word_1_189' title='bbox 2556 1371 2754 1434; x_wconf 82' lang='grc' dir='ltr'><strong>θεῖκῶς</strong></span> <span class='ocrx_word' id='word_1_190' title='bbox 2784 1374 2842 1424; x_wconf 91' lang='grc' dir='ltr'><strong>ἐν</strong></span> <span class='ocrx_word' id='word_1_191' title='bbox 2870 1369 2949 1439; x_wconf 85' lang='grc' dir='ltr'><strong>τῷ</strong></span> <span class='ocrx_word' id='word_1_192' title='bbox 2979 1371 3117 1440; x_wconf 84' lang='grc' dir='ltr'><strong>ἁγίῳ</strong></span> <span class='ocrx_word' id='word_1_193' title='bbox 3146 1370 3442 1439; x_wconf 77' lang='grc' dir='ltr'><strong>Πνεῦματι.</strong></span> 
     </span>
    </p>
   </div>
   <div class='ocr_carea' id='block_1_29' title="bbox 2270 1553 3767 1627">
    <p class='ocr_par' dir='ltr' id='par_1_29' title="bbox 2270 1553 3767 1627">
     <span class='ocr_line' id='line_1_29' title="bbox 2270 1553 3767 1627; baseline -0.007 -12"><span class='ocrx_word' id='word_1_194' title='bbox 2270 1582 2289 1615; x_wconf 78' lang='grc' dir='ltr'><strong>ι</strong></span> <span class='ocrx_word' id='word_1_195' title='bbox 2328 1562 2389 1615; x_wconf 84' lang='grc' dir='ltr'><strong>Εἰ</strong></span> <span class='ocrx_word' id='word_1_196' title='bbox 2418 1561 2488 1614; x_wconf 83' lang='grc' dir='ltr'><strong>τὰ</strong></span> <span class='ocrx_word' id='word_1_197' title='bbox 2514 1560 2731 1627; x_wconf 75' lang='grc' dir='ltr'><strong>ἐπίγεια</strong></span> <span class='ocrx_word' id='word_1_198' title='bbox 2748 1553 2899 1610; x_wconf 81' lang='grc' dir='ltr'><strong>εἷπον</strong></span> <span class='ocrx_word' id='word_1_199' title='bbox 2919 1557 3067 1627; x_wconf 78' lang='grc' dir='ltr'><strong>ὑμῖν,</strong></span> <span class='ocrx_word' id='word_1_200' title='bbox 3102 1555 3196 1608; x_wconf 76' lang='grc' dir='ltr'><strong>καὶ</strong></span> <span class='ocrx_word' id='word_1_201' title='bbox 3227 1554 3288 1607; x_wconf 82' lang='grc' dir='ltr'><strong>οὐ</strong></span> <span class='ocrx_word' id='word_1_202' title='bbox 3318 1553 3622 1617; x_wconf 86' lang='grc' dir='ltr'><strong>πιστεύετε,</strong></span> <span class='ocrx_word' id='word_1_203' title='bbox 3654 1556 3767 1618; x_wconf 85' lang='grc' dir='ltr'><strong>πῶς</strong></span> 
     </span>
    </p>
   </div>
   <div class='ocr_carea' id='block_1_30' title="bbox 2195 1645 3765 1720">
    <p class='ocr_par' dir='ltr' id='par_1_30' title="bbox 2195 1645 3765 1720">
     <span class='ocr_line' id='line_1_30' title="bbox 2195 1645 3765 1720; baseline -0.006 -14"><span class='ocrx_word' id='word_1_204' title='bbox 2195 1654 2289 1706; x_wconf 73' lang='grc' dir='ltr'><strong>ἐὰν</strong></span> <span class='ocrx_word' id='word_1_205' title='bbox 2318 1653 2455 1705; x_wconf 76' lang='grc' dir='ltr'><strong>εἴπω</strong></span> <span class='ocrx_word' id='word_1_206' title='bbox 2484 1652 2611 1720; x_wconf 82' lang='grc' dir='ltr'><strong>ὑμῖν</strong></span> <span class='ocrx_word' id='word_1_207' title='bbox 2638 1648 2709 1701; x_wconf 84' lang='grc' dir='ltr'><strong>τὰ</strong></span> <span class='ocrx_word' id='word_1_208' title='bbox 2736 1647 3052 1717; x_wconf 82' lang='grc' dir='ltr'><strong>ἐπουράνια,</strong></span> <span class='ocrx_word' id='word_1_209' title='bbox 3077 1645 3427 1709; x_wconf 60' lang='lat' dir='ltr'><strong>moratione;</strong></span> <span class='ocrx_word' id='word_1_210' title='bbox 3457 1645 3568 1697; x_wconf 79' lang='grc' dir='ltr'><strong>Καὶ</strong></span> <span class='ocrx_word' id='word_1_211' title='bbox 3596 1646 3765 1707; x_wconf 73' lang='grc' dir='ltr'><strong>οὐδεὶς</strong></span> 
     </span>
    </p>
   </div>
   <div class='ocr_carea' id='block_1_31' title="bbox 2198 1735 3763 1813">
    <p class='ocr_par' dir='ltr' id='par_1_31' title="bbox 2198 1735 3763 1813">
     <span class='ocr_line' id='line_1_31' title="bbox 2198 1735 3763 1813; baseline -0.006 -16"><span class='ocrx_word' id='word_1_212' title='bbox 2198 1744 2538 1813; x_wconf 84' lang='grc' dir='ltr'><strong>ἀναϐέϐηκεν</strong></span> <span class='ocrx_word' id='word_1_213' title='bbox 2568 1742 2647 1804; x_wconf 88' lang='grc' dir='ltr'><strong>είς</strong></span> <span class='ocrx_word' id='word_1_214' title='bbox 2676 1741 2764 1793; x_wconf 82' lang='grc' dir='ltr'><strong>τὸν</strong></span> <span class='ocrx_word' id='word_1_215' title='bbox 2793 1739 3041 1811; x_wconf 81' lang='grc' dir='ltr'><strong>οὐρανὸν,</strong></span> <span class='ocrx_word' id='word_1_216' title='bbox 3074 1739 3121 1791; x_wconf 83' lang='grc' dir='ltr'><strong>εί</strong></span> <span class='ocrx_word' id='word_1_217' title='bbox 3154 1738 3229 1807; x_wconf 88' lang='grc' dir='ltr'><strong>μὴ</strong></span> <span class='ocrx_word' id='word_1_218' title='bbox 3258 1740 3285 1789; x_wconf 85' lang='lat'><strong>6</strong></span> <span class='ocrx_word' id='word_1_219' title='bbox 3314 1738 3378 1790; x_wconf 88' lang='grc' dir='ltr'><strong>ἐκ</strong></span> <span class='ocrx_word' id='word_1_220' title='bbox 3406 1735 3499 1788; x_wconf 89' lang='grc' dir='ltr'><strong>τοῦ</strong></span> <span class='ocrx_word' id='word_1_221' title='bbox 3534 1736 3763 1807; x_wconf 85' lang='grc' dir='ltr'><strong>οὖρανοῦ</strong></span> 
     </span>
    </p>
   </div>
   <div class='ocr_carea' id='block_1_32' title="bbox 532 1825 2102 1902">
    <p class='ocr_par' dir='ltr' id='par_1_32' title="bbox 532 1830 2097 1899">
     <span class='ocr_line' id='line_1_32' title="bbox 532 1830 2097 1899; baseline 0.002 -17"><span class='ocrx_word' id='word_1_222' title='bbox 532 1830 622 1899; x_wconf 85' lang='lat' dir='ltr'><strong>qui</strong></span> <span class='ocrx_word' id='word_1_223' title='bbox 665 1838 749 1884; x_wconf 87' lang='lat' dir='ltr'><strong>est</strong></span> <span class='ocrx_word' id='word_1_224' title='bbox 792 1831 843 1884; x_wconf 90' lang='lat' dir='ltr'><strong>in</strong></span> <span class='ocrx_word' id='word_1_225' title='bbox 887 1832 1022 1886; x_wconf 70' lang='lat' dir='ltr'><strong>cmlo</strong></span> <span class='ocrx_word' id='word_1_226' title='bbox 1041 1832 1109 1886; x_wconf 79' lang='grc'><strong>’³.</strong></span> <span class='ocrx_word' id='word_1_227' title='bbox 1156 1852 1173 1883; x_wconf 74' lang='grc' dir='ltr'><strong>ι</strong></span> <span class='ocrx_word' id='word_1_228' title='bbox 1221 1830 1500 1898; x_wconf 81' lang='lat' dir='ltr'><strong>Quomodo</strong></span> <span class='ocrx_word' id='word_1_229' title='bbox 1541 1831 1820 1888; x_wconf 83' lang='lat' dir='ltr'><strong>descendit</strong></span> <span class='ocrx_word' id='word_1_230' title='bbox 1858 1832 1923 1885; x_wconf 87' lang='lat' dir='ltr'><strong>de</strong></span> <span class='ocrx_word' id='word_1_231' title='bbox 1960 1832 2097 1886; x_wconf 77' lang='lat' dir='ltr'><strong>etnlo</strong></span> 
     </span>
    </p>
   </div>
   <div class='ocr_carea' id='block_1_33' title="bbox 2199 1825 3768 1902">
    <p class='ocr_par' dir='ltr' id='par_1_33' title="bbox 2199 1828 3768 1902">
     <span class='ocr_line' id='line_1_33' title="bbox 2199 1828 3768 1902; baseline -0.006 -14"><span class='ocrx_word' id='word_1_232' title='bbox 2199 1834 2440 1897; x_wconf 75' lang='grc' dir='ltr'><strong>καταϐὰς</strong></span> <span class='ocrx_word' id='word_1_233' title='bbox 2459 1874 2472 1897; x_wconf 87' lang='grc'><strong>,</strong></span> <span class='ocrx_word' id='word_1_234' title='bbox 2505 1836 2533 1885; x_wconf 93' lang='lat'><strong>6</strong></span> <span class='ocrx_word' id='word_1_235' title='bbox 2565 1830 2693 1895; x_wconf 78' lang='grc' dir='ltr'><strong>Υἱὸς</strong></span> <span class='ocrx_word' id='word_1_236' title='bbox 2722 1830 2813 1884; x_wconf 89' lang='grc' dir='ltr'><strong>τοῦ</strong></span> <span class='ocrx_word' id='word_1_237' title='bbox 2844 1829 3149 1902; x_wconf 75' lang='grc' dir='ltr'><strong>ἀνθρώπου.</strong></span> <span class='ocrx_word' id='word_1_238' title='bbox 3190 1848 3208 1880; x_wconf 75' lang='grc' dir='ltr'><strong>ι</strong></span> <span class='ocrx_word' id='word_1_239' title='bbox 3243 1828 3366 1891; x_wconf 89' lang='grc' dir='ltr'><strong>Πῶς</strong></span> <span class='ocrx_word' id='word_1_240' title='bbox 3397 1828 3768 1896; x_wconf 76' lang='grc' dir='ltr'><strong>καταϐέϐηκεν</strong></span> 
     </span>
    </p>
   </div>
   <div class='ocr_carea' id='block_1_34' title="bbox 531 1921 2098 1991">
    <p class='ocr_par' dir='ltr' id='par_1_34' title="bbox 531 1921 2098 1991">
     <span class='ocr_line' id='line_1_34' title="bbox 531 1921 2098 1991; baseline 0.004 -16"><span class='ocrx_word' id='word_1_241' title='bbox 531 1921 700 1975; x_wconf 87' lang='lat' dir='ltr'><strong>Filius</strong></span> <span class='ocrx_word' id='word_1_242' title='bbox 730 1922 985 1988; x_wconf 87' lang='lat' dir='ltr'><strong>hominis,</strong></span> <span class='ocrx_word' id='word_1_243' title='bbox 1014 1922 1282 1991; x_wconf 85' lang='lat' dir='ltr'><strong>siquidem</strong></span> <span class='ocrx_word' id='word_1_244' title='bbox 1314 1939 1466 1977; x_wconf 91' lang='lat' dir='ltr'><strong>sacra</strong></span> <span class='ocrx_word' id='word_1_245' title='bbox 1503 1924 1591 1979; x_wconf 92' lang='lat' dir='ltr'><strong>illa</strong></span> <span class='ocrx_word' id='word_1_246' title='bbox 1623 1941 1749 1980; x_wconf 90' lang='lat' dir='ltr'><strong>caro</strong></span> <span class='ocrx_word' id='word_1_247' title='bbox 1776 1941 1842 1981; x_wconf 86' lang='lat' dir='ltr'><strong>ex</strong></span> <span class='ocrx_word' id='word_1_248' title='bbox 1874 1928 2098 1982; x_wconf 86' lang='lat' dir='ltr'><strong>muliere</strong></span> 
     </span>
    </p>
   </div>
   <div class='ocr_carea' id='block_1_35' title="bbox 535 2013 2099 2085">
    <p class='ocr_par' dir='ltr' id='par_1_35' title="bbox 535 2013 2099 2085">
     <span class='ocr_line' id='line_1_35' title="bbox 535 2013 2099 2085; baseline 0.005 -19"><span class='ocrx_word' id='word_1_249' title='bbox 535 2024 659 2066; x_wconf 90' lang='lat' dir='ltr'><strong>nata</strong></span> <span class='ocrx_word' id='word_1_250' title='bbox 697 2014 809 2067; x_wconf 89' lang='lat' dir='ltr'><strong>est?</strong></span> <span class='ocrx_word' id='word_1_251' title='bbox 844 2013 973 2068; x_wconf 84' lang='lat' dir='ltr'><strong>Erat</strong></span> <span class='ocrx_word' id='word_1_252' title='bbox 1012 2029 1141 2068; x_wconf 89' lang='lat' dir='ltr'><strong>sane</strong></span> <span class='ocrx_word' id='word_1_253' title='bbox 1180 2031 1307 2069; x_wconf 88' lang='lat' dir='ltr'><strong>caro</strong></span> <span class='ocrx_word' id='word_1_254' title='bbox 1336 2016 1497 2071; x_wconf 85' lang='lat' dir='ltr'><strong>Verbi</strong></span> <span class='ocrx_word' id='word_1_255' title='bbox 1539 2019 1682 2085; x_wconf 88' lang='lat' dir='ltr'><strong>quod</strong></span> <span class='ocrx_word' id='word_1_256' title='bbox 1725 2018 1792 2072; x_wconf 91' lang='lat' dir='ltr'><strong>de</strong></span> <span class='ocrx_word' id='word_1_257' title='bbox 1832 2020 1967 2074; x_wconf 57' lang='lat' dir='ltr'><strong>caelo</strong></span> <span class='ocrx_word' id='word_1_258' title='bbox 2004 2020 2099 2074; x_wconf 86' lang='lat' dir='ltr'><strong>de-</strong></span> 
     </span>
    </p>
   </div>
   <div class='ocr_carea' id='block_1_36' title="bbox 533 2104 2099 2175">
    <p class='ocr_par' dir='ltr' id='par_1_36' title="bbox 533 2104 2099 2175">
     <span class='ocr_line' id='line_1_36' title="bbox 533 2104 2099 2175; baseline 0.006 -21"><span class='ocrx_word' id='word_1_259' title='bbox 533 2104 837 2169; x_wconf 85' lang='lat' dir='ltr'><strong>scenderat,</strong></span> <span class='ocrx_word' id='word_1_260' title='bbox 869 2106 1084 2171; x_wconf 89' lang='lat' dir='ltr'><strong>propria</strong></span> <span class='ocrx_word' id='word_1_261' title='bbox 1119 2122 1133 2159; x_wconf 90' lang='lat'><strong>:</strong></span> <span class='ocrx_word' id='word_1_262' title='bbox 1168 2120 1304 2159; x_wconf 91' lang='lat' dir='ltr'><strong>unus</strong></span> <span class='ocrx_word' id='word_1_263' title='bbox 1336 2116 1421 2160; x_wconf 91' lang='lat' dir='ltr'><strong>est</strong></span> <span class='ocrx_word' id='word_1_264' title='bbox 1454 2107 1620 2175; x_wconf 83' lang='lat' dir='ltr'><strong>igitur</strong></span> <span class='ocrx_word' id='word_1_265' title='bbox 1649 2108 1895 2163; x_wconf 87' lang='lat' dir='ltr'><strong>Christus</strong></span> <span class='ocrx_word' id='word_1_266' title='bbox 1924 2120 1979 2162; x_wconf 92' lang='lat' dir='ltr'><strong>et</strong></span> <span class='ocrx_word' id='word_1_267' title='bbox 2009 2110 2099 2163; x_wconf 85' lang='lat' dir='ltr'><strong>Fi-</strong></span> 
     </span>
    </p>
   </div>
   <div class='ocr_carea' id='block_1_37' title="bbox 534 2192 2096 2267">
    <p class='ocr_par' dir='ltr' id='par_1_37' title="bbox 534 2192 2096 2267">
     <span class='ocr_line' id='line_1_37' title="bbox 534 2192 2096 2267; baseline 0.006 -22"><span class='ocrx_word' id='word_1_268' title='bbox 534 2192 654 2247; x_wconf 91' lang='lat' dir='ltr'><strong>lius.</strong></span> <span class='ocrx_word' id='word_1_269' title='bbox 678 2196 781 2258; x_wconf 89' lang='lat' dir='ltr'><strong>Ita,</strong></span> <span class='ocrx_word' id='word_1_270' title='bbox 808 2210 926 2264; x_wconf 85' lang='lat' dir='ltr'><strong>quae</strong></span> <span class='ocrx_word' id='word_1_271' title='bbox 946 2196 1107 2250; x_wconf 81' lang='lat' dir='ltr'><strong>Verbi</strong></span> <span class='ocrx_word' id='word_1_272' title='bbox 1139 2205 1285 2261; x_wconf 90' lang='lat' dir='ltr'><strong>sunt,</strong></span> <span class='ocrx_word' id='word_1_273' title='bbox 1316 2199 1530 2267; x_wconf 91' lang='lat' dir='ltr'><strong>propria</strong></span> <span class='ocrx_word' id='word_1_274' title='bbox 1556 2200 1738 2254; x_wconf 91' lang='lat' dir='ltr'><strong>carnis</strong></span> <span class='ocrx_word' id='word_1_275' title='bbox 1766 2200 1904 2255; x_wconf 75' lang='lat' dir='ltr'><strong>facta</strong></span> <span class='ocrx_word' id='word_1_276' title='bbox 1931 2211 2056 2255; x_wconf 88' lang='lat' dir='ltr'><strong>sunt</strong></span> <span class='ocrx_word' id='word_1_277' title='bbox 2080 2215 2096 2254; x_wconf 92' lang='lat'><strong>:</strong></span> 
     </span>
    </p>
   </div>
   <div class='ocr_carea' id='block_1_38' title="bbox 532 2286 2096 2357">
    <p class='ocr_par' dir='ltr' id='par_1_38' title="bbox 532 2286 2096 2357">
     <span class='ocr_line' id='line_1_38' title="bbox 532 2286 2096 2357; baseline 0.005 -22"><span class='ocrx_word' id='word_1_278' title='bbox 532 2296 653 2350; x_wconf 79' lang='lat' dir='ltr'><strong>quae</strong></span> <span class='ocrx_word' id='word_1_279' title='bbox 673 2299 800 2338; x_wconf 90' lang='lat' dir='ltr'><strong>vero</strong></span> <span class='ocrx_word' id='word_1_280' title='bbox 825 2286 1005 2339; x_wconf 90' lang='lat' dir='ltr'><strong>carnis</strong></span> <span class='ocrx_word' id='word_1_281' title='bbox 1031 2294 1176 2351; x_wconf 90' lang='lat' dir='ltr'><strong>sunt,</strong></span> <span class='ocrx_word' id='word_1_282' title='bbox 1210 2287 1423 2356; x_wconf 86' lang='lat' dir='ltr'><strong>propria</strong></span> <span class='ocrx_word' id='word_1_283' title='bbox 1450 2287 1611 2344; x_wconf 87' lang='lat' dir='ltr'><strong>Verbi</strong></span> <span class='ocrx_word' id='word_1_284' title='bbox 1640 2300 1955 2357; x_wconf 88' lang='lat' dir='ltr'><strong>evaserunt,</strong></span> <span class='ocrx_word' id='word_1_285' title='bbox 1983 2290 2096 2345; x_wconf 70' lang='lat' dir='ltr'><strong>Sola</strong></span> 
     </span>
    </p>
   </div>
   <div class='ocr_carea' id='block_1_39' title="bbox 534 2376 1157 2445">
    <p class='ocr_par' dir='ltr' id='par_1_39' title="bbox 534 2376 1157 2445">
     <span class='ocr_line' id='line_1_39' title="bbox 534 2376 1157 2445; baseline 0.003 -17"><span class='ocrx_word' id='word_1_286' title='bbox 534 2376 736 2442; x_wconf 85' lang='lat' dir='ltr'><strong>peccati</strong></span> <span class='ocrx_word' id='word_1_287' title='bbox 766 2376 885 2430; x_wconf 86' lang='lat' dir='ltr'><strong>labe</strong></span> <span class='ocrx_word' id='word_1_288' title='bbox 913 2386 1157 2445; x_wconf 80' lang='lat' dir='ltr'><strong>excepta.</strong></span> 
     </span>
    </p>
   </div>
   <div class='ocr_carea' id='block_1_40' title="bbox 606 2554 2096 2626">
    <p class='ocr_par' dir='ltr' id='par_1_40' title="bbox 606 2554 2096 2626">
     <span class='ocr_line' id='line_1_40' title="bbox 606 2554 2096 2626; baseline 0.003 -20"><span class='ocrx_word' id='word_1_289' title='bbox 606 2574 625 2606; x_wconf 74' lang='grc' dir='ltr'><strong>ι</strong></span> <span class='ocrx_word' id='word_1_290' title='bbox 659 2555 723 2609; x_wconf 82' lang='lat' dir='ltr'><strong>Et</strong></span> <span class='ocrx_word' id='word_1_291' title='bbox 749 2560 887 2608; x_wconf 85' lang='lat' dir='ltr'><strong>sicut</strong></span> <span class='ocrx_word' id='word_1_292' title='bbox 914 2554 1123 2626; x_wconf 79' lang='lat' dir='ltr'><strong>Moyses</strong></span> <span class='ocrx_word' id='word_1_293' title='bbox 1149 2556 1410 2610; x_wconf 83' lang='lat' dir='ltr'><strong>exaltavit</strong></span> <span class='ocrx_word' id='word_1_294' title='bbox 1437 2564 1745 2625; x_wconf 88' lang='lat' dir='ltr'><strong>serpentem</strong></span> <span class='ocrx_word' id='word_1_295' title='bbox 1775 2556 1827 2610; x_wconf 94' lang='lat' dir='ltr'><strong>in</strong></span> <span class='ocrx_word' id='word_1_296' title='bbox 1858 2556 2096 2619; x_wconf 89' lang='lat' dir='ltr'><strong>deserto,</strong></span> 
     </span>
    </p>
   </div>
   <div class='ocr_carea' id='block_1_41' title="bbox 532 2645 2099 2716">
    <p class='ocr_par' dir='ltr' id='par_1_41' title="bbox 532 2645 2099 2716">
     <span class='ocr_line' id='line_1_41' title="bbox 532 2645 2099 2716; baseline 0.002 -18"><span class='ocrx_word' id='word_1_297' title='bbox 532 2647 607 2700; x_wconf 88' lang='lat' dir='ltr'><strong>ita</strong></span> <span class='ocrx_word' id='word_1_298' title='bbox 646 2645 871 2699; x_wconf 85' lang='lat' dir='ltr'><strong>exaltari</strong></span> <span class='ocrx_word' id='word_1_299' title='bbox 910 2656 1122 2715; x_wconf 88' lang='lat' dir='ltr'><strong>oportet</strong></span> <span class='ocrx_word' id='word_1_300' title='bbox 1162 2646 1357 2701; x_wconf 88' lang='lat' dir='ltr'><strong>Filium</strong></span> <span class='ocrx_word' id='word_1_301' title='bbox 1398 2648 1663 2713; x_wconf 89' lang='lat' dir='ltr'><strong>hominis;</strong></span> <span class='ocrx_word' id='word_1_302' title='bbox 1702 2658 1760 2701; x_wconf 94' lang='lat' dir='ltr'><strong>ut</strong></span> <span class='ocrx_word' id='word_1_303' title='bbox 1795 2647 1971 2701; x_wconf 88' lang='lat' dir='ltr'><strong>omnis</strong></span> <span class='ocrx_word' id='word_1_304' title='bbox 2008 2647 2099 2716; x_wconf 89' lang='lat' dir='ltr'><strong>qui</strong></span> 
     </span>
    </p>
   </div>
   <div class='ocr_carea' id='block_1_42' title="bbox 531 2738 2100 2806">
    <p class='ocr_par' dir='ltr' id='par_1_42' title="bbox 531 2738 2100 2806">
     <span class='ocr_line' id='line_1_42' title="bbox 531 2738 2100 2806; baseline 0.001 -15"><span class='ocrx_word' id='word_1_305' title='bbox 531 2739 707 2791; x_wconf 90' lang='lat' dir='ltr'><strong>credit</strong></span> <span class='ocrx_word' id='word_1_306' title='bbox 736 2738 788 2791; x_wconf 93' lang='lat' dir='ltr'><strong>in</strong></span> <span class='ocrx_word' id='word_1_307' title='bbox 818 2738 1014 2805; x_wconf 89' lang='lat' dir='ltr'><strong>ipsum,</strong></span> <span class='ocrx_word' id='word_1_308' title='bbox 1043 2753 1147 2791; x_wconf 91' lang='lat' dir='ltr'><strong>non</strong></span> <span class='ocrx_word' id='word_1_309' title='bbox 1177 2747 1387 2806; x_wconf 88' lang='lat' dir='ltr'><strong>pereat,</strong></span> <span class='ocrx_word' id='word_1_310' title='bbox 1416 2739 1508 2792; x_wconf 89' lang='lat' dir='ltr'><strong>sed</strong></span> <span class='ocrx_word' id='word_1_311' title='bbox 1538 2738 1734 2793; x_wconf 90' lang='lat' dir='ltr'><strong>habeat</strong></span> <span class='ocrx_word' id='word_1_312' title='bbox 1757 2738 1920 2792; x_wconf 88' lang='lat' dir='ltr'><strong>vitam</strong></span> <span class='ocrx_word' id='word_1_313' title='bbox 1944 2746 2100 2792; x_wconf 72' lang='lat' dir='ltr'><strong>teter-</strong></span> 
     </span>
    </p>
   </div>
   <div class='ocr_carea' id='block_1_43' title="bbox 532 2828 2100 2900">
    <p class='ocr_par' dir='ltr' id='par_1_43' title="bbox 532 2828 2100 2900">
     <span class='ocr_line' id='line_1_43' title="bbox 532 2828 2100 2900; baseline -0.001 -17"><span class='ocrx_word' id='word_1_314' title='bbox 532 2847 655 2883; x_wconf 90' lang='lat' dir='ltr'><strong>nam</strong></span> <span class='ocrx_word' id='word_1_315' title='bbox 674 2832 741 2883; x_wconf 82' lang='grc'><strong>¹⁶.</strong></span> <span class='ocrx_word' id='word_1_316' title='bbox 777 2849 795 2881; x_wconf 75' lang='grc' dir='ltr'><strong>ι</strong></span> <span class='ocrx_word' id='word_1_317' title='bbox 826 2831 1118 2900; x_wconf 89' lang='lat' dir='ltr'><strong>Serpentes</strong></span> <span class='ocrx_word' id='word_1_318' title='bbox 1145 2832 1196 2883; x_wconf 92' lang='lat' dir='ltr'><strong>in</strong></span> <span class='ocrx_word' id='word_1_319' title='bbox 1226 2831 1441 2885; x_wconf 89' lang='lat' dir='ltr'><strong>deserto</strong></span> <span class='ocrx_word' id='word_1_320' title='bbox 1468 2831 1737 2886; x_wconf 85' lang='lat' dir='ltr'><strong>morsibus</strong></span> <span class='ocrx_word' id='word_1_321' title='bbox 1764 2830 1903 2884; x_wconf 88' lang='lat' dir='ltr'><strong>lilios</strong></span> <span class='ocrx_word' id='word_1_322' title='bbox 1929 2828 2100 2883; x_wconf 88' lang='lat' dir='ltr'><strong>Israel</strong></span> 
     </span>
    </p>
   </div>
   <div class='ocr_carea' id='block_1_44' title="bbox 533 2921 2094 2989">
    <p class='ocr_par' dir='ltr' id='par_1_44' title="bbox 533 2921 2094 2989">
     <span class='ocr_line' id='line_1_44' title="bbox 533 2921 2094 2989; baseline 0.001 -15"><span class='ocrx_word' id='word_1_323' title='bbox 533 2921 858 2975; x_wconf 70' lang='lat' dir='ltr'><strong>infestabant</strong></span> <span class='ocrx_word' id='word_1_324' title='bbox 886 2939 898 2975; x_wconf 93' lang='lat'>:</span> <span class='ocrx_word' id='word_1_325' title='bbox 926 2938 1047 2975; x_wconf 82' lang='lat' dir='ltr'><strong>mox</strong></span> <span class='ocrx_word' id='word_1_326' title='bbox 1074 2922 1448 2976; x_wconf 90' lang='lat' dir='ltr'><strong>universorum</strong></span> <span class='ocrx_word' id='word_1_327' title='bbox 1477 2923 1738 2977; x_wconf 90' lang='lat' dir='ltr'><strong>Dominus</strong></span> <span class='ocrx_word' id='word_1_328' title='bbox 1766 2921 1936 2989; x_wconf 80' lang='lat' dir='ltr'><strong>Moysi</strong></span> <span class='ocrx_word' id='word_1_329' title='bbox 1966 2937 2094 2989; x_wconf 69' lang='lat' dir='ltr'><strong>prte-</strong></span> 
     </span>
    </p>
   </div>
   <div class='ocr_carea' id='block_1_45' title="bbox 530 3014 2101 3085">
    <p class='ocr_par' dir='ltr' id='par_1_45' title="bbox 530 3014 2101 3085">
     <span class='ocr_line' id='line_1_45' title="bbox 530 3014 2101 3085; baseline 0.003 -23"><span class='ocrx_word' id='word_1_330' title='bbox 530 3014 660 3078; x_wconf 81' lang='lat' dir='ltr'><strong>cipit</strong></span> <span class='ocrx_word' id='word_1_331' title='bbox 694 3022 753 3064; x_wconf 88' lang='lat' dir='ltr'><strong>ut</strong></span> <span class='ocrx_word' id='word_1_332' title='bbox 784 3027 987 3066; x_wconf 62' lang='lat' dir='ltr'><strong>aeneum</strong></span> <span class='ocrx_word' id='word_1_333' title='bbox 1025 3025 1327 3083; x_wconf 90' lang='lat' dir='ltr'><strong>serpentem</strong></span> <span class='ocrx_word' id='word_1_334' title='bbox 1363 3014 1591 3069; x_wconf 80' lang='lat' dir='ltr'><strong>sublime</strong></span> <span class='ocrx_word' id='word_1_335' title='bbox 1625 3017 1939 3085; x_wconf 89' lang='lat' dir='ltr'><strong>suspendat.</strong></span> <span class='ocrx_word' id='word_1_336' title='bbox 1975 3033 1994 3066; x_wconf 80' lang='grc' dir='ltr'><strong>ι</strong></span> <span class='ocrx_word' id='word_1_337' title='bbox 2035 3014 2101 3067; x_wconf 82' lang='grc' dir='ltr'><strong>Ει</strong></span> 
     </span>
    </p>
   </div>
   <div class='ocr_carea' id='block_1_46' title="bbox 530 3104 2097 3174">
    <p class='ocr_par' dir='ltr' id='par_1_46' title="bbox 530 3104 2097 3174">
     <span class='ocr_line' id='line_1_46' title="bbox 530 3104 2097 3174; baseline 0.001 -17"><span class='ocrx_word' id='word_1_338' title='bbox 530 3105 656 3168; x_wconf 84' lang='lat' dir='ltr'><strong>erit,</strong></span> <span class='ocrx_word' id='word_1_339' title='bbox 689 3104 881 3173; x_wconf 89' lang='lat' dir='ltr'><strong>inquit,</strong></span> <span class='ocrx_word' id='word_1_340' title='bbox 915 3105 959 3158; x_wconf 91' lang='lat' dir='ltr'><strong>si</strong></span> <span class='ocrx_word' id='word_1_341' title='bbox 996 3105 1267 3159; x_wconf 88' lang='lat' dir='ltr'><strong>hominem</strong></span> <span class='ocrx_word' id='word_1_342' title='bbox 1298 3120 1521 3174; x_wconf 90' lang='lat' dir='ltr'><strong>serpens</strong></span> <span class='ocrx_word' id='word_1_343' title='bbox 1552 3108 1928 3171; x_wconf 86' lang='lat' dir='ltr'><strong>momorderit,</strong></span> <span class='ocrx_word' id='word_1_344' title='bbox 1961 3115 2015 3161; x_wconf 89' lang='lat' dir='ltr'><strong>et</strong></span> <span class='ocrx_word' id='word_1_345' title='bbox 2047 3106 2097 3159; x_wconf 90' lang='lat' dir='ltr'><strong>in</strong></span> 
     </span>
    </p>
   </div>
   <div class='ocr_carea' id='block_1_47' title="bbox 531 3172 2167 3269">
    <p class='ocr_par' dir='ltr' id='par_1_47' title="bbox 531 3172 2167 3269">
     <span class='ocr_line' id='line_1_47' title="bbox 531 3172 2167 3269; baseline 0.002 -19"><span class='ocrx_word' id='word_1_346' title='bbox 531 3172 833 3264; x_wconf 76' lang='lat' dir='ltr'><strong>serpentem</strong></span> <span class='ocrx_word' id='word_1_347' title='bbox 866 3199 1137 3266; x_wconf 84' lang='lat' dir='ltr'><strong>respiciet,</strong></span> <span class='ocrx_word' id='word_1_348' title='bbox 1169 3208 1221 3252; x_wconf 88' lang='lat' dir='ltr'><strong>et</strong></span> <span class='ocrx_word' id='word_1_349' title='bbox 1248 3172 1477 3254; x_wconf 31' lang='lat' dir='ltr'><strong>vivet—’7.</strong></span> <span class='ocrx_word' id='word_1_350' title='bbox 1512 3219 1531 3252; x_wconf 77' lang='grc' dir='ltr'><strong>ι</strong></span> <span class='ocrx_word' id='word_1_351' title='bbox 1565 3200 1767 3269; x_wconf 82' lang='lat' dir='ltr'><strong>Ecquid</strong></span> <span class='ocrx_word' id='word_1_352' title='bbox 1797 3201 1938 3255; x_wconf 84' lang='lat' dir='ltr'><strong>istud</strong></span> <span class='ocrx_word' id='word_1_353' title='bbox 1968 3201 2097 3254; x_wconf 69' lang='lat' dir='ltr'><strong>aeni-</strong></span> <span class='ocrx_word' id='word_1_354' title='bbox 2125 3172 2167 3231; x_wconf 63' lang='grc' dir='ltr'>Ο</span> 
     </span>
    </p>
   </div>
   <div class='ocr_carea' id='block_1_48' title="bbox 532 3290 2097 3362">
    <p class='ocr_par' dir='ltr' id='par_1_48' title="bbox 532 3290 2097 3362">
     <span class='ocr_line' id='line_1_48' title="bbox 532 3290 2097 3362; baseline 0.004 -24"><span class='ocrx_word' id='word_1_355' title='bbox 532 3308 651 3358; x_wconf 70' lang='lat' dir='ltr'><strong>gnta</strong></span> <span class='ocrx_word' id='word_1_356' title='bbox 682 3291 780 3343; x_wconf 88' lang='lat' dir='ltr'><strong>sibi</strong></span> <span class='ocrx_word' id='word_1_357' title='bbox 812 3290 952 3342; x_wconf 82' lang='lat' dir='ltr'><strong>vult?</strong></span> <span class='ocrx_word' id='word_1_358' title='bbox 980 3290 1088 3343; x_wconf 90' lang='lat' dir='ltr'><strong>Cur</strong></span> <span class='ocrx_word' id='word_1_359' title='bbox 1114 3290 1386 3343; x_wconf 89' lang='lat' dir='ltr'><strong>sublatum</strong></span> <span class='ocrx_word' id='word_1_360' title='bbox 1419 3302 1723 3362; x_wconf 90' lang='lat' dir='ltr'><strong>serpentem</strong></span> <span class='ocrx_word' id='word_1_361' title='bbox 1755 3292 2097 3361; x_wconf 87' lang='lat' dir='ltr'><strong>conspicatus</strong></span> 
     </span>
    </p>
   </div>
   <div class='ocr_carea' id='block_1_49' title="bbox 530 3380 2096 3452">
    <p class='ocr_par' dir='ltr' id='par_1_49' title="bbox 530 3380 2096 3452">
     <span class='ocr_line' id='line_1_49' title="bbox 530 3380 2096 3452; baseline 0.002 -21"><span class='ocrx_word' id='word_1_362' title='bbox 530 3383 641 3433; x_wconf 80' lang='lat' dir='ltr'><strong>\il:t</strong></span> <span class='ocrx_word' id='word_1_363' title='bbox 671 3383 933 3435; x_wconf 70' lang='lat' dir='ltr'><strong>donatur?</strong></span> <span class='ocrx_word' id='word_1_364' title='bbox 962 3380 1305 3447; x_wconf 74' lang='lat' dir='ltr'><strong>Unigenitum</strong></span> <span class='ocrx_word' id='word_1_365' title='bbox 1337 3382 1430 3436; x_wconf 90' lang='lat' dir='ltr'><strong>Dei</strong></span> <span class='ocrx_word' id='word_1_366' title='bbox 1455 3382 1705 3448; x_wconf 87' lang='lat' dir='ltr'><strong>Verbum,</strong></span> <span class='ocrx_word' id='word_1_367' title='bbox 1736 3384 1877 3452; x_wconf 90' lang='lat' dir='ltr'><strong>quod</strong></span> <span class='ocrx_word' id='word_1_368' title='bbox 1908 3393 2096 3452; x_wconf 89' lang='lat' dir='ltr'><strong>suapte</strong></span> 
     </span>
    </p>
   </div>
   <div class='ocr_carea' id='block_1_50' title="bbox 534 3472 2095 3543">
    <p class='ocr_par' dir='ltr' id='par_1_50' title="bbox 534 3472 2095 3543">
     <span class='ocr_line' id='line_1_50' title="bbox 534 3472 2095 3543; baseline -0.001 -18"><span class='ocrx_word' id='word_1_369' title='bbox 534 3485 725 3525; x_wconf 83' lang='lat' dir='ltr'><strong>natura</strong></span> <span class='ocrx_word' id='word_1_370' title='bbox 755 3473 860 3526; x_wconf 90' lang='lat' dir='ltr'><strong>vita</strong></span> <span class='ocrx_word' id='word_1_371' title='bbox 893 3483 1007 3537; x_wconf 91' lang='lat' dir='ltr'><strong>est,</strong></span> <span class='ocrx_word' id='word_1_372' title='bbox 1044 3473 1203 3526; x_wconf 89' lang='lat' dir='ltr'><strong>homo</strong></span> <span class='ocrx_word' id='word_1_373' title='bbox 1238 3472 1440 3527; x_wconf 81' lang='lat' dir='ltr'><strong>factum</strong></span> <span class='ocrx_word' id='word_1_374' title='bbox 1473 3483 1555 3527; x_wconf 87' lang='lat' dir='ltr'><strong>est</strong></span> <span class='ocrx_word' id='word_1_375' title='bbox 1585 3474 1689 3543; x_wconf 90' lang='lat' dir='ltr'><strong>(est</strong></span> <span class='ocrx_word' id='word_1_376' title='bbox 1722 3483 1900 3527; x_wconf 90' lang='lat' dir='ltr'><strong>autem</strong></span> <span class='ocrx_word' id='word_1_377' title='bbox 1936 3474 2095 3526; x_wconf 91' lang='lat' dir='ltr'><strong>homo</strong></span> 
     </span>
    </p>
   </div>
   <div class='ocr_carea' id='block_1_51' title="bbox 533 3564 2095 3636">
    <p class='ocr_par' dir='ltr' id='par_1_51' title="bbox 533 3564 2095 3636">
     <span class='ocr_line' id='line_1_51' title="bbox 533 3564 2095 3636; baseline -0.001 -18"><span class='ocrx_word' id='word_1_378' title='bbox 533 3580 620 3618; x_wconf 89' lang='lat' dir='ltr'><strong>res</strong></span> <span class='ocrx_word' id='word_1_379' title='bbox 644 3564 885 3633; x_wconf 65' lang='lat' dir='ltr'><strong>quaedam</strong></span> <span class='ocrx_word' id='word_1_380' title='bbox 914 3569 1071 3620; x_wconf 72' lang='lat' dir='ltr'><strong>noxia</strong></span> <span class='ocrx_word' id='word_1_381' title='bbox 1092 3607 1106 3629; x_wconf 86' lang='lat'><strong>,</strong></span> <span class='ocrx_word' id='word_1_382' title='bbox 1134 3567 1371 3634; x_wconf 89' lang='lat' dir='ltr'><strong>serpenti</strong></span> <span class='ocrx_word' id='word_1_383' title='bbox 1402 3581 1504 3616; x_wconf 87' lang='lat' dir='ltr'><strong>non</strong></span> <span class='ocrx_word' id='word_1_384' title='bbox 1536 3565 1821 3636; x_wconf 79' lang='lat' dir='ltr'><strong>absimilis)</strong></span> <span class='ocrx_word' id='word_1_385' title='bbox 1850 3582 1863 3618; x_wconf 87' lang='lat'><strong>:</strong></span> <span class='ocrx_word' id='word_1_386' title='bbox 1890 3573 1946 3617; x_wconf 92' lang='lat' dir='ltr'><strong>at</strong></span> <span class='ocrx_word' id='word_1_387' title='bbox 1968 3579 2095 3619; x_wconf 89' lang='lat' dir='ltr'><strong>vero</strong></span> 
     </span>
    </p>
   </div>
   <div class='ocr_carea' id='block_1_52' title="bbox 534 3657 2095 3726">
    <p class='ocr_par' dir='ltr' id='par_1_52' title="bbox 534 3657 2095 3726">
     <span class='ocr_line' id='line_1_52' title="bbox 534 3657 2095 3726; baseline 0.001 -17"><span class='ocrx_word' id='word_1_388' title='bbox 534 3658 661 3710; x_wconf 87' lang='lat' dir='ltr'><strong>licet</strong></span> <span class='ocrx_word' id='word_1_389' title='bbox 700 3667 756 3710; x_wconf 94' lang='grc' dir='ltr'><strong>ιιι</strong></span> <span class='ocrx_word' id='word_1_390' title='bbox 792 3658 952 3711; x_wconf 87' lang='lat' dir='ltr'><strong>homo</strong></span> <span class='ocrx_word' id='word_1_391' title='bbox 990 3659 1143 3712; x_wconf 91' lang='lat' dir='ltr'><strong>nobis</strong></span> <span class='ocrx_word' id='word_1_392' title='bbox 1181 3658 1510 3711; x_wconf 79' lang='lat' dir='ltr'><strong>assimilatus</strong></span> <span class='ocrx_word' id='word_1_393' title='bbox 1544 3658 1641 3721; x_wconf 90' lang='lat' dir='ltr'><strong>sit,</strong></span> <span class='ocrx_word' id='word_1_394' title='bbox 1679 3659 1722 3712; x_wconf 93' lang='lat' dir='ltr'><strong>si</strong></span> <span class='ocrx_word' id='word_1_395' title='bbox 1759 3657 1883 3726; x_wconf 87' lang='lat' dir='ltr'><strong>quis</strong></span> <span class='ocrx_word' id='word_1_396' title='bbox 1919 3667 2095 3710; x_wconf 90' lang='lat' dir='ltr'><strong>tamen</strong></span> 
     </span>
    </p>
   </div>
   <div class='ocr_carea' id='block_1_53' title="bbox 534 3748 2096 3820">
    <p class='ocr_par' dir='ltr' id='par_1_53' title="bbox 534 3748 2096 3820">
     <span class='ocr_line' id='line_1_53' title="bbox 534 3748 2096 3820; baseline -0.001 -17"><span class='ocrx_word' id='word_1_397' title='bbox 534 3750 589 3803; x_wconf 84' lang='lat' dir='ltr'><strong>in</strong></span> <span class='ocrx_word' id='word_1_398' title='bbox 620 3749 768 3802; x_wconf 90' lang='lat' dir='ltr'><strong>illum</strong></span> <span class='ocrx_word' id='word_1_399' title='bbox 800 3751 1090 3818; x_wconf 79' lang='lat' dir='ltr'><strong>aspexerit,</strong></span> <span class='ocrx_word' id='word_1_400' title='bbox 1130 3764 1300 3804; x_wconf 91' lang='lat' dir='ltr'><strong>morte</strong></span> <span class='ocrx_word' id='word_1_401' title='bbox 1331 3751 1575 3820; x_wconf 90' lang='lat' dir='ltr'><strong>superior</strong></span> <span class='ocrx_word' id='word_1_402' title='bbox 1601 3749 1799 3803; x_wconf 85' lang='lat' dir='ltr'><strong>evadit.</strong></span> <span class='ocrx_word' id='word_1_403' title='bbox 1833 3748 1939 3803; x_wconf 90' lang='lat' dir='ltr'><strong>Sed</strong></span> <span class='ocrx_word' id='word_1_404' title='bbox 1969 3750 2096 3817; x_wconf 89' lang='lat' dir='ltr'><strong>quid</strong></span> 
     </span>
    </p>
   </div>
   <div class='ocr_carea' id='block_1_54' title="bbox 534 3839 2097 3908">
    <p class='ocr_par' dir='ltr' id='par_1_54' title="bbox 534 3839 2097 3908">
     <span class='ocr_line' id='line_1_54' title="bbox 534 3839 2097 3908; baseline 0.001 -17"><span class='ocrx_word' id='word_1_405' title='bbox 534 3839 678 3893; x_wconf 75' lang='lat' dir='ltr'><strong>aliud</strong></span> <span class='ocrx_word' id='word_1_406' title='bbox 709 3848 811 3905; x_wconf 86' lang='lat' dir='ltr'><strong>est,</strong></span> <span class='ocrx_word' id='word_1_407' title='bbox 843 3840 1091 3907; x_wconf 88' lang='lat' dir='ltr'><strong>obsecro,</strong></span> <span class='ocrx_word' id='word_1_408' title='bbox 1126 3843 1175 3894; x_wconf 95' lang='lat' dir='ltr'><strong>in</strong></span> <span class='ocrx_word' id='word_1_409' title='bbox 1216 3842 1359 3894; x_wconf 92' lang='lat' dir='ltr'><strong>illum</strong></span> <span class='ocrx_word' id='word_1_410' title='bbox 1398 3841 1620 3905; x_wconf 88' lang='lat' dir='ltr'><strong>intueri,</strong></span> <span class='ocrx_word' id='word_1_411' title='bbox 1650 3856 1810 3908; x_wconf 87' lang='lat' dir='ltr'><strong>quam</strong></span> <span class='ocrx_word' id='word_1_412' title='bbox 1848 3842 2097 3895; x_wconf 87' lang='lat' dir='ltr'><strong>incarna-</strong></span> 
     </span>
    </p>
   </div>
   <div class='ocr_carea' id='block_1_55' title="bbox 535 3930 2094 4001">
    <p class='ocr_par' dir='ltr' id='par_1_55' title="bbox 535 3930 2094 4001">
     <span class='ocr_line' id='line_1_55' title="bbox 535 3930 2094 4001; baseline 0.001 -20"><span class='ocrx_word' id='word_1_413' title='bbox 535 3930 696 3983; x_wconf 90' lang='lat' dir='ltr'><strong>tionis</strong></span> <span class='ocrx_word' id='word_1_414' title='bbox 739 3930 883 3984; x_wconf 91' lang='lat' dir='ltr'><strong>illius</strong></span> <span class='ocrx_word' id='word_1_415' title='bbox 929 3933 1239 4001; x_wconf 88' lang='lat' dir='ltr'><strong>mysterium</strong></span> <span class='ocrx_word' id='word_1_416' title='bbox 1287 3942 1479 3986; x_wconf 78' lang='lat' dir='ltr'><strong>exacto</strong></span> <span class='ocrx_word' id='word_1_417' title='bbox 1522 3943 1881 4001; x_wconf 82' lang='lat' dir='ltr'><strong>accuratoque</strong></span> <span class='ocrx_word' id='word_1_418' title='bbox 1930 3931 2094 3984; x_wconf 89' lang='lat' dir='ltr'><strong>animi</strong></span> 
     </span>
    </p>
   </div>
   <div class='ocr_carea' id='block_1_56' title="bbox 530 4014 2097 4091">
    <p class='ocr_par' dir='ltr' id='par_1_56' title="bbox 530 4014 2097 4091">
     <span class='ocr_line' id='line_1_56' title="bbox 530 4014 2097 4091; baseline 0.001 -19"><span class='ocrx_word' id='word_1_419' title='bbox 530 4019 732 4087; x_wconf 84' lang='lat' dir='ltr'><strong>judicio</strong></span> <span class='ocrx_word' id='word_1_420' title='bbox 766 4014 1097 4089; x_wconf 68' lang='lat' dir='ltr'><strong>expendere?</strong></span> <span class='ocrx_word' id='word_1_421' title='bbox 1133 4023 1243 4076; x_wconf 89' lang='lat' dir='ltr'><strong>llae</strong></span> <span class='ocrx_word' id='word_1_422' title='bbox 1280 4038 1512 4091; x_wconf 88' lang='lat' dir='ltr'><strong>namque</strong></span> <span class='ocrx_word' id='word_1_423' title='bbox 1546 4022 2008 4086; x_wconf 81' lang='lat' dir='ltr'><strong>consideratione,</strong></span> <span class='ocrx_word' id='word_1_424' title='bbox 2043 4029 2097 4074; x_wconf 90' lang='lat' dir='ltr'><strong>et</strong></span> 
     </span>
    </p>
   </div>
   <div class='ocr_carea' id='block_1_57' title="bbox 534 4113 2096 4177">
    <p class='ocr_par' dir='ltr' id='par_1_57' title="bbox 534 4113 2096 4177">
     <span class='ocr_line' id='line_1_57' title="bbox 534 4113 2096 4177; baseline 0.001 -12"><span class='ocrx_word' id='word_1_425' title='bbox 534 4113 826 4177; x_wconf 90' lang='lat' dir='ltr'><strong>malorum,</strong></span> <span class='ocrx_word' id='word_1_426' title='bbox 872 4113 973 4165; x_wconf 86' lang='lat' dir='ltr'><strong>hoc</strong></span> <span class='ocrx_word' id='word_1_427' title='bbox 1021 4124 1136 4177; x_wconf 90' lang='lat' dir='ltr'><strong>est,</strong></span> <span class='ocrx_word' id='word_1_428' title='bbox 1185 4114 1458 4167; x_wconf 87' lang='lat' dir='ltr'><strong>hominum</strong></span> <span class='ocrx_word' id='word_1_429' title='bbox 1508 4113 1910 4166; x_wconf 88' lang='lat' dir='ltr'><strong>similitudinem</strong></span> <span class='ocrx_word' id='word_1_430' title='bbox 1956 4113 2096 4166; x_wconf 80' lang='lat' dir='ltr'><strong>obti—</strong></span> 
     </span>
    </p>
   </div>
   <div class='ocr_carea' id='block_1_58' title="bbox 534 4203 2094 4274">
    <p class='ocr_par' dir='ltr' id='par_1_58' title="bbox 534 4203 2094 4274">
     <span class='ocr_line' id='line_1_58' title="bbox 534 4203 2094 4274; baseline 0.001 -19"><span class='ocrx_word' id='word_1_431' title='bbox 534 4217 695 4265; x_wconf 89' lang='lat' dir='ltr'><strong>nere,</strong></span> <span class='ocrx_word' id='word_1_432' title='bbox 730 4213 784 4256; x_wconf 89' lang='lat' dir='ltr'><strong>et</strong></span> <span class='ocrx_word' id='word_1_433' title='bbox 815 4203 1058 4258; x_wconf 89' lang='lat' dir='ltr'><strong>vivilicus</strong></span> <span class='ocrx_word' id='word_1_434' title='bbox 1095 4220 1338 4267; x_wconf 87' lang='lat' dir='ltr'><strong>rnrsmn,</strong></span> <span class='ocrx_word' id='word_1_435' title='bbox 1376 4205 1915 4274; x_wconf 88' lang='lat' dir='ltr'><strong>serpentinormnque</strong></span> <span class='ocrx_word' id='word_1_436' title='bbox 1949 4220 2094 4257; x_wconf 85' lang='lat' dir='ltr'><strong>nter-</strong></span> 
     </span>
    </p>
   </div>
   <div class='ocr_carea' id='block_1_59' title="bbox 532 4293 2097 4361">
    <p class='ocr_par' dir='ltr' id='par_1_59' title="bbox 532 4293 2097 4361">
     <span class='ocr_line' id='line_1_59' title="bbox 532 4293 2097 4361; baseline -0.001 -14"><span class='ocrx_word' id='word_1_437' title='bbox 532 4309 689 4347; x_wconf 89' lang='lat' dir='ltr'><strong>cuum</strong></span> <span class='ocrx_word' id='word_1_438' title='bbox 726 4303 943 4347; x_wconf 83' lang='lat' dir='ltr'><strong>curator</strong></span> <span class='ocrx_word' id='word_1_439' title='bbox 972 4304 1025 4347; x_wconf 90' lang='lat' dir='ltr'><strong>et</strong></span> <span class='ocrx_word' id='word_1_440' title='bbox 1063 4293 1378 4361; x_wconf 78' lang='lat' dir='ltr'><strong>proﬂigator</strong></span> <span class='ocrx_word' id='word_1_441' title='bbox 1410 4310 1529 4347; x_wconf 88' lang='lat' dir='ltr'><strong>esse</strong></span> <span class='ocrx_word' id='word_1_442' title='bbox 1564 4294 2003 4361; x_wconf 88' lang='lat' dir='ltr'><strong>deprehenditur,</strong></span> <span class='ocrx_word' id='word_1_443' title='bbox 2040 4304 2097 4347; x_wconf 91' lang='lat' dir='ltr'><strong>ut</strong></span> 
     </span>
    </p>
   </div>
   <div class='ocr_carea' id='block_1_60' title="bbox 533 4383 3753 4456">
    <p class='ocr_par' dir='ltr' id='par_1_60' title="bbox 533 4383 3753 4456">
     <span class='ocr_line' id='line_1_60' title="bbox 533 4383 3753 4456; baseline 0.001 -21"><span class='ocrx_word' id='word_1_444' title='bbox 533 4383 693 4437; x_wconf 85' lang='lat' dir='ltr'><strong>Deus.</strong></span> <span class='ocrx_word' id='word_1_445' title='bbox 721 4383 870 4438; x_wconf 85' lang='lat' dir='ltr'><strong>Unus</strong></span> <span class='ocrx_word' id='word_1_446' title='bbox 899 4383 1077 4451; x_wconf 89' lang='lat' dir='ltr'><strong>itaque</strong></span> <span class='ocrx_word' id='word_1_447' title='bbox 1105 4395 1187 4437; x_wconf 85' lang='lat' dir='ltr'><strong>est</strong></span> <span class='ocrx_word' id='word_1_448' title='bbox 1216 4384 1495 4446; x_wconf 88' lang='lat' dir='ltr'><strong>Dominus,</strong></span> <span class='ocrx_word' id='word_1_449' title='bbox 1524 4394 1577 4436; x_wconf 91' lang='lat' dir='ltr'><strong>et</strong></span> <span class='ocrx_word' id='word_1_450' title='bbox 1610 4398 1751 4436; x_wconf 90' lang='lat' dir='ltr'><strong>unus</strong></span> <span class='ocrx_word' id='word_1_451' title='bbox 1784 4383 1972 4445; x_wconf 84' lang='lat' dir='ltr'><strong>Filius,</strong></span> <span class='ocrx_word' id='word_1_452' title='bbox 2001 4384 2090 4451; x_wconf 92' lang='lat' dir='ltr'><strong>qui</strong></span> <span class='ocrx_word' id='word_1_453' title='bbox 2132 4386 2372 4456; x_wconf 90' lang='lat' dir='ltr'><strong>quidem,</strong></span> <span class='ocrx_word' id='word_1_454' title='bbox 2416 4396 2475 4440; x_wconf 89' lang='lat' dir='ltr'><strong>ut</strong></span> <span class='ocrx_word' id='word_1_455' title='bbox 2505 4384 2644 4439; x_wconf 90' lang='lat' dir='ltr'><strong>Deus</strong></span> <span class='ocrx_word' id='word_1_456' title='bbox 2707 4395 2786 4439; x_wconf 91' lang='lat' dir='ltr'><strong>est</strong></span> <span class='ocrx_word' id='word_1_457' title='bbox 2813 4425 2826 4449; x_wconf 96' lang='lat'><strong>,</strong></span> <span class='ocrx_word' id='word_1_458' title='bbox 2859 4384 3102 4439; x_wconf 84' lang='lat' dir='ltr'><strong>vivilicus</strong></span> <span class='ocrx_word' id='word_1_459' title='bbox 3129 4396 3237 4451; x_wconf 90' lang='lat' dir='ltr'><strong>est;</strong></span> <span class='ocrx_word' id='word_1_460' title='bbox 3271 4386 3563 4440; x_wconf 90' lang='lat' dir='ltr'><strong>secundum</strong></span> <span class='ocrx_word' id='word_1_461' title='bbox 3592 4383 3753 4439; x_wconf 86' lang='lat' dir='ltr'><strong>carnis</strong></span> 
     </span>
    </p>
   </div>
   <div class='ocr_carea' id='block_1_61' title="bbox 531 4472 2104 4542">
    <p class='ocr_par' dir='ltr' id='par_1_61' title="bbox 531 4472 2104 4542">
     <span class='ocr_line' id='line_1_61' title="bbox 531 4472 2104 4542; baseline -0.001 -13"><span class='ocrx_word' id='word_1_462' title='bbox 531 4489 660 4529; x_wconf 89' lang='lat' dir='ltr'><strong>vero</strong></span> <span class='ocrx_word' id='word_1_463' title='bbox 682 4474 1033 4528; x_wconf 74' lang='lat' dir='ltr'><strong>(neonomiam</strong></span> <span class='ocrx_word' id='word_1_464' title='bbox 1051 4513 1066 4537; x_wconf 93' lang='lat'><strong>,</strong></span> <span class='ocrx_word' id='word_1_465' title='bbox 1095 4474 1144 4525; x_wconf 93' lang='lat' dir='ltr'><strong>in</strong></span> <span class='ocrx_word' id='word_1_466' title='bbox 1174 4473 1433 4525; x_wconf 88' lang='lat' dir='ltr'><strong>malorum</strong></span> <span class='ocrx_word' id='word_1_467' title='bbox 1462 4474 1643 4541; x_wconf 83' lang='lat' dir='ltr'><strong>specie</strong></span> <span class='ocrx_word' id='word_1_468' title='bbox 1670 4472 1977 4542; x_wconf 81' lang='lat' dir='ltr'><strong>Spectabilis</strong></span> <span class='ocrx_word' id='word_1_469' title='bbox 2002 4486 2104 4527; x_wconf 85' lang='lat' dir='ltr'><strong>est.</strong></span> 
     </span>
    </p>
   </div>
   <div class='ocr_carea' id='block_1_62' title="bbox 611 4565 2102 4641">
    <p class='ocr_par' dir='ltr' id='par_1_62' title="bbox 611 4567 2102 4637">
     <span class='ocr_line' id='line_1_62' title="bbox 611 4567 2102 4637; baseline 0.002 -18"><span class='ocrx_word' id='word_1_470' title='bbox 611 4589 628 4619; x_wconf 76' lang='grc' dir='ltr'><strong>ι</strong></span> <span class='ocrx_word' id='word_1_471' title='bbox 668 4568 864 4633; x_wconf 79' lang='lat' dir='ltr'><strong>Pueri,</strong></span> <span class='ocrx_word' id='word_1_472' title='bbox 906 4569 1116 4637; x_wconf 87' lang='lat' dir='ltr'><strong>inquit,</strong></span> <span class='ocrx_word' id='word_1_473' title='bbox 1166 4567 1510 4621; x_wconf 48' lang='lat' dir='ltr'><strong>llebra‘orum</strong></span> <span class='ocrx_word' id='word_1_474' title='bbox 1555 4569 1884 4637; x_wconf 83' lang='lat' dir='ltr'><strong>accipientes</strong></span> <span class='ocrx_word' id='word_1_475' title='bbox 1925 4585 2102 4622; x_wconf 87' lang='lat' dir='ltr'><strong>ramos</strong></span> 
     </span>
    </p>
   </div>
   <div class='ocr_carea' id='block_1_63' title="bbox 2199 4565 3744 4641">
    <p class='ocr_par' dir='ltr' id='par_1_63' title="bbox 2281 4565 3744 4638">
     <span class='ocr_line' id='line_1_63' title="bbox 2281 4565 3744 4638; baseline -0.001 -17"><span class='ocrx_word' id='word_1_476' title='bbox 2281 4588 2300 4621; x_wconf 80' lang='grc' dir='ltr'><strong>ι</strong></span> <span class='ocrx_word' id='word_1_477' title='bbox 2332 4572 2394 4623; x_wconf 86' lang='grc' dir='ltr'><strong>Οἱ</strong></span> <span class='ocrx_word' id='word_1_478' title='bbox 2434 4570 2618 4632; x_wconf 79' lang='grc' dir='ltr'><strong>παῖδες</strong></span> <span class='ocrx_word' id='word_1_479' title='bbox 2652 4568 2864 4638; x_wconf 79' lang='grc' dir='ltr'><strong>ἔχοντες</strong></span> <span class='ocrx_word' id='word_1_480' title='bbox 2891 4568 2960 4620; x_wconf 81' lang='grc' dir='ltr'><strong>τὰ</strong></span> <span class='ocrx_word' id='word_1_481' title='bbox 2989 4567 3115 4637; x_wconf 80' lang='grc' dir='ltr'><strong>βαΐα</strong></span> <span class='ocrx_word' id='word_1_482' title='bbox 3143 4566 3251 4623; x_wconf 83' lang='grc' dir='ltr'><strong>τῶν</strong></span> <span class='ocrx_word' id='word_1_483' title='bbox 3281 4569 3535 4636; x_wconf 77' lang='grc' dir='ltr'><strong>φοινίκων</strong></span> <span class='ocrx_word' id='word_1_484' title='bbox 3554 4609 3568 4632; x_wconf 92' lang='grc'><strong>,</strong></span> <span class='ocrx_word' id='word_1_485' title='bbox 3603 4565 3744 4633; x_wconf 79' lang='grc' dir='ltr'><strong>ὲξῆλ-</strong></span> 
     </span>
    </p>
   </div>
   <div class='ocr_carea' id='block_1_64' title="bbox 534 4662 2097 4731">
    <p class='ocr_par' dir='ltr' id='par_1_64' title="bbox 534 4662 2097 4731">
     <span class='ocr_line' id='line_1_64' title="bbox 534 4662 2097 4731; baseline 0.003 -19"><span class='ocrx_word' id='word_1_486' title='bbox 534 4662 850 4731; x_wconf 87' lang='lat' dir='ltr'><strong>palmarum,</strong></span> <span class='ocrx_word' id='word_1_487' title='bbox 887 4672 1263 4729; x_wconf 84' lang='lat' dir='ltr'><strong>processerunt</strong></span> <span class='ocrx_word' id='word_1_488' title='bbox 1300 4662 1511 4714; x_wconf 82' lang='lat' dir='ltr'><strong>obviam</strong></span> <span class='ocrx_word' id='word_1_489' title='bbox 1550 4666 1618 4725; x_wconf 78' lang='lat' dir='ltr'><strong>ei,</strong></span> <span class='ocrx_word' id='word_1_490' title='bbox 1653 4673 1707 4714; x_wconf 88' lang='lat' dir='ltr'><strong>et</strong></span> <span class='ocrx_word' id='word_1_491' title='bbox 1740 4663 2045 4716; x_wconf 85' lang='lat' dir='ltr'><strong>clamabant</strong></span> <span class='ocrx_word' id='word_1_492' title='bbox 2081 4680 2097 4717; x_wconf 90' lang='lat'><strong>:</strong></span> 
     </span>
    </p>
   </div>
   <div class='ocr_carea' id='block_1_65' title="bbox 535 4755 2095 4821">
    <p class='ocr_par' dir='ltr' id='par_1_65' title="bbox 535 4755 2095 4821">
     <span class='ocr_line' id='line_1_65' title="bbox 535 4755 2095 4821; baseline 0 -13"><span class='ocrx_word' id='word_1_493' title='bbox 535 4755 815 4817; x_wconf 86' lang='lat' dir='ltr'><strong>llnsanna,</strong></span> <span class='ocrx_word' id='word_1_494' title='bbox 853 4755 1167 4807; x_wconf 87' lang='lat' dir='ltr'><strong>benedictus</strong></span> <span class='ocrx_word' id='word_1_495' title='bbox 1203 4756 1290 4821; x_wconf 86' lang='lat' dir='ltr'><strong>qui</strong></span> <span class='ocrx_word' id='word_1_496' title='bbox 1330 4755 1475 4807; x_wconf 87' lang='lat' dir='ltr'><strong>venit</strong></span> <span class='ocrx_word' id='word_1_497' title='bbox 1511 4755 1562 4807; x_wconf 93' lang='lat' dir='ltr'><strong>in</strong></span> <span class='ocrx_word' id='word_1_498' title='bbox 1600 4756 1813 4808; x_wconf 86' lang='lat' dir='ltr'><strong>nomine</strong></span> <span class='ocrx_word' id='word_1_499' title='bbox 1852 4756 2095 4817; x_wconf 88' lang='lat' dir='ltr'><strong>Domini,</strong></span> 
     </span>
    </p>
   </div>
   <div class='ocr_carea' id='block_1_66' title="bbox 534 4844 2096 4914">
    <p class='ocr_par' dir='ltr' id='par_1_66' title="bbox 534 4844 2096 4914">
     <span class='ocr_line' id='line_1_66' title="bbox 534 4844 2096 4914; baseline -0.002 -14"><span class='ocrx_word' id='word_1_500' title='bbox 534 4864 623 4900; x_wconf 74' lang='lat' dir='ltr'><strong>rex</strong></span> <span class='ocrx_word' id='word_1_501' title='bbox 654 4846 811 4899; x_wconf 77' lang='lat' dir='ltr'><strong>Israel</strong></span> <span class='ocrx_word' id='word_1_502' title='bbox 831 4846 895 4898; x_wconf 80' lang='grc'><strong>’⁸.</strong></span> <span class='ocrx_word' id='word_1_503' title='bbox 927 4864 945 4895; x_wconf 76' lang='grc' dir='ltr'><strong>ι</strong></span> <span class='ocrx_word' id='word_1_504' title='bbox 1166 4846 1409 4909; x_wconf 87' lang='lat' dir='ltr'><strong>Qualem,</strong></span> <span class='ocrx_word' id='word_1_505' title='bbox 1435 4860 1635 4913; x_wconf 76' lang='lat' dir='ltr'><strong>qua-so,</strong></span> <span class='ocrx_word' id='word_1_506' title='bbox 1663 4846 1854 4897; x_wconf 70' lang='lat' dir='ltr'><strong>divina:</strong></span> <span class='ocrx_word' id='word_1_507' title='bbox 1882 4845 2096 4898; x_wconf 70' lang='lat' dir='ltr'><strong>Littera:</strong></span> 
     </span>
    </p>
   </div>
   <div class='ocr_carea' id='block_1_67' title="bbox 534 4936 2095 5006">
    <p class='ocr_par' dir='ltr' id='par_1_67' title="bbox 534 4936 2095 5006">
     <span class='ocr_line' id='line_1_67' title="bbox 534 4936 2095 5006; baseline -0.003 -13"><span class='ocrx_word' id='word_1_508' title='bbox 534 4941 586 4993; x_wconf 90' lang='lat' dir='ltr'><strong>iu</strong></span> <span class='ocrx_word' id='word_1_509' title='bbox 639 4940 852 4991; x_wconf 89' lang='lat' dir='ltr'><strong>nomine</strong></span> <span class='ocrx_word' id='word_1_510' title='bbox 900 4937 1110 4989; x_wconf 89' lang='lat' dir='ltr'><strong>Domini</strong></span> <span class='ocrx_word' id='word_1_511' title='bbox 1159 4947 1439 4991; x_wconf 85' lang='lat' dir='ltr'><strong>venturum</strong></span> <span class='ocrx_word' id='word_1_512' title='bbox 1489 4937 1821 5006; x_wconf 56' lang='lat' dir='ltr'><strong>praedixere?</strong></span> <span class='ocrx_word' id='word_1_513' title='bbox 1868 4936 1998 4989; x_wconf 86' lang='lat' dir='ltr'><strong>Nam</strong></span> <span class='ocrx_word' id='word_1_514' title='bbox 2052 4938 2095 4989; x_wconf 79' lang='lat' dir='ltr'><strong>si</strong></span> 
     </span>
    </p>
   </div>
   <div class='ocr_carea' id='block_1_68' title="bbox 532 5026 2099 5097">
    <p class='ocr_par' dir='ltr' id='par_1_68' title="bbox 532 5026 2099 5097">
     <span class='ocr_line' id='line_1_68' title="bbox 532 5026 2099 5097; baseline -0.001 -16"><span class='ocrx_word' id='word_1_515' title='bbox 532 5046 650 5081; x_wconf 84' lang='lat' dir='ltr'><strong>cum</strong></span> <span class='ocrx_word' id='word_1_516' title='bbox 683 5027 770 5097; x_wconf 90' lang='lat' dir='ltr'><strong>qui</strong></span> <span class='ocrx_word' id='word_1_517' title='bbox 800 5043 862 5079; x_wconf 82' lang='lat' dir='ltr'><strong>ex</strong></span> <span class='ocrx_word' id='word_1_518' title='bbox 898 5042 1050 5081; x_wconf 88' lang='lat' dir='ltr'><strong>sacra</strong></span> <span class='ocrx_word' id='word_1_519' title='bbox 1072 5026 1293 5095; x_wconf 81' lang='lat' dir='ltr'><strong>Virgine</strong></span> <span class='ocrx_word' id='word_1_520' title='bbox 1322 5038 1478 5081; x_wconf 89' lang='lat' dir='ltr'><strong>ortus</strong></span> <span class='ocrx_word' id='word_1_521' title='bbox 1508 5038 1611 5093; x_wconf 88' lang='lat' dir='ltr'><strong>est,</strong></span> <span class='ocrx_word' id='word_1_522' title='bbox 1642 5027 1911 5080; x_wconf 77' lang='lat' dir='ltr'><strong>ltomiuem</strong></span> <span class='ocrx_word' id='word_1_523' title='bbox 1943 5027 2099 5080; x_wconf 84' lang='lat' dir='ltr'><strong>abso-</strong></span> 
     </span>
    </p>
   </div>
   <div class='ocr_carea' id='block_1_69' title="bbox 534 5119 2095 5189">
    <p class='ocr_par' dir='ltr' id='par_1_69' title="bbox 534 5119 2095 5189">
     <span class='ocr_line' id='line_1_69' title="bbox 534 5119 2095 5189; baseline -0.002 -16"><span class='ocrx_word' id='word_1_524' title='bbox 534 5121 662 5185; x_wconf 89' lang='lat' dir='ltr'><strong>lute,</strong></span> <span class='ocrx_word' id='word_1_525' title='bbox 704 5122 792 5175; x_wconf 89' lang='lat' dir='ltr'><strong>Dei</strong></span> <span class='ocrx_word' id='word_1_526' title='bbox 824 5120 997 5175; x_wconf 91' lang='lat' dir='ltr'><strong>Verbo</strong></span> <span class='ocrx_word' id='word_1_527' title='bbox 1038 5122 1329 5173; x_wconf 88' lang='lat' dir='ltr'><strong>secundum</strong></span> <span class='ocrx_word' id='word_1_528' title='bbox 1374 5119 1839 5189; x_wconf 81' lang='lat' dir='ltr'><strong>liypostasinnon</strong></span> <span class='ocrx_word' id='word_1_529' title='bbox 1887 5121 2095 5173; x_wconf 90' lang='lat' dir='ltr'><strong>unitum</strong></span> 
     </span>
    </p>
   </div>
   <div class='ocr_carea' id='block_1_70' title="bbox 532 5210 2097 5280">
    <p class='ocr_par' dir='ltr' id='par_1_70' title="bbox 532 5210 2097 5280">
     <span class='ocr_line' id='line_1_70' title="bbox 532 5210 2097 5280; baseline -0.003 -15"><span class='ocrx_word' id='word_1_530' title='bbox 532 5212 765 5266; x_wconf 77' lang='lat' dir='ltr'><strong>dixerint</strong></span> <span class='ocrx_word' id='word_1_531' title='bbox 807 5229 821 5264; x_wconf 93' lang='lat'><strong>:</strong></span> <span class='ocrx_word' id='word_1_532' title='bbox 862 5210 1101 5280; x_wconf 83' lang='lat' dir='ltr'><strong>profecto</strong></span> <span class='ocrx_word' id='word_1_533' title='bbox 1143 5210 1532 5265; x_wconf 86' lang='lat' dir='ltr'><strong>dominationis</strong></span> <span class='ocrx_word' id='word_1_534' title='bbox 1575 5225 1767 5263; x_wconf 89' lang='lat' dir='ltr'><strong>nomen</strong></span> <span class='ocrx_word' id='word_1_535' title='bbox 1814 5223 2097 5262; x_wconf 89' lang='lat' dir='ltr'><strong>commune</strong></span> 
     </span>
    </p>
   </div>
   <div class='ocr_carea' id='block_1_71' title="bbox 534 5298 2094 5371">
    <p class='ocr_par' dir='ltr' id='par_1_71' title="bbox 534 5298 2094 5371">
     <span class='ocr_line' id='line_1_71' title="bbox 534 5298 2094 5371; baseline -0.003 -14"><span class='ocrx_word' id='word_1_536' title='bbox 534 5304 631 5371; x_wconf 85' lang='lat' dir='ltr'><strong>ipsi</strong></span> <span class='ocrx_word' id='word_1_537' title='bbox 672 5303 950 5357; x_wconf 87' lang='lat' dir='ltr'><strong>nobiscum</strong></span> <span class='ocrx_word' id='word_1_538' title='bbox 986 5303 1120 5367; x_wconf 89' lang='lat' dir='ltr'><strong>erit;</strong></span> <span class='ocrx_word' id='word_1_539' title='bbox 1166 5316 1337 5369; x_wconf 88' lang='lat' dir='ltr'><strong>neque</strong></span> <span class='ocrx_word' id='word_1_540' title='bbox 1374 5301 1665 5370; x_wconf 86' lang='lat' dir='ltr'><strong>quidquam</strong></span> <span class='ocrx_word' id='word_1_541' title='bbox 1712 5298 1811 5354; x_wconf 88' lang='lat' dir='ltr'><strong>liac</strong></span> <span class='ocrx_word' id='word_1_542' title='bbox 1852 5301 2094 5365; x_wconf 86' lang='lat' dir='ltr'><strong>ratione,</strong></span> 
     </span>
    </p>
   </div>
   <div class='ocr_carea' id='block_1_72' title="bbox 600 5456 2227 5527">
    <p class='ocr_par' dir='ltr' id='par_1_72' title="bbox 600 5456 2227 5527">
     <span class='ocr_line' id='line_1_72' title="bbox 600 5456 2227 5527; baseline -0.004 -11"><span class='ocrx_word' id='word_1_543' title='bbox 600 5462 710 5517; x_wconf 74' lang='lat' dir='ltr'><strong>&quot;ll</strong></span> <span class='ocrx_word' id='word_1_544' title='bbox 738 5462 862 5518; x_wconf 85' lang='lat' dir='ltr'><strong>Cor.</strong></span> <span class='ocrx_word' id='word_1_545' title='bbox 900 5477 1015 5525; x_wconf 79' lang='lat' dir='ltr'><strong>\‘lll,</strong></span> <span class='ocrx_word' id='word_1_546' title='bbox 1040 5461 1094 5517; x_wconf 89' lang='lat'><strong>9.</strong></span> <span class='ocrx_word' id='word_1_547' title='bbox 1165 5458 1385 5514; x_wconf 67' lang='lat' dir='ltr'><strong>&quot;Joan.</strong></span> <span class='ocrx_word' id='word_1_548' title='bbox 1418 5475 1455 5527; x_wconf 88' lang='lat' dir='ltr'><strong>t,</strong></span> <span class='ocrx_word' id='word_1_549' title='bbox 1486 5459 1571 5513; x_wconf 69' lang='grc'><strong>54.</strong></span> <span class='ocrx_word' id='word_1_550' title='bbox 1651 5456 1867 5512; x_wconf 78' lang='lat' dir='ltr'><strong>&quot;Joan.</strong></span> <span class='ocrx_word' id='word_1_551' title='bbox 1898 5474 1989 5522; x_wconf 87' lang='grc' dir='ltr'><strong>ιιι,</strong></span> <span class='ocrx_word' id='word_1_552' title='bbox 2024 5457 2107 5521; x_wconf 71' lang='lat'><strong>12,</strong></span> <span class='ocrx_word' id='word_1_553' title='bbox 2142 5457 2227 5510; x_wconf 78' lang='grc'><strong>15.</strong></span> 
     </span>
    </p>
   </div>
   <div class='ocr_carea' id='block_1_73' title="bbox 2201 1918 3767 2005">
    <p class='ocr_par' dir='ltr' id='par_1_73' title="bbox 2201 1918 3767 2005">
     <span class='ocr_line' id='line_1_73' title="bbox 2201 1918 3767 2005; baseline -0.008 -22"><span class='ocrx_word' id='word_1_554' title='bbox 2201 1930 2264 2005; x_wconf 73' lang='grc' dir='ltr'><strong>ἐκ</strong></span> <span class='ocrx_word' id='word_1_555' title='bbox 2293 1926 2385 1979; x_wconf 85' lang='grc' dir='ltr'><strong>τοῦ</strong></span> <span class='ocrx_word' id='word_1_556' title='bbox 2416 1924 2644 1996; x_wconf 83' lang='grc' dir='ltr'><strong>οὐρανοῦ</strong></span> <span class='ocrx_word' id='word_1_557' title='bbox 2673 1925 2702 1976; x_wconf 93' lang='lat'><strong>6</strong></span> <span class='ocrx_word' id='word_1_558' title='bbox 2744 1923 2872 1986; x_wconf 82' lang='grc' dir='ltr'><strong>Υἱὸς</strong></span> <span class='ocrx_word' id='word_1_559' title='bbox 2903 1922 2997 1975; x_wconf 91' lang='grc' dir='ltr'><strong>τοῦ</strong></span> <span class='ocrx_word' id='word_1_560' title='bbox 3046 1920 3364 1991; x_wconf 85' lang='grc' dir='ltr'><strong>ἀνθρώπου,</strong></span> <span class='ocrx_word' id='word_1_561' title='bbox 3427 1920 3609 1972; x_wconf 86' lang='grc' dir='ltr'><strong>καίτοι</strong></span> <span class='ocrx_word' id='word_1_562' title='bbox 3672 1918 3767 1987; x_wconf 84' lang='grc' dir='ltr'><strong>τῆς</strong></span> 
     </span>
    </p>
   </div>
   <div class='ocr_carea' id='block_1_74' title="bbox 2199 2011 3767 2094">
    <p class='ocr_par' dir='ltr' id='par_1_74' title="bbox 2199 2011 3767 2094">
     <span class='ocr_line' id='line_1_74' title="bbox 2199 2011 3767 2094; baseline -0.006 -23"><span class='ocrx_word' id='word_1_563' title='bbox 2199 2026 2359 2094; x_wconf 73' lang='grc' dir='ltr'><strong>ἁγίας</strong></span> <span class='ocrx_word' id='word_1_564' title='bbox 2391 2017 2594 2088; x_wconf 82' lang='grc' dir='ltr'><strong>σαρκὸς</strong></span> <span class='ocrx_word' id='word_1_565' title='bbox 2641 2015 2997 2086; x_wconf 86' lang='grc' dir='ltr'><strong>γεννηθείσης</strong></span> <span class='ocrx_word' id='word_1_566' title='bbox 3027 2015 3090 2065; x_wconf 86' lang='grc' dir='ltr'><strong>ἐκ</strong></span> <span class='ocrx_word' id='word_1_567' title='bbox 3136 2011 3411 2080; x_wconf 84' lang='grc' dir='ltr'><strong>γυναικός.</strong></span> <span class='ocrx_word' id='word_1_568' title='bbox 3444 2011 3588 2062; x_wconf 79' lang='grc' dir='ltr'><strong>Ἀλλ’</strong></span> <span class='ocrx_word' id='word_1_569' title='bbox 3644 2012 3767 2063; x_wconf 74' lang='grc' dir='ltr'><strong>[διον</strong></span> 
     </span>
    </p>
   </div>
   <div class='ocr_carea' id='block_1_75' title="bbox 2196 2103 3764 2186">
    <p class='ocr_par' dir='ltr' id='par_1_75' title="bbox 2196 2103 3764 2186">
     <span class='ocr_line' id='line_1_75' title="bbox 2196 2103 3764 2186; baseline -0.009 -18"><span class='ocrx_word' id='word_1_570' title='bbox 2196 2112 2265 2186; x_wconf 81' lang='grc' dir='ltr'><strong>ἦν</strong></span> <span class='ocrx_word' id='word_1_571' title='bbox 2293 2116 2355 2168; x_wconf 83' lang='grc' dir='ltr'><strong>τὸ</strong></span> <span class='ocrx_word' id='word_1_572' title='bbox 2391 2109 2551 2184; x_wconf 80' lang='grc' dir='ltr'><strong>σῶμα</strong></span> <span class='ocrx_word' id='word_1_573' title='bbox 2579 2107 2673 2160; x_wconf 90' lang='grc' dir='ltr'><strong>τοῦ</strong></span> <span class='ocrx_word' id='word_1_574' title='bbox 2704 2106 2761 2173; x_wconf 83' lang='grc' dir='ltr'><strong>ἐξ</strong></span> <span class='ocrx_word' id='word_1_575' title='bbox 2792 2105 3020 2177; x_wconf 82' lang='grc' dir='ltr'><strong>οὐρανοῦ</strong></span> <span class='ocrx_word' id='word_1_576' title='bbox 3051 2103 3549 2173; x_wconf 81' lang='grc' dir='ltr'><strong>καταφοιτήσαντος</strong></span> <span class='ocrx_word' id='word_1_577' title='bbox 3574 2103 3764 2170; x_wconf 85' lang='grc' dir='ltr'><strong>Λόγου,</strong></span> 
     </span>
    </p>
   </div>
   <div class='ocr_carea' id='block_1_76' title="bbox 2198 2190 3765 2275">
    <p class='ocr_par' dir='ltr' id='par_1_76' title="bbox 2198 2190 3765 2275">
     <span class='ocr_line' id='line_1_76' title="bbox 2198 2190 3765 2275; baseline -0.011 -12"><span class='ocrx_word' id='word_1_578' title='bbox 2198 2208 2256 2271; x_wconf 79' lang='grc' dir='ltr'><strong>ὃς</strong></span> <span class='ocrx_word' id='word_1_579' title='bbox 2286 2208 2379 2261; x_wconf 76' lang='grc' dir='ltr'><strong>καὶ</strong></span> <span class='ocrx_word' id='word_1_580' title='bbox 2406 2199 2787 2275; x_wconf 55' lang='grc' dir='ltr'><strong>γέγονενλΥίὸς</strong></span> <span class='ocrx_word' id='word_1_581' title='bbox 2816 2196 3123 2267; x_wconf 83' lang='grc' dir='ltr'><strong>ἀνθρώπου.</strong></span> <span class='ocrx_word' id='word_1_582' title='bbox 3158 2190 3253 2258; x_wconf 75' lang='grc' dir='ltr'><strong>Εἷς</strong></span> <span class='ocrx_word' id='word_1_583' title='bbox 3279 2191 3374 2248; x_wconf 82' lang='grc' dir='ltr'><strong>οὖν</strong></span> <span class='ocrx_word' id='word_1_584' title='bbox 3403 2195 3509 2265; x_wconf 82' lang='grc' dir='ltr'><strong>ἄρα</strong></span> <span class='ocrx_word' id='word_1_585' title='bbox 3536 2194 3765 2264; x_wconf 80' lang='grc' dir='ltr'><strong>Χριστὸς</strong></span> 
     </span>
    </p>
   </div>
   <div class='ocr_carea' id='block_1_77' title="bbox 2199 2284 3766 2363">
    <p class='ocr_par' dir='ltr' id='par_1_77' title="bbox 2199 2284 3766 2363">
     <span class='ocr_line' id='line_1_77' title="bbox 2199 2284 3766 2363; baseline -0.01 -10"><span class='ocrx_word' id='word_1_586' title='bbox 2199 2300 2293 2353; x_wconf 79' lang='grc' dir='ltr'><strong>καὶ</strong></span> <span class='ocrx_word' id='word_1_587' title='bbox 2322 2300 2469 2361; x_wconf 85' lang='grc' dir='ltr'><strong>Υἱός.</strong></span> <span class='ocrx_word' id='word_1_588' title='bbox 2503 2297 2689 2360; x_wconf 78' lang='grc' dir='ltr'><strong>Οὕτως</strong></span> <span class='ocrx_word' id='word_1_589' title='bbox 2718 2290 2825 2363; x_wconf 70' lang='grc' dir='ltr'><strong>ἴδια»</strong></span> <span class='ocrx_word' id='word_1_590' title='bbox 2858 2290 2955 2359; x_wconf 82' lang='grc' dir='ltr'><strong>μὲν</strong></span> <span class='ocrx_word' id='word_1_591' title='bbox 2994 2289 3094 2358; x_wconf 81' lang='grc' dir='ltr'><strong>τῆς</strong></span> <span class='ocrx_word' id='word_1_592' title='bbox 3137 2286 3336 2357; x_wconf 80' lang='grc' dir='ltr'><strong>σαρκὸς</strong></span> <span class='ocrx_word' id='word_1_593' title='bbox 3361 2286 3431 2340; x_wconf 80' lang='grc' dir='ltr'><strong>τὰ</strong></span> <span class='ocrx_word' id='word_1_594' title='bbox 3471 2284 3570 2338; x_wconf 84' lang='grc' dir='ltr'><strong>τοῦ</strong></span> <span class='ocrx_word' id='word_1_595' title='bbox 3600 2285 3766 2353; x_wconf 75' lang='grc' dir='ltr'><strong>Λόγου</strong></span> 
     </span>
    </p>
   </div>
   <div class='ocr_carea' id='block_1_78' title="bbox 2199 2375 3766 2457">
    <p class='ocr_par' dir='ltr' id='par_1_78' title="bbox 2199 2375 3766 2457">
     <span class='ocr_line' id='line_1_78' title="bbox 2199 2375 3766 2457; baseline -0.004 -15"><span class='ocrx_word' id='word_1_596' title='bbox 2199 2390 2439 2457; x_wconf 87' lang='grc' dir='ltr'><strong>γέγονεν,</strong></span> <span class='ocrx_word' id='word_1_597' title='bbox 2472 2389 2577 2441; x_wconf 74' lang='grc' dir='ltr'><strong>ἴδια</strong></span> <span class='ocrx_word' id='word_1_598' title='bbox 2604 2388 2662 2441; x_wconf 85' lang='grc' dir='ltr'>δὲ</span> <span class='ocrx_word' id='word_1_599' title='bbox 2690 2387 2786 2440; x_wconf 89' lang='grc' dir='ltr'><strong>τοῦ</strong></span> <span class='ocrx_word' id='word_1_600' title='bbox 2830 2380 3003 2451; x_wconf 68' lang='grc' dir='ltr'><strong>Λόγου</strong></span> <span class='ocrx_word' id='word_1_601' title='bbox 3032 2378 3100 2432; x_wconf 76' lang='grc' dir='ltr'><strong>τὰ</strong></span> <span class='ocrx_word' id='word_1_602' title='bbox 3129 2378 3227 2448; x_wconf 77' lang='grc' dir='ltr'><strong>τῆς</strong></span> <span class='ocrx_word' id='word_1_603' title='bbox 3258 2376 3481 2448; x_wconf 81' lang='grc' dir='ltr'><strong>σαρκὸς.</strong></span> <span class='ocrx_word' id='word_1_604' title='bbox 3507 2376 3643 2447; x_wconf 76' lang='grc' dir='ltr'><strong>δίχα</strong></span> <span class='ocrx_word' id='word_1_605' title='bbox 3680 2375 3766 2445; x_wconf 78' lang='grc' dir='ltr'><strong>μό·</strong></span> 
     </span>
    </p>
   </div>
   <div class='ocr_carea' id='block_1_79' title="bbox 2201 2480 3021 2551">
    <p class='ocr_par' dir='ltr' id='par_1_79' title="bbox 2201 2480 3021 2551">
     <span class='ocr_line' id='line_1_79' title="bbox 2201 2480 3021 2551; baseline 0 -19"><span class='ocrx_word' id='word_1_606' title='bbox 2201 2498 2299 2551; x_wconf 89' lang='grc' dir='ltr'><strong>νης</strong></span> <span class='ocrx_word' id='word_1_607' title='bbox 2329 2480 2620 2550; x_wconf 74' lang='grc' dir='ltr'><strong>ἁμάρτίας.</strong></span> <span class='ocrx_word' id='word_1_608' title='bbox 3012 2542 3021 2547; x_wconf 24' lang='grc' dir='ltr'><strong>κ</strong></span> 
     </span>
    </p>
   </div>
   <div class='ocr_carea' id='block_1_80' title="bbox 2274 2560 3760 2637">
    <p class='ocr_par' dir='ltr' id='par_1_80' title="bbox 2274 2560 3760 2637">
     <span class='ocr_line' id='line_1_80' title="bbox 2274 2560 3760 2637; baseline -0.009 -13"><span class='ocrx_word' id='word_1_609' title='bbox 2274 2591 2295 2624; x_wconf 80' lang='grc' dir='ltr'><strong>ι</strong></span> <span class='ocrx_word' id='word_1_610' title='bbox 2331 2573 2441 2624; x_wconf 81' lang='grc' dir='ltr'><strong>Καὶ</strong></span> <span class='ocrx_word' id='word_1_611' title='bbox 2466 2569 2644 2632; x_wconf 82' lang='grc' dir='ltr'><strong>καθὼς</strong></span> <span class='ocrx_word' id='word_1_612' title='bbox 2672 2569 2875 2636; x_wconf 82' lang='grc' dir='ltr'><strong>Μωσῆς</strong></span> <span class='ocrx_word' id='word_1_613' title='bbox 2906 2560 3200 2637; x_wconf 69' lang='grc' dir='ltr'><strong>ῦψωσετὺν</strong></span> <span class='ocrx_word' id='word_1_614' title='bbox 3229 2560 3351 2628; x_wconf 80' lang='grc' dir='ltr'><strong>ὅφιν</strong></span> <span class='ocrx_word' id='word_1_615' title='bbox 3379 2561 3437 2613; x_wconf 87' lang='grc' dir='ltr'><strong>ἐν</strong></span> <span class='ocrx_word' id='word_1_616' title='bbox 3460 2561 3526 2630; x_wconf 79' lang='grc' dir='ltr'><strong>τῇ</strong></span> <span class='ocrx_word' id='word_1_617' title='bbox 3560 2560 3760 2630; x_wconf 84' lang='grc' dir='ltr'><strong>ἐρήμῳ,</strong></span> 
     </span>
    </p>
   </div>
   <div class='ocr_carea' id='block_1_81' title="bbox 2199 2649 3761 2732">
    <p class='ocr_par' dir='ltr' id='par_1_81' title="bbox 2199 2649 3761 2732">
     <span class='ocr_line' id='line_1_81' title="bbox 2199 2649 3761 2732; baseline -0.009 -14"><span class='ocrx_word' id='word_1_618' title='bbox 2199 2664 2371 2727; x_wconf 79' lang='grc' dir='ltr'><strong>οὕτως</strong></span> <span class='ocrx_word' id='word_1_619' title='bbox 2394 2662 2673 2732; x_wconf 76' lang='grc' dir='ltr'><strong>ὑψωθῆναι</strong></span> <span class='ocrx_word' id='word_1_620' title='bbox 2702 2661 2784 2714; x_wconf 86' lang='grc' dir='ltr'><strong>δεῖ</strong></span> <span class='ocrx_word' id='word_1_621' title='bbox 2808 2661 2900 2715; x_wconf 84' lang='grc' dir='ltr'><strong>τὸν</strong></span> <span class='ocrx_word' id='word_1_622' title='bbox 2922 2660 3049 2713; x_wconf 84' lang='grc' dir='ltr'><strong>Υἱὸν</strong></span> <span class='ocrx_word' id='word_1_623' title='bbox 3077 2649 3488 2725; x_wconf 23' lang='grc' dir='ltr'><strong>τοῦλάνθρὼπου</strong></span> <span class='ocrx_word' id='word_1_624' title='bbox 3514 2666 3530 2679; x_wconf 86' lang='grc'><em>’</em></span> <span class='ocrx_word' id='word_1_625' title='bbox 3551 2650 3641 2702; x_wconf 82' lang='grc' dir='ltr'><strong>ἵνα</strong></span> <span class='ocrx_word' id='word_1_626' title='bbox 3668 2650 3761 2711; x_wconf 74' lang='grc' dir='ltr'><strong>πᾶς</strong></span> 
     </span>
    </p>
   </div>
   <div class='ocr_carea' id='block_1_82' title="bbox 2199 2739 3760 2821">
    <p class='ocr_par' dir='ltr' id='par_1_82' title="bbox 2199 2739 3760 2821">
     <span class='ocr_line' id='line_1_82' title="bbox 2199 2739 3760 2821; baseline -0.01 -14"><span class='ocrx_word' id='word_1_627' title='bbox 2199 2753 2516 2807; x_wconf 80' lang='grc' dir='ltr'><strong>ὀπιστεύων</strong></span> <span class='ocrx_word' id='word_1_628' title='bbox 2545 2753 2631 2804; x_wconf 83' lang='grc' dir='ltr'><strong>ἐπ’</strong></span> <span class='ocrx_word' id='word_1_629' title='bbox 2668 2751 2829 2805; x_wconf 80' lang='grc' dir='ltr'><strong>αὐτὸν</strong></span> <span class='ocrx_word' id='word_1_630' title='bbox 2865 2750 2947 2791; x_wconf 57' lang='lat' dir='ltr'><strong>e-f</strong></span> <span class='ocrx_word' id='word_1_631' title='bbox 2979 2750 3077 2821; x_wconf 78' lang='grc' dir='ltr'><strong>ἔχῃ</strong></span> <span class='ocrx_word' id='word_1_632' title='bbox 3111 2741 3521 2821; x_wconf 18' lang='grc' dir='ltr'><strong>ζωὴνηαίώνιον.</strong></span> <span class='ocrx_word' id='word_1_633' title='bbox 3562 2757 3581 2791; x_wconf 75' lang='grc' dir='ltr'><strong>ι</strong></span> <span class='ocrx_word' id='word_1_634' title='bbox 3616 2739 3760 2792; x_wconf 72' lang='lat' dir='ltr'><strong>&quot;E61-</strong></span> 
     </span>
    </p>
   </div>
   <div class='ocr_carea' id='block_1_83' title="bbox 2201 2830 3757 2913">
    <p class='ocr_par' dir='ltr' id='par_1_83' title="bbox 2201 2830 3757 2913">
     <span class='ocr_line' id='line_1_83' title="bbox 2201 2830 3757 2913; baseline -0.004 -17"><span class='ocrx_word' id='word_1_635' title='bbox 2201 2861 2325 2896; x_wconf 88' lang='grc' dir='ltr'><strong>κνον</strong></span> <span class='ocrx_word' id='word_1_636' title='bbox 2364 2844 2491 2905; x_wconf 75' lang='grc' dir='ltr'><strong>τοὺς</strong></span> <span class='ocrx_word' id='word_1_637' title='bbox 2538 2841 2598 2906; x_wconf 79' lang='grc' dir='ltr'><strong>ἐξ</strong></span> <span class='ocrx_word' id='word_1_638' title='bbox 2638 2842 2853 2913; x_wconf 81' lang='grc' dir='ltr'><strong>Ἰσραὴλ</strong></span> <span class='ocrx_word' id='word_1_639' title='bbox 2893 2840 3034 2894; x_wconf 79' lang='grc' dir='ltr'><strong>κατὰ</strong></span> <span class='ocrx_word' id='word_1_640' title='bbox 3080 2840 3178 2910; x_wconf 79' lang='grc' dir='ltr'><strong>τὴν</strong></span> <span class='ocrx_word' id='word_1_641' title='bbox 3229 2839 3436 2911; x_wconf 72' lang='grc' dir='ltr'><strong>ἔρημον</strong></span> <span class='ocrx_word' id='word_1_642' title='bbox 3486 2831 3540 2883; x_wconf 81' lang='grc' dir='ltr'><strong>οἶ</strong></span> <span class='ocrx_word' id='word_1_643' title='bbox 3586 2830 3757 2899; x_wconf 72' lang='grc' dir='ltr'><strong>ὄφεις’</strong></span> 
     </span>
    </p>
   </div>
   <div class='ocr_carea' id='block_1_84' title="bbox 2200 2922 3757 3006">
    <p class='ocr_par' dir='ltr' id='par_1_84' title="bbox 2200 2922 3757 3006">
     <span class='ocr_line' id='line_1_84' title="bbox 2200 2922 3757 3006; baseline -0.011 -18"><span class='ocrx_word' id='word_1_644' title='bbox 2200 2931 2318 2989; x_wconf 84' lang='grc' dir='ltr'><strong>εἶτα</strong></span> <span class='ocrx_word' id='word_1_645' title='bbox 2361 2934 2726 3006; x_wconf 87' lang='grc' dir='ltr'><strong>προστέταχεν</strong></span> <span class='ocrx_word' id='word_1_646' title='bbox 2754 2936 2783 2986; x_wconf 92' lang='lat'><strong>6</strong></span> <span class='ocrx_word' id='word_1_647' title='bbox 2824 2934 2932 2985; x_wconf 85' lang='grc' dir='ltr'><strong>τῶν</strong></span> <span class='ocrx_word' id='word_1_648' title='bbox 2960 2932 3096 2986; x_wconf 82' lang='grc' dir='ltr'><strong>ὅλων</strong></span> <span class='ocrx_word' id='word_1_649' title='bbox 3137 2931 3267 2993; x_wconf 75' lang='grc' dir='ltr'><strong>Θεὸς</strong></span> <span class='ocrx_word' id='word_1_650' title='bbox 3312 2930 3391 3000; x_wconf 79' lang='grc' dir='ltr'><strong>τῷ</strong></span> <span class='ocrx_word' id='word_1_651' title='bbox 3433 2923 3607 2992; x_wconf 81' lang='grc' dir='ltr'><strong>Μωσῇ</strong></span> <span class='ocrx_word' id='word_1_652' title='bbox 3650 2922 3757 2989; x_wconf 70' lang='grc' dir='ltr'><strong>ὅφιν</strong></span> 
     </span>
    </p>
   </div>
   <div class='ocr_carea' id='block_1_85' title="bbox 2201 3016 3760 3097">
    <p class='ocr_par' dir='ltr' id='par_1_85' title="bbox 2201 3016 3760 3097">
     <span class='ocr_line' id='line_1_85' title="bbox 2201 3016 3760 3097; baseline -0.003 -17"><span class='ocrx_word' id='word_1_653' title='bbox 2201 3026 2476 3081; x_wconf 87' lang='grc' dir='ltr'><strong>ἀναθεῖναι</strong></span> <span class='ocrx_word' id='word_1_654' title='bbox 2505 3026 2757 3097; x_wconf 83' lang='grc' dir='ltr'><strong>χαλκοῦν.</strong></span> <span class='ocrx_word' id='word_1_655' title='bbox 2799 3046 2818 3077; x_wconf 77' lang='grc' dir='ltr'><strong>ι</strong></span> <span class='ocrx_word' id='word_1_656' title='bbox 2858 3026 2968 3079; x_wconf 78' lang='grc' dir='ltr'><strong>Καὶ</strong></span> <span class='ocrx_word' id='word_1_657' title='bbox 3006 3025 3179 3087; x_wconf 80' lang='grc' dir='ltr'><strong>ἔσται,</strong></span> <span class='ocrx_word' id='word_1_658' title='bbox 3227 3026 3411 3094; x_wconf 77' lang='grc' dir='ltr'><strong>φησὶν,</strong></span> <span class='ocrx_word' id='word_1_659' title='bbox 3443 3016 3545 3083; x_wconf 63' lang='grc' dir='ltr'><strong>ἐὰν</strong></span> <span class='ocrx_word' id='word_1_660' title='bbox 3581 3016 3711 3083; x_wconf 80' lang='grc' dir='ltr'><strong>δάκῃ</strong></span> <span class='ocrx_word' id='word_1_661' title='bbox 3736 3016 3760 3065; x_wconf 75' lang='grc' dir='ltr'>ὁ</span> 
     </span>
    </p>
   </div>
   <div class='ocr_carea' id='block_1_86' title="bbox 2202 3107 3762 3190">
    <p class='ocr_par' dir='ltr' id='par_1_86' title="bbox 2202 3107 3762 3190">
     <span class='ocr_line' id='line_1_86' title="bbox 2202 3107 3762 3190; baseline -0.014 -13"><span class='ocrx_word' id='word_1_662' title='bbox 2202 3119 2327 3188; x_wconf 73' lang='grc' dir='ltr'><strong>ὄφις</strong></span> <span class='ocrx_word' id='word_1_663' title='bbox 2357 3119 2660 3190; x_wconf 84' lang='grc' dir='ltr'><strong>ἄνθρωπον,</strong></span> <span class='ocrx_word' id='word_1_664' title='bbox 2692 3119 2786 3173; x_wconf 73' lang='grc' dir='ltr'><strong>καὶ</strong></span> <span class='ocrx_word' id='word_1_665' title='bbox 2820 3117 3067 3189; x_wconf 70' lang='grc' dir='ltr'><strong>ἐμϐλέψῃ</strong></span> <span class='ocrx_word' id='word_1_666' title='bbox 3095 3118 3174 3179; x_wconf 85' lang='grc' dir='ltr'><strong>είς</strong></span> <span class='ocrx_word' id='word_1_667' title='bbox 3202 3115 3293 3168; x_wconf 84' lang='grc' dir='ltr'><strong>τὸν</strong></span> <span class='ocrx_word' id='word_1_668' title='bbox 3321 3115 3466 3184; x_wconf 77' lang='grc' dir='ltr'><strong>ὅφιν,</strong></span> <span class='ocrx_word' id='word_1_669' title='bbox 3500 3107 3599 3189; x_wconf 72' lang='grc' dir='ltr'><strong>καὶ</strong></span> <span class='ocrx_word' id='word_1_670' title='bbox 3624 3107 3762 3175; x_wconf 78' lang='grc' dir='ltr'><strong>ζήσε-</strong></span> 
     </span>
    </p>
   </div>
   <div class='ocr_carea' id='block_1_87' title="bbox 2200 3195 3760 3277">
    <p class='ocr_par' dir='ltr' id='par_1_87' title="bbox 2200 3195 3760 3277">
     <span class='ocr_line' id='line_1_87' title="bbox 2200 3195 3760 3277; baseline -0.004 -17"><span class='ocrx_word' id='word_1_671' title='bbox 2200 3225 2310 3262; x_wconf 81' lang='grc' dir='ltr'><strong>ται.</strong></span> <span class='ocrx_word' id='word_1_672' title='bbox 2352 3228 2371 3259; x_wconf 77' lang='grc' dir='ltr'><strong>ι</strong></span> <span class='ocrx_word' id='word_1_673' title='bbox 2409 3209 2473 3259; x_wconf 88' lang='grc' dir='ltr'><strong>Τί</strong></span> <span class='ocrx_word' id='word_1_674' title='bbox 2502 3209 2677 3263; x_wconf 87' lang='grc' dir='ltr'><strong>τοίνυν</strong></span> <span class='ocrx_word' id='word_1_675' title='bbox 2707 3208 2822 3261; x_wconf 75' lang='grc' dir='ltr'><strong>ἐστὶ</strong></span> <span class='ocrx_word' id='word_1_676' title='bbox 2848 3208 2910 3261; x_wconf 82' lang='grc' dir='ltr'><strong>τὸ</strong></span> <span class='ocrx_word' id='word_1_677' title='bbox 2937 3208 3194 3277; x_wconf 82' lang='grc' dir='ltr'><strong>αῖνιγμα;</strong></span> <span class='ocrx_word' id='word_1_678' title='bbox 3228 3205 3324 3259; x_wconf 80' lang='grc' dir='ltr'><strong>Διὰ</strong></span> <span class='ocrx_word' id='word_1_679' title='bbox 3344 3206 3396 3259; x_wconf 87' lang='grc' dir='ltr'><strong>τί</strong></span> <span class='ocrx_word' id='word_1_680' title='bbox 3424 3205 3484 3257; x_wconf 81' lang='grc' dir='ltr'>δὲ</span> <span class='ocrx_word' id='word_1_681' title='bbox 3514 3195 3760 3275; x_wconf 46' lang='grc' dir='ltr'><strong>όκὲνορῶν</strong></span> 
     </span>
    </p>
   </div>
   <div class='ocr_carea' id='block_1_88' title="bbox 2201 3282 3760 3370">
    <p class='ocr_par' dir='ltr' id='par_1_88' title="bbox 2201 3282 3760 3370">
     <span class='ocr_line' id='line_1_88' title="bbox 2201 3282 3760 3370; baseline 0.003 -18"><span class='ocrx_word' id='word_1_682' title='bbox 2201 3300 2291 3353; x_wconf 75' lang='grc' dir='ltr'><strong>τὸν</strong></span> <span class='ocrx_word' id='word_1_683' title='bbox 2310 3300 2431 3369; x_wconf 79' lang='grc' dir='ltr'><strong>ὅφιν</strong></span> <span class='ocrx_word' id='word_1_684' title='bbox 2464 3302 2488 3339; x_wconf 70' lang='grc' dir='ltr'><strong>Β</strong></span> <span class='ocrx_word' id='word_1_685' title='bbox 2507 3282 2765 3367; x_wconf 60' lang='lat' dir='ltr'><strong>adiciant;</strong></span> <span class='ocrx_word' id='word_1_686' title='bbox 2794 3300 2913 3369; x_wconf 85' lang='grc' dir='ltr'><strong>Ζωὴ</strong></span> <span class='ocrx_word' id='word_1_687' title='bbox 2940 3297 3225 3370; x_wconf 83' lang='grc' dir='ltr'><strong>τοιγαροῦν</strong></span> <span class='ocrx_word' id='word_1_688' title='bbox 3241 3298 3382 3352; x_wconf 80' lang='grc' dir='ltr'><strong>κατὰ</strong></span> <span class='ocrx_word' id='word_1_689' title='bbox 3403 3286 3577 3365; x_wconf 68' lang='grc' dir='ltr'><strong>φύσιῆ</strong></span> <span class='ocrx_word' id='word_1_690' title='bbox 3605 3288 3760 3356; x_wconf 66' lang='grc' dir='ltr'><strong>ὑπάρ·</strong></span> 
     </span>
    </p>
   </div>
   <div class='ocr_carea' id='block_1_89' title="bbox 2202 3379 3763 3464">
    <p class='ocr_par' dir='ltr' id='par_1_89' title="bbox 2202 3379 3763 3464">
     <span class='ocr_line' id='line_1_89' title="bbox 2202 3379 3763 3464; baseline -0.003 -18"><span class='ocrx_word' id='word_1_691' title='bbox 2202 3410 2311 3464; x_wconf 91' lang='grc' dir='ltr'><strong>χων</strong></span> <span class='ocrx_word' id='word_1_692' title='bbox 2340 3395 2368 3446; x_wconf 92' lang='lat'><strong>6</strong></span> <span class='ocrx_word' id='word_1_693' title='bbox 2396 3393 2704 3463; x_wconf 76' lang='grc' dir='ltr'><strong>Μονογενὴς</strong></span> <span class='ocrx_word' id='word_1_694' title='bbox 2733 3392 2826 3445; x_wconf 90' lang='grc' dir='ltr'><strong>τοῦ</strong></span> <span class='ocrx_word' id='word_1_695' title='bbox 2855 3392 2990 3445; x_wconf 88' lang='grc' dir='ltr'><strong>Θεοῦ</strong></span> <span class='ocrx_word' id='word_1_696' title='bbox 3021 3392 3212 3459; x_wconf 84' lang='grc' dir='ltr'><strong>Λόγος,</strong></span> <span class='ocrx_word' id='word_1_697' title='bbox 3244 3390 3468 3459; x_wconf 85' lang='grc' dir='ltr'><strong>γέγονεν</strong></span> <span class='ocrx_word' id='word_1_698' title='bbox 3489 3392 3549 3444; x_wconf 86' lang='grc' dir='ltr'><strong>ἐν</strong></span> 
     </span>
    </p>
   </div>
   <div class='ocr_carea' id='block_1_90' title="bbox 2204 3472 3761 3555">
    <p class='ocr_par' dir='ltr' id='par_1_90' title="bbox 2204 3472 3761 3555">
     <span class='ocr_line' id='line_1_90' title="bbox 2204 3472 3761 3555; baseline -0.003 -18"><span class='ocrx_word' id='word_1_699' title='bbox 2204 3502 2335 3555; x_wconf 90' lang='grc' dir='ltr'><strong>ματι</strong></span> <span class='ocrx_word' id='word_1_700' title='bbox 2363 3483 2440 3554; x_wconf 85' lang='grc' dir='ltr'><strong>τῷ</strong></span> <span class='ocrx_word' id='word_1_701' title='bbox 2471 3484 2591 3537; x_wconf 81' lang='grc' dir='ltr'><strong>καθ’</strong></span> <span class='ocrx_word' id='word_1_702' title='bbox 2635 3484 2802 3554; x_wconf 83' lang='grc' dir='ltr'><strong>ἡμᾶς,</strong></span> <span class='ocrx_word' id='word_1_703' title='bbox 2845 3482 3120 3536; x_wconf 83' lang='grc' dir='ltr'><strong>τουτέστιν</strong></span> <span class='ocrx_word' id='word_1_704' title='bbox 3168 3480 3451 3552; x_wconf 76' lang='grc' dir='ltr'><strong>ἄνθρωπος</strong></span> <span class='ocrx_word' id='word_1_705' title='bbox 3516 3472 3761 3555; x_wconf 56' lang='grc' dir='ltr'><strong>(ποὴηρδν</strong></span> 
     </span>
    </p>
   </div>
   <div class='ocr_carea' id='block_1_91' title="bbox 2201 3569 3761 3645">
    <p class='ocr_par' dir='ltr' id='par_1_91' title="bbox 2201 3569 3761 3645">
     <span class='ocr_line' id='line_1_91' title="bbox 2201 3569 3761 3645; baseline -0.004 -18"><span class='ocrx_word' id='word_1_706' title='bbox 2201 3576 2256 3627; x_wconf 81' lang='grc' dir='ltr'>δὲ</span> <span class='ocrx_word' id='word_1_707' title='bbox 2286 3576 2314 3627; x_wconf 97' lang='lat'><strong>6</strong></span> <span class='ocrx_word' id='word_1_708' title='bbox 2343 3574 2646 3645; x_wconf 79' lang='grc' dir='ltr'><strong>ἄνθρωπος,</strong></span> <span class='ocrx_word' id='word_1_709' title='bbox 2678 3572 2771 3627; x_wconf 77' lang='grc' dir='ltr'><strong>καὶ</strong></span> <span class='ocrx_word' id='word_1_710' title='bbox 2818 3569 2929 3625; x_wconf 76' lang='grc' dir='ltr'><strong>οἷον</strong></span> <span class='ocrx_word' id='word_1_711' title='bbox 2968 3575 2996 3625; x_wconf 94' lang='lat'><strong>6</strong></span> <span class='ocrx_word' id='word_1_712' title='bbox 3024 3571 3191 3643; x_wconf 77' lang='grc' dir='ltr'><strong>δφις)’</strong></span> <span class='ocrx_word' id='word_1_713' title='bbox 3217 3570 3331 3625; x_wconf 81' lang='grc' dir='ltr'><strong>ἀλλ’</strong></span> <span class='ocrx_word' id='word_1_714' title='bbox 3371 3571 3420 3623; x_wconf 87' lang='grc' dir='ltr'><strong>εί</strong></span> <span class='ocrx_word' id='word_1_715' title='bbox 3460 3571 3554 3624; x_wconf 70' lang='grc' dir='ltr'><strong>καὶ</strong></span> <span class='ocrx_word' id='word_1_716' title='bbox 3583 3569 3761 3645; x_wconf 46' lang='grc' dir='ltr'><strong>γέγονε</strong></span> 
     </span>
    </p>
   </div>
   <div class='ocr_carea' id='block_1_92' title="bbox 2203 3659 3761 3733">
    <p class='ocr_par' dir='ltr' id='par_1_92' title="bbox 2203 3659 3761 3733">
     <span class='ocr_line' id='line_1_92' title="bbox 2203 3659 3761 3733; baseline -0.003 -16"><span class='ocrx_word' id='word_1_717' title='bbox 2203 3664 2323 3717; x_wconf 84' lang='grc' dir='ltr'><strong>καθ’</strong></span> <span class='ocrx_word' id='word_1_718' title='bbox 2351 3666 2519 3733; x_wconf 79' lang='grc' dir='ltr'><strong>ἡμᾶς,</strong></span> <span class='ocrx_word' id='word_1_719' title='bbox 2558 3665 2611 3717; x_wconf 83' lang='grc' dir='ltr'><strong>εῐ</strong></span> <span class='ocrx_word' id='word_1_720' title='bbox 2634 3681 2716 3727; x_wconf 88' lang='grc' dir='ltr'><strong>τις</strong></span> <span class='ocrx_word' id='word_1_721' title='bbox 2744 3664 2824 3725; x_wconf 86' lang='grc' dir='ltr'><strong>εἰς</strong></span> <span class='ocrx_word' id='word_1_722' title='bbox 2870 3662 3032 3715; x_wconf 85' lang='grc' dir='ltr'><strong>αὐτὸν</strong></span> <span class='ocrx_word' id='word_1_723' title='bbox 3076 3662 3195 3725; x_wconf 85' lang='grc' dir='ltr'><strong>ῐδοι,</strong></span> <span class='ocrx_word' id='word_1_724' title='bbox 3227 3662 3353 3731; x_wconf 80' lang='grc' dir='ltr'><strong>νικᾷ</strong></span> <span class='ocrx_word' id='word_1_725' title='bbox 3397 3662 3489 3713; x_wconf 79' lang='grc' dir='ltr'><strong>τὸν</strong></span> <span class='ocrx_word' id='word_1_726' title='bbox 3518 3659 3761 3733; x_wconf 52' lang='grc' dir='ltr'><strong>θάναῗονο</strong></span> 
     </span>
    </p>
   </div>
   <div class='ocr_carea' id='block_1_93' title="bbox 2202 3749 3764 3820">
    <p class='ocr_par' dir='ltr' id='par_1_93' title="bbox 2202 3749 3764 3820">
     <span class='ocr_line' id='line_1_93' title="bbox 2202 3749 3764 3820; baseline -0.003 -15"><span class='ocrx_word' id='word_1_727' title='bbox 2202 3753 2267 3805; x_wconf 89' lang='grc' dir='ltr'><strong>Τί</strong></span> <span class='ocrx_word' id='word_1_728' title='bbox 2298 3752 2353 3805; x_wconf 90' lang='grc' dir='ltr'><strong>δέ</strong></span> <span class='ocrx_word' id='word_1_729' title='bbox 2384 3755 2498 3805; x_wconf 88' lang='grc' dir='ltr'><strong>ἐστι</strong></span> <span class='ocrx_word' id='word_1_730' title='bbox 2527 3753 2587 3805; x_wconf 87' lang='grc' dir='ltr'><strong>τὸ</strong></span> <span class='ocrx_word' id='word_1_731' title='bbox 2616 3754 2694 3815; x_wconf 85' lang='grc' dir='ltr'><strong>είς</strong></span> <span class='ocrx_word' id='word_1_732' title='bbox 2724 3752 2887 3805; x_wconf 81' lang='grc' dir='ltr'><strong>αὑτὸν</strong></span> <span class='ocrx_word' id='word_1_733' title='bbox 2921 3751 3069 3815; x_wconf 86' lang='grc' dir='ltr'><strong>ίδεῖν,</strong></span> <span class='ocrx_word' id='word_1_734' title='bbox 3102 3751 3135 3820; x_wconf 81' lang='grc' dir='ltr'>ἢ</span> <span class='ocrx_word' id='word_1_735' title='bbox 3166 3751 3247 3803; x_wconf 83' lang='grc' dir='ltr'><strong>ὅτι</strong></span> <span class='ocrx_word' id='word_1_736' title='bbox 3278 3750 3492 3813; x_wconf 79' lang='grc' dir='ltr'><strong>πάντως</strong></span> <span class='ocrx_word' id='word_1_737' title='bbox 3533 3749 3595 3802; x_wconf 79' lang='grc' dir='ltr'><strong>τὸ</strong></span> <span class='ocrx_word' id='word_1_738' title='bbox 3621 3749 3764 3820; x_wconf 66' lang='grc' dir='ltr'><strong>ὰήρι·</strong></span> 
     </span>
    </p>
   </div>
   <div class='ocr_carea' id='block_1_94' title="bbox 2202 3841 3694 3914">
    <p class='ocr_par' dir='ltr' id='par_1_94' title="bbox 2202 3841 3694 3914">
     <span class='ocr_line' id='line_1_94' title="bbox 2202 3841 3694 3914; baseline -0.002 -18"><span class='ocrx_word' id='word_1_739' title='bbox 2202 3844 2311 3907; x_wconf 90' lang='grc' dir='ltr'><strong>ϐῶς</strong></span> <span class='ocrx_word' id='word_1_740' title='bbox 2355 3844 2688 3914; x_wconf 81' lang='grc' dir='ltr'><strong>κατανοῆσαι</strong></span> <span class='ocrx_word' id='word_1_741' title='bbox 2731 3843 2791 3897; x_wconf 86' lang='grc' dir='ltr'><strong>τὸ</strong></span> <span class='ocrx_word' id='word_1_742' title='bbox 2833 3844 2919 3895; x_wconf 81' lang='grc' dir='ltr'><strong>ἐπ’</strong></span> <span class='ocrx_word' id='word_1_743' title='bbox 2948 3841 3095 3913; x_wconf 77' lang='grc' dir='ltr'><strong>αὐτῷ</strong></span> <span class='ocrx_word' id='word_1_744' title='bbox 3140 3843 3468 3913; x_wconf 84' lang='grc' dir='ltr'><strong>μυστήριον;</strong></span> <span class='ocrx_word' id='word_1_745' title='bbox 3500 3842 3631 3894; x_wconf 89' lang='grc' dir='ltr'><strong>Τότε</strong></span> <span class='ocrx_word' id='word_1_746' title='bbox 3662 3859 3694 3907; x_wconf 92' lang='grc' dir='ltr'><strong>γ</strong></span> 
     </span>
    </p>
   </div>
   <div class='ocr_carea' id='block_1_95' title="bbox 2200 3929 3773 4001">
    <p class='ocr_par' dir='ltr' id='par_1_95' title="bbox 2200 3929 3773 4001">
     <span class='ocr_line' id='line_1_95' title="bbox 2200 3929 3773 4001; baseline -0.004 -16"><span class='ocrx_word' id='word_1_747' title='bbox 2200 3932 2360 3985; x_wconf 74' lang='grc' dir='ltr'><strong>αὑτὸν</strong></span> <span class='ocrx_word' id='word_1_748' title='bbox 2383 3932 2571 4001; x_wconf 77' lang='grc' dir='ltr'><strong>ὗψεται</strong></span> <span class='ocrx_word' id='word_1_749' title='bbox 2597 3933 2655 3984; x_wconf 93' lang='grc' dir='ltr'><strong>ἐν</strong></span> <span class='ocrx_word' id='word_1_750' title='bbox 2691 3930 2993 4001; x_wconf 85' lang='grc' dir='ltr'><strong>ὁμοιώματι</strong></span> <span class='ocrx_word' id='word_1_751' title='bbox 3025 3930 3123 4001; x_wconf 83' lang='grc' dir='ltr'><strong>μὲν</strong></span> <span class='ocrx_word' id='word_1_752' title='bbox 3144 3930 3252 3983; x_wconf 87' lang='grc' dir='ltr'><strong>τῶν</strong></span> <span class='ocrx_word' id='word_1_753' title='bbox 3302 3929 3574 4001; x_wconf 82' lang='grc' dir='ltr'><strong>πονηρῶν,</strong></span> <span class='ocrx_word' id='word_1_754' title='bbox 3615 3929 3773 4001; x_wconf 48' lang='grc' dir='ltr'><strong>του-ιχ⁸</strong></span> 
     </span>
    </p>
   </div>
   <div class='ocr_carea' id='block_1_96' title="bbox 2197 4022 3738 4094">
    <p class='ocr_par' dir='ltr' id='par_1_96' title="bbox 2197 4022 3738 4094">
     <span class='ocr_line' id='line_1_96' title="bbox 2197 4022 3738 4094; baseline -0.003 -17"><span class='ocrx_word' id='word_1_755' title='bbox 2197 4024 2344 4077; x_wconf 85' lang='grc' dir='ltr'><strong>ἐστιν</strong></span> <span class='ocrx_word' id='word_1_756' title='bbox 2382 4023 2705 4094; x_wconf 83' lang='grc' dir='ltr'><strong>ἀνθρώπων,</strong></span> <span class='ocrx_word' id='word_1_757' title='bbox 2754 4023 3015 4087; x_wconf 81' lang='grc' dir='ltr'><strong>ζωοποιὸν</strong></span> <span class='ocrx_word' id='word_1_758' title='bbox 3041 4022 3097 4076; x_wconf 86' lang='grc' dir='ltr'><strong>δὲ</strong></span> <span class='ocrx_word' id='word_1_759' title='bbox 3142 4022 3218 4085; x_wconf 84' lang='grc' dir='ltr'><strong>ὡς</strong></span> <span class='ocrx_word' id='word_1_760' title='bbox 3249 4022 3399 4086; x_wconf 84' lang='grc' dir='ltr'><strong>Θεὸν,</strong></span> <span class='ocrx_word' id='word_1_761' title='bbox 3433 4022 3525 4075; x_wconf 78' lang='grc' dir='ltr'><strong>καὶ</strong></span> <span class='ocrx_word' id='word_1_762' title='bbox 3576 4022 3738 4089; x_wconf 80' lang='grc' dir='ltr'><strong>ἁφανί</strong></span> 
     </span>
    </p>
   </div>
   <div class='ocr_carea' id='block_1_97' title="bbox 2198 4108 3761 4185">
    <p class='ocr_par' dir='ltr' id='par_1_97' title="bbox 2198 4108 3761 4185">
     <span class='ocr_line' id='line_1_97' title="bbox 2198 4108 3761 4185; baseline -0.004 -16"><span class='ocrx_word' id='word_1_763' title='bbox 2198 4116 2356 4180; x_wconf 78' lang='grc' dir='ltr'><strong>ζοντα</strong></span> <span class='ocrx_word' id='word_1_764' title='bbox 2392 4117 2461 4171; x_wconf 82' lang='grc' dir='ltr'><strong>τὰ</strong></span> <span class='ocrx_word' id='word_1_765' title='bbox 2480 4116 2586 4169; x_wconf 89' lang='grc' dir='ltr'><strong>τῶν</strong></span> <span class='ocrx_word' id='word_1_766' title='bbox 2615 4115 2819 4184; x_wconf 75' lang='grc' dir='ltr'><strong>νοητῶν</strong></span> <span class='ocrx_word' id='word_1_767' title='bbox 2848 4115 2875 4153; x_wconf 75' lang='lat' dir='ltr'><strong>h</strong></span> <span class='ocrx_word' id='word_1_768' title='bbox 2903 4115 3076 4182; x_wconf 75' lang='grc' dir='ltr'><strong>ὄφεων</strong></span> <span class='ocrx_word' id='word_1_769' title='bbox 3109 4114 3380 4185; x_wconf 86' lang='grc' dir='ltr'><strong>δήγματα.</strong></span> <span class='ocrx_word' id='word_1_770' title='bbox 3416 4108 3509 4176; x_wconf 80' lang='grc' dir='ltr'><strong>Εἷς</strong></span> <span class='ocrx_word' id='word_1_771' title='bbox 3545 4108 3637 4166; x_wconf 85' lang='grc' dir='ltr'><strong>οῦν</strong></span> <span class='ocrx_word' id='word_1_772' title='bbox 3660 4113 3761 4181; x_wconf 79' lang='grc' dir='ltr'><strong>ἄρα</strong></span> 
     </span>
    </p>
   </div>
   <div class='ocr_carea' id='block_1_98' title="bbox 2201 4200 3757 4277">
    <p class='ocr_par' dir='ltr' id='par_1_98' title="bbox 2201 4200 3757 4277">
     <span class='ocr_line' id='line_1_98' title="bbox 2201 4200 3757 4277; baseline -0.005 -20"><span class='ocrx_word' id='word_1_773' title='bbox 2201 4206 2426 4277; x_wconf 82' lang='grc' dir='ltr'><strong>Κύριος,</strong></span> <span class='ocrx_word' id='word_1_774' title='bbox 2455 4206 2549 4257; x_wconf 74' lang='grc' dir='ltr'><strong>καὶ</strong></span> <span class='ocrx_word' id='word_1_775' title='bbox 2576 4205 2702 4266; x_wconf 83' lang='grc' dir='ltr'><strong>Υἱὸς</strong></span> <span class='ocrx_word' id='word_1_776' title='bbox 2732 4206 2759 4255; x_wconf 93' lang='lat'><strong>6</strong></span> <span class='ocrx_word' id='word_1_777' title='bbox 2780 4202 2962 4265; x_wconf 83' lang='grc' dir='ltr'><strong>αὐτὸς,</strong></span> <span class='ocrx_word' id='word_1_778' title='bbox 2990 4203 3083 4255; x_wconf 77' lang='grc' dir='ltr'><strong>καὶ</strong></span> <span class='ocrx_word' id='word_1_779' title='bbox 3110 4202 3369 4266; x_wconf 83' lang='grc' dir='ltr'><strong>ζωοποιὺς</strong></span> <span class='ocrx_word' id='word_1_780' title='bbox 3392 4203 3465 4266; x_wconf 84' lang='grc' dir='ltr'><strong>ὡς</strong></span> <span class='ocrx_word' id='word_1_781' title='bbox 3487 4201 3638 4265; x_wconf 85' lang='grc' dir='ltr'><strong>Θεὸς,</strong></span> <span class='ocrx_word' id='word_1_782' title='bbox 3671 4200 3757 4251; x_wconf 77' lang='grc' dir='ltr'><strong>καὶ</strong></span> 
     </span>
    </p>
   </div>
   <div class='ocr_carea' id='block_1_99' title="bbox 2197 4294 3382 4365">
    <p class='ocr_par' dir='ltr' id='par_1_99' title="bbox 2197 4294 3382 4365">
     <span class='ocr_line' id='line_1_99' title="bbox 2197 4294 3382 4365; baseline 0 -18"><span class='ocrx_word' id='word_1_783' title='bbox 2197 4297 2256 4348; x_wconf 85' lang='grc' dir='ltr'><strong>ἐν</strong></span> <span class='ocrx_word' id='word_1_784' title='bbox 2288 4297 2417 4349; x_wconf 81' lang='grc' dir='ltr'><strong>εἴδει</strong></span> <span class='ocrx_word' id='word_1_785' title='bbox 2445 4296 2523 4365; x_wconf 83' lang='grc' dir='ltr'><strong>τῷ</strong></span> <span class='ocrx_word' id='word_1_786' title='bbox 2553 4296 2659 4348; x_wconf 87' lang='grc' dir='ltr'><strong>τῶν</strong></span> <span class='ocrx_word' id='word_1_787' title='bbox 2684 4295 2934 4365; x_wconf 81' lang='grc' dir='ltr'><strong>πονηρῶν</strong></span> <span class='ocrx_word' id='word_1_788' title='bbox 2966 4294 3031 4347; x_wconf 86' lang='grc' dir='ltr'><strong>δι’</strong></span> <span class='ocrx_word' id='word_1_789' title='bbox 3054 4294 3382 4365; x_wconf 86' lang='grc' dir='ltr'><strong>οἰκονομίαν.</strong></span> 
     </span>
    </p>
   </div>
   <div class='ocr_carea' id='block_1_100' title="bbox 3696 3770 3778 4070">
    <p class='ocr_par' dir='ltr' id='par_1_100' title="bbox 3696 3770 3778 4070">
     <span class='ocr_line' id='line_1_100' title="bbox 3716 3770 3764 3811; baseline 0 -32"><span class='ocrx_word' id='word_1_790' title='bbox 3716 3770 3764 3811; x_wconf 53' lang='grc' dir='ltr'><strong>γι.</strong></span> 
     </span>
     <span class='ocr_line' id='line_1_101' title="bbox 3696 3770 3778 4070; baseline 0 0"><span class='ocrx_word' id='word_1_791' title='bbox 3696 3770 3778 4070; x_wconf 35' lang='grc' dir='ltr'><strong>ἥ</strong></span> 
     </span>
     <span class='ocr_line' id='line_1_102' title="bbox 3696 4022 3738 4070; baseline 0 0"><span class='ocrx_word' id='word_1_792' title='bbox 3696 4041 3715 4070; x_wconf 85' lang='grc' dir='ltr'>ν</span> <span class='ocrx_word' id='word_1_793' title='bbox 3723 4022 3738 4070; x_wconf 86' lang='grc' dir='ltr'><strong>ί</strong></span> 
     </span>
    </p>
   </div>
   <div class='ocr_carea' id='block_1_101' title="bbox 3761 4070 3865 4831">
    <p class='ocr_par' dir='ltr' id='par_1_101' title="bbox 3761 4070 3861 4827">
     <span class='ocr_line' id='line_1_103' title="bbox 3761 4070 3861 4827; baseline 0 -176"><span class='ocrx_word' id='word_1_794' title='bbox 3761 4070 3861 4827; x_wconf 53' lang='grc' dir='ltr'><strong>ι</strong></span> 
     </span>
    </p>
   </div>
   <div class='ocr_carea' id='block_1_102' title="bbox 2207 4644 3831 4730">
    <p class='ocr_par' dir='ltr' id='par_1_102' title="bbox 2207 4644 3831 4730">
     <span class='ocr_line' id='line_1_104' title="bbox 2207 4644 3831 4730; baseline -0.002 -19"><span class='ocrx_word' id='word_1_795' title='bbox 2207 4662 2297 4712; x_wconf 85' lang='grc' dir='ltr'><strong>θον</strong></span> <span class='ocrx_word' id='word_1_796' title='bbox 2326 4662 2405 4722; x_wconf 81' lang='grc' dir='ltr'><strong>εἰς</strong></span> <span class='ocrx_word' id='word_1_797' title='bbox 2423 4660 2725 4729; x_wconf 84' lang='grc' dir='ltr'><strong>ἀπάντησιν</strong></span> <span class='ocrx_word' id='word_1_798' title='bbox 2752 4658 2938 4721; x_wconf 82' lang='grc' dir='ltr'><strong>αὑτοῦ,</strong></span> <span class='ocrx_word' id='word_1_799' title='bbox 2956 4660 3109 4729; x_wconf 64' lang='grc' dir='ltr'><strong>φησι,</strong></span> <span class='ocrx_word' id='word_1_800' title='bbox 3133 4661 3227 4713; x_wconf 73' lang='grc' dir='ltr'><strong>καὶ</strong></span> <span class='ocrx_word' id='word_1_801' title='bbox 3252 4659 3480 4730; x_wconf 76' lang='grc' dir='ltr'><strong>ἔκραζον</strong></span> <span class='ocrx_word' id='word_1_802' title='bbox 3505 4661 3545 4698; x_wconf 80' lang='grc' dir='ltr'><strong>ί·</strong></span> <span class='ocrx_word' id='word_1_803' title='bbox 3580 4659 3747 4709; x_wconf 76' lang='grc' dir='ltr'><strong>Ὠσαν-</strong></span> <span class='ocrx_word' id='word_1_804' title='bbox 3818 4644 3831 4669; x_wconf 49' lang='grc'><em>⁷</em></span> 
     </span>
    </p>
   </div>
   <div class='ocr_carea' id='block_1_103' title="bbox 2208 4749 3741 4821">
    <p class='ocr_par' dir='ltr' id='par_1_103' title="bbox 2208 4749 3741 4821">
     <span class='ocr_line' id='line_1_105' title="bbox 2208 4749 3741 4821; baseline -0.004 -18"><span class='ocrx_word' id='word_1_805' title='bbox 2208 4751 2294 4811; x_wconf 57' lang='lat' dir='ltr'><strong>vi,</strong></span> <span class='ocrx_word' id='word_1_806' title='bbox 2358 4751 2720 4821; x_wconf 77' lang='grc' dir='ltr'><strong>εὐλογημένος</strong></span> <span class='ocrx_word' id='word_1_807' title='bbox 2769 4753 2797 4804; x_wconf 91' lang='lat'><strong>6</strong></span> <span class='ocrx_word' id='word_1_808' title='bbox 2844 4751 3135 4821; x_wconf 82' lang='grc' dir='ltr'><strong>ἐρχόμενος</strong></span> <span class='ocrx_word' id='word_1_809' title='bbox 3180 4753 3239 4802; x_wconf 86' lang='grc' dir='ltr'><strong>ἐν</strong></span> <span class='ocrx_word' id='word_1_810' title='bbox 3288 4753 3505 4821; x_wconf 85' lang='grc' dir='ltr'><strong>ὀνόματι</strong></span> <span class='ocrx_word' id='word_1_811' title='bbox 3538 4749 3741 4820; x_wconf 76' lang='grc' dir='ltr'><strong>Κυρίου,</strong></span> 
     </span>
    </p>
   </div>
   <div class='ocr_carea' id='block_1_104' title="bbox 2202 4839 3743 4915">
    <p class='ocr_par' dir='ltr' id='par_1_104' title="bbox 2202 4839 3743 4915">
     <span class='ocr_line' id='line_1_106' title="bbox 2202 4839 3743 4915; baseline -0.001 -21"><span class='ocrx_word' id='word_1_812' title='bbox 2202 4844 2231 4894; x_wconf 85' lang='grc' dir='ltr'><strong>ὁ</strong></span> <span class='ocrx_word' id='word_1_813' title='bbox 2263 4842 2513 4912; x_wconf 83' lang='grc' dir='ltr'><strong>βασιλεὺς</strong></span> <span class='ocrx_word' id='word_1_814' title='bbox 2532 4843 2626 4895; x_wconf 93' lang='grc' dir='ltr'><strong>τοῦ</strong></span> <span class='ocrx_word' id='word_1_815' title='bbox 2660 4842 2896 4912; x_wconf 80' lang='grc' dir='ltr'><strong>Ἰσραήλ.</strong></span> <span class='ocrx_word' id='word_1_816' title='bbox 2929 4861 2946 4893; x_wconf 75' lang='grc' dir='ltr'><strong>ι</strong></span> <span class='ocrx_word' id='word_1_817' title='bbox 2984 4842 3107 4906; x_wconf 85' lang='grc' dir='ltr'><strong>Πῶς</strong></span> <span class='ocrx_word' id='word_1_818' title='bbox 3140 4839 3232 4896; x_wconf 85' lang='grc' dir='ltr'><strong>οῦν</strong></span> <span class='ocrx_word' id='word_1_819' title='bbox 3265 4861 3430 4915; x_wconf 76' lang='grc' dir='ltr'><strong>φησιν</strong></span> <span class='ocrx_word' id='word_1_820' title='bbox 3464 4847 3520 4897; x_wconf 85' lang='grc' dir='ltr'><strong>ὲν</strong></span> <span class='ocrx_word' id='word_1_821' title='bbox 3546 4842 3743 4911; x_wconf 77' lang='grc' dir='ltr'><strong>ὀνόματι</strong></span> 
     </span>
    </p>
   </div>
   <div class='ocr_carea' id='block_1_105' title="bbox 2201 4931 3741 5007">
    <p class='ocr_par' dir='ltr' id='par_1_105' title="bbox 2201 4931 3741 5007">
     <span class='ocr_line' id='line_1_107' title="bbox 2201 4931 3741 5007; baseline -0.004 -20"><span class='ocrx_word' id='word_1_822' title='bbox 2201 4934 2403 5005; x_wconf 78' lang='grc' dir='ltr'><strong>Κυρίου</strong></span> <span class='ocrx_word' id='word_1_823' title='bbox 2440 4934 2845 5005; x_wconf 70' lang='grc' dir='ltr'><strong>παραγενέσθαι</strong></span> <span class='ocrx_word' id='word_1_824' title='bbox 2870 4932 2883 4984; x_wconf 87' lang='lat' dir='ltr'><strong>i</strong></span> <span class='ocrx_word' id='word_1_825' title='bbox 2924 4934 2985 4987; x_wconf 85' lang='grc' dir='ltr'><strong>τὸ</strong></span> <span class='ocrx_word' id='word_1_826' title='bbox 3011 4935 3249 5007; x_wconf 85' lang='grc' dir='ltr'><strong>Γράμμα</strong></span> <span class='ocrx_word' id='word_1_827' title='bbox 3278 4936 3338 4988; x_wconf 88' lang='grc' dir='ltr'><strong>τὸ</strong></span> <span class='ocrx_word' id='word_1_828' title='bbox 3368 4935 3538 5005; x_wconf 87' lang='grc' dir='ltr'><strong>ίερὸν;</strong></span> <span class='ocrx_word' id='word_1_829' title='bbox 3573 4935 3630 4987; x_wconf 79' lang='lat' dir='ltr'><strong>Ei</strong></span> <span class='ocrx_word' id='word_1_830' title='bbox 3658 4931 3741 5001; x_wconf 72' lang='grc' dir='ltr'><strong>μὲν</strong></span> 
     </span>
    </p>
   </div>
   <div class='ocr_carea' id='block_1_106' title="bbox 2203 5021 3737 5096">
    <p class='ocr_par' dir='ltr' id='par_1_106' title="bbox 2203 5021 3737 5096">
     <span class='ocr_line' id='line_1_108' title="bbox 2203 5021 3737 5096; baseline -0.005 -18"><span class='ocrx_word' id='word_1_831' title='bbox 2203 5021 2295 5078; x_wconf 77' lang='grc' dir='ltr'><strong>οὖν</strong></span> <span class='ocrx_word' id='word_1_832' title='bbox 2319 5024 2394 5087; x_wconf 83' lang='grc' dir='ltr'><strong>ὡς</strong></span> <span class='ocrx_word' id='word_1_833' title='bbox 2421 5024 2704 5096; x_wconf 82' lang='grc' dir='ltr'><strong>ἄνθρωπον</strong></span> <span class='ocrx_word' id='word_1_834' title='bbox 2740 5024 2919 5087; x_wconf 84' lang='grc' dir='ltr'><strong>ίδικῶς</strong></span> <span class='ocrx_word' id='word_1_835' title='bbox 2944 5025 3033 5077; x_wconf 77' lang='grc' dir='ltr'><strong>τὸν</strong></span> <span class='ocrx_word' id='word_1_836' title='bbox 3058 5027 3121 5077; x_wconf 84' lang='grc' dir='ltr'><strong>ἐκ</strong></span> <span class='ocrx_word' id='word_1_837' title='bbox 3153 5027 3251 5095; x_wconf 87' lang='grc' dir='ltr'><strong>τῆς</strong></span> <span class='ocrx_word' id='word_1_838' title='bbox 3280 5026 3439 5094; x_wconf 83' lang='grc' dir='ltr'><strong>ἁγίας</strong></span> <span class='ocrx_word' id='word_1_839' title='bbox 3470 5023 3737 5095; x_wconf 78' lang='grc' dir='ltr'><strong>Παρθένον,</strong></span> 
     </span>
    </p>
   </div>
   <div class='ocr_carea' id='block_1_107' title="bbox 2204 5114 3733 5187">
    <p class='ocr_par' dir='ltr' id='par_1_107' title="bbox 2204 5114 3733 5187">
     <span class='ocr_line' id='line_1_109' title="bbox 2204 5114 3733 5187; baseline 0 -19"><span class='ocrx_word' id='word_1_840' title='bbox 2204 5117 2278 5187; x_wconf 84' lang='grc' dir='ltr'><strong>μὴ</strong></span> <span class='ocrx_word' id='word_1_841' title='bbox 2302 5116 2589 5179; x_wconf 79' lang='grc' dir='ltr'><strong>ἑνωθέντος</strong></span> <span class='ocrx_word' id='word_1_842' title='bbox 2619 5117 2765 5186; x_wconf 79' lang='grc' dir='ltr'><strong>αὐτῷ</strong></span> <span class='ocrx_word' id='word_1_843' title='bbox 2801 5117 2919 5169; x_wconf 83' lang='grc' dir='ltr'><strong>καθ’</strong></span> <span class='ocrx_word' id='word_1_844' title='bbox 2947 5116 3239 5169; x_wconf 84' lang='grc' dir='ltr'><strong>ὑπόστασιν</strong></span> <span class='ocrx_word' id='word_1_845' title='bbox 3267 5116 3359 5169; x_wconf 87' lang='grc' dir='ltr'><strong>τοῦ</strong></span> <span class='ocrx_word' id='word_1_846' title='bbox 3405 5116 3537 5169; x_wconf 87' lang='grc' dir='ltr'><strong>Θεοῦ</strong></span> <span class='ocrx_word' id='word_1_847' title='bbox 3565 5114 3733 5179; x_wconf 78' lang='grc' dir='ltr'><strong>Λόγου.</strong></span> 
     </span>
    </p>
   </div>
   <div class='ocr_carea' id='block_1_108' title="bbox 2202 5202 3736 5277">
    <p class='ocr_par' dir='ltr' id='par_1_108' title="bbox 2202 5202 3736 5277">
     <span class='ocr_line' id='line_1_110' title="bbox 2202 5202 3736 5277; baseline -0.003 -18"><span class='ocrx_word' id='word_1_848' title='bbox 2202 5208 2380 5262; x_wconf 82' lang='grc' dir='ltr'><strong>κοινὸν</strong></span> <span class='ocrx_word' id='word_1_849' title='bbox 2411 5207 2561 5260; x_wconf 74' lang='grc' dir='ltr'><strong>ἔσται</strong></span> <span class='ocrx_word' id='word_1_850' title='bbox 2588 5208 2648 5261; x_wconf 84' lang='grc' dir='ltr'><strong>τὺ</strong></span> <span class='ocrx_word' id='word_1_851' title='bbox 2674 5208 2773 5277; x_wconf 83' lang='grc' dir='ltr'><strong>τῆς</strong></span> <span class='ocrx_word' id='word_1_852' title='bbox 2795 5208 3113 5277; x_wconf 80' lang='grc' dir='ltr'><strong>κυριότητος</strong></span> <span class='ocrx_word' id='word_1_853' title='bbox 3142 5208 3309 5277; x_wconf 75' lang='grc' dir='ltr'><strong>ὄνομα</strong></span> <span class='ocrx_word' id='word_1_854' title='bbox 3332 5208 3480 5277; x_wconf 78' lang='grc' dir='ltr'><strong>αὐτῷ</strong></span> <span class='ocrx_word' id='word_1_855' title='bbox 3508 5207 3638 5261; x_wconf 80' lang='grc' dir='ltr'><strong>καθᾶ</strong></span> <span class='ocrx_word' id='word_1_856' title='bbox 3662 5202 3736 5254; x_wconf 62' lang='grc' dir='ltr'><strong>καὶ</strong></span> 
     </span>
    </p>
   </div>
   <div class='ocr_carea' id='block_1_109' title="bbox 2200 5292 3734 5378">
    <p class='ocr_par' dir='ltr' id='par_1_109' title="bbox 2200 5292 3734 5378">
     <span class='ocr_line' id='line_1_111' title="bbox 2200 5292 3734 5378; baseline -0.002 -27"><span class='ocrx_word' id='word_1_857' title='bbox 2200 5300 2350 5370; x_wconf 82' lang='grc' dir='ltr'><strong>ἡμῖν,</strong></span> <span class='ocrx_word' id='word_1_858' title='bbox 2384 5300 2476 5351; x_wconf 75' lang='grc' dir='ltr'><strong>καὶ</strong></span> <span class='ocrx_word' id='word_1_859' title='bbox 2508 5299 2658 5351; x_wconf 82' lang='grc' dir='ltr'><strong>οὐδὲν</strong></span> <span class='ocrx_word' id='word_1_860' title='bbox 2690 5300 2782 5352; x_wconf 75' lang='grc' dir='ltr'><strong>ἐπὶ</strong></span> <span class='ocrx_word' id='word_1_861' title='bbox 2820 5300 3056 5369; x_wconf 87' lang='grc' dir='ltr'><strong>Χριστοῦ</strong></span> <span class='ocrx_word' id='word_1_862' title='bbox 3086 5299 3146 5352; x_wconf 80' lang='grc' dir='ltr'><strong>τὸ</strong></span> <span class='ocrx_word' id='word_1_863' title='bbox 3182 5300 3352 5369; x_wconf 83' lang='grc' dir='ltr'><strong>μέγα’</strong></span> <span class='ocrx_word' id='word_1_864' title='bbox 3463 5298 3519 5352; x_wconf 81' lang='grc' dir='ltr'><strong>δὲ</strong></span> <span class='ocrx_word' id='word_1_865' title='bbox 3550 5298 3619 5359; x_wconf 81' lang='grc' dir='ltr'><strong>ὡς</strong></span> <span class='ocrx_word' id='word_1_866' title='bbox 3646 5292 3734 5348; x_wconf 71' lang='grc' dir='ltr'><strong>Κύο</strong></span> 
     </span>
    </p>
   </div>
   <div class='ocr_carea' id='block_1_110' title="bbox 2331 5447 3727 5521">
    <p class='ocr_par' dir='ltr' id='par_1_110' title="bbox 2331 5447 3727 5521">
     <span class='ocr_line' id='line_1_112' title="bbox 2331 5447 3727 5521; baseline -0.003 -12"><span class='ocrx_word' id='word_1_867' title='bbox 2331 5456 2522 5511; x_wconf 80' lang='lat' dir='ltr'><strong>&quot;ibid.</strong></span> <span class='ocrx_word' id='word_1_868' title='bbox 2551 5454 2636 5509; x_wconf 74' lang='lat' dir='ltr'><strong>H.</strong></span> <span class='ocrx_word' id='word_1_869' title='bbox 2728 5456 2771 5487; x_wconf 76' lang='grc'>³⁷</span> <span class='ocrx_word' id='word_1_870' title='bbox 2796 5455 2953 5510; x_wconf 85' lang='lat' dir='ltr'><strong>Nunt.</strong></span> <span class='ocrx_word' id='word_1_871' title='bbox 2988 5471 3100 5521; x_wconf 68' lang='grc' dir='ltr'><strong>χιιι,</strong></span> <span class='ocrx_word' id='word_1_872' title='bbox 3132 5457 3184 5511; x_wconf 90' lang='grc'><strong>8.</strong></span> <span class='ocrx_word' id='word_1_873' title='bbox 3302 5455 3347 5487; x_wconf 77' lang='grc'><strong>’⁸</strong></span> <span class='ocrx_word' id='word_1_874' title='bbox 3369 5454 3527 5513; x_wconf 80' lang='lat' dir='ltr'><strong>Joan.</strong></span> <span class='ocrx_word' id='word_1_875' title='bbox 3549 5447 3727 5521; x_wconf 46' lang='grc' dir='ltr'><strong>ιιιίιῦο</strong></span> 
     </span>
    </p>
   </div>
   <div class='ocr_carea' id='block_1_111' title="bbox 1588 5609 2689 5680">
    <p class='ocr_par' dir='ltr' id='par_1_111' title="bbox 1588 5609 2689 5680">
     <span class='ocr_line' id='line_1_113' title="bbox 1588 5609 2689 5680; baseline 0 -17"><span class='ocrx_word' id='word_1_876' title='bbox 1588 5610 1762 5664; x_wconf 79' lang='lat' dir='ltr'><strong>Varia:</strong></span> <span class='ocrx_word' id='word_1_877' title='bbox 1795 5609 2049 5664; x_wconf 84' lang='lat' dir='ltr'><strong>lectiones</strong></span> <span class='ocrx_word' id='word_1_878' title='bbox 2081 5609 2286 5663; x_wconf 86' lang='lat' dir='ltr'><strong>codicis</strong></span> <span class='ocrx_word' id='word_1_879' title='bbox 2326 5609 2689 5680; x_wconf 67' lang='lat' dir='ltr'><strong>St&#39;guieriani.</strong></span> 
     </span>
    </p>
   </div>
   <div class='ocr_carea' id='block_1_112' title="bbox 604 5748 2223 5821">
    <p class='ocr_par' dir='ltr' id='par_1_112' title="bbox 604 5748 2223 5821">
     <span class='ocr_line' id='line_1_114' title="bbox 604 5748 2223 5821; baseline -0.002 -16"><span class='ocrx_word' id='word_1_880' title='bbox 604 5754 686 5795; x_wconf 52' lang='grc' dir='ltr'><strong>ολ</strong></span> <span class='ocrx_word' id='word_1_881' title='bbox 722 5755 797 5809; x_wconf 74' lang='lat' dir='ltr'><strong>sl:</strong></span> <span class='ocrx_word' id='word_1_882' title='bbox 822 5754 1001 5812; x_wconf 79' lang='grc' dir='ltr'><strong>αὐτόν.</strong></span> <span class='ocrx_word' id='word_1_883' title='bbox 1038 5752 1167 5810; x_wconf 70' lang='grc' dir='ltr'><strong>ἷγυΙΙ</strong></span> <span class='ocrx_word' id='word_1_884' title='bbox 1192 5755 1247 5807; x_wconf 82' lang='grc' dir='ltr'><strong>ἐν</strong></span> <span class='ocrx_word' id='word_1_885' title='bbox 1279 5752 1442 5807; x_wconf 77' lang='grc' dir='ltr'><strong>αὐτῶ.</strong></span> <span class='ocrx_word' id='word_1_886' title='bbox 1524 5753 1547 5786; x_wconf 57' lang='grc' dir='ltr'>κ</span> <span class='ocrx_word' id='word_1_887' title='bbox 1576 5749 1649 5817; x_wconf 77' lang='grc' dir='ltr'><strong>τῷ</strong></span> <span class='ocrx_word' id='word_1_888' title='bbox 1679 5748 1819 5817; x_wconf 68' lang='grc' dir='ltr'><strong>ὄφει.</strong></span> <span class='ocrx_word' id='word_1_889' title='bbox 1897 5749 1919 5786; x_wconf 74' lang='grc' dir='ltr'><strong>ιι</strong></span> <span class='ocrx_word' id='word_1_890' title='bbox 1955 5748 2223 5821; x_wconf 78' lang='grc' dir='ltr'><strong>πονηρῶν.</strong></span> 
     </span>
    </p>
   </div>
   <div class='ocr_carea' id='block_1_113' title="bbox 2307 5749 3343 5819">
    <p class='ocr_par' dir='ltr' id='par_1_113' title="bbox 2307 5749 3343 5819">
     <span class='ocr_line' id='line_1_115' title="bbox 2307 5749 3343 5819; baseline 0.001 -19"><span class='ocrx_word' id='word_1_891' title='bbox 2307 5750 2318 5787; x_wconf 74' lang='grc' dir='ltr'><strong>ί</strong></span> <span class='ocrx_word' id='word_1_892' title='bbox 2362 5749 2715 5819; x_wconf 72' lang='grc' dir='ltr'><strong>ἐκραύγαζον.</strong></span> <span class='ocrx_word' id='word_1_893' title='bbox 2800 5750 2811 5797; x_wconf 75' lang='grc' dir='ltr'><strong>ι</strong></span> <span class='ocrx_word' id='word_1_894' title='bbox 2855 5751 3343 5819; x_wconf 66' lang='grc' dir='ltr'><strong>παραγενήσεσθαι.</strong></span> 
     </span>
    </p>
   </div>
   <div class='ocr_carea' id='block_1_114' title="bbox 3720 5922 3907 6145">
    <p class='ocr_par' dir='ltr' id='par_1_114' title="bbox 3720 5922 3907 6145">
     <span class='ocr_line' id='line_1_116' title="bbox 3720 5922 3907 6145; baseline 0 -146"><span class='ocrx_word' id='word_1_895' title='bbox 3720 5922 3907 6145; x_wconf 45' lang='grc' dir='ltr'><strong>ί..</strong></span> 
     </span>
    </p>
   </div>
  </div>
