4000 6326
313 398 446 456 ΓΞΠ

1396 393 1487 450 DE
1525 389 1750 449 RECTA
1791 388 1950 446 FIDE
1988 388 2079 443 AD
2118 387 2438 445 REGINAS.

3408 393 3547 452 1518

317 528 428 582 pro;
454 509 669 582 άληθῶς
720 509 870 583 ἥξειν
912 509 1410 584 προαπηγγέλλετο,
1436 508 1574 580 ὅπερ
1617 504 1738 560 ἑστὶ
1788 505 1884 558 καὶ

1989 503 2131 572 quod
2159 504 2229 558 sit
2253 503 2784 570 ’eximium,Christo
2811 504 3156 562 attribuetur.
3188 505 3246 561 Si
3271 521 3401 563 vero
3429 517 3548 563 tan-

315 599 511 669 ἀληθὲς
561 601 579 663 (
603 600 824 671 ἐλήλυθε
855 601 964 672 γάρ
995 602 1057 654 οὐ
1082 601 1204 671 δίχα
1235 598 1435 671 σαρκὸς
1484 598 1564 660 είς
1593 595 1742 649 τόνδε
1787 594 1881 648 τὸν

1989 608 2141 663 quam
2168 607 2329 648 verus
2359 595 2618 650 Dominus
2638 605 2900 650 venturus
2926 597 3322 666 przenuntiatus
3352 607 3458 666 est,
3490 610 3550 652 nt

317 691 518 760 κόσμον
545 693 573 744 ὁ
598 691 930 761 Μονογενής)
955 709 968 722 ·
989 687 1071 755 εἷς
1097 692 1205 762 ἄρα
1230 691 1346 744 ἐστὶ
1372 689 1532 758 φύσει
1552 687 1647 746 καὶ
1662 685 1882 759 ἀληθῶς

320 782 539 852 Κΰριος,
580 783 675 836 καὶ
707 782 960 854 Χριστὸς,
990 783 1086 836 καὶ
1114 782 1262 847 Υἱός.

301 1117 310 1123 _
395 1068 412 1100 ι
442 1047 552 1102 Καὶ
593 1046 732 1118 ὑπὲρ
765 1045 941 1101 αὐτῶν
973 1044 1085 1114 ἐγὼ
1123 1045 1343 1116 ἁγιάζω
1373 1047 1628 1116 ἐμαυτὸν,
1657 1046 1748 1108 ἵνα
1780 1038 1883 1099 ὦσι

319 1140 414 1191 καὶ
439 1137 592 1192 αὐτοὶ
624 1137 942 1209 ἡγιασμένοι
985 1138 1044 1190 ἐν
1085 1137 1332 1209 ἀληθείᾳ.
1365 1157 1384 1188 ι
1417 1137 1640 1191 Ἑαυτὸν
1669 1137 1883 1205 ἁγιάζει

319 1223 700 1300 Χριστός.’Λρ’
727 1229 799 1290 ὡς
827 1227 1110 1299 ἅνθρωπος
1130 1268 1145 1293 ,
1175 1229 1216 1300 »ἣ
1249 1229 1329 1282 ὃτι
1371 1229 1571 1298 μᾶλλον
1599 1228 1733 1292 Θεός
1769 1228 1884 1281 ἐστι

303 1318 461 1380 ¹κατὰ
492 1317 672 1386 φύσιν,
711 1316 838 1369 ἴδιον
864 1317 1002 1386 ἔχων
1035 1316 1096 1370 τὸ
1146 1317 1368 1387 Πνεῦμα
1405 1317 1465 1370 τὸ
1491 1318 1673 1386 άγιον;
1706 1314 1884 1388 Ὅπερ

320 1409 436 1462 ἐστὶ
469 1409 563 1461 καὶ
587 1407 802 1478 ἀληθές.
850 1407 1076 1471 Οὐδενὸς
1108 1408 1396 1479 τοιγαροῦν
1422 1402 1724 1479 ἀνθρώπων
1756 1409 1884 1459 ἐαυ-

319 1501 410 1556 τὸν
456 1501 794 1568 ἀγιάζοντος,
832 1501 1022 1553 ἑαυτὸν
1070 1501 1284 1568 ἁγιάζει
1330 1501 1584 1572 Χριστός.
1631 1495 1726 1562 Εἷς
1777 1500 1885 1570 ἄρα

321 1591 468 1644 ἐστὶν
488 1591 613 1654 Υἱὸς
636 1592 728 1645 καὶ
749 1589 970 1660 Κύριος,
1001 1592 1354 1661 ἁγιαζόμενος
1381 1592 1476 1661 μὲν
1509 1591 1883 1662 ἀνθρωπίνως,

319 1681 559 1750 ἁγιάζων
615 1682 670 1734 δὲ
721 1680 916 1745 Θεϊκῶς
967 1681 1046 1752 τῷ
1093 1682 1206 1753 ἰδίῳ
1254 1681 1530 1752 Πνεῦματι
1570 1683 1662 1736 τὸν
1689 1680 1884 1735 ’ἑαυτοῦ

321 1787 464 1824 ναον.

394 1880 413 1912 ι
445 1860 620 1914 Πολλά
650 1861 747 1930 μὲν
778 1855 869 1914 οῦν
904 1861 994 1913 καὶ
1029 1861 1162 1915 ἄλλα
1191 1863 1392 1932 σημεῖα
1424 1860 1677 1932 ἐποίησεν
1716 1861 1745 1913 6
1780 1861 1886 1931 Ἰη-
1919 1857 1959 1912 Β

320 1952 446 2016 σοῦς
490 1953 718 2005 ἐνώπιον
761 1952 868 2007 τῶν
914 1952 1172 2024 μαθητῶν
1203 1953 1386 2017 αὑτοῦ,
1415 1951 1452 2006 δι
1488 1954 1588 2006 οὐκ
1627 1952 1742 2005 ἔστι
1789 1970 1882 2022 γε-

318 2043 614 2114 γραμμένα
641 2043 698 2096 ἐν
728 2042 807 2113 τῷ
838 2043 1024 2114 βιϐλίῳ
1048 2042 1242 2112 τούτῳ.
1265 2043 1449 2096 Ταῦτα
1475 2044 1532 2096 δὲ
1559 2044 1883 2114 γέγραπται,

319 2132 407 2184 ἵνα
454 2131 779 2202 πιστεύσητε
827 2131 909 2184 ὅτι
941 2130 1148 2200 Ἰησοῦς
1179 2133 1327 2182 ἐστιν
1374 2131 1402 2181 ὁ
1437 2128 1668 2201 Χριστὸς
1701 2130 1730 2180 ὁ
1758 2129 1883 2192 Υἱὸς

318 2223 411 2276 τοῦ
457 2222 629 2276 Θεοῦ·
677 2224 771 2276 καὶ
824 2223 910 2275 ἵνα
957 2222 1321 2287 πιστεύοντες,
1347 2221 1490 2291 ζωὴν
1537 2221 1692 2292 ἔχητε
1724 2222 1782 2275 ἐν
1811 2220 1887 2291 τῷ

319 2315 540 2383 ὀνόματι
565 2316 745 2369 αὐτοῦ.
776 2334 796 2367 ι
815 2315 874 2369 '0
899 2316 962 2368 ἐκ
989 2317 1087 2385 τῆς
1113 2314 1273 2382 ἁγίας
1304 2313 1580 2385 Παρθένου
1626 2330 1885 2384 γεγεννη-

309 2408 482 2477 ¹μένος
523 2407 886 2478 Ἐμμανουήλ,
922 2408 1010 2461 διὰ
1036 2408 1135 2477 τῆς
1161 2405 1254 2459 τοῦ
1281 2405 1608 2475 Εὑαγγελίου
1631 2405 1658 2444 Ιί
1705 2406 1888 2475 φωνῆς

333 2494 534 2564 Ἰησοῦς
566 2496 1034 2567 ὠνόμασται.”οτε
1067 2496 1247 2548 τοίνυν
1277 2495 1439 2559 αὑτός
1469 2497 1605 2559 ἐστι,
1655 2495 1748 2547 καὶ
1789 2495 1888 2565 οὐχ

320 2586 524 2656 ἔτερος,
561 2586 686 2650 Υἱὸς
730 2585 824 2639 τοῦ
869 2585 1024 2651 Θεοῦ,
1055 2585 1148 2638 καὶ
1193 2587 1221 2638 ό
1266 2585 1536 2638 πιστεύων
1579 2583 1692 2655 ἔχει
1743 2583 1887 2655 ζωὴν

321 2674 538 2728 αἰώνιον
577 2676 634 2728 ὲν
665 2674 742 2745 τῷ
787 2674 1008 2745 ὀνόματι
1043 2673 1229 2727 αὐτοῦ’
1266 2675 1381 2738 πῶς
1409 2673 1469 2726 οὐ
1501 2676 1808 2745 μεμήνασιν
1837 2675 1887 2726 οἱ

321 2765 664 2836 διορίζοντες,
689 2766 784 2819 καὶ
818 2759 1352 2837 φάσκοντες,’ἒτερον
1375 2764 1503 2818 Υίὺν
1524 2761 1664 2819 εῖναι
1692 2765 1782 2819 τὸν
1823 2766 1888 2817 ὲκ

323 2855 457 2910 Θεοῦ
513 2857 702 2926 Λόγον,
731 2857 826 2910 καὶ⁵
867 2858 1052 2927 ἓτερον
1094 2857 1184 2910 τὸν
1228 2859 1292 2909 ὲκ
1345 2857 1443 2926 τῆς
1481 2857 1640 2925 ἁγίας
1678 2856 1888 2928 Παρθέ-

322 2964 444 3014 νου;
477 2947 723 3002 Φαίνεται
756 2948 864 3019 γάρ
909 2948 966 3002 ὲν
1009 2948 1218 3010 τούτοις
1271 2947 1299 3000 6
1353 2945 1740 3018 εὐαγγελιστὴς
1794 2946 1889 3000 καὶ

325 3043 467 3113 μάλα
497 3044 684 3114 σαφῶς
708 3043 926 3097 Eva-xui
959 3043 1118 3112 μόνον
1142 3042 1232 3095 τὸν
1263 3041 1322 3108 ἐξ
1369 3037 1571 3110 ἀμφοῖν
1601 3038 1758 3102 εἰδὼς
1795 3038 1889 3090 καὶ

323 3133 606 3206 κηρύττων
644 3135 849 3205 Ἰησοῦν
877 3134 1133 3205 Χριστὸν,
1157 3131 1403 3187 τουτέστι
1425 3132 1518 3186 τὸν
1543 3135 1609 3185 ἐκ
1630 3132 1764 3185 Θεοῦ
1777 3132 1890 3184 ’Πα-

301 3227 449 3306 ’τρδς
474 3228 664 3296 Λόγον,
696 3229 926 3298 αἵματος
956 3229 1050 3281 καὶ
1084 3227 1283 3299 σαρκὸς
1322 3227 1754 3298 κεκοινωνηκότα
1786 3244 1889 3280 πα-

325 3319 638 3391 ραπλησίως
663 3322 817 3390 ἡμῖν,
850 3319 990 3373 καθὰ
1019 3319 1349 3391 γέγραπται.

550 3430 650 3485 Ἐκ
687 3431 793 3486 τοῦ
830 3432 981 3485 κατὰ
1015 3431 1258 3486 Λουκᾶν
1288 3431 1676 3501 Εὐαγγελίου.

369 3593 373 3595 .
401 3562 422 3598 ι
442 3543 689 3614 Ἐγένετο
716 3545 774 3599 δὲ
803 3547 860 3598 ὲν
893 3544 969 3616 τῷ
993 3541 1133 3599 εῖναι
1158 3546 1354 3608 αὐτοὺς
1379 3547 1512 3610 ἐκεῖ,
1538 3544 1889 3615 ἐπλήσθησαν

325 3634 382 3687 αἱ
408 3633 608 3706 ἡμέραι
636 3634 730 3688 τοῦ
767 3637 946 3687 τεκεῖν
975 3633 1176 3706 αὑτήν·
1217 3635 1311 3688 καὶ
1337 3634 1489 3688 ἔτεκε
1517 3635 1608 3688 τὸν
1642 3634 1769 3687 Υἱὸν
1795 3635 1892 3686 αὑ-

323 3723 421 3794 τῆς
468 3723 557 3776 τὸν
591 3722 950 3794 πρωτότοκον,
982 3724 1075 3775 καὶ
1129 3724 1551 3794 ἐσπαργάνωσεν
1582 3723 1763 3787 αὑτὸν,
1797 3725 1891 3776 καὶ

324 3813 600 3868 ἀνέκλινεν
646 3814 806 3867 αὑτὸν
852 3816 910 3866 ὲν
954 3817 1020 3886 τῇ
1072 3815 1266 3886 φάτνῃ,
1297 3816 1429 3868 διότι
1457 3817 1557 3868 οὐκ
1598 3811 1666 3886 ἦν
1708 3816 1890 3878 αὐτοῖς

324 3903 488 3967 τόπος
532 3907 589 3956 ὲν
637 3904 714 3975 τῷ
759 3904 1125 3975 καταλύματι.
1160 3906 1326 3959 »Ἕνα
1371 3906 1465 3959 καὶ
1502 3907 1660 3976 μόνον
1704 3907 1891 3960 ἔτεκεν

328 3992 454 4046 Υῐὸν
498 3995 590 4046 τὸν
630 3995 972 4066 Ἐμμανουὴλ
1021 3997 1055 4066 ἡ
1106 3995 1237 4064 ἁγία
1286 3997 1594 4066 Παρθένος·
1642 3996 1758 4059 πιίτ
1799 3993 1890 4049 οῦν

327 4101 513 4154 φησι,‹
541 4085 644 4138 Τὸν
668 4085 792 4138 Υἱὸν
812 4086 978 4156 αὐτῆς
1008 4085 1098 4138 τὸν
1127 4085 1468 4156 πρωτότοκον
1491 4103 1506 4148 ;
1531 4105 1549 4136 ι
1583 4086 1644 4139 οὐ
1665 4086 1773 4157 γὰρ
1799 4104 1892 4154 γε-

327 4174 549 4242 γόνασιν
586 4176 761 4246 ἕτεροι
815 4177 931 4247 μετ’
959 4177 1141 4241 αὐτὸν,
1179 4178 1455 4248 μεμένηκε
1482 4177 1541 4230 δὲ
1603 4179 1889 4249 παρθένος.

341 4266 788 4336 Ἐπισημαίνεται
819 4269 998 4323 τοίνυν
1026 4270 1101 4332 ὡς
1137 4273 1202 4322 ὲκ
1226 4270 1324 4340 τῆς
1367 4267 1722 4322 θεοπνεύστου
1753 4271 1891 4340 Γρα-

330 4357 465 4427 φῆς·
497 4357 810 4427 ὠνόμασται
861 4359 969 4430 γὰρ
1018 4360 1360 4431 πρωτότοκος
1395 4358 1424 4410 ὁ
1459 4360 1749 4429 μονογενὴς
1797 4361 1889 4412 τοῦ

328 4449 462 4503 Θεοῦ
490 4451 661 4519 Λόγος
682 4467 695 4480 ⁸
744 4452 1102 4522 κεκοινώνηκε
1135 4452 1239 4522 γάρ
1290 4451 1518 4520 αἵματος
1546 4451 1640 4503 καὶ
1669 4452 1888 4522 σαρκὸς,

328 4541 425 4593 καὶ
476 4540 870 4611 παραπλησίως
919 4544 1049 4612 ἡμῖν
1097 4543 1320 4612 μετέσχε
1353 4543 1460 4594 τῶν
1489 4541 1685 4594 αὐτῶν.
1738 4543 1891 4596 Οὕτω

326 4634 546 4702 γέγονεν
593 4635 650 4686 ὲν
702 4633 915 4695 πολλοῖς
961 4633 1210 4701 ἀδελφοῖς
1254 4634 1609 4704 πρωτότοκος.
1644 4632 1790 4703 Πλὴν
1817 4634 1892 4696 ὡς

327 4725 458 4787 Θεὸς
480 4726 862 4796 προσκυνεῖται
890 4725 1042 4794 παρά
1070 4741 1127 4776 τε
1151 4726 1307 4796 ἡμῶν
1334 4725 1512 4781 αὐτῶν
1534 4725 1756 4779 καὶτῶν
1781 4725 1891 4780 ἄνω

328 4833 460 4868 πνευ
469 4817 676 4885 μάτων.

404 4925 423 4958 ι
450 4908 559 4959 Καὶ
607 4903 748 4972 εἷπε,
801 4908 956 4977 φησι,
1000 4907 1134 4979 πρὸς
1176 4907 1340 4961 αὑτὸν
1390 4911 1424 4980 ἡ
1478 4911 1659 4982 μήτηρ
1703 4910 1890 4964 αὐτοῦ’

328 4997 549 5064 Τέκνον,
577 4998 629 5050 τί
655 5000 916 5068 ἐποίησας
942 5001 1075 5070 ἡμῖν
1113 4998 1316 5065 οὖτως;
1361 4999 1491 5054 Ἰδοὺ
1525 5005 1554 5056 6
1586 5003 1766 5071 πατήρ
1797 5020 1889 5054 σου

309 5090 422 5141 καὶ
469 5087 580 5156 ἐγὼ
629 5087 953 5158 ὢυνώμενοι
1001 5088 1300 5160 ὲζητοῦμέν
1340 5105 1419 5142 σε.
1449 5090 1558 5144 Καὶ
1603 5086 1723 5144 εἷπε
1754 5092 1890 5162 πρὸς

328 5179 521 5242 αὐτούς
541 5196 553 5208 ·
583 5179 648 5232 Τί
684 5180 766 5233 ὅτι
793 5179 1033 5249 ἐζητεῖτέ
1066 5197 1131 5250 με
1152 5198 1166 5247 ;
1191 5180 1289 5233 οὐκ
1320 5181 1495 5234 οἴδατε
1513 5180 1556 5245 1,
1583 5182 1664 5235 ὃτι
1697 5183 1753 5234 ὲν
1777 5185 1887 5246 τοῖς

324 5269 418 5326 τοῦ
450 5270 661 5340 Πατρός
693 5288 792 5342 μου
824 5271 905 5324 δεῖ
945 5267 1085 5325 εἷναί
1121 5287 1221 5339 με;
1263 5289 1282 5323 ι
1306 5270 1493 5342 Ἀθρει
1523 5271 1588 5344 δὴ
1621 5267 1712 5326 οὖν
1741 5273 1889 5337 ὅπως

401 5427 444 5457 ⁸⁸
468 5425 620 5480 Joan.
649 5425 879 5499 avium.
980 5426 1036 5499 _'__°
1061 5424 1212 5499 Joan.
1239 5441 1332 5491 xx,
1356 5423 1446 5493 30,
1475 5425 1566 5482 51.

327 5511 448 5562 VIII,
483 5501 566 5552 19.
645 5497 688 5529 ³⁸
715 5496 849 5553 Luc.
879 5511 940 5560 ιι,
966 5496 1057 5564 49,
1093 5495 1181 5550 50.

1675 5427 1718 5458 ³¹
1740 5426 1875 5483 Luc.
1909 5443 1966 5494 ll,
1995 5426 2088 5483 21.

1984 697 2167 738 revera
2204 686 2596 754 praenuntiatus
2627 695 2710 741 est
2742 687 2923 755 (venit
2955 688 3099 743 enim
3135 686 3460 759 Unigenitus
3491 690 3546 743 in

1983 773 2124 829 hunc
2165 777 2420 829 mundum
2461 791 2566 829 non
2605 777 2805 846 absque
2842 777 3065 850 carne);
3093 795 3230 834 unus
3260 793 3392 848 ergo
3431 795 3548 834 om-

1984 862 2112 916 nino
2144 873 2335 917 natura
2369 873 2423 918 et
2455 865 2682 920 veritate
2716 867 2994 933 Dominus,
3019 877 3071 923 et
3091 866 3359 935 Christus,
3378 877 3432 923 et
3464 867 3551 923 Fi-

1983 952 2087 1009 lius
2114 954 2238 1009 erit.

2060 1065 2078 1098 ι
2119 1045 2188 1100 Ει
2226 1061 2324 1116 pro
2357 1047 2436 1101 eis
2471 1062 2569 1118 ego
2605 1049 2886 1104 sanctiﬁco
2922 1051 3183 1120 meipsum
3206 1092 3222 1118 ,
3257 1062 3316 1107 ut
3351 1053 3460 1108 sint
3497 1062 3553 1106 et

1986 1137 2085 1206 ipsi
2117 1137 2437 1193 sanctiﬁcati
2472 1141 2522 1193 in
2555 1142 2781 1195 veritate
2803 1142 2869 1194 '°.
2904 1161 2924 1194 ι
2962 1143 3212 1212 Seipsum
3242 1145 3554 1198 sanctiﬁcat

1985 1227 2233 1282 Christus
2261 1245 2274 1281 :
2305 1229 2400 1282 sed
2432 1232 2670 1299 nuuquid
2702 1241 2760 1286 ιιι
2790 1233 2983 1288 homo?
3011 1249 3076 1287 an
3107 1249 3236 1290 vero
3263 1244 3324 1288 ut
3351 1247 3543 1288 natura

1985 1317 2128 1372 Deus
2147 1317 2407 1388 Spiritum
2428 1331 2676 1375 sanctum
2701 1333 2952 1392 tanquam
2973 1325 3246 1394 proprium
3266 1326 3553 1381 obtinens?

1985 1407 2148 1464 Certe
2168 1420 2227 1463 ut
2245 1408 2411 1465 Deus.
2438 1410 2595 1464 Nullo
2623 1415 2802 1482 itaque
2829 1415 3136 1469 mortalium
3162 1416 3398 1486 seipsum
3427 1432 3554 1472 san-

1986 1502 2278 1566 ctiﬁcante,
2327 1503 2473 1556 solus
2521 1503 2768 1559 Christus
2818 1507 3169 1574 semetipsum
3228 1508 3551 1563 sanctiﬁcat.

1987 1587 2139 1647 Unus
2155 1604 2248 1648 est
2275 1608 2404 1664 ergo
2435 1594 2692 1648 Dominus
2723 1595 3003 1664 etFilius;
3031 1597 3402 1653 sanctificatus
3430 1599 3553 1668 qui-

1988 1685 2106 1737 dem
2147 1695 2206 1738 ut
2247 1684 2429 1749 homo,
2466 1701 2620 1739 suum
2655 1702 2784 1741 vero
2825 1687 2993 1756 ipsius
3036 1689 3288 1758 templum
3333 1691 3554 1760 proprio

1988 1788 2086 1828 suo
2113 1773 2317 1842 Spiritu
2349 1775 2694 1830 sanctiﬁcans
2725 1787 2783 1830 ut
2812 1777 2974 1832 Deus.

2065 1883 2082 1915 ι
2122 1864 2288 1918 Multa
2323 1865 2537 1933 quidem
2574 1875 2629 1920 et
2663 1866 2767 1919 alia
2803 1867 2953 1937 signa
2993 1865 3118 1922 fecit
3149 1867 3302 1924 Jesus
3337 1870 3389 1923 iu
3423 1884 3554 1924 con-

1987 1966 2166 2024 spectu
2204 1956 2584 2026 discipulorum
2619 1973 2869 2024 suorum,
2909 1974 3027 2027 quae
3062 1975 3162 2014 non
3199 1970 3322 2014 sunt
3353 1962 3553 2030 scripta

1989 2047 2040 2100 in
2081 2047 2216 2102 libro
2255 2049 2376 2102 hoc.
2416 2048 2538 2102 lla’c
2576 2059 2756 2104 autem
2799 2050 2999 2118 scripta
3039 2061 3192 2117 sunt,
3229 2054 3554 2124 ut_credatis

1988 2139 2110 2206 quia
2143 2137 2298 2193 Jesus
2329 2148 2411 2193 est
2441 2139 2688 2194 Christus
2725 2139 2894 2195 Filius
2932 2142 3056 2208 Dei;
3093 2153 3145 2196 et
3179 2154 3236 2196 ut
3268 2146 3555 2199 credentes

1987 2229 2149 2282 vitam
2193 2229 2433 2284 habeatis
2475 2230 2529 2284 in
2572 2231 2788 2284 nomine
2826 2230 2942 2299 ejus
2965 2232 3031 2284 ³ο.
3081 2252 3099 2284 ι
3145 2232 3244 2299 Qui
3290 2250 3356 2288 ex
3398 2249 3551 2290 sacra

1988 2315 2207 2386 Virgine
2253 2329 2411 2372 natus
2454 2328 2536 2372 est
2583 2318 2934 2381 Emmanuel.
2984 2322 3028 2376 is
3069 2337 3199 2376 voce
3244 2324 3553 2393 evangelica

1988 2406 2287 2475 appellatus
2315 2416 2397 2462 est
2425 2407 2580 2462 Jesus
2604 2407 2669 2461 ³⁸.
2703 2407 2834 2462 Cum
2871 2410 2983 2477 ipse
3011 2425 3162 2479 ergo,
3196 2418 3250 2464 et
3279 2426 3383 2465 non
3419 2411 3557 2465 alius

1989 2499 2252 2568 quispiam
2285 2499 2354 2553 sit
2385 2498 2714 2564 DeiFilius;
2745 2512 2798 2554 et
2827 2501 2917 2569 qui
2950 2501 3001 2553 in
3037 2501 3186 2554 illum
3221 2501 3427 2568 credit,
3461 2520 3558 2556 no-

1989 2591 2133 2645 mine
2173 2587 2412 2658 ejusdem
2462 2589 2625 2642 vitam
2672 2597 2932 2644 aeternam
2979 2600 3382 2660 consequatur;
3424 2606 3558 2661 qun-

1987 2682 2146 2736 modo
2187 2697 2290 2734 non
2338 2680 2612 2734 insaniunt
2650 2683 2764 2750 qui,
2795 2681 3058 2736 divisione
3099 2682 3348 2748 inducta,
3393 2683 3555 2737 alium

1989 2773 2078 2828 Dei
2106 2773 2278 2828 Patris
2298 2772 2554 2839 Verbum,
2579 2773 2743 2827 alium
2773 2790 2986 2829 rursum
3014 2775 3162 2828 il1um
3188 2777 3280 2846 qui
3309 2791 3375 2832 ex
3402 2791 3556 2830 sacra

1981 2859 2208 2936 Virgine
2241 2873 2418 2919 ortum
2455 2865 2634 2930 ducit,
2671 2865 2866 2919 Filium
2900 2882 3022 2920 esse
3058 2868 3348 2921 asserunt?
3381 2868 3436 2923 In
3474 2869 3558 2924 his

1987 2958 2130 3012 enim
2161 2955 2488 3026 evangelista
2521 2971 2684 3009 unum
2717 2956 2888 3010 solum
2918 2954 3100 3010 Jesum
3133 2956 3429 3024 Christum,
3459 2958 3560 3012 hoc

1988 3057 2091 3109 est,
2115 3046 2206 3100 Dei
2238 3045 2416 3101 Patris
2432 3043 2693 3110 Verbum,
2717 3047 2898 3101 carnis
2926 3057 2978 3102 et
3007 3047 3290 3118 sanguinis
3315 3065 3468 3118 teque
3492 3066 3559 3104 ac

1992 3150 2090 3190 nos
2135 3135 2426 3190 secundum
2476 3131 2788 3204 Scripturas
2840 3136 3113 3204 particeps
3158 3135 3444 3202 eﬂ'ecwm,
3491 3153 3560 3192 ex

1991 3237 2220 3295 utroque
2255 3227 2610 3283 constitutum
2655 3227 2995 3298 apertissime
3034 3228 3280 3299 agnoscit
3320 3237 3376 3285 et
3413 3244 3556 3299 pra?-

1989 3319 2158 3374 dicat.

2275 3431 2359 3484 Ea:
2395 3430 2680 3501 Evangelia
2715 3433 3004 3485 secundum
3042 3431 3263 3488 Lucam.

2061 3562 2088 3594 ι
2125 3542 2191 3597 Ει
2217 3541 2414 3598 factum
2443 3553 2546 3608 est,
2571 3559 2694 3598 cum
2723 3553 2908 3598 essent
2932 3541 3030 3605 ibi,
3058 3543 3260 3613 impleti
3290 3551 3418 3598 sunt
3444 3543 3560 3601 dies

1992 3642 2050 3687 ιιι
2081 3643 2320 3703 pareret,
2355 3643 2409 3689 et
2441 3635 2650 3704 peperit
2682 3634 2878 3688 Filium
2915 3649 3072 3688 suum
3107 3633 3559 3704 primogenitum,

1990 3733 2044 3778 et
2076 3725 2266 3793 pannis
2300 3739 2422 3779 eum
2463 3725 2716 3790 involvit,
2753 3736 2810 3780 et
2848 3725 3133 3780 reclinavit
3169 3726 3223 3779 in
3260 3729 3558 3797 praesepio,

1991 3815 2114 3885 quia
2149 3831 2252 3869 non
2285 3827 2404 3872 erat
2432 3819 2519 3873 eis
2551 3816 2700 3872 locus
2733 3817 2786 3872 in
2820 3817 3118 3873 diversorio
3139 3818 3203 3871 3'.
3244 3837 3264 3870 ι
3300 3817 3476 3874 Unum
3506 3829 3562 3875 et

1991 3906 2164 3960 solum
2205 3906 2400 3960 Filium
2450 3910 2659 3978 peperit
2702 3909 2862 3979 116
2901 3919 3088 3964 saneta
3122 3909 3320 3980 Virgo,
3364 3925 3560 3980 nempe

1992 3996 2394 4052 Emmanuelem
2434 4017 2447 4052 :
2484 4014 2581 4052 cur
2614 3999 2780 4067 igitur
2809 3999 3002 4054 Filium
3041 4001 3183 4055 illius
3217 4001 3557 4074 primogeni—

1995 4098 2104 4140 tum
2147 4088 2413 4157 appellat?
2456 4088 2638 4158 Neque
2679 4089 2824 4143 enim
2869 4090 2959 4145 ulli
3002 4090 3091 4145 alii
3136 4098 3261 4158 post
3301 4092 3452 4146 illum
3493 4108 3558 4150 ex

1993 4181 2106 4249 ipsa
2143 4181 2250 4234 nati
2287 4190 2415 4236 sunt
2448 4199 2464 4235 :
2502 4193 2764 4252 perpetuo
2798 4197 3030 4252 namque
3069 4183 3160 4238 illa
3193 4184 3559 4255 virginitatem

1991 4273 2353 4326 conservavit.
2400 4272 2748 4341 Signiﬁcatur
2789 4288 2948 4343 ergo,
2992 4289 3022 4327 a
3071 4289 3225 4328 sacra
3276 4276 3560 4345 Scriptura

1993 4363 2320 4431 unigenitum
2350 4364 2442 4418 Dei
2467 4363 2704 4419 Verbum
2737 4363 2808 4418 ob
2839 4365 2891 4419 id
2925 4365 3346 4435 primogenitum
3378 4369 3561 4437 appel—

1995 4453 2158 4507 latum
2191 4469 2332 4519 esse,
2368 4458 2492 4524 quia
2527 4457 2675 4509 carni
2711 4464 2764 4510 et
2799 4455 3068 4525 sanguini,
3104 4457 3424 4526 eaeterisque
3459 4459 3558 4513 hu-

1997 4546 2170 4600 manis
2197 4561 2348 4614 :eque
2373 4562 2436 4602 ac
2465 4562 2563 4601 nos
2592 4548 3030 4614 eommunicans,
3060 4547 3205 4602 inter
3231 4550 3425 4606 multos
3451 4552 3562 4607 fra-

1997 4645 2105 4690 tres
2123 4637 2166 4667 ³³
2188 4639 2472 4705 primatum
2497 4639 2742 4692 sortitum
2766 4648 2848 4692 est
2867 4638 2931 4692 ³⁸.
2956 4638 3088 4693 Cum
3115 4639 3214 4694 hoc
3238 4641 3354 4709 ipso
3381 4651 3558 4698 tamen

1995 4739 2049 4780 et
2087 4744 2114 4781 a
2154 4731 2400 4798 supernis
2441 4730 2544 4784 illis
2585 4731 2886 4798 Spiritibus,
2922 4741 2979 4786 et
3018 4731 3311 4801 nobisipsis
3345 4751 3562 4806 quoque

2001 4819 2275 4885 adoretur,
2307 4829 2362 4873 et
2393 4830 2451 4873 ut
2480 4819 2623 4876 Deus
2653 4821 2868 4876 colitur.

2077 4929 2096 4960 ι
2135 4908 2201 4964 Ει
2229 4911 2364 4964 dixit
2393 4922 2564 4965 mater
2587 4913 2704 4980 ejus
2733 4913 2800 4966 ad
2833 4913 2983 4967 illum
3016 4932 3030 4968 :
3061 4913 3199 4982 Fili,
3228 4915 3355 4984 quid
3384 4913 3562 4971 fecisti

1996 5001 2150 5056 nobis
2177 5001 2288 5055 sic?
2313 5002 2451 5055 Ecce
2480 5010 2632 5070 pater
2657 5009 2779 5058 tuus
2803 5013 2859 5059 et
2881 5019 2980 5076 ego
3005 5005 3251 5061 dolentes
3277 5007 3562 5076 quaereba-

1995 5106 2116 5145 mus
2153 5100 2224 5145 te.
2257 5090 2325 5143 Et
2359 5092 2435 5144 ait
2467 5092 2533 5144 ad
2569 5093 2688 5148 illos
2721 5111 2738 5150 :
2771 5093 2908 5160 Quid
2942 5105 3022 5152 est
3058 5097 3201 5164 quod
3233 5112 3320 5151 me
3352 5112 3563 5166 quaere-

1993 5183 2170 5238 batis?
2196 5181 2552 5246 Nesciebatis,
2577 5185 2703 5253 quia
2733 5184 2785 5239 in
2815 5186 2900 5241 his
2926 5203 3046 5257 qua:
3073 5185 3251 5243 Patris
3280 5189 3386 5243 mei
3412 5197 3560 5257 sunt,

1995 5281 2208 5344 Oportet
2230 5287 2315 5326 me
2350 5288 2468 5328 esse
2487 5274 2568 5328 ³⁸2
2594 5295 2611 5327 ι
2635 5277 2714 5331 En
2738 5278 3006 5348 quomodo
3027 5280 3300 5335 caelestem
3323 5279 3562 5350 Patrem,

2200 5427 2244 5459 ³⁸
2282 5425 2414 5483 Luc.
2448 5443 2509 5495 ιι,
2537 5428 2589 5497 6,
2625 5429 2680 5487 7.
2788 5430 2832 5462 ⁸³
2856 5429 3019 5487 llebr.
3047 5448 3106 5498 ιι,
3143 5433 3226 5487 14.
3330 5435 3376 5468 ³⁸
3398 5434 3559 5493 Rom.

1392 5656 1566 5713 Varia:
1601 5655 1858 5714 lectiones
1887 5653 2089 5711 codicis
2109 5655 2460 5727 Seguieriani.

403 5791 432 5833 ι
461 5794 626 5860 ἴσως,
657 5790 908 5861 ἀγγέλου.
989 5789 1008 5828 1
1040 5789 1236 5863 ᾔδειτε.
