4000 6326
458 416 597 472 1519

1444 407 1503 463 S.
1544 405 1817 463 CYRILLI
1856 402 2319 459 ALEXANDRINI
2363 400 2682 457 ARCUIEP.

3563 400 3587 454 ί
3597 398 3711 456 520

457 543 611 581 suum
645 526 811 595 ipsius
842 525 1120 595 proprium
1149 520 1361 578 Patrem
1391 523 1651 578 nominat.
1677 521 1744 574 At
1769 518 2032 588 siquidem

2137 517 2266 571 ἴδιον
2311 518 2506 572 ἑαυτοῦ
2539 517 2754 587 Πατέρα
2783 517 2872 570 τὸν
2917 516 2977 570 ἐν
3003 519 3114 580 τοῖς
3150 516 3397 586 οὐρανοῖς
3424 514 3706 585 ὀνομάζει.

459 618 631 670 nudus
661 619 820 671 homo
845 626 983 680 erat,
1013 616 1309 684 cujusmodi
1339 629 1435 668 nos
1459 628 1664 676 sumus,
1693 622 1747 664 et
1774 609 1916 663 aliud
1945 609 2027 664 ni-

460 706 560 773 hil;
594 722 691 759 cur
716 720 819 759 non
852 705 954 759 hac
986 706 1163 774 potius
1190 704 1441 759 oratione
1471 718 1600 757 usus
1628 712 1711 756 est
1739 719 1753 754 :
1790 720 1809 752 ι
1843 698 2028 755 Nesci-

462 799 530 849 tis
561 797 700 866 quod
734 798 785 849 in
818 797 901 851 his
927 812 1046 866 qua:
1071 797 1373 850 communis
1400 795 1641 849 omnium
1673 793 1850 847 Patris
1879 804 2025 855 sunt,

457 898 673 957 ttpm‘lcl.
711 903 795 942 me
836 888 991 942 esse?
1034 907 1052 938 ι
1090 885 1290 942 Verum
1327 888 1476 941 illum
1516 898 1573 939 ut
1610 886 1886 953 pr0prium
1926 883 2024 938 sibi

461 982 722 1043 vindicat;
754 980 877 1048 quia
910 979 1057 1033 solus
1085 981 1388 1033 secundum
1420 978 1656 1032 divinam
1690 985 1935 1029 naturam
1959 990 2027 1029 ex

463 1074 577 1139 ipso
615 1082 774 1125 natus
806 1081 907 1125 est.
944 1071 1202 1124 Eumdem
1242 1070 1596 1124 nihilominus
1632 1078 1687 1122 et
1725 1069 1885 1121 homo
1916 1067 2026 1134 jam

464 1160 633 1212 factus
664 1161 936 1227 proprium
970 1160 1140 1213 adlmc
1175 1160 1585 1228 naturalemque
1616 1158 1834 1212 retinet.

537 1271 554 1300 ι
596 1252 655 1303 lit
688 1249 885 1303 factum
918 1263 1035 1314 est,
1069 1250 1195 1303 dum
1232 1259 1375 1304 esset
1407 1250 1458 1302 iu
1492 1264 1593 1302 una
1628 1249 1906 1302 civitatum
1929 1289 1943 1311 ,
1974 1258 2029 1302 et

460 1352 585 1389 ecce
611 1338 689 1388 vir
711 1338 898 1406 plenus
928 1338 1072 1403 lepra
1106 1356 1118 1391 :
1146 1347 1199 1391 et
1223 1339 1409 1409 videns
1435 1338 1640 1401 Jesum,
1668 1349 1720 1392 et
1743 1339 2028 1407 prouidens

461 1430 513 1482 in
539 1425 753 1489 faciem,
782 1428 989 1497 rogavit
1009 1445 1152 1494 eum,
1179 1430 1397 1483 dicens:
1420 1430 1662 1495 Domine,
1691 1432 1735 1483 si
1757 1433 1853 1498 vis,
1882 1443 2030 1500 potes

460 1535 545 1573 uie
577 1520 852 1573 mundare.
884 1517 950 1572 Et
980 1524 1273 1576 extendens
1304 1539 1543 1589 manum,
1576 1524 1747 1593 tetigit
1775 1539 1919 1588 eum,
1949 1524 2031 1577 di-

458 1625 587 1663 cens
622 1627 636 1663 :
672 1607 823 1673 Volo,
866 1613 1127 1666 mundare
1166 1610 1229 1663 ³⁸⁸.
1267 1611 1590 1666 ihliraberis
1629 1614 1714 1668 hic
1752 1612 2028 1668 Christum

459 1700 636 1755 divina
672 1702 828 1754 simul
862 1718 927 1756 ac
958 1718 1216 1772 corporea
1249 1702 1447 1758 virtute
1475 1718 1785 1773 operantem
1819 1723 1832 1760 :
1865 1706 2031 1775 siqui-

457 1794 576 1846 dem
606 1793 740 1847 velle
769 1804 888 1848 erat
915 1796 1176 1860 divinum,
1207 1798 1320 1865 ipsa
1348 1811 1475 1850 vero
1507 1812 1696 1850 manus
1728 1800 2026 1866 protensio,

2144 607 2281 660 Ἀλλ’
2311 610 2468 680 εἴπερ
2512 604 2581 681 ἦν
2633 609 2913 680 ἄνθρωπος
2962 609 3296 679 καταμόνας,
3326 608 3422 661 καὶ
3460 607 3591 661 αὐτὸ
3635 606 3706 676 δὴ

2127 701 2284 755 τοῦτο
2331 701 2619 773 νοούμενος
2669 700 2789 755 καθ’
2819 702 2986 771 ἡμᾶς,
3023 682 3139 763 πῶς
3196 700 3295 753 οὐκ
3344 698 3453 752 ἔδει
3502 698 3706 769 μᾶλλον

2132 794 2306 846 εἰπεῖν
2332 810 2344 822 °
2375 794 2488 845 Οὐκ
2524 793 2723 863 ᾔδειτε,
2757 792 2839 845 ὅτι
2886 793 2944 844 ἐν
2970 794 3079 855 τοῖς
3111 790 3203 844 τοῦ
3242 791 3459 844 πάντων
3488 787 3703 862 Πατρδς

2126 882 2268 939 εἷναί
2311 903 2377 955 με
2401 886 2516 951 δεῖς
2562 885 2702 938 Ἀλλ’
2732 885 2862 937 ἴδιον
2904 883 3071 937 αὐτοῦ
3100 885 3335 936 ποιεῖται
3356 898 3371 910 ’
3410 883 3567 952 μόνος
3590 879 3705 951 γὰρ

2127 977 2187 1041 ἐξ
2217 979 2381 1031 αὑτοῦ
2406 978 2727 1049 γεγέννηται
2751 977 2892 1031 κατὰ
2924 976 3085 1048 φύσιν
3116 975 3331 1038 θεῖκῶς.
3350 976 3407 1028 Ὀ
3436 974 3493 1027 δὲ
3518 974 3703 1038 αὐτὸς,

2126 1070 2223 1123 aiat
2255 1069 2537 1142 ἄνθρωπος
2566 1060 2827 1140 γεγονὼς,
2857 1069 2988 1123 ῐδιον
3028 1068 3141 1139 ἔχει
3171 1068 3264 1120 καὶ
3299 1065 3457 1136 φύσει
3486 1065 3709 1137 Πατέρα

2127 1162 2218 1215 τὸν
2245 1161 2380 1215 Θεόν
2393 1202 2406 1215 .

2209 1274 2227 1309 ι
2255 1244 2358 1311 Καὶ
2412 1258 2629 1325 ἐγένετο
2666 1259 2722 1311 ὲν
2774 1255 2852 1325 τῷ
2890 1250 3028 1308 εἶναι
3058 1253 3218 1307 αὐτὸν
3247 1253 3304 1305 ἐν
3337 1252 3436 1322 μιᾷ
3470 1250 3575 1303 τῶν
3605 1246 3709 1303 πό-

2127 1344 2285 1411 λεων,
2317 1345 2413 1399 καὶ
2471 1345 2580 1398 ἰδοὺ
2626 1345 2765 1416 ἀνὴρ
2817 1344 3031 1414 πλήρης
3057 1342 3260 1412 λέπρας
3281 1346 3295 1369 ⁵
3342 1341 3436 1393 καὶ
3465 1338 3583 1392 ἰδὼν
3608 1338 3707 1391 τὸν

2141 1430 2369 1507 Ἶησοϋν,
2401 1436 2581 1490 πεσὼν
2615 1435 2707 1489 ἐπὶ
2737 1436 3049 1508 πρόσωπον,
3073 1432 3266 1504 ἐδεήθη
3291 1431 3704 1499 αὑτοῦ,λέγων’

2130 1526 2321 1597 Κύριε,
2361 1524 2455 1578 ἐὰν
2489 1523 2667 1596 θέλῃς,
2695 1523 2919 1579 δύνασαί
2963 1532 3029 1593 με
3055 1523 3368 1592 καθαρίσαι.
3401 1520 3507 1574 Καὶ
3530 1517 3709 1571 ἐκτει-

2129 1635 2224 1681 νας
2256 1618 2352 1683 τὴν
2379 1618 2535 1687 χεῖρα
2558 1655 2574 1679 ,
2602 1616 2779 1685 ἥψατο
2810 1616 2997 1678 αὑτοῦ,
3028 1614 3223 1681 λέγων’
3268 1612 3436 1677 Θέλω,
3470 1610 3707 1681 καθαρι-

2132 1709 2307 1778 σθητι.
2341 1727 2359 1759 ι
2398 1707 2717 1778 Θαυμάσεις
2764 1708 2823 1761 ὲν
2868 1706 3076 1769 τούτοις
3124 1705 3322 1767 θεῖκῶς
3355 1721 3415 1756 τε
3464 1702 3577 1773 ἅμα
3606 1700 3708 1753 καὶ

2085 1866 2087 1870 Α
2132 1799 2458 1870 σωματικῶς
2508 1798 2834 1869 ἐνεργοῦντα
2868 1797 3132 1867 Χριστόν·
3178 1796 3357 1848 θεῖκδν
3393 1795 3490 1865 μὲν
3520 1787 3609 1846 οὖν
3640 1791 3708 1844 τὺ

460 1888 776 1942 humanum.
809 1886 959 1943 Unus
989 1889 1171 1957 itaque
1197 1905 1265 1943 ex
1293 1901 1520 1959 utroque
1547 1889 1734 1945 Filius.
1765 1890 1895 1944 Nam
1925 1894 2025 1947 etsi

2134 1893 2325 1958 θέλειν,
2355 1891 2692 1963 ἀνθρώπινον
2718 1891 2773 1944 δὲ
2801 1891 2861 1943 τὸ
2891 1892 3122 1943 ἐκτεῖναι
3152 1888 3249 1958 τὴν
3282 1890 3458 1958 χεῖρα.
3487 1881 3579 1948 Εἷς
3606 1879 3708 1940 οὖν

461 1978 693 2032 Verlnnn
721 1977 884 2034 fuerit
917 1981 1274 2046 incarnatum,
1300 1982 1467 2035 nihilo
1497 1990 1672 2035 tamen
1702 1984 1873 2038 secius
1903 2000 2024 2038 cum
2046 2011 2065 2028 ι

461 2071 673 2139 propria
703 2086 885 2136 carne,
915 2073 1163 2125 virtutem
1194 2083 1247 2127 et
1281 2075 1390 2143 ipsa
1423 2083 1640 2143 propter
1666 2075 1794 2129 illud
1828 2078 2028 2131 haben-

463 2171 532 2221 te,
564 2170 816 2228 tanquam
849 2160 988 2215 Deus
1028 2164 1377 2230 operabatur.

536 2267 554 2301 ι
587 2247 731 2304 Dixit
759 2260 934 2304 autem
960 2252 1025 2304 ad
1054 2252 1172 2307 illos
1199 2268 1214 2307 :
1240 2254 1519 2319 Quomodo
1545 2255 1730 2310 dicunt
1758 2256 2026 2310 Christum

459 2354 578 2394 esse
609 2341 771 2392 lilium
809 2341 1011 2394 David?
1038 2352 1091 2395 et
1122 2344 1237 2410 ipse
1266 2343 1432 2397 David
1464 2345 1596 2399 dicit
1627 2348 1677 2400 in
1712 2347 1849 2400 libro
1876 2346 2026 2400 Psal-

460 2450 665 2488 morum
703 2457 714 2490 :
749 2435 891 2489 Dixit
924 2438 1182 2493 Dominus
1218 2436 1445 2493 Domino
1482 2454 1599 2493 meo
1628 2458 1640 2494 :
1676 2440 1812 2494 Sede
1843 2458 1868 2492 a
1894 2443 2026 2493 dex-

458 2525 561 2579 tris
590 2526 743 2589 meis,
772 2527 942 2579 donec
971 2543 1161 2596 ponam
1194 2528 1441 2583 inimicos
1470 2537 1588 2583 tuos
1616 2532 1905 2584 scabellnm
1934 2548 2029 2601 pe-

458 2617 584 2669 dum
619 2625 853 2670 tuorum.
887 2618 1049 2671 David
1080 2633 1208 2688 ergo
1242 2620 1524 2674 Dominum
1558 2620 1703 2673 illum
1738 2630 1892 2674 vocat
1925 2639 1938 2675 :
1973 2630 2028 2676 et

457 2708 726 2775 quomodo
762 2708 901 2761 lilius
934 2709 1051 2777 ejus
1084 2709 1263 2764 est"?
1301 2729 1319 2761 ι
1353 2710 1522 2765 Audis
1555 2727 1662 2780 quo
1697 2723 1852 2781 pacto
1888 2714 2028 2781 ipse-

461 2807 571 2850 met
607 2798 855 2852 Christus
896 2797 1133 2867 (tametsi
1171 2814 1235 2853 ex
1280 2800 1487 2854 semine
1525 2800 1695 2854 David
1735 2803 2025 2855 secundum

459 2904 674 2941 carnem
704 2891 963 2959 originem
998 2890 1197 2961 trahat)
1228 2892 1330 2945 hoc
1361 2892 1480 2946 loco
1511 2892 1701 2955 Deum,
1726 2903 1778 2947 et
1809 2893 2023 2961 Filium,

463 2978 620 3048 117
645 2990 698 3031 et
724 2980 1004 3033 Dominum
1030 2981 1325 3034 secundum
1354 2992 1599 3035 naturam
1626 2997 1685 3036 se
1709 2998 1828 3036 esse
1850 2993 2026 3037 osten-

458 3071 586 3123 dat?
620 3069 758 3124 Dicit
790 3072 931 3124 enim
968 3088 981 3124 :
1022 3091 1040 3122 ι
1081 3072 1134 3125 Si
1171 3071 1391 3126 Davidis
1426 3074 1570 3127 illius
1602 3082 1705 3137 est,
1736 3090 1833 3128 cur
1864 3074 2026 3128 David

462 3162 741 3216 Dominum
772 3162 919 3215 illum
946 3164 1210 3232 appellat?
1243 3183 1261 3215 ι
1292 3163 1397 3218 Sed
1431 3179 1603 3235 neque
1631 3180 1807 3219 ortum
1835 3182 2026 3219 secun-

2134 1985 2193 2050 ἐξ
2227 1987 2426 2056 ἀμφοῖν
2470 1986 2614 2048 Υἱός.
2643 1972 2706 2038 Εἰ
2745 1983 2853 2054 γὰρ
2902 1982 2997 2035 καὶ
3044 1981 3229 2049 γέγονε
3265 1978 3401 2051 σάρξ
3444 1979 3473 2031 6
3507 1978 3705 2046 Λόγος,

2133 2077 2246 2129 ἀλλ’
2273 2077 2347 2140 ὡς
2369 2077 2500 2139 Θεὸς
2526 2077 2737 2143 ἐνεργεῖ
2763 2073 2901 2144 μετὰ
2926 2076 3025 2144 τῆς
3050 2071 3185 2136 ἰδίας
3215 2070 3437 2142 σαρκὸς,
3472 2068 3709 2139 ἐχούσης

2133 2166 2300 2237 αὐτῆς
2326 2165 2391 2217 δι’
2420 2164 2580 2219 αὐτὸν
2611 2162 2860 2232 δύναμιν.

2211 2276 2229 2308 ι
2258 2252 2391 2310 Εἷπε
2424 2255 2479 2309 δὲ
2510 2252 2645 2326 πρὸς
2684 2253 2879 2317 αὐτούς
2901 2268 2914 2281 ⁸
2945 2252 3069 2315 Πῶς
3098 2251 3315 2319 λέγουσι
3354 2247 3445 2302 τὸν
3471 2244 3707 2317 Χριστδν

2135 2345 2273 2401 εἶναι
2317 2347 2431 2401 υἱὸν
2460 2345 2651 2410 Δαυῖδ;
2684 2343 2843 2407 αὐτὸς
2875 2342 2981 2413 γὰρ
3008 2344 3035 2394 6
3068 2339 3228 2393 Aau‘i6
3255 2338 3403 2406 λέγει
3435 2337 3492 2388 ὲν
3515 2332 3708 2405 βισλῖῳ

2132 2438 2376 2509 Ψαλμῶν
2398 2456 2409 2469 ·
2443 2434 2609 2490 Εἶπεν
2636 2437 2663 2489 6
2690 2434 2894 2505 Κύριος
2924 2432 3002 2503 τῷ
3032 2431 3221 2503 Κυρίῳ
3257 2447 3356 2501 μου
3375 2444 3388 2457 ⁸
3421 2427 3602 2481 Κάθου
3636 2427 3711 2477 ἐκ

2132 2531 2322 2595 δεξιῶν
2360 2546 2482 2599 μου,
2522 2529 2624 2592 ἓως
2659 2527 2725 2581 ἂν
2761 2526 2837 2579 θῶ
2872 2527 2997 2587 τοὺς
3026 2522 3249 2593 ἐχθρούς
3292 2538 3386 2573 σου
3417 2518 3710 2573 ὑποπόδιον

2134 2622 2242 2674 τῶν
2272 2620 2446 2674 ποδῶν
2486 2636 2601 2671 σου.
2639 2615 2802 2670 Δαυῒδ
2835 2614 2997 2669 αὐτὸν
3025 2612 3227 2684 Κύριον
3254 2610 3425 2675 καλεῖ,
3456 2609 3549 2661 καὶ
3588 2608 3708 2669 πῶς

2134 2714 2261 2776 Υἱὸς
2290 2710 2452 2765 αὑτοῦ
2483 2710 2661 2776 ἐστινς
2696 2726 2713 2759 ι
2754 2705 2998 2766 Ἀκούεις
3023 2704 3169 2766 ὅπως
3197 2704 3254 2755 ἐν
3280 2700 3485 2761 τούτοις
3514 2698 3703 2767 πειρὶ-

2132 2823 2221 2858 ται
2253 2803 2514 2857 δεικνύειν
2548 2799 2711 2863 αὐτὸς
2735 2801 2764 2853 6
2793 2795 3045 2868 Χριστὸς,
3070 2796 3149 2848 ὅτι
3179 2793 3282 2847 κᾶν
3308 2794 3355 2845 εἰ
3380 2791 3599 2861 γέγονεν
3637 2789 3709 2843 ἐκ

2136 2896 2449 2966 σπέρματος
2479 2891 2640 2945 Δαυῒδ
2677 2893 2706 2943 6
2735 2889 2903 2957 Λόγος
2939 2886 3080 2940 κατὰ
3106 2884 3203 2956 τὴν
3239 2884 3436 2955 σάρκα,
3462 2880 3578 2936 ἀλλ’
3607 2874 3709 2933 οὖν

2133 2989 2250 3040 ἐστι
2282 2986 2374 3039 καὶ
2401 2982 2541 3037 οὕτω
2574 2982 2715 3036 κατὰ
2746 2979 2907 3049 φύσιν
2929 2979 3154 3047 Κύριος,
3177 2977 3250 3041 ὡς
3276 2976 3404 3038 Υἱὸς
3422 2974 3513 3027 καὶ
3531 2972 3661 3035 Θεός
3684 2988 3702 3037 ;

2141 3099 2159 3131 ι
2190 3079 2253 3132 Ei
2290 3079 2398 3147 γὰρ
2428 3076 2513 3147 δὴ,
2547 3076 2731 3145 φησιν,
2769 3072 2881 3135 υἱὸς
2922 3069 3017 3124 τοῦ
3064 3068 3245 3135 Δαυῖδ,
3299 3067 3415 3131 πῶς
3462 3067 3620 3119 αὐτὸν
3672 3066 3707 3117 6

2136 3170 2298 3223 Δαυῖδ
2328 3168 2530 3240 Κύριον
2557 3163 2846 3235 ὀνομάζει;
2880 3183 2898 3215 ι
2920 3162 3059 3215 Ἀλλ’
3085 3160 3207 3214 οὔτε
3234 3158 3330 3231 τὴν
3358 3162 3423 3211 ὲκ
3452 3157 3704 3227 σπέρμα-

460 3256 584 3307 dum
620 3269 835 3308 carnem
875 3256 960 3308 hic
992 3270 1058 3308 ex
1097 3253 1314 3309 Davidis
1349 3257 1556 3310 semine
1594 3256 1820 3323 refutat;
1857 3273 2032 3328 neque

2133 3280 2223 3326 τος
2252 3260 2411 3315 Δαυῗδ
2439 3259 2688 3328 γέννησιν
2725 3256 2864 3309 κατὰ
2900 3256 3080 3324 σάρκα
3104 3253 3161 3306 ὲν
3188 3251 3399 3314 τούτοις
3436 3250 3702 3321 ἀρνεῖται,

461 3343 695 3413 seipsum
732 3359 944 3398 rursum
982 3344 1274 3397 secundum
1311 3355 1559 3398 naturam
1596 3346 1878 3400 Dominum
1913 3363 2033 3408 esse

462 3446 639 3505 negat.
659 3435 853 3490 Verum
883 3436 1007 3489 licet
1036 3452 1199 3488 unttm
1230 3451 1294 3489 ex
1326 3445 1559 3505 utroque
1583 3449 1835 3493 constare
1866 3438 2031 3508 signi-

462 3528 676 3581 licatum
711 3528 868 3592 velit,
906 3538 1196 3596 utrumque
1232 3536 1409 3580 tamen
1449 3530 1635 3582 adesse
1668 3531 2026 3584 demonstrat.

462 3620 609 3676 Unus
638 3620 816 3688 itaque
847 3628 929 3673 est
959 3620 1230 3683 Christus,
1262 3629 1316 3673 et
1344 3633 1502 3673 verus
1532 3617 1719 3673 Filius.

542 3757 694 3823 Quod
725 3758 856 3825 ﬁdes
891 3759 945 3811 in
979 3754 1245 3810 Christum
1282 3757 1351 3810 sit
1389 3768 1640 3827 tanquam
1673 3759 1727 3811 in
1761 3758 1947 3812 Deum.

856 3870 941 3927 Ex
971 3869 1213 3939 Epistola
1243 3874 1311 3923 ad
1343 3869 1631 3928 Romanus.

532 4001 551 4032 ι
584 3980 686 4036 Per
708 3996 866 4051 quem
895 3984 1204 4050 accepimus
1235 3983 1464 4051 gratiam
1493 3994 1548 4037 et
1574 3984 1932 4053 apostolatum
1961 3986 2027 4040 ad

454 4074 812 4129 obedieudum
850 4075 969 4127 lidei
1015 4076 1064 4127 in
1111 4075 1365 4128 omnibus
1402 4076 1648 4144 gentibus
1684 4091 1779 4143 pro
1813 4078 2029 4130 nomine

456 4167 655 4234 ipsius;
687 4168 737 4219 in
766 4168 959 4235 quibus
982 4168 1115 4221 estis
1139 4178 1195 4221 et
1218 4182 1310 4220 vos
1336 4168 1511 4221 vocati
1535 4166 1661 4222 Jesu
1685 4168 1883 4223 Christi
1904 4168 1969 4223 ³⁸.
2004 4188 2022 4220 ›

454 4258 673 4313 Vocata:
705 4272 829 4312 sunt
861 4270 1045 4326 gentes
1081 4275 1174 4325 per
1209 4259 1389 4313 (idem.
1424 4259 1524 4325 Qui
1563 4269 1740 4314 autem
1779 4275 1873 4329 per
1900 4277 2029 4315 san-

454 4363 572 4403 ctos
600 4350 869 4419 apostolos
901 4351 1005 4403 illis
1037 4351 1478 4415 :mnuntiabatur,
1509 4348 1758 4404 Christus
1783 4360 1917 4404 erat.
1948 4352 2027 4404 Ab

456 4443 522 4494 iis
550 4456 674 4493 vero
699 4442 788 4507 qui
822 4441 946 4493 lidei
982 4442 1253 4509 mysteriis
1282 4440 1659 4506 initialtantur,
1691 4442 1819 4496 lides
1847 4442 2027 4510 exige-

455 4537 614 4584 hatur
648 4532 698 4585 iu
736 4532 1040 4595 Christum,
1080 4549 1181 4583 non
1222 4542 1471 4600 tanquam
1512 4533 1561 4585 iu
1600 4533 1899 4598 hominem,
1932 4534 2022 4586 sed
2054 4577 2096 4629 Β

455 4635 705 4690 tauquam
742 4625 792 4677 in
826 4624 1009 4677 Demn.
1046 4624 1227 4691 Neque
1257 4624 1399 4676 enim
1433 4625 1615 4676 dicere
1644 4624 1724 4676 fas
1753 4631 1856 4686 est,
1890 4639 2021 4691 geu~

455 4726 534 4767 tes
565 4730 682 4782 qme
712 4713 868 4767 tidem
901 4716 952 4766 in
982 4715 1254 4766 Christum
1285 4713 1800 4779 complectebantur,
1826 4728 1890 4767 ex
1919 4729 2024 4768 uno

453 4822 636 4858 t'l'l‘Ol'c
668 4806 719 4857 iu
753 4806 977 4859 alterum
1012 4805 1290 4857 tt'ausiisse
1320 4819 1333 4856 :
1363 4819 1550 4856 verum
1583 4821 1610 4855 a
1644 4803 1761 4857 falsi
1794 4804 2029 4858 nominis

454 4899 557 4952 diis
585 4898 868 4959 abductas,
901 4900 966 4949 ad
1000 4897 1162 4949 Deum
1192 4896 1369 4948 vivum
1400 4910 1691 4949 conversas
1718 4910 1857 4949 esse.
1888 4894 2018 4949 Cum

454 4991 528 5044 illi
569 5005 700 5058 ergo
738 4991 804 5043 ad
845 4989 1203 5042 obediendum
1251 4985 1372 5040 lidei
1420 5002 1516 5054 pro
1557 4986 1759 5041 Christi
1804 4987 2021 5041 nomine

453 5083 812 5149 apostolatnm
869 5096 929 5134 se
984 5081 1261 5148 accepisse
1318 5080 1692 5148 proﬁteantur,
1754 5078 2020 5147 quomodo

452 5174 700 5226 Christus
732 5186 836 5225 non
864 5180 948 5225 est
981 5171 1150 5237 Deus,
1182 5186 1303 5225 cum
1336 5169 1467 5225 ﬁdes
1498 5171 1758 5225 habeatur
1788 5171 1839 5224 in
1872 5169 2019 5225 illum

454 5275 705 5333 tanquam
740 5263 791 5317 in
823 5264 1023 5317 Deum?

529 5376 548 5410 ι
586 5355 763 5410 Testis
787 5366 871 5410 est
896 5355 1023 5409 mihi
1054 5355 1210 5418 Deus,
1244 5356 1327 5409 cui
1358 5354 1535 5410 servio
1566 5354 1619 5407 in
1659 5354 1848 5423 spiritu
1879 5369 2018 5421 meo,

455 5447 510 5502 in
554 5446 846 5516 Evangelio
893 5445 1013 5499 Filii
1063 5446 1202 5516 ejus,
1256 5444 1398 5513 quod
1450 5445 1568 5498 sine
1621 5443 2023 5498 intermissione

453 5539 769 5593 memoriam
833 5538 1000 5592 vestri
1064 5537 1203 5589 l'acio
1270 5550 1484 5605 semper
1552 5537 1603 5588 in
1683 5535 2024 5590 orationibus

457 5630 592 5684 meis
620 5629 687 5685 ".
728 5648 747 5680 ι
782 5629 882 5696 Qui
919 5630 1026 5682 Deo
1065 5627 1329 5692 serviunt,
1373 5642 1478 5681 nou
1517 5629 1767 5683 serviunt
1802 5627 2021 5685 Christo

525 5804 573 5835 "
601 5803 736 5859 Luc.
772 5820 821 5869 ν,
853 5804 939 5869 ιε,
978 5805 1060 5858 ts.

2132 3354 2253 3408 οὔτε
2305 3354 2409 3424 μὴν
2466 3350 2781 3419 ἀποπέμπει
2829 3347 2919 3401 τοῦ
2972 3342 3277 3399 εἷναικατὰ
3312 3341 3471 3411 φύσιν
3498 3338 3703 3411 Κύριον

2130 3446 2319 3500 ἑαυτόν
2337 3462 2351 3477 ο
2391 3447 2671 3514 προσεῖναι
2699 3441 2756 3493 δέ
2788 3456 2951 3510 φησιν
2981 3436 3305 3507 ἀμφότερον,
3332 3436 3381 3487 εἰ
3406 3433 3500 3487 καὶ
3519 3431 3576 3497 ἐξ
3596 3432 3705 3499 ἀμ-

2132 3538 2248 3604 φοῖν
2280 3534 2529 3604 βούλεται
2575 3532 2665 3584 τὸν
2698 3531 2794 3583 ’ἐνα
2822 3525 3132 3600 δηλοῦσθαι.
3162 3519 3257 3587 Εἷς
3286 3518 3380 3577 οὖν
3416 3522 3525 3592 ἄρα
3568 3520 3703 3589 Χρι-

2134 3626 2275 3689 στὸς,
2309 3626 2401 3678 καὶ
2440 3624 2568 3687 Υἱὸς
2599 3620 2837 3692 άληθῶς.

2257 3759 2387 3812 Ὅτι
2421 3760 2508 3824 εἰς
2542 3754 2802 3825 Χριστὸν
2839 3756 2877 3823 ἠ
2917 3753 3122 3818 πίστις
3157 3751 3237 3815 ὡς
3273 3751 3361 3815 εἰς
3401 3747 3567 3801 Θεόν.

2516 3873 2616 3925 Ἐκ
2652 3869 2764 3940 τῆς
2800 3869 2949 3937 πρὸς
2990 3867 3326 3936 Ῥωμαίους.

2205 4009 2223 4040 ι
2251 3984 2327 4040 Δι’
2348 3977 2410 4039 οὗ
2436 3984 2700 4055 ἐλάϐομεν
2722 3983 2880 4054 χάριν
2905 3982 2997 4035 καὶ
3026 3979 3331 4051 ἀποστολὴν
3358 3980 3438 4041 εἰς
3456 3974 3699 4045 ὑπακοὴν

2129 4082 2362 4142 πίστεως
2393 4080 2450 4130 ὲν
2484 4079 2617 4131 πᾶσι
2648 4079 2761 4138 τοῖς
2794 4074 3000 4127 ἔθνεσιν
3027 4073 3167 4144 ὑπὲρ
3193 4071 3285 4124 τοῦ
3312 4070 3574 4140 ὀνόματος
3597 4069 3698 4124 αὺ-

2126 4173 2220 4227 τοῦ
2242 4188 2254 4203 ·
2289 4173 2346 4225 ἐν
2376 4165 2457 4232 οἷς
2482 4170 2603 4223 ἐστε
2646 4168 2742 4221 καὶ
2770 4167 2926 4237 ὑμεῖς
2962 4165 3149 4236 κλητοὶ
3185 4162 3356 4235 Ἰησοῦ
3388 4159 3643 4233 Χριστοῦ.
3671 4181 3693 4211 ι

2128 4264 2437 4333 Κέκληνται
2471 4260 2541 4313 τὰ
2564 4259 2689 4330 ἔθνη
2724 4258 2811 4312 διὰ
2843 4257 2940 4327 τῆς
2970 4256 3221 4319 πίστεως.
3251 4253 3363 4307 Καὶ
3399 4250 3465 4325 ἦν
3497 4255 3526 4306 6
3560 4253 3699 4322 Χρι-

2129 4357 2249 4420 στὸς
2272 4355 2359 4409 διὰ
2391 4354 2498 4408 τῶν
2531 4354 2700 4420 ἁγίων
2725 4350 3038 4405 ἀποστόλων
3069 4350 3097 4402 6
3131 4349 3256 4419 παρ’
3277 4348 3459 4409 αὐτοῖς
3491 4362 3697 4416 κηρυτ-

2126 4448 2379 4518 τόμενος·
2415 4445 2713 4515 ἐπράττετο
2738 4442 2794 4494 δὲ
2836 4440 2987 4510 παρὰ
3011 4438 3120 4492 τῶν
3154 4435 3699 4508 μυσταγωγουμένων

2126 4542 2159 4607 ἡ
2191 4539 2371 4601 πίστις
2395 4537 2493 4605 οὐχ
2520 4535 2593 4598 ὼς
2631 4537 2710 4596 εἰς
2738 4532 3040 4604 ἄνθρωπον,
3082 4526 3194 4583 ἀλλ’
3229 4530 3303 4591 ὡς
3329 4530 3406 4591 εἰς
3436 4527 3590 4580 Θεὸν.
3619 4525 3695 4577 Ού

2126 4631 2231 4701 γάρ
2266 4628 2367 4681 πού
2408 4643 2586 4697 φαμεν
2614 4626 2679 4677 ὲκ
2711 4623 2916 4693 πλάνης
2953 4623 3032 4685 εἰς
3062 4620 3266 4691 πλάνην
3300 4616 3593 4689 κεκλῆσθαι
3626 4617 3699 4669 τὰ

2124 4724 2272 4790 ὲθνη,
2300 4721 2396 4791 τὴν
2434 4720 2513 4780 εἰς
2550 4716 2784 4787 Χριστὸν
2822 4714 3002 4766 πίστιν
3047 4711 3494 4783 παραδεξάμεναο
3526 4724 3699 4761 κατα-

2126 4813 2407 4868 λελοιπότα
2448 4811 2504 4863 δὲ
2543 4808 2740 4880 μᾶλλον
2785 4807 2911 4869 τοὺς
2954 4805 3336 4875 ψευδωνύμους
3369 4801 3541 4866 θεοὺς,
3573 4801 3700 4852 ἐπι-

2128 4902 2356 4975 στρέψαι
2380 4900 2567 4953 λοιπὸν
2603 4900 2695 4952 ἐπὶ
2722 4898 2854 4951 Θεὸν
2884 4897 3218 4961 ζῶντα.⁴¹οτε
3257 4894 3434 4947 τοίνυν
3463 4893 3698 4946 ἀποστο-

2125 4996 2221 5068 λὴν
2255 4993 2529 5064 εἰληφέναι
2567 4991 2731 5061 φασὶν
2762 4990 2812 5042 οἱ
2842 4986 3190 5059 μυσταγωγοὶ
3215 4988 3293 5048 εἰς
3329 4982 3572 5053 ὑπακοὴν
3604 4982 3697 5034 πί-

2130 5103 2298 5148 στεως
2330 5085 2470 5155 ὑπὲρ
2497 5084 2588 5137 τοῦ
2618 5082 2875 5151 ὀνόματος
2916 5079 3010 5132 τοῦ
3057 5077 3314 5147 Χριστοῦ,
3347 5078 3463 5140 πῶς
3492 5077 3591 5129 οὐκ
3627 5075 3697 5131 ἂν

2125 5180 2210 5249 εἴη
2240 5177 2389 5240 Θεὸς,
2414 5178 2571 5244 εἴπερ
2597 5176 2677 5237 εἰς
2712 5173 2872 5227 αὐτὸν
2901 5175 2933 5243 ἡ
2969 5172 3173 5236 πίστις,
3202 5170 3277 5234 ὡς
3307 5173 3386 5233 εἰς
3419 5170 3585 5234 Θεόν;

2205 5376 2223 5408 ι
2250 5356 2477 5428 Μάρτυς
2506 5356 2613 5426 γάρ
2649 5373 2749 5426 μου
2776 5356 2922 5409 ἐστὶν
2946 5356 2975 5408 6
3003 5354 3154 5419 Θεὸς,
3179 5347 3224 5422 ᾧ
3254 5354 3497 5426 λατρεύω
3525 5355 3582 5406 ἐν
3614 5353 3696 5424 τῷ

2134 5449 2404 5519 πνεύματί
2431 5466 2553 5517 μου,
2582 5449 2641 5502 ἐν
2673 5447 2752 5518 τῷ
2780 5448 3096 5519 Εὑαγγελίῳ
3124 5446 3218 5501 τοῦ
3249 5447 3377 5500 Υἱοῦ
3405 5446 3591 5511 αὐτοῦ,
3616 5448 3693 5512 ὡς

2126 5538 2478 5601 ἀδιαλείπτως
2518 5538 2705 5607 μνείαν
2738 5538 2891 5608 ὑμῶν
2917 5536 3174 5607 ποιοῦμαι
3207 5538 3435 5591 πάντοτε
3467 5537 3557 5589 ἐπὶ
3584 5537 3693 5590 τῶν

2127 5629 2442 5700 προσευχῶν
2485 5646 2605 5699 μου.
2642 5650 2659 5681 ι
2704 5631 2767 5683 Οἱ
2794 5630 2913 5701 Θεῷ
2942 5628 3313 5701 λατρεύοντες,
3341 5628 3440 5699 οὐχ
3466 5627 3540 5692 ὡς
3572 5626 3695 5699 Θεῷ

1153 5801 1341 5856 “Luc.
1376 5816 1464 5867 xx,
1506 5802 1691 5858 il-H.
1768 5804 1813 5835 ³⁸
1838 5802 1991 5859 Rom.
2026 5806 2146 5871 ινδ,
2183 5806 2236 5863 6.
2316 5806 2359 5838 ³⁹
2383 5806 2532 5860 [iam
2565 5825 2600 5876 t,
2640 5810 2691 5863 9.
