4000 6326
282 347 409 399 1721

1381 352 1468 407 DE
1509 350 1739 407 RECTA
1781 347 1935 402 FIDE
1974 346 2065 400 AD
2101 345 2418 400 REGINAS.

3392 357 3527 419 152⁸3

278 460 409 528 παρ’
446 456 608 510 αὑτὸν
635 458 806 531 ἑτέρῳ
840 460 1161 534 λατρεύουσι
1200 466 1277 535 τῷ
1312 467 1551 537 Χριστῷ.
1583 466 1754 519 Αὑτοῦ
1796 465 1851 516 δέ

1959 470 2209 529 tanquam
2244 461 2397 515 alteri
2436 460 2563 513 Deo.
2595 462 2749 516 Unde
2777 471 2830 514 et
2860 462 3002 517 illius
3031 478 3244 534 quoque
3276 466 3525 538 Evange-

280 568 410 619 φησι
455 552 549 602 καὶ
590 551 651 603 τὸ
683 552 1036 621 Εὐαγγέλιον.
1072 557 1417 628 Κηρύττεται
1446 560 1554 628 γὰρ
1587 558 1745 620 αύτὸς
1780 558 1855 620 ὡς

277 643 407 706 Θεὸς
435 642 508 712 τῷ
541 644 749 713 κόσμῳ,
776 645 949 699 καίτοι
995 647 1131 701 Θεοῦ
1181 651 1322 703 κατὰ
1364 651 1524 719 φύσιν
1570 651 1721 712 ὄντος
1758 650 1852 702 τοῦ

278 735 511 803 Πατρὸς,
546 735 638 787 καὶ
688 736 1052 809 κατάρχοντος
1093 740 1201 793 τῶν
1246 742 1402 794 ὅλων.
1436 742 1567 805 Θεὸς
1614 738 1706 796 οὖν
1746 744 1852 813 ἄρα

279 826 529 895 Χριστὸς,
566 827 593 878 ὁ
639 826 707 879 δι’
734 822 793 881 οῦ
828 829 922 881 καὶ
969 830 1028 882 ἐν
1066 824 1110 897 ᾧ
1142 830 1235 883 καὶ
1282 832 1445 895 αὐτὸς
1488 835 1515 885 6
1551 834 1739 903 Πατὴρ
1776 834 1853 896 ὡς

278 917 408 979 Ηεὸς
443 918 891 985 καταγγέλλεται,
927 920 1023 973 καὶ
1058 923 1125 991 τῇ
1167 922 1318 991 παρά
1365 924 1582 976 πάντων
1624 925 1849 993 τιμᾶται

277 1008 372 1065 λοιτ
382 1010 519 1081 ρεία.

356 1120 374 1149 ε
406 1102 795 1165 Δικαιωθέντες
837 1098 929 1157 οὖν
965 1106 1031 1157 ὲκ
1080 1106 1336 1170 πίστεως,
1382 1109 1606 1179 εἰρήνην
1656 1108 1853 1179 ἔχομεν

279 1192 413 1264 πρὸς
442 1192 573 1245 Θεὸν
603 1193 689 1247 διὰ
718 1194 811 1247 τοῦ
841 1197 1047 1267 Κυρίου
1080 1198 1236 1268 ἡμῶν
1273 1199 1446 1267 Ἰησοῦ
1478 1201 1736 1269 Χριστοῦ,
1775 1200 1854 1253 δι’

278 1276 339 1335 οὗ
379 1282 472 1333 νῦν
497 1283 591 1334 καὶ
616 1283 713 1353 τὴν
740 1287 1105 1356 προσαγωγὴν
1128 1288 1441 1359 ἐσχήκαμεν
1468 1293 1533 1361 τῇ
1564 1291 1746 1344 πίστει
1773 1293 1853 1353 είς

276 1374 375 1442 τὴν
414 1373 573 1443 χάριν
603 1373 829 1444 ταύτην,
865 1376 925 1429 ἐν
1021 1378 1354 1449 ἑστήκαμεν,
1384 1382 1478 1433 καὶ
1522 1382 1852 1451 καυχώμεθα

277 1464 562 1521 ἐπ’ὲλπίδι
603 1469 703 1537 τῆς
738 1466 896 1537 δόξης
944 1470 1037 1521 τοῦ
1089 1467 1246 1524 Θεοῦ.
1279 1491 1296 1522 ι
1339 1472 1425 1535 Ὠς
1459 1475 1537 1536 είς
1581 1474 1713 1525 Θεὸν
1759 1492 1851 1526 πι-

277 1555 557 1621 στεύοντες
586 1558 962 1629 δικαιούμεθα.
990 1560 1053 1614 Εἰ
1084 1561 1143 1614 δὲ
1182 1564 1262 1627 είς
1306 1564 1541 1635 Χριστὸν
1584 1566 1789 1637 Ἰησοῦν
1816 1569 1849 1637 ή

277 1650 481 1715 πίστις,
514 1651 609 1704 καὶ
648 1652 716 1704 δι’
774 1652 938 1705 αὐτοῦ
989 1654 1087 1724 τὴν
1132 1657 1501 1728 προσαγωγὴν
1537 1660 1853 1730 ἐσχήκαμεν

283 1742 659 1814 (συνήφθημεν
702 1745 811 1816 γάρ
843 1745 922 1817 τῷ
948 1746 1065 1818 Θεῷ
1092 1748 1185 1802 καὶ
1211 1750 1405 1820 Πατρὶ,
1440 1753 1850 1823 συνεγείραντος

1957 553 2086 606 lium
2118 568 2240 607 esse
2272 554 2605 621 perhibetur.
2646 555 3013 610 Annuntiatur
3050 559 3193 611 enim
3232 560 3431 614 mundo
3468 570 3527 621 ut

1958 644 2117 711 Deus,
2158 661 2276 697 cum
2306 644 2466 698 Pater
2506 646 2577 698 sit
2616 646 2756 701 Deus
2788 657 3017 712 natura,
3051 651 3528 723 principatumque

1956 737 2008 789 in
2046 751 2236 789 omnes
2274 737 2533 791 obtineat.
2580 737 2722 791 Deus
2762 739 2927 807 igitur
2967 751 3051 793 est
3088 740 3373 805 Christus,
3430 760 3529 813 per

1955 842 2115 896 quem
2146 838 2201 881 et
2234 830 2285 880 in
2319 844 2427 898 quo
2461 830 2575 898 ipse
2611 845 2827 899 quoque
2859 831 3022 887 Pater
3048 845 3106 888 ut
3136 835 3279 890 Deus
3311 854 3525 892 annun-

1956 923 2141 986 tiatur,
2203 922 2461 991 cultuque
2511 933 2566 976 et
2617 926 2963 980 veneratione
3006 928 3073 982 ab
3118 930 3372 985 omnibus
3410 934 3523 988 alli—

1953 1014 2114 1067 citur.

2033 1124 2052 1157 ι
2086 1104 2373 1159 Justiticati
2430 1122 2559 1176 ergo
2610 1122 2675 1161 ex
2728 1109 2850 1172 fide,
2903 1126 3089 1177 pacem
3148 1114 3407 1170 habemus
3459 1120 3525 1171 ad

1956 1195 2121 1251 Deum
2159 1212 2253 1266 per
2289 1196 2573 1251 Dominum
2618 1210 2857 1253 nostrum
2890 1201 3070 1254 Jesum
3103 1202 3399 1267 Christum,
3434 1222 3529 1274 per

1955 1303 2112 1357 quem
2153 1296 2203 1342 ct
2251 1287 2513 1343 habemus
2543 1304 2818 1344 accessum
2860 1307 2957 1361 per
2992 1292 3149 1347 fidem
3191 1295 3245 1348 in
3295 1298 3526 1364 gratiam

1955 1381 2143 1447 istam,
2186 1382 2237 1435 in
2275 1396 2381 1451 qua
2423 1391 2667 1448 stamus,
2700 1395 2754 1437 et
2799 1385 3095 1453 gloriamur
3140 1387 3190 1441 in
3231 1390 3393 1463 118
3433 1405 3529 1459 Spe

1954 1474 2138 1542 gloria:
2167 1474 2399 1527 filiorum
2438 1475 2526 1529 Dei
2550 1475 2618 1529 ³ο.
2654 1495 2670 1526 ι
2705 1476 2760 1530 Si
2790 1479 2840 1529 in
2873 1475 3039 1531 Deum
3068 1483 3374 1545 credentes,
3402 1497 3529 1537 vere

1949 1565 2337 1634 justificamur,
2372 1567 2584 1636 fideque
2616 1569 2667 1622 in
2700 1570 2974 1624 Christum
3006 1570 3191 1625 Jesum
3231 1574 3526 1639 tendimus,

1955 1676 2020 1716 ac
2056 1676 2150 1731 per
2182 1662 2329 1716 illum
2362 1665 2426 1716 ad
2461 1663 2676 1717 Patrem
2717 1666 2936 1719 tandem
2965 1668 3314 1734 pervenimus
3343 1668 3527 1739 (Chri-

1958 1765 2042 1808 sto
2080 1770 2313 1823 namque
2344 1770 2441 1809 nos
2466 1756 2624 1809 simul
2650 1757 2938 1823 excitante,
2979 1758 3087 1812 Deo
3132 1768 3186 1812 et
3222 1759 3363 1814 Patri
3396 1775 3527 1815 cun-

275 1836 465 1905 ὥσπερ
495 1837 643 1907 ἡμᾶς
681 1836 775 1890 τοῦ
806 1837 1091 1907 Χριστοῦ)·
1127 1840 1245 1904 πῶς
1268 1842 1329 1894 ού
1348 1842 1478 1906 Θεός
1509 1846 1647 1911 ἐστι,
1676 1846 1770 1899 καὶ
1804 1847 1852 1898 εἰ

1959 1844 2267 1914 iungimur),
2298 1847 2569 1913 quomodo
2611 1847 2752 1900 Deus
2793 1862 2898 1900 non
2945 1857 3047 1914 est,
3087 1849 3249 1903 etiam
3285 1849 3331 1904 si
3370 1848 3525 1919 juxta

275 1929 504 2002 γέγονεν
548 1931 613 1981 ὲκ
661 1928 975 2002 σπέρματος
1005 1922 1168 1986 Δαυῒδ
1212 1936 1270 1986 τὸ
1306 1935 1446 1989 κατά
1477 1937 1675 2008 σάρκα,
1712 1939 1854 1995 κατά

276 2022 376 2084 τὰς
413 2022 635 2093 Γραφάς
654 2038 669 2089 ;

354 2133 372 2163 ι
402 2114 599 2178 Καθὼς
626 2114 958 2187 γέγραπται,
994 2119 1193 2189 φησίν·
1241 2121 1371 2175 Ἰδοὺ
1408 2123 1601 2193 τίθημι
1628 2127 1685 2177 ἐν
1715 2125 1855 2179 Σιὼν

276 2205 424 2258 λίθον
476 2207 926 2277 προσκόμματος,
976 2211 1070 2263 καὶ
1119 2211 1323 2282 πέτραν
1382 2214 1712 2268 σκανδάλου·
1763 2218 1856 2270 καὶ

279 2300 387 2361 πᾶς
438 2300 466 2351 6
501 2299 774 2353 πιστεύων
817 2302 905 2353 ἐπ’
939 2301 1109 2372 αὐτῷ,
1145 2303 1205 2355 ού
1237 2306 1785 2377 καταισχυνθήσεται.
1828 2327 1846 2360 ι

279 2390 502 2459 Συμεὼν
547 2392 575 2444 6
597 2391 825 2459 δίκαιος,
856 2392 947 2445 ὅτε
980 2394 1040 2446 τὸ
1072 2393 1214 2447 θεῖον
1242 2398 1321 2459 εἰς
1346 2396 1595 2465 ἀγκάλας
1639 2398 1857 2464 ἐδέξατο

281 2483 498 2553 βρέφος,
531 2482 632 2553 ἔφη
688 2484 827 2554 πρὸς
878 2485 972 2538 τὸν
1021 2486 1192 2539 Θεόνο
1248 2507 1265 2539 ι
1296 2488 1411 2541 Νῦν
1458 2489 1715 2553 ἀπολύεις
1764 2491 1855 2544 τὸν

277 2576 462 2627 δοῦλόν
500 2594 615 2639 σου,
647 2578 913 2640 Δέσποτα,
947 2579 1088 2632 κατά
1117 2580 1178 2632 τὸ
1201 2580 1357 2652 ῥῆμά
1384 2600 1502 2648 σου,
1537 2585 1595 2636 ὲν
1639 2585 1852 2657 εἰρήνῃ.

282 2667 403 2719 ’Ὁτι
432 2663 569 2719 εἶδον
597 2670 645 2719 οἰ
670 2667 939 2738 ὀφθαλμοί
958 2686 1059 2740 μου
1082 2673 1140 2723 τὸ
1165 2675 1429 2743 σωτήριόν
1457 2692 1571 2740 σου,
1592 2676 1857 2748 ὃήτοίμα-

282 2776 379 2820 σας
430 2758 569 2811 κατά
624 2759 912 2831 πρόσωπον
960 2764 1179 2815 πάντων
1226 2763 1332 2815 τῶν
1380 2764 1545 2829 λαῶν,
1579 2786 1597 2818 ι
1655 2768 1747 2821 καὶ
1788 2769 1855 2822 τά

280 2851 425 2919 ἑξῆς.
457 2852 757 2921 Προσετίθη
788 2852 845 2904 δὲ
872 2852 1084 2917 τούτοις
1107 2871 1121 2886 ο
1173 2874 1190 2905 ‹
1215 2855 1345 2907 Ἰδοὺ
1377 2850 1532 2920 οὗτος
1559 2861 1734 2911 κεῖται
1776 2861 1856 2919 εἰς

281 2950 487 3001 πτῶσιν
532 2949 625 3002 καὶ
676 2950 973 3004 ἀνάστασιν
1006 2950 1218 3004 πολλῶν
1257 2955 1315 3005 ἐν
1360 2953 1440 3023 τῷ
1482 2955 1715 3026 Ἰσραὴλ,
1762 2955 1855 3007 καὶ

280 3040 360 3101 εἰς
390 3042 611 3109 σημεῖον
638 3040 1073 3110 ἀντιλεγόμενον.
1100 3061 1118 3093 ι
1139 3043 1196 3095 Ὀ
1231 3042 1391 3105 αὐτὸς
1416 3044 1503 3113 ἄρ’
1527 3046 1675 3096 ἐστὶν
1704 3048 1733 3098 6
1760 3046 1854 3097 τοῦ

281 3132 707 3202 προσκόμματος
753 3133 921 3201 λίθος,
979 3136 1072 3188 καὶ
1103 3137 1135 3204 ή
1171 3136 1348 3205 πέτρα
1395 3136 1489 3188 τοῦ
1526 3137 1847 3190 σκανδάλου.

280 3223 389 3274 Καὶ
438 3224 857 3291 περιπταίοντες
915 3225 1013 3297 μὲν
1064 3224 1213 3294 αὐτῷ
1263 3225 1351 3278 διά
1402 3228 1502 3296 τῆς
1546 3227 1847 3292 ἀπειθείας,

282 3314 673 3384 συνετρίϐησάν
715 3332 862 3379 τινες
885 3334 897 3346 ·
931 3318 1189 3386 διέφυγον
1216 3317 1273 3370 δὲ
1302 3318 1362 3371 τὸ
1390 3319 1855 3391 καταισχυνθῆναι

278 3405 325 3456 οἱ
357 3405 455 3472 τὴν
484 3405 619 3475 πρὸς
648 3406 809 3459 αὐτὸν
845 3407 1026 3460 πίστιν
1055 3406 1622 3482 προσηκάμενοιΪΑρ⁹
1653 3406 1747 3464 οὖν
1780 3412 1855 3472 ὡς

280 3496 358 3557 είς
390 3495 673 3564 ἄνθρωπον
716 3498 1159 3568 πεπιστεύκαμεν
1190 3500 1221 3568 ἢ
1259 3500 1333 3561 ὠς
1360 3500 1438 3561 είς
1463 3499 1629 3561 Θεόνς
1662 3501 1751 3563 Ὠς
1777 3502 1855 3563 εἰς

279 3585 411 3637 (θεὸν
440 3586 703 3655 δηλονότι.
749 3587 881 3649 Θεὸς
910 3584 1001 3639 οὖν
1030 3588 1138 3658 ἀρα
1162 3590 1397 3662 Χριστός
1418 3606 1431 3618 ο
1461 3590 1548 3641 ἐπ’
1570 3589 1719 3660 αύτῷ
1747 3590 1854 3661 γάρ

279 3674 309 3727 ὁ
344 3673 550 3738 δίκαιος
588 3675 813 3745 Συμεὼν
851 3676 949 3739 τὰς
987 3678 1190 3747 ἀρτίως
1248 3680 1378 3748 ἡμῖν
1418 3681 1713 3751 εἰρημένας
1752 3679 1853 3751 ἔφη

280 3768 484 3835 φωνάς.

353 3944 489 4014 Περὶ
517 3944 629 3997 τῶν
662 3945 931 3998 Ἰουδαίων
966 3946 1129 4017 φησίν
1148 3963 1162 3976 ·
1210 3966 1227 3997 ι
1253 3949 1599 4017 Ἀγνοοῦντες
1621 3950 1729 4023 γὰρ
1756 3952 1856 4022 τὴν

281 4034 376 4088 τοῦ
428 4036 562 4088 Θεοῦ
613 4036 843 4106 δύναμιν
887 4039 979 4092 καί
1026 4039 1392 4111 δικαιοσύνην,
1432 4042 1524 4094 καὶ
1572 4042 1670 4113 τὴν
1720 4043 1856 4096 ίδίαν

280 4126 572 4199 ζητοῦντες
603 4130 819 4200 στῆσαι,
851 4134 916 4203 τῇ
954 4131 1272 4205 δικαιοσύνῃ
1314 4133 1409 4185 τοῦ
1444 4134 1580 4186 Θεοῦ
1611 4135 1709 4206 οὐχ
1750 4135 1856 4186 ὑπ-

280 4222 573 4292 ετάγησαν.
606 4222 770 4287 Τέλος
796 4223 905 4293 γάρ
934 4224 1100 4293 νόμου
1124 4225 1378 4295 Χριστὸς,
1404 4228 1482 4289 είς
1512 4226 1857 4297 δικαιοσύνην

281 4315 444 4367 παντὶ
476 4314 554 4385 τῷ
584 4315 913 4369 πιστεύοντι.
945 4335 963 4368 ι
998 4317 1061 4369 Et
1096 4316 1249 4379 τέλος
1280 4318 1446 4386 νόμου
1484 4319 1737 4389 Χριστὸς,
1764 4320 1857 4373 καὶ

281 4412 441 4476 αὑτός
466 4414 613 4465 ἐστιν
645 4414 677 4483 ἡ
705 4412 1041 4482 δικαιοσύνη,
1068 4413 1295 4466 δικαιῶν
1336 4413 1426 4466 διὰ
1475 4414 1710 4476 πίστεως
1758 4414 1856 4483 τῆς

1956 1934 2264 2002 Scripturas
2295 1934 2337 1967 “
2381 1951 2446 1989 ex
2492 1936 2697 1990 semine
2738 1936 2907 1992 David
2968 1939 3261 1993 secundum
3308 1954 3524 1995 carnem

1955 2026 2129 2081 factus
2158 2028 2279 2081 est?

2032 2136 2051 2168 ι
2087 2118 2236 2173 Sicut
2263 2120 2525 2187 scriptum
2553 2126 2637 2173 est
2665 2135 2678 2171 :
2710 2119 2882 2184 Ecce,
2915 2120 3107 2189 inquit,
3142 2137 3282 2190 pono
3311 2122 3363 2178 in
3396 2123 3524 2177 Sion

1957 2210 2185 2279 lapidem
2214 2211 2551 2274 offensionis,
2579 2222 2632 2265 et
2666 2222 2878 2281 petram
2929 2213 3166 2268 scandali
3195 2231 3207 2271 :
3255 2224 3311 2269 et
3346 2218 3525 2271 omnis

1956 2302 2045 2369 qui
2076 2302 2247 2356 credit
2278 2302 2330 2355 in
2362 2318 2506 2365 eum,
2546 2319 2651 2356 non
2684 2303 3043 2358 confundetur
3064 2304 3130 2357 δ’.
3168 2324 3189 2356 ι
3222 2302 3409 2361 Justus
3439 2306 3526 2362 Si-

1956 2408 2112 2445 meon
2138 2408 2257 2447 cum
2292 2393 2531 2446 divinuttt
2566 2394 2712 2447 illum
2743 2409 2967 2462 puerum
2996 2397 3137 2450 inter
3162 2396 3318 2451 ulnas
3346 2411 3526 2452 Susce-

1957 2487 2141 2550 pisset,
2167 2485 2237 2537 ita
2270 2484 2432 2538 Deutn
2482 2483 2674 2539 allatus
2716 2495 2835 2540 est:
2881 2503 2901 2537 ι
2948 2485 3100 2541 Nunc
3144 2489 3373 2544 dimittis
3407 2506 3525 2545 ser-

1961 2591 2078 2626 vum
2120 2586 2287 2639 tuum,
2345 2577 2589 2639 Domine,
2634 2578 2927 2630 secundum
2978 2579 3202 2632 verbum
3259 2588 3409 2634 tuum
3472 2584 3525 2634 in

1958 2684 2109 2735 pare,
2181 2671 2303 2737 quia
2358 2670 2610 2724 viderunt
2659 2670 2801 2725 oculi
2863 2672 2968 2723 mei
3033 2671 3273 2727 salutare
3329 2684 3525 2729 tuum:

1956 2763 2098 2827 quod
2129 2761 2330 2828 parasti
2368 2770 2494 2815 ante
2544 2761 2738 2817 faciem
2773 2762 3013 2819 omnium
3047 2764 3363 2834 p0pulorum
3392 2766 3461 2830 ”,
3503 2786 3523 2820 ι

1956 2862 2010 2903 et
2057 2868 2175 2918 qua:
2227 2862 2545 2920 sequuntur.
2597 2853 2883 2923 Suhjungit
2928 2855 3163 2910 deinde:
3212 2875 3229 2907 ι
3262 2857 3405 2912 Ecce
3440 2858 3531 2913 hic

1958 2944 2165 3008 pusitus
2192 2954 2276 2997 est
2308 2945 2360 2997 in
2396 2946 2606 2999 ruinam
2640 2956 2696 2999 et
2743 2946 3193 3002 resurrectionem
3240 2948 3528 3003 multorum

1960 3037 2010 3086 in
2048 3035 2234 3100 Israel,
2260 3045 2313 3090 et
2342 3038 2391 3090 in
2424 3038 2638 3108 signum
2674 3039 2760 3094 cui
2794 3042 3198 3096 contradicetur
3219 3042 3284 3094 “.
3327 3061 3345 3094 ι
3384 3042 3528 3097 Idem

1960 3143 2087 3193 ergo
2115 3139 2197 3181 est
2223 3129 2359 3197 lapis
2397 3130 2733 3195 offensionis,
2768 3140 2822 3185 et
2849 3143 2998 3201 petra
3030 3133 3292 3189 scaudali.
3322 3134 3385 3188 Et
3411 3137 3531 3204 qui.

1961 3224 2079 3273 dem
2115 3222 2355 3275 nonnulli
2384 3234 2605 3292 pr0pter
2637 3224 3004 3279 infidelitatem
3044 3226 3097 3278 in
3145 3226 3318 3294 ipsum
3358 3228 3529 3296 impe-

1960 3325 2173 3380 gerunt,
2198 3323 2249 3366 et
2278 3315 2495 3368 contriti
2532 3325 2691 3379 sunt;
2733 3315 2923 3382 reliqui
2968 3330 3115 3382 vero,
3148 3317 3235 3385 qui
3272 3318 3526 3373 nimirum

1960 3406 2117 3457 fidem
2155 3404 2205 3457 in
2241 3404 2389 3458 illum
2424 3406 2689 3474 complexi
2738 3418 2881 3471 sunt,
2927 3405 3301 3463 confusionem
3339 3426 3528 3471 evasev

1960 3512 2105 3551 runt.
2135 3498 2385 3568 Nunquid
2412 3515 2543 3568 ergo
2578 3499 2629 3551 in
2676 3498 2824 3552 illum
2864 3508 3119 3568 tanquam
3161 3502 3213 3555 in
3257 3503 3527 3561 hominem

1958 3590 2251 3653 credimus,
2284 3607 2348 3643 an
2384 3607 2510 3645 vero
2538 3600 2790 3660 tanquam
2818 3590 2870 3644 in
2917 3591 3126 3645 Deum?
3174 3593 3371 3663 Utique
3411 3604 3533 3649 tan-

1957 3700 2118 3753 quam
2150 3685 2203 3738 in
2242 3685 2432 3737 Deum.
2467 3683 2607 3739 Deus
2645 3685 2827 3753 itaque
2870 3695 2952 3740 est
2992 3686 3276 3742 Christus:
3314 3694 3379 3743 de
3415 3690 3531 3759 ipso

1958 3779 2101 3832 enim
2129 3778 2307 3847 justus
2334 3777 2553 3831 Simeon
2588 3778 2850 3833 adductas
2879 3779 3039 3848 paulo
3081 3790 3208 3834 ante
3246 3795 3406 3835 voces
3434 3782 3529 3837 dce

1959 3871 2261 3940 promebat.

2033 3961 2108 4015 De
2167 3960 2365 4015 Judaeis
2412 3960 2581 4015 dicit:
2637 3980 2655 4011 ι
2718 3960 3032 4028 ignorantes
3077 3961 3221 4015 enim
3266 3963 3529 4032 justitiam

1958 4051 2079 4115 Dei,
2111 4063 2165 4105 et
2195 4066 2345 4105 suam
2378 4061 2616 4103 Statuere
2668 4062 2995 4119 qua-rentes,
3033 4052 3259 4121 justitia:
3288 4051 3382 4106 Dei
3423 4068 3531 4107 non

1959 4154 2084 4198 sunt
2110 4142 2359 4213 subjecti.
2393 4140 2543 4195 Finis
2574 4141 2716 4195 enim
2759 4142 2889 4210 legis
2934 4142 3215 4207 Christus,
3256 4144 3321 4195 ad
3368 4142 3533 4211 justi-

1962 4238 2088 4289 tiam
2122 4235 2267 4289 omtti
2296 4233 2539 4288 credenti
2567 4232 2632 4285 “.
2674 4252 2693 4285 ι
2727 4233 2782 4286 Si
2809 4232 3059 4287 Christus
3096 4233 3218 4286 ﬁnis
3259 4235 3393 4303 legis
3425 4243 3531 4298 est,

1961 4331 2210 4397 idemque
2265 4338 2348 4381 cst
2390 4327 2620 4397 justitia,
2664 4327 2755 4394 qui
2802 4324 3069 4393 justificat
3120 4342 3214 4394 per
3269 4327 3425 4380 fidem
3480 4327 3531 4380 in

1962 4422 2158 4491 ipsum,
2184 4421 2629 4491 jnstiticandique
2653 4417 2880 4472 facultas
2907 4420 2957 4472 in
2999 4417 3172 4472 solum
3210 4417 3373 4472 Deum
3400 4432 3533 4471 con-

282 4509 359 4569 είς
392 4506 550 4559 αὐτόν
572 4522 584 4535 ·
625 4506 771 4576 μόνῳ
796 4506 853 4559 δὲ
885 4507 960 4569 ὡς
994 4508 1122 4560 ἴδιον
1146 4507 1493 4563 ἀνακείσεται
1527 4506 1587 4560 τὸ
1611 4506 1854 4561 δικαιοῦν

1964 4513 2145 4566 veniat
2201 4521 2451 4579 tanquam
2509 4508 2763 4577 quiddam
2810 4507 2910 4575 ipsi
2956 4507 3246 4576 peculiare,
3295 4520 3530 4575 quonam

279 4597 535 4651 δύνασθαι
572 4598 647 4669 τῷ
686 4597 838 4667 Θεῷο
882 4598 998 4661 πῶς
1035 4601 1097 4651 ού
1135 4599 1267 4661 Θεὸς
1306 4600 1335 4652 6
1371 4600 1640 4671 Χριστ6ς;

359 4694 463 4747 (Ἡ
514 4692 569 4745 δὲ
615 4694 681 4745 ὲκ
728 4692 966 4754 πίστεως
1011 4691 1323 4762 δικαιοσύνη
1368 4691 1510 4745 οὕτω
1552 4691 1730 4760 λέγει’
1765 4689 1857 4760 Μὴ

280 4786 439 4855 εἴπῃς
471 4786 527 4837 ὲν
554 4788 621 4855 τῇ
654 4785 851 4856 καρδία
879 4802 972 4837 σου
994 4803 1006 4814 ’
1045 4784 1139 4847 Τίς
1168 4786 1502 4855 ἀναϐήσεται
1543 4786 1622 4847 εἰς
1651 4784 1739 4836 τὸν
1769 4785 1859 4836 ού-

285 4879 479 4948 ρανόν;
508 4879 754 4931 τουτέστι
802 4877 1038 4946 Χριστὸν
1070 4880 1403 4945 καταγαγεῖν
1431 4894 1443 4907 ·
1476 4878 1531 4948 ἢ,
1566 4877 1662 4941 Τίς
1689 4892 1857 4929 κατα-

282 4971 508 5040 ϐήσεται
560 4970 639 5033 εἰς
688 4972 785 5040 τὴν
832 4970 1105 5033 ἀδυσσονς
1143 4971 1388 5022 τουτέστι
1416 4967 1651 5040 Χριστὸν
1678 4969 1743 5021 ἐκ
1770 4984 1856 5019 νε-

280 5063 430 5133 κρῶν
486 5066 802 5131 ἀναγαγεῖν.
836 5064 998 5117 Ἀλλά
1056 5065 1109 5116 τί
1164 5064 1345 5132 λέγεις
1404 5063 1601 5132 Ἐγγύς
1651 5081 1745 5116 σου
1795 5062 1856 5116 τὸ

283 5156 431 5224 ῥῆμά
460 5156 607 5208 ἐστιν
633 5156 691 5208 ὲν
717 5156 793 5225 τῷ
826 5156 1051 5227 στόματί
1084 5172 1175 5208 σου
1205 5159 1299 5210 καὶ
1324 5159 1380 5209 ἐν
1411 5159 1476 5226 τῇ
1506 5155 1703 5227 καρδίᾳ
1734 5172 1852 5209 σου.

282 5246 539 5298 Τουτέστι
568 5246 628 5299 τὸ
662 5246 811 5317 ρἧα
847 5247 945 5317 τῆς
981 5248 1237 5311 πίστεως,
1272 5246 1301 5298 ὃ
1342 5247 1711 5317 κηρύσσομεν.
1736 5247 1855 5300 Ὅτι

278 5337 375 5389 ὲάν
403 5338 745 5411 ὁμολογήσῃς
776 5342 833 5391 ἐν
873 5339 951 5408 τῷ
991 5339 1223 5407 στόματί
1255 5356 1347 5391 σου
1382 5339 1588 5408 Κύριον
1626 5338 1853 5409 Ἰησοῦν,

281 5428 375 5480 καὶ
421 5429 718 5500 πιστεύσῃς
766 5432 821 5481 ἐν
849 5433 913 5499 τῇ
948 5430 1145 5501 καρδίᾳ
1190 5447 1283 5481 σου
1317 5431 1399 5482 ὅτι
1451 5430 1479 5481 6
1522 5429 1654 5492 Θεὸς
1696 5430 1858 5481 αὑτὸν

280 5519 502 5589 ἤγειρεν
549 5522 611 5572 ὲκ
658 5522 765 5572 τῶν
801 5522 1028 5589 νεκρῶν,
1064 5520 1304 5593 σωθήσῃ.
1343 5521 1551 5592 Καρδίᾳ
1602 5522 1700 5591 μὲν
1748 5520 1857 5588 γάρ

283 5610 595 5663 πιστεύεται
634 5614 711 5675 εἰς
750 5611 1114 5681 δικαιοσύνην,
1154 5614 1381 5683 στόματι
1424 5614 1479 5666 δὲ
1515 5614 1857 5683 ὁμολογεῖται

354 5786 398 5817 ⁸⁸
424 5788 579 5842 Rom.
606 5802 658 5851 ν,
696 5788 744 5853 Ι,
774 5788 827 5842 2.
907 5788 947 5818 "
976 5788 1128 5840 ltum.
1163 5806 1198 5851 ι,
1236 5789 1288 5841 3.
1368 5790 1407 5821 δ’
1436 5791 1587 5845 Rom.
1623 5804 1697 5845 ιι.
1726 5789 1815 5846 55.

562 5880 835 5942 ΡΑτιιοι.
882 5883 995 5942 Gn.
1040 5883 1188 5943 LXX
1201 5882 1268 5943 \‘I
1282 5928 1293 5940 .

1893 5790 1938 5822 ⁸³
1962 5789 2093 5845 Luc.
2129 5805 2186 5853 ιι,
2216 5789 2409 5847 29-52.

1965 4604 2128 4659 modo
2164 4602 2412 4658 Christus
2438 4617 2543 4655 non
2577 4610 2661 4655 est
2693 4600 2870 4653 Deus?

2041 4716 2057 4746 ι
2095 4696 2224 4761 Quae
2268 4703 2446 4747 autem
2498 4709 2560 4746 ex
2607 4692 2709 4745 fide
2754 4699 2836 4743 cst
2873 4690 3104 4759 jnstitia,
3136 4690 3214 4743 sic
3244 4690 3417 4744 dicit:
3456 4691 3535 4748 Ne

1968 4791 2170 4845 dixeris
2196 4790 2246 4839 in
2277 4789 2439 4841 corde
2471 4796 2563 4839 tuo
2592 4804 2605 4838 :
2644 4784 2774 4851 Quis
2805 4784 3064 4835 ascendet
3114 4784 3163 4835 in
3206 4784 3448 4839 caelum?
3482 4786 3535 4841 id

1963 4890 2047 4937 est
2071 4880 2341 4935 Christum
2371 4880 2637 4933 deducere
2663 4896 2676 4931 :
2704 4886 2819 4938 aut,
2838 4875 2970 4940 Quis
2988 4874 3347 4930 descendetin
3377 4880 3537 4948 ahys-

1963 4971 2125 5026 sunt?
2172 4973 2271 5023 hoc
2314 4979 2398 5022 est
2435 4967 2712 5021 Christum
2751 4981 2779 5017 a
2828 4965 3057 5018 mortuis
3105 4980 3381 5022 revocare.
3430 4966 3537 5023 Sed

1964 5066 2089 5135 quid
2122 5064 2252 5117 dicit
2282 5059 2601 5129 Scriptura?
2631 5058 2803 5127 Prope
2836 5065 2919 5112 est
2953 5058 3176 5111 verbum
3207 5060 3258 5113 in
3292 5074 3387 5114 ore
3421 5071 3533 5123 tuo,

1967 5168 2022 5211 et
2058 5160 2109 5209 in
2142 5156 2305 5209 corde
2339 5164 2446 5206 tuo.
2486 5150 2599 5205 Hoc
2623 5159 2710 5205 est
2737 5150 2959 5205 verbum
2999 5150 3121 5204 fidei
3157 5152 3300 5217 quod
3344 5154 3537 5221 praedi.

1966 5263 2192 5302 camus:
2227 5242 2359 5311 Quia
2390 5245 2432 5297 si
2466 5242 2780 5296 confitearis
2804 5242 2856 5295 in
2892 5257 2987 5294 ore
3019 5250 3110 5295 tuo
3131 5239 3415 5297 Dominum
3443 5243 3535 5298 ιε.

1967 5353 2108 5397 sum.
2137 5345 2193 5390 et
2223 5337 2275 5388 in
2308 5335 2470 5388 corde
2503 5344 2591 5387 tuo
2622 5332 2925 5387 credideris
2958 5335 3098 5401 quod
3128 5332 3269 5386 Deus
3304 5336 3535 5389 suscita-

1965 5430 2042 5483 vit
2082 5428 2229 5480 illum
2265 5425 2424 5497 119
2456 5440 2484 5478 a
2518 5426 2766 5488 mortuis,
2800 5425 2984 5479 salvus
3028 5425 3157 5479 eris.
3187 5423 3363 5480 Corde
3391 5427 3533 5480 enim

1964 5522 2204 5576 creditur
2241 5520 2307 5573 ad
2351 5518 2642 5587 justitiam,
2690 5533 2785 5572 ore
2818 5529 2997 5571 autem
3050 5516 3108 5570 fit
3155 5515 3423 5573 confessio
3466 5521 3531 5571 ad

1967 5612 2217 5667 salutem.
2260 5610 2403 5666 Dicit
2438 5611 2581 5667 enim
2623 5610 2906 5679 Scriptura
2944 5627 2955 5662 :
3005 5606 3193 5662 Omnis
3232 5608 3323 5676 qui
3366 5609 3538 5669 credit

2488 5789 2533 5820 “
2560 5788 2687 5843 ibid.
2722 5786 2809 5841 54.
2888 5786 2929 5817 ⁵⁸
2961 5786 3117 5840 Rom.
3148 5803 3202 5851 ι,
3232 5786 3300 5841 5,

3103 5876 3175 5942 42
