4000 6326
608 316 743 378 13ὶό

1594 311 1651 382 S.
1687 312 1962 368 CYIlILLI
2004 309 2473 366 ALEXANDRINI
2512 308 2830 364 ARCHIEP.

3696 316 3798 369 139$

606 438 658 491 in
693 436 863 495 illum,
897 446 1002 486 non
1039 428 1399 484 confundetur
1426 431 1489 482 ³⁸.
1533 448 1551 481 ι
1598 430 1654 485 Si
1692 431 1895 486 Christi
1939 447 2168 500 persona

2282 434 2351 494 εἰς
2388 432 2677 501 σωτηρίαν.
2702 431 2859 499 Λέγει
2894 431 3000 503 γὰρ
3028 434 3059 502 ὴ
3091 432 3277 503 Γραφή
3299 451 3310 464 ·
3347 453 3367 485 ι
3394 435 3553 498 Πᾶςὸ
3582 444 3797 490 πιστεύων

607 526 872 579 universae
895 522 1018 575 lidei
1054 532 1249 574 nostra:
1279 522 1559 583 terminus,
1590 532 1642 575 et
1674 522 2035 577 confessionis
2063 524 2175 576 vir-

608 630 691 672 tus
721 616 1032 685 praeligitur,
1088 623 1425 681 mortemque
1462 614 1602 667 illius
1634 625 1689 669 et
1722 617 2174 670 resurrectionem

608 707 948 769 conﬁtentes,
980 704 1146 759 veluti
1178 703 1231 756 in
1263 704 1430 757 Deum
1454 704 1761 770 credentes,
1783 706 2171 774 justiﬁeamur:

608 803 730 868 quis
756 800 938 855 dicere
972 798 1193 861 audeat,
1219 795 1392 865 ipsum
1448 796 1668 851 deitatis
1706 809 1979 853 exsortem
2017 798 2178 852 esse?

607 893 875 960 siquidem
926 899 1011 944 est
1061 903 1272 943 summa
1325 899 1381 944 et
1426 901 1588 959 caput
1639 890 1836 945 salutis
1894 890 2175 955 omnium,

606 985 912 1052 ostiumque
941 990 995 1036 et
1039 980 1148 1045 via,
1197 981 1321 1036 ﬁdei
1375 982 1430 1036 in
1482 982 1655 1051 ipsum
1722 982 2017 1037 confessio.
2075 981 2179 1038 Per

610 1079 780 1143 ipsum
809 1087 1038 1143 namque
1062 1081 1116 1129 et
1149 1073 1202 1128 in
1236 1073 1350 1142 ipso
1374 1073 1487 1143 ipse
1512 1088 1726 1143 quoque
1753 1072 1918 1129 Pater
1958 1089 1989 1129 a
2025 1074 2180 1130 nobis

605 1167 971 1237 cognoscitur.

680 1384 701 1418 ι
741 1364 800 1420 Bi
831 1374 1011 1418 autem
1047 1362 1139 1430 qui
1170 1369 1362 1431 potens
1392 1368 1476 1415 est
1519 1360 1849 1417 conﬁrmare
1890 1374 1987 1413 vos
2026 1359 2180 1429 juxta

612 1456 958 1525 Evangelium
989 1470 1187 1516 meum,
1210 1461 1266 1507 et
1303 1454 1741 1518 praedicationem
1787 1451 1910 1508 Jesu
1953 1451 2180 1516 Christi,

612 1549 904 1605 secundum
942 1545 1329 1601 revelationem
1371 1544 1614 1614 mysterii
1654 1544 1987 1613 temporibus
2021 1554 2182 1597 aeter-

610 1643 695 1696 nis
723 1642 870 1695 taciti
904 1639 1068 1711 (quod
1103 1652 1245 1691 nunc
1281 1636 1609 1706 patefactum
1637 1646 1720 1689 est
1748 1651 1844 1705 per
1882 1635 2183 1703 scripturas

610 1733 1019 1803 prophetarum,
1052 1729 1350 1785 secundum
1381 1736 1710 1798 praeceptum
1750 1726 1937 1780 aeterni
1961 1726 2074 1789 Dei,
2112 1724 2178 1779 ad

611 1823 975 1879 oheditionem
1007 1820 1175 1891 ﬁdei),
1208 1823 1261 1874 iu
1291 1820 1501 1875 cunctis
1539 1818 1791 1888 gentibus
1822 1817 2050 1887 cogniti,
2079 1816 2179 1871 soli

610 1915 839 1985 sapienti
875 1915 1016 1981 Deo,
1062 1928 1158 1983 per
1196 1911 1385 1967 Jesum
1421 1911 1740 1974 Christum;
1789 1910 1875 1964 cui
1919 1910 2092 1964 honor
2129 1917 2184 1964 ct

612 2010 782 2078 gloria
820 2009 875 2061 in
903 2006 1099 2061 saecula
1130 2004 1470 2060 saeculorum.
1508 2005 1680 2058 Amen
1709 2003 1797 2059 “‘.
1828 2021 1846 2053 ι
1880 2002 1958 2056 En
1987 2002 2076 2056 hic
2103 2000 2184 2055 di-

611 2110 755 2154 serte
787 2097 1019 2153 allirmat
1041 2094 1416 2164 Evangelium,
1461 2094 1810 2164 ejusdemque
1843 2093 2185 2162 praedicatio-

612 2209 735 2247 nem
761 2194 829 2245 ad
870 2191 1041 2260 ipsum
1080 2189 1357 2244 Christum
1409 2188 1774 2258 pertinuisse:
1838 2199 1950 2242 tum
2001 2187 2187 2242 occul-

614 2293 725 2336 tum
762 2280 889 2334 illud
919 2284 985 2335 de
1028 2280 1146 2351 ipso
1193 2280 1384 2334 eodem
1420 2279 1737 2349 mysterium
1780 2278 1997 2334 intentis
2050 2288 2186 2333 tem-

613 2370 833 2439 poribus
869 2370 1116 2432 tacitum,
1149 2384 1292 2423 nunc
1323 2369 1538 2423 demum
1569 2368 1634 2422 ad
1658 2367 1781 2423 ﬁdei
1814 2369 2183 2424 obeditionem

614 2465 666 2517 iu
717 2463 968 2517 omnibus
1009 2461 1263 2531 gentibus
1334 2461 1660 2530 patefactum
1721 2462 1999 2531 pr:edicat.
2050 2462 2184 2516 Nam

612 2567 797 2624 gentes
827 2554 1082 2634 falsorum
1131 2553 1355 2608 deorum
1387 2553 1537 2608 cultu
1589 2553 1849 2620 liberatis,
1892 2570 2186 2625 veramque

613 2646 727 2701 veri
777 2645 1150 2713 naturalisque
1197 2644 1290 2699 Dei
1339 2644 1587 2699 notitiam
1618 2645 1860 2713 adeptae,
1913 2645 1978 2698 ad
2026 2644 2187 2699 Chri—

611 2754 754 2792 stum
780 2746 905 2793 sunt
928 2750 1227 2791 conversae.
1257 2734 1410 2803 Quod
1444 2736 1490 2791 si
1540 2751 1635 2805 per
1681 2734 1865 2791 Jesum
1910 2737 2184 2792 Christum

616 2832 754 2887 Deus
793 2830 967 2899 palam
1013 2837 1097 2883 est
1145 2828 1385 2898 agnitus,
1417 2829 1691 2897 quomodo
1735 2828 1938 2882 Christi
1989 2837 2186 2899 myste-

617 2924 752 2975 rium
789 2935 893 2975 non
922 2930 1007 2975 est
1036 2935 1287 2991 magnum
1311 2920 1334 2972 ?
1360 2919 1515 2985 Quod
1550 2921 1593 2974 si
1626 2920 1671 2974 is
1702 2921 1882 2975 animo
1910 2921 2185 2990 concipia—

614 3024 701 3066 tur
745 3022 798 3066 ut
838 3013 1002 3066 homo
1045 3013 1313 3082 quispiam
1349 3012 1491 3067 nulla
1523 3026 1587 3081 ex
1625 3022 1777 3081 parte
1820 3012 1988 3067 nostri
2024 3012 2185 3067 dissi-

613 3103 775 3168 milis,
813 3112 866 3156 et
900 3117 1004 3156 non
1041 3113 1100 3158 ut
1140 3101 1283 3156 Deus
1327 3103 1490 3157 homo
1536 3102 1753 3170 factus;
1793 3102 1936 3158 haud
1977 3118 2186 3173 magna:
2212 3130 2257 3186 ο

614 3209 743 3248 εηιιε
776 3193 1059 3263 sapientia:
1091 3200 1497 3247 sacramentum
1530 3192 1660 3247 illud
1688 3191 1872 3247 fuerit.

686 3323 708 3357 ι
741 3305 869 3360 Dico
916 3305 1061 3360 enim
1112 3304 1389 3360 Christum
1435 3302 1617 3359 Jcsum
1666 3304 1971 3362 ministrum
2020 3307 2189 3363 fuisse

613 3395 1045 3452 circumcisionis
1090 3404 1313 3464 Propter
1352 3395 1638 3449 veritatem
1695 3395 1814 3460 Dei,
1872 3398 1939 3451 ad
1986 3398 2189 3451 conﬁr-

615 3490 841 3543 mandas
866 3488 1253 3558 promissiones
1288 3498 1501 3556 patrum
1531 3504 1544 3541 :
1582 3497 1772 3557 gentes
1815 3497 1993 3544 autem
2024 3505 2190 3558 super

617 3582 991 3637 misericordia
1030 3581 1298 3634 honorare
1324 3578 1514 3634 Deum.
1554 3578 1826 3649 Scriptum
1870 3590 1956 3635 est
1998 3580 2140 3634 enim
2172 3622 2187 3635 .

611 3672 855 3728 Credidit
880 3673 1151 3728 Abraham
1185 3670 1318 3735 Deo,
1350 3679 1404 3725 et
1437 3680 1744 3740 reputatum
1770 3679 1852 3725 est
1877 3670 1953 3725 illi
1999 3672 2066 3724 ad
2103 3669 2191 3739 ju-

618 3769 819 3824 stitiam
847 3769 915 3823 ⁸⁷.
948 3787 967 3821 ι
998 3767 1208 3822 Dictum
1234 3776 1319 3821 est
1353 3781 1567 3820 rursum
1614 3767 1680 3819 ad
1717 3765 1906 3819 illum:
1956 3786 1973 3817 ι
2032 3764 2089 3819 In
2140 3776 2191 3821 te

621 3860 1010 3913 benedicentur
1035 3871 1224 3911 omnes
1252 3855 1424 3910 tribus
1456 3865 1614 3909 terra:
1632 3854 1678 3885 ⁵⁸
1704 3870 1720 3919 ;
1750 3873 1768 3905 ι
1806 3854 1855 3907 id
1879 3855 2018 3923 quod
2051 3854 2191 3909 Pau-

618 3954 700 4006 lus
744 3950 846 4005 hac
877 3951 1033 4004 nobis
1079 3949 1344 4004 sententia
1396 3948 1660 4015 exponit:
1702 3965 1721 3998 ι
1761 3946 1875 4000 Non
1918 3947 2062 4000 enim
2096 3962 2193 4016 per

616 4042 810 4111 legem,
843 4041 941 4104 ait,
974 4040 1259 4110 promissio
1295 4037 1548 4100 Abrahae,
1590 4046 1649 4088 ut
1687 4036 1800 4106 ipse
1847 4036 2021 4091 haares
2047 4046 2193 4091 esset

615 4130 824 4198 mundi,
869 4131 961 4185 sed
1014 4145 1111 4201 per
1155 4128 1417 4196 justitiam
1474 4127 1595 4182 ﬁdei
1620 4128 1707 4192 l";
1752 4147 1772 4180 ι
1827 4137 1881 4181 et
1931 4144 2189 4183 rursum:

623 4240 641 4272 ι
677 4220 843 4292 Igitur
871 4221 962 4290 qui
1002 4235 1067 4274 ex
1113 4220 1215 4273 ﬁde
1246 4229 1391 4283 sunt,
1437 4218 1598 4287 120
1644 4218 2032 4292 benedicentur
2069 4233 2192 4272 cum

619 4316 764 4369 tideli
790 4315 1063 4369 Abraham
1090 4313 1156 4367 '°.
1190 4332 1209 4364 ι
1255 4312 1314 4367 Si
1356 4312 1448 4366 Dei
1485 4326 1615 4381 ergo
1662 4282 2051 4380 proibissiones
2098 4324 2195 4380 per

619 4408 777 4462 ﬁdem
822 4407 1070 4477 patribus
1103 4407 1458 4468 obvenerunt,
1485 4402 1736 4459 Christus
1775 4417 1905 4457 vero
1950 4404 2196 4457 minister

2280 525 2359 587 εἰς
2397 524 2578 587 αὑτὸν,
2607 525 2668 577 οὗ
2696 525 3240 595 καταισχυνθήσεται.
3273 544 3291 577 ι
3325 527 3406 578 Ἐἰ
3456 526 3667 596 σύμπας
3702 530 3799 598 ἡμῖν

2277 615 2306 666 ὁ
2322 614 2420 684 τῆς
2450 614 2683 678 πίστεως
2705 615 2970 685 ὅροςηκαὶ
2998 615 3097 684 τῆς
3117 616 3410 685 ὁμολογίας
3435 617 3470 686 ή
3496 615 3720 687 δύναμις,
3742 622 3799 681 εἰς

2282 705 2344 758 τὸ
2382 706 2475 760 τοῦ
2524 706 2762 776 Χριστοῦ
2806 707 3155 777 περιίσταται
3183 706 3499 778 πρόσωπον,
3528 707 3618 759 καὶ
3648 707 3797 777 ὁμολο-

2278 795 2501 865 γοῦντες
2524 797 2690 851 αὑτοῦ
2717 799 2808 851 τὸν
2834 798 3061 852 θάνατον
3091 796 3187 851 καὶ
3206 798 3305 869 τὴν
3332 798 3646 863 ἀνάστασιν,
3666 798 3728 861 ὡς
3744 802 3799 860 εἰς

2278 890 2413 944 Θεὸν
2456 892 2881 955 πεπιστευκότες
2926 890 3303 962 δικαιούμεθα·
3329 889 3418 954 τίς
3457 892 3486 943 ὁ
3520 890 3671 959 φάναι
3702 890 3801 942 Θεὸν

2278 981 2379 1034 οὐκ
2428 975 2567 1036 εἶναι
2608 981 2822 1051 τολμῶν
2858 980 3042 1047 αὐτὸν,
3084 981 3242 1052 εῐπερ
3272 982 3390 1033 ἐστὶ
3425 980 3700 1050 κεφάλαιον
3728 980 3799 1048 τῆς

2281 1075 2537 1129 ἁπάντων
2562 1075 2856 1145 σωτηρίας,
2880 1072 3019 1144 θύρα
3060 1090 3119 1126 τε
3156 1073 3251 1127 καὶ
3281 1074 3423 1138 ὁδὸς,
3451 1073 3548 1142 τῆς
3580 1073 3652 1135 εἰς
3680 1071 3800 1123 αὐτὸν

2281 1166 2518 1230 πίστεως
2542 1168 2575 1237 ὴ
2612 1165 2902 1237 όμολογία;
2930 1166 3007 1219 Δι’
3036 1165 3200 1219 αὐτοῦ
3230 1166 3338 1237 γὰρ
3373 1165 3471 1219 καὶ
3498 1165 3557 1219 ὲν
3582 1164 3713 1235 αύτῷ
3733 1166 3800 1217 καὶ

2281 1258 2445 1321 αὐτὸς
2472 1260 2501 1311 ό
2533 1257 2725 1329 Πατὴρ
2751 1257 3170 1327 ἐπιγινώσκεται
3205 1257 3344 1329 πρὸς
3371 1257 3552 1329 ημῶν.

2356 1389 2374 1422 ι
2405 1370 2496 1441 Τῷ
2535 1370 2593 1424 δὲ
2623 1369 2910 1442 δυναμένῳ
2939 1370 3084 1441 ὑμᾶς
3126 1370 3379 1441 στηρίξαι
3406 1369 3546 1425 κατὰ
3590 1370 3644 1422 τὸ
3667 1369 3797 1437 Εὐαγ-

2283 1462 2462 1531 γέλιόν
2505 1480 2607 1533 μου
2641 1463 2737 1516 καὶ
2784 1461 2841 1516 τὸ
2882 1463 3145 1534 κήρυγμα
3182 1463 3360 1534 Ἰησοῦ
3408 1461 3653 1534 Χριστοῦ,
3696 1462 3798 1513 κατὰ

2282 1555 2623 1625 ἀποκάλυψιν
2652 1554 2949 1626 μυστηρίου
2977 1554 3185 1625 χρόνοις
3210 1554 3455 1618 αἰωνίοις
3476 1552 3793 1622 σεσιγημένου.

2282 1648 2420 1700 Φανε
2430 1646 2693 1718 ρωθέντος
2712 1645 2769 1698 δὲ
2788 1644 2882 1700 νῦν
2905 1647 2994 1700 διά
3020 1663 3079 1699 τε
3100 1645 3328 1717 γραφῶν
3348 1644 3685 1717 προφητικῶν
3702 1642 3798 1696 κατ’

2284 1738 2550 1810 ἐπιταγὴν
2577 1738 2670 1792 τοῦ
2704 1738 2925 1790 αἰωνίου
2964 1736 3120 1802 Θεοῦ,
3151 1739 3232 1801 εἰς
3262 1737 3559 1806 ὑπακοὴνιη
3593 1736 3794 1797 πίστεως,

2284 1837 2363 1898 εἰς
2394 1834 2573 1887 πάντα
2616 1833 2686 1887 τὰ
2728 1833 2855 1905 ἔθνη
2897 1831 3313 1904 γνωρισθέντος.
3339 1832 3504 1902 Μόνῳ
3536 1830 3666 1901 σοφῷ
3692 1830 3795 1898 Θεῷ,

2282 1923 2369 1976 διὰ
2403 1922 2576 1995 Ἰησοῦ
2606 1921 2865 1993 Χριστοῦ,
2890 1914 2935 1990 ᾧ
2963 1924 2997 1993 η
3026 1920 3151 1987 δόξα
3176 1922 3272 1975 καὶ
3295 1921 3361 1975 τὸ
3390 1921 3585 1993 κράτος
3607 1922 3676 1984 είς
3705 1920 3796 1981 τοὺς

2283 2016 2486 2079 αἰῶνας
2510 2013 2619 2068 τῶν
2640 2013 2870 2069 αἰώνων.
2888 2014 3081 2085 Ἀμήν.
3112 2033 3131 2064 ι
3152 2014 3281 2067 Ἰδοὺ
3306 2013 3373 2084 δὴ
3395 2012 3576 2083 σαφῶς
3596 2012 3648 2065 τὸ
3667 2013 3798 2078 Etim;-

2283 2106 2462 2177 γέλιον
2500 2107 2594 2160 καὶ
2624 2107 2685 2159 τὸ
2712 2108 2976 2178 κήρυγμα
3016 2104 3190 2178 Ἰησοῦ
3218 2103 3458 2176 Χριστοῦ
3490 2122 3639 2175 φησιν
3662 2099 3791 2156 εἶναι’

2285 2200 2380 2253 καὶ
2403 2198 2709 2270 κεκρύφθαι
2741 2199 2841 2270 μὲν
2869 2198 2930 2251 τὸ
2955 2198 3042 2251 ἐπ’
3069 2196 3220 2268 αύτῷ
3248 2198 3568 2268 μυστήριον,
3591 2196 3671 2248 καὶ
3693 2211 3795 2247 σεσι-

2284 2293 2485 2364 γῆσθαι
2517 2291 2740 2362 χρόνοις.
2766 2291 3027 2354 αἰωνίοις,
3065 2288 3519 2360 ἀποκαλυφθῆναι
3552 2288 3604 2341 δὲ
3628 2287 3707 2341 νῦν
3738 2288 3792 2347 εἰς

2286 2383 2532 2454 ὑπακοὴν
2561 2384 2798 2446 πίστεως
2823 2383 2905 2446 εἰς
2942 2382 3119 2449 πάντα
3162 2383 3230 2435 τὰ
3257 2381 3412 2451 ἔθνη.
3449 2379 3695 2450 Ἐστράφη
3719 2379 3794 2445 γὰρ

2285 2476 2363 2538 εἰς
2389 2472 2626 2547 Χριστὸν
2647 2472 2718 2527 τὰ
2740 2472 2867 2544 ἔθνη
2894 2472 2997 2543 τῆς
3018 2471 3373 2542 ψευδωνύμου
3401 2471 3636 2541 λατρείας
3649 2468 3792 2540 ἐξῃρη-

2288 2567 2449 2636 μένα,
2481 2564 2575 2617 καὶ
2609 2564 2684 2627 ὡς
2713 2563 2848 2617 Θεὸν
2874 2562 3037 2617 αὐτὸν
3066 2562 3424 2631 ὲπεγνωκότα
3451 2561 3538 2614 τὸν
3566 2560 3699 2630 φύσει
3728 2559 3793 2610 καὶ

2286 2656 2523 2727 ἀληθῶς.
2547 2655 2659 2710 Καὶ
2702 2656 2750 2708 εἰ
2791 2654 2980 2723 σαφῶς
3007 2653 3096 2706 διὰ
3132 2652 3308 2725 Ἰησοῦ
3340 2653 3568 2724 Χριστοῦ
3606 2647 3790 2719 ἐγνώσθη

2286 2748 2442 2813 Θεὸς,
2487 2747 2606 2812 πῶς
2650 2748 2710 2801 ού
2750 2747 2895 2817 μέγα
2927 2746 2989 2799 τὸ
3024 2744 3261 2815 Χριστοῦ
3316 2746 3634 2815 μυστήριονς
3675 2742 3723 2793 Εἰ
3753 2740 3791 2791 δὲ

2287 2841 2489 2893 νοεῖται
2546 2838 2669 2893 καθ’
2708 2839 2856 2909 ἡμᾶς
2906 2837 3199 2908 ἄνθρωπος
3254 2836 3465 2901 ἁπλῶς,
3513 2833 3598 2889 καί
3625 2831 3719 2902 ούχί
3751 2829 3789 2881 δὲ

2290 2926 2491 2997 μᾶλλον
2521 2926 2656 2990 Θεὸς
2679 2926 3140 2998 ἐνηνθρωπηκὼς,
3170 2925 3359 2979 οὐκέτι
3389 2925 3546 2996 σοφὸν
3567 2924 3618 2977 τὸ
3636 2920 3788 2993 μυστή-

2292 3036 2427 3089 ριον.

2366 3332 2385 3365 ι
2416 3314 2573 3382 Λέγω
2606 3314 2715 3386 γὰρ
2743 3314 2980 3386 Χρισετὸν
3003 3313 3250 3368 διάκονον
3294 3309 3609 3383 γεγενῆσθαι
3630 3323 3785 3379 περιτο-

2292 3406 2400 3477 μῆς
2431 3407 2572 3477 ὑπὲρ
2606 3407 2862 3477 ἀληθείας
2894 3406 3052 3471 Θεοῦ,
3086 3407 3166 3469 εἰς
3213 3405 3276 3459 τὸ
3328 3404 3606 3477 βεϐαιῶσαι
3630 3402 3705 3464 τὰς
3726 3400 3786 3451 ἐπε

2289 3499 2550 3569 αγγελίας
2604 3499 2713 3552 τῶν
2763 3499 3045 3570 πατέρων’
3098 3498 3168 3552 τὰ
3216 3498 3273 3552 δὲ
3320 3499 3449 3568 ἔθνη
3496 3498 3618 3567 ὑπὲρ
3661 3494 3784 3549 ἐλέους

2288 3591 2510 3655 δοξάσαι
2537 3591 2629 3644 τὸν
2656 3592 2811 3646 Θεόν.
2848 3591 3162 3661 Γέγραπται
3196 3590 3332 3661 γὰρ,
3362 3592 3445 3645 ὃτι
3485 3609 3503 3641 ι
3548 3587 3784 3643 Ἐπίστευσε

2289 3683 2345 3736 δὲ
2379 3682 2632 3753 Ἀϐραὰμ
2662 3682 2739 3753 τῷ
2768 3682 2911 3753 Θεῷ,
2937 3682 3031 3736 καὶ
3069 3682 3327 3755 ἐλογίσθη
3368 3682 3511 3752 αὑτῷ
3548 3682 3620 3743 εἰς
3638 3678 3783 3730 δικαιο-

2293 3774 2476 3846 σύνην.
2514 3794 2532 3825 ι
2568 3776 2798 3846 Εἴρηται
2842 3775 2899 3828 δὲ
2947 3776 3087 3846 πρὸς
3116 3775 3296 3840 αὐτὸν,
3330 3777 3413 3830 ὅτι
3446 3796 3464 3828 ι
3486 3768 3784 3840 Ἐνευλογηθή·

2294 3884 2472 3922 σονται
2504 3869 2562 3922 ἐν
2594 3868 2678 3921 σοὶ
2712 3870 2885 3922 πᾶσαι
2918 3870 2975 3922 αἰ
3023 3869 3187 3939 φυλαὶ
3232 3869 3335 3939 τῆς
3381 3870 3498 3941 γῆς.
3531 3889 3547 3919 ι
3572 3868 3627 3920 Ὃ
3650 3865 3699 3935 δὴ
3725 3861 3779 3914 κατ

2294 3959 2463 4027 σαφὲς
2502 3961 2634 4031 ἡμῖν
2682 3961 2857 4014 ἐποίει
2906 3960 3080 4031 λέγων
3125 3964 3154 4015 ὁ
3204 3961 3451 4025 Παῦλος’
3484 3979 3502 4013 ι
3532 3960 3598 4014 Οὐ
3626 3956 3710 4026 γὰρ
3729 3953 3784 4006 δά

2292 4052 2457 4121 νόμον
2485 4054 2517 4118 ἦ
2554 4051 2858 4121 ἐπαγγελία
2898 4052 2976 4123 τῷ
3009 4052 3278 4124 Ἀϐραὰμ,
3311 4056 3393 4117 είς
3435 4052 3493 4105 τὸ
3531 4046 3785 4119 κληρονόμον

2293 4144 2455 4198 αὐτὸν
2487 4139 2627 4198 εἶναι
2662 4145 2893 4216 κόσμου,
2923 4145 3059 4200 ἀλλὰ
3102 4145 3192 4199 διὰ
3239 4144 3577 4215 δικαιοσύνης
3623 4139 3696 4194 καί
3727 4135 3786 4187 πῖ-

2296 4246 2485 4293 στεως.
2516 4248 2536 4281 ι
2576 4231 2687 4284 Καὶ⁸
2739 4232 2939 4287 πάλιν·
2991 4234 3186 4287 «Ὥστε
3231 4236 3279 4287 οἰ
3324 4236 3389 4289 ἐκ
3433 4235 3646 4293 πίστεως
3684 4224 3787 4279 εὐλο-

2292 4318 2515 4388 γοῦνται
2551 4321 2650 4374 σὺν
2677 4322 2757 4393 τῷ
2792 4323 2971 4395 πιστῷ
3004 4324 3276 4397 Ἀϐραάμ.
3307 4345 3329 4378 ι
3365 4323 3560 4379 Οὐκοῦν
3582 4323 3623 4374 εἰ
3657 4322 3706 4372 ὲκ
3727 4315 3787 4366 πί-

2298 4427 2467 4475 στεως
2513 4413 2568 4466 αἰ
2615 4413 2943 4483 ἐπαγγελίαι
2990 4414 3222 4470 δίδονται
3260 4420 3376 4481 τοῖς
3421 4415 3637 4485 πατράσι
3684 4406 3787 4477 σεσρά

617 4503 795 4553 factus
833 4506 936 4565 est,
973 4498 1074 4552 hoc
1099 4508 1182 4552 est
1207 4497 1493 4560 mediator,
1534 4496 1599 4549 ad
1633 4495 1931 4551 lirmandas
1956 4494 2187 4565 promis-

2295 4501 2453 4568 Θεοῦ,
2493 4503 2683 4572 γέγονε
2738 4482 2916 4559 τοίνυν
2957 4507 3202 4573 διάκονος
3243 4510 3273 4562 ό
3324 4482 3565 4579 Χριστὸς,
3604 4500 3788 4558 τουτέστι

619 4594 798 4647 siones
823 4590 1070 4659 patribus
1095 4606 1124 4645 a
1152 4590 1262 4645 Deo
1289 4589 1480 4654 factas,
1504 4604 1695 4659 nempe
1718 4588 2189 4658 justiﬁeationem,

617 4697 738 4751 qua:
762 4698 857 4753 per
888 4684 1047 4738 ﬁdem
1078 4683 1354 4737 obtinetur
1385 4682 1587 4751 (factus
1622 4690 1708 4736 est
1740 4692 1917 4736 autem
1941 4681 2192 4737 Christus

618 4775 886 4839 minister,
915 4775 1019 4830 hoc
1049 4784 1135 4830 est
1156 4777 1445 4841 mediator,
1471 4790 1578 4829 non
1609 4783 1667 4828 ut
1692 4774 1849 4829 alteri
1881 4774 2039 4829 ﬁdem
2063 4790 2193 4829 con-

620 4865 851 4932 ciliaret,
888 4867 982 4920 sed
1005 4876 1064 4920 ut
1095 4866 1197 4920 sibi
1233 4865 1334 4936 ipsi
1362 4877 1418 4920 et
1456 4865 1605 4921 Patri
1643 4880 1740 4936 per
1766 4865 2068 4935 seipsum):
2105 4866 2190 4921 cui

619 4958 839 5012 dubium
870 4974 990 5013 esse
1015 4968 1211 5029 potest,
1240 4959 1370 5029 quin
1412 4974 1572 5014 verus
1617 4959 1913 5013 secundum
1941 4970 2190 5012 naturam

621 5048 764 5105 Deus
795 5052 1057 5106 exsistat?
1089 5050 1220 5105 Nam
1254 5060 1312 5105 ut
1339 5053 1527 5106 beatus
1550 5050 1821 5104 Abraham
1861 5048 2191 5120 iustiﬁcatus

620 5153 706 5197 est
733 5143 787 5198 in
824 5144 990 5198 Deum
1020 5147 1270 5211 credens,
1329 5144 1402 5199 ita
1447 5154 1635 5214 gentes
1679 5157 1894 5213 quoque
1928 5142 2192 5214 iustiﬁca-

690 5345 738 5378 “
760 5345 917 5401 Rom.
946 5360 1002 5410 ι,
1032 5344 1185 5400 6-H.

623 5418 668 5448 ‘”
692 5416 866 5472 Galat.
897 5431 979 5481 ιιι,
1011 5417 1069 5471 9.

1273 5344 1341 5376 “‘
1368 5343 1527 5411 Rom,
1576 5358 1689 5411 xw,
1723 5341 1915 5397 25-27.

2301 4593 2546 4663 μεσίτης,
2581 4596 2662 4659 εἰς
2704 4594 2766 4649 τὸ
2808 4595 3102 4667 βεϐαιῶσαι
3142 4599 3241 4664 τὰς
3266 4598 3581 4670 ἐπαγγελίας
3611 4593 3691 4657 τὰς
3714 4590 3789 4647 τοῖς

2299 4685 2542 4755 πατράσι
2566 4686 2815 4753 δοθείσας
2844 4690 2996 4760 παρὰ
3022 4688 3180 4757 Θεοῦ,
3211 4693 3455 4747 τουτέστι
3501 4690 3588 4762 τὴν
3623 4685 3695 4739 διὰ
3728 4679 3790 4731 πέ-

2301 4796 2474 4842 στεως
2511 4779 2812 4836 δικαίωσιν.
2850 4782 3046 4852 Γέγονε
3084 4784 3263 4839 τοίνυν
3291 4783 3528 4845 διάκονος
3550 4781 3576 4833 ό
3597 4772 3788 4846 Χριστδςι

2299 4870 2548 4924 τουτέστι
2578 4871 2830 4943 μεσίτης,
2866 4873 2965 4944 οὐχ
2987 4874 3064 4938 ὡς
3090 4874 3261 4947 ἑτέρῳ
3282 4876 3382 4947 τὴν
3410 4873 3578 4927 πίστιν
3601 4877 3791 4937 πραγμα-

2299 4961 2614 5029 τευόμενος,
2640 4962 2757 5017 ἀλλ’
2782 4963 2859 5028 ὡς
2892 4964 3071 5036 ἑαυτῷ
3099 4966 3301 5037 μᾶλλον
3334 4966 3427 5019 καὶ
3468 4962 3530 5016 δι’
3556 4954 3715 5013 ἑαυτοῦ
3737 4947 3789 5016 τῷ

2301 5052 2496 5123 Πατρί.
2543 5052 2675 5117 Θεὸς
2704 5055 2814 5126 ἄρα
2844 5055 2988 5109 κατὰ
3025 5056 3187 5127 φύσιν
3207 5057 3345 5115 ἐστί.
3383 5052 3693 5110 Δεδικαίωται
3716 5041 3791 5111 γὰρ

2299 5144 2326 5194 ὁ
2366 5145 2636 5217 μακάριος
2671 5146 2925 5219 Ἀϐραὰμ
2974 5149 3353 5215 πεπιστευκὼς
3388 5150 3465 5212 εἰς
3508 5143 3649 5199 Θεόν·
3690 5134 3791 5188 οὕτω

2026 5342 2069 5374 ⁸⁷
2097 5342 2255 5399 Romo
2287 5359 2373 5410 κν»
2406 5344 2463 5410 8,
2505 5346 2573 5410 9;
2617 5360 2689 5412 IV.
2721 5346 2775 5401 5.
2856 5347 3059 5406 M'Gen.
3105 5367 3202 5419 xu,
3245 5353 3300 5409 5.
3392 5347 3597 5405 "Rom.
3642 5331 3788 5405 H.15-

1725 5571 1897 5628 Varia:
1925 5569 2186 5627 lectiones
2209 5573 2413 5627 codicis
2445 5571 2803 5643 Seguieriani.

703 5762 743 5784 ⁸
777 5755 1073 5825 ὑποταγὴν.
