4000 6326
260 335 279 388 1
304 333 393 386 ιεέἓὶ

1339 327 1424 382 DE
1466 329 1687 385 liECTA
1730 329 1885 385 FIDE
1922 330 2013 385 AD
2051 329 2366 387 REGINAS.

3355 338 3376 391 i
3388 338 3491 393 326

253 446 307 498 δὲ
336 445 431 498 καὶ
472 443 539 499 τὰ
566 444 691 515 ἔθνη
729 443 1066 499 δικαιωθεῖεν
1096 444 1163 498 ἂν
1194 445 1251 497 ἐν
1282 444 1449 514 αὐτῷ,
1477 448 1589 509 τοῖς
1624 448 1821 517 ἴχνεσιν

1936 449 2128 500 buntur
2158 448 2213 502 in
2242 448 2381 518 ipso,
2411 449 2455 503 si
2485 450 2728 521 vestigiis
2761 450 2905 508 illius
2938 450 3158 517 innixae,
3194 451 3247 507 in
3286 452 3452 508 Deum

255 538 418 592 αὑτοῦ
464 537 1032 607 κατακολουθήσαντα,
1066 537 1162 589 καὶ
1216 538 1273 589 ἐν
1316 537 1434 608 Θεῷ
1480 538 1821 601 πιστεύοντα,

252 630 498 683 τουτέστι
532 629 774 700 Χριστῷ.

485 741 581 794 Ἐκ
617 740 730 810 τῆς
768 742 918 810 πρὸς
955 742 1305 811 Κορινθίους
1342 742 1604 811 πρώτης.

328 873 346 904 ι
374 854 485 907 Καὶ
535 853 709 909 ταῦτά
760 872 903 920 τινες
950 850 1049 926 ἦτε
1073 871 1088 885 ο
1143 854 1260 909 ἀλλ’
1288 854 1679 920 ἀπελούσασθε,
1713 854 1825 907 ἀλλ’

251 946 572 1016 ἡγιάσθητε,
603 947 719 1000 ἀλλ’
750 948 1107 1021 ἐδικαιώθητε
1149 950 1206 1002 ἐν
1234 948 1311 1020 τῷ
1339 948 1561 1020 ὀνόματι
1593 948 1686 1003 τοῦ
1720 949 1827 1002 Κυ-

255 1037 369 1107 ρίου
404 1038 578 1109 Ἰησοῦ
608 1039 867 1111 Χριστοῦ,
901 1040 995 1093 ml.
1040 1041 1098 1092 ἐν
1127 1038 1205 1109 τῷ
1235 1038 1511 1110 Πνεύματι
1555 1038 1649 1092 τοῦ
1691 1037 1825 1091 Θεοῦ

252 1129 428 1199 ἡμῶν.
463 1149 480 1180 ι
524 1131 588 1183 Εἰ
613 1131 671 1183 ἐν
698 1129 775 1201 τῷ
803 1130 1028 1202 ὀνόματι
1058 1131 1153 1184 τοῦ
1181 1130 1418 1201 Χριστοῦ
1445 1129 1825 1201 δικαιούμεθα,

251 1222 326 1285 ὡς
350 1222 480 1276 Θεὸν
510 1226 576 1294 τῇ
608 1224 785 1278 πίστει
818 1225 1169 1295 τιμήσαντες,
1199 1225 1292 1276 καὶ
1318 1223 1380 1275 τὸ
1410 1223 1575 1278 αὐτοῦ
1600 1221 1825 1293 Πνεῦμα

251 1315 549 1385 δεχόμενοι,
584 1316 701 1380 πῶς
730 1317 790 1370 οὐ
820 1317 953 1381 Θεὸς
980 1318 1010 1369 6
1037 1317 1305 1388 Χριστός;

578 1450 675 1503 Ἐκ
713 1449 824 1520 τῆς
858 1453 1007 1520 πρὸς
1043 1453 1391 1519 Κορινθίους
1423 1452 1506 1514 β’.

327 1602 345 1634 ι
375 1582 438 1635 Εἰ
465 1588 564 1653 μεν
590 1582 699 1654 γάρ
717 1586 745 1637 6
772 1585 1066 1655 ἐρχόμενος
1084 1583 1270 1654 ἓτερον
1301 1582 1507 1655 Ἰησοῦν
1537 1582 1822 1655 κηρύσσει,

250 1673 311 1727 ὃν
351 1674 451 1727 οὐκ
500 1674 881 1745 ἐκηρύξαμεν,
932 1677 965 1746 ἢ
1019 1676 1237 1748 πνεῦμα
1280 1677 1466 1746 ἕτερον
1499 1676 1825 1747 λαμϐάνετε,

254 1763 384 1834 παρ’
410 1763 438 1815 6
473 1762 692 1818 ἐλάϐετε
716 1779 732 1794 ο
767 1766 799 1836 ἢ
830 1766 1167 1835 Εὑαγγέλιον
1195 1767 1403 1839 ἕτερον,
1434 1768 1563 1838 παρ’
1590 1768 1618 1821 ὃ
1642 1767 1825 1834 ἐδέξα-

254 1857 366 1910 σθε·
396 1856 577 1920 καλῶς
624 1856 926 1928 ἀνείχεσθε.
962 1877 980 1911 ι
1033 1859 1145 1931 Πρὸ
1183 1859 1293 1912 τῶν
1331 1860 1434 1930 τῆς
1476 1860 1824 1933 ἐνανθρωπή-

256 1964 394 2011 σεως
416 1947 625 2020 καιρῶν
652 1948 827 2013 οὐδεὶς
854 1949 1128 2018 ὀνομάσας
1155 1950 1470 2023 εὑρίσκεται
1487 1950 1580 2007 τὸν
1601 1954 1664 2006 ἐκ
1687 1952 1822 2006 Θεοῦ

255 2036 447 2105 Λόγον,
465 2037 670 2109 Ἰησοῦν
690 2040 723 2111 ἢ
743 2041 977 2111 Χριστόν
999 2058 1015 2072 “
1038 2043 1088 2096 εἰ
1107 2042 1183 2114 μὴ
1210 2042 1319 2114 ἀρα
1347 2043 1489 2098 κατά
1517 2044 1825 2117 πρόγνωσιν

255 2128 756 2203 ὀνομασθησόμενον
783 2132 941 2187 τοῦτο
971 2134 1114 2189 κατά
1139 2140 1382 2208 καιροὺς,
1409 2138 1497 2191 ὅτε
1518 2138 1614 2192 καὶ
1631 2139 1824 2206 γέγονε

260 2215 631 2288 σάρξ.’ονομα
664 2220 842 2276 τοίνυν
879 2223 1063 2276 καινὸν
1095 2223 1244 2294 αὐτῷ
1273 2225 1352 2290 τὸ,
1370 2225 1597 2297 Ἰησοῦς,
1617 2227 1708 2281 ὅτε
1736 2228 1829 2296 γέ-

258 2325 413 2375 γονεν
462 2311 767 2382 ἄνθρωπος.
786 2314 925 2368 Ἀλλ’
957 2318 1006 2369 εί
1055 2316 1156 2386 μὲν
1186 2317 1262 2382 ὡς
1300 2318 1432 2383 Θεὸς
1468 2319 1824 2391 κηρύσσεται,

260 2402 353 2454 καὶ
379 2397 460 2465 εἷς
487 2401 561 2455 ὢν
592 2402 673 2475 (οὐ
710 2405 816 2478 γὰρ
846 2406 1031 2478 ἕτερός
1060 2426 1143 2474 τις
1170 2412 1299 2481 παρ’
1329 2411 1512 2474 αὐτὸν.
1544 2411 1602 2466 ὃν
1633 2412 1826 2468 δύναν-

258 2511 348 2548 ται
378 2496 613 2566 κηρύξαι
650 2498 836 2568 τινὲς).
860 2495 920 2554 εὖ
946 2501 1011 2554 ἂν
1043 2501 1177 2572 ἔχοι,
1204 2504 1300 2558 καὶ
1326 2502 1447 2575 Θεῷ
1472 2504 1823 2577 λατρεύομεν.

264 2586 325 2637 Εἰ
360 2586 416 2638 δὲ
448 2588 647 2658 μέτρον
675 2589 821 2659 αὐτῷ
845 2592 905 2645 τὸ
927 2592 1024 2662 τῆς
1052 2593 1472 2666 ἀνθρωπότητός
1495 2596 1611 2650 ἐστι
1645 2597 1825 2666 μόνον,

262 2676 356 2729 καὶ
400 2676 529 2749 ψιλῇ
576 2680 881 2748 προσώπων
927 2683 1118 2738 ἐνώσει
1169 2686 1489 2758 τετίμηται·
1532 2688 1831 2742 κεκένωται

261 2766 359 2835 τῆς
386 2768 619 2833 πίστεως
639 2772 671 2841 ἡ
679 2771 795 2841 μῶν
818 2775 846 2827 6
871 2773 1324 2847 λόγος,ἀνθρώπφ
1346 2777 1636 2849 προσάγων
1657 2778 1829 2848 ἡμᾶς’

264 2855 355 2908 καὶ
379 2856 440 2909 οὐ
468 2857 607 2929 Θεῷ.
627 2861 784 2916 Ἀλλά
805 2862 961 2918 τοῦτο
991 2865 1268 2931 δυσσεϐές.
1296 2867 1426 2933 Θεὸς
1447 2868 1556 2939 ἀρα
1576 2866 1809 2939 Χριστὸς
1817 2906 1832 2932 9

267 2947 359 3000 καὶ
388 2949 537 3014 Υἱὸς.
570 2953 647 3017 ὡς
673 2956 766 3009 τοῦ
793 2956 928 3011 Θεοῦ
964 2959 1140 3028 Λόγου
1175 2961 1377 3031 σαρκὸς
1407 2961 1714 3030 γεγονότος.

1929 538 2031 593 hoc
2062 547 2146 593 est
2177 540 2230 594 in
2259 539 2537 596 Christum
2559 542 2911 598 crediderim.

2338 738 2421 793 Ea:
2451 743 2617 809 priori
2656 744 2726 795 ad
2760 741 3083 797 Corinthios.

2002 861 2021 895 ι
2050 842 2115 897 Ει
2166 843 2281 899 haec
2325 846 2541 916 quidam
2599 846 2823 903 fuistis:
2856 849 2950 904 sed
2997 848 3164 905 abluti
3210 852 3367 919 estis,
3400 856 3492 910 sed

1926 936 2516 1005 sanctiﬁcatijestis,sed
2526 938 2807 1007 justitieati
2824 943 2958 997 estis
2973 943 3027 997 in
3050 943 3266 999 nomine
3286 946 3494 1002 Domini

1928 1028 2095 1083 nostri
2123 1026 2247 1083 Jesu
2278 1027 2502 1098 Christi,
2536 1039 2591 1085 et
2616 1032 2667 1086 in
2685 1031 2887 1102 Spiritu
2913 1034 3005 1089 Dei
3034 1038 3200 1090 nostrl
3229 1034 3330 1089 ³⁸.»
3360 1037 3493 1091 Cum

1927 1119 1980 1173 in
2006 1121 2223 1174 nomine
2242 1119 2445 1177 Christi
2467 1122 2841 1191 iustiﬁcemur,
2865 1138 3095 1194 eumque
3120 1125 3224 1180 [ide
3246 1136 3304 1180 ut
3327 1125 3493 1181 Deum

1926 1224 2268 1280 veneremur,
2298 1214 2650 1282 ejusdemque
2684 1215 2888 1286 Spiritu
2923 1217 3336 1287 locupletemur,
3367 1235 3496 1289 quo-

1928 1305 2085 1359 modo
2120 1319 2223 1361 non
2256 1306 2361 1360 erit
2397 1304 2540 1361 Deus
2562 1305 2857 1363 Christus?

2285 1440 2369 1494 Ea:
2394 1443 2675 1511 posteriori
2702 1444 2772 1497 ad
2811 1442 3133 1501 Corinthios.

2003 1589 2022 1621 ι
2062 1570 2194 1626 Nam
2224 1572 2267 1627 si
2300 1572 2344 1628 is
2397 1572 2489 1643 qui
2536 1573 2704 1639 venit,
2754 1574 2918 1630 alium
2974 1576 3160 1633 Jesum
3212 1582 3488 1650 praedicat,

1925 1677 2084 1732 quem
2110 1678 2215 1719 non
2245 1664 2693 1735 praedicavimus,
2726 1676 2819 1721 aut
2861 1667 3027 1724 alium
3060 1670 3305 1739 spiritum
3344 1677 3491 1730 acci—

1927 1754 2073 1824 pitis,
2108 1770 2266 1824 quem
2301 1772 2405 1811 non
2436 1757 2763 1827 accepistis:
2796 1769 2893 1813 aut
2932 1760 3076 1815 aliud
3120 1762 3488 1835 Evangelium,

1927 1849 2069 1918 quod
2120 1863 2227 1903 non
2277 1848 2557 1919 recepistis
2589 1867 2605 1904 :
2635 1861 2780 1907 recte
2832 1855 3238 1922 pateremini".
3286 1876 3305 1910 ι
3353 1860 3495 1914 Ante

1931 1939 2021 1993 Dei
2056 1937 2288 1996 Verbum
2323 1940 2659 1998 incarnatum
2690 1943 2868 1999 nullus
2910 1956 3217 2014 compertus
3247 1961 3362 2015 est,
3401 1953 3495 2021 qui

1929 2041 2023 2086 aut
2075 2031 2281 2097 Jesum,
2331 2042 2425 2088 aut
2478 2032 2757 2090 Christum
2809 2034 2939 2090 illttd
2996 2040 3338 2107 nominaret;
3391 2043 3494 2097 nisi

1930 2122 2198 2193 quispiam
2238 2123 2417 2180 forsan
2451 2125 2752 2181 futurorum
2775 2128 3029 2196 praescius
3071 2130 3219 2195 olim,
3246 2148 3372 2186 cum
3411 2136 3465 2188 ni

1935 2215 2128 2270 mirum
2158 2230 2286 2272 caro
2317 2217 2516 2272 factum
2553 2226 2717 2283 esset,
2758 2219 2860 2273 hoc
2906 2221 3123 2276 nomine
3169 2224 3490 2293 appellatum

1934 2308 1999 2363 iri
2035 2310 2360 2377 praedixerit.
2391 2308 2598 2365 Nomen
2643 2310 2745 2365 hoc
2782 2310 2967 2381 itaque
2994 2310 3154 2369 Jesus
3174 2352 3189 2377 ,
3219 2315 3379 2369 simul
3409 2329 3493 2369 at-

1934 2415 2039 2469 que
2065 2401 2260 2457 factum
2289 2410 2372 2456 est
2397 2402 2581 2469 homo,
2606 2417 2799 2458 novum
2833 2404 3141 2474 impositum
3171 2415 3254 2461 est
3286 2406 3382 2461 illi.
3427 2411 3499 2461 At.

1937 2507 2064 2548 vero
2100 2493 2144 2549 si
2176 2502 2234 2548 ut
2261 2492 2404 2550 Deus
2433 2494 2549 2549 orbi
2573 2496 2939 2561 annuntiatur,
2970 2505 3026 2552 et
3053 2512 3192 2553 unus
3224 2498 3495 2555 nihilomi-

1936 2600 2038 2638 nus
2061 2594 2148 2639 est
2177 2584 2376 2656 (neque
2404 2585 2546 2640 enim
2581 2596 2667 2641 est
2687 2586 2823 2642 alius
2851 2597 3045 2657 praeter
3067 2589 3238 2655 illum,
3279 2592 3367 2660 qui
3403 2608 3500 2645 an-

1934 2676 2169 2731 nuntiari
2208 2675 2420 2748 possit),
2456 2677 2592 2733 bene
2614 2692 2703 2734 res
2739 2677 2919 2734 habet.
2972 2680 3082 2736 Deo
3106 2682 3248 2737 enim
3292 2686 3498 2741 servire

1933 2769 2257 2825 invenimur.
2284 2769 2437 2837 Quod
2473 2770 2517 2825 si
2547 2784 2676 2826 vero
2701 2769 2829 2825 solae
2855 2771 3107 2827 humanas
3136 2784 3343 2829 natura:
3371 2789 3503 2831 con-

1936 2863 2167 2918 ditiones
2206 2864 2257 2917 in
2288 2863 2436 2917 illum
2459 2862 2809 2929 conveniunt,
2843 2879 2940 2919 nec
2966 2864 3125 2919 aliatn
3155 2866 3225 2919 oh
3254 2881 3500 2933 causam,

1936 2971 2098 3025 quam
2134 2966 2354 3025 propter
2391 2956 2588 3010 nudam
2614 2955 2761 3010 illam
2806 2955 3212 3028 simplicemque
3247 2972 3504 3029 persona-

269 3055 384 3095 rum
425 3047 736 3104 societatem
781 3053 976 3108 colitur
1014 3069 1028 3104 :
1076 3054 1253 3111 inanis
1295 3057 1536 3125 proiecto
1572 3065 1657 3112 est
1711 3055 1832 3110 ﬁdei
1873 3067 2074 3108 nostra:
2118 3052 2278 3119 ratio,
2343 3062 2398 3105 ut
2445 3065 2564 3121 quae
2600 3065 2705 3105 non
2736 3051 2847 3107 Deo
2882 3066 2978 3107 nos
3050 3052 3373 3122 coniungat,
3410 3056 3503 3109 sed

272 3141 494 3197 homini.
529 3144 690 3215 Atqui
731 3146 843 3203 haec
867 3149 1106 3205 doctrina
1147 3164 1231 3206 es;
1295 3150 1454 3220 plane
1501 3151 1682 3222 impia.
1728 3150 1870 3207 Deus
1940 3150 2124 3219 itaque
2162 3145 2433 3242 Christus.
2473 3156 2529 3200 et
2572 3145 2772 3212 Filius;
2817 3162 2937 3202 cum
2982 3144 3217 3204 Verbum
3261 3149 3332 3204 sit
3379 3166 3506 3205 caro

272 3235 492 3290 factum.

672 3350 773 3406 Ἐκ
809 3352 917 3423 τῆς
953 3354 1103 3424 πρὸς
1140 3357 1437 3424 Γαλάτας.

349 3482 367 3515 ι
397 3462 693 3533 Θαυμάζω,
740 3465 823 3519 ὅτι
869 3466 1012 3521 οὕτω
1057 3469 1268 3539 ταχέως
1328 3470 1683 3541 μετατίθεσθε
1732 3470 1841 3524 ἀπὸ

270 3554 364 3609 τοῦ
404 3555 731 3619 καλέσαντος
760 3558 904 3629 ὑμᾶς
943 3563 1001 3614 ἐν
1042 3561 1223 3632 χάριτι
1257 3562 1513 3635 Χριστοῦ,
1545 3564 1626 3627 είς
1654 3563 1839 3634 ἓτερον

271 3648 634 3717 Εὐαγγέλιον·
677 3650 707 3703 ὃ
734 3650 835 3704 οὐκ
866 3650 1013 3707 ἔστιν
1051 3654 1180 3708 ἄλλο
1203 3672 1217 3687 ο
1248 3657 1297 3709 εἰ
1344 3657 1418 3727 μή
1449 3656 1594 3720 τινές
1622 3658 1760 3709 εἰσιν
1791 3659 1837 3708 οἱ

270 3739 633 3809 ταράσσοντες
683 3741 867 3811 ὑμᾶς,
912 3745 1006 3797 καὶ
1056 3744 1300 3810 θέλοντες
1359 3746 1727 3817 μεταστρέψαι
1779 3748 1840 3800 τὸ

273 3830 605 3900 Εὐαγγέλιον
632 3832 727 3885 τοῦ
754 3834 1012 3905 Χριστοῦ.
1039 3836 1201 3889 Ἀλλά
1224 3837 1318 3890 κα)⁵
1348 3837 1443 3890 ἐὰν
1471 3838 1651 3908 ¹ἡμεῖς,
1678 3839 1711 3910 ἢ
1738 3839 1838 3907 ἀγ·-

272 3920 429 3988 γελος
454 3921 515 3986 ἐξ
543 3922 773 3991 οὐρανοῦ
800 3924 1221 3997 εὐαγγελίσηται
1251 3928 1380 3997 ὑμῖν
1407 3930 1534 3999 παρ’
1557 3929 1584 3981 ὃ
1611 3929 1841 3998 εὐηγγε-

272 4012 541 4084 λισάμεθα
581 4016 730 4086 ὑμῖν,
762 4018 1010 4088 ἀνάθεμα
1039 4018 1199 4074 ἔστω.
1230 4039 1249 4072 ι
1292 4022 1354 4073 Ei
1383 4020 1441 4074 ἓν
1466 4023 1614 4075 ἐστιν
1659 4023 1839 4090 Εὐαγ-

272 4104 451 4172 γέλιον
491 4108 554 4160 τὸ
592 4106 818 4179 λαληθὲν
863 4110 1048 4183 ἁπάσῃ
1090 4114 1156 4183 τῇ
1200 4112 1291 4165 ὑπ’
1329 4113 1559 4183 οὐρανὸν
1598 4113 1685 4167 διὰ
1731 4114 1841 4167 τῶν

275 4195 445 4263 ἁγίων
492 4200 888 4268 μυσταγωγῶν,
920 4201 1079 4255 τοῦτο
1126 4203 1186 4256 δέ
1231 4204 1379 4258 ἐστιν
1407 4206 1441 4275 ἡ
1476 4205 1660 4268 πίστις
1692 4206 1725 4276 ἡ
1760 4207 1840 4268 είς

272 4286 527 4357 Χριστόν*
559 4288 675 4353 πῶς
716 4292 778 4344 οὐ
824 4292 956 4356 Θεὸς
997 4295 1081 4365 εἴη
1130 4294 1199 4348 ἂν
1230 4294 1455 4368 ἀληθὴς,
1485 4296 1646 4368 εἴπερ
1691 4298 1841 4351 ἐστὶν

273 4375 565 4444 ἀναγκαῖον
591 4378 890 4448 ὁμολογεῖν,
920 4382 995 4447 ὡς
1016 4384 1079 4437 ἐκ
1110 4384 1213 4454 τῆς
1240 4385 1474 4457 ἀρχαίας
1505 4387 1715 4459 πλάνης
1749 4406 1841 4442 κε-

273 4464 522 4537 κλήμεθα
553 4469 687 4540 πρὸς
716 4471 1009 4541 ἐπίγνωσιν
1033 4473 1128 4528 τοῦ
1156 4476 1297 4530 κατά
1318 4477 1481 4547 φύσιν
1501 4479 1653 4544 ὄντος
1672 4479 1837 4547 Θεοῦ;

271 4557 474 4629 Θαρσεῖ
502 4560 558 4613 δὲ
586 4562 837 4616 τοσοῦτον
868 4564 897 4616 ὁ
932 4566 1200 4639 μακάριος
1233 4568 1466 4636 Παῦλος,
1500 4571 1576 4635 ὡς
1602 4573 1697 4627 καὶ
1740 4574 1840 4642 ἀγ·-

272 4649 461 4716 γέλους
490 4651 927 4724 ἀναθεματίζειν,
952 4659 1001 4711 εί
1030 4658 1094 4728 δὴ
1126 4661 1558 4734 μεταστρέψειαν
1580 4665 1643 4718 τὸ
1658 4666 1839 4735 Εὐαγ-

271 4742 451 4810 γέλιον
486 4743 579 4797 τοῦ
614 4745 659 4798 Χ
666 4746 871 4815 ριστοῦ.

349 4832 506 4884 «Ὅτε
543 4832 600 4885 δὲ
633 4834 932 4906 ηὐδόκησεν
959 4838 989 4891 ό
1019 4838 1151 4903 Θεὸς
1183 4842 1213 4894 6
1246 4843 1513 4915 ἀφορίσας
1543 4862 1611 4916 με
1637 4847 1701 4899 ἐκ
1731 4864 1839 4902 κοι-

270 4920 391 4984 λίας
424 4924 628 4994 μητρός
651 4943 774 4995 μου,
797 4930 1146 5001 ἀποκαλύψαι
1165 4935 1255 4987 τὸν
1278 4936 1404 4990 Υίὸν
1428 4938 1593 4992 αὑτοῦ
1618 4942 1676 4993 ἐν
1696 4940 1840 5011 ἐμοὶ,

273 5011 360 5065 ἵνα
400 5016 836 5087 εὐαγγελίζωμαι
866 5021 1027 5075 αὐτὸν
1056 5025 1114 5076 ἐν
1143 5027 1257 5089 τοῖς
1293 5026 1521 5093 ἔθνεσιν,
1548 5030 1750 5096 εὐθέως
1782 5031 1843 5084 οὐ

276 5104 695 5177 προσανεθέμην
729 5112 892 5180 σαρκὶ
938 5113 1032 5166 καὶ
1066 5116 1278 5185 αἵματι,
1310 5119 1433 5172 οὐδὲ
1484 5121 1715 5191 ἀνῆλθον
1763 5124 1843 5186 εἰς

290 5193 633 5267 Ἰεροσόλυμα
661 5202 796 5271 πρὸς
825 5202 949 5265 τοὺς
998 5205 1106 5275 πρὸ
1151 5207 1285 5277 ἐμοῦ
1316 5211 1665 5276 ἀποστόλους.
1703 5232 1722 5265 ι
1754 5213 1845 5284 Τῷ

283 5288 390 5356 γὰρ
439 5287 587 5353 ἅπαξ
632 5289 731 5361 τὴν
778 5294 842 5344 ἐκ
894 5295 1030 5348 Θεοῦ
1079 5298 1292 5369 λαχόντι
1325 5304 1715 5373 μυσταγωγίαν
1750 5307 1844 5359 καὶ

272 5375 637 5445 ἀποκάλυψιν,
658 5380 756 5432 οὐκ
779 5380 889 5435 ἔδει
912 5384 1011 5455 τῆς
1028 5385 1086 5449 ἐξ
1111 5388 1415 5459 ἀνθρώπων
1443 5394 1839 5465 παιδαγωγίας.

275 5467 421 5536 Πλὴν
465 5468 642 5522 ἐκεῖνό
684 5488 882 5540 φαμεν·
913 5474 1049 5529 Τίνα
1078 5477 1427 5549 ἀπεκάλυψεν
1472 5484 1501 5535 ὁ
1532 5484 1722 5555 Πατὴρ
1765 5485 1843 5556 τῷ

276 5558 531 5629 μακαρίῳ
564 5560 837 5634 Παύλῳ,ἦ
869 5564 992 5620 τίνα
1014 5569 1382 5640 προστέταχεν
1414 5574 1471 5627 ἐν
1492 5578 1603 5638 τοῖς
1632 5576 1842 5630 ἔθνεσιν

2270 3350 2423 3419 121
2462 3348 2545 3403 Ea:
2581 3348 2819 3419 Epistota
2850 3352 2919 3407 ad
2952 3351 3187 3408 Galatas.

2018 3485 2035 3517 ‹
2069 3463 2250 3529 Miror,
2293 3466 2431 3533 quod
2463 3465 2540 3519 sic
2577 3477 2685 3518 tam
2737 3466 2843 3520 cito
2897 3466 3282 3523 transferimini
3338 3470 3406 3525 ab
3442 3487 3509 3527 eo

1941 3559 2029 3627 qui
2057 3573 2151 3612 vos
2180 3559 2387 3612 vocavit
2436 3558 2487 3611 in
2527 3558 2753 3627 gratiam
2791 3557 3014 3625 Christi,
3054 3559 3105 3613 itt
3150 3560 3293 3615 aliud
3331 3560 3509 3616 Evan-

1942 3648 2178 3718 gelium:
2220 3648 2358 3716 quod
2406 3663 2511 3701 non
2559 3658 2640 3702 est
2689 3649 2856 3716 aliud,
2884 3649 2985 3704 nisi
3038 3661 3165 3706 sunt
3194 3651 3385 3723 aliqui,
3415 3656 3505 3724 qui

1942 3754 2035 3793 vos
2079 3738 2429 3808 perturbant,
2479 3749 2533 3794 et
2570 3751 2889 3795 convertere
2934 3742 3120 3796 volunt
3158 3742 3506 3814 Evangelium

1940 3829 2162 3884 Christi.
2191 3829 2294 3884 Sed
2326 3830 2454 3884 licet
2489 3845 2608 3895 nos,
2647 3840 2739 3885 aut
2773 3832 2999 3902 angelus
3023 3832 3090 3887 de
3112 3834 3251 3889 coelo
3277 3850 3509 3905 evange-

1942 3920 2067 3975 lizet
2089 3922 2241 3977 vobis
2269 3932 2623 3991 praeterquam
2652 3926 2794 3992 quod
2823 3925 3307 3994 evangelizavimus
3334 3930 3507 3994 vol-is,

1941 4012 2226 4067 anathema
2257 4012 2327 4067 sit
2346 4014 2413 4068 ⁵³.
2453 4032 2472 4065 ι
2515 4014 2571 4068 Si
2601 4030 2763 4068 unum
2788 4024 2993 4070 tantum
3026 4027 3109 4071 est
3140 4016 3507 4085 Evangelium.

1943 4105 1994 4157 in
2029 4105 2283 4159 universo
2316 4115 2580 4161 terrarum
2615 4107 2745 4162 orbe
2772 4122 2867 4177 per
2910 4123 3095 4164 sacros
3131 4112 3508 4181 mysteriorum
3565 4093 3576 4106 ’

1943 4198 2189 4254 doctores
2236 4200 2651 4269 deprmdicatum
2681 4241 2696 4266 ,
2748 4203 2849 4256 hoc
2894 4212 3073 4257 autem
3128 4215 3208 4256 est
3270 4204 3399 4258 tides
3460 4205 3509 4257 in

1942 4286 2239 4357 Christum,
2285 4294 2555 4361 quomodo
2596 4293 2698 4348 hoc
2729 4308 2834 4348 non
2868 4304 2951 4348 est
2985 4308 3145 4348 verus
3192 4294 3378 4349 Deus?
3408 4294 3512 4348 Nc-

1942 4382 2055 4450 gari
2087 4382 2231 4437 enim
2259 4383 2409 4438 nullo
2441 4385 2598 4439 modo
2637 4395 2831 4455 potest,
2870 4387 2939 4440 ab
2975 4386 3195 4455 antiquo
3234 4402 3418 4441 errore
3447 4391 3513 4439 all

1944 4473 2057 4526 veri
2108 4476 2480 4546 naturalisque
2535 4477 2626 4532 Dei
2679 4479 3007 4549 agnitionem
3062 4478 3353 4532 translatos
3417 4493 3514 4531 nos

1942 4579 2083 4620 esse.
2130 4564 2301 4621 Tanta
2338 4580 2518 4623 autem
2550 4578 2634 4623 est
2669 4568 2809 4624 beati
2839 4568 2986 4621 Pauli
3018 4568 3207 4622 ﬁducia
3229 4608 3244 4633 ,
3283 4580 3339 4621 ut
3368 4568 3514 4636 ipsos

1942 4659 2106 4713 etiam
2134 4661 2353 4730 angelos
2384 4662 2715 4716 anathemati
2744 4662 3011 4730 subjicere
3058 4677 3160 4715 non
3202 4662 3429 4726 dubitet,
3469 4664 3513 4717 si

1871 4731 1915 4786 D
1943 4747 2083 4803 forte
2110 4748 2310 4807 Christi
2348 4751 2689 4820 Evangelium
2717 4762 3024 4820 pervertere
3061 4754 3407 4807 tentaverint.

2024 4859 2043 4892 ι
2081 4842 2217 4897 Cum
2252 4853 2431 4900 autem
2466 4845 2665 4914 placuit
2697 4845 2794 4907 illi,
2837 4844 2928 4915 qui
2975 4859 3059 4899 me
3100 4847 3400 4916 segregavit
3446 4864 3512 4902 ex

1948 4942 2101 4988 utero
2130 4938 2320 4990 matris
2344 4952 2498 5003 meae,
2532 4946 2583 4990 ut
2624 4937 2891 4992 revelaret
2912 4935 3105 4990 Filium
3130 4954 3283 4991 suum
3320 4938 3372 4991 in
3405 4956 3512 5003 mc,

1947 5032 2005 5077 ut
2036 5026 2462 5095 evangelizarem
2513 5027 2660 5080 illum
2707 5028 2757 5081 itt
2799 5029 3068 5097 gentibus,
3100 5030 3356 5084 continuo
3409 5046 3513 5084 non

1946 5118 2191 5187 acquievi
2226 5119 2374 5173 carni
2406 5130 2461 5172 et
2502 5121 2748 5189 sanguini
2777 5137 2791 5173 :
2840 5135 3012 5190 neque
3050 5122 3170 5176 veni
3205 5119 3514 5192 Hierosoly-

1948 5226 2090 5265 mam
2141 5211 2206 5264 ad
2258 5221 2630 5266 antecessores
2670 5226 2817 5267 meos
2858 5212 3135 5280 apostolos
3170 5213 3235 5267 ⁵⁸.
3294 5232 3312 5266 ι
3372 5212 3514 5269 Saue

1945 5302 2037 5370 qui
2078 5317 2107 5354 a
2163 5301 2272 5356 Deo
2323 5302 2623 5356 divinorqu
2687 5304 3065 5374 mysteriorum
3114 5305 3413 5359 doctrinam
3461 5317 3517 5360 et

1951 5392 2330 5447 revelationem
2359 5395 2632 5457 hauserat,
2666 5393 2712 5450 is
2749 5395 2982 5449 humana
3024 5396 3362 5450 institutione
3388 5413 3517 5450 uen-

1950 5492 2152 5560 tiquam
2191 5492 2483 5562 indigebat.
2523 5491 2719 5547 Verum
2751 5496 2893 5548 istud
2925 5493 3136 5547 interim
3174 5495 3517 5547 adversarius

1949 5582 2431 5652 itttcrrngaverim,
2481 5585 2819 5655 qualemuam
2859 5584 3095 5639 ccelestis
3146 5584 3304 5638 Pater
3363 5587 3520 5639 beato

346 5734 589 5791 “lCor.
625 5753 699 5804 vt,
737 5740 822 5796 Η.
895 5744 940 5775 ⁸¹
966 5743 1156 5800 llCor.
1188 5763 1262 5811 XI,
1306 5753 1347 5803 2.
1426 5752 1469 5782 ⁸³
1494 5752 1665 5809 Galat.
1702 5770 1741 5820 t,
1778 5754 1893 5809 6-8.
1972 5757 2013 5787 ⁵³
2044 5757 2171 5810 ibid.
2210 5758 2391 5811 l5-l7.
