4000 6326
528 285 663 338 1327

1502 282 1560 335 S.
1599 281 1869 336 CYRILLI
1911 280 2370 338 ALEXANDRINI
2409 284 2724 340 ARCIIIEP.

528 403 690 456 I’aulo
707 399 1039 469 patefecerit,
1057 397 1396 467 quamlemve
1412 399 1655 462 gentibus
1670 400 2090 452 annuutiandum

2198 403 2652 470 εὐαγγελίσασθαι
2672 421 2685 467 ;
2709 397 2816 470 ἆρα
2843 400 2974 452 Θεὸν
2996 398 3189 466 Λόγον,
3232 397 3326 450 καὶ
3345 397 3474 449 Υίὸν
3503 398 3794 466 μονογενῆ

527 491 907 546 mandaverit?
936 489 1184 557 Nunquid
1222 489 1312 542 Dei
1357 486 1586 541 Verbum
1639 489 1786 541 carui
1836 504 1940 541 non
1975 489 2092 539 uni-

528 597 638 638 tum
667 626 680 648 ,
709 592 800 635 aut
830 581 1185 650 unigenitum,
1221 580 1488 633 hominem
1523 579 1818 631 secundum
1854 580 2091 630 divinam

525 673 981 740 dispensationem
1028 685 1131 723 non
1180 668 1425 723 factum?
1462 671 1614 721 Absit
1647 678 1704 720 ut
1750 669 1863 721 haec
1916 667 1987 720 ita
2037 681 2094 719 se

527 767 780 819 habeant.
827 760 1182 816 Auuuntiavit
1234 760 1376 812 enim
1427 761 1672 811 eumdem
1725 758 1890 811 Deum
1935 757 2092 810 simul

525 867 581 910 et
622 856 924 919 hominem,
978 867 1176 908 vocans
1224 852 1416 906 Filium
1465 863 1519 904 et
1568 851 1849 904 Dominum
1909 848 2092 905 Jesutn

525 949 824 1002 Christum.

601 1055 620 1088 ι
663 1035 910 1092 Scientes
943 1045 1122 1088 autem
1161 1033 1299 1100 quod
1337 1047 1441 1085 non
1479 1031 1808 1099 justiticatur
1836 1032 1995 1086 homo
2026 1045 2090 1083 ex

524 1129 776 1198 Operibus
805 1127 960 1196 legis,
994 1127 1094 1180 nisi
1130 1140 1225 1194 per
1272 1125 1426 1177 tidem
1465 1123 1592 1177 Jesu
1625 1124 1821 1177 Christi
1857 1141 1868 1175 :
1911 1130 1964 1175 et
1997 1136 2094 1175 nos

525 1222 578 1276 in
611 1219 826 1276 Christo
875 1219 999 1274 .lesu
1046 1219 1339 1280 credimus,
1395 1227 1451 1268 ut
1499 1214 1856 1282 justilicemur
1888 1227 1952 1267 ex
1989 1215 2094 1267 lide

524 1311 752 1376 Christi,
784 1319 837 1364 et
869 1325 972 1362 non
1013 1323 1074 1361 cs
1121 1307 1376 1375 Operibus
1419 1304 1550 1372 legis
1577 1306 1642 1358 ⁵⁵.
1681 1324 1699 1355 ι
1734 1306 1786 1359 Si
1830 1306 1880 1356 in
1926 1303 2092 1357 Deum

526 1404 768 1468 credere,
789 1399 1192 1468 iustiﬁcatiouis
1226 1398 1471 1450 mercede
1506 1407 1760 1466 pensatur
1789 1398 1916 1466 (hac
1946 1395 2092 1448 enim

528 1493 613 1552 \‘ia
662 1493 898 1562 majores
942 1491 1110 1543 nostri
1152 1489 1435 1557 justilicati
1485 1498 1654 1542 sunt:
1697 1488 1956 1555 scriptum
2009 1495 2092 1540 est

528 1599 760 1652 namque
787 1601 801 1636 :
838 1582 1108 1635 «Credidit
1133 1579 1405 1634 Abraham
1432 1576 1560 1641 Deo,
1580 1590 1633 1632 et
1661 1586 1904 1646 reputata
1935 1587 2016 1631 est
2041 1577 2092 1632 ei

529 1677 659 1729 tides
681 1675 1022 1743 adjustitiam
1042 1673 1132 1741 ⁵⁸),
1149 1691 1165 1722 ›
1195 1672 1350 1741 122
1365 1672 1634 1742 quomodo
1656 1669 1969 1726 Emmanuel
1985 1685 2090 1725 non

2195 493 2292 562 οὐχ
2327 493 2593 545 ένωθέντα
2627 491 2812 561 σαρκί,
2845 490 2937 558 καὶ
2975 488 3263 558 γενόμενον
3306 486 3596 557 ἄνθρωπον
3633 487 3795 538 cino—

2195 581 2469 650 νομικῶςς
2501 578 2630 634 Εἶτα
2658 581 2774 645 πῶς
2814 581 2971 632 τοῦτο
3000 581 3148 631 ἐστιν
3184 577 3418 648 ἀληθέςς
3468 577 3791 646 Διεκήρυξε

2196 674 2304 744 γὰρ
2338 673 2622 745 ἄνθρωπόν
2655 691 2713 726 τε
2743 673 2876 744 ὁμοῦ
2910 672 3004 725 καὶ
3031 671 3162 724 Θεὸν
3198 669 3291 722 τὸν
3332 669 3494 724 αὑτὸν
3525 668 3622 722 καὶ
3651 669 3786 732 ἕνα,

2195 765 2368 832 λέγων
2404 765 2528 818 Υἰὸν
2559 765 2652 820 καὶ⁵
2681 765 2886 836 Κύριον
2923 762 3130 834 Ἰησοῦν
3157 762 3411 833 Χριστόν.

2271 1052 2290 1084 ι
2329 1032 2545 1095 Είδότες
2571 1031 2625 1085 δὲ
2651 1032 2732 1085 ὃτι
2756 1031 2816 1084 οὑ
2848 1028 3149 1084 δικαιοῦται
3189 1027 3472 1098 ἄνθρωπος
3499 1027 3555 1092 ἐξ
3592 1025 3787 1095 ἔργων

2199 1126 2388 1196 νόμου,
2409 1124 2502 1178 ἐὰν
2529 1125 2603 1194 μὴ
2629 1123 2718 1178 διὰ
2740 1123 2974 1185 πίστεως
3001 1119 3179 1193 Ἰησοῦ
3200 1118 3436 1189 Χριστοῦ
3453 1135 3465 1146 ·
3487 1119 3580 1170 καὶ
3606 1120 3785 1182 ἡμεῖς

2195 1218 2276 1279 είς
2304 1216 2537 1288 Χριστὸν
2572 1213 2777 1285 Ἰησοῦν
2807 1212 3230 1281 ἐπιστεύσαμεν,
3262 1211 3350 1264 ἵνα
3387 1209 3786 1278 δικαιωθῶμεν

2195 1311 2259 1361 ἐκ
2287 1307 2521 1370 πίστεως
2547 1306 2806 1379 Χριστοῦ,
2841 1306 2936 1359 καὶ
2964 1305 3062 1358 ούκ
3107 1303 3166 1368 ἐξ
3207 1303 3385 1374 ἔργων
3427 1303 3615 1370 νόμου.
3653 1320 3670 1352 ι
3707 1301 3783 1352 ΕΞ

2193 1400 2254 1452 τὸ
2284 1400 2573 1453 πιστεῦσαι
2617 1399 2736 1470 Θεῷ
2789 1399 2979 1468 μισθὸν
3006 1397 3118 1466 ἔχει
3153 1395 3249 1466 τὴν
3285 1395 3564 1449 δικαίωσιν
3608 1394 3783 1460 (δεδι-

2195 1493 2453 1547 καίωνται
2476 1493 2584 1564 γὰρ
2609 1492 2754 1546 οὕτω
2771 1493 2863 1546 καὶ
2884 1493 2932 1545 οἱ
2963 1491 3069 1561 πρὸ
3091 1490 3246 1561 ἡμῶν
3267 1506 3279 1519 ·
3306 1489 3614 1558 γέγραπται
3639 1487 3707 1554 γᾶ
3719 1506 3781 1557 ρ,

2193 1586 2274 1637 ὅτι
2318 1604 2336 1636 ι
2389 1585 2735 1638 Ἐπίστευσεν
2777 1583 3026 1655 Ἀϐραὰμ
3075 1583 3152 1652 τῷ
3185 1581 3324 1652 Θεῷ,
3366 1581 3458 1633 καὶ
3516 1579 3784 1647 ἐλογίσθη

2195 1675 2342 1744 αύτῷ
2375 1677 2454 1738 είς
2477 1675 2821 1746 δικαιοσύνην
2846 1677 2879 1745 ἠ
2910 1674 3090 1737 πίστις
3119 1677 3186 1744 ›)·
3222 1673 3338 1736 πῶς
3363 1673 3423 1725 οὐ
3450 1672 3578 1734 Θεὸς
3600 1672 3782 1738 ὁἘμ-

526 1779 606 1822 est
631 1766 794 1829 Deus.
826 1767 870 1820 si
895 1765 1109 1836 quidem
1151 1780 1333 1818 verum
1363 1774 1469 1829 est,
1501 1764 1644 1833 quod
1686 1764 1738 1817 in
1771 1765 1944 1833 ipsum
1975 1776 2090 1816 ere-

2201 1740 2462 1839 μανουὴλ,
2497 1768 2655 1838 εἴπερ
2686 1740 2832 1821 ἐστὶν
2861 1740 3080 1838 ἀληθὲς,
3110 1740 3185 1829 ὥς
3211 1768 3290 1828 εἰς
3309 1765 3472 1819 αὐτὸν
3491 1763 3782 1816 πιστεύον-

526 1864 712 1916 dentes
738 1858 1142 1930 iustiﬁcamur?

912 1948 997 2004 Ea:
1029 1947 1268 2018 Epistola
1307 1949 1373 2002 ad
1412 1946 1688 2013 Ephesios.

601 2086 621 2118 ι
655 2067 710 2119 lu
741 2080 846 2134 quo
871 2074 923 2118 et
952 2079 1068 2125 vos,
1108 2078 1228 2116 cum
1262 2062 1548 2115 audissetis
1589 2065 1810 2115 verbum
1855 2063 2096 2118 veritatis

529 2157 882 2230 (evangelium
913 2155 1104 2209 salutis
1138 2156 1364 2222 vestra)
1395 2155 1444 2205 in
1483 2170 1588 2220 quo
1617 2164 1669 2206 et
1703 2157 1988 2209 credentes
2020 2157 2095 2209 si—

526 2251 672 2319 gnati
723 2251 854 2302 estis
887 2246 1090 2315 Spiritu
1152 2247 1530 2313 promissionis
1593 2256 1814 2309 sancto,
1865 2249 1955 2315 qui
2014 2258 2098 2301 est

530 2349 721 2412 pignus
752 2340 1081 2395 hatreditatis
1121 2348 1338 2403 nostra-,
1377 2339 1427 2391 in
1463 2341 1880 2408 redemptiom-m
1913 2343 2097 2408 acqui-

529 2435 758 2497 sitiouis,
789 2433 840 2485 in
873 2431 1090 2484 laudem
1133 2431 1317 2500 gloriae
1360 2431 1528 2498 ipsius
1555 2433 1621 2484 ⁵⁷.
1665 2451 1682 2482 ι
1733 2430 1888 2485 Plura
1937 2434 2094 2488 simul

525 2526 604 2582 sic
631 2531 1014 2593 preponuntur,
1047 2537 1111 2576 ex
1140 2521 1338 2592 quibus
1377 2522 1627 2592 colligere
1668 2524 1789 2576 licet
1821 2522 2092 2578 Christum

528 2635 712 2674 verum
761 2632 881 2672 esse
925 2618 1134 2683 Deum;
1187 2626 1347 2687 atque
1386 2620 1520 2672 adeo
1562 2623 1804 2672 omnium
1853 2620 2006 2674 [idem
2041 2620 2093 2674 iu

526 2714 698 2776 ipsum
733 2725 839 2762 non
871 2709 998 2762 ferri
1036 2718 1290 2778 tanquam
1327 2710 1379 2762 iu
1409 2710 1683 2764 hominem
1734 2713 1899 2766 nostri
1943 2711 2094 2765 simi-

526 2801 653 2862 lem,
685 2799 780 2853 sed
821 2807 1072 2866 tanquam
1106 2797 1158 2850 in
1206 2814 1375 2851 unum
1414 2799 1740 2862 Dominum,
1777 2809 1834 2853 et
1876 2801 2092 2867 Filium,

523 2902 575 2943 rt
607 2889 794 2942 Deum.
831 2888 1009 2941 Primo
1040 2902 1272 2956 namque
1305 2889 1418 2957 ipse
1448 2890 1640 2942 salutis
1683 2901 1884 2944 nostrae
1930 2905 2092 2945 evan-

524 2982 719 3050 gelium
741 2981 977 3044 exsistit,
1009 2982 1061 3034 in
1107 2995 1266 3048 quem
1300 2982 1530 3049 proinde
1569 2982 1701 3035 ﬁdes
1749 2993 1928 3036 nostra
1979 2994 2094 3036 ten-

2197 1878 2286 1923 τες
2323 1859 2529 1913 δικαιού
2539 1859 2705 1930 μεθα;

2584 1952 2678 2004 Ἐκ
2718 1949 2826 2018 τῆς
2865 1951 3012 2018 πρὸς
3051 1948 3383 2018 Ἐφεσίους.

2273 2090 2290 2120 ι
2313 2070 2402 2124 Ἐν
2427 2063 2472 2137 ᾧ
2495 2068 2827 2132 ἀκούσαντες
2869 2067 2964 2120 καὶ
3011 2069 3168 2137 ὑμεῖς
3191 2068 3283 2119 τὸν
3309 2065 3464 2133 λόγον
3493 2067 3591 2137 τῆς
3637 2066 3778 2136 ἁλη-

2198 2161 2366 2222 θείας,
2398 2159 2458 2214 τὸ
2491 2159 2806 2228 εὐαγγέλιον
2837 2161 2936 2229 τῆς
2967 2158 3237 2228 σωτηρίας
3269 2157 3445 2226 ὑμῶν,
3490 2157 3550 2210 ἐν
3589 2152 3638 2224 ᾧ
3678 2159 3781 2210 καὶ

2197 2251 2584 2315 πιστεύσαντες
2614 2251 3018 2321 ἐσφραγίσθητε
3048 2249 3126 2319 τῷ
3155 2247 3434 2318 Πνεύματι
3465 2248 3562 2318 τῆς
3603 2250 3781 2316 ἐπαγ-

2196 2343 2398 2410 γελίας,
2433 2342 2461 2395 ὃ
2491 2342 2598 2395 τῶν
2619 2341 2792 2408 ἁγίων
2815 2341 2962 2392 ἐστὶν
2988 2337 3246 2410 ἀρραϐὼν
3277 2342 3376 2409 τῆς
3403 2338 3788 2409 κληρονομίαῡ

2197 2434 2371 2505 ἡμῶν,
2387 2435 2465 2497 είς
2488 2433 2865 2499 ἀπολύτρωσιν
2886 2432 2984 2500 τῆς
3007 2431 3265 2500 περιποιή
3277 2431 3526 2492 σεως,εἰς
3549 2429 3778 2482 ἔπαινον

2195 2526 2356 2596 δόξης
2388 2523 2574 2579 αὐτοῦ.
2610 2543 2628 2575 ι
2668 2523 2844 2576 Πολλὰ
2891 2521 3032 2576 κατὰ
3073 2522 3238 2575 ταυτὸ
3269 2524 3328 2575 έν
3355 2523 3472 2582 ταῖς
3497 2521 3604 2574 τῶν
3634 2538 3778 2590 προ-

2196 2618 2466 2688 κειμένων
2492 2616 2723 2678 έννοίαις
2743 2614 2950 2668 κατίδοι
2971 2631 3055 2676 τις
3081 2614 3166 2678 ἂν,
3194 2613 3260 2666 δι’
3281 2607 3353 2668 ὧν
3379 2612 3552 2666 ἔνεστι
3579 2613 3777 2682 μαθεῖν

2195 2708 2430 2771 ὅτιθεὸς
2459 2707 2664 2778 ἀληθὴς
2687 2709 2715 2760 ὀ
2733 2705 2983 2776 Χριστὸς,
3008 2704 3101 2758 καὶ
3124 2704 3321 2775 ἡπαρὰ
3349 2705 3563 2758 πάντων
3587 2703 3777 2766 πίστις

2196 2802 2274 2862 εἰς
2303 2800 2464 2853 αὑτὸν
2496 2800 2594 2868 οὐχ
2615 2799 2690 2862 ὡς
2716 2800 2794 2861 είς
2823 2797 2918 2850 ἕνα
2953 2797 3061 2850 τῶν
3087 2797 3212 2850 καθ’
3238 2797 3386 2868 ἡμᾶς
3410 2796 3616 2859 ἁπλῶς,
3643 2795 3745 2848 ἀλ).
3763 2795 3779 2811 '

2196 2894 2270 2954 ὠς
2305 2894 2384 2954 εἰς
2416 2891 2513 2943 ἕνα
2544 2891 2770 2962 Κύριον,
2800 2891 2896 2944 καὶ
2930 2890 3078 2953 Υἱὸν,
3107 2890 3202 2944 κιαι)⁵
3233 2889 3384 2942 Θεόν.
3414 2889 3636 2959 Πρῶτον
3673 2889 3778 2958 μὲν

2197 2984 2305 3054 γὰρ
2321 2983 2484 3046 αὑτός
2500 2985 2613 3036 ἐστι
2639 2983 2702 3035 τὸ
2732 2981 3053 3050 εὐαγγέλιον
3074 2983 3175 3048 τῆς
3201 2980 3500 3051 σωτηρίας,
3522 2980 3578 3031 ἐν
3679 2981 3775 3031 καὶ

523 3079 613 3126 ttat
647 3082 897 3141 tauquam
927 3073 979 3126 in
1017 3073 1181 3127 Deum
1218 3090 1229 3124 :
1269 3071 1612 3142 subiungitur
1647 3089 1768 3126 mox
1807 3075 1926 3126 ﬁdei
1961 3091 2090 3146 quo-

2199 3077 2232 3145 ἠ
2259 3076 2463 3139 πίστις,
2497 3074 2570 3137 ὡς
2603 3075 2685 3137 είς
2715 3075 2846 3126 Θεὸν
2872 3072 3135 3142 δηλονότι.
3156 3071 3464 3124 Ἀκολουθεῖ
3499 3071 3555 3123 δὲ
3581 3071 3646 3122 τὸ
3675 3072 3774 3142 τῆς

523 3181 626 3231 que
652 3166 953 3234 praemium,
989 3176 1113 3232 puta
1161 3166 1534 3234 promissionis
1572 3165 1826 3232 Spiritus,
1866 3168 1956 3234 qui
1998 3184 2092 3221 uo-

523 3272 648 3310 suae
686 3257 1011 3310 hmreditatis
1059 3256 1293 3310 arrhabo
1340 3267 1454 3314 est;
1503 3257 1736 3326 denique
1775 3259 1839 3310 ad
1881 3259 2090 3312 laudum

523 3347 706 3415 gloriae
738 3347 934 3400 Christi
985 3347 1243 3416 redempti
1295 3347 1660 3417 perhibentur.
1704 3349 1952 3403 Redemit
1997 3367 2093 3402 att-

525 3450 631 3491 tem
667 3454 764 3493 nos
795 3454 898 3491 non
929 3447 986 3490 ut
1021 3439 1255 3508 vulgaris
1278 3440 1459 3501 homo,
1491 3440 1583 3493 sed
1632 3453 1690 3493 ut
1739 3441 1877 3493 Deus
1922 3443 2092 3496 nostri

521 3545 683 3585 causa
718 3533 1052 3585 incarnatus.
1090 3531 1168 3582 Ad
1207 3531 1349 3584 htmc
1376 3532 1518 3583 enim
1551 3531 1765 3584 modum
1800 3533 1851 3585 in
1881 3532 2090 3586 laudent

522 3625 704 3690 gloria:
738 3622 880 3676 illius
909 3623 1169 3676 cedimus.

599 3733 616 3765 ι
656 3713 824 3780 Hujus
875 3713 948 3766 rei
1005 3714 1178 3782 gratia
1232 3727 1330 3781 ego
1379 3712 1575 3768 Paulus
1625 3715 1839 3769 vinetus
1891 3716 2091 3772 Christi

520 3805 645 3859 .lesu
679 3820 776 3872 pro
802 3804 954 3858 vobis
981 3803 1251 3872 gentibus,
1289 3804 1334 3857 si
1385 3815 1560 3858 tamen
1605 3805 1835 3859 audistis
1871 3807 2091 3874 dispen-

522 3899 786 3948 sationem
818 3894 1000 3962 gratiae
1047 3892 1160 3957 Dei,
1191 3910 1310 3963 quae
1356 3894 1479 3947 data
1515 3905 1597 3948 est
1632 3896 1760 3948 mihi
1812 3897 1864 3948 in
1899 3897 2090 3952 vobis:

520 3987 773 4055 quoniam
815 3985 1110 4040 secundum
1153 3987 1534 4040 revelatiouem
1592 3996 1777 4040 notum
1832 3988 1961 4041 mihi
2008 3990 2088 4041 fa-

520 4090 665 4131 ctum
688 4087 769 4131 est
793 4087 1218 4142 sacramentum,
1241 4079 1384 4132 sicut
1411 4093 1573 4146 supra
1596 4077 1789 4147 scripsi
1822 4079 1874 4132 in
1903 4081 2048 4134 brevi
2071 4122 2085 4143 ,

521 4178 680 4234 prout
703 4169 928 4238 potestis
954 4167 1193 4237 legentes
1217 4169 1513 4238 intelligere
1542 4169 1882 4238 prudentiam
1913 4187 2087 4226 meam

521 4264 568 4311 in
605 4260 863 4330 mysterio
902 4258 1100 4315 Christi
1121 4259 1186 4312 ".
1217 4279 1234 4312 ι
1273 4260 1386 4328 Qua
1429 4261 1712 4329 prudentia
1736 4302 1750 4327 ,
1786 4277 1960 4331 quave
2011 4264 2091 4316 di-

521 4355 642 4405 vina
673 4366 806 4420 opus
836 4361 952 4406 erat
973 4352 1334 4421 patelactione
1361 4354 1426 4406 ad
1450 4355 1764 4422 mysterium
1797 4355 1898 4410 hoc
1927 4354 2088 4411 Chri-

2195 3167 2431 3229 πίστεως
2460 3166 2650 3238 γέρας,
2681 3166 2929 3220 τουτέστι
2956 3165 3017 3218 τὸ
3043 3164 3264 3234 Πνεῦμα
3289 3163 3389 3231 τῆς
3419 3162 3770 3230 ἐπαγγελίας,

2193 3259 2222 3309 6
2250 3259 2347 3328 τῆς
2388 3258 2753 3329 κληρονομίας
2785 3258 2942 3328 ἡμῶν
2984 3255 3272 3329 ἀρραϐών·
3321 3255 3772 3324 ἐκλελυτρὼμεθα

2194 3351 2303 3420 γὰρ
2334 3353 2412 3414 είς
2442 3351 2662 3404 ἔπαινον
2708 3350 2868 3422 δόξης
2909 3348 3165 3421 Χριστοῦ.
3202 3349 3417 3402 Σέσωκε
3467 3348 3572 3417 γὰρ
3627 3348 3772 3417 ἡμεῖς

2194 3443 2291 3513 οὐχ
2320 3444 2395 3506 ὼς
2433 3443 2715 3513 ἄνθρωπος
2763 3444 2959 3507 κοινὸς,
2987 3443 3102 3496 ἀλλ’
3131 3442 3206 3505 ὼς
3238 3443 3371 3505 Θεὸς
3402 3443 3460 3494 ἐν
3493 3443 3657 3512 σαρκὶ
3690 3458 3768 3507 γε-

2194 3534 2365 3602 γονὼς
2397 3535 2462 3588 δι’
2489 3537 2654 3607 ἡμᾶς.
2681 3535 2837 3589 Οὕτω
2870 3535 2978 3606 γὰρ
3024 3537 3104 3600 είς
3141 3535 3362 3587 ἔπαινον
3396 3532 3634 3601 ἐσόμεθα
3676 3533 3767 3601 τῆς

2195 3627 2353 3697 δόξης
2380 3629 2569 3683 αὑτοῦ.

2272 3739 2289 3770 ι
2321 3719 2524 3772 Τούτου
2559 3719 2719 3790 χάριν
2751 3718 2862 3786 ἐγὼ
2885 3717 3099 3781 Παῦλος
3119 3719 3146 3771 6
3173 3717 3390 3788 δέσμιος
3418 3715 3508 3769 τοῦ
3535 3714 3762 3786 Χριστοῦ

2205 3808 2380 3882 Ἰησοῦ
2413 3810 2552 3878 ὑπὲρ
2587 3810 2739 3881 ὑμῶν
2773 3811 2881 3863 τῶν
2921 3808 3113 3872 ἐθνῶν,
3161 3807 3213 3861 εί
3261 3825 3324 3876 γε
3362 3807 3634 3876 ὴκούσατε
3672 3809 3764 3876 τὴν

2193 3903 2505 3972 οἰκονομίαν
2538 3903 2640 3972 τῆς
2673 3903 2890 3974 χάριτος
2921 3902 3018 3956 τοῦ
3061 3901 3194 3955 Θεοῦ
3239 3902 3340 3970 τῆς
3382 3901 3630 3968 δοθείσης
3679 3919 3758 3969 μοι

2193 3995 2272 4056 εἰς
2322 3993 2487 4063 ὑμᾶς,
2521 3995 2601 4046 ὅτι
2651 3995 2792 4048 κατὰ
2835 3991 3176 4061 ἀποκάλυψιν
3224 3992 3528 4062 ἐγνωρίσθη
3582 4010 3672 4060 μοι
3708 3992 3761 4042 τὸ

2198 4087 2516 4157 μυστήριον,
2548 4085 2728 4148 καθὼς
2760 4085 3084 4157 προέγραψα
3111 4087 3166 4137 έν
3193 4084 3391 4153 ὀλίγῳ·
3424 4084 3558 4153 πρὸς
3604 4084 3633 4135 ὃ
3677 4082 3761 4134 δύο

2194 4177 2355 4230 νασθε
2381 4175 2848 4245 ἀναγινώσκοντες
2878 4175 3068 4246 νὸἧσαι
3100 4176 3197 4247 τὴν
3232 4175 3445 4228 σύνεσίν
3475 4192 3575 4246 μου
3607 4176 3664 4226 ἐν
3690 4174 3760 4242 τῷ

2197 4273 2478 4342 μυστηρίῳ
2519 4270 2611 4323 τοῦ
2652 4268 2913 4339 Χριστοῦ.
2945 4289 2962 4320 ι
3002 4270 3136 4322 Ποία
3169 4269 3436 4331 συνέσεως
3469 4267 3646 4338 χρεία,
3675 4267 3762 4317 καὶ

2193 4362 2586 4432 ἀποκαλύψεως
2607 4363 2705 4431 τῆς
2730 4363 2878 4432 παρὰ
2904 4361 3040 4414 Θεοῦ
3074 4361 3208 4431 πρὸς
3234 4362 3294 4413 τὸ
3323 4360 3686 4430 γνωρισθῆναι
3707 4358 3761 4409 τὸ

518 4447 583 4498 sti
616 4445 1075 4514 perspiciendum,
1109 4447 1152 4498 si
1185 4445 1401 4514 quidem
1443 4461 1539 4514 per
1582 4462 1642 4500 se
1682 4447 1842 4502 homo
1881 4456 2085 4501 tantum

2198 4454 2492 4524 μυστήριον
2525 4452 2619 4506 τοῦ
2659 4451 2920 4522 Χριστοῦ,
2961 4453 3119 4524 εἴπερ
3163 4453 3310 4504 ἐστὶν
3359 4452 3639 4520 ἄνθρωπος
3671 4450 3762 4501 irit.-

516 4546 616 4600 esl,
648 4552 677 4589 a
710 4535 804 4590 Dei
841 4536 1015 4591 Verbo
1044 4538 1261 4590 omnino
1303 4534 1578 4603 seiunctus
1600 4577 1616 4601 ,
1650 4537 1790 4592 nuda
1832 4551 2088 4606 persona-

521 4643 636 4680 rum
690 4628 888 4682 unione
933 4629 1359 4683 cobonestatus?
1405 4628 1543 4694 Quid
1597 4630 1739 4683 enim
1781 4630 2086 4684 abstrusum

522 4719 701 4784 habet,
737 4727 827 4774 aut
860 4734 978 4788 qua:
1007 4717 1288 4772 dillicultas
1324 4729 1406 4774 est
1444 4721 1510 4773 de
1549 4720 1757 4789 vulgari
1799 4723 2086 4789 quapiam,

522 4811 796 4879 nostrique
827 4811 989 4865 simili
1023 4811 1240 4864 homine
1273 4811 1570 4881 intelligere
1602 4814 1742 4880 quod
1779 4813 1848 4867 sit
1887 4814 2084 4867 homo?

517 4905 585 4956 At
609 4918 733 4957 vere
767 4902 1110 4971 profundum,
1142 4904 1408 4973 planeque
1457 4920 1705 4973 tnaguum
1755 4915 1834 4960 est
1872 4906 1973 4958 hoc
2001 4922 2080 4960 sa-

517 5005 874 5060 rramcntum,
914 4995 958 5047 si
996 4994 1135 5048 Deus
1175 4994 1406 5050 Verbum
1456 4996 1612 5049 nobis
1660 4996 1836 5050 simile
1885 4996 2081 5049 factum

516 5096 762 5153 ponatur.
818 5085 952 5139 Cum
1005 5086 1169 5155 igitur
1223 5088 1421 5139 eximia
1481 5087 1678 5140 mentis
1731 5086 2085 5155 intelligentia

515 5177 709 5243 ornati,
745 5176 1031 5245 divinaque
1083 5177 1410 5229 rerelalione
1448 5176 1696 5230 illustrali
1723 5216 1737 5241 ,
1771 5180 2084 5248 mysterium

513 5268 709 5322 Christi
777 5267 938 5322 veluti
990 5268 1230 5321 divinum
1285 5268 1552 5335 quoddam
1620 5279 1883 5322 secretum
1935 5269 2087 5322 nobis

515 5361 857 5422 tradiderint,
917 5360 1156 5426 ﬁdesque
1216 5361 1265 5410 in
1319 5358 1465 5410 illum
1505 5369 1758 5426 tauquam
1811 5360 1861 5411 in
1916 5359 2082 5412 Deum

514 5453 714 5512 tendat,
751 5454 1018 5521 quomodo
1045 5453 1287 5505 Christus
1318 5455 1418 5504 non
1447 5463 1528 5504 est
1556 5451 1725 5506 Deus?

585 5545 739 5613 123
759 5546 908 5596 Aliud
942 5545 1064 5598 huic
1083 5546 1276 5608 simile,
1298 5555 1346 5595 et
1367 5545 1607 5598 eamdem
1632 5546 1837 5599 habens
1865 5558 2080 5599 senten-

581 5695 626 5724 ⁵⁵
651 5697 823 5752 Galat.
857 5715 911 5762 tt,
945 5698 1024 5750 l5.

1105 5699 1329 5750 "ltum.
1368 5713 1438 5762 tv,
1465 5700 1514 5752 5.
1591 5699 1634 5729 ⁵⁷
1661 5700 1854 5767 Ειιῑιος.
1894 5717 1929 5763 ι,
1969 5702 2050 5766 ιλ,
2090 5701 2172 5753 Ην.

2191 4545 2322 4605 κῶς,
2364 4545 2458 4596 καὶ
2487 4543 2796 4615 ὀλοτρόπως
2827 4546 3232 4616 κεχωρισμένος
3270 4541 3364 4596 τοῦ
3396 4542 3530 4595 Θεοῦ
3569 4543 3758 4609 Λόγου,

2187 4635 2314 4705 ψιλῇ
2348 4635 2654 4707 προσώπων
2682 4636 2872 4689 ἑνώσει
2901 4636 3267 4705 τετιμημένος
3291 4652 3304 4698 ;
3331 4635 3395 4686 Τί
3425 4633 3533 4704 γὰρ
3566 4633 3677 4702 ἔχει
3706 4633 3762 4685 τὸ

2196 4727 2599 4796 κεκρυμμένον,
2632 4727 2664 4796 ἢ
2700 4730 2853 4781 ποῖον
2878 4727 3015 4790 ὅλως
3040 4728 3100 4780 τὸ
3147 4725 3430 4796 δυσχερὲς,
3465 4724 3526 4777 τὸ
3575 4728 3760 4794 νοῆσαι

2193 4818 2353 4886 τυχὸν
2386 4818 2516 4888 περὶ
2546 4817 2664 4881 ἑνὸς
2710 4819 2804 4872 τοῦ
2854 4818 2976 4871 καθ’
3011 4820 3158 4889 ἡμᾶς
3204 4816 3513 4888 ἀνθρώπου,
3547 4817 3628 4869 ὅτι
3679 4818 3762 4870 ἇν-

2194 4909 2407 4980 θρωπός
2432 4911 2580 4976 seu;
2609 4909 2754 4962 Βαθὺ
2779 4909 2836 4962 δὲ
2857 4910 2951 4962 καὶ
2979 4911 3122 4980 μέγα
3140 4910 3199 4961 τὸ
3229 4909 3547 4978 μυστήριον,
3573 4909 3620 4960 εἰ
3643 4908 3758 4960 καθ’

2192 5002 2336 5069 ἡμᾶς
2367 5001 2616 5068 γενέσθαι
2661 5001 2872 5068 λέγοιτο
2914 5000 3046 5065 Θεὸς
3091 5002 3350 5071 ὑπάρχων
3379 5002 3408 5052 ὁ
3436 4999 3758 5067 Δόγος.Ὂτε

2193 5095 2370 5145 τοίνυν
2406 5095 2454 5145 οἱ
2486 5093 2667 5162 βαθεῖς
2694 5096 2772 5156 είς
2802 5095 3038 5157 σύνεσιν,
3067 5094 3160 5145 καὶ
3195 5094 3292 5162 τὴν
3313 5091 3462 5144 θείαν
3487 5091 3756 5144 ἀποκάλυ-

2190 5185 2281 5252 ψιν
2319 5186 2631 5256 ἐσχηκότες,
2666 5185 2740 5250 ὡς
2774 5186 2914 5239 θεῖον
2941 5189 3073 5255 ἡμῖν
3108 5187 3406 5254 μυστήριον
3453 5182 3758 5253 παραδεδώ-

2192 5295 2319 5329 κασι
2353 5279 2412 5330 τὸ
2445 5277 2682 5348 Χριστοῦ
2711 5281 3031 5348 μυστήριον,
3074 5278 3166 5330 καὶ
3199 5280 3278 5338 είς
3311 5277 3473 5330 αὑτὸν
3501 5278 3533 5345 ἡ
3563 5275 3754 5336 πίστις,

2190 5371 2263 5432 ὡς
2295 5373 2370 5433 εἰς
2400 5371 2530 5425 Θεὸν
2551 5371 2812 5440 δηλονότιο
2845 5372 2959 5434 πῶς
2989 5372 3086 5424 οῦκ
3122 5371 3186 5423 ἂν
3210 5374 3294 5439 εἴη
3319 5371 3485 5434 Θεὸς

2265 5549 2422 5599 Ἄλλο
2453 5549 2624 5618 τούτῳ
2655 5551 2990 5619 προσεοικὸς,
3030 5551 3120 5602 καὶ
3158 5549 3256 5620 τὴν
3303 5549 3472 5618 αὐτὴν
3498 5547 3612 5617 ἔχον
3640 5547 3745 5599 6:5;-

2257 5704 2300 5731 ³⁵³
2324 5703 2519 5770 Ephesi.
2559 5721 2637 5768 ttt,
2672 5705 2782 5758 1-4.

3637 280 3796 333 13Ξ8
3871 281 3876 283 “
