4000 6326
249 429 383 484 159.9

1335 425 1421 478 DE
1463 424 1684 480 RECTA
1731 421 1882 477 FIDE
1921 423 2010 476 AD
2051 419 2368 478 REGINAS.

3356 428 3494 482 i530

245 565 411 602 νοιανο
455 567 473 598 ι
501 549 654 619 Ἐμοὶ
686 548 762 618 τῷ
806 547 1205 618 ἐλαχιστοτέρῳ
1255 546 1470 600 πάντων
1511 548 1619 598 τῶν
1648 545 1819 613 ἁγίων

1926 545 2070 599 tiam:
2085 565 2102 597 ι
2116 545 2239 600 Mihi
2259 545 2498 598 oniuium
2515 551 2824 597 sanctorum
2845 543 3066 598 minimo
3084 545 3206 599 data
3223 555 3304 601 est
3319 562 3429 615 grai
3443 551 3494 603 ia

244 643 398 712 ἐδόθη
431 645 461 710 ή
490 643 650 712 χάρις
679 641 839 709 α’ύτη,
877 641 934 692 ὲν
971 641 1084 702 τοῖς
1126 637 1335 690 ἔθνεσιν
1363 635 1820 705 εὐαγγελίσασθαι

244 736 334 787 τὸν
361 733 766 803 ἀνεξιχνίαστον
798 732 1027 803 πλοῦτον
1050 728 1144 782 τοῦ
1169 729 1427 797 Χριστοῦ,
1455 729 1548 782 καὶ
1585 728 1817 796 φωτίσαι

247 827 479 887 πάντας,
505 825 588 888 τίς
620 828 652 896 ὴ
685 824 966 893 οἰκονομία
1003 799 1309 891 μυστηρίου
1342 821 1436 873 τοῦ
1467 823 1822 891 ἀποκεκρυμ-

251 915 411 984 μένου
437 907 545 966 άπὸ
573 913 680 967 τῶν
702 912 913 966 αίώνων
943 913 1001 964 ἐν
1025 910 1102 981 τῷ
1133 909 1272 980 Θεῷ,
1303 910 1380 982 τῷ
1407 910 1475 964 τὰ
1503 911 1679 964 πάντα
1705 911 1823 964 κτί-

183 993 196 1012 .
251 1021 423 1057 σαντί.
452 1022 470 1053 ι

327 1117 346 1147 ι
376 1097 440 1148 υἱ
464 1095 676 1164 ἄνδρες,
706 1094 892 1164 φησὶν,
914 1095 1168 1161 ἀγαπᾶτε
1197 1093 1298 1156 τὰς
1334 1095 1615 1161 γυναῖκας,
1640 1091 1823 1156 καθὼς

252 1187 344 1239 καὶ
368 1188 396 1239 6
430 1185 661 1254 Χριστὸς
690 1185 943 1254 ἠγάπησε
976 1184 1074 1254 τὴν
1115 1183 1462 1253 Ἐκκλησίαν,
1499 1184 1591 1237 καὶ
1632 1183 1824 1237 ἐαυτὸν

251 1276 566 1346 παρέδωκεν
614 1274 753 1345 ὑπὲρ
786 1274 982 1343 αὐτῆς,
1017 1275 1105 1329 ἵνα
1141 1275 1310 1343 αὐτὴν
1341 1273 1567 1344 ἁγιάσῃ,
1596 1273 1824 1344 καθαρί-

254 1381 352 1428 σας
394 1364 473 1434 τῷ
519 1363 730 1434 λουτρῷ
767 1365 863 1417 τοῦ
901 1364 1091 1427 ὓδατος
1117 1367 1174 1418 ἐν
1207 1367 1431 1435 ῥήματι.
1464 1384 1482 1414 ι
1521 1367 1680 1418 Ποῖον
1717 1366 1824 1436 ἄρα

252 1457 369 1509 ἐστὶ
409 1456 470 1509 τὸ
507 1457 659 1526 ῥῆμα
689 1459 747 1508 ὲν
777 1449 822 1523 ᾧ
853 1456 1262 1527 κεκαθάρμεθα,
1298 1456 1730 1524 άπολουσάμενοι
1763 1457 1825 1510 τὸ

256 1547 415 1617 σῶμα
437 1546 588 1599 ὕδατι
619 1546 866 1616 καθαρῷ,
901 1548 932 1616 ἦ
958 1547 1174 1610 πάντως
1204 1549 1397 1612 ἐκεῖνο,
1422 1549 1548 1618 περὶ
1573 1543 1634 1602 οὗ
1662 1565 1825 1618 φησιν

251 1642 280 1691 6
309 1640 595 1702 θεσπέσιος
630 1638 864 1702 Παῦλος,
897 1639 978 1692 ὅτι
1013 1659 1031 1689 ι
1062 1638 1232 1692 Τοῦτό
1275 1642 1393 1692 ἐστι
1438 1640 1498 1693 τὸ
1544 1641 1694 1710 ῥῆμα
1727 1643 1824 1712 τῆς

255 1727 490 1793 πίστεως
529 1729 559 1782 6
601 1729 976 1799 κηρύσσομεν,
1015 1730 1096 1782 ὅτι
1145 1731 1240 1783 ἐὰν
1286 1730 1628 1803 ὁμολογήσῃς
1661 1734 1718 1784 ἐν
1747 1731 1826 1802 τῷ

257 1819 484 1889 στόματί
517 1838 608 1872 σου
635 1821 837 1890 Κύριον
871 1820 1076 1889 Ἰησοῦν
1113 1822 1368 1891 Χριστὸν,
1396 1823 1490 1876 καὶ
1528 1823 1826 1896 πιστεύσῃς

1923 637 2054 699 haec,
2087 638 2138 690 in
2163 637 2414 707 gentibus
2438 636 2814 706 evangelizare
2845 636 3245 707 iuvestigabiles
3275 640 3499 697 divitias

1921 730 2145 794 Christi,
2189 739 2244 784 et
2288 729 2595 784 illuminare
2640 743 2830 784 omnes
2869 744 2992 799 quae
3043 731 3114 783 sit
3163 730 3494 799 dispensatio

1923 820 2250 875 sacramenti
2282 819 2585 875 absconditi
2613 834 2644 874 a
2678 819 2890 876 saeculis
2921 821 2972 875 in
3007 819 3147 888 Deo,
3180 822 3273 893 qui
3314 825 3493 880 omnia

1923 913 2126 968 creavit
2149 911 2215 966 ⁵⁸.
2257 931 2276 963 ›

1999 1111 2019 1144 ι
2062 1091 2195 1155 Viri,
2239 1089 2447 1159 inquit,
2489 1088 2691 1158 diligite
2741 1103 2937 1144 uxores
2985 1096 3213 1157 vestras,
3259 1091 3400 1148 sicut
3440 1103 3497 1146 et

1922 1183 2175 1238 Christus
2201 1179 2391 1236 dilexit
2424 1179 2744 1245 Ecclesiam,
2779 1190 2835 1235 et
2885 1182 3235 1251 semetipsum
3277 1183 3496 1238 tradidit

1926 1294 2023 1348 pro
2049 1293 2137 1340 ea,
2170 1287 2228 1330 ut
2259 1276 2404 1330 illam
2449 1274 2817 1342 sauctificargt
2841 1314 2855 1338 ,
2892 1274 3157 1328 mundaus
3187 1288 3306 1329 eam
3347 1273 3496 1328 lava-

1925 1385 2019 1422 cro
2060 1383 2213 1437 aqua:
2252 1367 2302 1420 iu
2347 1365 2510 1419 verbo
2557 1367 2675 1420 vita:
2707 1365 2772 1418 ⁸ο.
2819 1385 2838 1417 ι
2881 1365 3083 1435 Ecquid
3123 1365 3304 1431 aliud,
3339 1367 3496 1421 obse-

1926 1476 2043 1523 cro,
2094 1457 2314 1512 verbum
2359 1466 2481 1522 est,
2518 1472 2616 1525 per
2659 1458 2803 1524 quod
2848 1472 3075 1526 corpore
3125 1473 3264 1526 aqua
3299 1460 3495 1512 munda

1926 1553 2106 1606 ahluto
2141 1564 2455 1620 purgamur,
2491 1564 2650 1617 quam
2685 1549 2812 1603 illud
2848 1549 3042 1616 ipsum,
3075 1549 3142 1602 de
3174 1565 3283 1618 quo
3307 1551 3496 1605 beatus

1926 1641 2122 1695 Paulus
2144 1639 2249 1693 alio
2283 1639 2401 1693 loco
2432 1639 2505 1693 ita
2535 1638 2719 1694 scribit
2746 1657 2760 1692 :
2794 1659 2810 1690 ι
2847 1639 2958 1694 lioc
2990 1649 3071 1696 est
3104 1643 3326 1696 verbum
3372 1643 3490 1697 fidei

1926 1732 2064 1801 quod
2107 1731 2505 1802 praedicamus:
2557 1730 2679 1798 quia
2721 1733 2765 1785 si
2816 1732 3122 1800 confitearis
3166 1732 3218 1786 in
3262 1747 3356 1786 ore
3405 1741 3495 1786 tuo

1931 1825 2213 1878 Dominum
2237 1820 2442 1885 Jesum,
2475 1831 2530 1875 et
2564 1822 2616 1875 in
2669 1824 2832 1876 corde
2879 1833 2970 1876 tuo
3009 1822 3304 1878 credideris
3351 1824 3494 1890 quod

254 1915 311 1964 ἐν
333 1914 396 1982 τῇ
419 1913 615 1984 καρδίᾳ
638 1930 752 1976 σου,
782 1914 860 1965 ὃτι
883 1914 911 1964 6
927 1914 1058 1975 Θεὸς
1083 1913 1244 1966 αὐτὸν
1270 1915 1489 1985 ἤγειρεν
1507 1917 1570 1968 ἐκ
1593 1915 1824 1986 νεκρῶν,

1934 1919 2072 1971 Deus
2104 1916 2250 1970 illum
2277 1915 2559 1970 suscitavit
2591 1930 2620 1968 a
2651 1915 2909 1978 mortuis,
2949 1915 3129 1969 salvus
3156 1914 3283 1970 eris.
3321 1914 3496 1970 Corde

256 2003 498 2074 σωθήσῃ.
546 2004 760 2074 Καρδίᾳ
810 2005 918 2074 γάρ
969 2004 1284 2058 πιστεύεται
1332 2009 1411 2070 είς
1455 2007 1824 2078 δικαιοσύνην,

257 2095 484 2164 στόματι
515 2095 572 2148 δέ
615 2095 952 2166 ὁμολογεῖται
1001 2099 1082 2162 εἰς
1130 2097 1444 2168 σωτηρίανς
1479 2118 1496 2150 ›
1533 2099 1740 2153 Οὐκοῦν
1778 2101 1825 2152 εί

257 2186 487 2257 Χριστὸν
530 2187 913 2256 ὁμολογοῦντες
962 2191 1019 2242 ἐν
1069 2194 1248 2243 πίστει
1281 2190 1586 2260 σωζόμεθα,
1619 2191 1736 2255 πῶς
1764 2193 1824 2245 ού

253 2275 384 2339 Θεὸς
415 2276 620 2346 ἀληθής
650 2280 817 2342 ἐστιν,
852 2280 930 2342 είς
962 2280 1022 2333 ὃν
1055 2281 1115 2333 τὸ
1145 2281 1243 2351 τῆς
1277 2282 1509 2344 πίστεως
1544 2285 1592 2335 εί
1619 2283 1828 2352 γένοιτο

258 2368 428 2438 ῥῆμα,
462 2368 852 2441 κεκαθάρμεθά
883 2389 944 2424 τε
979 2373 1075 2426 καὶ
1107 2373 1451 2443 ήγιάσμεθα;

583 2482 684 2538 Ἐκ
717 2481 824 2551 τῆς
856 2484 1007 2552 πρὸς
1038 2485 1507 2552 Φιλιππησίους.

331 2615 349 2648 ι
396 2597 460 2649 Τί
509 2598 652 2668 γάρ;
715 2599 868 2668 φησί.
922 2600 1066 2668 Πλὴν
1108 2603 1191 2654 ὅτι
1254 2603 1418 2654 παντὶ
1469 2602 1674 2672 τρόπῳ,
1719 2603 1828 2654 εἴτε

255 2687 544 2756 προφάσει,
566 2692 675 2743 εἴτε
693 2692 940 2762 ἀληθείᾳ,
957 2692 1188 2765 Χριστὸς
1209 2693 1653 2763 καταγγέλλεται.
1671 2714 1688 2743 ι
1703 2690 1828 2764 'Ap’

253 2777 346 2833 οὖν
364 2779 438 2844 ὡς
459 2781 746 2852 ἄνθρωπος
777 2785 1140 2854 τετιμημένος
1172 2785 1379 2856 χάριτι,
1409 2786 1488 2856 τῷ
1513 2789 1702 2856 κόσμῳ
1733 2806 1829 2857 κη-

259 2871 548 2940 ρύσσεται;
584 2873 778 2928 Καίτοι
829 2875 960 2928 Θεὸν
1004 2875 1034 2927 6
1068 2875 1270 2946 κόσμος
1303 2877 1519 2944 ἐπέγνω
1568 2879 1826 2948 Χριστὸν,

253 2966 318 3032 τῇ
365 2964 545 3016 πίστει
577 2965 908 3035 τετιμηκώς.
967 2966 1092 3029 Πῶς
1147 2963 1240 3021 οὖν
1279 2969 1340 3021 οὐ
1369 2968 1522 3032 Θεὸς,
1567 2971 1597 3020 ὁ
1621 2970 1678 3023 ἐν
1702 2969 1829 3042 δόξῃ

255 3057 504 3127 θεότητος
519 3057 594 3128 τῷ
623 3059 812 3130 κόσμῳ
833 3058 1364 3130 καταγγελλὸμενος;

329 3256 348 3289 ι
394 3239 808 3304 Συναθλοῦντες,
845 3240 1001 3311 φησὶ,
1036 3243 1102 3312 τῇ
1132 3241 1311 3295 πίστει
1366 3242 1458 3296 τοῦ
1488 3242 1824 3311 Εὔαγγελίου
1849 3229 1894 3287 (ἶ

257 3330 373 3398 (καὶ
396 3329 470 3400 μὴ
494 3331 820 3400 πτυρόμενοι
838 3333 894 3384 ἐν
917 3333 1106 3403 μηδενὶ
1123 3333 1226 3386 ὑπὸ
1249 3335 1356 3386 τῶν
1379 3335 1820 3405 ἀντικειμένων),

254 3422 375 3490 ἥτις
421 3421 607 3484 αὐτοῖς
663 3422 761 3492 μέν
811 3425 958 3476 ἐστιν
1013 3424 1232 3488 ἔνδειξις
1263 3425 1562 3490 ἀπωλείας,
1611 3428 1738 3497 ὑμῖν
1770 3429 1828 3482 δέ

260 3513 552 3583 σωτηρίας,
593 3513 687 3564 καὶ
718 3512 874 3566 τοῦτο
921 3514 1029 3568 άπὸ
1059 3515 1192 3568 Θεοῦ
1219 3534 1232 3546 ο
1267 3518 1346 3569 ὅτι
1386 3519 1513 3587 ὑμῖν
1564 3518 1828 3589 ἐχαρίσθη

255 3621 315 3655 το
347 3604 486 3674 ὑπὲρ
521 3603 778 3673 Χριστοῦ,
816 3605 874 3656 ού
915 3605 1072 3674 μόνον
1103 3606 1164 3659 τὸ
1208 3609 1286 3670 είς
1338 3609 1500 3661 αὑτὸν
1530 3610 1823 3674 πιστεύειν,

255 3695 388 3748 ἀλλὰ
418 3697 513 3749 καὶ
543 3695 604 3748 τὸ
639 3696 779 3768 ὑπὲρ
823 3697 988 3750 αὐτοῦ
1034 3699 1283 3768 πάσχειν.
1323 3719 1340 3750 ι
1398 3702 1460 3753 Et
1502 3703 1559 3754 ἐν
1607 3703 1828 3772 χάριτος

259 3788 414 3860 μέρει
438 3789 706 3858 δεχόμεθα
748 3789 899 3860 παρὰ
931 3788 1065 3842 Θεοῦ
1101 3791 1162 3843 τὸ
1193 3791 1469 3844 πιστεύειν
1496 3794 1552 3845 ἐν
1583 3793 1824 3864 Χριστῷ,

254 3881 316 3934 ού
345 3879 740 3953 πεπλανήμεθα
769 3881 827 3933 δὲ
857 3880 945 3934 διὰ
978 3881 1137 3934 τοῦτο
1181 3882 1404 3952 μᾶλλον,
1433 3884 1550 3937 ἀλλ’
1579 3884 1826 3952 ἐγνώκα-

259 3988 357 4039 μεν
385 3972 476 4026 τὸν
504 3973 661 4040 φύσει
688 3990 748 4025 τε
777 3973 871 4025 καὶ
903 3973 1118 4041 άληθῶς
1149 3974 1282 4029 ὄντα
1311 3976 1468 4028 Θεόνο
1504 3977 1620 4041 πῶς
1646 3977 1712 4030 ἂν
1743 3979 1828 4030 ἐν·

254 4062 484 4116 δοιάσειέ
510 4081 613 4127 τις,
649 4065 730 4116 ὅτι
760 4064 890 4127 Θεὸς
922 4066 950 4116 6
977 4065 1245 4135 Χριστό;;

617 4197 718 4250 Ἐκ
746 4195 854 4265 τῆς
889 4197 1039 4264 πρὸς
1078 4197 1354 4265 Τιμόθεον
1398 4203 1470 4250 α’.

329 4328 347 4360 ι
395 4308 590 4371 Πιστὸς
618 4310 647 4361 6
690 4308 867 4377 λόγος,
899 4309 992 4361 καὶ
1020 4309 1199 4378 πάσης
1233 4309 1500 4380 ἀποδοχῆς
1537 4310 1706 4376 ἄξιος,
1743 4312 1824 4365 ὅτι

254 4401 485 4471 Χριστὸς
525 4401 734 4472 Ἰησοῦς
772 4397 934 4471 ἦλθεν
979 4402 1057 4464 είς
1103 4401 1194 4453 τὸν
1225 4401 1426 4470 κόσμον
1471 4403 1824 4472 ἁμαρτωλοὺς

256 4490 447 4554 σώσαι,
483 4483 558 4543 ὧν
605 4489 821 4560 πρῶτός
863 4491 976 4560 είμι
1009 4490 1149 4556 ἐγώ’
1196 4489 1330 4544 ἀλλὰ
1360 4490 1450 4544 διὰ
1481 4491 1637 4544 τοῦτο
1664 4493 1823 4562 ὴλεή·

1927 2009 2070 2064 enim
2111 2008 2350 2062 creditur
2376 2007 2444 2061 ad
2465 2007 2754 2075 justitiam,
2784 2022 2876 2060 ore
2903 2016 3081 2060 autem
3131 2006 3188 2059 fit
3230 2005 3494 2060 confessio

1927 2103 1993 2154 ad
2027 2100 2256 2156 salutem
2293 2100 2358 2153 ⁶¹.
2398 2119 2414 2150 ι
2449 2098 2504 2153 Si
2538 2099 2718 2166 itaque
2742 2098 3017 2152 Christum
3051 2099 3368 2167 profitentes
3400 2113 3496 2167 per

1928 2194 2084 2246 iidem
2113 2191 2407 2256 suivamur,
2432 2193 2764 2260 verhumque
2792 2190 2912 2244 fidei
2939 2191 3002 2244 de
3029 2190 3118 2244 illo
3148 2190 3492 2258 pra‘dicatum

1927 2283 2189 2352 complexi
2227 2297 2516 2351 purgamur
2557 2291 2610 2335 et
2653 2280 3089 2346 sauetificamur,
3143 2279 3413 2350 quomodo
3452 2282 3495 2336 is

1926 2392 2086 2431 verus
2115 2374 2250 2429 Deus
2279 2390 2382 2428 non
2417 2373 2537 2428 est?

2286 2488 2366 2544 Ea.
2394 2489 2628 2558 Epistula
2659 2490 2727 2541 ad
2761 2488 3144 2558 Philippenses.

2004 2621 2022 2653 ι
2059 2601 2198 2668 Quid
2230 2601 2412 2655 enim?
2443 2599 2660 2669 (inquit)
2694 2599 2827 2653 Dum
2861 2599 3007 2651 omni
3049 2598 3226 2662 modo,
3261 2597 3373 2650 sive
3403 2611 3496 2663 per

1928 2694 2288 2757 occasionem,
2317 2692 2430 2746 sive
2465 2707 2558 2766 per
2594 2690 2872 2744 veritatem
2920 2689 3170 2744 Christus
3214 2687 3496 2741 annuntie-

1933 2795 2020 2838 tur
2046 2784 2110 2836 θ’.
2154 2801 2171 2834 ι
2232 2781 2481 2850 Nunquid
2525 2793 2582 2835 ut
2619 2782 2778 2835 homo
2827 2782 3005 2835 divina
3055 2780 3228 2848 gratia
3276 2788 3498 2832 ornatus

1930 2875 2131 2928 mundo
2161 2873 2552 2928 annuutietur?
2600 2874 2760 2941 Atqui
2810 2873 3040 2926 mundus
3086 2870 3359 2926 Christum
3403 2883 3498 2938 per

1931 2968 2089 3020 fidem
2121 2965 2323 3032 colens,
2348 2965 2414 3017 ad
2445 2964 2536 3018 Dei
2571 2965 2897 3034 agnitionem
2925 2965 3188 3018 adductus
3211 2971 3311 3018 est.
3350 2961 3498 3028 Quo—

1932 3059 2089 3110 modo
2119 3058 2163 3110 is
2194 3071 2324 3125 ergo
2360 3055 2500 3111 Deus
2532 3073 2635 3110 non
2663 3067 2768 3123 est,
2789 3057 2877 3125 qui
2929 3057 2980 3110 in
3024 3056 3217 3111 divina:
3249 3055 3498 3124 majesta-

1934 3150 2002 3202 tis
2034 3147 2207 3216 gloria
2236 3149 2432 3202 mundo
2459 3148 2779 3217 praedicatus
2808 3149 2931 3204 est?

2003 3258 2022 3290 ι
2055 3239 2460 3294 Cullaborantes
2506 3239 2626 3293 fidei
2663 3239 2934 3309 Evangelii
2982 3240 3080 3310 (et
3127 3241 3179 3295 in
3214 3241 3359 3295 nullo
3391 3251 3501 3297 ter-

1930 3331 2155 3386 reamini
2181 3331 2250 3385 ab
2274 3330 2644 3401 adversariis),
2681 3347 2800 3400 quae
2831 3330 2936 3384 illis
2971 3347 3130 3386 causa
3180 3333 3499 3401 perditionis

1927 3431 2034 3484 est,
2065 3421 2221 3475 vobis
2252 3430 2430 3474 autem
2462 3420 2650 3476 salutis
2675 3464 2689 3486 ,
2731 3431 2782 3475 et
2816 3423 2916 3476 hoc
2943 3437 2971 3474 a
3007 3421 3118 3476 Deo
3145 3439 3159 3477 :
3190 3425 3311 3492 quia
3347 3424 3498 3478 vobis

1929 3513 2186 3566 donatum
2214 3520 2296 3566 est
2328 3526 2425 3580 pro
2448 3512 2692 3578 Christo,
2725 3527 2829 3566 non
2855 3513 3026 3567 solum
3059 3523 3114 3566 ut
3142 3514 3192 3566 in
3221 3529 3345 3568 cum
3377 3530 3499 3570 ere-

1929 3603 2090 3666 datis,
2121 3604 2216 3658 sed
2248 3612 2306 3656 ut
2337 3602 2500 3657 etiam
2541 3619 2639 3672 pro
2683 3603 2772 3657 illo
2822 3604 3098 3673 patiamini
3133 3607 3197 3659 ⁸³.
3239 3625 3259 3659 ι
3306 3607 3362 3660 Si
3399 3608 3500 3662 hoc

1929 3709 1957 3745 a
1999 3693 2108 3747 Deo
2138 3693 2191 3746 in
2218 3693 2404 3762 gratiae
2455 3693 2576 3747 loco
2608 3693 2903 3762 accipimus
2924 3735 2938 3758 ,
2973 3695 3114 3762 quod
3146 3697 3194 3749 in
3225 3697 3496 3752 Christum

1927 3781 2222 3844 credimus,
2277 3797 2448 3848 neque
2492 3797 2588 3850 per
2641 3782 2740 3836 hoc
2783 3783 2834 3835 in
2872 3799 3114 3838 errorem
3159 3785 3496 3850 abducimur,

1928 3874 2020 3927 sed
2047 3873 2100 3927 in
2125 3873 2240 3942 ejus
2260 3874 2436 3942 potius
2459 3874 2820 3943 cognitionem
2859 3876 3196 3942 adducimur,
3221 3877 3309 3946 qui
3338 3891 3499 3931 verus

1925 3966 2219 4018 secundum
2255 3976 2503 4018 naturam
2549 3966 2689 4020 Deus
2733 3975 2855 4020 est:
2907 3970 3173 4034 quomodo
3221 3970 3497 4024 Christum

1929 4057 2094 4112 Deum
2129 4073 2266 4122 esse,
2305 4058 2578 4128 ambigere
2601 4059 2727 4127 quis
2754 4060 2953 4128 queat?

2245 4191 2404 4263 124
2432 4192 2515 4246 Ea:
2543 4195 2707 4262 priori
2739 4194 2806 4247 ad
2842 4196 3182 4250 Timotheum.

2005 4327 2022 4358 ‹
2061 4305 2258 4362 Fidelis
2282 4323 2481 4372 sermo,
2506 4317 2559 4360 et
2584 4307 2729 4361 omni
2767 4309 3079 4378 acceptione
3108 4311 3323 4377 dignus,
3353 4315 3494 4379 quod

1927 4399 2176 4452 Christus
2209 4397 2370 4454 Jesus
2415 4399 2559 4452 venit
2593 4399 2645 4452 in
2703 4399 2845 4454 hunc
2887 4402 3140 4453 mundum
3187 4413 3495 4469 peccatores

1928 4491 2109 4544 salvos
2137 4490 2354 4555 facere;
2384 4505 2611 4558 quorum
2642 4494 2847 4558 primus
2886 4507 2984 4560 ego
3019 4508 3136 4543 sum
3170 4509 3181 4544 :
3239 4491 3331 4544 sed
3377 4491 3496 4544 ideo

253 4581 374 4651 θην,
409 4582 497 4636 ἵνα
523 4583 579 4634 ἐν
610 4582 733 4650 ἐμοὶ
764 4579 963 4650 πρώτῳ
987 4578 1196 4651 ἐνδείξῃ
1220 4571 1698 4649 Χριστὸς”Ιησοῦς
1727 4580 1825 4651 τὴν

1930 4583 2355 4636 misericordiam
2397 4592 2721 4638 consecutus
2783 4599 2924 4648 sum,
2986 4593 3043 4635 ut
3096 4583 3149 4636 iu
3199 4599 3283 4636 me
3323 4585 3496 4651 primo

254 4671 471 4724 ἃπασαν
519 4670 919 4741 μακροθυμίαν,
971 4668 1106 4739 πρὸς
1160 4669 1506 4722 ὑποτύπωσιν
1541 4669 1646 4721 τῶν
1694 4671 1822 4738 μελ-

252 4763 451 4816 λόντων
483 4760 756 4815 πιστεύειν
797 4762 882 4812 ἐπ’
912 4761 1061 4830 αὐτῷ
1109 4763 1189 4824 εἰς
1237 4760 1380 4831 ζωὴν
1420 4763 1656 4814 αίώνιον.
1706 4762 1822 4818 LE!

255 4851 610 4924 ἁμαρτωλοὺς
657 4849 817 4915 σώζει
862 4850 1116 4922 Χριστὸς,
1166 4853 1262 4903 καὶ
1317 4850 1661 4921 μακροθυμεῖ
1711 4854 1823 4915 τοῖς

255 4941 708 5014 πλημμελήμασι,
755 4941 1040 5012 δεχόμενος
1085 4940 1265 4994 αὐτῶν
1299 4940 1398 5010 τὴν
1445 4943 1819 5011 μετάγνωσιν·

252 5036 348 5087 καὶ
377 5035 527 5089 πάσα
555 5033 710 5104 ἡμῶν
738 5035 772 5103 ἡ
801 5033 982 5095 πίστις
1024 5034 1107 5086 ἐπ’
1149 5033 1318 5102 αὐτῷ,
1363 5034 1456 5085 καὶ
1499 5033 1585 5086 διὰ
1615 5034 1713 5102 τῆς
1745 5036 1822 5096 εἰς

253 5131 414 5182 αὐτὸν
445 5129 678 5191 πίστεως
705 5128 802 5198 τὴν
832 5127 977 5195 ζωὴν
1005 5128 1103 5199 τὴν
1132 5127 1346 5182 αίώνιον
1377 5129 1818 5198 κεκερδήκαμεν·

255 5220 368 5283 πῶς
401 5220 462 5273 οὐ
492 5220 623 5282 Θεὸς
671 5219 754 5289 εἴη
804 5219 906 5284 άν;
938 5219 1020 5271 ὅτι
1067 5219 1164 5272 καὶ
1211 5218 1357 5288 μόνῳ
1388 5218 1505 5286 Θεῷ
1537 5219 1734 5289 πρέποι
1758 5218 1823 5272 ἂν

252 5310 475 5372 εἰκότως
523 5309 583 5361 τὸ
632 5311 723 5362 καὶ
773 5307 966 5372 σώζειν
1017 5308 1275 5362 δύνασθαι
1316 5308 1407 5360 τὸν
1441 5309 1664 5378 κόσμον,
1703 5311 1822 5380 ἢτοι

249 5402 376 5464 τοῦς
417 5403 475 5452 ἐν
517 5401 592 5469 τῷ
629 5402 836 5472 κόσμῳ,
871 5402 963 5454 καὶ
1015 5401 1386 5472 μακροθυμεῖν
1422 5404 1533 5463 τοῖς
1574 5403 1823 5472 ἁμαρτά-

252 5509 435 5557 νουσι,
504 5492 598 5545 καὶ
661 5491 942 5554 ζωοποιεῖν
1006 5491 1092 5543 διὰ
1156 5493 1253 5560 τῆς
1303 5491 1538 5554 πίστεως
1591 5491 1691 5559 τῆς
1744 5492 1824 5554 είς

253 5583 460 5636 ἔαυτόν.

255 5854 298 5884 ⁵⁸
323 5854 518 5924 Ephes.
550 5869 629 5917 ιιι,
665 5854 718 5917 ε,
748 5852 800 5906 9.
851 5853 893 5882 ⁶¹⁰
922 5851 1112 5922 Epites.
1153 5867 1199 5914 ν,
1230 5849 1318 5912 25,
1351 5847 1439 5903 26.
1479 5850 1518 5880 “
1553 5848 1706 5902 Rern.
1745 5865 1797 5911 Χ,

1933 5847 1983 5900 0.
2031 5848 2071 5878 “
2108 5847 2336 5918 Philipp.
2365 5866 2400 5912 ι,
2453 5850 2530 5902 i3.

1925 4675 2235 4729 oswnderet
2286 4674 2532 4729 Christus
2575 4673 2728 4728 Jesus
2776 4690 2990 4728 omnem
3034 4675 3380 4743 patientiam,
3428 4677 3496 4730 ad

1927 4765 2360 4818 informationem
2394 4780 2579 4818 eorum
2624 4766 2712 4832 qui
2757 4765 3012 4818 credituri
3063 4773 3191 4818 sunt
3223 4765 3296 4818 illi
3340 4766 3389 4819 in
3423 4766 3499 4819 vi-

1926 4865 2035 4907 tam
2064 4864 2321 4908 mteruam
2354 4855 2419 4906 ⁵⁸.
2453 4874 2471 4906 ι
2506 4853 2561 4908 Si
2594 4855 2842 4909 Christus
2866 4851 3021 4908 Jesus
3049 4865 3360 4921 peccatores
3388 4854 3497 4906 sal-

1925 4959 2033 5013 vat,
2070 4949 2442 5018 patienterque
2471 4948 2661 5001 delicta
2711 4947 2924 5008 tolerat,
2974 4946 3185 4998 illorum
3229 4944 3500 5013 poeniten-

1928 5041 2054 5094 tiam
2085 5051 2442 5106 exspectans;
2485 5040 2528 5094 si
2565 5051 2673 5094 tota
2710 5039 2841 5094 fides
2879 5046 3064 5093 nostra
3105 5039 3156 5091 in
3188 5039 3362 5106 ipsum
3388 5038 3497 5090 fer-

1927 5144 2033 5196 tur,
2064 5143 2117 5184 et
2144 5147 2238 5200 per
2265 5131 2422 5183 fidem
2451 5130 2706 5200 denique.
2735 5146 2853 5197 quae
2883 5140 2966 5182 est
2998 5131 3048 5182 in
3094 5129 3266 5196 ipsum
3287 5169 3301 5191 ,
3329 5129 3494 5182 vitam

1924 5229 2178 5275 aeternam
2239 5218 2636 5287 adipiscimur:
2687 5221 2958 5288 quomodo
3021 5234 3124 5272 non
3185 5229 3267 5272 est
3315 5216 3494 5272 Deus?

1925 5309 2358 5379 quandoquidem
2386 5309 2665 5373 mundum,
2695 5311 2796 5364 hoc
2822 5320 2924 5374 est,
2956 5326 3050 5366 eos
3082 5312 3173 5380 qui
3211 5313 3261 5364 in
3297 5313 3493 5366 mundo

1926 5401 2028 5454 hoc
2077 5401 2319 5468 degunt,
2372 5413 2530 5465 posse
2578 5401 2827 5465 Salvare,
2871 5401 3250 5470 longanimiter
3310 5403 3493 5455 adluec

1925 5501 2237 5561 peccatores
2274 5492 2434 5556 ferre,
2485 5492 2649 5545 vitam
2684 5503 2956 5562 postremo
3000 5507 3096 5561 per
3133 5494 3290 5547 fidem
3337 5493 3388 5545 in
3433 5491 3495 5544 il-

1929 5587 2036 5635 lum
2079 5583 2376 5650 impertiri;
2408 5584 2456 5637 id
2490 5585 2682 5639 merito
2714 5584 2767 5638 in
2802 5585 2972 5639 solum
3007 5582 3172 5637 Deum
3205 5586 3496 5637 convenire

1925 5684 2154 5743 oportet.

2614 5852 2654 5880 ”
2687 5851 2814 5904 ibid.
2853 5853 2942 5905 9.8.
3025 5853 3067 5882 "'
3100 5851 3117 5903 Ι
3153 5849 3295 5903 Titii.
3331 5862 3370 5914 l,
3409 5849 3492 5902 i5.
