4000 6326
548 409 673 463 1⁵51
1540 406 1597 461 S.
1640 404 1918 460 CYRlLLl
1956 403 2112 459 ALE}

2217 402 2425 460 iDRlNl
2462 404 2780 461 ARCHIEP.
3657 401 3796 457 1⁸552

618 542 637 577 ι
680 524 746 578 Ει
789 523 1075 580 manifeste
1117 538 1368 595 magnum
1407 534 1489 578 est
1533 526 1751 595 pietatis
1810 538 2112 580 sacramen-

2301 546 2318 576 ι
2366 526 2475 580 Ka‘t.
2507 526 2952 596 ὁμολογουμένως
2993 524 3133 596 μέγα
3158 524 3272 576 ἐστὶ
3298 522 3359 575 τὸ
3383 521 3481 589 τῆς
3510 518 3795 581 εὐσεϐείας

544 631 683 681 ιιιιη,
715 614 859 685 quod
894 613 1296 669 manifestatum
1323 624 1408 670 est
1439 615 1491 668 in
1531 628 1731 679 carne,
1758 614 2112 682 justillcatum

2221 618 2515 687 μυστήριον
2535 634 2548 647 ·
2594 615 2726 677 Θεὸς
2755 614 3069 686 ἐφανερώθη
3105 615 3163 689 ἐν
3194 612 3377 683 σαρκὶ,
3405 608 3701 677 ἐδικαιώθη
3737 611 3795 661 ἐν

542 715 627 759 εει
665 705 719 759 in
764 703 993 775 Spiritu,
1042 705 1294 776 apparuit
1340 705 1574 774 angelis,
1627 706 1973 775 praedicatum
2034 713 2112 759 est

2220 708 2514 776 Πνεύματι,
2533 706 2689 778 ὤφθη
2720 705 2991 775 ἀγγέλοις.
3020 703 3297 785 ἐκηρύχθη
3322 705 3380 756 ἐν
3409 702 3641 766 ἔθνεσιν,
3676 703 3796 753 ἐπιδ

543 797 815 866 gentibus,
862 797 1126 852 creditum
1159 807 1245 853 est
1290 798 1341 852 in
1396 798 1628 863 mundo,
1664 808 1996 867 assumptum
2036 805 2112 852 est

2220 798 2415 868 πεύθη
2441 799 2499 850 ὲν
2525 797 2733 866 κόσμῳ,
2762 794 3037 866 ἀνελήφθη
3065 797 3122 848 ἐν
3144 793 3290 864 δόξῃ.
3325 810 3343 843 ι
3370 790 3465 854 Τίς
3490 792 3517 843 6
3547 791 3606 842 ἐν
3625 793 3793 858 σαρκὶ

548 888 600 940 in
640 887 812 959 gloria
845 887 914 943 ⁸⁵.
950 906 970 940 ι
1001 888 1133 956 Quis
1164 890 1230 954 is,
1259 903 1466 958 quaeso,
1488 898 1593 953 est,
1622 890 1714 959 qui
1740 891 1793 945 in
1822 903 1985 945 carne
2009 903 2119 943 ma-

549 978 834 1035 nifestalus
861 980 984 1035 est?
1021 981 1210 1034 Annon
1259 981 1432 1036 modis
1474 980 1727 1036 omnibus
1775 981 2115 1050 perspicuum

547 1080 650 1133 εει,
687 1085 795 1125 non
844 1070 1008 1125 alium
1046 1086 1202 1137 esse,
1251 1087 1411 1142 quam
1469 1074 1756 1143 ipsummet
1800 1072 1894 1128 Dei
1943 1072 2118 1129 Patris

552 1154 821 1213 Verbum?
852 1156 988 1214 Hinc
1016 1174 1250 1229 namque
1287 1176 1538 1231 magnum
1581 1160 1708 1217 illud
1754 1162 1971 1231 pietatis
2000 1176 2119 1232 my-

550 1249 775 1304 sterium
832 1251 1180 1319 perspicitur.
1227 1250 1326 1307 Hic
1370 1262 1548 1307 autem
1602 1252 1671 1307 ab
1720 1254 1927 1323 angelis
1970 1253 2117 1308 visus

547 1350 651 1405 cst,
686 1355 806 1395 cum
838 1342 891 1395 in
926 1341 1123 1396 caalum
1153 1351 1439 1412 susceptus
1464 1352 1579 1409 est;
1609 1343 1927 1411 praedicatus
1956 1357 2116 1412 porro

547 1432 798 1499 gentibus
829 1443 912 1488 est
934 1448 1031 1505 per
1061 1444 1281 1491 sanctos
1313 1435 1585 1504 apostolos
1618 1457 1630 1492 :
1672 1437 1909 1492 creditus
1935 1446 2114 1490 autem

546 1532 630 1576 εει
657 1523 708 1577 in
738 1524 959 1580 mundo.
997 1523 1103 1581 Sed
1145 1526 1385 1596 nunquid
1421 1527 1563 1582 istud
1594 1528 1740 1581 velut
1767 1527 1927 1584 homo
1956 1527 2115 1583 abso-

548 1614 656 1670 lme
690 1624 749 1669 ut
776 1616 912 1671 nos?
934 1614 1305 1688 Nequaquam,
1334 1633 1522 1673 verum
1553 1629 1611 1673 ut
1653 1618 1795 1675 Deus
1841 1620 1891 1673 in
1931 1635 2114 1685 carne,

548 1704 812 1775 nobisque
837 1706 1031 1763 similis
1056 1706 1305 1763 ell‘ectus.
1336 1709 1660 1779 Assumptus
1692 1709 1906 1764 tandem
1948 1719 2029 1764 est
2062 1710 2115 1764 in

548 1797 757 1867 gloria,
806 1815 912 1870 quo
962 1800 1129 1857 Deum
1174 1811 1230 1857 et
1285 1801 1501 1858 Patrem
1556 1804 1823 1859 dicentem
1882 1806 2112 1861 audiat:

554 1907 572 1941 ι
605 1888 745 1946 Sede
773 1906 804 1946 a
832 1892 1039 1948 dextris
1077 1894 1234 1960 meis,
1263 1895 1436 1950 donec
1475 1910 1670 1965 ponam
1720 1896 1967 1952 inimicos
1997 1908 2115 1953 tuos
2147 1872 2188 1925 Β

546 1981 838 2038 scabellum
865 1983 1062 2053 pedum
1097 1994 1312 2041 tuorum
1335 1988 1402 2041 “.
1439 2006 1459 2040 ι

992 2119 1079 2175 Ea:
1114 2120 1357 2191 Epistola
1385 2124 1455 2178 ad
1485 2086 1680 2179 Titum.

619 2248 638 2280 ι
674 2228 877 2286 Fidelis
898 2244 1077 2285 sermo
1098 2239 1183 2286 est
1206 2245 1222 2285 :
1249 2238 1303 2286 et
1328 2232 1395 2287 de
1421 2232 1506 2287 his
1527 2233 1648 2287 volo
1675 2244 1725 2287 te
1746 2234 2070 2289 confirmare
2092 2252 2107 2301 ;

545 2329 601 2374 nt
661 2330 852 2377 curent
902 2322 1059 2378 bonis
1125 2323 1380 2394 operibus
1444 2339 1678 2394 pricesse
1741 2328 1831 2394 qui
1887 2328 2117 2382 credunt

546 2410 654 2467 Deo
680 2411 745 2466 ⁸⁷.
780 2430 799 2465 ›
833 2411 1083 2483 Nunquid
1123 2416 1213 2484 qui
1263 2414 1316 2469 in
1363 2414 1530 2471 Deum
1563 2417 1813 2481 credunt,
1850 2418 1901 2472 in
1955 2418 2111 2473 Chri-

543 2514 683 2557 stum
729 2519 834 2560 non
884 2507 1150 2562 credunt?
1189 2507 1348 2576 Atqui
1378 2508 1569 2564 beatus
1611 2508 1844 2565 Joannes
1888 2513 2001 2567 haec
2047 2511 2115 2567 de

545 2597 633 2648 illo
686 2597 885 2652 diserte
927 2599 1186 2668 eXponit:
1220 2619 1239 2651 ι
1299 2599 1604 2670 Quotquot,
1647 2603 1851 2671 inquit,
1892 2617 2114 2674 recepe-

543 2696 661 2741 ltllll
694 2704 840 2756 enm,
872 2689 1021 2745 dedit
1049 2692 1128 2746 eis
1172 2703 1494 2762 potestatem
1549 2694 1691 2749 lilios
1721 2695 1814 2750 Dei
1855 2695 1993 2760 fieri,
2028 2696 2113 2752 his

541 2780 629 2847 qui
668 2780 824 2852 125
871 2784 1095 2837 credunt
1144 2784 1195 2838 in
1237 2787 1453 2839 nomine
1494 2784 1701 2855 ejus“.
1742 2807 1761 2841 ι
1810 2787 2114 2843 Subscribit

544 2873 627 2923 his
654 2887 703 2926 et
733 2874 844 2942 ipse
868 2875 1056 2929 beatus
1075 2874 1274 2931 Paulus
1294 2892 1505 2946 quoque
1529 2895 1543 2931 :
1568 2878 1646 2932 ait
1670 2880 1811 2933 enim
1839 2895 1854 2932 :
1884 2898 1901 2930 ι
1924 2878 2113 2935 Scien~

544 2973 624 3016 tcs
657 2962 799 3031 quod
830 2978 936 3016 non
963 2962 1298 3032 jnstiﬁcatnr
1334 2967 1492 3018 homo
1541 2982 1606 3020 ex
1647 2968 1900 3033 operibus
1937 2966 2069 3034 legis
2093 3006 2109 3033 ,

543 3051 643 3105 nisi
671 3068 767 3121 per
794 3053 949 3106 fidem
981 3051 1106 3107 Jesu
1135 3052 1374 3119 Christi;
1412 3064 1463 3107 et
1502 3069 1600 3109 nos
1644 3054 1695 3107 in
1732 3054 1948 3109 Christo
1984 3052 2111 3110 Jesu

2219 887 2589 959 φανερωθείς;
2618 888 2651 959 ἢ
2683 886 2839 957 δῆλον
2870 886 2950 939 ὃτι
2987 885 3162 952 πάντη
3194 900 3255 935 τε
3287 882 3381 934 καὶ
3413 881 3630 942 πάντως
3660 880 3692 932 ὁ
3727 881 3794 931 ἐκ

2217 979 2353 1033 Θεοῦ
2388 978 2599 1049 Πατρὸς
2630 978 2834 1046 Λόγος;
2865 976 3021 1030 Οὕτω
3067 974 3175 1045 γὰρ
3216 973 3366 1025 ἔσται
3414 971 3557 1042 μέγα
3586 969 3649 1022 τὸ
3693 970 3792 1038 τῆς

2217 1071 2499 1135 εὐσεϐείας
2548 1071 2865 1140 μυστήριον.
2916 1067 3049 1131 Θεὸς
3109 1062 3427 1135 ἐφανερώθη
3484 1063 3542 1114 ἐν
3599 1062 3790 1131 σαρκὶ,

2217 1162 2375 1233 ὤφθη
2403 1162 2462 1215 δὲ
2495 1161 2747 1230 ἀγγέλοις
2778 1159 3086 1214 ἀναϐαίνων
3114 1158 3194 1221 εἰς
3235 1154 3526 1226 οὐρανούς·
3586 1150 3790 1220 ἐκηρύ-

2216 1254 2322 1325 χθη
2367 1253 2425 1306 ἐν
2452 1252 2629 1306 ἔθνεσι
2658 1251 2749 1305 διά
2782 1249 2890 1304 τῶν
2922 1247 3091 1319 ἁγίων
3118 1247 3451 1307 ἀποστόλων,
3492 1240 3793 1309 ἐπιστεύθη

2214 1348 2271 1401 δέ
2315 1347 2374 1401 ἐν
2409 1346 2631 1416 κόσμῳ·
2683 1344 2779 1398 καὶ
2812 1341 2928 1396 οὔτι
2978 1339 3081 1393 πού
3126 1356 3327 1411 φαμεν,
3376 1338 3458 1391 ὅτι
3488 1336 3611 1389 καθ’
3643 1336 3794 1404 ἡμᾶς

2216 1437 2500 1509 ἅνθρωπος
2546 1435 2757 1499 ἀπλῶς,
2790 1434 2904 1488 ἀλλ’
2932 1432 3008 1496 ὼς
3050 1431 3184 1495 Θεὸς
3222 1431 3280 1483 ἐν
3323 1428 3489 1501 σαρκὶ
3534 1427 3633 1480 καὶ
3666 1427 3790 1480 καθ’

2214 1530 2365 1599 ἡμᾶς
2393 1527 2653 1597 γεγονώς.
2695 1524 2996 1595 Ἀνελήφθη
3044 1523 3102 1577 δέ
3146 1523 3241 1576 καὶ
3289 1522 3347 1574 ἐν
3378 1521 3525 1593 δόξῃ,
3576 1520 3667 1571 ἵνα
3700 1518 3792 1569 λέ-

2215 1636 2403 1687 γοντος
2446 1616 2653 1689 ἀκούσῃ
2684 1615 2778 1670 τοῦ
2822 1613 2957 1669 Θεοῦ
3004 1613 3101 1668 καὶ
3137 1610 3376 1683 Πατρός·
3422 1631 3441 1662 ι
3493 1609 3681 1663 Κάθου
3728 1610 3795 1660 ἐκ

2215 1710 2405 1776 δεξιῶν
2451 1726 2575 1781 μου,
2604 1708 2711 1772 ’ἐως
2739 1707 2806 1760 ἂν
2843 1705 2921 1761 θῶ
2949 1706 3075 1769 τοὺς
3116 1702 3340 1775 ἐχθρούς
3376 1718 3468 1755 σου
3499 1699 3797 1754 ὑποπόδιον

2216 1802 2323 1856 τῶν
2353 1800 2529 1858 ποδῶν
2558 1817 2674 1855 σου.
2722 1818 2741 1851 ι

2671 2103 2772 2158 Ἐκ
2820 2101 2929 2171 τῆς
2962 2100 3114 2171 πρὸς
3152 2100 3336 2156 Τίτον.

2292 2241 2309 2272 ι
2356 2219 2554 2282 Πιστὸς
2596 2219 2625 2272 6
2670 2216 2859 2285 λόγος·
2890 2213 3142 2282 καὶπερὶ
3186 2210 3388 2265 τούτων
3420 2210 3687 2280 βούλομαί
3732 2227 3795 2263 σε

2213 2310 2677 2372 διαϐεϐαιοῦσθαι,
2725 2309 2813 2362 ἵνα
2842 2305 3171 2378 φροντίζωσι
3214 2302 3396 2357 καλῶν
3434 2303 3615 2373 ἔργων
3654 2319 3793 2372 προ·

2218 2403 2463 2458 ίστασθαι
2492 2403 2542 2455 οί
2563 2399 2988 2462 πεπιστευκότες
3008 2396 3087 2468 τῷ
3115 2394 3252 2466 Θεῷ.
3284 2413 3302 2446 ι
3329 2391 3452 2464 'Ap‘
3473 2390 3567 2447 οὖν
3590 2395 3643 2447 οἱ
3674 2394 3797 2465 Θεῷ

2214 2496 2582 2557 πιστεύοντες,
2605 2492 2707 2545 οὐκ
2730 2493 2811 2555 είς
2844 2490 3079 2561 Χριστὸν
3110 2484 3541 2551 πεπιστεύκασι;
3592 2486 3798 2540 Καίτοι

2214 2592 2387 2660 λέγων
2412 2591 2605 2661 όρᾶται
2642 2587 2875 2657 σαφῶςὸ
2911 2585 3180 2657 μακάριος
3221 2584 3477 2651 Ἰωάννης
3519 2582 3652 2652 περί
3697 2581 3799 2633 αῦ-

2212 2685 2340 2739 τοῦ·
2378 2702 2397 2735 ‹
2435 2684 2587 2737 Ὅσοι
2624 2682 2683 2735 δὲ
2728 2679 2920 2733 ἔλαϐον
2957 2675 3143 2742 αὑτὸν,
3187 2675 3389 2729 ἔδωκεν
3414 2674 3597 2735 αὐτοῖς
3644 2671 3797 2739 ἐξου-

2214 2775 2336 2828 σίαν
2380 2775 2545 2828 τέκνα
2588 2772 2723 2827 Θεοῦ
2775 2769 3049 2839 γενέσθαι,
3084 2768 3197 2831 τοῖς
3237 2766 3584 2820 πιστεύουσιν
3624 2765 3706 2825 εἰς
3732 2763 3797 2814 τὸ

2211 2870 2383 2938 ὄνομα
2412 2866 2600 2920 αὑτοῦ.
2638 2885 2657 2917 ι
2696 2864 2809 2919 Καὶ
2833 2863 2940 2934 μὴν
2965 2860 3059 2915 καὶ
3092 2860 3253 2923 αὐτὸς
3283 2859 3312 2910 ὁ
3345 2857 3615 2928 μακάριος
3645 2855 3797 2909 Παῦ-

2212 2959 2335 3022 λος·
2384 2977 2404 3011 ι
2440 2958 2655 3020 Είδότες
2700 2956 2757 3009 δέ
2804 2954 2996 3008 ὅτι.ού
3047 2950 3354 3006 δικαιοῦται
3399 2947 3685 3018 ἄνθρωπος
3732 2946 3797 3010 ἐξ

2212 3051 2390 3124 ἔργων
2420 3051 2609 3120 νόμου.
2647 3048 2744 3101 ἐὰν
2784 3047 2861 3118 μὴ
2903 3045 2992 3100 διὰ
3027 3043 3263 3107 πίστεως
3304 3039 3477 3112 Ἰησοῦ
3512 3039 3792 3112 Χριστοῦ·

541 3143 892 3209 ιϊειίίιιίηιιιε,
923 3154 981 3198 ιιι
1001 3144 1361 3214 jnstilicemur
1394 3146 1445 3199 in
1477 3148 1593 3215 ipso
1622 3147 1686 3198 ⁸⁸.
1739 3164 1757 3197 ι
1788 3146 1921 3200 Cum
1950 3146 2112 3217 igitur

2217 3146 2308 3199 καὶ
2357 3145 2519 3215 ἡμεῖς
2567 3144 2647 3206 εἰς
2702 3139 2939 3212 Χριστὸν
2981 3136 3187 3210 Ἰησοῦν
3233 3133 3659 3205 ἐπιστεύσαμεν,
3706 3134 3793 3186 ἴνα

539 3236 631 3303 qui
668 3234 884 3292 Christo
912 3237 1066 3292 ﬁdem
1102 3236 1354 3302 oll‘erunt,
1397 3240 1448 3291 in
1484 3240 1648 3293 Deum
1678 3238 1920 3304 credant,
1968 3254 2106 3310 quo-

2217 3204 2594 3305 δικαιωθῶμεν
2620 3204 2679 3288 ἐν
2699 3204 2867 3303 αύτῷ.
2891 3250 2910 3283 ι
2937 3204 3068 3285 Ὅτε
3094 3228 3274 3284 τοίνυν
3294 3226 3412 3296 Θεῷ
3439 3204 3793 3279 πιστεύουσιν

542 3331 699 3384 modo
728 3330 973 3386 Christus
1000 3347 1104 3386 non
1139 3341 1220 3387 est
1253 3346 1411 3387 verus
1444 3330 1624 3387 Deus?

913 3530 1067 3597 Quod
1101 3532 1230 3598 ﬁdes
1256 3534 1325 3587 sit
1358 3533 1412 3587 in
1442 3531 1735 3588 Christum.

808 3641 891 3695 E1:
926 3641 1210 3713 Evangelia
1241 3647 1524 3699 secundum
1556 3644 1839 3700 Joannem.

618 3773 637 3806 ι
675 3752 947 3824 Quotquot
975 3765 1153 3810 autem
1184 3765 1505 3827 receperunt
1533 3770 1680 3821 eum,
1715 3756 1861 3811 dedit
1904 3757 1983 3813 eis
2012 3772 2112 3826 po-

540 3855 792 3900 testatem
826 3844 966 3900 ﬁlios
996 3843 1091 3901 Dei
1130 3846 1270 3911 ﬂeri,
1307 3847 1392 3902 his
1427 3847 1519 3916 qui
1550 3847 1782 3902 credunt
1812 3848 1862 3901 in
1897 3849 2114 3903 nomine

540 3937 676 4005 ejus.
716 3954 737 3989 ι
775 3934 891 3991 Duo
912 3953 1033 4007 quae
1061 3937 1115 3991 in
1151 3936 1318 3993 Deum
1351 3940 1640 4009 quadrant,
1668 3938 1997 4007 coniunctim
2026 3941 2114 3995 hic

539 4027 690 4095 ponit
719 4044 734 4080 :
770 4043 875 4083 non
906 4030 1049 4084 enim
1086 4028 1189 4084 alia
1232 4030 1445 4085 ratione
1491 4030 1767 4087 Christum
1800 4031 2115 4101 complecti-

543 4136 682 4185 mur,
709 4135 871 4185 quam
900 4122 1040 4190 quod
1068 4121 1172 4178 ﬁde
1201 4121 1271 4189 .in
1307 4122 1459 4177 illum
1493 4126 1786 4189 tendimus,
1838 4125 1939 4179 hoc
1982 4138 2114 4181 vero

540 4212 810 4280 declarat,
845 4215 971 4268 dum
1008 4214 1130 4270 ait:
1188 4232 1207 4266 ι
1247 4213 1344 4271 His
1390 4216 1479 4286 qui
1527 4217 1755 4272 credunt
1800 4217 1851 4270 in
1894 4216 2113 4271 nomine

538 4306 655 4372 ejus
683 4320 696 4356 :
728 4324 750 4359 ι
793 4306 1064 4361 credimus
1086 4316 1265 4360 autem
1298 4306 1349 4360 in
1379 4307 1596 4362 nomine
1619 4308 1756 4377 ejus,
1790 4323 1896 4361 non
1923 4307 2112 4378 vulga-

539 4411 673 4460 rem,
722 4397 999 4464 nostrique
1040 4398 1272 4453 similem
1323 4398 1595 4453 hominem
1640 4400 1767 4463 rati,
1812 4401 1903 4455 sed
1941 4399 2108 4456 Deum

539 4489 900 4542 incarnatum.
929 4486 1163 4544 Rursum
1196 4490 1338 4558 quod
1364 4499 1684 4559 potestatem
1720 4494 1814 4546 dat
1849 4492 1986 4548 lilios
2011 4491 2105 4548 Dei

2211 3329 2262 3382 οί
2290 3326 2510 3400 Χριστῷ
2538 3325 2638 3397 τὴν
2667 3324 2847 3378 πίστιν
2892 3323 3281 3394 προσάγοντες,
3317 3318 3437 3383 πῶς
3461 3319 3563 3373 οὐκ
3610 3318 3681 3372 ἂν
3709 3320 3795 3389 εἴη

2212 3418 2344 3481 Θεὸς
2372 3415 2577 3487 ἀληθής
2595 3432 2609 3481 ;

2566 3533 2694 3586 Ὅτι
2723 3533 2809 3598 εἰς
2837 3530 3095 3600 Χριστὸν
3133 3530 3173 3597 ή
3209 3530 3434 3596 πίστις.

2419 3645 2514 3697 Ἐκ
2552 3643 2658 3699 τοῦ
2692 3641 2844 3697 κατὰ
2893 3643 3170 3711 Ἰωάννην
3198 3641 3594 3713 Εὐαγγελίου.

2292 3778 2310 3810 ι
2342 3757 2498 3811 "Odor.
2549 3756 2606 3810 δὲ
2632 3755 2823 3810 ἔλαϐον
2851 3756 3035 3823 αὐτὸν,
3070 3756 3271 3810 ἔδωκεν
3316 3756 3501 3818 αὐτοῖς
3541 3755 3794 3821 ἐξουσίαν

2213 3850 2380 3903 τέκνα
2406 3847 2539 3902 Θεοῦ
2570 3848 2843 3916 γενέσθαι,
2874 3850 2988 3912 τοῖς
3032 3848 3377 3901 πιστεύουσιν
3418 3849 3500 3913 είς
3532 3848 3594 3902 τὸ
3623 3849 3792 3917 ὄνομα

2214 3940 2399 3995 αὐτοῦ.
2443 3960 2460 3992 ι
2491 3939 2595 3993 Δύο
2626 3938 2770 3993 κατά
2814 3938 3010 3993 ταυτὸν
3038 3939 3218 4008 τίθησι
3263 3939 3576 4009 θεοπρεπῆ·
3622 3956 3790 4007 παρα-

2214 4031 2547 4099 λαμϐάνεται
2595 4031 2702 4101 γὰρ
2734 4031 2832 4101 οὐχ
2874 4030 3079 4101 ἑτέρως
3121 4031 3252 4101 παρ’
3287 4029 3446 4099 ἡμῶν
3474 4032 3503 4083 ὁ
3533 4029 3785 4099 Χριστός·

2213 4124 2354 4194 πλὴν
2378 4124 2462 4176 ὅτι
2485 4123 2543 4177 δὲ
2570 4124 2651 4186 είς
2679 4122 2841 4176 αὑτὸν
2869 4121 3070 4186 πίστις,
3119 4123 3372 4192 σαφηνιεί
3398 4120 3458 4173 τὸ
3489 4121 3791 4191 προκείμε-

2212 4232 2334 4270 νον·
2383 4235 2402 4268 ι
2454 4216 2579 4279 Τοῖς
2615 4214 2723 4285 γὰρ
2769 4214 3103 4280 πιστεύουσι,
3151 4214 3335 4285 φησιν,
3384 4214 3465 4277 είς
3515 4213 3578 4266 τὸ
3621 4214 3790 4283 δνομα

2213 4308 2402 4363 αὐτοῦ.
2439 4328 2457 4360 ι
2496 4306 2836 4379 Πιστεύομεν
2864 4308 2920 4361 δέ
2951 4307 3031 4371 είς
3055 4306 3115 4359 τὸ
3158 4306 3328 4376 ὄνομα
3358 4304 3546 4368 αὐτοῦ,
3573 4306 3677 4358 οὐκ
3698 4306 3790 4359 ἀν-

2214 4400 2437 4469 θρωπον,
2460 4394 2599 4452 εἶναι
2620 4399 2797 4453 κοινὸν
2821 4398 2917 4452 καὶ
2939 4398 3034 4451 Eva
3055 4397 3162 4450 τῶν
3186 4396 3309 4451 καθ’
3334 4398 3482 4465 ἡμᾶς
3509 4395 3791 4449 πιστεύον,

2212 4507 2322 4553 τες,
2348 4489 2485 4542 ἀλλά
2525 4489 2658 4543 Θεὸν
2684 4488 3163 4561 ἐνηνθρωπηκότα.
3195 4488 3312 4541 Οὐκ
3344 4485 3683 4557 ἀνθρώπινον
3731 4486 3794 4539 δὲ

538 4577 678 4640 fieri,
711 4592 817 4631 non
852 4578 1215 4633 humanarum
1248 4579 1442 4632 virium
1471 4589 1574 4642 est,
1604 4583 1697 4636 sed
1728 4583 1921 4638 divinae
1951 4593 2108 4637 natu-

2217 4583 2272 4636 τὸ
2302 4582 2551 4647 ἐξουσίαν
2592 4582 2791 4636 διδόναι
2823 4582 2987 4637 τέκνα
3018 4580 3152 4635 Θεοῦ
3181 4579 3454 4649 γενέσθαι,
3487 4578 3794 4651 θεοπρεπὲς

535 4679 611 4717 ra:
640 4680 800 4734 opus,
834 4665 1202 4735 quiddamque
1225 4668 1478 4722 universa
1508 4679 1757 4723 creatura
1793 4670 2101 4727 sublimius.

536 4751 669 4805 Cum
702 4752 836 4806 ﬁdes
855 4767 985 4820 ergo
1020 4753 1074 4806 in
1101 4754 1276 4823 ipsum
1311 4755 1588 4811 Christum
1626 4760 1828 4825 tendat,
1860 4761 2107 4831 idemque

535 4843 626 4895 det
655 4843 886 4911 gratiam
918 4852 979 4897 ut
1009 4843 1101 4898 lilii
1130 4846 1222 4901 Dei
1254 4845 1573 4914 efﬁciamur,
1607 4853 1874 4919 quomodo
1897 4865 2109 4910 nonest

536 4933 712 4987 Deus?

609 5043 627 5075 ι
661 5023 775 5079 Hoc
803 5024 929 5080 fecit
956 5026 1163 5082 initium
1188 5029 1462 5099 signorum
1491 5032 1648 5089 Jcsus
1688 5034 1740 5088 in
1776 5035 1921 5090 Cana
1957 5037 2103 5093 Gali-

532 5116 662 5179 Ιαιεε,
696 5124 749 5171 et
780 5115 1148 5172 manifestavit
1177 5118 1403 5189 gloriam
1441 5139 1592 5177 suam
1620 5140 1633 5177 :
1670 5135 1723 5179 et
1755 5128 2102 5182 crediderunt

531 5210 581 5263 in
605 5223 728 5262 eum
757 5208 1004 5279 discipuli
1033 5210 1151 5282 ejus
1176 5213 1243 5265 "°.
1278 5232 1297 5264 ι
1331 5212 1497 5285 Signo
1524 5230 1763 5285 peracto,
1791 5220 2101 5291 Christique

527 5297 694 5368 gloria
739 5299 1107 5367 manifestata,
1142 5301 1196 5354 in
1230 5317 1409 5368 quem,
1440 5317 1642 5371 quaso,
1673 5306 1813 5360 beati
1844 5306 1917 5361 illi
1949 5309 2102 5361 disci-

528 5377 637 5457 puli
666 5392 1059 5447 crediderunt?
1089 5394 1333 5461 nunquid
1364 5395 1417 5448 in
1465 5397 1737 5451 hominem
1784 5400 2099 5469 simpliciter

525 5484 820 5538 inmotum?
857 5484 1017 5553 Atqui
1046 5494 1172 5540 ante
1209 5487 1418 5555 signum
1462 5489 1662 5542 editum
1719 5490 1866 5542 illntn
1905 5507 2096 5560 seque-

525 5576 722 5630 hantnr
756 5584 1011 5645 tanquam
1044 5578 1220 5632 virum
1252 5588 1498 5634 sanctum
1534 5580 1804 5637 admirati.
1840 5583 1915 5637 Ex
1947 5585 2099 5653 signo

526 5670 705 5735 itaque
765 5678 1083 5737 potestatem
1146 5671 1381 5726 humana
1441 5671 1698 5742 majorem
1765 5675 1839 5727 illi
1912 5676 2099 5733 adesse

561 5824 653 5877 ⁸⁸1
696 5823 835 5880 Tim.
881 5841 962 5893 tt.,
1004 5826 1086 5882 l6.
1179 5828 1222 5859 “
1252 5826 1391 5884 Psal.
1432 5842 1544 5895 CIX,
1587 5830 1629 5882 l.
1713 5830 1751 5862 ⁸⁷
1785 5830 1889 5884 Tit.
1925 5847 2003 5900 ιιι,
2038 5833 2088 5887 8.

2235 5832 2386 5889 Joan.
2427 5849 2464 5901 t,
2508 5834 2595 5889 12.

2204 4673 2260 4726 δὲ
2297 4674 2497 4745 μᾶλλον
2526 4673 2623 4727 καὶ
2650 4674 2789 4745 ὑπὲρ
2817 4673 2914 4745 τὴν
2943 4673 3140 4727 κτίσιν.
3165 4672 3296 4726 Ὅτε
3322 4672 3501 4727 τοίνυν
3521 4672 3600 4735 είς
3622 4670 3793 4724 αὐτὸν

2207 4767 2241 4837 ἠ
2271 4766 2473 4831 πίστις,
2510 4766 2604 4819 καὶ
2635 4764 2796 4830 αὐτὸς
2826 4766 3007 4819 δίδωσι
3035 4765 3135 4836 τῆς
3168 4764 3439 4828 υἱοθεσίας
3466 4765 3564 4834 τὴν
3598 4765 3789 4834 χάριν·

2207 4859 2323 4922 πῶς
2351 4860 2412 4912 ού
2442 4858 2572 4922 Θεὸς
2605 4861 2632 4912 ὁ
2659 4858 2925 4930 Χριστός;

2287 5059 2304 5089 ι
2352 5036 2568 5108 Ταύτην
2605 5037 2860 5109 ἐποίησεν
2888 5037 3062 5110 ἀρχὴν
3087 5036 3193 5091 τῶν
3220 5036 3461 5108 σημείων
3503 5037 3533 5088 6
3575 5036 3791 5107 Ἰησοῦς

2209 5133 2267 5184 ὲν
2299 5132 2453 5202 Κανᾷ
2490 5131 2587 5199 τῆς
2634 5128 2944 5193 Γαλιλαίας,
2995 5130 3090 5183 καὶ
3130 5130 3442 5201 ἐφανέρωσε
3478 5129 3577 5198 τὴν
3625 5129 3795 5192 δόξαν

2209 5222 2373 5275 αὑτοῦ
2393 5239 2407 5254 ·
2439 5223 2529 5275 καὶ
2551 5222 2877 5276 ἐπίστευσαν
2897 5223 2978 5285 είς
3008 5221 3169 5275 αὑτὸν
3188 5223 3236 5275 οἱ
3270 5221 3509 5292 μαθηταὶ
3534 5221 3727 5274 αὐτοῦ.
3772 5242 3793 5273 ι

2207 5314 2499 5381 Γεγονότος
2546 5313 2654 5385 ἄρα
2684 5313 2777 5367 τοῦ
2809 5313 3058 5385 σημείου,
3106 5313 3202 5367 καί¹
3242 5313 3657 5383 φανερώσαντος
3690 5314 3796 5365 τοῦ

2205 5403 2441 5474 Χριστοῦ
2465 5406 2563 5476 τὴν
2590 5404 2746 5469 δόξαν
2781 5405 2967 5467 αὐτοῦ,
2992 5404 3067 5466 ὡς
3100 5406 3179 5467 εἰς
3205 5405 3325 5457 τίνα
3354 5404 3797 5456 πεπιστεύκασιν

2203 5500 2251 5550 οἱ
2308 5498 2569 5568 μακάριοι
2628 5497 2900 5567 μαθηταίς
2962 5494 3072 5569 ἆρα
3128 5499 3209 5560 εἰς
3272 5495 3554 5564 ἄνθρωπον
3627 5495 3797 5564 ἅγιον

2204 5588 2421 5653 ἀπλῶςς
2447 5589 2637 5641 Καίτοι
2672 5589 2776 5659 πρὸ
2800 5588 2892 5641 τοῦ
2924 5588 3153 5657 σημείου
3198 5586 3574 5655 ἠκολούθησαν
3604 5587 3792 5654 αὐτῷ,

2201 5678 2605 5748 τεθαυμακότες
2630 5680 2705 5744 ὼς
2756 5681 2932 5749 ἀγιον·
2960 5678 3097 5733 ἀλλὰ
3127 5680 3413 5734 τεθέανται
3441 5678 3527 5732 διὰ
3551 5678 3645 5731 τοῦ
3683 5696 3796 5749 ση-

2697 5836 2740 5869 ⁶⁹
2772 5834 2947 5893 Galat.
2983 5854 3039 5905 ιι,
3086 5837 3169 5895 l6.
3249 5836 3293 5869 7°
3324 5834 3481 5892 Joan.
3517 5852 3577 5902 ιι,
3620 5836 3708 5890 ll.
