4000 6326
237 406 381 462 ἱζόὃ

1325 412 1412 467 DE
1454 412 1677 470 RECTA
1718 414 1875 473 FIDE
1909 417 2002 472 AD
2041 416 2359 473 REGINAS.

3346 413 3485 467 1554

240 525 392 595 μείου
424 526 521 597 τὴν
550 527 692 598 ὑπὲρ
720 528 1009 601 ἄνθρωπον
1053 531 1281 603 δύναμίν
1317 552 1375 587 τε
1426 536 1520 588 καὶ
1560 536 1809 603 ἐξουσίαν

1915 538 2411 593 animadverterunt
2438 553 2451 590 :
2480 550 2647 605 quare
2671 533 2725 588 in
2756 531 2905 587 illum
2940 539 3193 601 tanquam
3231 530 3283 584 in
3313 529 3481 583 Deum

236 618 446 688 ἔχοντα.
483 618 692 674 Οὐκοῦν
718 623 1147 678 πεπιστεύκασιν
1188 624 1265 689 ὡς
1302 627 1384 690 είς
1422 627 1576 683 Θεόν.
1614 628 1808 681 ’ἰστέον

235 708 313 771 δὲ,
341 709 423 762 ὅτι
454 709 639 764 πολλοὶ
659 711 771 765 τῶν
798 714 972 782 ἁγίων
1013 715 1184 770 πολλὰ
1222 718 1553 788 πεποιήκασι
1585 719 1678 772 καὶ
1705 736 1809 771 πα-

239 799 467 868 ράδοξα·
517 803 613 855 καὶ⁵
657 803 1080 876 ἐθαυμάσθησαν
1130 808 1248 879 μὲν,
1295 809 1585 863 ἐπίστευσε
1627 810 1685 863 δὲ
1729 813 1807 875 είς

237 893 437 958 αὐτοὺς
464 894 661 961 οὐδείς.
697 899 850 968 Ἐχοι
876 899 922 952 δ’
963 900 1030 954 ἂν
1054 899 1153 971 τὴν
1192 902 1314 971 ἴσην
1350 901 1619 957 διάνοιαν·
1655 920 1673 953 ι
1723 902 1809 966 Ὠς

237 986 292 1039 δὲ
320 982 389 1057 ἦν
412 988 470 1041 ὲν
488 992 601 1054 τοῖς
634 990 1025 1062 Ἰεροσολύμοις
1055 993 1114 1047 ὲν
1138 993 1215 1065 τῷ
1245 995 1436 1064 Πάσχα
1455 995 1514 1047 ὲν
1538 996 1603 1065 τῇ
1624 995 1808 1065 ἑορτῇ,

238 1076 425 1129 πολλοὶ
468 1078 795 1133 ἐπίστευσαν
822 1083 903 1145 εἰς
946 1082 1009 1135 τὸ
1045 1083 1214 1154 όνομα
1265 1083 1448 1149 αὑτοῦ,
1482 1083 1809 1155 θεωροῦντες

239 1164 402 1220 αὑτοῦ
434 1167 501 1222 τὰ
531 1172 754 1241 σημεῖα,
781 1169 818 1224 ἃ
856 1171 1049 1227 ἐποίει.
1100 1192 1119 1226 ι

318 1297 337 1329 ‹
365 1279 439 1333 Οὐ
468 1280 578 1352 γὰρ
601 1281 918 1338 ἀπέστειλεν
941 1286 971 1338 6
991 1285 1124 1350 Θεὸς
1148 1288 1239 1341 τὸν
1266 1288 1395 1343 Υίὸν
1421 1289 1586 1344 αὑτοῦ
1616 1292 1697 1355 είς
1719 1289 1814 1344 τὸν

242 1369 465 1441 κόσμον,
516 1372 604 1426 ἶνα
655 1373 817 1446 κρίνῃ
870 1375 962 1431 τὸν
1009 1376 1246 1448 κόσμον,
1295 1379 1414 1433 ἀλλ’
1447 1382 1535 1434 ἴνα
1588 1382 1732 1453 σωθῇ
1782 1383 1811 1434 6

243 1461 443 1532 κόσμος
470 1462 537 1516 δι’
554 1464 742 1522 αὐτοῦ.
761 1466 819 1520 Ὁ
847 1468 1119 1523 πιστεύων
1141 1471 1222 1534 είς
1247 1471 1429 1538 αὑτὸν,
1455 1473 1516 1525 ού
1544 1472 1805 1543 κρίνεται·

242 1553 270 1603 6
293 1552 349 1605 δὲ
384 1555 459 1624 μὴ
489 1555 783 1622 πιστεύων,
814 1559 915 1630 ἤδη
946 1559 1218 1630 κέκριται’
1247 1561 1329 1615 ὅτι
1350 1563 1425 1634 μὴ
1452 1563 1812 1616 πεπίστευκεν

243 1646 323 1707 είς
364 1644 427 1697 τὸ
475 1644 648 1716 ὄνομα
685 1646 781 1701 τοῦ
834 1652 1151 1720 μονογενοῦς
1196 1654 1329 1707 Υίοῦ
1359 1653 1454 1707 τοῦ
1502 1655 1659 1710 Θεοῦ.
1697 1675 1715 1709 ι
1751 1656 1813 1708 El

246 1734 517 1805 σωτηρίας
546 1736 665 1801 ὁδός
684 1740 831 1792 ἐστιν
849 1740 883 1810 ἡ
910 1740 1091 1805 πίστις
1115 1743 1150 1813 ἡ
1172 1745 1253 1807 είς
1280 1744 1371 1798 τὸν
1396 1744 1543 1810 Υίὸν,
1572 1746 1689 1811 πῶς
1705 1747 1813 1819 ἄρα

1911 629 2277 683 crediderunt.
2316 627 2541 683 Constat
2572 643 2666 697 per
2700 624 2895 680 multos
2930 631 3147 679 sanctos
3176 622 3342 676 multa
3371 630 3483 675 stu-

1911 721 2081 789 penda
2109 720 2367 785 edidisse,
2395 728 2615 788 propter
2642 732 2763 788 qua:
2792 716 2955 771 etiam
2988 715 3041 768 in
3071 728 3264 784 magna
3303 712 3479 767 admi-

1911 812 2119 867 ratione
2146 821 2304 867 erant
2333 830 2348 865 :
2376 820 2433 865 at
2481 809 2658 865 nullus
2705 808 2921 863 interim
2971 815 3219 874 repertus
3250 814 3337 859 est
3389 806 3481 873 qui

1910 903 1966 957 in
2001 902 2123 958 illos
2146 903 2415 959 crederet.
2441 902 2695 973 Ejusdem
2735 914 2873 972 pene
2910 902 3190 955 sententiae
3221 906 3305 953 est
3331 908 3385 951 et
3416 898 3481 950 il-

1911 995 2001 1050 lud
2028 1009 2286 1065 quoque:
2323 1013 2343 1047 ι
2382 993 2518 1049 Cum
2569 1003 2749 1048 autem
2798 1001 2943 1048 esset
2987 988 3376 1060 Hierosolymis
3426 989 3480 1043 in

1911 1086 2118 1142 Pascha
2149 1086 2204 1142 in
2243 1087 2331 1143 die
2374 1085 2536 1152 festo,
2569 1077 2722 1140 multi
2765 1082 3113 1139 crediderunt
3162 1083 3216 1136 in
3268 1081 3486 1135 nomine

1911 1177 2055 1249 ejus,
2090 1178 2336 1235 videntes
2363 1179 2517 1250 signa
2544 1178 2661 1247 ejus
2684 1194 2805 1251 qua:
2826 1178 3058 1234 faciebat
3087 1177 3157 1233 τί.
3198 1195 3218 1229 ι

1986 1312 2009 1346 ‹
2040 1291 2160 1348 Non
2208 1292 2355 1348 enim
2401 1292 2551 1348 misit
2590 1292 2733 1348 Deus
2777 1292 2974 1347 Filium
3014 1306 3169 1347 suum
3223 1288 3383 1360 126
3432 1289 3485 1341 in

1912 1386 2173 1443 mundum
2203 1394 2264 1442 ut
2286 1384 2491 1457 judicet
2523 1385 2783 1439 mundum
2802 1425 2818 1451 ,
2849 1387 2942 1439 sed
2971 1392 3031 1438 ut
3058 1383 3297 1439 salvetur
3323 1396 3487 1434 mun-

1913 1481 2013 1536 dus
2038 1494 2136 1549 per
2155 1478 2351 1549 ipsum.
2378 1476 2482 1545 Qui
2521 1478 2695 1533 credit
2739 1479 2793 1532 in
2834 1491 2980 1541 eum,
3025 1489 3131 1529 non
3168 1472 3441 1542 judicatur
3471 1488 3485 1524 :

1913 1571 2003 1641 qui
2035 1581 2215 1627 autem
2246 1586 2353 1626 non
2382 1571 2576 1635 credit,
2602 1570 2712 1641 jam
2746 1569 3019 1639 judicatus
3064 1576 3177 1631 est;
3213 1564 3339 1635 quia
3381 1579 3485 1617 non

1914 1659 2145 1715 credidit
2193 1658 2245 1713 in
2281 1658 2499 1714 nomine
2532 1658 2797 1729 unigeniti
2844 1656 2968 1712 Filii
3007 1653 3102 1712 Dei
3134 1656 3202 1710 τ’.
3246 1673 3266 1705 ι
3306 1653 3362 1709 Si
3399 1654 3486 1705 via

1915 1751 1981 1805 a-d
2013 1750 2245 1805 salutem
2271 1757 2356 1805 est
2386 1748 2522 1804 ﬁdes
2558 1750 2611 1804 in
2657 1748 2878 1811 Filium,
2920 1746 3193 1819 quomodo
3222 1745 3277 1800 in
3308 1745 3486 1813 ipsum

244 1828 567 1901 πιστεύομεν
602 1833 681 1896 είς
722 1832 910 1898 αὑτόν;
954 1834 988 1905 ἢ
1032 1835 1147 1900 πῶς
1186 1837 1285 1908 τὴν
1316 1839 1380 1892 ἐκ
1414 1838 1505 1892 τοῦ
1532 1840 1812 1911 κρίνεσθαι

1917 1842 2221 1899 credimus?
2246 1843 2357 1913 |aut
2397 1843 2668 1913 quomodo
2716 1846 2769 1898 ln
2809 1843 2984 1912 ipsum
3034 1840 3317 1895 credentes
3352 1853 3487 1891 cou-

242 1923 639 1995 διαφευξόμεθα
668 1924 855 1996 δίκην;
892 1922 1002 2001 ἆρα
1026 1929 1134 2000 γὰρ
1157 1930 1233 1995 ὡς
1272 1930 1557 2003 ἄνθρωπον
1583 1934 1811 1987 καταδε-

1917 1934 2281 1990 demnationis
2301 1932 2629 1993 sententiam
2675 1932 3006 1989 evademus?
3048 1930 3300 2000 Nunquid
3338 1926 3487 1982 illum

245 2013 485 2084 ξάμενοι,
510 2016 603 2068 καί⁵
631 2017 816 2089 ἕτερον
847 2020 997 2091 παρὰ
1022 2019 1179 2075 τοῦτο
1195 2021 1381 2089 ούδέν;
1410 2020 1543 2077 Εἶτα
1565 2023 1682 2087 πῶς
1710 2026 1810 2079 οὐκ

1919 2025 2025 2079 fide
2057 2032 2115 2079 ut
2152 2023 2424 2079 hominem
2453 2023 2864 2095 complectimur
2884 2067 2900 2091 ,
2931 2036 3031 2079 nec
3060 2022 3353 2092 quidquam
3373 2034 3489 2073 om-

242 2106 513 2179 ἀνθρώπῳ
538 2109 922 2183 λατρεύσομεν.
961 2113 1097 2167 Ἀλλ’
1117 2113 1193 2179 ὡς
1216 2117 1296 2179 είς
1319 2114 1471 2169 Θεόψ
1506 2117 1665 2170 τοῦτο
1703 2117 1811 2187 γὰρ

1917 2117 2046 2171 nino
2076 2116 2179 2171 nisi
2230 2118 2523 2172 humanum
2574 2119 2639 2174 de
2688 2117 2779 2172 illo
2834 2117 3208 2186 concipimus?
3265 2117 3335 2169 At
3382 2129 3489 2183 quo

242 2201 458 2271 ἀληθές.
486 2203 582 2268 Τίς
613 2202 706 2259 οῦν
738 2208 767 2260 6
790 2207 955 2276 φάναι
977 2209 1189 2279 τολμῶν
1214 2210 1316 2263 οὐκ
1340 2206 1477 2265 εἶναι
1508 2211 1649 2265 κατὰ
1680 2212 1812 2282 ἀλή-

1918 2218 2075 2278 pactn
2099 2208 2143 2264 si
2178 2209 2279 2265 hoc
2314 2210 2623 2275 fecerimus,
2649 2209 2888 2264 divinum
2919 2208 3124 2264 cultura
3157 2207 3359 2261 homini
3388 2206 3489 2258 im-

242 2291 389 2346 θειαν
414 2292 566 2361 Θεὸν,
593 2288 653 2349 οὗ
680 2295 1026 2351 δεδικαίωκεν
1052 2299 1085 2369 ὴ
1112 2297 1293 2361 πίστις
1317 2298 1416 2369 τὴν
1432 2298 1523 2351 ὑπ’
1543 2299 1772 2370 οὐρανόν
1795 2318 1810 2366 ;

1918 2301 2175 2371 pendisse
2202 2317 2307 2356 non
2342 2302 2668 2372 arguemur?
2699 2302 2903 2357 Fidene
2933 2316 3062 2370 ergo
3092 2300 3147 2355 in
3176 2299 3325 2354 illum
3355 2296 3487 2352 feri-

241 2402 362 2442 mur
395 2398 648 2459 tanquam
684 2392 735 2446 in
765 2392 1149 2449 Deum?Sane.
1192 2394 1322 2461 Quis
1395 2394 1544 2449 illum
1604 2410 1753 2464 ergo,
1782 2395 1936 2465 cujus
1970 2395 2106 2453 ﬁdes
2154 2407 2425 2453 terrarum
2474 2400 2663 2455 orbem
2739 2396 3033 2467 justificat,
3084 2409 3272 2450 verum
3321 2391 3489 2447 Deum

240 2497 361 2537 esse
389 2483 618 2540 inficiari
643 2489 875 2542 audeat?

316 2596 334 2630 ι
384 2575 565 2646 Ἔγνω
596 2572 689 2632 οῦν
731 2582 759 2633 6
788 2578 970 2651 πατὴρ
997 2580 1077 2634 ὅτι
1106 2581 1165 2633 ἐν
1206 2580 1388 2651 ἐκείνῃ
1418 2580 1485 2651 τῇ
1516 2580 1657 2652 ὥρᾳ,
1688 2581 1747 2633 ὲν

1920 2578 1947 2610 ⁸
1991 2601 2010 2636 ι
2045 2582 2312 2653 Cognovit
2338 2598 2468 2654 ergo
2498 2594 2651 2656 pater
2672 2582 2796 2653 quia
2828 2582 2917 2637 illa
2950 2581 3083 2637 hora
3117 2588 3239 2635 erat
3261 2621 3274 2643 ,
3305 2579 3360 2635 in
3384 2594 3489 2647 qua

239 2664 389 2723 εἶπεν
432 2668 618 2739 αὐτῷ·
664 2668 723 2723 '0
767 2670 881 2733 υίός
935 2688 1028 2723 σου
1076 2669 1181 2741 ζῇ·
1226 2670 1323 2724 καὶ
1365 2671 1686 2725 ἐπίστευσεν
1734 2672 1813 2735 εἰς

1915 2677 2051 2733 dixit
2081 2679 2155 2734 illi
2186 2678 2343 2737 Jesus
2369 2698 2382 2734 :
2414 2680 2584 2736 Filius
2622 2689 2746 2735 tuus
2776 2680 2907 2734 vivit
2936 2698 2948 2733 :
2982 2688 3037 2733 ει
3078 2677 3306 2734 credidit
3353 2676 3487 2746 ipse.

241 2759 402 2814 αὐτὸν
431 2759 612 2824 αὐτὸς,
656 2760 751 2815 καὶ
794 2763 827 2832 ή
875 2762 1020 2814 οἰκία
1054 2760 1220 2816 αὑτοῦ
1253 2760 1371 2832 ὃλη.
1414 2780 1434 2815 ο
1483 2762 1810 2833 Ἀνέστησεν

1915 2780 1971 2826 ει
2011 2772 2202 2827 domus
2245 2771 2363 2839 ejus
2412 2781 2525 2828 tota
2552 2773 2619 2825 ⁷³.
2653 2792 2672 2825 ι
2732 2772 2974 2827 Revocat
3022 2769 3198 2841 reguli
3240 2767 3407 2822 filium
3462 2785 3489 2819 a

240 2855 303 2904 ὲκ
328 2850 539 2922 νεκρῶν
571 2850 665 2905 τοῦ
689 2852 967 2923 βασιλικοῦ
994 2853 1085 2907 τὸν
1103 2854 1217 2907 υἱὸν
1240 2856 1268 2907 6
1295 2854 1550 2924 Χριστὸς,
1575 2854 1813 2927 είρηκὼς

1918 2864 2107 2920 mortis
2130 2865 2396 2920 vestibulo
2410 2865 2678 2931 Christus,
2698 2863 2999 2931 aﬂatusque
3027 2869 3235 2932 patrem
3256 2879 3269 2915 :
3287 2857 3489 2920 «Vade,

239 2940 386 3012 αὑτῷ
406 2957 419 2970 ο
457 2960 476 2993 ι
510 2940 771 3029 Πορεύου,
801 2944 830 2996 6
857 2942 971 3009 υἱός
999 2960 1091 2997 σου
1130 2942 1220 3015 ζῇ.
1261 2963 1279 2996 r
1317 2941 1452 2998 Εἶτα
1482 2946 1813 2999 πεπίστευκε

1921 2959 2119 3029 inquit,
2155 2958 2298 3016 ﬁlius
2325 2969 2448 3013 tuus
2480 2960 2632 3013 vivit.
2665 2976 2685 3010 ι
2719 2957 2961 3012 Credidit
2999 2970 3125 3010 mox
3157 2954 3266 3020 ille,
3298 2961 3352 3009 et
3380 2964 3489 3008 tota

238 3031 476 3087 πανοικί.
511 3027 639 3103 Ἆρ’
670 3028 764 3087 οῦν
810 3034 899 3088 διὰ
944 3034 1045 3105 τῆς
1085 3034 1228 3088 οὕτω
1271 3035 1513 3106 μεγάλης
1548 3035 1641 3089 καὶ
1694 3036 1811 3089 θεο-

1922 3052 2124 3105 familia
2156 3067 2281 3105 cum
2327 3051 2439 3106 illo.
2481 3051 2589 3106 Sed
2626 3050 2865 3120 nunquid
2904 3051 2973 3105 ob
3018 3049 3283 3119 insignem
3327 3047 3490 3109 hanc,

241 3126 484 3199 πρεποῦς
533 3128 777 3192 ἐξουσίας
806 3128 883 3191 ὡς
914 3130 994 3192 είς
1040 3126 1327 3199 ἄνθρωπον
1375 3128 1741 3182 πεπίστευκεν
1785 3130 1813 3181 6

1918 3143 2163 3213 adeoque
2193 3144 2429 3198 divinam
2460 3144 2754 3213 potentiam
2790 3142 3006 3212 regulus
3036 3142 3089 3195 in
3124 3141 3274 3195 illum
3310 3139 3487 3194 credi»

243 3219 549 3287 βασιλικός;
584 3218 618 3290 ἢ
649 3219 783 3272 Θεὸν
811 3219 952 3288 ἔγνω
986 3219 1128 3274 κατὰ
1157 3219 1319 3289 φύσιν
1352 3218 1483 3273 ὄντα
1511 3220 1693 3285 αὑτὸν,
1722 3221 1813 3273 καὶ

1921 3237 2000 3290 dit
2022 3245 2278 3305 tanquam
2324 3236 2377 3290 in
2426 3234 2733 3291 hominem?
2767 3249 2835 3289 an
2877 3250 3007 3290 vero
3048 3249 3236 3290 verum
3271 3239 3492 3287 natura-

241 3310 609 3374 ζωοποιοῦντα
645 3311 763 3382 μετ’
795 3312 1040 3377 ἐξουσίας
1077 3310 1171 3375 οὓς
1205 3312 1272 3366 ἂν
1306 3311 1478 3365 ἕλοιτο
1525 3311 1619 3364 καὶ
1671 3313 1813 3382 μόνῳ

1918 3328 2131 3400 lemque
2152 3329 2320 3383 Deum
2348 3343 2472 3383 esse
2522 3328 2758 3397 agnovit,
2783 3327 2874 3398 qui
2907 3327 2981 3380 uti
3033 3326 3289 3381 Dominus
3330 3339 3493 3394 quos-

246 3404 486 3474 ρήματι;
533 3403 672 3457 Ἀλλ’
705 3402 822 3457 ἐστι
858 3404 1016 3475 δῆλον
1042 3404 1127 3458 ὅτι
1171 3402 1535 3457 πεπίστευκεν
1568 3403 1644 3469 ὠς
1674 3402 1815 3475 Θεῷ.

322 3726 343 3762 t
397 3707 592 3779 Ἀμὴν,
644 3707 792 3781 ἀμὴν
826 3708 971 3779 λέγω
1022 3711 1172 3781 ὑμῖν,
1204 3711 1288 3765 ὄτι
1333 3712 1362 3764 6
1398 3713 1490 3767 τὸν
1530 3713 1687 3783 λόγον
1717 3732 1818 3785 μου

242 3800 475 3865 ἀκούων,
516 3801 609 3855 καὶ
639 3802 913 3855 πιστεύων
957 3802 1037 3873 τῷ
1068 3804 1348 3874 πέμψαντί
1384 3823 1473 3876 με,
1517 3807 1632 3877 ἔχει
1672 3807 1822 3877 ζωὴν

242 3892 477 3947 αἰώνιον.
516 3915 533 3943 ι
585 3895 880 3967 Πὲπομιρεν
929 3898 1062 3967 ἡμῖν
1086 3897 1154 3963 »ἐξ
1190 3899 1437 3970 οὐρανῶν
1483 3899 1513 3952 6
1563 3900 1697 3964 Θεὸς
1726 3901 1821 3954 καὶ

244 3986 434 4058 Πατὴρ
459 3987 550 4041 τὸν
581 3988 713 4042 ἴδιον
745 3989 925 4053 Υἰόν,‹
954 3990 1041 4044 ἵνα
1071 3992 1180 4055 πᾶς
1208 3994 1237 4045 6
1265 3992 1537 4047 πιστεύων
1554 3994 1633 4056 είς
1658 3993 1821 4047 αὑτὸν

247 4078 320 4149 μὴ
352 4078 640 4149 ἀπόληται,
685 4079 801 4133 ἀλλ’
826 4079 924 4152 ἔχῃ
949 4080 1095 4153 ζωὴν
1124 4080 1365 4136 αἰώνιον.
1420 4102 1438 4132 ι
1472 4080 1596 4145 Πῶς
1629 4076 1723 4136 οῦν
1762 4082 1822 4135 ὲν

242 4170 451 4234 τούτοις
481 4173 636 4243 φησὶ,
666 4172 810 4244 ζωὴν
839 4173 1057 4228 αἰώνιον
1090 4173 1235 4245 ἐχειν
1264 4174 1357 4228 τὸν
1387 4173 1711 4228 πιστεύοντα
1743 4172 1821 4243 τῷ

244 4260 522 4330 πέμψαντι
551 4261 745 4329 αὖτόν;
780 4263 874 4325 El;
904 4263 1025 4317 τίνα
1056 4263 1242 4318 λοιπὸν
1268 4266 1301 4335 ἡ
1332 4264 1548 4332 πίστις;
1578 4259 1689 4336 ἆρα
1744 4264 1821 4327 ὡς

243 4352 323 4414 εἰς
350 4350 444 4404 δύο
466 4352 645 4419 θεοὺς,
674 4352 767 4406 τὸν
792 4354 1014 4426 Πατέρα
1056 4354 1262 4408 καὶτὸν
1285 4353 1444 4421 Υίόν;
1468 4354 1561 4425 Μὴ
1587 4355 1815 4423 γένοιτο·

1918 3434 2131 3488 cunque
2171 3418 2276 3473 sibi
2316 3418 2488 3472 visum
2511 3426 2675 3483 esset,
2698 3416 2779 3472 vel
2807 3416 2923 3471 solo
2952 3415 3119 3470 verbo
3170 3414 3295 3469 vitae
3336 3414 3494 3467 resti-

1921 3522 2074 3567 tuere
2102 3511 2329 3581 posset?
2357 3510 2462 3565 Sed
2493 3509 2782 3564 obscurum
2820 3524 2928 3564 non
2956 3516 3038 3563 est
3073 3508 3213 3563 haud
3245 3505 3405 3560 aliter
3436 3504 3489 3556 in

1919 3621 2041 3659 eum
2067 3602 2386 3669 credidisse,
2418 3617 2582 3670 quam
2615 3601 2668 3655 in
2693 3616 2883 3656 verum
2922 3600 3112 3655 Deum.

1997 3737 2016 3768 ο
2055 3717 2247 3782 Amen,
2274 3731 2429 3771 amen
2458 3715 2578 3771 dico
2610 3715 2781 3781 vobis,
2800 3714 2927 3785 quia
2947 3713 3039 3782 qui
3062 3714 3284 3768 verbum
3310 3727 3490 3767 meum

1920 3812 2091 3873 audit,
2124 3821 2178 3865 et
2205 3810 2382 3866 credit
2414 3809 2463 3863 ei
2488 3808 2579 3877 qui
2614 3807 2762 3861 misit
2787 3821 2893 3872 me,
2920 3807 3083 3861 habet
3122 3806 3287 3860 vitam
3326 3815 3485 3859 aeter-

1919 3918 2043 3957 nam
2069 3901 2215 3954 “-”.
2253 3919 2271 3952 ι
2302 3898 2444 3955 Deus
2463 3899 2623 3954 Pater
2656 3898 2849 3952 Filium
2884 3902 3041 3952 suum
3069 3897 3216 3950 misit
3243 3897 3399 3952 nobis
3425 3897 3492 3951 de

1918 3995 2093 4061 cmlis,
2131 4011 2151 4044 ι
2191 4003 2250 4047 ut
2277 3991 2455 4047 omnis
2483 3990 2574 4060 qui
2600 3989 2773 4044 credit
2807 3989 2860 4042 in
2909 3988 3081 4051 illum,
3132 4003 3236 4042 non
3284 4000 3490 4057 pereat,

1920 4088 2015 4142 sed
2043 4087 2238 4141 habeat
2266 4084 2431 4139 vitam
2459 4092 2716 4138 aeternam
2742 4082 2811 4136 ".
2847 4100 2865 4133 ι
2895 4081 3004 4137 Cur
3027 4081 3114 4136 hic
3141 4096 3271 4148 ergo
3290 4090 3490 4135 aeterna

1918 4181 2028 4235 vita
2058 4181 2126 4234 iis
2159 4176 2512 4249 promittitur,
2538 4175 2628 4244 qui
2663 4176 2890 4230 credunt
2913 4174 2975 4257 ,εἰ
3021 4172 3113 4243 qui
3158 4172 3383 4230 miserat
3424 4173 3489 4227 il-

1918 4272 2076 4326 lum?
2121 4269 2176 4325 In
2211 4283 2371 4339 quem
2412 4267 2627 4322 tandem
2676 4263 2849 4320 fertur
2900 4263 3071 4319 fides?
3122 4262 3374 4333 Nunquid
3434 4264 3488 4317 in

1918 4362 2134 4417 Patrem
2165 4370 2219 4415 et
2247 4357 2523 4414 Christum
2557 4365 2815 4426 tanquam
2848 4355 2900 4408 in
2931 4354 3067 4409 duos
3109 4355 3283 4410 deos?
3310 4353 3487 4409 Absit.

248 4444 363 4497 ἀλλ’
391 4443 466 4507 ὼς
514 4446 595 4507 είς
648 4442 744 4498 ἕνα
769 4444 903 4498 Θεὸν
951 4447 1045 4499 καὶ
1078 4446 1349 4518 ἀληθινόν.
1400 4445 1609 4500 Οὐκοῦν
1642 4448 1696 4501 εἰ
1734 4464 1813 4510 τις

1920 4454 2204 4511 Credimus
2236 4451 2382 4507 enim
2424 4459 2675 4519 tanquam
2734 4447 2785 4501 in
2833 4460 3000 4500 unum
3056 4459 3245 4499 verum
3294 4443 3486 4500 Deum.

240 4535 583 4589 πιστεύσειεν
610 4536 690 4599 εἰς
718 4535 974 4608 Χριστὸν,
1008 4536 1372 4590 πεπίστευκεν
1404 4538 1483 4600 εἰς
1511 4537 1646 4590 Θεόν
1666 4552 1677 4565 ·
1712 4536 1813 4589 κᾶν

1921 4541 2281 4612 Quamobrem
2314 4541 2361 4596 si
2390 4540 2511 4610 quis
2532 4515 2714 4594 credit
2741 4537 2793 4589 in
2824 4535 3121 4596 Christum.
3154 4534 3327 4588 credit
3349 4534 3487 4588 idem

242 4629 289 4682 εί
322 4625 664 4680 πιστεύσειεν
688 4627 767 4689 εἰς
807 4625 940 4679 Θεὸν
968 4626 1211 4697 Πατέρα,
1262 4626 1640 4690 πεπιστευκὼς
1664 4626 1815 4681 ἔσται

240 4721 335 4775 καὶ
365 4721 446 4784 είς
477 4720 569 4775 τὸν
601 4721 696 4774 ἕνα
729 4719 934 4792 Κύριον
978 4719 1184 4791 Ἰησοῦν
1215 4720 1306 4773 τὸν
1338 4720 1593 4790 Χριστόν.

317 4947 338 4983 ι
392 4927 690 4999 ’Δπεκρίθη
735 4929 765 4982 6
805 4927 1032 4999 Ἰησοῦς,
1075 4926 1172 4981 καὶ
1209 4921 1364 4979 εἶπεν
1398 4924 1605 4989 αὐτοῖς’
1640 4922 1813 4979 Τοῦτὸ

238 5020 357 5074 ἐστι
387 5019 448 5074 τὸ
484 5018 646 5091 ἔργον
677 5016 773 5072 τοῦ
800 5018 959 5083 Θεοῦ,
985 5018 1076 5072 ἵνα
1131 5015 1462 5087 πιστεύσητε
1497 5018 1578 5080 είς
1607 5016 1667 5068 ὃν
1709 5018 1815 5070 ἁπ-

243 5111 481 5165 ἐττειλεν
506 5111 736 5174 ἐκεῖνος.
770 5128 789 5161 ι
817 5110 881 5164 El
908 5109 971 5163 τὸ
995 5108 1074 5181 τῷ
1097 5108 1218 5180 Θεῷ
1240 5107 1432 5163 δοκοῦν
1457 5107 1812 5178 ἐπιτελοῦμεν

242 5203 587 5267 πιστεύοντες
629 5203 711 5265 είς
759 5201 994 5275 Χριστὸν
1044 5202 1230 5273 (αὐτὸν
1287 5202 1397 5272 γὰρ
1452 5200 1667 5273 ἀληθῶς
1709 5203 1813 5256 ἀπ-

240 5295 523 5349 ἐστειλενό
543 5296 733 5367 Πατὴρ
763 5296 843 5361 είς
864 5297 956 5350 τὸν
984 5298 1209 5367 κόσμον,
1235 5296 1324 5350 ὅτε
1352 5295 1573 5366 γέγονεν
1605 5296 1812 5367 ἅνθρω-

245 5406 341 5451 πος
372 5386 494 5440 καθ’
523 5388 717 5458 ἡμᾶς),
747 5388 865 5450 πῶς
897 5389 999 5441 οῦκ
1043 5387 1111 5442 ἂν
1143 5388 1229 5459 εἴη
1266 5388 1399 5451 Θεὸς
1421 5387 1701 5458 ἀληθινός;
1737 5389 1809 5442 Οὑ

244 5482 353 5552 γὰρ
388 5480 455 5535 ἂν
491 5476 559 5553 ἧν
600 5480 759 5550 ἔργον
783 5480 920 5535 Θεοῦ
948 5481 1010 5535 τὸ
1044 5481 1320 5535 πιστεύειν
1362 5483 1441 5545 είς
1469 5480 1651 5535 αὐτόν.

320 5616 341 5647 ι
399 5595 605 5665 Ἰησοῦς
633 5595 689 5648 δὲ
722 5594 941 5665 ἔκραξε,
982 5595 1075 5650 καὶ
1104 5593 1288 5648 εἶπεν·
1335 5595 1393 5647 Ὀ
1424 5593 1691 5647 πιστεύων
1732 5594 1812 5656 εἰς

244 5688 364 5757 ἐμὲ,
392 5688 452 5741 οὐ
480 5686 722 5739 πιστεύει
750 5688 825 5749 εἰς
855 5686 975 5757 ἐμὲ,
1011 5686 1147 5741 ἀλλὰ
1175 5689 1254 5751 είς
1281 5686 1369 5739 τὸν
1406 5686 1693 5757 πέμψαντά
1719 5705 1805 5758 με.

1920 4639 1975 4693 in
2008 4637 2176 4691 Deum
2198 4635 2411 4689 Patrem
2445 4646 2658 4702 quoque
2691 4648 2704 4686 :
2735 4639 2789 4683 et
2816 4638 3025 4695 contra,
3049 4628 3093 4682 si
3124 4626 3216 4696 qui
3246 4626 3297 4681 in
3322 4624 3487 4679 Deum

1920 4727 2131 4783 Patrem
2169 4726 2431 4790 credunt,
2471 4723 2631 4778 iidem
2672 4731 2726 4775 et
2774 4720 2826 4773 in
2869 4734 3032 4773 unum
3072 4716 3358 4773 Dominum
3392 4730 3488 4771 no-

1921 4833 2091 4876 strum
2122 4819 2302 4875 Jesum
2332 4816 2603 4873 Christum
2632 4826 2849 4884 quoque
2879 4811 3135 4868 credunt.

1994 4952 2014 4986 ι
2054 4931 2353 5001 Respondit
2388 4929 2567 4993 Jesus,
2614 4939 2669 4983 et
2701 4928 2836 4982 dixit
2878 4927 3031 4981 illis:
3076 4925 3191 4981 Hoc
3235 4935 3319 4981 est
3352 4940 3489 4994 opus

1918 5027 2038 5088 Dei,
2075 5037 2134 5079 ut
2158 5022 2395 5079 credatis
2429 5021 2483 5075 in
2506 5036 2628 5075 eum
2656 5034 2814 5088 quem
2843 5018 2991 5072 misit
3036 5016 3124 5073 ille
3150 5016 3218 5073 '°.
3257 5036 3276 5069 ι
3310 5016 3366 5072 Si
3395 5017 3486 5070 Dei

1916 5118 2249 5174 voluntatem
2275 5111 2585 5183 perficimus
2628 5126 2751 5165 cum
2806 5110 2859 5164 in
2903 5108 3178 5165 Christum
3213 5107 3489 5162 credimus

1917 5211 2084 5282 (hunc
2117 5207 2261 5262 enim
2298 5205 2461 5259 Pater
2501 5217 2628 5258 vere
2676 5203 2824 5256 misit
2862 5201 2916 5256 in
2958 5199 3237 5267 mundum,
3275 5200 3490 5268 quando

1918 5301 2086 5356 nostri
2105 5296 2297 5353 similis
2319 5296 2493 5351 factus
2510 5305 2592 5349 est
2616 5294 2819 5365 homo),
2842 5291 3110 5363 quomodo
3134 5307 3239 5345 non
3258 5298 3341 5345 est
3360 5304 3488 5345 vere

1920 5391 2109 5448 Deus?
2139 5390 2323 5460 Neque
2351 5389 2495 5443 enim
2524 5402 2660 5457 opus
2689 5386 2783 5440 Dci
2819 5394 2963 5441 esset
2990 5383 3213 5439 credere
3251 5382 3308 5437 in
3341 5396 3483 5437 eum.

1990 5592 2148 5661 127
2182 5608 2201 5641 ι
2222 5589 2379 5644 Jesus
2398 5599 2572 5643 autem
2602 5587 2873 5651 clamavit,
2906 5596 2959 5640 et
2984 5585 3121 5640 dixit
3150 5585 3284 5649 :Qui
3314 5584 3487 5638 credit

1912 5703 1970 5748 ιιι
1996 5698 2103 5750 nm,
2133 5700 2240 5737 non
2272 5682 2443 5737 credit
2472 5682 2524 5734 in
2561 5698 2664 5745 mc,
2698 5680 2787 5733 sed
2822 5681 2872 5732 iu
2911 5695 3032 5733 cum
3078 5679 3169 5746 qui
3202 5676 3347 5730 misit
3378 5690 3481 5728 me.

316 5868 360 5900 ’ί
392 5867 545 5925 Jaun.
578 5885 636 5937 η,
662 5868 748 5923 ‘23.
793 5866 1011 5923 "Joan.
1042 5881 1125 5934 nt,
1164 5867 1247 5935 l7,
1288 5867 1369 5922 l8.
1411 5866 1455 5897 ⁷³
1487 5863 1639 5920 Joan.
1666 5879 1741 5930 tv,
1774 5862 1863 5919 53.
1920 5862 2046 5903 "J‘
2074 5861 2229 5916 Joan.
2258 5860 2418 5925 vni-1.
2484 5858 2525 5883 '”
2554 5858 2704 5911 Jnutt.
2746 5872 2823 5919 ιιι,
2864 5858 2943 5911 l6.
3004 5856 3047 5885 “‘
3076 5854 3230 5909 luan.
3277 5866 3349 5917 vr,
3390 5848 3480 5903 ‘29.
