4000 6326
336 341 473 401 Ιῦὄῖ

1131 347 1221 401 AD
1257 340 1556 401 REGINAS
1596 347 1682 402 DE
1724 345 1949 403 RECTA
1993 344 2149 405 FIDE
2187 344 2444 405 ORATIO
2485 350 2784 407 ALTERA.

3444 355 3583 409 1558

330 470 358 521 ό
396 464 880 533 εὐαγγελιζόμενος
923 464 1313 535 Ἰερουσαλήμ’
1357 464 1753 536 ὐψώσατε,νμὴ
1804 483 1895 534 φο⁸

2000 468 2341 538 evangelizas
2368 468 2496 523 Sion
2526 488 2538 533 ;
2573 470 2747 524 exalta
2778 470 2829 522 in
2862 470 3180 525 fortitudine
3210 487 3393 541 vocem
3430 484 3578 527 luant

332 557 531 612 δεῖσθε.
581 575 600 608 ι
634 558 846 628 Χρῆναι
873 556 983 628 γὰρ
1006 555 1182 624 ἔγωγέ
1215 574 1358 627 φημι
1385 559 1511 620 τοὺς
1538 559 1906 627 τεταγμένους

331 651 411 712 είς
464 648 796 719 ἱερουργίαν,
828 648 923 699 καὶ
963 647 1024 699 τὸ
1072 648 1164 700 τοῦ
1198 648 1412 700 πάντων
1460 648 1618 717 ἡμῶν
1652 648 1904 718 Σωτῆρος

329 739 568 809 Χριστοῦ
633 738 926 801 λαλοῦντας
974 740 1306 809 μυστήριον,
1350 740 1412 792 οὐ
1467 741 1904 810 κατερριμμένον

328 833 471 903 ἔχειν
505 834 598 886 καὶ
630 832 1000 903 χαμαιρῤιφὲς
1031 832 1092 883 τὸ
1124 832 1399 901 φρόνημα,
1432 832 1527 884 καὶ
1564 832 1707 903 ὄκνῳ
1737 832 1903 886 νικώ-

333 943 511 995 μενον,
560 927 655 978 καὶ
704 924 927 987 δειλίαις
982 924 1446 994 συνεσταλμένον
1477 925 1590 978 ἀλλ’
1617 923 1752 994 ὑψοῦ
1803 926 1903 994 μὲν

328 1017 514 1087 ὥσπερ
542 1011 599 1068 εὖ
631 1015 895 1085 βεϐηκότα
923 1014 1016 1067 τὸν
1057 1013 1201 1079 νοῦν,
1238 1016 1331 1068 καὶ
1351 1014 1513 1067 οἱονεί
1553 1032 1671 1077 πως
1694 1016 1751 1067 ἐν
1784 1016 1901 1084 ὄρει

328 1111 599 1180 κείμενον,
642 1106 783 1161 οὕτω
819 1125 879 1160 τε
928 1107 1037 1161 τῶν
1084 1110 1182 1178 τῆς
1227 1108 1485 1177 ἀληθείας
1524 1108 1812 1177 δογμάτων
1840 1107 1901 1160 τὸ

328 1202 598 1273 ἐξαίρετον
633 1201 825 1264 κάλλος
861 1200 1176 1270 περιαθρεῖν
1212 1199 1602 1263 σπουδάζοντα·
1628 1199 1898 1255 ποιεῖσθαι

325 1295 382 1347 δὲ
423 1295 516 1348 καὶ
544 1294 667 1356 τοὺς
710 1293 901 1361 λόγους
948 1294 1005 1344 ὲν
1033 1292 1333 1364 παρρησίᾳ,
1365 1292 1469 1345 κᾶν
1516 1292 1569 1345 εί
1612 1309 1757 1354 τινες
1791 1286 1900 1344 εἶεν

325 1388 373 1439 οἱ
425 1386 943 1456 μυσταγωγούμενοι
995 1386 1220 1455 σκληροὶ
1266 1386 1359 1439 καὶ
1409 1386 1753 1454 δυσάγωγοι,
1802 1387 1900 1439 καὶ

322 1471 431 1529 οἷον
466 1475 620 1527 ἵπποι
647 1474 794 1537 τινὲς
825 1474 1097 1545 ἀγέρωχοι
1141 1475 1236 1527 καὶ
1266 1473 1487 1544 ὲξήνιοι,
1526 1476 1655 1546 περὶ
1680 1470 1754 1528 ὧν
1792 1494 1895 1529 που

322 1567 416 1619 καὶ
462 1566 621 1628 αὐτός
657 1582 822 1634 φησιν
870 1566 898 1617 ὁ
947 1566 1217 1635 μακάριος
1270 1565 1432 1618 Δαυῖδ
1480 1568 1615 1637 πρὸς
1662 1568 1754 1621 τὸν
1788 1570 1896 1621 τῶν

319 1658 454 1710 ὅλων
485 1656 618 1709 Θεόν
639 1672 653 1686 ο
693 1676 710 1707 ι
764 1657 852 1709 Ἐν
883 1656 1083 1726 χαλινῷ
1111 1656 1206 1709 καὶ
1232 1658 1288 1709 ἐν
1319 1658 1481 1729 κημῷ
1515 1660 1614 1723 τὰς
1641 1661 1897 1728 σιαγόνας

318 1749 498 1802 αὐτῶν
523 1748 739 1815 ἄγξαις,
774 1747 882 1801 τῶν
924 1749 997 1818 μὴ
1036 1750 1362 1816 ἐγγιζόντων
1404 1750 1540 1821 πρὸς
1570 1750 1649 1802 σέ.
1691 1770 1711 1802 ›
1747 1752 1809 1803 Εἰ
1835 1751 1893 1802 δὲ

2007 558 2099 627 qui
2153 559 2493 629 evangelizas
2545 560 2891 615 Jerus:tlem:
2950 562 3226 627 exaltate,
3288 565 3451 619 nolite
3510 566 3581 618 ti-

2006 664 2153 704 mere
2193 649 2261 703 “.
2320 669 2340 702 ι
2398 651 2609 705 Etenim
2670 653 2762 722 qui
2819 653 2870 705 in
2936 655 3277 708 sacerdotum
3333 656 3580 711 ordinem

2004 743 2183 807 asciti,
2207 759 2325 797 eam
2360 744 2537 800 sortiti
2571 754 2698 798 sunt
2743 746 3099 815 provinciam,
3127 757 3185 800 ut
3225 746 3424 802 Christi
3459 764 3583 803 om-

2004 836 2152 890 nium
2183 845 2429 891 nostrum
2462 835 2761 891 Salvatoris
2820 840 3077 909 mysteria
3128 839 3432 893 edisseram
3481 857 3578 908 po-

2000 928 2233 998 puloque
2276 938 2603 998 proponant,
2642 930 2716 983 illi
2767 945 2985 986 sensum
3043 946 3382 1000 nequaquam
3427 931 3576 1000 abje-

2000 1028 2169 1083 ctum,
2206 1019 2426 1074 humive
2463 1028 2769 1089 repentem,
2816 1029 2911 1073 aut
2958 1022 3170 1089 ignavia
3202 1023 3435 1087 victum,
3485 1031 3579 1077 aut

1998 1118 2144 1175 metu
2179 1109 2412 1164 fractum
2447 1110 2694 1165 obtinere
2723 1111 2920 1166 debent
2952 1129 2968 1165 :
3015 1112 3109 1166 sed
3157 1111 3391 1167 sublime
3436 1112 3581 1166 velut

2001 1203 2360 1268 incedentem,
2391 1212 2448 1258 et
2473 1203 2628 1272 quasi
2660 1204 2712 1257 in
2743 1213 2930 1258 monte
2957 1204 3279 1258 collocatum
3306 1221 3321 1269 ;
3365 1220 3471 1273 quo
3500 1206 3579 1258 ni-

1997 1295 2194 1348 mirum
2221 1295 2288 1347 ad
2338 1308 2461 1349 eum
2500 1296 2717 1350 modum
2761 1298 3089 1365 comparati,
3132 1298 3385 1351 eximiam
3430 1298 3575 1352 illam

1997 1401 2248 1441 verorum
2282 1386 2591 1456 dogmatum
2624 1396 2967 1441 venustatem
3004 1389 3191 1441 rimari
3228 1404 3291 1443 ac
3320 1389 3577 1457 introspi-

1998 1494 2144 1542 cere,
2175 1480 2451 1549 verhaque
2484 1481 2752 1549 intrepide
2782 1480 2961 1536 facere
2999 1480 3248 1545 valeant;
3282 1491 3575 1549 quantum-

1996 1572 2078 1627 vis
2104 1572 2269 1627 exiis
2312 1572 2400 1640 qui
2449 1574 2621 1627 sacris
2664 1572 3059 1638 informantur,
3111 1573 3354 1627 nonnulli
3402 1573 3576 1626 instar

1995 1677 2257 1731 equorum
2294 1662 2639 1717 insolentium
2663 1704 2677 1727 ,
2723 1663 2817 1726 qui
2853 1662 3115 1717 infrenari
3158 1677 3264 1715 non
3312 1669 3572 1728 possunt,

1996 1756 2159 1810 duros
2186 1764 2241 1808 et
2272 1754 2638 1809 intractabilcs
2669 1769 2728 1811 se
2762 1756 3076 1825 praebeant:
3110 1754 3177 1808 de
3207 1754 3402 1823 quibus
3445 1752 3574 1805 bea-

320 1843 414 1895 xa‘t
474 1846 586 1904 τοῖς
639 1840 811 1904 οὕτως
864 1840 1049 1912 ἔχουσι
1102 1842 1298 1913 φρενὸς
1354 1843 1714 1913 προσϐάλλειν
1762 1844 1893 1897 ἀνα-

1998 1858 2081 1901 tus
2105 1846 2269 1901 David
2300 1862 2568 1901 summum
2606 1846 2755 1900 illum
2799 1861 2977 1901 rerum
3024 1847 3265 1901 omnium
3311 1844 3570 1913 Opiﬁcem

318 1936 530 2001 γκαῖον,
562 1932 678 1993 πῶς
698 1933 799 1986 οὐκ
831 1932 897 1986 ἂν
920 1932 1128 2001 γένοιτο
1148 1933 1257 1987 τῶν
1286 1933 1426 2003 ἄγαν
1458 1936 1889 2006 σφαλερωτάτων

316 2028 376 2079 τὸ
405 2026 619 2079 ἑλέσθαι
645 2026 821 2096 σιγὴν,
851 2027 946 2080 καὶ
976 2026 1050 2096 μὴ
1071 2028 1194 2090 ταῖς
1221 2028 1502 2080 εὐσεϐέσιν
1523 2029 1551 2080 ὑ
1561 2028 1676 2098 μῶν
1699 2030 1890 2092 ἀκοαῖς

316 2118 515 2172 ἐνιέναι
545 2117 889 2183 πλειστάκις,
920 2118 1172 2190 καθάπερ
1193 2138 1245 2172 τι
1268 2122 1418 2190 νᾶμα
1440 2121 1611 2189 γλυκὺ
1632 2122 1726 2175 καὶ
1755 2121 1891 2187 Cmo-

318 2210 490 2273 ποιὸν,
514 2208 621 2261 τῶν
646 2208 807 2278 ἱερῶν
836 2209 1185 2279 Γραμμάτων
1210 2209 1308 2281 τὴν
1340 2210 1563 2278 γνῶσιν,
1593 2212 1729 2284 ὅπερ
1756 2215 1890 2283 ἡμῖν

314 2302 405 2354 καὶ
475 2301 643 2355 πάλαι
713 2302 846 2366 Θεὸς
920 2303 1264 2371 ὑπισχνεῖτο,
1319 2302 1491 2368 λέγων
1551 2302 1639 2356 διὰ
1708 2304 1889 2374 φωνῆς

325 2396 543 2449 Ἡσαΐου
568 2411 582 2425 ⁸
620 2412 639 2446 ι
675 2396 786 2448 Καὶ
808 2396 1108 2466 άντλήσατε
1141 2395 1284 2465 ὕδωρ
1314 2395 1431 2464 μετ’
1458 2395 1797 2469 εὐφροσύνης
1823 2398 1889 2450 ἐκ

311 2487 419 2539 τῶν
471 2487 662 2556 πηγῶν
690 2486 784 2540 τοῦ
849 2487 1150 2557 Σωτηρίου.
1194 2505 1210 2537 t
1265 2488 1569 2555 Σωτηρίω)
1602 2488 1659 2540 δὲ
1690 2489 1888 2558 πηγὰς

311 2575 451 2635 εἷναί
483 2598 663 2649 φαμεν
692 2582 817 2643 τοὺς
848 2580 1038 2649 ἁγίους
1080 2581 1386 2650 προφήτας,
1414 2580 1804 2649 εὐαγγελιστάς
1827 2600 1886 2635 τε

310 2675 403 2727 καὶ
446 2673 795 2737 ἀποστόλους,
830 2672 879 2724 οἳ
909 2672 997 2723 τὸν
1026 2670 1237 2724 ἄνωθεν
1267 2672 1362 2724 καὶ
1410 2673 1467 2737 ἐξ
1509 2671 1742 2743 οὐρανοῦ
1792 2672 1888 2725 καὶ

311 2766 579 2836 σωτήριον
609 2765 689 2834 τῷ
722 2765 911 2834 κόσμῳ
940 2762 1165 2834 βρύουσι
1196 2762 1372 2831 λόγον,
1406 2764 1769 2834 χορηγοῦντος
1789 2765 1886 2817 αὐ-

306 2859 420 2920 τοῖς
451 2855 546 2909 τοῦ
592 2857 750 2924 ἁγίου
798 2854 1133 2925 Πνεύματος,
1171 2853 1387 2908 ἅπασάν
1420 2871 1479 2907 τε
1508 2854 1650 2907 οὕτω
1684 2872 1884 2909 κατευ-

308 2948 592 3019 φραίνουσι
623 2948 725 3018 τὴν
745 2946 837 3000 ὑπ’
865 2946 1113 3017 οὐρανόν.
1149 2946 1284 3017 Φέρε
1318 2946 1518 3011 τοίνυν,
1551 2949 1631 3010 είς
1654 2947 1722 3000 τὰ
1744 2948 1883 3019 βάθη

306 3040 415 3093 τῶν
464 3041 596 3112 παρ’
635 3038 801 3093 αὐτοῦ
852 3038 1071 3091 ὲννοιῶν
1122 3038 1401 3101 καθιέντες
1448 3038 1540 3091 τὸν
1589 3038 1735 3104 νοῦν,
1784 3041 1883 3110 τῆς

1994 1938 2364 2007 interpellans,
2398 1939 2472 1992 ita
2502 1939 2693 1992 scribit
2723 1954 2737 1990 :
2774 1956 2794 1989 ι
2830 1938 2886 1992 In
2919 1953 3075 1993 camo
3100 1946 3155 1991 et
3188 1936 3342 1992 freno
3376 1936 3570 1991 maxil-

1992 2030 2071 2084 las
2123 2046 2311 2085 eorum
2363 2028 2710 2098 constringe,
2756 2030 2849 2099 qui
2907 2044 3012 2083 non
3070 2029 3449 2098 approximant
3505 2030 3567 2082 ad

1991 2129 2045 2175 te
2073 2120 2137 2175 ⁸³.
2176 2138 2193 2171 ι
2230 2120 2382 2185 Quod
2416 2121 2458 2173 si
2490 2120 2578 2173 tali
2601 2120 2783 2173 animo
2814 2120 3052 2188 przeditis
3081 2119 3430 2174 nihilominus
3461 2118 3566 2171 vim

1993 2212 2196 2267 inferre
2250 2220 2502 2281 oportet,
2562 2212 2832 2281 quomodo
2885 2212 3179 2267 absurdum
3241 2226 3345 2267 non
3405 2208 3569 2264 fuerit

1990 2307 2260 2376 apud'vos
2293 2306 2487 2368 silere,
2534 2306 2748 2375 piisque
2787 2307 2986 2361 vestris
3028 2304 3254 2359 auribus
3288 2318 3566 2381 sacrarum

1990 2396 2323 2452 Litterarum
2356 2398 2625 2461 notitiam,
2659 2397 2825 2451 veluti
2859 2397 3070 2453 dulcem
3108 2397 3395 2467 quemdam
3431 2396 3568 2449 vivi-

1991 2492 2262 2559 ticumque
2302 2490 2537 2553 laticem,
2572 2489 2713 2543 nolle
2766 2488 3002 2544 subinde
3058 2488 3363 2543 instillare?
3412 2486 3566 2553 Quod

1988 2582 2204 2651 quidem
2236 2580 2379 2635 Deus
2405 2595 2501 2647 per
2544 2578 2699 2633 Isaiae
2739 2580 3018 2648 prophetae
3056 2594 3240 2633 vocem
3292 2576 3564 2645 quondam

1989 2675 2222 2738 locutus,
2255 2672 2516 2742 ejusmodi
2544 2672 2725 2727 verbis
2757 2671 2913 2725 nobis
2943 2670 3213 2740 promittit
3240 2686 3254 2722 :
3290 2688 3307 2719 ι
3346 2666 3567 2721 llaurie-

1989 2766 2079 2829 tis,
2114 2765 2313 2833 inquit,
2350 2780 2471 2819 cum
2518 2765 2718 2835 gaudio
2761 2778 2932 2833 aquas
2974 2763 3041 2816 de
3091 2761 3329 2815 fontibus
3361 2759 3568 2813 Saluta-

1988 2857 2063 2911 ris
2094 2857 2159 2907 ⁸⁸.
2196 2875 2215 2907 ι
2244 2853 2511 2908 Salutaris
2542 2865 2720 2909 autem
2756 2853 2928 2920 fontes
2972 2852 3305 2921 appellamus
3349 2862 3565 2905 sanctos

1985 2949 2298 3019 prophetas,
2350 2948 2713 3017 evangelistas
2747 2956 2802 3000 et
2832 2945 3106 3014 apostolos
3139 2963 3151 2998 :
3195 2945 3251 2998 hi
3290 2945 3434 2998 enim
3475 2957 3566 2997 sa-

1986 3043 2146 3097 lutari
2192 3041 2515 3109 cmlitusque
2566 3041 2761 3094 hausta
2822 3039 3069 3093 doctrina
3112 3036 3371 3092 mundum
3423 3035 3564 3088 hunc

305 3130 559 3200 ἀληθείας
592 3131 692 3199 τὴν
726 3129 943 3201 εὕρεσιν
985 3130 1193 3183 ἐκεῖθεν
1228 3128 1601 3200 ἀντλήσωμεν.
1650 3130 1882 3201 Γηπόνοι

1988 3136 2240 3207 irrigant,
2295 3133 2503 3202 Spiritu
2559 3144 2749 3189 sancto
2804 3132 3021 3197 imbuti,
3081 3140 3365 3201 totumque
3422 3129 3564 3182 hunc

305 3221 405 3289 μὲν
435 3217 529 3273 οῦν
567 3219 627 3284 ἐξ
657 3219 842 3291 ἀγρῶν
884 3218 953 3273 τὰ
986 3220 1324 3290 εὐοσμότατα
1358 3219 1467 3273 τῶν
1498 3220 1705 3274 ἀνθέων
1739 3221 1882 3274 κατά

303 3314 527 3382 καιροὺς
558 3312 971 3381 ἀποκείραντες,
1006 3307 1127 3365 εἶτα
1148 3310 1324 3365 ταῦτα
1344 3312 1602 3382 ταλάροις
1636 3313 1880 3377 ἐνθέντες

301 3403 637 3473 ἀποφέρουσι
662 3406 775 3467 τοῖς
814 3403 1101 3467 δεσπόταις
1123 3422 1137 3434 ο
1164 3406 1214 3456 oi
1253 3405 1309 3457 δὲ
1343 3406 1437 3459 καὶ
1467 3406 1585 3458 λίαν
1628 3407 1879 3477 ἀσμένως

301 3494 613 3566 προσίενταί
641 3510 722 3559 τε,
748 3494 971 3557 καὶτοῖς
995 3495 1054 3561 ἐξ
1076 3494 1235 3564 ὡρῶν
1260 3496 1666 3564 ὲπιγάννυνται.
1683 3498 1874 3567 Ἡμεῖς

298 3587 376 3651 δὲ,
399 3588 511 3641 ὅσοι
533 3587 593 3641 τὸ
620 3587 993 3642 διδασκαλικὸν
1014 3589 1209 3658 ἔχομεν
1233 3589 1593 3661 ἐπιτήδευμα,
1619 3591 1873 3663 καθάπερ

298 3681 359 3746 ἐξ
387 3680 559 3751 ἀγροῦ
587 3681 685 3751 τῆς
729 3679 1089 3733 θεοπνεύστου
1118 3681 1362 3751 Γραφῆς,
1405 3683 1505 3735 οὐκ
1535 3684 1875 3753 εὐμάραντον

300 3777 424 3830 θέαν
451 3775 899 3847 προσκομίζομεν
930 3775 1157 3838 ἀνθέων,
1208 3775 1401 3842 λόγους
1450 3776 1508 3829 δὲ
1556 3776 1756 3846 μᾶλλον
1782 3778 1876 3830 καὶ

302 3869 693 3939 μυσταγωγίαν
738 3869 837 3939 τὴν
888 3867 977 3920 διὰ
1023 3868 1118 3920 τοῦ
1170 3868 1503 3938 Πειεύματος,
1566 3870 1876 3940 ἀμάραντον

299 3962 528 4033 ἔχουσαν
558 3964 657 4033 τῆς
695 3964 772 4026 εἰς
815 3960 1051 4033 Χριστὸν
1110 3961 1393 4025 εὐσεϐείας
1425 3962 1485 4015 τὸ
1531 3962 1747 4025 κάλλος,
1779 3964 1871 4015 εὐ-

297 4057 632 4123 ωδιάζουσάν
662 4074 723 4110 τε
759 4057 854 4110 καὶ
884 4054 1029 4125 μάλα
1057 4055 1323 4117 πλουσίως
1367 4053 1426 4106 τὸ
1455 4052 1619 4107 αὐτοῦ
1664 4054 1872 4123 μυστήο

300 4168 435 4221 ριον.
467 4151 780 4218 Γέγραπται
828 4147 959 4217 γὰρ,
979 4148 1060 4201 ὅτι
1082 4166 1101 4198 ι
1122 4144 1357 4217 Χριστοῦ
1384 4145 1580 4198 εὐωδία
1606 4143 1772 4214 ἐσμὲν
1794 4142 1873 4213 τῷ

296 4242 437 4313 θεῷ.
464 4262 483 4292 )
536 4243 552 4256 ’

1988 3228 2174 3280 orhem
2204 3224 2498 3278 lzetilicant.
2549 3224 2606 3277 ln
2656 3224 2772 3288 ejus
2816 3223 3043 3292 proinde
3090 3222 3355 3291 profunda
3405 3236 3560 3275 senm

1991 3320 2188 3372 mentis
2226 3317 2413 3372 oculos
2463 3317 2854 3385 conjicientes,
2910 3317 3154 3370 veritatis
3198 3314 3562 3368 inventionmu

1987 3411 2112 3465 inde
2145 3411 2480 3469 ltauriamus.
2514 3410 2977 3475 Quemadmodum
3010 3423 3140 3477 ergo
3172 3406 3423 3475 agricolae
3455 3405 3564 3457 frn-

1984 3501 2359 3570 grantissimos
2393 3514 2640 3569 quosque
2669 3498 2830 3554 ﬂores
2863 3511 3165 3568 opportuno
3209 3508 3451 3567 tempore
3494 3512 3561 3549 ex

1984 3595 2128 3662 agris
2173 3592 2506 3660 decerpunt,
2561 3592 2722 3661 129
2772 3593 3164 3661 decerptosque
3220 3605 3284 3645 ac
3330 3589 3465 3643 scite
3508 3588 3559 3640 in

1984 3686 2212 3740 calathis
2238 3687 2568 3754 compositos
2594 3684 2828 3739 dominis
2861 3685 2973 3738 suis
3013 3682 3279 3747 oﬂerunt;
3312 3697 3448 3749 quos
3487 3681 3559 3733 illi

1986 3792 2109 3831 mox
2184 3776 2445 3830 benevole
2518 3783 2783 3846 gratoque
2855 3774 3039 3828 animo
3093 3773 3560 3843 complectuntur,

1984 3870 2409 3937 eorumdemque
2437 3868 2634 3922 decore
2667 3884 2730 3922 ac
2761 3877 3042 3922 venustate
3066 3867 3290 3921 miriﬁce
3312 3866 3560 3921 alliciunt-

1986 3974 2119 4022 tur;
2156 3960 2227 4013 ita
2260 3975 2378 4021 nos,
2434 3960 2523 4027 qui
2570 3959 2797 4014 docendi
2844 3973 3043 4014 munus
3088 3959 3458 4027 suscepimus,
3493 3973 3558 4010 cx

1982 4053 2159 4107 divina
2194 4052 2471 4120 Scriptura
2514 4052 2678 4105 veluti
2727 4067 2796 4107 ex
2845 4068 2975 4121 agro
3015 4051 3270 4122 quopiam
3314 4065 3421 4103 non
3466 4047 3561 4100 [ln-

1980 4159 2103 4199 rum
2158 4145 2267 4198 cito
2312 4145 2765 4198 marcescentium
2817 4144 3068 4199 decorem
3120 4142 3419 4205 oderimus,
3467 4140 3560 4193 sed

1980 4248 2288 4289 sermonum
2320 4234 2707 4302 doctrinzeque,
2743 4248 2863 4301 quae.
2892 4248 2988 4301 per
3022 4232 3278 4297 Spiritum
3312 4241 3557 4285 sanctum

296 4334 515 4407 pietatis
560 4333 614 4387 in
662 4331 940 4387 Christum
990 4330 1495 4386 immarcescibilem
1559 4336 1895 4383 venustatem
1962 4327 2231 4391 continet,
2294 4341 2596 4396 magnaque
2662 4326 2931 4380 suavitate
2995 4335 3050 4380 et
3108 4327 3352 4380 ubertate
3418 4324 3557 4378 illius

296 4426 614 4499 mysterium
647 4423 854 4479 redolet
884 4421 1265 4491 fragrantiam.
1291 4420 1567 4490 Scriptum
1597 4428 1678 4473 est
1708 4418 1853 4472 enim
1886 4418 2027 4486 quod
2058 4436 2077 4469 ι
2114 4416 2319 4471 Christi
2352 4422 2525 4470 bonus
2556 4417 2690 4471 odor
2720 4431 2908 4471 sumus
2938 4415 3045 4469 Deo
3070 4416 3134 4469 ⁸⁷.
3162 4433 3181 4465 ι

364 4524 440 4577 B'.
481 4522 749 4593 Πρόσειμι
780 4519 844 4591 δὴ
874 4513 967 4571 οῦν
994 4518 1265 4581 ἀνατιθεὶς
1292 4518 1382 4570 τὸν
1411 4517 1567 4585 λόγον
1601 4515 1730 4585 ὑμῖν
1756 4517 1875 4578 ταῖς
1907 4518 1949 4573 D

296 4612 712 4673 εὐσεϐεστάταις
746 4608 1118 4679 βασιλίσσαις·
1153 4608 1448 4677 πεποίηται
1502 4606 1559 4658 δέ
1609 4622 1698 4675 μοι
1740 4605 1869 4677 περὶ

293 4706 391 4775 τῆς
424 4704 591 4776 ὀρθῆς
629 4703 724 4756 καὶ
753 4701 1057 4771 ἀμωμήτου
1086 4699 1345 4763 πίστεως,
1377 4700 1519 4769 ἥπερ
1548 4698 1613 4751 ἂν
1658 4697 1868 4765 γένοιτο

294 4801 424 4869 παρ’
469 4798 624 4867 ὑμῶν
663 4797 743 4858 εἰς
770 4795 861 4848 τὸν
905 4792 1108 4863 Κύριον
1157 4792 1314 4863 ἡμῶν
1357 4790 1564 4861 Ἰησοῦν
1606 4788 1862 4859 Χριστόν.

294 4886 500 4963 Πρέπει
532 4888 643 4959 γάρ
682 4887 809 4957 ὑμῖν
855 4886 919 4956 δὴ
951 4884 1185 4955 μάλιστα
1213 4885 1333 4946 ταῖς
1362 4881 1536 4945 οὕτως
1574 4882 1749 4944 ὁσίαις
1773 4881 1867 4933 καὶ

292 4978 754 5046 θεοφιλεστάταις,
792 4974 926 5044 ὁμοῦ
960 4976 1073 5037 τοῖς
1098 4974 1196 5044 τῆς
1231 4970 1508 5043 βασιλείας
1539 4972 1866 5042 ὑπερτάτοις

290 5069 589 5138 αὐχήμασι,
622 5066 717 5120 καὶ
745 5066 844 5135 τῆς
873 5066 953 5127 είς
977 5062 1212 5137 Χριστὸν
1241 5064 1461 5132 ἀγάπης
1482 5063 1574 5115 τὸν
1603 5062 1866 5130 στέφανον

289 5158 641 5229 ἁναδήσαθαι.
669 5159 809 5227 Ἤδη
841 5156 937 5228 μὲν
966 5153 1058 5211 οῦν
1080 5159 1200 5220 ταῖς
1230 5155 1494 5225 ἁοιδίμοις
1516 5155 1669 5224 ὑμῶν
1694 5156 1865 5224 ἐφήρ-

291 5265 485 5319 μοσται
515 5250 799 5319 κορυφαῖς,
830 5247 926 5300 καὶ
956 5247 1333 5317 άτελευτήτοις
1366 5246 1510 5313 ὑμᾶς
1537 5244 1807 5308 εὐκλείαις
1836 5246 1865 5296 ὁ

286 5339 395 5393 τῶν
425 5341 563 5393 ὅλων
595 5338 1020 5409 καταφαιδρύνει
1053 5339 1204 5400 Θεός.
1261 5336 1435 5407 ’Υπὲρ
1466 5336 1596 5404 γοῦν
1629 5337 1723 5389 τοῦ
1768 5338 1863 5388 καὶ

287 5432 365 5484 ἔτι
396 5431 658 5501 μειζόνως
705 5429 1285 5501 καταλαμπρῦνεσθαι,
1323 5429 1416 5482 τοῦ
1460 5428 1601 5482 κατὰ
1630 5428 1862 5499 Χριστὸν

291 5522 589 5591 μυστηρίου
622 5522 718 5593 τὴν
757 5521 962 5592 ἀκριϐῆ
1006 5538 1065 5573 τε
1111 5521 1204 5573 καὶ
1232 5520 1611 5589 ἀκιϐδήλευτον
1662 5520 1861 5588 γνῶσιν

287 5612 517 5684 ἐχούσας
547 5614 626 5677 εἰς
665 5612 808 5677 νοῦν,
841 5612 1159 5665 συντέθεικα
1184 5611 1243 5663 τὸ
1275 5611 1524 5679 λογίδιον,
1555 5611 1640 5664 διὰ
1680 5612 1861 5683 πάσης

1380 5788 1423 5819 ⁸⁸
1457 5787 1554 5842 lsa.
1588 5803 1681 5852 Ml,
1713 5789 1767 5841 5.

358 5789 402 5820 ⁸⁸
433 5787 535 5845 lsa.
571 5805 657 5855 XL,
689 5790 740 5845 9.
823 5790 866 5822 "
898 5787 1036 5843 I‘sal.
1068 5803 1215 5855 χλιιι,
1248 5786 1301 5841 9.

2070 4511 2133 4567 II.
2213 4513 2290 4566 En
2335 4527 2502 4582 ergo,
2555 4512 2755 4581 regina:
2836 4510 3055 4577 pietatis
3134 4510 3554 4574 amantissimze,

1977 4607 2177 4661 librum
2210 4622 2367 4674 quem
2412 4608 2478 4660 de
2510 4614 2654 4659 recta
2704 4616 2759 4659 et
2806 4604 3115 4673 inculpabili
3164 4605 3214 4658 in
3271 4604 3554 4657 Dominum

1975 4709 2219 4753 nostrum
2262 4696 2446 4751 Jesum
2490 4696 2768 4749 Christum
2818 4696 2948 4756 (ide,
2993 4693 3167 4763 qualis
3211 4704 3388 4746 vestra
3433 4707 3557 4747 esse

1972 4793 2152 4855 debet,
2184 4790 2506 4856 conscripsi,
2534 4788 2685 4841 vobis
2712 4787 2901 4841 olTet'o.
2936 4788 3098 4841 Decet
3131 4786 3274 4839 enim
3307 4801 3402 4838 vos
3434 4802 3556 4839 san-

1973 4883 2245 4938 ctimoniae
2301 4891 2356 4936 et
2413 4881 2596 4949 pietati
2655 4880 2901 4949 apprime
2958 4880 3221 4942 addictas,
3267 4893 3370 4931 una
3428 4894 3550 4932 cum

1974 4990 2188 5030 summo
2219 4974 2366 5044 regni
2402 4974 2638 5043 fastigio,
2673 4971 2953 5027 eharitatis
2982 4987 3196 5041 quoque
3226 4987 3346 5040 qua:
3375 4981 3459 5025 est
3495 4971 3548 5025 in

1972 5070 2269 5131 Christum,
2323 5083 2522 5121 corona
2562 5067 2823 5120 redimiri.
2867 5065 2993 5120 Hch
3035 5065 3180 5120 enim
3227 5064 3551 5118 venerandis

1971 5160 2168 5215 vestris
2209 5160 2503 5214 verticibus
2528 5158 2638 5226 jam
2690 5167 2868 5227 aptata
2922 5167 3026 5223 est,
3073 5167 3127 5211 et
3172 5158 3550 5210 universorum

1968 5253 2230 5305 Dominus
2258 5251 2425 5320 gloria
2460 5265 2738 5319 nunquam
2773 5250 3014 5319 peritura
3067 5264 3163 5304 vos
3193 5249 3546 5303 condecorat.

1965 5344 2217 5397 Attamen
2250 5358 2357 5411 quo
2399 5344 2570 5412 magis
2612 5343 2774 5397 etiam
2825 5341 3261 5409 condecorentini
3290 5381 3303 5403 ,
3347 5340 3548 5393 Christi

1968 5433 2283 5505 mysterium
2315 5443 2503 5487 exacta
2536 5444 2590 5487 et
2623 5449 2961 5502 nequaquam
3004 5432 3307 5485 adulterata
3354 5432 3545 5485 notitia

1965 5524 2343 5592 percipientes,
2376 5524 2773 5577 oratiunculam
2821 5521 3137 5590 composui,
3177 5522 3226 5573 in
3270 5538 3374 5590 qua
3418 5521 3547 5577 illud

1968 5630 2355 5684 usquequaque
2390 5615 2609 5685 planum
2658 5615 2825 5691 facio,
2864 5617 3005 5686 quod
3045 5616 3186 5671 sicut
3239 5633 3257 5666 ‹
3297 5630 3433 5669 unus
3463 5624 3545 5671 est

1850 5790 1891 5821 ⁶⁷
1928 5789 1945 5843 l
1982 5790 2107 5846 Cor.
2149 5806 2208 5856 ιι,
2247 5792 2330 5847 15.
