4000 6326
410 349 541 404 i359

1386 341 1444 399 S.
1486 342 1760 399 CYRILIJ
1801 339 2267 397 ALEXANDRINI
2306 336 2626 396 ARCIIIEP.

3512 336 3663 391 i350

410 470 584 535 Puer,
617 485 681 521 cx
714 484 819 537 quo
847 466 1024 520 omnia
1058 489 1069 520 ι
1104 466 1175 520 ita
1209 480 1373 519 unum
1403 481 1617 535 quoque
1646 481 1764 519 esse
1797 466 1973 519 Domi-

2088 462 2285 525 ἑννοίας
2334 460 2708 523 καταδεικνὺς,
2742 459 2844 521 ὅτι,
2887 475 2903 507 ι
2940 457 3128 527 ὥσπερ
3153 455 3297 509 ἐστὶν
3321 449 3400 519 εἷς
3442 454 3573 519 Θεὸς
3625 458 3659 508 6

410 580 535 616 num
569 574 810 615 nostrum
839 560 1021 616 .lesum
1066 556 1375 621 Christum,
1418 573 1513 625 per
1555 572 1712 624 quem
1750 558 1973 612 omnia:

410 672 547 708 unus
603 654 823 708 omnino
871 660 955 706 est
1005 650 1239 720 Spiritus
1294 659 1534 712 sanctus,
1588 650 1638 702 in
1702 664 1807 715 quo
1857 664 1974 703 om-

410 748 495 799 nia
521 747 585 797 “.
628 765 645 796 ι
682 744 781 810 Qui
812 753 993 797 autem
1024 758 1187 795 unum
1218 740 1493 795 Christum
1525 748 1577 793 et
1611 741 1893 794 Dominum
1924 750 1978 794 et

413 837 601 891 Filium
648 836 699 888 in
750 836 884 888 duos
934 833 1075 888 ﬁlios
1114 830 1404 896 divellunt,
1450 846 1547 885 nos
1592 843 1738 885 recte
1789 845 1979 899 sapere

409 927 607 993 edocti,
663 926 781 979 illos
835 925 1145 993 neutiquam
1200 923 1605 977 sustinebimus.
1663 922 1779 977 Non
1835 921 1975 975 enim

411 1022 573 1074 alium
598 1035 719 1075 esse
749 1018 985 1073 dicimus
1014 1016 1209 1071 Filium
1244 1030 1368 1069 eum
1399 1015 1488 1083 qui
1524 1026 1647 1068 ante
1676 1015 1855 1068 omnia
1888 1030 1981 1067 sm-

411 1113 531 1167 rula
561 1129 625 1167 ex
663 1111 753 1165 Dei
780 1110 957 1165 Patris
986 1108 1291 1164 substantia
1333 1108 1547 1178 genitus
1576 1116 1680 1171 est,
1720 1118 1775 1162 et
1812 1108 1995 1161 alimu-

415 1220 649 1267 rnrsum,
681 1203 772 1272 qui
805 1200 1114 1256 novissimis
1164 1199 1494 1270 temporibus
1522 1214 1589 1253 ex
1629 1199 1853 1253 muliere
1886 1216 1981 1252 na-

414 1305 521 1359 tus,
550 1304 603 1349 et
652 1293 751 1362 legi
796 1292 1064 1347 obnoxius
1102 1291 1275 1345 factus
1315 1299 1437 1354 est;
1484 1289 1578 1344 sed
1628 1306 1789 1344 unum
1828 1304 1979 1343 eum-

414 1389 642 1452 demque
674 1395 779 1437 tam
811 1394 939 1438 ante
970 1398 1152 1437 veram
1200 1382 1342 1435 illam
1374 1379 1537 1435 Verbi
1582 1394 1702 1435 cum
1746 1381 1978 1435 humana

414 1493 576 1533 carne
619 1476 1073 1545 coniunctionem,
1121 1490 1283 1543 quam
1326 1482 1447 1541 post
1484 1475 1727 1527 eamdem
1762 1490 1776 1526 :
1809 1489 1983 1543 quan-

415 1570 699 1639 doquidem
732 1569 919 1633 Filius,
953 1568 1047 1636 qui
1082 1567 1404 1621 naturaliter
1431 1581 1499 1621 ex
1530 1566 1637 1621 Deo
1668 1564 1825 1620 Patre
1851 1581 1979 1636 pro-

415 1663 579 1724 redit,
610 1675 840 1729 corpore
870 1660 1127 1724 animato,
1159 1668 1215 1713 et
1243 1668 1424 1713 mente
1454 1658 1729 1728 perfecto,
1760 1673 1826 1711 ex
1859 1657 1982 1711 Dei-

417 1769 544 1822 para
578 1752 794 1823 Virgine
823 1749 989 1805 Maria
1020 1759 1319 1821 assumpto,
1351 1760 1508 1806 natus
1555 1759 1639 1805 est
1684 1750 1979 1804 secundum

416 1860 658 1908 carnem,
692 1844 835 1897 nullo
865 1854 1044 1898 autem
1086 1843 1244 1897 modo
1285 1857 1473 1897 versus
1514 1851 1596 1897 est
1630 1841 1682 1895 in
1714 1856 1931 1895 carnem
1963 1858 1979 1895 :

417 1937 578 1991 absit.
613 1936 888 2005 Siquidem
922 1934 1061 1988 illam
1094 1935 1166 1989 ita
1197 1934 1525 2003 assumpsit,
1558 1943 1617 1987 ut
1645 1933 1979 1988 divinitatem

417 2045 569 2085 suam
601 2030 742 2084 nulla
772 2045 835 2084 ev
871 2038 1023 2099 parte
1052 2028 1289 2091 laaserit;
1323 2029 1525 2083 mansit
1546 2043 1780 2099 namque
1808 2030 1984 2086 ethoc

415 2136 632 2191 quoque
663 2121 824 2175 modo
856 2120 1233 2174 universorum
1268 2120 1545 2175 Dominus.

491 2211 755 2283 130m.
796 2213 863 2267 Et
894 2213 1007 2267 hree
1048 2213 1264 2280 quidem
1308 2213 1511 2267 sentire
1553 2213 1730 2269 edocti
1768 2231 1980 2270 sumus.

416 2307 679 2372 Quoniam
716 2316 1025 2361 sanctorum
1050 2305 1271 2359 Patrum
1303 2321 1605 2370 sermones,
1638 2309 1981 2362 earumdem-

415 2416 519 2469 qne
550 2401 858 2455 sanctiones
885 2399 1159 2470 sapienter
1181 2400 1491 2464 admonent,
1511 2410 1567 2453 ut
1590 2416 1785 2470 magno
1806 2402 1984 2455 studio

417 2493 811 2561 diligenterque
845 2493 1219 2557 observemus,
1269 2490 1400 2561 quid
1450 2491 1649 2547 divina:
1691 2491 1985 2563 Scriptura:

417 2600 579 2651 quam
625 2585 859 2639 maxime
891 2594 1313 2639 consentaneum
1349 2585 1441 2649 sit,
1484 2585 1775 2653 subtilique
1815 2600 1983 2639 sensu

418 2678 483 2729 ad
515 2692 577 2729 ea
608 2690 733 2745 quae
763 2675 829 2730 de
859 2675 1078 2730 Christo
1111 2675 1357 2745 exposita
1382 2684 1506 2729 sunt
1536 2675 1801 2739 adhibito,
1838 2676 1984 2730 veri-

419 2780 582 2823 tatem
611 2768 914 2823 divinornm
946 2767 1256 2838 dogmatum
1295 2767 1765 2836 contemplemur:
1845 2768 1983 2822 Con-

417 2862 533 2914 silia
563 2859 892 2923 evertentes,
926 2869 981 2913 et
1010 2874 1229 2914 onmem
1261 2860 1601 2915 altitudinem
1635 2861 1983 2916 extollentem

417 2971 477 3010 ευ
508 2956 768 3007 adversus
819 2952 1182 3021 cognitionem
1217 2952 1346 3020 Dei;
1396 2961 1450 3006 et
1498 2954 1833 3021 eaptivantes
1869 2969 1987 3008 om-

418 3063 537 3101 nem
565 3044 893 3099 intellectum
920 3044 970 3097 in
995 3042 1360 3099 obedientiam
1390 3044 1507 3114 ejus
1531 3043 1599 3098 ⁶’.
1629 3063 1648 3096 ι
1676 3043 1811 3099 Cum
1840 3046 1984 3099 enim

420 3147 787 3205 congruenter
818 3151 926 3190 υιιο
962 3151 1228 3193 consensu
1266 3137 1541 3192 fateantur
1582 3154 1791 3200 omnes.
1825 3150 1986 3192 natu-

418 3230 531 3285 rale
562 3229 653 3283 Dei
684 3228 863 3283 Patris
889 3226 1150 3292 Verbum,
1178 3228 1322 3297 quod
1352 3229 1405 3281 in
1431 3228 1667 3297 ejusdem
1698 3228 1789 3283 Dei
1812 3230 1982 3284 forma

416 3334 466 3374 et
485 3320 792 3389 aequalitate
814 3320 1209 3387 exsistit,¢non
1242 3320 1485 3388 rapinam
1514 3321 1839 3375 arbitratum
1866 3337 1987 3377 esse

417 3430 474 3465 se
514 3411 771 3480 aequalem
806 3411 953 3476 Deo;
990 3411 1084 3467 sed
1110 3410 1282 3465 forma
1320 3411 1460 3466 servi
1509 3424 1727 3482 accepta
1776 3425 1987 3469 semet-

421 3508 595 3574 ipsum
626 3503 1017 3569 exinanivisse,
1049 3516 1113 3556 ac
1151 3502 1205 3557 in
1246 3503 1657 3558 similitudinem
1707 3505 1986 3559 hominum

419 3598 645 3662 factum,
673 3596 727 3651 in
779 3598 1125 3665 humanoque
1171 3596 1356 3651 habitu
1405 3596 1682 3651 inventmn
1720 3612 1777 3651 se
1808 3598 1985 3652 humi-

418 3689 598 3752 liasse,
642 3703 708 3742 ac
745 3688 810 3742 ad
850 3697 1082 3743 mortem
1127 3688 1344 3743 tandem
1390 3704 1561 3757 usque
1604 3690 1865 3745 obediens
1908 3690 1987 3742 Γει-

423 3794 567 3835 ctum
588 3781 1019 3851 erucisjmortem
1041 3780 1276 3835 subiisse
1299 3780 1345 3811 ⁷ο
1377 3783 1804 3845 ;mecessarimn
1833 3781 1990 3851 plane

415 3884 501 3928 est
546 3888 669 3928 eum
703 3874 793 3942 qui
840 3887 1028 3927 eorum
1072 3872 1204 3938 vim,
1243 3887 1361 3941 qua:
1407 3874 1472 3928 de
1520 3871 1741 3927 Cbristo
1788 3873 1987 3939 scripta

416 3975 650 4030 exstant,
693 3974 841 4019 recte
873 3964 1172 4033 diiudicare
1204 3966 1339 4029 vult,
1376 3975 1565 4035 peetus
1598 3966 1821 4034 optimis
1861 3982 1989 4021 sen-

419 4057 605 4113 tentiis
662 4058 991 4112 instructum
1049 4058 1287 4122 habere;
1341 4068 1399 4112 ut
1451 4058 1731 4129 percipere
1785 4059 1987 4124 valeat,

417 4149 689 4218 quomodo
726 4150 866 4203 Deus
900 4148 1059 4203 simul
1105 4159 1161 4204 et
1204 4149 1367 4204 homo
1413 4150 1551 4203 idem
1585 4150 1700 4219 ipse
1742 4150 1990 4205 Christus

415 4242 663 4303 exsistat,
700 4249 757 4294 et
781 4240 921 4294 Deus
949 4253 1070 4294 esse
1104 4240 1223 4295 sine
1255 4239 1363 4292 ulla
1393 4240 1712 4295 alteratione
1742 4252 1836 4294 aut
1867 4257 1987 4295 mne

420 4331 618 4385 talione
674 4340 987 4401 perseveret
1045 4330 1424 4401 (immutabilis
1489 4331 1633 4385 enim
1688 4342 1774 4388 est
1824 4333 1987 4388 Verbi

420 4424 652 4490 natura),
685 4431 741 4476 et
784 4420 1178 4477 exiuanitionis
1208 4421 1564 4476 humilitatem
1588 4438 1691 4476 non
1726 4435 1987 4493 respuat:

2079 554 2289 623 Πατὴρ,
2320 554 2379 619 ἐξ
2405 548 2466 605 οὑ
2498 552 2566 605 τὰ
2613 550 2788 604 πάντα
2809 566 2824 581 ο
2877 549 3019 602 οὕτω
3066 549 3159 602 καὶ
3192 546 3271 612 εἷς
3309 547 3511 618 Κύριος
3552 548 3655 619 ’1ης

2080 646 2206 710 σοῦς
2239 646 2494 716 Χριστὸς,
2519 644 2586 698 δι’
2616 637 2677 698 οὗ
2705 645 2774 697 τά
2805 641 3012 696 πάντα·
3048 642 3106 695 ἓν
3133 641 3188 694 δὲ
3231 641 3401 711 δήπου
3434 641 3654 703 πάντως

2079 737 2171 790 καὶ
2192 735 2252 788 τὸ
2277 735 2503 804 Πνεῦμα
2524 733 2585 786 τὸ
2611 734 2784 802 ἆγιον.
2800 734 2936 786 »Καὶ
2958 732 3066 785 τῶν
3092 734 3172 795 είς
3199 731 3292 785 δύο
3318 731 3655 802 μεριζόντων

2078 828 2229 890 υίοὺς
2260 825 2351 879 τὸν
2400 826 2495 878 ἕνα
2542 823 2776 895 Χριστὸν
2824 825 2917 877 καὶ
2948 823 3074 876 Υίδν
3119 823 3214 876 καὶ
3252 822 3478 890 Κύριον,
3514 822 3656 891 ὀρθὰ

2080 919 2294 989 φρονεῖν
2325 916 2621 984 ἐγνωκότες
2659 916 2760 969 οὑκ
2809 913 3128 984 ἀνεξόμεθα.
3188 913 3261 966 Οὑ
3311 913 3420 985 γάρ
3462 913 3657 985 ἕτερον

2080 1006 2217 1063 εἷναί
2253 1026 2431 1079 φαμεν
2465 1008 2592 1061 Υίὸν
2626 1007 2718 1059 τὸν
2767 1006 2872 1077 πρὸ
2906 1005 3107 1068 παντὸς
3155 1005 3349 1068 αἰῶνος
3396 1022 3658 1074 γεγεννη-

2084 1102 2241 1171 μένον
2269 1102 2334 1153 ἐκ
2357 1101 2457 1168 τῆς
2483 1100 2668 1162 οὐσίας
2705 1099 2799 1152 τοῦ
2825 1098 2959 1151 Θεοῦ
2990 1099 3085 1151 καὶ
3117 1097 3352 1168 Πατρὸς,
3383 1098 3569 1168 ἓτερον
3593 1098 3657 1150 δὲ

2079 1191 2171 1244 τὸν
2199 1192 2258 1245 ὲν
2285 1190 2533 1261 ἐσχάτοις
2567 1193 2777 1260 καιροῖς
2820 1190 3112 1258 γενόμενον
3142 1192 3205 1242 ὲκ
3238 1189 3513 1257 γυναικὸς,
3557 1206 3654 1255 γε-

2080 1283 2303 1353 νόμενον
2348 1283 2453 1336 ὑπὸ
2483 1283 2646 1351 νόμον
2666 1301 2679 1313 '
2707 1282 2822 1336 ἀλλ’
2847 1282 2941 1336 ἕνα
2974 1282 3069 1334 καὶ
3107 1282 3197 1333 τὸν
3238 1280 3399 1334 αὑτὸν
3427 1281 3521 1333 καὶ
3547 1280 3659 1351 πρὸ

2079 1375 2181 1443 τῆς
2226 1374 2361 1445 πρὸς
2400 1374 2579 1444 σάρκα
2610 1374 2826 1427 συνόδου
2858 1374 2950 1425 καὶ
2988 1372 3232 1435 ένώσεως
3272 1371 3524 1441 ἀληθοῦς,
3558 1372 3657 1426 καὶ

2085 1464 2223 1534 μετὰ
2253 1465 2410 1517 τοῦτο
2434 1464 2536 1518 ἔτι.
2576 1464 2636 1518 Ὀ
2665 1464 2774 1534 γὰρ
2808 1466 2872 1517 ὲκ
2896 1462 3032 1517 Θεοῦ
3079 1463 3293 1534 Πατρδς
3322 1462 3463 1517 κατὰ
3492 1461 3659 1531 φύσιν

2084 1554 2229 1619 Υίὸς,
2260 1554 2504 1625 ἔμψυχόν
2530 1571 2589 1607 τε
2620 1553 2714 1607 καὶ
2739 1555 2922 1607 ἔννουν
2949 1553 3125 1624 ἑαυτῷ
3152 1553 3309 1623 σῶμα
3338 1550 3538 1627 λαβὼν,
3560 1568 3659 1619 γεε-

2082 1646 2336 1717 γέννηται
2398 1646 2676 1718 σαρκικῶς
2728 1647 2819 1700 διά
2871 1646 2971 1716 τῆς
3026 1647 3188 1715 ἁγίας
3242 1645 3516 1715 Παρθένου
3561 1644 3661 1696 καὶ

2083 1740 2346 1793 Θεοτόκου
2385 1740 2624 1811 Μαρίας,
2662 1740 2754 1794 καὶ
2785 1740 2886 1793 οὑκ
2927 1742 3008 1803 είς
3052 1740 3231 1810 σάρκα
3279 1738 3509 1809 τραπεὶς
3554 1735 3662 1805 (μὴ

2083 1826 2289 1895 γένοιτο
2313 1829 2374 1895 l),
2414 1826 2736 1898 προσλαϐὼν
2772 1828 2827 1881 δὲ
2866 1828 3065 1898 μᾶλλον
3112 1828 3306 1899 αὑτὴν,
3338 1827 3430 1880 καὶ
3464 1826 3556 1878 τοῦ
3578 1822 3659 1877 εἷ-

2082 1930 2169 1965 ναι
2194 1913 2324 1977 Θεὸς
2358 1914 2456 1965 οὐκ
2484 1913 2798 1985 ὴμεληκώς·
2831 1916 3110 1988 μεμένηκε
3137 1916 3246 1988 γάρ
3275 1917 3370 1970 καὶ
3384 1915 3524 1970 οὑτω
3545 1914 3662 1969 τῶν

2082 2002 2218 2056 ὅλων
2244 2004 2540 2075 Δεσπότης.

2156 2208 2228 2263 Γ’.
2272 2210 2455 2264 Ταῦτα
2482 2214 2697 2282 φρονεῖν
2726 2213 3107 2284 δεδιδάγμεθα.
3151 2213 3343 2281 ΣοφΟἰς
3375 2212 3481 2284 γὰρ
3508 2214 3660 2282 ἡμᾶς

2086 2301 2540 2373 παραγγέλμασιν
2591 2307 2639 2357 oi
2694 2306 2803 2358 τῶν
2858 2305 3031 2373 ἁγίων
3068 2304 3463 2374 ἀποκομίζουσι
3509 2304 3665 2372 λόγοι

2085 2393 2219 2461 πρός
2247 2410 2311 2461 γε
2340 2394 2401 2447 τὸ
2433 2396 2631 2466 χρῆναι
2664 2397 2975 2467 φιλοτηρείν
3004 2398 3064 2449 τὸ
3110 2400 3218 2461 τοῖς
3252 2398 3416 2466 ἱεροῖς
3472 2396 3663 2467 Γράμ-

2088 2500 2250 2552 μασιν
2287 2484 2361 2538 ὄτι
2417 2486 2652 2555 μάλιστα
2701 2487 2912 2553 δοκοῦν,
2952 2488 3045 2541 καὶ
3091 2487 3188 2559 τὴν
3239 2489 3297 2540 ὲν
3334 2489 3444 2551 τοῖς
3494 2487 3663 2549 θείοις

2083 2574 2347 2645 δόγμασιν
2376 2578 2638 2650 ἀλήθειαν
2671 2581 3164 2646 κατασκέπτεσθαι,
3194 2582 3391 2635 λεπτὸν
3422 2582 3662 2643 ἐνιέντας

2084 2666 2195 2727 τοῖς
2249 2666 2375 2735 περὶ
2417 2668 2652 2737 Χριστοῦ
2711 2669 3061 2740 λαλουμένοις
3100 2670 3190 2723 τὸν
3242 2670 3400 2723 νοῦν·
3444 2690 3463 2720 ι
3509 2670 3666 2724 Καθ-

2086 2756 2366 2827 αιροῦντες
2402 2760 2501 2829 μὲν
2523 2760 2838 2831 λογισμοὺς,
2877 2762 2972 2815 καὶ
2998 2763 3108 2816 πᾶν
3142 2762 3339 2831 ὕψωμα
3363 2762 3628 2833 ὲπαιρόμε
3648 2792 3664 2802 ο

2086 2864 2175 2900 νον
2206 2849 2350 2903 κατὰ
2372 2850 2468 2919 τῆς
2500 2854 2755 2919 γνώσεως
2784 2852 2878 2906 τοῦ
2906 2851 3062 2915 Θεοῦ,
3097 2854 3189 2907 καὶ
3227 2852 3663 2923 αἰχμαλωτίζον-

2086 2958 2178 3004 τες
2212 2942 2319 2993 πᾶν
2350 2942 2525 3013 νόημα
2573 2946 2653 3007 είς
2688 2944 2789 3015 τὴν
2823 2945 3070 3016 ὑπακοὴν
3118 2945 3304 2999 αὑτοῦ.
3349 2964 3367 2997 ι
3409 2944 3665 3014 Ἔχοντος

2088 3032 2196 3103 γάρ
2225 3033 2530 3105 ἀραρότως,
2570 3036 2666 3090 καὶ⁴
2707 3035 3145 3108 ὁμολογουμένου
3188 3038 3337 3109 παρὰ
3370 3040 3554 3101 πᾶσιν,
3580 3039 3667 3091 δτι

2090 3128 2184 3181 καὶ
2230 3129 2287 3181 έν
2341 3134 2524 3202 μορερῇ
2579 3132 2675 3184 καὶ¹
2718 3132 2923 3203 ἰσότητι
2972 3132 3064 3185 τοῦ
3119 3132 3254 3185 Θεοῦ
3312 3133 3408 3186 καὶ
3455 3131 3666 3203 Ila-:96;

2088 3221 2349 3291 ὑπάρχων
2380 3224 2408 3275 6
2439 3222 2498 3287 ἐξ
2525 3222 2688 3277 αὑτοῦ
2723 3224 2864 3277 κατὰ
2888 3223 3050 3294 φύσιν
3086 3224 3277 3293 Λόγος,
3316 3244 3335 3276 ι
3365 3225 3463 3294 οὑχ
3485 3227 3666 3298 άρπαο

2085 3312 2227 3381 γμὸν
2297 3314 2544 3383 ἡγήσατο
2592 3315 2654 3368 τὸ
2708 3312 2847 3370 εἶναι
2918 3317 3009 3370 ίσα
3084 3316 3203 3387 Θεῷ
3240 3335 3253 3348 ·
3306 3317 3420 3372 ἀλλ’
3474 3318 3668 3371 ἑαυτὸν

2087 3403 2340 3468 ὲκένωσε,
2366 3405 2579 3476 μορφὴν
2598 3407 2786 3461 δούλου
2807 3408 3009 3462 λαϐὼν·
3035 3412 3093 3463 ὲν
3115 3411 3422 3482 ὁμοιώματι
3452 3411 3665 3482 ἀνθρὼ-

2087 3512 2205 3547 πων
2232 3495 2542 3566 γενόμενος,
2572 3499 2665 3551 καὶ
2704 3501 2944 3570 σχήματι
2977 3501 3219 3572 εὑρεθεὶς
3246 3502 3322 3566 ὡς
3359 3504 3661 3575 ἄνθρωπος.

2089 3590 2450 3643 ἐταπείνωσεν
2484 3591 2695 3657 ἑαυτὸν,
2732 3593 3023 3663 γενόμενος
3073 3596 3314 3666 ὑπήκοος
3358 3596 3516 3667 μέχρι
3566 3597 3667 3651 0a-

2089 3681 2271 3745 νάτου,
2303 3680 2531 3735 Θανάτου
2561 3682 2618 3734 δὲ
2651 3684 2944 3755 σταυροῦοι
2983 3686 3134 3739 πᾶσά
3160 3704 3275 3750 πως
3309 3688 3520 3758 ἀνάγκη
3551 3687 3671 3741 Geo-

2090 3771 2278 3839 φιλοῦς
2326 3772 2572 3838 ἐπινοίας
2626 3783 2651 3810 ο
2702 3776 2997 3847 ἐπίμεστον
3052 3778 3197 3848 ἔχειν
3243 3779 3337 3833 τὸν
3387 3779 3533 3845 νοῦν,
3578 3780 3668 3832 τὶν

2088 3857 2241 3935 ᾧπερ
2284 3864 2350 3918 ἂν
2400 3867 2610 3933 γίνοιτο
2660 3868 2860 3934 σκοπὸς
2901 3870 3200 3942 διακρίνειν
3258 3868 3317 3925 εὖ
3370 3873 3513 3941 μάλα
3558 3872 3669 3923 τῶν

2089 3958 2219 4029 περὶ
2243 3957 2411 4011 αὑτοῦ
2459 3960 2862 4031 γεγραμμένων
2885 3963 2983 4034 τὴν
3010 3962 3259 4034 δύναμιν·
3294 3965 3381 4017 ἵνα
3408 3966 3464 4016 ὲν
3484 3964 3669 4031 ταυτῷ

2088 4048 2221 4112 Θεός
2250 4066 2309 4102 τε
2333 4050 2471 4121 ὁμοῦ
2506 4052 2599 4104 καὶ
2628 4051 2913 4124 ἄνθρωπος
2953 4056 2982 4107 ὁ
3006 4055 3168 4119 αὑτὸς
3202 4055 3463 4127 ὑπάρχων
3490 4058 3669 4122 ὲπιγι-

2088 4141 2388 4211 νώσκηται,
2446 4143 2542 4195 καὶ
2582 4140 2645 4197 ’ὣ
2683 4140 2823 4197 εἶναι
2868 4144 3002 4209 Θεὸς
3056 4146 3487 4219 ἁπαραποιήτως
3532 4145 3669 4216 ἔχων

2092 4234 2389 4304 (ἄτρεπτος
2417 4234 2525 4307 γὰρ
2552 4237 2584 4305 ἡ
2609 4234 2704 4288 τοῦ
2736 4236 2911 4304 Λόγου
2941 4236 3146 4307 φύσις),
3168 4239 3262 4291 καὶ¹
3290 4238 3351 4291 τὸ
3376 4239 3477 4307 τῆς
3504 4237 3669 4291 κενώ-

2091 4344 2231 4390 σεως
2285 4328 2482 4398 μέτρον
2528 4328 2588 4381 οὑ
2641 4329 3094 4401 παραιτούμενος.
3166 4330 3498 4403 Ἐπερυθριᾷ
3561 4330 3668 4399 γὰρ

2089 4414 2342 4489 οὐδαμῶς
2391 4423 2505 4484 τοῖς
2557 4421 2706 4485 ἰδίοις
2742 4422 3082 4493 σκέμμασιν,
3105 4424 3134 4475 6
3167 4423 3396 4476 κένωσιν
3426 4422 3524 4493 τὴν
3553 4422 3667 4475 ἐθε-

418 4529 591 4583 neque
623 4514 768 4567 enim
806 4514 898 4584 qui
932 4514 1329 4584 dispensatoria
1376 4514 1587 4569 ratione
1630 4515 1983 4569 voluntariam

2094 4512 2305 4565 λοὺσιον
2338 4513 2696 4581 οἰκονομικῶς
2731 4514 2797 4568 δι’
2828 4517 2974 4586 ἡμᾶς
3005 4514 3323 4586 ὑπομείνας.
3370 4516 3462 4569 Δεῖ
3491 4516 3667 4569 τοίνυν

419 4606 587 4659 nostri
620 4620 785 4659 causa
833 4605 1266 4661 humiliationem
1299 4605 1576 4669 sustinuit,
1605 4606 1671 4659 de
1714 4607 1826 4660 suis
1856 4622 1990 4659 eon-

419 4697 553 4750 siliis
581 4696 873 4751 erubescit.
920 4697 1149 4767 Oportet
1190 4699 1372 4767 itaque
1411 4698 1560 4751 illum
1598 4708 1654 4753 et
1688 4698 1989 4753 divinitatis

417 4788 699 4856 majestate
739 4788 1092 4857 conspicuum
1120 4787 1314 4855 videri,
1358 4796 1414 4843 et
1460 4803 1489 4840 a
1537 4797 1739 4842 nostrae
1772 4804 1986 4842 rursum

420 4878 738 4933 humilitatis
775 4879 1109 4943 conditione,
1152 4889 1375 4948 propter
1420 4889 1755 4948 assumptam
1793 4880 1986 4933 Imma-

420 4972 665 5035 nitatem,
706 4984 813 5024 non
856 4984 1080 5039 prorsus
1109 4971 1345 5025 alienum
1379 4985 1501 5025 esse
1558 4971 1811 5025 arbitrari
1840 4991 1853 5024 :
1882 4973 1983 5027 hoc

417 5064 559 5116 enim
602 5063 1020 5131 dispensationis
1071 5064 1208 5118 ratio
1252 5064 1504 5133 postulat.
1543 5063 1601 5117 Si
1651 5066 1795 5119 enim
1844 5065 1985 5119 Deus

420 5154 651 5207 Verbum
710 5153 910 5209 factum
960 5164 1045 5209 est
1085 5170 1245 5219 caro,
1301 5158 1405 5211 hoc
1460 5167 1543 5212 est
1588 5157 1781 5218 homo,
1831 5157 1986 5223 juxta

420 5247 544 5299 illud
571 5264 585 5300 :
618 5265 635 5296 ι
668 5246 947 5301 Effundam
969 5248 1036 5302 de
1068 5246 1272 5317 Spiritu
1309 5264 1427 5303 meo
1446 5264 1606 5317 super
1627 5264 1841 5303 omnem
1864 5265 1987 5303 car-

418 5352 538 5390 nem
564 5337 641 5403 ⁷¹;
671 5356 689 5388 ι
724 5337 996 5392 neminem
1018 5337 1139 5407 jure
1171 5339 1391 5394 turbare
1414 5341 1590 5405 debet,
1626 5341 1669 5394 si
1697 5356 1803 5409 qua
1845 5357 1982 5393 non-

2097 4605 2260 4659 αὑτὸν
2307 4606 2400 4657 καὶ
2459 4607 2571 4669 τοῖς
2620 4606 2718 4676 τῆς
2771 4605 3023 4677 Θεὸτητος
3081 4606 3385 4678 ἀξιώμασιν
3439 4608 3667 4679 ὁρᾶσθαι

2095 4699 2392 4770 διαπρεπῆ,
2444 4700 2536 4751 καὶ
2565 4700 2664 4769 τῆς
2705 4699 2827 4753 καθ’
2877 4701 3028 4770 ἡμᾶς
3070 4701 3541 4772 σμικροπρεπείσος
3569 4701 3670 4753 οὑκ

2095 4793 2175 4855 εἱς
2222 4790 2370 4844 ἆπαν
2419 4790 2841 4860 ἀπηλλαγμένον
2887 4790 2975 4844 διὰ
3010 4791 3071 4844 τὸ
3110 4791 3470 4861 ἀνθρώπινον,
3506 4793 3669 4845 άπαι-

2095 4882 2293 4952 τοὺσης
2341 4883 2500 4935 τοῦτο
2543 4884 2639 4952 τῆς
2682 4883 3012 4953 οἰκονομίας.
3063 4885 3125 4937 Εἰ
3185 4886 3296 4955 γὰρ
3339 4884 3468 4948 Θεὸς
3526 4884 3601 4937 ὢν
3643 4887 3673 4938 6

2090 4975 2262 5039 Λόγος
2292 4974 2481 5041 γέγονε
2512 4974 2669 5044 σάρξ,
2695 4975 2972 5028 τουτέστιν
2995 4974 3296 5045 ἄνθρωπος,
3321 4976 3462 5028 κατά
3483 4993 3544 5043 γε
3570 4976 3632 5028 τὸ
3648 5018 3662 5041 ,

2099 5085 2117 5118 ι
2157 5066 2366 5135 Ἐκχεῶ
2387 5066 2494 5120 ἀπὸ
2518 5068 2613 5118 τοῦ
2638 5066 2951 5137 Πνεῦματός
2976 5085 3076 5136 μου
3100 5068 3192 5120 ἐπὶ
3222 5070 3399 5120 πᾶσαν
3428 5067 3667 5137 σάρκα-ι

2093 5157 2393 5228 θορυὸείτω
2444 5158 2668 5229 μηδένα,
2719 5159 2823 5212 κᾶν
2874 5160 2922 5212 εἰ
2972 5159 3183 5227 λέγοιτὸ
3228 5176 3282 5211 τι
3332 5160 3460 5228 περὶ
3505 5158 3672 5211 αὑτοῦ

2092 5250 2244 5321 παρὰ
2274 5251 2378 5320 τῆς
2427 5250 2781 5304 θεοπνεύστου
2820 5252 3061 5321 Γραφῆς,
3092 5250 3201 5305 τῶν
3248 5253 3348 5305 ὅσα
3394 5252 3543 5304 ἐστὶν
3578 5252 3675 5303 dv-

2092 5342 2488 5414 Θρωποπρεπῆ.
2513 5342 2879 5414 Περιαθρείτω
2900 5342 2954 5396 δὲ
2978 5343 3179 5415 μᾶλλον
3201 5342 3365 5398 αὑτοῦ
3388 5344 3487 5415 τὴν
3511 5345 3610 5397 ὑπε
3622 5360 3679 5414 ρο

490 5494 533 5521 ⁵³³
567 5493 579 5544 Ι
614 5495 735 5548 Cor.
768 5511 840 5561 ιιι,
879 5497 929 5551 8.
1010 5498 1053 5528 ⁶⁹
1090 5495 1128 5550 ll
1158 5497 1281 5553 (lor.
1312 5512 1364 5564 κ,
1403 5498 1453 5552 5.
1534 5498 1579 5529 ⁷⁸
1614 5497 1844 5565 Philipp.
1890 5514 1951 5563 ιι,

2093 5540 2105 5551 .
2185 5501 2228 5531 ⁷¹
2266 5498 2380 5554 Joel
2419 5516 2477 5562 ιι,
2511 5500 2601 5554 ‘28.

1544 5655 1713 5710 Vuria‘
1751 5655 2004 5709 lectiones
2032 5656 2233 5707 indit-is
2270 5654 2622 5724 Seguicriani.

499 5792 521 5821 ο
554 5786 847 5854 εὐτεχνίας.
