4000 6326
393 354 522 409 ηιξ

1201 362 1294 416 AD
1333 359 1629 418 REGINAS
1669 364 1755 419 DF.
1798 366 2019 424 BECTA
2064 371 2220 428 FIDE
2261 374 2525 432 ORATIO
2564 377 2866 435 ALTERA.

3522 387 3663 443 13:52

389 477 615 548 κόσμιον
660 476 817 545 δόξαν
848 479 911 532 ἐκ
945 478 1225 550 δυνάμεως
1273 486 1364 537 καὶ
1396 486 1669 558 ὑπεροχῆς
1709 490 1809 559 τῆς
1854 490 1954 545 θεο·

2080 513 2354 566 nunquam
2407 499 2653 561 humilia,
2695 502 2874 570 qualia
2911 503 3161 558 homines
3202 504 3421 569 decent,
3464 507 3662 562 divina:

390 566 637 638 πρεποῦς
682 586 741 620 τε
776 569 870 622 καὶ
908 571 1189 626 ἀνωτάτω.

460 874 531 920 A'.
546 869 613 921 "A
628 868 685 921 δὲ
703 863 773 939 ἦν
796 869 1029 939 μάλιστα
1042 868 1341 940 παραλύειν
1372 870 1513 933 εἰκὸς
1529 872 1620 925 τὸν
1641 871 1749 925 τῶν
1771 873 1970 926 ἁπλου-

390 960 596 1031 στέρων
629 960 885 1014 δύνασθαι
911 960 1057 1028 νοῦν,
1092 960 1264 1014 ταῦτα
1303 959 1388 1031 δὴ,
1416 963 1560 1016 κατά
1589 980 1653 1031 γε
1704 963 1766 1017 τὸ
1796 966 1969 1035 ἐγχω-

389 1051 537 1124 ροῦν,
585 1053 679 1105 καὶ
730 1051 807 1116 ὡς
858 1051 939 1106 ἔνι
992 1052 1193 1117 καλῶς,
1244 1052 1561 1123 διατρανοῦν
1610 1056 1966 1128 πειράσομαι,

388 1144 707 1215 παρατιθεὶς
752 1144 969 1216 ἑκάστῳ
1016 1144 1165 1216 ρητῷ
1195 1144 1294 1217 τὴν
1324 1147 1653 1219 ἀποχρῶσαν
1698 1149 1853 1203 λύσιν
1886 1152 1966 1215 είς

386 1236 729 1305 διασάφησιν,
759 1234 894 1288 Θεοῦ
935 1235 1097 1290 πάλιν
1138 1237 1271 1307 ἡμῖν
1298 1236 1718 1303 κατευθύνοντος
1747 1240 1843 1295 καὶ
1870 1241 1967 1314 τὴν

387 1328 467 1389 εἰς
499 1324 657 1378 τοῦτο
695 1324 898 1397 τρίϐον.
939 1343 959 1377 ι
993 1326 1190 1380 Δίδωσι
1216 1327 1328 1398 γὰρ
1359 1328 1512 1399 ῥῆμα
1543 1332 1655 1395 τοῖς
1684 1331 1968 1401 εὐαγγελι-

386 1416 634 1487 ζομένοις
664 1417 890 1488 δυνάμει
928 1418 1119 1491 πολλῇ,
1155 1437 1174 1469 ι
1207 1418 1351 1473 καθά
1388 1438 1553 1493 φησιν
1604 1424 1633 1476 6
1678 1423 1966 1489 θεσπέσιος

386 1509 659 1580 Μελῳδός.
706 1510 795 1564 Ἐν
823 1509 923 1581 μὲν
961 1505 1055 1564 οὖν
1087 1510 1164 1581 τῷ
1209 1510 1355 1582 λόγῳ
1385 1511 1465 1584 τῷ
1508 1513 1645 1586 πρὸς
1687 1516 1844 1586 ἡμῶν
1873 1534 1966 1585 γε·

385 1600 564 1669 γονότι
594 1603 731 1672 πρὸς
759 1600 860 1665 τὰς
888 1601 1049 1670 ἁγίας
1083 1601 1411 1674 παρθένους,
1442 1604 1552 1657 τῶν
1604 1607 1965 1678 ἑτοιμοτέρων

387 1693 589 1764 ῥητῶν,
612 1693 709 1747 καῖ⁹
733 1693 886 1747 οὐδὲν
908 1694 1142 1765 ἐχόντων
1162 1696 1224 1748 τὸ
1243 1695 1503 1769 δυσχερὲς
1529 1697 1609 1761 είς
1634 1698 1961 1768 κατάληψιν,

385 1787 645 1858 πλείστην
687 1787 820 1858 ὅσην
854 1788 1202 1860 πεποιήμεθα
1230 1789 1328 1860 τὴν
1362 1789 1695 1860 παράθεσινο
1730 1791 1788 1843 ὲν
1815 1791 1874 1844 δέ
1897 1809 1961 1860 γε

2077 585 2294 641 Littera!
2317 588 2383 640 de
2419 588 2511 643 illo
2534 590 2788 658 prodant.
2816 590 3035 660 Spectet
3067 601 3247 645 autem
3279 594 3458 661 potius
3487 596 3655 650 cmle-

2075 688 2210 732 stem
2249 678 2390 733 illius
2420 680 2642 748 gloriam
2672 690 2725 735 et
2765 682 3105 750 majestatem
3145 698 3212 738 ex
3242 684 3424 739 divina
3454 702 3647 757 supre-

2074 786 2269 836 maque
2294 772 2532 837 ejusdem
2564 774 2763 829 virtute
2797 785 2852 829 et
2880 774 3221 831 excellentia.

2146 861 2233 917 IV.
2278 864 2441 934 Igitur
2474 879 2594 934 quae
2630 865 3026 933 simpliciorum
3062 867 3274 923 animos
3303 883 3415 939 prae
3440 872 3654 927 cmteris

2074 955 2294 1010 turbare
2334 970 2494 1025 posse
2536 956 2812 1024 videntur,
2856 959 3243 1027 perspicuitate
3289 971 3490 1030 quanta
3540 963 3654 1017 ﬁeri

2072 1048 2271 1118 poterit
2297 1048 2531 1102 maxima
2564 1064 2714 1116 usus,
2747 1065 2812 1103 ea
2842 1066 2941 1119 pro
2971 1051 3177 1107 viribus
3217 1054 3518 1122 explanare
3561 1072 3653 1111 co-

2072 1138 2266 1202 nabor,
2299 1137 2524 1207 majoris
2547 1138 2683 1194 lucis
2720 1154 2883 1195 causa
2914 1141 3107 1197 idonea
3133 1141 3405 1199 solutione
3440 1146 3645 1199 unicui-

2070 1245 2175 1299 que
2219 1230 2501 1285 sententiae
2529 1231 2807 1301 apposita;
2843 1232 2952 1286 Deo
3002 1248 3192 1289 rursus
3219 1234 3356 1288 viam
3414 1248 3654 1290 nostram

2073 1323 2125 1377 in
2159 1308 2261 1377 hoc
2293 1323 2455 1378 etiam
2488 1324 2766 1378 curriculo
2808 1325 3146 1381 moderante.
3189 1344 3209 1379 ι
3239 1327 3340 1381 Dat
3378 1328 3523 1382 enim
3566 1330 3656 1385 ille

2070 1417 2291 1469 verbum
2342 1415 2843 1486 evangelizantibus
2901 1416 3055 1487 131
3114 1418 3314 1473 virtute
3362 1419 3570 1485 multa,
3627 1439 3646 1472 ι

2068 1507 2523 1577 quemadmodum
2570 1506 2794 1562 divinus
2824 1506 3037 1565 Psaltes
3083 1512 3232 1565 canit
3256 1511 3322 1565 7’.
3357 1509 3529 1567 Porro
3556 1528 3653 1565 au-

2071 1609 2177 1653 tem
2219 1599 2275 1653 in
2316 1613 2383 1653 eo
2411 1600 2826 1665 commentario,
2865 1614 3025 1670 quem
3072 1602 3138 1656 ad
3184 1617 3372 1659 sacras
3412 1605 3651 1677 virgines

2070 1688 2439 1755 exaravimus,
2482 1690 2572 1745 illa
2612 1690 2828 1747 abunde
2855 1693 3275 1761 edisseruimus,
3318 1712 3440 1766 quae
3476 1699 3650 1768 magis

2066 1780 2243 1847 obvia,
2295 1780 2683 1852 intellectuque
2727 1781 2978 1838 faciliora
3026 1785 3396 1841 videbantur:
3433 1787 3485 1841 in
3541 1788 3643 1843 hoc

385 1880 464 1949 τῷ
490 1879 859 1951 προκειμένῳ,
886 1879 996 1933 τῶν
1027 1880 1417 1951 ἀσαφεστέρων
1453 1881 1800 1954 πεποιήμεθα
1828 1885 1954 1955 pani;-

2065 1867 2320 1942 prmsenti
2350 1886 2480 1928 vero
2514 1872 2568 1928 in
2609 1872 2987 1930 obscuriorum
3012 1876 3372 1947 explicatione
3399 1880 3647 1934 versabi-

388 1986 531 2042 μηνο
574 1971 679 2025 ἔδει
708 1971 837 2044 γὰρ,
892 1972 1001 2027 ἔδει
1043 1973 1104 2027 τὸ
1150 1973 1397 2045 θεοφιλὲς
1442 1976 1597 2047 ὑμῶν
1634 1977 1834 2047 κράτος
1868 1980 1963 2032 καὶ

382 2062 555 2117 ταῦτα
586 2062 803 2129 ειδέναι,
836 2065 1067 2120 κάκεῖνα
1097 2066 1172 2139 μὴ
1201 2067 1439 2137 ἀγνοεῖν,
1467 2068 1545 2132 ὼς
1573 2068 1638 2122 ἂν
1664 2067 1732 2122 δι’
1757 2069 1961 2140 ἀμφοῖν

383 2155 443 2206 τὸ
471 2154 673 2225 ἀρτίως
716 2154 840 2226 ἕχον
887 2158 970 2221 είς
1015 2157 1238 2227 γνῶσιν,
1292 2159 1545 2231 καθάπερ
1576 2178 1630 2213 τι
1659 2161 1794 2229 φῶς,
1841 2164 1962 2225 ταῖς

382 2248 776 2318 εὐαγεστάταις
805 2251 961 2320 ὑμῶν
994 2251 1337 2316 είσοικίζοιτο
1365 2254 1644 2317 διανοίαις.
1672 2255 1879 2319 Σκοπὸς
1903 2256 1960 2309 δέ

386 2357 476 2408 μοι
521 2339 592 2393 τὰ
641 2340 728 2409 ἐφ’
759 2341 977 2412 ἑκάστῳ
1018 2341 1426 2415 διερμηνεύοντι
1481 2344 1837 2416 βραχυλογεῖν
1884 2345 1959 2409 ώς

382 2428 493 2485 οἷόν
538 2450 595 2486 τε
617 2450 631 2463 ·
674 2433 1062 2504 προτετάξεται
1112 2434 1168 2488 δὲ
1216 2435 1324 2489 τῶν
1377 2436 1551 2489 ἄλλων
1599 2436 1627 2488 6
1678 2438 1806 2502 περὶ
1859 2437 1958 2507 τῆς

384 2524 666 2589 κενώσεως
690 2526 882 2594 Λόγος.
923 2526 1123 2579 Ἰστέον
1166 2526 1210 2579 δ’
1248 2522 1339 2580 οὖν
1385 2528 1534 2597 ὅμως
1576 2530 1753 2581 ἐκεῖνο
1778 2545 1792 2560 ο
1828 2529 1958 2581 ὅταν

380 2620 486 2687 γὰρ
515 2618 648 2687 ἡμῖν
678 2617 1011 2688 ὀνομάζηται
1044 2618 1281 2689 Χριστὸς
1326 2619 1553 2691 Ἰησοῦς,
1604 2619 1956 2690 ὲνανθρωπή-

381 2725 549 2761 σαντα
588 2708 683 2761 καὶ
709 2708 1123 2780 σεσαρκωμένον
1154 2712 1422 2781 προσήκει
1447 2713 1587 2767 νοεῖν
1611 2710 1701 2764 τὸν
1732 2712 1796 2764 ἐκ
1820 2709 1956 2764 Θεοῦ

379 2799 591 2867 Πατρὸς
617 2800 810 2870 Λόγον.

450 3007 488 3025 τ’

453 3007 523 3061 3'.
570 3022 591 3058 ο
630 3006 778 3059 Θέλω
805 3005 915 3076 γὰρ
952 3007 1097 3077 ὑμᾶς
1140 3006 1362 3066 εἰδέναι,
1394 3006 1477 3059 ὅτι
1524 3002 1727 3067 παντὸς
1764 3003 1957 3075 ἀνδρὸς

380 3098 584 3169 γεφαλὴ
614 3099 642 3150 6
665 3098 899 3168 Χριστός
923 3100 1068 3151 ὲστι·
1098 3097 1310 3167 κεφαλὴ
1328 3096 1385 3150 δὲ
1414 3094 1694 3165 γυναικὸς»
1729 3096 1758 3147 ὁ
1782 3095 1952 3166 ἀνήρ’

376 3189 586 3260 κε’ραλὴ
618 3188 675 3242 δὲ
715 3188 809 3242 τοῦ
843 3186 1104 3259 Χριστοῦ,
1139 3190 1168 3241 6
1200 3187 1352 3251 Θεός.
1384 3187 1444 3239 Ὀ
1484 3185 1700 3255 πρῶτος
1740 3184 1953 3256 ἀνθρω-

378 3295 476 3340 πος
509 3280 574 3331 ὲκ
600 3277 702 3347 γῆς
751 3276 932 3347 χοῖκὸς
957 3276 1254 3347 (τουτέστιν
1298 3272 1489 3346 Ἀδάμ)
1512 3291 1525 3303 ⁸
1557 3276 1586 3328 6
1618 3274 1867 3346 δεύτερος
1892 3274 1953 3340 ἐξ

374 3370 604 3441 οὐρανοῦ
636 3370 813 3440 (δῆλον
843 3370 901 3423 δὲ
943 3370 1026 3422 ὅτι
1055 3371 1083 3421 6
1114 3368 1374 3440 Χριστός)
1400 3383 1413 3398 ·
1463 3367 1578 3421 ἀλλ’
1607 3365 1797 3436 ὥσπερ
1827 3367 1947 3434 ἐφο-

379 3464 615 3534 ρέσαμεν
645 3462 746 3532 τὴν
782 3459 966 3513 εἰκόνα
1004 3458 1099 3513 τοῦ
1131 3459 1340 3530 χοϊκοῦ,
1372 3457 1694 3529 φορέσωμεν
1726 3457 1821 3512 καὶ
1853 3456 1951 3528 τὴν

376 3556 561 3608 εἰκόνα
580 3552 674 3607 τοῦ
704 3552 1050 3624 ἐπουρανίου,
1072 3550 1214 3605 κατὰ
1236 3551 1298 3604 τὸ
1328 3550 1731 3622 γεγραμμένον.
1765 3569 1783 3601 ι
1809 3550 1951 3603 Οὐκ-

374 3643 469 3694 οὖν
507 3640 697 3714 πρώτη
746 3641 966 3710 γέγονεν
995 3642 1128 3711 ἡμῖν
1159 3638 1370 3711 κεφαλὴ
1398 3638 1490 3692 τοῦ
1537 3642 1747 3708 γένους,
1796 3657 1950 3692 τουτ-

374 3735 521 3788 έστιν
559 3733 721 3804 ἀρχὴ,
749 3733 778 3786 6
810 3733 875 3785 ὲκ
901 3732 1006 3803 γῆς
1036 3749 1097 3785 τε
1126 3733 1220 3787 καὶ
1251 3731 1453 3801 χοϊκός.
1504 3731 1719 3802 Ἐπειδὴ
1746 3732 1802 3785 δὲ
1830 3731 1950 3784 δεύο

370 3845 530 3899 τερος
570 3826 740 3898 Ἀδὰμ
778 3824 1196 3896 κατωνόμασται
1227 3823 1483 3895 Χριστὸς,
1530 3825 1741 3896 κεφαλὴ
1777 3823 1950 3877 τέθει-

371 3940 493 3988 ται,
549 3922 825 3977 τουτέστιν
883 3920 1027 3992 ἀρχὴ
1086 3919 1196 3973 τών
1251 3920 1320 3973 δι’
1375 3918 1537 3972 αὐτοῦ
1593 3918 1728 3990 πρὸς
1788 3917 1949 3972 αὐτὸν

371 4012 871 4084 ἁναμορφουμένων
936 4013 1016 4076 είς
1068 4010 1380 4083 ἀφθαρσίαν
1440 4010 1509 4064 δι’
1572 4008 1840 4080 ἀγιασμοῦ
1892 4011 1951 4063 ὲν

375 4103 675 4174 Ιινεὺματι·
717 4102 913 4158 οὐκοῦν
958 4101 1121 4165 αὐτὸς
1171 4103 1268 4173 μὲν
1300 4101 1459 4173 ἡμῶν
1489 4101 1653 4173 ἀρχὴ,
1704 4103 1950 4168 τουτέρτι

371 4195 602 4267 κεφαλὴ,
633 4195 769 4249 καθὸ
804 4195 1047 4266 πέφηνεν
1084 4193 1389 4265 ἄνθρωπος.
1423 4195 1577 4265 Ἔχει
1626 4211 1689 4263 γε
1724 4195 1840 4264 μὴν
1859 4210 1949 4247 κεο

372 4284 547 4356 φαλὴν
571 4284 755 4350 αὐτὸς,
799 4284 874 4348 ὡς
908 4285 1066 4354 φύσει
1113 4284 1265 4351 Θεὸς,
1311 4285 1403 4338 τὸν
1451 4287 1511 4338 ὲν
1550 4288 1663 4348 τοῖς
1701 4286 1950 4355 οὐρανοῖς

374 4378 591 4448 Πατέρα
620 4392 632 4405 ·
665 4376 986 4448 γεγέννηται
1022 4375 1132 4447 γὰρ
1162 4375 1222 4441 ἐξ
1253 4374 1417 4431 αὑτοῦ
1455 4376 1595 4428 κατὰ
1623 4374 1783 4444 φύσιν
1818 4375 1949 4438 Θεὸς

370 4464 445 4517 ὢν
475 4466 504 4518 6
534 4462 726 4533 Λόγος.
752 4464 875 4517 Ὅτι
903 4462 961 4516 δὲ
992 4464 1025 4533 ἡ
1060 4464 1271 4534 κεφαλὴ
1304 4465 1558 4535 σημαίνει
1619 4464 1716 4535 τὴν
1746 4465 1946 4536 ἀρχὴν,

2065 1980 2206 2018 nmr.
2234 1963 2341 2019 Par
2369 1972 2453 2020 est
2482 1965 2650 2034 enim,
2691 1975 2750 2021 ut
2778 1966 3034 2037 religiosa
3082 1979 3259 2024 vestra
3291 1969 3546 2037 majestas
3592 1979 3647 2025 et

2062 2054 2178 2110 hate
2223 2056 2381 2123 sciat,
2428 2066 2483 2111 et
2536 2055 2625 2112 illa
2667 2071 2890 2127 quoque
2928 2071 3034 2113 non
3093 2057 3338 2128 ignoret;
3394 2075 3502 2129 quo
3552 2075 3647 2129 per

2064 2156 2295 2217 utraque
2340 2147 2583 2218 perfecta
2642 2150 2880 2220 cognitio
2925 2149 3090 2204 veluti
3148 2149 3324 2205 lumen
3374 2152 3643 2220 quoddam

2062 2242 2424 2296 sanctissimis
2471 2241 2675 2297 vestris
2732 2242 3005 2298 mentibus
3050 2242 3338 2297 inhabitet.
3387 2241 3644 2314 PrOposi-

2064 2333 2174 2389 tum
2203 2344 2286 2390 est
2313 2343 2493 2391 autem
2529 2335 2602 2389 ita
2635 2335 2847 2406 singula
2872 2335 3245 2406 interpretari,
3275 2345 3335 2391 ut
3373 2352 3641 2391 summam

2062 2426 2261 2495 ubique
2296 2425 2616 2481 brevitatem
2656 2435 3055 2481 consectemur.
3089 2425 3356 2482 Caeterum
3397 2428 3640 2498 disputa-

2064 2518 2226 2573 tionis
2272 2516 2432 2586 hujus
2482 2516 2765 2572 exordium
2818 2517 2887 2572 ab
2931 2517 2999 2573 iis
3040 2520 3349 2587 przecipue,
3401 2535 3523 2589 qua:
3572 2522 3639 2573 ad

2061 2608 2225 2663 Verbi
2270 2607 2701 2661 exinanitiouem
2748 2607 3043 2675 pertinent,
3090 2605 3270 2662 facere
3317 2607 3479 2675 libet;
3534 2625 3643 2663 uno

2060 2701 2164 2754 hoc
2208 2697 2422 2752 interim
2458 2699 2761 2765 pmmisso,
2814 2713 2936 2752 cum
2980 2697 3139 2753 Jesus
3183 2700 3433 2754 Christus
3467 2702 3641 2755 nomi-

2059 2802 2239 2855 natttr,
2278 2807 2382 2845 non
2424 2792 2590 2845 alium
2635 2804 2796 2859 quam
2832 2788 2926 2845 Dei
2973 2790 3157 2846 Patris
3190 2789 3425 2846 Verbum
3460 2792 3638 2847 incar-

2059 2896 2267 2951 natum,
2317 2885 2661 2940 hominemve
2697 2883 2922 2950 factum,
2972 2898 3039 2940 eo
3080 2885 3299 2940 nomine
3339 2884 3635 2955 designari.

2128 2999 2195 3055 V.
2245 3019 2263 3052 ‹
2296 2998 2433 3055 Volo
2481 3011 2660 3056 autem
2721 3014 2819 3054 vos
2877 2999 3053 3065 scire,
3114 2999 3259 3069 quod
3311 3000 3489 3054 omnis
3534 3000 3638 3053 viri

2055 3102 2242 3163 caput,
2292 3092 2541 3163 Christus
2593 3100 2711 3159 est;
2764 3102 2926 3160 caput
2972 3101 3153 3144 autem
3206 3090 3472 3155 mulieris,
3515 3092 3636 3158 vir;

2057 3196 2220 3253 caput
2262 3200 2392 3239 vero
2430 3184 2653 3248 Christi,
2696 3183 2841 3239 Deus
2863 3182 2933 3237 ⁷³.
2960 3181 3271 3237 —Primus
3309 3185 3471 3237 homo
3512 3184 3635 3253 (huc

2055 3288 2141 3332 est
2172 3276 2390 3348 Adam),
2437 3278 2503 3332 de
2550 3286 2696 3331 terra
2746 3286 2992 3330 terrenus
3027 3294 3040 3331 :
3070 3275 3343 3331 secundus
3382 3276 3511 3347 (hoc
3551 3287 3637 3330 est

2054 3368 2350 3440 Christus),
2379 3368 2446 3424 de
2462 3368 2612 3425 caelo
2639 3369 2900 3424 ctelestis.
2936 3368 3105 3437 Igitur
3128 3368 3270 3423 sicut
3296 3369 3637 3436 portavimus

2054 3461 2345 3532 imaginem
2376 3461 2605 3528 terreni,
2636 3468 2918 3529 portemus
2955 3469 3011 3515 et
3054 3459 3342 3530 imaginem
3374 3460 3632 3525 cmlestis,

2051 3550 2197 3606 sicut
2240 3549 2500 3619 scriptum
2540 3550 2714 3604 est“.
2746 3568 2765 3602 ›
2792 3548 3034 3603 Primum
3071 3548 3239 3618 igitur
3280 3549 3495 3619 generis
3548 3565 3635 3602 no-

2051 3642 2153 3697 stri
2195 3651 2378 3711 caput,
2418 3642 2525 3697 hoc
2573 3653 2660 3697 est
2704 3641 3083 3711 primordium,
3134 3640 3329 3707 Adam,
3371 3642 3437 3697 de
3490 3651 3631 3695 terra

2054 3744 2304 3789 terrenus
2357 3744 2480 3789 erat
2529 3747 2546 3788 :
2592 3734 2848 3802 quoniam
2895 3748 3028 3788 vero
3091 3733 3342 3789 Christus
3408 3734 3631 3787 secundi

2050 3824 2243 3879 Adami
2272 3835 2690 3895 cognomentum
2713 3824 2941 3879 sortitus
2964 3836 3069 3888 est,
3100 3840 3290 3878 eorum
3323 3833 3504 3891 caput,
3530 3824 3633 3877 hoc

2050 3926 2133 3971 est
2160 3917 2508 3987 principium,
2554 3917 2645 3986 qui
2674 3916 3132 3971 sanctiﬁcationis
3178 3915 3385 3984 Spiritu
3438 3917 3502 3968 ad
3548 3915 3631 3967 in-

2049 4008 2455 4077 corruptionem
2494 4008 2790 4063 secundum
2835 4007 2979 4062 illius
3002 4007 3293 4077 imaginem
3330 4022 3424 4075 per
3453 4007 3629 4075 ipsum

2052 4100 2440 4164 reformantur,
2485 4100 2814 4156 constitutus
2865 4110 2970 4156 est.
3015 4100 3109 4154 Est
3150 4101 3334 4167 itaque
3383 4109 3628 4153 nostrum

2051 4193 2140 4248 ille
2177 4193 2527 4263 principium,
2574 4193 2676 4247 hoc
2707 4203 2790 4247 est
2821 4203 3005 4265 caput,
3050 4200 3322 4261 quatenus
3357 4192 3517 4244 homo
3545 4205 3631 4258 ίῳ·

2050 4285 2231 4355 paruit
2264 4302 2278 4338 :
2313 4284 2479 4339 habet
2506 4284 2858 4338 nihilominus
2886 4294 2942 4337 et
2964 4283 3079 4352 ipse
3100 4297 3317 4349 quoque
3344 4291 3530 4349 caput,
3573 4291 3631 4333 ut

2054 4387 2251 4432 natura
2286 4376 2427 4429 Deus
2471 4385 2577 4439 est,
2623 4391 2821 4445 nempe
2855 4374 3130 4428 cmlestem
3161 4371 3378 4427 Patrem
3415 4389 3429 4424 :
3458 4387 3522 4425 ex
3563 4386 3630 4425 eo

2051 4484 2290 4536 namque
2328 4467 2567 4523 Verbum
2607 4469 2746 4523 Deus
2771 4468 3067 4532 exsistcns,
3115 4465 3441 4520 naturaliter
3484 4466 3630 4535 gcui-

371 4556 596 4625 ἐμπεδοῖ
628 4554 729 4625 τὴν
769 4554 1027 4626 ἀλήθειαν
1062 4555 1171 4609 τῶν
1198 4556 1575 4620 ὲνδοιαζόντων
1598 4556 1687 4609 τὸν
1714 4555 1839 4609 νοῦν
1864 4557 1944 4619 τὸ,

2062 4572 2164 4615 tum
2191 4571 2293 4616 est.
2328 4562 2481 4627 Quod
2519 4570 2699 4614 autem
2729 4561 2869 4614 idem
2900 4562 2971 4616 sit
3003 4569 3185 4630 caput,
3214 4559 3355 4627 quod
3392 4559 3625 4621 initium,

372 4645 613 4716 κεφαλὴν
644 4644 899 4713 λέγεσθαι
927 4645 1019 4698 τὸν
1054 4644 1222 4715 ἄνδρα
1267 4646 1364 4716 τῆς
1410 4646 1693 4715 γυναικός·
1737 4646 1946 4718 ἐλήφθη

372 4741 478 4807 γὰρ
507 4737 566 4802 ἐξ
588 4736 773 4793 αὐτοῦ.
799 4733 897 4802 Εἷς
924 4738 1033 4808 ἄρα
1064 4737 1299 4809 Χριστὸς
1331 4738 1424 4791 καὶ
1446 4738 1570 4801 Υίὸς
1597 4739 1691 4790 καὶ
1719 4740 1944 4808 Κύριος,

2049 4652 2133 4707 vel
2158 4668 2322 4707 mnnn
2354 4654 2455 4707 hoc
2479 4650 2857 4705 ﬂuctuantium
2888 4653 3099 4706 animos
3124 4652 3210 4705 hic
3231 4651 3422 4705 sedare
3441 4661 3623 4719 queat,

2046 4745 2190 4814 quod
2224 4745 2307 4797 vir
2355 4743 2602 4798 mulieris
2650 4754 2812 4813 caput
2846 4758 2965 4799 esse
3016 4743 3371 4813 perhibeatur
3402 4760 3414 4797 :
3449 4758 3518 4797 ex
3559 4756 3627 4796 eo

370 4834 398 4881 ὁ
432 4828 671 4899 κεφαλὴν
711 4828 969 4900 ἒχων,ώς
1018 4828 1150 4893 Θεὸς
1197 4827 1337 4882 κατά
1382 4828 1562 4897 φύσιν,
1605 4828 1697 4881 τὸν
1734 4830 1793 4881 ἐν
1836 4831 1948 4891 τοῖς

2062 4838 2189 4892 anim
2233 4848 2447 4904 sumpta
2483 4844 2567 4891 est
2604 4836 2716 4890 illa.
2758 4836 2912 4891 Unus
2958 4836 3141 4906 itaque
3177 4847 3263 4890 est
3292 4834 3541 4890 Christus
3571 4844 3627 4888 et

370 4921 619 4990 οὐρανοῖς
649 4919 889 4991 Πατέρα,
918 4919 1157 4988 γεγονὼς
1187 4920 1245 4973 δὲ
1275 4921 1406 4990 ἡμῖν
1436 4920 1639 4991 κεφαλὴ
1669 4919 1755 4974 διά
1779 4936 1858 4973 τοι
1887 4917 1948 4970 τὸ

2062 4930 2217 4985 i‘ilius
2262 4940 2318 4985 et
2363 4930 2667 4985 Dominus:
2697 4929 2787 4999 qui
2830 4928 3050 4998 quidem
3104 4938 3160 4983 ut
3207 4939 3402 4982 natura
3460 4927 3620 4990 Deus,

371 5011 511 5065 κατά
540 5012 719 5082 σάρκα
749 5010 1027 5081 συγγενές.

444 5310 469 5348 ι
512 5296 603 5361 ς’.
644 5294 945 5348 Γινώσκετε
976 5295 1084 5365 γὰρ
1114 5295 1210 5365 τὴν
1243 5297 1400 5365 χάριν
1428 5293 1519 5348 τοῦ
1551 5296 1755 5367 Κυρίου
1786 5297 1940 5367 ἡμῶν

382 5384 555 5455 Ἰησοῦ
609 5384 866 5455 Χριστοῦ,
899 5386 980 5437 ὅτι
1020 5385 1089 5439 δι’
1118 5386 1261 5456 ὑμᾶς
1301 5386 1636 5456 ἐπτώχευσε,
1685 5385 1939 5453 πλούσιος

368 5475 463 5537 ὼν,
517 5476 604 5528 ἵνα
652 5477 810 5545 ὑμεῖς
855 5478 921 5547 τῇ
965 5475 1174 5529 ἐκείνου
1222 5477 1466 5548 πτωχείᾳ
1508 5478 1863 5551 πλουτήσητε.
1913 5498 1932 5531 ι

373 5567 561 5639 VAG?“
584 5566 646 5637 δή
674 5583 765 5637 μοι
793 5566 888 5619 καὶ
920 5566 1064 5637 μάλα
1099 5567 1283 5635 σαφῶς
1304 5568 1359 5623 ἕν
1381 5587 1444 5635 γε
1466 5571 1698 5624 τουτοισὶ
1730 5570 1822 5624 καὶ
1838 5573 1939 5641 τῆς

369 5660 517 5723 θξίας
542 5677 602 5713 τε
631 5659 723 5713 καὶ
740 5659 1018 5733 ἀκηράτου
1042 5659 1252 5730 φύσεως
1274 5662 1373 5734 τὴν
1394 5663 1685 5734 ὑπεροχὴν,
1718 5663 1939 5717 καὶτῶν

2052 5032 2214 5089 caput
2256 5022 2419 5076 habet
2462 5021 2678 5076 Patrem
2726 5021 2822 5091 qui
2869 5030 2954 5077 est
3003 5022 3055 5075 in
3103 5021 3505 5076 ctelis:factus
3542 5030 3625 5074 est

2052 5123 2232 5167 autem
2267 5114 2424 5168 nobis
2452 5123 2615 5184 caput
2648 5124 2869 5186 propter
2897 5123 3189 5184 assumptae
3213 5112 3396 5168 carnis
3422 5126 3623 5181 cogna-

2051 5205 2270 5258 tionem.

2123 5295 2212 5351 Vl.
2260 5314 2278 5347 ι
2310 5296 2474 5351 Scitis
2523 5297 2666 5351 enim
2723 5298 2953 5368 gratiam
3012 5299 3221 5354 Domini
3278 5296 3448 5351 nostri
3492 5295 3621 5351 Jcsu

2047 5387 2287 5456 Christi;
2338 5389 2596 5457 quoniam
2646 5401 2867 5459 propter
2910 5406 3006 5445 vos
3050 5406 3253 5459 egenus
3294 5390 3469 5445 lactus
3514 5399 3618 5453 est,

2046 5496 2168 5533 cum
2214 5491 2360 5535 esset
2406 5481 2580 5544 dives,
2619 5491 2677 5534 ut
2712 5480 2853 5535 illius
2891 5481 3067 5549 inepia
3112 5497 3207 5534 vos
3238 5480 3433 5534 divites
3472 5494 3619 5533 esse-

2047 5573 2199 5626 tis".
2233 5592 2253 5625 ι
2287 5573 2521 5629 Observa
2557 5575 2644 5628 hic
2674 5575 2819 5629 clare
2846 5575 3002 5645 132
3030 5586 3085 5629 et
3114 5576 3309 5630 divina:
3340 5576 3618 5628 immorta-

2050 5667 2222 5737 lisque
2251 5678 2455 5722 natura:
2490 5670 2856 5734 eminentiam,
2888 5680 2937 5723 ct
2966 5670 3220 5725 humilem
3267 5684 3480 5725 rursum
3515 5670 3618 5723 hu-

438 5838 483 5870 "
510 5837 655 5897 Psal.
690 5855 859 5909 uvn,
896 5841 983 5900 η.
1058 5842 1101 5875 ⁷³
1134 5840 1303 5915 l_Cor.
1344 5859 1421 5911 xi,
1447 5843 1499 5911 5.
1578 5843 1619 5875 ⁷³
1646 5842 1665 5899 Ι
1689 5843 1812 5901 Cor.
1848 5843 2040 5914 xv,l7.
2090 5847 2162 5920 ﬁ"
2201 5844 2245 5899 ll
2276 5848 2400 5904 Cor.
2431 5863 2541 5915 rm,
2568 5845 2622 5901 9.
