4000 6326
465 343 586 398 τις

1403 344 1460 398 S.
1502 345 1768 425 CYRIbLl
1810 347 2271 402 ALEXANDRINI
2311 349 2625 403 ARCIIIEP.

3534 345 3692 404 1548»

434 471 605 507 maiae
643 465 849 508 natura:
886 455 1272 520 conditionem,
1315 474 1379 512 ac
1412 472 1672 529 prmterea
1709 462 1991 529 utriusque

2105 462 2190 531 τῆς
2224 462 2637 532 ἀνθρωπότητος
2673 463 2880 531 μέτρων
2902 462 2960 514 τὸ
2987 460 3296 530 ὑφειμένον,
3325 460 3418 512 καὶ⁵
3452 462 3693 530 προσέτι.

431 550 751 606 naitioncm,
786 563 852 602 eo
889 550 1028 616 quod
1073 547 1394 616 Unigenitus
1425 550 1566 604 ultro
1602 554 1666 602 ad
1709 556 1842 604 hanc
1876 566 1995 604 sese

429 642 666 693 (Ii-ntisit.
710 641 972 706 Quoniam
1019 650 1076 694 ut
1109 641 1409 696 divinitatis
1456 659 1584 712 opes
1627 659 1839 696 onmem
1873 659 1996 696 ora-

431 733 592 785 tinnis
635 733 742 784 vim
783 743 834 785 et
875 733 1085 801 copiam
1123 732 1277 801 longe
1322 745 1600 800 superant,
1648 735 1719 786 ita
1766 734 1995 786 humana

431 831 618 870 natura
663 821 950 873 admodum
1001 821 1155 888 inops
1207 832 1261 873 ct
1304 837 1472 889 egena
1527 833 1642 885 est;
1676 824 1871 891 quippe
1909 822 1995 875 cui

429 911 632 970 nanda,
662 911 922 979 quidquid
965 914 1181 964 tandem
1228 912 1278 964 in
1317 913 1473 966 bonis
1509 914 1692 974 habet,
1727 913 1940 966 cmlitus
1966 931 1993 964 a

430 1001 539 1052 Deo
575 1001 814 1068 impensa
847 1003 956 1054 sint
989 1013 1080 1056 :et
1111 1013 1234 1057 ante
1263 1005 1444 1056 omnia
1481 1005 1616 1058 illud
1649 1021 1770 1059 esse
1798 1006 1992 1074 ipsum,

427 1104 533 1155 quo
575 1094 822 1151 exsistit;
880 1108 1003 1146 nam
1051 1109 1172 1148 cum
1223 1096 1514 1164 aliquando
1560 1112 1663 1150 non
1709 1106 1872 1161 esset,
1929 1100 1994 1150 ad

427 1181 802 1236 cxsistentiam
845 1198 872 1234 a
927 1183 1036 1236 Deo
1085 1195 1306 1239 eVUcata
1365 1196 1468 1240 est.
1523 1187 1624 1253 Qui
1673 1203 1803 1255 ergo
1851 1188 1998 1241 dives

427 1285 546 1324 erat
585 1283 638 1326 ιιι
690 1273 850 1340 Deus,
891 1277 938 1329 is
974 1285 1164 1346 sponte
1209 1291 1435 1346 egenus,
1481 1281 1760 1348 nostrique
1807 1281 1998 1334 similis

431 1362 605 1416 factus
633 1374 737 1428 est,
771 1383 878 1435 quo
915 1368 1152 1420 humana
1182 1380 1370 1420 natura
1407 1372 1457 1421 in
1492 1369 1602 1429 illo,
1636 1372 1701 1424 ad
1733 1372 1999 1426 excellen-

431 1455 517 1506 tia:
561 1455 755 1510 divinze
800 1456 1073 1527 fastigium
1109 1471 1318 1522 evecta,
1351 1463 1684 1528 paupertatis
1720 1461 1991 1516 confusiu-

433 1560 552 1598 ncm
585 1557 829 1602 exueret.
862 1566 880 1598 ι
912 1548 1383 1604 Conresnscitavit
1409 1552 1578 1616 enim,
1616 1563 1671 1606 et
1703 1553 1999 1608 consedere

430 1651 529 1690 nos
558 1636 684 1690 fecit
713 1637 852 1692 Deus
873 1638 1032 1694 Pater
1055 1641 1106 1694 in
1141 1641 1455 1696 C(PICstibtts
1477 1643 1528 1696 in
1552 1645 1768 1699 Christo
1791 1643 1941 1707 Jesu,
1977 1666 1994 1695 ι

431 1737 492 1780 ιιι
518 1729 776 1798 scriptum
802 1741 883 1784 est
906 1732 973 1784 ⁷⁸.
1015 1732 1174 1802 Atqui
1205 1750 1541 1803 nequaquam
1570 1735 1676 1790 huc
1708 1739 1878 1791 evecti
1907 1753 1994 1792 es-

2102 554 2272 623 τούτῳ
2293 554 2388 622 τὴν
2419 555 2617 622 ἀμφοῖν
2647 555 2724 616 εἰς
2746 555 2970 624 ἑνότητα
2999 553 3289 623 σύμϐασιν,
3323 552 3512 604 ἑαυτὸν
3543 552 3687 603 καθ-

2103 644 2251 705 έντος
2289 646 2368 706 είς
2408 644 2567 696 τοῦτο
2628 643 2721 696 τοῦ
2759 641 3116 710 Μονογενοῦς.
3151 641 3339 703 Οὐδεὶς
3368 641 3475 710 γὰρ
3518 641 3688 707 λόγος

2100 734 2537 804 διερμηνεύσειεν
2567 735 2631 787 ἂν
2661 735 2751 786 τὸν
2780 737 2878 804 τῆς
2908 733 3161 803 θεότητος
3193 732 3416 784 πλοῦτον
3437 748 3452 762 ⁸
3485 733 3690 802 πτωχὴ

2101 828 2157 880 δὲ
2210 828 2330 880 λίαν
2371 831 2403 899 ὴ
2447 827 2820 898 ἀνθρωπότης,
2949 826 3124 879 πάντα
3157 825 3274 876 ἐστὶ
3318 823 3571 876 θεόσδοτά
3621 840 3688 874 τε

2102 920 2196 971 καὶ
2223 918 2446 980 ἄνωθεν,
2495 919 2586 970 καὶ
2626 917 2756 968 αὑτὸ
2786 916 2843 969 δὲ
2888 915 2994 986 πρὸ
3033 915 3250 967 πάντων
3281 914 3343 966 τὸ
3385 910 3559 966 εἶναι·
3592 915 3692 964 κέε-

2103 1010 2296 1081 κληται
2325 1011 2432 1080 γὰρ
2463 1009 2612 1080 παρὰ
2645 1008 2737 1062 τοῦ
2781 1009 2916 1062 Θεοῦ
2943 1009 3080 1078 πρὸς
3111 1007 3361 1078 ὓπαρξιν,
3398 1009 3496 1061 ούκ
3540 1003 3692 1086 οὗσὰ

2105 1117 2252 1156 ποτε.
2309 1101 2446 1154 Ἀλλ’
2476 1104 2503 1154 6
2555 1100 2806 1164 πλούσιος
2849 1101 2926 1163 ὡς
2965 1100 3117 1164 Θεὸς,
3173 1099 3454 1170 ἐθελοντὴς
3496 1099 3688 1152 ἐτιτώ-

2041 1239 2043 1242 .
2103 1210 2284 1262 χευσε,
2317 1195 2410 1246 καὶ
2436 1193 2625 1261 γέγονε
2660 1193 2783 1246 καθ’
2807 1193 2974 1262 ἡμᾶς’
3007 1193 3095 1246 ἵνα
3117 1191 3301 1244 λοιπὸν
3391 1190 3682 1262 ἀνθρώπου

2105 1281 2285 1348 φύσις,
2318 1285 2376 1334 έν
2401 1285 2512 1344 τοῖς
2536 1283 2635 1351 τῆς
2659 1281 2809 1345 θείας
2847 1281 3120 1352 ὑπεροχῆς
3141 1270 3427 1351 ὑψώμασιν
3460 1282 3517 1333 ὲν
3543 1281 3687 1350 Χρι-

2105 1373 2214 1443 στῴ
2256 1375 2540 1444 γενομένη,
2592 1374 2652 1426 τὸ
2694 1373 2794 1443 τῆς
2841 1374 3114 1442 πτωχείας
3143 1369 3330 1442 αἶσχος
3372 1372 3688 1426 ἀποσκευά-

2103 1462 2268 1526 ζοιτο.
2310 1481 2327 1512 ι
2365 1464 2658 1534 Συνήγειρε
2695 1463 2802 1534 γὰρ
2849 1464 2995 1532 ἡμᾶς
3039 1463 3068 1514 ὁ
3113 1463 3248 1525 Θεὸς
3277 1463 3368 1515 καὶ
3399 1462 3588 1532 Πατὴρ
3622 1466 3686 1515 ἐν

2105 1551 2344 1621 Χριστῷ,
2376 1553 2470 1604 καὶ
2502 1551 2853 1604 συνεκάθισεν
2878 1553 2936 1604 ὲν
2962 1554 3076 1615 τοῖς
3101 1551 3497 1622 ὲπουρανίοις,ι
3529 1552 3682 1604 καθά

2104 1646 2431 1714 γέγραπται.
2493 1644 2630 1696 Ἀλλ’
2660 1644 2760 1696 ούκ
2803 1643 2871 1697 ἂν
2918 1644 3221 1713 γεγόναμεν
3269 1647 3326 1696 ὲν
3367 1643 3596 1707 τούτοις,
3631 1647 3683 1695 εἰ

2109 1737 2182 1806 μὴ
2216 1735 2314 1805 τὴν
2343 1735 2728 1804 πτωχεύουσαν
2755 1736 3068 1806 ἠμπέσχετο
3089 1735 3250 1802 φύσιν
3273 1736 3302 1786 6
3322 1735 3570 1798 πλούσιος
3602 1737 3679 1796 ὡς

432 1835 632 1884 smnus,
668 1821 770 1874 nisi
800 1823 953 1878 dives
987 1835 1046 1876 ut
1076 1824 1236 1889 Deus,
1273 1842 1562 1895 pauperem
1597 1837 1756 1896 atque
1786 1829 1997 1897 inopem

2105 1827 2254 1889 Θεὸς.
2287 1827 2360 1878 Ού
2384 1826 2492 1895 γάρ
2511 1843 2614 1878 που
2636 1829 3004 1896 πτωχεύσειεν
3032 1825 3098 1880 ἀν
3127 1829 3156 1880 6
3183 1827 3324 1879 κατὰ
3353 1826 3511 1894 φύσιν
3539 1827 3678 1878 ῑδίαν

434 1919 670 1964 nostram
701 1922 948 1967 naturam
982 1916 1264 1971 induisset.
1307 1915 1489 1984 Neque
1515 1918 1659 1970 enim
1699 1921 1857 1973 homo
1878 1937 1997 1974 cum

431 2014 622 2072 suapte
655 2016 846 2059 natura
880 2023 1081 2076 pauper
1111 2010 1203 2073 sit,
1251 2010 1408 2080 inops
1438 2011 1552 2065 ﬁeri
1591 2022 1737 2066 recte
1764 2015 1996 2068 dicitur:

433 2095 533 2148 huc
563 2107 743 2150 autem
797 2098 870 2151 illi
905 2102 1294 2156 convenienter
1345 2118 1444 2156 usu
1472 2105 1688 2156 venisse
1720 2108 1997 2168 asseritur,

431 2186 519 2249 qui
551 2187 685 2240 citra
726 2204 943 2244 omnem
983 2195 1414 2247 controversiam
1457 2196 1605 2248 dives
1636 2206 1742 2257 est,
1779 2198 1878 2251 hoc
1919 2209 2000 2251 est

432 2273 520 2326 hei
557 2273 730 2330 Patris
767 2276 1022 2344 Verbum,
1061 2289 1413 2352 posteaquam
1452 2284 1610 2337 homo
1654 2287 1820 2338 nostri
1853 2288 2002 2339 simi-

431 2366 496 2420 lis
525 2367 725 2420 faclum
761 2381 862 2423 est.
897 2370 1048 2426 Unus
1095 2373 1276 2442 itaque
1321 2384 1404 2428 est
1431 2375 1682 2428 Christus
1717 2386 1770 2428 et
1807 2374 1998 2431 Filius.

495 2455 601 2513 VII.
650 2477 668 2509 ι
700 2459 950 2516 Christus
995 2480 1090 2518 nos
1141 2466 1372 2518 redemit
1413 2472 1477 2520 de
1514 2467 1800 2520 maledicto
1843 2468 1999 2536 legis,

428 2551 604 2602 factus
648 2567 744 2618 pro
789 2555 942 2607 nobis
991 2556 1336 2610 maledictum
1369 2575 1381 2610 :
1411 2559 1532 2622 quia
1572 2559 1830 2627 scriptmn
1866 2569 1952 2613 est
1983 2577 1996 2612 :

429 2639 740 2695 llaledictus
774 2647 950 2698 omnis
982 2645 1072 2715 qui
1104 2649 1304 2714 pendet
1337 2649 1388 2700 in
1423 2649 1566 2716 ligno
1591 2649 1659 2700 ⁷⁷.
1698 2668 1716 2700 ι
1757 2649 1868 2703 Lex
1907 2666 2001 2704 eos

427 2731 790 2787 maledictioni
833 2735 1098 2790 obnoxios
1129 2739 1474 2803 decernebat,
1502 2740 1592 2808 qui
1638 2740 1687 2792 in
1717 2751 1997 2808 peccatum

424 2833 516 2872 aut
561 2826 1062 2891 praevaricationem
1105 2828 1484 2882 incurrissent.
1523 2830 1592 2881 At
1635 2845 1764 2883 vero
1793 2831 1997 2898 peccati

425 2913 664 2977 nescius,
714 2913 818 2968 hoc
857 2925 940 2970 est
984 2917 1252 2982 Christus,
1298 2919 1480 2986 iniqua
1532 2921 1797 2972 sententia
1841 2921 1892 2972 in
1943 2935 2000 2974 se

424 3013 672 3072 excepta,
722 3005 902 3059 crucis
948 3008 1269 3075 supplicium
1325 3008 1511 3072 suhiit,
1555 3024 1725 3076 eaque
1758 3010 1996 3078 pertulit,

422 3108 546 3160 qua:
601 3095 889 3152 maledicto
931 3097 1209 3153 obstrictis
1244 3099 1368 3169 jure
1409 3101 1779 3168 debebantur;
1817 3103 1995 3169 utqui

2103 1918 2393 1988 πτωχεύων
2417 1919 2723 1989 ἅνθρωπος.
2755 1918 2925 1972 Πάθοι
2952 1919 2999 1972 δ’
3022 1919 3088 1972 ἂν
3117 1918 3272 1971 τοῦτο
3301 1920 3672 1988 πρεπωδέστε·

2106 2028 2194 2080 ρον
2227 2013 2255 2062 ὁ
2284 2009 2534 2072 πλούσιος
2565 2009 2802 2079 ἀληθῶς,
2829 2010 3108 2063 τουτέστιν
3135 2011 3163 2062 ὁ
3188 2010 3254 2061 ἐκ
3289 2008 3423 2061 Θεοῦ
3463 2009 3678 2079 Πατρὸς

2101 2102 2291 2168 Λόγος,
2322 2103 2411 2154 ὅτε
2439 2101 2629 2169 γέγονε
2665 2101 2786 2155 καθ’
2817 2103 2985 2172 ἡμᾶς.
3016 2099 3113 2165 Εἷς
3153 2091 3245 2155 οῦν
3275 2101 3381 2173 ἄρα
3425 2103 3542 2155 ἐστὶ
3580 2104 3679 2156 καὶ

2102 2192 2336 2264 Χριστὸς
2365 2198 2460 2246 καὶ
2484 2191 2628 2256 Υἱός.

2177 2485 2195 2515 ‹
2241 2464 2310 2517 Ζ’.
2355 2464 2586 2534 Χριστὸς
2619 2465 2768 2533 ἡμᾶς
2812 2461 3148 2534 ἐξηγόρασεν
3189 2465 3255 2517 ὲκ
3300 2465 3400 2534 τῆς
3433 2463 3678 2532 κατάρας

2101 2558 2194 2610 τοῦ
2239 2558 2424 2626 νόμον,
2463 2555 2751 2625 γενόμενος
2804 2555 2946 2625 ὑπὲρ
2999 2554 3155 2626 ήμῶν
3190 2557 3424 2627 κατάρα.
3469 2559 3678 2628 Γέγραο

2104 2665 2232 2700 πται
2265 2649 2392 2716 γάρ’
2443 2646 2867 2716 Ἐπικατάρατος
2899 2649 3006 2710 πᾶς
3035 2651 3062 2700 6
3092 2649 3435 2719 κρεμάμενος
3464 2649 3554 2701 ἐπὶ
3584 2649 3678 2714 ξύει

2100 2739 2215 2792 λου.
2252 2757 2270 2790 ι
2304 2738 2408 2790 Τοῦ
2439 2737 2662 2806 νομικοῦ
2692 2739 3020 2809 γράμματος
3051 2740 3324 2810 ἐπάρατον
3350 2741 3679 2809 ἀποφαίνον-

2099 2849 2190 2894 τος
2243 2830 2334 2883 τὸν
2385 2831 2441 2881 ἐν
2483 2828 2790 2898 παραϐάσει.
2856 2830 2948 2882 καὶ
3000 2830 3263 2900 ἁμαρτία,
3310 2830 3340 2882 ὁ
3396 2829 3471 2900 μὴ
3521 2829 3680 2892 εἰδὼς

2101 2921 2395 2992 ἁμαρτίαν,
2446 2921 2694 2973 τουτέστι
2743 2921 2995 2990 Χριστὸς,
3035 2923 3392 2992 ὑπενήνεκται
3421 2924 3487 2990 τῇ
3529 2922 3676 2990 δίκῃ,

2099 3012 2281 3082 ψῆφον
2323 3011 2508 3065 ἄδικον
2546 3009 2865 3079 ὑπομείνας,
2911 3010 3106 3064 καὶτὰ
3155 3012 3266 3073 τοῖς
3297 3011 3354 3062 ἐν
3388 3011 3497 3081 ἀρᾷ
3542 3011 3679 3079 πρέ-

2104 3121 2271 3156 ποντα
2303 3100 2510 3156 παθών·
2541 3101 2794 3154 ἵναὸτῶν
2823 3101 2958 3155 ὅλων
2982 3101 3256 3166 ἀντάξιος,
3291 3103 3430 3171 ὑπὲρ
3462 3103 3680 3156 πάντων

425 3188 803 3242 universorum
823 3191 1055 3258 pretium
1076 3193 1418 3260 exmqnabat,
1435 3194 1810 3248 universorum
1835 3209 1996 3249 causa

2106 3193 2413 3258 ἀποθανὼν,
2462 3196 2558 3264 τῆς
2591 3195 2848 3248 ἁπάντων
2887 3193 3168 3257 ἀπειθείας
3213 3193 3352 3266 λύσῃ
3385 3198 3451 3247 τὰ
3486 3193 3681 3261 ἐγκλή-

427 3287 653 3330 mortem
692 3297 1000 3349 perpessus,
1043 3285 1329 3339 universos
1374 3284 1440 3338 ab
1478 3286 1854 3341 inobedientize
1902 3287 2002 3341 cri-

424 3367 570 3420 mine
595 3371 922 3437 exsolveret,
957 3383 1011 3428 et
1041 3375 1225 3429 orbem
1253 3377 1564 3430 universum
1605 3393 1703 3432 suo
1737 3378 2002 3447 sanguine

427 3459 741 3515 redimeret.
772 3462 1044 3520 Caeterum
1075 3468 1306 3536 pretium
1342 3483 1439 3536 pro
1471 3469 1844 3524 universorum
1875 3487 2000 3540 pec-

426 3552 565 3605 catis
592 3569 733 3609 unus
767 3573 1112 3628 nequaquam
1149 3561 1520 3628 persolvisset,
1566 3562 1612 3615 si
1648 3579 1814 3632 purus
1840 3563 2001 3620 homo

424 3652 636 3697 tantum
691 3650 1012 3705 exstitisset.
1067 3651 1220 3717 Quod
1271 3653 1317 3706 si
1371 3663 1428 3706 ιιι
1469 3651 1612 3708 Dens
1663 3657 1997 3722 incarnatus,

430 3737 756 3807 propriaque
791 3742 842 3793 in
876 3757 1044 3796 carne
1069 3755 1296 3800 n-tortem
1331 3762 1627 3816 perpessus
1659 3757 1838 3800 mente
1863 3762 1999 3802 con-

427 3827 682 3896 cipiatur,
716 3832 967 3888 universa
999 3845 1244 3890 creatura
1292 3839 1564 3893 modicum
1593 3841 1719 3908 quid
1758 3841 1862 3893 erit
1898 3841 2006 3907 ipsi.

2110 3305 2276 3358 ματα,
2308 3287 2400 3341 καὶ
2427 3287 2673 3358 ἀγοράσῃ
2710 3285 2809 3356 τὴν
2840 3285 2931 3340 ὑπ’
2959 3285 3186 3354 οὐρανὸν
3214 3286 3406 3354 αἵματι
3436 3285 3514 3355 τῷ
3544 3285 3679 3354 ἰδίῳ.

2107 3381 2220 3434 Οὐκ
2244 3379 2309 3432 ἂν
2334 3372 2427 3431 οὖν
2466 3377 2686 3444 γέγονεν
2715 3370 2794 3439 εἷς
2826 3377 3078 3429 ἀπάντων
3122 3375 3390 3440 ἀντάξιος,
3425 3376 3581 3444 εἴπερ
3615 3371 3683 3443 ἧν

2104 3471 2387 3542 ἄνθρωπος
2416 3470 2620 3532 ἁπλῶς.
2662 3471 2724 3522 Εἰ
2751 3469 2808 3524 δὲ
2852 3469 2917 3538 δὴ
2954 3472 3124 3521 νοοῖτο
3167 3469 3297 3530 Θεὸς
3327 3467 3682 3538 ὲνηνθρωπη-

2105 3563 2236 3626 κὼς,
2266 3563 2359 3616 καὶ
2390 3562 2553 3632 σαρκὶ
2578 3563 2644 3632 τῇ
2679 3561 2788 3632 ἰδία
2830 3559 3038 3627 παθὼν,
3079 3560 3233 3629 ὀλίγη
3273 3560 3412 3630 πρὸς
3442 3559 3604 3612 αὑτὸν
3648 3561 3681 3627 ἠ

2107 3658 2369 3727 σύμπασα
2406 3657 2602 3719 κτίσις,
2639 3655 2732 3708 καὶ
2765 3655 2979 3724 ἀπόχρη
3017 3655 3151 3724 πρὸς
3202 3653 3400 3724 λύτρον
3439 3654 3541 3720 τῆς
3587 3654 3682 3706 ὑπ’

2104 3747 2330 3819 οὐρανὸν
2359 3749 2387 3800 6
2434 3748 2564 3816 μιᾶς
2594 3746 2795 3816 σαρκὸς
2822 3745 3048 3808 θάνατος
3067 3761 3080 3776 ο
3124 3746 3230 3798 ἰδία
3259 3745 3366 3815 γὰρ
3395 3741 3461 3816 ἦν
3491 3745 3584 3798 τοῦ
3619 3747 3683 3796 ἐκ

2105 3839 2240 3893 Θεοῦ
2270 3839 2483 3910 Πατρὸς
2512 3837 2708 3906 φύντος
2739 3837 2935 3904 Λόγου.

427 3929 770 3984 comparata;
804 3931 968 3990 atque
1015 3926 1149 3978 adeo
1185 3928 1252 3979 ad
1297 3928 1518 3982 humani
1593 3929 1810 3998 generis
1876 3931 2251 3985 liberationem
2295 3930 2454 3984 unius
2483 3928 2665 3983 carnis
2696 3943 2843 3983 mors
2911 3927 3124 3984 abunde
3169 3938 3250 3982 sat
3282 3927 3486 3982 fuerit:
3552 3943 3679 3996 pro-

428 4013 542 4080 pria
579 4014 724 4067 enim
752 4026 870 4070 erat
902 4017 1087 4085 Verbi,
1117 4022 1260 4090 quod
1297 4037 1364 4076 ex
1398 4024 1504 4078 Deo
1531 4035 1719 4078 natum
1750 4033 1856 4080 est.

498 4103 633 4160 Vill.
681 4126 699 4158 ι
733 4107 866 4162 Eum
899 4123 1077 4166 autem
1119 4115 1208 4183 qni
1240 4117 1452 4200 modico
1478 4132 1643 4184 quam
1677 4119 1854 4187 angeli
1896 4117 2000 4170 mi-

429 4204 652 4252 noratus
709 4209 828 4265 est,
883 4203 1130 4258 videmus
1176 4204 1360 4260 Jesum
1416 4219 1638 4277 propter
1693 4210 2001 4277 passionem

431 4290 643 4355 mortis,
675 4292 844 4360 gloria
888 4305 941 4348 et
972 4296 1178 4352 honore
1213 4311 1570 4358 coronatum:
1616 4312 1672 4354 ut
1703 4302 1876 4371 gratia
1910 4301 2001 4356 Dei

427 4397 527 4451 pro
578 4385 831 4438 onmibus
878 4395 1122 4455 gustaret
1151 4389 1306 4460 133
1347 4403 1578 4445 mortem
1601 4392 1670 4445 ⁷⁸.
1707 4412 1726 4445 ι
1781 4392 2004 4448 Divinns

2187 4137 2205 4168 ‹
2252 4119 2332 4170 H'.
2356 4118 2462 4169 Τὸν
2489 4115 2546 4168 δὲ
2581 4114 2753 4186 βραχύ
2775 4131 2825 4167 τι
2853 4114 2982 4184 παρ’
3009 4113 3272 4182 ἀγγέλους
3299 4111 3682 4183 ἠλαττωμένον

2109 4210 2379 4280 βλέπομεν
2423 4208 2651 4279 Ἰησοῦν,
2683 4207 2772 4262 διὰ
2799 4207 2860 4260 τὸ
2900 4207 3132 4277 πάθημα
3155 4205 3249 4258 τοῦ
3275 4205 3530 4266 θανάτου,
3554 4204 3680 4276 δόξῃ

2108 4303 2202 4355 καὶ
2245 4305 2379 4372 τιμῇ
2430 4299 2894 4369 ἐστεφανωμένον,
2935 4299 3083 4362 ὅπως
3132 4299 3316 4368 χάριτι
3365 4296 3498 4350 Θεοῦ
3543 4297 3678 4368 ὑπὲρ

2109 4394 2309 4454 παντὸς
2337 4393 2600 4460 γεύσηται
2629 4390 2882 4444 θανάτου.
2925 4407 2944 4441 ι
2987 4389 3044 4443 '0
3072 4389 3129 4443 δὲ
3159 4388 3444 4451 θεσπέσιος
3474 4387 3680 4449 Παῦλος

431 4471 625 4524 Paulus
674 4474 785 4527 hzec
835 4491 1048 4529 rursum
1101 4478 1169 4532 de
1211 4480 1430 4534 Christo
1471 4483 1712 4536 omnium
1759 4494 1998 4537 nostrum

2106 4491 2230 4549 τοὺς
2259 4483 2497 4555 περὶτοῦ
2528 4483 2746 4536 πάντων
2773 4481 2929 4553 ἡμῶν
2960 4483 3210 4554 Σωτῆρος
3239 4480 3474 4552 Χριστοῦ
3505 4479 3681 4533 ποιού-

429 4562 711 4617 Salvatore
747 4580 1140 4622 commemorat
1169 4589 1182 4623 :
1215 4589 1234 4622 ι
1265 4570 1398 4625 Cum
1427 4574 1870 4642 primogenitum,
1904 4579 2001 4641 ait,

429 4656 724 4710 introducit
758 4657 809 4709 in
855 4661 1044 4712 orbem
1076 4670 1252 4722 terrae,
1294 4663 1468 4717 dicit:
1509 4665 1576 4718 Et
1608 4665 1836 4719 adorent
1879 4682 2001 4720 eum

426 4762 617 4802 omnes
666 4751 841 4818 angeli
891 4751 982 4805 Dei
1004 4752 1074 4807 7°.
1106 4771 1125 4804 ι
1178 4754 1243 4808 Ει
1275 4755 1514 4811 iterum:
1551 4774 1570 4808 ι
1602 4757 1702 4824 Qui
1758 4775 1881 4813 cum
1931 4761 2005 4814 sit

429 4838 684 4905 splendor
714 4841 918 4910 gloriae,
954 4853 1006 4896 et
1036 4844 1204 4913 ﬁgura
1231 4846 1551 4902 substantiae
1579 4850 1719 4918 ejus,
1751 4861 2005 4920 portans-

428 4947 536 5000 qtte
579 4934 759 4986 omnia
808 4937 972 4990 verbo
1016 4939 1238 4993 virtutis
1279 4957 1411 5006 suae,
1461 4945 1838 5013 purgationem
1878 4960 2004 5013 pec-

429 5033 672 5079 catorum
727 5038 1041 5083 nostrorum
1093 5030 1335 5098 facienst,
1391 5035 1544 5091 sedet
1593 5037 1661 5091 ad
1719 5038 1999 5092 dexteram

435 5115 613 5170 throni
660 5117 960 5184 maiestatis
1008 5121 1060 5174 in
1104 5125 1368 5190 excelsis;
1419 5136 1566 5181 tanto
1605 5127 1796 5182 melior
1842 5143 2000 5199 ange-

436 5203 500 5256 lis
545 5203 789 5271 etl‘ectns,
837 5219 1039 5276 quanto
1095 5211 1432 5269 dill‘erentius
1481 5232 1590 5284 pra:
1649 5217 1754 5272 illis
1806 5232 1998 5272 nomen

439 5297 796 5354 hmreditavit.
827 5301 922 5355 Cui
953 5305 1096 5357 enim
1143 5307 1280 5360 dixit
1313 5307 1604 5376 aliquando
1643 5310 1955 5379 angelorum
1987 5328 2000 5363 :

438 5386 604 5442 Filius
671 5406 824 5446 meus
890 5409 949 5446 es
1010 5404 1106 5456 tu,
1171 5413 1272 5467 ego
1329 5399 1487 5453 hodie
1544 5401 1702 5470 genui
1765 5412 1814 5454 te
1847 5401 1941 5453 ὀἳ
1983 5420 2000 5452 ι

439 5481 666 5542 Quando
725 5497 854 5548 ergo
915 5483 1233 5554 Uuigenitus
1293 5487 1467 5544 factus
1524 5500 1610 5543 est
1678 5491 2006 5560 primogeni-

442 5579 547 5630 tus,
597 5583 645 5626 et
697 5589 834 5628 unus
877 5591 907 5629 e
958 5577 1137 5632 multis
1184 5579 1466 5645 fratribus,
1513 5591 1639 5637 tunc
1696 5595 1749 5636 et
1794 5583 1845 5635 in
1901 5592 2005 5635 ter-

519 5751 560 5777 ”
598 5752 788 5818 liphcs.
827 5769 882 5817 ιι,
908 5755 962 5808 6.
1037 5756 1083 5787 ⁷⁷
1113 5757 1286 5811 Galat.
1324 5773 1404 5824 In,
1447 5759 1524 5811 l5.

1603 5760 1646 5790 ν
1679 5758 1842 5812 llehr.
1881 5774 1941 5822 ιι,
1969 5757 2022 5810 Ο.

2112 4595 2266 4646 μενος
2295 4577 2513 4644 λόγους,
2556 4595 2574 4627 ι
2609 4574 2779 4628 Ὅταν
2806 4573 2864 4628 δὲ
2895 4573 3186 4646 εἰσαγάγῃ,
3215 4573 3366 4641 φησι,
3398 4571 3488 4624 τὸν
3530 4588 3678 4640 πρω-

2104 4669 2324 4720 τότοκον
2357 4669 2437 4729 εἰς
2478 4666 2576 4736 τὴν
2607 4666 2956 4737 οἰκουμένην,
3002 4665 3184 4733 λέγει*
3232 4664 3342 4718 Καὶ
3376 4679 3683 4734 προσκυνη-

2110 4760 2358 4813 σάτωσαν
2396 4758 2542 4827 αὑτῷ
2593 4757 2791 4822 πάντες
2833 4757 3056 4826 ἄγγελοι
3097 4756 3252 4810 Θεοῦ.
3290 4775 3310 4804 ι
3353 4757 3462 4810 Καὶ
3495 4755 3678 4809 πάλιν

2117 4873 2136 4905 ι
2182 4856 2278 4916 Ὃς
2308 4850 2383 4905 ὢν
2413 4851 2751 4920 ἀπαύγασμα
2792 4850 2891 4920 τῆς
2918 4849 3097 4919 δόξης,
3129 4850 3219 4902 καὶ
3258 4845 3539 4918 χαρακτὴρ
3585 4846 3685 4914 τῆς

2111 4945 2460 5009 ὑποστάσεως
2492 4943 2678 5007 αὑτοῦ,
2721 4943 2904 5013 φέρων
2952 4959 3012 4994 τε
3043 4941 3112 4993 τά
3141 4941 3318 4994 πάντα
3357 4938 3434 5008 τῷ
3484 4940 3685 5008 ῥήματι

2111 5039 2209 5109 τῆς
2224 5038 2505 5106 δυνάμεως
2529 5035 2715 5099 αὑτοῦ,
2733 5033 3072 5102 καθαρισμὸν
3092 5031 3200 5085 τῶν
3222 5030 3504 5100 ἁμαρτιῶν
3529 5032 3561 5100 ἡ
3571 5029 3686 5099 μῶν

2111 5129 2497 5198 ποιησάμενος,
2539 5128 2790 5180 ἐκάθισεν
2835 5126 2893 5178 ὲν
2921 5125 3071 5196 δεξιᾷ
3099 5123 3189 5176 τοῦ
3223 5123 3416 5192 θρόνου
3459 5121 3560 5190 τῆς
3590 5138 3688 5190 με-

2108 5216 2427 5287 γαλωσύνης
2474 5219 2530 5270 ὲν
2561 5216 2802 5285 ὑψηλοῖς,
2835 5216 3076 5285 τοσούτῳ
3105 5213 3363 5283 κρείττων
3393 5211 3685 5279 γενόμενος

2109 5309 2217 5362 τῶν
2247 5308 2522 5376 ἀγγέλων,
2569 5309 2677 5377 ὅσῳ
2719 5305 3114 5376 διαφορώτερον
3167 5303 3294 5370 παρ’
3351 5301 3546 5363 αὐτοὺς
3592 5316 3685 5350 κε-

2111 5401 2518 5471 κληρονόμηκεν
2545 5399 2735 5468 ὃνομα.
2766 5398 2881 5450 Τίνι
2915 5397 3022 5468 γὰρ
3051 5392 3169 5448 εἶπέ
3202 5411 3329 5447 ποτε
3373 5392 3483 5444 τῶν
3523 5390 3686 5458 ἀγγέ-

2111 5492 2250 5542 λωνο
2289 5490 2413 5551 Υἱός
2445 5505 2543 5549 μου
2574 5483 2621 5540 εἷ
2660 5487 2746 5551 σὺ,
2780 5485 2890 5554 ἐγὼ
2925 5487 3162 5554 σήμερον
3188 5483 3494 5552 γεγέννηκά
3533 5499 3628 5545 σε;
3664 5498 3682 5528 ι

2114 5581 2322 5635 Οὐκοῦν
2351 5582 2438 5633 ὅτε
2466 5581 2654 5648 γέγονε
2697 5577 3036 5648 πρωτότοκος
3069 5577 3098 5626 ὁ
3129 5576 3460 5645 Μονογενὴς,
3492 5573 3585 5634 καὶ
3630 5573 3687 5624 ὲν

2181 5754 2342 5810 Hebr.
2377 5768 2416 5820 ι,
2455 5753 2508 5806 6.
2587 5753 2630 5783 κο
2664 5752 2790 5807 ibid.
2827 5751 2947 5807 3-5.
