4000 6326
287 384 418 438 ll’iS

1095 385 1184 438 AD
1224 385 1524 439 REGINAS
1567 386 1650 439 DE
1693 383 1920 438 RECTA
1960 381 2113 437 FIDE
2151 380 2412 438 ORATIO
2451 380 2752 438 ALTERA.

3401 382 3537 434 1516

280 503 492 565 πολλοῖς
519 502 788 572 ἀδελφοῖς,
817 504 934 556 τότε
964 506 1056 557 καὶ
1080 505 1485 576 είσκεκομίσθαι
1511 507 1672 576 φησὶν
1698 506 1860 559 αὑτὸν

1967 518 2148 556 rarum
2198 518 2412 573 quoque
2468 503 2654 555 orbem
2722 499 3065 554 introductus
3132 499 3331 554 dicitur
3388 502 3537 566 (nam

278 597 357 657 εἰς
390 594 487 664 τὴν
514 597 840 666 οἰκουμένην
863 613 876 625 ·
924 596 1029 659 ἔξω
1059 597 1166 668 γάρ
1196 592 1285 666 ἦν,
1321 598 1462 650 κατὰ
1502 598 1659 666 φύσιν
1696 598 1854 659 ἰδίαν,

279 683 376 748 τῆς
410 684 659 747 κτίσεως,
711 683 787 746 ὡς
833 683 995 746 Θεὸς·
1030 684 1151 735 τότε
1197 685 1289 736 καὶ
1320 685 1660 754 ἠλαττῶσθαί
1695 704 1857 757 φησιν

279 776 440 828 αὐτὸν
487 775 642 845 παρά
689 778 817 839 τοὺς
865 776 1147 844 ἀγγέλους,
1194 777 1288 828 καί
1328 793 1408 829 τοι
1459 777 1857 850 διαφορώτερον

279 868 409 936 παρ’
445 867 643 929 αὐτοὺς
687 867 916 936 λαχόντα
951 866 1012 918 τὸ
1051 867 1241 936 ὄνομα.
1289 865 1364 919 Τὸ
1429 867 1528 937 μὲν
1576 869 1705 938 γὰρ,
1753 870 1855 937 ἀγ-

281 959 455 1027 γελος,
505 959 844 1028 λειτουργίας
890 958 1006 1010 ἐστὶ
1058 959 1408 1026 σημαντικὸν,
1450 961 1544 1013 καὶ
1593 962 1858 1015 οἰκετικὸν

281 1054 410 1122 ἡμῖν
441 1052 771 1122 ὑπεμφαίνει
809 1051 1039 1122 μέτρονσ
1083 1069 1100 1103 ι
1152 1051 1596 1107 Ἀποστέλλονται
1627 1054 1736 1124 γὰρ
1779 1057 1858 1118 εἰς

280 1142 553 1196 διακονίαν
602 1143 686 1196 διὰ
745 1145 871 1206 τοὺς
925 1144 1216 1213 μέλλοντας
1265 1144 1623 1216 κληρονομεῖν
1684 1165 1859 1218 σωτη-

284 1234 425 1305 ρίαν.
468 1253 486 1285 ι
532 1234 590 1288 Ὀ
617 1234 672 1287 δέ
723 1251 786 1303 γε
826 1234 954 1297 Υἱὸς
997 1235 1095 1304 τὴν
1142 1237 1203 1288 ὲκ
1248 1236 1462 1307 Πατρὺς
1505 1237 1739 1309 ὕπαρξιν
1771 1239 1860 1291 ού-

284 1323 446 1394 σιώδη
495 1342 554 1377 τε
595 1326 686 1379 καὶ
735 1325 967 1396 φυσικὴν
1010 1328 1446 1397 κατασημήνειεν
1493 1327 1581 1391 ἂν,
1633 1330 1715 1381 ὅτι
1764 1329 1860 1381 καὶ

282 1416 496 1486 ἀληθῶς
541 1419 642 1489 τὴν
684 1417 938 1489 γέννησιν
973 1419 1287 1489 πεπρᾶχθαι
1337 1421 1685 1490 πιστεύομεν.
1735 1421 1859 1484 Πῶς
1898 1487 1903 1492 ἢ

283 1507 589 1576 ἠλάττωται
620 1510 769 1581 παρά
797 1511 920 1573 τοὺς
950 1510 1215 1578 ἀγγέλους
1247 1513 1274 1563 ὁ
1317 1513 1450 1580 παρ’
1482 1513 1660 1566 αὐτῶν
1693 1531 1858 1584 προσ-

282 1596 629 1666 κυνούμενος,
658 1601 686 1651 ὁ
715 1598 966 1669 σύνεδρος
999 1598 1076 1669 τῷ
1113 1599 1287 1671 Πατρί
1305 1617 1318 1664 ;
1360 1600 1501 1655 Ἀλλ’
1528 1604 1642 1655 ἔστι
1684 1605 1859 1674 σαφὴς

282 1688 315 1756 ἡ
347 1687 637 1756 πρόφασις.
675 1687 950 1741 Καθίκετο
987 1689 1096 1760 γὰρ
1139 1691 1196 1742 ὲν
1230 1692 1342 1754 τοῖς
1373 1692 1471 1762 τῆς
1515 1692 1861 1763 ἀνθρωπότη-

281 1795 371 1841 τος
404 1779 644 1849 μέτροις,
684 1781 774 1834 καὶ
802 1779 863 1833 τὸ
892 1779 1260 1852 ἀποθνήσκειν
1305 1784 1547 1852 πεφυκὸς
1577 1784 1734 1854 σῶμα
1765 1784 1856 1838 λα·

1961 595 2257 649 secnmlmn
2292 593 2566 661 propriam
2601 602 2848 645 naturam
2877 603 3030 645 extra
3058 607 3272 646 omnem
3315 603 3537 646 creatu-

1963 702 2077 739 ram
2116 683 2349 752 degebat
2400 695 2458 736 ιιι
2494 683 2656 752 Dens)
2689 702 2699 736 :
2738 693 2865 736 tunc
2906 695 2962 737 et
2995 684 3203 753 angelis
3252 683 3428 736 minor
3462 683 3540 734 l‘a-

1961 789 2079 831 etus
2132 777 2418 836 asseritur,
2479 776 2642 828 etiam
2697 776 2739 829 si
2799 775 3171 843 praestantius,
3229 790 3389 843 quam
3441 773 3537 838 illi,

1961 882 2158 923 nomen
2221 867 2293 922 sil.
2347 867 2571 920 sortitus
2611 885 2624 920 ι
2659 865 2926 935 siquidem
2982 881 3082 917 vox
3141 866 3276 927 lucc,
3335 865 3538 932 angeli,

1963 961 2238 1014 notionem
2277 959 2564 1012 ministerii
2599 973 2708 1026 prae
2744 974 2803 1011 se
2859 957 2963 1011 fert
3008 957 3372 1026 servilemque
3407 972 3542 1010 con-

1962 1053 2224 1108 ditionem
2274 1053 2516 1106 insinuat
2549 1070 2560 1104 :
2600 1069 2618 1101 ι
2654 1050 2944 1104 Mittuntur
2984 1055 3216 1118 namque
3277 1050 3330 1103 in
3379 1049 3542 1102 mini-

1963 1145 2189 1199 sterium
2224 1155 2444 1214 prOpter
2466 1158 2559 1198 eos
2585 1142 2677 1212 qui
2715 1142 2906 1196 salutis
2941 1143 3314 1196 lmreditatem
3347 1155 3540 1194 conse-

1963 1238 2139 1293 cuturi
2186 1247 2313 1292 sunt
2333 1237 2399 1290 ⁸¹.
2437 1255 2456 1289 ι
2489 1235 2561 1290 At
2593 1249 2724 1290 vero
2765 1235 2906 1288 [ilius
2977 1251 3100 1288 cum
3151 1234 3394 1296 denotat,
3447 1235 3539 1301 qui

1964 1331 2339 1385 exsistcutiam
2372 1328 2780 1382 substantialem
2812 1327 3228 1394 naturalemque
3273 1341 3337 1378 ex
3367 1323 3540 1376 fratre

1964 1421 2126 1475 habet
2152 1438 2166 1486 ;
2197 1420 2471 1474 credimus
2498 1432 2731 1487 namque
2762 1417 2910 1470 illum
2952 1431 3079 1468 vere
3111 1430 3173 1468 ac
3222 1413 3541 1467 naturaliter

1962 1529 2035 1567 εκ·
2083 1511 2244 1564 Patre
2295 1510 2534 1578 genitum
2584 1524 2727 1562 esse.
2774 1508 2844 1560 At
2889 1507 3160 1576 quomodo
3217 1505 3263 1559 is
3316 1491 3539 1576 (inquis)

1964 1604 2169 1670 angelis
2205 1603 2381 1656 minor
2404 1602 2600 1664 evasit,
2633 1602 2727 1670 qui
2762 1601 2830 1654 ab
2866 1599 2971 1652 illis
3012 1599 3291 1662 adorator,
3325 1613 3541 1666 unaque

1963 1709 2087 1747 cum
2142 1693 2304 1746 Patre
2351 1690 2502 1760 regni
2548 1692 2742 1745 solium
2797 1687 3043 1743 obtinet?
3071 1687 3124 1740 lu
3169 1699 3419 1757 promptu
3458 1699 3542 1744 est

1969 1783 2252 1852 responsio
2287 1801 2302 1839 :
2332 1799 2455 1837 nam
2485 1797 2712 1851 corpore
2746 1785 2887 1851 quod
2925 1783 3061 1836 mori
3095 1791 3298 1852 posset,
3327 1797 3542 1858 assume

284 1869 414 1935 ὅὼν,
451 1871 581 1924 ἴδιόν
611 1889 669 1924 τε
698 1872 830 1925 αὐτὸ
876 1872 1262 1944 ποιησάμενος,
1298 1877 1357 1928 ὲν
1407 1876 1555 1946 αὑτῷ
1595 1876 1860 1930 πέπονθεν

1966 1886 2078 1948 pto,
2117 1875 2179 1929 ad
2213 1875 2463 1928 humana:
2495 1887 2702 1926 natura:
2732 1874 3070 1927 inlirmitates
3106 1872 3344 1942 seipsum
3373 1873 3541 1926 demi-

283 1963 444 2025 ἑκὼν,
477 1965 572 2019 καὶ
611 1968 732 2029 ταῖς
776 1966 1039 2020 ἀνωτάτω
1072 1966 1249 2032 δόξαις
1281 1968 1641 2038 στεφανοῦται
1671 1969 1757 2024 διὰ
1799 1971 1860 2023 τὺ

286 2058 473 2124 πάθος,
505 2057 580 2122 ὡς
624 2059 691 2112 δι’
719 2059 884 2112 αὐτοῦ
932 2062 1288 2132 καταργήσας
1338 2061 1429 2115 τὸν
1469 2062 1715 2129 θάνατον,
1766 2064 1860 2116 καὶ

283 2150 563 2220 ἄπρακτον
589 2151 874 2222 ἀποφήνας
904 2153 1002 2224 τὴν
1037 2153 1264 2226 φθορὰν,
1314 2154 1410 2207 ἅτε
1449 2155 1512 2226 δὴ
1556 2155 1649 2209 καὶ
1697 2155 1863 2228 ὑπάρο

284 2259 392 2311 χων
420 2241 700 2312 ἀφθαρσία
741 2249 834 2298 καὶ
863 2244 997 2317 ζωή.
1031 2246 1196 2299 Ὅταν
1223 2245 1314 2300 οὖν
1352 2246 1558 2317 Ἰησοῦν
1581 2247 1877 2318 ὀνομάζεις

284 2332 380 2389 καὶ
423 2334 764 2403 ήλαττῶσθαι
811 2336 960 2403 λέγει
1005 2336 1153 2406 παρά
1206 2339 1331 2400 τοὺς
1369 2337 1634 2406 ἀγγέλους
1678 2339 1858 2403 αὑτὸν,

283 2426 383 2476 οὐκ
405 2425 689 2496 ἄνθρωπον
717 2426 820 2482 ἀνά
849 2427 1013 2498 μέρος
1041 2429 1134 2480 καὶ
1166 2427 1368 2493 ίδικῶς,
1398 2427 1512 2480 ἀλλ’
1534 2428 1696 2481 αὑτὸν
1719 2428 1862 2482 νοοῦ-

288 2534 402 2588 μεν·
427 2518 518 2572 τὸν
564 2519 843 2588 Μονογενῆ
896 2519 1326 2591 παραχωροῦντα
1361 2519 1455 2572 τοῦ
1491 2520 1751 2591 προύχειν
1793 2524 1862 2573 οἰ-

284 2609 591 2679 κονομικῶς
617 2613 730 2673 τοῖς
759 2611 938 2678 ἁγίοις
976 2613 1230 2681 ἀγγέλοις
1254 2629 1268 2642 ·
1320 2613 1399 2666 ὅτι
1446 2613 1674 2686 ἀληθείᾳ
1712 2615 1864 2682 γέγο-

283 2715 372 2750 νεν
397 2700 681 2771 ἅνθρωπος
701 2703 730 2754 ὀ
752 2702 850 2773 τῆς
880 2705 1100 2758 ἐκείνων
1124 2705 1397 2777 ὑπεροχῆς
1423 2706 1750 2775 ἡττώμενος.
1781 2706 1862 2759 Τὰ

284 2787 337 2838 δὲ
372 2788 472 2857 τῆς
502 2790 777 2862 ὑπεροχῆς
815 2794 927 2855 τοῖς
971 2793 1146 2860 ἁγίοις
1178 2795 1450 2862 ἀγγέλοις,
1497 2797 1580 2848 ὅτι
1625 2797 1716 2849 καὶ
1758 2796 1862 2861 ἔξω

287 2879 506 2949 σαρκὸς,
551 2883 644 2934 καὶ
681 2882 775 2935 τοῦ
821 2883 1070 2938 τεθνάναι
1099 2887 1380 2956 κρείττους
1413 2889 1541 2940 εἰσί·
1577 2889 1861 2956 γεγονότος

285 2971 342 3022 ὲν
362 2969 571 3035 τούτοις
597 2971 691 3024 τοῦ
722 2973 852 3025 Υίοῦ
880 2975 969 3027 διά
1003 2977 1102 3044 τὴν
1132 2977 1381 3030 ἑκούσιον
1412 2979 1663 3031 κένωσιν.
1722 2978 1860 3030 Ἀλλ’

284 3063 310 3111 ὁ
349 3060 522 3132 βραχὺ
555 3065 686 3134 παρ’
731 3065 998 3134 ἀγγέλους
1037 3067 1419 3139 ἠλαττωμένος
1447 3071 1536 3123 διά
1582 3089 1644 3136 γε
1674 3071 1732 3125 τὸ
1763 3072 1860 3142 τῆς

284 3153 699 3226 ἀνθρωπότητος
754 3158 985 3228 μέτρον,
1039 3161 1097 3212 ὲν
1144 3161 1384 3233 ὑπεροχῇ
1445 3162 1697 3233 θεότητος
1741 3164 1858 3228 ὢν,

286 3253 668 3314 προσκυνεῖται
697 3251 827 3321 παρ’
855 3251 1053 3315 αὐτῶν,
1087 3253 1178 3305 καὶ
1216 3252 1486 3325 ἐνίδρυται
1526 3255 1741 3320 θώκοις,
1771 3256 1862 3320 οὓς

286 3342 630 3408 περιιστᾶσιν
680 3343 875 3396 ἐκεῖνοι
904 3343 1310 3411 δοξολογοῦντες
1337 3347 1444 3410 ἀεὶ,
1474 3347 1695 3401 καὶτῶν
1713 3348 1867 3402 δυνά-

288 3449 433 3507 μεων
469 3433 632 3486 αὐτὸν
659 3434 1014 3503 ὀνομάζοντες
1049 3436 1274 3506 Κύριον.

1964 1971 2055 2031 sit,
2111 1969 2163 2021 in
2214 1981 2388 2035 eoque
2431 1964 2594 2020 veluti
2650 1966 2872 2036 proprio
2917 1975 3270 2034 spontaneam
3311 1975 3538 2018 mortem

1965 2055 2262 2116 sustinuit.‘
2296 2055 2376 2110 0h
2425 2072 2546 2110 eam
2591 2071 2755 2126 porro
2809 2067 3039 2111 mortem
3089 2066 3142 2111 et
3195 2059 3539 2123 passionem,

1964 2168 2191 2207 somnia:
2253 2151 2436 2220 gloria:
2486 2165 2740 2203 coronam
2803 2149 3140 2218 promeruit;
3203 2151 3402 2219 quippe
3449 2152 3540 2216 qui

1967 2247 2098 2314 ipse,
2142 2255 2325 2314 utpote
2354 2244 2460 2296 vita
2507 2253 2561 2295 et
2613 2244 2948 2312 ineorruptio
2980 2243 3271 2307 cxsistens,
3304 2253 3358 2296 et
3395 2258 3542 2295 mor-

1967 2349 2191 2407 temper
2223 2338 2364 2390 illam
2399 2335 2721 2401 aboleverit,
2757 2345 2812 2388 et
2843 2335 3246 2404 corruptionem
3275 2334 3539 2387 nullarum

1965 2433 2161 2485 virium
2215 2445 2339 2484 esse
2382 2428 2764 2483 dcclaraverit.
2803 2425 2938 2482 Cum
2970 2426 3150 2481 Jesmn
3200 2442 3329 2496 ergo
3369 2429 3544 2480 nomi-

1967 2535 2077 2591 nat,
2113 2533 2168 2579 et
2206 2523 2412 2590 angelis
2454 2523 2717 2575 minorem
2759 2521 3038 2590 praedicat,
3077 2537 3180 2574 non
3212 2523 3413 2574 nudum
3448 2539 3544 2572 nos

1967 2619 2263 2680 hominem,
2308 2629 2664 2684 seorsumque
2716 2630 2781 2668 ac
2823 2629 2918 2682 per
2973 2630 3030 2669 se
3072 2615 3310 2682 positum
3366 2627 3548 2667 mente

1966 2708 2338 2776 concipimus;
2371 2707 2462 2760 sed
2498 2706 2794 2774 ipsunnuet
2831 2705 3178 2774 Unigenitum
3207 2714 3427 2774 prepter
3461 2708 3543 2758 in-

1966 2801 2307 2854 earnationis
2351 2797 2597 2852 ordinem
2641 2799 2880 2866 potiores
2927 2807 3112 2867 partes
3151 2797 3358 2866 angelis
3394 2799 3544 2852 dele.-

1965 2903 2193 2946 reutem.
2230 2888 2361 2942 Nam
2401 2890 2492 2958 qui
2537 2888 2870 2942 excellentiae
2918 2888 3131 2942 illorum
3174 2889 3367 2942 cedere
3409 2904 3543 2958 pra;-

1964 2982 2206 3046 dicatur,
2237 2984 2283 3036 is
2313 2997 2436 3035 Vere
2463 2981 2625 3034 homo.
2653 2979 2824 3033 factos
2853 2980 3208 3049 dignoscitur.
3237 2979 3326 3032 Illa
3360 2990 3538 3035 autem

1965 3079 2279 3126 sanctorum
2323 3069 2637 3137 angelorum
2673 3071 2963 3124 eminentia
3007 3071 3058 3122 in
3101 3070 3202 3125 hoc
3236 3071 3406 3140 posita
3439 3088 3541 3132 est.

1965 3175 2021 3218 et
2050 3166 2194 3234 quod
2224 3179 2250 3216 a
2286 3178 2450 3216 carne
2479 3173 2604 3216 sunt
2630 3161 2921 3224 itmnnnes,
2947 3172 2999 3215 ct
3023 3161 3166 3232 quod
3201 3175 3373 3216 morte
3401 3167 3546 3217 exsi-

1968 3265 2118 3310 stunt
2153 3256 2464 3324 superiores
2497 3276 2507 3309 :
2543 3255 2784 3322 utrisque
2818 3265 2997 3306 autem
3042 3263 3266 3324 propter
3296 3257 3545 3310 volunta-

1971 3351 2105 3402 riam
2158 3348 2583 3401 exinanitionent
2645 3347 2920 3412 subjectus
2971 3344 3069 3399 fuit
3109 3347 3300 3405 Filius.
3347 3348 3542 3404 Verum

1967 3438 2247 3491 enimvero
2283 3438 2371 3504 qui
2405 3448 2625 3506 propter
2654 3437 2901 3490 lion-mmo
2939 3448 3147 3491 naturae
3178 3439 3550 3498 conditionem

287 3522 561 3591 paululum
595 3526 662 3579 ab
693 3525 851 3596 134
878 3526 1084 3596 angelis
1119 3529 1421 3585 minoratus
1465 3530 1686 3594 dicitur,
1720 3529 1764 3584 is
1807 3530 1858 3583 in
1899 3528 2118 3582 deitatis
2184 3527 2507 3582 excellentia
2576 3529 2844 3579 exsistens
2875 3529 2941 3580 ab
2973 3527 3076 3580 illis
3106 3528 3381 3595 adorator,
3411 3546 3542 3584 con-

286 3617 532 3688 sidetque
575 3619 628 3671 in
667 3620 732 3673 iis
779 3621 1079 3690 maiestatis
1151 3623 1385 3685 thronis,
1456 3637 1592 3690 quos
1644 3622 1716 3674 illi
1791 3622 2150 3689 nodequaqoe
2185 3621 2430 3688 cingunt,
2477 3619 2748 3673 indefesso
2788 3619 3006 3672 laudtnn
3078 3621 3352 3688 praeconio
3400 3621 3544 3676 illum

283 3712 625 3770 extollentes.
681 3728 745 3766 ac
790 3714 1050 3769 virtutum
1098 3715 1386 3770 Dominum
1430 3715 1762 3784 appellantes
1789 3713 1858 3768 δ’.

355 3803 432 3857 6'.
477 3821 495 3854 ι
555 3805 705 3858 Ἐπεὶ
739 3801 832 3862 οὖν
867 3805 935 3859 τά
980 3807 1166 3860 παιδία
1195 3807 1594 3876 κεκοινώνηκεν
1633 3808 1863 3877 αἵματος

285 3900 376 3952 καὶ
426 3900 656 3971 σαρκὸς,
705 3902 798 3954 καὶ
839 3902 1002 3964 αὐτὸς
1035 3901 1433 3972 παραπλησίως
1483 3902 1707 3971 μετέσχε
1753 3901 1859 3952 τῶν

285 3991 484 4056 αὐτῶν,
523 3993 608 4046 ἵνα
631 3993 722 4046 διά
746 3993 842 4046 τοῦ
893 3993 1123 4047 θανάτου
1152 3997 1476 4064 καταργήσῃ
1505 3993 1594 4046 τὸν
1627 3993 1689 4046 τὸ
1733 3995 1861 4064 κρά-

284 4099 376 4145 τος
411 4084 602 4153 ἔχοντα
632 4086 724 4139 τοῦ
769 4085 1022 4150 θανάτου,
1058 4089 1302 4140 τουτέστι
1333 4087 1423 4141 τὸν
1461 4088 1736 4142 διάϐολον·
1766 4089 1861 4141 καὶ

285 4175 571 4249 ἀπαλλάξῃ
595 4176 838 4241 τούτους,
859 4180 973 4231 ὅσοι
999 4178 1148 4249 φόόῳ
1167 4179 1400 4234 θανάτου
1427 4179 1526 4250 μὲν
1551 4180 1750 4244 παντὸς
1769 4180 1860 4233 τοῦ

287 4266 388 4336 ζῇν
404 4266 573 4336 ἔνοχοι
597 4263 736 4338 ἦσαν
752 4269 1014 4334 δουλείας.
1030 4291 1046 4322 ι
1067 4271 1146 4323 Τά
1170 4271 1357 4324 παιδία
1376 4273 1539 4340 φησὶν
1563 4271 1860 4333 ἐντούτοις,

285 4357 434 4425 ἡμᾶς
463 4356 706 4426 δηλονότι
752 4360 877 4422 τοὺς
907 4360 1066 4424 ὄντας
1095 4361 1187 4414 ἐπὶ
1227 4363 1324 4432 τῆς
1357 4362 1476 4430 γῆς,
1525 4362 1667 4415 κατά
1699 4377 1759 4428 γε
1790 4363 1862 4438 ,τδ

286 4447 344 4497 ὲν
395 4446 643 4516 Ψαλμοῖς
703 4447 1051 4517 ὑμνούμενον·
1095 4450 1170 4512 ὡς
1215 4452 1278 4503 ἐκ
1342 4450 1635 4520 προσώπου
1690 4450 1864 4503 Θεοῦ·

1978 4446 2066 4499 Dei
2096 4453 2441 4500 decantatum
2479 4465 2492 4498 :

292 4556 313 4588 ι
359 4537 500 4605 Ἐγὼ
531 4533 696 4591 εἶπα·
750 4539 873 4591 Θεοί
929 4541 1092 4598 ἐστε,
1147 4541 1241 4593 καὶ
1283 4542 1389 4593 υἱοὶ
1425 4540 1682 4609 Ὑψίστου
1730 4542 1864 4594 πάν-

284 4645 393 4692 τες.
435 4649 452 4682 ι
492 4632 658 4683 Ὅσον
688 4630 796 4701 γὰρ
852 4627 988 4702 ἦκεν
1017 4633 1098 4695 εἰς
1144 4633 1205 4684 τὸ
1231 4633 1310 4702 τῷ
1363 4633 1483 4702 Θεῷ
1512 4633 1722 4698 δοκοῦν,
1769 4635 1862 4687 καὶ

285 4727 362 4787 είς
391 4724 488 4795 τὴν
518 4724 742 4776 ἐνοῦσαν
761 4725 1080 4795 ἡμερότητα
1109 4725 1250 4777 κατά
1279 4725 1440 4793 φύσιν
1472 4726 1638 4796 αύτῷ,
1662 4727 1861 4789 πάντες

285 4818 348 4868 ἂν
381 4813 524 4887 ἦμεν
552 4819 736 4880 τέκνα,
772 4818 865 4870 καὶ
915 4816 1223 4870 ἀπώλισθεν
1282 4818 1347 4870 ἂν
1378 4819 1552 4880 οὐδεὶς
1580 4820 1678 4889 τῆς
1729 4820 1859 4890 πρὸς

285 4908 446 4960 αὑτὸν
475 4910 824 4978 οίκειότητος.
858 4909 999 4960 Ἀλλ’
1095 4927 1259 4979 φησιν
1287 4912 1315 4962 ὁ
1344 4909 1526 4973 Δαύῖδ,
1557 4911 1632 4974 ὼς
1660 4910 1863 4982 ἇνθρω·

287 5017 375 5051 ποι
406 4999 842 5069 ἀποθνήσκομεν,
876 5001 968 5053 καὶ
997 5000 1071 5062 ὼς
1101 4995 1182 5063 εἷς
1226 4993 1639 5070 τῶνάρχόντων
1669 5002 1862 5054 πίπτο-

290 5110 406 5161 μεν,
429 5095 540 5155 τοῖς
570 5092 667 5162 τῆς
693 5092 892 5161 σαρκὸς
923 5093 1121 5144 πάθεσι
1152 5093 1243 5145 τὸν
1273 5095 1471 5145 οἰκεῖον
1501 5093 1866 5162 ὑποφέροντες

284 5188 427 5241 νοῦν.
488 5187 611 5250 Πῶς
666 5183 760 5240 οὖν
809 5187 916 5256 ἀρα
961 5187 1439 5255 κεκοινωνήκαμεν
1484 5186 1715 5255 αἵματος
1771 5186 1865 5239 καὶ

289 5282 515 5353 σαρκός;
535 5282 694 5351 Ψυχὴ
725 5281 834 5351 γὰρ
863 5283 896 5350 ὴ
927 5280 1239 5350 ἀνθρωπίνη
1266 5281 1423 5348 φύσιν
1444 5280 1636 5349 ἑτέραν
1667 5280 1864 5348 ἔχουσα

284 5371 433 5441 παρὰ
473 5372 570 5440 τὴν
617 5372 813 5440 σάρκα,
845 5373 910 5440 τῇ
943 5372 1077 5441 πρὸς
1114 5370 1280 5438 αὐτὴν
1313 5367 1460 5421 θέσει
1492 5369 1612 5421 καθ’
1644 5370 1858 5432 ἕνωσιν,

281 5465 342 5515 τὸ
385 5464 444 5515 ἓν
481 5481 539 5516 τε
593 5467 685 5516 καὶ
727 5464 941 5531 λογικὸν
979 5463 1267 5516 ἀπετέλεσε
1311 5461 1467 5524 ζῶον,
1498 5464 1740 5515 τουτέστι
1769 5462 1860 5514 τὸν

283 5559 308 5607 ὲ
351 5556 587 5624 θρωπον.
627 5555 784 5609 Οὕτω
814 5554 1102 5624 τοιγαροῦν
1142 5557 1234 5606 καὶ
1290 5557 1317 5606 ὀ
1346 5553 1439 5606 τοῦ
1484 5553 1622 5606 Θεοῦ
1664 5554 1854 5621 Λόγος,

281 5648 649 5718 ὲίιςέιυχωμένῃ
681 5647 863 5718 σαρκὶ,
897 5647 988 5698 καὶ
1019 5647 1117 5697 ούκ
1147 5644 1339 5714 ἀψύχῳ
1372 5643 1512 5697 κατά
1541 5661 1709 5708 τινας,
1740 5645 1859 5696 ἐαυ-

2049 3806 2137 3860 ΙΧ.
2189 3826 2206 3857 ι
2240 3805 2375 3872 Quia
2424 3821 2553 3875 ergo
2605 3806 2756 3875 pueri
2811 3807 3351 3862 communicaverunt
3395 3812 3543 3863 carni

1970 3907 2023 3952 et
2068 3899 2336 3967 sanguini,
2377 3907 2430 3952 et
2475 3899 2591 3966 ipse
2619 3899 2872 3951 similiter
2912 3899 3259 3969 participavit
3309 3902 3541 3956 iisdem:

1971 4002 2027 4045 ut
2059 4007 2155 4059 per
2193 4003 2422 4043 mortem
2455 3995 2761 4044 destrueret
2784 4007 2930 4056 eunt,
2962 3993 3051 4061 qui
3089 3993 3315 4046 habebat
3357 3997 3548 4049 mortis

1971 4084 2276 4153 imperium,
2323 4086 2423 4137 hoc
2454 4093 2535 4137 est
2581 4083 2892 4150 diabolum;
2925 4095 2978 4138 et
3011 4085 3264 4139 liberaret
3303 4103 3415 4152 eos,
3456 4090 3551 4156 (ιιιὶ

1972 4179 2165 4228 timore
2203 4180 2391 4227 mortis
2426 4191 2524 4244 per
2556 4185 2723 4226 totam
2754 4178 2918 4228 vitam
2943 4178 3347 4230 obnoxiierant
3379 4181 3547 4232 serti-

1975 4267 2092 4317 tuti.
2117 4265 2162 4293 ⁸³
2199 4283 2215 4313 ι
2259 4263 2462 4316 Pueros
2493 4263 2595 4318 hoc
2624 4264 2738 4318 loco
2763 4281 2863 4317 nos
2894 4267 3148 4335 appellat,
3183 4269 3271 4336 qui
3306 4269 3358 4320 in
3391 4270 3552 4322 terris

1974 4359 2138 4409 vitam
2183 4356 2451 4424 degimns,
2480 4354 2636 4422 juxta
2683 4357 2810 4411 illud
2863 4357 3167 4413 Psalmista:
3214 4364 3264 4412 in
3316 4377 3554 4429 persona

2530 4464 2548 4497 ι
2579 4448 2711 4517 Ego,
2761 4449 2955 4518 inquit,
2999 4450 3107 4502 dixi
3139 4467 3150 4502 :
3193 4449 3275 4504 Dii
3305 4453 3461 4516 estis,
3495 4465 3551 4509 et.

1972 4541 2064 4592 lilii
2102 4540 2307 4592 Exeelsi
2341 4554 2530 4593 ειιιιιιοε
2552 4539 2620 4594 ⁸³.
2653 4559 2672 4590 ι
2728 4539 2860 4593 Nam
2902 4544 3044 4610 quod
3099 4542 3295 4596 attinet
3342 4544 3407 4596 ad
3455 4543 3548 4597 Dei

1969 4636 2342 4697 voluntatem,
2413 4637 2997 4701 mansuetudinemque
3063 4637 3384 4692 naturaliter
3444 4639 3546 4706 ipsi

1968 4729 2209 4788 insitam,
2245 4728 2310 4779 ad
2336 4743 2499 4779 unum
2538 4741 2730 4781 onmes
2767 4743 3013 4782 essemus
3044 4729 3159 4792 lilii,
3202 4744 3376 4799 neque
3401 4733 3550 4799 quis-

1969 4836 2129 4888 quam
2179 4822 2420 4870 omnium
2466 4820 2533 4872 ab
2587 4819 2734 4874 illius
2793 4821 3160 4876 familiaritate
3206 4835 3261 4877 et
3308 4825 3546 4878 amicitia

1970 4913 2178 4964 alienos
2217 4911 2353 4964 foret
2391 4929 2404 4963 :
2443 4928 2632 4967 rerum
2677 4915 2820 4982 quod
2877 4925 3112 4968 mentem
3159 4916 3549 4984 cupiditatibus

1971 5014 2024 5057 et
2053 5004 2296 5070 corporis
2323 5004 2825 5069 perturbationibus
2858 5005 3001 5058 ultro
3028 5006 3432 5072 sobmittamus,
3463 5008 3540 5069 ﬁt,

1970 5104 2264 5148 attestante
2299 5095 2522 5157 Davide,
2563 5106 2620 5147 ut
2654 5094 2818 5147 veluti
2864 5095 3111 5149 homines
3143 5097 3462 5164 moriamur,
3494 5109 3550 5151 et

1969 5187 2109 5241 sicut
2164 5204 2302 5241 unus
2354 5191 2419 5243 de
2464 5186 2804 5256 principibus
2850 5189 3107 5242 cadamos
3133 5189 3200 5242 ⁸⁵.
3254 5189 3359 5243 Sed
3411 5204 3546 5258 quo-

1970 5277 2128 5329 modo
2162 5277 2312 5330 carni
2361 5288 2414 5329 et
2459 5274 2706 5344 sanguini
2741 5275 3304 5329 communicatimus?
3349 5277 3550 5328 Anima

1969 5372 2200 5422 lmmana
2250 5371 2516 5423 diversam
2567 5389 2593 5420 a
2641 5384 2803 5423 carne
2846 5371 3034 5422 sortita
3085 5381 3355 5434 naturam,
3394 5371 3545 5423 carni

1971 5462 2145 5522 unita,
2179 5477 2364 5523 unum,
2408 5471 2463 5515 et
2502 5462 2627 5513 illud
2660 5461 2878 5529 quidem
2913 5478 3006 5531 per
3028 5463 3107 5516 sui
3142 5462 3546 5532 adjunctionem

1971 5554 2177 5605 ratione
2227 5555 2508 5621 praeditum
2565 5556 2764 5608 animal
2812 5555 3063 5620 absolvit,
3114 5556 3213 5608 hoc
3258 5565 3342 5609 est
3381 5556 3551 5608 homi~

1967 5661 2111 5698 nem.
2161 5646 2236 5698 Ad
2284 5662 2405 5699 eum
2445 5649 2624 5715 itaque
2663 5649 2878 5702 modum
2935 5660 2986 5702 et
3018 5648 3109 5703 Dei
3147 5647 3374 5703 Verbum
3409 5662 3545 5717 quo-

349 5803 394 5836 ⁸¹
431 5805 587 5856 Hebr.
626 5821 662 5870 ι,
689 5803 774 5855 ἰξί.
855 5805 899 5834 ⁸³
931 5804 1028 5859 lsa.
1064 5819 1136 5864 Vl,
1170 5803 1223 5855 5.
1300 5800 1346 5831 ⁸³
1379 5799 1542 5855 llebl‘.
1574 5814 1632 5867 ιι,
1659 5798 1746 5867 14,
1781 5799 1864 5853 15.

1968 5802 1984 5830 ³
2017 5799 2161 5854 Psal.
2195 5816 2382 5865 Lxxxt,
2424 5801 2474 5856 6.
2553 5804 2598 5834 ⁸⁸
2627 5801 2757 5858 ibid.
2796 5805 2846 5856 7.
