4000 6326
533 328 665 381 1517

1512 322 1568 376 S.
1612 320 1886 376 CVlllLlJ
1928 319 2395 376 ALEXANDRINI
2437 319 2750 375 ARCHIEP.

3630 328 3746 382 {3'58

525 462 631 513 que
689 458 793 497 non
839 440 1108 505 inanime,
1162 447 1220 493 ttt
1271 439 1486 507 quidam
1534 441 1738 508 opinati
1791 452 1951 501 sunt,
2000 442 2092 494 sed

2221 441 2289 493 :t‘w
2318 442 2645 510 ἀπορρήτως
2683 439 2905 502 ὲνὼτας,
2943 440 3203 509 μετέσχεν
3240 440 3466 511 αἵματος
3512 441 3605 495 καὶ
3633 460 3747 513 σαρ-

526 537 776 589 anitnatae
808 534 982 594 carui,
1017 531 1175 585 modo
1209 547 1369 597 quem
1409 531 1642 584 lnnnaua
1677 547 1829 585 mens
1869 549 1973 585 non
2007 548 2093 584 ca-

528 628 626 694 pit,
654 625 893 692 seipsum
927 623 1141 684 uniens,
1186 632 1476 689 ortumque
1504 638 1568 673 ex
1606 622 1833 674 nntliere
1867 622 2091 683 ducens.

525 717 673 770 rarui
716 725 769 769 et
811 714 1058 783 sanguini
1092 714 1311 783 perinde
1361 729 1422 765 ac
1460 729 1599 765 unus
1648 729 1713 767 ex
1758 713 1910 767 nobis
1947 729 2094 767 com-

528 808 841 861 Intltticavit.
882 808 1058 875 Atque
1106 805 1179 858 ita
1232 820 1371 857 unus
1414 805 1677 857 duntaxat
1723 815 1807 857 est
1838 804 2096 859 Dominus

524 899 681 954 Jesus
730 898 999 952 Christus.
1052 896 1186 949 Nam
1238 897 1339 949 etsi
1388 896 1481 949 Dei
1528 894 1761 949 Verbum
1806 896 2093 949 humanam

528 999 773 1045 naturam
800 989 903 1043 sibi
934 988 1214 1050 asciverit,
1251 989 1420 1041 nihilo
1456 997 1635 1041 tamen
1674 990 1852 1042 secius
1884 988 1933 1041 id
1955 988 2097 1056 quod

527 1092 647 1135 erat
674 1079 996 1150 permansit.
1027 1080 1179 1145 Quod
1204 1080 1251 1132 si
1284 1079 1473 1133 mortis
1507 1079 1791 1146 imperium
1819 1091 1877 1132 ιιι
1913 1080 2016 1132 vita
2047 1088 2101 1134 et

531 1174 670 1228 Deus
701 1173 960 1234 abolevit,
997 1170 1365 1225 necessarium
1396 1179 1498 1233 est,
1533 1179 1591 1223 ut
1623 1169 1674 1223 id
1696 1170 1834 1237 quod
1872 1180 2098 1222 mortem

530 1266 770 1335 pertulit,
814 1265 986 1335 ipsius
1013 1265 1294 1333 preprium
1351 1262 1623 1316 exstiterit
1652 1279 1666 1315 :
1700 1276 1807 1331 quo
1845 1262 2098 1314 nimirum

533 1358 671 1411 idem
700 1358 815 1425 ipse
843 1372 909 1409 ex
940 1357 1175 1409 mortuis
1214 1356 1282 1409 ad
1327 1355 1493 1407 vitam
1526 1353 1764 1417 rediens,
1797 1352 2102 1418 corruptio-

532 1462 653 1500 nem
694 1461 723 1500 e
754 1446 934 1499 medio
981 1446 1290 1505 sustulisse.
1338 1444 1864 1513 incorruptiouisque
1903 1443 2106 1497 benefi-

531 1539 671 1592 cium
733 1540 785 1592 in
843 1549 1011 1592 totum
1060 1552 1230 1607 genus
1287 1546 1535 1591 nostrum
1578 1535 1943 1589 transmisisse
2000 1533 2104 1588 diri

532 1640 719 1699 queat.
759 1655 775 1679 ς
812 1630 984 1684 Sicuti
1026 1630 1169 1683 enim
1211 1630 1265 1682 in
1297 1628 1466 1681 Adam
1496 1642 1686 1682 omnes
1723 1625 2002 1691 morimur,
2032 1628 2104 1679 ita

532 1734 719 1774 omnes
772 1720 825 1772 in
875 1719 1093 1773 Christo
1143 1717 1541 1772 vivificabitnur
1562 1715 1629 1769 ⁸⁸.
1664 1735 1681 1768 ι
1744 1715 1810 1768 Et
1860 1717 2102 1769 iterum:

2198 534 2292 596 κὸς
2338 534 2733 605 παραπλησίως
2770 536 2921 603 ἡμῖν,
2963 534 3051 586 διά
3092 535 3393 602 γεννήσεως
3428 535 3483 588 δὲ
3532 535 3745 604 δηλονότι

2198 623 2295 692 τῆς
2326 624 2390 675 ἐκ
2438 624 2717 691 γυναικός.
2764 618 2857 687 Εἷς
2887 620 2979 677 οὖν
3008 623 3117 695 ἄρα
3148 623 3350 695 Κύριος
3391 624 3595 692 Ἰησοῦς
3631 627 3746 698 Χρι-

2201 708 2343 771 στὸς,
2375 710 2451 773 ὡς
2497 709 2797 773 ἐνώσαντος
2829 713 2924 781 μὲν
2954 712 3131 781 ἐαυτῷ
3186 711 3281 765 τοῦ
3329 712 3462 765 Θεοῦ
3510 713 3675 781 Λόγου
3701 718 3749 767 ti.

2197 798 2555 868 ἀνθρώπινον.
2607 801 2974 871 μεμενηκότος
3002 801 3059 855 δὲ
3088 802 3183 854 καὶ¹
3225 802 3397 867 οὕτως
3425 804 3563 874 ὅπερ
3590 800 3672 873 ἦν.
3700 807 3749 859 Εἰ

2198 890 2253 941 δὲ
2281 891 2443 953 αὐτὸς
2472 892 2789 962 κατήργηκε
2816 892 2911 944 τοῦ
2942 893 3175 946 Θανάτου
3204 894 3266 945 τὸ
3305 894 3527 964 κράτος,
3558 896 3629 959 ὡς
3658 896 3751 967 ζωὴ

2203 980 2296 1031 καὶ
2334 978 2487 1044 Θεὸς,
2521 981 2650 1033 ἴδιον
2692 980 2856 1034 αὐτοῦ
2900 982 3138 1035 νοεῖσθαι
3168 982 3367 1053 πρέπει
3409 983 3471 1034 τὸ
3514 982 3754 1046 πεπονθῆς

2200 1071 2290 1124 τὸν
2336 1070 2582 1125 θάνατον·
2616 1071 2702 1124 ἵνα
2742 1072 2818 1135 ὠς
2856 1072 3019 1135 αὐτὸς
3061 1072 3298 1136 άναστάς
3328 1073 3662 1143 καταργῆσαι
3687 1073 3757 1124 λέ-

2200 1180 2351 1231 γοιτο
2386 1163 2485 1234 τὴν
2526 1163 2754 1234 φθοράν,
2786 1164 2881 1218 καὶ
2919 1164 2999 1227 εἰς
3040 1164 3184 1217 ἀπαν
3225 1164 3382 1235 ἡμῶν
3420 1165 3757 1233 παραπέμψαι

2202 1254 2263 1307 τὸ
2283 1254 2440 1322 γένος
2460 1255 2557 1324 τῆς
2578 1253 2887 1326 ἀφθαρσίας
2915 1254 3013 1326 τὴν
3042 1255 3473 1328 χάριν.‹’Ὠσπερ
3497 1255 3603 1326 γάρ
3628 1258 3679 1308 ὲν
3696 1257 3758 1324 τῷ

2217 1342 2390 1413 Ἀδὰμ
2412 1342 2610 1407 πάντες
2640 1343 3079 1414 ἀποθνήσκομεν,
3099 1344 3243 1397 οὕτω
3269 1345 3363 1399 καὶ
3382 1345 3441 1397 ὲν
3469 1345 3550 1415 τῷ
3567 1346 3758 1414 Χριστῴ

2208 1439 2409 1500 πάντες
2439 1437 3039 1510 ζωοποιη[θη]σόμεθα.
3091 1458 3109 1491 ι
3132 1440 3241 1493 Καὶ
3280 1439 3479 1494 πάλινο
3516 1459 3535 1491 ι
3580 1440 3757 1509 Ὠσπερ

2206 1528 2316 1601 γὰρ
2354 1528 2423 1582 δι’
2461 1529 2750 1601 ἀνθρώπου
2791 1532 3039 1598 θάνατος,
3077 1533 3220 1587 οὕτω
3264 1534 3358 1588 καὶ
3397 1534 3468 1587 δι’
3504 1533 3757 1605 ἀνθρώπου

2209 1621 2509 1686 ἀνάστασις
2561 1622 2791 1695 νεκρῶν.
2833 1641 2850 1674 ι
2897 1623 3116 1693 Ἐπειδὴ
3144 1623 3202 1676 δέ
3230 1624 3347 1676 ἐστι
3374 1624 3486 1677 τῶν
3529 1624 3624 1694 τῆς
3658 1624 3757 1677 καθ’

2210 1715 2357 1784 ἡμᾶς
2385 1714 2680 1784 νοουμένης
2708 1713 3130 1785 ἀνθρωπότητος
3172 1715 3431 1769 ἐπέκεινα
3474 1716 3675 1785 μέτρων
3711 1717 3759 1768 τὸ

539 1828 557 1861 ι
587 1808 723 1864 Nam
776 1818 836 1864 ut
888 1824 985 1880 per
1038 1810 1312 1863 hominem
1362 1822 1531 1872 mors,
1575 1807 1645 1860 ita
1697 1820 1791 1874 per
1836 1805 2106 1859 hominem

2221 1806 2459 1875 πατῆσαι
2492 1805 2742 1872 θάνατον,
2768 1806 2959 1859 ἐνώσει
2989 1808 3190 1877 φαμὲν,
3225 1809 3392 1878 ἤγουν
3422 1810 3682 1879 κοινωνίᾳ,
3706 1812 3756 1879 τῇ

537 1919 749 1956 rursum
806 1912 889 1957 est
951 1902 1276 1956 resurrectio
1344 1909 1679 1955 mortuorum
1717 1898 1786 1951 ⁸τ.
1833 1916 1853 1949 ι
1914 1897 2109 1951 Verum

533 1992 676 2060 quod
729 2003 956 2046 mortem
1006 2002 1302 2060 proterere,
1348 2004 1436 2044 res
1485 2000 1568 2043 est
1607 1989 1860 2043 humana:
1906 1997 2112 2041 natura:

540 2084 844 2136 facultatem
891 2083 1184 2145 excedens,
1220 2081 1375 2152 135
1405 2092 1691 2150 propterea
1735 2080 1825 2134 Dei
1875 2078 2109 2135 Verbum

2220 1896 2359 1969 πρὸς
2401 1898 2581 1968 σάρκα
2607 1914 2667 1950 τε
2708 1897 2801 1951 καὶ
2839 1894 2981 1968 αἷμα
3010 1899 3103 1952 τὸν
3144 1898 3238 1953 τοῦ
3278 1898 3411 1953 Θεοῦ
3444 1901 3615 1969 Λόγον
3637 1901 3758 1968 γενέ-

2220 1989 2343 2043 σθαι
2386 1989 2507 2042 καθ’
2546 1990 2695 2060 ἡμᾶς
2722 1989 3009 2060 ἄνθρωπον
3028 2005 3043 2020 ’
3090 1990 3578 2063 ἀπομεμενηκέναι
3610 1992 3662 2045 δὲ
3685 1994 3759 2045 καὶ

2216 2082 2360 2135 οὓτω
2388 2081 2620 2136 θανάτου
2650 2084 2956 2154 κρείττονα·
2991 2082 3124 2147 Θεὸς
3150 2084 3259 2156 γάρ
3285 2079 3353 2155 ἦν
3381 2086 3444 2137 ὲν
3476 2085 3647 2156 σαρκί.

538 2180 754 2243 unione,
794 2178 894 2233 hoc
925 2189 1030 2240 est,
1098 2193 1220 2231 cum
1289 2193 1453 2232 carne
1490 2186 1545 2231 et
1613 2176 1881 2246 sanguine
1943 2178 2458 2243 communicatione,
2510 2179 2671 2233 homo
2726 2178 2882 2234 nobis
2924 2178 3120 2234 similis
3165 2161 3418 2234 elIectutn
3468 2179 3682 2234 estzita
3720 2178 3757 2232 id

539 2290 742 2339 tamen,
788 2284 847 2327 ut
899 2284 1073 2329 morte
1117 2274 1365 2345 superior
1404 2275 1764 2338 remanserit;
1808 2282 1927 2326 erat
1957 2274 2102 2327 enim
2139 2275 2277 2328 Deus
2315 2273 2368 2328 in
2406 2288 2590 2327 carne.

615 2367 683 2420 Χ.
737 2362 1076 2435 «Nusquam
1126 2366 1270 2419 enim
1310 2366 1530 2435 angelos
1580 2365 1956 2435 apprehendit,
2016 2366 2112 2419 scd

539 2473 721 2511 semen
753 2457 985 2511 Abraha:
1013 2455 1387 2525 apprehendit.
1464 2454 1617 2509 Unde
1644 2453 1832 2509 debuit
1863 2469 1958 2524 per
1989 2469 2111 2507 om-

542 2552 628 2604 nia
658 2549 888 2604 fatribus
918 2549 1208 2602 assimilari
1234 2565 1249 2613 ;
1280 2556 1339 2601 ιιι
1366 2547 1679 2601 misericors
1710 2546 1863 2601 fieret
1898 2558 1951 2600 et
1977 2547 2112 2600 lide-

2292 2366 2347 2418 l’.
2389 2385 2407 2416 ι
2434 2366 2510 2418 Οὐ
2540 2365 2649 2436 γάρ
2680 2366 2854 2437 δήπου
2881 2365 3129 2434 ἀγγέλων
3173 2364 3625 2434 ἐπιλαμϐάνεται,
3651 2362 3757 2417 ἀλλὰ

2225 2457 2541 2528 σπέρματος
2596 2457 2850 2528 Ἀϐραὰμ
2895 2457 3351 2529 ἐπιλαμϐάνεται.
3380 2458 3549 2511 Ὅθεν
3594 2456 3755 2524 ὤφειλε

2221 2550 2364 2603 κατά
2408 2552 2586 2605 πάντα
2613 2553 2726 2615 τοῖς
2759 2551 3006 2620 ἀδελφοῖς
3032 2551 3385 2622 ὁμοιωθῆναι·
3430 2552 3519 2605 ἶνα
3552 2551 3757 2621 ἐλεήμων

544 2645 607 2697 lis
639 2641 877 2710 pontifex
914 2640 981 2693 ad
1011 2642 1201 2704 Deum,
1256 2650 1313 2694 ιιι
1346 2638 1728 2709 repr0pitiaret
1774 2640 1971 2693 delicta
2017 2654 2115 2707 ps—

544 2735 673 2802 puli.
696 2733 751 2787 ln
779 2748 888 2803 quo
910 2733 1055 2788 enim
1086 2747 1278 2803 passus
1303 2741 1386 2786 est
1412 2732 1527 2801 ipse
1549 2742 1603 2785 et
1627 2740 1885 2788 tentatus.
1924 2743 2118 2798 potens

541 2834 624 2876 est
653 2834 704 2877 et
731 2823 811 2877 eis
845 2823 936 2891 qui
963 2831 1264 2888 tentantur,
1298 2821 1550 2875 auxiliari
1572 2820 1639 2875 ⁸⁸.
1684 2840 1703 2873 ι
1744 2820 1836 2875 Dei
1882 2820 2118 2875 Verbum

545 2916 775 2969 Abrahae
804 2930 988 2970 semen
1019 2914 1445 2984 apprehendisse
1495 2914 1814 2969 asserimus.
1879 2913 2011 2967 Nam
2034 2928 2115 2969 se-

2222 2930 2333 2977 νοις
2380 2913 2665 2984 βοηθῆσαι.
2692 2933 2713 2968 ›
2763 2914 3085 2985 Σπέρματος
3132 2914 3384 2987 Ἀϐραὰμ
3438 2914 3755 2985 ἐπιλαμϐάνε-

551 3007 785 3061 cundum
815 3021 1032 3061 carnem
1066 3021 1132 3061 ex
1159 3004 1359 3060 Iudaeis
1393 3015 1570 3060 ortum
1615 3014 1716 3067 cst,
1758 3015 1812 3059 et
1864 3004 2115 3059 fratribus

2224 3003 2347 3057 σθαί
2378 3023 2555 3075 φαμεν
2583 3005 2674 3059 τὸν
2700 3005 2797 3059 τοῦ
2836 3006 2969 3059 Θεοῦ
3002 3006 3203 3074 Λόγον’
3234 3008 3406 3076 ἀνέφυ
3440 3008 3548 3078 γάρ
3570 3005 3623 3070 ἐξ
3659 3007 3756 3058 ’1ου-

549 3115 643 3167 per
698 3098 879 3153 omnia
934 3098 1324 3160 assimilatum;
1377 3098 1479 3151 hoc
1524 3107 1642 3164 est,
1690 3097 1869 3151 servili
1916 3096 2115 3159 forma,

2226 3096 2391 3149 δαίων
2415 3097 2476 3151 τὸ
2502 3098 2641 3151 κατὰ
2670 3098 2869 3169 σάρκα,
2896 3100 2993 3152 καὶ
3016 3099 3273 3170 ὡμοιώθη
3304 3100 3453 3154 κατά
3484 3101 3648 3155 πάντα
3672 3100 3754 3159 τοῖς

543 3195 693 3260 juxta
726 3192 965 3261 Apostoli
996 3190 1297 3246 doctrinam
1321 3189 1388 3256 ⁸³,
1416 3199 1656 3259 sumpta,
1682 3188 1908 3243 aliorum
1941 3188 2115 3243 homi-

2228 3189 2496 3258 ἀδελφοῖς,
2525 3191 2666 3245 κατά
2692 3208 2755 3259 γε
2782 3191 2842 3244 τὸ
2867 3190 3200 3261 ἀνασχέσθαι
3223 3191 3411 3244 λαϐεῖν
3436 3193 3536 3261 τὴν
3562 3191 3646 3244 τοῦ
3670 3189 3756 3241 δού-

557 3301 682 3338 1111111
728 3299 879 3338 more
909 3282 1059 3338 nasci
1094 3283 1439 3350 dedignatum
1471 3298 1577 3337 non
1610 3290 1714 3337 est.
1759 3281 1871 3336 Hac
1890 3282 2037 3335 enim
2062 3280 2115 3336 de

2228 3281 2321 3335 λου
2357 3282 2590 3354 μορφὴν,
2622 3284 2716 3336 καὶ
2754 3284 2812 3335 ἐν
2838 3283 3143 3353 ὁμοιώματι
3181 3282 3489 3354 ἀνθρώπων
3522 3280 3754 3351 γενέσθαι.

557 3392 720 3430 σ-ςιυειι
752 3384 804 3431 et
833 3375 1003 3430 Filius
1052 3374 1289 3429 hominis
1330 3375 1565 3439 exstitit,
1598 3384 1655 3428 et
1696 3388 1882 3429 eorum
1913 3374 2005 3444 qui
2056 3388 2115 3428 ex

2232 3375 2376 3430 καθά
2412 3393 2579 3446 φησιν
2606 3377 2635 3428 ό
2677 3375 2948 3448 μακάριος
2987 3374 3214 3438 Παῦλος.
3260 3376 3639 3447 Κεχρημάτικε
3678 3372 3757 3440 γὰρ

548 3470 759 3525 semine
808 3468 1042 3524 Abrahae.
1090 3466 1427 3538 prodierant,
1461 3470 1563 3522 hoc
1613 3474 1717 3531 est,
1777 3481 1845 3520 ex
1875 3482 2042 3521 carne
2071 3475 2115 3520 el

2230 3468 2373 3522 οὔτω
2419 3469 2550 3532 Υἱὸς
2598 3467 2909 3540 ἀνθρώπου,
2940 3468 3037 3521 καὶ
3068 3467 3291 3536 γέγονεν
3316 3467 3546 3535 ἀδελφὸς
3587 3468 3681 3527 τοῖς
3713 3465 3757 3515 ἐκ

550 3563 815 3631 sanguine
839 3561 1283 3623 constitutorum,
1310 3560 1479 3613 frater
1496 3558 1745 3615 effectum
1778 3568 1883 3614 cst.
1906 3558 2115 3626 Ecquar

2232 3562 2543 3632 σπέρματος
2578 3560 2846 3630 Ἀϐραὰμ,
2873 3559 3041 3629 ἤγουν
3064 3562 3176 3621 τοῖς
3200 3559 3257 3611 ὲν
3279 3558 3478 3628 αἵματι
3504 3558 3590 3611 καὶ
3613 3552 3756 3625 σαρκί.

552 3672 676 3711 nam
712 3656 931 3710 horum.
955 3670 1119 3709 causa
1146 3653 1392 3708 exstitit?
1440 3652 1555 3707 Non
1591 3651 1695 3705 alia
1731 3651 1995 3721 profecto,
2030 3649 2115 3703 ait.

2232 3654 2328 3716 Τίς
2357 3650 2450 3707 οὖν
2481 3653 2590 3725 ἄρα
2610 3653 2758 3706 ἐστὶν
2780 3653 2812 3723 ὴ
2838 3651 2992 3705 τοῦδε
3023 3651 3330 3722 πρόφασις;
3358 3651 3510 3704 «Ἵνα
3540 3649 3757 3718 ἐλεήμων.

551 3763 713 3817 quam
760 3759 851 3800 tut
888 3747 1201 3801 misericors
1240 3745 1522 3814 tidclisque
1544 3745 1789 3815 pontifex
1828 3744 1884 3797 in
1911 3744 1977 3797 iis
2006 3756 2115 3811 qua

2235 3746 2389 3816 φησὶ,
2438 3746 2684 3817 γένηται,
2730 3746 2823 3798 καὶ
2872 3743 3061 3807 πιστὸς
3105 3744 3400 3815 ἀρχιερεὺς
3440 3744 3507 3797 τὰ
3546 3742 3667 3813 πρὸς
3692 3739 3758 3792 τὴν

553 3848 679 3893 sunt
705 3837 770 3891 ad
792 3837 977 3903 Deum,
1011 3836 1213 3890 fieret.»
1256 3835 1505 3891 Christus
1540 3849 1774 3903 namque
1804 3833 2115 3902 pontificem

2234 3838 2387 3891 Θεόν.
2418 3856 2440 3890 ι
2462 3838 2741 3907 Ἐλεήμων
2772 3836 2872 3906 μὲν
2904 3835 3013 3907 γὰρ
3048 3835 3339 3906 ἀρχιερεὺς
3372 3837 3456 3898 εἰς
3487 3834 3625 3905 ἡμᾶς
3643 3830 3761 3899 γέγο-

554 3946 715 3999 supra
751 3931 964 3981 IttOtltllll
1002 3928 1293 3994 benignum
1336 3938 1391 3983 ct
1427 3928 1840 3982 misericordem
1884 3940 1944 3980 se
1970 3924 2115 3979 nobis

2235 3947 2325 3982 νεν
2348 3930 2377 3982 ὁ
2404 3930 2659 4001 Χριστὸς,
2690 3930 2766 3992 ὡς
2800 3927 2897 3981 τοῦ
2926 3927 3153 3998 νομικοῦ
3184 3927 3515 3998 γράμματος
3545 3921 3758 3991 κατακρί-

554 4024 821 4077 exhibuit.
857 4023 1069 4077 Etenim
1123 4037 1247 4077 cum
1289 4022 1423 4092 legis
1458 4021 1634 4075 littera
1663 4019 1902 4088 peccatis
1923 4019 2115 4074 obstri-

2236 4039 2416 4084 νοντος
2432 4022 2556 4084 τοὺς
2576 4020 2984 4092 ἡμαρτηκότας,
3004 4020 3099 4072 καὶ
3115 4019 3214 4091 τὴν
3231 4017 3327 4071 τοῦ
3362 4017 3669 4081 κολάζεσθαι
3681 4012 3762 4066 δεῖν

556 4124 670 4166 rtos
706 4111 1052 4176 condemnet,
1079 4111 1519 4181 gravissimaque
1557 4124 1716 4178 poma
1760 4109 1883 4163 illos
1909 4109 2000 4177 qui
2038 4108 2111 4161 De

2236 4114 2588 4185 ἐπιφέροντος
2631 4113 2809 4183 ψῆφον
2845 4116 2959 4176 τοῖς
2997 4111 3096 4183 τὴν
3135 4112 3283 4165 θείαν
3322 4111 3666 4182 ἀτιμάζουσιν
3698 4106 3761 4157 ἐν·

560 4202 878 4257 mandatum
906 4202 1226 4269 violassent,
1254 4202 1568 4271 plectendos
1599 4201 1860 4255 decernat
1890 4217 1903 4250 :
1944 4218 1962 4249 ι
2008 4199 2115 4253 Ιιτίι

2237 4207 2420 4277 τολήν.
2467 4225 2485 4257 ‹
2528 4205 2825 4276 Ἀθετήσας
2864 4205 2971 4275 γάρ
3006 4221 3089 4266 τις
3132 4203 3294 4273 νόμον
3339 4203 3606 4265 Μωσέως.
3636 4201 3764 4271 χωρὶς

563 4309 671 4350 tam
703 4296 847 4350 enim
875 4297 998 4365 quis
1023 4295 1229 4350 faciens
1260 4295 1435 4365 legem
1468 4293 1698 4363 Moysis,
1729 4293 1849 4347 sine
1898 4290 2002 4345 ulla
2031 4291 2115 4343 uti.

2238 4297 2541 4369 οἰκτιρμῶν
2567 4297 2660 4351 ἐπὶ
2687 4296 2839 4351 δυσὶν
2867 4297 2902 4367 ἢ
2933 4296 3083 4366 τρισὶ
3109 4296 3377 4366 μάρτυσιν
3404 4294 3760 4363 ἀποθνήσκει·ι

560 4390 858 4452 seratione,
890 4387 1103 4441 duobus
1134 4386 1218 4440 vel
1260 4386 1437 4438 tribus
1466 4384 1697 4438 testibus
1726 4382 1957 4436 moritur
1984 4381 2031 4412 ’°
2058 4398 2072 4436 :
2111 4399 2115 4432 :

2238 4389 2439 4443 δικαιοῖ
2476 4406 2541 4457 γε
2587 4389 2695 4459 μὴν
2723 4390 2781 4442 ὲν
2810 4387 2994 4441 πίστει
3019 4386 3273 4459 Χριστὸς,
3305 4387 3403 4440 καὶ
3432 4386 3539 4439 τῶν
3567 4381 3765 4453 ἀρχαίων

558 4480 809 4533 Christus
873 4492 970 4547 per
1035 4478 1195 4532 fidem
1254 4476 1531 4545 justiticat,
1593 4488 1794 4543 eosque
1851 4474 1939 4542 qui
1998 4472 2111 4542 laps

2244 4480 2585 4554 αἰτιαμάτων
2617 4482 2803 4551 ἀνίησι
2832 4480 2960 4543 τοὺς
2991 4479 3383 4551 ἠσθενηκότας.
3412 4478 3603 4547 Γέγονε
3629 4474 3767 4527 τοίνυν

560 4581 705 4638 sunt,
736 4586 764 4623 a
802 4570 1078 4625 veteribus
1106 4569 1282 4639 culpis
1310 4566 1565 4623 absolvit.
1600 4565 1801 4620 Factus
1827 4574 1911 4620 est
1954 4566 2115 4633 itaqu:

2245 4575 2493 4646 ἐλεήμων
2531 4574 2850 4645 ἀρχιερεὺς,
2878 4570 3061 4626 οὐκέτι
3106 4571 3203 4636 τὰς
3248 4570 3483 4643 νομικὰς
3514 4564 3767 4637 άποτομίας

568 4663 881 4715 misericors
905 4662 1173 4732 pontifex,
1202 4670 1389 4728 utpote
1425 4658 1652 4727 legalem
1686 4658 1833 4713 illam
1864 4658 2115 4713 sevcrita

2247 4670 2472 4741 κρατεῖν
2500 4667 2832 4739 ἐπιτρέπων.

564 4765 668 4806 tem
691 4754 894 4809 diutius
912 4753 1093 4807 valere
1115 4768 1223 4808 non
1248 4752 1453 4805 sitiens.

636 4844 725 4899 XI.
769 4844 970 4899 Fidelis
1020 4858 1151 4897 vero
1201 4842 1477 4911 pontifex;
1537 4842 1793 4912 quoniam
1852 4852 2145 4911 perpetuus

565 4953 627 4991 ac
662 4944 941 4997 constans,
976 4932 1439 5001 dignissimusque
1496 4933 1655 5002 cujus
1700 4931 1984 5002 promissis
2015 4932 2146 4985 tidcs

568 5027 849 5081 habeatur.
915 5024 989 5077 De
1019 5022 1285 5091 legalibus
1337 5033 1517 5076 autem
1562 5023 1937 5078 sacerdotibus
1989 5023 2147 5088 longe

568 5114 1034 5184 aliter,Apostolo
1088 5124 1251 5179 teste,
1312 5130 1399 5169 rcs
1433 5115 1617 5169 habet.
1661 5134 1679 5167 ι
1726 5114 1794 5169 Et
1821 5115 1910 5169 alii
1947 5115 2144 5186 (inquit

571 5210 635 5279 is)
668 5209 856 5278 plures
896 5207 1022 5262 lacti
1057 5217 1185 5262 sunt
1213 5208 1550 5272 sacerdotes,
1581 5207 1783 5261 idcirco
1822 5209 1964 5276 quod
2000 5223 2143 5261 mor-

570 5312 621 5356 te
658 5299 1076 5368 prohiberentur
1137 5314 1497 5369 permanere:
1553 5300 1639 5355 hic
1688 5310 1864 5354 autem
1905 5315 1971 5354 eo
2002 5301 2143 5369 quod

572 5401 786 5443 maneat
827 5389 1182 5455 inmternum,
1218 5391 1609 5459 sempitcrumn
1669 5390 1831 5443 habet
1884 5392 2141 5444 sacerdo-

572 5485 727 5535 tium.
754 5479 908 5535 Unde
934 5482 1145 5536 salvare
1170 5483 1223 5536 iu
1250 5494 1565 5552 perpetuum
1599 5492 1776 5551 potest
1824 5482 2147 5558 accedentes

573 5589 669 5641 per
697 5574 870 5643 ipsum
898 5575 963 5627 ad
990 5572 1200 5637 Deum;
1259 5590 1476 5644 semper
1528 5575 1718 5628 vivens
1773 5577 1839 5629 ad
1887 5577 2146 5645 interpel-

2222 2641 2446 2713 γένηται
2472 2644 2566 2696 καὶ
2599 2642 2787 2706 πιστὸς
2814 2644 3105 2716 ἀρχιερεὺς
3140 2644 3208 2697 τά
3246 2643 3383 2715 πρὸς
3417 2643 3511 2697 τὸν
3540 2643 3677 2705 Θεὸν,
3698 2643 3758 2703 εἰς

2219 2730 2281 2784 τὺ
2310 2730 2625 2786 ἱλάσκεσθαι
2667 2734 2789 2795 ταῖς
2818 2733 3113 2804 ἁμαρτίαις
3154 2733 3333 2803 ἡμῶν.
3370 2733 3465 2787 Ἑν
3489 2726 3535 2801 ᾧ
3559 2732 3659 2803 γὰρ
3684 2731 3757 2784 πέ-

2221 2822 2419 2878 πονθεν
2454 2822 2617 2886 αὐτὸς
2657 2823 3005 2895 πειρασθείς,
3056 2823 3280 2878 δύναται
3313 2825 3434 2888 τοῖς
3475 2822 3759 2892 πειραζομέε

2312 4849 2414 4901 1Α’.
2454 4847 2651 4911 Πιστὸς
2692 4847 2784 4912 δὲ,
2831 4848 2914 4902 ὅτι
2955 4848 3202 4919 μόνιμος,
3263 4849 3359 4902 καὶ
3402 4844 3669 4917 διηνεκὴς,
3700 4840 3769 4893 καὶ

2243 4939 2539 5010 ἀξιόχρεως
2566 4940 2646 5000 εἰς
2674 4939 2858 4992 πίστιν
2882 4940 2991 4992 τῶν
3017 4938 3461 5010 ἐπηγγελμένων.
3478 4938 3562 4999 Ὦς
3587 4936 3680 5003 γὰρ
3700 4930 3771 4984 αὖ·

2244 5031 2334 5094 τός
2370 5048 2473 5083 που
2510 5030 2673 5084 πάλιν
2710 5030 2875 5101 φησὶν
2916 5032 2944 5084 ὁ
2974 5031 3261 5094 θεσπέσιος
3300 5030 3511 5092 Παῦλος
3542 5022 3767 5097 περὶτῶν

2250 5122 2393 5176 κατά
2438 5123 2636 5193 νόμους
2683 5121 2910 5192 ἱερέων,
2961 5139 2979 5172 ι
3014 5122 3124 5174 Καὶ
3156 5123 3205 5174 οἱ
3244 5120 3343 5191 μὲν
3391 5119 3623 5179 πλείονες
3664 5111 3772 5165 εἰσὶν

2256 5215 2419 5285 ἱερεῖς
2455 5214 2758 5283 γεγονότες,
2795 5214 2883 5267 διὰ
2911 5214 2972 5266 τὸ
3004 5212 3082 5283 τῷ
3124 5212 3341 5283 θανάτῳ
3373 5207 3663 5264 κωλύεσθαι
3690 5220 3771 5254 πα·

2258 5305 2512 5378 ραμένειν
2532 5321 2545 5334 ·
2577 5308 2605 5359 ὁ
2634 5306 2691 5359 δὲ
2723 5305 2811 5359 διὰ
2856 5306 2916 5359 τὸ
2947 5306 3128 5375 μένειν
3156 5306 3318 5360 αὐτὸν
3359 5305 3437 5369 είς
3485 5304 3571 5356 τὸν
3611 5298 3771 5354 αἰῶνα,

2256 5399 2609 5470 ἀπαράϐατον
2648 5399 2761 5469 ἔχει
2811 5399 2911 5469 τὴν
2952 5398 3283 5469 ἱερωσύνην·
3331 5399 3452 5451 ὅθεν
3489 5397 3577 5450 καὶ
3622 5391 3773 5445 cum

2258 5491 2336 5551 εἰς
2360 5489 2421 5541 τὸ
2450 5489 2708 5552 παντελὲς
2738 5488 2959 5541 δύναται
2986 5488 3111 5552 τοὺς
3140 5486 3600 5560 προσερχομένους
3627 5481 3682 5533 δι’
3704 5478 3773 5531 αὖ·

2256 5580 2351 5632 τοῦ
2393 5580 2471 5650 τῷ
2501 5580 2640 5650 Θεῷ,
2674 5580 2904 5634 πάντοτε
2943 5578 3051 5642 ζῶν
3081 5581 3162 5643 εἰς
3204 5580 3266 5633 τὸ
3305 5578 3635 5648 ἐντυγχάνειν
3667 5568 3771 5633 ὑπῖρ

643 5749 689 5780 ⁸⁸
716 5748 736 5804 ι
760 5750 887 5806 Cor.
918 5765 1005 5816 xv,
1029 5750 1119 5803 (ΖΞ.
1200 5752 1242 5782 ⁸⁷
1280 5750 1410 5805 ibid.
1435 5752 1521 5805 ‘2l.
1605 5753 1649 5781 ⁸⁸
1687 5752 1849 5807 llebr.
1884 5767 1945 5815 ll,
1982 5751 2115 5805 lli—lt

2244 5754 2290 5785 "
2321 5752 2550 5824 Philipp.
2587 5772 2647 5819 ιι,
2686 5759 2735 5809 7.

2815 5758 2862 5788 ’°
2897 5758 3058 5812 llehr.
3095 5758 3258 5821 x,28.
