4000 6326
276 365 409 419 1549

1078 366 1167 418 ΑΙ)
1209 364 1506 419 IiliGZNAS
1546 364 1631 418 DE
1672 362 1898 417 IIEC'I'A
1938 360 2093 416 FIDE
2128 359 2384 416 ORATIO
2424 360 2716 416 ALTERA.

3376 362 3513 417 1550

276 486 469 539 αὐτῶν.
500 506 517 537 ι
557 487 743 557 Ἄθρει
785 486 868 551 δὲ,
901 487 1046 549 ὅπως
1098 487 1195 539 οὑκ
1234 488 1313 549 είς
1362 486 1683 556 κατάκρισιν
1734 486 1843 539 τῶν

1948 486 2166 540 landum
2204 501 2301 554 pro
2330 486 2409 540 eis
2442 468 2513 539 ⁹¹.’
2539 503 2558 535 ι
2605 483 2847 538 Observa
2878 484 2985 547 hic,
3012 484 3282 551 quomodo
3309 500 3414 541 nou
3435 488 3503 539 ad

276 576 669 646 ἡμαρτηκότων
716 577 936 645 γέγονεν
982 579 1289 648 ἀρχιερεὺς,
1319 581 1398 642 εἰς
1424 579 1485 631 τὸ
1527 578 1841 632 ἱλάσκεσθαι

273 668 327 718 δὲ
355 667 557 736 μᾶλλον
593 670 709 732 ταῖς
752 670 1048 740 ἁμαρτίαις
1078 670 1275 723 αὐτῶν.
1315 671 1373 724 'O
1404 671 1461 723 δέ
1497 688 1560 739 γε
1593 670 1685 724 τοῦ
1718 688 1839 723 πει-

277 757 489 826 ρασμοῦ
518 759 612 811 καὶ
644 759 743 829 τῆς
773 760 963 824 θυσίας
1001 762 1182 823 ὁποῖος
1220 761 1286 814 ἂν
1315 762 1402 830 εἴη
1430 762 1657 833 τρόπος;
1695 780 1715 814 ι
1756 763 1842 814 Ἐν

274 842 339 915 ᾧ,
385 849 549 917 φησὶ,
595 850 861 904 πέπονθεν
893 850 1054 914 αὐτὸς
1098 852 1439 923 πειρασθεὶς,
1472 852 1691 907 δύναται
1730 854 1843 916 τοῖς

278 939 693 1010 πειραζομένοις
759 942 852 994 καὶ
898 941 1228 1013 βοηθῆσαι.»
1278 945 1677 1017 Διεκαρτέρησε
1733 944 1842 1016 γὰρ

276 1030 691 1102 πειραζόμενος,
722 1035 816 1086 καὶ
850 1034 1108 1104 ὑπέμεινε
1137 1036 1387 1106 σταυρόν.
1421 1036 1567 1106 Πλὴν
1596 1034 1789 1090 ἑαυτὸν
1814 1036 1843 1088 ὁ

277 1122 403 1186 Υίὸς
442 1123 517 1187 ὡς
547 1122 778 1194 ἄμωμον
811 1126 1004 1194 ἱερεῖον
1033 1127 1439 1198 προσκεκόμικε
1476 1127 1554 1196 τῷ
1586 1126 1705 1198 Θεῷ
1750 1127 1843 1180 καὶ

277 1216 472 1285 Πατρὶ,
517 1215 603 1268 ἵνα
627 1215 715 1268 διὰ
747 1215 847 1285 τῆς
877 1217 1071 1271 ἑαυτοῦ
1103 1218 1305 1289 σαρκὸς
1335 1218 1576 1290 βοηθήσῃ
1605 1222 1718 1283 τοῖς
1744 1219 1842 1273 κά-

277 1322 469 1375 μνουσι
507 1306 600 1358 καὶ
634 1308 1071 1378 πειραζομένοις.
1108 1329 1126 1362 ι
1154 1313 1272 1383 Μιᾷ
1299 1312 1406 1383 γάρ
1432 1312 1719 1381 προσφορᾷ
1757 1328 1844 1364 τε-

274 1397 557 1451 τελείωκεν
599 1399 680 1461 είς
718 1399 778 1452 τὺ
809 1401 1054 1471 διηνεκὲς
1080 1404 1207 1467 τοὺς
1240 1404 1656 1474 ἁγιαζομένους.
1682 1423 1700 1453 ι
1733 1404 1843 1457 Αύ-

273 1488 362 1545 τδς
387 1484 481 1542 οὖν
504 1489 612 1561 ἄρα
640 1490 859 1557 γέγονεν
886 1493 1172 1564 ἀρχιερεὺς
1201 1495 1341 1548 κατὰ
1368 1496 1429 1548 τὸ
1481 1494 1841 1565 ἀνθρώπινον,

273 1579 447 1633 καίτοι
485 1581 639 1652 παρὰ
698 1582 916 1636 πάντων
952 1584 1053 1648 τὰς
1086 1584 1278 1650 θυσίας
1312 1586 1596 1657 δεχόμενος
1623 1586 1836 1649 θεῖκῶς.

270 1671 442 1735 Αὐτὸς
468 1672 529 1725 τὸ
566 1673 710 1742 θῦμα
739 1672 881 1726 κατὰ
904 1674 1003 1745 τὴν
1033 1677 1231 1747 σάρκα.
1259 1678 1429 1741 Αὐτὸς
1458 1678 1487 1730 ὁ
1520 1679 1639 1741 ταῖς
1664 1678 1844 1747 ἀμαρ-

271 1765 412 1826 τίαις
450 1763 610 1834 ἡμῶν
654 1764 1005 1834 ἱλασκόμενος
1034 1768 1177 1821 κατά
1204 1785 1269 1837 γε
1300 1770 1402 1841 τὴν
1458 1768 1710 1840 θεότητος
1746 1768 1840 1822 δύο

272 1873 435 1925 ναμιν
461 1866 507 1909 P.
541 1850 635 1918 Εἷς
664 1850 757 1908 οὖν
796 1855 904 1926 ἄρα
939 1856 1143 1930 Κύριος
1180 1859 1383 1930 Ἰησοῦς
1409 1861 1663 1932 Χριστός.

1944 593 2129 633 eorum
2159 578 2248 646 qui
2275 578 2509 645 peccatis
2540 591 2598 630 se
2655 576 3059 629 ohstrinxeraut
3112 576 3512 630 condemnatio-

1947 684 2068 722 nem
2096 668 2335 737 pontifex
2381 669 2554 721 factus
2586 669 2679 733 sit,
2711 670 2805 724 sed
2868 667 3045 736 potius
3082 669 3148 721 ad
3190 668 3508 721 delictorum

1945 762 2257 814 eorumdem
2310 761 2681 829 purgationem
2735 775 2799 813 ac
2844 759 3297 828 propitiationem.
3354 759 3513 830 136

1944 851 2055 906 Sed
2088 850 2291 921 qualis,
2317 866 2520 920 quaeso,
2575 865 2697 905 cum
2731 852 3067 915 tentationis,
3105 860 3217 904 tum
3248 852 3506 907 sacriﬁcii

1942 958 2158 1014 quoque
2193 943 2338 999 illius
2381 944 2569 998 modus
2620 944 2877 997 exstitit?
2933 945 3023 996 Ait
3060 960 3327 1013 namque:
3380 965 3400 998 ι
3454 944 3509 998 Id

1943 1050 2050 1105 quo
2075 1050 2265 1103 passus
2282 1046 2362 1089 est
2383 1037 2495 1103 ipse
2519 1046 2568 1089 et
2602 1046 2859 1098 tentatus.
2895 1046 3084 1105 potens
3108 1046 3193 1092 est
3222 1049 3277 1094 et
3295 1039 3377 1093 eis
3415 1040 3510 1109 qui

1945 1137 2240 1189 tentantur,
2267 1114 2529 1181 (auxiliari
2560 1129 2629 1180 θ’.
2672 1146 2691 1178 ι
2746 1128 2891 1182 Sane
2949 1138 3188 1183 tentatus
3241 1129 3501 1199 perstitit,

1944 1226 1997 1271 et
2030 1216 2208 1272 crucis
2242 1216 2564 1285 supplicium
2611 1217 2881 1285 patienter
2924 1218 3203 1273 sustinuit.
3238 1219 3508 1275 Cancrum

1944 1305 2112 1361 Filius
2146 1306 2254 1360 Deo
2285 1317 2341 1359 et
2374 1306 2519 1360 Patri
2564 1307 2898 1376 impollutum
2947 1309 3277 1365 sacriﬁcium
3313 1319 3512 1368 semet-

1925 1398 2119 1483 ipsum
2171 1398 2402 1463 obtulit;
2450 1412 2641 1468 nempe
2685 1414 2793 1468 quo
2842 1414 2939 1470 per
2968 1402 3240 1471 propriam
3290 1418 3510 1460 carnem

1944 1503 2100 1558 Opem
2139 1489 2245 1544 illis
2277 1489 2421 1543 ferre
2451 1498 2655 1557 posset,
2686 1491 2777 1559 qui
2808 1505 2928 1546 cum
2959 1492 3220 1548 molestiis
3247 1504 3300 1548 et
3329 1502 3508 1550 tenta-

1947 1581 2183 1635 tionibus
2207 1580 2606 1635 conﬂictantur.
2646 1598 2664 1631 ι
2719 1580 2835 1636 Una
2878 1582 3021 1637 enim
3059 1584 3329 1642 oblatione
3374 1602 3509 1643 can-

1945 1673 2237 1727 summavit
2288 1673 2341 1725 in
2374 1672 2762 1741 sempiternum
2807 1674 3259 1732 sanctificatos”.
3300 1697 3321 1731 ι
3385 1678 3506 1749 Ipse

1944 1764 2170 1834 proinde
2220 1764 2518 1818 secundum
2584 1764 2876 1819 humanam
2927 1777 3173 1824 naturam
3228 1770 3399 1827 factus
3426 1781 3513 1829 est

1944 1856 2206 1928 pontifex,
2242 1872 2572 1927 quanquam,
2628 1868 2687 1913 ut
2726 1861 2868 1915 Deus
2898 1870 3009 1924 est,
3039 1863 3106 1915 ab
3141 1863 3393 1920 omnibus
3432 1865 3510 1919 illi

273 1950 771 2020 sacrificetur.lpse
833 1962 937 2019 est,
990 1956 1081 2023 qui
1141 1959 1436 2012 secundum
1468 1971 1687 2012 carnem
1739 1954 1913 2011 factus
1950 1963 2034 2009 est
2062 1953 2305 2009 victima.
2338 1954 2456 2023 Ipse
2497 1955 2635 2010 idem
2688 1970 2904 2011 rursum
2930 1967 3036 2024 cst,
3064 1958 3155 2027 qui
3215 1962 3509 2016 secundum

272 2044 570 2099 divinitatis
608 2045 1010 2115 auctoritatem,
1041 2052 1282 2120 peccatis
1315 2052 1515 2107 nostris
1556 2052 1820 2123 propitius
1857 2066 1919 2106 ac
1942 2049 2185 2106 clemens
2212 2058 2316 2106 est.
2347 2050 2498 2106 Unus
2531 2060 2613 2104 est
2669 2064 2798 2121 ergo
2857 2050 3118 2108 Dominus
3173 2052 3329 2110 Jesus
3352 2056 3514 2111 Chri-

272 2150 409 2192 stus.

344 2233 442 2288 IB'.
492 2253 512 2287 ι
553 2235 743 2307 Ὑμεῖς
800 2239 1156 2309 προσκυνεῖτε
1204 2236 1264 2290 ὃν
1292 2237 1392 2290 οὑκ
1435 2236 1649 2289 οἴδατεο
1677 2238 1841 2307 ἡμεῖς

272 2326 683 2398 προσκυνοῦμεν
726 2328 785 2384 ὃν
823 2330 1087 2401 οἴδιιιμεν⁸
1138 2330 1220 2382 ὅτι
1269 2329 1302 2399 ἡ
1343 2329 1587 2399 σωτηρία
1632 2330 1697 2382 ὲκ
1733 2328 1841 2382 τῶν

286 2417 553 2472 Ἰουδαίων
582 2421 752 2473 ἐστί.»
782 2422 920 2491 Φαίη
944 2438 1028 2483 τις
1054 2419 1121 2474 ἂν
1150 2420 1303 2484 ἴσως,
1330 2420 1673 2490 ἀνάρμοστον
1701 2414 1839 2473 εἶναι

190 2572 199 2581 ⁸
271 2509 339 2579 τῇ
373 2508 492 2580 θείᾳ
522 2510 614 2563 καὶ
645 2511 906 2565 ἀνωτάτω
932 2511 1026 2564 τοῦ
1066 2511 1241 2579 Λόγου
1286 2509 1447 2579 φύσει
1488 2509 1549 2563 τὸ
1593 2526 1838 2580 προσκυ-

272 2603 402 2654 νεῖν.
431 2596 565 2655 Είτα
604 2602 742 2665 πῶς,
771 2603 929 2672 είπερ
954 2603 1073 2655 ἐστὶ
1100 2602 1232 2665 Θεὸς
1272 2601 1487 2672 ἀληθῶς
1523 2604 1551 2654 ὁ
1583 2602 1839 2672 Χριστὸς,

271 2691 463 2746 ἐαυτὸν
489 2695 603 2755 τοῖς
651 2693 927 2762 ὀφείλουσι
973 2696 1301 2765 προσκυνεῖν
1339 2694 1534 2765 ὁρᾶται
1582 2712 1840 2749 συντετα-

272 2782 418 2852 χὼς;
454 2783 519 2836 Τί
567 2781 660 2837 οὖν
691 2784 799 2855 ἄρα
828 2784 964 2856 πρὸς
993 2784 1151 2838 τοῦτό
1178 2802 1356 2853 φαμεν
1382 2803 1396 2851 ;
1425 2785 1490 2839 Ei
1531 2784 1630 2855 μὲν
1658 2788 1839 2857 γυμνῇ

271 2877 338 2945 τῇ
379 2874 592 2944 θεότητι
644 2875 736 2929 τὸν
782 2877 847 2929 ὲκ
901 2874 1037 2929 Θεοῦ
1084 2875 1297 2947 Πατρὸς
1347 2876 1625 2946 πεφηνότα
1669 2877 1841 2943 Λόγον

272 2965 497 3035 ἀφῖχθαι
531 2965 859 3037 πιστεύομεν
905 2968 987 3030 εἰς
1030 2966 1181 3019 τόνδε
1209 2965 1299 3019 τὸν
1338 2966 1561 3037 κόσμον,
1592 2968 1840 3039 ἀνάρμο-

274 3074 395 3109 στον
431 3057 623 3128 κομιδῇ
663 3058 724 3111 τὸ
753 3058 939 3129 χρῆμα
976 3056 1150 3127 αὐτῷ’
1182 3060 1566 3130 προσκυνεῖται
1602 3058 1660 3111 δὲ
1701 3058 1839 3129 μᾶλ-

2019 2235 2115 2290 XII
2148 2255 2166 2288 ‹
2209 2237 2315 2291 Vos
2350 2236 2591 2291 adoratis
2617 2250 2775 2307 quem
2813 2238 3067 2306 nescitis;
3092 2256 3194 2296 nos
3223 2243 3513 2300 adoramus

1946 2344 2105 2400 quem
2138 2331 2367 2395 scimus;
2403 2330 2525 2398 quia
2569 2330 2715 2385 salus
2746 2345 2811 2385 ex
2839 2330 3036 2388 Judaais
3064 2345 3146 2389 est
3173 2336 3240 2389 ".
3274 2357 3293 2388 ι
3345 2338 3508 2408 Obje-

1946 2420 2082 2475 cerit
2118 2421 2366 2474 fortassis
2416 2422 2503 2475 hic
2558 2421 2846 2491 quispiam,
2896 2422 3123 2479 alterum
3165 2429 3392 2485 adorare
3453 2432 3508 2486 in

1943 2527 2247 2580 supremam
2308 2513 2451 2566 illam
2481 2513 2826 2581 divinamque
2879 2515 3036 2569 Verbi
3071 2526 3314 2572 naturam
3346 2522 3508 2577 mini-

1944 2617 2031 2657 me
2081 2605 2391 2658 convenire.
2427 2604 2483 2657 Si
2535 2619 2664 2672 ergo
2718 2604 2968 2661 Christus
3011 2623 3173 2664 verus
3218 2609 3357 2665 Deus
3405 2625 3508 2680 est,

1942 2699 2214 2767 quomodo
2261 2698 2402 2751 inler
2447 2713 2539 2751 eos
2587 2713 2706 2753 sese
2736 2711 3114 2766 connumerat,
3152 2702 3242 2770 qui
3280 2705 3509 2760 adorare

1945 2790 2175 2844 debent?
2204 2789 2369 2855 Quid,
2391 2805 2593 2859 qttznso,
2629 2793 2694 2844 ad
2727 2791 2867 2845 istud
2903 2794 3381 2861 respoadebiums?
3447 2795 3509 2854 Si

1941 2880 2088 2933 enim
2126 2881 2217 2934 Dei
2243 2880 2420 2935 Patris
2454 2880 2686 2934 Verbum
2712 2897 2833 2935 cum
2870 2883 3009 2935 nuda
3052 2884 3273 2953 solaque
3306 2887 3503 2940 divini—

1942 2978 2054 3025 tate
2086 2970 2139 3024 in
2174 2971 2431 3024 mundum
2475 2963 2799 3039 apparuisse
2828 2972 3123 3039 credimus,
3170 2974 3317 3027 nullo
3348 2979 3507 3031 modo

1943 3064 2171 3119 alterum
2206 3064 2434 3118 adorare
2481 3064 2555 3117 illi
2597 3065 2907 3119 conveniet.
2942 3064 3122 3134 Ipsum
3155 3082 3384 3135 namque
3412 3071 3508 3123 ad-

273 3147 383 3210 λον,
409 3149 553 3219 ᾗπερ
579 3149 738 3213 αὐτὸς
766 3151 937 3222 ἑτέρῳ
976 3152 1284 3222 προσκυνεῖ.
1313 3151 1375 3204 El
1398 3150 1456 3203 δὲ
1486 3150 1699 3222 μορφὴν
1722 3150 1841 3204 δού-

1942 3161 2132 3203 oratur
2181 3151 2383 3215 verius,
2452 3166 2613 3221 quam
2652 3152 2816 3206 alium
2874 3168 3249 3224 quemcunque
3297 3159 3506 3213 adorat.

273 3240 366 3292 λου
399 3239 597 3307 λαϐὼν,
630 3243 723 3295 καὶ
766 3240 867 3311 τῆς
895 3241 1306 3312 προσκυνούσης
1338 3240 1752 3312 ἀνθρωπότητος
1776 3242 1839 3294 τὸ

277 3335 473 3404 μέτρον
504 3335 604 3387 οὑκ
638 3334 931 3404 ἀτιμάσας,
959 3335 1361 3407 κεχρημάτικεν
1390 3334 1503 3397 υίὸς
1527 3333 1835 3403 ἀνθρώπου·

274 3426 309 3494 ἡ
341 3424 709 3495 προσκύνησις
746 3424 897 3478 ἔσται
927 3425 1028 3494 τῆς
1059 3425 1397 3495 οἰκονομίας,
1428 3425 1521 3477 καὶ
1558 3424 1841 3495 πρέπουσα

277 3516 477 3585 μᾶλλον
514 3518 627 3579 τοῖς
657 3518 757 3585 τῆς
794 3515 1076 3578 κενώσεως
1120 3515 1360 3587 μέτροις,
1385 3517 1484 3569 οὑκ
1521 3516 1655 3586 αὐτῇ
1700 3516 1842 3569 κατὰ

276 3609 445 3678 μόνας
479 3609 546 3679 τῇ
589 3607 747 3676 φύσει
776 3606 870 3660 τοῦ
899 3608 1093 3676 Λόγου.
1136 3608 1287 3661 Ἐπεὶ
1325 3607 1443 3672 πῶς
1476 3610 1539 3662 ἐκ
1565 3605 1673 3660 τῶν
1705 3609 1839 3660 Ἰου-

272 3700 434 3752 δαίων
476 3700 625 3753 ἐστὶν
669 3700 705 3770 ἡ
742 3699 1011 3771 σωτηρία;
1041 3700 1114 3753 Οὑ
1158 3700 1268 3771 γάρ
1309 3717 1412 3752 που
1445 3699 1579 3770 φαίη
1617 3716 1702 3763 τις
1747 3697 1838 3762 ἂν,

274 3789 409 3844 καθὸ
438 3791 636 3844 νοεῖται
676 3789 771 3842 καὶ
813 3789 928 3842 ἐστι
956 3788 1148 3856 Λόγος,
1183 3787 1244 3852 ἐξ
1275 3788 1543 3841 Ἰουδαίων
1578 3788 1840 3859 ὑπάρχειν

274 3883 434 3936 αὐτόν
454 3899 468 3912 ·
504 3882 640 3937 ἀλλὰ
679 3881 920 3953 καθόπερ
950 3881 1067 3934 ἐστὶ
1098 3884 1211 3945 τοῖς
1243 3883 1300 3936 ὲν
1334 3882 1499 3951 σαρκὶ
1528 3881 1621 3934 καὶ
1648 3881 1841 3951 αἵματι

274 3976 509 4041 γεγονὼς
546 3972 791 4041 ἀδελφὸς,
818 3971 907 4024 διά
941 3988 1024 4023 τοι
1054 3970 1114 4024 τὸ
1142 3968 1493 4023 ἐπιλαϐέσθαι
1533 3969 1840 4040 σπέρματος

288 4065 557 4135 Ἀϐραάμ.
586 4059 681 4127 Εἷς
709 4061 807 4121 οὖν
835 4064 944 4134 ἄρα
976 4062 1229 4133 Χριστὸς,
1263 4061 1369 4115 κᾶν
1403 4062 1725 4131 προσκυνεῖν
1753 4059 1839 4111 λέ-

275 4173 435 4226 γηται
460 4157 548 4210 διὰ
577 4166 605 4207 τι
634 4156 694 4210 τὸ
717 4155 1080 4226 ἀνθρώπινον,
1122 4153 1300 4207 καίτοι
1329 4153 1480 4224 παρὰ
1518 4151 1701 4222 πάσης
1739 4150 1841 4221 τῆς

274 4250 501 4313 κτίσεως
537 4246 1006 4319 προσκυνούμενος
1031 4246 1106 4309 ὡς
1130 4244 1280 4309 Θεός.

346 4428 444 4482 II".
468 4446 485 4479 ι
509 4426 629 4479 Ἔτι
645 4425 837 4497 μικρὸν
854 4424 1041 4497 χρόνον
1061 4424 1180 4495 μεθ’
1201 4422 1353 4493 ὑμῶν
1370 4422 1505 4491 εἰμι,
1527 4419 1622 4474 καὶ
1642 4418 1839 4489 ὑπάγω

1941 3240 2091 3307 Quod
2158 3241 2203 3295 si
2273 3240 2460 3297 formae
2499 3257 2657 3312 quam
2716 3252 3052 3314 susceperat,
3117 3245 3503 3316 humilitatem,

1940 3332 2322 3399 adurantisque
2352 3342 2557 3387 natura:
2612 3332 2949 3389 conditiones
3004 3350 3110 3389 non
3160 3350 3494 3404 aversatum,

1942 3420 2177 3475 hominis
2198 3422 2338 3476 filius
2364 3421 2613 3476 effectum
2663 3432 2766 3489 est,
2800 3422 2909 3493 iam
2937 3440 3067 3479 sane
3113 3428 3357 3481 adoratio
3402 3431 3512 3483 dis-

1939 3515 2273 3591 pensationis
2301 3514 2499 3579 ordini,
2533 3515 3024 3583 exinanitionisque
3052 3518 3350 3572 conditioni
3372 3534 3506 3574 cau-

1939 3617 2130 3677 gruct;
2171 3607 2324 3660 Verbi
2354 3617 2533 3661 autem
2565 3617 2770 3661 naturae
2793 3621 3037 3661 seorsum
3083 3623 3179 3676 per
3217 3624 3278 3663 se
3324 3612 3506 3665 consi-

1940 3699 2162 3763 deratzc,
2206 3713 2567 3767 nequaquam.
2602 3697 2734 3753 Nam
2767 3700 2871 3754 nisi
2900 3701 3002 3754 hoc
3051 3709 3342 3763 statuatur,
3370 3717 3508 3771 quo-

1941 3790 2100 3841 modo
2127 3789 2272 3843 salus
2298 3803 2364 3843 ex
2392 3786 2592 3843 Judaais
2633 3805 2756 3845 esse
2784 3790 3006 3857 intelligi
3065 3792 3276 3858 potest?
3307 3790 3495 3861 Neque

1939 3879 2080 3931 enim
2108 3879 2288 3934 dicere
2308 3879 2391 3933 fas
2420 3890 2523 3942 est,
2556 3880 2790 3934 Verbum
2823 3881 3121 3935 secundum
3149 3881 3289 3948 quod
3319 3897 3415 3951 per
3437 3898 3504 3937 se

1939 3963 2337 4027 consideratur,
2357 3979 2422 4018 ex
2451 3962 2651 4019 Jndmis
2694 3978 2862 4019 esse:
2918 3975 3003 4019 est
3054 3975 3232 4019 autem
3273 3982 3338 4021 ex
3376 3966 3503 4033 illis,

1938 4066 2205 4123 quatenus
2239 4071 2425 4110 eorum
2484 4056 2574 4126 qui
2611 4071 2775 4111 carne
2824 4066 2878 4110 et
2919 4057 3182 4126 sanguine
3226 4067 3500 4125 constant,

1943 4148 2112 4202 frater
2134 4147 2385 4202 ell‘ectum
2414 4156 2517 4209 est,
2544 4147 2883 4217 Abrahchue
2915 4149 3108 4203 semini
3135 4150 3505 4219 coniunctum.

1940 4239 2095 4294 Unus
2130 4239 2310 4307 itaque
2332 4249 2414 4293 est
2440 4238 2711 4301 Christus,
2741 4240 2833 4307 qui
2861 4239 3076 4307 quidem
3107 4248 3166 4293 ut
3213 4241 3372 4294 homo
3413 4242 3507 4294 ad-

1939 4339 2093 4394 orat;
2120 4337 2375 4383 utautem
2397 4328 2557 4393 Deus,
2584 4328 2652 4382 ab
2673 4328 2920 4382 universa
2947 4338 3195 4382 creatura
3226 4331 3504 4383 aduratur.

2010 4418 2146 4473 XIII.
2194 4437 2213 4470 ι
2252 4419 2445 4474 Adhuc
2466 4418 2737 4474 modicum
2779 4431 2989 4486 tempus
3030 4420 3310 4474 vobiscum
3363 4436 3503 4484 sum,

273 4521 409 4593 πρὸς
443 4520 534 4572 τὸν
564 4517 855 4588 πέμψαντά
900 4534 990 4586 με.
1015 4535 1034 4566 ι
1072 4515 1181 4569 Ποῦ
1212 4515 1321 4585 γὰρ
1347 4514 1448 4566 οὑκ
1495 4512 1645 4564 ἐστιν
1686 4512 1715 4563 ὁ
1744 4510 1837 4562 τοῦ

1941 4522 1995 4568 ει
2029 4512 2165 4566 vado
2192 4513 2257 4566 ad
2288 4526 2410 4566 eum
2443 4512 2534 4580 qui
2565 4512 2709 4565 misit
2739 4512 2913 4566 me".
2947 4530 2965 4562 ι
2998 4512 3054 4565 Si
3088 4512 3388 4566 divinitatis
3412 4528 3508 4565 na-

272 4610 407 4664 Θεοῦ
437 4610 643 4677 Λόγος,
687 4608 736 4660 εἱ
782 4606 983 4675 πληροῖ
1025 4605 1093 4659 τὰ
1134 4605 1311 4658 πάντα
1348 4606 1415 4674 τῇ
1447 4601 1547 4672 τῆς
1589 4600 1839 4669 θεότητος

272 4702 467 4771 otiosi;
498 4700 619 4763 Πῶς
664 4698 757 4753 οὖν
799 4699 1077 4769 πέμπεται
1120 4696 1274 4767 παρὰ
1301 4696 1396 4748 τοῦ
1438 4694 1684 4765 Πατρός;
1720 4692 1840 4755 πῶς

270 4796 327 4847 δὲ
374 4794 467 4848 καὶ
515 4793 715 4861 ὑπάγει
765 4792 901 4862 πρὸς
933 4789 1128 4855 αὐτόν;
1168 4788 1376 4841 Οὐκοῦν
1411 4787 1688 4856 πέμπεται
1738 4785 1838 4855 μὲν

272 4886 628 4959 ἀνθρωπίνως
654 4884 797 4939 κατά
824 4898 887 4952 γε
915 4883 1006 4937 τὸν
1035 4882 1136 4951 τῆς
1157 4878 1459 4948 ἀποστολῆς
1495 4878 1695 4949 τρόπον
1742 4877 1838 4930 καὶ
1865 4880 1867 4883 ’

270 4982 448 5049 λόγον,
479 4980 565 5033 ἵνα
599 4978 811 5048 κηρύξῃ
856 4975 955 5045 μὲν
987 4971 1349 5044 αἰχμαλώτοις
1379 4969 1592 5038 ἄφεσιν.
1619 4969 1837 5039 τυφλοῖς

269 5075 326 5129 δὲ
350 5072 662 5141 ἀνάϐλεψιν.
688 5070 917 5137 Ὑπάγει
944 5085 1005 5136 γε
1035 5067 1140 5137 μὴν
1165 5065 1300 5137 πρὸς
1323 5064 1415 5117 τὸν
1437 5063 1657 5133 Πατέρα
1680 5062 1833 5124 Θεὸν,

270 5167 371 5218 οὑκ
398 5166 478 5217 ἔτι
512 5163 656 5217 κατὰ
679 5160 768 5214 τὸν
796 5160 908 5211 ἴσον
936 5158 1157 5229 τρόπον,
1193 5156 1306 5210 ἀλλ’
1339 5150 1449 5209 οἷον
1474 5156 1532 5207 ὲν
1572 5154 1781 5224 σώματι
1808 5163 1829 5190 τ

271 5260 635 5329 ἁναφοιτήσας
669 5256 749 5320 εἰς
773 5253 1022 5327 οὐρανὸν,
1051 5250 1139 5304 ῖνα
1166 5249 1308 5320 ὑπὲρ
1335 5248 1491 5319 ἡμῶν
1517 5245 1709 5300 ἑαυτὸν
1736 5246 1832 5315 ἐμ-

343 5413 386 5444 ⁹¹
421 5409 582 5466 lIebr.
626 5425 698 5473 vr,
727 5408 921 5463 25-25.
999 5406 1043 5437 "
1074 5405 1236 5459 Hebr.
1274 5419 1332 5470 ιι,
1368 5403 1456 5457 I8.
1533 5401 1578 5433 ’³
1609 5399 1772 5453 IIebr.
1802 5415 1856 5465 χ,

1941 5411 1971 5452 ι.
2064 5400 2109 5429 9‘
2135 5396 2292 5453 Jnan.
2330 5412 2405 5463 IV,
2435 5398 2526 5453 '22.
2601 5400 2645 5430 ³⁸
2679 5398 2833 5454 Joan.
2866 5412 2963 5462 vn,
2986 5397 3075 5452 55.

271 5481 495 5548 i;Luc.
540 5495 614 5545 ιν,
652 5481 737 5536 I9.

1941 4614 2058 4658 tura
2091 4604 2273 4658 omnia
2307 4602 2516 4674 implet,
2556 4602 2670 4668 ubi,
2718 4617 2928 4673 quaeso,
2964 4602 3058 4656 Dei
3114 4600 3349 4656 Verbum
3401 4618 3505 4657 non

1941 4695 2200 4750 exsistit?
2227 4695 2342 4762 Qua
2394 4694 2558 4764 igitur
2610 4694 2820 4748 ratione
2848 4695 3086 4748 mittitur
3109 4710 3136 4746 a
3175 4693 3374 4748 Patre?
3398 4694 3507 4749 Aut

1939 4802 2047 4856 quo
2072 4802 2283 4841 rursum
2318 4787 2481 4841 modo
2504 4785 2570 4840 ad
2594 4800 2715 4840 eum
2736 4785 3068 4839 revertitur?
3113 4784 3344 4839 Mittitur
3394 4787 3501 4839 ita-

1941 4892 2047 4947 que
2077 4876 2371 4931 secundum
2401 4875 2692 4930 humanam
2719 4885 2991 4937 naturam,
3024 4876 3318 4944 praedicare
3336 4877 3506 4946 capti-

1945 4969 2024 5022 vis
2052 4968 2449 5032 remissionem,
2475 4967 2631 5037 137
2664 4975 2721 5020 et
2764 4967 2923 5021 caecis
2976 4967 3369 5023 restitutionem
3422 4968 3505 5021 vi-

1940 5073 2034 5114 sus
2064 5059 2110 5090 ⁹³
2141 5077 2156 5113 :
2187 5058 2289 5113 hoc
2311 5060 2454 5112 enim
2512 5058 2792 5113 missionis
2848 5057 2994 5112 illius
3056 5058 3193 5111 ratio
3218 5069 3273 5110 et
3318 5059 3508 5112 modus

1941 5150 2211 5221 exigebat.
2246 5148 2351 5203 Sed
2384 5158 2440 5203 et
2468 5150 2610 5204 idem
2649 5163 2864 5217 quoque
2893 5148 3040 5201 vadit
3095 5148 3160 5201 ad
3208 5149 3372 5201 Deum
3401 5148 3503 5201 Pa-

1941 5254 2114 5298 trem:
2148 5257 2335 5296 vernm
2367 5255 2475 5295 non
2497 5241 2611 5311 pari
2641 5240 2862 5295 omnino
2907 5240 3085 5294 modo.
3141 5238 3303 5293 Vadit
3359 5241 3504 5294 enim

3185 5396 3230 5428 "
3257 5395 3361 5453 lsa.
3393 5412 3507 5464 ut,

1364 5625 1532 5680 Varia!
1564 5624 1819 5682 lectiones
1846 5624 2049 5679 codicis
2078 5623 2437 5693 Seguicriani.

344 5784 371 5824 ι³
401 5771 665 5838 ἐξουσίαν.
742 5780 769 5819 ιι
800 5769 959 5822 κατά.
1042 5776 1062 5804 τ
1094 5768 1156 5818 ἐκ
1185 5764 1452 5835 σώματος.
