4000 6326
462 323 594 379 1531

465 449 650 509 utpote
677 438 729 490 in
762 446 992 504 corpore
1018 430 1086 484 ad
1145 428 1344 484 coelum
1401 426 1641 485 rediens,
1673 431 1733 475 ut
1783 419 2040 474 nimirum
2071 450 2116 505 Α

466 545 692 603 paterno
713 528 881 582 vultui
913 540 1010 596 pro
1032 523 1210 584 nobis,
1256 521 1400 574 sicut
1451 517 1711 583 scriptum
1741 523 1826 568 est
1845 512 1912 576 ³⁷,
1947 525 2044 578 ap-

477 633 684 694 pareat.
723 621 876 688 Quod
897 616 1091 686 siquis
1132 611 1401 667 missionis
1433 606 1756 663 vocabulum
1818 606 1884 658 de
1926 604 2042 669 ipso

467 731 682 786 quoque
715 713 887 767 Verbo
922 712 1124 766 dictum
1155 706 1408 774 accipiat,
1444 703 1717 757 neminem
1753 696 1806 752 id
1839 696 2039 750 turbet:

471 811 737 879 siquidem
793 804 1089 870 Scripturae
1135 798 1392 853 divinitus
1459 793 1735 864 inspirata;
1791 804 1908 843 mos
1963 797 2047 842 est

477 898 782 956 istiusmodi
819 894 1185 948 locationibus
1217 902 1603 955 nonnunquam
1639 885 1714 938 uti
1737 900 1750 950 ;
1771 899 1874 938 non
1903 881 2046 951 quod

473 992 709 1045 divinam
748 986 896 1040 illam
943 982 1333 1049 cmlestemque
1385 987 1635 1031 naturam
1664 976 1782 1029 loco
1813 973 2048 1028 circum-

475 1083 720 1136 scribere
750 1088 844 1132 aut
876 1075 1108 1130 delinire
1130 1073 1260 1128 velit
1294 1070 1466 1142 (novit
1496 1069 1638 1123 enim
1672 1058 1816 1121 illam
1849 1080 2042 1134 corpo-

478 1175 553 1227 ris
580 1181 879 1238 expertem,
915 1167 1170 1235 omnique
1209 1163 1441 1218 termino
1472 1171 1526 1216 et
1559 1160 1678 1214 loco
1707 1158 2043 1228 superiorem

478 1264 645 1332 esse),
675 1262 769 1316 sed
805 1260 948 1329 quod
977 1255 1244 1324 ejusmodi
1287 1252 1541 1308 humanis
1582 1251 1810 1305 vocibus
1864 1265 1926 1304 ea
1957 1264 2053 1302 no-

1435 304 1492 356 S.
1532 299 1806 357 CYRILLI
1848 291 2323 352 ALEXANDRI-Nl
2362 288 2679 346 ARCIIIEP.

2145 412 2347 482 φανίσῃ
2388 410 2466 482 τῷ
2504 411 2778 481 προσώπῳ
2814 406 2908 461 τοῦ
2940 405 3172 477 Πατρδς,
3203 401 3344 456 καθὰ
3382 400 3731 470 γέγραπται.

3579 276 3734 332 1552

2149 509 2212 560 Εἰ
2249 507 2305 559 δὲ
2347 506 2412 576 δὴ
2452 506 2547 557 καὶ
2587 505 2672 556 ἐπ’
2702 501 2865 555 αὑτοῦ
2895 501 2989 552 τοῦ
3030 499 3202 567 Λόγου
3241 495 3300 548 τὸ
3344 490 3732 548 ἀπεστάλθαι

2149 599 2497 670 λαμϐάνοιτο,
2523 595 2894 668 χαλεπαινέτω
2926 592 3143 664 μηδείςο
3177 589 3295 651 ἔθος
3339 587 3448 657 γὰρ
3485 586 3556 656 τῇ
3603 581 3736 634 θεο-

2153 690 2399 758 πνεύστῳ
2422 689 2612 758 Γραφῇ
2639 687 2734 740 καὶ¹
2757 689 2874 748 ταῖς
2891 684 3167 746 τοιαύταις
3184 680 3291 734 ἔσθ’
3307 680 3395 732 ὅτε
3421 673 3740 747 κεχρῆσθαι

2155 785 2388 853 φωναῖς,
2423 782 2518 835 καὶ
2555 782 2616 834 οὑ
2662 780 2848 841 τόποις
2887 778 2982 830 καὶ
3024 775 3390 847 περιγραφαῖς
3427 770 3528 839 τὴν
3578 766 3740 818 θείαν

2153 894 2211 930 τε
2241 879 2333 929 καὶ
2365 877 2730 947 ὑπερκόσμιον
2756 873 3046 942 ὑποφέρειν
3067 870 3229 938 φύσιν
3269 862 3400 936 (οἶδε
3425 863 3537 933 γὰρ
3563 857 3742 914 οὖσαν
3770 879 3784 887 -

2153 969 2466 1038 ἀσώματον,
2500 968 2592 1020 καὶ
2640 963 3015 1035 περιορισμῶν
3069 961 3355 1021 ἐπέκεινα,
3406 955 3500 1008 καὶ
3545 951 3643 1006 τοῦ
3680 952 3744 1001 ὲν

2153 1061 2303 1130 τόπῳ
2333 1059 2568 1114 νοεῖσθαι
2603 1059 2872 1130 μακράν)’
2907 1057 3110 1123 φωναῖς
3135 1052 3191 1104 δὲ
3239 1049 3438 1120 μᾶλλον
3472 1047 3596 1108 ταῖς
3639 1043 3746 1094 ἀν-

2155 1151 2453 1223 θρωπίναις
2495 1151 2565 1204 τὰ
2592 1152 2733 1222 ὑπὲρ
2761 1148 2886 1201 νοῦν
2926 1146 3054 1199 ὄντα
3093 1145 3185 1196 τὸν
3215 1145 3271 1195 ἐν
3313 1142 3445 1212 ἡμῖν
3469 1137 3746 1209 πειρᾶται

2150 1243 2507 1315 καταδηλοῦν.
2523 1245 2676 1297 Ἐπεὶ
2702 1243 2799 1296 καὶ
2815 1241 2975 1303 αὐτὸς
2999 1241 3026 1292 ὁ
3050 1236 3240 1306 Σωτὴρ
3262 1233 3500 1303 πέμπειν
3525 1228 3748 1297 ἔφασκε

479 1358 566 1411 bis
595 1353 948 1409 manifestare
971 1349 1286 1410 contendat,
1313 1359 1434 1414 quae
1479 1343 1676 1396 mentis
1720 1341 1920 1410 alioqui
1957 1355 2070 1423 [ιο-⁸

2186 1336 2466 1410 πρὸς-ἡμᾶς
2515 1337 2606 1388 τὸν
2641 1334 3019 1406 Παράκλητον,
3070 1329 3248 1383 καίτοι
3284 1322 3620 1396 πληροῦντος
3673 1320 3750 1371 τά

481 1461 608 1503 stre
638 1453 854 1513 captum
887 1443 1176 1497 excedunt.
1220 1437 1356 1490 Nam
1390 1447 1444 1490 et
1470 1437 1584 1503 ipse
1619 1448 1834 1502 quoque
1868 1433 2056 1487 Salva-

486 1552 571 1595 tor
605 1535 949 1592 Paracletum
994 1546 1114 1585 sese
1138 1534 1206 1583 ad
1239 1543 1338 1583 nos
1370 1528 1662 1580 missurum
1705 1524 2054 1594 promittit",

2153 1429 2332 1485 πάντα
2375 1429 2469 1483 τοῦ
2501 1428 2654 1497 ἁγίου
2683 1427 2822 1480 Πνεύ
2834 1439 3000 1497 ματος
3019 1441 3032 1453 ·
3065 1443 3083 1474 ι
3113 1420 3339 1491 Πνεῦμα
3366 1417 3477 1486 γὰρ
3501 1413 3750 1484 Κυρίου,

2155 1527 2316 1597 φησὶ,
2350 1523 2680 1593 πεπλήρωκε
2711 1521 2809 1590 τὴν
2839 1517 3183 1587 οἰκουμένην.
3205 1532 3226 1565 ›

485 1645 605 1684 runt
662 1641 841 1682 tamen
895 1625 1132 1695 Spiritus
1170 1632 1392 1676 sanctus
1437 1620 1620 1673 omnia
1676 1617 1916 1684 impleat,
1973 1616 2128 1684 juxta
2203 1619 2378 1674 illud:
2448 1633 2466 1668 ι
2503 1615 2740 1685 Spiritus
2804 1612 3016 1666 Domini
3081 1606 3307 1678 replevit
3348 1602 3535 1658 orbem
3569 1609 3754 1653 terra-

489 1739 606 1780 rum
625 1723 716 1778 π’.
750 1740 768 1774 ι

560 1815 700 1871 XIV.
750 1836 767 1867 ι
801 1813 934 1868 Cum
993 1807 1362 1864 exaltaveritis
1393 1806 1589 1860 Filium
1640 1804 1897 1869 hominis,
1933 1815 2060 1859 tunc
2094 1810 2136 1866 Β

490 1906 830 1976 cognoscetis
861 1904 988 1973 quia
1048 1916 1149 1969 ego
1183 1899 1400 1953 sunt”.
1450 1916 1468 1948 ι
1525 1895 1762 1950 Judaicze
1817 1897 2062 1960 insaniat,

492 2018 598 2070 qua
633 2000 687 2052 in
715 1997 991 2051 Christum
1029 1995 1419 2053 eth-rebantur,
1457 2004 1654 2044 causas
1682 1991 1873 2043 beatus
1899 1987 2064 2041 Joan.

496 2106 591 2145 nes
611 2103 911 2158 exponens,
949 2089 1021 2138 ita
1057 2084 1246 2138 scribit
1278 2096 1294 2134 :
1328 2101 1345 2132 ι
1385 2081 1683 2149 Propterea
1736 2080 1904 2132 Judaei
1944 2094 2069 2147 per—-

495 2181 862 2251 sequebantur
901 2176 1108 2238 Jesum,
1143 2174 1268 2242 quia
1304 2186 1410 2225 non
1443 2171 1615 2225 solum
1653 2168 1900 2223 solvebat
1931 2168 2072 2221 Sab-

499 2283 704 2336 natum,
735 2274 830 2326 sed
892 2280 946 2325 et
976 2269 1193 2322 Patrem
1225 2281 1382 2320 suum
1416 2263 1631 2317 dicebat
1669 2261 1861 2326 Deum,
1890 2275 2072 2329 atqua-

471 2369 601 2435 lcm
634 2364 840 2418 faciens
871 2377 930 2415 se
963 2359 1073 2413 Deo
1107 2361 1146 2412 ¹.
1183 2377 1201 2408 ›
1245 2355 1383 2410 Alibi
1413 2355 1635 2410 eosdem
1683 2354 1873 2408 istlnec
1912 2352 2076 2420 impie

500 2464 810 2510 evomentes
833 2452 1037 2506 inducit
1067 2468 1080 2504 :
1120 2468 1138 2500 ι
1175 2450 1246 2502 De
1273 2448 1414 2501 bono
1433 2461 1599 2515 Opere
1631 2461 1735 2497 non
1773 2442 2077 2512 lapidamus

504 2559 575 2612 te,
602 2548 694 2600 sed
723 2547 788 2600 de
818 2543 1185 2612 blasphemia;
1222 2541 1348 2608 quia
1379 2549 1430 2592 tu
1474 2540 1636 2591 homo
1665 2552 1787 2590 cum
1811 2537 1905 2600 sis,
1944 2534 2077 2586 facis

505 2640 732 2708 leipsuut
790 2636 951 2689 Deum
989 2635 1031 2686 '.
1065 2653 1082 2684 ι
1131 2633 1298 2701 Igitur
1350 2632 1401 2684 in
1456 2629 1604 2682 illum
1655 2628 1878 2683 credere
1933 2624 2077 2680 nulla

502 2732 714 2785 ratione
764 2728 1034 2789 volebant,
1100 2722 1536 2792 quandoquidem
1613 2735 1808 2790 purum
1864 2728 2074 2771 tantum

507 2823 891 2890 vulgaremque
917 2816 1194 2871 hominem
1222 2830 1344 2868 esse
1380 2815 1681 2884 putabant;
1718 2814 1885 2882 ignari
1913 2813 2080 2866 Demu

511 2907 741 2960 Verbum
768 2917 955 2958 semen
997 2901 1232 2955 Abt-alue
1265 2900 1711 2968 apprehendisse,
1740 2899 2002 2966 carnique
2029 2905 2083 2950 et

507 2996 758 3068 sanguini
802 2995 1029 3065 perinde
1058 3007 1242 3045 aenos
1282 2991 1716 3044 communicasse
1746 2990 1786 3053 ³,
1834 2989 2083 3056 quamvis

507 3091 577 3142 ob
606 3089 658 3140 id
688 3086 830 3139 Deus
851 3099 973 3138 esse
1003 3099 1108 3134 non
1145 3080 1430 3134 desiisset:
1482 3079 1750 3147 siquidem
1785 3079 2082 3131 secundum

2235 1806 2331 1857 Μ’.
2375 1823 2392 1853 ι
2421 1804 2590 1856 Ὅταν
2621 1798 2872 1870 ὑψώσητε
2898 1797 2990 1849 τὸν
3015 1795 3144 1848 Υἱὸν
3165 1790 3258 1844 τοῦ
3285 1785 3599 1860 ἀνθρώπου,
3625 1783 3756 1835 τότε

2166 1895 2438 1965 γνώσεσθε
2479 1897 2560 1946 ὅτι
2595 1891 2706 1960 ἐγώ
2738 1892 2871 1960 εἰμι.
2905 1908 2924 1939 ι
2971 1887 3082 1956 Τῆς
3120 1880 3418 1949 Ἰουδαϊκῆς
3451 1877 3757 1937 ἀπονοίας,

2167 1991 2233 2061 ἢν
2257 1990 2348 2040 ἐπὶ
2382 1985 2609 2058 Χριστῷ
2633 1983 2978 2052 πεποίηνται,
3007 1977 3104 2039 τὰς
3131 1975 3309 2035 αἰτίας
3337 1967 3712 2039 ἐξηγούμενος
3733 1967 3762 2016 ὁ

2173 2059 2439 2152 μακάριος
2462 2090 2482 2117 ³
2523 2077 2776 2144 Ἰωάννης
2799 2115 2813 2136 ,
2846 2092 2863 2122 ‹
2897 2071 2995 2124 Διὰ
3022 2068 3198 2129 τοῦτο,
3229 2064 3412 2134 φησὶν,
3447 2060 3682 2113 ἐδίωκον
3713 2059 3761 2107 οἱ

2184 2175 2424 2230 Ἰουδαῖοι
2454 2172 2546 2225 τὸν
2579 2170 2836 2240 Χριστὸν,
2881 2167 2964 2218 ὅτι
2992 2164 3052 2215 οὐ
3087 2162 3244 2229 μόνον
3276 2157 3398 2210 ἐλυε
3428 2156 3488 2207 τὸ
3536 2151 3763 2205 Σάΰὸαρ

2169 2284 2283 2329 τον,
2314 2263 2449 2318 ἀλλὰ
2477 2261 2570 2315 καὶ
2598 2260 2816 2327 Πατέρα
2842 2257 2973 2313 ἴδιον
3002 2254 3156 2318 ἔλεγε
3183 2250 3275 2302 τὸν
3301 2247 3454 2308 Θεὸν,
3485 2247 3607 2298 ἴσον
3634 2244 3768 2294 ἑαυ-

2172 2359 2261 2412 τὸν
2292 2355 2460 2410 ποιῶν
2494 2354 2572 2421 τῷ
2603 2351 2740 2421 Θεῷ.
2778 2371 2795 2400 ι
2819 2348 3181 2414 Εἰσκεκόμικε
3212 2343 3270 2395 δέ
3295 2357 3396 2393 που
3427 2339 3525 2392 καὶ
3561 2337 3768 2397 αὐτοὺς

2175 2450 2428 2517 λέγοντας
2454 2444 2711 2506 ἀνοσίως·
2751 2463 2768 2493 ι
2805 2440 2942 2510 Περὶ
2971 2435 3136 2492 καλοῦ
3165 2435 3326 2506 ἔργου
3359 2431 3420 2484 οὐ
3459 2427 3769 2496 λιθάζομέν

2179 2561 2269 2609 σε,
2315 2541 2453 2596 ἀλλὰ
2505 2537 2634 2607 περὶ
2682 2532 3062 2606 βλασφημίας*
3095 2530 3176 2582 ὅτι
3217 2529 3279 2580 σὺ
3331 2524 3626 2595 ἄνθρωπος
3670 2520 3770 2584 ὢν,

2179 2639 2353 2696 ποιεῖς
2384 2633 2606 2687 σεαυτὸν
2637 2631 2788 2683 Θεόν.
2817 2647 2835 2678 ›
2884 2623 3093 2678 Οὐκοῦν
3132 2615 3648 2696 ἀπαράδεκτον-τὴν
3683 2612 3773 2666 ἐπ’

2181 2727 2330 2797 αὑτῷ
2358 2726 2686 2794 πεποίηνται
2724 2722 2928 2782 πίστιν,
2958 2716 3243 2788 ἄνθρωπον
3280 2713 3376 2784 μὲν
3412 2705 3558 2762 εἶναι
3610 2706 3773 2775 νομί-

2183 2825 2367 2887 ζοντες
2403 2819 2536 2873 αὐτὸ
2564 2819 2627 2887 δὴ
2668 2815 2827 2870 τοῦτο
2854 2813 3028 2883 ψιλὸν,
3069 2807 3396 2879 ἠγνοηκότες
3421 2803 3480 2856 δὲ
3521 2803 3608 2854 ὅτι
3639 2800 3775 2860 Θεὸς

2183 2915 2258 2969 ὢν
2299 2917 2328 2968 ὁ
2360 2913 2531 2980 Λόγος
2562 2907 2857 2962 ἐπελάϐετο
2887 2904 3197 2975 σπέρματος
3235 2896 3510 2967 Ἀϐραὰμ,
3551 2892 3651 2946 καὶ
3682 2907 3776 2941 κε-

2186 3005 2516 3076 κοινώνηκεν
2544 3003 2772 3073 αἵματος
2804 2997 2898 3052 καὶ
2929 2995 3132 3067 σαρκὸς
3165 2987 3568 3062 παραπλησίως
3603 2986 3742 3054 ἡμῖν
3763 2999 3774 3009 ·

2188 3099 2327 3167 πλὴν
2353 3097 2453 3150 οὑκ
2479 3095 2689 3163 ἀπέστη
2715 3092 2809 3145 τοῦ
2842 3086 2980 3143 εἶναι
3001 3087 3161 3149 Θεός·
3200 3085 3467 3154 ἄτρεπτος
3489 3078 3608 3147 γὰρ
3633 3075 3780 3127 κατὰ

512 3189 760 3234 naturam
789 3172 1161 3238 innnutabilis,
1216 3181 1586 3240 perpetuoque
1637 3172 1754 3238 ipse
1807 3170 1947 3223 idem
1978 3178 2081 3221 est.

2189 3190 2349 3261 φύσιν
2368 3188 2504 3250 ἐστὶ,
2527 3187 2621 3240 καλ⁸
2641 3182 2902 3254 διηνεκῶς
2927 3182 2955 3233 ὁ
2983 3179 3166 3240 αὑτός.
3203 3176 3402 3228 ι”Οταν
3433 3167 3554 3233 οὖν,
3585 3188 3663 3238 φη
3675 3169 3779 3230 civ,

511 3271 602 3324 Ait
663 3283 824 3338 ergo:
872 3284 891 3317 ι
943 3265 1078 3320 Cum
1132 3263 1506 3319 exaltaveritis
1583 3261 1779 3315 Filium
1832 3259 2086 3325 hominis,

515 3378 644 3418 tunc
694 3359 1032 3430 cognoscetis
1056 3359 1182 3430 quia
1213 3373 1314 3426 ego
1339 3373 1458 3410 sum
1487 3355 1532 3410 ⁸⁵.
1567 3375 1586 3408 ι
1623 3355 1882 3422 Quamvis
1941 3354 2088 3408 enim

514 3455 809 3510 secundum
877 3453 1168 3507 humanam
1237 3461 1486 3502 naturam
1535 3449 1716 3502 crucis
1765 3448 2090 3516 Supplicium

519 3549 762 3625 pertulit,
790 3548 968 3602 divina
1007 3557 1184 3600 tamen
1239 3545 1438 3597 virtute
1485 3543 1802 3598 resurrexit.
1861 3542 2094 3610 Propter

520 3640 975 3696 resurrectionem
1003 3649 1180 3689 autem
1212 3645 1268 3687 et
1296 3652 1454 3688 verus
1491 3636 1650 3697 Deus,
1687 3645 1742 3688 et
1765 3649 1927 3688 verus
1973 3649 2103 3686 νυν-

521 3749 640 3793 sum
672 3733 765 3787 Dei
795 3731 964 3785 Filius
990 3732 1230 3783 creditus
1255 3738 1360 3782 est.
1396 3729 1552 3792 Quod
1587 3728 1630 3781 si
1656 3743 1778 3781 eum
1823 3743 1927 3780 non
1959 3727 2095 3780 alte-

524 3842 640 3880 rum
663 3825 1052 3887 exsuscitasse,
1085 3825 1178 3875 sed
1203 3823 1377 3889 ipsum
1404 3823 1771 3875 resurrexissc
1800 3823 2094 3887 credimus,

523 3935 721 3986 corpus
747 3919 953 3985 utique,
982 3920 1126 3984 quod
1155 3929 1383 3970 mortem
1439 3933 1754 3986 perpessum
1798 3927 1904 3982 est,
1961 3931 2088 3985 pro-

525 4012 698 4078 prium
732 4011 874 4063 illius
917 4011 1316 4077 dispensatorie
1359 4009 1635 4062 exstitisse
1685 4019 1990 4062 statuamus
2028 4023 2090 4062 o-

527 4111 746 4174 portet:
781 4101 942 4174 138
972 4117 1077 4169 quo
1140 4104 1239 4154 hac
1292 4102 1547 4153 nimirum
1604 4101 1818 4153 ratione
1875 4112 1928 4155 et
1986 4102 2101 4170 ipse

527 4211 762 4264 quoque,
798 4195 924 4248 licet
945 4205 1136 4262 suapte
1168 4207 1358 4245 natura
1388 4194 1708 4248 immortalis
1753 4194 1824 4247 sil
1849 4205 1904 4245 ut
1931 4192 2099 4255 Deus,

531 4287 895 4341 resurrexisse
936 4287 1066 4340 dicit
1097 4297 1280 4355 queat.
1334 4285 1505 4340 Unius
1560 4287 1705 4339 enim
1751 4287 2103 4354 ejusdemque

527 4381 732 4435 Christi
769 4392 819 4432 et
850 4380 970 4432 Filii
1018 4390 1244 4432 mortem
1275 4379 1683 4441 anuuntiantes,
1735 4390 1785 4432 et
1855 4394 2102 4432 resurre-

526 4473 762 4526 ctionem
800 4471 1146 4534 conﬁtentes,
1175 4471 1540 4539 justilicamur
1587 4485 1682 4538 per
1717 4471 1898 4524 iidem.
1957 4470 2103 4524 Unus

529 4563 693 4632 igitur
723 4564 972 4631 idemque
999 4574 1052 4616 et
1073 4565 1218 4617 solus
1251 4562 1502 4616 Christus
1522 4561 1700 4627 Iesus,
1745 4573 1801 4616 ut
1827 4564 1986 4616 homo
2014 4579 2101 4616 se-
2135 4543 2179 4590 υ

529 4655 765 4708 cundum
793 4670 1009 4708 carnem
1042 4662 1319 4719 mortuus;
1383 4663 1437 4707 ut
1471 4655 1613 4708 Deus
1657 4665 1839 4708 autem
1867 4661 1920 4708 et
1967 4656 2097 4718 vita,

528 4747 895 4800 resurrexisse
930 4747 1146 4802 dicitur.

604 4833 722 4889 XV.
787 4854 805 4887 ι
834 4836 1326 4890 Circumdederunt
1359 4851 1490 4905 ergo
1518 4852 1639 4890 eum
1677 4835 1867 4900 Judaei,
1887 4847 1940 4888 et
1965 4837 2107 4890 dicc-

530 4929 762 4982 banlei:
791 4928 1084 4996 QuouSque
1117 4931 1353 4982 animam
1391 4939 1631 4984 nostram
1660 4929 1840 4982 tollis?
1878 4930 1933 4982 Si
1970 4938 2023 4980 tu
2048 4944 2108 4982 es

527 5020 802 5088 Christus,
833 5021 920 5075 dic
968 5023 1124 5075 nobis
1148 5021 1345 5089 palam.
1415 5021 1715 5089 Respondit
1765 5022 1871 5075 illis
1901 5021 2058 5074 Jesus
2090 5033 2105 5071 :

528 5111 771 5166 Locutus
811 5128 930 5166 sum
959 5115 1136 5179 vobis,
1191 5123 1246 5167 et
1302 5130 1406 5167 non
1453 5115 1714 5169 creditis:
1776 5130 1938 5182 opera
1991 5127 2110 5180 quae

529 5219 628 5273 ego
660 5205 799 5258 facio
831 5207 882 5257 in
919 5206 1135 5260 nomine
1170 5205 1348 5261 Patris
1383 5206 1512 5270 mei,
1559 5206 1675 5259 lia-c
1740 5206 2109 5259 testimonium

598 5389 644 5420 "'
685 5387 847 5440 llehr.
883 5401 958 5451 ix,
985 5387 1078 5441 ειι.
1149 5387 1194 5417 ’⁸⁸
1227 5385 1381 5440 Joan.
1415 5402 1560 5448 XXVI,
1596 5385 1684 5440 ‘26.

529 5457 552 5490 ⁸
585 5459 747 5512 ΙΙι-υιο.
786 5475 844 5520 ιι,
886 5458 973 5510 14.
1048 5461 1069 5489 ⁴
1107 5457 1264 5511 Joan.
1307 5475 1401 5511 vm
1429 5497 1443 5521 ,
1487 5458 1578 5514 ‘28.

1760 5384 1826 5419 °"
1871 5385 1996 5455 Sap.
2040 5400 2079 5446 I,
2127 5382 2173 5436 7.

2193 3279 2444 3351 ὑψώσητε
2481 3280 2572 3331 τὸν
2598 3277 2724 3329 Υίδν
2755 3274 2856 3326 τοῦ
2888 3270 3197 3343 ἀνθρώπου,
3230 3267 3350 3320 τότε
3378 3263 3669 3334 γνώσεσθε
3702 3263 3782 3315 ὅτι

2193 3373 2303 3442 ἐγώ
2341 3376 2476 3442 εἰμι.
2515 3390 2532 3421 ι
2568 3365 2917 3438 Ἐσταυρώθη
2962 3363 3059 3434 μὲν
3094 3363 3200 3430 γὰρ
3239 3355 3634 3428 ἀνθρωπίνως,
3689 3356 3782 3406 ἁν-

2194 3466 2324 3522 εὸίω
2352 3464 2409 3518 δὲ
2438 3463 2651 3525 θεῖκῶς·
2672 3461 2764 3512 καὶ
2796 3459 3153 3512 πεπίστευται
3179 3452 3265 3506 διὰ
3291 3451 3390 3519 τῆς
3422 3449 3785 3507 ἀναστάσεως

2194 3557 2275 3610 ὅτι
2308 3557 2404 3608 καὶ
2433 3553 2564 3615 Θεός
2608 3554 2746 3614 ἐστι,
2792 3549 2884 3602 καὶ
2916 3545 3052 3600 Θεοῦ
3095 3544 3214 3598 κατ’
3240 3540 3499 3610 ἀλήθειαν
3533 3539 3690 3598 Υἱός.
3727 3538 3785 3589 ΕΞ

2193 3649 2250 3701 δὲ
2282 3647 2639 3700 πεπίστευται
2674 3643 2811 3713 πρὸς
2857 3639 3014 3709 ἡμῶν
3057 3639 3154 3707 οὑχ
3193 3636 3269 3698 ὼς
3308 3633 3495 3702 ἕτερον
3538 3631 3786 3697 ἀναστή-

2199 3756 2315 3802 σας,
2337 3737 2705 3808 ἐγηγερμένος
2726 3733 2781 3786 δὲ
2811 3733 3006 3800 μᾶλλον
3031 3729 3190 3790 αὑτός
3208 3744 3219 3756 ’
3249 3725 3399 3779 πᾶσά
3424 3740 3546 3786 πως
3568 3723 3786 3790 ἀνάγκη

2197 3831 2285 3884 διά
2309 3831 2408 3900 τὴν
2437 3825 2749 3896 οἰκονομίαν
2777 3825 2909 3877 ἴδιον
2939 3820 3100 3875 αὑτοῦ
3131 3819 3290 3889 σῶμα
3316 3815 3560 3873 νοεῖσθαι
3587 3815 3654 3866 τὸ
3693 3831 3789 3866 πε-

2199 3923 2392 3984 πονθὸς
2436 3921 2527 3973 τὸν
2579 3920 2826 3973 θάνατον·
2874 3917 2961 3969 ἵνα
2996 3914 3089 3967 καὶ
3132 3912 3292 3972 αὐτὸς
3338 3910 3646 3975 ἀναστῆναι
3697 3907 3788 3958 λέ-

2199 4033 2366 4084 γοιτο,
2409 4012 2585 4066 καίτοι
2611 4011 2710 4081 τὴν
2738 4010 2898 4078 φύσιν
2929 4006 3194 4066 ἀθάνατος
3218 4001 3296 4056 ὣν
3332 4003 3406 4066 ὡς
3434 4001 3594 4063 Θεός.
3637 4000 3793 4063 Ἐνὺς

2199 4111 2308 4180 γὰρ
2342 4105 2576 4179 Χριστοῦ
2605 4105 2700 4158 καὶ
2727 4101 2857 4156 Υἱοῦ
2891 4102 2981 4155 τὸν
3014 4100 3243 4153 θάνατον
3290 4095 3792 4162 καταγγέλλοντες.

2203 4205 2298 4255 καὶ
2359 4197 2749 4270 ὁμολογοῦντες
2824 4193 2921 4264 τὴν
3011 4191 3350 4253 ἀνάστασιν,
3418 4187 3794 4256 δικαιούμεθα

2202 4294 2289 4348 διὰ
2324 4294 2578 4353 πίστεως.
2621 4288 2827 4342 Οὐκοῦν
2866 4287 2893 4339 ό
2927 4285 3087 4348 αὑτὸς
3131 4285 3205 4346 ὡς
3243 4278 3322 4345 εἷς
3371 4299 3430 4334 τε
3475 4281 3576 4333 καὶ
3626 4282 3794 4350 μόνος

2206 4387 2464 4456 ὑπάρχων
2514 4383 2747 4454 Χριστὸς
2783 4379 3017 4450 Ἰησοῦς,
3048 4376 3334 4430 ἀποθανεῖν
3367 4374 3466 4443 μὲν
3497 4372 3797 4441 ἀνθρωπί-

2207 4497 2312 4541 νως
2351 4476 2492 4530 κατὰ
2527 4477 2624 4546 τὴν
2677 4476 2854 4544 σάρκα
2884 4473 3130 4539 λέγεται,
3171 4465 3463 4538 ἑγηγέρθαι
3492 4465 3552 4519 δὲ
3590 4465 3751 4529 εἰκὸς
3775 4467 3794 4502 ⁸

2210 4571 2283 4634 ὡς
2313 4570 2446 4642 ζωή.

2286 4830 2386 4882 IE'.
2437 4847 2450 4876 ι
2490 4825 2806 4896 Προσῄεσάν
2839 4839 2971 4875 ποτε
2999 4821 3077 4892 τῷ
3113 4820 3332 4892 Χριστῷ
3375 4819 3636 4886 λέγοντες
3676 4820 3808 4872 Ἴον-

2212 4923 2369 4976 δαῖοι·
2398 4921 2542 4983 Ἕως
2573 4918 2704 4970 πότε
2729 4916 2826 4986 τὴν
2860 4915 3038 4984 ψυχὴν
3065 4913 3222 4983 ἡμῶν
3249 4913 3456 4982 αἴρεις;
3484 4911 3551 4963 Εἰ
3587 4912 3659 4963 σὺ
3705 4909 3755 4964 εἷ
3787 4916 3810 4962 ὁ

2212 5014 2475 5085 Χριστὸς,
2527 5013 2648 5064 εἰπὲ
2698 5010 2828 5078 ἡμῖν
2862 5007 3162 5078 παρρησίᾳ.
3201 5003 3500 5075 Ἀπεκρίθη
3538 5005 3740 5065 αὑτοῖς
3781 5008 3810 5056 ὁ

2224 5109 2464 5178 Ἰησοῦς·
2503 5103 2668 5159 Εἶπον
2703 5106 2850 5174 ὑμῖν,
2897 5103 2991 5156 καὶ
3029 5103 3091 5154 οὑ
3138 5098 3444 5151 πιστεύετε.
3493 5097 3582 5149 Τὰ
3633 5095 3811 5164 ἔργα,

2213 5205 2248 5257 ἆ
2275 5200 2386 5270 ἐγὼ
2418 5200 2556 5253 ποιῶ
2589 5200 2647 5251 ὲν
2682 5197 2760 5268 τῷ
2796 5197 3020 5266 ὀνόματι
3051 5193 3146 5246 τοῦ
3192 5193 3406 5262 Πατρός
3453 5206 3583 5259 μου,
3631 5189 3815 5240 ταῦτα

2255 5383 2301 5413 ⁸³
2342 5381 2500 5435 Joan.
2532 5396 2649 5443 \‘lll,
2681 5379 2771 5432 ‘23.
2846 5378 2860 5408 ⁸
2897 5376 3051 5430 Joan.
3095 5389 3146 5439 ν,
3205 5373 3290 5427 18.
3367 5374 3387 5404 ²
3418 5369 3584 5425 Joan.
3620 5387 3688 5436 ι,
3727 5372 3814 5430 55,

1645 5614 1815 5670 Variae
1843 5613 2101 5669 lectiones
2129 5611 2330 5667 codicis
2373 5608 2728 5680 Seguieriaui.

601 5761 625 5793 ⁸
657 5750 959 5813 θεσπέσιος.
1045 5753 1061 5784 ι
1098 5749 1315 5814 Οεϊκῶς.
