4000 6326
292 392 434 452 1355

1112 394 1204 448 ΑΙ)
1241 391 1544 448 REGINAS
1584 392 1669 447 DE
1709 392 1937 448 RECTA
1976 392 2131 448 FIDE
2170 393 2429 449 ORATIO
2469 393 2767 449 ALTERA.

3411 393 3551 451 1556

294 507 581 580 μαρτυρεῖ,
615 505 743 574 περὶ
775 502 930 576 ἐμοῦ.
959 523 977 556 ι
1011 504 1075 556 Τί
1116 505 1179 576 δὴ
1209 506 1315 575 ἄρα
1362 507 1468 559 κάν
1496 504 1671 576 τούτῳ
1703 505 1869 575 φασιν

1974 505 2265 572 perhibent
2293 506 2359 559 de
2391 522 2476 561 me
2505 507 2551 561 ⁵.
2593 526 2611 557 ι
2646 506 2852 573 Ecquid
2906 505 3015 565 hic,
3050 520 3234 572 qumso
3256 545 3269 561 .
3339 507 3546 571 dicunt,

290 602 339 655 ei
377 598 703 671 διορίζοντες
742 597 971 669 ἀμαθῶς
1006 600 1086 661 είς
1125 598 1258 651 υίῶν
1296 598 1489 660 δυάδα,
1522 600 1617 652 καὶ
1660 600 1740 661 είς
1775 597 1869 651 δύο

290 693 595 764 Χριστοὺς,
639 692 730 745 τὸν
777 692 874 744 ’ένα
914 690 1119 763 Κύριον
1157 692 1363 762 Ἰησοῦν
1410 692 1683 763 Χριστόν;
1734 694 1871 762 Περὶ

289 786 431 847 τίνος
462 783 698 852 ἔφασκον
718 784 768 836 οἱ
801 782 1076 837 Ἰουδαῖοι⁹
1109 804 1127 835 ‹
1152 786 1214 837 Εί
1245 786 1307 839 σὺ
1337 779 1389 837 εἴ
1413 788 1441 840 6
1464 786 1718 857 Χριστὸς,
1747 785 1867 839 εἰπὲ

290 878 423 946 ἡμῖν
454 876 773 947 παρῤησίᾳ;
806 893 824 926 ι
856 876 952 938 Τίς
977 875 1034 928 δὲ
1058 877 1086 928 ό
1111 875 1316 944 λέγων·
1350 897 1368 928 ‹
1397 878 1479 930 Τὰ
1515 877 1669 947 ἔργα,
1700 876 1735 931 ἂ
1762 875 1872 943 ἐγὼ

290 966 431 1019 ποιῶ
468 968 523 1018 ὲν
555 965 634 1035 τῷ
675 966 896 1036 ὀνόματι
930 966 1022 1020 τοῦ
1076 968 1287 1038 Πατρός
1338 986 1462 1038 μου,
1507 968 1678 1022 ταῦτα
1728 985 1871 1039 μαρ-

288 1060 447 1129 τυρεῖ
484 1059 612 1129 περί
652 1058 820 1128 ὲμοῦ;
854 1078 871 1108 ι
908 1059 1067 1123 Τίνος
1100 1056 1238 1114 εἷναί
1277 1078 1460 1130 φαμεν
1492 1061 1622 1114 ῖδιον
1650 1061 1869 1131 Πατέρα

290 1149 384 1202 τὸν
420 1149 586 1216 Θεόν;
634 1146 744 1218 ἆρα
792 1150 885 1203 τοῦ
923 1153 984 1204 ἐκ
1020 1153 1278 1219 γυναικὸς
1325 1153 1429 1206 ἀνὰ
1483 1155 1649 1225 μέρος
1681 1172 1739 1208 τε
1780 1157 1871 1208 καὶ

293 1243 476 1305 ίδικῶς
516 1243 807 1313 νοουμένου
827 1283 841 1307 ,
870 1245 902 1315 ἣ
936 1246 1028 1298 τοῦ
1068 1247 1441 1314 Μονογενοῦςς
1474 1248 1666 1301 Καίτοι
1699 1249 1759 1301 τὸ
1789 1248 1872 1301 δύ-

290 1334 483 1389 νασθαι
517 1334 816 1406 κατορθοῦν
854 1337 922 1389 τὰ
954 1337 1053 1406 τῆς
1088 1336 1340 1408 θεότητος
1375 1338 1533 1410 ἔργα,
1576 1341 1774 1409 πρέποι
1802 1338 1869 1393 ἂν

288 1427 387 1479 οὐκ
411 1425 728 1498 ἀνθρωπεία
753 1427 911 1493 φύσει
945 1430 1138 1483 ποθέν
1168 1431 1364 1484 πολλοῦ
1392 1450 1454 1500 γε
1493 1434 1621 1488 δεῖν.
1652 1433 1868 1505 Ἐπειδὴ

286 1519 343 1571 δὲ
375 1518 612 1589 ἐπλήρου
658 1521 890 1589 Χριστὸς
918 1522 988 1573 τὰ
1018 1521 1155 1592 ἔργα
1195 1522 1293 1576 τοῦ
1345 1526 1591 1596 Πατρὸς,
1636 1529 1736 1580 οὐκ
1775 1527 1866 1581 ἄνα

288 1607 505 1677 θρωπος
541 1606 606 1660 ἂν
640 1611 814 1661 νοοῖτο
856 1609 1039 1678 ψιλὸς,
1080 1610 1211 1674 Θεὸς
1245 1610 1301 1663 δὲ
1341 1613 1542 1681 μᾶλλον
1584 1616 1640 1666 ἐν
1674 1616 1869 1684 αἵματι

288 1698 382 1753 καὶ
412 1697 594 1769 σαρκὶ,
633 1698 959 1769 μεμενηκὼς
989 1702 1128 1781 ᾇπερ
1152 1698 1240 1774 ἦν.
1278 1704 1616 1776 Ἰσουργήσει
1646 1707 1753 1778 γὰρ
1780 1707 1871 1760 οὕ-

285 1808 394 1854 τως
440 1789 576 1858 ἔχων
606 1788 685 1858 τῷ
736 1791 851 1861 ίδίῳ
885 1793 1175 1865 Γεννήτορι
1200 1810 1215 1825 ·
1256 1795 1472 1850 καὶτὸν
1513 1798 1606 1851 τοῦ
1659 1817 1867 1869 μυστη-

1973 597 2065 665 qui
2118 612 2284 650 unum
2321 597 2609 651 Dominum
2663 611 2905 650 nosmim
2949 594 3131 649 Jesnm
3186 597 3547 653 Cbristnm‘iu

1972 689 2104 743 duos
2138 688 2663 757 lilios,totidemqne
2720 686 2971 741 Clu-istos
3028 687 3189 740 stulte
3254 688 3551 742 divellunt?

1972 779 2048 833 De
2077 779 2679 834 utroJudaei'aiebant:
2742 798 2760 829 ι
2798 778 2853 832 Si
2915 788 2967 830 tu
3021 794 3079 833 es
3127 778 3395 842 Christus,
3459 781 3549 835 dic

1974 871 2128 925 nobis
2164 872 2373 940 palam?
2398 892 2416 923 ι
2487 870 2619 927 liter
2655 885 2868 923 rursum
2934 870 3149 922 illorum
3181 871 3545 936 praedicabat:

1976 981 1996 1014 ι
2032 962 2209 1033 Opera
2239 979 2359 1034 quae
2397 979 2497 1033 ego
2531 962 2672 1018 facio
2706 962 2779 1034 fin
2812 962 3033 1015 nomine
3064 961 3241 1015 Patris
3275 965 3399 1027 mei,
3459 963 3545 1016 illa

1973 1033 2345 1109 testimonium
2375 1054 2662 1122 perhibent
2690 1033 2753 1107 de
2789 1052 2910 1105 me?
2934 1071 2953 1102 ›
2992 1049 3178 1105 Utrius
3206 1054 3419 1105 tandem
3452 1053 3552 1107 Pa-

1973 1152 2108 1197 trem
2134 1143 2298 1198 Deum
2330 1158 2451 1199 esse
2498 1142 2838 1198 statuemus?
2867 1142 3057 1211 ejusne
3091 1143 3182 1212 qui
3216 1158 3280 1197 ex
3324 1144 3550 1197 muliere

1970 1248 2149 1291 ortum
2182 1238 2351 1297 ducit,
2407 1247 2466 1289 ut
2501 1252 2745 1291 seorsum
2780 1251 2877 1304 per
2905 1252 2964 1292 se
2997 1236 3181 1291 animo
3207 1236 3547 1304 concipitur,

1972 1345 2041 1384 an
2097 1344 2227 1383 vero
2280 1329 2451 1399 ipsius
2482 1329 2798 1399 Unigeniti?
2845 1332 3004 1400 Atqui
3048 1331 3229 1385 divina
3275 1345 3439 1399 opera
3494 1331 3545 1384 vi

1973 1422 2187 1489 propria
2222 1431 2460 1490 patrare,
2489 1437 2577 1476 res
2602 1432 2683 1477 est
2703 1438 2822 1491 qua:
2846 1424 3095 1476 humanae
3130 1434 3340 1476 natura:
3379 1422 3545 1488 vires,

1972 1512 2323 1582 ejusdemque
2370 1514 2686 1568 facultatem
2752 1514 2909 1583 longe
2960 1515 3295 1584 multumque
3358 1514 3545 1567 vincit.

1972 1604 2108 1670 Quia
2129 1620 2257 1675 ergo
2281 1605 2528 1661 Christus
2556 1608 2742 1662 eadem
2760 1623 2889 1676 qua:
2913 1606 3078 1661 Pater
3107 1622 3269 1676 Opera
3300 1606 3551 1675 perlicie-

1973 1701 2100 1764 bat,
2137 1701 2324 1769 utique
2355 1715 2460 1754 non
2484 1710 2788 1770 eratpurus
2836 1701 3021 1766 homo,
3078 1702 3172 1754 sed
3205 1701 3344 1754 Deus
3391 1716 3555 1755 carne

1973 1791 2309 1861 etsanguine
2337 1792 2586 1859 vestitus,
2615 1802 2675 1845 ut
2705 1792 2951 1861 profecto
2978 1800 3221 1845 maneret
3242 1792 3383 1860 quod
3407 1802 3551 1844 erat.

290 1883 407 1954 ρίου
455 1880 612 1948 λόγον
651 1887 1122 1957 καταμωμήσαιτο
1169 1885 1236 1940 ἂν
1265 1888 1441 1952 οὐδεὶς
1483 1889 1589 1942 τῶν
1632 1866 1690 1944 εῦ
1740 1866 1873 1960 φρο-

1975 1883 2055 1937 Ad
2089 1886 2233 1937 bunc
2256 1897 2387 1952 ergo
2413 1883 2629 1938 modum
2680 1883 2931 1947 allectus,
2983 1884 3132 1951 paria
3162 1899 3284 1937 cum
3319 1899 3416 1937 suo
3446 1883 3553 1937 Ge-

287 1976 544 2035 νούντων.

356 2241 474 2308 ις’.
500 2258 518 2291 ε
540 2239 615 2292 Τὸ
635 2238 692 2293 δὲ
720 2239 933 2294 παιδίον
959 2237 1182 2311 ηὔξανε,
1210 2241 1305 2292 καὶ
1334 2240 1692 2310 ἐκραταιοῦτο
1708 2241 1872 2293 πνεύ-

288 2349 418 2402 ματι
440 2372 454 2396 ,
505 2330 880 2401 πληρούμενον
915 2332 1106 2401 σοφίας
1129 2348 1144 2363 ’
1179 2333 1272 2385 καὶ
1309 2332 1469 2403 χάρις
1511 2332 1644 2385 Θεοῦ
1675 2328 1742 2404 ἦν
1784 2334 1871 2386 ἐπ’

285 2423 488 2495 αὐτῷ.»
522 2425 632 2477 Καὶ
661 2424 855 2478 πάλιν·
889 2442 908 2476 ι
938 2424 1145 2495 Ἰησοῦς
1182 2425 1520 2496 προέκοπτεν
1554 2425 1743 2498 ἡλικίᾳ
1780 2426 1873 2479 καὶ

286 2518 450 2589 σοφίᾳ
472 2517 567 2572 καὶ
591 2517 771 2587 χάριτι
798 2517 951 2589 παρὰ
973 2516 1094 2587 Θεῷ
1120 2516 1214 2571 καὶ
1238 2517 1561 2587 ἀνθρώποις.
1578 2539 1595 2570 ι
1627 2519 1761 2572 Ἕνα
1787 2520 1870 2571 λέ-

282 2628 469 2679 γοντες
498 2611 590 2663 τὸν
622 2610 823 2682 Κύριον
850 2609 1009 2681 ἡμῶν
1044 2610 1248 2679 Ἰησοῦν
1283 2612 1539 2682 Χριστὸν,
1583 2612 1676 2665 καὶ
1728 2608 1873 2683 αὐτῷ

284 2702 681 2773 προσνέμοντες
722 2702 792 2754 τά
829 2719 887 2754 τε
928 2701 1244 2772 ἀνθρώπινα
1273 2705 1368 2756 καὶ
1418 2703 1729 2773 θεοπρεπῆ,
1761 2707 1873 2768 τοῖς

288 2794 389 2863 μὲν
432 2795 533 2864 τῆς
587 2794 869 2859 κενώσεως
919 2794 1138 2866 μέτροις
1166 2796 1398 2866 πρέπειν
1446 2797 1661 2867 ἀληθῶς
1690 2798 1871 2851 διαϐε-

286 2883 587 2953 ϐαιούμεθα
616 2884 674 2937 τό
697 2901 757 2937 τε
780 2884 878 2956 τὴν
908 2887 1225 2957 σωματικὴν
1246 2886 1472 2958 αὔξησιν
1503 2888 1870 2957 ἐπιδέχεσθαι,

283 2975 379 3029 καὶ
427 2975 533 3045 μὴν
587 2976 680 3028 καὶ
724 2976 786 3028 τὸ
835 2975 1260 3045 κραταιοῦσθαι,
1313 2978 1423 3030 τῶν
1476 2979 1570 3031 τοῦ
1622 2981 1872 3049 σώματος

284 3069 664 3140 ἁδρυνομένων
706 3071 911 3141 μορίων
951 3070 1097 3124 κατὰ
1156 3070 1331 3142 βραχύ
1357 3087 1371 3101 ’
1411 3074 1506 3125 καὶ
1540 3075 1672 3127 αὐτὸ
1710 3075 1766 3128 δὲ
1811 3076 1871 3129 τὸ

268 3161 458 3214 ’δοκεῖν
507 3161 848 3233 πληροῦσθαι
899 3162 1126 3233 σοφίας,
1184 3164 1272 3218 διά
1316 3181 1379 3233 γε
1412 3165 1475 3217 τὸ
1517 3166 1680 3219 οἱονεὶ
1732 3168 1868 3238 πρὸς
1896 3203 1941 3264 c

283 3258 522 3312 ἐπίδοσιν
555 3263 620 3330 τῇ
650 3259 743 3313 τοῦ
775 3258 1023 3331 σώματος
1055 3260 1245 3331 ἡλικίᾳ
1280 3261 1739 3332 πρεπωδεστάτην
1768 3263 1865 3333 τῆς

284 3352 513 3422 ἐνούσης
582 3351 731 3421 αὑτῷ
793 3353 981 3420 σοφίας
1052 3354 1351 3424 ἀναφοιτᾷν
1405 3353 1503 3424 τὴν
1564 3354 1862 3423 έκφανσιν·

284 3446 379 3498 καὶ
410 3445 565 3497 ταυτὶ
603 3445 720 3515 μὲν,
752 3445 825 3506 ὡς
866 3445 1022 3516 ἔφην,
1052 3449 1118 3517 τῇ
1172 3445 1310 3516 μετὰ
1345 3446 1545 3516 σαρκὸς
1585 3448 1867 3518 οἰκονομίᾳ

285 3535 486 3605 πρέποι
523 3519 609 3601 ἂν,
642 3535 735 3588 καὶ
775 3538 887 3598 τοῖς
930 3537 1029 3605 τῆς
1060 3537 1307 3606 ὑφέσεως
1336 3538 1575 3608 μέτροις.
1607 3539 1684 3609 Τῇ
1716 3538 1772 3591 δέ
1802 3556 1866 3607 γε

284 3627 443 3698 φύσει
464 3628 554 3681 τοῦ
572 3628 745 3696 Λόγου
770 3630 969 3700 πρέποι
993 3630 1059 3683 ἂν
1082 3630 1244 3683 πάλιν
1264 3630 1325 3683 τὸ
1347 3631 1435 3684 ἀεὶ
1455 3631 1675 3694 τελείως
1696 3632 1862 3703 ἔχειν,

282 3721 378 3775 καὶ¹
416 3722 554 3775 εἶναι
606 3713 816 3791 σοφίαν.
846 3721 1019 3774 Αὑτοῦ
1067 3722 1356 3793 τοιγαροῦν
1405 3723 1762 3794 ἀνθρωπίνως
1805 3725 1866 3778 τὸ

282 3812 448 3877 ὼςέν
476 3811 700 3866 κενώσει
728 3813 888 3883 τυχὸν
922 3813 1240 3883 ὑφειμένον·
1274 3812 1439 3866 αὑτοῦ
1472 3814 1529 3867 δὲ
1562 3817 1765 3884 ὁμοίως
1797 3816 1867 3869 τὰ

285 3904 585 3975 θεοπρεπῆ,
615 3905 828 3969 θεῖκῶς.
856 3905 914 3959 Ὀ
944 3905 1051 3976 γάρ
1080 3922 1142 3958 το
1191 3906 1286 3975 τῆς,
1326 3907 1463 3976 μετὰ
1486 3907 1689 3977 σαρκὸς
1720 3911 1865 3961 οἰκο-

282 3995 475 4064 νομίας
507 3996 709 4068 τρόπος
741 4014 800 4048 τε
847 3996 941 4048 καὶ
985 3996 1140 4064 λόγος
1189 3993 1327 4049 οἶδεν
1360 3998 1490 4050 ὅντα
1538 3999 1699 4051 αὑτὸν
1741 3999 1863 4051 καθ’

280 4090 448 4159 ἡμᾶς,
480 4089 575 4142 καὶ
603 4089 741 4160 ὑπὲρ
774 4091 940 4160 ἡμᾶς.
961 4088 1324 4159 ’Υπερέχοντα
1359 4089 1456 4158 μὲν
1484 4089 1592 4142 τῶν
1622 4091 1718 4159 τῆς
1753 4091 1865 4143 κτί-

283 4194 421 4241 σεως
451 4180 663 4251 μέτρων
695 4180 769 4244 ὡς
798 4180 955 4233 Θεόν·
988 4179 1181 4233 ἑαυτοῦ
1213 4180 1270 4233 δέ
1302 4198 1417 4244 πως
1452 4183 1736 4253 μονονουχὶ
1770 4185 1863 4235 καὶ

280 4270 615 4341 ἡττώμενον,
645 4272 781 4325 καθὸ
814 4272 1058 4345 πέφηνεν
1086 4272 1391 4345 ἄνθρωπος.
1422 4276 1531 4328 Ποῦ
1561 4277 1667 4347 γὰρ
1698 4280 1729 4347 ἠ
1765 4294 1860 4330 τα-

281 4363 560 4426 πείνωσις,
603 4364 670 4434 ἢν
715 4365 1004 4435 ὑπέμεινεν
1036 4365 1197 4431 ἑκὼν,
1228 4367 1277 4419 εί
1307 4370 1623 4438 παραιτοῖτο
1656 4368 1723 4421 τὰ
1764 4370 1859 4422 ἀν-

281 4455 567 4528 θρώπινα;
612 4457 759 4527 Πλὴν
798 4458 900 4511 οὐκ
938 4459 995 4510 ὲν
1033 4460 1215 4523 αὐτοῖς
1251 4460 1283 4530 ἡ
1335 4460 1428 4513 τοῦ
1463 4460 1623 4528 λόγου
1660 4464 1859 4514 νοεῖται

1976 1975 2149 2026 nitore
2176 1974 2453 2042 praestabit
2484 1992 2497 2028 :
2541 1974 2894 2045 mysteriique
2916 1974 3076 2044 hujus
3101 1976 3239 2029 ratio
3277 1976 3345 2028 ita
3377 1977 3551 2045 expli-

1976 2076 2117 2129 cata,
2155 2067 2586 2135 reprehensione
2646 2068 2789 2138 apud
2851 2082 2999 2123 sana:
3060 2068 3257 2122 mentis
3304 2069 3554 2124 homines

1974 2169 2149 2212 vacat.

2045 2249 2185 2304 XVI.
2234 2270 2253 2302 ἰ
2298 2249 2440 2304 Puer
2463 2261 2644 2304 autem
2675 2252 2978 2315 crescebat,
3035 2261 3086 2304 et
3136 2253 3553 2308 contortabatur

1975 2344 2198 2409 spiritu,
2256 2344 2447 2411 plenus
2501 2343 2805 2412 sapientia;
2854 2353 2909 2397 et
2957 2345 3132 2413 gratia
3178 2343 3270 2398 Dei
3327 2354 3446 2409 erat
3497 2345 3550 2398 in

1979 2434 2141 2503 illo“;
2180 2454 2197 2486 ι
2235 2445 2290 2489 et
2328 2434 2468 2489 inl'ra
2503 2454 2514 2489 :
2556 2454 2581 2485 «ι
2610 2434 2767 2490 Jesus
2821 2435 3136 2505 proﬁciebat
3180 2438 3443 2504 sapientia
3493 2448 3549 2490 et

1976 2538 2136 2583 aetate
2165 2528 2408 2596 etgratia
2443 2528 2583 2597 apud
2618 2529 2784 2583 Deum
2813 2539 2868 2583 et
2899 2530 3237 2584 liomines".)
3267 2532 3550 2584 Dominum

1975 2630 2218 2674 nostrum
2244 2620 2426 2676 Jesnm
2458 2622 2736 2677 Christum
2784 2636 2951 2675 unum
3004 2623 3226 2676 omnino
3258 2636 3377 2676 esse
3409 2621 3553 2675 amr-

1976 2723 2206 2776 mantes,
2240 2715 2586 2783 humanaque
2611 2728 2675 2766 ac
2707 2713 2886 2766 divina
2919 2729 2984 2767 ex
3043 2729 3198 2782 sequo
3249 2714 3425 2767 eidem
3454 2714 3549 2767 tri-

1972 2801 2221 2869 buentes,
2254 2804 2613 2858 exinanitioni
2649 2803 2866 2874 quidem
2920 2819 3048 2858 vere
3078 2807 3369 2860 convenire
3401 2820 3552 2860 asse-

1974 2897 2144 2950 rimus
2168 2912 2289 2950 cum
2318 2898 2563 2967 corporei
2600 2898 2919 2952 incrementi
2973 2900 3397 2965 susceptionem,
3433 2910 3545 2952 tum

1973 2990 2416 3058 corpulentarum
2440 3006 2655 3060 quoque
2685 2990 2917 3058 partium
2961 2992 3327 3044 successivam
3361 3006 3551 3045 conso-

1973 3082 2286 3137 lidationem
2312 3092 2367 3137 et
2403 3082 2905 3146 continuationem;
2931 3082 3061 3149 itum
3096 3083 3196 3136 hoc
3246 3082 3419 3150 ipsmn
3459 3082 3549 3136 de-

1975 3173 2156 3243 nique,
2192 3174 2334 3242 quod
2370 3174 2636 3242 sapientia
2686 3172 2894 3240 impleri
2951 3172 3263 3227 videretur:
3300 3173 3549 3242 quando-

1971 3268 2186 3335 quidem
2215 3282 2321 3319 una
2343 3282 2463 3321 cum
2491 3266 2825 3319 incremento
2853 3265 3098 3334 corporis
3123 3280 3218 3333 per
3242 3281 3550 3335 congruen-

1970 3366 2050 3413 tes
2075 3359 2238 3413 veluti
2284 3374 2623 3428 progressus,
2671 3358 2931 3426 sapientia
2983 3358 3126 3412 illius
3164 3360 3406 3426 quotidie
3436 3375 3550 3411 ma-

1969 3452 2052 3521 gis
2097 3455 2377 3521 magisque
2410 3451 2541 3505 foris
2578 3466 2697 3505 sese
2721 3451 3004 3518 prodebat.
3040 3450 3104 3504 Et
3136 3452 3250 3504 haec
3297 3451 3548 3519 quidem,

1970 3556 2028 3597 ut
2061 3544 2193 3606 dixi,
2221 3544 2401 3598 carnis
2431 3545 2846 3614 dispensationi,
2891 3546 3050 3617 139
3109 3556 3163 3599 et
3222 3546 3549 3601 humiliatio.

1973 3638 2057 3692 nis
2108 3637 2405 3691 conditioni
2461 3639 2857 3707 competebant.
2908 3641 2977 3691 At
3046 3654 3173 3692 vero
3228 3650 3543 3707 perpetuam

1967 3740 2422 3801 constantemque
2455 3731 2842 3799 perfectionem
2882 3732 3152 3794 obtinere,
3194 3749 3403 3787 necnon
3455 3750 3546 3788 sa»

1968 3825 2224 3894 pientiam
2286 3839 2429 3889 esse,
2460 3826 2510 3878 id
2567 3827 2618 3877 in
2657 3826 2826 3894 ipsius
2877 3824 3042 3879 Verbi
3095 3839 3345 3879 naturam
3411 3843 3540 3896 qua-

1968 3922 2107 3974 drat.
2143 3916 2274 3971 Tam
2307 3934 2369 3973 ea
2407 3919 2572 3988 igitur
2605 3919 2748 3972 illius
2780 3928 2905 3973 sunt
2938 3934 3057 3989 qua:
3112 3921 3176 3973 ad
3211 3922 3542 3975 exinanitio-

1967 4027 2089 4065 nem
2124 4012 2414 4077 pertinent,
2441 4026 2603 4079 quam
2661 4027 2721 4061 ea
2793 4026 3035 4076 rursum,
3084 4027 3201 4080 qua:
3241 4013 3306 4066 ad
3347 4013 3547 4069 divina:

1966 4114 2171 4158 natura:
2199 4105 2574 4158 excellentiam
2603 4114 2870 4173 spectarunt.
2906 4105 3116 4159 Etenim
3150 4109 3285 4161 ratio
3316 4111 3541 4165 modus-

1966 4213 2071 4267 que
2134 4197 2552 4266 dispensationis
2608 4212 2729 4250 cum
2779 4212 2944 4253 carne
2979 4202 3227 4255 eutndem
3282 4210 3336 4255 et
3386 4204 3541 4257 nobis

1964 4293 2218 4357 similem,
2276 4302 2330 4349 et
2384 4295 2538 4349 nobis
2596 4310 2812 4349 rursum
2879 4296 3213 4364 superiorem
3269 4300 3536 4365 agnoscit.

1963 4384 2423 4451 Quemadmodum
2447 4386 2589 4439 enim
2624 4390 2800 4442 omnis
2840 4399 3104 4442 creatura:
3170 4390 3537 4444 conditionem

1965 4476 2148 4530 multis
2189 4476 2435 4543 partibus
2480 4476 2695 4530 etcellit
2728 4486 2787 4531 ut
2823 4477 2996 4541 Deus;
3038 4478 3109 4531 ita
3141 4489 3199 4532 ut
3248 4480 3409 4532 homo
3446 4496 3537 4534 se-

279 4548 470 4617 φῦσις,
512 4548 809 4601 οἰκειοῦται
847 4550 905 4601 δὲ
958 4549 1158 4618 μᾶλλον
1211 4553 1350 4605 αὐτὰ
1401 4555 1536 4622 μετὰ
1571 4553 1669 4622 τῆς
1722 4554 1856 4617 [δίας

1970 4569 2189 4636 metipso
2220 4569 2616 4636 quodammodo
2641 4569 2817 4623 minor
2834 4570 3072 4624 exsistit.
3093 4568 3361 4634 Quorsum
3389 4573 3532 4625 enim

279 4638 510 4708 σαρκός*
540 4638 791 4710 καθάπερ
838 4639 1029 4705 ἀμέλει
1063 4641 1157 4694 καὶ
1197 4644 1258 4695 τὸ
1304 4648 1493 4714 πεινῇν
1542 4648 1636 4697 καὶ
1671 4646 1850 4715 διψῇν,

278 4729 458 4783 καὶτὸ
487 4729 736 4797 λέγεσθαι
764 4734 961 4800 καμεῖν
993 4734 1055 4784 ὲκ
1084 4732 1183 4800 τῆς
1208 4734 1532 4806 ὁδοιπορίας.
1562 4737 1731 4789 ’Ὅταν
1762 4735 1855 4792 οῦν

280 4824 485 4896 ἀκούῃς
513 4840 524 4850 ·
563 4843 581 4875 ι
612 4824 685 4876 Τὸ
722 4824 779 4876 δὲ
828 4823 1037 4877 παιδίον
1085 4824 1318 4894 ηὔξανε,
1365 4828 1456 4880 καὶ
1498 4830 1857 4897 ἐκραταιοῦτο

278 4915 568 4986 πνεύματι,
602 4915 973 4985 πληρούμενον
1006 4915 1224 4984 σοφίας·
1260 4936 1277 4964 ι
1311 4916 1464 4987 δέχου
1494 4921 1627 4989 πρὸς
1660 4921 1853 4974 ἀπολο-

278 5007 400 5076 γίαν
431 5009 528 5079 τῆς
561 5009 698 5077 μετὰ
730 5006 927 5078 σαρκὸς
951 5008 1263 5077 οἰκονομίας
1291 5012 1351 5062 τὸ
1381 5013 1697 5082 μυστήριον.
1728 5013 1852 5065 Ὅτι

276 5100 387 5170 γὰρ
415 5096 483 5170 ἦν
524 5099 656 5163 Θεὸς
694 5101 750 5151 ὲν
786 5101 985 5171 σαρκὶ,
1021 5101 1354 5155 πιστώσεται
1401 5104 1571 5173 λέγων
1628 5107 1789 5170 αὐτὸς
1828 5109 1856 5159 6

281 5193 547 5264 μακάριος
591 5192 981 5262 εὐαγγελιστής
1008 5212 1021 5225 ·
1066 5214 1084 5245 ι
1117 5195 1236 5247 Ὅτι
1288 5197 1443 5267 χάρις
1481 5198 1615 5253 Θεοῦ
1651 5196 1717 5271 ἦν
1762 5201 1854 5254 ἐπ’

277 5285 445 5354 αὐτῷ.
472 5304 489 5336 ι
519 5286 593 5338 Οὐ
623 5286 732 5357 γὰρ
758 5287 832 5349 ὡς
863 5288 1021 5356 χάριν
1049 5288 1169 5358 ἔχον
1197 5290 1325 5360 παρ’
1349 5290 1537 5362 ἑτέρου
1564 5293 1720 5356 Θεοῦ,
1756 5295 1854 5363 χά-

280 5395 363 5445 ριν
400 5378 544 5449 ἔχειν
573 5379 788 5447 λέγεται
822 5381 980 5443 Θεοῦ,
1010 5381 1124 5433 ἀλλ’
1151 5383 1231 5433 ὅτι
1273 5384 1431 5453 χάριν
1476 5380 1589 5455 εἶχε
1628 5387 1689 5438 τὸ
1720 5404 1852 5439 παι-

276 5466 408 5531 δίον,
437 5470 583 5537 ἤπερ
610 5469 677 5521 ἂν
708 5469 893 5540 πρέπῃ
933 5470 1071 5541 Θεῷ.
1109 5472 1217 5523 Καὶ
1248 5474 1356 5543 γὰρ
1399 5469 1466 5544 ἦν
1500 5492 1556 5526 τε
1592 5477 1686 5528 καὶ
1734 5475 1847 5529 ἔστι

275 5557 404 5621 Θεὸς
429 5562 458 5612 6
486 5560 678 5626 Λόγος,
712 5561 807 5613 καὶ
835 5563 893 5612 ἐν
932 5564 1096 5632 σαρκὶ
1134 5563 1414 5633 πεφηνὼς,
1450 5567 1729 5620 τουτέστιν
1759 5569 1850 5621 ἆν-

275 5648 490 5723 ερωπος
525 5653 643 5705 καθ’
673 5654 838 5723 ἡμᾶς.
890 5654 950 5705 Ei
999 5654 1055 5706 δὲ
1104 5655 1166 5726 δὴ
1214 5655 1425 5724 λέγοιτο
1474 5658 1635 5730 χάριν
1679 5660 1844 5730 ἔχειν,

347 5825 370 5858 ι
402 5824 559 5885 Joan.
610 5843 664 5892 ι,
716 5826 807 5891 at,
854 5825 947 5879 εις.
1024 5828 1044 5858 σ
1078 5828 1206 5883 Luc.
1240 5846 1299 5894 η,
1340 5813 1429 5891 io.
1508 5836 1527 5866 ⁷
1560 5836 1691 5891 ibid.
1747 5840 1836 5893 52.

588 5920 861 5987 Pa'mon.
907 5925 1019 5987 Gn.
1068 5922 1320 5985 LXXVI.

1961 4661 2284 4725 humiliatio,
2319 4661 2369 4714 in
2407 4677 2568 4732 quam
2598 4663 2737 4717 ultro
2762 4678 2821 4717 se
2847 4664 3085 4728 demisit,
3121 4664 3163 4716 si
3198 4679 3317 4731 qua:
3347 4665 3538 4717 huma-

1960 4770 2041 4807 nae
2070 4763 2273 4809 natura:
2303 4763 2430 4809 sunt
2464 4755 2680 4822 propria
2708 4771 2812 4809 non
2856 4757 3139 4824 agnoscit?
3200 4757 3312 4810 Non
3357 4768 3535 4812 tamen

1960 4844 2013 4899 in
2045 4844 2504 4914 ipsisagnoscitur
2537 4844 2694 4899 Verbi
2747 4855 2978 4913 natura;
3045 4849 3138 4902 sed
3196 4850 3375 4916 potius
3428 4867 3533 4903 una

1958 4951 2080 4990 cum
2109 4937 2323 5007 propria
2344 4953 2507 4990 carne
2541 4954 2602 4992 ea
2627 4940 2805 4993 omnia
2836 4941 2936 4994 sibi
2980 4942 3195 5005 ascivit,
3226 4942 3530 5012 cujusmmli

1964 5038 2109 5092 sunt,
2135 5030 2362 5093 esurire,
2399 5030 2571 5097 sitire,
2594 5041 2647 5085 et
2683 5032 2897 5086 itineris
2927 5032 3113 5087 labore
3148 5036 3348 5104 frangi.
3392 5036 3526 5090 Cum

1966 5123 2127 5191 igitur
2161 5123 2317 5176 audis
2350 5144 2360 5176 :
2402 5141 2418 5173 ι
2454 5123 2592 5178 Puer
2624 5134 2801 5179 autem
2834 5132 3137 5192 crescebat,
3169 5143 3214 5181 et
3250 5130 3529 5182 conforta-

1961 5211 2118 5266 batur
2172 5213 2385 5279 spiritu,
2453 5214 2640 5280 plenus
2686 5218 2986 5285 sapientia;
3042 5239 3059 5268 ι
3118 5221 3536 5287 dispensationis

1962 5317 2085 5356 com
2132 5316 2297 5355 carne
2323 5305 2639 5372 mysterium
2668 5306 2718 5357 in
2751 5322 2925 5361 causa:
2974 5309 3339 5374 patrocinium
3375 5328 3532 5365 assu-

1962 5407 2066 5446 me.
2091 5390 2243 5458 Quod
2272 5404 2450 5447 autem
2483 5396 2620 5448 Deus
2649 5408 2763 5450 erat
2791 5397 2843 5450 in
2871 5414 3056 5463 carne,
3117 5400 3165 5451 id
3197 5404 3531 5471 evangelista

1960 5484 2059 5536 hac
2091 5484 2299 5536 ratione
2333 5484 2621 5537 coolirmat
2649 5504 2663 5539 :
2711 5505 2728 5537 ι
2765 5486 3053 5553 Quoniam.
3115 5490 3316 5559 inquit,
3347 5496 3521 5561 gratia

1960 5572 2053 5627 Dei
2086 5584 2202 5629 erat
2232 5576 2284 5628 in
2311 5576 2420 5631 illo.
2451 5595 2469 5627 ι
2510 5575 2619 5632 Nec
2644 5580 2788 5633 enim
2812 5582 2901 5634 Dei
2937 5584 3165 5647 gratiam
3221 5584 3426 5639 habere
3447 5587 3531 5639 di-

1960 5667 2100 5720 citur
2128 5707 2143 5733 ,
2172 5669 2323 5738 quasi
2354 5669 2421 5723 ab
2440 5670 2546 5725 alio
2578 5671 2685 5727 Deo
2717 5672 2861 5727 illam
2896 5685 3173 5731 mutuatus
3227 5676 3409 5743 fuerit,
3436 5678 3532 5735 sed

3062 5944 3135 6005 43
