  <div class='ocr_page' id='page_1' title='image "/cluster/home/n/w/nwhite01/storage/ocr_20150623/76/nnc1.0046980067/705.png"; bbox 0 0 4000 6326; ppageno 0'>
   <div class='ocr_carea' id='block_1_1' title="bbox 465 313 602 369">
    <p class='ocr_par' dir='ltr' id='par_1_1' title="bbox 465 313 602 369">
     <span class='ocr_line' id='line_1_1' title="bbox 465 313 602 369; baseline 0.015 -2"><span class='ocrx_word' id='word_1_1' title='bbox 465 313 602 369; x_wconf 76' lang='grc'><strong>1355</strong></span> 
     </span>
    </p>
   </div>
   <div class='ocr_carea' id='block_1_2' title="bbox 1451 302 2692 363">
    <p class='ocr_par' dir='ltr' id='par_1_2' title="bbox 1451 302 2692 363">
     <span class='ocr_line' id='line_1_2' title="bbox 1451 302 2692 363; baseline -0.006 0"><span class='ocrx_word' id='word_1_2' title='bbox 1451 309 1510 363; x_wconf 90' lang='lat' dir='ltr'><strong>S.</strong></span> <span class='ocrx_word' id='word_1_3' title='bbox 1557 305 1831 363; x_wconf 77' lang='lat' dir='ltr'><strong>CYRILLI</strong></span> <span class='ocrx_word' id='word_1_4' title='bbox 1869 302 2337 360; x_wconf 77' lang='lat' dir='ltr'><strong>ALEXANDRINI</strong></span> <span class='ocrx_word' id='word_1_5' title='bbox 2376 302 2692 358; x_wconf 80' lang='lat' dir='ltr'><strong>ARCIIIEP.</strong></span> 
     </span>
    </p>
   </div>
   <div class='ocr_carea' id='block_1_3' title="bbox 3583 302 3737 360">
    <p class='ocr_par' dir='ltr' id='par_1_3' title="bbox 3583 302 3737 360">
     <span class='ocr_line' id='line_1_3' title="bbox 3583 302 3737 360; baseline 0 -1"><span class='ocrx_word' id='word_1_6' title='bbox 3583 302 3737 360; x_wconf 76' lang='grc'><strong>1356</strong></span> 
     </span>
    </p>
   </div>
   <div class='ocr_carea' id='block_1_4' title="bbox 460 424 2036 501">
    <p class='ocr_par' dir='ltr' id='par_1_4' title="bbox 460 427 2030 501">
     <span class='ocr_line' id='line_1_4' title="bbox 460 427 2030 501; baseline -0.006 -13"><span class='ocrx_word' id='word_1_7' title='bbox 460 434 626 501; x_wconf 86' lang='lat' dir='ltr'><strong>quod,</strong></span> <span class='ocrx_word' id='word_1_8' title='bbox 662 446 782 485; x_wconf 90' lang='lat' dir='ltr'><strong>cum</strong></span> <span class='ocrx_word' id='word_1_9' title='bbox 814 444 945 500; x_wconf 90' lang='lat' dir='ltr'><strong>puer</strong></span> <span class='ocrx_word' id='word_1_10' title='bbox 969 439 1131 496; x_wconf 88' lang='lat' dir='ltr'><strong>esset,</strong></span> <span class='ocrx_word' id='word_1_11' title='bbox 1156 428 1420 497; x_wconf 81' lang='lat' dir='ltr'><strong>ejusmodi</strong></span> <span class='ocrx_word' id='word_1_12' title='bbox 1443 427 1615 497; x_wconf 88' lang='lat' dir='ltr'><strong>gratia</strong></span> <span class='ocrx_word' id='word_1_13' title='bbox 1637 434 1863 480; x_wconf 90' lang='lat' dir='ltr'><strong>ornatus</strong></span> <span class='ocrx_word' id='word_1_14' title='bbox 1892 435 2030 487; x_wconf 89' lang='lat' dir='ltr'><strong>erat,</strong></span> 
     </span>
    </p>
   </div>
   <div class='ocr_carea' id='block_1_5' title="bbox 2146 424 3735 501">
    <p class='ocr_par' dir='ltr' id='par_1_5' title="bbox 2146 424 3735 495">
     <span class='ocr_line' id='line_1_5' title="bbox 2146 424 3735 495; baseline -0.001 -19"><span class='ocrx_word' id='word_1_15' title='bbox 2146 425 2301 495; x_wconf 71' lang='grc' dir='ltr'>ήγουν</span> <span class='ocrx_word' id='word_1_16' title='bbox 2348 424 2679 492; x_wconf 81' lang='grc' dir='ltr'><strong>προκόπτειν</strong></span> <span class='ocrx_word' id='word_1_17' title='bbox 2725 424 2782 476; x_wconf 80' lang='grc' dir='ltr'>ὲν</span> <span class='ocrx_word' id='word_1_18' title='bbox 2816 424 2996 495; x_wconf 84' lang='grc' dir='ltr'>χάριτι</span> <span class='ocrx_word' id='word_1_19' title='bbox 3031 425 3181 495; x_wconf 83' lang='grc' dir='ltr'><strong>παρά</strong></span> <span class='ocrx_word' id='word_1_20' title='bbox 3224 442 3282 477; x_wconf 90' lang='grc' dir='ltr'><strong>τε</strong></span> <span class='ocrx_word' id='word_1_21' title='bbox 3316 424 3435 494; x_wconf 85' lang='grc' dir='ltr'>Θεῷ</span> <span class='ocrx_word' id='word_1_22' title='bbox 3482 424 3579 477; x_wconf 68' lang='grc' dir='ltr'><strong>καὶ</strong></span> <span class='ocrx_word' id='word_1_23' title='bbox 3612 425 3735 476; x_wconf 82' lang='grc' dir='ltr'>ἀν-</span> 
     </span>
    </p>
   </div>
   <div class='ocr_carea' id='block_1_6' title="bbox 460 517 2035 593">
    <p class='ocr_par' dir='ltr' id='par_1_6' title="bbox 460 517 2035 593">
     <span class='ocr_line' id='line_1_6' title="bbox 460 517 2035 593; baseline -0.005 -18"><span class='ocrx_word' id='word_1_24' title='bbox 460 540 563 593; x_wconf 89' lang='lat' dir='ltr'><strong>qua</strong></span> <span class='ocrx_word' id='word_1_25' title='bbox 618 524 779 577; x_wconf 86' lang='lat' dir='ltr'><strong>Deum</strong></span> <span class='ocrx_word' id='word_1_26' title='bbox 835 522 1101 575; x_wconf 90' lang='lat' dir='ltr'><strong>decebat:</strong></span> <span class='ocrx_word' id='word_1_27' title='bbox 1143 518 1576 587; x_wconf 72' lang='lat' dir='ltr'><strong>quandoquidem</strong></span> <span class='ocrx_word' id='word_1_28' title='bbox 1621 518 1761 571; x_wconf 86' lang='lat' dir='ltr'><strong>Deus</strong></span> <span class='ocrx_word' id='word_1_29' title='bbox 1802 517 2035 569; x_wconf 76' lang='lat' dir='ltr'><strong>Verbum</strong></span> 
     </span>
    </p>
   </div>
   <div class='ocr_carea' id='block_1_7' title="bbox 459 609 2039 677">
    <p class='ocr_par' dir='ltr' id='par_1_7' title="bbox 459 609 2039 677">
     <span class='ocr_line' id='line_1_7' title="bbox 459 609 2039 677; baseline -0.005 -10"><span class='ocrx_word' id='word_1_30' title='bbox 459 627 598 677; x_wconf 79' lang='lat' dir='ltr'><strong>erat,</strong></span> <span class='ocrx_word' id='word_1_31' title='bbox 627 626 680 668; x_wconf 84' lang='lat' dir='ltr'><strong>et</strong></span> <span class='ocrx_word' id='word_1_32' title='bbox 714 625 818 676; x_wconf 86' lang='lat' dir='ltr'><strong>est,</strong></span> <span class='ocrx_word' id='word_1_33' title='bbox 858 614 1071 667; x_wconf 86' lang='lat' dir='ltr'><strong>etiamsi</strong></span> <span class='ocrx_word' id='word_1_34' title='bbox 1107 612 1158 664; x_wconf 91' lang='lat' dir='ltr'><strong>in</strong></span> <span class='ocrx_word' id='word_1_35' title='bbox 1188 626 1353 664; x_wconf 85' lang='lat' dir='ltr'><strong>carne</strong></span> <span class='ocrx_word' id='word_1_36' title='bbox 1383 611 1716 676; x_wconf 90' lang='lat' dir='ltr'><strong>apparuerit,</strong></span> <span class='ocrx_word' id='word_1_37' title='bbox 1770 609 2039 675; x_wconf 81' lang='lat' dir='ltr'><strong>nobisque</strong></span> 
     </span>
    </p>
   </div>
   <div class='ocr_carea' id='block_1_8' title="bbox 459 700 2042 768">
    <p class='ocr_par' dir='ltr' id='par_1_8' title="bbox 459 700 2042 768">
     <span class='ocr_line' id='line_1_8' title="bbox 459 700 2042 768; baseline -0.008 -10"><span class='ocrx_word' id='word_1_38' title='bbox 459 706 655 758; x_wconf 80' lang='lat' dir='ltr'><strong>similis</strong></span> <span class='ocrx_word' id='word_1_39' title='bbox 682 705 905 758; x_wconf 72' lang='lat' dir='ltr'><strong>ell&#39;ectus</strong></span> <span class='ocrx_word' id='word_1_40' title='bbox 962 705 1051 756; x_wconf 88' lang='lat' dir='ltr'><strong>sit.</strong></span> <span class='ocrx_word' id='word_1_41' title='bbox 1081 701 1221 755; x_wconf 84' lang='lat' dir='ltr'><strong>Nihil</strong></span> <span class='ocrx_word' id='word_1_42' title='bbox 1258 700 1481 768; x_wconf 90' lang='lat' dir='ltr'><strong>proinde</strong></span> <span class='ocrx_word' id='word_1_43' title='bbox 1508 702 1747 763; x_wconf 85' lang='lat' dir='ltr'><strong>absurdi,</strong></span> <span class='ocrx_word' id='word_1_44' title='bbox 1780 706 1917 750; x_wconf 89' lang='lat' dir='ltr'><strong>auta</strong></span> <span class='ocrx_word' id='word_1_45' title='bbox 1956 712 2042 747; x_wconf 85' lang='lat' dir='ltr'><strong>ra-</strong></span> 
     </span>
    </p>
   </div>
   <div class='ocr_carea' id='block_1_9' title="bbox 458 789 2043 859">
    <p class='ocr_par' dir='ltr' id='par_1_9' title="bbox 458 789 2043 859">
     <span class='ocr_line' id='line_1_9' title="bbox 458 789 2043 859; baseline -0.006 -11"><span class='ocrx_word' id='word_1_46' title='bbox 458 798 603 851; x_wconf 75' lang='lat' dir='ltr'><strong>tione</strong></span> <span class='ocrx_word' id='word_1_47' title='bbox 632 795 1181 856; x_wconf 87' lang='lat' dir='ltr'><strong>aliennmasseritur,</strong></span> <span class='ocrx_word' id='word_1_48' title='bbox 1230 793 1273 845; x_wconf 91' lang='lat' dir='ltr'><strong>si</strong></span> <span class='ocrx_word' id='word_1_49' title='bbox 1320 793 1485 846; x_wconf 86' lang='lat' dir='ltr'><strong>etiam</strong></span> <span class='ocrx_word' id='word_1_50' title='bbox 1539 791 1769 859; x_wconf 88' lang='lat' dir='ltr'><strong>gratiam</strong></span> <span class='ocrx_word' id='word_1_51' title='bbox 1818 789 2043 851; x_wconf 90' lang='lat' dir='ltr'><strong>habere,</strong></span> 
     </span>
    </p>
   </div>
   <div class='ocr_carea' id='block_1_10' title="bbox 2145 514 3735 585">
    <p class='ocr_par' dir='ltr' id='par_1_10' title="bbox 2145 514 3735 585">
     <span class='ocr_line' id='line_1_10' title="bbox 2145 514 3735 585; baseline 0 -18"><span class='ocrx_word' id='word_1_52' title='bbox 2145 514 2413 585; x_wconf 83' lang='grc' dir='ltr'><strong>θρώποις,</strong></span> <span class='ocrx_word' id='word_1_53' title='bbox 2463 514 2522 566; x_wconf 81' lang='grc' dir='ltr'><strong>τὸ</strong></span> <span class='ocrx_word' id='word_1_54' title='bbox 2569 514 2794 577; x_wconf 72' lang='grc' dir='ltr'>ἀπεικὸς</span> <span class='ocrx_word' id='word_1_55' title='bbox 2823 516 2973 567; x_wconf 72' lang='grc' dir='ltr'>οὐδέν</span> <span class='ocrx_word' id='word_1_56' title='bbox 3000 532 3014 547; x_wconf 80' lang='grc' dir='ltr'><strong>ο</strong></span> <span class='ocrx_word' id='word_1_57' title='bbox 3047 517 3095 566; x_wconf 75' lang='grc' dir='ltr'>εἰ</span> <span class='ocrx_word' id='word_1_58' title='bbox 3144 516 3237 569; x_wconf 74' lang='grc' dir='ltr'><strong>καὶ</strong></span> <span class='ocrx_word' id='word_1_59' title='bbox 3279 517 3440 579; x_wconf 75' lang='grc' dir='ltr'>αὐτὸς</span> <span class='ocrx_word' id='word_1_60' title='bbox 3468 516 3496 567; x_wconf 88' lang='grc' dir='ltr'><strong>ὁ</strong></span> <span class='ocrx_word' id='word_1_61' title='bbox 3530 515 3735 584; x_wconf 77' lang='grc' dir='ltr'>Πατὴρ</span> 
     </span>
    </p>
   </div>
   <div class='ocr_carea' id='block_1_11' title="bbox 2140 603 3736 674">
    <p class='ocr_par' dir='ltr' id='par_1_11' title="bbox 2140 603 3736 674">
     <span class='ocr_line' id='line_1_11' title="bbox 2140 603 3736 674; baseline 0.001 -18"><span class='ocrx_word' id='word_1_62' title='bbox 2140 605 2435 674; x_wconf 80' lang='grc' dir='ltr'>ἀπεδέχετο</span> <span class='ocrx_word' id='word_1_63' title='bbox 2462 603 2560 673; x_wconf 73' lang='grc' dir='ltr'><strong>τὴν</strong></span> <span class='ocrx_word' id='word_1_64' title='bbox 2593 604 2929 672; x_wconf 82' lang='grc' dir='ltr'>οἰκονομίαν,</span> <span class='ocrx_word' id='word_1_65' title='bbox 2963 606 3058 658; x_wconf 76' lang='grc' dir='ltr'>καὶ</span> <span class='ocrx_word' id='word_1_66' title='bbox 3087 607 3249 659; x_wconf 78' lang='grc' dir='ltr'>αὐτὸν</span> <span class='ocrx_word' id='word_1_67' title='bbox 3274 607 3330 659; x_wconf 84' lang='grc' dir='ltr'>δὲ</span> <span class='ocrx_word' id='word_1_68' title='bbox 3364 606 3456 658; x_wconf 75' lang='grc' dir='ltr'><strong>τὸν</strong></span> <span class='ocrx_word' id='word_1_69' title='bbox 3486 606 3618 658; x_wconf 78' lang='grc' dir='ltr'>Υίὸν</span> <span class='ocrx_word' id='word_1_70' title='bbox 3644 609 3736 657; x_wconf 82' lang='grc' dir='ltr'><strong>οἰ-</strong></span> 
     </span>
    </p>
   </div>
   <div class='ocr_carea' id='block_1_12' title="bbox 2140 693 3737 767">
    <p class='ocr_par' dir='ltr' id='par_1_12' title="bbox 2140 693 3737 767">
     <span class='ocr_line' id='line_1_12' title="bbox 2140 693 3737 767; baseline 0 -22"><span class='ocrx_word' id='word_1_71' title='bbox 2140 695 2456 763; x_wconf 76' lang='grc' dir='ltr'>κειούμενον</span> <span class='ocrx_word' id='word_1_72' title='bbox 2485 693 2553 746; x_wconf 78' lang='grc' dir='ltr'>τὰ</span> <span class='ocrx_word' id='word_1_73' title='bbox 2584 695 2845 763; x_wconf 80' lang='grc' dir='ltr'>σαρκικὰ,</span> <span class='ocrx_word' id='word_1_74' title='bbox 2872 695 2962 748; x_wconf 84' lang='grc' dir='ltr'>διὰ</span> <span class='ocrx_word' id='word_1_75' title='bbox 2991 698 3052 749; x_wconf 87' lang='grc' dir='ltr'><strong>τὸ</strong></span> <span class='ocrx_word' id='word_1_76' title='bbox 3079 696 3157 766; x_wconf 80' lang='grc' dir='ltr'><strong>τῷ</strong></span> <span class='ocrx_word' id='word_1_77' title='bbox 3188 696 3471 767; x_wconf 77' lang='grc' dir='ltr'><strong>μυστηρίῳ</strong></span> <span class='ocrx_word' id='word_1_78' title='bbox 3507 697 3737 766; x_wconf 78' lang='grc' dir='ltr'>πρέπον</span> 
     </span>
    </p>
   </div>
   <div class='ocr_carea' id='block_1_13' title="bbox 2140 785 2904 857">
    <p class='ocr_par' dir='ltr' id='par_1_13' title="bbox 2140 785 2904 857">
     <span class='ocr_line' id='line_1_13' title="bbox 2140 785 2904 857; baseline 0.004 -20"><span class='ocrx_word' id='word_1_79' title='bbox 2140 803 2199 837; x_wconf 89' lang='grc' dir='ltr'><strong>τε</strong></span> <span class='ocrx_word' id='word_1_80' title='bbox 2230 785 2365 855; x_wconf 73' lang='grc' dir='ltr'>ὁμοῦ</span> <span class='ocrx_word' id='word_1_81' title='bbox 2398 787 2493 838; x_wconf 72' lang='grc' dir='ltr'><strong>καὶ</strong></span> <span class='ocrx_word' id='word_1_82' title='bbox 2522 786 2582 837; x_wconf 85' lang='grc' dir='ltr'>τὸ</span> <span class='ocrx_word' id='word_1_83' title='bbox 2616 788 2904 857; x_wconf 75' lang='grc' dir='ltr'>χρήσιμον.</span> 
     </span>
    </p>
   </div>
   <div class='ocr_carea' id='block_1_14' title="bbox 458 882 3741 958">
    <p class='ocr_par' dir='ltr' id='par_1_14' title="bbox 458 882 3741 958">
     <span class='ocr_line' id='line_1_14' title="bbox 458 882 3741 958; baseline -0.002 -16"><span class='ocrx_word' id='word_1_84' title='bbox 458 890 555 943; x_wconf 89' lang='lat' dir='ltr'><strong>hoc</strong></span> <span class='ocrx_word' id='word_1_85' title='bbox 588 900 670 943; x_wconf 84' lang='lat' dir='ltr'><strong>est</strong></span> <span class='ocrx_word' id='word_1_86' title='bbox 706 890 877 958; x_wconf 81' lang='lat' dir='ltr'><strong>gratia</strong></span> <span class='ocrx_word' id='word_1_87' title='bbox 908 891 1043 956; x_wconf 89' lang='lat' dir='ltr'><strong>apud</strong></span> <span class='ocrx_word' id='word_1_88' title='bbox 1069 888 1231 941; x_wconf 85' lang='lat' dir='ltr'><strong>Deum</strong></span> <span class='ocrx_word' id='word_1_89' title='bbox 1268 898 1320 940; x_wconf 91' lang='lat' dir='ltr'><strong>et</strong></span> <span class='ocrx_word' id='word_1_90' title='bbox 1349 888 1593 941; x_wconf 78' lang='lat' dir='ltr'><strong>Immines</strong></span> <span class='ocrx_word' id='word_1_91' title='bbox 1654 885 1916 954; x_wconf 83' lang='lat' dir='ltr'><strong>prolicere</strong></span> <span class='ocrx_word' id='word_1_92' title='bbox 1963 882 2209 935; x_wconf 82' lang='lat' dir='ltr'><strong>dicatur:</strong></span> <span class='ocrx_word' id='word_1_93' title='bbox 2262 898 2383 936; x_wconf 89' lang='lat' dir='ltr'><strong>nam</strong></span> <span class='ocrx_word' id='word_1_94' title='bbox 2428 884 2538 949; x_wconf 89' lang='lat' dir='ltr'><strong>ipse</strong></span> <span class='ocrx_word' id='word_1_95' title='bbox 2578 883 2737 935; x_wconf 83' lang='lat' dir='ltr'><strong>Pater</strong></span> <span class='ocrx_word' id='word_1_96' title='bbox 2805 892 2914 936; x_wconf 81' lang='lat' dir='ltr'><strong>tam</strong></span> <span class='ocrx_word' id='word_1_97' title='bbox 2965 883 3136 951; x_wconf 85' lang='lat' dir='ltr'><strong>ipsam</strong></span> <span class='ocrx_word' id='word_1_98' title='bbox 3194 886 3375 939; x_wconf 91' lang='lat' dir='ltr'><strong>carnis</strong></span> <span class='ocrx_word' id='word_1_99' title='bbox 3431 885 3741 953; x_wconf 78' lang='lat' dir='ltr'><strong>dispensa-</strong></span> 
     </span>
    </p>
   </div>
   <div class='ocr_carea' id='block_1_15' title="bbox 459 975 3744 1050">
    <p class='ocr_par' dir='ltr' id='par_1_15' title="bbox 459 975 3744 1050">
     <span class='ocr_line' id='line_1_15' title="bbox 459 975 3744 1050; baseline -0.002 -17"><span class='ocrx_word' id='word_1_100' title='bbox 459 986 678 1046; x_wconf 92' lang='lat' dir='ltr'><strong>tionem,</strong></span> <span class='ocrx_word' id='word_1_101' title='bbox 706 999 863 1050; x_wconf 81' lang='lat' dir='ltr'><strong>quam</strong></span> <span class='ocrx_word' id='word_1_102' title='bbox 897 982 1070 1049; x_wconf 85' lang='lat' dir='ltr'><strong>ipsum</strong></span> <span class='ocrx_word' id='word_1_103' title='bbox 1099 982 1260 1033; x_wconf 87' lang='lat' dir='ltr'><strong>etiam</strong></span> <span class='ocrx_word' id='word_1_104' title='bbox 1292 979 1489 1032; x_wconf 87' lang='lat' dir='ltr'><strong>Filium</strong></span> <span class='ocrx_word' id='word_1_105' title='bbox 1530 994 1650 1047; x_wconf 78' lang='lat' dir='ltr'><strong>quzc</strong></span> <span class='ocrx_word' id='word_1_106' title='bbox 1702 976 1885 1031; x_wconf 87' lang='lat' dir='ltr'><strong>carnis</strong></span> <span class='ocrx_word' id='word_1_107' title='bbox 1952 985 2076 1030; x_wconf 91' lang='lat' dir='ltr'><strong>sunt</strong></span> <span class='ocrx_word' id='word_1_108' title='bbox 2113 976 2353 1043; x_wconf 89' lang='lat' dir='ltr'><strong>propria,</strong></span> <span class='ocrx_word' id='word_1_109' title='bbox 2389 984 2606 1045; x_wconf 82' lang='lat' dir='ltr'><strong>propter</strong></span> <span class='ocrx_word' id='word_1_110' title='bbox 2671 975 2955 1029; x_wconf 83' lang='lat' dir='ltr'><strong>utilitatem</strong></span> <span class='ocrx_word' id='word_1_111' title='bbox 2999 976 3352 1046; x_wconf 78' lang='lat' dir='ltr'><strong>niysteriique</strong></span> <span class='ocrx_word' id='word_1_112' title='bbox 3401 979 3744 1031; x_wconf 81' lang='lat' dir='ltr'><strong>convenien-</strong></span> 
     </span>
    </p>
   </div>
   <div class='ocr_carea' id='block_1_16' title="bbox 459 1074 1649 1143">
    <p class='ocr_par' dir='ltr' id='par_1_16' title="bbox 459 1074 1649 1143">
     <span class='ocr_line' id='line_1_16' title="bbox 459 1074 1649 1143; baseline -0.003 -15"><span class='ocrx_word' id='word_1_113' title='bbox 459 1081 586 1128; x_wconf 84' lang='lat' dir='ltr'><strong>tiam</strong></span> <span class='ocrx_word' id='word_1_114' title='bbox 621 1077 719 1128; x_wconf 89' lang='lat' dir='ltr'><strong>sibi</strong></span> <span class='ocrx_word' id='word_1_115' title='bbox 756 1076 1129 1138; x_wconf 78' lang='lat' dir='ltr'><strong>asciscentem,</strong></span> <span class='ocrx_word' id='word_1_116' title='bbox 1157 1084 1374 1143; x_wconf 88' lang='lat' dir='ltr'><strong>accepta</strong></span> <span class='ocrx_word' id='word_1_117' title='bbox 1402 1074 1649 1127; x_wconf 90' lang='lat' dir='ltr'><strong>habebat.</strong></span> 
     </span>
    </p>
   </div>
   <div class='ocr_carea' id='block_1_17' title="bbox 529 1167 2027 1234">
    <p class='ocr_par' dir='ltr' id='par_1_17' title="bbox 529 1167 2027 1234">
     <span class='ocr_line' id='line_1_17' title="bbox 529 1167 2027 1234; baseline -0.001 -14"><span class='ocrx_word' id='word_1_118' title='bbox 529 1167 686 1220; x_wconf 73' lang='lat' dir='ltr'><strong>XVII.</strong></span> <span class='ocrx_word' id='word_1_119' title='bbox 718 1185 734 1217; x_wconf 83' lang='grc' dir='ltr'><strong>ι</strong></span> <span class='ocrx_word' id='word_1_120' title='bbox 764 1168 836 1220; x_wconf 87' lang='lat' dir='ltr'><strong>De</strong></span> <span class='ocrx_word' id='word_1_121' title='bbox 856 1169 940 1221; x_wconf 91' lang='lat' dir='ltr'><strong>die</strong></span> <span class='ocrx_word' id='word_1_122' title='bbox 961 1178 1137 1221; x_wconf 89' lang='lat' dir='ltr'><strong>autem</strong></span> <span class='ocrx_word' id='word_1_123' title='bbox 1163 1168 1251 1221; x_wconf 91' lang='lat' dir='ltr'><strong>illa</strong></span> <span class='ocrx_word' id='word_1_124' title='bbox 1274 1178 1328 1221; x_wconf 91' lang='lat' dir='ltr'><strong>et</strong></span> <span class='ocrx_word' id='word_1_125' title='bbox 1360 1169 1491 1221; x_wconf 90' lang='lat' dir='ltr'><strong>hora</strong></span> <span class='ocrx_word' id='word_1_126' title='bbox 1524 1183 1683 1220; x_wconf 86' lang='lat' dir='ltr'><strong>nemo</strong></span> <span class='ocrx_word' id='word_1_127' title='bbox 1709 1168 1833 1231; x_wconf 89' lang='lat' dir='ltr'><strong>scit,</strong></span> <span class='ocrx_word' id='word_1_128' title='bbox 1852 1180 2027 1234; x_wconf 89' lang='lat' dir='ltr'><strong>neque</strong></span> 
     </span>
    </p>
   </div>
   <div class='ocr_carea' id='block_1_18' title="bbox 458 1258 2023 1326">
    <p class='ocr_par' dir='ltr' id='par_1_18' title="bbox 458 1258 2023 1326">
     <span class='ocr_line' id='line_1_18' title="bbox 458 1258 2023 1326; baseline -0.003 -13"><span class='ocrx_word' id='word_1_129' title='bbox 458 1261 633 1326; x_wconf 78' lang='lat' dir='ltr'><strong>angeli</strong></span> <span class='ocrx_word' id='word_1_130' title='bbox 669 1259 953 1321; x_wconf 72' lang='lat' dir='ltr'><strong>caelorum,</strong></span> <span class='ocrx_word' id='word_1_131' title='bbox 983 1274 1157 1326; x_wconf 89' lang='lat' dir='ltr'><strong>neque</strong></span> <span class='ocrx_word' id='word_1_132' title='bbox 1185 1258 1372 1325; x_wconf 85' lang='lat' dir='ltr'><strong>Filius,</strong></span> <span class='ocrx_word' id='word_1_133' title='bbox 1404 1259 1505 1313; x_wconf 87' lang='lat' dir='ltr'><strong>nisi</strong></span> <span class='ocrx_word' id='word_1_134' title='bbox 1544 1258 1693 1313; x_wconf 91' lang='lat' dir='ltr'><strong>solus</strong></span> <span class='ocrx_word' id='word_1_135' title='bbox 1721 1258 1883 1311; x_wconf 82' lang='lat' dir='ltr'><strong>Pater</strong></span> <span class='ocrx_word' id='word_1_136' title='bbox 1921 1258 1963 1310; x_wconf 78' lang='grc'><strong>³.</strong></span> <span class='ocrx_word' id='word_1_137' title='bbox 2005 1275 2023 1309; x_wconf 77' lang='grc' dir='ltr'><strong>ι</strong></span> 
     </span>
    </p>
   </div>
   <div class='ocr_carea' id='block_1_19' title="bbox 459 1350 2032 1421">
    <p class='ocr_par' dir='ltr' id='par_1_19' title="bbox 459 1350 2032 1421">
     <span class='ocr_line' id='line_1_19' title="bbox 459 1350 2032 1421; baseline -0.002 -15"><span class='ocrx_word' id='word_1_138' title='bbox 459 1353 515 1406; x_wconf 89' lang='lat' dir='ltr'><strong>Si</strong></span> <span class='ocrx_word' id='word_1_139' title='bbox 548 1353 826 1407; x_wconf 83' lang='lat' dir='ltr'><strong>Christum</strong></span> <span class='ocrx_word' id='word_1_140' title='bbox 864 1368 1026 1404; x_wconf 91' lang='lat' dir='ltr'><strong>unum</strong></span> <span class='ocrx_word' id='word_1_141' title='bbox 1062 1353 1355 1421; x_wconf 82' lang='lat' dir='ltr'><strong>(objiciunt</strong></span> <span class='ocrx_word' id='word_1_142' title='bbox 1386 1353 1504 1421; x_wconf 90' lang='lat' dir='ltr'><strong>illi),</strong></span> <span class='ocrx_word' id='word_1_143' title='bbox 1531 1354 1631 1407; x_wconf 92' lang='lat' dir='ltr'><strong>hoc</strong></span> <span class='ocrx_word' id='word_1_144' title='bbox 1665 1363 1747 1406; x_wconf 89' lang='lat' dir='ltr'><strong>est</strong></span> <span class='ocrx_word' id='word_1_145' title='bbox 1778 1352 1871 1405; x_wconf 91' lang='lat' dir='ltr'><strong>Dei</strong></span> <span class='ocrx_word' id='word_1_146' title='bbox 1897 1350 2032 1405; x_wconf 81' lang='lat' dir='ltr'><strong>Ver-</strong></span> 
     </span>
    </p>
   </div>
   <div class='ocr_carea' id='block_1_20' title="bbox 458 1443 2033 1505">
    <p class='ocr_par' dir='ltr' id='par_1_20' title="bbox 458 1443 2033 1505">
     <span class='ocr_line' id='line_1_20' title="bbox 458 1443 2033 1505; baseline -0.001 -7"><span class='ocrx_word' id='word_1_147' title='bbox 458 1447 584 1499; x_wconf 89' lang='lat' dir='ltr'><strong>bum</strong></span> <span class='ocrx_word' id='word_1_148' title='bbox 646 1444 1013 1505; x_wconf 89' lang='lat' dir='ltr'><strong>iucarnatum,</strong></span> <span class='ocrx_word' id='word_1_149' title='bbox 1068 1446 1121 1496; x_wconf 89' lang='lat' dir='ltr'><strong>id</strong></span> <span class='ocrx_word' id='word_1_150' title='bbox 1180 1456 1263 1498; x_wconf 91' lang='lat' dir='ltr'><strong>est</strong></span> <span class='ocrx_word' id='word_1_151' title='bbox 1329 1445 1604 1498; x_wconf 89' lang='lat' dir='ltr'><strong>hominem</strong></span> <span class='ocrx_word' id='word_1_152' title='bbox 1656 1443 1860 1497; x_wconf 79' lang='lat' dir='ltr'><strong>factum</strong></span> <span class='ocrx_word' id='word_1_153' title='bbox 1911 1456 2033 1498; x_wconf 86' lang='lat' dir='ltr'><strong>esse</strong></span> 
     </span>
    </p>
   </div>
   <div class='ocr_carea' id='block_1_21' title="bbox 458 1534 2029 1604">
    <p class='ocr_par' dir='ltr' id='par_1_21' title="bbox 458 1534 2029 1604">
     <span class='ocr_line' id='line_1_21' title="bbox 458 1534 2029 1604; baseline -0.001 -14"><span class='ocrx_word' id='word_1_154' title='bbox 458 1545 615 1590; x_wconf 88' lang='lat' dir='ltr'><strong>certo</strong></span> <span class='ocrx_word' id='word_1_155' title='bbox 655 1537 919 1602; x_wconf 84' lang='lat' dir='ltr'><strong>statuitis,</strong></span> <span class='ocrx_word' id='word_1_156' title='bbox 971 1535 1246 1604; x_wconf 90' lang='lat' dir='ltr'><strong>quomodo</strong></span> <span class='ocrx_word' id='word_1_157' title='bbox 1284 1536 1328 1589; x_wconf 89' lang='lat' dir='ltr'><strong>is</strong></span> <span class='ocrx_word' id='word_1_158' title='bbox 1360 1534 1857 1589; x_wconf 77' lang='lat' dir='ltr'><strong>consummationis</strong></span> <span class='ocrx_word' id='word_1_159' title='bbox 1886 1536 2029 1589; x_wconf 90' lang='lat' dir='ltr'><strong>diem</strong></span> 
     </span>
    </p>
   </div>
   <div class='ocr_carea' id='block_1_22' title="bbox 459 1628 2029 1697">
    <p class='ocr_par' dir='ltr' id='par_1_22' title="bbox 459 1628 2029 1697">
     <span class='ocr_line' id='line_1_22' title="bbox 459 1628 2029 1697; baseline -0.002 -15"><span class='ocrx_word' id='word_1_160' title='bbox 459 1628 780 1697; x_wconf 79' lang='lat' dir='ltr'><strong>ignoravit?</strong></span> <span class='ocrx_word' id='word_1_161' title='bbox 838 1628 1250 1696; x_wconf 81' lang='lat' dir='ltr'><strong>Respondemus</strong></span> <span class='ocrx_word' id='word_1_162' title='bbox 1318 1628 1626 1682; x_wconf 77' lang='lat' dir='ltr'><strong>divinorum</strong></span> <span class='ocrx_word' id='word_1_163' title='bbox 1694 1639 2029 1682; x_wconf 89' lang='lat' dir='ltr'><strong>secretorum</strong></span> 
     </span>
    </p>
   </div>
   <div class='ocr_carea' id='block_1_23' title="bbox 2212 1161 3742 1232">
    <p class='ocr_par' dir='ltr' id='par_1_23' title="bbox 2212 1161 3742 1232">
     <span class='ocr_line' id='line_1_23' title="bbox 2212 1161 3742 1232; baseline -0.003 -14"><span class='ocrx_word' id='word_1_164' title='bbox 2212 1166 2309 1219; x_wconf 89' lang='lat' dir='ltr'><strong>IZ&#39;.</strong></span> <span class='ocrx_word' id='word_1_165' title='bbox 2352 1184 2371 1214; x_wconf 79' lang='grc' dir='ltr'><strong>ι</strong></span> <span class='ocrx_word' id='word_1_166' title='bbox 2402 1163 2536 1232; x_wconf 66' lang='grc' dir='ltr'>Περὶ</span> <span class='ocrx_word' id='word_1_167' title='bbox 2565 1163 2622 1214; x_wconf 74' lang='grc' dir='ltr'><strong>δε</strong></span> <span class='ocrx_word' id='word_1_168' title='bbox 2648 1162 2748 1232; x_wconf 82' lang='grc' dir='ltr'>τῆς</span> <span class='ocrx_word' id='word_1_169' title='bbox 2778 1161 2997 1231; x_wconf 78' lang='grc' dir='ltr'>ἡμέρας</span> <span class='ocrx_word' id='word_1_170' title='bbox 3038 1161 3253 1230; x_wconf 76' lang='grc' dir='ltr'><strong>ἐκείνης</strong></span> <span class='ocrx_word' id='word_1_171' title='bbox 3300 1161 3394 1213; x_wconf 78' lang='grc' dir='ltr'><strong>καὶ</strong></span> <span class='ocrx_word' id='word_1_172' title='bbox 3437 1161 3537 1231; x_wconf 80' lang='grc' dir='ltr'>τῆς</span> <span class='ocrx_word' id='word_1_173' title='bbox 3573 1161 3742 1232; x_wconf 52' lang='lat'><strong>639:1;</strong></span> 
     </span>
    </p>
   </div>
   <div class='ocr_carea' id='block_1_24' title="bbox 2138 1250 3739 1327">
    <p class='ocr_par' dir='ltr' id='par_1_24' title="bbox 2138 1250 3739 1327">
     <span class='ocr_line' id='line_1_24' title="bbox 2138 1250 3739 1327; baseline -0.002 -18"><span class='ocrx_word' id='word_1_174' title='bbox 2138 1256 2312 1318; x_wconf 75' lang='grc' dir='ltr'>οὐδεὶς</span> <span class='ocrx_word' id='word_1_175' title='bbox 2358 1250 2519 1319; x_wconf 82' lang='grc' dir='ltr'>οἶδεν,</span> <span class='ocrx_word' id='word_1_176' title='bbox 2562 1253 2684 1307; x_wconf 70' lang='grc' dir='ltr'>οὔτε</span> <span class='ocrx_word' id='word_1_177' title='bbox 2730 1257 2779 1306; x_wconf 77' lang='grc' dir='ltr'><strong>οἱ</strong></span> <span class='ocrx_word' id='word_1_178' title='bbox 2819 1255 3043 1321; x_wconf 81' lang='grc' dir='ltr'>ἄγγελοι</span> <span class='ocrx_word' id='word_1_179' title='bbox 3082 1254 3192 1306; x_wconf 88' lang='grc' dir='ltr'><strong>τῶν</strong></span> <span class='ocrx_word' id='word_1_180' title='bbox 3218 1254 3482 1327; x_wconf 80' lang='grc' dir='ltr'>οὐρανῶν,</span> <span class='ocrx_word' id='word_1_181' title='bbox 3519 1254 3651 1307; x_wconf 71' lang='grc' dir='ltr'>οὔτε</span> <span class='ocrx_word' id='word_1_182' title='bbox 3707 1257 3739 1305; x_wconf 88' lang='lat'><strong>6</strong></span> 
     </span>
    </p>
   </div>
   <div class='ocr_carea' id='block_1_25' title="bbox 2140 1346 3737 1416">
    <p class='ocr_par' dir='ltr' id='par_1_25' title="bbox 2140 1346 3737 1416">
     <span class='ocr_line' id='line_1_25' title="bbox 2140 1346 3737 1416; baseline -0.001 -16"><span class='ocrx_word' id='word_1_183' title='bbox 2140 1349 2290 1411; x_wconf 74' lang='grc' dir='ltr'>Υἱὸς,</span> <span class='ocrx_word' id='word_1_184' title='bbox 2324 1349 2373 1399; x_wconf 86' lang='grc' dir='ltr'><strong>εί</strong></span> <span class='ocrx_word' id='word_1_185' title='bbox 2406 1348 2477 1416; x_wconf 86' lang='grc' dir='ltr'>μὴ</span> <span class='ocrx_word' id='word_1_186' title='bbox 2509 1349 2536 1399; x_wconf 97' lang='lat'><strong>6</strong></span> <span class='ocrx_word' id='word_1_187' title='bbox 2571 1348 2778 1416; x_wconf 77' lang='grc' dir='ltr'>Πατήρ.</span> <span class='ocrx_word' id='word_1_188' title='bbox 2808 1365 2825 1396; x_wconf 77' lang='grc' dir='ltr'><strong>ι</strong></span> <span class='ocrx_word' id='word_1_189' title='bbox 2862 1347 2922 1398; x_wconf 82' lang='lat' dir='ltr'><strong>Ei</strong></span> <span class='ocrx_word' id='word_1_190' title='bbox 2962 1346 3199 1416; x_wconf 82' lang='grc' dir='ltr'>Χριστὸν</span> <span class='ocrx_word' id='word_1_191' title='bbox 3225 1347 3341 1409; x_wconf 75' lang='grc' dir='ltr'>ἕνα,</span> <span class='ocrx_word' id='word_1_192' title='bbox 3376 1347 3565 1414; x_wconf 67' lang='grc' dir='ltr'>φασιν,</span> <span class='ocrx_word' id='word_1_193' title='bbox 3589 1350 3737 1416; x_wconf 69' lang='grc' dir='ltr'>ὁμο)-</span> 
     </span>
    </p>
   </div>
   <div class='ocr_carea' id='block_1_26' title="bbox 2138 1438 3738 1509">
    <p class='ocr_par' dir='ltr' id='par_1_26' title="bbox 2138 1438 3738 1509">
     <span class='ocr_line' id='line_1_26' title="bbox 2138 1438 3738 1509; baseline -0.001 -16"><span class='ocrx_word' id='word_1_194' title='bbox 2138 1441 2320 1508; x_wconf 87' lang='grc' dir='ltr'>λογεῖν</span> <span class='ocrx_word' id='word_1_195' title='bbox 2377 1438 2656 1506; x_wconf 78' lang='grc' dir='ltr'><strong>ἐγνώκατε</strong></span> <span class='ocrx_word' id='word_1_196' title='bbox 2710 1438 2802 1491; x_wconf 87' lang='grc' dir='ltr'><strong>τὸν</strong></span> <span class='ocrx_word' id='word_1_197' title='bbox 2852 1439 2989 1491; x_wconf 83' lang='grc' dir='ltr'>Θεοῦ</span> <span class='ocrx_word' id='word_1_198' title='bbox 3042 1439 3214 1506; x_wconf 84' lang='grc' dir='ltr'>Λόγον</span> <span class='ocrx_word' id='word_1_199' title='bbox 3277 1440 3738 1509; x_wconf 78' lang='grc' dir='ltr'>σεσαρκωμένον,</span> 
     </span>
    </p>
   </div>
   <div class='ocr_carea' id='block_1_27' title="bbox 2138 1530 3741 1603">
    <p class='ocr_par' dir='ltr' id='par_1_27' title="bbox 2138 1530 3741 1603">
     <span class='ocr_line' id='line_1_27' title="bbox 2138 1530 3741 1603; baseline -0.002 -18"><span class='ocrx_word' id='word_1_200' title='bbox 2138 1533 2305 1603; x_wconf 72' lang='grc' dir='ltr'>ἤγουν</span> <span class='ocrx_word' id='word_1_201' title='bbox 2353 1530 2839 1602; x_wconf 81' lang='grc' dir='ltr'>ὲνηνθρωπηκὸτα,</span> <span class='ocrx_word' id='word_1_202' title='bbox 2875 1531 2993 1593; x_wconf 85' lang='grc' dir='ltr'><strong>πῶς</strong></span> <span class='ocrx_word' id='word_1_203' title='bbox 3043 1531 3280 1598; x_wconf 75' lang='grc' dir='ltr'>ἠγνόησε</span> <span class='ocrx_word' id='word_1_204' title='bbox 3309 1530 3406 1600; x_wconf 79' lang='grc' dir='ltr'><strong>τὴν</strong></span> <span class='ocrx_word' id='word_1_205' title='bbox 3453 1533 3555 1599; x_wconf 81' lang='grc' dir='ltr'>τῆς</span> <span class='ocrx_word' id='word_1_206' title='bbox 3596 1547 3741 1582; x_wconf 85' lang='grc' dir='ltr'>συν-</span> 
     </span>
    </p>
   </div>
   <div class='ocr_carea' id='block_1_28' title="bbox 2138 1616 3736 1691">
    <p class='ocr_par' dir='ltr' id='par_1_28' title="bbox 2138 1616 3736 1691">
     <span class='ocr_line' id='line_1_28' title="bbox 2138 1616 3736 1691; baseline -0.001 -17"><span class='ocrx_word' id='word_1_207' title='bbox 2138 1622 2350 1685; x_wconf 82' lang='grc' dir='ltr'><strong>τελείας</strong></span> <span class='ocrx_word' id='word_1_208' title='bbox 2378 1621 2629 1691; x_wconf 83' lang='grc' dir='ltr'>ἡμέραν;</span> <span class='ocrx_word' id='word_1_209' title='bbox 2661 1620 2845 1690; x_wconf 85' lang='grc' dir='ltr'>Φαμὲν</span> <span class='ocrx_word' id='word_1_210' title='bbox 2873 1616 2988 1685; x_wconf 78' lang='grc' dir='ltr'>οὖν,</span> <span class='ocrx_word' id='word_1_211' title='bbox 3032 1622 3113 1673; x_wconf 85' lang='grc' dir='ltr'>ὅτι</span> <span class='ocrx_word' id='word_1_212' title='bbox 3144 1620 3203 1673; x_wconf 83' lang='grc' dir='ltr'><strong>τὸ</strong></span> <span class='ocrx_word' id='word_1_213' title='bbox 3248 1622 3513 1691; x_wconf 77' lang='grc' dir='ltr'>ἀγνοῆσαι</span> <span class='ocrx_word' id='word_1_214' title='bbox 3559 1621 3736 1690; x_wconf 73' lang='grc' dir='ltr'>τυχὸν</span> 
     </span>
    </p>
   </div>
   <div class='ocr_carea' id='block_1_29' title="bbox 460 1702 2036 1788">
    <p class='ocr_par' dir='ltr' id='par_1_29' title="bbox 460 1721 2030 1788">
     <span class='ocr_line' id='line_1_29' title="bbox 460 1721 2030 1788; baseline -0.001 -15"><span class='ocrx_word' id='word_1_215' title='bbox 460 1721 853 1788; x_wconf 86' lang='lat' dir='ltr'><strong>ignorationem</strong></span> <span class='ocrx_word' id='word_1_216' title='bbox 925 1735 1097 1788; x_wconf 82' lang='lat' dir='ltr'><strong>neque</strong></span> <span class='ocrx_word' id='word_1_217' title='bbox 1157 1722 1475 1788; x_wconf 85' lang='lat' dir='ltr'><strong>probrosam</strong></span> <span class='ocrx_word' id='word_1_218' title='bbox 1540 1735 1662 1775; x_wconf 89' lang='lat' dir='ltr'><strong>esse</strong></span> <span class='ocrx_word' id='word_1_219' title='bbox 1723 1728 2030 1786; x_wconf 68' lang='lat' dir='ltr'><strong>creaturae,</strong></span> 
     </span>
    </p>
   </div>
   <div class='ocr_carea' id='block_1_30' title="bbox 2146 1702 3734 1788">
    <p class='ocr_par' dir='ltr' id='par_1_30' title="bbox 2146 1708 3734 1784">
     <span class='ocr_line' id='line_1_30' title="bbox 2146 1708 3734 1784; baseline -0.001 -17"><span class='ocrx_word' id='word_1_220' title='bbox 2146 1714 2201 1767; x_wconf 69' lang='grc' dir='ltr'><strong>τὰ</strong></span> <span class='ocrx_word' id='word_1_221' title='bbox 2231 1716 2287 1766; x_wconf 79' lang='grc' dir='ltr'>ὲν</span> <span class='ocrx_word' id='word_1_222' title='bbox 2314 1714 2432 1783; x_wconf 82' lang='grc' dir='ltr'><strong>Θεῷ</strong></span> <span class='ocrx_word' id='word_1_223' title='bbox 2478 1714 2773 1783; x_wconf 77' lang='grc' dir='ltr'>μυστήρια,</span> <span class='ocrx_word' id='word_1_224' title='bbox 2810 1711 2933 1764; x_wconf 71' lang='grc' dir='ltr'>οὔτε</span> <span class='ocrx_word' id='word_1_225' title='bbox 2968 1708 3236 1784; x_wconf 60' lang='grc' dir='ltr'>ἀσύνηθες</span> <span class='ocrx_word' id='word_1_226' title='bbox 3261 1752 3277 1773; x_wconf 91' lang='grc'><strong>,</strong></span> <span class='ocrx_word' id='word_1_227' title='bbox 3304 1712 3427 1765; x_wconf 74' lang='grc' dir='ltr'>οὔτε</span> <span class='ocrx_word' id='word_1_228' title='bbox 3460 1714 3569 1783; x_wconf 72' lang='grc' dir='ltr'><strong>μὴν</strong></span> <span class='ocrx_word' id='word_1_229' title='bbox 3599 1714 3734 1765; x_wconf 59' lang='grc' dir='ltr'><strong>ὲτέι</strong></span> 
     </span>
    </p>
   </div>
   <div class='ocr_carea' id='block_1_31' title="bbox 460 1810 2033 1880">
    <p class='ocr_par' dir='ltr' id='par_1_31' title="bbox 460 1810 2033 1880">
     <span class='ocr_line' id='line_1_31' title="bbox 460 1810 2033 1880; baseline -0.001 -17"><span class='ocrx_word' id='word_1_230' title='bbox 460 1825 635 1880; x_wconf 87' lang='lat' dir='ltr'><strong>neque</strong></span> <span class='ocrx_word' id='word_1_231' title='bbox 688 1811 863 1864; x_wconf 86' lang='lat' dir='ltr'><strong>eidem</strong></span> <span class='ocrx_word' id='word_1_232' title='bbox 914 1825 1131 1879; x_wconf 88' lang='lat' dir='ltr'><strong>quoque</strong></span> <span class='ocrx_word' id='word_1_233' title='bbox 1190 1811 1527 1865; x_wconf 79' lang='lat' dir='ltr'><strong>inusitatam.</strong></span> <span class='ocrx_word' id='word_1_234' title='bbox 1601 1810 1876 1878; x_wconf 86' lang='lat' dir='ltr'><strong>Scriptum</strong></span> <span class='ocrx_word' id='word_1_235' title='bbox 1948 1818 2033 1863; x_wconf 89' lang='lat' dir='ltr'><strong>est</strong></span> 
     </span>
    </p>
   </div>
   <div class='ocr_carea' id='block_1_32' title="bbox 468 1881 2033 1967">
    <p class='ocr_par' dir='ltr' id='par_1_32' title="bbox 468 1881 2033 1967">
     <span class='ocr_line' id='line_1_32' title="bbox 468 1881 2033 1967; baseline -0.001 -15"><span class='ocrx_word' id='word_1_236' title='bbox 468 1901 650 1952; x_wconf 90' lang='lat' dir='ltr'><strong>enim:</strong></span> <span class='ocrx_word' id='word_1_237' title='bbox 694 1918 713 1951; x_wconf 75' lang='grc' dir='ltr'><strong>ι</strong></span> <span class='ocrx_word' id='word_1_238' title='bbox 749 1898 883 1965; x_wconf 80' lang='lat' dir='ltr'><strong>Quis</strong></span> <span class='ocrx_word' id='word_1_239' title='bbox 923 1900 1070 1952; x_wconf 83' lang='lat' dir='ltr'><strong>novit</strong></span> <span class='ocrx_word' id='word_1_240' title='bbox 1117 1881 1349 1953; x_wconf 76' lang='lat' dir='ltr'><strong>mentem</strong></span> <span class='ocrx_word' id='word_1_241' title='bbox 1395 1899 1696 1955; x_wconf 69' lang='lat' dir='ltr'><strong>Domini”?</strong></span> <span class='ocrx_word' id='word_1_242' title='bbox 1731 1918 1750 1951; x_wconf 76' lang='grc' dir='ltr'><strong>ι</strong></span> <span class='ocrx_word' id='word_1_243' title='bbox 1791 1899 1845 1953; x_wconf 90' lang='lat' dir='ltr'><strong>Si</strong></span> <span class='ocrx_word' id='word_1_244' title='bbox 1904 1914 2033 1967; x_wconf 87' lang='lat' dir='ltr'><strong>ergo</strong></span> 
     </span>
    </p>
   </div>
   <div class='ocr_carea' id='block_1_33' title="bbox 460 1989 2033 2061">
    <p class='ocr_par' dir='ltr' id='par_1_33' title="bbox 460 1989 2033 2061">
     <span class='ocr_line' id='line_1_33' title="bbox 460 1989 2033 2061; baseline -0.002 -16"><span class='ocrx_word' id='word_1_245' title='bbox 460 1991 652 2052; x_wconf 82' lang='lat' dir='ltr'><strong>Filius,</strong></span> <span class='ocrx_word' id='word_1_246' title='bbox 690 2000 961 2059; x_wconf 88' lang='lat' dir='ltr'><strong>quatenus</strong></span> <span class='ocrx_word' id='word_1_247' title='bbox 1008 1990 1169 2043; x_wconf 89' lang='lat' dir='ltr'><strong>homo</strong></span> <span class='ocrx_word' id='word_1_248' title='bbox 1201 1989 1377 2043; x_wconf 75' lang='lat' dir='ltr'><strong>factus</strong></span> <span class='ocrx_word' id='word_1_249' title='bbox 1429 2000 1533 2058; x_wconf 91' lang='lat' dir='ltr'><strong>est,</strong></span> <span class='ocrx_word' id='word_1_250' title='bbox 1585 2010 1603 2042; x_wconf 76' lang='grc' dir='ltr'><strong>ι</strong></span> <span class='ocrx_word' id='word_1_251' title='bbox 1660 1991 1933 2061; x_wconf 86' lang='lat' dir='ltr'><strong>paululum</strong></span> <span class='ocrx_word' id='word_1_252' title='bbox 1963 1990 2033 2043; x_wconf 88' lang='lat' dir='ltr'><strong>ab</strong></span> 
     </span>
    </p>
   </div>
   <div class='ocr_carea' id='block_1_34' title="bbox 462 2081 2035 2153">
    <p class='ocr_par' dir='ltr' id='par_1_34' title="bbox 462 2081 2035 2153">
     <span class='ocr_line' id='line_1_34' title="bbox 462 2081 2035 2153; baseline 0.002 -20"><span class='ocrx_word' id='word_1_253' title='bbox 462 2083 664 2151; x_wconf 72' lang='lat' dir='ltr'><strong>angelis</strong></span> <span class='ocrx_word' id='word_1_254' title='bbox 699 2082 1000 2135; x_wconf 87' lang='lat' dir='ltr'><strong>tuinoratus</strong></span> <span class='ocrx_word' id='word_1_255' title='bbox 1045 2100 1064 2133; x_wconf 78' lang='grc' dir='ltr'><strong>ι</strong></span> <span class='ocrx_word' id='word_1_256' title='bbox 1102 2081 1303 2135; x_wconf 89' lang='lat' dir='ltr'><strong>dicitur</strong></span> <span class='ocrx_word' id='word_1_257' title='bbox 1330 2083 1372 2113; x_wconf 81' lang='grc'><strong>¹⁰</strong></span> <span class='ocrx_word' id='word_1_258' title='bbox 1411 2083 1558 2153; x_wconf 89' lang='lat' dir='ltr'><strong>(nam</strong></span> <span class='ocrx_word' id='word_1_259' title='bbox 1592 2094 1651 2137; x_wconf 91' lang='lat' dir='ltr'><strong>ut</strong></span> <span class='ocrx_word' id='word_1_260' title='bbox 1688 2084 1866 2149; x_wconf 87' lang='lat' dir='ltr'><strong>Deus,</strong></span> <span class='ocrx_word' id='word_1_261' title='bbox 1913 2083 2035 2136; x_wconf 90' lang='lat' dir='ltr'><strong>uni-</strong></span> 
     </span>
    </p>
   </div>
   <div class='ocr_carea' id='block_1_35' title="bbox 460 2174 2035 2243">
    <p class='ocr_par' dir='ltr' id='par_1_35' title="bbox 460 2174 2035 2243">
     <span class='ocr_line' id='line_1_35' title="bbox 460 2174 2035 2243; baseline 0.004 -20"><span class='ocrx_word' id='word_1_262' title='bbox 460 2190 631 2228; x_wconf 72' lang='lat' dir='ltr'><strong>wrsa:</strong></span> <span class='ocrx_word' id='word_1_263' title='bbox 660 2185 923 2228; x_wconf 70' lang='lat' dir='ltr'><strong>creatura!</strong></span> <span class='ocrx_word' id='word_1_264' title='bbox 964 2174 1232 2240; x_wconf 74' lang='lat' dir='ltr'><strong>przestat),</strong></span> <span class='ocrx_word' id='word_1_265' title='bbox 1275 2175 1402 2243; x_wconf 91' lang='lat' dir='ltr'><strong>quid</strong></span> <span class='ocrx_word' id='word_1_266' title='bbox 1442 2176 1635 2228; x_wconf 90' lang='lat' dir='ltr'><strong>mirum</strong></span> <span class='ocrx_word' id='word_1_267' title='bbox 1672 2187 1773 2233; x_wconf 84' lang='lat' dir='ltr'><strong>est.</strong></span> <span class='ocrx_word' id='word_1_268' title='bbox 1804 2177 1845 2229; x_wconf 84' lang='lat' dir='ltr'><strong>si</strong></span> <span class='ocrx_word' id='word_1_269' title='bbox 1882 2191 2035 2243; x_wconf 79' lang='lat' dir='ltr'><strong>:eque</strong></span> 
     </span>
    </p>
   </div>
   <div class='ocr_carea' id='block_1_36' title="bbox 462 2265 2031 2336">
    <p class='ocr_par' dir='ltr' id='par_1_36' title="bbox 462 2265 2031 2336">
     <span class='ocr_line' id='line_1_36' title="bbox 462 2265 2031 2336; baseline 0.001 -19"><span class='ocrx_word' id='word_1_270' title='bbox 462 2278 628 2333; x_wconf 81' lang='lat' dir='ltr'><strong>atque</strong></span> <span class='ocrx_word' id='word_1_271' title='bbox 680 2266 879 2335; x_wconf 81' lang='lat' dir='ltr'><strong>angeli,</strong></span> <span class='ocrx_word' id='word_1_272' title='bbox 936 2265 1026 2319; x_wconf 87' lang='lat' dir='ltr'><strong>Dei</strong></span> <span class='ocrx_word' id='word_1_273' title='bbox 1104 2276 1313 2321; x_wconf 85' lang='lat' dir='ltr'><strong>secreta</strong></span> <span class='ocrx_word' id='word_1_274' title='bbox 1370 2267 1624 2336; x_wconf 86' lang='lat' dir='ltr'><strong>ignorare</strong></span> <span class='ocrx_word' id='word_1_275' title='bbox 1674 2268 2031 2336; x_wconf 82' lang='lat' dir='ltr'><strong>perhibetur;</strong></span> 
     </span>
    </p>
   </div>
   <div class='ocr_carea' id='block_1_37' title="bbox 461 2358 2033 2428">
    <p class='ocr_par' dir='ltr' id='par_1_37' title="bbox 461 2358 2033 2428">
     <span class='ocr_line' id='line_1_37' title="bbox 461 2358 2033 2428; baseline 0.001 -16"><span class='ocrx_word' id='word_1_276' title='bbox 461 2360 589 2412; x_wconf 89' lang='lat' dir='ltr'><strong>licet</strong></span> <span class='ocrx_word' id='word_1_277' title='bbox 637 2359 681 2413; x_wconf 91' lang='lat' dir='ltr'><strong>is</strong></span> <span class='ocrx_word' id='word_1_278' title='bbox 732 2360 823 2413; x_wconf 86' lang='lat' dir='ltr'><strong>Dei</strong></span> <span class='ocrx_word' id='word_1_279' title='bbox 879 2359 1056 2412; x_wconf 85' lang='lat' dir='ltr'><strong>Patris</strong></span> <span class='ocrx_word' id='word_1_280' title='bbox 1103 2358 1367 2428; x_wconf 87' lang='lat' dir='ltr'><strong>sapientia</strong></span> <span class='ocrx_word' id='word_1_281' title='bbox 1406 2370 1459 2411; x_wconf 88' lang='lat' dir='ltr'><strong>et</strong></span> <span class='ocrx_word' id='word_1_282' title='bbox 1481 2361 1651 2413; x_wconf 88' lang='lat' dir='ltr'><strong>virtus</strong></span> <span class='ocrx_word' id='word_1_283' title='bbox 1697 2360 1769 2414; x_wconf 89' lang='lat' dir='ltr'><strong>sit</strong></span> <span class='ocrx_word' id='word_1_284' title='bbox 1807 2361 1846 2391; x_wconf 87' lang='grc'>¹¹</span> <span class='ocrx_word' id='word_1_285' title='bbox 1881 2360 1902 2413; x_wconf 91' lang='lat'><strong>?</strong></span> <span class='ocrx_word' id='word_1_286' title='bbox 1941 2360 2033 2413; x_wconf 88' lang='lat' dir='ltr'><strong>Dei</strong></span> 
     </span>
    </p>
   </div>
   <div class='ocr_carea' id='block_1_38' title="bbox 459 2446 2029 2520">
    <p class='ocr_par' dir='ltr' id='par_1_38' title="bbox 459 2446 2029 2520">
     <span class='ocr_line' id='line_1_38' title="bbox 459 2446 2029 2520; baseline 0.006 -24"><span class='ocrx_word' id='word_1_287' title='bbox 459 2461 587 2500; x_wconf 82' lang='lat' dir='ltr'><strong>vero</strong></span> <span class='ocrx_word' id='word_1_288' title='bbox 615 2446 793 2501; x_wconf 83' lang='lat' dir='ltr'><strong>Patris</strong></span> <span class='ocrx_word' id='word_1_289' title='bbox 816 2448 1082 2515; x_wconf 88' lang='lat' dir='ltr'><strong>sapientia</strong></span> <span class='ocrx_word' id='word_1_290' title='bbox 1116 2464 1220 2502; x_wconf 91' lang='lat' dir='ltr'><strong>non</strong></span> <span class='ocrx_word' id='word_1_291' title='bbox 1262 2457 1439 2517; x_wconf 89' lang='lat' dir='ltr'><strong>potest</strong></span> <span class='ocrx_word' id='word_1_292' title='bbox 1472 2464 1533 2502; x_wconf 89' lang='lat' dir='ltr'><strong>ea</strong></span> <span class='ocrx_word' id='word_1_293' title='bbox 1571 2452 1806 2513; x_wconf 88' lang='lat' dir='ltr'><strong>nescire,</strong></span> <span class='ocrx_word' id='word_1_294' title='bbox 1834 2467 1953 2520; x_wconf 78' lang='lat' dir='ltr'><strong>qua:</strong></span> <span class='ocrx_word' id='word_1_295' title='bbox 1977 2453 2029 2504; x_wconf 71' lang='lat' dir='ltr'><strong>is</strong></span> 
     </span>
    </p>
   </div>
   <div class='ocr_carea' id='block_1_39' title="bbox 461 2538 2031 2610">
    <p class='ocr_par' dir='ltr' id='par_1_39' title="bbox 461 2538 2031 2610">
     <span class='ocr_line' id='line_1_39' title="bbox 461 2538 2031 2610; baseline 0.001 -17"><span class='ocrx_word' id='word_1_296' title='bbox 461 2542 578 2607; x_wconf 89' lang='lat' dir='ltr'><strong>ipso</strong></span> <span class='ocrx_word' id='word_1_297' title='bbox 625 2539 806 2592; x_wconf 88' lang='lat' dir='ltr'><strong>abdita</strong></span> <span class='ocrx_word' id='word_1_298' title='bbox 852 2539 1037 2594; x_wconf 86' lang='lat' dir='ltr'><strong>latent.</strong></span> <span class='ocrx_word' id='word_1_299' title='bbox 1080 2538 1241 2610; x_wconf 67' lang='lat'><strong>140</strong></span> <span class='ocrx_word' id='word_1_300' title='bbox 1266 2539 1320 2592; x_wconf 87' lang='lat' dir='ltr'><strong>Si</strong></span> <span class='ocrx_word' id='word_1_301' title='bbox 1357 2540 1500 2593; x_wconf 90' lang='lat' dir='ltr'><strong>enim</strong></span> <span class='ocrx_word' id='word_1_302' title='bbox 1544 2539 1780 2609; x_wconf 88' lang='lat' dir='ltr'><strong>Spiritus</strong></span> <span class='ocrx_word' id='word_1_303' title='bbox 1824 2544 2031 2606; x_wconf 89' lang='lat' dir='ltr'><strong>omnia,</strong></span> 
     </span>
    </p>
   </div>
   <div class='ocr_carea' id='block_1_40' title="bbox 461 2630 2033 2701">
    <p class='ocr_par' dir='ltr' id='par_1_40' title="bbox 461 2630 2033 2701">
     <span class='ocr_line' id='line_1_40' title="bbox 461 2630 2033 2701; baseline 0.001 -17"><span class='ocrx_word' id='word_1_304' title='bbox 461 2632 628 2684; x_wconf 90' lang='lat' dir='ltr'><strong>etiam</strong></span> <span class='ocrx_word' id='word_1_305' title='bbox 681 2630 944 2701; x_wconf 77' lang='lat' dir='ltr'><strong>profunda</strong></span> <span class='ocrx_word' id='word_1_306' title='bbox 997 2630 1091 2684; x_wconf 89' lang='lat' dir='ltr'><strong>Dei</strong></span> <span class='ocrx_word' id='word_1_307' title='bbox 1147 2640 1423 2685; x_wconf 90' lang='lat' dir='ltr'><strong>scrutatur</strong></span> <span class='ocrx_word' id='word_1_308' title='bbox 1465 2630 1543 2693; x_wconf 84' lang='grc'><strong>¹²,</strong></span> <span class='ocrx_word' id='word_1_309' title='bbox 1591 2642 1644 2685; x_wconf 92' lang='lat' dir='ltr'><strong>et</strong></span> <span class='ocrx_word' id='word_1_310' title='bbox 1690 2632 1777 2684; x_wconf 87' lang='lat' dir='ltr'><strong>ille</strong></span> <span class='ocrx_word' id='word_1_311' title='bbox 1832 2633 2033 2686; x_wconf 78' lang='lat' dir='ltr'><strong>Christi</strong></span> 
     </span>
    </p>
   </div>
   <div class='ocr_carea' id='block_1_41' title="bbox 462 2722 2036 2792">
    <p class='ocr_par' dir='ltr' id='par_1_41' title="bbox 462 2722 2036 2792">
     <span class='ocr_line' id='line_1_41' title="bbox 462 2722 2036 2792; baseline 0.001 -16"><span class='ocrx_word' id='word_1_312' title='bbox 462 2722 699 2792; x_wconf 79' lang='lat' dir='ltr'><strong>Spiritus</strong></span> <span class='ocrx_word' id='word_1_313' title='bbox 749 2730 857 2786; x_wconf 88' lang='lat' dir='ltr'><strong>est,</strong></span> <span class='ocrx_word' id='word_1_314' title='bbox 906 2724 1180 2792; x_wconf 85' lang='lat' dir='ltr'><strong>quomodo</strong></span> <span class='ocrx_word' id='word_1_315' title='bbox 1236 2724 1287 2775; x_wconf 90' lang='lat' dir='ltr'><strong>id</strong></span> <span class='ocrx_word' id='word_1_316' title='bbox 1358 2724 1633 2788; x_wconf 83' lang='lat' dir='ltr'><strong>nesciret,</strong></span> <span class='ocrx_word' id='word_1_317' title='bbox 1694 2726 1835 2791; x_wconf 89' lang='lat' dir='ltr'><strong>quod</strong></span> <span class='ocrx_word' id='word_1_318' title='bbox 1892 2725 2036 2779; x_wconf 91' lang='lat' dir='ltr'><strong>illius</strong></span> 
     </span>
    </p>
   </div>
   <div class='ocr_carea' id='block_1_42' title="bbox 464 2814 2038 2884">
    <p class='ocr_par' dir='ltr' id='par_1_42' title="bbox 464 2814 2038 2884">
     <span class='ocr_line' id='line_1_42' title="bbox 464 2814 2038 2884; baseline 0.001 -15"><span class='ocrx_word' id='word_1_319' title='bbox 464 2815 700 2884; x_wconf 79' lang='lat' dir='ltr'><strong>Spiritus</strong></span> <span class='ocrx_word' id='word_1_320' title='bbox 758 2825 951 2869; x_wconf 74' lang='lat' dir='ltr'><strong>exarte</strong></span> <span class='ocrx_word' id='word_1_321' title='bbox 999 2816 1200 2869; x_wconf 86' lang='lat' dir='ltr'><strong>callet?</strong></span> <span class='ocrx_word' id='word_1_322' title='bbox 1234 2815 1413 2880; x_wconf 85' lang='lat' dir='ltr'><strong>Quare</strong></span> <span class='ocrx_word' id='word_1_323' title='bbox 1472 2814 1599 2869; x_wconf 89' lang='lat' dir='ltr'><strong>licet</strong></span> <span class='ocrx_word' id='word_1_324' title='bbox 1654 2826 1711 2869; x_wconf 96' lang='lat' dir='ltr'><strong>ut</strong></span> <span class='ocrx_word' id='word_1_325' title='bbox 1746 2817 1905 2871; x_wconf 84' lang='lat' dir='ltr'><strong>homo</strong></span> <span class='ocrx_word' id='word_1_326' title='bbox 1936 2818 2038 2871; x_wconf 81' lang='lat' dir='ltr'><strong>ali-</strong></span> 
     </span>
    </p>
   </div>
   <div class='ocr_carea' id='block_1_43' title="bbox 461 2904 2035 2977">
    <p class='ocr_par' dir='ltr' id='par_1_43' title="bbox 461 2904 2035 2977">
     <span class='ocr_line' id='line_1_43' title="bbox 461 2904 2035 2977; baseline 0.001 -18"><span class='ocrx_word' id='word_1_327' title='bbox 461 2908 590 2977; x_wconf 78' lang='lat' dir='ltr'><strong>quid</strong></span> <span class='ocrx_word' id='word_1_328' title='bbox 624 2904 921 2962; x_wconf 67' lang='lat' dir='ltr'><strong>neseivisse</strong></span> <span class='ocrx_word' id='word_1_329' title='bbox 945 2908 1179 2970; x_wconf 87' lang='lat' dir='ltr'><strong>dicatur,</strong></span> <span class='ocrx_word' id='word_1_330' title='bbox 1222 2920 1279 2958; x_wconf 92' lang='lat' dir='ltr'><strong>ut</strong></span> <span class='ocrx_word' id='word_1_331' title='bbox 1319 2908 1458 2960; x_wconf 87' lang='lat' dir='ltr'><strong>Deus</strong></span> <span class='ocrx_word' id='word_1_332' title='bbox 1492 2916 1669 2960; x_wconf 89' lang='lat' dir='ltr'><strong>tamen</strong></span> <span class='ocrx_word' id='word_1_333' title='bbox 1710 2907 1892 2960; x_wconf 89' lang='lat' dir='ltr'><strong>omnia</strong></span> <span class='ocrx_word' id='word_1_334' title='bbox 1936 2922 2035 2961; x_wconf 89' lang='lat' dir='ltr'><strong>no-</strong></span> 
     </span>
    </p>
   </div>
   <div class='ocr_carea' id='block_1_44' title="bbox 470 2998 2034 3067">
    <p class='ocr_par' dir='ltr' id='par_1_44' title="bbox 470 2998 2034 3067">
     <span class='ocr_line' id='line_1_44' title="bbox 470 2998 2034 3067; baseline 0.001 -16"><span class='ocrx_word' id='word_1_335' title='bbox 470 3010 576 3052; x_wconf 87' lang='lat' dir='ltr'><strong>rat.</strong></span> <span class='ocrx_word' id='word_1_336' title='bbox 611 2999 723 3053; x_wconf 86' lang='lat' dir='ltr'><strong>Etsi</strong></span> <span class='ocrx_word' id='word_1_337' title='bbox 754 3013 883 3067; x_wconf 87' lang='lat' dir='ltr'><strong>ergo</strong></span> <span class='ocrx_word' id='word_1_338' title='bbox 913 3007 970 3051; x_wconf 90' lang='lat' dir='ltr'><strong>ut</strong></span> <span class='ocrx_word' id='word_1_339' title='bbox 999 2998 1160 3051; x_wconf 91' lang='lat' dir='ltr'><strong>homo</strong></span> <span class='ocrx_word' id='word_1_340' title='bbox 1185 3000 1575 3067; x_wconf 76' lang='lat' dir='ltr'><strong>ignorationem</strong></span> <span class='ocrx_word' id='word_1_341' title='bbox 1611 3014 1718 3067; x_wconf 75' lang='lat' dir='ltr'><strong>pra:</strong></span> <span class='ocrx_word' id='word_1_342' title='bbox 1746 3013 1803 3053; x_wconf 88' lang='lat' dir='ltr'><strong>se</strong></span> <span class='ocrx_word' id='word_1_343' title='bbox 1848 2998 2034 3064; x_wconf 71' lang='lat' dir='ltr'><strong>ferret,</strong></span> 
     </span>
    </p>
   </div>
   <div class='ocr_carea' id='block_1_45' title="bbox 461 3089 2039 3158">
    <p class='ocr_par' dir='ltr' id='par_1_45' title="bbox 461 3089 2039 3158">
     <span class='ocr_line' id='line_1_45' title="bbox 461 3089 2039 3158; baseline 0 -13"><span class='ocrx_word' id='word_1_344' title='bbox 461 3092 589 3145; x_wconf 86' lang='lat' dir='ltr'><strong>dum</strong></span> <span class='ocrx_word' id='word_1_345' title='bbox 632 3091 699 3144; x_wconf 91' lang='lat' dir='ltr'><strong>de</strong></span> <span class='ocrx_word' id='word_1_346' title='bbox 742 3089 973 3153; x_wconf 79' lang='lat' dir='ltr'><strong>Lazaro,</strong></span> <span class='ocrx_word' id='word_1_347' title='bbox 1025 3108 1043 3141; x_wconf 76' lang='grc' dir='ltr'><strong>ι</strong></span> <span class='ocrx_word' id='word_1_348' title='bbox 1070 3090 1173 3145; x_wconf 92' lang='lat' dir='ltr'><strong>Ubi</strong></span> <span class='ocrx_word' id='word_1_349' title='bbox 1215 3091 1468 3157; x_wconf 85' lang='lat' dir='ltr'><strong>posuistis</strong></span> <span class='ocrx_word' id='word_1_350' title='bbox 1493 3106 1613 3143; x_wconf 88' lang='lat' dir='ltr'><strong>eum</strong></span> <span class='ocrx_word' id='word_1_351' title='bbox 1644 3091 1727 3143; x_wconf 79' lang='lat'><strong>”?</strong></span> <span class='ocrx_word' id='word_1_352' title='bbox 1755 3109 1772 3141; x_wconf 80' lang='grc' dir='ltr'><strong>ι</strong></span> <span class='ocrx_word' id='word_1_353' title='bbox 1813 3106 2039 3158; x_wconf 85' lang='lat' dir='ltr'><strong>percon-</strong></span> 
     </span>
    </p>
   </div>
   <div class='ocr_carea' id='block_1_46' title="bbox 465 3183 2036 3251">
    <p class='ocr_par' dir='ltr' id='par_1_46' title="bbox 465 3183 2036 3251">
     <span class='ocr_line' id='line_1_46' title="bbox 465 3183 2036 3251; baseline 0 -14"><span class='ocrx_word' id='word_1_354' title='bbox 465 3193 692 3247; x_wconf 84' lang='lat' dir='ltr'><strong>taretur,</strong></span> <span class='ocrx_word' id='word_1_355' title='bbox 744 3200 866 3236; x_wconf 84' lang='lat' dir='ltr'><strong>mox</strong></span> <span class='ocrx_word' id='word_1_356' title='bbox 902 3195 1104 3245; x_wconf 83' lang='lat' dir='ltr'><strong>tamen,</strong></span> <span class='ocrx_word' id='word_1_357' title='bbox 1138 3183 1261 3236; x_wconf 89' lang='lat' dir='ltr'><strong>dmn</strong></span> <span class='ocrx_word' id='word_1_358' title='bbox 1302 3184 1504 3251; x_wconf 91' lang='lat' dir='ltr'><strong>potenti</strong></span> <span class='ocrx_word' id='word_1_359' title='bbox 1554 3184 1753 3236; x_wconf 86' lang='lat' dir='ltr'><strong>virtute</strong></span> <span class='ocrx_word' id='word_1_360' title='bbox 1782 3198 1849 3236; x_wconf 84' lang='lat' dir='ltr'><strong>ex</strong></span> <span class='ocrx_word' id='word_1_361' title='bbox 1888 3200 2036 3237; x_wconf 83' lang='lat' dir='ltr'><strong>inor-</strong></span> 
     </span>
    </p>
   </div>
   <div class='ocr_carea' id='block_1_47' title="bbox 466 3275 2034 3342">
    <p class='ocr_par' dir='ltr' id='par_1_47' title="bbox 466 3275 2034 3342">
     <span class='ocr_line' id='line_1_47' title="bbox 466 3275 2034 3342; baseline -0.001 -14"><span class='ocrx_word' id='word_1_362' title='bbox 466 3276 574 3329; x_wconf 76' lang='lat' dir='ltr'><strong>tuis</strong></span> <span class='ocrx_word' id='word_1_363' title='bbox 628 3275 775 3327; x_wconf 93' lang='lat' dir='ltr'><strong>illum</strong></span> <span class='ocrx_word' id='word_1_364' title='bbox 819 3275 1150 3335; x_wconf 80' lang='lat' dir='ltr'><strong>exsuscitat,</strong></span> <span class='ocrx_word' id='word_1_365' title='bbox 1198 3275 1363 3327; x_wconf 87' lang='lat' dir='ltr'><strong>Deum</strong></span> <span class='ocrx_word' id='word_1_366' title='bbox 1392 3289 1450 3327; x_wconf 90' lang='lat' dir='ltr'><strong>se</strong></span> <span class='ocrx_word' id='word_1_367' title='bbox 1480 3288 1600 3328; x_wconf 87' lang='lat' dir='ltr'><strong>esse</strong></span> <span class='ocrx_word' id='word_1_368' title='bbox 1640 3284 1823 3342; x_wconf 80' lang='lat' dir='ltr'><strong>aperte</strong></span> <span class='ocrx_word' id='word_1_369' title='bbox 1855 3275 2034 3327; x_wconf 81' lang='lat' dir='ltr'><strong>decla-</strong></span> 
     </span>
    </p>
   </div>
   <div class='ocr_carea' id='block_1_48' title="bbox 465 3362 2033 3432">
    <p class='ocr_par' dir='ltr' id='par_1_48' title="bbox 465 3362 2033 3432">
     <span class='ocr_line' id='line_1_48' title="bbox 465 3362 2033 3432; baseline -0.002 -14"><span class='ocrx_word' id='word_1_370' title='bbox 465 3374 571 3418; x_wconf 85' lang='lat' dir='ltr'><strong>rat.</strong></span> <span class='ocrx_word' id='word_1_371' title='bbox 623 3364 944 3417; x_wconf 83' lang='lat' dir='ltr'><strong>Tribuentes</strong></span> <span class='ocrx_word' id='word_1_372' title='bbox 987 3363 1151 3432; x_wconf 84' lang='lat' dir='ltr'><strong>igitur</strong></span> <span class='ocrx_word' id='word_1_373' title='bbox 1196 3363 1591 3416; x_wconf 88' lang='lat' dir='ltr'><strong>incarnationis</strong></span> <span class='ocrx_word' id='word_1_374' title='bbox 1638 3362 2033 3432; x_wconf 86' lang='lat' dir='ltr'><strong>dispensationi</strong></span> 
     </span>
    </p>
   </div>
   <div class='ocr_carea' id='block_1_49' title="bbox 2138 1803 3728 1876">
    <p class='ocr_par' dir='ltr' id='par_1_49' title="bbox 2138 1803 3728 1876">
     <span class='ocr_line' id='line_1_49' title="bbox 2138 1803 3728 1876; baseline -0.003 -18"><span class='ocrx_word' id='word_1_375' title='bbox 2138 1823 2246 1874; x_wconf 91' lang='grc' dir='ltr'><strong>ρως</strong></span> <span class='ocrx_word' id='word_1_376' title='bbox 2273 1804 2524 1876; x_wconf 80' lang='grc' dir='ltr'>ἀπρεπὲς</span> <span class='ocrx_word' id='word_1_377' title='bbox 2552 1805 2617 1857; x_wconf 84' lang='grc' dir='ltr'>ἂν</span> <span class='ocrx_word' id='word_1_378' title='bbox 2652 1804 2737 1873; x_wconf 77' lang='grc' dir='ltr'><strong>εἴη</strong></span> <span class='ocrx_word' id='word_1_379' title='bbox 2770 1806 2836 1873; x_wconf 80' lang='grc' dir='ltr'>τῇ</span> <span class='ocrx_word' id='word_1_380' title='bbox 2864 1803 3059 1856; x_wconf 79' lang='grc' dir='ltr'>κτίσει.</span> <span class='ocrx_word' id='word_1_381' title='bbox 3095 1823 3111 1853; x_wconf 80' lang='grc' dir='ltr'><strong>ι</strong></span> <span class='ocrx_word' id='word_1_382' title='bbox 3149 1805 3243 1867; x_wconf 83' lang='grc' dir='ltr'><strong>Τίς</strong></span> <span class='ocrx_word' id='word_1_383' title='bbox 3269 1804 3377 1876; x_wconf 72' lang='grc' dir='ltr'>γὰρ</span> <span class='ocrx_word' id='word_1_384' title='bbox 3411 1804 3554 1871; x_wconf 81' lang='grc' dir='ltr'>έγνω</span> <span class='ocrx_word' id='word_1_385' title='bbox 3588 1804 3728 1855; x_wconf 78' lang='grc' dir='ltr'>νοῦν</span> 
     </span>
    </p>
   </div>
   <div class='ocr_carea' id='block_1_50' title="bbox 2135 1898 3734 1971">
    <p class='ocr_par' dir='ltr' id='par_1_50' title="bbox 2135 1898 3734 1971">
     <span class='ocr_line' id='line_1_50' title="bbox 2135 1898 3734 1971; baseline -0.003 -18"><span class='ocrx_word' id='word_1_386' title='bbox 2135 1900 2377 1971; x_wconf 80' lang='grc' dir='ltr'>Κυρίους</span> <span class='ocrx_word' id='word_1_387' title='bbox 2424 1919 2441 1951; x_wconf 83' lang='grc' dir='ltr'><strong>ι</strong></span> <span class='ocrx_word' id='word_1_388' title='bbox 2495 1899 2639 1951; x_wconf 83' lang='grc' dir='ltr'>κατὰ</span> <span class='ocrx_word' id='word_1_389' title='bbox 2676 1899 2735 1951; x_wconf 80' lang='grc' dir='ltr'>τὸ</span> <span class='ocrx_word' id='word_1_390' title='bbox 2786 1898 3191 1968; x_wconf 87' lang='grc' dir='ltr'>γεγραμμένον.</span> <span class='ocrx_word' id='word_1_391' title='bbox 3247 1899 3353 1951; x_wconf 73' lang='grc' dir='ltr'>Καὶ</span> <span class='ocrx_word' id='word_1_392' title='bbox 3400 1900 3448 1950; x_wconf 86' lang='grc' dir='ltr'>εἱ</span> <span class='ocrx_word' id='word_1_393' title='bbox 3501 1898 3734 1963; x_wconf 71' lang='grc' dir='ltr'>λέγεται</span> 
     </span>
    </p>
   </div>
   <div class='ocr_carea' id='block_1_51' title="bbox 2137 1989 3735 2063">
    <p class='ocr_par' dir='ltr' id='par_1_51' title="bbox 2137 1989 3735 2063">
     <span class='ocr_line' id='line_1_51' title="bbox 2137 1989 3735 2063; baseline -0.002 -18"><span class='ocrx_word' id='word_1_394' title='bbox 2137 1992 2312 2063; x_wconf 76' lang='grc' dir='ltr'>βραχὺ</span> <span class='ocrx_word' id='word_1_395' title='bbox 2343 1992 2471 2061; x_wconf 79' lang='grc' dir='ltr'>παρ’</span> <span class='ocrx_word' id='word_1_396' title='bbox 2503 1990 2769 2059; x_wconf 85' lang='grc' dir='ltr'>ἀγγέλους</span> <span class='ocrx_word' id='word_1_397' title='bbox 2799 1989 3151 2059; x_wconf 78' lang='grc' dir='ltr'>ἠλαττῶσθαι</span> <span class='ocrx_word' id='word_1_398' title='bbox 3186 1992 3213 2042; x_wconf 90' lang='lat'><strong>6</strong></span> <span class='ocrx_word' id='word_1_399' title='bbox 3250 1990 3408 2053; x_wconf 80' lang='grc' dir='ltr'>Υἱὸς,</span> <span class='ocrx_word' id='word_1_400' title='bbox 3454 1991 3593 2042; x_wconf 74' lang='grc' dir='ltr'>καθὸ</span> <span class='ocrx_word' id='word_1_401' title='bbox 3636 1992 3735 2057; x_wconf 85' lang='grc' dir='ltr'>γέ-</span> 
     </span>
    </p>
   </div>
   <div class='ocr_carea' id='block_1_52' title="bbox 2135 2082 3732 2154">
    <p class='ocr_par' dir='ltr' id='par_1_52' title="bbox 2135 2082 3732 2154">
     <span class='ocr_line' id='line_1_52' title="bbox 2135 2082 3732 2154; baseline -0.003 -17"><span class='ocrx_word' id='word_1_402' title='bbox 2135 2102 2292 2153; x_wconf 84' lang='grc' dir='ltr'>γονεν</span> <span class='ocrx_word' id='word_1_403' title='bbox 2340 2084 2628 2154; x_wconf 80' lang='grc' dir='ltr'>ἄνθρωπος</span> <span class='ocrx_word' id='word_1_404' title='bbox 2676 2082 2942 2151; x_wconf 78' lang='grc' dir='ltr'>δηλονότι,</span> <span class='ocrx_word' id='word_1_405' title='bbox 2994 2083 3171 2134; x_wconf 85' lang='grc' dir='ltr'>καίτοι</span> <span class='ocrx_word' id='word_1_406' title='bbox 3218 2082 3443 2145; x_wconf 82' lang='grc' dir='ltr'>κτίσεως</span> <span class='ocrx_word' id='word_1_407' title='bbox 3495 2084 3732 2152; x_wconf 71' lang='grc' dir='ltr'>ἀπάσης</span> 
     </span>
    </p>
   </div>
   <div class='ocr_carea' id='block_1_53' title="bbox 2137 2171 3733 2240">
    <p class='ocr_par' dir='ltr' id='par_1_53' title="bbox 2137 2171 3733 2240">
     <span class='ocr_line' id='line_1_53' title="bbox 2137 2171 3733 2240; baseline -0.002 -14"><span class='ocrx_word' id='word_1_408' title='bbox 2137 2173 2212 2227; x_wconf 83' lang='grc' dir='ltr'>ὢν</span> <span class='ocrx_word' id='word_1_409' title='bbox 2243 2175 2504 2226; x_wconf 82' lang='grc' dir='ltr'>ἐπέκεινα</span> <span class='ocrx_word' id='word_1_410' title='bbox 2540 2172 2765 2235; x_wconf 82' lang='grc' dir='ltr'>θεῖκῶ;’</span> <span class='ocrx_word' id='word_1_411' title='bbox 2820 2172 2872 2223; x_wconf 91' lang='grc' dir='ltr'><strong>τί</strong></span> <span class='ocrx_word' id='word_1_412' title='bbox 2922 2171 2981 2224; x_wconf 83' lang='grc' dir='ltr'><strong>τὸ</strong></span> <span class='ocrx_word' id='word_1_413' title='bbox 3030 2171 3237 2240; x_wconf 80' lang='grc' dir='ltr'>θαῦμα,</span> <span class='ocrx_word' id='word_1_414' title='bbox 3285 2172 3385 2224; x_wconf 71' lang='grc' dir='ltr'>κᾶν</span> <span class='ocrx_word' id='word_1_415' title='bbox 3433 2173 3576 2239; x_wconf 77' lang='grc' dir='ltr'>ὁμοῦ</span> <span class='ocrx_word' id='word_1_416' title='bbox 3609 2178 3733 2233; x_wconf 73' lang='grc' dir='ltr'>τοῖς</span> 
     </span>
    </p>
   </div>
   <div class='ocr_carea' id='block_1_54' title="bbox 2138 2264 3741 2336">
    <p class='ocr_par' dir='ltr' id='par_1_54' title="bbox 2138 2264 3741 2336">
     <span class='ocr_line' id='line_1_54' title="bbox 2138 2264 3741 2336; baseline -0.004 -15"><span class='ocrx_word' id='word_1_417' title='bbox 2138 2270 2393 2336; x_wconf 76' lang='grc' dir='ltr'>ἀγγέλοις</span> <span class='ocrx_word' id='word_1_418' title='bbox 2416 2269 2628 2335; x_wconf 80' lang='grc' dir='ltr'>ἀγνοεῖν</span> <span class='ocrx_word' id='word_1_419' title='bbox 2659 2266 2885 2336; x_wconf 76' lang='grc' dir='ltr'>λέγηται</span> <span class='ocrx_word' id='word_1_420' title='bbox 2910 2265 2972 2317; x_wconf 79' lang='grc' dir='ltr'>τὸ</span> <span class='ocrx_word' id='word_1_421' title='bbox 3002 2267 3058 2316; x_wconf 78' lang='grc' dir='ltr'><strong>ἐν</strong></span> <span class='ocrx_word' id='word_1_422' title='bbox 3092 2264 3208 2333; x_wconf 83' lang='grc' dir='ltr'><strong>Θεῷ</strong></span> <span class='ocrx_word' id='word_1_423' title='bbox 3241 2265 3569 2333; x_wconf 77' lang='grc' dir='ltr'>μυστήριον,</span> <span class='ocrx_word' id='word_1_424' title='bbox 3590 2264 3741 2315; x_wconf 75' lang='grc' dir='ltr'>καί-</span> 
     </span>
    </p>
   </div>
   <div class='ocr_carea' id='block_1_55' title="bbox 2140 2352 3741 2427">
    <p class='ocr_par' dir='ltr' id='par_1_55' title="bbox 2140 2352 3741 2427">
     <span class='ocr_line' id='line_1_55' title="bbox 2140 2352 3741 2427; baseline -0.002 -17"><span class='ocrx_word' id='word_1_425' title='bbox 2140 2378 2224 2412; x_wconf 89' lang='grc' dir='ltr'><strong>τοι</strong></span> <span class='ocrx_word' id='word_1_426' title='bbox 2258 2361 2420 2427; x_wconf 77' lang='grc' dir='ltr'>σοφία</span> <span class='ocrx_word' id='word_1_427' title='bbox 2451 2360 2546 2411; x_wconf 74' lang='grc' dir='ltr'><strong>καὶ</strong></span> <span class='ocrx_word' id='word_1_428' title='bbox 2567 2358 2795 2427; x_wconf 76' lang='grc' dir='ltr'>δύναμις</span> <span class='ocrx_word' id='word_1_429' title='bbox 2824 2356 3083 2425; x_wconf 77' lang='grc' dir='ltr'>ὑπάρχων</span> <span class='ocrx_word' id='word_1_430' title='bbox 3116 2356 3281 2408; x_wconf 79' lang='grc' dir='ltr'>αὑτοῦ</span> <span class='ocrx_word' id='word_1_431' title='bbox 3306 2374 3320 2418; x_wconf 87' lang='grc'>;</span> <span class='ocrx_word' id='word_1_432' title='bbox 3350 2352 3486 2409; x_wconf 79' lang='grc' dir='ltr'>Εἶτα</span> <span class='ocrx_word' id='word_1_433' title='bbox 3518 2356 3644 2417; x_wconf 79' lang='grc' dir='ltr'><strong>πῶς</strong></span> <span class='ocrx_word' id='word_1_434' title='bbox 3673 2356 3741 2409; x_wconf 73' lang='grc' dir='ltr'><strong>ἂν</strong></span> 
     </span>
    </p>
   </div>
   <div class='ocr_carea' id='block_1_56' title="bbox 2138 2447 3744 2522">
    <p class='ocr_par' dir='ltr' id='par_1_56' title="bbox 2138 2447 3744 2522">
     <span class='ocr_line' id='line_1_56' title="bbox 2138 2447 3744 2522; baseline -0.004 -17"><span class='ocrx_word' id='word_1_435' title='bbox 2138 2453 2413 2522; x_wconf 71' lang='grc' dir='ltr'>ἠγνόησεν</span> <span class='ocrx_word' id='word_1_436' title='bbox 2453 2453 2486 2522; x_wconf 79' lang='grc' dir='ltr'>ἡ</span> <span class='ocrx_word' id='word_1_437' title='bbox 2539 2450 2696 2518; x_wconf 67' lang='grc' dir='ltr'>σοφία</span> <span class='ocrx_word' id='word_1_438' title='bbox 2725 2448 2820 2501; x_wconf 86' lang='grc' dir='ltr'><strong>τοῦ</strong></span> <span class='ocrx_word' id='word_1_439' title='bbox 2870 2448 3078 2518; x_wconf 75' lang='grc' dir='ltr'>Πατρὸς</span> <span class='ocrx_word' id='word_1_440' title='bbox 3108 2448 3175 2499; x_wconf 74' lang='grc' dir='ltr'>τὰ</span> <span class='ocrx_word' id='word_1_441' title='bbox 3210 2450 3265 2499; x_wconf 83' lang='grc' dir='ltr'><strong>ὲν</strong></span> <span class='ocrx_word' id='word_1_442' title='bbox 3296 2447 3447 2517; x_wconf 77' lang='grc' dir='ltr'>αὑτῷ</span> <span class='ocrx_word' id='word_1_443' title='bbox 3480 2466 3744 2519; x_wconf 80' lang='grc' dir='ltr'>κεκρυμ-</span> 
     </span>
    </p>
   </div>
   <div class='ocr_carea' id='block_1_57' title="bbox 2146 2540 3739 2615">
    <p class='ocr_par' dir='ltr' id='par_1_57' title="bbox 2146 2540 3739 2615">
     <span class='ocr_line' id='line_1_57' title="bbox 2146 2540 3739 2615; baseline -0.003 -18"><span class='ocrx_word' id='word_1_444' title='bbox 2146 2547 2317 2615; x_wconf 84' lang='grc' dir='ltr'>μένα;</span> <span class='ocrx_word' id='word_1_445' title='bbox 2358 2545 2465 2597; x_wconf 73' lang='grc' dir='ltr'><strong>Καὶ</strong></span> <span class='ocrx_word' id='word_1_446' title='bbox 2498 2545 2545 2595; x_wconf 83' lang='grc' dir='ltr'>εἰ</span> <span class='ocrx_word' id='word_1_447' title='bbox 2584 2544 2645 2595; x_wconf 90' lang='grc' dir='ltr'><strong>τὸ</strong></span> <span class='ocrx_word' id='word_1_448' title='bbox 2704 2540 2925 2612; x_wconf 86' lang='grc' dir='ltr'>Πνεῦμα</span> <span class='ocrx_word' id='word_1_449' title='bbox 2974 2542 3194 2608; x_wconf 84' lang='grc' dir='ltr'>λέγεται</span> <span class='ocrx_word' id='word_1_450' title='bbox 3246 2542 3425 2593; x_wconf 84' lang='grc' dir='ltr'>πάντα</span> <span class='ocrx_word' id='word_1_451' title='bbox 3468 2543 3739 2611; x_wconf 76' lang='grc' dir='ltr'>ἐρευνᾷν,</span> 
     </span>
    </p>
   </div>
   <div class='ocr_carea' id='block_1_58' title="bbox 2139 2631 3743 2705">
    <p class='ocr_par' dir='ltr' id='par_1_58' title="bbox 2139 2631 3743 2705">
     <span class='ocr_line' id='line_1_58' title="bbox 2139 2631 3743 2705; baseline -0.003 -16"><span class='ocrx_word' id='word_1_452' title='bbox 2139 2637 2233 2689; x_wconf 73' lang='grc' dir='ltr'>καὶ</span> <span class='ocrx_word' id='word_1_453' title='bbox 2257 2638 2324 2689; x_wconf 72' lang='grc' dir='ltr'><strong>τὰ</strong></span> <span class='ocrx_word' id='word_1_454' title='bbox 2349 2636 2487 2705; x_wconf 82' lang='grc' dir='ltr'><strong>βάοη</strong></span> <span class='ocrx_word' id='word_1_455' title='bbox 2510 2634 2603 2687; x_wconf 86' lang='grc' dir='ltr'><strong>τοῦ</strong></span> <span class='ocrx_word' id='word_1_456' title='bbox 2635 2635 2792 2697; x_wconf 82' lang='grc' dir='ltr'>Θεοῦ,</span> <span class='ocrx_word' id='word_1_457' title='bbox 2814 2632 3038 2701; x_wconf 84' lang='grc' dir='ltr'>Πνεῦμα</span> <span class='ocrx_word' id='word_1_458' title='bbox 3064 2632 3119 2684; x_wconf 81' lang='grc' dir='ltr'><strong>δέ</strong></span> <span class='ocrx_word' id='word_1_459' title='bbox 3147 2633 3263 2683; x_wconf 80' lang='grc' dir='ltr'>ἐστι</span> <span class='ocrx_word' id='word_1_460' title='bbox 3294 2631 3387 2685; x_wconf 90' lang='grc' dir='ltr'><strong>τοῦ</strong></span> <span class='ocrx_word' id='word_1_461' title='bbox 3419 2634 3671 2703; x_wconf 77' lang='grc' dir='ltr'>Χριστοῦ</span> <span class='ocrx_word' id='word_1_462' title='bbox 3690 2646 3743 2695; x_wconf 81' lang='grc' dir='ltr'>υ,</span> 
     </span>
    </p>
   </div>
   <div class='ocr_carea' id='block_1_59' title="bbox 2141 2721 3745 2794">
    <p class='ocr_par' dir='ltr' id='par_1_59' title="bbox 2141 2721 3745 2794">
     <span class='ocr_line' id='line_1_59' title="bbox 2141 2721 3745 2794; baseline 0.005 -26"><span class='ocrx_word' id='word_1_463' title='bbox 2141 2728 2259 2791; x_wconf 74' lang='grc' dir='ltr'><strong>πῶς</strong></span> <span class='ocrx_word' id='word_1_464' title='bbox 2305 2727 2371 2780; x_wconf 86' lang='grc' dir='ltr'><strong>ἂν</strong></span> <span class='ocrx_word' id='word_1_465' title='bbox 2419 2727 2579 2788; x_wconf 69' lang='grc' dir='ltr'>αὐτὸς</span> <span class='ocrx_word' id='word_1_466' title='bbox 2634 2726 2927 2793; x_wconf 67' lang='grc' dir='ltr'>ἠγνόησεν,</span> <span class='ocrx_word' id='word_1_467' title='bbox 2972 2724 3114 2794; x_wconf 86' lang='grc' dir='ltr'>ἆπερ</span> <span class='ocrx_word' id='word_1_468' title='bbox 3170 2721 3310 2776; x_wconf 80' lang='grc' dir='ltr'>οἶδεν</span> <span class='ocrx_word' id='word_1_469' title='bbox 3369 2724 3629 2793; x_wconf 75' lang='grc' dir='ltr'>ἀκριὸῶς</span> <span class='ocrx_word' id='word_1_470' title='bbox 3681 2727 3745 2776; x_wconf 76' lang='grc' dir='ltr'><strong>τὸ</strong></span> 
     </span>
    </p>
   </div>
   <div class='ocr_carea' id='block_1_60' title="bbox 2141 2814 3746 2888">
    <p class='ocr_par' dir='ltr' id='par_1_60' title="bbox 2141 2814 3746 2888">
     <span class='ocr_line' id='line_1_60' title="bbox 2141 2814 3746 2888; baseline -0.002 -17"><span class='ocrx_word' id='word_1_471' title='bbox 2141 2819 2367 2888; x_wconf 88' lang='grc' dir='ltr'>Πνεῦμα</span> <span class='ocrx_word' id='word_1_472' title='bbox 2397 2816 2595 2879; x_wconf 81' lang='grc' dir='ltr'>αὑτοῦ;</span> <span class='ocrx_word' id='word_1_473' title='bbox 2624 2814 2833 2869; x_wconf 83' lang='grc' dir='ltr'>Οὐκοῦν</span> <span class='ocrx_word' id='word_1_474' title='bbox 2867 2816 2966 2869; x_wconf 76' lang='grc' dir='ltr'><strong>κᾶν</strong></span> <span class='ocrx_word' id='word_1_475' title='bbox 2996 2816 3208 2884; x_wconf 88' lang='grc' dir='ltr'>ἀγνοεῖν</span> <span class='ocrx_word' id='word_1_476' title='bbox 3245 2814 3610 2884; x_wconf 79' lang='grc' dir='ltr'>ἀνθρωπίνως</span> <span class='ocrx_word' id='word_1_477' title='bbox 3646 2816 3746 2868; x_wconf 75' lang='grc' dir='ltr'>λέ-</span> 
     </span>
    </p>
   </div>
   <div class='ocr_carea' id='block_1_61' title="bbox 2141 2903 3744 2977">
    <p class='ocr_par' dir='ltr' id='par_1_61' title="bbox 2141 2903 3744 2977">
     <span class='ocr_line' id='line_1_61' title="bbox 2141 2903 3744 2977; baseline 0 -17"><span class='ocrx_word' id='word_1_478' title='bbox 2141 2925 2325 2977; x_wconf 84' lang='grc' dir='ltr'>γηται,</span> <span class='ocrx_word' id='word_1_479' title='bbox 2371 2907 2485 2959; x_wconf 82' lang='grc' dir='ltr'>ἀλλ’</span> <span class='ocrx_word' id='word_1_480' title='bbox 2518 2903 2628 2959; x_wconf 81' lang='grc' dir='ltr'>οἶδε</span> <span class='ocrx_word' id='word_1_481' title='bbox 2666 2906 2881 2968; x_wconf 85' lang='grc' dir='ltr'>θεῖκῶς.</span> <span class='ocrx_word' id='word_1_482' title='bbox 2918 2905 3027 2957; x_wconf 69' lang='grc' dir='ltr'>Καὶ</span> <span class='ocrx_word' id='word_1_483' title='bbox 3068 2904 3220 2971; x_wconf 87' lang='grc' dir='ltr'>γοῦν,</span> <span class='ocrx_word' id='word_1_484' title='bbox 3280 2924 3298 2955; x_wconf 84' lang='grc'>‹</span> <span class='ocrx_word' id='word_1_485' title='bbox 3343 2906 3451 2959; x_wconf 88' lang='grc' dir='ltr'><strong>Ποῦ</strong></span> <span class='ocrx_word' id='word_1_486' title='bbox 3490 2906 3744 2960; x_wconf 73' lang='grc' dir='ltr'>τέθειται</span> 
     </span>
    </p>
   </div>
   <div class='ocr_carea' id='block_1_62' title="bbox 2088 2995 3744 3069">
    <p class='ocr_par' dir='ltr' id='par_1_62' title="bbox 2088 2995 3744 3069">
     <span class='ocr_line' id='line_1_62' title="bbox 2088 2995 3744 3069; baseline -0.002 -15"><span class='ocrx_word' id='word_1_487' title='bbox 2088 3055 2107 3069; x_wconf 39' lang='grc' dir='ltr'><em>π</em></span> <span class='ocrx_word' id='word_1_488' title='bbox 2143 2999 2426 3066; x_wconf 75' lang='grc' dir='ltr'>Λάζαρος;</span> <span class='ocrx_word' id='word_1_489' title='bbox 2456 3016 2473 3049; x_wconf 77' lang='grc' dir='ltr'><strong>ι</strong></span> <span class='ocrx_word' id='word_1_490' title='bbox 2498 2998 2736 3069; x_wconf 70' lang='grc' dir='ltr'>ἐρωτῶν,</span> <span class='ocrx_word' id='word_1_491' title='bbox 2758 2997 2832 3060; x_wconf 86' lang='grc' dir='ltr'>ὡς</span> <span class='ocrx_word' id='word_1_492' title='bbox 2860 2995 2977 3060; x_wconf 76' lang='grc' dir='ltr'>ἐξὸν</span> <span class='ocrx_word' id='word_1_493' title='bbox 3008 2996 3155 3066; x_wconf 77' lang='grc' dir='ltr'><strong>αὑτῴ</strong></span> <span class='ocrx_word' id='word_1_494' title='bbox 3177 2997 3250 3067; x_wconf 83' lang='grc' dir='ltr'>μὴ</span> <span class='ocrx_word' id='word_1_495' title='bbox 3278 2997 3472 3051; x_wconf 85' lang='grc' dir='ltr'>εἰδέναι</span> <span class='ocrx_word' id='word_1_496' title='bbox 3502 3001 3655 3051; x_wconf 64' lang='grc' dir='ltr'>κατὰ</span> <span class='ocrx_word' id='word_1_497' title='bbox 3682 3002 3744 3052; x_wconf 75' lang='grc' dir='ltr'><strong>τὸ</strong></span> 
     </span>
    </p>
   </div>
   <div class='ocr_carea' id='block_1_63' title="bbox 2144 3089 3744 3161">
    <p class='ocr_par' dir='ltr' id='par_1_63' title="bbox 2144 3089 3744 3161">
     <span class='ocr_line' id='line_1_63' title="bbox 2144 3089 3744 3161; baseline -0.001 -16"><span class='ocrx_word' id='word_1_498' title='bbox 2144 3090 2505 3161; x_wconf 85' lang='grc' dir='ltr'>ἀνθρώπινον,</span> <span class='ocrx_word' id='word_1_499' title='bbox 2554 3092 2827 3161; x_wconf 81' lang='grc' dir='ltr'>ὲνήργηκε</span> <span class='ocrx_word' id='word_1_500' title='bbox 2875 3089 3091 3152; x_wconf 88' lang='grc' dir='ltr'>θεῖκῶς,</span> <span class='ocrx_word' id='word_1_501' title='bbox 3122 3089 3429 3159; x_wconf 73' lang='grc' dir='ltr'>ἀναστήσας</span> <span class='ocrx_word' id='word_1_502' title='bbox 3463 3092 3642 3143; x_wconf 76' lang='grc' dir='ltr'>αὐτὸν</span> <span class='ocrx_word' id='word_1_503' title='bbox 3678 3094 3744 3144; x_wconf 84' lang='grc' dir='ltr'><strong>ὲκ</strong></span> 
     </span>
    </p>
   </div>
   <div class='ocr_carea' id='block_1_64' title="bbox 2148 3180 3744 3251">
    <p class='ocr_par' dir='ltr' id='par_1_64' title="bbox 2148 3180 3744 3251">
     <span class='ocr_line' id='line_1_64' title="bbox 2148 3180 3744 3251; baseline 0.001 -18"><span class='ocrx_word' id='word_1_504' title='bbox 2148 3182 2379 3251; x_wconf 87' lang='grc' dir='ltr'>νεκρῶν.</span> <span class='ocrx_word' id='word_1_505' title='bbox 2420 3182 2813 3244; x_wconf 84' lang='grc' dir='ltr'>Ἀπονέμοντες</span> <span class='ocrx_word' id='word_1_506' title='bbox 2841 3180 3017 3232; x_wconf 80' lang='grc' dir='ltr'>τοίνυν</span> <span class='ocrx_word' id='word_1_507' title='bbox 3051 3183 3116 3250; x_wconf 80' lang='grc' dir='ltr'>τῇ</span> <span class='ocrx_word' id='word_1_508' title='bbox 3166 3181 3302 3251; x_wconf 85' lang='grc' dir='ltr'><strong>μετά</strong></span> <span class='ocrx_word' id='word_1_509' title='bbox 3338 3183 3544 3251; x_wconf 71' lang='grc' dir='ltr'>σαρκὸς</span> <span class='ocrx_word' id='word_1_510' title='bbox 3588 3186 3744 3235; x_wconf 84' lang='grc' dir='ltr'>οἰκο-</span> 
     </span>
    </p>
   </div>
   <div class='ocr_carea' id='block_1_65' title="bbox 2144 3272 3745 3344">
    <p class='ocr_par' dir='ltr' id='par_1_65' title="bbox 2144 3272 3745 3344">
     <span class='ocr_line' id='line_1_65' title="bbox 2144 3272 3745 3344; baseline 0.003 -20"><span class='ocrx_word' id='word_1_511' title='bbox 2144 3274 2308 3343; x_wconf 63' lang='grc' dir='ltr'>νομίᾳ</span> <span class='ocrx_word' id='word_1_512' title='bbox 2339 3273 2407 3326; x_wconf 83' lang='grc' dir='ltr'>τὰ</span> <span class='ocrx_word' id='word_1_513' title='bbox 2438 3272 2755 3344; x_wconf 86' lang='grc' dir='ltr'>ἀνθρώπινα</span> <span class='ocrx_word' id='word_1_514' title='bbox 2776 3311 2791 3337; x_wconf 94' lang='grc'><strong>,</strong></span> <span class='ocrx_word' id='word_1_515' title='bbox 2820 3274 3151 3343; x_wconf 79' lang='grc' dir='ltr'>τηρήσωμεν</span> <span class='ocrx_word' id='word_1_516' title='bbox 3180 3273 3419 3335; x_wconf 73' lang='grc' dir='ltr'>εὐσεϐῶς</span> <span class='ocrx_word' id='word_1_517' title='bbox 3451 3278 3553 3326; x_wconf 75' lang='grc' dir='ltr'><strong>καὶ</strong></span> <span class='ocrx_word' id='word_1_518' title='bbox 3610 3277 3745 3329; x_wconf 79' lang='grc' dir='ltr'>καθ’</span> 
     </span>
    </p>
   </div>
   <div class='ocr_carea' id='block_1_66' title="bbox 2143 3362 3739 3436">
    <p class='ocr_par' dir='ltr' id='par_1_66' title="bbox 2143 3362 3739 3436">
     <span class='ocr_line' id='line_1_66' title="bbox 2143 3362 3739 3436; baseline 0.004 -21"><span class='ocrx_word' id='word_1_519' title='bbox 2143 3366 2289 3432; x_wconf 76' lang='grc' dir='ltr'>ἡμᾶς</span> <span class='ocrx_word' id='word_1_520' title='bbox 2321 3364 2564 3431; x_wconf 78' lang='grc' dir='ltr'>γεγονότι</span> <span class='ocrx_word' id='word_1_521' title='bbox 2595 3362 2671 3433; x_wconf 78' lang='grc' dir='ltr'><strong>τῷ</strong></span> <span class='ocrx_word' id='word_1_522' title='bbox 2701 3366 2765 3415; x_wconf 81' lang='grc' dir='ltr'>ἐκ</span> <span class='ocrx_word' id='word_1_523' title='bbox 2790 3363 2927 3415; x_wconf 87' lang='grc' dir='ltr'>Θεοῦ</span> <span class='ocrx_word' id='word_1_524' title='bbox 2968 3362 3126 3431; x_wconf 71' lang='grc' dir='ltr'>φύντι</span> <span class='ocrx_word' id='word_1_525' title='bbox 3149 3364 3305 3434; x_wconf 83' lang='grc' dir='ltr'><strong>Λόγῳ</strong></span> <span class='ocrx_word' id='word_1_526' title='bbox 3329 3365 3394 3416; x_wconf 76' lang='grc' dir='ltr'>τὰ</span> <span class='ocrx_word' id='word_1_527' title='bbox 3419 3365 3739 3436; x_wconf 77' lang='grc' dir='ltr'>θεοπρεπῆ.</span> 
     </span>
    </p>
   </div>
   <div class='ocr_carea' id='block_1_67' title="bbox 465 3455 3744 3527">
    <p class='ocr_par' dir='ltr' id='par_1_67' title="bbox 465 3455 3744 3527">
     <span class='ocr_line' id='line_1_67' title="bbox 465 3455 3744 3527; baseline 0.001 -16"><span class='ocrx_word' id='word_1_528' title='bbox 465 3474 526 3512; x_wconf 88' lang='lat' dir='ltr'><strong>ea</strong></span> <span class='ocrx_word' id='word_1_529' title='bbox 558 3472 677 3526; x_wconf 78' lang='lat' dir='ltr'><strong>qua:</strong></span> <span class='ocrx_word' id='word_1_530' title='bbox 709 3456 943 3510; x_wconf 91' lang='lat' dir='ltr'><strong>hominis</strong></span> <span class='ocrx_word' id='word_1_531' title='bbox 993 3463 1149 3518; x_wconf 91' lang='lat' dir='ltr'><strong>sunt,</strong></span> <span class='ocrx_word' id='word_1_532' title='bbox 1200 3470 1480 3508; x_wconf 78' lang='lat' dir='ltr'><strong>servemus</strong></span> <span class='ocrx_word' id='word_1_533' title='bbox 1543 3455 1731 3520; x_wconf 88' lang='lat' dir='ltr'><strong>etiam,</strong></span> <span class='ocrx_word' id='word_1_534' title='bbox 1782 3470 1886 3524; x_wconf 90' lang='lat' dir='ltr'><strong>qua</strong></span> <span class='ocrx_word' id='word_1_535' title='bbox 1925 3457 2081 3511; x_wconf 86' lang='lat' dir='ltr'><strong>decet</strong></span> <span class='ocrx_word' id='word_1_536' title='bbox 2119 3457 2343 3527; x_wconf 89' lang='lat' dir='ltr'><strong>pietate,</strong></span> <span class='ocrx_word' id='word_1_537' title='bbox 2395 3457 2468 3511; x_wconf 93' lang='lat' dir='ltr'><strong>illi</strong></span> <span class='ocrx_word' id='word_1_538' title='bbox 2514 3456 2606 3527; x_wconf 85' lang='lat' dir='ltr'><strong>qui</strong></span> <span class='ocrx_word' id='word_1_539' title='bbox 2667 3458 2840 3511; x_wconf 86' lang='lat' dir='ltr'><strong>instar</strong></span> <span class='ocrx_word' id='word_1_540' title='bbox 2888 3459 3058 3511; x_wconf 91' lang='lat' dir='ltr'><strong>nostri</strong></span> <span class='ocrx_word' id='word_1_541' title='bbox 3126 3456 3301 3511; x_wconf 81' lang='lat' dir='ltr'><strong>factus</strong></span> <span class='ocrx_word' id='word_1_542' title='bbox 3329 3469 3411 3511; x_wconf 84' lang='lat' dir='ltr'><strong>est</strong></span> <span class='ocrx_word' id='word_1_543' title='bbox 3445 3459 3643 3521; x_wconf 82' lang='lat' dir='ltr'><strong>homo,</strong></span> <span class='ocrx_word' id='word_1_544' title='bbox 3674 3475 3744 3514; x_wconf 72' lang='lat' dir='ltr'><strong>ex</strong></span> 
     </span>
    </p>
   </div>
   <div class='ocr_carea' id='block_1_68' title="bbox 468 3544 1901 3615">
    <p class='ocr_par' dir='ltr' id='par_1_68' title="bbox 468 3544 1901 3615">
     <span class='ocr_line' id='line_1_68' title="bbox 468 3544 1901 3615; baseline -0.001 -13"><span class='ocrx_word' id='word_1_545' title='bbox 468 3549 579 3602; x_wconf 88' lang='lat' dir='ltr'><strong>Deo</strong></span> <span class='ocrx_word' id='word_1_546' title='bbox 601 3548 781 3615; x_wconf 71' lang='lat' dir='ltr'><strong>genito</strong></span> <span class='ocrx_word' id='word_1_547' title='bbox 810 3544 1012 3609; x_wconf 82' lang='lat' dir='ltr'><strong>Verbo,</strong></span> <span class='ocrx_word' id='word_1_548' title='bbox 1045 3560 1164 3615; x_wconf 69' lang='lat' dir='ltr'><strong>qua:</strong></span> <span class='ocrx_word' id='word_1_549' title='bbox 1191 3546 1290 3613; x_wconf 88' lang='lat' dir='ltr'><strong>ipsi</strong></span> <span class='ocrx_word' id='word_1_550' title='bbox 1326 3556 1383 3598; x_wconf 91' lang='lat' dir='ltr'><strong>ut</strong></span> <span class='ocrx_word' id='word_1_551' title='bbox 1413 3544 1521 3600; x_wconf 90' lang='lat' dir='ltr'><strong>Deo</strong></span> <span class='ocrx_word' id='word_1_552' title='bbox 1552 3548 1901 3600; x_wconf 82' lang='lat' dir='ltr'><strong>conveniunt.</strong></span> 
     </span>
    </p>
   </div>
   <div class='ocr_carea' id='block_1_69' title="bbox 540 3636 2038 3708">
    <p class='ocr_par' dir='ltr' id='par_1_69' title="bbox 540 3636 2038 3708">
     <span class='ocr_line' id='line_1_69' title="bbox 540 3636 2038 3708; baseline 0.001 -15"><span class='ocrx_word' id='word_1_553' title='bbox 540 3638 726 3693; x_wconf 76' lang='lat' dir='ltr'><strong>XVIII.</strong></span> <span class='ocrx_word' id='word_1_554' title='bbox 770 3656 787 3688; x_wconf 82' lang='grc' dir='ltr'><strong>ι</strong></span> <span class='ocrx_word' id='word_1_555' title='bbox 839 3639 1103 3692; x_wconf 84' lang='lat' dir='ltr'><strong>Clamavit</strong></span> <span class='ocrx_word' id='word_1_556' title='bbox 1154 3636 1314 3692; x_wconf 82' lang='lat' dir='ltr'><strong>Jesus</strong></span> <span class='ocrx_word' id='word_1_557' title='bbox 1359 3653 1492 3692; x_wconf 83' lang='lat' dir='ltr'><strong>voce</strong></span> <span class='ocrx_word' id='word_1_558' title='bbox 1536 3656 1759 3708; x_wconf 85' lang='lat' dir='ltr'><strong>magna,</strong></span> <span class='ocrx_word' id='word_1_559' title='bbox 1792 3640 1983 3695; x_wconf 82' lang='lat' dir='ltr'><strong>dicens</strong></span> <span class='ocrx_word' id='word_1_560' title='bbox 2023 3657 2038 3694; x_wconf 88' lang='lat'><strong>:</strong></span> 
     </span>
    </p>
   </div>
   <div class='ocr_carea' id='block_1_70' title="bbox 472 3729 2035 3802">
    <p class='ocr_par' dir='ltr' id='par_1_70' title="bbox 472 3729 2035 3802">
     <span class='ocr_line' id='line_1_70' title="bbox 472 3729 2035 3802; baseline 0.003 -21"><span class='ocrx_word' id='word_1_561' title='bbox 472 3729 616 3784; x_wconf 89' lang='lat' dir='ltr'><strong>Deus</strong></span> <span class='ocrx_word' id='word_1_562' title='bbox 667 3744 856 3793; x_wconf 90' lang='lat' dir='ltr'><strong>meus,</strong></span> <span class='ocrx_word' id='word_1_563' title='bbox 909 3729 1047 3783; x_wconf 85' lang='lat' dir='ltr'><strong>Deus</strong></span> <span class='ocrx_word' id='word_1_564' title='bbox 1109 3744 1294 3792; x_wconf 89' lang='lat' dir='ltr'><strong>meus,</strong></span> <span class='ocrx_word' id='word_1_565' title='bbox 1365 3730 1555 3798; x_wconf 92' lang='lat' dir='ltr'><strong>utquid</strong></span> <span class='ocrx_word' id='word_1_566' title='bbox 1601 3747 1685 3785; x_wconf 90' lang='lat' dir='ltr'><strong>me</strong></span> <span class='ocrx_word' id='word_1_567' title='bbox 1738 3732 2035 3802; x_wconf 81' lang='lat' dir='ltr'><strong>dereliqui—</strong></span> 
     </span>
    </p>
   </div>
   <div class='ocr_carea' id='block_1_71' title="bbox 469 3820 2042 3892">
    <p class='ocr_par' dir='ltr' id='par_1_71' title="bbox 469 3820 2042 3892">
     <span class='ocr_line' id='line_1_71' title="bbox 469 3820 2042 3892; baseline 0.001 -16"><span class='ocrx_word' id='word_1_568' title='bbox 469 3825 537 3877; x_wconf 91' lang='lat' dir='ltr'><strong>sti</strong></span> <span class='ocrx_word' id='word_1_569' title='bbox 571 3820 653 3874; x_wconf 75' lang='lat'><strong>“?</strong></span> <span class='ocrx_word' id='word_1_570' title='bbox 686 3840 704 3872; x_wconf 79' lang='grc' dir='ltr'><strong>ι</strong></span> <span class='ocrx_word' id='word_1_571' title='bbox 734 3820 981 3888; x_wconf 80' lang='lat' dir='ltr'><strong>Nunquid</strong></span> <span class='ocrx_word' id='word_1_572' title='bbox 1026 3822 1199 3888; x_wconf 91' lang='lat' dir='ltr'><strong>ipsum</strong></span> <span class='ocrx_word' id='word_1_573' title='bbox 1237 3835 1453 3890; x_wconf 84' lang='lat' dir='ltr'><strong>quoque</strong></span> <span class='ocrx_word' id='word_1_574' title='bbox 1490 3821 1747 3887; x_wconf 87' lang='lat' dir='ltr'><strong>Verbum,</strong></span> <span class='ocrx_word' id='word_1_575' title='bbox 1793 3824 1937 3892; x_wconf 88' lang='lat' dir='ltr'><strong>quod</strong></span> <span class='ocrx_word' id='word_1_576' title='bbox 1974 3838 2042 3877; x_wconf 78' lang='lat' dir='ltr'><strong>cx</strong></span> 
     </span>
    </p>
   </div>
   <div class='ocr_carea' id='block_1_72' title="bbox 468 3912 2045 3983">
    <p class='ocr_par' dir='ltr' id='par_1_72' title="bbox 468 3912 2045 3983">
     <span class='ocr_line' id='line_1_72' title="bbox 468 3912 2045 3983; baseline 0 -14"><span class='ocrx_word' id='word_1_577' title='bbox 468 3915 580 3970; x_wconf 89' lang='lat' dir='ltr'><strong>Deo</strong></span> <span class='ocrx_word' id='word_1_578' title='bbox 608 3913 767 3967; x_wconf 86' lang='lat' dir='ltr'><strong>Patre</strong></span> <span class='ocrx_word' id='word_1_579' title='bbox 792 3922 973 3965; x_wconf 90' lang='lat' dir='ltr'><strong>natum</strong></span> <span class='ocrx_word' id='word_1_580' title='bbox 1014 3922 1117 3975; x_wconf 88' lang='lat' dir='ltr'><strong>est,</strong></span> <span class='ocrx_word' id='word_1_581' title='bbox 1167 3912 1353 3965; x_wconf 87' lang='lat' dir='ltr'><strong>divino</strong></span> <span class='ocrx_word' id='word_1_582' title='bbox 1386 3913 1589 3967; x_wconf 74' lang='lat' dir='ltr'><strong>auxilio</strong></span> <span class='ocrx_word' id='word_1_583' title='bbox 1628 3913 1930 3983; x_wconf 82' lang='lat' dir='ltr'><strong>indiguisse</strong></span> <span class='ocrx_word' id='word_1_584' title='bbox 1963 3916 2045 3969; x_wconf 82' lang='lat' dir='ltr'><strong>di-</strong></span> 
     </span>
    </p>
   </div>
   <div class='ocr_carea' id='block_1_73' title="bbox 468 4003 2037 4073">
    <p class='ocr_par' dir='ltr' id='par_1_73' title="bbox 468 4003 2037 4073">
     <span class='ocr_line' id='line_1_73' title="bbox 468 4003 2037 4073; baseline -0.002 -11"><span class='ocrx_word' id='word_1_585' title='bbox 468 4006 697 4063; x_wconf 81' lang='lat' dir='ltr'><strong>cemus?</strong></span> <span class='ocrx_word' id='word_1_586' title='bbox 730 4004 801 4059; x_wconf 84' lang='lat' dir='ltr'><strong>At</strong></span> <span class='ocrx_word' id='word_1_587' title='bbox 828 4004 954 4072; x_wconf 90' lang='lat' dir='ltr'><strong>quid</strong></span> <span class='ocrx_word' id='word_1_588' title='bbox 977 4019 1041 4057; x_wconf 90' lang='lat' dir='ltr'><strong>eo</strong></span> <span class='ocrx_word' id='word_1_589' title='bbox 1068 4003 1172 4058; x_wconf 90' lang='lat' dir='ltr'><strong>dici</strong></span> <span class='ocrx_word' id='word_1_590' title='bbox 1201 4013 1379 4073; x_wconf 77' lang='lat' dir='ltr'><strong>potest</strong></span> <span class='ocrx_word' id='word_1_591' title='bbox 1409 4005 1663 4059; x_wconf 89' lang='lat' dir='ltr'><strong>stultius?</strong></span> <span class='ocrx_word' id='word_1_592' title='bbox 1702 4007 1898 4059; x_wconf 82' lang='lat' dir='ltr'><strong>Annon</strong></span> <span class='ocrx_word' id='word_1_593' title='bbox 1934 4022 2037 4059; x_wconf 70' lang='lat' dir='ltr'><strong>una</strong></span> 
     </span>
    </p>
   </div>
   <div class='ocr_carea' id='block_1_74' title="bbox 469 4096 2042 4169">
    <p class='ocr_par' dir='ltr' id='par_1_74' title="bbox 469 4096 2042 4169">
     <span class='ocr_line' id='line_1_74' title="bbox 469 4096 2042 4169; baseline -0.001 -15"><span class='ocrx_word' id='word_1_594' title='bbox 469 4116 591 4154; x_wconf 92' lang='lat' dir='ltr'><strong>cum</strong></span> <span class='ocrx_word' id='word_1_595' title='bbox 628 4100 736 4152; x_wconf 91' lang='lat' dir='ltr'><strong>Deo</strong></span> <span class='ocrx_word' id='word_1_596' title='bbox 781 4098 939 4151; x_wconf 88' lang='lat' dir='ltr'><strong>Patre</strong></span> <span class='ocrx_word' id='word_1_597' title='bbox 977 4097 1351 4151; x_wconf 89' lang='lat' dir='ltr'><strong>universorum</strong></span> <span class='ocrx_word' id='word_1_598' title='bbox 1391 4096 1651 4151; x_wconf 88' lang='lat' dir='ltr'><strong>Dominus</strong></span> <span class='ocrx_word' id='word_1_599' title='bbox 1683 4111 1797 4161; x_wconf 87' lang='lat' dir='ltr'><strong>est,</strong></span> <span class='ocrx_word' id='word_1_600' title='bbox 1833 4114 2042 4169; x_wconf 85' lang='lat' dir='ltr'><strong>suoque</strong></span> 
     </span>
    </p>
   </div>
   <div class='ocr_carea' id='block_1_75' title="bbox 472 4191 2042 4263">
    <p class='ocr_par' dir='ltr' id='par_1_75' title="bbox 472 4191 2042 4263">
     <span class='ocr_line' id='line_1_75' title="bbox 472 4191 2042 4263; baseline 0 -17"><span class='ocrx_word' id='word_1_601' title='bbox 472 4192 674 4263; x_wconf 90' lang='lat' dir='ltr'><strong>Spiritu</strong></span> <span class='ocrx_word' id='word_1_602' title='bbox 707 4192 901 4245; x_wconf 75' lang='lat' dir='ltr'><strong>cmlum</strong></span> <span class='ocrx_word' id='word_1_603' title='bbox 938 4191 1139 4252; x_wconf 87' lang='lat' dir='ltr'><strong>Iirmat,</strong></span> <span class='ocrx_word' id='word_1_604' title='bbox 1174 4205 1237 4244; x_wconf 91' lang='lat' dir='ltr'><strong>ac</strong></span> <span class='ocrx_word' id='word_1_605' title='bbox 1266 4192 1531 4243; x_wconf 86' lang='lat' dir='ltr'><strong>virtutum</strong></span> <span class='ocrx_word' id='word_1_606' title='bbox 1569 4191 1825 4245; x_wconf 78' lang='lat' dir='ltr'><strong>Dominus</strong></span> <span class='ocrx_word' id='word_1_607' title='bbox 1858 4192 2042 4261; x_wconf 81' lang='lat' dir='ltr'><strong>appel-</strong></span> 
     </span>
    </p>
   </div>
   <div class='ocr_carea' id='block_1_76' title="bbox 2218 3640 3743 3712">
    <p class='ocr_par' dir='ltr' id='par_1_76' title="bbox 2218 3640 3743 3712">
     <span class='ocr_line' id='line_1_76' title="bbox 2218 3640 3743 3712; baseline 0.001 -19"><span class='ocrx_word' id='word_1_608' title='bbox 2218 3642 2326 3695; x_wconf 87' lang='lat' dir='ltr'><strong>IH&#39;.</strong></span> <span class='ocrx_word' id='word_1_609' title='bbox 2369 3660 2387 3692; x_wconf 75' lang='grc' dir='ltr'><strong>ι</strong></span> <span class='ocrx_word' id='word_1_610' title='bbox 2436 3640 2659 3711; x_wconf 79' lang='grc' dir='ltr'>Ἐϐόησε</span> <span class='ocrx_word' id='word_1_611' title='bbox 2693 3641 2752 3694; x_wconf 79' lang='grc' dir='ltr'>δὲ</span> <span class='ocrx_word' id='word_1_612' title='bbox 2796 3643 2946 3712; x_wconf 75' lang='grc' dir='ltr'>φωνῇ</span> <span class='ocrx_word' id='word_1_613' title='bbox 2996 3640 3209 3712; x_wconf 83' lang='grc' dir='ltr'>μεγάλῃ</span> <span class='ocrx_word' id='word_1_614' title='bbox 3254 3643 3281 3693; x_wconf 89' lang='lat'><strong>6</strong></span> <span class='ocrx_word' id='word_1_615' title='bbox 3339 3640 3591 3709; x_wconf 83' lang='grc' dir='ltr'>Ἰησοῦς·</span> <span class='ocrx_word' id='word_1_616' title='bbox 3638 3643 3743 3695; x_wconf 84' lang='grc' dir='ltr'><strong>Θεέ</strong></span> 
     </span>
    </p>
   </div>
   <div class='ocr_carea' id='block_1_77' title="bbox 2151 3730 3743 3805">
    <p class='ocr_par' dir='ltr' id='par_1_77' title="bbox 2151 3730 3743 3805">
     <span class='ocr_line' id='line_1_77' title="bbox 2151 3730 3743 3805; baseline -0.001 -18"><span class='ocrx_word' id='word_1_617' title='bbox 2151 3753 2277 3805; x_wconf 86' lang='grc' dir='ltr'>μου,</span> <span class='ocrx_word' id='word_1_618' title='bbox 2309 3734 2408 3786; x_wconf 86' lang='grc' dir='ltr'>Θεέ</span> <span class='ocrx_word' id='word_1_619' title='bbox 2443 3751 2567 3803; x_wconf 91' lang='grc' dir='ltr'>μου,</span> <span class='ocrx_word' id='word_1_620' title='bbox 2604 3734 2693 3787; x_wconf 78' lang='grc' dir='ltr'>ἵνα</span> <span class='ocrx_word' id='word_1_621' title='bbox 2740 3733 2793 3786; x_wconf 83' lang='grc' dir='ltr'><strong>τί</strong></span> <span class='ocrx_word' id='word_1_622' title='bbox 2841 3751 2910 3805; x_wconf 89' lang='grc' dir='ltr'><strong>με</strong></span> <span class='ocrx_word' id='word_1_623' title='bbox 2963 3734 3347 3801; x_wconf 82' lang='grc' dir='ltr'>ὲγκατέλιπες;</span> <span class='ocrx_word' id='word_1_624' title='bbox 3386 3752 3403 3784; x_wconf 81' lang='grc' dir='ltr'><strong>ι</strong></span> <span class='ocrx_word' id='word_1_625' title='bbox 3436 3730 3594 3804; x_wconf 70' lang='grc' dir='ltr'>Ἀρα</span> <span class='ocrx_word' id='word_1_626' title='bbox 3647 3731 3743 3787; x_wconf 77' lang='grc' dir='ltr'><strong>οῦν</strong></span> 
     </span>
    </p>
   </div>
   <div class='ocr_carea' id='block_1_78' title="bbox 2148 3825 3745 3897">
    <p class='ocr_par' dir='ltr' id='par_1_78' title="bbox 2148 3825 3745 3897">
     <span class='ocr_line' id='line_1_78' title="bbox 2148 3825 3745 3897; baseline -0.001 -18"><span class='ocrx_word' id='word_1_627' title='bbox 2148 3830 2241 3879; x_wconf 72' lang='grc' dir='ltr'>καὶ</span> <span class='ocrx_word' id='word_1_628' title='bbox 2286 3826 2445 3879; x_wconf 66' lang='grc' dir='ltr'>αὑτὸν</span> <span class='ocrx_word' id='word_1_629' title='bbox 2486 3826 2808 3897; x_wconf 78' lang='grc' dir='ltr'>ἐπικουρίας</span> <span class='ocrx_word' id='word_1_630' title='bbox 2833 3826 2933 3896; x_wconf 80' lang='grc' dir='ltr'>τῆς</span> <span class='ocrx_word' id='word_1_631' title='bbox 2964 3827 3169 3880; x_wconf 85' lang='grc' dir='ltr'>ἄνωθέν</span> <span class='ocrx_word' id='word_1_632' title='bbox 3214 3843 3394 3895; x_wconf 82' lang='grc' dir='ltr'>φαμεν</span> <span class='ocrx_word' id='word_1_633' title='bbox 3443 3825 3745 3896; x_wconf 71' lang='grc' dir='ltr'>δεδεῆσθαι</span> 
     </span>
    </p>
   </div>
   <div class='ocr_carea' id='block_1_79' title="bbox 2147 3914 3744 3989">
    <p class='ocr_par' dir='ltr' id='par_1_79' title="bbox 2147 3914 3744 3989">
     <span class='ocr_line' id='line_1_79' title="bbox 2147 3914 3744 3989; baseline -0.001 -20"><span class='ocrx_word' id='word_1_634' title='bbox 2147 3918 2237 3969; x_wconf 68' lang='grc' dir='ltr'>τὸν</span> <span class='ocrx_word' id='word_1_635' title='bbox 2271 3920 2333 3969; x_wconf 84' lang='grc' dir='ltr'>ὲκ</span> <span class='ocrx_word' id='word_1_636' title='bbox 2367 3915 2502 3971; x_wconf 79' lang='grc' dir='ltr'>Θεοῦ</span> <span class='ocrx_word' id='word_1_637' title='bbox 2550 3914 2761 3989; x_wconf 76' lang='grc' dir='ltr'>Πάτρὸς</span> <span class='ocrx_word' id='word_1_638' title='bbox 2791 3919 2999 3986; x_wconf 66' lang='grc' dir='ltr'>Λόγον,</span> <span class='ocrx_word' id='word_1_639' title='bbox 3028 3917 3220 3971; x_wconf 79' lang='grc' dir='ltr'>Καίτοι</span> <span class='ocrx_word' id='word_1_640' title='bbox 3255 3918 3366 3981; x_wconf 85' lang='grc' dir='ltr'><strong>πῶς</strong></span> <span class='ocrx_word' id='word_1_641' title='bbox 3392 3916 3553 3970; x_wconf 84' lang='grc' dir='ltr'>τοῦτό</span> <span class='ocrx_word' id='word_1_642' title='bbox 3584 3921 3744 3970; x_wconf 78' lang='grc' dir='ltr'>ἐστιν</span> 
     </span>
    </p>
   </div>
   <div class='ocr_carea' id='block_1_80' title="bbox 2149 4008 3743 4081">
    <p class='ocr_par' dir='ltr' id='par_1_80' title="bbox 2149 4008 3743 4081">
     <span class='ocr_line' id='line_1_80' title="bbox 2149 4008 3743 4081; baseline -0.001 -19"><span class='ocrx_word' id='word_1_643' title='bbox 2149 4011 2248 4062; x_wconf 77' lang='grc' dir='ltr'><strong>οὐκ</strong></span> <span class='ocrx_word' id='word_1_644' title='bbox 2294 4008 2489 4080; x_wconf 74' lang='grc' dir='ltr'>εὔηθες</span> <span class='ocrx_word' id='word_1_645' title='bbox 2536 4010 2762 4080; x_wconf 82' lang='grc' dir='ltr'>κομιδῇ;</span> <span class='ocrx_word' id='word_1_646' title='bbox 2796 4009 3175 4079; x_wconf 79' lang='grc' dir='ltr'>Συγκατάρχει</span> <span class='ocrx_word' id='word_1_647' title='bbox 3206 4010 3311 4081; x_wconf 75' lang='grc' dir='ltr'><strong>γὰρ</strong></span> <span class='ocrx_word' id='word_1_648' title='bbox 3338 4009 3449 4060; x_wconf 86' lang='grc' dir='ltr'><strong>τῶν</strong></span> <span class='ocrx_word' id='word_1_649' title='bbox 3478 4008 3628 4061; x_wconf 74' lang='grc' dir='ltr'>ὅλων</span> <span class='ocrx_word' id='word_1_650' title='bbox 3664 4010 3743 4079; x_wconf 72' lang='grc' dir='ltr'><strong>τῷ</strong></span> 
     </span>
    </p>
   </div>
   <div class='ocr_carea' id='block_1_81' title="bbox 2149 4100 3745 4173">
    <p class='ocr_par' dir='ltr' id='par_1_81' title="bbox 2149 4100 3745 4173">
     <span class='ocr_line' id='line_1_81' title="bbox 2149 4100 3745 4173; baseline -0.001 -20"><span class='ocrx_word' id='word_1_651' title='bbox 2149 4101 2269 4171; x_wconf 81' lang='grc' dir='ltr'><strong>Θεῷ</strong></span> <span class='ocrx_word' id='word_1_652' title='bbox 2303 4102 2395 4153; x_wconf 79' lang='grc' dir='ltr'><strong>καὶ</strong></span> <span class='ocrx_word' id='word_1_653' title='bbox 2427 4102 2603 4171; x_wconf 80' lang='grc' dir='ltr'>Πατρὶ</span> <span class='ocrx_word' id='word_1_654' title='bbox 2628 4141 2642 4165; x_wconf 96' lang='grc'><strong>,</strong></span> <span class='ocrx_word' id='word_1_655' title='bbox 2678 4102 2771 4153; x_wconf 75' lang='grc' dir='ltr'><strong>καὶ</strong></span> <span class='ocrx_word' id='word_1_656' title='bbox 2820 4107 3031 4171; x_wconf 85' lang='grc' dir='ltr'>στερεοῐ</span> <span class='ocrx_word' id='word_1_657' title='bbox 3065 4103 3161 4173; x_wconf 79' lang='grc' dir='ltr'><strong>μὲν</strong></span> <span class='ocrx_word' id='word_1_658' title='bbox 3189 4102 3450 4171; x_wconf 71' lang='grc' dir='ltr'>οὐρανοὺς</span> <span class='ocrx_word' id='word_1_659' title='bbox 3485 4100 3564 4169; x_wconf 79' lang='grc' dir='ltr'>τῷ</span> <span class='ocrx_word' id='word_1_660' title='bbox 3625 4102 3745 4170; x_wconf 79' lang='grc' dir='ltr'><strong>ἰδέῳ</strong></span> 
     </span>
    </p>
   </div>
   <div class='ocr_carea' id='block_1_82' title="bbox 2152 4191 3746 4263">
    <p class='ocr_par' dir='ltr' id='par_1_82' title="bbox 2152 4191 3746 4263">
     <span class='ocr_line' id='line_1_82' title="bbox 2152 4191 3746 4263; baseline 0.002 -21"><span class='ocrx_word' id='word_1_661' title='bbox 2152 4191 2455 4260; x_wconf 83' lang='grc' dir='ltr'>Πνεύματι,</span> <span class='ocrx_word' id='word_1_662' title='bbox 2483 4192 2687 4262; x_wconf 80' lang='grc' dir='ltr'>Κύριος</span> <span class='ocrx_word' id='word_1_663' title='bbox 2718 4192 2774 4244; x_wconf 78' lang='grc' dir='ltr'><strong>δὲ</strong></span> <span class='ocrx_word' id='word_1_664' title='bbox 2803 4193 2911 4245; x_wconf 90' lang='grc' dir='ltr'><strong>τῶν</strong></span> <span class='ocrx_word' id='word_1_665' title='bbox 2937 4194 3219 4263; x_wconf 81' lang='grc' dir='ltr'>δυνάμεων</span> <span class='ocrx_word' id='word_1_666' title='bbox 3270 4192 3605 4263; x_wconf 77' lang='grc' dir='ltr'>ὀνομάζεται</span> <span class='ocrx_word' id='word_1_667' title='bbox 3647 4195 3746 4245; x_wconf 74' lang='grc' dir='ltr'><strong>καὶ</strong></span> 
     </span>
    </p>
   </div>
   <div class='ocr_carea' id='block_1_83' title="bbox 470 4268 2036 4357">
    <p class='ocr_par' dir='ltr' id='par_1_83' title="bbox 470 4280 2036 4353">
     <span class='ocr_line' id='line_1_83' title="bbox 470 4280 2036 4353; baseline -0.001 -15"><span class='ocrx_word' id='word_1_668' title='bbox 470 4283 633 4351; x_wconf 88' lang='lat' dir='ltr'><strong>latur,</strong></span> <span class='ocrx_word' id='word_1_669' title='bbox 668 4291 830 4337; x_wconf 90' lang='lat' dir='ltr'><strong>etest</strong></span> <span class='ocrx_word' id='word_1_670' title='bbox 859 4282 961 4336; x_wconf 91' lang='lat' dir='ltr'><strong>hoc</strong></span> <span class='ocrx_word' id='word_1_671' title='bbox 996 4281 1173 4351; x_wconf 89' lang='lat' dir='ltr'><strong>ipsum</strong></span> <span class='ocrx_word' id='word_1_672' title='bbox 1211 4294 1335 4335; x_wconf 77' lang='lat' dir='ltr'><strong>vere</strong></span> <span class='ocrx_word' id='word_1_673' title='bbox 1364 4281 1452 4335; x_wconf 77' lang='lat'><strong>&quot;?</strong></span> <span class='ocrx_word' id='word_1_674' title='bbox 1486 4280 1738 4350; x_wconf 81' lang='lat' dir='ltr'><strong>Nunquid</strong></span> <span class='ocrx_word' id='word_1_675' title='bbox 1774 4297 1903 4353; x_wconf 87' lang='lat' dir='ltr'><strong>ergo</strong></span> <span class='ocrx_word' id='word_1_676' title='bbox 1950 4286 2036 4337; x_wconf 23' lang='lat' dir='ltr'><strong>adt</strong></span> 
     </span>
    </p>
   </div>
   <div class='ocr_carea' id='block_1_84' title="bbox 2146 4268 3743 4357">
    <p class='ocr_par' dir='ltr' id='par_1_84' title="bbox 2153 4281 3743 4357">
     <span class='ocr_line' id='line_1_84' title="bbox 2153 4281 3743 4357; baseline 0.005 -23"><span class='ocrx_word' id='word_1_677' title='bbox 2153 4281 2265 4334; x_wconf 75' lang='grc' dir='ltr'>ἔστι</span> <span class='ocrx_word' id='word_1_678' title='bbox 2306 4283 2449 4335; x_wconf 76' lang='grc' dir='ltr'>κατὰ</span> <span class='ocrx_word' id='word_1_679' title='bbox 2495 4284 2771 4354; x_wconf 78' lang='grc' dir='ltr'>ἀλήθειαν.</span> <span class='ocrx_word' id='word_1_680' title='bbox 2819 4285 2960 4337; x_wconf 85' lang='grc' dir='ltr'>Ἀλλ’</span> <span class='ocrx_word' id='word_1_681' title='bbox 3003 4287 3263 4357; x_wconf 79' lang='grc' dir='ltr'>ἡτόνησεν</span> <span class='ocrx_word' id='word_1_682' title='bbox 3308 4287 3413 4356; x_wconf 80' lang='grc' dir='ltr'>ἄρα</span> <span class='ocrx_word' id='word_1_683' title='bbox 3460 4288 3605 4357; x_wconf 75' lang='grc' dir='ltr'>πρὸς</span> <span class='ocrx_word' id='word_1_684' title='bbox 3640 4290 3743 4352; x_wconf 70' lang='grc' dir='ltr'>τὰς</span> 
     </span>
    </p>
   </div>
   <div class='ocr_carea' id='block_1_85' title="bbox 469 4372 2041 4444">
    <p class='ocr_par' dir='ltr' id='par_1_85' title="bbox 469 4372 2041 4444">
     <span class='ocr_line' id='line_1_85' title="bbox 469 4372 2041 4444; baseline 0.001 -16"><span class='ocrx_word' id='word_1_685' title='bbox 469 4390 663 4429; x_wconf 78' lang='lat' dir='ltr'><strong>versus</strong></span> <span class='ocrx_word' id='word_1_686' title='bbox 695 4372 1007 4427; x_wconf 65' lang='lat' dir='ltr'><strong>Iudaeorum</strong></span> <span class='ocrx_word' id='word_1_687' title='bbox 1036 4374 1260 4429; x_wconf 89' lang='lat' dir='ltr'><strong>insidias</strong></span> <span class='ocrx_word' id='word_1_688' title='bbox 1281 4374 1553 4444; x_wconf 85' lang='lat' dir='ltr'><strong>elanguit?</strong></span> <span class='ocrx_word' id='word_1_689' title='bbox 1579 4373 1836 4444; x_wconf 89' lang='lat' dir='ltr'><strong>Nunquid</strong></span> <span class='ocrx_word' id='word_1_690' title='bbox 1866 4377 2041 4431; x_wconf 88' lang='lat' dir='ltr'><strong>cruci-</strong></span> 
     </span>
    </p>
   </div>
   <div class='ocr_carea' id='block_1_86' title="bbox 473 4465 2033 4535">
    <p class='ocr_par' dir='ltr' id='par_1_86' title="bbox 473 4465 2033 4535">
     <span class='ocr_line' id='line_1_86' title="bbox 473 4465 2033 4535; baseline 0.001 -16"><span class='ocrx_word' id='word_1_691' title='bbox 473 4466 753 4535; x_wconf 78' lang='lat' dir='ltr'><strong>ﬁgentium</strong></span> <span class='ocrx_word' id='word_1_692' title='bbox 785 4480 977 4519; x_wconf 90' lang='lat' dir='ltr'><strong>manus</strong></span> <span class='ocrx_word' id='word_1_693' title='bbox 1000 4465 1271 4519; x_wconf 87' lang='lat' dir='ltr'><strong>debellare</strong></span> <span class='ocrx_word' id='word_1_694' title='bbox 1302 4480 1407 4518; x_wconf 91' lang='lat' dir='ltr'><strong>non</strong></span> <span class='ocrx_word' id='word_1_695' title='bbox 1439 4466 1611 4532; x_wconf 86' lang='lat' dir='ltr'><strong>potuit</strong></span> <span class='ocrx_word' id='word_1_696' title='bbox 1633 4466 1656 4518; x_wconf 89' lang='lat'><strong>?</strong></span> <span class='ocrx_word' id='word_1_697' title='bbox 1678 4468 1838 4534; x_wconf 83' lang='lat' dir='ltr'><strong>Atqui</strong></span> <span class='ocrx_word' id='word_1_698' title='bbox 1868 4468 2033 4520; x_wconf 81' lang='lat' dir='ltr'><strong>Isaias</strong></span> 
     </span>
    </p>
   </div>
   <div class='ocr_carea' id='block_1_87' title="bbox 470 4554 2043 4627">
    <p class='ocr_par' dir='ltr' id='par_1_87' title="bbox 470 4554 2043 4627">
     <span class='ocr_line' id='line_1_87' title="bbox 470 4554 2043 4627; baseline 0.002 -18"><span class='ocrx_word' id='word_1_699' title='bbox 470 4557 734 4627; x_wconf 87' lang='lat' dir='ltr'><strong>propheta</strong></span> <span class='ocrx_word' id='word_1_700' title='bbox 765 4554 844 4609; x_wconf 90' lang='lat' dir='ltr'><strong>sic</strong></span> <span class='ocrx_word' id='word_1_701' title='bbox 878 4555 985 4608; x_wconf 89' lang='lat' dir='ltr'><strong>ait:</strong></span> <span class='ocrx_word' id='word_1_702' title='bbox 1030 4573 1049 4606; x_wconf 75' lang='grc' dir='ltr'><strong>ι</strong></span> <span class='ocrx_word' id='word_1_703' title='bbox 1088 4556 1143 4608; x_wconf 90' lang='lat' dir='ltr'><strong>Si</strong></span> <span class='ocrx_word' id='word_1_704' title='bbox 1167 4570 1357 4609; x_wconf 91' lang='lat' dir='ltr'><strong>omnes</strong></span> <span class='ocrx_word' id='word_1_705' title='bbox 1386 4566 1573 4624; x_wconf 89' lang='lat' dir='ltr'><strong>gentes</strong></span> <span class='ocrx_word' id='word_1_706' title='bbox 1613 4559 1765 4625; x_wconf 88' lang='lat' dir='ltr'><strong>quasi</strong></span> <span class='ocrx_word' id='word_1_707' title='bbox 1791 4558 1931 4610; x_wconf 88' lang='lat' dir='ltr'><strong>stilla</strong></span> <span class='ocrx_word' id='word_1_708' title='bbox 1975 4559 2043 4612; x_wconf 93' lang='lat' dir='ltr'><strong>de</strong></span> 
     </span>
    </p>
   </div>
   <div class='ocr_carea' id='block_1_88' title="bbox 472 4645 2039 4716">
    <p class='ocr_par' dir='ltr' id='par_1_88' title="bbox 472 4645 2039 4716">
     <span class='ocr_line' id='line_1_88' title="bbox 472 4645 2039 4716; baseline 0.001 -17"><span class='ocrx_word' id='word_1_709' title='bbox 472 4646 655 4708; x_wconf 90' lang='lat' dir='ltr'><strong>situla,</strong></span> <span class='ocrx_word' id='word_1_710' title='bbox 698 4654 754 4699; x_wconf 90' lang='lat' dir='ltr'><strong>et</strong></span> <span class='ocrx_word' id='word_1_711' title='bbox 792 4645 947 4713; x_wconf 86' lang='lat' dir='ltr'><strong>quasi</strong></span> <span class='ocrx_word' id='word_1_712' title='bbox 979 4654 1311 4699; x_wconf 90' lang='lat' dir='ltr'><strong>momentum</strong></span> <span class='ocrx_word' id='word_1_713' title='bbox 1343 4654 1562 4700; x_wconf 77' lang='lat' dir='ltr'><strong>stater:e</strong></span> <span class='ocrx_word' id='word_1_714' title='bbox 1589 4657 1853 4716; x_wconf 61' lang='lat' dir='ltr'><strong>reputatae</strong></span> <span class='ocrx_word' id='word_1_715' title='bbox 1892 4658 2039 4713; x_wconf 87' lang='lat' dir='ltr'><strong>sunt,</strong></span> 
     </span>
    </p>
   </div>
   <div class='ocr_carea' id='block_1_89' title="bbox 471 4736 2042 4809">
    <p class='ocr_par' dir='ltr' id='par_1_89' title="bbox 471 4736 2042 4809">
     <span class='ocr_line' id='line_1_89' title="bbox 471 4736 2042 4809; baseline 0.002 -17"><span class='ocrx_word' id='word_1_716' title='bbox 471 4736 700 4807; x_wconf 86' lang='lat' dir='ltr'><strong>etquasi</strong></span> <span class='ocrx_word' id='word_1_717' title='bbox 751 4736 915 4791; x_wconf 88' lang='lat' dir='ltr'><strong>saliva</strong></span> <span class='ocrx_word' id='word_1_718' title='bbox 974 4736 1425 4807; x_wconf 87' lang='lat' dir='ltr'><strong>reputabuntur:</strong></span> <span class='ocrx_word' id='word_1_719' title='bbox 1486 4738 1573 4793; x_wconf 92' lang='lat' dir='ltr'><strong>cui</strong></span> <span class='ocrx_word' id='word_1_720' title='bbox 1622 4753 1752 4809; x_wconf 89' lang='lat' dir='ltr'><strong>ergo</strong></span> <span class='ocrx_word' id='word_1_721' title='bbox 1808 4739 2042 4795; x_wconf 89' lang='lat' dir='ltr'><strong>similem</strong></span> 
     </span>
    </p>
   </div>
   <div class='ocr_carea' id='block_1_90' title="bbox 473 4820 2043 4891">
    <p class='ocr_par' dir='ltr' id='par_1_90' title="bbox 473 4820 2043 4891">
     <span class='ocr_line' id='line_1_90' title="bbox 473 4820 2043 4891; baseline 0.001 -15"><span class='ocrx_word' id='word_1_722' title='bbox 473 4821 680 4877; x_wconf 71' lang='lat' dir='ltr'><strong>fecistis</strong></span> <span class='ocrx_word' id='word_1_723' title='bbox 706 4820 915 4877; x_wconf 84' lang='lat' dir='ltr'><strong>Deum?</strong></span> <span class='ocrx_word' id='word_1_724' title='bbox 942 4831 1037 4875; x_wconf 91' lang='lat' dir='ltr'><strong>aut</strong></span> <span class='ocrx_word' id='word_1_725' title='bbox 1063 4822 1150 4875; x_wconf 91' lang='lat' dir='ltr'><strong>cui</strong></span> <span class='ocrx_word' id='word_1_726' title='bbox 1176 4820 1399 4890; x_wconf 86' lang='lat' dir='ltr'><strong>imagini</strong></span> <span class='ocrx_word' id='word_1_727' title='bbox 1417 4822 1774 4891; x_wconf 87' lang='lat' dir='ltr'><strong>comparastis</strong></span> <span class='ocrx_word' id='word_1_728' title='bbox 1794 4839 1915 4878; x_wconf 90' lang='lat' dir='ltr'><strong>eum</strong></span> <span class='ocrx_word' id='word_1_729' title='bbox 1934 4825 2043 4878; x_wconf 71' lang='lat' dir='ltr'><strong>“?i</strong></span> 
     </span>
    </p>
   </div>
   <div class='ocr_carea' id='block_1_91' title="bbox 2149 4371 3744 4447">
    <p class='ocr_par' dir='ltr' id='par_1_91' title="bbox 2149 4371 3744 4447">
     <span class='ocr_line' id='line_1_91' title="bbox 2149 4371 3744 4447; baseline 0.005 -24"><span class='ocrx_word' id='word_1_730' title='bbox 2149 4371 2258 4423; x_wconf 90' lang='grc' dir='ltr'><strong>τῶν</strong></span> <span class='ocrx_word' id='word_1_731' title='bbox 2298 4372 2568 4425; x_wconf 86' lang='grc' dir='ltr'>Ἰουδαίων</span> <span class='ocrx_word' id='word_1_732' title='bbox 2618 4375 2930 4441; x_wconf 74' lang='grc' dir='ltr'>επιϐουλὰς,</span> <span class='ocrx_word' id='word_1_733' title='bbox 2965 4378 3058 4428; x_wconf 79' lang='grc' dir='ltr'><strong>καὶ</strong></span> <span class='ocrx_word' id='word_1_734' title='bbox 3090 4377 3300 4445; x_wconf 83' lang='grc' dir='ltr'>ἄμαχος</span> <span class='ocrx_word' id='word_1_735' title='bbox 3327 4372 3395 4447; x_wconf 83' lang='grc' dir='ltr'>ἧν</span> <span class='ocrx_word' id='word_1_736' title='bbox 3425 4377 3585 4447; x_wconf 71' lang='grc' dir='ltr'><strong>αὖτῷ</strong></span> <span class='ocrx_word' id='word_1_737' title='bbox 3627 4380 3744 4431; x_wconf 84' lang='grc' dir='ltr'><strong>τῶν</strong></span> 
     </span>
    </p>
   </div>
   <div class='ocr_carea' id='block_1_92' title="bbox 2151 4462 3744 4538">
    <p class='ocr_par' dir='ltr' id='par_1_92' title="bbox 2151 4462 3744 4538">
     <span class='ocr_line' id='line_1_92' title="bbox 2151 4462 3744 4538; baseline 0.006 -26"><span class='ocrx_word' id='word_1_738' title='bbox 2151 4462 2531 4531; x_wconf 86' lang='grc' dir='ltr'>σταυρούντων</span> <span class='ocrx_word' id='word_1_739' title='bbox 2583 4466 2615 4534; x_wconf 82' lang='grc' dir='ltr'>ἡ</span> <span class='ocrx_word' id='word_1_740' title='bbox 2668 4466 2810 4536; x_wconf 88' lang='grc' dir='ltr'>χείρ.</span> <span class='ocrx_word' id='word_1_741' title='bbox 2882 4468 3075 4519; x_wconf 85' lang='grc' dir='ltr'>Καίτοι</span> <span class='ocrx_word' id='word_1_742' title='bbox 3135 4469 3299 4537; x_wconf 79' lang='grc' dir='ltr'>φησὶν</span> <span class='ocrx_word' id='word_1_743' title='bbox 3358 4468 3386 4518; x_wconf 91' lang='lat'><strong>6</strong></span> <span class='ocrx_word' id='word_1_744' title='bbox 3440 4472 3744 4538; x_wconf 76' lang='grc' dir='ltr'>προφήτης</span> 
     </span>
    </p>
   </div>
   <div class='ocr_carea' id='block_1_93' title="bbox 2160 4553 3744 4631">
    <p class='ocr_par' dir='ltr' id='par_1_93' title="bbox 2160 4553 3744 4631">
     <span class='ocr_line' id='line_1_93' title="bbox 2160 4553 3744 4631; baseline 0.005 -24"><span class='ocrx_word' id='word_1_745' title='bbox 2160 4553 2388 4617; x_wconf 75' lang='grc' dir='ltr'>Ἡσαΐας</span> <span class='ocrx_word' id='word_1_746' title='bbox 2410 4571 2424 4584; x_wconf 90' lang='grc'><strong>·</strong></span> <span class='ocrx_word' id='word_1_747' title='bbox 2462 4575 2480 4606; x_wconf 81' lang='grc' dir='ltr'><strong>ι</strong></span> <span class='ocrx_word' id='word_1_748' title='bbox 2518 4557 2579 4609; x_wconf 75' lang='lat' dir='ltr'><strong>Ei</strong></span> <span class='ocrx_word' id='word_1_749' title='bbox 2625 4560 2799 4611; x_wconf 87' lang='grc' dir='ltr'>πάντα</span> <span class='ocrx_word' id='word_1_750' title='bbox 2838 4559 2905 4611; x_wconf 83' lang='grc' dir='ltr'>τὰ</span> <span class='ocrx_word' id='word_1_751' title='bbox 2934 4559 3062 4631; x_wconf 75' lang='grc' dir='ltr'>ἔθνη</span> <span class='ocrx_word' id='word_1_752' title='bbox 3093 4559 3167 4621; x_wconf 85' lang='grc' dir='ltr'>ὡς</span> <span class='ocrx_word' id='word_1_753' title='bbox 3202 4558 3414 4624; x_wconf 87' lang='grc' dir='ltr'>σταγὼν</span> <span class='ocrx_word' id='word_1_754' title='bbox 3460 4559 3575 4612; x_wconf 82' lang='grc' dir='ltr'><strong>ἀπὸ</strong></span> <span class='ocrx_word' id='word_1_755' title='bbox 3602 4562 3744 4615; x_wconf 75' lang='grc' dir='ltr'>κάδ-</span> 
     </span>
    </p>
   </div>
   <div class='ocr_carea' id='block_1_94' title="bbox 2148 4645 3745 4721">
    <p class='ocr_par' dir='ltr' id='par_1_94' title="bbox 2148 4645 3745 4721">
     <span class='ocr_line' id='line_1_94' title="bbox 2148 4645 3745 4721; baseline 0.004 -23"><span class='ocrx_word' id='word_1_756' title='bbox 2148 4645 2239 4698; x_wconf 82' lang='grc' dir='ltr'><strong>δου</strong></span> <span class='ocrx_word' id='word_1_757' title='bbox 2260 4688 2274 4713; x_wconf 86' lang='grc'><strong>,</strong></span> <span class='ocrx_word' id='word_1_758' title='bbox 2303 4649 2397 4701; x_wconf 74' lang='grc' dir='ltr'><strong>καὶ</strong></span> <span class='ocrx_word' id='word_1_759' title='bbox 2422 4648 2495 4713; x_wconf 85' lang='grc' dir='ltr'>ὡς</span> <span class='ocrx_word' id='word_1_760' title='bbox 2526 4649 2666 4719; x_wconf 74' lang='grc' dir='ltr'>ῥοπὴ</span> <span class='ocrx_word' id='word_1_761' title='bbox 2701 4648 2867 4717; x_wconf 78' lang='grc' dir='ltr'>ζυγοῦ</span> <span class='ocrx_word' id='word_1_762' title='bbox 2901 4650 3280 4721; x_wconf 81' lang='grc' dir='ltr'>ἐλογίσθησαν,</span> <span class='ocrx_word' id='word_1_763' title='bbox 3322 4652 3412 4704; x_wconf 72' lang='grc' dir='ltr'><strong>καὶ</strong></span> <span class='ocrx_word' id='word_1_764' title='bbox 3444 4652 3521 4714; x_wconf 66' lang='lat' dir='ltr'><strong>rb;</strong></span> <span class='ocrx_word' id='word_1_765' title='bbox 3553 4653 3745 4716; x_wconf 82' lang='grc' dir='ltr'>σίελος</span> 
     </span>
    </p>
   </div>
   <div class='ocr_carea' id='block_1_95' title="bbox 2157 4737 3745 4813">
    <p class='ocr_par' dir='ltr' id='par_1_95' title="bbox 2157 4737 3745 4813">
     <span class='ocr_line' id='line_1_95' title="bbox 2157 4737 3745 4813; baseline 0.007 -25"><span class='ocrx_word' id='word_1_766' title='bbox 2157 4737 2599 4809; x_wconf 83' lang='grc' dir='ltr'>λογισθήσονται·</span> <span class='ocrx_word' id='word_1_767' title='bbox 2633 4740 2739 4793; x_wconf 89' lang='grc' dir='ltr'>τίνι</span> <span class='ocrx_word' id='word_1_768' title='bbox 2760 4741 3079 4812; x_wconf 86' lang='grc' dir='ltr'>ὡμοιώσατε</span> <span class='ocrx_word' id='word_1_769' title='bbox 3106 4744 3195 4796; x_wconf 79' lang='grc' dir='ltr'><strong>τὸν</strong></span> <span class='ocrx_word' id='word_1_770' title='bbox 3225 4743 3428 4813; x_wconf 77' lang='grc' dir='ltr'>Κύριον</span> <span class='ocrx_word' id='word_1_771' title='bbox 3453 4762 3469 4810; x_wconf 90' lang='grc'>;</span> <span class='ocrx_word' id='word_1_772' title='bbox 3508 4746 3610 4797; x_wconf 71' lang='grc' dir='ltr'><strong>καὶ</strong></span> <span class='ocrx_word' id='word_1_773' title='bbox 3631 4747 3745 4799; x_wconf 82' lang='grc' dir='ltr'>τίνι</span> 
     </span>
    </p>
   </div>
   <div class='ocr_carea' id='block_1_96' title="bbox 2160 4826 3746 4907">
    <p class='ocr_par' dir='ltr' id='par_1_96' title="bbox 2160 4826 3746 4907">
     <span class='ocr_line' id='line_1_96' title="bbox 2160 4826 3746 4907; baseline 0.006 -28"><span class='ocrx_word' id='word_1_774' title='bbox 2160 4826 2799 4899; x_wconf 85' lang='grc' dir='ltr'>ὁμοιώματιώμοιώσατε</span> <span class='ocrx_word' id='word_1_775' title='bbox 2816 4833 2978 4885; x_wconf 87' lang='grc' dir='ltr'>αὐτόν</span> <span class='ocrx_word' id='word_1_776' title='bbox 2996 4851 3010 4898; x_wconf 88' lang='grc'>;</span> <span class='ocrx_word' id='word_1_777' title='bbox 3026 4852 3042 4884; x_wconf 83' lang='grc' dir='ltr'><strong>ι</strong></span> <span class='ocrx_word' id='word_1_778' title='bbox 3065 4835 3261 4888; x_wconf 72' lang='grc' dir='ltr'>’ἰστέον</span> <span class='ocrx_word' id='word_1_779' title='bbox 3280 4835 3356 4895; x_wconf 81' lang='grc' dir='ltr'><strong>δὲ,</strong></span> <span class='ocrx_word' id='word_1_780' title='bbox 3372 4835 3453 4887; x_wconf 82' lang='grc' dir='ltr'>ὅτι</span> <span class='ocrx_word' id='word_1_781' title='bbox 3472 4836 3746 4907; x_wconf 76' lang='grc' dir='ltr'>παρῆσαν</span> 
     </span>
    </p>
   </div>
   <div class='ocr_carea' id='block_1_97' title="bbox 473 4910 2036 4994">
    <p class='ocr_par' dir='ltr' id='par_1_97' title="bbox 473 4910 2036 4987">
     <span class='ocr_line' id='line_1_97' title="bbox 473 4910 2036 4987; baseline 0.002 -20"><span class='ocrx_word' id='word_1_782' title='bbox 473 4912 788 4967; x_wconf 82' lang='lat' dir='ltr'><strong>Meminisse</strong></span> <span class='ocrx_word' id='word_1_783' title='bbox 846 4913 948 4967; x_wconf 91' lang='lat' dir='ltr'><strong>hoc</strong></span> <span class='ocrx_word' id='word_1_784' title='bbox 1000 4913 1119 4967; x_wconf 90' lang='lat' dir='ltr'><strong>loco</strong></span> <span class='ocrx_word' id='word_1_785' title='bbox 1183 4922 1399 4982; x_wconf 86' lang='lat' dir='ltr'><strong>oportet</strong></span> <span class='ocrx_word' id='word_1_786' title='bbox 1455 4910 1693 4968; x_wconf 67' lang='lat' dir='ltr'><strong>Judaicae</strong></span> <span class='ocrx_word' id='word_1_787' title='bbox 1756 4914 2036 4987; x_wconf 80' lang='lat' dir='ltr'><strong>Synagoga</strong></span> 
     </span>
    </p>
   </div>
   <div class='ocr_carea' id='block_1_98' title="bbox 2146 4910 3746 4994">
    <p class='ocr_par' dir='ltr' id='par_1_98' title="bbox 2153 4917 3746 4994">
     <span class='ocr_line' id='line_1_98' title="bbox 2153 4917 3746 4994; baseline 0.008 -27"><span class='ocrx_word' id='word_1_788' title='bbox 2153 4917 2249 4985; x_wconf 82' lang='grc' dir='ltr'><strong>μὲν</strong></span> <span class='ocrx_word' id='word_1_789' title='bbox 2281 4918 2330 4968; x_wconf 81' lang='lat' dir='ltr'><strong>oi</strong></span> <span class='ocrx_word' id='word_1_790' title='bbox 2357 4917 2456 4986; x_wconf 84' lang='grc' dir='ltr'><strong>τῆς</strong></span> <span class='ocrx_word' id='word_1_791' title='bbox 2499 4918 2771 4974; x_wconf 83' lang='grc' dir='ltr'>Ἰουδαίων</span> <span class='ocrx_word' id='word_1_792' title='bbox 2804 4922 3126 4991; x_wconf 84' lang='grc' dir='ltr'>συναγωγῆς</span> <span class='ocrx_word' id='word_1_793' title='bbox 3156 4924 3447 4994; x_wconf 81' lang='grc' dir='ltr'>ὑπηρέται,</span> <span class='ocrx_word' id='word_1_794' title='bbox 3486 4927 3593 4994; x_wconf 77' lang='grc' dir='ltr'><strong>τὴν</strong></span> <span class='ocrx_word' id='word_1_795' title='bbox 3627 4926 3746 4979; x_wconf 85' lang='grc' dir='ltr'><strong>τῶν</strong></span> 
     </span>
    </p>
   </div>
   <div class='ocr_carea' id='block_1_99' title="bbox 474 5002 2046 5072">
    <p class='ocr_par' dir='ltr' id='par_1_99' title="bbox 474 5002 2046 5072">
     <span class='ocr_line' id='line_1_99' title="bbox 474 5002 2046 5072; baseline 0.001 -15"><span class='ocrx_word' id='word_1_796' title='bbox 474 5003 825 5057; x_wconf 87' lang='lat' dir='ltr'><strong>administros</strong></span> <span class='ocrx_word' id='word_1_797' title='bbox 865 5018 987 5056; x_wconf 90' lang='lat' dir='ltr'><strong>cum</strong></span> <span class='ocrx_word' id='word_1_798' title='bbox 1035 5002 1267 5055; x_wconf 89' lang='lat' dir='ltr'><strong>militum</strong></span> <span class='ocrx_word' id='word_1_799' title='bbox 1299 5002 1556 5067; x_wconf 85' lang='lat' dir='ltr'><strong>cohorte,</strong></span> <span class='ocrx_word' id='word_1_800' title='bbox 1592 5003 1726 5057; x_wconf 90' lang='lat' dir='ltr'><strong>duce</strong></span> <span class='ocrx_word' id='word_1_801' title='bbox 1753 5005 2046 5072; x_wconf 87' lang='lat' dir='ltr'><strong>proditore,</strong></span> 
     </span>
    </p>
   </div>
   <div class='ocr_carea' id='block_1_100' title="bbox 473 5094 2054 5163">
    <p class='ocr_par' dir='ltr' id='par_1_100' title="bbox 473 5094 2054 5163">
     <span class='ocr_line' id='line_1_100' title="bbox 473 5094 2054 5163; baseline 0 -13"><span class='ocrx_word' id='word_1_802' title='bbox 473 5096 703 5151; x_wconf 87' lang='lat' dir='ltr'><strong>irruisse</strong></span> <span class='ocrx_word' id='word_1_803' title='bbox 728 5097 780 5150; x_wconf 93' lang='lat' dir='ltr'><strong>in</strong></span> <span class='ocrx_word' id='word_1_804' title='bbox 798 5094 984 5150; x_wconf 84' lang='lat' dir='ltr'><strong>Jesum</strong></span> <span class='ocrx_word' id='word_1_805' title='bbox 1019 5113 1032 5148; x_wconf 93' lang='lat'><strong>:</strong></span> <span class='ocrx_word' id='word_1_806' title='bbox 1071 5095 1267 5163; x_wconf 89' lang='lat' dir='ltr'><strong>quibus</strong></span> <span class='ocrx_word' id='word_1_807' title='bbox 1287 5103 1481 5148; x_wconf 88' lang='lat' dir='ltr'><strong>uteum</strong></span> <span class='ocrx_word' id='word_1_808' title='bbox 1524 5096 2054 5163; x_wconf 86' lang='lat' dir='ltr'><strong>comprehenderent</strong></span> 
     </span>
    </p>
   </div>
   <div class='ocr_carea' id='block_1_101' title="bbox 473 5185 2052 5256">
    <p class='ocr_par' dir='ltr' id='par_1_101' title="bbox 473 5185 2052 5256">
     <span class='ocr_line' id='line_1_101' title="bbox 473 5185 2052 5256; baseline 0 -16"><span class='ocrx_word' id='word_1_809' title='bbox 473 5188 865 5256; x_wconf 66' lang='lat' dir='ltr'><strong>quaerentibus,</strong></span> <span class='ocrx_word' id='word_1_810' title='bbox 909 5186 1151 5241; x_wconf 90' lang='lat' dir='ltr'><strong>occurrit</strong></span> <span class='ocrx_word' id='word_1_811' title='bbox 1190 5185 1302 5251; x_wconf 87' lang='lat' dir='ltr'><strong>ille,</strong></span> <span class='ocrx_word' id='word_1_812' title='bbox 1359 5185 1585 5240; x_wconf 87' lang='lat' dir='ltr'><strong>dicens:</strong></span> <span class='ocrx_word' id='word_1_813' title='bbox 1625 5203 1643 5237; x_wconf 75' lang='grc' dir='ltr'><strong>ι</strong></span> <span class='ocrx_word' id='word_1_814' title='bbox 1684 5185 1852 5251; x_wconf 83' lang='lat' dir='ltr'><strong>Quem</strong></span> <span class='ocrx_word' id='word_1_815' title='bbox 1906 5203 2052 5255; x_wconf 77' lang='lat' dir='ltr'><strong>quac-</strong></span> 
     </span>
    </p>
   </div>
   <div class='ocr_carea' id='block_1_102' title="bbox 545 5338 1609 5407">
    <p class='ocr_par' dir='ltr' id='par_1_102' title="bbox 545 5338 1609 5407">
     <span class='ocr_line' id='line_1_102' title="bbox 545 5338 1609 5407; baseline -0.007 -8"><span class='ocrx_word' id='word_1_816' title='bbox 545 5347 567 5379; x_wconf 87' lang='grc'><strong>⁸</strong></span> <span class='ocrx_word' id='word_1_817' title='bbox 608 5343 794 5398; x_wconf 82' lang='lat' dir='ltr'><strong>Matth.</strong></span> <span class='ocrx_word' id='word_1_818' title='bbox 827 5357 973 5407; x_wconf 79' lang='lat' dir='ltr'><strong>xxiv,</strong></span> <span class='ocrx_word' id='word_1_819' title='bbox 1005 5340 1094 5395; x_wconf 83' lang='lat'><strong>&#39;56.</strong></span> <span class='ocrx_word' id='word_1_820' title='bbox 1186 5341 1207 5370; x_wconf 72' lang='grc' dir='ltr'><strong>θ</strong></span> <span class='ocrx_word' id='word_1_821' title='bbox 1249 5338 1351 5397; x_wconf 87' lang='lat' dir='ltr'><strong>Isa.</strong></span> <span class='ocrx_word' id='word_1_822' title='bbox 1392 5358 1480 5404; x_wconf 80' lang='lat' dir='ltr'><strong>XL,</strong></span> <span class='ocrx_word' id='word_1_823' title='bbox 1524 5340 1609 5393; x_wconf 78' lang='lat' dir='ltr'><strong>l5.</strong></span> 
     </span>
    </p>
   </div>
   <div class='ocr_carea' id='block_1_103' title="bbox 477 5409 1764 5484">
    <p class='ocr_par' dir='ltr' id='par_1_103' title="bbox 477 5409 1764 5484">
     <span class='ocr_line' id='line_1_103' title="bbox 477 5409 1764 5484; baseline -0.003 -15"><span class='ocrx_word' id='word_1_824' title='bbox 477 5414 520 5447; x_wconf 68' lang='grc' dir='ltr'>ιδ</span> <span class='ocrx_word' id='word_1_825' title='bbox 548 5414 737 5470; x_wconf 78' lang='lat' dir='ltr'><strong>Matth.</strong></span> <span class='ocrx_word' id='word_1_826' title='bbox 769 5428 936 5481; x_wconf 78' lang='lat' dir='ltr'><strong>xxvn,</strong></span> <span class='ocrx_word' id='word_1_827' title='bbox 966 5412 1056 5469; x_wconf 68' lang='lat'><strong>46.</strong></span> <span class='ocrx_word' id='word_1_828' title='bbox 1108 5414 1178 5484; x_wconf 20' lang='grc' dir='ltr'>γη</span> <span class='ocrx_word' id='word_1_829' title='bbox 1207 5411 1351 5468; x_wconf 85' lang='lat' dir='ltr'><strong>Psal.</strong></span> <span class='ocrx_word' id='word_1_830' title='bbox 1388 5427 1557 5477; x_wconf 66' lang='grc' dir='ltr'>χχχιι,</span> <span class='ocrx_word' id='word_1_831' title='bbox 1589 5409 1643 5475; x_wconf 83' lang='grc'><strong>6,</strong></span> <span class='ocrx_word' id='word_1_832' title='bbox 1677 5410 1764 5465; x_wconf 78' lang='grc'><strong>10.</strong></span> 
     </span>
    </p>
   </div>
   <div class='ocr_carea' id='block_1_104' title="bbox 1692 5339 2372 5480">
    <p class='ocr_par' dir='ltr' id='par_1_104' title="bbox 1692 5339 2372 5480">
     <span class='ocr_line' id='line_1_104' title="bbox 1692 5339 2372 5409; baseline 0.009 -16"><span class='ocrx_word' id='word_1_833' title='bbox 1692 5339 1736 5370; x_wconf 83' lang='grc'><strong>²⁰</strong></span> <span class='ocrx_word' id='word_1_834' title='bbox 1779 5341 1941 5398; x_wconf 89' lang='lat' dir='ltr'><strong>Ilehr.</strong></span> <span class='ocrx_word' id='word_1_835' title='bbox 1993 5358 2051 5409; x_wconf 92' lang='grc' dir='ltr'><strong>ιι,</strong></span> <span class='ocrx_word' id='word_1_836' title='bbox 2089 5344 2139 5397; x_wconf 88' lang='lat'><strong>7.</strong></span> <span class='ocrx_word' id='word_1_837' title='bbox 2242 5346 2280 5377; x_wconf 83' lang='lat'>“</span> <span class='ocrx_word' id='word_1_838' title='bbox 2316 5344 2372 5399; x_wconf 83' lang='lat' dir='ltr'><strong>It</strong></span> 
     </span>
     <span class='ocr_line' id='line_1_105' title="bbox 1692 5411 2372 5480; baseline 0.01 -16"><span class='ocrx_word' id='word_1_839' title='bbox 1692 5411 1764 5465; x_wconf 89' lang='lat' dir='ltr'><strong>lO.</strong></span> <span class='ocrx_word' id='word_1_840' title='bbox 1842 5413 1886 5444; x_wconf 82' lang='grc'><strong>¹⁶</strong></span> <span class='ocrx_word' id='word_1_841' title='bbox 1910 5411 2011 5467; x_wconf 85' lang='lat' dir='ltr'><strong>lsa.</strong></span> <span class='ocrx_word' id='word_1_842' title='bbox 2052 5431 2138 5480; x_wconf 74' lang='lat' dir='ltr'><strong>XL,</strong></span> <span class='ocrx_word' id='word_1_843' title='bbox 2172 5416 2258 5479; x_wconf 82' lang='lat' dir='ltr'><strong>I5,</strong></span> <span class='ocrx_word' id='word_1_844' title='bbox 2288 5417 2372 5471; x_wconf 82' lang='grc'><strong>18.</strong></span> 
     </span>
    </p>
   </div>
   <div class='ocr_carea' id='block_1_105' title="bbox 2153 5009 3748 5089">
    <p class='ocr_par' dir='ltr' id='par_1_105' title="bbox 2153 5009 3748 5089">
     <span class='ocr_line' id='line_1_106' title="bbox 2153 5009 3748 5089; baseline 0.006 -30"><span class='ocrx_word' id='word_1_845' title='bbox 2153 5009 2503 5078; x_wconf 83' lang='grc' dir='ltr'>στρατιωτῶν</span> <span class='ocrx_word' id='word_1_846' title='bbox 2529 5010 2743 5081; x_wconf 75' lang='grc' dir='ltr'>ἔχοντες</span> <span class='ocrx_word' id='word_1_847' title='bbox 2780 5015 3029 5083; x_wconf 84' lang='grc' dir='ltr'>σπεῖραν,</span> <span class='ocrx_word' id='word_1_848' title='bbox 3066 5014 3365 5084; x_wconf 81' lang='grc' dir='ltr'>ἡγούμενον</span> <span class='ocrx_word' id='word_1_849' title='bbox 3392 5016 3450 5068; x_wconf 80' lang='grc' dir='ltr'>δὲ</span> <span class='ocrx_word' id='word_1_850' title='bbox 3478 5015 3575 5068; x_wconf 71' lang='grc' dir='ltr'><strong>τὸν</strong></span> <span class='ocrx_word' id='word_1_851' title='bbox 3606 5036 3748 5089; x_wconf 80' lang='grc' dir='ltr'>προ-</span> 
     </span>
    </p>
   </div>
   <div class='ocr_carea' id='block_1_106' title="bbox 2151 5098 3745 5174">
    <p class='ocr_par' dir='ltr' id='par_1_106' title="bbox 2151 5098 3745 5174">
     <span class='ocr_line' id='line_1_107' title="bbox 2151 5098 3745 5174; baseline 0.006 -24"><span class='ocrx_word' id='word_1_852' title='bbox 2151 5098 2327 5169; x_wconf 89' lang='grc' dir='ltr'>δότην.</span> <span class='ocrx_word' id='word_1_853' title='bbox 2372 5101 2589 5171; x_wconf 85' lang='grc' dir='ltr'>Ἐπειδὴ</span> <span class='ocrx_word' id='word_1_854' title='bbox 2624 5102 2679 5155; x_wconf 78' lang='grc' dir='ltr'>δὲ</span> <span class='ocrx_word' id='word_1_855' title='bbox 2712 5102 2937 5174; x_wconf 74' lang='grc' dir='ltr'>ἐζήτουν</span> <span class='ocrx_word' id='word_1_856' title='bbox 2984 5107 3145 5158; x_wconf 79' lang='grc' dir='ltr'>αὑτὸν</span> <span class='ocrx_word' id='word_1_857' title='bbox 3192 5108 3590 5171; x_wconf 70' lang='grc' dir='ltr'>συλλαϐέσθαι,</span> <span class='ocrx_word' id='word_1_858' title='bbox 3631 5113 3745 5162; x_wconf 73' lang='grc' dir='ltr'>ἁπ-</span> 
     </span>
    </p>
   </div>
   <div class='ocr_carea' id='block_1_107' title="bbox 2155 5191 3743 5270">
    <p class='ocr_par' dir='ltr' id='par_1_107' title="bbox 2155 5191 3743 5270">
     <span class='ocr_line' id='line_1_108' title="bbox 2155 5191 3743 5270; baseline 0.009 -28"><span class='ocrx_word' id='word_1_859' title='bbox 2155 5194 2288 5260; x_wconf 83' lang='grc' dir='ltr'>ήντα</span> <span class='ocrx_word' id='word_1_860' title='bbox 2323 5192 2522 5259; x_wconf 87' lang='grc' dir='ltr'>λέγων·</span> <span class='ocrx_word' id='word_1_861' title='bbox 2560 5215 2578 5246; x_wconf 76' lang='grc' dir='ltr'><strong>ι</strong></span> <span class='ocrx_word' id='word_1_862' title='bbox 2610 5195 2744 5249; x_wconf 90' lang='grc' dir='ltr'>Τίνα</span> <span class='ocrx_word' id='word_1_863' title='bbox 2780 5195 3026 5267; x_wconf 63' lang='lat' dir='ltr'><strong>(meite;</strong></span> <span class='ocrx_word' id='word_1_864' title='bbox 3058 5200 3119 5251; x_wconf 88' lang='grc' dir='ltr'><strong>Οἱ</strong></span> <span class='ocrx_word' id='word_1_865' title='bbox 3148 5199 3203 5251; x_wconf 83' lang='grc' dir='ltr'>δὲ</span> <span class='ocrx_word' id='word_1_866' title='bbox 3239 5200 3374 5269; x_wconf 81' lang='grc' dir='ltr'>πρὸς</span> <span class='ocrx_word' id='word_1_867' title='bbox 3403 5191 3567 5253; x_wconf 80' lang='grc' dir='ltr'>τοῦτο</span> <span class='ocrx_word' id='word_1_868' title='bbox 3602 5202 3743 5270; x_wconf 60' lang='grc' dir='ltr'>ἐξια-</span> 
     </span>
    </p>
   </div>
   <div class='ocr_carea' id='block_1_108' title="bbox 2242 5344 3194 5426">
    <p class='ocr_par' dir='ltr' id='par_1_108' title="bbox 2242 5344 3194 5426">
     <span class='ocr_line' id='line_1_109' title="bbox 2242 5344 3194 5426; baseline 0.011 -24"><span class='ocrx_word' id='word_1_869' title='bbox 2242 5344 2483 5426; x_wconf 55' lang='lat' dir='ltr'><strong>“ICor.</strong></span> <span class='ocrx_word' id='word_1_870' title='bbox 2525 5350 2676 5417; x_wconf 68' lang='lat'><strong>1,24.</strong></span> <span class='ocrx_word' id='word_1_871' title='bbox 2754 5352 2796 5383; x_wconf 81' lang='lat'>“</span> <span class='ocrx_word' id='word_1_872' title='bbox 2825 5352 2990 5408; x_wconf 90' lang='lat' dir='ltr'><strong>lCor.</strong></span> <span class='ocrx_word' id='word_1_873' title='bbox 3020 5353 3194 5426; x_wconf 70' lang='grc' dir='ltr'>ιι,ξ10.</span> 
     </span>
    </p>
   </div>
   <div class='ocr_carea' id='block_1_109' title="bbox 3274 5354 3740 5425">
    <p class='ocr_par' dir='ltr' id='par_1_109' title="bbox 3274 5354 3740 5425">
     <span class='ocr_line' id='line_1_110' title="bbox 3274 5354 3740 5425; baseline 0.015 -16"><span class='ocrx_word' id='word_1_874' title='bbox 3274 5356 3314 5386; x_wconf 75' lang='grc'><strong>⁸³</strong></span> <span class='ocrx_word' id='word_1_875' title='bbox 3341 5354 3497 5413; x_wconf 64' lang='grc' dir='ltr'>δέεαι».</span> <span class='ocrx_word' id='word_1_876' title='bbox 3543 5376 3610 5425; x_wconf 93' lang='grc' dir='ltr'><strong>ιι,</strong></span> <span class='ocrx_word' id='word_1_877' title='bbox 3651 5362 3684 5416; x_wconf 78' lang='lat'><em>3</em></span> <span class='ocrx_word' id='word_1_878' title='bbox 3700 5364 3740 5415; x_wconf 86' lang='grc' dir='ltr'>ι.</span> 
     </span>
    </p>
   </div>
   <div class='ocr_carea' id='block_1_110' title="bbox 1568 5568 2655 5643">
    <p class='ocr_par' dir='ltr' id='par_1_110' title="bbox 1568 5568 2655 5643">
     <span class='ocr_line' id='line_1_111' title="bbox 1568 5568 2655 5643; baseline 0.006 -20"><span class='ocrx_word' id='word_1_879' title='bbox 1568 5568 1740 5625; x_wconf 74' lang='lat' dir='ltr'><strong>Varia:</strong></span> <span class='ocrx_word' id='word_1_880' title='bbox 1778 5569 2037 5625; x_wconf 81' lang='lat' dir='ltr'><strong>lectiones</strong></span> <span class='ocrx_word' id='word_1_881' title='bbox 2067 5570 2271 5627; x_wconf 82' lang='lat' dir='ltr'><strong>codicis</strong></span> <span class='ocrx_word' id='word_1_882' title='bbox 2301 5572 2655 5643; x_wconf 87' lang='lat' dir='ltr'><strong>Seguieriani.</strong></span> 
     </span>
    </p>
   </div>
   <div class='ocr_carea' id='block_1_111' title="bbox 550 5726 759 5784">
    <p class='ocr_par' dir='ltr' id='par_1_111' title="bbox 550 5726 759 5784">
     <span class='ocr_line' id='line_1_112' title="bbox 550 5726 759 5784; baseline 0.029 -5"><span class='ocrx_word' id='word_1_883' title='bbox 550 5737 579 5765; x_wconf 77' lang='grc' dir='ltr'>ιι</span> <span class='ocrx_word' id='word_1_884' title='bbox 602 5726 759 5784; x_wconf 82' lang='grc' dir='ltr'>Θεοῦ.</span> 
     </span>
    </p>
   </div>
  </div>
