4000 6326
302 379 438 436 1557

1109 377 1200 431 AD
1239 372 1541 430 REGINAS
1579 374 1664 428 DE
1702 371 1934 428 RECTA
1977 372 2133 427 FIDE
2173 369 2429 427 ORATIO
2466 369 2767 425 ALTERA.

3399 375 3536 428 1538

300 509 437 556 σαν·
482 490 689 563 Ἰησοῦν
727 492 817 545 τὸν
864 492 1202 563 Ναζωραῖον.
1254 490 1385 545 Εἶτα
1428 491 1563 564 πρὸς
1607 492 1804 554 αὑτοὺς
1844 493 1907 553 ὁ,

1993 492 2135 546 'ilis?
2183 490 2261 544 llli
2310 500 2492 543 autem
2560 490 2867 544 dixerunt:
2932 488 3116 543 Jcsum
3174 489 3532 546 Nazareuum.

304 586 526 655 Σωτήρ·
563 583 704 653 Ἐγώ
735 587 870 655 εἰμι.
915 586 1024 638 Καὶ
1071 584 1310 654 ἀπῆλθον
1340 586 1417 646 είς
1452 584 1521 636 τὰ
1550 583 1743 647 ὀπίσω,
1776 584 1871 637 κοιλ¹

304 675 496 727 ἔπεσον
539 676 732 745 χαμαί.
767 696 785 727 ι
821 673 952 728 Εἶτα
992 675 1109 736 πῶς
1144 676 1210 728 ἂν
1253 675 1517 744 ήτόνησεν
1550 678 1577 728 ὁ
1609 677 1703 729 καὶ
1736 676 1870 745 μόνῃ

304 769 370 837 τῇ
390 769 539 836 φωνῇ
558 765 657 836 τὴν
684 766 791 818 τῶν
819 766 1277 819 ἐπιϐουλευόντων
1307 765 1532 833 ἐλέγξας
1556 766 1869 831 ἀσθένειαν;

306 856 372 909 Τί
414 851 506 910 οὖν
542 856 652 928 ἄρα.
696 856 942 925 βούλεται
981 857 1188 925 λέγων·
1235 876 1251 908 ‹
1290 856 1389 909 Θεέ
1432 875 1555 928 μου,
1599 857 1699 909 Θεέ
1746 872 1870 927 μου,

309 944 397 998 in.
421 945 473 997 τί
505 962 573 1015 με
600 946 990 1013 ἐγκατέλιπες;
1020 966 1038 997 ι
1072 948 1254 1017 Φαμὲν
1281 947 1482 1009 τοίνυν,
1514 948 1595 999 ὅτι
1622 947 1715 1000 τοῦ
1744 964 1875 1015 προ-

310 1037 547 1107 πάτορος
586 1036 754 1106 Ἀδάμ
787 1038 885 1107 τὴν
935 1038 1183 1092 δοθεῖσαν
1214 1038 1362 1110 αὑτῷ
1407 1041 1750 1111 πατήσαντος
1788 1041 1875 1091 ἐν-

309 1128 489 1199 τολὴν,
531 1128 626 1181 καὶ
655 1128 747 1181 τοῦ
780 1128 923 1182 θείου
951 1129 1319 1201 άλογήσαντος
1366 1131 1553 1201 νόμου,
1584 1130 1878 1198 ἐγκαταλέ-

312 1216 527 1269 λειπταί
578 1234 691 1279 πως
734 1219 766 1289 ή
814 1219 1100 1289 ἀνθρώπου
1151 1220 1313 1290 φύσις
1366 1221 1518 1291 παρά
1562 1220 1655 1273 τοῦ
1705 1219 1874 1272 Θεοῦ·

313 1308 503 1374 γέγονε
529 1307 585 1359 δὲ
622 1308 894 1378 ἐπάρατος
917 1309 1006 1362 διὰ
1044 1311 1222 1376 τοῦτο,
1255 1312 1349 1365 καὶ
1377 1311 1593 1381 θανάτῳ
1627 1311 1876 1381 κάτοχος.

325 1399 623 1470 Ἐπειδὴδέ
650 1401 709 1453 τὸ
742 1402 1003 1465 πεπονθὸς
1020 1412 1047 1440 ν
1078 1404 1540 1473 ἀναστοιχειώσων
1564 1407 1642 1468 εἰς
1669 1407 1880 1475 ἀφθαρ-

314 1492 434 1543 σίαν
458 1491 801 1562 ἐπεδήμησεν
831 1493 859 1544 ὁ
891 1494 1181 1565 μονογενὴς
1208 1495 1299 1548 τοῦ
1326 1495 1462 1548 Θεοῦ
1480 1498 1669 1565 Λόγος,
1688 1497 1880 1550 ἐπελά-

314 1581 436 1633 ϐετό
491 1597 551 1633 τε
614 1582 927 1652 σπέρματος
988 1584 1260 1656 Ἀϐραὰμ,
1315 1587 1410 1639 καὶ
1463 1585 1719 1656 ὡμοιώθη
1773 1590 1882 1649 τοῖς

318 1670 567 1737 ἀδελφοῖς
590 1709 604 1732 ,
642 1669 750 1722 ἔδει
785 1671 921 1740 μετὰ
956 1672 1051 1741 τῆς
1097 1674 1330 1742 ἀρχαίας
1370 1674 1584 1744 ἐκείνης
1614 1676 1751 1745 ἀρᾶς
1790 1675 1883 1728 καὶ

313 1762 411 1832 τῆς
440 1762 767 1814 ἐπεισάκτου
793 1762 996 1832 φθορᾶς
1024 1762 1321 1832 καταλῆξαι
1355 1764 1452 1834 τὴν
1477 1765 1880 1835 ἐγκατάλειψιν,

1975 585 2112 639 Dicit
2144 585 2222 638 eis
2254 582 2449 637 Jesus:
2486 582 2599 651 Ego
2631 596 2773 636 sum.
2810 581 2877 634 Et
2922 582 3173 636 abierunt
3218 595 3536 648 retrorsum,

1971 686 2026 731 et
2055 675 2362 729 ceciderunt
2385 676 2436 727 in
2463 684 2658 728 terram
2692 674 2828 728 ‘7'”.
2869 691 2888 724 ι
2920 673 3036 727 Jam
3070 676 3339 742 quomodo
3379 678 3533 729 inlir-

1974 782 2094 820 mus
2118 767 2222 820 dici
2255 775 2448 834 potest,
2480 766 2568 834 qm
2604 765 2685 819 vel
2723 764 2836 819 sola
2870 780 2999 819 voce
3037 765 3413 818 insultantium
3456 767 3537 819 in-

1977 858 2285 912 ﬁrmitatem
2321 858 2606 912 ostendit?
2644 857 2845 927 Ecquid
2890 871 3022 925 ergo
3062 858 3164 910 sibi
3218 858 3327 909 vult
3401 860 3539 920 quod

1977 950 2072 1014 ait,
2107 968 2125 1001 ι
2172 948 2317 1003 Deus
2376 964 2546 1012 meus,
2591 950 2728 1003 Deus
2774 964 2948 1011 meus,
2985 950 3171 1017 utquid
3204 950 3539 1019 dereliquisti

1977 1042 2107 1096 me?
2142 1061 2161 1094 ι
2196 1040 2435 1096 Dicinms
2491 1040 2674 1109 igitur,
2705 1056 2825 1091 cum
2876 1039 3080 1106 primus
3138 1053 3331 1107 parens
3363 1049 3544 1091 noster

1978 1132 2146 1187 Adam
2173 1132 2481 1185 mandatum
2523 1130 2662 1198 quod
2709 1140 2989 1199 acceperat
3036 1130 3416 1195 proculwssel,
3470 1131 3544 1183 ili-

1979 1224 2268 1290 vinamque
2315 1221 2482 1290 legem
2528 1221 2788 1289 ncglectui
2831 1222 3112 1274 habuisset
3140 1221 3203 1280 ‘9,
3249 1221 3540 1273 humanam

1982 1325 2228 1368 naturam
2265 1311 2433 1366 fuisse
2496 1312 2888 1378 quodammodo
2923 1312 3254 1376 derelictam,
3302 1327 3547 1365 exsecra-

1983 1404 2251 1472 bilemque
2290 1411 2345 1455 et
2382 1402 2537 1455 morti
2596 1401 2881 1454 obnoxiam
2937 1400 3180 1455 eﬂ‘ectam
3217 1420 3229 1454 :
3272 1408 3325 1453 at
3386 1400 3545 1455 simul

1984 1507 2145 1564 atque
2208 1494 2527 1564 Uuigenitus
2561 1492 2676 1557 Dei,
2718 1492 2770 1547 id
2802 1494 2943 1562 quod
2972 1493 3283 1561 prolapsum
3321 1505 3459 1557 erat,
3490 1494 3542 1547 in

1984 1588 2443 1654 incorruptionem
2483 1584 2887 1639 iustauraturus
2926 1586 3142 1639 advenit
3167 1623 3182 1648 ,
3231 1584 3547 1653 semineth

1983 1679 2215 1733 Abrahae
2269 1677 2638 1745 apprehenso,
2715 1674 2981 1730 fratribus
3038 1676 3151 1729 suis
3213 1675 3547 1729 assimilatus

1987 1768 2087 1822 fuit
2117 1767 2202 1829 ὀς
2236 1776 2363 1819 tunc
2409 1780 2513 1817 una
2563 1780 2683 1817 cum
2724 1763 2951 1830 antiquo
2985 1762 3077 1816 illo
3118 1761 3273 1833 14],
3318 1761 3536 1814 maledi-

313 1854 379 1924 ἣν
414 1854 704 1922 ὑπέμεινεν
736 1854 794 1905 ἐν
819 1854 1014 1925 ἀρχαῖς
1055 1857 1087 1925 ἡ
1119 1854 1213 1907 τοῦ
1243 1854 1533 1925 ἀνθρώπου
1580 1856 1760 1926 φύσις.
1790 1858 1880 1920 Ὠς

1993 1868 2103 1923 clo,
2159 1858 2483 1923 inductaque
2531 1854 2920 1922 corruptione,
2970 1852 3334 1906 desertionem
3385 1866 3547 1919 quant

315 1941 407 1997 οὖν
438 1938 517 2006 εἷς
547 1944 802 2014 ὑπάρχων
851 1946 959 1997 τῶν
992 1945 1587 2017 ἐγκαταλελειμμένων,
1624 1947 1759 2000 καθὸ
1788 1949 1881 2000 καὶ

316 2036 475 2097 αὑτὸς
536 2036 931 2106 παραπλησίως
1001 2037 1132 2105 ἡμῖν
1186 2037 1446 2107 μετέσχεν
1507 2039 1734 2109 αἵματος
1790 2041 1882 2092 καὶ

319 2128 553 2198 σαρκὸς,
598 2128 688 2192 τὸ,
738 2146 757 2179 ‹
799 2128 917 2181 Ἵνα
959 2128 1011 2180 τί
1063 2146 1131 2199 με
1171 2129 1560 2197 ἐγκατέλιπες;
1601 2148 1620 2180 ι
1671 2130 1834 2200 φησίν
1868 2147 1880 2160 ·

316 2220 453 2289 ὅπερ
480 2214 547 2288 ἦν
574 2218 788 2281 λύοντος
813 2219 1060 2290 ἐναργῶς
1089 2220 1187 2291 τὴν
1223 2236 1285 2272 συ
1296 2220 1511 2291 μὸἄσαν
1554 2222 1685 2290 ἡμῖν
1716 2223 1884 2289 ἐγκα-

317 2309 582 2378 τάλειψιν,
653 2310 745 2362 καὶ
792 2307 900 2362 οἷον
948 2311 1390 2374 ἐκδυσωποῦντος
1434 2311 1520 2379 ἐφ’
1573 2310 1750 2380 ἐαυτῷ
1798 2310 1886 2361 τὸν

318 2402 571 2470 Πατέρα,
604 2403 697 2453 καὶ
723 2400 1013 2463 καλοῦντος
1054 2402 1134 2464 εἰς
1182 2401 1469 2470 εὐμένειαν
1499 2399 1599 2470 τὴν
1637 2401 1723 2466 ἐφ’
1758 2399 1888 2467 ἡμῖν

319 2493 393 2554 ὼς
424 2494 508 2560 ἐφ’
538 2491 714 2561 ἐαυτῷ
741 2493 836 2544 καὶ
864 2490 1063 2563 πρώτῳ
1082 2508 1095 2521 ·
1128 2493 1325 2556 παντὸς
1369 2491 1479 2563 γὰρ
1512 2493 1642 2561 ἡμῖν
1668 2490 1888 2559 γέγονεν

318 2586 347 2635 ὁ
375 2585 604 2654 Χριστὸς
633 2584 837 2652 ἀγαθοῦ
870 2586 964 2638 καὶ
992 2584 1134 2657 ἁρχὴ
1172 2586 1263 2637 καὶ
1292 2584 1569 2654 πρόξενος.
1594 2584 1757 2635 Ὥστε
1788 2582 1889 2635 κᾶν

322 2676 375 2727 εἰ
396 2692 448 2727 τι
476 2676 688 2743 λέγοιτο
718 2675 902 2729 λαϐεῖν
927 2676 1282 2745 ἀνθρωπίνως
1323 2676 1475 2748 παρά
1516 2674 1609 2729 τοῦ
1654 2676 1887 2746 Πατρὸς,

321 2767 481 2819 τοῦτο
523 2770 587 2837 τῇ
634 2766 877 2838 ἡμετέρᾳ.
912 2768 1247 2839 προὺξένησε
1288 2768 1474 2837 φύσει,
1524 2768 1740 2838 πλήρης
1790 2769 1891 2821 ὑπ-

324 2860 504 2930 άρχων
536 2862 563 2913 ὁ
586 2859 770 2924 αὑτὸς,
813 2861 907 2913 καὶ¹
939 2860 1149 2923 οὐδενὸς
1190 2861 1515 2932 τοπαράπαν
1580 2861 1785 2931 ἐνδεὴς,
1816 2860 1891 2923 ὡς

323 2951 477 3015 Θεός.

396 3214 496 3268 ΙΘ’.
535 3232 553 3264 ‹
591 3213 761 3266 Τοῦτο
794 3213 1059 3284 φρονείτω
1103 3213 1333 3276 ἕκαστος
1377 3215 1436 3265 ἐν
1468 3213 1598 3282 ὑμῖν
1628 3212 1831 3274 αὐτοῖς,
1866 3210 1893 3263 ὃ
1921 3183 1963 3240 C

326 3305 423 3358 καὶ
451 3306 509 3358 ἐν
544 3306 764 3375 Χριστῷ
800 3304 1005 3375 Ἰησοῦ·
1036 3305 1094 3369 ὃς
1123 3306 1181 3358 ἐν
1214 3308 1395 3376 μορφῇ
1428 3304 1563 3358 Θεοῦ
1613 3303 1892 3374 ὑπάρχων,

328 3397 427 3467 οὑχ
456 3398 744 3467 ἁρπαγμὸν
777 3399 1017 3467 ἡγήσατο
1066 3396 1128 3449 τὸ
1156 3393 1296 3450 εἶναι
1330 3399 1418 3449 ίσα
1449 3396 1594 3466 Θεῷ·
1624 3395 1737 3449 ἀλλ’
1770 3397 1896 3447 ἐαυ-

327 3487 418 3541 τὸν
458 3488 714 3553 ἐκένωσε,
770 3490 981 3560 μορφὴν
1019 3489 1206 3541 δούλου
1250 3488 1461 3553 λαϐὼν,
1497 3490 1554 3540 ἐν
1590 3486 1896 3559 ὁμοιώματι

328 3578 631 3651 ἀνθρώπων
663 3582 973 3652 γενόμενος,
1017 3582 1109 3634 καὶ
1141 3583 1381 3652 σχήματι
1428 3581 1672 3651 εὑρεθεὶς
1700 3582 1775 3644 ὡς
1804 3580 1898 3634 ἄν·

330 3671 582 3743 θρωπος·
630 3672 991 3724 ἐταπείνωσεν
1045 3674 1267 3738 ἐαυτὸν,
1316 3673 1605 3744 γενόμενος
1661 3673 1897 3738 ὑπήκοος

335 3764 496 3834 μέχρι
535 3764 785 3825 θανάτου,
824 3763 1053 3816 θανάτου
1088 3764 1144 3816 δὲ
1185 3763 1440 3835 σταυροῦ.
1474 3765 1563 3816 Διὸ
1589 3765 1681 3817 καὶ
1716 3765 1743 3815 ὁ
1767 3763 1899 3825 Θεὸς

330 3856 492 3908 αὑτὸν
547 3855 895 3926 ὑπερύψωσε,
951 3858 1045 3908 καὶ
1087 3856 1380 3927 ἐχαρίσατο
1424 3856 1574 3926 αὑτῷ
1621 3856 1793 3920 ὄνομα
1836 3856 1898 3909 τὸ

335 3947 476 4016 ὑπὲρ
522 3948 629 4001 πᾶν
679 3947 884 4017 ὄνομα·
942 3948 1027 4000 ἵνα
1076 3948 1131 3999 ἐν
1173 3947 1252 4018 τῶ
1302 3948 1525 4018 ὀνόματι
1582 3948 1751 4018 Ἰησοῦ
1793 3950 1898 4001 πᾶν

332 4037 459 4104 γόνυ
511 4038 705 4107 κάμψῃ
753 4039 1107 4110 ἐπουρανίων,
1148 4041 1241 4091 καὶ
1288 4041 1567 4107 ἐπιγείων,
1608 4041 1702 4092 καὶ
1730 4056 1897 4091 καταο

334 4128 593 4197 χθονίων·
645 4129 742 4182 καὶ
797 4134 946 4183 πᾶσα
1006 4131 1225 4199 γλῶσσα
1283 4132 1775 4201 ἐξομολογήσηται,
1817 4133 1899 4183 ὅτι

334 4220 539 4288 Κύριος
580 4220 784 4289 Ἰησοῦς
827 4222 1057 4292 Χριστὸς
1104 4225 1181 4284 εἰς
1215 4222 1372 4286 δόξαν
1415 4222 1550 4275 Θεοῦ
1597 4224 1829 4293 Πατρός.
1875 4241 1892 4272 ι

347 4310 478 4363 Ἰδοὺ
524 4311 587 4381 δὴ
634 4313 819 4381 σαφῶς
850 4314 939 4366 τὸν
968 4318 1024 4367 ἐν
1054 4316 1232 4385 μορφῇ
1264 4315 1355 4367 καὶ
1394 4316 1597 4384 ἰσότητι
1637 4315 1730 4366 τοῦ
1763 4313 1899 4367 Θεοῦ

334 4403 430 4455 καὶ
478 4403 690 4473 Πατρὸς
732 4403 861 4456 Θεὸν
906 4406 1080 4473 Λόγον
1122 4408 1218 4475 οὑχ
1274 4408 1563 4475 ἁρπαγμὸν
1598 4406 1900 4477 ἡγήσασθαί

1985 1949 2220 2002 humana
2273 1954 2464 1997 natura
2506 1944 2558 1996 in
2594 1959 2691 1997 suo
2732 1943 2997 2012 principio
3047 1957 3301 2012 perpessa
3351 1941 3548 2006 fuerat,

1986 2040 2366 2108 conquiescere
2412 2036 2668 2105 oportuit.
2721 2034 2907 2101 Itaque
2957 2034 3109 2103 quasi
3163 2033 3546 2088 derelictorum

1987 2145 2127 2185 unus
2146 2129 2438 2192 exsistens,
2469 2137 2735 2197 quatenus
2756 2135 2811 2179 et
2844 2127 2958 2195 ipse
2986 2125 3239 2179 similiter
3262 2125 3544 2180 nobiscum

1989 2223 2257 2292 particeps
2295 2219 2601 2273 fuitcarnis
2650 2226 2705 2271 et
2745 2217 3023 2288 sanguinis
3073 2216 3141 2280 “,
3177 2217 3355 2271 dixit:
3394 2236 3412 2268 ι
3454 2214 3550 2271 Ut-

1988 2313 2117 2380 quid
2159 2311 2493 2380 dereliquisti
2547 2310 2683 2364 me?
2714 2329 2732 2362 ι
2786 2307 2916 2375 Quae
2945 2324 3076 2363 sane
3114 2325 3212 2363 vox
3248 2319 3367 2364 erat
3398 2324 3552 2364 ever-

1992 2404 2155 2459 tentis
2203 2403 2372 2468 illam,
2409 2418 2530 2472 qum
2578 2402 2731 2456 nobis
2783 2402 3075 2466 acciderat,
3118 2402 3549 2463 derelictionem.

1992 2494 2313 2565 Patremque
2337 2498 2405 2549 ob
2431 2493 2703 2563 loquentis
2736 2493 3052 2562 dignitatem
3086 2493 3143 2575 in
3176 2509 3235 2548 se
3265 2492 3554 2557 ﬂectentis,

1993 2603 2201 2643 necnon
2236 2588 2300 2640 ad
2332 2585 2764 2640 benevolentiam
2809 2600 2937 2654 erga
2980 2599 3076 2638 nos
3114 2596 3370 2653 tanquam
3423 2602 3549 2653 erga

1993 2680 2229 2747 seipsum
2280 2687 2334 2733 et
2377 2679 2607 2745 primum
2675 2677 3066 2744 provocantis:
3119 2677 3553 2745 quandoquidem

1995 2770 2248 2824 Christus
2277 2770 2520 2823 omnium
2557 2770 2822 2823 bonorum
2851 2768 3075 2836 largitor
3103 2776 3157 2821 et
3186 2777 3375 2821 auctor
3405 2767 3559 2821 nobis

1994 2863 2223 2916 exstitit.
2263 2859 2412 2915 Unde
2453 2860 2615 2914 etiam
2653 2863 2696 2914 si
2742 2860 3016 2929 quidpiam
3054 2869 3113 2911 ut
3147 2859 3306 2912 homo
3337 2873 3364 2911 a
3403 2858 3562 2912 Patre

1996 2953 2273 3021 accepisse
2309 2953 2527 3017 dicitur,
2572 2954 2673 3005 hoc
2704 2951 2877 3020 ipsum
2910 2960 3076 3005 totmn
3114 2952 3165 3004 in
3197 2963 3436 3005 nostram
3470 2969 3560 3005 na-

1998 3053 2172 3097 turam
2204 3043 2481 3111 erogavit;
2528 3057 2650 3096 cum
2684 3042 2801 3112 ipse
2835 3050 2893 3095 ut
2926 3040 3069 3096 Deus
3105 3042 3318 3112 plenus,
3358 3043 3559 3097 nullius

1997 3136 2218 3189 omnino
2251 3134 2375 3190 boni
2406 3135 2660 3203 indigeat.

2068 3224 2213 3281 XIX.
2252 3244 2270 3277 ι
2317 3225 2431 3280 Hoc
2457 3226 2603 3279 enim
2665 3225 2863 3280 sentite
2905 3226 2957 3279 in
3006 3225 3181 3291 vobis,
3222 3226 3364 3295 quod
3415 3236 3468 3280 et
3510 3228 3561 3279 in

1999 3318 2224 3375 Christo
2275 3317 2439 3373 Jesu:
2492 3318 2735 3387 quicum
2785 3317 2838 3371 in
2887 3317 3064 3371 forma
3111 3317 3206 3372 Dei
3252 3328 3419 3381 esset,
3457 3334 3564 3372 non

2002 3412 2247 3481 rapinam
2281 3411 2581 3465 arbitratus
2608 3417 2693 3463 est
2740 3422 2862 3464 esse
2903 3424 2962 3463 se
3003 3410 3265 3478 aequalem
3296 3408 3427 3473 Deo,
3470 3410 3563 3464 sed

1998 3503 2353 3571 semetipsum
2395 3500 2719 3566 exinanivit,
2775 3500 3005 3555 formam
3054 3501 3198 3555 servi
3260 3501 3558 3570 accipiens,

2001 3594 2053 3647 in
2085 3590 2497 3647 similitudinem
2538 3590 2812 3646 hominum
2853 3590 3048 3653 factus,
3080 3598 3135 3644 et
3156 3588 3343 3644 habitu
3378 3591 3566 3644 inven-

1999 3693 2086 3737 tus
2128 3693 2186 3735 ut
2220 3682 2400 3735 homo.
2458 3678 2780 3734 llumiliavit
2829 3675 3204 3746 semetipsum,
3236 3676 3412 3730 factus
3438 3677 3566 3731 obe-

1999 3775 2154 3829 diens
2197 3787 2366 3843 usque
2418 3772 2483 3825 ad
2534 3779 2785 3834 mortem,
2846 3777 3073 3824 mortem
3125 3777 3302 3823 autem
3362 3768 3562 3821 crucis.

2000 3867 2225 3936 Propter
2276 3864 2416 3933 quod
2459 3870 2513 3918 et
2563 3862 2702 3915 Deus
2738 3859 2996 3913 exaltavit
3041 3858 3219 3923 illum,
3265 3868 3321 3913 et
3347 3858 3567 3913 donarit

2001 3958 2077 4013 illi
2108 3972 2303 4013 nomen
2329 3956 2473 4025 quod
2506 3963 2589 4008 est
2622 3968 2683 4007 su
2703 3967 2798 4021 per
2826 3965 2987 4007 omne
3016 3966 3208 4005 nomen
3234 3967 3249 4003 :
3292 3959 3349 4003 ut
3380 3952 3431 4005 in
3472 3966 3567 4004 no-

2002 4054 2146 4107 mine
2180 4052 2308 4108 .lesu
2342 4065 2505 4105 omne
2533 4064 2673 4119 genu
2703 4047 2974 4109 ﬂectatur,
3027 4045 3350 4108 caelestium,
3395 4055 3567 4099 terre-

2003 4147 2217 4203 strium.
2259 4152 2312 4198 et
2356 4140 2735 4204 infernorum;
2783 4148 2837 4192 et
2874 4136 3052 4191 omnis
3102 4136 3281 4204 lingua
3310 4133 3568 4189 conﬁtea-

2005 4247 2115 4299 tur.
2178 4235 2304 4304 quia
2350 4232 2610 4288 Dominus
2657 4228 2814 4284 Jesus
2863 4227 3112 4283 Christus
3164 4227 3218 4280 in
3281 4226 3446 4296 gloria
3487 4237 3571 4280 est

2004 4328 2097 4382 Dei
2140 4326 2317 4380 Patris
2354 4327 2421 4377 υ.
2476 4342 2495 4374 ›
2546 4323 2624 4376 En
2674 4321 2908 4376 dilucide
2964 4321 3063 4374 hoc
3112 4318 3229 4372 loco
3276 4316 3569 4384 exponitur

2004 4419 2171 4473 Deum
2225 4418 2483 4477 Verbum,
2541 4412 2683 4483 quod
2732 4413 2785 4466 in
2840 4412 3011 4466 forma
3040 4421 3090 4464 et
3129 4410 3436 4480 aequalitate
3474 4407 3567 4461 Dei

337 4510 471 4564 φησι
498 4494 560 4548 τὸ
595 4491 733 4548 εἶναι
780 4496 869 4548 ἴσα
895 4497 1042 4567 Θεῷ·
1073 4498 1410 4551 κεκενῶσθαι
1439 4500 1495 4550 δέ
1538 4499 1736 4567 μᾶλλον
1787 4500 1898 4551 s05-

2002 4509 2184 4564 Patris
2214 4518 2353 4573 erat,
2412 4524 2516 4561 non
2568 4507 2813 4576 rapinam
2862 4505 3185 4558 arbitratum
3231 4503 3568 4572 aiquiparare

335 4586 522 4657 λοντὴν
574 4587 785 4658 μορφὴν
818 4588 1005 4642 δούλου
1060 4590 1312 4651 λαὸόντα,
1367 4591 1462 4642 καὶ
1501 4593 1559 4642 ἐν
1591 4590 1893 4661 ὁμοιώματι

334 4679 635 4752 ἀνθρώπων
680 4681 986 4751 γενόμενον.
1022 4682 1362 4751 Προσεπάγει
1396 4681 1473 4739 δὲ.
1511 4684 1591 4735 ὅτι
1642 4683 1897 4736 τεταπεί-

335 4788 507 4829 νωκεν
558 4773 766 4837 ἐαυτὸν,
807 4773 1097 4842 γενόμενος
1147 4774 1381 4842 ὑπήκοος
1425 4775 1585 4845 μέχρι
1640 4774 1893 4840 θανάτου,

336 4863 566 4917 θανάτου
600 4863 655 4915 δὲ
691 4863 946 4935 σταυροῦ.
986 4864 1154 4934 Είπερ
1203 4859 1295 4915 οὖν
1348 4862 1643 4935 διαιρετέον
1691 4868 1770 4929 είς
1807 4865 1899 4919 δύο

336 4956 601 5025 Χριστοὺς
628 4959 718 5008 καὶ
758 4958 925 5021 υἱοὺς,
968 4956 1058 5008 τὸν
1086 4956 1178 5008 ’ἐνα
1208 4958 1300 5009 καὶ
1332 4957 1491 5027 μόνον
1535 4958 1769 5028 Χριστὸν
1806 4958 1902 5011 καὶ

338 5048 560 5117 Κύριον,
588 5048 682 5101 καὶ
707 5048 847 5101 κατά
869 5065 931 5117 γε
959 5048 1020 5100 τό
1051 5066 1157 5101 τισι
1186 5049 1397 5114 δοκοῦν,
1428 5049 1518 5101 τὸν
1547 5052 1609 5103 ἐκ
1639 5051 1897 5117 γυναικὸς

338 5139 620 5209 ἄνθρωπον
648 5141 907 5210 τετίμηκε
949 5141 1046 5209 μὲν
1084 5142 1291 5209 ίσότητι
1324 5142 1433 5194 τῶν
1479 5142 1624 5194 ἰδίων
1657 5141 1899 5212 ἀξιωμά-

337 5245 445 5283 των
472 5232 501 5283 ὁ
528 5230 621 5283 τοῦ
649 5231 781 5284 Θεοῦ
812 5231 1001 5300 Λόγος.
1031 5234 1125 5285 καὶ
1156 5232 1390 5302 συνῆψεν
1422 5234 1600 5303 ἐαυτῷ
1633 5235 1771 5287 κατὰ
1811 5233 1901 5286 τὸν

412 5403 703 5461 "'“Joan.
756 5420 912 5472 xvm,
950 5406 1017 5477 15.
1097 5408 1138 5438 "
1168 5405 1304 5462 ch.
1335 5422 1417 5472 ιιι,
1462 5406 1487 5459 1
1538 5420 1688 5475 ερίιίλ·

1780 5405 2015 5461 "Hebr.
2062 5423 2121 5473 ιι,
2162 5407 2249 5472 16,
2290 5409 2374 5463 l7.
2478 5411 2519 5444 ἰ

2005 4616 2062 4654 se
2088 4599 2197 4653 Deo
2222 4616 2234 4660 ;
2264 4597 2381 4661 sed,
2416 4594 2594 4651 servili
2625 4594 2797 4650 forma
2829 4604 3100 4660 suscepta,
3127 4594 3265 4646 ultro
3296 4607 3353 4645 se
3382 4592 3570 4646 exina-

2009 4691 2210 4745 uivisse
2277 4688 2665 4754 hominumque
2725 4685 3131 4739 similitudinem
3178 4685 3427 4742 subiisse.
3461 4684 3570 4736 Ad-

2006 4783 2084 4835 dit
2122 4789 2385 4849 praeterea
2429 4778 2665 4847 seipsum
2716 4776 3046 4839 humiliasse,
3093 4774 3568 4842 obedientiamque

2013 4872 2078 4925 ad
2105 4880 2327 4925 mortem
2366 4884 2535 4937 usque
2576 4868 2916 4937 praestitisse,
2963 4875 3189 4921 mortem
3222 4876 3399 4917 autem
3441 4878 3567 4917 cru-

2011 4963 2111 5017 cis.
2145 4961 2201 5014 Si
2237 4975 2399 5013 unum
2446 4973 2575 5028 ergo
2605 4968 2660 5013 et
2688 4958 2865 5013 solum
2893 4957 3167 5011 Christum
3196 4967 3249 5009 et
3282 4955 3568 5008 Dominum

2016 5052 2070 5105 in
2120 5051 2257 5107 duos
2290 5050 2535 5106 Christos
2586 5060 2640 5105 et
2684 5050 2840 5115 lilios,
2896 5059 2951 5103 ut
3002 5048 3321 5117 quibusdam
3375 5047 3572 5114 placet,

2011 5141 2187 5196 divelli
2221 5151 2472 5210 oportet;
2520 5153 2680 5211 atque
2739 5141 2828 5195 Dei
2887 5139 3123 5194 Verbum
3179 5139 3451 5193 hominem
3495 5150 3565 5189 ex

2012 5235 2237 5289 muliere
2281 5244 2458 5289 ortum
2494 5237 2727 5304 propriae
2777 5234 3073 5303 majestatis
3124 5233 3435 5302 aequalitate
3479 5231 3574 5283 dc-

2578 5411 2707 5466 ibid.
2777 5411 2860 5465 ίιῑ.
2969 5412 3013 5442 ²¹
3050 5409 3276 5479 Philipp.
3313 5425 3371 5472 ll,
3414 5406 3571 5469 ὅση.

1427 5581 1600 5636 Varia:
1636 5583 2115 5655 lectionescodicis
2142 5585 2493 5656 Seguieriani.

414 5774 441 5804 τ
470 5764 774 5827 πεπτωκός.
