4000 6326
438 411 462 465 l
473 407 576 463 559

1429 393 1484 446 S.
1527 390 1802 445 (I\'ltll.l.l
1845 381 2306 440 ALEXANDRINI
2345 379 2665 436 ARCHIEP.

3549 374 3703 427 136’]

440 529 668 594 coravit,
691 535 744 578 et
773 525 928 592 juxta
974 518 1314 575 auctoritatis
1352 517 1656 578 rationem,
1697 511 2007 566 ﬁliationis-

2132 506 2209 574 τῆς
2256 500 2542 564 αὑθεντίας
2588 501 2810 571 τρόπον,
2851 498 2946 552 καὶ⁵
2990 495 3132 550 κατά
3168 495 3265 566 τὴν
3302 496 3400 566 τῆς
3432 493 3700 562 uideram;

439 635 547 687 que
608 612 1064 672 communionem,
1115 607 1217 661 sibi
1269 605 1423 674 quasi
1474 603 1725 662 altermn,
1789 600 1891 652 hoc
1925 606 2009 650 est

440 725 469 762 a
505 723 564 762 se
604 706 902 763 diversum,
927 699 1096 752 Filius
1157 693 1446 763 adjunxit:
1494 693 1617 762 quis
1643 691 1732 744 ille
1765 703 1894 756 ergo
1929 696 2013 740 est

443 803 534 872 qui
572 797 924 865 semetipsum
952 789 1284 854 exinanivit;
1317 795 1409 841 aut
1432 802 1536 854 qua
1569 784 1780 839 tandem
1803 782 2012 834 ratione

443 891 868 949 exinanitionem
893 883 1100 938 subiit?
1121 882 1250 935 Nam
1277 883 1349 944 si,
1382 890 1439 933 ut
1461 879 1536 931 illi
1562 885 1830 940 statuunt,
1853 875 2012 928 homo

445 1000 613 1055 purus
655 979 746 1050 qui
799 993 863 1029 ex
903 975 1127 1027 muliere
1173 971 1440 1038 prodiisse
1487 965 1831 1034 intelligitur,
1867 960 2012 1015 istud

444 1050 738 1146 perpessus
757 1081 866 1132 est,
928 1066 1086 1138 142
1120 1061 1413 1131 quomodo,
1451 1068 1542 1110 aut
1580 1072 1682 1125 qua
1712 1055 1919 1108 ratione
1958 1050 2012 1104 in

447 1163 873 1221 exinanitionem
923 1157 1164 1223 deiectus
1221 1151 1342 1207 est?
1403 1149 1535 1202 Nam
1579 1146 1851 1216 quomodo
1884 1143 1930 1197 is
1962 1141 2013 1194 iu

445 1255 805 1312 humilitatem
843 1245 1144 1308 descendit,
1198 1243 1289 1311 qui
1337 1249 1482 1293 tanta
1524 1253 1645 1291 cum
1692 1235 1784 1289 Dei
1838 1231 2018 1286 Verbo

449 1349 708 1404 societate
734 1355 788 1396 et
822 1341 1086 1395 allinitate
1121 1335 1442 1402 coniunctus
1476 1339 1592 1392 est,
1623 1337 1682 1381 ut
1714 1326 1860 1396 paris
1894 1338 2017 1376 cum

452 1444 544 1497 illo
576 1436 862 1508 dignitatis
890 1443 942 1486 et
974 1428 1318 1484 auctoritatis
1349 1441 1468 1480 esse
1502 1419 1838 1478 censeatur?
1865 1415 2018 1482 Quod

450 1539 492 1590 si
527 1530 821 1590 exinanitio
873 1527 960 1579 illa
996 1525 1062 1578 de
1099 1521 1185 1576 Dei
1236 1519 1415 1574 Verbo
1460 1527 1522 1570 ut
1550 1528 1796 1568 seorsum
1839 1520 1893 1564 et
1928 1524 2023 1577 per

450 1642 508 1681 se
540 1623 812 1680 intellecto
863 1617 1003 1672 Filio
1044 1614 1392 1684 praedicetur,
1441 1609 1714 1677 quomodo
1757 1606 1802 1658 is
1836 1602 2023 1657 exina-

450 1721 596 1773 nitus
641 1723 746 1778 est,
793 1712 880 1781 qui
935 1709 1188 1770 altermn,
1227 1715 1285 1758 ut
1320 1704 1393 1756 illi
1423 1702 1596 1764 aiunt,
1650 1698 1855 1751 honore
1889 1693 2020 1747 alle-

450 1811 544 1872 t'il,
579 1804 922 1877 propriisque
965 1797 1138 1852 titulis
1191 1804 1247 1848 et
1291 1793 1646 1863 dignitatibus
1697 1782 2021 1840 exornavit?

450 1855 730 1966 Quomodo
762 1855 850 1947 ille
887 1890 1198 1944 humiliatus
1248 1855 1594 1953 dicivpolest,
1653 1879 1742 1949 qui
1790 1877 2020 1948 propria:
2054 1855 2096 1910 Β

451 2007 561 2047 suae
592 1988 778 2056 gloria:
821 1983 1095 2050 fastigium
1147 1978 1304 2032 alteri
1363 1975 1464 2030 sibi
1523 1971 1795 2026 associato
1827 1970 2024 2036 imper-

453 2087 582 2138 titus
611 2079 734 2135 est?
762 2076 894 2130 Nam
941 2076 986 2127 si
1033 2087 1157 2126 eum
1199 2066 1472 2123 humiliari
1504 2065 1591 2120 vel
1625 2061 1892 2118 exinaniri
1921 2071 2026 2114 sta-

453 2182 631 2236 tuant,
667 2171 808 2240 quod
855 2167 1084 2221 alterum
1131 2162 1298 2232 gloria
1349 2155 1535 2222 allicit,
1572 2154 1812 2226 profecto
1836 2153 2025 2207 absur-

452 2271 578 2322 dum
611 2280 717 2318 non
739 2261 846 2316 erit
869 2259 1031 2312 etiam
1063 2253 1369 2322 intelligere
1411 2250 1664 2319 injuriam
1698 2245 2023 2300 inferentem

452 2354 700 2412 exaltari.
734 2350 1097 2418 Quamobrem
1128 2357 1260 2398 vera
1289 2354 1342 2396 et
1380 2341 1691 2395 necessaria
1728 2337 1866 2390 ratio
1893 2351 2024 2390 sua-

451 2451 562 2512 det,
603 2454 659 2500 et
700 2451 905 2498 tantum
951 2455 1056 2493 non
1105 2434 1408 2503 compellit,
1449 2433 1694 2500 utipsam
1733 2427 2026 2498 plenitudi-

453 2554 574 2594 nem
599 2533 1022 2589 exinanitionem
1059 2541 1302 2598 passam,
1341 2524 1469 2579 illud
1502 2538 1715 2576 rursmn
1759 2535 1863 2573 non
1883 2518 2028 2588 quod

453 2640 645 2700 suapte
677 2635 869 2680 natura
901 2637 1114 2676 servum
1147 2627 1249 2684 est,
1286 2620 1393 2670 imo
1419 2631 1546 2670 vero
1575 2613 1720 2668 omni
1751 2611 2028 2666 servitutis

452 2722 763 2781 conditione
807 2717 1074 2786 superius,
1127 2711 1310 2768 servili
1343 2710 1515 2763 forma
1549 2723 1608 2761 se
1643 2707 1930 2770 vestiisse;
1973 2711 2029 2755 et

455 2817 506 2870 in
530 2809 936 2868 similitudinem
965 2803 1242 2858 hominum
1269 2801 1416 2855 illum
1457 2797 1682 2864 facturn,
1715 2797 1806 2866 qui
1833 2807 2024 2848 natura

452 2907 578 2962 talis
624 2918 740 2970 \non
801 2907 954 2962 erat,
1004 2894 1316 2964 priusquam
1364 2892 1528 2946 homo
1593 2889 1747 2942 ﬁeret
1781 2930 1796 2954 ,
1851 2889 2025 2955 ipsam

455 2981 686 3065 denique
722 2989 1065 3047 altitudinem
1117 3001 1175 3040 se
1209 2983 1527 3038 humiliasse
1557 2980 1931 3035 existimemus
1975 2987 2029 3031 «ιι

454 3088 831 3160 praedicemus.
869 3084 1051 3150 Ipsum
1102 3077 1285 3145 itaque
1318 3075 1410 3130 Dei
1447 3071 1682 3127 Verbum
1731 3071 2025 3124 secumlmn

458 3189 704 3234 naturam
741 3175 1035 3229 [mtuanam
1087 3179 1277 3237 sponte
1327 3167 1394 3220 ad
1452 3166 1639 3219 isthrec
1673 3173 1900 3233 prepter
1927 3167 2066 3237 nos;

458 3287 578 3328 sese
605 3268 908 3332 demisisse,
941 3275 993 3317 et
1023 3265 1076 3317 in
1110 3259 1342 3330 propria:
1376 3257 1733 3312 nihilominus
1758 3256 2021 3312 excellen-

461 3367 547 3417 tiae
596 3360 831 3416 culmine
871 3360 1168 3412 secundum
1212 3353 1448 3406 divinam
1504 3359 1753 3404 naturam
1787 3364 2034 3418 perman-

460 3458 599 3511 sisse
635 3451 926 3506 credimus.
966 3447 1077 3501 llac
1129 3445 1336 3498 ratione
1370 3452 1424 3496 et
1454 3441 1886 3512 superexaltatus
1917 3457 2037 3497 esse

461 3547 681 3608 dicitur,
711 3552 764 3597 et
792 3541 1068 3611 accepisse
1118 3552 1313 3592 nomen
1360 3535 1502 3605 quod
1549 3545 1633 3589 est
1665 3552 1830 3604 super
1874 3550 2037 3590 omne

462 3654 681 3702 ιιοιιιοιι,
717 3645 770 3690 et
795 3637 861 3688 ab
891 3633 1147 3686 erunibus
1182 3628 1420 3691 adorari,
1452 3636 1614 3696 atque
1647 3630 1699 3682 in
1731 3628 1823 3684 Dei
1857 3626 2036 3684 Patris

464 3729 690 3800 gloriam
751 3725 1007 3780 Dominus
1059 3720 1349 3775 nominari.
1387 3717 1521 3772 Nam
1581 3720 1686 3774 etsi
1748 3721 1801 3773 in
1859 3717 2036 3774 Patris

463 3821 755 3878 eminentia
808 3829 864 3872 et
922 3813 1287 3884 inexplicabili
1348 3811 1633 3879 majestate
1697 3813 2035 3868 constitutus

461 3923 629 3978 esset,
657 3911 744 3964 ubi
775 3918 955 3961 tamen
987 3907 1053 3959 ad
1087 3903 1511 3959 exinanilionent
1555 3918 1613 3957 se
1639 3902 1877 3965 demisit,
1915 3918 2036 3957 sero

461 4006 663 4074 vilique
708 4001 877 4055 forma
927 4013 986 4052 se
1037 3991 1351 4050 humiliatus
1408 3995 1603 4059 induit,
1644 4004 1696 4048 et
1733 4010 1920 4049 rursus
1947 4010 2040 4048 na-

463 4110 598 4154 tura:
661 4092 762 4150 sibi
826 4092 1010 4154 unita},
1056 4089 1158 4143 hoc
1210 4099 1293 4141 εει
1350 4089 1624 4149 Ιιιιιιιοηιε,
1665 4098 2036 4157 pattpertatem

465 4187 876 4249 transcenderis,
903 4184 966 4236 ad
1003 4180 1246 4252 proprias
1269 4181 1486 4234 divitias
1511 4182 1786 4236 ascendit:
1819 4181 1920 4237 hac
1952 4197 2041 4236 ra-

464 4285 612 4338 tione
650 4278 948 4335 secundum
999 4285 1251 4328 naturam
1314 4271 1608 4326 humanam
1659 4272 1712 4328 id
1757 4275 2042 4344 accepisse

466 4375 683 4437 dicitur,
747 4369 892 4440 quod
963 4375 1223 4437 perpetuo
1269 4372 1696 4434 constanterque
1760 4366 1813 4440 in
1863 4367 2043 4436 seipso

470 4466 729 4534 possidet,
769 4474 966 4528 nempe
1025 4458 1192 4511 Deum
1229 4466 1282 4510 et
1329 4457 1709 4512 universorum
1751 4458 2043 4514 Dominum

2113 594 2452 665 ὁμωνυμίαν,
2481 593 2555 654 ὡς
2581 592 2769 663 ἕτερος
2816 589 2892 642 ὥν
2943 589 3126 652 ἰδικῶς
3171 589 3301 658 παρ’
3325 587 3487 640 αὑτὸν
3519 585 3654 646 Υἱός
3679 599 3695 610 ·

2111 687 2192 750 τίς
2219 687 2327 753 ἄρα
2355 687 2382 737 ὁ
2406 682 2650 745 κενώσας
2675 682 2864 735 ἑαυτόν
2886 680 2953 750 ;ἢ
2983 681 3105 734 τίνα
3135 680 3434 733 κεκένωται
3455 677 3699 747 τρόπονς

2112 779 2176 832 Εἰ
2212 778 2312 848 μὲν
2335 777 2465 847 γὰρ,
2501 776 2577 838 ώς
2611 773 2765 827 αὑτοί
2794 784 2978 842 φασιν,
3023 774 3051 826 ὁ
3089 773 3153 824 ἐκ
3199 769 3455 839 γυναικὸς
3501 766 3707 828 ἰδικῶς

2113 869 2402 938 νοούμενος
2446 865 2729 937 ἄνθρωπος
2762 864 2918 917 τοῦτο
2964 864 3180 931 λέγεται
3227 861 3442 927 παθεῖν,
3487 859 3610 919 πῶς
3665 857 3706 926 ἥ

2113 963 2234 1014 τίνα
2274 961 2569 1014 κεκένωται
2600 959 2830 1028 τρόπον;
2865 956 3070 1025 κατέϐη
3101 955 3155 1008 δέ
3187 956 3336 1017 ὅπως
3373 957 3455 1017 εἰς
3493 952 3710 1004 ταπεί-

2115 1070 2277 1105 νωσιν
2319 1056 2346 1105 ό
2397 1053 2456 1103 ἐν
2509 1050 2715 1119 ἰσότητι
2767 1047 3008 1116 γεγονὼς
3054 1050 3121 1118 τῇ
3169 1048 3304 1118 πρὸς
3346 1045 3479 1098 Θεὸν
3519 1044 3712 1110 Λόγον

2115 1145 2260 1199 κατά
2309 1161 2372 1213 γε
2418 1143 2510 1196 τὸν
2549 1142 2651 1211 τῆς
2687 1141 2865 1206 ἀξίας,
2915 1141 3083 1210 ἤγουν
3108 1139 3413 1202 αὑθεντίας,
3464 1138 3712 1207 τρόπον,

2119 1246 2214 1298 καὶ
2254 1245 2458 1314 ταύτην
2495 1242 2633 1313 ἔχων
2668 1241 2806 1312 πρὸς
2839 1237 3001 1294 αὑτὸν
3032 1240 3131 1306 τὴν
3165 1235 3497 1300 συνάφειανς
3546 1231 3609 1282 Εἰ
3643 1229 3715 1281 δὲ

2119 1339 2204 1390 ἐπ’
2237 1336 2400 1389 αὑτοῦ
2434 1335 2526 1388 τοῦ
2563 1333 2697 1387 Θεοῦ
2742 1334 2941 1398 Λόγου,
2968 1327 3257 1399 νοουμένου
3302 1326 3462 1380 πάλιν
3506 1323 3712 1385 ἰδικῶς

2121 1433 2215 1484 καὶ
2267 1431 2369 1483 ἀνὰ
2419 1429 2586 1499 μέρος
2629 1427 2783 1492 Υίοῦ,
2816 1427 2878 1478 τὸ
2917 1421 3252 1477 κεκενῶσθαι
3297 1419 3539 1485 λέγοιτο,
3582 1414 3713 1475 πῶς

2121 1523 2422 1577 κεκένωται
2447 1521 2690 1590 τιμήσας
2717 1519 2924 1587 ἓτερον,
2956 1513 3102 1567 καθά
3132 1530 3292 1581 φασιν
3339 1511 3564 1566 ἐκεῖνοι,
3604 1507 3717 1559 καὶ

2121 1616 2233 1669 τοῖς
2266 1613 2417 1674 ἰδίοις
2456 1610 2616 1665 αὑτὸν
2667 1608 2942 1678 ἀξιώμασι
2976 1603 3318 1675 περιϐαλών;
3351 1601 3716 1678 Τεταπείνω-

2121 1724 2211 1760 ται
2256 1705 2311 1758 δὲ
2333 1705 2455 1758 τίνα
2496 1703 2695 1774 τρόπον
2724 1703 2752 1756 ὁ
2793 1701 2893 1770 τῆς
2935 1697 3099 1752 αὑτοῦ
3137 1697 3293 1766 δόξης
3317 1694 3378 1746 τὸ
3432 1692 3569 1761 ὕψος
3627 1688 3718 1758 τῷ

2126 1797 2454 1866 συναφθέντι
2504 1793 2714 1859 διδούς;
2768 1794 2831 1846 Εἰ
2860 1791 2970 1861 γὰρ
3006 1789 3072 1860 δὴ
3121 1792 3296 1859 φαῖεν,
3331 1787 3414 1840 ὃτι
3460 1784 3718 1847 δοξάζων

2124 1891 2311 1961 ἓτερον
2367 1887 2529 1950 αὑτὸς
2559 1885 2825 1953 ὑπομένει
2868 1884 2966 1954 τὴν
2998 1881 3345 1945 ταπείνωσιν,
3393 1880 3567 1949 ἤγουν
3605 1875 3720 1944 τὴν

2123 1986 2372 2044 κένωσιν,
2422 1981 2592 2042 οὐδὲν,
2642 1980 2717 2042 ὡς
2750 1977 2916 2042 ἔοικε,
2953 1976 3062 2028 τῶν
3110 1975 3328 2028 ἀτόπων
3367 1972 3571 2024 ἐννοεῖν
3613 1969 3706 2021 ὅτι

2123 2077 2218 2130 καὶ
2249 2073 2486 2143 ὑϐρίζων
2529 2071 2779 2142 ὑψοῦται.
2831 2067 3158 2136 Ἀναγκαίου
3202 2062 3494 2134 τοιγαροῦν
3530 2062 3718 2130 ἡμᾶς,

2125 2167 2219 2222 καὶ
2247 2166 2432 2236 μέντοι
2463 2165 2558 2217 καὶ
2582 2160 2814 2236 ἀληθοὺς
2834 2159 3118 2232 μονονουχὶ
3153 2157 3526 2218 συνωθοῦντες
3543 2155 3721 2222 λόγου

2125 2261 2263 2331 πρός
2289 2277 2352 2329 γε
2379 2259 2438 2311 τὸ
2470 2257 2678 2310 οῐεσθαι
2706 2233 2817 2309 δεῖν
2841 2255 2924 2307 δτι
2967 2252 3217 2306 κενοῦται
3246 2250 3309 2305 τὸ
3348 2250 3582 2320 πλῆρες,
3613 2249 3723 2300 καὶ

2124 2353 2182 2405 ἐν
2211 2349 2396 2403 δούλου
2443 2350 2622 2417 μορφῇ
2657 2345 2852 2413 γένοιτ’
2883 2342 2970 2404 ἂν,
3013 2341 3074 2394 οὑ
3102 2340 3164 2392 τὸ
3190 2343 3257 2410 τῇ
3286 2338 3444 2408 φύσει
3493 2337 3721 2400 δοῦλον,

2127 2441 2265 2497 ἀλλὰ
2293 2441 2354 2493 τὸ
2380 2439 2490 2491 τῶν
2522 2441 2622 2507 τῆς
2657 2434 2900 2498 δουλείας
2930 2433 3186 2485 ἐπέκεινα
3223 2431 3455 2502 μέτρων.
3489 2429 3723 2482 Γίνεται

2124 2535 2182 2587 δὲ
2226 2535 2320 2587 καὶ
2350 2534 2406 2585 ἐν
2438 2528 2745 2601 ὁμοιώματι
2792 2524 3114 2596 ἀνθρώπων,
3152 2524 3214 2577 τὸ
3243 2524 3318 2594 μὴ
3350 2521 3532 2586 οὕτως
3581 2522 3718 2592 ἕχον

2126 2624 2268 2678 κατὰ
2312 2622 2474 2692 φύσιν
2520 2622 2650 2691 πρὶν
2699 2618 2951 2690 γένηται.
2997 2617 3106 2668 Καὶ
3137 2615 3221 2668 ὅτι
3254 2613 3614 2666 ταπεινοῦται
3655 2615 3724 2667 τὸ

2127 2717 2351 2787 ὑψηλὸν,
2384 2715 2546 2768 αὑτὸν
2589 2711 2920 2782 πιστεύομεν
2965 2708 3058 2763 τὸν
3103 2708 3196 2761 τοῦ
3233 2707 3367 2760 Θεοῦ
3407 2708 3585 2774 Λόγον
3619 2709 3726 2761 ἀν-

2128 2807 2417 2880 θρωπίνως
2447 2809 2504 2860 ἐν
2537 2804 2748 2866 τούτοις
2795 2801 3052 2870 γενέσθαι
3075 2839 3092 2866 ,
3129 2801 3252 2853 κατ’
3299 2799 3435 2852 ἰδίαν
3483 2798 3723 2868 θέλησιν

2128 2899 2270 2970 ὑπὲρ
2320 2897 2510 2969 ἡμῶν·
2553 2895 2919 2966 μεμενηκέναι
2969 2893 3025 2946 δὲ
3080 2891 3276 2954 θεῖκῶς
3323 2893 3380 2944 ἐν
3432 2893 3550 2952 τοῖς
3607 2891 3725 2960 τῆς

2133 2991 2270 3054 ἰδίας
2295 2988 2573 3060 ὑπεροχῆς
2601 2985 2878 3057 ὑψώμασι.
2894 2984 3080 3056 Ταύτῃ
3095 3001 3176 3037 τοι
3199 2984 3292 3036 καὶ
3314 2981 3726 3053 ὑπερυψῶσθαι

2129 3084 2374 3152 λέγεται,
2410 3081 2504 3135 καὶ
2544 3080 2730 3134 λαϐεῖν
2771 3080 2833 3132 τὸ
2874 3080 3044 3149 ὄνομα
3076 3077 3136 3131 τὸ
3178 3076 3316 3148 ὑπὲρ
3359 3078 3467 3129 πᾶν
3516 3075 3725 3144 ὄνομα,

2138 3174 2560 3249 προσκυνεῖσθαί
2588 3190 2648 3226 τε
2685 3173 2839 3244 παρὰ
2866 3172 3108 3235 πάντων,
3146 3168 3240 3221 καὶ
3275 3171 3354 3231 είς
3390 3167 3552 3232 δόξαν
3579 3167 3730 3219 Θεοῦ

2137 3269 2349 3338 Ιίατρδς
2381 3265 2742 3337 ὀνομάζεσθαι
2763 3277 2788 3304 ι
2821 3263 3046 3333 Κύριος.
3078 3261 3269 3316 Καίτοι
3305 3262 3412 3330 γὰρ
3451 3260 3730 3330 ὑπάρχων

2137 3363 2196 3416 ἐν
2221 3364 2288 3432 τῇ
2316 3359 2411 3414 τοῦ
2447 3358 2663 3428 Πατρὸς
2694 3358 2961 3426 ὑπεροχῇ,
2985 3355 3080 3407 καὶ
3109 3355 3167 3406 ὲν
3195 3354 3455 3424 ἀρρήτοις
3486 3351 3734 3420 ὑψώμα-

2140 3471 2256 3507 σιν·
2301 3451 2489 3521 ἐπειδὴ
2530 3449 2773 3520 καθῆκεν
2811 3448 3003 3501 ἑαυτὸν
3036 3449 3116 3509 είς
3147 3446 3396 3508 κένωσιν,
3432 3446 3531 3498 καὶ
3563 3461 3734 3498 τετα-

2138 3542 2437 3597 πεινῶσθαι
2463 3541 2702 3609 λέγεται,
2743 3538 2956 3610 μορφὴν
2993 3537 3182 3592 δούλου
3213 3536 3393 3591 λαϐών
3413 3552 3425 3566 ·
3454 3536 3632 3604 ἀνέϐη
3672 3537 3733 3589 δὲ

2143 3636 2305 3690 πάλιν
2352 3637 2432 3698 είς
2479 3634 2570 3687 τὸν
2608 3632 2740 3686 ἴδιον
2795 3630 3044 3695 πλοῦτον,
3080 3630 3179 3700 τῆς
3230 3627 3525 3697 ένωθείσης
3573 3629 3734 3698 αὐτῷ

2143 3727 2381 3796 φύσεως,
2405 3725 2564 3795 δῆλον
2596 3724 2653 3778 δὲ
2682 3725 2764 3777 ὅτι
2797 3725 2895 3794 τῆς
2925 3721 3295 3793 ἀνθρωπίνης,
3314 3719 3411 3791 τὴν
3443 3719 3734 3788 πτωχείαν

2145 3818 2532 3892 ὑπερδραμὼν,
2563 3817 2736 3888 ταύτῃ
2779 3833 2862 3869 τοι
2897 3814 3079 3868 λαϐεῖν
3113 3814 3468 3883 ἀνθρωπίνως
3503 3811 3733 3881 λέγεται

2143 3913 2205 3966 τὸ
2229 3911 2315 3966 ἀεί
2341 3929 2401 3964 τε
2431 3913 2527 3964 καὶ
2557 3908 2948 3979 ἀναποϐλήτως
2997 3906 3302 3977 ἐνυπάρχον
3344 3905 3519 3975 αὑτῷ,
3565 3922 3734 3958 τουτ-

2146 4006 2263 4060 έστι
2294 4005 2355 4058 τὸ
2386 4000 2524 4058 εἶναι
2552 4002 2685 4067 Θεὸς
2714 4003 2807 4056 καὶ
2841 4001 2951 4054 τῶν
2991 4001 3128 4054 ὅλων
3159 4001 3381 4071 Κύριος.
3412 4000 3527 4053 Καὶ
3565 4001 3736 4071 εἰπερ

2144 4098 2293 4151 ἐστὶν
2326 4095 2544 4159 εὐκλεὲς
2571 4093 2650 4164 τῷ
2695 4093 2870 4164 Πατρὶ
2909 4093 2970 4146 τὸ
3015 4092 3218 4164 Κύριον
3265 4091 3408 4162 ἔχειν
3443 4089 3559 4143 τῶν
3586 4091 3737 4143 ὅλων

2145 4191 2238 4244 τὸν
2274 4189 2406 4242 ῑδιον
2428 4187 2575 4250 Υἰὸν,
2603 4186 2721 4249 πῶς
2740 4186 2841 4238 οὑκ
2869 4185 3069 4254 ἀληθὲς
3097 4187 3292 4251 εἰπεῖν,
3309 4184 3391 4236 ὅτι
3420 4184 3735 4253 τετήρηται

2145 4283 2308 4338 πάλιν
2344 4281 2515 4352 αὑτῷ,
2553 4281 2646 4333 καὶ
2673 4279 2772 4351 τὴν
2801 4277 2898 4332 τοῦ
2923 4278 3113 4332 δούλου
3146 4277 3366 4331 λαϐόντι
3400 4277 3647 4346 μορφὴν,
3675 4277 3739 4329 τὸ

2146 4374 2430 4445 ἐλεύθερον
2478 4372 2572 4426 καὶ
2603 4371 2702 4440 τῆς
2741 4370 2884 4424 κατὰ
2917 4371 3135 4424 πάντων
3183 4369 3508 4441 κυριότητός
3541 4384 3602 4420 τε
3638 4372 3742 4420 καὶ

2149 4465 2395 4532 ἐξουσίας
2417 4464 2477 4518 τὸ
2500 4463 2809 4534 ὑπερφερές
2843 4460 3093 4532 ἁξίωμα;

470 4575 610 4613 esse.
652 4556 893 4624 Denique
931 4554 974 4607 si
1023 4551 1166 4606 Patri
1200 4549 1553 4604 honorificum
1589 4561 1673 4605 est
1738 4552 1934 4609 Filium
2000 4555 2206 4614 habere
2267 4559 2359 4628 qui
2408 4558 2459 4611 in
2505 4570 2695 4610 omnes
2741 4565 2798 4609 et
2837 4555 3019 4609 omnia
3087 4555 3384 4609 dominium
3442 4558 3741 4623 obtineat;

471 4651 802 4705 (‘t'lidllbium
833 4661 954 4700 esse
987 4652 1185 4714 Ροῑθδιν
1237 4643 1366 4712 quin
1429 4642 1506 4695 illi
1553 4642 1719 4697 etiam
1764 4656 1887 4713 post
1930 4649 2071 4702 servi
2117 4650 2342 4706 formam
2423 4657 2702 4718 acceptam
2753 4646 3001 4714 libertas,
3049 4648 3588 4720 supernaturalisque
3642 4667 3743 4721 po-

474 4743 687 4802 testatis
714 4751 768 4796 et
806 4737 1193 4795 dominationis
1235 4737 1287 4789 in
1324 4750 1513 4791 omnes
1551 4737 1788 4808 dignitas
1829 4740 2044 4813 integra
2087 4745 2158 4799 sit
2183 4742 2504 4800 asservata?

541 4855 664 4911 XX.
693 4874 712 4907 ι
746 4852 963 4906 Gratias
989 4861 1212 4922 agentes
1241 4848 1410 4912 Patri.
1448 4851 1538 4918 qui
1573 4852 1765 4922 dignos
1790 4871 1889 4911 nos
1917 4856 2032 4913 fecit

2219 4858 2305 4913 κ’.
2358 4877 2376 4909 ι
2413 4854 2878 4928 Εὑχαριστοῦντες
2926 4855 3006 4927 τῷ
3052 4857 3226 4930 Πατρὶ
3265 4857 3342 4930 τῷ
3401 4861 3747 4919 ἱκανώσαντι

473 4951 527 5004 in
557 4957 766 5019 partem
814 4944 976 4999 sortis
1026 4952 1338 4997 sanctorum
1368 4941 1526 5014 143
1577 4944 1627 4997 in
1669 4945 1914 5002 lumine:
1955 4950 2047 5018 qui

473 5038 675 5109 eripuit
703 5050 803 5089 nos
837 5035 902 5088 de
939 5041 1205 5102 potestate
1235 5032 1604 5098 tenebrarum,
1665 5046 1720 5090 et
1774 5039 2054 5093 transtuli;

477 5131 532 5184 in
555 5143 775 5199 regnum
829 5127 952 5181 Filii
1005 5126 1316 5182 dilectionis
1349 5144 1495 5194 suae;
1537 5131 1587 5184 in
1639 5146 1749 5199 quo
1789 5132 2057 5188 habemus

476 5222 943 5291 redemptionem,
992 5229 1047 5274 et
1099 5221 1476 5276 remissionem
1513 5233 1910 5290 peccatorum:
1963 5225 2054 5292 qui

477 5321 562 5368 est
617 5312 791 5382 imago
855 5311 951 5366 Dei
1022 5310 1354 5377 invisibilis,
1416 5312 1811 5381 primOgenitus
1880 5316 2057 5370 omnis

479 5415 742 5460 creaturae
775 5422 789 5458 :
826 5403 1081 5475 quoniam
1122 5403 1175 5457 in
1200 5403 1317 5474 ipso
1369 5403 1585 5458 condita
1637 5416 1762 5458 sunt
1805 5405 2056 5461 universa

481 5498 536 5553 in
583 5495 737 5553 caelis
781 5507 836 5551 et
892 5496 946 5550 in
997 5505 1168 5562 terra,
1203 5495 1436 5551 visibilia
1489 5506 1543 5550 et
1592 5497 1907 5564 invisibilia,
1943 5501 2058 5556 sive

2157 4951 2304 5021 ἡμᾶς
2328 4951 2408 5013 εἰς
2436 4948 2535 5019 τὴν
2581 4948 2774 5018 μερίδα
2811 4947 2905 5000 τοῦ
2959 4948 3162 5020 κλήρου
3203 4951 3312 5004 τῶν
3343 4951 3515 5020 ἁγίων
3565 4956 3628 5006 ἐν
3665 4959 3750 5021 τῷ

2158 5041 2329 5112 φωτί·
2361 5041 2421 5104 ὃς
2459 5040 2730 5110 ὲρρύσατο
2755 5040 2903 5111 ἡμᾶς
2955 5041 3019 5094 ὲκ
3048 5017 3146 5111 τῆς
3187 5017 3430 5109 ἐξουσίας
3473 5042 3573 5097 τοῦ
3616 5017 3752 5101 cmi.

2154 5151 2300 5197 τους,
2332 5134 2427 5186 καὶ
2457 5133 2786 5205 μετέστησεν
2819 5136 2899 5198 είς
2920 5134 3018 5204 τὴν
3051 5134 3330 5205 βασιλείαν
3355 5136 3451 5188 τοῦ
3484 5136 3620 5190 1⁵ῑοῦ
3646 5145 3754 5210 τῆς

2155 5225 2377 5295 ἀγάπης
2407 5224 2596 5289 αὐτοῦς
2644 5226 2701 5277 έν
2746 5217 2792 5292 ᾧ
2823 5223 3020 5297 ἔχομεν
3060 5227 3160 5296 τὴν
3198 5228 3604 5298 ἀπολύτρωσιν,
3648 5235 3755 5304 τὴν

2160 5317 2358 5386 ἄφεσιν
2413 5315 2522 5370 τῶν
2559 5317 2877 5391 ἁμαρτιῶν·
2902 5318 2960 5382 ὅς
2993 5320 3142 5372 ἐστιν
3170 5317 3331 5372 εἰκὼν
3358 5319 3450 5372 τοὺ
3479 5319 3625 5373 Θεοῦ
3655 5325 3754 5376 τοῦ

2160 5409 2416 5480 ἀοράτου,
2458 5409 2803 5482 πρωτότοκος
2851 5411 3033 5480 πάσης
3077 5411 3304 5476 κτίσεως
3329 5430 3341 5442 ο
3370 5413 3452 5465 ὅτι
3493 5413 3554 5465 ἐν
3596 5416 3760 5486 αὑτῷ

2165 5502 2387 5571 ἐκτίσθη
2413 5501 2481 5555 τὰ
2512 5501 2689 5556 πάντα
2729 5503 2784 5557 ἐν
2819 5505 2931 5567 τοῖς
2965 5503 3213 5576 οὐρανοῖς
3246 5505 3341 5558 καὶ
3367 5506 3460 5558 ἐπὶ
3484 5507 3585 5578 τῆς
3619 5511 3757 5580 γῆς,

1574 5677 1748 5734 Variae
1775 5677 2031 5736 lectiones
2061 5679 2263 5738 codicis
2297 5679 2656 5753 Seguieriani.

554 5843 586 5880 ι
618 5836 948 5908 ὠνομάσθαι.
