4000 6326
391 390 519 445 1561

1198 393 1288 447 AD
1329 393 1625 451 REGINAS
1666 394 1752 451 DE
1796 394 2019 451 RECTA
2061 393 2218 449 FIDE
2256 392 2518 449 ORATIO
2555 392 2855 449 ALTERA.

3497 389 3636 445 1552

383 510 451 561 τὰ
478 508 652 579 ὁρατὰ
692 509 787 564 καὶ
816 508 885 563 τά
928 510 1157 581 ἀόρατα,
1190 510 1299 563 εἴτε
1330 512 1520 583 Θρόνοι
1540 555 1555 577 ,
1604 514 1715 567 εἴτε
1749 512 1951 582 Κυριό-

2059 510 2262 566 ’ῙῚιι-οιιί
2287 551 2301 571 ,
2355 511 2471 566 sive
2502 510 2931 576 Dominatioues,
2972 510 3086 566 sive
3120 508 3484 578 Principatus,
3517 508 3633 562 sive

380 616 562 669 τητες,
611 600 721 654 εἴτε
774 602 986 673 Ἀρχαὶ,
1034 602 1142 655 εἴτε
1184 590 1487 667 Ἑξουσίαι’
1542 606 1611 658 τὰ
1660 606 1837 659 πάντα
1885 604 1952 657 δι’

382 691 548 745 αὐτοῦ
594 693 688 747 καὶ
737 694 817 757 εἰς
850 694 1011 748 αὐτὸν
1044 694 1316 748 ἔκτισται·
1349 697 1444 750 καὶ
1491 696 1655 759 αὑτός
1696 698 1811 750 ἐστι
1850 696 1956 767 πρὸ

382 785 624 847 πάντων,
671 785 767 839 καὶ
809 785 879 838 τὰ
935 784 1113 839 πάντα
1162 787 1220 839 ὲν
1267 786 1415 858 αὒτῷ
1470 788 1790 857 συνέστηκε.
1846 790 1957 842 Καὶ

382 876 543 939 αὑτός
577 878 725 929 ἐστιν
752 878 785 946 ή
819 876 1031 947 κεφαλὴ
1060 877 1153 930 τοῦ
1183 876 1433 948 σώματος
1466 879 1564 948 τῆς
1603 879 1954 949 Ἐκκλησίας,

381 968 441 1030 ὃς
471 969 620 1021 ἐστιν
651 968 816 1038 ἀρχὴ,
854 968 1199 1038 πρωτότοκος
1245 968 1310 1022 ὲκ
1338 969 1447 1022 τῶν
1470 968 1700 1039 νεκρῶν,
1735 969 1821 1023 ἵνα
1863 969 1957 1036 γέ-

381 1076 540 1130 νηται
570 1061 628 1112 ὲν
659 1062 825 1114 πᾶσιν
857 1059 1022 1124 αὐτὸς
1054 1060 1351 1132 πρωτεύων
1370 1078 1383 1091 ·
1426 1062 1509 1115 ὅτι
1538 1064 1596 1115 ὲν
1626 1061 1775 1131 αύτῷ
1807 1060 1955 1114 £666-

382 1165 518 1218 κησε
572 1151 680 1203 πᾶν
712 1150 773 1202 τὸ
823 1149 1099 1220 πλήρωμα
1143 1151 1487 1221 κατοικῆσαι,
1538 1151 1634 1205 καὶ
1674 1151 1746 1204 δι’
1792 1150 1955 1205 αὐτοῦ

381 1240 826 1307 ἀποκαταλλάξαι
868 1242 937 1295 τὰ
981 1243 1163 1297 πάντα
1193 1244 1275 1307 εἰς
1303 1243 1493 1297 αὐτόν·
1540 1244 1957 1315 εἰρηνοποιήσας

380 1330 467 1383 διὰ
492 1332 584 1384 τοῦ
604 1332 834 1403 αἵματος
863 1332 958 1386 τοῦ
993 1331 1229 1403 σταυροῦ
1259 1333 1448 1397 αὑτοῦ,
1489 1334 1597 1386 εῐτε
1629 1333 1700 1387 τὰ
1738 1334 1831 1387 ἐπὶ
1858 1334 1957 1404 τῆς

378 1423 502 1491 γῆς,
548 1424 657 1475 εἴτε
701 1425 770 1478 τὰ
805 1426 864 1477 έν
909 1427 1022 1488 τοῖς
1062 1426 1333 1496 οὐρανοῖς.
1382 1444 1402 1478 ι
1444 1426 1643 1480 Εἰκόνα
1681 1427 1816 1497 φησι
1861 1427 1956 1480 τοῦ

377 1513 616 1583 ἀοράτου
649 1515 787 1568 Θεοῦ
820 1516 910 1569 τὸν
954 1516 1013 1580 ἐξ
1053 1515 1219 1571 αὐτοῦ
1253 1516 1580 1587 γεννηθέντα
1614 1517 1752 1572 κατά
1796 1517 1957 1586 φύσιν

376 1606 528 1673 Υἰὸν,
557 1609 806 1663 τουτέστι
836 1609 930 1663 τὸν
968 1609 1101 1663 Θεὸν
1131 1610 1304 1679 Λόγον
1324 1622 1339 1637 ·
1375 1610 1472 1663 καὶ
1519 1610 1625 1680 μὴν
1649 1611 1733 1663 ὅτι
1762 1609 1827 1663 δι’
1856 1612 1956 1664 αὐ-

375 1700 469 1753 τοῦ
503 1701 573 1754 τὰ
602 1702 782 1756 πάντα
813 1702 1068 1773 παρήχθη
1099 1702 1234 1773 πρὸς
1259 1701 1496 1770 γένεσιν,
1529 1702 1640 1755 εἴτε
1668 1701 1737 1755 τὰ
1762 1703 1955 1775 ὁρατὰ,

376 1791 487 1844 εἴτε
526 1792 594 1845 τά
623 1793 851 1864 ἀόρατα,
889 1793 946 1845 ἐν
979 1812 1039 1847 τε
1068 1794 1284 1866 οὐρανῷ
1314 1795 1412 1849 καὶ
1435 1795 1528 1848 ἐπὶ
1562 1796 1666 1865 τῆς
1692 1794 1797 1865 γῆς
1819 1813 1833 1826 ·
1860 1798 1956 1850 καὶ

2058 601 2380 665 Potestates,
2409 600 2588 654 omnia
2615 616 2709 670 per
2735 601 2909 668 ipsum
2932 611 2985 655 et
3018 602 3072 655 in
3114 600 3231 669 ipso
3260 608 3445 653 creata
3464 609 3625 651 sunt:

2057 702 2109 747 ει
2143 694 2258 760 ἱρεε
2286 699 2370 747 εει
2398 702 2524 746 ante
2549 706 2770 755 omnes,
2800 701 2858 746 et
2895 690 3073 748 omnia
3109 691 3162 744 in
3200 690 3317 758 ipso
3346 697 3625 743 constant.

2056 784 2124 839 Et
2157 785 2271 854 ipse
2299 793 2385 839 est
2408 793 2572 854 caput
2607 784 2853 853 corporis
2886 782 3166 849 Ecclesiae,
3220 782 3312 850 qui
3357 790 3441 836 est
3478 780 3627 850 prin-

2057 876 2283 945 cipium,
2318 876 2716 946 primogenitus
2760 890 2828 929 ex
2874 875 3133 940 mortuis,
3192 885 3253 928 ut
3301 875 3373 929 sit
3423 874 3536 942 ipse
3578 873 3630 926 in

2055 969 2306 1022 omnibus
2334 968 2626 1037 primatum
2681 974 2871 1021 tenens
2911 985 2923 1021 :
2961 967 3088 1035 quia
3140 965 3195 1019 in
3238 965 3356 1035 ipso
3390 961 3631 1034 compla-

2056 1060 2413 1116 cuitomnem
2468 1058 2858 1128 plenitudinem
2904 1058 3237 1123 inhabitare,
3286 1065 3340 1111 et
3386 1071 3481 1126 per
3506 1070 3629 1109 eum

2057 1153 2238 1209 omnia
2271 1153 2628 1211 reconciliare
2682 1154 2734 1207 in
2779 1154 2953 1221 ipsum
2983 1167 3001 1205 :
3039 1151 3335 1219 pacificans
3370 1164 3466 1218 per
3500 1163 3630 1201 san-

2058 1246 2274 1315 guinem
2319 1246 2500 1301 crucis
2536 1246 2653 1315 ejus
2688 1246 2804 1300 sive
2835 1260 2953 1311 qua:
2984 1244 3036 1298 in
3073 1243 3254 1307 terris,
3283 1244 3399 1296 sive
3425 1256 3543 1309 quae
3575 1240 3628 1294 in

2059 1337 2210 1392 caelis
2245 1346 2370 1392 sunt
2397 1338 2463 1392 “.
2500 1356 2521 1390 ι
2555 1338 2785 1392 ῡοεειιιι·
2815 1336 2928 1399 hic,
2970 1336 3060 1390 Dei
3111 1334 3361 1397 Verbum,
3417 1333 3517 1388 hoc
3550 1342 3634 1388 est

2059 1427 2254 1482 Filium
2306 1427 2627 1482 naturaliter
2676 1442 2740 1481 ex
2793 1427 2886 1481 illo
2928 1436 3140 1489 natum,
3202 1425 3487 1480 invisibilis
3534 1423 3628 1477 Dei

2062 1517 2350 1587 imaginem
2376 1533 2538 1573 esse;
2580 1519 2765 1572 adh-are
2804 1519 2984 1570 omnia
3023 1517 3255 1571 visibilia
3288 1528 3343 1571 et
3380 1516 3627 1570 invisibi—

2059 1609 2154 1673 lia,
2185 1610 2300 1665 sive
2336 1611 2386 1665 in
2422 1610 2596 1674 caelis,
2627 1611 2740 1664 sive
2774 1609 2826 1662 in
2857 1610 3042 1672 terris,
3076 1623 3171 1678 per
3199 1609 3374 1677 ipsum
3406 1607 3626 1662 condita

2059 1715 2219 1756 esse:
2251 1702 2421 1770 ipsum
2456 1714 2715 1772 praeterea
2744 1703 2925 1757 omnia
2962 1702 3281 1755 antecedere
3312 1703 3358 1769 (ι
3392 1700 3447 1753 In
3475 1701 3626 1770 prin-

2059 1794 2201 1863 cipio
2225 1795 2368 1849 enim
2393 1808 2512 1849 erat
2535 1794 2767 1851 Verbum
2785 1796 2912 1865 ³⁸)),
2931 1794 3360 1862 smculorumque
3385 1794 3628 1847 condito-

373 1884 458 1939 ὅτι
481 1886 585 1956 πρὸ
608 1856 1003 1941 πάντωννὲστιν
1024 1856 1187 1951 αὐτός
1205 1856 1363 1957 (ι”Εν
1383 1888 1523 1959 ἀρχῇ
1852 1887 1945 1942 Λϐ-

2061 1900 2172 1941 rem
2221 1901 2385 1942 esse:
2425 1888 2801 1943 exsistentiam
2859 1898 3132 1958 postremo
3185 1886 3331 1941 omni
3389 1896 3630 1955 tempore

374 1981 550 2045 γοςι),
569 1979 662 2032 καὶ
688 1979 850 2043 αὐτός
873 1982 1021 2034 ἐστιν
1049 1981 1078 2033 ὁ
1105 1980 1216 2033 τῶν
1249 1980 1460 2035 αἰώνων
1488 1981 1834 2053 δημιουργὸς,
1858 1982 1954 2036 κο.)⁸

379 2070 575 2138 χρόνου
643 2070 844 2134 παντὸς
894 2071 1275 2143 πρεσϐυτέραν
1330 2073 1470 2142 ἔχων
1535 2074 1634 2143 τὴν
1697 2072 1949 2145 ὕπαρξιν.

389 2161 549 2214 ’Λλλά
577 2162 668 2215 τὸν
696 2163 868 2225 οὕτως
895 2163 1089 2233 ἔχοντα
1133 2164 1275 2219 κατά
1324 2165 1485 2234 φύσιν
1532 2166 1668 2219 ἰδίαν
1705 2164 1952 2219 δεδόσθαι

377 2253 511 2321 φησί
554 2254 706 2322 παρά
746 2254 842 2307 τοῦ
890 2255 1101 2325 Πατρδς
1139 2255 1383 2326 κεφαλὴν
1426 2253 1521 2309 τοῦ
1563 2254 1815 2326 σώματος
1852 2255 1952 2325 τῆς

388 2344 735 2415 Ἑκκλησίας.
783 2347 944 2399 αὐτόν
975 2364 1036 2400 τε
1081 2342 1220 2400 εἶναι
1250 2348 1342 2400 τὸν
1370 2348 1713 2419 πρωτότοκον
1741 2349 1807 2401 ὲκ
1842 2349 1952 2401 τῶν

378 2435 608 2507 νεκρῶν.
634 2433 769 2491 Εἶτα
792 2437 911 2501 πῶς
946 2438 1206 2509 ὑπάρχων
1235 2440 1322 2492 ἀεὶ
1349 2440 1482 2503 Θεὸς
1508 2439 1701 2509 Λόγος,
1733 2441 1792 2493 ὲν
1817 2432 1862 2507 ᾧ
1882 2440 1952 2495 τά

376 2532 554 2585 πάντα
588 2533 905 2603 συνέστηκε,
935 2536 1278 2604 πρωτότοκος
1306 2536 1417 2589 τῶν
1458 2536 1668 2608 νεκρῶν
1696 2536 1950 2605 γενέσθαι

375 2618 618 2688 λέγεται,
649 2622 746 2676 καὶ
775 2624 998 2695 ἀπαρχὴ
1029 2624 1137 2678 τῶν
1171 2628 1609 2697 κεκοιμημένων,
1629 2630 1677 2680 εἰ
1704 2628 1777 2699 μή
1800 2630 1949 2682 ἐστιν

374 2711 541 2766 αὑτοῦ
568 2713 710 2766 κατά
734 2714 994 2780 ἀλήθειαν
1030 2715 1159 2769 ἴδιον
1194 2717 1354 2787 σῶμα
1388 2717 1447 2771 τὸ
1472 2720 1603 2788 παρ’
1645 2718 1811 2772 αὑτοῦ
1855 2720 1951 2788 λη-

388 2802 540 2869 φθὲν,
574 2799 633 2858 οὗ
660 2805 985 2870 πεπονθότος
1019 2808 1110 2860 τὸν
1152 2807 1404 2873 θάνατον,
1452 2811 1615 2875 αὐτὸς
1664 2812 1731 2865 ἀν
1780 2816 1950 2866 νοοῖτο

376 2896 602 2961 π.ς’)εἰ’ν;
635 2897 735 2949 οὐκ
778 2897 1038 2953 ἀπίθανον
1063 2899 1278 2969 ἔχοντος
1317 2900 1475 2970 λόγον
1524 2904 1583 2955 ὲν
1638 2902 1817 2974 ἑαυτῷ
1852 2903 1948 2957 τοῦ

376 2984 821 3056 συμϐεϐηκότοςο
855 2988 1091 3041 πέπονθε
1145 2990 1254 3062 γὰρ
1296 2990 1357 3044 τὸ
1405 2992 1534 3046 ἴδιον
1561 2992 1761 3047 αὑτοῦ·
1804 2994 1950 3050 οὕτω

374 3077 574 3129 νοεῖται
602 3076 950 3148 πρωτότοκος
987 3081 1050 3133 ἐκ
1088 3080 1198 3133 τῶν
1228 3082 1459 3153 νεκρῶν,
1490 3084 1668 3137 καίτοι
1701 3086 1801 3156 τὴν
1841 3086 1944 3155 φύς

2057 1980 2419 2049 antiquiorem
2470 1979 2687 2035 habere.
2750 1979 3024 2047 Ejusmodi
3090 1987 3272 2032 autem
3330 1978 3490 2032 bonis
3542 1992 3629 2031 se-

2056 2074 2293 2125 cundum
2346 2072 2623 2141 propriam
2674 2082 2925 2126 naturam
2970 2072 3327 2131 cumulatum,
3360 2070 3630 2140 primoge-

2055 2163 2225 2217 nitum
2265 2178 2330 2218 ex
2372 2166 2625 2228 mortuis,
2665 2173 2717 2218 et
2768 2173 2933 2233 caput
2985 2164 3230 2232 corporis
3282 2163 3541 2217 Ecclesia:
3594 2181 3622 2215 a

2056 2256 2165 2311 Deo
2186 2253 2349 2309 Patre
2376 2256 2559 2309 datum
2605 2270 2726 2310 esse
2769 2256 3022 2309 atlirmat.
3070 2253 3187 2309 Jam
3224 2256 3492 2323 quomodo
3535 2256 3626 2323 qui

2056 2346 2147 2401 Dei
2179 2346 2357 2401 Patris
2399 2345 2635 2401 Verbum
2679 2357 2786 2410 est,
2823 2363 3143 2417 semperque
3178 2348 3309 2411 fuit,
3340 2364 3437 2417 per
3464 2364 3625 2417 quem

2051 2437 2235 2491 omnia
2281 2444 2552 2501 constant,
2607 2437 3004 2505 primogenitns
3054 2454 3121 2492 ex
3178 2439 3429 2505 mortuis,
3496 2440 3624 2493 dor-

2053 2528 2443 2596 mientiumque
2492 2529 2746 2597 primitiae
2789 2529 3111 2597 appellatur,
3161 2531 3203 2584 si
3242 2546 3441 2600 corpus
3484 2536 3629 2599 quod

2052 2618 2349 2686 assumpsit
2376 2633 2502 2672 vere
2534 2618 2677 2671 illius
2711 2620 2986 2687 proprium
3024 2636 3127 2674 non
3152 2630 3291 2684 erat,
3325 2637 3431 2688 quo
3464 2622 3623 2674 nimi—

2054 2726 2169 2763 rum
2217 2711 2310 2764 illo
2366 2720 2594 2765 mortem
2646 2710 2912 2766 subeunte
2956 2713 3070 2779 ipse
3123 2720 3351 2767 mortem
3387 2714 3627 2767 subiisse

2053 2802 2426 2871 intelligatur?
2474 2802 2661 2872 Neque
2723 2804 2867 2858 enim
2918 2804 3054 2858 citra
3086 2804 3288 2873 justam
3318 2820 3537 2859 causam
3574 2804 3623 2858 id

2051 2892 2129 2947 illi
2164 2893 2429 2947 accidisse
2469 2895 2692 2959 dicitur,
2743 2898 2883 2962 quod
2929 2898 3166 2964 corpori,
3212 2899 3355 2967 quod
3407 2915 3622 2968 passum

2049 2996 2152 3049 est,
2178 2996 2235 3040 et
2256 2986 2399 3039 illius
2434 2988 2707 3056 proprimn
2740 2998 2879 3052 erat,
2924 2990 3194 3043 accidisse
3228 2992 3496 3045 novimus.
3534 2993 3613 3044 Ad

2050 3076 2194 3130 hunc
2246 3076 2427 3145 itaque
2484 3080 2697 3131 modum
2755 3080 2971 3133 etiamsi
3023 3082 3317 3136 secundum
3373 3095 3633 3136 naturam

376 3182 464 3219 σιν
487 3167 754 3233 ἀθάνατος
790 3170 890 3236 ὢν,
931 3172 1023 3225 καὶ
1052 3173 1214 3236 αὐτὸς
1248 3175 1601 3245 χρηματίζων
1644 3176 1780 3248 ζωή.
1817 3179 1962 3232 Ὅτε·

2055 3168 2403 3234 immortalis,
2438 3179 2493 3223 et
2518 3171 2625 3222 vita
2678 3186 2775 3240 per
2832 3173 3125 3226 essentiam
3174 3175 3427 3238 exsistat,
3476 3192 3623 3228 mor-

371 3259 553 3311 τοίνυν
580 3260 789 3315 δέδοται
821 3263 1029 3334 κεφαλὴ
1058 3264 1151 3318 τοῦ
1180 3265 1431 3336 σώματος
1454 3268 1552 3338 τῆς
1594 3269 1943 3341 Ἐκκλησίας,

373 3347 561 3410 καθεὶς
608 3350 797 3404 ἑαυτὸν
828 3354 907 3415 εἰς
936 3352 1187 3418 κένωσιν,
1221 3356 1342 3408 τότε
1369 3356 1585 3425 λέγεται
1615 3360 1711 3411 καὶ
1740 3359 1948 3412 ἀποθα-

375 3442 487 3492 νεῖν
517 3440 873 3513 ἀνθρωπίνως
900 3444 1040 3517 ὑπὲρ
1070 3447 1250 3517 ἡμῶν,
1270 3448 1299 3500 ὁ
1322 3448 1515 3503 παθεῖν
1544 3450 1644 3505 οὐκ
1673 3450 1829 3516 εἰδὼς
1856 3454 1948 3506 τὸν

372 3529 606 3591 θάνατον
634 3533 712 3599 ὡς
738 3534 891 3601 Θεός.

442 3716 577 3773 KA’.
615 3717 875 3788 Λέγοντος
920 3718 979 3774 δὲ
1028 3721 1123 3775 τοῦ
1176 3724 1445 3792 μακαρίου
1485 3725 1721 3791 Παύλου,
1767 3728 1850 3781 ὃτι
1887 3730 1948 3783 ὲν

370 3808 519 3879 αὐτῷ
546 3810 833 3882 κατῴκησε
860 3814 966 3867 πᾶν
986 3815 1045 3867 τὸ
1074 3814 1368 3886 πλήρωμα,
1404 3820 1563 3886 φαῖεν
1594 3818 1660 3871 ἂν
1695 3820 1825 3885 ἰσως
1861 3840 1942 3875 τι·

370 3900 487 3964 νές·
529 3901 658 3955 Ἰδοὺ
688 3904 923 3974 Χριστὸν
954 3904 1140 3975 ἕτερον
1170 3902 1309 3960 οἶδεν
1338 3908 1521 3973 ἰδικῶς
1545 3909 1635 3964 τὸν
1662 3915 1725 3965 ὲκ
1753 3930 1944 3981 γυναι-

372 3991 467 4053 κὸς
492 3990 797 4062 ἄνθρωπον,
840 3995 897 4047 ὲν
921 3987 966 4063 ᾧ
999 3996 1322 4069 κατῴκησεν
1352 3999 1427 4063 ὡς
1457 4000 1645 4072 ἕτερος
1689 4006 1821 4074 παρ’
1847 4006 1944 4057 αύ-

370 4081 461 4134 τὺν
502 4083 755 4153 Χριστὸς,
807 4087 902 4139 καλ⁹
951 4087 1135 4151 ἰδικῶς
1171 4090 1199 4140 ό
1237 4089 1426 4156 Λόγος,
1462 4092 1581 4162 ἤτοι
1625 4094 1847 4163 Πνεῦμα
1884 4097 1946 4150 τὸ

370 4173 648 4244 πλήρωμα
689 4178 791 4246 τῆς
839 4177 1093 4249 θεότητος
1150 4183 1493 4251 σωματικῶς.
1555 4186 1699 4256 Πρὸς
1757 4187 1820 4257 δὴ
1874 4188 1944 4242 τὰ

368 4267 545 4320 τοιάδε
595 4270 793 4339 φαμὲν,
842 4271 922 4323 ὅτι
974 4272 1067 4325 δύο
1114 4274 1382 4344 Χριστοὺς
1430 4278 1458 4329 ό
1500 4280 1944 4349 πνευματοφόρος

368 4358 470 4411 ούκ
502 4354 663 4421 οἶδεν,
695 4360 811 4413 ἀλλ’
864 4362 961 4415 ἕνα
989 4362 1267 4433 κηρύττει,
1320 4365 1577 4435 καθάπερ
1619 4369 1809 4438 ἀμέλει
1850 4372 1943 4424 καὶ

382 4451 468 4503 ’να
493 4451 738 4523 Πατέρα.
775 4472 793 4504 ι
834 4453 997 4523 Ἦμῖν
1025 4456 1153 4527 γάρ,
1185 4458 1368 4527 φησιν,
1398 4452 1478 4522 εἷς
1506 4460 1638 4524 Θεὸς
1666 4460 1695 4511 ὁ
1728 4463 1939 4533 Πατὴρ,

2054 3268 2267 3313 tuorum
2331 3261 2719 3331 primogenitus
2772 3277 2894 3317 esse
2954 3267 3326 3333 cognoscitur.
3395 3266 3637 3333 Quando-

2050 3351 2218 3421 igitur
2246 3352 2403 3406 datus
2433 3363 2517 3407 est
2555 3364 2715 3422 caput
2748 3356 2993 3425 corporis
3032 3356 3289 3413 Ecclesize
3322 3362 3622 3428 semetipso

2050 3442 2115 3495 ad
2168 3441 2593 3496 exinanitiunem
2651 3445 2905 3510 demisso,
2960 3448 3129 3501 nostri
3182 3464 3341 3501 causa
3391 3462 3621 3504 mortem

2048 3534 2343 3587 secundum
2397 3544 2646 3588 naturam
2703 3536 2991 3591 humanam
3047 3542 3343 3608 oppetiisse
3395 3542 3616 3607 dicitur,

2047 3624 2137 3693 qui
2162 3631 2217 3675 ιιι
2253 3623 2394 3677 υειιε
2426 3624 2614 3677 mortis
2645 3627 2870 3680 omnino
2903 3629 3125 3696 ignarus
3158 3637 3295 3681 erat.

2140 3714 2279 3769 XXI.
2328 3715 2596 3771 C:eterum
2654 3718 2797 3787 quod
2868 3720 3057 3774 beatus
3134 3720 3333 3776 Paulus
3404 3738 3620 3777 omnem

2048 3808 2438 3878 plenitudinem
2474 3809 2524 3862 in
2551 3810 2666 3878 ipso
2700 3810 3035 3867 inhabitasse
3068 3823 3301 3877 asserat,
3331 3815 3497 3888 144,
3513 3834 3637 3871 ιιυιι.

2046 3903 2275 3955 deerunt
2312 3902 2564 3958 fortassis
2611 3905 2702 3973 qui
2730 3904 2817 3958 hic
2864 3904 2938 3958 ita
2990 3906 3251 3974 objiciant
3285 3909 3402 3963 :En
3443 3913 3618 3965 homi-

2047 4008 2168 4047 nem
2220 4009 2286 4047 εχ
2332 3994 2559 4049 muliere
2607 4006 2812 4060 ortum,
2863 3998 3136 4053 Christmn
3165 3998 3397 4054 alterum
3433 4017 3529 4069 per
3560 4018 3621 4058 se

2046 4097 2100 4138 et
2140 4085 2438 4139 secundum
2463 4100 2524 4139 se
2546 4087 2847 4152 exStitisse,
2879 4090 3100 4154 indicat,
3135 4090 3189 4144 in
3217 4106 3326 4161 quo
3362 4092 3627 4159 Verbum,

2048 4174 2149 4227 hoc
2174 4183 2260 4227 est
2302 4174 2562 4241 Spiritus,
2591 4177 3004 4247 divinitatisque
3036 4180 3335 4249 plenitudo,
3360 4192 3615 4255 tanquam

2046 4267 2183 4319 alter
2212 4266 2430 4336 quidam
2462 4267 2710 4322 Christus
2742 4284 2986 4326 seorsum
3026 4276 3094 4329 ab
3136 4277 3307 4331 altero
3334 4278 3424 4332 illo
3448 4317 3463 4341 ,
3494 4294 3622 4332 cor-

2046 4356 2306 4424 poraliter
2356 4356 2689 4409 inhabitarit.
2749 4359 2828 4413 Ad
2880 4363 2993 4417 hac
3045 4380 3177 4420 sane
3227 4370 3634 4435 respondemus

2047 4448 2268 4504 Paulum
2301 4452 2390 4506 Dei
2426 4453 2630 4522 Spiritu
2658 4456 2893 4511 amatum
2926 4473 3267 4526 nequaquam
3296 4460 3431 4515 duos
3459 4476 3624 4530 agno.

403 4542 429 4606 ξ
461 4537 521 4596 οὗ
550 4544 617 4596 τὰ
643 4545 944 4608 πάντα,καὶ
974 4548 1134 4616 ἡμεῖς
1167 4551 1246 4613 εἰς
1280 4550 1465 4606 αὐτόν.
1488 4553 1598 4606 Καὶ
1625 4548 1709 4616 εἷς
1735 4554 1939 4625 Κύριος

2051 4541 2190 4594 visse
2234 4542 2502 4611 Christus,
2567 4547 2659 4599 sed
2717 4562 2879 4599 unum
2937 4549 3332 4616 annuntiasse;
3385 4551 3526 4605 sicut
3568 4563 3626 4606 ct

400 4634 588 4705 Ιησοῦς
619 4638 874 4708 Χριστὸς,
905 4638 971 4690 δι’
1002 4632 1062 4691 οὗ
1097 4640 1167 4693 τὰ
1190 4642 1387 4705 πάντα,
1428 4646 1522 4697 καὶ
1549 4647 1715 4715 ἡμεῖς
1738 4646 1805 4699 δι’
1840 4647 1940 4699 αύ-

386 4725 483 4779 ;οῦ.
519 4745 537 4777 ι
590 4727 744 4781 Ἐπεὶ
778 4728 933 4798 φέρε,
980 4729 1400 4800 διασκεψώμεθα
1431 4735 1828 4802 παρατιθέντες
1857 4740 1939 4801 εἰς

369 4818 598 4887 βάσανον
627 4819 733 4872 τῶν
760 4820 1064 4892 εἰρημένων
1088 4823 1187 4894 τὴν
1214 4823 1462 4896 δύναμιν·
1490 4828 1602 4898 Τὴν
1631 4830 1816 4883 εἰκόνα
1844 4831 1937 4884 τοῦ

388 4910 498 4963 Ψεοῦ
522 4911 615 4965 τοῦ
649 4913 903 4982 ἀοράτου,
934 4913 1024 4967 τὸν
1064 4914 1131 4967 δι’
1158 4909 1217 4970 οὗ
1249 4918 1342 4969 καὶ
1372 4918 1430 4971 ὲν
1461 4912 1505 4987 ᾧ
1527 4919 1594 4973 τά
1621 4922 1819 4982 πάντα,
1846 4923 1937 4974 τὸν

368 5003 689 5072 προαιώνιον
720 5005 868 5069 Υἰὸν,
914 5006 1013 5075 τὴν
1043 5008 1153 5061 τῶν
1187 5008 1321 5061 ὅλων
1356 5009 1637 5076 σύστασιν,
1689 5012 1936 5067 δεδέσθαι

374 5094 497 5161 ρησὶ
544 5095 607 5163 τῇ
662 5094 958 5167 Ἐκκλησία
994 5097 1269 5167 κεφαλὴν,
1310 5099 1401 5152 καὶ
1448 5100 1555 5173 μὴν
1598 5102 1677 5154 ὄτι
1726 5103 1938 5171 γένοιτο

374 5185 708 5254 πρωτότοκος
750 5188 814 5239 ἐκ
858 5188 1085 5258 νεκρῶν.
1129 5190 1344 5263 Ἐπειδὴ
1372 5190 1428 5244 δέ
1476 5194 1591 5245 ἐστι
1634 5193 1731 5265 τὴν
1770 5195 1937 5263 φύσιν

377 5274 647 5339 λιθάνατος,
685 5278 835 5331 πᾶσά
869 5296 986 5340 πως
1011 5279 1224 5347 ἀνάγκη
1252 5280 1388 5351 πρὸς
1422 5282 1617 5335 ἕνωσιν
1647 5284 1929 5356 οἰκονομι-

364 5366 467 5435 κήν
496 5383 553 5418 τε
584 5368 678 5419 καὶ
708 5367 882 5439 ἀληθῆ
927 5372 993 5439 τῇ
1040 5370 1163 5422 καθ’
1204 5373 1350 5441 ἡμᾶς
1382 5373 1761 5445 ἀνθρωπότητι
1802 5393 1933 5428 συν-

365 5456 646 5526 ενεχθῆναι
675 5458 854 5525 λέγειν
882 5459 971 5512 τὸν
1006 5460 1070 5513 ὲκ
1103 5460 1237 5514 Θεοῦ
1273 5463 1484 5533 Πατρός
1519 5464 1708 5532 Λόγον,
1738 5465 1833 5518 ἕνα
1871 5484 1935 5522 τε

382 5547 535 5612 ιῦτως
564 5552 695 5619 ἡμῖν
724 5551 1105 5622 ἀναδειχθῆναι
1154 5556 1409 5625 Χριστὸν,
1465 5556 1557 5609 τὸν
1586 5558 1750 5611 αὐτὸν
1797 5561 1935 5630 ὁμοῦ

362 5642 494 5695 θεὸν
534 5642 660 5695 ὂντα
688 5645 781 5696 καὶ
812 5644 1116 5715 ἄνθρωπον.
1160 5649 1248 5700 Ἐν
1275 5648 1380 5701 τίνι
1427 5648 1493 5720 δὴ
1519 5646 1611 5703 οὖν
1640 5650 1934 5723 κατῴκησε

2050 4649 2215 4687 unum
2260 4650 2475 4705 quoque
2520 4636 2781 4692 Patrem:
2828 4655 2847 4688 ι
2897 4636 3063 4693 Nobis
3105 4639 3303 4709 (inquit
3346 4640 3456 4711 ille)
3482 4659 3637 4697 unus

2046 4736 2133 4781 est
2169 4727 2312 4781 Deus
2359 4728 2539 4794 Pater,
2585 4746 2653 4783 ex
2694 4745 2801 4799 quo
2835 4732 3041 4795 omnia,
3086 4741 3139 4786 et
3188 4749 3283 4789 nos
3315 4734 3366 4789 in
3397 4736 3618 4805 ipsum:

2046 4826 2102 4869 et
2139 4833 2277 4871 unus
2306 4815 2565 4872 Dominus
2592 4817 2750 4875 Jesus
2777 4820 3056 4886 Christus,
3091 4838 3188 4892 per
3217 4841 3377 4895 quem
3410 4830 3618 4895 omnia,

2048 4918 2101 4962 et
2133 4925 2229 4962 nos
2269 4926 2363 4977 per
2396 4912 2568 4980 ipsum
2603 4912 2672 4966 ".
2713 4930 2732 4964 ι
2770 4913 2875 4968 Sed
2926 4915 3152 4984 agedum
3195 4919 3483 4973 verborum
3532 4922 3620 4977 hic

2046 5003 2443 5070 propositorum
2477 5006 2580 5057 vim
2610 5004 2901 5073 adaequant
2929 5007 3184 5061 trutinam
3212 5014 3611 5081 expendamus.

2046 5093 2239 5147 Filium
2267 5106 2550 5162 :eternum,
2583 5096 2634 5150 in
2660 5112 2765 5166 quo
2783 5098 2988 5162 omnia,
3018 5109 3072 5152 et
3099 5116 3194 5167 per
3223 5119 3383 5171 quem
3408 5107 3614 5172 omnia,

2045 5187 2332 5241 invisibilis
2361 5188 2450 5241 Dei
2487 5188 2798 5254 imaginem,
2834 5191 3329 5262 universorumque
3368 5197 3618 5251 condito-

2045 5295 2160 5334 rem
2192 5296 2255 5334 ac
2282 5282 2702 5350 primogenitum
2747 5283 2891 5335 inter
2939 5295 3201 5347 mortuos,
3239 5286 3498 5342 Ecclesiae
3527 5304 3621 5343 ca-

2047 5385 2140 5441 put
2170 5373 2353 5427 datum
2381 5373 2657 5441 prmdicat.
2682 5374 2816 5440 Quia
2858 5390 2988 5446 ergo
3018 5376 3107 5431 Dei
3158 5376 3392 5433 Verbum
3429 5392 3618 5449 suapte

2046 5475 2237 5517 natura
2265 5466 2454 5520 mortis
2485 5481 2677 5536 expers
2704 5477 2807 5530 est,
2846 5482 2950 5521 non
3002 5484 3285 5537 possumus
3327 5470 3453 5526 illud
3490 5488 3618 5526 vera

2047 5538 2395 5627 perfectaque
2436 5560 2635 5614 unione
2672 5575 2794 5615 cum
2849 5563 3083 5615 humana
3134 5572 3325 5618 natura
3380 5565 3616 5636 conjun-

2048 5661 2193 5706 ctum
2226 5652 2394 5709 fuisse
2417 5669 2521 5709 non
2550 5669 2829 5723 asserere;
2857 5656 3098 5727 adeoque
3124 5672 3289 5712 unum
3316 5659 3620 5727 Christum,

436 5798 705 5856 “Coloss.
755 5820 793 5868 ι,
845 5802 1031 5857 13-20.
1109 5804 1154 5836 “
1194 5803 1347 5859 Juan.
1396 5823 1429 5874 I,
1480 5807 1558 5862 Η.
1637 5807 1683 5839 ³⁸
1714 5806 1754 5861 ΙΙ
1796 5808 1920 5865 Cor.
1962 5824 2082 5874 'vltt,
2136 5810 2189 5867 6.
