4000 6326
443 393 583 448 1565

1359 388 1415 443 S.
1446 385 1725 442 CYRILLI
1765 380 2233 437 ALEXANDRINI
2272 377 2598 435 ARClllEP.

3528 374 3677 427 1564

442 505 532 573 qui
568 503 707 558 idem
741 502 882 559 Deus
931 503 1091 557 simul
1133 504 1206 558 sit
1234 512 1289 558 et
1333 504 1517 569 homo,
1558 504 1714 557 nobis
1741 516 1843 554 non
1874 516 1990 569 pro-

2126 501 2214 552 τᾶν
2240 498 2298 551 τὸ
2327 498 2600 568 πλήρωμα
2629 497 2726 566 τῆς
2769 495 3021 565 θεότητος
3066 493 3421 565 σωματικῶς;
3463 491 3680 552 Ίδικῶς

441 610 663 662 ponere.
690 592 759 647 At
788 595 839 647 in
871 609 980 664 quo
1021 595 1184 663 igitur
1204 595 1382 649 omnis
1404 595 1702 649 divinitatis
1725 591 2001 661 plenitudo

443 687 767 742 inhabitavit
798 687 1153 756 corporaliter
1189 686 1278 740 “‘2
1305 687 1448 742 Sane
1471 686 1723 741 arbitrari
1747 686 1799 739 in
1833 683 1998 738 Verbi

441 793 683 834 seorsum
712 794 810 847 per
833 794 891 832 se
935 776 1261 833 considerati
1308 787 1554 833 naturam
1587 778 1687 831 hoc
1716 776 1998 838 accidisse,

439 868 659 921 omnino
691 868 1079 936 perabsurdum
1121 866 1314 921 fuerit:
1357 866 1577 936 perinde
1608 879 1835 934 namque
1861 864 2004 918 istud

446 969 591 1014 esset
645 974 707 1014 ac
768 960 812 1014 si
860 959 1204 1028 Unigenitutn
1266 959 1319 1013 in
1388 957 1675 1027 semetipso
1730 957 2006 1010 habitasse

440 1052 761 1106 diceremus.
801 1051 1095 1106 Credentes
1144 1051 1325 1119 itaque
1368 1050 1601 1104 Verbum
1636 1063 1852 1102 carnem
1900 1061 2005 1101 non

440 1156 538 1210 per
569 1141 803 1209 aliquam
858 1142 935 1193 sui
986 1141 1486 1194 transmutationetn
1536 1148 1626 1191 aut
1682 1138 2003 1200 versionem,

442 1232 534 1285 sed
607 1247 703 1299 per
755 1249 935 1287 veram
988 1234 1167 1302 templi
1224 1233 1450 1302 proprii,
1504 1232 1605 1285 hoc
1647 1240 1730 1284 est
1768 1229 2008 1297 corporis

443 1324 622 1376 anima
678 1325 910 1376 humana
966 1324 1213 1393 perfecti,
1269 1325 1521 1378 unionem
1580 1323 1633 1375 in
1673 1321 1826 1375 nobis
1858 1320 2010 1373 hahi-

446 1424 607 1479 tasse,
649 1415 735 1485 pie
777 1426 1027 1485 recteque
1075 1430 1469 1480 asseveramus,
1512 1416 1637 1467 dum
1670 1427 1894 1479 magnus
1920 1410 2008 1463 ille

446 1503 643 1558 Paulus
683 1520 897 1557 omnem
956 1505 1259 1558 divinitatis
1336 1503 1725 1572 plenitudinem
1784 1500 1837 1553 in
1895 1500 2010 1568 ipso

448 1594 779 1649 inhabitasse
827 1596 1040 1660 scribit,
1098 1610 1201 1648 non
1249 1594 1460 1663 quidem
1518 1609 1611 1662 per
1639 1590 2010 1661 participatio-

447 1704 594 1751 nem,
638 1699 728 1739 aut
759 1686 1148 1747 habitudinem,
1204 1696 1295 1738 aut
1345 1685 1530 1754 gratia:
1569 1682 2015 1736 communicatio-

450 1794 595 1843 nem,
637 1780 732 1833 sed
780 1776 1152 1845 corporaliter,
1204 1777 1306 1830 hoc
1361 1785 1444 1829 est
1491 1774 1872 1835 essentialiter,
1924 1786 2017 1839 per

2108 591 2207 659 μὲν
2238 586 2331 642 οὖν
2360 591 2453 642 καὶ
2484 588 2624 641 κατὰ
2656 588 2822 657 μόνας
2850 588 2906 638 tv
2926 589 2991 656 τῇ
3017 589 3112 641 τοῦ
3138 585 3308 652 Λόγου
3330 584 3487 652 φύσει
3509 582 3680 635 toi-to

2105 680 2417 750 πεπρᾶχθαι
2440 680 2700 750 νομίζειν,
2731 676 2923 746 εὕηθες
2948 675 3141 746 κομιδῇ
3164 691 3176 704 ⁸
3204 674 3315 726 ἴσον
3340 674 3447 744 γὰρ
3469 674 3678 736 εἰπεῖν,

2105 771 2179 834 ὡς
2232 771 2393 833 αὐτὸς
2435 770 2493 822 tv
2536 767 2714 839 ἑαυτῷ
2761 767 3077 837 κατῴκησεν
3121 768 3149 818 ό
3195 765 3525 835 Μονογενής.
3576 764 3687 815 Πι-

2110 861 2395 922 στεύοντας
2433 860 2490 913 δὲ
2539 861 2621 913 ὃτι
2672 860 2861 928 γέγονε
2915 858 3050 927 σὰρξ
3094 856 3121 906 ὁ
3176 858 3366 923 Λόγος,
3415 856 3475 907 οὑ
3528 854 3685 906 κατὰ

2111 954 2444 1022 μετάστασιν
2490 951 2522 1021 ἦ
2567 950 2775 1021 τροπὴν
2799 991 2813 1013 ,
2868 948 2984 1002 ἀλλ’
3014 949 3096 1000 ὅτι
3131 946 3329 1016 μᾶλλον
3363 945 3685 1014 ἐσκήνωσεν

2107 1045 2163 1095 tv
2197 1044 2346 1113 ἡμῖν,
2392 1043 2485 1094 καὶ
2518 1041 2642 1094 ναὸν
2686 1038 2815 1092 ἴδιον
2855 1038 3147 1106 ἐποιήσατο
3185 1036 3245 1088 τὸ
3288 1035 3483 1086 ἑνωθὲν
3524 1030 3688 1102 αὐτῷ

2107 1136 2245 1189 κατὰ
2269 1134 2523 1205 ἀλήθειαν
2551 1133 2727 1202 σῶμα,
2761 1132 2937 1202 ψυχὴν
2966 1130 3087 1200 ἔχον
3112 1130 3208 1198 τὴν
3237 1127 3479 1197 λογικὴν,
3514 1127 3689 1178 εὐσε-

2109 1224 2198 1288 ϐὲς
2224 1228 2414 1278 εἰπεῖν·
2446 1226 2526 1278 ὅτι
2552 1224 2648 1293 τὴν
2676 1225 2733 1276 tv
2763 1226 2827 1293 τῇ
2853 1222 2986 1291 ἁγίᾳ⁸
3014 1221 3179 1290 σαρκὶ
3208 1219 3301 1272 τοῦ
3331 1218 3502 1283 Λόγου
3531 1232 3685 1269 κατ⁸

2109 1315 2343 1384 οίκησιν,
2380 1314 2543 1383 ἧγουν
2575 1312 2772 1364 ἕνωσιν
2810 1309 2985 1379 ἀληθῆ
3018 1306 3441 1377 κατασημαίνων
3475 1307 3612 1374 ἡμῖν
3652 1304 3690 1356 ὁ

2113 1404 2401 1467 θεσπέσιος
2434 1404 2663 1465 Παῦλος,
2698 1405 2754 1454 tv
2784 1400 2933 1469 αὐτῴ
2963 1416 3096 1469 φησι
3127 1397 3443 1465 κατοικῆσαι
3475 1396 3585 1447 πᾶν
3618 1393 3689 1446 τὸ

2114 1497 2386 1568 πλήρωμα
2417 1495 2517 1563 τῆς
2544 1494 2814 1564 θεότητος,
2847 1492 2908 1545 οὺ
2939 1489 3213 1560 μεθεκτῶς
3237 1488 3455 1558 μᾶλλον,
3479 1488 3514 1554 ἢ
3550 1502 3688 1555 σχε-

2118 1586 2306 1652 τικῶς,
2338 1587 2505 1655 ἡγουν
2538 1584 2611 1646 ὡς
2642 1586 2698 1635 ἐν
2718 1583 2860 1635 δόσει
2894 1582 3134 1650 χάριτος,
3161 1579 3294 1631 ἀλλὰ
3325 1576 3686 1647 σωματικῶς,

2115 1681 2143 1733 ὅ
2178 1682 2324 1732 ἐστιν
2354 1676 2626 1738 οὐσιωδῶς
2646 1692 2657 1703 ·
2684 1674 2759 1737 ὡς
2796 1674 2862 1726 ἂν
2884 1675 2930 1725 εί
2960 1672 3054 1723 καὶ
3085 1673 3140 1722 tv
3162 1668 3431 1740 ἀνθρώπῳ
3462 1665 3689 1733 λέγοιτο

2122 1769 2395 1822 κατοικεῖν
2438 1766 2499 1818 τὸ
2540 1762 2754 1833 πνεῦμα
2786 1761 2970 1825 αὐτοῦ,
2997 1760 3094 1828 οὐχ
3129 1757 3312 1827 ἕτερον
3336 1755 3395 1808 ὃν
3430 1756 3558 1824 παρ’
3588 1753 3694 1804 αὐ-

447 1871 893 1927 inhabitationent
937 1870 1082 1922 illam
1119 1869 1263 1920 aliud
1298 1868 1431 1920 nihil
1463 1868 1737 1920 insinuare
1758 1864 2012 1924 voluisse,

2126 1859 2224 1912 τόν.
2269 1856 2384 1925 Ἐφ’
2416 1856 2534 1918 ἑνὸς
2580 1855 2637 1906 δὲ
2685 1852 2975 1922 προσώπου
3028 1849 3281 1909 πολλάκις
3332 1844 3691 1914 διπρόσωπον

448 1975 609 2030 quam
642 1974 818 2012 veram
861 1956 1271 2023 naturalemque
1302 1954 1461 2008 Verbi
1506 1968 1625 2006 cum
1657 1966 1813 2006 sacra
1851 1964 2014 2004 carne

450 2049 728 2103 unionem.
759 2047 1229 2114 Quemadmodum
1284 2045 1407 2099 licet
1444 2042 1679 2099 hominis
1708 2040 1929 2108 spiritus
1961 2039 2013 2091 in

452 2142 568 2211 ipso
598 2140 847 2194 habitare
878 2139 1113 2201 dicatur,
1145 2153 1250 2191 non
1289 2136 1428 2190 alius
1453 2144 1629 2188 tamen
1654 2143 1744 2186 aut
1767 2133 2012 2185 diversus

453 2234 520 2284 ab
553 2231 640 2283 illo
676 2230 970 2299 iudicatur.
1003 2227 1091 2281 Fit
1138 2228 1303 2291 enim,
1353 2238 1411 2279 ut
1441 2224 1704 2279 orationis
1732 2223 2012 2277 schemate

452 2320 521 2372 de
549 2332 652 2371 una
690 2331 915 2384 persona
966 2316 1197 2385 duplicis
1246 2315 1567 2385 quandoque
1601 2328 1845 2384 persona:
1880 2312 2018 2366 ratio

454 2408 610 2462 nobis
643 2407 923 2472 offeratur,
961 2422 1136 2477 neque
1165 2407 1235 2461 ob
1280 2407 1331 2460 id
1362 2417 1540 2459 tamen
1579 2404 1781 2458 veritas
1821 2404 1929 2456 ulla
1952 2418 2018 2457 ex

455 2511 607 2570 parte
654 2501 908 2554 laeditur:
969 2510 1027 2554 ut
1080 2515 1239 2561 cum,
1291 2498 1520 2566 exempli
1567 2513 1765 2562 causa,
1829 2496 2009 2549 divina

457 2591 736 2662 Scriptura
768 2591 836 2647 de
878 2592 986 2645 Deo
1020 2590 1316 2660 praedicat:
1364 2607 1383 2642 ι
1420 2589 1523 2654 Qui
1576 2588 1726 2656 ﬁngit
1768 2586 2017 2656 spiritum

458 2680 696 2737 hominis
747 2682 800 2735 in
854 2682 969 2752 ipso
1002 2681 1088 2745 ’7;
1126 2699 1146 2730 ι
1195 2680 1344 2745 atqui
1399 2678 1645 2746 spiritum
1698 2677 1931 2730 hominis
1966 2675 2019 2727 in

457 2776 576 2841 ipso
633 2772 919 2824 formatum
976 2775 1041 2823 ab
1088 2770 1204 2839 ipso
1255 2767 1411 2839 145
1458 2768 1675 2821 homine
1723 2766 1869 2819 aliud
1913 2780 2021 2819 non

457 2880 605 2927 esse,
638 2864 889 2916 omnibus
918 2863 1257 2931 perspicuum
1292 2874 1391 2914 est.
1427 2858 1545 2913 Huc
1573 2870 1626 2912 et
1654 2858 1783 2912 illud
1812 2872 2025 2926 quoque

457 2954 602 3008 heati
645 2952 819 3007 David
856 2954 1027 3006 tendit
1066 2970 1079 3006 :
1122 2971 1141 3004 ι
1173 2951 1345 3006 Nocte
1378 2967 1499 3006 cum
1530 2950 1692 3005 corde
1723 2964 1842 3003 meo
1868 2963 2024 3002 exer-

458 3047 685 3107 citabar,
730 3057 784 3099 et
839 3046 1103 3098 maerebat
1152 3044 1383 3112 spiritus
1434 3058 1587 3097 meus
1633 3040 1697 3094 ".
1743 3059 1761 3091 ι
1805 3040 2023 3108 Ecquis,

462 3150 669 3204 quasso,
698 3146 837 3203 erat,
876 3137 967 3205 qui
998 3150 1121 3189 cum
1152 3149 1253 3189 suo
1278 3133 1441 3188 corde
1473 3132 1854 3194 exercebatur,
1898 3147 2024 3198 pro-
2054 3160 2057 3165 ι

2114 1952 2246 2020 ἡμῖν
2286 1950 2592 2019 εἰσφέρεται
2630 1946 2787 2013 λόγου
2818 1943 3022 2013 σχῆμα,
3050 1938 3146 1993 καὶ
3194 1939 3315 1991 κατ’
3344 1936 3535 1988 οὐδένα
3556 1932 3692 2002 τρό-

2117 2058 2218 2093 πον
2245 2040 2417 2093 ἀδικεῖ
2448 2039 2545 2109 τὴν
2572 2036 2849 2108 ἀλήθειαν.
2886 2030 3008 2087 Οἴον
3034 2033 3166 2101 φέρε
3193 2032 3384 2092 εἰπεῖν,
3420 2026 3493 2088 ὡς
3520 2027 3569 2077 εἰ
3602 2022 3692 2075 λέ-

2114 2150 2264 2201 γοιτο
2312 2132 2439 2200 περὶ
2485 2129 2621 2184 Θεοῦ
2674 2128 2825 2198 παρὰ
2870 2126 2971 2195 τῆς
3019 2121 3374 2176 θεοπνεύστου
3425 2116 3691 2186 Γραςαῆς⁶

2128 2244 2146 2277 ι
2195 2226 2254 2279 'O
2294 2224 2546 2277 πλάσσων
2579 2221 2795 2291 πνεῦμα
2820 2216 3107 2288 ἀνθρώπου
3133 2216 3189 2266 tv
3225 2211 3392 2282 αὐτῷ.
3430 2229 3448 2262 ι
3489 2207 3693 2260 Καίτοι

2119 2316 2237 2376 πῶς
2261 2317 2358 2385 οὐχ
2389 2315 2592 2368 ἅπασιν
2619 2311 2867 2382 ἐναργὲς,
2886 2309 2961 2372 ὼς
2990 2310 3088 2360 οὑκ
3115 2306 3179 2359 ἂν
3198 2307 3367 2359 νοοῖτο
3398 2318 3463 2353 πε
3472 2300 3528 2372 pi.
3544 2308 3575 2347 I
3594 2296 3698 2349 τὸν

2119 2407 2404 2478 ἄνθρωπον
2462 2405 2649 2475 ἕτερον
2721 2405 2778 2455 tv
2849 2399 3024 2469 ἑαυτῷ
3090 2396 3455 2465 πλαττόμενον
3520 2386 3699 2443 αὐτοῦ

2121 2496 2366 2565 πνεῦμας
2392 2495 2529 2563 Φησὶ
2571 2492 2627 2545 δέ
2659 2508 2761 2543 που
2794 2490 2887 2543 καὶ
2919 2492 2946 2541 ὁ
2975 2488 3241 2557 μακάριος
3268 2482 3462 2536 Δαυῖδ·
3514 2498 3533 2530 ι
3572 2479 3698 2531 Νυ-
3762 2491 3769 2495 ·

2120 2590 2247 2651 κτὸς
2276 2587 2413 2659 μετὰ
2452 2585 2551 2652 τῆς
2582 2582 2809 2653 καρδίας
2841 2579 3182 2649 ὴδολέσχουν,
3236 2574 3329 2628 καὶ
3359 2571 3594 2643 ἤσχαλλε
3634 2568 3703 2620 τὸ

2124 2680 2339 2749 πνεῦμά
2371 2694 2492 2748 μου.
2532 2695 2551 2727 ι
2585 2674 2717 2727 Εἶτα
2751 2673 2833 2736 τίς
2866 2668 2959 2725 οὖν
2989 2673 3016 2723 ό
3050 2669 3184 2739 μετὰ
3214 2667 3311 2736 τῆς
3336 2662 3564 2734 καρδίας
3589 2660 3702 2712 αὗ-

2122 2771 2214 2825 τοῦ
2248 2768 2567 2839 ἀδολεσχῶν,
2604 2767 2698 2819 καὶ
2726 2764 2787 2817 τὸ
2820 2763 2949 2816 ῐδιον
2975 2759 3192 2829 πνεῦμα
3222 2754 3486 2824 ἁσχὰλλον
3514 2752 3699 2821 ἔχων;

2121 2862 2242 2935 Χρὴ
2274 2862 2453 2915 τοίνυν
2496 2859 2565 2913 τὰ
2607 2860 2703 2928 μὲν
2739 2855 2847 2908 τῶν
2892 2854 3065 2921 λόγων
3097 2853 3347 2921 σχήματα
3381 2846 3453 2916 μὴ
3486 2842 3705 2912 σφόδρα

2124 2954 2474 3024 φιλοκρινεῖν,
2499 2951 2709 3021 ἀφορᾷν
2754 2948 2813 3000 δὲ
2850 2947 3049 3017 μᾶλλον
3081 2946 3159 3005 είς
3189 2941 3357 3002 αὐτὰς
3403 2938 3513 2990 τῶν
3554 2951 3707 3003 πρα-

2127 3046 2352 3115 γμάτων
2382 3044 2481 3105 τὰς
2522 3041 2710 3110 φύσεις
2734 3080 2747 3101 ,
2778 3039 2871 3091 καὶ
2910 3037 2969 3101 ἐξ
3010 3034 3185 3088 αὐτῶν
3222 3032 3285 3100 δὴ
3318 3029 3517 3100 μᾶλλον
3566 3024 3704 3077 ποδ-

2129 3133 2466 3205 ηγουμένους
2493 3131 2577 3185 ἐπ’
2606 3130 2773 3200 αὐτὴν
2806 3129 2941 3182 ἰέναι
2967 3127 3062 3197 τὴν
3091 3124 3371 3194 ἀλήθειαν.

461 3227 747 3297 priutnque
788 3228 1035 3296 spiritum
1082 3234 1406 3281 mterentent
1453 3225 1735 3281 habebat?
1805 3224 2026 3294 Oportet
2070 3227 2253 3296 itaque
2315 3227 2645 3280 locutionum
2713 3223 2972 3277 formulas
3015 3236 3118 3273 non
3162 3232 3332 3283 usque
3364 3212 3501 3266 adeo
3532 3211 3707 3263 anxie

460 3333 736 3386 excutere,
781 3322 874 3375 sed
912 3321 1058 3392 ipsas
1100 3337 1280 3376 rerum
1310 3334 1536 3375 naturas
1577 3319 1756 3390 potius
1813 3320 2186 3391 contemplari,
2248 3335 2541 3389 earumque
2594 3320 2753 3373 ductu
2791 3318 2857 3371 ad
2909 3317 3078 3385 ipsam
3130 3312 3412 3365 veritatem
3460 3313 3707 3361 conten-

461 3414 612 3469 dere.

937 3552 1015 3606 De
1042 3552 1238 3606 Christi
1267 3552 1577 3606 obedientia.

541 3702 563 3738 ι
594 3686 759 3755 Igitur
800 3687 940 3738 sicut
993 3700 1091 3755 per
1137 3684 1306 3737 unius
1348 3684 1599 3737 delictum
1628 3683 1678 3736 in
1709 3698 1894 3737 omnes
1938 3684 2033 3737 ho-

474 3778 653 3833 mines
699 3777 750 3830 in
794 3775 1353 3829 condemnationem:
1396 3775 1473 3828 sic
1493 3754 1662 3842 et'per
1690 3774 1846 3826 unius
1871 3772 2033 3841 justi-

465 3870 595 3924 tiam
648 3869 699 3922 in
753 3882 945 3922 omnes
988 3867 1235 3920 homines
1301 3866 1353 3919 in
1409 3864 1846 3935 justilicationem
1890 3865 2031 3918 vitaz.

467 3961 782 4017 Sicutenim
832 3976 926 4030 per
966 3960 1394 4012 inobedientiant
1449 3959 1609 4012 unius
1648 3959 1881 4012 hominis
1913 3972 2034 4025 pec-

467 4064 686 4108 catores
715 4051 998 4106 constituti
1034 4060 1160 4102 sunt
1196 4051 1384 4115 multi;
1416 4050 1486 4102 ita
1514 4059 1567 4103 et
1596 4064 1691 4117 per
1717 4049 1876 4101 unius
1905 4048 2029 4101 ohe-

466 4144 746 4205 ditionem,
772 4142 901 4211 justi
933 4140 1356 4211 iconstituenlur
1400 4140 1550 4192 multi
1588 4141 1656 4191 '9.
1694 4156 1712 4189 ι
1751 4138 1883 4191 Cum
1936 4138 2033 4191 ltu-

470 4250 628 4289 tnana
658 4244 849 4289 natura
888 4234 957 4287 ob
999 4231 1320 4301 protoplasti
1375 4230 1798 4284 inohedientiatn
1866 4229 2033 4284 male-

468 4329 614 4382 dicto
652 4329 955 4393 mortisque
988 4324 1271 4379 sententiae
1296 4324 1556 4378 obstricta
1583 4323 1836 4387 haereret,
1873 4336 2034 4388 opor-

468 4419 573 4472 luit
600 4422 667 4472 ad
697 4417 977 4485 antiquum
1031 4424 1230 4468 statum
1294 4413 1438 4465 illam
1486 4412 1663 4466 denuo
1709 4412 1893 4465 reduci
1940 4426 2034 4479 per

470 4509 798 4575 inculpatam
869 4506 1188 4559 obedientia:
1261 4504 1806 4560 demonstrationem.
1866 4501 2032 4570 Atqui

471 4599 616 4654 istud
656 4600 909 4653 humanae
957 4609 1163 4653 natura:
1222 4597 1513 4651 facultates
1574 4595 1756 4649 multis
1794 4595 2035 4663 partibus

469 4692 767 4745 excedebat
803 4704 818 4742 :
870 4704 1044 4758 neque
1081 4690 1223 4742 enim
1273 4687 1411 4741 ullus
1458 4702 1487 4739 a
1525 4696 1747 4754 peccato
1782 4686 2036 4739 immunis

474 4791 614 4837 erat.
651 4780 785 4834 Nam
826 4796 946 4835 cum
978 4796 1040 4834 ea
1073 4779 1237 4834 semel
1271 4780 1321 4833 in
1354 4794 1548 4833 noxam
1576 4792 1929 4846 erroremque
1958 4781 2035 4831 in-

2402 3547 2542 3618 Περί
2572 3545 2677 3616 τῆς
2702 3542 2977 3612 ὑπακοῆς
3004 3539 3107 3594 τοῦ
3134 3533 3408 3607 Χριστοῦ.

2209 3705 2226 3735 ι
2267 3685 2385 3754 'Ap’
2416 3677 2507 3734 οὖν
2532 3680 2607 3741 ὡς
2651 3678 2719 3730 δι’
2767 3676 2882 3738 ὲνὸς
2923 3671 3317 3743 ἁμαρτήματος
3363 3666 3443 3727 είς
3487 3663 3712 3754 πάντας

2132 3751 2475 3845 ἀνθρώπους,
2529 3772 2608 3833 είς
2647 3767 2997 3835 κατάκριμα·
3039 3762 3180 3813 οὕτω
3210 3758 3303 3811 καὶ
3332 3755 3399 3808 δι’
3449 3753 3570 3815 tvo;
3627 3751 3713 3803 δι-

2136 3866 2456 3936 καιώματος
2489 3865 2569 3925 είς
2620 3861 2826 3920 πάντας
2878 3852 3218 3924 ἀνθρώπους,
3254 3850 3330 3911 είς
3363 3845 3647 3913 δικαίωμα
3686 3852 3707 3879 ι

2134 3960 2298 4026 ζωῆς.
2346 3958 2554 4024 Ὥσπερ
2590 3953 2698 4020 γὰρ
2728 3949 2817 4002 διὰ
2846 3946 2944 4015 τῆς
2990 3942 3271 4014 παρακοῆς
3310 3936 3402 3990 τοῦ
3444 3936 3564 3997 ἐνὸς
3592 3936 3710 4026 ἑὰν-

2134 4023 2351 4122 θρῶπου
2386 4023 2698 4116 ἁμαρτωλοὶ
2737 4038 3148 4106 κατεστάθημεν
3194 4036 3242 4086 οἱ
3295 4029 3505 4122 πολλοὶ,
3555 4023 3711 4078 οὕτω

2134 4120 2227 4195 καὶ¹
2258 4139 2346 4193 διὰ
2375 4137 2473 4205 τῆς
2500 4134 2745 4203 ὑπακοῆς
2774 4132 2867 4184 τοῦ
2909 4129 3024 4189 ἐνὸς
3051 4124 3337 4194 ἀνθρώπου
3376 4120 3573 4172 δίκαιοι
3598 4134 3711 4169 κα-

2132 4232 2491 4300 ταστήσονται
2541 4238 2566 4265 ι
2600 4226 2649 4277 οί
2693 4222 2894 4276 πολλοί.
2930 4239 2947 4272 ι
2985 4218 3094 4286 Τῆς
3142 4214 3427 4285 ἀνθρώπου
3481 4210 3711 4279 φύσεως

2134 4324 2244 4393 ἀρᾷ
2274 4321 2367 4374 καὶ
2401 4319 2523 4390 δίκῃ
2545 4317 2775 4371 θανάτου
2806 4308 3337 4379 καταδεδικασμένης
3366 4306 3451 4359 διὰ
3482 4304 3581 4373 τὴν
3606 4301 3710 4354 τοῦ

2141 4411 2567 4483 πρωτοπλάστου
2592 4406 2899 4477 παρακοὴν,
2922 4403 3028 4455 ἔδει
3055 4400 3214 4455 πάλιν
3236 4395 3543 4466 ἁνασφῆλαι
3564 4394 3713 4464 πρὸς

2135 4504 2195 4557 τὸ
2228 4506 2286 4555 tv
2333 4503 2527 4572 ἀρχαῖς
2571 4497 2739 4568 αὐτὴν
2785 4495 3184 4565 ἀνεπίπληκτον
3216 4489 3406 4560 κομιδῇ
3454 4487 3555 4555 τῆς
3602 4487 3713 4536 ὑπο

2137 4593 2305 4663 ακοῆς
2336 4588 2666 4660 ποιουμένην
2696 4587 2792 4657 τὴν
2818 4585 3062 4650 ἔνδειξιν.
3094 4581 3231 4635 Ἀλλ’
3249 4580 3347 4651 ἥδη
3370 4576 3528 4629 τοῦτο
3563 4576 3712 4627 πολὺ

2138 4686 2233 4739 καὶ
2266 4684 2386 4735 λίαν
2435 4681 2693 4733 ἐπέκεινα
2722 4677 2831 4731 τῶν
2858 4678 2959 4747 τῆς
2995 4673 3411 4745 ἁνθρωπότητος
3443 4667 3668 4737 μέτρων
3696 4681 3711 4692 ·

2144 4774 2380 4846 καθαρὸς
2400 4774 2507 4842 γὰρ
2532 4771 2706 4833 οὐδεὶς
2730 4770 2835 4823 ἀπὸ
2861 4766 3165 4838 ἁμαρτιῶν.
3192 4761 3443 4817 Παθοῦσα
3473 4759 3529 4810 δὲ
3558 4758 3715 4822 ἅπαξ

468 4876 712 4937 cidisset,
756 4872 1132 4941 intestinisque
1160 4873 1564 4926 infirmitatibus
1609 4871 1745 4923 victa
1788 4877 2020 4938 prostra-

2139 4868 2200 4920 τὸ
2244 4863 2585 4935 πλημμελὲς,
2617 4862 2711 4913 καλ⁹
2756 4862 2874 4922 ταῖς
2909 4858 3119 4911 οἴκοθεν
3169 4852 3470 4910 ἀσθενείαις
3502 4865 3716 4919 κεκρα-

471 4976 633 5033 taque
661 4965 893 5034 jaceret,
947 4972 1000 5016 et
1040 4964 1180 5016 intra
1226 4964 1498 5031 pr0priatn
1534 4976 1749 5014 carnem
1784 4959 2034 5026 nequitia:

470 5058 711 5114 radicem
759 5058 1003 5121 haberet,
1046 5072 1109 5109 ac
1147 5054 1409 5109 infrenem
1447 5053 1652 5123 peccati
1689 5053 1855 5119 legem
1893 5050 2035 5102 intra

472 5165 567 5203 sua
602 5150 806 5202 viscera
855 5158 1113 5217 perpetuo
1166 5156 1425 5216 gestaret,
1486 5146 1754 5213 quomodo
1817 5156 2034 5195 omnem

471 5241 694 5296 omnino
735 5240 938 5309 lapsum
969 5237 1259 5293 evaderet?
1290 5257 1309 5288 ι
1356 5236 1489 5290 Nam
1522 5235 1793 5304 sapientia
1828 5234 2029 5295 Carnis,

478 5331 680 5399 inquit,
708 5334 929 5385 omnino
953 5329 1235 5383 inimicitia
1270 5337 1353 5381 est
1391 5328 1441 5380 in
1476 5326 1642 5380 Deum
1681 5343 1694 5381 :
1741 5324 1842 5392 legi
1886 5324 2031 5376 enim

545 5482 590 5551 ξ’
621 5481 828 5539 Coloss.
872 5496 932 5544 tt,
963 5482 1016 5536 9.
1093 5478 1135 5510 ’⁷
1168 5476 1333 5535 Zach.
1371 5491 1464 5542 xtt,
1507 5475 1555 5527 l.

1630 5473 1675 5503 ’⁸
1698 5472 1855 5529 ΡεαΙ.
1888 5488 2072 5538 uxvr,
2092 5471 2145 5525 7.

2142 4958 2371 5027 τημένη,
2408 4957 2502 5007 καὶ
2553 4958 2609 5007 tv
2655 4952 2761 5023 ἰδίᾳ
2796 4951 2961 5021 σαρκὶ
2998 4949 3096 5019 τὴν
3130 4948 3227 5015 τῆς
3257 4944 3586 5014 φαυλότητος
3621 4952 3717 4992 νο-

2146 5048 2313 5100 σοῦσα
2347 5048 2561 5114 γένεσιν
2603 5045 2651 5108 ι),
2686 5042 3036 5112 ἀγριαίνοντα
3080 5056 3140 5091 τε
3174 5038 3265 5089 τὸν
3306 5035 3401 5104 τῆς
3432 5032 3719 5102 ἁμαρτίας

2144 5135 2408 5187 ὠδίνουσα
2434 5134 2618 5203 νόμον,
2644 5133 2757 5195 πῶς
2790 5132 2853 5185 ἂν
2880 5129 3065 5199 διέδρα
3091 5124 3368 5187 παντελῶς
3390 5140 3404 5186 ;
3440 5140 3457 5173 ι
3499 5122 3573 5173 Τὸ
3600 5123 3721 5191 γὰρ

2142 5229 2399 5298 φρόνημα
2439 5228 2537 5296 τῆς
2571 5224 2769 5295 σαρκὸς
2820 5222 3100 5284 παντελῶς
3152 5218 3351 5289 ἔχθρα,
3389 5216 3576 5285 φησὶν,
3636 5216 3722 5276 εἰς

2141 5320 2274 5375 Θεόν
2299 5337 2311 5349 ·
2347 5319 2426 5389 τῷ
2453 5319 2561 5389 γὰρ
2585 5318 2734 5387 νόμῳ
2754 5315 2847 5368 τοῦ
2876 5316 3009 5370 Θεοῦ
3035 5314 3132 5385 οὐχ
3165 5310 3561 5365 ὑποτάσσεται·
3592 5306 3725 5361 οἰδὲ

2221 5472 2265 5501 ’θ
2309 5469 2465 5523 Rom.
2514 5484 2567 5533 v,
2610 5467 2697 5533 18,
2748 5467 2834 5521 l9.

1562 5628 1736 5682 Variae
1766 5628 2021 5681 lectiones
2051 5626 2251 5682 codicis
2274 5624 2631 5697 Seguieriani.

544 5805 570 5846 ῑ
605 5795 801 5865 παρέω
852 5802 869 5827 ί
899 5791 1199 5846 δικαίωσιν.
1278 5801 1301 5827 ⁸
1328 5783 1845 5855 κατασταθήσονται.

1925 5780 1951 5819 '0
1981 5779 2209 5834 σύνεσιν.
