4000 6326
358 307 497 365 1365

1170 310 1263 366 AD
1302 309 1607 368 REGINAS
1645 310 1734 367 DE
1772 306 2002 365 RECTA
2041 306 2199 362 FIDE
2237 305 2493 363 ORATIO
2533 304 2829 362 ALTERA.

3468 298 3607 355 I366

356 427 468 498 γὰρ
512 425 755 482 δύναται.
808 449 826 480 ι
871 430 1212 502 Εύμηχάνως
1275 432 1568 504 τοιγαροῦν
1597 434 1625 486 6
1667 431 1798 495 Θεὸς
1838 430 1934 484 καὶ

2040 428 2131 484 Dei
2157 445 2264 483 non
2295 437 2380 484 est
2414 429 2697 497 subjecta;
2733 441 2832 482 nec
2861 425 3007 480 enim
3048 431 3227 494 potest
3257 422 3325 476 ”.
3362 441 3382 473 ι
3418 422 3605 490 Itaque

359 518 555 589 Πατὴρ
582 520 1158 592 ἀνακεφαλαιούμενος
1185 522 1254 577 τὰ
1284 524 1463 578 πάντα
1491 526 1549 577 ὲν
1578 522 1655 594 τῷ
1682 521 1926 595 Χριστῷ.

359 612 451 664 καὶ
522 614 587 664 ἐκ
646 613 845 685 πολλῆς
904 614 1044 682 ἄγαν
1101 614 1439 685 ἡμερότητος
1499 617 1564 686 τῇ
1642 612 1928 686 ἀνθρώπου

357 705 884 775 πραγματευόμενος
920 703 1081 773 φύσει
1109 705 1210 773 τὴν
1255 706 1337 768 εἰς
1364 706 1503 777 ὅπερ
1538 702 1605 776 ἦν
1647 704 1927 769 ἐπάνοδον,

354 793 524 863 ἤγουν
570 794 924 865 ἀνακομιδὴν,
988 814 1007 846 ι
1043 794 1393 859 ἐξαπέστειλε
1435 797 1527 849 τὸν
1566 796 1694 849 Υίὸν
1727 793 1925 857 αὑτοῦ,

354 884 645 952 γενόμενον
678 885 740 936 ὲκ
778 884 1058 952 γυναικὸς.
1100 903 1118 936 ι
1153 884 1241 937 ἵνα
1274 884 1337 937 τὸ
1380 886 1564 954 ὅμοιον
1593 886 1723 955 ἡμῖν
1769 883 1928 954 σῶμα

353 971 554 1037 λαϐὼν,
604 974 699 1026 καὶ
733 974 864 1028 τδιον
898 974 1066 1029 αὐτοῦ
1113 974 1505 1045 ποιησάμενος,
1534 974 1610 1039 ὡς
1644 975 1929 1046 ἄνθρωπος

358 1063 452 1115 ἐπὶ
488 1064 589 1133 γῆς
620 1065 817 1136 εὑρεθῇ
850 1067 877 1118 6
933 1065 1007 1136 μὴ
1039 1064 1195 1129 εἰδὼς
1246 1066 1540 1137 ἁμαρτίαν,
1584 1066 1724 1120 οὕτω
1755 1084 1814 1119 τε
1849 1069 1927 1131 είς

353 1153 501 1207 ἅπαν
530 1155 799 1225 κατήκοος
828 1154 1068 1223 γεγονὼς
1088 1154 1165 1226 τῷ
1181 1155 1301 1226 Θεῷ
1322 1156 1415 1209 καὶ
1438 1156 1634 1228 Πατρὶ,
1658 1156 1924 1228 δικαιώσῃ

350 1241 450 1311 τὴν
484 1242 773 1312 ἀνθρώπου
815 1243 979 1312 φύσιν
1031 1246 1090 1300 ἐν
1124 1244 1323 1315 ἐαυτῷ,
1360 1246 1589 1300 καὶτῶν
1620 1247 1714 1300 τοῦ
1760 1247 1925 1301 θανά-

348 1350 444 1385 του
473 1334 694 1403 δεσμῶν
732 1334 1007 1404 ἐξέληται,
1040 1337 1261 1406 φύλλοις
1292 1349 1315 1377 ο
1343 1339 1765 1411 ἀναμαρτησίας
1805 1357 1926 1393 στε-

352 1424 690 1495 φανούμενος
723 1426 747 1465 ἀ
785 1426 936 1498 παρὰ
977 1429 1071 1482 τοῦ
1106 1430 1242 1483 Θεοῦ
1276 1432 1373 1485 καὶ
1413 1432 1646 1502 Πατρός.
1680 1431 1789 1485 Καὶ
1816 1431 1925 1501 γάρ

350 1517 468 1568 ἐστι
498 1515 608 1568 τῶν
656 1518 875 1571 ἀτόπων
897 1557 912 1581 ,
963 1518 1333 1591 κληρονόμους
1388 1520 1486 1591 μὲν
1521 1521 1667 1591 ἡμᾶς
1698 1519 1798 1589 τῆς
1832 1521 1922 1573 τοῦ

348 1607 564 1677 πρώτου
603 1608 858 1677 γενέσθαι
905 1611 1084 1682 δίκης,
1136 1612 1369 1676 ὲνιέντος
1396 1615 1464 1683 τῇ
1499 1611 1678 1684 φθορᾷ
1707 1612 1796 1667 διὰ
1824 1614 1923 1683 τῆς

350 1700 635 1769 παρακοῆς
654 1702 781 1770 ’τῆς
803 1702 859 1754 δὲ
889 1702 981 1755 τοῦ
1008 1703 1262 1775 δευτέρου
1284 1704 1631 1774 δικαιοσύνης
1656 1704 1730 1775 μὴ
1754 1722 1922 1775 μετα-

346 1792 554 1862 λαχεῖν,
600 1794 1025 1863 ἀνακομίζοντος
1075 1774 1336 1867 είςίζωὴν
1380 1796 1468 1850 διά
1510 1798 1609 1867 τῆς
1657 1774 1921 1860 είςᾶπαν
1954 1774 1993 1829 Β

348 1883 616 1952 ὑπακοῆς.
669 1886 838 1938 Ὀταν
868 1882 961 1940 οὖν
1000 1886 1132 1958 λέγῃ
1170 1888 1234 1940 τὸ
1276 1888 1515 1958 Γράμμα
1556 1888 1615 1940 τὸ
1642 1888 1810 1958 ἱερὸν,
1854 1889 1920 1941 δι’

350 1974 599 2045 ὑπακοῆς
632 1977 748 2040 ἐνὸς
786 1978 1170 2032 δεδικαιῶσθαι
1213 1980 1464 2045 πολλοὺς,
1507 1980 1607 2034 οὐκ
1636 1980 1921 2051 ἄνθρωπον

342 2065 529 2130 ἁπλῶς
575 2068 671 2120 ἕνα
706 2070 815 2123 τῶν
854 2070 975 2123 καθ’
1020 2074 1170 2142 ἡμᾶς
1204 2074 1283 2134 είς
1310 2072 1469 2125 τοῦτο
1500 2071 1921 2142 παραληφθῆναι

343 2175 549 2228 φαμεν,
592 2161 1059 2233 ἐνηνθρωπηκότα
1107 2164 1164 2216 δὲ
1216 2163 1419 2233 μᾶλλον
1463 2163 1555 2217 τὸν
1610 2164 1915 2233 Μονογενῆ,

343 2251 439 2303 καὶ
490 2252 730 2321 ὑπήκοον
762 2253 905 2324 ὑπὲρ
939 2254 1098 2325 ἡμῶν
1143 2254 1407 2323 γεγονότα
1445 2253 1523 2325 τῷ
1551 2254 1745 2325 Πατρί.
1784 2272 1802 2305 ι
1840 2254 1915 2306 Οὐ

341 2342 452 2414 γὰρ
487 2345 748 2415 ἐποίησεν
786 2347 1086 2416 ἁμαρτίαν,
1130 2348 1253 2400 οὐδὲ
1301 2346 1497 2420 εὑρέθη
1546 2347 1698 2411 δόλος
1749 2348 1807 2402 ἐν
1838 2345 1916 2417 τῷ

341 2433 568 2506 στόματι
602 2436 789 2503 αὐτοῦ,
835 2457 853 2490 ι
896 2437 1040 2493 καθὰ
1072 2439 1403 2511 γέγραπται.

407 2712 538 2767 Kl".
579 2730 597 2763 ι
653 2711 815 2781 Λέγω
863 2711 970 2783 γὰρ
1006 2712 1243 2782 Χριστὸν
1287 2712 1537 2767 διάκονον
1582 2714 1913 2785 γεγενῆσθαι

338 2805 640 2874 περιτομῆς
669 2804 811 2869 ὑπὲρ
837 2804 1096 2873 ἀληθείας
1113 2803 1270 2869 Θεοῦ,
1304 2804 1385 2868 είς
1410 2804 1471 2858 τὸ
1503 2804 1796 2874 βεϐαιῶσαι
1816 2807 1914 2871 τάς

337 2896 673 2964 ἐπαγγελίας
703 2896 810 2949 τῶν
853 2898 1139 2968 πατέρων·
1185 2899 1251 2952 τά
1297 2898 1355 2952 δὲ
1382 2899 1509 2970 ἔθνη
1564 2901 1703 2973 ὑπὲρ
1729 2902 1913 2963 ἐλέους

334 2986 558 3051 δοξάσαι
584 2984 677 3039 τὸν
708 2987 858 3039 Θεόν.
903 3007 919 3037 ι
965 2987 1231 3043 Ἰουδαίων
1278 2987 1416 3042 εἶναι
1443 2991 1542 3053 τὰς
1580 2992 1911 3059 ἐπαγγελίας

2037 521 2180 575 Deus
2233 520 2393 576 Pater
2445 522 2581 573 mira
2626 519 2855 588 quadam
2907 516 3229 571 dexteritate
3271 515 3451 571 omnia
3509 529 3605 584 per

2032 610 2308 664 Christum
2359 609 2788 670 instauraturus,
2843 608 3199 675 hurnanteque
3250 615 3454 658 natura:
3516 619 3605 658 re-

2033 716 2312 773 gressum,
2371 702 2476 756 hoc
2526 710 2608 754 est
2654 698 3169 768 redintegrationem
3222 697 3289 750 ad
3349 697 3401 751 id
3458 697 3598 765 quod

2032 791 2325 862 aliquando
2370 792 2581 855 fuerat,
2634 790 2873 844 maxima
2907 788 3237 859 benignitate
3271 787 3598 841 conciliatu-

2031 898 2147 948 rus,
2182 901 2202 934 ι
2242 883 2389 936 misit
2420 882 2612 935 Filium
2646 897 2800 936 suum
2845 879 3044 933 factum
3084 893 3147 932 ex
3182 877 3406 931 muliere
3438 876 3520 940 8‘;
3576 896 3594 926 ι

2029 988 2137 1042 quo
2183 972 2441 1026 nimirum
2499 988 2694 1043 corpus
2742 980 2928 1025 noslro
2981 969 3179 1034 simile,
3225 970 3439 1037 sibique
3479 982 3601 1035 pro-

2028 1064 2205 1135 prium
2240 1064 2439 1119 factum
2487 1080 2793 1127 assumens,
2849 1074 3101 1131 tanquam
3153 1063 3316 1117 homo
3348 1064 3400 1116 in
3442 1062 3603 1115 terris

2030 1165 2315 1226 appareret
2362 1157 2454 1227 qui
2508 1166 2592 1211 est
2637 1157 2816 1212 omnis
2873 1156 3078 1226 peccati
3137 1157 3398 1227 ignarus;
3439 1166 3602 1223 atque

2031 1248 2101 1302 ita
2139 1250 2247 1303 Deo
2274 1248 2421 1303 Patri
2467 1264 2563 1319 per
2601 1249 2781 1303 omnia
2826 1249 3137 1309 obsecutus,
3172 1248 3466 1301 humanam
3498 1262 3597 1298 na-

2032 1349 2205 1393 turam
2231 1341 2282 1393 in
2324 1340 2616 1408 semetipso
2651 1340 2998 1409 justiﬁcarel,
3038 1340 3338 1408 mortisque
3369 1337 3600 1391 vinculis

2028 1431 2313 1495 eximeret,
2344 1430 2508 1503 146
2540 1432 2859 1485 innocentia:
2890 1432 3023 1484 stola
3049 1448 3076 1483 a
3116 1430 3222 1485 Deo
3256 1430 3415 1485 Patre
3447 1444 3600 1484 coro-

2028 1524 2284 1577 nandam.
2336 1523 2549 1577 Etenim
2588 1523 2978 1593 perabsurdum
3022 1524 3205 1588 fuerit,
3263 1538 3359 1590 per
3414 1521 3602 1576 iuohe-

2028 1614 2286 1668 dieutiam
2338 1616 2540 1685 prioris
2581 1615 2711 1670 Δάαι
2745 1616 2812 1669 ad
2844 1625 3074 1670 mortem
3100 1626 3154 1670 et
3188 1615 3597 1684 corruptionem

2026 1704 2435 1772 praecipitantis,
2473 1704 2840 1759 damnationis
2872 1706 3114 1760 ltreredes
3145 1705 3470 1760 constitutos
3497 1719 3597 1760 nos

2024 1810 2186 1861 esse;
2232 1793 2455 1860 iustitiae
2490 1810 2621 1849 vero
2661 1796 2978 1864 posterioris
3025 1809 3121 1866 per
3160 1803 3596 1851 consummatam

2025 1886 2167 1940 illam
2222 1888 2585 1941 obedientiam
2638 1888 2691 1942 in
2742 1889 2907 1942 vitam
2966 1888 3295 1953 reducentis,
3329 1896 3597 1951 ,exsortes

2022 1994 2122 2033 nos
2154 1994 2394 2033 manere.
2451 1980 2587 2034 Cum
2638 1981 2819 2050 itaque
2862 1980 3044 2034 divina
3079 1980 3360 2049 Scriptura
3394 1978 3597 2032 multos

2020 2085 2117 2139 per
2167 2071 2326 2125 unius
2385 2072 2749 2127 obeditionem
2810 2072 3137 2138 justilicatos
3202 2071 3419 2132 asserit,
3484 2084 3589 2123 non

2020 2161 2317 2230 simplicem
2347 2160 2602 2231 aliquem,
2626 2174 2931 2231 nostraeque
2957 2160 3284 2216 conditionis
3316 2160 3588 2213 hominem

2020 2253 2217 2307 adhoc
2244 2262 2580 2322 assumptum
2627 2253 2869 2324 cogitare
2912 2253 3170 2307 debemus
3201 2269 3215 2319 ;
3246 2252 3338 2305 sed
3379 2253 3585 2320 ipsum-

2018 2354 2129 2399 met
2161 2344 2508 2416 Uuigenitum
2540 2345 2813 2400 hominem
2846 2343 3070 2407 factum,
3103 2346 3190 2412 qui
3227 2343 3585 2398 obedientiam

2016 2439 2160 2493 Patri
2210 2454 2308 2508 pro
2353 2437 2605 2491 omnibus
2649 2438 2918 2507 praestitit.
2957 2437 3004 2491 Is
3032 2438 3175 2490 enin:
3201 2445 3306 2499 cst,
3346 2434 3461 2503 qui,
3507 2446 3588 2488 at-

2017 2540 2251 2585 testaute
2300 2529 2602 2600 Scriptura,
2673 2547 2690 2579 ι
2741 2539 3020 2597 peceatum
3074 2545 3179 2581 uou
3228 2526 3377 2588 fecit,
3413 2540 3586 2593 neque

2013 2622 2169 2677 dolus
2194 2623 2445 2677 inventus
2472 2633 2555 2676 est
2584 2622 2635 2674 iu
2666 2636 2760 2674 ore
2790 2621 2906 2687 ejus
2930 2621 2996 2673 ³¹.
3028 2640 3045 2671 ι

2085 2713 2273 2768 XXIII.
2313 2731 2331 2764 ι
2375 2712 2503 2766 Dico
2533 2713 2675 2767 enim
2710 2712 2989 2767 Christum
3040 2710 3224 2765 Jesum
3276 2712 3583 2768 ministrum

2012 2803 2182 2859 fuisse
2236 2804 2666 2859 circnmcisiouis
2718 2814 2937 2872 propter
2991 2806 3272 2859 veritatem
3334 2806 3443 2868 Dei,
3507 2808 3574 2860 ad

2012 2896 2414 2950 conﬁrmaudas
2466 2896 2855 2964 promissiones
2888 2908 3097 2964 patrum
3142 2914 3157 2951 :
3190 2908 3378 2967 gentes
3403 2907 3581 2953 autem

2010 3000 2171 3055 super
2196 2986 2567 3039 misericordia
2603 2985 2872 3038 honorare
2901 2986 3065 3038 Deum
3104 2987 3167 3041 ³³.
3212 3005 3229 3037 ι
3260 2988 3583 3041 Promissio-

333 3077 433 3141 τὰς
464 3082 576 3141 τοῖς
602 3080 842 3150 πατράσι
864 3080 1068 3151 δεδωρη
1080 3081 1245 3151 μένας
1267 3084 1295 3134 6
1327 3084 1611 3148 Θεσπέσιος
1639 3084 1741 3154 ἔφη
1764 3084 1904 3137 Παῦ-

2018 3092 2105 3129 nes
2144 3076 2388 3145 patribus
2440 3075 2607 3129 factas
2654 3076 2719 3128 ad
2770 3074 2982 3131 Judzeos
3025 3077 3297 3146 pertinere
3330 3080 3585 3146 prtetlicat

334 3164 450 3229 λος.
488 3169 1072 3240 Προανεκεκράγεισαν
1109 3171 1167 3225 δὲ
1198 3174 1291 3226 καὶ
1324 3175 1371 3225 οί
1400 3176 1655 3244 μακάριοι
1695 3175 1907 3244 προφῆ-

334 3273 427 3311 ται
452 3258 581 3328 περὶ
611 3260 872 3330 Χριστοῦ,
904 3262 985 3314 ὅτι
1009 3261 1168 3325 αὐτὸς
1203 3262 1355 3316 ἐσται
1384 3265 1681 3333 προσδοκία
1717 3265 1903 3319 ἐθνῶν.

337 3348 548 3401 Ούκυῦν
599 3350 627 3401 6
681 3350 887 3419 Κύριος
936 3353 1095 3422 ήμῶν
1146 3354 1354 3423 Ἰησοῦς
1400 3356 1631 3425 Χριστὸς
1668 3358 1774 3420 τοῖς
1812 3355 1907 3408 τοῦ

335 3440 552 3512 Πατρὸς
583 3440 815 3510 νεύμασι
851 3443 1134 3509 συναινῶν,
1160 3445 1351 3511 γέγονε
1384 3447 1482 3515 μὲν
1508 3449 1572 3516 τῇ
1614 3449 1905 3517 περιτομῇ,

332 3534 581 3586 τουτέστι
608 3537 718 3597 τοῖς
744 3534 1040 3600 Ἰουδαίοις,
1073 3536 1340 3600 διάκονος,
1374 3539 1454 3600 εἰς
1487 3537 1775 3607 βεϐαίωσιν
1800 3539 1908 3592 τῶν

333 3623 393 3675 ἐν
424 3625 536 3687 τοῖς
577 3625 855 3696 Πατράσιν
893 3627 1353 3697 ἐπηγγελμένων
1409 3629 1595 3699 εἴρητο
1636 3629 1775 3701 γὰρ,
1826 3630 1907 3683 ὅτι

339 3732 360 3765 α
411 3715 468 3767 '0
499 3715 709 3778 δίκαιος
744 3719 808 3769 ἐκ
842 3718 1078 3781 πίστεως
1116 3720 1371 3791 ζήσεται·
1423 3740 1441 3771 ι
1485 3723 1596 3784 τοῖς
1622 3737 1683 3788 γε
1713 3722 1820 3791 μὴν
1848 3721 1907 3785 ἐξ

333 3807 505 3859 ἐθνῶν
537 3808 760 3876 εὐλογία
809 3813 1153 3881 πνευματικὴ
1188 3813 1282 3865 καὶ
1314 3812 1594 3876 ζωοποιὸς,
1629 3813 1767 3867 ὥστε
1811 3812 1906 3867 καὶ

334 3899 536 3961 αὐτοὺς
590 3901 925 3971 ἡλεημένους
970 3904 1059 3957 διὰ
1104 3904 1204 3973 τῆς
1258 3905 1513 3969 πίστεως,
1557 3905 1907 3974 δοξολογῆσαι

331 3988 488 4041 Θεόν.
552 3992 686 4045 Ἀλλ’
742 3995 791 4046 εί
852 3997 947 4048 καὶ¹
994 3996 1187 4065 γέγονε
1225 3997 1471 4060 διάκονος
1524 3998 1901 4069 ἀνθρωπίνως,

333 4079 446 4131 ἀλλ’
472 4077 567 4133 οὖν
603 4082 678 4145 ὼς
710 4084 845 4148 Θεὸς
877 4087 1209 4157 κηρύττεται
1244 4090 1362 4151 τοῖς
1393 4105 1451 4141 τε
1491 4090 1555 4141 ὲκ
1583 4089 1902 4159 περιτομῆς,

333 4170 429 4221 καὶ
461 4171 644 4239 μέντοι
673 4177 785 4237 τοῖς
817 4174 877 4240 ἐξ
914 4176 1113 4229 ἐθνῶν·
1159 4177 1455 4248 κέκληνται
1485 4177 1594 4249 γὰρ
1623 4181 1702 4241 εἰς
1732 4178 1900 4247 ζωὴν,

332 4260 431 4330 οὐχ
456 4260 531 4324 ὡς
558 4264 637 4325 είς
657 4263 755 4317 ἕνα
782 4265 889 4317 τῶν
915 4266 1039 4320 καθ’
1066 4269 1212 4339 ἡμᾶς
1236 4267 1524 4339 ἄνθρωπον
1556 4268 1761 4331 ἁπλῶς.
1787 4268 1902 4320 ἀλλ’

329 4350 407 4413 ὡς
436 4353 515 4415 είς
544 4352 676 4407 Θεὸν
711 4355 1104 4421 πιστεύσαντες
1132 4361 1213 4422 εἰς
1248 4361 1481 4430 Χριστόν
1503 4377 1516 4390 ·
1551 4360 1646 4413 καὶ
1673 4360 1773 4411 οὐκ
1799 4358 1903 4423 ἔξω

2016 3166 2233 3220 divinus
2286 3165 2503 3220 Paulus.
2553 3167 2619 3219 At
2669 3170 2944 3237 prophetae
3000 3168 3274 3223 Christum
3339 3172 3581 3237 gentium

2014 3258 2472 3324 exspectationem
2502 3258 2637 3322 fore,
2666 3257 2778 3327 jam
2808 3257 3007 3311 dudum
3039 3268 3164 3312 aute
3187 3259 3576 3325 praedixerant.

2013 3350 2199 3418 Itaque
2228 3350 2485 3404 Dominus
2517 3359 2702 3404 noster
2735 3348 2895 3404 Jesus
2922 3349 3173 3405 Christus
3202 3351 3383 3405 Patris
3426 3352 3581 3405 nutui

2010 3457 2131 3497 sese
2153 3440 2518 3506 conformaus,
2544 3440 2998 3506 circumcisiouis,
3019 3442 3119 3495 hoc
3146 3448 3247 3508 est,
3275 3440 3580 3495 Judzeorum

2010 3529 2258 3583 minister
2291 3530 2464 3583 factus
2493 3540 2596 3593 est,
2628 3530 2694 3583 ad
2723 3529 3138 3598 promissionum
3173 3545 3291 3599 qua:
3340 3531 3589 3599 patribus

2008 3621 2163 3676 facta:
2201 3621 2416 3676 fuerant
2448 3622 2973 3677 corroborationem.
3012 3621 3230 3676 Dictum
3288 3625 3431 3676 cnim
3467 3623 3580 3676 fuc-

2012 3724 2132 3768 rat:
2180 3732 2198 3765 ι
2236 3713 2426 3769 Justus
2476 3729 2543 3768 ex
2586 3713 2688 3769 ﬁde
2724 3715 2870 3769 vivet
2894 3715 2939 3748 “
2974 3731 2988 3768 :
3025 3732 3045 3766 ι
3094 3716 3346 3785 gentibus
3398 3729 3578 3769 autem

2008 3806 2221 3859 viviﬁca
2268 3816 2321 3861 et
2352 3805 2615 3876 spiritalis
2647 3806 2976 3873 benedictio,
3007 3816 3066 3861 ut
3094 3819 3148 3861 et
3186 3808 3318 3876 ipsa:
3364 3824 3595 3879 quoque

2007 3913 2104 3967 per
2162 3898 2319 3952 ﬁdem
2371 3908 2600 3961 vocataa,
2657 3914 2721 3953 ac
2771 3899 3203 3954 misericordiam
3254 3912 3591 3965 consecutae,

2010 3989 2175 4042 Deum
2212 3988 2536 4058 gloriﬁcent.
2578 3986 3064 4043 Verumenimvero
3108 3989 3235 4044 licet
3280 3993 3580 4045 secundum

2008 4079 2299 4133 humanam
2351 4090 2602 4133 naturam
2655 4079 2830 4133 factus
2888 4081 2959 4134 sit
3016 4080 3284 4146 minister,
3341 4092 3579 4135 attamen

2010 4182 2117 4224 tam
2160 4172 2224 4224 iis
2257 4171 2347 4240 qui
2382 4187 2447 4225 ex
2499 4171 2920 4226 circumcisione
2965 4181 3108 4237 sunt,
3162 4188 3323 4241 quam
3370 4175 3584 4227 caateris

2006 4277 2219 4331 quoque
2281 4262 2371 4331 qui
2449 4278 2516 4316 ex
2571 4266 2838 4331 gentibus,
2884 4264 3255 4318 annuntiatur
3302 4274 3359 4318 ut
3415 4265 3576 4319 Deus.

2011 4354 2233 4422 Utrique
2262 4354 2404 4407 enim
2440 4355 2491 4407 in
2541 4354 2815 4408 Christum
2850 4371 2956 4409 non
2987 4366 3239 4426 tanquam
3266 4357 3321 4410 in
3358 4373 3579 4425 purum,

332 4441 555 4509 σαρκὸς,
575 4442 741 4511 ἤγουν
767 4444 1205 4517 ἀνθρωπότητος,
1221 4448 1312 4500 τὸν
1332 4450 1396 4500 ἐκ
1420 4447 1555 4500 Θεοῦ
1580 4448 1749 4515 Λόγον
1771 4450 1901 4517 ὁμο·

2018 4456 2316 4513 ηοειηιξιιυο
2349 4447 2512 4499 sortis
2541 4447 2837 4512 hominem,
2873 4447 2967 4501 sed
3002 4457 3256 4517 tauquam
3309 4449 3361 4501 iu
3411 4449 3577 4503 Deum

330 4530 611 4600 λΟγΟὖντες
646 4533 934 4605 ὑπάρχειν,
970 4540 1390 4609 σεσαρκωμένον
1412 4538 1468 4592 δὲ
1501 4538 1595 4593 καὶ
1631 4537 1903 4610 ὲνανθρω-

327 4624 577 4697 πήσαντα
602 4628 1031 4697 προσκυνοῦντες
1057 4630 1241 4685 αὐτόν.

400 4891 528 4948 ΚΔ⁹.
566 4913 587 4945 ι
624 4894 697 4947 Τὸ
724 4896 833 4966 γάρ
868 4912 949 4948 τοι
977 4894 1128 4967 ῥῆμα
1152 4894 1251 4965 τῆς
1278 4895 1533 4960 πίστεως,
1559 4894 1588 4948 ὂ
1629 4895 1899 4966 κηρύσσο-

334 5003 455 5057 μεν,
497 4986 772 5057 διατρανοῖ
803 4988 973 5056 λέγων
1011 4991 1040 5040 6
1071 4987 1338 5057 μακάριος
1379 4988 1610 5054 Παῦλος,
1643 4989 1767 5042 Ὀτι
1802 4989 1897 5042 ἐὰν

334 5081 494 5150 εῐπῃς
532 5083 589 5133 ὲν
621 5081 698 5150 τῷ
733 5082 960 5151 στόματί
1008 5099 1123 5145 σου,
1158 5080 1362 5150 Κύριος
1412 5080 1640 5151 Ἰησοῦς,
1685 5083 1778 5135 καὶ
1807 5100 1898 5134 πι-

337 5172 565 5243 στεύσῃς
603 5174 660 5225 ὲν
690 5175 757 5243 τῇ
797 5173 995 5245 καρδίᾳ
1019 5190 1135 5238 σου,
1165 5174 1247 5225 ὅτι
1269 5176 1297 5226 6
1324 5174 1453 5235 Θεὸς
1484 5172 1645 5226 αὑτὸν
1678 5173 1898 5244 ἤγειρεν

332 5265 398 5316 ἐκ
423 5265 653 5335 νεκρῶν,
679 5265 919 5338 σωθήσῃ.
957 5284 975 5317 ι
1009 5262 1142 5319 Εἶτα
1166 5266 1283 5328 πῶς
1311 5264 1375 5318 ἂν
1400 5266 1465 5318 ὲκ
1493 5265 1704 5337 νεκρῶν
1736 5268 1896 5333 ἐγερ-

402 5401 447 5433 ³⁰
486 5400 643 5457 Rom.
680 5419 801 5469 vm,
825 5404 878 5458 7.
989 5404 1028 5435 ³⁸
1062 5403 1235 5459 Calat.
1266 5417 1343 5469 tv,
1380 5402 1437 5458 4.

330 5488 386 5535 x,
416 5472 470 5537 7,
513 5478 566 5526 8.

1545 5401 1632 5457 ³³1
1664 5401 1812 5458 Petr.
1839 5416 1899 5468 ιι,
1928 5399 2019 5456 22.
2097 5399 2146 5432 ³³
2172 5398 2329 5455 Rom.
2370 5416 2461 5467 xv,
2517 5403 2571 5469 8,
2604 5405 2657 5460 9.

2008 4539 2328 4602 credentes;
2379 4551 2551 4606 neque
2597 4537 2691 4591 Dei
2733 4538 2966 4593 Verbum
3002 4549 3155 4593 extra
3179 4555 3422 4605 carnem,
3475 4542 3579 4595 hoc

2007 4637 2091 4681 est
2148 4629 2440 4681 humanam
2489 4637 2761 4694 naturam,
2813 4629 3048 4698 positum
3101 4632 3452 4700 proﬁtentes,
3483 4636 3579 4687 sed

2010 4719 2367 4782 incarnatum,
2426 4734 2662 4789 veretyte
2716 4721 2988 4775 hominem
3032 4720 3235 4776 factum
3263 4725 3579 4789 adorantes,

2006 4810 2180 4864 vocati
2221 4806 2348 4865 sunt
2375 4812 2442 4865 ad
2468 4812 2653 4865 vitam.

2075 4900 2264 4956 XXIV.
2305 4920 2323 4952 ι
2363 4900 2593 4956 Verbum
2628 4913 2806 4957 autem
2858 4902 2979 4959 ﬁdei
3033 4906 3173 4974 quod
3219 4908 3581 4974 pra-dicamus

2007 4992 2309 5064 (inquiebat
2334 4993 2665 5063 Apostolus),
2704 4997 2804 5048 hoc
2841 5006 2922 5050 est
2954 5014 2965 5049 :
3011 4996 3145 5063 Quia
3182 4999 3223 5051 si
3266 5000 3579 5055 conﬁtearis

2005 5084 2169 5137 inore
2190 5092 2280 5135 tuo
2304 5084 2585 5138 Dominum
2603 5088 2808 5149 Jesum,
2832 5087 2955 5140 etin
2982 5090 3143 5141 corde
3164 5100 3255 5141 tuo
3279 5090 3574 5144 credideris

2002 5174 2143 5241 quod
2163 5173 2303 5228 Deus
2330 5174 2472 5227 illum
2504 5177 2828 5230 suscitavita
2846 5180 3093 5241 mortuis,
3119 5180 3298 5234 salvus
3327 5181 3435 5234 eris
3455 5181 3521 5233 ³⁸.
3549 5201 3567 5233 ι

1997 5262 2115 5319 Iam
2155 5278 2278 5319 cum
2318 5263 2459 5320 Deus
2493 5277 2679 5337 suapte
2708 5278 2896 5321 natura
2921 5270 2990 5323 sit
3029 5270 3367 5336 inmortalis,
3427 5271 3573 5326 siin-

2773 5405 2819 5437 "
2848 5405 3011 5461 llcbr.
3059 5424 3111 5470 κ,
3166 5408 3255 5464 58.
3334 5410 3380 5443 ³⁵
3411 5409 3573 5473 Rom.

1423 5587 1596 5644 Variae
1623 5586 1881 5645 lectiones
1904 5584 2111 5644 codicis
2136 5586 2491 5660 Seguieriani.

334 5726 357 5754 ε
389 5712 588 5782 ἄθλοις,
622 5716 654 5786 ἣ
687 5715 918 5783 στολαῖς.
993 5718 1016 5759 ἀ
1044 5719 1483 5794 στεφανουμένην
