4000 6326
456 313 480 367 1
492 311 595 367 367

1472 313 1528 367 S.
1555 313 1828 368 CYlilLIJ
1866 310 2330 367 ALEXANDRINI
2372 314 2691 372 AliClllEP.

3574 316 3725 373 1368

452 430 786 483 earnationis
804 429 1108 483 doctrinam
1134 445 1237 483 ttou
1256 431 1610 496 admittimus,
1644 431 1799 503 147
1815 445 2022 497 corpus

2139 428 2296 497 θῆναι
2349 430 2583 498 λέγοιτο,
2632 430 2809 484 καίτοι
2856 431 2953 500 τὴν
3000 432 3161 501 φύσιν
3205 432 3471 495 ἀθάνατος
3516 432 3597 487 ὢν
3639 434 3726 496 ὡς

452 536 557 587 que
574 521 713 589 quod
746 519 878 574 mori
918 528 1118 587 posset,
1146 521 1245 573 sibi
1276 522 1551 588 proprium
1588 522 1783 575 fecisse
1822 521 2030 574 inﬁcia-

452 628 592 676 mur,
619 611 890 681 quomodo
922 626 985 664 ex
1022 612 1250 665 mortuis
1290 612 1650 667 resurrexisse
1677 623 1824 667 recte
1847 614 2030 669 dicere

452 709 775 777 poterimus?
794 706 848 759 In
872 709 1107 763 humano
1129 710 1309 776 itaque
1329 724 1558 776 corpore
1571 709 1711 777 quod
1728 724 2032 778 assumpse-

454 809 796 865 rat,mortem
823 802 1102 854 sustinuit:
1122 801 1300 853 divina
1325 811 1504 856 autem
1528 803 1749 867 virtute,
1774 812 2026 872 tanquam

451 895 562 947 vita
592 903 645 945 ct
678 893 1012 962 incorruptio
1031 894 1321 959 exsistens,
1354 908 1417 948 ex
1444 895 1673 949 mortuis
1707 900 2025 950 resurrexit.

526 984 685 1038 XXV.
731 1005 749 1037 ι
790 985 921 1039 Nam
954 1002 1103 1038 arma
1142 986 1347 1041 militia:
1387 996 1585 1041 nostra:
1627 1005 1733 1043 non
1783 990 2025 1043 carnalia

450 1088 597 1141 sunt,
624 1078 715 1130 sed
749 1079 985 1145 potentia
1040 1079 1175 1141 Deo,
1205 1080 1272 1131 ad
1315 1080 1742 1135 destructionem
1768 1082 2028 1136 munitio-

450 1183 600 1229 num,
647 1168 873 1227 consilia
922 1181 1256 1233 evertentes,
1308 1179 1361 1223 et
1414 1186 1629 1225 omnem
1683 1172 2025 1226 altitudinem

449 1259 796 1314 extollentem
839 1276 897 1314 se
930 1264 1195 1315 adversus
1219 1264 1582 1329 cognitionem
1616 1265 1741 1329 Dei;
1767 1275 1821 1319 et
1853 1266 2026 1333 capti-

446 1362 638 1405 vantes
687 1366 901 1405 omnem
958 1352 1290 1408 intellectum
1340 1354 1392 1408 in
1446 1356 1810 1411 obedientium
1861 1357 2025 1413 Chri-

449 1443 518 1495 sti
549 1440 611 1495 ³⁸.
657 1460 675 1493 ι
713 1440 917 1495 Bellum
947 1445 1088 1512 quod
1135 1446 1310 1498 sancti
1360 1459 1575 1514 gerunt,
1626 1463 1732 1501 non
1763 1460 1844 1503 est
1875 1465 2026 1503 cras-

448 1550 568 1590 sum
615 1546 708 1589 aut
762 1538 1045 1604 corporale
1078 1580 1093 1605 ,
1140 1540 1233 1593 sed
1279 1540 1478 1595 subtile
1531 1550 1585 1596 et
1640 1542 1902 1611 spiritale.
1946 1541 2023 1595 llli

448 1629 591 1682 enim
639 1631 1010 1685 commendari
1073 1632 1249 1686 solent
1300 1648 1364 1687 ac
1418 1634 1703 1701 celebrari,
1741 1652 1845 1690 non
1897 1638 2024 1704 quia

447 1720 746 1788 corporalia
776 1722 990 1775 vibrent
1022 1738 1193 1785 arma,
1226 1734 1319 1779 aut
1351 1724 1662 1779 lancearum
1686 1729 2022 1797 cuspidibus,

450 1810 532 1865 vel
593 1811 820 1865 telorum
877 1813 1117 1882 jactibus
1173 1824 1299 1882 apte
1366 1825 1637 1871 utantur:
1694 1821 1787 1873 sed
1847 1820 2025 1887 potius

447 1902 572 1969 quia
607 1904 851 1958 veritatis
913 1904 1079 1958 armis
1132 1906 1401 1973 instructi,
1437 1908 1760 1975 spiritaliter
1792 1910 2024 1980 intrepi-

449 1995 622 2063 deque
652 1995 717 2048 iis
752 2010 871 2050 sese
900 1998 1181 2065 obiiciant,
1225 1998 1315 2068 qui
1367 1999 1674 2054 divinorum
1711 2002 2020 2072 dogmatum

450 2087 834 2141 rectitudinem
864 2089 1194 2154 adulterare,
1237 2107 1299 2146 ac
1330 2094 1622 2147 temerario
1658 2109 1791 2148 ausu
1827 2097 1892 2150 ad
1926 2112 2019 2150 sua

448 2177 643 2246 placita
676 2190 989 2247 pervertere
1023 2183 1263 2238 student.
1296 2183 1412 2237 Non
1435 2184 1599 2255 igitur
1625 2187 1863 2241 carnalia
1898 2198 2022 2242 sunt

448 2280 761 2324 sanctorum
810 2288 995 2339 arma,
1048 2275 1141 2328 sed
1185 2274 1238 2327 in
1288 2276 1397 2331 Deo
1451 2285 1505 2331 et
1548 2293 1645 2345 pro
1678 2278 1788 2333 Deo
1823 2280 2020 2334 valida.

449 2362 826 2417 Demoliuntur
873 2366 1015 2418 enim
1075 2366 1350 2420 hominum
1401 2380 1731 2434 commenta,
1787 2387 1908 2440 qua:
1966 2374 2023 2427 in

450 2455 741 2507 absurdum
768 2456 1002 2525 aliquem
1034 2474 1252 2511 sensum
1288 2460 1651 2527 abstrahunt;
1701 2479 1874 2533 neque
1919 2465 2023 2518 nti-

448 2548 566 2601 uori
601 2548 779 2602 studio
817 2566 878 2601 ea
916 2563 946 2603 ο
973 2550 1151 2603 medio
1185 2550 1375 2604 tollere
1415 2553 1681 2616 nituntur,
1712 2570 1873 2622 quam
1903 2556 2021 2608 exi-

450 2640 607 2694 tiales
644 2641 901 2707 quosdam
935 2642 1218 2703 barbaros.
1246 2643 1337 2712 qui
1367 2646 1528 2713 regia:
1563 2646 1834 2715 majestati
1861 2662 2014 2715 aper-

448 2742 562 2787 tum
595 2732 790 2787 bellqu
826 2734 1092 2788 indicunt.
1134 2734 1286 2801 Quod
1318 2736 1360 2789 si
1401 2738 1672 2806 quiSpiam
1705 2753 1771 2792 ex
1807 2738 2021 2792 illorum

447 2842 632 2895 grege,
683 2828 775 2895 qui
815 2829 1154 2896 iniquitatem
1196 2840 1387 2883 eontra
1437 2832 1602 2884 Deum
1640 2831 1782 2900 loqui
1818 2834 2017 2897 solent,

446 2935 651 2975 cornua
697 2921 746 2973 in
798 2919 966 2973 altum
1019 2923 1301 2976 sustulerit
1330 2923 1395 2987 ³⁷,
1435 2939 1558 2976 eum
1594 2924 1683 2978 ille
1712 2925 1877 2978 veluti
1914 2942 2021 2978 caa-

446 3016 638 3068 dentes
663 3022 821 3066 rcctzc
850 3013 972 3067 lidei
1003 3015 1307 3079 sententiis,
1352 3023 1614 3069 retortum
1663 3017 1728 3071 ad
1773 3016 2023 3069 veritatis

447 3107 747 3161 doctrinam
781 3121 905 3161 mox
946 3107 1251 3159 traducunt.
1296 3105 1444 3175 Opus
1476 3107 1658 3176 itaque
1702 3118 2019 3161 sanctorum
2051 3132 2092 3190 ο

446 3197 715 3251 industria
751 3211 876 3249 vere
908 3197 1151 3265 dignum,
1188 3196 1403 3264 Deoque
1432 3211 1554 3248 cum
1589 3196 1780 3265 primis
1809 3206 2020 3265 gratum

446 3286 631 3346 fuerit.
674 3302 736 3339 ea
783 3285 850 3340 ad
889 3286 1308 3355 dispensationis
1354 3301 1476 3339 cum
1528 3301 1694 3340 carne
1740 3288 2010 3341 rationem

448 3380 770 3442 transferre,
818 3393 937 3446 quae
978 3392 1099 3429 cum
1145 3377 1345 3431 Christi
1382 3377 1550 3445 gloria
1581 3392 1687 3431 non
1726 3380 1859 3433 satis
1894 3396 2025 3433 cou-

445 3467 632 3521 venire
672 3466 944 3521 videntur.
992 3464 1127 3519 Nam
1172 3481 1293 3520 cum
1328 3465 1563 3521 Verbum
1602 3469 1741 3523 Deus
1772 3479 1939 3533 esset,
1969 3480 2020 3525 et

447 3559 498 3611 in
523 3568 745 3626 paterna
776 3557 945 3610 forma
1000 3566 1055 3611 et
1092 3557 1403 3623 aequalitate
1453 3559 1762 3623 exsisteret,
1784 3561 2018 3631 seipsum

446 3649 511 3701 ad
542 3648 967 3702 exinanitionem
999 3648 1232 3711 demisit,
1255 3660 1307 3702 et
1336 3650 1402 3702 ad
1436 3658 1661 3703 mortem
1693 3666 1864 3719 usque
1885 3652 2021 3708 obe-

445 3741 701 3796 dientiam
756 3741 1004 3810 prmstitit
1033 3741 1099 3794 ³⁸.
1128 3739 1355 3795 Omnem
1404 3742 1633 3809 proinde
1690 3743 2018 3796 contrarium

445 3833 775 3887 intellectum
830 3836 1113 3887 commode
1156 3842 1421 3897 evertere,
1461 3843 1516 3888 et
1551 3835 1703 3903 quasi
1751 3836 2020 3903 captivum

446 3928 498 3980 in
552 3926 752 3980 Christi
814 3926 1176 3980 obedientiam
1232 3927 1448 3981 trahere
1489 3938 1719 3995 oportet.
1770 3927 1920 3994 Quod
1977 3929 2022 3983 si

444 4017 647 4087 aliquid
703 4018 991 4070 humanam
1031 4017 1398 4071 inﬁrmitatem
1429 4020 1648 4089 sapiens
1679 4022 1743 4073 de
1775 4036 1840 4073 eo
1876 4022 2024 4075 dica-

447 4123 565 4173 tur,
616 4109 666 4161 id
706 4108 864 4161 Verbi
917 4121 1143 4172 naturm,
1191 4110 1233 4163 si
1263 4110 1533 4164 hominem
1586 4112 1754 4166 nostri
1790 4116 2019 4170 similem

444 4199 647 4251 factum
683 4199 989 4259 credamus,
1035 4199 1233 4251 nullam
1272 4199 1495 4253 omnino
1536 4212 1717 4255 notam
1746 4213 2017 4272 asperget.

444 4289 655 4344 Etenim
696 4290 817 4345 licet
856 4290 1142 4343 humanam
1192 4300 1440 4343 naturam
1469 4296 1845 4361 assumpscrit,
1871 4306 1925 4349 ct
1955 4298 2021 4350 ad

2131 520 2283 586 Θεὸς,
2322 523 2369 573 εί
2400 521 2476 592 μὴ
2510 522 2920 593 προεισδέξαιτό
2940 541 3023 587 τις
3051 527 3176 588 τοὺς
3208 526 3341 596 περὶ-
3359 524 3725 595 ἐνανθρωπή-

2132 630 2269 676 σεως
2308 613 2529 681 λόγους,
2564 614 2838 685 διατεθείη
2865 633 2946 682 τε,
2981 617 3063 670 ὅτι
3091 617 3153 669 τὸ
3186 616 3431 686 πεφυκὸς
3456 615 3718 686 ἀποθνή-

2132 724 2281 759 σκειν
2330 707 2459 760 ἴδιον
2503 708 2803 777 ἐποιήσατο
2835 709 3031 779 σῶμα;
3080 711 3188 764 Καὶ
3225 711 3485 780 ὑπέμεινε
3527 711 3631 778 μὲν
3659 713 3723 762 ἐν

2129 796 2276 867 αὐτῷ
2298 798 2388 849 τὸν
2416 798 2642 851 θάνατον
2663 800 3036 871 ἀνθρωπίνως,
3068 801 3269 856 ἀνεϐίω
3295 802 3353 855 δὲ
3382 801 3607 866 θεῖκῶς,
3636 802 3723 864 ὡς

2128 891 2405 961 ἀφθαρσία
2435 894 2529 945 καὶ
2557 892 2692 962 ζωή.

2202 984 2332 1037 KE'.
2374 1004 2391 1035 ι
2424 986 2503 1036 Τά
2545 986 2655 1054 γὰρ
2683 985 2824 1038 ὅπλα
2852 986 2949 1056 τῆς
2982 987 3269 1057 στρατείας
3296 984 3453 1056 ἡμῶν
3481 987 3544 1039 οὐ
3575 1004 3722 1058 σαρ-

2128 1074 2279 1135 κικὰ,
2312 1074 2448 1127 ἀλλὰ
2487 1076 2688 1129 δυνατὰ
2729 1076 2808 1147 τῷ
2833 1076 2952 1147 Θεῷ
2986 1078 3122 1148 πρὸς
3150 1078 3467 1148 καθαίρεσιν
3498 1078 3723 1149 ὀχυρωο

2131 1166 2342 1235 μάτων,
2390 1167 2689 1237 λογισμοὺς
2754 1168 3146 1240 καθαιροῦντα,
3198 1171 3293 1223 καὶ
3341 1171 3451 1223 πᾶν
3506 1169 3723 1239 ὕψωμα

2126 1260 2489 1330 ἐπαιρόμενον
2521 1260 2663 1313 κατά
2700 1262 2797 1331 τῆς
2822 1260 3078 1329 γνώσεως
3107 1261 3200 1314 τοῦ
3224 1261 3358 1313 Θεοῦ
3379 1302 3395 1326 ,
3416 1261 3512 1314 καὶ
3537 1263 3720 1331 αἰχμ-

2125 1351 2460 1416 αλωτίζοντα
2482 1356 2589 1406 πᾶν
2604 1353 2783 1423 νόημα
2816 1356 2897 1417 είς
2914 1354 3013 1425 τὴν
3030 1354 3273 1424 ὑπακοὴν
3290 1354 3382 1407 τοῦ
3402 1354 3675 1425 Χριστοῦ.
3694 1374 3713 1405 ι

2126 1442 2201 1494 Οὐ
2230 1444 2406 1511 παχὺς
2435 1444 2531 1496 καὶ
2564 1446 2899 1513 σωματικὸς,
2940 1445 3119 1514 ίσχνὸς
3143 1447 3198 1499 δέ
3233 1445 3431 1515 μᾶλλον
3467 1444 3566 1497 καὶ
3584 1461 3721 1513 νοη-

2124 1533 2216 1597 τὸς
2246 1533 2353 1586 τῶν
2394 1535 2562 1602 ἁγίων
2588 1538 2617 1588 ό
2662 1535 2920 1607 πόλεμος.
2958 1535 3198 1589 subeam
3232 1537 3339 1607 γὰρ
3373 1536 3716 1604 εὐδοκιμεῖν,

2125 1624 2223 1695 οὐχ
2252 1626 2391 1678 ὅπλα
2427 1626 2705 1691 κινοῦντες
2751 1629 3014 1698 σαρκικὰ,
3048 1630 3143 1681 καὶ
3173 1632 3293 1691 ταῖς
3325 1629 3435 1681 τῶν
3459 1627 3719 1698 δοράτων

2126 1717 2351 1785 ἀκμαῖς,
2386 1718 2553 1788 ἤγουν
2575 1722 2694 1782 ταῖς
2713 1720 2823 1773 τῶν
2852 1720 3021 1789 βελῶν
3044 1721 3370 1791 εὐστοχίαις,
3404 1718 3716 1792 χρώμενοι,

2128 1807 2264 1860 ἀλλὰ
2290 1811 2399 1872 τοῖς
2435 1809 2535 1878 τῆς
2564 1809 2824 1881 ἀληθείας
2853 1813 3040 1876 ὅπλοις
3082 1813 3500 1883 ὲνηρμοσμένοι,
3540 1828 3717 1864 πνευ·

2128 1900 2371 1969 ματικῶς
2404 1901 2861 1973 ἀντανιστάμενοί
2897 1921 2956 1956 τε
2996 1905 3090 1957 καὶ
3124 1905 3270 1974 μάλα
3299 1903 3569 1966 νεανικῶς
3596 1905 3719 1965 τοῖς

2122 1993 2367 2047 ἐθέλουσι
2396 2011 2616 2065 παραση
2627 1995 2841 2065 μαίνειν
2860 1997 3052 2067 αὐτὴν,
3079 1998 3171 2051 καὶ
3190 1997 3296 2049 τῶν
3326 1996 3487 2049 θείων
3505 1996 3721 2064 δογμὼ

2121 2103 2229 2139 των
2262 2087 2360 2157 τὴν
2396 2086 2662 2157 ὀρθότητα
2701 2089 3145 2159 παρατρέπουσιν
3183 2088 3275 2141 ἐπί
3327 2105 3392 2155 γε
3430 2086 3494 2139 τὸ
3524 2087 3721 2149 αὐτοῖς

2122 2179 2544 2249 ἀπερισκέπτως
2592 2179 2801 2236 δοκοῦν.
2855 2181 2929 2233 Οὐ
2969 2181 3078 2252 γὰρ
3123 2180 3364 2251 σαρκικὰ
3413 2177 3721 2248 τοιγαροῦν

2122 2271 2230 2323 τῶν
2261 2270 2432 2337 ἁγίων
2456 2271 2525 2324 τά
2555 2271 2715 2336 ὅπλα,
2742 2271 2943 2325 δυνατά
2968 2272 3025 2325 δὲ
3059 2272 3259 2342 μᾶλλον
3282 2271 3361 2342 τῷ
3382 2271 3524 2341 Θεῷ.
3554 2268 3720 2323 Καθ-

2125 2364 2340 2435 αιροῦσι
2390 2363 2498 2434 γὰρ
2553 2364 2851 2435 λογισμοὺς
2914 2367 3043 2428 τοὺς
3087 2366 3167 2428 είς
3232 2364 3502 2425 ἐκτύπους
3558 2364 3724 2432 ἡμᾶς

2125 2459 2332 2520 ἐννοίας
2363 2456 2820 2527 ἀποκομίζοντας.
2858 2458 2970 2511 Καὶ¹
2989 2452 3077 2511 οἷά
3097 2474 3252 2519 τινας
3280 2456 3387 2509 τῶν
3407 2454 3723 2525 ἀλιτηρίων

2128 2550 2442 2622 βαρϐάρων,
2474 2552 2540 2621 τῇ
2572 2549 2835 2619 βασιλέως
2867 2549 2994 2621 δόξῃ
3017 2550 3339 2619 φιλονεικεῖν
3373 2549 3723 2616 ἐγνωκότας,

2126 2645 2189 2695 ἐκ
2220 2644 2385 2711 μέσου
2435 2644 2660 2712 ποιῆσαι
2697 2641 3085 2705 σπουδάζουσισ
3119 2642 3222 2695 κᾶν
3266 2644 3317 2695 εί
3342 2658 3425 2705 τις
3457 2642 3540 2703 είς
3580 2639 3729 2709 ὕψος

2125 2736 2345 2805 ἐπαίροι
2371 2735 2433 2787 τὸ
2474 2734 2643 2804 κέρας
2669 2734 2780 2786 τῶν
2811 2733 3081 2791 εἰωθότων
3109 2734 3289 2786 λαλεῖν
3327 2733 3543 2786 ἀδικίαν
3572 2732 3729 2784 κατὰ

2125 2828 2281 2892 Θεοῦ,
2322 2826 2511 2879 τοῦτον
2547 2824 2781 2887 ἐννοίαις
2823 2827 2945 2888 ταῖς
2992 2826 3073 2888 εἰς
3110 2824 3380 2897 ὀρθότητα
3418 2822 3733 2893 μονονουχὶ

2126 2920 2511 2981 καταπαίουσι,
2545 2916 2925 2987 μετατιθέντες
2953 2916 3035 2979 είς
3061 2916 3121 2968 τὸ
3152 2916 3302 2979 εὐθὺ,
3338 2917 3433 2967 καὶ
3464 2916 3590 2973 τοῖς
3620 2913 3731 2984 τῆς

2126 3012 2382 3078 ἀληθείας
2428 3008 2819 3080 ἐμϐιϐάζοντες
2870 3008 3068 3076 λόγοις.
3117 3008 3412 3077 Εὐτεχνίας
3458 3002 3559 3059 οῦν
3612 3006 3733 3077 ἄρα.

2124 3105 2223 3172 τῆς
2269 3101 2487 3171 ἀληθῶς
2557 3098 2927 3170 ἀγιοπρεποῦς
2981 3098 3142 3170 ἔργον
3198 3097 3265 3151 ἂν
3316 3098 3557 3164 γένοιτο,
3631 3098 3731 3150 καὶ

2126 3196 2361 3268 ἀρέσκον
2383 3193 2525 3264 Θεῷ,
2555 3193 2617 3246 τὸ
2646 3195 2763 3255 τοῖς
2800 3192 2903 3261 τῆς
2936 3189 3253 3261 οἰκονομίας
3285 3189 3467 3256 λόγοις
3506 3188 3704 3257 ὐποψὲ

2130 3306 2243 3361 ρειν
2282 3287 2457 3339 ἀεὶτὸ
2491 3281 2875 3353 ἀντιτετάχθαι
2922 3281 3116 3335 δοκοῦν
3153 3284 3221 3351 τῇ
3264 3280 3388 3351 δόξῃ
3444 3278 3732 3351 Χριστοῦ.

2126 3382 2257 3443 Θεὸς
2292 3380 2401 3449 γὰρ
2431 3379 2505 3431 ὢν
2538 3380 2566 3431 ό
2586 3377 2780 3442 Λόγος,
2813 3375 2906 3428 καὶ
2939 3375 2997 3426 ἐν
3031 3376 3213 3445 μορφῇ
3246 3373 3340 3426 καὶ
3366 3372 3590 3442 ἰσότητι.
3628 3372 3734 3425 τοῦ

2126 3472 2364 3543 Πατρὸς,
2402 3470 2594 3523 ἑαυτὸν
2641 3467 2884 3537 καθῆκεν
2936 3468 3015 3529 είς
3053 3467 3301 3525 κένωσιν,
3345 3464 3443 3516 καὶ
3486 3462 3737 3533 γέγονεν

2129 3568 2368 3635 ὑπήκοος
2399 3565 2561 3634 μέχρι
2603 3562 2857 3616 θανάτου.
2881 3562 2972 3612 Δεῖ
3000 3560 3179 3613 τοίνυν
3208 3560 3315 3611 πᾶν
3347 3557 3528 3627 νόημα
3563 3574 3737 3627 περι-

2128 3659 2349 3730 τρέπειν
2394 3657 2647 3718 ἀστείως,
2715 3655 2812 3707 καὶ
2846 3648 2957 3706 οἷον
3010 3651 3434 3722 αἰχμαλωτίζειν
3480 3652 3569 3713 είς
3628 3649 3738 3721 τὴν

2130 3746 2373 3817 ὑπακοὴν
2396 3746 2584 3800 αὐτοῦ.
2620 3744 2806 3815 Είγάρ
2835 3744 2899 3814 δή
2925 3760 2979 3795 τι
3010 3742 3221 3810 λέγοιτο
3248 3743 3343 3794 καὶ
3366 3742 3477 3793 τῶν
3500 3741 3739 3811 ἀνθρω-

2130 3839 2320 3903 πίνων,
2363 3838 2482 3890 κατ’
2536 3836 2731 3890 οὐδένα
2771 3835 2973 3903 τρόπον
3005 3834 3311 3902 ἀδικήσειεν
3362 3832 3428 3884 ἂν
3475 3831 3588 3902 τὴν
3631 3831 3737 3884 τοῦ

2131 3930 2305 3998 Λόγου
2358 3929 2520 3999 φύσιν
2549 3928 2611 3981 τὸ
2648 3929 2707 3979 ἐν
2742 3925 3124 3995 ἀνθρωπότητι
3174 3923 3630 3995 σμικροπρεπὲς,
3681 3925 3740 3977 εἰ

2126 4021 2434 4075 πιστεύοιτο
2455 4020 2580 4073 καθ’
2612 4020 2761 4089 ἡμᾶς
2784 4017 3073 4088 ἄνθρωπος
3095 4016 3364 4084 γεγονώς·
3399 4015 3498 4068 καὶ
3531 4015 3604 4068 οὔ
3647 4016 3740 4069 τοί

2126 4133 2229 4168 που
2262 4115 2321 4167 τὸ
2355 4110 2495 4166 εἶναι
2531 4112 2664 4175 Θεὸς
2703 4109 3121 4180 ἀποϐεϐληκὼς,
3148 4109 3283 4161 ἀλλά
3312 4108 3453 4179 μετά
3479 4109 3588 4162 τοῦ
3621 4114 3743 4179 μεῖ-

2126 4225 2212 4259 ναι
2243 4206 2399 4269 Θεὸς,
2435 4202 2759 4274 προσλαϐὼν
2797 4202 2860 4254 τὸ
2902 4200 3274 4271 ἀνθρώπινον,
3325 4202 3422 4253 καὶ
3468 4201 3741 4273 ὑπήκοος

2125 4298 2415 4367 γενόμενος
2452 4296 2610 4366 μέχρι
2642 4294 2873 4347 θανάτου
2907 4292 3049 4346 κατὰ
3086 4293 3185 4362 τὴν
3222 4292 3420 4361 σάρκα.

370 4402 381 4423 ›
445 4392 675 4436 mortem
733 4398 903 4450 usque
939 4386 1235 4437 secundum
1288 4400 1507 4438 carnem
1561 4388 1633 4440 sit
1678 4386 1851 4443 factus
1882 4392 2163 4451 obediens.
2202 4390 2364 4462 148
2403 4390 2601 4443 nullant
2660 4397 2839 4442 tamen
2909 4386 3206 4442 divinitatis
3265 4401 3376 4439 sum
3432 4385 3736 4455 jacturam

444 4478 610 4531 fecit:
652 4476 849 4530 mansit
879 4477 1022 4530 enim
1064 4478 1201 4532 Deus
1233 4486 1290 4531 ut
1313 4488 1450 4533 erat.

512 4570 705 4626 XXV].
746 4588 764 4621 ι
808 4569 980 4635 Unde,
1011 4567 1203 4623 fratres
1248 4571 1444 4632 sancti,
1502 4574 1802 4630 vocationis
1832 4592 2020 4646 snper-

2194 4578 2339 4644 Kq".
2380 4597 2398 4627 ι
2441 4575 2625 4652 Ὅθεν,
2660 4573 2881 4642 ἀδελφοὶ
2904 4574 3072 4640 ἆγιοι,
3100 4571 3344 4642 κλήσεως
3376 4571 3735 4641 ἐπουρανίου

441 4664 680 4720 ccelestis
719 4662 1029 4731 participes,
1062 4662 1401 4715 considerate
1434 4666 1734 4731 apostolum
1780 4678 1834 4722 et
1879 4684 2015 4737 pon-

444 4757 641 4810 tiﬁcem
688 4751 1049 4806 confessionis
1092 4760 1288 4805 nostra:
1334 4738 1537 4817 Jesitm,
1588 4756 1681 4824 qui
1726 4757 1897 4811 ﬁdelis
1935 4770 2017 4814 est

441 4847 513 4910 ei,
552 4844 643 4913 qui
695 4844 823 4897 fecit
869 4843 1039 4908 illum,
1072 4843 1215 4897 sicut
1245 4852 1301 4897 et
1332 4843 1542 4914 Moyses
1578 4847 1629 4900 in
1658 4849 1801 4902 onmi
1856 4850 2018 4905 domo

441 4939 578 5005 ejus.
614 4936 908 5005 Amplioris
940 4936 1081 4987 enim
1113 4935 1296 5004 gloria:
1324 4938 1425 4991 istc
1466 4953 1576 5006 pra:
1609 4939 1791 5010 Moyse
1826 4942 2017 5009 dignus

440 5042 525 5085 est
571 5030 831 5094 habitus,
891 5038 1093 5096 quanto
1156 5028 1474 5097 ampliorem
1539 5031 1795 5084 honorem
1859 5034 2020 5087 habet

439 5125 625 5184 domo,
676 5122 765 5189 qui
803 5120 1089 5174 fabricavit
1122 5119 1289 5175 illam.
1323 5119 1512 5177 Omnis
1559 5140 1792 5193 namque
1826 5128 2020 5181 domus

441 5214 738 5267 fabricatur
794 5214 861 5266 ab
910 5212 1137 5279 aliquo:
1198 5212 1289 5281 qui
1347 5224 1527 5268 autem
1576 5217 1755 5270 omnia
1788 5218 2015 5281 creavit,

436 5308 582 5363 Deus
635 5316 735 5361 est.
783 5306 848 5360 Et
904 5304 1117 5376 Moyses
1168 5308 1384 5376 quidem
1438 5307 1611 5363 ﬁdelis
1659 5310 1867 5364 eratin
1905 5318 2014 5364 tota

437 5404 598 5455 domo
629 5400 767 5467 ejus,
812 5407 1065 5467 tanquam
1117 5398 1372 5466 famulus,
1433 5400 1485 5453 in
1517 5402 1881 5456 testimonium
1917 5418 2015 5456 ρος

443 5511 558 5547 rum
595 5510 714 5563 quite
764 5494 987 5549 dicenda
1039 5501 1239 5549 erant:
1282 5493 1533 5548 Christus
1576 5508 1707 5548 vero
1762 5504 2016 5560 tanquam

440 5584 612 5645 Filius
635 5585 690 5638 in
722 5584 885 5637 domo
932 5599 1049 5650 sua,
1094 5598 1213 5653 qua:
1263 5583 1457 5638 domus
1495 5599 1683 5638 sumus
1744 5600 1840 5639 nos
1880 5584 1947 5638 ³⁸.
1992 5603 2011 5636 ι

515 5740 556 5773 ³⁸
592 5739 631 5798 ιι
654 5742 775 5795 Cor.
816 5755 978 5808 Lux,
1022 5741 1076 5807 4,
1130 5740 1182 5795 5.
1260 5740 1301 5773 ³⁷
1341 5739 1479 5795 Ρείιι.
1530 5756 1641 5806 xw,
1682 5738 1735 5795 θ.

1814 5742 1855 5771 ³⁸
1892 5740 2119 5812 Philipp.
2166 5758 2222 5805 ll,
2267 5740 2382 5796 6-8.

2131 4668 2372 4738 μέτοχοι,
2408 4669 2780 4737 κατανοήσατε
2822 4665 2914 4716 τὸν
2960 4664 3259 4717 ἀπόστολον
3303 4663 3395 4715 καὶ
3444 4664 3736 4733 ἀρχιερέα

2126 4761 2223 4827 τῆς
2263 4758 2556 4827 ὁμολογίας
2599 4756 2755 4827 ἡμῶν
2796 4755 3026 4825 Ἰησοῦν,
3064 4755 3253 4808 πιστὸν
3283 4754 3410 4806 ὄντα
3436 4753 3517 4822 τῷ
3555 4762 3738 4823 ποιή-

2128 4868 2278 4903 σαντι
2313 4850 2495 4909 αὐτὸν,
2528 4850 2604 4910 ὡς
2649 4850 2743 4902 καὶ
2778 4849 2982 4917 Μωσῆς
3028 4848 3085 4899 ἐν
3116 4846 3221 4914 ὅλῳ
3248 4846 3324 4915 τῷ
3345 4846 3480 4914 οῖκῳ
3520 4847 3735 4900 αὐτοῦ.

2118 4943 2370 5004 Πλείονος
2414 4942 2521 5010 γὰρ
2565 4934 2717 5002 οὗτος
2763 4940 2923 5009 δόξης
2970 4938 3119 5009 παρὰ
3165 4937 3405 5004 Μωῦσῆν
3447 4935 3732 5004 ἠξίωται,

2117 5033 2349 5086 καθόσον
2374 5032 2593 5085 πλείονα
2609 5032 2703 5085 τοῦ
2730 5032 2882 5084 οἴκου
2907 5032 3073 5101 τιμὴν
3100 5030 3210 5099 ἔχει
3229 5032 3255 5081 ὁ
3281 5030 3737 5095 κατασκευάσας

2118 5124 2299 5177 αὐτόν.
2330 5126 2448 5187 Πᾶς
2493 5125 2601 5196 γὰρ
2635 5119 2785 5187 οἶκος
2816 5123 3287 5187 κατασκευάζεται
3322 5122 3429 5173 ὐπό
3469 5139 3631 5186 τινος
3659 5142 3673 5152 ·
3704 5128 3737 5179 ὁ

2124 5217 2180 5270 δὲ
2224 5218 2293 5269 τὰ
2324 5217 2502 5270 πάντα
2542 5217 2981 5279 κατασκευάσας,
3030 5215 3180 5277 Θεός.
3215 5214 3325 5267 Καὶ
3358 5216 3581 5283 Μωσῆς
3620 5218 3734 5287 μὲν

2125 5309 2318 5373 πιστὸς
2348 5310 2423 5361 ὢν
2454 5309 2528 5372 ὡς
2565 5309 2840 5379 θεράπων,
2881 5310 2939 5361 ἐν
2981 5308 3087 5378 δλῳ
3117 5306 3197 5376 τῷ
3226 5307 3358 5376 οἴκῳ
3390 5308 3593 5371 αὐτοῦ,
3643 5311 3738 5374 εἰς

2127 5402 2427 5473 μαρτύριον
2454 5402 2562 5455 τὼν
2586 5400 3068 5472 λαληθησομένων·
3118 5396 3353 5469 Χριστὸς
3386 5399 3444 5450 δέ
3474 5400 3559 5463 ὡς
3587 5402 3736 5466 Υἱὸς

2123 5496 2217 5547 ἐπὶ
2242 5496 2332 5548 τὸν
2376 5490 2523 5547 οἷκον
2557 5493 2745 5557 αὐτοῦ,
2777 5487 2838 5546 οῦ
2882 5487 3030 5553 οἶκός
3055 5492 3221 5561 ἐσμεν
3249 5492 3433 5559 ἡμεῖς.
3472 5510 3492 5542 ι
3546 5494 3733 5548 Ἀπό-

2126 5585 2309 5647 στολος
2340 5583 2435 5637 καὶ
2460 5584 2753 5654 ἀρχιερεὺς
2790 5582 2889 5653 τῆς
2914 5580 3208 5652 ὁμολογίας
3238 5578 3395 5653 ἡμῶν
3429 5598 3508 5633 πα
3519 5581 3595 5651 ρὰ
3623 5582 3733 5637 τοῦ

2461 5741 2504 5772 ³9
2547 5737 2710 5793 ilchr.
2765 5756 2846 5805 ιιι,
2897 5739 3008 5793 1-6.
