4000 6326
234 383 370 438 1569

1038 386 1128 439 Δί)
1167 382 1465 439 llEGlNAS
1506 380 1593 435 DE
1633 380 1859 435 RECTA
1898 382 2050 438 FIDE
2090 386 2350 442 ORATIO
2392 385 2692 442 ALTERA.

3341 386 3481 444 1370

232 497 365 551 Θεοῦ
406 498 501 550 καὶ
534 498 746 568 Πατρὸς
775 499 999 567 γέγονεν
1036 500 1266 570 Ἰησοῦς,
1292 498 1571 552 τουτέστιν
1594 497 1805 568 ἄνθρω-

1910 502 2277 558 Confessiouis
2329 513 2527 558 nostra:
2586 499 2863 570 apostolus
2912 506 2967 553 et
3024 496 3263 567 pontifex
3305 512 3335 552 a
3370 496 3483 553 Deo

232 608 333 652 πος
362 588 622 661 πεφηνὼς
651 591 679 643 6
712 592 776 643 ὲκ
802 592 937 643 Θεοῦ
972 592 1146 659 Λόγος
1169 610 1181 622 ο
1208 592 1329 645 τότε
1358 590 1467 661 γὰρ
1492 590 1807 658 ὠνόμασται

234 684 328 736 καὶ
363 682 572 752 Ἰησοῦς
595 683 683 736 διά
710 687 808 755 τῆς
838 682 934 737 τοῦ
975 685 1207 753 ἀγγέλου
1244 687 1447 754 φωνῆς.
1473 684 1583 737 Καὶ
1613 683 1809 753 μικρὸν

237 775 335 845 μὲν
362 775 555 845 κομιδῇ
573 778 640 846 τῇ
670 775 763 828 τοῦ
792 777 965 843 Λόγου
990 775 1149 843 φύσει
1177 776 1239 828 τό
1268 792 1329 828 τε
1356 777 1455 845 τῆς
1481 775 1804 847 ἱερωσύνης,

235 864 325 916 καὶ
356 863 414 915 τὸ
449 863 550 933 τῆς
580 865 883 934 ἀποστολῆς
912 864 1083 935 ὄνομά
1109 883 1167 918 τε
1194 866 1289 919 καὶ
1318 866 1511 936 χρῆμα
1533 882 1545 894 ·
1586 868 1695 928 τοῖς
1742 881 1806 933 γε

237 955 343 1024 μὴν
374 955 473 1023 τῆς
498 955 922 1025 ἀνθρωπότητος
966 957 1188 1026 μέτροις
1218 958 1303 1027 εἴη
1334 957 1400 1011 ἂν
1425 958 1526 1010 οὐκ
1570 958 1812 1027 ἀνάρμο-

236 1064 377 1099 στον.
431 1048 519 1110 Ὠς
544 1046 654 1118 γὰρ
685 1048 846 1111 αὐτός
877 1048 981 1101 πού
1023 1065 1209 1117 φησιν,
1240 1068 1257 1100 «ι
1307 1049 1367 1101 '0
1392 1049 1521 1111 Υἱὸς
1554 1048 1653 1101 οὐκ
1677 1043 1808 1118 ἦλθε

233 1137 639 1209 διακονηθῆναι,
660 1138 795 1191 ἀλλά
820 1140 1160 1209 διακονῆσαι,
1184 1141 1276 1194 καὶ
1296 1141 1479 1194 δοῦναι
1508 1141 1607 1211 τὴν
1631 1139 1808 1209 ψυχὴν

234 1229 394 1282 αὐτοῦ
427 1230 743 1299 ἀντίλυτρον
766 1232 905 1300 ὑπὲρ
931 1232 1160 1285 πολλῶν.
1207 1252 1225 1284 ι
1255 1232 1329 1285 Τὸ
1361 1232 1459 1303 μὲν
1485 1232 1594 1303 γὰρ
1622 1232 1809 1285 διακο-

232 1323 437 1375 νεῖσθαι
467 1323 621 1393 παρὰ
642 1324 743 1394 τῆς
774 1324 1026 1389 κτίσεως,
1052 1325 1253 1394 πρέποι
1278 1324 1344 1377 ἂν
1374 1325 1519 1395 αὐτῷ
1540 1325 1632 1378 καὶ
1665 1325 1809 1395 μάλα

232 1415 478 1476 εἰκότως,
514 1413 702 1484 ὥσπερ
753 1414 871 1484 Θεῷ
918 1414 1013 1468 καὶ
1043 1416 1307 1485 Δεσπότῃ,
1346 1416 1438 1467 καὶ
1484 1414 1589 1468 ὑπὸ
1642 1416 1810 1477 πόδας

233 1504 406 1574 ἔχοντι
448 1506 557 1558 πᾶν
607 1506 745 1576 ὅπερ
781 1506 897 1558 ἐστὶ
930 1508 1179 1575 γενητόν.
1220 1508 1293 1560 Τὸ
1331 1506 1388 1560 δέ
1420 1525 1482 1575 γε
1521 1508 1805 1570 διακονεῖν,

231 1594 567 1664 ἀνθρώπινον
604 1596 704 1666 μέν
725 1612 737 1627 ’
776 1596 916 1667 πλὴν
948 1598 1073 1649 ὅσον
1106 1592 1241 1667 ἧκεν
1274 1599 1353 1661 είς
1375 1599 1500 1661 τοὺς
1530 1601 1629 1668 τῆς
1672 1599 1809 1668 μετά

236 1687 439 1756 σαρκὸς
462 1688 776 1757 οἰκονομίας
807 1688 1021 1756 λόγους,
1062 1690 1163 1742 οὐκ
1192 1689 1453 1753 ἀπεοικὸς
1482 1690 1559 1759 τῷ
1582 1708 1644 1757 γε
1673 1691 1809 1753 ὅλως

232 1776 427 1829 ἑαυτὸν
451 1778 670 1831 καθέντι
701 1778 837 1848 πρὸς
875 1779 946 1832 τὰ
973 1778 1314 1849 ἀνθρώπινα.
1351 1780 1540 1851 ’Δθρει
1563 1781 1618 1834 δὲ
1660 1782 1808 1844 ὅπως

234 1866 500 1937 ἱερατεύει
535 1869 634 1937 μὲν
661 1868 757 1922 ἁνο
768 1869 1039 1939 ρωπίνως,
1061 1872 1153 1925 καὶ
1173 1871 1401 1942 μεσίτης
1422 1873 1652 1926 τέθειται
1669 1873 1804 1927 Θεοῦ

232 1957 325 2009 καὶ
357 1956 687 2025 ἀνθρώπωνο
734 1950 1011 2029 μεσιτεύέι
1061 1961 1171 2031 γὰρ
1216 1963 1323 2024 πᾶς
1376 1962 1586 2032 ἱερεύς·
1623 1962 1714 2015 τὸν
1748 1962 1805 2016 δὲ

232 2046 331 2116 τῆς
380 2046 571 2111 θυσίας
599 2049 799 2120 τρόπον
830 2052 930 2104 οὐκ
971 2052 1052 2104 ἔτι
1081 2052 1202 2105 καθ’
1235 2052 1333 2107 ἕνα
1370 2054 1480 2107 τῶν
1508 2054 1631 2107 καθ’
1656 2056 1805 2125 ἡμᾶς

235 2139 423 2208 ἱερέων
458 2142 819 2212 προσκομίζει
861 2143 1264 2214 δουλοπρεπῶς,
1301 2145 1450 2198 οὐδὲν
1488 2145 1649 2209 αὐτὸς
1684 2148 1805 2198 έπι-

232 2231 506 2286 κοινωνῶν
537 2235 617 2295 είς
639 2233 702 2286 τὸ
741 2234 929 2287 λαϐεῖν
953 2236 1122 2307 αὑτήν
1141 2252 1154 2265 ⁸
1185 2235 1299 2289 ἀλλ’
1339 2238 1515 2307 ἐαυτῷ
1541 2255 1803 2308 πραγμα-

231 2321 466 2387 τεύεται,
503 2326 597 2376 καὶ
630 2325 697 2377 δι’
743 2326 911 2379 αὐτοῦ
954 2345 1013 2380 τε
1050 2328 1144 2380 καὶ
1193 2330 1251 2381 ὲν
1300 2328 1451 2398 αὐτῷ
1482 2329 1559 2400 τῷ
1605 2332 1800 2400 Πατρί.

242 2414 535 2486 Ἰερουργεϊ
578 2418 688 2488 γὰρ
728 2418 887 2488 ἡμῶν
936 2418 1035 2490 τὴν
1063 2420 1375 2490 ὁμολογίαν,
1421 2422 1669 2475 τουτέστι
1705 2422 1804 2494 τὴν

233 2505 434 2571 πίστιν,
485 2508 551 2577 ἣν
599 2509 693 2561 καὶ
742 2510 918 2581 ὀρθῶς
950 2512 1338 2582 κατειθίσμεθα
1385 2514 1673 2576 ποιεῖσθαι,
1714 2514 1802 2567 λέ-

234 2614 455 2665 γοντες·
496 2618 514 2649 ¢
548 2598 884 2668 Πιστεύομεν
921 2602 1001 2662 είς
1043 2600 1137 2653 ἕνα
1168 2600 1299 2653 Θεὸν
1340 2603 1561 2673 Πατέρα
1598 2621 1802 2656 παντο-

235 2688 479 2759 κράτορα
507 2704 523 2721 ⁸
558 2689 654 2742 καὶ
683 2692 763 2752 είς
796 2690 894 2741 ἕνα.
934 2690 1139 2762 Κύριον
1183 2693 1388 2760 Ἰησοῦν
1425 2694 1658 2765 Χριστὸν
1712 2695 1803 2747 τὸν

230 2780 358 2832 Υἱὸν
391 2779 586 2833 αὑτοῦ·
618 2781 711 2833 καὶ
741 2782 824 2844 είς
852 2780 913 2833 τὸ
946 2781 1171 2852 Πνεῦμα
1210 2782 1270 2834 τὸ
1304 2783 1481 2851 ἆγιον.
1520 2803 1537 2834 ι
1571 2784 1800 2849 Οὐκοῦν,

228 2872 334 2925 κᾶν
381 2872 683 2940 ἱερατεύειν
718 2872 1074 2942 ἀνθρωπίνως
1118 2873 1367 2941 λέγηται,
1414 2875 1549 2928 ἀλλά
1587 2876 1802 2945 δέχεται

227 2964 325 3031 τὴν
363 2963 552 3016 θυσίαν
582 2963 744 3027 αὐτὸς
782 2963 999 3027 θεῐκῶς,
1021 2966 1048 3016 6
1079 2964 1240 3027 αὐτὸς
1271 2964 1347 3017 ῶν
1375 2966 1509 3035 ὁμοῦ
1543 2967 1674 3030 Θεὸς
1709 2968 1803 3020 καὶ

227 3054 533 3123 ἅνθρωπος.
562 3054 791 3124 Εἴρηται
821 3054 877 3107 δὲ
908 3055 1117 3117 πιστὸς,
1155 3054 1240 3106 διὰ
1273 3055 1334 3107 τὸ
1367 3056 1452 3109 ἀεὶ
1500 3055 1691 3120 σώζειν
1714 3057 1804 3110 δύ-

228 3146 424 3198 νασθαι
447 3146 571 3208 τοὺς
592 3145 1065 3216 προσερχομένους
1082 3146 1148 3198 δι’
1166 3146 1331 3199 αὐτοῦ
1349 3146 1424 3216 τῷ
1441 3148 1578 3218 Θεῷ.
1606 3150 1803 3213 Πιστὸς

226 3236 285 3289 δὲ
316 3236 632 3306 ὠνόμασται
668 3238 763 3290 καὶ
789 3238 951 3300 αὐτὸς
976 3238 1005 3289 6
1038 3239 1249 3307 Πατήρ.
1285 3239 1718 3310 Συγκρινόμενος
1744 3241 1800 3294 δέ

228 3344 347 3391 πως
376 3332 441 3399 τῇ
478 3331 722 3392 Μωσέως
747 3328 993 3399 διακονίᾳ
1022 3328 1166 3381 κατά
1187 3330 1247 3381 τὸ
1273 3330 1634 3401 ἀνθρώπινον,
1669 3334 1801 3401 ὅσην

229 3421 342 3489 ἔχει
369 3420 465 3491 τὴν
500 3420 770 3493 ὑπεροχὴν
804 3423 948 3474 κατά
972 3438 1033 3488 γε
1066 3421 1127 3473 τὸ
1159 3417 1299 3474 εἶναι
1335 3422 1488 3485 Θεὸς,
1530 3424 1803 3494 ἀναμάθοι

226 3530 311 3575 τις
348 3514 435 3574 ἂν,
475 3515 569 3566 καὶ
601 3514 659 3566 οὐ
688 3514 785 3566 σὺν
814 3512 997 3581 ἱδρῶτι
1027 3512 1245 3582 μακρῷ,
1280 3512 1498 3579 ἐννοῶν,
1524 3516 1606 3568 ὅτι
1638 3516 1666 3568 6
1705 3516 1805 3585 μὲν

227 3605 303 3667 ὡς
324 3606 541 3673 οἰκέτης
571 3606 629 3657 ἐν
659 3605 738 3675 τῷ
768 3606 900 3676 οἴκῳ
932 3605 1140 3667 πιστὸς,
1164 3606 1191 3656 ὁ
1224 3604 1282 3656 δὲ
1310 3604 1681 3675 ὼςΔεσπότης
1711 3606 1806 3659 ἐπὶ

228 3698 324 3750 τὸν
360 3696 511 3751 οἷκον
556 3697 743 3754 αὑτοῦ.
777 3700 888 3752 Καὶ⁵
912 3699 994 3751 ὅτι
1021 3696 1116 3750 τοῦ
1159 3694 1310 3749 οἴκου
1356 3699 1807 3768 κατασκευαστὴς

229 3793 326 3844 γα).
344 3791 673 3861 δημιουργὸς
693 3795 720 3845 6
754 3790 1108 3861 Ἐμμανουήλ
1126 3805 1139 3817 ·
1167 3780 1229 3841 οὗ
1255 3783 1402 3852 οἶκός
1429 3790 1596 3859 ἐσμεν
1622 3791 1800 3860 ἡμεῖς.

242 3882 599 3954 Ἀσύγκριτος
621 3883 676 3936 δὲ
705 3882 937 3953 Ποιητοῦ
967 3882 1105 3953 πρὸς
1133 3886 1194 3935 τὸ
1225 3881 1449 3951 ποιηθὲν
1483 3883 1517 3952 ὴ
1547 3881 1801 3951 διαφορὰ,

229 3976 325 4027 καὶ
360 3975 456 4027 τοῦ
487 3974 630 4029 κατά
658 3975 819 4043 φύσιν
846 3976 1117 4029 Δεσπότου
1147 3974 1286 4046 πρὸς
1313 3972 1375 4027 τὸ
1403 3972 1589 4026 δοῦλον
1615 3984 1637 4011 θ
1671 3973 1806 4044 ἁλη-

231 4066 340 4128 θῶς
368 4067 457 4119 καὶ
491 4068 548 4119 ὲν
585 4067 771 4135 ὑφέσει
802 4067 1112 4137 νοούμενον.

1909 593 2069 648 Patre
2117 595 2392 650 institutus
2439 607 2523 649 est
2579 593 2754 658 Jesus,
2808 592 2907 645 hoc
2966 600 3049 645 est
3110 590 3203 645 Dei
3244 588 3482 646 Verbum

1910 686 2271 740 incarnatum.
2326 687 2478 742 Tunc
2521 688 2662 741 enim
2695 685 2821 739 Jesu
2863 685 3080 736 nomine
3106 698 3201 751 per
3230 681 3480 751 angelum

1910 777 2231 845 appellatum
2262 789 2365 833 est.
2424 778 2487 831 Et
2536 777 2753 845 quidem
2806 774 3096 830 sacerdotii
3125 781 3179 826 et
3214 770 3485 839 apostola-

1912 879 1996 923 tus
2044 884 2236 923 nomen
2266 880 2318 923 et
2356 884 2467 933 res,
2502 869 2795 936 perexigua
2829 874 2974 929 sunt,
3006 864 3050 918 si
3085 863 3249 918 Verbi
3278 870 3486 915 natura:

1892 948 2295 1023 attribuantur,
2325 971 2697 1014 verumtamen
2736 959 2988 1012 humanae
3030 965 3235 1009 natura!
3266 948 3513 1007 modulo~

1910 1068 2015 1106 non
2043 1053 2338 1121 incongrue
2366 1053 2741 1119 adaptantur.r
2775 1048 2905 1102 Nam
2938 1046 3107 1101 Filius
3133 1050 3215 1116 (ut
3250 1046 3364 1113 ipse
3382 1044 3485 1097 ali-

1911 1144 2030 1199 cubi
2056 1146 2304 1212 testatur)
2331 1159 2434 1198 non
2452 1152 2673 1197 venerat
2693 1141 3013 1204 ministrari,
3035 1141 3126 1193 sed
3152 1138 3484 1201 ministrare,

1909 1248 1963 1293 et
1985 1238 2114 1293 dare
2137 1238 2373 1291 animam
2398 1251 2551 1290 suam
2584 1233 3001 1301 redemptionem
3048 1247 3145 1299 pro
3175 1229 3355 1282 multis
3378 1227 3479 1281 ⁸ο.»

1911 1329 2063 1396 Quod
2106 1329 2267 1398 igitur
2300 1338 2669 1382 creaturarum
2703 1325 2944 1378 omnium
3010 1322 3311 1377 ministerio
3363 1319 3486 1388 jure

1910 1423 2105 1477 merito
2136 1421 2396 1490 potiatur,
2418 1421 2519 1474 hoc
2555 1419 2677 1472 inde
2710 1418 2893 1483 habet,
2923 1418 3049 1485 quia
3076 1416 3215 1469 Deus
3242 1423 3346 1477 est,
3375 1413 3485 1467 1)ο⁴

1911 1515 2089 1569 minus
2126 1523 2213 1569 est
2243 1523 2519 1581 totumque
2553 1512 2694 1579 quod
2745 1519 2921 1564 ortum
2958 1509 3147 1577 quovis
3176 1506 3334 1561 modo
3364 1522 3486 1561 sor-

1911 1607 2066 1661 titum
2103 1615 2206 1667 est,
2251 1604 2475 1672 pedibus
2508 1603 2650 1656 illius
2682 1602 3015 1655 substratum
3048 1608 3133 1654 est
3165 1616 3180 1652 :
3212 1598 3355 1666 quod
3388 1611 3486 1650 au-

1913 1706 2023 1750 tem
2055 1696 2349 1759 ministrat,
2376 1696 2477 1747 huc
2502 1703 2707 1746 natura:
2734 1692 2980 1745 humana:
3006 1698 3109 1743 est.
3136 1686 3323 1756 Neque
3356 1687 3481 1763 hoc,

1911 1787 1955 1840 si
1991 1786 2405 1855 dispensationis
2447 1800 2568 1838 cum
2622 1795 2786 1837 carne
2840 1780 3105 1834 rationem
3158 1785 3393 1846 spectes,
3422 1775 3486 1828 il-

1912 1878 2021 1931 lum
2074 1878 2323 1942 dedecet,
2373 1878 2463 1945 qui
2512 1891 2570 1928 se
2621 1874 2789 1927 senth
2848 1875 2913 1925 ad
2974 1874 3206 1925 humana
3242 1869 3480 1923 demisit.

1912 1967 2046 2023 Vide
2069 1969 2203 2037 jam,
2236 1968 2506 2037 quomodo
2539 1968 2836 2020 secundum
2899 1965 3185 2016 humanam
3231 1969 3483 2014 naturam

1910 2062 2195 2118 sacerdotii
2253 2076 2450 2115 munus
2504 2059 2684 2123 obeat,
2740 2058 3107 2125 mediatorque
3138 2055 3280 2109 inter
3309 2053 3477 2106 Deum

1908 2163 1964 2207 et
1994 2154 2240 2207 homines
2288 2152 2519 2205 exsistat
2547 2169 2560 2203 :
2596 2150 2776 2204 omnis
2808 2148 2951 2203 enim
2984 2148 3243 2202 sacerdos
3273 2144 3483 2199 media-

1914 2246 2045 2300 toris
2080 2245 2253 2299 oﬁicio
2286 2245 2527 2313 fungitur
2559 2262 2573 2309 ;
2609 2254 2979 2297 verumtamen
3019 2238 3274 2293 sacriﬁcii
3317 2237 3480 2290 ritunt

1912 2354 2018 2392 non
2049 2338 2164 2393 obit
2192 2337 2459 2391 serviliter
2483 2336 2824 2389 sacerdotum
2857 2334 3026 2388 nostri
3060 2331 3270 2386 ordinis
3302 2344 3477 2394 more,

1910 2429 2062 2498 quasi
2100 2429 2212 2494 ipse
2249 2444 2351 2481 non
2387 2429 2460 2482 sit
2495 2429 2577 2481 cui
2610 2427 2773 2480 etiam
2829 2424 3160 2480 sacriﬁcium
3213 2419 3480 2474 offertur:

1910 2520 2005 2574 sed
2058 2519 2244 2589 sibipsi
2290 2535 2506 2587 quoque
2555 2518 2864 2581 sacriﬁcat,
2911 2526 2965 2571 et
2996 2531 3089 2584 per
3129 2514 3388 2582 seipsum,
3428 2518 3486 2563 et

1909 2609 1963 2663 in
2005 2609 2181 2673 seipso
2223 2608 2328 2661 Deo
2370 2608 2538 2661 Patri.
2600 2607 2768 2660 Oﬂ‘ert
2829 2616 3007 2659 autem
3062 2614 3301 2657 nostram
3352 2615 3485 2654 con-

1910 2701 2228 2763 fessionem,
2272 2700 2377 2753 boc
2425 2710 2509 2752 est
2553 2699 2755 2762 ﬁdem;
2788 2713 2947 2765 quam
2990 2696 3091 2750 rite
3140 2694 3320 2747 facere
3349 2707 3483 2746 cou-

1911 2792 2206 2858 suevitnus,
2262 2792 2505 2845 dicentes
2540 2809 2553 2845 :
2585 2808 2603 2841 ι
2640 2791 2925 2844 Credimus
2971 2790 3023 2841 in
3053 2787 3219 2839 Deum
3266 2784 3483 2837 Patrem

1909 2884 2332 2954 omnipotentem
2361 2900 2375 2947 ;
2408 2893 2459 2935 et
2491 2884 2541 2937 in
2579 2899 2743 2935 unum
2794 2882 3081 2935 Dominum
3109 2877 3293 2933 Jesum
3323 2875 3483 2929 Chri-

1911 2985 2055 3031 stum
2084 2976 2275 3029 Filium
2310 2974 2447 3042 ejus,
2478 2984 2526 3028 et
2561 2976 2611 3027 in
2646 2974 2904 3045 Spiritum
2942 2981 3212 3025 sanctum.
3252 2988 3270 3019 ι
3300 2968 3485 3037 Itaque

1910 3069 2010 3121 etsi
2038 3068 2339 3121 sacerdotio
2402 3067 2548 3135 furtgi
2616 3066 2816 3119 dicitur
2873 3064 3165 3117 secundum
3234 3068 3479 3113 naturam

1914 3161 2226 3220 humanam,
2265 3158 2589 3212 sacriﬁcium
2627 3168 2804 3211 tamen
2833 3157 3072 3209 oblatum
3110 3151 3359 3221 suscipit,
3392 3165 3481 3203 se-

1908 3254 2141 3305 cundum
2195 3250 2472 3303 divinam:
2520 3258 2608 3301 est
2657 3248 2799 3300 enim
2854 3246 2993 3300 idem
3042 3245 3181 3297 Deus
3226 3241 3388 3296 simul
3428 3250 3485 3294 et

1909 3345 2092 3398 homo.
2132 3342 2446 3411 Appellatus
2476 3351 2558 3393 est
2583 3351 2763 3393 autem
2800 3338 2991 3401 ﬁdelis,
3032 3346 3313 3405 prapterea
3340 3333 3483 3401 quod

1911 3451 2125 3505 semper
2155 3436 2365 3489 salt-are
2395 3443 2555 3501 queat
2591 3447 2703 3497 eos,
2759 3430 2849 3501 qui
2883 3445 2977 3499 per
3010 3428 3181 3496 ipsum
3212 3426 3276 3478 ad
3308 3424 3480 3478 Deum

1914 3526 2197 3581 accedunt.
2253 3523 2413 3594 1&9
2458 3523 2597 3588 Quin
2644 3532 2698 3577 et
2738 3523 2851 3590 ipse
2876 3535 3090 3589 quoque
3118 3517 3281 3570 Pater
3307 3513 3481 3568 ﬁdelis

1904 3616 2175 3670 interdum
2231 3629 2476 3668 vocatur.
2538 3614 2751 3679 Quanto
2780 3622 2961 3665 autem
2996 3607 3285 3662 intervallo
3316 3603 3478 3658 mini-

1906 3708 2131 3760 sterium
2186 3705 2328 3760 illius
2375 3714 2435 3759 ut
2490 3704 2726 3758 hominis
2773 3718 2893 3755 cum
2957 3700 3192 3753 Mosaico
3225 3697 3479 3750 collatunt

1905 3800 2152 3862 excedat,
2181 3810 2448 3866 quatenus
2486 3797 2573 3850 hic
2607 3797 2652 3850 si
2694 3794 3071 3849 consideretur
3098 3802 3155 3845 ut
3190 3791 3330 3842 Deus
3359 3803 3482 3857 pcr-

1909 3888 2050 3942 facili
2083 3889 2298 3957 negotio
2340 3889 2390 3939 id
2432 3887 2609 3955 quivis
2640 3885 2920 3953 intelliget,
2955 3885 2996 3937 si
3040 3898 3223 3937 secum
3271 3888 3481 3949 reputet

1910 3977 2056 4031 illum
2086 3975 2302 4044 quidem
2334 3976 2495 4028 veluti
2532 3974 2738 4027 ﬁdelem
2777 3972 3036 4025 fatuulum
3079 3971 3132 4023 in
3160 3970 3319 4022 domo
3354 3981 3480 4019 ver-

1911 4078 2085 4119 satum
2118 4082 2271 4126 esse;
2312 4066 2454 4119 lmuc
2483 4078 2631 4124 vero,
2668 4065 2766 4117 hoc
2792 4072 2876 4116 est
2908 4061 3336 4123 Emmanuelcm,
3380 4055 3479 4111 toti

230 4158 411 4210 dmnui
460 4170 714 4226 tanquam
765 4160 1047 4214 DOminum
1097 4159 1415 4229 praefuisse,
1471 4159 1581 4212 imo
1627 4158 1794 4227 ipsius
1844 4158 2036 4213 domus
2095 4160 2449 4213 architectum
2501 4157 2949 4225 conditoremque
3021 4154 3334 4216 exstitisse;
3382 4167 3479 4205 cn-

223 4248 311 4314 jus
345 4248 560 4317 quidem
610 4251 801 4305 domus
840 4268 937 4303 nos
978 4267 1188 4305 sumus.
1238 4250 1395 4305 Nulla
1463 4266 1591 4306 vero
1625 4253 1956 4317 comparatio
2028 4254 2325 4306 intercedet
2393 4252 2534 4304 inter
2578 4265 2665 4303 res
2706 4250 2949 4303 conditas
2992 4259 3047 4303 et
3086 4247 3479 4326 Conditorem:

230 4340 375 4393 inter
398 4357 520 4394 eum
556 4358 793 4405 rursum,
829 4343 920 4410 qui
951 4354 1139 4413 suapte
1179 4356 1369 4397 natura
1398 4347 1654 4399 Dominus
1679 4357 1785 4406 est,
1829 4356 1882 4398 et
1911 4362 2033 4400 eum
2069 4347 2159 4414 qui
2198 4360 2324 4400 vere
2357 4360 2547 4398 servus
2606 4354 2662 4397 et
2687 4344 2957 4398 subditus.

302 4435 427 4489 KZ'.
476 4454 493 4486 ι
536 4436 659 4489 "Ott.
691 4436 1046 4507 καταϐέϐηκα
1084 4440 1148 4491 ἐκ
1178 4436 1273 4490 τοῦ
1318 4437 1548 4508 οὐρανοῦ
1592 4438 1691 4508 οὐχ
1722 4439 1807 4491 ἵνα

1983 4437 2193 4490 XXVII.
2238 4457 2255 4488 ι
2287 4438 2421 4504 Quia
2453 4435 2709 4491 descendi
2760 4435 2824 4487 de
2870 4436 3031 4495 coelo,
3065 4449 3167 4485 non
3203 4442 3259 4484 ιιι
3289 4433 3481 4487 faciant

232 4528 374 4580 ποιῶ
405 4527 465 4580 τὸ
497 4527 707 4598 θέλημα
734 4528 795 4581 τὸ
827 4529 979 4598 ἐμὸν,
1018 4528 1155 4582 ἀλλά
1194 4530 1255 4583 τὸ
1301 4529 1510 4598 θέλημα
1537 4530 1629 4581 τοῦ
1666 4530 1805 4599 πέμ-

228 4619 430 4688 ψαντός
459 4636 546 4687 με.
578 4619 746 4673 Τοῦτο
790 4621 834 4673 δ’
873 4620 992 4673 ἐστὶ
1032 4621 1092 4673 τὸ
1121 4620 1333 4689 θέλημα
1359 4621 1454 4673 τοῦ
1491 4622 1803 4691 πέμψαντός

232 4727 325 4780 με,
366 4709 452 4761 ἵνα
486 4711 594 4762 πᾶν
632 4709 661 4762 ὃ
707 4710 907 4763 δέδωκέ
946 4728 1058 4779 μοι,
1104 4710 1177 4780 μὴ
1220 4710 1471 4764 ἀπολέσω
1512 4711 1571 4776 ἐξ
1618 4711 1801 4774 αὑτοῦ,

228 4803 370 4856 ἀλλά
400 4802 695 4871 ἀναστήσω
733 4800 865 4854 αὐτὸ
890 4804 948 4853 ὲν
976 4804 1040 4871 τῇ
1070 4800 1273 4871 ἐσχάτῃ
1310 4802 1512 4872 ἡμέρᾳ.
1558 4821 1575 4854 ι
1622 4803 1806 4854 Κατα-

231 4894 395 4962 ϐἧναί
433 4911 598 4961 φησιν
623 4894 814 4946 ἑαυτὸν
848 4893 907 4957 ἐξ
930 4892 1181 4964 οὐρανοῦ,
1209 4894 1547 4946 ἀπεστάλθαι
1567 4910 1627 4945 τε
1657 4894 1807 4965 παρά

228 4984 327 5036 τοῦ
376 4983 510 5036 Θεοῦ
558 4985 653 5037 καὶ
692 4985 923 5055 Πατρὸς,
979 4986 1155 5039 καίτοι
1201 4987 1270 5037 τά
1316 4987 1494 5039 πάντα
1549 4986 1805 5055 πληρῶν·

231 5076 431 5139 έκεῖνο,
471 5068 662 5141 οἶμαι,
710 5075 1110 5147 ¹καταδειιιινὺς,
1159 5076 1252 5128 καὶ
1293 5077 1554 5137 καθιστὰς
1607 5078 1811 5130 ἅπασιν

232 5166 482 5234 ἐναργὲς,
521 5167 603 5218 ὅτι
641 5165 775 5228 Θεὸς
809 5164 885 5217 ῶν
920 5170 947 5218 ὁ
978 5166 1169 5233 Λόγος,
1211 5158 1684 5243 καταπεφοίαὲῃκεν
1729 5168 1809 5220 οὶ-

234 5256 547 5326 κονομικῶς
585 5260 666 5319 εἰς
690 5258 1089 5325 ἀνθρωπότητα
1111 5258 1177 5311 δι’
1203 5260 1367 5327 ἡμᾶς.
1401 5259 1508 5311 Καὶ
1537 5256 1598 5309 οὔ
1625 5256 1677 5308 τί
1707 5274 1807 5309 που

235 5348 427 5411 μεθεὶς
474 5348 540 5400 τὸ
573 5344 714 5401 εἶναι
749 5349 908 5418 φύσει
943 5349 1095 5416 Θεὸς,
1144 5348 1468 5420 προσλαϐὼν
1501 5348 1557 5400 δὲ
1612 5346 1811 5416 μᾶλλον

304 5502 352 5535 ⁸⁸
384 5501 571 5557 Matth.
605 5519 695 5570 xx,
722 5502 812 5558 28.
890 5502 928 5533 δ’
973 5502 1127 5558 Joan.
1177 5519 1249 5567 vt,
1289 5503 1379 5565 58,
1422 5502 1510 5555 59.

1913 4530 2240 4583 voluntatem
2285 4546 2482 4588 meam.
2529 4531 2622 4581 sed
2678 4527 3009 4579 voluntatem
3055 4524 3171 4592 ejus
3212 4526 3301 4592 qui
3336 4525 3484 4578 misit

1912 4637 2017 4673 me.
2052 4620 2175 4673 llaec
2204 4631 2287 4674 est
2316 4631 2496 4673 autem
2542 4618 2791 4672 voluntas
2821 4617 2936 4685 ejus
2968 4616 3057 4685 qui
3090 4617 3242 4669 misit
3272 4632 3357 4669 me
3381 4616 3483 4669 Pa-

1914 4714 2030 4775 tris,
2073 4723 2133 4766 ut
2166 4729 2325 4765 otune
2365 4712 2507 4779 quod
2540 4711 2686 4764 dedit
2718 4710 2871 4772 mihi,
2905 4725 3007 4761 non
3046 4710 3266 4776 perdam
3299 4724 3363 4761 cx
3394 4724 3482 4772 eo,

1911 4806 2002 4857 sed
2028 4807 2343 4859 resuscitem
2388 4806 2514 4859 illud
2559 4804 2609 4857 in
2653 4802 2947 4855 novissimo
2981 4801 3067 4854 die
3092 4801 3161 4855 δι.
3194 4820 3213 4853 ι
3254 4802 3484 4857 Cazlitus

1912 4910 1969 4948 se
1996 4898 2361 4963 descendisse,
2400 4907 2563 4965 atque
2603 4913 2630 4947 a
2671 4895 2777 4949 Deo
2818 4894 2979 4947 l’atre
3003 4909 3060 4947 se
3086 4893 3307 4946 missum
3334 4908 3483 4947 asse-

1914 4989 2007 5051 rit,
2052 4988 2215 5042 etiam
2261 4988 2307 5041 si
2362 4987 2586 5055 impleat
2625 4986 2805 5038 omnia
2851 5003 2863 5036 :
2927 4985 3057 5038 illud
3104 4983 3398 5046 omnibus,
3428 4994 3486 5036 ut

1916 5087 2068 5149 puto,
2111 5079 2509 5140 demonstrare,
2550 5078 2877 5147 planumque
2910 5076 3087 5130 facere
3113 5075 3317 5138 volens,
3343 5078 3485 5143 quod

1914 5186 2037 5223 cum
2074 5168 2302 5222 Verbum
2360 5179 2506 5223 esset
2555 5170 2716 5234 Deus,
2761 5168 3157 5234 disnensatoria
3192 5168 3402 5221 ratione
3429 5167 3482 5220 in

1921 5261 2210 5313 humanam
2269 5268 2512 5312 naturam
2569 5269 2789 5327 propter
2846 5274 2942 5311 nos
2977 5273 3035 5311 se
3078 5257 3313 5310 demisit.
3365 5254 3483 5310 Non

1915 5346 2057 5415 quod
2089 5361 2183 5415 per
2207 5345 2306 5399 hoc
2338 5344 2477 5400 Deus
2512 5356 2700 5401 natura
2734 5362 2854 5401 esse
2884 5347 3188 5415 desisteret,
3220 5347 3313 5402 sed
3340 5346 3487 5418 quod

1326 5655 1499 5712 Varia:
1527 5656 1781 5713 lectiones
1807 5654 2009 5712 codicis
2039 5655 2395 5727 chuicriani.

291 5805 318 5839 ο
347 5795 435 5852 τὸν
465 5796 668 5851 δοῦλον.
