4000 6326
510 387 642 444 1571

509 506 562 562 id
612 502 988 572 assumpserit,
1033 498 1176 570 quod
1219 514 1323 553 non
1353 507 1470 552 erat
1520 517 1534 552 :

506 606 898 665 assumpserat,
945 593 1329 661 propriumque
1382 591 1485 645 sibi
1531 590 1751 655 fecerat,
1799 590 1959 644 morti
2017 591 2080 643 ad

506 697 718 757 tempus
752 685 1056 741 contradito
1077 726 1092 748 ,
1129 684 1333 738 nnI|um
1364 699 1430 738 ex
1467 684 1572 738 illis
1600 699 1736 753 quos
1767 695 2076 752 acceperat,

509 779 846 848 deperderet,
894 779 988 832 sed
1043 785 1307 840 servaret,
1358 792 1421 830 ac
1475 776 1527 830 in
1577 777 1873 830 novissimo
1921 776 2007 830 die
2050 793 2078 830 a

506 872 737 924 mortuis
781 869 1151 924 resuscitaret.
1195 867 1330 923 Cum
1381 878 1558 922 autem
1603 884 1707 922 non
1749 882 1929 929 suam,
1987 871 2079 923 sed

507 961 590 1016 sui
615 959 796 1015 Patris
817 960 1149 1014 voluntatem
1192 976 1248 1014 se
1279 959 1537 1030 perficere
1565 960 1736 1023 addit,
1772 958 2079 1014 Iudaeorum

505 1049 783 1103 vesaniam
811 1065 875 1102 ex
901 1049 1122 1118 obliquo
1153 1049 1510 1119 perstringit;
1541 1056 1597 1100 ut
1628 1050 1718 1116 qui
1751 1064 1901 1101 suam
1938 1064 2084 1102 sem-

505 1152 603 1206 per
640 1137 970 1192 voluntatem
1024 1142 1359 1192 constituere
1398 1148 1728 1206 satagentes,
1759 1139 2080 1206 divinasque

507 1219 666 1297 leges'
707 1227 1146 1296 parvil'acientes,
1186 1228 1252 1280 de
1291 1227 1497 1282 Domini
1545 1228 1626 1281 sui
1672 1228 1882 1296 placitis
1916 1230 2079 1296 perli-

505 1321 713 1374 ciendis
751 1319 883 1373 nihil
916 1321 1208 1389 quidquam
1246 1321 1396 1386 pensi
1434 1320 1738 1374 haberent:
1779 1321 1902 1373 dum
1933 1321 2078 1374 enim

504 1393 660 1462 suum
689 1409 790 1464 hoc
827 1409 957 1476 doce
1006 1420 1310 1480 promptum
1346 1412 1675 1478 obsequendi
1721 1413 1954 1465 studium
1987 1428 2080 1481 pa-

506 1499 610 1552 lam
656 1503 1018 1568 commendat,
1075 1502 1289 1556 illorum
1353 1502 1701 1557 rebellionem
1767 1503 2078 1572 neutiquam

504 1593 735 1648 obscure
781 1593 1010 1647 incusat.
1064 1594 1204 1660 Quin
1259 1603 1314 1648 et
1365 1596 1492 1649 alibi
1527 1611 1741 1665 quoque
1774 1612 1839 1650 eo
1867 1595 2082 1652 nomine

507 1683 624 1734 illos
659 1684 956 1750 insimulat,
999 1687 1144 1756 quod
1179 1687 1326 1749 odio,
1371 1687 1753 1755 insectatione,
1788 1690 2080 1758 iniquoque

504 1774 708 1842 judicio
757 1791 821 1831 ex
866 1778 1114 1835 instituto
1157 1788 1352 1834 contra
1382 1795 1441 1834 se
1487 1781 1852 1835 desatvirent:
1896 1800 1915 1832 ‹
1952 1780 2078 1845 Vos,

1468 378 1528 434 8.
1555 378 1834 434 CYRILLI
1869 377 2344 434 ALEXANDRINI
2381 379 2701 436 ABCIIIEP.

1589 508 1646 551 ut
1683 513 1910 564 corpore
1941 498 2076 565 quod

2187 497 2323 567 ὅπερ
2358 497 2457 551 οὐκ
2479 492 2568 565 ἦν,
2599 497 2687 551 ἵνα
2721 497 2815 548 καὶ
2834 494 2956 556 δοὺς
2983 492 3060 565 τῷ
3097 491 3311 561 θανάτῳ
3334 488 3469 560 πρὸς
3501 487 3684 558 βραχὺ
3708 504 3740 539 τ

3609 370 3772 427 I572

3708 489 3780 536 τὸ

2183 591 2380 644 ένωθὲν
2408 588 2557 659 αὐτῷ
2580 589 2739 659 σῶμα
2761 588 2856 641 καὶ
2875 587 3004 640 ἴδιον
3026 583 3214 650 αὐτοῦ,
3243 582 3443 654 μηδένα
3471 580 3722 649 ἀπολέσῃ
3749 577 3772 616 ί

2180 681 2290 734 τῶν
2323 681 2586 734 δοθέντων
2626 679 2796 750 αύτῷ,
2837 677 3079 750 διασώσῃ
3121 676 3178 730 δὲ
3224 673 3445 746 μᾶλλον,
3477 671 3574 726 καὶ
3629 673 3775 724 ἀνα-
3811 716 3820 728 .

2184 775 2357 846 στήσῃ
2388 774 2586 836 αὐτοὺς
2619 775 2644 814 8
2679 774 2738 826 ὲν
2770 773 2836 842 τῇ
2863 769 3068 840 ἐσχάτῃ
3092 767 3295 840 ἡμέρᾳ.
3335 767 3516 820 Ποιεῖν
3547 763 3651 832 μὲν
3671 758 3774 815 οὖν

2180 866 2356 933 λέγων
2389 866 2450 918 τὸ
2489 864 2703 934 θέλημα
2733 863 2828 916 τοῦ
2877 860 3111 933 Πατρδς,
3148 860 3243 914 καὶ
3282 857 3403 928 οὐχὶ
3437 856 3500 925 δὴ
3537 855 3773 909 πάντως

2179 959 2240 1011 τὸ
2265 955 2482 1021 ἑαυτοῦ,
2512 957 2611 1019 τάς
2652 956 2760 1010 τῶν
2798 954 3071 1010 Ἰουδαίων
3107 949 3364 1013 ἀπονοίας
3397 947 3628 1016 ἐλέγχει,
3670 945 3775 998 καὶ

2182 1049 2515 1116 ύποπλήττει
2550 1048 2815 1112 πλαγίως,
2861 1047 2937 1110 ὡς
2979 1045 3158 1098 ἀεὶτὸ
3198 1043 3326 1096 ι’διον
3370 1038 3635 1100 ίστῶντας
3668 1037 3770 1090 05'-

2182 1140 2351 1209 λημα,
2395 1142 2489 1193 καὶ
2527 1140 2636 1193 τῶν
2669 1141 2829 1193 Θείων
2861 1137 3250 1210 ὑπερορῶντας
3280 1135 3479 1204 νόμων,
3508 1131 3601 1184 καὶ
3627 1131 3769 1200 παρ’

2181 1231 2332 1284 οὐδὲν
2377 1231 2647 1285 ποιεῖσθαι
2676 1229 3058 1301 μεμεληκότας
3081 1226 3141 1280 τὸ
3165 1226 3243 1296 τῷ
3263 1224 3508 1293 Δεσπότῃ
3529 1220 3728 1276 δοκοῦν
3747 1236 3766 1252 ο

2183 1324 2362 1395 ἑαυτῷ
2385 1324 2493 1394 γὰρ
2520 1327 2578 1378 ὲν
2607 1323 2818 1386 τούτοις
2839 1319 3280 1393 προσμαρτυρῶν
3312 1317 3373 1368 τὸ
3401 1316 3635 1384 εὐήνιον,
3660 1315 3767 1381 τῆς

2182 1415 2405 1470 ἐκείνων
2426 1414 2712 1478 ἀπειθείας
2741 1415 3058 1484 κατηγορεῖ.
3089 1411 3234 1479 Ἔφη
3264 1408 3372 1480 γάρ
3393 1423 3494 1460 που
3521 1405 3616 1459 καὶ
3645 1404 3766 1457 ἑτέ-

2185 1506 2318 1578 ρωθι
2355 1507 2491 1572 πρὸς
2522 1506 2740 1570 αὐτοὺς,
2783 1505 2860 1569 ὡς
2886 1505 3105 1558 διώκειν
3129 1501 3430 1564 ἐθέλοντας,
3462 1498 3557 1551 καλ⁵
3578 1498 3768 1564 μισεῖ-ο

2183 1598 2513 1669 ᾑρημένους,
2566 1597 2659 1650 καὶ
2688 1597 2873 1651 ἄδικον
2911 1596 2999 1648 ἐπ’
3039 1593 3189 1664 αύτῷ
3215 1593 3312 1663 τὴν
3342 1592 3435 1645 ἐπὶ
3458 1590 3632 1659 τούτῳ
3653 1589 3768 1658 ψῆ-

2183 1707 2286 1758 φον
2316 1688 2687 1760 ἐκφέροντας·
2720 1707 2738 1739 ι
2789 1689 2978 1758 Ὑμεῖς
3011 1687 3150 1740 κατὰ
3187 1685 3283 1756 τὴν
3306 1685 3485 1755 σάρκα
3520 1682 3766 1753 κρίνετε,

2185 1779 2294 1848 ἐγὼ
2325 1781 2387 1833 ού
2410 1780 2578 1851 κρίνω
2597 1781 2788 1835 οὐδένα
2804 1797 2818 1809 ’
2849 1780 2943 1832 καὶ
2967 1777 3062 1831 ἐὰν
3083 1777 3254 1848 κρίνω
3269 1777 3325 1829 δὲ
3352 1774 3483 1843 ἐγὼ,
3514 1776 3546 1844 ἡ
3573 1771 3768 1842 κρίσις

509 1866 705 1935 inquit,
725 1869 1018 1924 secundum
1046 1870 1571 1939 carnemjudicatis;
1623 1887 1722 1942 ego
1763 1888 1866 1927 non
1895 1873 2076 1942 judico

2185 1843 2354 1942 'q'épiq
2377 1843 2561 1926 δικαία
2595 1871 2768 1926 ἐστίν’
2801 1872 2884 1924 ὅτι
2915 1871 2974 1924 ού
3003 1843 3153 1940 ζητῶ
3183 1869 3244 1921 τδ
3273 1867 3486 1936 θέλημα
3517 1843 3574 1916 τὸ
3601 1865 3764 1932 ἐμὸν,

507 1972 830 2027 quemquam
862 1977 877 2027 ;
915 1970 970 2015 et
1006 1961 1050 2016 si
1076 1961 1260 2029 judico
1293 1977 1424 2033 ego,
1457 1962 1720 2031 judicium
1774 1980 1951 2018 meum
1989 1979 2081 2019 ve-

508 2063 623 2100 rum
655 2059 738 2104 est
771 2069 783 2103 :
819 2052 942 2120 quia
999 2067 1102 2106 non
1154 2069 1338 2122 quaero
1377 2054 1709 2109 voluntatem
1752 2070 1950 2121 meam,
1985 2055 2080 2111 sed

506 2139 832 2196 voluntatem
865 2144 980 2214 ejus
1010 2147 1100 2215 qui
1133 2147 1278 2201 misit
1297 2163 1381 2201 me
1396 2147 1462 2202 ".
1491 2165 1508 2196 ι
1528 2146 1787 2216 Loquitur
1815 2163 1942 2218 ergo
1963 2149 2082 2204 haec

504 2233 802 2287 secundum
839 2237 1022 2292 carnis
1053 2238 1536 2308 dispensationem.

575 2322 806 2380 XXVIII.
870 2327 974 2384 Sed
1024 2345 1140 2398 age,
1198 2346 1340 2384 nunc
1391 2330 1618 2386 alterum
1675 2331 1806 2387 illud
1864 2348 2079 2403 quoque

502 2415 893 2481 expendamus.
948 2416 1080 2472 Cum
1140 2433 1170 2472 e
1223 2419 1362 2473 coelo
1403 2419 1771 2473 descendisset
1812 2428 1871 2474 ut
1915 2419 2076 2484 Deus,

503 2503 622 2558 illos
661 2521 690 2559 a
724 2506 878 2562 Patre
927 2509 1028 2562 sibi
1069 2509 1225 2564 datos
1263 2510 1515 2574 aliirmat,
1546 2512 1638 2580 qui
1682 2513 1732 2564 in
1773 2512 1918 2565 illum
1956 2528 2074 2568 cre-

503 2597 735 2663 derent;
772 2614 875 2652 non
909 2601 1070 2670 I50
1098 2611 1155 2656 ut
1187 2603 1307 2657 illos
1337 2604 1548 2671 perdat,
1589 2603 1684 2658 sed
1719 2614 1776 2656 ut
1805 2605 1857 2657 in
1889 2604 2076 2658 novis-

502 2689 645 2744 simo
701 2689 790 2745 die
837 2691 902 2746 ad
963 2694 1129 2746 vitam
1165 2694 1551 2750 exsuscitet".
1614 2694 1720 2750 Sed
1777 2710 1886 2764 quo
1920 2697 2077 2750 modo

500 2783 838 2837 exsuscitat?
867 2800 971 2838 non
1003 2784 1107 2839 alio
1136 2801 1288 2849 sane,
1323 2801 1484 2855 quam
1520 2800 1616 2855 per
1645 2802 1799 2840 suam
1834 2802 1901 2840 ex
1935 2802 2080 2840 rnor-

503 2873 611 2928 tuis
667 2877 1154 2934 resurrectionem.
1206 2877 1438 2946 Proprie
1492 2893 1724 2946 namque
1775 2881 1974 2947 templo
2021 2880 2075 2934 in

500 2965 662 3019 vitam
721 2969 1008 3032 restituto,
1077 2972 1375 3040 mortisque
1433 2972 1658 3040 imperio
1707 2988 1802 3042 per
1848 2975 2077 3042 pr0pria:

500 3060 682 3112 carnis
715 3071 944 3116 mortem
971 3064 1250 3128 demolito,
1282 3065 1530 3118 humanae
1554 3075 1759 3119 natura:
1791 3065 1856 3118 ad
1894 3081 2077 3120 resur-

503 3153 820 3217 rectionem,
851 3171 1057 3210 necnon
1085 3159 1152 3210 ad
1186 3157 1535 3211 obtinendam
1564 3167 1752 3211 contra
1776 3159 2076 3227 corruptio-
2104 3197 2147 3254 c

499 3258 620 3296 nem
668 3245 971 3311 victoriam,
1022 3250 1164 3302 viam
1214 3250 1465 3303 munivit.
1513 3249 1672 3304 Verbi
1724 3250 1909 3321 itaque
1957 3252 2072 3316 Dei,

499 3337 640 3404 quod
677 3353 707 3392 e
741 3339 879 3394 cmlo
910 3341 1211 3406 descendit,
1251 3344 1304 3395 id
1342 3344 1620 3412 proprium
1659 3353 1762 3407 est,
1799 3359 1897 3412 per
1928 3347 2072 3413 quod

499 3426 890 3496 primogenitus
929 3445 996 3486 ex
1049 3431 1344 3488 mortuis“
1391 3433 1590 3488 factum
1641 3435 1764 3489 est?
1791 3449 1898 3504 quo
1943 3436 2073 3491 illud

500 3519 779 3586 nimirum,
828 3524 970 3592 quod
1026 3524 1125 3592 ipsi
1173 3528 1431 3579 donatura
1489 3535 1592 3587 est,
1652 3541 1760 3580 una
1805 3543 1926 3582 cum
1981 3527 2074 3583 illo

498 3612 932 3680 cxsuscitatum,
988 3625 1208 3684 propter
1268 3617 1587 3686 protoplasti
1651 3618 2071 3673 inobedientiam

500 3717 604 3756 non
653 3704 884 3785 amplius
924 3717 1131 3776 pereat,
1173 3710 1266 3763 sed
1316 3719 1538 3780 propter
1565 3711 1764 3765 Christi
1816 3711 2075 3767 obedien-

500 3793 653 3858 tiam,
684 3795 910 3850 salutcm
936 3808 991 3852 et
1019 3800 1182 3854 vitam
1212 3809 1469 3856 aeternam
1506 3803 1768 3858 obtineat.
1801 3803 2071 3859 Caeterum

498 3896 559 3938 ut
589 3887 746 3940 homo
780 3886 981 3943 factum
1018 3900 1122 3955 est,
1158 3907 1251 3945 eos
1285 3893 1388 3946 sibi
1425 3893 1581 3948 datos
1609 3894 1761 3960 dicit,
1791 3895 1882 3964 qui
1911 3895 2070 3951 (idem

497 3975 551 4029 in
590 3977 762 4046 ipsum
810 3981 1098 4049 recipiunt.
1145 3981 1280 4036 Nam
1329 3986 1510 4039 omnia
1538 4001 1656 4056 quae
1689 3985 1867 4042 Patris
1923 3997 2068 4054 sunt,

497 4067 984 4141 han-editariojure
1036 4076 1292 4143 possidet.
1326 4076 1624 4147 Postquam
1670 4093 1802 4132 vero
1828 4081 1909 4148 (ut
1935 4079 2070 4150 dixi)

495 4163 648 4215 carni
679 4171 733 4217 et
773 4167 1021 4234 sanguini
1053 4169 1479 4223 communicavit
1503 4171 1570 4236 ⁵³,
1597 4181 1652 4224 et
1681 4185 1779 4224 nos
1817 4171 1868 4224 in
1897 4172 2068 4239 ipsum

498 4263 560 4306 ut
589 4253 641 4306 in
671 4254 838 4309 Deum
868 4258 1216 4323 credidimus,
1260 4261 1328 4314 ob
1357 4260 1413 4314 id
1449 4259 1652 4315 factum
1681 4271 1783 4325 est,
1818 4273 1871 4316 ut
1903 4263 2072 4316 dona-

501 4343 662 4400 tionis
697 4362 891 4402 nomen
921 4350 970 4404 ei
1004 4351 1288 4408 tribuatur.
1321 4351 1454 4406 Nam
1488 4353 1578 4421 qui
1605 4364 1728 4407 aute
1763 4363 2070 4420 susceptam

496 4453 718 4493 carnem
752 4441 1073 4508 imperabat,
1115 4444 1160 4498 is
1194 4445 1360 4498 etiam
1392 4461 1558 4499 carne
1599 4446 1820 4499 indutus
1845 4460 2069 4512 regnum

495 4531 548 4584 in
582 4547 680 4587 nos
708 4533 959 4588 obtinuit.
989 4535 1061 4588 Ita
1107 4536 1193 4590 ubi
1239 4536 1469 4605 primum
1497 4534 1734 4590 Verbum
1772 4536 1935 4588 homo
1972 4551 2069 4587 nu-

495 4619 595 4671 stri
624 4619 815 4675 similis
839 4621 1036 4676 factum
1066 4633 1168 4687 est,
1200 4638 1258 4677 tit
1289 4624 1650 4694 principatum
1688 4624 1741 4678 in
1788 4639 1885 4677 nos
1910 4639 2063 4693 gere-

498 4721 597 4775 ret,
634 4711 1009 4783 inauguratum
1049 4727 1128 4770 est
1163 4735 1176 4771 :
1217 4736 1234 4768 ι
1264 4717 1528 4770 Dominus
1562 4718 1780 4788 (inquit)
1825 4716 1962 4771 dixit
1999 4716 2066 4770 ad

496 4820 580 4857 me
614 4821 626 4857 :
660 4804 824 4860 Filius
868 4823 1018 4863 meus
1065 4825 1124 4864 es
1177 4819 1259 4877 tu;
1299 4825 1398 4878 ego
1441 4811 1600 4866 hodie
1656 4810 1820 4882 genui
1869 4821 1922 4865 te
1943 4810 2010 4865 “.
2043 4828 2061 4861 ι

2182 1964 2317 2017 ἀλλὰ
2345 1965 2404 2017 τὸ
2429 1965 2642 2034 θέλημα
2682 1963 2776 2016 τοῦ
2810 1961 3129 2033 πέμψαντός
3171 1977 3260 2031 με.
3297 1978 3316 2010 ιι
3364 1955 3568 2011 Οὐκοῦν
3607 1955 3769 2008 οἱκοο

2182 2053 2423 2125 νομικῶς
2449 2053 2518 2108 τὰ
2543 2054 2722 2108 τοιάδε
2753 2052 2910 2124 φησί.

2251 2340 2388 2394 ΚΗ’.
2428 2337 2577 2408 Πλὴν
2617 2338 2795 2390 έκεῖνο
2823 2336 2954 2407 φέρε
2984 2335 3072 2405 δὴ,
3107 2333 3241 2406 φέρε
3279 2331 3762 2403 καταθρήσωμενο

2194 2432 2282 2497 Ἐξ
2303 2431 2536 2504 ούρανοῦ
2560 2429 2801 2492 καταϐὰς
2824 2429 2900 2492 ὡς
2923 2426 3077 2491 Θεὸς,
3103 2426 3350 2481 δεδόσθαι
3381 2427 3545 2496 φησιν
3575 2421 3762 2491 ἑαυτῷ

2182 2523 2334 2594 παρὰ
2364 2521 2459 2576 τοῦ
2497 2522 2712 2593 Πατρδς
2744 2522 2870 2583 τοὺς
2905 2521 2984 2583 εἰς
3015 2519 3178 2572 αὑτὸν
3217 2517 3636 2579 πιστεύσαντας,
3669 2514 3766 2567 ἵνα

2185 2614 2259 2682 μὴ
2290 2613 2555 2683 ἀπολέσῃ,
2593 2611 2744 2682 σώσῃ
2776 2611 2832 2662 δὲ
2867 2610 3064 2678 μᾶλλον
3095 2607 3312 2671 αὐτοὺς,
3345 2607 3440 2659 καὶ
3473 2606 3763 2675 ἀναστήσῃ

2179 2707 2244 2775 τῇ
2286 2705 2491 2774 ἐσχάτῃ
2519 2703 2726 2775 ἡμέρᾳ.
2784 2702 2908 2765 Πῶς
2934 2696 3028 2754 οὖν
3058 2699 3358 2768 ἀνέστησεν
3377 2738 3392 2762 ,
3445 2698 3477 2766 ἣ
3511 2697 3764 2762 δηλονότι

2179 2794 2266 2847 διὰ
2289 2795 2390 2864 τῆς
2421 2794 2554 2857 ἰδίας
2583 2793 2936 2855 ἀναστάσεως
2959 2791 3061 2860 τῆς
3092 2791 3156 2841 ὲκ
3191 2789 3438 2858 νεκρῶνς
3475 2788 3766 2856 Ζωοποιή-

2181 2904 2281 2949 σας
2313 2887 2420 2955 γὰρ
2478 2886 2572 2938 καὶ
2623 2885 2730 2953 πρό
2765 2901 2829 2950 γε
2876 2881 2985 2935 τῶν
3033 2881 3210 2934 ἄλλων
3244 2879 3336 2932 τὸν
3369 2878 3568 2932 ἑαυτοῦ
3605 2878 3759 2941 ναὸν,

2178 2977 2273 3030 καὶ
2310 2977 2372 3029 τὸ
2408 2974 2504 3029 τοῦ
2543 2975 2775 3028 θανάτου
2813 2972 3144 3035 κατασείσας
3179 2971 3380 3043 κράτος
3412 2969 3499 3022 διὰ
3528 2969 3624 3022 τοῦ
3659 2970 3764 3023 θα-

2178 3072 2338 3123 νάτου
2366 3069 2466 3138 τῆς
2499 3068 2634 3128 ἰδίας
2671 3066 2897 3136 σαρκὸς,
2931 3066 3050 3128 ὁδὸς
3095 3065 3284 3132 γέγονε
3326 3066 3391 3133 τῇ
3440 3062 3763 3132 ἀνθρωπεία.

2180 3163 2339 3233 φύσει
2367 3161 2503 3230 πρὸς
2541 3160 2860 3219 ἀνάστασιν,
2895 3158 2990 3210 καὶ
3022 3157 3156 3227 πρός
3186 3173 3250 3224 γε
3273 3155 3334 3207 τὸ
3360 3154 3617 3207 δύνασθαι
3650 3153 3764 3205 λοι-

2182 3256 2282 3309 πδν
2313 3251 2784 3321 κατευμεγεθῆσαι
2819 3249 3207 3320 φθορᾶς.⁹Ιδιον
3223 3243 3290 3318 ἦν
3325 3249 3432 3318 ἄρα
3463 3246 3557 3300 τοῦ
3587 3263 3763 3298 κατα-

2183 3347 2537 3417 φοιτήσαντος
2593 3343 2650 3408 ἐξ
2715 3339 2947 3411 ούρανοῦ
3004 3337 3140 3392 Θεοῦ
3216 3338 3390 3406 Λόγου
3463 3337 3522 3390 τὸ
3581 3336 3652 3389 δι’
3697 3329 3762 3387 οὗ

2179 3438 2368 3508 γέγονε
2405 3434 2751 3506 πρωτότοκος
2779 3434 2842 3485 ἐκ
2872 3430 3102 3501 νεκρῶν’
3148 3430 3236 3484 ἵνα
3273 3430 3369 3482 καὶ
3400 3429 3762 3498 ἐγηγερμὲνῳ

2181 3526 2556 3598 κατακολουθῇ
2601 3525 2741 3596 πρὸς
2771 3523 2917 3595 ζωὴν
2967 3524 3030 3576 τὸ
3057 3523 3208 3576 δοθὲν
3245 3521 3418 3590 αὐτῷ,
3452 3521 3639 3574 οὐκέτι.
3672 3521 3762 3573 διὰ

2179 3622 2279 3694 τὴν
2302 3620 2395 3674 τοῦ
2423 3615 2852 3690 πρωτοπλάστου
2883 3615 3198 3686 παράϐασιν
3231 3613 3628 3683 ἀπολλύμενον,
3657 3630 3761 3665 σω-

2181 3717 2408 3787 ζόμενον
2445 3715 2502 3769 δὲ
2551 3713 2753 3784 μᾶλλον
2790 3712 2881 3765 διὰ
2932 3711 3032 3782 τὴν
3079 3711 3327 3780 ὑπακοὴν
3366 3708 3462 3761 τοῦ
3494 3708 3755 3777 Χριστοῦ.

2179 3806 2438 3861 Δεδόσθαι
2470 3805 2526 3858 δέ
2558 3819 2724 3875 φησιν
2757 3801 2934 3872 ἐαυτῷ
2967 3802 3092 3863 τοὺς
3135 3799 3233 3871 τὴν
3269 3801 3350 3862 είς
3381 3799 3542 3853 αὑτὸν
3575 3799 3761 3851 πίστιν

2179 3897 2570 3970 προσιεμένους
2604 3895 2791 3960 πάλιν,
2821 3893 2898 3957 ὠς
2929 3892 3216 3962 ἄνθρωπος
3245 3892 3508 3960 γεγονώς.
3542 3892 3760 3961 κλῆρος

2182 3991 2281 4059 μὲν
2309 3989 2418 4060 γὰρ
2455 3987 2586 4052 ἴδιος
2616 3985 2768 4056 αὐτῷ
2814 3985 2995 4040 πάντα
3027 3983 3097 4037 τὰ
3127 3983 3224 4036 τοῦ
3256 3983 3488 4054 Πατρός.
3537 3982 3756 4051 Ἐπειδὴ

2178 4077 2256 4143 δὲ,
2285 4078 2360 4141 ὡς
2389 4077 2546 4145 ἔφην,
2579 4075 2848 4146 μετέσχεν
2877 4075 3106 4144 αἵματος
3133 4075 3229 4128 καὶ⁵
3263 4074 3486 4144 σαρκὸς,
3517 4069 3639 4126 εἶτα
3664 4091 3761 4126 πε-

2180 4169 2556 4239 πιστεύκαμεν
2585 4167 2660 4231 ὡς
2683 4166 2822 4236 Θεῷ,
2853 4165 3025 4238 ταύτῃ
3046 4183 3129 4219 τοι
3145 4166 3207 4219 τὸ
3237 4166 3336 4234 τῆς
3359 4165 3562 4228 δόσεως
3584 4164 3760 4235 ὄνομα

2178 4258 2662 4332 παρεισκρίνεται·
2698 4256 3054 4326 βεϐασίλευκε
3103 4258 3212 4328 γὰρ
3269 4256 3428 4326 ἡμῶν
3474 4258 3570 4310 καὶ
3618 4259 3757 4327 μετά

2180 4353 2405 4423 σαρκὸς,
2443 4354 2471 4405 ὁ
2500 4352 2596 4405 καὶ
2629 4352 2736 4420 πρὸ
2768 4351 2940 4422 αὐτῆς
2969 4350 3240 4421 βασιλεύς.
3266 4350 3378 4404 Καὶ
3407 4349 3540 4418 γοῦν
3569 4351 3644 4413 ὡς
3680 4352 3758 4413 εἰς

2177 4444 2274 4514 τὴν
2307 4443 2398 4496 τοῦ
2431 4445 2628 4513 χρῆναι
2660 4443 2969 4513 βασιλεύειν
3018 4445 3193 4514 ἀρχὴν
3225 4443 3714 4513 εἰσκεκομισμένος
3734 4484 3752 4506 ,

2179 4535 2268 4588 ὅτε
2294 4535 2485 4602 γέγονε
2517 4534 2638 4588 καθ’
2674 4535 2842 4605 ἡμᾶς,
2892 4553 2910 4585 ‹
2949 4533 3154 4605 Κύριος
3179 4575 3193 4599 ,
3233 4533 3422 4605 φησὶν,
3458 4529 3582 4586 εἶπε
3621 4534 3758 4604 πρὸς

2179 4642 2266 4693 με·
2301 4625 2429 4689 Υἱός
2463 4641 2565 4695 μου
2602 4621 2654 4678 εἴ
2687 4626 2776 4690 σὺ,
2811 4623 2923 4692 ἐγὼ
2959 4624 3201 4697 σήμερον
3244 4623 3555 4694 γεγέννηκά
3603 4640 3688 4677 σε.
3730 4643 3750 4674 ι

2173 4717 2395 4787 Δέχεται
2441 4717 2620 4770 τοίνυν
2653 4717 3007 4788 ἀνθρωπίνως
3037 4718 3108 4772 τὰ
3155 4716 3369 4788 ἑαυτοῦ,
3398 4717 3578 4770 καίτοι
3622 4735 3751 4770 κατ·

2173 4809 2502 4873 εξουσιάξων
2528 4809 2642 4863 τῶν
2671 4810 2810 4863 ὅλων
2839 4810 2915 4874 ὠς
2944 4809 3100 4873 Θεός.

494 4895 751 4961 Quamvis
793 4915 921 4968 ergo
959 4911 1016 4953 ut
1052 4902 1192 4956 Deus
1224 4903 1475 4957 omnibus
1543 4905 1887 4968 dominetur;
1955 4911 2132 4956 tamen
2174 4902 2472 4957 secundum
2525 4901 2817 4955 humanam
2868 4911 3142 4964 naturam,
3195 4917 3313 4971 qua:
3357 4917 3456 4958 sua
3508 4903 3755 4974 alioquin

494 5001 670 5058 erant,
704 4993 980 5061 accepisse
1011 4995 1230 5051 dicitur.

669 5104 748 5159 De
794 5105 992 5160 Christi
1033 5109 1486 5176 sanctiﬁcatione,
1545 5111 1884 5181 ejusdcmaue

1114 5181 1430 5235 sacerdotio.

566 5288 759 5344 XXIX.
807 5307 826 5340 ι
863 5289 1097 5346 Decebat
1128 5292 1272 5346 enim
1319 5308 1463 5358 eum,
1493 5303 1714 5362 propter
1745 5308 1899 5362 quem
1947 5307 2064 5345 ont-

564 5468 610 5502 "
650 5468 806 5528 Joan.
846 5486 968 5563 VIII:
1000 5471 1086 5538 I5,
1114 5470 1198 5527 I6.
1274 5469 1572 5537 “Joan.vr,
1610 5471 1699 5526 59.
1775 5471 1819 5503 ”
1857 5471 2063 5527 Coloss.
2094 5473 2147 5536 i,‘
2175 5471 2260 5525 I8.

2171 5107 2312 5177 Περὶ
2351 5107 2455 5162 τοῦ
2495 5106 2776 5176 ἡγιάσθαι
2801 5075 2806 5082 Ι
2833 5106 2942 5177 τὸν
2983 5107 3261 5174 Χριστὸν,
3314 5123 3410 5160 και
3459 5107 3572 5174 τῆς
3619 5109 3754 5162 κατ’

2488 5178 2676 5231 αὐτὸν
2697 5175 3035 5246 νοουμένης
3073 5178 3424 5245 ἱερωσύνης.

2242 5289 2369 5345 ΚΘ’.
2414 5310 2432 5343 ι
2472 5291 2722 5361 Ἔπρεπε
2769 5289 2875 5360 γὰρ
2906 5288 3066 5343 αὐτὸν
3097 5289 3150 5356 Ιι,
3201 5289 3270 5341 δι’
3319 5289 3379 5342 ὃν
3417 5288 3486 5342 τὰ
3523 5289 3709 5344 πάντα
3735 5330 3752 5355 ,

2360 5471 2406 5504 ³⁸
2435 5470 2598 5526 Ilebr.
2626 5487 2684 5539 ιι,
2714 5470 2798 5526 14.
2873 5469 2919 5503 ⁸⁸
2951 5468 3089 5526 Psal.
3124 5485 3185 5538 ιι,
3233 5467 3300 5537 7;
3347 5469 3508 5528 Ilebr.
3538 5484 3579 5535 ι,
3618 5468 3678 5525 5.

1587 5655 1756 5708 Varia:
1785 5655 2038 5711 Ιιςςιῑοιιυε
2059 5654 2260 5711 codicis
2291 5651 2649 5722 chuieriani.

572 5814 590 5856 ί
633 5815 798 5886 μηδὲν
829 5816 1180 5888 ἀπολέσηται.
1259 5825 1284 5865 ι
1315 5815 1464 5871 αὐτὸ.
1542 5817 1567 5856 h
1601 5815 1758 5889 αὑτῴ-
