4000 6326
223 407 358 464 i573

1020 404 1112 460 AD
1151 402 1449 460 REGINAS
1487 404 1572 458 DE
1612 401 1841 458 RECTA
1884 403 2039 459 FIDE
2078 402 2340 460 ORATIO
2377 402 2678 458 ALTERA.

3334 401 3479 460 1374

219 519 312 572 καὶ
356 519 422 574 δι’
454 513 514 575 οῦ
544 521 614 575 τὰ
643 522 819 576 πάντα
841 562 856 586 ,
887 520 1117 584 πολλοὺς
1147 521 1298 584 υἱοὺς
1343 522 1422 583 είς
1465 518 1624 584 δόξαν
1655 521 1791 588 ἀγα·
1818 573 1821 580 ,

1910 519 2006 583 tia,
2049 529 2102 574 et
2137 535 2233 589 per
2261 535 2421 589 quem
2469 520 2672 582 omnia,
2723 516 2813 587 qui
2850 515 3047 572 multos
3096 515 3233 571 filios
3263 515 3315 570 in
3361 516 3475 586 glo-

219 612 381 678 γόντα
407 613 453 676 i,
480 612 571 665 τὸν
605 612 846 684 ἀρχηγὸν
878 613 980 682 τῆς
1011 611 1286 681 σωτηρίας
1331 611 1511 664 αὐτῶν
1558 610 1646 664 διὰ
1685 629 1790 664 πα-

221 703 479 773 θημάτων
505 703 811 758 τελειῶσαι.
842 704 909 757 Ὅ
928 720 988 756 τε
1018 705 1124 775 γὰρ
1156 703 1399 771 ἁγιάζων
1429 705 1524 757 καὶ
1553 704 1603 756 οί
1631 703 1789 770 ἁγια-

219 793 454 864 ζόμενοι,
488 794 548 859 ἐξ
574 795 692 860 ἑνὸς
721 795 920 858 πάντες
940 810 953 823 ·
987 795 1054 848 δι’
1088 795 1155 865 ἢν
1184 794 1363 848 αἰτίαν
1391 796 1492 848 οὐκ
1525 793 1790 863 ἐπαισχύ-

219 903 364 939 νεται
407 886 671 955 ἀδελφοὺς
716 887 910 950 αὐτοὺς
955 886 1170 949 καλεῖν,
1221 887 1416 955 λέγων’
1467 884 1791 953 Ἀπαγγελῶ

219 979 277 1031 τὸ
305 978 476 1049 ὁνομά
507 996 601 1032 σου
631 980 741 1042 τοῖς
769 979 1018 1047 ἀδελφοῖς
1049 995 1147 1048 μου
1181 1019 1195 1041 ,
1228 981 1284 1032 ὲν
1313 979 1463 1050 μέσῳ
1493 978 1791 1048 ἐκκλησίας

221 1068 446 1138 ὑμνήσω
492 1085 573 1121 σε.
614 1087 633 1119 ι
679 1069 895 1123 Οῖονται
941 1070 1082 1139 τάχα
1112 1085 1213 1122 που
1258 1071 1366 1124 τῶν
1403 1069 1790 1140 ἀμαθεστέρων

219 1158 394 1220 τινὲς,
435 1159 530 1210 καὶ
569 1157 796 1228 διαιρεῖν
829 1157 1098 1210 εἰωθότων
1141 1158 1221 1221 εἰς
1258 1156 1351 1210 δύο
1390 1156 1662 1227 Χριστοὺς
1695 1155 1790 1206 καὶ

221 1249 298 1309 είς
319 1247 412 1300 δύο
441 1248 592 1311 υἱοὺς
625 1247 717 1301 τὸν
748 1247 846 1301 ’ἐνα
881 1247 1081 1318 Κύριον
1144 1245 1350 1316 Ἰησοῦν
1397 1243 1632 1316 Χριστὸν
1655 1283 1670 1306 ,
1699 1259 1792 1294 τε-

221 1339 504 1410 λειωθῆναι
534 1339 788 1407 λὲγεσθαι
821 1339 909 1392 διὰ
937 1338 1278 1409 παθημάτων
1309 1337 1402 1390 τὸν
1447 1338 1512 1389 ἐκ
1535 1334 1792 1404 γυναικὸς

167 1423 170 1426 ’
220 1430 500 1500 ἄνθρωπον
529 1429 634 1500 ἰδίᾳ
659 1429 967 1500 νοούμενον,
1004 1433 1096 1482 καὶ
1123 1429 1246 1499 δίχα
1277 1427 1372 1481 τοῦ
1401 1429 1466 1480 ἐκ
1494 1425 1630 1480 Θεοῦ
1674 1427 1790 1478 Πα-

219 1520 342 1589 τρδς
371 1520 525 1582 ὄντος
557 1521 732 1589 Λόγου
759 1562 774 1586 ,
797 1522 894 1572 καὶ⁹
920 1519 1082 1573 αὑτὸν
1109 1518 1365 1588 λέγεσθαι
1394 1519 1491 1588 τῆς
1519 1516 1792 1588 σωτηρίας

219 1611 374 1682 ήμῶν
395 1611 487 1662 τὸν
516 1612 779 1683 ἀρχηγόν.
821 1610 1212 1664 Τετελειῶσθαι
1246 1612 1302 1664 δὲ
1329 1613 1458 1680 παρ’
1504 1609 1668 1664 αὑτοῦ
1698 1609 1791 1662 τοῦ

219 1701 351 1754 Θεοῦ
378 1702 555 1769 Λόγον
587 1703 811 1756 δοθέντα
843 1703 979 1775 πρὸς
1015 1702 1077 1756 τὸ
1102 1702 1272 1765 πάθος
1305 1700 1318 1752 i
1375 1702 1450 1764 ὼς
1485 1701 1666 1772 ἕτερον
1701 1700 1795 1753 ἰδιο

219 1794 349 1857 κῶς.
392 1795 628 1865 Πρέπειν
665 1795 776 1866 γὰρ
814 1796 964 1866 αὑτῴ
989 1796 1052 1868 δὴ
1085 1795 1323 1866 μάλιστά
1365 1811 1498 1864 φασι
1533 1793 1610 1862 τῷ
1643 1794 1710 1847 δι’
1737 1792 1796 1846 δν

1894 611 2031 665 riam
2075 611 2399 678 adduxerat,
2440 621 2715 665 auctorem
2755 609 2950 664 salutis
2985 623 3172 663 eorum
3218 623 3316 678 per
3342 623 3472 677 pas-

1893 703 2074 757 siones
2111 718 2514 758 consummare.
2562 702 2663 769 Qui
2715 703 2858 772 enim
2907 700 3232 768 sanctificat,
3285 710 3340 755 et
3380 699 3470 770 qui

1892 793 2325 860 sanctiﬁcantur,
2370 809 2436 847 ex
2475 809 2582 848 uno
2627 807 2836 848 omnes.
2869 791 3096 860 Propter
3135 807 3295 861 quam
3339 808 3469 845 Catt-

1892 898 2008 938 sam
2062 899 2170 937 non
2221 883 2569 938 confunditur
2605 884 2800 937 fratres
2848 897 2942 937 eos
2990 898 3205 948 vocare,
3239 883 3468 937 dicens:

1893 975 2246 1031 Annuutiabo
2277 991 2474 1030 nomen
2521 985 2668 1029 tuum
2709 975 2968 1029 fratribus
3009 975 3162 1040 meis,
3209 975 3261 1027 iu
3293 975 3472 1027 medio

1892 1062 2136 1118 ecclesia:
2164 1063 2392 1116 laudabo
2409 1073 2460 1116 te
2483 1062 2549 1116 ⁸⁷.
2584 1081 2602 1114 ι
2640 1062 2927 1126 Rudiores,
2958 1064 3047 1132 qui
3067 1061 3350 1115 Dominum
3376 1081 3470 1116 no-

1892 1163 2061 1207 strum
2083 1153 2268 1208 Jesum
2305 1154 2582 1209 Christum
2612 1154 2748 1208 duos
2781 1153 3027 1208 Christos
3061 1155 3389 1223 totidemque
3413 1155 3470 1206 ti-

1893 1247 1992 1300 lios
2009 1261 2106 1300 suo
2121 1261 2270 1300 more
2288 1246 2554 1311 dividunt,
2571 1247 2911 1301 arbitrantur
2927 1246 3175 1301 fortassis
3196 1248 3466 1301 hominem

1892 1355 1957 1393 ex
1979 1339 2204 1393 muliere
2228 1351 2436 1404 natum,
2469 1353 2710 1394 seorsum
2731 1354 2826 1406 per
2849 1354 2926 1402 se,
2953 1340 3053 1392 hoc
3075 1347 3175 1400 est,
3201 1356 3228 1391 a
3251 1338 3341 1393 Dei
3365 1339 3468 1393 Pa-

1895 1431 1995 1484 tris
2026 1429 2204 1484 Verbo
2234 1432 2560 1497 sejunctum,
2595 1429 2749 1499 151
2780 1445 2874 1498 per
2904 1431 3184 1498 passiones
3217 1430 3304 1483 hic
3335 1445 3468 1483 con-

1894 1531 2216 1576 summatum
2263 1521 2570 1590 praedicari,
2623 1521 2982 1588 eutudemque
3032 1519 3222 1573 salutis
3271 1528 3469 1572 nostra:

1895 1621 2170 1664 auctorem
2202 1611 2302 1664 hoc
2330 1611 2447 1664 loco
2469 1609 2727 1678 appellari
2751 1624 2766 1673 ;
2794 1619 3232 1663 consummatum
3260 1617 3468 1671 autem,

1895 1711 1952 1756 et
1985 1702 2228 1769 passioni
2258 1700 2421 1756 veluti
2457 1701 2687 1754 alterum
2721 1702 3027 1770 quempiam
3065 1715 3093 1752 a
3133 1715 3211 1766 se,
3247 1700 3312 1752 ab
3352 1699 3468 1768 ipso

1897 1792 2074 1848 Verbo
2102 1793 2370 1862 obiectum
2392 1808 2532 1849 esse.
2553 1792 2686 1846 Nam
2713 1793 2862 1859 illud,
2902 1811 2920 1843 ι
2965 1803 3184 1861 propter
3222 1806 3381 1858 quem
3415 1800 3470 1844 et

219 1887 284 1938 τὰ
318 1886 496 1939 πάντα
528 1888 622 1940 καὶ
650 1887 716 1940 δι’
747 1881 808 1940 οῦ
835 1887 902 1940 τὰ
935 1887 1133 1952 πάντα,
1168 1887 1258 1941 διά
1283 1903 1365 1940 τοι
1394 1887 1456 1939 τὸ
1486 1886 1654 1955 φάναι
1701 1885 1794 1938 τὸν

1910 1899 1993 1951 per
2035 1899 2193 1953 quem
2229 1884 2434 1948 omnia,
2465 1902 2485 1934 ι
2537 1884 2825 1952 propriein
2855 1883 2981 1936 illud
3009 1881 3318 1948 convenire,
3364 1881 3467 1933 hoc

223 1975 492 2046 μακάριον
530 1977 944 2048 εὐαγγελιστήν·
979 1996 998 2028 ι
1029 1979 1212 2032 Πάντα
1248 1977 1316 2031 δι’
1346 1977 1510 2031 αὑτοῦ
1539 1979 1788 2044 ἐγένετο,

221 2067 314 2120 καὶ
364 2069 532 2139 χωρὶς
575 2068 740 2122 αὑτοῦ
786 2071 1000 2138 ἐγένετο
1026 2070 1148 2123 οὐδὲ
1178 2071 1258 2125 ἓν.
1297 2090 1314 2122 ι
1363 2099 1433 2109 -
1485 2090 1502 2120 ι
1543 2070 1792 2139 Ἐπρεπε

221 2158 420 2222 τοίνυν,
447 2159 619 2228 φασὶ,
656 2159 734 2231 τῷ
779 2162 960 2232 Λόγῳ,
993 2161 1060 2215 δι’
1088 2161 1147 2215 ὃν
1177 2160 1246 2215 τὰ
1293 2162 1474 2215 πάντα
1506 2161 1603 2214 καὶ
1636 2160 1703 2213 δι’
1735 2153 1796 2212 οὗ

222 2253 289 2306 τὰ
336 2252 515 2306 πάντα
535 2293 550 2317 ,
579 2253 809 2318 πολλοὺς
843 2256 1003 2320 -υἱοὺς
1032 2256 1112 2319 είς
1161 2254 1317 2319 δόξαν
1367 2254 1625 2324 ἀγαγόντι
1647 2296 1661 2319 ,
1708 2254 1798 2306 τὸν

229 2345 469 2415 ἀρχηγὸν
493 2345 594 2416 τῆς
625 2346 896 2417 σωτηρίας
923 2347 1125 2413 αὐτῶν,
1155 2368 1174 2399 ι
1209 2347 1486 2400 τουτέστιν
1511 2345 1799 2416 ἄνθρωπον

230 2436 438 2500 ἁπλῶς.
462 2437 553 2490 τὸν
581 2437 666 2492 διά
694 2438 795 2506 τῆς
821 2439 980 2506 ἁγίας
1012 2437 1310 2509 Παρθένου,
1342 2456 1361 2488 ι
1394 2436 1682 2489 τελειῶσαι
1711 2435 1801 2488 διά

229 2526 587 2597 παθημάτων.
649 2545 668 2578 ι
746 2529 868 2580 Ὀτι
911 2527 970 2580 δέ
1019 2530 1167 2590 ἐστιν
1211 2524 1609 2597 ὲμὸροντησίας
1665 2526 1799 2579 ἀνά-

227 2619 405 2682 πλεως
454 2620 483 2672 ὁ
515 2618 672 2688 λόγος
721 2620 906 2684 αὐτοῖς
926 2658 944 2688 ,
999 2617 1074 2681 ὡς
1115 2617 1194 2671 ἐνι
1225 2617 1322 2672 καὶ
1355 2617 1452 2671 νῦν
1483 2615 1800 2684 καταδεῖξαι

227 2711 582 2781 πειράσομαι.

295 2892 374 2946 A'.
419 2889 642 2964 Πρῶτον
678 2892 778 2962 μὲν
826 2891 937 2962 γὰρ
984 2891 1084 2957 τὸ,
1115 2889 1188 2943 δι’
1235 2885 1328 2956 οὗ,
1367 2890 1462 2944 καὶ
1507 2891 1594 2943 ἐπ’
1636 2888 1802 2943 αὐτοῦ

225 2983 461 3038 τέθειται
494 2983 590 3037 τοῦ
626 2984 859 3055 Πατρός.
895 2985 1005 3038 Καὶ
1033 2982 1164 3052 γοῦν
1202 2984 1230 3035 ὁ
1265 2983 1536 3053 μακάριος
1567 2982 1801 3048 Παῦλος,

234 3095 253 3128 ι
287 3076 506 3141 Πιστὸς,
541 3076 728 3146 φησὶν,
767 3078 796 3129 ό
824 3077 990 3138 θεὸς,
1013 3077 1079 3129 δι’
1116 3069 1177 3129 οὗ
1207 3074 1474 3146 ἐκλήθητε
1506 3076 1585 3138 εἰς
1610 3093 1806 3128 κοινω-

227 3169 346 3222 νίαν
370 3167 464 3222 τοῦ
496 3168 628 3222 Υἱοῦ
671 3168 860 3222 αὐτοῦ.
899 3187 918 3220 ι
958 3168 1070 3222 Καὶ
1103 3168 1264 3222 πάλιν
1291 3171 1406 3230 τοῖς
1452 3167 1540 3220 διὰ
1569 3167 1806 3230 πίστεως

1902 1975 2177 2047 (inquiunt
2206 1974 2301 2045 illi)
2337 1990 2403 2029 ex
2433 1975 2595 2030 beato
2625 1975 2952 2045 evangelista
2987 1975 3266 2028 evidenter
3293 1972 3468 2042 colligi

1901 2077 2094 2138 potest.
2128 2068 2215 2121 Ait
2240 2069 2383 2122 enim
2415 2085 2427 2122 :
2467 2088 2484 2120 ι
2517 2068 2708 2124 Omnia
2739 2083 2834 2136 per
2869 2069 3042 2136 ipsum
3075 2067 3211 2119 facta
3243 2075 3389 2128 sunt,
3418 2073 3474 2118 et

1901 2162 2017 2216 sine
2052 2161 2168 2229 ipso
2206 2159 2402 2216 factum
2444 2171 2526 2216 est
2564 2162 2696 2216 nihil
2721 2162 2788 2214 ⁸⁸.
2821 2181 2839 2214 ι
2880 2191 2950 2202 --
2984 2179 3002 2212 ι
3037 2160 3268 2214 Decebat
3313 2159 3474 2229 igitur

1901 2255 2066 2325 (sicut
2098 2264 2348 2307 asserunt
2391 2253 2489 2322 illi)
2542 2265 2598 2307 ut
2631 2254 2722 2307 Dei
2756 2250 3018 2317 Verbum,
3056 2268 3150 2318 per
3181 2251 3319 2321 quod
3355 2265 3475 2302 om-

1903 2347 2012 2408 nia,
2047 2355 2102 2399 et
2132 2355 2352 2415 propter
2385 2345 2526 2414 quod
2569 2346 2772 2407 omnia,
2816 2344 2958 2413 quod
3009 2343 3205 2396 multos
3252 2341 3386 2393 ﬁlios
3420 2342 3472 2393 iu

1901 2436 2068 2507 gloria
2095 2439 2410 2499 adduxerat,
2446 2435 2636 2490 salutis
2672 2436 2884 2489 illorum
2917 2444 3192 2488 auctorem
3227 2435 3348 2504 (hoc
3369 2443 3473 2496 est,

1902 2527 2176 2580 hominem
2206 2542 2397 2596 purum
2429 2543 2494 2581 ex
2533 2541 2686 2581 sacra
2722 2525 2940 2595 Virgine
2975 2525 3196 2597 ortum),
3229 2541 3325 2594 per
3355 2540 3479 2593 pas-

1903 2620 2083 2676 siones
2100 2619 2395 2688 perfectum
2419 2628 2962 2687 consummatumque
2985 2617 3252 2671 redderet.
3278 2636 3296 2668 ι
3325 2617 3476 2682 Quod

1903 2724 2086 2767 autem
2130 2713 2216 2767 hic
2263 2728 2450 2766 eorum
2497 2727 2676 2766 sermo
2725 2710 2962 2765 amentia
3005 2720 3233 2774 scateat,
3278 2718 3479 2777 quanta

1911 2805 2025 2860 fieri
2073 2806 2270 2874 poterit
2301 2805 2684 2874 perspicuitate
2715 2818 2859 2857 nunc
2892 2803 3180 2858 omendere
3221 2801 3477 2856 conabor.

1976 2896 2144 2950 XXX.
2187 2897 2243 2948 lu
2291 2897 2482 2966 primis
2516 2897 2699 2966 itaque
2733 2895 2885 2958 illud,
2918 2909 3012 2963 per
3047 2910 3219 2963 quem,
3261 2892 3328 2946 de
3364 2891 3483 2961 ipso

1906 3004 2122 3059 quoque
2177 2987 2340 3041 Patre
2391 2987 2730 3041 enuntiatum
2792 2987 3064 3040 interdum
3126 2985 3480 3054 comperitur.

1913 3101 1932 3134 ι
1963 3081 2164 3136 Fidelis
2187 3079 2327 3134 Deus
2364 3079 2574 3148 (scribit
2603 3077 3052 3148 beatusPaulus),
3076 3091 3172 3146 per
3197 3092 3355 3145 quem
3389 3090 3486 3128 vo-

1911 3174 2016 3230 cati
2052 3175 2186 3228 estis
2217 3173 2270 3226 in
2301 3172 2616 3226 societatem
2655 3170 2778 3225 Filii
2811 3172 2928 3241 ejus
2946 3171 3012 3224 ⁸³.
3045 3189 3064 3222 ι
3097 3170 3178 3223 Ad
3223 3169 3343 3222 illos
3366 3183 3488 3222 rur-

227 3261 310 3323 εἰς
364 3258 644 3331 ἐλεύθερον
667 3259 884 3329 ἀξίωμα
933 3259 1290 3330 κεκλημένοις
1311 3298 1326 3323 ,
1367 3278 1385 3309 ι
1419 3259 1583 3328 Ἀρα,
1618 3258 1803 3327 φησὶν,

1910 3286 2048 3332 sum,
2077 3272 2166 3338 qui
2201 3283 2295 3337 per
2327 3266 2486 3320 tidem
2510 3264 2577 3318 ad
2615 3264 2890 3318 libertatis
2921 3263 3241 3333 dignitatem
3277 3259 3486 3314 evocati

229 3351 411 3409 οὐκέτι
447 3349 497 3404 εἴ
525 3352 707 3414 δοῦλος
733 3391 748 3417 ,
783 3353 918 3405 ἀλλὰ
949 3353 1098 3414 υἱός·
1128 3354 1177 3404 εί
1209 3351 1266 3404 δὲ
1298 3351 1412 3414 υίὸς
1437 3391 1452 3412 ,
1481 3353 1574 3403 καὶ
1605 3351 1806 3421 κληρο-

229 3443 392 3514 νόμος
437 3443 526 3497 διά
573 3444 730 3497 Θεοῦ.
773 3464 790 3496 ι
842 3443 1266 3516 Ἀδιαφορούσης
1312 3444 1494 3495 τοίνυν
1539 3444 1637 3513 τῆς
1687 3441 1806 3494 θεο-

231 3536 498 3590 πνεύστου
529 3537 751 3607 Γραφῆς
789 3536 921 3608 περὶ
957 3536 1056 3606 τὴν
1082 3535 1182 3606 τῆς
1232 3535 1432 3601 λέξεως
1475 3533 1803 3604 ὲκφώνησιν,

229 3629 528 3700 δεχομένης
569 3628 628 3682 δὲ
667 3628 840 3698 αὐτὴν
869 3629 965 3681 καὶ
997 3628 1092 3680 ἐπὶ
1136 3626 1231 3680 τοῦ
1264 3626 1479 3696 Πατρὸς
1499 3665 1514 3689 ,
1545 3626 1697 3678 οὐδὲν
1728 3625 1808 3677 ἔτι

229 3721 291 3774 τὺ
320 3719 590 3774 συνωθοῦν
613 3721 764 3789 ἡμᾶς
793 3721 872 3781 είς
902 3717 964 3770 τὸ
991 3717 1085 3770 τοῦ
1111 3716 1243 3771 Υἱοῦ
1266 3717 1616 3787 περιτρέπειν
1639 3716 1809 3785 πρόσ-

230 3831 379 3867 ωπον
423 3812 498 3874 ὡς
531 3812 589 3878 ἐξ
618 3811 863 3880 ἀνάγκης
893 3808 954 3861 τὸ
978 3848 993 3873 ,
1042 3807 1116 3862 δί’
1153 3804 1250 3864 οὗ.
1294 3808 1514 3878 Ἐπειδὴ
1565 3807 1623 3860 δὲ
1652 3807 1810 3860 τοῦτό

232 3908 381 3959 ἐστιν
414 3903 613 3974 ἀληθὲς
633 3942 647 3966 ,
679 3903 733 3954 τί
759 3903 786 3942 κ
831 3901 905 3972 μὴ
938 3900 1138 3971 μᾶλλον
1167 3898 1398 3968 ἀφέντες
1430 3899 1509 3960 εἰς
1547 3897 1607 3948 τὸ
1639 3897 1811 3967 παρὸν

233 3997 295 4049 τὸ
322 3994 487 4048 αὑτοῦ
508 3997 822 4064 πρόσωπον,
847 3985 965 4044 εἶτα
985 3989 1063 4060 τῷ
1089 3987 1276 4058 σκοπῷ
1304 3986 1412 4040 τῶν
1436 3987 1597 4058 ἱερῶν
1629 3985 1813 4056 Γραμ-

239 4087 425 4158 μάτων
457 4085 744 4155 ἑπόμενοι,
768 4085 836 4154 τῇ
867 4081 1005 4153 μετά
1033 4081 1237 4150 σαρκὸς
1266 4079 1546 4149 οἰκονομίᾳ
1583 4077 1674 4131 τοῦ
1703 4079 1813 4130 Μο-

235 4178 490 4248 νογενοῦς
532 4179 623 4230 τὸν
669 4177 807 4247 αὐτῇ
859 4175 1137 4246 πρέποντα
1180 4173 1470 4244 τηροῦντες
1500 4173 1677 4240 λόγον,
1723 4169 1816 4224 τὸν

237 4272 458 4340 Πατέρα
503 4270 681 4338 φαμὲν
726 4266 1012 4321 τελειῶσαι
1041 4267 1130 4319 διὰ
1173 4265 1513 4334 παθημάτων
1544 4264 1816 4334 ὲνανθρωο

238 4365 490 4434 πήσαντα
521 4363 612 4414 τὸν
648 4361 810 4428 Υἰόν;
841 4381 859 4412 ι
895 4360 1187 4430 ’Υπέμεινε
1209 4358 1316 4430 γὰρ
1349 4361 1603 4424 σταυρὸν,
1626 4355 1818 4427 αἰσχύ-

238 4475 337 4527 νης
381 4454 838 4525 καταφρονήσας,
890 4471 910 4505 ι
955 4452 1014 4503 ἐν
1055 4450 1274 4521 εὐδοκία
1317 4467 1418 4502 που
1464 4449 1682 4511 πάντως
1721 4447 1815 4500 τοῦ

1909 3364 2157 3426 fuerant,
2206 3361 2280 3414 ita
2314 3360 2391 3413 ait
2422 3377 2437 3415 :
2473 3378 2490 3409 ι
2522 3356 2708 3426 Itaque
2734 3357 2845 3425 jam
2888 3370 2993 3410 non
3039 3369 3099 3408 es
3137 3368 3348 3415 servus,
3394 3353 3488 3405 sed

1912 3459 2094 3513 ﬁlius:
2127 3457 2268 3526 quod
2307 3456 2352 3509 si
2386 3454 2545 3516 lilius,
2583 3463 2638 3507 et
2667 3452 2842 3506 haeres
2872 3464 2966 3519 per
3000 3449 3166 3502 Deum
3187 3447 3258 3500 ⁸ο.
3296 3465 3314 3497 ι
3351 3443 3487 3498 Cum

1914 3565 2043 3618 ergo
2102 3547 2284 3602 divina
2341 3546 2619 3614 Scriptura
2677 3542 2984 3612 promiscue
3043 3541 3185 3594 hanc
3246 3537 3488 3606 phrasim

1919 3647 2163 3706 usurpet,
2198 3645 2359 3704 atque
2402 3636 2552 3702 illud,
2582 3650 2674 3703 per
2702 3649 2873 3702 quem,
2906 3630 3109 3684 tribunal
3140 3629 3242 3700 ipsi
3274 3643 3488 3697 quoque

1917 3726 2100 3793 Patri;
2157 3725 2287 3779 nihil
2334 3737 2418 3780 est
2465 3726 2608 3794 quod
2658 3722 2778 3776 Filii
2827 3729 3030 3776 tantum
3069 3735 3312 3790 personae
3361 3717 3490 3772 illud

1915 3835 2013 3875 nos
2043 3817 2292 3873 admetiri
2321 3817 2628 3872 necessario
2655 3814 2966 3884 compellat.
3001 3813 3136 3868 Cum
3172 3813 3354 3880 itaque
3377 3810 3492 3864 haec

1915 3910 1987 3965 ita
2026 3925 2086 3964 se
2139 3910 2393 3974 habeant,
2443 3923 2544 3962 cur
2595 3907 2773 3977 potius
2815 3905 3036 3959 minime
3086 3905 3188 3958 hoc
3239 3905 3304 3957 de
3353 3900 3491 3955 Filio

1915 3999 2305 4070 intelligentes,
2345 3999 2439 4054 sed
2487 3997 2893 4067 Scripturarum
2930 3994 3242 4048 auctoritati
3297 3993 3491 4055 innixi,

1916 4106 2328 4162 sermonemque
2381 4090 2651 4145 incarnati
2711 4088 2980 4158 Unigeniti
3043 4085 3302 4157 mysterio
3365 4101 3494 4138 cou-

1917 4195 2196 4254 gruentetu
2231 4184 2472 4239 studiose
2505 4181 2832 4244 consectati,
2873 4195 2976 4233 non
3011 4180 3241 4232 dicimus
3278 4177 3492 4230 Patrem

1917 4277 2110 4330 Filium
2160 4275 2438 4330 hominem
2495 4274 2696 4328 factum
2759 4286 2856 4342 per
2912 4273 3189 4341 passiones
3243 4284 3496 4323 consum-

1921 4367 2138 4422 masse?
2176 4366 2612 4436 quandoquidem
2667 4363 2732 4429 is,
2783 4363 2893 4418 Deo
2937 4363 3096 4416 Patre
3143 4362 3222 4414 sic
3258 4360 3495 4424 volente,

1927 4477 1945 4510 ι
1980 4458 2276 4527 Ignominia
2317 4466 2647 4526 contempta,
2691 4470 2910 4510 crucem
2953 4453 3294 4515 sustinuit",
3329 4471 3348 4503 ι
3386 4466 3496 4521 quo

239 4549 376 4604 Θεοῦ
421 4549 516 4602 καὶ
548 4545 776 4618 Πατρός
817 4544 902 4597 ἵνα
946 4545 1040 4596 καὶ
1068 4544 1215 4614 ἡμᾶς
1257 4544 1371 4604 τοῖς
1400 4542 1603 4611 ἴχνεσιν
1649 4539 1816 4592 αὑτοῦ

1922 4559 1978 4605 et
2019 4565 2118 4604 nos
2145 4563 2358 4618 quoque
2397 4547 2642 4617 vestigiis
2691 4545 2833 4600 illius
2867 4546 3210 4608 inhzcrentes,
3244 4554 3499 4596 strenuos

241 4639 662 4698 κατακολουθεῖν
697 4637 1035 4708 ᾑρημένους,
1064 4635 1347 4698 νεανικοὺς
1370 4634 1626 4702 ἀποφήνῃ
1647 4672 1660 4695 ,
1695 4647 1814 4683 πειι

241 4737 505 4808 θομένους
534 4733 751 4800 λέγοντι
777 4748 794 4765 ⁸
831 4751 848 4784 ι
885 4733 976 4801 Μὴ
1002 4729 1253 4801 φοϐεῖσθε
1281 4728 1389 4783 ἀπὸ
1421 4727 1531 4780 τῶν
1561 4727 1817 4779 ἀποκτει-

240 4833 440 4885 νόντων
475 4827 629 4899 ὑμῶν
655 4827 717 4880 τὸ
750 4827 910 4895 σῶμα
930 4863 946 4888 ,
973 4824 1071 4895 τὴν
1103 4825 1160 4877 δὲ.
1189 4822 1366 4892 ψυχὴν
1401 4821 1474 4891 μὴ
1503 4819 1819 4888 δυναμένων

243 4925 582 4978 ἀποκτεῖναι.
623 4941 642 4972 ι
698 4919 918 4990 Ἐπειδὴ
955 4918 1064 4986 γὰρ
1108 4916 1331 4986 ἔμελλον
1375 4915 1554 4982 θλίψιν
1585 4914 1729 4982 ἔχειν
1763 4915 1821 4963 ἐν

241 5013 322 5082 τῷ
349 5013 536 5083 κόσμῳ
557 5051 572 5075 ,
604 5009 701 5064 καὶ¹
727 5009 1018 5064 διώκεσθαι
1045 5009 1174 5080 παρ’
1206 5006 1437 5078 ἐχθρῶν,
1470 5004 1562 5058 καὶ
1586 5004 1694 5056 τῶν
1723 5003 1821 5072 τῆς

243 5104 505 5175 ἀληθείας
537 5103 824 5172 δογμάτων
869 5100 1214 5172 ὑπεραθλεῖν,
1261 5098 1444 5170 ἱδρῶτί
1485 5116 1544 5152 τε
1592 5098 1686 5151 καὶ
1723 5099 1822 5150 πό·

245 5213 358 5258 νοις
388 5193 688 5266 κατορθοῦν
726 5191 786 5246 εὖ
822 5192 968 5262 μαλα
1000 5193 1099 5262 τὴν
1127 5190 1328 5260 ἀρετὴν
1357 5191 1456 5242 οὐκ
1489 5191 1554 5261 ἐᾷ
1592 5187 1824 5260 θρύπτε-

249 5286 374 5339 σθαι
403 5287 534 5358 πρὸς
567 5285 770 5348 δειλίας
794 5326 807 5347 ,
852 5284 1144 5353 ἀποφαίνει
1176 5283 1232 5335 δὲ
1265 5282 1464 5353 μᾶλλον
1492 5280 1820 5350 εὐτολμοτά-

249 5395 396 5442 τους,
432 5378 630 5444 ἐλάτας
671 5377 833 5440 αὐτὸς
875 5377 964 5429 διὰ
1008 5376 1368 5446 παθημάτων,
1416 5375 1503 5428 ἵνα
1548 5375 1644 5428 καὶ
1677 5375 1824 5445 ἡμᾶς

287 5531 333 5562 ⁸⁷
371 5529 533 5586 llebr.
571 5547 633 5596 ιι,
677 5528 864 5586 ill-1‘2.
941 5528 986 5562 “
1017 5527 1171 5583 Joau.
1213 5541 1250 5592 ι,
1290 5525 1344 5579 5.

1421 5525 1504 5580 “l
1537 5525 1662 5580 Cor.
1696 5542 1734 5593 ι,
1762 5527 1818 5583 9.
1893 5525 1940 5556 '°
1977 5523 2154 5578 Galat.
2197 5539 2271 5589 ιν,
2303 5523 2360 5578 7.

1922 4641 2176 4704 elliceret,
2213 4638 2542 4694 conﬁdentes
2583 4638 2635 4691 in
2686 4637 2778 4691 illo
2815 4639 2903 4705 qui
2949 4637 3080 4690 dicit
3110 4653 3124 4688 :
3160 4654 3178 4688 ι
3210 4633 3386 4689 Nolite
3431 4633 3498 4688 ti-

1926 4747 2074 4786 tuere
2115 4746 2208 4786 eos
2237 4732 2327 4800 qui
2359 4732 2614 4784 occidunt
2655 4745 2872 4797 corpus,
2903 4729 3135 4781 animam
3173 4737 3350 4780 autem
3392 4744 3499 4782 nou

1926 4835 2153 4896 possunt
2210 4825 2458 4880 occidere
2481 4826 2548 4877 δ’.
2587 4842 2605 4874 ι
2671 4822 2802 4875 Nam
2853 4821 2996 4892 quod
3049 4819 3394 4875 aﬂlictionem
3448 4821 3500 4873 iu

1931 4918 2152 4981 mundo,
2197 4917 2736 4986 persecutioucmque
2785 4917 2852 4969 ab
2901 4916 3144 4969 hostibus
3192 4913 3500 4984 perpessuri

1929 5018 2136 5072 essent,
2177 5017 2231 5058 et
2275 5005 2460 5075 gravia
2498 5019 2594 5072 pro
2635 5003 2879 5056 veritatis
2914 5003 3162 5071 dogmate
3206 4999 3502 5054 certamina

1928 5098 2180 5161 subituri,
2227 5106 2281 5150 et
2321 5096 2538 5149 virtutis
2579 5095 2812 5162 denique
2861 5095 3092 5148 stadium
3150 5109 3254 5146 non
3301 5091 3506 5160 absque

1928 5181 2123 5258 magno
2174 5189 2369 5241 sudore
2408 5197 2461 5241 et
2512 5186 2774 5240 molestiis
2822 5185 3134 5249 decursuri,
3191 5183 3363 5238 uoluit
3412 5196 3506 5236 eos

1931 5291 2076 5334 metu
2125 5280 2320 5348 frangi,
2371 5281 2463 5334 sed
2507 5295 2600 5348 per
2652 5295 2714 5333 ea
2749 5293 2871 5347 qua:
2916 5279 3031 5346 ipse
3068 5290 3356 5346 perpessus
3394 5282 3499 5338 est,

1932 5373 2161 5426 animari
2193 5390 2204 5424 :
2237 5382 2294 5425 ut
2333 5387 2460 5426 vero
2496 5388 2592 5426 nos
2620 5372 2783 5424 etiam
2827 5385 2887 5424 ea
2923 5373 3224 5423 detrectare
3263 5381 3369 5421 non
3406 5380 3507 5418 au-

2450 5525 2496 5556 δί
2532 5525 2694 5580 llebr.
2738 5539 2836 5589 xu,
2870 5524 2926 5577 2.
3003 5521 3049 5555 ³⁸
3080 5520 3372 5594 Μειιιιξι,
3406 5519 3502 5577 28.

1349 5681 1521 5740 Variae
1548 5683 1806 5740 lectiones
1832 5680 2036 5738 codicis
2057 5678 2417 5752 Seguieriaui.

290 5818 313 5867 ι
349 5821 625 5892 ἀγαγόντι.
705 5821 719 5872 i
758 5819 971 5876 πιθεῖν.
1038 5819 1076 5861 4t
1105 5817 1281 5872 τοῦτο.
