4000 6326
555 402 696 460 1575

1567 393 1626 447 S.
1665 390 1940 446 CYBILLI
1979 387 2448 444 ALEXANDRINI
2491 383 2812 441 MlClllEl’.

3708 377 3735 430 i
3746 377 3851 432 576

559 519 830 581 deremus,
860 512 1098 568 ostendit
1129 512 1314 566 dicens
1348 527 1363 565 :
1403 529 1420 562 ι
1450 509 1562 565 Νοιι
1606 520 1687 564 est
1720 509 2017 579 discipulus
2046 525 2137 563 suo

2266 505 2604 576 κδυσωπήσῃ
2630 543 2644 566 ,
2673 503 2874 571 λέγων·
2923 520 2942 552 ι
2977 499 3089 552 Οὐκ
3122 498 3237 552 ἐστι
3270 494 3523 569 μαθητὴς
3556 493 3714 563 ὑπὲρ
3757 496 3852 544 τὸν

556 624 656 680 per
686 607 1026 676 magistrum,
1061 619 1160 660 nec
1197 618 1388 659 servus
1423 619 1588 673 super
1617 605 1893 657 dominum
1937 618 2133 656 suum:

565 700 722 770 152
751 697 952 753 suﬁicit
982 699 1268 766 discipulo,
1307 706 1363 750 ut
1407 698 1478 750 sit
1519 698 1659 751 sicut
1707 696 1964 764 tttagistcr
1997 694 2136 763 ejus.

559 801 614 845 et
657 804 834 852 servo,
881 791 1020 844 sicut
1059 789 1308 843 dominus
1347 787 1552 857 ejus“.
1586 806 1603 837 ι
1638 816 1708 826 -
1735 804 1754 837 ι
1786 783 1844 840 Si
1894 801 1980 840 me
2017 802 2140 855 per-

561 882 734 936 secuti
766 889 910 945 sunt,
942 889 997 935 et
1026 895 1119 934 vos
1149 887 1546 950 persequentur
1567 877 1635 934 ".
1664 897 1684 930 ι

633 969 828 1024 XXXI.
869 969 1077 1037 Sc0pus
1120 971 1305 1038 itaque
1335 968 1614 1038 unigenito
1649 967 1737 1022 Dei
1783 967 1918 1021 Filio
1947 981 2145 1036 propo-

565 1063 706 1117 situs
743 1063 863 1127 fuit,
899 1063 951 1116 in
991 1076 1154 1117 carne
1192 1076 1287 1114 sua
1321 1076 1418 1130 pro
1462 1060 1619 1114 nobis
1651 1059 1782 1127 pati.
1820 1057 1984 1126 Cujus
2021 1058 2146 1128 qui.

567 1157 689 1208 dem
742 1155 1004 1224 propositi
1053 1168 1272 1208 causam
1310 1140 1537 1206 divinus
1590 1151 1789 1206 Paulus
1835 1153 1919 1206 his
1963 1151 2146 1206 verbis

567 1247 867 1314 explanat:
902 1263 921 1296 ι
947 1245 1082 1310 Quia
1125 1242 1346 1316 (inquit)
1405 1242 1556 1312 pueri
1609 1241 2151 1296 communicaverunt

568 1337 718 1390 carni
773 1346 828 1390 et
875 1335 1148 1407 sanguini,
1201 1343 1256 1390 et
1320 1335 1436 1404 ipse
1499 1333 1749 1388 similiter
1805 1333 2152 1403 participavit

569 1431 774 1483 eisdem
807 1447 820 1482 :
850 1437 908 1482 ut
931 1443 1026 1498 per
1053 1435 1281 1481 mortem
1309 1426 1609 1481 destrueret
1627 1440 1771 1490 eum,
1801 1423 1894 1494 qui
1919 1423 2152 1478 habebat

571 1522 765 1576 mortis
797 1523 1106 1590 imperium,
1140 1521 1191 1574 id
1225 1529 1310 1574 est
1337 1518 1651 1586 diabolum;
1681 1527 1733 1572 et
1763 1507 2024 1572 liberaret
2057 1530 2152 1571 eos

572 1613 665 1680 qui
707 1613 900 1666 timore
934 1613 1124 1668 mortis
1172 1627 1272 1683 per
1310 1620 1474 1666 totam
1517 1611 1683 1664 vitam
1725 1609 1945 1664 obnoxii
1994 1619 2152 1663 erant

573 1704 818 1757 εει·νίιοιί
843 1704 911 1759 ⁵⁵.
949 1723 967 1756 ι
1005 1703 1138 1757 Cum
1171 1717 1300 1770 ergo
1338 1703 1531 1756 mortis
1575 1702 1874 1757 destructio
1903 1701 2156 1755 humante

574 1805 782 1850 natura:
810 1796 1121 1850 facultatem
1165 1805 1450 1865 superaret
1476 1797 1624 1867 (nam
1661 1810 1757 1864 per
1795 1807 1952 1850 vetus
1987 1794 2155 1848 male-

573 1887 776 1940 dictum
807 1887 859 1940 in
891 1902 1012 1942 eam
1050 1887 1278 1942 adducta
1318 1898 1436 1942 erat
1458 1886 1852 1951 calamitatem,
1885 1898 1943 1940 ut
1969 1901 2154 1940 neces-

574 1980 720 2032 sario
761 1980 950 2034 mortis
996 1980 1226 2049 imperio
1269 1980 1503 2035 obnoxia
1548 1985 1867 2048 teneretur),
1916 1979 2156 2049 oportuit

575 2079 634 2122 ut
673 2071 944 2126 vivificum
995 2071 1089 2126 Dei
1133 2071 1372 2126 Verbum
1423 2082 1620 2126 ttatura
1664 2075 1820 2125 morti
1867 2071 2153 2135 obstricta,

579 2163 679 2215 hoc
710 2173 791 2217 cst
823 2173 1005 2217 nostra
1048 2165 1311 2230 humana,
1359 2177 1480 2218 sese
1526 2163 1810 2228 indueret;
1857 2177 1964 2231 quo
2009 2177 2156 2216 mors

577 2253 815 2308 efferata:
854 2255 1133 2323 cujusdam
1180 2254 1373 2310 bellum
1421 2257 1592 2310 instar
1624 2255 1901 2325 propriam
1945 2267 2159 2323 quoque

577 2347 720 2401 illius
775 2363 992 2402 carnem
1045 2348 1264 2410 adorsa,
1317 2363 1347 2401 a
1407 2347 1696 2418 tyrannide
1742 2364 1902 2417 quam
1956 2347 2008 2399 in
2058 2361 2159 2400 nos

576 2441 888 2503 exercebat,
925 2440 1072 2494 velut
1110 2456 1138 2494 a
1182 2441 1290 2495 Deo
1316 2439 1428 2510 jam
1471 2440 1755 2504 debellata,
1797 2441 1848 2493 in
1883 2451 2158 2507 posterum

579 2530 885 2585 desisteret.
923 2530 1042 2600 Ipse
1073 2532 1256 2600 itaque
1285 2540 1390 2596 est,
1433 2533 1524 2599 qui
1567 2533 1783 2601 quidem
1814 2540 2035 2600 propter
2063 2545 2161 2584 nos

580 2622 877 2676 secundum
931 2637 1186 2685 carnem,
1242 2624 1345 2677 hoc
1401 2631 1486 2676 est
1529 2622 1820 2676 humanam
1876 2632 2159 2683 naturam,

580 2715 894 2782 perficitur;
956 2715 1253 2769 secundum
1299 2714 1536 2768 divinam
1585 2728 1715 2767 vero
1762 2713 2023 2766 virtutem
2072 2713 2160 2784 (eo

583 2807 860 2873 nimirum,
910 2808 1051 2876 quod
1104 2807 1301 2862 mortis
1355 2806 1616 2874 impetum
1662 2803 2012 2874 perfregerit)
2063 2818 2163 2857 nos

583 2897 816 2965 perlicit,
849 2907 1318 2966 consummatque.
1367 2897 1562 2951 Deerat
1588 2897 1732 2948 enim
1777 2895 2026 2948 humana:
2067 2908 2165 2946 na-

579 2999 714 3043 tura:
746 3005 807 3046 ea
840 2989 1123 3058 integritas
1168 3000 1220 3045 et
1251 2988 1603 3058 incorruptio,
1632 3003 1794 3057 quam
1829 2987 1880 3040 in
1908 2996 2061 3040 ortus
2083 2987 2164 3039 sui

581 3081 883 3151 primordio
920 3081 1204 3136 obtinebat
1238 3099 1252 3135 :
1284 3099 1302 3132 ‹
1335 3081 1478 3134 Dens
1510 3079 1654 3134 enim
1695 3088 1922 3132 mortem
1959 3094 2062 3130 non
2095 3077 2169 3130 fe-

2241 596 2579 658 διδάσκαλον,
2635 595 2756 647 οὺδέ
2808 591 2992 655 δοῦλος
3035 591 3176 660 ὑπὲρ
3222 589 3314 643 τὸν
3363 588 3578 658 Κύριον
3632 583 3848 637 αὐτοῦ·

2242 687 2474 759 ἀρκετὸν
2511 685 2589 758 τῷ
2638 684 2852 756 μαθητῇ
2903 683 2989 736 ἵνα
3035 682 3262 752 γένηται
3309 680 3386 743 ὡς
3436 677 3852 738 ὁοδιδάσκαλλς

2244 779 2427 841 αὐτοῦ.
2458 781 2550 832 καὶ
2589 778 2666 846 τῷ
2705 777 2896 846 δούλῳ,
2937 775 3012 838 ὡς
3055 775 3082 826 6
3129 773 3314 843 κύριος
3348 770 3540 824 αὐτοῦ.
3578 790 3597 820 ι
3626 768 3701 821 ΕΞ
3750 769 3852 836 ἐμὲ

2244 871 2493 935 ἐδίωξαν,
2525 870 2621 922 καὶ
2653 870 2793 939 ὑμᾶς
2828 867 3097 931 διώξουσι.
3146 887 3165 916 ο

2317 964 2440 1016 AA'.
2485 959 2693 1022 Σκοπὸς
2719 956 2811 1011 οὖν
2843 958 2950 1028 ἄρα
2975 956 3053 1026 τῷ
3084 955 3378 1021 Μονογενεϊ
3414 952 3644 1020 γέγονε,
3685 951 3852 1020 σαρκὶ

2247 1059 2314 1126 τῇ
2354 1055 2458 1125 ἰδίᾳ
2489 1055 2684 1106 παθεῖν
2735 1052 2874 1121 ὑπὲρ
2928 1049 3102 1121 ήμῶν.
3147 1050 3255 1102 Καὶ
3299 1049 3430 1102 ποία
3475 1046 3568 1109 τίς
3616 1048 3782 1097 ἐστιν
3819 1047 3850 1112 ἡ

2247 1147 2401 1201 τοῦδε
2426 1147 2698 1217 πρόφασις
2723 1185 2736 1208 ,
2765 1142 2963 1208 διδάξει
2995 1141 3169 1210 λέγων
3194 1143 3221 1193 6
3255 1140 3541 1200 Θεσπέσιος
3584 1136 3816 1197 Παῦλος
3838 1155 3850 1162 ·

2259 1260 2278 1293 ι
2327 1241 2545 1312 Ἐπειδὴ
2578 1238 2686 1310 γὰρ
2717 1238 2786 1290 τὰ
2817 1235 3005 1290 παιδία
3038 1233 3434 1303 κεκοινώνηκεν
3478 1233 3738 1301 αἵματος
3765 1232 3855 1280 καί

2255 1335 2479 1405 σαρκὸς,
2504 1333 2600 1386 καὶ
2626 1331 2790 1394 αὐτὸς
2813 1330 3209 1401 παραπλησίως
3241 1327 3471 1398 μετέσχε
3488 1325 3608 1378 τῶν
3642 1323 3854 1380 αὐτῶν.

2253 1427 2342 1480 ἴνα
2371 1425 2460 1479 διὰ
2489 1424 2582 1477 τοῦ
2607 1423 2840 1476 Θανάτου
2863 1425 3184 1492 καταργήσῃ
3210 1422 3302 1473 τὸν
3327 1419 3386 1471 τὸ
3414 1418 3625 1488 κράτος
3659 1416 3855 1484 ἔχοντα

2254 1517 2350 1572 τοῦ
2380 1517 2642 1580 θανάτου,
2697 1514 2947 1568 τουτέστι
2986 1513 3077 1567 τὸν
3121 1511 3386 1566 διάϐολον·
3425 1511 3525 1564 καὶ
3559 1507 3853 1574 ἀπαλλάξῃ

2254 1611 2509 1674 τούτους,
2565 1611 2678 1663 ὅσοι
2725 1607 2875 1678 φόϐῳ
2932 1607 3162 1658 Θανάτου
3204 1603 3291 1656 διά
3345 1601 3555 1664 παντὸς
3604 1599 3712 1652 τοῦ
3764 1598 3855 1668 {ﬁt

2259 1703 2434 1772 ἔνοχοι
2461 1697 2602 1772 ἦσαν
2625 1698 2894 1761 δουλείας.
2932 1716 2949 1748 ι
2984 1694 3192 1749 Οὐκοῦν
3223 1693 3526 1762 ἐπειδήπερ
3553 1691 3857 1758 ἀνέφικτον

2258 1790 2327 1866 ἦν
2354 1797 2420 1865 τῇ
2449 1792 2740 1862 ἀνθρώπου
2773 1790 2932 1861 φύσει
2968 1789 3030 1841 τὺ
3056 1787 3400 1856 καταργῆσαι
3432 1783 3683 1837 θάνατον
3720 1784 3858 1848 (ἐκε-

2259 1888 2498 1958 κράτητο
2527 1885 2636 1956 γάρ
2673 1885 2764 1936 ὑπ’
2797 1879 2961 1937 αὑτοῦ
2985 1922 2998 1945 ,
3034 1876 3526 1948 κατακομιζούσης
3558 1876 3745 1941 αὐτὴν
3788 1877 3860 1933 εἰς

2258 1980 2419 2034 τοῦτο
2450 1981 2547 2049 τῆς
2577 1977 2810 2048 ἀρχαίας
2838 1977 2977 2046 ἀρᾶς
3006 1973 3266 2042 ἐκείνης),
3307 1969 3646 2038 ἀναγκαίως
3672 1968 3704 2018 6
3737 1966 3861 2029 ζωο-

2259 2072 2409 2136 ποιὸς
2437 2070 2531 2124 τοῦ
2565 2071 2699 2123 Θεοῦ
2745 2069 2917 2136 Λόγος
2945 2065 3043 2136 τὴν
3084 2063 3300 2132 Θανάτῳ
3345 2060 3362 2100 Ι
3409 2061 3661 2129 κάτοχον
3712 2059 3861 2126 ἡμπ-

2260 2165 2449 2236 έσχετο
2477 2163 2660 2234 φύσιν,
2689 2161 2930 2215 τουτέστι
2961 2159 3060 2228 τὴν
3088 2157 3211 2210 καθ’
3241 2155 3409 2225 ἡμᾶς,
3429 2153 3610 2224 ἤγουν
3639 2151 3750 2218 τὴν
3779 2152 3862 2202 ἁν-

2261 2258 2562 2334 θρωπίνην,
2590 2258 2676 2310 ἵνα
2704 2256 2801 2310 καὶ
2829 2257 2896 2326 τῇ
2941 2252 3106 2306 αὐτοῦ
3148 2251 3314 2322 σαρκὶ
3354 2247 3626 2318 καθάπερ
3661 2262 3718 2297 τι
3765 2243 3862 2296 τῶν

2261 2350 2568 2405 άτιθάσσων
2597 2348 2801 2418 Θηρίων
2839 2343 3185 2415 ἐπιπηδήσας
3208 2342 3237 2393 ὁ
3272 2339 3506 2400 Θάνατος
3529 2379 3545 2400 ,
3575 2335 3864 2404 παύσηται

2261 2448 2360 2514 τῆς
2391 2443 2513 2497 καθ’
2544 2441 2702 2513 ἡμῶν
2727 2437 3063 2509 τυραννίδος,
3090 2435 3165 2498 ὡς
3191 2433 3346 2504 παρὰ
3374 2430 3518 2483 Θεοῦ
3551 2426 3866 2497 καταργούο

2267 2553 2448 2608 μενος.
2479 2535 2651 2597 Αὐτὸς
2695 2528 2788 2585 οῦν
2813 2530 2921 2601 ἄρα
2953 2527 3104 2581 ἐστὶν
3132 2529 3160 2579 ὁ
3187 2525 3351 2595 σαρκὶ
3377 2522 3503 2574 τελε
3516 2520 3785 2590 ιούμενος
3806 2518 3864 2570 δι’

2263 2629 2412 2700 ἡμᾶς
2433 2624 2792 2696 ἀνθρωπίνως
2817 2662 2831 2684 ,
2876 2618 3099 2672 τελειῶν
3143 2617 3198 2668 δὲ
3227 2616 3376 2685 ἡμᾶς
3404 2611 3618 2672 θεῖκῶς
3645 2609 3745 2662 διὰ
3775 2608 3861 2660 τοῦ

2264 2718 2610 2789 καταργῆσαι
2634 2715 2728 2768 τοῦ
2763 2713 2993 2765 Θανάτου
3031 2708 3092 2761 τὸ
3135 2707 3358 2777 κράτος.
3390 2702 3629 2755 Ἐλειπε
3659 2701 3778 2770 γὰρ
3805 2702 3863 2768 τῇ

2266 2809 2552 2882 ἀνθρώπου
2580 2806 2738 2877 φύσει
2767 2805 2825 2856 τὸ
2867 2803 3162 2872 ἄφθαρτον,
3185 2797 3328 2850 οὕτω
3351 2794 3643 2865 γενομένῃ
3687 2794 3786 2845 καὶ
3815 2795 3867 2843 ἐν

2267 2906 2480 2976 ἀρχαῖς.
2534 2920 2552 2952 ι
2609 2901 2668 2952 'o
2699 2898 2808 2968 γὰρ
2837 2895 2972 2957 Θεὸς
3014 2892 3240 2946 θάνατον
3286 2890 3386 2942 οὐκ
3413 2888 3717 2957 ἐποίησεν,

2265 2970 2526 3064 τέρπεται
2557 2990 2640 3042 ἐπ’
2677 2985 2923 3054 ἀπωλείᾳ
2947 2983 3164 3048 ζωντων
3186 2997 3200 3010 ·
3237 2979 3421 3030 ἔκτισε
3443 2976 3560 3044 γὰρ
3596 2979 3687 3038 εἰς
3710 2975 3774 3026 τὺ
3798 2970 3867 3025 εἷ-

2269 3105 2358 3142 ναι
2377 3086 2444 3138 τὰ
2470 3085 2669 3137 πάντα·
2699 3099 2718 3132 ι
2753 3079 2848 3132 καλ⁹
2873 3076 3129 3146 σωτήριοι
3155 3072 3209 3125 αἱ
3233 3069 3478 3139 γενέσεις
3506 3067 3612 3120 τοῦ
3632 3068 3865 3136 κόσμου,

579 3173 676 3235 cit,
731 3187 906 3242 neque
955 3173 1167 3226 laetatur
1205 3171 1257 3225 in
1291 3169 1596 3240 perditione
1638 3169 1906 3222 vivorum.
1951 3167 2160 3222 Crearit

2269 3179 2365 3232 καὶ
2391 3177 2491 3230 οὐκ
2539 3173 2685 3226 ἔστιν
2723 3171 2818 3222 καὶ
2860 3169 2916 3220 ἐν
2955 3166 3139 3227 αὐτοῖς
3169 3172 3209 3199 ω
3241 3161 3541 3232 φάρμακον
3597 3159 3864 3230 ὀλέθρου,

577 3267 748 3329 enim,
788 3275 847 3319 ut
889 3272 1092 3330 essent,
1130 3265 1316 3319 omnia
1346 3264 1414 3324 “.
1447 3281 1466 3314 ι
1509 3271 1866 3331 spectantque
1917 3259 1984 3313 ad
2019 3258 2164 3312 salu-

584 3367 695 3410 tem
743 3357 925 3410 mundi
984 3356 1297 3422 primordia,
1357 3369 1458 3408 nec
1501 3363 1583 3408 est
1635 3354 1686 3406 in
1739 3352 1844 3406 illis
1890 3366 2159 3405 venenum

581 3448 921 3519 perditionis,
955 3464 1054 3502 nec
1089 3447 1385 3502 inferorum
1424 3460 1646 3512 regnum
1681 3447 1734 3498 in
1777 3453 1918 3496 terra
1949 3459 1962 3496 :
2001 3459 2018 3493 ι
2054 3439 2162 3495 Sed

581 3540 1016 3603 diabolijnvidia
1065 3556 1211 3594 mors
1243 3539 1468 3594 intravit
1513 3539 1566 3591 in
1618 3537 1876 3591 mundum
1900 3535 1969 3588 ⁸⁷.
2007 3553 2026 3585 ι
2083 3534 2166 3587 Ad

581 3635 730 3691 hunc
775 3637 958 3707 itaque
1004 3639 1221 3692 modum
1264 3653 1363 3692 nos
1413 3635 1722 3705 perficiens,
1772 3634 1838 3686 ad
1883 3633 2164 3688 cmlestem

583 3725 800 3781 Patrem
832 3727 1051 3782 aiebat:
1092 3746 1110 3779 ι
1143 3729 1255 3797 Ego
1285 3737 1336 3782 te
1381 3725 1679 3781 clariticavi
1724 3739 1887 3794 super
1916 3733 2118 3777 terram
2151 3740 2164 3776 :

582 3832 720 3884 Opus
753 3819 1125 3873 consummavi
1159 3820 1302 3888 quod
1338 3818 1532 3872 dedisti
1566 3818 1695 3872 mihi
1738 3827 1796 3870 ιιι
1821 3815 2015 3870 faciam
2039 3815 2108 3869 ⁸⁸.
2141 3833 2162 3866 ι

586 3909 660 3963 Ea
717 3926 948 3979 namque
981 3926 1107 3964 vera
1155 3922 1240 3964 est
1285 3909 1377 3964 Dei
1424 3909 1605 3963 Patris
1643 3909 1838 3978 gloria,
1879 3907 2020 3976 quod
2067 3921 2170 3975 per

585 4000 781 4055 Filium
813 4017 967 4054 suum
1009 4000 1299 4055 demolitus
1333 4009 1411 4054 est
1450 4009 1702 4053 mortem.
1745 3996 1852 4050 Per
1885 3996 2171 4065 passiones

587 4091 816 4161 proinde
856 4092 954 4161 ipsi
989 4093 1205 4161 quidem
1232 4090 1650 4154 consummatio,
1700 4089 1859 4143 nobis
1891 4103 2017 4142 vero
2056 4087 2171 4156 eius

589 4185 734 4251 quod
769 4185 977 4248 deerat,
1029 4182 1265 4252 expletio
1293 4183 1508 4252 obtigit.
1549 4181 1654 4236 Per
1703 4180 1981 4236 Christum
2023 4181 2168 4235 enim

587 4286 642 4330 et
675 4277 726 4329 in
755 4277 973 4330 Christo
1013 4291 1148 4329 nova
1189 4285 1441 4329 creatura
1471 4273 1647 4328 effecti
1691 4267 1879 4327 su'mus
1903 4271 1972 4326 ³⁸.

662 4368 876 4423 XXXII.
919 4369 1074 4435 Quod
1137 4377 1315 4422 autem
1369 4381 1473 4421 non
1528 4367 1730 4420 nudum
1782 4365 2171 4433 vulgaremque

589 4462 867 4516 hominem
914 4476 942 4514 a
983 4460 1164 4516 Verbo
1210 4459 1540 4528 sejunclum,
1595 4457 1768 4512 nostri
1820 4472 1983 4510 causa
2037 4471 2170 4509 con-

2267 3268 2385 3323 οὐδὲ
2427 3265 2574 3318 ἐστιν
2620 3261 2747 3333 ᾅδου
2792 3257 3040 3328 βασιλεία
3080 3253 3172 3306 ἐπὶ
3213 3251 3314 3320 τῆς
3354 3250 3480 3320 γῆς.
3530 3268 3552 3300 ι
3599 3249 3866 3317 Φθόνῳδὲ

2265 3359 2511 3414 διαϐόλου
2542 3356 2770 3416 Θάνατος
2792 3352 2873 3414 είς
2904 3348 2995 3403 τὸν
3025 3348 3230 3416 κόσμον
3270 3342 3546 3413 εἰσῆλθεν.
3607 3360 3626 3392 ι
3680 3341 3863 3404 οὕτως

2265 3453 2416 3523 ἡμᾶς
2445 3446 2740 3508 τελειώσας
2789 3442 2996 3510 ἔφασκε
3041 3438 3177 3509 πρὸς
3225 3437 3316 3490 τὸν
3355 3437 3414 3487 ἐν
3451 3435 3724 3504 οὐρανοῖς
3764 3435 3864 3484 Il:-

2267 3544 2401 3616 τέρα
2437 3541 2532 3594 καὶ
2569 3537 2703 3591 Θεόν
2725 3554 2738 3566 ·
2774 3553 2792 3587 ι
2839 3531 2983 3600 Ἑγὼ
3027 3547 3086 3582 σε
3119 3526 3347 3592 ἐδόξασα
3376 3526 3471 3578 ἐπὶ
3516 3525 3625 3594 τῆς
3658 3525 3787 3593 γῆς·
3813 3525 3864 3574 τι

2268 3637 2428 3708 ἔργον
2453 3631 2764 3692 ἐτελείωσα,
2795 3627 2825 3680 ὃ
2844 3623 3082 3682 δέδωκάς
3118 3638 3245 3692 μοι,
3278 3620 3368 3673 ’ίνα
3401 3619 3630 3688 ποιήσω
3659 3617 3815 3670 αὑτό.
3841 3633 3857 3662 ι

2270 3707 2407 3792 Δόξα
2450 3729 2558 3796 γάρ
2590 3719 2806 3792 ἀληθῶς
2840 3717 2917 3789 τῷ
2943 3715 3063 3786 Θεῷ
3097 3713 3192 3767 καὶ
3225 3712 3428 3782 flath,
3456 3710 3541 3781 τῷ
3576 3720 3605 3746 ιι
3639 3709 3739 3762 διὰ
3779 3707 3861 3759 τοῦ

2274 3819 2404 3872 ἰδίου
2423 3815 2772 3884 Γεννήματος
2802 3807 3216 3879 καταργήσαντι
3241 3812 3268 3839 ο
3293 3803 3552 3856 Θάνατον.
3584 3799 3806 3854 Οὐκοῦν
3831 3803 3858 3866 ἡ

2275 3912 2372 3983 μὲν
2398 3909 2677 3970 τελείωσις
2722 3903 2872 3974 αὐτῷ
2913 3901 3004 3955 διὰ
3034 3898 3396 3970 παθημάτων,
3425 3899 3570 3966 ἡμῖν
3609 3895 3673 3946 δὲ
3705 3910 3861 3966 προε-

2270 4003 2414 4073 Θήκη
2470 3999 2565 4052 τοῦ
2627 3995 2908 4056 λείποντος
2952 3991 3014 4044 τὸ
3066 3987 3464 4058 γεγενημένον·
3531 3984 3709 4055 καινὴ
3765 3985 3860 4049 γὰρ

2271 4093 2448 4155 κτίσις
2475 4089 2544 4144 τὰ
2576 4089 2636 4142 ἐν
2665 4084 2908 4159 Χριστῷ.

2344 4354 2467 4408 AB’.
2506 4353 2628 4406 Ὅτι
2650 4351 2707 4404 δὲ
2730 4352 2832 4404 οὐκ
2859 4347 3146 4420 ἄνθρωπον
3173 4344 3358 4407 ἁπλῶς
3391 4343 3565 4413 ἐξῃρη
3576 4343 3753 4412 μένου
3779 4341 3864 4394 τοῦ

2272 4447 2445 4515 Λόγου
2491 4442 2873 4498 τετελειῶσθαί
2907 4457 3071 4511 φησιν
3117 4438 3257 4508 ὑπὲρ
3292 4435 3470 4506 ήμῶν,
3511 4436 3615 4488 καὶ
3672 4439 3734 4489 ἐν
3776 4437 3866 4490 ἁν-

591 4560 919 4604 summatum
970 4550 1137 4612 dicat,
1188 4549 1280 4603 sed
1323 4550 1614 4620 ipsummet
1656 4546 2008 4614 Unigenitum
2064 4544 2160 4597 hu-

2273 4536 2520 4609 Θρωπείᾳ
2544 4535 2600 4588 δὲ
2647 4533 2846 4605 μᾶλλον
2884 4534 3066 4603 μορφῇ
3105 4530 3390 4600 πεφηνότα
3419 4527 3512 4580 τὸν
3541 4528 3836 4595 Μονογενῆ
3854 4567 3865 4588 ,

591 4656 751 4695 mana
789 4642 962 4695 forma
1011 4641 1280 4704 indutum,
1320 4641 1372 4694 id
1401 4639 1617 4692 divinus
1659 4632 1861 4691 Paulus
1909 4637 2008 4689 hac
2059 4651 2176 4688 rur-

594 4750 714 4788 sum
752 4733 998 4788 oratione
1025 4733 1312 4787 confirmat
1339 4749 1354 4787 :
1393 4750 1412 4784 ι
1441 4732 1541 4799 Qui
1594 4729 1811 4801 (inquit)
1841 4727 2169 4792 sanctiﬁcat,

599 4826 755 4896 153
777 4836 832 4880 et
865 4829 955 4895 qui
997 4827 1428 4891 sanetilicautur,
1460 4840 1527 4878 ex
1555 4837 1664 4877 uno
1693 4835 1904 4876 omnes.
1944 4818 2175 4889 Pr0pter

594 4936 754 4987 quam
791 4934 1008 4974 causam
1062 4935 1167 4973 non
1199 4917 1549 4972 confunditur
1585 4915 1785 4968 fratres
1829 4927 1924 4967 eos
1951 4926 2169 4975 vocare,

595 5011 815 5064 dicens:
838 5011 1185 5064 Annuntiaho
1209 5024 1406 5063 nomen
1431 5018 1578 5061 tuum
1604 5005 1867 5059 fratribus
1892 5004 2028 5057 meis
2044 5003 2112 5058 ⁸⁸.
2144 5022 2162 5055 ι

593 5101 698 5154 Hic
727 5115 905 5168 operte
956 5104 1186 5169 pretium
1231 5110 1316 5153 est
1346 5111 1696 5170 cognoscere,
1739 5095 2051 5162 ecquisnam
2087 5095 2175 5148 ille

594 5191 800 5264 sitqui
857 5189 1193 5254 sanctificat;
1251 5199 1361 5242 tmn
1409 5189 1631 5258 quinam
1684 5186 1761 5241 illi
1809 5199 2030 5239 rursum
2084 5186 2173 5252 qui

595 5283 1036 5348 sanctificantur;
1065 5293 1120 5336 et
1149 5298 1386 5352 quonam
1438 5282 1598 5336 modo
1636 5295 1702 5334 ex
1741 5294 1850 5333 uno
1878 5292 2088 5342 omnes,
2120 5287 2176 5330 ct

1386 5438 1430 5469 ⁵³
1468 5435 1626 5488 Jnntt.
1677 5451 1765 5491 xv.
1799 5432 1888 5486 9.0.

1456 5509 1500 5538 ⁶⁰
1533 5508 1692 5560 llebr.
1727 5522 1787 5569 ll,
1826 5506 1908 5556 ll.

662 5439 710 5470 ⁵³
744 5437 930 5491 Matth.
971 5454 1024 5502 ιι,
1065 5438 1155 5500 24,
1186 5438 1276 5490 9.35.

594 5524 730 5575 XVII,
766 5509 821 5563 4.
896 5508 942 5539 ⁵³
973 5508 1014 5563 ll
1049 5511 1173 5564 Cor.
1213 5525 1263 5575 ν,
1293 5508 1378 5562 l7.

1983 5432 2030 5463 ⁵⁵
2065 5429 2225 5484 llebr.
2255 5445 2314 5496 tt,
2342 5429 2428 5493 Η,
2467 5428 2553 5482 l5.

2279 4626 2614 4681 πιστώσεται
2650 4624 2810 4679 πάλιν
2853 4625 2882 4675 6
2917 4622 3200 4684 Θεσπέσιος
3247 4619 3459 4681 Παῦλος
3509 4617 3865 4688 προστιθείς·

2287 4741 2306 4772 ι
2345 4719 2414 4772 "0
2441 4735 2502 4771 τε
2529 4717 2638 4787 γὰρ
2671 4712 2938 4784 ἁγιάζων,
2982 4713 3077 4766 καὶ
3116 4712 3164 4765 οἱ
3208 4709 3564 4780 ἁγιαζόμενοι
3591 4751 3607 4775 ,
3647 4709 3717 4773 ἐξ
3761 4709 3870 4769 eve,-

2280 4812 2508 4874 πάντες·
2550 4810 2617 4862 δι’
2653 4810 2719 4879 ἦν
2770 4805 2947 4861 αἰτίαν
2995 4806 3097 4858 οὐκ
3146 4803 3548 4874 ἐπαισχύνεται
3600 4801 3873 4870 ἀδελ-,νοῦς

2281 4904 2480 4965 αὐτοὺς
2507 4901 2714 4962 καλεῖν,
2743 4898 2938 4966 λέγων·
2980 4896 3306 4964 ’Δπαγγελῶ
3335 4895 3396 4947 τὸ
3427 4894 3610 4964 ὄνομά
3637 4911 3746 4947 σου
3776 4897 3876 4953 τοῖς

2278 4995 2523 5063 ἀδελφοῖς
2555 5010 2676 5064 μου.
2719 5013 2737 5043 ι
2771 4991 2865 5052 Τις
2900 4992 2929 5042 ὁ
2974 4989 3236 5058 ἁγιάζων,
3267 4987 3364 5039 καὶ
3396 4986 3548 5048 τίνες
3575 4986 3645 5038 ἂν
3687 4983 3804 5039 εἷεν
3834 4986 3873 5038 οἱ

2275 5089 2645 5159 ἁγιαζόμενοι·
2682 5087 2777 5140 καὶ
2819 5083 2935 5147 πῶς
2975 5083 3034 5147 ἐξ
3082 5081 3200 5143 ἐνὸς
3231 5081 3467 5141 πάντες,
3502 5078 3541 5147 ἢ
3590 5080 3662 5130 ἐκ
3693 5079 3842 5141 τίνος
3866 5121 3880 5138 ,

2274 5185 2412 5245 ὅλως
2443 5181 2592 5246 ἄξιον
2632 5180 2781 5232 ἰδεῖν.
2817 5175 3024 5230 Οὐκοῦν
3055 5173 3269 5240 ἁγιάζει
3311 5173 3408 5240 μὲν
3438 5172 3468 5222 6
3508 5170 3655 5232 Υἱὸς
3680 5210 3698 5231 ,
3739 5172 3884 5238 ᾶγικ

2277 5273 2352 5327 ὢν
2391 5273 2534 5327 κατὰ
2577 5271 2738 5341 φύσιν
2771 5270 2846 5333 ὡς
2885 5267 3036 5330 Θεός·
3073 5263 3390 5336 ήγιάσμεθα
3420 5261 3478 5313 δὲ
3526 5263 3717 5332 ἡμεῖς
3766 5264 3886 5333 παρ’

2631 5427 2676 5457 ⁸⁸
2712 5427 2838 5496 Sap.
2872 5442 2908 5491 ι,
2959 5425 3039 5478 l3.
3117 5421 3161 5453 ⁵⁷
3197 5420 3320 5491 δψ.
3360 5435 3420 5485 ιι,
3446 5419 3547 5475 Eii.
3638 5421 3691 5452 ⁵⁵
3738 5421 3891 5478 Joan.

1691 5661 1866 5716 Variae
1893 5661 2151 5716 lectiones
2178 5659 2380 5716 codicis
2404 5656 2764 5728 Seguicriaui.

679 5799 978 5858 ιθανάτου.
1053 5812 1093 5842 ιη
1121 5802 1329 5864 αὑταῖς.
1415 5811 1437 5838 η
1474 5798 1554 5854 τό.
1635 5807 1657 5833 ο
1692 5798 1939 5861 unum?
1955 5814 2062 5852 παι.
