4000 6326
205 382 342 439 1577

1014 382 1105 435 ΑΙ)
1144 379 1440 435 REGINAS
1481 378 1563 433 DE
1605 380 1826 436 RECTA
1866 381 2021 436 FIDE
2057 382 2316 440 ORATIO
2355 384 2651 441 ALTERA.

3319 390 3453 446 1578

202 500 368 556 αὑτοῦ
394 499 483 553 διὰ
527 499 621 554 τοῦ
673 501 1009 573 Πνεύματος.
1062 503 1186 566 Πῶς
1234 498 1329 557 οὖν
1379 505 1426 556 οἱ
1473 504 1674 567 πάντες
1719 504 1778 570 ἐξ

1882 522 1945 559 ex
1990 522 2097 574 quo
2132 506 2344 561 tandem
2400 509 2511 566 illo.
2564 510 2880 565 Sanctificat
2919 511 3084 580 igitur
3113 511 3304 573 Filius,
3358 528 3445 568 se-

202 595 360 658 ὲνόςς
406 594 492 657 Ὠς
516 592 746 665 Ποιητοῦ
772 596 868 649 καὶ
901 595 1268 666 Δημιουργοῦο
1303 596 1443 649 ὥστε
1475 597 1570 649 καὶ
1603 599 1773 666 ἀναγ-

202 688 356 739 καῖον
383 685 631 739 ἐντεῦθεν
662 687 812 756 ἡμᾶς
860 686 995 756 πρὸς
1030 685 1292 757 ἀλλήλους
1322 686 1467 758 ἔχειν
1493 687 1590 759 τὴν
1627 689 1777 742 ἀδελ-

204 780 432 849 φότητα.
470 777 701 847 Γενητοῦ
723 787 751 827 P
773 778 880 849 γὰρ
903 778 1038 847 πρὸς
1066 780 1311 849 γενητὸν,
1345 781 1479 834 καθὸ
1504 782 1705 850 γενητὰ
1724 792 1772 845 ιι,

204 873 405 941 φυσικὴ
436 889 518 934 τις
547 873 579 942 ἡ
617 871 932 941 ἀδελφότης.
966 872 1159 924 Καίτοι
1199 873 1296 943 τὴν
1323 873 1485 940 φύσιν
1512 874 1776 943 ἀγένητός

203 964 349 1015 ἐστιν
373 964 401 1015 6
432 963 592 1025 Υἱὸς,
622 963 716 1015 καὶ
743 965 844 1015 οὑκ
870 963 1093 1031 ἁδελφὸς
1122 966 1188 1034 τῇ
1225 965 1399 1016 κτίσει
1433 965 1576 1018 κατά
1617 982 1681 1030 γε
1715 966 1776 1017 τὸ

202 1049 343 1106 εἶναι
373 1053 532 1122 φύσει
574 1053 735 1117 Θεός·
781 1053 899 1116 πῶς
928 1049 1021 1107 οὖν
1050 1056 1098 1107 οἱ
1144 1054 1343 1119 πάντες
1388 1057 1446 1120 ἐξ
1477 1057 1594 1119 ἑνὸς
1614 1097 1627 1119 ,
1659 1058 1687 1110 ὅ
1716 1075 1774 1110 τε

204 1147 447 1215 ἁγιάζων
478 1147 571 1201 καὶ
601 1148 651 1198 οἱ
692 1147 1076 1217 ἀγιαζόμενοι;
1114 1148 1321 1200 Οὐκοῦν
1354 1150 1652 1216 ἀναγκαῖος
1695 1152 1774 1213 εἰς

200 1242 299 1311 τὴν
332 1240 440 1294 τῶν
483 1240 860 1310 προκειμένοιν
901 1239 1226 1310 διασάφησιν
1254 1241 1352 1309 τῆς
1390 1242 1526 1311 μετά
1573 1242 1774 1311 σαρκὸς

200 1331 512 1401 οἰκονομίας
534 1333 561 1384 6
594 1330 771 1398 λόγος.
800 1330 930 1383 Ὅτε
960 1332 1072 1401 γὰρ
1098 1331 1287 1399 γέγονε
1312 1332 1433 1384 καθ’
1460 1335 1626 1402 ἡμᾶς,
1653 1333 1773 1385 τότε

200 1422 293 1475 καὶ
338 1423 502 1485 αὑτὸς
531 1422 647 1492 μεθ’
678 1421 834 1491 ἡμῶν
877 1421 939 1485 ἐξ
967 1421 1083 1484 ἐνὸς
1119 1422 1335 1490 λέγεται
1369 1424 1463 1475 καὶ
1493 1424 1775 1494 κεχρημά-

199 1531 317 1567 τικε
344 1515 456 1575 τοῖς
481 1512 775 1583 κτίσμασιν
797 1512 1025 1580 ἀδελφὸς
1046 1553 1060 1575 ,
1086 1512 1161 1575 ὡς
1186 1514 1504 1582 συγγένειαν
1526 1515 1775 1586 ἐσχηκὼς

196 1604 296 1673 τὴν
341 1605 477 1674 πρὸς
525 1606 673 1674 ἡμᾶς
702 1603 1072 1675 ἀνθρωπίνην.
1127 1604 1314 1678 Ταύτῃ
1344 1623 1424 1659 τοι
1478 1608 1573 1659 καὶ
1629 1608 1774 1676 μάλα

199 1697 421 1760 εἰκότως
466 1697 565 1749 οὑκ
612 1695 926 1766 αἰσχύνεται
968 1697 1117 1767 ἡμᾶς
1154 1695 1414 1765 ἀδελφοὺς
1459 1698 1770 1767 ὀνομάζειν,

196 1788 296 1839 οὐκ
331 1787 699 1856 ἀνασχόμενος
724 1826 738 1848 ,
767 1786 841 1851 ὥς
870 1787 931 1855 γέ
959 1804 1048 1857 μοι
1074 1788 1344 1856 φαίνεται,
1374 1792 1485 1851 τοῖς
1510 1789 1576 1842 δι’
1607 1790 1770 1842 αὑτοῦ

1880 598 2110 652 eundum
2166 609 2417 653 naturam
2458 613 2678 657 sanctus
2720 604 3011 667 exsistens,
3050 614 3235 673 utpote
3265 604 3444 673 Deus;

1877 690 2281 744 sanctificamur
2318 704 2497 746 autem
2532 709 2630 747 nos
2662 697 2729 748 ab
2777 710 2842 749 eo
2875 710 2969 764 per
3016 693 3277 763 Spiritum
3322 712 3451 750 san-

1877 790 2046 833 ctum.
2087 781 2156 834 At
2197 784 2467 851 quomodo
2494 799 2556 837 ex
2609 800 2714 838 uno
2741 787 2971 840 omnes?
3003 785 3079 839 Ex
3116 801 3224 839 ttno
3266 789 3452 856 utique

1875 886 2062 926 oumes
2085 875 2368 927 conditore
2396 885 2449 928 et
2475 877 2687 943 opifice,
2719 879 2863 931 unde
2890 888 2943 931 et
2975 886 3213 931 mutuam
3239 895 3451 948 quoque

1875 962 2269 1019 fraternitatem
2312 969 2620 1021 necessario
2657 969 2781 1023 hinc
2810 972 3096 1026 trahimus.
3143 973 3275 1026 Nam
3311 973 3453 1026 inter

1876 1056 2117 1123 genitum
2147 1068 2202 1110 et
2238 1059 2500 1127 genitum,
2537 1071 2804 1130 quatenus
2831 1063 3010 1130 genita
3046 1074 3193 1131 sunt,
3230 1074 3451 1117 natura-

1878 1145 1943 1197 lis
1987 1148 2233 1213 quasdam
2279 1152 2607 1217 germanitas
2659 1152 2966 1207 lutercedit.
3013 1154 3279 1209 Caeterum
3322 1171 3449 1210 cum

1877 1236 2047 1291 Filius
2080 1255 2185 1293 non
2224 1241 2295 1293 sit
2332 1253 2525 1295 natura
2562 1243 2757 1309 factus,
2808 1260 2982 1313 neque
3032 1246 3195 1299 ullam
3228 1249 3449 1300 omnino

1881 1339 1937 1381 ut
1987 1330 2131 1385 Deus
2180 1332 2575 1387 fraternitatem
2629 1351 2750 1390 cum
2790 1348 3041 1391 creatura
3087 1338 3223 1391 inire
3255 1347 3475 1406 queat;

1876 1422 1968 1489 qui
1996 1424 2108 1476 tieri
2153 1433 2329 1490 potest
2372 1436 2431 1478 ut
2470 1440 2680 1491 omnes,
2723 1438 2828 1481 tam
2868 1430 2939 1482 illi
2971 1430 3059 1498 qui
3101 1432 3452 1484 sanctifican-

1879 1520 1982 1570 tur,
2011 1528 2172 1580 quam
2204 1515 2250 1567 is
2279 1529 2494 1583 quoque
2519 1519 2610 1583 qui
2644 1519 2969 1583 sanctificat,
3008 1518 3359 1589 proﬂuxerint
3384 1520 3454 1573 ab

1876 1604 2023 1658 uno?
2053 1605 2196 1658 Sane
2228 1606 2295 1657 ad
2330 1606 2619 1660 dilucidam
2669 1613 2955 1677 propositae
2997 1613 3072 1664 rei
3116 1613 3451 1678 explanatio-

1877 1709 2022 1757 nem,
2056 1694 2445 1749 inCarnationis
2479 1701 2840 1753 oeconomiam
2884 1712 3133 1768 spectare
3164 1717 3261 1754 nos
3292 1718 3453 1770 opor-

1879 1794 1973 1839 tet.
2004 1786 2137 1841 Cmo
2174 1788 2319 1841 enim
2346 1789 2503 1844 nobis
2535 1792 2831 1846 secundum
2862 1808 3081 1847 carnem
3120 1795 3451 1848 assimilatns

196 1878 476 1945 γεγονόσιν
521 1876 749 1944 ἁδελφὸς
792 1874 1155 1946 ὀνομάζεσθαι
1179 1916 1195 1939 ,
1240 1877 1287 1928 εἰ
1318 1876 1391 1947 μὴ
1421 1876 1610 1943 γέγονε
1648 1877 1767 1929 κατ’

1876 1890 1979 1945 est,
2023 1889 2149 1933 tunc
2197 1889 2250 1933 et
2294 1881 2410 1950 ipse
2441 1897 2657 1951 quoque
2708 1886 2931 1954 perinde
2969 1902 3033 1941 ac
3073 1903 3169 1941 nos
3229 1903 3293 1941 ex
3344 1904 3456 1944 uno

197 1967 415 2031 αὐτοὺς,
445 1967 585 2038 πλὴν
609 1968 669 2019 οὑ
697 1965 881 2037 μεθεὶς
908 1968 1043 2036 ὅπερ
1070 1961 1159 2037 ἦν.
1180 1966 1311 2020 Τότε
1336 1968 1443 2038 γὰρ
1468 1968 1771 2039 ἀνεπιπλή-

197 2076 342 2122 κτως
372 2060 463 2111 καὶ
493 2058 725 2129 ὑμνήσει
774 2058 895 2129 μεθ’
927 2060 1084 2129 ἡμῶν
1117 2058 1310 2123 αὑτὸς,
1343 2058 1401 2111 ὃν
1441 2059 1669 2129 ὑμνοῦσι
1702 2059 1771 2114 τὰ

196 2152 509 2221 Σεραιρεὶμ,
538 2150 632 2204 καὶ
665 2150 927 2220 σύμπασα
959 2150 1136 2213 κτίσις
1165 2153 1479 2220 προσκυνεῖ.

1876 1986 1997 2025 esse
2023 1971 2201 2025 dictus
2238 1983 2344 2039 est,
2370 1986 2855 2046 creaturarumque
2878 1979 3185 2046 fraterjure
3210 1981 3449 2050 appella-

1875 2070 1983 2124 tus,
2023 2072 2205 2130 utpote
2239 2080 2361 2116 cum
2393 2066 2626 2119 humana
2658 2078 2845 2120 natura
2877 2073 3252 2139 cognationem
3290 2073 3454 2125 sorti-

1878 2162 1984 2205 tus.
2028 2152 2138 2208 llac
2184 2156 2345 2224 igitur
2390 2157 2597 2211 ratione
2644 2160 2779 2213 Satis
2831 2175 3068 2231 congrue
3103 2162 3301 2216 fratres
3355 2177 3454 2216 nos

195 2242 467 2311 appellare
498 2244 806 2311 neutiquam
843 2244 1048 2296 veritus
1089 2253 1190 2298 est.
1225 2244 1336 2297 Nisi
1368 2246 1511 2296 etiim
1560 2246 1644 2300 his
1675 2246 1765 2314 qui
1807 2261 1903 2314 per
1932 2248 2102 2316 ipsqu
2135 2251 2335 2304 conditi
2364 2260 2511 2314 sunt,
2578 2253 2775 2309 similis
2832 2257 3092 2310 evasisset
3120 2258 3452 2327 (quanquam

195 2354 289 2406 per
323 2339 446 2403 hoe,
494 2339 545 2393 id
580 2341 720 2409 quod
768 2349 905 2403 erat,
976 2356 1079 2392 non
1132 2341 1418 2409 amiserit),
1470 2356 1829 2410 nequaquam,
1874 2353 1930 2395 ut
1984 2346 2112 2399 mihi
2167 2348 2488 2416 persuadeo,
2541 2346 2727 2401 fratris
2772 2351 2989 2403 nomine
3041 2367 3101 2407 se
3141 2351 3453 2420 compellari

196 2449 384 2502 passus
428 2444 594 2489 esset.
641 2432 794 2489 Tunc
829 2435 973 2487 enim
1018 2447 1071 2488 et
1115 2437 1317 2504 absque
1354 2437 1775 2505 reprehensione
1812 2438 1976 2492 etiam
2042 2440 2155 2508 ipse
2198 2441 2479 2496 nobiscmn
2527 2441 2789 2510 laudabit,
2817 2459 2977 2512 quem
3044 2446 3267 2500 laudant
3294 2446 3454 2499 Sera-

194 2526 364 2596 phim,
396 2536 448 2579 et
479 2528 727 2580 universa
761 2536 1010 2580 creatura
1041 2528 1248 2583 adorat.

263 2620 385 2673 AI".
440 2639 458 2671 ε
491 2621 602 2674 Καὶ
644 2619 1097 2690 ὁμολογουμένως
1127 2621 1271 2690 μέγα
1309 2622 1426 2675 ἐστὶ⁸
1452 2623 1511 2676 τὸ
1548 2627 1649 2696 τῆς
1678 2626 1768 2678 εὑ-

193 2714 407 2779 σεϐείας
438 2716 741 2791 μυστήριον
768 2732 780 2745 ’
813 2715 946 2772 Θεὸς
992 2716 1310 2788 ἐφανερώθη
1344 2718 1404 2770 έν
1431 2722 1628 2791 σαρκὶ,
1660 2723 1767 2775 ἐδι-

191 2807 399 2879 καιώθη
446 2810 503 2863 ὲν
534 2788 805 2878 πνεύματι
830 2849 844 2873 ,
880 2807 1037 2878 ὤφθη
1082 2809 1367 2878 ἀγγέλοις,
1398 2788 1676 2883 ἐκηρύχθη
1710 2816 1767 2868 ὲν

191 2900 425 2966 ἔθνεσιν,
457 2898 750 2972 ἐπιστεύθη
792 2902 850 2953 ὲν
897 2899 1123 2971 κόσμῳ,
1159 2900 1436 2971 ἀνελήφθη
1481 2904 1539 2955 ἐν
1569 2902 1713 2974 δόξῃ.
1748 2924 1766 2954 ›

190 2995 254 3046 Εἰ
297 2992 429 3056 Θεὸς
471 2990 547 3044 ὢν
579 2994 608 3046 6
640 2992 812 3059 Λόγος
841 2989 1263 3063 ἐνανθρωπῆσαι
1290 2992 1535 3059 λέγοιτο,
1566 2995 1659 3046 καὶ
1707 2995 1767 3047 οὑ

189 3087 362 3154 δήπου
408 3084 595 3155 μεθεὶς
628 3084 686 3137 τὸ
721 3080 860 3137 εἶναι
893 3082 1055 3147 Θεὸς,
1083 3082 1199 3136 ἀλλ’
1239 3084 1297 3137 ὲν
1327 3081 1409 3146 οἷς
1438 3079 1505 3155 ἦν
1536 3086 1623 3138 ἀεὶ
1656 3086 1767 3138 δια-

194 3182 390 3249 μένων’
425 3179 565 3249 μέγα
588 3178 651 3249 δὴ
682 3178 803 3231 τότε
828 3218 842 3242 ,
870 3176 965 3231 καὶ
996 3177 1448 3248 ὁμολογουμένως
1476 3179 1619 3249 μέγα
1650 3180 1766 3231 ἐστὶ
1796 3159 1840 3217 C

190 3275 251 3324 τὸ
279 3273 378 3342 τῆς
418 3271 699 3334 εὐσεϐείας
735 3272 1053 3342 μυστήριον.
1083 3273 1147 3324 Εἰ
1170 3271 1226 3324 δὲ
1257 3270 1541 3342 ἄνθρωπος
1571 3274 1772 3325 νοεῖται

191 3364 371 3427 κοινὸς
414 3365 443 3416 6
481 3363 713 3432 Χριστὸς
737 3402 751 3424 ,
782 3362 856 3425 ὡς
890 3361 1031 3415 κατά
1073 3361 1240 3433 μόνην
1263 3360 1363 3432 τὴν
1414 3363 1637 3432 ἰσότητα
1673 3362 1772 3432 τῆς

192 3457 348 3523 ἀξίας
370 3496 383 3519 ,
412 3456 579 3525 ἤγουν
612 3453 921 3518 αὑθεντίας,
954 3454 1073 3523 Θεῷ
1106 3453 1450 3524 συνημμένος
1483 3455 1773 3526 (πεφρονή-

192 3565 322 3600 κασι
352 3548 460 3617 γὰρ
486 3547 553 3599 τὰ
586 3547 762 3599 τοιάδε
789 3546 933 3607 τινὲς
960 3545 1068 3599 τῶν
1092 3545 1531 3618 ἀμαθεστέρων),
1559 3547 1677 3610 πῶς
1712 3549 1770 3600 ἐν

193 3642 357 3710 σαρκὶ
380 3638 793 3709 πεφανέρωται;
820 3636 1020 3708 (καίτοι
1042 3637 1158 3701 πῶς
1176 3638 1272 3708 οὑχ
1294 3638 1497 3691 ἅπασιν
1522 3638 1768 3710 ἐναργὲς,

189 3734 274 3785 ὅτι
319 3733 426 3795 πᾶς
470 3730 760 3801 ἄνθρωπος
792 3731 851 3781 ὲν
906 3728 1069 3799 σαρκί
1116 3730 1178 3782 τέ
1226 3731 1378 3792 ἐστι,
1424 3729 1516 3782 καὶ
1560 3729 1658 3782 οὑκ
1704 3729 1771 3782 ἂν

194 3826 393 3896 ἑτέρως
443 3823 617 3895 όρῷτό
659 3826 824 3891 τισις)
866 3822 970 3875 τίνι
1012 3822 1067 3875 δὲ
1096 3821 1283 3893 τρόπῳ
1315 3832 1335 3859 ι’
1378 3817 1557 3891 ὧςοθαί
1607 3839 1771 3893 φησιν

194 3918 356 3971 αὺτὸν
400 3918 496 3971 καὶ
525 3920 638 3978 τοῖς
683 3914 859 3984 ἁγίοις
905 3913 1192 3981 ἀγγέλοις;
1240 3914 1310 3965 Ἦ
1342 3913 1449 3983 γὰρ
1490 3915 1583 3966 καὶ
1624 3914 1771 3984 ἡμᾶς

193 4012 390 4074 αὐτοὺς
434 4012 533 4079 οὑχ
576 4008 775 4080 ὁρῶσιν
828 4006 1086 4075 ἄγγελοι;
1119 4006 1184 4059 Τί
1216 4001 1307 4059 οὖν
1356 4008 1413 4059 ὲν
1446 4006 1668 4077 Χριστῷ
1708 4006 1771 4059 τὸ

194 4102 366 4166 ξένον,
405 4101 437 4172 ἢ
470 4101 521 4154 τί
564 4101 625 4153 τὸ
651 4099 972 4171 παράδοξον,
1007 4101 1055 4152 εί
1106 4098 1200 4152 καὶ
1238 4098 1360 4152 καθ’
1409 4101 1557 4169 ἡμᾶς
1604 4099 1766 4162 ὄντα,

194 4193 287 4248 καὶ
315 4192 503 4261 ἕτερον
529 4192 703 4253 οὐδὲν,
740 4191 1025 4245 τεθέανταί
1055 4207 1201 4253 τινες
1242 4189 1351 4242 τῶν
1398 4191 1569 4257 ἁγίων
1599 4190 1768 4259 ἀγγέ-

189 4287 327 4350 λων;
360 4284 483 4347 Πῶς
508 4284 564 4336 δὲ
590 4284 683 4336 καὶ
704 4283 910 4336 ἔθνεσιν
928 4282 1207 4353 ἐκηρύχθη
1232 4299 1246 4347 ;
1270 4283 1365 4335 καὶ⁹
1391 4282 1467 4344 ὡς
1486 4282 1570 4345 τίς
1588 4284 1767 4354 ὑπάρ-

190 4398 300 4449 χων
326 4386 346 4412 ³
380 4378 529 4447 παρὰ
567 4376 676 4429 τῶν
711 4378 771 4428 ὲν
807 4376 997 4445 κόσμῳ
1029 4374 1344 4427 πιστεύεται
1372 4390 1386 4440 ;
1418 4375 1481 4427 Ei
1526 4374 1626 4445 μὲν
1658 4376 1767 4446 γὰρ

190 4474 266 4535 ὼς
296 4472 390 4524 ἕνα
415 4469 522 4522 τῶν
547 4467 667 4521 καθ’
691 4468 841 4536 ἡμᾶς
871 4466 1154 4536 ἄνθρωπον
1187 4464 1403 4531 ἁπλῶς,
1432 4466 1525 4518 καὶ
1555 4465 1676 4535 οὑχὶ
1700 4466 1765 4537 δὴ
1800 4500 1842 4554 D

195 4558 397 4630 μᾶλλον
427 4556 561 4608 Θεὸν
587 4554 1049 4626 ὲνηνθρωπηκότα
1076 4554 1402 4625 διεκήρυξαν
1426 4556 1474 4607 οἱ
1504 4556 1763 4626 μαθηταὶ,

193 4649 287 4701 καὶ
313 4647 389 4709 ὡς
421 4643 581 4698 τοῦτο
602 4643 865 4713 ὑπάρχων
892 4642 1044 4712 παρά
1070 4642 1180 4695 τῶν
1208 4644 1263 4695 έν
1294 4644 1482 4714 κόσμῳ
1513 4644 1767 4697 πιστεύε-

190 4758 313 4804 ται,
347 4735 829 4810 ἁνθρωπολατρείᾳ
862 4733 1259 4805 κεκρατήμεθα
1280 4775 1293 4797 ,
1326 4735 1421 4787 καὶ
1456 4751 1765 4804 προσκεκυ-

192 4836 437 4903 νήκαμεν
483 4831 550 4897 τῇ
585 4827 760 4880 κτίσει
785 4843 797 4856 ’
836 4823 931 4877 καὶ¹
977 4823 1114 4896 πρός
1159 4841 1223 4892 γε
1262 4825 1418 4878 τοῦτο
1447 4828 1592 4897 ἡμᾶς
1630 4844 1764 4881 κατ-

195 4927 444 4996 εδόνησεν
471 4920 631 4983 αὑτὸς
658 4920 686 4971 ὁ
710 4917 869 4989 φύσει
904 4934 963 4970 τε
983 4918 1076 4969 καὶ
1104 4916 1333 4989 ἀληθείᾳ
1363 4918 1457 4970 καὶ
1487 4918 1597 4972 τῶν
1627 4918 1763 4974 ὅλων

191 5015 342 5075 Θεόςο
384 5013 548 5074 αὑτὸς
596 5010 705 5080 γὰρ
734 5012 866 5080 ἡμῖν
914 5009 1006 5061 τὸν
1053 5007 1160 5061 τῶν
1205 5007 1485 5080 θεηγόρων
1522 5010 1762 5077 ἀνέδειξε

191 5106 372 5178 χορόν.
403 5106 465 5157 Εἰ
493 5104 549 5157 δὲ
584 5103 817 5173 Χριστὸς
846 5103 1091 5174 ἐγερθεὶς
1126 5104 1190 5155 ὲκ
1216 5103 1423 5173 νεκρῶν
1452 5105 1565 5168 τοῖς
1591 5105 1768 5172 ἁγίοις

191 5201 428 5268 ἔφασκεν
484 5195 833 5258 ἀποστόλοιςο
893 5213 911 5245 ι
972 5193 1340 5265 Πορευθέντες
1390 5195 1765 5265 μαθητεύσατε

192 5290 368 5343 πάντα
415 5287 483 5341 τὰ
526 5286 685 5355 ἔθνη,
737 5284 1091 5354 βαπτίζοντες
1143 5284 1339 5347 αὑτοὺς
1382 5287 1462 5349 είς
1498 5287 1559 5338 τὸ
1596 5287 1765 5356 ὄνομα

190 5381 282 5433 τοῦ
315 5382 547 5453 Πατρὸς,
590 5383 685 5435 καὶ
710 5381 802 5435 τοῦ
845 5384 998 5448 Υἱοῦ,
1028 5384 1122 5438 καὶ
1165 5385 1259 5438 τοῦ
1301 5384 1457 5454 ἁγίου
1506 5385 1761 5456 Πνεὺμα-

257 5559 301 5591 ⁸³
331 5557 345 5610 1
381 5557 616 5614 Timoth.
653 5576 736 5627 lit,
768 5560 852 5615 16.

1948 2626 2191 2681 XXXIII.
2241 2646 2262 2677 ι
2301 2628 2365 2682 Et
2393 2629 2679 2684 manifeste
2711 2645 2962 2699 magnmn
2989 2641 3072 2685 est
3110 2634 3329 2700 pietatis
3361 2650 3448 2688 sa-

1876 2730 2212 2772 cramentum
2244 2737 2256 2772 :
2288 2718 2431 2774 Deus
2468 2720 2842 2776 manifestatus
2878 2735 2959 2777 est
3001 2725 3051 2776 in
3083 2741 3268 2787 carne,
3294 2726 3453 2792 justi—

1878 2813 2068 2865 licatus
2109 2822 2190 2865 est
2221 2813 2272 2866 in
2306 2813 2523 2879 Spiritu,
2555 2814 2704 2868 visus
2752 2826 2835 2869 est
2870 2816 3098 2885 angelis,
3130 2818 3453 2885 praedicatus

1876 2912 1959 2956 est
1994 2903 2046 2957 in
2083 2904 2357 2972 gentibus,
2394 2905 2633 2961 creditus
2681 2917 2760 2960 est
2796 2907 2847 2960 iu
2896 2910 3114 2973 mundo,
3147 2920 3455 2980 assumptus

1877 3002 1959 3046 est
2014 2993 2069 3047 in
2117 2995 2286 3063 gloria
2313 2996 2378 3047 “.
2415 3015 2432 3047 ι
2488 2996 2541 3051 Si
2590 2997 2732 3053 Deus
2766 3001 2990 3053 verbum
3038 3001 3295 3056 deitatem
3348 3019 3452 3057 non

1879 3085 2160 3150 amitlens,
2194 3089 2287 3141 sed
2321 3089 2373 3142 in
2409 3090 2608 3159 quibus
2633 3100 2755 3144 erat
2795 3091 2953 3146 bonis
2987 3102 3305 3147 constanter
3332 3112 3454 3165 per-

1876 3177 2094 3241 sistens,
2132 3178 2294 3232 homo
2324 3178 2500 3235 factus
2532 3183 2879 3249 praedicatur,
2914 3201 3169 3256 magnum
3207 3189 3453 3256 profecto

1876 3268 2092 3335 pietatis
2132 3272 2448 3340 mysterium
2500 3273 2588 3326 hic
2622 3289 2679 3327 se
2721 3272 2897 3329 offert.
2946 3277 3002 3331 Si
3046 3293 3173 3332 vero
3206 3279 3456 3335 Christus

1874 3372 1957 3416 est
2002 3364 2162 3417 homo
2212 3372 2420 3418 tantum
2470 3370 2803 3434 communis,
2859 3370 2972 3424 sola
3027 3372 3308 3441 dignitatis
3367 3373 3449 3428 vel

1876 3458 2220 3510 auctoritatis
2252 3460 2512 3512 societate
2540 3458 2650 3513 Deo
2678 3460 3000 3529 coajunctus
3026 3464 3153 3533 (hoc
3186 3468 3327 3518 enim
3371 3466 3450 3520 in-

1875 3547 2018 3601 docti
2065 3549 2280 3615 quidam
2335 3548 2684 3621 defendunt),
2743 3554 3014 3621 quomodo
3074 3556 3455 3612 tnanifestatus

1874 3647 1957 3691 est
2001 3638 2054 3691 in
2106 3639 2310 3692 carne?
2368 3641 2452 3693 An
2521 3657 2625 3695 non
2673 3645 2924 3699 onmibus
2975 3649 3317 3716 perspicuum
3370 3662 3454 3705 est

1874 3728 2075 3782 nullum
2118 3745 2224 3783 non
2268 3730 2539 3785 hominem
2572 3747 2735 3787 carne
2768 3750 2889 3789 esse
2918 3736 3186 3802 indutum,
3221 3756 3319 3795 nee
3346 3741 3455 3797 alio

1874 3821 2033 3875 modo
2061 3836 2090 3874 a
2126 3837 2397 3891 quoquam
2436 3839 2595 3893 posse
2630 3826 2835 3878 videri?
2866 3827 3025 3899 154
3053 3829 3165 3895 Qua
3194 3846 3324 3900 ergo
3360 3849 3450 3886 ra-

1875 3914 2019 3969 tione
2045 3931 2075 3969 a
2107 3917 2313 3969 sanctis
2340 3932 2556 3986 quoque
2583 3919 2790 3986 angelis
2818 3922 2965 3974 visus
3000 3922 3231 3977 dicitur?
3264 3923 3454 3980 Nonne

1872 4007 2048 4075 angeli
2087 4008 2337 4075 nosipsos
2371 4009 2794 4077 conspicantur?
2825 4010 2962 4077 Quid
3006 4012 3168 4082 igitur
3200 4015 3251 4069 iu
3293 4016 3451 4073 Chri-

1871 4108 1957 4153 sto
1989 4107 2082 4151 aut
2114 4114 2332 4164 novum,
2372 4110 2464 4154 aut
2501 4102 2845 4169 inusitatmn,
2879 4113 2932 4159 et
2973 4108 3334 4163 admiratione
3365 4113 3449 4165 tli-

1871 4206 2031 4260 guum
2081 4200 2186 4256 est,
2238 4192 2283 4246 si
2338 4191 2506 4246 solam
2548 4205 2753 4250 naturae
2794 4208 2996 4253 nostrae
3035 4201 3447 4257 similitudinem

1871 4300 2091 4354 gerens.
2130 4300 2159 4338 a
2195 4285 2516 4354 quibusdam
2543 4289 2748 4358 angelis
2783 4290 2931 4344 visus
2959 4292 3085 4345 est?
3112 4293 3296 4359 Qualis
3324 4312 3446 4348 rur-

1871 4390 1989 4429 sum
2027 4375 2277 4444 gentibus
2305 4376 2666 4443 praedicatus?
2696 4388 2787 4431 aut
2824 4380 2998 4446 quatis
3032 4385 3246 4435 tandem
3284 4384 3352 4438 ab
3380 4386 3447 4440 iis

1869 4466 1959 4535 qui
1999 4476 2127 4520 sunt
2160 4467 2212 4521 in
2250 4468 2472 4531 mundo,
2512 4469 2790 4522 creditur?
2828 4470 2962 4523 Nam
3007 4472 3053 4526 si
3099 4473 3244 4527 illum
3282 4477 3447 4530 disci-

1872 4559 1979 4627 puli
2013 4558 2210 4611 mundo
2248 4560 2611 4627 praedicarunt
2646 4570 2703 4613 ut
2741 4576 2932 4628 purum
2974 4562 3207 4631 aliquem
3246 4578 3445 4622 nostrae

1872 4651 2200 4705 conditionis
2258 4654 2551 4715 hominem,
2600 4662 2654 4706 et
2695 4669 2801 4705 non
2852 4664 2908 4707 ut
2950 4655 3116 4708 Deum
3168 4657 3442 4714 hominem

1869 4742 2094 4807 factum,
2130 4745 2357 4813 talisque
2382 4746 2448 4796 ab
2484 4744 2549 4799 iis
2583 4745 2673 4812 qui
2712 4746 2765 4798 in
2796 4748 2996 4800 mundo
3026 4748 3229 4816 degunt
3265 4755 3446 4805 credi-

1873 4844 1992 4901 tur;
2044 4838 2110 4889 ad
2149 4852 2313 4889 unum
2361 4852 2550 4892 omnes
2600 4838 3039 4907 authropolatriaa
3088 4843 3316 4897 crimine
3370 4846 3445 4897 rei

1874 4927 2197 4993 tenebimnr,
2259 4942 2675 5001 creaturamque
2720 4934 2997 4991 Creatoris
3050 4938 3168 4991 loco
3222 4941 3448 4995 adorare

1873 5029 2059 5084 aperte
2087 5021 2520 5074 convincemur?
2553 5024 2714 5091 idque
2753 5024 2895 5079 illius
2937 5027 3188 5096 impulsu,
3220 5031 3308 5097 qui
3346 5047 3447 5083 tta~

1875 5118 1994 5163 tura
2058 5121 2111 5163 et
2160 5112 2393 5166 veritate
2437 5113 2816 5167 universorum
2875 5116 3014 5171 Deus
3064 5130 3164 5172 est.
3216 5118 3450 5175 Constat

1873 5204 2016 5255 enim
2069 5202 2242 5268 ipsum
2308 5204 2374 5256 ad
2428 5220 2524 5258 nos
2577 5206 2791 5261 misisse
2844 5210 3130 5279 magistros
3185 5213 3276 5280 qui
3333 5213 3447 5267 haec

1871 5296 2146 5347 docerent.
2174 5292 2327 5360 Quod
2361 5295 2405 5349 si
2434 5296 2681 5353 Christus
2710 5315 2776 5353 ex
2806 5302 3031 5357 mortuis
3058 5306 3443 5371 exsuscitatus,

1870 5396 2088 5441 sanctos
2133 5388 2405 5456 apostolos
2436 5389 2520 5445 his
2563 5390 2743 5446 verbis
2793 5390 3030 5449 affatur:
3066 5415 3083 5447 ι
3119 5396 3318 5452 Euutes
3352 5400 3449 5453 do-

1285 5698 1458 5759 νηπίω
1490 5700 1748 5756 lectiones
1782 5704 1982 5758 codicis
2018 5703 2376 5775 Seguiertani.

260 5849 288 5889 Ρ
318 5839 549 5910 γενητῷ.
626 5848 651 5887 q
684 5838 926 5908 γενητόν.
1008 5847 1028 5875 ι’
1063 5838 1182 5893 τίνα
1211 5839 1264 5891 δὲ
1294 5839 1512 5908 τρόπον.

1591 5846 1612 5873 ⁸
1646 5839 1730 5891 ἴσ.
1763 5840 1857 5891 καὶ
1897 5841 2045 5901 ὅστις
2072 5843 2351 5911 ὑπάρχων.
