4000 6326
628 362 766 417 1579

1609 358 1666 412 S.
1706 356 1980 414 CYRILLI
2022 351 2491 410 ALEXANDRINI
2530 351 2851 409 ARCIIIEP.

3682 366 3774 419 158d

627 485 743 527 cete
790 486 978 526 omnes
1013 479 1220 540 gentes,
1253 471 1596 541 baptizantes
1625 486 1721 525 cos
1757 471 1807 522 in
1854 470 2071 523 nomine
2105 467 2192 520 Pa-

2302 483 2423 529 τος·
2456 484 2473 516 ι
2508 461 2625 519 εἶτα
2658 464 3106 537 πεπιστεύκαμεν
3141 469 3220 532 είς
3246 468 3434 531 αὑτὸν,
3464 469 3775 546 βεδαπτίσμώά

628 568 749 629 tris,
779 575 831 618 et
857 564 1000 627 Filii,
1031 574 1084 618 et
1106 563 1346 632 Spiritus
1376 565 1549 618 sancti
1574 564 1649 628 ⁶²;
1681 582 1697 613 ι
1731 578 1939 631 nosque
1962 563 2013 615 in
2053 561 2196 614 ἱὶΙιιιιι

625 658 916 717 credimus,
944 671 1006 710 ac
1033 665 1267 709 mortem
1301 655 1539 724 ejusdem
1575 655 1980 715 annuntiantes,
2016 668 2199 706 resur-

625 751 1027 815 rectimtemque
1052 747 1394 808 conﬁtentes,
1427 745 1682 814 baptizati
1713 761 1901 798 sumus
1929 762 1943 810 ;
1976 754 2031 798 et
2056 744 2199 796 istud

624 841 689 893 de
719 854 866 891 more
902 836 1213 890 iactitantes
1248 851 1523 905 nunquam
1568 837 1830 890 hactenus
1853 836 1995 905 quod
2028 834 2199 888 homi-

621 944 743 981 nem
776 928 1037 991 colamus,
1084 927 1383 981 insimulati
1418 925 1617 979 fuimus
1645 944 1656 978 :
1690 927 1812 995 quis
1846 926 2065 980 dubium
2100 924 2197 976 ha-

621 1020 749 1073 bere
794 1028 971 1087 potest
1031 1017 1307 1072 Christum
1376 1032 1481 1071 non
1530 1032 1648 1071 esse
1692 1032 1882 1084 purum
1927 1016 2197 1069 hominem

621 1116 761 1168 nuda
818 1122 1023 1167 tantum
1084 1110 1423 1179 simplicique
1478 1124 1601 1163 cum
1668 1109 1761 1161 Dei
1825 1105 2004 1161 Verbo
2072 1122 2199 1160 con-

620 1206 852 1257 nexione
882 1204 1236 1265 honoratum;
1282 1214 1468 1252 verum
1512 1198 1745 1252 naturali
1787 1198 2081 1250 secundum
2118 1196 2200 1248 di-

620 1294 1011 1363 spensatoriam
1054 1293 1310 1346 unionem
1361 1307 1483 1345 cum
1539 1291 1771 1344 humana
1821 1298 2019 1344 natura
2069 1305 2200 1342 cun-

617 1386 894 1457 junctione
947 1400 1113 1439 unum
1160 1398 1281 1438 esse
1339 1381 1536 1436 Filium
1582 1390 1637 1435 et
1687 1382 1995 1442 Dominum,
2023 1389 2199 1453 .atque

621 1478 742 1531 ideo
769 1492 1018 1545 magnum
1044 1476 1260 1546 pietatis
1282 1484 1682 1528 sacramentum
1708 1473 1942 1527 eluxisse
1964 1469 2199 1523 mundo?

619 1565 756 1620 Nam
802 1565 943 1620 Dens
984 1565 1218 1620 Verbum
1270 1566 1520 1632 apparuit
1558 1564 1608 1617 in
1658 1579 1842 1627 carne,
1874 1562 2199 1631 justilicatus

623 1668 705 1711 est
736 1657 787 1710 in
816 1655 1018 1723 Spiritu
1052 1656 1277 1726 (nullum
1311 1657 1455 1710 enim
1495 1664 1774 1723 peccatum
1814 1653 2071 1707 Dominus
2104 1667 2200 1703 no-

621 1761 735 1804 ster
776 1748 1072 1819 designat),
1098 1750 1249 1803 visus
1284 1759 1365 1802 est
1395 1759 1448 1802 et
1471 1747 1697 1816 angelis,
1739 1757 1794 1799 ut
1822 1747 1910 1815 qui
1943 1745 2198 1799 nativita-

2298 573 2355 607 τε
2382 597 2395 619 ,
2432 555 2521 607 τὸν
2566 556 2795 609 θάνατον
2827 556 2993 610 αὐτοῦ
3031 557 3518 625 καταγγέλλοντες,
3545 565 3774 634 καὶὸμολο-

2298 647 2522 713 γοῦντες
2561 649 2657 719 τὴν
2703 650 3030 703 ἀνάστασιν·
3070 650 3164 702 καὶ
3202 650 3360 703 τοῦτο
3401 652 3523 723 δρᾷν
3564 659 3773 723 είωϐότες,

2297 742 2408 802 τοῖς
2437 740 2946 810 ἀνθρωπολατρείας
2972 740 3278 811 ἐγκλήμασι
3308 743 3427 794 κατ’
3453 746 3618 800 οὐδένα
3640 753 3775 820 τρόπον

2299 829 2655 900 ἐνισχήμεθα.
2688 832 2800 882 Οὐκ
2832 832 2939 901 ἄρα
2971 831 3099 901 ψιλῇ
3149 834 3412 904 συναφείᾳ
3453 838 3513 906 τῇ
3550 840 3659 910 πρὸς
3690 842 3776 895 Θεὸν

2299 920 2471 987 Λόγον
2509 923 2871 992 τετιμημένος
2895 924 2989 976 ἄνθ
3002 941 3181 994 ρωπος
3199 925 3241 981 ίό
3268 926 3495 994 Χριστὸς
3515 966 3528 991 ,
3564 932 3720 1002 συνόδῳ
3742 936 3777 987 δὲ

2302 1012 2500 1081 μᾶλλον
2525 1016 2590 1083 τῇ
2630 1015 2765 1084 πρδς
2800 1014 2862 1066 τὸ
2893 1014 3229 1085 ἀνθρώπινον
3268 1016 3387 1069 καθ’
3432 1018 3603 1071 ἕνωσιν
3633 1023 3777 1077 οἰκονο-

2303 1102 2469 1172 μικὴν
2496 1103 2621 1165 Υἱὸς
2647 1098 2725 1167 εἷς
2775 1106 2868 1155 καὶ
2915 1105 3137 1176 Κύριος.
3185 1106 3341 1173 Μέγα
3375 1106 3481 1177 γὰρ
3510 1109 3613 1162 τότε
3640 1112 3687 1163 τὸ
3718 1114 3781 1182 τῆς

2299 1195 2579 1259 εὐσεϐείας
2627 1197 2955 1266 μυστήριον·
3008 1199 3389 1269 πεφανέρωται
3440 1198 3539 1271 γὰρ
3584 1203 3632 1253 ὲν
3670 1207 3781 1273 σαρκὶ

2298 1286 2428 1349 Θεὸς
2451 1286 2523 1339 ὢν
2548 1290 2576 1340 6
2604 1287 2801 1355 Λόγος,
2838 1287 3129 1358 ἐδικαιώθη
3156 1288 3212 1341 δὲ
3239 1289 3333 1343 καὶ
3361 1292 3419 1342 ἐν
3456 1292 3714 1361 Πνεύματι·
3742 1297 3781 1347 οὗ

2298 1378 2407 1448 γὰρ
2432 1379 2684 1447 ἐποίησεν
2713 1379 2985 1448 ἁμαρτίαν
3018 1382 3046 1433 6
3072 1379 3276 1451 Κύριος
3296 1380 3455 1451 ἡμῶν
3501 1383 3675 1453 Ἰησοῦς
3692 1387 3780 1456 Χρι-

2301 1471 2453 1532 στός·
2501 1469 2654 1539 ὤφθη
2703 1470 2759 1522 δὲ
2800 1470 2893 1522 καὶ
2938 1471 3225 1539 ἀγγέλοις,
3273 1472 3322 1525 οἳ
3371 1472 3468 1543 τὴν
3520 1475 3782 1547 ἀνθρωπίνην

2300 1563 2465 1615 αὑτοῦ
2491 1562 2742 1634 γέννησιν
2784 1565 2883 1616 οῦκ
2910 1564 3238 1633 ἠγνοηκότες
3268 1564 3524 1634 ἔφασκον·
3575 1586 3590 1615 t
3621 1570 3723 1633 Δόξα
3746 1576 3781 1621 ὲν

2300 1653 2543 1722 ὑψίστοις
2580 1654 2733 1724 Θεῷ,
2766 1656 2859 1708 καὶ
2903 1656 2998 1707 ἐπὶ
3037 1656 3140 1724 γῆς
3190 1658 3418 1727 εἰρήνη,
3460 1659 3513 1710 ὲν
3555 1659 3783 1728 ἀνθρώποις

2299 1744 2537 1797 εὐδοκία.
2572 1763 2589 1794 ι
2637 1745 2947 1815 Ἐκηρύχθη
2975 1746 3033 1797 δὲ
3056 1747 3150 1798 καὶ
3174 1748 3231 1799 ὲν
3256 1746 3437 1799 ἔθνεσι
3462 1766 3474 1777 ·
3501 1750 3585 1801 καὶ
3606 1750 3671 1801 ὅτι
3688 1755 3781 1803 κατὰ

620 1848 725 1893 lem
764 1841 881 1904 ejus
909 1839 1205 1891 secundum
1236 1851 1451 1891 carnem
1487 1852 1590 1890 non
1623 1837 1934 1905 ignorantes
1964 1854 1978 1890 :
2009 1853 2026 1885 ι
2064 1836 2188 1888 Glo-

2292 1837 2549 1906 ἁλήθειάν
2591 1839 2737 1891 ἐστιν
2763 1841 2791 1890 6
2835 1839 2961 1901 Υἱὸς
3004 1838 3098 1891 τοῦ
3132 1838 3266 1891 Θεοῦ
3294 1840 3392 1893 καὶ
3418 1840 3636 1911 Πατρός,
3662 1844 3729 1894 καὶ
3749 1844 3785 1894 ὲν

616 1931 698 1983 ria
731 1931 780 1982 in
814 1930 1091 1983 altissimis
1124 1930 1253 1991 Deo,
1289 1938 1341 1982 et
1374 1930 1425 1981 in
1464 1938 1605 1983 terra
1641 1944 1764 1994 pax,
1794 1929 1845 1981 in
1884 1927 2188 1981 hominibus

2298 1930 2460 2000 σαρκὶ
2492 1928 2749 1999 πεφηνὼς
2767 1968 2782 1991 ,
2808 1928 2959 1999 παρὰ
2983 1931 3093 1993 τοῖς
3122 1932 3180 1983 ὲν
3209 1931 3401 2002 κόσμῳ
3432 1932 3716 1985 πιστεύεται.

522 2022 531 2027 ”
617 2022 759 2079 bima
811 2024 1062 2078 voluntas
1085 2022 1161 2085 ⁵³,
1195 2042 1215 2073 ι
1263 2022 1674 2088 concinuerint;
1737 2022 2062 2090 praedicatus
2113 2030 2196 2075 est
2232 2022 2356 2075 etin
2393 2023 2646 2090 gentibus
2702 2037 2966 2092 quoque:
3016 2021 3245 2091 denique
3301 2038 3489 2077 verum
3522 2024 3646 2076 illum
3685 2033 3787 2076 natu-

619 2112 898 2180 ralemque
930 2111 1022 2164 Dei
1066 2110 1242 2165 Patris
1281 2109 1475 2163 Filium
1516 2125 1656 2175 esse,
1711 2112 1802 2179 qui
1872 2109 2242 2165 manilestatus
2280 2111 2351 2165 sit
2400 2113 2453 2165 in
2520 2128 2707 2179 carne,
2769 2114 3034 2167 creditum
3082 2121 3165 2165 est
3208 2112 3276 2167 ab
3322 2112 3411 2168 his
3462 2116 3545 2186 qui
3599 2116 3784 2168 mundum

619 2206 763 2258 hunc
795 2201 1055 2257 incolunt.

688 2291 930 2347 XXXIV.
998 2313 1015 2345 ‹
1052 2295 1115 2347 Et
1174 2295 1541 2348 testimonium
1593 2295 1866 2363 perhibuit
1923 2293 2192 2361 Joannes,

620 2385 806 2440 dicens
838 2404 851 2439 ε
882 2386 1015 2451 Quia
1058 2386 1163 2439 vidi
1194 2387 1453 2454 Spiritum
1486 2386 1903 2439 descendentem
1928 2389 2080 2455 quasi
2108 2401 2197 2440 co—

618 2477 854 2531 lumbam
897 2480 964 2531 de
991 2478 1149 2541 c0210,
1173 2489 1227 2531 et
1269 2479 1467 2531 mansit
1504 2492 1667 2546 super
1693 2492 1837 2530 eum.
1879 2477 1947 2530 Et
1982 2493 2080 2546 ego
2108 2493 2196 2532 ne-

622 2568 860 2623 sciebam
892 2583 1038 2632 eum,
1076 2572 1168 2622 sed
1199 2569 1289 2638 qui
1322 2569 1472 2622 misit
1510 2584 1595 2621 me
1628 2570 1904 2636 baptizare
1940 2570 1990 2622 in
2028 2586 2191 2639 aqua,

619 2660 709 2714 ille
757 2660 886 2714 mihi
936 2660 1073 2713 dixit
1102 2679 1115 2713 :
1143 2661 1315 2728 Super
1355 2674 1514 2729 quem
1547 2661 1746 2715 videris
1794 2662 2050 2729 Spiritum
2095 2664 2189 2716 de-

618 2752 964 2808 scendentem
1005 2761 1059 2805 et
1085 2761 1392 2805 manentem
1437 2766 1600 2818 super
1637 2765 1779 2815 eum,
1808 2751 1965 2822 155
1993 2754 2079 2805 hic
2108 2763 2192 2807 est

618 2844 708 2914 qui
745 2846 980 2913 baptizat
1028 2844 1078 2897 in
1121 2843 1325 2912 Spiritu
1369 2854 1576 2896 saneto.
1618 2843 1684 2896 Et
1722 2859 1820 2912 ego
1855 2847 1983 2909 vidi,
2029 2857 2080 2899 et
2111 2857 2191 2900 te-

617 2939 934 2992 stimonium
987 2936 1260 3005 perhibui,
1309 2937 1433 3006 quia
1488 2936 1574 2990 hic
1625 2946 1708 2990 est
1750 2937 1917 2990 Filius
1950 2936 2134 2991 Dei“.
2165 2956 2186 2990 ι

2371 2298 2493 2352 ΛΔ’.
2540 2317 2557 2349 ι
2598 2297 2709 2351 Καὶ
2754 2298 3136 2369 ἐμαρτύρησεν
3192 2298 3447 2369 Ἰωάννης
3490 2298 3673 2365 λέγων·
3710 2299 3786 2348 Ὀτι

2299 2390 2563 2459 τεθέαμαι
2603 2389 2665 2442 τὸ
2711 2389 2937 2460 Πνεῦμα
2992 2389 3318 2443 καταϐαῖνον
3368 2390 3500 2443 ὡσεὶ
3540 2392 3788 2461 περιστερὰν

2300 2482 2360 2546 ἐξ
2390 2480 2621 2551 οὐρανοῦ
2643 2522 2657 2546 ,
2695 2483 2791 2534 καὶ
2834 2482 3045 2551 ἔμεινεν
3077 2483 3163 2535 ἐπ’
3205 2483 3389 2535 αὐτόν.
3446 2482 3577 2551 Ἐγὼ
3610 2482 3691 2533 δὲι
3725 2483 3788 2533 οὐκ

2300 2574 2448 2644 ᾔδειν
2475 2572 2634 2626 αὐτόν
2656 2588 2669 2601 ⁶
2715 2572 2832 2624 ἀλλ’
2856 2575 2885 2625 ὁ
2917 2572 3137 2642 πέμψας
3174 2589 3241 2643 με
3287 2572 3561 2642 βαπτίζειν
3589 2574 3638 2625 ὲν
3669 2572 3788 2631 ῦδατι,

2299 2666 2461 2729 αὑτός
2491 2682 2579 2735 μοι
2622 2660 2773 2717 εἶπεν
2796 2681 2812 2696 ο
2870 2666 2983 2733 Ἐφ’
3013 2665 3071 2717 ὃν
3099 2665 3165 2718 ἂν
3203 2664 3318 2735 ἴδῃς
3343 2665 3408 2718 τὸ
3449 2665 3648 2734 Πνεῦμα
3677 2681 3787 2717 κατι-

2299 2758 2504 2821 6αῖνον,
2528 2758 2621 2810 καὶ
2656 2758 2815 2827 μένον
2853 2758 2938 2810 ἐπ’
2964 2758 3125 2810 αὐτὸν
3143 2799 3157 2821 ,
3188 2752 3342 2823 οῦτός
3372 2761 3515 2812 ἐστιν
3540 2758 3565 2809 ό
3590 2755 3789 2827 βαπτίζων

2297 2849 2355 2900 ὲν
2384 2850 2659 2918 Πνεύματι
2685 2847 2760 2918 τῷ
2786 2847 2946 2918 ἁγίῳ.
2985 2848 3155 2915 Κάγὼ
3184 2848 3409 2919 ἑώρακα
3426 2891 3442 2913 ,
3469 2850 3558 2901 καὶ
3582 2846 3782 2917 μεμαρτί-

2301 2957 2444 3010 ρηκα
2465 2979 2479 3002 ,
2508 2941 2589 2992 ὅτι
2617 2935 2769 3003 οῦτός
2801 2943 2946 2993 ἐστιν
2985 2943 3012 2993 6
3050 2941 3175 3003 Υἱὸς
3214 2940 3307 2993 τοῦ
3340 2939 3502 2993 Θεοῦ.
3553 2959 3569 2990 t
3603 2938 3710 2991 Ἕνα
3732 2936 3785 2988 λὲ-

617 3030 749 3085 Cum
786 3046 949 3084 unum
981 3031 1244 3084 duntaxat
1266 3028 1669 3082 Emmanuelem
1701 3030 2060 3098 assiguemus,
2095 3045 2189 3085 ne-

2293 3049 2482 3100 γοντες
2525 3031 2618 3084 τὸν
2666 3031 3043 3102 Ἐμμανουήλ,
3088 3032 3183 3085 καὶ
3224 3032 3334 3084 τῶν
3366 3034 3449 3094 εἰς
3492 3030 3576 3084 δύο
3596 3031 3788 3099 Χριστοὺς

619 3139 724 3193 que
770 3138 865 3177 eos
907 3122 999 3192 qui
1053 3123 1271 3176 unicum
1317 3122 1593 3175 Christum
1644 3122 1695 3175 in
1745 3123 1879 3176 duos
1910 3123 2189 3189 divellunt,

619 3219 879 3279 feramus,
922 3217 1050 3285 quid
1093 3216 1355 3279 dicemus,
1388 3230 1510 3268 cum
1565 3214 1830 3284 Spiritum
1871 3226 2117 3270 sanctum
2163 3234 2194 3271 e

619 3307 761 3363 cmlo
791 3322 954 3376 super
1000 3306 1146 3359 illum
1190 3306 1559 3369 descendisse,
1605 3320 1813 3359 necnon
1854 3322 2016 3374 super
2046 3323 2195 3361 eum-

620 3400 740 3453 dem
768 3399 1033 3453 mansisse
1061 3397 1350 3451 audimus?
1373 3396 1850 3465 SuSpicabimurne
1884 3397 1977 3450 Dei
2016 3397 2192 3453 Patris

627 3491 860 3545 Verbum
914 3489 1150 3558 Spiritus
1191 3490 1362 3544 sancti
1407 3490 1820 3559 participatione
1868 3490 2193 3560 indiguisse?

620 3585 690 3638 At
722 3584 849 3652 quid
896 3583 999 3636 hoc
1043 3591 1136 3635 aut
1168 3582 1488 3651 excogitari,
1533 3593 1626 3634 aut
1675 3583 1776 3636 dici
1809 3590 1970 3651 queat
1999 3583 2192 3637 absur-

621 3674 775 3729 dius?
827 3673 1065 3741 Spiritus
1107 3673 1251 3726 euim
1300 3687 1453 3741 aeque
1496 3673 1746 3741 proprius
1795 3682 1880 3727 est
1921 3672 2065 3726 illius
2111 3682 2191 3727 at-

627 3780 725 3836 que
770 3765 861 3818 Dei
900 3763 1101 3818 Patris.
1132 3782 1151 3815 ι
1199 3762 1462 3829 Quoniam
1507 3764 1639 3816 estis
1695 3764 1787 3816 lilii
1821 3765 2019 3833 (inquit
2065 3765 2191 3817 bea-

622 3867 706 3909 tus
736 3852 980 3922 Paulus),
1018 3854 1165 3907 misit
1188 3852 1329 3908 Deus
1362 3854 1619 3922 Spiritum
1655 3855 1772 3908 Filii
1812 3856 1893 3908 sui
1939 3856 1991 3908 in
2026 3858 2189 3909 corda

619 3958 800 3999 vestra
826 3945 1149 3999 clamantem
1176 3945 1383 4009 :Abba,
1406 3944 1565 3999 Pater
1584 3947 1650 4002 ⁸⁵.
1680 3965 1698 3997 ι
1720 3945 1945 4013 liupium
1971 3947 2192 4015 proinde

618 4038 779 4092 fuerit
808 4038 890 4091 vel
921 4038 1093 4092 solum
1130 4036 1390 4105 cogitare,
1424 4039 1597 4107 ipsmn
1635 4040 1729 4092 Dei
1758 4038 1932 4092 Patris
1959 4022 2190 4093 Verbum

621 4128 857 4195 Spiritus
912 4132 1083 4184 sancti
1146 4130 1638 4185 communicatione
1684 4132 1932 4201 eguisse;
1987 4135 2189 4184 fatuum

619 4236 769 4285 vero,
807 4222 855 4273 in
902 4236 1011 4274 rem
1049 4236 1219 4289 usque
1257 4222 1392 4275 adeo
1422 4221 1635 4288 planam
1666 4232 1719 4275 et
1762 4223 2067 4276 evidentem
2100 4240 2192 4275 cu-

618 4314 819 4367 riosius
853 4312 987 4366 velle
1025 4312 1332 4381 inquirere.
1364 4314 1435 4366 At
1472 4315 1741 4380 quomodo
1776 4329 1904 4382 ergo
1951 4314 2187 4382 Spiritus

2293 3121 2743 3191 ἁποδιοριςόντων
2789 3123 2888 3174 οὐκ
2926 3122 3271 3192 ἀνεχόμενοι,
3321 3122 3379 3175 τί
3428 3121 3492 3192 δὴ
3537 3117 3635 3192 ἆρά
3669 3135 3787 3187 φαμεν

2294 3213 2671 3275 καταπτάντπ
2712 3214 2797 3264 ἐπ’
2840 3213 3003 3266 αὑτὸν
3044 3212 3103 3277 ἐξ
3127 3212 3360 3285 οὐρανοῦ
3392 3213 3487 3266 τοῦ
3514 3214 3649 3278 ἁγίου
3675 3210 3789 3262 [Iasio

2297 3323 2482 3375 ματος,
2520 3305 2613 3358 καὶ
2644 3305 2930 3375 μείναντος
2951 3306 3040 3357 ἐπ’
3077 3304 3239 3357 αὐτόν
3267 3321 3282 3369 ;
3314 3300 3427 3375 ἆρα
3465 3302 3708 3373 δεδεῆσθαι
3730 3298 3787 3351 rei

2296 3398 2616 3468 μεταλαχεῖν
2669 3397 2825 3465 ἁγίου
2881 3397 3198 3467 Πνεῦματος
3239 3398 3331 3451 τὸν
3378 3400 3444 3451 ἐκ
3485 3398 3609 3451 Θεοῦ
3644 3393 3789 3462 Πατρὶς

2291 3490 2462 3557 Λόγον
2497 3488 2924 3558 ὑποτοπάσωμεν
2950 3503 2963 3552 ;
2988 3488 3176 3541 Καίτοι
3216 3487 3335 3552 πῶς
3367 3490 3469 3542 οὐκ
3508 3488 3569 3542 ἂν
3590 3484 3787 3555 αἰσλρὸνε

2292 3581 2506 3652 ἀληθῶς
2548 3581 2608 3633 τὸ
2642 3574 2747 3633 ὦδε
2771 3582 3008 3651 φρονεῖν,
3050 3580 3082 3650 ἢ
3120 3579 3343 3648 λέγειν;
3394 3581 3521 3634 ἴδιον
3557 3580 3651 3649 γὰρ
3683 3574 3789 3629 αὺτεῦ

2290 3673 2351 3725 τὸ
2386 3672 2610 3742 Πνεῦμα
2647 3675 2786 3734 ἐστι,
2821 3671 3070 3741 καθάπερ
3114 3672 3305 3743 ἀμέλει
3356 3674 3454 3725 καὶ
3488 3673 3575 3725 τοῦ
3596 3670 3703 3724 Θεοῦ
3732 3668 3790 3719 ni

2292 3764 2524 3835 Πατρός.
2557 3763 2666 3815 Καὶ
2689 3763 2817 3829 γοῦν
2850 3766 2877 3815 6
2903 3764 3167 3832 μακάριος
3199 3762 3432 3827 Παῦλος·
3476 3785 3495 3814 ς
3524 3761 3788 3815 Ὀτιδέὲπε

2291 3857 2417 3918 υἱοὶ,
2441 3851 2518 3917 οἷς
2534 3853 2911 3918 ἐξαπέστειλεν
2933 3856 2960 3906 6
2976 3854 3108 3916 Θεὸς
3122 3855 3183 3906 τὸ
3200 3854 3425 3925 Πνεῦμα
3448 3857 3540 3907 τοῦ
3558 3852 3669 3906 Υἱοῦ
3682 3847 3789 3902 αὑτοῦ

2293 3949 2371 4009 εἰς
2408 3948 2507 4009 τὰς
2543 3947 2771 4014 καρδίας
2802 3945 2987 4013 ὑμῶν,
3019 3946 3249 4016 κρᾶζον·
3305 3948 3514 4013 Ἀϐεᾶ,
3539 3950 3565 3999 6
3588 3945 3751 4011 Πατήρ.
3777 3958 3788 3988 ι

2305 4039 2522 4101 Ἀσεὸὲς
2565 4035 2656 4091 οῦν
2698 4040 2804 4110 ἄρα
2838 4040 2896 4091 τὸ
2935 4039 3035 4092 κᾶν
3063 4040 3190 4107 γοῦν
3236 4041 3532 4111 ὑπονοῆσαι
3574 4038 3703 4110 μόνον
3729 4032 3791 4099 τῆς

2290 4131 2385 4184 τοῦ
2436 4131 2752 4200 Πνεῦματος
2798 4131 3086 4202 μετουσίας
3124 4132 3407 4203 δεδεῆσθαι
3452 4134 3545 4186 καὶ
3578 4132 3711 4184 αὑτὸν
3738 4129 3792 4177 τὶν

2291 4225 2356 4276 ὲκ
2378 4224 2511 4276 Θεοῦ
2543 4224 2752 4292 Πατρὸς
2782 4226 2953 4293 Λόγον
2975 4240 2988 4252 ·
3029 4225 3123 4277 καὶ
3161 4225 3220 4277 τὸ
3256 4224 3404 4278 οὕτω
3432 4228 3573 4295 σαςιῆ
3609 4223 3691 4292 τὴν
3712 4216 3793 4271 ἐπέ·

2290 4315 2454 4378 δειξιν
2502 4313 2620 4384 ἔχον
2668 4316 2988 4385 περιεργίας
3032 4315 3235 4382 ἀξιοῦν,
3288 4313 3490 4384 εὔηθες
3526 4316 3612 4367 καὶ
3641 4308 3791 4379 κομιδῇ.

617 4417 844 4463 sanctus
899 4422 1061 4474 super
1116 4406 1264 4460 illum
1316 4406 1637 4461 descendit?
1689 4407 1898 4475 Accipit
1950 4424 2185 4477 namque

2293 4407 2417 4468 Πῶς
2454 4403 2545 4459 οὖν
2594 4407 2679 4459 ἐπ’
2733 4408 2890 4460 αὐτὸν
2929 4408 3173 4477 κατέπτη
3222 4406 3283 4458 τὸ
3336 4408 3595 4475 Πνεῦμα;
3637 4402 3794 4471 Λέγεται

616 4498 909 4553 secundum
952 4499 1246 4551 humanam
1298 4505 1571 4561 naturam,
1619 4497 2017 4565 dispensatione
2064 4515 2187 4552 cum

617 4604 780 4644 carne
821 4590 1103 4655 elliciente,
1154 4600 1212 4641 ut
1254 4589 1392 4643 citra
1445 4605 1659 4643 omnem
1715 4591 2186 4658 reprehensionem

619 4681 882 4747 Spiritum
914 4680 1218 4748 acciperet;
1252 4681 1361 4733 imo
1391 4681 1699 4734 necessario
1727 4680 1794 4734 ad
1824 4682 1922 4733 hoc
1944 4684 2187 4734 ducente.

621 4772 859 4841 Suscipit
889 4781 1068 4825 autem
1101 4772 1254 4825 nobis
1287 4772 1470 4827 verius
1505 4787 1666 4841 quam
1713 4771 1815 4825 sibi
1850 4788 1863 4824 ι
1896 4787 2000 4839 quo
2043 4772 2194 4824 nimi-

621 4879 759 4928 rum,
809 4872 1159 4932 posteaquam
1207 4862 1274 4916 ab
1321 4862 1651 4925 hominibus,
1690 4877 1754 4916 eo
1785 4862 1925 4931 quod
1973 4861 2187 4915 illorum

618 4970 770 5009 mens
794 4969 824 5007 a
856 4955 1141 5023 juventute
1170 4956 1235 5008 ad
1265 4954 1530 5007 malitiam
1564 4968 1731 5022 prona
1764 4968 1981 5022 semper
2013 4956 2191 5007 inten-

619 5057 779 5116 taque
826 5057 969 5100 esset
992 5046 1061 5111 ⁶⁶,
1102 5046 1269 5101 semel
1315 5046 1581 5107 avolarat,
1631 5061 1773 5097 nunc
1810 5047 1862 5097 in
1907 5043 2182 5099 Christum

615 5138 778 5192 veluti
809 5138 858 5191 in
893 5140 1121 5192 alterum
1150 5138 1365 5209 generis
1407 5138 1577 5192 nostri
1606 5137 1932 5207 principium
1968 5138 2183 5190 descen-

617 5234 767 5293 dens,
800 5232 1093 5299 sedemque
1121 5233 1361 5300 capiens,
1405 5230 1600 5284 iterum
1646 5231 1699 5284 in
1743 5231 1899 5284 nobis
1931 5240 2182 5299 tanquam

618 5339 763 5379 recte
788 5324 897 5393 jam
933 5324 1299 5392 operantibus,
1349 5334 1403 5379 et
1448 5324 1613 5376 vitam
1659 5338 1688 5375 a
1725 5332 1968 5390 peccato,
2010 5322 2181 5375 omni-

702 5481 746 5511 "
783 5479 969 5534 Matth.
1003 5494 1191 5543 xxvm,
1236 5478 1321 5532 19.
1403 5475 1446 5506 ⁸³
1475 5475 1605 5529 Luc.
1639 5490 1701 5540 lt,
1738 5476 1821 5529 Η.

1903 5478 1948 5508 ⁶⁴
1993 5475 2149 5531 Joan.
2183 5486 2223 5537 l,
2265 5470 2452 5528 325$.

2294 4497 2400 4569 γὰρ
2432 4498 2806 4569 ἀνθρωπίνως,
2830 4498 3214 4551 ἀκαταιτίατον
3243 4498 3397 4568 αῦτῷ
3432 4498 3493 4549 τὺ
3523 4495 3684 4549 λαϐεῖν
3708 4493 3794 4542 ἀπη-

2295 4590 2589 4658 φαινούσης
2635 4584 2692 4642 εὖ
2747 4590 2889 4659 μάλα
2938 4591 3035 4660 τῆς
3087 4589 3225 4660 μετὰ
3280 4590 3487 4660 σαρκὸς
3535 4583 3793 4652 οἰκονομίας,

2294 4681 2490 4751 μᾶλλον
2524 4682 2579 4733 δὲ
2613 4683 2705 4734 xai.
2731 4680 3041 4749 ἀναγκαίως
3073 4684 3153 4744 είς
3180 4680 3341 4751 τοῦτο
3373 4679 3655 4751 φερούσης.
3684 4674 3795 4740 Δέχε-

2290 4749 2377 4824 ται
2409 4772 2518 4841 γὰρ
2547 4773 2642 4841 οὐχ
2674 4770 2849 4840 ἑαυτῷ
2880 4771 3078 4841 μᾶλλον
3102 4811 3115 4833 ,
3148 4770 3263 4823 ἀλλ’
3300 4749 3467 4839 ἡμῖν·
3508 4770 3589 4821 ἵνα
3627 4762 3793 4827 ἐπείπερ

2290 4862 2503 4931 ἀπέπτη
2536 4862 2644 4913 τῶν
2674 4863 2764 4914 ἐπὶ
2791 4862 2889 4931 τῆς
2911 4862 3015 4932 γῆς
3034 4903 3048 4927 ,
3076 4862 3164 4914 διὰ
3190 4862 3250 4913 τὸ
3273 4861 3555 4931 ἐπιμελῶς
3585 4852 3798 4925 ἐγκεῖσθαι

2289 4953 2385 5026 τὴν
2416 4955 2653 5007 διάνοιαν
2675 4953 2767 5006 τοῦ
2800 4952 3086 5023 ἀνθρώπου
3121 4953 3213 5006 ἐπὶ
3245 4953 3312 5005 τὰ
3343 4952 3557 5023 πονηρὰ
3585 4953 3643 5002 ἐκ
3666 4945 3797 5010 νεότη-

2290 5063 2401 5110 τος,
2431 5048 2834 5113 καταφοιτῆσαν
2863 5045 2948 5095 ἐπ’
2981 5044 3163 5107 αὑτὸν,
3195 5045 3269 5108 ὡς
3300 5046 3359 5097 ἐν
3395 5045 3611 5115 ἀπαρχῇ
3636 5040 3712 5092 τοῦ

2290 5153 2412 5199 νους
2445 5135 2699 5206 δευτέρᾳ,
2742 5134 3019 5207 καταλύσῃ
3054 5137 3146 5189 καὶ
3177 5136 3563 5206 ἀναπαύσηται
3610 5131 3739 5183 πάλιν
3762 5126 3796 5173 ἐν

2289 5228 2436 5297 ἡμῖν,
2493 5226 2566 5289 ὡς
2615 5227 3035 5297 κατωρθωκὸσιν
3107 5227 3205 5296 ἤδη
3260 5227 3319 5278 τὸ
3375 5227 3728 5296 ἀναμάρτητον
3763 5217 3797 5264 ἐν

2288 5318 2527 5391 Χριστῷ,
2557 5319 2648 5370 καὶ
2671 5319 2769 5389 τὴν
2788 5318 2966 5381 αἰτίας
2987 5318 3204 5389 ἀπάσης
3229 5318 3648 5387 ἀπηλλαγμένην
3668 5313 3799 5381 ἔχουσι

2526 5475 2569 5505 ⁸⁵
2610 5474 2783 5529 Galat.
2815 5489 2887 5538 tv,
2918 5472 2971 5527 6.
3052 5472 3097 5503 “
3127 5472 3263 5527 Gen.
3292 5486 3415 5535 th,
3441 5472 3532 5526 2i.

1686 5633 1859 5688 Varia:
1893 5634 2154 5687 lectiones
2187 5631 2389 5687 codicis
2422 5629 2781 5701 Seguieriani.

692 5769 711 5804 ⁸
740 5763 910 5831 κάγώ.
989 5778 1013 5804 ιι
1045 5765 1105 5817 οὐ
1142 5766 1490 5832 πάναισχρον,
1525 5764 1561 5830 ἢ
1595 5767 1701 5817 πῖιν
1734 5765 1969 5835 αἰσχρόν,
