4000 6326
231 370 363 426 I581

1042 364 1133 419 AD
1174 362 1473 420 REGINAS
1514 362 1602 418 DE
1642 363 1863 419 RECTA
1905 365 2063 420 FIDE
2099 362 2360 431 ORATIO
2400 360 2697 417 ALTERA.

3336 360 3479 421 1582

220 484 389 557 ζωήν.
429 484 576 556 Πλὴν
623 485 674 537 εί
710 484 805 537 καὶ
850 482 1205 552 ἀνθρωπίνως
1246 482 1459 552 δέχεται
1504 482 1571 535 δι’
1616 485 1795 554 ἡμᾶς,

1903 498 2008 553 que
2060 483 2288 538 crimine
2325 482 2620 535 immunem
2667 480 2720 532 in
2776 478 2894 548 ipso
2948 478 3294 543 ducentibus,
3344 494 3479 533 eon-

219 576 335 631 ἁλλ’
391 576 492 647 ὅρα
536 574 746 628 διδόντα
806 573 1022 635 Θεῖκῶς.
1080 591 1099 625 t
1160 574 1275 641 Ἐφ’
1322 574 1380 626 ὃν
1433 573 1543 645 γὰρ
1600 575 1713 646 ἴδῃς
1740 576 1800 629 τὸ

220 664 447 736 Πνεῦμα
476 664 822 729 καταϐαῖνον,
856 662 1028 733 φησὶ,
1060 662 1154 715 καὶ
1190 663 1349 732 μένον
1381 663 1467 716 ἐπ’
1502 663 1681 729 αὑτὸν,
1707 657 1801 717 οῦ-

219 761 311 822 τός
340 762 486 812 ἐστιν
516 761 545 811 6
573 756 850 827 βαπτίζων
891 759 948 809 ἐν
981 755 1260 826 Πνεύματι
1282 754 1359 826 τῷ
1386 756 1549 825 ἁγίῳ.
1581 776 1599 806 ι
1634 756 1803 810 Τοῦτο

220 852 277 905 δέ
304 854 452 905 ἐστιν
481 851 761 923 ἐνέργημα
804 849 1013 903 θεῖκόν·
1052 850 1228 919 ἐνίησι
1260 848 1365 919 γὰρ
1404 852 1516 912 τοῖς
1547 849 1804 919 βαπτιζο-

226 944 408 1013 μένοις
448 945 476 995 6
526 943 729 1013 Κύριος
779 942 934 1012 ἡμῶν
996 942 1203 1009 Ἰησοῦς
1251 942 1483 1013 Χριστὸς
1530 941 1608 1005 ὡς
1665 941 1794 995 ἴδιον

224 1036 447 1107 Πνεῦμα
496 1036 557 1089 τὸ
599 1034 693 1088 τοῦ
734 1034 965 1107 Πατρός.
1010 1034 1119 1085 Καὶ
1170 1034 1305 1104 πρός
1348 1050 1412 1101 γε
1450 1034 1608 1087 τοῦτο
1648 1034 1797 1102 ἡμᾶς

222 1130 453 1200 ἐμπεδοῖ
505 1126 798 1199 γεγραφὼς
859 1128 887 1179 6
945 1126 1232 1189 Θεσπέσιος
1288 1126 1534 1190 Παῦλοςο
1582 1145 1601 1177 t
1636 1128 1699 1179 Οί
1740 1127 1797 1177 ὲν

225 1222 388 1293 σαρκὶ
433 1222 604 1283 ὄντες,
650 1218 769 1289 Θεῷ
829 1219 1024 1289 ἀρέσαι
1083 1219 1143 1270 οὐ
1203 1217 1477 1272 δύνανται.
1520 1218 1708 1287 Ὑμεῖς
1739 1216 1798 1268 δὲ

220 1312 319 1363 οὐκ
355 1312 475 1364 ἐστὲ
502 1312 559 1362 ὲν
597 1309 797 1380 σαρκὶ,
835 1310 948 1363 ἀλλ’
976 1310 1032 1360 ὲν
1064 1308 1365 1379 πνεύματι,
1391 1309 1549 1379 εἴπερ
1574 1307 1797 1378 Πνεῦμα

220 1403 356 1456 Θεοῦ
386 1404 587 1455 ὲνοικεῖ
614 1405 672 1455 ὲν
699 1403 847 1472 ὑμῖν.
879 1401 945 1456 Εἰ
984 1401 1039 1454 δέ
1069 1419 1151 1465 τις
1184 1402 1406 1473 Πνεῦμα
1432 1403 1665 1474 Χριστοῦ
1697 1404 1797 1456 οὐκ

218 1494 354 1565 ἔχει,
391 1486 545 1556 οὗτος
588 1492 689 1545 οὐκ
726 1492 874 1545 ἐστιν
913 1490 1099 1545 αὑτοῦ.
1147 1510 1165 1542 ι
1212 1492 1655 1563 Μεμαρτύρηκεν
1702 1490 1795 1546 οὖν

230 1585 503 1656 Ἰωάννης,
532 1586 613 1637 ὅτι
649 1603 667 1635 t
702 1576 873 1646 Οὗτός
898 1584 1044 1636 ἐστιν
1067 1589 1095 1637 6
1122 1584 1248 1648 Υἱὸς
1282 1584 1376 1638 τοῦ
1401 1584 1558 1639 Θεοῦ.
1593 1605 1611 1636 ι

1899 578 2167 646 quiescat.
2219 575 2702 631 Verumenimvero
2740 572 2864 625 licet
2900 581 2956 625 ιιι
3013 572 3175 625 homo
3212 570 3475 639 Spiritttm

1899 677 2146 722 sanctum
2196 675 2417 735 propter
2477 681 2575 720 nos
2631 665 2923 733 suscipiat;
2988 672 3046 717 ut
3094 662 3236 717 Deus
3294 672 3473 715 tamen

1899 761 2145 815 eumdem
2177 759 2441 827 impertiri
2470 760 2627 814 solet.
2665 777 2683 808 ι
2718 756 2892 825 Super
2926 772 3083 824 quem
3107 755 3305 824 (inquit
3332 754 3473 808 idem

1900 851 2009 922 ille)
2039 854 2238 907 videris
2272 853 2533 921 Spiritum
2568 853 3013 914 descendentem,
3054 859 3107 901 et
3142 856 3473 910 manentem,

1903 946 1992 1000 hic
2017 955 2098 1000 est
2126 947 2214 1015 qui
2241 946 2481 1014 baptizat
2511 944 2562 997 in
2596 944 2803 1012 Spiritu
2839 953 3029 997 sancto
3052 942 3116 992 ⁸⁷.
3149 958 3166 989 ι
3197 939 3477 1007 Baptizare

1904 1048 2083 1092 autem
2132 1038 2185 1092 in
2239 1038 2443 1108 Spiritu
2498 1047 2709 1100 sancto,
2761 1052 2896 1105 opus
2938 1035 3179 1089 divinum
3232 1032 3474 1085 exsistit.

1906 1130 2068 1198 Atqui
2099 1130 2359 1184 Dominus
2388 1139 2575 1184 uoster
2599 1128 2757 1181 .lesus
2782 1128 3031 1181 Christus
3062 1126 3145 1179 his
3177 1124 3267 1194 qui
3301 1122 3478 1191 bapti-

1903 1230 2120 1287 zantur,
2153 1222 2413 1290 Spiritum
2441 1221 2616 1274 Patris
2655 1221 2728 1274 uti
2764 1218 3042 1289 proprium
3074 1215 3326 1270 infundit.
3369 1216 3470 1268 At-

1902 1328 2009 1383 que
2035 1315 2137 1369 hnc
2174 1315 2343 1369 tendit
2370 1315 2585 1368 divinus
2607 1313 2824 1373 Paulus,
2856 1313 2981 1366 dum
3016 1312 3156 1364 inter
3182 1320 3373 1364 caetera
3402 1308 3475 1361 ita

1902 1406 2127 1461 scribit:
2159 1424 2178 1457 ι
2209 1405 2308 1472 Qui
2353 1407 2405 1459 in
2443 1421 2607 1459 carne
2637 1414 2783 1467 sunt,
2817 1405 2928 1457 Deo
2960 1402 3174 1473 placere
3206 1418 3310 1456 non
3359 1417 3478 1470 pos-

1900 1506 2043 1550 sunt.
2072 1496 2177 1551 Vos
2201 1507 2378 1549 autem
2399 1496 2451 1549 in
2475 1511 2639 1549 carne
2666 1509 2768 1548 non
2787 1494 2940 1557 estis,
2959 1495 3051 1547 sed
3086 1493 3139 1545 in
3168 1491 3397 1560 spiritu,
3428 1490 3472 1542 si

1904 1596 2083 1643 tamen
2116 1589 2349 1657 Spiritus
2382 1589 2475 1643 Dei
2506 1588 2710 1643 habitat
2761 1588 2810 1640 iu
2842 1586 3013 1639 vobis.
3049 1585 3104 1639 Si
3138 1585 3259 1653 quis
3292 1594 3474 1637 autem

217 1677 476 1745 Spiritum
506 1677 702 1731 Christi
724 1694 827 1730 non
850 1676 1028 1739 habet,
1052 1677 1136 1731 hic
1156 1693 1260 1731 non
1283 1688 1362 1732 est
1384 1678 1501 1749 ejus
1523 1678 1588 1731 ⁸⁸.
1620 1697 1638 1729 ι
1673 1678 1825 1734 llunc
1852 1680 2031 1750 itaque
2061 1683 2152 1736 Dei
2186 1682 2381 1736 Filium
2410 1697 2552 1745 esse,
2578 1689 2765 1751 aperte
2788 1688 3039 1732 testatum
3071 1678 3196 1732 facit
3216 1676 3470 1731 Joannes.

288 1770 411 1822 AE'.
466 1768 863 1822 Ἀναπυοέσθαι
908 1768 965 1821 δὲ
1013 1769 1176 1821 πάλιν
1220 1769 1454 1841 ἐθέλοιμ’
1481 1771 1547 1824 ἂν
1578 1771 1687 1825 τῶν
1718 1775 1797 1835 είς

1974 1774 2193 1831 XXXV.
2235 1776 2303 1829 At
2341 1776 2587 1830 lubenter
2619 1774 2865 1844 equidem
2909 1774 2997 1827 hic
3035 1772 3155 1826 illos
3186 1781 3473 1841 perconta-

217 1860 311 1912 δύο
339 1860 685 1930 διοριζόντων
717 1861 866 1924 υἱοὺς
910 1861 1003 1913 τὸν
1048 1861 1143 1914 ἕνα
1174 1861 1379 1931 Κύριον
1410 1864 1620 1934 Ἰησοῦν
1662 1865 1795 1935 Χρι-

219 1952 345 2005 στὸν
387 1952 514 2021 (ἕνα
552 1952 788 2023 δέδειχεν
830 1954 859 2005 6
896 1953 1118 2023 Πατὴρ,
1166 1955 1261 2007 καὶ
1301 1955 1429 2025 περὶ
1478 1955 1596 2018 ἑνός
1630 1973 1795 2025 φησιν

215 2047 244 2098 ὁ
279 2046 547 2116 μακάριος
577 2045 967 2115 εὐαγγελιστής
989 2061 1002 2074 ·
1042 2064 1059 2096 ι
1092 2040 1259 2110 υῦτός
1294 2048 1439 2101 ἐστιν
1472 2050 1499 2100 6
1527 2048 1654 2111 Υἱὸς
1699 2048 1793 2101 τοῦ

216 2134 352 2209 Θεοῦ
380 2135 454 2206 ›)·
484 2130 610 2207 'Ap‘
642 2132 735 2189 οὖν
764 2137 885 2189 είπέ
921 2154 1032 2207 μοι,
1063 2138 1191 2209 περὶ
1215 2138 1360 2201 τίνος
1382 2138 1534 2193 ἔσται
1560 2139 1621 2191 τὸ
1650 2142 1796 2211 είρη-

220 2230 414 2299 μένον;
451 2227 511 2281 Εἰ
543 2229 641 2298 μὲν
672 2225 765 2283 οὖν
794 2229 977 2293 ίδικῶς
1006 2230 1099 2283 καὶ
1132 2232 1275 2283 κατὰ
1307 2231 1475 2300 μόνας
1502 2231 1595 2284 τοῦ
1618 2232 1794 2284 Μονο-

216 2321 376 2390 γενοῦ
388 2339 430 2386 ς,
460 2321 705 2373 τουτέστι
736 2320 830 2374 τοῦ
861 2322 925 2373 ὲκ
954 2321 1171 2390 Πατρὸς
1197 2321 1346 2385 ὄντος
1368 2322 1564 2391 Λόγου·
1598 2323 1715 2387 πῶς
1732 2324 1795 2375 τὸ

219 2414 443 2483 Πνεῦμα
486 2413 721 2484 δέχεται,
769 2413 945 2466 καίτοι
990 2413 1122 2476 Θεὸς
1183 2414 1257 2467 ὢν
1302 2415 1485 2483 φύσει,
1516 2417 1609 2469 καὶ
1665 2417 1794 2468 ἴδιον

214 2506 354 2574 ἔχων
387 2506 554 2570 mitti;
589 2506 651 2558 Ei
686 2504 742 2558 δὲ
767 2505 871 2558 ἀνά
899 2504 1064 2576 μέρος
1093 2507 1187 2558 καὶ
1218 2506 1421 2570 ίδικῶς,
1464 2508 1630 2578 ἥγουν
1652 2508 1794 2560 κατά

219 2596 409 2665 μόνας,
453 2596 545 2648 τὸν
593 2598 657 2649 ὲκ
711 2597 967 2664 γυναικὸς
1001 2596 1287 2666 ἄνθρωπον
1336 2597 1619 2667 δεδεῆσθαί
1662 2616 1793 2666 φασι

213 2690 315 2759 τῆς
342 2688 437 2741 τοῦ
467 2688 786 2759 Πνεῦματος
821 2690 1074 2759 μετοχῆς·
1108 2690 1225 2753 πῶς
1251 2690 1414 2753 αὑτός
1439 2692 1587 2743 ἐστιν
1622 2694 1650 2744 6
1698 2691 1795 2761 βα-

216 2780 421 2844 πτίζων
452 2783 509 2834 ὲν
541 2781 710 2851 αὐτῷ,
737 2782 909 2834 καίτοι
942 2782 1079 2855 μόνῃ
1104 2782 1407 2853 πρέποντος
1434 2786 1498 2854 τῇ
1534 2784 1794 2836 ἀνωτάτω

215 2872 376 2941 φύσει
421 2872 513 2925 τοῦ
566 2875 661 2925 καὶ
712 2874 1031 2942 ἀποφαίνειν
1082 2874 1338 2927 δύνασθαι
1389 2875 1793 2945 μετεσχηκότας

214 2964 308 3017 τοῦ
341 2964 656 3034 Πνεύματος
684 2966 809 3029 τοὺς
838 2966 1163 3035 προσιόντας
1184 2968 1321 3037 αὐτῇ
1348 2983 1365 3034 ;
1404 2967 1465 3019 Εἰ
1492 2966 1550 3019 δὲ
1577 2966 1793 3036 δέχεται

215 3056 311 3107 καὶ
344 3054 557 3108 δίδωσιν
587 3057 615 3108 6
646 3056 829 3118 αὐτὸς,
870 3056 1136 3127 πρόδηλον
1166 3058 1249 3110 ὃτι
1279 3057 1421 3110 κατά
1456 3074 1518 3124 γε
1542 3058 1668 3120 τοὺς
1694 3058 1794 3127 τῆς

1900 1882 2013 1931 rer,
2081 1868 2173 1935 qui
2239 1884 2403 1921 unum
2466 1866 2748 1920 Dominum
2799 1864 2958 1935 156
2998 1874 3239 1918 nostrqu
3285 1861 3470 1916 Jesum

1894 1958 2168 2014 Christum
2204 1961 2254 2013 in
2282 1964 2417 2014 duos
2449 1959 2591 2014 ﬁlios
2613 1958 2875 2012 divellnnt
2904 1962 3048 2027 (nam
3074 1973 3234 2009 unum
3262 1966 3469 2008 tantum

1896 2050 2058 2108 Pater
2099 2051 2524 2116 demonstravit;
2578 2052 2731 2104 etde
2788 2064 2896 2103 uno
2952 2048 3124 2101 solum
3156 2066 3168 2101 :
3199 2066 3216 2096 ‹
3250 2045 3347 2100 Hic
3387 2056 3474 2099 est

1895 2143 2063 2197 Filius
2093 2144 2183 2197 Dei
2208 2144 2277 2207 ‘9,
2309 2163 2327 2194 ι
2362 2144 2552 2199 beatus
2585 2144 2917 2212 evangelista
2956 2141 3190 2211 retulit),
3223 2142 3288 2194 de
3322 2150 3475 2193 utro-

1898 2253 2018 2289 nam
2073 2236 2310 2301 illorum,
2355 2238 2497 2306 quod
2545 2236 2836 2305 allegatum
2888 2246 2994 2301 est,
3028 2235 3197 2303 accipi
3235 2234 3473 2289 debeat?

1895 2324 2029 2378 Nam
2076 2324 2121 2380 si
2162 2341 2342 2381 sermo
2385 2338 2470 2379 est
2504 2326 2570 2380 de
2612 2324 2906 2395 Unigenito
2944 2325 3032 2379 Dei
3084 2325 3261 2379 Patris
3291 2322 3472 2377 Verbo

1895 2433 2140 2473 seorsum
2191 2435 2287 2488 per
2315 2435 2374 2473 se
2408 2429 2646 2486 sumpto,
2687 2418 2960 2488 quomodo
2988 2417 3249 2485 Spiritum
3286 2430 3470 2470 susce-

1896 2510 1995 2577 pit,
2026 2524 2148 2563 cum
2196 2511 2268 2564 sit
2307 2520 2499 2563 natura
2547 2508 2707 2574 Deus,
2739 2518 2795 2563 et
2828 2510 2999 2579 ipsum
3036 2507 3300 2576 Spiritum
3347 2521 3471 2575 pro-

1897 2602 2072 2670 prium
2103 2601 2337 2655 haheat?
2359 2602 2511 2668 Quod
2537 2602 2579 2654 si
2615 2601 2889 2655 hominem
2932 2615 2997 2652 ex
3027 2599 3255 2653 muliere
3291 2609 3471 2653 ortum

1896 2708 2139 2747 seorsum
2183 2708 2247 2747 ac
2275 2710 2373 2762 per
2401 2709 2459 2747 se
2494 2692 2727 2761 positum
2778 2692 2984 2760 Spiritu
3031 2701 3219 2745 sancto
3258 2691 3474 2761 eguisse

1898 2787 2154 2851 dixerint,
2188 2789 2459 2855 quomodo
2513 2786 2601 2839 hic
2657 2800 2871 2838 rursum
2925 2785 2977 2837 in
3024 2783 3229 2853 Spiritu
3284 2792 3474 2836 sancto

1895 2876 2172 2947 baptizat?
2220 2878 2658 2947 quandoquidem
2722 2875 2959 2945 Spiritus
3016 2877 3189 2929 sancti
3243 2875 3467 2945 gratianr

1896 2970 2283 3024 accedentibus
2336 2984 2495 3037 posse
2545 2967 2809 3037 dilargiri,
2857 2969 2907 3020 id
2954 2983 3081 3022 vere
3133 2977 3339 3021 naturae
3391 2978 3475 3021 est

1897 3063 2138 3115 onmium
2176 3076 2444 3130 suprema;
2472 3077 2533 3114 ac
2557 3063 3041 3129 prmstantissimm.
3073 3061 3225 3125 Quod
3264 3061 3306 3115 si
3337 3076 3475 3115 unus

220 3150 357 3219 μετά
388 3148 589 3219 σαρκὸς
622 3125 935 3220 οἰκονομίας
979 3125 1188 3221 λόγους,
1220 3151 1312 3205 καὶ
1346 3151 1482 3205 καθὸ
1511 3150 1669 3220 φύσει
1700 3125 1795 3204 καὶ

1903 3154 2150 3221 idemque
2188 3125 2349 3206 simttl
2384 3153 2475 3206 dat
2514 3125 2568 3205 et
2618 3154 2834 3222 recipit,
2888 3150 3237 3205 manifestum
3293 3161 3375 3204 est
3424 3151 3476 3206 id

216 3243 432 3312 ἀληθῶς
489 3246 603 3295 ἐστι
656 3242 809 3305 Θεός.
865 3244 1088 3314 Δέχεται
1142 3244 1241 3314 μὲν
1290 3244 1646 3315 ἀνθρωπίνως
1698 3246 1797 3315 οὐχ

216 3335 395 3405 ἑαυτῷ
449 3334 672 3405 μᾶλλον,
700 3336 836 3388 ἀλλὰ
890 3339 957 3406 τῇ
1006 3335 1114 3389 τῶν
1165 3336 1467 3407 ἀνθρώπων
1520 3337 1678 3406 φύσει
1717 3337 1798 3390 δι’

219 3428 411 3479 ἑαυτοῦ
446 3428 540 3480 καὶ
564 3432 620 3480 ὲν
649 3428 828 3499 ἐαυτῷ
860 3429 937 3498 τῷ
973 3428 1174 3499 πρώτῳ
1200 3428 1476 3500 προξενῶν
1503 3431 1634 3483 αὐτό
1659 3438 1673 3460 ⁸
1719 3431 1799 3484 δί-

216 3519 351 3571 δωσι
383 3518 439 3570 δὲ
484 3517 680 3581 θεῖκῶς
727 3517 786 3582 ἐξ
836 3518 969 3581 ἰδίας
1018 3517 1185 3571 αὑτοῦ
1228 3519 1461 3588 φύσεως,
1490 3522 1603 3583 τοῖς
1628 3518 1798 3584 ἀξίοις

216 3612 313 3665 τοῦ
354 3611 538 3665 λαϐεῖν
582 3608 881 3675 ὲνιείς.Ἦν
919 3612 1018 3683 μὲν
1050 3609 1142 3666 οὖν
1163 3613 1241 3683 τῷ
1273 3615 1620 3686 προκειμένῳ
1650 3614 1797 3687 ρητῷ

218 3706 578 3777 προσεοικότα
612 3722 673 3758 τε
706 3706 800 3759 καὶ
830 3706 920 3758 τὸν
961 3706 1075 3758 ἴσον
1106 3705 1297 3774 ἔχοντα
1325 3706 1449 3759 νοῦν
1472 3706 1797 3777 παραθεῖναι

218 3801 311 3853 καὶ
356 3798 553 3871 ἕτερα·
608 3798 669 3852 τὸ
699 3798 759 3851 δέ
798 3816 861 3867 γε
894 3800 1217 3852 ταυτοεπεῖν
1264 3800 1522 3870 φορτικὸν
1572 3800 1793 3867 εἰδότες,

218 3893 393 3946 ἐκεῖνό
428 3910 629 3963 φαμεν,
665 3891 741 3956 ὠς
778 3890 990 3963 ἀπόχρη
1021 3894 1133 3955 τοῖς
1167 3893 1597 3964 νουνεχεστέροις
1626 3894 1797 3964 ήένὸς

218 3986 476 4056 ἐξήγησις
500 3988 579 4049 είς
605 3986 703 4057 τὴν
740 3985 849 4038 τῶν
880 3984 1081 4055 ὁμοίως
1107 3984 1339 4055 ἐχόντων
1376 3986 1579 4057 ἀκριόῆ
1614 3987 1797 4040 διατά-

218 4094 402 4146 φησιν.
432 4076 640 4130 Οὐκοῦν
667 4079 858 4141 ὁσάκις
881 4077 947 4130 ἂν
980 4077 1188 4145 λέγοιτο
1212 4078 1447 4146 Χριστὸς
1476 4078 1799 4146 ἀγιάζεσθαι

219 4168 402 4240 τυχὸν,
440 4170 605 4240 ἡγουν
636 4169 696 4221 τὸ
724 4169 946 4240 Πνεῦμα
975 4170 1185 4232 λαϐεῖν,
1221 4169 1364 4223 κατά
1411 4169 1599 4223 τοῦτον
1634 4171 1799 4223 αὑτὸν

218 4265 313 4318 τὸν
362 4263 561 4333 τρόπον
608 4264 874 4334 προσήκει
920 4265 1077 4317 νοεῖν.
1116 4263 1375 4327 Εὑσεϐεῖν
1422 4262 1532 4334 γὰρ
1579 4265 1799 4333 ἄμεινον

222 4353 657 4423 περιτρέποντας
699 4350 936 4415 εὐσεϐῶς
969 4354 1048 4417 εἰς
1078 4352 1137 4405 τὸ
1168 4353 1484 4425 ἀμωμήτως
1528 4353 1649 4424 ἔχον
1691 4356 1799 4408 τῶν

224 4448 385 4519 ἱερῶν
404 4446 749 4517 Γραμμάτων
768 4446 857 4498 τὸν
879 4444 1024 4510 νοῦν,
1052 4446 1218 4515 ἤγουν
1240 4446 1374 4497 ἱέναι
1392 4446 1533 4499 κατὰ
1560 4447 1796 4516 πετρῶν,

223 4537 450 4600 ἀνοσίως
482 4534 909 4605 ὲπιτειχίζοντας
952 4540 1019 4607 τῇ
1067 4535 1192 4607 δόξῃ
1228 4534 1464 4608 Χριστοῦ
1514 4535 1583 4590 τά
1626 4536 1801 4609 ὀρθῶς

222 4626 512 4698 εἰρημένα.

297 4904 437 4968 ACI’.
486 4900 732 4971 «Ἰησοῦς
782 4900 839 4954 δὲ
892 4901 1103 4972 πλήρης
1153 4901 1465 4973 Πνεῦματος
1509 4901 1665 4971 ἁγίου
1695 4902 1793 4956 ὑπ-

229 4992 488 5063 έστρεψεν
522 4992 629 5046 ἀπὸ
665 4992 931 5063 Ἰορδάνου
951 5008 965 5023 °
1005 4993 1100 5047 καὶ
1133 4994 1297 5065 ἤγετο
1329 4996 1388 5048 ὲν
1420 4993 1497 5065 τῷ
1523 4993 1803 5065 Πνεῦματι

227 5084 309 5147 εἰς
336 5085 433 5153 τὴν
462 5083 667 5154 ἔρημον
700 5084 1107 5155 τεσσαράκοντα
1146 5086 1379 5157 ἡμέρας,
1410 5084 1803 5157 πειραζόμενος

229 5172 335 5227 ὑπὸ
378 5172 473 5226 τοῦ
511 5173 787 5226 διαϐόλου·
841 5173 933 5225 καὶ
981 5174 1080 5226 οὐκ
1127 5173 1328 5243 ἔφαγεν
1378 5174 1531 5227 οὐδὲν
1582 5176 1639 5227 ὲν
1685 5177 1804 5237 ταῖς

229 5266 465 5337 ἡμέραις
498 5267 767 5329 ἐκείναις’
802 5268 895 5319 καὶ
943 5265 1396 5319 συντελεσθεισῶν
1431 5267 1630 5331 αὐτῶν,
1660 5267 1809 5319 ἐπεί-

228 5375 411 5411 νασεν.
448 5359 627 5411 ι”Εδει
681 5358 735 5410 δὲ
784 5359 945 5411 πάλιν
986 5359 1124 5427 ὑπὲρ
1172 5358 1327 5428 ἡμῶν
1379 5358 1693 5429 ἀντιστῆναι
1721 5374 1802 5423 τε,

232 5452 513 5521 μονονουχὶ
532 5451 588 5503 δὲ
609 5452 703 5503 καὶ
729 5450 1199 5505 ἀνταποδύσασθαι
1227 5451 1305 5521 τῷ
1327 5452 1493 5504 πάλαι
1522 5452 1805 5521 νικήσαντι

228 5544 463 5613 Σατανᾷ,
496 5543 585 5595 τὸν
614 5544 702 5597 διὰ
734 5542 892 5596 τοῦτο
927 5543 1256 5613 καθιγμένον
1292 5545 1373 5606 εἰς
1421 5543 1668 5596 ἑκούσιον
1713 5544 1805 5595 κέ-

228 5653 414 5698 νωσιν,
456 5637 541 5689 ἵνα
590 5639 737 5706 ἡμᾶς
786 5638 1037 5707 ἀποφήνῃ
1085 5637 1486 5707 μετεσχηκότας
1527 5636 1620 5689 τοῦ
1674 5637 1803 5689 ίδίου

299 5794 344 5827 ⁸⁷
376 5792 537 5849 Joan.
575 5811 610 5861 ι,
643 5794 729 5849 55.
809 5794 853 5825 ⁸⁸
895 5793 1052 5848 Rom.
1090 5807 1207 5857 rm,
1248 5792 1302 5858 8,
1326 5795 1378 5849 9.
1454 5796 1496 5827 θ’
1534 5792 1687 5849 Juan.
1719 5811 1757 5861 ι,
1789 5796 1880 5849 54.

1901 3246 2187 3315 provenire
2245 3246 2454 3299 ratione
2515 3246 2943 3314 dispensationis
3000 3245 3297 3299 secundum
3353 3259 3477 3299 car-

1898 3355 2045 3405 nem,
2077 3348 2132 3393 et
2166 3350 2435 3407 quatenus
2469 3346 2659 3391 natura
2702 3346 2756 3391 et
2790 3353 2914 3391 vere
2944 3337 3085 3393 Deus
3107 3338 3343 3392 exsistit.
3374 3340 3479 3393 Ac-

1902 3432 2029 3498 cipit
2056 3431 2218 3501 igitur
2247 3440 2304 3484 ut
2340 3432 2518 3496 homo,
2553 3446 2657 3484 non
2694 3440 2800 3484 tam
2830 3431 2941 3487 sibi.
2967 3445 3129 3500 quam
3164 3430 3257 3483 toti
3290 3431 3477 3499 generi

1898 3524 2138 3579 lmmann
2167 3538 2261 3593 per
2292 3525 2549 3593 seipsum,
2597 3534 2651 3577 et
2689 3524 2740 3577 in
2781 3524 2957 3590 Scipso
2993 3524 3169 3591 primo
3201 3540 3213 3576 :
3244 3538 3307 3577 ex
3349 3538 3478 3590 pro-

1899 3616 2014 3683 pria
2048 3629 2178 3669 vero
2222 3614 2274 3668 vi
2324 3622 2379 3668 et
2422 3625 2613 3668 natura
2653 3624 2709 3667 ut
2757 3614 2899 3667 Deus
2948 3629 3051 3678 εει,
3100 3615 3204 3669 illis
3237 3616 3347 3676 dat,
3385 3614 3476 3683 qui

1901 3708 2072 3775 ipsum
2108 3706 2354 3776 accipere
2386 3707 2530 3776 digni
2564 3717 2711 3761 sunt.
2741 3706 2999 3760 Poterant
3041 3705 3143 3759 alia
3177 3721 3391 3776 quoque
3422 3707 3476 3760 in

1899 3801 2145 3853 eamdem
2188 3799 2517 3853 sententiam
2556 3814 2661 3852 non
2694 3813 2863 3867 pauca
2902 3797 3083 3851 aﬂ'erri
3120 3799 3251 3851 :sed
3283 3813 3477 3868 super-

1900 3905 2200 3944 vacaneum
2274 3890 2643 3958 judicavimus
2720 3889 2859 3941 idem
2915 3889 3112 3956 saepius
3164 3889 3475 3952 inculcare,

1901 3983 2139 4036 maxime
2165 3996 2293 4035 vero
2332 3996 2453 4033 cum
2502 3979 2956 4049 ingeniosioribns
2992 3981 3057 4031 ad
3092 3979 3347 4033 similium
3400 3982 3479 4034 lo-

1900 4089 2085 4128 corum
2139 4073 2521 4143 cognitionem
2555 4075 2637 4126 vel
2683 4072 2844 4127 unius
2879 4073 3188 4142 explanatio
3231 4084 3319 4128 sat
3358 4090 3480 4129 esse

1902 4165 2093 4235 possit.
2127 4164 2490 4231 Quamobrem
2525 4163 2955 4234 quotiescunque
2990 4163 3240 4217 Christus
3278 4165 3477 4219 sant-ti-

1902 4255 2075 4320 llcari,
2126 4254 2229 4309 hoc
2264 4264 2347 4308 est
2380 4253 2640 4322 Spiritum
2681 4264 2929 4308 sauctmn
2973 4256 3217 4323 accipere
3254 4256 3475 4319 dicitur,

1902 4361 2120 4415 semper
2166 4347 2309 4400 istud
2360 4348 2426 4399 ad
2474 4348 2615 4400 hunc
2659 4348 2878 4399 modum
2931 4346 3331 4413 intelligendum
3369 4357 3477 4402 est.

1908 4438 2092 4492 Satius
2121 4438 2265 4490 enim
2300 4446 2384 4491 est
2415 4438 2672 4506 pietatem
2711 4436 2984 4506 amplecti,
3016 4438 3140 4490 dum
3176 4438 3261 4506 pie
3298 4452 3478 4491 sacra-

1904 4543 2024 4582 rtttn
2076 4526 2402 4581 Litterarum
2449 4540 2669 4579 sensum
2727 4525 2791 4579 ad
2847 4537 3050 4578 rectam
3115 4527 3479 4593 pertrabimus

1902 4618 2423 4687 interpretationem,
2460 4632 2621 4686 quam
2665 4616 2830 4686 impie
2881 4617 3207 4686 deuegantes
3236 4634 3353 4685 qua:
3389 4634 3477 4671 re-

1901 4722 1987 4765 cte
2016 4711 2083 4764 de
2106 4708 2307 4763 Christi
2338 4709 2511 4778 gloria
2548 4710 2898 4778 pronuntiata
2933 4718 3085 4775 sunt,
3116 4709 3269 4764 abire
3294 4710 3483 4777 praeci-

1902 4803 2059 4873 pites.

1982 4892 2221 4949 XXXVI.
2271 4912 2289 4946 ι
2319 4892 2475 4949 Jesus
2510 4905 2688 4949 autem
2719 4898 2910 4964 plenus
2935 4894 3139 4963 Spiritu
3179 4906 3367 4950 sancto
3402 4912 3485 4951 re-

1910 5002 2129 5059 gressus
2142 4996 2224 5042 est
2239 5003 2266 5040 a
2284 4986 2521 5041 Jordane
2539 5005 2552 5041 :
2573 4997 2627 5041 et
2649 4988 2907 5057 agebatur
2925 4988 2975 5041 in
2998 4986 3200 5056 Spiritu
3225 4990 3276 5041 in
3299 4992 3482 5044 deser-

1910 5091 2023 5134 tum
2056 5079 2248 5135 diebus
2276 5079 2652 5149 quadraginta,
2686 5089 2740 5131 et
2770 5080 3082 5133 tentabatur
3106 5096 3133 5133 a
3168 5082 3402 5147 diabolo,
3432 5094 3487 5137 et

1915 5172 2049 5225 nihil
2094 5172 2436 5225 manducavit
2481 5172 2533 5224 in
2585 5172 2773 5225 diebus
2814 5172 2921 5225 illis
2954 5190 2969 5227 :
3001 5182 3051 5225 et
3097 5176 3489 5229 consummatis

1916 5266 2046 5329 illis,
2091 5272 2276 5333 postea
2308 5263 2585 5317 esuriit".
2617 5282 2635 5314 ι
2677 5263 2909 5317 Decebat
2936 5278 3091 5327 sane,
3118 5273 3175 5317 ut
3204 5266 3293 5319 ille
3318 5270 3487 5321 nostri

1916 5372 2079 5411 causa
2125 5357 2340 5410 Satanae
2373 5371 2431 5410 se
2480 5355 2800 5422 ubjectaret,
2849 5366 3175 5425 partatnque
3211 5359 3321 5427 jam
3360 5360 3488 5413 olim

1915 5448 2149 5518 palmam
2181 5448 2284 5517 ipsi
2327 5449 2587 5517 eriperet,
2613 5448 2705 5518 qui
2740 5462 2801 5503 ea
2838 5449 2903 5501 de
2939 5462 3104 5502 causa
3140 5451 3192 5501 in
3238 5450 3489 5504 volunta-

1916 5545 2052 5597 riam
2096 5542 2528 5597 exinanitionem
2575 5557 2696 5597 sese
2737 5541 3070 5607 demiserat,
3127 5550 3186 5596 ut
3234 5558 3345 5597 sua:
3392 5561 3491 5598 nos

1917 5635 2269 5706 plenitudinis
2295 5635 2588 5705 participes
2615 5633 2884 5701 ediceret;
2919 5634 3235 5706 fractosque
3263 5650 3313 5695 et
3342 5638 3493 5695 debi-

1952 5795 1997 5825 "'°
2028 5793 2158 5849 an.
2195 5810 2268 5860 tv,
2302 5796 2352 5859 ι,
2382 5795 2434 5852 2.
