4000 6326
512 383 649 439 1585

1505 376 1563 430 S.
1600 372 1880 429 ‘CYluLLl
1918 373 2390 430 ALEXANDRINI
2432 370 2760 426 ARCIIIEP.

3640 372 3777 427 1584

509 499 692 551 litatos
716 495 987 565 quondam
1021 493 1074 547 in
1099 493 1328 554 Adamo.
1355 491 1601 562 spiritale
1623 493 1894 561 quoddam
1922 492 2089 548 robur

2201 488 2561 561 πληρώματος
2581 505 2594 517 ·
2628 490 2722 541 καὶ
2746 487 3150 559 ἁσθενήσαντας
3177 490 3234 542 ἐν
3266 487 3778 558 Ἀδὰμάεὑρωστίαν

509 591 733 657 adeptos
759 586 1111 640 ostenderet:
1147 584 1587 654 quandoquidem
1632 594 1740 637 tam
1775 600 2089 655 corporum,

508 694 671 747 quam
690 678 992 732 animorum
1006 677 1379 747 a-gritudines,
1403 676 1560 746 157
1588 676 1909 745 protoplasti
1934 677 2088 744 culpa

508 768 561 822 in
596 768 873 822 hominum
914 777 1163 821 naturam
1198 767 1447 831 invectae,
1492 782 1588 835 per
1613 766 1893 821 Christum
1919 783 1949 821 e
1981 783 2089 821 me-

508 860 597 913 dio
627 870 751 913 sunt
781 859 1024 913 sublatm.
1062 860 1217 913 Sicut
1250 860 1394 912 enim
1431 858 1590 926 hujus
1617 859 1926 914 obeditione
1949 857 2086 928 justi

508 953 891 1006 constituinmr
940 953 1116 1013 multi,
1162 952 1376 1005 etiamsi
1440 961 1661 1020 propter
1723 951 1864 1005 illius
1911 951 2095 1005 inobe—

510 1044 766 1099 dientiam
793 1045 864 1105 τί,
899 1044 950 1096 ἱη
998 1044 1472 1097 condemnationis
1518 1045 1845 1098 sententiam
1887 1044 2093 1098 incide-

509 1140 718 1206 rimus;
761 1137 833 1190 ita
886 1153 1098 1190 rursum
1144 1136 1375 1205 spiritali
1432 1136 1629 1190 robore
1677 1150 1775 1205 per
1817 1137 2092 1190 Christum

510 1230 667 1284 nobis
709 1230 892 1292 allato,
941 1244 968 1281 a
1005 1239 1245 1281 veterum
1296 1228 1610 1281 morborum
1646 1229 1990 1282 detrimentis
2025 1228 2093 1282 li—

509 1322 764 1375 bcramnr
795 1341 806 1374 :
843 1331 896 1375 et
945 1322 1031 1388 qui
1080 1322 1131 1373 in
1174 1322 1343 1373 Adam
1383 1321 1510 1373 victi
1558 1322 1997 1384 eoncideramus,
2041 1324 2091 1373 in

511 1414 730 1468 Christo
753 1414 1035 1466 victoriam
1062 1412 1422 1464 obtinuimus.
1449 1409 1718 1479 Objicitur
1744 1411 1925 1478 itaque
1953 1411 2092 1463 busti

512 1520 610 1571 pro
644 1503 796 1556 nobis
829 1512 885 1553 ut
923 1502 1107 1562 homo,
1141 1500 1308 1553 vincit
1337 1510 1516 1552 autem
1548 1512 1602 1553 ut
1634 1501 1797 1554 Deus.
1829 1502 2097 1554 'l‘entatur

514 1610 753 1658 rursum,
812 1594 1011 1647 Satana
1064 1593 1289 1661 perinde
1343 1593 1415 1646 illi
1466 1592 1757 1646 insultante
1792 1609 1856 1644 ac
1901 1592 1992 1646 uni
2028 1609 2094 1646 ex

515 1687 694 1748 nobis,
726 1696 985 1753 certoque
1015 1686 1116 1737 sibi
1159 1685 1446 1752 pollicente
1483 1683 1596 1738 fore
1638 1694 1695 1737 ut
1723 1686 1903 1738 carnis
1937 1695 2095 1753 petu-

516 1776 679 1829 lantia
726 1776 791 1827 ad
830 1775 979 1828 illum
1009 1776 1457 1845 prosternendum
1490 1775 1690 1827 sociam
1730 1790 1849 1828 sese
1896 1775 2092 1841 adjun-

2195 582 2418 653 ἔχοντας
2468 581 2723 653 ἀποδείξῃ
2772 583 3183 653 πνευματικήν
3241 580 3514 634 πέπαυται
3565 579 3675 649 γὰρ
3718 580 3778 631 ὲν

2195 673 2416 746 Χριστῷ
2444 674 2510 726 τὰ
2546 676 2602 728 ἐν
2627 675 2706 744 τῷ
2736 674 3148 745 πρωτοπλάστῳ
3188 678 3252 746 τῇ
3286 672 3579 743 ἀνθρώπου
3622 671 3779 740 φύσει

2198 767 2580 837 συμϐεϐηκότα
2630 766 2922 836 σωματικά
2966 784 3026 820 τε
3063 768 3158 821 καὶ
3190 766 3399 836 ψυχικὰ
3443 765 3554 817 τῶν
3598 767 3783 836 ἀρρω-

2199 862 2492 931 στημάτων
2526 862 2721 932 ὲνεργή
2734 862 3120 931 ματα.”Ωσπερ
3149 863 3257 932 γὰρ
3284 861 3370 914 διὰ
3401 860 3503 930 τῆς
3533 859 3781 927 ὑπακοῆς

2197 952 2360 1006 αὐτοῦ
2394 953 2590 1005 δίκαιοι
2622 954 2963 1025 κατέστημεν
2994 956 3044 1007 οί
3071 954 3273 1018 πολλοὶ,
3305 952 3483 1005 καίτοι
3509 950 3781 1004 πεπονθό-

2195 1062 2285 1108 τες
2319 1044 2408 1096 διὰ
2432 1044 2532 1113 τῆς
2564 1046 2772 1098 ἐκείνου
2802 1047 3092 1116 παρακοῆς
3116 1047 3215 1116 τήν
3246 1046 3573 1117 κατάκρισιν
3595 1057 3610 1072 ⁸
3645 1044 3790 1096 οὕτω

2196 1135 2259 1205 δὴ
2300 1134 2463 1187 πάλιν
2495 1134 2583 1187 διὰ
2611 1136 2708 1206 τῆς
2753 1137 2811 1189 ἐν
2844 1138 3066 1208 Χριστῷ
3100 1138 3398 1207 νοουμένης
3445 1135 3789 1197 εὐσθενείας,

2196 1228 2352 1297 δῆλον
2374 1228 2431 1281 δὲ
2461 1229 2541 1281 ὅτι
2569 1229 2963 1297 πνευματικῆς,
2994 1227 3062 1279 τά
3086 1228 3179 1279 ἐπὶ
3200 1228 3321 1289 ταῖς
3348 1226 3595 1298 πρώταις
3632 1226 3795 1277 ἀσθε-

2197 1321 2366 1382 νείαις
2398 1319 2836 1389 διεκρουσάμεθα
2868 1318 3068 1388 βλάϐη·
3122 1320 3215 1371 καὶ
3259 1320 3309 1370 οἱ
3346 1319 3709 1380 πεπτωκότες
3737 1319 3793 1370 ἐν

2210 1412 2400 1481 ’Δδάμ,
2430 1413 2795 1482 νενικήκαμεν
2825 1412 2884 1463 ἐν
2916 1410 3157 1481 Χριστῷ.
3176 1411 3577 1464 Ἀντιτὰττεται
3611 1412 3795 1462 τοίνυν

2197 1502 2336 1571 ὑπὲρ
2375 1501 2531 1573 ἡμῶν
2570 1502 2647 1564 ὡς
2679 1502 2987 1572 ἄνθρωπος,
3019 1502 3114 1554 καὶ
3151 1503 3275 1572 νικᾷ
3302 1501 3497 1565 θεῖκῶς
3534 1505 3636 1555 καὶ
3672 1520 3795 1553 πει-

2200 1593 2422 1664 ράζεται
2454 1593 2571 1663 μὲν,
2605 1593 2680 1655 ὡς
2714 1595 2795 1646 ἐνὶ
2829 1593 2936 1646 τῶν
2966 1593 3089 1646 καθ’
3122 1594 3267 1663 ἡμᾶς
3295 1592 3680 1661 ὲπιπηδῶντος
3700 1592 3796 1645 τοῦ

2197 1686 2430 1749 Σατανᾶ,
2463 1685 2558 1737 καὶ
2610 1684 2904 1753 οἰηθέντος,
2939 1686 3019 1737 ὅτι
3062 1685 3128 1737 τὸ
3174 1684 3408 1755 ἀκρατὲς
3439 1684 3544 1754 τῆς
3590 1685 3803 1754 σαρκὸς

2200 1773 2727 1844 συνεκπολεμήσειεν
2789 1774 2857 1827 ἂν
2920 1773 3069 1844 αὐτῷ
3131 1774 3220 1826 τὸν
3285 1772 3798 1844 ὲκπειραζὸμενον·

514 1878 664 1937 geret
695 1886 708 1921 :
741 1883 929 1922 verum
967 1867 1013 1921 is
1049 1866 1370 1933 pudefactus
1404 1868 1694 1931 abscessit,
1734 1882 1855 1921 cum
1893 1879 2088 1921 natura

2201 1868 2469 1936 ἀναχωρεῖ
2512 1866 2568 1919 δὲ
2616 1867 3109 1937 κατῃσχυμμένος,.
3143 1867 3581 1937 καινοτομούσης
3632 1867 3802 1919 αὑτὸν

516 1962 749 2012 humana
816 1973 956 2012 novo
1008 1959 1242 2026 quodam
1314 1959 1476 2013 modo
1535 1958 1586 2011 in
1651 1957 1872 2012 Christo
1920 1958 2091 2028 legem

2201 1961 2292 2027 τῆς
2319 1956 2606 2027 ἀνθρώπου
2641 1959 2856 2027 φύσεως
2881 1961 2939 2011 ὲν
2966 1958 3208 2030 Χριστῷ,
3238 1960 3331 2012 καὶ
3378 1959 3802 2029 νενεκρωμένον

513 2052 753 2121 peccati,
805 2066 923 2119 quae
972 2051 1179 2115 pridem
1234 2050 1287 2102 in
1340 2051 1599 2104 membris
1644 2050 1827 2104 carnis
1861 2049 2091 2104 ferocie-

2201 2050 2423 2121 ἐχούσης
2461 2051 2562 2120 τῆς
2594 2051 2873 2123 ἁμαρτίας
2899 2050 2993 2103 τὸν
3024 2052 3206 2120 νόμον,
3237 2051 3328 2104 τὸν
3358 2052 3417 2104 ὲν
3447 2052 3569 2113 τοῖς
3608 2051 3803 2120 μέλεσι

515 2144 720 2205 bat",
782 2143 1106 2197 exsﬁnctam
1168 2140 1657 2209 tuortilicalamqne
1721 2156 1841 2194 sese
1893 2141 2094 2195 habere

2201 2145 2289 2213 τῆς
2321 2144 2522 2214 σαρκὸς
2544 2144 2895 2215 ἀγριαίνοντα
2913 2160 2927 2174 ο
2954 2145 3300 2214 κατήργηται
3322 2143 3429 2215 γὰρ
3460 2145 3519 2196 ἐν
3541 2144 3804 2214 Χριστῷ.

514 2238 829 2301 ostenderet
860 2253 875 2290 :
905 2234 1105 2288 abolita
1149 2244 1233 2289 est
1265 2235 1409 2288 enim
1465 2234 1546 2287 lex
1599 2235 1715 2289 lucc
1759 2235 1810 2288 in
1853 2235 2090 2288 Christo.

2201 2236 2597 2305 Νηστεύσαςζγε
2632 2239 2740 2307 μὴν
2764 2234 3149 2306 ἀποχρώντως,
3176 2236 3272 2288 καὶ
3300 2236 3532 2306 δυνάμει
3562 2236 3803 2307 θεοπρε-

514 2327 685 2381 Porro
722 2337 901 2381 autem
951 2342 1072 2381 cum
1134 2338 1395 2394 quantum
1432 2335 1517 2379 sat
1560 2335 1678 2379 erat
1711 2325 1822 2394 jam
1855 2325 2091 2395 iejunas-

2201 2330 2287 2380 πεῖ
2314 2324 2477 2380 ποτοῦ
2512 2326 2606 2380 καὶ
2641 2326 2826 2379 σιτίων
2858 2325 2979 2395 δίχα
3007 2324 3105 2395 τὴν
3140 2326 3321 2395 σάρκα
3348 2327 3610 2397 τηρήσας
3645 2328 3805 2381 ἀδιά-

516 2432 618 2483 set,
655 2422 947 2489 divinaque
978 2420 1180 2475 virtute
1208 2420 1412 2488 absque
1448 2419 1571 2473 cibo
1601 2428 1657 2473 et
1687 2428 1815 2488 potu
1848 2419 2094 2472 incorru-

2201 2419 2413 2490 ιρθορον,
2448 2420 2635 2489 ἐφίησι
2672 2419 2823 2489 μόλις
2863 2418 2932 2471 τὰ
2976 2419 3152 2471 οἰκεῖα
3185 2417 3379 2472 παθεῖν
3438 2420 3614 2491 αὐτῇ.
3674 2421 3807 2474 Πει-

516 2524 659 2581 ptam
704 2526 926 2566 carnem
972 2521 1375 2576 conservasset,
1411 2513 1507 2563 vix
1541 2513 1782 2575 tandem,
1815 2526 1935 2579 quae
1970 2526 2095 2578 pro-

2201 2509 2355 2578 νῆσαι
2400 2508 2509 2579 γάρ
2551 2508 2799 2577 λέγεται·
2842 2509 2939 2561 καὶ
2980 2508 3068 2561 διὰ
3106 2509 3267 2562 ποίαν
3306 2510 3526 2574 αἰτίανς
3569 2512 3700 2564 Ἱνα
3729 2513 3809 2565 δι’

516 2606 631 2673 pria
678 2603 824 2657 illius
875 2613 1039 2667 sunt,
1085 2604 1195 2673 pati
1240 2617 1358 2657 eam
1411 2602 1558 2656 sivit.
1625 2602 1893 2657 Esuriisse
1946 2602 2091 2656 enim

2201 2599 2398 2668 ἀμφοῖν
2430 2598 2698 2670 εὐτέχνως
2725 2600 2857 2664 Θεός
2890 2618 2951 2653 τε
2979 2600 3116 2670 ὁμοῦ
3151 2602 3246 2654 καὶ
3291 2601 3592 2672 ἄνθρωπος
3627 2605 3808 2675 ὑπάρο

516 2697 718 2751 dicitur
746 2714 759 2750 :
788 2696 884 2750 sed
920 2711 1081 2765 quam
1133 2696 1201 2749 ob
1243 2710 1491 2757 causam,
1541 2712 1743 2764 quaeso,
1785 2693 2095 2749 esurit?0b

2201 2709 2306 2761 κων
2356 2691 2783 2762 ἐπιγινώσκηται
2830 2687 2911 2755 εἷς
2959 2692 3053 2746 καὶ
3098 2693 3127 2744 ὁ
3175 2693 3339 2756 αὐτὸς
3381 2693 3668 2762 δηλονότι,
3714 2698 3809 2751 καὶ

515 2804 634 2843 eam
669 2790 948 2855 nimirum,
984 2803 1086 2856 qua
1123 2797 1245 2855 apte
1285 2802 1380 2853 per
1412 2798 1700 2856 utrumque
1732 2785 1899 2840 Deum
1930 2789 2093 2842 simul

2201 2783 2393 2847 θεῖκῶς
2427 2783 2567 2855 ὑπὲρ
2591 2785 2760 2854 ἡμᾶς.
2788 2785 2881 2837 καὶ
2911 2784 3033 2838 καθ’
3062 2787 3209 2855 ἡμᾶς
3235 2785 3807 2856 ἀνθρωπίνως.’ᾼγε-

516 2892 569 2936 et
606 2883 877 2935 hominem
934 2893 992 2933 se
1037 2895 1157 2934 esse
1186 2879 1515 2944 declararet,
1550 2896 1797 2949 unusque
1840 2890 1894 2935 et
1925 2882 2091 2943 idem,

2201 2878 2321 2930 σθαι
2353 2876 2408 2928 δὲ
2437 2876 2652 2941 λέγεται
2690 2879 2755 2947 τῇ
2792 2876 3023 2947 δυνάμει
3073 2877 3165 2930 τοῦ
3216 2877 3543 2947 Πνεύματος
3582 2882 3669 2943 είς
3711 2880 3806 2951 τήν

516 2983 782 3041 quatenus
814 2969 978 3030 Deus,
1017 2984 1176 3038 supra
1213 2986 1311 3022 nos
1343 2984 1501 3036 esse;
1530 2979 1584 3022 et
1614 2981 1878 3039 quatenus
1906 2972 2090 3034 homo,

2201 2968 2420 3039 ἔρημον,
2465 2967 2561 3019 τοῦ
2609 2966 2839 3035 ἄγεσθαι
2874 2966 3163 3037 δηλοῦντος
3193 2968 3254 3019 οὐ
3301 2967 3363 3019 τὸ
3407 2968 3805 3039 ἀποφέρεσθαι

516 3065 676 3116 nobis
720 3062 914 3115 similis
951 3073 1363 3129 agnosceretur.
1412 3061 1621 3114 Virtute
1658 3078 1822 3130 porro
1855 3062 2093 3130 Spiritus

2201 3061 2422 3130 μᾶλλον,
2456 3059 2593 3113 ἀλλὰ
2642 3059 2704 3112 τὸ
2751 3059 2976 3126 διάγειν,
3014 3060 3132 3129 ήτοι
3187 3059 3481 3113 διατελεῖν·
3540 3060 3806 3130 καθάπρ

518 3160 569 3213 in
595 3159 863 3213 desertum
895 3159 977 3227 agi
1014 3158 1230 3220 dicitur,
1262 3172 1366 3210 non
1393 3159 1533 3225 quod
1567 3156 1648 3225 agi
1680 3157 1819 3210 idem
1852 3158 1923 3209 sit
1951 3156 2089 3223 quod

518 3252 740 3313 deferri,
786 3252 879 3305 sed
916 3252 1080 3303 vitam
1133 3250 1438 3312 traducere,
1490 3263 1586 3300 Seu
1627 3249 1868 3301 morari:
1905 3264 2093 3317 quem-

518 3343 808 3397 admodum
866 3358 963 3396 uos
1005 3356 1218 3409 quoque
1272 3342 1453 3393 dicere
1499 3339 1774 3393 interdum
1814 3340 2097 3394 consuevi-

520 3450 659 3499 mus,
684 3434 827 3487 lmnc
859 3434 938 3486 vel
975 3433 1117 3484 illum
1150 3431 1316 3500 probe
1357 3431 1593 3497 seipsum
1628 3445 1810 3497 agere,
1851 3430 1953 3483 hoc
1987 3438 2094 3492 est,

521 3526 847 3593 inculpatam
908 3525 1068 3576 vitam
1140 3522 1377 3591 exigere.
1429 3521 1760 3575 Versabatur
1815 3521 1981 3590 igitur
2042 3522 2094 3573 iu

520 3613 755 3674 deserto,
802 3613 900 3664 hoc
937 3621 1041 3673 est,
1077 3610 1241 3662 vitam
1282 3609 1391 3662 illic
1431 3609 1698 3678 agitabat,
1735 3625 1840 3663 non
1879 3611 2095 3679 quidem

523 3719 669 3755 more
722 3716 983 3770 corporeo
1019 3720 1031 3753 :
1065 3716 1187 3753 nam
1242 3700 1449 3766 absque
1494 3700 1617 3752 cibo
1664 3710 1719 3754 et
1755 3712 1906 3767 potu,
1940 3701 2099 3754 rebus

521 3797 706 3862 utique
759 3796 998 3849 humano
1049 3793 1265 3861 corpori
1330 3792 1696 3857 necessariis,
1744 3792 1815 3845 ibi
1869 3792 2099 3861 degebat

521 3887 759 3955 Spiritus
799 3885 998 3937 virtute
1021 3893 1286 3948 armatus,
1329 3893 1385 3935 et
1416 3898 1583 3952 supra
1620 3885 1865 3937 humanae
1892 3895 2099 3938 natura:

512 3976 885 4031 ‘cuuditionem
916 3976 967 4029 in
1001 3976 1258 4029 continuo
1283 3974 1491 4042 jejunio
1520 3976 1715 4028 ibidem
1750 3976 2097 4043 persistebat.

519 4068 788 4122 Czeterum
819 4076 1078 4121 accurate
1113 4067 1513 4120 observandum
1540 4078 1623 4121 est
1643 4068 1786 4136 quod
1820 4070 1906 4121 hic
1934 4069 2101 4121 tradi-

522 4171 650 4212 tur:
683 4168 766 4211 est
815 4159 958 4210 enim
1006 4156 1295 4225 ejusmodi,
1346 4158 1398 4210 in
1449 4173 1556 4226 quo
1587 4158 1820 4211 salubris
1854 4160 2098 4227 quaedam

520 4251 781 4305 doctrinae
813 4252 892 4303 vis
929 4250 1113 4302 lateat.
1164 4248 1280 4303 Non
1310 4250 1457 4303 enim
1494 4259 1622 4303 ante
1648 4260 1893 4303 sanetum
1928 4251 2103 4318 bapti-

520 4359 637 4397 sma
702 4354 1012 4411 susceptum
1073 4341 1423 4407 tentabatur;
1496 4341 1590 4393 sed
1663 4355 1837 4407 neque
1895 4341 2098 4409 Spiritu

520 4449 739 4503 quoque
784 4434 835 4487 in
870 4434 1148 4487 desertum
1182 4432 1465 4501 agebatur.
1498 4432 1725 4502 Ecquid,
1770 4448 1975 4502 quaeso,
2015 4450 2102 4488 res

2200 3150 2390 3221 ἀμέλει
2440 3151 2534 3203 καὶ
2581 3151 2665 3218 ἐφ’
2698 3150 2855 3220 ήμῶν
2898 3150 3114 3218 λέγεται
3162 3150 3513 3214 πλειστάκις·
3562 3154 3630 3205 ⁸0
3656 3152 3807 3206 δεῖνα

2200 3241 2358 3311 τυχὸν
2411 3242 2601 3295 ἑαυτὸν
2649 3241 2826 3313 ὀρθῶς
2873 3242 3016 3310 ἄγει,
3052 3243 3330 3296 τουτέστιν
3382 3244 3711 3314 ἀμέμπτως
3739 3244 3801 3315 ζῇ

2200 3336 2293 3387 καὶ
2322 3334 2684 3387 πολιτεύεται.
2705 3335 3092 3405 Ἀνεστρέφετο
3118 3335 3297 3388 τοίνυν
3328 3336 3410 3398 είς
3434 3335 3803 3405 τὴνιὲρηιμον,

2200 3424 2366 3493 ἤγουν
2399 3428 2634 3478 ἐποιεῖτο
2661 3424 2757 3488 τὰς
2791 3426 3092 3498 διατριϐάς,
3118 3427 3178 3479 οὐ
3220 3426 3556 3495 σωματικῶς
3581 3443 3597 3457 °
3636 3428 3803 3480 ποτοῦ

2198 3515 2307 3585 γὰρ
2339 3516 2461 3585 δίχα
2492 3518 2586 3570 καὶ
2614 3516 2713 3587 τῆς
2738 3520 2851 3581 τοῖς
2882 3516 3131 3587 σώμασιν
3157 3518 3462 3586 ἀναγκαίας
3491 3520 3719 3589 τροφῆς
3753 3522 3806 3572 ὲν

2199 3607 2427 3676 δυνάμει
2475 3607 2791 3678 Πνεύματος
2838 3611 2979 3681 ὑπὲρ
3019 3610 3180 3678 φύσιν
3214 3614 3313 3682 τὴν
3363 3610 3486 3665 καθ’
3524 3614 3685 3681 ἡμᾶς
3731 3612 3806 3663 δι-

2201 3700 2489 3770 εκαρτέρει
2534 3700 2671 3770 πρὸς
2704 3701 2805 3771 τήν
2850 3702 3127 3773 νηστείαν.
3166 3702 3315 3773 Πλὴν
3361 3705 3546 3758 ἐκεῖνο
3598 3704 3799 3775 ἄθρει·

2201 3792 2620 3864 ὲπωφελεστάτη
2672 3794 2781 3866 γὰρ
2830 3794 2930 3864 τῆς
2978 3796 3185 3859 ἐννοίας
3216 3799 3249 3867 ἡ
3290 3796 3550 3868 δύναμις.
3583 3801 3666 3852 Οὐ
3700 3799 3805 3869 πρὸ

2200 3883 2294 3935 τοῦ
2336 3885 2490 3951 ἁγίου
2524 3885 2902 3957 βαπτίσματος
2933 3889 3274 3960 ὲπειράζετο,
3314 3888 3432 3941 ἀλλ’
3459 3890 3592 3943 οὐδὲ
3635 3892 3805 3961 ἤγετο

2199 3975 2278 4046 τῷ
2317 3977 2592 4047 Πνεύματι
2624 3980 2702 4042 είς
2732 3977 2831 4049 τὴν
2864 3978 3090 4050 ἔρημον,
3122 3980 3291 4033 τύπον
3325 3983 3459 4051 ἡμῖν
3505 3983 3574 4035 τὸ
3606 3984 3805 4053 χρῆμα

2200 4070 2404 4133 τιθείς⁸
2458 4071 2737 4141 ἀμήχανον
2782 4070 2890 4141 γὰρ
2936 4073 3061 4135 τοὺς
3094 4071 3247 4126 οὔπω
3296 4072 3804 4145 βεϐαπτισμένους,

2201 4161 2295 4214 τοῦ
2326 4161 2673 4233 πειράζοντος
2701 4164 2918 4216 Σατανᾶ
2948 4162 3225 4217 δύσοιστον
3254 4160 3421 4218 οὖσαν
3464 4166 3575 4238 τὴν
3623 4184 3806 4238 προσ-

2204 4253 2363 4324 ϐολὴν
2395 4255 2715 4322 ὑπενεγκεῖν
2751 4255 3011 4310 δύνασθαι
3038 4258 3320 4323 νεανικῶς,
3354 4258 3527 4328 {now
3559 4261 3809 4326 ἄγεσθαι

2204 4346 2590 4415 πνευματικῶς
2612 4364 2625 4377 ο
2674 4348 2866 4418 καιρὸς
2897 4348 2954 4401 δὲ
2995 4351 3023 4402 ὁ
3057 4350 3283 4419 πρέπων
3319 4354 3435 4414 τοῖς
3474 4351 3632 4404 οὕτω
3665 4354 3808 4422 λαμ-

2203 4439 2360 4507 προῖς
2408 4438 2502 4490 καὶ
2551 4436 2901 4506 ἁξιαγάστοις
2953 4439 3394 4511 κατορθώμασιν,
3446 4442 3475 4494 ὁ
3540 4442 3699 4511 μετά.
3752 4443 3810 4493 τὶ

522 4529 638 4582 lucc
687 4526 841 4580 nobis
892 4526 1288 4579 adumbrabat?
1334 4525 1448 4578 Non
1498 4525 1643 4578 aliud
1684 4528 1889 4590 utique,
1937 4541 2095 4595 quam

2203 4530 2357 4597 ἅγιον
2400 4529 2716 4600 βάπτισμα·
2769 4531 3199 4601 κραταιωθέντες
3243 4531 3350 4601 γὰρ
3401 4530 3552 4586 οὕτω
3597 4537 3677 4604 τῇ
3712 4534 3811 4587 τοῦ

523 4622 637 4675 ﬁeri
676 4636 780 4673 non
813 4634 993 4687 posse,
1029 4628 1086 4670 ut
1116 4618 1149 4670 ii
1179 4617 1271 4685 qui
1307 4617 1561 4684 baptismi
1592 4618 1823 4685 gratiam
1870 4619 2096 4670 necdum

521 4712 756 4766 assecuti
801 4723 947 4775 sunt,
985 4709 1328 4779 gravissimis
1365 4710 1625 4762 teutantis
1664 4707 1882 4763 Satanae
1922 4709 2098 4763 insul-

524 4805 669 4858 tibus
697 4802 926 4856 viriliter
955 4803 1247 4866 obsistant,
1273 4813 1364 4854 aut
1388 4801 1649 4869 spiritalis
1681 4801 1805 4855 vitae
1838 4801 2100 4855 rationem

524 4899 665 4952 inire
701 4907 922 4967 queant.
965 4894 1201 4964 Tempus
1246 4906 1424 4947 autent
1461 4895 1767 4949 obtinendae
1800 4893 1963 4964 158
1990 4903 2097 4947 tam

527 4988 752 5041 illustris
778 4986 1018 5040 victoria:
1041 4997 1163 5054 post
1191 5002 1408 5040 sacrum
1437 4985 1704 5054 baptisma
1738 4994 2097 5054 opportunum

524 5088 630 5134 est.
656 5078 732 5132 lta
759 5080 901 5132 enim
932 5079 1168 5147 Spiritus
1189 5080 1362 5132 sancti
1393 5077 1809 5145 participatione
1836 5077 2096 5138 roborati,

525 5182 579 5225 ct
627 5187 859 5240 superna
906 5173 1081 5239 gratia
1138 5170 1205 5224 ad
1268 5170 1513 5239 spiritale
1550 5170 1714 5222 robur
1767 5167 2094 5231 conﬁrmati,

527 5264 741 5317 Satanae
776 5264 987 5317 insidiis
1029 5264 1150 5333 capi
1186 5280 1290 5316 non
1333 5263 1670 5331 poterimus;
1708 5262 1802 5315 sed
1844 5272 2099 5327 tanquam

527 5356 583 5409 in
644 5356 845 5409 virtute
896 5354 1128 5425 Spiritus
1182 5357 1447 5419 vivemus,
1501 5357 1654 5423 quasi
1715 5356 1767 5407 in
1825 5355 2100 5406 desertum

525 5449 797 5516 quoddam
836 5450 1175 5513 secedentes,
1210 5448 1335 5502 dum
1386 5448 1573 5516 procul
1629 5464 1658 5500 a
1709 5446 1895 5500 mundi
1942 5445 2104 5512 hujus

528 5540 847 5594 tumultibus
887 5542 1048 5593 vitam
1079 5541 1289 5607 placide
1325 5541 1694 5609 transigimus.
1740 5539 2099 5604 Quamobrem

527 5631 652 5685 licet
700 5632 1124 5699 cuuctipoténtis
1166 5630 1257 5685 Dei
1306 5631 1481 5685 Verba
1512 5640 1716 5699 ;parum
1757 5629 1979 5686 omnino
2029 5628 2103 5683 sit

600 5806 641 5836 ⁷¹
671 5805 825 5859 Rom.
861 5823 913 5871 v,
946 5806 1032 5862 19.
1103 5810 1148 5841 ⁷³
1185 5806 1341 5867 Rom.
1371 5824 1464 5875 vn,
1501 5808 1582 5862 l5.

2208 4624 2361 4690 ἁγίου
2394 4622 2708 4691 Πνεύματος
2739 4626 2962 4694 μετοχῇ,
2996 4623 3089 4677 καὶ
3117 4626 3183 4694 τῇ
3210 4624 3415 4678 ἄνωθεν
3448 4625 3652 4696 χάριτι
3681 4644 3814 4679 κατ·

2207 4712 2662 4782 εσφραγισμένοι,
2702 4712 2839 4785 πρὸς
2903 4714 3202 4783 εὐρωστίαν
3264 4714 3321 4767 δὲ
3378 4714 3633 4783 δηλονότι
3709 4718 3813 4787 τὴν

2209 4804 2603 4873 πνευματικήν,
2651 4804 2913 4857 ἀνάλωτοί
2941 4822 3000 4857 τε
3035 4805 3269 4873 ἐσόμεθα
3300 4804 3376 4874 τῷ
3408 4807 3641 4877 Σατανᾷ
3665 4849 3683 4869 ,
3719 4810 3817 4860 καὶ

2208 4897 2281 4959 ὡς
2309 4897 2366 4949 ὲν
2392 4895 2619 4965 δυνάμει
2652 4895 2970 4966 Πνεύματος
2993 4897 3341 4967 διαζήσομεν,
3369 4897 3579 4969 ἔρημον
3602 4901 3776 4954 ὥστε
3787 4920 3819 4973 ρ

2204 4988 2327 5041 τινὰ
2360 4988 2869 5058 καταλαμϐάνοντες
2891 4988 3066 5059 χῶρον
3091 4990 3151 5043 τὸ
3172 4989 3276 5054 ἔξω
3294 4988 3355 5042 τύ
3364 4991 3503 5059 ρὸης
3532 4994 3818 5059 γενέσθαι

2206 5079 2750 5149 κοσμικῆς.Σμικρὸν
2778 5081 2874 5149 μὲν
2895 5077 2988 5133 οὗν
3017 5083 3210 5153 κομιδῇ
3239 5081 3316 5151 τῷ
3347 5084 3529 5135 πάντα
3553 5085 3818 5154 ἰσχύοντι

2207 5173 2369 5243 Λόγῳ
2400 5172 2461 5224 τὸ
2494 5177 2712 5242 νικῆσαι
2739 5174 2830 5226 τὸν
2860 5175 3125 5237 Σατανᾶν,
3169 5176 3312 5244 μέγα
3353 5176 3410 5228 δὲ
3445 5177 3622 5231 πάλιν
3679 5184 3820 5250 ἡμῖν

2206 5266 2265 5318 τὸ
2290 5266 2384 5317 καὶ
2416 5266 2604 5317 τούτου
2636 5268 2819 5335 τυχεῖν
2844 5265 2931 5319 διὰ
2970 5267 3068 5336 τῆς
3107 5266 3577 5336 ἐνανθρωπήσεως
3604 5272 3819 5335 αὐτοῦ,

2209 5357 2350 5411 καθὰ
2382 5359 2474 5410 καὶ
2500 5358 2561 5411 τὸ
2591 5360 3035 5431 ἁνακαινισθῆναι
3069 5360 3205 5430 πρὸς
3236 5360 3822 5433 ἀφθαρσίαν.”οσπερ

2209 5451 2317 5520 γὰρ
2341 5451 2427 5503 διὰ
2450 5451 2548 5522 τῆς
2577 5453 2641 5505 ἐκ
2664 5452 2870 5522 νεκρῶν
2912 5454 3259 5516 ἀναστάσεως
3296 5454 3464 5507 αὐτοῦ
3507 5458 3823 5526 κρείττους

2210 5544 2372 5612 ἡμεῖς
2417 5542 2722 5611 γεγόναμεν
2771 5544 2875 5613 τῆς
2907 5544 3133 5614 φθορᾶς,
3176 5544 3319 5598 οὕτω
3364 5545 3451 5598 διὰ
3488 5546 3595 5615 τῆς
3637 5552 3706 5604 ἐν

2212 5632 2570 5703 πειράζεσθαι
2600 5635 2754 5705 νίκης
2782 5637 2940 5691 πάλιν
2970 5640 3131 5708 ἡμεῖς
3164 5638 3621 5709 κεκρατήκαμεν.
