4000 6326
279 265 423 324 I585
1091 258 1186 320 an
1226 251 1524 322 nEm'NA's
1561 255 1650 321 DE
1682 252 1918 320 "itec’rA
1956 250 2117 318 sint:
2154 261 2413 319 omne
2454 260 2756 318 ALTERA.
3404 259 3542 320 1386

277 376 542 433 Satanam
575 377 863 443 de‘vicisse,
929 375 1089 432 nobis
1157 387 1338 432 tamen
1403 393 1757 449 permagnum
1823 377 2093 446 quoddam
2141 385 2247 444 est,
2290 375 2435 446 quod
2482 391 2580 446 per
2623 375 2744 445 ejus
2788 373 3218 431 incarnationem
3264 372 3542 429 victoriam

276 469 536 526 adversus
565 469 713 524 illum
737 470 1133 526 obtinuerimus
1163 491 1177 525 :
1204 472 1344 526 sicut
1375 483 1431 527 et
1454 471 1584 526 illud
1610 485 1846 540 quoque.
1888 469 2030 538 quod
2066 486 2163 538 per
2219 470 2465 526 eamdem
2501 469 2568 524 ad
2611 469 3073 540 incorruptionem
3109 481 3207 521 nos
3268 466 3545 522 instaura-

277 565 375 618 vit.
431 562 585 618 Sicut
663 563 808 618 enim
858 576 956 631 per
1004 562 1148 615 illius
1200 563 1652 617 resurrectionem
1732 559 2083 628 corruptione
2129 560 2445 628 superiores
2495 557 2812 620 evasimus,
2878 557 2989 619 ita,
3045 553 3273 610 victoria
3358 564 3546 610 contra

279 667 576 714 tentantem
613 655 866 710 Satanam
908 671 1004 725 per
1030 655 1178 710 illum
1214 657 1468 722 obtenta,
1519 671 1618 712 nos
1644 669 1859 726 quoque
1897 654 2134 708 victores
2166 654 2366 710 reddit.

352 750 474 804 AZ’.
522 769 539 801 ι
577 751 833 820 Ἔχοντες
865 745 958 802 οὖν
985 749 1250 821 ἀρχιερέα
1293 751 1468 820 μέγαν
1516 749 1862 816 διεληλυθότα

2037 742 2306 803 XXXVII.
2358 766 2377 798 ι
2411 748 2681 802 llabcntes
2724 763 2856 817 ergo
2905 745 3216 813 potitilirem
3271 760 3549 814 magnum,

279 843 407 907 τοὺς
436 842 721 910 οὐρανοὺς,
739 840 948 911 Ἰησοῦν
975 840 1066 894 τὸν
1096 842 1224 894 Tim
1250 841 1344 894 τοῦ
1379 841 1534 907 Θεοῦ,
1573 842 1865 912 κρατῶμεν

279 933 380 1002 τῆς
409 931 718 1002 ὁμολογίας.
752 931 826 984 Οὐ
861 933 970 1002 γὰρ
997 931 1196 1001 ἔχομεν
1231 933 1492 1002 ἀρχιερέα
1530 933 1602 1003 μὴ
1640 933 1868 1005 δυνάμε-

280 1040 371 1075 νον
400 1021 756 1092 συμπαθῆσαί
780 1023 900 1083 ταῖς
925 1020 1234 1088 ,ἀσθενείαις
1259 1022 1434 1092 ἡμῶν,
1467 1020 1868 1092 πεπειραμένον

280 1115 340 1169 δὲ
373 1115 513 1168 κατά
542 1113 717 1166 πάντα
754 1112 875 1166 καθ’
889 1115 1211 1184 ὁμοιότητα,
1247 1115 1415 1185 χωρὶς
1445 1115 1784 1186 ἁμαρτίαςλ
1804 1115 1868 1168 Ἢ

281 1207 385 1278 τῆς
415 1207 582 1278 ὀρθῆς
611 1205 847 1268 πίστεως
879 1205 1140 1276 ὁμολογία
1186 1207 1486 1277 πράττεται
1531 1207 1666 1277 πρὸς
1714 1205 1870 1276 ἡμῶν

282 1300 364 1363 εἰς
390 1299 486 1352 ἕνα
513 1297 645 1351 θεὸν
670 1293 892 1368 Πατέρα
919 1298 1338 1369 παντοκράτορα
1359 1340 1374 1362 ,
1403 1299 1498 1352 καὶ
1529 1301 1606 1361 εἰς
1634 1299 1728 1351 ἕνα
1757 1298 1871 1352 Κύ-

285 1406 402 1459 ριον
437 1387 648 1458 Ἰησοῦν
701 1387 940 1459 Χριστὸν
986 1388 1078 1442 τὸν
1130 1387 1256 1440 Υίὸν
1308 1387 1516 1455 αὑτοῦ,
1567 1391 1662 1442 καὶ
1701 1391 1780 1454 εἰς
1814 1389 1873 1442 ἒν

284 1482 438 1548 ἅγιον
468 1479 714 1550 Πνεῦμα.
737 1478 955 1550 Ταύτης
983 1479 1130 1550 ἡμᾶς
1157 1480 1256 1549 τῆς
1278 1480 1567 1550 ὁμολογίας
1591 1481 1874 1552 ἑξέχεσθαι

281 1573 393 1625 δεῖν
435 1572 464 1624 6
511 1571 799 1632 θεσπέσιος
834 1573 1036 1642 γράφει
1080 1571 1314 1635 Παῦλος.
1350 1573 1568 1644 Ἐπειδὴ
1615 1573 1673 1626 δέ
1727 1575 1875 1628 ἐστιν

281 1664 733 1734 ὁμολογουμένως
758 1661 836 1728 εἷς
867 1665 994 1728 Υἱὸς
1022 1663 1115 1718 τοῦ
1151 1663 1288 1719 Θεοῦ
1321 1666 1416 1718 καὶ
1446 1665 1680 1736 Πατρὸς,
1714 1665 1874 1736 δῆλον

283 1756 344 1809 δὲ
391 1757 474 1810 ὅτι
527 1753 764 1827 Χριστὸς
799 1756 1038 1826 Ἰησοῦς,
1089 1757 1120 1810 6
1178 1758 1535 1828 συμπαθῆσαι
1581 1759 1874 1827 δυνάμενος

287 1851 405 1912 ταῖς
452 1849 758 1912 ἀσθενείαις
788 1849 964 1920 ἡμῶν,
995 1850 1088 1904 καὶ
1118 1851 1258 1904 κατά
1316 1851 1496 1905 πάντα
1545 1854 1878 1924 πεπειραμέ-

287 1956 378 2003 νος
423 1940 547 1994 καθ’
587 1940 902 2010 ὁμοιότητα,
953 1944 1125 2014 χωρίς
1172 1944 1481 2016 ἁμαρτίαςο
1541 1947 1626 2009 τίς
1674 1947 1742 2000 ἂν
1789 1950 1876 2018 εἴη

288 2033 475 2086 λοιπὸν
507 2036 535 2087 6
569 2035 743 2103 μέγας
778 2035 936 2105 ἡμῶν
973 2036 1300 2108 ἀρχιε.ρεύς;
1335 2034 1424 2108 ἇρῖ
1448 2038 1546 2108 οὐχ
1578 2041 1608 2093 ὁ
1636 2039 1876 2106 γεγονὼς

1967 843 2058 912 qui
2098 839 2408 907 penetravit
2449 839 2642 903 caelos,
2675 837 2858 894 Jesum
2890 837 3083 892 Filium
3130 836 3243 902 Dei,
3274 845 3552 892 teneamus

1968 935 2388 988 confessionem.
2429 931 2545 986 Non
2595 931 2742 985 enim
2784 931 3046 985 habemus
3091 929 3424 1000 pontiﬁcem,
3458 929 3553 999 qui

1971 1039 2074 1078 non
2121 1025 2296 1092 possit
2339 1023 2581 1094 compati
2630 1021 3040 1078 infirmitatibus
3085 1021 3292 1076 nostris
3328 1038 3340 1074 :
3376 1031 3554 1074 tenta-

1973 1124 2086 1170 tum
2143 1125 2326 1172 autem
2371 1130 2468 1187 per
2531 1115 2721 1171 omnia
2783 1115 3080 1171 secundmn
3142 1112 3554 1169 similitudinem

1971 1208 2177 1278 absque
2211 1216 2439 1279 peccato
2465 1207 2535 1262 ".
2567 1225 2587 1258 ι
2623 1206 2710 1262 Fit
2739 1221 2767 1259 ιι
2795 1205 2958 1262 nobis
2991 1214 3156 1260 rectae
3186 1205 3308 1259 ﬁdei
3343 1201 3558 1258 confes-

1973 1299 2078 1361 sio,
2115 1312 2309 1369 nempe
2353 1306 2418 1353 ut
2466 1297 2758 1354 credamus
2805 1297 2859 1351 in
2909 1311 3075 1350 unum
3121 1295 3288 1349 Deum
3335 1292 3555 1349 Patrem

1969 1391 2420 1459 omnipotentem,
2465 1399 2520 1444 et
2555 1389 2609 1444 in
2648 1403 2816 1444 unum
2845 1387 3132 1443 Dominum
3164 1383 3353 1442 Iesum
3395 1383 3557 1438 Cbri~

1975 1493 2120 1540 stum
2155 1481 2353 1537 Filium
2385 1483 2529 1552 ejus.
2571 1490 2628 1536 et
2663 1481 2716 1536 in
2769 1495 2935 1535 unum
2971 1478 3234 1549 Spiritum
3284 1486 3554 1532 sancmm.

1975 1575 2150 1647 Hujus
2183 1585 2364 1631 autem
2413 1574 2535 1628 ﬁdei
2585 1572 2920 1628 confessioni
2955 1571 3223 1626 inliterere
3264 1585 3366 1624 nos
3391 1583 3557 1638 Opor-

1978 1679 2095 1724 tere
2131 1667 2346 1723 divinus
2372 1665 2574 1722 Paulus
2611 1666 2894 1719 admonet.
2939 1662 3206 1730 Quoniam
3237 1676 3372 1716 vero
3405 1670 3561 1715 certo

1977 1768 2194 1815 constat
2272 1775 2440 1814 unum
2487 1759 2753 1812 duntaxat
2799 1772 2920 1812 esse
2967 1755 3060 1810 Dei
3106 1753 3287 1808 Patris
3337 1748 3562 1816 Filium,

1977 1866 2174 1921 nempe
2212 1851 2493 1908 Christum
2530 1849 2741 1915 Jesum,
2773 1851 2866 1920 qui
2899 1861 2956 1902 et
2990 1849 3194 1903 nostris
3226 1844 3564 1902 inﬁrmitati-

1979 1943 2082 1998 bus
2110 1944 2350 2013 compati
2384 1951 2589 2011 potest,
2621 1953 2676 1996 et
2711 1956 2808 2011 per
2833 1941 3015 1994 omnia
3048 1940 3347 1996 secundum
3380 1935 3567 1992 simili-

1981 2038 2223 2090 tudinem
2251 2037 2454 2105 absqne
2482 2044 2707 2106 peccato
2743 2043 2985 2088 tentatus
3027 2042 3143 2098 est;
3174 2031 3296 2100 quis
3345 2031 3564 2085 tandem

293 2125 414 2178 καθ’
433 2127 466 2195 ή
477 2127 605 2195 μᾶς,
631 2120 806 2190 οὗτος,
836 2128 931 2180 καὶ
955 2127 1120 2198 σαρκὶ
1148 2127 1338 2182 παθὼν
1363 2129 1502 2200 ὑπὲρ
1529 2130 1717 2200 ἡμῶν;
1745 2132 1879 2184 Τότε

1991 2143 2211 2198 magnus
2253 2127 2344 2182 ille
2368 2103 2615 2197 pontifex
2684 2134 2870 2179 noster
2913 2124 3034 2179 est?
3079 2125 3271 2178 Annon
3313 2129 3399 2179 est
3457 2120 3566 2187 hic,

293 2212 400 2284 γὰρ
425 2214 582 2284 ἡμῶν
605 2216 1016 2289 κεχρημάτικεν
1036 2218 1192 2288 ἀρχιε
1203 2218 1350 2288 ρεὺς,
1377 2219 1474 2290 οὐχ
1496 2218 1571 2284 ὡς
1595 2219 1880 2289 ἀλλογενὲς

293 2307 498 2360 ὀθνεῖόν
531 2325 592 2361 τε
636 2309 930 2379 προσάγων
960 2308 1110 2380 θῦμα
1145 2309 1286 2364 κατά
1329 2328 1392 2379 γε
1441 2311 1503 2364 τὸ
1533 2313 1723 2378 εἰωθὸς
1770 2317 1882 2378 τοῖς

295 2398 498 2463 ἄλλοις,
527 2398 641 2452 ἀλλ’
666 2399 740 2452 ὣν
769 2401 934 2464 αὐτὸς
959 2403 987 2454 ὁ
1016 2403 1206 2473 ἀμνὸς,
1245 2404 1278 2472 ἡ
1309 2405 1652 2477 εὐοσμοτάτη
1697 2407 1879 2469 θυσία,

293 2492 358 2544 τὸ
401 2491 593 2559 νοητὸν
615 2491 996 2563 ὁλοκαύτωμα,
1028 2497 1061 2565 ὴ
1095 2495 1390 2567 λαλιστάτη
1430 2498 1668 2566 τρυγὼν,
1696 2502 1728 2570 η
1758 2501 1884 2554 ἀκέ-

300 2599 454 2653 ραιος
499 2585 822 2655 περιστερά,
855 2587 882 2638 ὀ
919 2586 1082 2655 ἄρτος
1113 2588 1140 2639 6
1173 2587 1302 2650 ζῶν,
1331 2589 1392 2641 τὸ
1422 2593 1658 2659 χρυσοῦν
1684 2589 1885 2660 θυμια-

297 2676 792 2748 τήριον.ιΧριστοῦ
819 2677 930 2749 γάρ
960 2679 1126 2749 ἐσμεν
1151 2679 1346 2732 εὐωδία
1371 2680 1634 2751 «agisath
1661 2683 1801 2736 κατά
1825 2683 1886 2735 τὸ

303 2768 712 2838 γεγραμμένον.
739 2768 930 2840 ιἈθρει
951 2768 1010 2823 δέ
1037 2787 1128 2839 μοι
1147 2771 1254 2824 τῶν
1285 2772 1658 2826 ἀποστολικῶν
1671 2775 1886 2828 ἐννοιῶν

298 2860 360 2912 τὺ
389 2858 572 2930 βάθος.
601 2880 619 2911 r
649 2860 766 2914 υύκ
791 2860 1008 2933 ἔχομεν,
1038 2865 1226 2934 φησὶν,
1257 2867 1522 2938 ἀρχιερέα
1547 2868 1622 2938 μὴ
1651 2869 1886 2938 δυνάμε-

299 2969 393 3006 νον
416 2953 776 3024 συμπαθῆσαι
797 2958 918 3018 ταῖς
945 2955 1252 3020 ἀσθενείαις
1278 2957 1459 3028 ἡμῶν,
1483 2963 1894 3030 πεπειραμένον

300 3043 358 3097 δὲ
387 3044 530 3099 κατά
566 3044 744 3100 πάντα
780 3045 902 3099 καθ’
934 3047 1252 3118 ὁμοιότητα,
1280 3050 1450 3120 χωρὶς
1475 3051 1801 3120 ἁμαρτίας.»
1825 3053 1886 3105 Εἰ

301 3137 413 3209 γάρ
451 3140 616 3209 μήπω
647 3139 860 3207 γέγονε,
891 3138 1080 3209 φησιν,
1121 3140 1408 3210 ἄνθρωπος
1437 3143 1466 3195 6
1494 3141 1590 3196 τοῦ
1619 3143 1753 3196 Θεοῦ
1783 3145 1889 3197 Λό-

303 3247 420 3298 γος,
452 3231 568 3302 ᾔδει
596 3231 716 3301 μὲν,
749 3231 865 3302 ᾔδει
893 3231 989 3284 καὶ
1020 3230 1165 3285 οὕτω
1206 3233 1304 3304 τὴν
1342 3235 1695 3306 ἀνθρωπίνην
1722 3237 1889 3291 ἀσθέ-

304 3340 455 3374 νειαν
492 3321 568 3384 ὡς
595 3322 940 3392 Δημιουργός
964 3339 978 3352 ο
1017 3342 1034 3372 ι
1065 3322 1234 3386 Αὐτὸς
1269 3322 1377 3392 γὰρ
1403 3323 1543 3391 ἔγνω
1577 3324 1636 3377 τὸ
1664 3325 1890 3395 πλάσμα

305 3413 485 3484 ἡμῶν,
519 3432 536 3464 ι
579 3413 719 3467 κατά
763 3413 822 3466 τὸ
856 3414 1264 3484 γεγραμμένον.
1299 3415 1440 3468 Ἀλλ’
1464 3415 1623 3486 εἴπερ
1677 3435 1730 3470 τι
1779 3417 1887 3469 τῶν

305 3505 663 3575 ἀνθρωπίνων
695 3506 788 3557 καὶ
835 3506 922 3558 ἐπ’
952 3505 1118 3558 αὑτοῦ
1167 3507 1334 3574 φάναι
1384 3505 1565 3578 θέμις,
1594 3506 1752 3562 ὀὔπω
1794 3510 1888 3563 καὶ

308 3596 389 3658 εἰς
415 3593 582 3664 αὐτὴν
609 3592 872 3664 ἐκέκλητο
901 3597 1098 3664 πεῖραν
1122 3593 1230 3646 τῶν
1254 3593 1541 3664 ἡμετέρων
1568 3593 1885 3648 ἀσθενειῶν.

321 3682 540 3752 Ἐπειδὴ
584 3681 640 3734 δὲ
673 3681 770 3752 τὴν
799 3681 956 3752 ἡμῶν
982 3681 1298 3753 ἠμπέσχετο
1332 3682 1532 3753 σάρκα,
1562 3685 1890 3756 πεπείραται

309 3773 455 3828 κατά
485 3774 684 3828 πάντα.
706 3773 817 3827 Καὶ
843 3774 904 3826 οῦ
929 3775 1106 3846 δήπου
1136 3775 1314 3844 φαμὲν
1334 3774 1407 3840 ὡς
1439 3775 1746 3846 ἠγνοηκὼς,
1765 3777 1892 3831 ἀλλ’

310 3867 392 3921 ὅτι
429 3869 500 3938 τῇ
533 3864 731 3935 γνώσει
760 3867 826 3936 τῇ
853 3865 1051 3938 θεῖκῇν
1087 3868 1530 3940 προῦποκειμένῃ
1562 3869 1655 3924 καὶ
1705 3870 1766 3923 τὸ
1804 3870 1894 3924 διὰ

313 3956 509 4026 πείρας
557 3955 729 4024 αὐτῆς
778 3954 977 4027 συνέϐη
1017 3955 1230 4026 μαθεῖν.
1256 3957 1452 4026 Γέγονε
1499 3959 1557 4012 δὲ
1604 3959 1893 4032 συμπαθὴς

308 4049 414 4102 οὐκ
438 4049 547 4101 ἀπό
573 4065 637 4118 γε
663 4048 759 4102 τοῦ
792 4047 1164 4119 πεπειρᾶσθαί
1195 4048 1360 4102 ποθεν
1383 4067 1396 4079 ·
1427 4045 1495 4120 ἧν
1519 4051 1628 4121 γὰρ
1648 4051 1896 4122 ἐλεήμων

305 4140 499 4209 φύσει,
533 4141 627 4193 καὶ
651 4139 821 4205 ἔστιν,
847 4141 925 4204 ὡς
953 4139 1087 4204 Θεός
1107 4156 1124 4173 ο
1153 4139 1342 4211 ἐπειδὴ
1365 4139 1422 4193 δὲ
1463 4142 1602 4211 μετά
1634 4141 1726 4194 τοῦ
1754 4138 1895 4195 εἶναι

315 4232 344 4285 ὃ
381 4233 522 4298 ἐστι,
550 4231 741 4300 γέγονε
787 4232 882 4285 καὶ
929 4231 1052 4285 καθ’
1083 4232 1250 4303 ἡμᾶς,
1286 4233 1769 4302 ἀνθρωποπρεπῶς
1805 4234 1899 4286 καὶ

316 4323 490 4378 ταῦτα
543 4323 760 4391 λέγεται
809 4323 938 4395 περὶ
984 4322 1170 4379 αὑτοῦ.
1201 4322 1461 4392 Διαῦἦναι
1503 4322 1562 4376 δέ
1595 4340 1728 4392 φησι
1772 4324 1898 4386 τοὺς

314 4417 575 4488 οὐρανοὺς
605 4416 768 4469 αὐτὸν
806 4415 1133 4486 σωματικῶς
1177 4433 1235 4468 τε
1283 4416 1399 4485 ἅμα
1432 4415 1526 4468 καὶ
1557 4415 1895 4483 θεοπρεπῶς.

323 4529 341 4560 ι
369 4509 558 4579 ’Δνέση
587 4509 684 4579 μὲν
719 4508 847 4578 γάρ,
878 4509 954 4570 ὡς
989 4509 1153 4572 αὐτὸς
1194 4508 1297 4560 πού
1329 4525 1493 4580 φησιν
1529 4508 1557 4559 6
1593 4506 1899 4576 σοφώτατος

321 4601 555 4667 Παῦλος,
584 4601 679 4655 νῦν
721 4601 1127 4672 ἐμφανισθῆναι
1170 4600 1249 4672 τῷ
1300 4600 1579 4672 προσώπῳ
1625 4600 1718 4652 τοῦ
1765 4601 1899 4654 Θεοῦ

321 4698 460 4771 ὑπὲρ
489 4696 667 4768 ἡμῶν.
700 4715 719 4748 ι
751 4694 922 4748 Δίεισί
954 4711 1018 4761 γε
1061 4692 1168 4764 μὴν
1198 4693 1292 4746 καὶ
1332 4692 1454 4746 καθ’
1486 4693 1672 4762 ἕτερον
1701 4693 1902 4764 τρόπον

1983 2219 2075 2288 qui
2119 2218 2262 2274 sicut
2291 2227 2348 2274 et
2378 2233 2479 2274 nos
2511 2232 2640 2272 vere
2675 2218 2848 2272 factus
2895 2225 3004 2280 est,
3045 2223 3102 2270 et
3142 2215 3196 2272 in
3237 2229 3403 2270 carne
3429 2229 3559 2282 pro-

1982 2321 2106 2382 pter
2135 2326 2236 2368 nos
2263 2311 2428 2366 etiam
2464 2311 2699 2380 passus?
2731 2309 2885 2365 Tunc
2912 2309 3058 2364 enim
3089 2307 3363 2379 pontiﬁcis
3395 2307 3566 2362 nostri

1987 2402 2200 2458 titulum
2238 2403 2545 2473 assumpsit
2575 2419 2588 2455 :
2623 2417 2728 2456 non
2777 2403 2848 2456 ita
2889 2411 3090 2464 tamen,
3121 2411 3180 2454 ut
3207 2401 3436 2455 aliorqu
3480 2415 3571 2454 sa-

1984 2492 2264 2547 cerdotum
2302 2507 2473 2557 more,
2529 2501 2840 2558 externum,
2875 2493 2978 2546 hoc
3015 2499 3121 2555 est,
3167 2506 3198 2543 a
3241 2505 3301 2546 se
3335 2491 3572 2544 alienum

1987 2584 2317 2640 sacriﬁcium
2369 2583 2631 2638 obtulerit
2673 2585 2816 2638 :sed
2875 2583 2990 2653 ipse
3026 2583 3129 2638 fuit
3191 2598 3398 2651 agmis,
3459 2581 3576 2652 ipse

1990 2675 2426 2746 fragrantissimo
2470 2674 2559 2729 illa
2597 2675 2776 2730 hostia
2809 2687 2865 2729 et
2899 2675 3146 2746 spiritale
3173 2675 3572 2734 holocantoma,

1989 2779 2040 2821 et
2065 2769 2180 2838 ipse
2205 2775 2385 2822 turtur
2413 2767 2501 2822 ille
2528 2765 2926 2837 gemebundus,
2955 2776 3011 2822 et
3033 2766 3262 2836 simplex
3287 2766 3572 2828 columba;

1991 2863 2106 2930 ipse
2151 2861 2309 2930 panis
2355 2861 2533 2924 vivus,
2573 2868 2630 2912 et
2667 2858 2999 2914 thuribulum
3040 2874 3284 2913 aureum.
3319 2877 3341 2911 ι
3369 2857 3576 2913 Christi

1989 2953 2133 3006 enim
2177 2953 2350 3007 bonus
2396 2951 2532 3005 odor
2568 2964 2760 3004 sumus
2793 2948 2904 3005 Deo
2922 2949 3080 3014 7"",
3111 2968 3129 3001 ι
3160 2958 3221 3002 ιιι
3261 2949 3432 3004 sacris
3464 2948 3580 3003 Lit-

1991 3046 2124 3100 teris
2177 3044 2451 3115 proditum
2501 3052 2606 3097 est.
2692 3041 2866 3098 Porro
2928 3041 3241 3112 apostolica:
3295 3042 3581 3097 sententiae

1991 3135 2412 3210 profunditatem
2446 3133 2538 3190 hic
2578 3134 2868 3205 diligenter
2904 3133 3154 3189 observa.
3204 3152 3224 3185 ι
3259 3132 3372 3189 Non
3410 3133 3580 3190 babe-

1994 3244 2155 3294 mus,
2205 3227 2422 3296 inquit,
2468 3225 2780 3298 pontiﬁcem
2836 3226 2926 3294 qui
2971 3239 3078 3280 non
3122 3227 3300 3296 possit
3343 3226 3580 3294 compati

1993 3321 2400 3378 inﬁrmitatibus
2445 3319 2671 3379 nostris.
2712 3327 2980 3371 tentatum
3023 3326 3201 3370 autem
3258 3331 3356 3387 per
3397 3320 3581 3372 omnia

1992 3414 2293 3471 secundum
2347 3410 2762 3467 similitudinem
2812 3407 3019 3478 absque
3075 3418 3320 3478 peccato.
3357 3427 3376 3462 ι
3414 3407 3578 3480 159

1994 3501 2323 3568 Antequam,
2365 3496 2462 3561 ait,
2513 3495 2605 3550 Dei
2659 3493 2895 3548 Verbum
2946 3492 3111 3548 homo
3157 3491 3361 3548 factum
3409 3503 3578 3557 esset,

2000 3589 2253 3644 humana:
2279 3596 2464 3641 tamen
2490 3593 2694 3637 natura:
2719 3581 3086 3637 inﬁrmitatem
3115 3591 3366 3650 tanquam
3397 3598 3578 3640 rerum

1997 3679 2261 3735 Conditor
2307 3687 2502 3733 exacte
2544 3675 2881 3745 exploratam
2926 3675 3180 3732 habebat.
3215 3669 3236 3726 ὰ
3268 3675 3385 3746 Ipse
3409 3677 3582 3745 enim,

1998 3784 2060 3828 ut
2093 3771 2359 3842 scriptum
2393 3781 2497 3836 est,
2537 3770 2855 3841 ﬁgmentum
2895 3778 3139 3823 nostrum
3179 3770 3438 3841 cognovit
3455 3770 3524 3827 "'.
3557 3791 3578 3822 ι

2001 3865 2356 3922 Verumenim
2395 3879 2544 3930 vero,
2611 3872 2671 3919 ut
2703 3863 2942 3920 maxime
2985 3871 3194 3932 nosset,
3231 3863 3469 3920 nondum
3499 3873 3586 3919 ta-

2002 3975 2127 4014 men
2177 3963 2260 4028 (ut
2312 3957 2516 4028 aliquid
2578 3957 2796 4012 interim
2856 3956 3154 4012 humanum
3200 3957 3360 4014 nobis
3407 3957 3476 4014 de
3517 3972 3586 4015 eo

2001 4053 2327 4123 depromere
2360 4049 2566 4118 liceat),
2601 4050 2862 4118 nondum,
2903 4050 3148 4122 inquam,
3187 4061 3404 4107 nostros
3434 4066 3588 4108 mor-

2003 4143 2107 4200 bos
2159 4142 2494 4214 experientia
2541 4153 3002 4212 coguoveratzat
3047 4159 3178 4199 vero
3231 4154 3587 4216 posteaquam

2004 4250 2227 4292 carnem
2264 4243 2506 4290 nostram
2541 4234 2736 4300 induit,
2764 4235 2947 4290 omnia
2982 4245 3241 4308 expertus
3270 4247 3375 4293 est.
3400 4237 3589 4308 Neque

2010 4338 2189 4384 tamen
2239 4325 2475 4383 dicimus
2539 4337 2699 4382 antea
2749 4330 3046 4399 quidquam
3120 4329 3346 4385 omnino
3394 4345 3587 4386 eorum

2006 4419 2249 4475 omnium
2286 4418 2590 4490 ignorasse,
2618 4418 2713 4476 sed
2749 4420 2999 4478 scientia:
3034 4420 3232 4477 divina
3262 4437 3422 4492 quam
3448 4422 3591 4477 ohti-

2010 4511 2194 4576 nebat,
2220 4525 2343 4566 eam
2370 4525 2588 4580 quoque
2621 4511 2894 4575 notitiam,
2929 4527 3090 4580 quam
3119 4510 3274 4568 aﬂert
3299 4515 3590 4584 experieno

2011 4603 2109 4667 tia,
2161 4616 2488 4657 accessussc.
2561 4600 2746 4672 Itaque
2797 4601 2891 4657 Dei
2952 4601 3191 4657 Verbum
3238 4603 3442 4658 factum
3505 4612 3594 4658 est

2009 4695 2388 4766 compatiens,
2448 4709 2553 4747 non
2591 4694 2736 4763 quod
2786 4707 2906 4747 eam
2953 4693 3316 4764 sympathiam
3363 4709 3430 4750 ex
3475 4693 3591 4764 ipsa

320 4791 446 4854 τοὺς
494 4790 776 4861 οὐρανοὺς,
825 4785 1155 4857 ἡττωμένων
1219 4784 1461 4855 δηλονότι
1518 4785 1611 4837 καὶ
1675 4784 1886 4837 κατόπιι

2010 4792 2228 4846 demum
2263 4789 2566 4844 tentatione
2590 4787 2674 4843 vel
2699 4787 3037 4856 experientia
3064 4788 3422 4857 assumpserit
3449 4789 3594 4857 (erat

323 4884 511 4936 ἰόντων
556 4880 657 4950 τῆς
711 4878 871 4950 δόξης
926 4876 1095 4932 αὐτοῦ
1143 4875 1254 4928 τῶν
1302 4874 1589 4947 μακαρίων
1633 4875 1901 4943 ἀγγέλων.

326 4977 484 5029 Ἔστι
522 4974 653 5044 γὰρ,
690 4992 709 5025 ι
747 4972 896 5026 ἔστιν
927 4971 1000 5035 ὡς
1045 4970 1178 5034 Θεὸς
1204 4969 1458 5040 ὑπεράνω
1492 4969 1673 5038 πάσης
1704 4967 1906 5039 ’Λρχῆς

325 5067 420 5121 καὶ
452 5065 728 5132 Ἐξουσίας
753 5083 814 5119 τε
844 5065 939 5118 καὶ⁵
963 5063 1320 5133 κυριότητος,
1351 5064 1446 5115 καὶ
1475 5061 1674 5124 παντὸς
1703 5061 1906 5130 ὀνόμα-

323 5177 411 5224 τος
439 5157 864 5230 ὀνομαζομένου,
896 5158 1006 5210 εἴτε
1041 5157 1100 5210 ὲν
1144 5156 1222 5224 τῷ
1268 5156 1423 5208 αἰῶνι
1465 5153 1660 5224 τούτῳ,
1702 5154 1811 5206 εἴτε
1847 5155 1904 5205 ἐν

325 5251 402 5323 τῷ
433 5241 702 5322 μέλλοντι.
735 5270 754 5302 ι
805 5248 1120 5320 Συνεδρεύει
1154 5249 1263 5317 γάρ
1291 5248 1365 5310 ὡς
1396 5247 1523 5310 Υἱὸς
1548 5246 1625 5316 τῷ
1651 5245 1764 5316 ἰδίῳ
1790 5246 1900 5299 Πα-

395 5406 444 5440 ⁷³
477 5403 639 5461 llebr.
667 5421 743 5469 tv,
783 5405 868 5470 Η,
901 5403 982 5457 l5.

2009 4881 2157 4936 enim
2184 4880 2297 4952 jam
2349 4889 2476 4934 ante
2504 4888 2560 4933 et
2607 4887 2693 4935 est
2725 4887 2918 4949 suapte
2949 4886 3141 4933 natura
3185 4877 3498 4934 misericors
3534 4889 3594 4933 ut

2013 4971 2203 5042 Deus),
2237 4973 2331 5027 sed
2375 4973 2501 5042 quia
2537 4969 2887 5042 posteaquam
2926 4971 3028 5026 hoc
3054 4969 3230 5038 ipsum
3261 4969 3406 5041 quod
3445 4979 3590 5033 erat,

2011 5071 2330 5119 constanter
2363 5078 2611 5126 manens,
2654 5061 2856 5116 factum
2887 5071 2973 5117 est
3015 5061 3180 5117 etiam
3222 5061 3386 5118 homo
3416 5063 3590 5117 nostri

2011 5154 2231 5221 similis,
2270 5167 2334 5208 ea
2380 5163 2507 5224 apte
2551 5155 2720 5209 etiam
2757 5155 2825 5211 de
2858 5153 2947 5206 illo
2989 5151 3332 5207 aﬂirmautur
3376 5167 3496 5222 quae
3536 5153 3590 5206 iu

2015 5253 2266 5300 naturam
2307 5246 2598 5301 humanam
2631 5247 2980 5302 conveniunt.
3024 5245 3232 5300 Dicitur
3259 5259 3385 5302 vero
3422 5245 3592 5301 cados

1059 5403 1180 5434 τι-τε
1215 5403 1255 5457 ll
1285 5402 1406 5457 Cor.
1442 5401 1614 5464 ",15.
1690 5398 1737 5431 '"
1775 5399 1920 5455 Psal.
1949 5415 2046 5465 cn,
2080 5401 2167 5456 N-

1437 5559 1610 5615 ναι-ξω
1643 5558 1908 5616 lectiones
1938 5559 2146 5616 codicas
2180 5560 2543 5632 Seguieriani.

401 5711 431 5741 ν
463 5703 782 5758 βεοπιεπεῖ.

650 5797 920 5859 Ρετιιοι..
970 5797 1086 5859 Gn.
1151 5795 1404 5857 LXXVI.

3195 5793 3276 5858 44
