4000 6326
510 209 653 265 1587
1504 210 1557 264 S.
1605 205 1884 264 CYRILLI
1925 204 2395 262 ALEXANDRINI
2437 204 2747 263 ARCIIIEP.

507 335 825 396 penetrasse
865 333 920 379 et
971 324 1330 394 corporaliter
1371 324 1527 377 simul
1569 333 1625 376 et
1667 324 1922 376 decenter
1954 321 2081 375 Deo.

2203 322 2306 392 τρὶ,
2340 322 2433 374 καὶ
2464 322 2512 373 εἰ
2543 321 2728 390 γέγονε
2764 318 2883 371 καθ’
2917 317 3062 388 ἡμᾶς
3086 315 3439 385 οἰκονομικῶς

507 417 643 471 Nam
677 414 1197 486 utsapientissimus
1220 412 1415 466 Paulus
1443 422 1643 475 monet,
1686 432 1702 463 ι
1733 413 2013 477 Ascendit,
2048 418 2106 465 ιιι
2141 423 2397 483 appareat
2462 429 2605 467 nunc
2624 412 2790 466 vultui
2822 411 2912 465 Dei
2955 426 3052 480 pro
3075 409 3232 464 nobis
3252 410 3321 462 '".
3355 427 3373 461 ι
3411 407 3547 476 Quin
3567 419 3617 465 et
3640 410 3726 464 alio

506 525 721 580 quoque
767 525 931 564 sensu
989 508 1158 564 ccelos
1210 509 1608 563 transcendisse
1652 508 1886 573 dicitur,
1937 509 2078 575 quod
2119 508 2401 563 beatorum
2445 509 2762 574 angelorum
2832 507 3059 576 gloriam
3112 503 3273 574 longo
3304 515 3426 573 post
3490 520 3548 560 se
3584 507 3703 560 inter

507 605 650 659 vallo
692 604 975 673 reliquisse
1008 613 1159 658 certo
1207 603 1559 673 dignoscatur
1595 621 1607 655 :
1641 602 2076 671 quandoquidem
2118 612 2177 657 ut
2216 604 2357 658 Deus
2389 622 2409 655 ι
2439 604 2616 673 Super
2637 617 2853 658 omnem
2886 612 2968 657 est
2998 600 3369 671 Principatum
3438 609 3493 654 et
3516 599 3726 656 Potesta-

509 709 616 753 tern
650 708 705 751 et
732 696 1190 758 Dominationem,
1216 706 1271 750 et
1302 710 1467 751 ornne
1533 710 1729 749 nomen
1771 696 1915 764 quod
1958 696 2268 751 nominatur
2335 712 2440 752 non
2485 697 2659 752 solum
2701 699 2753 752 in
2804 697 2908 752 hoc
2977 693 3197 759 saeculo,
3245 693 3339 747 sed
3381 691 3544 745 etiam
3586 692 3632 745 in
3660 692 3727 745 Iu-

509 801 629 846 turo
649 790 714 845 ".
748 809 767 842 ι
827 788 961 843 Nam
1008 797 1067 842 ut
1108 787 1277 843 Filius
1312 798 1561 842 eamdem
1616 803 1739 842 cum
1783 788 1947 845 Patre
1990 804 2088 845 suo
2126 791 2355 860 gloriam
2412 800 2467 845 et
2535 800 2858 859 potestatem
2935 789 3163 849 obtinet.
3211 786 3425 842 etiamsi
3490 787 3729 856 dispensa-

3612 201 3728 261 I588

508 885 648 940 torie
678 883 851 937 nostri
881 882 1075 938 similis
1106 882 1285 938 Iactus
1318 883 1409 937 sit.

576 972 868 1029 XXXVIII.
914 992 934 1025 ι
963 972 1074 1029 Nec
1110 973 1399 1042 quisquam
1448 974 1613 1027 sumit
1654 974 1757 1029 sibi
1802 975 2087 1042 honorem,

506 1069 601 1124 sed
649 1068 742 1138 qui
800 1077 1028 1121 vocatur
1081 1081 1109 1118 a
1152 1065 1286 1132 Deo,
1340 1074 1596 1135 tanquam
1646 1066 1852 1122 Aaron.
1900 1065 1991 1121 Sic
2033 1076 2089 1121 et

506 1161 759 1216 Christus
804 1173 908 1213 non
960 1156 1283 1212 clariﬁcavit
1325 1158 1679 1227 semetipsum
1733 1167 1792 1212 ut
1842 1157 2084 1227 pontifex

452 1303 456 1308 .
508 1254 685 1319 Iieret,
720 1250 813 1306 sed
851 1250 943 1320 qui
976 1250 1192 1306 locutus
1220 1257 1307 1305 est
1347 1249 1414 1304 ad
1442 1264 1565 1305 eum
1596 1266 1611 1303 :
1641 1248 1812 1304 Filius
1843 1264 1999 1304 meus
2028 1264 2088 1303 es

508 1353 587 1409 tu,
636 1357 736 1412 ego
778 1341 937 1396 hodie
964 1340 1126 1411 genui
1170 1349 1223 1394 te
1242 1341 1311 1394 τ’.
1344 1358 1363 1392 ι
1408 1340 1783 1409 ριιί,εθὶρςιιιιι
1832 1339 1978 1395 ultro
2018 1342 2085 1394 ad

507 1434 931 1490 exinanitionem
970 1432 1285 1499 demiserat,
1332 1432 1380 1486 is
1416 1442 1698 1501 paternam
1744 1431 2085 1485 vocationem

508 1529 576 1581 ad
624 1527 879 1581 usitatam
934 1524 1291 1594 apprimeque
1334 1524 1750 1579 convenientem
1797 1520 2087 1577 sacerdotii

2263 976 2394 1028 ΑΠ’.
2446 994 2463 1026 ι
2495 975 2607 1028 Καὶ
2637 975 2737 1044 οὐχ
2776 974 2953 1045 ἑαυτῷ
2999 992 3081 1036 τις
3130 972 3401 1042 λαμϐάνει
3444 971 3538 1041 τὴν
3575 973 3729 1041 τιμὴν.

2190 1068 2307 1122 ἀλλ’
2344 1069 2373 1121 6
2399 1068 2733 1139 καλούμενος
2760 1069 2864 1121 ὑπὸ
2886 1068 2981 1121 τοῦ
3006 1067 3162 1131 Θεοῦ,
3195 1067 3385 1135 ὥσπερ
3415 1067 3507 1117 καὶ
3538 1067 3729 1137 Ἀαρών.

2192 1160 2347 1214 Οῦτω
2382 1160 2476 1215 καὶ
2527 1164 2555 1215 6
2606 1161 2841 1231 Χριστὸς
2872 1161 2969 1231 οὐχ
3002 1160 3194 1212 ἑαυτὸν
3234 1159 3454 1222 ἐδόξασε
3480 1159 3732 1229 γενηθῆναι

2190 1254 2481 1326 ἀρχιερεὺς
2500 1262 2548 1319 ι,
2582 1254 2698 1307 ἀλλ’
2727 1257 2756 1307 6
2802 1254 3040 1324 λαλήσας
3092 1252 3228 1323 πρὸς
3272 1251 3436 1304 αὐτόν
3457 1268 3469 1278 ·
3512 1251 3623 1313 Υἱός
3653 1269 3731 1316 μου

2192 1345 2245 1400 εἰ
2278 1350 2364 1410 σὺ,
2391 1346 2502 1416 ἐγὼ
2533 1349 2776 1418 σήμερον
2806 1346 3113 1417 γεγέννηκά
3143 1362 3224 1398 σε.
3248 1363 3266 1396 ι
3287 1345 3345 1396 ’0
3368 1342 3551 1407 καθεὶς
3577 1343 3732 1396 ἑαυτὸν

2192 1440 2272 1502 εἰς
2298 1439 2549 1502 κένωσιν,
2583 1438 2868 1510 περιμένει
2898 1439 3092 1509 κλῆσιν
3129 1440 3229 1507 τὴν
3251 1438 3316 1491 ἐκ
3344 1436 3555 1508 Πατρὸς
3581 1438 3730 1507 φέρου-

2196 1539 2340 1585 σαν]
2387 1533 2466 1595 εἰς
2519 1531 2819 1602 ἱερωσύνην
2852 1531 2935 1584 ὅτι
2976 1531 3040 1602 δὴ
3093 1530 3327 1601 μάλιστα
3354 1529 3559 1601 συνήθη
3585 1547 3635 1583 τε
3661 1533 3732 1584 καὶ

508 1619 845 1674 [unctionem
871 1616 1159 1672 ducentem
1198 1618 1516 1688 opperitur;
1550 1616 1966 1672 convenientem
1995 1632 2091 1669 au—

2203 1623 2674 1696 πρεπωδεστάτην,
2699 1623 2761 1676 ού
2792 1626 2857 1695 τῇ
2895 1622 3063 1676 αὑτοῦ
3094 1622 3253 1692 φύσει
3284 1622 3508 1690 μᾶλλον,
3535 1622 3650 1675 ἀλλὰ
3683 1625 3731 1691 τῇ

510 1722 619 1766 tem
666 1726 775 1767 non
809 1727 921 1766 sua:
955 1710 1126 1779 ipsius
1162 1720 1404 1777 natura,
1455 1711 1548 1766 sed
1596 1719 1818 1776 nostraz,
1871 1710 1974 1764 hoc
2008 1718 2092 1763 est

484 1790 785 1868 humanae,
823 1818 986 1873 quam
1043 1804 1135 1858 ubi
1172 1804 1436 1870 integram
1485 1803 1803 1870 assumpsit,
1852 1817 1972 1871 qua:
2015 1801 2088 1855 illi

510 1895 840 1949 conveniunt
871 1894 1133 1964 suscepit,
1156 1894 1364 1948 nullum
1403 1894 1621 1949 interim
1652 1895 1952 1950 secundum
1989 1909 2091 1947 na-

513 1998 689 2042 turam
734 1986 1009 2057 propriam
1057 1985 1443 2041 detrimentum
1479 1986 1773 2056 accipiens,
1834 1986 1930 2040 sed
1976 1985 2089 2039 dis-

509 2077 830 2149 pensatione
862 2079 1160 2133 secundum
1183 2092 1403 2133 carnem
1424 2078 1557 2132 scite
1597 2079 2094 2144 convenienterque

511 2182 691 2227 utens.
739 2171 814 2227 Ut
867 2170 921 2225 id
975 2170 1119 2224 enim
1162 2170 1305 2239 quod
1357 2178 1495 2233 erat,
1548 2171 1651 2224 hoc
1703 2177 1787 2223 est
1834 2169 2094 2223 Dominus

511 2264 807 2318 secundum
859 2270 1109 2316 naturam
1156 2263 1497 2331 permansit,
1557 2261 1775 2316 etiamsi
1836 2259 2093 2314 servilem

514 2352 743 2406 formam
800 2351 1096 2406 subiisset:
1129 2352 1203 2405 ita
1260 2352 1610 2421 quantumvis
1663 2352 1982 2406 innumeros
2038 2350 2093 2403 in

512 2445 651 2499 celo
681 2444 1112 2515 lﬁOhaberet,
1135 2445 1226 2513 qui
1256 2447 1487 2514 hymnos
1518 2444 1834 2513 laudesque,
1860 2444 1963 2498 hoc
1987 2453 2090 2507 est,

511 2536 780 2604 Spiritalia
823 2536 1215 2605 incruentaque
1263 2535 1533 2591 sacriﬁcia
1569 2535 1646 2590 illi
1680 2536 1961 2600 olIerrent,
2013 2537 2091 2589 ni-

513 2629 808 2682 hilominus
832 2642 953 2697 quae
992 2629 1242 2683 humanae
1272 2638 1481 2683 natura:
1508 2631 1840 2682 conveniunt
1883 2626 2094 2682 eidem-

512 2737 618 2791 que
661 2732 1029 2776 consentanea
1082 2730 1232 2788 sunt,
1263 2738 1532 2793 nusquam
1572 2738 1676 2778 DOII
1713 2723 1927 2791 integre
1961 2736 2097 2776 COII'

513 2826 763 2877 servans,
828 2811 1124 2865 humanum
1172 2827 1388 2883 quoque
1441 2812 1810 2868 sacerdotium
1859 2825 1966 2866 non
2013 2821 2097 2865 est

512 2913 862 2974 aspernatus.
917 2900 1156 2958 Vocatus
1200 2917 1286 2959 est
1334 2905 1521 2974 itaque
1570 2915 1630 2959 ut
1675 2905 1879 2968 Aaron,
1934 2904 2095 2957 modo

2196 1714 2319 1768 καθ’
2351 1716 2520 1785 ἡμᾶς,
2548 1714 2796 1767 τουτέστι
2825 1716 2893 1785 τῇ
2925 1713 3276 1785 ἀνθρωπίνῃ·
3306 1706 3376 1783 ἧς
3407 1711 3624 1781 ἐπείπερ
3649 1712 3732 1774 ἴσος

2195 1808 2439 1876 γέγονεν,
2475 1805 2740 1877 ὑπομένει
2797 1805 2867 1859 τὰ
2912 1804 3107 1889 αὐτῆς,
3151 1803 3509 1874 ἀδικούμενος
3533 1802 3731 1857 ἐντεῦθεν

2194 1900 2255 1953 τὸ
2294 1899 2515 1969 σύμπαν
2544 1899 2719 1961 οὐδὲν,
2761 1898 3032 1970 εὐτέχνως
3062 1896 3119 1949 δὲ
3153 1896 3354 1967 μᾶλλον
3383 1899 3449 1967 τῇ
3485 1895 3610 1966 μετὰ
3631 1912 3731 1966 σαρ-

2165 2041 2176 2051 ,
2197 1991 2290 2052 κὸς
2308 1990 2592 2061 οἰκονομίᾳ
2616 1989 3141 2061 χρώμενος.”Ωσπερ
3161 1988 3269 2058 γὰρ
3294 1986 3392 2041 καὶ
3419 1986 3478 2039 τὸ
3499 1986 3591 2057 τὴν
3611 1985 3733 2054 φύσιν

2196 2081 2403 2153 Κύριος
2442 2081 2518 2135 ὢν
2573 2082 2884 2154 μεμένηκεν
2918 2081 3054 2150 ὅπερ
3090 2075 3180 2150 ἦν,
3222 2081 3317 2134 καὶ
3369 2080 3418 2132 εἰ
3463 2079 3659 2146 γέγονεν
3692 2078 3733 2127 ἐν

2194 2177 2261 2246 τῇ
2293 2174 2386 2227 τοῦ
2418 2174 2604 2228 δούλου
2636 2177 2820 2245 μορφῇ
2841 2191 2857 2206 ο
2879 2173 3022 2226 οὕτω
3054 2174 3234 2243 φαμὲν
3257 2174 3339 2226 ὅτι
3361 2172 3535 2226 καίτοι
3555 2170 3732 2241 μυρίους

2197 2267 2336 2336 ἔχων
2357 2269 2413 2320 ἐν
2438 2266 2653 2337 οὐρανῷ
2677 2268 2803 2329 τοὺς
2830 2265 3247 2337 ίερουργοῦντας
3273 2264 3448 2335 αύτῷ,
3467 2264 3561 2327 τὰς
3583 2261 3734 2333 νοητὰς

2197 2357 2438 2427 δηλονότι
2478 2358 2572 2410 καὶ
2600 2356 2973 2426 ἀναιμάκτους
3003 2354 3213 2419 θυσίας,
3249 2354 3457 2425 ὕμνους
3498 2354 3585 2405 καὶ
3620 2352 3732 2415 6030-

2197 2447 2404 2515 λογίας,
2425 2448 2521 2499 καὶ
2547 2446 2645 2517 τὴν
2671 2447 2792 2499 καθ’
2809 2447 2960 2517 ἡμᾶς
2982 2444 3284 2517 ἱερωσύνην
3312 2447 3537 2498 ποιεῖται
3561 2443 3728 2511 δεκτήν,

2198 2539 2497 2601 ἀποσώζων
2527 2537 2803 2609 πανταχοῦ
2832 2540 2947 2602 τοῖς
2975 2540 3071 2609 τῆς
3104 2539 3526 2609 ἁνθρωπότητος
3559 2537 3730 2607 μέτροις

2197 2627 2266 2681 τὰ
2312 2629 2596 2695 πρέποντά
2636 2645 2695 2681 τε
2731 2630 2824 2682 καὶ
2857 2629 3073 2682 ἐοικότα
3103 2629 3261 2699 αὐτῇ.
3293 2627 3579 2697 Κέκληται-
3596 2624 3731 2676 τοίνυν

2200 2717 2342 2770 καθά
2363 2719 2456 2770 καὶ
2484 2718 2717 2789 Ἀαρὼν,
2737 2718 2875 2789 πλὴν
2900 2719 3001 2772 οὐκ
3030 2720 3087 2771 ἐν
3112 2719 3211 2787 ἴσῳ
3237 2718 3445 2789 τρόπῳ.
3463 2716 3517 2769 Ὀ
3549 2715 3633 2784 μὲν
3652 2714 3730 2783 γάρ

2199 2809 2412 2877 ὲχρίετο
2457 2808 2595 2879 πρὸς
2642 2809 2976 2880 ἱερουργίαν,
3009 2811 3103 2861 καὶ
3142 2804 3211 2879 ἦν
3260 2808 3512 2877 οἰκέτης·
3543 2807 3570 2858 ὁ
3604 2805 3650 2858 δὲ
3678 2804 3729 2865 ὡς

2196 2902 2246 2954 .Υ
2252 2902 2331 2964 ἰὸς
2363 2901 2631 2966 καλεῖται,
2668 2901 2761 2954 καλ⁵
2798 2901 2939 2954 κατά
2988 2901 3085 2972 τὴν
3138 2900 3292 2967 τάξιν
3322 2898 3637 2968 Μελχισεδὲκ
3676 2897 3729 2948 ἰε-

516 3007 695 3050 tamen
727 2995 997 3052 dissimili.
1030 2995 1124 3051 Ille
1150 2996 1293 3049 enim
1320 3006 1579 3068 tanquam
1604 3010 1795 3052 servus
1842 2997 2096 3051 inunctus

2203 2995 2427 3063 ρουργεί
2461 2991 2538 3061 τῷ
2586 2993 2780 3061 Πατρί.
2829 2992 2938 3045 Καὶ
2972 2993 3064 3045 τόν
3099 3009 3162 3059 γε
3196 2991 3296 3062 τῆς
3353 2989 3643 3062 ἱερουργίας
3671 2987 3731 3050 ἐξ·

515 3104 600 3148 est
649 3094 715 3147 ad
765 3092 1168 3157 ministerium;
1206 3093 1295 3147 hic
1329 3107 1460 3149 vero
1505 3094 1803 3148 secundum
1850 3091 2098 3146 ordinem

516 3183 878 3239 Melchisedec
907 3194 1240 3252 assumptus,
1274 3192 1531 3253 tanquam
1560 3182 1732 3238 Filius
1754 3182 2102 3238 administrat

516 3275 686 3329 Patri.
720 3273 1088 3329 Sacerdotalis
1112 3288 1275 3344 porro
1308 3272 1604 3328 ministerii
1635 3272 1852 3326 modum
1885 3270 2100 3325 divinus

517 3365 747 3431 Paulus,
801 3365 869 3419 de
916 3365 1140 3421 Christo
1207 3366 1451 3420 omnium
1519 3372 1765 3419 nostrum
1820 3361 2101 3417 Salvatorc

520 3456 794 3519 scribens,
847 3455 989 3510 hunc
1022 3455 1076 3509 in
1123 3454 1340 3510 modum
1381 3455 1647 3524 exponit:
1677 3471 1697 3504 ι
1722 3452 1824 3518 Qui
1865 3466 1973 3507 non
2013 3466 2102 3505 se-

518 3549 758 3603 cundum
807 3547 978 3619 legem
1059 3546 1301 3601 mandati
1346 3545 1583 3601 carnalis
1628 3545 1803 3601 factus
1846 3553 1957 3609 est,
2006 3543 2102 3599 sed

523 3641 820 3694 secundum
856 3640 1109 3693 virtutem
1142 3639 1264 3693 vitae
1306 3636 1701 3693 indissolubilis
1723 3636 1791 3689 ⁸ο.
1823 3655 1842 3689 ι
1875 3635 1972 3691 Est
2003 3636 2103 3689 ita-

521 3746 628 3802 que
679 3730 970 3787 sacerdotii
1007 3729 1150 3785 illius
1194 3730 1331 3785 ritus
1373 3729 1481 3783 ritu
1525 3728 1803 3783 Aaronico
1844 3726 1963 3781 sine
1992 3726 2102 3780 ulla

523 3823 933 3894 comparatione
968 3821 1333 3892 praestantior.
1358 3820 1493 3874 Nam
1516 3819 1622 3875 etsi
1654 3820 1746 3875 ille
1766 3818 1832 3873 ad
1848 3818 2107 3873 sacerdos

524 3916 662 3968 tium
691 3922 917 3967 vocatus
965 3922 1069 3976 est,
1106 3922 1370 3977 attamen,
1421 3922 1479 3965 ut
1525 3914 1683 3967 modo
1717 3911 1951 3976 aiebam,
1989 3919 2108 3965 erat

525 4022 760 4072 servus;
802 4006 889 4060 hic
932 4021 1062 4062 vero
1114 4006 1166 4060 in
1214 4020 1281 4061 eo
1325 4020 1542 4075 quoque
1587 4015 1731 4061 statu
1784 4004 1899 4059 Dei
1927 4003 2108 4058 Patris

527 4099 699 4154 Filius
735 4109 877 4162 erat,
912 4108 1105 4153 natura
1144 4099 1364 4168 quidem
1415 4109 1727 4167 aiternaque
1760 4097 2110 4169 generatione

528 4198 586 4245 ut
643 4190 787 4246 Deus
829 4200 885 4246 et
924 4189 1197 4257 Verbum;
1250 4200 1309 4244 ut
1352 4201 1554 4246 nostrae
1604 4204 1734 4244 vero
1780 4186 2107 4243 conditionis

530 4284 690 4338 homo
729 4282 1027 4338 secundum
1075 4281 1425 4337 novissimam
1483 4282 1536 4335 in
1590 4296 1757 4337 carne
1802 4279 2109 4351 generatio-

2202 3087 2418 3154 ηγείται
2450 3085 2650 3153 τρόπον
2692 3086 2720 3137 6
2763 3084 3049 3147 Θεσπέσιος
3100 3083 3335 3149 Παῦλος,
3367 3083 3464 3137 ὡδὶ
3495 3081 3729 3153 γεγραφὼς

2204 3176 2332 3246 περὶ
2380 3176 2472 3229 τοῦ
2519 3176 2737 3230 πάντων
2783 3176 2939 3246 ἡμῶν
2970 3177 3223 3247 Σωτῆρος
3252 3176 3522 3246 Χριστοῦ·
3557 3174 3665 3235 (Ὃς
3688 3172 3729 3223 οὐ

2206 3268 2351 3322 κατά
2401 3270 2565 3338 νόμον
2615 3268 2835 3338 ἐντολῆς
2884 3270 3147 3339 σαρκίνης
3198 3267 3447 3336 γέγονεν,
3475 3266 3599 3321 ἀλλὰ
3627 3265 3730 3318 κατὰ

2204 3360 2435 3431 δύναμιν
2486 3360 2633 3429 ζωῆς
2690 3361 3054 3413 ἀκαταλύτου.
3094 3380 3112 3412 ›
3173 3358 3392 3415 Οὐκοῦν
3446 3358 3729 3429 ἁσυγκρίτως

2207 3451 2447 3522 ἀμείνων
2487 3454 2515 3504 6
2560 3452 2660 3519 τῆς
2701 3452 3014 3522 ἱερουργίας
3054 3452 3273 3524 τρόπος.
3338 3454 3449 3507 Καὶ
3481 3455 3508 3506 6
3543 3452 3641 3523 μὲν,
3679 3449 3728 3506 ὡς

2207 3543 2363 3612 ἔφην,
2390 3544 2608 3613 οἰκέτης
2637 3539 2726 3613 ἦν,
2755 3544 2933 3596 καίτοι
2966 3544 3302 3615 κεκλημένος
3337 3546 3418 3609 εἰς
3458 3542 3727 3615 ἱερωσύνην·

2208 3637 2236 3687 6
2263 3635 2320 3688 δὲ
2353 3637 2447 3688 καὶ
2475 3634 2647 3697 οὓτως
2686 3633 2813 3697 Υἱὸς
2845 3633 2939 3687 τοῦ
2980 3634 3116 3688 Θεοῦ
3166 3635 3261 3688 καὶ
3299 3635 3532 3706 Πατρὺς,
3560 3633 3625 3695 ὡς
3662 3631 3729 3701 μὲν

2210 3728 2371 3796 φύσει
2400 3728 2531 3793 Θεὸς
2556 3730 2651 3784 καὶ
2678 3729 2851 3798 Λόγος
2882 3729 3021 3782 κατὰ
3049 3728 3147 3799 τὴν
3168 3727 3492 3797 προαιώνιον
3511 3725 3728 3795 γέννησιν·

2208 3817 2284 3882 ὡς
2321 3817 2380 3871 δὲ
2408 3818 2693 3888 ἄνθρωπος
2724 3819 2847 3873 καθ’
2875 3820 3025 3889 ἡμᾶς
3053 3817 3195 3871 κατά
3239 3817 3339 3887 τὴν
3385 3815 3636 3883 νεωτάτην
3665 3818 3729 3864 aut

2212 3910 2495 3981 ἔνσαρκον,
2520 3906 2587 3982 ἧς
2618 3911 2787 3982 ἂνεῖη
2815 3911 3083 3965 δεικτικὸν
3121 3912 3215 3964 καὶ
3245 3911 3326 3976 τὸ,
3358 3909 3626 3980 σήμερον·
3649 3922 3729 3958 και-

2217 4001 2307 4072 ρδν
2357 4002 2463 4072 γὰρ
2513 4004 2645 4072 ἡμῖν
2692 4004 2948 4075 σημαίνει
2975 4004 3067 4058 τὸν
3101 4004 3453 4072 ἐνεστηκότα.
3481 3997 3728 4055 Οἰκειοῦται

2213 4096 2278 4167 δὴ
2319 4092 2413 4149 οὖν
2456 4098 2549 4150 καὶ
2596 4098 2694 4167 τὴν
2732 4098 3003 4169 σαρκικὴν
3032 4097 3198 4152 αὑτοῦ
3228 4099 3480 4166 γέννησιν
3503 4097 3528 4147 6
3555 4091 3726 4169 mihi?

2213 4185 2321 4241 οἶδε
2352 4189 2480 4259 γὰρ,
2515 4186 2655 4242 οἶδεν
2693 4168 2820 4244 ἴδιον
2850 4168 2978 4244 ὄντα
3014 4191 3136 4244 Υἱὸν
3154 4190 3245 4243 τὸν
3274 4190 3337 4253 ἐξ
3363 4186 3544 4242 ἑαυτοῦ
3566 4168 3728 4240 θείκῶςν

2215 4281 2310 4334 καὶ
2338 4281 2403 4334 ἐκ
2428 4282 2687 4349 γυναικὸς
2712 4283 3085 4353 ἀνθρωπίνως.

528 4391 673 4441 nem,
697 4391 818 4446 quae
848 4390 943 4444 per
967 4374 1119 4441 illud,
1151 4376 1325 4441 hodie,
1353 4376 1494 4444 quod
1524 4376 1811 4444 praesentis
1846 4375 2103 4445 temporis
2143 4384 2267 4429 nota
2310 4375 2550 4438 exsistit,
2592 4376 2781 4429 .nobis
2847 4377 3223 4430 adumbratur.
3258 4373 3428 4444 Igitur
3455 4373 3599 4427 Pater
3630 4364 3730 4422 nali-

526 4467 748 4520 vitatem
799 4466 852 4520 in
902 4481 1066 4522 carne
1105 4468 1173 4522 ad
1217 4482 1278 4523 se
1327 4480 1543 4537 quoque
1612 4466 1888 4535 pertinere
1950 4469 2178 4538 judicat,
2220 4479 2488 4537 quatenus
2540 4467 2688 4522 illum
2743 4485 2898 4523 suum
2957 4469 3203 4539 agnoscit
3247 4467 3445 4522 Filium
3494 4462 3727 4521 secundum

527 4557 766 4613 divinam
799 4557 1019 4627 quidem
1068 4565 1318 4612 naturam
1370 4571 1437 4613 ex
1486 4558 1625 4627 ipso,
1669 4559 1966 4612 secundum
2001 4542 2291 4612 humanam
2325 4572 2455 4612 vero
2496 4551 2565 4612 ex'
2592 4559 2835 4613 muliere.

597 4648 823 4704 XXXIX
861 4668 880 4701 ι
916 4648 1019 4715 Qui
1056 4650 1109 4704 in
1155 4650 1346 4705 diebus
1390 4650 1571 4705 carnis
1619 4665 1729 4705 suae
1762 4664 1952 4719 preces
1983 4663 2098 4718 sup'

2285 4648 2409 4702 ΛΘθ.
2449 4669 2467 4700 ι
2506 4651 2599 4712 ⁸·ος
2651 4651 2710 4703 ὲν
2757 4652 2877 4714 ταῖς
2916 4651 3157 4720 ἡμέραις
3205 4648 3305 4719 τῆς
3360 4646 3548 4719 σαρκὸς
3590 4636 3728 4696 αὲτοῦ.

530 4741 961 4812 plicationesque
1007 4741 1074 4795 ad
1130 4756 1277 4807 eum,
1329 4742 1417 4811 qui
1480 4742 1655 4811 possit
1708 4742 1855 4796 illum
1906 4741 2112 4796 salvum

532 4835 715 4890 facere
756 4849 787 4888 a
830 4844 1027 4899 morte,
1074 4849 1197 4888 cum
1246 4834 1486 4890 clamore
1534 4836 1715 4889 valido
1770 4844 1823 4889 et
1858 4834 2114 4905 Iacrymis

531 4925 790 4992 oﬂereus,
815 4926 1103 4981 evauditns
1143 4935 1224 4981 est
1251 4941 1349 4996 pro
1399 4942 1494 4981 sua
1539 4927 1863 4981 reverentia.
1898 4927 1963 4980 Et
1995 4926 2114 4995 qui-

533 5019 657 5076 dem
694 5033 817 5073 cum
857 5026 1003 5073 esset
1041 5018 1234 5083 Filius,
1296 5019 1485 5074 didicit
1530 5036 1594 5073 ex
1646 5020 1714 5074 iis
1754 5034 1874 5089 quae
1920 5033 2113 5089 passus

534 5120 621 5166 est
650 5110 1011 5165 obedientiam
1061 5127 1074 5164 :
1116 5121 1171 5165 et
1203 5119 1613 5166 consummatus
1650 5110 1830 5165 Iactus
1884 5120 1969 5165 est
2000 5124 2115 5164 om-

535 5201 696 5257 nibus
741 5200 1242 5271 obtemperantibus
1275 5203 1375 5257 sibi
1425 5217 1588 5257 causa
1637 5202 1827 5257 salutis
1873 5213 2114 5265 aeterna‘,

606 5352 653 5385 "
688 5352 853 5410 Hebr.
891 5372 973 5422 ιι,
999 5354 1089 5410 24.
1168 5356 1211 5387 ⁷⁸
1240 5356 1436 5424 Eplies.
1470 5373 1507 5423 ι,
1537 5355 1627 5409 21.

2224 4740 2435 4812 δεήσεις
2467 4760 2525 4795 τε
2556 4742 2650 4795 καὶ
2680 4742 2960 4814 ἱκετηρίας
2992 4743 3129 4813 πρὸς
3157 4742 3246 4794 τὸν
3274 4740 3560 4810 δυνάμενον
3587 4732 3729 4794 σώζειν

2224 4834 2386 4887 αὐτὸν
2420 4835 2483 4886 ὲκ
2531 4833 2786 4901 θανάτου,
2835 4835 2974 4906 μετά
3017 4833 3262 4906 κραυγῆς
3298 4832 3519 4904 ἰσχυρᾶς
3558 4827 3634 4880 καὶ
3664 4824 3730 4875 δα-

2223 4924 2407 4995 κρύων
2452 4925 2845 4994 προσενέγκας,
2884 4926 2977 4979 καὶ
3010 4921 3384 4986 εἰσακουσθεὶς
3430 4920 3531 4976 ἀπὸ
3558 4916 3641 4985 τῆς
3670 4910 3732 4963 εἶθ’

2223 5016 2464 5081 λαϐείας,
2505 5017 2708 5089 καίπερ
2737 5016 2812 5071 ὢν
2835 5018 2983 5084 Υἱὸς,
3006 5017 3235 5088 ἔμαθεν,
3262 5015 3357 5086 ἀφ’
3388 5006 3461 5067 ὧν
3480 5008 3642 5070 ἔπαθε,

2225 5109 2510 5180 ὑπακοήν·
2569 5112 2663 5163 καὶ
2713 5109 3022 5175 τελειωθεὶς
3073 5109 3293 5178 ἐγένετο
3353 5107 3483 5161 πᾶσι
3527 5104 3619 5163 τοίς
3659 5097 3731 5148 ὑπ·

2225 5199 2513 5254 ακούουσιν
2545 5202 2696 5272 αύτῴ
2732 5204 2904 5264 αἴτιος
2944 5203 3217 5273 σωτηρίας
3245 5200 3462 5256 αἰωνίου
3482 5216 3494 5229 ο
3519 5202 3730 5265 προσαγο-

1708 5354 1751 5385 ⁷⁹
1785 5354 1948 5412 llcbr.
1975 5369 2029 5424 v,
2067 5355 2121 5418 4,
2159 5353 2212 5408 5.
2292 5354 2337 5385 ⁸ο
2368 5355 2530 5413 Hebr.
2557 5372 2653 5421 vn,
2690 5358 2776 5412 16.

1639 5514 1815 5570 Varia:
1846 5515 2104 5572 lectiones
2134 5517 2337 5574 codicis
2374 5516 2729 5587 Seguieriani.

611 5660 643 5691 ι
670 5654 949 5724 ἀρχιερέα.
1030 5662 1057 5704 1
1091 5654 1485 5725 ἀποφέρουσαν.
