4000 6326
273 281 417 340 1389

1099 280 1188 331 Al)
1229 277 1531 332 REC‘IN'AS
1573 277 1658 330 DE
1691 274 1931 330 "RECTA
1969 274 2132 330 FIDE
2169 273 2431 331 ORATIO
2469 273 2764 331 ALTERA.

3410 277 3548 334 i390

280 404 495 476 ρευθεὶς
543 404 648 457 ὑπὸ
705 403 796 456 τοῦ
835 401 970 454 Θεοῦ
1020 403 1310 472 ἀρχιερεὺς
1362 400 1505 455 κατὰ
1559 400 1658 473 τὴν
1711 400 1862 463 τάξιν

1992 397 2270 467 ῳροΙΙίιῑιιε
2301 413 2327 450 a
2369 397 2478 450 Deo
2526 396 2767 467 pontifex
2801 396 3099 452 secundum
3125 398 3371 456 ordinem
3414 401 3547 455 Mel-

278 495 630 567 Μελχισεδέχ.
673 513 692 545 ι
735 494 791 545 Ὀ
821 493 1094 560 πάνσοφος
1142 491 1353 554 Παῦλος
1385 489 1726 550 ἐπιστέλλει,
1769 487 1861 540 καί

279 606 415 661 φησι
438 591 548 652 τοῖς
575 589 632 641 ἐν
663 587 841 639 πίστει
888 583 1370 654 δεδικαιωμένοιςο
1411 601 1430 633 ι
1466 583 1719 652 Μιμηταί
1759 597 1859 650 μου

281 679 520 751 γίνεσθε,
553 679 736 742 καθὼς
762 677 916 746 κάγὼ
945 673 1202 747 Χριστοῦ.
1242 694 1261 726 ι
1303 673 1412 726 και
1453 673 1558 743 μὴν
1593 672 1687 726 καὶ
1716 668 1862 724 ὁθε-

284 773 506 835 σῖτέσιος
528 773 731 842 Πέτρος
751 787 766 802 ⁸
806 792 824 820 ι
849 772 1007 824 Ποῖον
1039 768 1148 838 γὰρ
1181 767 1358 830 κλέος,
1391 766 1577 835 φησιν,
1611 765 1659 816 εί
1687 765 1865 831 ἁμαρ-

283 868 538 928 τάνοντες
597 866 690 919 καὶ
734 861 1150 932 κολαφιζόμενοι
1199 861 1555 929 ὑπομενεῖτες
1615 856 1758 910 Ἀλλ’
1818 858 1867 907 εί

284 956 743 1026 ἀγαθοποιοῦντες
790 956 884 1008 καὶ
933 955 1236 1023 πάσχοντες
1284 952 1650 1021 ὑπομενεῖτε,
1705 948 1868 1001 τοῦτο

284 1050 444 1121 χάρις
468 1048 619 1117 παρὰ
645 1047 785 1118 Θεῷ.
815 1047 939 1100 Ὀτι
963 1045 1199 1116 Χριστὸς
1229 1044 1498 1098 ἀπέθανεν
1523 1045 1663 1115 ὑπὲρ
1686 1045 1866 1114 ἡμῶν,

289 1143 420 1213 ὑμῖν
473 1141 869 1210 ἀπολιμπάνων
919 1138 1306 1210 ὑπογραμμὸν,
1359 1138 1445 1190 ἵνα
1493 1135 1869 1205 ἐπακολουθή-

290 1251 420 1305 σητε
463 1236 576 1296 τοῖς
620 1234 826 1302 ἴχνεσιν
859 1229 1049 1284 αὑτοῦ.
1091 1250 1108 1282 ι
1146 1229 1375 1298 Γέγονεν
1407 1229 1516 1300 ἄρα
1557 1228 1758 1290 σκοπὸς
1794 1227 1871 1296 τῷ

288 1327 585 1393 Μονογενεί
626 1323 725 1392 τὴν
771 1323 904 1394 πρὸς
939 1324 1087 1391 ἡμᾶς
1125 1322 1388 1390 ὁμοίωσιν
1431 1321 1630 1390 ἔχοντι,
1679 1318 1872 1371 παθεῖν

288 1418 670 1490 ἀνθρωπίνως,
703 1415 798 1470 καὶ
827 1415 1032 1478 διδάξαι
1060 1415 1162 1486 μὲν
1190 1415 1317 1477 τοὺς
1352 1412 1502 1483 αὐτῷ
1535 1414 1871 1484 γνωρίμους,

289 1510 411 1563 τίνα
441 1510 505 1580 δὴ
544 1509 748 1580 τρόπον
776 1511 895 1571 ταῖς
923 1507 1034 1560 τῶν
1079 1507 1404 1577 πειρασμῶν
1447 1506 1656 1574 ἐφόδοις
1705 1521 1876 1575 προσ-

289 1604 546 1675 έρχεσθαι
573 1599 701 1674 χρὴ,
741 1600 837 1653 καὶ
863 1599 1080 1662 ὁποίους
1110 1594 1252 1652 εἶναι
1283 1599 1548 1670 προσήκει
1591 1597 1718 1660 τοὺς
1746 1597 1872 1649 διω-

292 1695 559 1766 κομένους
591 1695 692 1764 τῆς
723 1694 802 1756 εἰς
833 1691 966 1744 Θεὸν
1021 1690 1303 1753 εὐσεϐείας
1349 1690 1532 1754 ἓνεκα,
1561 1688 1656 1740 καὶ
1693 1685 1876 1740 κινδύ-

1967 490 2215 543 chisedec
2234 489 2303 542 ⁸⁸.
2337 508 2354 540 ι
2379 487 2826 558 Sapientissimus
2855 487 3054 544 Paulus
3089 491 3154 544 ad
3187 506 3304 559 eos,
3326 493 3419 562 qui
3450 508 3548 562 per

1969 582 2130 636 ﬁdem
2171 581 2459 652 justificati
2519 580 2754 643 fuerant,
2792 581 2865 634 ita
2914 581 3146 637 scribit:
3190 603 3208 634 ι
3249 584 3554 642 lmitatores

1972 676 2076 730 mei
2103 683 2295 736 estote,
2321 675 2464 728 sicut
2495 683 2550 728 et
2575 689 2674 742 ego
2703 673 2907 728 Christi
2931 674 2998 729 θ’.
3035 694 3053 726 ι
3090 675 3230 742 Quin
3257 687 3311 732 et
3337 678 3554 734 divinus

1972 781 2189 836 quoque
2237 766 2465 820 Petrus:
2509 784 2528 816 ι
2571 766 2720 831 Quin,
2763 766 2959 834 inquit,
3010 776 3095 822 est
3124 767 3314 836 gloria,
3347 769 3390 823 si
3422 785 3553 840 pec-

1970 869 2178 920 cantes,
2201 867 2258 912 et
2285 857 2606 926 colap‘hi-zati
2651 856 2926 913 suffertis?
2959 859 3066 914 Sed
3098 861 3142 914 si
3177 861 3315 915 bene
3347 861 3555 916 facien-

1974 961 2078 1014 tes,
2104 951 2375 1019 patienter
2403 950 2704 1016 sustinetis,
2731 951 2843 1004 hzec
2868 961 2947 1005 est
2970 951 3140 1020 gratia
3176 952 3313 1020 apud
3341 953 3511 1007 Deum
3538 974 3555 1009 :

1971 1043 2098 1111 quia
2138 1053 2194 1097 et
2221 1043 2471 1097 Christus
2518 1057 2709 1110 passus
2740 1051 2825 1097 est
2862 1059 2962 1112 pro
2994 1045 3171 1108 nobis,
3204 1045 3357 1100 vobis
3385 1045 3557 1101 relin-

1974 1150 2148 1204 quens
2197 1135 2529 1204 exemplum,
2565 1146 2626 1190 ut
2657 1137 2961 1204 sequamini
2999 1140 3224 1209 vestigia
3261 1140 3378 1206 ejus
3417 1142 3482 1191 ⁸³.
3532 1161 3552 1194 ι

1975 1230 2186 1296 Scopus
2233 1243 2362 1297 ergo
2396 1229 2690 1298 Unigenito
2742 1239 2982 1284 nostram
3018 1233 3426 1288 similitudinem
3457 1237 3556 1290 ha-

1977 1320 2124 1373 benti
2189 1320 2312 1383 fuit,
2380 1324 2676 1373 secundum
2738 1323 3031 1376 humanam
3092 1334 3342 1379 naturam
3420 1328 3557 1396 pati,

1977 1425 2212 1479 suosque
2246 1409 2542 1464 familiares
2581 1413 2832 1477 educere,
2872 1414 3025 1485 161
3065 1430 3171 1485 qua
3200 1417 3410 1473 ratione
3443 1427 3562 1473 ten-

1981 1503 2252 1556 tationum
2300 1504 2596 1558 insultibus
2636 1504 2852 1558 obviam
2905 1507 2985 1559 ire
3034 1517 3304 1577 oporteat,
3338 1509 3562 1578 quales-

1979 1607 2084 1662 que
2134 1593 2208 1648 illi
2265 1609 2386 1649 esse
2441 1595 2674 1650 debeant
2728 1597 2820 1664 qui
2876 1597 3073 1652 divinze
3124 1599 3344 1668 pietatis
3396 1618 3562 1658 causa

1982 1687 2389 1753 persecutiones
2469 1689 2782 1757 patiuntur,
2849 1688 2933 1742 vel
2983 1705 3105 1743 cum
3153 1691 3567 1764 quibuscunque

291 1753 404 1851 νοίς
431 1753 810 1857 ἐμϐεϐηκότας
834 1786 947 1847 τοῖς
966 1795 988 1821 κ
1007 1785 1138 1854 περὶ
1160 1783 1337 1854 ψυχῆς
1363 1783 1458 1836 καὶ
1493 1781 1763 1852 σώματος’
1782 1780 1877 1832 καὶ

1992 1774 2146 1827 mimi
2179 1775 2529 1844 corporisque
2553 1776 2805 1845 periculis
2833 1777 3217 1835 conﬂictantur
3245 1799 3256 1834 :
3289 1791 3399 1837 tum
3427 1753 3566 1855 prae-

298 1880 524 1951 προσέτι
559 1877 737 1948 τούτῳ
781 1877 1094 1941 καταδεῖξαι
1129 1875 1228 1944 τῆς
1265 1875 1515 1943 ὑπακοῆς
1548 1873 1770 1936 εὐκλεὲς
1815 1871 1878 1923 τὸ

293 1973 465 2037 τέλος,
499 1973 585 2026 ἵνα
612 1973 704 2025 καὶ
748 1972 908 2042 ἡμεῖς
932 1967 1143 2041 ἄριστοί
1173 1985 1236 2020 τε
1279 1968 1374 2019 καὶ
1408 1966 1563 2034 σοφοὶ
1591 1964 1702 2018 τῶν
1730 1962 1879 2033 αὐτῷ

296 2062 703 2134 πεπραγμένων
756 2057 1116 2130 οἰκονομικῶς
1165 2055 1554 2128 εὑρισκώμεθα
1616 2052 1878 2122 μιμηταὶ,

294 2157 408 2219 τοῖς
437 2173 495 2207 τε
526 2154 730 2224 ἴχνεσιν
781 2151 946 2206 αὐτοῦ
995 2148 1420 2204 κατακολουθεῖν
1463 2146 1878 2210 σπουδάζοντες,

294 2247 387 2301 τὸν
413 2249 701 2318 εὐδόκιμον
730 2246 946 2316 ἀληθῶς
986 2245 1335 2314 διαξὴσωμεν
1381 2242 1519 2312 βίον.
1550 2243 1670 2294 Ὀτι
1701 2241 1881 2293 τοίνυν

295 2341 598 2412 ἄθραυστον
633 2340 774 2411 ἔχειν
809 2339 1077 2410 προσήκει
1117 2337 1178 2389 τὸ
1226 2335 1482 2406 φρόνημα
1528 2334 1653 2396 τοὺς
1697 2327 1776 2396 οἷς
1814 2332 1881 2385 ἂν

295 2435 432 2499 ὅλως
467 2434 757 2505 προκέοιτο
790 2433 983 2486 παθεῖν
1030 2429 1169 2500 ὑπέρ
1200 2446 1260 2497 γε
1296 2428 1394 2496 τῆς
1424 2429 1503 2489 είς
1550 2425 1712 2479 αὐτὸν
1747 2427 1883 2493 ἁγά-

299 2547 428 2599 πης,
461 2527 556 2580 καλ⁸
589 2526 680 2578 τὸν
720 2526 860 2596 ὑπὲρ
892 2524 990 2593 τῆς
1040 2520 1322 2582 εὐσεϐείας
1357 2519 1601 2572 κίνδυνον
1627 2518 1882 2587 ἡγεῖσθαι

300 2621 466 2691 ζωὴν,
514 2619 575 2683 ἐξ
596 2611 682 2673 -ὧν
719 2617 1016 2687 ὑπέμεινεν
1049 2614 1232 2677 αὐτὸς,
1267 2613 1523 2683 πέπραχέ
1552 2629 1610 2663 τε
1639 2611 1704 2663 δι’
1735 2612 1885 2679 ἡμᾶς

300 2711 678 2784 ἀνθρωπίνως,
727 2708 1000 2761 διδάσκειν
1036 2704 1307 2775 βούλεται.
1361 2703 1508 2773 Πλὴν
1554 2704 1656 2756 οὐκ
1691 2702 1884 2771 ἀφίησι

300 2781 428 2869 τοὺς
459 2802 881 2874 ἀνδριζομένους
911 2802 1036 2870 εἱκῆ
1087 2798 1494 2869 παραρρίπτειν
1534 2796 1634 2859 τὰς
1675 2781 1884 2848 ἑαυτῶν

297 2897 499 2970 ψυχὰς,
533 2896 656 2949 οὐδὲ
704 2889 816 2947 οἷον
869 2892 1137 2963 μεθέντας
1182 2890 1469 2960 ἀτημελῶς
1505 2889 1565 2940 τὸ
1613 2889 1886 2958 πρακτέον

305 2990 398 3044 καὶ
422 2989 492 3042 τὰ
519 2987 588 3041 δι’
618 2978 694 3039 ὧν
722 2980 790 3054 ἦν
835 2982 983 3044 εἰκὸς
1013 2979 1300 3045 σώζεσθαι,
1337 2981 1465 3048 παρ’
1495 2977 1686 3029 ἐλπίδα
1727 2977 1898 3046 μόνον·

1983 1866 2190 1920 clarmn
2223 1881 2439 1936 quoque
2464 1868 2787 1922 obedientize
2824 1869 2982 1925 linem
3010 1871 3079 1926 ob
3104 1873 3293 1929 oculos
3322 1888 3526 1945 ponere
3547 1916 3565 1943 ,

1981 1973 2089 2028 quo
2139 1967 2192 2012 et
2251 1973 2348 2013 nos
2408 1974 2626 2028 quoque
2671 1962 2877 2016 strenui
2934 1963 3337 2034 prudentesque
3378 1982 3566 2021 eorum

1982 2067 2105 2121 quae
2134 2052 2431 2107 secundum
2477 2054 2662 2108 carnis
2694 2055 3157 2124 dispensationem
3193 2058 3280 2113 ille
3311 2063 3566 2130 patravit,

1985 2143 2289 2198 imitatores
2342 2145 2570 2208 inventi,
2637 2147 2989 2217 vestigiisque
3035 2150 3275 2220 ejusdem
3329 2154 3573 2210 studiose

1985 2236 2318 2303 insistentes,
2362 2237 2528 2290 vitam
2560 2252 2687 2292 vere
2712 2239 2995 2308 probatam
3039 2243 3425 2311 transigamus.
3465 2245 3572 2301 Per

1984 2341 2047 2380 ea
2099 2327 2263 2396 igitur
2311 2342 2431 2396 quas
2485 2329 2600 2398 ipse
2647 2338 2707 2383 ut
2748 2332 2910 2384 homo
2944 2341 3171 2402 propter
3198 2349 3296 2389 nos
3323 2334 3455 2391 fecit
3510 2354 3575 2393 ac

1986 2421 2231 2490 pertulit,
2286 2423 2575 2478 ostendere
2644 2423 2815 2477 voluit
2899 2424 3038 2502 illos,
3103 2427 3298 2495 quibus
3356 2441 3577 2500 propter

1988 2513 2105 2580 ejus
2134 2512 2478 2567 dilectionem
2527 2515 2806 2583 quidpiam
2859 2516 3146 2570 adversum
3186 2519 3426 2587 perferre
3447 2537 3578 2590 pro-

1988 2605 2222 2673 positum
2261 2615 2368 2670 est,
2411 2617 2648 2659 mentem
2704 2605 2955 2660 obtinere
2994 2607 3194 2664 debere
3257 2612 3470 2666 ﬁrmam
3523 2625 3580 2666 et

1990 2697 2401 2762 inconcussam,
2458 2712 2522 2752 ac
2573 2698 2848 2766 pericula,
2901 2714 3020 2766 quae
3082 2701 3361 2770 religionis
3412 2719 3576 2759 causa

1991 2789 2382 2858 suscipiuntur,
2435 2789 2602 2842 vitam
2651 2791 2942 2844 aestimare.
3011 2792 3396 2848 Verumtamen
3461 2812 3572 2850 non

1992 2882 2254 2950 permittit
2282 2881 2419 2935 virili
2459 2881 2653 2936 robore
2686 2883 2944 2950 prmditos
2971 2885 3184 2940 animas
3214 2901 3342 2941 suas
3371 2896 3577 2941 temere

1993 2973 2249 3041 abjicere,
2300 2984 2394 3026 aut
2439 2976 2582 3044 quod
2631 2976 2898 3044 agendum
2947 2978 3233 3042 incumbit,
3279 2994 3374 3047 per
3407 2980 3582 3051 negli-

304 3079 620 3150 ἐκδέχεσθαι
665 3077 727 3130 τὸ
762 3078 873 3138 τοῖς
906 3071 1291 3126 ἐθελοκακοῦσι
1325 3067 1533 3122 δοκοῦν.
1554 3067 1884 3120 ’Λναπείθων

1995 3069 2232 3135 gentiam
2261 3068 2585 3136 omittendo,
2613 3080 2667 3122 et
2698 3085 2794 3138 per
2833 3085 2955 3140 qua:
2990 3071 3134 3126 salus
3177 3072 3459 3143 obtingere
3483 3088 3582 3143 po-

300 3173 360 3226 δὲ
391 3172 591 3243 μᾶλλον
617 3166 987 3222 συντείνεσθαι
1016 3163 1347 3235 προσευχὰς,
1377 3161 1473 3215 καὶ
1505 3159 1884 3229 ἁκατάληκτον

306 3265 576 3316 ποιεῖσθαι
594 3261 692 3330 τὴν
714 3257 899 3331 [πρὸς]
928 3256 1060 3309 Θεὸν
1096 3253 1331 3307 ἱκετείαν
1350 3265 1398 3319 ο,
1422 3252 1596 3306 ταῦτα
1622 3251 1884 3314 διδάσκει,

300 3357 514 3427 δεήσεις
544 3371 602 3406 τε
636 3355 729 3405 καὶ
752 3349 1034 3420 ἱκετηρίας
1063 3347 1122 3400 ἐν
1143 3348 1265 3408 ταῖς
1294 3344 1532 3414 ἡμέραις
1563 3344 1662 3413 τῆς
1688 3342 1889 3414 σαρκὸς

305 3446 472 3500 αὐτοῦ
501 3441 898 3514 προσαγηοχὼς
928 3439 1062 3510 πρὸς
1107 3436 1196 3490 τὸν
1229 3437 1529 3506 δυνάμενον
1556 3433 1751 3498 σώζειν
1789 3432 1890 3485 αὑ-

301 3539 396 3591 τδν
429 3538 493 3590 ἐκ
518 3535 772 3589 θανάτου.

378 3727 469 3782 Μ’.
512 3727 656 3796 Ὀρα
691 3724 748 3777 δὲ
786 3724 935 3785 ὅπως
971 3720 1066 3774 καὶ
1095 3715 1470 3786 ἁγιοπρεποῦς
1505 3712 1807 3774 ἐπιεικείας
1831 3711 1894 3763 τὸ

303 3822 498 3892 χρῆμα
549 3818 919 3890 μεμέστωται.
972 3813 1046 3866 Τὸ
1099 3814 1197 3884 μὲν
1237 3811 1346 3880 γὰρ
1382 3804 1895 3879 καταθρασύνεσθαι

307 3915 417 3968 τῶν
448 3910 792 3984 πειρασμῶν,
831 3906 1056 3978 ἀνδρίας
1103 3905 1201 3976 μὲν
1247 3903 1362 3973 ἔχει
1412 3901 1591 3966 δόξαν,
1644 3899 1791 3951 δοκεῖ
1838 3895 1896 3948 δέ

308 4025 426 4069 πως
452 4003 754 4076 ὑπεροψίας
784 4003 884 4054 οὑκ
911 4001 990 4062 εἰς
1016 3998 1161 4051 ἅπαν
1189 3993 1558 4066 ὴμοιρηκέναι
1575 4007 1588 4020 ·
1609 3991 1672 4043 τό
1694 4006 1756 4058 γε
1790 3988 1895 4059 μὴν

307 4095 539 4150 δεδιέναι
577 4095 673 4164 μὲν
709 4093 805 4146 καὶ
853 4086 1278 4143 ὑποστέλλεσθαι
1311 4085 1508 4145 δοκεῖν,
1547 4082 1640 4136 καὶ
1686 4081 1897 4133 δεῖσθαι

309 4187 448 4241 Θεοῦ
497 4186 594 4240 τοῦ
649 4185 842 4248 σώζειν
907 4181 1223 4253 ἰσχύοντος,
1277 4177 1565 4239 εὐλαϐείας
1629 4173 1900 4244 ὑπόληψιν

310 4279 446 4350 ἔχει.
482 4261 637 4331 Ἐπεὶ
678 4277 767 4330 διὰ
794 4275 951 4329 ποίαν
983 4274 1162 4327 αἰτίαν
1195 4275 1308 4336 τοῖς
1341 4270 1518 4339 ἁγίοις
1555 4269 1896 4341 προστέταχε

310 4373 617 4446 μαθηταῖς·
656 4390 674 4421 ι
709 4370 879 4422 Ὅταν
926 4369 983 4421 δὲ
1025 4367 1296 4421 διώκωσιν
1330 4365 1474 4433 ὑμᾶς
1521 4363 1579 4416 ἐν
1624 4364 1690 4432 τῇ
1747 4359 1896 4412 πόλει

1997 3171 2136 3222 test,
2186 3173 2505 3232 exspectare
2535 3163 2709 3217 solum
2745 3174 2944 3232 prteter
2988 3179 3138 3233 spem
3190 3166 3334 3234 quod
3369 3165 3581 3220 libitum

1996 3255 2100 3309 erit
2131 3255 2362 3324 maligne
2383 3255 2694 3324 agentibus,
2750 3256 2844 3310 sed
2873 3256 3138 3310 hortando
3168 3257 3368 3324 potius.
3389 3268 3448 3311 ut
3475 3260 3582 3312 im-

1998 3346 2151 3415 pigre
2193 3346 2456 3417 precibus
2505 3347 2844 3413 incumbant,
2900 3348 3119 3417 Deoquc
3149 3349 3270 3404 sine
3299 3349 3582 3405 intermis-

1998 3439 2152 3494 sione
2182 3439 2505 3508 supplicent,
2560 3441 2676 3494 haec
2705 3440 2881 3507 docet,
2913 3441 3039 3496 dum
3079 3441 3130 3496 in
3175 3440 3372 3497 diebus
3400 3444 3584 3499 carnis

1997 3545 2109 3583 sua:
2153 3530 2221 3584 ad
2265 3544 2411 3596 eum,
2467 3531 2558 3600 qui
2605 3531 2822 3586 salvare
2855 3547 2884 3585 a
2921 3541 3094 3587 morte
3133 3531 3286 3587 illum
3345 3542 3582 3604 poterat,

1996 3636 2188 3693 preces
2222 3631 2277 3676 et
2314 3623 2736 3691 supplicationes
2773 3623 3013 3680 offerret.

2069 3712 2184 3770 XL.
2215 3713 2513 3769 Considera
2561 3730 2721 3783 porro
2753 3726 2810 3771 ut
2855 3727 3075 3773 sanctos
3103 3720 3437 3777 condecente
3467 3737 3585 3778 mo-

2000 3806 2172 3862 destia
2238 3806 2626 3862 documentum
2687 3809 2790 3863 hoc
2853 3819 3085 3866 scateat.
3167 3811 3584 3870 Tentationibus

1999 3901 2144 3955 enim
2190 3900 2477 3956 audentius
2524 3902 2737 3956 obviam
2781 3902 2883 3966 ire,
2920 3902 3256 3961 fortitudinis
3287 3915 3373 3962 est
3422 3922 3585 3978 argu-

2002 3998 2266 4052 mentum,
2315 3991 2581 4059 superbiae
2628 3998 2811 4045 tamen
2864 3992 3174 4062 suspicione
3215 4009 3322 4048 non
3360 3997 3586 4050 omnino

2002 4095 2193 4134 carere
2239 4079 2487 4145 videtur;
2538 4083 2632 4135 sed
2665 4095 2883 4150 pavere,
2927 4092 2979 4136 et
3016 4081 3306 4140 formidine
3337 4087 3588 4142 contrahi

2002 4173 2196 4236 videri,
2227 4180 2282 4228 et
2317 4187 2510 4241 preces
2559 4173 2626 4226 ad
2672 4188 2796 4228 eum
2847 4173 3072 4230 fundere
3120 4177 3212 4246 qui
3249 4176 3460 4231 salvare
3492 4193 3587 4248 po-

2005 4273 2128 4330 test,
2164 4265 2266 4319 hoc
2299 4263 2574 4334 religionis
2603 4272 2689 4318 est
2717 4280 2874 4335 opus.
2908 4265 3121 4337 Alioqui
3153 4268 3297 4322 enim
3328 4283 3426 4322 cur
3473 4269 3590 4340 ipse

2003 4355 2212 4409 sanctis
2254 4355 2517 4425 apostolis
2547 4355 2846 4424 praecepit:
2899 4374 2916 4406 ι
2950 4356 3082 4411 Cum
3117 4372 3212 4411 vos
3253 4371 3591 4428 persequen-

313 4442 512 4537 ταύτῇ,
541 4462 773 4534 φεύγετε
807 4462 885 4523 εἱς
913 4460 1009 4530 τὴν
1040 4460 1266 4530 ἐτέραν;
1308 4477 1325 4506 ι
1365 4455 1488 4518 Πῶς
1527 4453 1583 4505 δὲ
1614 4454 1708 4506 καὶ
1733 4450 1884 4514 αὐτὸς

2009 4456 2093 4500 tur
2123 4447 2173 4499 in
2205 4461 2308 4499 una
2356 4446 2596 4510 civitate,
2650 4448 2817 4514 fugite
2860 4447 2912 4500 in
2961 4447 3120 4500 aliam
3155 4448 3241 4501 ⁸θῖ
3275 4469 3292 4500 ι
3335 4466 3433 4503 cur
3459 4452 3589 4507 item

308 4561 342 4612 ὁ
376 4560 650 4626 πάνσοφος
695 4554 930 4618 Παῦλος,
984 4553 1164 4607 καίτοι
1206 4551 1380 4618 λέγων
1426 4549 1558 4618 ἡμῖν
1608 4545 1893 4616 ἐναργῶς·

318 4672 338 4703 ‹
379 4652 476 4716 Τίς
512 4650 663 4721 ἡμᾶς
698 4647 926 4717 χωρίσει
951 4644 1059 4698 ἀπὸ
1086 4645 1188 4711 τῆς
1232 4640 1452 4709 ἀγάπης
1484 4637 1578 4691 τοῦ
1616 4634 1894 4707 Χριστοῦ;

315 4744 516 4814 θλίψις,
569 4743 603 4814 ἢ
654 4738 1020 4810 στενοχωρία,
1069 4735 1101 4805 ἢ
1131 4733 1373 4804 διωγμὸς
1398 4773 1412 4798 ,
1449 4732 1480 4803 ἧ
1511 4730 1666 4801 λιμὸς
1687 4769 1701 4792 ,
1733 4730 1766 4800 ἢ
1800 4746 1896 4797 γυν

317 4837 519 4910 μνότης
539 4878 553 4900 ,
582 4835 616 4906 ἢ
649 4832 892 4893 κίνδυνος
913 4871 928 4896 ,
959 4829 991 4900 ἢ
1025 4829 1269 4900 μάχαιρα
1290 4843 1304 4892 ;
1333 4846 1352 4878 ι
1373 4826 1462 4878 τὸν
1483 4825 1583 4894 τῆς
1600 4821 1892 4894 Δαμασκοῦ

313 4927 708 4998 διαδιδράσκων
755 4923 1080 4996 ἡγούμενον,
1134 4921 1223 4973 διὰ
1264 4921 1363 4991 τῆς
1407 4919 1622 4987 θυρίδος
1661 4917 1896 4988 ἐχαλᾶτο

313 5022 405 5076 διὰ
451 5020 547 5074 τοῦ
593 5018 838 5088 τείχουςς
871 5015 1020 5068 Ἔδει
1053 5013 1234 5067 τοίνυν
1270 5010 1474 5074 παντὸς
1524 5008 1731 5079 ἀγαθοῦ
1765 5007 1900 5061 καθ-

317 5113 529 5184 ηγητὴν
562 5110 654 5165 καὶ
681 5108 1002 5163 διδάσκαλον
1031 5105 1194 5160 αὐτὸν
1216 5105 1349 5175 ἡμῖν
1381 5100 1780 5172 ἀναφανεῖσθαι
1810 5100 1900 5152 τὸν

319 5205 574 5278 Χριστόν.
627 5201 863 5273 Προσῂει
900 5199 998 5269 μὲν
1036 5198 1145 5266 γὰρ
1182 5195 1320 5266 μετὰ
1367 5193 1618 5263 κραυγῆς
1673 5192 1900 5260 ἰσχυρᾶς

319 5298 415 5350 καὶ
446 5294 748 5366 ἱκετηρίας,
792 5293 866 5355 ὡς
899 5289 1020 5344 καθ’
1067 5289 1214 5358 ἡμᾶς
1261 5283 1532 5354 γεγονώς·
1567 5279 1900 5352 εἰσηκούσθη

356 5454 399 5486 ⁸⁸
434 5451 601 5506 Hebr.
631 5465 686 5516 ν,
719 5448 839 5502 7-9.
916 5446 961 5478 ⁸⁸
991 5444 1007 5496 1
1039 5443 1165 5499 Cor.
1197 5458 1274 5509 xx,
1303 5443 1356 5496 1.
1431 5440 1477 5471 ⁸³
1512 5439 1529 5494 1
1560 5439 1706 5494 Petr.
1749 5454 1810 5502 ιι,
1839 5436 1929 5490 20.

2007 4538 2439 4611 sapientissimus
2463 4537 2686 4606 Paulus,
2715 4539 2804 4608 qui
2833 4538 3037 4592 diserte
3071 4538 3202 4593 dicit
3229 4557 3242 4593 :
3277 4559 3297 4591 ι
3331 4541 3467 4606 Quis
3495 4557 3594 4596 nos

2007 4633 2283 4704 separabit
2313 4648 2341 4685 a
2393 4631 2666 4686 charitate
2711 4630 2956 4685 Christi?
3007 4631 3325 4698 tribulatio,
3371 4649 3438 4688 an
3491 4650 3591 4689 an-

2008 4727 2219 4798 gustia,
2257 4742 2325 4779 an
2367 4725 2706 4796 persecutio,
2755 4739 2822 4777 au
2866 4723 3066 4790 fames,
3116 4739 3182 4778 an
3236 4725 3487 4793 nuditas,
3525 4742 3592 4782 an

2007 4819 2330 4891 periculum,
2370 4835 2437 4871 au
2469 4818 2682 4888 gladius
2706 4817 2794 4869 ⁸⁸7
2825 4835 2846 4868 ο
2908 4818 3365 4873 Daumscenorum
3411 4818 3594 4889 praefe-

2006 4924 2150 4968 ctum
2193 4912 2427 4980 fugiens,
2458 4925 2490 4965 e
2511 4926 2666 4964 muro
2691 4925 2786 4979 per
2815 4909 3108 4965 fenestram
3142 4926 3335 4981 passus
3363 4921 3446 4966 est
3475 4928 3595 4966 sese

2012 5004 2220 5058 demitti
2252 5002 2302 5034 ⁸⁵
2323 5001 2498 5056 ?Cum
2532 5002 2696 5072 igitur
2734 5003 3099 5058 necessarium
3131 5014 3276 5058 esset
3326 5013 3385 5058 ut
3456 5003 3598 5074 ipsc-

2013 5104 2125 5148 met
2154 5092 2405 5148 Christus
2439 5092 2506 5146 ad
2538 5093 2767 5161 quodvis
2795 5091 2991 5146 bonum
3021 5108 3160 5162 opus
3188 5093 3375 5148 ducem
3405 5108 3466 5148 se
3493 5110 3593 5148 no-

2010 5184 2096 5238 bis
2128 5194 2633 5254 praeceptoremque
2680 5184 2984 5248 exhiberet,
3036 5183 3212 5239 valido
3255 5184 3492 5239 clamore
3543 5195 3598 5239 et

2012 5278 2406 5349 supplicatione
2458 5287 2715 5346 tanquam
2755 5279 2916 5333 homo
2961 5278 3027 5332 ad
3060 5276 3227 5333 Deum
3259 5281 3524 5345 accessit,
3565 5294 3596 5332 ι

2004 5435 2052 5467 ⁸⁸
2085 5434 2275 5490 Matth.
2306 5450 2363 5501 ι,
2394 5434 2486 5488 25.
2566 5436 2610 5466 ⁸⁵
2647 5396 2804 5488 Rom.
2844 5451 2964 5500 vnl,
2995 5435 3085 5490 55.
3167 5434 3214 5467 “
3238 5436 3360 5490 Act.
3400 5452 3473 5501 ιιι,
3503 5437 3598 5496 25.

1435 5575 1611 5631 Variae
1648 5573 1911 5629 lectiones
1935 5572 2137 5628 codicis
2162 5569 2526 5638 Seguieriani.

328 5732 353 5762 ⁸
390 5720 757 5783 ἐκδεδωκότας
791 5718 1017 5781 ἑαυτοὺς
1043 5719 1174 5780 τοῖς.
1252 5727 1277 5755 ⁸
1311 5711 1472 5767 αὐτὸν
1499 5710 1731 5765 ἱκεσίαν.
