4000 6326
446 307 576 362 1391

1409 307 1468 360 S.
1507 304 1790 360 CYRILLI
1830 304 2304 364 ALEXANDNNI
2343 305 2656 362 ARCIIIEP.

3583 304 3732 361 ’τρε

445 442 554 496 quo
599 425 760 480 etiam
814 433 1072 497 tanquam
1107 440 1267 481 verus
1311 427 1678 496 naturalisque
1710 427 1900 487 Filius.
1937 430 2023 496 qui

2134 429 2210 492 δὲ,
2263 429 2340 491 ὡς
2386 429 2545 498 φύσει
2576 429 2671 483 καὶ
2702 429 2919 500 άληθῶς
2954 429 3080 493 Υἱὸς
3132 431 3194 483 ού
3241 429 3726 502 παρακουόμενος.

445 519 715 588 repulsam
777 517 884 587 pati
944 533 1050 572 non
1097 527 1307 590 posset,
1365 520 1649 574 exauditus
1700 530 1806 576 est.
1870 521 2028 592 162

450 631 469 663 ι
510 611 617 680 Ego
658 611 826 675 enim,
876 610 1071 678 inquit,
1113 610 1350 665 sciebam
1397 611 1521 680 quia
1571 626 1786 681 semper
1815 629 1900 666 tne
1929 629 2028 665 au-

446 707 530 760 dis
561 705 630 757 ⁸⁷.
667 723 684 755 ι
732 703 802 758 Ut
832 702 973 758 enim
1026 713 1242 758 nostras
1273 716 1461 772 preces
1504 702 1613 758 Deo
1647 705 1895 760 redderet
1937 721 2030 760 ac-

445 808 650 866 ceptas,
689 797 801 866 ipse
828 795 1036 865 primus
1063 811 1172 849 rem
1199 810 1426 850 exorsus
1449 807 1551 864 est,
1583 806 1838 866 paternas
1866 811 2028 852 aures

448 899 548 952 hac
577 896 786 950 ratione
819 895 1071 949 humanze
1105 904 1315 949 natura:
1348 892 1747 962 quodammodo
1779 889 2028 960 aperiens

444 991 810 1060 dilatansque,
853 997 907 1043 et.
955 1003 1145 1043 eorum
1203 984 1368 1050 votis,
1409 985 1501 1054 qui
1545 983 1690 1037 illius
1724 997 1883 1036 causa
1927 981 2028 1033 ali-

441 1083 658 1153 quando
713 1081 1172 1151 periclitarentur,
1222 1077 1412 1132 faciles
1468 1085 1857 1146 promptasque
1913 1073 2027 1126 elli-

440 1177 612 1229 eiens.
648 1173 756 1229 Nos
803 1174 984 1243 itaque
1027 1173 1144 1241 ipso
1192 1169 1356 1224 veluti
1390 1169 1443 1222 in
1470 1167 1642 1222 altero
1687 1164 1902 1236 generis
1929 1179 2027 1217 no-

441 1268 538 1321 stri
593 1267 861 1336 principio
894 1280 1131 1324 eramus.
1175 1263 1266 1333 qui
1299 1261 1478 1316 valido
1507 1276 1630 1315 cum
1677 1260 1916 1314 clamore
1972 1267 2028 1312 et

445 1360 696 1431 lacrymis
719 1399 734 1422 ,
763 1369 820 1413 ut
854 1358 1043 1411 mortis
1076 1355 1361 1425 imperium
1392 1354 1445 1407 in
1474 1353 1630 1406 nobis
1675 1350 1984 1405 aboleretur
2005 1389 2023 1414 ,

443 1466 493 1508 ρι
529 1455 633 1507 vita
671 1463 877 1507 natura:
927 1460 1127 1504 nostra:
1154 1449 1426 1519 quondam
1466 1447 1663 1502 donata
1708 1445 1886 1500 denuo
1929 1444 2025 1500 fir-

446 1556 707 1610 maretur,
738 1544 898 1598 enixe
925 1541 1373 1614 clllagitabamus.

518 1632 649 1687 XLI.
687 1632 856 1686 Porro
894 1642 1096 1694 autem,
1137 1630 1282 1701 quod
1325 1629 1737 1700 obtemperandi
1769 1627 1878 1681 Deo
1912 1636 2025 1681 slu-

443 1728 586 1780 dimn
656 1725 916 1795 praeclara
996 1725 1244 1779 mercede
1307 1733 1586 1793 pensetur,
1649 1723 2023 1790 illustremque

441 1818 644 1872 exitum
679 1815 984 1880 ,sortiatur,
1037 1815 1140 1868 hoc
1177 1828 1245 1869 ex
1278 1814 1395 1883 ipso
1442 1814 1632 1868 eodem
1684 1826 1899 1868 rursum
1943 1811 2026 1865 di-

440 1924 593 1964 scere
623 1907 768 1962 licet.
820 1925 838 1958 ι
872 1906 951 1960 Ex
999 1906 1103 1971 bis,
1142 1907 1338 1978 inquit,
1371 1921 1490 1977 qua:
1522 1921 1714 1978 passus
1746 1917 1850 1969 est,
1883 1905 2025 1960 didi-

440 2003 516 2056 cit
539 2000 898 2056 obedientiam
930 1999 996 2051 '3.
1039 2019 1058 2050 ι
1089 1997 1240 2064 Quod
1274 1999 1498 2068 perinde
1528 2011 1629 2065 est,
1663 2015 1727 2054 ac
1761 2000 1804 2055 si
1835 1999 1980 2054 dicat
2007 2016 2020 2051 :

447 2113 465 2147 t
507 2093 824 2148 llumiliavit
857 2091 1228 2161 semetipsum,
1263 2091 1435 2144 factus
1463 2093 1721 2146 obediens
1756 2105 1924 2160 usque
1957 2091 2024 2144 ad

440 2192 694 2244 mortem,
745 2189 971 2233 mortem
1019 2192 1197 2232 autem
1245 2181 1423 2234 crucis
1455 2180 1522 2234 '9.
1579 2201 1596 2232 ι
1639 2177 2024 2235 Verumtamen

435 2275 493 2327 in
525 2287 587 2326 ea
618 2273 923 2341 abjectione
955 2281 1009 2324 ct
1044 2271 1351 2326 humilitate
1380 2287 1484 2324 noa
1523 2273 1818 2342 permansit
1849 2290 1862 2326 :
1898 2288 2020 2327 nam

439 2365 876 2434 superexaltatus
926 2374 1032 2429 est,
1076 2365 1314 2430 nomine,
1365 2365 1510 2434 quod
1545 2380 1709 2433 super
1742 2381 1902 2419 omne
1929 2381 2025 2418 uo-

437 2472 585 2522 men,
637 2467 858 2527 accepto
885 2456 952 2512 ’°.
988 2458 1231 2509 Humana
1273 2460 1492 2526 quidem
1522 2469 1605 2510 est
1636 2458 1793 2526 hujus
1836 2459 2027 2513 dit-tio-

437 2548 523 2602 nis
563 2549 730 2616 figura
757 2565 770 2600 :
800 2563 985 2600 verum
1017 2549 1226 2602 illustre
1253 2549 1406 2601 nobis
1433 2547 1737 2616 exemplum
1773 2547 1860 2602 hic
1899 2563 2025 2618 pro-

436 2643 688 2710 p0nitur;
730 2642 1037 2696 ostenditur
1066 2641 1210 2694 enim
1240 2641 1602 2695 obedientiam
1635 2651 1691 2696 et
1729 2641 2022 2710 gloriosam

437 2743 492 2787 et
513 2733 870 2787 admiratione
901 2732 1118 2801 dignam
1175 2742 1228 2785 et
1262 2732 1525 2786 bonorum
1560 2731 1799 2786 omnium
1842 2733 2026 2787 conci-

435 2823 700 2878 liatricem
748 2838 890 2878 esse.
920 2823 1072 2888 Quod
1106 2823 1269 2894 igitur
1297 2824 1614 2878 Emmanuel
1643 2841 1750 2879 non
1790 2836 1916 2880 ante
1945 2827 2026 2880 iu-

433 2915 831 2980 carnatiouetn,
886 2917 980 2969 sed
1032 2915 1085 2968 in
1142 2915 1330 2968 diebus
1372 2915 1554 2992 carnis
1613 2931 1723 2970 sua:
1769 2914 2025 2987 (quando

437 3008 717 3073 nimirum,
751 3010 885 3062 citra
923 3007 1086 3062 ullam
1131 3020 1337 3073 notam,
1374 3009 1622 3078 citraque
1659 3025 1876 3064 omnem
1908 3026 2027 3064 om-

2140 541 2156 572 t
2183 521 2325 589 Ἐγὼ
2355 522 2486 593 γὰρ,
2521 523 2706 592 φησὶν,
2738 521 2885 593 ⁴ᾔδειν
2917 523 3000 575 ὅτι
3038 523 3270 577 πάντοτέ
3299 540 3402 592 μου
3432 522 3719 586 ἀκούεις.»

2134 614 2254 668 Ἵνα
2296 615 2406 686 γὰρ
2437 616 2530 668 καὶ
2573 615 2672 680 τὰς
2698 615 2858 686 ἡμῶν
2888 617 3198 686 προσευχὰς
3229 615 3426 678 δεκτάς
3461 615 3725 684 γενέσθαι

2132 709 2565 781 παρασκευάσῃ,
2601 709 2764 762 πάλιν
2801 709 2964 772 αὐτὸς
2994 709 3300 779 ἀπάρχεται
3325 708 3419 762 τοῦ
3451 710 3728 778 πράγμα-

2129 816 2243 864 τος,
2297 802 2578 872 μονονουχὶ
2611 802 2960 870 κατευρύνων
2989 804 3056 872 τῇ
3087 801 3374 872 ἀνθρώπου
3421 801 3584 871 φύσει
3615 802 3727 868 τὴν

2129 893 2226 946 τοῦ
2257 893 2468 962 Πατρός
2502 893 2692 964 ἀκοὴν,
2727 893 2824 946 καὶ
2860 889 2972 946 οἷον
2998 893 3356 964 ἑτοιμοτάτην
3385 894 3725 965 παρατιθεὶς

2129 987 2249 1048 ταῖς
2292 985 2399 1038 τῶν
2451 986 2520 1039 δι’
2565 986 2730 1040 αὐτὸν
2781 985 3202 1040 κινδυνευόντων
3244 987 3451 1057 εὐχαῖς.
3499 986 3727 1039 Οὐκοῦν

2129 1076 2294 1146 ἡμεῖς
2335 1071 2478 1148 ἦμεν
2521 1078 2580 1130 ὲν
2615 1076 2786 1148 αὐτῷ,
2828 1078 3079 1150 καθάπερ
3125 1079 3182 1132 ὲν
3216 1079 3441 1150 ἀπαρχῇ
3479 1077 3724 1148 δευτέρᾳ

2127 1166 2226 1221 τοῦ
2266 1169 2479 1236 γένους,
2526 1169 2575 1222 οἱ
2605 1170 2744 1240 μετά
2779 1171 3030 1242 κραυγῆς
3060 1172 3287 1242 Ξσχυρᾶς
3321 1172 3414 1224 καὶ
3444 1171 3548 1225 ούκ
3581 1171 3726 1224 ἀδα-

2129 1261 2290 1334 κρυτὶ
2334 1263 2786 1334 προσευχόμενοι,
2837 1265 2932 1316 καὶ
2991 1262 3052 1316 τὸ
3085 1263 3181 1316 τοῦ
3229 1263 3462 1317 θανάτου
3509 1264 3726 1333 κράτος

2129 1355 2543 1427 καταργηθῆναι
2574 1356 3046 1427 παρακαλοῦντες,
3078 1358 3293 1428 ἰσχύσαι
3323 1357 3377 1410 δὲ
3413 1357 3511 1428 τὴν
3544 1356 3725 1427 ζωὴν,

2127 1449 2228 1522 τὴν
2255 1450 2352 1504 καὶ
2383 1449 2554 1504 πάλαι
2579 1453 2648 1522 τῇ
2689 1450 2850 1520 φύσει
2885 1449 3288 1522 δεδωρημένην.

2199 1625 2478 1681 ΜΑ’.⁹Ὀτι
2504 1625 2560 1678 δὲ
2592 1625 2655 1678 τό
2689 1624 3002 1679 ὑπακοῦσαι
3031 1623 3152 1696 Θεῷ
3180 1625 3435 1698 λαμπρὸν
3465 1626 3561 1678 καὶ
3590 1626 3728 1678 ἀπό-

2130 1717 2361 1771 ϐλεπτον
2406 1718 2516 1788 ἔχει
2563 1718 2623 1771 τὸ
2655 1718 2850 1788 πέρας,
2895 1717 2971 1781 ὡς
3014 1719 3072 1770 ἐν
3103 1717 3250 1789 αὐτῷ
3279 1718 3343 1789 δὴ
3379 1719 3543 1770 πάλιν
3588 1719 3725 1786 ὀψό-

2133 1811 2293 1882 μεθα.
2328 1830 2346 1862 t
2391 1811 2507 1880 Ἀφ’
2541 1805 2616 1865 ὧν
2648 1811 2780 1882 γὰρ,
2821 1811 3006 1882 φησὶν,
3036 1810 3254 1875 ἔπαθεν,
3278 1810 3447 1881 ἔμαθε
3480 1811 3584 1880 τὴν
3613 1812 3728 1863 ὑπ-

2127 1905 2316 1974 ακοήν.
2352 1923 2369 1956 ι
2404 1904 2629 1972 Ὅμοιον
2670 1903 2777 1974 γὰρ
2804 1902 2881 1965 ὡς
2931 1904 2978 1955 εἰ
3007 1903 3153 1970 λέγοι
3183 1903 3375 1973 τυχόν·
3413 1923 3430 1953 ι
3455 1902 3730 1955 Τεταπείο

2127 2015 2300 2050 νωκεν
2351 1995 2561 2059 ἑαυτὸν,
2611 1994 2907 2065 γενόμενος
2955 1996 3194 2065 ὑπήκοος
3243 1995 3403 2064 μέχρι
3453 1994 3725 2061 θανάτου,

2128 2088 2360 2141 Θανάτου
2391 2087 2447 2140 δὲ
2479 2085 2737 2156 σταυροῦ.
2777 2106 2794 2135 ι
2837 2086 2978 2138 Ἀλλ’
3009 2087 3070 2139 ού
3099 2087 3379 2156 μεμένηκε
3414 2087 3686 2149 ταπεινός
3716 2107 3727 2113 ·

2129 2178 2464 2250 ύπερυψώθη
2513 2178 2623 2250 γὰρ
2662 2177 2845 2230 λαϐὼν
2879 2179 3049 2249 όνομα
3082 2179 3142 2230 τὸ
3182 2179 3320 2249 ὑπὲρ
3366 2179 3474 2232 πᾶν
3520 2178 3729 2249 ὄνομα.

2141 2268 2507 2341 Ἀνθρώπινον
2534 2271 2634 2340 μὲν
2654 2267 2747 2322 τοῦ
2773 2269 2931 2338 λόγου
2958 2269 3018 2321 τὸ
3046 2270 3249 2340 σχῆμα,
3275 2270 3498 2341 ἄριστός
3517 2287 3582 2338 γε
3611 2271 3730 2340 μὴν

2128 2363 2208 2425 εἰς
2256 2363 2404 2433 ἡμᾶς
2449 2363 2479 2414 6
2529 2360 2624 2414 τοῦ
2661 2359 2990 2432 πράγματος
3037 2360 3229 2423 τύπος,
3274 2361 3470 2415 εὐκλεᾶ
3520 2379 3582 2413 τε
3624 2363 3730 2415 καὶ

2129 2453 2463 2520 ἀξιάγαστον
2493 2451 2813 2520 ἀποφαίνων
2848 2450 2945 2521 τὴν
2976 2451 3240 2521 ὑπακοὴν,
3267 2454 3360 2505 καὶ
3380 2451 3474 2505 τοῦ
3510 2453 3729 2514 παντὸς

2129 2546 2261 2614 ἡμῖν
2293 2545 2550 2614 πρόξενον
2581 2541 2808 2611 ἀγαθοῦ.
2843 2542 3026 2606 Τύπος
3041 2539 3135 2596 οὖν
3164 2544 3273 2614 ἀρα
3302 2545 3393 2596 καὶ
3421 2545 3730 2615 ὑπογραμ-

2133 2639 2232 2709 μδς
2265 2638 2343 2699 εἰς
2373 2638 2521 2706 ἡμᾶς
2546 2636 2606 2688 τὸ
2642 2635 2780 2706 μετὰ
2813 2637 3061 2706 κραυγῆς
3093 2638 3320 2707 ισχυράς
3344 2639 3438 2690 καὶ
3461 2638 3729 2707 δακρύων

2131 2729 2526 2799 προσεύχεσθαι
2558 2727 2954 2798 πειραζόμενον
2983 2730 3075 2780 τὸν
3119 2729 3487 2798 Ἐμμανουὴλ,
3523 2731 3586 2781 οὐ
3614 2730 3730 2800 πρὸ

2129 2827 2226 2894 τῆς
2261 2823 2756 2894 ὲνανθρωπήσεως,
2789 2823 2902 2875 ἀλλ’
2934 2824 2992 2876 ἐν
3023 2825 3144 2885 ταῖς
3181 2823 3421 2894 ἡμέραις
3449 2824 3554 2891 τῆς
3587 2841 3729 2894 σαρ-

2130 2918 2223 2980 κὸς
2254 2917 2444 2982 αὐτοῦ,
2467 2918 2554 2971 ὅτε
2583 2915 2861 2970 καὶτοῦτο
2892 2916 3027 2987 δρᾷν
3063 2917 3413 2986 ἀνεγκλήτως
3443 2918 3598 2987 ἐξῆν,
3631 2919 3727 2972 ού-

2129 3012 2218 3065 δὲν
2244 3012 2324 3074 είς
2354 3011 2454 3081 τὴν
2481 3010 2582 3080 τῆς
2635 3009 2894 3080 θεότητος
2923 3008 3281 3078 ἀδικούμενον
3312 3007 3497 3074 δόξαν,
3535 3010 3721 3078 ἀφιείι

436 3098 568 3151 nino
602 3098 796 3151 divinae
832 3098 1016 3167 gloriae
1050 3114 1161 3152 suae
1202 3098 1452 3170 injuriam
1490 3099 1670 3156 facere
1705 3099 1755 3154 id
1791 3099 2023 3167 licebat;

2133 3122 2234 3174 σης
2267 3105 2323 3156 δὲ
2358 3103 2562 3174 μᾶλλον
2595 3101 2726 3156 αύτὸ
2752 3102 2912 3154 τοῦτο
2943 3101 3076 3172 δρᾷν
3103 3102 3203 3170 τῆς
3234 3102 3374 3170 μετὰ
3406 3102 3616 3170 σαρκὸς
3645 3103 3726 3153 οξ-

436 3190 544 3243 imo
575 3205 700 3243 vero
727 3193 944 3258 quattdo
987 3190 1317 3260 dispensatio
1361 3207 1485 3245 cum
1518 3206 1686 3246 carne
1727 3192 1842 3246 fieri
1881 3192 2025 3247 istud

434 3282 819 3352 permittebat:
866 3282 1067 3352 alioqui
1104 3285 1252 3337 'cnim
1299 3284 1571 3353 quomodo
1623 3283 1734 3338 vita
1789 3295 2023 3339 mortem

438 3374 743 3428 timuisset?
791 3379 810 3443 )
861 3385 1102 3429 tentatus
1154 3377 1629 3446 impugnatusque,
1677 3377 1855 3432 valido
1895 3393 2020 3432 cum

435 3465 675 3520 clamore
698 3476 753 3520 et
798 3467 1050 3540 lacrymis
1085 3467 1261 3522 oravit
1295 3483 1311 3522 :
1344 3468 1396 3522 id
1427 3469 1583 3524 nobis
1617 3469 1685 3524 ad
1711 3470 2018 3539 exemplum

435 3561 580 3628 quod
625 3560 896 3614 imitemur
927 3599 944 3626 ,
981 3560 1312 3630 propositum
1347 3576 1468 3616 esse
1501 3561 1819 3616 existimare
1857 3562 2022 3616 debe-

437 3669 577 3708 mus.
636 3651 769 3706 Nam
823 3667 946 3707 eum
999 3653 1114 3721 ipse
1159 3669 1256 3707 nos
1301 3653 1353 3706 in
1411 3653 1669 3723 periculis
1716 3653 1848 3708 velit
1900 3667 2024 3708 esse

436 3759 598 3809 quam
627 3743 1074 3808 animosissimos,
1105 3759 1402 3814 eorumque
1443 3743 1617 3800 minas
1649 3763 1667 3796 t
1701 3745 1793 3816 qui
1823 3758 2025 3813 corpus

440 3846 647 3889 tantum
677 3837 1035 3902 occidunt”‘,
1065 3855 1083 3887 ι
1117 3847 1469 3891 contemnere
1491 3837 1678 3908 jubeat
1710 3855 1722 3891 :
1752 3836 2023 3908 quomodo

439 3928 806 3997 deprehensus
836 3941 982 3984 esset
1016 3928 1153 3984 allici
1185 3930 1414 3985 timore?
1459 3939 1552 3983 aut
1586 3930 1856 3999 quomodo
1881 3930 2024 3983 vires

437 4034 543 4072 non
589 4021 870 4075 habuisset
900 4029 1126 4075 mortem
1166 4037 1193 4073 a
1225 4021 1438 4092 propria
1475 4036 1639 4076 carne
1691 4021 2018 4092 depellendi,

2131 3197 2422 3266 κονομίας·
2477 3195 2599 3248 ἐπεὶ
2632 3195 2753 3248 τίνα
2786 3195 2987 3264 τρόπον
3019 3192 3365 3265 κατεπτοὴθη
3415 3193 3656 3247 θάνατον
3693 3197 3727 3264 ἡ

2128 3287 2280 3358 ζωῆς
2321 3286 2377 3338 '0
2407 3285 2462 3338 δὲ
2495 3286 2589 3337 καὶ
2620 3286 2766 3355 ἡμᾶς
2797 3283 2992 3345 αὐτοὺς
3021 3283 3344 3352 ἀποφαίνων
3385 3281 3728 3352 εὐτολμοτά-

2124 3396 2273 3443 τους,
2305 3379 2399 3432 καὶ
2430 3378 2602 3448 λέγων
2622 3395 2636 3408 ο
2674 3397 2691 3428 t
2734 3378 2828 3448 Μὴ
2858 3376 3110 3446 φοϐεῖσθε
3143 3376 3250 3428 ἀπὸ
3297 3376 3409 3428 τῶν
3452 3377 3725 3429 ἀποκτει-

2131 3471 2332 3524 νόντων
2358 3470 2419 3522 τὸ
2446 3471 2606 3540 σῶμα
2624 3487 2637 3500 ·
2674 3491 2692 3520 ι
2736 3470 2852 3532 πῶς
2893 3469 2960 3522 ἂν
2991 3470 3106 3539 ἥλω
3134 3469 3322 3522 παθὼν
3353 3469 3451 3540 τὴν
3479 3469 3726 3532 δειλίαν;

2130 3561 2166 3632 ἢ
2198 3560 2315 3624 πῶς
2341 3562 2408 3614 ἂν
2438 3561 2669 3630 ἢτόνησε
2707 3561 2804 3631 τῆς
2847 3560 2984 3622 ἰδίας
3019 3559 3224 3632 σαρκὸς
3251 3559 3600 3629 ἀποσοϐῆσαι
3630 3562 3730 3612 τὸν

2131 3653 2385 3718 θάνατον,
2417 3656 2445 3707 ό
2477 3654 2697 3707 πάντων
2727 3653 2892 3706 αὑτὸν
2924 3653 3188 3722 ἀφιστὰς,
3220 3655 3248 3706 6
3281 3655 3379 3724 μιᾷ
3410 3657 3564 3723 φωνῇ
3594 3657 3728 3717 τοὺς

2129 3748 2189 3801 ὲν
2225 3748 2341 3811 τοῖς
2393 3747 2684 3817 μνημείοις
2713 3747 2954 3816 ἐγείρειν
2987 3744 3439 3814 ὑπισχνούμενος,
3485 3747 3582 3798 καὶ
3623 3747 3728 3798 οὐκ

2126 3839 2422 3908 ἀνέφικτον
2471 3838 2622 3908 αὐτῷ
2672 3840 2732 3892 τὸ
2781 3838 2972 3909 χρῆμα
3011 3837 3306 3901 δεικνύων;
3360 3839 3726 3908 Προσεφὼνει

2129 3932 2232 4002 μὲν
2279 3931 2388 4000 γὰρ
2434 3931 2677 4002 Λαζάρῳ
2747 3933 2880 4002 μέν·
2916 3950 2934 3980 ι
2964 3931 3135 4001 Δεῦρο
3169 3930 3304 3995 ἔξω·
3341 3951 3358 3980 ι
3393 3929 3472 4000 τῷ
3522 3932 3580 3984 δὲ
3626 3932 3727 4001 τῆς

2125 4024 2303 4097 χήρας
2337 4025 2469 4097 υἱῷ·
2505 4047 2522 4076 ι
2569 4026 2866 4090 Νεανίσκε,
2900 4025 2983 4078 σοι
3011 4025 3178 4094 λέγω,
3208 4025 3490 4096 ἐγέρθητι.
3535 4044 3553 4076 ι

435 4117 527 4186 qui
561 4115 630 4170 ab
674 4115 928 4169 omnibus
966 4113 1112 4169 illam
1160 4116 1436 4181 amolitur,
1474 4117 1566 4184 qui
1602 4115 1718 4170 sola
1762 4130 1894 4170 voce
1929 4130 2025 4170 eos
2062 4116 2155 4186 qui
2204 4117 2257 4171 in
2298 4119 2668 4172 monumentis
2708 4128 2857 4184 sunt,
2929 4132 2988 4172 se
3029 4117 3392 4172 excitaturum
3443 4117 3728 4186 promisit,

437 4217 491 4261 et
518 4223 577 4263 re
622 4209 735 4277 ipsa
793 4208 845 4262 id
897 4221 958 4261 se
1006 4221 1170 4278 posse
1215 4206 1515 4262 declaravit
1559 4207 1648 4261 υἷ’
1703 4207 2027 4262 Acclamans
2064 4209 2210 4263 enim
2267 4209 2523 4262 Lazaro:

2601 4229 2620 4260 ι
2653 4209 2787 4265 Veni
2848 4211 2994 4266 foras
3021 4211 3104 4274 ⁹²;
3136 4229 3155 4262 ι
3208 4220 3263 4264 et
3313 4211 3487 4264 viduae
3563 4212 3683 4264 lilio
3716 4250 3728 4262 .

444 4321 462 4352 ι
495 4301 849 4380 Adolescens,
886 4299 982 4354 tibi
1017 4298 1158 4363 dico,
1195 4314 1358 4370 surge
1397 4299 1443 4331 "
1476 4318 1489 4354 :
1532 4319 1552 4351 ι
1594 4309 1887 4370 utrumque
1917 4301 2104 4355 statim
2137 4300 2190 4356 in
2229 4301 2397 4354 vitam
2447 4303 2750 4358 revocavit.

508 4391 670 4450 XLII.
713 4392 866 4460 Quod
892 4393 938 4446 si
989 4393 1081 4463 qui
1130 4400 1276 4456 sunt,
1321 4391 1412 4462 qui
1459 4400 1648 4446 contra
1685 4391 2023 4460 Scripturam

2203 4391 2339 4446 MB’.
2371 4392 2435 4445 Ei
2474 4392 2530 4445 δὲ
2561 4393 2624 4462 δή
2651 4409 2794 4458 τινες
2829 4388 2940 4446 εἷεν
2981 4393 3031 4447 oi
3071 4392 3378 4465 τολμῶντες
3406 4393 3615 4464 λέγειν,
3652 4399 3732 4464 ὡς

437 4485 745 4541 temeritate
797 4482 1031 4554 quadam
1090 4478 1248 4552 163
1301 4495 1468 4550 prave
1516 4479 1832 4546 sentientes,
1871 4478 2021 4532 illum

438 4594 535 4649 per
562 4593 622 4633 se
663 4577 940 4647 vulgarem
979 4583 1184 4631 tantum
1228 4574 1500 4628 hominem
1534 4572 1811 4628 exstitisse
1841 4571 2023 4627 dicere

438 4671 692 4735 audeant,
741 4667 831 4738 qui
879 4681 944 4721 ex
976 4680 1132 4722 sacra
1176 4665 1400 4736 Virgine
1441 4676 1593 4720 ortus
1621 4679 1744 4719 cum
1783 4665 2022 4718 clamore

438 4763 618 4818 valido
656 4769 714 4816 et
752 4759 1009 4832 lacrymis
1039 4772 1230 4830 preces
1269 4768 1324 4814 et
1349 4758 1775 4829 supplicationes
1825 4756 2021 4812 obtulit

440 4856 516 4909 illi
556 4855 647 4925 qui
682 4869 804 4910 eum
837 4870 865 4908 a
910 4860 1089 4908 morte
1146 4851 1376 4906 liberare
1429 4859 1658 4917 poterat,
1711 4865 1778 4906 ne
1827 4851 2020 4906 merito

437 4949 726 5018 quemdam
756 4962 820 5002 ex
854 4945 1059 5000 sanctis
1104 4944 1357 5014 apostolis
1391 4943 1504 4997 hzcc
1548 4943 1648 4999 sibi
1679 4943 2016 4998 occinentem

438 5040 741 5095 audiveriut
795 5058 810 5094 :
850 5059 868 5092 ι
920 5038 982 5092 1Ιί
1030 5049 1156 5094 sunt
1202 5038 1294 5106 qui
1350 5044 1635 5106 segregant
1675 5035 2022 5104 semetipsos,

439 5133 724 5196 animales,
759 5131 1008 5203 spiritum
1032 5147 1136 5186 non
1165 5129 1425 5185 habentes
1459 5129 1523 5180 ”.
1561 5148 1579 5181 ι
1617 5127 1811 5195 Qurero
1841 5138 2019 5184 autem

439 5241 509 5281 ex
545 5226 670 5293 illis,
702 5227 793 5297 qui
839 5226 954 5280 hace
999 5223 1213 5280 effutire
1278 5237 1387 5276 nou
1436 5221 1786 5287 erubescunt,
1843 5231 2022 5276 utrum

442 5319 847 5374 Emtnanuelem
878 5333 1069 5389 purum
1110 5326 1316 5372 tantum
1344 5317 1617 5371 hominem
1649 5330 1770 5371 esse
1800 5315 2025 5369 omnino

440 5414 697 5475 sentiant,
750 5410 840 5480 qui
887 5411 957 5465 ob
1001 5411 1052 5465 id
1099 5426 1264 5464 unum
1310 5425 1495 5480 parem
1540 5424 1662 5464 cum
1715 5409 1822 5464 Deo
1854 5408 2020 5465 Verbi

441 5504 760 5573 dignitatem
803 5514 858 5558 et
897 5502 1272 5558 auctoritatem
1328 5504 1556 5558 sortitus
1603 5501 1836 5565 dicatur,
1882 5501 2028 5556 ouod

509 5679 552 5709 ’τ
588 5677 742 5734 Joan.
771 5695 846 5740 xt,
875 5679 966 5733 ~52.
1045 5680 1090 5710 ⁸⁸
1119 5679 1283 5736 Hebr.
1345 5692 1398 5738 ν,
1453 5678 1506 5735 8.

449 5747 500 5783 ⁵⁸
531 5747 685 5804 ειυιιιι.
723 5765 796 5813 ιιι,
829 5751 916 5805 45.
994 5751 1038 5784 ⁸³
1067 5750 1196 5805 Luc.
1229 5767 1324 5816 vn,
1361 5750 1446 5802 ll.
1523 5749 1566 5782 9"
1604 5748 1756 5805 Juda:
1790 5747 1918 5821 ιυς,

1613 5677 1658 5711 ⁸⁸
1697 5677 1928 5748 Philipp.
1976 5696 2036 5746 ιι,
2077 5681 2132 5737 8.

2129 4484 2279 4538 ἔστιν
2321 4487 2608 4558 ἄνθρωπος
2659 4486 2838 4549 ίδικῶς
2882 4487 2912 4538 ὁ
2955 4487 3019 4540 ὲκ
3062 4487 3160 4557 τῆς
3207 4488 3369 4555 ἁγίας
3412 4489 3727 4559 Παρθένου,

2129 4576 2345 4648 δεήσεις
2374 4594 2432 4631 τε
2460 4579 2554 4630 καὶ
2597 4579 2879 4650 ἱκετηρίας
2911 4580 3050 4650 μετά
3075 4578 3324 4650 κραυγῆς
3355 4581 3589 4651 ίσχυρᾶς
3633 4586 3731 4636 καὶ

2129 4667 2386 4737 δακρύων
2431 4669 2808 4739 προσενέγκας
2855 4670 2991 4741 πρὸς
3033 4671 3126 4724 τὸν
3178 4671 3476 4743 δυνάμενον
3525 4672 3732 4738 σώζειν

2130 4761 2298 4814 αὐτὸν
2331 4761 2395 4814 ὲκ
2421 4761 2678 4825 θανάτου,
2712 4761 2946 4833 μάλιστα
2977 4764 3076 4832 μὲν
3107 4765 3221 4827 τοῖς
3247 4765 3412 4835 ἱεροῖς
3442 4765 3730 4836 ἀπᾴδοντα

2129 4854 2424 4926 γράμμασι
2487 4856 2707 4925 φρονεῖν
2759 4855 3050 4926 ᾑρημένοι,
3107 4856 3336 4920 δικαίως
3387 4856 3732 4911 ἀκούσονται

2129 4945 2382 5016 λέγοντος
2409 4945 2594 5009 αὐτοῖς
2625 4947 2743 5011 ἐνὸς
2780 4947 2892 5000 τῶν
2916 4947 3087 5017 ἁγίων
3122 4948 3472 5002 ἀποστόλων
3505 4966 3524 5000 t
3557 4945 3732 5004 Οὗτοί

2133 5039 2271 5091 εἰσιν
2296 5039 2346 5091 οἱ
2367 5038 2804 5110 ἀποδιορίζοντες
2831 5039 3074 5110 ψυχικοὶ,
3093 5041 3312 5112 πνεῦμα
3339 5040 3415 5112 μὴ
3440 5040 3688 5110 ἔχοντες.
3707 5063 3724 5092 ι

2132 5125 2267 5184 Εἶτα
2315 5132 2452 5202 πρὸς
2479 5131 2656 5204 τούτῳ
2704 5133 3020 5204 φραζόντων
3051 5136 3230 5188 ἐκεῖνο
3251 5151 3265 5164 ·
3317 5133 3550 5205 πότερόν
3585 5152 3726 5187 ποτε

2129 5221 2287 5290 ψιλὸν
2332 5222 2618 5293 ἄνθρωπον
2650 5219 2788 5278 εἷναί
2821 5243 2986 5295 φασιν
3020 5226 3204 5289 αὐτὸν,
3251 5226 3417 5296 ἤγουν
3466 5225 3730 5296 καθάπερ

2128 5318 2306 5371 εἰπεῖν
2339 5318 2769 5390 τεθαρῤήκασιν,
2794 5320 2938 5390 ἔχειν
2962 5319 3059 5391 τὴν
3084 5321 3303 5390 ἰσότητα
3330 5322 3425 5390 τῆς
3448 5318 3609 5383 ἀξίας
3631 5322 3729 5372 καὶ

2127 5410 2228 5480 τῆς
2262 5410 2570 5474 αύθεντίας,
2604 5413 2704 5481 τῆς
2730 5413 2864 5482 πρός
2891 5430 2976 5480 γε,
3005 5414 3172 5481 φημὶ,
3201 5411 3293 5464 τὸν
3323 5413 3387 5463 ὲκ
3417 5409 3554 5463 Θεοῦ
3585 5413 3728 5463 Θεὸν

2129 5503 2325 5572 Λόγον,
2359 5504 2434 5568 ὡς
2462 5504 2610 5575 αὐτῷ
2639 5505 3018 5576 συνημμένον;
3055 5503 3118 5558 Ei
3157 5506 3254 5558 μὲν
3298 5500 3392 5558 οὖν
3433 5505 3729 5575 ἄνθρωπον

2235 5683 2283 5715 ⁹⁰
2310 5683 2438 5740 ibid.
2478 5683 2532 5741 9.

2166 5822 2209 5840 ,Ι

2639 5685 2706 5716 ⁹⁰”
2765 5683 2957 5742 Matth.
2995 5701 3048 5752 κ,
3083 5685 3174 5740 28.
3254 5687 3295 5719 "
3330 5684 3489 5742 .Iuan.
3523 5701 3578 5752 ι’,
3627 5683 3726 5742 9.3.
