4000 6326
285 448 426 505 1593

1102 457 1196 512 AD
1237 458 1542 519 REGINAS
1586 463 1672 518 DE
1714 464 1940 523 RECTA
1980 467 2138 526 FIDE
2179 470 2443 528 ORATIO
2482 473 2787 531 ALTERA.

3416 484 3553 540 1594

283 557 423 620 εἷναί
481 584 615 635 φασι
682 570 803 625 καθ’
853 575 1003 644 ἡμᾶς
1072 575 1255 645 ψιλὸν,
1313 579 1849 654 ἀνθρωπολατροῦσιι

1965 585 2223 644 familiari
2267 589 2505 658 quodam
2554 593 2993 651 oneassitudinis
3046 595 3258 651 vinculo
3297 599 3370 652 illi
3421 618 3552 655 con-

280 660 731 730 ὁμολογουμένως
757 702 773 726 ,
820 668 1257 735 προσκυνοῦντες
1317 672 1487 742 αὑτῷ.
1545 673 1862 746 Γέγραπται

279 752 408 823 γὰρ.
444 753 526 809 ὅτι
566 773 585 806 ι
626 754 834 828 Κύριον
881 759 975 813 τὸν
1004 760 1138 815 Θεόν
1168 780 1262 816 σου
1291 768 1726 838 προσκυνήσεις,
1767 769 1864 821 καὶ

277 844 429 915 αὑτῷ
455 846 603 918 μόνῳ
631 847 971 920 λατρεύσεις.
1007 871 1026 904 ι
1048 855 1114 907 Ei
1142 854 1199 908 δὲ
1228 855 1292 926 δὴ
1333 860 1512 925 φαῖεν,
1542 860 1625 912 ὅτι
1660 860 1861 931 κέκλη-

275 952 367 991 ται
406 938 545 1007 πρδς
596 940 822 1013 ἰσότητα
872 944 973 1015 τῆς
1006 944 1185 1013 ἀξίας,
1234 949 1411 1020 ἧγουνν
1436 950 1726 1017 αὐθεντίας
1762 953 1862 1023 τῆς

278 1028 416 1099 πρὸς
444 1030 579 1085 Θεὸν
626 1033 829 1103 Λόγον·
878 1032 999 1090 εἶτα
1028 1039 1280 1110 πρόσεισι
1308 1041 1386 1113 τῷ
1412 1041 1533 1114 Θεῷ
1563 1044 1656 1098 καὶ
1685 1047 1864 1117 Πατρὶ

278 1121 419 1190 μετὰ
443 1123 696 1193 κραυγῆς
733 1126 965 1199 ἰσχυρᾶς
988 1131 1081 1185 καὶ
1101 1130 1527 1204 δεδακρυμένος,
1556 1136 1652 1188 καὶ
1686 1136 1861 1191 δεῖται

276 1212 371 1265 τοῦ
408 1213 673 1282 σώζοντος
695 1234 708 1247 ο
737 1219 892 1274 οὐδέν
922 1223 1039 1276 ἐστι
1071 1223 1132 1276 τὸ
1174 1225 1387 1280 κωλύον
1433 1228 1528 1281 καὶ
1559 1228 1725 1283 αὑτοῦ
1761 1228 1859 1283 τοῦ

274 1304 450 1396 Λόγου
468 1306 528 1359 τὸ
547 1308 747 1381 μέτρον
762 1311 1014 1369 τοσοῦτον
1029 1316 1296 1388 ὑπάρχειν
1325 1318 1594 1385 ὑπονοεῖν,
1625 1322 1861 1396 ὅσονπερ

272 1397 341 1450 ἂν
392 1395 531 1454 εῖναι
588 1404 898 1460 πιστεύοιτο
948 1410 1043 1463 καὶ
1088 1411 1149 1464 τὸ
1191 1412 1285 1465 τοῦ
1318 1412 1454 1483 πρὸς
1499 1414 1662 1470 αὑτὸν
1707 1414 1861 1487 ἕχον-

270 1506 364 1553 τος
408 1491 505 1563 τὴν
554 1494 782 1567 ἰσότητα
813 1498 913 1569 τῆς
949 1500 1128 1568 ἀξίας,
1179 1505 1348 1575 ἤγουν
1392 1504 1494 1572 τῆς
1546 1508 1857 1573 αὑθεντίας.

271 1582 482 1638 Οὐκοῦν
509 1586 710 1657 πρέποι
738 1588 804 1644 ἂν
839 1592 932 1645 καὶ
978 1594 1129 1665 αὑτῷ
1158 1595 1219 1649 τὸ
1252 1597 1484 1652 δεδιέναι
1516 1598 1770 1664 θάνατον,
1798 1602 1862 1656 τὸ

273 1674 518 1730 κίνδυνον
549 1678 878 1750 ὑφορᾶσθαι,
906 1686 968 1737 τὸ
1002 1686 1213 1742 κλαίειν
1242 1689 1302 1742 ὲν
1341 1695 1692 1763 πειρασμοῖς,
1724 1693 1859 1747 καθ-

271 1766 493 1825 εστάναι
516 1768 574 1822 δὲ
605 1772 700 1825 καὶ
729 1772 789 1825 ὲν
815 1774 996 1847 ἐνδείᾳ⁵
1017 1776 1117 1849 τῆς
1152 1781 1284 1851 παρ’
1326 1782 1514 1854 ἐτέρου
1547 1784 1749 1855 χειρὸς,
1770 1784 1859 1838 ἶνα

272 1859 368 1911 καὶ
390 1859 633 1931 σώζηται
655 1879 669 1893 ⁶
698 1866 792 1919 καὶ
821 1868 958 1938 πρὸς
978 1870 1189 1936 τούτοις
1214 1872 1294 1927 ἔτι
1323 1875 1418 1927 καὶ
1441 1876 1739 1946 μανθάνειν
1760 1877 1860 1949 τὴν

1961 681 2185 750 junctus
2227 682 2337 737 sit?
2369 682 2524 749 Quod
2582 685 2626 739 si
2673 701 2886 754 purum,
2935 688 3197 757 nobisque
3243 704 3339 759 per
3368 693 3551 748 omnia

1965 772 2196 828 similem
2259 774 2534 830 hominem
2607 788 2816 833 tantum
2877 794 3001 836 esse
3069 782 3329 849 dixerim,
3402 795 3566 843 certe‘

1964 874 2157 931 aperto
2211 867 2659 938 anthropolatria:
2706 871 2935 928 crimine
2985 875 3351 940 tenebuntur,
3400 876 3552 932 illum

1964 956 2271 1013 adorantes.
2293 956 2566 1031 Scriptum
2579 965 2853 1019 estenim:
2884 966 3196 1021 «Dominum
3225 969 3555 1025 Deumtuum

1935 1047 2238 1115 'adorabis,
2271 1061 2326 1106 et
2364 1052 2437 1107 illi
2480 1054 2578 1109 soli
2609 1056 2816 1113 servies
2840 1057 2909 1112 ".
2956 1077 2974 1112 ι
3014 1058 3165 1126 Quod
3191 1060 3235 1115 si
3275 1060 3449 1129 ipsum
3481 1063 3553 1117 ad

1963 1141 2326 1209 aequalitatem
2352 1145 2631 1216 dignitatis
2662 1157 2717 1203 et
2742 1151 3079 1206 auctoritatis
3101 1166 3221 1205 cum
3255 1150 3346 1206 Dei
3378 1151 3555 1207 Verbo

1963 1243 2209 1289 evectum
2259 1240 2639 1307 respondeant,
2694 1256 2794 1297 nec
2835 1243 2906 1297 ob
2946 1243 2999 1297 id
3042 1253 3220 1299 tamen
3271 1244 3551 1314 prohiberi

1963 1326 2253 1395 quominus
2303 1328 2518 1385 Patrem
2557 1332 2734 1386 valido
2764 1348 2887 1388 cum
2932 1334 3174 1389 clamore
3207 1345 3262 1388 et
3297 1335 3553 1406 lacrymis

1963 1418 2143 1483 adeat,
2180 1419 2367 1489 illique
2420 1423 2508 1491 qui
2543 1425 2754 1479 salvare
2789 1434 2967 1494 potest
3002 1425 3224 1495 supplex
3257 1426 3379 1491 fiat;
3417 1424 3551 1479 nihil

1962 1513 2186 1566 omnino
2243 1514 2480 1569 obstabit
2544 1517 2833 1585 quominus
2896 1517 3070 1587 ipsius
3122 1533 3337 1587 quoque
3390 1516 3552 1574 Verbi

1963 1604 2205 1661 conditio
2255 1612 2406 1660 tanta
2450 1606 2816 1671 existimetur,
2864 1619 3066 1677 quanta
3121 1607 3240 1675 ejus
3297 1608 3387 1677 qui
3426 1622 3550 1662 cum

1968 1696 2143 1753 Verbo
2188 1698 2552 1768 aequalitatem
2596 1699 2878 1772 dignitatis
2926 1701 3042 1755 sive
3085 1703 3427 1756 auctoritatis
3454 1701 3551 1756 ba-

1964 1790 2072 1845 het.
2116 1791 2295 1857 Quare
2326 1801 2379 1847 et
2409 1792 2485 1846 illi
2517 1808 2735 1864 quoque
2765 1794 3053 1849 conveniet
3083 1807 3308 1850 mortem
3346 1795 3550 1850 exhor-

1965 1898 2201 1949 rescere,
2231 1883 2528 1953 periculum
2561 1886 2774 1951 timere,
2806 1887 2859 1941 in
2894 1888 3285 1943 tentaliouibus
3311 1889 3550 1958 plorare,

273 1945 519 2048 ὑπακοὴν
547 1949 617 2003 δι’
666 1945 742 2007 ὧν
786 1955 1027 2011 πέπονθε
1071 1963 1406 2033 πειρασθείς.
1446 1945 1633 2034 fama
1680 1945 1849 2039 οἶμαι.¹

1964 1976 2191 2031 alterius
2232 1991 2335 2046 ope
2367 1985 2426 2031 ut
2450 1985 2697 2031 servetur
2725 1976 2991 2047 indigere,
3025 1992 3279 2047 expressa
3316 1978 3574 2048 denique

269 2036 427 2091 τοῦτό
468 2041 671 2115 ἐστινῆ
704 2051 921 2117 φρονεῖν
945 2050 978 2120 ἢ
1005 2050 1186 2119 λέγειν
1215 2056 1497 2129 ἀσύφηλον
1535 2036 1853 2125 παντελῶςέ

270 2130 556 2201 παναλκὴς
582 2134 692 2206 γάρ
725 2139 873 2191 ἐστιν
900 2142 928 2192 ὁ
953 2141 1048 2194 τοῦ
1080 2143 1216 2198 Θεοῦ
1252 2147 1428 2217 Λόγος
1451 2192 1464 2214 ,
1499 2151 1594 2205 καὶ
1620 2152 1854 2210 Θανάτου

270 2220 559 2290 κρείττων,
587 2228 681 2279 καὶ
714 2230 907 2286 παθῶν
937 2232 1220 2303 ἐπέκεινα,
1265 2241 1360 2292 καὶ
1404 2241 1608 2309 δειλίας
1638 2246 1854 2318 ἀνθρωο

269 2316 589 2410 ποπρεπούς
619 2320 890 2393 ἀμέτοχος
924 2327 1228 2393 παντελῶς.
1258 2329 1420 2386 Ἀλλά
1453 2334 1560 2407 μὴν
1586 2337 1729 2393 οὕτω
1748 2316 1855 2410 μὲν

268 2404 482 2472 φύσεως
519 2406 681 2479 ἔχων,
728 2412 999 2469 πέπονθεν
1043 2418 1185 2491 ὑπὲρ
1233 2422 1411 2492 ἡμῶν.
1456 2404 1676 2482 ίΟύκοῦν
1725 2404 1849 2487 οὑτε

265 2495 420 2592 ψιλδς
462 2499 749 2572 ἄνθρωπος
792 2507 822 2558 ό
868 2508 1146 2579 Χριστὸς,
1185 2511 1312 2568 οὔτε
1361 2516 1605 2589 ἄσαρκος
1645 2523 1850 2592 Λόγος.

267 2590 486 2686 ένωθεὶς
517 2593 575 2647 δὲ
610 2596 816 2665 μᾶλλον
843 2605 911 2674 τῇ
952 2605 1077 2658 καθ’
1112 2609 1263 2678 ἡμᾶς
1289 2610 1693 2686 ἁνθρωπότητι,
1735 2590 1850 2671 πά-

266 2682 347 2778 θοι
386 2682 453 2738 ἂν
480 2686 709 2754 ἀπαθῶς
740 2693 907 2765 σαρκὶ
940 2699 1005 2769 τῇ
1043 2697 1150 2771 ἰδίᾳ
1180 2701 1249 2755 τά
1283 2682 1622 2774 ἀνθρώπιναι
1655 2708 1852 2778 Γέγονε

265 2770 444 2829 τοίνυν
465 2779 545 2844 είς
578 2779 933 2841 ὑποτύπωσιν
963 2790 1044 2851 είς
1073 2791 1222 2860 ἡμᾶς
1252 2792 1612 2865 ἀνθρωπίνως
1642 2800 1849 2865 ἐκεῖνα,

264 2867 516 2943 καθάπερ
540 2873 678 2946 ἔφην
704 2877 761 2929 ὲν
785 2878 1007 2950 ἀρχαῖς,
1034 2882 1122 2936 ἵνα
1152 2888 1265 2947 τοῖς
1298 2886 1500 2959 ἴχνεσιν
1529 2892 1698 2945 αὑτοῦ
1750 2897 1849 2947 ἐπ-

262 2962 743 3037 ακολουθήσωμεν.
763 2970 935 3025 Τοῦτο
961 2974 1070 3046 γὰρ
1100 2976 1379 3047 ἐποίησεν,
1407 2981 1626 3053 ἐφάπαξ
1655 2986 1849 3040 ἑαυτὸν

263 3058 660 3151 προσενέγκας.
720 3062 779 3116 Ὀ
830 3064 995 3136 νόμος
1042 3068 1152 3140 γάρ
1198 3070 1523 3142 καθίστησιν
1573 3077 1849 3151 ἀρχιερεῖς

262 3146 494 3243 ἔχοντας
515 3151 836 3209 ἀσθένειαν·
875 3160 903 3211 ὁ
943 3157 1100 3229 λόγος
1134 3161 1191 3216 δὲ
1220 3164 1321 3235 τῆς
1362 3146 1714 3238 ὁρκωμοσίας
1736 3146 1847 3243 τῆς

265 3240 408 3334 μετά
450 3241 541 3297 τὸν
581 3244 770 3316 νόμον,
808 3248 937 3303 Υἱὸν
970 3254 1051 3316 είς
1079 3254 1170 3307 τὸν
1200 3256 1374 3311 αἰῶνα
1403 3240 1846 3334 τετελειωμένον,

265 3332 366 3405 μιᾷ
413 3334 513 3404 μὲν
554 3344 864 3412 προσφορᾷ,
910 3342 1065 3415 δῆλον
1112 3346 1167 3400 δὲ
1199 3349 1282 3402 ὅτι
1326 3351 1391 3420 τῇ
1433 3350 1522 3406 διὰ
1564 3332 1673 3408 τοῦθ
1703 3357 1841 3412 ὶδίου

263 3422 537 3520 σῶματος,
553 3424 633 3502 [ᾖ]
654 3450 671 3481 ι
692 3434 1041 3491 τετελείωκεν
1059 3441 1135 3504 εἰς
1152 3441 1211 3494 τὸ
1220 3442 1468 3516 διηνεκὲς
1482 3449 1609 3513 τοὺς
1624 3440 1847 3520 ἀγὶαζο-

264 3515 497 3612 μὲνουςό
513 3520 717 3612 Κύριος
732 3525 889 3596 ἡμῶν
904 3528 1113 3599 Ἰησοῦς
1129 3535 1384 3605 Χριστός.
1401 3558 1522 3591 ›-‹
1534 3515 1847 3612 Προσκεκό-

262 3622 391 3703 ginis
422 3606 760 3703 γάρ-ὲαυτὺν
792 3615 930 3688 ὑπὲρ
967 3618 1169 3689 ἡμῶνι)
1203 3624 1284 3687 εἰς
1312 3626 1489 3697 ὀσμὴν
1516 3606 1745 3692 εὐωδίας
1770 3630 1848 3703 τῷ

259 3694 379 3766 Θεῷ
401 3696 497 3750 καὶ
528 3699 756 3772 Πατρὶ,›
777 3704 871 3758 καὶ
900 3707 1220 3765 τετελείωκε
1254 3694 1461 3784 νοητῶς
1489 3716 1583 3770 διὰ
1607 3694 1848 3785 πίστεως

259 3787 353 3841 καὶ
391 3788 691 3863 ἀγιασμοῦ,
719 3796 897 3851 καίτοι
923 3799 1022 3870 τῆς
1054 3805 1284 3876 νομικῆς
1315 3807 1574 3880 λατρείας
1605 3812 1843 3867 τελειού-

261 3895 361 3949 σης
393 3882 567 3939 οὐδέν.
615 3886 907 3960 Τοιγάρτοι
940 3893 1245 3965 κατέληξαν
1290 3899 1389 3970 μὲν
1431 3902 1481 3955 οἱ
1515 3902 1712 3972 τύποι,
1749 3907 1845 3960 καὶ

262 3974 537 4032 πέπαυται
588 3982 690 4051 τῆς
731 3983 984 4055 Αρχαίας
1016 3987 1296 4062 Διαθήκης
1352 3993 1413 4046 τὸ
1468 3995 1727 4068 ἀνόνητον
1786 4001 1845 4054 ὲν

262 4068 714 4162 σκιαῖςοηγέγονε
745 4074 801 4128 δὲ
830 4078 1149 4149 ἀναγκαίως
1195 4083 1551 4160 ἐπεισαγωγὴ
1593 4093 1844 4162 κρείττο-

259 4172 352 4252 νος
376 4158 611 4252 έλπίδος,
653 4165 721 4219 δι’
749 4162 818 4241 ἧς
846 4171 1140 4243 ἐγγίζομεν
1171 4174 1251 4247 τῷ
1280 4177 1421 4250 Θεῷ,
1459 4158 1841 4252 μεσιτεύοντος

257 4246 354 4353 τοὺ
385 4250 660 4353 Χριστοῦ,
685 4258 796 4353 -καὶ
844 4261 902 4315 ἐν
948 4264 1101 4331 τάξει
1146 4246 1433 4338 γεγονότος
1461 4246 1839 4353 ’ἀρχιερατικῇ

257 4339 350 4393 διά
378 4359 459 4396 τοι
482 4344 581 4415 τὴν
604 4348 741 4419 πρὸς
777 4352 925 4422 ἡμᾶς
952 4357 1233 4427 ὁμοίωσιν.

1968 2069 2265 2125 tentatione
2289 2067 2652 2124 obedientiam
2693 2070 2922 2126 discere.
2954 2069 3119 2139 Atqui
3162 2078 3422 2124 extremae
3453 2084 3551 2124 vc-

1964 2161 2132 2216 saniae
2179 2161 2340 2216 fuerit
2393 2162 2509 2217 bare
2557 2162 2763 2218 sentire
2787 2162 2873 2217 vel
2905 2162 3126 2218 dicere:
3160 2172 3245 2218 est
3266 2162 3411 2216 enim
3451 2160 3566 2218 Dei‘

1964 2253 2201 2309 Verbum
2242 2252 2604 2323 omnipotens,
2649 2263 2825 2310 morte
2854 2255 3128 2324 superius,
3178 2256 3349 2324 majus
3392 2254 3549 2311 deni-

1963 2359 2068 2414 que
2110 2360 2271 2413 quam
2320 2354 2379 2399 ut
2423 2347 2722 2416 perpessio,
2771 2354 2871 2400 aut.
2916 2344 3024 2399 ulla
3054 2346 3277 2399 omnino
3313 2346 3565 2401 humana'

1968 2438 2201 2492 formido
2250 2439 2302 2492 in
2354 2439 2526 2507 ipsum
2577 2440 2773 2493 cadere
2821 2437 3020 2496 valeat.
3056 2439 3253 2493 Verum
3298 2437 3422 2493 licet
3448 2453 3545 2493 sua

1967 2540 2157 2584 natura
2187 2530 2452 2600 ejusmodi
2483 2531 2575 2597 sit,
2607 2532 2779 2586 nostri
2810 2541 2988 2586 tamen
3023 2548 3185 2586 causa
3216 2548 3310 2588 eas
3341 2532 3551 2602 passio-

1962 2638 2060 2677 nes
2090 2623 2364 2677 sustinuit.
2405 2623 2589 2693 Itaque
2620 2639 2794 2695 neque
2830 2640 2999 2694 purus
3037 2634 3244 2679 tantum
3274 2628 3437 2681 homo
3463 2634 3549 2681 est

1962 2714 2236 2781 Christus,
2272 2730 2449 2784 neque
2475 2714 2713 2770 Verbum
2750 2725 2953 2773 nostra:
2986 2719 3170 2772 carnis
3199 2733 3416 2788 expers,
3449 2717 3547 2774 sed

1964 2807 2198 2861 Verbum
2256 2817 2455 2861 nostra:
2502 2818 2709 2861 natura:
2740 2808 2972 2873 ttnitum,
3001 2810 3297 2864 secundum
3325 2825 3384 2865 se
3429 2808 3550 2879 qui-

1965 2901 2085 2964 dem
2157 2899 2478 2969 impatibile,
2543 2901 2776 2954 humana
2837 2912 3016 2956 autem
3068 2903 3279 2971 patiens
3340 2903 3393 2956 in
3449 2916 3547 2957 sua

1966 3006 2150 3046 carne.
2200 2993 2331 3057 Qua:
2366 2993 2528 3062 igitur
2560 3002 2617 3046 ut
2664 2993 2825 3048 homo
2877 2994 3099 3062 pertulit
3150 3010 3211 3050 ea
3248 2994 3348 3065 (ut
3387 2994 3546 3065 paulo

1961 3095 2089 3139 ante
2128 3083 2488 3154 dicebamus),
2527 3084 2757 3141 nobisin
2807 3087 3110 3155 exemplum
3152 3097 3545 3158 proponuntur,

1960 3192 2068 3247 quo
2101 3178 2359 3234 nimirum
2406 3180 2648 3250 vestigiis
2700 3178 2843 3236 illius
2890 3181 3205 3235 insistamus
3231 3182 3345 3250 qui,
3380 3181 3545 3237 semel

1961 3284 2023 3324 se
2050 3269 2304 3336 offerens,
2337 3286 2451 3326 rem
2478 3281 2648 3325 totam
2675 3271 2932 3327 confecit.
2969 3275 3112 3327 Sane
3144 3272 3226 3326 lex
3263 3274 3548 3342 pontiliccs

1949 3362 2258 3430 inﬁrmitati
2305 3364 2569 3419 obnoxios
2644 3363 3007 3429 instituebat,
3060 3379 3245 3418 verum
3316 3366 3542 3435 jurisju-

1958 3457 2113 3511 randi
2145 3472 2327 3513 sermo
2369 3468 2491 3526 post
2539 3457 2711 3528 legem
2764 3459 2960 3522 editus,
3014 3457 3174 3530 164.
3207 3456 3404 3513 Filium
3437 3475 3543 3513 una

1958 3549 2235 3605 oblatione
2266 3550 2317 3603 in
2352 3560 2613 3604 aeternum
2658 3561 3095 3605 consummatum
3126 3553 3445 3619 pronuntiat
3471 3551 3540 3617 ";

1955 3654 2020 3696 ea
2079 3640 2193 3711 ipsa
2258 3641 2531 3705 videlicet,
2585 3656 2688 3711 qua
2749 3660 2768 3693 ι
2830 3640 3090 3695 Dominus
3148 3652 3337 3696 noster
3387 3640 3542 3697 Jesus

1955 3731 2206 3788 Christus
2233 3733 2601 3789 sanctiﬁcatos
2643 3747 2738 3802 per
2763 3733 3039 3804 praprium
3079 3749 3275 3803 corpus
3320 3734 3371 3786 in
3399 3748 3543 3787 sem-

1955 3825 2225 3894 piternum
2266 3826 2665 3880 consummavit
2690 3825 2758 3880 ⁸⁷.
2809 3844 2830 3879 ι
2860 3853 2933 3866 -
2966 3844 2985 3877 ι
3024 3826 3226 3881 Obtulit
3255 3827 3400 3880 enim
3448 3842 3538 3879 se-

1950 3916 2127 3986 ipsum
2146 3932 2243 3987 pro
2259 3918 2416 3973 nobis
2443 3919 2495 3972 in
2513 3919 2735 3973 odorem
2753 3919 3035 3974 suavitatis
3058 3920 3165 3975 Deo
3186 3929 3240 3975 et
3260 3921 3401 3975 Patri
3424 3920 3492 3985 9°,
3516 3940 3535 3972 ι

1951 4010 2287 4080 perfecitque
2322 4026 2420 4065 nos
2455 4026 2550 4080 per
2582 4012 2742 4066 ﬁdem
2785 4019 2841 4067 et
2892 4011 3191 4081 spiritalem
3227 4014 3541 4069 sanctiﬁca-

1955 4100 2177 4167 tiouem,
2223 4116 2343 4155 cum
2386 4101 2519 4172 legis
2558 4103 2794 4172 antiquae
2837 4103 3014 4159 cultus
3062 4104 3271 4159 nullum
3316 4108 3540 4160 omnino
3611 4102 3625 4123 '

1949 4190 2016 4245 ad
2051 4192 2439 4262 perfectionem
2479 4194 2775 4249 adduceret
2808 4195 2879 4249 θ’,
2916 4193 3068 4250 Unde
3096 4204 3150 4248 et
3191 4195 3375 4264 ﬁgurae
3404 4210 3541 4263 quo-

1949 4299 2056 4354 que
2081 4294 2387 4352 cessarunt,
2418 4294 2473 4341 et
2500 4285 2808 4342 umbratilis
2835 4286 2926 4342 illa
2963 4287 3173 4342 Veteris
3203 4286 3536 4341 Testamenti

1951 4376 2291 4447 impcrfectio
2332 4394 2363 4433 e
2410 4378 2589 4433 medio
2636 4380 2850 4435 sublata
2888 4389 2989 4435 est.
3027 4380 3303 4435 Successit
3329 4391 3539 4448 autem,

256 4435 553 4542 etquidem
584 4446 919 4509 necessario,
953 4451 1191 4508 melioris
1221 4457 1335 4525 spei
1395 4457 1745 4529 intmdnctio,
1812 4481 1911 4537 per
1947 4435 2133 4539 quam,
2182 4470 2580 4527 interveniente
2631 4469 2854 4528 Christo
2901 4474 2993 4542 qui
3044 4482 3263 4542 propter
3327 4484 3536 4528 natura:

256 4528 665 4637 similitudinem
713 4537 766 4592 in
803 4541 1136 4608 pontiﬁcium
1190 4551 1434 4605 ordinem
1483 4566 1700 4611 evectus
1735 4528 1838 4627 est,
1879 4528 1988 4618 Deo
2018 4528 2537 4637 appropinquamus.

326 4625 459 4681 MP.
502 4629 652 4701 Πλὴν
697 4631 873 4686 έκεῖνο
904 4635 1084 4707 ἀθρει⁶
1118 4641 1255 4713 Περὶ
1284 4645 1453 4700 αὑτοῦ
1491 4666 1656 4720 φησιν
1690 4653 1718 4705 ὁ
1758 4625 1845 4707 θεέ-

2020 4656 2206 4714 XLlll.
2246 4656 2726 4717 Verumenimvero
2782 4676 2904 4717 cum
2928 4661 3125 4719 Paulus
3158 4663 3306 4719 illum
3347 4681 3415 4720 ex
3450 4666 3534 4720 in-

257 4720 481 4783 σπὲσιος
515 4723 761 4790 Παῦλος,
788 4727 870 4781 ὅτι
912 4730 1235 4806 ἐσταυρώθη
1268 4737 1328 4804 ἐξ
1360 4740 1667 4809 ἀσθενείας.
1705 4742 1840 4802 Εἶτα

254 4811 374 4876 πῶς
394 4816 425 4867 ὁ
446 4816 545 4885 μὲν
574 4817 738 4888 νόμος
768 4820 1091 4893 καθίστησιν
1116 4827 1395 4900 ἀρχιερεῖς
1429 4832 1655 4904 ἔχοντας
1671 4837 1837 4892 ἀσθέφ

1948 4748 2202 4806 ﬁrmitate
2262 4751 2581 4808 crucifixum
2638 4753 2947 4823 pronuntiet
2980 4755 3020 4821 ί,
3078 4759 3349 4825 quomodo
3405 4757 3534 4827 (in-

1944 4843 2088 4913 quis)
2144 4843 2230 4898 lex
2274 4846 2585 4901 sacerdotes
2628 4847 2927 4903 anlirmitati
2955 4849 3247 4904 obstrictos
3287 4851 3529 4917 ordinat,

252 4919 431 4972 νειαν,
464 4908 495 4960 ό
517 4906 575 4961 δὲ
610 4908 768 4981 λόγος
805 4913 907 4983 τῆς
934 4915 1281 4986 ὁρκωμοσίας
1322 4922 1422 4991 τῆς
1455 4916 1594 4994 μετά
1623 4927 1715 4981 τὸν
1754 4929 1838 4983 νὸο

1963 4906 2318 5004 nsjurandum
2346 4952 2476 4991 vero
2504 4945 2625 5006 post
2653 4937 2825 5006 legem
2854 4940 3272 5009 promulgatum,
3307 4906 3528 5009 Filium,

254 5014 379 5070 μον,
423 5002 551 5056 Υἰὸν
603 5006 683 5069 εἰς
739 5005 832 5060 τὸν
878 5008 1053 5063 αἰῶνα
1105 5012 1551 5086 τετελειωμένον,
1598 5020 1684 5085 ,ὡς
1737 5022 1837 5075 οὑκ

252 5090 447 5162 ἔχοντα.
477 5094 723 5164 δηλονότι
751 5098 814 5151 τὸ
828 5100 1076 5158 ἀσθενεῖν
1098 5120 1113 5167 ;
1136 5103 1308 5160 Τοῦτο
1340 5106 1469 5179 γὰρ,
1503 5106 1680 5181 οἶμαι,
1714 5114 1837 5167 ἐστὶ

249 5183 315 5236 τὸ
344 5185 546 5255 ἀρτίως
576 5187 720 5258 ἔχον,
745 5190 913 5260 ἤγουν
935 5192 997 5246 τὸ
1020 5194 1079 5247 ὲν
1108 5197 1272 5251 παντὶ
1300 5198 1450 5271 καλῷ
1476 5203 1836 5274 τετελειωμέ-

251 5294 367 5329 νον·
405 5280 486 5332 ὂτι
518 5281 593 5351 μὴ
627 5285 751 5336 κατ’
778 5286 1021 5351 ἐκείνους
1046 5288 1167 5347 ἐστὶ
1193 5292 1320 5354 τοὺς
1354 5294 1496 5355 κατά
1522 5296 1614 5349 τὸν
1644 5298 1830 5369 νόμον,

250 5367 331 5435 οἷς
361 5372 463 5424 οὑκ
493 5374 762 5447 ἀσύνηθες
801 5380 980 5435 εἰπεῖν
1016 5382 1077 5437 τὸ
1107 5384 1200 5438 καὶ
1225 5396 1249 5424 σ
1294 5385 1549 5445 ἀσθενεῖν
1577 5390 1690 5445 ἔσθ’
1716 5394 1829 5449 ὅτε.

320 5526 659 5622 ςδιριίιιιζ-ιζι,
689 5532 1011 5622 ξῦςιΜέιιιιι.
1048 5553 1119 5603 ιν,
1320 5544 1366 5577 ⁹⁶
1398 5544 1565 5602 Hebr.
1604 5564 1701 5617 vu,
1732 5549 1821 5608 ‘28.
1899 5552 1945 5584 ’⁷
1976 5552 2139 5609 Ilcbr.
2169 5568 2222 5622 x,
2254 5554 2342 5611 M.

254 5596 268 5631 ¹
304 5596 348 5653 ll
376 5600 499 5653 Cor.
532 5616 651 5666 xm,
680 5602 733 5656 4.
786 5596 831 5636 ’ί
863 5605 1026 5662 Hebr.
1058 5596 1153 5677 vn,
1180 5612 1270 5665 ‘28.

1945 5027 2099 5096 quasi
2138 5026 2283 5081 nulla
2320 5028 2373 5083 in
2420 5029 2569 5084 illum
2614 5030 2903 5086 inﬁrmitas
2952 5035 3127 5098 cadat,
3163 5034 3216 5086 in
3266 5046 3529 5091 aeternum

1943 5127 2376 5174 consummatum
2408 5118 2819 5191 perfectumque
2842 5120 3074 5177 afﬁrmat
3110 5124 3170 5177 ’ἲ
3195 5122 3328 5178 ΙΙΙιιιΙ
3360 5127 3528 5194 enim,

1942 5210 2156 5279 Opinor,
2193 5211 2490 5281 perfectura
2522 5214 2744 5280 dicitur,
2779 5216 2925 5285 quod
2967 5217 3115 5272 omni
3143 5218 3409 5273 bonorum
3436 5236 3530 5291 ge-

1943 5318 2073 5358 nere
2101 5303 2433 5359 cutnulatum
2476 5317 2582 5361 est.
2625 5306 2893 5374 Quoniam
2922 5324 3029 5364 non
3054 5310 3178 5364 talis
3212 5321 3352 5377 erat,
3392 5329 3528 5382 qua-

1940 5395 2019 5451 les
2045 5397 2245 5454 veteris
2283 5397 2415 5468 legis
2446 5398 2790 5469 sacerdotes,
2815 5402 3016 5473 quibus
3059 5403 3375 5461 inusitatum
3420 5424 3529 5463 non

2455 5556 2501 5589 ³⁸
2538 5555 2736 5629 Ephes.
2763 5575 2815 5627 ν,
2844 5559 2898 5616 2.
3016 5561 3062 5595 ⁹⁹
3101 5561 3269 5619 llebr.
3305 5579 3405 5630 vn,
3435 5566 3520 5620 ω.

1347 5771 1522 5831 Vana:
1553 5775 1817 5835 lectiones
1845 5778 2046 5837 codicis
2070 5780 2428 5853 Seguieriani.

322 5895 349 5938 1'
388 5895 589 5956 αὐτῶν.
669 5909 689 5938 ε
796 5899 1007 5969 πάντως
1040 5906 1152 5960 καί.
