4000 6326
463 437 609 498 C395
1499 435 1556 489 S.
1602 434 1882 491 CYRILLI
1923 439 2409 496 ALEXANDRINI‘
2441 441 2769 500 ARCIIIEP.
3609 443 3760 500 {396

463 569 604 627 erat,
646 558 700 614 in
729 555 1070 613 inﬁrmitates
1108 555 1434 625 quandoque
1477 555 1738 610 incidere.
1769 555 1874 611 Sed
1904 573 2042 624 quo-

2183 560 2276 623 Ιῶς
2307 555 2400 613 οὖν
2433 561 2462 612 ὁ
2496 562 2656 624 αὐτὸς
2688 561 2782 614 καὶ
2821 559 3108 624 ἀσθενείας
3157 559 3424 631 κρείττων
3468 555 3614 613 εἶναι
3658 579 3763 613 πε-

463 652 626 707 ntodo
656 651 796 706 idem
825 658 882 704 et
915 649 1233 703 inﬁrmitate
1261 649 1433 718 maior
1453 650 1712 716 creditur,
1757 661 1941 718 utpote
1971 649 2043 703 Fi-

2178 653 2444 707 τίστευται
2471 693 2484 716 ,
2518 655 2612 706 καὶ
2657 655 2733 716 ὼς
2763 653 2891 714 Υἱὸς
2930 652 3371 722 τετελειωμένος,
3406 652 3758 722 σταυροῦται

463 745 571 800 lius
607 741 849 798 numeris
887 742 1138 796 omnibus
1176 740 1484 811 perlectus,
1517 752 1573 795 et
1617 757 1686 796 ex
1733 743 2043 797 inﬁrmitate

2187 746 2211 797 ἐ
2246 745 2339 798 καὶ
2375 745 2435 810 ἐξ
2481 746 2803 811 ἀσθενείας;
2838 745 3049 799 Οὐκοῦν
3077 745 3372 799 ἀκόλουθον
3400 746 3635 808 ἐννοεῖν,
3675 746 3763 808 ὡς

463 849 682 890 rursum
719 831 1020 889 cruciﬁxus
1059 831 1322 887 docetur?
1371 832 1443 888 Ut
1486 847 1704 888 crucem
1753 837 2043 890 secundum

2182 835 2422 908 ισθένησε
2466 839 2586 908 μὲν,
2639 837 2921 909 σαρκικῶς
2954 838 3186 907 σταυρὸν
3246 838 3586 908 ὑπομείνας·
3637 837 3762 890 ἐστι

464 941 686 984 carnem
729 925 986 989 sustinet,
1037 923 1234 979 merito
1281 923 1530 977 inﬁrmus
1569 926 1932 994 praedicatur;
1991 938 2044 982 ut

2182 946 2221 982 ἐ
2262 931 2370 1000 μὴν
2415 931 2492 993 ὡς
2533 930 2666 994 Θεὸς
2710 930 2804 984 τοῦ
2855 931 3106 985 ἀσθενεῖν
3142 931 3427 985 ἐπέκεινα’
3465 949 3485 982 t
3527 931 3606 984 Τὸ
3642 931 3762 998 γὰρ

465 1028 647 1074 autem
696 1018 840 1072 Deus
879 1026 983 1082 est,
1033 1017 1228 1085 quavis
1269 1016 1585 1070 infirmitate
1629 1019 1876 1085 superior
1909 1028 2045 1074 recte

2182 1022 2373 1092 ινεῦμα
2418 1022 2721 1094 πρόθυμον,
2755 1024 2788 1093 ἡ
2817 1023 2874 1076 δέ
2912 1023 3049 1094 σὰρξ
3092 1021 3346 1093 ἀσθενής.
3382 1041 3400 1073 t
3458 1023 3526 1076 Εξ
3574 1023 3637 1075 δὲ
3688 1023 3762 1092 δὴ

465 1108 766 1165 asseritur:
829 1126 851 1159 ο
878 1108 1115 1176 Spiritus
1151 1108 1296 1162 enim
1347 1119 1633 1177 promptus
1663 1119 1769 1174 est,
1797 1125 1926 1164 caro
1959 1126 2045 1164 au-

2183 1115 2393 1183 .έγοιεν,
2445 1119 2548 1185 τὴν
2595 1116 2883 1170 ἀσθένειαν
2924 1119 2984 1170 ἐν
3016 1115 3192 1186 τούτῳ
3233 1115 3312 1185 τῷ
3344 1118 3401 1167 ἐν
3445 1115 3763 1185 ἁμαρτίαις

465 1211 576 1258 tem
622 1203 833 1256 inﬁrma
862 1201 906 1255 ³.
942 1220 960 1251 t
997 1199 1150 1267 Quod
1189 1202 1232 1254 si
1272 1203 1363 1269 qui
1411 1211 1557 1266 sunt,
1600 1204 1690 1270 qtti
1723 1202 2045 1258 inﬁrmitatis

2187 1204 2296 1261 ίναι
2346 1207 2540 1276 δηλοῦν
2571 1208 2698 1272 τοὺς
2748 1209 2894 1263 κατὰ
2944 1209 3108 1278 νόμον
3160 1208 3539 1281 ἱερατεύοντας
3557 1208 3613 1273 δ,
3655 1210 3764 1262 οὐκ

466 1296 688 1350 nomine
737 1294 790 1349 id
839 1309 1002 1347 unum
1041 1295 1129 1347 hic
1175 1294 1440 1348 insinuari
1480 1295 1832 1358 contendant,
1864 1312 2046 1364 nempe

2184 1299 2540 1370 ιντιτάξομαι⁹
2567 1300 2826 1371 σύμφημι
2853 1299 2910 1352 δέ
2941 1301 3140 1370 μᾶλλον
3165 1299 3300 1370 ὀρθά
3322 1302 3416 1353 καὶ
3437 1300 3584 1352 οὕτω
3607 1303 3764 1353 νοεῖν

466 1387 611 1456 quod
643 1385 842 1458 legales
873 1387 1107 1440 ministri
1141 1401 1247 1439 non
1277 1387 1394 1439 sine
1426 1387 1660 1454 peccatis
1686 1389 1848 1440 vitam
1878 1403 2046 1442 trans-

2180 1393 2480 1462 ἱρημένοις.
2510 1393 2720 1446 Οὐκοῦν
2749 1395 2802 1446 οἱ
2838 1393 2938 1464 μέν
2969 1395 3111 1446 κατά
3143 1394 3307 1463 νόμον
3338 1394 3621 1463 ἱερουργοὶ
3651 1393 3760 1445 θυ-

465 1481 717 1549 igebant;
774 1495 882 1534 non
931 1494 1170 1548 repugno
1220 1479 1371 1548 (imo
1434 1480 1485 1532 itt
1546 1481 1686 1534 hanc
1729 1483 2045 1535 sententiam

2182 1483 2283 1545 ria;
2313 1482 2548 1555 ἔχρῃζον
2586 1484 2648 1536 οὐ
2697 1484 2848 1554 μιᾶς,
2887 1484 3151 1536 πλειόνων
3180 1483 3236 1536 δέ
3273 1483 3497 1553 μᾶλλον,
3545 1483 3649 1536 ἇτε
3687 1484 3762 1555 δὴ

467 1574 700 1629 libenter
744 1572 1032 1642 concedo)
1062 1582 1206 1626 recte
1258 1574 1360 1626 hoc
1400 1583 1560 1639 pacto
1596 1576 1800 1629 sentire
1826 1576 2047 1628 volenti-

2182 1575 2529 1644 προσάγοντες
2556 1574 2678 1646 καθ’
2702 1575 2918 1645 ἡμέραν
2939 1575 3078 1645 ὑπέρ
3105 1592 3163 1627 τε
3190 1574 3372 1627 αὐτῶν
3404 1575 3498 1627 καὶ
3519 1576 3636 1627 τῶν
3658 1575 3762 1626 τοῦ

462 1667 590 1725 bus.
630 1665 789 1735 Legis
825 1667 1050 1735 proinde
1091 1665 1322 1719 ministri
1376 1680 1484 1718 non
1532 1683 1658 1732 uno,
1690 1670 1782 1722 sed
1817 1670 2042 1738 plut-ilius

2184 1663 2295 1716 ,αοῦ
2342 1665 2731 1735 ἀγνοημάτων,
2782 1665 2870 1716 διὰ.
2901 1665 2964 1715 τὸ
2991 1663 3309 1726 πλειστάκις
3337 1662 3611 1725 ἀσθενεῖν,
3659 1663 3764 1714 καὶ

467 1759 756 1815 sacriﬁciis
783 1757 1120 1829 indigebant,
1149 1761 1358 1828 utgqnos
1381 1761 1622 1826 quotidie
1651 1769 1759 1814 tam
1796 1779 1892 1831 pro
1918 1766 2047 1832 suis,

2179 1755 2454 1827 inepévsw
2502 1757 2846 1827 μαλακισμὸν
2888 1758 2983 1810 τὸν
3031 1759 3110 1820 είς
3169 1755 3511 1827 πολύτροπον
3566 1757 3759 1827 ἁμαρ-

467 1867 632 1922 qttatn
679 1866 778 1922 pro
839 1851 1022 1922 pepuli
1081 1852 1401 1921 ignorantiis
1453 1851 1651 1907 olferre
1700 1865 1974 1922 oporteret
2011 1856 2047 1919 δη

2180 1849 2318 1901 τίανο
2363 1851 2391 1901 ὁ
2436 1849 2492 1901 δέ
2543 1851 2810 1919 κρείττων
2845 1850 3118 1920 ἁμαρτίας
3168 1851 3453 1922 ὑπάρχων,
3487 1851 3565 1915 ὡς
3595 1850 3760 1914 Θεὸς,

468 1913 762 2013 propterea
814 1913 1069 1997 nimirum
1101 1913 1263 2012 'quod
1306 1943 1538 1997 subinde
1579 1943 1630 1996 in
1677 1913 1810 1998 alias
1843 1956 1896 2000 et
1927 1949 2048 2001 alia:

2182 1913 2609 2012 προσκεκόμικεν
2635 1942 2852 2006 ἑαυτὸν,
2997 1941 3227 2010 γέγονεν
3251 1913 3410 2012 ήμίῦν
3431 1913 3593 2012 ἀρχιε
3605 1943 3762 2013 ρεὺς,

470 2034 817 2088 inﬁrmitates
846 2034 1283 2103 prolaberentur,
1315 2050 1491 2104 eoque
1519 2037 1778 2104 languore
1812 2047 2050 2091 teneren-

2190 2035 2530 2104 ινορωπίνως
2566 2036 2664 2105 μὲν
2699 2035 2992 2104 λεγόμενος
3041 2035 3398 2105 λειτουργεῖν,
3453 2033 3770 2104 ξερατεὺων

471 2136 580 2188 tur,
612 2127 782 2196 quiin
819 2126 1100 2196 multiplex
1152 2135 1434 2195 peccatum
1479 2128 1720 2181 abducit.
1754 2127 1847 2182 Ille
1881 2139 2051 2192 autent

2187 2129 2226 2180 ῑέ
2259 2128 2337 2198 τῷ
2367 2129 2543 2194 Πατρὶ
2565 2130 2626 2180 τὸ
2654 2128 2784 2181 ἴδιον
2815 2129 2992 2198 σῶμα.
3025 2128 3357 2198 Θεοπρεπῶς
3383 2122 3483 2181 οὖν
3508 2129 3624 2199 ἄρα
3656 2147 3767 2182 πα-

470 2217 647 2285 major
671 2231 834 2288 quam
865 2216 957 2286 qui
1001 2232 1228 2286 peccare
1265 2217 1454 2285 possit,
1503 2228 1691 2285 utpote
1726 2219 1890 2282 Deus,
1930 2237 2050 2288 pon-

2193 2224 2285 2273 ie't’v
2318 2222 2418 2274 οὐκ
2458 2223 2710 2292 ἀνέχεται
2745 2222 2843 2293 τὴν
2881 2222 3178 2291 ἁμαρτίαν,
3213 2221 3296 2275 ὅτι
3330 2221 3408 2292 μὴ
3439 2220 3664 2290 φύσεως
3694 2218 3773 2293 ἦν

404 2297 408 2301 ’
469 2310 605 2366 tifex
637 2321 824 2366 noster
845 2307 1100 2373 eﬁ’ectus,
1136 2324 1200 2362 ac
1231 2309 1528 2364 secundum
1567 2311 1860 2364 humanam
1904 2323 1984 2364 nat

2192 2314 2430 2384 Γενητῆς,
2461 2315 2562 2366 οὐκ
2597 2314 2828 2384 ἐχούσης
2857 2314 3131 2377 οὐσιωδῶς
3162 2313 3223 2366 τὸ
3252 2313 3544 2384 ἄτρεπτον,
3572 2316 3676 2368 καὶ
3703 2316 3772 2368 τὸ

471 2415 591 2453 ram
649 2399 908 2453 sacerdos
975 2398 1298 2469 appellatus,
1363 2397 1507 2452 Patri
1579 2414 1736 2453 suum
1787 2401 2051 2468 propriunt

2194 2407 2247 2469 ;ἱς
2274 2406 2421 2459 ἅπαν
2443 2405 2838 2476 διαδιδράσκειν
2856 2405 3117 2460 δύνασθαι
3134 2406 3232 2476 τὴν
3259 2406 3559 2475 ἁμαρτίαν.
3581 2405 3723 2470 Θεὸς
3741 2418 3774 2445 ο

469 2506 678 2561 corpus
719 2491 918 2546 obtulit
958 2502 1016 2546 et
1064 2493 1428 2547 consecravit.
1461 2491 1769 2549 Secundum
1813 2502 2049 2546 naturan'

2190 2496 2263 2553 ιῦν
2296 2500 2403 2570 ἄρα
2450 2501 2566 2553 ἐστὶ
2602 2501 2940 2566 παντέλειος,
2969 2498 3402 2570 ἀνεπικούρητον
3431 2499 3576 2569 ἔχων
3632 2501 3770 2570 παρ’

470 2584 701 2652 proinde
752 2584 992 2640 divinam
1023 2584 1077 2639 in
1125 2595 1406 2653 peccatum
1440 2585 1650 2654 prolabi
1687 2601 1792 2640 non
1831 2597 2040 2655 poterat

2192 2593 2362 2664 ιτέρου
2391 2595 2454 2647 τὸ
2482 2595 2819 2664 ἀκράδαντον
2855 2595 2935 2658 εἰς
2970 2594 3266 2663 ἀγιασμὸν,
3297 2592 3518 2662 φύσεώς
3539 2610 3605 2646 τε
3635 2611 3772 2666 καρ-

472 2693 600 2730 cum
634 2691 740 2731 non
770 2687 914 2731 esset
946 2689 1153 2732 natura:
1190 2690 1408 2742 creatae,
1443 2695 1563 2747 qum
1607 2693 1704 2747 per
1741 2693 1800 2732 se
1829 2694 1932 2732 non
1971 2681 2052 2732 ha-

1526 2695 1563 2733 r
1607 2693 1704 2747 per
1741 2693 1800 2732 se
1829 2694 1932 2732 non
1971 2681 2066 2732 ha-
2173 2682 2275 2734 πὸν
2307 2682 2443 2746 ἰδίας
2468 2683 2607 2754 ἔχων
2634 2684 2692 2736 τὸ
2725 2684 3106 2755 ἀπλημμελές.

471 2770 567 2824 bet
615 2768 1142 2835 immutabilitatem,
1182 2785 1283 2823 nec:
1333 2785 1492 2839 posse
1539 2769 1758 2822 omnino
1793 2769 1950 2840 165
1991 2771 2164 2825 vitare
2232 2785 2536 2840 peccatum.
2583 2776 2723 2829 Deus
2770 2776 2953 2844 itaque
3019 2784 3104 2830 est
3166 2775 3312 2829 omni
3335 2790 3400 2830 ex
3432 2783 3595 2843 parte
3643 2791 3768 2845 per-

475 2865 676 2928 fectus,
707 2875 763 2918 et
801 2864 952 2918 nullo
985 2865 1240 2931 praesidio
1283 2864 1507 2934 indiget,
1554 2873 1613 2917 ut
1659 2864 1710 2916 in
1743 2877 1840 2916 sua
1864 2867 2156 2921 sanctitate
2187 2867 2379 2924 ﬁrmus
2448 2870 2728 2939 persistat,
2783 2885 2906 2925 cum
2979 2872 3052 2926 sit
3115 2881 3319 2926 natura:
3343 2869 3462 2938 ejus
3510 2871 3774 2940 proprius

474 2958 688 3012 fructus
718 2959 1161 3029 impeccabilitas.
2643 2999 2653 3012 .
3217 3017 3224 3025 ,

550 3054 738 3110 XLIV.
795 3072 828 3108 «ι
866 3055 1172 3125 Capitulum
1221 3067 1400 3109 autem
1432 3071 1600 3125 super
1629 3072 1693 3110 ea
1733 3072 1851 3127 qua:
1877 3058 2070 3111 dicun-
2103 3062 2130 3122 (

2249 3057 2381 3113 ΜΝ.
2436 3081 2452 3112 t
2489 3059 2798 3128 Κεφάλαιον
2827 3059 2882 3112 δέ
2915 3059 3007 3112 ἐπὶ
3046 3060 3158 3121 τοῖς
3185 3056 3535 3126 λεγομένοις
3567 3055 3768 3108 Τοιοῦ-

481 3159 606 3205 tur:
659 3148 844 3203 Talem
878 3151 1138 3205 habemus
1192 3150 1524 3218 pontilicem,
1574 3153 1665 3219 qui
1713 3153 1962 3205 consedit
2015 3151 2061 3204 in

2198 3169 2269 3205 τον
2295 3153 2488 3222 ἔχομεν
2513 3153 2794 3225 ἀρχιερέα,
2824 3152 2882 3214 ὃς
2913 3150 3164 3205 ἐκάθισεν
3187 3151 3244 3202 ἐν
3271 3147 3421 3218 δεξιᾷ
3442 3146 3540 3199 τοῦ
3574 3147 3778 3218 θρόνοι»

479 3242 708 3297 dextera
737 3242 882 3297 sedis
912 3244 1300 3312 magnitudinis
1336 3243 1389 3295 in
1417 3243 1592 3303 ςωΙίε.
1620 3254 1931 3298 sanctorum
1969 3245 2059 3296 mi-

2198 3242 2278 3312 τῆς
2308 3242 2701 3312 μεγαλωσύνης
2745 3243 2804 3293 ἐν
2849 3244 2963 3304 τοῖς
2991 3241 3261 3310 οὐρανοῖς,
3304 3237 3414 3290 τῶν
3446 3236 3630 3306 ἁγίων
3668 3236 3778 3288 λει-

483 3336 677 3400 nister,
708 3345 763 3389 et
796 3335 1130 3389 tabernaculi
1174 3336 1309 3400 veri,
1359 3336 1502 3404 quod
1537 3335 1658 3388 ﬁxit
1705 3335 1985 3400 Dominus,
2021 3349 2063 3390 et

2200 3333 2429 3404 τουργὸς,
2466 3335 2561 3388 καὶ
2594 3333 2694 3403 τῆς
2726 3333 2934 3403 σκηνῆς
2961 3333 3061 3402 τῆς
3085 3331 3375 3402 ἀληθινῆς,
3411 3330 3480 3400 ἢν
3511 3329 3721 3400 ἔπηξεν
3749 3332 3780 3381 ὁ

483 3443 592 3483 non
640 3429 808 3483 homo
840 3429 883 3481 ⁸.
925 3446 952 3478 ›
1001 3426 1170 3482 Vetus
1215 3426 1346 3480 illud
1397 3427 1811 3482 tabernaculum
1843 3443 1941 3497 per
1983 3443 2063 3481 sa-

2198 3404 2408 3495 Ku’ptog,
2433 3426 2527 3478 καὶ
2554 3426 2651 3478 οὐκ
2672 3425 2978 3497 ἄνθρωπος.
3003 3443 3021 3474 ι
3044 3422 3343 3492 Ἐγήγερτο
3371 3422 3472 3491 μὲν
3502 3421 3654 3474 κατὰ
3680 3423 3778 3491 τὴν

483 3519 887 3588 pientissimnm
935 3519 1155 3591 Moysen
1201 3520 1254 3573 in
1279 3519 1496 3572 deserto
1545 3521 1938 3574 exarditicatum
1969 3529 2063 3582 est,

2197 3518 2442 3588 ἑρημονή
2483 3519 2686 3587 ἀρχαία
2713 3519 2888 3587 σκηνὴ
2914 3517 3001 3570 διὰ
3023 3515 3117 3569 τοῦ
3145 3513 3425 3583 πανσόφου
3465 3515 3777 3577 Μωῦσέως.

485 3612 652 3682 idque
684 3613 750 3667 ad
789 3613 1021 3666 formam
1073 3615 1128 3667 in
1179 3624 1365 3668 monte
1413 3614 1486 3668 illi
1528 3614 1978 3667 demonstratam.
2012 3612 2065 3666 Et

2201 3611 2482 3680 τεποίηται
2511 3612 2566 3662 δέ
2598 3609 2742 3663 κατά
2772 3611 2863 3662 τὸν
2897 3609 3069 3662 τύπον
3095 3609 3188 3661 τὸν
3226 3608 3512 3678 δειχθέντα
3535 3605 3692 3676 αὐτῷ
3721 3608 3781 3657 ἐν

488 3707 709 3776 quidem
744 3704 960 3761 Veteris
993 3706 1326 3760 Testamenti
1373 3705 1750 3760 sacerdotibus
1796 3714 1915 3759 erat
1947 3704 2068 3758 illud

2202 3702 2259 3772 τῷ
2288 3702 2405 3772 ὄρει
2431 3719 2445 3734 ·
2488 3705 2583 3756 καὶ
2621 3705 2732 3766 τοῖς
2764 3702 2864 3772 μὲν
2898 3700 3042 3754 κατὰ
3073 3700 3165 3754 τὸν
3197 3701 3360 3770 νόμον
3396 3697 3782 3769 ἱερατεὺουσιν

489 3797 834 3866 aptissimum
869 3815 883 3851 :
940 3808 995 3852 at
1043 3813 1172 3852 vero
1212 3798 1581 3851 habitaculum
1629 3797 1849 3852 Christo
1880 3812 2069 3852 conve-

2201 3797 2368 3865 ικείνη
2417 3795 2886 3867 πρεπωδεστάτηο
2937 3795 3260 3864 ἐνδιαίτημα
3313 3793 3369 3846 δὲ
3418 3793 3499 3860 τῷ
3548 3790 3781 3862 Χριπῷ

488 3889 648 3944 niens
682 3900 769 3944 est
810 3905 1044 3959 superna
1092 3891 1180 3945 illa
1227 3901 1567 3960 venustoque
1601 3892 1820 3953 civitas,
1857 3891 1962 3944 hoc
1997 3899 2068 3944 est

2200 3890 2396 3959 πρέπον
2425 3906 2484 3940 τε
2517 3888 2612 3941 καὶ
2643 3887 2820 3951 ἐοικὸς
2850 3889 2882 3958 ἡ
2916 3889 3026 3942 άνω
3066 3885 3404 3946 καλλίπελις,
3432 3884 3724 3936 τουτέστιν
3753 3885 3780 3933 ὁ

491 3983 713 4045 caelum,
745 3981 986 4035 divinum
1023 3999 1155 4037 sane
1199 3999 1581 4053 summumque
1637 3983 2071 4048 tabernaculum,

2200 3981 2434 4051 γῦρανὸς,
2469 3981 2504 4050 ἡ
2535 3980 2657 4033 θεία
2687 3997 2748 4032 τε
2789 3983 2882 4033 καὶ
2907 3981 3170 4033 ἀνωτάτω
3203 3976 3398 4047 σκηνὴ,
3426 3975 3524 4028 καὶ
3545 3976 3655 4027 οὐκ
3685 3975 3780 4027 ἀν-

493 4089 601 4127 non
647 4073 781 4128 artis
831 4076 1080 4128 humana:
1137 4076 1435 4140 inventum,
1484 4079 1578 4130 sed
1616 4087 1890 4142 sanctum,
1952 4087 2008 4130 et
2052 4094 2073 4130 a

2196 4073 2467 4144 Βρωπίνης
2490 4072 2703 4144 εὕρεμα
2732 4072 2952 4142 τέχνης,
2986 4072 3102 4127 ἀλλ’
3133 4071 3253 4142 ἱερά
3286 4071 3381 4123 καὶ
3425 4068 3776 4128 θεὸτευκτος.

493 4166 606 4221 Ιδεο
646 4165 1042 4233 fabrefactum;
1095 4168 1152 4220 in
1191 4169 1336 4236 quod
1379 4168 1466 4222 ille
1519 4168 1722 4234 illatus,
1762 4185 1856 4224 eos
1892 4171 1984 4239 qui
2029 4170 2073 4224 in

2203 4166 2350 4218 Ἐκεῖ
2374 4164 2615 4233 γεγονὼς
2643 4165 3004 4235 προσκομίζει
3051 4163 3129 4234 τῷ
3169 4161 3287 4232 Θεῷ
3319 4163 3413 4214 καὶ
3441 4160 3624 4230 [Iath
3655 4160 3783 4220 τοὺς

493 4259 670 4326 ipsum
719 4257 968 4321 credunt,
1018 4259 1617 4328 sanctiﬁcationemque
1670 4276 1764 4328 per
1817 4261 2073 4329 Spiritum

2204 4258 2270 4317 εἰς
2296 4255 2457 4308 αὑτὸν
2505 4254 2885 4319 πιστεύοντας,
2927 4254 3295 4325 ἡγιασμένους
3323 4251 3380 4304 δὲ
3410 4249 3665 4319 δηλονότι
3693 4247 3784 4300 δά

492 4350 773 4404 consecuti
813 4360 957 4413 sunt,
980 4350 1088 4404 Deo
1113 4360 1168 4404 ct
1192 4351 1339 4404 Patri
1371 4350 1552 4404 olfert.
1588 4371 1607 4402 ι
1647 4352 1838 4417 Nemo,
1876 4354 2072 4422 inquit,

2201 4347 2283 4400 τοῦ
2322 4346 2664 4416 Πνεύματος.
2700 4366 2717 4396 t
2756 4345 2946 4407 Οὐδεὶς
2989 4343 3099 4415 γὰρ
3134 4343 3377 4412 ἔρχεται,
3424 4340 3560 4408 φησί
3583 4379 3599 4399 ,
3646 4336 3781 4406 πρὸς

493 4443 652 4496 venit
682 4442 748 4496 ad
787 4441 1024 4508 Patrem,
1068 4443 1180 4496 nisi
1217 4459 1315 4512 per
1345 4460 1430 4497 me
1460 4445 1503 4500 ⁸.
1544 4463 1562 4496 ι
1599 4444 1902 4498 Istiusmodi
1952 4460 2073 4515 ergo

2206 4441 2281 4492 τὸν
2312 4440 2533 4510 Πατέρα
2562 4479 2576 4503 ,
2611 4440 2660 4490 εἰ
2692 4439 2766 4508 μὴ
2796 4437 2862 4490 δι’
2908 4437 3064 4507 ἐμοῦ.
3105 4457 3122 4488 t
3159 4436 3271 4488 Καὶ
3303 4425 3456 4494 οὗτος
3491 4430 3647 4500 αὐτῷ
3683 4430 3786 4498 τῆς

497 4532 640 4587 illius
665 4543 751 4587 est
779 4533 1162 4597 ministerium,
1188 4533 1254 4588 de
1283 4549 1391 4602 quo
1422 4534 1509 4588 hic
1539 4535 1770 4604 agimus.
1806 4533 1870 4588 Et
1898 4550 2077 4604 quatn«

2204 4532 2386 4585 ἐνθάδε
2417 4531 2720 4602 λεγομένης
2754 4529 3099 4601 λειτουργίας
3131 4529 3159 4581 ὁ
3191 4527 3412 4596 τρόπος.
3459 4521 3784 4594 Θεοπρεπές

493 4625 578 4679 vis
611 4639 700 4680 res
737 4625 848 4679 hanc
874 4625 1096 4691 nostris,
1131 4628 1234 4681 hoc
1262 4637 1368 4690 est,
1405 4629 1655 4681 humanis
1687 4626 1868 4681 verbis
1896 4627 2073 4696 expri-

2206 4625 2251 4678 se
2284 4625 2346 4678 τὸ
2376 4624 2592 4695 χρῆμα,
2638 4621 2740 4675 κᾶν
2769 4623 2818 4674 εἰ
2851 4624 2962 4684 τοῖς
2998 4620 3119 4674 καθ’
3151 4620 3319 4689 ἡμᾶς,
3350 4618 3520 4687 ἤγουν
3566 4615 3786 4684 ἀνθρωο

503 4727 714 4781 matur,
749 4728 833 4772 est
868 4727 1048 4772 tamen
1096 4721 1386 4774 admodum
1440 4719 1641 4774 divina.
1671 4720 1888 4784 Annon,
1922 4719 2082 4774 obse-

2207 4717 2373 4781 πίνοις
2409 4717 2730 4786 σημαίνοιτο
2758 4715 2960 4784 λόγοις.
2993 4715 3066 4766 Τὸ
3101 4713 3208 4782 γὰρ
3243 4711 3492 4780 ἁγιάζειν
3519 4705 3787 4760 δύνασθαι

498 4825 616 4876 oro,
659 4805 906 4864 divinum
945 4809 1201 4878 quiddam
1251 4821 1356 4877 est,
1382 4812 1666 4866 credentes
1697 4812 1917 4880 proprio
1959 4811 2078 4879 Spi-

2210 4810 2274 4880 ιῷ
2313 4811 2428 4881 ἰδίῳ
2456 4809 2740 4879 ΙΙνεύματι
2781 4807 2907 4870 τοὺς
2957 4803 3316 4866 πιστεύοντας
3339 4843 3353 4864 ,
3385 4800 3522 4870 ἐλέῳ
3549 4800 3650 4851 καὶ
3688 4797 3790 4866 χὰ-

496 4903 606 4956 rittt
652 4916 816 4970 posse
861 4903 1240 4968 sanetilicare;
1291 4902 1773 4971 misericordiaque
1815 4911 1871 4956 et
1913 4902 2076 4971 gratia

2207 4921 2311 4974 ριτι
2341 4901 2800 4971 δεδικαιωμένους
2826 4939 2842 4962 ,
2895 4898 2990 4950 καὶ
3024 4894 3134 4949 οἷον
3167 4893 3472 4965 ἱερουργεῖν
3518 4890 3599 4959 τῷ
3642 4887 3787 4956 Θεῷ,

497 4991 842 5060 ι-ιειίιίεοιοε,
893 4995 1094 5047 mundo
1152 5003 1450 5058 emortuos,
1503 4993 1708 5061 Spiritu
1768 4993 2077 5048 viviﬁcaitos.

2209 4996 2393 5066 κόσμῳ
2408 4995 2522 5064 ,μέν
2548 4993 3018 5062 ἀποθνήσκοντας,
3037 4986 3504 5057 ζωοποιουμένους
3528 4983 3587 5036 δὲ
3609 4982 3789 5037 Πνεύ-

502 5087 613 5137 vita
639 5085 858 5139 tandem
914 5101 1236 5155 morumque
1269 5087 1553 5141 honestate
1581 5088 1905 5154 conspicuos
1979 5086 2082 5140 Deo

2210 5103 2356 5156 ματι,
2399 5085 2494 5139 καὶ
2521 5086 2601 5147 εἰς
2627 5083 2919 5152 εὐδόκιμον
2949 5079 3168 5150 ἀληθῶς
3193 5077 3623 5147 ἀναλάμποντας
3650 5074 3790 5143 βίον,

500 5174 722 5240 oti'erre,
773 5181 1003 5246 etquasi
1036 5180 1399 5232 consecrare?
1437 5180 1589 5245 Quod
1630 5191 1813 5233 autem
1840 5181 1858 5251 (
1885 5181 2080 5234 etiam-

2211 5177 2316 5240 πῶς
2345 5179 2446 5230 οὐκ
2473 5176 2539 5231 ἂν
2567 5175 2653 5248 εἴη
2681 5173 3018 5246 θεοπρεπὲς;
3050 5174 3173 5227 "Ott
3193 5172 3271 5234 δὲ,
3293 5169 3468 5251 καίτοι
3492 5167 3791 5236 λεγόμενος

500 5271 544 5322 si
581 5269 898 5325 ministrare
942 5271 1195 5341 dicatur)
1237 5271 1400 5327 Patre
1443 5289 1618 5342 neque
1651 5275 1827 5328 minor
1857 5275 1952 5338 sit,
1991 5288 2080 5329 ne-

2212 5273 2556 5342 ιειτουργεῖν,
2609 5270 2672 5321 οὐ
2725 5270 2894 5340 μείων
2937 5266 3056 5320 ἐστὶ
3100 5264 3194 5318 τοῦ
3228 5262 3464 5333 Πατρὸς,
3511 5258 3640 5312 οὔτε
3683 5258 3792 5329 μὴν

500 5375 609 5430 que
648 5361 834 5430 gloriae
865 5361 1009 5418 illius
1039 5365 1145 5418 ulla
1175 5381 1241 5420 ex
1283 5375 1436 5434 parte
1469 5367 1649 5430 cedat,
1694 5366 1745 5420 id
1795 5367 1919 5420 inde
1945 5366 2080 5420 clare

2212 5365 2428 5418 κατόπιν
2457 5364 2679 5434 ἔρχεται
2720 5363 2818 5431 τῆς
2852 5360 3078 5429 ἐνούσης
3103 5357 3353 5420 εὐκλείας
3403 5353 3576 5423 αὐτῷ,
3621 5369 3792 5422 προε-

503 5463 759 5509 constare
829 5463 1028 5524 potest,
1089 5456 1234 5526 quod
1289 5457 1483 5512 divina:
1535 5458 1835 5524 maiestatis
1891 5457 2083 5513 solium

2215 5456 2586 5510 ιποδείκνυσιν
2622 5452 2867 5524 ἐναργῶς
2898 5453 2960 5506 τὸ
2986 5453 3098 5515 τοῖς
3150 5449 3314 5510 θείοις
3356 5445 3521 5500 αὐτὸν
3570 5442 3795 5514 ἐνιδρυ-

577 5613 600 5647 ³
626 5613 819 5670 Matth.
851 5631 1002 5680 xxvr,
1029 5616 1119 5671 4|.
1198 5616 1219 5648 δ
1246 5615 1410 5673 Hebr.
1439 5633 1538 5684 vn,
1565 5617 1658 5672 27.
1736 5618 1759 5650 ⁵
1797 5617 1964 5675 Hebr.
1992 5633 2112 5677 vm.
2147 5619 2196 5687 Ι,
2226 5615 2281 5671 2.
2397 5616 2416 5648 ⁸
2451 5615 2605 5672 Joau.
2638 5631 2748 5682 x-tv,
2781 5615 2834 5670 6.

1597 5752 1774 5810 Varia:
1797 5754 2058 5812 lectiones
2083 5753 2286 5813 codicis
2313 5752 2671 5825 Segnieriani.

585 5887 616 5933 ⁸
638 5889 1076 5962 ἱερουργούντας,
1118 5886 1248 5946 [γειΊ
1279 5886 1650 5960 ίερατοῦντας.
1729 5897 1755 5929 ο
1786 5887 1938 5951 Υἱός.
