4000 6326
318 425 342 482 1
353 429 452 485 597

1127 441 1220 496 AD
1263 442 1564 504 liEGlNAS
1603 451 1691 506 DE
1731 452 1960 510 BECTA
1999 455 2157 511 FIDE
2197 459 2459 518 ORATIO
2497 462 2798 520 ALTERA.

3439 467 3579 525 1598

315 548 440 604 σθαι
469 549 666 617 θώκοις
691 593 708 619 ,
739 557 834 610 καὶ
865 559 924 612 ἐν
950 560 1099 633 δεξιᾷ
1131 565 1407 638 καθῆσθαι
1435 571 1528 624 τοῦ
1557 573 1863 647 Γεγεννηκό

1993 579 2254 648 obtineat,
2307 595 2471 654 atque
2533 587 2671 641 adeo
2713 587 2816 657 ipsi
2853 585 3001 642 Patri
3049 588 3270 643 dextera
3318 588 3572 644 assideat.

311 643 520 739 ABE
555 645 663 717 γάρ
701 650 850 704 ἐστιν
884 651 1102 723 ἀληθὲς,
1155 659 1237 712 ὅτι
1279 663 1388 726 πᾶς
1439 664 1618 733 ἱερεὺς
1659 643 1890 739 ἕστηκεν

312 734 399 785 ἀεὶ
445 734 795 808 λειτουργῶν,
839 745 932 798 καὶ
971 746 1073 801 οὐκ
1117 749 1184 802 ἂν
1229 755 1403 807 νοοῖτό
1451 774 1583 810 ποτε
1632 759 1892 830 σύνεδρος

308 841 368 876 τε
399 826 493 879 καὶ
527 828 775 903 ίσοκλεὴς
808 828 962 908 ᾧπερ
989 839 1055 892 ἂν
1085 840 1402 915 λατρεύσειε
1434 848 1576 918 Θεῷ,
1631 851 1750 915 πῶς
1787 854 1890 907 ούκ

310 916 596 1016 άσυνήθης
643 923 927 1016 ἱερουργίας
960 930 988 982 6
1028 933 1286 1002 Χριστὸς,
1322 940 1350 990 6
1393 941 1488 994 καὶ
1526 916 1596 995 -ἐν
1634 947 1748 1001 τοῖς
1790 946 1891 1016 τῆς

311 1008 564 1106 θεότητος
628 1014 824 1084 θώκοις
876 1021 954 1084 ὡς
1007 1024 1178 1090 Θεὸς,
1245 1031 1338 1083 καὶ
1391 1032 1724 1106 λειτουργῶν
1792 1008 1888 1092 ἁνέ

309 1101 632 1202 θρωπίνμωω
665 1110 729 1163 Ei
761 1111 816 1166 δὲ
846 1113 908 1185 δή
936 1132 1020 1180 τις
1049 1117 1197 1187 λέγοι
1242 1101 1597 1192 συκοφαντῶν
1622 1101 1724 1200 τὴν
1757 1131 1888 1202 ἁλή-

305 1191 481 1261 θειαν,
506 1197 588 1250 ὄτι
608 1201 719 1254 Ναὶ
740 1204 1036 1260 κεκάθικεν
1063 1211 1122 1262 ὲν
1147 1211 1301 1284 δεξιᾷ
1323 1191 1417 1268 τού
1449 1218 1664 1290 Πατρὸς
1680 1191 1887 1287 ἐδικῶς

306 1286 593 1360 ἄνθρωπος
636 1298 986 1368 συνημμένος
1016 1302 1093 1373 τῷ
1123 1304 1240 1375 Θεῴ
1271 1308 1410 1361 κατὰ
1445 1286 1612 1380 μόνην
1644 1313 1743 1384 τὴν
1773 1286 1884 1368 ίσόέ

304 1397 444 1457 τητα
470 1385 564 1454 τῆς
593 1386 748 1452 ἀξίας
772 1405 786 1419 ⁸
827 1392 1012 1447 οὐκέτι
1053 1397 1220 1468 μόνης
1254 1396 1394 1454 εἷναί
1424 1421 1556 1472 φησι
1584 1407 1683 1476 τῆς
1723 1410 1884 1475 ἁγίας

307 1468 537 1538 Τριάδος
584 1476 677 1530 τὸν
740 1479 1003 1536 ἀνωτάτω
1055 1487 1150 1540 καὶ
1207 1491 1346 1563 μόνῃ
1397 1494 1538 1565 αὐτῇ
1603 1499 1885 1568 πρέποντα

301 1564 512 1662 θρόνον,
540 1569 655 1622 ἀλλ’
681 1572 780 1643 ἤδη
814 1592 896 1638 τις
929 1579 1062 1647 ἡμῖν
1089 1581 1350 1652 τέταρτος
1377 1564 1578 1654 οὑτοσὶ,
1628 1564 1883 1662 πρόσφα-

298 1657 392 1721 τός
437 1677 496 1712 τε
536 1662 632 1714 καὶ
662 1667 887 1733 γενητὸς
939 1672 1348 1744 ἐπεισκρίνεται
1401 1681 1553 1745 Θεὸς,
1607 1686 1744 1753 μετὰ
1785 1689 1884 1760 τὴν

298 1749 585 1819 ὁμοούσιον
615 1755 708 1806 καὶ
741 1756 905 1824 ἁγίαν
932 1761 1157 1832 Τριάδα.

1995 669 2052 726 Si
2107 674 2252 728 enim
2301 690 2486 729 verum
2550 685 2634 731 est
2685 691 2900 730 omnem
2949 679 3172 732 omnino
3239 680 3573 734 sacerdotem

1993 771 2160 828 stare,
2204 773 2264 817 ut
2306 764 2636 820 sacrificium
2675 766 2866 820 offerat
2892 768 2943 833 ";
2987 783 3162 837 neque
3211 770 3452 825 assidere
3481 780 3575 824 aut

1991 855 2140 924 paris
2170 872 2403 926 unquam
2437 859 2620 928 gloriae
2646 876 2768 913 eum
2805 859 2936 925 Deo,
2965 861 3050 916 cui
3079 861 3372 927 sacrificat,
3414 862 3574 916 intel-

1991 948 2082 1018 ligi
2127 959 2341 1017 potest:
2373 966 2483 1020 quo
2532 960 2690 1021 pacto
2718 951 2969 1007 Christus
3004 968 3144 1006 novo
3195 955 3353 1006 modo
3381 968 3570 1008 sacer-

1991 1039 2139 1093 dotio
2183 1056 2289 1094 non
2341 1041 2601 1112 fungitur,
2643 1045 2732 1113 qui
2777 1044 2848 1098 ita
2880 1055 2939 1098 ut
2981 1044 3144 1100 homo
3172 1045 3466 1107 ministrat,
3514 1055 3574 1098 ut

1990 1141 2171 1186 tamen
2203 1133 2257 1188 in
2304 1134 2608 1191 divinitatis
2639 1137 2790 1192 soliis
2828 1137 3154 1194 consideat?
3185 1138 3339 1204 Quod
3367 1139 3413 1194 si
3448 1139 3570 1209 quis

1990 1228 2271 1296 improbus
2310 1227 2570 1284 adversus
2606 1230 2890 1285 veritatem
2925 1231 3258 1302 sycophanta
3296 1231 3570 1286 hominem

1987 1321 2284 1374 secundum
2336 1321 2508 1375 solam
2550 1323 2829 1393 dignitatis
2861 1324 3228 1393 aequalitatem
3275 1325 3385 1379 Deo
3432 1341 3569 1380 con-

1983 1408 2254 1476 junctum,
2290 1411 2356 1464 ad
2389 1410 2566 1467 Patris
2608 1414 2884 1468 dexteram
2918 1415 3202 1470 considere
3246 1417 3562 1480 contendat,

1989 1502 2035 1554 is
2063 1518 2195 1557 sane
2229 1515 2458 1566 asserct.
2499 1522 2605 1559 non
2653 1507 2886 1574 amplius
2925 1508 3091 1562 solius
3131 1519 3334 1562 sancta:
3379 1506 3565 1562 Trini-

1990 1595 2116 1646 tatis
2136 1609 2259 1649 esse
2281 1610 2592 1664 supremum
2616 1598 2785 1658 illum,
2805 1609 2968 1667 atque
2993 1600 3092 1668 ipsi
3113 1598 3209 1652 soli
3235 1602 3566 1656 convenien-

1989 1694 2094 1739 tem
2119 1687 2280 1758 166
2316 1689 2590 1742 thronum.
2615 1690 2719 1744 Sed
2743 1690 2853 1759 jam
2887 1702 3114 1760 quartus
3141 1692 3362 1760 quidam
3383 1693 3568 1759 nobis.

1988 1792 2175 1833 recens
2205 1790 2257 1833 et
2290 1779 2462 1835 factus
2496 1780 2857 1836 introducitur
2906 1783 3066 1848 Deus,
3098 1793 3295 1853 praeter
3327 1784 3566 1840 consub-

1987 1868 2295 1924 stantialem
2320 1881 2376 1926 et
2403 1881 2650 1928 sanctam
2678 1871 3025 1932 Trinitatem.

548 1950 568 1982 ι
601 1933 837 2037 Χριστος
861 1937 917 1991 δὲ
954 1947 1401 2016 παραγενόμενος
1437 1953 1729 2023 ἀρχιερεὺς
1765 1959 1863 2013 τῶι

2057 1960 2217 2016 XLV.
2267 1980 2286 2014 ι
2321 1962 2568 2019 Christus
2605 1976 2782 2019 autem
2841 1928 3102 2021 assistens
3149 1967 3386 2037 pontifex
3421 1976 3566 2022 tutu-

297 2019 603 2084 μελλόντων
634 2025 876 2094 ἀγαθῶν,
908 2029 996 2084 διὰ
1023 2034 1121 2104 τῆς
1155 2038 1402 2106 μείζονος
1419 2019 1876 2120 καὶ-τελειοτέρας

293 2114 535 2179 σκηνῆς,
582 2117 643 2168 ού
684 2124 1090 2191 χειροποιήτου,
1124 2131 1402 2186 τουτέστιν
1437 2135 1499 2190 αὐ
1533 2139 1736 2209 ταύτης
1774 2141 1875 2210 τῆς

292 2204 546 2269 κτίσεως,
594 2210 716 2263 οὐδὲ
759 2212 828 2265 δι’
868 2217 1106 2286 αἵματος
1140 2222 1363 2292 τράγων
1397 2228 1488 2280 καὶ
1520 2204 1758 2300 μόσχων,
1785 2204 1872 2288 διά

288 2295 348 2395 δέ
385 2297 480 2349 τοῦ
510 2299 643 2354 ἰδίου
676 2303 910 2373 αἵματος
939 2311 1191 2380 εἰσῆλθεν
1231 2317 1452 2384 ἐφάπαξ
1493 2295 1573 2386 είς
1714 2295 1868 2395 ἅγια,

287 2388 512 2442 αἰωνίαν
546 2391 814 2463 λύτρωσιν
859 2399 1179 2472 εὑράμενος.
1225 2428 1243 2459 ι
1287 2409 1418 2462 Τίνα
1451 2412 1508 2465 δὲ
1550 2388 1896 2484 τρόπονίδιῷ

285 2478 385 2546 τῆς
444 2482 691 2550 μείζονος
727 2489 824 2541 καὶ
873 2492 1218 2567 τελειοτέρας
1254 2503 1460 2571 σκηνῆς
1510 2506 1735 2574 γέγονεν
1782 2513 1867 2581 ἐφ’

285 2570 434 2638 ἡμᾶς
476 2573 532 2673 δ-
553 2576 757 2673 Κ-ύριος
803 2582 961 2652 ήμῶν
1021 2586 1226 2657 Ἰησοῦς
1275 2570 1864 2673 Χριστὸς-ἀρχιερεὺς,

284 2664 678 2766 προαπέδειξεν
728 2672 860 2742 ἡμῖν
917 2676 1118 2746 ἀρτίως
1167 2682 1194 2733 ὀ
1243 2682 1424 2766 λόγος.
1483 2664 1728 2746 "Ora-6e

285 2753 598 2856 ἰερουργίας
688 2764 892 2856 τρόπος
910 2769 1085 2840 αὐτῷ,
1118 2775 1214 2824 καὶ
1248 2762 1490 2845 ἀμείνων
1519 2753 1866 2856 άσυγκρίτως

279 2847 381 2917 τῆς
417 2851 558 2904 κατὰ
591 2855 683 2906 τὸν
717 2855 902 2927 νόμον,
961 2862 1058 2914 καὶ
1113 2865 1249 2919 πολὺ
1298 2867 1419 2922 λίαν
1470 2873 1866 2947 ὑπερκείμενος

279 2939 497 3043 τῶνῆὼς
535 2945 593 2998 ὲν
637 2946 792 3019 τύπῳ
826 2952 924 3004 καὶ
973 2957 1101 3025 σκιᾷ
1149 2957 1268 3028 (καὶ
1310 2962 1419 3033 γάρ
1457 2939 1861 3043 ἐστινἀύτὺςη

279 3029 507 3100 ἀλήθεια
543 3036 636 3088 καὶ
672 3036 732 3090 τὸ
761 3039 994 3112 ἄμωμον
1030 3045 1272 3115 ἱερεῖον),
1314 3051 1637 3108 ἐνδοιάσειεν
1667 3058 1735 3112 ἂν
1767 3029 1862 3114 ούί

276 3119 409 3219 δείς.
462 3123 742 3199 Ἐπιτήρει
794 3130 885 3197 δὲ,
947 3134 1098 3201 ὅπως
1138 3157 1156 3188 ι
1219 3139 1278 3192 '0
1324 3141 1654 3212 ἁξιάγαστος
1702 3151 1861 3219 ἡμῶν

277 3212 594 3312 ἀρχιερεὺς,
627 3217 687 3284 ὃς
724 3220 979 3279 ἐκάθισεν
1008 3228 1066 3279 ἐν
1098 3228 1250 3302 δεξιᾷ
1276 3232 1370 3286 τοῦ
1413 3234 1607 3306 θρόνου
1634 3212 1862 3312 τῆς-με-

278 3305 600 3404 γαλωσύνης
633 3313 691 3366 ἐν
725 3317 839 3379 τοῖς
877 3318 1148 3389 οὐρανοῖς,
1188 3324 1278 3378 διὰ
1321 3327 1415 3381 τοῦ
1453 3305 1590 3384 ίδίου
1632 3305 1863 3404 αἵματος

277 3397 530 3498 εῖσῆλθεν
563 3403 781 3498 ἐφάπαξ
813 3411 908 3498 εἰς
953 3412 1022 3467 τὰ
1050 3411 1203 3482 ἆγια,
1249 3417 1519 3490 λύτρωσιν
1553 3397 1862 3498 εὑράμενος

275 3490 526 3549 αἰωνίαν.
570 3513 588 3546 ι
626 3496 752 3562 Πῶς
778 3495 871 3554 οὖν
903 3504 932 3556 6
961 3507 1020 3557 ἐν
1049 3506 1199 3580 δεξιᾷ
1228 3511 1320 3564 τοῦ
1347 3514 1563 3586 Πατρὸς
1601 3521 1678 3583 ὡς
1703 3490 1858 3587 θεὸς,

277 3580 409 3685 ἔδιον
440 3582 587 3685 έχεῖ)
619 3583 758 3660 αἷμα
793 3591 990 3663 λέγοιτ’
1044 3599 1134 3664 ἂν,
1167 3603 1218 3655 εἰ
1267 3604 1344 3676 μὴ
1387 3580 1857 3685 πεπιστεύκαμεν,

271 3673 358 3776 ὅτι
386 3677 508 3776 6
536 3678 673 3776 θεοῦ
706 3686 919 3776 Πατρὸς
949 3691 1092 3751 κατὰ
1132 3673 1294 3762 φύσιν
1321 3673 1448 3764 Ῠίὸς
1478 3673 1858 3776 κεχρημάτικε

271 3769 380 3866 καὶζ
403 3768 531 3866 Υἰ-ὸς
553 3773 867 3866 άνθρώπου,
901 3783 996 3835 καὶ⁸
1025 3785 1088 3838 τὸ
1121 3786 1251 3841 ἴδιον
1290 3785 1430 3862 αἷμα
1468 3768 1858 3866 τῆς-ἀπάντων

269 3858 812 3969 ζωῆςάντάλολαγμα
855 3871 1002 3939 δοὺς,
1047 3875 1254 3950 ταύτην
1296 3858 1498 3956 εὕρατο
1664 3891 1856 3964 κόσμῳ

267 4043 342 4147 ὡς
375 4041 458 4147 ἦν·
474 4048 768 4108 ἀκόλουθόν
808 4074 870 4110 τε
898 4059 994 4112 καὶ
1028 4041 1270 4134 πρέπον,
1319 4041 1674 4144 καθά-περ’ὲν
1696 4041 1852 4147 saga;

268 4137 383 4243 τῶν
401 4139 616 4243 άλόγων
642 4145 798 4243 {tiin
825 4152 1128 4220 σφάζεσθαι
1161 4159 1482 4230 πλειστάκις
1511 4137 1604 4221 τον
1641 4137 1851 4243 Ἐμμα-

268 4229 856 4334 νουὴληάποχῌρῶντος
903 4247 984 4310 εἰς
1036 4248 1307 4322 λύτρωσιν
1358 4255 1460 4326 τῆς
1506 4260 1598 4313 ὑπ’
1622 4229 1851 4334 οὐρανὸν

266 4323 363 4377 τοῦ
396 4325 500 4427 καὶ
513 4327 662 4427 ἅπαξ
681 4336 873 4389 παθεῖν
894 4338 1079 4396 αὐτόν.
1103 4343 1168 4397 Εἰ
1192 4344 1269 4410 δὲ,
1304 4323 1448 4402 καθά
1471 4323 1849 4427 πεφρονῆκασί

265 4432 435 4517 τινες,
468 4419 757 4517 ἄνθ-ρωπος
798 4422 867 4498 ἦν
913 4431 1120 4500 ίδικῶς,
1150 4438 1358 4510 ἰσότητι
1389 4443 1490 4513 μὲν
1667 4419 1844 4517 ἀξίας,

265 4508 442 4609 ἤγουν
481 4512 791 4609 αὐθεντίας,
849 4526 1200 4596 συνημμένος
1235 4508 1754 4609 Θεῷίδιῃρημένοτς

1986 2070 2168 2109 rorum
2203 2055 2466 2111 bonorum
2491 2097 2504 2122 ,
2561 2073 2657 2126 per
2687 2058 2917 2127 amplius
2950 2069 3005 2114 et
3064 2060 3357 2129 perfectius
3391 2061 3567 2116 taber-

1986 2147 2234 2201 naculum
2275 2163 2379 2202 non
2413 2149 2778 2204 manufactum
2801 2191 2817 2216 ,
2854 2151 2904 2205 id
2935 2161 3053 2216 est,
3089 2169 3194 2206 non
3225 2153 3382 2223 hujus
3408 2170 3565 2209 crea-

1985 2239 2186 2305 tionis;
2227 2256 2400 2310 neque
2434 2256 2530 2309 per
2580 2242 2901 2311 sanguinem
2961 2243 3234 2299 hircorum
3274 2255 3330 2299 et
3369 2246 3564 2302 vitulo-

1984 2347 2142 2396 rum,
2173 2333 2267 2386 sed
2299 2347 2397 2402 per
2427 2333 2703 2402 proprium
2743 2334 3059 2404 sanguinem
3107 2335 3353 2394 introivit
3392 2337 3564 2394 semel

1983 2425 2036 2478 in
2103 2434 2290 2478 sancta
2319 2463 2334 2488 ,
2366 2434 2567 2479 aeterna
2629 2425 3002 2497 redemptione
3052 2427 3266 2484 inventa
3289 2429 3334 2484 ⁸.
3369 2448 3389 2482 ι
3443 2429 3561 2498 Qua

1981 2517 2188 2570 ratione
2238 2515 2496 2571 Dominus
2543 2527 2728 2574 noster
2776 2517 2936 2574 Jesus
2965 2519 3212 2578 Christus
3243 2537 3338 2592 per
3387 2523 3562 2594 majus

1975 2619 2030 2663 et
2079 2607 2372 2677 perfectius
2449 2609 2852 2665 tabernaculum
2929 2612 3203 2680 ingressus
3234 2652 3250 2678 ,
3315 2614 3558 2684 pontifex

1977 2709 2162 2752 noster
2181 2699 2446 2753 exsnterit
2471 2740 2487 2766 ,
2518 2701 2678 2756 verba
2710 2700 2869 2756 modo
2895 2702 3115 2755 recitata
3149 2702 3369 2771 planum
3400 2704 3556 2760 nobis

1977 2792 2202 2843 faciunt.
2249 2791 2400 2856 Quod
2459 2801 2640 2845 autem
2695 2791 2984 2846 sacerdotii
3039 2791 3183 2848 illius
3214 2794 3347 2850 ritus
3391 2794 3554 2866 legali

1974 2883 2279 2938 Sacerdotio
2310 2884 2531 2937 omnino
2566 2882 2908 2952 praestiterit,
2942 2883 3342 2956 plurimumque
3371 2904 3434 2943 ea
3456 2903 3554 2942 ex-

1973 2972 2220 3025 celluerit
2269 2986 2390 3039 qua:
2437 2980 2642 3026 tantum
2698 2973 2750 3026 in
2783 2972 2975 3028 umbra
3024 2982 3078 3030 et
3135 2975 3303 3046 figura
3333 2979 3555 3034 contin-

1973 3061 2170 3131 gebant
2212 3060 2368 3132 (ipse
2401 3062 2546 3117 enim
2604 3077 2700 3132 per
2749 3078 2810 3120 se
2847 3079 2976 3121 vera
3026 3066 3118 3121 illa
3171 3077 3224 3123 et
3273 3068 3552 3138 impolluta

1971 3155 2147 3210 lmstia
2176 3155 2454 3224 eJtStitit),
2487 3170 2647 3210 nemo
2675 3195 2690 3222 ,
2737 3159 2933 3227 opinor
2953 3199 2967 3221 ,
3003 3159 3212 3215 inficias
3243 3160 3419 3216 iverit.
3447 3163 3556 3220 0b-

1969 3260 2122 3300 serva
2157 3246 2244 3300 hie
2285 3255 2465 3300 autem
2520 3247 2840 3316 praclarum
2895 3248 3043 3303 illmn
3081 3259 3134 3304 et
3172 3251 3546 3308 admirabilem

1971 3357 1990 3391 ι
2036 3338 2354 3394 Pontificem
2403 3351 2650 3396 nos1rum
2678 3380 2693 3406 ,
2730 3341 2818 3408 qui
2850 3340 2903 3395 in
2954 3341 3178 3398 dextera
3228 3345 3406 3398 throni
3437 3361 3554 3398 ma-

1956 3431 2174 3499 jestatis
2205 3431 2296 3507 Dei
2325 3435 2476 3487 sedet
2512 3433 2567 3486 in
2608 3434 2944 3500 coelestihus,
2989 3450 3086 3505 per
3116 3437 3390 3506 proprium
3420 3453 3550 3492 san-

1959 3525 2178 3594 guinem
2229 3523 2396 3578 semel
2450 3531 2661 3579 tantum
2714 3525 2766 3579 in
2801 3538 2987 3580 sancta
3038 3528 3291 3583 introisse
3323 3569 3339 3592 ,
3390 3538 3550 3583 aster-

1961 3631 2199 3686 namque
2247 3617 2672 3688 redemptionem
2707 3618 2998 3673 invenisse.
3036 3637 3054 3669 ι
3096 3622 3164 3673 At
3188 3621 3456 3688 quomodo
3479 3620 3544 3684 is,

1959 3705 2049 3773 qui
2086 3714 2147 3760 ut
2204 3705 2344 3760 Deus
2392 3704 2503 3761 Deo
2547 3707 2696 3761 Patri
2726 3706 2780 3761 in.
2845 3708 3066 3764 dextera
3125 3710 3367 3777 assidet,
3421 3726 3548 3779 pro-

1957 3799 2133 3866 prium
2163 3797 2484 3868 sanguinem
2533 3800 2732 3856 habere
2767 3808 2915 3856 recte
2960 3802 3063 3857 dici
3119 3812 3332 3870 potest,
3365 3804 3410 3859 si
3455 3819 3548 3857 na-

1956 3889 2185 3944 turalem
2242 3889 2338 3945 Dei
2376 3888 2593 3956 Filium,
2628 3891 2863 3948 hominis
2912 3907 3130 3962 quoque
3174 3892 3343 3948 ﬁlium
3373 3897 3545 3950 exsti-

1958 3981 2088 4036 tisse
2117 4023 2133 4048 ,
2183 3980 2574 4052 propriumque
2614 3982 2932 4052 sanguinem
2975 3984 3207 4054 pretium
3237 4001 3334 4055 pro
3361 3988 3545 4042 omni-

1954 4070 2053 4127 bus
2087 4071 2451 4140 impendisse,
2497 4081 2554 4127 et
2613 4081 2871 4128 aeternam
2927 4075 3029 4130 hac
3090 4075 3298 4132 ratione
3341 4078 3544 4134 mundo

1952 4164 2181 4220 salutem
2219 4165 2517 4235 reperisse,
2568 4175 2719 4222 certo
2750 4182 3071 4238 persuasum
3128 4186 3232 4224 non
3271 4171 3542 4226 habueri—

1952 4256 2110 4320 mus?
2168 4255 2356 4327 Neque
2401 4257 2545 4312 enim
2591 4258 2788 4315 dixerit
2833 4261 3098 4332 quispiam
3176 4262 3426 4320 decuisse
3480 4274 3542 4318 ut

1950 4348 2291 4416 Emmanuel,
2330 4359 2586 4422 tanquam
2655 4367 2820 4423 pecus
2890 4355 3135 4424 aliquod,
3169 4356 3370 4426 saepius
3422 4372 3539 4410 ma-
3601 4426 3605 4428 _

1950 4452 2233 4510 ctaretur;
2268 4443 2468 4516 quippe
2501 4459 2626 4499 cum
2665 4447 2732 4500 ad
2765 4456 2932 4501 totum
2967 4447 3155 4500 orbem
3194 4446 3535 4502 liberandqu

1949 4532 2032 4588 vel
2065 4535 2235 4589 semel
2269 4535 2448 4606 ipsum
2487 4547 2716 4593 mortem
2773 4537 3008 4594 subiisse
3044 4537 3260 4595 abunde
3290 4548 3376 4595 sat
3407 4539 3533 4596 fue-

263 4601 740 4704 xaﬂ‘vﬁn’ftactt,
770 4611 865 4665 ml.
892 4613 998 4668 ἀνὰ
1043 4616 1209 4688 μέρος
1235 4601 1377 4678 εἶναι
1414 4601 1803 4703 πιστευόμενος
1823 4677 1839 4703 ,

1969 4626 2041 4680 'it.
2099 4627 2253 4693 Quod
2310 4628 2399 4696 si,
2451 4639 2510 4684 ut
2564 4630 2804 4687 nonnulli
2879 4631 3154 4697 sentiunt,
3197 4648 3366 4703 purus
3436 4648 3537 4704 per

259 4687 461 4796 obx‘qv
500 4695 634 4749 ἴδιον
664 4692 804 4768 αἷμα
850 4702 946 4756 τοῦ
991 4687 1404 4779 συνεδρεύοντος
1439 4717 1518 4788 τῷ
1564 4687 1744 4796 Πάτρὶ

1969 4734 2012 4774 te
2047 4728 2253 4775 tantum
2293 4721 2455 4777 homo
2485 4733 2604 4778 erat
2631 4763 2648 4788 ,
2699 4723 2808 4778 Deo
2859 4724 3076 4794 quidem
3123 4726 3422 4780 secundum
3451 4727 3536 4782 di-

258 4785 342 4848 είς
369 4784 643 4884 λύτρωσιν
676 4791 771 4844 τοῦ
807 4794 1018 4867 κόσμου
1059 4800 1234 4869 δοθὲν,
1267 4805 1381 4859 ἀλλ’
1411 4784 1602 4881 ἐτέρου
1639 4784 1839 4884 μάλλον

259 4878 520 4974 opt-cnim
546 4877 762 4950 ἔχοντος
785 4885 924 4956 πρὸς
948 4888 1110 4944 αὐτὸν
1139 4891 1238 4963 τὴν
1283 4877 1599 4968 συνάφειαν.
1630 4877 1839 4974 ’Ὥσπερ

258 4965 377 5065 γὰρ.
403 4966 958 5065 δύο-τινες-άρχοντες
1000 4984 1066 5052 τῇ
1101 4984 1212 5037 τῶν
1253 4965 1584 5060 ἀξιωμάτων
1631 4965 1839 5065 ἰσότητι

256 5055 377 5108 κατ’
399 5057 552 5151 οὐδὲν
574 5061 820 5135 ἀλλήλων
835 5067 1205 5139 διενεγκόντες
1238 5055 1512 5151 ὅλωςξούχ
1540 5075 1622 5146 εἷς
1653 5055 1838 5138 νοοῦυν-

253 5163 340 5202 ται
370 5151 403 5240 fr
425 5150 806 5220 μᾶλλον,ἀλλὰ
820 5159 914 5213 δύο
943 5163 1085 5217 κατὰ
1106 5166 1166 5218 τὸ
1193 5167 1412 5240 ἀληθές·
1445 5150 1588 5226 οὕτω
1617 5175 1678 5228 τὸ
1708 5194 1835 5230 συν·

258 5239 503 5336 ημμένον
539 5245 646 5298 τινὶ
691 5251 831 5303 κατὰ
862 5251 962 5324 τὴν
989 5255 1167 5324 ἀξίαν,
1210 5239 1555 5332 διῃρημένων
1583 5266 1691 5319 τῶν
1736 5266 1835 5336 ερύ-

257 5345 416 5389 σεων.
457 5333 624 5406 ἤγουν
654 5338 1028 5413 ὑποστάσεων,
1059 5349 1158 5420 οὐχ
1181 5343 1262 5413 εἷς
1289 5347 1401 5405 εἷεν
1428 5353 1514 5421 ἂν,
1548 5356 1681 5410 ἀλλὰ
1704 5357 1796 5412 δύο
1819 5377 1831 5390 ·

253 5423 347 5475 καὶ
378 5423 440 5477 τὸ
467 5425 586 5493 ἐνὸς
626 5427 766 5502 αἷμα
816 5435 978 5507 τυχὸν
1015 5439 1180 5494 αὑτοῦ
1208 5442 1273 5515 δὴ
1317 5446 1534 5511 πάντως
1566 5451 1699 5517 ἐστί,
1745 5455 1833 5508 καὶ

324 5577 344 5609 ⁷
377 5577 544 5637 Hebr.
579 5601 696 5650 vm,
722 5588 771 5645 5.
854 5594 872 5621 ⁸
903 5591 1063 5652 llcbr.
1104 5614 1177 5666 ις,
1217 5600 1296 5667 ll,
1335 5602 1416 5656 1‘2.

1951 4811 2171 4879 gnitatis
2224 4810 2310 4866 vel
2361 4813 2699 4868 auctoritatis
2752 4813 3139 4885 {equalitatem-
3170 4816 3531 4886 coniunctus,

1943 4904 2244 4958 secundum
2294 4904 2627 4976 hypostasim
2665 4920 2793 4962 vero
2848 4907 2918 4962 ab
2956 4908 3144 4962 eodem
3219 4910 3531 4976 scjunctus,

1945 5005 1999 5050 et
2059 5012 2302 5052 seorsum
2363 5011 2460 5067 per
2523 5012 2583 5054 se
2634 5001 2889 5070 positus;
2941 5000 3183 5070 profecto
3256 5004 3478 5073 sanguis
3511 5043 3528 5066 ,

1943 5089 2035 5158 qui
2092 5091 2147 5143 in
2198 5090 2384 5146 mundi
2413 5093 2841 5162 redemptionem
2891 5092 3093 5151 eﬂ’usus
3140 5104 3244 5161 est,
3277 5111 3384 5150 non
3411 5107 3530 5151 erat

1942 5179 2085 5235 illius
2129 5179 2224 5249 qui
2271 5181 2337 5236 ad
2366 5181 2644 5238 dexteram
2683 5183 2777 5239 Dei
2811 5182 2989 5240 Patris
3027 5186 3214 5252 sedet,
3260 5186 3358 5241 sed
3396 5185 3530 5243 alte-

1944 5271 2058 5325 rius
2124 5269 2467 5343 eujuspiam,
2518 5274 2613 5344 qui
2672 5273 2953 5330 relativam
3012 5276 3191 5346 potius
3248 5291 3371 5332 eum
3413 5276 3531 5346 ipso

1945 5364 2109 5418 habet
2158 5363 2616 5434 conjunctionem.
2681 5367 3144 5434 Quemadmodum
3201 5369 3346 5424 enim
3417 5368 3530 5426 duo

1945 5455 2214 5527 principes
2256 5458 2442 5514 eadem
2498 5461 2820 5517 auctoritate
2870 5461 3087 5518 omnino
3143 5462 3556 5532 prmditi,non..

1333 5759 1502 5820 Varia:
1535 5764 1792 5823 motiones
1825 5768 2025 5826 codicis
2054 5769 2412 5842 Seguieriani.

334 5875 352 5916 Ι
383 5875 444 5932 ἐν
476 5884 698 5938 νοεῖται.
