4000 6326
268 404 394 459 MOI

260 524 442 584 αὐτοῖς
472 519 684 583 δοκοῦν,
721 518 852 589 φέρε
886 517 1155 587 λέγωμεν,
1189 519 1312 571 τίνα
1341 519 1403 590 δὴ
1433 519 1632 590 τρόπον
1655 520 1683 571 6
1707 521 1837 583 Θεὸς
1867 528 1907 583 Α
1941 533 2193 589 oportet,

259 618 353 669 καὶ
392 613 583 683 Πατὴρ
607 611 736 682 δόξῃ
758 611 979 679 λέγεται
1015 612 1315 678 στεφανοῦν
1334 612 1425 664 τὸν
1451 612 1597 666 Υἱόν.
1622 612 1831 665 Οὐκοῦν

256 706 425 767 αὑτός
484 703 588 756 πού
644 721 811 773 φησιν
865 705 894 757 6
952 704 1222 773 μακάριος
1282 704 1489 767 Παῦλος
1540 707 1670 776 περὶ
1723 706 1833 758 τῶν

253 797 532 867 ἀρχόντων
556 796 652 848 τοῦ
687 796 883 859 αἰῶνος
906 797 1099 848 τούτου
1120 813 1136 829 ·
1171 818 1188 848 ι
1223 797 1285 849 Εἰ
1316 798 1423 867 γὰρ
1442 797 1706 865 ἔγνωσαν,
1730 799 1831 851 οὐκ

254 890 320 940 ἂν
370 888 461 940 τὸν
504 886 710 957 Κύριον
754 888 853 957 τῆς
883 887 1041 956 δόξης
1084 887 1456 957 ἐσταύρωσαν.
1498 908 1517 941 ι
1558 887 1709 943 Οἶδεν
1737 888 1829 945 οὖν

250 979 359 1048 ἄρα
393 979 485 1031 καὶ
514 978 720 1050 Κύριον
754 979 881 1033 ὄντα
914 980 1015 1050 τῆς
1044 980 1203 1051 δόξης
1248 981 1338 1033 τὸν
1380 983 1827 1054 ἐσταυρωμένονο

253 1072 365 1133 πῶς
400 1068 493 1125 οὖν
526 1072 739 1141 δέχεται
770 1070 928 1136 δόξαν
968 1073 1124 1144 παρὰ
1148 1072 1242 1126 τοῦ
1268 1075 1482 1145 Πατρὸς
1502 1076 1529 1127 6
1552 1076 1652 1146 τῆς
1672 1077 1830 1146 δόξης

251 1164 484 1232 Κύριος;
525 1166 597 1217 Ἣ
629 1165 807 1235 δῆλον,
836 1166 919 1218 ὅτι
951 1165 1241 1235 πεποίηται
1274 1166 1438 1219 πάλιν
1467 1167 1826 1237 οἰκονομικῶς

246 1257 273 1306 ὁ
292 1255 447 1322 λόγος
478 1255 656 1326 αύτῷ;
689 1256 915 1326 Δέχεται
953 1258 1052 1325 μὲν
1076 1258 1183 1327 γὰρ
1216 1256 1591 1329 ἀνθρωπίνως,
1622 1258 1735 1312 ἔστι
1765 1259 1823 1312 δὲ

246 1348 339 1398 καὶ
384 1347 526 1401 οὕτω
563 1348 661 1419 τῆς
700 1348 859 1419 δόξης
894 1348 1101 1419 Κύριος
1141 1349 1357 1413 θεῖκῷς.
1389 1351 1498 1404 Καὶ
1541 1352 1569 1401 ὀ
1596 1352 1692 1421 μὲν
1725 1354 1822 1421 τῆς

246 1437 397 1502 θείας
431 1439 598 1494 αὑτοῦ
638 1440 854 1510 φύσεως
902 1441 1130 1504 πλοῦτος
1172 1442 1345 1513 ὁρῷτο
1382 1441 1449 1495 ἂν
1485 1443 1622 1513 πρὸς
1668 1443 1825 1513 ἡμῶν

244 1531 441 1593 ἐντοῖς
480 1531 622 1601 ὑπὲρ
670 1531 851 1586 κτίσιν
910 1532 1385 1601 πλεονεκτήμασιν
1437 1531 1541 1601 τῆς
1595 1534 1651 1585 δὲ
1698 1532 1823 1586 καθ’

243 1622 389 1689 ἡμᾶς
423 1623 697 1693 πτωχείας
729 1623 790 1677 τὸ
836 1623 1036 1694 μέτρον
1071 1627 1128 1677 ἐν
1168 1625 1247 1695 τῷ
1298 1626 1555 1695 λέγεσθαι
1600 1625 1818 1679 λαϐεῖν’

250 1734 267 1764 ι
306 1715 411 1766 Καὶ
440 1717 488 1766 εἰ
516 1714 770 1777 πλούσιος
808 1715 905 1778 ὦν,
936 1717 1003 1769 δι’
1027 1718 1174 1787 ἡμᾶς
1215 1717 1577 1787 ἐπτώχευσεν.
1616 1736 1634 1767 ι
1681 1716 1820 1771 Ἀλλ’

238 1800 335 1856 οῦν
377 1805 611 1872 ἀγαθαῖς
656 1804 887 1868 ἐννοίαις
926 1806 1062 1875 πρὸς
1114 1806 1383 1877 ὀρθότητα
1438 1807 1816 1877 διοικούμενοι,

1080 401 1170 455 AD
1207 400 1507 457 REGINAS
1548 402 1633 455 DE
1672 403 1902 458 IiECTA
1938 404 2097 460 FIDE
2136 404 2397 461 ORATIO
2435 403 2716 458 ALTERA

3374 400 3397 452 1
3417 398 3517 455 I03

2272 539 2448 592 neque
2496 523 2563 577 ab
2603 537 2788 575 carum
2838 522 3068 576 decretis
3119 519 3203 574 vel
3237 520 3516 574 minimum

1937 614 2212 668 discedere
2247 615 2404 667 nobis
2459 614 2616 679 licet;
2668 612 2893 682 agedum
2967 612 3188 681 paucis,
3247 612 3517 680 quomodo

1938 703 2080 756 Deus
2122 701 2285 755 Pater
2325 702 2521 755 Filium
2564 717 2718 755 suum
2761 699 2927 769 gloria
2976 715 3262 753 coronasse
3285 699 3513 764 dicatur,

1935 792 2152 862 planum
2205 794 2487 847 faciamus.
2548 790 2744 844 Beatus
2785 791 2982 846 Paulus
3025 793 3092 845 de
3140 791 3318 846 διερειιί
3358 790 3516 859 hujus

1935 886 2271 954 principibus
2323 886 2554 953 quodam
2598 884 2649 936 in
2687 886 2804 938 Ioco
2847 885 2921 938 ita
2954 882 3143 937 scribit
3176 902 3189 938 :
3223 902 3242 933 ι
3285 882 3339 937 Si
3369 884 3512 936 enim

1932 977 2345 1045 cognovissent,
2409 991 2683 1044 nunquam
2738 974 3024 1030 Dominum
3080 975 3266 1044 gloria:
3331 974 3511 1029 cruci-

1934 1068 2265 1123 fixisscnt“.
2294 1088 2312 1120 ι
2372 1067 2538 1121 Norat
2590 1068 2809 1136 itaque,
2857 1084 2980 1121 eum
3036 1068 3126 1137 qui
3173 1069 3350 1121 crucis
3380 1082 3510 1135 snp-

1931 1161 2144 1231 pIicium
2214 1161 2495 1224 subierat,
2564 1160 2747 1228 gloria:
2832 1161 3121 1214 Dominum
3174 1174 3315 1216 esse.
3390 1157 3509 1210 Jam

1928 1254 2197 1321 quomodo
2233 1255 2493 1308 Dominus
2517 1254 2702 1324 glorize
2738 1253 2963 1324 gloriam
3001 1270 3027 1305 a
3060 1254 3218 1308 Patre
3269 1252 3510 1322 accipit?

1930 1345 2096 1414 Hujus
2146 1347 2465 1416 quaestionis
2512 1347 2711 1399 nodum
2760 1346 3185 1409 dispensationis
3233 1347 3371 1400 ratio
3393 1348 3506 1400 dis-

1927 1438 2106 1494 solvit.
2177 1437 2391 1505 Accipit
2475 1436 2617 1490 enim
2688 1436 2915 1505 gloriam
2996 1446 3052 1489 ut
3086 1436 3288 1503 homo;
3332 1436 3507 1507 pergit

1924 1540 2105 1585 autem
2153 1529 2337 1599 gloriae
2388 1529 2644 1583 Dominus
2689 1544 2811 1582 esse
2850 1537 2909 1581 ut
2950 1528 3112 1582 Deus.
3165 1528 3232 1581 Et
3283 1529 3501 1596 quidem

1922 1620 2117 1675 divinae
2162 1619 2305 1672 illius
2366 1628 2569 1672 natura:
2618 1633 2748 1688 opes
2801 1633 2867 1672 ex
2921 1618 2986 1670 iis
3050 1617 3419 1686 prierogaiivis
3469 1632 3500 1669 a

1922 1712 2078 1767 nobis
2113 1711 2627 1779 deprehenduntur,
2695 1725 2816 1780 quae
2867 1718 3132 1765 creatura:
3188 1709 3499 1763 facultatem

1920 1813 2282 1874 exsuperant;
2330 1813 2387 1857 at
2426 1818 2554 1857 vero
2597 1803 2844 1857 humanae
2893 1804 3152 1873 egestatis
3178 1803 3412 1856 conditio
3434 1818 3500 1857 ex

238 1896 332 1948 καὶ
382 1896 451 1948 τὰ
483 1896 669 1949 εἰκότα
706 1900 923 1967 φρονεῖν
956 1898 1042 1950 ἐπ’
1074 1900 1222 1969 αὐτῷ
1266 1896 1678 1962 σπουδάζοντες,
1716 1898 1816 1950 οῦκ

1917 1913 1980 1953 eo
2018 1898 2173 1952 nobis
2209 1897 2268 1950 lit
2303 1899 2514 1965 palam,
2563 1896 2707 1966 qiio‘d
2771 1896 3019 1965 quaedam
3069 1895 3345 1963 accepisse
3374 1910 3499 1964 per-

235 1986 576 2058 ὰγνοήσομεν
605 1990 765 2058 ἡμεῖς
804 1990 897 2042 τὸν
931 1990 1024 2044 καὶ
1046 1992 1104 2043 ἐν
1129 1994 1195 2064 τῇ
1238 1991 1360 2046 καθ’
1398 1993 1545 2063 ἡμᾶς
1574 1990 1817 2062 πτωχείᾳ

234 2077 489 2143 πλούσιον
525 2079 601 2142 ὡς
627 2080 780 2134 Θεόν.

1924 1990 2215 2045 hibeatur:
2261 2009 2279 2041 ι
2317 1989 2450 2043 Cum
2502 1988 2646 2042 enim
2685 1988 2835 2042 dives
2872 1996 3017 2041 esset
3054 2026 3070 2051 ,
3134 1998 3352 2055 propter
3401 2003 3501 2041 nos

1920 2080 2100 2136 factus
2148 2089 2231 2136 est
2275 2096 2477 2149 egenus
2516 2081 2580 2136 ¹¹⁵.
2611 2099 2631 2132 ι
2685 2079 2910 2133 Nostras
2948 2081 3171 2150 proinde
3219 2081 3501 2150 cogitatio-

230 2185 330 2225 nes
374 2172 439 2226 ad
494 2180 653 2226 rectae
693 2171 815 2226 ﬁdei
848 2187 1091 2227 normam
1165 2172 1551 2238 instituentes,
1581 2181 1636 2227 et
1684 2185 1805 2241 qua:
1877 2186 1977 2241 par
2034 2181 2119 2226 est
2171 2172 2236 2226 de
2290 2172 2407 2240 ipso
2455 2172 2659 2225 sentire
2706 2182 3054 2239 satagentcs,
3121 2172 3194 2226 ita
3246 2173 3391 2225 illuni
3442 2173 3495 2226 in
3586 2164 3589 2171 ’

230 2275 470 2319 nostrain
516 2275 890 2336 paupertatem
922 2280 981 2320 se
1029 2266 1313 2321 demisisse
1369 2276 1704 2332 statuemus,
1743 2273 1802 2319 ut
1842 2272 2023 2320 tamen
2101 2272 2361 2334 tanquam
2416 2263 2582 2318 Deum
2627 2280 2901 2333 nunquam
2972 2265 3192 2318 divitem
3228 2281 3349 2320 esse
3400 2272 3496 2320 de-

227 2356 383 2410 siisse
439 2369 592 2410 certo
622 2357 783 2412 nobis
830 2360 1276 2427 persuadeamus.

295 2452 435 2505 MH'.
470 2471 488 2503 ι
535 2450 591 2505 Ὀ
627 2452 819 2522 Πατὴρ
848 2454 1039 2525 ἀγαπᾷ
1069 2454 1160 2506 τὸν
1190 2455 1338 2520 Υἱὺν,
1375 2455 1471 2508 καὶ
1500 2456 1678 2508 πάντα
1712 2453 1801 2507 δέ·

221 2543 397 2595 δωκεν
432 2545 489 2595 ἐν
517 2547 582 2614 τῇ
616 2545 761 2614 χειρὶ
788 2544 974 2598 αὐτοῦ.
1012 2564 1029 2595 ι
1060 2546 1287 2615 Δέχεται
1307 2546 1470 2599 πάλιν
1499 2546 1574 2609 ὼς
1596 2544 1804 2616 ἀνθρω-

222 2651 325 2698 πος
353 2636 382 2687 6
417 2635 572 2698 Υἱός·
610 2635 751 2706 πλὴν
810 2636 910 2688 οὐκ
954 2636 1059 2701 ἔξω
1093 2637 1256 2691 πάλιν
1292 2636 1503 2706 τίθησιν
1552 2638 1743 2690 ἑαυτὸν
1772 2639 1801 2691 6

221 2725 412 2795 Πατὴρ
439 2725 533 2778 τοῦ
565 2727 743 2779 πάντα
769 2726 912 2796 ἔχειν
943 2728 1034 2795 ὑφ’
1065 2728 1242 2797 ἑαυτῷ
1261 2746 1274 2758 ο
1316 2728 1492 2791 διδοὺς
1523 2730 1627 2799 γὰρ
1657 2727 1799 2782 αὐτά

217 2817 296 2886 τῷ
330 2816 468 2887 Υἰῷ,
507 2819 603 2871 σὺν
648 2817 797 2887 αὐτῷ
850 2821 1116 2889 κατάρχει
1167 2820 1275 2872 τῶν
1322 2820 1488 2882 ὅλων,
1536 2822 1648 2883 τοῖς
1698 2820 1800 2889 τῆς

218 2907 471 2978 θεότητος
516 2909 822 2980 σκήπτροις
869 2910 1161 2982 ὑποτέρων
1194 2910 1263 2963 δι’
1298 2911 1464 2965 αὐτοῦ
1506 2928 1566 2963 τε
1617 2912 1710 2964 καὶ
1742 2913 1800 2965 ὲν

216 3001 366 3070 αύτῷ
417 3001 480 3054 τὸ
526 3003 621 3055 ἐπὶ
670 3002 767 3071 τῆς
811 3002 916 3071 γῆς
967 3003 1159 3071 γένος,
1214 3005 1392 3057 καίτοι
1461 3004 1801 3069 διανενευκὸς

194 3091 486 3162 ’ἀχαλίνως
518 3095 598 3157 εἰς
644 3094 965 3148 ἀπόστασιν.
1012 3096 1097 3158 Ὠς
1128 3096 1237 3167 γὰρ
1274 3097 1436 3160 αὐτός
1483 3096 1584 3149 πού
1634 3114 1801 3166 φησιν

1980 2451 2218 2508 XLVIII.
2246 2469 2264 2504 i
2297 2452 2460 2507 Pater
2490 2453 2660 2523 diligit
2700 2453 2918 2521 Filium,
2966 2464 3022 2509 et
3049 2456 3228 2510 omnia
3269 2456 3414 2510 dedit
3442 2457 3494 2509 in

1912 2560 2102 2600 manus
2153 2545 2389 2614 ejiis“.»
2436 2545 2606 2599 Filius
2669 2547 2870 2615 accipit
2915 2556 2973 2599 ut
3025 2548 3223 2600 homo:
3277 2548 3495 2601 interim

1906 2633 2066 2688 Pater
2114 2650 2143 2687 a
2175 2635 2321 2688 nullo
2364 2649 2551 2689 eorum
2639 2652 2698 2691 se
2732 2638 3006 2702 excludit,
3038 2640 3166 2708 quin
3214 2641 3394 2693 omnia
3440 2642 3491 2694 iii

1906 2734 2174 2791 potestate
2231 2726 2473 2780 habeat:
2517 2741 2579 2780 ea
2609 2728 2751 2781 enim
2798 2729 2932 2782 dans
2986 2727 3143 2794 Filio,
3208 2746 3311 2782 una
3370 2748 3493 2784 cum

1904 2816 1996 2870 illo
2048 2816 2301 2872 omnibus
2365 2816 2694 2871 dominatur.
2762 2817 2869 2873 Sed
2921 2830 2976 2873 et
3035 2821 3210 2889 ipsum
3280 2836 3494 2891 quoque

1905 2906 2217 2961 mortalium
2257 2922 2426 2976 genus
2487 2912 2784 2962 secundum
2837 2924 2896 2963 se
2945 2909 3109 2979 aliqui
3144 2909 3390 2975 iiifreiie,
3439 2922 3495 2966 et

1903 3002 1968 3051 ad
2030 2999 2377 3053 rebellionem
2425 3014 2747 3068 propensum
2800 3001 3105 3057 divinitatis
3138 3005 3366 3073 sceptris
3397 3020 3493 3074 ρυι·

1906 3089 2057 3143 illum
2089 3090 2191 3143 sibi
2244 3090 2511 3144 submittit
2538 3108 2551 3144 :
2579 3092 3016 3160 quandoquidem
3047 3132 3063 3159 ,
3116 3102 3174 3146 ut
3204 3096 3492 3163 sapientis-

215 3188 244 3238 6
276 3186 588 3255 σοφώτατος
619 3187 860 3253 Παῦλος,
898 3207 915 3239 ι
946 3190 1077 3252 Θεὸς
1116 3186 1182 3259 ἦν
1225 3191 1281 3242 ἐν
1320 3189 1560 3261 Χριστῷ,
1591 3193 1792 3260 κόσμον

1905 3180 2066 3235 simus
2095 3180 2290 3235 Paulus
2312 3182 2510 3237 alicubi
2538 3184 2792 3238 admonet
2819 3202 2833 3238 :
2876 3204 2894 3236 ι
2926 3186 3067 3239 Deus
3103 3196 3220 3240 erat
3252 3188 3304 3241 iu
3329 3189 3488 3243 Chri-

216 3278 606 3333 καταλλάσσων
635 3280 834 3350 ἐαυτῷ.
874 3300 891 3331 ι
924 3282 1035 3333 Καὶ
1065 3282 1124 3334 ού
1156 3281 1217 3352 δή
1260 3282 1362 3334 πού
1397 3300 1598 3351 φαμεν.
1634 3282 1708 3346 ὡς
1735 3285 1793 3335 ἐν

211 3367 487 3438 ἀνθρώπῳ
508 3372 849 3439 κατοικήσας
878 3372 1111 3439 Χριστὸς
1139 3372 1325 3441 ἕτερος
1350 3374 1502 3444 ποιρὰ
1532 3390 1594 3442 γε
1616 3373 1708 3425 τὸν
1731 3376 1795 3428 ἐκ

210 3459 314 3528 τῆς
355 3461 516 3528 ἁγίας
558 3462 835 3531 Παρθένου
894 3465 1315 3533 γεγεννημένον,
1369 3468 1573 3536 κόσμον
1614 3467 1794 3538 ἐαυτῷ

210 3551 549 3620 κατήλλαττε
589 3552 866 3623 (φρονοῦσι
896 3555 1005 3625 γὰρ
1048 3549 1150 3608 ὦδέ
1179 3574 1321 3621 τινες
1345 3558 1453 3611 τῶν
1483 3559 1789 3628 ἀμαθεστέ-

210 3640 381 3711 ρων)’
423 3643 600 3693 ἐκεῖνο
622 3643 679 3696 δέ
714 3644 937 3712 μᾶλλον,
972 3646 1055 3698 ὄτι
1102 3647 1471 3717 κατήλλαττεν
1493 3649 1674 3720 ἐαυτῷ
1700 3651 1790 3704 τὸν

210 3733 416 3801 κόσμον
443 3734 470 3785 6
510 3732 642 3795 Θεὸς
685 3735 777 3787 καὶ
811 3735 1000 3806 Πατὴρ
1051 3737 1107 3788 ἐν
1169 3738 1418 3809 Χριστῷ·
1461 3740 1651 3809 γέγονε
1681 3744 1790 3812 γὰρ

207 3826 364 3895 ἡμῶν
403 3825 633 3895 μεσίτης
680 3827 1112 3898 ἐνανθρωπήσας
1145 3831 1171 3882 ὁ
1197 3830 1343 3893 Υἱὸς,
1380 3833 1474 3884 καὶ
1495 3829 1607 3886 οἷον
1639 3834 1787 3887 διαλ-

204 3915 409 3987 λακτὴς
433 3919 511 3981 εἰς
545 3919 792 3989 εἰρήνην,
829 3920 929 3990 οὐχ
954 3922 1127 3991 ἑτέρῳ
1175 3922 1453 3991 προξενῶν
1482 3925 1592 3977 τῶν
1621 3929 1678 3979 ἐν
1710 3926 1788 3997 τῷ

205 4011 397 4080 κόσμῳ
419 4009 517 4080 τὴν
552 4011 858 4082 ὑποταγὴν,
895 4013 1014 4065 ἀλλ’
1040 4014 1115 4077 ὡς
1140 4016 1197 4066 ἐν
1227 4015 1341 4084 ἰδίῳ
1378 4017 1678 4087 προσώπῳ,
1708 4018 1787 4089 τῷ

204 4102 328 4171 Θεῷ
351 4103 444 4155 καὶ
469 4104 663 4173 Πατρί.
698 4105 923 4175 Χριστῷ
954 4106 1066 4177 γὰρ
1094 4108 1552 4179 κατηλλαγμένοι,
1584 4112 1787 4182 κατηλ-

203 4192 451 4260 λάγμεθα
479 4194 547 4246 δι’
584 4195 748 4248 αὑτοῦ
779 4214 838 4248 τε
876 4199 970 4251 καὶ
997 4200 1055 4251 ἐν
1088 4198 1235 4269 αύτῷ
1266 4199 1344 4269 τῷ
1376 4200 1594 4254 πάντων
1630 4204 1786 4274 ἡμῶν

204 4282 417 4354 Σωτῆρι
442 4284 579 4355 Θεῷ.
617 4287 908 4357 Τοιγάρτοι
942 4290 1034 4343 καὶ
1065 4288 1271 4358 ἔφασκε
1299 4308 1311 4320 ·
1340 4314 1357 4342 ι
1397 4292 1563 4345 Δεῦτε
1586 4295 1785 4358 πάντες

201 4376 341 4447 πρός
380 4393 468 4445 με,
498 4378 549 4429 οἰ
590 4381 980 4441 κεκοπιακότες
1016 4383 1110 4435 καὶ
1151 4385 1601 4453 πεφορτισμένοι,
1628 4385 1786 4453 κάγὼ

199 4466 499 4521 ἀναπαύσω
525 4468 691 4538 ὑμᾶς.
735 4489 753 4520 ι
788 4471 911 4524 Ὅτι
936 4472 992 4525 δὲ
1020 4476 1132 4536 τοῖς
1158 4475 1294 4545 πρὸς
1323 4477 1487 4531 αὑτὸν
1520 4476 1691 4531 ἰοῦσιν
1717 4478 1779 4530 ού

200 4561 337 4628 πρὸς
372 4561 560 4633 ἕτερόν
586 4579 708 4615 τινα
745 4564 943 4631 γένοιτ’
978 4565 1043 4618 ἂν
1080 4568 1119 4636 ἰή
1151 4569 1489 4639 καταλλαγὴ,
1522 4570 1662 4641 πλὴν
1697 4572 1781 4624 ὅτι

199 4652 337 4723 πρὸς
384 4655 518 4706 Θεὸν
547 4654 639 4707 τὸν
673 4654 833 4723 φύσει
876 4657 969 4709 καὶ
1002 4657 1238 4727 ἀληθῶς,
1291 4663 1780 4736 πεπληροφόρηκεν

198 4743 401 4795 εἰπών·
445 4764 464 4796 ι
512 4746 572 4797 '0
599 4746 871 4799 πιστεύων
902 4750 983 4811 εἰς
1015 4750 1115 4816 ἐμὲ
1155 4751 1216 4803 οὐ
1259 4754 1502 4808 πιστεύει
1534 4757 1615 4819 εἰς
1654 4757 1773 4827 ἐμὲ,

198 4836 310 4888 ἀλλ’
336 4837 416 4901 εἰς
449 4838 544 4890 τὸν
574 4839 870 4908 πέμψαντά
908 4858 997 4909 με.
1032 4843 1194 4896 Καὶό
1231 4844 1453 4916 θεωρῶν
1502 4848 1603 4918 ἐμὲ
1638 4848 1774 4903 θεω-

201 4931 285 4997 ρεῖ
305 4929 394 4981 τὸν
420 4929 713 4999 πέμψαντά
743 4947 866 5000 με.»
902 4932 1021 4985 Ὀτὲ
1051 4932 1107 4985 δὲ
1136 4933 1317 4988 πάλιψ
1343 4956 1360 4987 ι
1384 4938 1673 4992 Πιστεύετε
1696 4941 1778 5003 εἰς

196 5021 287 5073 τὸν
318 5021 470 5087 Θεὸν,
504 5022 599 5075 καὶ
618 5022 697 5085 εἰς
727 5022 828 5093 ἐμὲ
853 5024 1161 5079 πιστεύετε.
1186 5044 1205 5075 ι

1897 3284 2005 3336 sto,
2035 3274 2291 3327 mundum
2320 3275 2672 3329 reconcilians
2695 3276 2797 3330 sibi
2823 3277 2888 3332 ¹⁷.
2919 3296 2936 3329 ι
2961 3278 3057 3331 IIic
3086 3290 3263 3334 autem
3286 3297 3490 3350 nequa-

1897 3380 2058 3433 quam
2106 3367 2426 3433 asseriiiius,
2467 3369 2517 3423 id
2549 3371 2692 3439 quod
2728 3370 2976 3426 ritdiorcs
3012 3374 3230 3441 quidam
3260 3374 3487 3436 faciunt.

1894 3456 2058 3510 alium
2126 3458 2194 3511 ab
2245 3473 2311 3512 eo
2361 3475 2519 3529 quem
2565 3478 2718 3516 sacra
2761 3460 2938 3531 Virgo
2986 3465 3147 3536 169
3201 3466 3253 3519 iii
3310 3468 3485 3522 Iiicem

1892 3549 2096 3614 edidit,
2128 3550 2402 3604 Christum
2455 3554 2505 3605 iii
2544 3554 2760 3607 homine
2799 3555 3165 3624 inhabitasse,
3200 3563 3486 3614 mundum-

1891 3660 1998 3712 que
2055 3644 2157 3699 sibi
2198 3645 2624 3711 reconciliasse;
2669 3647 2766 3701 sed
2812 3648 3099 3716 ipsummet
3158 3650 3325 3708 Deum
3380 3653 3482 3705 Pii-

1891 3742 2027 3786 trein
2060 3735 2112 3786 in
2175 3734 2390 3789 Christo
2441 3728 2698 3790 mundum
2742 3738 2845 3792 sibi
2880 3741 3341 3798 reconciliavisse.
3397 3745 3482 3798 Fi-

1891 3827 1993 3882 lius
2035 3843 2266 3896 namque
2320 3841 2436 3899 post
2472 3832 2765 3885 humanam
2836 3845 3084 3886 naturam
3145 3847 3489 3906 assuinptaiit

1888 3915 2066 3970 factus
2125 3928 2210 3972 est
2275 3920 2581 3983 mediator,
2655 3930 2711 3974 et
2768 3923 2834 3975 ad
2866 3938 3055 3991 pacem
3129 3926 3485 3981 obtinendam

1888 4010 2294 4078 quodammodo
2353 4013 2773 4077 reconciliator,
2809 4031 2915 4068 non
2967 4015 3128 4069 alteri
3163 4018 3394 4086 cuipiam
3423 4020 3478 4073 iii

1888 4101 2089 4156 mundo
2131 4102 2497 4158 obedientiam
2534 4106 2867 4170 concilians,
2900 4110 2995 4162 sed
3028 4120 3087 4163 ut
3152 4110 3205 4164 in
3256 4113 3483 4180 propria

1886 4208 2117 4260 persona
2149 4194 2255 4249 Deo
2301 4195 2449 4249 Patri
2481 4215 2495 4251 :
2545 4199 2986 4268 quandoquidem
3040 4202 3259 4257 Christo
3290 4220 3478 4257 rei-on-

1885 4285 2057 4339 ciliati
2079 4325 2094 4350 ,
2131 4301 2229 4356 per
2258 4287 2433 4356 ipsum
2478 4299 2533 4342 et
2562 4291 2613 4343 in
2648 4291 2765 4361 ipso
2789 4331 2806 4355 ,
2859 4293 2967 4346 Deo
2991 4310 3206 4363 quoque
3232 4297 3474 4349 omnium

1887 4374 2154 4430 Saivatori
2214 4382 2653 4436 reconciliantur.
2707 4382 2843 4437 Hinc
2880 4386 3053 4440 illud;
3095 4406 3112 4437 i
3149 4388 3339 4442 Venite
3409 4391 3487 4446 ait

1886 4483 1993 4533 me,
2029 4486 2216 4523 omnes
2260 4472 2351 4539 qui
2382 4472 2643 4527 lahoratis
2692 4487 2746 4530 et
2784 4478 2996 4530 onerati
3052 4478 3208 4543 estis,
3263 4489 3318 4532 et
3375 4497 3487 4550 ego.

1890 4558 2129 4614 reficiam
2172 4577 2270 4616 vos
2296 4561 2360 4612 ¹⁸.
2392 4580 2411 4613 ι
2465 4563 2619 4628 Quod
2655 4565 2688 4617 ii
2745 4575 2924 4619 autem
2972 4566 3062 4634 qui
3111 4566 3177 4621 ad
3233 4567 3383 4621 illum
3418 4587 3477 4624 se

1887 4648 2225 4719 adjunguiit,
2309 4668 2416 4706 non
2473 4653 2631 4708 alteri
2690 4656 2923 4725 cuipiam
3006 4658 3483 4727 reconcilientur,

1886 4756 2048 4809 quam
2082 4756 2212 4796 vero
2274 4746 2620 4815 naturalique
2678 4745 2824 4811 Deo,
2883 4747 3011 4800 illud
3051 4748 3191 4801 idem
3248 4750 3361 4818 ipse
3390 4752 3476 4805 his

1886 4832 2067 4888 verbis
2138 4835 2481 4903 perspicuum
2552 4836 2684 4891 facit
2715 4855 2729 4868 ο
2770 4856 2788 4888 ι
2825 4838 2966 4905 Qui,
3037 4838 3249 4908 inquit,
3298 4842 3475 4895 credit

1887 4922 1941 4976 iii
2005 4940 2125 4989 me,
2163 4941 2267 4979 non
2298 4928 2470 4982 credit
2502 4929 2554 4983 in
2592 4945 2677 4984 me
2703 4967 2719 4993 ,
2752 4931 2846 4984 sed
2913 4930 2964 4983 in
3014 4946 3137 4985 eum
3177 4932 3271 4999 qui
3326 4932 3472 4987 misit

1884 5031 1991 5072 me.
2032 5018 2099 5072 Et
2138 5020 2228 5088 qui
2263 5020 2406 5074 videt
2436 5038 2556 5086 me,
2591 5023 2736 5075 videt
2764 5040 2888 5076 eum
2935 5025 3024 5092 qui
3081 5024 3228 5079 misit
3258 5040 3338 5079 me
3367 5027 3475 5079 ".i.

1810 5108 1811 5111 “
1885 5107 1950 5161 Ει
2002 5126 2263 5166 rursum:
2300 5130 2319 5164 ι
2380 5112 2598 5169 Credite
2654 5115 2707 5168 iii
2763 5114 2978 5180 Deum,
3016 5117 3147 5171 etiit
3201 5133 3288 5173 me
3343 5132 3467 5173 ere.-

264 5280 398 5333 MG'.
434 5296 456 5329 ¢
498 5280 708 5351 Πάτερ,
733 5282 993 5352 ἐλήλυθεν
1038 5283 1238 5355 ήῶρα,
1284 5285 1506 5351 δόξασόν
1548 5306 1642 5341 σου
1681 5291 1774 5344 τὸν

196 5370 351 5434 Υἱὸν,
388 5371 474 5424 ἵνα
518 5373 670 5424 καὶὸ
698 5372 826 5437 Υἱός
861 5391 954 5427 σου
978 5374 1175 5445 δοξάσῃ
1218 5392 1299 5429 σε.
1341 5377 1540 5441 Καθὼς
1567 5379 1773 5444 ἔδωκας

194 5460 343 5529 αὐτῷ
390 5460 640 5525 ἐξουσίαν
680 5465 861 5535 πάσης
910 5467 1133 5537 σαρκὸς,
1176 5468 1260 5520 ἵνα
1314 5472 1422 5523 πᾶν
1464 5470 1493 5523 ὃ
1531 5470 1771 5536 δέδωκας

194 5550 364 5622 αὐτῷ,
394 5552 540 5625 δὼσῃ
580 5555 764 5620 αὐτοῖς
795 5555 940 5628 ζωὴν
968 5558 1203 5614 αἰώνιον.
1235 5580 1254 5613 ι
1286 5561 1636 5635 Παράκλητος
1668 5564 1770 5634 μὲν

267 5726 306 5757 ’³
344 5726 359 5777 I
394 5727 517 5782 Cor.
552 5730 689 5790 ",2.

194 5793 289 5864 «il.
316 5797 402 5857 I5.

773 5730 813 5760 ¹⁵
848 5728 885 5784 II
911 5730 1036 5785 Cur.
1072 5748 1189 5791 \III.
1218 5734 1269 5785 9.

480 5798 523 5829 ’θ
551 5797 709 5857 luat].
738 5816 847 5867 XIV,
886 5801 933 5857 I.
1013 5808 1051 5835 ²¹
1095 5803 1245 5858 Joaii.
1276 5822 1405 5872 xvii,
1443 5810 1487 5869 Ι,
1526 5808 1580 5862 2.

1354 5734 1693 5804 ¹⁶.1(ι;ιιι.ιιι³
1731 5741 1816 5797 δεῇ,

1881 5200 1990 5254 dite
2012 5202 2072 5255 ³⁸.
2091 5221 2110 5254 ι

1950 5289 2137 5346 XLIX.
2170 5310 2188 5344 i
2225 5297 2407 5361 Pater,
2440 5306 2587 5351 venit
2613 5313 2771 5360 nora,
2804 5298 3039 5353 clarifica
3066 5296 3258 5351 Filium
3294 5308 3477 5365 tuum,

1876 5392 1936 5437 ut
1980 5393 2035 5438 et
2086 5384 2257 5442 Filius
2329 5397 2457 5445 tuus
2520 5390 2783 5445 elarificet
2826 5400 2897 5445 te.
2954 5392 3106 5446 Sicut
3163 5392 3358 5446 dedisti
3412 5394 3470 5447 ei

1878 5482 2198 5542 potestatein
2234 5480 2415 5535 omnis
2444 5482 2656 5543 carnis,
2696 5492 2754 5534 ut
2783 5498 2943 5537 onme
2990 5485 3130 5552 quod
3159 5481 3354 5537 dcuisti
3386 5484 3473 5553 ei,h

1877 5566 1968 5621 det
1991 5567 2071 5622 eis
2115 5568 2282 5624 vitam
2328 5575 2673 5628 aeternam".
2706 5592 2725 5626 ι
2768 5572 3075 5629 Advocatiis
3113 5582 3167 5628 et
3196 5574 3456 5643 propitia-

1923 5744 1961 5776 ιτ
2002 5744 2039 5799 ιι
2066 5745 2190 5801 Cor.
2228 5763 2276 5814 ν,
2318 5747 2398 5802 ιο.
2510 5748 2549 5779 ιε
2580 5748 2769 5806 Milli].
2802 5767 2876 5819 ιι,
2908 5751 2999 5807 es.
3080 5751 3123 5786 ιο
3155 5750 3309 5809 Joait.
3352 5732 3467 5817 xii
