4000 6326
609 409 748 466 1405

1607 413 1663 468 S.
1699 413 1973 470 CYRILLI
2013 409 2482 469 ALEXANDlil-Nl
2515 409 2841 467 ΑΒΜ-ΗΕΓ.

3658 418 3743 472 lilii

604 537 692 584 tor
747 529 1046 600 appellatur
1099 528 1267 582 Filius
1288 531 1352 581 ".
1392 528 1508 597 Ipse
1553 531 1698 584 enim
1732 533 2041 587 hominibus
2082 549 2166 587 ca:

2292 529 2383 581 καὶ
2418 530 2729 598 ἱλαστήριον
2778 531 2806 581 ὁ
2850 529 2976 592 Υἱὸς
3015 543 3343 598 ωνομασται.
3395 528 3645 601 Καθίστησι
3678 538 3745 606 γὰρ

605 621 795 675 lcstem
853 621 1070 676 Patrem
1150 622 1466 677 benevolum
1517 626 1911 695 propitiumque
1963 629 2179 690 reddit,

604 722 768 779 atque
807 711 929 767 ideo
962 713 1200 767 ouinium
1246 713 1507 768 bonorum
1543 717 1698 770 nobis
1730 727 1919 772 auctor
1950 727 2050 773 est.
2091 719 2184 774 Ve-

605 814 908 857 rumtamen
985 803 1335 874 inquisitione
1374 805 1596 875 dignum
1631 817 1750 874 est,
1802 824 2035 877 quanam
2089 825 2179 864 ra-

604 893 749 947 tione
783 893 940 949 Pater
969 894 1229 964 gloriﬁcet
1259 895 1450 950 Filium
1499 906 1553 952 et
1601 896 1768 954 Filius
1800 899 2034 954 vicissim
2064 901 2180 970 glo-

604 984 778 1050 ritlcet
818 985 1055 1042 Patrem.
1087 988 1177 1042 Ait
1204 1003 1334 1058 ergo
1367 991 1652 1045 advenisse
1703 992 1923 1059 horam,
1957 995 2058 1048 hoc
2097 1001 2182 1048 est

605 1086 848 1146 tempus,
908 1079 960 1132 in
1010 1095 1117 1149 quo
1145 1081 1318 1150 ipsum
1353 1082 1509 1151 plane
1547 1099 1644 1153 pro
1685 1086 1869 1139 mundi
1922 1085 2027 1139 vita
2058 1102 2181 1140 cru-

600 1165 682 1219 cis
722 1166 1043 1235 supplicium
1075 1170 1260 1225 subire
1307 1181 1606 1240 Oporteret.
1658 1173 1762 1227 Par
1788 1184 1906 1229 erat
1955 1185 2134 1230 autem
2161 1218 2176 1242 ,

601 1265 662 1309 ut
704 1254 864 1312 l'ater
905 1256 1098 1312 Filium
1129 1275 1226 1330 per
1254 1263 1701 1317 resurrectionem
1731 1279 1796 1317 ex
1827 1267 2050 1318 mortuis
2075 1266 2182 1332 glo-

602 1347 878 1417 riﬁcaret,
929 1351 1141 1420 sibique
1185 1355 1702 1410 consubstantialem
1759 1365 1814 1410 et
1859 1356 2127 1410 viviﬁcum
2160 1396 2176 1420 ,

598 1448 653 1493 et
707 1451 880 1495 morte
930 1445 1300 1510 superiorem,
1344 1458 1399 1501 et
1449 1455 1693 1501 naturam
1749 1464 1777 1500 a
1833 1451 2180 1518 corruptione

597 1530 827 1585 alienam
862 1535 1110 1588 sortitum
1165 1537 1402 1591 evidenti
1470 1540 1776 1594 testimonio
1832 1541 2178 1595 demonstra-

600 1631 704 1674 ret.
739 1622 878 1688 Quin
913 1625 1027 1692 ipse
1084 1641 1298 1695 quoque
1332 1629 1490 1683 Pater
1541 1631 1640 1684 hoc
1675 1631 1789 1698 ipso
1821 1632 2175 1702 gloriﬁcatur,

597 1714 741 1779 quod
775 1712 969 1768 Filium
1023 1717 1216 1772 decore
1241 1757 1257 1783 ,
1314 1720 1518 1788 gloria,
1555 1723 1900 1790 potentiaque
1933 1724 2034 1777 sibi
2085 1739 2177 1793 per

595 1805 780 1859 omnia
814 1807 1046 1861 similem
1082 1809 1295 1864 habeat.
1331 1813 1508 1881 Atque
1537 1814 1677 1867 istud
1714 1814 1914 1882 liquido
1941 1818 2178 1870 ostendit

2289 621 2400 679 τοῖς
2430 618 2524 669 ἐπὶ
2562 619 2660 688 τῆς
2693 618 2797 687 γῆς
2842 617 3046 687 εὐμενῆ
3093 617 3184 670 τὸν
3231 617 3462 687 Πατέρα,
3505 620 3581 671 καὶ
3615 626 3744 688 amnt;

2289 710 2422 778 ἡμῖν
2447 707 2760 779 εὑρίσκεται
2785 709 3043 780 πρόξενος
3073 708 3296 777 ἀγαθοῦ.
3330 708 3467 778 Πλὴν
3487 711 3630 763 ἐκεῖνο
3645 731 3748 766 κατα-

2290 799 2601 870 θρήσωμεν,
2629 800 2746 863 πῶς
2776 800 2842 853 ἂν
2871 799 3143 864 δοξάσειεν
3175 801 3202 852 ὁ
3239 798 3426 870 Πατὴρ
3451 799 3528 852 τὸν
3563 802 3673 868 Υἱὺν,
3693 806 3746 858 δο-

2288 889 2616 958 ξασθήσεται
2665 891 2720 942 δέ
2752 891 2845 943 xai.
2879 891 3040 954 αὑτὸς
3087 891 3216 962 παρ’
3263 889 3426 943 αὑτοῦ
3463 891 3565 943 τίνα
3599 895 3748 962 τῴπον.

2290 981 2498 1034 Οὐκοῦν
2541 983 2640 1051 τὴν
2696 981 2868 1052 ὥραν,
2923 984 3090 1052 ἤγουν
3143 983 3230 1036 τὸν
3289 981 3474 1052 καιρὸν
3525 983 3750 1052 ἐληλυθέναι

2287 1074 2440 1142 φησι,
2472 1073 2594 1126 καθ’
2623 1073 2682 1126 ὃν
2728 1074 2836 1126 ἔδει
2872 1075 3088 1136 πάντως
3117 1074 3279 1126 αὑτὸν
3313 1074 3402 1125 τὸν
3440 1073 3561 1144 ὑπὲρ
3592 1075 3667 1144 τῆς
3694 1079 3752 1128 τοῦ

2288 1164 2492 1232 κόσμου
2529 1163 2672 1233 ζωῆς
2702 1164 2995 1232 ὑπομεῖναι
3024 1163 3254 1233 σταυρόν
3274 1178 3285 1189 ·
3318 1161 3431 1214 ἀλλ’
3455 1158 3514 1232 ἦν
3543 1163 3753 1230 ἀναγκαῖον

2285 1256 2603 1321 δοξάζεσθαι
2644 1256 2733 1308 τὸν
2759 1257 2888 1309 Υἱὸν
2920 1255 3069 1323 παρά
3112 1255 3205 1307 τοῦ
3238 1253 3465 1323 Πατρὺς,
3495 1255 3574 1306 καὶ
3601 1254 3667 1306 διὰ
3697 1259 3756 1325 τῆς

2287 1350 2350 1399 ἐκ
2379 1348 2587 1419 νεκρῶν
2633 1349 2982 1410 ἀναστάσεως
3023 1346 3466 1418 μαρτυρούμενον
3489 1347 3559 1400 ὅτι
3591 1347 3637 1397 τέ
3661 1347 3754 1396 ἐςτιν

2284 1438 2446 1509 ὁμοού
2457 1456 2570 1502 σιος
2598 1439 2747 1509 αὑτῷ
2768 1441 2860 1492 καὶ
2879 1439 3161 1504 ζωοποιὸς,
3189 1441 3284 1492 καὶ
3304 1439 3526 1492 θανάτου
3553 1438 3754 1507 κρεῖττον,

2286 1531 2380 1583 καὶ
2428 1532 2633 1602 φθορᾶς
2667 1531 2878 1601 ἀμείνω
2929 1531 3025 1602 τὴν
3073 1530 3238 1599 φύσιν
3279 1528 3657 1599 διεκληρώσατο.
3688 1530 3755 1579 Κιὶ

2283 1622 2564 1688 δοξάζεται
2591 1623 2764 1676 δὲκαὶ
2794 1623 2958 1687 αὐτὸς
2985 1625 3013 1676 ὁ
3041 1623 3248 1693 Πατὴρ,
3277 1623 3350 1686 ὡς
3373 1623 3507 1690 ἔχων
3529 1621 3634 1673 Υῑον
3668 1620 3758 1672 κατὰ

2284 1716 2392 1766 πᾶν
2411 1715 2590 1768 ὁτιοῦν
2608 1715 2824 1768 ἐοικότα
2841 1733 2897 1768 τε
2916 1717 3007 1768 καὶ
3026 1715 3244 1768 ἰσοκλεᾶ
3262 1715 3356 1767 καὶ
3379 1717 3488 1766 ἰσου
3498 1713 3607 1782 ργὸν
3626 1712 3754 1779 ἐαυτῷ.

2284 1809 2394 1862 Καὶ
2422 1805 2582 1860 τοῦτο
2610 1807 2848 1877 δέδειχεν
2878 1809 2905 1860 ὁ
2936 1807 3062 1870 Υἱὸς
3092 1807 3448 1876 καταργήσας
3475 1805 3557 1856 τὸν
3584 1805 3758 1882 θάνατον,

596 1893 796 1964 Filius,
824 1913 946 1952 cum
999 1902 1187 1956 mortis
1220 1901 1444 1972 imperio
1475 1905 1729 1959 demolito
1755 1946 1770 1970 ,
1823 1923 1977 1960 suum
2005 1909 2166 1977 ipsius

2281 1901 2374 1953 καὶ
2404 1900 2719 1970 ἀναστήσας
2744 1900 2808 1951 ἐκ
2837 1898 3047 1971 νεκρῶν
3089 1899 3178 1951 τὸν
3210 1897 3406 1950 ἑαυτοῦ
3447 1897 3578 1949 ναόν.
3608 1897 3758 1963 Δέχεται

597 1988 852 2056 templum
914 2005 944 2043 a
1002 1992 1226 2046 mortuis
1271 1995 1645 2048 exsuscitavit.
1693 1996 2175 2051 Vernmeuimvero

594 2077 721 2132 licet
772 2091 830 2134 ut
888 2081 1046 2135 homo
1074 2082 1162 2150 jus
1223 2094 1656 2155 potestatemque
1701 2088 1744 2140 i'
1786 2091 1990 2142 lomnes
2016 2105 2174 2142 acce-

596 2171 742 2238 pisse
796 2173 1182 2239 perhibeatur,
1253 2185 1312 2228 ttt
1361 2175 1499 2230 Deus
1543 2187 1718 2232 tamen
1772 2180 2039 2233 .iniversis
2091 2197 2175 2233 re—

598 2277 714 2315 rutu
757 2265 964 2319 naturis
1015 2266 1260 2321 absolute
1307 2268 1707 2324 dominabatur.
1744 2270 1904 2324 Pater
1959 2287 2171 2325 rursum

593 2353 660 2408 iis
708 2356 798 2423 qtti
836 2355 974 2409 Filio
1007 2355 1116 2410 dati
1164 2368 1292 2412 sunt
1319 2360 1483 2412 vitam
1516 2370 1770 2415 a-teruam
1825 2365 2169 2431 imper-titur:

592 2453 649 2496 at
700 2444 787 2497 ille
837 2445 1049 2499 interim
1075 2456 1157 2500 est
1209 2447 1296 2500 illa
1339 2449 1568 2517 ipsamet
1600 2451 1727 2502 vita.
1761 2452 1920 2520 170
1968 2471 1984 2500 ι
2023 2454 2171 2521 Ego,

591 2534 810 2603 inquit,
859 2551 977 2590 sum
1035 2539 1366 2593 resurrectio
1421 2550 1474 2594 et
1521 2540 1757 2594 vita'i.»
1813 2545 1991 2607 Quare
2049 2544 2173 2596 licet

591 2627 817 2696 gloriam
861 2637 914 2682 et
957 2644 1178 2697 regnum
1209 2671 1224 2696 ,
1256 2643 1309 2686 et
1339 2647 1501 2700 super
1551 2649 1738 2687 omnes
1771 2647 1825 2688 et
1864 2639 2040 2686 omnia
2079 2652 2172 2703 pn-

593 2729 842 2773 testatetu
875 2725 1149 2790 accepisse
1201 2723 1458 2788 dicatur;
1510 2727 1608 2780 hnc
1656 2736 1833 2780 lauicu
1888 2728 1952 2779 ad
1990 2728 2171 2779 incar-

589 2814 823 2868 nationis
870 2815 1234 2871 conditionem
1277 2824 1362 2874 es’t
1423 2820 1787 2874 reti-rendam.
1824 2822 2042 2874 Certum
2090 2833 2172 2874 est

586 2905 732 2960 enim
789 2904 1104 2972 Filium,ut
1165 2907 1306 2964 Deus
1334 2922 1457 2975 est,
1511 2920 1565 2963 et
1615 2911 1797 2976 gloria:
1855 2911 2167 2980 Dominum,

587 3002 643 3048 et
685 2996 874 3049 eadem
929 3013 1050 3051 cum
1109 2997 1268 3053 Patre
1321 3000 1603 3069 majestate
1673 3002 1952 3067 praeditum
2007 3017 2166 3068 esse;

588 3101 802 3156 neque,
850 3089 992 3158 quod
1030 3091 1245 3160 quidem
1292 3094 1358 3145 ad
1414 3094 1711 3147 divinitatis
1753 3103 1998 3146 naturain
2047 3109 2169 3162 Spe-

585 3187 721 3244 ctat,
754 3177 929 3236 Patris
972 3182 1142 3251 gloria
1177 3195 1231 3237 et
1263 3185 1553 3239 eminentia
1597 3185 1699 3237 ulla
1735 3202 1798 3239 ex
1841 3195 1993 3253 parte
2028 3185 2168 3237 infe-

2278 1993 2334 2045 δὲ
2370 1993 2470 2064 τὴν
2507 1993 2650 2045 κατὰ
2685 1992 2905 2044 πάντων
2934 1991 3183 2054 ἐξουσίαν
3204 2029 3219 2052 ,
3261 1989 3384 2042 καθ’
3418 1991 3553 2060 ἡμᾶς
3579 1987 3631 2054 δὴ
3657 1985 3759 2037 aii—tv

2281 2083 2373 2135 καὶ
2396 2081 2752 2152 ἀνθρωπὶνως
2769 2096 2780 2107 ⁶
2804 2079 2980 2133 καίτοι
3010 2078 3313 2150 βασιλεύων
3343 2079 3454 2129 τῶν
3473 2078 3592 2129 ὅλων
3612 2074 3758 2146 θελκῶς.

2279 2175 2388 2228 Καὶ
2421 2175 2594 2244 ἐνίησι
2651 2175 2747 2244 μὲν
2781 2175 2808 2225 ὁ
2855 2173 3045 2242 Πατὴρ
3077 2173 3188 2234 τοῖς
3243 2171 3445 2223 δοθεῖσι
3485 2168 3554 2238 τῷ
3580 2168 3669 2235 Υἱῴ
3700 2169 3760 2232 τὴν

2278 2262 2421 2332 ζωὴν
2453 2264 2553 2332 τὴν
2584 2262 2831 2315 αἰώνιον·
2877 2261 3016 2331 αὕτη
3056 2259 3114 2313 δέ
3158 2261 3307 2332 ἐστιν
3346 2257 3540 2320 αὑτός·
3571 2256 3653 2325 ἔφη
3674 2257 3760 2322 γάρ’

2282 2374 2299 2404 t
2361 2354 2499 2422 Ἑγώ
2531 2356 2645 2423 εἰμι
2676 2356 2708 2424 ἡ
2740 2354 3034 2416 ἀνάστασις
3063 2355 3158 2406 καὶ
3190 2355 3223 2422 ὴ
3258 2351 3395 2421 ζωή.
3425 2369 3444 2401 ι
3493 2348 3668 2401 Οὐκοῦν
3699 2347 3762 2398 xiv

2275 2448 2323 2498 εἰ
2354 2446 2564 2514 λέγοιτο
2608 2446 2789 2498 λαϐεῖν
2824 2446 2973 2516 παρὰ
3008 2445 3101 2497 τοῦ
3148 2444 3361 2513 Πατρὸς
3409 2442 3556 2508 δόξαν
3598 2439 3671 2491 καὶ
3703 2438 3763 2503 τὴν

2276 2538 2416 2590 κατὰ
2452 2538 2667 2588 πάντων
2709 2537 2957 2602 ἐξουσίαν
2983 2553 3040 2588 τε
3079 2536 3174 2588 καὶ
3223 2533 3520 2604 βασιλείαν,
3558 2530 3763 2585 ἀναθετέιι

2279 2630 2376 2698 μὲν
2405 2629 2467 2680 τὸ
2515 2628 2701 2680 λαϐεῖν
2736 2630 2848 2690 τοῖς
2885 2627 2982 2695 τῆς
3029 2625 3315 2689 κενώσεως
3359 2626 3589 2695 μέτροις.
3637 2622 3763 2674 Ἰστέον

2273 2721 2350 2784 δὲ,
2385 2721 2465 2773 ὅτι
2494 2721 2588 2772 καὶ
2628 2721 2723 2789 τῆς
2755 2719 2912 2788 δόξης
2942 2719 3057 2770 ἐστὶ
3088 2718 3288 2789 Κύριος
3315 2718 3393 2780 ὡς
3419 2719 3563 2780 Θεὸς,
3593 2716 3666 2768 καὶ
3688 2715 3762 2765 σῶν-

2275 2814 2463 2884 θρονος
2489 2813 2567 2882 τῷ
2599 2812 2773 2881 Πατρὶ
2799 2812 2891 2863 καὶ
2919 2813 3037 2864 κατ’
3061 2811 3251 2863 οὑδένα
3274 2810 3477 2880 τρόπον
3506 2807 3762 2878 μειονεκτοῶ

2279 2922 2441 2974 μενος
2466 2905 2566 2974 τῆς
2586 2903 2678 2956 τοῦ
2705 2903 2954 2965 τεκόντος
2983 2901 3143 2955 αὑτὸν
3164 2901 3443 2972 ὑπεροχῆς
3472 2917 3527 2952 τε
3556 2900 3628 2952 καῖ
3647 2896 3763 2964 δόξῃς,

2272 3000 2330 3051 τό
2376 3015 2439 3066 γε
2477 2993 2611 3067 ἧκον
2656 2999 2735 3059 εἰς
2773 2999 2872 3066 τὴν
2905 2996 3004 3066 τῆς
3045 2995 3296 3064 θεότητος
3345 2995 3529 3064 φύσιν.
3577 2989 3764 3056 Ἐσόμεϋι

2274 3087 2384 3158 γὰρ
2416 3085 2590 3150 οὑτως
2624 3087 2890 3152 εὐσεϐεῖς,
2935 3087 3368 3156 περιτρέποντες
3423 3087 3527 3137 πᾶν
3555 3083 3694 3152 νόημα
3720 3079 3763 3136 εἰς

2270 3179 2368 3250 τὴν
2403 3179 2651 3247 ὑπακοὴν
2696 3179 2884 3238 αὐτοῦ,
2933 3178 3027 3229 καὶ
3083 3180 3382 3246 λογισμοὺς
3438 3174 3764 3243 καθαιῳὺντῑτ.

585 3272 784 3326 riorem
818 3287 960 3328 esse.
1014 3275 1094 3328 Ad
1129 3275 1272 3330 hunc
1343 3277 1525 3344 itaque
1575 3279 1804 3342 modum,
1830 3277 2162 3345 comparati,

2277 3290 2295 3320 ι
2331 3272 2424 3322 καὶ
2451 3270 2558 3321 πᾶν
2607 3268 2805 3338 ὕψωμα
2846 3268 3206 3337 ἐπαιρόμενον
3261 3269 3408 3320 κατὰ
3462 3266 3557 3334 τῆς
3583 3263 3760 3333 γνώπεως

585 3372 641 3416 et
688 3363 758 3432 pii
787 3365 1035 3430 erimus,
1085 3376 1140 3420 et
1172 3381 1385 3423 onmem
1440 3368 1770 3422 intellectum
1839 3369 1892 3422 in
1961 3369 2161 3422 Christi

2272 3361 2457 3416 αὑτοῦ.
2493 3382 2510 3412 ι

583 3451 902 3522 obsequium
950 3464 1371 3521 convertentes,
1419 3467 1473 3511 et
1515 3473 1706 3512 ouuies
1758 3451 2158 3528 cogitationes,
2209 3475 2228 3507 ι
2265 3469 2589 3522 omnemque
2628 3451 2964 3504 altitudinem
3013 3461 3199 3506 contra
3271 3451 3369 3506 Dei
3421 3451 3766 3506 scientiatum

553 3605 556 3609 ι
582 3544 929 3600 extollentem
975 3556 1282 3604 everteutes
1300 3549 1389 3600 "‘.
1417 3565 1436 3600 ι

653 3637 767 3692 Ιηι
802 3641 1034 3696 Dextera
1084 3641 1250 3711 igitur
1307 3641 1400 3714 Dei
1457 3643 1750 3698 exaltatus.
1818 3653 1874 3700 et
1927 3661 2162 3716 promis-

584 3730 793 3785 sionem
847 3731 1081 3802 Spiritus
1129 3734 1303 3788 sancti
1343 3735 1616 3805 accipiens
1655 3753 1682 3789 a
1733 3737 1923 3801 Patre,
1975 3739 2162 3793 eii'udit

585 3823 689 3877 hoc
717 3862 734 3888 ,
771 3828 917 3893 quod
959 3839 1055 3879 vos
1087 3827 1282 3881 videtis
1315 3839 1369 3881 ct
1415 3830 1633 3884 auditis.
1685 3829 1801 3884 Non
1851 3831 1994 3884 enim
2049 3831 2155 3883 Da-

585 3915 674 3969 vid
713 3917 958 3972 ascendit
999 3919 1052 3971 in
1102 3919 1342 3983 coelum;
1404 3922 1534 3974 dicit
1572 3933 1749 3975 autem
1802 3923 1914 3990 ipse
1950 3942 1964 3977 :
2017 3923 2161 3977 Dixit

582 4005 842 4063 Dominus
876 4008 1102 4062 Domino
1152 4025 1272 4064 meo
1310 4029 1324 4065 :
1355 4011 1495 4066 Sede
1533 4028 1560 4064 a
1618 4014 1821 4068 dextris
1860 4015 1993 4068 meis
2017 4054 2032 4078 ,
2064 4017 2157 4068 do-

582 4113 685 4152 nec
743 4115 941 4169 ponam
997 4101 1247 4157 inimicos
1294 4113 1412 4156 tuos
1462 4105 1753 4158 scabellum
1805 4106 1998 4175 pedum
2043 4117 2162 4161 tuo-

581 4205 700 4244 rum
724 4191 828 4246 ³⁸.»
890 4191 1213 4247 Universum
1275 4194 1541 4250 incarnati
1591 4195 1750 4252 Verbi
1840 4201 2159 4269 mysterium

578 4298 646 4337 ex
705 4283 790 4339 his
853 4286 1162 4354 perspicere
1219 4285 1366 4340 licet.
1406 4287 1618 4341 Etenim
1673 4290 2017 4359 omnipotens
2070 4293 2160 4347 illa

577 4376 821 4444 dextera,
851 4377 1204 4446 omniumque
1260 4379 1441 4447 opifex
1474 4395 1689 4446 manus,
1752 4381 1896 4438 Deus
1925 4383 2160 4439 Verbum

2340 3641 2423 3696 N'.
2459 3660 2480 3692 ι
2521 3641 2599 3709 Τῇ
2631 3637 2780 3707 δεξιᾷ
2800 3633 2896 3691 οὖν
2920 3635 3012 3689 τοῦ
3045 3635 3180 3689 Θεοῦ
3205 3636 3468 3706 ὑψωθεὶς,
3491 3638 3583 3706 τήν
3598 3652 3646 3687 τε
3661 3636 3766 3696 ἐτυπτ-

2267 3732 2454 3800 γελξαν
2471 3733 2564 3785 τοῦ
2601 3731 2759 3798 ἀγίου
2785 3729 2924 3781 Πνεύ
2934 3746 3102 3799 ματος
3115 3727 3295 3782 λαϐὼν
3324 3729 3479 3799 παρὰ
3504 3729 3589 3782 τοῦ
3610 3726 3766 3793 Ματρὸς.

2267 3824 2451 3894 ἐξέχεε
2491 3824 2672 3884 τοῦτο,
2703 3822 2730 3874 ὂ
2764 3823 2919 3891 ὑμεῖς
2951 3820 3180 3889 βλέπετε
3213 3821 3308 3874 καὶ
3341 3823 3585 3875 ἀκούετε.
3620 3818 3680 3873 Οὑ
3700 3818 3764 3884 γὰρ

2266 3916 2428 3968 ama
2458 3916 2623 3986 ἀνέϐη
2663 3916 2744 3978 εἰς
2770 3915 2861 3966 τὸν
2891 3914 3118 3984 οὐρανόν
3140 3931 3154 3944 ·
3196 3913 3346 3981 λέγει
3378 3915 3438 3968 δέ
3458 3914 3635 3982 αύτὸςῖ·
3660 3909 3768 3965 Εἶπεν

2264 4008 2293 4058 ὁ
2325 4007 2528 4078 Κύριος
2555 4007 2632 4076 τῷ
2663 4007 2852 4077 Κυρίω
2887 4022 3020 4076 μου·
3051 4005 3234 4058 Κάθου
3259 4008 3324 4058 ἐκ
3356 4006 3550 4071 δεξιῶν
3587 4023 3685 4076 μου,

2265 4098 2331 4152 ἂν
2368 4099 2446 4151 θῶ
2465 4099 2591 4162 τοὺς
2621 4097 2850 4168 ἐχθρούς
2877 4115 2970 4150 σου
3009 4099 3298 4152 ὑποπόδιον
3322 4099 3440 4151 τῶν
3474 4098 3637 4150 ποδῶν
3658 4111 3766 4146 cum

2268 4192 2430 4244 Ὂλον
2459 4195 2515 4243 ἐν
2553 4193 2765 4254 τούτοις
2792 4190 3244 4262 καταθρήσαιμεν
3268 4190 3335 4243 ἂν
3362 4191 3468 4260 τῆς
3502 4187 3768 4258 ἐνανθριπὴ·

2267 4301 2405 4347 σεως
2433 4283 2527 4336 τοῦ
2561 4284 2900 4353 Μονογενοῦς
2923 4284 2986 4337 τὸ
3032 4286 3356 4355 μυστήριον.
3414 4284 3504 4337 Ἐν
3530 4284 3684 4352 μορφῇ
3707 4277 3770 4344 ii?

2264 4377 2527 4446 ὑπάρχων
2573 4377 2668 4429 καὶ
2717 4379 2924 4447 ἰσότητι
2975 4375 3068 4428 τοῦ
3101 4375 3317 4445 Πατρδς
3345 4379 3377 4429 ὁ
3425 4377 3486 4443 ἐξ
3516 4372 3660 4427 αὐτοῦ
3689 4367 3770 4427 θεὶς

577 4468 631 4522 in
674 4469 851 4524 Patris
881 4467 1053 4525 forma
1089 4481 1145 4525 et
1184 4471 1490 4540 aequalitate
1535 4489 1654 4525 cum
1695 4484 1888 4537 esset,
1942 4487 2158 4544 propter

2263 4467 2459 4536 Λόγος,
2492 4470 2526 4538 ἡ
2555 4469 2860 4539 πανσθενὴς
2881 4468 3050 4534 δεξιὰ,
3068 4468 3161 4520 καὶ
3187 4468 3313 4538 χεὶρ
3337 4471 3373 4538 ή
3398 4463 3770 4536 παντουργικὴ¹,

577 4560 869 4613 humanam
927 4571 1177 4616 naturam
1233 4563 1566 4627 cxinauitus,
1612 4577 1666 4618 et
1708 4565 1974 4620 eXaltatus
2019 4582 2155 4635 pra:-

573 4650 891 4705 dicatur":
945 4667 1050 4706 non
1095 4654 1236 4720 quod
1280 4653 1330 4707 in
1371 4654 1593 4723 gloriam
1642 4666 1955 4709 extraneaiu
1985 4696 2001 4721 ,
2053 4658 2155 4712 hoc

572 4750 694 4805 est,
732 4741 784 4793 iu
847 4756 966 4795 eam
1047 4758 1208 4810 quam
1267 4743 1391 4796 oliui
1451 4747 1768 4799 naturaliter
1813 4763 1916 4799 nou
1977 4748 2152 4816 possi-

573 4832 746 4894 deret,
777 4844 998 4886 evectus
1051 4832 1155 4899 sit,
1191 4833 1283 4888 sed
1312 4837 1453 4903 quod
1498 4837 1563 4889 ad
1623 4839 1893 4906 propriam
1934 4848 2155 4892 natura-

575 4925 807 4993 literque
855 4925 961 4980 sibi
997 4925 1216 4981 insitam
1263 4939 1318 4982 et
1350 4929 1717 4999 ingeneratam
1755 4932 1994 4986 redierit.
2038 4933 2148 4986 llo-

575 5035 663 5073 mo
693 5020 876 5089 itaque
905 5019 1099 5085 factus,
1123 5019 1392 5075 exaltatus
1421 5033 1504 5074 est
1531 5023 1825 5076 secundum
1859 5023 2148 5076 luuuanant

575 5117 820 5163 naturam
851 5149 867 5175 ,
910 5110 1118 5165 tametsi
1189 5111 1482 5165 secundum
1522 5122 1766 5165 naturam
1818 5127 2031 5181 semper
2069 5122 2151 5167 est

575 5200 891 5256 altissimus.
944 5200 1010 5256 Et
1038 5202 1184 5257 hunc
1231 5217 1352 5256 esse
1395 5203 1634 5257 arbitror
1676 5205 1890 5256 modum
1925 5214 2149 5267 natum,

573 5299 628 5343 et
671 5306 834 5360 quam
880 5307 1138 5347 vocamus
1177 5293 1620 5348 cxiuauitionem.
1662 5293 1799 5346 Deus
1830 5294 2012 5363 itaque.
2057 5297 2150 5349 ho-

575 5397 663 5437 mo
688 5383 887 5449 factus,
922 5383 1045 5439 licet
1085 5386 1185 5440 hoc
1231 5386 1401 5454 ipsum
1428 5385 1600 5440 solum
1630 5387 1773 5454 quod
1803 5389 2148 5451 cernebatur,

2261 4561 2598 4613 κεκενῶσθαι
2632 4561 2732 4630 μὲν
2762 4559 2980 4628 λέγεται.
3007 4559 3094 4612 διὰ
3121 4560 3182 4612 τὸ
3211 4557 3588 4629 ἀνθρώπινονο
3610 4551 3770 4622 ὑψοῦται

2259 4652 2314 4705 δὲ
2343 4652 2528 4717 πάλιν,
2566 4653 2668 4705 οὑκ
2699 4654 2780 4715 εἰς
2804 4652 3009 4705 ὀθνεῖον
3042 4651 3259 4722 ἀξίωμα
3292 4653 3394 4704 καὶ
3424 4652 3486 4704 οὐ
3522 4649 3773 4713 πάλαιπρι-

2261 4744 2503 4813 πεφυκὸς
2535 4743 2681 4813 αὑτῷ
2713 4743 3022 4807 διαϐαίνων,
3064 4743 3182 4796 ἀλλ’
3231 4745 3312 4806 εἰς
3361 4742 3603 4813 ἔμφυτόν
3637 4755 3684 4790 τε
3717 4733 3773 4785 καὶ

2259 4839 2359 4907 τὴν
2393 4836 2619 4888 ἐνοῦσαν
2652 4837 2739 4889 ἀεὶ
2772 4836 2930 4900 δόξαν
2955 4853 3014 4888 τε
3046 4835 3182 4905 ὁμοῦ
3214 4837 3308 4889 καὶ
3335 4834 3614 4906 ὑπεροχὴν
3643 4833 3775 4883 ὑπενθ-

2261 4929 2423 4981 στῶν.
2461 4927 2727 4996 ⁹Ι’ψοῦται
2751 4928 2861 5000 γὰρ
2893 4927 3272 4998 ἀνθρωπίνως,
3297 4928 3488 4980 καίτοι
3518 4926 3644 4979 κατά
3668 4920 3774 4987 φύσει.

2258 5020 2481 5088 ὕψιστος
2513 5019 2588 5073 ὢν
2617 5020 2725 5074 ἀεί.
2771 5021 2967 5088 Γέγονε
3017 5020 3127 5090 γὰρ
3167 5019 3487 5090 aermna}...
3531 5017 3616 5070 καὶ
3652 5009 3777 5065 τηςτρὶ

2257 5109 2430 5181 οἶμαι,
2479 5112 2596 5164 ἐστὶ
2631 5111 2692 5164 τὸ
2719 5111 2818 5181 τῆς
2862 5111 3074 5179 φύσεως
3109 5111 3330 5181 μέτρον,
3361 5111 3462 5162 καὶ
3501 5111 3534 5179 ἡ
3576 5099 3776 5172 λεγομένη

2260 5204 2511 5265 κένωσις.
2569 5204 2637 5256 Ὃ
2675 5219 2739 5270 γε
2803 5203 2908 5274 μὴν
2949 5201 3390 5273 ἐνανθρωπήσας
3442 5201 3607 5262 Θεὸς,
3653 5192 3776 5246 κεῖταί

2259 5295 2535 5366 νομισθεὶς
2575 5296 2727 5348 οὐδὲν
2750 5296 2938 5366 ἕτερον
2969 5293 3129 5360 εἶναι,
3167 5295 3307 5364 πλὴν
3329 5295 3420 5347 ὅτι
3452 5294 3610 5364 μόνον
3627 5286 3776 5354 ἄνθρω-

2261 5406 2378 5451 πος,
2413 5387 2544 5441 αὐτὸ
2563 5386 2628 5440 δτι
2654 5391 2805 5442 τουτὶ
2829 5390 2890 5441 τὸ
2915 5388 3242 5460 ὀρώμενον,‹
3271 5387 3564 5460 ἐκηρύχθη
3593 5387 3644 5437 ἐν
3665 5380 3771 5432 {Ovs-

648 5542 691 5572 ²¹
727 5539 929 5595 lloan.
962 5556 1019 5604 ιι,
1053 5542 1101 5605 l,
1135 5543 1188 5594 2.
1269 5543 1312 5573 ²³
1338 5541 1490 5596 Juan.
1520 5557 1579 5606 ll,
1770 5542 1835 5572 “‘3'
1865 5540 1906 5595 ll
1935 5543 2057 5597 Cor.
2092 5559 2144 5607 κ,

2380 5546 2499 5599 Act.
2531 5561 2596 5611 ιι,
2626 5544 2825 5612 53-55;
2863 5545 3006 5602 [δεδι.
3031 5560 3140 5612 ω,
3178 5544 3226 5598 ι.
3307 5545 3353 5575 εδ
3384 5542 3614 5615 Philipp.
3643 5529 3778 5604 “,3;

1666 5698 1842 5752 Vari-te
1877 5698 2134 5756 lectiones
2173 5698 2374 5756 codicis
2406 5699 2764 5771 chuieriaui.

651 5843 679 5883 ιι
709 5832 951 5904 ἀληθινή.
