4000 6326
263 445 406 502 “05

1082 447 1173 503 AD
1215 448 1518 505 REGINAS
1555 451 1642 506 DE
1685 451 1918 508 RECTA
1959 452 2114 507 FIDE
2153 450 2418 507 ORATlO
2456 451 2762 507 ALTERA.

3399 449 3540 507 1406

263 593 368 638 σιν,
396 575 692 647 ἐπιστεύθη
722 578 778 630 ἐν
809 575 1020 646 κόσμῳ,
1049 593 1064 625 ›
1094 575 1387 645 τετίμηται
1411 576 1467 629 δὲ
1484 576 1579 628 καὶ
1605 576 1680 640 ὡς
1711 576 1837 639 Υἱὸς

1947 577 2051 631 hoc
2097 585 2221 642 est,
2283 591 2451 643 purus
2508 575 2670 627 homo
2743 588 2865 628 esse
2941 579 3266 642 putaretur,
3299 574 3540 642 «praedi-

257 666 476 738 ἀληθῶς
499 667 593 721 τοῦ
622 668 758 722 Θεοῦ
783 669 878 722 καὶ
913 667 1146 737 Πατρὸς,
1191 668 1283 721 καὶ
1312 669 1409 738 τῆς
1446 668 1710 722 ἀνωτάτω
1745 686 1842 721 πα-

258 759 368 813 σῶν
417 759 668 824 εὐκλείας
715 760 1014 830 ἀνεδήσατο
1044 761 1112 812 τὰ
1161 761 1480 831 αὐχήματα,
1517 760 1648 823 Θεὸς
1700 757 1841 814 εἶναι

255 851 710 922 πεπιστευμένος.
765 851 875 904 Καὶ
907 850 1008 903 οὐκ
1035 850 1306 921 ἀσύνηθες
1347 852 1495 922 αὐτῷ
1548 854 1608 906 τὸ
1656 854 1844 925 χρῆμά

255 945 405 996 ἐστιν
427 959 441 974 ο
473 943 677 1013 ἀληθὲς
703 943 761 997 δέ
799 943 1002 1012 μᾶλλον
1043 939 1184 997 εἶναί
1213 963 1394 1015 φαμεν
1444 945 1506 999 τὸ
1551 946 1843 1016 ὑφειμένον

254 1037 314 1087 ἐν
345 1033 754 1106 άνθρωπότητι,
795 1037 887 1090 καὶ
914 1037 973 1089 τὸ
996 1037 1261 1106 ὑψοῦσοαι
1283 1039 1479 1105 δοκεῖν,
1510 1041 1695 1093 καίτοι
1722 1043 1844 1103 ταῖς

253 1129 334 1190 είς
371 1126 524 1195 λῆξιν
567 1127 940 1197 διαπρέποντα
965 1129 1168 1193 δόξαις.
1215 1129 1435 1200 Ἐπειδὴ
1459 1130 1511 1182 δὲ
1539 1133 1603 1201 τῇ
1628 1129 1841 1201 ἀνθρώ-

252 1234 356 1269 που
395 1217 578 1287 φύσει,
601 1221 697 1274 καὶ
730 1222 950 1293 μέτροις
978 1225 1090 1285 τοῖς
1115 1221 1236 1275 καθ’
1276 1223 1451 1292 ἡμᾶς,
1481 1221 1663 1275 πάντα
1693 1221 1845 1274 ἐστὶν

251 1309 458 1362 ἄνωθεν
479 1308 576 1362 καὶ
613 1313 762 1380 παρὰ
793 1313 954 1376 Θεοῦ,
993 1312 1166 1383 ταύτῃ
1192 1329 1272 1364 τοι
1313 1312 1406 1364 καὶ
1441 1312 1586 1382 μάλα
1615 1312 1844 1376 εἰκότως

250 1400 318 1468 τῇ
351 1399 502 1471 δεξιᾷ
530 1401 624 1454 τοῦ
667 1403 882 1474 Πατρὸς
915 1404 1182 1474 ὑψοῦσθαι
1222 1405 1459 1473 λέγεται,
1500 1405 1679 1456 καίτοι
1722 1405 1840 1474 χεὶρ

252 1488 516 1559 ὑπάρχων
548 1490 734 1556 αὐτὸς,
783 1493 938 1562 καὶὴ
974 1493 1084 1545 τῶν
1113 1493 1250 1545 ὅλων
1295 1493 1628 1563 δημιουργὸς
1668 1493 1836 1558 δεξιά.

257 1578 448 1650 Ἀθρει
485 1580 542 1634 δέ
589 1600 679 1651 μοι
715 1582 880 1636 πάλιν
910 1585 1000 1636 τὸν
1030 1585 1237 1656 Κύριον
1277 1585 1433 1654 ἡμῶν
1485 1584 1694 1654 Ἰησοῦν
1751 1585 1840 1636 τὸν

250 1671 488 1741 Χριστὸν
516 1673 874 1744 ἀνθρωπίνως
901 1677 998 1747 μὲν
1026 1677 1087 1730 τὸ
1116 1676 1344 1747 Πνεῦμα
1369 1677 1681 1747 δεχόμενον,
1705 1677 1842 1746 πλη-

254 1765 448 1835 ροῦντα
481 1767 538 1820 δέ
583 1766 786 1831 θεῖκῶς
823 1771 925 1838 τὴν
959 1771 1292 1837 ἐπαγγελίαν
1337 1769 1429 1822 τοῦ
1467 1769 1702 1842 Πατρὸς,
1751 1769 1842 1823 διὰ

251 1857 346 1909 τοῦ
393 1860 507 1922 τοῖς
541 1859 891 1914 πιστεύουσιν
926 1861 1128 1914 ἐνιέναι
1156 1862 1217 1913 τὸ
1247 1861 1486 1931 πνεῦμα,
1518 1861 1612 1915 καὶ
1641 1862 1737 1932 οὺχ
1765 1862 1839 1926 ὼς

253 1947 557 2020 ἀλλότριον,
603 1951 717 2003 ἀλλ’
753 1952 828 2016 ὡς
862 1952 993 2006 ἴδιον
1029 1953 1216 2007 αὐτοῦ.
1273 1955 1418 2023 Ἔφη
1464 1955 1563 2023 μὲν
1593 1956 1702 2026 γάρ
1731 1972 1834 2008 που

249 2039 383 2104 Θεὸς
399 2041 599 2106 δι’ἐνὸς
629 2043 738 2096 τῶν
764 2045 936 2113 ἁγίων
959 2047 1275 2117 προφητῶν,
1302 2047 1383 2100 ὅτι
1418 2065 1437 2097 ο
1485 2047 1694 2117 Ἐκχεῶ
1725 2047 1833 2101 ἀπὸ

250 2131 346 2184 τοῦ
372 2134 691 2205 Πνεύματός
724 2154 826 2205 μου
862 2138 956 2190 ἐπὶ
998 2139 1180 2192 πᾶσαν
1224 2140 1422 2211 σάρκα.
1463 2158 1481 2191 ι
1528 2139 1735 2210 Πληροῖ
1777 2139 1834 2193 δὲ

249 2225 412 2279 τοῦτο
437 2228 692 2300 Χριστὸς,
737 2229 814 2294 ὡς
846 2230 972 2284 ἴδιον
999 2233 1163 2295 ἐνιεὶς
1204 2235 1318 2296 τοῖς
1365 2232 1725 2302 κεκλημένοις
1771 2232 1833 2285 τὸ

252 2317 500 2388 Πνεῦμα.
525 2320 720 2374 Καίτοι
738 2321 798 2374 τὸ
819 2321 1083 2392 μετόχους
1109 2323 1394 2376 ἀποτελεῖν
1413 2322 1674 2376 δύνασθαί
1691 2340 1841 2386 τινας

250 2410 347 2463 τοῦ
379 2411 536 2478 ἁγίου
577 2412 920 2483 Πνεύματος,
949 2415 1150 2484 πρέποι
1178 2413 1243 2468 ἂν
1286 2416 1386 2468 οὐκ
1414 2414 1688 2487 ἀνθρώπῳ
1740 2433 1841 2469 πο-

254 2503 377 2570 θὲν,
411 2505 530 2575 Θεῷ
555 2506 612 2558 δέ
647 2506 851 2576 μᾶλλον
878 2507 958 2576 τῷ
987 2509 1130 2561 κατὰ
1160 2507 1344 2577 φύσιν.
1387 2510 1726 2581 Ἐνήργηκεν
1747 2507 1841 2562 οὖν

251 2595 322 2647 τὰ
347 2594 441 2648 τοῦ
483 2595 619 2649 Θεοῦ
653 2598 747 2650 καὶ
790 2597 1004 2668 Πατρὸς
1046 2598 1074 2649 6
1123 2599 1271 2666 Υἱὸς,
1307 2600 1368 2653 τὸ
1410 2601 1635 2670 Πνεῦμα
1666 2599 1843 2663 διδοὺς

252 2686 436 2748 αὑτός.
480 2687 819 2758 Ἀνθρωπίνη
875 2691 1057 2744 τοίνυν
1111 2693 1143 2761 ἡ
1193 2691 1379 2762 λῆψις,
1429 2691 1733 2762 θεοπρεπὲς
1781 2690 1840 2744 δέ

253 2779 348 2832 καὶ
384 2779 525 2849 ὑπὲρ
553 2780 840 2850 ἄνθρωπον
871 2783 932 2835 τὸ
978 2784 1036 2849 ἐξ
1068 2783 1199 2836 ἰδίου
1234 2784 1607 2855 πληρώματος
1639 2785 1730 2836 καὶ
1761 2785 1842 2845 εἰς

253 2871 474 2943 ἐτέρους
504 2875 686 2943 ἐκχεῖν
730 2875 829 2945 τὴν
869 2875 963 2928 τοῦ
1013 2876 1332 2946 Πνεύματος
1371 2876 1537 2932 δόσιν.
1583 2875 1715 2936 Θεὸς
1748 2869 1842 2926 οὖν

252 2959 362 3030 ἄρα
394 2961 545 3015 ἐστὶν
586 2964 644 3015 ἐν
689 2963 1006 3036 ἀνθρωπεία
1051 2968 1232 3035 μορφῇ
1267 2964 1525 3034 πεφηνὼς
1577 2968 1604 3018 ὁ
1646 2964 1840 3032 Λόγος,

254 3052 508 3124 σύνεδρός
533 3071 589 3107 τε
621 3055 710 3108 διὰ
735 3056 894 3110 τοῦτο
927 3057 1004 3127 τῷ
1031 3057 1149 3127 Θεῷ
1171 3058 1264 3110 καὶ
1298 3058 1489 3128 Πατρί.

252 3156 376 3210 est,
407 3146 590 3203 ellicit.
638 3149 945 3204 llumanum
997 3153 1220 3220 proimle
1260 3153 1518 3221 quiddam
1558 3162 1683 3215 est,

1945 677 2101 723 catus
2124 677 2210 723 est
2232 676 2411 722 tamen
2447 667 2499 720 in
2529 668 2811 736 gentibus:
2839 666 3079 720 creditus
3109 673 3190 719 est
3221 665 3271 718 in
3305 668 3528 734 mundo,

1946 760 2248 816 honoratus
2285 771 2369 814 est
2392 760 2500 826 ",i
2556 769 2613 813 ut
2654 775 2814 814 verus
2853 759 2944 813 Det
2986 757 3164 812 Patris
3203 757 3369 812 Filius
3393 804 3408 822 ,
3442 761 3535 815 de.

1944 853 2109 922 nique
2146 866 2354 906 summa
2398 852 2569 922 gloria
2609 866 2930 920 summaque
2957 850 3219 917 dignitate
3265 853 3534 905 condeco-

1945 955 2097 1000 ratus
2136 953 2240 1009 est,
2275 954 2458 1013 utpote
2506 943 2646 998 Deus
2683 953 2831 996 esset
2901 944 3160 996 creditus.
3229 941 3414 1012 Neque
3471 958 3534 996 ea

1946 1050 2034 1091 res
2075 1035 2338 1090 inusitata
2389 1035 2438 1089 ei
2500 1043 2606 1090 est.
2658 1035 2852 1089 Veram
2911 1050 3145 1102 namque
3187 1035 3239 1087 in
3300 1036 3532 1088 humana

1946 1137 2136 1182 natura
2171 1127 2568 1191 humilitatem,
2613 1142 2796 1182 veram
2833 1143 3051 1181 rursum
3107 1128 3160 1181 in
3205 1127 3534 1182 exaltatione

1945 1219 2334 1275 sublimitatem
2364 1219 2708 1289 agnoscimus
2731 1259 2746 1284 ,
2790 1218 2916 1273 licet
2947 1235 3041 1272 sua
3087 1219 3202 1287 ipse
3237 1219 3410 1289 gloria
3439 1235 3532 1272 co-

1945 1321 2212 1365 ruscaret.
2260 1311 2524 1377 Quoniam
2564 1325 2694 1363 vero
2767 1309 3019 1364 humana:
3059 1313 3298 1374 naturze‘,
3351 1315 3532 1362 huma-

1945 1415 2136 1468 naeque
2165 1399 2494 1454 conditionis
2538 1405 2591 1451 et
2627 1397 2844 1451 modulo
2905 1397 3084 1450 omnia
3141 1397 3354 1449 cmlitus
3404 1403 3458 1448 et
3503 1409 3534 1447 a

1945 1492 2052 1546 Deo
2087 1493 2416 1558 obveuiuut;
2463 1492 2583 1543 ideo
2635 1490 2848 1552 Filius,
2899 1505 3204 1558 quanquam
3253 1489 3298 1542 is
3346 1503 3532 1543 secun-

1942 1585 2068 1637 dum
2100 1602 2158 1638 se
2186 1601 2378 1639 manus
2411 1586 2631 1638 dextera
2662 1594 2716 1637 et
2754 1583 2994 1636 omnimn
3028 1581 3208 1652 Opifex
3241 1582 3342 1644 sit.
3371 1580 3526 1650 17],

1941 1686 2041 1740 per
2068 1670 2246 1726 Patris
2277 1671 2554 1726 dexteram
2592 1671 2713 1741 jure
2752 1670 2945 1723 merito
2991 1671 3260 1724 exaltatus
3299 1668 3530 1724 dicitur.

1944 1763 2182 1818 Observa
2257 1763 2344 1818 hic
2403 1779 2616 1818 rursum
2700 1761 2988 1815 Dominum
3058 1773 3300 1816 nostrum
3349 1761 3528 1816 Iesum

1947 1856 2228 1912 Christum
2283 1859 2582 1912 secumlum
2653 1858 2943 1910 humanam
2996 1857 3212 1924 quidem
3282 1865 3530 1908 naturam

1868 1941 2204 2018 BSpiritttm
2268 1949 2550 2017 accipere,
2611 1948 2905 2002 secundum
2962 1947 3207 2000 divinam
3246 1963 3372 2000 vero
3428 1947 3531 2000 hoc

1943 2041 2062 2110 ipso
2113 2039 2293 2095 Patris
2346 2042 2617 2110 promissa
2668 2041 2949 2094 exsolvere
2983 2080 2998 2102 ,
3059 2043 3201 2109 quod
3269 2037 3532 2109 Spiritum

1943 2142 2190 2186 sanetum
2231 2147 2337 2185 non
2397 2142 2651 2201 tanquam
2713 2133 2782 2184 ab
2821 2148 2879 2186 se
2922 2133 3209 2194 alienum,
3260 2133 3354 2185 sed
3413 2147 3532 2184 ian-

1944 2240 2105 2293 quam
2153 2224 2256 2278 sibi
2289 2226 2567 2293 propriqu
2640 2226 2892 2279 lidelibus
2960 2226 3144 2280 mittit.
3207 2226 3346 2279 Deus
3386 2225 3536 2280 enim

1946 2334 2040 2387 per
2073 2319 2365 2387 quemdam
2398 2334 2464 2372 ex
2522 2319 2726 2373 sanctis
2757 2319 3037 2389 prephetis
3081 2319 3278 2373 alicubi
3309 2318 3379 2373 ita
3430 2319 3528 2374 ait:

1953 2428 1972 2460 ι
2016 2409 2303 2464 Είῐυηιιιιιιι
2351 2411 2417 2464 de
2467 2410 2676 2482 Spiritu
2745 2426 2866 2464 meo
2931 2426 3095 2481 super
3144 2426 3362 2466 omnem
3403 2426 3530 2466 car-

1948 2518 2068 2556 nem
2094 2505 2158 2557 ’⁷.
2193 2522 2211 2554 ι
2263 2501 2412 2558 Hanc
2452 2515 2632 2556 autem
2683 2505 3100 2572 promissionem
3129 2504 3383 2571 Christus
3427 2504 3534 2558 Do-

1947 2597 2125 2649 minus
2171 2605 2390 2665 pra-stat
2418 2639 2434 2662 ,
2481 2611 2601 2649 eum
2638 2595 2898 2664 Spiritum
2935 2606 2992 2650 ut
3043 2597 3316 2665 proprium
3354 2597 3418 2649 ad
3465 2596 3530 2649 ti-

1952 2690 2074 2742 dem
2154 2690 2360 2743 vocatis
2413 2689 2675 2743 immittit.
2723 2691 2903 2758 Atque
2955 2689 3224 2757 Spiritum
3280 2698 3538 2744 sanctum-

1945 2783 2357 2850 quibuscunque
2422 2782 2630 2834 libiuun
2661 2781 2825 2834 fuerit
2860 2795 3020 2850 posse
3055 2780 3318 2850 impertiri
3370 2780 3420 2833 id
3477 2780 3534 2834 in

1947 2874 2221 2928 hominem
2255 2888 2595 2942 nequaquam
2632 2874 2926 2936 convenit,
2967 2874 3062 2928 sed
3120 2882 3326 2927 tantum
3359 2872 3410 2926 in
3441 2887 3536 2927 ve-

1950 2981 2068 3019 rum
2127 2965 2540 3032 naturalemque
2603 2964 2794 3018 Deum.
2857 2964 3084 3031 Quando
3126 2963 3292 3033 igitur
3363 2960 3540 3016 Filius

1949 3055 2214 3125 Spiritqu
2267 3067 2516 3110 sanctum
2550 3055 2882 3120 impertivit,
2936 3053 3080 3124 quod
3135 3053 3227 3108 Dei
3260 3063 3315 3110 et
3356 3052 3536 3108 Patris

1762 3150 2027 3220 Spiritum
2085 3149 2395 3218 suscipere;
2431 3149 2671 3203 divinum
2719 3164 2850 3202 vero
2915 3161 2971 3202 et
3026 3161 3190 3216 supra
3232 3145 3532 3210 hominem,

253 3254 320 3293 ex
356 3243 572 3310 propria
627 3242 964 3312 plenitudine
1008 3245 1272 3315 Spiritum
1319 3257 1568 3300 sanetum
1612 3248 1664 3300 in
1711 3248 1847 3300 alios
1887 3243 2186 3302 elluudere.
2238 3246 2474 3299 Verbum
2541 3245 2750 3314 itaque,
2789 3245 2930 3314 quod
2973 3244 3026 3298 iu
3084 3244 3322 3298 humana
3359 3241 3536 3296 forma

252 3337 533 3404 apparuit,
592 3336 734 3394 Deus
767 3351 894 3396 est:
941 3343 1084 3397 unde
1138 3345 1493 3414 consequitur
1573 3353 1632 3398 ut
1674 3343 1917 3424 ejusdem
1957 3358 2174 3413 quoque
2207 3359 2329 3397 cum
2389 3343 2552 3396 Patre
2596 3343 2902 3412 maiestatis
2943 3342 3039 3396 sit.

250 3446 392 3516 Περὶ
418 3448 522 3502 τοῦ
547 3449 828 3526 λέγεσθᾳι
859 3453 1201 3526 ἀναστῆναι
1231 3455 1489 3524 Χριστὸν
1506 3457 1575 3511 ἐκ
1609 3455 1838 3526 νεκρῶν

1948 3455 2026 3510 De
2055 3473 2116 3511 eo
2162 3457 2303 3510 auod
2347 3455 2592 3510 Christus
2629 3472 2721 3524 per
2752 3465 3030 3524 paternam
3065 3462 3310 3510 virtutem
3353 3467 3533 3507 resur-

659 3522 728 3574 ἐν
753 3522 1002 3592 δυνάμει
1037 3524 1142 3577 τοῦ
1173 3522 1422 3595 Πατρός.

326 3633 455 3687 ΝΑ’.
512 3634 569 3688 Ὁ
600 3634 888 3700 θεσπέσιος
924 3638 1131 3708 γράφει
1176 3639 1391 3704 Παῦλος
1425 3642 1555 3713 περὶ
1585 3641 1681 3695 τοῦ
1709 3658 1841 3712 προ-

251 3724 493 3796 πάτορος
538 3727 807 3798 Ἀδραάμ’
843 3748 860 3780 ι
899 3730 1012 3782 Οὐκ
1038 3731 1254 3803 ἐγράφη
1284 3732 1341 3785 δὲ
1371 3733 1440 3785 δι’
1467 3734 1629 3786 αὑτὸν
1657 3734 1833 3806 μόνον,

250 3817 333 3869 ὅτι
381 3817 634 3888 ἐλογίσθη
676 3819 824 3889 αὐτῷ
868 3822 900 3890 ἡ
949 3821 1131 3884 πίστις
1173 3825 1254 3887 είς
1286 3823 1668 3896 δικαιοσύνην·
1703 3827 1840 3880 ἀλλὰ

252 3909 349 3963 καὶ
381 3910 448 3962 δι’
475 3912 621 3981 ἡμᾶς
643 3953 657 3977 ,
688 3905 768 3976 οἷς
800 3913 985 3984 μέλλει
1013 3913 1323 3982 λογίζεσθαι
1353 3921 1466 3981 τοῖς
1489 3919 1839 3974 πιστεύουσιν

251 4001 348 4053 ἐπὶ
376 4001 466 4054 τὸν
496 4003 790 4073 ἐγείραντα
833 4003 1040 4074 Ἰησοῦν
1081 4007 1172 4060 τὸν
1224 4008 1427 4079 Κύριον
1458 4010 1619 4080 ήμῶν
1659 4013 1724 4064 ἐκ
1753 4029 1840 4065 νε-

253 4092 432 4162 κρῶν·
465 4093 524 4158 ὃς
555 4097 825 4167 παρεδόθη
851 4097 942 4150 διὰ
967 4099 1034 4151 τὰ
1085 4101 1508 4172 παραπτώματα
1537 4103 1715 4174 ἡμῶν,
1745 4107 1840 4157 καὶ

251 4184 460 4255 ἠγέρθη
501 4185 590 4240 διὰ
617 4187 715 4258 τὴν
755 4188 1040 4244 δικαίωσιν
1074 4191 1254 4262 ἡμῶν.
1299 4213 1317 4244 ι
1370 4194 1486 4247 Μία
1528 4195 1627 4264 μὲν
1654 4195 1840 4266 θεότη-

250 4293 343 4339 τος
373 4275 556 4346 φύσις,
575 4279 632 4330 ἐν
657 4279 988 4336 ὑποστάσεσι
1013 4283 1070 4335 δέ
1096 4287 1484 4354 προσκυνεῖται
1509 4288 1657 4356 τρισὶ
1687 4288 1840 4358 παρά

249 4383 311 4418 τε
345 4365 506 4436 ἡμῶν
539 4367 634 4420 καὶ
672 4369 781 4422 τῶν
833 4369 946 4424 ἄνω
981 4373 1328 4442 πνευμάτων.
1373 4375 1521 4437 Μιᾶς
1566 4374 1622 4427 δὲ
1671 4373 1839 4445 οὔσης

251 4456 507 4527 θεότητος
551 4461 791 4530 ἁπάσης,
837 4463 1061 4526 εἰκότως
1091 4463 1155 4534 δὴ
1183 4465 1343 4536 ἔργον
1377 4467 1443 4520 ἂν
1484 4467 1698 4536 γένοιτο
1729 4469 1838 4520 πᾶν

249 4547 430 4602 ὁτιοῦν
452 4550 558 4602 τῶν
577 4551 658 4604 ὅτι
687 4552 928 4624 μάλιστα,
951 4555 1271 4624 πρεπόντων
1301 4557 1440 4628 αὑτῇ
1463 4574 1521 4610 τε
1552 4559 1646 4611 καὶ
1675 4559 1833 4631 μόνῃ.

250 4642 558 4714 Πράττεται
591 4643 699 4715 γὰρ
724 4645 904 4698 πάντα
933 4647 1083 4717 παρὰ
1110 4647 1203 4700 τοῦ
1235 4649 1370 4702 Θεοῦ
1403 4651 1498 4702 καὶ
1527 4651 1740 4723 Πατρὸς
1768 4651 1836 4704 δι’

251 4734 383 4786 Υἰοῦ
422 4735 479 4786 ἐν
529 4734 810 4805 Πνεύματι
834 4776 847 4789 .
886 4738 1047 4789 Ὥστε
1083 4737 1185 4790 κᾶν
1215 4740 1263 4790 εἰ
1318 4739 1531 4808 λέγοιτό
1564 4760 1667 4794 που
1699 4741 1834 4806 ζωο-

250 4829 426 4880 ποιεῖν
457 4829 485 4879 6
511 4827 724 4898 Πατὴρ,
756 4830 1042 4900 ἐνεργήσει
1071 4831 1286 4894 πάντως
1313 4832 1446 4885 αὐτὸ
1476 4833 1562 4887 διὰ
1584 4833 1679 4886 τοῦ
1705 4835 1836 4887 Υίοῦ

248 4917 309 4967 ἐν
336 4916 477 4986 ἁγίῳ
510 4917 806 4986 Πνεύματι.
857 4918 977 4971 Κᾶν
1019 4920 1214 4991 ἐνεργῇ
1243 4921 1341 4990 τὴν
1372 4921 1517 4990 ζωὴν
1557 4924 1585 4975 6
1620 4924 1746 4987 Υἱὸς
1779 4924 1836 4978 ἕν

251 5025 316 5076 γε
364 5011 477 5072 τοῖς
508 5008 852 5080 δεδεημένοις
896 5011 998 5080 τῆς
1045 5013 1233 5082 ζωῆς,
1283 5013 1398 5066 ἀλλ’
1449 5016 1508 5067 οὐ
1573 5016 1696 5086 δίχα
1741 5017 1835 5070 τοῦ

248 5100 536 5169 ὁμοουσίου
584 5102 833 5173 Πατρός·
876 5102 988 5175 ἔχει
1023 5105 1132 5176 γάρ
1187 5107 1245 5159 ἐν
1296 5107 1474 5177 ἐαυτῷ
1499 5109 1592 5161 τὸν
1636 5109 1675 5160 Γ
1679 5111 1833 5180 εννή-

250 5208 441 5247 σαντα.
492 5193 602 5248 Καὶ
659 5193 790 5263 γοῦν
837 5195 941 5268 ἔφη
987 5197 1206 5266 σαφῶς·
1263 5219 1282 5251 ι
1349 5201 1468 5252 Ἀπ’
1501 5202 1741 5270 ἐμαυτοῦ
1774 5201 1835 5254 οὐ

248 5279 429 5334 λαλῶ·
461 5285 490 5337 6
517 5283 574 5338 δὲ
625 5286 813 5359 Πατὴρ
852 5287 879 5338 6
907 5289 966 5340 ἐν
1007 5289 1131 5359 ἐμοὶ
1181 5289 1378 5358 μένων,
1422 5294 1565 5343 ποιεῖ
1598 5292 1662 5344 τά
1699 5292 1836 5362 ἔργα

250 5375 434 5438 αὑτός,
469 5395 486 5426 ι
522 5377 641 5430 Κᾶν
669 5380 718 5431 εἰ
745 5380 805 5431 τὸ
832 5379 1058 5449 Πνεῦμα
1084 5380 1294 5448 λέγοιτο
1323 5382 1481 5435 τοῦτο
1507 5383 1661 5453 δρᾷν,
1687 5386 1771 5436 ἐνε
1783 5403 1837 5453 ρ-

248 5466 410 5538 γήσει
449 5468 666 5532 πάντως
689 5469 764 5533 ὡς
790 5472 1009 5542 πνεῦμα
1039 5474 1202 5544 ζωῆς·
1232 5474 1378 5545 ζωὴν
1408 5476 1463 5528 δέ
1492 5472 1630 5530 εἷναί
1659 5497 1839 5548 φαμεν

251 5558 394 5612 κατὰ
423 5560 586 5628 φύσιν
618 5563 707 5615 τὸν
734 5564 866 5616 Θεὸν
897 5566 988 5618 καὶ
1026 5567 1244 5638 Πατέρα
1266 5607 1279 5628 ,
1325 5569 1418 5620 καὶ
1450 5571 1541 5621 τὸν
1572 5569 1630 5634 ἐξ
1667 5571 1836 5624 αὑτοῦ

248 5651 580 5720 γεννηθέντα
619 5653 768 5708 Υίόν.
806 5655 1015 5708 υύκοῦν
1039 5656 1257 5726 λέγεται
1295 5659 1397 5728 μὲν
1423 5661 1452 5712 6
1487 5661 1672 5731 Πατὴρ
1701 5663 1834 5716 ἁνα-

250 5743 451 5812 στῆσαι
482 5746 717 5816 Χριστὸν
748 5748 811 5799 ἐκ
842 5747 1050 5820 νεκρῶν
1078 5769 1091 5782 ·
1130 5751 1229 5822 οὐχ
1276 5751 1586 5822 εὑρήσομεν
1639 5753 1696 5806 δέ
1741 5755 1833 5807 τὸν

323 5880 414 5938 ’πι
446 5879 686 5938 Timoth.
718 5900 800 5953 Ill,
843 5883 906 5939 16
1028 5887 1070 5918 ³⁷
1108 5883 1216 5942 loel
1250 5900 1312 5953 ::,
1347 5887 1436 5943 ‘28.

1516 5888 1558 5919 "‘
1593 5887 1752 5948 Rom.
1780 5907 1855 5962 tv,
1881 5892 1976 5962 ει,
2007 5894 2096 5952 23.

2519 3529 2714 3580 rexisse
2753 3527 2967 3580 dicitur.

2020 3639 2103 3694 ιι.
2142 3640 2364 3693 Divinus
2407 3639 2606 3694 Paulus
2650 3639 2716 3695 de
2758 3640 3070 3708 patriarcha
3128 3639 3407 3693 Abraham
3457 3636 3534 3692 ita

1949 3734 2170 3787 scribit:
2213 3753 2231 3784 ι
2274 3733 2388 3786 Non
2432 3744 2517 3787 est
2547 3744 2728 3786 autem
2775 3733 3039 3801 scriptum
3085 3741 3309 3802 propter
3356 3731 3536 3800 ipsum

1949 3833 2182 3889 tantum,
2213 3825 2338 3892 quia
2371 3834 2677 3892 reputatum
2709 3835 2790 3879 est
2817 3824 2889 3878 illi
2918 3824 2986 3879 ad
3016 3823 3320 3894 justitiam;
3353 3823 3450 3878 sed
3479 3830 3537 3878 et

1949 3927 2172 3986 propter
2199 3933 2318 3981 nos,
2338 3918 2538 3986 quibus
2570 3916 2910 3986 reputabitur
2930 3917 3281 3972 credentibus
3303 3917 3354 3970 in
3383 3931 3532 3982 eum,

1946 4009 2038 4076 qui
2070 4009 2358 4061 suscitavit
2391 4007 2574 4063 Jesum
2610 4008 2897 4063 Dominum
2931 4017 3177 4064 nostrum
3208 4024 3236 4062 a
3271 4008 3538 4062 mortuis:

1945 4101 2035 4169 qui
2061 4101 2292 4154 traditus
2316 4109 2400 4155 est
2434 4108 2654 4170 propter
2676 4100 2871 4154 delicta
2900 4109 3111 4167 nostra,
3144 4109 3199 4155 et
3229 4101 3534 4156 resurrexit

1947 4204 2167 4260 propter
2212 4193 2659 4261 justiticationem
2707 4193 3037 4246 nostram".
3072 4211 3091 4245 ι
3147 4192 3264 4248 Una
3315 4191 3532 4261 quidem

1948 4283 2125 4336 deitas
2158 4285 2210 4336 in
2243 4283 2416 4337 tribus
2443 4283 2693 4352 personis
2717 4283 2979 4338 adoratur
3003 4293 3119 4337 tum
3151 4298 3181 4336 a
3214 4282 3390 4347 nobis,
3419 4291 3532 4336 tum

1946 4376 2110 4426 etiam
2150 4392 2178 4428 a
2223 4376 2477 4446 superuis
2516 4376 2622 4430 illis
2669 4376 2976 4445 spiritibus.
3015 4375 3149 4430 Cum
3195 4384 3377 4428 autem
3427 4388 3538 4428 una

1947 4467 2211 4520 duntaxat
2243 4467 2498 4522 divinitas
2525 4469 2775 4532 exsistat,
2811 4468 3006 4521 merito
3042 4469 3209 4521 totius
3235 4483 3371 4536 opus
3407 4482 3536 4522 cen-

1946 4571 2117 4626 setur,
2163 4560 2421 4630 quidquid
2461 4569 2637 4630 potest
2663 4561 2730 4614 ab
2769 4559 2857 4612 illa
2899 4576 3005 4614 una
3040 4559 3356 4629 procedere.
3390 4557 3539 4612 Deus

1947 4651 2110 4706 Pater
2149 4668 2387 4722 namque
2413 4654 2597 4706 omnia
2626 4669 2720 4720 per
2739 4652 2932 4706 Filium
2963 4663 3216 4722 operatur
3243 4652 3294 4704 in
3326 4650 3535 4720 Spiritu

1946 4754 2156 4797 sancto.
2195 4743 2374 4810 Quare
2413 4743 2459 4797 si
2497 4743 2659 4797 Pater
2707 4742 2985 4797 viviﬁcare
3027 4743 3245 4804 dicitur.
3295 4744 3530 4812 idipsum

1870 4811 1916 4870 D
1945 4837 2170 4889 omnino
2198 4853 2294 4906 per
2323 4835 2519 4890 Filium
2550 4837 2602 4890 in
2640 4837 2846 4905 Spiritu
2879 4847 3070 4890 sancto
3093 4846 3353 4904 praestare
3375 4836 3534 4908 intel-

1947 4929 2214 4998 ligitur”.
2247 4930 2479 4983 ltursum
2509 4931 2550 4983 si
2579 4930 2747 4984 Filius
2780 4931 2830 4983 in
2859 4930 2942 4984 his
2973 4930 3063 4999 qui
3096 4931 3202 4982 vita
3231 4930 3536 4984 destituun-

1949 5033 2058 5086 tur,
2101 5022 2266 5074 vitam
2304 5020 2518 5076 elIieere
2561 5022 2920 5092 prmdieatur;
2958 5023 3059 5075 hoe
3105 5022 3280 5091 ipsum
3327 5022 3537 5090 absque

1945 5115 2328 5170 coessentialis
2360 5115 2540 5169 Patris
2585 5116 2969 5185 cooperatione
3001 5114 3212 5169 elﬁeere
3241 5130 3348 5168 non
3375 5123 3532 5184 puteo

1947 5216 2055 5274 tur,
2083 5217 2144 5260 ut
2175 5207 2266 5274 qui
2295 5206 2445 5260 illum
2481 5207 2571 5274 qui
2598 5221 2724 5262 eum
2762 5209 2970 5277 genuit,
2999 5207 3050 5260 in
3090 5206 3272 5275 seirso
3308 5221 3535 5260 manen-

1950 5309 2056 5353 tem
2091 5314 2307 5366 semper
2347 5300 2539 5353 habeat
2572 5317 2584 5352 :
2623 5299 2786 5370 cEgo,
2821 5300 2996 5370 inquit
3029 5311 3233 5369 aperte,
3269 5314 3296 5351 a
3327 5297 3537 5367 meipso

1943 5407 2048 5443 non
2097 5390 2327 5460 loquor:
2377 5390 2538 5444 Pater
2584 5393 2676 5460 qui
2731 5393 2784 5446 in
2838 5407 2925 5446 Inc
2977 5403 3180 5458 manet,
3234 5392 3346 5461 ipse
3403 5390 3536 5445 facit

1939 5497 2100 5550 Opera
2123 5483 2188 5536 ³ο.
2221 5502 2238 5534 ι
2278 5483 2435 5552 172
2465 5481 2702 5536 Tandem
2728 5484 2771 5538 si
2813 5485 3038 5552 spiritus
3072 5485 3174 5538 hoc
3205 5485 3376 5552 ipsum
3401 5497 3532 5555 ope-

1941 5584 2130 5638 ratur,
2179 5578 2401 5629 omnino
2444 5586 2497 5629 ut
2559 5576 2684 5630 vita:
2745 5577 2971 5646 spiritus
3043 5587 3318 5646 operatur.
3365 5575 3530 5646 Atqui

1939 5668 2106 5722 Deum
2152 5667 2391 5731 Patrem,
2434 5679 2490 5722 et
2539 5667 2732 5723 Filium
2766 5671 2856 5739 qui
2909 5686 2974 5724 ex
3024 5670 3112 5723 illo
3163 5671 3378 5740 genitus
3417 5678 3528 5735 est,

1934 5761 2230 5814 secundum
2286 5775 2536 5816 naturam
2585 5764 2746 5817 vitam
2795 5778 2915 5818 esse
2964 5763 3220 5818 dicimus.
3268 5763 3530 5833 Quamvi;

2179 5898 2219 5930 ²⁹
2246 5894 2400 5955 Joau.
2434 5913 2483 5952 v.
2516 5898 2603 5953 21.
2685 5899 2725 5930 ³ο
2752 5895 2910 5956 Joan.
2939 5914 3049 5969 λιν,
3083 5899 3166 5955 10.
