4000 6326
531 403 673 462 “07

1509 407 1569 460 S.
1610 405 1886 461 CYRILLI
1930 406 2401 463 ALEXANDIHNI
2441 408 2764 465 ARCHIEP.

3622 415 3638 467 l
3651 417 3719 475 tot

529 541 661 594 ergo
687 525 845 579 Pater
890 525 1169 579 Christum
1198 541 1260 579 ex
1295 527 1524 581 mortuis
1556 529 1923 583 exsuscitasse
1972 530 2121 582 dica-

2242 531 2352 585 ιἾὺν
2386 533 2537 585 ἀνενε
2550 532 2652 601 ργῆ
2704 530 2833 601 περὶ
2863 531 2963 600 τὴν
2997 530 3294 582 ἀνάστασιν
3325 526 3413 580 τοῦ
3444 526 3560 581 ἰδίου
3589 530 3725 602 σώμακ

533 627 643 679 tnr,
677 608 870 671 Filium
906 627 1083 671 tamen
1118 620 1265 673 circa
1299 622 1501 689 proprii
1535 621 1782 689 corporis
1810 623 2114 677 exsuscita-

532 710 734 762 tionem
762 724 866 762 non
898 709 1135 763 otiosum
1159 710 1442 765 exstitisse
1476 711 1840 777 inveniemus,
1868 730 1990 767 nam
2017 713 2113 768 Ju—

532 798 681 857 daaos
706 802 810 856 hoc
831 803 989 856 modo
1016 802 1282 857 allocutus
1309 803 1536 872 legitur:
1577 821 1594 853 ι
1618 803 1824 859 Solvite
1860 804 2115 874 templum

536 893 660 956 hoc,
685 902 741 946 et
770 893 822 946 in
866 894 1039 949 tribus
1069 895 1258 950 diebus
1285 894 1534 949 excitabo
1571 895 1787 951 illud".
1824 915 1842 947 ι
1882 898 1959 950 ita
1993 913 2115 951 cum

532 985 723 1038 beatus
759 984 959 1040 Paulus
992 988 1207 1050 doceat,
1244 1006 1262 1037 ι
1295 986 1447 1053 Quod
1487 998 1540 1041 et
1579 988 1737 1043 nobis
1775 1004 1994 1059 quoque
2036 1006 2122 1043 re-

533 1076 814 1146 putabitur
877 1078 943 1131 ad
1000 1076 1272 1149 justitiam
1323 1080 1671 1135 credentibus
1715 1086 1768 1135 in
1828 1097 1973 1149 eum,
2028 1082 2120 1150 qui

534 1169 820 1224 suscitavit
846 1169 1031 1225 Jesum
1060 1170 1337 1226 Christum
1370 1187 1434 1225 ex
1466 1173 1730 1241 mortuis;
1754 1193 1771 1225 ι
1809 1189 1914 1229 ιιοιι
1946 1174 2120 1229 solutn

536 1263 588 1316 in
621 1262 787 1318 Deum
816 1262 1033 1318 Patrem
1058 1266 1413 1330 credidimus,
1433 1267 1526 1321 sed
1553 1269 1715 1321 etiam
1745 1267 1798 1321 in
1831 1267 2121 1323 Dominum

537 1366 781 1409 nostrmn
845 1354 1031 1411 Jesutn
1087 1356 1390 1415 Christum.
1432 1358 1571 1427 Quin
1631 1370 1686 1414 et
1730 1360 1860 1415 illud
1909 1377 2125 1432 quoque

535 1445 960 1513 Observandum,
1007 1459 1064 1503 ut
1113 1450 1371 1519 arbitror,
1408 1454 1508 1507 hoc
1553 1452 1673 1508 loco
1721 1454 1883 1516 venit,
1930 1469 2127 1524 nempe

543 1537 911 1609 Unigenitum,
952 1541 1223 1598 hominem
1257 1543 1485 1611 factum,
1525 1555 1755 1601 mortem
1788 1548 2008 1617 quidem
2040 1564 2127 1604 se-

536 1631 771 1685 cundum
831 1648 1053 1690 carnem
1106 1638 1417 1707 pertulisse,
1451 1640 1500 1693 vi
1538 1650 1716 1695 tamen
1771 1643 1977 1705 carnis,
2024 1644 2128 1698 hoc

536 1731 623 1775 est
657 1723 1032 1793 humanitatis,
1088 1730 1400 1799 neutiquam
1439 1733 1726 1798 revixisse,
1775 1735 1871 1795 sed
1928 1735 2130 1790 virtute

537 1815 773 1880 deitatis,
804 1836 823 1869 ι
851 1834 969 1886 quae
1014 1822 1257 1878 viviﬁcat
1313 1837 1578 1890 mortuos,
1610 1836 1665 1880 et
1702 1836 1864 1881 vocat
1901 1842 1966 1881 ea
2006 1842 2129 1897 quae

538 1922 646 1960 non
693 1919 839 1974 sunt,
885 1920 1140 1982 tanquam
1174 1928 1236 1968 ea
1279 1930 1400 1984 quia:
1446 1915 1659 1970 sunt".
1697 1936 1717 1968 ι
1771 1918 1891 1987 Ipsa
1940 1918 2125 1988 itaque

537 1999 832 2055 viviﬁeatio
873 2019 980 2056 non
1034 2004 1102 2058 ad
1148 2007 1324 2075 ipsam
1371 2009 1622 2077 corporis
1676 2017 1951 2075 naturam,
2000 2012 2128 2066 licet

540 2090 673 2146 illud
704 2091 883 2149 Verbo
906 2111 971 2151 ex
1004 2096 1112 2152 Deo
1152 2100 1337 2168 genito
1366 2101 1644 2171 preprium
1689 2102 1986 2169 exstiterit,
2029 2102 2126 2159 sed

540 2184 722 2253 potius
746 2187 812 2239 ad
836 2203 1146 2256 supremam
1178 2191 1325 2246 illam
1352 2193 1631 2260 virtutem,
1651 2195 1754 2249 hoc
1782 2204 1887 2261 est,
1905 2196 1973 2249 ad
2007 2209 2130 2251 eam

542 2282 793 2328 naturam
841 2280 964 2344 jure
1022 2281 1217 2335 merito
1271 2282 1555 2338 referenda
1593 2294 1697 2348 est,
1756 2301 1873 2355 quae
1912 2300 2129 2342 omnem

538 2367 756 2421 excedit
802 2383 1135 2438 creaturam,
1179 2378 1320 2428 sicut
1369 2375 1420 2429 in
1471 2392 1698 2444 persona
1751 2376 1847 2433 Dei
1914 2378 2135 2445 Patris,

541 2474 607 2511 ex
647 2475 758 2530 quo
791 2464 972 2529 prodit
1011 2464 1182 2522 Filius
1208 2483 1303 2534 per
1332 2469 1515 2523 omnia
1549 2471 1621 2524 illi
1670 2472 1894 2540 aequalis
1919 2483 1975 2527 et
2002 2489 2133 2527 con-

546 2554 926 2609 substahtialis
947 2596 960 2610 .
987 2560 1233 2626 procedit
1273 2574 1455 2616 autem
1495 2578 1591 2631 per
1619 2574 1880 2634 utrosque
1910 2576 1965 2619 et
2000 2566 2135 2619 vivi-

543 2641 680 2698 ﬁcns
710 2659 927 2715 quoque
960 2649 1215 2718 Spit-itus.
1244 2653 1407 2706 Addit
1457 2668 1623 2722 porro
1689 2655 1964 2711 Christum
2013 2672 2139 2726 pro-

545 2748 667 2805 pter
703 2738 901 2794 delicta
933 2753 1115 2796 nostra
1149 2743 1409 2797 traditum
1439 2760 1596 2812 esse;
1634 2758 1856 2817 propter
1888 2758 2136 2804 nostram

546 2837 725 2884 autem
752 2828 1204 2899 justiﬁeationem
1228 2838 1648 2892 exsuscitatum.
1669 2837 2136 2904 Quemadmodum

544 2921 689 2974 enim
732 2922 932 2978 factum
976 2934 1062 2981 est
1105 2935 1163 2980 ut
1211 2928 1325 2997 ipse
1371 2932 1539 2984 nostri
1576 2947 1738 2985 causa
1790 2932 1841 2984 in
1920 2932 2139 3001 propria

550 3028 719 3067 carne
763 3027 997 3070 mortem
1045 3028 1351 3087 pateretur,
1384 3020 1494 3091 quo
1525 3022 1716 3077 mortis
1762 3022 2049 3092 imperium
2086 3023 2141 3077 in

549 3116 825 3174 posterum
874 3108 1271 3167 dissolveretur
1307 3128 1321 3166 :
1372 3115 1454 3168 sic
1506 3129 1720 3169 rursum
1762 3119 1937 3170 nostri
1976 3131 2142 3172 causa

2217 641 2329 686 τος.
2366 625 2476 677 Καὶ
2502 623 2631 691 γοῦν
2676 621 2781 692 ἔφη
2836 622 2972 693 πρὸς
3035 618 3338 680 Ἰουδαίους⁵
3379 640 3397 669 ι
3448 618 3627 673 Λύσατε
3663 622 3725 676 τὸν

2218 716 2345 767 ναὸν
2382 714 2593 781 τοῦτον,
2628 716 2722 767 καὶ
2751 714 2809 765 ἐν
2842 713 3022 783 τρισὶν
3062 711 3297 784 ἡμέραις
3343 710 3509 780 ἐγερῶ
3538 711 3681 767 ain/av.
3709 735 3723 767 ι

2225 806 2415 873 ’Λθρει
2450 805 2541 869 δὲ,
2584 806 2736 865 ὅπως
2781 802 2876 856 τοῦ
2926 802 3199 873 μακαρίου
3254 799 3461 861 Παύλου
3508 801 3725 870 λέγοντος

2229 918 2246 950 ι
2302 901 2420 952 Ὅτι
2460 898 2844 968 λογισθήσεται
2874 899 3005 967 ἡμῖν
3056 898 3088 962 ἡ
3125 897 3306 958 πίστις
3344 896 3421 959 είς
3460 895 3730 966 δικαιοσύνην

2222 994 2332 1054 τοῖς
2366 991 2722 1043 πιστεύσασιν
2760 992 2854 1042 ἐπὶ
2882 988 2973 1043 τὸν
3002 988 3292 1058 ἐγείραντα
3337 987 3531 1056 Ἰησοῦν
3558 989 3730 1057 Χριστὸν

2224 1086 2289 1138 ἐκ
2322 1082 2530 1155 νεκρῶν
2556 1101 2568 1115 ·
2623 1103 2641 1134 ι
2681 1084 2782 1135 οὐκ
2821 1082 2901 1145 εἰς
2952 1080 3112 1151 μόνον
3159 1082 3192 1150 ἡ
3235 1080 3418 1142 πίστις
3451 1078 3534 1132 τὸν
3571 1082 3733 1149 Πατέρα

2225 1176 2416 1245 γέγονε
2449 1175 2544 1228 καὶ
2574 1174 2726 1239 Θεὸν,
2761 1174 2898 1227 ἀλλὰ
2922 1174 3030 1244 γὰρ
3062 1173 3154 1225 καὶ
3186 1173 3266 1235 εἰς
3296 1171 3387 1224 τὸν
3418 1170 3602 1241 Κύριον
3625 1174 3734 1242 ἡμῶν

2239 1269 2445 1340 Ἰησοῦν
2475 1268 2727 1340 Χριστόν.
2766 1266 2976 1330 ’Ἄλλως
3008 1283 3067 1319 τε
3101 1264 3232 1334 (δεῖν
3260 1264 3370 1335 γὰρ
3404 1260 3548 1333 οἶμαι
3574 1266 3736 1319 κάκεῖνο

2231 1360 2401 1430 ἰδεῖν),
2436 1359 2658 1428 γέγονεν
2688 1359 2784 1414 ἀνθ
2795 1375 2977 1431 ρωπος
3003 1358 3031 1410 ὁ
3058 1354 3371 1426 Μονογενης
3394 1395 3408 1416 ,
3434 1353 3519 1407 καὶ
3540 1354 3738 1423 ὑπέμεινε

2232 1453 2329 1524 μὲν
2368 1452 2645 1524 σαρκικῶς
2677 1452 2769 1504 τὸν
2798 1450 3028 1504 θάνατον
3047 1490 3060 1512 ,
3099 1447 3302 1502 ἀνεϐίω
3332 1463 3398 1516 γε
3429 1447 3528 1517 μὴν
3554 1448 3606 1498 ού
3642 1450 3738 1499 κατὰ

2231 1544 2468 1614 σαρκὸς,
2522 1545 2690 1615 ἤγουν
2726 1543 3151 1615 ἀνθρωπότητος
3183 1540 3438 1607 δύναμιν,
3488 1539 3588 1592 ω’
3623 1540 3679 1601 ὡς
3702 1542 3740 1590 ἐν

2234 1635 2379 1706 ίσχύῖ
2399 1635 2675 1707 θεότητος,
2710 1658 2727 1687 ι
2758 1636 2856 1706 τῆς
2887 1633 3261 1704 ζωογονούσης
3290 1634 3418 1694 τοὺς
3441 1633 3657 1701 νεκροὺς,
3679 1634 3741 1682 καὶ

2231 1728 2504 1800 καλούσης
2532 1731 2599 1783 τὰ
2631 1728 2706 1801 μὴ
2736 1729 2866 1781 ὄντα
2893 1726 2967 1791 ὡς
2998 1726 3148 1780 ὄντα.
3181 1746 3199 1778 ι
3249 1723 3555 1778 ’Δναθετέον
3581 1720 3653 1775 οὖν
3673 1723 3743 1792 ἄρα

2230 1822 2329 1892 τὴν
2377 1821 2707 1891 ζωοποίησιν
2753 1821 2848 1873 καὶ
2898 1819 3041 1890 μάλα
3087 1818 3344 1880 εἰκότως,
3397 1817 3495 1869 οὐκ
3534 1816 3648 1884 αὐτῇ
3676 1834 3744 1867 που

2231 1917 2448 1979 πάντως
2481 1918 2548 1987 τῇ
2577 1915 2672 1968 τοῦ
2705 1913 2959 1986 σώματος
2991 1913 3192 1982 φύσει,
3226 1912 3329 1965 κᾶν
3355 1912 3405 1963 εἰ
3434 1911 3633 1979 γέγονεν
3658 1910 3745 1961 ἴδιον

2225 2007 2321 2061 τοῦ
2366 2009 2431 2061 ἐκ
2458 2006 2594 2061 Θεοῦ
2641 2010 2843 2078 φύντος
2889 2006 3064 2075 Λόγου
3089 2022 3102 2036 ο
3136 2005 3369 2075 δυνάμει
3410 2004 3469 2057 δὲ
3514 2002 3678 2073 μᾶλλον
3702 2006 3747 2071 τῇ

2230 2100 2540 2170 ὑπερτάτη,
2577 2098 2673 2153 καὶ
2723 2097 2882 2168 φύσει
2912 2100 2979 2169 τῇ
3023 2097 3161 2169 ὑπὲρ
3191 2097 3394 2158 κτίσιν,
3444 2094 3516 2158 ὠς
3555 2095 3606 2145 ἐν
3632 2109 3748 2162 προσ-

2228 2193 2366 2264 ώπῳ
2414 2194 2509 2247 τοῦ
2542 2192 2679 2246 Θεοῦ
2713 2193 2809 2247 καὶ
2840 2192 3055 2264 Πατρὸς
3080 2238 3095 2255 ,
3137 2190 3197 2255 ἐξ
3226 2185 3290 2244 ob
3330 2189 3562 2259 πέφηνεν
3589 2188 3613 2237 ὁ
3636 2185 3747 2247 Υἱὸς.

2233 2285 2347 2348 ῖσος
2380 2302 2441 2337 τε
2470 2289 2563 2338 καὶ
2581 2285 2766 2355 ὅμοιος
2797 2283 2817 2323 ί
2851 2285 2991 2337 κατὰ
3022 2287 3198 2337 πάντα
3220 2282 3392 2353 αὐτῷ.
3426 2282 3624 2352 Πρόεισι
3648 2277 3749 2330 δὲδὲ

2235 2377 2439 2445 ἀμφοῖν
2477 2375 2572 2429 καὶ
2603 2375 2666 2428 τὸ
2705 2374 2926 2446 Πνεῦμα
2956 2377 3017 2428 τὸ
3052 2374 3373 2438 ζωοποιοῦν.
3412 2369 3747 2442 Παραδεᾶὸσθαι

2234 2467 2293 2521 δέ
2333 2484 2465 2538 φησι
2494 2466 2586 2520 τὸν
2620 2467 2857 2537 Χριστὸν
2896 2467 2986 2521 διὰ
3038 2468 3108 2519 τὰ.
3163 2465 3583 2536 παραπτώματα
3625 2462 3750 2531 ἡμῶν.

2238 2561 2330 2614 καὶ
2360 2558 2659 2630 ἐγηγέρόαι
2690 2558 2779 2612 διὰ
2805 2559 2905 2630 τὴν
2945 2560 3227 2612 δικαίωσιν
3260 2558 3441 2629 ἡμῶν.
3469 2558 3655 2626 ’Ὥσπερ
3684 2552 3754 2623 γὰρ

2238 2652 2429 2721 γέγονε
2458 2650 2599 2722 ὑπὲρ
2627 2652 2660 2721 ἡ
2671 2651 2787 2721 μῶν
2816 2650 2874 2705 τὸ
2905 2651 3097 2704 παθεῖν
3125 2652 3289 2704 αὑτὸν
3314 2652 3382 2722 τῇ
3414 2649 3518 2720 ἰδίᾳ
3542 2646 3677 2717 σαρκὶ
3695 2644 3753 2696 τὸν

2241 2742 2491 2806 θάνατον,
2528 2742 2617 2796 ἵνα
2645 2741 2831 2795 λοιπὸν
2857 2743 3097 2813 ἀτονήσῃ
3128 2742 3223 2795 τοῦ
3249 2740 3483 2795 θανάτου
3507 2739 3562 2792 τὸ
3593 2737 3751 2808 κράτος

2240 2838 2383 2890 οῦτω
2414 2837 2508 2890 καὶ
2538 2835 2741 2889 ἀνεϐίω
2797 2834 2961 2889 πάλιν
3006 2838 3147 2905 ὑπὲρ
3178 2835 3361 2906 ἡμῶν,
3410 2829 3691 2901 ἐγκαινίζων
3719 2830 3756 2878 ἐν

2242 2931 2375 3003 ἡμῖν
2402 2929 2499 2999 τὴν
2524 2930 2605 2992 εἰς
2632 2927 2944 2999 ἀφθαρσίαν
2973 2928 3231 2982 ἐπάνοδον
3250 2968 3266 2992 ,
3306 2927 3404 2979 καὶ
3436 2926 3531 2994 τῆς
3562 2924 3612 2975 ἐν
3641 2920 3756 2988 ’Δδὲμ

2243 3021 2609 3092 παραϐάσεως
2641 3016 2920 3087 ἀφανίζων
2940 3017 3009 3070 τὰ
3043 3018 3369 3088 ἐγκλήματα
3387 3033 3400 3045 ·
3429 3008 3755 3079 Δεδικαιώμεθε

2244 3116 2355 3185 γὰρ
2398 3115 2457 3167 ἐν
2484 3111 2736 3184 Χριστῷ,
2768 3110 2869 3179 τῆς
2902 3110 3003 3179 μὲν
3052 3109 3283 3179 ἀρχαίας
3312 3105 3528 3175 ἐκείνης
3554 3103 3667 3171 ἀρᾶς
3698 3098 3757 3166 τὴν

552 3197 783 3264 revixit,
838 3200 1124 3272 culpisque
1184 3205 1648 3273 praevztricationis
1693 3207 1823 3261 Adae
1881 3208 2137 3277 abolitis,

2247 3204 2477 3275 δύναμιν
2499 3202 2816 3272 ἀφανίζοντι
2843 3200 2930 3253 διὰ
2952 3200 3055 3269 τῆς
3083 3201 3162 3262 εἰς
3186 3198 3334 3253 ἅπαν
3366 3194 3619 3262 ὑπακοῆς,
3646 3188 3759 3294 ἀπεὶς

553 3290 789 3345 reditum
827 3295 983 3349 nobis
1028 3298 1095 3350 ad
1133 3298 1596 3353 immortalitatem
1630 3300 1838 3368 primus
1877 3302 2137 3357 ostendit.

551 3379 930 3439 Justiﬁcamur
991 3385 1136 3442 enim
1194 3404 1291 3456 per
1346 3390 1650 3455 Christum,
1706 3394 1945 3462 antiquae
1996 3393 2141 3449 illius

554 3473 956 3533 tnaiedictionis
1007 3478 1117 3534 vim
1184 3481 1565 3537 demolientem
1618 3498 1715 3553 per
1749 3485 2136 3562 .obedientiam

554 3567 725 3623 modis
755 3572 1011 3626 omnibus
1043 3573 1361 3642 perlectam,
1390 3586 1640 3629 naturam
1678 3592 1806 3631 vero
1841 3578 2137 3632 humanam

2246 3298 2494 3353 λάττοντι
2535 3297 2592 3350 δὲ
2619 3295 2727 3348 τῶν
2758 3295 3002 3366 ἀρχαίων
3037 3291 3383 3362 αἰτιαμάτων
3426 3288 3523 3360 τὴν
3553 3286 3696 3356 φύσιν·
3722 3280 3758 3333 οὔ

2246 3392 2357 3464 γὰρ
2404 3391 2660 3460 ἐποίησεν
2707 3389 2986 3460 ἁμαρτίαν
3024 3388 3238 3458 (γέγονε
3286 3385 3348 3439 δὲ
3393 3383 3585 3455 μᾶλλον
3613 3377 3759 3432 εὐδόκι-

2249 3500 2347 3554 μος
2376 3484 2433 3536 ἐν
2465 3484 2647 3553 αὐτῇ),
2673 3482 2848 3535 καίτοι
2880 3478 3360 3550 κατεγνωσμένην,
3405 3476 3639 3545 καθάπερ
3664 3469 3761 3522 sim-

2248 3594 2368 3648 μεν,
2404 3579 2460 3631 ἐν
2501 3577 2670 3648 Ἀδάμ
2700 3575 2746 3631 i.

553 3659 878 3731 abantiqnis
910 3663 1237 3721 criminibus
1270 3666 1617 3723 liberantem.
1660 3669 1953 3725 Peccatum
1987 3685 2225 3741 namque
2253 3671 2458 3725 nullum
2500 3671 2743 3735 admisit,
2812 3672 2905 3723 sed
2945 3668 3090 3721 omni
3158 3666 3314 3721 laude
3379 3664 3569 3734 dignus
3628 3654 3763 3722 ἰιιὶινέι

558 3755 679 3820 ibit,
731 3755 947 3813 etiamsi
1000 3757 1054 3812 in
1103 3758 1395 3829 principio,
1452 3761 1556 3816 hoc
1602 3771 1686 3817 est
1743 3764 1797 3818 itt
1856 3763 2142 3830 Atlatn,ut
2213 3773 2342 3818 ante
2380 3779 2598 3834 qucque
2645 3763 3048 3825 admonuimus,
3089 3757 3534 3815 condemnationi
3570 3747 3763 3806 ohnozius

556 3850 740 3906 fuerit.

630 3941 742 3996 ιιι.
777 3960 795 3993 ι
832 3942 911 3997 An
944 3943 1226 4014 ignoratis,
1263 3946 1389 4014 quia
1426 3947 1740 4017 quicunque
1773 3949 2028 4019 baptizati
2058 3965 2150 4003 su-

558 4051 683 4091 mus
709 4038 761 4090 in
794 4036 1072 4091 Christum
1110 4035 1319 4103 Jesum,
1354 4040 1407 4093 in
1436 4042 1852 4110 mortemipsius
1892 4043 2150 4112 baptizati

561 4129 797 4183 sumus?
826 4128 1143 4198 Consepnhi
1173 4130 1319 4185 enim
1342 4146 1531 4188 sumus
1565 4133 1641 4187 illi
1687 4149 1784 4203 per
1818 4135 2146 4205 baptismum

563 4225 616 4276 in
656 4231 929 4289 mortem;
965 4222 1123 4293 173
1154 4231 1212 4278 ut
1243 4226 1517 4294 quomodo
1555 4226 1808 4283 Christus
1847 4229 2151 4283 resurrexit

563 4330 591 4370 ιι
624 4316 854 4369 mortuis
886 4329 982 4384 per
1013 4314 1240 4384 gloriam
1276 4313 1479 4380 Patris,
1515 4316 1586 4369 ita
1606 4326 1660 4370 et
1683 4332 1783 4372 nos
1820 4318 1871 4372 in
1910 4318 2151 4374 novitate

562 4406 686 4459 vita:
708 4406 1049 4461 ambulemus
1068 4407 1165 4460 ³³.»
1190 4406 1451 4462 Dominus
1476 4416 1660 4463 noster
1690 4407 1849 4464 Jesus
1876 4409 2148 4474 Christus,

566 4498 779 4553 inferno
818 4499 1137 4568 despoliato,
1192 4499 1591 4568 spirituumquc
1631 4500 1999 4565 multitudine,
2032 4517 2151 4571 qua:

2326 3950 2456 4004 NB’.
2509 3970 2527 4002 ι
2575 3952 2648 4004 ’Ἡ
2693 3949 2974 4018 ἀγνοεῖτε,
3016 3948 3098 4000 ὅτι
3138 3948 3252 3999 ὅσοι
3305 3940 3687 4008 ἐδαπτίσθημεν
3718 3934 3765 3993 εἷς

2254 4043 2489 4114 Χριστὸν
2533 4040 2758 4113 Ἰησοῦν,
2792 4043 2871 4104 εἰς
2911 4040 3002 4092 τὸν
3048 4039 3277 4092 θάνατον
3308 4034 3478 4089 αὐτοῦ
3510 4026 3767 4093 ἐδαπτίσθῃ·

2258 4152 2390 4207 μεν;
2422 4135 2814 4205 Συνετάφημεν
2844 4129 2937 4186 οὖν
2966 4131 3117 4203 αὐτῷ
3142 4130 3229 4183 διὰ
3248 4129 3344 4182 τοῦ
3376 4129 3707 4200 βαπτίσματος
3721 4132 3767 4218 ξιξ

2252 4229 2344 4283 τὸν
2386 4228 2638 4282 θάνατον’
2667 4227 2757 4279 ἵνα
2790 4225 2978 4297 ὥσπερ
3006 4223 3217 4294 ἠγέρθη
3260 4220 3502 4294 Χριστὸς
3536 4218 3595 4270 ἐκ
3622 4226 3768 4279 verpa“)

2253 4322 2344 4375 διὰ
2367 4321 2467 4391 τῆς
2490 4319 2649 4391 δόξης
2670 4318 2763 4372 τοῦ
2802 4318 3043 4389 Πατρὺς,
3076 4315 3217 4370 οὕτω
3262 4315 3360 4367 καὶ
3385 4314 3543 4384 ἡμεῖς
3574 4311 3623 4360 ἐν
3655 4300 3770 4356 καινίν

2252 4432 2377 4484 τητι
2424 4414 2570 4484 ζωῆς
2611 4413 3097 4485 περιπατήσωμεν.
3143 4429 3160 4460 ι
3204 4409 3265 4461 '0
3293 4406 3503 4477 Κύριος
3537 4399 3671 4473 ἡμῶν
3706 4393 3772 4458 Ίη·

2257 4506 2382 4571 σοῦς
2422 4505 2658 4578 Χριστὸς
2708 4504 3013 4567 σκυλεύσας
3056 4502 3149 4556 τὸν
3189 4500 3348 4573 ᾅδην,
3397 4503 3489 4552 καὶ
3522 4496 3620 4549 τῶν
3652 4490 3771 4543 ἐκεῖσε

565 4589 620 4643 in
650 4589 1021 4645 subterraneis
1055 4590 1311 4645 claustris
1349 4591 1709 4656 detinebatur,
1748 4592 1872 4647 inde
1902 4592 2137 4659 liberata,

2265 4598 2451 4671 μυχῶν
2485 4597 2582 4668 τὴν
2610 4597 2714 4649 τῶν
2745 4595 3181 4666 καθειρχθέντων
3208 4591 3541 4659 πνευμάτων
3571 4580 3775 4638 ἀπολύσας

568 4683 725 4736 tertia
758 4684 844 4737 die
872 4684 1267 4739 ressuscitatus
1297 4685 1516 4748 revixit,
1543 4686 1925 4755 redivivusque
1949 4688 2156 4743 sanctis

568 4775 827 4844 apostolis
890 4776 1030 4831 dixit
1073 4794 1087 4830 :
1128 4777 1381 4830 «Euntes
1433 4779 1628 4832 docete
1682 4793 1875 4833 omnes
1939 4793 2154 4847 gentes,

568 4865 916 4932 baptizantes
954 4882 1049 4922 eos
1090 4868 1144 4921 in
1190 4867 1414 4922 nomine
1446 4867 1649 4929 Patris.
1680 4878 1733 4924 ct
1760 4869 1905 4936 Filii,
1940 4882 1993 4924 et
2029 4873 2155 4940 Spi-

572 4960 711 5011 ritus
741 4958 915 5014 sancti
938 4959 1001 5012 3".
1034 4957 1169 5015 Cum
1204 4960 1368 5030 igitur
1399 4970 1455 5014 ut
1493 4962 1544 5014 in
1584 4978 1691 5015 uno
1724 4962 1901 5018 Patris
1936 4965 2155 5018 nomine

570 5052 928 5120 baptizamur.
971 5052 1045 5107 ita
1077 5054 1128 5107 in
1162 5069 1268 5106 uno
1300 5068 1517 5123 quoque
1559 5053 1681 5108 Filii
1712 5057 1959 5120 nomine,
2008 5056 2155 5125 ejus-

571 5147 805 5213 demque
856 5156 1033 5201 morte
1092 5155 1148 5200 et
1196 5145 1402 5215 Spiritu
1465 5158 1657 5202 sancto
1706 5149 2025 5204 abluamur:
2063 5152 2153 5219 qni

573 5253 739 5289 unum
772 5235 1056 5292 Dominum
1097 5247 1341 5292 nostrum
1388 5237 1577 5294 Jcsunt
1607 5238 1887 5295 Christum
1929 5242 1981 5295 in
2023 5243 2158 5297 duos

575 5329 715 5383 ﬁlios
736 5329 1003 5395 dividunt,
1038 5331 1426 5401 hominemque
1452 5331 1750 5387 secundum
1781 5333 1951 5388 solam
1986 5334 2157 5404 digni-

577 5424 704 5483 latis
746 5422 828 5478 vel
860 5424 1202 5479 auctoritatis
1250 5424 1614 5494 aequalitatem
1650 5424 1759 5480 Dco
1800 5424 2155 5495 conjunctum

648 5580 690 5609 ³¹
726 5576 886 5633 Joan.
912 5595 971 5647 ιι,
998 5580 1085 5636 l9.
1165 5581 1210 5612 ³²
1250 5578 1407 5636 Rom.
1439 5596 1512 5649 tv,
1552 5581 1633 5635 ΓΙ.

1716 5580 1762 5613 ³³
1787 5578 1943 5637 Rom.
1979 5596 2052 5647 vr,
2088 5579 2199 5634 1-4.

2262 4689 2493 4759 πὶηθυν,
2535 4687 2732 4740 ἀνεϐίω
2767 4687 3086 4755 τριήμερος.
3124 4679 3257 4736 Εἶτα
3302 4685 3419 4744 τοῖς
3450 4679 3614 4747 ἁγίοις
3635 4674 3775 4763 ἕξιπξ

2266 4779 2571 4850 μαθηταῖςο
2632 4798 2649 4828 ι
2700 4775 3067 4846 Πορευθέντες
3111 4772 3496 4844 μαθητεύσατε
3554 4766 3776 4863 πάνταξι

2264 4870 2414 4941 ἔθνη,
2445 4868 2799 4940 βαπτίζοντες
2828 4867 3026 4929 αὐτοὺς
3056 4867 3136 4929 εἰς
3180 4864 3241 4917 τὸ
3286 4864 3458 4933 ὄνομα
3486 4859 3575 4913 τοῦ
3611 4858 3776 4949 Harp?

2261 4964 2356 5018 καὶ
2394 4962 2488 5015 τοῦ
2523 4960 2674 5027 Υἱοῦ,
2706 4962 2799 5014 καὶ
2835 4959 2924 5013 τοῦ
2973 4958 3129 5026 ἁγίου
3156 4956 3499 5025 Πνεύματος.
3537 4972 3554 5005 ι
3582 4942 3777 5002 Βαττιζπι·

2271 5051 2411 5123 μεθα
2448 5050 2629 5104 τοίνυν
2649 5050 2835 5121 ὥσπερ
2858 5050 2937 5113 εἰς
2963 5048 3020 5101 ἓν
3058 5047 3228 5119 ὖνομα
3249 5046 3341 5099 τοῦ
3386 5043 3610 5113 [Ia-:95;
3638 5035 3710 5087 mi
3731 5044 3779 5131 at;

2269 5144 2327 5199 ἓν
2353 5144 2523 5214 ὄνομα
2539 5143 2632 5197 τοῦ
2660 5143 2817 5207 Υίοῦ,
2834 5143 2929 5197 καὶ
2946 5143 3026 5206 εἰς
3041 5142 3132 5194 τὸν
3161 5140 3396 5192 θάνατον
3429 5133 3610 5198 αὑτοῦ,
3634 5126 3707 5183 καὶ
3731 5136 3779 5181 εις

2259 5239 2322 5292 τὸ
2351 5238 2577 5308 Πνεῦμα
2606 5237 2667 5290 τὸ
2704 5237 2881 5305 ἅγιον.
2931 5234 3345 5289 Διδασκέτωσαν
3382 5230 3562 5284 τοίνυν
3594 5226 3637 5278 οἱ
3666 5223 3780 5285 διορί-

2262 5330 2446 5395 ζοντες
2479 5330 2560 5392 εἰς
2601 5328 2750 5393 υἱοὺς
2781 5329 2876 5383 δύο
2911 5329 3002 5381 τὸν
3024 5328 3120 5381 ἕνα
3151 5325 3389 5396 Χριστὸν
3429 5322 3524 5377 καὶ
3577 5315 3701 5377 Υἱὺν,
3726 5309 3781 5362 ἄηθ’

2263 5422 2484 5496 Ορωπόν
2529 5439 2589 5476 τε
2640 5420 2760 5494 Θεῷ
2797 5420 3138 5492 συναφθῆναι
3192 5418 3447 5489 λέγοντες
3489 5413 3622 5470 κατὰ
3667 5406 3781 5479 μάνᾘ

2281 5572 2328 5611 ³⁸
2358 5578 2549 5637 Matth.
2583 5593 2775 5646 xxvm,
2834 5579 2921 5635 19.

1687 5719 1861 5775 Variae
1894 5718 2155 5775 lectiones
2188 5718 2392 5776 codicis
2423 5719 2791 5790 Seguieriani.

658 5846 1009 5923 ιὸμοούσιος.
1090 5856 1103 5905 i
1141 5856 1197 5909 ἐν
1231 5855 1395 5927 ἀρχῇ.

1866 5973 1915 5981 ο.-
