4000 6326
264 347 383 405 1409

1062 344 1151 401 AD
1188 343 1485 400 REGINSS
1526 339 1610 399 Dl‘l
1653 339 1878 399 RECTA
1916 335 2077 398 FIDE
2114 341 2374 397 ORATIO
2411 341 2712 420 ALTERA.

3375 342 3511 403 Μῐο

261 464 348 535 τὴν
378 462 597 532 ἰσότητα
622 461 717 533 τῆς
745 461 919 526 ἀξίας,
946 462 1113 530 ἤγουν
1142 461 1451 522 αῦθεντίας,
1483 460 1831 532 διῃρημένων

1937 458 2104 513 [uisse
2133 460 2488 521 contendunt,
2520 458 2730 512 naturis
2755 456 2969 510 interim
2999 458 3502 527 personisqnedivu

262 559 357 612 τῶν
386 554 622 625 φύσεων,
674 556 753 617 είς
785 554 877 606 τὸν
922 553 1067 615 τίνος
1104 554 1345 622 ,θάνατον
1393 553 1824 621 ἐϐαπτισθημεν.

264 650 319 703 Εἰ
349 649 444 720 μὲν
474 644 566 702 οῦν
604 647 784 709 ἱδικῶς
823 648 903 709 είς
944 647 1034 698 τὸν
1066 644 1160 697 τοῦ
1200 645 1335 698 Θεοῦ
1364 647 1558 713 Λόγον,
1589 661 1828 714 κατηγο-

266 740 487 810 ρήσομεν
515 737 760 807 ἐναργῶς
783 738 877 804 τῆς
909 735 1189 805 ἀκηράτου
1214 736 1428 803 φύσεως
1466 736 1564 805 τὴν
1597 734 1827 804 φθορὰν,

264 832 346 885 καὶ
384 830 755 902 καθοριοῦμεν
799 830 1025 882 θάνατον
1054 829 1153 897 τῆς
1192 830 1332 881 κατὰ
1377 829 1535 896 φύσιν
1570 829 1732 898 ζωῆς.
1765 829 1829 880 Εἰ

260 921 309 974 δὲ
334 921 393 991 δὴ
444 924 622 990 φαῖεν,
673 922 755 972 ὅτι
799 918 894 971 τοῦ
935 922 998 972 ἐκ
1048 919 1305 986 γυναικὸς
1343 920 1447 987 ὶδιᾳ
1486 935 1543 969 τε
1593 919 1686 971 καὶ
1725 918 1830 972 ἀνὰ

264 1012 416 1083 μέρος
463 1011 558 1063 καὶ
597 1010 720 1063 καθ’
759 1010 953 1062 ἑαυτὸν
997 1009 1325 1079 νοουμένου,
1361 1010 1478 1071 πῶς
1505 1009 1565 1060 οὑ
1607 1007 1830 1061 κάκεῖνό

260 1116 407 1167 φασιν
436 1096 758 1165 ἀναφανδὸν,
797 1098 880 1149 ὅτι
920 1097 1133 1159 πάντως
1169 1098 1329 1160 αὐτος
1365 1099 1449 1166 εἴη
1486 1098 1550 1149 ἂν
1580 1100 1607 1149 ὁ
1639 1113 1828 1149 συντε-

260 1189 514 1259 ταγμένος
560 1188 637 1257 τῷ
671 1189 844 1259 Πατρὶ
891 1190 984 1240 καὶ
1016 1188 1093 1258 τῷ
1130 1190 1271 1258 ἁγίῳ
1322 1190 1597 1259 Πνεύματι
1622 1228 1637 1252 ,
1684 1189 1825 1258 τάχα

260 1299 350 1333 που
389 1281 482 1333 καὶ
533 1280 858 1345 ἐξωσθέντος
910 1280 1010 1348 τῆς
1041 1279 1275 1351 ἀληθοῦς
1329 1281 1577 1349 υίότητος
1609 1278 1701 1330 τοῦ
1762 1280 1829 1332 ἐκ

259 1371 382 1424 Θεοῦ
410 1372 605 1439 φύντος
633 1372 806 1440 Λόγου
829 1412 843 1437 ,
880 1371 1041 1441 εἰπερ
1068 1371 1184 1423 ἐστὶ
1207 1369 1435 1422 θανάτου
1465 1370 1729 1431 δεκτικὸς,
1767 1361 1829 1423 οῦ

258 1465 343 1515 καὶ
368 1466 449 1525 εἰς
494 1462 583 1515 τὸν
617 1463 847 1516 θάνατον
902 1462 1349 1533 βεϐαπτίσμεθα;
1414 1461 1554 1514 Ἀλλ’
1588 1463 1689 1533 ὁρᾷ
1723 1478 1827 1514 που

258 1553 465 1615 πάντως
497 1554 526 1605 ὁ
559 1552 683 1604 νοῦν
714 1552 854 1622 ἔχων
884 1551 1313 1623 διεγηγερμένον
1345 1550 1442 1622 τὴν
1457 1552 1574 1604 ’τῶν
1608 1551 1829 1604 ἐννοιῶν

257 1644 494 1696 ἀτοπίαν.
552 1642 761 1694 Οὐκοῦν
809 1641 1023 1712 ἀνάγκη
1074 1644 1235 1708 νοεῖν,
1281 1643 1360 1695 ὅτι
1409 1642 1648 1710 γεγονὼς
1704 1641 1829 1694 καθ’

255 1736 393 1804 qui;
423 1736 450 1785 ὁ
480 1732 572 1787 τοῦ
612 1732 744 1785 Θεοῦ
781 1733 951 1802 Λόγος
978 1772 992 1795 ,
1038 1735 1203 1805 σαρκὶ
1233 1733 1503 1786 πέπονθεν
1536 1733 1698 1786 ἑκών.
1733 1733 1828 1785 Βε-

1943 551 2047 603 sim
2094 550 2534 613 subsistentibus,
2581 549 2616 603 ii
2666 564 2766 603 nos
2806 549 3056 612 doceant,
3100 550 3153 603 in
3206 552 3509 605 utriusnam

1934 645 2159 689 mortem
2204 638 2460 704 baptizaii
2501 638 2696 695 simus.
2726 636 2858 691 Nam
2895 639 2941 692 si
2975 638 3024 692 in
3054 640 3218 693 divini
3252 639 3432 699 Verbi.
3454 650 3514 693 nt

1940 742 2188 781 seorsum
2215 744 2309 797 per
2338 743 2397 782 se
2436 729 2618 785 animo
2648 730 2974 798 concipitur,
3010 742 3237 786 mortem
3269 732 3511 800 baptiza-

1932 825 2016 873 tos
2049 834 2145 872 nos
2182 821 2403 887 dicunt;
2430 820 2825 890 ineorruptibili
2854 833 3065 877 natura:
3107 825 3511 893 corruptionem

1934 911 2092 981 plane
2121 912 2443 977 tribuemus,
2482 924 2537 966 et
2569 914 2640 967 illi
2672 918 2761 980 qui
2794 926 2986 985 suapte
3031 926 3221 970 natura
3258 917 3365 971 vita
3403 925 3508 988 est,

1935 1008 2163 1054 mortem
2214 1001 2568 1056 ascribemus.
2608 1003 2701 1056 Sin
2730 1014 2909 1056 autem
2952 1018 3051 1058 nos
3083 1005 3134 1056 in
3182 1003 3321 1057 illius
3354 1019 3513 1058 inor-

1932 1097 2042 1145 tem
2074 1091 2284 1144 ablutos
2321 1091 2722 1160 responderint,
2774 1094 2864 1161 qui
2911 1095 3130 1163 proprie
3171 1108 3415 1148 seorsum
3455 1102 3513 1153 et

1934 1199 2027 1253 per
2088 1197 2148 1236 se
2211 1198 2273 1237 ex
2331 1199 2486 1237 sacra
2537 1182 2756 1255 Virgine
2812 1193 2965 1239 ortus
3016 1186 3384 1255 intelligitur;
3419 1188 3513 1256 qui

1936 1277 2050 1331 ﬁeri
2075 1286 2249 1347 potest
2276 1288 2358 1343 ut,
2390 1277 2536 1331 illum
2570 1278 2792 1331 oumino
2825 1293 2965 1341 esse,
2993 1280 3082 1347 qui
3114 1280 3355 1348 ejusdem
3389 1295 3514 1334 eum

1933 1364 2092 1419 Patre
2141 1375 2194 1420 et
2239 1365 2444 1435 Spiritu
2488 1375 2678 1420 sancto
2734 1368 2944 1422 ordinis
2985 1380 3037 1422 et
3079 1369 3359 1438 dignitatis
3405 1380 3514 1433 est,

1933 1459 2135 1512 diserte
2169 1474 2270 1511 non
2311 1459 2707 1526 proliteantur;
2742 1460 2975 1514 fortasse
3021 1462 3184 1517 etiam
3218 1462 3400 1529 genito
3441 1476 3513 1517 ex

1937 1551 2042 1603 Deo
2074 1548 2250 1602 Verbo
2289 1565 2416 1603 vera
2454 1550 2713 1603 lilialione
2744 1551 3000 1617 spoliato,
3032 1553 3075 1605 si
3121 1554 3310 1607 mortis
3345 1568 3515 1619 capax

1935 1640 2020 1694 ille
2049 1650 2153 1707 εει,
2184 1641 2234 1693 ἱιι
2283 1639 2438 1708 cujus
2475 1650 2702 1694 mortem
2741 1641 2998 1709 baptizati
3021 1644 3246 1697 sumus?
3275 1647 3341 1696 At
3369 1645 3517 1712 quis,

1934 1748 2137 1802 qnzcso,
2163 1735 2247 1786 cni
2286 1734 2446 1785 modo
2480 1749 2631 1785 mens
2657 1733 2855 1802 vigeat,
2891 1737 3232 1790 manifestam
3258 1737 3518 1791 doctrinm

257 1821 595 1892 δαπτίσμεθα
645 1825 755 1891 γάρ
804 1821 976 1885 οὕτως
1012 1824 1090 1885 εἰς
1130 1823 1220 1875 τὸν
1252 1823 1416 1876 αὑτοῦ
1454 1822 1701 1890 θάνατον,
1754 1823 1830 1888 ὼς

1938 1825 2096 1893 hujus
2132 1826 2523 1879 absurditatem
2576 1842 2680 1878 non
2717 1826 3159 1882 animadvertat?
3195 1829 3519 1884 Necessario

257 1916 363 1978 ἐνὸς
400 1916 551 1977 ὄντος
587 1914 717 1967 Υἱοῦ
741 1957 753 1979 ,
790 1915 933 1967 κατὰ
960 1916 1058 1985 μὲν
1092 1916 1188 1986 τὴν
1237 1916 1334 1978 τῆς
1376 1915 1625 1987 θεότητος
1663 1917 1827 1985 φύσιν

257 2007 493 2070 ἀπαθοῦς
516 2049 531 2073 ,
562 2007 807 2077 παθη-τοῦ
836 2008 891 2060 δὲ
925 2008 1064 2060 κατὰ
1084 2008 1182 2078 τὴν
1211 2010 1407 2078 σάρκα.
1447 2008 1568 2061 Ὅτι
1595 2008 1649 2060 δέ
1676 2010 1827 2079 ἡμᾶς

254 2101 327 2161 εἰς
362 2098 656 2167 καινότητα
712 2098 858 2166 ζωῆς
911 2099 1278 2169 μεταπλάττει
1316 2098 1551 2167 Χριστὸς
1598 2100 1686 2152 διά
1724 2100 1825 2169 τῆς

254 2190 595 2250 ἀναστάσεως
619 2228 634 2252 ,
667 2188 784 2251 πῶς
818 2187 882 2242 ἂν
911 2189 1203 2241 ἐνδοιάσειέ
1234 2207 1320 2252 τις
1348 2206 1363 2254 ;
1393 2188 1691 2260 παρίστησι
1717 2192 1824 2263 γάρ

252 2281 394 2348 ἡμᾶς
427 2279 601 2349 ἐαυτῴ
634 2297 693 2331 τε
724 2281 819 2333 καὶ
855 2280 932 2350 τῷ
965 2282 1140 2351 Πατρὶ
1171 2280 1302 2331 ὡσεὶ
1336 2280 1401 2331 ἐκ
1442 2281 1649 2349 νεκρῶν
1692 2280 1819 2345 ζῶνο

251 2389 364 2435 τας,
421 2373 560 2425 καθὰ
608 2374 921 2443 γέγραπται
952 2392 964 2403 ·
1001 2394 1018 2424 ι
1046 2374 1154 2427 Καὶ
1205 2373 1574 2457 ἀποθανόντας
1626 2374 1723 2444 μὲν
1759 2378 1823 2447 τῇ

251 2466 507 2545 αμαρτίᾳ.
541 2464 745 2527 ζῶντας
785 2466 839 2517 δὲ
864 2468 930 2535 τῇ
963 2464 1294 2537 δικαιοσύνῃ.
1342 2485 1360 2517 ι

1937 1920 2118 1988 itaque
2140 1918 2486 1972 statuendum
2537 1928 2622 1971 est
2667 1918 2760 1971 Dei
2791 1919 3018 1973 Verbnm
3045 1920 3223 1975 simile
3257 1922 3411 1977 nobis
3440 1922 3519 1976 ia-

1936 2020 2082 2066 ctum
2111 2025 2233 2065 esse
2284 2021 2624 2079 mortemque
2670 2010 2723 2065 in
2765 2028 2929 2065 carne
2960 2014 3103 2066 nitro
3126 2013 3379 2069 subiisse.
3406 2014 3519 2069 Hac

1934 2102 2076 2155 enim
2110 2102 2319 2155 ratione
2355 2101 2408 2154 in
2446 2111 2673 2155 mortem
2703 2101 2848 2156 illius
2878 2103 3134 2170 baptizati
3157 2120 3366 2168 sumus,
3391 2122 3514 2159 cum

1934 2209 2039 2248 non
2080 2194 2179 2248 nisi
2206 2208 2343 2246 unus
2374 2203 2582 2247 tantum
2617 2194 2690 2247 sit
2726 2192 2916 2261 Filius,
2946 2196 3038 2265 qui
3072 2196 3291 2264 quidem
3323 2212 3520 2251 secun-

1933 2285 2058 2339 dum
2085 2285 2387 2338 divinitatis
2417 2296 2667 2338 naturam
2706 2285 2817 2354 pati
2840 2287 2972 2339 nihil
3000 2287 3197 2355 potuit,
3218 2289 3515 2342 secundum

1938 2380 2226 2432 humanam
2279 2387 2461 2431 autem
2528 2377 2723 2444 potuit.
2776 2378 3023 2432 Tandem
3086 2380 3231 2448 quod
3266 2378 3518 2434 Christus

1939 2485 2034 2539 per
2056 2470 2515 2524 resurrectionem
2552 2468 2603 2521 in
2636 2470 2763 2524 vita:
2801 2471 3098 2523 novitatem
3131 2484 3229 2524 nos
3254 2470 3518 2525 transfor—

253 2569 379 2617 met,
415 2559 463 2609 id
497 2558 548 2609 in
580 2559 937 2625 quaestionem
976 2573 1082 2609 non
1120 2559 1283 2610 radit.
1334 2558 1488 2613 Sistit
1533 2559 1678 2612 enim
1725 2574 1821 2612 nos
1852 2561 2017 2614 veluti
2058 2576 2123 2613 ex
2163 2560 2389 2613 mortuis
2422 2560 2665 2614 viventes
2715 2571 2769 2615 et
2805 2561 2906 2615 sibi
2941 2571 2996 2615 et
3031 2561 3199 2618 Patri.
3242 2561 3517 2631 Scriptum

250 2654 330 2701 est
360 2661 589 2712 namque
639 2661 651 2697 :

318 2741 443 2795 NI".
485 2759 504 2793 ι
556 2741 619 2796 Ei
654 2740 712 2793 δέ
751 2742 812 2794 τὸ
855 2741 1079 2811 Πνεῦμα
1107 2741 1198 2793 τοῦ
1246 2742 1559 2813 ἐγείραντος
1615 2741 1824 2812 Ἰησοῦν

248 2835 481 2907 Χριστὸν
518 2835 657 2886 οἰκεῖ
686 2836 743 2886 ἐν
766 2835 921 2903 ἡμῖν,
956 2833 985 2884 ὁ
1024 2832 1243 2903 ἐγείρας
1273 2836 1339 2885 ἐκ
1370 2831 1581 2903 νεκρῶν
1621 2830 1830 2901 Ἰησοῦν

248 2926 481 2995 Χριστὸν
515 2924 841 2993 ζωοποιήσει
874 2925 967 2976 καὶ
998 2925 1065 2976 τὰ
1096 2924 1264 2992 θνητᾶ
1292 2922 1519 2992 σώματα
1551 2923 1708 2994 ἡμῶν
1742 2922 1831 2975 διὰ

246 3019 339 3071 τοῦ
379 3016 713 3078 ἐνοικοῦντος
757 3015 921 3067 αὐτοῦ
954 3015 1268 3085 Πνεῦματος
1311 3017 1368 3065 ἐν
1398 3016 1529 3084 ἡμῖν
1555 3015 1601 3067 Ιί.
1646 3037 1664 3066 ι
1709 3016 1831 3086 Ζωὴ

249 3112 350 3181 μέν
384 3111 500 3162 ἐστι
547 3109 686 3161 κατά
728 3106 889 3177 φύσιν
923 3107 951 3157 ὁ
994 3108 1289 3176 μονογενὴς
1326 3105 1421 3158 τοῦ
1449 3105 1586 3158 Θεοῦ
1626 3105 1828 3173 Λόγος’

715 2664 733 2696 i
760 2644 952 2700 Mor-tui
980 2645 1196 2714 quidem
1239 2656 1482 2714 peccato,
1546 2647 1789 2701 viventes
1835 2646 2351 2713 autemjnstitiaa”.
2392 2666 2410 2699 ι

2006 2741 2140 2797 Llll.
2174 2760 2192 2793 ι
2216 2741 2439 2809 Quodsi
2476 2740 2710 2809 Spiritus
2739 2756 2857 2809 ejus
2890 2741 2981 2811 qni
3016 2741 3296 2795 suscitavit
3330 2741 3515 2797 Jesnm

1935 2832 2208 2888 Clu-istum
2244 2848 2272 2885 a
2308 2834 2554 2895 mortuis,
2595 2835 2801 2888 habitat
2840 2833 2891 2885 in
2939 2833 3114 2895 vobis,
3150 2834 3239 2901 qui
3277 2833 3516 2887 suscita-

1935 2925 2012 2979 vit
2041 2928 2224 2980 Jesum
2253 2924 2530 2979 Christum
2562 2940 2592 2977 a
2647 2924 2898 2988 mortuis,
2930 2923 3224 2978 vivilicaliit
3266 2925 3519 2979 mortalia

1936 3034 2163 3088 corpora
2200 3030 2378 3071 vestra
2422 3034 2517 3086 per
2563 3016 2960 3071 inhabitantem
2997 3015 3262 3083 Spiritum
3292 3018 3411 3083 ejus
3465 3021 3517 3073 in

1935 3113 2089 3166 vobis
2108 3111 2173 3165 ³⁸.
2211 3129 2229 3162 ι
2266 3110 2378 3163 Etsi
2425 3110 2765 3178 unigenitum
2809 3109 2898 3163 Dei
2936 3105 3169 3162 Verbum
3219 3112 3518 3164 secundum

248 3202 434 3273 ἐπειδὴ
453 3203 509 3256 δὲ
541 3201 619 3271 τῷ
650 3200 865 3270 θανάτῳ
904 3200 1131 3269 κάτοχον
1160 3200 1477 3271 ἠμπέσχετο
1508 3199 1665 3270 σῶμα
1690 3238 1704 3261 ,
1738 3200 1832 3252 καὶ

1938 3215 2187 3256 naturam
2213 3202 2319 3255 vita
2347 3211 2462 3255 est:
2491 3209 2729 3255 attamen
2759 3203 2901 3268 quod
2933 3214 3134 3269 corpus
3163 3200 3321 3253 morti
3344 3202 3519 3255 obno-

248 3294 431 3362 χάριτι
460 3294 561 3363 μὲν
608 3292 742 3345 Θεοῦ
780 3292 868 3344 διὰ
911 3291 1012 3360 τῆς
1050 3291 1184 3355 ἰδίας
1217 3292 1417 3362 σαρκὸς
1464 3292 1603 3361 ὑπὲρ
1632 3290 1832 3353 παντὸς

247 3385 513 3452 ἐγεύσατο
541 3384 795 3448 θανάτου,
816 3384 1013 3447 θεῖκῶς
1051 3402 1112 3452 γε
1144 3385 1251 3455 μὴν
1281 3384 1507 3445 ἀνεϐίω,
1547 3404 1564 3435 ι
1599 3382 1723 3436 καθ’
1749 3384 1832 3435 ὅτι

246 3478 347 3530 οὐκ
376 3473 441 3548 ἦν
469 3476 693 3529 δυνατὸν
720 3475 1040 3546 κρατεῖσθαι
1065 3476 1225 3528 αὑτὸν
1260 3475 1349 3527 ὑπ’
1376 3473 1539 3526 αὑτοῦ
1574 3471 1615 3525 ι.
1645 3496 1662 3523 ι
1685 3473 1832 3526 Ταύ-

245 3586 317 3643 τῃ
343 3588 444 3633 τοι,
473 3570 683 3637 κατάγε
708 3570 832 3631 τοὺς
862 3569 1065 3640 ἀρτίως
1082 3569 1216 3638 ἡμῖν
1236 3566 1596 3629 άποδοθέντας
1610 3566 1799 3633 λόγους
1814 3607 1829 3629 ,

245 3663 550 3734 ἐγηγέρθαι
592 3662 811 3731 λέγεται
835 3660 989 3731 παρὰ
1013 3659 1107 3713 τοῦ
1132 3659 1364 3730 Πατρός.
1397 3659 1540 3729 Πλὴν
1567 3660 1742 3711 ἐκεῖνο
1768 3658 1832 3729 δὴ

244 3752 412 3807 πάλιν
470 3752 604 3823 φέρε
627 3750 728 3821 δὴ,
765 3750 900 3821 φέρε
931 3748 1383 3819 καταθρήσωμεν,
1411 3750 1459 3802 εί
1487 3749 1654 3801 δοκεῖ·
1688 3750 1830 3801 Ζωο-

244 3845 496 3913 ποιήσειν
517 3844 621 3913 ἔφη
646 3843 737 3895 τὸν
760 3842 979 3913 Πατέρα
1002 3842 1094 3896 καὶ
1111 3841 1179 3893 τὰ
1202 3840 1359 3911 ἡμῶν
1384 3840 1611 3911 σώματα
1631 3840 1717 3893 διὰ
1736 3838 1831 3893 τοῦ

243 3932 567 4003 Πνεῦματος
595 3933 761 3986 αὐτοῦ
784 3931 1125 3994 ἐνοικοῦντος
1150 3933 1208 3984 ἐν
1236 3934 1389 4001 ἡμῖν·
1411 3932 1505 3983 καὶ
1536 3932 1734 4003 ἀληθὲς
1749 3932 1833 3983 ὄτι

242 4025 306 4077 τὸ
326 4025 517 4095 χρῆμά
535 4027 701 4089 ἐστιν,
719 4024 819 4077 οὐκ
843 4024 910 4077 ἂν
932 4023 1223 4076 ὲνδοιάσειέ
1251 4039 1354 4084 τις·
1390 4022 1506 4075 ἀλλ’
1531 4024 1663 4075 αὐτὸ
1685 4022 1749 4093 δὴ
1771 4022 1832 4075 τὸ

244 4114 476 4185 Πνεῦμα
489 4115 551 4167 τὺ
566 4114 887 4179 ζωοποιοῦν,
912 4115 1004 4167 καὶ
1020 4113 1183 4166 αὑτοῦ
1200 4115 1340 4167 Πνεῦ
1350 4115 1424 4183 μά
1440 4116 1555 4167 ἐστι
1570 4112 1828 4185 Χριστοῦο

241 4206 558 4277 γέγραπται
588 4206 718 4276 γάρ,
756 4208 839 4259 ἔτι
868 4225 887 4258 ι
910 4207 1099 4277 Ὑμεῖς
1133 4206 1231 4276 μὲν
1264 4207 1364 4259 οὐκ
1393 4206 1516 4258 ἐστέ
1547 4209 1604 4259 ἐν
1634 4206 1830 4277 σαρκὶ,

240 4294 365 4347 ἀλλ’
398 4296 456 4347 ἐν
490 4294 784 4365 πνεύματι,
824 4295 984 4365 εἴπερ
1014 4295 1238 4365 Πνεῦμα
1264 4294 1395 4348 Θεοῦ
1424 4296 1564 4347 οἰκεῖ
1595 4295 1654 4347 ἐν
1681 4296 1829 4366 ὑμῖν.

242 4385 309 4438 Ei
344 4386 404 4439 δέ
432 4403 515 4448 τις
538 4386 761 4457 Πνεῦμα
790 4386 1027 4457 Χριστοῦ
1052 4387 1150 4439 οὐκ
1183 4386 1319 4458 ἔχει,
1352 4379 1509 4450 οὗτος
1544 4388 1644 4440 οῦκ
1684 4387 1831 4440 ἔστιν

238 4479 439 4535 αὑτοῦ.
485 4499 504 4532 ι
557 4481 667 4533 Καὶ
711 4480 873 4533 πάλιν
921 4482 1049 4549 περὶ
1104 4479 1213 4533 τῶν
1266 4481 1438 4548 ἁγίων
1492 4480 1827 4533 ἀποστόλωνο

1940 3292 2089 3346 xium
2124 3292 2381 3357 induerit,
2429 3290 2588 3362 174
2629 3290 2801 3359 gratia
2850 3289 2938 3343 Dei
2967 3306 3062 3359 per
3095 3292 3369 3360 propriam
3399 3305 3521 3344 caro

1935 3397 2056 3437 nem
2084 3399 2181 3453 pro
2204 3384 2455 3436 omnibus
2476 3385 2713 3452 gustavit
2743 3391 2975 3435 mortem
2999 3382 3042 3414 ³⁷
3072 3397 3086 3446 ;
3119 3397 3304 3436 verum
3334 3383 3518 3436 divina

1935 3476 2139 3528 virtute
2170 3475 2236 3527 ad
2268 3477 2433 3527 vitam
2466 3474 2648 3539 rediit,
2683 3491 2700 3525 ι
2730 3484 3004 3540 quatenus
3034 3474 3370 3543 impossibile
3398 3487 3521 3531 erat

1936 3580 1965 3617 a
1997 3575 2171 3619 morte
2202 3565 2350 3617 illum
2389 3564 2643 3619 teneri“.
2677 3584 2695 3616 ι
2726 3564 2808 3618 0b
2844 3565 2939 3619 has
2984 3564 3169 3635 itaque
3213 3566 3454 3622 rationes
3485 3584 3517 3624 a

1935 3656 2095 3711 l’atre
2129 3672 2159 3711 e
2191 3658 2417 3711 mortuis
2456 3662 2821 3712 essuscitatus
2848 3658 3073 3711 dicitur.
3123 3656 3244 3712 Jam
3271 3674 3399 3714 vero
3424 3676 3519 3716 ac-

1935 3758 2142 3811 curate,
2184 3748 2228 3800 si
2264 3748 2498 3813 videtur,
2549 3750 2946 3816 expendamus,
2988 3749 3264 3817 quomodo
3298 3748 3515 3806 Patrem

1936 3839 2182 3893 mortalia
2211 3854 2428 3910 quoque
2464 3850 2649 3895 nOSIra
2674 3854 2903 3908 corpora
2942 3854 3039 3910 per
3060 3840 3325 3909 Spiritum
3358 3858 3516 3896 suum

1933 3932 2024 4000 qui
2060 3932 2271 3985 habitat
2317 3933 2367 3984 in
2404 3932 2582 3996 nobis,
2613 3932 3015 3986 viviﬁcaturnm
3050 3933 3325 4002 praedicet.
3368 3933 3514 3989 Vivi-

1936 4024 2116 4077 ίίυιιιιίι
2151 4025 2355 4090 itaque,
2389 4038 2564 4092 neque
2599 4024 2665 4078 de
2699 4023 2859 4092 hujus
2889 4026 2965 4079 rei
2991 4025 3221 4080 veritate
3266 4028 3517 4083 dubitare

1936 4117 2058 4171 licet
2101 4135 2112 4169 :
2170 4127 2547 4171 verumtamen
2590 4117 2731 4171 idem
2781 4118 2873 4172 ille
2930 4116 3177 4174 vivillcus
3239 4110 3514 4189 Spiritus,

1932 4203 2133 4258 Christi
2172 4219 2392 4274 quoque
2432 4204 2676 4275 Spiritus
2706 4214 2810 4260 est.
2865 4203 3142 4277 Scriptum
3193 4216 3280 4263 est
3327 4211 3514 4265 enim:

1938 4314 1957 4347 ‹
1995 4297 2102 4351 Vos
2139 4313 2242 4351 non
2274 4298 2411 4353 estis
2440 4298 2493 4353 in
2519 4312 2708 4364 carne,
2742 4302 2836 4354 sed
2889 4301 2945 4355 in
2993 4301 3224 4370 spiritu;
3255 4302 3299 4357 si
3334 4314 3515 4359 tamen

1935 4386 2172 4459 Spiritus
2198 4390 2287 4443 Dei
2323 4391 2537 4445 habitat
2567 4391 2618 4444 in
2658 4390 2831 4445 vobis.
2870 4392 2925 4447 Si
2963 4394 3088 4462 quis
3128 4405 3308 4448 autem
3342 4395 3519 4463 Spiri-

1934 4492 2044 4534 tum
2091 4483 2293 4537 Chi'iSti
2346 4499 2451 4536 non
2515 4483 2696 4546 habet,
2732 4485 2820 4538 hic
2854 4503 2961 4539 non
2996 4495 3075 4539 est
3132 4486 3334 4556 ejus”.
3377 4508 3396 4539 ι
3452 4489 3513 4542 lit

245 4592 265 4624 ι
316 4572 592 4635 Ἐλθόντες
620 4572 676 4625 δὲ
710 4572 848 4625 κατὰ
875 4573 975 4644 τὴν
1009 4573 1244 4636 Μυσίαν,
1286 4572 1575 4643 ἐπείραζον
1608 4575 1687 4635 εἰς
1728 4576 1828 4642 τὴν

1937 4590 2149 4629 rursum
2187 4579 2251 4629 de
2306 4577 2510 4631 sanetis
2557 4578 2818 4646 aposmlis
2873 4579 2945 4631 ita
3004 4578 3281 4633 scribitur.
3329 4599 3345 4630 ι
3376 4580 3510 4634 Cum

237 4666 502 4719 Βιθυνίαν
554 4665 925 4736 πορευθῆναι,
978 4666 1071 4717 καὶ
1125 4666 1224 4717 οὐκ
1278 4667 1460 4718 εἴασεν
1514 4666 1710 4728 αὐτοὺς
1762 4664 1822 4716 τὸ

237 4756 473 4827 Πνεῦμα
524 4756 617 4809 τοῦ
679 4756 875 4826 Ἰησοῦ.
935 4776 952 4808 ι
1015 4756 1145 4807 Ὅτε
1196 4758 1376 4809 τοίνυν
1429 4757 1560 4809 ἴδιόν
1610 4758 1725 4808 ἐστι
1764 4756 1825 4807 τὸ

234 4849 471 4919 Πνεῦμα
498 4851 592 4903 καὶ
616 4850 780 4903 αὑτοῦ
804 4849 897 4902 τοῦ
928 4850 1327 4921 ἐγηγερμένου,
1359 4850 1538 4903 καίτοι
1566 4850 1659 4902 τοῦ
1686 4848 1821 4901 Θεοῦ

233 4943 338 4995 καὶ
381 4941 593 5011 Πατρὸς
631 4940 1023 5005 ζωοποιοῦντος
1071 4942 1219 5011 ἡμᾶς
1266 4943 1324 4993 ἐν
1355 4941 1666 5011 Πνεῦματι,
1705 4941 1823 5005 πῶς

231 5014 392 5087 εστιν
429 5032 821 5104 άμφιὸάλλειν,
856 5034 937 5086 ὅτι
980 5035 1297 5105 πέπρακται
1332 5035 1429 5104 μὲν
1475 5036 1603 5104 περὶ
1635 5034 1696 5087 τὺ
1724 5035 1820 5088 άν-

231 5126 517 5196 θρὼπινον
555 5129 587 5197 ὴ
618 5127 933 5189 ἀνάστασις,
965 5127 1239 5199 ἐνήργηκε
1280 5128 1335 5180 δὲ
1364 5127 1425 5179 τὸ
1458 5127 1645 5198 χρῆμα
1682 5126 1821 5196 μετὰ

228 5219 337 5272 τοῦ
358 5219 489 5273 ίδίου
518 5220 729 5290 Πατρδς
751 5220 780 5272 ὁ
805 5218 864 5286 ἐξ
902 5221 1068 5274 αὐτοῦ
1094 5221 1235 5274 κατὰ
1265 5221 1425 5289 φύσιν
1447 5220 1578 5284 Θεὸς
1611 5220 1784 5287 Λόγος
1805 5256 1820 5281 ,

225 5308 299 5367 οῦ
330 5314 426 5366 καὶ
450 5312 579 5366 ἴδιόν
614 5316 730 5367 ἐστι
757 5314 818 5367 τὸ
848 5313 1070 5385 Πνεῦμα
1101 5314 1161 5367 τὸ
1187 5313 1481 5378 ζωοποιοῦν
1508 5329 1521 5378 ;

310 5537 360 5570 ³⁸
386 5537 539 5590 Rom.
573 5552 646 5603 vi,
678 5536 764 5591 13.
862 5535 906 5566 ³⁸
930 5534 1083 5589 Rom.
1118 5548 1233 5597 vni,
1263 5533 1347 5587 ll.

1428 5532 1470 5562 ³⁷
1510 5530 1670 5584 llcbr.
1713 5545 1772 5591 ιι,
1812 5530 1870 5585 19

1929 4666 2209 4719 venissent
2241 4674 2420 4720 autem
2464 4668 2517 4719 in
2546 4664 2799 4736 Mysiam,
2826 4669 3107 4719 tentabant
3140 4666 3217 4718 ire
3239 4667 3291 4719 in
3326 4664 3514 4736 Bithy—

1934 4758 2113 4821 niam;
2149 4765 2202 4810 et
2237 4771 2339 4808 non
2378 4755 2630 4825 permisit
2658 4771 2754 4809 eos
2784 4756 3022 4823 Spiritus
3052 4755 3180 4812 Jesu
3202 4756 3271 4811 ⁸ο.
3317 4775 3336 4808 ι
3372 4755 3508 4811 Cum

1933 4846 2169 4916 Spiritus
2190 4862 2318 4917 ergo
2342 4847 2511 4914 ipsius
2540 4861 2759 4917 quoque
2790 4847 3107 4903 exsuscitati
3136 4847 3388 4919 proprius
3416 4848 3506 4905 sit.

1930 4938 2279 5007 quantumvis
2333 4937 2474 4991 Deus
2518 4936 2679 4992 Pater
2723 4940 2773 4992 in
2817 4937 3027 5007 Spiritu
3089 4955 3189 4995 nos
3233 4938 3509 4993 viviﬁcare

1929 5028 2169 5092 dicatur;
2198 5027 2317 5095 quis
2349 5027 2592 5096 ambigat
2646 5032 3104 5084 resurrectionem
3133 5030 3184 5083 in
3213 5030 3508 5084 humanam

1928 5129 2174 5172 naturain
2209 5118 2274 5171 ad
2322 5134 2445 5172 eum
2485 5119 2699 5173 modum
2750 5120 3034 5184 cecidisse,
3076 5127 3134 5174 ut
3168 5135 3287 5174 eam
3328 5129 3507 5172 tamen

1926 5210 2068 5263 Dens
2106 5208 2343 5262 Verbum
2390 5227 2495 5264 una
2545 5227 2667 5264 cum
2709 5212 2883 5277 Patre,
2934 5228 2997 5266 ex
3038 5228 3151 5281 quo
3186 5212 3507 5265 naturaliter

1924 5302 2188 5372 procedit.
2214 5301 2479 5363 elfecerit,
2517 5303 2672 5368 cujus
2700 5305 2946 5359 vivilicns
2974 5304 3064 5359 ille
3103 5305 3342 5375 Spiritus
3381 5320 3506 5373 pro—

1924 5393 2073 5461 prius
2108 5406 2325 5461 quoque
2364 5393 2619 5446 exsistit?

1973 5529 2019 5559 ³⁸
2044 5530 2164 5583 Act.
2202 5543 2261 5590 Il,
2290 5526 2381 5582 Ἠ.
2492 5528 2537 5560 ³⁸
2563 5529 2718 5584 Boii).
2757 5546 2876 5595 vni,
2904 5529 2957 5584 9.
3072 5530 3113 5561 "
3148 5530 3265 5584 Act.
3296 5544 3381 5584 va
3447 5528 3501 5587 "'.

1344 5647 1517 5704 Variae
1540 5646 1799 5702 lectiones
1825 5644 2028 5699 codicis
2060 5642 2421 5712 Seguieriani.

308 5766 342 5809 α
378 5768 525 5839 ὑμῖν.
606 5762 623 5805 ι
658 5764 761 5817 ὑπὸ
788 5763 880 5818 τοῦ
906 5762 1159 5818 θανάτου.
