4000 6326
504 330 638 388 NH

1494 328 1552 384 S.
1592 327 1869 382 CYRILLl
1904 325 2382 392 ALEXANDRINI
2424 323 2745 379 ARCllIEI'.

3649 317 3798 373 ιιη

574 458 706 515 LW.
740 477 758 510 ι
789 459 870 512 Au
901 458 1332 531 experimentum
1360 459 1601 526 qumritis
1631 459 1770 527 ejus,
1791 461 1879 529 qni
1915 460 1965 513 in
1997 473 2080 512 me

2255 461 2379 514 NA'.
2424 481 2441 512 ι
2484 462 2546 513 EE
2578 460 2634 513 δὲ
2678 457 2908 530 δοκιμήν
2948 459 3162 527 ζητεῖτε
3190 456 3280 509 τοῦ
3333 456 3391 508 ἐν
3426 455 3557 525 ἐμοὶ
3599 465 3649 494 In
3696 455 3800 507 λα-

502 555 741 622 loquitur
765 552 1055 606 (Hii-istus:
1085 553 1176 621 qui
1207 553 1260 606 in
1297 552 1452 606 nobis
1491 568 1596 606 non
1627 554 1957 618 inﬁrmatur,
1989 555 2083 605 sed

499 653 692 714 potens
712 652 795 697 est
827 643 880 696 in
918 643 1115 697 vobis?
1147 642 1280 696 Nam
1313 643 1416 698 etsi
1448 643 1745 699 cruciﬁxus
1779 655 1864 699 est
1895 661 1958 698 ex
1997 645 2082 698 in-

502 737 778 796 ﬁrmitate,
798 735 894 788 sed
915 734 1049 788 vivit
1072 750 1137 788 ex
1163 733 1366 788 virtute
1393 735 1656 790 Dei.Nam
1685 745 1739 788 et
1765 751 1861 788 nos
1882 734 2081 788 inﬁrmi

501 843 688 884 sumus
715 827 768 880 in
814 827 945 880 illo:
978 828 1070 882 sed
1099 828 1344 881 vivemus
1379 843 1498 880 cum
1537 841 1603 880 eo
1647 842 1711 880 ex
1748 828 1949 879 virtute
1993 826 2081 878 Dei

502 921 556 974 in
577 919 730 973 vobis
753 917 821 971 ⁴⁵¹.
847 937 865 970 ι
887 916 1141 972 Nonnulli
1173 933 1362 973 eorum
1391 919 1481 986 qui
1521 919 1888 982 crediderunt,
1917 917 2084 970 oll‘en-

502 1012 709 1066 sionem
737 1011 802 1065 de
846 1009 1076 1064 Domino
1107 1019 1294 1066 nostro
1323 1010 1451 1064 Jesu
1483 1011 1705 1064 Christo
1729 1026 1793 1062 ex
1825 1025 2085 1077 quorum-

502 1102 625 1156 dam
681 1102 1026 1157 sermonibus
1071 1103 1248 1170 passi,
1298 1103 1350 1155 in
1403 1103 1670 1171 ejusmodi
1726 1103 2085 1169 cogitationes

503 1195 809 1264 prweipites
834 1196 1083 1248 abierant
1112 1212 1127 1246 :
1168 1195 1223 1248 Si
1261 1211 1420 1248 verus
1452 1195 1591 1249 Deus
1626 1206 1764 1256 erat,
1795 1193 2086 1246 naturalis-

501 1300 606 1354 que
622 1287 1013 1355 omnipotentis
1034 1284 1124 1340 Dei
1148 1285 1438 1350 Filius,eur
1453 1287 1850 1340 homicidarum
1894 1298 2086 1338 manus

504 1393 612 1432 non
645 1377 872 1448 eil'ugit?
903 1395 1026 1433 nam
1062 1380 1540 1448 probrosissimam
1570 1380 1622 1434 in
1651 1393 1813 1432 cruce
1855 1386 2084 1430 mortem

503 1469 847 1538 perferendo,
889 1470 1117 1536 intelligi
1175 1487 1280 1523 non
1331 1482 1528 1540 potest,
1554 1469 1827 1539 qumnodo
1849 1478 1901 1523 et
1945 1468 2085 1521 Deus

501 1563 797 1625 exstiterit,
827 1572 886 1617 et
914 1562 1350 1632 cruciﬁgentium
1385 1574 1563 1615 tamen
1599 1560 1850 1614 manibus
1904 1575 2086 1614 cesse-

500 1653 590 1717 rit,
622 1653 935 1722 nostrisque
977 1653 1392 1706 inﬁrmitatibus
1439 1652 1736 1705 obstrictus
1789 1651 1972 1704 fuerit.
2005 1650 2082 1702 Ad

503 1748 807 1814 huiusmodi
852 1757 1032 1802 autem
1088 1749 1456 1815 cogitationes
1503 1747 1694 1802 beatus
1757 1746 1957 1801 Paulus
2012 1747 2080 1798 ita

2187 553 2406 617 λοῦντος
2450 552 2687 624 Χριστοῦ
2714 592 2728 615 ,
2777 553 2836 615 ὃς
2883 553 2962 614 εἰς
3009 553 3158 620 ἡμᾶς
3203 551 3304 603 οὐκ
3345 547 3608 611 ἀσθενεῖ,
3651 548 3800 600 ἄλλα

2185 648 2397 699 δυνατεῖ
2421 657 2448 683 ιι
2477 649 2532 699 ἐν
2566 649 2714 717 ἡμῖν.
2760 645 2869 697 Καὶ
2902 645 3010 714 γὰρ
3073 646 3121 697 εἰ
3160 642 3475 714 ἐσταυρώθη
3519 641 3579 706 ἐξ
3621 641 3801 694 ἀσθε-

2187 739 2368 801 νείας,
2408 737 2542 792 ἀλλά
2576 739 2641 808 ζῇ
2689 738 2754 790 ὲκ
2795 737 3078 806 δυνάμεως
3121 733 3276 790 Θεοῦ.
3314 736 3424 788 Καὶ
3467 736 3584 806 γὰρ
3622 735 3802 803 ἡμεῖς

2185 829 2520 900 ἀσθενοῦμεν
2560 831 2616 880 ἐν
2662 827 2850 899 αὐτῷ,
2901 827 3037 880 ἀλλὰ
3084 825 3324 896 ζήσομεν
3365 825 3462 878 σὺν
3513 821 3676 893 αὐτῷ
3731 824 3803 874 ἐκ

2185 923 2470 994 δυνάμεως
2513 920 2648 974 Θεοῦ
2701 923 2782 984 εἰς
2821 921 2985 990 ὑμᾶς.
3020 939 3049 971 ι»
3101 917 3585 980 Ἐσκανδαλίζοντό
3639 932 3802 977 τινες

2185 1017 2294 1068 τῶν
2351 1013 2792 1068 πεπιστευκότων
2824 1013 2904 1076 εἰς
2959 1012 3052 1064 τὸν
3106 1011 3312 1082 Κύριον
3367 1009 3528 1080 ήμῶν
3569 1007 3803 1077 Ἰησοῦν

2184 1107 2276 1160 τὸν
2300 1106 2554 1176 Χριστὸν,
2587 1107 2726 1175 τάχα
2769 1123 2869 1158 που
2897 1105 3074 1173 λόγοις
3101 1106 3212 1166 τοῖς
3244 1104 3397 1174 παρά
3421 1119 3586 1155 τινων
3625 1104 3805 1154 ἐπεν-

2186 1199 2504 1270 ηνεγμένοις
2529 1208 2550 1228 °
2607 1198 2741 1268 πρὸς
2813 1196 3022 1260 ἐννοίας
3060 1195 3352 1260 τοιαύτας*⁵
3379 1212 3391 1221 ·
3416 1195 3480 1247 Εἰ
3528 1193 3675 1256 Θεὸς
3728 1188 3805 1263 ἦν

2185 1290 2434 1361 ἀληθῶς,
2477 1291 2571 1343 καὶ
2600 1289 2730 1352 Υίδς
2774 1288 2916 1342 κατὰ
2949 1292 3111 1351 φύσιν
3151 1287 3246 1341 τοῦ
3277 1289 3456 1341 πάντα
3499 1285 3803 1356 ἰσχύοντος

2185 1383 2352 1448 Θεοῦ,
2389 1383 2506 1447 πῶς
2541 1383 2602 1436 οὐ
2634 1383 2819 1452 διέδρα
2847 1383 2948 1445 τὰς
2979 1381 3089 1435 τῶν
3127 1379 3413 1450 φονώντων
3444 1376 3756 1439 ἐπιϐουλάς
3782 1394 3796 1440 ;

2185 1476 2303 1538 πῶς
2353 1474 2408 1528 δὲ
2437 1477 2532 1528 καὶ
2565 1475 2910 1545 ἀτιμόταταρ
2938 1474 3030 1527 τὸν
3061 1473 3156 1527 ἐπὶ
3185 1472 3342 1537 ξύλου
3377 1471 3618 1526 θάνατον
3650 1471 3797 1523 ἀνα-

2184 1571 2314 1631 τλὰς
2340 1612 2354 1634 ,
2386 1571 2486 1622 οὐκ
2540 1549 2606 1622 ἀν
2647 1570 2822 1620 νοοῖτο
2869 1567 2962 1618 καὶ
3018 1565 3164 1636 μάλα
3219 1564 3442 1628 εἰκότως
3474 1563 3798 1631 ἀσθενῆσαι

2185 1663 2308 1715 καθ’
2346 1662 2494 1731 ἡμᾶς
2515 1702 2529 1723 ,
2553 1659 2648 1712 καὶ
2674 1659 2774 1728 τῆς
2805 1658 2914 1710 τῶν
2950 1657 3326 1719 σταυροῦντων
3360 1655 3640 1727 ἡττῆσθαι
3670 1673 3793 1726 χειο

2189 1757 2301 1826 ρός;
2326 1755 2470 1824 Πρὸς
2495 1752 2645 1824 δὴτά
2673 1751 2850 1806 τοιάδε
2883 1751 3046 1820 φησὶν
3079 1752 3106 1803 ό
3141 1749 3427 1812 θεσπέσιος
3453 1749 3699 1812 Παῦλοςο
3729 1749 3793 1800 ΕΞ

499 1845 824 1909 respondet:
857 1839 914 1893 Si
953 1839 1236 1892 volueritis
1274 1841 1411 1907 apud
1441 1841 1652 1894 animos
1699 1850 1912 1892 vestros
1942 1839 2082 1891 serio

2189 1847 2294 1918 γὰρ
2321 1847 2385 1918 δὴ
2414 1844 2690 1916 βούλοισθε
2731 1843 3048 1914 δοκιμάζειν
3082 1842 3259 1912 ὀρθῶς
3281 1885 3294 1906 ,
3332 1842 3414 1904 τίς
3440 1842 3511 1894 ἂν
3546 1843 3668 1909 εἴη,
3695 1842 3793 1893 καὶ

500 1935 873 1998 considerare,
899 1934 1215 2001 quisnamet
1239 1934 1415 2001 qualis
1435 1933 1506 1986 sit
1527 1933 1618 2002 qui
1639 1934 1691 1986 in
1720 1948 1803 1986 me
1827 1932 2083 2001 loquitur,

497 2041 561 2080 ea
590 2027 777 2080 seduio
810 2033 1296 2095 reputantes,qu:e
1322 2026 1388 2078 ad
1414 2041 1512 2079 nos
1545 2035 1813 2094 spectant,
1837 2025 2083 2078 idoneam

500 2135 621 2171 mox
677 2119 800 2172 nodi
849 2118 1010 2186 hujus
1046 2117 1368 2171 solutionem
1417 2119 1720 2187 reperietis.
1773 2119 1890 2171 Non
1940 2117 2083 2171 enim

499 2213 749 2265 inﬁrmus
769 2211 875 2264 fuit
903 2213 954 2264 in
977 2212 1152 2274 nobis,
1191 2210 1349 2281 175
1378 2213 1471 2266 sed
1503 2227 1598 2280 per
1630 2211 1890 2279 Spiritum
1927 2225 2083 2263 suum

499 2313 906 2372 praepotentem,
961 2304 1217 2358 virtutem
1271 2304 1756 2372 ellicaeitatemque
1803 2309 2082 2375 ostendit;

501 2398 658 2450 talem
703 2397 984 2463 nimirum,
1009 2408 1066 2452 nt
1096 2400 1234 2452 citra
1265 2414 1480 2451 onmem
1517 2398 1892 2456 dillicultatem
1917 2419 2086 2473 quos-

499 2495 580 2547 vis
643 2493 969 2547 irruentium
1035 2491 1394 2545 tenta‘tionum
1453 2491 1684 2559 impetus
1741 2496 2082 2562 prepulsare,

498 2587 822 2654 cunctisque
867 2584 1224 2639 afﬂictionnm
1275 2583 1568 2638 insultibus
1630 2583 1879 2639 animose
1931 2587 2104 2641 obsi-'

498 2689 641 2733 stere
686 2677 865 2731 liceat.
894 2677 1034 2744 Quid
1069 2678 1242 2746 ergo?
1282 2678 1424 2732 dicet
1451 2677 1673 2746 aliquis,
1705 2693 1737 2733 ο
1767 2678 1956 2746 Paule,
2014 2697 2081 2734 an

498 2787 603 2824 non
664 2771 1004 2824 inﬁrmitatis
1049 2771 1308 2824 indicium
1357 2771 1458 2824 fuit
1512 2787 1732 2826 crucem
1773 2773 2085 2828 sustinere?

496 2863 646 2916 Itane
675 2879 806 2916 vero
834 2879 894 2918 ea
933 2879 1018 2917 res
1065 2865 1282 2918 virtutis
1313 2876 1694 2933 argumentum
1724 2867 1978 2921 exstitit?
2012 2883 2080 2921 an

497 2956 728 3009 divinae?
779 2955 997 3009 Minime
1048 2957 1312 3025 gentium,
1369 2957 1564 3026 inquit.
1629 2958 1882 3027 Agnosco
1935 2959 2079 3012 enim

498 3047 644 3101 illum
689 3062 857 3102 carne
896 3049 1226 3101 inﬁrmatam
1266 3063 1406 3114 esse,
1454 3065 1644 3105 rursus
1676 3061 1858 3106 autem
1899 3053 2078 3106 divina

495 3140 702 3194 virtute
733 3137 1032 3192 revixisse:
1072 3153 1194 3191 nam
1239 3140 1379 3194 Deus
1416 3151 1611 3195 natura
1658 3151 1799 3197 erat.
1845 3142 1955 3198 Cur
1986 3144 2082 3214 igi—

2193 1941 2355 2001 πόσος
2381 1941 2409 1992 ὁ
2444 1936 2624 1991 λαλῶν
2662 1939 2720 1989 ὲν
2749 1937 2873 2005 ἐμοὶ
2897 1975 2912 1999 ,
2941 1936 3009 1988 τὰ
3048 1936 3170 1988 καθ’
3211 1935 3351 2004 ὑμᾶς
3387 1934 3595 1996 αὐτοὺς
3633 1935 3793 1987 ἐννε-

2190 2031 2444 2102 νοηκότες
2471 2069 2484 2094 ,
2519 2028 2851 2099 ἀποχρῶσαν
2890 2028 3148 2098 εὑρήσετε
3192 2027 3293 2096 τὴν
3320 2025 3666 2094 κατάληψιν.
3712 2025 3791 2077 Οὐ

2191 2123 2299 2194 γὰρ
2321 2123 2622 2194 ἠσθένησεν
2666 2123 2724 2174 ὲν
2761 2122 2911 2190 ἡμῖν,
2943 2120 3187 2190 ἀπέφηνε
3214 2119 3270 2172 δὲ
3306 2118 3508 2189 μᾶλλον
3536 2117 3794 2170 δυνατώ-

2187 2232 2348 2270 τατον
2393 2225 2422 2264 (ι
2465 2215 2553 2268 διὰ
2605 2213 2700 2266 τοῦ
2745 2213 2874 2266 ἰδίου
2919 2212 3273 2281 Πνεύματος,
3318 2211 3458 2264 ὥστε
3515 2210 3796 2265 δύνασθαι

2189 2308 2391 2370 παντὸς
2415 2305 2893 2376 κατευμεγεθῆσαι
2925 2303 3231 2374 πειρασμοῦ
3257 2305 3350 2358 καὶ
3376 2303 3525 2374 μάλα
3557 2303 3795 2375 ῥᾳδίως,

2189 2402 2282 2454 καὶ
2312 2404 2430 2464 ταῖς
2458 2400 2567 2453 τῶν
2600 2399 2788 2452 παθῶν
2829 2398 3040 2466 ἐφόδοις
3070 2396 3453 2466 ἀντιφέρεσθαι
3490 2397 3796 2459 νεανικῶς.

2188 2494 2252 2546 Τί
2283 2490 2396 2560 οῦν,
2424 2486 2470 2546 ῶ
2503 2492 2714 2555 Παῦλε,
2747 2495 2881 2561 φαίη
2911 2509 2995 2554 τις
3021 2491 3109 2556 ἂν,
3162 2492 3261 2544 οὐκ
3293 2490 3584 2554 ἀσθενείας
3626 2491 3797 2563 ἔργῳ

2187 2587 2293 2659 φὴς
2320 2581 2460 2640 εἶναι
2500 2586 2560 2638 τὸ
2590 2587 2883 2655 ὑπομεῖναι
2925 2583 3179 2654 σταυρὸν,
3218 2583 3331 2636 ἀλλ’
3364 2581 3604 2647 ἔνδειξιν
3645 2579 3796 2634 εἶναι

2185 2679 2249 2732 τὸ
2277 2679 2465 2749 χρῆμα
2493 2677 2809 2747 δυνάμεως;
2834 2672 2901 2730 Ἀ
2917 2693 2984 2747 ρα
3022 2675 3122 2744 τῆς
3153 2674 3496 2746 θεοπρεποῦς
3520 2693 3537 2740 ;
3562 2676 3804 2745 Οὖμεν-

2184 2769 2300 2834 οῦν,
2337 2769 2528 2838 φησίν.
2560 2768 2842 2838 Ὀμολογῶ
2867 2769 2975 2836 γὰρ
3003 2769 3165 2820 αὐτὸν
3194 2767 3562 2838 ήσθενηκέναι
3597 2770 3797 2840 σαρκὶ,

2185 2861 2351 2931 ζῆσαι
2368 2847 2430 2914 δὲ
2458 2859 2622 2914 πάλιν
2647 2861 2712 2912 ὲκ
2732 2860 3016 2929 δυνάμεως
3040 2859 3198 2912 Θεοῦ*
3221 2859 3351 2922 Θεὸς
3369 2859 3481 2930 γὰρ
3503 2854 3574 2930 ἦν
3601 2860 3796 2928 φύσει.

2187 2956 2310 3017 Πῶς
2331 2950 2424 3007 οῦν
2447 2953 2714 3023 ἠσθένησε
2740 2969 2754 3017 ;
2779 2953 3149 3025 Συγχωρήσας
3176 2951 3255 3022 τῷ
3287 2952 3402 3022 ἰδίῳ
3432 2950 3667 3023 σώματι
3704 2954 3800 3006 καὶ

2186 3047 2419 3099 θανάτου
2443 3046 2744 3114 γεύσασθαι
2773 3045 2840 3098 δι’
2891 3047 3075 3115 ἡμᾶς,
3112 3063 3130 3096 ι
3184 3044 3271 3097 ἵνα
3295 3045 3383 3097 διὰ
3415 3045 3516 3098 τοῦ
3547 3045 3796 3122 θανάτου

2186 3140 2508 3210 καταργήσῃ
2538 3137 2631 3190 τόν
2662 3138 2721 3190 τὸ
2746 3138 2945 3209 κράτος
2979 3136 3169 3208 ἔχοντα
3201 3136 3294 3188 τοῦ
3321 3136 3561 3190 θανάτου
3583 3178 3599 3198 ,
3631 3155 3795 3190 τουτ-

503 3243 613 3297 tur,
641 3240 736 3285 aut
764 3231 1037 3301 quomodo
1066 3231 1374 3287 inﬁrmatus
1417 3234 1543 3287 est?
1585 3235 1864 3303 proprium
1909 3237 2078 3290 etiam

2187 3230 2301 3283 ἐστι
2339 3231 2430 3284 τὸν
2487 3229 2760 3294 διάϐολον,
2793 3230 2886 3282 καὶ
2918 3228 3202 3300 ἀπαλλάξῃ
3232 3227 3454 3291 τούτους
3489 3231 3613 3282 ὅσοι
3643 3231 3795 3299 φόϐῳ

495 3338 694 3394 corpus
718 3332 945 3377 mortem
973 3324 1142 3378 nostri
1173 3339 1335 3378 causa
1367 3324 1655 3394 degusmre
1687 3326 1898 3392 sineris,
1929 3348 1947 3380 ι
1973 3344 2082 3398 quo

499 3415 757 3470 nimirum
805 3428 903 3483 per
942 3427 1172 3471 mortem
1206 3417 1509 3474 destrueret
1567 3434 1691 3470 cum
1751 3419 1840 3488 qui
1887 3423 2082 3476 mortis

498 3509 731 3564 habebat
768 3510 1082 3581 imperium,
1122 3509 1227 3565 hoc
1257 3519 1342 3564 est
1375 3509 1689 3575 diabolum;
1734 3521 1788 3565 et
1823 3512 2083 3567 liberaret

495 3615 592 3656 eos
612 3602 703 3670 qui
735 3601 932 3656 timore
955 3601 1148 3656 mortis
1172 3615 1268 3670 per
1293 3611 1462 3654 totam
1489 3602 1654 3654 vitam
1674 3601 1896 3658 obnoxii
1923 3615 2081 3658 erant

495 3693 744 3747 servituti
759 3693 826 3748 δ’.
868 3711 887 3744 ι
925 3693 1058 3748 Cum
1088 3693 1255 3762 igitur
1289 3691 1502 3747 modica
1527 3694 1824 3748 secundum
1859 3710 2079 3750 carnem

497 3783 788 3838 inﬁrmitas
821 3784 907 3838 his
949 3783 1142 3838 salutis
1164 3798 1332 3838 causa
1372 3785 1648 3838 exstiterit
1672 3785 1763 3854 qui
1797 3785 1898 3839 sub
1942 3787 2084 3841 ccelo

495 3879 641 3936 sunt,
665 3873 937 3939 quomodo
965 3888 1070 3927 non
1115 3873 1316 3942 oppido
1349 3873 1574 3928 decebat
1624 3885 1823 3929 uteam
1856 3875 2081 3931 inﬁrmi-

496 3973 663 4017 tatem
729 3964 960 4028 subiret,
1005 3981 1114 4034 quo
1177 3975 1410 4020 mortem
1453 3967 1800 4022 destrueret?
1862 3972 2082 4037 proprio

495 4054 697 4124 templo
731 4055 929 4109 iterum
959 4057 1254 4122 viviﬁcato,
1289 4058 1546 4112 omnibus
1592 4059 1939 4114 admirationi
1976 4071 2078 4127 est,

499 4163 609 4204 non
643 4163 739 4217 per
770 4149 950 4204 carnis
984 4150 1381 4213 inﬁrmitatem,
1430 4152 1524 4204 sed
1571 4167 1668 4220 per
1703 4152 1958 4207 virtutem
1995 4155 2082 4205 di-

494 4242 675 4295 vinam
708 4242 810 4295 hoc
833 4251 1129 4310 przestans:
1159 4260 1176 4292 ι
1204 4241 1300 4296 Est
1325 4242 1468 4296 enim
1499 4243 1588 4296 ille
1612 4243 1786 4298 Patris
1818 4245 1985 4299 virtus
2010 4247 2080 4312 ⁸³,

495 4344 547 4388 et
579 4334 911 4388 resurrectio
969 4343 1025 4387 et
1079 4334 1272 4387 vita“.
1305 4353 1323 4384 ι
1377 4333 1522 4387 Vivit
1579 4335 1762 4404 itaque
1832 4352 2078 4406 semper;

495 4429 606 4480 vita
641 4441 873 4495 namque
920 4436 1022 4481 est.
1057 4425 1243 4495 Neque
1272 4429 1627 4482 dubitandum
1681 4441 1766 4484 est
1819 4433 1952 4501 quin
1983 4450 2080 4489 nos

497 4533 713 4586 quoque
743 4518 871 4579 olim
903 4520 1010 4572 vita
1053 4534 1176 4572 cum
1212 4518 1301 4571 illo
1332 4517 1547 4574 fruituri
1588 4521 1780 4585 simus,
1816 4525 1905 4592 qui
1940 4540 2081 4579 nime

2185 3323 2414 3376 θανάτου
2444 3323 2533 3375 διὰ
2562 3325 2764 3386 παντὸς
2789 3321 2885 3375 τοῦ
2923 3321 3025 3393 ζῇν
3059 3323 3232 3392 ἔνοχοι
3271 3317 3411 3392 ἦσαν
3439 3321 3730 3387 δουλείας.
3770 3343 3788 3374 ι

2186 3418 2315 3470 ’Ὀτε
2342 3416 2523 3468 τοίνυν
2563 3415 2622 3468 τὸ
2649 3414 2948 3485 ἀσθενῆσαι
2977 3415 3174 3486 βραχὺ,
3211 3415 3354 3468 κατά
3376 3431 3438 3482 γε
3472 3415 3579 3486 τήν
3610 3417 3797 3487 σάρκα

2184 3509 2365 3578 φημὶ,
2401 3508 2675 3578 σωτηρίας
2717 3502 2787 3578 ἦν
2834 3507 3108 3579 πρόφασις
3151 3509 3264 3568 τοῖς
3292 3507 3398 3558 ἀνά
3443 3508 3643 3559 πᾶσαν
3696 3510 3796 3579 τὴν

2184 3601 2278 3652 ὑπ’
2309 3601 2560 3668 οὐρανὸν,
2611 3599 2731 3662 πῶς
2772 3597 2873 3650 οὐκ
2920 3598 3027 3651 ἔδει
3069 3597 3279 3651 ’παθεῖν
3328 3599 3428 3669 τὴν
3463 3599 3791 3656 ἀσθένειαν.

2184 3692 2271 3744 ἴνα
2302 3692 2368 3744 δι’
2400 3692 2572 3761 αὐτῆς
2606 3693 2935 3765 καταργήσῃ
2981 3692 3073 3744 τὸν
3120 3690 3385 3755 θάνατον;
3415 3691 3793 3762 Θαυμάζεται

2184 3785 2345 3838 πάλιν
2370 3785 2461 3837 τὸν
2493 3783 2685 3836 ἑαυτοῦ
2714 3783 3060 3854 ζωοποιήσας
3083 3782 3209 3836 ναὸν
3231 3822 3245 3846 ,
3272 3782 3374 3835 οὐκ
3396 3783 3458 3847 ἐξ
3493 3784 3792 3846 ἀσθενείας

2182 3875 2340 3928 τοῦτο
2393 3873 2675 3944 κατορθῶν
2726 3874 3036 3944 σαρκικῆς,
3081 3873 3194 3925 ἀλλ’
3244 3872 3317 3933 ὡς
3368 3875 3432 3924 ἐκ
3486 3874 3790 3945 δυνάμεως

2183 3967 2341 4022 Θεοῦ·
2378 3987 2394 4017 ι
2413 3965 2569 4019 Ἔστι
2593 3966 2649 4018 δὲ
2678 3966 2838 4028 αὐτὸς
2868 3968 2900 4037 ή
2927 3965 3157 4036 δύναμις
3182 3965 3277 4018 τοῦ
3311 3966 3554 4035 Πατρὸς,
3583 3969 3624 4039 ή
3661 3969 3790 4022 ἀνά-

2186 4080 2374 4124 στασις
2399 4061 2546 4132 καὶὴ
2578 4061 2712 4131 ζωή.
2730 4081 2746 4112 ι
2783 4064 2861 4132 Ζῇ
2888 4060 3179 4130 τοιγαροῦν
3197 4059 3436 4132 ἀεί-ζωὴ
3469 4063 3584 4134 γάρ
3613 4065 3787 4117 ἐστιν.

2187 4157 2310 4209 Ὅτι
2337 4155 2393 4208 δὲ
2423 4155 2518 4207 καὶ
2557 4157 2716 4225 ἡμεῖς
2749 4155 2988 4224 ζήσομεν
3017 4155 3113 4207 σὺν
3149 4153 3298 4224 αύτῴ
3319 4194 3334 4217 ,
3368 4172 3432 4207 συ
3446 4156 3789 4230 ιησθενηκό-

2183 4265 2274 4310 τες
2301 4246 2450 4316 αύτῷ
2474 4287 2489 4310 ,
2524 4246 2666 4298 κατά
2696 4262 2758 4312 γε
2791 4244 2852 4296 τὸ
2883 4243 3250 4315 ἀποθνήσκειν
3281 4246 3416 4308 τέως
3436 4286 3452 4309 ,
3496 4248 3547 4299 εἰ
3591 4252 3696 4302 καὶ
3735 4252 3790 4301 ἐν

2185 4339 2398 4392 ἐλπίσιν
2428 4337 2593 4407 ἐσμὲν
2620 4339 2716 4407 τῆς
2741 4338 2821 4400 εἰς
2846 4337 3020 4389 αἰῶνα
3057 4337 3228 4408 ζωῆς,
3266 4338 3385 4402 πῶς
3417 4338 3571 4391 ἔστιν
3610 4345 3789 4412 ἀμφι-

2186 4432 2398 4496 6αλεῖν;
2445 4429 2670 4483 Ἀνεὸἱω
2699 4429 2806 4500 γὰρ
2835 4432 2899 4482 ἐκ
2929 4429 3138 4499 νεκρῶν
3163 4471 3179 4497 ,
3225 4429 3342 4493 ὁδὸς
3383 4432 3466 4494 είς
3505 4433 3668 4505 ζωὴν
3702 4454 3792 4504 γε..

2184 4523 2355 4593 γὀνὼς
2399 4525 2464 4593 τῇ
2515 4522 2696 4591 φύσει.
2749 4521 2980 4593 Εἴρηται
3027 4521 3136 4593 γὰρ
3185 4523 3539 4594 πρωτότοκος
3591 4529 3666 4581 ἐκ
3709 4547 3792 4582 νε-

497 4611 662 4664 simul
679 4625 798 4665 cum
819 4609 908 4663 illo
927 4611 1242 4665 inﬁrmitate
1258 4611 1529 4682 jactamur
1551 4624 1778 4668 mortem
1802 4615 2077 4684 obeundo,

2187 4615 2354 4686 κρῶν,
2394 4633 2412 4665 ι
2467 4615 2564 4667 καὶ
2600 4632 2618 4663 ‹
2647 4611 2870 4685 ἀπαρχὴ
2900 4613 3010 4666 τῶν
3039 4615 3481 4685 κεκοιμημένων.
3528 4636 3546 4666 ι

495 4705 743 4770 quamvis
789 4714 936 4758 certa
988 4716 1203 4760 arternae
1258 4721 1353 4775 spe
1413 4716 1800 4764 sustentemur.
1851 4710 2068 4768 Revixit
2107 4713 2250 4770 enim
2300 4726 2366 4765 ex
2457 4708 2710 4773 mortuis,
2769 4719 2976 4763 natura:
3036 4719 3237 4764 nostra:
3329 4710 3431 4765 iter
3488 4712 3560 4765 ad
3618 4717 3789 4770 vitam

496 4795 787 4849 muniens:
857 4799 1158 4864 appellatus
1229 4810 1315 4853 est
1382 4800 1526 4854 enim
1599 4823 1618 4853 ε
1672 4804 2072 4873 primogenitus
2109 4824 2178 4864 ex
2245 4805 2475 4858 mortuis
2496 4803 2564 4869 ⁸⁵,
2593 4822 2611 4855 ι
2651 4813 2706 4857 et
2747 4821 2766 4854 ι
2810 4804 3065 4873 primitiae
3096 4803 3483 4858 dormientium
3511 4806 3584 4860 “.
3613 4828 3635 4860 ι

567 4884 676 4939 LV.
714 4904 733 4936 ‹
767 4885 925 4941 Nunc
957 4888 1136 4942 anima
1187 4904 1304 4942 mea
1337 4891 1552 4944 turbata
1583 4900 1687 4944 est.
1726 4892 1788 4946 Et
1838 4895 1968 4963 quid
1999 4897 2081 4948 di-

495 4978 663 5033 cam?
697 4978 876 5044 Pater,
919 4980 1064 5032 salva
1113 4994 1198 5034 me
1231 4995 1295 5035 ex
1335 4982 1440 5036 hac
1483 4983 1638 5038 bora.
1697 4982 1808 5039 Sed
1859 4996 2080 5055 prepter

498 5070 600 5124 hoc
637 5071 758 5122 veni
800 5071 854 5124 in
897 5071 1084 5124 horam
1134 5077 1273 5126 hanc
1295 5073 1362 5127 ⁸⁷,
1403 5093 1420 5125 ι
1456 5105 1523 5114 -
1566 5094 1583 5126 ι
1617 5073 1806 5143 Pater,
1839 5079 2078 5133 clariﬁea

495 5159 691 5214 Filium
728 5170 877 5216 tuum
900 5162 966 5216 ⁸⁸.
1002 5181 1021 5215 ι
1076 5163 1142 5216 Et
1169 5165 1276 5219 alio
1308 5166 1426 5220 loco
1478 5183 1722 5223 rursum:
1765 5189 1782 5220 ι
1820 5170 1883 5224 Ει
1911 5172 2081 5238 οωνίι

498 5252 813 5307 contristari
865 5265 920 5309 et
969 5267 1197 5311 IlltBSltlS
1248 5272 1390 5326 esse,
1428 5269 1481 5313 et.
1531 5261 1704 5314 dixit:
1751 5262 1950 5318 Tristis
1998 5273 2081 5318 est

579 5406 617 5440 δι
651 5407 690 5460 ll
719 5408 847 5464 Cor.
883 5427 1002 5471 xm.
1031 5413 1086 5476 5,
1116 5413 1169 5466 4.

1246 5414 1290 5446 ⁸¹
1319 5415 1483 5471 llebr.
1520 5433 1557 5477 ι.
1590 5417 1676 5482 Η,
1712 5418 1800 5472 15.

503 5493 590 5543 εν,
619 5480 710 5534 20.

790 5482 834 5513 ⁸⁷
869 5480 1026 5540 Joan.
1070 5500 1165 5548 χιι,
1197 5485 1286 5538 27.
1368 5487 1412 5517 ⁸⁸
1438 5486 1594 5542 Joan.
1635 5480 1769 5552 χ’νιι,
1809 5492 1858 5542 l.

1883 5418 1972 5471 ⁴⁸³1
2007 5419 2131 5474 Cor.
2166 5434 2202 5481 ι,
2231 5420 2322 5472 21.

2253 4895 2382 4946 NE'.
2419 4911 2438 4944 ‹
2465 4892 2580 4945 Νῦν
2615 4893 2648 4963 ή
2677 4893 2822 4964 ψυχή
2853 4911 2955 4964 μου
2984 4893 3340 4964 τετάρακται.
3375 4897 3491 4950 Καὶ
3514 4899 3572 4950 τί
3600 4901 3790 4966 sint»;

2183 4987 2404 5056 Πάτερ,
2438 4986 2610 5038 σῶσόν
2658 5003 2726 5052 με
2770 4987 2835 5039 ὲκ
2887 4987 2986 5056 τῆς
3029 4985 3177 5057 ῶρας
3213 4989 3440 5058 ταύτης.
3492 4990 3674 5044 Ἀλλά
3705 4994 3794 5045 διὰ

2182 5077 2342 5130 τοῦτο
2364 5073 2527 5148 ἦλθον
2549 5079 2626 5140 εἰς
2644 5078 2742 5147 τήν
2761 5076 2843 5148 ὦρ
2854 5095 2917 5130 αν
2944 5080 3170 5149 ταύτην.
3185 5098 3307 5131 ι-ι
3321 5080 3530 5150 Πάτερ,
3551 5083 3790 5149 δόξασόν

2185 5190 2280 5226 σου
2309 5173 2398 5225 τὸν
2417 5172 2562 5225 Υἱόν.
2604 5190 2622 5223 ι
2659 5172 2770 5224 Καὶ
2793 5171 2978 5226 πάλιν·
3011 5190 3031 5223 ι
3063 5173 3304 5243 ’Ἠρξατο
3335 5174 3665 5243 λυπεῖσθαι,
3696 5181 3792 5234 καὶ

2183 5264 2494 5335 ἀδημονεῖν,
2535 5263 2630 5317 καὶ
2659 5263 2859 5332 λέγειν’
2890 5264 3201 5335 Περίλυπός
3238 5267 3388 5320 ἐστιν
3421 5269 3457 5338 ή
3486 5269 3653 5343 ψυχή
3689 5291 3792 5344 μου

2401 5418 2446 5450 ’⁸⁸
2477 5418 2630 5475 Joan.
2664 5435 2741 5488 χι,
2767 5420 2859 5474 25.
2939 5422 2981 5452 ⁸⁵
3015 5421 3228 5480 Coloss.
3273 5439 3312 5488 ι,
3351 5425 3435 5480 l8.

3525 5428 3573 5460 “
3613 5433 3633 5486 ι
3663 5435 3792 5491 Cor.

1617 5623 1789 5678 Variae
1822 5625 2084 5680 lectiones
2117 5625 2324 5682 codicis
2348 5625 2712 5686 Seguierlani.

570 5773 615 5804 ⁸³³
641 5766 794 5837 ἡμῖν.
868 5780 894 5807 ιι
921 5768 1187 5823 ἀδυνατεῖ.
1264 5777 1288 5803 ο
1323 5765 1764 5838 ἐπενηνεγμένοι.

1847 5779 1872 5818 P
1909 5767 2262 5838 ἀτιμότατον.

2346 5779 2370 5817 (ι
2401 5769 2832 5836 δυνατωτάτους,
2863 5769 2995 5850 [vel]
3041 5771 3441 5844 δυνατωτάτην.
