4000 6326
226 303 363 362 Ml?)

1043 301 1133 356 AD
1173 298 1474 355 REGINAS
1512 298 1602 354 DE
1642 298 1870 356 RECTA
1911 301 2068 356 ΗΒΕ
2103 304 2364 361 ORATIO
2403 307 2704 364 ALTERA.

3348 311 3490 371 MN

223 423 328 488 ἕως
373 423 632 478 θανάτου.
688 442 706 476 ι
744 423 856 478 Καὶ
901 423 1082 477 πάλιν·
1141 445 1157 474 ι
1203 424 1314 476 Καὶ
1344 424 1601 493 φωνήσας
1651 427 1803 495 φωνῇ

1915 427 2087 481 anima
2120 443 2238 483 mea
2269 446 2439 500 usque
2469 433 2535 486 ad
2573 445 2800 489 mortem
2819 435 2888 488 δ’.
2930 455 2946 487 ι
2983 436 3045 490 Et
3075 451 3326 491 rursum:
3365 457 3385 490 ι
3421 439 3488 493 Et

227 515 435 586 μεγάλῃ
483 518 512 568 6
571 515 820 586 Ἰησοῦς,
876 510 1032 568 εἷπε·
1087 517 1306 586 Πάτερ,
1368 517 1449 578 εἰς
1493 517 1679 586 χεῖράς
1713 534 1806 568 σου

226 607 566 679 παρατίθημι
591 618 614 646 τ
640 608 702 662 τὸ
726 608 946 680 πνεῦμά
975 626 1100 679 μου.
1134 628 1152 659 ι
1185 610 1250 660 Οἱ
1273 608 1376 678 τῆς
1426 609 1806 678 ’Λπολιναρίου

223 698 380 770 δόξης
427 699 732 771 ἡττώμενοι
791 703 885 754 καὶ
935 701 1005 753 τὰ
1066 699 1215 770 αὐτῷ
1267 699 1530 753 δοκοῦντα
1591 703 1808 772 φρονεῖν

227 789 534 861 ᾑρημένοι,
567 791 912 861 ὲνιστάμενοί
944 809 1004 844 τε
1048 793 1142 845 καὶ
1171 791 1424 860 λέγοντες
1445 831 1460 854 ,
1495 789 1701 860 ἄψυχόν
1747 808 1808 843 τε

227 885 320 938 καὶ
343 887 505 938 ἄνουν
536 884 804 955 ὑπάρχειν
843 885 933 938 τὸν
959 884 1232 938 ἐνωθέντα
1268 884 1348 953 τῷ
1386 883 1542 952 Λόγῳ
1569 883 1712 948 ναὸν,
1757 882 1809 936 τί

225 973 292 1042 δὴ
319 972 428 1045 ἄρα
472 978 627 1042 φαῖεν
658 975 744 1041 ἂν,
789 975 1145 1046 γεγραιρότων
1188 976 1320 1046 ἡμῖν
1359 975 1429 1029 τὰ
1478 974 1657 1028 τοιάδε
1701 973 1809 1026 τῶν

233 1067 406 1135 ἁγίων
432 1068 835 1136 εὐαγγελιστῶν
859 1085 921 1121 πε
932 1068 986 1141 ρὶ
1011 1068 1104 1120 τοῦ
1129 1068 1345 1122 πάντων
1370 1067 1528 1137 ἡμῶν
1559 1066 1810 1137 Σωτῆρος

229 1160 502 1230 Χριστοῦ;
531 1161 730 1224 Πτοίας
763 1161 862 1232 μὲν
894 1163 1004 1234 γὰρ
1026 1202 1040 1225 ,
1073 1163 1170 1214 καὶ
1209 1162 1418 1230 λύπης,
1461 1163 1558 1216 καὶ
1593 1162 1702 1216 τῶν
1730 1165 1810 1225 εἰς

229 1251 431 1305 δειλίαν
478 1253 821 1321 αἰτιαμάτων
855 1254 1208 1318 ἁνεπίδεκτος
1255 1255 1536 1316 παντελῶς
1587 1255 1672 1324 εἴη
1721 1253 1807 1318 ἂν,

230 1343 374 1396 κατὰ
397 1362 459 1413 γε
487 1344 547 1397 τὸ
574 1344 744 1409 εἰκὸς,
775 1347 807 1416 ἡ
841 1345 960 1398 θεία
993 1363 1054 1398 τε
1089 1351 1183 1400 καὶ
1211 1347 1470 1400 ἀνωτάτω
1506 1346 1599 1399 τοῦ
1634 1347 1809 1414 Λόγου

231 1435 411 1504 φύσις.
442 1437 846 1508 Παραιτήσεται
886 1437 996 1508 γὰρ
1024 1440 1100 1501 εἰς
1129 1437 1276 1492 ἅπαν
1314 1438 1375 1490 τὸ
1417 1438 1474 1490 ἔν
1511 1455 1574 1506 γε
1603 1437 1813 1501 τούτοις

231 1523 370 1581 εἶναι
399 1545 528 1580 ποτε
550 1568 566 1593 ,
591 1527 686 1580 καὶ
715 1528 906 1582 παθῶν
929 1529 1065 1592 ὅλως
1103 1529 1212 1582 τῶν
1262 1530 1384 1582 καθ’
1410 1531 1560 1600 ἡμᾶς
1587 1533 1688 1583 οὐκ
1721 1529 1812 1582 ἁν-

232 1620 428 1687 ἐξεται.
467 1619 636 1692 Σῶμα
667 1621 724 1674 δὲ
770 1621 937 1674 πάλιν
968 1620 1172 1691 ἄψυχόν
1209 1639 1269 1675 τε
1317 1622 1411 1674 καὶ
1433 1624 1592 1676 ἄνουν
1617 1621 1716 1675 οὐκ
1747 1621 1812 1675 ἂν

230 1715 528 1780 είσδὲξαιτο
559 1717 757 1786 λύπην,
790 1716 904 1770 ἀλλ’
937 1718 1044 1770 οὐδ’
1069 1717 1136 1770 ἂν
1162 1717 1434 1789 ἐννοήσειέ
1460 1735 1515 1770 τι
1543 1717 1651 1771 τῶν
1684 1736 1814 1770 σκυυ

231 1808 502 1878 θρωπῶν,
555 1807 587 1879 ἢ
639 1809 731 1861 τὸν
775 1810 842 1861 ὲκ
887 1809 998 1862 τῶν
1057 1809 1277 1864 ἔσεσθαι
1341 1811 1810 1882 προσδοκωμένων

231 1900 634 1970 προαναθρήσει
663 1899 847 1964 φόϐον.
882 1900 1053 1953 Πάθοι
1085 1901 1128 1952 δ’
1160 1900 1225 1954 ἂν
1255 1901 1325 1954 τὰ
1357 1903 1534 1956 τοιάδε
1575 1904 1719 1956 κατά
1746 1921 1809 1972 γε

231 1991 291 2043 τὸ
328 1993 514 2053 πᾶσιν,
547 1991 622 2054 ὥς
648 2009 710 2059 γε
751 1987 906 2062 οἶμαι
933 2032 946 2056 ,
978 1992 1186 2046 δοκοῦν.
1229 1994 1390 2065 Ψυχὴ
1419 1995 1611 2064 λογικὴ
1639 2013 1810 2050 κατα-

233 2083 573 2154 σκεπτομένη
603 2083 682 2154 τῷ
731 2083 802 2154 νῷ
842 2085 910 2136 τά
930 2101 989 2136 τε
1024 2085 1124 2154 ἤδη
1155 2086 1398 2156 παρόντα
1417 2124 1432 2148 ,
1463 2087 1558 2140 κα)⁸
1585 2087 1722 2158 πρός
1747 2105 1810 2156 γε

230 2175 440 2239 τούτοις
465 2176 535 2230 τὰ
575 2176 986 2248 συμϐησόμενα.
1025 2180 1149 2242 Πῶς
1177 2177 1270 2233 οὖν
1290 2181 1397 2251 ἄρα
1429 2182 1592 2251 φησιν
1619 2184 1647 2234 6
1683 2183 1813 2252 Ἐμ-

235 2268 496 2338 μανουήλ·
533 2287 552 2320 ι
585 2269 700 2322 Νῦν
747 2272 779 2341 ἡ
810 2269 954 2340 ψυχή
991 2288 1090 2340 μου
1135 2274 1509 2341 τετάρακταις
1553 2293 1570 2322 3
1599 2273 1716 2337 πῶς
1756 2275 1811 2327 δὲ

232 2361 324 2412 καὶ
347 2359 550 2431 ἤρξατο
575 2360 860 2415 λυπεῖσθαι
912 2364 1008 2415 καὶ
1050 2364 1384 2433 ἁδημονεῐν;
1437 2366 1468 2436 ἢ
1510 2366 1603 2419 καὶ
1655 2369 1809 2418 ποῖον

231 2452 366 2514 ὅλως
404 2454 484 2515 εἰς
529 2456 720 2524 χεῖρας
755 2452 850 2505 τοῦ
876 2454 1011 2507 Θεοῦ
1047 2456 1138 2508 καὶ
1169 2456 1383 2527 Πατρὸς
1407 2457 1676 2527 παρέθετο
1697 2457 1808 2532 ,[τὸΙ

234 2543 486 2614 πνεῦμα,
526 2547 574 2598 εἰ
604 2546 699 2598 καὶ
737 2547 836 2616 τῆς
871 2546 1126 2618 θεότητος
1151 2548 1212 2600 τὸ
1245 2549 1434 2618 χρῆμά
1479 2551 1626 2602 ἐστιν
1657 2551 1812 2603 ἀλλό-

231 2654 401 2706 τριον,
429 2639 522 2692 καὶ
550 2639 684 2710 μηδὲ
709 2640 878 2708 μόνης
900 2639 1110 2709 ἀψύχου
1137 2658 1201 2692 σα
1213 2643 1374 2711 ρκός;
1406 2641 1676 2712 Πρόδηλον
1696 2638 1808 2708 οὖν,

231 2729 313 2781 ὅτι
339 2729 560 2798 γέγονεν
605 2713 890 2801 ἄνθρωπος
915 2733 944 2784 6
977 2733 1290 2801 Μονογενὴς
1315 2773 1329 2794 ,
1377 2734 1477 2785 οὐκ
1506 2733 1713 2804 ἄψυχόν
1753 2751 1811 2786 τε

232 2821 325 2873 καὶ
377 2821 540 2874 ἄνουν
595 2821 754 2892 σῶμα
804 2821 1006 2885 λαϐὼν,
1055 2823 1450 2894 ἐμψυχωμένον
1505 2825 1562 2878 δὲ
1610 2824 1813 2896 μᾶλλον

230 2912 375 2983 ψυχῇ
420 2914 512 2965 καὶ
538 2913 766 2984 λογικῇ,
827 2913 919 2968 καὶ¹
951 2913 1172 2978 τελείως
1204 2915 1405 2985 ἐχούσῃ
1452 2914 1594 2968 κατά
1626 2932 1688 2983 γε
1721 2915 1814 2968 τὸν

231 3008 366 3076 αὐτῇ
398 3007 673 3076 πρέποντα
713 3007 890 3074 λόγον.
930 3008 1037 3060 Καὶ
1072 3007 1262 3078 ὥσπερ
1295 3009 1594 3061 οἰκειοῦται
1628 3009 1806 3063 πάντα

231 3099 300 3149 τὰ
324 3097 417 3149 τοῦ
449 3097 580 3150 ἰδίου
610 3097 884 3167 σώματος,
913 3098 1057 3152 οὕτω
1089 3098 1183 3152 καὶ
1212 3098 1280 3150 τὰ
1309 3099 1408 3170 τῆς
1434 3099 1630 3169 ψυχῆς.
1665 3099 1811 3153 Ἔδει
1839 3122 1882 3181 C

231 3189 340 3257 γὰρ
367 3189 532 3242 αὐτὸν
562 3189 650 3242 διὰ
682 3191 882 3254 παντὸς
911 3189 1140 3260 ὁρᾶσθαι
1187 3190 1513 3262 πράγματος
1546 3190 1811 3262 σαρκικοῦ

232 3282 326 3333 καὶ
354 3280 586 3351 ψυχικοῦ
620 3281 685 3334 δι’
716 3283 861 3352 ἡμᾶς
888 3292 909 3319 ³
942 3283 1228 3352 γεγονότος
1266 3285 1314 3338 ί.
1380 3283 1579 3354 Ἐσμὲν
1620 3282 1677 3335 δὲ
1718 3283 1812 3337 καὶ

230 3375 396 3443 ἡμεῖς
425 3375 489 3426 ὲκ
521 3373 698 3444 ψυχῆς
723 3375 949 3445 λογικῆς
986 3392 1044 3428 τε
1075 3375 1169 3429 καὶ
1209 3375 1478 3446 σώματος.
1515 3377 1724 3448 Ὥσπερ
1756 3377 1814 3430 δὲ

229 3467 590 3538 οἰκονομικῶς
635 3469 1027 3539 συγκεχώρηκε
1055 3471 1122 3540 τῇ
1159 3469 1264 3540 ἰδία
1301 3470 1468 3539 σαρκὶ
1495 3471 1590 3522 καὶ
1616 3469 1812 3522 παθεῖν

232 3560 344 3613 ἔσθ’
372 3560 461 3612 ὅτε
513 3560 580 3613 τὰ
613 3560 719 3614 ἴδια
745 3599 759 3622 ,
789 3561 933 3612 οὕτω
964 3559 1126 3614 πάλιν
1158 3561 1252 3614 καὶ
1296 3565 1360 3631 τῇ
1394 3561 1539 3630 ψυχῇ
1578 3560 1814 3630 συνεχώ-

235 3668 367 3721 ρησε
399 3651 468 3705 τὰ
493 3652 669 3704 οἰκεῖα
701 3650 910 3704 παθεῖν·
947 3651 1042 3705 καὶ
1070 3652 1130 3704 τὸ
1161 3651 1261 3721 τῆς
1302 3651 1584 3714 κενώσεως
1615 3652 1813 3722 μέτρον

229 3746 502 3815 τετήρηκε
527 3744 800 3816 πανταχοῦ
822 3783 838 3808 ,
877 3744 1055 3797 καίτοι
1081 3743 1212 3808 Θεὸς
1241 3743 1315 3798 ῶν
1337 3743 1496 3814 φύσει
1513 3784 1528 3809 ,
1553 3745 1648 3798 καὶ
1673 3743 1814 3815 ὑπὲρ

233 3837 416 3890 πᾶσαν
445 3837 544 3908 τὴν
588 3837 788 3891 κτίσιν.
824 3836 1189 3908 Παρατὶθεται
1222 3836 1279 3890 δὲ
1323 3837 1383 3890 τὸ
1433 3836 1564 3890 ἴδιον
1598 3835 1814 3906 πνεῦμα

232 3927 310 3998 τῷ
341 3928 462 4000 Θεῷ
507 3929 600 3983 καὶ
643 3929 854 4000 Πατρὶ,
885 3930 1136 3982 τουτέστι
1179 3929 1279 4001 τὴν
1333 3927 1626 3982 ὲνωθεῖσαν
1668 3927 1815 3998 αὐτῷ

231 4020 432 4092 ψυχὴν,
470 4021 557 4075 ἵνα
587 4024 734 4093 ἡμᾶς
766 4024 859 4076 καὶ
888 4023 975 4076 διὰ
1015 4022 1206 4075 τούτου
1250 4020 1412 4074 πάλιν
1453 4020 1809 4091 εύεργετήσῃ.

232 4112 408 4166 Πάλαι
439 4113 536 4183 μὲν
562 4117 672 4186 γὰρ
698 4116 1168 4185 ἁπαλλαττόμεναι
1189 4113 1297 4166 τῶν
1323 4111 1592 4183 σωμάτων
1617 4113 1674 4164 ἐν
1702 4114 1814 4174 τοῖς

234 4205 342 4258 ὑπὸ
363 4204 526 4276 χθόνα
558 4210 748 4276 μυχοῖς
773 4210 828 4261 αἱ
854 4208 960 4260 τῶν
995 4204 1298 4276 ἀνθρώπων
1328 4205 1498 4274 ψυχαὶ
1529 4204 1810 4274 κατεπέμ-

233 4310 428 4357 ποντο,
458 4294 760 4365 πληροῦσαι
800 4296 868 4348 τὰ
897 4293 991 4347 τοῦ
1035 4295 1268 4347 θανάτου
1298 4296 1542 4363 ταμιεῖα.
1596 4293 1813 4363 Ἐπειδὴ

233 4385 290 4438 δὲ
322 4386 554 4456 Χριστὸς
579 4387 640 4440 τὸ
666 4387 796 4439 ἴδιον
828 4387 1052 4458 Πνεῦμα
1083 4387 1356 4458 παρέθετο
1378 4386 1456 4458 τῷ
1478 4387 1686 4457 Πατρὶ,
1722 4387 1816 4440 καὶ

1911 517 2154 573 clamans
2196 535 2326 576 voce
2374 537 2564 591 magna
2616 523 2794 588 Jesus,
2835 525 2911 578 ait
2941 545 2956 581 :
2985 523 3168 591 Pater,
3208 528 3260 581 iu
3301 544 3491 582 tmmus

1920 615 2040 660 tuas
2063 611 2383 664 commendo
2413 613 2661 681 spiritum
2693 631 2868 669 meum
2887 617 2956 670 ⁸ο.
2989 635 3007 667 ι
3041 617 3141 683 Qui
3167 613 3488 686 Apolliuai-ii

1910 698 2221 766 Opinionem
2265 716 2586 773 sequuntur,
2642 707 2996 778 ejusdemque
3044 711 3329 765 sententia:
3357 709 3491 764 sub-

1913 793 2194 858 scribuut;
2223 795 2276 848 hi
2315 797 2567 865 templum
2624 799 2731 853 Deo
2765 800 2994 863 unitum,
3044 801 3284 854 iuanirue
3309 817 3371 854 ac
3407 817 3494 854 ra-

1916 883 2060 938 tione
2093 887 2415 940 destitutum
2465 887 2636 943 fuisse
2667 872 3036 945 contendunt:
3078 893 3171 945 sed
3225 894 3355 962 quid
3391 893 3498 960 illi,.

1912 977 2166 1039 obsecro,
2211 979 2538 1046 respondere
2568 993 2814 1050 possunt,
2842 998 2964 1038 cum
2996 995 3213 1038 sanctos
3259 1000 3486 1056 evange-

1914 1067 2066 1122 listas
2103 1068 2228 1123 talia
2271 1071 2336 1124 de
2377 1073 2619 1125 omnium
2672 1083 2918 1130 nostrum
2966 1075 3250 1128 Salvatore
3299 1076 3493 1131 litteris

1913 1159 2218 1226 prodidisse
2261 1161 2482 1228 legunt?
2505 1161 2637 1215 Nunt
2683 1164 2843 1234 176
2874 1165 3047 1234 cujus,
3073 1181 3283 1234 qua-so,
3323 1167 3494 1221 tristi-

1914 1249 2022 1313 tiae,
2080 1261 2173 1303 aut.
2244 1267 2432 1306 eorum
2488 1255 2734 1308 omnium
2808 1272 2927 1322 qua:
2987 1267 3189 1310 metum
3237 1269 3491 1327 arguunt,

1914 1357 2124 1396 summa
2161 1343 2247 1397 illa
2298 1345 2585 1414 divinaque
2624 1348 2780 1401 Verbi
2830 1358 3021 1402 natttra
3056 1351 3271 1404 t'audem
3321 1365 3490 1419 capax

1914 1445 2034 1485 esse
2055 1433 2263 1502 queat?
2291 1433 2458 1503 Major
2495 1445 2580 1488 cst
2628 1437 2794 1501 enim,
2824 1452 2985 1505 quam
3021 1454 3140 1507 qua:
3185 1441 3494 1496 istiusmodi

1916 1523 2077 1577 rebus
2117 1523 2221 1577 ulla
2266 1533 2418 1593 parte
2465 1526 2626 1592 allici,
2678 1537 2770 1580 aut
2819 1528 2941 1582 ullis
2974 1531 3196 1584 omnin
3245 1531 3496 1587 humanis

1916 1615 2420 1682 perturbationibus
2467 1620 2798 1672 commoveri
2862 1619 3057 1674 valeat.
3111 1622 3177 1676 At
3252 1638 3380 1676 vero
3439 1623 3494 1678 in

1917 1721 2114 1775 corpus
2139 1722 2440 1776 sensusque
2469 1711 2776 1779 mentisque
2811 1727 3025 1780 expers,
3062 1714 3294 1768 tristitia:
3345 1716 3496 1769 dolo-

1915 1799 2057 1853 risve
2091 1814 2288 1855 sensus
2322 1801 2520 1854 cadere
2546 1816 2648 1854 non
2703 1813 2880 1870 potest
2940 1821 2952 1857 :
2991 1805 3084 1858 sed
3121 1821 3294 1876 neque
3327 1808 3496 1861 mole-

1913 1892 2073 1947 stiam
2103 1892 2291 1957 ullam,
2327 1901 2419 1948 aut
2451 1894 2617 1947 ullum
2645 1895 2866 1949 omnino
2901 1910 3190 1950 maerorem
3216 1911 3281 1952 ex
3318 1899 3497 1954 immi-

1915 1985 2158 2040 nentium
2253 1986 2722 2040 incommodorum
2809 1988 3126 2056 provisione
3224 1991 3496 2060 concipiet

1913 2077 2240 2146 aliquando;
2293 2076 2559 2146 ejusmodi
2604 2089 2808 2142 autem,
2870 2079 2996 2133 dum
3040 2095 3160 2148 qu:e
3207 2084 3495 2150 prteseutia

1915 2179 2063 2234 sunt,
2094 2179 2148 2224 et
2175 2171 2354 2225 adhuc
2385 2171 2564 2226 futura
2604 2173 2916 2241 trahuntur,
2953 2183 3134 2229 mente
3173 2186 3496 2245 pertractat,

1914 2263 2094 2316 anima
2137 2263 2362 2317 rationis
2407 2272 2462 2318 et
2491 2264 2863 2333 intelligentiae
2907 2280 3130 2335 compos
3171 2269 3282 2337 pati
3320 2269 3491 2324 solet:

1916 2354 1966 2406 id
2000 2357 2141 2423 quod
2177 2370 2387 2419 omnes,
2421 2366 2478 2409 ut
2511 2367 2660 2424 puto,
2697 2358 2954 2412 fatentur.
2995 2359 3276 2426 Quomodo
3314 2362 3497 2432 itaque

1915 2446 2235 2500 Emmanuel
2271 2448 2379 2501 ait:
2415 2467 2432 2498 ι
2467 2446 2622 2500 Nune
2667 2451 2847 2502 anima
2883 2465 2997 2504 mea
3039 2454 3252 2506 turbata
3311 2454 3434 2507 est?
3470 2473 3489 2506 ι

1914 2528 2186 2608 quomodo
2218 2542 2356 2595 idem
2395 2544 2594 2595 undere
2637 2558 2701 2597 ac
2764 2553 2993 2598 utmstus
3037 2559 3158 2598 esse
3190 2545 3373 2614 erepit,
3404 2555 3498 2598 aut

1913 2630 2124 2698 qualem
2158 2631 2375 2684 tandem
2408 2631 2659 2700 spiritum
2697 2632 2750 2686 iu
2791 2650 2982 2687 manus
3010 2634 3186 2690 Patris
3216 2650 3497 2689 commen-

1915 2721 2082 2785 davit,
2114 2721 2156 2774 si
2196 2723 2294 2775 hoc
2331 2732 2384 2774 et
2414 2738 2444 2776 a
2469 2724 2752 2778 divinitate
2781 2741 3006 2793 prorsus
3033 2727 3268 2780 alienum
3306 2738 3410 2789 est,
3441 2735 3498 2779 et

1915 2829 1944 2865 a
1976 2829 2141 2868 carne
2166 2814 2279 2868 sola
2340 2815 2580 2870 inanima
2603 2818 2626 2868 ?
2648 2815 3001 2886 Perspicuum
3059 2830 3142 2873 est
3175 2835 3322 2888 ergo,
3358 2817 3496 2873 Uni-

1915 2903 2153 2970 genitum
2177 2918 2409 2974 corpore
2437 2919 2738 2974 assumpto,
2758 2923 2861 2960 non
2895 2909 3110 2977 quidem
3136 2909 3224 2960 illo
3249 2910 3496 2973 inanimi,

1915 3005 2010 3047 aut
2055 3007 2240 3050 mente
2295 2998 2578 3061 destituto,
2629 3001 2722 3052 sed
2771 3002 2948 3054 anima
2998 3002 3208 3055 ratione
3248 3001 3493 3071 pra-dita,

1916 3088 2216 3158 eademque
2252 3091 2518 3157 perfecta,
2568 3093 2672 3146 hoe
2719 3103 2824 3158 est,
2860 3097 3042 3147 omnia
3092 3111 3210 3163 qua:
3256 3097 3319 3148 ad
3355 3095 3497 3150 illius

1917 3179 2182 3233 rationem
2209 3182 2506 3249 pertinent,
2541 3185 2755 3250 sortita,
2792 3186 3066 3241 vivilicato
3091 3199 3147 3241 et
3182 3187 3492 3254 informata,

1917 3264 2191 3322 hominem
2231 3268 2432 3323 factum
2478 3287 2618 3326 esse.
2677 3273 2744 3328 Et
2807 3277 3258 3344 quemadmodum
3310 3269 3504 3333 omnial

1914 3374 2033 3429 quae
2078 3361 2158 3416 sui
2190 3364 2432 3432 corporis
2459 3375 2582 3418 sunt
2623 3367 2726 3420 sibi
2780 3369 3025 3433 ascribit,
3065 3371 3136 3422 ita
3181 3380 3238 3423 et
3278 3385 3338 3424 ea
3375 3364 3504 3440 quae

1915 3453 1982 3506 ad
2009 3453 2244 3508 animam
2273 3464 2542 3522 spectant.
2591 3457 2823 3512 Necesse
2865 3461 3007 3513 enim
3067 3461 3165 3514 l‘uit
3198 3472 3254 3516 ut
3289 3463 3340 3516 iu
3377 3479 3496 3519 om-

1916 3543 2100 3607 uibus,
2135 3546 2251 3598 sive
2287 3561 2349 3598 ea
2387 3546 2452 3598 ad
2482 3547 2740 3610 animum,
2776 3548 2890 3601 sive
2924 3549 2990 3601 ad
3021 3565 3216 3618 corpus
3253 3554 3494 3620 pertine-

1915 3645 2059 3701 rent,
2099 3637 2255 3690 uobis
2284 3637 2700 3691 assimilaretur.
2731 3638 3060 3695 Constamus
3094 3651 3276 3697 autem
3305 3653 3355 3698 et
3397 3627 3504 3698 ιιοεξ

1914 3740 1978 3780 ex
2015 3727 2195 3781 anima
2224 3729 2470 3783 rationali
2505 3739 2560 3784 et
2590 3746 2836 3800 corpore.
2877 3733 3242 3800 Quamobrem
3272 3745 3330 3790 ut
3353 3752 3494 3791 non-

1914 3832 2187 3887 nunquam
2217 3822 2447 3890 pr0prite
2481 3823 2630 3876 carni
2665 3839 2728 3877 ea
2760 3825 2876 3892 pati
2941 3825 3338 3891 dispensatorie
3366 3841 3494 3897 per-

1914 3912 2161 3966 mittebat
2227 3927 2346 3982 qua:
2397 3915 2576 3969 carnis
2631 3925 2759 3970 sunt
2815 3917 3074 3986 propria,
3131 3917 3213 3973 ita
3255 3921 3492 3974 animam

1914 4018 2011 4057 sua
2035 4020 2250 4074 quoque
2275 4007 2382 4074 pati
2412 4007 2681 4076 permisit.
2711 4009 2954 4080 Denique
2981 4009 3104 4064 licet
3132 4021 3326 4066 natura
3353 4013 3495 4068 Deus

1913 4107 2078 4161 esset,
2101 4099 2359 4169 omnique
2383 4111 2634 4154 creatura
2653 4101 2921 4170 superior,
2951 4118 3071 4172 quae
3101 4111 3279 4158 tamen
3303 4106 3494 4159 exina-

1915 4190 2140 4242 nitiouis
2193 4201 2370 4256 erant,
2429 4207 2491 4246 ea
2547 4208 2765 4262 semper
2831 4205 3090 4250 accurate
3159 4197 3491 4252 observavit.

1916 4280 2085 4336 Porro
2128 4292 2308 4334 autem
2353 4283 2602 4351 spiritum
2639 4301 2819 4356 suum,
2851 4287 2951 4342 hoc
2975 4297 3078 4354 est,
3121 4289 3358 4344 animam
3390 4291 3493 4346 sibi

1915 4376 2148 4441 unitam,
2186 4374 2296 4429 Dee
2323 4390 2377 4429 et
2411 4374 2559 4429 Patri
2599 4380 2966 4443 commendat,
3000 4389 3059 4433 ut
3083 4395 3222 4434 novo
3277 4396 3494 4436 rursum

232 4477 438 4550 ταύτην
481 4479 613 4548 ἡμῖν
660 4477 962 4531 ὲνεκαίνισε
1007 4480 1106 4547 τὴν
1151 4478 1286 4532 ὀδόν.
1328 4476 1664 4548 Βαδιούμεθα
1707 4476 1812 4547 γὰρ

1921 4465 2184 4521 beuclicio
2229 4483 2324 4536 per
2362 4469 2463 4522 hoc
2511 4483 2609 4523 nos
2646 4469 2904 4523 cumulet.
2941 4470 3222 4537 Quondam
3261 4487 3496 4542 namque

231 4571 334 4623 οὐκ
363 4571 441 4634 είς
481 4569 610 4641 ᾇδου
643 4569 838 4635 ποθὲν,
871 4569 1114 4640 ἑψόμεθα
1159 4568 1218 4620 δὲ
1267 4567 1488 4638 μᾶλλοψ
1534 4567 1632 4620 καὶ
1670 4567 1811 4619 κατὰ

230 4663 391 4715 τοῦτο
428 4661 577 4734 αὐτῷ
603 4663 684 4734 τῷ
727 4662 906 4733 πιστῷ
935 4663 1133 4734 κτίστῃ
1152 4661 1249 4725 τὰς
1271 4661 1482 4714 ἑαυτῶν
1516 4659 1814 4730 παρατιθέ-

236 4773 388 4825 μενοι
416 4755 593 4826 ψυχὰς
613 4796 629 4821 ,
657 4757 714 4809 ὲν
740 4754 954 4808 ἐλπίσιν
983 4754 1151 4823 ἐσμὲν
1195 4752 1454 4818 ἀναθαῖς⁶
1499 4753 1684 4822 ἐγερεῖ
1711 4753 1817 4822 γὰρ

234 4846 480 4911 ἅπαντας
507 4851 535 4902 ὁ
561 4847 814 4910 Χριστός.

1926 4560 2177 4614 humanae
2203 4560 2396 4612 anima:
2441 4560 2762 4629 corporibus
2789 4572 2966 4615 exutae
3000 4561 3066 4616 ad
3112 4563 3495 4620 subterraneos

1925 4665 2174 4704 carceres
2226 4649 2668 4715 demittebantur,
2722 4652 2934 4718 mortis,
2977 4653 3320 4722 receptacula
3388 4655 3498 4711 illic

1916 4743 2254 4809 impletum:
2289 4751 2344 4794 at
2396 4757 2522 4795 vero
2559 4755 2910 4811 p05teaquam
2959 4741 3210 4798 Christus
3246 4746 3497 4816 spiritum

1916 4848 2072 4886 suum
2107 4834 2159 4886 iu
2225 4849 2419 4888 manus
2465 4833 2645 4888 Patris
2686 4836 3106 4900 commendavit,
3150 4837 3314 4892 etiam
3359 4838 3500 4893 hanc

1918 4927 2060 4979 viam
2095 4926 2252 4980 nobis
2283 4928 2602 4982 demutavit.
2623 4926 2732 4982 Nec
2761 4928 2906 4982 enim
2944 4945 3086 4984 nunc
3120 4931 3500 4988 descendimus

239 5027 308 5080 ad
347 5025 567 5086 inferos.
603 5025 695 5080 sed
725 5025 918 5080 ducem
953 5033 1198 5079 nostrum
1228 5037 1368 5092 pone
1415 5021 1821 5091 suhsequimur,
1865 5018 2170 5086 animisque
2189 5019 2663 5073 nostrisilliveluti
2689 5019 2797 5074 ﬁdo
2854 5020 3126 5076 conditori
3167 5023 3496 5089 commissis,

239 5118 506 5183 tzmtisper
529 5117 664 5170 bona
698 5129 792 5184 spe
818 5115 1054 5169 vivimus
1084 5115 1260 5182 quoad
1284 5113 1536 5168 Christus
1568 5113 1852 5167 universos
1893 5109 2114 5164 tandem
2148 5110 2214 5163 ad
2245 5112 2410 5163 vitam
2438 5112 2738 5166 revocabit.

308 5209 451 5274 Νςν.
500 5226 516 5256 ι
549 5205 746 5271 Καθὼς
770 5205 1054 5260 ἀπέστειλέ
1091 5223 1158 5276 με
1205 5199 1233 5257 6
1261 5204 1369 5269 ζῶν
1401 5205 1610 5274 Πατὴρ,
1655 5202 1813 5271 κάγὼ

233 5299 312 5362 ζῶ
341 5298 426 5351 διὰ
460 5299 551 5351 τὸν
584 5297 836 5369 Πατέραο
868 5299 962 5352 καὶ⁸
997 5299 1026 5352 6
1053 5297 1282 5369 τρώγων
1314 5314 1404 5367 με,
1435 5297 1681 5358 κάκεῖνος
1711 5296 1811 5366 ξή-

235 5405 318 5442 σει
347 5401 374 5429 ιι
420 5388 486 5442 δι’
519 5389 638 5458 ἐμέ.
666 5409 684 5442 ι
743 5389 946 5454 Ἡδέως
996 5389 1063 5444 ἂν
1113 5389 1396 5460 ἐπυθόμην
1437 5389 1544 5443 τῶν
1591 5390 1672 5452 είς
1721 5387 1814 5442 δύο

332 5529 353 5560 ⁹
377 5525 568 5582 lllatth.
601 5543 752 5594 xxvi,
781 5526 874 5584 27.
950 5528 997 5560 '°
1032 5527 1164 5584 Luc.
1193 5543 1377 5593 xxuu,
1408 5527 1499 5584 46.

1998 5198 2133 5253 LVI.
2169 5217 2188 5250 ι
2229 5200 2379 5255 Sicut
2407 5203 2555 5258 misit
2583 5219 2671 5256 me
2707 5204 2892 5258 vivens
2921 5201 3104 5268 Pater,
3131 5213 3186 5258 et
3208 5219 3306 5276 ego
3338 5205 3497 5275 177

1921 5295 2046 5348 vivo
2070 5303 2292 5364 propter
2321 5292 2537 5346 Patrem
2575 5312 2588 5348 :
2622 5305 2677 5348 et
2711 5296 2801 5364 qui
2827 5297 3122 5350 manducet
3151 5312 3262 5361 me,
3297 5307 3354 5352 et
3381 5297 3499 5366 ipse

1921 5387 2068 5442 vivet
2108 5396 2328 5459 propter
2365 5401 2452 5442 me
2479 5387 2548 5440 δ’.
2589 5405 2606 5438 ι
2641 5385 2898 5444 Libenter
2949 5388 3036 5446 hic
3067 5403 3162 5446 eos
3193 5389 3497 5460 interroga-

1577 5527 1622 5559 “
1649 5526 1808 5583 Joan.
1834 5541 1910 5591 vt,
1935 5529 1986 5583 5.

1348 5644 1520 5699 Varia:
1555 5645 1820 5701 lectiones
1855 5645 2061 5700 codicis
2095 5645 2456 5716 Seguterxaui.

314 5771 336 5802 '
361 5765 749 5835 παρατίθεμαι.
834 5773 854 5801 ⁵
896 5765 1011 5820 καθ’
1040 5767 1206 5836 ἡμᾶς,
1291 5768 1306 5804 ι
1338 5765 1618 5833 γεγονότα.

1699 5773 1724 5800 υ
1762 5765 2000 5838 ζήσεται.
