4000 6326
566 309 709 366 H15

1561 306 1618 360 S.
1660 302 1937 360 CYRILLI
1979 302 2446 373 ALEXANDIHNI
2486 302 2809 359 AllClllEP.

3686 296 3805 355 HW

564 444 703 490 rem,
732 442 823 496 qut
872 442 1035 481 unttm
1081 426 1363 481 Christum
1407 424 1465 479 in
1502 424 1638 478 tlthS
1691 424 1959 486 dividunt,
1993 432 2129 476 utcr«

2250 422 2517 494 Χριστοὺς
2561 423 2907 494 διοριζόντων
2940 422 3029 474 τὸν
3060 422 3156 475 ἕνα
3180 438 3192 451 ο
3231 419 3327 483 Τίς
3375 420 3439 488 δὴ
3475 419 3587 488 ἄρα
3620 418 3759 469 ἐστὶν
3784 418 3812 467 6

564 538 687 575 nam
713 521 800 574 ille
830 519 1008 589 sitqui
1040 534 1067 572 a
1096 520 1205 573 Deo
1222 518 1384 572 Patre
1418 517 1638 580 missus,
1664 527 1884 584 propter
1921 514 2138 568 Patrem

561 605 715 669 vivit,
748 615 802 659 et
828 605 897 659 ob
927 606 978 659 id
1009 605 1257 659 viviticus
1280 602 1542 658 exsiStit?
1590 601 1725 655 Nam
1763 603 1807 656 si
1842 601 1985 656 illius
2014 600 2143 655 Ver-

562 700 688 753 bum
726 699 924 751 nudum
956 712 1052 767 per
1078 712 1136 751 se
1163 697 1399 762 positum
1423 711 1546 751 csse
1583 696 1793 761 dicunt,
1845 694 2140 763 quomodo,

562 805 765 857 quaeso,
797 789 925 843 illud
954 804 983 843 a
1011 790 1185 855 nobis,
1221 798 1279 842 ut
1310 789 1557 841 vivamus
1596 802 1690 856 per
1732 787 1886 852 illud,
1919 786 2142 840 mandu-

558 883 760 937 catur?
794 882 927 936 Nam
951 882 1208 937 divinitas
1236 890 1429 949 suapte.
1461 889 1651 933 natura
1674 894 1902 948 corpore
1927 879 2140 947 penitus

561 983 740 1027 vacat.
784 973 840 1027 Si
885 984 1066 1027 autem
1120 971 1396 1025 hominem
1434 981 1641 1024 tantum
1669 986 1766 1040 per
1796 985 1855 1025 se
1889 983 2136 1025 seorsum

557 1070 907 1131 conceptum,
961 1062 1189 1114 missum
1236 1069 1594 1123 asseverant,
1640 1058 1911 1127 quomodo
1962 1060 2139 1112 viviti-

557 1154 713 1207 candi
747 1154 854 1206 vim
904 1166 973 1207 ex
1023 1168 1088 1204 co
1131 1152 1315 1218 habet,
1356 1151 1481 1221 quia
1517 1152 1681 1205 vitam
1712 1165 1775 1205 ex
1806 1150 1967 1206 Patre
1998 1151 2138 1205 obti-

560 1244 700 1298 net?
747 1243 945 1299 Annon
1007 1259 1200 1298 omnes
1238 1253 1505 1312 quotquot
1558 1245 1609 1297 in
1656 1244 1818 1299 terris
1870 1244 2134 1312 degimns,

559 1332 668 1388 Deo
704 1342 760 1387 et
810 1333 974 1388 Patre
1022 1349 1121 1387 nos
1168 1335 1505 1398 viviticante,
1543 1335 1709 1388 vitam
1743 1334 1998 1405 agimus?
2023 1334 2136 1388 Anu

556 1436 665 1473 non
718 1439 736 1471 ι
779 1431 834 1474 tn
872 1420 991 1490 ipso
1029 1421 1282 1484 vivimus,
1332 1436 1617 1475 movemur
1654 1432 1708 1476 et
1750 1436 1939 1477 sumus
1966 1421 2057 1475 "2
2104 1441 2123 1475 ι

553 1512 691 1565 Cum
741 1528 871 1583 ergo
912 1528 1103 1567 omnes
1144 1528 1241 1582 per
1279 1514 1499 1568 Patrem
1556 1514 1823 1581 vivamus,
1865 1516 2136 1585 quomodo

557 1605 717 1657 unius
761 1613 971 1658 tantum
1037 1604 1274 1657 hominis
1319 1620 1517 1672 corpus
1559 1620 1620 1660 ea
1664 1606 1732 1659 de
1765 1620 1927 1659 causa
1962 1606 2136 1660 viviti-

553 1707 675 1745 cum
701 1693 1075 1761 prmdicatur?
1108 1694 1220 1751 Cur
1243 1701 1431 1747 nostra
1478 1710 1693 1763 quoque
1740 1710 1967 1763 corpora
1996 1710 2134 1749 eam-

2245 516 2657 586 ἀπεσταλμένος
2700 514 2852 585 παρὰ
2882 514 2975 567 τοῦ
3017 513 3151 567 Θεοῦ
3189 513 3282 566 καὶ
3315 511 3551 582 Πατρός,
3588 510 3683 563 καὶ
3716 510 3812 572 ζὼν

2242 607 2309 660 δι’
2334 608 2515 671 αὐτὸν,
2549 608 2811 678 ὑπάρχων
2853 624 2913 660 τε
2957 606 3048 660 διὰ
3092 606 3254 659 τοῦτο
3298 604 3598 671 ζωοποιός;
3632 604 3695 656 Εἰ
3729 604 3815 673 μὲν

2242 696 2335 752 οὖν
2374 699 2578 770 γυμνὸς
2606 700 2702 753 καὶ
2744 698 2869 752 καθ’
2897 698 3091 752 ἑαυτὸν
3117 701 3146 752 6
3187 699 3245 764 ἐξ
3284 697 3449 751 αὐτοῦ
3481 698 3682 764 Λόγος,
3714 695 3816 757 πῶς

2244 786 2482 840 ἐσθίεται
2524 788 2661 857 πρὸς
2710 787 2890 858 ἡμῶν,
2940 788 3027 841 ἵνα
3061 786 3315 857 ζήσωμεν
3342 786 3407 839 δι’
3445 786 3650 848 αὐτόν;
3684 782 3817 837 ἀσώ-

2244 896 2414 950 ματον
2447 878 2555 949 γὰρ
2582 882 2649 951 τῇ
2681 880 2840 948 φύσει
2872 880 2935 933 τὸ
2962 880 3134 934 Θεῑον.
3167 881 3231 932 ΕΞ
3268 879 3324 931 δὲ
3360 880 3522 949 μόνον
3565 879 3665 930 καὶ
3706 878 3815 929 καθ’

2239 972 2430 1025 ἑαυτὸν
2471 972 2757 1044 ἄνθρωπον
2786 967 2925 1025 εἶναί
2954 990 3086 1041 φασι
3114 974 3205 1026 τὸν
3235 971 3676 1041 ἀπεσταλμένον,
3710 971 3817 1031 πῶς

2238 1064 2346 1136 ἄρα
2383 1065 2498 1117 ἐστὶ
2538 1064 2818 1129 ζωοποιδς,
2849 1066 2931 1118 ὅτι
2977 1064 3042 1133 ζῇ
3088 1064 3175 1118 διὰ
3205 1064 3295 1118 τὸν
3334 1064 3597 1132 Πατέρα;
3634 1062 3818 1116 Καίτοι

2239 1156 2357 1220 πῶς
2395 1157 2493 1227 οὐχ
2532 1158 2769 1221 ἅπαντες
2812 1159 2861 1210 οἱ
2899 1159 2993 1210 ἐπὶ
3040 1157 3140 1227 τῆς
3176 1156 3279 1225 γῆς
3323 1156 3381 1208 ἐν
3414 1154 3585 1219 ζῶσίν
3639 1156 3817 1219 ἐσμεν,

2238 1245 2626 1310 ζωοποιοῦντος
2673 1247 2767 1299 τοῦ
2821 1246 2957 1300 Θεοῦ
3012 1247 3107 1300 γαὶ
3158 1245 3371 1315 Πατρὺς
3416 1246 3609 1313 ἡμᾶς.
3672 1241 3819 1311 ἒῖπερ

2239 1336 2391 1389 ἐστὶν
2420 1336 2620 1407 ἀληθὲς
2640 1374 2654 1399 ,
2687 1337 2770 1389 ὅτι
2806 1354 2825 1388 ι
2855 1335 3045 1405 Ζῶμεν
3074 1338 3132 1388 ἐν
3160 1333 3329 1402 αὐτῷ,
3371 1334 3465 1386 καὶ
3498 1330 3817 1401 κινούμεθα.

2239 1431 2330 1485 καὶ
2368 1430 2567 1501 ἐσμέν;
2601 1448 2619 1480 ι
2671 1430 2799 1482 Ὀτε
2849 1428 3028 1481 τοίνυν
3078 1426 3261 1497 ζῶμεν
3308 1425 3552 1488 ᾶπαντες
3600 1424 3697 1477 διὰ
3740 1423 3820 1473 τὸν

2238 1520 2477 1590 Πατέρα,
2510 1520 2625 1583 πῶς
2657 1519 2722 1590 δὴ
2761 1519 2920 1589 μόνον
2954 1517 3014 1570 τὸ
3063 1517 3181 1579 ἐνὸς
3224 1514 3518 1587 ἀνθρώπου
3558 1512 3727 1581 σῶμα
3768 1512 3821 1561 τὴ

2237 1615 2424 1666 ποιοῦν
2459 1615 2574 1666 ἐστι
2606 1612 2786 1676 τοῦτο,
2813 1612 2909 1663 καὶ
2936 1609 3058 1680 οὐχὶ
3102 1608 3303 1678 μᾶλλον
3340 1607 3438 1678 τὴν
3474 1606 3655 1676 αὐτὴν
3684 1606 3820 1672 ἐνέρ-

2236 1724 2390 1774 γειαν
2436 1706 2550 1776 ἔχει
2588 1706 2685 1759 καὶ
2716 1705 2785 1758 τὰ
2814 1705 3041 1775 ἑτέρων,
3075 1702 3233 1772 εἰπερ
3266 1700 3530 1763 ἅπαντες,
3560 1698 3641 1761 ὡς
3672 1697 3818 1765 ἔφην.

555 1786 675 1839 dem
726 1795 1053 1854 potestatem
1119 1786 1310 1853 adepta
1366 1786 1591 1840 minime
1634 1798 1802 1848 sunt,
1866 1787 2129 1856 siquidem

2237 1798 2406 1867 ἐσμέν
2437 1814 2495 1849 τε
2545 1798 2641 1849 καὶ
2671 1795 2856 1866 ζῶμεν
2885 1794 2975 1847 διὰ
3015 1793 3108 1847 τὸν
3154 1792 3410 1862 Πατέρα;
3443 1791 3516 1843 Τί
3550 1786 3652 1843 οὖν
3698 1790 3819 1857 πρὶς

550 1890 760 1939 omnes,
812 1887 870 1927 ut
911 1875 1049 1937 dixi,
1108 1892 1204 1945 per
1257 1875 1472 1929 Patrem
1527 1876 1762 1931 vivimus
1806 1885 1861 1931 et
1906 1878 2132 1932 sumus?

554 1966 759 2035 Ecquid
801 1982 933 2037 ergo
978 1970 1046 2021 ad
1096 1972 1209 2021 haec
1241 1968 1522 2022 dicemus?
1565 1968 1658 2023 Dei
1714 1968 1977 2034 Verbum,
2008 1985 2130 2024 cum

551 2061 605 2113 in
645 2062 877 2113 humana
934 2060 1107 2115 forma
1149 2063 1439 2129 apparuit,»
1470 2061 1748 2130 apostolus
1777 2060 1898 2129 fuit,
1922 2062 2025 2116 hoc
2050 2070 2135 2116 est

552 2150 770 2204 missus.
801 2168 820 2199 ι
856 2150 1079 2205 Missum
1114 2162 1199 2206 est
1233 2153 1376 2205 enim
1411 2152 1481 2206 ad
1522 2153 1923 2221 praedicandum
1948 2155 2127 2222 capti-

550 2242 631 2294 vis
684 2241 1089 2305 remissionem,
1140 2252 1195 2297 et
1223 2244 1383 2298 caecis
1423 2244 1598 2298 visum
1626 2243 1692 2296 ⁸³.
1727 2261 1747 2295 ι
1782 2243 1923 2298 Vivit
1948 2254 2130 2297 autem

550 2342 772 2402 prepter
801 2334 1041 2400 Patrem,
1077 2336 1203 2405 quia
1230 2350 1298 2389 ex
1329 2335 1545 2390 vivente
1565 2333 1729 2389 Patre
1758 2334 2000 2405 genitum
2022 2347 2129 2389 est.

550 2423 802 2493 Oportnit
832 2426 979 2480 enim
1023 2426 1204 2481 modis
1234 2428 1488 2481 omnibus
1525 2441 1650 2481 eum
1689 2427 1853 2480 vitam
1887 2441 2007 2481 esse
2039 2442 2129 2482 se-

547 2514 783 2566 cundum
811 2524 1083 2581 naturam,
1122 2517 1212 2586 qui
1244 2532 1310 2571 ex
1339 2516 1553 2571 vivente
1579 2527 1635 2572 et
1667 2518 1775 2571 vita
1813 2518 1920 2573 Deo
1967 2517 2131 2574 Patre

547 2617 727 2656 ortum
771 2603 1025 2659 ducebat.
1090 2605 1359 2672 Quoniam
1411 2619 1542 2660 vero
1593 2622 1797 2677 corpus
1854 2623 1921 2663 ex
1974 2623 2129 2664 sacra

555 2690 777 2761 Virgine
805 2702 1083 2762 sumptum
1122 2697 1226 2750 sibi
1257 2697 1472 2761 ascivit,
1510 2697 1637 2752 fecit
1670 2698 1799 2752 illud
1829 2699 2128 2765 viviticum,

546 2794 603 2838 et
640 2785 693 2838 id
721 2786 940 2854 quidem
974 2789 1263 2842 admodum
1300 2805 1539 2861 congrue
1568 2792 1592 2843 Ἰ
1632 2790 1726 2846 Est
1748 2793 1897 2846 enim
1928 2808 2130 2861 corpus

546 2875 673 2930 vitm
710 2878 893 2932 omnia
936 2878 1284 2936 viviﬁcautis.
1325 2880 1432 2937 Fas
1461 2882 1646 2954 itaque
1678 2897 1784 2939 non
1816 2895 1899 2938 est
1962 2900 2128 2940 unum

550 2965 746 3022 Filium
798 2978 855 3023 et
901 2967 1181 3026 Christum
1225 2982 1282 3027 et
1339 2972 1626 3028 Dominum
1683 2974 1739 3029 in
1790 2976 1928 3032 duos
1988 2976 2129 3032 tilios

548 3062 878 3129 dispertire:
919 3064 1188 3133 siquidem
1245 3066 1387 3121 idem
1445 3067 1562 3136 ipse
1613 3077 1668 3121 et
1714 3069 1819 3122 vita
1848 3079 1953 3130 est,
1983 3085 2127 3138 quo-

2235 1886 2411 1940 ταῦτὰ
2444 1903 2664 1957 φαμεν;
2707 1886 3027 1949 ’Λπόστολος
3054 1886 3461 1955 κεχρημάτικεν
3486 1885 3517 1935 6
3553 1882 3656 1936 τοῦ
3700 1880 3822 1933 θειῦ

2235 1979 2424 2047 Λόγος,
2455 1980 2514 2031 ἐν
2542 1978 2858 2050 ἀνθρωπεία
2896 1979 3077 2049 μορφῇ
3118 1975 3374 2045 πεφηνὼς
3399 1993 3412 2005 ·
3451 1994 3471 2027 ς
3518 1976 3825 2043 ’Λπεστὰὶῃ

2234 2073 2341 2144 γὰρ
2389 2070 2624 2144 κηρύξαι
2664 2080 2691 2110 ν
2741 2070 3109 2142 αἰχμαλώτοις
3167 2071 3392 2138 ἄφεσιν,
3442 2069 3545 2122 καὶ
3610 2068 3826 2136 τυφλοίς

2233 2163 2549 2233 ἀνάϐλεψιν.
2575 2182 2595 2216 ι
2632 2166 2706 2235 Ζῇ
2738 2163 2796 2217 δὲ
2820 2163 2908 2217 διὰ
2942 2163 3031 2216 τὸν
3062 2161 3281 2232 Πατέρα
3304 2178 3317 2191 ’
3352 2161 3701 2230 γεγέννηται
3730 2162 3828 2227 γὰρ

2234 2259 2300 2309 ἐκ
2339 2256 2541 2320 ζῶντος
2579 2256 2813 2326 Πατρός.
2845 2254 2994 2307 Ἔδει
3038 2254 3183 2326 γὰρ,
3230 2253 3337 2306 ἔδει
3387 2252 3579 2321 πάντη
3634 2269 3701 2304 τε
3746 2252 3831 2304 καὶ

2236 2349 2454 2411 πάντως
2493 2346 2635 2402 κατὰ
2670 2346 2831 2417 φύσιν
2853 2344 2992 2400 εἶναι
3027 2346 3172 2417 ζωὴν
3197 2346 3288 2399 τὸν
3312 2346 3378 2397 ἐκ
3401 2344 3625 2408 ζῶντός
3656 2361 3720 2396 τε
3750 2347 3831 2395 καὶ

2234 2439 2383 2510 ζωῆς
2410 2439 2503 2493 τοῦ
2526 2439 2660 2493 Θεοῦ
2686 2439 2777 2492 καὶ
2802 2440 3014 2510 Πατρὸς
3040 2437 3392 2507 ἐκπεφυκότα
3417 2437 3581 2490 Υίόν.
3622 2437 3833 2504 Ἐπειδὴ

2232 2532 2291 2586 δὲ
2320 2532 2450 2585 ἴδιον
2492 2532 2785 2603 ἐποιήσατο
2815 2530 2878 2583 τὸ
2919 2531 3078 2600 σῶμα
3117 2530 3178 2582 τὸ
3217 2530 3282 2583 ἐκ
3312 2529 3411 2596 τῆς
3466 2529 3649 2595 ἁγίας
3695 2532 3834 2600 Πιρα-

2234 2622 2387 2676 θένου
2419 2622 2645 2694 ληφθὲν,
2678 2621 2941 2687 ζωοποιὸν
2967 2620 3248 2692 ἀπέφηνεν
3274 2620 3404 2673 αὐτὸ
3448 2620 3552 2673 καὶ
3594 2621 3747 2689 μάλα
3772 2623 3837 2673 εἱ-

2232 2716 2438 2779 κότως·
2473 2714 2635 2785 σῶμα
2666 2714 2774 2785 γάρ
2826 2714 2943 2767 ἐστι
2974 2713 3075 2784 τῆς
3118 2713 3187 2766 τὰ
3217 2712 3396 2766 πάντα
3447 2712 3834 2781 ζωγονούςτς

2232 2806 2398 2876 ζωῆς.
2431 2805 2644 2858 Οὐκοῦν
2685 2806 2747 2859 οὐ
2779 2805 3078 2874 διαιρετέον
3126 2805 3209 2868 είς
3242 2804 3393 2867 υἱοὺς
3447 2805 3551 2857 δύο
3604 2806 3708 2858 τὸν
3752 2807 3835 2857 ἕπει

2233 2896 2362 2949 Υίὸν
2402 2897 2496 2948 καὶ
2530 2896 2765 2965 Χριστὸν
2812 2897 2908 2949 καὶ
2942 2895 3167 2967 Κύριον.
3215 2896 3389 2966 Εἴπερ
3424 2896 3594 2947 ἐστὶν
3628 2899 3661 2949 ὁ
3690 2898 3835 2956 αὖτις

2234 2988 2349 3058 ζωὴ
2384 2987 2486 3058 μὲν
2529 2986 2603 3050 ὠς
2644 2990 2709 3041 ἐκ
2741 2986 2887 3058 ζωῆς
2920 2988 3015 3039 καὶ
3046 2986 3248 3051 ζῶντος
3282 2987 3531 3056 Πατρδς,
3577 2987 3837 3050 ζωοποιὶις

2233 3077 2291 3131 δὲ
2322 3079 2417 3131 καὶ
2446 3079 2536 3132 διὰ
2560 3078 2654 3132 τοῦ
2688 3078 2818 3131 ίὸίου
2854 3058 3231 3149 σώματοςίὼς
3259 3078 3378 3130 καθ’
3399 3080 3567 3148 ἡμᾶς
3606 3080 3837 3147 γεγωνὰ

546 3157 692 3209 niam
746 3170 813 3209 ex
870 3156 979 3210 vita
1030 3159 1355 3228 viventeque
1401 3159 1564 3214 Patre
1618 3171 1776 3216 natus
1809 3170 1911 3225 est,
1943 3172 1999 3217 et
2032 3179 2129 3233 per

2237 3170 2334 3225 καὶ
2360 3170 2517 3224 ἐνανο
2526 3173 2788 3243 ρωπήσας
2821 3142 2971 3234 Θεόξ.

548 3246 823 3316 proprium
854 3262 1056 3318 corpus
1091 3265 1312 3304 rursum
1350 3251 1597 3307 viviticus
1625 3261 1731 3317 est,
1771 3264 1955 3323 utpote
1987 3255 2128 3310 Deus

546 3337 708 3391 homo
739 3337 933 3393 similis
954 3340 1112 3394 nobis
1142 3338 1390 3396 etl‘ectus.

617 3427 771 3483 LVII.
800 3448 821 3482 ι
868 3429 1025 3487 Sicut
1054 3434 1199 3487 enim
1234 3435 1402 3491 Pater
1441 3435 1607 3491 vitam
1644 3437 1810 3492 habet
1836 3439 1891 3493 in
1928 3450 2129 3495 semet-

547 3521 682 3589 ipso,
734 3522 813 3577 sic
838 3522 987 3577 dedit
1019 3532 1075 3577 et
1094 3524 1242 3580 Filio
1273 3526 1442 3581 vitam
1469 3526 1672 3582 habere
1695 3529 1749 3581 in
1780 3530 2077 3600 semetipso
2107 3550 2121 3585 :

544 3621 598 3668 et
631 3624 956 3684 potestatem
985 3618 1134 3674 dedit
1179 3618 1230 3673 ei
1269 3628 1325 3673 et
1348 3618 1617 3689 judicium
1650 3620 1852 3687 facere,
1884 3625 2009 3693 quia
2037 3625 2129 3679 Fi-

544 3708 649 3764 lius
702 3711 941 3767 hominis
989 3724 1071 3769 est
1114 3713 1184 3769 “.
1233 3733 1253 3767 ι
1307 3714 1377 3769 At
1415 3715 1695 3784 quomodo
1744 3715 1990 3787 (quaerat
2040 3717 2128 3773 hic

543 3802 850 3875 quispiam)
910 3822 929 3857 ι
974 3804 1136 3861 Pater
1188 3806 1357 3862 vitam
1407 3807 1571 3863 habet
1627 3808 1679 3862 in
1714 3810 2061 3878 semetipso?
2102 3828 2121 3861 ι

543 3891 796 3964 Nunquid
858 3896 1079 3952 aliunde
1118 3907 1399 3968 acceptam
1424 3939 1441 3967 ,
1483 3899 1567 3954 vel
1623 3900 1692 3956 ab
1747 3900 1856 3955 alio
1896 3900 2126 3955 datam?

546 3988 923 4058 Nequaquam.
980 3988 1126 4045 Istud
1180 4006 1416 4061 namque
1471 3992 1671 4049 docere
1734 3994 1823 4048 vel
1881 3994 2122 4064 opinari,

544 4081 671 4150 quid
700 4092 847 4136 esset
886 4081 1032 4136 aliud
1074 4083 1178 4138 nisi
1229 4092 1479 4153 apertum
1527 4084 1776 4139 delirium
1804 4086 1826 4140 ?
1856 4085 1968 4140 lmo
1996 4100 2125 4140 vero

541 4175 672 4246 quid
704 4175 810 4229 nisi
852 4174 1145 4231 manifesta
1182 4177 1444 4233 adversus
1480 4177 1806 4233 ineﬂabilem
1842 4178 1989 4233 illam
2029 4194 2125 4232 na-

2305 3437 2428 3491 NZ'.
2480 3454 2498 3487 ι
2528 3435 2739 3504 ’Ὥσπερ
2768 3450 2879 3505 γαρ
2905 3436 2933 3486 ὁ
2976 3431 3164 3503 Πατὴρ
3207 3430 3319 3502 ἔχει
3348 3428 3503 3501 ζωὴν
3540 3431 3611 3482 ἐν
3647 3430 3834 3500 ἐαυτῷ.

2235 3529 2380 3584 οὕτω
2407 3530 2503 3583 καὶ
2540 3527 2619 3600 τῷ
2647 3527 2763 3598 rte
2797 3526 2997 3580 δέδωκε
3030 3524 3177 3594 ζωὴν
3210 3525 3354 3595 ἔχειν
3382 3526 3446 3577 ἐν
3487 3524 3725 3594 ἐαυτῷ·

2234 3620 2485 3689 ἐξουσίαν
2525 3620 2721 3674 ἔδωκεν
2766 3618 2914 3689 αὐτῷ
2960 3619 3055 3672 καὶ
3091 3618 3272 3688 κρίσιν
3319 3620 3529 3681 ποιεῖν,
3582 3619 3672 3671 ὅτι
3722 3618 3834 3677 για

2233 3713 2521 3785 ἀνθρώπου
2572 3713 2707 3770 ἐστί.
2748 3732 2766 3763 ι
2822 3713 2957 3766 Τίνα
2991 3713 3058 3783 δὴ
3107 3712 3313 3784 τρόπον
3357 3712 3594 3783 οἰηθείη
3644 3730 3735 3776 τις
3778 3713 3834 3767 ἂν

2236 3805 2381 3876 ἔχειν
2439 3808 2498 3859 ἐν
2541 3805 2719 3877 ἐαυτῷ
2757 3808 2856 3875 τὴν
2901 3805 3049 3875 ζωὴν
3099 3807 3190 3859 τὸν
3238 3805 3497 3876 Πατέρας
3564 3803 3687 3879 ἆρα
3736 3808 3829 3875 γὰρ

2234 3896 2431 3962 ἔξωθεν
2483 3897 2575 3949 καὶ
2607 3897 3048 3968 εἰσκεκριμένην,
3098 3896 3191 3949 καὶ
3237 3897 3369 3966 παρ’
3400 3897 3615 3967 ἐτέρου
3662 3897 3831 3950 ὣθείο

2235 4005 2372 4053 σαν;
2412 3988 2604 4041 Καίτοι
2639 3989 2758 4053 πῶς
2785 3990 2846 4041 οὐ
2879 3989 3039 4060 λῆρον
3075 3989 3142 4042 ἂν
3172 3987 3258 4058 εἴη
3286 3988 3451 4041 τοῦτό
3481 4005 3557 4056 γε
3592 3992 3831 4061 φρονεῖν,

2232 4083 2265 4153 ἢ
2297 4081 2503 4150 λέγειν;
2536 4080 2647 4151 ἔχει
2684 4081 2792 4152 γὰρ
2820 4081 2881 4133 οὐ
2919 4080 3147 4152 μετρίαν
3183 4082 3212 4133 6
3249 4080 3409 4147 λόγος
3436 4081 3549 4150 τῆς
3583 4084 3832 4153 ἀτεορρἡ

2230 4190 2326 4225 του
2369 4171 2585 4243 φύσεως
2619 4171 2717 4239 τὴν
2749 4171 3109 4241 κατὰρῤησιν.
3162 4169 3384 4242 Πρῶτον
3436 4171 3548 4240 μὲν
3584 4172 3705 4242 γὰρ
3744 4174 3831 4237 οὐχ

2233 4265 2436 4329 ἁπλοῦς
2484 4265 2565 4319 ἐτι
2602 4265 2701 4337 τὴν
2734 4264 2895 4335 φύσιν
2920 4267 2949 4319 6
2990 4265 3098 4318 τῶν
3136 4264 3271 4317 ὅλων
3316 4264 3474 4318 ἔσται
3510 4264 3687 4330 Θεὸς,
3722 4266 3835 4317 εὐασ-

2231 4359 2383 4421 θετος
2412 4357 2468 4411 δὲ
2510 4357 2733 4428 μᾶλλον,
2765 4357 2923 4427 εἴπερ
2954 4357 3101 4410 ἐστὶν
3136 4356 3299 4426 ἐτέρα
3338 4357 3470 4427 παρ’
3508 4358 3692 4410 αὐτὸν
3724 4360 3759 4424 ἡ
3786 4360 3834 4409 ἑή

2230 4448 2379 4521 αὐτῷ
2410 4448 2546 4521 ζωή.
2579 4450 2682 4520 Εἴη
2709 4449 2754 4502 δ’
2780 4450 2845 4504 ἂν
2875 4448 2968 4503 καὶ
2996 4448 3197 4518 μείζων
3228 4449 3417 4515 αὑτοῦ,
3445 4453 3553 4504 καὶ
3586 4454 3649 4505 ἐν
3684 4454 3841 4522 ipsi-

2227 4557 2373 4594 νοσιν
2411 4541 2779 4613 ἁσυγκρίτως,
2812 4542 2840 4594 6
2876 4540 2951 4604 ὡς
2988 4541 3089 4593 οὐκ
3132 4539 3309 4610 ἔχοντι
3340 4540 3468 4605 δοὺς
3506 4544 3613 4613 τὴν

2229 4632 2388 4704 εἴπερ
2427 4632 2565 4697 ὅλως
2610 4633 2764 4703 ἁλοίη
2798 4632 2997 4686 λαϐὼν.
3037 4632 3177 4685 Ἀλλ’
3205 4632 3376 4696 ἐστιν,
3406 4632 3486 4696 ὡς
3522 4635 3708 4705 ἔφην,

2227 4725 2368 4793 ἄγαν
2395 4725 2789 4797 ἀπηχεστάτων
2816 4726 2876 4778 τὸ
2898 4717 3000 4778 ὧδέ
3025 4742 3084 4778 τε
3109 4724 3249 4795 ἔχειν
3272 4724 3489 4778 οἴεσθαι
3521 4730 3727 4792 ταυτὶ,
3754 4730 3845 4781 καὶ

2230 4816 2462 4889 Θύραθεν
2492 4819 2689 4872 ἐννοεῖν
2718 4817 3212 4887 είσκεκομισμένην
3245 4818 3389 4869 ἑλεῖν
3417 4818 3529 4885 τὴν
3561 4821 3732 4890 ζωὴν
3760 4822 3847 4871 τὸν

2224 4910 2357 4963 Θεὸν
2397 4912 2491 4963 καὶ
2531 4911 2768 4981 Πατέρα.
2800 4909 2954 4981 Ἔχει
2990 4909 3168 4962 τοίνυν
3208 4910 3267 4961 ἐν
3303 4909 3491 4978 ἑαυτῷ
3537 4912 3651 4980 τὴν
3702 4914 3849 4979 ζωὴν

2224 5004 2325 5056 οὐκ
2368 5004 2659 5075 ἐπίκτητον
2690 5006 2723 5075 ἢ
2754 5002 3203 5075 είσχεκριμένως,
3236 5003 3491 5070 φυσικῶς
3528 5004 3590 5057 δὲ
3634 5006 3847 5076 μᾶλὶςτι

2224 5095 2637 5166 ἐνυπάρχουσαν
2662 5112 2721 5147 τε
2769 5092 2940 5162 αὐτῷ,
2973 5092 3066 5145 καὶ
3105 5092 3336 5163 οὑσιώδη
3384 5096 3645 5163 καρπόν.
3692 5097 3852 5149 Οὕτω

2223 5187 2450 5239 δέδωκεν
2483 5187 2626 5257 ἔχειν
2673 5188 2767 5241 καὶ
2813 5186 2892 5258 τῷ
2924 5186 3039 5257 Υἱῷ
3078 5185 3177 5256 τὴν
3214 5186 3383 5257 ζωήν.
3416 5182 3565 5240 Εἶτα
3614 5189 3758 5252 πῶς
3792 5188 3852 5240 ἂν

2223 5277 2440 5331 δύναιτο
2472 5279 2653 5333 λαϐὼν
2682 5283 2711 5333 6
2740 5279 2888 5345 Υἱὸς,
2922 5277 3195 5342 οὐσιωδῶς
3223 5279 3367 5351 ἔχειν
3408 5280 3471 5335 ἐν
3502 5282 3712 5355 ἑαυτῷ
3757 5284 3855 5352 τὴν

543 4277 723 4323 turam
766 4267 1149 4336 blasphemia?
1195 4269 1379 4323 Primo
1430 4284 1686 4340 namque,
1727 4270 1772 4324 si
1802 4270 1909 4323 vita
1959 4284 2122 4339 quam

541 4363 730 4428 habet,
777 4360 846 4415 ab
887 4362 1006 4431 ipso
1061 4361 1277 4416 diversa
1327 4361 1490 4423 foret,
1551 4362 1931 4415 universorum
1982 4359 2123 4412 Deus

541 4470 648 4511 non
688 4462 835 4508 esset
864 4463 1058 4508 natura
1088 4453 1334 4522 qumdam
1371 4454 1533 4523 1'78
1554 4453 1810 4522 simplex,
1850 4451 1943 4506 sed
1974 4466 2123 4505 com-

540 4545 739 4614 posita.
767 4547 847 4599 Ad
874 4546 1010 4611 lucc,
1050 4546 1097 4599 si
1124 4546 1293 4598 vitam
1339 4545 1570 4598 aliunde
1610 4544 1893 4612 accepisse
1923 4550 2122 4597 statue-

541 4650 716 4705 retur,
751 4639 796 4694 is
829 4639 1016 4708 utique
1055 4640 1147 4708 qui
1188 4640 1352 4693 vitam
1397 4652 1502 4693 non
1547 4638 1765 4691 habenti
1794 4636 2119 4705 impertiret,

541 4738 678 4789 citra
735 4749 953 4789 omnem
1004 4733 1433 4789 controversiam
1503 4732 1685 4785 multis
1735 4730 1977 4799 partibus
2028 4728 2121 4783 illo

540 4829 737 4896 major,
762 4826 1029 4894 bonisque
1050 4826 1304 4881 omnibus
1332 4823 1665 4879 cumulatior
1690 4823 1849 4877 foret.
1876 4822 2122 4892 Denique

543 4920 887 4983 existimare,
937 4918 1051 4973 haec
1101 4919 1173 4971 ita
1219 4917 1462 4980 habere,
1523 4918 1624 4970 hoc
1681 4925 1784 4980 est,
1835 4914 2119 4985 imagiuari

543 5011 710 5065 Deum
764 5010 983 5066 Patrem
1027 5009 1197 5063 vitam
1230 5008 1471 5072 aliunde,
1500 5017 1556 5062 et
1577 5007 1733 5077 quasi
1762 5006 2120 5061 adventitiam

541 5096 836 5161 obtinere;
885 5098 988 5151 hoc
1036 5096 1171 5150 nihil
1213 5096 1359 5150 aliud
1395 5106 1561 5160 esset,
1590 5104 1649 5149 ut
1673 5096 1993 5165 dixi,quam
2022 5098 2119 5149 ab-

540 5188 867 5244 surdissitne
909 5188 1166 5243 delirare.
1216 5187 1391 5242 Habet
1440 5188 1623 5256 itaque
1667 5187 1827 5241 Pater
1866 5187 2035 5240 vitam
2064 5186 2140 5238 in‘

543 5280 837 5350 semetipso
882 5296 985 5335 non
1031 5280 1323 5337 ascititiam
1358 5280 1440 5334 vel
1469 5280 1849 5344 adventitiatn,
1892 5279 1987 5335 sed
2021 5293 2117 5331 na-

2158 4510 2198 4563 D

612 5438 659 5469 ⁵³
681 5438 836 5493 Joan.
876 5455 1007 5507 xvu,
1035 5438 1127 5497 28.
1205 5439 1250 5471 "'
1279 5440 1381 5496 lsa.
1414 5456 1523 5507 th,
1554 5441 1577 5494 l
1606 5458 1620 5507 ;
1654 5439 1784 5495 Luc.
1826 5455 1901 5506 Iv,
1936 5438 2137 5503 18,19.
2213 5439 2259 5469 ⁵⁵
2281 5438 2440 5494 Joan.
2473 5455 2524 5498 v.
2552 5439 2645 5495 ‘28.

1644 5596 1820 5655 Varia:
1850 5599 2109 5655 lectiones
2133 5598 2336 5655 codicis
2365 5599 2724 5669 Seguieriani.

621 5739 648 5775 ν
670 5733 942 5807 κηρύξων.
