4000 6326
283 392 414 450 Hi7

1091 393 1184 446 AD
1221 391 1516 446 REGINAS
1557 392 1642 448 DE
1685 392 1911 448 RECTA
1957 395 2116 449 FIDE
2153 393 2412 450 ORATIO
2453 393 2756 448 ALTERA.

3402 391 3542 448 1413

283 514 460 585 Quint;
493 513 660 566 Τουτὶ
695 513 827 585 γὰρ,
853 511 1030 585 οἶμαι,
1065 514 1198 584 φαίη
1238 532 1321 578 τις
1365 515 1451 570 ἄν.
1489 517 1639 585 Ἔχει
1680 517 1858 570 τοίνυν

1976 517 2216 572 turaliter
2261 516 2439 586 potius
2486 515 2644 585 quasi
2716 511 3126 568 substantialcm
3198 511 3432 565 fructum
3483 510 3538 564 in

283 607 352 670 ὡς
392 605 453 670 ἐξ
494 606 660 660 αὐτοῦ
704 606 844 659 κατὰ
890 605 1053 675 φύσιν
1108 606 1388 676 ὑπάρχων,
1433 606 1493 658 ὲν
1534 607 1711 677 ἐαυτῷ
1752 608 1853 677 τὴν

283 697 442 770 ζωὴν,
468 700 600 753 καθὸ
628 702 828 753 νοεῖται
851 699 1002 761 Θεός.
1029 698 1252 769 Δέχεται
1278 700 1332 751 δέ
1365 699 1562 769 μᾶλλον
1594 699 1731 771 μετὰ
1760 698 1852 752 τοῦ

284 791 370 844 καὶ
400 791 607 861 κρίνειν
643 792 832 862 αὐτὴν.
864 791 1044 845 καίτοι
1075 791 1266 862 κριτὴς
1307 792 1570 862 ὑπάρχων
1595 792 1670 856 ὡς
1699 791 1850 855 Θεός.

285 883 384 936 Καὶ
415 884 500 947 τίς
537 883 601 937 ἂν
634 884 718 955 εἴη
752 883 847 937 τοῦ
893 884 1080 938 λαϐεῖν
1107 886 1134 937 6
1163 884 1365 956 τρόπος
1385 925 1400 949 ,
1445 883 1644 951 διδάξει
1681 885 1856 953 λέγων

282 974 458 1037 αὐτὸς,
486 976 566 1028 ὅτι
598 993 616 1026 ι
649 976 774 1038 Υἱὸς
807 974 1097 1046 ἀνθρώπου
1121 975 1287 1030 ἐστίν.
1311 995 1328 1026 ι
1356 977 1431 1028 Οὐ
1462 975 1569 1047 γάρ
1605 976 1736 1028 ἴδιον
1759 977 1856 1029 άν-

287 1065 497 1135 θρώπου
517 1066 578 1120 τὸ
599 1066 854 1120 δύνασθαι
878 1067 1088 1121 οἴκοθεν
1109 1066 1253 1137 ἔχειν
1274 1066 1372 1135 τὴν
1395 1067 1558 1136 ζωήν.
1589 1085 1608 1118 ι
1640 1065 1859 1138 Ἐπειδὴ

280 1158 334 1212 δὲ
376 1158 504 1211 ἴδιον
545 1158 735 1227 γέγονε
773 1158 867 1211 τοῦ
902 1158 1104 1223 ζῶντος
1157 1158 1334 1227 Λόγου
1384 1159 1446 1211 τὸ
1478 1158 1678 1212 ἐνωθέν
1710 1159 1861 1228 αὐτῷ

286 1249 456 1320 σῶμα,
487 1249 657 1320 ταύτῃ
697 1267 777 1303 τοι
809 1251 904 1302 καὶ
943 1252 1089 1320 μάλα
1117 1252 1373 1314 εἰκότως,
1404 1250 1479 1313 ὡς
1526 1249 1664 1320 ἔχων
1695 1248 1860 1302 αὑτοῦ

281 1344 376 1414 τὴν
417 1343 679 1409 ζωοποιὸν
722 1344 1024 1414 ἐνέργειαν,
1077 1345 1260 1398 λαϐεῖν
1293 1343 1510 1410 λέγεται
1553 1343 1652 1414 τὴν
1691 1341 1860 1411 ζωήν.

285 1436 587 1491 Οίκειοῦται
614 1437 670 1490 δὲ
705 1437 866 1490 πάλιν
892 1437 951 1489 τὸ
981 1437 1172 1509 χρῆμα
1200 1436 1383 1503 αὐτὸς,
1410 1430 1472 1490 οὗ
1497 1436 1591 1488 καὶ
1616 1435 1743 1488 ἴδιον
1773 1435 1865 1503 γέ-

283 1545 404 1596 γονε
437 1529 594 1598 σῶμα
623 1528 684 1581 τὸ
719 1528 959 1598 εἰληφός.

1963 611 2148 679 seipso
2172 611 2548 665 exsistentem.
2587 608 2768 676 Atque
2818 605 2884 659 ad
2933 605 3184 660 eumdem
3231 605 3451 659 modum
3486 613 3542 660 et

1963 704 2102 759 Filio
2143 720 2360 774 quoque
2411 704 2580 758 vitam
2614 701 2668 756 in
2702 702 2996 771 semetipso
3026 701 3226 756 habere
3263 699 3433 754 dedit.
3467 699 3539 754 Et
3584 765 3591 774 ι

1963 802 2236 868 quomodo
2269 797 2460 860 Filius,
2484 812 2609 851 cum
2640 795 2806 849 vitam
2841 811 2868 847 a
2903 795 3062 848 Patre
3087 794 3380 861 acceperit,
3405 790 3539 846 sub-

1965 891 2289 945 stantialiter
2337 906 2455 945 eam
2501 890 2554 944 in
2597 903 2656 944 se
2697 888 2870 959 possit
2919 885 3254 942 habere?“
3291 899 3543 954 namque,

1966 990 2026 1034 ut
2050 989 2203 1050 puto,
2237 980 2436 1049 aliquis
2461 979 2641 1034 dicere
2673 979 2870 1048 possit.
2903 976 3075 1031 IIahet
3109 990 3237 1045 ergo
3265 985 3319 1028 et
3349 974 3542 1036 Filius.

1966 1085 2089 1125 cum
2119 1070 2186 1124 ab
2225 1070 2343 1138 ipso
2365 1068 2530 1123 Patre
2559 1069 2854 1123 secundum
2885 1076 3137 1119 naturam
3164 1065 3256 1127 sit,
3295 1063 3461 1116 vitam
3489 1062 3544 1115 in

1968 1163 2169 1231 seipso,
2209 1174 2371 1231 prout
2402 1162 2543 1216 Deus
2568 1170 2691 1216 est:
2727 1169 2784 1215 at
2812 1174 2944 1214 vero
2981 1173 3085 1212 una
3119 1154 3545 1226 cumjudicandi

1965 1262 2234 1323 potestate
2295 1253 2440 1306 illam
2490 1252 2771 1320 accepisse
2831 1251 3067 1314 dicitur,
3117 1259 3233 1303 esto
3287 1257 3344 1302 ut
3394 1246 3538 1302 Deus

1967 1346 2208 1401 omnium
2227 1343 2391 1412 judex
2418 1345 2667 1399 exsistat.
2692 1343 2862 1399 Porro
2880 1353 3060 1398 autem
3090 1358 3209 1412 qua:
3239 1341 3546 1410 suscipien-

1969 1436 2021 1490 di
2053 1437 2508 1503 exstiteritratio,
2559 1437 2612 1491 id
2671 1437 2784 1507 ipse
2839 1438 3100 1502 insinuat,
3164 1437 3291 1490 dum
3349 1434 3542 1489 addit:

1973 1544 1993 1577 ι
2026 1525 2165 1592 Quia
2205 1525 2376 1580 Filius
2433 1527 2666 1582 hominis
2694 1535 2798 1582 est.
2838 1545 2859 1579 ι
2899 1525 3014 1582 Non
3067 1525 3213 1581 enim
3263 1525 3545 1593 proprium

282 1629 361 1673 est
398 1620 602 1673 homini
652 1620 819 1673 vitam
853 1637 884 1674 a
925 1620 1217 1688 semetipso
1259 1619 1460 1673 habere
1494 1632 1653 1685 posse
1689 1635 1702 1670 :
1763 1619 1855 1672 sed
1895 1618 2021 1686 quia
2096 1632 2290 1685 corpus
2338 1618 2520 1673 Verbo
2566 1618 2775 1672 unitum
2831 1616 3064 1672 viventis
3107 1615 3268 1670 Verbi
3345 1614 3548 1669 factum

283 1720 362 1763 est
407 1709 709 1779 proprium,
771 1719 1083 1778 propterea,
1126 1724 1180 1763 et
1215 1707 1265 1763 id
1335 1708 1560 1777 quidem
1592 1706 1882 1761 admodum

1965 1708 2366 1772 convenienter,
2426 1709 2594 1761 vitam
2663 1709 2940 1777 accepisse
2997 1709 3242 1771 dicitur,
3295 1715 3550 1776 tanquam

284 1807 546 1860 vivilicam
600 1805 770 1874 ipsius
813 1805 1090 1858 actionem
1145 1804 1376 1859 habens.
1408 1803 1543 1858 Item
1609 1818 1739 1858 vero
1798 1803 1912 1872 ipse
1950 1804 2002 1858 iu
2073 1819 2132 1859 se
2170 1803 2451 1870 transfert,
2496 1803 2655 1874 cujus
2707 1805 2987 1875 proprium
3040 1804 3240 1860 factum
3284 1813 3367 1858 est
3417 1801 3548 1858 illud

285 1914 499 1969 corpus,
541 1899 683 1967 quod
716 1897 886 1950 vitam
918 1895 1149 1966 accepit.

285 2043 406 2095 Ὅτι
434 2040 549 2093 κᾶν
579 2039 714 2104 Υἱὸς
743 2037 1058 2106 ἀνθρώπου
1083 2032 1331 2102 λέγηται
1359 2037 1390 2087 ὀ
1421 2033 1697 2106 Χριστὸς,
1724 2031 1864 2088 ἀλλ’

2043 2036 2198 2102 Quod
2242 2035 2490 2090 Christus
2528 2052 2681 2090 verus
2728 2036 2794 2089 sit
2839 2034 2994 2098 Deus,
3035 2033 3249 2088 etiamsi
3303 2032 3480 2088 Filius

527 2109 708 2162 οὐδὲν
735 2104 918 2178 ﬁt:th
953 2107 1087 2160 ἐστι
1121 2107 1265 2168 Θεὸς
1297 2105 1606 2172 ἀληθινός.

347 2243 481 2295 NII'.
519 2239 692 2303 Αὐτός
719 2239 818 2292 πού
843 2257 1005 2309 φησιν
1025 2241 1054 2292 6
1077 2237 1284 2306 Κύριος
1307 2237 1464 2308 ἡμῶν
1499 2236 1707 2309 Ἰησοῦς
1731 2238 1867 2309 Χρι-

283 2335 423 2398 στός.
460 2353 477 2385 ι
509 2330 658 2404 τΑρά
688 2349 753 2401 γε
779 2307 949 2385 ἐλθων
971 2333 999 2384 ὁ
1033 2331 1158 2394 Υἱὸς
1190 2330 1285 2384 τοῦ
1320 2307 1608 2403 ἀνθριὶἷπου
1642 2307 1866 2404 εὑρήσει

280 2427 375 2496 τὴν
423 2426 603 2478 πίστιν
638 2426 730 2476 ἐπὶ
781 2424 881 2493 τῆς
919 2423 1056 2493 γῆς;
1088 2442 1106 2474 ι
1143 2423 1280 2495 Φέρε
1323 2424 1388 2494 δὴ
1430 2423 1591 2478 πάλιν
1635 2425 1726 2478 τὸν
1759 2424 1868 2479 τῶν

281 2519 582 2590 εἰρημένων
607 2516 984 2588 βασανίζοντες
1007 2515 1151 2577 νοῦν.
1180 2517 1356 2569 ἐκεῖνο
1383 2515 1867 2588 περιαθρήσωμεν,

281 2611 440 2664 ποίαν
491 2610 715 2680 ζητήσει
765 2608 948 2660 πίστιν
979 2609 1072 2659 ἐπὶ
1118 2609 1215 2678 τῆς
1256 2609 1356 2679 γῆς
1403 2609 1775 2680 ὑπονοστήσας
1809 2609 1870 2674 ἐξ

279 2700 524 2771 οὐρανῶν
565 2701 593 2752 6
638 2698 841 2770 Κύριος
890 2699 1052 2768 ἡμῶν
1092 2698 1301 2768 Ἰησοῦς
1349 2699 1620 2769 Χριστός;
1657 2702 1720 2753 Εἰ
1770 2701 1868 2772 μὲν

281 2795 389 2865 γὰρ
421 2791 775 2846 πιστεύεσθαι
804 2791 942 2863 πρὸς
973 2789 1131 2861 ἡμῶν
1156 2790 1348 2857 ἐθέλει,
1373 2791 1454 2844 ὅτι
1479 2791 1610 2854 Θεὸς
1641 2792 1740 2861 μὲν
1769 2793 1869 2846 οὐκ

280 2882 450 2944 ἐστιν,
481 2882 602 2934 οὐδὲ
631 2879 763 2942 Θεὸς
797 2879 1034 2950 ἀληθῶς,
1064 2879 1350 2950 ἄνθρωπος
1381 2880 1435 2933 δὲ
1466 2881 1684 2950 μᾶλλον,
1715 2883 1870 2936 οὐδὲν

282 2974 420 3044 ἔχων
444 2975 553 3027 τῶν
576 2973 699 3026 καθ’
721 2974 867 3044 ἡμᾶς
895 2971 1151 3024 ἐπέκεινα
1171 2991 1183 3003 ·
1213 2970 1331 3034 πῶς
1354 2970 1418 3024 ἂν
1445 2972 1737 3025 ὲνδοιάσειέ
1763 2991 1866 3040 τις,

280 3067 362 3119 ὅτι
388 3066 484 3135 τὴν
515 3065 724 3118 τοιάνδε
758 3063 1030 3132 διάληψιν,
1062 3064 1231 3134 ἤγουν
1267 3062 1448 3116 πίστιν
1476 3081 1536 3116 τε
1567 3065 1867 3133 καὶδόξαν,

281 3162 342 3212 οὐ
379 3161 508 3232 παρ’
533 3161 664 3230 ἡμῖν
694 3159 916 3228 εὑρήσει
953 3157 1177 3227 μᾶλλον,
1219 3157 1356 3210 ἀλλὰ
1389 3158 1519 3228 παρ’
1554 3157 1780 3228 Ἕλλησί
1809 3175 1869 3211 τε

277 3254 378 3306 καὶ
415 3253 720 3318 Ἰουδαίοιςς
756 3251 1156 3322 Εἱδωλολάτραι
1187 3250 1290 3321 μὲν
1323 3251 1433 3322 γὰρ
1466 3253 1560 3304 καὶ
1585 3254 1637 3304 οἱ
1665 3254 1730 3322 τῇ
1758 3251 1872 3304 κτί-

284 3363 369 3397 σει
403 3345 552 3414 παρὰ
575 3346 666 3397 τὸν
700 3343 942 3414 Κτίστην
978 3343 1357 3415 λατρεύοντες,
1387 3343 1616 3414 σταυρὸν
1645 3343 1871 3398 ἀκούον-

2487 2108 2710 2161 hominis
2739 2107 3054 2176 appelletur.

2045 2241 2224 2296 LVIII.
2283 2241 2550 2296 Dominus
2603 2250 2796 2295 noster
2842 2238 3002 2294 Jesus
3046 2238 3302 2295 Christus
3350 2239 3552 2295 alicubi

1974 2311 2067 2389 ita.
2097 2334 2210 2389 ait:
2268 2352 2288 2385 ι
2350 2332 2745 2388 Verumtamen
2800 2331 2971 2386 Filius
3019 2332 3258 2387 hominis
3309 2334 3554 2396 veniens,

1974 2435 2133 2496 putas
2156 2425 2398 2479 inveniet
2428 2425 2592 2480 ﬁdem
2617 2425 2670 2478 in
2707 2433 2856 2478 terra
2883 2425 2979 2479 "'i
3013 2443 3032 2476 ο
3070 2425 3315 2493 Agedum
3359 2425 3555 2479 horum

1974 2521 2266 2573 verborum
2303 2532 2525 2572 sensum
2573 2518 2640 2571 ad
2677 2517 2912 2572 libellam
2945 2517 3335 2586 expendentes,
3371 2519 3562 2572 videa-

1978 2625 2120 2674 mus,
2147 2608 2560 2678 ecqualemnam
2611 2607 2768 2662 ﬁdem
2845 2607 3108 2662 Dominus
3158 2619 3347 2663 noster
3395 2607 3559 2663 Jesus

1976 2701 2232 2756 Christus
2278 2700 2408 2756 olim
2452 2714 2482 2753 e
2512 2699 2654 2754 cmlo
2700 2713 3022 2754 reversurus
3075 2700 3275 2770 exiget.
3328 2699 3464 2754 Nam
3511 2701 3560 2755 si

1977 2795 2140 2850 homo
2179 2802 2386 2848 tantum
2421 2793 2566 2847 nulla
2596 2808 2654 2847 re
2684 2794 2900 2848 caneris
2941 2802 3203 2861 praestans
3234 2809 3261 2848 a
3295 2793 3404 2848 Deo
3449 2810 3554 2848 no-

1976 2888 2063 2942 bis
2110 2885 2228 2940 vult
2266 2886 2439 2951 credi,
2484 2901 2591 2940 non
2644 2887 2812 2940 etiam
2865 2885 3041 2951 Deus,
3109 2895 3202 2940 aut
3254 2901 3415 2942 verus
3464 2887 3561 2941 Dei

1976 2979 2174 3045 Filius,
2239 2978 2510 3033 neminem
2558 2979 2812 3033 dubitare
2841 2977 3102 3043 arbitror,
3152 2989 3334 3034 tamen
3376 2980 3560 3042 Iidem.

1978 3070 2425 3136 aestimationem,
2467 3069 2551 3121 vel
2600 3069 2911 3138 opinionem
2957 3069 3098 3138 apud
3123 3082 3365 3138 paganos
3388 3067 3563 3122 ellu-

1978 3162 2128 3216 daios
2158 3160 2339 3230 potius
2371 3169 2804 3228 comperturum,
2837 3174 3000 3228 quam
3034 3161 3176 3230 apud
3215 3175 3314 3214 nos
3339 3175 3354 3212 :
3383 3175 3561 3229 quan-

1980 3253 2271 3322 doquidem
2329 3251 2648 3316 idolulatrae,
2703 3250 3000 3321 caeterique
3043 3251 3134 3320 qui
3189 3264 3278 3304 res
3307 3251 3562 3306 conditas

1980 3345 2154 3414 ipsius
2193 3343 2353 3415 179
2384 3343 2700 3398 Conditoris
2751 3344 2872 3399 loco
2917 3354 3292 3409 venerantur,
3343 3359 3562 3397 crucem

283 3453 396 3498 τες,
435 3436 493 3488 ὃν
528 3435 785 3504 ὑπέμεινε
820 3436 884 3488 δι’
913 3437 1087 3506 ἡμᾶς,
1116 3437 1211 3489 καὶ
1241 3437 1466 3506 προσέτι
1495 3437 1586 3489 τὸν
1617 3436 1868 3501 θάνατον,

1980 3446 2036 3490 et
2074 3447 2304 3490 mortem
2332 3450 2494 3505 quam
2535 3434 2706 3488 nostri
2748 3448 2914 3488 causa
2953 3431 3200 3502 pertulit,
3246 3433 3563 3494 audientes.

284 3525 514 3591 γελῶσιν
548 3526 597 3577 οἱ
643 3525 866 3578 δείλαιοι
895 3543 908 3555 ·
961 3525 1064 3579 κᾶν
1112 3527 1165 3579 εἴ
1203 3544 1286 3590 τις
1345 3525 1509 3580 αὑτὸν
1557 3527 1812 3597 ὀνομάζει
1849 3535 1876 3563 ι

260 3619 438 3682 θεὸν,
485 3617 834 3690 ἀναπηδῶσιν
877 3618 1038 3681 εὐθὺς
1072 3619 1590 3690 ἀνθρωπολατρείαν
1630 3618 1770 3674 εἶναι
1816 3621 1876 3674 τὸ

284 3711 476 3779 χρῆμα
500 3717 526 3755 ἕ
557 3707 1015 3777 διοριζόμενοι.οἱ’
1044 3724 1107 3776 γε
1147 3695 1256 3780 μὴν
1286 3711 1350 3762 ἐκ
1383 3711 1685 3780 περιτομῆς
1727 3727 1868 3763 κατ-

288 3800 519 3871 εφύοντο
567 3801 660 3853 τοῦ
707 3800 996 3871 Σωτῆρος,
1045 3800 1298 3869 λέγοντες
1357 3801 1638 3872 ἐναργῶςο
1683 3821 1701 3852 ι
1743 3802 1876 3872 Περὶ

284 3893 455 3946 καλοῦ
503 3892 668 3964 ἔργου
707 3895 767 3946 οὐ
803 3891 1094 3963 λιθάζομέν
1131 3910 1217 3956 σε,
1267 3892 1403 3947 ἀλλὰ
1456 3894 1586 3964 περὶ
1621 3892 1872 3964 βλασφη-

287 3986 454 4054 μίας·
499 3986 582 4039 ὅτι
614 3988 700 4053 σὺ,
745 3984 1029 4056 ἄνθρωπος
1084 3983 1182 4050 ὢν,
1229 3989 1403 4048 ποιεῖς
1448 3985 1639 4040 ἐαυτὸν
1670 3986 1821 4039 Θεόν.
1851 4005 1869 4038 ι

289 4079 413 4130 ’Ὁτι
447 4080 626 4131 τοίνυν
656 4081 717 4131 οὐ
751 4079 850 4150 τὴν
893 4079 1048 4151 παρά
1084 4097 1148 4148 γε
1203 4083 1315 4143 τοῖς
1360 4079 1735 4150 πλανωμένοις
1782 4081 1875 4134 πί-

289 4187 409 4223 στιν
444 4173 721 4240 ἐπιζητεῖ,
768 4172 866 4241 τὴν
907 4173 1037 4243 παρ’
1079 4175 1213 4243 ἡμῖν
1249 4173 1305 4225 δέ
1351 4173 1551 4241 μᾶλλον
1588 4175 1701 4236 τοῖς
1740 4173 1876 4244 ὀρθὰ

286 4265 507 4332 φρονεῖν
534 4263 770 4330 εἰωθόσι,
801 4265 952 4318 πᾶσά
978 4283 1093 4328 πως
1115 4265 1332 4336 ἀνάγκη
1359 4264 1770 4326 διανενευκότας
1796 4266 1876 4327 είς

285 4356 545 4426 ἀλήθειαν
575 4355 879 4426 ὁμολογεῖν,
910 4358 993 4410 δτι.
1029 4358 1161 4421 Θεὸς
1188 4357 1331 4411 κατὰ
1365 4357 1527 4427 φύσιν
1553 4359 1582 4410 ὁ
1620 4358 1716 4411 καὶ
1744 4358 1876 4421 Υἱὸς

284 4447 577 4518 ἀνθρώπου
607 4448 674 4501 δι’
715 4451 862 4519 ἡμᾶς
893 4450 1164 4518 γεγονώς·
1196 4451 1282 4504 ἵνα
1319 4450 1394 4522 μὴ
1425 4453 1536 4512 τοῖς
1579 4450 1690 4504 τῶν
1737 4451 1874 4504 πλα-

284 4541 546 4612 νωμένων
577 4542 916 4613 ἐγκλήμασιν
947 4544 1175 4607 ἑαυτοὺς
1221 4544 1474 4610 ἐνιέντες,
1524 4544 1776 4614 λάθωμεν
1807 4544 1876 4596 τὰ

285 4634 382 4686 ἴσα
422 4637 638 4704 φρονεῖν
670 4635 974 4705 ᾑρημένοι,
1027 4637 1124 4689 καὶ
1163 4636 1334 4706 μικρὰ
1381 4635 1697 4701 δοξάζοντες
1747 4637 1878 4707 περὶ

283 4724 550 4794 Χριστοῦ,
581 4724 833 4794 καθάπερ
857 4725 1050 4796 ἀμέλει
1081 4727 1346 4781 κάκεῖνοι.

359 4993 486 5045 ΝΘ.
525 4993 660 5064 Φησί
695 5011 797 5046 που
826 4993 1063 5064 Χριστός
1083 5008 1096 5021 ⁸
1133 5011 1152 5044 ι
1184 4992 1316 5045 Οὐδέ
1346 4992 1456 5062 γὰρ
1479 4995 1507 5046 ὁ
1537 4992 1726 5064 Πατὴρ
1753 4995 1875 5065 κρί-

281 5103 371 5138 νει
414 5087 625 5150 οὺδένα,
658 5087 796 5140 ἀλλὰ
834 5089 1013 5142 πᾶσαν
1047 5086 1146 5154 τὴν
1184 5085 1364 5156 κρίσιν
1395 5086 1563 5138 ἔδωκε
1606 5086 1685 5156 τῷ
1725 5086 1871 5156 Υἱῷ·

284 5175 376 5228 ἵνα
411 5177 610 5240 πάντες
639 5177 842 5247 τιμῶσι
872 5176 966 5230 τὸν
1001 5177 1150 5240 Υἱὸν,
1181 5174 1361 5238 καθὼς
1394 5177 1597 5247 τιμῶσι
1626 5176 1716 5230 τὸν
1759 5177 1874 5229 Πα-

280 5270 443 5341 τέρα.
470 5288 488 5319 ›
525 5271 632 5322 Καὶ
664 5271 845 5341 πάλιν,
882 5271 1018 5341 ὅπερ
1051 5270 1310 5340 ἐλέγομεν
1343 5269 1545 5340 ἀρτίως
1570 5285 1582 5298 ι
1617 5288 1634 5319 ι
1666 5270 1876 5340 ’Ὥσπερ

279 5358 400 5430 γάρ
431 5361 459 5411 6
492 5360 679 5431 Πατὴρ
715 5360 825 5432 ἔχει
871 5359 1014 5432 ζωὴν
1045 5363 1103 5414 ἐν
1132 5362 1332 5430 ἐαυτῷ,
1363 5359 1537 5423 οὓτως
1583 5359 1750 5413 ἔδωκε
1784 5361 1880 5413 καὶ

363 5516 409 5552 ⁸³
439 5518 569 5574 Luc.
611 5535 763 5585 xrnt,
790 5521 842 5575 8.
919 5519 968 5552 "
997 5518 1153 5574 Joan.
1188 5536 1241 5584 ς,
1273 5518 1354 5573 55.

1980 3524 2033 3577 in
2073 3524 2321 3577 insanum
2369 3538 2495 3576 mox
2546 3522 2872 3576 cachinnum
2906 3522 3195 3576 solvuntur
3221 3522 3402 3576 miseri
3432 3539 3446 3587 ;
3483 3533 3559 3586 et,

1979 3611 2024 3664 si
2055 3609 2324 3678 quispiam
2368 3611 2536 3664 Deum
2562 3610 2712 3663 illum
2749 3612 3134 3676 nominaverit,
3171 3612 3565 3681 indignabundi

1979 3702 2270 3756 confestim
2343 3703 2621 3766 resiliunt,
2675 3713 2728 3757 et
2779 3705 2884 3757 hoc
2916 3704 3410 3774 :mlhropolatriain
3441 3720 3565 3759 esse

1979 3794 2264 3848 deﬁniunt.
2310 3793 2482 3850 Judaei
2512 3797 2827 3866 quoque’in
2885 3797 3168 3852 Christum
3215 3800 3562 3869 insurgentes

1979 3890 2155 3956 palam
2186 3889 2463 3959 objectare
2514 3907 2620 3944 non
2659 3891 2986 3946 dubitabunt
3018 3910 3079 3946 τι
3123 3892 3198 3948 De
3225 3895 3367 3947 bono
3396 3909 3561 3963 Opere

1981 3998 2086 4036 non
2138 3982 2443 4052 Iapidamus
2498 3993 2577 4048 te,
2625 3983 2721 4038 sed
2779 3985 2845 4038 de
2886 3984 3261 4054 blasphemia,
3299 3987 3424 4054 quia
3481 3995 3559 4050 tu,

1977 4073 2140 4129 homo
2193 4090 2315 4128 cum
2367 4077 2465 4142 sis,
2521 4074 2654 4130 facis
2718 4075 2953 4145 teipsuin
3007 4078 3178 4131 Deum
3227 4076 3295 4130 ⁵⁸.
3345 4096 3363 4129 ι
3422 4077 3561 4132 Cum

1977 4167 2240 4234 ejusmodi
2297 4184 2428 4238 ergo
2471 4169 2637 4224 [idem
2692 4181 2985 4226 exacturus
3031 4187 3136 4226 non
3194 4173 3288 4236 sit,
3339 4173 3558 4242 qualem

1977 4269 2228 4314 errantes
2281 4260 2504 4326 habent,
2557 4262 2650 4317 sed
2705 4263 2925 4332 qualem
2985 4279 3086 4318 nos
3142 4274 3410 4328 tenemus,
3465 4265 3562 4334 qui

1979 4360 2131 4405 recte
2183 4366 2379 4420 sapere
2435 4356 2868 4411 consuevimus:
2930 4356 3218 4411 veritatem
3270 4369 3561 4426 sequentes

1980 4443 2294 4497 necessario
2375 4444 2534 4498 fateri
2591 4456 2807 4514 oportet
2858 4463 2980 4501 eum
3033 4449 3126 4516 qui
3183 4452 3351 4502 nostri
3388 4464 3557 4504 causa

1977 4533 2150 4590 Filius
2198 4536 2436 4591 hominis
2487 4537 2662 4592 factus
2724 4548 2829 4603 est,
2875 4537 3046 4593 Deum
3095 4554 3219 4593 esse
3261 4541 3558 4594 secundum

1981 4636 2232 4681 naturam
2273 4644 2288 4679 :
2328 4644 2396 4683 ne
2431 4629 2685 4684 videlicet
2721 4631 2776 4686 in
2827 4631 3126 4685 errantium
3160 4631 3391 4685 crimina
3420 4631 3566 4686 ultre

1982 4735 2081 4774 nos
2121 4719 2467 4788 ohjicientes,
2511 4737 2609 4792 per
2648 4723 2922 4777 inscitiam
2971 4723 3077 4778 illis
3103 4722 3301 4778 similia
3342 4738 3561 4792 sapere,

1907 4798 1952 4853 Ῐ)
1983 4825 2145 4882 atque
2187 4814 2324 4869 adeo
2375 4815 2504 4869 vilia
2554 4816 2801 4885 quadam
2851 4817 2919 4872 de
2957 4817 3177 4873 Christo
3225 4819 3452 4888 perinde
3498 4833 3564 4873 ac

1984 4905 2060 4959 illi
2086 4906 2377 4976 imaginari
2406 4909 2901 4978 deprehendamur.

2053 4996 2190 5054 LIX.
2231 5016 2251 5049 ι
2285 4998 2471 5070 Neque
2499 5001 2644 5053 enim
2683 4999 2864 5067 Pater,
2902 4991 2980 5056 ait
3021 5017 3236 5057 rursum
3283 5004 3561 5071 Christus,

1979 5089 2186 5160 judicat
2225 5105 2584 5161 quemquam,
2615 5096 2710 5147 sed
2736 5111 2900 5150 omne
2923 5096 3191 5166 judicium
3215 5098 3363 5152 dedit
3389 5097 3564 5166 Filio;

1985 5191 2044 5234 ut
2089 5196 2279 5236 omnes
2327 5182 2693 5238 lionoriiicent
2742 5184 2962 5253 Filium,
3007 5187 3148 5240 sicut
3197 5187 3568 5242 honorificam

1983 5269 2202 5325 Patrem
2231 5273 2298 5325 ".
2345 5292 2364 5324 ο
2401 5271 2469 5326 Et
2520 5271 2743 5336 iterum,
2792 5273 2938 5342 quod
2988 5277 3148 5330 modo
3197 5275 3560 5330 dicebamus:

1990 5379 2010 5412 ι
2053 5359 2210 5414 Sicut
2254 5361 2401 5417 enim
2439 5361 2601 5418 Pater
2636 5365 2803 5418 vitam
2839 5365 3001 5421 habet
3037 5367 3089 5420 in
3135 5366 3449 5437 semetipso,
3483 5366 3566 5421 sic

1439 5519 1484 5550 ⁸⁷
1525 5517 1680 5571 Joan.
1713 5531 1764 5582 ν,
1795 5515 1888 5584 22,
1916 5516 2009 5570 9.5.

1390 5673 1563 5730 Variae
1594 5672 1855 5730 lectiones
1879 5670 2081 5727 codicis
2115 5669 2473 5740 Seguieriani.

359 5848 386 5880 τ
414 5837 688 5911 ὀνομάζοι.
767 5844 794 5883 1
819 5837 1070 5906 πρᾶγμα.

581 5935 853 5996 ΡΑτιιοι.
899 5934 1015 5994 (in.
1047 5928 1309 5992 LXXVI.
