4000 6326
363 309 500 366 HIS

1391 305 1450 356 s.
1491 261 1766 356 CYRILLI
1807 297 2272 354 ALEXANIIIIINI
2312 299 2630 355 ARCHIEP.

3489 295 3644 351 "‘20

367 432 516 486 dedit
571 437 625 484 et
674 428 813 494 Filio
856 427 1022 481 vitam
1064 423 1266 479 habere
1300 424 1353 478 in
1383 424 1686 494 semetipso
1723 441 1736 478 :
1767 432 1820 477 et
1848 437 1938 492 po-

2048 422 2127 492 τῷ
2164 422 2278 493 Υἱῷ
2308 423 2452 494 ζωὴν
2495 422 2639 494 ἔχειν
2678 423 2737 476 ὲν
2767 420 2981 493 ἑαυτῷ·
3014 423 3106 476 καὶ
3141 420 3388 488 ἐξουσίαν
3425 419 3646 474 ἔδωκεν

367 529 620 575 Iestatcm
667 519 813 572 dedit
867 518 917 572 ei
948 525 1002 570 et
1041 515 1314 585 judicium
1365 515 1569 580 facere,
1601 516 1726 583 quia
1768 513 1941 568 Filius

367 613 604 668 hominis
653 621 738 665 est
786 608 857 664 ⁸⁸.
914 626 934 661 ι
993 609 1155 663 Canit
1213 608 1412 663 alicubi
1467 608 1662 664 beatus
1715 607 1937 661 David:

371 722 390 755 ι
424 703 689 772 Quoniam
737 699 884 755 Deus
923 697 1095 768 judex
1145 708 1228 752 est
1257 699 1326 752 "°.
1369 717 1388 750 ›
1425 697 1568 764 Quin
1621 706 1672 752 et
1719 697 1940 767 quidam

365 811 581 867 quoque
601 811 666 850 ex
696 794 898 850 Christi
932 793 1216 862 discipulis
1258 808 1423 847 unum
1457 792 1714 863 judicem,
1747 805 1942 844 unum-

365 903 472 958 que
531 887 895 956 legislatorem
955 898 1076 939 esse
1125 883 1314 938 scribit
1362 883 1430 939 ‘°.
1477 881 1620 950 Ergo
1666 877 1942 948 iudicandi

281 1033 286 1036 .
365 984 660 1035 auctoritas
707 979 758 1031 in
805 977 1012 1031 nullum
1063 975 1227 1030 alium
1256 975 1554 1030 convenire
1600 981 1796 1043 potest,
1834 970 1940 1026 nisi

363 1074 419 1127 in
461 1087 583 1126 eum
615 1070 789 1124 solum
832 1069 922 1139 qui
965 1077 1049 1123 est
1090 1068 1333 1121 omnium
1368 1065 1652 1128 Dominus,
1685 1063 1788 1117 hoc
1825 1071 1934 1128 est,

366 1165 420 1218 in
470 1164 659 1217 Deum.
709 1159 997 1228 Quomodo
1030 1174 1162 1229 ergo
1195 1157 1332 1212 Filio
1387 1154 1626 1212 hominis
1672 1155 1940 1224 judicium

366 1254 630 1312 tradidit?
686 1253 818 1307 Nam
869 1253 914 1308 si
974 1267 1092 1307 eam
1139 1251 1216 1305 illi
1271 1259 1592 1320 potestatem
1631 1247 1783 1312 fecit,
1825 1256 1945 1300 tan-

366 1363 524 1416 quam
563 1347 650 1399 uni
689 1345 844 1400 nobis
871 1344 1060 1409 simili,
1115 1342 1389 1412 quomodu
1451 1356 1613 1394 verax
1657 1340 1763 1394 erit
1815 1342 1940 1392 dum

364 1439 485 1491 ait:
534 1455 551 1486 ι
589 1434 828 1490 Gloriam
888 1447 1062 1486 meam
1112 1431 1271 1485 alteri
1318 1446 1426 1484 non
1478 1429 1620 1484 dabo
1665 1428 1758 1482 "‘I
1807 1447 1826 1479 ι
1861 1427 1943 1480 Ad

365 1529 458 1582 Dei
502 1527 645 1581 enim
680 1525 904 1594 gloriam
936 1524 1193 1594 pertinet,
1240 1521 1504 1589 judicium
1547 1535 1828 1576 exercere.
1885 1519 1940 1575 Si

369 1631 550 1674 autem
579 1617 924 1688 iudiciariam
965 1622 1290 1684 potestatem
1340 1612 1480 1668 Filio
1525 1613 1599 1667 ita
1635 1613 1946 1668 communi-

365 1712 532 1774 cavit,
584 1717 644 1762 ut
677 1708 794 1778 ipse
842 1716 1023 1760 tamen
1063 1714 1287 1775 propter
1328 1703 1646 1760 subStantia:
1683 1704 1938 1758 identita-

367 1801 771 1873 temjudicandi
795 1798 885 1866 jus
918 1814 1024 1853 non
1057 1798 1329 1864 amiserit,
1381 1809 1437 1853 et
1467 1797 1557 1854 ille
1591 1798 1942 1852 nihilominus

362 1897 456 1965 qui
483 1895 730 1963 accepit,
760 1893 928 1948 Filius
967 1893 1038 1946 sit
1061 1889 1328 1957 hominis,
1377 1891 1650 1960 quomodo
1682 1890 1940 1945 omnibus

363 1986 712 2044 manifestum
759 1999 868 2039 non
922 1985 984 2037 fit
1045 1982 1311 2046 Verbum,
1357 1991 1578 2053 propter
1613 1981 1937 2038 ineffabilem

365 2080 510 2135 illam
557 2093 622 2133 ex
676 2078 784 2131 Deo
839 2073 1000 2129 Patre
1049 2074 1502 2144 generationem,
1560 2071 1729 2128 Deum
1783 2088 1937 2140 esse;

364 2171 617 2238 idemque
665 2182 905 2231 rursum,
951 2176 1240 2236 propterea
1293 2165 1436 2234 quod
1500 2165 1652 2219 carni
1707 2165 1940 2229 unitutn,

360 2262 697 2332 perindeque
734 2273 799 2314 ac
830 2274 928 2313 nos
957 2271 1027 2312 ex
1069 2257 1298 2311 muliere
1332 2267 1518 2312 natum
1551 2267 1655 2320 est,
1705 2241 1942 2312 hominis

360 2354 559 2409 Filium
607 2351 769 2406 esse?
817 2351 953 2404 Cum
999 2363 1130 2419 ergo
1180 2347 1384 2405 Judzeis
1435 2348 1608 2404 dicit:
1664 2367 1680 2399 ι
1709 2348 1822 2404 Cur
1855 2364 1943 2404 me

361 2443 611 2513 quaeritis
643 2441 954 2496 interficere
984 2440 1285 2504 hominem,
1327 2441 1421 2511 qui
1459 2443 1750 2500 veritatem
1789 2443 1942 2497 vobis

361 2536 573 2591 locutus
611 2548 730 2588 sum
761 2531 846 2586 ⁸⁸2
887 2550 907 2584 ι
944 2541 999 2586 et
1034 2547 1249 2586 rursum
1298 2549 1313 2586 :
1353 2551 1370 2584 ι
1403 2531 1574 2588 Nemo
1609 2536 1851 2590 ascendit
1887 2537 1940 2590 in

363 2625 560 2681 malum
614 2622 720 2678 nisi
779 2623 872 2693 qui
923 2623 1203 2679 descendit
1248 2625 1315 2680 de
1363 2625 1526 2688 coelo,
1560 2624 1731 2682 Filius
1761 2627 1938 2680 homi-

362 2717 556 2783 nis“;
613 2731 632 2767 ι
681 2724 736 2770 et
775 2715 970 2769 iterum
1021 2733 1037 2769 :
1087 2732 1106 2766 ‹
1179 2715 1246 2770 Ει
1305 2716 1450 2771 sicut
1502 2717 1715 2788 Moyses
1772 2719 1934 2788 180

361 2808 624 2864 exaltavit
671 2817 976 2869 serpentem
1005 2807 1058 2860 in
1093 2809 1332 2874 deserto,
1374 2809 1447 2863 ita
1474 2809 1702 2864 exaltari
1731 2821 1943 2881 Oportet

361 2900 560 2955 Filium
611 2899 849 2954 hominis
881 2899 971 2964 “;
1020 2917 1039 2951 ι
1076 2909 1174 2954 aut
1215 2916 1340 2955 cum
1391 2901 1459 2955 de
1493 2902 1674 2971 seipso
1709 2903 1782 2958 ita
1814 2903 1889 2956 ait
1923 2920 1936 2956 :

362 3011 387 3044 4
424 2989 593 3046 Filius
621 2993 764 3045 enim
803 2990 1040 3046 hominis
1066 3002 1330 3050 venturus
1353 3005 1435 3047 est
1471 2993 1524 3047 in
1556 2995 1725 3061 gloria
1761 2994 1940 3051 Patris

2043 514 2192 584 αὐτῷ
2221 515 2318 567 καὶ
2350 514 2531 584 κρίσιν
2578 515 2774 576 ποιεῖν,
2809 514 2892 566 ὅτι
2931 512 3061 576 Υἱὸς
3116 511 3402 582 ἀνθρώπου
3437 509 3587 564 ἔστι.
3617 526 3640 559 ι

2041 604 2246 658 Ψάλλει
2273 604 2329 658 δέ
2367 622 2469 658 που
2513 605 2606 658 καὶ
2635 605 2664 657 6
2701 606 2969 676 μακάριος
2998 605 3161 658 Δαυῒδ
3181 622 3195 634 '
3233 623 3254 656 α
3283 604 3407 657 Ὅτι
3438 605 3467 656 ό
3495 601 3650 664 Θεὸς

2043 698 2233 769 κριτής
2286 699 2424 750 ἐστι.
2455 715 2474 748 ›
2520 697 2772 768 Γέγραφε
2805 697 2862 750 δὲ
2909 697 3004 751 καὶ
3051 699 3080 750 6
3129 695 3294 751 αὐτοῦ
3337 695 3602 766 μαθητής
3629 709 3646 724 ο

2050 807 2069 840 ι
2103 784 2198 852 Εἷς
2237 789 2386 842 ἐστιν
2411 790 2439 843 6
2473 788 2772 860 νομοθέτης
2805 789 2900 844 καὶ
2933 789 3148 862 κριτής.
3184 807 3204 840 ι
3242 787 3450 842 Οὐκοῦν
3496 784 3652 855 πρέ-

2045 897 2135 935 ποι
2167 882 2232 935 ἂν
2260 883 2359 952 οὐχ
2401 883 2573 953 ἑτέρῳ
2614 883 2722 935 τινὶ
2762 880 2872 935 τῶν
2918 882 3088 935 όντων
3112 881 3174 934 τὸ
3205 879 3431 952 κρίνειν,
3486 877 3651 947 πλὴν

2043 975 2128 1028 ὃτι
2163 975 2307 1046 μόνῳ
2337 975 2413 1046 τῷ
2439 976 2530 1028 ἐπὶ
2561 975 2778 1029 πάντων
2807 973 2946 1045 Θεῷ.
2977 974 3102 1038 Πῶς
3130 968 3222 1027 οὖν
3269 972 3467 1026 ἔδωκεν
3494 969 3652 1024 αὐτὸ

2045 1065 2124 1135 τῷ
2172 1066 2286 1136 Υἱῷ
2330 1065 2671 1138 ἀνθρώπους
2705 1064 2771 1119 Ei
2823 1066 2920 1135 μὲν
2977 1060 3072 1118 οὖν
3109 1063 3187 1126 ὡς
3226 1063 3305 1116 ένὶ
3349 1062 3459 1116 τῶν
3503 1059 3650 1114 καθ’

2047 1159 2214 1229 ἡμᾶς,
2248 1159 2364 1220 πῶς
2407 1157 2696 1230 ἀληθεύσει
2743 1158 2952 1226 λέγων’
2993 1176 3012 1208 ι
3048 1157 3158 1228 Τὴν
3203 1155 3360 1222 δόξαν
3395 1171 3500 1224 μου
3528 1153 3651 1221 οὐχ

2047 1249 2220 1319 ἑτέρῳ
2251 1249 2440 1316 Subota;
2474 1269 2492 1300 ι
2533 1249 2670 1302 Θεοῦ
2717 1249 2826 1318 γὰρ
2872 1249 3000 1314 δόξα
3033 1247 3094 1302 τὸ
3140 1243 3275 1301 εἶναι
3309 1247 3525 1316 κριτήν.
3575 1244 3652 1296 El

2047 1340 2102 1394 δὲ
2124 1342 2246 1404 δοὺς
2265 1341 2395 1394 αὐτὸ
2420 1340 2495 1410 τῷ
2512 1340 2625 1411 Υίῷ
2651 1341 2751 1394 οὐκ
2777 1340 2882 1406 ἔξω
2906 1340 3097 1408 γέγονε
3125 1337 3217 1391 τοῦ
3246 1335 3446 1409 κρίνειν
3465 1333 3651 1396 αὐτὸς

2045 1433 2134 1487 διὰ
2171 1435 2270 1504 τὴν
2299 1435 2605 1505 ταυτότητα
2641 1434 2742 1502 τῆς
2771 1433 2956 1494 οὐσίας
2977 1447 2993 1462 ·
3024 1431 3136 1484 ἐστι
3161 1431 3217 1484 δὲ
3245 1432 3273 1482 6
3298 1427 3478 1482 λαϐὼν
3501 1426 3651 1490 Υἱὸς

2047 1525 2372 1596 ἀνθρώπου·
2411 1526 2528 1588 πῶς
2574 1527 2672 1596 οὐχ
2708 1526 2910 1579 ἅπασιν
2945 1524 3208 1594 ἐναργὲς,
3245 1523 3327 1576 ὅτι
3361 1522 3492 1584 Θεὸς
3528 1520 3650 1590 μέν

2049 1621 2196 1673 ἐστιν
2236 1622 2264 1673 6
2298 1620 2468 1687 Λόγος
2509 1618 2599 1672 διὰ
2647 1618 2746 1690 τὴν
2793 1621 2858 1672 ὲκ
2895 1617 3030 1671 Θεοῦ
3063 1616 3272 1686 Πατρὸς
3316 1613 3650 1686 ἀπόρρητον

2046 1712 2325 1782 γέννησιν,
2347 1711 2376 1763 6
2397 1711 2559 1774 αὐτὸς
2587 1711 2644 1764 δὲ
2675 1712 2771 1764 καὶ
2801 1711 2929 1774 Υἱὸς
2965 1707 3254 1781 ἀνθρώπου
3281 1706 3368 1760 διὰ
3399 1715 3458 1758 το
3486 1705 3650 1776 ἠδῶ-

2048 1803 2172 1856 σθαι
2218 1803 2418 1874 σαρκὶ,
2455 1803 2549 1855 καὶ
2596 1801 2718 1855 καθ’
2746 1802 2897 1872 ἡμᾶς
2930 1801 3220 1871 ὑπομεῖναι
3268 1798 3520 1866 γέννησιν
3567 1796 3651 1847 ὲκ

2047 1895 2346 1966 γυναικός;
2374 1896 2543 1948 Ὅταν
2571 1890 2663 1948 οῦν
2691 1893 2825 1965 λέγῃ
2875 1893 3011 1964 πρὸς
3047 1890 3338 1954 Ἰουδαίους
3357 1905 3371 1920 ·
3411 1909 3428 1941 ι
3458 1889 3526 1940 Τί
3561 1904 3648 1958 με

2046 1987 2262 2058 ζητεῖτε
2289 1987 2615 2040 ἀποκτεῖναι
2645 1984 2954 2057 ἄνθρωπον,
2981 1983 3039 2048 ὃς
3082 1983 3182 2054 τὴν
3214 1981 3470 2052 ἀλήθειαν
3501 1981 3650 2050 ὑμῖν

2042 2081 2342 2150 λελάληκας
2374 2099 2392 2133 ι
2423 2079 2532 2132 Kal.
2560 2079 2720 2132 πάλιν
2740 2093 2755 2108 ο
2785 2098 2802 2130 ι
2834 2065 2942 2131 Καὶ
2970 2077 3144 2140 οὐδεὶς
3172 2073 3513 2144 ἀναϐέϐηκεν
3549 2073 3650 2136 εἰς

2043 2174 2132 2229 τὸν
2160 2173 2487 2252 οὐρανὸν,.εἰ
2527 2173 2603 2244 μὴ
2633 2174 2662 2226 6
2697 2172 2762 2224 ἐκ
2793 2171 2888 2224 τοῦ
2922 2169 3152 2241 οὐρανοῦ
3178 2166 3422 2229 καταϐὰς
3443 2170 3473 2220 6
3501 2166 3650 2229 Υίὸς

2042 2268 2137 2322 τοῦ
2185 2265 2493 2339 ἀνθρώπου.
2527 2285 2545 2317 ι
2589 2267 2701 2318 Καὶ
2736 2264 2898 2318 πάλιν
2921 2280 2934 2294 ·
2970 2282 2988 2315 ι
3021 2264 3131 2317 Kal.
3177 2261 3358 2324 καθὼς
3384 2260 3649 2327 Μωῦσῆς

2045 2362 2228 2431 ὕψωσε
2259 2361 2350 2414 τὸν
2387 2359 2512 2429 ὅφιν
2544 2359 2601 2410 ὲν
2649 2361 2715 2429 τῇ
2759 2359 2973 2428 ἐρήμῳ,
3019 2354 3193 2418 οὕτως
3239 2352 3520 2423 ὑψωθῆναι
3553 2351 3649 2404 δεῖ

2041 2454 2132 2507 τὸν
2160 2453 2288 2506 Υἱὸν
2311 2451 2405 2506 τοῦ
2431 2449 2742 2522 ἀνθρώπου.
2773 2469 2791 2500 ι
2818 2450 2890 2501 Ἦ
2916 2449 3046 2502 ὃταν
3073 2447 3206 2518 λέγῃ
3235 2445 3361 2518 περὶ
3390 2444 3593 2498 ἑαυτοῦ
3619 2460 3643 2476 ·

2047 2566 2066 2598 ς
2099 2546 2298 2600 Μέλλει
2330 2547 2440 2614 γὰρ
2477 2545 2507 2596 6
2537 2545 2663 2606 Υἱὸς
2707 2542 2803 2596 τοῦ
2838 2540 3127 2612 ἀνθρώπου
3168 2539 3423 2610 ἔρχεσθαι
3453 2539 3514 2590 ὲν
3561 2539 3641 2609 τῇ

2039 2640 2164 2710 δόξῃ
2206 2638 2301 2692 τοῦ
2337 2637 2549 2711 Πατρὸς
2581 2635 2746 2690 αὑτοῦ
2785 2635 2924 2705 μετὰ
2949 2633 3061 2687 τῶν
3104 2633 3275 2701 ἁγίων
3309 2629 3580 2698 ἀγγέλων.
3611 2650 3636 2679 ι

2042 2735 2150 2786 Καὶ
2178 2731 2342 2785 πάλιν
2361 2747 2372 2758 ·
2408 2751 2424 2781 ι
2454 2729 2587 2782 Τίνα
2622 2745 2689 2798 με
2717 2727 2964 2796 λέγουσιν
2991 2727 3040 2779 oi
3081 2725 3354 2795 ἄνθρωποι
3373 2718 3513 2775 εἶναι
3536 2720 3643 2774 τὸν

2043 2825 2170 2879 Υἰὸν
2195 2824 2286 2877 τοῦ
2319 2820 2638 2893 ἁνθρώπου;
2671 2841 2689 2872 ι
2722 2820 2795 2873 Ἦ
2823 2820 2918 2873 καὶ
2945 2816 3307 2883 ἁπαξαπλῶς,
3339 2815 3531 2877 ὁσάκις
3563 2815 3642 2866 ἂν

2041 2916 2328 2988 ἄνθρωπος
2363 2912 2690 2982 ὀνομάζεται
2734 2911 2886 2983 παρὰ
2923 2913 2990 2981 τῇ
3022 2907 3367 2977 θεοπνεύστῳ
3411 2907 3637 2978 Γραξῇ,

2042 3009 2142 3061 οὐκ
2177 3007 2283 3077 ἰδίᾳ
2312 3006 2407 3058 καὶ
2440 3004 2543 3058 ἀνὰ
2578 3005 2742 3076 μέρος
2772 2991 3062 3074 ἄνθρωπον
3094 2997 3232 3053 εἶναί
3268 3017 3470 3070 φαμεν,
3497 3000 3636 3051 ἀπο-

361 3085 446 3142 sui
473 3099 597 3139 cum
629 3083 837 3153 angelis
873 3083 991 3137 suis
1024 3084 1109 3148 '3;
1146 3102 1165 3135 ι
1209 3094 1265 3138 et
1297 3085 1492 3138 iterum
1529 3101 1544 3138 :
1583 3104 1601 3137 ι
1647 3085 1817 3150 Quem
1852 3102 1936 3141 me

2045 3100 2382 3170 διαιροῦντες
2406 3097 2571 3152 αὑτοῦ
2642 3098 2732 3149 τὸν
2771 3097 2834 3148 ἐκ
2878 3094 3015 3148 Θεοῦ
3039 3093 3250 3163 Πατρὸς
3294 3092 3497 3160 Λόγον·
3537 3107 3633 3143 πι-

361 3178 549 3234 dicunt
581 3176 826 3231 homines
851 3191 970 3230 esse
997 3175 1193 3230 Filium
1226 3177 1465 3232 hominis
1494 3177 1538 3207 ⁸⁵
1565 3179 1588 3232 ?
1621 3197 1640 3230 ι
1675 3179 1932 3247 denique,

360 3277 420 3322 ut
461 3268 623 3321 unico
654 3266 821 3320 verbo
859 3265 1161 3330 absolvam,
1200 3265 1636 3337 quotiescunque
1681 3268 1735 3321 in
1791 3266 1940 3321 Scri-

359 3366 520 3428 ptura
584 3356 850 3411 divinitus
905 3357 1169 3425 inspirata
1230 3357 1392 3412 homo
1437 3360 1771 3428 appellatur,
1833 3378 1938 3415 non

359 3451 637 3505 hominem
689 3464 934 3504 seorsum
1000 3465 1095 3516 per
1144 3466 1224 3516 se,
1298 3449 1479 3506 Verbo
1532 3453 1676 3521 quod
1717 3469 1783 3508 ex
1828 3453 1939 3509 Deo

358 3551 444 3598 est
467 3541 707 3606 secluso,
744 3549 924 3595 mente
961 3540 1323 3609 concipimus,
1379 3542 1472 3594 sed
1517 3543 1699 3610 potius
1754 3545 1935 3598 credi-

360 3649 483 3687 mus
540 3632 635 3687 Dei
667 3630 912 3687 Verbum
945 3632 1340 3701 dispensatorie
1368 3641 1586 3702 propter
1621 3649 1716 3687 nos
1743 3633 1936 3688 Filium

358 3723 601 3779 hominis
655 3720 879 3784 faetum,
938 3721 1227 3775 divinitate
1261 3722 1475 3775 interim
1505 3722 1650 3776 nulla
1684 3737 1750 3776 ex
1785 3733 1938 3792 parte

359 3815 561 3867 amissa
614 3821 707 3865 aut
759 3811 1111 3876 labefactata,
1184 3822 1238 3867 et
1279 3829 1444 3866 unum
1482 3829 1602 3870 esse
1647 3814 1934 3870 Dominum

358 3913 606 3958 nostrum
668 3902 851 3958 Jesum
912 3904 1212 3959 Christum.
1275 3904 1342 3958 Et
1406 3906 1528 3961 ideo
1595 3923 1700 3962 non
1761 3920 1938 3976 potest

357 4011 571 4051 summa
616 4011 737 4049 cum
790 3996 1068 4066 impietate
1116 3997 1467 4067 coniunctum
1501 4014 1605 4052 non
1637 4015 1779 4064 esse,
1814 4011 1938 4071 post

359 4085 686 4141 indivulsam
736 4086 885 4141 illam
941 4087 1473 4159 inseparabilemque
1527 4091 1938 4162 unionemqu

358 4192 575 4230 omnem
597 4178 821 4232 omnino
844 4187 899 4232 et
931 4179 1132 4234 mentis
1173 4189 1227 4234 et
1259 4180 1489 4236 rationis
1517 4192 1735 4250 captum
1775 4198 1936 4240 exce-

358 4265 437 4319 dit
470 4265 782 4334 plurimum,
831 4267 876 4321 si
929 4268 1053 4336 quis
1084 4284 1248 4323 unum
1283 4269 1336 4322 in
1377 4264 1790 4329 duos'Christos
1844 4284 1938 4330 aut

357 4355 500 4410 ﬁlios
529 4356 756 4410 dividat.
792 4357 1066 4414 Caeterum
1098 4360 1143 4414 si
1182 4360 1269 4415 cui
1307 4363 1525 4417 animus
1555 4375 1724 4431 esset,
1752 4368 1935 4421 omnia

2045 3188 2308 3257 στεύομεν
2354 3188 2412 3240 δὲ
2463 3187 2660 3257 μᾶλλον
2711 3186 2791 3238 ὅτι
2843 3185 2937 3238 καὶ
2979 3183 3111 3246 Θεός
3155 3184 3303 3236 ἐστιν
3341 3181 3629 3253 ἀληθινὸς.

2041 3281 2230 3349 γέγονε
2260 3280 2315 3332 δὲ
2347 3280 2440 3332 καὶ
2488 3280 2614 3341 Υἱὸς
2657 3276 2942 3349 ἀνθρώπου
2973 3277 3040 3328 δι’
3085 3278 3238 3346 ἡμᾶς
3268 3275 3634 3344 οἰκονομικῶς

2045 3373 2182 3440 μετὰ
2208 3371 2298 3423 τοῦ
2329 3374 2505 3441 μεῖναι
2531 3381 2551 3407 ι
2592 3370 2744 3435 Θεὸς,
2794 3370 2887 3422 καὶ
2917 3365 2998 3433 εἷς
3030 3371 3146 3422 ἐστι
3182 3368 3385 3439 Κύριος
3417 3366 3632 3437 Ἰησοῦς

2041 3461 2294 3530 Χριστός.
2334 3459 2555 3522 ’Λσεϐὲς
2583 3459 2639 3512 δὲ
2671 3459 2789 3511 λίαν
2821 3459 2884 3510 τὸ
2925 3459 3178 3530 διορίζειν
3219 3459 3297 3520 είς
3338 3457 3430 3510 δύο
3474 3457 3631 3519 υἱοὺς

2042 3553 2136 3604 καὶ¹
2171 3551 2263 3604 δύο
2297 3550 2564 3619 Χριστοὺς
2585 3591 2600 3615 ,
2636 3552 2775 3620 μετὰ
2803 3551 2900 3621 τὴν
2939 3551 3310 3603 ἀδιάσπαστον
3339 3549 3556 3610 ἕνωσιν,
3590 3549 3625 3619 ἦ

2042 3643 2135 3695 καὶ
2165 3641 2256 3695 νοῦ
2291 3642 2382 3695 καὶ
2410 3641 2566 3710 λόγου
2603 3643 2802 3705 παντὸς
2832 3641 3093 3695 ἐπέκεινά
3127 3641 3186 3693 τέ
3215 3642 3330 3694 ἐστι
3360 3641 3454 3694 καὶ⁵
3484 3642 3629 3693 ἅνω-

2039 3735 2205 3788 τὰτω.
2239 3735 2348 3788 Ka‘t
2379 3731 2447 3804 ἦν
2486 3735 2584 3804 μὲν
2631 3734 2760 3797 ἴσως
2798 3735 2858 3786 οὐ
2895 3733 3151 3804 δυσχερὲς
3197 3734 3338 3800 ἄγαν
3373 3737 3482 3796 τοῖς
3507 3731 3631 3786 ἐθέ-

2040 3828 2190 3880 λουσι
2223 3827 2529 3897 βασανίζειν
2576 3827 2795 3880 ἅπαντα
2833 3825 2901 3879 τὰ
2949 3827 3079 3896 περὶ
3103 3825 3338 3896 Χριστοῦ
3377 3843 3630 3898 γεγραμ-

2043 3919 2212 3990 μένα,
2261 3921 2353 3972 καὶ
2401 3920 2665 3972 πλειόνων
2709 3918 3317 3990 ὲννοιῶνᾷποιήσασθαι
3369 3918 3465 3988 τὴν
3511 3915 3624 3972 τιαέ

2045 3988 2289 4083 ρὰθεσιν’
2329 4012 2446 4064 ἀλλ’
2481 4012 2638 4080 ἴσμεν
2672 4011 2732 4064 τὸ
2778 3988 3190 4081 γεγρισμμένον·
3221 4029 3239 4061 ι
3269 4010 3420 4063 Δίδου
3469 4010 3623 4080 σοφῷ

2041 4104 2312 4175 ἀφορμὴν,
2361 4104 2454 4157 καὶ
2503 4102 2808 4174 σοφώτερος
2853 4103 3024 4156 ἔσται.
3057 4122 3074 4154 ι
3114 4103 3419 4172 Ποδηγήσει
3449 4103 3557 4173 γὰρ
3589 4105 3622 4155 6

2039 4193 2147 4248 τῶν
2178 4195 2314 4248 ὅλων
2351 4195 2482 4256 Θεὸς
2505 4194 2594 4248 διὰ
2633 4195 2726 4248 τοῦ
2755 4194 2912 4262 ἁγίου
2947 4193 3265 4264 Πνεῦματος
3307 4195 3406 4257 τὰς
3439 4193 3626 4262 030:9:-

2040 4289 2302 4352 λεστάτας
2353 4287 2508 4358 ὑμῶν
2555 4286 2774 4350 ἁκοὰςει
2821 4286 2907 4350 εἵς
2946 4303 3010 4354 γε
3053 4287 3114 4340 τὸ
3147 4286 3407 4340 δύνασθαι
3448 4287 3630 4358 ὀρθῶς

2040 4385 2198 4435 νοεῖν.
2240 4380 2427 4451 Εὑρὼν
2456 4379 2565 4450 γὰρ
2595 4378 2736 4432 οὓτω
2765 4379 3000 4449 Χριστὸς
3033 4380 3090 4430 ὲν
3120 4379 3250 4448 ὑμῖν
3290 4378 3390 4448 τὴν
3436 4377 3630 4428 πίστιν

358 4463 481 4517 qua:
533 4450 599 4504 de
641 4437 863 4504 Christo
913 4449 1113 4506 litteris
1173 4453 1492 4522 consignata
1549 4467 1782 4522 exstant,
1815 4460 1934 4514 dili-

2045 4472 2234 4541 ἀκλινῆ
2263 4437 2357 4523 κοὶι
2381 4437 2671 4540 ἀϐέϐηλον,
2704 4437 3036 4538 στεςρανώσ-ει
3064 4437 3463 4530 πλουσίωςποῖς
3491 4467 3630 4518 ἄνω.

361 4539 576 4610 gentius
620 4543 954 4609 examinare,
1010 4543 1086 4598 illi
1139 4545 1330 4615 utique
1356 4547 1500 4602 haud
1535 4549 1696 4604 nimis
1723 4550 1936 4608 difficile

361 4632 506 4686 foret
547 4631 733 4702 plures
781 4634 962 4688 adhuc
1011 4634 1146 4690 alias
1191 4639 1494 4693 sententias
1546 4640 1696 4694 hisce
1746 4643 1936 4711 adjun-

358 4742 528 4796 gere;
566 4729 660 4782 sed
703 4729 966 4796 scriptum
1004 4730 1254 4784 novimus
1290 4745 1305 4783 :
1342 4749 1360 4782 ι
1399 4732 1474 4785 Da
1507 4735 1739 4804 sapienti
1773 4753 1936 4792 occa~

355 4819 596 4885 sionem,
643 4827 694 4874 et
741 4819 1042 4889 sapientior
1069 4821 1176 4875 erit
1208 4821 1271 4875 ⁶⁷.
1313 4841 1332 4873 ι
1370 4821 1760 4881 Universorum
1791 4829 1934 4886 Deus

2045 4563 2136 4615 θεν
2164 4561 2408 4630 ἀγαθοῖς,
2437 4559 2529 4612 καὶ
2558 4559 2988 4628 παμμακαρίους
3015 4558 3303 4625 ἀποφανεῖ.
3334 4557 3489 4609 Πᾶσα
3513 4556 3628 4625 γὰρ

2044 4653 2200 4725 ἡμῶν
2227 4653 2380 4714 ἐλπὶς
2405 4653 2465 4704 ὲν
2487 4650 2726 4722 Χριστῷ,
2753 4651 2821 4703 δι’
2847 4646 2906 4704 οὗ
2933 4651 3026 4703 καὶ
3055 4649 3174 4720 μεθ’
3195 4642 3258 4702 οὗ
3284 4648 3360 4718 τῷ
3389 4647 3562 4717 Πατρὶ
3591 4650 3627 4718 ἡ

2041 4744 2169 4810 δόξα
2199 4746 2293 4798 σὺν
2315 4744 2453 4816 ἁγίῳ
2477 4743 2758 4815 Πνεῦματι
2783 4745 2862 4806 εἰς
2887 4745 3012 4806 τοὺς
3034 4742 3236 4806 αἰῶνας
3259 4741 3364 4794 τῶν
3388 4739 3626 4796 αἰώνων.

2055 4840 2108 4891 Ἀ
2121 4838 2247 4908 μήν.

333 4921 569 4964 ιιηοηιεε
623 4920 851 4976 vestras,
901 4911 1324 4982 religiosissime
1367 4916 1761 4988 intperatrices,
1816 4941 1914 4996 per

2052 4932 2212 4984 ritqu
2273 4937 2522 4984 sanctum
2586 4929 2807 4998 diriget,
2839 4938 2898 4984 ut
2965 4939 3175 4983 rectum
3219 4942 3440 4982 sensum
3470 4940 3628 4981 asse-

356 5002 448 5072 qui
507 5001 749 5071 possitis.
815 5000 1030 5057 Etenim
1096 5003 1344 5059 Christus
1396 5006 1655 5066 Dominus
1709 5014 1782 5068 ita
1830 5033 1926 5075 vos

2043 5031 2367 5092 omparatas,
2411 5021 2514 5075 hoc
2579 5032 2682 5085 est,
2726 5024 2879 5076 firma
2919 5037 2984 5076 ac
3021 5021 3233 5076 ostabili
3273 5019 3378 5074 fide
3401 5030 3625 5074 ornatas

355 5095 663 5157 inveniens,
714 5092 1030 5148 cmlestibus
1071 5093 1228 5148 bonis
1279 5095 1486 5150 affatim
1542 5099 1908 5174 locupletabit,

2047 5127 2253 5181 ngeque
2303 5111 2645 5167 beatissimas
2689 5112 2904 5167 efficiet.
2946 5111 3135 5168 Omnis
3198 5130 3431 5185 namque
3498 5129 3626 5185 spes

355 5198 540 5246 nostra
590 5191 642 5242 in
682 5188 908 5243 Christo
938 5190 1042 5243 sita
1076 5199 1160 5245 est
1195 5209 1207 5244 :
1245 5206 1341 5261 per
1373 5208 1531 5261 quem
1564 5207 1618 5251 et
1652 5215 1775 5255 cum
1815 5218 1924 5272 quo
1962 5206 2107 5261 Patri
2131 5223 2254 5261 cum
2279 5207 2485 5277 Spiritu
2524 5217 2714 5264 sancto
2777 5209 2850 5264 sit
2909 5209 3080 5278 gloria
3114 5210 3168 5263 in
3199 5209 3400 5264 saecula
3460 5224 3627 5264 saecu-

353 5286 553 5341 lorum.
585 5286 778 5340 Amen.

427 5425 471 5455 ³⁸
493 5424 730 5498 {oan._v,
757 5425 849 5490 26,
876 5426 969 5498 ‘27,
1043 5428 1087 5459 ⁵³
1114 5427 1257 5482 Psal.
1293 5447 1438 5498 xux,
1479 5432 1531 5486 6.

1637 5435 1688 5510 ‘_°_
1712 5435 1825 5491 330-
1862 5454 1934 5499 IV.
1964 5441 2048 5496 12.
2129 5442 2170 5472 “
2207 5441 2309 5496 lsa.
2344 5458 2534 5510 XLVIII,
2569 5444 2652 5498 11.

2768 5444 2810 5476 θ’
2841 5441 2994 5500 Joan.
3033 5456 3151 5512 Vili,
3185 5441 3274 5498 40.
3388 5441 3435 5474 “
3460 5436 3618 5496 Joan.

354 5496 556 5561 nnis.
633 5495 956 5552 “tum”.
1035 5499 1078 5530 εδ
1111 5498 1296 5556 Matth.
1335 5495 1446 5569 va,
1477 5505 1566 5557 a7.
1647 5495 1938 5566 “minus

2048 5512 2092 5544 ⁶⁷
2118 5495 2280 5569 Prov.
2300 5495 2474 5578 life}

1438 5617 1609 5677 Varia:
1649 5621 1912 5682 lectiones
1937 5627 2138 5685 codicis
2171 5627 2535 5699 Seguicriani.

425 5733 449 5764 ι
475 5720 633 5780 εἶναι.
708 5735 724 5758 ⁸
758 5726 1011 5790 διανοίας.
