4000 6326
334 403 360 458 1
381 402 476 459 123

1521 394 1945 454 FRAGMENTA
1985 395 2402 457 DOGMATICA.

3444 408 3582 463 M'ZG

330 520 448 591 χαὶ,
475 514 591 571 ἀλλ’
621 517 678 569 ὲν
709 514 874 579 ζῶσιν
902 514 982 568 Est
1008 512 1312 583 λογίζονται
1360 513 1512 585 παρὰ
1538 512 1617 585 τῷ
1643 512 1783 578 Θεῶ,
1815 512 1900 575 τίς

2027 516 2146 583 ιι)υά
2177 516 2367 571 Deum.
2398 517 2531 584 Quis
2558 519 2662 575 hoc
2690 533 2938 576 asserere
2968 521 3280 578 recusabit?
3311 522 3376 578 Et
3399 536 3583 594 paucis

330 612 362 665 ὁ
392 610 556 679 φάναι
588 605 1058 679 παραιτούμενος;
1113 604 1224 660 Καὶ
1261 604 1389 675 μετ’
1418 605 1614 674 ὀλίγα·
1658 603 1909 657 Ἐννοιῶν

331 702 443 772 ἄρα
473 700 651 769 σοφῶν
678 717 739 752 τε
768 700 863 753 καὶ
890 697 1109 766 ἀγαθῶν
1137 698 1197 750 οὐ
1240 695 1474 768 μετρίως
1521 695 1910 767 ἡμαρτηκότας

332 794 539 848 κατίδοι
566 809 650 856 τις
677 792 743 845 ἂν
771 793 898 853 τοὺς
914 791 1236 861 ἀποστερεῖν
1265 788 1548 852 ἐθέλοντας
1574 788 1702 851 τοὺς
1731 803 1912 839 κεκοι-

340 886 614 957 μημένους
660 885 755 938 καὶ
783 883 972 947 θυσίας
1002 886 1101 954 τῆς
1133 883 1422 954 μυστικῆς,
1453 882 1548 937 καὶ
1577 881 1678 951 τῆς
1707 879 1912 936 ἄνωθεν

335 977 690 1047 ἡμερότητος.
718 975 861 1028 Ζῶσι
893 973 1023 1046 γὰρ,
1053 974 1128 1037 ὡς
1148 974 1306 1045 ἔφην,
1336 972 1398 1025 τό
1415 990 1478 1042 γε
1506 975 1564 1027 ὲν
1581 972 1749 1026 εἰκόνι
1775 971 1911 1025 Θεοῦ

337 1068 530 1139 ὥσπερ
552 1067 764 1121 οὐδέ-πω
780 1066 965 1137 ζήσειν
996 1065 1301 1136 μέλλοντες,
1334 1064 1429 1118 κατ⁹
1457 1063 1606 1135 αὑτῷ
1636 1064 1694 1117 δὲ
1727 1063 1914 1117 συνόνο

334 1176 428 1222 τες
456 1155 695 1228 Χριστῷ.
721 1157 830 1211 Kal
856 1156 983 1224 μετ’
1001 1153 1327 1225 ὀλίγα,τὴν
1350 1153 1457 1208 τοῦ
1492 1154 1613 1208 ’1ὼό
1631 1153 1781 1221 ὑπὲρ
1798 1151 1915 1207 τῶν

336 1250 563 1303 τέκνων
591 1247 999 1315 παραθέμενος
1026 1246 1266 1299 θυσίαν·
1290 1245 1441 1315 φησι
1460 1245 1591 1315 γὰρ,
1626 1245 1713 1298 ὅτι
1730 1264 1747 1296 ι
1782 1245 1914 1298 Ἀπ-

336 1343 627 1396 έστελλεν
653 1341 799 1405 Ἰὼϐ,
835 1342 932 1394 καὶ
974 1338 1316 1408 ἐκαθάριζεν
1346 1338 1568 1404 αὐτοὺς
1594 1336 1914 1406 ἀνιστάμεο

336 1452 445 1500 νος
476 1433 555 1499 τῷ
590 1432 759 1501 πρωῒ,
791 1432 887 1486 καί
917 1432 1274 1501 προσφέρων
1289 1431 1440 1500 ὑπὲρ
1471 1429 1671 1484 αὐτῶν
1700 1429 1917 1495 θυσίας

337 1526 489 1579 κατὰ
535 1524 642 1578 τὸν
688 1522 940 1593 ἀριθμὸν
978 1522 1195 1587 αὐτῶν,
1222 1542 1239 1574 ι
1276 1523 1373 1577 καί
1417 1521 1679 1590 ἐπιφέρει
1700 1522 1912 1591 λέγων·

335 1614 546 1669 Οὐκοῦν
562 1617 662 1669 οὐκ
678 1614 981 1685 ἀπόϐλητον
999 1613 1150 1684 παρὰ
1164 1612 1282 1684 Θεῷ
1296 1616 1356 1667 τὸ
1373 1614 1521 1668 θύειν
1537 1614 1674 1685 ὑπὲρ
1692 1612 1914 1683 ἑτέρων,

342 1706 463 1759 οὐδὲ
489 1706 621 1777 δρᾷν
666 1705 880 1775 ἐφίησιν
930 1703 1297 1772 ἀνεγκλήτως.
1357 1704 1602 1757 Ἐπαινεῖ
1645 1702 1795 1770 γοῦν,
1842 1701 1919 1766 ὡς

336 1800 436 1869 οὐχ
463 1798 703 1867 ὑπάρχον
732 1794 1025 1865 ἀνωφελές.
1061 1792 1207 1849 Εἶτα
1228 1794 1415 1849 πάλιν
1440 1795 1555 1863 τὴν
1578 1797 1648 1850 ἐν
1670 1794 1748 1861 τῷ
1771 1795 1919 1849 κατὰ

341 1887 584 1944 Λουκᾶν
614 1888 959 1957 Εὺαγγελίφ
987 1886 1122 1955 περὶ
1153 1887 1260 1941 τοῦ
1286 1890 1653 1956 παραλύτου,
1676 1890 1773 1942 καί
1800 1886 1921 1943 τῶν

340 1979 740 2049 χαλασάντων
781 1977 969 2033 αὑτὸν
1011 1978 1111 2032 διὰ
1146 1976 1267 2032 τῶν
1312 1980 1583 2049 κεράμων
1626 1979 1920 2050 ἑξητ-ησά·

334 2089 516 2142 μενος
549 2071 823 2139 ἱστορίαν
854 2087 918 2124 τε
955 2069 1055 2126 καὶ
1087 2071 1585 2140 θαυματουργίαν,
1632 2071 1918 2141 ἐπιφέρει,

339 2160 444 2214 καί
469 2174 690 2229 φησιν·
745 2160 861 2213 υὺκ
890 2157 1240 2228 ἀθαύμαστον
1275 2159 1425 2228 ἠφίει
1472 2161 1501 2212 ὁ
1545 2159 1780 2230 Χριστὸς
1811 2158 1920 2212 τῶν

343 2251 829 2325 προπομισάντων
859 2250 960 2322 τὴν
986 2251 1190 2306 πίστιν.
1228 2251 1286 2304 '0
1311 2251 1366 2303 δὲ
1388 2250 1496 2303 τῶν
1526 2251 1704 2305 πόνων
1733 2249 1900 2304 ἐπλού

340 2361 421 2396 τει
450 2344 547 2415 τὴν
573 2342 746 2406 λύσιν,
786 2344 880 2396 καὶ
908 2343 969 2395 τὸ
998 2344 1377 2414 ἑτερογνήσιον
1405 2344 1484 2406 εἰς
1514 2342 1788 2412 φιλοθεῖαν
1834 2343 1922 2396 εὐ-

346 2435 505 2507 μενῆ,
538 2435 633 2489 καὶ
663 2434 814 2505 φίλον
844 2432 992 2504 αὐτῷ
1020 2435 1409 2514 κατεστήσατο,
1429 2435 1519 2487 τὸν
1534 2433 1922 2504 ἐλευθεροῦντα

342 2526 577 2599 Χριστὸν
605 2524 1095 2596 πλημμελημάτων
1143 2542 1205 2579 τε
1250 2524 1385 2596 ὁμοῦ
1415 2526 1510 2579 καὶ
1551 2525 1921 2598 ἀρῥωστημά-

342 2638 472 2674 των.
495 2618 603 2673 Καὶ
631 2612 803 2683 αὖθις
826 2619 959 2687 περὶ
991 2616 1097 2671 τοῦ
1127 2616 1571 2687 ἑκατοντάρχου
1591 2621 1926 2688 μνημονεύ-

341 2727 458 2778 σας
491 2711 598 2765 τοῦ
628 2712 696 2765 ἐν
718 2711 799 2777 τῷ
823 2712 976 2764 κατὰ
1010 2710 1311 2764 Ματθαῖον
1340 2711 1685 2780 Εὐαγτελίῳ
1714 2708 1926 2781 ,λέγον-

342 2821 465 2870 τος.
503 2824 522 2855 ι
569 2802 762 2871 Κύριε,
804 2803 836 2855 ό
867 2800 1009 2866 παῖς
1045 2818 1164 2869 μου
1185 2800 1477 2867 βέϐληται
1521 2801 1925 2869 παραλυτικὸς

343 2894 416 2947 ἐν
458 2891 531 2961 τῇ
592 2892 751 2958 οἰκίᾳ
803 2890 1015 2956 δεινῶς
1060 2888 1569 2958 ,βασανιζόμενοςο
1614 2890 1715 2945 καὶ
1763 2889 1925 2959 λέγει

344 2983 536 3049 αεῗιτῷ·
582 2983 724 3053 Ἐγὼ
754 2981 950 3037 ἐλθὼν
982 2981 1331 3049 θεραπεύσω
1375 2982 1581 3035 αὐτόν.
1623 2983 1734 3035 Kal
1780 2983 1927 3036 ἀπο-

346 3074 563 3144 κριθεὶς
595 3079 626 3129 ό
653 3074 1091 3143 ἑκατόνταρχος
1113 3072 1228 3141 ἔφη
1248 3091 1263 3105 ·
1292 3074 1485 3141 Κύριε,
1521 3077 1631 3127 οὐκ
1654 3076 1768 3143 εἰμὶ
1803 3079 1927 3129 ἱκα-

2010 604 2332 674 interjectis:
2362 607 2404 661 E
2427 609 2714 663 sententiis
2741 610 2922 680 itaque
2947 611 3103 667 bouis
3133 628 3197 667 ac
3225 614 3583 683 sapientibus,

2012 708 2112 748 nec
2143 696 2491 751 mediocriter
2544 698 2819 752 excidisse
2854 700 3086 769 quisque
3130 703 3435 771 COIIlpCl'lel
3465 719 3582 767 eos,

2012 786 2104 856 qui
2149 788 2478 843 dormientes
2542 799 2598 843 et
2654 789 2921 845 sacriﬁcio
2973 792 3199 862 mystico
3252 803 3306 847 et
3351 810 3585 865 superna

2013 879 2299 936 clementia
2327 882 2569 951 'spoli-are
2619 892 2911 937 conantur.
2943 884 3141 938 Vivunt
3188 885 3333 939 enim
3393 888 3582 953 vitam,

2014 988 2134 1042 qna-
2174 962 2224 1027 in
2249 974 2481 1044 imagine
2509 973 2601 1028 Dei
2631 975 2854 1041 vivitur,
2886 983 2942 1028 et
2971 990 3133 1043 quam
3168 990 3385 1042 semper
3428 980 3586 1032 simul

2015 1082 2137 1121 cum
2173 1066 2392 1121 Christo
2438 1068 2630 1122 victuri
2663 1077 2813 1132 sunt,
2848 1066 2915 1120 Et
2959 1077 3072 1135 post
3117 1080 3312 1136 pauca,
3339 1070 3461 1123 ,Ιοῦί
3496 1087 3587 1136 pro

2014 1158 2141 1227 [iliis
2191 1158 2455 1227 sacri/icio
2506 1159 2766 1228 apposito,
2821 1159 3019 1212 dicitur
3061 1162 3238 1214 enim:
3276 1178 3295 1210 ι
3346 1160 3588 1213 Mittebat

2015 1248 2138 1313 Job,
2164 1259 2211 1302 et
2249 1249 2561 1319 puriﬁcabat
2610 1266 2718 1315 eos,
2747 1264 3029 1320 exsurgens
3059 1266 3235 1315 mane,
3267 1260 3315 1304 et
3365 1251 3588 1319 oﬂ'erens

2016 1359 2110 1410 pro
2158 1343 2230 1396 eis
2265 1344 2503 1396 uictimas
2555 1344 2840 1396 secundum
2897 1360 3173 1397 numerum
3216 1347 3461 1407 eorum‘,
3504 1345 3590 1396 in-

2018 1433 2159 1503 fert:
2194 1451 2213 1485 ›
2249 1435 2390 1502 Ergo
2416 1433 2682 1488 sacriﬁcia
2713 1432 2910 1489 oll'erre
2954 1449 3053 1503 pro
3087 1433 3209 1487 aliis
3243 1449 3272 1487 a
3308 1434 3416 1488 Deo
3478 1449 3584 1487 non

2020 1525 2285 1593 rejicitur,
2320 1527 2460 1594 quod
2492 1527 2699 1595 absque
2720 1526 2949 1581 crimine
2982 1526 3097 1580 lieri
3131 1525 3420 1595 permittit.
3448 1525 3592 1579 Lutt-

2020 1620 2112 1674 dat
2167 1620 2331 1689 igitur
2389 1627 2645 1688 tanquam
2703 1617 2871 1671 utile?
2899 1617 3032 1672 Tum
3074 1619 3316 1686 deinceps
3365 1618 3592 1671 historia

2022 1719 2175 1779 atque
2203 1709 2481 1773 miraculo,
2514 1725 2631 1778 quae
2655 1708 2707 1761 in
2733 1707 2890 1763 Luca:
2919 1706 3203 1777 Evangelia
3279 1710 3343 1762 de
3376 1708 3594 1777 paraly--

2023 1801 2124 1853 tico
2147 1804 2188 1865 ²,
2217 1810 2263 1854 et
2286 1802 2372 1863 iis,
2391 1802 2479 1871 qui
2506 1817 2571 1854 ex
2592 1809 2724 1854 tecto
2747 1816 2863 1853 eum
2908 1800 3289 1867 submiserant,
3314 1801 3589 1870 expositis,

2019 1892 2274 1960 subinfert
2300 1902 2347 1946 et
2379 1893 2450 1945 ait
2477 1908 2496 1946 :
2529 1891 2644 1946 Non
2674 1895 2877 1961 absque
2901 1891 3167 1947 miraculo
3189 1892 3348 1946 (idem
3376 1907 3592 1954 eorum,

2019 1986 2109 2055 qui
2164 1986 2522 2050 adduxerant,
2578 1985 2816 2054 reliquit.
2866 1983 2936 2038 At
2991 1984 3083 2039 hic
3137 1983 3389 2039 dolorum
3445 1983 3594 2036 suin-

2015 2077 2216 2131 tionem
2239 2072 2454 2132 aliunde
2469 2078 2922 2146 consequebatur,
2946 2084 3001 2131 et
3028 2076 3173 2145 quod
3207 2074 3430 2130 alterius
3451 2084 3597 2138 erat,

2020 2168 2074 2221 in
2131 2167 2414 2221 candidum
2485 2166 2580 2222 Dei
2639 2181 2881 2221 amorem
2937 2166 3265 2227 immutavit,
3312 2173 3368 2220 et
3424 2165 3525 2219 sibi
3562 2181 3592 2216 a

2021 2258 2264 2323 Christo,
2296 2261 2443 2329 quia
2468 2260 2705 2328 peccatis
2734 2259 2896 2314 simul
2935 2268 2989 2314 et
3014 2257 3426 2328 mgritudinibus
3455 2256 3593 2309 libe-

2022 2360 2126 2418 rat,
2155 2351 2580 2405 benevolentiam
2603 2349 2939 2405 conciliavit.
2980 2348 3214 2418 Itemque
3267 2345 3591 2401 centurionis

2022 2441 2281 2494 mentione
2309 2441 2546 2504 inducta,
2575 2441 2726 2508 cujus
2748 2442 2804 2494 in
2835 2440 3074 2494 Matthwi
3104 2438 3387 2508 anngelio
3419 2436 3592 2489 histo-

2023 2531 2103 2583 ria
2136 2538 2406 2593 narratur,
2439 2531 2694 2590 dicentis:
2724 2548 2743 2581 ι
2792 2530 3035 2592 Domine,
3075 2546 3207 2598 puer
3243 2545 3387 2582 meus
3444 2528 3593 2597 jacet

2021 2624 2076 2675 in
2099 2622 2254 2675 domo
2278 2622 2617 2691 paralyticus,
2650 2631 2699 2675 et
2732 2622 2869 2676 male
2915 2631 3230 2687 torquetur;
3265 2630 3311 2673 et
3343 2619 3422 2672 ait
3472 2617 3595 2671 illi:

2028 2712 2138 2782 Ego
2164 2712 2361 2765 veniam
2383 2724 2428 2766 et
2452 2712 2649 2765 curabo
2702 2729 2840 2768 eum.
2873 2710 2945 2766 Et
2986 2713 3306 2780 respondens
3336 2712 3591 2773 centurio,

2022 2804 2097 2857 ait
2130 2817 2148 2856 :
2188 2803 2424 2868 Domine,
2466 2820 2568 2857 non
2595 2821 2708 2858 sum
2737 2806 2956 2874 dignus,
2981 2814 3036 2857 ut
3077 2805 3241 2858 intres
3272 2803 3364 2857 sub
3404 2811 3594 2855 tectum

2025 2913 2213 2961 meum,
2240 2899 2330 2949 sed
2346 2906 2548 2950 tantum
2584 2898 2669 2951 dic
2698 2898 2869 2963 verba,
2890 2906 2939 2950 et
2962 2898 3239 2950 sanabitur
3270 2909 3399 2963 puer
3422 2910 3591 2947 meus.

2026 2983 2258 3039 Audiens
2289 2995 2463 3040 autem
2489 2986 2642 3040 Jesus
2681 2988 2905 3040 miratus
2951 2996 3049 3050 est,
3070 2996 3121 3039 et
3176 2984 3512 3055 sequentibus
3543 3000 3607 3036 seu

2028 3078 2213 3131 dixit:
2242 3078 2404 3130 Amen
2438 3079 2555 3130 dico
2614 3078 2779 3142 vobis,
2807 3094 2909 3132 non
2949 3078 3123 3132 inveni
3189 3086 3392 3130 tantam
3440 3076 3600 3144 ﬁdens

346 3167 475 3234 νὸς,
507 3168 608 3220 ἵνα
642 3184 760 3236 μου
787 3166 905 3222 ὑπὸ
926 3166 1042 3233 τὴν
1068 3165 1297 3234 στέγην
1320 3163 1628 3234 simul)ng
1647 3166 1783 3220 ἀλλ’
1798 3167 1925 3220 εἰπὲ

2030 3169 2082 3220 in
2113 3167 2302 3221 Israel.
2326 3166 2457 3222 Tum
2478 3168 2611 3235 ipsi:
2646 3167 2806 3234 Vade,
2826 3180 2871 3223 et
2889 3169 3022 3222 sicut
3048 3169 3335 3231 credidisti,
3367 3169 3460 3237 [int
3485 3168 3603 3219 tibi.

346 3261 527 3326 λόγῳ,
566 3257 665 3311 καὶ
716 3256 1021 3322 ἰαθήσεται
1070 3258 1103 3311 ό
1134 3255 1275 3321 παῖς
1299 3273 1441 3324 μου.
1492 3255 1787 3322 Ἀκούσας
1835 3256 1925 3319 δὲ,

348 3350 560 3418 φησὶν,
597 3348 826 3416 Ἰησοῦς
848 3349 1170 3417 ἐθαύμασε,
1215 3349 1312 3401 καὶ
1356 3344 1487 3401 εἶπε
1520 3347 1641 3413 τοῖς
1682 3349 1932 3401 ἀκολου-

351 3442 564 3495 θοῦσιν
585 3459 597 3473 ·
652 3441 859 3509 Ἀμὴν,
893 3440 1047 3511 ,λέγω
1095 3438 1259 3509 ὑμῖν,
1295 3440 1430 3508 παρ’
1465 3440 1666 3494 οὐδενὶ
1714 3442 1931 3495 τοσαύ-

348 3550 465 3601 την
512 3534 721 3585 πίστιν
775 3527 956 3600 εὖρον
1004 3531 1073 3584 ἐν
1127 3531 1209 3596 τῷ
1277 3531 1546 3601 Ἰσραήλ.
1599 3528 1743 3585 Εἶτα
1783 3533 1931 3599 πρὸς

350 3625 570 3679 αὐτόν’
622 3626 871 3693 ’Υπαγε,
924 3621 1027 3677 καὶ
1077 3623 1159 3688 ὡς
1207 3610 1580 3689 ἐπίστευσας
1626 3621 1933 3692 γενηθήτω

351 3733 470 3771 σοι·
513 3717 613 3770 καὶ
661 3717 794 3784 ἰάθη
833 3719 866 3770 ό
914 3714 1055 3782 παῖς
1099 3717 1169 3769 ἐν
1201 3715 1273 3784 τῇ
1319 3714 1442 3784 ὥρᾳ
1488 3714 1716 3783 ἐκείνῃ.
1763 3735 1781 3766 ι
1821 3716 1933 3768 Καὶ

351 3810 637 3878 ἐπιφέρει,
678 3809 779 3863 καί
802 3823 996 3877 φησιν
1019 3822 1033 3835 °
1068 3809 1257 3878 Ἀθρει
1286 3808 1349 3878 δή
1388 3824 1477 3878 μοι
1508 3809 1610 3860 κάν
1638 3807 1812 3878 τούτῳ
1855 3807 1933 3878 τῷ

352 3899 441 3953 διὰ
476 3900 575 3970 τῆς
614 3899 800 3971 ἐτέρου
832 3900 1066 3960 πίστεως
1110 3898 1202 3951 τὸν
1228 3901 1287 3952 οὐ
1330 3899 1575 3969 παρόντα
1605 3899 1931 3969 σωζόμενον.

354 3990 421 4043 Τί
467 3992 646 4044 τοίνυν
691 3992 822 4061 ἡμῖν
852 3990 1082 4053 ἀνοσίως
1111 3989 1208 4060 τὴν
1244 3989 1620 4061 φιλοκέρδειαν
1668 3990 1935 4061 ἐπιφημί-

358 4083 563 4148 ζουσιν,
594 4085 642 4135 οἱ
671 4083 813 4135 τῶν⁴¹
840 4082 1043 4143 εἰδότες
1087 4082 1259 4144 οὐδὲν,
1286 4080 1320 4150 ἢ
1350 4081 1449 4151 τὴν
1480 4080 1687 4135 ἄνωθεν
1727 4081 1935 4153 ἡμερό-

356 4191 495 4244 τητα
524 4177 635 4236 τοῖς
664 4178 721 4228 ἐν
750 4174 930 4228 πίστει
959 4172 1381 4242 κεκοιμημένοις
1413 4173 1806 4243 σπουδάζομεν,
1835 4173 1936 4244 τὴν

358 4267 520 4333 ἁγίαν
548 4284 607 4317 τε
636 4266 729 4318 καὶ
760 4264 1029 4335 μυστικὴν
1068 4263 1155 4317 ἐπ’
1185 4264 1385 4325 αὐτοὺς
1412 4262 1690 4327 τελοῦντες
1722 4262 1933 4329 θυσίαν,

357 4357 658 4429 ἡλεήμεθα,
689 4357 782 4410 καὶ
802 4357 934 4409 αὐτὸ
961 4356 1018 4408 δὲ
1047 4338 1107 4408 ei
1129 4354 1223 4409 τοῦ
1251 4355 1482 4408 θανάτου
1514 4355 1771 4409 πέπτωκε
1801 4358 1937 4428 κρά-

357 4469 469 4514 τος,
501 4452 595 4503 καὶ
623 4453 655 4519 ὴ
705 4450 805 4518 τῆς
855 4448 1212 4519 ἀτελευτήτου
1256 4446 1403 4517 ζωῆς
1442 4447 1752 4518 ἀνέλαμψεν
1782 4449 1936 4510 ἐλπὶς

2034 3257 2101 3311 Et
2124 3266 2341 3310 sanatus
2364 3267 2440 3310 est
2470 3272 2598 3323 puer
2617 3257 2672 3309 in
2696 3256 2788 3309 illa
2814 3257 2944 3310 Itora
2969 3256 3011 3321 ³,
3040 3275 3059 3308 ι
3099 3257 3379 3319 subnectit,
3406 3266 3454 3310 et
3490 3258 3562 3309 ait
3582 3272 3603 3309 :

2032 3349 2169 3403 Vide
2202 3348 2367 3402 etiam
2399 3348 2452 3402 in
2489 3350 2591 3403 hoc
2612 3349 2892 3403 absentem
2921 3363 3015 3417 per
3051 3349 3278 3403 alterius
3315 3347 3473 3402 [idem
3517 3364 3604 3402 sa-

2034 3452 2241 3494 natum.
2272 3439 2411 3506 Quid
2440 3441 2603 3508 igitur
2627 3442 2782 3496 nobis
2810 3443 3095 3495 avaritiam
3127 3449 3182 3495 et
3231 3441 3368 3495 lucri
3406 3442 3606 3508 cupidi.

2035 3548 2157 3585 nem
2188 3533 2528 3600 exprobratis
2560 3549 2738 3587 rerum
2770 3534 3027 3587 similium
3052 3548 3276 3603 prorsus
3301 3533 3491 3603 ignari,
3518 3532 3606 3600 qui

2034 3638 2322 3693 supernam
2370 3624 2713 3677 clementiam
2758 3624 2811 3678 in
2864 3623 2967 3678 [ide
3018 3622 3288 3676 defunctis
3322 3621 3609 3673 conciliare

2035 3714 2279 3779 nitimur,
2311 3723 2367 3768 et
2423 3729 2637 3769 sacrum
2672 3731 2737 3769 ac
2767 3716 3055 3785 mysticum
3104 3730 3200 3784 pro
3230 3714 3337 3767 illis
3397 3714 3607 3767 sacriﬁ-

2035 3810 2176 3864 cium
2210 3819 2605 3879 perpetramus,
2639 3808 2794 3875 cujus
2827 3822 2927 3876 ope
2957 3804 3389 3860 misericordiam
3412 3819 3616 3859 conse-

2034 3903 2271 3969 quimur,
2313 3899 2467 3968 cujus
2505 3900 2748 3954 subsidio
2780 3899 2950 3967 ipsius
2979 3899 3173 3953 mortis
3213 3897 3609 3955 I‘OlNll‘CCCillll,

2036 4002 2090 4047 et
2117 3993 2242 4048 vita“:
2285 4006 2559 4060 nunquam
2615 3989 2912 4045 desinentis
2952 4005 3080 4059 spes
3134 3990 3187 4043 in
3238 3988 3456 4043 Christo
3485 3986 3615 4041 Jesu

2037 4082 2267 4137 Domino
2315 4091 2500 4135 nostro
2535 4079 2752 4134 reluxit.
2783 4077 3116 4134 Contentiose
3152 4076 3438 4129 admodum
3488 4090 3608 4127 ora-

2036 4174 2228 4226 tionem
2253 4188 2407 4225 suam
2459 4173 2665 4237 sapiens
2711 4186 2773 4223 ac
2821 4169 3045 4237 optimus
3103 4165 3268 4221 Pater
3311 4167 3625 4229 instituens,

2037 4282 2139 4319 non
2197 4266 2307 4318 sine
2358 4263 2717 4332 indignatione
2779 4275 2933 4332 atque
3017 4261 3165 4331 gravi
3217 4260 3502 4330 offensione
3548 4264 3611 4313 ab

2036 4371 2213 4410 errore
2263 4370 2420 4425 quam
2473 4353 2772 4423 longissime
2823 4346 3024 4422 repellit
3060 4351 3284 4420 eos,qui
3318 4366 3423 4403 non
3481 4361 3623 4403 recte

2037 4447 2229 4501 sentire
2279 4447 2378 4499 sibi
2407 4446 2461 4498 in
2489 4446 2666 4497 animo
2728 4450 3109 4512 proposuerant
3153 4458 3171 4496 :
3217 4452 3325 4495 tum
3373 4442 3616 4508 deinceps

359 4543 418 4594 ὲν
456 4541 677 4613 Χριστῷ
718 4539 891 4611 Ἰησοῦ
940 4538 1016 4609 τῷ
1064 4540 1253 4611 Κυρίῳ
1283 4538 1460 4609 ἡμῶν.
1523 4538 1925 4608 Ἀγωνιστικῶς

2043 4538 2373 4592 abundanter
2403 4538 2555 4590 nimis
2583 4537 2747 4590 sacris
2771 4536 3013 4603 eloquiis,
3042 4545 3090 4588 et
3110 4533 3383 4588 miraculis
3408 4550 3439 4587 a
3461 4533 3618 4588 Chri-

359 4635 457 4687 καὶ
492 4633 665 4688 τόνδε
711 4633 817 4685 τὸν
858 4633 1047 4698 λόγον
1075 4630 1624 4699 παραστησάμενος
1667 4634 1700 4684 ὁ
1745 4632 1938 4701 σοφὸς

360 4726 459 4779 καί
490 4723 863 4791 πανάριστος
889 4721 1113 4789 Πατὴρ,
1147 4720 1682 4789 καταμεμψάμενος
1719 4738 1803 4785 τε,
1836 4724 1932 4777 καὶ

359 4816 755 4882 ἀποσοϐήσεις
810 4814 1005 4882 πόρρω
1049 4828 1166 4866 που
1222 4810 1332 4880 τῆς
1383 4811 1624 4879 πλάνης
1669 4814 1810 4880 τοὺς
1848 4813 1935 4884 μὴ

362 4910 505 4977 ὀρθὰ
526 4907 771 4978 φρονεῖν
797 4904 1146 4974 ἑλομένους-ο
1175 4900 1304 4957 εἶτα
1331 4902 1427 4957 καὶ
1452 4906 1938 4971 καταπλουτίσας

361 5000 548 5054 αὑτὸν
567 5000 637 5053 ἐκ
670 5015 734 5051 τε
757 4996 877 5051 τῶν
905 4996 1080 5050 θείων
1100 4996 1341 5065 λογίων,
1359 4994 1430 5049 ἐκ
1459 5012 1525 5048 τε
1548 4995 1667 5048 τῶν
1691 5000 1942 5065 θαυματ-

362 5089 635 5161 cvm-aius,
667 5082 753 5142 ὧν
776 5087 997 5155 ἔδρασε
1021 5085 1276 5153 Χριστὸς
1304 5088 1337 5139 ό
1370 5083 1470 5138 ἐπὶ
1502 5082 1745 5138 πάντων
1770 5085 1934 5151 Θεὸς,

362 5184 461 5239 καὶ
494 5182 600 5249 τὰς
635 5181 782 5250 ὑπὲρ
824 5180 1030 5234 ἄλλων
1075 5178 1178 5245 ὑφ’
1218 5175 1435 5243 ἑτέρων
1458 5176 1619 5242 αὐτῷ
1661 5178 1757 5230 καὶ
1792 5193 1937 5245 προ-

361 5275 700 5344 σαγομένης
720 5272 1017 5337 ἐντεύξεις
1041 5270 1194 5337 μετὰ
1218 5270 1498 5332 πίστεως,
1524 5269 1741 5333 θυσίας
1761 5285 1823 5322 τε
1842 5269 1941 5322 καὶ

362 5365 710 5431 προσφορὰς
741 5359 1221 5428 προσηκάμενος,
1268 5355 1536 5410 παιδεύει
1572 5353 1753 5426 σιγᾷν
1799 5359 1941 5424 τοὺς

2042 4642 2121 4686 sto
2154 4632 2207 4684 in
2242 4630 2482 4684 omnibus
2506 4630 2636 4693 Deo,
2668 4645 2786 4699 quia
2842 4644 2935 4697 pro
2980 4626 3102 4680 aliis
3141 4628 3491 4696 precationes,
3526 4644 3619 4680 nec

2043 4742 2147 4780 non
2175 4724 2526 4793 sacriﬁcia,et
2576 4723 2801 4776 donaria
2846 4721 2950 4789 ﬁde
2987 4722 3089 4775 sibi
3135 4721 3316 4774 oblata
3354 4721 3617 4789 excipiens

2042 4815 2283 4886 confecit,
2326 4816 2637 4878 instructus,
2683 4813 2789 4866 illis
2831 4813 2920 4883 qui
2973 4813 3360 4877 adversantur,
3406 4828 3618 4881 seseque

2042 4920 2302 4974 opponunt
2334 4906 2715 4970 constitutioni,
2745 4903 3110 4957 consuetudini
3158 4905 3379 4966 scilicet,
3408 4912 3457 4957 et
3478 4913 3617 4955 recto

2043 4998 2317 5051 catholica:
2366 5009 2416 5051 et
2446 4998 2747 5065 apostolica:
2776 4995 3028 5051 Ecclesiae
3061 4999 3317 5067 dogmati,
3352 4995 3621 5050 silentium

2043 5088 2285 5155 imponit,
2320 5090 2604 5157 suadetque
2648 5089 2706 5141 in
2755 5098 3017 5154 posterum
3049 5090 3241 5157 swpius
3273 5102 3364 5157 prs
3396 5089 3617 5140 mortuis

2047 5176 2331 5230 oblationes
2362 5187 2519 5247 atque
2561 5178 2968 5246 supplicationes
2999 5178 3287 5244 absolvere,
3320 5197 3435 5234 cum
3462 5180 3619 5247 plane

2045 5267 2293 5331 calleant,
2324 5268 2429 5322 illis
2465 5267 2569 5321 Deo
2619 5279 2669 5322 et
2730 5268 2882 5321 Patri
2914 5269 3103 5323 oblatis
3156 5271 3443 5325 maximam
3493 5273 3627 5325 inde

2047 5359 2268 5412 mortuis
2302 5375 2545 5413 emanare
2581 5361 2883 5414 utilitatem.

361 5454 941 5523 ἀντιδιατιθεμένους
965 5452 1052 5506 ἔτι
1076 5450 1175 5504 καὶ
1228 5449 1695 5514 ἀντιπίπτοντας
1734 5449 1808 5518 τῇ
1849 5449 2235 5515 καταστάσει,
2296 5448 2489 5519 ἤγουν
2548 5451 2858 5519 συνηθείᾳ,
2900 5451 2998 5503 καὶ
3054 5450 3134 5515 τῷ
3186 5453 3337 5521 ὀρθῷ
3375 5452 3617 5523 δόγματι

362 5547 474 5617 τῆς
501 5545 823 5615 καθολικῆς
863 5546 961 5599 καὶ
993 5543 1405 5611 άποστολικῆς
1460 5543 1845 5610 Ἐκκλησίας,
1913 5544 2100 5599 πείθει
2155 5561 2220 5597 τε
2271 5544 2379 5598 τοῦ
2417 5545 2635 5599 λοιποῦ
2663 5543 2938 5612 συνεχῶς
2955 5547 3059 5612 τὰς
3098 5546 3249 5614 ὑπὲρ
3278 5546 3395 5600 τῶν
3422 5567 3619 5602 κεκοι-

357 5638 640 5711 μημένων
666 5638 963 5692 ἐπιτελεῖν
1006 5636 1191 5705 εὐχάς
1228 5654 1290 5690 τε
1326 5635 1427 5690 καὶ
1483 5635 1850 5704 προσφορὰς,
1868 5631 1938 5692 εὗ
1981 5635 2234 5704 εἰδότας,
2267 5636 2344 5704 ὡς
2361 5635 2598 5703 πάντως
2618 5635 3115 5707 ὠφεληθήσεσθαι
3145 5636 3366 5703 αὐτοὺς
3395 5641 3621 5696 τούτων

364 5728 829 5802 προσαγομένων
860 5727 942 5794 τῷ
984 5726 1105 5792 Θεῷ
1142 5727 1241 5781 καὶ
1268 5724 1471 5793 Πατρί.

441 5825 580 5881 'Job
605 5841 641 5891 ι,
673 5825 725 5878 5.
802 5827 821 5853 ²
846 5823 978 5881 Luc.
1019 5838 1136 5889 vm,
1168 5822 1253 5877 16.
1334 5822 1355 5852 ³
1380 5819 1574 5875 Matth.
1610 5836 1729 5887 Vill,
1754 5821 1787 5876 ϐ
1821 5822 1901 5876 l3.
