4000 6326
558 364 696 420 “'27

1546 361 1603 417 s.
1639 360 1912 421 cmeLI
1949 344 2781 418 Atexasoamt'aucump.

3648 348 3754 407 ιιιε

2136 521 2224 577 lll.

1674 665 1739 703 ex
1773 662 1927 703 uano
1962 660 2163 701 CONTRA
2200 654 2543 698 svuusnsns
2564 636 2664 712 (l).

555 801 605 857 ί·
640 802 871 872 Cyri”!!!
904 802 961 856 ἱη
997 801 1130 855 libro
1170 800 1418 854 adversus
1442 799 1677 872 _eos_qtti
1732 799 2203 872 naturascott—A
2231 798 2318 852 aio
2367 816 2381 852 :
2426 794 2691 863 Quoniam
2780 788 3203 846 inconvertibilis
3283 796 3475 841 natura
3542 782 3627 838 Dei
3675 792 3754 850 εει,

623 868 847 942 fundunt
878 872 953 943 (Ξ)
984 875 1073 942 qui
1117 872 1338 938 incipit:
1372 890 1391 921 ι
1429 869 1599 925 Paulo
1649 879 1771 925 ante
1820 870 1983 923 locuti
2034 868 2127 920 diu

622 960 826 997 sumus.
869 961 888 995 ι

624 1144 915 1214 Quousque
935 1145 1150 1201 tandem
1190 1146 1430 1201 nonnulli
1457 1146 1677 1216 scriptis
1706 1146 1820 1202 suis
1858 1154 2127 1211 astruent,

552 1235 637 1291 vel
668 1237 1010 1290 somniabunt
1039 1237 1239 1305 potius,
1270 1236 1432 1291 Verbi
1481 1238 1532 1290 in
1571 1252 1789 1292 carnem
1817 1251 1879 1290 ac
1909 1237 2130 1303 sangui-

553 1342 677 1382 nem
700 1328 1136 1391 conversionem,
1173 1330 1466 1383 amentium
1499 1328 1671 1383 instar
1712 1330 2014 1397 nugantes?
2037 1328 2131 1383 His

554 1433 656 1473 nos
705 1417 933 1472 dicimus
969 1436 983 1473 :
1015 1418 1295 1488 Evigilate,
1332 1420 1468 1474 ebrii
1493 1421 1558 1471 de
1603 1420 1729 1473 vino
1769 1429 1970 1475 vestro.
2003 1419 2133 1486 Quae

553 1510 697 1564 enim
721 1519 898 1563 vestra
924 1519 1007 1565 est
1036 1512 1101 1565 de
1120 1519 1311 1563 natura
1339 1512 1521 1565 carnis
1541 1511 1805 1566 sententia
1835 1520 1928 1565 aut
1960 1511 2127 1576 notio,

557 1602 637 1656 vel
679 1603 946 1670 quomodo
971 1603 1370 1658 inscrutabilem
1391 1604 1707 1658 scrutamini
1730 1603 1821 1658 Dei
1843 1605 2133 1658 naturam?

557 1697 689 1759 Quis
735 1710 897 1764 porro
951 1697 1147 1751 audeat
1197 1711 1308 1749 rem
1342 1696 1517 1751 metiri
1584 1697 2132 1752 immensurabilem?

556 1784 726 1840 Nemo
757 1796 904 1841 certe
942 1787 1103 1841 dicet.
1129 1802 1286 1841 nemo
1346 1788 1465 1842 sine
1502 1803 1687 1843 errore
1725 1789 1962 1853 deﬁniet,
2001 1806 2134 1859 qna-

560 1892 682 1929 nam
713 1878 782 1931 sit
817 1879 1074 1947 prazditus
1115 1888 1303 1932 natura
1364 1878 1527 1945 Deus,
1554 1881 1793 1934 omnium
1849 1880 2133 1948 Dominus,

559 1964 671 2029 lux,
706 1968 837 2033 vita,
868 1967 1036 2036 gloria
1060 1969 1394 2037 etpotentia,
1429 1969 1519 2025 ille
1535 1971 1746 2024 demum
1772 1972 1861 2040 qui
1890 1972 2133 2025 omnium

558 2073 738 2111 rerum
792 2069 1040 2113 naturam
1086 2061 1256 2125 novit,
1290 2072 1343 2115 et
1399 2062 1657 2130 quidquid
1690 2065 1742 2116 in
1796 2063 2014 2118 homine
2054 2074 2137 2118 est

559 2150 781 2204 scientia
810 2166 906 2204 sua
946 2154 1339 2221 complectitur.
1390 2154 1680 2223 Quousque
1729 2156 1944 2208 tandem
1998 2170 2134 2209 non-
2167 2138 2211 2197 Β

560 2243 692 2297 nulli
739 2244 1111 2312 afﬁrmabunt,
1153 2245 1310 2301 Verbi
1370 2246 1568 2301 factam
1612 2248 1665 2301 in
1708 2257 1979 2303 terrenum
2033 2249 2137 2304 hoc

558 2351 759 2404 corpus
814 2338 1187 2403 nmtationem,
1215 2339 1266 2392 id
1294 2346 1377 2393 est
1407 2339 1573 2393 Deum
1628 2337 1861 2394 Verbum
1914 2340 1979 2394 de
2010 2340 2137 2394 sub-

558 2427 760 2480 stantia
790 2427 1009 2496 propria
1038 2427 1335 2482 confecisse
1361 2428 1464 2481 sibi
1520 2443 1740 2498 corpus,
1760 2429 1901 2498 quod
1948 2437 2135 2483 nostro

559 2517 1020 2572 consubstantiale
1042 2518 1146 2572 sit?
1174 2516 1238 2570 Hi
1268 2518 1521 2573 videlicet
1559 2520 1736 2588 primo
1764 2519 1979 2585 quidem
2007 2534 2130 2587 pro-

560 2608 802 2673 fitentur,
839 2607 1072 2663 Verbum
1104 2625 1134 2663 a
1161 2609 1451 2679 semetipso
1509 2610 1744 2665 alienum
1801 2611 2059 2676 evasisse,
2085 2610 2138 2665 id

558 2710 662 2763 est,
688 2699 799 2770 jam
827 2716 933 2754 non
960 2700 1189 2771 amplius
1217 2701 1384 2755 Deum
1414 2715 1558 2766 esse,
1579 2712 1636 2754 ut
1662 2702 1790 2769 dixi,
1812 2712 2135 2765 creatorem,

558 2793 747 2859 vitam,
776 2792 1020 2862 gloriam.
1041 2794 1333 2863 potentiam
1356 2812 1369 2848 :
1391 2804 1551 2864 atque
1582 2795 1744 2849 etiam
1777 2796 1971 2849 docent
2017 2809 2139 2848 eum

559 2884 614 2937 in
634 2899 873 2938 errorem
904 2900 1061 2954 posse
1112 2886 1411 2950 incurrere,
1439 2886 1526 2940 cui
1578 2884 1828 2939 obnoxie
1878 2894 2141 2939 creaturae

559 2984 728 3028 sunt:
764 2974 977 3045 aliaque
1005 2974 1312 3044 hujusmodi
1339 2975 1514 3030 eidem
1552 2977 1855 3029 attribuunt
1905 2977 2141 3045 pessima

558 3066 775 3134 oppido,
814 3076 867 3121 et
901 3068 1013 3136 ipso
1042 3067 1281 3137 indigna.
1307 3066 1566 3136 Equidem
1599 3069 1948 3137 quaerendum
1984 3069 2051 3121 ab
2077 3083 2143 3123 eo

560 3160 817 3224 arbitror,
854 3160 944 3229 qui
992 3160 1133 3215 hanc
1170 3161 1482 3230 Opinionem
1532 3161 1585 3214 in
1645 3161 1879 3215 medium
1936 3160 2140 3226 attulit,

561 3268 689 3306 num
750 3254 1058 3322 passionum
1111 3252 1464 3323 ignominiam
1504 3253 1559 3307 in
1612 3254 1847 3308 Verbum
1900 3254 2143 3307 incidere

562 3360 786 3401 necesse
813 3345 1011 3400 fuerit?
1037 3345 1341 3418 Atquehaac
1360 3346 1745 3401 nonnullorum
1762 3345 1944 3415 opinio
1967 3360 2145 3400 nonne

2232 891 2416 959 utique
2446 904 2559 943 rem
2600 887 2779 954 seipso
2810 884 3083 952 indignam
3130 894 3289 951 agere
3322 877 3593 931 voluisset.

2520 980 2575 1034 2.
2607 977 2755 1034 Idem
2797 974 3029 1046 Cyrillus
3061 974 3116 1028 in
3139 973 3317 1027 eodem
3350 968 3503 1022 libro.

2303 1073 2409 1128 Sed
2441 1071 2527 1128 isti
2571 1070 2804 1124 fortasse
2825 1067 3109 1136 opinantes
3154 1064 3334 1118 dicent
3378 1062 3543 1116 Deum
3569 1056 3755 1112 Verbum

2232 1180 2553 1221 conversum
2603 1162 2817 1233 quidem
2860 1159 2912 1212 in
2937 1170 3175 1216 carnem,
3209 1155 3302 1209 sed
3340 1168 3445 1207 non
3478 1160 3656 1215 toturn,
3682 1164 3756 1204 nec

2232 1259 2473 1322 omnino,
2522 1269 2620 1309 nec
2670 1255 2751 1331 in.
2786 1251 3058 1306 omnibus.
3109 1245 3580 1303 Verumenimvero
3620 1258 3757 1298 nonne

2232 1346 2772 1404 evidenterinsaniet
2791 1344 2837 1399 si
2876 1343 2999 1413 quis
3026 1340 3233 1415 dicere
3286 1346 3380 1393 aut
3428 1338 3635 1392 credere
3663 1335 3757 1387 talia

2232 1438 2393 1493 velit?
2420 1436 2474 1490 In
2500 1436 2688 1507 primis
2730 1433 2881 1488 aiunt
2934 1430 3170 1486 Verbum
3202 1428 3344 1483 haud
3385 1442 3445 1481 se
3493 1436 3644 1480 totum
3678 1426 3757 1478 im-

2234 1537 2480 1583 mutasse
2512 1526 2595 1580 vel
2628 1510 3038 1580 conversionem
3084 1536 3304 1592 passum
3328 1538 3342 1573 :
3364 1517 3557 1573 deinde
3586 1533 3688 1571 eum
3714 1518 3757 1569 ti-

2235 1621 2396 1674 nibus
2449 1617 2919 1682 circumscribunt,
2982 1614 3226 1668 dicentes
3291 1611 3467 1679 ipsum
3508 1610 3755 1677 quantitate

2235 1709 2523 1772 contineri,
2554 1708 2669 1763 loco
2697 1707 2962 1770 cohiberi,
3002 1707 3101 1760 sub
3131 1703 3499 1757 deﬁnitionem
3526 1702 3758 1761 cadere,ct
3808 1764 3811 1771 ι

2236 1818 2360 1858 cum
2403 1802 2524 1855 aliis
2576 1803 2739 1854 rebus
2789 1796 3193 1853 connumerari.
3227 1794 3509 1861 Quomodo
3551 1802 3699 1845 autem
3720 1792 3755 1842 hi

2237 1892 2533 1949 adversarii
2556 1892 2827 1961 ignorant,
2847 1903 3045 1958 corpus
3067 1886 3206 1954 quod
3226 1886 3295 1939 sit
3318 1882 3592 1939 divisionis
3608 1896 3756 1950 Capax,

2237 1985 2417 2039 omnia
2451 1996 2664 2051 semper
2720 1980 2853 2049 pati,
2898 1994 3019 2048 quas
3054 1976 3275 2047 singulae
3329 1984 3510 2045 partes
3553 1973 3651 2041 ejus
3689 1986 3757 2039 pa-

2240 2076 2447 2129 tiuntur
2467 2074 2491 2127 ?
2515 2073 2696 2143 Neque
2721 2072 2865 2126 enim
2898 2070 2990 2123 uni
3032 2069 3402 2124 membrorum
3462 2064 3567 2133 pati
3596 2063 3757 2117 contin-

2240 2174 2415 2234 geret,
2445 2164 2547 2217 nisi
2584 2165 2833 2216 universa
2880 2160 3123 2231 corporis
3151 2168 3347 2212 natura
3378 2156 3617 2227 patiendo
3655 2153 3756 2207 foret

2238 2258 2491 2312 obnoxia.
2528 2255 2746 2309 Interim
2789 2253 2846 2309 hi
2896 2268 2993 2307 nos
3046 2260 3245 2322 cogunt
3295 2249 3365 2303 ad
3404 2248 3560 2303 verba
3593 2260 3756 2313 quoque

2238 2350 2461 2404 minime
2488 2347 2642 2402 nobis
2664 2355 2962 2414 spontanea
2987 2344 3348 2398 descendere:
3373 2341 3465 2397 sed
3495 2340 3631 2394 venia
3649 2337 3758 2407 prius

2240 2456 2268 2494 a
2301 2440 2475 2495 Verbo
2513 2440 2607 2493 Dei
2640 2437 2925 2509 postulata,
2951 2436 3182 2492 dicimus
3200 2434 3367 2504 quod,
3406 2435 3450 2488 si
3486 2433 3611 2486 forte
3626 2439 3756 2484 muta-

2241 2534 2421 2589 bilitas
2450 2532 2518 2586 ab
2556 2547 2621 2587 eo
2659 2546 2768 2585 non
2796 2538 2941 2585 esset
2976 2529 3173 2594 aliena,
3200 2541 3377 2595 neque
3408 2524 3480 2580 illi
3511 2520 3757 2593 impossibi-

2240 2626 2309 2681 lis
2337 2626 2455 2696 ejus
2483 2625 2559 2679 rei
2593 2623 2794 2694 passio,
2821 2622 3007 2691 utique
3048 2622 3117 2676 ad
3170 2619 3387 2673 Patrem
3435 2630 3630 2686 quoque
3666 2628 3756 2666 san-

2244 2727 2496 2784 ctumque
2518 2714 2779 2784 Spiritum
2807 2712 2891 2767 vis
2913 2712 3071 2779 hujus
3095 2708 3450 2779 blasphemiae
3474 2704 3754 2779 perveniret:

2245 2816 2355 2861 tota
2385 2816 2466 2861 est
2495 2806 2639 2860 enim
2668 2803 3149 2860 consubstantialis
3196 2802 3539 2857 sanctissima
3570 2796 3755 2851 Trinitas

2244 2908 2301 2953 et
2360 2894 3059 2961 immutabilis.'Quodnam
3114 2908 3242 2947 vero
3295 2894 3467 2947 robur
3515 2885 3753 2944 inﬁrmitati

2245 2998 2446 3042 nostra:
2490 2985 2926 3053 impetraremus,
2957 2984 3005 3039 si
3046 2983 3187 3037 Deus
3225 2996 3380 3051 atque
3430 2996 3491 3034 ac
3528 2993 3614 3033 nos
3658 2974 3755 3029 foret

2246 3079 2515 3143 inﬁrmus,
2552 3087 2713 3147 atque
2776 3078 2828 3131 in
2885 3092 2949 3131 ea
2990 3074 3235 3130 converti
3274 3084 3479 3142 posset,
3512 3084 3617 3141 quae
3648 3065 3756 3121 nobis

2245 3171 2393 3227 eﬁ'ari
2420 3186 2522 3224 non
2552 3170 2697 3234 licet,
2726 3170 2941 3224 etiamsi
2969 3168 3037 3222 ab
3068 3167 3190 3221 aliis
3236 3166 3441 3220 diserte
3484 3164 3610 3219 dicta
3646 3156 3755 3212 audi-

2246 3260 2403 3316 mus?
2434 3259 2539 3314 Sed
2566 3278 2584 3311 ι
2614 3260 2789 3314 videte
2833 3274 2942 3330 me,
2993 3256 3169 3326 inquit
3209 3254 3514 3325 Scriptura,
3536 3249 3642 3322 quia
3683 3248 3757 3314 ipse

2248 3368 2391 3414 sum,
2422 3359 2475 3405 et
2508 3366 2613 3405 non
2648 3365 2765 3404 sum
2814 3350 3121 3405 mutatus‘.
3159 3368 3177 3399 ι
3213 3346 3353 3401 Tum
3380 3356 3436 3401 et
3475 3344 3614 3397 divus
3650 3338 3756 3392 Psal-

564 3439 774 3494 furiosa
803 3440 924 3494 est?
954 3438 1205 3499 Profecto
1240 3438 1372 3492 nihil
1414 3437 1685 3492 amentius
1705 3438 2002 3506 excogitari
2047 3451 2142 3505 po-
2173 3477 2216 3534 Ο
2250 3445 2407 3499 misla
2433 3444 2628 3499 alicubi
2656 3444 2800 3498 canit
2834 3461 2848 3497 :
2888 3462 2906 3493 ι
2940 3440 3116 3508 Opera
3158 3454 3419 3494 manuum
3453 3448 3641 3491 tuarum
3674 3438 3757 3486 sunt

566 3540 673 3586 test
705 3546 864 3598 quam
904 3531 980 3585 ita
1030 3529 1191 3585 Verbi
1242 3539 1491 3583 naturam
1541 3528 1865 3583 contumelia
1902 3526 2143 3582 afﬁcere.

566 3621 780 3690 Alioqui
835 3621 926 3691 qui
960 3620 1075 3674 ﬁeri
1124 3628 1324 3690 posset,
1368 3629 1424 3673 ut
1466 3619 1562 3674 Dei
1611 3634 1805 3674 nomen
1864 3617 2148 3673 sublimius

567 3714 759 3782 quovis
781 3714 997 3768 nomine
1031 3720 1196 3778 esset,
1222 3721 1276 3766 et
1305 3713 1417 3780 ipse
1460 3711 1722 3766 Dominus
1754 3712 2013 3765 virtutum
2064 3710 2149 3765 fo-

567 3805 686 3859 ret?
711 3805 817 3859 Sed
839 3806 981 3860 enim
999 3806 1195 3874 aliquis
1221 3794 1454 3860 fortasse
1492 3804 1657 3868 dicet,
1685 3803 1826 3857 haud
1852 3804 1903 3857 id
1927 3803 2147 3873 quidem

568 3898 937 3951 necessarium
973 3895 1166 3962 fuisse,
1206 3905 1398 3965 sponte
1441 3905 1621 3949 tamen
1673 3897 1744 3948 ita
1782 3904 1954 3950 semet
1997 3910 2150 3949 com-

569 3996 830 4054 mutasse,
868 3996 927 4042 ut
956 3988 1250 4043 inevitabili
1291 3988 1529 4057 passioui
1556 3988 1825 4042 subesset.
1855 3988 2021 4057 Atqui
2051 4003 2149 4058 ego

650 4147 917 4205 ‘Malach.
957 4166 1037 4217 ιιι,
1073 4150 1125 4205 6.
1204 4149 1389 4205 'Psal.
1417 4166 1490 4216 cr,
1522 4148 1612 4215 26,
1644 4150 1734 4205 ‘27.

646 4309 725 4377 (Ι)
756 4308 835 4362 Ex
858 4307 1117 4376 Apologia
1146 4306 1371 4360 Joannis
1396 4305 1751 4377 Caesariensis
1786 4320 1883 4374 pro
1919 4307 2151 4362 concilio

572 4376 998 4433 Chalcedonensi
1059 4392 1179 4443 qua:
1237 4378 1289 4429 in
1350 4378 1536 4430 codice
1588 4376 1816 4445 Syriaco
1893 4376 2153 4433 Vaticano

574 4458 841 4515 superest.
874 4478 943 4489 —-
969 4447 1070 4501 Mai
1102 4445 1351 4499 Biblioth.
1391 4463 1522 4499 nova
1547 4445 1794 4509 Patrum,
1815 4446 1881 4509 ll,
1918 4446 2045 4500 445.

648 4520 726 4588 (2)
762 4518 824 4572 lli
852 4520 1068 4585 proprie
1098 4516 1417 4588 dicebantur
1446 4515 1783 4588 suyxuttxoi,
1820 4516 2148 4588 confusanei,

578 4584 880 4654 cuiusmodi
913 4584 1129 4641 fuerant
1157 4587 1484 4653 Apollinaris
1504 4584 1561 4639 et
1580 4586 1870 4656 Eutychos,
1888 4596 1942 4639 et
1970 4584 2153 4655 postea

582 4662 843 4722 Severus,
891 4659 981 4725 qui
1022 4660 1158 4711 duas
1205 4657 1407 4712 Christi
1438 4666 1660 4711 naturas
1705 4657 1756 4708 in
1812 4672 1972 4709 unam
2026 4658 2158 4711 adu-

574 4738 845 4784 naverunt
869 4739 1030 4794 atque
1068 4727 1446 4781 confuderunt.
1482 4727 1620 4780 llinc
1645 4725 2157 4781 Theodoretidialo-

576 4815 676 4867 gus
697 4808 884 4852 contra
912 4797 1282 4865 Apollinarem
1312 4797 1626 4850 inscribitur
1670 4794 2025 4866 Ἀσὺγχυτος,
2060 4796 2155 4851 ιη-

579 4869 854 4936 confusus.
904 4867 1169 4934 Proprins
1220 4876 1398 4919 tamen
1449 4869 1631 4935 operis
1664 4882 1690 4918 a
1731 4867 1933 4936 Cyrillo
1965 4868 2153 4936 scripti

581 4940 770 4993 titulus
796 4938 896 4992 fuit
920 4938 1063 4991 κατὰ
1093 4936 1523 5001 Συνουσιαστῶν,
1563 4946 1749 4990 contra
1787 4936 2152 5006 Synusiastas,

586 5010 703 5062 sive
735 5019 922 5063 contra
958 5023 1052 5061 eos
1081 5009 1169 5075 qui
1190 5008 1322 5059 duas
1346 5009 1679 5061 substantias
1710 5007 1949 5061 divinam
1979 5017 2034 5060 et
2058 5009 2156 5061 hu-

583 5095 801 5133 manam
828 5081 897 5131 ita
928 5079 980 5131 in
1008 5077 1225 5131 Christo
1251 5078 1516 5131 adunatas
1546 5078 1785 5136 aiebant,
1818 5086 1874 5129 ut
1907 5092 2008 5129 una
2036 5087 2156 5144 post

583 5149 969 5202 adunationem
1001 5156 1166 5203 esset.
1197 5147 1244 5202 Is
1269 5162 1455 5212 revera
1474 5147 1663 5200 titulus
1678 5147 1859 5215 operis
1873 5145 2153 5217 Cyrilliani

584 5222 663 5272 ita
708 5223 970 5272 recitatur
1004 5219 1069 5271 ab
1104 5218 1409 5285 Epltranuio
1455 5218 1796 5271 Antiocheno
1844 5220 1983 5285 apud
2014 5218 2157 5272 Plio-

586 5290 721 5342 tium
748 5290 869 5342 cod.
904 5288 1029 5347 9.29.
1063 5304 1114 5355 p.
1138 5286 1263 5351 796,
1291 5288 1435 5356 quod
1479 5287 1798 5343 vocabulum
1845 5291 1931 5341 vix
1965 5288 2156 5341 vellem

586 5376 617 5411 a
652 5358 841 5413 Scotto
871 5360 1197 5425 explicatum
1234 5359 1402 5412 fuisse
1458 5358 1646 5411 Latine
1696 5369 1881 5412 contra
1928 5361 2156 5412 consub-

587 5428 966 5494 stantialistas,
995 5446 1077 5484 uel
1105 5430 1244 5483 forte
1275 5428 1598 5499 Eutycliiani
1648 5427 1884 5485 haeretici
1936 5445 2155 5499 permu-

592 5510 776 5554 tentur
805 5513 926 5555 cum
960 5500 1277 5553 orthodoxis
1326 5498 1737 5564 lloinousianis;
1765 5498 2071 5569 quanquam
2104 5500 2157 5553 hi

589 5585 783 5637 reapse
814 5573 878 5622 de
896 5571 1202 5625 substantia
1228 5570 1405 5623 divina
1450 5579 1659 5623 tantum
1689 5571 2001 5638 loquuntur,
2042 5586 2161 5638 quze

591 5641 780 5694 eadem
818 5638 868 5691 in
907 5639 1066 5694 Patre
1095 5641 1340 5708 Filioque
1372 5649 1489 5706 est;
1527 5642 1601 5695 illi
1633 5654 1697 5694 ex
1730 5643 1937 5695 duabus
1959 5641 2161 5695 Christi

591 5710 801 5763 naturis
841 5709 1069 5763 humana
1107 5726 1171 5764 ac
1198 5712 1375 5763 divina
1414 5727 1595 5771 unam,
1626 5720 1683 5764 ut
1710 5711 1843 5765 dixi.
1870 5712 2158 5765 faciebant.

594 5777 848 5835 Sede-nim
873 5782 1151 5838 conunodc
1166 5780 1361 5839 accidit
1380 5790 1437 5838 ut
1458 5782 1645 5837 titulus
1676 5781 1955 5853 Cyrilliani
1980 5784 2160 5853 operis

2255 3534 2375 3589 caeli
2396 3552 2409 3588 :
2433 3535 2534 3603 ipsi
2562 3534 2834 3605 peribunt,
2864 3542 2919 3587 tu
2965 3541 3146 3587 autem
3189 3544 3516 3601 permanes:
3549 3526 3633 3595 ipsi
3661 3530 3757 3575 rele-

2258 3636 2478 3681 rascent
2516 3640 2704 3680 omnes
2752 3641 2848 3680 ceu
2891 3624 3301 3689 vestimentum,
3335 3630 3394 3677 et
3433 3630 3658 3689 tanquam
3683 3610 3757 3682 pal-

2258 3717 2386 3771 lium
2418 3717 2655 3771 inrertes
2672 3731 2786 3781 eos,
2821 3724 2876 3768 et
2926 3716 3301 3779 invertentur;
3343 3712 3439 3766 sed
3472 3722 3524 3764 tu
3555 3708 3669 3762 idem
3705 3716 3757 3759 es.

2256 3821 2311 3865 et
2342 3809 2464 3862 anni
2516 3809 2590 3863 tui
2646 3824 2749 3863 non
2793 3808 3048 3861 finientur
3081 3809 3123 3859 ².
3173 3826 3189 3855 ι
3238 3803 3610 3860 Animadverte
3647 3796 3758 3867 igitur

2256 3899 2524 3967 quomodo
2545 3896 2767 3951 edoctus
2794 3911 2825 3951 a
2853 3894 2963 3949 Deo
2998 3894 3286 3964 Pr0pheta,
3316 3896 3386 3949 ad
3417 3901 3680 3948 creatarum
3699 3896 3758 3936 rc-

2258 4004 2377 4043 rutn
2406 3998 2654 4042 naturam
2696 3986 3109 4041 mutabilitatem
3152 3986 3432 4050 amandat,
3460 3980 3598 4049 cujus
3619 3976 3677 4031 rei
3700 3986 3760 4025 ar-

2262 4307 2403 4361 κατὰ
2453 4306 2866 4363 Συνουσιαστῶν
2931 4306 3113 4363 sexies
3170 4304 3517 4377 recitetnrqin
3558 4294 3759 4377 opuscttljs

2262 4378 2466 4432 Graecis
2502 4392 2530 4430 a
2566 4392 2651 4431 me
2697 4380 2859 4435 editis
2884 4378 3080 4445 Script.
3134 4386 3233 4429 vet.
3281 4386 3321 4430 t.
3367 4374 3473 4435 Vll.
3499 4368 3673 4444 pp.'l0,
3701 4368 3758 4445 ᾗόν

2262 4450 2354 4511 27,
2380 4448 2508 4510 ‘290,
2541 4447 2669 4520 295,
2700 4447 2826 4520 302,
2862 4465 2985 4520 cum
3045 4447 3295 4520 brevibus
3340 4448 3457 4517 ejus
3500 4447 3760 4520 fragmentts,

2264 4533 2383 4586 quae
2412 4519 2609 4586 partim
2634 4534 2755 4571 cum
2777 4519 2865 4574 his
2886 4536 2914 4572 a
2953 4517 3162 4572 Joanne
3206 4515 3523 4571 Cesariensi
3566 4515 3759 4586 recitatis

2187 4592 2231 4647 Ι)
2262 4578 2397 4640 mire
2413 4578 2751 4659 congruunt,
2775 4600 2833 4642 ut
2856 4598 3042 4658 postea
3074 4587 3399 4659 videbimus.
3432 4588 3611 4659 C_ontra
3634 4578 3759 4659 Syllle

2261 4660 2459 4712 siastas
2513 4652 2870 4726 scripserant
2910 4659 3075 4712 etiam
3136 4652 3698 4726 Diodorusf’I‘arsensis
3726 4652 3762 4695 el

2262 4727 2580 4781 Theodorus
2619 4716 3029 4797 Mopsustenus,
3094 4728 3325 4782 testibus
3392 4724 3624 4797 Facundo
3665 4716 3760 4797 Νειτ-

2260 4799 2525 4852 mianensi
2583 4798 2678 4851 lib.
2712 4785 2836 4864 vui,
2881 4785 3028 4867 cap:
3064 4797 3119 4867 4,
3186 4811 3393 4867 necnon
3446 4791 3643 4850 Leontio
3678 4785 3759 4867 ᾳάξο

2260 4868 2489 4935 Eutych.
2538 4866 2680 4936 apud
2734 4853 3013 4923 Canisiu'm
3056 4853 3234 4934 Antiq.
3262 4866 3387 4936 rlect.
3424 4867 3649 4936 βόε-ηυγ.
3688 4853 3761 4912 ι.Ι.

2259 4953 2314 5007 p.
2338 4934 2464 5001 591,
2491 4934 2729 5007 itemque
2759 4940 2899 5007 apud
2932 4954 3018 4992 me
3034 4936 3221 5007 Spicil.
3251 4935 3406 4991 Rom.
3436 4946 3475 5007 t.
3496 4934 3557 5007 Χ,
3582 4937 3693 5007 part.
3720 4938 3759 4983 Il.

2260 5001 2351 5077 pp.
2381 5009 2468 5067 87.
2501 5008 2590 5061 88.
2618 5001 2857 5077 Denique
2879 5010 3045 5063 etiam
3073 5001 3406 5061 'Theodotus
3435 5001 3759 5077 Antiochenus,

2260 5074 2336 5133 uti
2382 5078 2653 5132 aﬁirmant
2706 5074 2845 5149 apud
2898 5093 2983 5131 me
3034 5078 3368 5149 ιοιῃςίοίρ-ρ.
3407 5077 3468 5130 10
3512 5074 3760 5149 Anastasuls

2260 5151 2568 5219 presbyter,
2605 5159 2659 5202 et
2712 5140 2972 5204 Leontius
3014 5147 3220 5216 p.154.
3258 5140 3377 5219 Uno
3423 5140 3665 5219 versiculi:
3682 5148 3758 5219 rem

2263 5206 2566 5272 deﬁnierat
2588 5221 2730 5288 apud
2785 5206 3193 5273 Tlteodoi‘etum
3235 5217 3362 5271 dial.
3394 5217 3488 5270 cit.
3513 5228 3560 5288 ρ.
3586 5206 3759 5288 ιῡθιης

2263 5289 2476 5344 tiochus
2509 5282 2855 5344 Ptoletnaidis
2885 5302 2901 5341 :
2933 5288 3025 5357 Μὴ
3066 5288 3298 5357 συγχέῃς
3344 5282 3658 5357 τὰςηφῷ-σειςν
3698 5285 3759 5324 καί

2261 5361 2323 5412 οὐ
2365 5360 2659 5430 ναρκήσεις
2708 5360 2837 5429 περὶ
2888 5358 2985 5428 τὴν
3013 5354 3369 5430 ὀἱκονὸμῖᾳψ
3429 5354 3547 5409 Noli
3578 5357 3757 5430 naturai

2264 5426 2608 5499 confundere,
2662 5441 2709 5483 et
2758 5426 2901 5482 circa
2944 5426 3330 5481 incarnationis
3388 5426 3757 5499 mysteriuntunetf

2265 5483 2508 5571 torpebis.
2554 5483 2809 5571 sedenim
2835 5507 2912 5551 tot
2937 5500 3087 5571 Aolim
3130 5508 3187 5571 et
3218 5510 3399 5571 postea
3441 5483 3756 5571 'conttainjf':

2262 5552 2512 5624 ltwresim
2536 5552 2779 5638 scriptis,
2808 5583 2870 5621 ea
2899 5552 3428 5622 niltilominu'svivax
3463 5560 3637 5638 residﬂ
3656 5552 3755 5638 η)ιῇ

2258 5628 2777 5710 partem_tnaxitnam
2799 5638 3089 5710 Syrorum,
3104 5639 3498 5710 Armeniorum,
3516 5628 3755 5710 {Et‘biopttlc}

2260 5697 2423 5777 atque
2454 5708 2769 5778 Coptorum.
2798 5697 2970 5781 Tanta
2998 5697 3087 5766 cst
3104 5708 3397 5781 prmjudicii
3424 5722 3484 5761 ex
3506 5697 3757 5767 antiqutliﬂC

2261 5781 2499 5851 suscepti
2531 5780 2811 5837 tenacitas!
