4000 6326
310 412 332 465 Ι
347 410 447 469 ηε)

1489 414 1911 471 FRAGMENTA
1955 416 2369 473 DOGMATICA.

3412 418 3549 476 “'50

306 536 555 597 gnmenta
586 527 875 581 ordinatim
904 528 1095 585 recitat
1113 529 1301 584 dicens
1331 530 1446 585 fore
1490 542 1548 586 ut
1585 535 1706 588 mali
1764 550 1887 589 con-
1913 539 1957 594 A
1985 537 2169 589 obrem
2188 536 2209 587 ?
2227 534 2385 588 Certe
2400 547 2527 587 caro
2549 533 2614 586 ad
2633 532 2684 586 id
2707 539 2895 602 sponte
2913 544 3007 585 sua
3030 544 3135 585 non
3158 529 3348 593 fertur,
3371 545 3549 599 neque

309 629 643 686 senescant;
687 634 939 688 supremo
989 630 1167 674 autem
1230 620 1339 675 Deo
1388 622 1875 679 immutabilitatem

308 721 614 774 conservat,
643 712 816 779 ipsum
845 712 1088 765 eumdem
1129 711 1241 767 fore
1292 728 1509 783 semper
1561 723 1724 783 atque
1770 717 1875 770 im-

306 800 617 855 mutabilem
648 809 873 854 testans.
896 800 1064 854 Sicuti
1091 813 1267 855 autem
1290 817 1393 856 nou
1442 813 1525 858 est
1546 806 1872 859 credendum

304 890 465 944 ullam
495 906 617 945 esse
649 902 758 945 tam
794 893 1154 946 necessariam
1210 909 1345 959 rem,
1378 909 1497 963 qua:
1526 894 1686 950 Verbi
1712 908 1868 951 natu-

306 997 418 1035 ram
455 983 506 1035 in
540 983 589 1035 id
636 991 968 1047 convertere,
999 984 1140 1052 quod
1188 998 1374 1053 reapse
1404 1002 1507 1040 non
1540 996 1645 1053 cst,
1677 996 1870 1056 queat:

307 1071 379 1125 ita
441 1072 584 1126 nulla
642 1073 876 1128 vicissim
928 1086 1174 1129 creatura
1230 1079 1295 1130 ad
1360 1078 1577 1132 deitatis
1622 1089 1871 1133 naturam

306 1168 539 1235 migrare
580 1168 807 1234 poterit;
833 1182 901 1222 ne
927 1169 1090 1221 multa
1139 1170 1390 1239 deinceps
1419 1173 1467 1225 ei
1494 1172 1873 1241 contingerent

306 1257 753 1321 inconvenientia,
797 1275 917 1328 qua:
972 1275 1102 1314 sane
1147 1260 1486 1316 inveniabilis
1539 1262 1869 1332 blasphemia

305 1349 460 1404 foret.
498 1351 652 1405 Certe
674 1352 719 1405 si
748 1352 922 1421 aliqua
940 1364 1189 1407 creatura
1212 1355 1277 1406 ad
1308 1353 1523 1408 deitatis
1552 1364 1750 1408 statum
1776 1371 1870 1409 na-

305 1441 550 1496 turaliter
576 1444 845 1508 transiret,
878 1460 1033 1499 nemo
1054 1444 1165 1513 jam
1206 1461 1234 1499 a
1285 1454 1431 1501 recta
1477 1445 1697 1499 deviare
1744 1461 1870 1501 sen-

303 1536 466 1589 tentia
495 1535 789 1601 videretur,
820 1537 864 1590 si
895 1536 1033 1590 forte
1064 1536 1267 1590 diceret
1298 1552 1414 1591 eam
1451 1552 1515 1591 ex
1546 1538 1715 1591 nihilo
1750 1552 1872 1593 esse

300 1626 518 1693 factam,
547 1630 641 1683 sed
674 1628 792 1683 ideo
825 1629 1063 1683 materia:
1082 1630 1398 1698 particulam
1419 1629 1520 1684 sibi
1545 1631 1867 1699 sumpsisse,

303 1725 359 1768 ut
391 1716 680 1773 exsisteret
717 1734 732 1772 :
767 1726 877 1772 tum
916 1734 1112 1788 corpus
1137 1718 1426 1789 aliquando
1464 1720 1783 1775 exstiturum
1813 1721 1866 1774 in

303 1806 607 1861 substantia
663 1823 770 1862 non
825 1810 1090 1877 corporali
1136 1827 1149 1862 :
1197 1824 1417 1879 remque
1466 1810 1729 1865 visibilem
1797 1826 1861 1865 ac

302 1900 467 1951 tactui
510 1898 825 1966 subjectam,
850 1899 965 1954 ﬁeri
1009 1914 1192 1971 postea
1243 1902 1565 1957 invisibilem
1618 1913 1672 1957 et
1718 1902 1861 1957 nullo

301 1998 447 2043 tactu
493 1992 1123 2061 sentiendamzdenique
1169 2008 1366 2061 corpus
1416 1994 1542 2047 illud
1599 1996 1763 2048 vitam
1817 1996 1868 2049 vi

299 2080 532 2150 propria:
571 2092 777 2137 naturae
802 2083 1019 2148 habere,
1054 2085 1129 2137 uti
1181 2084 1411 2139 Verbum
1464 2086 1626 2139 vitam
1655 2102 1683 2138 a
1712 2087 1871 2140 Patre

301 2172 532 2239 accepit.
561 2171 725 2226 Aiunt
751 2172 969 2240 insuper
1000 2175 1173 2243 ipsum
1209 2175 1260 2228 in
1292 2190 1355 2230 ea
1410 2177 1708 2231 mutatione
1738 2191 1871 2229 con-

303 2263 813 2319 substantialitatem
842 2282 963 2321 cum
988 2277 1181 2337 natura
1207 2278 1388 2323 nostra
1411 2268 1580 2323 fuisse
1599 2273 1869 2338 adeptum,

306 2371 377 2411 ne
400 2356 524 2425 quis
569 2356 708 2411 forte
734 2357 935 2412 diserte
979 2359 1182 2413 diceret
1231 2360 1397 2412 vitam
1421 2360 1469 2413 ei
1499 2375 1603 2414 non
1655 2361 1868 2415 inesse:

301 2462 479 2516 neque
516 2462 636 2501 esse
675 2448 1036 2512 inconfusum,
1065 2450 1327 2518 quidquid
1370 2452 1641 2519 corrumpi
1676 2461 1870 2520 potest.

299 2535 435 2590 Tum
465 2537 807 2607 opinionibus
838 2539 954 2593 suis
994 2540 1417 2609 dispensationis
1446 2556 1661 2595 carnem
1698 2557 1871 2611 oppu-

298 2628 625 2698 gnant.Jam
659 2646 758 2701 ego
799 2632 924 2700 quid
981 2632 1193 2685 dicam?
1228 2632 1487 2687 Dominus
1534 2634 1673 2688 Deus
1718 2635 1873 2687 nobis

301 2720 576 2787 apparuit,
609 2730 669 2773 ut
718 2720 1123 2789 corruptionem
1174 2719 1433 2776 adversus
1467 2737 1567 2776 nos
1610 2722 1875 2776 rebellau-

300 2821 405 2865 tem
422 2811 742 2874 destrueret,
761 2828 865 2867 non
887 2827 1014 2867 VBI‘O
1029 2821 1085 2866 ιιι
1105 2814 1417 2868 ostenderet
1444 2822 1693 2868 naturam
1713 2829 1868 2868 suam

299 2905 500 2960 factam
546 2921 665 2961 esse
724 2908 1039 2975 participem
1089 2906 1507 2976 corruptionis:
1564 2908 1658 2961 sed
1718 2922 1871 2961 suam

300 2996 501 3050 factam
527 3012 650 3051 esse
681 2999 1069 3053 demonstravit
1097 3013 1315 3053 carnem
1350 2996 1519 3061 illam,
1554 3013 1673 3066 qua:
1711 2999 1870 3052 morti

298 3099 417 3145 erat
449 3089 771 3157 mancipata.
804 3089 907 3143 Sed
931 3088 1220 3157 numjuste
1254 3090 1545 3157 aliquando
1584 3092 1875 3146 contendet

1982 626 2032 679 id
2076 640 2225 679 more
2259 640 2358 679 suo
2396 626 2598 694 appetit
2641 624 2974 678 naturalibus
3019 623 3256 677 motibus
3295 622 3537 675 incitata.

1978 716 2117 786 Ergo
2152 716 2287 771 falso
2320 717 2589 770 diceretur
2615 730 2744 770 caro
2783 715 2848 769 ad
2884 730 3003 769 eum
3053 713 3212 766 ﬁnem
3251 711 3401 781 jussu
3452 710 3548 767 Dei

1979 806 2138 863 Verbi
2176 807 2504 875 pervenisse.
2541 808 2621 859 An
2665 820 2792 860 vero
2834 801 3251 872 dispensationis
3280 800 3543 853 rationem

1976 898 2390 954 abominabilem
2415 896 2761 967 excogitavit,
2794 905 2851 948 ιιι
2877 909 3094 948 carnem
3123 894 3187 945 ad
3232 890 3545 958 dignitatem

1975 992 2221 1043 evexisse
2253 988 2368 1056 ipso
2398 986 2572 1040 Verbo
2627 984 2881 1053 majorem
2931 983 3547 1045 demmvstraretﬁatqne

1974 1087 2031 1132 ut
2060 1094 2121 1133 ea
2156 1078 2455 1148 pompatica
2510 1074 2819 1130 videretur?
2845 1078 3021 1141 Atque
3062 1072 3363 1125 audiendus
3404 1068 3550 1122 Psal-

1973 1172 2133 1225 mista
2162 1179 2242 1225 est
2278 1189 2292 1225 :
2337 1188 2359 1221 ι
2391 1169 2667 1225 Sacriﬁcia
2715 1176 2771 1222 et
2818 1167 3122 1220 oblationes
3177 1179 3280 1218 non
3336 1162 3548 1232 expeti-

1972 1262 2116 1328 visti,
2149 1261 2460 1316 holocausta
2502 1276 2598 1329 pro
2647 1269 2869 1328 peccato
2889 1256 3145 1321 noluisti;
3177 1269 3375 1322 corpus
3414 1253 3544 1306 mihi

1972 1355 2213 1423 parasti;
2247 1353 2368 1407 ideo
2399 1351 2509 1405 dixi
2537 1368 2550 1405 :
2581 1349 2716 1403 Ecce
2747 1350 2923 1403 venio.
2949 1348 3106 1401 Initio
3139 1345 3256 1399 libri
3286 1346 3545 1413 scriptum

1970 1455 2054 1501 est
2081 1445 2149 1499 de
2182 1459 2266 1498 me
2290 1442 2549 1497 utl'aciam
2573 1441 2899 1495 voluntatem
2924 1450 3095 1501 tuam,
3117 1440 3255 1493 Deus
3276 1438 3318 1489 ³.
3361 1455 3384 1487 ι
3409 1436 3547 1503 Ergo

1976 1536 2229 1591 Mosaicae
2289 1534 2419 1603 legis
2470 1532 2734 1587 sacriﬁcia
2769 1530 2948 1584 Patris
2980 1529 3251 1583 voluntate
3302 1544 3404 1582 nou
3434 1528 3551 1580 exi-

1970 1638 2190 1699 guntur,
2244 1626 2416 1697 magis
2472 1638 2602 1679 vero
2658 1623 2965 1677 iucarnatio
3014 1620 3174 1676 Verbi
3226 1618 3544 1687 requiritur,

1970 1736 2162 1792 nempe
2195 1719 2309 1790 ejus
2340 1716 2677 1774 bumanatio.
2711 1725 2769 1768 ut
2799 1730 2891 1769 eos
2947 1714 3038 1783 qui
3097 1713 3197 1767 sub
3256 1710 3393 1765 coelo
3424 1716 3551 1763 sunt

1969 1813 2213 1885 perﬁciat
2242 1812 2291 1864 in
2324 1811 2496 1879 gratia
2518 1824 2613 1878 per
2639 1805 2799 1861 ﬁdem
2830 1822 2845 1859 :
2881 1792 3191 1875 quam‘rem
3236 1801 3547 1855 misericor-

1972 1906 2072 1958 dia:
2105 1904 2359 1972 pacisque
2396 1916 2558 1956 causa
2614 1900 2761 1965 fecit,
2810 1905 2968 1967 prout
3007 1895 3115 1950 Deo
3166 1894 3383 1964 dignum
3437 1899 3542 1944 est-

1972 1993 2213 2061 Quonam
2240 2002 2395 2060 pacto
2418 1991 2595 2044 dicere
2610 1988 2730 2058 quis
2746 1984 3094 2039 ausitlactam
3118 1983 3184 2037 ab
3208 1982 3324 2051 ipso
3338 1978 3546 2033 abomi-

1972 2085 2207 2139 nabilem
2257 2082 2710 2153 dispensationem
2744 2080 2911 2143 illam,
2943 2092 3062 2147 quae
3092 2076 3227 2130 adeo
3258 2082 3342 2128 est
3380 2086 3544 2125 vene-

1973 2176 2158 2231 rabilis
2214 2189 2277 2228 ac
2324 2173 2590 2228 salubris?
2619 2174 2669 2227 id
2702 2172 2845 2241 quod
2894 2183 3082 2237 reapse
3143 2166 3455 2227 accidisset,
3498 2162 3544 2215 si

1973 2274 2177 2319 mutata
2227 2264 2521 2319 divinitatis
2576 2272 2765 2315 natura
2825 2262 2877 2314 in
2936 2272 3187 2313 carueam
3233 2253 3542 2307 transisset.

1974 2353 2171 2407 Paulus
2210 2352 2425 2420 quidem
2472 2349 2905 2419 sapientissimus
2951 2345 3183 2399 scribit:
3219 2359 3237 2391 ι
3282 2341 3543 2395 Sanctum

1974 2441 2089 2509 ejus
2111 2456 2322 2511 corpus,
2358 2441 2408 2492 in
2435 2455 2540 2508 quo
2571 2453 2761 2508 passus
2798 2447 2902 2499 est,
2935 2450 3054 2489 cum
3084 2434 3136 2487 in
3191 2430 3543 2485 tentationem

1976 2536 2185 2598 incidit,
2217 2544 2274 2586 ut
2322 2533 2402 2586 eis
2430 2532 2521 2601 qui
2562 2530 2798 2584 tentandi
2848 2528 3026 2582 forent
3055 2540 3210 2593 Opem
3245 2524 3409 2578 ferret
3441 2520 3483 2573 ⁸.
3521 2539 3539 2570 ι

1977 2627 2030 2680 Si
2062 2625 2226 2679 verba
2269 2623 2356 2675 illa
2384 2623 2440 2674 in
2475 2636 2575 2689 quo
2606 2635 2790 2687 passus
2832 2626 2906 2671 est
2942 2614 3200 2676 delcmus,
3226 2626 3433 2665 sutnma
3468 2607 3543 2661 rei

1975 2719 2203 2782 deletur,
2240 2718 2473 2784 itemque
2513 2712 2834 2782 suppeditati
2888 2709 3044 2762 nobis
3089 2705 3276 2759 auxilii
3323 2716 3541 2768 scepus.

1976 2810 2127 2878 Quod
2159 2809 2224 2873 si,
2266 2817 2324 2861 ut
2350 2806 2533 2861 volunt
2571 2805 2660 2873 qui
2708 2818 2769 2857 ea
2816 2802 2976 2855 verba
3027 2796 3388 2867 supprimunt,
3419 2807 3546 2845 caro

1976 2905 2029 2958 in
2061 2902 2278 2958 deitatis
2308 2898 2659 2954 substantiam
2682 2895 2938 2949 transisse
2967 2892 3182 2951 dicitur,
3221 2898 3280 2940 ut
3311 2886 3364 2940 id
3401 2882 3542 2953 quod

1976 3008 2081 3048 non
2119 3000 2236 3045 erat
2267 2991 2439 3054 ﬁeret,
2472 2986 2578 3055 jam
2612 2986 2729 3053 ipsa
2761 2998 2888 3037 caro
2937 2979 3075 3035 baud
3105 2976 3333 3031 ulterius
3376 2970 3543 3026 menti

1976 3096 2174 3140 nostra:
2202 3081 2643 3138 occurritzsecus
2680 3076 2822 3129 enim
2860 3090 2978 3142 qua:
3033 3068 3348 3125 mutationis
3406 3065 3545 3117 ratio

298 3179 514 3247 aliquis,
546 3180 711 3234 Deum
736 3180 968 3234 Verbum
1006 3180 1059 3234 in
1108 3190 1356 3235 naturam
1397 3196 1713 3250 corpoream
1755 3194 1874 3236 esse
1902 3202 1944 3260 ε
1978 3179 2187 3242 fuisset,
2233 3177 2278 3231 si
2338 3173 2478 3244 quod
2508 3182 2645 3237 erat,
2683 3170 2734 3223 in
2779 3177 2919 3223 statu
2978 3182 3079 3221 suo
3121 3158 3546 3260 permansisset?

303 3281 599 3335 mutatum,
638 3280 731 3326 aut
763 3288 919 3327 versa
951 3272 1064 3327 vice
1112 3288 1331 3328 carnem
1384 3273 1452 3327 ad
1491 3273 1583 3327 Dei
1621 3282 1866 3326 naturam

302 3361 587 3429 migrasse,
616 3376 673 3417 ut
698 3364 801 3431 ipsi
841 3363 993 3419 ﬁeret
1050 3364 1570 3419 consubstantialis?
1604 3362 1739 3417 Num
1772 3378 1871 3417 nos

299 3466 363 3505 ea
415 3454 638 3509 credere
692 3464 922 3523 oportet,
974 3471 1092 3525 qua:
1150 3457 1371 3511 omnino
1434 3455 1700 3511 credenda
1758 3471 1870 3510 non

299 3544 462 3599 sunt?

598 3634 651 3691 5.
681 3636 828 3690 Idem
854 3636 1082 3708 Cyrillus
1106 3640 1157 3692 in
1183 3639 1362 3693 eodem
1398 3638 1552 3692 libro.

374 3722 611 3781 Verbum
639 3726 705 3781 de
736 3728 873 3781 coelo
922 3729 1233 3795 lapsum,et
1280 3729 1433 3797 cujus
1483 3726 1698 3797 propria
1745 3740 1873 3781 caro

305 3817 446 3871 facta
482 3827 582 3883 est,
612 3834 795 3873 revera
838 3821 901 3874 de
933 3820 1072 3875 ctelo
1116 3821 1404 3875 advenisse
1431 3821 1647 3883 dicitur,
1676 3820 1870 3873 vitam-

300 3924 407 3980 que
437 3912 635 3965 mundo
687 3911 1005 3966 contulisse.
1031 3910 1220 3965 Divina
1275 3926 1406 3965 caro
1453 3920 1538 3963 est
1583 3911 1785 3978 itaque,
1814 3918 1874 3961 ut

294 4000 403 4069 jam
434 4001 541 4055 dixi
573 4020 587 4056 :
622 4018 777 4057 nemo
806 4012 986 4057 tamen
1038 4011 1186 4057 recta
1227 4003 1436 4056 ratione
1491 4001 1874 4069 intellectuque

296 4096 580 4163 prmditus,
611 4096 813 4149 ideirco
846 4095 1075 4149 Verbum
1106 4096 1159 4150 in
1201 4110 1421 4150 carnem
1452 4102 1721 4147 mutatum
1751 4106 1872 4146 esse

298 4185 398 4238 sibi
424 4187 784 4253 persuadebit.
813 4186 1047 4241 Necesse
1084 4196 1168 4241 est
1214 4186 1357 4241 enim
1399 4194 1455 4238 ut
1483 4183 1869 4239 sublimissima

297 4276 537 4328 omnium
568 4284 759 4328 natura
790 4291 982 4343 purum
1012 4284 1213 4331 statum
1245 4274 1495 4337 retineat,
1529 4273 1580 4327 id
1623 4282 1708 4327 est
1740 4274 1870 4325 sim-

297 4365 488 4433 plicem
510 4365 627 4420 sine
644 4366 866 4420 alterius
889 4365 1289 4426 commistione,
1325 4378 1393 4419 ne
1436 4362 1579 4417 forte
1623 4361 1872 4415 videatur

296 4456 616 4522 composita,
652 4464 744 4510 aut
772 4456 1105 4511 incremento
1135 4456 1404 4523 indigens,
1436 4451 1868 4522 autcujusquam

296 4548 375 4601 rei
410 4548 677 4616 particeps
729 4563 849 4618 qua:
886 4558 1132 4601 naturam
1172 4562 1324 4601 suam
1383 4547 1605 4600 minime
1654 4545 1864 4607 deceat,
1898 4540 1947 4600 D

296 4639 422 4692 dum
446 4640 500 4692 in
525 4649 729 4693 natura:
780 4640 1061 4703 unitatem,
1091 4639 1204 4693 sive
1243 4637 1863 4693 cousubstantialitatem

295 4731 567 4785 Concurrit
586 4730 682 4801 (l).
709 4730 859 4786 Nunc
886 4732 1026 4784 acuti
1052 4731 1360 4787 intellectus
1378 4733 1536 4785 oculo
1554 4731 1861 4800 opinionem

294 4822 758 4879 Conlusaneorum
792 4831 1117 4884 scrutemur,
1147 4823 1436 4875 dicentium
1472 4837 1687 4876 carnem
1724 4820 1864 4874 inef-

294 4911 439 4967 fabili
486 4914 693 4967 rati0ne
722 4912 797 4967 sic
824 4927 945 4967 esse
982 4920 1261 4977 mutatam,
1296 4922 1354 4964 ut
1386 4912 1493 4966 Deo
1523 4909 1701 4966 Verbo
1736 4927 1867 4964 con-

294 5004 667 5059 substantialis
697 5002 951 5058 evaserit.
987 5000 1097 5057 Cur
1150 5002 1225 5066 id,
1252 5002 1492 5071 inquam,
1534 5009 1627 5055 aut
1666 5016 1861 5069 quam-

381 5179 404 5211 ³
431 5180 575 5236 Psal.
608 5194 794 5243 xxxix,
825 5178 941 5233 7-9.
1017 5180 1039 5210 ⁸
1061 5179 1223 5235 Hebr.
1251 5194 1313 5242 tt,
1346 5177 1429 5235 18.

367 5333 445 5405 (i)
474 5333 663 5387 Exstat
692 5336 877 5389 Graece
914 5334 1000 5389 hic
1032 5333 1183 5405 locus
1203 5334 1341 5400 apud
1368 5332 1712 5405 Anastasium
1737 5348 1858 5405 pre-

295 5401 573 5473 sbyterum
602 5420 629 5457 a
657 5406 812 5458 nobis
842 5407 1042 5459 editum
1079 5403 1272 5471 Script.
1310 5412 1406 5456 vet.
1436 5413 1481 5473 γι.
1514 5401 1619 5464 VII,
1653 5401 1748 5473 pp.
1769 5404 1856 5465 ιι),

296 5472 386 5538 15,
408 5473 497 5543 27,
530 5488 650 5525 cum
682 5476 769 5527 vix
796 5475 1002 5543 aliquot
1026 5473 1378 5543 varietatibus
1403 5472 1483 5543 sic
1504 5490 1523 5543 7:
1552 5472 1857 5543 Kvpllxou

292 5544 363 5595 ἐκ
395 5542 501 5596 τοῦ
525 5544 673 5596 κατὰ
716 5540 1181 5598 Συνοὺσιαστῶν
1214 5545 1419 5610 λόγου.
1469 5542 1577 5593 Nai.
1614 5543 1720 5610 μὴν
1765 5540 1859 5593 καὶ

294 5614 362 5684 ἐξΔ
382 5611 613 5683 οὐρα.νοῦ
641 5614 1072 5684 καταδεδηκέναι
1101 5613 1338 5684 λέγεται,
1370 5612 1463 5664 καὶ
1489 5611 1631 5684 ζωὴν
1661 5610 1859 5684 διρρναι

293 5681 373 5753 τῷ
398 5681 605 5753 κόσμῳ,
634 5684 721 5735 διὰ
745 5684 834 5735 τὸν
854 5681 1058 5737 ἄνωθεν
1080 5685 1173 5735 καὶ
1195 5683 1251 5748 ἐξ
1285 5681 1521 5753 οὐρανοῖξ
1550 5681 1861 5753 atat:qude

295 5734 474 5823 λόγόν.
500 5734 569 5807 'oti
592 5734 827 5823 ’κάιίιδίά
856 5734 1134 5823 me.”
1166 5734 1333 5823 σάῇξέ
1356 5734 1559 5823 ὀὐκοῦν
1592 5750 1714 5823 θεία
1743 5751 1862 5821 μὲν,

295 5823 371 5887 ὡς
411 5822 567 5893 ἔφην,
606 5820 783 5875 ἐστίν’
816 5824 877 5877 οὐ
916 5826 1021 5893 μὴν
1062 5820 1136 5876 ἔτι
1170 5820 1261 5876 καὶ
1293 5822 1369 5887 εἰς
1424 5820 1582 5891 φύσιν
1616 5820 1868 5893 θεότητος

1970 3274 2099 3338 Qua:
2150 3276 2335 3321 nostro
2388 3261 2601 3331 corpori
2651 3260 2854 3314 utilitas
2913 3258 3196 3313 accederet
3240 3268 3271 3308 a
3318 3251 3545 3322 mystico

1971 3372 2268 3429 sanctoque
2306 3356 2596 3421 sacriﬁcio,
2628 3356 2781 3421 cujus
2816 3351 3055 3419 suscepti
3091 3348 3291 3402 factum
3316 3354 3401 3399 est
3421 3357 3546 3412 par-

1972 3452 2176 3522 ticeps?
2203 3449 2429 3516 Quinam
2484 3446 2601 3515 eius
2651 3445 2725 3499 rei
2772 3444 2978 3497 fructus
3022 3440 3160 3493 alius
3198 3437 3410 3499 fuisset,
3443 3434 3544 3487 nisi

1972 3543 2113 3612 quod
2156 3540 2389 3595 Verbum
2416 3544 2660 3591 naturam
2693 3549 2846 3588 suam
2881 3542 3091 3584 mutare
3114 3525 3411 3583 voluisset?
3435 3523 3545 3578 Cur

1972 3634 2127 3688 nobis
2159 3631 2274 3698 ipse
2314 3628 2537 3683 dixisset
2577 3643 2590 3679 :
2630 3643 2647 3676 ι
2684 3624 2794 3692 Ego
2834 3636 2953 3676 sum
2992 3618 3147 3690 panis
3179 3617 3303 3671 vita:
3342 3612 3435 3683 qui
3478 3612 3544 3666 dc

1971 3725 2110 3779 caelo
2141 3720 2441 3784 descendit,
2469 3718 2776 3785 mundoque
2810 3714 2979 3767 vitam
3021 3722 3279 3766 aeternam
3331 3706 3444 3761 dat.
3479 3705 3548 3759 Et

1972 3816 2146 3886 panis,
2174 3827 2331 3883 quem
2355 3824 2454 3880 ego
2487 3808 2685 3871 tribuo,
2724 3820 2841 3860 mea
2866 3819 2991 3858 caro
3022 3801 3212 3864 εδει,οὺ
3254 3800 3435 3853 mundi
3462 3798 3543 3851 vi-

1975 3918 2105 3964 tant.
2139 3906 2238 3973 Qui
2270 3905 2560 3959 manducat
2614 3914 2787 3953 meam
2841 3910 3060 3952 carnem
3091 3904 3146 3949 et
3176 3894 3311 3949 bibit
3360 3906 3539 3945 meum

1971 3995 2381 4067 sanguinem,in
2437 4008 2522 4046 me
2548 3999 2749 4057 manet,
2784 3997 2837 4044 et
2877 4004 2976 4055 ego
3027 3987 3079 4041 in
3110 4002 3174 4042 eo
3194 3985 3236 4038 ⁸.
3269 4004 3288 4038 ι
3323 3984 3465 4053 Ergo
3493 3983 3540 4037 si

1971 4104 2100 4144 caro
2131 4087 2182 4141 in
2211 4086 2261 4140 id
2294 4086 2437 4155 quod
2460 4099 2567 4137 non
2593 4091 2711 4137 erat
2765 4088 2969 4135 mutata
2998 4088 3104 4142 est,
3137 4084 3301 4148 atque
3350 4077 3416 4130 ad
3450 4090 3545 4128 su-

1970 4180 2271 4234 blimiorem
2305 4188 2496 4230 natura
2527 4173 2743 4243 propria
2771 4172 2995 4242 gradum
3027 4169 3264 4232 transiit,
3294 4166 3349 4221 id
3370 4175 3459 4221 est
3492 4164 3540 4219 si

1971 4287 2091 4325 eam
2123 4270 2281 4325 Verbi
2303 4270 2555 4323 voluntas
2586 4265 2934 4320 excelsiorem
2970 4263 3116 4325 fecit,
3150 4261 3303 4315 nobis
3326 4273 3544 4328 quoque

1970 4364 2077 4417 vim
2102 4361 2258 4429 hujus
2281 4360 2545 4430 mysterii,
2580 4372 2774 4426 resque
2804 4356 2870 4410 ad
2898 4355 2950 4410 id
2977 4354 3309 4424 pertinentes
3331 4349 3542 4405 ratione

1971 4454 2075 4509 alia
2105 4454 2286 4509 licebit
2318 4466 2595 4522 peragere.

2254 4584 2307 4641 4.
2342 4582 2492 4637 Idem
2528 4579 2756 4651 Cyrillus
2795 4579 2851 4632 in
2880 4576 3062 4631 eodem
3103 4572 3256 4628 libro.

2043 4724 2185 4793 Ergo
2207 4719 2598 4776 incarnationis
2628 4717 2818 4785 dogma
2856 4711 3138 4782 perspicua
3168 4722 3403 4778 veraque
3433 4706 3540 4762 ﬁde

1971 4817 2231 4871 creditur.
2256 4814 2406 4879 Quod
2433 4812 2499 4873 si,
2541 4818 2598 4863 ut
2649 4804 2942 4861 adversarii
2995 4802 3199 4867 dicunt,
3231 4799 3437 4867 abiecta
3460 4807 3541 4853 est

1970 4922 2119 4969 caro,
2150 4916 2203 4961 et
2234 4905 2286 4959 in
2312 4915 2560 4958 naturam
2601 4900 2758 4955 Verbi
2794 4907 3023 4963 mutata,
3060 4896 3203 4966 quod
3262 4894 3309 4948 ei
3343 4908 3402 4948 se
3443 4907 3540 4946 co-

1972 4998 2199 5066 pulavit,
2231 5012 2368 5053 vana
2388 5010 2602 5066 quoque
2632 4992 2910 5062 evaderet,
2927 5005 3029 5044 una
3063 5004 3184 5044 cum
3217 4987 3398 5042 carnis
3424 5002 3545 5040 mu-

1511 5177 1710 5234 l’Joan.
1742 5192 1818 5243 v1,
1850 5175 2041 5233 Eii-55.

1968 5332 2293 5401 μεταϐαλεῖν
2326 5332 2655 5386 ﬂammati-so:
2681 5351 2765 5397 τις
2790 5334 2875 5399 ἂν,
2903 5334 3035 5402 εἴγε
3064 5333 3188 5386 νοῦν
3222 5333 3333 5403 ἔχει
3362 5326 3536 5403 totae-3

1966 5403 2357 5475 ﬂs6nx6taxa‘.
2393 5403 2728 5475 δογματικῆς
2755 5401 3036 5475 εὐτεχνίας
3064 5401 3433 5475 ἐπιστήμονας
3448 5401 3538 5475 ῥεῖ

1961 5473 2071 5542 γὰρ
2099 5475 2164 5542 τῇ
2192 5473 2408 5526 πάντων
2430 5471 2692 5527 ἐπέκεινέ
2713 5477 2807 5527 καὶ
2847 5471 3107 5527 ἀνωτάτω
3145 5471 3325 5541 φύσέι,
3361 5471 3532 5542 σώζετ

1964 5539 2088 5614 σθὰι
2115 5539 2371 5614 atellani);
2401 5543 2461 5596 τὸ
2504 5545 2706 5597 ἁπλοῦν
2737 5545 2829 5597 καὶ
2872 5539 3184 5614 ἀσυμμιγὲζ
3223 5542 3414 5614 ἑτέρῳ.
3442 5539 3538 5614 xui.

1962 5611 2024 5664 τὸ
2068 5612 2141 5682 μὴ
2188 5610 2555 5666 συντεθεῖσθαι
2585 5614 2781 5672 δοκεῖν.
2828 5614 2885 5667 ἐν
2915 5610 2994 5683 γε⁷
3028 5610 3143 5675 ἱροῖς
3172 5612 3291 5665 καθ’
3317 5610 3538 5683 ήὲῌὰυτῂν

1966 5680 2139 5750 ἧγουνή
2157 5683 2473 5753 προσθήκης
2504 5684 2784 5754 δεδεῆσθαξ
2817 5680 2961 5747 τινος
2976 5685 3069 5737 καὶ
3090 5680 3410 5754 ἀσυμφυοῦς
3439 5680 3539 5733 αὐ-

1968 5755 2065 5825 τῆς
2098 5750 2520 5825 πράγματοςέἰς
2544 5750 2825 5807 κοινωνίαν
2848 5754 3019 5809 ἐλθεῖν
3039 5754 3138 5825 τὴν
3168 5750 3225 5806 ἐν
3252 5750 3541 5821 ταυτότητι

1971 5822 2186 5892 φύσεως
2218 5823 2382 5893 ἤγουν
2405 5825 2799 5895 ὀμοονσιότητι.
