4000 6326
437 357 569 414 HM
1430 353 1488 411 S.
1531 351 1803 411 CYRILLI
1839 349 2314 406 ALEXANDRINI
2356 347 2681 404 ARCIIIEP.
3572 342 3733 399 1.132

409 477 644 532 .tatione
689 473 946 530 salutaris
1007 474 1128 530 fidei
1188 482 1389 530 nostra:
1430 474 1738 530 confessio:
1765 474 1875 527 imo
1927 485 2017 525 res
2045 477 2094 532 Λ
2120 484 2228 538 quo
2265 470 2329 524 de
2361 467 2501 522 coelo
2531 466 2806 520 rediturus
2847 463 3004 525 est’,
3039 462 3164 516 hinc
3220 467 3432 514 constat
3483 473 3722 515 carnem

434 576 548 622 tota
600 567 1057 634 pessumdaretur,
1119 580 1242 620 cum
1294 564 1528 619 indidem
1567 576 1822 619 manante
1853 564 2017 634 justi-
2120 566 2188 620 ab
2217 579 2282 619 eo
2313 563 2364 616 itt
2397 560 2539 614 aliud
2571 556 2798 627 quodvis
2824 570 2927 607 non
2963 553 3128 607 fuisse
3164 561 3452 613 mutatam,
3479 549 3584 603 sed
3604 547 3729 615 glo-

439 661 720 725 licatione;
754 668 1260 728 consequenterque
1300 674 1398 712 nos
1445 659 1622 712 adhuc
1671 661 1724 712 in
1778 657 2018 728 peccatis
2125 658 2320 712 riosam
2351 655 2490 720 apud
2516 666 2639 705 cum
2664 662 2903 712 manere,
2939 643 3422 713 incorruptibilem,
3449 645 3579 696 sine
3613 656 3736 694 ma-

440 753 642 808 nostris
667 766 968 818 manemus,
999 768 1173 821 neque
1204 760 1445 808 veterum
1482 752 1764 822 culparum
1803 759 2018 804 nostra-
2123 749 2265 812 cula,
2285 745 2554 815 atqueilla
2587 743 2703 796 luce
2731 741 3026 808 fulgentem
3061 736 3125 788 ad
3153 752 3312 804 quam
3347 749 3512 787 nemo
3540 741 3738 802 potest

440 862 559 901 rum
583 847 772 901 sordes
805 847 1065 901 discussa:
1093 856 1239 900 sunt.
2125 843 2408 897 accedere.
2435 838 2607 892 Porro
2643 833 2784 889 haud
2831 847 2954 885 cum
2997 829 3089 883 illo
3133 828 3305 892 tenui,
3330 837 3391 880 ut
3439 826 3735 896 primitus,

748 961 803 1015 5.
840 961 990 1014 Idem
1025 960 1331 1030 Cyrillusin
1355 960 1536 1014 eodem
1561 959 1711 1012 libro.

2162 933 2416 1002 plendore
2450 928 2764 983 descendet.

513 1075 571 1130 Si
605 1090 732 1130 caro
758 1075 918 1130 Verbi
939 1092 968 1130 a
990 1085 1188 1129 nostra:
1215 1075 1396 1129 carnis
1425 1075 1737 1129 conditione
1761 1073 2025 1127 recessis-
2413 1042 2464 1094 ⁷·
2500 1040 2649 1094 Idem
2688 1037 2916 1108 Cynum
2958 1052 3012 1089 ³η
3053 1035 3232 1087 eadem
3279 1035 3433 1084 mm“

442 1179 546 1234 set,
579 1169 829 1239 superior
880 1167 1038 1223 nobis
1069 1167 1284 1231 effecta,
1314 1167 1440 1236 quia
1486 1168 1539 1220 in
1584 1167 1841 1220 deitatem
1891 1180 2024 1219 cou-
2203 1159 2260 1213 Si
2293 1173 2421 1211 caro
2445 1156 2565 1223 ejus
2593 1156 2658 1208 ad
2695 1163 2943 1206 naturam
2971 1148 3188 1203 deitatis
3210 1148 3379 1214 ipsius
3409 1143 3749 1199 transisset.

441 1275 622 1325 versa,
647 1237 848 1313 salutis
874 1269 1076 1314 nostra:
1112 1258 1259 1313 basis
1305 1267 1605 1323 corrueret,
1653 1271 1858 1325 nosque
1894 1256 2030 1309 adeo
2126 1252 2240 1320 jam
2270 1251 2440 1305 Filius
2461 1247 2698 1302 hominis
2726 1259 2845 1299 esse
2873 1242 3184 1300 desineret;
3231 1239 3522 1307 palamque
3547 1237 3749 1290 omni-

444 1354 544 1408 sub
569 1354 759 1406 mortis
780 1353 1091 1422 peccatique
1113 1352 1379 1406 saevitiam
1419 1351 1818 1406 recideremns.
1849 1349 2028 1413 Sicut,
2136 1345 2235 1399 bus
2267 1344 2420 1397 fieret
2470 1339 2697 1410 gloriam
2738 1333 3047 1403 adoptionis
3096 1331 3272 1383 amitti
3319 1346 3348 1381 a
3385 1329 3578 1422 nobis,
3622 1337 3752 1422 latt-

443 1442 639 1498 domus
671 1444 880 1498 murive
907 1419 1152 1498 subrutis
1177 1444 1376 1499 inlimis
1399 1443 1787 1508 fundamentis,
1817 1441 2034 1495 univer-
2137 1452 2298 1506 quam
2329 1435 2378 1490 si
2409 1431 2828 1503 primogenitum
2854 1427 2996 1482 inter
3016 1422 3214 1478 multos
3245 1422 3507 1476 fratres“
3528 1419 3755 1474 diutius

445 1553 564 1594 sum
601 1539 889 1595 aedificium
927 1540 1283 1603 dilaberetur,
1308 1548 1362 1592 et
1411 1537 1668 1606 quidquid
1713 1537 1818 1590 illis
1849 1535 2036 1590 fulcris
2140 1545 2248 1584 non
2281 1527 2629 1581 haberemus.

443 1638 878 1698 superstructum
932 1627 1143 1693 fuerat;
1187 1631 1258 1682 ita
1303 1631 1348 1683 si
1389 1627 1657 1695 Unigeniti
1707 1643 1828 1682 cum
1875 1640 2038 1681 carne
2440 1639 2494 1695 8,
2529 1638 2681 1692 [dem
2713 1635 3021 1708 συνειιιιείη
3046 1635 3227 1688 eodem
3261 1630 3419 1684 libro,

447 1721 782 1791 dispensatio
812 1736 941 1775 vera
984 1737 1091 1775 nou
1125 1730 1294 1786 esset,
1327 1735 1416 1774 res
1441 1730 1639 1772 nostrae
1683 1717 1842 1772 simul
1876 1726 2038 1786 atque

449 1809 504 1860 in
540 1819 860 1878 perpetuum
900 1818 1276 1863 everterentnr
1328 1817 1383 1861 et
1428 1809 1658 1861 intirmae
1704 1811 1917 1861 tierent.
1949 1806 2038 1862 Sic
2073 1827 2114 1884 Β

450 1901 538 1954 aio
573 1901 800 1970 pariter,
839 1903 982 1970 quod
1011 1901 1057 1955 si
1113 1899 1270 1955 Verbi
1305 1915 1436 1954 caro
1465 1901 1517 1953 in
1545 1899 1765 1954 deitatis
1789 1907 2040 1950 naturam

451 2002 661 2046 mutata
693 1992 906 2060 fuisset,
925 1993 1237 2048 necessario
1277 2003 1440 2062 atque
1490 1993 1543 2045 in
1593 2003 1852 2047 aeternum
1873 1990 2042 2044 aFilii

453 2085 694 2140 hominis
733 2085 1097 2154 appellatione
1142 2085 1442 2140 excideret.
1489 2085 1598 2139 Cur
1643 2099 1773 2154 ergo
1826 2083 2045 2154 sapien-

454 2173 702 2229 tissimus
727 2175 924 2230 Paulus
952 2177 1185 2230 dixisset
1219 2194 1232 2229 :
1266 2194 1284 2226 ι
1339 2175 1491 2231 Unus
1519 2187 1600 2230 est
1631 2175 1794 2240 Deus,
1821 2186 1874 2230 et
1906 2190 2046 2230 unus

455 2266 726 2320 mediator
775 2267 916 2320 inter
973 2265 1142 2321 Deum
1199 2276 1254 2321 et
1299 2267 1564 2331 homines,
1592 2269 1753 2323 homo
1798 2268 2048 2323 Christus

458 2357 640 2423 Jesus,
686 2358 779 2429 qui
819 2359 968 2414 dedit
1029 2360 1270 2430 seipsum
1327 2362 1774 2431 redemptionem,
1799 2377 1898 2431 pro
1943 2376 2047 2416 no-

457 2449 545 2506 bis
575 2452 677 2504 °?i
717 2451 814 2506 Est
839 2452 954 2523 ipse
983 2454 1251 2507 mediator
1297 2464 1354 2506 ut
1395 2454 1558 2516 Deus,
1591 2455 1845 2522 idemque
1885 2456 2048 2508 homo

460 2543 644 2607 simul,
686 2542 854 2597 Deum
909 2542 1127 2600 Patrem
1165 2545 1321 2598 nobis
1351 2545 1613 2614 placans;
1651 2546 1764 2615 ipse
1800 2560 1939 2599 unus
1967 2555 2050 2600 est

461 2636 518 2690 in
539 2637 692 2691 unica
720 2637 1073 2702 adunatione,
1113 2639 1167 2691 in
1203 2653 1306 2706 qua
1332 2653 1462 2692 sane
1499 2638 1688 2709 grandi
1735 2655 1857 2693 cum
1892 2638 2048 2693 diffe-

462 2731 639 2784 rentia
709 2729 1124 2800 distinguuntur
1191 2741 1399 2785 natura:
1453 2732 1803 2801 (l):e:edem
1867 2742 2048 2785 tamen

465 2833 800 2879 concurrunt
855 2825 1020 2880 simul
1074 2826 1128 2880 in
1174 2825 1476 2892 Christum,
1509 2837 1563 2881 et
1611 2826 1664 2879 in
1708 2824 2049 2879 inconfusam

465 2918 850 2974 adunationem
885 2927 1052 2988 atque
1111 2917 1488 2984 insolubilem;
1524 2917 1718 2971 similis
1775 2916 1920 2970 Patri
1969 2927 2052 2971 est

469 3011 690 3077 deitate,
708 3012 901 3068 similis
925 3013 1081 3068 nobis
1100 3013 1465 3077 humanitate;
1499 3025 1661 3082 atque
1679 3012 1751 3066 ita
1772 3011 2054 3081 cognosci-

470 3114 558 3158 tur
595 3105 759 3159 homo
787 3105 1037 3162 Christus
1082 3103 1241 3160 Jesns
1282 3105 1549 3159 mediator
1592 3114 1800 3159 noster.
1827 3105 1980 3170 Quod
2005 3105 2052 3160 si

471 3194 855 3249 abominabilis
899 3195 954 3249 in
1009 3205 1178 3260 eo,ut
1224 3195 1311 3248 isti
1358 3196 1566 3261 volunt,
1591 3210 1722 3249 caro
1773 3203 1940 3260 esset,
1975 3195 2051 3249 rei
2081 3187 2126 3250 C

471 3300 682 3338 summa
713 3286 778 3340 de
805 3284 980 3340 medio
1002 3286 1305 3350 tolleretur,
1345 3301 1445 3339 nec
1484 3284 1596 3353 jam
1635 3285 1752 3354 ipse
1785 3285 1927 3338 inter
1960 3299 2057 3339 nos

469 3375 973 3448 Patremquesuum
1009 3378 1275 3433 mediator
1310 3388 1474 3433 esset.
1513 3377 1666 3431 'l‘unc
1704 3387 1883 3432 autem
1915 3393 2056 3446 quo-

472 3469 639 3526 modo
668 3470 735 3524 ad
767 3470 918 3525 illum
944 3471 1372 3527 accederemus?
1396 3483 1492 3525 aut
1522 3482 1670 3525 certe
1698 3472 1820 3540 quis
1848 3485 1946 3524 nos
1983 3469 2058 3524 illi

476 3561 825 3616 admoveret?
851 3563 976 3632 quis
1013 3566 1228 3618 demum
1248 3563 1874 3633 superessetmediator?
1898 3561 2062 3616 Divus

2217 1759 2330 1814 Non
2364 1763 2591 1824 apparet
2627 1737 2868 1807 Verbum
2915 1763 3134 1806 carnem
3185 1757 3448 1808 mutasse,
3481 1757 3612 1811 qua:
3662 1742 3748 1794 in-

2143 1850 2578 1908 convertibiliter
2631 1854 2690 1900 et
2735 1845 2941 1913 absque
2971 1840 3292 1897 confusione
3326 1837 3401 1890 illi
3433 1836 3748 1904 conjuncta

2143 1956 2228 2002 est
2254 1943 2546 2000 indeitatis
2577 1949 2792 1995 natura.
2822 1936 2958 1992 illud
2989 1935 3166 2004 potius
3199 1933 3587 1988 observamus,
3632 1941 3753 1978 mc-

2145 2042 2252 2094 rito
2301 2039 2446 2092 illam
2505 2034 2675 2105 gloria
2713 2047 2809 2087 sua
2862 2027 3264 2098 ntaguificasse,
3312 2021 3746 2086 honoribusque

2146 2132 2257 2186 Deo
2289 2127 2484 2184 debitis
2513 2123 3039 2190 cumulasse:atque
3079 2119 3151 2171 ita
3207 2127 3459 2183 tempore
3495 2127 3604 2165 suo
3628 2125 3755 2163 car-

2146 2226 2232 2280 nis
2277 2235 2492 2292 quoque
2550 2215 2947 2286 dispensatoria
3003 2209 3303 2266 substantia
3331 2205 3421 2278 [de
3458 2202 3613 2258 caelo
3658 2204 3752 2254 da

2147 2313 2608 2386 scendet]:quam
2654 2309 2902 2362 videntes
2929 2304 3288 2359 admiratione
3315 2299 3558 2370 percuisi
3597 2308 3755 2352 sunt.

2152 2409 2305 2464 Hanc
2336 2420 2527 2474 reapse
2559 2402 2749 2456 oculus
2776 2399 2932 2463 vidit,
2963 2399 3039 2452 uti
3072 2397 3332 2464 scriptum
3366 2403 3472 2447 est.
3515 2392 3762 2446 Sancto-

2149 2517 2268 2554 rum
2301 2500 2448 2553 enim
2483 2496 2796 2566 angelorum
2845 2505 2985 2545 unus
3035 2487 3359 2542 mirantibus
3403 2485 3482 2538 ait
3515 2501 3530 2536 :
3578 2501 3600 2533 ι
3637 2479 3761 2534 Viri

2152 2590 2526 2660 Galilaei,quid
2552 2587 2751 2643 ccelutn
2771 2580 3083 2652 suspicitis?
3113 2579 3210 2633 llic
3225 2577 3383 2632 Jesus
3404 2575 3499 2645 qui
3526 2589 3765 2627 assum-

2149 2701 2275 2756 ptus
2306 2693 2390 2739 est
2423 2701 2452 2736 a
2483 2682 2656 2746 vobis,
2696 2679 2775 2733 sic
2803 2676 2983 2730 veniet
3021 2671 3483 2742 quemadmodum
3533 2665 3764 2719 vidistis

2150 2796 2274 2835 eum
2303 2788 2518 2832 euntem
2543 2776 2596 2829 in
2627 2772 2794 2828 coelos
2817 2772 2881 2824 ”.
2921 2788 2940 2820 ι
2973 2767 3108 2820 Num
3155 2762 3350 2818 dicturi
3380 2761 3518 2813 estis
3573 2760 3768 2810 visum

2152 2887 2275 2928 esse
2303 2871 2370 2925 ab
2405 2870 2474 2924 iis
2507 2868 2797 2922 salientem
2840 2863 2907 2916 ad
2942 2861 3156 2914 Patrem
3214 2857 3416 2923 absque
3453 2850 3679 2906 carne?
3713 2851 3768 2903 id

2153 2975 2238 3021 est
2273 2962 2447 3018 forma
2477 2971 2663 3014 nostra
2697 2957 3039 3025 indignanter
3065 2947 3422 3019 ab]ecta,jam
3450 2961 3561 2999 non
3590 2944 3772 2998 fuisse

2157 3058 2210 3113 in
2235 3070 2464 3125 corpore
2501 3050 2724 3114 visibili,
2754 3050 2988 3117 ideoque
3031 3058 3088 3099 se
3116 3050 3494 3097 commutasse
3527 3039 3584 3092 in
3626 3036 3772 3090 inri-

2157 3150 2366 3204 sibilem
2390 3141 2964 3212 incorruptibiletnqne
2996 3144 3251 3189 naturam
3275 3132 3299 3184 ?
3321 3131 3479 3196 Quis,
3503 3131 3774 3196 inquam,

2166 3243 2280 3294 haec
2328 3239 2507 3292 dicere
2561 3231 2740 3286 ausit?
2774 3231 2868 3283 Sin
2895 3237 3086 3282 contra
3125 3225 3197 3278 ita
3240 3234 3510 3276 venturus
3544 3229 3664 3284 est,
3697 3217 3773 3270 uti

2166 3330 2447 3393 ascendit,
2481 3325 2666 3395 quidni
2713 3336 2841 3376 vere
2880 3321 3115 3381 dicetur,
3144 3332 3266 3369 cum
3298 3314 3492 3368 eodem
3535 3325 3777 3377 corpore

2166 3425 2428 3487 Verbum,
2461 3435 2567 3473 non
2621 3426 2801 3470 autem
2853 3415 2904 3466 in
2944 3421 3137 3466 natura
3175 3405 3410 3474 simplici
3444 3414 3504 3458 et
3555 3406 3778 3472 absque

2167 3530 2351 3582 carne,
2384 3527 2504 3568 esse
2537 3505 2867 3565 venturum?

552 3613 560 3614 ,
859 3613 976 3632 Γ--
1018 3613 1866 3633 ,Ἵππη--τ----ήὼηηηηηἡ
1950 3613 1958 3614 ,
2023 3613 2058 3616 ν-

473 3651 677 3708 Paulus
708 3653 848 3709 dixit
900 3654 1177 3708 hominem
1205 3671 1327 3710 esse
1368 3654 1904 3711 mediatorem.Tum
1947 3655 2058 3723 ipse

2474 3627 2528 3681 9.
2570 3623 2720 3677 Idem
2743 3619 2975 3690 Cyrillus
3001 3618 3055 3671 in
3085 3617 3261 3670 eodem
3291 3613 3444 3665 libro.

477 3744 727 3801 Christus
754 3746 962 3816 inquit:
984 3765 1002 3799 ε
1032 3747 1204 3803 Nemo
1236 3752 1384 3803 venit
1431 3749 1498 3802 ad
1555 3747 1792 3811 Patrem,
1822 3746 1924 3801 nisi
1969 3722 2067 3816 per
2243 3744 2319 3799 De
2339 3742 2558 3797 Christo
2584 3731 3255 3807 scripsitsapientissimus
3276 3740 3498 3796 quoque
3525 3722 3776 3776 Paulus:

479 3839 630 3893 me".
660 3857 681 3890 ι
724 3838 1108 3895 Portentosum
1159 3851 1244 3894 est
1301 3855 1432 3910 ergo
1493 3850 1546 3896 et
1590 3839 1803 3894 insania
1845 3840 2064 3909 plenum
2179 3854 2197 3888 ι
2233 3836 2330 3903 Qui
2366 3831 2677 3889 immntabit
2729 3842 2924 3896 corpus
2977 3821 3301 3878 humilitatis
3354 3830 3585 3872 nostra.
3622 3817 3782 3910 utsit

482 3943 851 3986 commentum
873 3932 1089 3987 illorum
1114 3934 1204 4003 qui
1234 3944 1460 3988 naturas
1491 3908 1863 3988 confundunt.
2175 3929 2352 3983 simile
2385 3923 2598 3994 corpori
2638 3922 2823 3992 gloria:
2847 3920 2911 3972 ”.
2946 3935 2964 3968 ι
2999 3915 3139 3981 Quid
3183 3916 3249 3966 ad
3284 3913 3402 3966 haec
3455 3908 3780 4003 dicentilli,

769 4045 824 4100 6.
868 4044 1019 4100 Idem
1066 3999 1299 4116 (Sy—riuus
1333 4048 1387 4100 ίη
1421 4051 1600 4102 eodm.
1626 4046 1781 4101 mm.
2176 4020 2270 4090 qui
2292 4032 2508 4072 carnem
2546 4023 2805 4068 mutatam
2825 4004 3574 4116 aiuntinAVe-rbizna'tqrant
3585 3999 3781 4116 ῗ-Ξῖι-ι-ιι

2177 4122 2488 4169 sanctorum
2527 4120 2753 4175 corpora
2823 4101 2943 4155 ideo
2976 4105 3254 4152 mutantur
3282 4093 3578 4147 indeitatis
3615 4098 3783 4144 natu-

2180 4220 2321 4268 ram,
2368 4202 2493 4272 quia
2550 4203 2668 4268 ipsa
2726 4207 2946 4264 quoque
3008 4187 3313 4244 conformis
3362 4186 3503 4239 fiunt
3550 4183 3780 4252 corpori

2179 4298 2365 4367 gloriae
2405 4293 2555 4361 ejus?
2587 4291 2774 4344 Nonne
2814 4300 2978 4341 inerte
3021 4297 3191 4354 gerrae
3236 4287 3364 4334 sunt
3412 4280 3532 4332 hate.
3577 4291 3781 4330 eorum

2179 4392 2370 4456 verba,
2429 4401 2548 4457 qua:
2596 4382 2812 4438 inscitia
2859 4376 3110 4434 scatent?
3139 4373 3196 4428 Si
3243 4388 3369 4426 caro
3417 4371 3488 4422 ad
3550 4369 3783 4422 deitatis

2183 4494 2455 4545 naturam,
2495 4487 2550 4531 ut
2578 4477 2752 4540 aiunt,
2784 4471 3024 4535 transiit,
3051 4481 3287 4537 quonam
3319 4465 3538 4517 demum
3568 4462 3630 4513 in
3659 4474 3784 4514 cor-

2185 4591 2318 4648 pore
2342 4575 2486 4629 Deus
2512 4568 2752 4624 Verbum
2772 4562 3056 4621 versatur?
3081 4560 3175 4614 Est
3203 4557 3345 4612 enim
3372 4554 3551 4608 deitas
3582 4553 3776 4606 incor-

2186 4684 2374 4742 porea,
2432 4664 2829 4730 verissimeque
2865 4657 3098 4712 dicimus
3163 4649 3364 4706 nemini
3416 4648 3590 4702 Deum
3667 4659 3786 4700 esse

2188 4761 2538 4830 conspicuum
2567 4756 2634 4810 ¹³.

562 4176 583 4209 ι
615 4156 750 4213 Cum
779 4156 947 4213 Filius
969 4159 1205 4213 hominis
1232 4160 1462 4226 venerit,
1495 4175 1621 4212 num
1655 4159 1708 4213 in
1739 4169 1882 4214 terra
1909 4160 2070 4216 ﬁdem

485 4256 730 4314 inveniet
749 4252 810 4309 οἳ
843 4273 861 4306 ι
910 4251 1068 4306 Nunc
1097 4253 1388 4321 quaerimus
1417 4253 1483 4306 ab
1509 4253 1864 4314 adversariis,
1890 4269 2074 4320 quam-

485 4365 612 4403 nam
649 4349 794 4403 volet
849 4345 1085 4401 hominis
1128 4343 1302 4400 Filius
1348 4345 1507 4400 fidem
1551 4345 1819 4411 invenire,
1853 4363 1974 4400 cum
2007 4347 2076 4402 de

487 4438 628 4491 caelo
681 4436 976 4496 descendet
1013 4436 1155 4514 apud
1203 4449 1298 4489 eos
1348 4435 1441 4504 qui
1474 4435 1529 4489 in
1567 4445 1712 4490 terra
1744 4438 2076 4491 versantur?

489 4528 587 4582 Vel
618 4529 876 4605 quidnam
905 4529 972 4583 de
1008 4542 1075 4582 eo
1129 4527 1340 4597 Opinari
1383 4527 1714 4598 possumus?
1759 4525 1900 4582 Num
1932 4527 2079 4592 forte
2110 4548 2154 4604 ι)

491 4619 808 4689 abjecturus
846 4631 930 4675 εει
950 4618 1073 4675 Filii
1098 4619 1338 4674 hominis
1377 4619 1774 4685 conditionem,
1801 4634 1868 4674 an
1897 4619 2076 4689 potius

490 4713 545 4768 in
577 4712 930 4769 similitudine
959 4723 1146 4769 nostra
1170 4728 1480 4779 mansurus,
1510 4721 1570 4767 ut
1597 4714 1761 4768 homo
1803 4729 1927 4785 esse
1960 4728 2078 4770 cre-

494 4806 879 4872 datur?Quod
940 4809 984 4862 si
1019 4809 1174 4879 longe
1212 4808 1537 4874 abesset,ut
1584 4807 1761 4878 ipsum
1815 4822 1968 4876 aeque
2015 4823 2080 4862 ac
2188 4806 2542 4880 "'""'""':':
2611 4806 2668 4880 _'_
2779 4869 2813 4880 η
3034 4868 3046 4880 ι
3194 4866 3207 4880 ι

492 4915 594 4957 nos
646 4901 922 4956 hominem
967 4861 1216 4972 reput‘are
1256 4916 1562 4971 possemus,
1603 4861 2078 4971 consequenterne
2482 4873 2568 4929 10·
2601 4868 3002 4940 IdemCyrillus
3028 4868 3081 4920 θη
3111 4866 3288 4918 “dm
3316 4861 3473 4914 ίιίπο·

495 4995 681 5050 dicere
729 4994 922 5050 iiceret
952 5004 1239 5050 venturum
1296 4995 1532 5051 fortasse
1579 5011 1681 5050 ceu
1715 4996 1990 5050 hominem
2023 5003 2080 5048 ut
2264 4992 2369 5046 Sed
2425 4990 2662 5044 fortasse
2704 4984 2888 5040 dicent
2946 4995 3166 5036 carnem
3194 4975 3339 5032 haud
3377 4971 3608 5028 omnino
3654 4973 3790 5026 sub-

402 5120 405 5122 -
495 5089 657 5143 ﬁdem
684 5088 737 5141 in
763 5097 912 5142 terra
942 5087 1197 5154 inveniat,
1227 5098 1281 5143 et
1307 5105 1412 5143 non
1443 5089 1626 5159 potius
1659 5098 1947 5145 venturum
1981 5102 2081 5143 ceu
2192 5087 2450 5142 stantiam
2493 5096 2646 5136 suam
2670 5079 2954 5141 amisisse;
2990 5074 3084 5129 sed
3115 5087 3238 5127 cum
3268 5069 3376 5123 Deo
3405 5066 3586 5159 Verbo
3614 5073 3793 5119 semet

497 5181 670 5235 Deum
707 5179 944 5237 Verbum
995 5180 1225 5251 simplex
1260 5190 1317 5235 et
1363 5156 1567 5250 absque
1607 5198 1796 5247 carne,
1837 5191 1898 5236 ut
1941 5180 2085 5234 hanc
2194 5173 2606 5230 commiscuisse
2636 5168 2868 5225 naturali
2895 5167 3126 5236 quadam
3147 5161 3499 5216 adunatione.
3520 5156 3640 5226 Ego
3660 5170 3795 5210 vero

499 5275 662 5330 ﬁdem
691 5275 832 5345 apud
871 5283 1156 5329 terrestres
1211 5274 1488 5328 inveniat?
1519 5273 1625 5328 Sed
1673 5275 1798 5344 quia
1858 5273 2087 5343 ipsemet
2195 5269 2466 5339 quomodo
2496 5265 2581 5320 bis
2614 5276 2931 5324 occurram,
2965 5255 3264 5329 praesertim
3299 5253 3426 5352 quia
3475 5251 3792 5352 humanum

503 5343 865 5423 manifestese
886 5365 1082 5422 Filium
1112 5367 1348 5422 hominis
1365 5343 1886 5436 vocitavitteinpore
1919 5364 2084 5420 etiam
2195 5359 2544 5416 ratiocinium
2576 5357 2631 5411 in
2652 5356 2735 5411 bis
2766 5360 2966 5424 torpet,
3005 5364 3182 5419 neque
3210 5345 3454 5418 propria,
3500 5357 3559 5398 ut
3586 5344 3666 5397 ita
3703 5343 3794 5395 di-

600 5529 829 5600 ‘rlTim.
861 5549 922 5600 Ii,
955 5533 1008 5586 5.
1083 5529 1281 5600 ’.ιοᾳιῃ
1316 5543 1427 5594 xw,
1469 5525 1523 5580 6.
1561 5527 1624 5600 74°
1646 5526 1776 5582 Luc.
1801 5542 1934 5592 xvn,
1968 5527 2017 5582 8.
2098 5522 2119 5556 ⁹
2143 5522 2339 5578 Matth.
2370 5535 2522 5586 XXVI,
2553 5518 2606 5574 6.
2690 5518 2735 5550 ¹⁰
2758 5516 2917 5572 Rom.
2954 5529 3075 5576 vm,
3106 5513 3194 5568 9.9.
3327 5509 3367 5540 ¹¹
3391 5509 3514 5563 Act.
3549 5523 3583 5569 ι,
3630 5506 3721 5561 ll.

508 5601 555 5634 η
575 5599 807 5674 Philipp.
842 5597 926 5672 ut,
963 5605 1055 5658 2|.
1135 5599 1217 5652 ⁸³1
1245 5599 1402 5654 Joan.
1437 5613 1511 5664 tv,
1550 5597 1639 5653 12.

584 5758 663 5827 (1)
695 5756 862 5814 Vides
891 5759 981 5814 hic
1013 5760 1175 5814 etiam
1207 5768 1542 5828 quantopere
1573 5756 1805 5828 Cyrillus
1859 5755 2149 5815 abhorreat
2186 5769 2218 5813 a
2258 5749 2446 5812 Severi
2485 5747 2882 5821 Monophysitte
2933 5741 3228 5808 sententia,
3279 5737 3371 5808 qui
3428 5748 3612 5791 tamen
3647 5731 3795 5788 illius

512 5829 649 5887 falso
683 5831 1068 5888 auctoritatem
1101 5828 1199 5889 sibi
1233 5832 1625 5899 praetendebat.
