4000 6326
599 392 744 450 1135

597 619 896 676 manusque
958 610 1270 677 habentem,
1320 630 1487 684 seque
1547 630 1652 669 non
1733 632 1855 672 esse
1914 618 2168 687 spiritum

597 698 879 754 manifeste
905 702 1352 760 demonstraverit
1380 725 1395 773 ;
1420 708 1643 777 curjam
1679 709 1964 777 quisquam
1992 709 2172 779 suspi-

596 800 755 842 cetur
787 803 1006 846 carnem
1056 811 1177 850 esse
1225 808 1483 851 mutatam
1520 799 1573 851 in
1613 799 1835 854 deitatis
1892 811 2170 865 naturam,

598 895 778 949 neque
807 882 1013 952 aliquid
1042 900 1276 954 passam,
1317 904 1490 957 neque
1533 891 1862 946 destructam
1917 901 2170 958 mortem,

598 987 724 1025 cum
766 973 818 1026 in
875 975 1040 1030 vitam
1082 988 1203 1045 post
1272 983 1491 1034 tertium
1539 983 1679 1037 diem
1728 984 1907 1051 rediit,
1954 985 2175 1054 suisque

596 1065 875 1137 discipulis
906 1070 1259 1139 conspicuum
1288 1088 1346 1126 se
1372 1071 1535 1129 fecit?

875 1202 960 1257 15.
1006 1203 1153 1259 Idem
1184 1206 1414 1279 Cyrillus
1438 1209 1493 1263 in
1516 1212 1696 1266 eodem
1728 1212 1885 1267 libro.

670 1333 802 1400 Quis
825 1347 1134 1393 sanctorum
1169 1339 1386 1395 Patrum
1412 1344 1525 1399 haac
1549 1354 1655 1399 tam
1682 1348 1810 1400 dura
1832 1350 2095 1416 praedixit,
2122 1361 2176 1406 et

594 1421 1079 1493 itnpossibilia,nec
1100 1430 1264 1484 hilum
1290 1436 1532 1489 veritatis
1556 1436 1845 1491 habentia?
1881 1438 2012 1505 Quis
2053 1456 2177 1509 apo-

595 1513 851 1568 stolorutn
867 1528 959 1570 aut
974 1522 1417 1589 evangelistarum
1439 1527 1596 1579 verba
1617 1527 1917 1595 hujusmodi
1934 1532 2178 1598 protulit?

595 1604 844 1661 Profecto
885 1624 1062 1663 nemo.
1101 1610 1514 1669 Confundantur
1550 1618 1730 1686 itaque
1771 1618 1860 1687 qui
1905 1635 1971 1673 ex
2017 1623 2178 1677 corde

595 1708 713 1758 suo,
746 1710 848 1749 non
866 1712 931 1751 ex
952 1699 1159 1754 Domini
1185 1717 1280 1756 ore
1304 1704 1615 1772 loquuntur,
1646 1708 1718 1760 uti
1738 1709 1994 1777 scriptum
2014 1713 2175 1766 est".

669 1785 774 1841 Nos
802 1799 979 1845 autem
1000 1792 1333 1848 orthodoxiae
1371 1796 1577 1865 legibus
1598 1799 1826 1867 subjecti
1852 1840 1865 1863 ,
1901 1815 2021 1869 quae
2066 1811 2174 1856 tant

598 1874 880 1945 diligenter
914 1882 1145 1936 stabilita
1176 1884 1294 1947 fuit,
1321 1888 1592 1942 sectanda:
1610 1899 1919 1943 Sanctorum
1956 1890 2174 1945 Patrum
2211 1909 2251 1967 Β

601 1979 761 2023 rectae
783 1971 1037 2027 doctrina:
1050 1989 1265 2042 operam
1290 1978 1497 2041 demus;
1518 1994 1687 2047 neque
1712 1982 1864 2035 vanis
1886 1981 2180 2036 vociferan-

600 2058 733 2113 tium
750 2062 1151 2129 nonnullorum,
1175 2066 1265 2134 qui
1289 2068 1420 2121 nihil
1446 2069 1768 2136 intelligunt,
1790 2070 1947 2125 dictis
1971 2072 2182 2126 auscul-

601 2160 795 2215 temus,
815 2151 883 2205 ita
903 2163 956 2204 ut
974 2169 1092 2222 qua:
1105 2156 1322 2212 minime
1339 2158 1527 2213 decent
1546 2162 1858 2228 opinemur:
1876 2165 1970 2219 sed
1985 2165 2182 2235 ubique

600 2241 814 2294 veritati
848 2241 1207 2309 adhaerentes,
1248 2259 1589 2319 mentemque
1626 2268 1901 2308 sacrarum
1934 2256 2180 2326 Scriptu-

601 2344 784 2385 rarum
807 2335 1044 2390 oraculis
1066 2336 1431 2407 intendentes,
1465 2343 1710 2398 dicamus
1738 2345 1946 2401 Domini
1965 2364 2180 2402 carnem

602 2422 937 2494 intelligente
962 2428 1142 2482 anima
1169 2444 1289 2486 esse
1308 2432 1671 2502 informatam,
1697 2452 1925 2508 eamque
1948 2439 2180 2494 divinam

602 2516 907 2582 credamus,
935 2519 1353 2590 immaculatam,
1383 2526 1695 2595 gloriosam,
1724 2530 1950 2602 ideoque
1976 2534 2183 2590 etalios

605 2605 966 2662 vivificantem
1012 2624 1077 2664 ac
1121 2613 1572 2679 sanctiiicantetn,
1616 2628 1798 2689 utpote
1849 2638 1969 2691 quae
2022 2624 2183 2679 Verbi

602 2697 821 2767 propria
849 2699 971 2763 fuit,
1000 2716 1029 2754 a
1061 2702 1167 2757 Deo
1190 2702 1350 2760 Patre
1376 2717 1429 2761 et
1457 2725 1561 2762 non
1588 2711 1804 2766 aliunde
1824 2715 2010 2783 geniti;
2038 2731 2185 2770 eam-

602 2805 709 2859 que
756 2808 1031 2862 nunquam
1060 2810 1277 2851 carnem
1316 2799 1370 2853 in
1406 2810 1652 2857 naturam
1681 2805 1895 2861 deitatis
1923 2816 2181 2862 mutatam

603 2880 949 2938 alIirtnemus.

605 2990 693 3045 16.
720 2991 948 3048 Sanctus
970 2994 1205 3060 Cyrillus
1233 2998 1285 3051 in
1301 2999 1432 3052 libro
1446 3001 1697 3055 adversus
1718 3001 2007 3057 Diodorum
2034 3004 2187 3060 Tarsi

680 3032 693 3045 .
720 3012 948 3048 Sanctus
970 3012 1007 3049 ι.
1053 3012 1205 3051 riuus
1233 3012 1432 3052 intwro
1446 3012 1697 3055 adversus
1718 3012 2007 3057 Diodorum
2034 3012 2183 3060 Tarsi

674 3012 1095 3141 episcopumg),
1144 3068 1235 3141 qui
1265 3069 1487 3132 incipit:
1523 3072 1702 3141 (Ante
1753 3075 1929 3125 omnia
1976 3078 2183 3141 veritas,

672 3148 828 3212 quam
860 3134 987 3187 nihil
1014 3134 1277 3206 coarguit,
1306 3156 1500 3208 nosque
1529 3140 1633 3210 ipsi
1658 3152 1791 3197 recte
1817 3144 1883 3197 de
1914 3144 2009 3198 illa
2040 3134 2185 3215 loqui

674 3218 929 3256 novimus.
970 3222 990 3255 ι

675 3335 872 3403 Quidni
917 3339 1204 3407 Oportebat
1235 3339 1304 3394 ab
1329 3355 1395 3396 eo
1431 3343 1607 3412 potius
1638 3345 2019 3413 demonstrari,
2056 3348 2183 3418 quid

607 3427 749 3482 inter
775 3429 955 3483 carnis
987 3438 1041 3484 et
1071 3430 1290 3487 deitatis
1311 3434 1568 3489 attributa
1591 3436 1848 3492 intersit?
1878 3440 1978 3492 Aio
2003 3438 2183 3507 igitur,

608 3515 662 3571 in
688 3517 911 3588 singulis
933 3535 1100 3589 nuper
1123 3521 1414 3576 nominatis
1439 3524 1617 3590 rebus,
1644 3526 1756 3580 sive
1782 3529 2056 3597 corporeis
2072 3528 2185 3583 sive

608 3624 784 3673 secus,
812 3625 1028 3665 carnem
1074 3626 1194 3667 esse
1236 3628 1354 3681 quis
1388 3615 1454 3668 de
1479 3615 1713 3671 humana
1763 3618 1931 3673 fer-ma
1971 3630 2184 3689 sumpta

606 3699 741 3767 fuit;
762 3699 990 3755 Verbum
1017 3712 1201 3757 autem
1225 3704 1366 3773 quod
1394 3720 1423 3759 e
1447 3705 1619 3762 Patris
1639 3709 1936 3763 substantia
1966 3711 2181 3778 prodiit.

611 3789 764 3846 llaud
800 3791 1003 3847 idcirco
1040 3801 1219 3848 tamen
1268 3795 1583 3851 dividendus
1621 3801 1673 3852 in
1709 3799 1843 3855 duos
1873 3811 1957 3856 est
1994 3800 2186 3857 unicus

611 3881 701 3937 ille
729 3891 910 3937 noster
936 3883 1193 3938 Dominus
1227 3882 1386 3941 Jesus
1409 3886 1676 3943 Christus.

886 4019 970 4071 17.
1031 4017 1174 4071 Idem
1204 4018 1433 4090 Cyrillus
1462 4024 1515 4077 in
1545 4025 1724 4078 eodem
1752 4026 1906 4081 libro.

684 4150 925 4208 Dicimus
966 4155 1178 4209 Domini
1219 4172 1436 4211 carnem
1488 4159 1666 4212 anima
1704 4159 2031 4230 intelligente
2068 4177 2188 4216 esse

615 4244 931 4303 animatam.
971 4246 1124 4315 Saepe
1152 4264 1249 4303 nos
1280 4248 1382 4303 hoc
1411 4250 1676 4315 diximus,
1716 4260 1771 4306 et
1807 4268 1951 4309 nunc
1978 4270 2188 4324 quoque

616 4348 729 4390 rem
762 4336 834 4391 ita
862 4353 923 4393 se
952 4339 1153 4395 habere
1181 4340 1357 4395 denuo
1380 4342 1727 4399 aﬂirmamus.

691 4489 733 4522 "
758 4489 960 4546 Jerem.
991 4506 1185 4559 xxxut,
1221 4492 1308 4548 16.

1596 407 1654 463 S.
1697 406 1967 464 CYRILIJ
2006 408 2471 469 ALEXANDRlNl
2505 414 2826 471 ARCHIEP.

596 517 927 581 pursttaserit
959 532 1017 571 se
1050 518 1118 572 de
1158 531 1343 578 morte
1368 523 1718 592 suscitatam,
1746 542 1965 581 carnem
1994 529 2160 594 pedes
2189 533 2235 589 Α

3698 416 3799 472 me

2522 533 2610 589 18.
2663 532 2809 587 Idem
2854 533 3085 605 Cyrillus
3130 535 3185 589 in
3217 533 3397 587 eodem
3435 530 3591 585 libre.

2351 643 2457 697 Sed
2500 626 2788 701 Diodorum
2834 663 3046 717 quoque
3079 648 3379 702 audiamus.
3418 644 3519 699 Sin
3551 659 3672 701 vero
3697 654 3742 702 tn
3766 648 3801 703 id

2279 736 2417 789 dicis
2448 738 2513 790 de
2538 737 2837 803 Nazarene,
2865 755 3055 809 nempe
3076 738 3118 794 si
3140 739 3406 793 hominem
3429 736 3663 806 appellas
3678 738 3802 803 hunc,

2278 830 2366 894 qui
2392 841 2700 898 assumptus
2723 829 2845 896 fuit,
2870 832 3095 885 ostende
3123 830 3300 895 nobis,
3326 830 3459 882 nihil
3484 828 3800 892 dissimulans.

2278 930 2556 974 externam
2581 938 2887 991 personam;
2913 934 3164 993 tuamque
3185 923 3383 978 diserte
3411 924 3719 976 sententiam
3737 938 3801 976 ει-

2278 1026 2438 1080 pone,
2479 1028 2650 1079 neque
2686 1030 2908 1068 carnem
2944 1015 3231 1070 inanimem
3267 1016 3437 1070 dicas.
3465 1043 3539 1054 —
3570 1012 3711 1082 Atqui
3733 1028 3801 1067 an.

2282 1104 2491 1159 dientes
2514 1115 2565 1158 ιιι
2593 1105 2778 1161 fallere
2799 1117 2975 1175 putas,
3007 1107 3129 1175 quia
3150 1117 3462 1161 constanter
3495 1121 3593 1159 nos
3618 1104 3802 1158 aﬂirms-

2280 1196 2456 1249 vimus
2502 1210 2719 1250 carnem
2756 1211 2853 1266 pro
2878 1211 2973 1250 sua
3015 1198 3220 1252 ratione
3256 1212 3320 1251 ac
3356 1206 3552 1250 natura
3577 1194 3795 1249 diti‘errea

2283 1284 2478 1351 Verbo,
2516 1289 2656 1356 quod
2709 1289 2776 1342 de
2813 1287 2921 1342 Deo
2946 1287 3102 1344 Patre
3130 1298 3311 1343 natum
3351 1298 3459 1343 est.
3508 1287 3629 1341 Haec
3668 1296 3799 1340 tamen

2278 1378 2491 1446 propria
2510 1380 2624 1447 ejus
2641 1395 2770 1435 caro
2799 1379 2897 1434 fuit
2924 1391 3142 1451 propter
3178 1380 3594 1452 inseparabilem
3628 1379 3801 1449 conjun-

2277 1469 2532 1523 ctionem.

2559 1583 2647 1639 19.
2696 1583 2841 1639 Idem
2870 1583 3098 1655 Cyrillus
3125 1585 3179 1638 in
3205 1586 3379 1639 eodem
3415 1584 3574 1639 libro.

2350 1692 2462 1749 hno
2489 1696 2668 1765 potius
2696 1712 2833 1751 unus
2866 1697 3115 1767 idemque
3150 1696 3321 1751 Filius
3341 1703 3447 1759 est,
3484 1705 3544 1748 ut
3574 1693 3800 1770 perspicue

2280 1788 2645 1856 cognoscitur,
2668 1789 2733 1841 de
2750 1788 3046 1842 substantia
3073 1786 3165 1841 Dei
3191 1785 3369 1840 Patris
3394 1786 3679 1839 secundum
3698 1783 3795 1835 diri-

2281 1877 2529 1941 nitatem,
2554 1887 2606 1932 et
2627 1894 2692 1932 ex
2718 1878 2869 1932 nobis
2893 1878 3185 1933 secundum
3211 1877 3622 1932 humanitatem.
3648 1873 3797 1940 Nempe

2280 1969 2443 2021 etiam
2488 1969 2771 2037 propheta,
2817 1970 2891 2021 uti
2937 1969 3164 2038 Moyses,
3205 1966 3510 2036 appellatus
3540 1964 3650 2027 fuit,
3684 1963 3795 2017 item-

2281 2074 2388 2129 que
2403 2059 2468 2113 de
2490 2063 2656 2128 stirpe
2683 2059 2915 2114 Davidis.
2940 2058 3123 2128 Neque
3146 2056 3263 2125 ejus
3286 2071 3553 2127 agnomen
3576 2068 3795 2109 removea-

2281 2164 2434 2213 mus;
2473 2164 2595 2202 nam
2627 2150 3038 2219 dispensationis
3066 2151 3181 2219 ejus
3204 2151 3465 2204 virtutem
3490 2147 3797 2211 rationemque

2282 2243 2414 2297 satis
2456 2243 2723 2297 novimus.
2771 2242 2954 2313 Neque
2991 2244 3204 2313 proprie
3250 2244 3508 2312 templum
3546 2240 3659 2303 iuit,
3694 2239 3792 2305 quod

2284 2335 2477 2387 attinet
2507 2333 2573 2387 ad
2602 2333 2718 2402 ejus
2741 2344 3010 2400 naturam;
3042 2335 3242 2389 etenim
3268 2332 3438 2387 Deum
3474 2346 3590 2387 esse
3611 2339 3789 2399 apparet.

2283 2425 2435 2492 Quod
2467 2428 2509 2480 si
2539 2428 2732 2481 animas
2755 2443 2783 2479 a
2811 2441 3037 2497 corpore
3052 2442 3150 2481 suo
3169 2426 3563 2496 separationem
3588 2422 3791 2493 permisit.

2284 2527 2530 2585 separata
2560 2519 2907 2572 nihilominus
2929 2519 2994 2571 ad
3019 2533 3139 2572 eum
3169 2517 3502 2586 pertinebat,
3532 2514 3658 2568 haud
3682 2525 3793 2566 secus

2285 2626 2443 2679 quam
2474 2610 2698 2681 singulis
2724 2612 2876 2666 nobis
2898 2610 3172 2681 proprium
3206 2624 3429 2679 corpus.

2287 2741 2375 2794 20.
2415 2740 2564 2820 idem
2590 2742 2824 2820 Cyr-illus
2854 2743 2908 2795 in
2944 2742 3119 2820 eodem
3156 2742 3306 2820 libro.
3346 2741 3559 2820 (Exstat
3593 2738 3666 2820 hic
3691 2736 3790 2820 locu

2357 2815 2511 2864 etiam
2541 2814 2678 2878 apud
2710 2812 2952 2881 Severum
2984 2811 3442 2866 Antiochenutnin
3470 2827 3611 2881 opere
3635 2811 3790 2867 inedita.

2358 2884 2495 2951 quod
2530 2882 2835 2935 inscribitur
2872 2880 3247 2950 Pbilalethes.)

2363 3018 2643 3088 Pr0prium
2664 3026 2745 3071 est
2770 3018 2950 3087 itaque
2970 3018 3164 3072 divinae
3190 3028 3417 3083 naturae,
3447 3026 3505 3072 ut
3531 3025 3644 3070 ante
3662 3015 3788 3067 omnia

2290 3103 2480 3157 smcnla
2508 3103 2598 3156 sit.
2635 3101 2910 3157 Peculiare
2941 3103 3143 3171 pariter
3172 3102 3331 3158 Verbi
3362 3100 3599 3170 ejusdem
3629 3101 3731 3164 fuit,
3751 3107 3787 3151 ut

2291 3196 2578 3264 postremis
2617 3194 2946 3263 temporibus
2989 3209 3156 3248 carne
3196 3195 3482 3264 praeditum
3528 3205 3787 3248 nasceretur.

2289 3286 2456 3340 Porro
2480 3286 2732 3340 nativitas
2753 3286 2869 3354 ejus
2891 3289 2956 3340 de
2977 3284 3220 3356 Virgine,
3247 3301 3408 3341 causa
3435 3284 3603 3340 Verbo
3623 3281 3787 3338 nonfuit

2286 3376 2604 3437 exsistendi,
2622 3377 2716 3430 sed
2728 3376 2844 3444 ejus
2866 3374 2919 3428 in
2938 3390 2997 3429 ca
3008 3390 3102 3429 rne
3124 3374 3593 3429 manifestationis.
3609 3372 3786 3427 Perfecto

2288 3483 2393 3521 non
2429 3476 2513 3522 est
2547 3465 2777 3522 Verbum
2811 3467 3040 3521 mortale
3067 3470 3134 3521 de
3164 3467 3393 3530 mortali,
3430 3469 3524 3522 sed
3552 3467 3613 3521 de
3637 3467 3786 3519 virente

2287 3558 2449 3613 Patre
2475 3560 2690 3614 vivens:
2714 3560 3097 3628 propriumque
3115 3559 3281 3627 ipsius
3300 3561 3495 3622 evasit,
3519 3560 3601 3629 qui
3620 3559 3703 3611 vita
3719 3565 3785 3615 est,

2291 3644 2514 3698 mortale
2534 3660 2728 3713 corpus
2751 3645 2815 3699 de
2839 3646 3047 3699 mortali
3068 3659 3271 3712 natum,
3291 3657 3344 3700 et
3360 3648 3520 3701 morti
3542 3647 3782 3701 obnoxium:

2291 3740 2352 3784 ut
2385 3730 2438 3784 in
2468 3730 2557 3785 illo
2587 3745 2708 3785 cum
2742 3744 2917 3786 morte
2933 3734 3257 3804 conﬂigens,
3294 3746 3346 3790 et
3367 3751 3397 3789 e
3421 3738 3634 3792 mortuis
3658 3750 3783 3789 resur-

2291 3836 2452 3890 gens,
2486 3822 2561 3877 ,in
2605 3824 3172 3893 incorruptibilitatem
3222 3827 3274 3881 id
3312 3829 3490 3897 ipsum
3533 3830 3785 3891 vindicaret,

2292 3912 2562 3981 mortique
2598 3916 2846 3984 superius
2876 3917 3301 3983 demonstraret,
3337 3921 3549 3977 etiamsi
3581 3924 3625 3975 id
3651 3930 3783 3974 natura

2295 4020 2389 4059 sua
2436 4008 2486 4060 in
2530 4008 2716 4061 mortis
2756 4010 3022 4079 mancipio
3059 4021 3195 4066 erat.
3238 4013 3523 4070 Debilitata
3559 4024 3630 4069 est
3663 4022 3783 4066 autem

2293 4111 2439 4150 mors
2469 4111 2532 4150 ex
2564 4114 2671 4167 quo
2704 4114 2824 4153 cum
2866 4100 2990 4155 vitae
3020 4116 3244 4171 corpore
3277 4106 3522 4172 praelium
3561 4102 3784 4160 conseruit.

2476 4254 2481 4261 ε
2567 4236 2658 4287 21.
2706 4235 2853 4288 Idem
2881 4235 3107 4306 Cyrillus
3131 4254 3185 4292 τη
3207 4245 3385 4294 eodem
3408 4243 3558 4299 libro.

2366 4346 2410 4401 Ν
2418 4362 2519 4403 unc
2536 4346 2792 4413 breviter,
2823 4350 2866 4405 si
2892 4350 3089 4419 placet,
3115 4355 3569 4423 transgredientes
3588 4354 3644 4408 ad
3661 4346 3784 4407 consi-

694 4675 771 4747 (l)
796 4674 1081 4730 Liberatus
1101 4674 1359 4747 diaconus
1390 4674 1443 4728 in
1476 4674 1766 4739 Breviario,
1797 4691 1917 4747 cap.
1954 4677 2038 4738 l0,
2064 4678 2180 4732 sic:
2216 4682 2259 4736 D
2290 4696 2372 4743 ιιι,
2410 4680 2463 4736 6.
2504 4680 2813 4745 recitatum,
2838 4698 2866 4735 a
2896 4685 3098 4740 nostris
3128 4685 3211 4740 his
3246 4686 3484 4742 differre.
3511 4688 3685 4744 Contra
3707 4685 3788 4738 Dio-

621 4742 858 4813 Cynum
916 4755 1021 4798 tres
1069 4748 1274 4812 scripsit
1317 4746 1474 4797 libros
1529 4750 1778 4799 adversus
1825 4746 2107 4801 Diodorum
2137 4759 2185 4801 et

623 4814 972 4885 Theodorum,
998 4815 1151 4881 quasi
1181 4813 1487 4869 Nestoriani
1510 4817 1763 4885 dogmatis
1789 4826 2051 4870 auctores.
2074 4818 2187 4871 Alia

624 4895 872 4956 veterum
908 4884 1110 4956 de_hac
1167 4899 1227 4937 re
1265 4884 1587 4956 testimonia
1642 4886 1855 4956 collegit
1909 4885 2191 4942 Fabricius

622 4952 678 5008 in
714 4953 781 5007 Β.
813 4952 905 5006 Gr.
932 4953 1020 5007 ed.
1051 4968 1174 5006 nov.
1197 4962 1235 5007 t.
1264 4954 1353 5018 ΙΧ,
1379 4969 1431 5022 p.
1460 4954 1587 5016 495,
1607 4971 1725 5022 qua:
1748 4952 2024 5010 cumulare
2056 4973 2192 5024 opus

624 5039 733 5077 non
759 5032 863 5085 est,
887 5024 1187 5090 prasertim
1214 5024 1338 5091 quia
1365 5027 1664 5091 non'pauca
1689 5027 1898 5079 illorum
1928 5026 2189 5080 librorum

625 5093 925 5161 fragmenta
955 5093 1020 5164 in
1065 5093 1249 5164 quinta
1282 5094 1519 5163 generali
1539 5096 1744 5164 synodo
1767 5094 1947 5149 collat.
1986 5110 2016 5146 v
2050 5098 2189 5151 reci-

626 5171 841 5225 tantur;
874 5162 1074 5230 quibus
1104 5162 1208 5215 alia
1234 5178 1369 5215 nova
1408 5162 1613 5216 nunc'a
1650 5166 1804 5218 nobis
1831 5164 2097 5220 accedunt
2122 5183 2189 5221 ex

629 5231 870 5299 Syriacis
883 5231 1216 5286 bibliothecae
1228 5233 1499 5286 Vaticanus
1522 5233 1794 5288 codicibus
1821 5248 1992 5289 eruta.
2014 5237 2192 5300 Quare

631 5302 832 5355 frustra
878 5312 962 5355 est
1006 5302 1290 5357 Facundos
1326 5302 1728 5357 llermianensis
1781 5304 1876 5360 lib.
1911 5320 2027 5369 vm,
2052 5308 2105 5368 6,
2140 5316 2193 5360 et

632 5372 784 5434 alibi,
814 5372 941 5424 dum
967 5371 1031 5426 de
1048 5370 1231 5441 Cyrilli
1264 5372 1414 5425 libris
1440 5381 1622 5425 contra
1653 5373 1997 5428 Theodorum
2032 5376 2190 5430 dubi-

633 5449 750 5497 tare
776 5442 911 5504 vult,
939 5441 1060 5508 quia
1110 5456 1300 5509 nempe
1341 5457 1527 5511 parum
1580 5443 1627 5496 ei
1666 5443 1858 5511 placet,
1883 5445 2038 5498 talem
2074 5456 2191 5499 tan—

634 5522 860 5581 tumque
911 5512 1083 5565 virum
1147 5513 1490 5565 adversatum
1555 5513 1722 5567 luisse
1774 5514 2079 5581 Theodoro,
2111 5519 2197 5572 cui

636 5581 751 5647 ipse
791 5591 903 5636 toto
949 5597 1046 5635 suo
1100 5596 1260 5650 opere
1302 5582 1688 5648 patrocinatur.
1719 5582 1956 5637 Facundi
2007 5588 2194 5640 falsam

636 5653 946 5721 opinionem
978 5653 1111 5706 alios
1160 5652 1421 5720 quosdam
1483 5652 1859 5721 participasse,
1890 5669 1955 5707 ex
2004 5660 2193 5710 eodem

637 5719 891 5791 Liberale
938 5737 1056 5789 cap.
1108 5719 1200 5775 cit.
1268 5719 1954 5791 coanoscimus._Denique
1998 5728 2196 5780 adnom

635 5789 993 5862 fragmentum
1044 5794 1171 5848 item
1222 5792 1500 5862 Cyrilliani
1554 5794 1786 5861 operisa
1820 5789 2072 5853 Facundo
2097 5799 2188 5854 lib.

2295 4752 2413 4828 glori
2463 4749 2841 4828 fl‘lteollori_qtte
2908 4754 3138 4828 infames
3177 4761 3499 4828 _sententias
3546 4756 3787 4828 gravissime

2294 4820 2568 4901 invehitur
2595 4822 2831 4901 pyrillus
2858 4826 3019 4890 epist.
3062 4827 3128 4901 ad
3165 4824 3429 4882 Joannem
3455 4820 3681 4901 Antioch.
3703 4828 3785 4901 (cp-

2294 4890 2363 4966 ;69
2384 4892 2422 4955 ).
2452 4890 2569 4957 Quo
2606 4890 2721 4966 loco
2755 4893 2920 4966 etiam
2956 4896 3183 4966 paenitet
3227 4913 3351 4951 eum
3384 4902 3525 4966 quod
3569 4897 3671 4953 illos
3700 4890 3784 4947 alim

2296 4960 2609 5033 imprudens
2646 4960 3129 5033 laudasset,'eujus
3178 4968 3255 5021 rei
3310 4960 3466 5023 tesiis
3494 4979 3571 5023 est
3598 4966 3787 5022 Leontius

2297 5030 2372 5083 De
2406 5032 2582 5092 sectis,
2620 5041 2727 5085 act.
2764 5047 2836 5095 tv,
2861 5033 2915 5104 '5,
2941 5030 3051 5104 ubi'
3091 5045 3270 5090 tamen
3316 5039 3593 5091 adnotatur
3616 5036 3785 5104 Chryso-

2295 5110 2532 5153 stomum
2563 5117 2777 5169 quoque
2800 5112 2853 5157 et
2882 5103 3141 5158 Basilium
3172 5107 3362 5160 iisdem
3409 5107 3686 5161 hominibus
3710 5107 3783 5155 lau'

2296 5171 2417 5249 dem
2450 5172 2785 5251 attribuisse,
2824 5184 3107 5251 propterea
3152 5178 3294 5251 quod
3340 5177 3564 5251 Arianos
3606 5172 3784 5251 llaccdtr

2299 5240 2445 5293 nium
2475 5250 2543 5318 _ct
2585 5240 2953 5318 Apollinarem
3001 5240 3408 5318 refutafvissent.
3451 5248 3505 5301 lit
3545 5243 3785 5318 collectione

2298 5312 2552 5385 canonica
2585 5310 2855 5385 Ebediesu
2876 5312 3184 5385 Nestoriani
3216 5315 3298 5384 (p.
3320 5316 3452 5385 150)
3480 5332 3507 5368 a
3533 5310 3780 5385 nobiscdila

2300 5377 2491 5461 ξενίῃ-ι.
2524 5393 2617 5433 vet.
2658 5390 2697 5434 t.
2726 5382 2789 5446 X,
2829 5377 3451 5461 Diodoru_s_,_The'odorus
3480 5397 3625 5461 atque
3646 5382 3782 5461 Ne§‘°'

2303 5449 2676 5504 riusdicuntur
2699 5463 2859 5505 secta:
2882 5454 3155 5519 splendida
3182 5465 3234 5508 et
3259 5449 3590 5510 sanctissima
3614 5453 3782 5505 lumina-

2303 5520 2403 5596 ria.
2427 5520 2731 5596 Fuitigitur
2754 5537 3049 5596 congruum
3083 5536 3141 5577 ut
3179 5525 3433 5596 Cyrillus,
3463 5523 3667 5581 Nestorii
3694 5530 3781 5572 stre-

2302 5590 2609 5669 nuissitn-t‘ts’
2658 5590 3025 5669 adversarius,
3067 5590 3256 5665 conua
3300 5596 3583 5669 Diodorum
3628 5599 3780 5669 quod“?

2302 5670 2464 5733 atque
2517 5660 2858 5717 Theodorum
2910 5678 3078 5733 arma
3120 5660 3625 5733 expediret.Conl'er
3664 5660 3781 5715 etiam

2300 5726 2551 5787 Plibtittm
2583 5732 2720 5802 apud
2764 5748 2862 5790 nos
2896 5726 3080 5803 Spicil;
3114 5726 3267 5792 lio-nt.
3314 5746 3353 5791 t.
3385 5737 3449 5808 x,
3478 5756 3527 5811 p.
3550 5734 3653 5790 456.
