4000 6326
242 396 265 452 i
288 397 387 455 137

1441 400 1864 458 FRAGMENTA
1904 402 2321 463 DOGMATICA.

3366 399 3506 457 “78

243 517 535 574 derandam
583 517 892 573 Servatoris
930 520 1099 573 nostri
1142 519 1342 576 Christi
1374 537 1659 591 personam
1681 567 1697 593 ,
1732 527 1815 579 di-
1846 532 1892 587 Α
1922 529 2214 595 potentiam
2236 570 2250 590 ,
2285 538 2339 583 et
2373 526 2578 597 reliqua
2614 526 2816 583 omnia.
2845 525 2985 579 Caro
3015 524 3199 594 utique
3228 524 3505 578 crescebat

242 624 455 665 versam
486 624 609 664 esse
636 610 999 679 comperimus
1030 620 1297 677 naturam,
1330 613 1415 668 cui
1445 615 1690 684 imposita
1710 627 1816 673 est.

249 703 468 757 Interim
494 702 608 772 ipse
644 717 872 770 persona
912 701 1248 772 hypostatica
1271 714 1354 759 est
1377 715 1536 775 atque
1554 707 1818 772 absoluta,

245 794 554 847 humanitas
574 805 628 848 et
648 794 902 848 divinitas
927 810 941 859 ;
968 795 1271 865 diciturque
1290 812 1529 853 sumnms
1556 800 1818 867 pontifex,

244 884 417 939 factor
442 895 495 938 et
519 884 712 938 factus.

511 991 602 1047 22.
652 991 800 1046 Idem
836 992 1069 1064 Cyrillus
1106 998 1160 1051 in
1191 998 1367 1051 eodem
1390 998 1548 1054 libro.

319 1104 425 1160 Sed
456 1104 692 1161 fortasse
725 1116 777 1159 tu
809 1107 983 1163 dicis:
1032 1110 1171 1179 Ergo
1205 1126 1310 1164 non
1346 1111 1607 1165 habitavit
1641 1113 1694 1167 in
1730 1113 1821 1167 illo

246 1196 522 1266 plenitudo
547 1198 795 1253 universa
830 1199 1133 1256 divinitatis
1164 1216 1419 1271 corporea
1449 1203 1679 1259 ratione.
1710 1202 1820 1259 Ve-

246 1304 365 1342 rum
403 1289 525 1355 hoc,
572 1288 814 1357 inquam,
863 1300 983 1356 est;
1019 1308 1283 1362 nemoque
1321 1307 1491 1347 sacrae
1528 1293 1823 1361 Scriptura:

247 1380 594 1435 contradicit.
644 1378 755 1437 Nos
805 1390 981 1437 tamen
1026 1383 1256 1439 dicimus
1308 1384 1430 1439 Filii
1482 1387 1820 1441 divinitatem

248 1469 391 1525 haud
435 1471 611 1527 alieno
633 1473 706 1527 -in
746 1489 1004 1543 corpore,
1051 1476 1143 1529 sed
1188 1475 1241 1529 in
1283 1490 1381 1530 suo
1404 1477 1583 1546 potius
1625 1478 1823 1548 templo

248 1558 543 1625 habitasse,
581 1562 727 1617 velut
747 1562 801 1616 in
836 1563 1057 1618 homine
1082 1565 1285 1631 anima,
1313 1580 1433 1635 qua:
1462 1565 1630 1621 liceta
1649 1582 1814 1621 carne

247 1649 781 1718 dill'erens,'attamen
818 1670 926 1708 una
957 1670 1078 1709 cum
1121 1670 1282 1711 carne
1306 1666 1555 1711 naturam
1584 1658 1823 1712 hominis

249 1740 479 1807 perficit,
500 1753 557 1797 ut
576 1743 648 1797 sit
672 1742 865 1799 Petrus
888 1744 969 1799 vel
994 1745 1214 1800 Paulus.
1240 1745 1354 1801 lloe
1385 1748 1491 1802 imo
1518 1749 1822 1803 evidentius

251 1831 304 1883 in
347 1831 564 1888 Christo
606 1842 705 1889 est.
773 1835 956 1905 Neque
1002 1847 1178 1891 tamen
1225 1838 1423 1893 idcirco
1460 1840 1688 1893 dicimus
1731 1839 1821 1893 Dei

250 1922 486 1978 Verbum
510 1926 704 1980 animo:
719 1927 895 1983 olﬁcio
915 1929 967 1983 in
991 1944 1216 1999 corpore
1238 1928 1503 1995 functum,
1529 1946 1645 1999 quae
1660 1933 1829 2001 pessi-

254 2028 340 2066 ma
371 2016 750 2072 nonnullorum
778 2020 961 2087 opinio
980 2030 1083 2084 est,
1109 2022 1199 2073 sed
1224 2030 1467 2075 sanctum
1493 2021 1611 2090 ejus
1634 2037 1829 2091 corpus

254 2104 588 2174 intelligente
608 2109 787 2163 anima
810 2110 1037 2167 dicimus
1063 2127 1181 2167 esse
1209 2114 1528 2169 animatum.

534 2219 626 2275 25.
674 2220 823 2275 Idem
846 2221 1075 2292 Cyrillus
1111 2223 1163 2277 in
1194 2225 1368 2278 eodem
1395 2225 1547 2281 libro.

326 2326 421 2383 Dei
446 2328 680 2385 Verbum
706 2347 833 2389 vere
858 2334 909 2387 in
934 2336 1188 2390 omnibus
1209 2336 1507 2404 perfectum
1529 2346 1633 2399 est.
1658 2353 1831 2409 neque

259 2417 594 2476 incremento
612 2424 831 2491 indiget.
857 2424 1049 2480 Natum
1067 2436 1245 2481 autem
1268 2428 1564 2497 perfectum
1590 2430 1655 2484 de
1676 2429 1833 2485 Patre

260 2517 365 2574 est,
398 2513 655 2582 sapientia
688 2517 753 2571 de
778 2517 1072 2586 sapientia,
1106 2520 1343 2587 potentia
1378 2520 1443 2574 de
1472 2522 1734 2588 potentia.
1769 2521 1835 2575 Et

261 2601 385 2668 quia
411 2614 600 2658 natura
632 2605 969 2663 immutabile
999 2617 1102 2675 est,
1130 2608 1263 2662 nihil
1292 2609 1339 2663 ei
1362 2610 1616 2679 templum
1647 2610 1698 2664 in
1728 2626 1836 2680 quo

262 2692 412 2747 Stetit
459 2696 665 2764 nocuit,
723 2698 818 2753 sed
872 2698 1167 2767 perfectam
1218 2700 1441 2757 retinuit
1491 2702 1836 2770 sapientiam,

1927 620 2130 673 viribus
2168 619 2421 688 paulatim
2455 627 2631 683 aucta,
2672 625 2832 687 prout
2862 616 3113 671 humana:
3147 623 3351 667 natura:
3378 613 3501 683 jura

1928 709 2127 763 ferunt.
2167 708 2404 763 Verbum
2447 717 2625 761 autem
2677 706 2828 759 carui
2866 705 3072 758 unitum
3117 701 3373 771 paulatim
3405 715 3500 754 sa-

1928 801 2184 869 pientiam
2233 814 2385 853 suam
2431 795 2833 859 manifestabat,
2876 808 2997 862 quae
3039 793 3281 860 corporis
3323 790 3501 844 incre-

1928 900 2168 944 mentum
2191 889 2575 953 comitabatur,
2598 896 2652 941 et
2673 885 2919 957 corporis
2942 898 2999 939 se
3019 894 3239 939 statura:
3256 881 3501 937 adamuso

1926 981 2028 1035 sim
2066 982 2529 1035 accommodabat.

2190 1093 2280 1147 24.
2328 1092 2476 1146 Idem
2508 1090 2741 1162 Cyrillus
2776 1092 2831 1143 in
2861 1089 3038 1144 eodem
3072 1090 3229 1142 libro.

2000 1202 2139 1273 Ergo
2152 1203 2216 1256 ad
2233 1202 2644 1257 similitudinem
2670 1210 2907 1256 nostram
2928 1200 3194 1270 particeps
3210 1198 3309 1253 fuit
3323 1198 3507 1254 carnis

1927 1305 1982 1351 et
2007 1296 2303 1366 sanguinis.
2325 1296 2566 1366 Cumque
2590 1305 2815 1350 mortem
2839 1295 2986 1349 carni
3011 1291 3501 1362 suaeapplicuisset,

1930 1387 2211 1457 ipsamque
2254 1396 2479 1441 mortem
2539 1387 2931 1450 destruxisset,
2975 1399 3200 1453 corpora
3256 1384 3503 1438 mortalia

1930 1488 2113 1532 nostra
2143 1479 2208 1532 ad
2243 1478 2803 1547 incorruptibilitatem
2826 1476 3021 1532 direxit
3043 1515 3060 1539 ,
3096 1484 3155 1530 ιιι
3184 1489 3504 1530 carneorum

1929 1572 2295 1624 membrorum
2323 1569 2574 1625 rebellem
2601 1569 2769 1639 legem
2792 1569 2861 1623 ab
2881 1582 2944 1622 ea
2970 1566 3254 1638 tyrannide
3278 1581 3382 1635 qua
3407 1580 3506 1619 nos

1930 1659 2206 1730 premebat
2230 1658 2501 1727 dejiceret.
2537 1658 2707 1713 Secus
2735 1659 2880 1712 enim
2912 1658 3018 1711 vita
3047 1656 3203 1711 morti
3231 1669 3335 1709 non
3362 1663 3508 1709 esset

1930 1751 2228 1815 dominata,
2258 1751 2363 1805 nisi
2386 1750 2622 1805 Verbum
2650 1749 2889 1804 mortalis
2910 1748 3152 1816 corporis
3171 1746 3360 1801 fuisset
3383 1760 3508 1814 par-

1934 1843 2100 1910 ticeps
2128 1859 2141 1895 :
2181 1856 2353 1911 neque
2384 1842 2507 1895 item
2536 1840 2887 1910 cupiditatum
2906 1837 3229 1892 naturalium
3258 1834 3508 1891 stimulus

1936 1943 2149 1987 retusus
2182 1931 2392 1997 luisset,
2426 1932 2523 1986 nisi
2552 1930 2714 1986 Verbi
2741 1945 2936 1999 corpus
2966 1944 3032 1984 ex
3057 1930 3290 1985 humana
3323 1935 3507 1981 nostra

1937 2036 2127 2079 natura
2159 2033 2431 2091 sumptum
2462 2022 2678 2076 fuisset.

2205 2134 2297 2189 25.
2348 2133 2497 2188 Idem
2526 2131 2757 2203 Cyrillus
2789 2133 2842 2185 in
2874 2131 3052 2186 eodem
3083 2129 3242 2184 libro.

2013 2247 2306 2302 lnanimem
2333 2247 2476 2301 haud
2505 2247 2735 2301 dicimus
2766 2260 2983 2299 carnem
3013 2243 3157 2297 illam
3190 2239 3364 2295 Verbo
3390 2235 3512 2289 uni-

1936 2351 2064 2405 tam,
2101 2356 2221 2408 qua:
2249 2340 2315 2393 de
2346 2341 2553 2394 semine
2588 2338 2804 2392 Davidis
2843 2344 2947 2391 est.
2982 2332 3192 2389 Nemini
3230 2332 3356 2386 item
3393 2328 3511 2399 Opi-

1938 2433 2053 2486 nari
2089 2431 2214 2485 licet
2248 2432 2480 2486 Verbum
2524 2432 2721 2499 templo
2755 2445 2854 2485 suo
2886 2437 3076 2483 sancto
3114 2427 3289 2480 instar
3316 2423 3512 2477 anima:

1938 2522 2352 2593 iutellectusque
2374 2524 2564 2577 fuisse.
2598 2521 2783 2591 Neque
2812 2532 3083 2590 postremo
3127 2518 3297 2580 illum,
3324 2514 3413 2584 qui
3445 2513 3512 2568 de

1939 2616 2148 2671 semine
2177 2624 2282 2683 est,
2316 2630 2412 2685 per
2438 2630 2499 2671 se
2519 2617 2691 2671 solum
2723 2614 2995 2685 appellare
3030 2610 3223 2667 Filium
3253 2607 3511 2665 solemus.

1862 2827 1952 2887 IV.

870 2977 936 3016 EX
966 2978 1136 3017 LIBRIS
1161 2978 1364 3019 CONTRA
1402 2979 1717 3020 TBEODORUM
1754 2981 2159 3025 MOPSUESTENUM
2187 2987 2255 3025 ET
2286 2986 2549 3026 DIODORUH
2583 2983 2898 3024 TARSENSEI.

268 3092 319 3147 1.
356 3093 567 3151 Sancta:
604 3104 869 3155 memoria:
917 3103 1031 3175 (l)_
1046 3102 1236 3173 Cyrilli
1275 3121 1339 3159 ea:
1369 3106 1538 3174 primo
1568 3106 1704 3162 libro
1738 3124 1826 3162 eo-
1861 3117 1903 3175 ο
1950 3112 2171 3163 verbum
2224 3118 2448 3163 vocatur
2495 3109 2679 3173 homo,
2732 3120 2837 3160 non
2868 3112 2954 3158 est
2988 3100 3162 3156 factus
3204 3098 3367 3152 homo
3399 3106 3515 3147 mae

490 3184 605 3221 rum
635 3186 763 3239 quos
785 3183 966 3225 contra
990 3172 1315 3229 Theodorum
1339 3172 1571 3246 scripsit.

883 3301 1223 3343 τιιεουοιωε.

337 3397 398 3452 Si
425 3399 540 3468 quis
576 3400 698 3453 velit
720 3399 929 3454 abusive
952 3410 1001 3454 et
1041 3398 1240 3453 Filium
1268 3400 1368 3455 Dei
1401 3400 1568 3455 Deum
1608 3399 1833 3455 Verbum

265 3487 437 3555 ﬁlium
468 3487 637 3541 David
675 3491 970 3554 nominare,
1007 3500 1220 3559 propter
1255 3490 1352 3544 Dei
1398 3489 1553 3544 Verbi
1589 3492 1839 3559 templum

266 3583 405 3649 quod
432 3595 497 3633 ea:
530 3578 701 3633 David
725 3590 800 3633 est
823 3620 839 3642 ,
880 3583 1106 3634 nominet
1130 3620 1145 3644 ,
1169 3590 1217 3634 et
1248 3581 1401 3635 illum
1436 3583 1526 3649 qui
1548 3592 1626 3635 est
1660 3598 1725 3636 ex
1753 3599 1839 3636 se-

267 3671 407 3723 mine
432 3669 623 3734 David,
652 3668 697 3721 F
700 3671 850 3723 ilium
874 3670 992 3734 Dei,
1031 3672 1202 3739 gratia
1234 3688 1337 3725 non
1376 3680 1571 3725 natura
1597 3673 1839 3741 appellet,

267 3760 537 3814 naturales
566 3769 744 3829 patres
780 3777 882 3814 non
921 3762 1194 3831 ignorans,
1246 3777 1407 3830 neque
1443 3763 1680 3815 ordinem
1711 3762 1838 3815 sub-

267 3863 509 3907 vertens:
543 3869 711 3922 neque.
733 3868 851 3906 eum
888 3853 979 3921 qui
1010 3852 1354 3921 incorporalis
1393 3864 1491 3917 est,
1525 3856 1689 3907 etiam
1725 3868 1843 3905 cor-

268 3962 366 4013 pus
400 3945 616 4009 dicens;
660 3954 709 3999 et
744 3955 866 3998 ante
888 3943 1087 3997 stecula
1112 3959 1177 3997 ea:
1212 3943 1338 4009 Deo,
1372 3954 1418 3997 et
1458 3959 1522 3997 ea:
1549 3943 1745 4007 David,
1793 3952 1840 3995 et

269 4053 501 4105 passum,
541 4045 592 4090 et
640 4036 1004 4105 impossibile;
1052 4052 1261 4102 corpus,
1311 4051 1413 4089 non
1460 4046 1534 4089 est
1598 4035 1844 4101 incorpo-

273 4131 422 4193 rale;
459 4128 595 4197 quod
642 4139 718 4183 est
761 4130 1031 4192 deorsum,
1075 4145 1180 4182 non
1234 4136 1308 4181 est
1361 4128 1675 4189 desursum;
1706 4125 1842 4196 quod

272 4233 351 4277 est
398 4232 518 4277 ante
562 4223 781 4287 sa’cula,
836 4238 941 4276 non
989 4229 1064 4275 est
1107 4236 1171 4274 ea:
1220 4220 1418 4273 semine
1462 4218 1675 4281 David;
1704 4216 1844 4289 quod

273 4330 490 4384 passum
543 4323 641 4379 est,
680 4328 784 4366 non
826 4322 902 4367 est
949 4313 1287 4380 impossibile.
1331 4310 1443 4364 Nec
1473 4311 1610 4364 enim
1635 4310 1740 4363 ista
1773 4308 1841 4361 ad

274 4407 513 4460 eumdem
540 4405 854 4458 intellectum
888 4405 1261 4457 obvertuntur:
1293 4418 1411 4471 quae
1432 4411 1552 4454 sunt
1578 4402 1837 4470 corporis,

277 4513 380 4550 non
428 4506 547 4548 sunt
582 4494 679 4548 Dei
727 4492 881 4547 Verbi
911 4510 928 4546 :
970 4503 1017 4547 et
1080 4508 1196 4563 qua:
1229 4461 1351 4546 sunt
1387 4491 1483 4544 Dei
1525 4461 1681 4545 Verbi
1718 4461 1843 4560 pro;
1878 4472 1924 4529 ι)
1952 4461 2092 4563 pe.”
2121 4476 2230 4513 ⁸⁸³⁸

276 4590 414 4659 prin,
464 4604 569 4641 non
613 4586 803 4640 habent
835 4601 1044 4653 corpus.
1092 4582 1333 4636 Naturus
1374 4581 1739 4651 conﬁteantur,
1798 4592 1847 4635 et

277 4681 695 4751 dispensationes
736 4694 839 4731 non
872 4677 1211 4746 abnegemus.

926 4803 1204 4844 CYRILLUS.

350 4908 451 4974 Qui
492 4906 621 4961 dicit
651 4913 904 4975 oportere
933 4919 1042 4959 non
1084 4900 1341 4971 abnegari
1386 4898 1842 4971 dispensationcs,

281 4997 640 5053 humanitatis
676 4995 990 5066 mysterium
1022 4993 1242 5049 omnino
1261 4991 1525 5046 eradicat.
1563 4990 1849 5046 Praesumit

283 5089 430 5144 enim
458 5088 659 5153 dicere,
697 5086 838 5157 quod
872 5101 1045 5155 neque
1075 5084 1250 5140 factus
1284 5092 1367 5139 est
1398 5085 1560 5140 homo
1598 5084 1852 5154 unigeni-

284 5192 373 5237 tus
404 5181 497 5236 Dei
529 5180 763 5236 Verbum
785 5221 799 5245 ,
853 5193 1028 5247 neque
1056 5193 1121 5232 ex
1155 5177 1362 5233 semine
1395 5177 1644 5247 apparuit
1673 5174 1850 5230 sancti

285 5272 455 5329 David
492 5292 506 5327 :
547 5272 644 5329 sed
685 5272 916 5326 (iliorum
947 5269 1245 5324 introducit
1270 5279 1457 5337 aperte
1509 5266 1850 5332 dualitatem,

288 5363 605 5433 inaequalem
653 5370 900 5417 naturam
953 5370 1009 5416 et
1060 5360 1248 5415 falsam
1282 5359 1519 5414 nomine.
1566 5357 1679 5413 Hoc
1707 5356 1850 5413 enim

289 5456 432 5525 quod
484 5455 703 5511 abusive
755 5454 972 5519 dicitur,
1025 5452 1338 5507 omnimodo
1375 5451 1614 5506 ostendit
1667 5450 1854 5517 utique

290 5552 433 5619 quod
476 5565 605 5604 vero
647 5565 751 5603 non
800 5556 884 5603 est
936 5548 1039 5601 hoc
1093 5546 1237 5615 quod
1278 5544 1521 5599 dicitur:
1578 5552 1855 5597 mutuatur

293 5643 435 5699 enim
481 5642 703 5697 alterius
750 5640 1181 5711 appellationem.
1226 5637 1366 5708 Ergo
1407 5638 1452 5693 si
1491 5636 1712 5693 abusive
1758 5632 1853 5691 Dei

365 5817 444 5891 (l)
476 5819 669 5886 Mansi,
694 5817 920 5886 Concil.,
964 5826 1003 5873 t.
1035 5814 1128 5883 ιχ,
1165 5830 1217 5885 p.
1246 5812 1374 5869 230.

1941 3199 2155 3255 nifeste.
2192 3199 2248 3254 Si
2280 3199 2504 3254 abusive
2530 3199 2701 3253 Filius
2726 3207 2780 3250 et
2807 3195 2951 3249 Deus
2977 3194 3066 3247 ille
3088 3190 3183 3260 qui
3206 3204 3272 3244 ex
3300 3186 3511 3242 semine

1939 3300 2023 3346 est
2046 3289 2237 3355 David,
2269 3304 2442 3358 neque
2478 3288 2618 3342 Deus
2653 3300 2829 3355 neque
2856 3282 3026 3337 Filius
3048 3289 3237 3335 natura
3269 3284 3325 3330 et
3356 3273 3503 3329 veri-

1941 3396 2055 3442 tate
2086 3394 2188 3441 est.
2223 3384 2377 3439 Falsa
2401 3383 2566 3451 igitur
2605 3383 2656 3436 in
2685 3392 2915 3448 utroque
2945 3377 3061 3431 haec
3101 3370 3425 3442 appellatio,
3459 3374 3517 3420 et

1939 3478 2053 3545 ipsa
2087 3489 2171 3529 res
2194 3489 2314 3528 esse
2342 3475 2537 3527 merito
2568 3470 2892 3541 intelligitur
2923 3489 2936 3524 :
2970 3474 3196 3534 uterque
3224 3461 3373 3517 enim
3411 3458 3518 3513 hoc

1943 3568 2272 3633 nominatur,
2303 3565 2447 3636 quod
2473 3579 2576 3618 non
2613 3571 2715 3618 est.

2443 3677 2500 3731 2.
2538 3673 2621 3729 Ea:
2647 3674 2825 3728 eodem
2859 3670 3014 3724 libro.

2562 3801 2898 3844 THEODORUS.

2015 3908 2081 3962 Et
2108 3908 2344 3962 convenit
2386 3921 2475 3960 eos
2528 3904 2615 3974 qui
2666 3902 2790 3955 bene
2819 3899 3058 3968 sapiunt,
3096 3891 3517 3965 quandoquidem

1942 4001 2209 4054 naturales
2248 4009 2424 4069 patres
2476 3995 2776 4066 querimus,
2826 4006 2987 4061 neque
3038 3988 3207 4042 Deum
3274 3983 3518 4046 Verbum,

1944 4094 2112 4148 David
2159 4092 2236 4147 vel
2287 4091 2514 4145 Abrahae
2556 4089 2729 4158 ﬁlium
2757 4086 3050 4147 nominare,
3089 4081 3179 4135 sed
3208 4079 3466 4148 factorem
3494 4088 3515 4127 :

1945 4202 2105 4255 neque
2153 4200 2339 4253 corpus
2398 4191 2521 4237 ante
2563 4178 2759 4235 sarcula
2819 4192 2882 4231 ea:
2933 4173 3132 4235 Patre,
3191 4172 3281 4225 sed
3345 4183 3520 4224 semen

1944 4277 2170 4331 Abrahae
2216 4286 2264 4330 et
2315 4273 2487 4328 David
2516 4289 2581 4327 ea:
2614 4271 2789 4325 Maria
2823 4278 3030 4324 natum.
3070 4263 3139 4318 Et
3169 4280 3287 4317 cum
3320 4264 3383 4315 de
3416 4278 3516 4314 na-

1947 4369 2206 4422 turalibus
2265 4366 2628 4421 nativitatibus
2672 4363 2737 4417 sit
2775 4362 2933 4426 ratio,
2966 4372 3127 4427 neque
3157 4355 3345 4408 Maria:
3373 4352 3519 4421 ﬁlius

2268 4457 2491 4512 Verbum
2517 4455 2872 4511 existimetur.
2917 4450 3164 4505 Mortalis
3208 4447 3345 4502 enint
3377 4460 3519 4499 mor-

1958 4548 2115 4602 talem
2163 4555 2374 4617 generat
2424 4546 2703 4599 secundum
2743 4552 3011 4601 naturam,
3057 4548 3104 4591 et
3146 4552 3355 4604 corpus,
3381 4532 3519 4603 quod

1955 4643 2056 4695 sibi
2084 4639 2255 4694 simile
2291 4646 2388 4692 est.
2430 4637 2576 4691 Duas
2617 4635 2917 4689 nativitates
2950 4630 3094 4685 Deus
3151 4626 3376 4682 Verbum
3417 4641 3521 4678 non

1956 4733 2230 4797 sustinuit,
2256 4747 2415 4784 unam
2443 4730 2653 4798 quidem
2690 4736 2812 4781 ante
2838 4724 3059 4789 stecula,
3091 4721 3313 4775 alteram
3343 4728 3521 4772 autem

1888 4804 1898 4819 ’
1956 4825 2010 4877 in
2040 4824 2240 4877 ultimis
2280 4819 2593 4889 temporibus
2619 4833 2638 4872 :
2668 4819 2758 4872 sed
2793 4832 2857 4871 es:
2888 4813 3052 4869 Patre
3080 4811 3291 4883 quidem
3326 4820 3522 4863 natura

1951 4918 2155 4987 genitus
2186 4924 2281 4980 est,
2321 4912 2568 4979 templum
2602 4926 2722 4964 vero
2743 4908 2882 4979 quod
2905 4923 2970 4961 ea:
3005 4906 3180 4959 Maria
3214 4914 3398 4957 natum
3419 4911 3519 4967 est,

1953 5025 2017 5063 ea:
2041 5008 2154 5078 ipso
2181 5018 2326 5061 utero
2358 5005 2459 5059 sibi
2484 5002 2783 5073 fabricavit.

2594 5127 2871 5168 CYRILLUS.

2028 5229 2082 5284 5.
2131 5227 2331 5284 Deinde
2388 5228 2555 5283 breve
2610 5225 2931 5296 procedens,
2971 5232 3025 5276 et
3054 5223 3380 5293 quibusdam
3429 5237 3525 5292 per

1961 5321 2198 5376 medium
2238 5317 2575 5386 interpositis
2613 5318 2805 5370 iterum
2839 5314 3008 5369 dixit:

2582 5440 2918 5484 τιιεουοιιυε.

2031 5543 2162 5599 Cum
2200 5559 2321 5597 vero
2344 5544 2409 5597 de
2437 5542 2662 5597 salutari
2689 5540 3073 5610 dispensatione
3105 5540 3243 5590 ratio
3269 5546 3523 5599 movetur,

1961 5644 2007 5690 et
2037 5633 2174 5689 Deus
2208 5643 2420 5688 vocetur
2444 5632 2620 5698 homo,
2666 5647 2768 5685 non
2803 5628 2942 5700 quod
2972 5628 3067 5681 hoc
3093 5625 3267 5696 factus
3296 5632 3397 5692 est,
3437 5623 3532 5679 sed
