4000 6326
521 421 660 477 M39
1499 420 1554 472 S.
1596 415 1871 473 CYlllLLl
1912 415 2378 471 ALEXANDRINI
2419 413 2745 470 ARCIIIEP.
3659 413 3818 470 1440

516 540 656 608 quod
703 535 794 590 hoc
834 537 1115 602 assumpsit
1147 552 1164 588 :
1204 548 1248 588 et
1301 535 1454 587 homo
1492 535 1650 598 Deus,
1698 551 1799 586 non
1834 542 2086 601 tanquam
2118 547 2162 600 Α
2193 533 2312 585 dem
2359 546 2534 600 neque
2574 529 2769 584 Filium
2797 544 3007 593 verum,
3036 545 3208 600 neque
3239 529 3411 584 Deum
3444 546 3585 585 esse
3620 531 3816 586 dicis:

520 629 1079 697 incircumscriptibilis
1106 628 1301 694 factus,
1334 642 1424 678 nec
1448 627 1634 693 ubique
1657 626 1950 688 exsistens;
1979 639 2088 675 cor-
2196 637 2293 675 nos
2320 633 2494 673 autem
2532 621 2824 685 credimus,
2867 624 3008 690 quod
3035 633 3116 676 est
3145 638 3270 677 vere
3312 625 3491 678 Filius
3527 633 3593 676 et
3632 621 3815 688 Deus,

520 737 617 783 pus
661 721 795 771 enim
848 731 957 771 erat
997 730 1043 772 et
1076 729 1188 785 post
1229 719 1663 770 resurrectionem
1704 715 1990 783 palpabile,
2043 724 2092 766 et
2195 723 2408 766 creator
2435 724 2489 765 et
2523 713 2700 780 opifex
2729 715 2990 768 ninnium.
3048 713 3234 783 Neque
3283 717 3432 769 enim
3467 725 3606 770 erat
3636 717 3820 769 homo

521 809 625 860 tale
658 817 918 875 receptum
960 817 1033 860 est
1076 808 1129 860 in
1177 806 1386 871 civium,
1425 816 1473 859 et
1519 806 1594 860 sic
1631 806 1791 859 veniet
1837 806 1970 858 sicut
2002 820 2086 857 re-
2195 806 2532 873 simpliciter,
2583 807 2676 859 sed
2713 808 2766 859 in
2799 807 2977 875 specie
3011 806 3268 872 humana,
3306 809 3401 878 qui
3451 819 3548 862 est
3577 823 3655 861 ex
3705 809 3818 861 Deo

520 907 725 963 replum
750 907 849 950 est.
2197 895 2356 949 Patre
2387 895 2525 950 Deus
2553 895 2784 950 Verbum
2813 913 2825 948 :
2872 913 2973 950 non
3013 897 3425 951 translationem
3474 897 3575 950 vel
3624 908 3816 949 muta-

1162 1023 1437 1062 CYNLLUS.

593 1117 732 1170 Ecce
778 1115 934 1183 plane
967 1125 1019 1171 et
1061 1117 1339 1170 evidenter
1367 1126 1558 1170 contra
1589 1117 1826 1170 divinam
1871 1117 2089 1186 quidem

526 1209 693 1263 fertur
731 1210 1108 1279 Scripturam;
1165 1210 1420 1277 reprobat
1471 1225 1601 1263 Vero
1642 1209 1840 1263 Chriui
1885 1216 2097 1278 myste-

527 1304 686 1368 rium,
728 1313 782 1356 et
822 1302 976 1371 quasi
1013 1302 1249 1369 increpat
1295 1301 1460 1354 Demn
1490 1299 1753 1364 Verbum,
1792 1301 1935 1369 quod
1969 1315 2093 1368 pro-

526 1401 644 1460 pter
675 1408 773 1446 nos
800 1392 1226 1446 exinanitionem
1255 1393 1363 1460 pati
1395 1391 1562 1445 voluit
1598 1409 1614 1458 ;
1665 1399 1718 1444 et
1747 1391 1887 1464 quod
1921 1391 2096 1442 factus

525 1493 609 1533 est
643 1482 822 1542 homo.
858 1483 1187 1536 contristare
1229 1483 1458 1535 videtur.
1497 1481 1762 1534 lntcrimit
1794 1480 1938 1535 enim
1980 1495 2098 1533 om-

525 1575 657 1627 nino
702 1575 1180 1637 humanationem,
1226 1584 1280 1626 et
1324 1574 1585 1628 adversus
1635 1571 1959 1626 ineffabilem
2010 1587 2100 1625 sa-

525 1667 783 1734 pientiam
823 1667 1036 1720 extollit
1077 1682 1161 1728 se,
1217 1681 1356 1734 pene
1399 1664 1827 1719 dicensJudaice
1856 1664 2096 1718 Omnium

525 1768 772 1810 nostrum
815 1756 1080 1810 Salvatori
1131 1757 1351 1811 Christo
1383 1773 1396 1810 :
1447 1775 1466 1807 ι
1515 1755 1588 1810 De
1620 1756 1760 1810 bono
1797 1769 1962 1824 Opere
1994 1770 2096 1807 nou

525 1858 578 1901 te
610 1849 932 1916 lapidatnus,
964 1850 1056 1901 sed
1088 1852 1152 1902 de
1191 1849 1545 1918 blasphemia,
1574 1848 1716 1918 quod
1744 1859 1818 1912 tu,
1859 1864 1984 1901 cum
2024 1847 2101 1900 sis

526 1937 716 2003 homo,
743 1937 875 1991 facis
911 1948 962 1992 te
999 1939 1162 1991 Deum
1200 1940 1288 1990 "'.
1329 1958 1345 1988 ι
1388 1939 1586 1991 Audiat
1627 1939 1789 2006 igitur
1819 1939 2094 1990 dicentem
2130 1936 2172 1990 Β

528 2037 714 2097 aperte
744 2042 759 2080 :
787 2046 806 2077 ι
848 2029 902 2082 Si
949 2029 1112 2098 igitur
1156 2045 1259 2082 non
1301 2029 1439 2083 facio
1468 2044 1629 2096 opera
1664 2029 1844 2082 Patris
1875 2030 1999 2090 mei,
2029 2044 2096 2081 ne

528 2121 659 2174 mihi
689 2122 926 2187 credite;
990 2121 1034 2175 si
1071 2136 1196 2174 vero
1225 2120 1388 2184 facio,
1441 2120 1568 2175 licet
1607 2122 1734 2174 mihi
1768 2139 1869 2174 nun
1892 2121 2084 2175 ereda-

528 2211 618 2274 tis,
665 2213 916 2280 operibus
964 2213 1099 2265 meis
1141 2215 1345 2266 credite
1382 2213 1447 2266 ¹⁸.
1497 2231 1514 2263 ι
1569 2211 1702 2266 Cum
1745 2213 1886 2264 eiiim
1933 2211 2099 2265 sciret

525 2305 671 2372 quod
711 2305 892 2358 divina
937 2305 1136 2358 virtute
1171 2313 1226 2356 et
1267 2315 1534 2370 potestate
1569 2305 1842 2365 utebatur,
1879 2314 1930 2356 et
1974 2318 2095 2354 cuni

527 2398 866 2464 apparuisset
900 2397 1062 2449 homo
1091 2396 1180 2448 Dei
1206 2393 1462 2456 Verbum,
1508 2392 1740 2462 abnegat
1769 2396 1941 2462 ipsum
1974 2406 2098 2447 esse

529 2487 718 2550 Deum,
751 2497 801 2538 et
840 2487 890 2539 in
924 2486 1140 2540 homine
1174 2486 1344 2554 magis
1369 2485 1638 2539 habitasse
1672 2485 1803 2538 dicit
1831 2501 1980 2547 ειιιιι,
2031 2495 2090 2538 ιιι

529 2577 623 2630 Dei
659 2578 890 2630 Verbum
925 2578 1082 2630 nobis
1107 2577 1374 2629 hominem
1422 2578 1731 2630 ostenderet
1761 2577 2092 2629 adorandum

525 2680 581 2722 et
618 2685 748 2737 pura
775 2670 992 2723 deitatis
1019 2669 1390 2723 nominatione
1421 2670 1766 2725 honoratum.
1800 2669 2096 2722 Convictus

531 2761 695 2829 igitur
752 2770 836 2814 est
889 2760 1168 2830 ignorasse
1230 2761 1452 2815 onmino
1520 2762 1775 2815 virtutem
1849 2761 2094 2830 mysterii

529 2852 756 2906 Christi.

1031 2965 1085 3020 4.
1119 2965 1202 3018 Ea:
1239 2965 1417 3018 eodem
1448 2964 1606 3018 libro.

1154 3094 1487 3133 THEODORUS.

607 3189 710 3244 Sed
754 3191 800 3243 si
847 3207 992 3251 caro,
1035 3191 1182 3254 dicit,
1237 3201 1349 3244 erat
1399 3207 1516 3260 qua:
1557 3193 1814 3260 cruciﬁxit
1846 3206 1944 3255 est,
1971 3208 2104 3261 quo-

533 3282 688 3335 modo
733 3285 812 3336 soi
858 3285 1038 3336 radios
1085 3285 1293 3346 avertit,
1343 3294 1390 3337 et
1446 3284 1672 3336 tenebrat
1725 3295 2104 3352 occupaverunt
2133 3294 2174 3348 (ζ

534 3385 695 3426 totam
741 3384 954 3438 terram,
980 3385 1028 3427 et
1054 3385 1204 3427 terra:
1223 3387 1416 3439 motus,
1457 3385 1506 3427 et
1536 3385 1698 3443 petra:
1738 3377 2105 3442 dirumpeban-

535 3476 644 3530 tur,
673 3476 719 3518 et
759 3469 951 3519 mortui
991 3467 1328 3535 resurgebant
1363 3468 1451 3520 ³³2
1481 3468 1620 3532 Quid
1653 3469 1816 3537 igitur
1839 3471 2022 3520 dicunt
2057 3477 2106 3521 et

537 3560 601 3611 de
640 3561 862 3613 tenebris
884 3561 936 3612 in
985 3559 1220 3629 .-Egypto
1267 3561 1425 3624 [actis
1478 3563 1573 3615 sub
1618 3570 1848 3628 tempore
1898 3562 2106 3618 Mosis:

535 3667 641 3703 non
689 3652 740 3704 in
785 3652 954 3704 tribus
992 3652 1171 3716 horis,
1201 3657 1290 3704 sed
1323 3655 1376 3705 in
1407 3653 1575 3705 tribus
1614 3653 1797 3706 diebus
1829 3654 1922 3706 ὀἳ
1960 3652 2106 3717 Quid

537 3755 654 3792 vero
683 3739 746 3792 de
779 3741 902 3793 aliis
932 3757 1024 3807 per
1057 3739 1239 3794 Mosen
1271 3741 1432 3809 factis
1464 3743 1735 3794 miraculis
1761 3782 1775 3806 ,
1818 3752 1864 3794 et
1897 3758 1988 3809 per
2015 3739 2108 3795 Je-

538 3847 653 3882 sunt
682 3830 847 3895 Nave,
895 3832 982 3900 qui
1021 3834 1183 3885 solem
1224 3845 1365 3886 stare
1394 3833 1520 3902 fecit
1544 3833 1610 3896 “,
1637 3835 1727 3902 qui
1760 3833 1839 3886 sol
1867 3834 1960 3885 sub
1996 3849 2110 3900 rege

541 3917 769 3970 Ezecliia
799 3928 846 3970 et
874 3929 1065 3986 prieter
1096 3931 1346 3973 naturam
1377 3933 1694 3974 retroversus
1720 3931 1792 3974 est
1824 3922 1868 3952 “
1896 3924 1918 3973 ‘3
1947 3919 2012 3972 Et
2047 3923 2110 3975 de

542 4009 726 4064 Eliswi
758 4012 1029 4082 reliquiis,
1072 4029 1189 4080 quia
1242 4023 1512 4065 mortuum
1565 4015 2114 4068 resuscitaverunt”?

543 4102 602 4156 Si
639 4105 775 4156 enim
825 4104 986 4156 Deum
1024 4103 1242 4157 Verbum
1281 4121 1491 4172 passum
1529 4122 1638 4158 esse
1669 4106 1967 4170 ostendunt,
1996 4122 2112 4176 qua:

544 4195 599 4246 in
651 4203 880 4260 tempore
918 4195 1088 4248 crucis
1129 4195 1272 4261 facta
1309 4205 1464 4259 sunt,
1507 4207 1554 4249 et
1605 4207 1814 4264 propter
1854 4198 2113 4251 hominem

547 4301 652 4337 non
703 4288 984 4338 concedant
1033 4302 1094 4340 ea
1140 4287 1284 4356 facta
1335 4301 1491 4341 esse:
1523 4299 1569 4341 et
1603 4304 1719 4356 qua:
1745 4290 1839 4341 sub
1887 4297 2115 4357 tempore

548 4376 714 4431 Nesis
757 4389 968 4446 propter
1007 4397 1168 4448 genus
1216 4380 1462 4445 Abraha',
1509 4390 1558 4433 et
1602 4397 1720 4449 qua:
1758 4381 1852 4433 sub
1887 4393 2114 4448 tempore

543 4470 674 4522 Jesu
718 4468 864 4522 Nave
902 4480 949 4523 et
999 4471 1242 4524 Haec/tite
1271 4471 1405 4539 regis
1434 4487 1535 4524 non
1570 4480 1744 4525 erunt.
1786 4470 1844 4524 Si
1875 4488 1990 4524 vero
2017 4473 2114 4524 illa

545 4571 758 4628 propter
791 4562 1100 4616 Judteorum
1161 4563 1409 4631 populum
1455 4562 1722 4616 miracula
1767 4563 1913 4631 facta
1965 4575 2110 4627 sunt,

546 4652 714 4705 multo
755 4656 921 4722 magis
960 4670 1076 4723 qua:
1121 4656 1175 4707 in
1217 4670 1370 4706 cruce
1408 4664 1619 4723 propter
1657 4653 1756 4706 Dei
1801 4651 1948 4707 Verbi
1986 4663 2116 4706 tent-

544 4744 712 4811 plum.

1193 4875 1470 4914 CYRILLUS.

622 5007 643 5039 ι
673 4987 1042 5057 Stupel‘actum
1082 5001 1165 5043 est
1203 4992 1398 5045 coelum
1445 5006 1607 5059 super
1655 5008 1775 5057 nuc,
1807 5003 1861 5046 et
1886 5002 2112 5046 contre-

547 5080 688 5132 muit
731 5079 960 5146 amplius
1003 5082 1367 5146 vehementer,
1421 5082 1550 5134 dicit
1594 5082 1851 5136 Dominus
1886 5085 1950 5137 ".
1991 5102 2009 5133 ι
2070 5082 2114 5136 Ο

551 5169 948 5224 intolerabilem
988 5170 1417 5239 malignitatem!
1459 5174 1502 5228 0
1527 5173 1762 5242 linguam
1805 5174 2113 5243 loquentem

552 5259 894 5327 iniquitatem
925 5261 1184 5316 adversus
1213 5261 1399 5328 Deum,
1436 5273 1490 5317 et
1521 5274 1750 5318 mentem
1785 5265 1836 5318 in
1872 5263 2114 5318 altitudi-

552 5367 676 5406 nem
717 5367 886 5406 cornu
935 5355 1318 5409 extollentem!
1372 5354 1568 5409 Parum
1597 5371 1718 5410 esse
1776 5357 1871 5411 tibi
1907 5357 2119 5410 videtur

554 5444 772 5499 adﬁxum
804 5460 926 5501 esse
955 5445 1096 5516 ligno
1132 5447 1415 5503 Dominum
1447 5448 1667 5518 gloriae?
1701 5448 1867 5514 Quem
1899 5459 1952 5501 tu
1989 5449 2114 5517 qui-

629 5604 692 5634 "'
723 5597 879 5656 Joan.
919 5618 974 5663 κ,
1008 5602 1098 5655 5'5.

1175 5603 1217 5634 ’⁸
1244 5602 1372 5657 ibid.
1407 5603 1495 5670 '57,
1527 5604 1614 5657 58.

561 5689 654 5738 xx,
693 5671 783 5727 10.

858 5672 907 5704 ³³
931 5671 994 5726 IV
1023 5672 1155 5743 Reg.
1193 5689 1313 5734 xm,
1349 5673 1439 5726 2|.
1517 5674 1562 5703 “
1587 5673 1787 5729 Jerent.
1823 5690 1881 5741 ιι,
1917 5674 1996 5726 l2.

641 5828 718 5900 (l)
753 5829 834 5885 Al.
870 5847 1004 5899 eam,
1033 5829 1152 5887 scil.
1179 5829 1429 5901 gratiam.
1467 5829 1636 5884 llsao.

1693 5603 1732 5634 ¹⁹
1759 5603 1943 5658 Matth.
1965 5605 2132 5667 xxvii,
2163 5602 2352 5657 Pii—55.

2201 987 2421 1052 tionem,
2449 1004 2566 1054 quae
2598 989 2758 1042 estin
2792 1004 2956 1042 carne
2990 1004 3200 1058 passus,
3235 990 3423 1044 unitus
3451 1004 3598 1043 vero
3626 991 3814 1058 magis

2199 1075 2247 1129 ei
2283 1081 2576 1130 secundum
2627 1078 2784 1131 Iidem
2823 1093 3098 1132 sacrarum
3142 1077 3505 1132 Litterarum.
3563 1077 3682 1132 Iste
3714 1081 3812 1148 qui

2199 1170 2253 1222 in
2285 1183 2449 1225 carne
2485 1185 2694 1235 passus,
2727 1181 2778 1222 et
2808 1186 3104 1239 suspensus
3133 1171 3183 1224 in
3213 1171 3355 1241 ligno
3377 1182 3489 1236 est,
3519 1172 3810 1224 miracula

2200 1261 2405 1316 fecitin
2437 1261 2692 1332 Egypto,
2733 1263 2784 1315 in
2832 1263 3082 1317 omnibus
3111 1277 3208 1332 per
3245 1264 3571 1332 sapientein
3613 1262 3810 1316 Mosen

2200 1371 2352 1410 suam
2379 1355 2605 1424 gloriam
2643 1355 3018 1410 manifestans.

2701 1466 2755 1521 5.
2791 1463 2877 1519 Ea:
2905 1467 3084 1519 eodem
3109 1465 3264 1520 libro.

2827 1594 3162 1634 THEODORUS.

2272 1689 2459 1744 Gratia
2506 1688 2714 1754 Filius,
2756 1691 2848 1754 qui
2885 1706 2949 1744 ea:
3001 1691 3177 1744 Maria
3223 1701 3298 1744 est
3356 1690 3548 1755 homo,
3604 1700 3815 1742 natm

2202 1799 2320 1836 vero
2345 1781 2482 1834 Deus
2519 1779 2762 1834 Verbum.
2793 1781 2946 1846 Quod
2985 1797 3104 1834 vero
3135 1791 3208 1834 est
3241 1782 3571 1849 gratia,non
3599 1793 3810 1832 nam"

2201 1885 2275 1927 est
2307 1888 2326 1926 :
2361 1883 2410 1926 et
2440 1874 2578 1943 quod
2608 1884 2685 1927 est
2719 1885 2938 1938 natura,
2992 1891 3094 1926 non
3121 1875 3320 1943 gratia,
3362 1890 3473 1926 non
3510 1877 3634 1927 duo
3673 1876 3810 1942 filii.

2201 1964 2430 2034 Siiﬂiciat
2452 1965 2659 2031 corpori
2705 1966 2844 2035 quod
2877 1981 2942 2018 ea:
2983 1967 3129 2018 nobis
3173 1975 3272 2028 est,
3316 1967 3626 2018 secundum
3671 1982 3806 2033 gru-

2203 2055 2330 2106 tiam
2373 2053 2586 2120 ﬁliatio,
2645 2054 2854 2122 gloria,
2913 2053 3328 2118 immortalitas,
3376 2069 3486 2122 quo
3537 2054 3812 2120 teinpluli

2202 2145 2300 2200 Dei
2341 2144 2490 2198 Verbi
2522 2147 2720 2214 factum
2752 2156 2827 2199 est
2850 2159 2869 2197 :
2907 2162 3008 2198 non
3049 2162 3209 2212 supra
3243 2158 3493 2198 naturam
3523 2145 3798 2206 eluetur,

2202 2249 2250 2288 et
2280 2234 2417 2287 Deus
2455 2234 2676 2288 Verbum
2705 2251 2798 2303 pro
2821 2235 2994 2288 debita
3024 2252 3055 2286 a
3096 2236 3242 2287 nobis
3271 2237 3589 2304 gratiarum
3629 2236 3803 2286 actio-

2206 2343 2268 2380 ne
2298 2343 2398 2380 non
2439 2328 2739 2395 injurietur.
2787 2325 2854 2379 Et
2898 2343 3016 2395 quia
3055 2337 3130 2380 est
3171 2327 3372 2392 iniuria
3401 2327 3429 2378 .’
3455 2325 3804 2394 Compouere

2204 2416 2378 2483 ipsum
2421 2433 2538 2469 cum
2585 2433 2821 2485 corpore,
2877 2428 2924 2469 et
2986 2428 3171 2484 putare
3224 2431 3340 2468 eum
3384 2416 3460 2467 ad
3495 2415 3804 2484 perfectam

2204 2507 2519 2577 ﬁliationem
2553 2509 2786 2578 corporis
2817 2508 3069 2577 indigere.
3101 2505 3284 2576 Neque
3316 2507 3428 2573 ipse
3458 2507 3612 2560 Deus
3667 2505 3792 2560 Ver-

2206 2600 2328 2652 bum
2363 2598 2468 2650 vult
2498 2597 2720 2666 seipsum
2768 2596 2969 2650 Filium
3002 2598 3167 2650 David
3198 2614 3329 2662 esse,
3352 2599 3446 2650 sed
3471 2597 3756 2652 Dominus
3781 2611 3803 2650 :

2205 2707 2394 2758 corpus
2437 2707 2556 2744 vero
2605 2692 2780 2744 vocari
2827 2689 2999 2758 ﬁlium
3040 2689 3246 2754 David,
3302 2707 3406 2743 non
3471 2690 3652 2746 solum
3692 2707 3798 2744 non

2207 2786 2427 2848 invidit,
2457 2783 2549 2836 sed
2571 2785 2729 2838 etiam
2759 2793 2969 2852 propter
2995 2784 3094 2836 hoc
3127 2783 3384 2852 pervenit.

2855 2929 3140 2969 CYBILLUS.

2280 3049 2422 3119 Ergo
2469 3050 2726 3118 quoniam
2775 3050 2917 3118 quod
2969 3058 3055 3104 est
3105 3049 3302 3118 gratia,
3333 3065 3441 3104 non
3473 3061 3705 3118 natura,
3741 3062 3795 3106 et

2212 3142 2351 3210 quod
2387 3151 2472 3194 est
2512 3151 2728 3205 natura,
2757 3157 2861 3195 non
2890 3141 3060 3211 gratia
3084 3183 3098 3206 ,
3133 3156 3238 3195 non
3270 3151 3396 3195 sunt
3422 3141 3520 3195 ﬁlii
3564 3145 3679 3196 duo
3706 3159 3793 3198 se-

2213 3236 2446 3288 cundum
2477 3244 2621 3288 tuam
2661 3235 2946 3289 rationem.
2981 3233 3082 3298 Qui
3121 3233 3290 3303 gratia
3335 3234 3562 3301 quidem
3597 3246 3654 3287 et
3686 3252 3791 3287 mm

2212 3338 2403 3382 natura
2463 3327 2631 3382 Filius
2663 3337 2766 3392 est,
2804 3344 2908 3380 non
2945 3338 3025 3380 est
3059 3341 3185 3380 vere
3210 3327 3374 3390 filius,
3411 3340 3677 3390 superest
3704 3344 3795 3379 au-

2211 3427 2315 3470 tem
2365 3426 2423 3470 ut
2464 3427 2634 3470 staret
2677 3432 2818 3470 verte
2863 3415 3140 3468 liliationis
3172 3415 3339 3484 gloria
3377 3415 3432 3466 in
3474 3430 3541 3469 eo
3573 3418 3675 3484 qui
3715 3429 3797 3468 est

2210 3517 2400 3560 natura
2428 3517 2482 3560 et
2515 3521 2618 3560 non
2659 3507 2852 3575 gratia,
2889 3505 2940 3557 id
2972 3514 3079 3571 est,
3122 3507 3174 3557 in
3205 3505 3312 3558 Deo
3341 3505 3547 3566 Verbo,
3590 3506 3687 3574 qui
3718 3519 3798 3558 est

2209 3615 2273 3652 ex
2303 3598 2412 3652 Den
2457 3598 2641 3652 Patre.
2693 3597 2960 3666 Expulsus
3000 3597 3294 3666 estigitur,
3329 3596 3479 3648 sicut
3508 3597 3652 3657 dixi,
3683 3612 3800 3649 esse

2210 3706 2264 3748 et
2285 3695 2388 3748 dici
2412 3693 2578 3748 Filius
2608 3694 2698 3747 Dei
2726 3693 2972 3746 Christus
2993 3690 3170 3754 Jesus,
3205 3706 3298 3759 per
3323 3704 3490 3758 quem
3528 3699 3589 3741 et
3627 3689 3792 3741 salvi-

2213 3785 2356 3839 iicati
2389 3801 2595 3846 sumus.
2650 3795 2877 3836 mortem
2920 3783 3036 3848 ejus
3077 3783 3489 3840 annuntiantes,
3526 3789 3586 3833 ει
3622 3779 3796 3833 conii~

2215 3888 2389 3932 tentes
2443 3878 2914 3931 resurrectionem.
2965 3875 3195 3929 Verbqu
3258 3873 3400 3927 enim
3465 3873 3597 3926 ﬁdei
3648 3873 3788 3940 quod

2215 3970 2587 4038 prmdicamus,
2639 3969 2704 4020 ad
2749 3967 2905 4020 istam
2939 3982 3035 4019 nos
3078 3965 3478 4018 confessionem
3515 3965 3794 4032 producit.

2215 4060 2354 4128 Ergo
2401 4059 2451 4112 iu
2492 4059 2760 4112 hominem
2810 4059 2940 4111 [ides
2984 4066 3090 4122 est,
3121 4066 3173 4110 et
3209 4072 3312 4108 non
3360 4059 3410 4107 in
3453 4069 3586 4107 eum
3624 4057 3798 4124 quiet

2215 4162 2403 4205 natura
2436 4162 2488 4204 et
2518 4167 2643 4205 vere
2680 4151 2772 4203 Dei
2818 4149 2986 4202 Filius
3038 4159 3138 4202 est.
3189 4149 3244 4200 Si
3280 4147 3423 4200 enim
3455 4163 3660 4200 verum
3697 4157 3798 4210 est,

2216 4243 2305 4312 qui
2343 4243 2473 4296 dicit
2519 4245 2692 4311 gratia
2751 4243 3066 4295 ﬁliatiunem
3120 4243 3370 4295 sortitum
3422 4256 3552 4295 esse
3598 4244 3797 4310 ipsum,

2219 4332 2545 4385 multitudini
2588 4334 2816 4384 liliorum
2851 4331 3351 4394 connumerabitur,
3398 4330 3451 4382 id
3499 4340 3589 4383 est
3625 4334 3797 4390 nol-tis,

2217 4419 2414 4487 quibus
2440 4435 2668 4486 superna
2703 4421 2871 4499 gratia
2904 4419 3214 4472 ﬁliationem
3246 4421 3432 4482 donat,
3475 4437 3495 4469 ι
3532 4423 3602 4472 ad
3637 4437 3794 4489 quam

2217 4511 2392 4563 vocali
2436 4525 2618 4562 sumus
2651 4526 2745 4579 per
2788 4509 2967 4564 Jesnm
3016 4511 3311 4576 Christum,
3350 4510 3441 4578 qui
3477 4525 3544 4564 ex
3587 4513 3798 4564 semine

2146 4632 2189 4686 Β
2222 4601 2386 4654 David
2430 4610 2514 4654 est
2555 4601 2846 4653 secundum
2894 4617 3114 4655 carnem
3147 4601 3212 4651 “.
3253 4620 3269 4652 ι
3303 4601 3364 4654 Et
3390 4611 3610 4653 certum
3642 4614 3694 4655 te
3720 4603 3796 4654 ia-

2217 4695 2326 4748 ciat
2366 4694 2549 4748 dicens
2604 4693 2822 4746 divinus
2850 4693 3219 4762 evangelista:
3255 4711 3273 4742 ι
3313 4692 3412 4758 Qui
3463 4708 3606 4746 vero
3639 4709 3796 4747 acve-

2163 4783 2182 4802 °
2217 4794 2410 4854 perunt
2433 4801 2553 4838 eum
2586 4785 2686 4856 (Ι),
2718 4785 2863 4838 dedit
2890 4786 2967 4839 eis
2992 4795 3311 4853 potestatem
3347 4784 3490 4838 lilios
3521 4784 3625 4838 Dci
3661 4786 3794 4850 fieri,

2217 4876 2565 4930 credentibus
2604 4878 2656 4929 in
2690 4877 2910 4929 nomine
2943 4876 3078 4943 ejus.
3118 4893 3136 4924 ι
3166 4875 3366 4929 Deinde
3394 4877 3681 4942 quomodo
3709 4879 3796 4943 qui

2217 4969 2286 5022 ab
2315 4969 2483 5022 altero
2521 4969 2699 5020 datam
2739 4969 3052 5037 dignitatem
3109 4967 3382 5020 ﬁliationis
3419 4970 3664 5022 sortitus
3694 4981 3796 5035 est,

2219 5069 2272 5111 et
2299 5059 2451 5111 nobis
2493 5058 2624 5126 ipsis
2667 5059 2870 5112 donare
2914 5073 3015 5110 non
3061 5073 3212 5110 suam
3245 5058 3437 5128 magis,
3470 5063 3568 5111 sed
3607 5061 3798 5128 acqui-

2218 5148 2374 5202 sitam
2405 5150 2451 5203 ei
2487 5149 2826 5203 extrinsecus
2849 5151 3120 5219 gratiam?

2291 5260 2359 5312 Et
2387 5270 2498 5328 post
2531 5278 2700 5329 pauca
2727 5277 2746 5316 :
2780 5263 2933 5315 Dedit
2973 5263 3208 5332 seipsum
3247 5264 3298 5316 in
3328 5265 3794 5316 examinationeiu

2220 5356 2412 5422 Filius,
2457 5367 2511 5408 et
2552 5371 2672 5409 cum
2701 5357 2751 5409 iu
2781 5359 3034 5411 ornnibus
3079 5367 3224 5412 esset
3271 5355 3578 5426 perfectus,
3635 5357 3797 5409 voluit

2221 5447 2331 5517 pati
2363 5446 2749 5514 humilitatem,
2794 5457 2848 5502 et
2886 5450 3180 5503 secundum
3225 5463 3444 5502 carnem
3474 5464 3544 5501 ex
3573 5450 3798 5502 muliere

2430 5603 2476 5679 ξθ
2498 5602 2668 5659 Exod.
2699 5617 2758 5668 ι,
2792 5603 2884 5658 22.
2963 5603 3006 5637 ²¹
3034 5601 3196 5661 Josuc
3220 5618 3276 5670 ι,
3314 5602 3402 5658 12.
3479 5605 3530 5636 ”
3556 5603 3628 5660 IV
3663 5606 3792 5679 Heg.

2075 5676 2120 5707 ³⁵
2152 5674 2308 5728 Rom.
2351 5688 2389 5740 ι,
2420 5673 2472 5727 5.
