4000 6326
229 415 362 472 ³14ιὶ1

1431 406 1854 462 FRAGMENTA
1899 404 2028 461 DOG
2039 403 2318 462 MATICA.

3348 408 3489 464 1442

228 535 503 592 sustinere
539 532 904 599 nativitatem,
931 541 986 586 et
1028 530 1326 601 appellatus
1349 540 1435 583 est
1463 530 1604 583 ﬁlius
1631 529 1807 582 Abra-
1838 532 1883 586 Α
1912 541 2029 578 rum
2091 526 2457 595 apostolorum
2509 534 2564 580 ct
2616 526 3069 595 evangelistarum
3145 528 3489 598 impudenter

231 627 316 680 ha:
342 634 396 682 et
432 625 624 680 David.
667 625 783 681 Non
818 627 1045 680 miratus
1071 640 1130 679 es
1158 633 1265 677 tam
1299 624 1496 676 bonum
1524 623 1805 691 dispensa-

234 717 398 774 tionis
438 717 764 782 vartiﬁcium,
815 718 990 787 magis
1037 731 1169 770 vero
1208 714 1562 784 reprehendis
1603 722 1808 784 myste-

235 810 375 864 rium
414 827 428 864 :
471 809 726 876 iniuriam
767 824 888 864 esse
923 809 1110 863 dicens
1144 807 1570 861 incarnationem
1604 805 1804 874 Unige-

232 901 359 966 niti,
401 902 655 971 inerepas
713 902 996 957 consilium
1045 901 1142 956 Dei
1183 909 1237 955 et
1273 899 1454 954 Patris
1498 919 1510 954 :
1546 899 1808 954 inclamas

231 1008 362 1047 vero
393 994 554 1047 etiam
591 996 764 1063 ipsum
797 993 1016 1058 Filium,
1051 987 1142 1062 q'ui
1180 993 1288 1060 pati
1320 992 1488 1045 voluit
1512 999 1729 1059 propter
1755 999 1807 1043 te

229 1085 682 1140 exinanitionem.
729 1084 864 1139 Cum
917 1085 1078 1153 igitur
1127 1084 1366 1137 audieris
1421 1084 1689 1136 dicentem
1739 1083 1806 1135 ad

231 1176 509 1231 ctelestem
544 1177 758 1230 Patrem
803 1186 856 1230 et
905 1178 1097 1231 Deum.
1136 1193 1152 1227 ι
1197 1175 1537 1229 Sacriﬁcium
1571 1184 1626 1228 et
1659 1173 1808 1226 obla-

234 1268 435 1320 tionem
485 1268 739 1334 noluisti,
819 1268 1132 1321 holocausta
1193 1277 1248 1321 et
1292 1283 1388 1334 pro
1439 1265 1636 1318 delicto
1697 1280 1802 1318 non

232 1362 544 1429 postulasti,
573 1376 770 1429 corpus
795 1368 971 1413 autem
999 1360 1272 1427 perfecisti
1304 1358 1434 1412 mihi
1471 1377 1485 1411 :
1516 1366 1627 1412 tum
1657 1358 1763 1412 dixi
1790 1370 1806 1409 :

228 1450 368 1503 Ecce
404 1451 560 1502 venio
595 1469 608 1503 :
642 1449 694 1502 in
746 1450 924 1518 capite
980 1448 1101 1502 libri
1152 1450 1416 1518 scriptum
1467 1456 1550 1501 est
1581 1448 1646 1501 de
1699 1462 1804 1512 me,

230 1553 290 1591 ut
319 1538 512 1592 faciam
555 1538 888 1591 voluntatem
918 1547 1086 1603 luam,
1141 1539 1302 1602 Deus,
1351 1537 1494 1591 volui
1525 1539 1570 1568 "
1596 1554 1612 1603 ;
1643 1555 1663 1588 ›
1703 1554 1806 1591 non

230 1642 381 1686 recta
425 1630 666 1698 cogitare
709 1631 936 1684 forsitan
981 1629 1176 1684 Filium
1210 1630 1278 1684 de
1311 1645 1406 1684 sua
1435 1629 1606 1698 gloria
1639 1629 1805 1683 dices.

227 1723 406 1794 Elegit
433 1727 576 1778 enim
602 1723 850 1791 corporis
885 1722 1293 1792 perfectionem,
1340 1733 1394 1776 et
1425 1735 1530 1776 non
1566 1720 1655 1773 alii
1691 1736 1808 1774 ma-

226 1819 312 1887 gis
344 1818 566 1879 laetam,
594 1817 686 1870 sed
713 1815 817 1869 sibi
853 1813 1150 1870 secundum
1191 1815 1354 1868 verba
1391 1811 1806 1882 ipsius,Corpus

225 1910 366 1961 enim
397 1907 684 1974 pec-fecisti,
712 1907 844 1960 dicit
881 1923 896 1958 :
929 1904 1056 1960 licet
1084 1905 1324 1958 audieris
1362 1903 1591 1957 Paulum
1617 1905 1804 1958 dicen-

226 2012 338 2054 tetn
395 1999 464 2053 de
499 2000 608 2054 Deo
656 1998 833 2052 Verbo
880 2017 894 2052 :
932 2015 951 2047 ι
996 1997 1137 2067 Ergo
1185 1997 1310 2064 quia
1374 1995 1469 2050 ﬁlii
1517 1996 1810 2066 participes

227 2100 356 2146 sunt
387 2091 672 2159 sanguinis
700 2100 755 2144 et
786 2090 993 2152 carnis,
1020 2099 1074 2142 et
1115 2089 1231 2157 ipse
1254 2089 1506 2142 similiter
1536 2089 1810 2157 particeps

225 2182 410 2236 {actus
439 2193 525 2238 est
567 2185 884 2237 earumdem
919 2183 1006 2246 '7;
1047 2203 1065 2233 ι
1104 2193 1160 2236 et
1203 2183 1283 2236 sic
1329 2184 1545 2250 sapiens
1571 2181 1809 2236 Joannes

223 2277 419 2329 scribit
454 2292 468 2326 ε
508 2294 527 2326 s
571 2276 634 2329 Et
668 2277 900 2330 Verbum
943 2291 1070 2330 caro
1095 2275 1294 2328 factum
1326 2284 1430 2335 est,
1459 2284 1513 2328 et
1542 2274 1810 2327 habitavit

223 2370 277 2423 in
309 2369 467 2423 nobis
498 2369 582 2432 '3;
614 2387 633 2420 ι
669 2385 829 2436 surge
854 2381 1040 2422 contra
1079 2382 1172 2422 eos
1205 2367 1450 2421 clamans
1477 2385 1491 2419 :
1540 2365 1666 2419 Non
1712 2382 1806 2432 pro

219 2462 401 2514 debita
444 2462 745 2528 gratiarum
788 2461 998 2513 actione
1036 2475 1068 2511 a
1112 2458 1264 2511 nobis
1308 2458 1614 2527 injurietur,
1667 2456 1807 2509 Deus

234 2553 463 2607 Verbum
487 2570 590 2607 non
615 2554 792 2622 [actus
825 2562 900 2605 est
932 2568 1078 2615 caro,
1107 2551 1242 2604 Deus
1289 2549 1513 2604 Verbum
1546 2567 1648 2603 non
1679 2565 1808 2617 pur-

217 2645 386 2710 ticeps
434 2645 531 2710 fuit
578 2659 694 2697 uere
734 2642 1007 2711 sanguinis
1045 2653 1092 2694 et
1132 2643 1306 2694 carnis
1332 2657 1350 2694 :
1381 2641 1626 2694 similiter
1659 2639 1807 2691 nobis

218 2752 326 2789 non
357 2745 516 2788 natus
542 2747 618 2788 est
640 2738 928 2788 secundum
966 2750 1174 2787 carnem
1208 2749 1271 2786 ea:
1297 2733 1535 2793 muliere,
1578 2747 1680 2784 non
1714 2749 1808 2797 ap-

215 2828 450 2895 pellatus
471 2837 546 2880 est
574 2827 719 2894 [ilius
759 2826 951 2880 David.
981 2824 1096 2878 Hoc
1129 2826 1288 2888 enim,
1319 2824 1459 2893 quod
1488 2832 1537 2876 et
1563 2823 1808 2875 nomina-

214 2920 264 2970 ri
303 2935 428 2971 eum
492 2918 751 2988 injurium
798 2930 894 2980 est,
939 2929 986 2972 et
1022 2933 1124 2970 non
1153 2916 1441 2969 secundum
1489 2915 1806 2969 voluntatem

213 3010 412 3078 ipsius,
449 3011 710 3078 quomodo
743 3010 857 3079 pati
890 3009 1184 3064 voluisset?
1214 3009 1318 3064 Sed
1353 3024 1474 3074 nos,
1505 3025 1537 3060 υ
1568 3009 1802 3076 sapiens,

213 3103 532 3173 gloriﬁcare
564 3103 951 3158 consuevimus
984 3104 1151 3157 Deum
1174 3111 1229 3157 et
1253 3101 1494 3164 Patrem,
1525 3100 1648 3169 quia
1679 3115 1804 3153 cor-

1914 617 2274 670 resistentia?
2318 615 2698 672 Recusandum
2747 619 2911 686 igitur
2940 634 3034 674 eos
3061 620 3151 690 qtti
3187 631 3294 674 tam
3327 621 3487 678 malis

1913 708 2086 776 culpis
2137 709 2353 763 obnoxii
2403 718 2550 772 sunt,
2597 709 2708 765 sive
2736 713 2788 762 in
2828 711 2964 765 vivis
3007 720 3151 779 sunt,
3198 712 3311 768 sive
3353 727 3481 768 non.

1912 799 1995 852 Ab
2028 800 2118 852 illo
2141 801 2286 854 enim
2319 800 2461 870 quod
2496 812 2673 864 nocet,
2705 803 2958 858 recedere
2981 806 3344 859 necessarium
3366 813 3482 868 est;

1911 903 1965 946 et
2009 909 2112 946 non
2145 893 2214 946 ad
2261 909 2548 964 personam
2593 895 2886 964 respicere,
2946 898 3041 951 sed
3093 896 3147 951 id
3195 897 3338 968 quod
3376 898 3486 952 Deo

1913 987 2112 1056 placet,
2145 996 2358 1058 oportet
2387 989 2756 1044 considerare.

2289 1103 2338 1156 7.
2368 1101 2452 1156 Ea:
2482 1104 2710 1157 secundo
2738 1103 2872 1156 libro
2895 1103 3104 1173 Cyrilli.

2533 1233 2870 1272 THEODORUS.

1987 1371 2007 1404 ι
2046 1351 2182 1418 Quid
2216 1361 2298 1406 est
2328 1355 2487 1406 homo
2512 1355 2656 1420 quod
2701 1367 2906 1408 memor
2937 1369 2995 1408 es
3025 1354 3141 1420 ejus
3170 1356 3194 1410 ?
3222 1368 3314 1410 aut
3343 1357 3485 1416 ﬁlius

1913 1446 2167 1506 hominis.
2205 1446 2348 1515 quod
2385 1446 2572 1501 visitas
2603 1462 2724 1500 eum
2752 1447 2838 1500 3°?
2878 1467 2895 1498 ε
2935 1447 3342 1504 Consideremus
3376 1453 3483 1522 igi-

1911 1550 2018 1599 tur,
2071 1539 2188 1604 quis
2239 1539 2394 1591 homo
2439 1539 2538 1601 sit,
2587 1539 2651 1592 de
2701 1556 2806 1608 quo
2845 1542 3087 1606 stupescit
3139 1552 3185 1594 et
3236 1543 3485 1608 miratur,

1910 1633 2049 1701 quod
2103 1629 2412 1700 Unigenitus
2455 1633 2702 1701 dignatus
2752 1642 2823 1686 cst
2863 1633 2977 1701 ejus
3019 1634 3323 1688 memoriam
3366 1637 3490 1689 visi-

1914 1725 2272 1794 tationemque
2329 1722 2522 1792 facere.
2576 1723 2682 1778 Sed
2721 1726 2857 1790 quod
2908 1725 3114 1794 quidem
3152 1743 3256 1780 non
3287 1727 3490 1780 dictum

1911 1825 1984 1868 est
2039 1817 2102 1870 de
2145 1817 2320 1880 onmi,
2381 1820 2436 1868 in
2489 1817 2846 1883 superioribus
2899 1817 3318 1871 denzonstratum
3371 1831 3489 1873 est:

1908 1909 2049 1976 quod
2083 1919 2258 1961 autem
2297 1925 2396 1961 non
2427 1910 2490 1962 de
2525 1926 2628 1961 uno
2669 1910 2918 1980 quolibet,
2953 1918 3002 1963 et
3033 1911 3130 1964 ltoc
3159 1922 3356 1965 certum
3383 1925 3483 1966 est.

1913 1997 1979 2052 Ut
2025 2010 2199 2052 autem
2250 2001 2427 2053 omnia
2483 2000 2990 2068 prwtermittamus,
3045 2003 3183 2071 quod
3246 2002 3488 2057 omnibus

1909 2088 2213 2142 credibilius
2242 2100 2340 2155 est,
2374 2090 2717 2156 apostolicum
2757 2092 3112 2147 testimonium
3141 2096 3486 2163 excipiamus.

1911 2179 2102 2232 Scribit
2159 2181 2322 2248 igitur
2377 2180 2662 2248 Apostolus
2711 2183 2781 2234 ad
2827 2180 3097 2247 llebratos,
3149 2202 3374 2239 narrans
3425 2188 3490 2238 de

1910 2268 2142 2331 Christo,
2175 2287 2564 2341 personamque
2595 2289 2744 2324 suam
2779 2290 2881 2327 non
2927 2276 3298 2342 acceptabilem
3345 2279 3489 2343 apud

1907 2380 1994 2415 eos
2029 2361 2368 2430 conﬁrmans,
2395 2363 2470 2416 ita
2499 2363 2664 2428 dicit;
2693 2365 3008 2432 testiﬁcatus
3037 2377 3112 2420 est
3139 2384 3258 2421 vero
3281 2367 3482 2422 alicubi

1907 2457 2124 2524 quidam
2160 2451 2378 2507 dicens:
2414 2474 2432 2502 ς
2470 2455 2607 2522 Quid
2656 2465 2740 2510 est
2791 2456 2952 2510 homo
2981 2459 3122 2525 quod
3167 2475 3375 2514 memor
3427 2477 3489 2517 es

1908 2545 2043 2611 ejus,
2108 2555 2202 2598 aut
2241 2546 2383 2600 ﬁlius
2414 2547 2670 2610 hominis,
2717 2549 2859 2618 quod
2905 2550 3094 2604 visitas
3125 2551 3291 2604 eum?
3324 2552 3490 2606 Mitto-

1910 2639 2037 2692 rasti
2067 2651 2188 2691 eum
2222 2637 2380 2706 paulo
2411 2640 2590 2693 minus
2623 2639 2691 2694 ab
2725 2641 2966 2711 angelis,
3003 2642 3167 2712 gloria
3196 2656 3248 2700 et
3281 2645 3488 2701 honore

1907 2730 2182 2783 coronasti
2213 2745 2363 2793 eum,
2391 2739 2445 2784 et
2467 2732 2800 2786 constituisti
2827 2747 2951 2787 eum
2987 2750 3150 2804 supra
3188 2752 3354 2806 opera
3381 2753 3490 2791 Ilia-

1907 2838 2073 2876 nunm
2139 2835 2405 2876 tuarum:
2469 2825 2652 2878 omnia
2726 2823 3005 2892 subjecisti
3076 2828 3177 2881 sub
3256 2829 3489 2897 pedibus

1907 2915 2022 2980 ejus
2054 2914 2097 2946 ³⁸
2125 2930 2139 2978 ;
2172 2933 2190 2966 ι
2218 2925 2265 2967 et
2295 2931 2412 2968 cum
2443 2915 2800 2968 testimonium
2835 2918 3082 2982 dixisset,
3135 2918 3486 2988 interpretans

1906 3006 2077 3072 ipsum
2125 3008 2302 3060 intulit
2341 3023 2360 3060 :
2400 3025 2418 3058 ι
2454 3006 2807 3076 Subjiciendo
2857 3019 3038 3063 autem
3091 3011 3300 3076 omnia,
3350 3013 3486 3066 nihil

1906 3095 2244 3152 dimisitnon
2280 3098 2602 3163 subjectum.
2652 3099 2811 3153 Modo
2857 3109 3036 3154 autent
3067 3103 3302 3156 nondum
3340 3104 3487 3158 vide-

213 3210 318 3263 pus
352 3194 648 3263 perfecerit
683 3193 861 3251 Filio:
897 3204 952 3249 et
983 3195 1157 3264 ipsum
1183 3209 1313 3249 vero
1343 3193 1573 3247 dicimus
1605 3191 1800 3246 Filium
1830 3226 1872 3284 ο
1909 3201 2028 3240 mus
2051 3191 2232 3240 Omnia
2269 3187 2316 3240 ei
2357 3187 2602 3256 subjecta
2639 3188 2708 3241 ³’.
2753 3207 2772 3238 ›
2827 3186 2893 3240 Et
2921 3191 3036 3259 quis
3062 3191 3216 3244 homo
3251 3201 3348 3254 est.
3389 3194 3484 3245 do-

211 3286 425 3338 faetum
471 3300 727 3348 carnem,
772 3286 824 3340 id
861 3295 947 3340 est
992 3286 1286 3350 hominem,
1325 3299 1541 3353 passum
1581 3284 1801 3352 quidem

209 3389 340 3429 esse
369 3385 599 3443 prapter
634 3390 733 3429 nos
761 3376 1215 3441 exinanitionem,
1252 3383 1308 3429 et
1337 3385 1540 3430 nostra:
1570 3389 1804 3443 pauper-

211 3467 347 3520 tatis
378 3466 595 3520 subisse
632 3467 1018 3532 humilitatem,
1053 3467 1427 3536 permansisse
1459 3482 1590 3520 vero
1633 3476 1689 3518 et
1725 3467 1804 3520 sie

208 3559 415 3619 Deum,
467 3568 521 3612 et
561 3557 757 3612 Filium
793 3572 982 3611 verum
1021 3559 1115 3613 Dei
1157 3569 1213 3612 et
1264 3557 1467 3612 Patris.
1521 3560 1803 3624 Quomodo

208 3653 383 3720 igitur
417 3666 528 3704 non
576 3651 744 3705 voluit
785 3651 956 3705 Filius
989 3652 1262 3707 nominari
1298 3651 1491 3718 David,
1523 3653 1570 3707 si
1606 3653 1802 3707 Imma—

206 3755 374 3799 natus
405 3753 514 3809 est,
549 3751 604 3797 et
633 3744 736 3797 hoc
761 3758 868 3798 non
901 3743 1151 3798 invitus?

199 3859 254 3913 6.
287 3857 376 3912 Ea:
410 3857 596 3924 primo
625 3856 1010 3928 librohsanctte
1061 3860 1330 3911 memoria:
1377 3857 1588 3928 Cyrilli,
1636 3859 1702 3914 de
1740 3877 1798 3914 eo

268 3929 414 3998 quod
462 3943 598 3980 unus
632 3937 706 3980 est
733 3925 994 3995 Christus,
1037 3937 1220 3982 contra
1257 3925 1604 3983 Theodorum.

267 4044 412 4100 Sunt
465 4042 644 4106 enim,
686 4051 812 4097 sunt
845 4044 936 4112 qui
974 4043 1392 4114 Redemptorem
1427 4058 1482 4102 et
1512 4049 1796 4103 Dominum

191 4154 361 4194 suum
399 4147 638 4206 negant,
686 4145 741 4191 et
771 4136 968 4192 Filium
1007 4139 1230 4207 quidem
1263 4155 1453 4194 verum
1481 4141 1571 4196 Dei
1619 4140 1797 4197 Patris

200 4228 311 4286 non
335 4230 534 4284 dicunt
567 4243 689 4283 eum
718 4243 861 4293 esse,
895 4229 987 4298 qui
1024 4231 1076 4284 in
1113 4230 1322 4286 ultimis
1379 4233 1562 4287 saeuli
1590 4243 1798 4303 tempo-

202 4324 364 4378 ribus
417 4337 485 4376 ex
535 4319 765 4374 muliere
825 4322 1120 4375 secundum
1172 4337 1396 4378 carnem
1455 4327 1798 4381 nativitatem

200 4422 440 4483 propter
489 4425 590 4463 nos
644 4409 940 4476 sustinuit,
1013 4413 1332 4480 apparuisse
1380 4425 1561 4470 autem
1621 4419 1798 4488 magis

201 4506 328 4560 orbi
388 4514 662 4557 terrarum
720 4501 886 4555 Deum
933 4513 1206 4557 recentem
1239 4515 1293 4558 et
1319 4519 1618 4576 posterum,
1655 4510 1796 4564 lilia-

203 4596 377 4651 tionis
438 4592 668 4662 gloriam
729 4593 1072 4648 extrinsecus
1123 4597 1450 4663 acquisitam
1507 4599 1796 4657 habentem

201 4688 354 4742 sicut
395 4691 455 4739 et
499 4697 616 4748 nos,
663 4692 719 4737 et
760 4685 913 4751 quasi
953 4686 1273 4753 quibusdam
1318 4689 1638 4746 adulterinis
1660 4693 1794 4764 "glo-

201 4781 446 4833 riantem
495 4776 819 4839 honoribus,
876 4785 933 4830 ut
968 4775 1081 4845 jam
1117 4780 1544 4850 anthropolatria
1571 4791 1628 4838 et
1658 4785 1791 4839 nihil

199 4869 352 4924 aliud
396 4877 569 4930 esset,
613 4876 670 4922 et
717 4867 977 4922 adoretur
1021 4868 1184 4924 homo
1223 4869 1420 4940 aliquis
1445 4887 1570 4927 eum
1597 4887 1784 4930 sancta

198 4962 477 5018 Trinitate
499 4967 611 5026 tam
643 4975 672 5013 a
705 4960 882 5022 nobis,
911 4976 1074 5030 quam
1100 4977 1129 5015 a
1153 4964 1361 5020 sanctis
1395 4965 1640 5036 angelis:
1676 4967 1796 5023 haec

196 5054 431 5124 quidam
476 5052 638 5106 valde
668 5051 908 5121 superbi,
942 5061 999 5106 et
1025 5068 1224 5123 magna
1246 5127 1254 5130 Α
1274 5056 1548 5125 sapientes
1572 5059 1623 5113 in
1649 5061 1790 5114 divi-

195 5157 397 5199 narum
449 5139 864 5212 Scripturarum
910 5144 1170 5213 scientia,
1219 5147 1334 5201 suis
1382 5150 1600 5220 scriptis
1638 5152 1788 5209 inse-

191 5239 430 5289 ruerunt
457 5249 470 5284 :
506 5241 570 5287 et
599 5232 742 5287 sicut
772 5233 905 5287 dicit
943 5235 1186 5289 omnium
1217 5235 1476 5292 Dominus
1505 5255 1602 5309 per
1617 5258 1786 5297 unum

193 5336 530 5385 sanctorum
571 5325 978 5394 prophetarum,
1021 5344 1040 5377 ι
1084 5326 1332 5395 laqueum
1359 5330 1551 5382 statuit
1580 5332 1646 5385 ad
1671 5348 1792 5386 cor-

196 5414 544 5484 rumpendos
569 5415 816 5469 homines
845 5415 944 5468 ".s
989 5414 1126 5481 Quid
1144 5419 1288 5471 enim
1322 5418 1466 5473 aliud
1500 5421 1592 5482 sit,
1627 5437 1789 5494 quam

195 5513 439 5580 laqueus
486 5514 546 5560 et
585 5506 922 5572 scandalum,
967 5509 1151 5578 lingua
1195 5509 1419 5578 loquens
1454 5513 1701 5582 distorta,
1737 5527 1792 5571 et

196 5601 382 5660 sacris
432 5597 664 5653 Litteris
719 5599 1096 5666 abhorrentia,
1149 5612 1205 5656 et
1253 5604 1532 5659 traditioni
1568 5617 1788 5661 sancto-

272 5782 320 5814 "
344 5777 495 5834 Psal.
530 5791 719 5841 xxxix,
749 5777 868 5831 7-9.
895 5777 1056 5833 Hebr.
1091 5796 1166 5843 ix,
1209 5781 1327 5837 6-9.

1403 5786 1446 5815 ’⁷
1473 5785 1635 5840 Hebr.
1659 5803 1713 5848 ιι,
1744 5789 1831 5844 14.

196 5852 247 5887 ιο
274 5852 426 5910 Psal.
470 5862 589 5914 \‘ltl,
618 5849 672 5901 δ.
748 5849 944 5904 “iam.
983 5852 1106 5918 e-s;
1139 5852 1302 5911 llebr.
1335 5871 1392 5922 ιι,
1430 5857 1581 5928 0-3.,
1623 5858 1666 5889 ³·
1691 5860 1820 5915 ibid.
1855 5858 1908 5914 8.
1986 5849 2201 5919 “ibid:
2227 5867 2278 5920 9.

1909 3293 2027 3332 cens
2058 3294 2175 3342 nos,
2211 3280 2459 3348 quoniam
2491 3279 2710 3332 dubium
2745 3290 2860 3334 erat
2902 3299 2934 3334 a
2981 3299 3100 3336 voce
3138 3285 3316 3352 posita
3343 3286 3487 3353 apud

1908 3369 2114 3421 beatum
2167 3369 2361 3432 David,
2409 3371 2588 3423 intulit
2632 3387 2650 3424 :
2687 3391 2705 3423 ι
2753 3372 2920 3426 Paulo
2966 3383 3144 3430 autem
3195 3377 3378 3432 minus
3418 3382 3487 3430 ah

1906 3459 2116 3526 angelis
2155 3459 2484 3513 minoratum
2524 3461 2771 3515 videmus
2813 3460 3021 3527 Jesum,
3077 3476 3302 3536 propter
3359 3484 3485 3537 pas-

1906 3550 2114 3604 sionem
2168 3553 2360 3606 mortis
2413 3553 2582 3621 gloria
2638 3564 2692 3608 et
2747 3555 2957 3612 honore
2997 3569 3318 3613 coronatum
3356 3561 3420 3615 ³³.
3458 3583 3486 3614 ι

1907 3643 1967 3696 Si
2011 3645 2176 3713 igitur
2206 3661 2273 3698 ea:
2311 3645 2614 3716 Evangeliis
2661 3651 2872 3719 quidem
2926 3652 3222 3714 erudimur,
3268 3655 3338 3706 ad
3371 3654 3482 3706 οο.

1905 3734 2104 3788 minam
2137 3737 2336 3790 dixisse
2369 3737 2576 3791 beatum
2618 3739 2788 3794 David
2826 3743 3002 3795 omnia
3041 3759 3160 3811 qua:
3190 3755 3310 3796 sunt
3339 3747 3487 3814 psal-

1905 3826 2000 3891 mi,
2045 3836 2094 3880 et
2129 3837 2342 3891 ca'tera,
2394 3839 2449 3882 et.
2490 3830 2635 3898 quod
2679 3846 2890 3886 memor
2931 3849 3012 3897 es,
3066 3846 3114 3887 et
3169 3836 3384 3900 visitas,
3433 3847 3482 3890 et

1905 3920 2213 3984 niit'torasti,
2267 3932 2314 3975 et
2371 3923 2672 3990 subjecisti,
2736 3940 2802 3978 ex
2851 3926 3102 3992 Apostolo
3145 3945 3262 3981 vero
3291 3927 3479 3984 Jesum

1903 4031 2012 4068 esse
2035 4015 2310 4081 discimus,
2343 4016 2407 4068 de
2439 4032 2540 4080 quo
2570 4015 2784 4079 loquens
2813 4017 2984 4073 David
3011 4019 3160 4084 dicit,
3190 4023 3331 4091 quod
3365 4026 3482 4092 ejus

1903 4121 2103 4158 memor
2153 4115 2245 4169 est,
2289 4117 2335 4159 et
2377 4108 2517 4173 quod
2549 4124 2667 4161 eum
2697 4109 2945 4176 uisitauit,
2993 4113 3084 4164 sed
3128 4115 3286 4167 etiam
3334 4118 3476 4184 quod

1905 4194 2084 4247 omnia
2114 4194 2333 4264 subjecit
2373 4199 2439 4262 ei,
2481 4213 2600 4250 cum
2641 4199 2802 4267 paulo
2845 4200 3018 4254 minus
3049 4201 3113 4254 ab
3145 4204 3347 4272 angelis
3377 4209 3480 4259 mi-

1904 4297 2138 4339 norasset
2200 4305 2339 4353 eum,
2389 4301 2586 4343 cessate
2630 4289 2706 4343 vel
2769 4292 2857 4344 vix
2901 4292 3188 4362 aliquarqu
3229 4314 3260 4348 a
3308 4311 3479 4353 vestra

1900 4375 2248 4443 impudentia,
2289 4391 2657 4448 cognoscentes
2693 4382 2833 4450 quod
2855 4392 3074 4451 oportet.
3118 4383 3314 4440 Videtis
3335 4391 3476 4441 enim

1899 4468 2170 4522 hominum
2205 4471 2622 4536 sceleratissimi,
2653 4484 2852 4542 quanta
2882 4485 3194 4531 naturarum
3219 4489 3294 4533 est
3325 4481 3476 4551 di/fe-

1834 4581 1876 4636 [ι
1903 4559 2092 4623 rentia,
2123 4562 2264 4629 quod
2290 4561 2375 4614 hic
2400 4563 2607 4627 quidem
2639 4566 2965 4633 stupefactus
3001 4579 3099 4630 est,
3132 4570 3256 4637 quia
3284 4582 3331 4625 et
3366 4590 3476 4626 me-

1905 4667 2019 4703 mor
2051 4667 2162 4706 csse
2197 4653 2420 4707 hominis
2456 4656 2728 4724 dignatur,
2767 4666 2817 4709 et
2841 4657 3054 4713 visitare
3091 4677 3232 4728 eum,
3257 4677 3475 4719 caetero-

1903 4758 2120 4812 rumque
2152 4747 2455 4812 participem
2499 4748 2692 4817 facere,
2738 4766 2960 4818 quorum
3004 4767 3122 4805 eum
3167 4757 3475 4824 participem

1897 4835 2019 4901 fecit
2050 4852 2068 4890 :
2110 4837 2198 4890 ille
2225 4854 2340 4892 vero
2371 4856 2398 4892 e
2425 4843 2694 4896 contrario
2736 4845 2984 4913 miratur,
3018 4848 3159 4910 quod
3203 4859 3474 4904 tantorum

1902 4927 2161 4995 particeps
2199 4945 2308 4983 esse
2345 4946 2506 4998 supra
2550 4949 2701 4986 suam
2740 4949 2986 4991 naturam
3027 4942 3218 4994 meruit
3258 4959 3278 4996 :
3309 4952 3357 4995 et
3390 4944 3480 4996 hic

1901 5020 2111 5086 quidem
2172 5031 2420 5092 tanquam
2480 5024 2788 5094 bene/icium
2829 5031 2961 5085 dans
3011 5034 3362 5102 miriﬁcatur,
3423 5047 3476 5090 et

1900 5128 2092 5181 magna
2131 5127 2413 5183 prwstans,
2459 5128 2507 5172 et
2551 5136 2711 5187 supra
2738 5135 2988 5177 naturam
3026 5126 3141 5194 ejus
3166 5129 3254 5190 qui
3285 5146 3473 5182 consc-

1895 5205 2078 5273 quitur
2132 5206 2440 5276 bene/icium
2488 5225 2508 5262 ε
2558 5213 2648 5267 ille
2689 5230 2808 5268 vero
2858 5226 3108 5285 tauquam
3164 5221 3470 5288 bene/icium

1898 5310 2234 5365 consequens,
2285 5309 2333 5352 et
2379 5301 2614 5371 majora,
2663 5320 2819 5373 quam
2847 5316 2944 5372 est,
2982 5309 3046 5360 ab
3076 5323 3135 5362 eo
3157 5310 3468 5378 suscipiens.

2548 5429 2823 5471 CYRILLUS.

1972 5519 2148 5577 Sobrii
2199 5532 2375 5580 estote
2417 5525 2460 5557 ³⁵
2509 5527 2646 5581 ebrii
2689 5544 2754 5582 ex
2788 5531 2916 5584 vino
2946 5546 3155 5598 eorum,
3205 5534 3471 5588 declamet

1899 5612 2096 5682 aliquis
2125 5613 2203 5669 sic
2233 5617 2544 5672 errantibus
2573 5641 2584 5672 :
2611 5638 2626 5670 t
2655 5619 2894 5690 lmpoue,
2929 5623 3108 5689 homo,
3147 5634 3248 5678 tute
3278 5624 3476 5694 lingua

1909 5791 1954 5823 ³⁸
1972 5789 2127 5875 {eam
2152 5808 2201 5875 _t,
2361 5867 2394 5875 υ
2431 5797 2642 5875 _”_Psal.
2674 5814 2782 5875 Lvi,
2811 5799 2873 5869 7;
2911 5818 3094 5868 cxux,
3125 5801 3195 5875 6_;
3228 5818 3374 5866 om,
3398 5802 3452 5858 4.

2337 5867 2446 5942 νθδι
2477 5869 2622 5924 Petr.
2655 5886 2704 5935 v,
2740 5873 2792 5925 8.
