4000 6326
523 433 662 490 Ηλιὸ

1558 432 1616 488 S.
1656 430 1934 489 CYHILLI
1968 429 2439 488 ALEXANDRINI
2475 428 2796 487 ARCHIEP.

3658 424 3797 482 14M

519 553 718 607 ostium
770 558 825 605 et
877 564 1049 606 seram
1089 549 1135 581 ⁸⁵
1170 569 1182 605 :
1219 563 1373 605 cessa
1421 563 1592 605 cornu
1654 552 1709 606 in
1761 551 2103 606 altitudinem
2136 555 2177 609 Α
2204 550 2339 604 duos
2373 549 2514 616 ﬁlios
2548 549 2803 604 dicemus.
2834 546 2941 604 Sed
2963 563 3081 602 ecce
3111 554 3159 601 et
3194 544 3371 600 Filius
3413 545 3593 600 dictus
3622 556 3704 600 est
3738 547 3794 598 in

519 640 806 707 extollens,
822 646 875 694 et
895 639 1119 710 loquens
1138 641 1481 711 iniquitatem
1500 641 1789 695 adversum
1813 642 1975 697 Deum
1996 640 2061 695 ³⁸.
2075 659 2094 691 ι

520 730 817 800 Quousque
850 731 1081 787 insultas
1108 732 1333 801 patienti
1366 730 1628 787 Christo?
1657 730 1714 786 In
1749 743 1929 787 mente
1959 732 2101 788 habe

518 823 661 892 quod
696 823 958 892 scriptum
999 832 1084 878 est
1113 838 1143 878 a
1168 823 1351 879 divino
1384 823 1550 879 Paulo
1585 842 1597 878 :
1643 843 1660 875 ε
1703 823 1794 879 Sic
1824 840 1953 879 vero
1978 840 2102 894 pec-

521 924 712 969 cantes
740 915 792 969 in
833 915 1054 979 fratres,
1102 925 1159 970 et
1207 915 1575 984 percutientes
1603 930 1792 970 eorum
1828 915 2099 970 inﬁrmam

482 996 933 1074 'conscientiam,
991 1008 1043 1061 in
1099 1006 1374 1062 Christum
1425 1009 1666 1078 peccatis
1715 1008 1783 1062 ³⁷.
1844 1028 1863 1060 ι
1923 1008 1987 1061 Et
2042 1016 2102 1062 ut

519 1098 723 1167 aliquid
776 1100 942 1154 etiam
997 1115 1065 1154 ex
1125 1100 1461 1169 propheticis
1519 1100 1714 1170 loquar
1774 1100 2095 1155 codicibus:

525 1209 544 1242 ι
578 1189 885 1247 iustiﬁcata
928 1203 1058 1247 sunt
1088 1191 1326 1248 Sodoma
1353 1209 1417 1247 ex
1453 1202 1526 1258 te,
1560 1194 1831 1261 superasti
1862 1206 2099 1261 pagano-

521 1299 639 1337 rum
670 1285 1053 1349 verbositates,
1104 1301 1242 1356 quas
1286 1284 1530 1340 fecerunt
1566 1295 1756 1339 contra
1791 1283 2095 1347 Christum,

519 1376 801 1432 stultitiam
875 1377 1249 1431 existimantes
1305 1392 1521 1432 crucem
1572 1376 1641 1441 ³⁸,
1698 1395 1717 1427 ι
1784 1370 1917 1430 nihil
1975 1390 2100 1429 esse

518 1471 801 1525 ostendisti
868 1467 1110 1524 Iudaica:
1176 1470 1442 1539 superbiae
1507 1469 1760 1523 crimina.
1825 1466 2100 1521 Minorare

518 1562 823 1629 praesumis,
866 1571 920 1616 et
955 1563 1096 1630 quod
1123 1562 1190 1617 ad
1241 1573 1291 1615 te
1343 1562 1597 1631 pertinet,
1637 1558 1881 1614 detrahis
1915 1558 1981 1612 ad
2020 1558 2101 1612 iu-

518 1650 738 1704 famiam
784 1666 905 1704 eum
948 1652 1039 1720 qui
1091 1666 1357 1720 supernas
1405 1651 1562 1705 sedes
1595 1649 1878 1712 concedet,
1907 1659 1961 1701 et
1995 1663 2098 1701 una

517 1758 641 1797 cum
671 1742 778 1798 Deo
805 1751 858 1796 et
890 1742 1052 1796 Patre
1074 1743 1319 1796 eamdem
1348 1742 1530 1796 sedem
1570 1742 1751 1796 habet.
1790 1741 1923 1795 Eum
1954 1742 2098 1795 enim

517 1836 609 1904 qui
634 1851 699 1890 ex
723 1835 953 1889 mortuis
987 1835 1311 1901 resurrexit,
1345 1834 1397 1888 in
1427 1835 1648 1890 sedibus
1672 1835 1888 1889 deitatis
1910 1835 2100 1889 sedere

518 1927 650 1981 dicit
715 1925 1155 1995 sapientissimus
1212 1925 1433 1980 Paulus.
1488 1925 1636 1979 Dixit
1704 1927 1887 1991 enim,
1954 1941 2059 1994 quo

522 2038 543 2070 ι
584 2018 743 2072 talem
784 2017 1044 2072 habemus
1075 2017 1373 2086 principem
1409 2018 1775 2081 sacerdotum,
1821 2016 1912 2086 qui
1949 2016 2101 2071 sedet

516 2109 571 2164 in
614 2110 835 2163 dextera
880 2109 1026 2163 sedis
1081 2107 1386 2175 maiestatis
1429 2108 1482 2162 in
1529 2108 1766 2163 excelsis
1794 2108 1860 2175 ³³,
1891 2108 1984 2176 qui
2014 2116 2099 2162 est

515 2216 681 2271 super
728 2216 945 2254 omnem
981 2198 1372 2269 Principatum,
1428 2212 1483 2254 et
1509 2199 1867 2266 Potestatem,
1901 2209 1954 2254 et
1990 2200 2099 2256 Do-

518 2295 891 2359 minationem,
927 2303 982 2347 et
1016 2308 1210 2349 nomen
1241 2294 1381 2363 quod
1416 2295 1749 2358 nominatur,
1777 2309 1883 2348 non
1918 2294 2095 2348 solum

524 2388 579 2442 in
610 2387 713 2442 hoc
747 2385 968 2451 saaculo,
1010 2386 1103 2439 sed
1151 2394 1206 2438 et
1245 2385 1297 2438 in
1337 2385 1517 2438 futuro
1549 2383 1616 2438 ‘°.
1651 2383 1913 2439 Flectitur
1954 2384 2099 2439 enim

519 2478 569 2533 ei
602 2492 762 2532 omne
805 2491 968 2547 genu,
1018 2484 1073 2530 et
1123 2475 1304 2529 omnis
1361 2475 1541 2546 lingua
1599 2476 1909 2541 confitetur,
1959 2475 2102 2544 quod

520 2568 781 2622 Dominus
813 2566 979 2621 Jesus
1016 2566 1266 2620 Christus
1297 2566 1348 2618 in
1374 2566 1545 2635 gloria
1579 2574 1664 2621 est
1702 2566 1793 2620 Dei
1825 2565 2003 2620 Patris
2031 2564 2097 2619 “.

518 2660 586 2715 Et
612 2660 736 2728 quis
776 2667 859 2713 est
903 2658 996 2727 qui
1032 2659 1085 2712 in
1124 2657 1210 2711 his
1249 2666 1335 2712 est
1369 2667 1626 2726 tanquam
1671 2656 1855 2712 Deus?
1897 2657 2097 2711 lterum

515 2752 657 2805 idem
699 2750 812 2819 ipse
857 2747 1187 2816 explanavit,
1220 2747 1310 2817 qui
1338 2746 1456 2815 ejus
1488 2747 1873 2817 mysteriorum
1903 2762 2092 2802 sacer-

516 2842 615 2897 dos
654 2849 758 2894 est.
804 2838 953 2893 Dixit
976 2840 1142 2902 enim,
1171 2840 1312 2907 quod
1348 2856 1366 2888 ι
1400 2838 1707 2893 exinanivit
1731 2838 1992 2908 seipsum,
2035 2838 2089 2893 in

516 2928 870 2985 similitudine
913 2928 1153 2984 hominis
1198 2926 1377 2983 factus
1425 2939 1528 2991 est,
1578 2938 1633 2983 et
1684 2929 1737 2983 in
1786 2928 1973 2984 habitu
2016 2928 2101 2984 ln-

515 3030 712 3078 ventus
738 3032 997 3090 tanquam
1051 3021 1253 3076 homo:
1295 3008 1348 3075 et
1385 3021 1692 3075 humiliavit
1747 3022 1986 3091 seipsum
2020 3021 2099 3075 fa-

516 3124 637 3168 ctus
668 3112 926 3167 obediens
976 3127 1149 3181 usque
1200 3114 1265 3166 ad
1319 3126 1588 3180 mortem,
1644 3120 1873 3168 mortem
1918 3124 2096 3170 autem

515 3206 697 3259 crucis
722 3203 787 3257 θ’.
826 3202 1089 3259 Flectitur
1135 3205 1298 3273 igitur
1336 3220 1498 3258 omne
1527 3220 1666 3276 genu
1702 3205 2005 3261 caelestium
2038 3215 2095 3261 et

519 3297 861 3352 terresrrium
905 3305 960 3351 et
993 3297 1293 3351 inferorum
1325 3298 1374 3352 ei
1410 3298 1499 3368 qui
1536 3313 1754 3353 crucem
1788 3298 2089 3353 sustinuit:

516 3403 677 3459 quem
718 3388 866 3458 puris
910 3398 963 3443 et
1001 3387 1131 3442 solis
1164 3388 1516 3443 humanitatis
1546 3389 1816 3444 mensuris
1843 3389 2094 3458 injiciens

516 3481 888 3542 adversarius,
948 3480 1263 3533 memoriam
1307 3488 1361 3534 et
1410 3481 1778 3534 visitationem
1825 3480 2093 3535 meruisse

520 3572 650 3625 dicit
680 3585 707 3624 a
744 3570 850 3625 Deo
881 3571 1078 3635 Verbo,
1107 3586 1227 3624 cum
1259 3579 1407 3625 certe
1435 3582 1648 3640 oportet
1678 3575 1821 3626 scire
1849 3581 1902 3625 et
1931 3587 2091 3641 sape-

521 3678 601 3726 re,
638 3663 778 3731 quod
810 3678 914 3716 non
941 3662 1076 3716 alter
1097 3661 1241 3717 Deus
1278 3662 1513 3717 Verbum
1541 3673 1660 3717 erat
1691 3673 1887 3733 praeter
1912 3664 2089 3731 ipsum

520 3754 690 3808 Filius
729 3755 1020 3822 separatim
1071 3764 1126 3808 et
1177 3768 1272 3823 per
1323 3764 1554 3822 partem,
1607 3755 1697 3822 qui
1756 3772 1824 3809 ex
1883 3756 2094 3810 semine

523 3844 713 3908 David,
746 3845 886 3898 sicut
933 3845 1083 3909 dicit,
1135 3845 1338 3898 homo:
1378 3844 1472 3898 sed
1529 3856 1647 3899 erat
1706 3844 1821 3914 ipse
1864 3859 1930 3899 ex
1982 3844 2094 3899 Deo

518 3932 679 3988 Patre
713 3934 854 3989 Deus
901 3935 1158 3997 Verbum,
1208 3934 1381 3989 factus
1418 3936 1715 3990 secundum
1759 3951 1881 4000 nos,
1928 3936 2093 3992 homo

514 4025 788 4089 videlicet,
820 4034 872 4078 et
911 4041 1015 4079 non
1052 4026 1215 4079 alium
1246 4028 1536 4093 quemdam
1576 4028 1756 4097 magis
1804 4042 1966 4097 quam
2004 4042 2094 4082 se-

520 4118 695 4187 ipsum
723 4116 1031 4171 visitatioue
1056 4125 1110 4170 et
1135 4118 1393 4171 memoria
1417 4117 1663 4186 dignans.

994 4254 1049 4308 8.
1084 4251 1149 4305 Et
1173 4269 1237 4306 ex
1265 4254 1445 4307 eodem
1477 4254 1631 4308 libro.

1134 4383 1472 4423 THEODOBUS.

585 4504 875 4560 Cessabunt
889 4504 1009 4572 jam
1032 4503 1096 4556 ab
1118 4504 1420 4571 impudente
1452 4519 1627 4573 pugna
1649 4504 1674 4558 7
1694 4503 1940 4557 desistent
1970 4521 2090 4559 vero

515 4614 647 4651 rana
673 4597 1028 4658 contentione,
1058 4595 1420 4648 erubescentes
1444 4596 1711 4648 dictorum
1738 4595 2091 4649 evidentiam?
2123 4630 2166 4684 ο

515 4690 714 4744 Multos
750 4691 914 4752 enim,
938 4689 1084 4754 dicit,
1113 4689 1254 4753 ﬁlios
1287 4689 1340 4742 in
1375 4688 1597 4757 gloriam
1626 4689 1918 4741 ducentem.
1956 4687 2089 4742 Ecce

515 4783 682 4851 igitur
721 4782 777 4833 in
823 4781 1028 4834 ratione
1076 4780 1351 4847 ﬁliationis
1398 4797 1778 4834 connumerans
1809 4781 2094 4849 Apostolus

514 4884 727 4940 apparet
762 4882 1086 4939 assumptum
1122 4873 1384 4925 hominem
1420 4874 1645 4937 creteris,
1671 4888 1773 4925 non
1802 4874 2088 4926 secundum

514 4964 651 5033 quod
687 4962 932 5014 similiter
978 4960 1084 5012 illis
1116 4960 1397 5028 ﬁliationis
1445 4961 1707 5027 particeps
1745 4970 1842 5023 est,
1891 4962 1982 5013 sed
2005 4977 2089 5013 se-

514 5054 740 5107 cundum
780 5052 921 5121 quod
951 5051 1197 5104 similiter
1220 5054 1448 5120 gratiam
1473 5051 1759 5118 assumpsit
1787 5050 2085 5118 filiationis,

512 5145 708 5197 deitate
743 5144 857 5196 sola
892 5142 1187 5195 naturalem
1217 5142 1526 5210 ﬁliationem
1546 5142 1859 5210 possidente.
1878 5141 2087 5196 Certum

513 5238 654 5290 enim
688 5245 766 5289 est
798 5235 954 5301 illud,
990 5236 1130 5303 quod
1154 5235 1431 5303 ﬁliationis
1451 5235 1619 5303 gloria
1650 5244 1843 5303 prwter
1872 5244 2088 5288 ca’teros

510 5328 744 5381 homines
790 5329 917 5380 inest
956 5327 1002 5379 ei
1038 5328 1298 5393 pra'cipue
1345 5341 1436 5393 per
1477 5327 1731 5378 unitatem
1770 5341 1887 5393 qua:
1913 5336 1986 5377 est
2017 5325 2084 5376 ad

511 5420 678 5471 illum.
716 5417 862 5471 Unde
903 5428 949 5471 et
991 5418 1046 5469 in
1094 5418 1207 5484 ipsa
1239 5433 1361 5469 voce
1401 5416 1732 5484 signiﬁcante
1766 5414 1987 5478 Filium,
2020 5416 2087 5467 si-

512 5511 709 5564 militer
738 5512 897 5565 etiam
941 5508 1030 5562 ille
1066 5508 1544 5576 comprehenditur.
1600 5506 1703 5561 Sed
1730 5510 2084 5561 sermocinan-

512 5610 598 5652 tur
644 5602 712 5653 ad
747 5615 878 5654 nos:
924 5599 983 5653 Si
1006 5604 1109 5653 duo
1136 5599 1368 5669 perfecta
1396 5599 1574 5651 dicitis
1621 5599 1763 5651 omni
1808 5600 1985 5663 modo,
2036 5607 2082 5650 et

2201 642 2381 695 divina
2423 642 2705 708 Scriptura
2750 655 2845 710 per
2895 641 3147 709 seipsum,
3200 640 3482 694 divinitate
3536 648 3786 706 excepta,

2204 734 2413 789 cwteris
2456 734 2755 788 hominibus
2791 742 3216 797 connumeratus,
3273 740 3320 785 et
3372 748 3476 785 non
3506 730 3629 801 jam
3658 733 3794 785 duos

2200 821 2423 875 dicimus
2464 821 2625 890 ﬁlios.
2681 820 2829 875 Unde
2869 838 2987 877 vero
3041 819 3209 875 Filius
3251 822 3307 874 in
3345 822 3682 889 confessione
3714 833 3791 875 est

2193 912 2361 982 juste,
2403 915 2653 980 quoniam
2709 923 3021 967 naturarum
3049 913 3237 967 divisio
3290 914 3592 967 necessario
3641 914 3794 967 debet

2200 1019 2523 1071 permanere,
2580 1014 2627 1058 et
2679 1020 2915 1075 persona:
2974 1005 3142 1059 unitio
3181 1004 3571 1074 indissipabilis
3604 1016 3793 1060 custo-

2201 1094 2327 1147 diri.

2846 1225 3124 1267 CYRILLUS.

2274 1338 2434 1410 Papae
2468 1340 2774 1396 insaniam!
2815 1340 3090 1413 Ignoravit
3132 1340 3480 1395 omnifariam
3529 1340 3787 1394 altitudi-

2202 1448 2324 1488 nem
2355 1434 2597 1503 mysterii
2635 1433 2862 1497 Christi,
2899 1433 2993 1502 qui
3043 1434 3115 1487 ita
3154 1433 3365 1502 frigidis
3391 1442 3445 1487 et
3477 1433 3793 1502 puerilibus

2200 1524 2380 1579 verbis
2411 1522 2647 1579 conﬁsus
2683 1533 2786 1578 est.
2835 1523 2988 1588 Quod
3041 1534 3220 1577 autem
3266 1533 3320 1578 et
3360 1524 3561 1592 prolati
3596 1525 3791 1593 scripti

2202 1616 2453 1669 virtutem
2492 1615 2713 1671 minime
2769 1616 3043 1684 intelligit,
3084 1626 3289 1671 rectam
3346 1630 3477 1670 vero
3521 1616 3790 1669 semitam

2202 1706 2458 1769 declinat,
2499 1716 2554 1761 et
2596 1706 2926 1762 transfertur
2968 1708 3161 1762 iterum
3212 1708 3265 1762 in
3313 1707 3648 1762 sceleratam
3688 1709 3794 1763 sibi

2202 1800 2541 1870 propositam
2593 1801 2976 1865 intentionem,
3035 1801 3220 1856 statim
3279 1799 3572 1856 docemus.
3634 1800 3794 1866 Quod

2064 1926 2098 1980 ἀ
2131 1899 2172 1954 Β
2201 1892 2345 1945 enim
2373 1902 2501 1947 ante
2534 1895 2719 1947 omnia
2761 1894 3000 1949 studium
3036 1894 3084 1949 ei
3123 1902 3228 1958 est,
3261 1909 3457 1964 purum
3489 1895 3661 1950 nobis
3696 1896 3799 1949 bo—

2203 1982 2407 2037 minem
2437 1982 2575 2038 velle
2598 1986 2982 2039 demonstrare
3021 2000 3399 2041 consessorem
3425 1986 3609 2055 Patri,
3644 1998 3701 2041 et
3727 1989 3796 2043 ab

2204 2076 2459 2130 universa
2489 2086 2743 2131 creatura
2783 2087 3040 2147 tanquam
3077 2078 3245 2133 Deum
3270 2079 3643 2146 adorandum,
3677 2080 3797 2150 ipse

2202 2165 2359 2221 testis
2400 2166 2754 2236 ingredietur.
2780 2166 2878 2222 llis
2920 2169 3065 2223 enim
3095 2169 3185 2237 qui
3221 2170 3522 2224 secundum
3549 2172 3798 2241 gratiam

2202 2254 2300 2311 ﬁlii
2346 2266 2515 2323 sunt,
2564 2266 2620 2312 et
2672 2259 2920 2314 humanae
2987 2259 3318 2314 multitudini
3377 2274 3800 2317 connumerans

2201 2362 2345 2411 eum,
2385 2347 2547 2403 Verbi
2573 2349 2828 2405 deitatem
2856 2350 3026 2405 solam
3064 2367 3205 2406 vera:
3237 2351 3522 2407 ﬁliationis
3556 2353 3798 2423 gloriam

2202 2441 2403 2497 habere
2446 2443 2746 2510 contendit,
2790 2459 2927 2514 pene
2967 2446 3132 2500 etiam
3181 2445 3475 2516 increpans
3513 2462 3652 2502 eum
3703 2448 3799 2516 qui

2202 2544 2425 2605 propter
2445 2550 2543 2591 nos
2573 2536 3003 2591 exinanitinnem
3036 2538 3145 2606 pati
3182 2536 3355 2592 voluit
3388 2557 3402 2593 :
3440 2539 3528 2592 vel
3558 2538 3799 2593 forsitan

2200 2627 2364 2681 etiam
2416 2628 2686 2699 objiciens
2737 2629 3081 2684 inhonestam
3122 2645 3276 2685 suam
3326 2630 3671 2684 dementiam
3710 2632 3800 2683 di-

2201 2718 2413 2789 scipulo
2453 2720 2658 2781 dicenti
2691 2739 2704 2775 :
2742 2737 2762 2772 r
2798 2720 2863 2774 Et
2889 2719 3124 2776 Verbum
3157 2737 3285 2777 caro
3315 2721 3519 2776 factum
3557 2734 3648 2778 est
3672 2723 3745 2775 “.
3772 2740 3792 2773 ι

2203 2809 2495 2865 Sciendum
2529 2810 2693 2880 igitur
2728 2811 2895 2880 quod,
2926 2811 3051 2867 licet
3074 2829 3262 2882 .unum
3292 2812 3494 2867 alicubi
3520 2814 3705 2877 dicat,
3747 2824 3802 2867 et

2200 2915 2305 2954 non
2344 2902 2517 2973 magis
2546 2902 2688 2957 duos
2724 2902 2883 2968 ﬁlios,
2919 2903 3144 2972 eiiciens
3173 2905 3393 2960 omnino
3440 2920 3573 2960 esse
3620 2907 3791 2961 Deum

2200 3000 2255 3046 ct
2285 2991 2480 3047 Filium
2507 3009 2653 3061 eum,
2698 2996 2789 3065 qui
2825 2996 2967 3051 sicut
2996 2997 3110 3067 ipse
3134 2997 3283 3063 dicit,
3330 2997 3395 3050 de
3443 2997 3671 3052 semine
3708 3010 3795 3053 est

2200 3083 2412 3152 David;
2472 3085 2538 3140 ad
2591 3086 2766 3140 solum
2827 3087 2998 3143 refert
3050 3088 3218 3142 Deum
3268 3087 3513 3143 Verbum
3575 3091 3675 3159 qui
3730 3104 3800 3144 ex

2202 3176 2316 3231 Deo
2347 3175 2510 3232 Patre
2551 3188 2659 3243 est,
2710 3193 2851 3233 verae
2897 3180 3176 3236 ﬁliationis
3221 3181 3478 3251 gloriam.
3512 3182 3639 3238 Hoc
3671 3199 3800 3237 vero

2123 3259 2165 3318 C
2200 3269 2334 3323 nihil
2388 3270 2533 3324 aliud
2580 3281 2687 3335 est,
2743 3272 2887 3327 sicut
2941 3274 3075 3338 dixi,
3131 3288 3287 3343 quam
3341 3289 3451 3328 non
3508 3279 3797 3347 suscipere

2201 3362 2422 3415 modum
2480 3362 2836 3418 humanitatis
2884 3384 2897 3420 :
2958 3366 3181 3420 omnino
3236 3377 3416 3422 autem
3470 3368 3797 3424 interimere

2201 3452 2683 3521 dispensationem,
2725 3470 2821 3525 per
2852 3471 3014 3525 quam
3044 3465 3099 3512 et
3143 3456 3278 3512 salvi
3309 3456 3440 3513 facti
3470 3474 3696 3523 sumus.
3737 3473 3791 3515 et

2199 3558 2431 3600 mortem
2476 3554 2531 3601 et
2580 3557 2864 3615 peccatum
2923 3549 3315 3617 transivimus,
3374 3558 3437 3605 et
3493 3553 3793 3609 diabolica:

2199 3636 2443 3692 avaritia:
2475 3638 2663 3709 jugum
2691 3639 3061 3709 deposuimus.

2706 3774 2759 3830 9.
2793 3775 2878 3831 Ea;
2910 3778 3091 3831 eodem
3124 3776 3278 3833 libro.

2820 3928 3153 3970 THEODORUS.

2273 4047 2441 4103 Nemo
2471 4049 2699 4115 arti/icio
2732 4050 3198 4118 interrogationum
3233 4052 3559 4118 decipiatur.
3602 4054 3796 4127 Flagi-

2198 4141 2391 4193 tiosum
2432 4142 2572 4194 enim
2609 4151 2715 4205 est,
2768 4142 3023 4208 deponere
3069 4144 3275 4213 quidem
3320 4148 3528 4198 tantam
3582 4150 3792 4201 testium

2198 4234 2416 4299 nubem,
2460 4235 2745 4287 secundum
2778 4234 2918 4304 quod
2965 4235 3243 4303 Apostolus
3288 4236 3426 4289 dixit
3470 4237 3562 4303 “,
3605 4243 3794 4293 astulis

2198 4331 2371 4374 autem
2440 4324 2941 4393 interrogationibus
3019 4326 3291 4393 deceptos,
3356 4326 3793 4383 aduersariorum

2196 4415 2333 4481 parti
2363 4415 2632 4484 conjungi.
2669 4416 2801 4480 Quia
2831 4434 2947 4472 vero
2975 4428 3115 4482 sunt,
3141 4435 3257 4487 quia
3296 4435 3413 4472 cum
3463 4431 3591 4475 arte
3632 4424 3793 4475 inter-

2196 4506 2420 4573 rogant?
2461 4504 2705 4561 Hominis
2749 4509 2980 4576 genitrix
3021 4508 3218 4574 Maria,
3260 4527 3328 4563 an
3376 4509 3477 4563 Dei
3508 4514 3791 4581 genitrix.’

2196 4593 2287 4661 Et,
2320 4597 2408 4666 qui
2441 4598 2722 4665 cruciﬁxus
2750 4610 2825 4654 est
2845 4639 2861 4664 ,
2890 4610 3067 4653 utrum
3114 4601 3255 4656 Deus
3275 4641 3291 4665 ,
3338 4617 3408 4656 an
3440 4604 3653 4659 homo?
3685 4604 3791 4658 Sed

2194 4686 2416 4738 istorum
2456 4688 2663 4756 quidem
2698 4699 2840 4742 certa
2887 4701 2963 4743 est
3011 4692 3266 4745 absolutio
3304 4702 3353 4747 et
3398 4709 3466 4746 ea:
3522 4696 3613 4749 Iris
3671 4713 3791 4762 qua

2191 4779 2535 4846 prwdiximus
2594 4780 2651 4833 in
2703 4785 2998 4849 responsis,
3053 4801 3169 4852 qua:
3214 4785 3283 4837 ad
3334 4786 3788 4859 interrogationes

2192 4869 2407 4937 fuerunt
2439 4886 2457 4923 :
2488 4881 2661 4926 tamen
2689 4890 2805 4927 vero
2830 4874 3061 4940 dicatur,
3096 4886 3144 4929 et
3165 4875 3281 4944 jam
3307 4892 3465 4943 nunc,
3488 4896 3621 4948 quae
3646 4897 3791 4934 corn-

2190 4963 2435 5029 pendiose
2484 4966 2795 5033 respondere
2837 4976 3073 5032 oportet,
3135 4977 3190 5021 ut
3236 4970 3385 5022 nulla
3442 4972 3523 5024 eis
3579 4976 3787 5026 occasio

2191 5056 2404 5108 astutia:
2433 5055 2778 5126 relinquatur.
2804 5058 2935 5112 Cum
2968 5058 3131 5129 igitur
3162 5061 3514 5131 interrogant,
3552 5066 3787 5118 hominis

2190 5146 2439 5213 genitrix,
2468 5164 2537 5201 an
2560 5148 2659 5201 Dei
2681 5150 2909 5218 genitrix
2935 5160 3009 5203 est
3040 5149 3217 5205 Maria
3243 5153 3264 5206 ?
3288 5154 3507 5206 dicatur
3541 5173 3576 5208 a
3612 5159 3785 5218 nobis,

2191 5234 2473 5305 Utraque:
2523 5254 2684 5292 unum
2735 5241 2943 5308 quidem
3002 5250 3195 5295 natura
3236 5245 3329 5307 rei,
3375 5244 3615 5297 alterum
3666 5265 3785 5300 vero

2189 5330 2464 5385 relatione.
2521 5330 2765 5386 Hominis
2811 5335 2948 5387 enim
2996 5336 3231 5405 genitria:
3275 5344 3351 5389 est
3403 5341 3781 5402 naturaliter,

2188 5420 2434 5484 quoniam
2466 5421 2617 5474 homo
2645 5434 2758 5475 erat
2792 5424 2848 5478 in
2881 5434 3027 5478 utero
3055 5424 3270 5488 Marica,
3298 5427 3390 5496 qui
3417 5439 3465 5481 et
3496 5430 3630 5483 inde
3660 5449 3784 5495 pro-

2188 5508 2341 5560 cessit
2374 5524 2391 5561 :
2422 5507 2520 5562 Dei
2565 5522 2737 5563 autem
2786 5515 3045 5582 genitrit,
3084 5516 3334 5583 quoniam
3367 5516 3517 5572 Deus
3570 5531 3690 5572 erat
3734 5536 3783 5573 ra

2188 5600 2396 5655 homine
2451 5613 2607 5667 nato,
2662 5622 2763 5658 non
2808 5609 2863 5659 in
2911 5623 2970 5662 eo
3024 5609 3449 5679 circumscriptus
3484 5620 3779 5668 secundum

582 5778 1049 5861 "Al’sal1_cl.t.,'_5.
1122 5776 1161 5811 ‘°
1186 5776 1447 5861 μικρῇ-5,
1483 5777 1544 5861 t3:
1586 5776 1697 5861 .f"'|
1728 5776 1855 5861 Cor.
1887 5776 2127 5861 vuln“,
2167 5776 2251 5829 12.
2276 5849 2288 5861 ι
2317 5779 2373 5861 ,³⁸
2398 5779 2592 5861 Pisech.
2625 5797 2735 5845 xvr,
2773 5782 2862 5838 52.
2943 5784 2986 5819 ³⁹
3013 5785 3176 5844 Hebr.
3210 5801 3327 5855 vm,
3361 5788 3411 5843 Ι.
3496 5790 3545 5824 ⁸⁸
3570 5790 3771 5861 Epiros.

543 5848 703 5915 κει.
781 5848 821 5881 ιι
854 5848 1081 5917 Philipp.
1114 5864 1173 5914 ιι,
1212 5849 1408 5915 t0,ll.
1491 5847 1533 5879 υ
1562 5848 1694 5903 ibid.
1728 5849 1778 5915 7,
1809 5848 1861 5901 8.

1940 5850 1985 5881 ⁸³
2009 5848 2159 5904 Joan.
2195 5864 2234 5914 ι,
2272 5849 2354 5904 Η.

2433 5851 2665 5923 “diem,
2700 5869 2795 5922 xu,
2838 5856 2885 5910 l.
