4000 6326
692 376 715 403 δ

202 448 203 451 η
234 412 356 469 Ηιὸ

233 626 455 681 luntatis.
490 620 674 690 Itaque
704 627 922 685 utraque
948 613 1157 682 quidem
1190 612 1294 665 dici
1314 612 1522 679 justum
1552 620 1650 674 est,
1687 625 1791 663 non

232 728 392 772 autem
423 715 706 767 secundum
745 706 967 761 similem
1005 707 1279 757 rationem.
1326 703 1435 757 Nec
1482 703 1618 756 enim
1651 705 1788 756 sicut

232 812 370 862 homo
403 806 455 858 in
490 813 637 857 utero
668 810 723 855 ut
752 808 881 854 esset
908 797 1131 864 suscepit
1181 795 1413 857 initium,
1441 795 1517 847 sic
1555 802 1606 847 et
1652 792 1790 846 Deus

245 898 473 953 Verbum.
518 892 651 947 Erat
684 892 821 946 enim
848 899 972 943 ante
1002 903 1205 941 onmem
1234 894 1552 939 creaturam.
1600 883 1790 955 Itaque

232 999 274 1044 et
295 997 511 1057 utraque
533 984 635 1038 dici
650 983 858 1052 justum
891 988 987 1042 est,
1017 987 1065 1032 et
1095 986 1368 1046 utrumque
1397 992 1577 1030 eorum
1606 991 1791 1029 secun-

233 1084 343 1134 dum
367 1079 631 1149 propriam
658 1074 939 1128 rationem.
971 1068 1121 1124 Idem
1157 1080 1331 1123 autem
1376 1069 1790 1137 respondendum

233 1184 275 1227 et
313 1173 357 1226 si
408 1174 754 1239 interrogant,
796 1164 936 1219 Deus
990 1162 1273 1229 cruciﬁxus
1327 1170 1423 1224 est,
1474 1178 1542 1214 an
1594 1160 1791 1213 homo?

233 1264 362 1335 quod
388 1270 609 1331 utraque
633 1258 867 1327 quidem,
899 1272 1002 1309 non
1035 1264 1206 1307 autem
1234 1254 1519 1306 secundum
1573 1251 1790 1307 similem

235 1358 496 1412 rationem.
534 1351 673 1406 Nam
707 1351 790 1404 hic
828 1350 1034 1420 quidem
1075 1346 1358 1412 cruciﬁxus
1399 1352 1498 1407 est,
1535 1351 1709 1410 utpote
1741 1350 1789 1395 et

233 1449 515 1519 passionem
544 1444 848 1511 suscipiens,
880 1451 929 1495 et
962 1442 1101 1509 ligno
1137 1439 1343 1508 aﬂixus,
1382 1445 1432 1489 et
1478 1437 1542 1488 ab
1586 1433 1790 1488 Judteis

232 1543 460 1595 detentus
480 1554 505 1591 ξ
540 1538 628 1591 ille
652 1545 851 1599 autem,
891 1532 1029 1604 quod
1067 1540 1177 1586 erat
1207 1545 1326 1584 cum
1364 1528 1474 1597 ipso
1503 1527 1790 1581 secundum

231 1628 527 1701 praedictam
554 1641 789 1680 causam.

865 1749 1142 1792 CYRILLUS.

1416 397 1837 455 FRAGMENTA
1879 393 2296 450 DOGMATICA.

235 547 485 597 naturam,
515 530 604 584 sed
632 524 769 599 quod
805 525 860 578 in
890 538 951 578 eo
980 530 1054 575 est
1089 520 1373 575 secundum
1408 520 1655 589 aﬂ'ectum
1704 536 1793 572 υο-
1824 523 1870 577 Α

3323 382 3461 442 ίμϐ

2536 522 2815 565 ργηιιιυε.

1961 646 2227 701 Insaniam
2263 644 2423 712 igitur
2449 656 2571 698 esse
2609 642 2777 703 dicis.
2807 637 2944 694 velle
2977 651 3169 708 sapere
3196 645 3377 703 recte,
3408 644 3465 693 et

1892 740 1944 795 iu
1978 749 2157 794 mente
2190 738 2389 793 habere
2417 750 2599 789 veram
2632 743 2688 788 et
2721 742 2919 788 rectam
2952 741 3007 786 et
3042 729 3459 785 inadulteratam

1892 828 2094 884 iidem?
2129 844 2251 883 cum
2301 837 2448 882 certe
2498 826 2685 895 plenos
2735 838 3015 879 sermones
3056 822 3282 877 insania;
3320 821 3465 876 dicat

1891 919 2087 988 aliquis
2119 933 2260 982 esse,
2310 927 2365 972 et
2401 915 2561 971 valde
2602 916 2816 979 merito,
2846 929 2939 969 eos
2980 913 3071 982 qui
3120 911 3460 983 unigenitum

1894 1008 1988 1063 Dei
2019 1008 2253 1063 Verbum
2298 1008 2565 1078 abnegant
2615 1007 2981 1061 introductum
3032 1020 3152 1060 esse
3197 1019 3227 1059 a
3271 1004 3381 1058 Deo
3411 1013 3469 1058 et

1891 1101 2052 1157 Patre
2077 1102 2128 1155 in
2162 1100 2345 1155 orbem
2384 1112 2648 1155 terrarum
2679 1112 2799 1152 cum
2828 1097 3001 1152 factus
3028 1109 3111 1151 est
3145 1095 3344 1152 homo?
3365 1095 3467 1162 Qul

1892 1196 2035 1250 enim
2112 1192 2405 1247 secundum
2488 1201 2732 1245 naturam
2808 1198 2862 1242 et
2924 1188 3285 1244 iliﬂ‘erentiant
3349 1188 3469 1243 aliis

1891 1287 2141 1341 omnibus
2193 1284 2437 1351 superior
2485 1292 2599 1349 est,
2649 1282 2900 1351 quoniam
2954 1289 3038 1336 est
3094 1289 3306 1335 creator
3374 1294 3470 1333 eo-

1891 1395 2045 1443 rum,
2090 1387 2145 1433 et
2193 1386 2399 1430 tantum
2444 1376 2525 1431 eis
2568 1372 2996 1429 substantialiter
3040 1374 3290 1442 superior
3350 1383 3469 1439 est,

1893 1470 2263 1540 superpositus
2334 1478 2464 1531 est,
2533 1476 2796 1535 quantum
2862 1474 2946 1518 est
3018 1466 3195 1518 minor
3260 1463 3470 1518 factura

1893 1563 2123 1626 factore,
2172 1562 2447 1629 ingressus
2487 1567 2570 1612 est
2615 1559 2665 1610 in
2708 1554 2895 1609 orbem
2946 1564 3214 1607 terrarum
3256 1554 3471 1622 quando

1896 1653 2195 1721 appellatus
2237 1660 2318 1706 est
2348 1666 2473 1720 pars
2500 1650 2637 1719 ejus,
2667 1649 2961 1703 secundum
3000 1648 3143 1718 quod
3177 1649 3339 1703 homo
3369 1662 3471 1716 ap-

1894 1744 2094 1813 paruit.

294 1852 515 1920 Insuper
554 1860 733 1906 autem
762 1850 848 1905 his
881 1849 1046 1904 iul'crt
1082 1846 1265 1903 statim
1293 1845 1617 1915 ριόοθίίθηε,
1652 1838 1794 1912 quod
1828 1853 1872 1912 Β
1972 1858 2039 1911 Et
2075 1864 2190 1927 pou
2243 1872 2434 1925 pauca.
2494 1854 2662 1909 Miror
2721 1868 2848 1909 vero
2906 1853 3276 1908 adversarium
3334 1852 3473 1908 seri-

230 1945 516 2002 cruciﬁxus
548 1946 708 1997 homo
742 1951 861 1996 erat
911 1940 1117 1994 habens
1155 1939 1323 1993 Deum
1372 1930 1789 1991 inhabitantem.

298 2037 494 2092 Iterum
531 2034 742 2105 Cyritti.
772 2033 911 2101 Quid
938 2032 1097 2097 dicis,
1141 2046 1174 2085 ο
1203 2030 1378 2094 fortis,
1434 2028 1529 2082 Dei
1562 2026 1795 2097 genitrix

231 2139 339 2183 erat
370 2139 559 2183 sancta
591 2127 774 2195 Virgo,
810 2126 950 2194 quod
989 2133 1120 2178 nato
1148 2137 1212 2176 ex
1254 2121 1369 2191 ipsa
1412 2122 1553 2175 Deus
1598 2120 1795 2181 inerat,

231 2221 476 2276 habitans
542 2220 834 2275 secundum
917 2217 1090 2272 solum
1156 2214 1407 2270 affectum
1460 2208 1799 2266 voluntatis?

232 2310 389 2367 Istam
420 2326 542 2367 esse
585 2310 821 2364 alIirmas
868 2307 1168 2363 unitatem?
1196 2307 1335 2376 Ergo
1376 2320 1498 2360 cum
1546 2303 1708 2358 etiam
1744 2302 1796 2355 iu

234 2405 385 2459 nobis
413 2404 541 2473 ipsis
567 2402 899 2456 mansionem
957 2398 1119 2454 faciat
1167 2399 1307 2453 Deus
1349 2396 1617 2452 exsistens
1666 2393 1798 2447 Ver-

232 2494 353 2549 bum
386 2494 672 2565 (inhabitat
698 2494 843 2548 enim
869 2491 1151 2545 animabus
1201 2497 1512 2543 sanctorum
1544 2502 1639 2556 per
1674 2499 1800 2538 san-

231 2600 374 2645 ctum
422 2584 726 2656 Spiritum),
778 2583 1157 2639 conﬁtearisne
1226 2580 1519 2635 secundum
1568 2577 1798 2631 similem

232 2683 449 2736 modum
469 2679 630 2733 etiam
659 2693 757 2732 nos
777 2678 925 2746 ipsos
960 2674 1026 2729 ad
1062 2675 1239 2745 ipsum
1272 2672 1472 2726 habere
1502 2667 1802 2723 unitatem?

234 2771 333 2829 Ubi
362 2773 526 2841 igitur
556 2769 871 2825 miraculum
919 2766 1162 2838 mysterii
1194 2765 1393 2820 Christi
1443 2762 1671 2829 aspiciat
1703 2761 1800 2815 ali-

235 2864 397 2934 quis?
430 2862 560 2916 Nam
610 2860 1044 2930 quandoquidem
1082 2856 1323 2911 creditur
1364 2854 1657 2909 secundum
1704 2866 1803 2906 nos

236 2957 398 3012 homo
429 2955 542 3009 ﬁeri
573 2953 714 3008 Deus
745 2951 1003 3017 Verbum,
1036 2946 1287 3004 mirabile
1321 2956 1404 2999 est
1446 2960 1575 2999 vere
1604 2952 1804 3012 myste-

236 3048 396 3112 rium,
430 3054 485 3101 et
512 3044 738 3099 miretur
766 3044 956 3112 utique
978 3040 1174 3109 aliquis
1210 3040 1313 3093 hoc
1343 3038 1537 3091 merito
1562 3045 1615 3089 et.
1640 3034 1805 3088 vehe-

234 3147 463 3193 menter.
498 3135 554 3191 Si
599 3144 778 3190 autem
821 3136 873 3188 in
900 3132 1120 3187 homine
1171 3130 1417 3185 habitare
1458 3129 1672 3182 dicatur
1718 3140 1804 3180 se-

235 3232 467 3283 cundum
495 3228 744 3283 allectum
778 3225 1090 3291 voluntatis,
1138 3223 1300 3277 aliam
1334 3222 1497 3276 habet
1540 3220 1802 3274 rationem

237 3334 326 3373 res
371 3317 809 3387 dispensationis.
872 3314 1167 3371 Meruimus
1215 3313 1392 3375 enim,
1447 3311 1588 3364 sicut
1639 3309 1803 3369 dixit,

234 3410 499 3478 ejusmodi
548 3410 795 3479 gratiam,
861 3409 951 3476 qui
1004 3406 1126 3469 lide,
1186 3420 1305 3474 qua:
1364 3404 1417 3457 in
1478 3403 1651 3468 ipsum
1702 3410 1805 3465 est,

234 3500 626 3570 splenduimus.
660 3499 776 3554 Non
816 3499 959 3553 enim
992 3497 1187 3565 aliquis
1232 3496 1416 3564 utique
1459 3492 1625 3556 dicat,
1667 3491 1807 3560 quod

235 3607 347 3647 non
386 3590 690 3645 voluntarie
719 3592 862 3644 inest
890 3588 1045 3642 nobis
1074 3603 1090 3641 :
1136 3586 1305 3656 magis
1337 3599 1464 3639 vero
1505 3582 1809 3637 voluntarie

231 3684 354 3739 sive
383 3683 676 3737 secundum
709 3682 1039 3736 voluntatem
1081 3680 1301 3733 insitam
1342 3677 1392 3730 ei
1435 3675 1503 3729 ad
1550 3690 1649 3729 nos
1681 3672 1809 3727 affe-

233 3784 385 3829 ctum
417 3774 642 3829 fecerat.
678 3773 785 3829 Sed
824 3788 922 3827 nec
956 3786 986 3825 a
1019 3787 1183 3826 carne
1210 3777 1411 3824 sanctae
1441 3767 1678 3835 Virginis
1717 3767 1811 3819 ini-

236 3867 375 3920 tium
408 3868 656 3921 essentize
685 3865 940 3920 habuisse
971 3862 1201 3918 dicimus
1230 3861 1397 3914 Deum
1428 3859 1686 3923 Verbum,
1718 3856 1809 3925 qui

233 3958 716 4014 consubstantialis
748 3968 829 4013 est
859 3956 1008 4010 Patri
1042 3972 1056 4008 :
1090 3964 1208 4009 erat
1252 3954 1395 4008 enim
1446 3938 1673 4020 semper
1706 3964 1808 4002 una

231 4067 360 4107 cum
392 4067 457 4107 eo
491 4053 794 4107 subsistens
824 4070 837 4105 :
874 4050 1043 4120 magis
1073 4057 1252 4103 autem
1285 4044 1485 4101 scimus
1515 4043 1810 4098 secundum

232 4158 342 4200 nos
387 4143 587 4197 factum
634 4157 756 4199 esse
796 4142 1093 4197 hominem.
1139 4140 1322 4206 Itaque
1370 4145 1479 4189 tam
1521 4134 1664 4201 iuste
1715 4130 1811 4185 Dei

231 4235 475 4306 genitrix
505 4235 717 4288 dicatur
749 4249 778 4286 a
816 4234 970 4288 nobis
999 4240 1187 4287 sancta
1227 4226 1414 4298 Virgo,
1440 4239 1601 4291 quam
1635 4222 1811 4276 homi-

234 4328 328 4382 nis
357 4326 611 4395 genitrix,
641 4340 764 4380 cum
794 4335 942 4380 certe
972 4324 1267 4380 secundum
1295 4332 1516 4376 carnem
1542 4314 1811 4372 Christum

233 4418 562 4488 peperisset.

1899 1949 2092 2017 psisse,
2123 1949 2265 2018 quod
2293 1962 2569 2015 nunquam
2595 1946 3026 2014 coniunctionem
3052 1948 3116 2000 ad
3143 1946 3309 2001 Deum
3332 1943 3474 2000 Ver-

1900 2041 2022 2094 bum
2053 2040 2337 2094 meruisset
2357 2048 2410 2093 et
2437 2037 2613 2102 Iesus,
2634 2039 2735 2092 nisi
2756 2039 2905 2108 prius
2927 2038 3299 2092 immaculatus
3330 2045 3476 2092 esset

1898 2130 2121 2184 effectus
2151 2144 2248 2199 per
2304 2133 2635 2183 unctionem.
2669 2127 2801 2182 Nam
2844 2130 3059 2199 quidem
3093 2129 3325 2195 primum
3357 2128 3474 2181 dis-

1894 2223 2070 2292 iungit
2090 2221 2734 2285 manifesteetdiscernit,
2750 2231 2932 2288 aperte
2954 2222 3087 2275 duos
3101 2220 3286 2274 dicens
3308 2217 3471 2272 ﬁlios.

1904 2316 2104 2370 Deinde
2132 2315 2293 2378 dicat,
2326 2314 2545 2381 quando
2570 2314 2711 2367 sicut
2739 2314 2815 2367 ait
2846 2312 3222 2366 immaculatus
3251 2310 3476 2365 eﬂectus

1901 2415 2005 2469 est,
2055 2414 2108 2459 et
2152 2406 2218 2459 ad
2268 2405 2433 2459 Deum
2474 2403 2709 2459 Verbum
2760 2403 3192 2473 coniunctionem
3245 2402 3473 2467 meruit,

1902 2508 2081 2552 utrum
2115 2513 2180 2551 ex
2212 2496 2327 2565 ipso
2358 2506 2535 2559 utero,
2561 2505 2652 2548 aut
2679 2509 2800 2547 cum
2836 2494 3108 2548 tricesimo
3140 2508 3280 2547 anno
3309 2503 3476 2550 esset.

1903 2589 2154 2643 Pervenit
2184 2588 2400 2656 quidem
2436 2587 2501 2640 ad
2534 2585 2847 2651 Jordanem,
2879 2586 3127 2653 qumsivit
3158 2599 3286 2639 vero
3314 2586 3477 2639 etiam

1903 2678 2124 2732 Joannis
2155 2678 2483 2747 baptismum
2516 2677 2582 2729 “.
2616 2676 2672 2729 Si
2706 2676 2922 2745 quidem
2954 2693 3018 2730 ex
3062 2687 3216 2730 utero
3261 2687 3481 2731 sanctus

1903 2779 2069 2835 esset,
2122 2769 2392 2838 quomodo
2438 2768 2568 2821 dicit
2607 2777 2854 2820 sanctum
2887 2766 3021 2822 emci
3070 2782 3223 2831 eum,
3274 2776 3327 2822 et
3372 2783 3477 2822 non

1905 2864 2077 2933 magis
2113 2862 2269 2916 esse?
2310 2861 2461 2927 Quod
2502 2860 2645 2914 enim
2689 2860 2889 2914 dicitur
2937 2859 3080 2924 ﬁeri,
3124 2860 3345 2914 omnino
3387 2874 3482 2912 ue-

1905 2970 2058 3009 cesse
2100 2964 2184 3009 est
2230 2953 2529 3022 intelligere
2573 2955 2714 3017 quod
2764 2967 2868 3005 non
2920 2962 3037 3005 erat
3084 2952 3225 3020 quod
3281 2950 3479 3005 factum

1906 3058 2009 3100 est.
2046 3046 2140 3099 Sin
2172 3054 2350 3098 autem
2381 3052 2500 3097 erat
2541 3050 2761 3095 sanctus
2791 3056 3023 3109 semper,
3068 3052 3122 3093 et
3155 3041 3257 3094 hoc
3287 3053 3391 3093 non
3428 3039 3481 3092 iu

1910 3150 2150 3207 tempore
2181 3137 2354 3191 factus
2386 3143 2490 3201 est,
2538 3135 2807 3202 quomodo
2845 3134 2976 3186 dicit
3019 3132 3278 3201 Spiritum
3322 3145 3485 3200 super

1910 3247 2031 3285 eum
2063 3229 2362 3290 devolasse,
2392 3238 2445 3281 et
2487 3225 2871 3293 conjunctione
2920 3224 3139 3293 dignum
3177 3225 3349 3291 ipsum
3392 3224 3488 3276 de-

1911 3331 2269 3383 monstrasse,
2315 3328 2370 3373 et
2414 3318 2686 3373 addidisse
2727 3316 2774 3370 ei
2824 3317 2965 3385 quod
3008 3315 3233 3368 deerat?
3277 3315 3342 3367 Et
3385 3314 3486 3369 hoc

1911 3414 2053 3468 enim
2091 3415 2141 3465 in
2197 3413 2317 3465 aliis
2355 3412 2469 3465 suis
2520 3410 2698 3479 posuit
2742 3408 2913 3462 libris.
2964 3406 3101 3473 Quid
3146 3408 3289 3461 enim
3329 3417 3484 3470 erat,

1911 3507 2055 3574 quod
2085 3505 2305 3558 omnino
2334 3504 2397 3556 ad
2443 3501 2925 3556 sanctiﬁcationem
2957 3500 3141 3553 deerat
3181 3499 3230 3553 ei
3273 3514 3337 3552 ex
3370 3499 3487 3566 ipso

1913 3608 2089 3656 utero,
2119 3595 2290 3664 magis
2321 3608 2449 3646 vero
2475 3603 2529 3646 et
2560 3601 2683 3645 ante
2713 3592 3008 3646 secundum
3039 3604 3256 3644 carnem
3289 3590 3487 3643 nativi-

1914 3697 2077 3740 tatem
2110 3695 2296 3739 sancto
2336 3694 2391 3738 et
2424 3683 2798 3747 immaculato,
2833 3693 2886 3735 et
2928 3681 3283 3737 sanctiﬁcanti
3334 3696 3487 3735 crea-

1915 3778 2137 3832 turam?
2168 3775 2302 3831 Cum
2336 3776 2503 3846 igitur
2533 3775 2696 3842 dicat,
2734 3778 2877 3842 quod
2909 3789 3013 3826 non
3048 3774 3230 3839 utique
3259 3773 3487 3827 meruis-

1913 3881 1993 3923 set
2044 3870 2201 3924 Jesus
2249 3868 2689 3937 coniunctionem
2742 3870 2807 3921 ad
2855 3866 3020 3920 Deum
3067 3865 3332 3930 Verbum,
3382 3866 3488 3919 nisi

1911 3962 2062 4030 prius
2108 3960 2484 4013 immaculatus
2533 3958 2758 4014 eli'eclus
2802 3967 2973 4023 esset,
3021 3958 3275 4026 plurimas
3323 3957 3485 4012 simul

1914 4052 2288 4107 accusationes
2332 4053 2590 4105 adversus
2632 4066 2729 4104 sua
2776 4049 2960 4104 scribit
2993 4049 3319 4118 vaniloquia.
3352 4048 3487 4103 Nam

1917 4145 2146 4212 primum
2177 4143 2391 4211 quidem
2426 4143 2738 4197 indecenter
2768 4141 2923 4207 dicit,
2958 4141 3222 4195 meruisse
3253 4161 3267 4195 ε
3295 4141 3489 4195 deinde

1914 4233 2174 4303 disiungit
2211 4233 2262 4285 in
2295 4232 2535 4287 alterum
2568 4231 2857 4301 separatim
2892 4228 3108 4295 Filium,
3152 4232 3244 4300 qui
3290 4247 3356 4285 ex
3400 4246 3490 4286 se-

1915 4326 2059 4377 mine
2090 4333 2172 4377 est
2203 4323 2388 4388 David,
2426 4338 2583 4392 quem
2618 4324 2790 4392 ipsum
2841 4323 3011 4376 solum
3063 4323 3351 4389 separatim
3394 4320 3488 4376 Je-

1916 4430 2037 4470 sum
2072 4414 2351 4468 nominare
2383 4413 2720 4484 impudenter
2749 4413 3049 4468 contendit.
3094 4412 3173 4466 Ad
3205 4414 3340 4477 huic,
3382 4413 3487 4466 im-

312 4509 382 4564 Et
409 4521 521 4580 post
555 4509 685 4563 alia.
730 4508 864 4563 Cum
901 4506 1047 4563 enim
1095 4505 1160 4560 ad
1213 4504 1651 4574 explanationem
1708 4502 1813 4558 hoc
1840 4513 1890 4574 ι)
1922 4507 2250 4563 maculatum
2303 4505 2438 4560 eﬂici
2488 4521 2610 4560 eum
2669 4506 2869 4569 dicere,
2925 4516 3180 4573 tanquam
3230 4503 3333 4558 hoc
3386 4504 3486 4557 ali-

233 4605 580 4673 propositum
606 4611 709 4665 est,
740 4602 883 4670 quod
914 4609 997 4654 est
1026 4615 1042 4653 :
1082 4619 1100 4652 t
1132 4599 1263 4654 Cum
1294 4597 1585 4653 introducit
1608 4596 1812 4666 primo-

231 4698 484 4764 genitum
527 4696 576 4748 in
608 4694 791 4749 orbem
822 4704 1106 4757 terrarum,
1138 4692 1268 4745 dicit
1300 4709 1313 4745 :
1347 4691 1411 4745 Et
1434 4691 1662 4745 adorent.
1689 4702 1812 4743 eum

235 4787 481 4841 universi
506 4785 679 4855 angeli
714 4785 803 4838 Dei
840 4784 904 4851 ⁸⁸,
945 4804 964 4837 ι
1000 4783 1187 4839 scribit
1218 4786 1407 4838 iterum
1439 4784 1517 4838 sic
1551 4800 1566 4837 :

803 4919 891 4975 10.
934 4932 1264 4974 rueonoaus.

315 5032 451 5100 Quis
479 5046 552 5087 est
582 5035 743 5103 igitur
775 5033 863 5102 qui
906 5033 959 5085 in
989 5034 1161 5086 orbem
1211 5043 1471 5086 terrarum
1518 5031 1816 5085 introduci-

228 5131 354 5189 tur,
383 5137 426 5178 et
456 5126 861 5179 dominationem
895 5125 1010 5193 ejus
1043 5125 1222 5192 incipit
1276 5122 1437 5195 [forte
1479 5121 1713 5194 accipit].
1749 5123 1814 5175 de

225 5230 348 5283 qua
378 5216 425 5269 ei
474 5226 523 5269 et
556 5217 765 5268 adorari
806 5216 870 5268 ab
917 5218 1113 5285 angelis
1158 5217 1493 5283 acquiritur?
1535 5213 1645 5268 Nec
1679 5215 1818 5267 enim

226 5306 512 5361 insaniens
559 5309 755 5377 aliquis
800 5309 938 5361 dicat
984 5307 1148 5360 Deum
1215 5307 1437 5361 Verbum
1482 5324 1589 5359 esse
1646 5309 1818 5359 intro-

230 5400 485 5463 ductum,
540 5401 629 5470 qui
686 5402 864 5453 omnia
919 5416 1021 5451 non
1072 5401 1331 5452 exstantia
1369 5399 1511 5468 fecit,
1562 5399 1816 5468 ineffabili

228 5486 363 5556 ejus
402 5490 591 5542 virtute
622 5489 822 5543 donans
852 5491 923 5542 eis
951 5498 1007 5541 ut
1041 5500 1229 5543 essent.

323 5640 557 5700 “Hebr.
586 5659 625 5709 ι,
667 5644 722 5711 6,
797 5644 843 5676 ⁸⁸
861 5643 1048 5700 Matth.
1089 5661 1148 5711 ll,
1182 5644 1322 5701 l-l7.

1917 4602 2132 4668 quando
2185 4613 2291 4652 non
2349 4599 2657 4660 habentem.
2718 4597 3002 4666 plurimam
3061 4596 3165 4652 hoc
3220 4597 3380 4652 habet
3433 4607 3490 4651 et

1918 4690 2325 4760 blasphemiam.
2362 4690 2556 4746 Unitus
2603 4690 2745 4745 enim
2792 4691 2932 4744 Deus
2976 4690 3211 4744 Verbum
3262 4705 3327 4745 ex
3374 4691 3491 4758 ipso

1921 4794 2072 4839 utero
2102 4784 2252 4838 carni
2284 4798 2414 4847 alite,
2448 4799 2586 4836 unus
2626 4792 2764 4845 erat,
2808 4791 2862 4837 et
2903 4782 2980 4835 sic
3018 4792 3073 4836 et
3114 4782 3492 4837 immaculatus

1919 4871 2122 4939 Filius,
2157 4871 2392 4927 Sanctus
2419 4875 2762 4940 isanctorum,
2811 4881 2865 4924 et
2913 4871 2978 4925 de
3020 4886 3117 4924 sua
3160 4870 3494 4940 plenitudine

1926 4962 2183 5030 Spiritum
2242 4963 2375 5015 dans
2425 4977 2530 5015 non
2580 4960 2750 5015 solum
2800 4960 3142 5025 hominibus,
3190 4961 3282 5015 sed
3329 4962 3492 5016 etiam

1924 5069 2158 5119 sursum,
2189 5064 2244 5108 et
2275 5055 2329 5107 in
2354 5054 2495 5109 cmlo
2539 5052 2953 5107 rationabilibus
2991 5052 3299 5107 virtutibus.

2430 5209 2519 5263 ll.
2554 5208 2623 5262 Et
2651 5219 2764 5276 post
2793 5225 2981 5277 pauca.

2546 5354 2875 5394 THEODOBUS.

1998 5488 2074 5561 (l)
2111 5506 2130 5541 ι
2168 5487 2459 5545 Multifarie
2482 5489 2774 5559 multisque
2814 5489 2988 5545 modis
3017 5489 3143 5546 olim
3183 5489 3324 5546 Deus
3352 5488 3501 5547 locu-

323 5804 401 5873 (l)
433 5803 575 5860 Citat
604 5804 747 5861 hunc
778 5802 949 5862 locum
978 5803 1234 5861 Leontius
1266 5803 1299 5857 l.
1338 5819 1421 5871 lit,
1458 5804 1595 5874 apud
1624 5803 1804 5859 Ciuis.
1851 5812 1885 5857 t.
1925 5801 1989 5858 IV
2012 5803 2190 5875 Antiq.
2222 5800 2337 5859 iect.
2374 5817 2428 5875 p.
2472 5802 2560 5859 95.
2593 5800 2770 5859 llaau.
