4000 6326
498 403 526 458 Ξ
538 404 639 462 M7

1447 403 1503 457 S.
1545 401 1816 457 CYRIIJJ
1857 396 2333 454 ALEXANDRIM
2377 393 2697 449 ARCHIEP.

3640 385 3772 441 1448

502 534 589 576 tus
620 520 863 590 patribus
892 520 946 573 in
978 520 1274 589 prophetis,
1310 519 1364 572 in
1421 520 1730 579 novissimis
1768 517 1957 574 diebus
2000 517 2086 571 his
2116 526 2162 580 Α
2192 513 2461 568 Theodori
2496 512 2671 581 sequi,
2705 524 2810 564 non
2841 507 3233 563 absolutionem
3280 504 3330 560 ei
3366 504 3775 559 accusationum

503 613 712 666 locutus
742 619 829 666 est
856 612 1011 666 nobis
1042 612 1092 665 in
1137 611 1274 665 Filio
1305 611 1371 676 ⁸⁷,
1407 630 1425 663 ι
1462 611 1567 665 Per
1607 610 1805 663 Filium
1841 611 1979 664 enim
2007 609 2087 663 Io-

500 712 652 756 cutus
679 711 755 756 est
792 700 985 755 nobis:
1023 712 1221 755 certum
1247 712 1323 755 est
1360 718 1496 766 vero,
1529 703 1668 771 quod
1710 702 1773 753 de
1816 710 2083 767 assumpto

501 795 729 848 homine.
775 813 792 845 ι
839 794 938 848 Cui
1000 796 1144 848 enim
1195 795 1331 848 dixit
1376 795 1668 863 aliquando
1718 793 2081 863 angelorum:

503 883 672 938 Filius
703 898 855 938 meus
886 899 943 937 es
977 894 1051 949 tu,
1076 900 1173 954 ego
1209 884 1557 955 hodiegenui
1594 896 1642 939 te
1671 883 1757 935 K3?
1794 903 1813 935 ›
1863 882 2086 936 Nullum

502 977 651 1036 dicit,
710 978 1019 1044 participem
1069 977 1193 1045 fecit
1250 978 1526 1046 dignitatis
1584 975 1732 1030 Filii.
1784 974 1900 1028 Hoc
1944 976 2081 1028 enim

500 1067 640 1135 quod
669 1067 826 1134 dixit,
861 1070 1018 1138 genui
1050 1078 1135 1131 te,
1169 1070 1321 1137 quasi
1354 1086 1446 1137 per
1491 1069 1589 1122 hoc
1630 1068 2082 1138 participationem

500 1158 778 1226 ﬁliationis
809 1160 992 1213 dedit:
1024 1163 1235 1213 omnino
1280 1178 1395 1214 vero
1440 1172 1617 1229 aperte
1649 1159 1849 1212 nullam
1887 1159 2083 1211 habens

504 1251 572 1302 ad
608 1249 772 1303 Deum
823 1250 1045 1304 Verbum
1081 1254 1531 1316 commuttionem,
1566 1263 1779 1322 apparet
1824 1254 1920 1305 hoc
1947 1252 2085 1323 quod

504 1343 701 1395 dictum
734 1354 829 1396 est.

641 1488 650 1497 ,
1154 1453 1431 1493 (ῖςῑιιιιυε.

575 1526 737 1581 Certe
770 1540 824 1582 et
871 1531 921 1583 in
965 1529 1406 1595 allocutiouibus,
1439 1548 1574 1599 quas
1624 1532 1751 1587 fecit
1797 1532 1861 1585 ad
1907 1533 2084 1599 bapti-

498 1622 726 1688 zandus,
764 1622 959 1676 iterum
1007 1622 1148 1676 dixit
1196 1624 1333 1677 idem
1383 1623 1751 1679 Theodorus:
1801 1624 1916 1677 Hoc
1966 1642 2084 1678 vero

506 1729 609 1765 non
640 1728 704 1765 ex
731 1713 875 1765 nobis
899 1716 1024 1782 ipsis
1059 1716 1350 1769 invenimus
1381 1718 1757 1781 testimonium,
1793 1718 1882 1770 sed
1907 1733 1971 1769 ex
2004 1718 2086 1769 di-

501 1802 623 1854 vina
673 1804 844 1855 edocti
889 1819 1070 1856 smnus
1122 1802 1433 1871 Scriptura,
1494 1808 1743 1875 quoniam
1806 1818 1851 1859 et
1907 1808 2083 1861 beatus

2190 607 2353 673 facit;
2410 607 2581 675 magis
2633 620 2762 659 vero
2819 604 3161 672 grandiorem
3221 602 3484 655 adversus
3542 613 3667 652 eum
3722 600 3772 652 iu

2191 698 2593 750 damnationem
2642 694 2784 765 [[ον.
2834 688 3381 763 condemnationem]
3435 693 3773 759 operabitur.

2188 788 2324 841 Dum
2356 787 2499 840 enim
2538 787 2725 840 liceret
2755 787 2804 840 ei
2844 796 3153 841 sanctorum
3201 784 3419 837 Patrum
3470 783 3639 836 rectis
3665 798 3778 834 ver-

2187 878 2271 932 bis
2318 889 2371 931 et
2413 877 2775 931 immaculatis
2819 880 2885 931 de
2929 878 3132 932 deitate
3179 874 3523 929 sermonibus
3570 874 3775 941 potiri,

2189 973 2546 1041 prwposuisse
2582 971 2918 1040 dignoscitur
2954 968 3168 1023 veritati
3213 968 3569 1022 mendacium.
3622 966 3775 1020 Prm-

2189 1066 2424 1120 tertuisit
2450 1065 2594 1120 enim
2627 1080 2746 1134 qua:
2781 1065 2994 1119 illorum
3026 1074 3190 1130 sunt;
3242 1062 3415 1131 magis
3445 1077 3576 1114 vero
3611 1061 3780 1129 elegit

2191 1159 2435 1227 turpibus
2466 1160 2775 1223 adhaerere,
2822 1166 2876 1211 et
2920 1166 3027 1210 tam
3062 1157 3307 1210 distortis
3340 1155 3620 1209 lmtiiicare
3655 1170 3777 1208 ser-

2192 1251 2463 1305 monibus.
2491 1251 2644 1305 Hunc
2677 1267 2802 1305 vero
2830 1252 2921 1320 qui
2949 1250 3110 1304 talem
3146 1251 3309 1303 habet
3352 1248 3695 1301 voluntatem
3728 1258 3784 1297 et

2187 1342 2542 1407 dementiam,
2576 1343 2628 1396 in
2665 1343 2765 1396 hoc
2799 1342 3085 1397 desiluisse
3137 1341 3374 1410 inculpet
3417 1341 3655 1409 aliquis,
3695 1356 3784 1391 ar-

2189 1434 2362 1488 bitror
2388 1444 2441 1486 et
2468 1433 2621 1487 valde
2664 1434 2878 1487 merito.
2923 1434 3222 1504 Oportebat
3261 1434 3403 1486 enim
3452 1433 3784 1486 memoriam

2188 1528 2390 1581 habere
2431 1527 2759 1582 sanetissimi
2801 1526 2985 1593 Pauli,
3033 1528 3189 1594 plane
3234 1527 3521 1580 scribentis
3565 1528 3734 1578 nobis
3769 1544 3781 1577 :

2188 1638 2213 1670 ί
2253 1618 2441 1672 Estote
2494 1621 2789 1688 prudentes
2840 1618 3187 1672 nutumularii
3230 1635 3244 1671 :
3294 1620 3471 1670 omnia
3514 1616 3782 1684 probate,

2187 1711 2328 1777 quod
2364 1710 2563 1763 bonum
2598 1718 2678 1762 est
2719 1718 2894 1762 tenete
2925 1726 2937 1762 :
2974 1709 3041 1760 ab
3077 1708 3223 1761 onmi
3248 1708 3430 1774 specie
3478 1705 3618 1757 mala
3656 1706 3786 1756 alts-

2193 1803 2361 1857 tiuete
2411 1818 2509 1856 vos
2542 1803 2609 1854 ⁸³.
2652 1821 2670 1853 ›
2711 1802 2863 1868 Quod
2894 1812 2948 1855 et
2987 1817 3147 1868 agere
3189 1800 3369 1866 soliti,
3406 1814 3504 1853 nos
3543 1809 3597 1853 et
3643 1800 3785 1853 soli-

504 1893 709 1949 Panlus
740 1897 813 1950 ita
846 1898 1015 1950 dicit:
1070 1915 1087 1947 ι
1133 1898 1208 1951 Ex
1244 1869 1451 1967 quibus
1493 1899 1744 1953 Christus
1786 1901 2082 1953 secundum
2118 1869 2163 1927 Β
2192 1894 2381 1949 dorum
2428 1897 2746 1962 probatores
2781 1895 2985 1947 imitari
3032 1892 3387 1957 festinantes,
3429 1893 3516 1946 illa
3552 1894 3779 1960 quidem

504 2004 751 2054 carnem,
783 1989 873 2057 qui
907 1997 990 2042 est
1036 2004 1200 2058 super
1244 1992 1424 2043 omnia
1476 1990 1616 2045 Deus
1650 1991 1716 2055 "9,
1756 2010 1774 2042 ι
1813 2010 1916 2046 non
1949 1994 2089 2061 quod

501 2096 568 2133 ex
602 2080 807 2134 Juda'is
836 2091 883 2133 et
914 2082 1199 2133 secundant
1232 2098 1442 2135 carnem
1471 2094 1568 2149 est,
1601 2085 1690 2153 qui
1732 2099 1887 2150 super
1911 2087 2087 2136 omnia

500 2174 643 2227 Deus
672 2186 785 2238 est;
815 2177 904 2228 sed
940 2175 1037 2227 hoc
1077 2178 1291 2244 quidem
1333 2176 1401 2228 ad
1441 2177 1853 2245 significandam
1896 2179 2087 2230 Imma-

503 2263 624 2318 nam
654 2279 898 2319 naturam
940 2268 1103 2332 dixit,
1139 2284 1297 2336 quam
1328 2269 1390 2320 ab
1426 2266 1723 2320 Israelitico
1760 2286 1944 2338 genere
1977 2285 2087 2322 esse

496 2356 719 2421 sciebat,
752 2357 886 2410 illud
922 2367 1097 2410 autem
1131 2358 1199 2410 ad
1247 2359 1622 2413 ostendendam
1664 2361 1895 2414 divinam
1930 2371 2089 2414 natu-

503 2464 648 2511 ram,
700 2466 855 2519 quam
889 2465 1049 2518 supra
1119 2452 1296 2503 omnia
1342 2461 1391 2504 et
1440 2453 1680 2505 omnibus
1730 2454 2084 2507 dominantem

496 2539 698 2593 sciebat
730 2557 748 2594 :
786 2559 803 2592 α
831 2541 874 2597 Ο
897 2542 1066 2607 surdi,
1100 2543 1302 2609 audite,
1333 2554 1410 2609 et,
1441 2546 1591 2607 cerei,
1627 2545 1805 2599 videte
1829 2547 1900 2611 ⁸ο,
1942 2565 1958 2597 ι
1997 2561 2089 2601 ac-

505 2632 761 2686 rlamavit
793 2634 987 2703 aliquis
1020 2644 1331 2689 sanctorum
1364 2641 1444 2691 eis
1485 2637 1574 2706 qui
1604 2636 1823 2692 fuerunt
1863 2652 1930 2693 ex
1961 2654 2088 2692 san-

503 2725 666 2793 guine
697 2724 877 2781 Israel.
917 2727 1028 2795 Ego
1059 2737 1240 2782 autem
1289 2728 1549 2794 arbitror,
1582 2741 1636 2785 et
1683 2730 1834 2783 valde
1874 2730 2085 2794 merito,

505 2819 607 2870 hoc
637 2829 815 2886 aptum
847 2834 968 2874 esse
1003 2834 1107 2874 non
1142 2820 1485 2885 habentibus,
1512 2821 1597 2876 vel
1630 2838 1734 2875 non
1776 2822 2088 2877 volentibus

502 2920 655 2963 recte
686 2910 987 2980 intelligere
1018 2912 1223 2967 Christi
1254 2914 1595 2983 mysterium.
1623 2911 1758 2966 Nam
1790 2914 2089 2968 obcaecavit

504 3005 720 3073 quidem
760 3005 899 3060 Deus
931 3006 1114 3060 saeculi
1152 3006 1310 3061 istius
1360 3007 1749 3075 intelligendas
1788 3008 2086 3063 inﬁdelium

500 3106 561 3150 et
592 3096 926 3167 intelligibile
963 3098 1015 3151 in
1064 3108 1243 3153 mente
1293 3110 1348 3152 et.
1390 3098 1441 3151 iu
1488 3099 1652 3153 corde
1685 3113 1791 3151 non
1824 3099 2088 3153 habentes

2191 2003 2310 2057 quae
2339 1996 2469 2042 sunt
2503 1988 2680 2057 turpia
2719 1998 2773 2041 et
2809 1988 3037 2056 reprobo
3088 1987 3337 2055 dogmata
3383 1987 3780 2054 reprobamus,

2190 2081 2517 2151 suscipimus
2557 2096 2688 2135 vero
2729 2089 2784 2134 et
2829 2080 2980 2133 valde
3027 2079 3260 2134 libenter
3292 2079 3473 2133 omnia
3518 2094 3644 2149 qua:
3691 2096 3781 2132 re-

2192 2173 2479 2243 splendent
2504 2173 2649 2227 clara
2683 2172 2930 2225 veritatis
2965 2172 3387 2240 pulchritudine.
3416 2172 3613 2225 lterum
3649 2186 3783 2225 vero

2194 2264 2351 2319 nobis
2392 2266 2528 2319 ratio
2562 2276 2911 2320 convertetur
2948 2266 3013 2319 ad
3043 2267 3328 2319 decentem
3361 2265 3411 2318 ei
3443 2274 3498 2318 et
3528 2266 3783 2333 proposi-

2193 2369 2299 2411 tam
2332 2359 2497 2413 viam.
2530 2357 2731 2428 Scripli
2767 2369 2895 2413 sunt
2928 2359 3091 2428 igitur
3122 2374 3151 2409 a
3181 2360 3323 2411 bono
3361 2358 3649 2412 Theodoro
3680 2358 3781 2409 ad-

2189 2464 2382 2504 versus
2417 2450 2666 2503 hatresim
2714 2450 3041 2504 Arianorum
3089 2460 3144 2503 et
3189 2451 3647 2505 Eunomiauorum
3699 2450 3782 2501 vi-

2192 2543 2328 2611 ginti
2371 2558 2510 2612 pene
2562 2557 2787 2597 nmuero
2831 2543 2913 2596 vel
2967 2543 3256 2611 ampliores
3311 2542 3465 2606 libri,
3514 2559 3615 2597 nec
3672 2558 3780 2598 nou

2192 2637 2355 2688 etiam
2387 2635 2502 2697 alii,
2536 2635 2960 2703 interpretantes
2986 2634 3331 2703 evangelicos
3360 2644 3415 2689 et
3443 2635 3780 2702 apostolicos

2192 2726 2398 2782 libros:
2436 2741 2572 2796 quos
2610 2728 2830 2796 quidem
2875 2728 3092 2782 labores
3144 2728 3309 2781 nollet
3350 2729 3545 2797 aliquis
3588 2730 3779 2783 incre~

2191 2833 2339 2887 pare,
2375 2818 2549 2887 magis
2595 2827 2774 2870 autem
2815 2818 3039 2873 decreto
3077 2817 3314 2872 studium
3361 2819 3687 2882 honoraret,
3732 2821 3779 2874 si

2192 2911 2393 2964 inesset
2439 2910 2520 2964 eis
2565 2909 2872 2979 dogmatum
2924 2910 3215 2964 rectitude.
3265 2910 3322 2963 Si
3372 2926 3503 2964 vero
3550 2912 3773 2978 quidam

2191 3012 2342 3057 extra
2383 3004 2712 3057 destinatum
2745 3002 3006 3066 ambulet,
3044 3012 3100 3056 et
3138 3013 3342 3056 rectam
3378 3004 3525 3056 viam
3562 3005 3772 3057 verita-

2196 3096 2264 3149 tis
2296 3096 2629 3166 rcliuquens,
2667 3112 2763 3167 per
2795 3097 3044 3151 semitam
3086 3106 3173 3149 eat
3210 3096 3493 3151 distortam
3514 3136 3531 3161 ,
3562 3096 3772 3166 simpli-

504 3190 700 3245 nverito
738 3199 1062 3245 erraverunt
1094 3192 1162 3244 ⁸⁸.
1201 3190 1257 3244 Si
1292 3206 1420 3245 vero
1458 3190 1679 3259 quidam
1717 3192 1845 3244 sunt
1890 3190 2090 3244 illumi-
2117 3221 2159 3278 Ο
2193 3189 2510 3258 ciorumque
2538 3191 2703 3245 corda
2730 3190 3012 3255 vulneret,
3054 3189 3480 3244 adulteratorum
3530 3190 3610 3244 eis
3649 3192 3775 3258 inji-

506 3282 642 3345 nati,
674 3282 845 3351 magis
870 3298 996 3337 vero
1025 3282 1193 3337 etiam
1226 3283 1539 3338 doctoribus
1571 3284 1971 3348 conuumerati,
1994 3284 2087 3352 qui

498 3372 774 3427 similibus
805 3375 1011 3429 morbis
1042 3376 1225 3430 nescio
1255 3377 1529 3445 quomodo
1551 3376 1755 3431 detenti
1788 3386 1937 3443 sunt,
1962 3378 2090 3444 quid

502 3464 650 3519 aliud
698 3466 779 3520 eis
829 3466 1028 3535 aliquis
1069 3468 1349 3533 acclamet,
1382 3484 1543 3536 quam
1592 3468 1694 3522 hoc
1734 3471 1875 3537 quod
1919 3484 1949 3521 a
1980 3468 2090 3523 Deo

504 3559 709 3613 dictum
767 3569 852 3613 est
909 3574 1004 3627 per
1053 3576 1220 3614 unum
1276 3569 1587 3614 sanctorum
1645 3561 2084 3630 prophetarum:

502 3670 527 3702 η
568 3651 720 3717 Quod
755 3651 981 3721 laqueus
1026 3649 1152 3705 iacti
1198 3651 1329 3705 estis
1366 3652 1597 3720 speculae
1647 3654 1699 3706 in
1748 3653 2087 3720 visitatione,

498 3754 558 3796 et
587 3744 729 3797 sicut
777 3744 909 3796 retia
956 3753 1182 3798 extensa
1216 3744 1266 3797 iu
1296 3746 1613 3808 statumine,
1645 3760 1806 3812 quam
1853 3746 1946 3814 qui
1997 3762 2089 3800 ve-

505 3846 728 3899 nantur,
753 3836 1098 3889 conlixerunt
1123 3836 1212 3889 5’?
1248 3856 1266 3888 ι
1305 3835 1405 3902 Qui
1438 3838 1580 3891 enim
1631 3838 2088 3908 quamplurimam

499 3924 793 3978 utilitatem
841 3925 1101 3992 subjectis
1135 3928 1306 3992 magis
1353 3928 1533 3981 facere
1576 3929 1796 3992 debent,
1844 3929 1931 3983 isti
1980 3928 2091 3983 fue-

504 4025 633 4069 runt
660 4026 714 4069 et
743 4015 986 4083 laqueus,
1017 4029 1073 4071 et
1105 4029 1237 4082 rete,
1270 4027 1324 4071 et
1357 4019 1601 4072 scaudali
1636 4021 1878 4084 occasio,
1912 4031 1966 4076 et
1998 4038 2091 4089 pe-

506 4120 723 4161 taurum
756 4108 974 4161 inferni.
1008 4108 1078 4162 Et
1110 4110 1209 4164 ista
1256 4110 1377 4165 dico
1422 4112 1654 4166 miratus
1696 4112 1885 4176 valde,
1923 4122 1978 4167 et
2009 4116 2089 4166 vi-

497 4196 634 4250 dere
666 4212 769 4250 non
802 4206 992 4265 potens
1022 4198 1089 4250 ad
1126 4199 1254 4267 quid
1289 4200 1512 4269 respicit
1559 4201 1787 4256 intentio
1835 4204 2106 4257 adversa-.

505 4288 593 4341 rii.
626 4284 760 4339 Nam
794 4286 1078 4342 confessus
1106 4289 1433 4357 estquidem
1474 4292 1776 4358 evidenter,
1805 4295 1947 4363 quod
1996 4310 2091 4364 per

503 4379 702 4432 Filium
734 4378 946 4433 loeutus
975 4389 1063 4434 est
1098 4381 1253 4434 nobis
1283 4382 1425 4436 Deus
1454 4394 1507 4437 et
1554 4383 1717 4439 Pater
1749 4403 1762 4438 :
1804 4401 1925 4441 esse
1961 4402 2089 4440 vero

504 4472 667 4523 istum
702 4471 835 4525 dicit
878 4482 1218 4542 assumptum
1269 4474 1566 4543 hominem,
1603 4476 1806 4531 nullam
1860 4480 2090 4534 habente

2193 3281 2344 3334 ciens
2390 3282 2760 3335 intellectuttm
2805 3283 3052 3348 semina,
3093 3291 3223 3335 tunc
3263 3283 3607 3351 requiescere
3667 3299 3774 3337 nou

2193 3374 2310 3428 sine
2337 3374 2534 3427 damno
2565 3378 2671 3428 erit
2702 3374 2782 3428 eis
2816 3376 2908 3444 qui
2947 3377 3157 3446 pupulis
3190 3376 3517 3446 praesident,
3562 3392 3776 3431 merce-

2192 3467 2313 3519 dem
2349 3482 2477 3520 vero
2512 3468 2790 3521 habebunt
2839 3477 2895 3521 et
2938 3468 3148 3522 lucrum
3174 3508 3189 3533 ,
3230 3470 3275 3523 si
3316 3471 3590 3523 resistant.
3632 3470 3776 3538 Ergo

2191 3560 2447 3627 quoniam
2484 3560 2534 3612 in
2566 3560 2650 3614 his
2697 3559 2851 3615 libris
2889 3561 3004 3615 sive
3054 3562 3340 3616 memorati
3386 3562 3485 3617 viri
3532 3565 3775 3617 conscri-

2192 3652 2299 3720 ptis
2322 3666 2443 3720 qna:
2469 3653 2627 3705 modo
2658 3653 3083 3721 nominavimus,
3118 3656 3337 3708 iuventa
3369 3666 3493 3709 sunt
3528 3656 3769 3725 qua-dam

2192 3743 2395 3796 ultimae
2429 3743 2725 3812 impietatis
2757 3744 2934 3813 plena,
2962 3748 3233 3815 quomodo
3277 3755 3396 3800 erat
3433 3761 3767 3813 consequens

2193 3832 2332 3887 velle
2361 3834 2583 3886 tacere?
2618 3834 2817 3888 Dividit
2848 3837 2992 3890 enim
3041 3837 3372 3890 individuum
3418 3837 3686 3892 Christum
3717 3848 3769 3889 et

2193 3939 2291 3994 pro
2319 3940 2425 3978 uno
2458 3924 2597 3979 Filio
2642 3927 2957 3982 dualitatem
2994 3929 3122 3982 colit
3166 3945 3193 3981 a
3240 3930 3475 3984 veritate
3515 3930 3766 3984 exciden-

2194 4027 2334 4084 tem,
2390 4025 2445 4072 ct
2496 4020 2655 4088 quasi
2712 4019 2863 4074 falsis
2912 4023 3223 4077 nominibus
3277 4023 3595 4077 coloratam.
3640 4022 3770 4076 Nam

2192 4109 2361 4165 Deum
2397 4112 2657 4177 Verbum,
2691 4114 2780 4181 qui
2815 4129 2880 4167 ex
2918 4114 3029 4168 Deo
3055 4116 3216 4169 Patre
3239 4126 3346 4181 est,
3377 4118 3651 4173 hominem
3685 4133 3776 4169 vo-

2192 4203 2303 4256 cari
2341 4204 2495 4267 dicit,
2530 4220 2637 4258 non
2670 4213 2845 4259 tamen
2875 4207 3058 4260 ethoc
3090 4207 3291 4262 factum
3325 4223 3448 4263 esse
3478 4211 3774 4263 secundum

2195 4298 2514 4363 veritatem;
2563 4298 2840 4353 hominem
2881 4313 3011 4353 vero
3037 4314 3160 4354 eum
3207 4301 3297 4371 qui
3343 4317 3409 4355 ex
3455 4301 3626 4355 Maria
3657 4314 3771 4364 est,

2191 4390 2331 4443 sicut
2372 4391 2522 4455 dicit,
2557 4406 2715 4461 quem
2760 4401 2815 4447 et
2850 4408 3071 4447 carnem
3114 4404 3294 4449 astute
3328 4395 3485 4450 nobis
3529 4397 3777 4450 nominat

2194 4480 2245 4533 iu
2279 4480 2459 4534 multis
2490 4480 2621 4536 locis
2656 4482 2824 4536 Deum
2875 4484 3092 4551 quidem
3134 4484 3267 4538 dicit
3311 4494 3364 4538 et
3406 4484 3605 4540 Filium
3641 4486 3772 4547 Dei,

504 4565 618 4617 Deo
650 4562 825 4618 Verbo
856 4564 924 4619 ad
958 4564 1061 4618 hoc
1086 4566 1290 4620 dictum
1323 4569 1784 4624 communionem.
1808 4571 2090 4636 Quomodo
2126 4572 2172 4627 D
2201 4587 2305 4626 non
2333 4583 2515 4627 autem
2548 4575 2649 4629 hoc
2671 4590 2793 4631 esse
2827 4576 3122 4631 secundum
3154 4578 3461 4631 veritatem.

502 4653 672 4721 igitur
709 4668 813 4707 non
847 4656 1103 4709 omnibus
1138 4655 1425 4711 manifesta
1457 4668 1542 4712 est
1580 4660 1842 4714 adversus
1870 4661 2085 4715 beatum

506 4745 733 4797 Paulum
765 4745 1059 4828 calumnia,
1102 4748 1279 4818 magis
1301 4764 1430 4803 vero
1462 4750 1633 4818 ipsius
1657 4752 1905 4807 veritatis
1928 4768 2088 4808 aecu-

503 4836 685 4890 satio?
738 4853 838 4891 nec
893 4839 1037 4891 enim
1087 4840 1167 4895 sic
1216 4841 1485 4897 intellexit
1533 4844 1795 4913 Spiritum
1840 4858 2087 4900 sanctum

511 4929 1072 4997 habensApostolus.
1101 4931 1299 4986 lterum
1345 4949 1475 4988 vero
1520 4936 1731 4990 derivat
1777 4939 2087 5008 dogmatutn

506 5020 891 5074 rectitudinem
929 5022 995 5076 ad
1026 5039 1180 5077 suam
1211 5026 1538 5093 plaeentiam
1574 5028 1941 5087 adversarius.

510 5131 595 5188 12.
615 5128 700 5185 Ex
727 5135 955 5209 secundo
982 5133 1344 5209 libroﬁCyrilli
1373 5139 1597 5206 episcOpi
1635 5141 1991 5209 Alexandriw,
2023 5146 2087 5198 de

587 5219 648 5255 eo
671 5205 810 5273 quod
838 5221 973 5257 unus
1003 5214 1079 5259 est
1113 5204 1377 5274 Christus,
1403 5204 1592 5263 contra
1635 5204 1986 5267 Theodorum.

580 5319 732 5386 Quod
774 5330 953 5375 tamen
998 5321 1171 5375 voluit
1228 5323 1427 5391 impius
1491 5323 1778 5381 Nestorius
1833 5327 2086 5395 dogmata

577 5475 621 5507 ι’
646 5475 808 5531 Hebr.
848 5494 885 5542 ι,
920 5479 970 5538 1,
1001 5478 1054 5532 ’2.

508 5547 556 5578 ⁸³
586 5547 603 5599 l
634 5545 826 5602 Thess.
862 5565 915 5613 ν,
947 5550 1037 5615 21,
1065 5550 1158 5602 22.

1167 5477 1366 5531 “ibid.
1400 5477 1452 5531 5.
1558 5478 1603 5509 ‘9
1630 5476 1795 5533 Rom.
1855 5497 1933 5545 ix,
1996 5483 2050 5536 5.

1232 5548 1281 5580 ⁵³
1303 5547 1491 5601 Matth.
1525 5565 1685 5615 xxm,
1719 5552 1809 5605 10.

584 5690 658 5762 (1)
696 5691 895 5744 lterum
927 5706 993 5746 ex
1023 5690 1347 5745 Bibliotheca
1374 5691 1529 5753 Maii,
1566 5700 1606 5745 t.
1636 5689 1711 5757 ll,
1743 5707 1795 5761 p.
1827 5691 1951 5746 455.

585 5763 662 5827 (2)
704 5762 840 5827 Ergo
868 5778 933 5814 ex
965 5763 1133 5816 tribus
1160 5762 1267 5816 illis
1294 5763 1464 5821 libris,
1499 5777 1635 5829 quos
1660 5775 1875 5816 vett-res
1903 5764 2089 5815 dicunt

514 5847 546 5887 ι
577 5833 774 5903 byriilo
805 5845 1031 5900 scriptos
1064 5842 1250 5888 contra
1305 5832 1594 5887 Diodorum
1630 5848 1691 5887 ac
1719 5833 2084 5899 ’l‘heodorum,

2151 5486 2324 5541 50lsa.
2390 5504 2521 5556 xui,
2574 5489 2662 5545 18.

2193 4710 2307 4781 1.·ῖῖζ
2328 4709 2558 4764 Sanctus
2603 4710 2833 4781 Cyrilins
2873 4713 2949 4781 il)
2989 4715 3044 4767 in
3084 4718 3312 4768 secundo
3351 4716 3487 4770 libro
3527 4717 3775 4769 adtersns

2270 4780 2615 4856 Theodorum,
2639 4780 2947 4856 quiincipit
2977 4800 2994 4837 :
3031 4805 3049 4836 ι
3092 4784 3141 4838 li
3172 4788 3260 4855 qui
3288 4804 3499 4840 sacrum
3528 4803 3659 4856 puro
3690 4794 3775 4840 in-

2265 4853 2499 4905 tellectus
2529 4853 2680 4907 oculo
2712 4853 2908 4906 librant
2937 4858 3161 4909 scrutati
3184 4853 3311 4911 sunt
3345 4858 3444 4928 (Ξ).
3483 4878 3499 4908 ι

2268 4967 2555 5037 Discipulis
2580 4968 2760 5022 aiebat
2787 4986 2799 5022 :
2841 4987 2860 5020 ‹
2899 4968 3180 5025 Neminem
3206 4972 3260 5026 in
3288 4982 3427 5025 terra
3454 4974 3776 5040 magistrum

2193 5059 2506 5127 appelletis;
2536 5077 2675 5115 unus
2700 5071 2783 5115 est
2807 5065 2949 5117 enim
2978 5064 3168 5117 doctor
3197 5075 3371 5119 vester
3390 5065 3719 5120 Christus“.
3751 5085 3772 5118 ι

2196 5150 2332 5203 Dum
2370 5151 2440 5203 ita
2474 5154 2747 5219 apostolos
2782 5155 3123 5220 hortabatur,
3159 5157 3298 5209 haud
3333 5165 3483 5210 certe
3516 5157 3777 5210 deitatem

2198 5258 2227 5294 a
2251 5243 2447 5296 visibili
2472 5260 2699 5314 corpore
2722 5248 3040 5315 separabat;
3070 5262 3241 5316 neque
3271 5250 3382 5317 ipse
3406 5247 3657 5304 Christus
3686 5264 3778 5301 se-

2200 5343 2307 5387 met
2338 5335 2404 5387 ab
2436 5336 2615 5389 anima
2647 5349 2700 5390 et
2731 5352 2893 5391 carne
2925 5339 3155 5392 divisum
3186 5342 3490 5407 reputabat.
3524 5339 3615 5393 Sic
3644 5354 3778 5409 ergo

2780 5493 2822 5523 ⁸¹
2849 5492 2888 5546 ll
2915 5494 3043 5550 Cor.
3077 5511 3151 5560 ιγ,
3192 5495 3238 5550 ι.
3351 5499 3395 5528 δ’
3418 5496 3555 5553 Osee
3611 5514 3659 5562 v,
3719 5499 3771 5554 1.

2194 5697 2401 5764 primus
2424 5715 2633 5775 _reapse
2675 5713 2861 5757 contra
2911 5702 3201 5757 Diodorum
3250 5716 3396 5768 erat,
3437 5706 3539 5757 duo
3578 5704 3774 5775 reliqui

2194 5780 2383 5823 contra
2424 5768 2793 5840 Theodorum,
2838 5783 2894 5829 ut
2932 5791 2999 5830 ex
3042 5777 3283 5845 ipsorum
3326 5778 3493 5832 initiis
3532 5768 3771 5832 constat.
