4000 6326
299 394 324 449 1
340 391 439 451 H9

1500 383 1919 441 FRAGMENTA
1956 381 2370 441 DOGMATICA.

3414 385 3553 445 1450

298 522 422 562 cum
454 505 594 560 Deus
620 512 765 560 esset
791 510 845 558 et
873 503 1055 568 homo,
1088 515 1284 573 nempe
1313 501 1508 558 visibili
1542 504 1713 559 forma
1747 520 1862 560 serv
1895 511 1941 567 Α
1968 514 2054 559 cta
2093 512 2198 558 est.
2237 504 2331 559 Sic
2367 503 2622 559 Dominus
2656 504 2783 558 dum
2828 505 2881 557 in
2910 501 3148 575 Virginis
3183 513 3338 561 utero
3372 517 3548 571 esset,

299 612 421 661 vus.
456 595 804 652 intellectuali
839 595 1028 651 notitia
1068 594 1350 657 Dominus,
1384 594 1604 649 deitatis
1637 596 1870 651 excelsi-

302 699 466 744 tatem
497 688 597 744 sub
626 688 812 743 humili
844 686 1199 742 humanitatis
1228 700 1391 740 sensu
1423 685 1633 740 celabat
1663 708 1677 741 :
1712 688 1871 742 vicis-

300 783 512 851 simque
554 778 786 835 visibilis
833 778 1081 849 corporis
1128 776 1527 843 humilitatem,
1572 777 1872 834 divinitatis

300 875 537 931 ellicacia
561 873 876 930 extollebat.

593 988 813 1045 Joastvts
850 986 1214 1044 CESABISNSIS
1251 1005 1578 1046 ADNO’I'A'I'IO.

371 1118 550 1177 Locus
591 1119 990 1188 suprascriptus
1035 1135 1063 1173 a
1114 1119 1323 1189 Cyrillo
1370 1127 1557 1189 contra
1603 1118 1871 1174 Theodori

301 1192 607 1247 doctrinam
642 1190 966 1258 productus,
1002 1188 1278 1245 auctorem
1319 1189 1479 1244 habet
1510 1188 1871 1258 Theophilum

300 1261 722 1317 Alexandrinum
751 1260 1086 1329 episcopum.

373 1330 703 1401 CyrillusAin
748 1329 854 1401 alia
900 1328 1166 1384 sententia
1212 1328 1452 1401 ejusdem
1507 1329 1629 1385 libri
1681 1337 1870 1401 contra

303 1399 569 1456 Theodori
598 1399 936 1463 doctrinam;
967 1414 1088 1468 qua}
1115 1400 1377 1469 particula
1409 1407 1586 1454 exstat
1616 1403 1667 1453 in
1700 1399 1869 1469 prima

302 1473 367 1525 ad
401 1470 717 1524 Cledonium
752 1470 977 1536 epistola
1010 1469 1255 1537 Gregorii
1293 1468 1613 1525 Nazianzeni
1651 1468 1720 1523 ad
1751 1470 1870 1524 Cle-

302 1544 542 1596 tlonium.
572 1538 766 1606 Incipit
799 1538 1148 1607 fragmentum
1177 1553 1196 1591 :
1232 1537 1308 1591 Ne
1339 1540 1584 1594 homines
1620 1540 1706 1594 isti
1738 1540 1872 1593 alios

302 1610 593 1679 decipiant.
624 1607 825 1664 Desinit
856 1624 876 1661 :
906 1609 1075 1664 'l‘otus
1103 1610 1265 1663 homo
1295 1608 1347 1662 in
1380 1620 1662 1678 peccatum
1695 1613 1873 1679 lapsus

304 1682 617 1751 relingatur.

579 1789 668 1846 H.
712 1789 857 1844 Idem
888 1788 1119 1860 Cyrillus
1150 1789 1205 1843 in
1234 1792 1413 1844 eodem
1445 1790 1602 1844 libro.

1979 604 2141 664 atque
2171 595 2238 648 ad
2267 593 2414 648 illius
2443 593 2799 647 substantiam
2835 593 3011 647 adhuc
3042 593 3315 659 attineret,
3342 595 3549 648 honore

1978 684 2099 739 Filii
2121 686 2363 739 carebat.
2384 683 2519 738 Cum
2542 692 2723 739 autem
2746 684 3119 739 conformatus
3138 693 3241 749 est,
3266 686 3547 754 templum-

1978 788 2085 843 que
2119 772 2212 827 Dei
2236 773 2396 828 Verbi
2429 771 2654 827 eﬂ’ectus
2689 780 2906 840 recepto
2939 770 3260 840 Uuigenito,
3293 771 3550 825 honorem

1979 866 2212 920 nominis
2240 865 2464 935 adeptus
2493 876 2612 928 est,
2641 880 2708 919 ex
2738 879 2848 935 quo
2878 864 2953 918 illi
2985 865 3157 935 gloria
3190 864 3421 918 accessit
3450 863 3550 934 (l).

2106 978 2192 1034 18.
2234 978 2383 1033 Idem
2414 976 2645 1048 Cyrillus
2678 986 2871 1033 contra
2903 978 3122 1031 Diodori
3147 978 3425 1048 scriptum.

2048 1110 2500 1168 Prmclarissime!
2537 1112 2660 1174 Aio,
2682 1112 2849 1167 verba
2872 1125 2992 1181 quae
3026 1125 3185 1165 nemo
3220 1111 3426 1179 docuit,
3456 1112 3551 1164 sed

1979 1219 2008 1256 a
2040 1213 2088 1258 te
2117 1202 2329 1273 publice
2356 1203 2799 1272 pronuntiantur,
2826 1201 3163 1269 gravissimis
3186 1202 3440 1255 sordibus
3468 1201 3548 1252 in-

1978 1292 2213 1362 quinari.
2242 1292 2439 1348 Sancta
2472 1292 2559 1347 illa
2590 1308 2745 1357 caro,
2776 1306 2898 1362 quae
2926 1291 3107 1345 Mariae
3136 1292 3260 1356 fuit,
3287 1291 3399 1359 jam
3429 1291 3551 1346 inde

1979 1398 2007 1436 a
2036 1384 2210 1452 primo
2235 1395 2527 1451 conceptus
2553 1393 2854 1451 momento,
2880 1384 2993 1438 sive
3023 1384 3076 1438 in
3105 1391 3259 1438 utero
3283 1384 3553 1438 exsisten-

1979 1477 2091 1540 tias,
2126 1484 2311 1530 sancta
2353 1473 2475 1543 fuit,
2516 1485 2704 1545 utpote
2744 1475 2952 1530 Christi
2998 1488 3193 1544 corpus
3230 1492 3245 1528 :
3284 1488 3553 1545 nemoque

1979 1566 2059 1621 vel
2088 1573 2305 1622 tenuem
2333 1569 2581 1623 concedit
2608 1566 2871 1637 temporis
2899 1565 3068 1621 fuisse
3095 1565 3384 1619 articulum
3402 1605 3418 1629 ,
3445 1578 3553 1633 quo

1981 1657 2067 1711 illa
2093 1659 2398 1713 communis
2423 1659 2668 1726 czeterisq
2681 1673 2747 1713 ue
2777 1657 3034 1711 carnibus
3061 1656 3256 1710 similis
3284 1653 3469 1717 fuerit,
3496 1664 3553 1708 ttt

1980 1764 2009 1802 a
2038 1758 2090 1803 te
2116 1750 2318 1803 dictum
2345 1758 2461 1813 est,
2492 1760 2549 1805 et
2578 1764 2681 1803 non
2712 1749 2891 1818 potius
2915 1746 3074 1801 Verbi
3107 1761 3255 1801 caro.

382 1918 400 1952 ι
445 1900 580 1955 Cum
612 1900 932 1970 Unigenitus
963 1914 1020 1956 se
1052 1900 1451 1966 incarnaverit,
1481 1900 1574 1969 qui
1602 1900 1711 1955 vita
1743 1914 1869 1953 sua-

1980 1884 2055 1938 Ex
2085 1882 2282 1937 Sevcm
2310 1884 2641 1970 Ακτιρειξιςῖιη]
2670 1897 2928 1970 aromata
2959 1897 3059 1937 ιηιο
3084 1896 3254 1970 uncus
3280 1896 3379 1970 suo
3407 1898 3546 1945 ouou

303 2002 394 2062 pte
426 2001 615 2045 natura
646 1998 750 2052 est,
783 2005 1031 2059 regressa
1062 2000 1146 2044 est
1177 1992 1242 2044 ad
1272 1990 1438 2044 vitam
1472 2000 1661 2044 natura
1695 1991 1872 2045 homi-

304 2084 409 2137 nis.
439 2081 556 2152 lpse
580 2097 709 2137 vero
736 2091 895 2149 caput
921 2082 1166 2136 omnium
1195 2089 1302 2146 est,
1332 2081 1565 2151 ideoque
1590 2080 1877 2136 viviﬁcans

305 2174 433 2230 illttd
478 2174 657 2229 Patris
694 2172 927 2229 Verbum
951 2188 1171 2228 carnem
1214 2174 1315 2228 sibi
1361 2172 1636 2243 proliriam
1684 2172 1876 2227 ascivit

302 2281 425 2338 quae
464 2269 517 2321 in
558 2266 748 2321 mortis
791 2265 1058 2335 mancipio
1097 2272 1239 2329 erat,
1276 2273 1335 2319 ut
1379 2265 1506 2319 dum
1545 2280 1666 2319 eam
1714 2265 1873 2318 morti

302 2359 729 2429 corruptelazque
759 2358 1095 2426 superiorem
1122 2356 1382 2419 ediceret,
1418 2357 1559 2410 idem
1594 2356 1748 2410 nobis
1777 2358 1873 2410 do-

305 2465 431 2504 num
476 2450 862 2519 impertiretur.
899 2449 1077 2517 Atque
1118 2456 1175 2501 ut
1219 2449 1273 2502 in
1320 2448 1511 2502 mortis
1549 2457 1873 2516 potestatem

304 2542 495 2595 Atlami
527 2556 691 2595 causa
729 2541 1035 2607 incidimus,
1069 2542 1139 2594 ita
1178 2555 1275 2610 per
1302 2540 1579 2595 Christum
1614 2556 1645 2593 a
1682 2540 1875 2595 mortis

303 2634 510 2687 saevitia
538 2632 768 2697 liberati,
793 2632 971 2687 denuo
998 2632 1269 2687 tendimus
1293 2633 1361 2687 ad
1389 2632 1871 2686 immortalitatem.

306 2766 393 2821 15.
439 2766 585 2821 Idem
613 2766 839 2837 (.‘yrillus
864 2767 920 2821 in
944 2767 1099 2820 tertio
1126 2777 1308 2819 contra
1334 2766 1667 2837 Theodorum
1704 2763 1877 2837 Mons-

373 2840 556 2891 stestite
578 2835 876 2905 episcopum
915 2838 1079 2899 libro,
1103 2838 1193 2906 qui
1220 2839 1403 2907 incipit
1426 2852 1446 2889 :
1486 2856 1505 2889 ι
1536 2836 1733 2890 Nostra
1767 2835 1878 2902 [or-

372 2912 514 2963 sitan
547 2909 701 2961 verba
733 2911 869 2960 dura
901 2918 1044 2962 sunt.
1081 2925 1102 2959 ι

374 3042 510 3096 Audi
544 3056 641 3096 nos
672 3043 851 3112 itaque
880 3051 1043 3112 atque
1070 3042 1331 3113 intellige,
1359 3058 1392 3097 ο
1419 3042 1602 3109 homo,
1633 3043 1877 3114 mysterii

303 3134 751 3209 profunditatem,
775 3137 916 3204 quod
943 3150 1066 3189 cum
1093 3149 1375 3189 sacrorum
1404 3134 1662 3189 librorum
1690 3139 1877 3190 ortho-

2086 1969 2423 2009 ttvscntsrrnn
2452 1951 2798 2018 Philaletltes,
2829 1967 2880 2006 IN
2910 1967 3102 2007 CODICE
3128 1953 3265 2007 Var.
3296 1953 3425 2007 Svn.

2180 2068 2269 2123 19.
2311 2066 2458 2122 Idem
2487 2065 2718 2137 Cyrillus
2747 2066 2999 2121 adversus
3029 2066 3343 2121 Diodorum.

2051 2201 2221 2257 Sicuti
2255 2203 2419 2258 etiam
2456 2203 2594 2257 idem
2628 2201 2897 2267 Verbum,
2934 2202 3001 2257 de
3033 2201 3213 2257 Patris
3247 2203 3547 2258 substantia

1977 2294 2243 2365 genitum,
2282 2294 2570 2348 Abrahami
2620 2309 2804 2350 semen
2853 2295 2905 2348 in
2949 2308 3118 2348 carne
3160 2294 3549 2363 apprehendit,

1980 2387 2139 2456 idque
2182 2400 2279 2454 per
2314 2386 2737 2455 dispensationis
2780 2384 3126 2455 mysterium,
3164 2386 3282 2438 sine
3324 2386 3556 2454 propriae

1981 2476 2297 2532 substantia:
2340 2477 2686 2531 detrimento.
2737 2475 2946 2530 Etenim
2996 2490 3120 2530 cum
3169 2486 3315 2531 esset
3362 2486 3552 2530 natura

1985 2570 2155 2633 Deus,
2190 2581 2348 2623 verus
2383 2583 2599 2638 quoque
2638 2568 2875 2623 hominis
2909 2568 3082 2624 Filius
3119 2568 3298 2625 factus
3330 2581 3414 2625 est
3448 2588 3462 2624 :
3499 2580 3555 2623 et

1980 2660 2073 2730 qui
2103 2658 2272 2714 Filius
2301 2658 2447 2713 Patri
2483 2661 2591 2714 Deo
2620 2668 2726 2725 est,
2754 2674 2861 2713 non
2896 2670 2980 2715 est
3010 2661 3084 2715 illi
3116 2669 3429 2727 extraneus,
3460 2676 3556 2716 ue-

1980 2766 2085 2820 que
2111 2750 2306 2806 falsum
2333 2751 2453 2805 Filii
2483 2766 2680 2805 nomen
2710 2751 2850 2821 gerit
2878 2770 2893 2807 :
2921 2752 3124 2807 etenim
3153 2767 3341 2822 reapse
3367 2769 3431 2807 ex
3463 2751 3557 2807 illo

1981 2850 2140 2898 natus
2163 2850 2247 2897 est
2268 2841 2524 2897 ineﬂ'abili
2549 2858 2859 2915 arcanoque
2885 2844 3065 2909 modo,
3089 2859 3397 2915 quanquam
3422 2861 3555 2899 tton-

1982 2935 2084 2989 nisi
2108 2935 2162 2989 in
2183 2948 2347 2989 carne
2366 2944 2492 3005 post
2514 2935 2899 2991 adunationem
2923 2945 3304 3006 cognoscatur.
3322 2935 3402 2991 Tu
3425 2952 3556 3008 ergo

1980 3027 2107 3081 dum
2134 3027 2251 3095 ejus
2282 3027 2655 3083 tantummodo
2687 3029 3196 3084 transmutationem
3226 3029 3470 3086 admittis
3502 3033 3555 3085 in

1980 3134 2197 3174 carnem
2234 3120 2528 3174 inanimem
2568 3119 2959 3190 intellectuque
2990 3131 3301 3189 carentem,
3337 3124 3555 3176 unicum

301 3229 463 3284 doxia
489 3242 761 3298 scopoque
786 3227 1078 3282 consentit.
1106 3226 1289 3282 Deitas
1314 3243 1344 3281 a
1373 3243 1559 3294 carne,
1587 3229 1640 3283 id
1666 3238 1752 3283 est
1778 3230 1873 3282 lm-

1982 3212 2131 3265 illum
2172 3212 2225 3266 in
2271 3211 2408 3266 duos
2452 3211 2649 3266 dividis
2698 3210 2859 3279 ﬁlios,
2905 3213 3187 3268 veritatem
3235 3214 3373 3267 hanc
3414 3214 3557 3283 quod

302 3336 464 3376 mana
497 3330 718 3386 natura,
746 3319 922 3375 dill'ert
959 3320 1258 3376 secundum
1294 3321 1572 3390 utriusque
1605 3318 1876 3389 propriam

302 3412 590 3467 rationem.
628 3412 797 3466 Secus
835 3410 1108 3481 quomodo
1148 3411 1307 3464 nobis
1345 3410 1540 3464 similis
1575 3409 1875 3473 evasisset,

302 3501 738 3572 quandoquidem
766 3502 857 3556 Dei
879 3499 1116 3557 Verbqu
1143 3501 1195 3555 in
1220 3515 1318 3555 suo
1343 3515 1565 3571 prorsus
1588 3509 1729 3556 statu
1756 3516 1878 3571 per-

303 3594 538 3649 mansit?
567 3593 760 3647 Verum
801 3594 848 3648 si
888 3595 1039 3649 carni
1074 3594 1191 3665 ejus
1224 3593 1637 3664 inseparabilem
1672 3595 1879 3647 aduna-

303 3686 501 3740 tionem
533 3686 817 3751 attribuas,
844 3700 1021 3754 neque
1046 3699 1167 3741 eam
1197 3701 1292 3740 sua
1319 3694 1470 3740 veste
1500 3686 1724 3755 spolies,
1754 3687 1866 3739 uni-

302 3792 424 3831 cum
466 3786 595 3831 tunc
639 3777 832 3832 Filium
873 3779 1130 3832 adorabis
1172 3777 1315 3833 Patri
1360 3778 1876 3833 consubstantialem

302 3869 607 3934 divinitate,
631 3868 788 3924 nobis
817 3870 942 3924 item
972 3869 1486 3925 consubstantialem
1517 3870 1873 3924 humanitate.

304 3962 471 4018 Porro
494 3964 584 4031 qui
617 3963 690 4016 ita
718 3962 927 4032 opinari
955 3962 1277 4028 decernunt,
1303 3963 1383 4017 eis
1410 3962 1665 4017 Christus
1694 3962 1873 4016 lumen

303 4056 609 4127 suppeditat
638 4054 707 4109 ad
736 4055 938 4109 suimet
965 4055 1280 4125 mysterium
1308 4056 1764 4124 cognoscendum.

576 4188 665 4244 16.
704 4187 852 4242 Idem
885 4187 1116 4259 Cyrillus
1148 4190 1202 4243 in
1232 4192 1413 4245 eodem
1443 4188 1598 4243 tibro.

373 4300 618 4357 llominis
656 4316 778 4371 qum
820 4302 874 4356 in
915 4302 1135 4358 Christo
1176 4312 1263 4358 est
1304 4311 1534 4369 natura,
1578 4302 1877 4357 honoratur

302 4411 435 4453 sane
475 4409 540 4448 ac
576 4395 977 4460 sanctiﬁcatur;
1013 4405 1387 4451 verumtamen
1430 4404 1699 4466 quatenus
1736 4395 1877 4451 Dens

301 4501 403 4554 est,
441 4488 708 4560 baptismo
744 4502 851 4541 non
892 4487 1184 4557 indigebat,
1220 4502 1395 4557 neque
1429 4488 1665 4557 Spiritus
1698 4489 1872 4544 sancti

302 4582 465 4645 dono,
490 4578 922 4650 quandoquidem
951 4579 1124 4648 ipsum
1153 4579 1416 4645 Spiritum
1447 4580 1588 4635 idem
1616 4584 1800 4637 donat.

302 4716 377 4770 Ex
417 4730 634 4771 INEDI'I‘O
665 4711 963 4768 PItilaletlte
997 4713 1194 4769 SEVERI
1227 4729 1562 4769 ammonens
1600 4730 1651 4769 IN
1686 4728 1874 4771 CODICE

788 4784 1020 4839 SVBIACO
1055 4783 1353 4839 VATICANO.

303 4896 391 4950 17.
430 4894 693 4950 Diodorus
717 4893 869 4948 Tarsi
894 4894 1167 4962 episcopus
1194 4893 1340 4964 impii
1363 4892 1599 4948 Nestorii
1625 4894 1874 4964 magister

893 4964 991 5035 [ita
1023 4962 1280 5034 scripsit].

369 5099 503 5154 Cum
531 5099 704 5154 adhuc
732 5096 916 5152 Maria
940 5105 1084 5152 esset
1110 5110 1241 5151 caro
1265 5095 1378 5161 illa,
1406 5096 1631 5152 necdum
1657 5112 1874 5152 assum-

301 5201 422 5259 pta,
458 5200 669 5245 terrena
699 5199 847 5254 erat,
885 5202 1058 5259 neque
1089 5188 1358 5243 ullatenus
1386 5203 1416 5242 a
1449 5190 1659 5243 caeteris
1691 5190 1874 5243 carni-

301 5285 400 5339 bus
428 5282 709 5338 differebat
736 5299 750 5336 :
778 5281 872 5337 sed
901 5281 954 5335 in
984 5280 1264 5335 nativitate
1291 5282 1508 5335 demum
1540 5281 1746 5337 honore
1774 5296 1872 5336 au-

401 5464 453 5532 t)
496 5460 656 5533 Vides
686 5470 870 5533 putam
901 5461 1147 5517 haeresim
1178 5458 1585 5533 Nestorianam,
1614 5476 1777 5532 quam
1811 5463 1865 5518 in

301 5543 563 5600 sequente
592 5532 895 5600 fragmento
924 5533 1163 5586 retundit
1191 5532 1445 5601 Cyrillus.

374 5605 451 5675 (2)
480 5602 731 5675 plutellige
769 5602 1070 5675 apol0giam
1109 5611 1298 5675 contra
1340 5602 1632 5675 orientales
1662 5602 1867 5675 episco-

339 5672 418 5727 οὲ.
458 5673 566 5726 Sed
608 5683 786 5727 tamen
831 5674 898 5727 de
940 5672 1191 5741 capitulis
1232 5685 1447 5741 quoque
1490 5672 1756 5727 Theodori
1801 5689 1865 5725 ac

339 5690 418 5727 os.
459 5689 566 5726 aeu
608 5689 786 5727 tamen
831 5689 898 5727 ne
940 5689 1191 5741 capttuns
1232 5689 1447 5741 quoque
1500 5689 1756 5727 rneouort
1801 5689 1864 5725 ac

302 5689 523 5797 Biodori
563 5758 593 5796 a
634 5757 691 5797 se
714 5742 977 5811 refutatis
1014 5743 1249 5811 loquitur
1279 5740 1515 5810 Cyrillus
1560 5744 1611 5795 in
1636 5744 1864 5810 epistola

304 5815 371 5867 ad
398 5814 651 5869 Acacium
681 5810 1417 5880 Melitenensemepiscopum
1448 5817 1567 5882 (ep.
1601 5812 1692 5883 40)
1723 5833 1734 5868 :
1771 5811 1863 5867 ln-

622 5904 903 5970 Parnut.
940 5906 1053 5967 GR.
1087 5905 1181 5967 LX
1204 5904 1359 5965 XVI.

1980 3318 2120 3358 unus
2151 3303 2223 3357 sit
2252 3302 2420 3358 Filius
2450 3302 2613 3373 impie
2645 3316 2929 3373 respuens.

2039 3435 2115 3491 EX
2149 3452 2325 3491 EADEM
2359 3434 2558 3491 SEVERI
2588 3438 2926 3493 ANTIOCHI-IN!
2956 3454 3215 3494 APOLOGIA
3248 3454 3297 3493 IN
3326 3454 3504 3494 EODEI

2660 3522 2875 3562 CODICE.

2166 3620 2257 3677 20.
2302 3620 2453 3675 Idem
2486 3619 2721 3690 Cyrillus
2755 3621 3006 3676 adversus
3041 3622 3357 3680 Diodorum.

2051 3732 2205 3802 Smpe
2228 3733 2337 3801 jam
2367 3733 2621 3800 diximus,
2648 3748 2755 3802 quo
2786 3741 3027 3802 tempore
3054 3736 3414 3805 capitulorum
3440 3753 3557 3795 om-

1981 3825 2129 3879 nium
2155 3825 2456 3893 apologiam
2482 3824 2883 3894 quodammodo
2915 3825 3142 3882 fecimus
3169 3828 3271 3899 (‘2),
3300 3846 3405 3885 non
3433 3847 3561 3901 proe

1978 3927 2163 3986 pterea
2201 3916 2348 3985 quod
2390 3925 2597 3970 natura:
2639 3916 2704 3969 ad
2748 3918 3134 3973 adunationem
3174 3931 3554 3986 accesserunt,

1978 4007 2185 4063 idcirco
2222 4008 2537 4062 dualitatem
2573 4008 2661 4077 (in
2695 4007 2948 4083 Christo)
2981 4024 3103 4066 esse
3137 4012 3551 4070 admittendam.

1978 4098 2191 4155 Etenim
2231 4098 2375 4154 sicut
2396 4100 2582 4165 homo,
2609 4100 2856 4169 quamvis
2888 4116 2957 4156 ex
2994 4102 3177 4157 anima
3211 4103 3461 4159 rationali
3502 4116 3557 4160 et

1976 4205 2207 4260 corpore
2241 4193 2598 4260 compositus,
2632 4206 2774 4246 unus
2808 4202 2893 4247 est
2926 4207 3102 4262 neque
3133 4195 3186 4249 in
3221 4195 3331 4251 duo
3361 4198 3554 4254 dividi-

1980 4293 2087 4349 tur,
2124 4284 2285 4352 idque
2324 4292 2495 4339 totum
2534 4282 2735 4339 dicitur
2768 4284 2967 4339 animal
3007 4285 3269 4343 rationale
3301 4303 3367 4344 ac
3405 4305 3554 4345 mor-

1978 4375 2102 4441 tale,
2127 4390 2435 4446 quanquam
2464 4390 2656 4445 reapse
2681 4390 2787 4432 una
2819 4376 2871 4433 in
2900 4386 3054 4447 parte
3082 4380 3333 4444 mortale,
3360 4381 3417 4437 in
3447 4383 3555 4438 alia

1977 4466 2269 4533 rationale;
2306 4467 2388 4521 sic
2418 4466 2585 4522 etiam
2623 4466 2969 4535 Emmanuel,
3004 4482 3131 4525 cum
3160 4470 3234 4525 sit
3268 4487 3441 4535 unus,
3473 4474 3556 4529 di-

1906 4559 1951 4615 D
1980 4557 2206 4613 vinitate
2228 4565 2285 4611 et
2307 4557 2640 4612 humanitate
2660 4568 2938 4625 constans,
2961 4573 3191 4629 quarum
3214 4577 3311 4632 per
3329 4579 3389 4619 se
3411 4574 3556 4619 utra-

1982 4663 2088 4718 que
2120 4649 2357 4718 perfecta
2391 4656 2503 4710 est,
2539 4648 2678 4703 idem
2716 4649 2857 4705 Deus
2888 4660 2970 4706 est
2998 4658 3054 4706 et
3088 4653 3279 4719 homo,
3316 4656 3558 4712 mortalis

1980 4752 2037 4795 et
2061 4741 2383 4797 immortalis
2399 4783 2415 4807 ,
2444 4742 2755 4811 temporalis
2776 4753 2833 4796 et
2856 4742 3007 4813 prior
3029 4744 3285 4801 omnibus
3310 4747 3554 4815 seculis,

1980 4831 2261 4901 palpabilis
2280 4842 2335 4887 et
2358 4832 2738 4904 impalpabilis,
2762 4833 2990 4889 visibilis
3013 4846 3068 4888 et
3091 4834 3398 4893 invisibilis.
3421 4837 3557 4895 Nam

1979 4922 2027 4977 si
2074 4921 2162 4977 ille
2206 4930 2395 4977 natura
2442 4938 2540 4979 sua
2589 4923 2928 4984 immortalis.
2974 4924 3109 4979 nihil
3156 4931 3477 4999 sumpsisset
3524 4946 3556 4985 a

1980 5012 2194 5066 mortali
2231 5021 2448 5077 natura,
2486 5014 2539 5069 id
2570 5022 2655 5068 est
2684 5012 2980 5069 Abrahami
3016 5016 3245 5082 semine,
3280 5018 3426 5074 haud
3460 5036 3558 5075 nos

1978 5103 2228 5171 equidem
2259 5107 2499 5160 renovati
2527 5119 2774 5160 essemus
2803 5116 2967 5176 atque
2997 5106 3064 5161 ad
3096 5107 3557 5167 immortalitatem

1979 5196 2178 5263 erecti;
2218 5211 2466 5267 vanaque
2511 5208 2696 5254 nostra
2741 5199 2873 5254 lides
2919 5200 3090 5267 foret,
3126 5209 3183 5256 et
3226 5200 3281 5257 in
3323 5205 3560 5272 peccatis

1981 5286 2185 5340 nostris
2217 5286 2391 5342 adhuc
2416 5286 2745 5355 iaceremus.

1975 5465 2161 5532 spectis
2199 5463 2472 5538 Theodori,
2497 5481 2561 5519 ac
2600 5465 2820 5538 Diodori
2856 5466 3026 5530 libris,
3061 5483 3192 5538 quos
3234 5470 3561 5537 scripserunt

1975 5551 2079 5589 non
2115 5540 2180 5589 de
2212 5537 2576 5590 incarnatione
2608 5536 2903 5605 Unigeniti,
2938 5540 3029 5591 sed
3067 5536 3236 5607 magis
3269 5536 3453 5593 contra
3489 5542 3563 5592 in-

1974 5608 2368 5678 carnationem,
2397 5609 2551 5674 posui
2581 5608 2768 5678 aliqua
2796 5622 2862 5660 ea:
2891 5608 3173 5676 capitulis,
3205 5618 3252 5661 et
3283 5625 3387 5678 quo
3416 5614 3561 5677 potui

1974 5677 2129 5748 modo
2155 5678 2455 5730 contradixi
2485 5680 2583 5740 eis,
2611 5676 2891 5731 declarans
2919 5676 3315 5733 abominatione
3343 5676 3560 5748 prorsus

1974 5747 2179 5814 plenam
2211 5763 2321 5802 esse
2352 5749 2665 5802 sententiam
2697 5748 2951 5816 ipsorum.

3166 5906 3241 5968 46
