4000 6326
480 437 614 495 “Si

1460 440 1515 495 S.
1554 438 1832 497 CYRILIJ
1873 442 2291 499 FRAGMENTA
2335 441 2750 497 DOGMATICA.

3587 440 3733 496 ηδε
3763 410 3772 431 ³

470 552 546 607 Ε*
574 566 972 619 QUESTIONIBUs
1004 552 1200 606 Seu-2m
1227 550 1555 626 Auruncuem
1583 570 1688 609 cun
1717 572 2041 624 ιιιιιετιεις,
2072 561 2115 617 Α
2148 554 2518 626 imperfectus,
2546 564 2768 626 peccato
2794 566 2983 607 carere
3014 552 3239 621 nequit:
3267 552 3466 608 etenim
3498 554 3592 622 qui
3622 570 3729 609 una

660 696 661 699 η
926 637 976 677 IN
1013 638 1132 677 suo
1165 637 1283 676 con.
1318 624 1445 676 Svn.
1480 622 1617 678 Var.

667 735 759 791 2i.
804 735 950 789 Idem
982 735 1210 805 Cyrillus
1240 737 1489 790 adversus
1524 738 1835 793 Diodorum.

545 848 805 903 Sanctum
836 848 980 902 enim
1008 857 1093 903 est
1124 863 1187 902 ac
1214 848 1335 904 sine
1366 861 1590 917 peccato
1617 865 1816 918 corpus
1842 851 2044 906 Christi

476 942 570 995 Dei
609 940 1022 1009 Servatorisque
1056 942 1224 995 nostri
1263 958 1279 995 :
1315 950 1368 994 et
1401 943 1540 1010 quod
1574 943 1790 1011 quidem
1826 944 1892 996 ad
1926 943 2045 997 eul-

476 1047 597 1100 pum
638 1033 851 1095 attinet,
881 1030 992 1102 jam
1035 1032 1159 1086 inde
1202 1048 1230 1085 a
1274 1032 1450 1102 primo
1494 1035 1880 1089 incarnationis
1930 1050 2045 1089 mo-

477 1132 660 1177 mento
692 1123 1098 1192 incorruptibile
1129 1123 1256 1191 fuit,
1288 1134 1451 1192 atque
1478 1125 1530 1179 in
1563 1140 1625 1179 ea
1657 1127 1914 1193 qualitate
1942 1140 2047 1181 non

474 1222 558 1267 est
594 1214 644 1266 ei
682 1213 787 1266 ulla
822 1214 1096 1268 nobiscum
1134 1215 1441 1268 communio
1474 1215 1554 1269 vel
1592 1216 1889 1268 similitudo
1924 1238 1936 1272 :
1967 1225 2050 1270 et-

476 1302 620 1355 enim
662 1302 766 1357 alia
806 1305 995 1372 quavis
1040 1317 1100 1357 re
1141 1303 1295 1357 nobis
1333 1314 1415 1358 est
1453 1305 1647 1359 similis
1689 1315 2046 1375 praeterquam

475 1392 652 1462 culpa.
682 1392 984 1463 Cateroqui
1013 1395 1258 1449 eamdem
1288 1407 1504 1447 carnem
1534 1394 1891 1463 eumdemque
1919 1411 2050 1450 san-

475 1485 695 1554 guinem
726 1484 802 1539 uti
828 1500 925 1539 nos
949 1485 1313 1554 participavit,
1333 1495 1393 1540 ut
1418 1485 1494 1539 ait
1519 1486 1806 1555 Apostolus
1828 1487 1893 1540 ⁸⁵.
1915 1486 1959 1542 Ο
1979 1489 2049 1543 mi

477 1579 772 1633 reverende
795 1578 885 1648 qui
913 1576 1074 1633 Stulta
1102 1593 1167 1634 ac
1193 1578 1502 1647 turpissima
1528 1579 1691 1632 verba
1718 1577 1931 1646 eﬁ'utis;
1959 1596 2050 1634 sa-

476 1682 629 1722 crum
665 1669 879 1738 quidem
915 1685 1111 1741 corpus
1143 1671 1274 1726 illud
1305 1672 1371 1725 de
1405 1670 1572 1724 Maria
1606 1681 1924 1740 sumptum,
1962 1674 2051 1726 iur-

479 1760 722 1816 firmitati
748 1770 863 1817 erat
889 1762 1203 1826 obnoxium,
1229 1762 1321 1816 sed
1349 1772 1527 1815 tamen
1548 1760 1659 1828 jam
1689 1762 1812 1816 inde
1840 1764 1907 1817 ab
1934 1764 2051 1833 ejus

477 1853 840 1908 concretionis
864 1854 1036 1919 initio,
1057 1866 1111 1909 et
1138 1854 1189 1908 in
1217 1862 1373 1908 utero
1397 1852 1778 1919 subsistentia,
1801 1866 2046 1908 sanctmn

480 1941 667 2011 utique
701 1956 916 2012 semper
947 1941 1077 2007 fuit,
1113 1942 1239 2011 quia
1275 1940 1478 1996 Christi
1515 1955 1711 2011 corpus
1744 1952 1892 2007 erat,
1930 1943 2047 1996 nul-

479 2034 698 2099 lumque
744 2033 1001 2103 temporis
1049 2032 1389 2088 intervallum
1446 2031 1565 2100 fuit,
1608 2047 1715 2103 quo
1761 2034 1891 2088 illud
1943 2050 2049 2090 non

481 2124 799 2193 possederit.
831 2124 997 2180 Porro
1029 2124 1275 2195 simplex,
1318 2133 1376 2179 ut
1410 2125 1510 2190 ais,
1546 2134 1647 2188 est,
1684 2126 1893 2181 cteteris
1927 2142 2053 2182 car-

482 2216 638 2270 nibus
668 2227 1063 2286 comparatum.

479 2330 571 2384 22.
599 2331 727 2386 low
751 2331 1019 2387 Crmtws
1036 2348 1171 2388 mm
1199 2332 1398 2390 Ssvsm
1423 2349 1824 2394 Λροιοαετιεωι
1846 2350 2057 2392 CONTRA

552 2401 819 2457 JDLIANUI
856 2402 1415 2469 llALtcnmesenssu.
1443 2423 1495 2461 IN
1522 2420 1713 2464 CODICE
1730 2405 1857 2461 Svn.
1883 2405 2018 2462 Vn.

552 2514 903 2586 Participavit
937 2516 1101 2585 igitur
1132 2531 1285 2586 teque
1325 2533 1389 2571 ac
1434 2535 1532 2575 nos
1576 2534 1797 2573 carnem
1840 2530 1894 2574 et
1933 2536 2059 2575 sau-

482 2610 718 2680 guinem,
766 2620 825 2664 ut
871 2610 923 2664 in
967 2625 1133 2665 carne
1175 2626 1269 2664 sua
1319 2612 1645 2667 dtemoulum
1697 2624 2054 2683 oppugnaret,

485 2716 657 2771 eoque
684 2700 981 2770 profligato,
1006 2702 1255 2755 mortalia
1282 2714 1460 2757 nostra
1488 2720 1716 2774 corpora
1740 2707 1806 2758 ad
1833 2705 2050 2758 immor-

487 2794 744 2847 talitatem
770 2780 1107 2867 transferret,
1126 2795 1365 2864 jugoque
1392 2795 1524 2866 legis
1545 2797 1913 2861 subtraheret,
1939 2812 2059 2866 quae

484 2887 744 2941 adversus
786 2886 1022 2940 membra
1063 2886 1242 2941 carnis
1287 2888 1664 2957 prcevalueral.
1708 2888 1860 2944 Haud
1904 2892 2060 2945 aliter

484 2978 650 3031 vitam
686 2986 1021 3045 mortemque
1057 2978 1200 3032 inter
1229 2993 1288 3033 se
1324 2978 1510 3048 praelia
1541 2979 1878 3034 committere
1909 2992 2060 3049 pole—

486 3078 595 3133 rat,
632 3069 733 3123 nisi
768 3066 983 3123 mortali
1018 3085 1245 3138 corpore
1280 3086 1409 3124 usus
1442 3069 1655 3133 fuisset,
1690 3086 1865 3141 neque
1901 3070 2055 3138 cupi-

484 3161 717 3217 ditatum
753 3174 1059 3217 uostrarum
1093 3163 1370 3218 stimulum
1403 3162 1727 3233 obtudisset,
1760 3163 1864 3220 nisi
1896 3165 1962 3219 de
1994 3163 2060 3221 li-

488 3264 705 3324 gmento
731 3265 918 3310 nostro
948 3270 1143 3324 corpus
1175 3256 1515 3327 sumpsisset.
2088 3258 2131 3316 C

400 3430 403 3431 ν
487 3384 566 3441 Ex
599 3400 775 3441 ments
814 3384 1009 3451 SEVERI
1048 3400 1316 3455 iuvencus
1352 3386 1621 3443 JULIANUI
1646 3385 1837 3441 Hauc.
1876 3403 1930 3442 IN
1966 3402 2064 3444 co-

1052 3471 1171 3511 DICE
1200 3455 1329 3511 SYR.
1359 3455 1499 3513 Var.

691 3568 786 3626 25.
824 3567 977 3625 Idem
1004 3568 1237 3640 Cyrillus
1266 3571 1516 3625 adversus
1548 3570 1864 3626 Diodorum.
1926 3622 1930 3627 .

558 3682 684 3738 Hazc
715 3693 830 3746 est,
862 3698 897 3737 ο
927 3692 1110 3736 noster
1143 3681 1374 3749 sodalis,
1408 3692 1618 3739 natura:
1650 3684 1901 3739 humanae
1929 3684 2064 3740 deli-

488 3776 653 3842 nitio,
691 3791 809 3845 quae
849 3775 1048 3829 dicitur
1081 3775 1386 3830 substantia
1425 3775 1708 3835 animalis.
1744 3776 2062 3842 rationalis,

493 3876 653 3938 atque
688 3865 955 3921 mortalis.

679 3981 770 4036 24.
812 3980 961 4036 Idem
993 3981 1226 4052 Cyrillus
1251 3981 1499 4037 adversus
1523 3979 1874 4038 Theodorum.

561 4099 655 4157 ille
695 4109 876 4155 autem
916 4114 1013 4154 ore
1056 4113 1155 4154 suo
1192 4098 1441 4162 dilatato,
1466 4109 1539 4154 tet
1578 4098 1774 4154 laxatis
1820 4098 2067 4167 blasphe-

2147 648 2200 703 in
2234 655 2389 717 parte
2419 656 2641 703 sanctus
2674 646 2938 710 creditur,
2970 644 3025 699 in
3059 645 3165 700 alia
3198 644 3444 700 inﬁrmus
3479 656 3728 715 putatur.

2144 739 2357 810 Alioqui
2389 740 2607 810 quinam
2638 740 2741 794 iste
2770 738 3015 794 defectus
3042 745 3182 804 erat,
3212 752 3370 807 quem
3401 739 3449 793 ei
3483 736 3728 807 Spiritus

2146 841 2369 887 sanctus
2409 830 2712 900 supplevit,
2746 838 2805 884 ut
2848 829 3015 884 altera
3058 843 3272 899 quoque
3314 845 3439 899 pars
3480 829 3729 898 perfecta

2146 924 2429 987 evaderet,
2461 932 2624 990 atque
2657 920 2855 976 diaboli
2891 920 3149 989 impetum
3186 920 3493 990 frangeret,
3529 930 3589 973 ut
3624 922 3729 972 ad-
3768 912 3769 915 “

2146 1011 2423 1068 versarius
2462 1009 2689 1065 asserit?
2725 1008 2895 1063 Porro
2930 1022 3037 1062 non
3071 1016 3291 1064 sanctus
3328 1009 3732 1072 tantummodo,

2148 1112 2202 1160 et
2242 1102 2458 1174 quidem
2501 1100 2900 1171 perfectissime
2939 1107 3089 1167 erat,
3120 1102 3316 1155 verum
3358 1101 3525 1156 etiam
3570 1100 3734 1169 plena

2151 1198 2387 1268 potentia
2426 1195 2473 1249 is
2509 1193 2767 1264 praeditus
2799 1200 2950 1258 erat,
2982 1192 3077 1262 qui
3116 1190 3331 1246 dolores
3363 1201 3529 1261 atque
3563 1206 3743 1245 omne

2150 1302 2322 1355 genus
2349 1284 2680 1342 inﬁrmitatis
2710 1285 2959 1339 sanabat.
2985 1312 3054 1322 —
3076 1280 3210 1337 Cum
3241 1282 3380 1336 Deus
3409 1291 3605 1350 suapte
3637 1296 3740 1333 na-

2154 1390 2273 1434 tura
2314 1387 2484 1445 esset,
2526 1390 2793 1448 verusque
2836 1375 2931 1432 Dei
2974 1374 3152 1430 Patris
3196 1372 3387 1438 Filius,
3429 1374 3739 1427 humanam

2154 1470 2381 1525 formam
2402 1469 2505 1525 sibi
2529 1469 2724 1534 induit,
2745 1483 2898 1523 suam
2924 1467 3129 1523 faciens
3150 1480 3372 1521 carnem
3395 1465 3541 1519 illam
3563 1481 3744 1535 quam

2153 1562 2220 1615 de
2252 1570 2437 1617 sancta
2466 1558 2685 1631 Virgine
2722 1559 2980 1629 sumpsit,
3018 1573 3140 1628 qua:
3176 1556 3419 1628 profecto
3456 1572 3591 1611 caro
3636 1556 3740 1611 Dei

2152 1660 2256 1716 est,
2283 1663 2339 1707 et
2369 1662 2634 1723 potestate
2664 1652 2847 1706 divina
2880 1651 3108 1720 pollens.
3135 1651 3340 1705 Idcirco
3367 1648 3625 1704 Christus
3651 1650 3739 1702 vi-

2156 1746 2378 1799 viﬁcaus
2408 1759 2621 1815 quoque
2651 1744 2780 1811 fuit,
2810 1750 2865 1798 et
2895 1743 3272 1799 iuﬁrmitatum
3304 1752 3548 1806 sanator,
3580 1756 3743 1795 mor-

2157 1836 2334 1907 tisque
2364 1835 2692 1891 destructor.

2344 1926 2439 1983 25.
2479 1926 2628 1981 Idem
2663 1926 2896 1998 Cyrillus
2931 1928 3183 1983 adversus
3219 1925 3535 1981 Diodorum.

2223 2036 2405 2093 Audes
2430 2038 2593 2093 etiam
2625 2038 2890 2093 herilibus
2916 2038 3107 2093 formis
3137 2039 3285 2093 illum
3315 2038 3575 2101 induere,
3608 2038 3746 2107 qui,

2155 2139 2214 2184 ut
2242 2131 2346 2194 ais,
2374 2130 2534 2185 homo
2560 2138 2644 2185 est
2674 2130 2739 2185 de
2768 2129 2959 2196 Maria,
2986 2139 3041 2185 et
3067 2131 3160 2198 qui
3190 2130 3347 2185 initio
3374 2145 3402 2183 a
3435 2130 3599 2183 nobis
3631 2128 3749 2181 nul.

2157 2219 2367 2274 latenus
2394 2219 2639 2273 diversus
2666 2227 2786 2274 erat
2812 2226 2904 2273 aut
2930 2219 3197 2288 superior,
3224 2219 3317 2273 sed
3348 2228 3535 2289 postea
3563 2217 3749 2271 multo

2154 2313 2443 2368 conamine
2479 2311 2602 2367 Filii
2642 2327 2840 2367 nomen
2879 2311 3215 2381 gloriamque
3251 2311 3491 2364 divinam
3527 2324 3752 2379 prome-

2156 2404 2292 2459 ritus
2330 2413 2434 2468 est,
2472 2414 2658 2474 postea
2700 2418 2863 2473 quam
2910 2404 3121 2459 scilicet
3162 2404 3230 2457 de
3269 2413 3455 2458 ventre
3503 2402 3749 2456 exierat.

2157 2495 2323 2566 Igitur
2355 2497 2492 2562 duo,
2531 2505 2585 2551 te
2622 2503 2912 2561 censente,
2948 2505 3073 2551 sunt
3112 2496 3238 2562 ﬁlii;
3281 2509 3559 2564 novusque
3602 2495 3754 2548 Deus

2157 2598 2242 2644 est
2275 2587 2545 2654 Christus,
2580 2588 2675 2659 qui
2715 2602 2746 2643 a
2785 2588 2897 2644 Deo
2933 2588 3333 2660 supernaturali
3374 2589 3584 2643 honore
3624 2586 3754 2641 affe-

2158 2690 2279 2735 ctus
2314 2689 2418 2747 est,
2450 2678 2619 2750 magis
2660 2679 2939 2749 aliquanto
2974 2695 3138 2750 quam
3182 2679 3399 2749 reliqum
3430 2689 3749 2744 creatures;

2161 2783 2220 2826 ut
2250 2786 2372 2826 cum
2410 2771 2646 2838 simplici
2680 2772 2898 2827 homine
2929 2772 3186 2826 adoretur
3218 2772 3263 2827 is
3296 2772 3387 2841 qui
3421 2771 3577 2839 lapsu
3618 2782 3758 2825 tem-

2161 2863 2333 2933 poris,
2371 2877 2469 2917 nec
2505 2862 2609 2918 nisi
2648 2863 2748 2917 sub
2783 2862 2946 2917 ﬁnem
2983 2864 3207 2933 gloriam
3244 2862 3507 2933 possedit,
3548 2861 3757 2916 factus-

2160 2970 2267 3027 que
2301 2964 2383 3011 est
2414 2954 2698 3011 Trinitatis
2733 2954 3221 3025 complementum,
3259 2965 3451 3010 natura
3492 2955 3753 3024 aqualis.

2361 3069 2451 3125 26.
2493 3068 2646 3126 Idem
2678 3070 2910 3141 Cyrillus
2941 3071 3189 3124 adversus
3221 3068 3539 3123 Diodorum.

2231 3185 2477 3257 Namque
2510 3196 2570 3242 ut
2605 3202 2795 3258 passus
2828 3188 3044 3244 dolores
3081 3188 3135 3242 in
3172 3202 3355 3251 carne,
3391 3187 3759 3242 nihilominus

2166 3280 2220 3335 iu
2252 3295 2363 3334 suae
2395 3280 2612 3335 deitatis
2641 3288 2835 3335 natura
2864 3278 3212 3351 impassibilis
3243 3279 3439 3332 mansit
3475 3297 3491 3332 :
3525 3280 3608 3333 sic
3644 3281 3758 3340 aio,

2166 3381 2221 3424 et
2250 3371 2375 3424 dum
2406 3377 2700 3436 cresceret,
2727 3368 3028 3440 perfectum
3058 3370 3281 3424 omnino
3308 3368 3499 3423 fuisse.
3529 3369 3596 3421 Et
3628 3385 3758 3423 cum

2168 3460 2431 3530 sapientia
2476 3461 2663 3532 augeri
2709 3463 3059 3525 credebatur,
3106 3471 3235 3516 tunc
3275 3460 3391 3529 ipse
3436 3460 3762 3515 redundans

2168 3552 2449 3621 sapientiae
2477 3546 2599 3607 fons
2625 3560 2766 3619 erat,
2800 3568 2829 3606 a
2859 3565 2967 3621 quo
2993 3550 3176 3606 caeteri
3204 3565 3392 3606 omnes
3422 3550 3761 3617 sapientiam

2172 3645 2444 3700 hauriunt.

2936 3736 3027 3793 27.

2173 3852 2240 3908 Β.
2270 3852 2456 3923 Cyrilli
2490 3854 2827 3909 Alexandria:
2865 3870 2930 3909 ea:
3006 3854 3117 3909 Τοῦ

2268 3940 2421 3986 apere
2484 3936 2667 3979 contra
2730 3924 2930 3979 Diodo-

2270 4009 2331 4046 τη
2338 4010 2385 4047 m
2391 4031 2407 4047 ο

3170 3852 3489 3923 μακαρίου
3534 3854 3767 3921 Κνρῖλ-

3069 3921 3184 3977 .101}
3215 3921 3675 3988 Ἀλεξανδρείας
3698 3925 3772 3976 ἐκ

3068 3993 3175 4049 τοῦ
3206 3994 3357 4047 κατὰ
3390 3992 3718 4060 Διώώρευ.

2244 4107 2424 4174 Sed,n
2449 4110 2687 4179 sapiens,
2709 4110 2924 4180 inquam
3082 4110 3246 4176 Ἀλλ’,
3289 4103 3333 4163 ὦ
3370 4108 3536 4177 σοφὲ,
3596 4108 3779 4175 ςαέην

2171 4214 2308 4271 ego,
2371 4202 2549 4256 anima
2607 4203 2820 4270 quidem
2871 4210 2928 4258 et
2999 4200 3263 4271 ἂν,ψυχὴ
3318 4200 3419 4270 μὲν
3451 4200 3551 4252 καὶ
3606 4200 3782 4268 σῶμα.

2172 4307 2370 4361 corpus
2398 4293 2465 4346 ad
2498 4292 2729 4347 hominis
2764 4293 2930 4363 origi-
2996 4293 3137 4365 πρὸς
3178 4289 3468 4362 ἀνθρώπου
3526 4289 3757 4356 γένεςιν

2177 4396 2301 4436 nem
2334 4383 2625 4453 pertinent,
2654 4399 2830 4454 neque
2858 4385 2929 4440 al-
2998 4387 3094 4449 καὶ
3112 4384 3210 4440 οὐκ
3232 4385 3298 4438 ἂν
3319 4383 3659 4454 προανεσκει
3686 4383 3785 4435 οι-

2178 4480 2439 4530 terutrum
2477 4479 2749 4547 przecedit.
2999 4477 3157 4549 τέρου
3184 4475 3433 4547 θάτερον.

2074 4604 2164 4664 IV.

1505 4754 1577 4795 sx
1614 4754 1779 4795 omne
1810 4754 2071 4797 mvsnsus
2107 4758 2587 4802 pa'suusronacuos
2621 4746 2721 4817 (Ι).

492 4196 617 4251 mia:
642 4194 893 4257 habenis,
921 4192 1057 4247 dixit
1085 4191 1286 4253 Christi
1318 4190 1691 4261 imperfectam
1718 4192 2064 4247 sanctitatem

493 4291 694 4353 fuisse,
718 4299 903 4354 neque
937 4284 1056 4354 eius
1092 4284 1306 4339 culmen
1342 4283 1588 4352 attigisse
1610 4292 1911 4354 antequam
1945 4284 2068 4354 Spi-

494 4384 637 4436 ritus
669 4387 892 4434 sanctus
925 4376 1025 4431 sub
1062 4376 1328 4432 columba:
1367 4377 1548 4445 specie
1587 4376 1640 4430 in
1676 4392 1801 4430 eum
1839 4377 2067 4432 descen-
2098 4442 2099 4445 η

495 4473 686 4529 disset.
717 4469 914 4539 Quidni
949 4476 1130 4525 autem
1159 4468 1434 4541 perfectus
1464 4466 1618 4522 erat?
1644 4464 1807 4522 Certe
1863 4468 1956 4536 qui
1984 4478 2070 4524 est

563 4874 751 4936 Sancti
779 4876 966 4949 Cyrilli
996 4891 1062 4930 ea:
1089 4874 1443 4930 antirrhelicis
1473 4874 1796 4930 set-inanibus
1826 4886 2010 4930 contra

2184 4884 2296 4938 Τοῦ
2327 4884 2502 4954 ἁγίου
2546 4885 2858 4963 Κυρζλλοῃ
2884 4882 2954 4935 ἐκ
3000 4870 3150 4963 ςὼενΔ
3169 4879 3319 4963 ararit
3342 4880 3792 4963 Ηγευματομάο

1023 4967 1553 5023 Pneumatomachos.

2374 4949 2386 4954 ⁷
2504 4949 3085 5023 κων-ἀντιρῤητικὼν
3111 4951 3311 5020 λόγων
3337 4949 3439 5019 (2).

2259 5071 2533 5127 Δάκτυλον
2578 5069 2713 5124 Θεοῦ
2758 5069 2944 5123 καλεῖν
2970 5061 3079 5119 οἶδε
3128 5064 3319 5135 Γραφὴ
3346 5064 3408 5115 τὺ
3451 5062 3701 5133 Πνεῦμα
3728 5066 3794 5118 τδ

2180 5164 2359 5232 ἅγιον,
2390 5162 2573 5226 καθὼς
2624 5163 2720 5215 καὶ
2742 5162 2771 5213 ὁ
2803 5157 3040 5230 Χριστὸς
3080 5156 3336 5228 εἴρηκεν·
3362 5174 3381 5205 ι
3422 5154 3488 5207 Εἰ
3522 5155 3582 5206 δὲ
3609 5156 3677 5207 ὲν
3710 5155 3794 5226 τῷ

2177 5256 2426 5327 δακτύλῳ
2457 5254 2591 5308 Θεοῦ
2620 5252 2867 5309 ἐκϐάλλω
2890 5253 2961 5305 τὰ
2983 5251 3289 5322 δαιμόνια·»
3312 5249 3451 5317 ὅπερ
3488 5248 3661 5311 ἄλλος
3694 5251 3795 5301 εὖ-

2180 5349 2531 5422 αγγελιστὴς,
2563 5367 2580 5399 ι
2622 5351 2678 5403 ὲν
2700 5347 2980 5418 Πνεύματι
3008 5343 3199 5409 Θεοῦ,ι
3234 5343 3407 5397 εἶπεν.
3444 5344 3701 5414 ὐμοξως
3733 5344 3793 5398 δὲ

570 5081 806 5150 Digitum
852 5079 949 5135 Dei
995 5077 1133 5135 solet
1174 5075 1454 5148 Scriptura
1496 5076 1768 5148 appellare
1810 5077 2070 5148 Spiritum

504 5185 784 5247 sanctum,
819 5171 978 5226 sicuti
1012 5170 1264 5226 Christus
1296 5170 1432 5224 dixit
1468 5186 1484 5224 :
1525 5187 1545 5221 ι
1589 5170 1650 5224 Si
1682 5186 1784 5240 ego
1818 5171 1874 5226 in
1906 5171 2076 5239 digito

504 5267 595 5321 Dei
621 5265 782 5334 ejicio
803 5262 1065 5317 daemonia
1079 5262 1193 5326 “:3
1225 5262 1277 5315 id
1303 5262 1445 5332 quod
1471 5262 1608 5316 alius
1627 5259 2073 5332 evangelista,tlu

501 5355 706 5426 Spiritu
742 5354 833 5408 Dei
856 5374 877 5407 ι
908 5354 1057 5409 dicit.
1087 5353 1179 5407 Sic
1210 5353 1334 5407 item
1367 5354 1645 5408 dexteram
1685 5354 2074 5423 brachiumque

574 5513 621 5546 ⁸⁸
645 5511 806 5568 llebr.
838 5528 901 5579 Il,
931 5512 1018 5567 14.
1097 5512 1144 5544 ⁸⁸
1167 5511 1296 5566 Luc.
1332 5526 1405 5574 xt,
1435 5509 1527 5566 20.
1603 5510 1647 5542 ⁸⁷
1674 5509 1864 5566 Matth.
1898 5524 1993 5576 xu,
2015 5507 2108 5565 28.

476 5685 481 5690 λ
573 5668 651 5738 (l)
690 5669 767 5722 Ex
795 5669 999 5739 synodo
1043 5667 1640 5739 Byzantinaﬂadversus
1662 5666 2061 5723 Pneumatoma-

2177 5664 2299 5739 cod.
2331 5677 2548 5739 ccxxix,
2583 5664 2686 5739 c_ol.
2716 5659 2821 5716 795
2857 5658 2949 5739 ﬁn.
2980 5677 2994 5713 :
3026 5655 3293 5739 ξςύριλλος
3326 5657 3386 5739 ea
3423 5658 3552 5739 τᾳῖς
3596 5656 3794 5739 ἰδ’ιέ-

502 5725 646 5794 εΙώέ
668 5754 697 5792 a
742 5778 756 5791 .
788 5725 910 5801 M'ai,
944 5725 1130 5806 Spici'l.
1162 5735 1315 5792 Rom.
1344 5737 1414 5801 Χ,
1445 5737 1536 5793 40.
1626 5725 1630 5726 ί
2214 5734 2369 5803 ήσεσί
2401 5725 2555 5802 φησι.
2586 5730 2884 5800 Cteleruqui
2918 5725 3278 5782 conferéudus
3309 5734 3392 5778 est
3428 5727 3577 5779 idem
3614 5725 3798 5793 Cyril-

577 5806 654 5857 f2l
697 5756 879 5857 ἔθειριί
921 5807 1105 5857 Cvrilli
1149 5822 1432 5857 sermones
1470 5808 1850 5857 antirrheticos
1890 5807 2075 5857 laudat
2179 5736 2263 5857 fus
2297 5803 2435 5857 Oun.
2470 5814 2508 5857 ι.
2551 5801 2592 5855 ν
2630 5803 2797 5857 [nunc
2837 5798 2971 5857 Vllll
2999 5801 3049 5852 in
3076 5796 3362 5853 Thesauro,
3404 5812 3454 5857 p.
3485 5796 3613 5850 359.
3645 5797 3791 5851 item

577 5806 654 5880 (2)
697 5796 1443 5881 Sancti'Cjt-illisermones
1470 5807 2075 5881 antirrheticosglaudat
2179 5796 2263 5857 lus
2297 5796 2435 5881 (_)pp.
2465 5796 2508 5881 t_.
2551 5801 2592 5855 V
2630 5796 2971 5881 [nunc—Vill]
2999 5796 3362 5881 in_T_hesauro.
3404 5796 3613 5881 βλ
3645 5797 3791 5851 item

509 5866 847 5948 Ep‘hrmuius
885 5866 1193 5949 patriarcha
1233 5875 1601 5936 Autiochenus
1642 5881 1782 5949 apud
1826 5877 2072 5933 Photium
2182 5875 2322 5944 apud
2347 5866 2449 5930 nos
2482 5876 2534 5928 in
2566 5866 2970 5930 continentur-id
2996 5868 3061 5923 ad
3096 5867 3295 5922 Lucam
3332 5882 3415 5928 ιι,
3446 5866 3545 5919 2t).
