4150 6436
558 412 612 467 Η
1553 405 1613 462 S.
1650 401 1927 461 CYRILLI
1959 401 2432 460 ALEXANDRIM
2466 399 2787 457 ARCIIIEP.
3396 388 3399 393 ’
3752 408 3819 459 τε,

557 527 733 583 sauris
753 525 1014 590 condunt,
1037 524 1225 593 sicque
1252 522 1487 594 gaudent
1510 522 1561 575 in
1592 521 1657 575 iis
1682 535 1801 589 qua:
1826 535 1889 574 ex
1914 520 2132 575 solertia

2252 520 2433 582 ἵενται,
2488 516 2582 570 καὶ
2628 516 2746 570 λίαν
2794 516 3083 595 ἀσμένως]
3131 519 3225 571 καὶ
3254 519 3366 585 τοῖς
3417 519 3677 573 ἐσωτάτω
3721 520 3821 593 τῆς

556 616 895 686 collegerint,
926 624 985 670 ut
1012 614 1102 668 alii
1142 615 1360 682 quidam
1390 609 1680 666 saeculares
1714 624 1838 665 cum
1869 608 1953 664 vel
1987 608 2132 662 Indi-

557 727 650 767 cas
678 724 920 780 gemmas
969 706 1052 762 vel
1075 716 1273 761 aurum
1304 704 1460 758 avide
1482 702 1843 766 cumularunt,
1872 702 1981 756 imo
2007 699 2135 755 ver'u

559 803 727 857 multo
756 800 926 871 magis
968 817 980 852 :
1016 797 1399 853 «Praestantior
1432 794 1573 850 enim
1604 801 1687 851 est
1707 793 1969 864 sapientia
2006 791 2133 860 lapi-

560 895 716 949 dihus
753 891 1032 963 pretiosis,
1070 902 1123 945 et
1168 903 1328 943 omne
1354 887 1610 942 eximium
1647 899 1754 941 non
1790 893 1874 940 cst
1920 884 2010 937 illa
2054 883 2137 937 di-

560 1001 777 1054 gnum,»
803 985 943 1039 sicut
967 982 1228 1052 scriptum
1265 989 1348 1032 est
1368 980 1407 1031 ¹.
1448 979 1710 1048 Oportere
1741 986 1919 1031 autem
1942 992 2136 1031 censeo

562 1076 835 1145 sapientes
886 1073 1036 1127 viros
1076 1083 1131 1127 et
1178 1071 1428 1134 solertes,
1465 1083 1529 1123 ac
1578 1069 1881 1123 divinorum
1922 1067 2136 1135 dogma-

564 1180 676 1225 tum
717 1167 944 1237 peritos,
976 1164 1094 1233 ejus
1120 1171 1422 1233 opportune
1451 1160 1764 1214 meminisse
1792 1159 1845 1228 2
1868 1157 2011 1228 quod
2056 1167 2138 1213 est

561 1276 590 1312 a
619 1236 852 1329 quodam
882 1271 912 1311 e
943 1255 1147 1311 sanctis
1177 1251 1460 1322 discipulis
1495 1251 1758 1321 scriptum
1794 1269 1807 1304 :
1840 1269 1858 1302 ι
1891 1236 2132 1315 Ειειτέε,

564 1350 785 1418 prebate
829 1347 1057 1418 spiritus
1100 1344 1144 1399 si
1173 1359 1236 1398 ex
1272 1343 1381 1398 Deo
1416 1344 1607 1399 sunt'.
1640 1358 1659 1391 ›
1698 1340 1894 1396 Beatus
1924 1355 2138 1410 quoque

562 1443 763 1498 l'aulus
790 1442 1021 1496 donatas
1049 1452 1169 1494 esse
1204 1437 1407 1493 sanctis
1434 1435 1743 1491 hominibus
1770 1435 1900 1489 dicit
1931 1434 2136 1489 discre-

564 1535 737 1589 tiones
762 1533 1047 1603 spirituum
1069 1530 1157 1583 θοι.
1175 1529 1309 1595 Nam
1341 1528 1433 1599 qui
1461 1529 1668 1594 dicunt,
1690 1525 1946 1582 Dominus
1958 1523 2136 1589 Jesus,

564 1629 614 1683 id
658 1641 762 1681 non
819 1623 975 1678 aliter
1009 1634 1171 1691 quam
1219 1633 1313 1687 per
1360 1617 1621 1688 Spiritum
1673 1623 1920 1671 sanctum
1953 1615 2140 1684 utique

564 1723 746 1776 dicent
775 1732 790 1771 :
822 1726 879 1772 at
903 1728 1034 1770 vero
1059 1712 1149 1783 qui
1173 1725 1236 1766 ex
1272 1708 1542 1781 imperitia
1566 1707 1934 1777 blasphemam
1964 1706 2016 1759 in
2046 1718 2139 1759 eos

565 1814 805 1881 linguam
848 1808 1055 1871 laxant,
1093 1811 1147 1859 et
1176 1801 1284 1856 illis
1312 1800 1438 1870 quia
1473 1807 1621 1855 recte
1655 1812 1849 1869 sapere
1879 1797 2138 1851 decreve-

2239 610 2444 665 ἑαυτῶν
2479 609 2656 679 ψυχῆς
2696 608 3106 665 ὲναποκλείουσι
3144 609 3471 682 θησαυροῖς·
3498 612 3820 679 ἐπιγάννυν-

2237 717 2327 753 ται
2351 698 2409 751 δὲ
2445 696 2588 751 οὓτω
2618 700 2728 761 τοῖς
2765 697 2823 764 ἐξ
2847 698 3114 769 εὐμαθίας
3138 700 3596 771 συνειλεγμένοις,
3622 702 3822 755 ὡσανεὶ

2239 789 2334 846 καί
2371 807 2517 853 τινες
2550 788 2728 860 ἕτεροι
2763 790 2871 843 τῶν
2905 791 3048 844 κατά
3084 792 3176 845 τὸν
3220 791 3355 861 βίον,
3395 792 3429 862 ἢ
3458 792 3640 857 λίθους
3674 793 3823 858 τινάς

2252 883 2477 947 Ἰνδικάς
2510 883 2542 954 ἢ
2590 881 2787 954 χρυσὸν
2829 881 3123 952 ἀπλήστως
3158 884 3650 953 συναγηγερκότες,
3684 883 3824 954 μάλα

2238 975 2328 1029 λον
2360 976 2439 1039 δὲ,
2465 976 2560 1028 καὶ
2588 975 2669 1028 ἔτι
2703 962 3299 1045 μιζόνωςίΚρεῖσσον
3332 974 3440 1046 γὰρ
3474 976 3636 1044 σοφία
3661 975 3823 1029 λίθων

2239 1065 2546 1118 πολυτελῶν
2567 1082 2581 1097 ·
2607 1066 2715 1119 πᾶν
2750 1065 2809 1118 δὲ
2851 1064 3051 1135 τίμιον,
3094 1065 3193 1118 οὐκ
3224 1065 3372 1129 ἀξιον
3398 1066 3592 1136 αὐτῆς,
3623 1086 3643 1118 ι
3679 1067 3824 1122 καθὰ

2242 1159 2568 1228 γέγραπται.
2601 1158 2647 1211 Χ
2657 1157 2815 1227 ρῆναι
2836 1157 2891 1210 δέ
2920 1175 3063 1228 φημι
3088 1158 3236 1222 τοὺς,
3260 1158 3419 1229 οἵπερ
3438 1158 3505 1211 ἀν
3537 1160 3690 1227 σοφοὶ
3710 1158 3820 1231 [Ion

2241 1244 2342 1304 ὦσι
2371 1248 2570 1320 tropei],
2606 1249 2701 1302 καὶ
2729 1248 3001 1318 ἀγχίνοοι,
3033 1249 3130 1302 καὶ
3184 1248 3293 1302 τῶν
3332 1249 3493 1303 θείων
3537 1250 3825 1320 δογμάτων

2240 1340 2647 1412 ἐπιστήμονες,
2696 1339 3102 1411 διαμεμνῆσθαι
3145 1341 3436 1413 χρησίμως
3484 1342 3825 1411 γεγραφότος

2238 1431 2386 1494 τινὸς
2422 1431 2531 1486 τῶν
2563 1432 2737 1501 ἀγίων
2795 1430 3054 1502 μαθητῶν
3076 1447 3091 1462 ·
3140 1451 3159 1483 ι
3193 1432 3467 1501 Ἀδελφοὶ,
3500 1432 3823 1503 δοκιμάζετε
3934 1414 3939 1423 ’

2239 1525 2308 1580 τά
2337 1525 2653 1595 πνεύματα,
2685 1527 2733 1578 εί
2766 1525 2831 1578 ὲκ
2864 1524 2956 1579 τοῦ
2989 1523 3125 1578 Θεοῦ
3158 1525 3287 1580 εισι.
3326 1544 3344 1576 ι
3387 1526 3737 1597 Δεδωρῆσθαι
3763 1525 3823 1578 δὲ

2239 1623 2353 1683 τοῖς
2392 1619 2571 1688 ἁγίοις
2609 1619 2745 1689 φησὶ
2774 1616 2869 1673 καὶ
2896 1619 2925 1670 ό
2953 1618 3240 1682 θεσπέσιος
3271 1618 3483 1683 Παῦλος
3521 1619 3827 1691 διακρίσεις

2241 1713 2589 1783 πνευμάτων.
2615 1713 2675 1766 Οἱ
2704 1711 2802 1783 μὲν
2828 1712 2936 1783 γὰρ
2961 1710 3231 1779 λέγοντες,
3256 1711 3337 1764 ὅτι
3359 1710 3565 1783 Κύριος
3597 1712 3824 1782 Ἰησοῦς,

2242 1807 2398 1874 φαῖεν
2430 1802 2497 1858 ἂν
2528 1804 2627 1874 οὐχ
2680 1801 2882 1873 ἑτέρως
2912 1802 3065 1867 αὐτὸ,
3103 1801 3243 1873 πλὴν
3279 1802 3361 1856 ὅτι
3396 1802 3484 1856 διὰ
3529 1802 3623 1856 τοῦ
3664 1804 3827 1873 ἁγίου

568 1917 721 1969 runt,
774 1901 1161 1974 propemodum
1213 1898 1402 1951 dicunt
1478 1897 1767 1949 anathema
1822 1892 2030 1959 Jesum,
2086 1891 2136 1944 id

2252 1896 2598 1966 Πνεῦματος·
2636 1893 2690 1947 οἵ
2714 1910 2777 1962 γε
2820 1894 2927 1963 μὴν
2957 1893 3015 1958 ἐξ
3048 1893 3289 1964 ἀμαθίας
3334 1893 3692 1965 παλίμφημον
3736 1896 3826 1948 ἐπ’

565 1999 750 2066 utique
793 2009 856 2048 ex
888 1990 1191 2046 Beelzebub
1224 1990 1480 2043 instinctu
1511 1987 1734 2041 faciunt.
1767 1985 1994 2056 Oportet
2036 1985 2140 2054 igi-

566 2099 653 2142 tur
695 2097 752 2139 ut
804 2082 1088 2138 exercitati
1144 2080 1211 2133 ad
1255 2078 1438 2133 omnia
1486 2076 1758 2131 subtiliter
1802 2085 1857 2129 et
1889 2083 2142 2129 accurate

567 2175 866 2249 probanda,
913 2180 969 2226 et
1006 2168 1250 2242 pervigili
1304 2176 1520 2222 utentes
1561 2166 1744 2223 animo
1783 2163 2139 2236 quorumdam

566 2268 768 2337 scripta
801 2265 1063 2333 legamus,
1111 2271 1165 2315 et
1203 2258 1333 2337 quid
1369 2258 1437 2319 de
1466 2266 1651 2317 nostro
1681 2257 1923 2312 omnium
1957 2255 2143 2311 Salva-

568 2373 687 2416 tore
748 2357 968 2412 Christo
1021 2334 1353 2424 loquantur,
1401 2350 1691 2421 diligenter
1749 2348 2141 2418 exquiramus,

566 2450 882 2521 Optimeque
918 2446 1196 2500 imitemur
1233 2441 1646 2512 probatissimos
1686 2455 1755 2496 ac
1781 2439 2146 2511 peritissimos

569 2541 981 2604 nummularius,
1017 2538 1109 2609 qui
1160 2536 1360 2606 probos
1405 2548 1656 2589 nummos
1698 2532 2013 2595 admittunt,
2044 2529 2145 2584 fal-

569 2650 659 2691 sos
709 2645 886 2688 autem
941 2640 996 2707 et
1046 2629 1380 2684 adulteratos
1441 2626 1685 2680 studiose
1730 2623 2002 2705 rejiciunt.
2066 2623 2146 2676 Ad

568 2742 730 2797 quam
789 2738 902 2777 rem
952 2702 1053 2799 nos
1096 2722 1287 2776 beatus
1320 2717 1522 2774 Paulus
1569 2718 1821 2771 hortatur
1846 2697 1873 2780 ,’
1911 2715 2097 2770 dicens
2130 2733 2144 2769 :

574 2836 592 2867 ι
626 2816 807 2870 Estote
854 2812 1009 2881 probi
1056 2810 1403 2865 nunnnularii
1440 2827 1455 2862 :
1486 2808 1667 2863 omnia
1710 2806 1952 2876 probate,
2008 2804 2150 2873 quod

573 2913 772 2964 bonum
795 2916 879 2962 est
903 2913 1111 2960 tenete:
1144 2903 1211 2957 ab
1248 2901 1394 2956 οιηηὶ
1428 2900 1612 2971 specie
1642 2899 1780 2954 mala
1804 2897 2091 2957 abstinete.
2123 2912 2142 2946 ι

574 3002 667 3057 Est
694 2999 859 3054 etiam
896 2996 1094 3066 alioqui
1150 3004 1307 3064 turpe
1342 2996 1393 3047 in
1442 2991 1635 3061 primis
1672 2999 1729 3045 et
1752 2986 2073 3051 absurdum,
2103 2985 2149 3039 si

573 3106 695 3147 cum
744 3092 795 3143 in
845 3088 1005 3142 rebus
1051 3086 1118 3143 ad
1168 3085 1309 3143 hanc
1344 3083 1508 3137 vitam
1558 3080 1956 3150 pertinentibus
2004 3076 2151 3131 nullo

577 3180 735 3237 modo
761 3179 901 3249 quod
930 3177 982 3231 iu
1014 3190 1127 3230 rem
1153 3174 1223 3229 sit
1254 3170 1524 3241 negligere
1550 3169 1852 3233 videamur,
1884 3165 1993 3219 imo
2022 3178 2151 3218 vero

2242 1988 2427 2051 αὐτοῖς
2478 1985 2727 2054 γλῶσσαν
2781 1985 3021 2049 ἀνέντες,
3074 1984 3168 2038 καὶ
3210 1984 3278 2038 δι’
3320 1977 3395 2039 ὧν
3440 1984 3575 2053 ὀρθὰ
3608 1987 3828 2057 φρονεῖν

2241 2078 2557 2147 ἐγνώκασι,
2619 2074 2903 2145 μονονουχὶ
2946 2073 3200 2143 λέγοντες
3258 2075 3503 2144 ἀνάθεμα
3580 2074 3825 2145 Ἰησοῦν,

2242 2170 2399 2225 τοῦτο
2416 2167 2588 2241 δρῷεν
2611 2168 2700 2231 ἂν,
2716 2167 2793 2231 ᾡς
2814 2166 2919 2219 ἀπό
2940 2184 3003 2235 γε
3023 2165 3118 2219 τοῦ
3137 2166 3486 2230 Βεελζεὸούλ.
3517 2168 3609 2219 Δεῖ
3640 2165 3706 2237 δὴ
3732 2162 3831 2220 οὖν

2243 2259 2350 2331 ἄρα
2372 2257 2586 2321 λεπτῶς
2605 2274 2663 2311 τε
2686 2256 3253 2327 καὶδιεσμιλευμένως
3273 2256 3585 2327 δοκιμάζειν
3609 2257 3833 2312 ἅπαντα

2253 2350 2731 2427 μεμελετηκότας,
2784 2351 2878 2402 καὶ
2926 2348 3002 2419 νῷ
3057 2349 3469 2421 διεγηγερμένῳ
3511 2350 3834 2421 χρωμένους

2247 2440 2668 2512 περιτυγχάνειν
2710 2440 2859 2509 ἡμᾶς
2897 2441 3012 2502 τοῖς
3044 2456 3207 2493 τινων
3256 2441 3685 2511 συγγράμμασι,
3735 2442 3836 2495 καὶ

2250 2529 2559 2600 βασανίζειν
2584 2529 2870 2600 εὐτέχνως,
2898 2528 3104 2600 οὕσπερ
3127 2529 3192 2584 ἂν
3218 2533 3452 2584 ποιοῖντο
3481 2532 3673 2601 λόγους
3699 2534 3838 2605 περὶ

2248 2621 2343 2676 τοῦ
2362 2622 2577 2676 πάντων
2601 2621 2633 2693 ἡ
2642 2620 2757 2693 μῶν
2778 2621 3029 2693 Σωτῆρος
3046 2620 3285 2693 Χριστοῦ
3307 2639 3319 2652 ·
3346 2623 3752 2695 ἀπομιμεῖσθαί
3773 2642 3838 2679 τε

2251 2714 2345 2767 καὶ
2382 2713 2527 2783 μάλα
2557 2710 2751 2787 ὀρθῶς,
2784 2713 2910 2776 τοὺς
2941 2714 3022 2765 ὅτι
3058 2711 3122 2784 δὴ
3160 2713 3393 2785 μάλιστα
3421 2714 3701 2785 δοκίμους,
3738 2717 3840 2770 καὶ

2251 2809 2676 2879 ἐμπειροτάτους
2698 2807 2805 2861 τῶν
2824 2808 3281 2878 ἀργυροπρατῶν,
3303 2809 3352 2862 οἳ
3388 2810 3704 2880 προσίενται
3736 2813 3843 2883 μὲν

2250 2898 2359 2953 τῶν
2389 2898 2740 2969 νομισμάτων
2770 2902 2832 2952 τὸ
2865 2899 3210 2971 εὐδοκιμοῦν,
3238 2901 3546 2971 ἀπόϐλητον
3573 2902 3629 2955 δὲ
3661 2907 3848 2958 ποιεῖ-ν

2252 2990 2375 3044 σθαι
2417 2989 2777 3056 σπουδάζουσι
2802 2991 2861 3045 τὸ
2891 2993 3248 3064 παράσημον,
3280 2994 3372 3047 καὶ
3405 2996 3848 3067 μεμωμημένον.

2249 3081 2360 3133 Καὶ
2392 3080 2526 3171 πρός
2559 3097 2622 3148 γε
2671 3080 2830 3135 τοῦτο
2874 3082 3022 3153 ἡμᾶς
3056 3085 3083 3153 ό
3115 3084 3381 3156 μακάριος
3411 3085 3621 3152 Παῦλος
3662 3105 3854 3168 παρα-

2252 3172 2433 3243 θήγει,
2476 3162 2679 3241 λέγων’
2729 3190 2749 3225 ι
2792 3172 3012 3227 Γίνεσθε
3046 3174 3304 3245 τρόφιμοι
3350 3176 3427 3245 (1)
3475 3162 3854 3247 τραπεζῖταιο

576 3272 791 3342 plurimi
842 3268 1018 3323 facere
1062 3264 1380 3320 studeamus
1422 3276 1486 3318 ea
1525 3274 1756 3330 quorum
1817 3271 1920 3325 ope
1962 3256 2147 3325 splen-

2255 3264 2430 3318 πάντα
2459 3262 2806 3334 δοκιμάζετε,
2836 3264 2898 3318 τὸ
2927 3265 3090 3320 καλὸν
3148 3267 3437 3337 κατέχετε·
3486 3268 3594 3321 ἀπὸ
3639 3274 3860 3339 παντὸς

577 3366 699 3421 dide
726 3363 907 3417 vivere
932 3360 1113 3423 liceat,
1146 3371 1232 3412 res
1256 3354 1497 3410 vicissim
1532 3354 1665 3407 adeo
1697 3365 1882 3406 sacras
1909 3358 2154 3403 contem-

578 3471 792 3519 namus,
833 3462 888 3507 et
914 3451 1141 3505 salutem
1184 3448 1378 3501 animae
1416 3460 1512 3515 pro
1540 3442 1707 3497 nihilo
1744 3442 2026 3504 ducamus,
2062 3438 2155 3492 sed

580 3548 727 3601 illam
754 3546 806 3599 in
842 3543 1026 3598 foveas
1055 3550 1111 3594 et
1134 3552 1347 3593 cmuum
1381 3535 1723 3606 dejiciamus,
1757 3532 1883 3585 dum
1911 3544 2156 3601 quocun-

580 3653 686 3708 que
735 3637 948 3691 libitum
1000 3631 1162 3687 fuerit
1199 3631 1265 3685 iis
1299 3629 1389 3699 qui
1432 3625 1578 3695 loqui
1610 3624 1848 3696 gestiunt
1892 3613 2015 3692 qua:
2048 3636 2154 3677 non

580 3728 854 3791 convenit,
902 3721 1217 3794 proiicimus
1263 3719 1501 3773 animum
1551 3730 1580 3768 a
1617 3728 1745 3769 vero
1774 3710 2157 3783 conspicieudo

580 3824 850 3886 clausum,
887 3833 950 3873 ac
983 3816 1253 3872 nolentem
1305 3812 1603 3881 inquirere,
1637 3806 1767 3878 quid
1798 3821 1830 3861 e
1878 3805 2042 3860 rebus
2087 3804 2158 3857 le-

580 3916 683 3969 (-tis
708 3923 914 3968 rectum
942 3912 1013 3963 sit
1041 3915 1096 3962 et
1123 3906 1275 3971 utile,
1308 3904 1437 3975 quid
1476 3902 1603 3956 item
1634 3912 1974 3971 perversum,
2005 3905 2059 3951 et
2091 3895 2159 3950 ab

582 4012 837 4063 accurata
888 4000 1071 4072 regula
1108 4000 1422 4067 dogniatum
1476 3994 1736 4057 alienum,
1790 4001 1845 4047 et
1886 3990 2158 4058 iacturam

582 4096 823 4151 inferens
857 4107 977 4163 qua:
1022 4091 1088 4145 ad
1122 4092 1294 4161 ipsam
1329 4088 1599 4157 pertineat
1627 4085 1887 4147 animam,
1921 4097 2021 4151 pro
2055 4093 2158 4149 qua

582 4188 808 4257 acrpralis
848 4183 1200 4247 commutatio
1236 4180 1377 4235 nulla
1425 4189 1509 4233 est
1560 4178 1702 4247 apud
1749 4190 1845 4232 eos
1888 4184 2037 4230 certe
2070 4172 2160 4241 qui

584 4279 871 4349 sapiunt“.
907 4275 1285 4330 Examinanda
1318 4282 1445 4326 sunt
1478 4271 1661 4341 igitur,
1703 4268 2003 4338 etquidem
2033 4265 2161 4319 sub-

587 4372 855 4433 tilissime,
881 4382 998 4437 qua
1021 4366 1091 4437 de
1119 4365 1315 4419 divinis
1348 4362 1692 4432 dogmatibus
1715 4360 2029 4415 scribuntur
2059 4374 2071 4406 :
2101 4370 2164 4409 ac

589 4464 633 4515 si
668 4460 789 4531 quis
824 4468 973 4513 recto
1010 4436 1201 4511 itinere
1251 4455 1316 4508 ad
1353 4468 1575 4520 scopqu
1622 4464 1902 4506 sacrarum
1938 4447 2160 4501 Littera-

2257 3356 2430 3419 εἴδους
2473 3355 2711 3426 πονηροῦ
2740 3356 3043 3431 ἀπέχεσθε,
3072 3377 3091 3409 ι
3129 3358 3285 3411 Ἔστι
3322 3358 3378 3412 δὲ
3414 3359 3477 3430 δὴ
3510 3360 3605 3415 καὶ
3640 3364 3862 3437 ἑτέρως

2258 3446 2592 3531 πάναισχρόν
2624 3465 2683 3501 τε
2706 3448 2800 3499 καὶ
2835 3447 3087 3511 ἀκαλλὲς,
3116 3449 3208 3502 ἐπὶ
3252 3449 3351 3521 μὲν
3380 3454 3493 3515 τοῖς
3524 3455 3668 3507 κατὰ
3700 3456 3862 3511 τόνδε

2256 3538 2347 3593 τὸν
2377 3539 2491 3609 βίον
2536 3540 2828 3612 πράγμασι
2878 3540 2998 3593 κατ’
3036 3537 3226 3595 οὐδένα
3267 3541 3467 3613 τρόπον
3499 3544 3652 3613 ἡμᾶς
3705 3547 3871 3617 ἠφει-

2257 3631 2491 3703 δηκότας
2523 3630 2753 3702 ὁρᾶσθαι
2802 3631 2898 3683 τοῦ
2936 3630 3222 3694 τελοῦντος
3260 3632 3342 3695 είς
3387 3633 3605 3703 ὄνησιν,
3652 3642 3868 3711 πειρᾶ-

2261 3722 2382 3776 σθαι
2410 3722 2467 3776 δὲ
2499 3722 2699 3794 μᾶλλον
2736 3723 2866 3793 περὶ
2896 3722 3090 3777 πολλοῦ
3141 3726 3412 3779 ποιεῖσθαι
3465 3726 3644 3794 φιλεῖν
3689 3730 3767 3784 τὰ
3796 3732 3869 3786 δι’

2258 3806 2334 3867 ὧν
2366 3813 2433 3867 ἂν
2479 3812 2690 3881 γένοιτο
2738 3812 2931 3882 βιῶναι
2975 3813 3281 3887 λαμπρῶς’
3335 3817 3603 3887 ἀλογῆσαι
3640 3820 3703 3873 δὲ
3752 3823 3871 3878 τῶν

2259 3906 2402 3960 οῦτω
2432 3905 2666 3969 σεπτῶν,
2696 3906 2791 3959 καὶ
2817 3906 3088 3961 ποιεῖσθαι
3117 3907 3246 3979 παρ’
3265 3908 3415 3961 οὐδὲν
3437 3909 3535 3980 τὴν
3555 3911 3664 3981 τῆς
3681 3914 3875 3987 ψυχῆς

2262 3998 2538 4069 σωτηρίαν
2560 4014 2572 4028 ·
2606 3997 2821 4070 βόθροις
2841 4014 2900 4051 τε
2937 3999 3110 4070 αὐτὴν
3137 3998 3471 4068 ὲγκαθιέναι,
3501 4003 3599 4054 καὶ
3620 4005 3875 4075 τέλμασι

2263 4088 2398 4161 πρὸς
2432 4088 2493 4144 τό
2535 4088 2726 4145 δοκοῦν
2761 4089 2947 4154 ἁπλῶς
3000 4093 3114 4154 τοῖς
3164 4089 3410 4144 ἐθέλουσι
3459 4091 3675 4157 λαλεῖν,
3720 4096 3762 4151 ’ἁ
3796 4099 3879 4171 μὴ

2263 4182 2563 4253 προσῆκεν,
2595 4181 2707 4236 ἔσθ’
2748 4183 2837 4236 ὅτε
2877 4183 3404 4255 παραρριπτοῦντας
3446 4184 3537 4236 τὸν
3577 4187 3738 4254 νοῦν,
3771 4192 3883 4245 οὐκ

2264 4273 2575 4344 ἀναμύοντα
2607 4274 2745 4344 πρὸς
2775 4274 2836 4327 τὺ
2865 4273 3065 4343 ἀληθὲς
3086 4315 3099 4339 ,
3134 4273 3254 4325 οὗτε
3301 4275 3409 4344 μὴν
3451 4270 3728 4334 ἐθέλοντα
3775 4300 3887 4336 πο-

2264 4364 2692 4435 λυπραγμονεῖν,
2718 4365 2771 4418 τί
2800 4365 2899 4435 μέν
2926 4367 3043 4418 ἐστι
3073 4364 3179 4417 τῶν
3210 4365 3649 4436 ἀνεγνωσμένων
3679 4373 3880 4445 ὀρθὸν,

2267 4454 2359 4507 καὶ
2389 4452 2735 4523 ὀνησιφόρον,
2762 4453 2816 4504 τί
2852 4452 2910 4504 δὲ
2955 4452 3017 4522 δὴ
3045 4452 3105 4505 τὸ
3137 4452 3482 4523 διάστροφον,
3513 4459 3616 4511 καὶ
3657 4459 3886 4534 δογμα-

590 4571 707 4609 rum
755 4551 944 4616 tendit,
977 4559 1032 4605 et
1078 4558 1282 4604 certam
1336 4545 1387 4600 in
1440 4546 1523 4600 his
1573 4557 1870 4612 veramque
1912 4539 2148 4594 semitan

2270 4547 2429 4615 τικῆς
2477 4545 2761 4616 ἀκριϐείας
2816 4544 3177 4615 ὲπιὸεόηκὺς,
3210 4546 3304 4601 καὶ
3351 4547 3558 4618 ζημίαν
3597 4552 3889 4623 ὲμπθιοῦν

590 4645 880 4716 percurrit,
933 4644 977 4699 is
1013 4652 1328 4697 nostrarum
1378 4651 1596 4707 quoque
1641 4633 2165 4697 sentetitiaruni_re-

590 4744 733 4790 ctuiu
788 4733 904 4802 ejus
952 4733 1057 4787 iter
1100 4729 1521 4800 approbantium
1571 4728 1759 4796 plausu
1810 4724 2160 4793 excipiatur:

589 4827 731 4897 quod
762 4826 805 4880 si
861 4823 1111 4891 frigidam
1162 4831 1219 4877 et
1267 4820 1500 4888 lutilem,
1531 4829 1589 4875 et
1626 4818 2003 4879 adulteratam,
2055 4815 2162 4869 imo

589 4937 721 4976 vero
752 4919 917 4974 etiam
946 4915 1309 4985 perniciosam
1345 4913 1648 4986 legentibus
1673 4911 1978 4969 orationem
2008 4910 2161 4972 texit,

589 5012 775 5067 audiat
802 5008 870 5063 ab
907 5008 1155 5063 omnibus
1184 5020 1201 5060 :
1236 5026 1254 5058 ι
1288 5008 1395 5063 Sed
1438 5004 1593 5059 nobis
1627 5001 1943 5072 loquamini,
1979 5013 2034 5057 et
2062 5015 2163 5054 au-

2269 4639 2460 4709 τὴνεὶς
2481 4637 2650 4706 αὐτὴν
2679 4637 2893 4708 ὁρῶσαν
2919 4637 3118 4708 ψυχὴν,
3144 4633 3210 4710 ἦς
3235 4639 3483 4704 ἀντάξιον
3503 4642 3697 4711 οὐδὲν,
3724 4651 3895 4724 παρά

2271 4744 2335 4796 γε
2356 4731 2468 4791 τοῖς
2502 4728 2710 4799 ἀρτίοις
2738 4728 2837 4800 τὴν
2874 4729 3065 4801 φρένα.
3094 4731 3459 4802 Δοκιμαστέον
3483 4728 3582 4786 οῦν
3612 4735 3758 4809 ἄρα,
3791 4746 3895 4797 καὶ

2271 4820 2390 4874 λίαν
2433 4820 2647 4891 ἰσχνῶς,
2681 4820 2777 4886 τὰς
2814 4823 2942 4893 περὶ
2972 4822 3081 4876 τῶν
3112 4822 3271 4877 θείων
3297 4824 3593 4892 δογμάτων
3630 4846 3899 4906 συγγρα-

2274 4912 2378 4980 φάς
2399 4928 2413 4942 ο
2440 4911 2541 4966 κᾶν
2569 4913 2667 4982 μέν
2695 4930 2778 4976 τις
2813 4912 2880 4966 ῐοι
2911 4914 3030 4968 κατ’
3056 4914 3185 4968 εὐθὺ
3209 4914 3302 4968 τοῦ
3327 4916 3534 4970 σκοποῦ
3560 4918 3681 4975 τῶν
3715 4925 3895 4998 ιερῶν

2274 5004 2638 5075 Γραμμάτων,
2672 5006 2765 5058 καὶ
2789 5006 2887 5074 τὴν
2916 5006 2974 5058 ἐν
3003 5024 3064 5074 γε
3088 5008 3329 5060 τουτοισὶ
3358 5007 3527 5077 σαφῆ,
3567 5013 3675 5068 καὶ
3702 5017 3897 5075 ἀπλα-

667 5190 681 5219 ¹
710 5188 869 5243 Prov.
904 5203 989 5252 Ill,
1025 5184 1191 5241 M-l'o'
1225 5203 1241 5251 ;
1277 5181 1504 5246 vut,19.
1581 5178 1643 5232 ἰ
1681 5177 1836 5234 Joan.
1867 5195 1939 5246 ιν,
1974 5179 2028 5235 1.
2106 5179 2143 5210 ³·

2252 5179 2372 5235 Cor.
2412 5196 2512 5245 λιι,
2555 5181 2637 5235 l0.
2710 5183 2731 5212 ⁵
2766 5182 2955 5238 Matth.
2987 5198 3095 5249 xvt,
3126 5182 3214 5238 26.

1868 5334 2026 5389 ΑΝΤ.
2068 5335 2346 5393 AGELLll
2385 5337 2618 5392 NOTAE.

664 5504 743 5577 (Ι)
779 5505 928 5561 llanc
960 5511 1283 5560 sententiam
1312 5497 1764 5577 Cyrillustrihuit
1798 5498 1956 5577 beato
1990 5498 2156 5553 Paulo

592 5586 646 5628 et
671 5568 877 5629 'ei'tatur
914 5585 1300 5641 nonnunquam
1334 5568 1368 5623 ιι
1402 5568 2155 5641 νοιονίὺυεηῼτωοίεμαιιοιο-

592 5646 763 5710 ribus,
801 5648 895 5700 sed
930 5645 1058 5700 nulli
1092 5636 1243 5710 certo
1284 5638 1495 5710 auctori
1544 5636 1858 5710 ascribitur.
1908 5638 2006 5694 Ubi
2058 5656 2156 5693 au-

593 5728 701 5771 tem
750 5704 822 5771 sit
871 5719 923 5770 in
969 5704 1206 5783 Apostoli
1255 5708 1531 5783 Epistolis,
1567 5708 2015 5783 nou_inveni_tur,_
2054 5711 2155 5766 nisi

594 5788 734 5840 forte
768 5797 958 5839 auctor
989 5777 1040 5836 in
1094 5777 1334 5850 Epistula
1379 5778 1551 5847 prima
1572 5779 1651 5850 Aad
1697 5777 2156 5834 Thessalonicen-

595 5873 682 5912 ses
714 5855 858 5910 illam
899 5853 1106 5919 habuit,
1144 5848 1194 5907 in
1223 5864 1325 5919 qua
1355 5858 1480 5907 sunt
1510 5848 1674 5905 etiam
1706 5864 1823 5917 qua:
1850 5859 2152 5918 sequuntur

2256 5499 2441 5581 verba,
2491 5497 2984 5581 0n_mia_probalc,
3033 5507 3140 5581 etc.
3167 5497 3437 5581 Qaterttm
3474 5505 3875 5581 Epiphanius

2255 5561 3139 5658 adversusAgppelli-arroerel'ert
3181 5570 3427 5658 _Apel|’em

2255 5640 2309 5717 id
2342 5641 2609 5709 scriptum
2653 5655 2776 5717 esse
2807 5640 3127 5717 dix_isse,_iu
3177 5654 3277 5717 suo
3326 5644 3572 5704 fortasse
3599 5691 3616 5717 ,
3660 5640 3905 5716 ηοῖἶῖᾗ

2256 5710 2358 5784 hoc
2379 5721 2664 5784 certe_quo
2691 5709 2943 5784 Ecclesia
2978 5711 3178 5765 utitur.
3214 5709 3344 5784 Erat
3371 5725 3570 5773 autem
3602 5709 3667 5779 in
3699 5709 3911 5784 έὲέπὶιζ

2254 5779 2497 5849 pluribus
2529 5779 3057 5856 Grtecistpéptpor,
3096 5794 3220 5856 cum
3264 5783 3347 5856 sit
3378 5779 3909 5856 legendum—56:;-

2259 5839 2370 5918 ἐἶ-οι,
2405 5860 2461 5906 ut
2499 5852 2635 5906 citat
2665 5839 3002 5921 Epiphanius
3038 5839 3230 5906 eodem
3262 5839 3693 5910 libro'"""“---
3742 5839 3847 5855 ν-ι.
