4150 6436
351 392 420 445 i3
1470 382 1839 443 ADVERSUS
1876 382 2279 445 NESTORIUM
2317 387 2447 446 LIB.
2486 390 2529 447 ι.
3572 402 3638 457 Η
3732 392 3739 399 ’

351 510 631 583 νεστὰτην
683 510 893 581 διᾲττοι
940 509 1147 580 τρίϐον,
1200 508 1646 580 κατακροτείσθω
1697 507 1790 561 καὶ
1823 506 1949 578 πρὸς

2066 509 2313 565 nuntiate
2363 510 2519 567 nobis
2584 508 2746 566 aliam
2800 513 3241 571 seductionem'.
3278 533 3297 566 ι
3346 515 3492 588 Ergo
3543 534 3635 575 aut

353 601 522 674 ἡμῶν
561 604 688 667 ταῖς
720 605 805 667 είς
836 602 1109 673 ὀρθότητα
1152 600 1355 671 ψήφοις
1376 618 1389 631 ·
1438 602 1485 653 εί
1518 600 1574 653 δὲ
1596 600 1824 671 ψυχρὸν,
1861 599 1949 652 καὶ

2061 600 2114 672 3
2144 599 2345 656 faciant
2373 600 2624 657 arborem
2648 604 2867 668 bonam,
2902 614 2957 661 et
2983 606 3215 662 fructum
3251 605 3370 676 ejus
3393 609 3635 678 bonum;

356 697 636 770 ἐξίτηλον,
667 697 765 750 καὶ
808 713 875 767 με
886 695 1244 767 μωμημένον,
1291 692 1491 765 μᾶλλον
1524 693 1580 746 δὲ
1608 692 1701 746 καὶ
1729 690 1955 763 ὀλέθρου

360 790 634 860 πρόξενον
691 791 805 851 τοῖς
858 785 1266 857 ἐντευξομένοις
1310 784 1589 854 ὲξυφαίνοι
1629 784 1721 836 τὸν
1775 782 1953 851 λόγον,

355 884 619 937 ἀκουέτω
672 880 826 951 παρά
877 878 1097 932 πάντων
1119 895 1132 908 ·
1171 896 1191 930 r
1225 876 1386 932 Ἀλλά
1414 878 1547 947 ήμῑν
1593 875 1825 940 λαλεῖτε,
1859 876 1955 928 καὶ

357 972 729 1041 ἀναγγέλλετε
782 972 916 1041 ἡμῖν
975 970 1169 1041 ἑτέραν
1234 968 1520 1040 πλάνησιν.
1562 986 1581 1019 ι
1647 966 1859 1022 Οὐκοῦν
1915 968 1950 1037 ἢ

357 1064 703 1115 ποιείτωσαν
732 1060 794 1112 τὸ
830 1060 1051 1130 δένδρον
1081 1059 1268 1123 καλὸν,
1303 1057 1514 1111 καὶτὸν
1544 1057 1754 1129 καρπὸν
1785 1055 1953 1111 αὑτοῦ

358 1154 556 1218 καλὸν,
578 1153 614 1223 ἢ
645 1151 974 1206 ποιείτωσαν
994 1150 1057 1203 τὸ
1085 1151 1305 1221 δένδρον
1336 1148 1568 1221 σαπρὸν,
1590 1149 1796 1203 καὶτὸν
1816 1165 1954 1220 καρ-

358 1246 467 1298 πὺν
512 1243 679 1298 αὐτοῦ
724 1243 954 1313 σαπρόν.
995 1260 1014 1293 t
1056 1241 1118 1295 Ὀ
1151 1232 1381 1312 μὲνγὰρ
1415 1241 1620 1310 ἀγαθὸς
1665 1240 1952 1312 ἄνθρωπος

357 1339 431 1391 ὲκ
478 1336 575 1391 τοῦ
626 1334 834 1405 ἀγαθοῦ
869 1333 1152 1406 θησαυροῦ
1195 1333 1296 1403 τῆς
1347 1333 1579 1404 καρδίας
1622 1332 1788 1387 αὑτοῦ
1816 1350 1952 1404 προ-

359 1430 527 1500 φέρει
558 1429 625 1482 τὰ
649 1426 832 1496 ἀγαθά
851 1440 865 1454 ·
893 1427 922 1478 ὁ
948 1425 1007 1478 δὲ
1040 1425 1276 1495 πονηρὸς
1311 1424 1599 1493 ἄνθρωπος
1628 1426 1693 1478 ὲκ
1730 1423 1824 1479 τοῦ
1854 1441 1952 1479 πο-

354 1519 534 1592 νηροῦ
569 1517 848 1589 θησαυροῦ
878 1519 977 1587 τῆς
1009 1516 1237 1587 καρδίας
1263 1515 1429 1569 αὐτοῦ
1463 1515 1730 1589 προφέρει
1757 1515 1828 1569 τὰ
1851 1532 1952 1569 πο-

355 1612 538 1681 νηρὰ,
576 1628 594 1661 ο
630 1608 776 1662 κατά
816 1624 881 1677 γε
926 1608 1027 1679 τὴν
1065 1605 1273 1677 ἀψευδῆ
1305 1605 1402 1661 τοῦ
1448 1608 1701 1679 Σωτῆρος
1740 1607 1945 1678 φωνήν·

361 1720 382 1752 ι
415 1699 701 1753 Ἑσκότισε
738 1699 838 1769 μὲν
860 1698 969 1769 γὰρ
1017 1700 1046 1752 ὁ
1090 1697 1223 1761 Θεὸς
1271 1697 1367 1751 τοῦ
1416 1697 1613 1760 αἰῶνος
1644 1697 1835 1750 τούτου
1881 1697 1952 1750 τά

353 1792 617 1863 νοήματα
649 1790 761 1845 τῶν
792 1789 1042 1844 ἀπίστων
1075 1787 1390 1861 αἱρετικῶν,
1417 1789 1497 1850 είς
1521 1786 1579 1840 τὸ
1608 1786 1682 1858 μὴ
1710 1787 1948 1855 αὐγάσαι

2061 697 2155 743 aut
2186 687 2392 745 faciant
2424 691 2675 747 arborem
2725 693 2950 762 malam,
2999 705 3055 750 et
3083 696 3316 754 fructum
3351 699 3479 769 fejus
3523 717 3637 757 ma-

2058 777 2169 833 lum
2189 779 2231 833 ⁷.
2272 799 2291 832 ι
2327 778 2510 836 Bonus
2546 783 2691 838 enim
2735 784 2897 842 homo
2940 786 3008 843 de
3052 789 3311 847 thesauro
3342 793 3523 849 cordis
3551 794 3636 849 sui

2056 869 2268 939 prol'ert
2321 870 2461 927 bona
2499 872 2714 930 :malus
2766 885 2946 930 autem
2993 876 3154 933 homo
3203 893 3271 935 ex
3323 882 3466 936 malo
3519 883 3637 939 the-

2056 975 2221 1016 sanro
2252 962 2431 1023 cordis
2462 963 2546 1018 sui
2587 965 2792 1034 profert
2828 968 3003 1035 mala;
3036 986 3056 1021 ι
3086 977 3147 1024 ιιι
3180 972 3466 1029 verissime
3515 973 3637 1030 Sal-

2054 1058 2213 1105 vator
2252 1060 2435 1108 noster
2465 1054 2597 1109 dicit
2619 1055 2662 1108 ⁸.
2705 1074 2724 1108 ι
2754 1056 3079 1114 Obscuravit
3107 1061 3251 1116 enim
3288 1061 3431 1119 Deus
3474 1065 3635 1136 hujus

2056 1140 2239 1197 smeuli
2305 1153 2516 1201 mentes
2569 1145 2869 1203 inﬁdelium
2931 1150 3350 1222 haereticorum,
3407 1165 3468 1210 ut
3528 1171 3634 1212 non

2054 1231 2260 1301 fulgeat
2319 1234 2647 1293 illuminatlo
2704 1239 2983 1313 Evangelii
3040 1243 3226 1315 gloriae
3279 1236 3628 1303 Christi'f»

2053 1324 2351 1394 multisque
2376 1327 2549 1383 modis
2577 1328 2630 1384 in
2660 1344 2904 1388 errorem
2941 1334 3163 1393 abducti
3195 1345 3343 1393 sunt.
3375 1336 3633 1394 Nonnulli

2052 1415 2197 1469 enim
2234 1416 2472 1473 Verbum
2514 1433 2580 1474 ex
2629 1419 2740 1477 Deo
2772 1423 2933 1479 Patre
2966 1428 3208 1498 genitum
3239 1430 3496 1487 Genitore
3527 1434 3631 1487 mi-

2054 1520 2240 1562 norem
2274 1522 2394 1563 esse
2429 1509 2639 1574 dicunt,
2673 1513 2883 1578 miseri,
2916 1525 2970 1570 et
3007 1527 3320 1574 extraneam
3348 1521 3629 1578 servilem-

2051 1613 2158 1668 que
2188 1614 2502 1656 mensuram
2542 1602 2619 1658 illi
2662 1604 2905 1663 tribucre
2940 1622 3046 1663 non
3088 1608 3337 1667 horrent.
3369 1613 3473 1668 Alii
3503 1628 3632 1669 vero

2053 1691 2280 1759 impium
2312 1703 2366 1749 et
2393 1692 2726 1762 elfrenalum
2757 1712 2820 1753 os
2850 1709 3124 1754 exacuunt
3158 1703 3418 1759 adversus
3454 1704 3631 1777 Spiri-

2056 1792 2166 1837 tum
2203 1790 2476 1851 sanctum,
2510 1795 2569 1841 ut
2590 1785 2711 1854 jure
2744 1789 3121 1859 propheticum
3155 1790 3284 1847 illud
3319 1795 3371 1848 in
3396 1809 3493 1852 eos
3523 1797 3631 1853 dici

352 1886 452 1938 τὸν
491 1882 781 1953 φωτισμὸν
823 1881 915 1934 τοῦ
954 1881 1292 1951 Εὐαγγελίου
1326 1880 1426 1950 τῆς
1463 1878 1624 1949 δόξης
1669 1877 1764 1931 τοῦ
1811 1878 1948 1949 Χρι-

2055 1875 2271 1943 possit:
2308 1893 2328 1926 ε
2359 1872 2471 1930 Vos
2515 1885 2698 1930 autem
2751 1878 3014 1946 accedite,
3049 1879 3143 1934 lilii
3192 1880 3401 1950 iniqui,
3443 1897 3629 1940 semen

356 1975 491 2030 στοῦ
510 1993 525 2008 -
555 1994 576 2026 ι
615 1975 995 2046 πεπλάνηνται
1021 1974 1079 2027 δὲ
1099 1973 1476 2044 πολυτρόπως.
1504 1972 1570 2026 Oi
1600 1970 1700 2043 μὲν
1728 1971 1837 2041 γὰρ
1856 1971 1948 2024 τὸν

357 2070 428 2121 ἐκ
454 2065 595 2121 Θεοῦ
624 2066 838 2137 [ἰατρὸς
864 2064 1038 2133 φύντα
1066 2064 1257 2132 Λόγον,
1276 2065 1333 2116 ἐν
1366 2052 1544 2134 μείοσι
1567 2062 1660 2115 τοῦ
1692 2079 1949 2133 γεγεννη-

356 2160 517 2222 κότος
551 2154 695 2211 εἷναί
730 2157 790 2210 τέ
819 2173 984 2225 φασιν
1022 2157 1073 2209 oi
1101 2157 1344 2219 δείλαιοι,
1393 2155 1487 2209 καὶ
1519 2154 1579 2208 τὸ
1618 2153 1856 2223 έκφυλόν
1887 2171 1944 2206 τε

357 2250 456 2303 καὶ
479 2247 852 2319 δουλοπρεπὲς
874 2244 1027 2317 αὐτῷ
1061 2246 1466 2317 προσνέμοντες
1501 2245 1723 2316 μέτρον,
1754 2247 1815 2299 οὐ
1846 2262 1947 2299 κα-

354 2338 793 2409 ταπεφρίκασιν.
828 2339 893 2393 Οί
924 2337 983 2391 δὲ
1014 2336 1090 2408 τῷ
1141 2336 1281 2407 ἁγίῳ
1311 2336 1592 2406 Πνεύματι
1629 2335 1692 2420 τὸ
1733 2335 1949 2389 ἀνόσιόν

354 2445 415 2481 τε
447 2427 544 2481 καὶ
567 2427 809 2497 ἀκρατὲς
838 2426 1199 2497 ἐπιθήγοντες
1223 2427 1418 2497 στόμα,
1437 2426 1664 2490 δικαίως
1688 2426 1947 2480 ἀκούουσι

354 2519 452 2572 τοῦ
493 2519 783 2589 προφήτου
831 2517 1121 2587 λέγοντος’
1164 2537 1185 2568 r
1222 2516 1417 2587 Ὑμεῖς
1455 2517 1514 2570 δὲ
1561 2517 1945 2589 προσαγάγετε

352 2603 484 2674 ἐῶε,
513 2611 621 2662 υἱοὶ
643 2607 858 2679 ἄνομοι,
883 2608 1109 2679 σπέρμα
1140 2608 1347 2679 μοιχῶν
1372 2608 1467 2662 καὶ
1495 2608 1701 2679 πόρνης
1722 2624 1736 2638 ·
1762 2610 1820 2662 ὲν
1842 2608 1949 2662 τίνι

352 2701 785 2772 ἑνετρυφήσατε,
821 2701 919 2767 καὶ
939 2700 1033 2751 ἐπὶ
1060 2699 1166 2752 τίνι
1187 2699 1439 2769 ήνοίξατε
1464 2699 1526 2753 τὸ
1555 2699 1733 2769 στόμα
1755 2699 1909 2770 ὑμῶν
1930 2739 1946 2764 ,

348 2792 452 2848 καὶ
469 2792 563 2847 ἐπὶ
584 2791 695 2853 τίνι
725 2789 1031 2862 ἐχαλάσατε
1048 2790 1147 2863 τὴν
1172 2790 1425 2861 γλῶσσαν
1444 2790 1632 2863 ὑμῶνς
1655 2791 1769 2862 Οὐχ
1790 2791 1949 2861 ὑμεῖς

352 2889 482 2940 ἐστε
512 2886 685 2940 τέκνα
719 2885 1020 2950 ἀπωλείας,
1056 2884 1281 2956 σπέρμα
1312 2885 1547 2956 ἀνομον;
1582 2884 1722 2937 Ἀλλ’
1750 2885 1948 2938 ἐκεῖνοι

355 2981 460 3051 μὲν
484 2978 851 3051 πορεύσονται
878 2977 964 3049 .τῷ
993 2977 1207 3031 ἑαυτῶν
1235 2977 1396 3048 φωτὶ,
1431 2978 1530 3032 καὶ
1567 2977 1773 3048 φλόγας
1798 2978 1950 3049 εὑρί-

354 3088 583 3129 σκουσιν
614 3069 725 3142 [Ζσ.
748 3068 1091 3142 εὑρήσουσι],
1112 3068 1178 3134 ἃς
1201 3070 1508 3139 ἐξέκαυσαν
1536 3070 1709 3123 αὐτοί.
1734 3089 1752 3122 ι
1771 3070 1951 3141 Ἡμᾶς

351 3163 412 3216 δὲ
470 3161 806 3227 ἀκόλουθον,
857 3156 939 3224 οἷς
976 3159 1270 3233 ὀρθότητος
1314 3160 1508 3232 μέλει,
1550 3160 1712 3229 σοφόν
1738 3178 1813 3233 ,τε
1855 3161 1950 3215 καὶ

354 3254 565 3327 ἀκριϐῆ
592 3255 688 3308 τὸν
715 3256 806 3323 ἐφ’·
846 3253 1065 3323 ἑκάστῳ
1114 3254 1223 3307 τῶν
1251 3254 1412 3307 θείων
1451 3254 1740 3325 δογμάτων
1775 3256 1946 3308 ποιεῖ-

356 3345 486 3399 σθαι
538 3345 737 3413 λόγον·
788 3346 883 3398 καὶ
929 3344 1032 3415 τῆς
1080 3346 1305 3399 ἐκείνων
1353 3345 1758 3417 ἀθυροστομίας
1806 3362 1950 3418 παρ-

354 3437 635 3492 αιτεῖσθαι
684 3436 751 3491 τά
784 3438 1139 3508 ἐγκλήματα·
1174 3439 1261 3492 ἵνα
1306 3439 1382 3510 μή
1429 3455 1482 3491 τι
1517 3440 1822 3504 πταίοντες,
1852 3440 1948 3495 καί⁹

355 3528 777 3600 ἁμαρτάνοντες
808 3530 889 3591 είς
917 3526 1045 3590 τοὺς
1071 3527 1359 3597 ἀδελφοὺς,
1398 3527 1724 3599 πλήττοντές
1753 3547 1811 3582 τε
1849 3531 1949 3583 αύ-

354 3621 469 3673 τῶν
493 3621 595 3690 τὴν
639 3618 944 3689 συνείδησιν
990 3618 1343 3685 ἀσθενοῦσαν,
1377 3620 1458 3682 είς
1497 3619 1735 3690 Χριστὸν
1766 3622 1947 3693 ἀμαρ-

356 3714 641 3783 τὰνωμεν.
678 3710 1070 3782 ’Λκουσώμεθα
1101 3709 1212 3781 [ἷσ.
1238 3709 1606 3783 ἀκουσόμεθα]
1628 3711 1738 3783 γὰρ
1766 3710 1949 3782 λέγονο

355 3824 449 3871 τος
480 3804 649 3867 εὐθύς
669 3822 682 3835 -
718 3823 737 3855 ι
766 3804 888 3856 Ὅτι
919 3805 967 3856 εί
990 3805 1019 3858 ὁ
1044 3802 1236 3874 ἐχθρὸς
1261 3802 1505 3856 ὠνείδισέ
1526 3798 1628 3874 με,
1664 3805 1950 3876 ὑπήνεγκα

354 3898 425 3950 ἄν
448 3914 462 3926 ο
499 3897 597 3949 καὶ
634 3895 685 3947 εί
714 3896 744 3948 ὁ
776 3893 950 3964 μισῶν
977 3910 1047 3964 με
1086 3894 1174 3947 ἐπ’
1204 3893 1306 3963 ἐμὲ
1335 3893 1947 3965 ὲμεγαλορῤημόνησεν,

356 3988 607 4059 ἐκρύϐην
655 3987 722 4041 ἂν
777 3989 873 4042 ἀπ’
903 3987 1090 4042 αὐτοῦ.
1122 3986 1196 4039 Σὺ
1246 3985 1338 4049 δὲ,
1393 3984 1647 4057 ἄνθρωπε
1703 3985 1949 4055 ίσόψυχε,

354 4079 590 4151 ἡγεμών
619 4097 744 4151 μου,
781 4080 875 4133 καὶ
898 4078 1110 4149 γνωστέ
1138 4092 1272 4149 μου’
1300 4078 1362 4141 ὃς
1392 4078 1486 4132 ἐπὶ
1528 4078 1591 4130 τὸ
1622 4077 1756 4131 αὐτὸ
1789 4076 1952 4147 ὲγλύ-

358 4174 539 4233 κεινὰς
584 4189 678 4242 μοι
713 4172 1014 4242 ἐδέσματα⁹
1050 4173 1108 4224 ὲν
1144 4170 1223 4242 τῷ
1253 4171 1389 4239 οἴκῳ
1418 4169 1513 4222 τοῦ
1544 4168 1680 4221 θεοῦ
1715 4168 1950 4239 ἐπορεύ-

2052 1964 2425 2021 adnlterorum
2454 1976 2508 2020 et
2542 1968 2848 2023 meretricis
2876 1987 2889 2034 ;
2914 1969 2970 2035 in
3009 1985 3169 2039 quem
3191 1972 3446 2028 ohlectati
3476 1976 3631 2042 estis,

2051 2060 2107 2106 et
2135 2052 2186 2106 in
2217 2068 2378 2124 quem
2401 2056 2696 2123 aperuistis
2727 2072 2789 2111 os
2824 2066 3086 2125 vestrum,
3114 2069 3170 2115 et
3198 2061 3253 2115 in
3285 2077 3446 2131 quem
3481 2064 3633 2121 laxa-

2049 2144 2151 2199 stis
2194 2143 2433 2215 linguam
2469 2149 2749 2202 vestram?
2778 2147 2970 2204 Nonne
2998 2165 3095 2206 vos
3135 2154 3268 2208 estis
3319 2153 3413 2209 lilii
3446 2158 3631 2226 perdi-

2053 2237 2236 2303 tionis,
2282 2252 2467 2294 semen
2499 2240 2741 2310 iniquum
2764 2242 2851 2296 “7
2895 2242 3000 2298 Sed
3033 2243 3107 2298 illi
3134 2247 3352 2315 quidem
3385 2247 3631 2305 ambula-

2048 2328 2188 2385 bunt
2221 2329 2273 2384 in
2303 2329 2509 2385 lumine
2537 2346 2656 2398 suo,
2688 2341 2739 2387 et
2772 2331 3020 2391 ﬂammas
3053 2336 3331 2393 invenient
3360 2354 3498 2409 quas
3528 2341 3629 2411 ipsi

2051 2423 2420 2478 accenderunt
2446 2424 2510 2479 “.
2544 2442 2564 2476 ι
2606 2423 2772 2481 Nobis
2810 2435 3013 2495 autem,
3046 2430 3247 2499 quibus
3288 2441 3494 2487 rectum
3527 2434 3634 2490 iter

2049 2521 2134 2567 est
2156 2526 2322 2577 cum,
2357 2514 2612 2570 convenit
2642 2516 2921 2585 sapienter
2944 2526 2999 2572 et
3026 2530 3282 2577 accurate
3305 2524 3371 2576 de
3403 2523 3631 2592 singulis

2053 2602 2254 2657 divinis
2282 2603 2628 2671 dogmatibus
2661 2604 2830 2676 loqui,
2863 2622 3166 2679 cavereque
3215 2626 3279 2665 ne
3314 2611 3530 2667 illorum
3576 2613 3628 2668 in

2049 2693 2318 2763 loquendo
2348 2697 2671 2753 temeritatis
2714 2700 2920 2756 crimen
2956 2702 3321 2771 incuri-amns,
3358 2721 3428 2762 ne
3458 2707 3632 2762 oll'en-

2051 2785 2241 2839 dentes
2275 2794 2331 2840 et
2369 2796 2658 2855 peccantes
2708 2788 2760 2842 in
2806 2791 3025 2858 l'ralres,
3064 2801 3119 2847 ct
3151 2796 3523 2863 percutientes
3551 2796 3630 2850 in-

2052 2876 2261 2933 ﬁrmam
2306 2880 2543 2948 ipsorum
2585 2883 2998 2949 conscientiam,
3036 2885 3089 2940 in
3115 2886 3395 2942 Christum
3436 2903 3629 2958 pecce-

2050 2982 2170 3022 mus
2197 2967 2262 3022 “.
2299 2968 2450 3025 Illico
2472 2970 2618 3026 enim
2643 2972 2930 3030 audiemus
2960 2989 3083 3030 eum
3118 2976 3386 3033 dicentem
3407 2995 3421 3032 :
3442 2997 3463 3032 ι
3485 2980 3632 3046 Quo-

2052 3059 2200 3116 niam
2244 3061 2289 3117 si
2335 3061 2590 3119 inimicus
2644 3068 2799 3122 meus
2832 3065 3205 3126 maledixisset
3260 3070 3415 3135 mihi,
3467 3074 3632 3128 susti-

2052 3154 2292 3210 nuissem
2323 3155 2557 3225 utique;
2593 3165 2650 3211 et
2679 3158 2726 3214 si
2773 3158 2818 3213 is
2851 3160 2944 3228 qui
2990 3161 3182 3216 oderat
3210 3177 3316 3228 me,
3348 3178 3511 3234 super
3543 3181 3630 3221 me

2052 3259 2246 3314 magna
2297 3245 2513 3301 locutus
2564 3246 2779 3313 fuisset,
2825 3248 3230 3307 abscondissem
3278 3268 3367 3308 me
3399 3255 3628 3317 forsitan

2048 3335 2118 3391 ab
2151 3350 2216 3391 eo
2252 3353 2268 3391 :
2303 3346 2358 3391 tu
2384 3350 2535 3404 vero,
2569 3339 2734 3394 homo
2763 3341 3056 3409 unanimis,
3077 3342 3182 3398 dux
3211 3359 3363 3398 meus
3387 3353 3443 3401 et
3462 3354 3629 3401 notus

2048 3442 2222 3494 meus,
2262 3429 2353 3497 qni
2393 3430 2555 3489 simul
2600 3447 2811 3487 mecum
2843 3433 3028 3489 dulces
3059 3435 3312 3503 capiebas
3353 3437 3527 3505 cibos,
3576 3438 3628 3492 in

2046 3518 2212 3576 domo
2238 3519 2335 3576 Dei
2358 3521 2753 3581 ambulavimus
2777 3539 2897 3581 cum
2925 3540 3193 3582 consensu
3223 3527 3288 3582 ¹³.
3327 3546 3348 3579 ι
3383 3525 3490 3584 Sed
3513 3528 3631 3584 haec

2051 3611 2104 3666 in
2147 3613 2323 3682 capita
2360 3614 2701 3671 inimicorum
2745 3625 2979 3681 vertant,
3010 3617 3101 3688 qui
3127 3617 3328 3674 bellum
3367 3623 3630 3676 adversus

2050 3703 2354 3761 Salvatoris
2384 3706 2552 3761 nostri
2584 3705 2813 3777 gloriam
2846 3716 3223 3776 susceperunt,
3265 3716 3321 3765 et
3353 3708 3629 3778 coniectas
3705 3746 3707 3748 -

2050 3794 2104 3849 in
2151 3810 2273 3850 eum
2337 3795 2701 3866 hlasphemias
2756 3812 2856 3866 pro
2918 3798 3130 3856 deliciis
3186 3800 3412 3856 habent.
3459 3800 3629 3857 Nobis

2048 3895 2254 3953 autem,
2290 3897 2350 3941 ut
2375 3887 2501 3950 dixi,
2544 3902 2967 3944 consentaneum
2996 3900 3082 3946 est
3124 3906 3190 3946 ac
3234 3894 3625 3958 necessarium,

2050 3978 2141 4047 qui
2174 3993 2238 4032 ea
2274 3993 2465 4048 sapere
2492 3980 2772 4036 studemus
2800 3995 2920 4050 quae
2951 3980 3028 4036 illi
3069 3982 3305 4048 placent,
3338 3983 3626 4052 providere

2051 4083 2120 4122 ne
2158 4083 2341 4124 sermo
2397 4078 2581 4124 noster
2630 4071 2924 4129 a,,veritate
2973 4071 3045 4126 sit
3090 4082 3350 4137 remotus,
3380 4085 3472 4128 aut
3520 4074 3626 4130 alio

2051 4157 2307 4228 quopiam
2342 4160 2547 4222 tendat,
2590 4174 2652 4215 ac
2684 4169 2895 4230 spectet
2926 4161 2995 4217 ad
3040 4162 3259 4218 inanem
3301 4163 3625 4231 vanitatem,

359 4264 544 4335 θημεν
589 4265 650 4316 ὲν
696 4263 941 4333 ὁμονοίᾳ.
977 4283 993 4311 ι
1029 4261 1171 4314 Ἀλλ’
1202 4261 1268 4314 ίοι
1303 4262 1403 4330 μὲν
1436 4261 1511 4324 ὡς
1551 4259 1762 4331 ἐχθρῶν
1791 4261 1949 4314 ταυτὶ

2054 4251 2123 4318 is,
2177 4251 2418 4320 inquam,
2474 4252 2565 4320 qui
2617 4252 2684 4306 ad
2734 4252 2978 4309 subditos
3024 4254 3279 4320 habetur,
3337 4258 3433 4312 sed
3480 4261 3625 4328 quod

358 4352 634 4422 κεφαλὰς,
674 4351 723 4405 οἷ
749 4351 848 4421 τῆς
875 4350 969 4405 τοῦ
1004 4350 1259 4418 Σωτῆρος
1291 4347 1449 4419 ήμῶν
1480 4345 1949 4416 κατειιισιτρατεύον·¹

2054 4352 2203 4396 recte
2250 4342 2491 4411 prolatus
2546 4344 2639 4408 sit,
2673 4343 2845 4412 ipsius
2874 4344 3121 4401 veritatis
3172 4345 3431 4417 suffragio
3473 4365 3625 4405 com-

357 4465 451 4501 ται
474 4446 664 4515 δόξης,
694 4447 788 4498 καὶ
816 4443 1029 4515 τρυφὴν
1056 4442 1320 4513 ἡγοῦνται
1349 4441 1446 4503 τὰς
1483 4442 1563 4502 εἰς
1600 4439 1762 4493 αὑτὸν
1784 4437 1948 4509 βλασ-

2056 4434 2361 4488 mendetur.
2416 4430 2541 4487 lla-c
2595 4440 2776 4487 autem
2826 4450 2891 4489 eo
2941 4435 3087 4499 dico,
3138 4438 3265 4506 quia
3315 4438 3367 4492 in
3428 4439 3625 4495 librum

360 4557 436 4608 φη
443 4539 596 4607 μίας·
614 4539 762 4607 ἡμᾶς
779 4535 858 4599 δὲ,
878 4535 954 4598 ὡς
970 4535 1129 4605 ἔφην,
1148 4530 1438 4586 ἀκόλουθόν
1454 4548 1513 4584 τε
1536 4530 1631 4584 καὶ
1648 4531 1946 4599 ἀναγκαῖον

2053 4527 2341 4595 quemdam
2391 4540 2420 4579 a
2463 4528 2697 4595 quodam
2745 4527 3104 4595 compositum
3167 4528 3355 4595 incidi,
3412 4530 3465 4584 in
3520 4545 3629 4601 quo

356 4634 489 4694 τοὺς
510 4629 582 4682 τὰ
601 4629 750 4698 αὑτῷ
766 4626 1031 4681 δοκοῦντα
1057 4627 1274 4697 φρονεῖν
1297 4621 1722 4687 σπουδάζοντας,
1755 4622 1830 4691 μὴ
1850 4623 1948 4692 τῆς

2054 4616 2206 4671 multi
2269 4624 2426 4670 erant
2482 4616 2727 4687 congesti
2785 4632 3065 4691 sermones
3114 4633 3212 4687 per
3260 4620 3527 4677 elementa
3572 4633 3628 4681 et

360 4720 627 4791 ἀληθείας
649 4718 1140 4789 ὲκκεκομισμένον,
1156 4716 1324 4789 ἤγουν
1340 4714 1573 4785 ἑτέρωσέ
1602 4729 1692 4766 ποι
1714 4711 1949 4783 διᾴττον-

2052 4709 2198 4763 velut
2241 4709 2429 4764 ordine
2485 4709 2752 4779 dispositi,
2806 4709 3063 4780 nullaque
3115 4712 3253 4765 ratio
3310 4713 3361 4766 ei
3415 4714 3625 4785 deerat,

355 4833 452 4878 τα,
479 4814 580 4867 καὶ
608 4811 903 4867 νενευκότα
919 4811 1056 4881 πρὸς
1086 4807 1146 4861 τὸ
1165 4804 1535 4876 ὲξίτηλον,τὺν
1558 4803 1694 4875 πρός
1716 4820 1781 4872 γε
1796 4804 1949 4875 ,φημὶ

2052 4802 2595 4872 quominnsretineri
2630 4811 2832 4871 posset.
2859 4800 2916 4874 4
2949 4802 3027 4856 Ac
3056 4802 3101 4857 si
3131 4818 3159 4858 a
3188 4803 3461 4874 scriptore
3483 4807 3629 4877 ejus~

356 4908 485 4972 τοὺς
503 4904 616 4960 ὑπὸ
637 4907 816 4975 χεῖρα,
833 4903 929 4956 καὶ
942 4903 1064 4963 ταῖς
1084 4901 1163 4963 είς
1187 4897 1459 4970 ὀρθότητα
1478 4896 1684 4968 ψήφοις
1705 4894 1763 4960 ἐξ
1782 4896 1949 4965 αὐτῆς

2054 4893 2197 4947 modi
2231 4893 2434 4964 aliquid
2466 4893 2670 4949 dictmn
2705 4903 2868 4960 esset,
2901 4894 3044 4965 quod
3076 4895 3335 4953 oblivioni
3370 4899 3626 4955 traditum

355 5002 457 5069 τῆς
491 4996 762 5068 ἀληθείας
814 4989 1265 5062 στεφανούμενον.
1294 4989 1405 5043 Καὶ
1440 4986 1614 5040 ταῦτά
1642 5003 1805 5056 φημι,
1845 4987 1949 5039 τινὶ

2058 4994 2427 5049 evanesceret,
2468 4986 2654 5041 forsan
2701 4987 2890 5057 utique
2935 4989 3249 5045 statuissem
3296 4999 3351 5046 et
3381 4992 3515 5049 mihi
3557 4994 3633 5048 si-

355 5092 467 5146 τῶν
504 5088 733 5160 βιϐλίων
767 5082 1077 5158 περιτυχὼν
1125 5081 1231 5135 ὑπό
1264 5097 1358 5134 του
1403 5078 1823 5149 συντεθειμένῳ,
1853 5078 1950 5131 καὶ

357 5182 571 5252 πολλὴν
608 5181 713 5250 μὲν
745 5177 925 5249 ἔχοντι
957 5174 1069 5228 τῶν
1095 5171 1323 5244 ὁμιλιῶν
1365 5171 1467 5241 τὴν
1495 5169 1764 5241 ἄθροισιν,
1804 5187 1946 5224 στοι-

355 5273 524 5345 χηδὸν
548 5270 631 5332 δὲ,
673 5269 771 5322 καὶ
807 5266 883 5330 ὡς
934 5266 993 5317 ὲν
1025 5262 1178 5327 τάξει
1206 5260 1499 5331 κειμένων,
1528 5258 1861 5331 ήμοιρηκόσι
1891 5258 1947 5311 δὲ

358 5366 481 5419 κατ’
517 5361 717 5415 οὐδένα
743 5359 946 5429 τρόπον
973 5354 1070 5410 τοῦ
1097 5352 1424 5424 κατέχεσθαι
1457 5350 1587 5405 δεῖν.
1623 5351 1734 5403 Καὶ
1762 5351 1811 5402 εἱ
1849 5350 1951 5419 μὲν

358 5452 583 5528 εἴρηταί
623 5469 678 5506 τι
708 5449 863 5521 παρὰ
892 5446 988 5502 τοῦ
1025 5444 1492 5517 συγγεγραφότος»
1520 5442 1549 5495 δ
1577 5443 1697 5505 ταῖς
1736 5442 1816 5505 είς
1854 5441 1950 5512 “ﬁ

360 5545 461 5616 θην
505 5543 845 5614 ἀποδημίαις
894 5537 1209 5609 ἠφανίζετο,
1244 5536 1346 5591 κᾶν
1390 5534 1573 5607 ᾠήθην
1618 5533 1750 5597 δεῖν,
1795 5531 1952 5601 σιγὴν

2056 5074 2272 5130 lendum
2306 5090 2448 5140 esse,
2495 5087 2551 5131 et
2592 5078 2805 5132 czcteris
2841 5078 3232 5135 consulendum
3277 5091 3336 5137 ut
3374 5083 3514 5138 idem
3553 5083 3629 5138 la-

2054 5176 2276 5230 cerent,
2338 5182 2404 5220 ne
2455 5168 2637 5224 multis
2695 5168 2815 5225 aliis
2861 5172 3200 5240 posterisque
3254 5174 3453 5230 nostris
3504 5185 3629 5229 nota

2056 5270 2236 5314 essent
2271 5268 2379 5312 tam
2407 5259 2638 5316 absurde
2676 5270 2895 5329 tamque
2926 5262 3300 5330 imprudenter
3330 5264 3499 5319 dicta.
3524 5265 3637 5321 Sed

2056 5352 2184 5421 quia
2220 5349 2674 5420 blasphemiarum
2706 5354 2860 5407 turba
2890 5353 2943 5408 in
2973 5369 3038 5409 co
3066 5354 3204 5408 libro
3241 5359 3495 5424 congesta
3525 5365 3633 5421 est,

2056 5452 2111 5498 et
2148 5442 2371 5496 multum
2414 5442 2675 5498 adversus
2711 5443 2962 5512 dogmata
2998 5443 3245 5497 veritatis
3273 5443 3629 5499 declamatum

2058 5540 2113 5587 et
2164 5531 2559 5600 oblateratum,
2603 5534 2877 5603 quomodo
2930 5548 3038 5588 non
3101 5534 3472 5590 necessarium
3534 5533 3633 5588 fuit

438 5752 458 5779 θ
485 5750 590 5802 Isa.
614 5761 745 5804 xxx,
792 5742 872 5796 l0.
955 5742 975 5771 ’⁷
1007 5740 1193 5793 Matth.
1223 5754 1319 5803 xu,
1343 5740 1431 5794 53.
1512 5744 1530 5773 ³
1562 5740 1690 5796 ibid.
1724 5739 1811 5794 35.
1896 5739 1949 5791 9J

2052 5738 2142 5791 lor.
2178 5753 2250 5803 tv,
2282 5739 2335 5791 1..
2417 5741 2457 5770 ιο
2494 5738 2593 5793 lsa.
2625 5754 2757 5803 Lvn,
2792 5739 2840 5792 4.
2925 5738 2962 5767 ¹¹
2996 5734 3098 5791 lsa.
3134 5751 3182 5799 ι,
3214 5737 3300 5791 ll.
3380 5733 3466 5807 “ll
3497 5734 3621 5790 Cor.

363 5837 480 5886 vm,
522 5817 609 5873 12.
692 5814 735 5844 ³³
762 5813 909 5868 Psal.
939 5826 1047 5878 uv,
1088 5810 1271 5864 l5—l5.
