4150 6434
567 151 591 184 \

571 376 636 429 lr‘i
1605 371 1662 426 S.
1685 387 1688 394 '
1711 366 1988 426 CVRILLI
2025 365 2497 423 ALEXANDRINI
2535 364 2856 423 ARClllEP.
3005 410 3011 420 .
3597 413 3601 418 .
3768 375 3843 423 ac.

566 489 948 559 propemodum
962 495 1038 543 “ut
1068 487 1501 558 accingeremur,
1549 493 1604 538 et
1647 483 1952 554 prosalute
1983 481 2130 538 lecto

2259 497 2317 532 τε
2345 478 2489 550 ἔχειν
2509 479 2692 545 αὐτὸς,
2709 479 2804 534 καὶ
2827 480 3036 550 ἑτέροις
3065 483 3466 554 συμϐουλεῦσαι
3489 485 3651 540 τοῦτο
3676 487 3836 559 δρςξίν⁵

565 598 681 635 rum
714 590 1069 648 certaremus,
1103 597 1171 637 ne
1201 581 1368 635 ullum
1398 595 1466 634 ex
1509 593 1573 634 ea
1614 595 1671 634 re
1703 580 1961 634 damnum
1989 587 2145 646 pate-

565 681 771 736 rentur,
808 687 872 727 ac
918 673 1190 728 discerem
1226 671 1404 741 potius
1442 669 1710 739 jacturam
1761 683 1827 723 ex
1860 681 2145 738 perperam

563 763 720 818 dictis
754 766 1162 831 provenientem
1196 775 1422 818 strenue
1467 763 1768 832 repellere?
1795 761 1929 816 Nam
1960 763 2147 818 beatus

560 853 802 910 Joannes
860 855 1006 910 ﬁlius
1067 856 1290 910 touitrui
1347 871 1376 909 a
1427 856 1712 911 Salvatore
1748 856 1991 911 omnium
2051 870 2148 910 no-

562 957 732 1002 strum
771 947 991 1004 Christo
1040 957 1123 1002 est
1154 947 1457 1018 appellatus
1481 949 1548 1012 “,
1592 962 1655 1002 ac
1689 951 1906 1014 merito,
1954 955 2013 1001 ut
2054 945 2146 1015 qui

563 1056 817 1110 magnum
864 1040 1118 1110 quiddam
1163 1047 1218 1094 et
1271 1039 1546 1094 insolitum
1593 1038 1808 1103 effatus,
1860 1053 2149 1109 propemo-

560 1134 688 1186 dum
743 1130 928 1185 orbem
980 1129 1164 1186 sonitu
1214 1129 1580 1192 concusserit,
1631 1139 1686 1184 et
1728 1140 1902 1185 terras
1942 1131 2144 1184 tonitru

564 1221 839 1276 terruerit.
865 1218 916 1274 ls
939 1221 1084 1274 enim
1113 1218 1240 1273 illud
1270 1218 1577 1274 venerabile
1600 1219 1757 1288 plane
1785 1233 2148 1288 magnumque

561 1312 950 1366 incarnationis
981 1310 1253 1379 Unigeniti
1297 1312 1612 1379 mysterium
1642 1312 1843 1380 optime
1870 1311 2142 1366 declarat:

556 1399 686 1454 dicit
714 1401 858 1453 enim
894 1417 905 1452 :
941 1419 960 1451 ι
996 1398 1052 1453 1η
1081 1399 1349 1470 principio
1373 1410 1493 1454 erat
1525 1398 1786 1466 Verbum,
1815 1409 1869 1455 et
1899 1398 2142 1455 Verbum

554 1502 674 1546 erat
703 1493 846 1562 apud
877 1492 1072 1559 Deum,
1113 1500 1167 1548 et
1200 1493 1340 1548 Deus
1374 1503 1494 1548 erat
1523 1494 1758 1550 Verbum
1788 1509 1803 1548 :
1834 1495 2014 1548 omnia
2049 1509 2144 1563 per

553 1584 729 1653 ipsum
758 1582 900 1639 facta
930 1593 1079 1651 sunt,
1113 1593 1166 1640 et
1203 1585 1320 1640 sine
1354 1585 1471 1654 ipso
1506 1584 1710 1640 factum
1743 1596 1829 1642 est
1857 1587 1992 1640 nihil
2019 1587 2084 1640 ¹⁸.
2115 1605 2136 1639 ι

552 1675 656 1733 Ubi
685 1692 816 1733 vero
851 1688 1106 1734 accurate
1141 1686 1195 1733 et
1239 1678 1480 1748 expolite
1525 1680 1781 1750 mysteria
1811 1681 2054 1743 tradidit,
2089 1691 2143 1736 et

553 1769 902 1840 Unigenitum
953 1780 1010 1825 et
1057 1769 1224 1826 Deum
1274 1787 1412 1838 esse,
1477 1782 1532 1826 et
1565 1787 1632 1827 ex
1685 1773 1794 1827 Deo
1843 1773 2137 1828 secundum

557 1874 809 1918 naturam
867 1863 1218 1918 ineli‘abiliter
1278 1871 1464 1918 natum
1509 1862 1906 1933 pronuntiavit,
1956 1876 2134 1916 rerum

553 1955 798 2009 omnium
844 1965 1147 2010 creatorem
1174 1963 1338 2023 atque
1363 1954 1649 2021 factorem,
1677 1962 1789 2008 tum
1813 1953 2066 2024 denique,
2085 1963 2139 2008 et

547 2045 767 2114 quidem
806 2044 858 2099 in
909 2051 1174 2114 tempore,
1225 2046 1688 2116 sapientissimam
1726 2043 1872 2099 illam
1915 2055 2138 2114 propter

549 2153 648 2194 nos
685 2121 888 2208 ac‘pro
928 2137 1087 2194 nobis
1133 2147 1341 2208 gestam
1375 2135 1836 2208 dispensationem
1876 2150 2136 2192 enarrare

551 2230 788 2293 orditur,
825 2239 880 2284 et
927 2229 1047 2283 ait:
1085 2247 1104 2281 ι
1142 2227 1209 2283 Ει
1240 2228 1482 2284 Verbum
1528 2244 1662 2284 caro
1687 2227 1888 2283 factum
1930 2237 2034 2293 est,
2082 2237 2138 2282 et

551 2323 817 2376 habitavit
846 2321 899 2377 in
930 2322 1086 2377 nobis
1113 2333 1196 2378 :et
1219 2322 1450 2377 vidimus
1476 2321 1704 2392 gloriam
1736 2321 1876 2390 ejus,
1907 2319 2131 2391 gloriam

548 2412 1010 2484 quasiUuigeniti
1059 2430 1087 2468 a
1126 2413 1311 2482 Patre,
1339 2413 1557 2483 plenum
1598 2416 1787 2485 gratia:
1834 2423 1887 2469 ct
1936 2415 2135 2469 verita-

549 2504 706 2557 tis“.
740 2523 758 2556 ι
806 2506 884 2560 Ac
943 2502 1175 2560 Verbum
1231 2519 1448 2559 carnem
1489 2504 1648 2572 dixit,
1691 2515 1752 2560 ut
1799 2521 1939 2560 vera:
1992 2505 2135 2561 illius

552 2596 791 2663 unionis,
822 2611 942 2665 quae
971 2599 1228 2652 nimirum
1261 2595 1558 2652 secundum
1593 2597 1910 2666 hypostasiu
1951 2597 2130 2652 consi-

547 2689 791 2754 deratur,
830 2690 938 2744 vim
989 2691 1338 2745 declararet:
1373 2691 1426 2744 in
1472 2704 1538 2745 co
1582 2702 1762 2744 autem
1804 2691 1948 2759 quod
1982 2689 2130 2744 illum

550 2779 604 2831 in
636 2779 795 2835 nobis
834 2778 1112 2836 habitasse
1151 2781 1304 2846 dicit,
1347 2795 1454 2834 non
1485 2779 1617 2834 sinit
1648 2779 1969 2851 intelligere,
2003 2779 2134 2836 Ver-

551 2871 676 2923 butn
725 2868 855 2924 illud
899 2871 1198 2924 secundum
1251 2881 1499 2925 naturam
1546 2885 1613 2924 ex
1645 2869 1753 2926 Deo
1798 2871 2025 2935 editum,
2077 2872 2134 2926 in

549 2971 822 3016 terrenam
873 2977 1095 3018 carnem
1139 2964 1308 3019 fuisse
1349 2975 1636 3032 mutatum.
1677 2965 1926 3021 Putasset
1959 2966 2130 3032 enim,

545 3065 604 3108 nt
649 3056 864 3125 opinor,
917 3056 1188 3126 quispiam
1233 3058 1330 3127 qui
1375 3073 1481 3114 non
1538 3058 1829 3113 admodum
1881 3059 2127 3124 calleret,

2233 571 2332 634 -ὡς
2384 571 2450 622 ἂν
2495 569 2572 640 μὴ
2611 569 2824 634 πολλοῖς
2873 570 3102 642 ἑτέροις,
3135 572 3228 626 καὶ
3275 573 3545 644 τοῖς,μεθ’
3573 575 3720 644 ἡμᾶς
3755 577 3838 638 ἐτη

2255 659 2532 731 γνώριμα,
2568 659 2639 712 τὰ
2687 659 2861 724 οὕτως
2911 662 3180 728 ἐκτόπως,
3229 663 3325 716 καὶ
3369 665 3657 735 ἀτημελῶς
3691 668 3838 736 εἰρηο

2257 751 2414 820 μένα.
2453 750 2673 821 Ἐπειδὴ
2699 751 2754 804 δὲ
2787 751 3110 822 δυσφημιῶν
3137 754 3298 824 ὄχλος
3329 754 3730 828 ὲνσεσώρευται
3762 757 3840 826 τῷ
3877 743 3882 746 ’

2255 841 2465 912 βιϐλίῳ,
2515 844 2610 895 καὶ
2646 843 2811 914 πολλή
2856 862 2945 908 τις
2979 846 3263 918 γέγονενὴ
3313 850 3688 920 κατάρρησις,
3731 850 3840 903 τῶν

2250 933 2351 1004 τῆς
2396 935 2655 1005 ἀληθείας
2709 936 3131 992 καθυλακτοῦσα
3187 940 3516 1012 δογμάτων,
3563 943 3680 1005 πῶς
3737 943 3837 994 οὐκ

2251 1027 2550 1093 ἀναγκαῖον
2579 1028 2728 1097 ἡμᾶς
2779 1030 3064 1099 μονονουχὶ
3094 1031 3189 1083 καὶ
3222 1032 3720 1096 ἀνταποδύσασθαι,
3745 1036 3838 1088 καὶ

2252 1116 2629 1188 ὑπεραθλῆσαι
2654 1119 2763 1172 τῶν
2789 1121 3214 1191 ἐντευξομένων,
3241 1123 3316 1186 ὡς
3339 1123 3408 1177 ἂν
3436 1126 3509 1196 μή
3536 1143 3588 1178 τι
3615 1125 3837 1180 πάθοιεν

2251 1208 2503 1263 ἐντεῦθεν
2526 1211 2586 1264 τὸ
2615 1211 2834 1282 βλάϐος,
2871 1214 3064 1268 εἰδεῖεν
3109 1215 3166 1268 δὲ
3200 1217 3399 1286 μᾶλλον
3431 1218 3836 1294 ἀποκρούεσθαι

2249 1301 2535 1368 γεννικῶς,
2571 1302 2670 1372 τὴν
2698 1303 2806 1356 ἀπό
2836 1321 2899 1370 γε
2931 1304 3036 1358 τῶν
3063 1305 3164 1358 οὐκ
3191 1305 3366 1376 ὀρθῶν
3393 1306 3699 1377 εἰρημένων
3737 1307 3835 1377 ζη-

2253 1394 2412 1462 μίαν;
2447 1394 2506 1446 Ὀ
2528 1395 2628 1464 μὲν
2657 1396 2766 1468 γάρ
2797 1395 3084 1460 Θεσπέσιος
3108 1399 3362 1468 Ἰωάννης
3385 1399 3497 1462 υἱὸς
3517 1399 3835 1469 ὠνόμασται

2251 1487 2484 1560 βροντῆς
2514 1490 2665 1561 παρά
2707 1491 2802 1545 τοῦ
2846 1492 3070 1546 πάντων
3098 1495 3130 1564 ή
3142 1494 3259 1564 μῶν
3289 1495 3542 1566 Σωτῆρος
3571 1496 3833 1567 Χριστοῦ,

2248 1583 2343 1636 καὶ
2369 1583 2514 1653 μάλα
2550 1584 2795 1649 εἰκότως,
2817 1585 2907 1640 διά
2926 1603 2987 1640 τε
3012 1587 3074 1640 τὸ
3096 1588 3381 1657 μονονουχὶ
3410 1589 3833 1658 κατακτυπῆσαι

2246 1676 2345 1744 τῆς
2380 1675 2473 1728 ὑπ’
2511 1677 2771 1747 οὐρανὸν,
2825 1679 2917 1734 καὶ
2969 1679 3414 1751 καταϐροντῆσαι
3459 1681 3560 1750 τῆς
3593 1681 3715 1750 γῆς,
3757 1682 3834 1744 ὡς

2250 1766 2390 1834 μέγα
2433 1783 2486 1818 τι
2537 1769 2631 1820 καὶ
2662 1769 2898 1834 ἐξαίσιον
2967 1771 3226 1842 εἰρηκὼς.
3281 1769 3572 1846 Διατρανοί
3614 1774 3724 1844 γὰρ
3770 1767 3830 1826 εὖ

2247 1856 2394 1927 μάλα
2428 1858 2528 1928 τῆς
2567 1859 3042 1933 ὲνανθρωπήσεως
3064 1863 3158 1917 τοῦ
3182 1864 3524 1933 Μονογενοῦς
3549 1863 3607 1916 τὸ
3637 1865 3834 1920 σεπτὸν

2242 1948 2480 2020 ἀληθῶς,
2517 1952 2612 2003 καὶ
2649 1952 2794 2022 μέγα
2840 1955 3175 2024 μυστήριον
3216 1954 3322 2025 ἔφη
3359 1951 3458 2024 μὲν
3499 1955 3640 2027 γάρ’
3683 1975 3700 2008 ι
3742 1957 3831 2008 Ἐν

2241 2041 2382 2112 ἀρχῇ
2409 2037 2478 2112 ἦν
2502 2043 2531 2094 6
2561 2043 2755 2111 Λόγος,
2795 2045 2892 2097 καὶ
2923 2047 2952 2098 6
2973 2047 3145 2111 Λόγος
3173 2043 3240 2118 ἦν
3269 2047 3404 2117 πρὸς
3429 2049 3521 2100 τὸν
3552 2047 3705 2113 Θεὸν,
3738 2049 3831 2101 καὶ

2239 2131 2371 2196 Θεὸς
2401 2131 2470 2205 ἦν
2493 2135 2522 2187 6
2540 2135 2717 2204 Λόγος
2737 2154 2750 2168 ’
2786 2137 2967 2192 πάντα
2995 2139 3063 2193 δι’
3084 2139 3250 2193 αὑτοῦ
3278 2142 3515 2210 ἐγένετο,
3540 2143 3630 2195 καὶ
3660 2141 3830 2212 χωρὶς

2238 2223 2406 2278 αὐτοῦ
2442 2225 2660 2294 ἐγένετο
2688 2228 2810 2281 οὐδὲ
2844 2229 2922 2283 ἓν.
2950 2250 2968 2282 ι
2999 2231 3221 2304 Ἐπειδὴ
3256 2233 3313 2285 δὲ
3348 2233 3579 2304 ἀκριϐῆ,
3620 2235 3716 2287 καὶ
3741 2250 3830 2286 τε-

2237 2317 2605 2389 τορνευμένην
2644 2319 2944 2390 ἐποιήσατο
2974 2321 3071 2392 τὴν
3114 2313 3526 2392 μυσταγωγίαν,
3558 2325 3649 2378 καὶ
3696 2323 3829 2378 Θεὸν

2239 2408 2575 2480 ὑπάρχοντα,
2605 2412 2701 2465 καὶ
2735 2413 2800 2466 ἐκ
2832 2413 2968 2467 Θεοῦ
2998 2415 3142 2469 κατά
3177 2417 3342 2484 φύσιν
3371 2417 3697 2488 ἀπορρήτως
3731 2435 3827 2486 γε-

2236 2502 2568 2574 γεννημένον
2583 2505 2829 2573 ἀπέφηνε
2845 2505 2936 2559 τὸν
2967 2507 3268 2578 Μονογενῆ,
3298 2506 3545 2578 κτίστην,
3560 2507 3654 2562 καὶ
3673 2527 3828 2580 ποιη-

2233 2593 2334 2662 τὴν
2359 2594 2471 2646 τῶν
2493 2594 2652 2660 ὅλων,
2679 2595 2799 2648 τότε
2827 2596 2912 2667 δὴ,
2943 2596 3062 2649 τότε
3086 2599 3180 2651 καὶ
3207 2597 3326 2651 λίαν
3353 2599 3445 2652 ἐπὶ
3477 2599 3691 2672 καιροῦ,
3725 2602 3826 2670 τῆς

2239 2687 2520 2755 πανσόφου
2550 2687 2736 2740 λοιπὸν
2765 2688 2832 2742 δι’
2859 2690 3004 2759 ἡμᾶς
3021 2705 3080 2742 τε
3109 2690 3203 2744 καὶ
3227 2691 3365 2764 ὑπὲρ
3385 2691 3541 2762 ήμῶν
3569 2711 3823 2764 πεπραγ-

2239 2776 2408 2848 μένης
2443 2779 2756 2849 οἰκονομίας
2789 2781 3051 2852 ἄρχεται·
3073 2781 3166 2835 καί
3206 2799 3358 2852 φησι·
3398 2802 3417 2834 ι
3442 2781 3551 2838 Καὶ
3586 2787 3614 2838 6
3651 2787 3824 2854 Λόγος

2237 2865 2373 2936 σὰρξ
2398 2867 2636 2934 ἐγένετο,
2658 2869 2751 2921 καὶ
2773 2872 3084 2942 ἐσκήνωσεν
3105 2873 3163 2924 ὲν
3187 2873 3336 2943 ἡμῖν·
3361 2875 3455 2925 καὶ
3475 2874 3824 2946 ἐθεασάμεθα

2231 2956 2332 3027 τὴν
2357 2955 2516 3021 δόξαν
2543 2959 2731 3026 αὑτοῦ,
2759 2960 2916 3027 δόξαν
2941 2961 3017 3025 ὡς
3039 2963 3381 3032 Μονογενοῦς
3410 2967 3562 3036 παρὰ
3585 2967 3819 3038 Πατρὸς,

2233 3047 2450 3120 πλήρης
2486 3051 2706 3122 χάριτος
2739 3053 2834 3107 καὶ
2866 3053 3146 3125 ἀληθείας.
3176 3076 3192 3107 ι
3219 3055 3405 3128 Σάρκα
3437 3058 3536 3129 μὲν
3579 3059 3687 3130 γὰρ
3716 3060 3819 3130 ἔφη

544 3147 800 3217 quidnam
833 3147 904 3203 sit
952 3148 1044 3203 illa
1087 3149 1524 3204 diviua’et-ultra
1568 3165 1681 3206 rem
1719 3165 1935 3206 omnem
1978 3167 2129 3206 crea-

2234 3138 2323 3193 τὺν
2363 3141 2558 3209 Λόγον,
2585 3143 2686 3212 τῆς
2722 3145 2959 3218 ἀληθοῦς
3011 3147 3278 3213 ἐνώσεως,
3317 3149 3478 3220 δῆλον
3510 3150 3565 3202 δὲ
3600 3151 3681 3204 ὃτι
3723 3152 3824 3222 τῆς

545 3249 656 3295 tam
683 3240 788 3296 sita
815 3249 1032 3307 natura,
1066 3257 1185 3297 eam
1217 3243 1449 3298 fortasse
1475 3243 1790 3299 mutationis
1821 3245 1984 3299 etiam
2006 3259 2128 3300 esse

541 3347 836 3401 capacem,
888 3333 1342 3404 propriorumque
1398 3334 1668 3390 bonorum
1719 3349 1841 3404 quae
1886 3335 1986 3389 sibi
2035 3350 2130 3404 per

541 3424 836 3478 essentiam
869 3435 997 3479 sunt
1047 3425 1230 3491 insita,
1276 3426 1656 3497 negligentem,
1697 3427 1751 3480 in
1787 3426 1932 3480 aliud
1965 3426 2128 3495 quid-

543 3515 686 3584 piam
723 3517 994 3570 diversum
1029 3517 1095 3571 ab
1131 3532 1196 3572 eo
1234 3518 1375 3586 quod
1418 3526 1500 3574 est
1532 3519 1933 3588 quodammodo
1968 3518 2128 3588 dege-

545 3622 773 3672 nerare;
819 3617 873 3661 et
923 3606 1334 3662 alteratiouibus
1371 3622 1438 3662 ac
1478 3609 1871 3663 mutationibus
1911 3623 1976 3661 ex
2023 3608 2126 3659 itu-

543 3697 760 3766 proviso
777 3699 1043 3754 subditam
1067 3700 1131 3753 ad
1151 3711 1525 3755 creaturarum
1546 3714 1828 3755 mensuras
1860 3698 2047 3769 redigi.
2070 3697 2124 3754 ld

544 3805 672 3845 vero
704 3790 858 3846 nefas
896 3806 1017 3847 esse
1065 3807 1291 3860 prorsus
1337 3792 1468 3861 (lixa
1501 3805 1736 3860 namque
1781 3797 1865 3845 est
1895 3789 1988 3845 Dei
2030 3805 2128 3844 na-

541 3892 686 3946 tura,
715 3889 770 3935 et
802 3881 856 3935 in
886 3881 1084 3951 quibus
1111 3893 1214 3943 est,
1249 3891 1535 3950 permanet
1570 3882 1932 3952 inconcussa)
1967 3890 2128 3935 testa-

539 3984 625 4028 tus
658 3981 743 4028 est
784 3987 907 4028 cum
960 3973 1098 4028 dixit
1133 3993 1145 4027 :
1180 3992 1197 4024 ι
1227 3972 1506 4028 Habitavit
1541 3975 1591 4025 in
1630 3974 1822 4038 nobis;
1857 3994 1874 4024 ι
1906 3973 1956 4042 5
1995 3975 2123 4028 Ver-

538 4067 665 4120 bum
701 4065 955 4120 nimirum
994 4066 1158 4120 etiam
1191 4082 1321 4122 caro
1351 4067 1573 4121 iactum.
1597 4067 1813 4134 'Qui-bus
1851 4068 1906 4122 in
1945 4069 2123 4122 verbis

536 4167 591 4212 et
625 4155 1048 4227 dispensationis
1084 4160 1407 4227 sapientiam
1440 4161 1734 4228 prudenter
1771 4164 2042 4231 exposuit,
2069 4175 2124 4218 et

535 4249 951 4320 vigilantissime
982 4252 1146 4316 cavit,
1180 4267 1249 4306 ne
1286 4256 1408 4322 quis
1455 4255 1627 4322 ipsius
1657 4253 1817 4310 Verbi
1871 4269 2120 4313 naturam

535 4341 920 4407 calumnietur,
955 4352 1210 4413 tauquam
1241 4360 1305 4399 cx
1347 4347 1650 4400 mutatione
1687 4358 1741 4401 et
1767 4352 2122 4406 conversione

537 4445 666 4485 caro
700 4434 770 4485 sit
801 4430 1025 4487 factum.
1069 4433 1384 4490 Asserimus
1420 4436 1582 4506 igitur
1622 4437 1787 4492 etiam
1823 4440 1948 4508 ipsi,
1978 4441 2122 4495 viro-

2233 3229 2355 3284 καθ’
2391 3232 2690 3288 ὑπόστασιν
2720 3236 3042 3306 νοουμένης,
3075 3239 3392 3306 ἐμφανίζων
3421 3241 3520 3311 τὴν
3549 3241 3780 3313 δύναμιν
3801 3257 3818 3275 ο

2229 3319 2318 3374 διά
2345 3322 2400 3374 δὲ
2443 3323 2536 3374 τοῦ
2570 3325 2665 3377 καὶ
2708 3327 2766 3378 ἐν
2801 3328 2935 3396 ἡμῖν
2968 3328 3131 3380 αὐτὸν
3180 3329 3459 3400 σκηνῶσαλι
3490 3331 3689 3399 λέγειν,
3720 3335 3822 3387 οὐκ

2232 3411 2416 3483 ἐφίησι
2442 3418 2580 3468 νοεῖν
2608 3416 2687 3478 εἰς
2714 3416 2895 3487 σάρκα
2909 3417 3009 3486 τὴν
3041 3421 3150 3473 ἀπὸ
3177 3423 3282 3492 γῆς
3309 3421 3401 3474 τὸν
3426 3423 3492 3475 ἐκ
3510 3422 3646 3476 Θεοῦ
3678 3425 3820 3478 κατά

2231 3503 2394 3572 φύσιν
2428 3509 2818 3578 μεταχωρῆσαι
2847 3510 3042 3578 Λόγον.
3079 3511 3248 3583 ’ῼήθη
3286 3513 3385 3583 μὲν
3415 3515 3502 3579 ἂν,
3533 3511 3707 3586 οἶμαι,
3735 3517 3820 3581 τὶς

2229 3596 2336 3648 τῶν
2366 3598 2426 3649 οὺ
2479 3597 2600 3651 λίαν
2625 3599 3017 3670 ἡκριϐωκότων
3047 3602 3075 3655 ὅ
3109 3604 3162 3656 τί
3197 3606 3329 3658 ποτέ
3356 3607 3506 3660 ἐστιν
3544 3610 3576 3678 ἡ
3609 3608 3728 3662 θεία
3759 3625 3819 3661 τε

2229 3690 2323 3742 καὶ
2348 3691 2610 3761 γεννητοῦ
2648 3693 2848 3757 παντὸς
2881 3694 3139 3748 ἐπέκεινα
3179 3697 3362 3766 φύσις,
3401 3701 3540 3771 τάχα
3577 3719 3679 3754 που
3727 3702 3820 3754 καὶ

2227 3781 2439 3852 τροπῆς
2487 3779 2625 3836 εἶναι
2657 3783 2914 3857 δεκτικὴν
2966 3788 3158 3866 αὐτὴν,
3207 3792 3300 3843 καὶ
3351 3793 3817 3866 καταρᾳθυμῆσαι

2233 3877 2334 3946 μὲν
2371 3875 2631 3932 δύνασθαι
2675 3877 2786 3931 τῶν
2822 3880 2989 3945 ἰδίων,
3028 3875 3120 3936 καλ
3167 3884 3444 3949 οὑσιωδῶς
3481 3888 3617 3960 αὐτῇ
3650 3906 3819 3960 προσ-

2227 3967 2553 4036 πεφυκότων
2578 3967 2824 4036 ἀγαθῶν,
2857 3974 3165 4042 μεταφῦναι
3193 3975 3247 4028 δὲ
3284 3974 3474 4048 ῶσπερ
3509 3981 3590 4041 εἰς
3631 3979 3818 4049 ἕτερόν

2227 4080 2300 4125 τι,
2323 4062 2452 4132 παρ’
2475 4062 2611 4132 ὅπερ
2629 4063 2767 4131 ἐστὶ,
2784 4065 2876 4117 καὶ
2901 4069 3014 4130 τοῖς
3043 4067 3141 4139 τῆς
3165 4067 3396 4132 κτίσεως
3424 4070 3816 4138 ἐγκαθικέσθαι

2229 4154 2473 4226 μέτροις,
2497 4155 2838 4222 ἀλλοιώσεσι,
2868 4158 2962 4210 καὶ
2985 4159 3318 4229 μεταϐολαῖς
3351 4160 3629 4232 ἀδοκήτως
3650 4163 3814 4217 ὑπεν-

2228 4249 2566 4317 ηνεγμένην,
2610 4248 2754 4301 Ἀλλ’
2778 4250 2860 4302 ὅτι
2885 4250 2944 4302 τὸ
2968 4250 3160 4324 χρῆμά
3193 4253 3338 4304 ἐστιν
3366 4254 3648 4322 ἀμήχανον
3677 4273 3815 4307 παν-

2223 4341 2426 4404 τελῶς,
2455 4343 2774 4413 ἐρήρεισται
2806 4343 2914 4415 γὰρ
2948 4346 2980 4413 ἡ
3010 4343 3104 4396 τοῦ
3140 4344 3275 4396 Θεοῦ
3301 4347 3483 4413 φύσις,
3518 4347 3612 4399 καί
3643 4348 3816 4417 ἀκράν-

2225 4434 2413 4487 δαντον
2444 4434 2555 4504 ἔχει
2588 4437 2686 4507 τὴν
2709 4437 2795 4506 ἐφ’
2822 4433 2902 4500 οἷς
2934 4437 3049 4489 ἐστι
3069 4436 3348 4506 διαμονὴν,
3384 4440 3813 4511 μεμαρτύρηκεν

536 4538 655 4578 rum
692 4523 957 4579 divinitus
991 4526 1328 4596 loquentium
1361 4527 1670 4597 iudagando
1717 4545 1960 4600 scopum,
2006 4543 2061 4586 et
2089 4549 2118 4586 a

2234 4526 2396 4578 εἰπὼν
2412 4528 2524 4590 τὸ,‹
2549 4528 2890 4598 Ἑσκήνωσεν
2918 4530 2975 4580 ἐν
3004 4531 3154 4598 ἡμῖν’
3180 4530 3387 4582 »καίτοι
3408 4530 3545 4601 σὰρξ
3574 4531 3812 4600 γεγονὼς

534 4617 659 4671 ﬁdei
689 4617 875 4687 regula
901 4620 1047 4674 nulla
1072 4636 1139 4675 ex
1171 4630 1324 4690 parte
1373 4623 1700 4691 recedendo,
1732 4622 1881 4676 illum
1911 4639 1974 4678 ex
2011 4625 2120 4681 Deo

531 4711 829 4764 secundum
878 4723 1149 4779 naturam,
1203 4714 1354 4768 illum
1415 4713 1791 4786 Unigenitum,
1831 4717 1980 4772 illum
2027 4719 2121 4789 qui

531 4809 616 4854 est
660 4802 712 4854 in
747 4801 872 4856 sinu
897 4802 1075 4858 Patris
1101 4804 1164 4870 ³⁷,
1211 4821 1308 4875 per
1345 4823 1507 4878 quem
1539 4811 1726 4863 omnia
1800 4821 1859 4866 et
1915 4813 1968 4866 iu
2013 4829 2121 4881 quo

531 4895 712 4945 omnia
746 4893 811 4959 ⁸⁸,
848 4897 1099 4963 quamvis
1150 4910 1278 4953 ante
1316 4900 1497 4953 omnia
1533 4901 1730 4955 saecula
1775 4909 1831 4954 et
1872 4909 2118 4972 tempora

532 4985 806 5054 propriam
829 4984 1056 5039 haberet
1075 4987 1474 5053 exsistentiam,
1503 4999 1558 5042 et
1579 5004 1795 5058 semper
1819 4992 2115 5046 simulcum

530 5074 787 5129 Genitore
818 5075 1162 5144 subsisteret,
1198 5077 1250 5131 in
1277 5079 1540 5134 extremis
1563 5079 1742 5134 seculi
1783 5084 2118 5150 temporibus

530 5169 599 5224 ad
636 5169 1002 5223 voluntariam
1033 5170 1460 5224 exinanitionem
1507 5171 1875 5237 descendisse,
1913 5185 1966 5228 et
2007 5173 2116 5230 for-

533 5277 672 5314 mam
709 5260 852 5314 scrvi
902 5261 1297 5330 suscepisse",
1343 5262 1446 5314 hoc
1479 5271 1585 5327 est,
1628 5274 1814 5317 nostra
1858 5266 2111 5332 subiisse,

529 5364 581 5407 et
615 5354 888 5409 hominem
937 5337 1335 5421 dispensator-ie
1376 5353 1577 5408 factum
1629 5371 1748 5410 esse
1776 5397 1791 5423 ,
1844 5359 2114 5414 assimila-

531 5457 753 5513 tutnque
786 5443 1046 5498 fratribus
1084 5461 1180 5514 per
1219 5447 1424 5510 omnia,
1476 5453 1540 5500 co
1575 5449 1718 5517 quod
1767 5450 2114 5520 participavit

528 5536 779 5590 similiter
809 5537 957 5591 carni
1009 5547 1064 5592 et
1104 5539 1352 5607 sanguini
1372 5540 1416 5571 ¹⁰
1455 5551 1550 5595 :et
1599 5544 1672 5595 ita
1728 5544 2011 5598 nobiscum
2055 5552 2111 5598 ει

606 5738 644 5765 ¹⁸
676 5736 841 5790 Marc.
876 5752 957 5798 ιιι,
982 5737 1063 5790 l7.

527 5805 569 5836 ’θ
601 5806 762 5861 Hebr.
803 5821 860 5876 ιι,
902 5808 1089 5863 Η-Π.

1146 5739 1186 5772 ¹⁵
1218 5734 1371 5794 Joau.
1402 5757 1440 5808 ι,
1477 5741 1582 5797 1-5.
1666 5741 1708 5774 ³⁸
1738 5740 1873 5797 Ibid.
1913 5741 1998 5796 14.

2112 5742 2346 5818 ¹⁷ιιῐυίιιι.
2381 5743 2420 5810 l,
2461 5743 2544 5800 l8.

2226 4619 2255 4670 6
2284 4619 2482 4688 Λόγος*
2525 4623 2621 4673 καὶ
2651 4620 2711 4673 τὸ
2753 4621 2854 4690 τῆς
2881 4619 3196 4689 οἰκονομίας
3230 4620 3393 4690 σοφὸν
3427 4623 3691 4692 ἐντέχνως
3719 4623 3811 4690 ἐξ·

2223 4711 2525 4782 ηγούμενος
2548 4727 2563 4744 ο
2596 4713 2691 4767 καὶ
2727 4713 2789 4765 τό
2817 4729 2880 4780 γε
2912 4711 2986 4782 μὴ
3015 4713 3125 4766 δεῖν
3165 4712 3262 4784 τὴν
3313 4713 3408 4766 τοῦ
3437 4714 3612 4782 Λόγου
3649 4716 3812 4783 φύσιν

2225 4804 2686 4876 συκοφαντεῖσθαι
2714 4806 2850 4876 πρός
2894 4822 3062 4871 τινος,
3110 4805 3187 4868 ὼς
3218 4807 3398 4876 σάρκα
3436 4807 3811 4877 γεγενημένην

2223 4901 2282 4968 ἐξ
2304 4900 2666 4965 ἀλλοιώσεως,
2692 4900 2788 4952 καὶ
2813 4899 3176 4972 παρατροπῆς
3209 4896 3267 4953 εὖ
3295 4900 3440 4970 μάλα
3468 4899 3807 4972 τετηρηκώς.

2219 4991 2402 5063 Φαμὲν
2435 4987 2530 5044 οὖν
2577 4991 2686 5062 ἄρα
2715 4989 2810 5043 καὶ
2841 4991 3005 5061 ἡμεῖς
3032 4991 3210 5054 αὐτοὶ,
3241 4991 3334 5043 τὸν
3379 4992 3487 5044 τῶν
3530 4989 3810 5063 θεηγόρων

2223 5084 2642 5154 ἰχνηλατοῦντες
2695 5082 2920 5146 σκοπὸν,
2983 5084 3077 5136 καὶ
3115 5083 3208 5138 τὸν
3249 5083 3348 5152 τῆς
3393 5083 3639 5146 πίστεως
3681 5083 3809 5154 ὅρον

2219 5176 2339 5230 κατ’
2367 5174 2556 5227 οὐδένα
2607 5173 2808 5245 τρόπον
2857 5173 3226 5238 ἐκϐαίνοντες,
3261 5173 3353 5226 τὸν
3391 5176 3456 5225 ἐκ
3488 5173 3625 5226 Θεοῦ
3667 5176 3811 5228 κατὰ

2218 5268 2404 5338 φύσιν,
2445 5267 2537 5320 τὸν
2573 5267 2878 5336 Μονογενῆ,
2909 5266 3002 5320 τὸν
3041 5268 3100 5320 ἐν
3139 5266 3362 5329 κόλποις
3397 5266 3528 5319 ὄντα
3567 5263 3666 5318 τοῦ
3696 5267 3810 5320 Πα-

2214 5361 2365 5434 τρὸς,
2393 5361 2484 5414 τὸν
2525 5361 2591 5413 δι’
2638 5353 2700 5412 οῦ
2735 5360 2934 5424 πάντα,
2977 5359 3069 5411 καί⁸
3106 5360 3164 5411 ἐν
3199 5353 3244 5426 ᾧ
3273 5357 3342 5410 τά
3385 5358 3584 5422 πάντα,
3628 5357 3810 5410 καίτοι

2213 5455 2316 5522 τὴν
2344 5452 2451 5522 πρὸ
2483 5450 2685 5515 παντὸς
2726 5449 2946 5514 αἰῶνος,
2994 5450 3087 5502 καὶ
3109 5449 3318 5521 χρόνων
3351 5447 3525 5517 ἰδικὴν
3570 5445 3804 5516 ὕπαρξιν

2213 5545 2425 5614 ἔχοντα,
2450 5546 2544 5596 καὶ
2571 5543 2659 5598 ἀεὶ
2691 5543 3140 5614 συνυφεστηκότα
3173 5541 3250 5612 τῷ
3268 5540 3640 5611 γεγεννηκότι,
3670 5536 3803 5592 καθ-

2627 5745 2667 5776 ¹⁸
2701 5741 2855 5801 Joan.
2908 5758 2986 5809 XI,
3019 5744 3107 5799 36.
3215 5745 3254 5778 ¹⁹
3290 5741 3524 5814 Philipp.
3556 5757 3631 5809 ιι,
3660 5742 3714 5811 6,
3741 5741 3795 5801 7.
