4150 6440
354 450 425 505 17
1473 444 1847 505 ADVERSUS
1885 442 2289 501 NESTORIUM
2329 444 2457 503 LIB.
2499 446 2541 501 I.
3576 449 3641 504 {8

363 558 585 615 ικέσθαι
634 559 734 627 μὲν
764 558 848 621 εἰς
897 556 1148 613 ἑκούσιον
1198 557 1451 613 κένωσιν.
1477 563 1537 615 ὲν
1574 561 1959 633 ἐσχάτοιςτοῦ

2068 571 2268 618 nostra:
2297 561 2528 619 similem
2561 562 3253 633 subiissegenerationem,
3280 574 3343 620 .et
3377 579 3488 621 sua:
3519 582 3641 621 car-

358 649 562 714 αἰῶνος
586 651 825 721 καιροῖς,
848 650 943 703 καὶ
976 649 1188 721 μορφὴν
1210 649 1398 705 δούλου
1427 651 1632 721 λαῦεἶν,
1652 654 1960 720 τουτέστιν,

361 741 424 794 ἰν
457 743 576 804 τοῖς
613 737 736 792 καθ’
767 739 918 810 ἡμᾶς
948 738 1225 810 γενέσθαι,
1278 741 1373 795 καὶ
1421 739 1711 814 ἄνθρωπον
1760 745 1963 799 οἰκονο-

365 831 575 904 μικῶς,
609 830 950 904 ὁμοιωθῆναί
982 848 1043 885 τε
1069 834 1183 896 τοῖς
1211 832 1459 902 ἀδελφοῖς
1485 833 1627 888 κατὰ
1653 835 1852 901 πάντα,
1876 837 1964 891 διὰ

360 924 463 979 τοῦ
501 923 832 995 μεταλαχεϊν
877 923 1081 994 ὁμοίως
1132 923 1361 995 αἵματος
1400 924 1494 978 καὶ
1541 926 1742 997 σαρκός
1761 944 1776 957 ·
1820 927 1963 982 οὕτω

362 1034 426 1070 τε
459 1016 582 1087 μεθ’
600 1016 780 1086 ἡμῶν,
803 1016 898 1069 καὶ
920 1014 1017 1086 τὴν
1040 1014 1162 1068 καθ’
1181 1016 1330 1086 ἡμᾶς
1354 1016 1647 1087 ὑπομεῖναι
1668 1018 1927 1090 γέννησιν
1945 1035 1958 1048 ·

364 1109 466 1163 καὶ
501 1107 604 1177 τῆς
651 1107 788 1171 ἰδίας
817 1107 1020 1177 σαρκὸς
1049 1106 1152 1178 τὴν
1198 1108 1276 1171 εἰς
1308 1107 1369 1161 τὸ
1414 1103 1553 1162 εἶναι
1601 1109 1835 1181 πάροδον
1884 1112 1963 1174 εἰς

366 1200 571 1254 ἑαυτὸν
604 1199 917 1266 ἀναλαϐεῖν,
956 1199 1051 1252 καὶ
1087 1200 1148 1252 οὑ
1170 1199 1433 1271 δευτέρας
1458 1201 1635 1272 ἀρχῆς
1662 1204 1763 1273 τῆς
1792 1204 1873 1267 εἰς
1901 1204 1964 1255 τὸ

363 1285 514 1343 εἶναι.
567 1289 893 1360 δεδεημὲνον
918 1306 932 1320 ·
971 1284 1043 1360 ἦν
1094 1291 1202 1361 γὰρ
1256 1292 1314 1343 ὲν
1346 1292 1511 1362 ἀρχῇ,
1546 1293 1640 1346 καὶ
1667 1293 1800 1357 Θεὸς
1838 1289 1905 1363 ἦν
1934 1295 1962 1346 6

360 1381 578 1449 Λόγος·
625 1379 740 1434 ἀλλ’
774 1380 865 1433 ῖνα
909 1380 973 1433 τὸ
1016 1378 1359 1451 ἀνθρώπινον
1402 1382 1961 1456 ἀνακεφαλαιώσηται

360 1472 552 1539 ῖὲνος,
581 1473 827 1543 ἀπαρχὴ⁵
857 1471 1078 1526 πάντων
1125 1473 1357 1545 δευτέρα
1401 1474 1539 1544 μετὰ
1589 1475 1689 1548 τὴν
1734 1475 1961 1549 πρώτην

361 1564 615 1633 ἐκείνην,
652 1564 969 1633 τικτόμενος
1003 1563 1147 1617 κατὰ
1177 1563 1356 1636 σάρκα
1401 1568 1476 1621 ὲκ.
1506 1566 1786 1634 γυναικὸς,
1819 1568 1959 1622 κατὰ

358 1654 467 1718 τὰς
489 1653 737 1723 Γραφὰς.
763 1653 921 1708 Οὕτω
942 1652 1054 1725 γὰρ
1073 1652 1386 1726 ἔπτὼχευσε
1400 1657 1671 1731 πλούσιος
1695 1657 1792 1724 ὢν,
1814 1661 1961 1731 ἡμᾶς

358 1747 448 1805 εἰς
474 1746 572 1799 τὸν
616 1744 745 1800 [διον
776 1744 1129 1816 ἁνακομίζων
1157 1730 1411 1816 πλοῦτοντ
1440 1750 1535 1802 καὶ
1564 1749 1654 1803 διὰ
1682 1752 1784 1821 τῆς
1828 1730 1961 1803 ἐνω-

358 1834 564 1907 θείσης
590 1834 740 1907 αὐτῷ
770 1836 975 1908 σαρκὸς
1021 1838 1231 1904 πάντας
1269 1839 1408 1911 ἔχων
1451 1843 1509 1894 ὲν
1558 1842 1757 1914 ἑαυτῷ.
1799 1841 1960 1899 Οὕτω

2068 656 2152 711 nis
2222 654 2435 709 initium
2491 663 2555 708 ut
2614 668 2689 708 ea.
2738 668 2860 710 esse
2927 656 3251 726 inciperet,.
3290 657 3343 711 iu
3406 659 3641 727 seipsum

2066 745 2371 813 suscepisse
2412 763 2428 800 :
2470 760 2576 800 non
2628 744 2772 814 quod
2824 745 2997 801 altero
3048 747 3205 803 initio
3263 748 3530 819 indigeret
3586 761 3645 804 ut

2064 844 2250 892 esset:
2284 852 2412 893 nam
2457 847 2578 893 erat
2614 837 2666 891 in
2713 837 3003 907 principio,
3055 847 3112 893 et
3168 839 3308 894 Deus
3354 851 3473 896 erat
3510 839 3645 896 Ver-

2067 927 2233 984 bum:
2266 926 2361 984 sed
2404 935 2463 983 ut
2510 925 2810 982 secundqu
2855 941 3076 983 carnem
3123 942 3190 984 ex
3218 929 3451 984 muliere
3495 931 3645 998 geni-

2067 1025 2190 1082 tus,
2235 1016 2532 1072 secundum
2578 1016 2978 1086 Scripturas",
3037 1028 3158 1087 post
3200 1019 3347 1073 illam
3405 1020 3641 1089 priorem

2066 1110 2236 1164 altera
2282 1110 2531 1165 omnium
2573 1110 2853 1165 hominum
2902 1109 3060 1178 origo
3097 1107 3296 1175 factus,
3344 1110 3642 1166 humanum

2065 1216 2237 1272 genus
2280 1201 2687 1271 recapitularet.
2744 1202 2836 1257 Sic
2886 1216 3079 1271 nempe
3132 1217 3335 1273 pauper
3375 1205 3475 1259 fuit
3520 1221 3643 1260 cum

2066 1292 2218 1347 dives
2262 1300 2430 1357 esset,
2480 1300 2540 1345 ut
2579 1306 2676 1347 nos
2707 1292 2774 1345 ad
2831 1306 2958 1346 suas
3007 1305 3139 1361 opes
3191 1303 3472 1347 revocaret
3490 1295 3558 1361 ⁸³,
3589 1302 3646 1351 et

2065 1400 2161 1455 per
2194 1385 2400 1439 unitam
2445 1384 2548 1439 sibi
2596 1399 2814 1459 carnem
2851 1398 3059 1439 omnes
3085 1383 3141 1439 in
3178 1386 3359 1454 seipse
3397 1386 3644 1441 contine-

2068 1484 2167 1530 ret.
2202 1474 2294 1531 Sic
2330 1490 2563 1545 namque
2601 1475 2761 1545 plane
2789 1474 3091 1545 oonsepulti
3133 1491 3255 1531 cum
3291 1477 3515 1532 Christo
3546 1492 3644 1548 per
3744 1511 3757 1519 -

2064 1577 2311 1622 sanctum
2364 1567 2719 1634 baptismum,
2767 1577 2822 1621 et
2872 1568 3287 1623 eonresuscitati
3340 1584 3548 1634 sumus,
3591 1579 3648 1625 et

2065 1651 2415 1708 consedimus
2461 1652 2513 1707 in
2553 1652 2889 1720 cmlestibus,
2928 1663 2983 1708 ut
3030 1656 3254 1724 scripsit
3304 1656 3393 1712 ille
3443 1666 3647 1728 myste-

2068 1745 2270 1801 riorum
2324 1745 2707 1816 dispensator,
2761 1747 2849 1802 ille
2894 1762 3075 1818 praeco
3123 1759 3178 1804 et
3218 1749 3538 1818 Apostolus,
3590 1762 3648 1806 et

2066 1839 2501 1908 evangelicarum
2536 1840 2715 1911 legum
2747 1842 3006 1898 sacerdos
3035 1844 3472 1913 sapientissimus
3503 1840 3645 1899 Pau-

359 1905 676 1996 τᾷρ,⁷οῦτω
712 1905 1142 1999 ⁷συντεθαμμεθα
1198 1905 1421 2003 μὲν-’τῷ
1467 1905 1823 2005 Χριστιῖίδιὰ
1862 1935 1955 1989 τοῦ

2067 1930 2148 1987 lus
2178 1931 2246 1986 ”.
2311 1931 2629 1989 Necessaria
2681 1943 2766 1988 est
2820 1932 2985 2003 igitur
3054 1905 3121 1987 ad
3179 1934 3423 2004 mysterii
3481 1934 3642 1989 ﬁdem

360 2016 525 2084 ἁγίου
556 2015 958 2088 βαπτίσματος,
973 2019 1454 2092 μσυνεγηγέρμεθα
1479 2022 1557 2087 δὲ,
1577 2023 1677 2076 καί⁵
1698 2024 1958 2079 συνεκαθ-

360 2108 379 2158 ί
387 2123 569 2178 ταμεν
586 2110 645 2161 ἐν
680 2111 792 2171 τοῖς
817 2109 1186 2181 ἐπουρανίοις.
1205 2111 1452 2182 Γέγραφε
1474 2113 1584 2183 γὰρ
1611 2111 1787 2178 οὕτως
1805 2116 1834 2168 6
1849 2114 1958 2169 τῶν

358 2199 531 2253 αὑτοῦ
570 2202 892 2272 μυστηρίων
921 2202 1148 2273 ταμίας,
1179 2205 1207 2257 6
1238 2201 1435 2276 κήρυξ,
1464 2204 1562 2258 καὶ⁵
1607 2204 1954 2271 ’Λιπόστολος,

357 2293 455 2345 καὶ
482 2293 596 2345 τῶν
633 2293 1011 2363 εὐαγγελικῶν
1039 2294 1429 2368 θεσπισμάτων
1465 2298 1768 2371 ἰερουργὸς,
1800 2300 1829 2353 6
1871 2318 1959 2354 σο-

356 2382 616 2453 φώτατος
648 2384 885 2447 Παῦλος.
929 2386 1252 2455 Ἀναγκαῖον
1279 2388 1590 2459 τοιγαροῦν,
1625 2390 1705 2453 εἰς
1736 2388 1835 2461 τὴν
1864 2389 1956 2444 τοῦ

359 2472 671 2543 μυστηρίου
700 2476 884 2528 πίστιν
918 2491 979 2527 τε
996 2474 1133 2547 ὁμοῦ
1165 2476 1258 2529 καὶ
1293 2477 1613 2549 παράδειξιν
1642 2480 1868 2551 ἀκριϐῆ,
1898 2481 1959 2534 τὸ

356 2564 461 2633 τῆς
489 2563 729 2635 ἀληθοῦς
758 2565 1009 2631 ὲνὼσεως
1052 2568 1264 2639 χρῆμα,
1316 2570 1416 2641 τῆς
1461 2570 1588 2625 καθ’
1634 2572 1954 2640 ὑπόστασιν,

357 2654 528 2723 λέγω,
558 2655 650 2709 ἴνα
680 2657 778 2711 καί⁵
806 2658 835 2710 6
867 2660 968 2731 τῆς
1000 2658 1145 2713 κατὰ
1185 2660 1365 2732 σάρκα
1408 2663 1712 2735 γεννήσεως
1754 2663 1955 2734 τρόπος

355 2744 453 2798 τοῦ
482 2746 830 2815 Μονογενοῦς
851 2747 914 2801 τὸ
935 2748 1341 2822 ἀνεπίπληκτον
1371 2751 1492 2827 ἔχῃ,
1515 2754 1579 2808 οὐ
1614 2755 1751 2826 πρὸς
1783 2754 1958 2826 ῦπαρε

356 2833 466 2902 ξιν,
498 2837 577 2901 ὡς
606 2836 783 2907 ἔφην,.
810 2840 1153 2913 κεκλημένου
1188 2843 1475 2914 δευτέραν·
1514 2846 1680 2910 αὐτὸς
1701 2847 1811 2918 γάρ
1838 2849 1956 2902 ἐστι

354 2926 467 2981 τῶν
493 2927 712 2983 αἰώνων
741 2931 771 2983 6
813 2932 1079 3003 ποιητήςο
1123 2933 1316 2987 ἑαυτὸν
1358 2934 1415 2987 δὲ
1462 2935 1663 3006 μᾶλλον
1696 2937 1957 3002 καθέντος

353 3019 727 3090 οἰκονομικῶς
752 3022 832 3084 εἰς
861 3020 1264 3093 ἁνθρωπότητα
1293 3023 1361 3076 δι’
1384 3026 1556 3095 ἡμᾶς,
1578 3025 1675 3078 καὶ
1706 3025 1834 3090 τοὺς
1858 3010 1987 3098 τῆς,

355 3110 789 3182 ἀνθρωπὸτητος
816 3112 923 3166 οὐκ
948 3113 1318 3183 ἀτιμάσαντος
1350 3115 1567 3186 νόμους,
1609 3115 1866 3187 ἑλομένου
1899 3118 1957 3170 δὲ

2060 2021 2221 2077 simul
2274 2033 2331 2078 et
2385 2022 2453 2077 ad
2516 2033 2723 2079 certam
2771 2024 3328 2089 demonstrationem,
3381 2025 3497 2091 ipsa
3551 2039 3641 2079 res

2060 2128 2222 2179 vera,
2263 2114 2560 2170 secundum
2607 2115 2944 2188 bypostasim
3000 2117 3247 2186 inquam,
3297 2117 3534 2182 ultionis,
3586 2127 3643 2171 ut

2060 2203 2147 2257 illo
2192 2205 2742 2272 quoque‘seeuudum
2786 2218 3008 2259 carnem
3048 2205 3321 2275 Unigeniti
3361 2204 3645 2274 generatio

2060 2295 2483 2362 reprehensione
2512 2305 2854 2359 vacet,-cum
2896 2312 3000 2351 non
3035 2297 3102 2351 ad
3140 2297 3395 2359 alterum,
3425 2306 3483 2351 ut
3505 2297 3643 2363 dixi,

2060 2384 2271 2439 initium
2304 2384 2603 2440 exsisteudi
2633 2385 2705 2438 sit
2741 2394 3002 2441 vocatus:
3040 2400 3165 2439 nam
3215 2385 3330 2453 ipse
3359 2394 3438 2440 est
3465 2400 3640 2439 δευου-

2061 2475 2240 2529 lorum
2283 2473 2466 2545 opifex
2497 2490 2512 2529 :
2551 2477 2645 2529 sed
2675 2475 2859 2545 potius
2890 2476 3133 2546 seipsuni
3178 2484 3401 2545 propter
3440 2490 3537 2531 nos
3575 2476 3642 2531 ad

2060 2568 2455 2623 lmmanitatem
2504 2568 2808 2635 demiserit,
2844 2583 3019 2638 neque
3049 2567 3356 2637 neglexerit
3393 2568 3644 2623 humanae

2059 2670 2268 2714 nature
2319 2658 2490 2728 leges,
2531 2658 2626 2714 sed
2681 2673 2787 2713 una
2836 2673 2961 2714 cum
3013 2673 3178 2713 carne
3227 2658 3640 2726 generationem

2058 2767 2279 2821 qunque
2300 2752 2482 2806 carnis
2512 2750 2720 2807 habere
2748 2750 3000 2806 voluerit.
3031 2749 3147 2807 Hac
3167 2751 3378 2806 ratione
3407 2751 3644 2806 dicimus

2058 2842 2262 2899 factum
2288 2859 2412 2897 esse
2435 2844 2733 2897 secundum
2768 2857 3146 2897 carnem-eum
3180 2842 3271 2912 qui
3305 2857 3521 2911 semper
3559 2849 3646 2897 est

2059 2949 2181 2990 cum
2227 2933 2475 2989 Patre“.
2514 2932 2605 2988 Sic
2655 2950 2892 3004 namque
2924 2933 3199 2988 damnavit
3250 2941 3534 3002 peccatum
3587 2930 3641 2984 iu

2056 3024 2314 3087 carne",
2359 3033 2415 3078 et
2457 3024 2729 3078 destruxit
2785 3025 2837 3077 in
2895 3022 3053 3078 nobis
3106 3023 3299 3077 mortis
3351 3022 3639 3091 imperium

2057 3116 2229 3169 nostri
2286 3113 2484 3170 similis
2532 3115 2799 3177 factus“,
2853 3115 2946 3169 ille
2987 3114 3076 3184 qui
3129 3113 3407 3168 nesciebat
3451 3128 3645 3181 pecca-

359 3202 572 3274 μᾶλλον
602 3203 746 3274 μετὰ
768 3204 870 3274 τῆς
903 3204 1107 3276 σαρκὸς
1139 3204 1231 3258 καὶ
1263 3206 1363 3277 τὴν
1394 3207 1493 3277 τῆς
1526 3208 1730 3279 σαρκὸς
1762 3209 1956 3280 γέννη-

2064 3215 2173 3258 tum
2199 3205 2266 3272 ",
2315 3203 2368 3258 in
2398 3219 2508 3274 quo
2542 3204 2797 3270 vivimus,
2846 3213 2901 3259 et
2934 3219 3236 3268 movemur,
3264 3212 3320 3258 et
3356 3204 3544 3257 sumus
3565 3204 3629 3261 ’³.

360 3312 470 3360 σιν,
497 3295 572 3361 ὡς
598 3296 942 3367 ἰδίαν,νέχειν.
963 3296 1233 3369 Ταῦτῃτοί
1259 3316 1439 3370 φαμεν
1458 3299 1792 3371 γεγενῆσθαι
1814 3301 1958 3355 κατὰ

2064 3298 2118 3368 6
2143 3296 2249 3352 Sed
2287 3296 2471 3353 nescio
2515 3296 2788 3365 quomodo
2824 3295 3067 3379 nonnulli
3104 3295 3414 3365 dogmatum
3461 3293 3643 3350 Ecclev

362 3390 546 3459 σάρκα
593 3388 687 3441 τὸν
724 3388 814 3440 ἀεὶ
858 3389 1276 3461 συνυπάρχοντα
1308 3390 1387 3461 τῷ
1417 3391 1615 3465 Πατρί.
1647 3393 1957 3465 Κατέκρινε

357 3479 472 3551 γὰρ
493 3478 640 3533 οὕτω
664 3480 765 3550 τὴν
795 3480 1072 3552 ἁμαρτίαν
1094 3483 1154 3535 ὲν
1173 3485 1242 3553 τῇ
1268 3483 1456 3554 σαρκὶ,
1482 3484 1576 3537 καὶ
1602 3486 1959 3557 κατήργηκεν

356 3574 418 3627 ὲν
445 3576 586 3643 ἡμῖν
617 3572 714 3625 τοῦ
749 3572 978 3628 θανάτου
1011 3574 1074 3628 τὸ
1104 3576 1327 3646 κράτος,
1369 3576 1490 3630 καθῖ
1519 3579 1667 3647 ἡμᾶς
1696 3578 1955 3647 γεγονὼς,

357 3668 389 3718 6
424 3664 505 3736 μὴ
530 3663 691 3728 εἰδὼς
720 3666 1022 3737 ἁμαρτίαν,
1042 3668 1072 3720 6
1102 3667 1159 3720 ὲν
1183 3658 1227 3735 ᾧ
1258 3667 1462 3738 ζῶμεν,
1499 3670 1595 3723 καὶ
1636 3669 1957 3740 κινούμεθα,

360 3758 458 3811 καὶ
484 3758 676 3828 ἐσμέν.
703 3758 846 3812 Ἀλλ’
873 3758 973 3812 οὐκ
1000 3752 1099 3811 οἵδ’
1116 3759 1263 3824 ὅπως
1284 3759 1533 3813 ἀδικοῦσί
1554 3778 1699 3826 τινες
1722 3763 1831 3816 τῶν
1857 3762 1958 3833 τῆς

374 3848 714 3921 Ἐκκλησίας
742 3849 1034 3920 δογμάτων
1062 3849 1124 3903 τὸ
1162 3849 1458 3922 ἱερώτατον
1490 3852 1705 3919 κάλλος,
1740 3854 1836 3907 καὶ
1859 3853 1959 3924 τὴν

358 3943 530 4011 ἁγίαν
585 3958 651 3995 τε
707 3942 803 3996 καὶ
858 3943 1136 4009 πάναγνον
1179 3942 1454 4014 ῥυτιδοῦσι
1514 3944 1816 4014 Παρθένον,
1877 3947 1958 4010 εἰς

355 4034 587 4105 ἀκαλλῆ,
607 4033 921 4106 σαθρότητα
944 4035 1056 4088 τῶν
1094 4035 1242 4088 ἰδίων
1264 4036 1401 4107 αὐτῇ
1425 4034 1540 4111 [τᾳ.
1564 4036 1757 4110 αὐτὴν]
1791 4056 1959 4093 κατα-

359 4127 691 4198 κομίζοντες
715 4126 957 4194 ἐννοιῶν,
982 4128 1079 4183 καὶ
1099 4126 1273 4194 ξένων
1296 4130 1433 4198 ἡμῖν
1472 4129 1607 4199 εὑρη
1617 4128 1805 4199 μάτων
1838 4131 1960 4182 ἐπι-

360 4216 697 4289 τειχίζοντες
722 4217 1225 4291 ὅχλον.Γρὰφονται
1251 4220 1350 4291 μὲν
1378 4220 1509 4293 γὰρ,
1531 4221 1608 4283 ὡς
1633 4220 1794 4291 νόθην
1816 4221 1956 4282 τινὰ,

360 4308 458 4363 καὶ⁵
476 4311 585 4363 οὐκ
608 4310 811 4378 εὐφυᾶ,
836 4309 1039 4379 μᾶλλον
1066 4309 1124 4363 δὲ
1150 4309 1227 4373 ὡς
1254 4310 1400 4380 πέρα
1421 4310 1624 4374 παντὸς
1649 4308 1836 4363 ἰοῦσαν
1864 4309 1958 4364 τοῦ

360 4404 704 4475 καθήκοντος
717 4403 1003 4473 λὸγου,τὴν
1023 4405 1308 4470 θεοτόκος
1323 4402 1531 4473 φωνὴν,
1550 4404 1615 4473 ἢν
1637 4405 1729 4457 ἐπὶ
1746 4405 1812 4475 τῇ
1829 4404 1959 4475 ἁγίᾳ.

362 4497 637 4569 Παρθένῳ
662 4495 1073 4552 συντεθείκασιν
1110 4497 1178 4550 οί.
1198 4496 1304 4569 πρὸ
1328 4494 1484 4567 ἡμῶν
1516 4497 1661 4566 Ξιγιοι
1684 4498 1955 4567 Πατέρεςέ

2062 3389 2157 3443 size
2184 3387 2624 3455 sacratissimum
2663 3386 2916 3442 decorem
2955 3385 3183 3451 violant,
3228 3393 3282 3440 et
3316 3393 3564 3440 sanctam
3589 3393 3643 3440 et

2061 3488 2271 3536 castam
2330 3478 2604 3550 Virginem
2662 3480 2810 3551 rugis
2859 3479 3170 3544 maculant,
3210 3479 3336 3534 dum
3391 3478 3535 3533 illam
3585 3478 3642 3534 iu

2064 3583 2279 3641 turpem
2327 3586 2551 3628 suorum
2598 3585 2855 3626 sensuum
2894 3570 3214 3625 inanitatem
3263 3556 3559 3635 deducunt,
3592 3581 3646 3623 et

2063 3680 2338 3720 novorum
2376 3673 2812 3720 commentorum
2868 3663 3111 3718 turbam.
3138 3662 3294 3717 nobis
3336 3661 3492 3732 quasi
3528 3678 3645 3717 mu-

2064 3775 2182 3815 rum
2224 3760 2512 3829 objiciunt.
2561 3759 2696 3814 Nam
2744 3774 2939 3815 vocem
2978 3760 3139 3825 hanc,
3186 3758 3440 3827 Deipara,
3480 3773 3643 3826 quam

2062 3851 2234 3906 sancti
2271 3851 2443 3908 nostri
2469 3850 2660 3906 Patres
2700 3851 2767 3904 ad
2818 3860 3067 3905 sanctam
3093 3848 3371 3921 Virginem
3405 3850 3648 3905 cohone-

2064 3945 2317 4001 standam
2380 3952 2825 4015 composuerunt,
2874 3952 3132 4011 tanquam
3160 3943 3398 3997 [notbam
3436 3955 3507 3997 ev
3540 3942 3643 3999 mi-

2064 4036 2213 4090 nime
2238 4036 2552 4105 ingenuam,
2593 4036 2702 4089 imo
2743 4048 2870 4089 vero
2901 4034 3062 4104 longe
3107 4049 3136 4089 a
3183 4033 3525 4091 convenienti
3560 4048 3647 4088 ra-

2058 4129 2209 4197 tione
2231 4137 2503 4184 remotam
2526 4136 2785 4183 accusant
2808 4144 2823 4193 ;
2848 4141 3126 4197 unumque
3154 4128 3440 4183 Dominum
3457 4126 3645 4184 Jesum

2062 4217 2344 4274 Christum
2397 4220 2627 4275 seorsim
2674 4218 3056 4288 distinguunt,
3109 4217 3164 4274 in
3217 4220 3462 4288 duosque
3509 4220 3647 4275 divi-

2064 4309 2210 4363 dunt.
2254 4310 2393 4365 ﬁlios
2439 4312 2745 4366 :aulerunt
2790 4311 2953 4367 etiam
2999 4326 3028 4364 a
3082 4309 3194 4366 Deo
3240 4311 3416 4365 Verbo
3463 4313 3650 4366 carnis

2063 4402 2372 4472 passiones,
2402 4403 2653 4471 quamvis
2676 4403 2787 4473 pati
2818 4402 2966 4457 illum
2999 4403 3050 4456 in
3082 4403 3299 4473 propria
3326 4412 3647 4472 natura.qua

2066 4493 2207 4549 Deus
2258 4493 2609 4565 intelligitur,
2656 4508 2726 4548 ne
2786 4507 2885 4547 nos
2940 4493 3160 4564 quidem
3215 4494 3494 4557 dicamus,
3552 4493 3648 4548 sed

359 4591 607 4644 διιστᾶσι
637 4589 697 4642 δὲ
717 4589 823 4643 ἁνὰ
847 4586 1016 4660 μέρος
1037 4588 1330 4659 τέμνοντες
1359 4590 1440 4652 εἰς
1470 4588 1738 4653 υίοὺςηδῦο
1756 4588 1847 4645 τὸν
1867 4589 1959 4642 ἕνα

2069 4585 2248 4655 potius
2273 4584 2338 4639 ad
2376 4584 2552 4654 ipsum
2594 4597 2699 4638 una
2735 4598 2879 4637 cum
2916 4578 3081 4637 carne
3114 4582 3394 4652 passiones
3434 4597 3649 4653 quoque

364 4683 583 4755 Κύριον
616 4680 829 4751 Ἰησοῦν
844 4680 1109 4751 Χριστόν·
1131 4680 1470 4751 ἀποφέρουσι
1496 4679 1569 4733 δὲ.
1589 4680 1683 4735 καὶ
1711 4680 1962 4735 τοῦνΘεοῦ

363 4778 547 4845 Λόγου
565 4775 637 4828 τὰ
651 4776 750 4845 τῆς
766 4773 970 4845 σαρκὸς
984 4773 1337 4843 πάθη,καίτοι
1353 4772 1546 4827 παθεῖν
1560 4774 1721 4827 αὑτὸν
1732 4776 1813 4837 εἰς
1826 4773 1964 4828 ἰδίαν

360 4868 553 4939 φύσιν,
568 4865 709 4921 καθὸ
729 4867 930 4918 νοεῖται
952 4863 1106 4929 Θεὸς,
1126 4865 1247 4918 οὐδὲ
1271 4865 1430 4935 ἡμῶν
1447 4866 1764 4935 εἰρηκότων·
1781 4868 1958 4920 ἀνατι-

361 4960 573 5013 θέντων
594 4956 653 5009 δὲ
690 4954 891 5025 μᾶλλον
930 4953 1081 5024 αὐτῷ
1113 4954 1256 5023 μετὰ
1285 4953 1387 5024 τῆς
1433 4953 1637 5025 σαρκὸς
1678 4954 1774 5008 καὶ
1794 4953 1864 5006 τὰ
1890 4956 1956 5025 τῇ

363 5051 535 5124 σαρκὶ
564 5047 963 5118 συμϐεϐηκότα
984 5043 1153 5117 πάθη,
1191 5045 1280 5099 ἵνα
1304 5044 1594 5109 καὶοαὺτδς
1627 5045 1959 5115 ὁμολογῆται

361 5143 561 5213 Σωτήρ
583 5156 599 5171 ο
636 5137 719 5208 τῷ
737 5137 850 5208 γὰρ
883 5136 1110 5206 μώλωπι
1146 5134 1312 5190 αὑτοῦ
1344 5137 1504 5207 ἡμεῖς
1538 5136 1793 5207 ἰάθημεν,
1821 5137 1962 5192 κατὰ

358 5230 851 5305 τδγεγραμμένον
874 5246 889 5261 ο
932 5231 1029 5282 καὶ
1079 5228 1486 5298 μεμαλάκισται
1545 5228 1643 5299 μὲν
1678 5228 1840 5292 αὐτὸς
1872 5228 1960 5282 διὰ

357 5328 463 5390 τὰς
491 5322 775 5395 ἁμαρτίας
803 5321 984 5392 ἡμῶν,
1015 5321 1196 5374 καίτοι
1226 5319 1321 5373 τοῦ
1356 5318 1549 5373 παθεῖν
1592 5320 1684 5372 τὸν
1724 5319 1961 5389 μαλακι-

362 5417 506 5488 σμιδν
536 5413 898 5476 ἀνεπίδεκτος
931 5409 1036 5466 ὤν’
1079 5408 1404 5479 σεσώσμεθα
1429 5408 1487 5462 δὲ
1520 5411 1684 5480 ἡμεῖς
1706 5407 1796 5461 τὸν
1821 5408 1961 5480 ὑπὲρ

360 5506 527 5577 ἡμῶν
556 5504 931 5566 ἀναλαϐόντος
983 5501 1212 5556 θάνατον
1243 5498 1332 5553 διὰ
1381 5498 1476 5551 τοῦ
1524 5498 1652 5552 ἰδίου
1686 5498 1961 5569 σώματος.

362 5600 725 5671 Πειράσομαι
757 5596 822 5649 δὲ
868 5594 1019 5665 ειπερ
1054 5592 1190 5662 ἔφην
1227 5590 1495 5658 ἐπιδεῖξαι
1553 5591 1765 5662 σαφῶς.
1804 5592 1963 5645 Ἀναν-

437 5805 484 5836 ¹¹
507 5802 689 5859 Galal.
714 5815 788 5859 tv.
822 5798 879 5852 ι.
958 5793 1061 5849 “ll
1087 5792 1209 5848 Cor.
1232 5790 1421 5854 \‘m,9.
1497 5791 1542 5821 ³³
1574 5789 1729 5861 Riotn.
1754 5805 1829 5856 νι,
1861 5790 1894 5844 4
1932 5810 1946 5858 ;
1976 5790 2171 5861 Epltes.
2209 5809 2266 5855 ll,
2293 5794 2343 5846 ti.
2424 5795 2473 5825 "
2499 5792 2653 5844 Rom.
2687 5807 2725 5851 ι,
2753 5792 2809 5846 5.

2071 4677 2253 4732 carnis
2305 4675 2643 4742 referamus,
2676 4682 2764 4733 aut
2807 4675 2984 4743 ipsum
3042 4688 3257 4743 quoque
3309 4673 3646 4731 Salvatorem

2070 4767 2626 4822 contiteamur:nam
2683 4765 2799 4835 ejus
2846 4764 3021 4820 livore
3068 4765 3247 4820 sanati
3300 4781 3530 4833 sunms,
3591 4778 3650 4821 ut

2069 4859 2335 4928 scriptum
2371 4866 2457 4912 cst
2479 4857 2548 4920 ”,
2578 4865 2634 4911 et
2661 4855 2970 4911 inﬁrmatus
3006 4864 3090 4911 est
3121 4855 3240 4927 ipse
3268 4867 3491 4927 propter
3524 4873 3653 4928 pee-

2069 4959 2188 5005 cata
2219 4958 2430 5015 nostra,
2460 4948 2709 5016 quamvis
2737 4947 2959 5002 minimc
2990 4960 3338 5018 capaxcsset
3364 4949 3653 5004 inﬁrmita-

2076 5041 2145 5096 tis
2173 5056 2188 5094 :
2220 5054 2426 5108 nosque
2460 5037 2655 5092 salvati
2696 5050 2885 5098 sumus
2921 5037 3047 5093 dum
3096 5037 3183 5091 ille
3212 5051 3494 5107 perasuum
3523 5053 3651 5093 cor-

2069 5147 2170 5201 pus
2203 5137 2708 5184 mortemonostram
2749 5129 3014 5197 suscepit.
3042 5128 3298 5183 Couabor
3332 5130 3501 5198 igitur
3531 5145 3652 5200 qua:

2070 5224 2178 5278 dixi
2210 5224 2367 5293 plane
2413 5221 2915 5277 monstrare..Jam
2962 5222 3107 5277 enim
3155 5220 3273 5291 eius
3315 5224 3406 5291 qui
3450 5224 3649 5279 librum

2069 5315 2426 5386 conscripsit,
2477 5329 2640 5371 voces
2681 5315 2924 5370 recitabo
2956 5331 2970 5367 :
3002 5324 3054 5368 ct
3107 5315 3289 5383 priore
3342 5313 3464 5369 loco
3515 5329 3652 5383 quas

2070 5407 2279 5472 cmnlil,
2318 5406 2447 5463 dum
2470 5421 2693 5475 .voccm,
2716 5405 2971 5475 Deipara,
3014 5405 3307 5460 inunodice
3348 5406 3644 5476 reprehen-

2072 5499 2246 5554 deret.
2288 5497 2394 5555 Sed
2422 5499 2549 5569 quia
2585 5513 2750 5568 saepe,
2789 5513 2911 5552 cum
2948 5498 3135 5552 eadem
3183 5496 3418 5551 inculcat
3461 5497 3648 5561 verba,

2076 5608 2174 5646 nos
2212 5606 2426 5661 quoque
2470 5592 2560 5661 qui
2616 5592 2690 5645 illi
2729 5592 3104 5655 adversamur,
3136 5590 3352 5644 easdem
3408 5600 3653 5659 repetere

2888 5793 2930 5825 "
2956 5792 3112 5848 Rom.
3138 5807 3253 5858 vm,
3277 5794 3330 5848 5.
3409 5795 3453 5826 ²⁶
3485 5793 3645 5851 llcbr.

365 5889 430 5943 ιι,
469 5875 553 5929 Η.
637 5873 680 5907 ’⁷
709 5869 754 5926 ll
786 5871 916 5926 Cor.
951 5880 1004 5935 v,
1041 5864 1131 5919 2|.
1201 5861 1245 5894 ³⁸
1277 5863 1398 5917 Act.
1430 5875 1563 5929 nn,
1602 5860 1693 5916 28.
1772 5862 1816 5895 ”
1843 5861 1947 5918 lsa.
1988 5860 2105 5929 Lill,
2138 5863 2170 5917 5
2206 5879 2219 5929 ;
2261 5863 2451 5919 Mattb.
2481 5878 2602 5929 vni,
2634 5861 2716 5917 l7.
