4150 6434
552 449 617 505 i9
1538 452 1595 509 S.
1638 450 1911 509 CYRILLI
1948 448 2418 505 ALEXANDRINI
2455 451 2775 509 ARCHIEP.
3742 441 3814 496 ‘20

549 568 850 625 sententias
867 583 1088 626 necesse
1121 579 1223 635 est,
1258 571 1402 635 date,
1436 570 1683 635 obsecro,
1714 572 1869 626 nobis
1890 572 2127 635 veniam,
2160 576 2188 632 Α

2175 576 2209 633 Α
2238 571 2523 641 γνώσομαι
2548 572 2660 643 γὰρ
2682 572 2783 642 ήδη
2810 571 2908 634 τὰς
2930 571 3024 625 τοῦ
3048 569 3110 624 τὸ
3147 568 3348 640 βιϐλίον
3378 562 3814 633 συγγεγραφότος

549 660 639 728 qui
672 675 777 716 non
819 672 1009 733 sponte
1035 664 1101 716 ad
1138 662 1299 716 verba
1343 661 1535 717 eadem
1567 661 1812 715 iteranda
1855 660 2121 727 venimus,

2244 663 2428 732 φωνάς
2452 679 2463 691 ·
2497 662 2592 717 καὶ
2625 664 2732 732 πρό
2758 679 2821 731 γε
2846 662 2953 715 τῶν
2984 661 3157 716 ἄλλων
3182 659 3417 719 ὲκείνας,
3451 655 3507 708 αἳ
3534 652 3816 722 γεγόνασιν

549 753 645 807 sed
686 768 1008 824 quacunque
1057 754 1201 809 illius
1235 754 1522 809 verborum
1562 768 1761 821 scopus
1793 753 1987 823 pergit,
2025 753 2125 807 ibi-

2235 754 2404 824 αὑτῷ,
2438 752 2538 823 τῆς
2566 756 2852 820 Θεοτόκος
2884 754 3066 824 φωνῆς
3093 753 3153 806 οὐ
3189 751 3421 823 μετρίως
3444 743 3812 815 κατειρηκότι.

547 844 668 896 dem
700 839 779 897 illi
821 846 1215 901 occurrendum
1246 859 1366 899 esse
1406 844 1771 899 decrevimus.
1820 843 1913 899 Sic
1952 844 2125 915 igitur

2247 845 2465 916 Ἐπειδὴ
2496 845 2551 898 δὲ
2583 845 2898 908 πλειστάκις
2925 844 3011 897 διὰ
3040 844 3151 897 τῶν
3181 840 3595 910 αὑτῶνὲρχεται
3615 835 3812 902 λόγων,
3862 876 3874 887 .

548 932 831 988 dixitcum
867 950 1053 991 vocem
1090 935 1233 989 illam
1285 934 1616 1005 improbaret
1668 937 1721 990 in
1768 945 1953 989 sancta
2002 934 2126 989 Vir-

2230 938 2524 991 ἀντανιστα
2532 936 2726 1007 μένους
2740 936 2907 989 δὲκαὶ
2925 936 3072 1007 ἡμᾶς
3084 934 3173 989 διὰ
3191 933 3297 987 τῶν
3313 930 3492 986 αὐτῶν
3512 928 3645 982 ἰέναι
3667 924 3817 979 πλει-

547 1026 691 1093 gine,
716 1026 969 1097 Deipara,
996 1030 1211 1100 inquam
1247 1046 1261 1083 :

2239 1028 2429 1092 στάκις
2462 1026 2703 1091 ὲννοιῶν,
2727 1028 3048 1095 ἀναγκαῖον,
3065 1026 3180 1080 δότε
3208 1025 3294 1093 δὴ,
3314 1023 3432 1077 δότε
3459 1015 3810 1098 συγγνώμην⁸

547 1116 611 1174 ού
642 1122 961 1174 ταυτοεπεῖν
986 1120 1303 1191 ᾑρημένοις,
1326 1120 1441 1173 ἀλλ’
1466 1114 1612 1192 ᾗπερ
1640 1121 1705 1174 ἂν
1736 1122 1805 1175 τοι
1837 1121 1945 1174 τῶν
1976 1120 2186 1174 ἐκείνου
2214 1118 2389 1188 λόγων
2421 1121 2449 1172 ό
2479 1118 2701 1181 σκοπὸς,
2733 1118 2907 1190 ταύτῃ
2929 1118 3021 1171 καὶ
3055 1120 3185 1187 ἡμῖν
3214 1112 3600 1184 ἀντιφέρεσθαι
3620 1113 3728 1164 δεῖν
3754 1103 3813 1163 εὖ

554 1208 701 1277 μάλα
738 1211 1106 1279 διεγνωκόσιν.
1137 1212 1280 1282 Ἔφη
1319 1213 1499 1267 τοίνυν
1533 1212 1650 1280 ὡδὶ,
1679 1212 1776 1284 τὴν
1823 1212 1914 1266 ὲπί
1953 1228 2018 1281 γε
2050 1215 2119 1284 τῇ
2160 1213 2291 1284 ἁγίᾳ
2325 1211 2592 1283 Παρθένῳ
2653 1209 3130 1281 κατακιϐδηλεύων
3199 1208 3405 1277 φωνὴν,
3447 1205 3590 1274 φημί
3632 1202 3688 1255 δὲ
3714 1201 3813 1271 τὴν

553 1302 838 1367 Θεοτόκος
851 1322 866 1338 ο

619 1390 864 1447 Nss'ron.
890 1391 1089 1465 [δεῖρε.
1116 1394 1313 1464 inquit,
1339 1396 1460 1452 illos
1475 1397 1655 1467 rogavi
1677 1398 1791 1469 (eos
1813 1398 2021 1453 scilicet
2040 1398 2128 1465 qui

2304 1394 2653 1469 [Ἦρώτησα.
2687 1391 2842 1459 φησὶ,
2879 1387 3138 1449 πολλάκις
3179 1384 3379 1447 αὐτοὺς
3422 1383 3601 1454 (δῆλον
3640 1382 3697 1436 δὲ
3732 1384 3817 1438 ὅτι

549 1479 650 1549 ipsi
673 1480 1163 1554 contradicebant),
1189 1483 1326 1538 Num
1353 1480 1618 1539 Deitatem
1643 1488 1824 1542 dicitis
1849 1503 1914 1540 ex
1939 1496 2128 1541 sancta

2229 1488 2356 1551 τοὺς
2387 1483 2767 1550 ἀντιλέγοντας
2785 1477 2992 1549 αὑτοῦ)·
3010 1475 3122 1547 Τὴν
3157 1474 3390 1543 θεότητα
3411 1474 3597 1540 λέγετε
3625 1490 3816 1542 γεγεν-

551 1570 775 1642 Virgine
808 1576 1034 1631 natam?
1060 1576 1138 1631 Ad
1170 1576 1284 1631 bzec
1313 1579 1475 1632 verba
1520 1579 1664 1634 illico
1696 1578 1985 1633 resiliunt:
2022 1577 2128 1631 Ec~

2234 1577 2434 1647 νῆσθαι
2469 1576 2533 1627 ὲκ
2560 1575 2660 1644 τῆς
2694 1571 2857 1639 ἁγίας
2890 1567 3209 1639 Παρθένου;
3249 1564 3627 1633 Ἀποπηδῶσιν
3655 1564 3818 1628 εὐθὺς

550 1666 692 1734 quis,
743 1666 1015 1735 inquiunt,
1066 1675 1217 1722 tanto
1250 1668 1603 1738 blasphemia:
1649 1668 1839 1724 morbo
1887 1669 2121 1734 laborat,

2236 1668 2374 1740 πρὸς
2400 1666 2461 1719 τὸ
2492 1666 2643 1736 ρἧα
2663 1679 2678 1694 ο
2708 1662 2817 1728 Κιὶ
2844 1659 2951 1724 τίς,
2975 1657 3132 1727 φασὶ,
3163 1655 3434 1725 τοσαύτην
3468 1652 3819 1724 βλασφημίαν

555 1768 613 1811 ιιι
642 1772 764 1828 quae
801 1759 1061 1829 templum
1108 1762 1314 1831 genuit,
1352 1761 1587 1831 Spiritus
1628 1763 1804 1818 sancti
1853 1777 2038 1830 opera,
2074 1763 2126 1815 in
2163 1809 2194 1831 η

2187 1812 2202 1831 ,
2239 1759 2402 1821 νοσεῖ,
2434 1756 2574 1808 ὥστε
2607 1751 2823 1821 ἐκείνην
2861 1748 2959 1818 τὴν
2986 1746 3326 1817 γεννήσασαν
3356 1744 3448 1796 τὸν
3476 1743 3603 1796 ναὸν
3637 1743 3818 1811 λέγειν

603 1809 611 1811 -
649 1809 760 1828 τῇ-
1109 1809 1314 1831 ,νη-η,
1352 1809 1585 1831 ητα.---
1628 1809 1804 1818 --..η-.
1857 1809 2038 1830 νμη,
2187 1812 2189 1822 ι

550 1861 610 1901 ca
645 1846 814 1903 Deum
848 1848 1022 1918 ipsum
1053 1858 1294 1905 creatum
1324 1852 1510 1906 dicat?
1542 1850 1742 1906 Deinde
1772 1866 1897 1907 cum
1922 1853 1988 1907 ad
2017 1853 2130 1905 haec
2163 1809 2189 1865 l“

2178 1809 2507 1917 ’ξπανράιτοῦ
2557 1809 2876 1911 ῐΙνεύματος
2904 1809 3010 1891 τὸν-
3037 1809 3169 1889 Θεὸν
3213 1836 3272 1888 ὲν
3317 1833 3504 1904 ἐκείνῃ
3536 1809 3817 1901 ἑκτίσθαι;

551 1937 783 2007 subjicio
823 1957 836 1994 :
875 1940 1013 2008 Quid
1053 1942 1217 2011 igitur
1245 1943 1482 1997 absurde
1510 1943 1708 1996 dicitur
1737 1958 1767 1997 a
1797 1944 1973 2009 nobis,
2005 1958 2127 1996 cmn

2232 1934 2365 1991 Εἶτα
2392 1938 2520 1989 ὅταν
2543 1931 2810 2000 ἐπαγάγω
2836 1928 2973 2000 πρὸς
2995 1925 3190 1992 ταῦτα,
3218 1925 3284 1978 Τί
3314 1920 3405 1978 οῦν
3433 1924 3633 1978 ἄτοπον
3658 1925 3821 1994 ἡμεῖς

549 2044 737 2083 vocem
769 2030 909 2085 hanc
943 2029 1138 2087 eﬂ'erre
1172 2031 1385 2101 quidem
1416 2034 1727 2097 suademus,
1759 2034 1851 2087 sed
1882 2034 1946 2086 ad
1979 2047 2124 2087 com-

2231 2028 2462 2098 λέγομεν
2490 2021 2953 2095 συμβουλεύοντες
2981 2018 3159 2101 λέγειν
3190 2018 3291 2088 τὴν
3323 2017 3529 2088 φωνὴν,
3559 2016 3653 2069 καὶ
3675 2015 3824 2087 ἔρχεο

550 2133 717 2174 mune
761 2119 973 2176 duabus
1023 2123 1235 2177 naturis
1282 2122 1641 2191 signiticatum
1690 2123 1955 2192 pergere?
1993 2121 2127 2176 Tum

2234 2097 2489 2173 OGGtréﬂ‘.
2526 2115 2587 2170 τὸ
2629 2114 2807 2168 κοινὸν
2858 2097 3256 2183 σημαινόμενον
3286 2109 3395 2162 τῶν
3443 2109 3536 2163 δύο
3566 2108 3820 2177 φύσεων;

550 2223 681 2263 vero
709 2218 898 2278 putant
946 2210 1328 2281 blaSphemum
1363 2225 1484 2265 esse
1531 2211 1677 2278 quod
1720 2207 1954 2265 dicimus
1982 2229 1995 2264 :
2023 2212 2131 2263 Aut

2232 2213 2367 2266 Τότε
2400 2209 2681 2280 νομίζεται
2720 2208 2905 2268 αὑτοῖς
2943 2200 3084 2257 εἶναι
3133 2202 3451 2273 βλάσφημον
3493 2201 3554 2255 τὺ
3593 2200 3826 2272 λεγόμε-

549 2311 735 2369 ttpcrte
773 2302 1035 2357 conﬁtere
1063 2301 1407 2357 divinitatem
1444 2314 1510 2355 ex
1558 2302 1715 2357 beata
1764 2300 1935 2356 Maria
1978 2301 2131 2372 geni-

2231 2317 2349 2356 νον·
2395 2302 2464 2355 Ἦ
2496 2298 2831 2371 ὁμολόγησον
2865 2294 3053 2366 σαφῶς
3084 2293 3314 2362 θεότητα
3361 2291 3720 2362 γεγεννῆσθαι
3758 2293 3824 2348 ἐκ

551 2400 683 2457 tam,
714 2402 808 2446 aut
842 2392 888 2448 si
935 2402 993 2447 ut
1027 2392 1396 2463 blaspltemam
1430 2391 1571 2463 iugis
1604 2393 1747 2447 hanc
1781 2407 1990 2455 vocem,
2035 2407 2131 2445 cur

2230 2395 2333 2465 τῆς
2372 2391 2654 2464 μακαρίας
2711 2389 2952 2459 Μαρίας,
3008 2386 3041 2457 ἢ
3101 2387 3318 2455 φεύγων
3370 2385 3445 2447 ὡς
3496 2383 3825 2454 βλάσφημον

548 2483 641 2551 qui
674 2483 861 2538 eadem
887 2492 1052 2555 atque
1075 2498 1176 2554 ego
1200 2484 1358 2550 dicis,
1390 2492 1441 2540 te
1467 2484 1610 2539 haud
1643 2485 1820 2538 dicere
1843 2482 2067 2537 simulas
2084 2481 2129 2554 ?]

2231 2488 2332 2555 τὴν
2384 2482 2589 2553 φωνὴν,
2639 2480 2694 2534 τί
2736 2479 2804 2532 τά
2843 2478 2983 2533 αὑτά
3019 2489 3109 2549 μοι
3160 2476 3371 2545 λέγων,
3427 2475 3699 2548 ὑποκρίνῃ
3748 2476 3827 2549 μὴ

2120 2572 2135 2579 “
2232 2576 2440 2637 λέγειν;

619 2658 671 2728 7
697 2657 838 2729 Ergo
862 2674 925 2714 ex
959 2659 1044 2714 bis
1066 2674 1186 2728 quae
1216 2660 1556 2728 dicis,atque
1587 2658 1750 2711 etiam
1780 2656 1969 2711 nescio
1994 2671 2130 2725 quo—
2232 2576 2258 2627 λ

2232 2571 2512 2720 “Egloge:
2554 2658 2635 2726 οἷς
2680 2661 2815 2730 ἔφης
2862 2657 3042 2721 αὐτὸς,
3072 2656 3167 2709 καὶ
3207 2654 3312 2725 μὴν
3343 2653 3438 2707 καὶ
3467 2655 3685 2724 φρονεῖν
3725 2652 3831 2711 οὑκ

546 2749 711 2805 modo
742 2750 1085 2805 sentiendum
1114 2760 1297 2821 putas,
1329 2750 1395 2805 de
1429 2752 1494 2804 iis
1518 2751 1612 2820 qui
1643 2755 1829 2804 contra
1856 2750 2126 2815 sentiunt,

2231 2755 2324 2814 οἶδ’
2358 2758 2507 2820 ὅπως
2550 2754 2742 2820 ἀξιοῖς,
2770 2752 2822 2805 οἱ
2852 2750 2920 2803 τά
2950 2746 3165 2803 ἐναντία
3212 2744 3549 2811 δοξάζοντες,
3596 2759 3830 2814 μεμαρ-

550 2849 739 2911 aperte
762 2841 1133 2897 testimonium
1170 2841 1350 2898 fertur
1378 2843 1540 2897 etiam
1580 2853 1684 2897 tuae
1711 2842 1860 2896 vocis
1906 2840 2129 2896 confes-

2230 2847 2492 2919 τύρηνται
2540 2843 2727 2914 σαφῶς
2761 2841 2854 2895 καὶ
2892 2840 2979 2893 διὰ
3012 2839 3110 2909 τῆς
3149 2837 3247 2907 σῆς
3275 2834 3482 2904 φωνῆς,
3515 2833 3689 2905 ὀρθὴν
3731 2835 3834 2887 καὶ

549 2931 723 2997 sione,
748 2941 949 2988 rectam
972 2932 1094 2989 illos
1117 2948 1182 2991 ac
1206 2949 1390 2990 veram
1423 2934 1750 2990 sententiam
1785 2935 1854 2989 de
1879 2924 2124 2988 nostru-n

2231 2936 2646 3005 άπλανεστάτην
2677 2935 2776 3005 τὴν
2814 2931 2906 2985 ἐπί
2934 2947 2999 2999 γε
3042 2930 3122 3001 τῷ
3168 2929 3390 2982 πάντων
3417 2926 3573 2996 ἡμῶν
3606 2927 3835 2999 Σωτῆρι

550 3023 790 3077 omnium
821 3021 1337 3082 SalvatoreCltristo
1363 3037 1567 3092 tenere,
1597 3037 1651 3080 et
1675 3024 1834 3080 fidem
1868 3026 1919 3080 in
1946 3025 2128 3078 animo

2231 3028 2471 3101 Χριστῷ,
2503 3025 2814 3096 ποιούμενοι
2866 3021 3060 3089 δόξαν,
3096 3023 3191 3075 καὶ
3242 3020 3425 3074 πίστιν
3471 3017 3692 3089 ἔχοντες
3753 3020 3838 3083 εἰς

551 3114 771 3178 habere,
804 3130 966 3184 quam
1002 3117 1038 3171 ii
1072 3117 1164 3189 qui
1202 3118 1269 3172 ab
1305 3118 1462 3173 initio
1487 3118 1585 3187 ipsi
1624 3118 1902 3184 viderunt,
1934 3125 1987 3171 et
2020 3116 2126 3169 mi-
2158 3141 2190 3200 ε

2200 3180 2203 3197 Ι
2233 3123 2376 3186 νοῦν,
2396 3121 2463 3191 ἢν
2479 3120 2598 3182 ταῖς
2624 3115 2974 3186 Ἐκκλησίαις
2999 3112 3447 3185 παραδεδώκασιν
3467 3113 3514 3164 οἱ
3534 3111 3634 3164 ἀπ’
3657 3112 3839 3182 ἀρχῆς

550 3205 707 3262 nistri
732 3204 952 3261 fuerunt
981 3210 1274 3273 sermonis,
1299 3209 1718 3278 divinorumque
1741 3207 2125 3279 mysteriorum

2236 3210 2503 3265 αὐτόπται
2531 3208 2627 3261 καὶ
2657 3204 2927 3277 ὑπηρέται
2955 3203 3237 3274 γενόμενοι
3262 3200 3358 3255 τοῦ
3387 3201 3570 3269 λόγου,
3594 3201 3699 3253 καὶ
3723 3201 3840 3253 τῶν

551 3310 860 3355 nostrorum
891 3301 1203 3356 sacerdotes
1246 3301 1761 3370 dispensator-usque
1805 3298 1989 3354 ﬁdeles
2021 3298 2127 3353 Ec—

2237 3304 2395 3357 θείων
2417 3301 2575 3373 ήμῶν
2600 3298 2914 3371 μυστηρίων
2936 3295 3227 3367 ἱερουργοὶ,
3253 3293 3347 3347 καὶ
3367 3291 3561 3362 ταμίαι
3581 3293 3834 3363 γνήσιοι·

550 3388 731 3447 clesiis
759 3391 1102 3448 tradiderunt
1137 3392 1205 3447 “.
1238 3391 1369 3447 Jure
1410 3391 1553 3446 enim
1598 3402 1852 3460 tanquam
1902 3390 2129 3445 inscitiae

2238 3394 2586 3450 ἀποσείονται
2638 3390 2737 3461 μὲν
2776 3388 2885 3458 γὰρ
2931 3386 3025 3440 καὶ
3073 3384 3218 3455 μάλα
3247 3382 3444 3453 ὀρθῶς,
3478 3382 3553 3445 ὡς
3584 3384 3843 3454 ἀμαθίας

550 3497 884 3554 summaeque
933 3483 1229 3553 impietatis
1277 3484 1499 3539 evidens
1542 3493 1918 3553 argumentum
1973 3499 2128 3538 aver-

2235 3502 2295 3539 τε
2320 3482 2454 3554 όμοῦ
2484 3482 2576 3535 καὶ
2607 3480 2708 3549 τῆς
2748 3480 2828 3540 εἰς
2864 3475 3033 3547 ἄκρον
3077 3473 3318 3546 ἡκούσης
3344 3473 3669 3539 δυσσεϐείας
3700 3476 3842 3530 ἁπό-

551 3584 745 3633 santur
772 3574 857 3629 vel
891 3576 1007 3630 sola
1051 3574 1459 3631 existimatione
1497 3574 1789 3644 concipere
1813 3616 1828 3645 ,
1887 3574 2017 3629 illud
2060 3589 2127 3629 ex

2236 3576 2399 3640 δειξιν
2434 3572 2658 3643 ἐναργῆ,
2691 3570 2751 3622 τὸ
2803 3569 2906 3623 κᾶν
2957 3566 3087 3635 γοῦν
3133 3566 3385 3637 οἰηθῆναι
3433 3566 3618 3636 μόνον,
3645 3568 3741 3620 τὸν
3777 3568 3848 3622 ἐκ

507 3658 519 3669 ’
564 3665 671 3720 Deo
693 3665 858 3723 Patre
887 3665 1126 3722 Verbum
1153 3665 1221 3721 ad
1252 3664 1549 3722 secundum
1575 3666 1787 3721 initium
1811 3673 1869 3721 ut
1897 3680 2018 3722 esse
2047 3666 2128 3719 in-

2238 3666 2375 3720 Θεοῦ
2418 3664 2631 3735 Πατρὸς
2664 3662 2837 3730 Λόγον
2871 3661 2950 3723 εἰς
2981 3658 3154 3731 ἀρχὴν
3199 3657 3293 3711 τοῦ
3342 3653 3480 3710 εἶναι
3526 3657 3846 3727 κεκλῆσθαι

555 3760 765 3826 ciperet
798 3766 1049 3813 vocatum
1072 3772 1214 3825 esse,
1250 3759 1334 3813 vel
1364 3766 1564 3813 sanctae
1611 3755 1855 3827 Virginis
1904 3771 2126 3813 carnem

2238 3756 2522 3828 δευτέραν,
2559 3754 2729 3823 ἤγουν
2774 3753 2876 3821 τῆς
2924 3750 3061 3812 ιδίας
3103 3746 3393 3819 ὑπάρξεως
3442 3744 3603 3814 ῥίζαν
3647 3745 3850 3817 ὥσπερ

555 3865 668 3906 suae
693 3851 1028 3906 exsistentiae
1052 3850 1194 3905 velut
1237 3850 1470 3905 radicem
1498 3851 1789 3920 quamdam
1808 3848 2128 3918 accepisse:

2238 3849 2380 3914 τινὰ,
2414 3846 2512 3917 τῆς
2547 3846 2709 3913 ἁγίας
2741 3841 3022 3914 Παρθένου
3071 3838 3165 3911 τὴν
3210 3839 3390 3907 σάρκα
3436 3836 3662 3889 λαϐεῖν·
3701 3838 3850 3908 πλὴν

554 3943 649 3997 sed
683 3950 862 3997 tamen
900 3943 1071 4012 ipsam
1109 3941 1201 3997 Dei
1252 3942 1569 4013 genitricem
1620 3948 1860 4007 vocant,
1915 3947 1976 3994 ut
2010 3952 2131 4008 quae

2240 3938 2567 4010 ὀνομάζουσι
2584 3934 2848 3987 Θεοτόκον
2873 3930 3065 4000 αὑτὴν,
3084 3929 3160 3992 ὡς
3182 3925 3558 3981 ἁποτεκοῦσαν
3588 3926 3853 3997 δηλονότι

556 4034 704 4088 illum
727 4033 1158 4098 Emmanuelem,
1193 4034 1284 4104 qui
1321 4048 1387 4089 ex
1418 4044 1612 4091 natura
1648 4033 1789 4090 Deus
1819 4040 1925 4098 est,
1958 4045 2124 4101 pepe—

2240 4032 2372 4087 Θεὸν
2401 4030 2532 4083 ὄντα
2576 4024 2720 4081 κατὰ
2751 4022 2912 4093 φύσιν
2945 4021 3035 4074 τὸν
3068 4016 3419 4090 Ἐμμανουήλ
3442 4033 3455 4049 ·
3486 4016 3690 4085 γέγονε
3737 4018 3853 4090 γὰρ

555 4122 691 4178 rerit
723 4139 737 4174 :
773 4137 896 4177 nam
957 4123 1091 4179 illud
1144 4123 1378 4181 Verbum
1438 4126 1639 4181 factum
1687 4134 1770 4180 est
1820 4124 2131 4190 nobiscum,

2246 4125 2362 4195 μεθ’
2391 4120 2549 4194 ἡμῶν
2577 4118 2712 4181 Θεὸς
2757 4115 2833 4169 ὣν
2879 4113 3062 4184 φύσει,
3095 4112 3192 4165 καὶ
3230 4109 3372 4180 ὑπὲρ
3404 4109 3552 4180 ἡμᾶς
3580 4109 3613 4161 ὁ
3641 4109 3852 4176 Λόγος.

556 4217 701 4286 quod
730 4231 799 4272 ex
830 4226 1023 4274 natura
1059 4218 1199 4275 Deus
1227 4229 1283 4275 et
1314 4235 1478 4292 supra
1503 4235 1601 4275 nos
1627 4228 1768 4274 erat.
1795 4218 1934 4274 Num
1966 4219 2135 4289 igitur

2241 4213 2368 4287 Ἆρ’
2389 4210 2481 4268 οῦν
2507 4207 2587 4275 οἷς
2612 4209 2854 4274 δοξάζειν
2871 4204 3144 4273 ἐγνώκασι
3171 4199 3430 4255 τάναντία
3454 4199 3664 4268 φασίν;
3698 4200 3857 4271 Ἐρεῖ

558 4308 629 4365 iis
681 4322 800 4378 quae.
832 4312 1073 4367 sentiunt
1127 4313 1402 4368 contraria
1445 4298 1746 4368 asserunt?
1778 4311 1932 4365 Dicet
1964 4311 2133 4376 enim,

2243 4308 2373 4378 γὰρ,
2405 4300 2582 4375 οἶμαι,
2611 4303 2696 4365 τὶς
2722 4300 2831 4354 τῶν
2864 4298 2931 4352 τὰ
2964 4297 3103 4350 αὑτά
3139 4311 3220 4348 σοι
3249 4293 3465 4365 φρονεῖν
3494 4292 3812 4362 ᾑρημένων
3838 4308 3854 4325 ·

558 4411 618 4455 ιιι
656 4412 807 4472 puto,
844 4404 1111 4474 quispiam
1162 4421 1227 4463 ex
1275 4405 1343 4459 iis
1389 4404 1481 4473 qui
1529 4414 1707 4459 tecum
1743 4403 1990 4458 sentiunt
2027 4418 2040 4454 :
2076 4401 2136 4456 Si

2244 4402 2308 4455 Εί
2355 4399 2429 4471 μὴ
2448 4398 2545 4469 τὴν
2573 4394 2666 4449 τοῦ
2679 4396 2850 4462 Λόγου
2877 4389 3038 4460 φύσιν
3060 4387 3306 4456 γέννημα
3322 4381 3523 4454 σαρκὸς
3540 4379 3695 4437 εἶναι
3721 4385 3858 4457 φὴς,

558 4494 723 4550 Verbi
754 4504 1002 4551 naturam
1037 4499 1245 4568 prolem
1275 4512 1398 4555 esse
1420 4497 1603 4552 carnis
1632 4511 1797 4566 negas
1821 4535 1836 4560 ,
1872 4504 1926 4550 et
1956 4505 2008 4551 te
2040 4497 2141 4550 hoc
2180 4567 2186 4568 ί

2242 4493 2338 4548 καὶ
2374 4491 2483 4544 τῶν
2523 4490 2601 4552 είς
2633 4487 2792 4540 τοῦτο
2831 4482 3027 4537 σαυτὸν
3056 4478 3422 4540 ἀπαλλάττεις
3465 4477 3863 4549 αίτιαμάτων,

558 4589 789 4645 crimine
824 4567 1066 4659 liberas,
1095 4591 1367 4663 quomodo
1393 4590 1559 4661 igitur
1584 4599 1828 4645 sanctam
1854 4589 2133 4659 Virginem
2171 4567 2197 4622 Ῑ

2246 4584 2363 4648 πῶς
2406 4582 2469 4653 δὴ
2519 4582 2626 4653 ἄρα
2663 4578 2797 4631 Θεὸν
2826 4577 3136 4644 ἀποκυῆσαι
3179 4569 3478 4624 διαϐεϐαιοῖ
3529 4569 3636 4642 τὴν
3685 4572 3864 4641 ἁγίαν

558 4683 838 4753 peperisse
869 4682 1040 4739 Deum
1069 4683 1320 4744 asseris?
1356 4683 1462 4738 Sed
1489 4682 1534 4737 is
1562 4697 1591 4737 a
1620 4681 1774 4736 nobis
1796 4696 1826 4736 e
1856 4681 2135 4738 contrario

2241 4677 2551 4760 Παρθένον;
2584 4669 3006 4726 Ἀντακούσεται
3033 4664 3092 4719 δὲ
3123 4663 3260 4735 πρὸς
3288 4661 3445 4733 ἡμῶν
3471 4676 3484 4690 ο
3523 4660 3733 4732 Σάρκα
3760 4681 3864 4733 γε..

562 4745 747 4832 audiet
790 4797 802 4832 :
848 4777 1080 4833 Carnem
1117 4778 1317 4833 factum
1366 4791 1486 4831 esse
1533 4774 1666 4831 illud
1697 4790 1765 4830 ex
1817 4773 1931 4829 Deo
1974 4772 2137 4827 Patre

2240 4745 2430 4826 νέσθαι
2459 4767 2624 4836 φησιν
2650 4765 2685 4835 ἡ
2711 4761 3068 4820 θεόπνευστος
3097 4753 3290 4825 Γραφὴ
3316 4753 3407 4805 τὸν
3444 4745 3529 4804 ιθ
3546 4751 3696 4805 Θεοῦ
3741 4755 3867 4807 Πα-

564 4867 802 4924 Verbum
835 4871 912 4923 ait
942 4869 1223 4938 Scriptura
1248 4868 1509 4923 divinitus
1558 4868 1847 4936 inspirata,
1896 4866 2003 4920 lloc
2034 4873 2137 4928 est,

2247 4864 2374 4936 τρὸς
2400 4858 2594 4927 Λόγον,
2625 4854 2920 4917 τουτέστιν,
2950 4847 3287 4938 ἁσυγχύτωςῌ
3315 4843 3517 4938 τεκαὶ
3546 4844 3683 4898 καθ’
3723 4846 3870 4938 ὑπόῐτ

564 4961 717 5014 carni
746 4961 864 5016 sine
893 4958 1215 5015 confusione
1252 4968 1307 5014 et
1329 4960 1624 5016 secundum
1654 4958 1988 5030 itypostasitn
2022 4957 2154 5011 uni-.

2250 4932 2439 5007 στασιν
2472 4947 2734 5018 ὲνωθῆναι
2768 4943 2932 5015 σαρκί
2955 4958 2968 4974 σ
3021 4940 3080 4994 οὑ
3115 4937 3225 5009 γὰρ
3260 4932 3327 5007 ἦν
3357 4932 3653 5004 ἀλλότριον
3686 4936 3870 4992 αὑτοῦ

566 5063 677 5107 tum
713 5071 727 5108 :
771 5052 1111 5123 nequeenim
1142 5052 1374 5106 alienum
1412 5051 1480 5106 ab
1528 5066 1594 5107 eo
1641 5027 1759 5106 erat
1809 5051 2018 5105 unitum
2066 5050 2141 5104 illi

2248 5046 2310 5100 τὸ
2335 5042 2534 5097 ένωθὲν
2558 5039 2706 5110 αὑτῴ
2734 5038 2915 5109 σῶμα,
2934 5035 3028 5089 καὶ
3049 5028 3447 5101 γεγεννημένον
3470 5027 3538 5079 ὲκ
3560 5031 3871 5098 γυναικὸς,

563 5160 780 5215 corpus,
817 5154 872 5200 et
907 5155 1090 5199 natum
1131 5160 1195 5201 ex
1234 5144 1461 5199 muliere
1488 5183 1505 5209 ,
1547 5145 1641 5199 sed
1665 5152 1722 5198 ut
1759 5157 1914 5198 suum
1948 5142 2144 5212 cuique

2249 5136 2364 5192 ἀλλ’
2396 5135 2585 5204 ὥσπερ
2633 5130 2762 5184 ἴδιον
2808 5127 2918 5181 τῶν
2962 5123 3084 5179 καθ’
3112 5123 3261 5192 ἡμᾶς
3299 5120 3517 5187 ἑκάστῳ
3560 5119 3629 5172 τὸ
3663 5122 3873 5192 αὑτοῦ,

568 5247 810 5292 nostrum
844 5238 1122 5307 proprium
1154 5246 1239 5292 est
1275 5250 1490 5306 corpus,
1545 5234 1738 5291 eodem
1787 5236 1947 5290 modo
1976 5235 2144 5289 etiam

2247 5227 2388 5284 κατὰ
2415 5227 2509 5280 τὸν
2541 5224 2705 5278 αὑτὸν
2734 5220 2952 5275 τουτονὶ
2974 5216 3194 5291 τρόπον,
3236 5215 3328 5266 καὶ
3364 5210 3876 5283 τοῦ’Μονογενοῦς

564 5328 845 5401 Unigeniti
874 5344 1073 5399 corpus
1113 5329 1392 5399 proprium
1440 5328 1516 5384 illi
1556 5339 1696 5391 erat.
1733 5338 1790 5383 et
1838 5343 1943 5382 non
2004 5326 2146 5379 alte!

2247 5323 2378 5376 ἴδιον
2413 5316 2500 5391 ἦν,
2530 5318 2624 5372 καὶ
2648 5316 2745 5385 οὐχ
2775 5313 2963 5394 έτέρου
2978 5307 3057 5401 ῌτδ
3091 5307 3277 5401 σῶμαᾷο
3305 5303 3601 5401 οὑτω-γὰρ
3637 5309 3743 5361 καλ⁸
3775 5327 3878 5379 γε-

572 5422 686 5475 rius
718 5436 732 5474 :
766 5420 848 5486 sic
885 5435 1115 5490 namque
1146 5419 1321 5476 factus
1358 5429 1439 5476 est
1483 5422 1645 5476 etiam
1687 5420 1983 5481 secundum
2017 5434 2146 5473 car-

2246 5414 2503 5485 γέννηται
2542 5406 2685 5463 κατὰ
2712 5391 2909 5475 σάρκα,
2937 5395 3071 5453 Εἶτα
3092 5396 3209 5460 πῶς
3238 5393 3325 5459 ἂν,
3355 5391 3479 5446 εἰπέ
3518 5412 3638 5465 μοι,
3664 5399 3876 5468 γέγονε

571 5530 715 5570 nem.
754 5513 1025 5569 Praeterea
1053 5515 1139 5570 dic
1166 5514 1299 5569 mihi
1329 5516 1599 5586 quomodo
1630 5514 1832 5569 factum
1882 5522 1964 5568 est
1990 5527 2138 5575 caro,

2252 5502 2407 5575 σάρξ,
2431 5502 2489 5555 οὑ
2527 5492 2976 5582 παρειλημμένης
3003 5488 3308 5558 γεννήσεως
3336 5485 3436 5586 τῆς
3467 5485 3536 5538 ὲκ
3566 5491 3877 5559 γυναικὸς,

570 5605 615 5659 si
650 5606 929 5674 generatio
954 5622 1020 5661 ex
1047 5609 1273 5663 muliere
1309 5624 1415 5667 non
1451 5608 1522 5664 sit
1574 5608 1828 5679 adjuncta
1857 5625 1872 5673 ;
1903 5621 2025 5661 cum
2053 5605 2152 5659 hu-

2248 5597 2358 5652 τῶν
2391 5597 2490 5664 τῆς
2528 5579 2946 5660 ἀνθ’ρωπότητος
2986 5581 3166 5652 νόμων
3205 5580 3285 5642 εἰς
3315 5579 3481 5630 τοῦτο
3511 5579 3879 5651 καλούντων,

572 5714 749 5754 mante
781 5709 990 5755 naturae
1026 5701 1172 5773 leges
1210 5701 1261 5758 id
1304 5702 1586 5774 requirant
1621 5742 1635 5760 ς
1682 5710 1739 5756 et
1775 5690 2012 5756 carnalis
2058 5712 2153 5753 ex-

2252 5689 2349 5749 xa’t
2394 5686 2497 5759 τῆς
2527 5682 2795 5754 σαρκικῆς
2834 5673 3122 5748 ὑπάρξεως
3158 5670 3257 5744 τὴν
3288 5667 3468 5742 ἀρχὴν
3508 5671 3619 5743 οὑχ
3665 5674 3880 5749 ἑτέραν

643 5875 686 5906 ⁵⁸
719 5874 848 5933 Luc.
889 5895 928 5943 ι,
965 5879 1021 5935 2.
