4150 6440
511 361 582 417 25

1487 361 1543 416 S.
1583 361 1858 418 CYRILLI
1899 361 2376 419 ALEXANDRINI
2416 365 2738 423 ARCHIEP.

3707 371 3773 425 ’ὦ

513 491 669 552 pater
700 483 908 552 peccati
935 483 1197 539 adversus
1237 498 1428 539 omnes
1471 484 1564 552 qui
1598 500 1694 554 per
1741 486 1930 540 orbem
1974 495 2074 540 ter-

2192 486 2286 539 καὶ
2313 487 2527 559 πατὴρ,
2555 488 2665 541 τῶν
2691 488 2796 542 ἀνά
2828 491 3010 544 πᾶσαν
3038 489 3137 560 τὴν
3169 488 3261 542 ὑπ’
3290 487 3518 558 οὐρανὸν
3553 503 3777 540 κατεσο-

515 589 701 629 rarum
731 583 911 640 erant,
969 589 1030 630 se
1085 574 1634 651 superbejactabat,
1684 577 1742 646 θ
1786 576 2074 630 divinarun

2196 577 2478 648 ϐαρεύετο,
2509 579 2616 632 τῶν
2648 580 2806 633 θείων
2834 582 3017 651 νόμων
3039 579 3139 650 τὴν
3170 579 3482 651 παράϐασιν
3505 577 3770 646 ἐγκαλῶνο

517 663 695 732 legum
724 663 830 718 illis
879 663 1224 719 violationem
1274 663 1538 733 objiciens
1588 682 1603 718 :

511 765 759 810 naturam
816 757 870 811 in
924 756 1164 821 Christo,
1197 765 1451 826 tanquam
1503 755 1556 810 in
1605 757 1828 830 secundi
1875 759 2090 827 generis

511 847 788 917 primitiis,
823 848 1074 903 fiduciam
1099 849 1164 902 ad
1184 846 1350 902 Deum
1383 847 1582 902 habere
1611 849 1854 904 videmus
1906 865 1919 901 :
1954 849 2093 904 dixit

509 939 654 992 enim
683 951 910 1008 aperte:
942 958 960 992 ι
992 939 1151 994 Venit
1197 938 1449 1009 princeps
1477 939 1660 995 mundi
1712 939 1894 1010 hujus,
1943 951 1998 996 et
2035 941 2090 997 in

509 1045 597 1084 me
629 1030 762 1084 nihil
790 1029 1028 1087 inveniet
1054 1032 1117 1084 ³³.
1153 1050 1173 1084 ι

584 1121 724 1187 Sed,
755 1122 801 1176 0
843 1124 1099 1192 praeclare
1151 1125 1254 1192 vir,
1297 1141 1402 1180 non
1469 1125 1569 1179 abs
1617 1139 1675 1178 re
1725 1124 1982 1190 dixerim,
2036 1126 2083 1182 si

515 1229 621 1269 non
671 1224 732 1269 ut
785 1231 885 1271 nos
943 1218 1117 1272 factus
1168 1227 1253 1272 est
1314 1219 1404 1273 ille
1449 1215 1778 1288 Unigenitus
1834 1259 1851 1284 ,
1910 1234 2087 1289 neque

513 1315 572 1359 ut
627 1321 728 1361 nos
786 1306 901 1362 ﬁeri
955 1308 1061 1363 alio
1113 1312 1274 1363 modo
1323 1323 1486 1378 quam
1538 1323 1635 1377 per
1677 1310 2085 1379 generationem

509 1393 780 1450 carnalem
831 1411 900 1451 ex
959 1397 1157 1452 femina
1217 1399 1440 1467 potuit,
1495 1413 1772 1468 nunquam
1849 1414 1949 1454 nos
2014 1401 2082 1454 il-

508 1485 610 1540 lius
642 1487 804 1541 rebus
835 1486 1030 1542 divites
1083 1488 1201 1542 fieri
1242 1491 1537 1558 potuimus.
1589 1486 1660 1543 Ut
1699 1471 1862 1543 enim.
1893 1490 2085 1546 scribit

507 1573 700 1626 beatus
731 1571 951 1643 Paulus,
981 1576 1070 1631 ille
1093 1576 1408 1633 Emmanuel
1433 1593 1536 1633 non
1570 1594 1602 1633 e
1650 1587 1792 1632 terra
1828 1581 1894 1634 ad
1933 1581 2082 1650 prio-

507 1663 583 1718 ris
616 1664 758 1721 illius
803 1667 1131 1737 exemplum,
1179 1669 1274 1724 sed
1335 1683 1367 1722 e
1415 1669 1553 1724 coelo
1609 1669 1878 1725 secundus
1926 1672 2082 1728 nobis

508 1757 676 1811 Adam
727 1758 978 1828 apparuit
1002 1759 1070 1812 ³⁸.
1105 1758 1237 1813 Nam
1273 1759 1402 1814 illud
1442 1775 1678 1828 superne
1732 1768 1787 1815 et
1819 1776 1882 1814 ex
1919 1759 2081 1816 Patre

507 1845 744 1900 Verbum
780 1863 886 1902 non
917 1850 967 1902 in
1001 1847 1300 1920 cuiuspiam
1329 1865 1571 1917 carnem,
1624 1865 1800 1920 neque
1845 1852 1898 1906 in
1949 1853 2081 1908 alie-

504 1951 629 1988 nam
671 1937 841 2001 venit,
886 1945 945 1992 ut
971 1937 1084 2007 jam
1116 1941 1365 2008 superius
1404 1941 1551 2006 dixi,
1589 1955 1763 2010 neque
1815 1941 1866 1995 in
1915 1958 2079 1996 unum

501 2025 734 2095 aliquem
770 2029 939 2084 nostri
968 2029 1198 2084 similem
1218 2029 1499 2085 descendit
1526 2039 1583 2085 ut
1609 2030 1660 2086 in
1693 2046 1759 2086 eo
1789 2032 2077 2101 habitaret,

499 2128 559 2172 ut
601 2121 788 2186 procul
819 2121 982 2176 dubio
1033 2120 1137 2182 fuit
1169 2122 1222 2176 in
1270 2123 1592 2193 prophetis:
1634 2123 1729 2178 sed
1779 2139 1900 2177 cum
1933 2121 2081 2179 sum-

498 2220 648 2280 ptum
673 2226 735 2267 ex
768 2213 991 2270 muliere
1014 2229 1211 2283 corpus
1256 2229 1412 2269 suum
1456 2215 1694 2280 fecisset,
1731 2227 1786 2270 et
1814 2232 1877 2271 ex
1909 2231 1970 2271 ea
1995 2231 2080 2272 se-

498 2303 735 2356 cundum
759 2317 973 2358 carnem
1001 2313 1148 2359 esset
1166 2304 1399 2375 genitus,
1420 2304 1656 2360 hominis
1674 2305 2079 2376 generationem

500 2408 598 2462 per
619 2407 680 2448 se
706 2395 1102 2464 recapitulavit,
1131 2395 1414 2453 nobiscum
1438 2395 1614 2452 factus
1639 2400 1938 2452 secundum
1965 2413 2080 2454 car-

497 2500 644 2551 nem,
667 2485 757 2555 qui
776 2488 1093 2542 anteomnia
1116 2487 1309 2544 sarcula
1333 2489 1615 2544 exstiterat
1637 2505 1703 2544 ex
1732 2489 1910 2545 Patre.
1931 2489 2080 2547 Hanc

501 2575 659 2629 nobis
691 2575 812 2630 fidei
848 2575 1242 2631 confessionem
1274 2591 1443 2631 sacra:
1472 2575 1688 2630 Littera:
1719 2578 2076 2630 tradiderunt.

495 2667 566 2719 At
599 2675 654 2720 tu
691 2674 928 2720 metuere
955 2675 1005 2721 te
1037 2665 1280 2732 simulas,
1309 2681 1373 2721 ne
1391 2666 1731 2736 quisenobis
1751 2667 2075 2737 suspicetur,

497 2757 624 2811 illud
641 2771 709 2811 ex
721 2757 834 2814 Deo
848 2758 1088 2827 genitum
1105 2756 1336 2813 Verbum
1355 2773 1383 2811 a
1401 2773 1564 2812 carne
1587 2767 1797 2824 terrena
1809 2759 2078 2814 exsistan-

495 2849 585 2903 tiaa
619 2849 829 2904 initium
857 2849 1153 2916 habuisse;
1188 2864 1252 2904 ac
1277 2848 1516 2904 funditus
1544 2849 1684 2904 tollis
1713 2849 2102 2919 dispensatio»

497 2940 582 2995 nis
600 2940 650 2993 in
677 2955 839 2995 carne
863 2941 1202 3011 mysterium,
1231 2957 1352 2995 cum
1383 2950 1627 2997 sanctam
1654 2941 1930 3013 Virginem
1953 2956 2076 2999 esse

497 3047 528 3084 ι
557 3031 712 3087 nobis
737 3032 831 3086 Dei
875 3032 1188 3100 genitricem
1236 3032 1606 3103 appellandam
1639 3047 1804 3104 negas
1836 3049 1847 3084 :
1887 3045 1942 3090 et
1983 3050 2076 3090 eos

493 3124 583 3194 qui
615 3123 763 3178 illam
799 3123 893 3178 Dei
926 3123 1244 3193 genitricem
1275 3133 1487 3191 vocant,
1522 3132 1774 3194 tanquam
1804 3125 1870 3181 ad
1905 3126 2077 3181 inevi-

492 3213 710 3270 tabilem
740 3229 803 3269 ac
821 3215 1181 3269 necessariam
1204 3213 1602 3270 confessionem
1626 3215 1868 3284 deducis,
1893 3226 1953 3271 ut
1969 3217 2074 3273 illis

493 3306 791 3375 putandum
850 3305 921 3360 sit
960 3303 1194 3359 Verbum
1227 3304 1406 3360 carnis
1430 3319 1551 3360 esse
1578 3305 1832 3362 fructum.
1865 3307 1974 3364 Sed
2022 3309 2074 3363 id

492 3411 653 3452 secus
683 3405 786 3461 est,
821 3395 1088 3467 longeque
1117 3395 1276 3451 aliter
1310 3397 1493 3452 habet.
1551 3397 1684 3453 Nam
1738 3399 1825 3453 ille
1868 3414 1936 3454 ex
1966 3399 2074 3455 Deo

493 3488 654 3544 Patre
681 3488 872 3554 Filius,
905 3489 996 3560 qui
1035 3501 1196 3559 supra
1225 3502 1386 3544 omne
1434 3499 1643 3560 tempus
1691 3491 1900 3544 initium
1927 3492 2074 3546 exsi-

492 3581 667 3634 stcndi
701 3582 882 3646 habet,
911 3595 1032 3634 cum
1060 3581 1122 3634 sit
1149 3579 1467 3636 saeculorum
1496 3581 1776 3646 Conditor,
1809 3581 1860 3636 in
1888 3591 2070 3638 extre-

494 3673 597 3726 mis
648 3673 827 3727 smculi
860 3673 1194 3742 temporibus
1218 3673 1342 3742 quia
1374 3672 1549 3728 factus
1586 3683 1668 3730 est
1695 3688 1848 3739 caro,
1878 3689 2073 3730 secun-

494 3767 622 3821 dum
649 3781 868 3821 carnem
901 3766 1076 3822 factus
1107 3781 1229 3821 esse
1255 3767 1472 3821 dicitur.
1522 3764 1657 3821 Nam
1706 3767 1751 3822 si
1792 3766 2070 3836 proprium

413 3929 415 3932 ρ
491 3858 610 3925 ejtts
627 3873 827 3927 corpus
844 3857 1180 3928 intelligitur,
1213 3857 1480 3926 quomodo
1501 3873 1605 3912 non
1625 3871 1846 3926 prorsus
1869 3859 2070 3927 proprii

491 3950 736 4019 corporis
771 3949 1111 4003 nativitatem
1147 3949 1248 4003 sibi
1280 3959 1537 4018 tanquam
1566 3963 1719 4001 suam
1764 3949 2062 4005 vindicabit

492 4050 547 4095 rt
582 4041 832 4096 asseret?
855 4040 961 4094 Sed
991 4039 1130 4094 hanc
1178 4039 1457 4094 hominum
1510 4041 1580 4093 ita
1614 4041 1950 4095 credentium
1989 4057 2070 4097 re-

491 4141 638 4186 ctam
668 4145 990 4199 sacramque
1018 4129 1176 4184 fidem
1205 4129 1368 4185 etiam
1393 4129 1510 4199 ipse
1541 4132 1853 4200 probasses,
1882 4132 1926 4187 si
1973 4133 2068 4188 tibi

491 4221 596 4290 ipsi
628 4219 962 4290 persuadere
997 4220 1286 4285 voluisses,
1313 4230 1372 4275 ut
1403 4221 1675 4291 cogitares
1709 4231 1874 4290 atque
1902 4224 2071 4278 conli-

491 4313 691 4368 tereris
724 4327 851 4366 vere
876 4312 1045 4367 Deum
1074 4327 1196 4368 esse
1218 4312 1515 4377 Christum,
1547 4327 1822 4380 unumque
1863 4329 1927 4368 ac
1974 4329 2068 4368 so-

490 4405 605 4460 lum
639 4419 765 4461 esse
801 4405 895 4460 Dei
932 4414 984 4460 et
1011 4405 1210 4471 Patris,
1243 4420 1348 4460 non
1398 4405 1629 4458 divisum
1687 4405 1738 4456 in
1787 4405 2062 4461 hominem

2107 3173 2152 3233 C

1653 665 1750 720 sed
1805 665 2074 720 hominuu

2193 667 2306 720 ἀλλ⁹
2336 671 2394 722 ἐν
2425 669 2644 740 Χριστῷ
2676 671 2775 742 τὴν
2804 672 3090 742 ἀνθρώπου
3124 670 3306 740 φύσιν,
3344 670 3421 733 ὡς
3462 671 3520 723 ὲν
3554 669 3774 739 ἀπαρχῇ

2191 759 2286 812 τοῦ
2309 761 2496 828 γένους
2523 761 2772 832 δευτέρᾳ,
2800 763 3114 834 παρρησίαν
3140 761 3371 833 ἔχουσαν
3395 760 3609 832 ὁρῶμεν
3643 761 3778 831 πρὸς

2190 849 2352 902 Θεὸνο
2371 850 2473 921 ἔφη
2495 850 2602 921 γὰρ
2624 852 2895 923 ἐναργῶς·
2935 871 2952 903 ι
2977 853 3238 922 Ἔρχεται
3263 855 3291 904 ὁ
3321 852 3506 922 ἄρχων
3549 849 3646 904 τοῦ
3688 851 3776 903 16-
3851 884 3859 890 -

2194 962 2330 1015 σμου
2364 946 2577 1012 τούτου,
2613 946 2705 999 καὶ
2741 947 2800 1000 ἐν
2830 945 2954 1017 ἐμοὶ
2986 946 3210 1017 εὑρήσει
3236 945 3407 998 οὐδέν.
3435 963 3454 994 ι

2261 1119 2498 1185 Ἀλλ’,Ὦ
2515 1122 2946 1193 βέλτιστε,φαίην
2962 1122 3027 1176 ἂν
3040 1123 3284 1184 εἰκότως,
3299 1121 3348 1172 sl
3365 1119 3438 1190 μὴ
3451 1118 3640 1188 γέγονε
3655 1117 3774 1172 καθ’

2189 1214 2333 1283 ἡμᾶς
2357 1216 2385 1266 6
2415 1214 2744 1282 Μονογενὴς,
2786 1212 2975 1283 γέγονε
3001 1213 3058 1266 δὲ
3093 1212 3379 1282 καθ’ήμᾶς
3417 1213 3515 1280 οὑχ
3552 1210 3774 1280 ἑτέρως,

2189 1305 2326 1374 πλὴν
2349 1306 2429 1358 ὅτι
2457 1305 2543 1358 διὰ
2561 1307 2865 1376 γεννήσεως
2893 1304 3164 1376 σαρκικῆς
3179 1304 3276 1373 τῆς
3295 1304 3357 1356 ἐκ
3374 1301 3652 1370 γυναικὸς,
3675 1301 3777 1354 οὐκ

2187 1396 2254 1450 ἂν
2265 1400 2296 1466 ἡ
2307 1399 2424 1465 μεῖς
2438 1397 2504 1450 τὰ
2521 1397 2689 1451 αὑτοῦ
2703 1396 3057 1466 πεπλουτήκα
3065 1412 3177 1465 μεν.
3199 1395 3288 1456 Ὦς
3301 1394 3407 1463 γάρ
3422 1394 3450 1445 ὁ
3468 1391 3777 1460 σοφώτατος

2185 1487 2385 1558 γράφει
2423 1487 2649 1550 Παῦλος,
2677 1486 2926 1557 δεύτερος
2955 1489 3088 1557 ἡμῖν
3117 1485 3290 1556 Ἀδάμ
3314 1485 3412 1538 οὑκ
3438 1484 3546 1538 ἀπὸ
3593 1501 3656 1553 γε
3677 1483 3779 1554 τῆς

2184 1580 2286 1650 γῆς
2335 1579 2474 1632 κατά
2517 1579 2606 1631 τὸν
2655 1579 2890 1649 πρῶτον,
2947 1577 3061 1631 ἀλλ’
3091 1577 3148 1644 ἐξ
3191 1575 3422 1646 ούρανοῦ
3457 1577 3720 1645 πέφηνεν,
3749 1577 3777 1627 6

2197 1669 2559 1739 Ἐμμανουήλ.
2579 1669 2637 1722 '0
2669 1670 2778 1738 γὰρ
2809 1667 3015 1723 ἄνωθέν
3033 1685 3090 1722 τε
3118 1669 3212 1722 καὶ
3245 1671 3309 1720 ὲκ
3345 1667 3556 1736 Πατρὸς
3579 1667 3773 1733 Λόγος,
3827 1655 3830 1657 λ

2183 1761 2281 1814 οὑκ
2315 1764 2393 1824 εἰς
2422 1761 2520 1832 τὴν
2560 1761 2711 1814 τοῦδέ
2745 1778 2907 1825 τινος,
2937 1758 3062 1812 οῦτε
3094 1761 3200 1830 μὴν
3233 1761 3314 1822 είς
3357 1758 3646 1830 ἀλλοτρίαν
3675 1775 3775 1811 κα-

2185 1855 2556 1925 ταπεφοίτηκε
2605 1856 2803 1925 σάρκα,
2853 1853 3102 1925 καθάπερ
3130 1855 3230 1924 ἤδη
3262 1857 3540 1924 προεῖπον,
3568 1853 3676 1905 οὐδ’
3707 1847 3775 1905 αὖ

2187 1945 2272 2012 ἐφ’
2296 1944 2390 1996 ἕνα
2417 1943 2539 1996 τινὰ
2573 1943 2683 1996 τῶν
2713 1943 2835 1996 καθ’
2864 1946 3010 2015 ἡμᾶς
3037 1943 3443 2015 καταϐέϐηκεν,
3471 1947 3545 2008 ὡς
3571 1945 3780 2014 ἐνοική-

2188 2052 2298 2088 σων
2341 2033 2509 2105 αὑτῷ,
2541 2034 2793 2106 καθάπερ
2823 2036 3023 2107 ἀμέλει
3076 2039 3170 2090 καὶ
3211 2039 3268 2090 ὲν
3311 2038 3623 2109 προφήταις
3667 2032 3776 2108 ἦν’

2186 2125 2301 2180 ἀλλ’
2338 2124 2467 2179 ἴδιον
2515 2127 2884 2197 ποιησάμενος
2938 2126 3096 2198 σῶμα
3147 2127 3209 2180 τὸ
3251 2129 3314 2181 ὲκ
3357 2127 3640 2197 γυναικὸς,
3678 2129 3776 2180 καὶ

2186 2215 2468 2286 γεννηθεὶς
2494 2217 2554 2280 ἐξ
2585 2217 2756 2287 αὑτῆς
2789 2218 2930 2270 κατά
2960 2218 3157 2287 σάρκα,
3199 2217 3301 2287 τὴν
3331 2217 3620 2288 ἀνθρώπου
3650 2219 3780 2286 γέν-

2186 2325 2341 2378 νησιν
2389 2307 2848 2376 ἀνεκεφαλαιοῦτο
2899 2307 2966 2360 δι’
2995 2307 3210 2370 ἑαυτοῦ,
3263 2306 3384 2376 μεθ’
3413 2308 3572 2378 ἡμῶν
3633 2307 3780 2361 κατὰ

2187 2397 2366 2468 σάρκα
2395 2398 2708 2469 γενόμενος,
2741 2401 2769 2451 ὁ
2810 2395 2917 2468 πρὸ
2958 2395 3160 2460 παντὸς
3201 2395 3396 2458 αἰῶνος
3427 2397 3492 2448 ὲκ
3535 2397 3778 2468 Πατρός.

2185 2488 2400 2560 Ταύτην
2451 2491 2586 2559 ἡμῖν
2632 2488 2733 2558 τῆς
2785 2488 3022 2548 πίστεως
3065 2485 3162 2557 τὴν
3205 2484 3496 2556 ὁμολογίαν
3529 2485 3589 2538 αἱ
3634 2485 3780 2539 θεῖαι

2185 2579 2488 2653 παρέδοσαν
2521 2579 2754 2651 Γραφαί.
2788 2579 2860 2632 Σὺ
2884 2577 2941 2630 δὲ
2965 2577 3194 2630 δεδιέναι
3227 2577 3325 2649 μὲν
3350 2579 3648 2648 προσποιῇ,
3697 2578 3778 2650 μὴ

2183 2672 2292 2743 ἄρα
2319 2689 2404 2735 τις
2442 2671 2550 2724 τῶν
2592 2670 2713 2724 καθ’
2738 2671 2885 2742 ἡμᾶς
2923 2669 3308 2734 ὑποπτεύσειε,
3348 2668 3449 2739 τῆς
3480 2668 3781 2740 ὑπάρξεως

2182 2762 2281 2835 τὴν
2306 2760 2480 2833 ἀρχὴν
2517 2762 2624 2815 ἀπὸ
2657 2761 2852 2832 γηῒνης
2882 2761 3082 2832 σαρκὸς
3105 2760 3395 2831 ἐσχηκέναι
3421 2759 3512 2812 τὸν
3537 2761 3603 2813 ὲκ
3635 2759 3780 2814 Θεοῦ

2185 2855 2361 2923 φύντα
2382 2853 2584 2922 Λόγον·
2633 2853 2878 2924 ἀναιρεῖς
2902 2851 2958 2905 δὲ
2991 2852 3223 2906 εἰσάπαν
3249 2851 3350 2919 τῆς
3386 2850 3525 2922 μετά
3565 2851 3782 2922 σαρκὸς

2184 2945 2498 3016 οἰκονομίας
2528 2944 2589 2998 τὸ
2620 2947 2938 3016 μυστήριον,
2967 2944 3042 3016 μὴ
3068 2947 3265 3016 χρῆναι
3301 2944 3475 3013 λέγων
3501 2943 3782 3014 ὀνομάζεη

2187 3034 2312 3088 σθαι
2345 3033 2480 3106 πρὸς
2502 3036 2534 3105 ἡ
2544 3034 2659 3105 μῶν
2676 3034 2938 3088 Θεοτόκον
2961 3035 3061 3104 τὴν
3086 3034 3244 3103 ἁγίαν
3277 3033 3552 3104 Παρθένον
3574 3049 3588 3062 ·
3625 3049 3695 3085 πε
3706 3049 3785 3103 ρι-

2183 3127 2404 3200 τρέπεις
2447 3127 2503 3181 δὲ
2536 3126 2726 3198 ὥσπερ
2774 3129 2853 3192 εἰς
2902 3126 3146 3196 ἀφυκτόν
3200 3143 3281 3189 τε,
3323 3125 3415 3178 καὶ
3457 3125 3783 3191 ἀναγκαίαν

2182 3217 2472 3288 ὁμολογίαν
2512 3219 2640 3282 τοὺς
2669 3217 2929 3272 Θεοτὸκον
2973 3217 3232 3284 λέγοντας
3282 3214 3483 3284 αὑτὴν,
3514 3213 3615 3267 τοῦ
3661 3216 3782 3270 δεῖν

2181 3311 2386 3365 οἴεσθαι
2428 3311 2628 3384 σαρκὸς
2661 3310 2908 3380 γενέσθαι
2931 3308 3142 3379 καρπὸν
3175 3307 3267 3360 τὸν
3298 3307 3363 3360 ὲκ
3399 3306 3536 3359 Θεοῦ
3568 3308 3779 3376 Λὸγον.

2197 3402 2333 3455 Ἀλλ’
2359 3403 2457 3471 οὐχ
2502 3395 2602 3454 ὦδε
2648 3400 2789 3452 τοῦτ’
2826 3399 2968 3468 ἔχει·
2999 3397 3194 3451 πολλοῦ
3226 3414 3290 3466 γε
3327 3397 3422 3451 καὶ
3452 3397 3550 3450 δεῖ.
3571 3397 3636 3452 '0
3667 3401 3785 3471 γὰρ

2181 3495 2246 3546 ὲκ
2275 3490 2410 3545 Θεοῦ
2441 3490 2652 3562 Πατρὸς
2678 3491 2777 3562 τὴν
2819 3487 3053 3560 ὕπαρξιν
3095 3487 3233 3558 ἔχων
3278 3487 3375 3558 τὴν
3422 3488 3633 3552 παντὸς
3679 3493 3788 3543 tr:-

2182 3585 2368 3638 έκεινα
2396 3583 2612 3654 χρόνου,
2640 3582 2735 3636 καὶ
2765 3581 2874 3652 γάρ
2903 3583 3018 3634 ἐστι
3041 3579 3147 3632 τῶν
3175 3577 3384 3632 αἰώνων
3402 3581 3783 3652 Δημιουργὸς,

2182 3678 2238 3729 ὲν
2271 3675 2519 3745 ἐσχάτοις
2550 3673 2642 3726 τοῦ
2667 3672 2862 3736 αἰῶνος
2888 3674 3099 3744 καιροῖς
3120 3671 3239 3724 ἐπεί
3271 3689 3353 3724 τοι
3378 3669 3574 3739 γέγονε
3607 3672 3782 3746 σὰρξ,

2180 3764 2538 3836 γεγεννῆσθαι
2563 3765 2779 3833 λέγεται
2803 3763 2945 3816 κατά
2980 3764 3178 3835 σάρκα.
3208 3764 3270 3815 Ei
3302 3763 3410 3833 γὰρ
3441 3762 3575 3816 ἴδιον
3599 3765 3782 3819 αὑτοῦ
3892 3786 3913 3803 κ

2179 3858 2241 3911 τὸ
2281 3857 2440 3926 σῶμα
2473 3857 2693 3918 νοεῖται,
2719 3854 2836 3918 πῶς
2867 3854 2928 3907 οὑ
2957 3856 3134 3924 πάντη
3163 3871 3222 3907 τε
3269 3853 3364 3906 καὶ
3419 3853 3652 3919 πάντως
3678 3857 3786 3926 τὴν

2179 3947 2272 4001 τοῦ
2316 3947 2444 4001 ἰδίου
2481 3946 2733 4018 σώματος
2764 3945 3019 4017 γέννησιν
3055 3943 3434 4004 οἱκειὼσεταις
3486 3945 3638 3999 Ἀλλ’
3677 3951 3786 4000 ἐπ·

2177 4040 2376 4110 ῄνεσας
2398 4037 2464 4091 ἂν
2489 4039 2582 4091 καὶ
2604 4037 2766 4100 αὐτὸς
2791 4037 2889 4110 τὴν
2919 4037 3027 4090 τῶν
3049 4035 3191 4089 οὑτω
3217 4035 3554 4100 δοξαζάιτων
3606 4039 3788 4110 ὀρθὴν

2177 4131 2272 4183 καὶ
2298 4129 2562 4201 ἀϐέϐηλον
2589 4129 2788 4195 πίστιν,
2844 4130 2891 4181 εἰ
2935 4128 2991 4181 δὲ
3024 4134 3227 4182 παυτὸν
3278 4125 3400 4198 [ἷσ.
3429 4126 3494 4197 δὴ
3525 4129 3740 4183 σαυτὸν
3765 4130 3788 4202 ]

2177 4221 2492 4276 ἀναπείθειν
2532 4220 2723 4291 ἤθελες
2751 4219 3166 4289 διαλογίζεσθαι,
3196 4219 3289 4272 καὶ
3332 4217 3654 4288 ὁμολογεῖν,
3693 4223 3785 4275 ὅτι

2177 4316 2309 4378 Θεὸς
2340 4314 2553 4385 ἀληθῶς
2585 4317 2730 4367 ἐστιν
2767 4317 2795 4367 ὁ
2833 4313 3086 4384 Χριστὸς,
3118 4307 3194 4374 εἷς
3235 4326 3294 4364 τε
3354 4309 3449 4362 καὶ
3485 4311 3662 4378 μόνος
3705 4313 3790 4367 ὢν

2175 4408 2268 4463 τοῦ
2299 4406 2432 4460 Θεοῦ
2481 4407 2573 4462 καὶ
2617 4406 2851 4478 Πατρὸς,
2885 4406 2944 4458 οὑ
2975 4403 3302 4478 διῃρημένος
3345 4403 3425 4465 εἰς
3471 4402 3790 4471 ἄνθρωπον

491 4498 744 4561 seorsim,
771 4506 826 4552 et
856 4497 913 4552 in
948 4498 1116 4552 Deum
1153 4496 1427 4558 similiter,
1455 4495 1550 4549 sed
1573 4497 1822 4551 eumdem
1850 4513 1972 4553 esse
2008 4511 2063 4553 et

2181 4499 2381 4562 ῐδικῶς,
2412 4499 2506 4552 καὶ
2547 4497 2747 4568 ὁμοίως
2785 4498 2863 4560 είς
2893 4495 3045 4560 Θεὸν,
3077 4495 3192 4549 ἀλλ’
3221 4494 3250 4545 ὁ
3281 4493 3442 4555 αὑτὸς
3471 4493 3787 4568 ὑπάρχων,

490 4605 558 4644 ex
600 4590 710 4644 Deo
739 4588 901 4644 Patre
958 4590 1230 4652 Verbum,
1282 4598 1338 4642 et
1380 4602 1447 4640 ex
1510 4586 1737 4642 muliere
1785 4589 2059 4646 hominem

490 4681 665 4737 nostri
697 4681 952 4745 similem,
986 4694 1200 4750 unaque
1240 4678 1409 4732 Deum
1469 4693 1814 4748 permanere.
1873 4678 1980 4736 Sed
2016 4693 2066 4736 te

488 4773 812 4830 calumniari
861 4774 1010 4828 illam
1062 4771 1222 4828 Verbi
1273 4772 1678 4840 generationem
1729 4772 1832 4843 ιο
1861 4787 2062 4827 secun-

490 4869 620 4922 dum
639 4883 882 4932 carnem,
911 4882 1033 4922 cum
1065 4865 1262 4934 ubique
1289 4868 1424 4920 duos
1451 4879 1669 4920 asseras
1696 4865 1857 4931 ﬁlios,
1894 4873 1950 4919 et
1979 4865 2061 4919 di-

488 4963 646 5018 vidas
670 4977 836 5016 unum
863 4958 1145 5014 Dominum
1193 4956 1379 5012 Jesu-m
1427 4955 1702 5012 Christum
1723 4997 1740 5024 ,
1767 4971 1871 5011 non
1907 4957 2063 5022 meis,

489 5056 584 5112 sed
619 5054 724 5108 tuis
747 5053 924 5108 verbis
955 5049 1294 5119 perspicuum
1324 5049 1436 5103 fiet.

560 5144 805 5200 Nssron.
842 5143 1006 5215 [Vide
1035 5141 1164 5211 quid
1203 5149 1589 5208 consequatur,
1639 5137 1910 5192 haeretica.
1947 5136 2063 5193 Non

490 5237 710 5291 invideo
743 5237 885 5289 hanc
933 5245 1120 5286 vocem
1145 5229 1348 5284 Christi
1398 5227 1648 5297 genitric'i
1679 5225 1930 5298 Virgini,
1972 5230 2067 5284 sed

491 5324 620 5380 novi
637 5320 1001 5378 venerandam
1033 5334 1151 5374 esse
1179 5331 1300 5387 quae
1321 5315 1491 5371 Deum
1514 5316 1729 5387 excepit
1750 5358 1764 5382 ,
1787 5331 1883 5387 per
1901 5333 2064 5386 quam

498 5414 816 5486 pertransiit
865 5411 956 5465 ille
996 5411 1372 5465 universorum
1417 5409 1696 5473 Dominus,
1751 5423 1847 5478 per
1900 5424 2064 5478 quam

493 5504 695 5560 effulsit
726 5503 805 5558 sol
829 5500 1071 5571 justitiaa.
1094 5500 1330 5556 Rursum
1356 5510 1670 5569 suspectum
1707 5501 1880 5555 habeo
1912 5501 2061 5556 hunc

494 5598 764 5666 plausum.
813 5593 1091 5660 Quomodo
1141 5593 1369 5648 verbum
1419 5592 1548 5648 illud
1605 5593 1932 5662 pertransiit,
1981 5594 2062 5647 in-

573 5767 789 5828 ”Joau.
816 5788 927 5840 xw,
957 5771 1045 5828 30.
1128 5774 1171 5805 ³³³
1207 5769 1226 5825 1
1257 5771 1383 5828 Cor.
1415 5786 1502 5837 xv,
1547 5768 1634 5823 Π.

2178 4593 2270 4646 καί
2296 4594 2359 4644 ὲκ
2386 4589 2518 4644 Θεοῦ
2549 4589 2761 4660 Πατρὸς
2798 4588 2990 4656 Λόγος,
3023 4588 3118 4641 καὶ
3162 4587 3226 4639 ὲκ
3259 4583 3519 4653 γυναικὸς
3554 4585 3789 4658 ἄνθρω-

2173 4701 2276 4747 πος
2315 4681 2436 4735 καθ’
2465 4683 2631 4752 ἡμᾶς,
2666 4680 2804 4750 μετά
2835 4678 2929 4733 τοῦ
2971 4681 3152 4748 μεῖναι
3194 4676 3479 4739 Θεός.”οτι
3512 4675 3577 4728 δὲ
3613 4695 3792 4732 συκο-

2174 4778 2393 4846 φαντεῖς
2408 4773 2501 4826 τοῦ
2520 4774 2692 4842 Λόγου
2711 4773 2809 4844 τὴν
2835 4771 2976 4826 καπά
3009 4771 3186 4838 σάρκα
3204 4768 3476 4838 γέννησιν,
3496 4756 3602 4822 δύο
3631 4789 3786 4841 πρε-

2175 4866 2382 4920 σϐεύων
2405 4866 2551 4928 υἱοὺς
2579 4866 2846 4932 πανταχῇ,
2867 4862 2960 4914 καὶ
2985 4861 3284 4931 διατέμνων
3312 4859 3404 4912 τὸν
3430 4859 3528 4911 ’ένα
3559 4861 3790 4934 Κύριον

2186 4956 2391 5028 Ἰησοῦν
2415 4955 2668 5025 Χριστὸν,
2697 4955 2758 5007 ού
2781 4953 2869 5006 διὰ
2905 4952 3012 5007 τῶν
3040 4951 3210 5022 ἐμῶν,
3238 4949 3372 5004 ἀλλὰ
3393 4949 3481 5003 διὰ
3509 4951 3633 5006 τῶν
3668 4956 3790 5010 σῶν

2173 5047 2517 5117 δειχθήσεται
2556 5044 2747 5113 λόγων.

2246 5136 2441 5209 [Βλέπε
2474 5136 2536 5189 τὸ
2565 5133 3144 5207 συμϐαῖνον,αιρετικέ
3163 5149 3176 5162 ·
3206 5134 3267 5185 ού
3299 5130 3480 5201 φθονῶ
3513 5136 3626 5205 τῆς
3663 5154 3793 5206 φω-

2169 5229 2265 5298 νῆς
2315 5230 2382 5298 τῇ
2415 5226 2769 5298 Χριστοτόκῳλ
2806 5225 3091 5297 Παρθένῳ,
3139 5222 3253 5277 ἀλλ’
3283 5218 3400 5276 οῖδα
3447 5223 3794 5298 σεϐασμίαν

2165 5323 2265 5390 τὴν
2311 5319 2610 5390 δεξαμένην
2655 5318 2810 5382 Θεὸν,
2845 5318 2912 5370 δι’
2937 5313 3004 5389 ἧς
3054 5316 3331 5387 παρῆλθεν
3380 5317 3409 5367 ὁ
3461 5316 3585 5371 τῶν
3638 5320 3794 5377 ὅλων

2165 5412 2464 5481 Δεσπότης,
2498 5411 2565 5464 δι’
2591 5406 2660 5482 ἦς
2685 5410 2999 5481 ἀνέλαμψεν
3025 5412 3054 5462 ὁ
3082 5410 3183 5480 τῆς
3208 5406 3566 5479 δικαιοσύνης
3595 5412 3788 5483 ἥλιος,

2164 5504 2333 5562 Πάλιν
2378 5502 2670 5556 ὑποπτεύω
2720 5501 2810 5554 τὸν
2861 5501 3055 5572 κρότον
3090 5517 3103 5530 ο
3155 5498 3274 5562 πῶς
3323 5498 3382 5551 τὸ
3441 5501 3791 5571 παρῆλθε).

2163 5594 2450 5670 ἑνοήσατε;
2481 5593 2579 5647 οὑκ
2621 5593 2835 5664 εἴρηταί
2870 5609 2960 5664 μοι
3004 5591 3086 5659 τὸ,
3124 5589 3456 5660 παρῆλθεν,
3491 5591 3632 5650 ἀντὶ
3656 5595 3788 5665 τοῦ,
