4150 6432
407 377 482 432 25
1521 378 1891 436 ADVERSUS
1930 379 2012 434 NE

2115 379 2335 438 οιιιυιι
2377 382 2506 437 LlB.
2552 380 2593 440 Ι.
3611 387 3684 443 96

409 496 714 566 ἐγεννήθη
733 513 744 524 ·
774 496 837 550 οὐ
872 496 985 567 γάρ
1017 497 1160 551 οὕτω
1185 498 1394 568 ταχέως
1419 499 1850 572 ἐπιλανθάνομαι
1895 499 2004 553 τῶν

2115 500 2438 555 lellexistis?
2484 499 2597 556 Non
2624 499 2758 564 dixi,
2789 500 3123 569 pertransiit,
3159 514 3258 570 pro
3283 513 3349 554 eo
3381 498 3525 569 quod
3557 509 3682 566 est,

416 593 600 646 ιδίωνο
645 592 707 645 τὸ
757 591 1051 662 παρελθεῖν
1095 592 1186 646 τὸν
1239 592 1372 646 Θεὸν
1419 595 1484 647 ὲκ
1511 595 1610 664 τῆς
1638 595 2001 664 Χριστοτόκου

412 681 701 753 Παρθένου
739 681 894 752 παρά
935 684 1034 752 τῆς
1066 681 1216 746 θείας
1244 681 1530 754 ἐδιδάχθην
1567 684 1811 754 Γραφῆς,
1844 685 1906 737 τὸ
1947 685 2004 738 δὲ

414 772 750 842 γεννηθῆναι
780 771 914 825 Θεὸν
945 771 1006 836 ἐξ
1037 772 1227 838 αὐτῆς,
1257 771 1496 842 οὐδαμοῦ
1527 773 1859 845 ὲδιδάχθην.]
1895 773 2005 827 Καὶ

417 863 543 932 μεθ’
573 862 772 932 ἓτερα’
808 859 1083 933 [Οὐδαμοῦ
1111 861 1288 914 τοίνυν
1319 863 1352 932 ὴ
1387 862 1508 916 θεία
1551 863 1742 933 Γραφὴ
1776 863 1909 916 Θεὸν
1941 864 2006 916 ὲκ

412 953 512 1021 τῆς
549 953 918 1022 Χριστοτόκου
978 952 1126 1020 λέγει
1171 954 1554 1024 γεγεννῆσθαι,
1599 955 1734 1008 ἀλλά
1773 954 2003 1024 Ἰησοῦν,

413 1043 680 1112 Χριστὸν,
711 1044 861 1105 Υἱὸν,
897 1043 1152 1116 Κύριον.]
1203 1045 1551 1116 Προσεπάγει
1576 1047 1632 1100 δὲ
1662 1045 1891 1110 τούτοις,
1923 1048 2006 1100 ὅτι

416 1135 496 1204 μὴ
529 1137 665 1198 Θεὸς
697 1137 936 1206 ἀληθῶς,
970 1139 1228 1211 θεοφόρος
1254 1140 1310 1192 δὲ
1347 1139 1550 1207 μᾶλλον
1576 1139 1861 1208 ἄνθρωπος
1889 1134 1956 1209 ἦν
1979 1141 2009 1193 ὁ

414 1223 680 1293 Χριστὸς,
713 1225 790 1288 ὠς
823 1226 954 1294 γοῦν
979 1228 1174 1293 οίεται,
1212 1228 1571 1290 καταδεικνὺς
1594 1227 1690 1298 τὴν
1721 1225 1814 1279 τοῦ
1842 1226 2010 1293 ἀγγέ-

415 1315 513 1368 λου
555 1318 740 1388 φωνὴν
769 1318 848 1389 τῷ
871 1322 1126 1391 μακαρίῳ
1153 1321 1404 1388 λέγοντος
1421 1321 1639 1391 Ἰωσήφ·
1665 1337 1683 1370 ι
1709 1318 2007 1387 Ἐγερθεὶς,

415 1407 711 1477 παράλαϐε
732 1409 796 1461 τὸ
824 1409 1034 1462 παιδίον
1058 1427 1102 1463 Ὶ
1135 1412 1334 1464 εἰδέναι
1373 1410 1429 1463 δέ
1470 1427 1602 1481 φησι
1631 1411 1724 1464 καὶ
1753 1410 1876 1472 τοὺς
1915 1410 2011 1478 ἀγ-

415 1500 635 1567 γέλους,
667 1501 845 1555 καίτοι
873 1503 1219 1574 σοφωτέρους
1265 1503 1424 1566 ὄντας
1472 1502 1650 1573 ήμῶν,
1685 1503 1766 1556 ὃτι
1798 1502 2010 1556 παιδίον

411 1587 507 1663 ἦν.
1361 1653 1366 1656 .

1028 1707 1284 1764 ΚΕΦΔΛ.
1328 1710 1401 1766 B'.

489 1819 784 1889 Αἱρετικὸν
820 1822 919 1891 μὲν
952 1815 1046 1874 οὖν
1087 1822 1145 1874 ἐν
1183 1822 1398 1885 τούτοις
1427 1823 1694 1876 ἀποκαλεῖ
1721 1825 1813 1878 τὸν
1842 1824 2009 1896 ὀρθὴν
2040 1856 2084 1911 Β

416 1909 619 1981 ἔχοντα
662 1911 758 1964 καὶ
800 1911 1261 1984 τεθαυμασμένην
1301 1915 1395 1966 ἐπὶ
1426 1913 1648 1985 Χριστῷ
1676 1915 1773 1984 τὴν
1804 1916 2008 1984 πίστιν,

415 2003 517 2054 καὶ
543 2002 780 2073 ἐπείπερ
811 2002 928 2056 ἐστὶ
957 2003 1091 2067 Θεὸς
1121 2003 1358 2074 ἀληθῶς,
1388 2004 1649 2058 Θεοτόκον
1679 2005 2012 2076 ὀνομάζοντα

416 2096 520 2166 τὴν
570 2095 838 2148 τεκοῦσαν
891 2096 1076 2150 αὐτόν.
1116 2096 1332 2149 Γένοιτο
1376 2096 1422 2150 δ’
1457 2097 1523 2151 ἂν
1572 2098 1748 2150 οὐδενὶ
1791 2099 1899 2151 τῶν
1950 2095 2011 2154 εῦ

419 2187 771 2258 φρονούντων
797 2189 1122 2258 ἀμφίλογον,
1150 2189 1231 2242 ὅτι
1261 2193 1373 2254 τοῖς
1402 2190 1540 2259 ὀρθά
1563 2192 1780 2261 φρονεῖν
1803 2192 2013 2262 ᾑρημέ-

415 2297 529 2342 νοις
566 2280 658 2333 τὸν
699 2281 809 2332 τῶν
853 2280 1122 2350 αἱρέσεων
1161 2281 1350 2350 μῶμον
1394 2281 1668 2345 ἀνάπτων,
1696 2269 1858 2344 αὐτὸς
1905 2281 2012 2335 τῶν

420 2373 572 2426 ἰδίων
598 2371 847 2442 καθοριεί
875 2371 1052 2439 λόγων
1078 2372 1140 2424 τὸ
1171 2371 1405 2434 ἀκαλλές
1425 2389 1438 2402 ·
1479 2372 1639 2440 μόνον
1677 2373 1734 2425 δὲ
1766 2374 1888 2443 οὐχὶ
1918 2375 2012 2426 καὶ

414 2462 830 2532 διωμολόγηκεν
863 2463 1135 2533 ἐναργῶς,
1163 2464 1237 2526 ὡς
1263 2462 1369 2528 ἔξω
1394 2481 1496 2516 που
1523 2464 1625 2534 τῆς
1654 2466 1733 2528 είς
1761 2466 1890 2518 εὐθὺ
1917 2465 2012 2535 φέ-

420 2571 580 2626 ρεται
614 2553 827 2624 τρίϐου,
858 2555 956 2608 καὶ
983 2555 1193 2624 τροπὰς
1225 2554 1301 2624 (l)
1338 2558 1571 2608 ποιεῖται
1599 2556 1694 2619 τάς
1721 2556 2014 2629 διεστραμ-

421 2643 617 2712 μένας.
652 2641 788 2698 Εἶτα
834 2643 953 2708 πῶς
995 2645 1057 2698 οὐ
1089 2645 1321 2713 φθονεῖς,
1352 2647 1474 2699 εἰπέ
1506 2664 1618 2717 μοι,
1651 2647 1752 2713 τῆς
1795 2649 2010 2701 τοιᾶσδε

418 2737 611 2805 φωνῆς
634 2739 701 2808 τῇ
725 2737 856 2808 ἀγίᾳ
878 2737 1144 2808 Παρθένῳ
1161 2777 1175 2800 ,
1200 2738 1383 2791 καίτοι
1409 2742 1509 2809 τῆς
1533 2739 1683 2802 θείας
1706 2742 2012 2810 γεννήσεως

417 2827 668 2898 ἀναιρῶν
705 2828 762 2880 τὸ
795 2829 1015 2898 ἀξίωμα
1036 2869 1050 2893 ,
1087 2831 1182 2883 καὶ
1215 2829 1482 2884 Θεοτόκον
1525 2831 1626 2884 οὒκ
1663 2828 1803 2884 εἶναι
1833 2831 2010 2901 λέγων

417 2921 635 2990 αὑτήν;
668 2921 1168 2990 Κατακιὸδηλεύων
1200 2921 1257 2974 δὲ
1290 2921 1391 2993 τὴν
1424 2920 1589 2987 λέξιν,
1623 2921 1716 2975 καὶ
1767 2922 2012 2994 βλασφη-

420 3015 556 3085 μίας
593 3015 889 3084 ἑπίμεστον
926 3011 1067 3068 εἶναι
1100 3013 1600 3084 διαὸεὗαιούμενος,
1655 3013 1775 3068 τίνα
1812 3017 2012 3087 τρόπον

416 3107 586 3175 ὲφίης
621 3110 734 3169 τοῖς
765 3107 1048 3159 ἐθέλουσιν
1079 3107 1375 3178 ἀπονέμειν
1407 3107 1578 3176 αὐτὴν
1610 3109 1675 3178 τῇ
1705 3105 1837 3178 ἁγίᾳ
1864 3107 2012 3177 Παρ-

2105 591 2312 660 genitus
2357 597 2478 644 est:
2512 604 2615 644 non
2656 590 2800 644 enim
2867 591 2939 644 ita
2999 589 3160 646 facile
3211 605 3345 644 mea:
3391 590 3678 644 sententiae

2105 680 2416 734 obliviscor.
2456 677 2825 735 Pertransisse
2869 679 3039 734 Deum
3078 696 3141 735 ex
3186 680 3387 734 Christi
3423 681 3684 750 genitrice

2110 764 2326 832 Virgine
2353 780 2383 818 a
2411 767 2582 821 sacris
2616 766 2842 822 Litteris
2879 767 3045 823 didici
3082 807 3099 832 ,
3138 770 3232 823 sed
3265 769 3430 822 Deum
3468 784 3532 821 ex
3571 769 3680 836 ipsa

2107 857 2348 925 genitum
2385 872 2649 925 nusquam
2699 857 2910 930 didici.)
2949 857 3014 911 Et
3039 867 3158 927 post
3188 859 3291 912 alia
3325 875 3338 910 :
3383 858 3683 930 [Nusquam

2107 962 2238 1018 ergo
2276 950 2472 1003 divina:
2506 949 2735 1004 Littera:
2768 951 2935 1004 Deum
2967 966 3032 1002 ex
3062 950 3262 1005 Chriin
3292 951 3557 1014 genitrice
3586 965 3684 1016 ge-

2108 1042 2280 1096 nitum
2309 1043 2515 1106 dicunt,
2550 1043 2643 1097 sed
2685 1041 2892 1106 Jcsum,
2919 1033 3222 1104 Christum,
3252 1042 3466 1102 Filium,
3502 1041 3685 1094 Domi-

2111 1129 2288 1200 num.]
2322 1133 2402 1184 Ad
2437 1132 2550 1185 haec
2581 1132 2800 1193 subiicit
2829 1133 3103 1186 Christum
3139 1146 3243 1184 non
3281 1131 3444 1183 Deum
3477 1144 3688 1192 verum,

2111 1221 2202 1275 sed
2233 1219 2502 1275 Deiferum
2533 1222 2708 1290 potius
2740 1223 3009 1275 hominem
3033 1222 3219 1285 fuisse,
3258 1231 3308 1272 ut
3367 1221 3480 1288 ipse
3507 1229 3683 1287 putat,

2111 1313 2390 1382 proferens
2419 1314 2562 1366 illam
2585 1314 2757 1382 angeli
2787 1330 2968 1367 vocem
2994 1315 3155 1367 beato
3178 1312 3374 1376 Joseph
3407 1312 3678 1365 dicentis:

2116 1420 2136 1454 ι
2176 1403 2368 1472 Surge,
2404 1414 2457 1457 et
2491 1406 2676 1473 accipe
2705 1420 2928 1473 puerum
2955 1404 3002 1436 ⁸ο
3037 1421 3084 1456 τι
3113 1414 3288 1471 atque
3309 1405 3450 1470 ipsos
3475 1417 3691 1471 quoque

2111 1494 2349 1565 angelos,
2383 1497 2473 1565 qui
2515 1498 2670 1551 nobis
2726 1498 2910 1566 procul
2959 1498 3119 1552 dubio
3155 1506 3280 1553 sunt
3306 1497 3690 1568 sapientiores,

2111 1587 2334 1643 scivisse
2369 1588 2442 1640 ait
2470 1602 2696 1658 puerum
2728 1586 2913 1641 fuisse.

2793 1699 2943 1755 CAP.
2978 1699 3041 1756 ll.

2184 1811 2505 1867 [latreticum
2545 1814 2596 1866 in
2633 1813 2717 1867 his
2765 1822 2922 1867 vocat
2945 1828 3065 1866 eum
3099 1813 3189 1882 qui
3229 1823 3432 1866 rectam
3461 1829 3526 1868 ac
3559 1829 3690 1884 pro-

2115 1903 2237 1960 bam
2261 1905 2328 1958 de
2358 1905 2577 1960 Christo
2607 1905 2768 1960 fidem
2798 1906 2981 1968 habet,
3017 1913 3070 1958 et
3094 1905 3219 1974 quia
3251 1919 3382 1958 vere
3410 1904 3551 1958 Deus
3582 1917 3689 1968 est,

2115 2011 2235 2066 qua:
2265 1997 2412 2051 illum
2442 1999 2648 2066 peperit
2679 1999 2767 2051 Dei
2815 1997 3130 2067 genitricem
3174 1997 3428 2064 appellat.
3472 1995 3685 2050 Nemini

2115 2096 2294 2139 autem
2349 2086 2580 2154 sapienti
2647 2085 2875 2140 dubium
2939 2094 3044 2147 est,
3093 2085 3185 2153 qui
3239 2097 3387 2139 recte
3446 2085 3690 2140 sentien-

2115 2177 2260 2232 tibus
2295 2179 2519 2233 haeresis
2547 2178 2811 2232 maculam
2840 2181 3100 2246 aspergit,
3137 2193 3264 2232 eum
3297 2194 3393 2232 sua
3433 2179 3596 2233 verba
3632 2186 3691 2232 ut

2115 2284 2397 2339 perperam
2436 2270 2577 2323 dicta
2631 2269 2934 2332 damnare,
2971 2278 3298 2337 tantumque
3348 2285 3452 2322 non
3502 2280 3693 2338 aperte

2114 2360 2270 2414 fateri
2295 2376 2354 2414 se
2381 2369 2532 2414 extra
2563 2371 2764 2414 rectam
2795 2361 3046 2414 semitam
3078 2360 3231 2423 ferri,
3293 2371 3346 2414 et
3396 2375 3684 2424 perversas

2113 2464 2308 2519 parare
2335 2450 2438 2504 sibi
2475 2449 2604 2504 vias.
2647 2447 2768 2502 Jam
2799 2464 2948 2511 vero,
2975 2451 3058 2503 dic
3094 2450 3246 2513 mihi,
3271 2450 3522 2513 obsecro,
3551 2465 3690 2519 quo-

2115 2549 2274 2596 modo
2331 2543 2468 2597 hanc
2525 2558 2708 2597 vocem
2758 2554 2962 2597 sanctae
3016 2541 3222 2610 Virgini
3263 2558 3367 2594 non
3427 2543 3692 2606 invideas,

2113 2650 2233 2689 cum
2271 2636 2338 2687 ab
2365 2650 2426 2688 ea
2459 2635 2656 2687 divina:
2708 2634 3080 2702 generationis
3127 2634 3446 2701 dignitatem
3495 2633 3654 2686 tollas
3678 2673 3693 2696 ,

2112 2735 2165 2780 et
2198 2727 2366 2794 ipsam
2396 2741 2516 2780 esse
2541 2727 2628 2779 Dei
2663 2726 2980 2795 genitricem
3009 2726 3214 2792 neges?
3244 2727 3374 2779 Cum
3404 2739 3536 2777 vero
3566 2740 3686 2777 eam

2113 2817 2295 2869 vocem
2328 2816 2620 2883 improbos.
2647 2827 2702 2868 et
2739 2815 2951 2882 plenam
2986 2829 3107 2868 esse
3154 2815 3507 2882 blasphemim
3537 2828 3692 2866 asse-

2113 2921 2224 2968 ras,
2259 2907 2528 2974 quomodo
2565 2907 2871 2960 volentibus
2911 2920 3030 2958 eam
3076 2917 3280 2959 sancta:
3333 2906 3540 2975 Virgini
3593 2905 3695 2958 tri-

2117 2998 2280 3050 bucre
2319 2997 2639 3062 permittis?
2667 2997 2828 3064 Atqui
2863 3013 2891 3050 a
2923 3007 2972 3050 te
3008 2997 3153 3049 illam
3189 2999 3558 3050 venerandam
3592 3013 3690 3051 vo-

2115 3089 2226 3142 cari
2262 3089 2422 3141 audio
2455 3103 2468 3140 :
2515 3088 2709 3141 deinde
2741 3103 2931 3142 vocem
2985 3089 3121 3141 adeo
3168 3089 3537 3156 blasphematn
3563 3128 3580 3154 ,
3641 3097 3696 3142 ut

419 3195 564 3266 θένῳ
583 3214 597 3262 ;
619 3196 813 3249 Καίτοι
835 3195 1142 3264 σεϐασμίαν
1165 3195 1348 3249 ἀκούω
1373 3196 1626 3264 λέγοντος
1655 3197 1827 3266 αὑτήν
1848 3213 1861 3227 ο
1894 3191 2011 3248 εἷτα

2122 3181 2214 3234 tibi
2247 3181 2366 3248 ipsi,
2409 3189 2462 3233 et
2493 3181 2708 3248 quidem
2745 3180 2867 3243 soli,
2906 3180 3137 3243 videtur,
3194 3180 3361 3247 ipsius
3387 3179 3698 3232 veneratio-

418 3289 525 3359 τὴν
573 3287 898 3358 βλάσφημον
945 3287 1090 3342 οὕτω
1134 3287 1338 3358 φωνὴν,
1371 3288 1514 3340 κατά
1543 3305 1606 3355 γε
1639 3286 1700 3340 τὸ
1726 3285 1876 3356 αὐτῷ
1910 3304 2011 3353 σοι,

419 3381 521 3433 καὶ
564 3381 714 3450 μόνῳ
750 3379 961 3443 δοκοῦν,
1001 3379 1233 3447 πρέπειν
1281 3379 1440 3451 οἰήσῃ
1486 3381 1557 3448 τῇ
1604 3377 2014 3450 σεϐασμιὼτήτι

421 3472 671 3542 κοσμοῦν
717 3469 846 3542 [ισ.
877 3474 944 3541 τῇ
993 3469 1436 3541 σεϐασμιωτάτῃ,
1473 3469 1568 3522 καὶ
1612 3469 1874 3541 κοσμοῦν]
1921 3469 2015 3522 καὶ

423 3561 729 3630 στεφανοῦν
762 3560 1104 3632 ὐποπλάττῃ.
1128 3559 1294 3630 γέρας
1315 3559 1504 3628 ὥσπερ
1527 3558 1803 3630 ἐξαίρετον
1823 3559 2014 3612 ἀνατι-

422 3656 542 3719 θεὶς
559 3655 722 3726 αὐτῇ,
755 3654 854 3721 τὴν
880 3653 1022 3706 κατὰ
1044 3653 1138 3706 τοῦ
1164 3653 1300 3705 Θεοῦ
1325 3652 1502 3719 Λόγου
1528 3651 1920 3720 συκοφαντίαν;
1948 3649 2012 3704 Et

420 3747 538 3817 γάρ
575 3749 725 3800 ἐστιν
763 3746 898 3808 ὅλως
933 3745 1042 3796 τῶν
1067 3743 1472 3814 ἀπηχθημένων
1503 3743 1578 3813 τῷ
1598 3745 1660 3796 ὲκ
1680 3743 1816 3798 Θεοῦ
1857 3745 2015 3813 φύντι

422 3840 610 3909 Λόγῳ.
642 3837 705 3891 τὸ
736 3839 992 3908 γέννησιν
1026 3837 1317 3906 ὑπομεῖναι
1353 3837 1622 3908 σαρκικήν
1644 3853 1657 3865 ·
1686 3834 1804 3890 εἶτα
1825 3837 2016 3890 Θεοτύ-

423 3949 524 3986 κοθ
571 3929 936 3998 ὀνομάζεσθαι
978 3929 1280 3997 συγχωρεῖς
1328 3927 1425 3998 τὴν
1463 3926 1524 3979 οὐ
1556 3926 1821 3979 τεκοῦσαν
1857 3926 2012 3992 Θεὸν,

422 4019 514 4092 ἆρ’
537 4022 640 4075 οὐκ
673 4021 869 4091 ἀληθὲς
903 4021 1079 4073 είπεῖν
1110 4019 1186 4082 ὡς
1223 4017 1724 4089 καταπεφρόνηκας
1765 4017 2014 4086 ἐναργῶς

420 4114 536 4165 τῶν
579 4111 926 4165 Δεσποτικῶν
966 4109 1290 4179 θελημάτων
1310 4121 1341 4173 ;‘
1363 4111 1477 4162 Οὐκ
1511 4109 1578 4162 ἂν
1616 4108 1801 4176 άλοίης
1854 4125 2012 4180 περι-

423 4205 670 4278 υϐρίζων
702 4203 903 4274 μᾶλλον
927 4204 1027 4274 τὴν
1059 4202 1383 4272 σεϐασμίαν,
1404 4201 1595 4271 ἦγουν,
1618 4200 1693 4262 ὼς
1721 4200 1883 4261 αὐτὸς
1910 4199 2014 4252 οίει

422 4317 483 4353 τε
505 4299 604 4352 καὶ
628 4298 828 4366 λέγεις,
854 4300 1020 4368 τιμᾷν
1053 4295 1346 4366 ᾑρημένος,
1371 4293 1470 4363 τὴν
1500 4292 1578 4363 τῷ
1598 4291 1716 4362 Θεῷ
1749 4309 2014 4346 κατεστυο

423 4391 681 4461 γημένην
715 4388 898 4458 φωνὴν
933 4388 1227 4456 ἀπονέμων
1258 4386 1432 4454 nam;
1467 4384 1542 4436 Οὐ
1580 4383 1690 4452 γὰρ
1719 4382 1812 4446 οὒς
1846 4383 2012 4453 τιμᾷν

2123 3274 2175 3328 ni
2206 3273 2498 3327 convenire
2529 3272 2716 3342 putas?
2755 3271 3058 3326 llonestare
3099 3272 3246 3324 illam
3294 3281 3346 3324 et
3391 3285 3592 3324 ornare
3645 3280 3698 3324 te

2122 3365 2370 3430 simulas,
2401 3365 2526 3418 dum
2578 3362 2768 3418 falsam
2806 3364 3067 3418 adversus
3099 3365 3267 3418 Deum
3317 3362 3555 3418 Verbum
3609 3377 3698 3415 ca-

2121 3455 2380 3510 lumniam
2417 3455 2561 3510 velut
2595 3457 2925 3525 praecipuum
2959 3455 3034 3509 illi
3067 3472 3261 3511 munus
3297 3457 3450 3514 dicas
3482 3456 3507 3510 ἲ
3559 3455 3693 3509 Nam

2122 3549 2166 3605 si
2225 3563 2452 3619 prorsus
2498 3549 2889 3603 exsecrandum
2939 3558 3026 3603 est
3083 3548 3260 3603 Verbo
3297 3564 3364 3603 ex
3423 3551 3531 3603 Deo
3573 3560 3699 3603 nato

2122 3641 2395 3696 carnalem
2423 3642 2607 3696 subire
2639 3641 3046 3710 generationem
3075 3659 3089 3706 ;
3129 3641 3324 3696 deinde
3359 3641 3530 3705 illam,
3574 3655 3694 3710 qua:

2124 3732 2291 3787 Deum
2314 3748 2416 3786 non
2440 3732 2644 3802 genuit,
2666 3732 2754 3785 Dei
2772 3731 3090 3801 genitricem
3113 3730 3368 3798 appellari
3397 3732 3651 3785 concedis
3680 3745 3695 3783 :

2127 3825 2225 3893 ιι
2260 3839 2326 3877 an
2359 3830 2463 3878 no'n
2489 3839 2614 3878 vere
2645 3824 2750 3878 dici
2783 3823 2984 3891 poterit
3032 3834 3084 3878 te
3136 3823 3466 3876 Dominicam
3510 3823 3701 3875 volun-

2123 3923 2289 3968 tatem
2356 3914 2791 3982 contempsisse?
2839 3912 3492 3980 Nonne'deprebenderis
3554 3912 3696 3966 illam

2120 4007 2485 4061 venerandam
2523 4006 2717 4073 injuria
2749 4007 2921 4075 magis
2949 4004 3180 4070 allicere,
3219 4021 3404 4072 quam,
3425 4013 3482 4056 ut
3511 4014 3565 4056 tu
3598 4019 3697 4070 pn-

2124 4107 2204 4153 tas
2235 4113 2300 4151 ac
2323 4099 2478 4162 dicis,
2511 4099 2799 4152 honesmre
2830 4097 2988 4158 velle,
3025 4112 3147 4151 cum
3197 4101 3416 4150 exosam
3465 4097 3574 4150 Deo
3604 4111 3699 4150 νοο

2121 4203 2238 4244 cem
2279 4187 2352 4242 illi
2389 4187 2635 4241 tribuis?
2684 4186 2866 4255 Neque
2903 4187 3044 4241 enim
3079 4202 3218 4254 quos
3269 4186 3534 4240 honorare
3586 4194 3693 4239 sta-

2122 4279 2344 4344 tuimus,
2389 4278 2455 4332 iis
2499 4279 2714 4332 nomina
2756 4278 3047 4347 largiemur
3121 4293 3219 4345 per
3261 4293 3381 4348 quae
3432 4291 3699 4344 suprema:

2120 4372 2266 4427 illius
2298 4381 2504 4424 natum
2532 4370 2697 4435 gloria
2746 4369 2993 4426 violetur.
3040 4369 3173 4422 Nam
3217 4371 3450 4439 primum
3499 4369 3550 4421 in
3601 4383 3700 4421 nos

423 4460 774 4551 ἐγνώκαμεν,
821 4480 1031 4542 τούτοις
1059 4478 1297 4547 ὀνόματα
1327 4474 1683 4546 χαριούμεθα,
1728 4473 1796 4527 τὰ
1843 4473 1909 4526 δι’
1937 4468 2012 4528 ὧν

2121 4464 2266 4534 ipsos
2317 4460 2584 4530 ejusmodi
2641 4461 2993 4530 blasphemiae
3038 4460 3264 4514 crimina
3325 4461 3700 4526 imprudenter

421 4581 459 4648 ἡ
499 4579 605 4646 τῆς
635 4572 900 4627 ἀνωτάτω
944 4571 1158 4640 φύσεως
1201 4569 1438 4623 ἀδικοῖτο
1466 4565 1624 4630 δόξα·
1666 4566 1880 4637 πρῶτον
1915 4565 2013 4636 μὲν

424 4670 572 4737 σφᾶς
600 4666 799 4727 αὐτοὺς
828 4663 1084 4731 τοιαύτης
1118 4661 1429 4730 δυσφημίας
1473 4657 1812 4727 ἐγκλήμασιν
1851 4657 2018 4709 ἐνιέν-

420 4777 518 4824 τες
553 4759 897 4828 ἀγνοήσομεν
917 4772 931 4786 ο
967 4751 1087 4806 εἶτα
1120 4753 1256 4822 πρὸς
1285 4750 1515 4813 τούτοις,
1543 4750 1602 4802 οὔ
1640 4749 1876 4818 μετρῖως
1907 4747 2015 4800 ἀδι-

421 4852 699 4920 κήσομεν,
724 4849 799 4910 ὡς
827 4849 885 4900 ὲν
911 4843 1182 4915 ὑπολήψει
1205 4843 1392 4912 τιμῆς,
1423 4842 1553 4903 τοὺς
1583 4838 2014 4909 ἐπαινουμένους

418 4939 540 5000 τοῖς
585 4937 686 4988 οὐκ
720 4933 1004 4988 ἐπαινοῦσι
1047 4930 1568 5000 κατασεμνύνοντες,
1620 4929 1716 4982 καὶ
1761 4929 2016 4998 θεομισὲς

420 5028 616 5089 αὐτοῖς
648 5025 1028 5094 ἐξυφαίνοντες
1059 5024 1120 5074 τὸ
1169 5020 1462 5090 ἐγκώμιον.
1513 5018 1826 5087 Θαυμάσειε
1873 5017 1918 5069 δ’
1945 5017 2012 5070 ἀν

417 5135 508 5183 τις
549 5118 693 5190 πρὸς
727 5116 904 5186 τούτῳ
935 5115 1181 5168 κάκεῖνοσ
1211 5112 1321 5166 ἀνω
1353 5129 1412 5164 τε
1452 5110 1561 5181 γάρ
1593 5111 1688 5162 καὶ
1713 5110 1862 5164 κάτω
1890 5110 2011 5172 ταῖς

492 5263 542 5296 κ
575 5256 771 5312 Matth.
811 5270 870 5321 ll,
905 5254 992 5308 l5.

2122 4555 2513 4625 conjiciemus:
2553 4554 2618 4607 ad
2658 4554 2775 4607 haec
2815 4555 2962 4607 velut
2994 4553 3213 4606 honoris
3251 4554 3433 4619 specie
3470 4568 3573 4605 non
3618 4552 3699 4609 le-

2123 4663 2242 4702 vem
2276 4647 2341 4700 iis
2373 4645 2624 4712 injuriam
2661 4643 2972 4704 inferemus,
3003 4658 3137 4710 quos
3176 4642 3394 4695 laudare
3426 4641 3693 4710 volumus,

2115 4739 2160 4794 si
2199 4738 2317 4792 illos
2346 4735 2594 4789 laudibus
2632 4733 2834 4786 nullum
2867 4733 3127 4788 honorem
3171 4731 3522 4788 aiferentibus
3563 4749 3696 4788 one-

2116 4832 2440 4894 raverimus,
2472 4837 2522 4882 et
2550 4829 2662 4881 Deo
2689 4826 2917 4879 invisam
2948 4825 3314 4880 laudationem
3355 4828 3700 4882 contexueri-

2115 4939 2255 4979 inus.
2299 4921 2564 4975 Praeterea
2600 4917 2725 4972 illud
2750 4915 2966 4988 quoque
3003 4919 3198 4973 mirum
3235 4919 3342 4983 sit,
3389 4920 3531 4988 quod
3573 4934 3696 4974 cum

2114 5028 2328 5070 sursum
2367 5013 2616 5066 deorsum
2644 5012 2930 5079 impiorum
2976 5011 3355 5066 hmreticorum
3405 5011 3546 5065 dicta
3577 5026 3699 5064 car-

2115 5121 2231 5176 pas,
2265 5119 2439 5174 neque
2471 5103 2575 5158 ulla
2615 5105 2826 5159 ratione
2872 5104 2978 5158 vim
3033 5103 3234 5159 habere
3270 5103 3552 5174 permittas
3577 5141 3590 5167 ,
3633 5117 3700 5156 eo

1709 5361 1868 5416 ANT.
1909 5357 2179 5414 AGELLII
2216 5356 2444 5412 NOTxE.

498 5530 579 5603 (ι)
630 5527 939 5603 Putoulegi
983 5535 1268 5603 pportereﬁ
1290 5521 1513 5603 τροχιὰς
1542 5537 1556 5550 ·
1609 5533 1736 5573 nam
1786 5517 2006 5603 respicit

423 5589 624 5659 auc-tor
650 5589 1214 5672 adgillndealomonis
1234 5589 1492 5672 Proverh.
1537 5604 1690 5672 “cap.
1731 5604 1782 5672 tv
1821 5589 2007 5672 εςρρ-

425 5657 527 5736 θάς
553 5670 786 5740 τροχιὰς
817 5674 960 5740 ποίει
986 5669 1099 5740 σοῖς
1139 5665 1262 5716 ποσί
1281 5680 1301 5740 '_
1328 5673 1382 5716 et
1432 5661 1602 5740 paulo
1628 5669 1750 5728 post
1777 5672 1793 5710 :
1839 5657 2007 5740 ᾼὺτὸς

421 5743 481 5796 δὲ
507 5730 692 5813 ὸρθάξ
713 5730 936 5813 ποιήσει
957 5736 1058 5813 τὰς
1119 5735 1340 5806 τροχιάς
1387 5730 1678 5813 σουἉριιιει
1699 5798 1711 5813 Ι
1740 5730 2009 5813 sententia

424 5795 620 5868 beatus
658 5795 860 5866 i‘aulus
898 5795 1064 5863 etiam
1103 5795 1358 5860 usus'cst
1407 5803 1460 5857 in
1513 5798 1747 5870 Epistula
1796 5798 1862 5853 ad
1907 5795 2010 5853 lle-

2110 5518 2283 5572 ιιι-τινος
2313 5534 2430 5584 cap.
2472 5529 2587 5570 xu:
2639 5513 2750 5566 Καὶ
2797 5512 3021 5584 τροχιὰς
3048 5509 3235 5584 -ὀρθᾶς
3279 5513 3542 5583 ποιήσατε
3584 5511 3698 5584 τοῖς

2111 5589 2268 5640 ποσὶν
2302 5581 2475 5658 ὑμῶν.
2513 5584 2581 5637 Et
2601 5601 2810 5658 gressus
2837 5581 3002 5658 rectos
3029 5581 3189 5658 facile
3233 5581 3452 5650 pedibus
3489 5581 3692 5658 vestris,

2111 5667 2168 5711 et
2193 5659 2282 5712 hic
2304 5652 2419 5724 ipse
2453 5665 2646 5709 auctor
2673 5654 2727 5724 in
2765 5653 3094 5724 secundant]
3121 5653 3445 5724 Successum
3485 5652 3696 5724 episco-

2115 5742 2243 5849 pun;
2275 5719 2502 5796 epistola
2530 5725 2582 5780 in
2624 5722 2892 5794 principio
2922 5722 3092 5790 dixit,
3127 5723 3424 5794 καμπύλας
3472 5719 3696 5794 τροχιὰς

2149 5815 2212 5849 0‘1
2252 5815 2420 5849 μενοι.
3671 5813 3676 5822 “

2147 5813 2243 5868 ρχο
2251 5815 2420 5868 μενοι.
3671 5813 3676 5822 ·
