4150 6434
463 378 533 432 ει
1204 362 1225 371 '
1488 376 1546 433 s.
1574 378 1864 434 .cvntLu
1904 378 2370 437 ALEXANDRINI
2414 382 2735 443 ancnmp.
3658 382 3725 453 es

463 497 604 566 quod
660 499 942 553 veritatem
1002 497 1306 554 divinorum
1376 500 1685 571 dogmatum
1744 503 2033 567 auferant,

2164 505 2249 557 γῶν
2277 507 2505 560 ἀνοσίων
2530 505 2823 578 αἱρετικῶν
2852 506 3202 576 ἐπιπλήττων
3232 498 3457 575 φωναῖς,
3488 503 3581 557 καὶ
3609 506 3729 557 κατ’

464 602 695 657 cumque
724 603 931 655 vocem,
967 589 1219 658 Deipara,
1247 590 1429 645 multis
1454 593 1764 648 nominibus
1794 609 2037 659 accuses,

463 691 518 735 et
550 680 691 733 inter
719 689 914 734 caetera
949 686 1206 750 tanquam
1239 696 1427 750 parum
1457 698 1660 747 veram,
1695 693 1856 751 atque
1878 686 2039 739 etiam

463 770 834 838 blaspliemam
866 772 1196 835 crimineris,
1235 782 1413 827 tamen
1452 773 1598 827 illam
1628 777 1929 829 concedere
1968 785 2041 842 te,

463 870 519 914 et
550 860 755 931 Virgini
790 878 894 916 non
921 864 1161 919 invidere
1198 865 1365 930 dicas,
1412 865 1454 918 si
1503 866 1587 919 cui
1636 865 1844 918 libitum
1881 865 2046 921 fuerit

466 966 585 1003 eam
617 950 708 1004 Dei
750 953 1067 1021 genitricem
1119 969 1331 1009 vocare.
1397 954 1534 1010 Num
1593 958 2043 1026 ergo‘eonccdes

470 1043 631 1096 etiam
667 1044 874 1098 insanis
915 1046 1030 1100 Arii
1078 1049 1473 1113 sectatoribus,
1525 1056 1582 1101 ιιι
1619 1048 1881 1103 minorem
1924 1065 2045 1105 esse

471 1132 632 1189 Patre
663 1133 858 1189 Filium
889 1137 1092 1204 dicant,
1122 1149 1214 1193 aut
1242 1140 1362 1193 aliis
1393 1151 1640 1194 naturam
1671 1143 1841 1196 sancti
1871 1141 2045 1213 Spiri-

472 1233 607 1279 tusa
634 1225 813 1280 divina
840 1228 1158 1283 excellentia
1196 1232 1615 1300 dejicientibus?
1650 1232 1756 1288 Sed
1790 1234 1842 1288 id
1872 1243 2049 1291 Iacere

473 1316 711 1380 cavebis.
761 1332 825 1371 ac
874 1320 916 1373 si
970 1322 1095 1389 quis
1143 1332 1332 1391 roget:
1370 1322 1485 1387 Qua
1536 1324 1601 1379 de
1653 1326 1861 1379 causa?
1900 1326 2049 1381 dices

470 1412 891 1477 prorsus:Quia
928 1430 1107 1469 vocem
1155 1417 1373 1487 impiam
1422 1436 1525 1473 non
1569 1421 1834 1475 sustineo.
1883 1420 2048 1490 igitur

473 1500 518 1555 si
553 1516 658 1555 non
691 1512 769 1557 est
802 1504 892 1558 Dei
924 1507 1179 1575 genitrix,
1211 1518 1267 1562 et
1296 1511 1369 1562 ita
1400 1510 1502 1564 dici
1532 1512 1806 1574 concedis,
1831 1512 1969 1567 scito
2000 1522 2051 1568 te

474 1591 762 1662 reliquisse
791 1597 1098 1664 veritatem,
1128 1610 1182 1654 et
1222 1615 1414 1669 parum
1459 1599 1572 1668 jam
1609 1617 1802 1657 curare
1848 1619 1915 1658 an
1963 1620 2049 1658 sa-

376 1746 387 1755 _
468 1681 625 1751 piens
648 1699 763 1740 esse
785 1687 1038 1743 videaris.
1065 1689 1202 1755 Quid
1228 1691 1372 1745 enim
1391 1692 1417 1745 ?
1438 1692 1733 1758 Elisabetb,
1766 1705 1861 1749 aut
1891 1696 2049 1749 aliam

473 1784 670 1828 certee
701 1759 906 1832 sanctis
938 1780 1277 1845 mulieribus,
1312 1797 1416 1836 non
1449 1785 1597 1838 omni
1632 1787 1930 1839 reverentia
1965 1787 2055 1840 di-

2150 592 2340 645 οὖδένα
2385 593 2589 663 τρόπον
2616 596 2787 662 ἐφιεὶς
2831 594 3032 663 ἰσχύειν
3083 594 3269 659 αὐτὰς,
3317 595 3399 647 ὃτι
3430 593 3537 647 τῶν
3571 593 3731 646 θείων

2150 683 2438 753 δογμάτων
2470 684 2863 755 παραιροῦνται
2890 685 2967 754 (1)
2999 685 3057 737 τὸ
3084 684 3299 754 ἀληθὲς,
3324 679 3438 737 εἶτα
3464 684 3564 754 τὴν
3595 686 3733 737 Θεο-

2151 778 2327 840 τόκος
2357 776 2540 847 φωνὴν
2569 776 2666 828 οὐκ
2700 778 2757 828 ἐν
2778 776 2986 844 ὀλίγαις
3018 776 3185 839 τιθεὶς
3220 777 3442 840 αἰτίαις,
3474 777 3568 829 καὶ
3598 776 3730 846 ὁμοῦ

2151 868 2270 928 ταῖς
2300 865 2485 929 ἄλλαις
2520 867 2886 936 γραφόμενος,
2931 867 3006 929 ὼς
3034 869 3134 919 οὐκ
3159 866 3373 936 ἀληθῶς
3400 868 3495 920 καὶ
3528 866 3733 937 δύσφη-

2155 971 2275 1023 μον,
2320 957 2621 1025 συγχωρεῖν
2663 953 2797 1023 έιρης
2843 954 2934 1006 καὶ
2969 955 3030 1006 οὐ
3071 953 3285 1021 φθονεῖν
3332 955 3398 1024 τῇ
3446 952 3727 1022 Παρθένῳ.

2153 1045 2254 1099 κᾶν
2282 1047 2329 1098 εί
2368 1045 2541 1098 ἒλοιτό
2575 1063 2658 1108 τις
2691 1047 2865 1098 εἰπεῖν
2900 1045 3161 1099 Θεοτόκον
3191 1047 3380 1116 αὐτὴν.
3423 1044 3614 1114 Ἑφίης
3639 1042 3732 1097 οὖν

2152 1136 2260 1208 ἀρα
2292 1138 2385 1190 καὶ
2417 1139 2528 1200 τοῖς
2550 1137 2648 1207 τὴν
2686 1138 2895 1209 Ἀρείου
2935 1138 3148 1190 νοσοῦσι
3184 1139 3400 1206 μανίαν,
3429 1138 3485 1189 έν
3526 1137 3732 1207 μείοσιν

2108 1282 2115 1293 λ
2154 1224 2292 1283 εῖναι
2320 1227 2501 1297 λέγειν
2530 1228 2624 1281 τοῦ
2665 1229 2876 1299 Πατρὸς
2921 1229 3012 1281 τὸν
3044 1228 3205 1291 Υίὸν,
3243 1227 3276 1298 ῆ
3318 1227 3449 1296 γοῦν
3492 1230 3607 1289 τοῖς
3638 1227 3732 1281 ἆλ-

2154 1322 2300 1384 λοις,
2347 1321 2397 1374 οἳ
2445 1321 2541 1389 τὴν
2584 1320 2679 1373 τοῦ
2726 1319 2883 1388 ἁγίου
2941 1320 3260 1391 Πνεύματος
3301 1319 3731 1388 κατακομίζουσι

2157 1414 2317 1482 φύσιν
2349 1414 2444 1481 τῆς
2486 1411 2820 1483 θεοπρεποῦς
2855 1413 3163 1483 ὑπεροχῆς;
3203 1411 3343 1463 Ἀλλ’
3365 1411 3464 1464 οὐκ
3496 1411 3561 1464 ἂν
3596 1410 3734 1463 ἕλοιο

2098 1552 2103 1557 ,
2156 1506 2313 1559 τοῦτο
2340 1507 2492 1577 δρᾷν,
2524 1506 2624 1559 κᾶν
2657 1505 2711 1558 εί
2733 1523 2815 1569 τις
2858 1506 3031 1559 ἐθέλοι
3056 1506 3155 1575 τὴν
3192 1506 3370 1558 αἰτίαν
3410 1501 3732 1574 ἀναμαθεῖν,

2158 1600 2303 1669 ἐρεῖς
2331 1598 2512 1669 δήπου
2533 1599 2771 1662 πάντως*
2790 1598 2911 1652 ’Ότι
2931 1600 3112 1668 φωνῆς
3135 1599 3234 1651 οὐκ
3253 1598 3517 1669 ἀνέχομαι
3548 1597 3607 1648 δυ
3617 1611 3737 1650 acs-

2158 1688 2306 1753 ϐοῦς.
2331 1689 2538 1743 Οὐκοῦν
2578 1691 2629 1745 εί
2666 1691 2740 1761 μή
2772 1691 2889 1743 ἐστι
2918 1688 3198 1753 Θεοτόκος,
3230 1685 3347 1742 εἶτα
3386 1688 3544 1741 τοῦτο
3582 1687 3737 1755 λέγε-

2161 1780 2286 1834 σθαι
2336 1784 2671 1852 συγχωρεῖς,
2721 1779 2829 1833 ἴσθι
2868 1778 3134 1843 λελοιπὼς
3180 1780 3277 1850 τὴν
3318 1778 3597 1851 ἀλήθειαν,
3648 1778 3740 1831 καὶ
3774 1796 3785 1807 κ

473 1876 633 1933 gnam
661 1868 857 1935 putas?
881 1869 1021 1923 Num
1054 1870 1219 1940 igitur
1247 1872 1290 1925 si
1331 1874 1418 1927 cui
1459 1872 1619 1928 libeat
1660 1875 1804 1945 ipsas
1834 1891 2051 1946 quoque

2164 1870 2364 1942 σμικρά
2415 1868 2717 1940 φροντίζων
2762 1868 2844 1922 έτι
2896 1868 2990 1922 τοῦ
3040 1868 3219 1923 δοκεῖν
3268 1864 3410 1924 εἶναι
3448 1869 3629 1937 σοφός.
3665 1868 3741 1921 ’Ἡ

477 1954 569 2008 Dei
596 1958 887 2024 genitrices
925 1975 1137 2023 vocare,
1178 1962 1318 2015 banc
1356 1963 1460 2016 illis
1489 1965 1902 2034 appellationem
1945 1983 2051 2021 non

477 2048 784 2104 invidebis?
813 2051 1069 2119 Equidem
1111 2064 1241 2123 puto
1285 2063 1335 2109 te
1381 2058 1634 2111 erunibus
1672 2059 1846 2112 modis
1898 2074 2055 2127 repu-

475 2151 788 2207 gnatur-um,
818 2159 880 2197 ac
904 2143 1172 2199 dicturum
1199 2162 1305 2200 non
1332 2147 1406 2200 ita
1431 2163 1489 2201 se
1515 2149 1628 2203 hsce
1659 2149 1881 2203 habere.
1914 2150 2051 2204 Nam

477 2242 805 2301 pepererunt
877 2234 981 2288 illa:
1056 2247 1276 2292 sanctos
1334 2238 1586 2293 homines
1644 2241 1902 2309 quidem,
1957 2244 2053 2295 sed

479 2336 638 2374 nemo
668 2336 854 2376 eorum
886 2325 1179 2378 secundum
1234 2337 1484 2381 naturam
1539 2328 1679 2383 Deus
1715 2339 1851 2384 erat.
1917 2332 2056 2399 Ergo

481 2410 641 2480 hujus
689 2414 837 2467 vocis
905 2430 1058 2469 nsum
1127 2426 1221 2470 aut
1278 2418 1348 2472 ab
1426 2421 1681 2476 erunibus
1745 2423 2059 2477 mulieribus

481 2518 690 2569 amove,
725 2515 816 2559 aut
856 2506 901 2560 si
952 2508 1051 2563 soli
1096 2518 1294 2577 praeter
1338 2519 1565 2566 caeteras
1606 2513 1807 2567 habere
1857 2527 2058 2569 saucue

481 2592 689 2663 Virgini
722 2597 1015 2665 permittis,
1046 2612 1206 2666 qnam
1234 2596 1427 2655 afferes
1471 2600 1525 2653 in
1558 2603 1931 2669 respondendo
1970 2619 2059 2657 ra-

484 2685 727 2739 tionem?
752 2684 887 2740 Nam
932 2688 976 2742 si
1009 2703 1135 2743 vere
1165 2690 1230 2745 de
1257 2705 1321 2745 ea
1356 2692 1553 2745 dicitur
1589 2693 1691 2747 boe
1725 2695 1972 2758 verbum,
2004 2704 2060 2749 et.

481 2791 611 2833 vere
643 2778 808 2834 Deum
836 2781 1037 2851 genuit,
1067 2782 1240 2851 ipsum
1273 2784 1525 2838 nimirum
1560 2784 1651 2839 Dei
1682 2787 1912 2842 Verbum
1945 2802 2059 2842 ear-

484 2884 607 2924 nem
660 2871 861 2926 factum
908 2873 1165 2928 conﬁtere
1224 2876 1525 2943 nobiscum,
1598 2888 1651 2932 et
1689 2888 1739 2933 te
1786 2880 1956 2948 ipsum
1994 2880 2062 2933 ab

484 2962 780 3033 impietatis
811 2965 1038 3020 crimine
1070 2966 1340 3022 liberabis.
1371 2965 1464 3021 Sin
1498 2981 1675 3023 autem
1712 2970 1799 3024 illa
1838 2971 2061 3027 minime

486 3053 654 3107 Deum
682 3057 885 3124 genuit,
917 3071 1022 3115 non
1059 3057 1648 3127 aliud'cstpermittere
1689 3061 1961 3115 nonnullis
2005 3071 2063 3114 ut

486 3161 604 3198 eam
645 3147 732 3199 Dei
769 3148 1086 3217 genitricem
1117 3160 1330 3215 vocent,
1366 3168 1526 3221 quam
1569 3166 1691 3206 cum
1737 3154 1841 3207 illis
1888 3154 2065 3208 socie-

491 3246 651 3289 tatem
707 3211 996 3307 impietatis
1037 3241 1193 3296 inire.
1229 3243 1334 3296 Sed
1381 3211 1467 3297 est
1522 3244 1608 3297 illa
1663 3233 1755 3297 Dei
1804 3246 2062 3314 genitrix,
2093 3211 2135 3268 Ο

488 3330 613 3396 quia
640 3329 810 3383 factus
834 3339 913 3384 est
958 3332 1119 3385 homo
1146 3335 1314 3387 nostri
1352 3335 1543 3389 similis
1585 3336 1672 3390 ille
1705 3336 2025 3406 Unigenitns
2049 3375 2065 3400 ,

497 3421 601 3490 12
628 3423 775 3475 carni
804 3426 1095 3477 secundum
1133 3428 1411 3481 veritatem
1444 3428 1646 3493 unilns,
1675 3439 1728 3483 et
1752 3445 2065 3497 corpoream

491 3515 890 3583 generationem
949 3517 1133 3581 subiit,
1162 3527 1215 3571 et
1269 3528 1465 3573 nostra:
1509 3530 1718 3575 natura:
1745 3520 1888 3590 leges
1929 3522 2067 3576 baud

495 3604 750 3674 neglexit,
781 3615 837 3660 ut
867 3608 1025 3676 paulo
1058 3618 1183 3663 ante
1217 3610 1349 3665 dixi.

563 3696 668 3750 Sed
698 3698 819 3768 quia
847 3700 986 3756 scire
1012 3716 1070 3755 se
1115 3705 1190 3756 ait
1218 3703 1582 3759 venerandam
1626 3719 1747 3760 esse
1786 3721 1904 3759 eam
1931 3745 1945 3768 ,
1990 3706 2071 3759 ni-

494 3788 689 3843 mirum
720 3803 963 3846 sanctam
998 3792 1290 3865 Virginem,
1315 3797 1566 3866 agedum,
1598 3798 1949 3865 inspiciamus
1978 3798 2070 3852 de-

494 3880 622 3935 bitae
654 3882 727 3935 illi
763 3886 1075 3938 reverentia:
1109 3902 1304 3943 causas
1334 3903 1348 3941 :
1388 3886 1559 3959 [Scio,
1588 3888 1780 3959 inquit,
1810 3905 2075 3946 veneran-

496 3968 618 4022 dam
652 3984 774 4027 esse
806 3972 975 4040 illam,
1021 3991 1117 4044 per
1164 3992 1324 4045 quam
1376 3978 1464 4033 ille
1520 3982 1760 4035 omnium
1814 3980 2074 4039 Dominus

492 4064 828 4130 pertransiit,
851 4080 944 4135 per
979 4082 1139 4135 quam
1167 4069 1366 4123 elfulsit
1399 4070 1486 4125 ille
1512 4070 1591 4126 sol
1613 4072 1886 4146 justitia]
1925 4076 2070 4142 Quo-

497 4156 659 4207 modo
689 4155 851 4221 igitur
881 4158 962 4211 ais
994 4159 1158 4213 Deum
1198 4162 1265 4215 ab
1296 4175 1356 4214 ea
1403 4164 1760 4230 susceptum?
1803 4169 2074 4231 quomodo

498 4244 663 4297 etiam
708 4261 803 4314 per
839 4248 981 4300 illam
1023 4252 1338 4317 pertransiit
1377 4252 1465 4305 ille
1499 4255 1739 4308 omnium
1783 4257 2077 4314 Dominus?

501 4345 593 4389 aut
621 4340 891 4406 quomodo
914 4339 1115 4397 effulsit
1144 4343 1228 4397 ille
1255 4344 1332 4398 sol
1358 4345 1621 4415 justitiaa?
1647 4347 1779 4402 Nam
1822 4349 1867 4404 si
1908 4349 2074 4403 Deum

505 4426 648 4482 haud
680 4431 904 4498 peperit,
936 4434 1231 4488 secundum
1266 4450 1484 4490 carnem
1516 4438 1754 4507 inquam,
1804 4440 2075 4509 quomodo

2154 1964 2263 2032 γὰρ
2288 1962 2407 2030 οὐχὶ
2438 1961 2528 2013 καὶ
2552 1958 2651 2030 τὴν
2681 1958 2982 2024 Ἐλισάόετ,
3009 1959 3178 2031 ἡγουν
3205 1958 3401 2030 ἑτέραν
3430 1959 3539 2010 τῶν
3570 1956 3741 2025 ἁγίων

2153 2052 2426 2122 γυναικῶν
2460 2049 2641 2112 αἰδοῦς
2691 2049 2909 2120 ἀπάσης
2954 2049 3110 2115 ἀξίαν
3146 2043 3285 2103 εἶναι
3325 2051 3467 2119 φήςς
3495 2045 3621 2120 τΛρ’
3648 2045 3742 2102 οὖν

2154 2145 2215 2197 οὐ
2244 2143 2573 2214 φθονήσεις,
2610 2144 2659 2195 εί
2704 2142 2767 2213 δή
2798 2160 2881 2205 τις
2924 2142 3098 2195 ἕλοιτο
3127 2141 3409 2205 θεοτόκους
3444 2141 3539 2195 καὶ
3572 2141 3742 2203 αὐτὰς

2157 2241 2364 2302 εἰπεῖν;
2409 2236 2570 2303 Ἀλλ’,
2608 2231 2785 2305 οἶμαι,
2827 2234 3003 2301 πάντη
3038 2250 3099 2286 τε
3133 2234 3227 2287 xui.
3265 2233 3483 2295 πάντως
3514 2234 3746 2286 ἀντανα-

2161 2332 2354 2403 στήσῃ,
2394 2330 2597 2398 λέγων·
2633 2328 2746 2397 Οὐχ
2776 2326 2920 2379 οὕτω
2967 2324 3120 2379 ταῦτ’
3154 2324 3267 2394 ἔχει
3290 2341 3303 2356 ο
3346 2324 3599 2377 τετόκασι
3636 2325 3745 2393 γὰρ

2158 2422 2478 2493 ἀνθρώπους
2503 2419 2892 2491 ήγιασμένους,
2916 2418 3008 2469 καὶ
3032 2412 3098 2485 ἦν
3121 2418 3178 2468 ὲν
3199 2413 3426 2476 ἐκείνοις
3450 2413 3581 2476 Θεὸς
3604 2413 3747 2466 κατὰ

2161 2517 2320 2587 φύσιν
2359 2513 2554 2576 οὐδείς.
2602 2510 2810 2566 Οὐκοῦν
2845 2507 2877 2579 ἦ
2923 2506 3180 2576 γυναικὸς
3232 2505 3449 2576 ἀπάσης
3487 2503 3746 2557 ἁποσόϐει

2158 2608 2220 2661 τὸ
2265 2607 2474 2678 χρῆμα,
2502 2605 2668 2674 ἤγουν
2698 2601 2842 2673 ἔχειν
2884 2600 3058 2678 ἐφιεὶς
3099 2599 3232 2670 μόνῃ
3272 2596 3425 2668 παρά
3459 2596 3638 2660 πάσας
3677 2598 3757 2666 τῇ,

2160 2701 2295 2772 ἀγία
2329 2695 2613 2771 Παρθένῳ,
2648 2695 2822 2759 ποίοις
2853 2690 2963 2764 ἆρα
2995 2694 3243 2763 κεχρήσῃ
3273 2691 3454 2758 λόγοις
3490 2691 3569 2752 είς
3607 2690 3737 2742 ἀπος

2160 2792 2380 2861 λογίαν;
2425 2792 2488 2843 Ei
2524 2790 2621 2859 μὲν
2656 2786 2764 2857 γὰρ
2813 2786 3010 2855 ἀληθὲς
3043 2787 3130 2838 ἐπ’
3174 2785 3311 2855 αὐτῇ
3346 2783 3408 2835 τὸ
3444 2782 3617 2854 ῥῆμα,
3652 2782 3747 2835 καὶ

2161 2883 2296 2937 Θεὸν
2344 2881 2560 2933 τέτοκεν
2614 2875 2851 2947 ἀληθῶς,
2896 2874 2970 2937 ὡς
3023 2875 3202 2945 σάρκα
3253 2870 3514 2940 γεγονότα
3547 2868 3635 2921 τὸν
3683 2869 3747 2922 ὲκ

2162 2973 2297 3027 Θεοῦ
2319 2971 2511 3040 Λόγον,
2537 2967 2789 3038 ὁμολόγει
2815 2967 2912 3019 σὺν
2936 2967 3088 3036 ἡμῖν,
3118 2962 3211 3017 καὶ
3239 2960 3570 3027 ἀπαλλάξεις
3598 2976 3748 3013 σεαυ-

2163 3064 2254 3118 τὸν
2294 3062 2403 3117 τῶν
2432 3063 2510 3123 είς
2547 3058 2867 3113 δυσσέϐειαν
2912 3056 3307 3126 ἐγκλημάτων·
3341 3053 3475 3106 εἰδὲ
3517 3051 3652 3104 Θεὸν
3684 3049 3745 3103 οὐ

2165 3156 2374 3219 τέτοκε,
2404 3153 2465 3207 τὸ
2507 3154 2715 3221 ἐφεῖναι
2743 3149 2922 3218 λέγειν
2959 3153 3067 3202 τισὶ
3100 3146 3365 3201 Θεοτὸκον
3398 3144 3590 3215 αὐτὴν,
3633 3160 3749 3196 κοι-

2168 3250 2359 3302 νωνεῖν
2389 3247 2504 3299 ἐστι
2527 3243 2627 3313 τῆς
2654 3241 2970 3305 δυσσεϐείας
3000 3242 3202 3303 αὐτοῖς.
3242 3238 3379 3291 Ἀλλ’
3418 3236 3532 3289 ἔστι
3561 3235 3751 3289 Θεοτό·

2171 3355 2285 3402 κος,
2316 3337 2397 3390 ὅτι
2436 3335 2656 3403 γέγονεν
2696 3331 2981 3404 ἄνθρωπος
3017 3330 3140 3384 καθ’
3170 3331 3317 3399 ἡμᾶς
3348 3330 3375 3381 6
3403 3325 3712 3395 Μονογενης
3734 3364 3750 3391 ,

2174 3427 2339 3501 σαρκὶ
2368 3427 2509 3481 κατά
2538 3424 2795 3495 ἀλήθειαν
2827 3423 3125 3498 ἡνωμένης,
3152 3421 3244 3474 καὶ
3281 3418 3597 3491 σωματικὴν
3623 3417 3753 3469 ὑπο-

2174 3518 2363 3589 μείνας
2393 3516 2667 3587 γέννησιν,
2701 3516 2795 3569 καὶ
2823 3514 2948 3577 τοὺς
2980 3512 3077 3583 τῆς
3110 3512 3386 3582 ἡμετέρας
3416 3507 3627 3578 φύσεως
3654 3507 3759 3560 οὐκ.

2172 3609 2446 3678 ἀτιμάσας
2478 3606 2696 3677 νόμους,
2727 3605 2981 3675 καθάπερ
3014 3602 3114 3673 ἥδη
3151 3602 3433 3673 προεῖπον.

2255 3699 2473 3769 Ἐπειδὴ
2502 3698 2558 3752 δέ
2598 3715 2763 3768 φησιν
2802 3695 2998 3749 εἰδέναι
3037 3691 3339 3762 σεϐασμίαν
3373 3688 3562 3761 αὐτὴν,
3597 3688 3765 3759 δῆλον.

2172 3793 2229 3847 δὲ
2251 3794 2331 3847 ὅτι
2359 3792 2458 3859 τὴν
2488 3790 2647 3859 ἁγίαν
2679 3788 2978 3858 Παρθένον,
3008 3785 3142 3855 φέρε
3169 3783 3255 3853 δὴ,
3293 3782 3447 3854 φέρε,
3479 3779 3754 3851 καταθρή-

2176 3902 2356 3956 σωμεν
2396 3883 2493 3938 καὶ
2538 3883 2637 3953 τῆς
2668 3881 2755 3935 ἐπ’
2797 3880 2935 3949 αὐτῇ
2982 3875 3278 3946 γενομένης
3329 3872 3508 3937 αἰδοῦς
3551 3871 3752 3935 αἰτίας.

2178 3973 2332 4051 [Οἶδα
2357 3978 2487 4046 γὰρ,
2517 3974 2672 4045 φησι,
2709 3969 3014 4040 σεϐασμίαν
3053 3966 3244 4037 αὐτὴν,
3270 3966 3339 4019 δι’
3370 3960 3439 4037 ἦς
3477 3961 3757 4035 παρῆλθεν

2175 4071 2203 4123 6
2231 4069 2337 4124 τῶν
2363 4069 2499 4122 ὅλων
2527 4064 2825 4135 Δεσπότης,
2849 4063 2918 4117 δι’
2943 4056 3010 4133 ἧς
3041 4057 3355 4129 ἀνέλαμψεν
3374 4059 3402 4110 ὁ
3427 4057 3523 4127 τῆς
3554 4055 3759 4109 δικαιο-

2178 4162 2345 4233 σύνης
2376 4159 2609 4232 Ἥλιος]
2641 4160 2767 4222 Πῶς
2811 4156 2877 4229 δὴ
2919 4157 3027 4225 ἄρα
3070 4155 3175 4225 φὴς
3226 4149 3586 4221 ὑποδέχεσθαι
3627 4148 3760 4201 Θεὸν

2178 4254 2382 4321 αὐτήν;
2408 4251 2476 4303 Ἦ
2508 4251 2628 4303 τίνα
2655 4243 2900 4318 παρῆλθε
2926 4246 3126 4315 τρόπον
3152 4244 3219 4297 δι’
3243 4243 3413 4312 αὐτῆς
3438 4244 3465 4295 6
3490 4240 3599 4295 τῶν
3624 4240 3760 4293 ὅλων

2180 4342 2486 4408 Δεσπότης;
2514 4338 2546 4408 ἦ
2579 4338 2673 4391 καὶ
2701 4338 2850 4399 ὅπως
2881 4333 3192 4403 ἀνέλαμψεν
3224 4333 3252 4384 ὁ
3283 4334 3382 4403 τῆς
3414 4328 3760 4398 δικαιοσύνης

2183 4431 2404 4494 ⁶Ἢλιος;
2442 4431 2501 4482 Εἰ
2535 4427 2633 4497 μὲν
2664 4426 2771 4497 γὰρ
2796 4427 2855 4478 οὑ
2886 4424 3072 4477 τέτοκε
3102 4423 3254 4489 Θεὸν,
3282 4422 3341 4474 τὸ
3374 4420 3515 4474 κατά
3559 4421 3756 4490 σάρκα,

505 4519 671 4588 igitur
692 4525 903 4589 excepit
945 4524 1158 4579 Deum?
1200 4530 1467 4596 quomodo
1495 4546 1590 4600 per
1620 4531 1764 4584 illam
1802 4539 2063 4599 pertrans-

2183 4524 2347 4591 φημὶ,
2390 4520 2507 4583 πῶς
2552 4518 2769 4583 ἐδέξατο
2803 4518 2970 4586 Θεόν;
3009 4516 3127 4577 πῶς
3169 4514 3417 4585 παρῆλθε
3454 4512 3520 4565 δι’
3551 4513 3758 4581 αὺτῆςς

502 4611 599 4665 iit?
627 4613 730 4668 Sed
768 4614 1000 4670 fortasse
1041 4618 1188 4673 dices
1242 4621 1368 4676 illud
1417 4630 1567 4676 tuum
1627 4632 1682 4676 et
1732 4620 1949 4689 sapiens
1992 4636 2078 4675 re-

502 4716 782 4771 sponsum,
817 4715 874 4759 ut
907 4706 1022 4776 ipse
1079 4719 1258 4777 putas,
1307 4725 1371 4766 ac
1436 4712 1617 4768 dicere
1663 4725 1766 4765 non
1825 4712 2075 4765 vereris:

500 4790 672 4865 [Deus
693 4796 838 4849 enim
875 4807 992 4851 erat
1026 4799 1284 4866 Verbum,
1330 4812 1530 4856 etcum
1578 4800 1795 4867 nomine
1846 4802 2076 4871 conjun-

503 4896 677 4954 ctum,
706 4897 760 4941 et
798 4889 848 4942 in
899 4905 963 4943 eo
1024 4891 1319 4966 babitans.]
1369 4892 1475 4947 Sed
1532 4891 1656 4944 ﬁdei
1700 4891 1920 4947 traditio
1974 4894 2079 4950 tuis

506 4979 609 5033 liae
646 4980 711 5034 de
740 4996 800 5035 re
830 4983 1008 5039 verbis
1038 4995 1324 5067 repugnat;
1358 4983 1470 5037 Non
1496 4983 1640 5036 enim
1675 4981 1949 5038 Deiferum
1985 4986 2080 5039 bo-

506 5072 731 5136 minem,
763 5075 856 5126 sed
890 5074 1237 5129 humanatum
1274 5075 1438 5128 Deum
1480 5071 1707 5127 adorare
1753 5074 2077 5130 didicimus:

511 5170 567 5214 tu
598 5176 726 5215 vero
754 5162 912 5218 aliter
936 5164 1093 5219 dicis.
1124 5164 1329 5219 Deinde
1351 5163 1620 5231 quomodo
1654 5173 1704 5217 te
1736 5165 1928 5233 nugari
1973 5182 2079 5220 non

510 5253 771 5319 advertis,
804 5265 858 5309 et
883 5257 1189 5311 divinorum
1218 5258 1527 5324 dogmatum
1561 5256 1842 5310 veritatem
1869 5257 2079 5311 adulte-

486 5333 680 5399 “rare?
729 5345 864 5401 Nam
916 5345 1150 5402 Verbum
1192 5361 1319 5402 caro
1369 5345 1566 5400 factum
1616 5346 1789 5402 est“.
1829 5346 1948 5401 Jam
1989 5362 2085 5403 cur

585 5465 630 5495 δι
666 5463 823 5517 Joan.
857 5479 898 5528 ι,
936 5462 1022 5518 14.

2198 4613 2334 4665 Ἀλλ’
2364 4612 2491 4675 ἴσως
2523 4613 2666 4681 ἐρεῖς
2698 4609 2759 4663 τὸ
2787 4608 2877 4663 σὺν
2902 4608 2965 4678 δὴ
2993 4606 3149 4681 τοῦτο
3179 4608 3273 4660 καὶ
3317 4606 3498 4675 σοφὸν,
3529 4604 3603 4667 ὡς
3632 4603 3762 4672 γοῦν

2185 4703 2285 4757 οἴει
2315 4720 2378 4756 τε
2405 4703 2500 4756 καὶ
2529 4701 2707 4769 λέγειν
2738 4688 3079 4770 ἀποτολμᾷςῖ
3113 4697 3267 4771 [Θεὸς
3289 4697 3396 4769 γὰρ
3425 4692 3490 4768 ἦν
3516 4698 3543 4749 6
3569 4696 3759 4762 Λόγος,

2185 4797 2457 4868 ἀνθρώπῳ
2494 4813 2553 4849 τε
2589 4795 2951 4866 συνημμένος,
2995 4793 3089 4848 καὶ
3119 4792 3343 4846 ὲνοικῶν
3392 4786 3587 4860 αὐτῷ]
3622 4786 3761 4839 Ἀλλ’

2184 4893 2287 4965 ἥγε
2316 4890 2417 4961 τῆς
2455 4889 2690 4951 πίστεως
2722 4885 3019 4957 παράδοσις
3047 4886 3158 4947 τοῖς
3205 4885 3285 4947 είς
3313 4881 3472 4935 τοῦτο
3501 4882 3613 4943 σοῖς
3641 4879 3766 4932 ἀντι

2183 4982 2474 5040 αποδύεται
2499 4980 2677 5049 λόγοις
2699 4996 2713 5009 ·
2744 4980 2803 5033 οὐ
2844 4978 2952 5049 γὰρ
2981 4976 3239 5046 θεοφόρον
3294 4974 3604 5044 ἄνθρωπον,
3650 4968 3764 5022 ἀλλ’

2182 5073 2678 5145 ὲνανθρωπήσαντα
2708 5070 2840 5124 Θεὸν
2888 5070 3216 5141 προσκυνεῖν
3266 5061 3656 5133 δεδιδάγμεθα·
3702 5060 3765 5113 σὺ

2181 5164 2239 5217 δὲ
2269 5165 2367 5233 οὐχ
2410 5162 2553 5216 οὕτω
2585 5163 2711 5233 φής.
2738 5158 2874 5214 Εἶτα
2901 5160 3019 5222 πῶς
3061 5158 3162 5211 οὐκ
3188 5156 3418 5226 αἰσθάνῃ
3444 5152 3647 5223 ληρῶν,
3674 5149 3769 5203 καὶ

2183 5231 2287 5325 τὴν
2315 5231 2371 5308 ἐν
2401 5256 2513 5318 τοῖς
2541 5231 2704 5318 θείοις
2733 5252 2971 5323 δόγμασι
3005 5249 3459 5321 παραχαράττων
3475 5243 3764 5314 ἀλήθειανς

2192 5347 2388 5415 Γέγονε
2427 5346 2534 5418 γὰρ
2573 5345 2706 5415 σάρξ
2732 5345 2759 5397 6
2786 5344 2975 5412 Λόγος.
3014 5340 3154 5395 Ἀνθ’
3180 5341 3304 5394 ὅτου
3334 5338 3392 5391 δὲ
3422 5336 3486 5407 δὴ
3514 5336 3610 5391 καὶ
3636 5331 3769 5387 Θεὸν

1788 5570 1947 5626 ΑΝΤ.
1993 5571 2268 5629 AGELLII
2310 5573 2540 5632 NOTAE.

589 5717 668 5787 (ι)
701 5714 801 5769 Alii
853 5713 978 5787 libri
1016 5711 1309 5787 habebant,
1338 5711 1762 5784 παραιτοῦνται.
1812 5711 1918 5770 Sed
1958 5710 2090 5766 illud
2126 5713 2307 5770 verius
2374 5726 2494 5769 esse
2522 5708 2869 5768 manifestum
2928 5713 3009 5764 est
3042 5705 3187 5777 quod
3226 5710 3310 5762 est
3334 5703 3680 5773 impressum,
3713 5705 3769 5755 et

519 5782 1030 5844 cx‘correctioribus
1057 5782 1207 5840 libris
1233 5782 1533 5853 acceptum.
