4150 6426
452 406 543 462 2!}

1587 399 1957 457 ADVERSUS
1996 397 2400 454 NESTORIL‘M
2442 398 2570 454 LlB.
2614 401 2651 456 Ι.
3679 406 3752 458 3n

457 519 826 592 ὑποδέχεσθαι
855 521 964 592 φὴς
992 519 1181 592 αὐτὴν,
1207 518 1255 572 εί
1288 521 1363 589 μὴ
1395 520 1789 582 πεπίστευκας,
1817 520 1899 571 ὅτι
1925 518 2052 570 Θεὸν

2166 516 2332 571 Deum
2363 518 2430 572 ab
2462 518 2574 587 ipsa
2620 526 2934 588 susceptum
2976 521 3130 586 diets,
3171 536 3214 576 st
3265 522 3406 579 illam
3445 521 3608 573 Deum
3664 537 3751 575 se-

458 613 593 667 δντα
627 612 772 667 κατὰ
800 612 989 680 φύσιν,
1015 612 1269 665 ὲκτέτοκε
1295 612 1385 664 τὸν
1421 611 1807 683 Ἐμμανουήλ;
1842 610 1967 673 Πῶς
1996 610 2062 662 δι’

459 701 636 772 αὐτῆς
677 700 966 770 παρῆλθεν
1010 702 1039 754 ὁ
1068 701 1179 754 τῶν
1225 700 1362 754 ὅλων
1411 701 1722 768 Δεσπότης,
1768 701 1865 754 καὶ
1904 702 1933 754 6
1965 700 2061 769 τῆς

460 790 818 861 δικαιοσύνης
851 789 1173 860 ἀνέλαμψεν
1212 789 1402 860 ἧλιος;
1446 792 1542 843 καὶ⁹
1571 789 1696 842 τίνα
1736 792 1853 853 τοῖς
1880 789 2062 841 τοιού-

460 899 580 945 τοις
608 882 840 952 ὀνόμασι
871 880 1304 935 κατακαλλύνειν
1352 882 1557 947 eam;
1605 877 1714 951 ἄρα
1747 881 1926 934 κοινὸν
1962 880 2063 950 μὲν

460 971 778 1043 ἄνθρωπον,
806 972 882 1036 ὡς
910 974 1007 1027 ἕνα
1039 973 1150 1026 τῶν
1188 972 1313 1031 καθ’
1335 974 1505 1043 ἡμᾶς,
1539 973 1679 1044 πλὴν
1703 973 2059 1044 ἡγιασμένον,

464 1065 544 1129 ὡς
589 1064 800 1119 ἔνοικον
828 1065 1028 1136 ἔχοντα
1063 1066 1155 1119 τὸν
1182 1065 1278 1119 τοῦ
1304 1065 1445 1119 Θεοῦ
1486 1065 1691 1134 Λόγον;
1722 1060 1855 1119 Εἶτα
1885 1063 2000 1128 πῶς
2032 1065 2062 1117 6

464 1155 713 1221 τοιοῦτος
740 1158 849 1210 τῶν
891 1158 1029 1211 ὅλων
1057 1156 1211 1211 ἔσται
1240 1157 1536 1238 Δεσπότης,
1561 1158 1657 1210 καὶ
1681 1158 1710 1210 6
1733 1158 1831 1226 τῆς
1855 1157 2060 1210 δικαιο-

468 1246 641 1318 σύνης
677 1247 866 1319 ἦλιος;
909 1247 983 1301 T6
1013 1251 1124 1320 γὰρ
1152 1247 1436 1313 δεσπόζειν
1467 1264 1529 1301 τε
1565 1249 1660 1302 καὶ
1692 1250 1916 1319 κρατεῖν
1946 1247 2059 1303 τῶν

464 1339 611 1395 ὅλων
636 1339 924 1405 δύνασθαι,
947 1342 1042 1394 καὶ
1073 1340 1330 1410 φωτίζειν
1353 1339 1423 1393 τὰ
1457 1338 1646 1411 νοητὰ,
1675 1341 1878 1411 πρέποι
1900 1340 1966 1395 ἂν
1995 1341 2058 1394 οὐ

470 1431 699 1499 μέτροις
722 1431 835 1494 τοῖς
859 1430 978 1483 καθ’
1002 1431 1175 1501 ἡμᾶς,
1198 1431 1542 1485 ἁνακείσεται
1561 1431 1618 1484 δὲ
1644 1431 1781 1503 μόνῃ
1805 1434 1871 1504 τῇ
1897 1432 2060 1503 ὑπερ·

457 1519 636 1583 τάτω,
666 1520 764 1573 καὶ
796 1520 1061 1574 ἀνωτάτω
1090 1520 1272 1591 φύσει.
1422 1530 1433 1535 “

547 1611 771 1683 Ἐπειδὴ
807 1613 865 1666 δὲ
894 1612 976 1678 τὺ,
1012 1630 1031 1663 ι
1060 1611 1308 1683 Διῆλθεν,
1332 1630 1349 1663 ι
1387 1613 1526 1677 ὅλως
1555 1614 1654 1666 οὐκ
1685 1607 1781 1666 οἵδ’
1806 1613 1929 1667 ὅθεν
1959 1612 2057 1666 λα-

456 1701 598 1765 ϐὼν,
628 1702 882 1766 τέθεικας
926 1703 1019 1755 ἐπὶ
1052 1701 1212 1767 Θεοῦ,
1260 1702 1515 1771 διασάφει
1558 1702 1656 1774 τὴν
1696 1702 1875 1767 λέξιν⁸
1907 1702 1962 1755 τί
1993 1700 2056 1755 τὸ

454 1793 656 1863 χρῆμα
683 1792 787 1860 τῆς
816 1790 1003 1846 ἐνθάδε
1033 1790 1336 1862 λεγομένης
1373 1792 1570 1856 διόδου,
1607 1793 1707 1862 τῆς
1739 1795 1837 1862 σῆς
1870 1792 1956 1861 εἴη
1986 1790 2055 1845 ἂν

453 1883 662 1952 φρενὸς
700 1884 1029 1955 ἡγνοηκόσιν
1067 1885 1259 1938 εἰπεῖν.
1292 1884 1354 1936 Εἰ
1390 1886 1488 1954 μὲν
1519 1884 1628 1953 γὰρ
1667 1881 1810 1937 οὕτω
1839 1883 2056 1954 διῆλθεν

454 1975 688 2046 αὐτὴνό
716 1976 811 2030 τοῦ
845 1976 980 2029 Θεοῦ
1024 1976 1218 2045 Λόγος,
1254 1976 1333 2040 ὡς
1375 1978 1439 2029 ἐκ
1478 1976 1646 2029 τόπου
1686 1976 1824 2047 πρὸς
1869 1975 2057 2045 ἕτερον

460 2066 861 2138 μεταχωρῆσαι
887 2067 1071 2133 τόπον,
1094 2068 1321 2122 αὐτόθεν
1343 2067 1657 2138 καταδαλῇς
1673 2086 1686 2098 ·
1710 2067 1919 2138 ἀκούσῃ
1945 2068 2055 2140 γὰρ

455 2161 719 2229 λέγοντος
744 2159 910 2214 αὐτοῦ
937 2161 1024 2214 διὰ
1055 2161 1239 2231 φωνῆς
1271 2160 1379 2213 τῶν
1408 2161 1613 2228 ἀγίωψ
1650 2180 1668 2211 ι
1697 2161 1790 2231 Μὴ
1818 2160 1938 2229 οὐχὶ
1961 2160 2057 2213 τὸν

452 2251 694 2323 οὐρανὸν
729 2253 825 2305 καὶ
880 2251 979 2323 τὴν
1017 2252 1121 2323 γῆν
1165 2252 1275 2321 ὶγὼ
1318 2251 1532 2323 πληρῶ,
1577 2252 1726 2320 λέγει
1758 2252 1995 2322 Κύριος;
2030 2271 2048 2303 ι

452 2340 533 2395 Οὐ
574 2338 687 2410 γὰρ
724 2340 782 2393 ὲν
812 2340 964 2410 τόπῳ
993 2340 1055 2392 τὸ
1074 2339 1252 2406 Θεῖον,
1281 2342 1377 2395 καὶ
1411 2342 1774 2412 μεταστάσεις
1810 2342 1912 2394 οὐκ
1945 2336 2053 2394 οἶδε

452 2435 807 2503 σωματικάς·
835 2434 1035 2505 πληροῖ
1060 2434 1168 2505 γὰρ
1190 2435 1258 2489 τὰ
1288 2435 1495 2489 πάντα·
1524 2436 1573 2487 εί
1595 2433 1672 2497 δὲ,
1703 2435 1934 2506 ἐπείπερ
1961 2434 2053 2507 τὸν

452 2525 535 2596 τῷ
571 2524 717 2596 τόκῳ
751 2525 1033 2595 πρέποντα
1081 2526 1408 2597 περιμείνας
1455 2526 1668 2597 καιρὸν,
1703 2526 1960 2598 σχετικὴν
1993 2529 2052 2579 ἐν

450 2616 736 2689 ἀνθρώπῳ
762 2621 860 2688 τὴν
896 2618 1170 2696 ἐνοίκησιν
1206 2617 1793 2689 ἐποιήσατο,κδιελάσαι
1827 2619 1933 2689 φὴς
1959 2619 2051 2672 τὸν

448 2709 592 2763 Θεὸν
618 2710 722 2781 τῆς
754 2709 914 2778 ἁγίας
951 2710 1253 2782 Παρθένου,
1290 2711 1478 2782 ἧγουν,
1513 2710 1804 2781 παρελθεῖν
1841 2713 2012 2784 αὑτήν
2033 2729 2048 2743 ·

448 2802 804 2873 κεχρήσομαι
838 2801 950 2874 γὰρ
998 2804 1246 2873 πανταχῆ
1294 2805 1414 2867 ταῖς
1449 2804 1622 2873 ἱεραῖς
1669 2820 1763 2856 σου
1803 2806 2010 2873 φωναῖς
2033 2819 2047 2834 °

446 2896 611 2949 οὐδὲν
650 2896 760 2964 ἄρα
803 2896 865 2948 τὸ
913 2895 1169 2966 περιττὸν
1206 2898 1263 2949 ὲν
1306 2897 1374 2966 τῇ
1416 2896 1548 2966 ἁγία
1585 2895 1851 2967 Παρθένῳ
1896 2896 2050 2966 παρᾶ

448 2986 551 3049 τας
596 2987 769 3051 ἄλλας
799 2986 1040 3060 ὁρῶμεν.
1077 2987 1362 3041 Ἐκτέτοκε
1402 2987 1511 3057 γὰρ
1554 2990 1587 3057 ἠ
1628 2988 1911 3042 Ἐλισάϐετ
1960 2989 2051 3041 τὸν

449 3076 733 3148 μακάριον
764 3073 1075 3148 Βαπτιστὴν
1101 3078 1433 3147 ἡγιασμένον
1465 3077 1551 3130 διὰ
1580 3076 1673 3130 τοῦ
1708 3078 2043 3148 Πνεύματος,

444 3172 519 3225 δι’
545 3163 607 3223 οὗ
646 3171 967 3242 Πνεύματος
1011 3171 1105 3223 καὶ
1146 3170 1309 3234 αὐτὸς
1342 3173 1370 3223 6
1404 3170 1529 3233 Υἱὸς
1574 3171 1633 3221 ὲν
1666 3172 1799 3239 ἡμῖν
1830 3171 2046 3234 αύλξξε-
2076 3198 2116 3253 C

444 3280 565 3318 ται.
596 3264 708 3317 Καὶ
747 3265 1092 3336 μαρτυρήσει
1125 3263 1299 3337 λέγων
1326 3266 1353 3317 6
1380 3264 1541 3332 σοφὸς
1574 3263 1828 3334 Ἰωάννης
1850 3282 1863 3294 ·
1899 3283 1919 3314 ι
1962 3266 2049 3317 Ἐν

444 3356 630 3428 τούτῳ
680 3355 1048 3427 γινώσκομεν,
1090 3358 1171 3410 ὅτι
1223 3359 1280 3410 ἐν
1327 3359 1459 3427 ἡμῖν
1502 3359 1670 3419 ἐστιν,
1713 3357 1797 3410 ἔτι
1848 3359 1913 3409 ὲκ
1954 3358 2048 3411 τοῦ

447 3448 779 3517 Πνεύματος
828 3446 994 3499 αὐτοῦ
1046 3445 1246 3498 ἔδωκεν
1288 3447 1490 3515 ἡμῖν.»
1527 3444 1753 3513 Διῆλθεν
1802 3440 1896 3497 οὖν
1944 3444 2049 3513 ἄρα

444 3539 547 3591 καὶ
576 3538 752 3607 αὐτὴν
784 3536 885 3608 τὴν
927 3536 1208 3590 Ἑλισάὁετ
1248 3538 1277 3589 ὁ
1316 3537 1381 3589 ὲκ
1423 3534 1558 3588 Θεοῦ
1593 3536 1785 3603 Λόγος,
1817 3537 1911 3588 καὶ
1945 3536 2051 3605 πρὸ

443 3631 551 3699 τῆς
587 3629 901 3701 γεννήσεως
947 3627 1238 3699 ὲνῳκηκὼς
1272 3626 1351 3698 τῷ
1399 3625 1587 3699 βρέφει
1621 3627 1708 3680 διὰ
1749 3627 1839 3680 τοῦ
1879 3627 2049 3681 Πνεύ-

450 3738 652 3796 ματος.

535 3812 681 3865 Ἀλλ’
708 3809 1036 3873 ὑποπτεύεις
1076 3809 1167 3862 τὸν
1207 3808 1420 3880 κρότον,
1454 3809 1529 3872 ὡς
1569 3808 1705 3880 ὀρθά
1749 3826 1832 3861 σοι
1865 3808 2047 3861 λαλεῖν

442 3903 720 3977 ᾑρημένῳ
766 3901 953 3955 λοιπὸν
998 3899 1260 3968 γεγονότα
1310 3899 1458 3969 παρὰ
1500 3899 1667 3951 λαῶν.
1700 3899 1889 3951 Ἥλιον
1935 3898 2048 3969 γὰρ

439 3994 805 4064 δικαιοσύνης
834 3993 1156 4062 ὠνόμασας,
1209 3992 1302 4044 καὶ
1326 3990 1416 4044 τὸν
1447 3991 1585 4044 ὅλων
1612 3990 1910 4061 Δεσπότην,
1956 3990 2048 4044 τὸν

444 4091 516 4144 ἐκ
557 4090 663 4159 τῆς
712 4087 874 4156 ἁγίας
923 4084 1200 4157 Παρθένου
1246 4085 1667 4152 γεγεννημένον.
1714 4078 1844 4134 Εῐτα
1884 4082 2045 4134 πάλιν

442 4179 931 4252 ἀκριϐολογεῖσθαι
963 4180 1258 4248 προσποιῇ,
1285 4176 1498 4255 καὶτὸν
1526 4176 1719 4246 κρότον
1747 4176 1920 4246 αἰτιᾷ,
1951 4174 2046 4227 καὶ

443 4272 745 4342 χαίροντας
776 4269 870 4323 ἐπὶ
901 4268 986 4321 σοὶ
1019 4269 1252 4337 γράφεις
1286 4267 1467 4331 πάλιν,
1493 4265 1569 4332 ὡς
1601 4267 1662 4319 ού
1696 4265 2042 4335 νενοηκότας.

445 4364 517 4416 Ὠ
559 4362 766 4433 πολλῆς
801 4359 1005 4432 ἰσχύος,
1033 4360 1068 4430 ἥ
1102 4363 1218 4423 τοῖς
1255 4361 1370 4422 σοῖς
1404 4358 1580 4412 ἔνεστι
1609 4358 1819 4425 λόγοιςῑ
1851 4358 1912 4411 ού
1953 4358 2044 4427 γέ-

442 4472 619 4526 γονας
663 4452 971 4524 μελληστὴς
1012 4452 1093 4514 είς
1124 4467 1188 4519 γε
1227 4450 1289 4503 τδ
1326 4449 1527 4520 χρῆναι
1570 4451 1905 4502 καταλυπεῖν
1946 4450 2045 4502 αύ-

2167 607 2402 659 cuudum
2439 617 2690 660 naturam
2744 608 2920 676 ipsum
2969 610 3281 664 Emmanuel
3328 612 3604 680 peperisse
3642 625 3749 663 non

2168 697 2388 751 credis?
2414 699 2685 766 quomodo
2731 714 2825 767 per
2859 700 3002 753 illam
3034 703 3350 770 pertransiit
3381 703 3469 757 ille
3506 705 3747 756 omnium

2167 788 2448 856 Dominus,
2475 798 2529 842 et
2558 790 2636 844 sol
2669 790 2866 844 ell'ulsit
2885 791 3144 858 iustitiae?
3170 792 3338 859 Quem
3367 810 3495 848 vero
3522 795 3606 848 his
3629 807 3748 845 ver-

2166 876 2254 931 bis
2285 886 2336 931 te
2361 878 2621 933 decorare
2653 881 2860 949 putas?
2893 897 3019 935 num
3053 896 3394 937 communem
3447 884 3745 944 hominem,

2166 976 2224 1021 ut
2260 984 2425 1023 ununt
2456 969 2521 1024 de
2546 971 2715 1024 nostri
2749 971 3036 1035 similibus,
3072 972 3169 1027 sed
3212 981 3390 1026 tamen
3436 974 3748 1026 sanctiﬁca-

2166 1066 2300 1122 tunt,
2334 1070 2393 1113 ut
2428 1059 2479 1114 in
2510 1076 2618 1129 quo
2647 1061 2739 1115 Dei
2767 1060 2999 1115 Verbum
3050 1063 3425 1118 inhabitaret?
3461 1065 3567 1118 Sed
3611 1079 3745 1131 quo-

2164 1151 2324 1206 modo
2353 1152 2617 1221 ejusmodi
2649 1154 2813 1209 homo
2840 1170 3018 1207 rerum
3057 1155 3299 1209 omnium
3330 1156 3587 1211 Dominus
3617 1157 3741 1217 erit.

2161 1251 2215 1293 et
2242 1242 2320 1295 sol
2344 1240 2600 1309 iustitiae?
2627 1243 2761 1297 Nam
2799 1245 3067 1298 dominari
3098 1256 3153 1299 et
3190 1246 3458 1314 imperare
3491 1247 3746 1300 omnibus

2159 1342 2339 1398 posse,
2370 1340 2424 1385 et
2462 1346 2549 1385 res
2585 1347 2704 1401 quae
2739 1332 3111 1402 intelliguntur
3159 1334 3451 1397 illustrare,
3507 1351 3611 1389 non
3648 1352 3742 1389 no-

2160 1431 2287 1476 atra:
2314 1437 2579 1476 mensurae
2609 1433 2713 1490 est,
2742 1426 2836 1479 sed
2894 1426 2969 1479 illi
3022 1427 3122 1481 soli
3179 1427 3645 1485 excellentissima:
3690 1438 3744 1481 et

2159 1529 2425 1584 supremae
2458 1528 2665 1573 natura:
2689 1519 3058 1574 tribuendum.

2227 1606 2346 1661 Jam
2401 1609 2528 1677 quia
2582 1610 2806 1665 verbum
2845 1628 2864 1662 ι
2893 1612 3209 1679 pertransiit
3253 1630 3271 1662 ι
3315 1614 3590 1666 undenam
3650 1626 3743 1667 ac-

2159 1696 2392 1765 ceperis,
2417 1705 2470 1753 et
2493 1698 2560 1753 de
2582 1698 2691 1755 Deo
2713 1700 3022 1768 protuleris,
3040 1717 3261 1771 prorsus
3285 1703 3491 1772 ignoro,
3510 1703 3740 1771 explica.

2158 1789 2530 1857 qumso,bauc
2581 1789 2906 1857 diclionem,
2956 1794 3153 1862 quidve
3199 1794 3268 1847 sit
3320 1794 3405 1848 hic
3458 1796 3740 1858 transitus,

2160 1893 2318 1950 quem
2355 1881 2458 1935 hoc
2487 1880 2607 1936 loco
2653 1883 2858 1948 dixisti,
2888 1884 2990 1938 erit
3043 1886 3232 1954 tttique
3287 1895 3395 1947 tua:
3447 1886 3744 1956 prudentia:

2160 1972 2366 2040 ignaris
2399 1988 2692 2042 exponere.
2723 1974 2856 2028 Nam
2904 1976 2949 2029 si
2987 1977 3061 2029 ita
3102 1992 3198 2045 per
3233 1978 3378 2031 illam
3426 1978 3637 2030 transiit
3678 1978 3743 2031 il-

2159 2062 2247 2117 lud
2280 2062 2375 2117 Dei
2428 2061 2693 2129 Verbum,
2748 2074 2807 2119 ut
2853 2079 2920 2120 ex
2956 2065 3078 2121 loco
3119 2082 3226 2122 uno
3270 2069 3339 2122 ad
3402 2067 3631 2122 alterum
3683 2082 3742 2122 se

2161 2161 2505 2228 transferret,
2545 2162 2785 2217 indidem
2814 2162 3085 2229 dejicieris
3115 2179 3131 2216 :
3162 2179 3285 2216 nam
3318 2163 3456 2219 dicet
3506 2164 3601 2217 tibi
3645 2176 3743 2230 per

2157 2268 2343 2307 vorem
2368 2264 2719 2306 sanctorum:
2759 2270 2779 2303 ι
2829 2251 3017 2306 Nonne
3063 2252 3257 2308 caelum
3299 2262 3355 2306 et
3395 2263 3596 2307 terram
3641 2267 3743 2319 ego

2157 2342 2377 2412 impleo,
2408 2343 2541 2398 dicit
2568 2341 2831 2399 Dominus
2851 2342 2898 2374 δ’
2925 2345 2948 2396 '1'
2975 2362 2995 2395 ι
3033 2342 3217 2412 Neque
3242 2343 3388 2397 enim
3423 2353 3504 2398 est
3533 2343 3586 2396 in
3624 2344 3740 2397 loco

2157 2434 2459 2501 Divinitas;
2504 2444 2559 2490 et
2596 2449 2793 2506 expers
2840 2445 2923 2490 est
2968 2435 3219 2503 corporei
3260 2437 3550 2503 transitus;
3618 2451 3738 2489 nam

2157 2527 2343 2597 implet
2392 2528 2638 2584 omnia:
2715 2529 2803 2584 sin
2877 2540 3059 2584 autem
3132 2529 3261 2599 quia
3320 2526 3561 2583 debitum
3623 2542 3741 2596 par-

2159 2619 2232 2673 tui
2290 2627 2501 2689 tempus
2567 2618 2917 2689 perl'erendo,
2984 2618 3087 2690 13
3168 2618 3448 2673 relativam
3520 2619 3574 2671 in
3645 2618 3742 2672 lto-

2156 2715 2300 2767 mine
2349 2712 2738 2768 habitationem
2811 2713 3073 2783 incoluit,
3124 2712 3244 2766 ideo
3306 2711 3474 2766 Deum
3538 2711 3740 2764 asseris

2155 2816 2464 2870 permeasse
2535 2817 2635 2872 per
2698 2812 2944 2856 sanctam
3011 2802 3287 2869 Virginem
3350 2802 3518 2871 (utar
3593 2801 3737 2852 enim

2157 2890 2356 2959 ubique
2414 2892 2523 2945 tuis
2575 2892 2747 2947 sacris
2794 2892 3078 2961 vocibus),
3127 2890 3263 2945 nihil
3308 2905 3440 2958 ergo
3468 2882 3737 2945 eximium

2155 2982 2206 3034 in
2239 2994 2427 3037 sancta
2457 2982 2680 3052 Virgine
2724 2992 2922 3052 praeter
2972 2996 3203 3037 caeteras
3244 2984 3509 3036 videmus.
3569 2980 3735 3048 Pepeo

2153 3074 2220 3126 rit
2255 3075 2398 3128 enim
2420 3074 2698 3129 Elisaheth
2732 3076 2948 3131 beatum
2978 3074 3274 3143 Baptistam
3308 3073 3543 3142 Spiritus
3572 3087 3737 3140 opera

2153 3163 2571 3229 sanctiﬁcatum,
2621 3179 2717 3234 per
2765 3179 2923 3234 quem
2960 3164 3222 3233 Spiritum
3272 3164 3437 3218 etiam
3474 3163 3591 3232 ipse
3652 3159 3738 3214 Fi-

2155 3258 2258 3311 lius
2286 3257 2338 3310 in
2376 3258 2531 3312 nobis
2573 3259 2801 3324 habitat,
2835 3259 2998 3328 idque
3057 3258 3247 3312 beatus
3295 3255 3532 3311 Joannes
3568 3264 3735 3309 testa-

2154 3360 2261 3417 tur,
2288 3351 2521 3406 dicens:
2566 3370 2586 3403 ι
2622 3351 2676 3405 In
2726 3353 2826 3406 hoc
2865 3354 3247 3419 cognoscimus
3290 3351 3432 3421 quod
3484 3352 3535 3405 in
3586 3351 3739 3406 nobis

2152 3455 2255 3508 est,
2289 3443 2417 3512 quia
2451 3443 2519 3498 de
2542 3441 2746 3511 Spiritu
2785 3459 2884 3497 suo
2925 3445 3071 3497 dedit
3102 3444 3256 3498 nobis
3282 3442 3349 3498 ⁸³.
3384 3462 3402 3493 ι
3439 3443 3732 3496 Pertrans-

2154 3534 2214 3589 iit
2244 3535 2404 3605 igitur
2461 3535 2626 3589 etiam
2662 3550 2760 3605 per
2791 3535 3068 3591 Elisabetb
3115 3537 3287 3605 ipsum
3334 3537 3423 3589 Dei
3475 3534 3735 3598 Verbum,

2152 3638 2289 3680 cum‘
2317 3628 2481 3680 etiam
2528 3637 2655 3681 ante
2702 3628 2848 3683 illius
2882 3628 3223 3682 nativitatem
3280 3629 3331 3683 in
3391 3628 3599 3681 infante
3643 3642 3741 3697 per

2153 3719 2418 3787 Spiritum
2450 3718 2790 3775 itthabitarit.

2222 3809 2329 3864 Sed
2353 3818 2662 3877 suspectum
2701 3810 2869 3865 habes
2909 3809 3155 3881 plausum
3212 3809 3330 3873 tibi,
3383 3819 3441 3863 ut
3480 3810 3571 3880 qui
3622 3809 3737 3880 jam

2153 3910 2300 3955 recte
2327 3900 2474 3971 loqui
2511 3915 2776 3968 coeperas,
2826 3916 2855 3955 a
2885 3901 3085 3971 popqu
3120 3901 3345 3955 factum.
3387 3900 3522 3954 Nam
3566 3901 3736 3956 solem

2144 3999 2387 4069 juslilim.
2428 4008 2483 4053 et
2512 3999 2756 4053 omnium
2792 3997 3081 4052 Dominum
3125 3999 3428 4068 appellaras
3476 3998 3623 4051 illum
3669 4012 3737 4052 ex

2150 4099 2337 4145 sancta
2374 4088 2599 4160 Virgine
2635 4099 2844 4144 natum.
2888 4089 3020 4145 Inde
3061 4106 3251 4145 rursus
3282 4089 3533 4144 subtilius
3576 4102 3738 4159 agere

2150 4183 2401 4248 simulas,
2452 4191 2507 4235 et
2561 4183 2806 4252 plausum
2846 4183 3229 4253 reprehendis.
3282 4192 3337 4237 et
3375 4182 3625 4236 homines
3661 4179 3736 4234 tui

2148 4288 2317 4327 causa
2353 4273 2504 4327 laetos
2537 4274 2715 4328 denuo
2746 4283 2805 4327 ut
2836 4290 3025 4343 parum
3072 4274 3437 4344 intelligentes
3487 4286 3735 4328 accusas.

2150 4366 2195 4423 Ο
2229 4382 2480 4432 magnam
2509 4367 2583 4419 tui
2615 4368 2885 4421 sermonis
2917 4367 3250 4435 potentiam!
3298 4364 3414 4419 Non
3453 4365 3560 4418 illis
3588 4374 3737 4417 certe

2152 4472 2439 4514 maerorem
2498 4457 2723 4525 injicere
2771 4458 3054 4524 distulisti,
3095 4459 3149 4513 in
3192 4458 3394 4513 luctum
3432 4457 3578 4511 illico
3618 4471 3739 4509 ver-

443 4549 601 4609 τοὺς,
627 4545 895 4617 ἑστρεψας
928 4543 1089 4606 εὐθὺς
1115 4544 1195 4605 εἰς
1237 4541 1432 4605 πένθρς
1465 4540 1563 4610 τὴν
1597 4541 1794 4611 χαρὰν,
1823 4540 2044 4613 διέρρη-

2155 4552 2263 4606 tisti
2294 4551 2573 4621 gaudium,
2615 4550 2930 4604 conscidisti
2968 4551 3209 4606 lzetitiam
3231 4590 3248 4615 ,
3279 4560 3335 4604 et
3367 4549 3651 4604 accinxisti
3683 4558 3738 4603 te

446 4636 553 4703 ξας
596 4636 697 4707 τὴν
727 4633 1085 4704 εὐφροσύνην,
1131 4633 1228 4686 καὶ
1257 4632 1519 4697 διέζωσας
1562 4631 1783 4697 σάκκον,
1830 4634 2044 4701 ἐπαγα-

443 4727 567 4797 γὼν
606 4725 773 4789 εὐθὺς
797 4721 951 4779 εἶτα*
980 4723 1175 4795 [Πάλιν
1212 4720 1506 4776 ὑποπτεύω
1541 4722 1635 4775 τὸν
1672 4721 1886 4793 κρότον,
1924 4722 2045 4785 πῶς

438 4817 527 4881 τὸ,
564 4814 872 4885 Παρῆλθεν,
914 4813 1209 4885 ἑνοήσατες
1241 4812 1357 4866 Οὐκ
1393 4811 1609 4883 εἴρηταί
1644 4829 1733 4881 μοι
1765 4811 1843 4878 τὸ,
1890 4813 2042 4883 Παρ-

438 4910 632 4982 ἧλθεν,
656 4908 777 4961 ἀντὶ
802 4906 919 4969 τοῦ,
945 4905 1239 4975 Ἐγεννήθη
1263 4923 1274 4937 ·
1302 4906 1362 4958 ού
1387 4904 1497 4974 γὰρ
1522 4903 1667 4958 οὕτω
1696 4906 1907 4975 ταχέως
1931 4907 2047 4959 ὲπι-

436 5002 790 5071 λανθανομαι
817 5001 926 5055 τῶν
960 4999 1125 5053 ἰδίων.
1149 4998 1223 5051 Τὸ
1253 4997 1542 5068 παρελθεῖν
1570 4996 1661 5051 τὸν
1691 4998 1824 5050 Θεὸν
1851 4999 1916 5051 ὲκ
1944 4998 2044 5067 τῆς

434 5096 819 5169 Χριστοτόκου
876 5091 1181 5163 Παρθένου,
1217 5091 1369 5162 παρὰ
1417 5091 1517 5161 τῆς
1556 5089 1708 5153 θείας
1757 5090 2042 5160 ἐδιδάχθην

436 5184 682 5259 Γραφῆς
702 5203 714 5215 ·
759 5183 819 5237 τὸ
842 5183 902 5236 δὲ
944 5182 1280 5253 γεννηθῆναι
1311 5180 1445 5235 Θεὸν
1478 5180 1539 5245 ἐξ
1579 5181 1770 5251 αὐτῆς,
1802 5180 2041 5252 οὐδαμοῦ

436 5273 785 5347 ἐδιδάχθην]
813 5272 1028 5327 Οὐκοῦν
1052 5272 1121 5325 σὰ
1159 5273 1257 5343 μὲν
1280 5268 1419 5325 εἶναι
1448 5273 1631 5325 ἐκεῖνα
1655 5272 1726 5325 τὰ
1757 5272 2045 5344 διεστραμ-

443 5369 589 5440 μένα
622 5382 637 5396 '
699 5366 782 5436 τῷ
844 5380 908 5433 γε
980 5362 1087 5434 μὴν
1130 5364 1185 5416 ὲν
1257 5362 1517 5432 ὑποψίαις
1578 5361 1871 5433 ὀρθότητος
1948 5362 2041 5415 τὸν

437 5461 537 5512 σῦν
571 5455 910 5529 γεγενῆσθαι
940 5454 1087 5518 νοῦν,
1113 5455 1142 5506 ὁ
1183 5451 1241 5516 ἐξ
1284 5453 1507 5522 ἀγάπης
1542 5455 1753 5525 κρότος.

525 5551 897 5622 Ἐνστήσομαι
916 5547 976 5601 δὲ
999 5548 1092 5600 καὶ
1118 5544 1214 5598 νῦν
1240 5544 1392 5599 οὐδὲν
1416 5540 1599 5617 ἦττον,
1621 5549 1798 5601 ἐκεῖνο
1834 5547 2006 5617 λέγων
2021 5566 2037 5580 ο

436 5644 505 5699 Τί
530 5644 609 5710 τὸ,
629 5639 951 5713 Παρῆλθεν,
970 5639 1139 5703 ἐστὶν,
1158 5640 1207 5692 εί
1229 5638 1304 5710 μὴ
1322 5638 1474 5708 δηλοῖ
1485 5639 1584 5711 τὴν
1599 5639 1874 5715 γέννησιν;
1893 5637 2041 5711 'Apa

2145 4638 2304 4697 saeco
2338 4641 2407 4705 “,
2451 4656 2571 4695 cum
2616 4655 2741 4694 mox
2784 4641 3037 4695 addidisti
3076 4659 3089 4694 :
3127 4640 3385 4712 [Rursum
3423 4648 3733 4707 suspectum

2147 4734 2321 4788 habeo
2352 4733 2617 4800 plausum.
2654 4732 2935 4796 Quomodo
2989 4733 3212 4785 verbum
3260 4731 3411 4794 illud,
3457 4740 3737 4801 pertrans-

2147 4826 2242 4888 iit,
2300 4822 2691 4878 intellexistis?
2740 4820 2858 4875 Non
2912 4822 3048 4888 dixi,
3113 4824 3460 4891 pertransiit,
3527 4836 3624 4891 pro
3669 4837 3736 4876 eo

2147 4918 2291 4988 quod
2331 4923 2434 4981 est,
2481 4915 2696 4985 genitus
2731 4921 2858 4969 est:
2902 4929 3007 4968 non
3064 4915 3210 4968 enim
3266 4916 3341 4969 ita
3388 4914 3545 4968 facile
3601 4929 3734 4969 mea:

2151 5007 2432 5063 sententia:
2459 5005 2776 5059 obliviscor.
2816 5003 3184 5060 Pertransisse
3225 5007 3390 5060 Deum
3427 5020 3491 5060 ex
3531 5005 3734 5060 Christi

2151 5098 2414 5167 genitriee
2458 5093 2626 5149 Maria
2671 5095 2833 5149 didici
2888 5109 2952 5150 ex
3009 5096 3181 5150 sacris
3216 5095 3474 5161 Litteris;
3521 5111 3588 5149 ex
3620 5095 3732 5163 ipsa

2150 5188 2388 5256 genitum
2423 5201 2689 5256 nusquam
2729 5186 2952 5259 didici.]
2998 5188 3140 5257 Ergo
3184 5200 3273 5241 tua
3311 5174 3433 5243 esse
3472 5189 3558 5241 illa
3607 5202 3733 5256 per-

2151 5292 2304 5331 verse
2330 5277 2473 5331 dicta
2510 5286 2718 5331 certum
2752 5286 2839 5331 est
2876 5292 2891 5327 ε
2927 5292 2992 5331 ex
3019 5294 3085 5333 eo
3119 5286 3297 5332 autem
3334 5277 3475 5347 quod
3509 5286 3564 5330 te
3590 5287 3737 5330 recte

2151 5368 2354 5423 sentire
2382 5367 2615 5437 coepisse
2646 5368 3109 5439 suspicabantur,
3140 5368 3229 5431 ille
3256 5368 3470 5422 exstitit.
3502 5380 3567 5421 ex
3600 5367 3734 5420 eba-

2152 5462 2318 5515 ritate
2351 5461 2595 5530 plausus.

2222 5551 2329 5608 Sed
2380 5553 2598 5608 inatabo
2655 5567 2801 5609 nunc
2845 5569 3063 5625 quoque
3117 5553 3493 5619 nihilominus,
3530 5567 3594 5609 ac
3649 5567 3736 5608 ro—

2149 5641 2327 5712 gabo:
2386 5641 2653 5707 Quidnam
2685 5652 2790 5708 est,
2851 5646 3179 5712 pertransiit.
3225 5645 3272 5701 si
3321 5645 3729 5716 generationem

511 5827 555 5856 δ’
585 5825 794 5903 Jerem:
838 5839 998 5891 χχιιι,
1034 5826 1125 5879 21.
1204 5824 1248 5858 ⁸³
1279 5825 1296 5880 l
1327 5824 1481 5883 Joan.
1519 5840 1594 5895 tv,
1630 5825 1716 5880 l3.
1796 5822 1840 5857 “
1876 5821 2021 5881 Psal.

2155 5840 2203 5893 x,
2235 5824 2324 5890 ιιι,
2368 5824 2452 5879 ιδ.
