4150 6436
473 379 541 435 εί
1463 396 1520 451 S.
1564 393 1837 451 CYRILLI
1881 393 2348 452 ALEXANDRINI
2389 392 2708 451 ARCIHEP.
3670 402 3740 468 ‘52

481 519 587 555 non
625 504 930 574 signiﬁcat?
963 506 1098 563 Num
1145 510 1386 566 dicturus
1429 529 1486 568 es
1531 515 1702 584 ipsum
1746 531 1839 584 per
1875 531 1932 569 se
1964 517 2037 569 De

2161 511 2268 581 γὰρ
2299 515 2464 582 ἐρεῖς,
2505 513 2581 576 ὡς
2614 514 2775 577 αὐτὸς
2809 513 2930 569 καθ’
2958 515 3174 577 ἑαυτὸν,
3206 514 3300 568 καὶ
3335 515 3458 586 δίχα
3486 517 3686 588 σαρκδς
3713 521 3740 571 6

482 592 714 650 Verbum
752 598 867 651 sine
898 614 1062 655 carne
1095 605 1462 671 pertransisse
1496 623 1591 675 per
1625 606 1936 676 Virginem?
1961 607 2057 660 At-

479 683 572 750 qui
602 686 872 752 quomodo
899 689 1011 742 haec
1039 693 1198 744 verba
1228 709 1331 746 non
1369 711 1594 750 summa:
1628 697 1870 750 stultitia:
1901 697 2053 765 plena

479 776 628 831 sint?
651 778 745 832 Vel
779 781 922 835 enim
957 784 1009 836 in
1037 787 1393 854 quantitatem
1420 803 1541 844 esse
1571 800 1880 843 concretam
1919 789 2056 842 divi-
2089 845 2092 848 .

479 868 701 922 nitatem
768 873 1068 944 inlellignre
1114 893 1334 932 necesse
1385 890 1506 945 est,
1561 891 1614 934 et
1651 887 1848 934 motam
1901 889 1958 934 ut
1989 881 2056 934 de

477 956 597 1010 loco
635 960 684 1011 in
716 961 890 1015 locum
927 966 1351 1034 transferretur;
1387 970 1467 1024 vel
1511 971 1637 1039 quia
1681 980 1764 1025 est
1807 972 2055 1040 inc0rpo-

476 1063 590 1109 rea.
626 1061 679 1104 et
713 1053 821 1107 late
849 1067 900 1108 et
933 1057 1132 1126 ubique
1159 1059 1272 1112 fusa
1294 1099 1307 1122 ,
1349 1076 1520 1130 neque
1554 1062 1670 1115 loco
1698 1063 2054 1131 terminisque

477 1142 979 1211 circumscribitur,
1033 1166 1264 1218 quonatn
1311 1155 1468 1206 modo
1516 1169 1612 1223 per
1648 1171 1809 1208 unum
1857 1171 2053 1223 corpus

477 1236 712 1290 transire
738 1240 980 1304 poterit?
1019 1240 1124 1295 Sed
1157 1252 1427 1312 utcunque
1471 1247 1543 1300 sit
1575 1248 1713 1316 quod
1754 1263 1782 1301 a
1821 1257 1872 1300 te
1920 1249 2054 1302 dici-

477 1334 582 1385 tur.
617 1343 716 1381 cur
759 1345 861 1383 non
903 1333 1158 1400 explicari
1203 1345 1462 1403 oportuit,
1507 1346 1560 1391 et
1602 1337 1800 1394 clarius
1833 1339 1960 1404 dici,
2007 1341 2050 1394 si

476 1423 580 1467 tua:
611 1418 675 1470 de
711 1420 810 1472 bac
855 1437 911 1473 re
945 1425 1230 1478 sententiae
1273 1426 1476 1493 fidens,
1517 1428 1582 1483 de
1626 1428 1742 1497 ejus
1785 1431 2053 1498 probitate

473 1505 668 1561 docere
700 1510 1037 1577 potes?Jam
1086 1531 1216 1570 vero
1271 1519 1488 1572 ubinam
1546 1521 1740 1574 audisti
1793 1522 2051 1578 divinitus

476 1596 765 1666 ins-piratas
795 1603 1029 1660 Litteras
1058 1609 1258 1676 dicere,
1290 1610 1380 1664 Dei
1410 1610 1642 1665 Verbum
1679 1629 1775 1684 per
1805 1627 2047 1670 sanctam

477 1689 581 1760 14
619 1691 887 1762 Virginem
924 1702 1320 1766 pertransisse?
1367 1701 1499 1756 Nam
1537 1704 1754 1759 brevem
1791 1722 1912 1761 esse
1955 1709 2049 1760 ho-

471 1783 675 1836 minum
722 1787 813 1855 qui
867 1790 1066 1858 degunt
1113 1792 1162 1846 in
1216 1795 1379 1849 terris
1413 1795 1598 1860 vitam,
1636 1798 1820 1851 docuit
1861 1800 2048 1852 beatus

2159 606 2220 657 ἐκ
2241 605 2374 658 Θεοῦ
2396 606 2564 673 Λόγος
2587 606 2807 677 διήλασε
2838 609 2936 679 τῆς
2965 609 3244 680 Παρθένου
3267 627 3280 673 ;
3308 609 3501 662 Καίτοι
3534 609 3651 673 πῶς
3678 612 3740 664 οὐ

2156 699 2255 761 τῆς
2292 699 2520 752 ἁπασῶν
2550 699 2879 770 ἁὸελτηρῖας
2909 701 3159 770 ἔμπλεως
3193 702 3274 770 εἴη
3308 701 3372 754 ἂν
3404 701 3434 753 6
3462 701 3620 769 λόγος
3646 703 3742 754 αὑ-

2157 789 2268 860 τῷς
2302 793 2370 844 Ἢ
2400 790 2508 861 γὰρ
2539 791 2888 845 πεποσῶσθαι
2921 793 2980 845 τὸ
3017 793 3170 845 Θεῖον
3202 793 3418 864 ἀνάγκη
3447 795 3606 857 νοεῖν,
3647 791 3741 846 καὶ

2159 882 2428 936 ποιεῖσθαι
2476 884 2691 953 κίνησιν
2721 883 2816 954 τὴν
2860 886 2923 936 ὲκ
2961 884 3130 936 τόπου
3177 883 3313 953 πρὸς
3357 884 3521 938 τόπον
3549 885 3740 954 ἕτερον

2161 973 2584 1041 μεταστατικήν·
2613 971 2668 1041 ἢ,
2695 974 2851 1041 εἴπερ
2877 972 2994 1023 ἐστὶ
3014 971 3074 1022 τὸ
3095 970 3250 1024 Θεῖον
3271 969 3582 1040 ἀσώματον,
3605 971 3749 1041 εὐρὺ.

2154 1064 2229 1127 δὲ,
2259 1066 2350 1117 καὶ
2391 1063 2691 1132 πανταχοῦ,
2723 1064 2818 1116 καὶ
2843 1064 2941 1116 οὐκ
2974 1065 3032 1114 ὲν
3061 1062 3232 1132 τόπῳ,
3263 1063 3358 1115 καὶ⁵
3393 1064 3733 1132 περιγραφῇ,

2157 1155 2273 1216 πῶς
2318 1155 2381 1208 ἂν
2411 1155 2477 1206 δι’
2517 1155 2637 1217 ὲνδς
2686 1154 2944 1226 παρέλθοι
2978 1153 3260 1223 σώματοςς
3297 1153 3435 1205 ’Δλλ’
3464 1154 3491 1206 ὃ
3519 1146 3570 1206 τί
3606 1153 3736 1204 ποτέ

2155 1247 2301 1300 ἐστιν
2333 1246 2360 1298 ὃ
2389 1247 2514 1317 φὴς,
2561 1247 2678 1308 πῶς
2710 1247 2809 1298 οὐκ
2842 1246 2947 1298 ἔδει
2988 1245 3330 1314 διατρανοῦν,
3372 1247 3468 1299 καὶ
3509 1245 3737 1316 ἐναργέ-

2156 1355 2346 1409 στερον
2372 1339 2566 1399 εἰπεῖν,
2596 1339 2642 1390 εί
2672 1339 2791 1400 ταῖς
2824 1334 3022 1389 σαυτοῦ
3058 1336 3184 1406 περὶ
3214 1333 3406 1387 τούτου
3439 1334 3619 1399 δόξαις
3647 1351 3736 1388 τε·

2155 1429 2476 1500 θαρσηκὼς,
2527 1432 2824 1501 μαρτυρεῖν
2868 1429 3013 1498 ἔχεις
3060 1430 3252 1490 αὑταῖς
3295 1428 3356 1480 τὸ
3393 1426 3732 1498 ἀμώμητονς

2155 1519 2262 1573 Ποῦ
2293 1520 2347 1572 δὲ
2379 1520 2440 1590 δὴ
2482 1521 2574 1572 καὶ
2621 1520 2860 1589 ἀκήκοας
2899 1520 2999 1589 τῆς
3053 1518 3414 1572 θεοπνεύστου
3467 1517 3752 1589 λεγούσης-

2154 1607 2395 1676 Γραφῆς,
2417 1609 2497 1660 ὅτι
2526 1607 2800 1678 παρῆλθεν
2822 1611 2850 1661 6
2875 1607 2966 1662 τοῦ
2990 1607 3124 1662 Θεοῦ
3144 1609 3316 1677 Λόγος
3339 1609 3425 1662 διὰ
3450 1609 3548 1679 τῆς
3573 1609 3734 1676 ἁγίας

2153 1697 2430 1768 Παρθένου
2453 1715 2467 1762 ;
2491 1699 2612 1751 Ὅτι
2648 1699 2745 1768 μὲν
2781 1699 2889 1768 γὰρ
2919 1699 3144 1769 βραχὺς,
3173 1700 3268 1754 καὶ
3299 1699 3748 1769 συνεσταλμένος

2152 1788 2258 1842 τῶν
2300 1791 2390 1842 ἐπὶ
2433 1791 2535 1860 γῆς
2579 1793 2607 1843 6
2637 1790 2768 1858 βίος,
2802 1791 3034 1857 ἐδίδαξεν
3061 1795 3090 1846 6
3128 1794 3398 1863 μακάριος
3433 1793 3617 1852 Δαϐὶδ.
3649 1793 3736 1845 λέ-

469 1870 667 1940 David,
719 1879 952 1936 dicens:
1016 1903 1033 1934 ‹
1065 1882 1262 1946 ΙΙοιηο.
1321 1886 1462 1941 sicut
1511 1886 1690 1941 fenum
1739 1889 1852 1944 dies
1893 1892 2037 1959 ejus;

2149 1895 2292 1948 γων·
2333 1900 2349 1930 ι
2383 1882 2722 1952 Ἀνθρωπος,
2759 1882 2890 1934 ὡσεὶ
2932 1884 3122 1955 χόρτος
3173 1886 3226 1937 αἱ
3262 1884 3480 1954 ἡμέραι
3522 1883 3688 1937 αὑτοῦ
3714 1899 3730 1914 ·

471 1971 729 2034 tanquam
772 1967 870 2022 ﬂos
917 1973 1052 2038 agri,
1085 1973 1162 2028 sic
1193 1975 1479 2043 cﬂlorebit,
1517 1979 1774 2046 quoniam
1821 1981 2042 2049 spiritus

471 2059 823 2121 pertransivit
851 2063 901 2114 in
935 2062 1042 2125 illo,
1075 2073 1129 2117 et
1153 2081 1254 2120 non
1280 2067 1538 2122 subsistet
1571 2069 1638 2124 “.
1671 2089 1689 2121 ι
1725 2071 1794 2124 At
1825 2087 1952 2126 vero
1978 2075 2044 2128 de

466 2157 653 2202 sancta
685 2147 902 2217 Virgine
933 2155 1059 2222 quid
1100 2156 1362 2224 ejusmodi
1403 2161 1666 2230 scriptum
1715 2163 1882 2218 babes
1919 2180 2044 2234 pro-

465 2237 648 2292 ferre?
671 2243 829 2310 Atqui
857 2243 1021 2298 Deum
1053 2260 1115 2300 ex
1155 2248 1264 2316 ipsa
1291 2249 1554 2316 genitum,
1590 2255 1888 2308 secundum
1921 2272 2042 2310 car-

466 2345 586 2382 nem
619 2332 856 2400 inquam,
894 2338 1106 2391 tandem
1145 2355 1312 2394 sacra:
1345 2339 1563 2398 Littera:
1596 2348 1874 2414 perspicue
1900 2348 2040 2404 indi-

465 2435 680 2480 carunt.
718 2425 896 2482 Redeo
929 2429 1093 2499 igitur
1122 2433 1300 2490 denuo
1324 2438 1390 2490 ad
1433 2448 1542 2506 tua,
1587 2439 1670 2492 vir
1704 2444 2044 2508 praestantis-

466 2515 634 2579 sime,
681 2520 861 2572 verba.
909 2521 965 2576 Id
997 2526 1140 2578 enim
1175 2527 1287 2596 ipse
1322 2544 1536 2599 quoque
1573 2532 1874 2602 smpissime
1905 2550 2038 2589 con-

464 2605 640 2662 fessus
668 2625 746 2677 es,
783 2609 1012 2668 Verbum
1046 2632 1169 2673 esse
1200 2636 1418 2675 carnem
1449 2621 1670 2691 factum,
1705 2641 1879 2696 mque
1917 2641 2036 2683 eam

463 2713 651 2752 vocem
687 2701 1026 2768 rejiciendam
1062 2711 1296 2777 putasti;
1325 2721 1381 2766 et
1416 2712 1542 2767 illud
1578 2725 1858 2784 prteterea,
1893 2720 2036 2788 quod

464 2789 735 2861 Unigeniti
790 2798 1124 2854 divinitatem
1181 2815 1367 2872 aperte
1431 2820 1494 2858 ac
1537 2807 1710 2874 palam
1763 2810 2034 2866 hominem

461 2881 659 2938 factam
692 2886 898 2955 dixisti,
922 2906 1042 2945 cum
1073 2892 1175 2947 hoc
1206 2895 1363 2949 modo
1390 2897 1677 2967 scripseris
1711 2917 1725 2954 :

528 3061 767 3119 Nss-ron.
805 3064 903 3137 [Ita
944 3075 997 3121 et
1029 3067 1156 3122 alibi
1196 3070 1364 3127 dicit:
1404 3091 1423 3124 ‹
1474 3072 1710 3128 Locutus
1754 3085 1838 3130 est
1880 3078 2034 3133 nobis

457 3155 510 3210 in
539 3155 692 3218 Filio,
723 3173 881 3226 quem
909 3160 1188 3214 constituit
1215 3161 1480 3218 haeredem
1516 3167 1915 3234 universorum,
1939 3185 2035 3238 per

2152 1972 2284 2024 ὡσεὶ
2314 1972 2471 2036 ἄνθος
2503 1973 2597 2026 τοῦ
2624 1974 2820 2046 ἀγροῦ,
2849 1974 3020 2038 οὓτως
3054 1975 3369 2044 ὲξανθήσει·
3402 1977 3485 2029 ὅτι
3515 1975 3744 2046 πνεῦμα.

2149 2061 2359 2132 διῆλθεν
2383 2064 2440 2116 ἐν
2466 2064 2636 2134 αὐτῷ,
2662 2067 2755 2117 καὶ
2779 2066 2877 2134 οὐχ
2899 2063 3148 2137 ὑπάρξει.
3178 2085 3196 2117 ι
3220 2066 3355 2136 Περὶ
3374 2065 3428 2117 δὲ
3451 2069 3549 2136 τῆς
3571 2066 3732 2131 ἁγίας

2151 2153 2428 2222 Παρθένου
2477 2154 2529 2207 τί
2580 2155 2823 2209 τοιοῦτον
2885 2156 3029 2225 ἔχεις
3081 2157 3470 2227 γεγραμμένον
3514 2159 3730 2220 εἰπεῖνς

2152 2243 2274 2296 Ὅτι
2305 2245 2362 2297 δὲ
2401 2245 2720 2317 γεγέννηται
2761 2247 2892 2310 Θεὸς
2939 2249 2998 2313 ἐξ
3032 2248 3230 2319 αὐτῆς,
3261 2249 3323 2300 τὸ
3357 2248 3497 2300 κατὰ
3529 2248 3744 2318 σάρκα,

2150 2338 2314 2406 φημὶ,
2337 2338 2743 2408 διαμεμήνυκεν
2771 2341 3018 2409 ἐναργῶς
3049 2343 3082 2410 ή
3116 2340 3476 2404 θεόπνευστος
3513 2341 3551 2392 Γ
3557 2341 3728 2410 ραφή.

2149 2425 2279 2499 Εἶμι
2321 2429 2378 2482 δὲ
2408 2431 2474 2501 δὴ
2507 2431 2671 2484 πάλιν
2720 2431 2811 2484 ὲπί
2859 2448 2922 2500 γε
2962 2434 3087 2495 τοὺς
3124 2433 3282 2495 σοὺς,
3325 2427 3370 2486 ὦ
3404 2433 3742 2503 πανάριστε..

2146 2518 2358 2588 λόγους.
2408 2522 2832 2592 Διωμολόγηκας
2881 2522 2991 2592 γὰρ
3032 2522 3125 2575 καὶ
3175 2522 3370 2588 αὐτὸς,
3415 2524 3512 2576 καὶ
3569 2523 3730 2576 τοῦτο

2147 2611 2483 2677 πλειστάκις,
2513 2615 2595 2668 ὅτι
2630 2614 2820 2682 γέγονε
2857 2613 2997 2684 σὰρξ
3033 2614 3060 2666 6
3093 2615 3296 2683 Λόγος·
3333 2615 3429 2667 καὶ
3459 2615 3558 2668 οὐκ
3593 2615 3730 2668 ἀπό·-

2145 2703 2338 2774 6λητον
2367 2705 2606 2772 ἐποιήσω
2634 2705 2732 2774 τὴν
2768 2705 2953 2775 φωνήν
2975 2722 2986 2734 ·
3022 2706 3116 2759 καλ⁸
3157 2706 3291 2776 πρός
3319 2722 3382 2774 γε
3421 2706 3594 2777 τούτῳ
3628 2709 3740 2760 κάι

2145 2796 2317 2847 κεῖνο·
2352 2796 2449 2864 τὴν
2486 2795 2594 2866 γάρ
2620 2812 2700 2848 τοι
2735 2794 2826 2848 τοῦ
2861 2795 3201 2864 Μονογενοῦς
3253 2794 3510 2866 θεότητα,
3540 2797 3734 2864 saepti);

2143 2887 2236 2940 καὶ
2258 2887 2556 2956 ἀναφανδὸν
2582 2887 3002 2958 ένανθρωπῆσαι
3034 2889 3158 2959 φής.
3192 2887 3480 2958 Γέγραφας
3518 2888 3572 2940 δὲ
3605 2905 3728 2942 τουυ

2141 2979 2254 3031 τονὶ
2286 2978 2376 3031 τὸν
2407 2979 2501 3048 τρό
2509 2997 2625 3034 πον.

2215 3068 2396 3140 ῙΟὖτω
2426 3073 2520 3126 καὶ
2546 3072 2603 3124 ὲν
2637 3072 2845 3144 ἑτέροις
2884 3071 3080 3143 φησίν·
3107 3091 3124 3124 ι
3165 3071 3459 3142 Ἐλάλησεν
3492 3073 3624 3142 ἡμῖν
3668 3073 3725 3124 ὲν

2141 3161 2276 3232 Υἱῷ,
2308 3162 2367 3215 ὃν
2409 3163 2561 3218 ἔθετο
2607 3165 2942 3236 κληρονόμον
2991 3166 3231 3229 πάντων,
3264 3165 3331 3218 δι’
3368 3160 3428 3220 οὗ
3469 3165 3564 3217 καὶ
3597 3165 3728 3228 τοὺς

455 3263 613 3314 quem
645 3248 772 3302 fecit
801 3259 851 3302 et
893 3251 1086 3304 sarcula
1122 3269 1134 3304 :
1179 3254 1268 3321 qui
1319 3270 1439 3308 eum
1494 3257 1563 3310 sit
1613 3259 1866 3326 splendor
1914 3261 2028 3331 glo-

2141 3256 2335 3319 αῖῶνας
2356 3257 2613 3327 ἐποίησεν
2630 3275 2642 3287 ·
2671 3257 2729 3320 ὃς
2757 3256 2831 3310 ὢν
2854 3257 3197 3328 ἀπαύγασμα
3217 3257 3318 3326 τῆς
3341 3257 3500 3326 δόξης
3518 3273 3530 3285 ·
3556 3277 3575 3308 ι
3609 3256 3734 3319 θεὶς,

454 3338 550 3392 τίω
577 3338 642 3392 ⁸⁸.
683 3357 702 3390 ι
739 3339 876 3395 Cum
924 3343 1216 3411 posuisset,
1270 3342 1478 3413 Filius,
1532 3358 1647 3403 tuto
1685 3351 1825 3405 hunc
1871 3361 2030 3406 vocat

453 3431 616 3484 etiam
648 3432 987 3500 splendorem
1021 3435 1202 3504 gloria:
1230 3445 1283 3490 et
1324 3440 1675 3495 constitutum
1716 3442 1983 3497 lizeredem
2011 3460 2026 3497 :

454 3523 723 3577 bazrcdem
775 3526 989 3593 quidem
1041 3528 1332 3582 secundum
1373 3546 1589 3585 carnem
1639 3535 2026 3600 constitutum,

452 3611 792 3679 splendorem
826 3630 952 3668 vero
975 3626 1211 3683 paternae
1243 3618 1428 3687 gloria:
1455 3624 1750 3676 secundum
1779 3625 2030 3679 divinita-

455 3715 560 3757 tem
597 3719 611 3756 ι
646 3721 748 3758 non
789 3707 932 3760 enim
973 3707 1285 3765 incarnatus
1315 3713 1567 3768 discessit
1603 3730 1631 3767 a
1677 3716 2029 3773 similitudine

452 3789 652 3845 Patris.
701 3791 966 3847 Praeterea
1001 3795 1078 3849 sic
1108 3813 1295 3853 rursus
1322 3801 1451 3854 dicit
1479 3817 1493 3853 :
1532 3821 1552 3853 ‹
1581 3802 1848 3872 Tempora
1881 3808 2026 3862 enim

450 3884 772 3952 ignorantia!
802 3887 1106 3956 despiciens
1137 3891 1299 3955 Deus,
1331 3907 1474 3946 nunc
1507 3894 1760 3951 omnibus
1795 3896 2029 3953 homini-

450 3977 550 4031 bus
590 3980 872 4034 annuntiat
903 3991 959 4034 ut
1005 3984 1379 4052 pmnitentiam
1422 3996 1607 4054 agant,
1635 4002 1700 4042 eo
1742 3991 1884 4060 quod
1912 4002 2026 4046 sta-

449 4067 554 4121 tuit
585 4069 726 4123 diem
763 4073 815 4123 in
850 4088 956 4140 quo
980 4074 1320 4142 judicaturus
1343 4086 1425 4130 est
1447 4079 1632 4132 orbem
1661 4079 1711 4133 in
1747 4083 2023 4150 aequitate,

449 4157 504 4211 in
538 4160 655 4212 viro
681 4160 732 4212 in
766 4175 872 4228 quo
893 4166 1102 4228 statuit,
1137 4165 1295 4218 tidem
1327 4167 1572 4234 praebens
1597 4169 1871 4235 clunibus,
1903 4187 2027 4227 sus-

449 4250 625 4305 citans
677 4267 798 4305 eum
857 4270 884 4306 a
951 4257 1178 4309 mortuis
1214 4255 1279 4310 ‘7.
1321 4274 1339 4308 ι
1392 4257 1526 4312 Cum
1571 4260 1719 4327 prius
1757 4263 2023 4320 dixisset:

455 4358 476 4392 ι
517 4341 570 4394 ln
604 4343 740 4409 viro,
779 4364 798 4396 ι
842 4354 951 4398 ιιιιιι
998 4346 1125 4400 illud
1169 4346 1489 4418 subjungit:
1533 4367 1552 4400 ί
1593 4351 1874 4407 Suscitans
1903 4369 2026 4410 eum

449 4447 479 4485 a
517 4433 778 4500 mortuis;
813 4455 833 4486 ι
866 4451 934 4490 ne
960 4437 1082 4504 quis
1123 4437 1462 4495 divinitatem
1505 4443 1777 4498 hominem
1823 4446 2023 4502 factam

443 4538 568 4579 esse
597 4537 866 4582 mortuam
895 4530 1218 4599 suspicetur.
1262 4529 1310 4603 ι]

1095 4663 1248 4720 CAP.
1291 4663 1384 4720 ΠΙ.

521 4784 652 4854 Quis
695 4805 826 4860 ergo
874 4791 962 4847 ille
996 4805 1078 4848 est
1114 4796 1464 4853 incarnatus?
1499 4809 1594 4856 aut
1621 4816 1730 4870 quo
1772 4803 2023 4858 incarna-

447 4890 536 4935 tus
567 4883 762 4935 modo?
802 4898 922 4951 qua:
973 4887 1135 4940 etiam
1182 4888 1438 4943 divinitas
1484 4891 1644 4945 homo
1676 4892 1863 4947 facta?
1914 4895 2021 4958 dic,

446 4985 650 5039 quaeso,
694 4974 777 5026 vir
814 4975 1016 5044 optime
1048 4996 1059 5028 :
1103 4976 1156 5031 id
1187 4979 1330 5032 enim
1362 4995 1584 5035 avemus
1620 4984 1849 5040 discere.
1885 4985 2022 5040 Num

447 5062 792 5118 incarnatum
832 5081 954 5120 esse
995 5069 1356 5126 concedemus
1401 5071 1574 5140 ipsum
1617 5075 1682 5128 de
1722 5078 1830 5132 Deo
1863 5077 2025 5134 Deum

447 5150 711 5220 Verbum,
745 5166 800 5209 et
840 5158 1192 5213 humanatum
1227 5177 1533 5220 asseremus
1562 5176 1818 5236 tanquam
1852 5174 2020 5226 nostri

446 5245 678 5299 similem
713 5247 936 5311 factum,
959 5260 1011 5303 et
1041 5266 1204 5306 carne
1237 5263 1418 5308 natum
1443 5254 1468 5309 ?
1490 5273 1556 5311 an
1597 5259 1648 5312 id
1688 5261 1833 5316 nullo
1865 5265 2022 5318 modo

445 5338 829 5402 eoncedemus,
869 5342 1279 5399 sed—hominem
1329 5350 1758 5408 existimabimus
1805 5357 1872 5410 ad
1920 5357 2022 5411 hoc

448 5429 665 5480 venisse
693 5443 813 5481 cum
859 5432 966 5484 Deo
993 5433 1361 5502 conjunctnm,
1389 5449 1446 5493 u—t
1478 5440 1589 5510 ipse
1621 5445 1864 5498 asseris?
1891 5446 2018 5511 Sed,

449 5518 554 5572 nisi
603 5519 781 5584 fallor,
832 5524 978 5578 dices
1013 5527 1204 5581 melius
1244 5541 1298 5583 et
1344 5533 1644 5603 sapientius
1677 5551 1797 5590 esse
1848 5537 2023 5606 ipsum

449 5624 512 5664 ex
556 5612 662 5666 Deo
688 5611 917 5671 Verbum
940 5628 1129 5688 putare
1155 5622 1426 5679 hominem
1460 5623 1658 5681 factum
1687 5636 1741 5680 et
1771 5627 2028 5683 incarna-

529 5791 571 5821 "
609 5791 749 5849 Psal.
776 5809 871 5862 cn,
914 5795 997 5852 H.

2132 3347 2214 3412 τὸ,
2268 3347 2425 3412 Υἱός,
2477 3349 2635 3402 καλεῖ
2667 3349 2854 3403 τοῦτον
2907 3349 3167 3418 ἀσφαλῶς
3225 3349 3318 3402 καὶ
3377 3348 3722 3419 ἀπαύγασμα

2131 3440 2230 3510 τῆς
2287 3439 2479 3510 δόξης,
2527 3442 2622 3496 καὶ
2685 3440 2839 3494 θετὸν
2891 3442 3225 3512 κληρονόμον
3276 3443 3392 3512 μὲν,
3437 3443 3579 3495 κατὰ
3622 3442 3722 3512 τὴν

2135 3531 2314 3602 σάρκα
2348 3530 2524 3594 Θετὸν,
2557 3532 2904 3601 ἀπαύγασμα
2928 3532 2986 3584 δὲ
3017 3533 3116 3602 τῆς
3154 3532 3248 3584 τοῦ
3283 3533 3498 3602 Πατρος
3539 3533 3726 3602 δόξης,

2132 3623 2274 3676 κατὰ
2297 3622 2394 3694 τὴν
2424 3623 2653 3692 Θεότητα
2673 3641 2685 3654 ·
2717 3625 2777 3677 ού
2808 3624 2917 3696 γὰρ
2947 3624 3158 3694 ἀπέστη
3191 3625 3289 3693 τῆς
3323 3624 3458 3695 πρὸς
3487 3624 3579 3676 τὸν
3614 3625 3725 3678 Πα-

2129 3717 2264 3784 τέρα
2305 3714 2611 3786 σαρκωθεὶς
2645 3715 2984 3786 ὁμοιότητος.
3023 3714 3132 3766 Καὶ
3166 3715 3301 3782 πρός
3338 3731 3401 3782 γε
3441 3714 3504 3783 δὴ
3545 3713 3722 3782 τούτῳ

2131 3808 2292 3860 πάλιν
2319 3806 2462 3860 οὕτω
2506 3807 2670 3876 φησί·
2710 3826 2728 3858 ι
2756 3807 2896 3870 Τοὺς
2944 3806 3054 3876 γάρ
3088 3805 3314 3876 χρόνους
3352 3806 3452 3875 τῆς
3497 3804 3722 3872 ἀγνοίας

2131 3898 2401 3968 ὑπεριδὼν
2447 3901 2474 3951 ὁ
2507 3899 2676 3960 Θεὸς,
2724 3897 2891 3950 τανῦν
2933 3900 3098 3952 πᾶσιν
3151 3895 3461 3968 ἀνθρώποις
3504 3912 3722 3965 παραγ-

2129 3991 2310 4060 γέλλει
2386 3993 2703 4063 μετανοεῖν·
2761 3989 2952 4044 καθότι
3011 3990 3238 4060 έστησεν
3288 3987 3525 4059 ἡμέραν,
3576 3990 3634 4040 ἐν

2134 4083 2316 4154 μέλλει
2366 4085 2573 4152 κρίνειν
2622 4084 2721 4154 τὴν
2775 4083 3103 4152 οἰκουμένην
3147 4082 3205 4135 ὲν
3254 4081 3436 4150 ἀνδρὶ,
3467 4072 3510 4147 ᾧ
3552 4079 3720 4149 ὥρισε

2132 4175 2438 4248 [ὡρίσατο],
2465 4176 2648 4230 πίστιν
2675 4174 2975 4249 παρασχὼν
3003 4177 3190 4235 πᾶσιν.
3219 4174 3529 4242 ἀναστήσας
3557 4169 3720 4225 αὐτὸν

2130 4272 2193 4322 ὲκ
2226 4268 2455 4340 νεκρῶν.
2485 4288 2503 4320 ι
2541 4257 2827 4339 Πρότερον
2861 4267 3056 4332 εἰπὼν,
3092 4285 3109 4318 ι
3156 4265 3246 4318 Ἐν
3279 4263 3458 4334 ἀνδρὶ,
3483 4283 3502 4315 ι
3541 4278 3716 4335 προσ-

2129 4361 2309 4430 τίθησι
2344 4360 2461 4413 τότε
2491 4361 2571 4423 τὸ,
2601 4380 2617 4411 ι
2663 4361 2998 4430 Ἀναστήσας
3028 4357 3188 4412 αὑτὸν
3219 4359 3281 4410 ὲκ
3307 4355 3516 4426 νεκρῶν
3535 4373 3548 4387 ο
3576 4373 3594 4406 ι
3630 4355 3718 4407 ἵνα

2133 4451 2320 4521 μηδεὶς
2365 4453 2464 4522 τὴν
2518 4451 3020 4524 ὲνανθρωπήσασαν
3060 4446 3352 4518 ὑποπτεύῃ⁴
3395 4447 3715 4518 τεθνηκέναι

2131 4541 2407 4615 θεότητα.]

2720 4680 2974 4733 ΚΕΦΑΛ.
3013 4677 3088 4732 Γ’.

2201 4817 2294 4880 Τίς
2327 4810 2420 4868 οὖν
2447 4814 2556 4885 ἄρα
2584 4813 2733 4866 ἐστὶν
2761 4815 2788 4866 6
2821 4809 3273 4882 σεσαρκωμένοςς
3313 4809 3344 4881 ἢ
3375 4809 3497 4862 τίνα
3528 4809 3718 4879 σεσάρ-

2130 4907 2301 4961 κώται
2333 4907 2567 4979 τρόπονς
2605 4905 2730 4958 ποία
2758 4904 2813 4956 δὲ
2839 4903 3030 4972 θεότης
3059 4902 3550 4972 ὲνανθρωπήσασα,
3579 4901 3716 4972 φρά-

2132 5016 2253 5062 σαις
2286 4997 2372 5063 ἂν,
2407 4991 2451 5050 ὧ
2488 4996 2752 5065 βέλτιστε,
2786 4997 2898 5056 τοῖς
2933 4993 3178 5046 ἐθέλουσι
3212 4991 3424 5060 μαθεῖν.
3452 4987 3599 5060 τΑρα
3629 5007 3716 5042 σε-

2127 5083 2448 5155 σαρκῶσθαι
2486 5081 2731 5152 δώσομεν
2775 5082 2867 5133 τὸν
2915 5083 2979 5134 ἐκ
3018 5080 3154 5134 Θεοῦ
3204 5081 3335 5133 Θεὸν
3374 5080 3580 5148 Λόγον·
3622 5080 3716 5131 καὶ

2123 5173 2548 5244 ὲνανθρωπῆσαί
2579 5189 2760 5244 φαμεν
2786 5173 2968 5235 αὑτὸν,
2996 5172 3072 5236 ὡς
3103 5172 3226 5226 καθ’
3250 5174 3398 5242 ἡμᾶς
3427 5171 3713 5240 γεγονότα,

2123 5269 2218 5320 καὶ
2248 5267 2648 5337 γεγεννημένον
2679 5267 2877 5337 σαρκίς
2912 5266 2944 5335 ἢ
2982 5265 3141 5320 τοῦτο
3185 5267 3285 5336 μὲν
3319 5263 3591 5334 οὐδαμῶς,
3623 5263 3715 5317 ἀν-

2122 5359 2340 5429 θρωπον
2375 5358 2432 5410 δὲ
2476 5359 2769 5430 νομιοῦμεν
2809 5358 2947 5430 πρὸς
2994 5357 3154 5412 τοῦτο
3187 5356 3382 5420 ἐλθεῖν,
3425 5355 3544 5426 Θεῷ
3586 5372 3713 5407 συν-

2123 5450 2390 5520 ημμένον,
2421 5451 2562 5504 κατὰ
2585 5451 2677 5517 σές
2715 5451 2853 5503 Ἀλλ’
2883 5447 3059 5522 οἶμαι,
3094 5451 3260 5520 φαίης
3282 5449 3368 5515 ἂν,
3395 5449 3470 5514 ὼς
3493 5450 3714 5520 ἄμεινον

2122 5539 2185 5608 δή
2223 5557 2324 5592 που
2361 5541 2455 5593 ml.
2491 5542 2674 5610 σοφὸν,
2697 5542 2758 5594 τὸ
2798 5541 3216 5612 ἐνανθρωπῆσαι
3251 5545 3466 5612 φρονεῖν
3514 5540 3603 5595 τὸν
3647 5542 3712 5593 ἐκ

2126 5629 2262 5683 θεοῦ
2302 5633 2494 5701 Λόγον,
2523 5634 2615 5687 καὶ
2649 5634 2829 5705 σάρκα
2859 5633 3133 5703 γενέσθαι,
3167 5631 3309 5688 κατὰ
3340 5632 3435 5696 τὰς
3467 5632 3707 5704 Γραφςῂ.

1079 5797 1122 5830 ³⁸
1152 5797 1313 5860 Hebr.
1337 5801 1446 5870 t,2,
1472 5803 1524 5859 '5.
1598 5806 1640 5839 ⁸⁷
1674 5808 1795 5863 Act.
1831 5823 1961 5878 xvu,
1991 5807 2080 5876 30,
2107 5808 2194 5864 51.
