4150 6436
499 358 529 387 ῑ

500 356 569 409 5Γῖ
1566 352 1623 407 S.
1668 349 1941 408 CYltlLLl
1974 347 2440 406 ALEXANDRINI
2476 347 2803 405 ARCHIEP.
3701 352 3772 411 36

500 469 686 525 fasciis
719 464 1094 536 corporalibus
1120 473 1262 534 eget,
1306 463 1396 519 hic
1422 463 1517 533 qni
1555 466 1850 519 secundum
1896 464 2078 517 visibi-

2189 462 2421 549 Bpégoog,
2447 462 2607 517 τοῦτο
2640 464 2702 517 τὸ
2734 465 3206 536 καταφαινόμενον
3235 464 3570 537 πρόσφατον,
3611 464 3774 521 τοῦτο

497 563 601 615 lem
639 558 933 614 essentiam
987 565 1233 612 recenter
1278 570 1363 610 est
1402 555 1606 622 editus,
1658 556 1830 611 Filius
1866 566 1971 623 εει,
2021 567 2082 611 ιιι

496 652 781 720 Scriptura
817 650 996 714 docet,
1041 658 1297 711 aeternus,
1348 647 1519 703 Filius
1560 650 1936 703 universorum
1965 650 2082 720 epi-

497 746 606 807 fex,
642 742 814 796 Filius
843 742 932 811 qui
966 756 1076 796 sua:
1106 742 1223 810 Opis
1251 740 1437 795 fasciis
1502 740 1875 797 dissolubilcm
1925 758 2080 803 crea-

496 844 630 888 tura:
646 845 894 887 naturam
921 833 1193 902 astringit.
1221 851 1238 883 ι
1264 833 1330 886 Et
1348 833 1473 887 alibi
1504 848 1692 887 rursus
1722 856 1734 888 :
1767 854 1785 884 ι
1814 835 1878 888 Et
1902 834 2082 890 infans

496 929 640 982 enim
668 927 809 981 Deus
838 936 920 979 est
960 924 1127 978 libera
1171 934 1466 993 potestate:
1497 934 1699 978 tantum
1730 927 1899 989 abest,
1931 925 2076 991 Arie,

497 1031 555 1073 ut
598 1021 737 1073 Dens
772 1017 1009 1072 Verbum
1053 1016 1122 1068 sit
1147 1015 1248 1069 sub
1281 1014 1374 1069 Dei
1404 1023 1690 1083 potestate.
1728 1036 1746 1066 ι
1785 1015 1840 1068 lu
1886 1017 2080 1084 quibus

495 1111 677 1163 verbis
703 1109 1050 1178 conjunctum
1084 1120 1298 1175 quoque
1326 1120 1522 1174 corpus
1553 1108 1714 1163 Deum
1761 1107 2076 1175 appellat-it.

497 1202 565 1256 Et
607 1217 796 1256 rursus
832 1218 845 1253 :
884 1218 903 1251 ι
936 1199 1192 1255 Νονίιιιυε
1226 1213 1356 1267 ergo
1411 1199 1804 1254 humanitatem
1860 1200 2080 1254 infantis

496 1308 562 1348 ac
615 1293 979 1355 divinitatem,
1043 1289 1322 1344 filiationis
1371 1292 1634 1346 unitatem
1685 1306 1964 1347 servamus
2025 1293 2077 1346 in

497 1381 1209 1451 Deitatishumanitatisque
1231 1390 1446 1436 natura.
1490 1401 1508 1433 ι
1543 1383 1679 1437 Ecce
1713 1383 1823 1451 jam
1859 1383 2080 1438 disertis

496 1474 694 1538 verbis,
731 1473 991 1528 infantem
1013 1483 1282 1527 recentem
1321 1473 1412 1543 qui
1440 1475 1670 1540 videtur,
1700 1490 1820 1529 mox
1851 1476 2076 1540 editum,
2124 1542 2131 1553 Δ

496 1567 695 1621 fasciis
728 1566 1052 1630 involutum,
1106 1563 1303 1618 Filium
1356 1581 1476 1622 esse
1537 1566 1749 1631 fateris,
1783 1568 2081 1622 etnniver-

495 1674 679 1711 sornm
712 1657 985 1727 opificem.
1016 1656 1171 1711 Hune
1217 1672 1344 1712 vero
1378 1658 1642 1714 infantem
1686 1660 1839 1713 nobis
1891 1670 2076 1714 sancta

499 1749 664 1818 Virgo
693 1749 921 1818 peperit.
956 1748 1106 1803 Nosti
1170 1749 1335 1818 igitur
1365 1759 1512 1803 certe
1566 1751 1729 1805 Deum
1758 1752 2075 1804 secundum

2183 556 2244 608 τὸ
2271 558 2602 626 σπαργάνων
2630 557 2959 628 σωματικῶν
2983 557 3195 629 δεηθὲν,
3225 559 3384 613 τοῦτο
3414 559 3477 611 τὸ
3508 560 3649 612 κατά
3675 563 3772 631 τὴν

2182 648 2469 720 ὁρωμένην
2502 649 2691 727 οὐσίαν
2721 649 3025 720 ἀρτίτοκον,
3066 651 3211 715 Υἱὸς,
3251 651 3392 705 κατὰ
3419 651 3482 704 τὸ
3518 668 3767 723 γεγραμ-

2180 741 2373 811 μένον,
2422 740 2671 805 αἰώνιος·
2726 742 2854 805 Υἱὸς
2903 742 3014 797 τῶν
3053 742 3190 796 ὅλων
3229 742 3591 814 δημιουργός⁸
3642 743 3770 807 Υἱὸς

2182 836 2296 897 τοῖς
2336 833 2437 904 τῆς
2480 834 2618 897 ἰδίας
2666 833 2919 906 βοηθείας
2954 835 3291 905 σπαργάνοις
3317 834 3376 888 τὸ
3407 834 3507 905 τῆς
3539 834 3766 899 κτίσεως

2183 926 2495 979 εὐδιάλυτον
2529 927 2829 995 σφίγγων.»
2861 928 2972 981 Καὶ
3000 930 3059 980 ὲν
3094 928 3304 998 ἑτέροις
3332 926 3389 979 δὲ
3424 926 3608 980 πάλιν·
3633 927 3774 980 «Καὶ

2181 1018 2243 1070 τὸ
2283 1017 2483 1089 βρέφος
2528 1017 2637 1087 γὰρ
2680 1018 2810 1080 Θεὸς
2848 1017 3227 1081 αὐτεξούσιοςο
3261 1017 3515 1072 τοσοῦτον
3561 1018 3589 1070 ὀ
3638 1016 3771 1083 Θεὸς

2182 1109 2353 1177 Λόγος
2379 1109 2472 1160 τοῦ
2498 1107 2635 1160 Θεοῦ
2669 1108 2989 1173 ὐπεξούσιος
3014 1105 3153 1162 εἶναι
3185 1108 3493 1178 διέστηκεν,
3523 1109 3764 1176 ’Δρειε.ι

2183 1200 2261 1253 Δι’
2289 1194 2365 1253 ὢν
2403 1200 2496 1252 καὶ
2518 1199 2580 1253 τὸ
2611 1200 2955 1270 συνημμένον
2980 1200 3140 1270 σῶμα
3168 1200 3300 1253 Θεὸν
3328 1200 3767 1271 προσηγόρευσε.

2183 1291 2294 1344 Καὶ
2332 1292 2498 1346 πάλιν
2519 1309 2533 1325 ·
2580 1310 2598 1342 ι
2629 1293 2977 1364 Γνωρίζομεν
3007 1293 3190 1346 τοίνυν
3237 1292 3336 1363 τὴν
3371 1291 3773 1362 ἀνθρωπότητα

2181 1384 2273 1438 τοῦ
2317 1386 2552 1458 βρέφους
2604 1385 2698 1438 καὶ
2726 1385 2826 1455 τὴν
2873 1385 3105 1455 θεότητα
3127 1401 3140 1415 ·
3175 1384 3236 1437 τὸ
3262 1388 3361 1456 τῆς
3390 1385 3636 1453 υίότητος
3668 1400 3769 1454 τη-

2184 1474 2386 1545 ροῦμεν
2437 1475 2723 1546 μοναδικὸν
2781 1477 2840 1529 ὲν
2887 1476 3309 1546 ἀνθρωπότητος
3363 1475 3461 1529 καὶ
3515 1474 3771 1545 θεότητος

2183 1568 2396 1638 φύσει.)
2419 1569 2549 1621 Ἰδοὺ
2578 1568 2641 1639 δὴ
2676 1568 2769 1621 καὶ
2799 1567 2943 1638 μάλα
2970 1569 3156 1636 σαφῶς
3184 1568 3245 1620 το
3279 1565 3478 1637 βρέφος
3510 1563 3572 1617 τὸ
3601 1564 3774 1635 πρόσ-

2182 1678 2373 1729 φατον,
2418 1661 2479 1714 τὸ
2526 1660 2824 1732 ὁρώμενον,
2871 1661 2934 1713 τὸ
2964 1661 3272 1733 ἀρτίτοκον,
3308 1660 3370 1712 τὸ
3408 1662 3772 1729 ἐσπαργανω-

2190 1752 2369 1819 μένον,
2410 1752 2535 1804 Υίον
2584 1749 2722 1805 εἶναι
2764 1751 2892 1823 φὴς,
2925 1756 3021 1805 καὶ
3066 1752 3176 1805 τῶν
3229 1749 3366 1804 ὅλων
3412 1748 3769 1820 δημιουργόν.

495 1853 715 1894 carnem
768 1839 1035 1908 genitum,
1060 1839 1222 1908 idque
1244 1855 1309 1893 ex
1337 1840 1598 1896 divinitus
1628 1841 1888 1909 inspirata
1927 1841 2075 1896 Scri-

2184 1843 2383 1897 Τέτοκε
2430 1844 2486 1896 δὲ
2532 1843 2593 1896 τὺ
2632 1843 2830 1914 βρέφος
2876 1845 3063 1915 ὴμῐνή
3106 1841 3236 1911 ἁγία
3269 1841 3562 1912 Παρθένος.
3596 1837 3775 1893 Οἶσθα.

494 1939 651 1999 plura
683 1928 945 1984 didicisti.
974 1930 1110 1995 Quis
1146 1931 1289 1983 enim
1342 1934 1676 2001 excogitetur
1702 1933 2075 1988 universorum

489 2022 691 2090 opifex,
744 2022 845 2076 nisi
904 2022 994 2075 ille
1046 2023 1213 2085 solus,
1259 2039 1356 2092 per
1411 2038 1571 2092 quem
1618 2025 1799 2078 omnia
1835 2026 2080 2079 condidit

491 2109 692 2165 Pater?
721 2109 826 2164 Sed
854 2107 996 2165 forte
1023 2110 1397 2178 respondebis,
1433 2120 1485 2163 te
1519 2111 1817 2164 secundum
1853 2112 1903 2164 id
1935 2110 2078 2179 quod

491 2204 716 2270 latebat,
758 2202 951 2258 Filium
996 2203 1218 2267 dixisse,
1270 2210 1323 2256 et
1374 2202 1752 2257 universorum
1802 2200 2074 2270 opificem.

495 2295 667 2350 [tecte
690 2295 847 2359 dicis,
868 2296 1157 2348 assentior.
1190 2294 1317 2356 Sed,
1349 2308 1532 2363 qumso
1559 2303 1631 2360 te,
1646 2308 1770 2347 eum
1802 2294 1893 2362 qui
1926 2293 2075 2354 latet,

493 2403 614 2443 esse
659 2388 862 2443 asseris
920 2386 1047 2440 illud
1097 2401 1164 2439 ex
1214 2387 1320 2441 Deo
1378 2385 1641 2450 Verbum,
1685 2399 1919 2455 euntque
1960 2400 2079 2440 esse

497 2482 875 2535 universorum
955 2479 1210 2546 opificem
1260 2494 1275 2532 :
1331 2460 1603 2547 quomodo
1691 2477 1856 2547 igitur
1924 2477 2080 2532 nobis

497 2571 656 2641 paulo
695 2578 820 2625 ante
848 2570 1234 2639 propemodum
1290 2569 1458 2637 digito
1496 2568 1641 2622 illum
1692 2576 1986 2631 recentem,
2025 2576 2081 2621 et

495 2665 607 2733 iam
643 2664 869 2727 editum,
894 2671 949 2717 et
978 2661 1160 2716 fasciis
1191 2656 1488 2715 involutum
1530 2660 1790 2715 infantem
1847 2658 2079 2714 demon-

497 2754 704 2819 strasti,
743 2767 901 2821 quem
934 2751 1097 2805 etiam
1144 2749 1236 2804 Dei
1271 2749 1467 2805 Filium
1509 2748 1838 2817 appellabas,
1884 2756 1939 2801 et
1962 2761 2076 2800 om-

500 2847 648 2900 nium
676 2844 930 2914 opificem
958 2844 981 2897 ‘I
1014 2842 1096 2896 An
1145 2842 1271 2911 quia
1315 2842 1545 2896 fortasse
1579 2852 1757 2911 putas,
1813 2839 1906 2894 Dei
1940 2838 2077 2893 Ver-

503 2937 628 2990 bum
664 2934 717 2988 in
752 2932 935 2987 carnis
974 2941 1224 2986 naturam
1273 2946 1397 2986 esse
1450 2940 1715 2985 mutatum
1746 2932 1885 2985 ?sed
1915 2940 1969 2984 et
2007 2931 2076 2984 ita

503 3036 556 3079 te
607 3025 781 3094 ipsum
830 3023 1011 3094 potius
1073 3023 1379 3087 accusabis,
1432 3038 1590 3093 quam
1624 3024 1759 3079 alios
1814 3023 1968 3093 quasi
2027 3022 2079 3075 id

503 3117 773 3174 afﬁrmare
804 3131 985 3172 ausos.
1016 3116 1095 3169 An
1117 3130 1243 3170 vero
1260 3115 1387 3184 quia
1418 3115 1463 3170 is
1497 3114 1677 3171 infans
1701 3114 1790 3170 ille
1806 3114 2081 3168 estlatens

2180 1933 2244 2004 δὴ
2300 1930 2394 1987 οὖν
2454 1934 2560 2005 ἄρα
2610 1935 2743 1987 Θεὸν
2793 1932 2933 1988 κατά
2987 1934 3166 2003 σάρκα
3197 1932 3630 2003 γεγεννημένον*
3673 1931 3775 1985 καὶ

2178 2026 2338 2077 τοῦτο
2372 2028 2434 2078 ὲκ
2470 2025 2569 2095 τῆς
2600 2025 2958 2079 θεοπνεύστου
3010 2025 3341 2096 μεμάθηκας
3386 2025 3633 2095 Γραφῆς.
3672 2022 3775 2084 Τίς

2178 2114 2287 2185 γὰρ
2321 2114 2387 2167 ἂν
2420 2117 2592 2166 νοοῖτο
2620 2113 2727 2166 τῶν
2757 2113 2895 2168 ὅλων
2933 2113 3287 2185 δημιουργὸς,
3322 2113 3461 2182 πλὴν
3492 2113 3574 2165 ὅτι
3607 2110 3775 2182 μόνος

2179 2208 2405 2269 ἐκεῖνος,
2438 2208 2466 2259 ὁ
2493 2206 2559 2259 δι’
2587 2200 2648 2259 οῦ
2671 2207 2740 2259 τά
2764 2208 2941 2261 πάντα
2970 2206 3272 2276 πεποίηκεν
3299 2207 3328 2259 ὁ
3359 2206 3584 2274 Πατήρ;
3628 2202 3777 2256 Ἀλλ’

2180 2302 2336 2372 ἔφην,
2385 2302 2514 2365 ἴσως
2557 2303 2722 2373 ἐρεῖς,
2764 2301 2906 2355 κατὰ
2945 2300 3005 2353 τὸ
3048 2301 3454 2372 κεκρυμμένον,
3495 2297 3647 2361 Υἱὸς,
3676 2296 3779 2352 καὶ

2180 2393 2286 2445 τῶν
2316 2393 2453 2445 ὅλων
2498 2393 2849 2464 δημιουργός.
2901 2392 3130 2456 Καλῶς,
3189 2390 3547 2461 συνθήσομαι.
3611 2389 3781 2460 Ἐρή-

2181 2502 2347 2556 σομαι
2377 2485 2455 2538 δέ.
2497 2485 2602 2537 Τὸν
2644 2484 3031 2555 κεκρυμμένον
3077 2479 3218 2535 εἶναι
3267 2483 3373 2553 φὴς
3422 2482 3511 2535 τὸν
3539 2483 3603 2534 ὲκ
3636 2480 3779 2534 Θεοῦ

2178 2578 2373 2645 Λόγον,
2408 2576 2501 2630 καὶ
2542 2576 2733 2630 τοῦτον
2766 2572 2906 2629 εἶναι
2948 2575 3040 2629 τὸν
3069 2575 3206 2629 ὅλων
3245 2573 3579 2644 δημιουργόν
3600 2588 3615 2603 ο
3655 2571 3783 2637 πῶς

2178 2666 2273 2724 οῦν
2302 2672 2436 2740 ἡμῖν
2464 2670 2669 2742 ἀρτίως
2702 2669 2987 2740 μονονουχὶ
3021 2670 3116 2724 καὶ
3146 2658 3396 2740 δακτύλῳ
3429 2669 3490 2721 τὸ
3521 2668 3783 2741 πρόσφασ-

2179 2779 2289 2824 τον,
2332 2760 2426 2814 καὶ
2455 2760 2516 2813 τὸ
2548 2761 2854 2831 ἀρτίτοκον,
2887 2761 2983 2815 καὶ
3025 2761 3086 2815 τὸ
3130 2763 3188 2815 εν
3228 2762 3590 2833 σπαργάνοις,
3642 2778 3787 2815 κατε·

2181 2849 2387 2916 έδειξας
2432 2852 2660 2922 βρέφος·
2692 2853 2785 2906 καὶ
2827 2852 2989 2907 τοῦτο
3020 2853 3152 2908 αὐτὸ
3198 2853 3290 2907 καὶ
3322 2854 3452 2907 Υίὸν
3489 2851 3787 2923 ὠνόμαζες

2179 2943 2338 3007 Θεοῦ,
2381 2945 2475 2996 καὶ
2508 2943 2599 2996 τὸν
2627 2944 2764 2998 ὅλων
2799 2943 3164 3015 δημιουργόνς
3195 2939 3272 2997 Ἥ
3300 2945 3441 3014 τάχα
3470 2960 3574 2996 που
3610 2958 3791 3013 μετα·

2181 3034 2512 3105 πεποιῆσθαι
2541 3036 2836 3106 νενόμικας
2866 3039 2945 3098 είς
2972 3038 3073 3108 τὴν
3110 3037 3208 3105 τῆς
3249 3036 3451 3109 σαρκὸς
3481 3034 3650 3103 φύσιν
3690 3033 3790 3087 τὸν

2183 3132 2247 3184 ὲκ
2275 3130 2414 3183 Θεοῦ
2444 3129 2650 3197 Δόγον;
2681 3129 2789 3183 Καὶ
2824 3128 3011 3200 γράψῃ
3042 3128 3242 3199 μᾶλλον
3274 3126 3493 3189 σαυτὸν,
3524 3125 3632 3195 οὐχ
3662 3124 3791 3178 ἑτέ-

501 3209 541 3264 F
547 3210 671 3265 ilius
724 3217 782 3264 et
822 3208 1205 3263 universorum
1257 3205 1469 3276 opifex,
1518 3216 1577 3260 et
1622 3206 1764 3261 idem
1808 3215 1966 3259 natus
2012 3221 2077 3258 ex

2189 3241 2333 3294 ρους,
2382 3222 2458 3284 ὡς
2489 3222 2649 3274 τοῦτο
2700 3221 2865 3289 φάναι
2907 3221 3307 3291 τολμήσαντας.
3340 3213 3420 3271 Ἦ
3464 3217 3632 3288 εἰπερ
3665 3215 3794 3271 ἐστὶ

502 3309 691 3357 sancta
730 3300 971 3370 Virgine,
1006 3300 1076 3353 ita
1114 3299 1313 3354 invitus
1344 3314 1409 3353 ex
1460 3298 1739 3367 inepinato
1792 3298 1937 3352 illam
1962 3311 2085 3352 esse

502 3394 597 3449 Dei
627 3392 943 3464 genitricem
978 3391 1259 3447 nobiscum
1300 3390 1587 3446 confessus
1615 3391 1771 3445 eris?
1801 3389 2084 3456 Quomodo

502 3486 646 3542 enim
702 3484 885 3540 infans
935 3483 1078 3539 Deus
1110 3485 1181 3539 sit
1233 3498 1345 3538 suae
1397 3482 1721 3552 potestatis?
1753 3482 1887 3536 Nam
1917 3483 1960 3536 si
2012 3482 2082 3535 ita

502 3580 641 3635 dicis
699 3578 843 3632 illum
904 3592 1014 3632 suae
1076 3576 1362 3646 petestatis
1424 3586 1482 3629 ut
1543 3590 1668 3631 esse
1712 3574 2083 3643 unusquisque

502 3671 674 3726 nostri
701 3669 895 3726 similis
925 3669 1265 3737 intelligitur,
1299 3677 1550 3736 tanquam
1607 3667 1691 3722 cui
1725 3683 1838 3722 sua:
1887 3667 2081 3721 volun-

478 3765 630 3824 ,tatis
663 3777 691 3815 a
720 3760 830 3816 Deo
865 3762 1147 3830 permissae
1176 3759 1285 3812 sint
1323 3758 1582 3823 liabenze;
1618 3759 1744 3827 quid
1790 3758 1895 3812 erit
1926 3759 1977 3811 in
2017 3772 2082 3811 eo

502 3865 695 3926 praeter
718 3862 945 3909 czeteros
978 3852 1082 3921 17
1113 3852 1374 3905 eximium
1398 3854 1421 3904 ’ί
1472 3860 1567 3905 aut
1594 3866 1754 3921 qnam
1772 3850 1841 3904 ob
1858 3856 2079 3905 causam

512 3947 818 4002 libertatem
879 3943 1093 3999 arbitrii
1153 3958 1216 3998 ac
1286 3942 1572 4012 potestatis
1646 3951 1903 4013 tanquam
1972 3943 2080 3998 Deo

500 4040 718 4108 dignum
748 4044 804 4091 et
833 4034 1160 4104 praecipuum
1212 4047 1402 4088 revera
1455 4033 1669 4089 titulum
1725 4034 1799 4089 illi
1865 4034 2076 4099 tribuis,

500 4128 751 4199 quamvis
808 4126 1058 4180 omnibus
1111 4126 1203 4194 qui
1251 4125 1452 4193 degunt
1489 4125 1541 4179 in
1594 4128 1751 4181 terris
1792 4140 1847 4181 et
1880 4128 2080 4181 habere

501 4221 644 4274 illam
674 4220 852 4282 liceat,
885 4226 937 4269 et
958 4215 1071 4282 jam
1105 4216 1339 4269 habeant
1367 4216 1389 4271 3
1430 4216 1522 4270 Sin
1549 4219 1767 4273 libertas
1798 4220 2079 4287 potesmtis

502 4312 633 4367 illud
689 4310 741 4364 in
790 4310 890 4363 hac
918 4318 1071 4378 parte
1110 4308 1400 4378 significat,
1439 4309 1661 4366 alterius
1714 4312 1919 4380 legibus
1972 4328 2077 4365 non

502 4417 621 4458 esse
656 4403 983 4469 subjectum,
1022 4399 1273 4452 utetiam
1316 4400 1429 4468 ipsa
1472 4402 1726 4457 nimirum
1760 4402 1853 4457 Dei
1882 4411 2076 4457 natura

504 4494 840 4561 intelligitur,
874 4504 1110 4560 quonam
1145 4490 1309 4560 igitur
1335 4493 1493 4546 modo
1528 4494 1613 4548 his
1672 4494 2074 4548 conditionibus

503 4585 640 4639 adeo
678 4583 944 4653 angustis,
979 4590 1033 4636 et
1058 4582 1228 4636 solam
1277 4597 1593 4652 supremam
1645 4583 1788 4636 illam
1818 4592 2070 4636 naturam

502 4687 557 4730 et
582 4675 810 4745 gloriam
853 4672 1189 4738 docentibus,
1246 4689 1419 4744 nuper
1451 4676 1652 4730 editum
1707 4675 1856 4729 illum
1905 4675 2078 4731 infan-

500 4779 607 4820 tem
636 4779 759 4820 esse
803 4763 960 4828 dicis,
1019 4764 1266 4831 quamvis
1317 4765 1585 4833 quidquid
1619 4766 1687 4817 ad
1746 4764 1851 4819 hoc
1895 4776 1953 4819 ut
2004 4768 2077 4821 sit

499 4868 751 4913 vocatum
779 4864 886 4919 est,
919 4855 1028 4910 Deo
1058 4857 1124 4910 sit
1156 4856 1480 4926 subjectum,
1526 4863 1580 4909 et
1624 4856 1903 4913 servitutis
1946 4860 2078 4930 jugo

499 4947 819 5004 subditum?
850 4947 957 5002 Sed
985 4946 1215 5003 fortasse
1248 4948 1467 5017 putabis
1494 4948 1559 5001 ad
1587 4948 1702 5005 haec
1755 4951 1937 5005 omnia
1979 4954 2074 5007 tibi

497 5040 632 5095 satis
679 5039 828 5093 illam
881 5040 1103 5093 stultam
1158 5039 1426 5093 rationem
1481 5037 1615 5103 fore,
1681 5042 1826 5109 quod
1866 5043 2079 5099 scilicet

502 5132 645 5186 inter
667 5144 727 5185 se
766 5137 977 5184 naturae
1013 5140 1203 5184 mutuo
1254 5128 1574 5195 copulentur
1622 5146 1728 5185 non
1775 5136 2074 5191 secundum

502 5219 858 5291 hypostasim,
879 5220 974 5274 sed
1001 5219 1192 5273 eodem
1214 5218 1396 5286 petius
1443 5218 1649 5274 honore
1679 5233 1734 5277 et
1761 5225 2077 5293 aequalitate

499 5313 773 5381 dignitatis
807 5328 821 5366 :
855 5324 979 5365 nam
1025 5310 1127 5365 ista
1178 5325 1321 5378 saepe
1376 5311 1530 5367 nobis
1571 5313 1943 5384 imprudenter
1996 5319 2077 5375 in-

496 5406 696 5462 culcas.
726 5405 835 5460 Sed
872 5413 924 5459 te
955 5404 1070 5458 haec
1097 5402 1366 5457 dicentem
1402 5402 1454 5457 in
1504 5405 1788 5462 imbecillis
1829 5418 1882 5464 et
1912 5410 2077 5483 fragi-

499 5498 639 5551 libus
659 5495 981 5552 commentis
1015 5493 1292 5558 insistere,
1333 5495 1619 5551 manifeste
1663 5502 1852 5566 paucis
1888 5513 2074 5559 osteno

502 5588 661 5641 detur
712 5601 837 5641 cum
890 5585 955 5640 de
1016 5585 1118 5638 hoc
1167 5586 1435 5640 tractandi
1490 5589 1705 5645 occasio
1756 5606 1815 5647 se
1860 5595 2071 5653 offeret.

503 5676 594 5731 llis
620 5677 724 5731 alia
756 5675 998 5743 quaedam
1033 5674 1227 5740 assuit,
1276 5691 1370 5744 per
1420 5692 1539 5747 quae
1572 5694 1632 5734 se
1663 5692 1813 5751 putat
1845 5700 2073 5755 genera-

507 5767 668 5822 tionis
695 5766 911 5821 modum
945 5774 1144 5821 nostra:
1186 5765 1439 5837 similem,
1504 5772 1666 5827 veluti
1729 5775 2068 5837 indecentem

2184 3317 2244 3370 τὸ
2280 3316 2478 3386 βρέφος
2528 3317 2557 3368 ὁ
2588 3314 2973 3385 κεκρυμμένος
3019 3312 3167 3377 Υἱὸς,
3213 3313 3308 3366 καὶ
3352 3308 3461 3364 τῶν
3492 3310 3642 3365 ὅλων
3685 3311 3791 3383 δη-

2188 3408 2466 3477 μιουργὸς,
2500 3407 2824 3477 γεγέννηται
2853 3405 2911 3459 δὲ
2951 3402 3111 3457 τοῦτο
3138 3404 3203 3457 ὲκ
3238 3398 3341 3472 τῆς
3369 3402 3535 3469 ἁγίας
3567 3401 3797 3474 Παρθέ-

2185 3519 2296 3567 νου,
2330 3500 2688 3571 ὡμολόγησας
2717 3500 2817 3569 οὐχ
2844 3498 2987 3551 ἑκὼν
3029 3496 3292 3550 Θεοτόκον
3341 3497 3440 3550 σὺν
3470 3498 3617 3565 ἡμῖν
3664 3496 3797 3551 ἀδο-

2185 3595 2361 3663 κήτως
2398 3593 2603 3662 αὐτήν;
2647 3591 2801 3643 Ἐπεὶ
2840 3590 2957 3652 πῶς
2989 3588 3188 3659 βρέφος
3225 3588 3358 3651 Θεὸς
3386 3588 3796 3655 αὐτεξούσιοςς

2185 3685 2246 3736 Ei
2286 3683 2384 3754 μὲν
2425 3684 2534 3754 γὰρ
2563 3681 2707 3735 οὕτω
2735 3682 2840 3751 φὴς
2871 3680 3239 3747 αὐτεξούσιον,
3269 3680 3344 3744 ὡς
3375 3680 3440 3734 ἂν
3468 3683 3662 3735 νοοῖτο
3692 3698 3800 3735 τυ-

2183 3776 2278 3845 χὸν
2328 3776 2421 3828 καὶ
2470 3774 2579 3828 τῶν
2626 3773 2748 3827 καθ’
2799 3774 2945 3845 ἡμᾶς
2995 3774 3244 3838 ἕκαστος,
3300 3774 3377 3836 ὠς
3421 3773 3531 3843 τῆς
3588 3774 3801 3831 ἑαυτοῦ

2184 3868 2558 3938 προαιρέσεως
2600 3866 3033 3937 πεπιστευμένος
3078 3865 3231 3937 παρά
3273 3864 3391 3937 Θεῷ
3434 3865 3557 3937 [ἵσ.
3625 3866 3803 3941 Θεοῦ]
3874 3892 3879 3897 ι

2181 3959 2281 4020 τὰς
2327 3957 2506 4027 ήνίας,
2552 3956 2605 4009 τί
2655 3957 2716 4010 τὸ
2767 3955 3046 4028 ἐξαίρετον
3089 3957 3240 4029 παρά
3288 3958 3414 4020 τοὺς
3462 3957 3680 4023 ἄλλους
3734 3963 3800 4014 ὲν

2182 4048 2363 4118 αὐτῷς
2412 4047 2444 4120 ἦ
2490 4049 2577 4102 διὰ
2613 4049 2773 4101 ποίαν
2804 4049 3003 4114 αἰτίαν,
3055 4049 3307 4122 καθάπερ
3354 4065 3407 4125 τι
3441 4049 3795 4122 θεοπρεπὲς,

2183 4146 2276 4193 καὶ
2325 4139 2603 4212 ἐξαίρετον
2641 4140 2857 4211 ἀληθῶς
2904 4140 3140 4210 ἀξίωμα,
3184 4141 3243 4194 τὸ
3290 4139 3657 4204 αὐτεξούσιον
3693 4147 3799 4199 ἀν-

2183 4231 2375 4293 άπτεις
2405 4231 2592 4301 αὐτῷ;
2629 4233 2806 4285 καίτοι
2842 4233 3004 4302 μετὸν
3036 4233 3205 4285 ἅπασι
3240 4234 3348 4285 τῶν
3383 4233 3477 4285 ἐπὶ
3516 4239 3625 4305 τῆς
3657 4237 3797 4307 γῆς,

2182 4323 2325 4391 ἔχειν
2362 4338 2421 4373 τε
2462 4322 2611 4391 αὐτῷ
2650 4322 2759 4393 [ἴον.
2811 4322 2987 4394 abab],
3026 4323 3119 4375 καὶ
3158 4323 3256 4393 ἤδη
3298 4322 3587 4392 λαχοῦσιν.
3634 4328 3703 4380 Εἰ
3736 4328 3800 4382 δὲ

2181 4414 2245 4483 δὴ
2292 4413 2545 4483 σημαίνει
2594 4414 2655 4465 τὸ
2702 4412 3051 4479 αὐτεξούσιον
3105 4413 3162 4466 ὲν
3195 4414 3406 4478 τούτοις
3448 4415 3513 4468 τὸ
3546 4417 3633 4489 μὴ
3677 4419 3800 4474 δεῖν

2183 4503 2503 4557 ὑποκεῖσθαι
2533 4506 2642 4567 τοῖς
2672 4504 2859 4575 ἑτέρου
2892 4506 3099 4575 νόμοις,
3132 4502 3268 4558 εἶναι
3307 4506 3363 4559 δὲ
3407 4507 3596 4570 οὕτως
3633 4510 3804 4567 ἐλεύ-

2180 4595 2357 4667 θερον,
2395 4596 2471 4658 ὠς
2511 4595 2577 4649 ἂν
2619 4597 2712 4649 καὶ
2762 4598 2898 4668 αὐτὴ
2944 4597 3104 4667 τυχόν
3150 4598 3332 4667 ὴθεία
3374 4602 3559 4653 νοοῖτο
3591 4604 3797 4672 φύσις,

2178 4688 2295 4740 τίνα
2325 4687 2389 4758 δὴ
2416 4688 2619 4759 τρόπον
2660 4691 2717 4743 ἐν
2744 4692 2858 4752 τοῖς
2889 4688 3031 4742 οῦτω
3077 4693 3294 4753 σεπτοῖς
3343 4692 3438 4744 καὶ
3498 4696 3796 4765 πρέπουσι

2183 4778 2318 4850 μόνῃ
2347 4782 2411 4850 τῇ
2460 4780 2720 4849 ἀνωτάτω
2767 4781 2925 4847 φύσει
2967 4798 3026 4833 τε
3062 4782 3156 4834 καὶ
3186 4782 3335 4853 δόξῃ,
3384 4781 3447 4833 τὸ
3481 4784 3798 4855 ἀρτίτοκον

2180 4870 2379 4940 βρέφος
2427 4867 2564 4924 εἶναι
2615 4873 2755 4942 φής;
2805 4872 2984 4926 καίτοι
3034 4872 3235 4936 παντὸς
3278 4873 3372 4927 τοῦ
3421 4877 3797 4950 κεκλημένου

2181 4959 2319 5028 πρὸς
2369 4958 2627 5030 ὓπαρξιν,
2674 4961 3110 5033 κατεζευγμένου
3168 4963 3321 5035 Θεῷ,
3378 4966 3475 5019 κα)⁵
3535 4971 3637 5023 τὸν
3689 4974 3798 5041 τῆς

2177 5050 2419 5113 δουλείας
2449 5051 2841 5123 ὑποτρέχοντος
2878 5053 3059 5121 ζυγόν.
3106 5055 3245 5107 Ἀλλ’
3276 5056 3440 5127 οἰήσῃ
3488 5060 3649 5131 τάχα
3685 5082 3799 5119 που

2178 5142 2313 5210 πρὸς
2345 5143 2561 5197 ἅπαντά
2587 5160 2668 5197 σοι
2712 5146 2871 5198 ταυτὶ
2911 5146 3001 5201 τὸν
3029 5147 3236 5199 εἰκαῖον
3285 5149 3499 5203 ἐκεῖνον
3540 5154 3802 5225 ἀρκέσαι

2177 5235 2353 5303 λόγον,
2380 5237 2471 5289 τὸν
2499 5238 2619 5290 ἐπεί
2646 5254 2710 5306 γε
2742 5239 2851 5310 [ἴον.
2886 5240 2977 5292 ὲπί
3007 5240 3095 5311 γε]
3125 5240 3201 5311 τῷ
3235 5240 3346 5293 δεῖν
3371 5241 3657 5315 ἀλλήλαις
3691 5254 3802 5318 τὰς

2178 5328 2370 5398 φύσεις
2400 5331 2787 5395 συνάπτεσθαι,
2821 5333 2913 5385 καὶ
2963 5333 3081 5386 οὔτι
3130 5350 3232 5387 που
3277 5335 3399 5388 καθ’
3437 5336 3801 5414 ὑπόστασιν,

2177 5421 2291 5475 ἀλλ’
2320 5422 2395 5484 ὼς
2416 5422 2474 5475 ἐν
2496 5425 2629 5493 τιμῇ
2659 5422 2858 5493 μᾶλλον
2892 5425 3316 5496 ἁπαραλλάκτῳ,
3345 5425 3441 5480 καὶ
3469 5429 3534 5483 ὲν
3568 5434 3802 5509 ἰσότητι

2175 5515 2275 5582 τῆς
2308 5513 2465 5578 ἀξίας
2485 5531 2499 5545 ·
2527 5516 2687 5567 ταυτὶ
2716 5515 2825 5585 γὰρ
2858 5518 2992 5587 ἡμῖν
3027 5518 3113 5570 ἀεὶ
3148 5518 3296 5585 λέγει
3339 5519 3614 5589 ἀμαθῶς.
3662 5528 3804 5585 Ὀτι

2173 5606 2230 5657 δὲ
2266 5606 2510 5677 σαθραῖς,
2538 5607 2633 5660 καὶ
2660 5608 3066 5675 εὐδιακλάστοις
3093 5613 3324 5676 ἐννοίαις
3352 5613 3801 5696 ἐπερηρεισμέ-

2175 5714 2284 5760 νος.
2316 5697 2383 5750 τὰ
2412 5697 2588 5750 τοιάδε
2636 5697 2830 5767 λέγων,
2878 5701 3083 5774 ἀλώσῃ,
3131 5704 3486 5776 δειχθήσεται
3545 5714 3650 5767 καὶ
3690 5719 3805 5773 οὐκ

2176 5792 2254 5853 εἰς
2286 5788 2520 5860 μακρὰν,
2552 5797 2978 5863 παρενεγκόντος
3006 5798 3135 5867 ἡμῖν
3160 5798 3255 5853 τοῦ
3286 5801 3493 5871 καιροῦ
3518 5808 3625 5862 καὶ
3654 5816 3801 5884 :94;
