4150 6474
430 391 503 451 37
1588 390 1961 450 ADVERSUS
1998 390 2406 453 NESTOBIUM
2446 395 2575 453 LIB.
2618 395 2659 452 1.
3653 404 3723 461 58

435 532 502 585 γε
538 512 705 569 ταυτὶ
734 513 829 568 τὸν
863 513 1045 583 λόγον.
1077 513 1320 584 Συνείρει
1348 514 1405 567 δὲ
1442 516 1652 581 τούτοις
1697 515 1841 586 ἕτερ’
1883 514 2029 582 ἄττα,

2146 525 2199 571 et
2230 516 2643 587 impossibilem,
2690 518 2984 574 admodum
3017 528 3172 576 acute
3197 520 3575 577 demonstrare
3607 540 3622 590 ;
3658 539 3723 579 ac

438 606 508 659 δι’
565 599 643 660 ὧν
703 605 862 677 ᾠήθη
919 606 1215 669 δύνασθαι,
1261 606 1357 660 καὶ
1415 606 1559 678 μάλα
1609 607 1917 678 ἐμφρόνως,
1968 606 2029 670 ὡς

2146 609 2249 664 sibi
2310 610 2549 665 rationes
2595 620 2812 666 nostras
2840 611 3048 680 objicit,
3090 621 3257 678 ratus,
3298 615 3545 683 quamvis
3579 616 3724 670 veri-

434 696 681 767 ἀκαλλῆ,
713 697 811 749 καὶ
835 696 1128 765 ἀνέφικτον
1155 697 1244 750 τὸν
1270 699 1369 768 τῆς
1399 697 1521 751 καθ’
1550 697 1700 770 ἡμᾶς
1740 698 2044 768 γεννήσεως

2146 707 2309 754 tatem
2339 699 2600 764 colamus,
2632 699 2790 755 facile
2816 717 2911 754 sua
2961 701 3105 758 mole
3150 719 3249 758 nos
3275 706 3620 768 obruturum,
3663 713 3720 757 et

432 785 739 854 ἀποφῆναι
768 784 992 855 τρόπον.
1037 785 1150 839 Καὶ
1192 785 1543 858 ἁντανίστησι
1576 787 1674 867 μὲν
1708 786 1888 857 ἑαυτῷ
1917 787 2029 850 τοὺς

2145 792 2343 847 nullius
2386 793 2548 864 pretii
2583 808 2704 850 esse
2756 793 3003 849 homines
3056 804 3427 849 ostensurum.
3472 792 3565 850 Sic
3589 809 3720 864 ergo

442 878 588 947 πρὸς
617 876 779 948 ήμῶν
808 877 1004 945 λόγους
1025 894 1039 908 ·
1072 877 1244 930 οἴεται
1283 878 1341 931 δὲ
1391 878 1887 951 κατευμεγεθήσειν
1941 880 2041 950 ρᾳ-

440 969 606 1032 δίως,
652 969 749 1023 καὶ
806 970 961 1023 οὐδὲν
1018 969 1177 1034 ὄντας
1222 971 1477 1039 ἐπιφανεῖ
1532 970 1642 1043 [ἵσ.
1692 971 2038 1044 ἀποφανεῖν],

441 1059 627 1113 καίτοι
660 1060 1071 1130 πρεσϐεύοντας
1102 1061 1352 1133 τάληθές.
1390 1063 1532 1133 Ἔφη
1562 1062 1618 1115 δὲ
1645 1061 1852 1125 οὓτως⁹

516 1148 611 1220 [Et
629 1150 787 1214 Θεὸς,
808 1151 996 1221 φησιν,
1026 1151 1054 1203 ὁ
1077 1150 1331 1223 Χριστὸς,
1355 1151 1548 1223 ἐτέχθη
1579 1151 1636 1205 δὲ
1663 1153 1691 1204 ὁ
1713 1151 1947 1222 Χριστὸς
1976 1152 2040 1205 ὲκ

442 1242 549 1312 τῆς
594 1243 877 1314 μακαρίας
906 1244 1146 1315 Μαρίας,
1198 1243 1313 1308 πῶς
1357 1245 1458 1297 οὐκ
1492 1244 1638 1297 ἔστιν
1686 1246 1719 1315 ὴ
1764 1244 2040 1316 Παρθένος

443 1330 755 1397 Θεοτόκος;
807 1333 976 1387 Οὐδὲν
1027 1333 1260 1405 κρύπτω
1287 1334 1398 1387 τῶν
1432 1336 1563 1408 παρ’
1597 1335 1777 1389 αὐτῶν
1823 1335 2033 1389 ἀντιθέ-

440 1440 623 1477 σεων*
664 1426 694 1477 ό
726 1424 837 1494 γὰρ
876 1425 979 1494 τῆς
1006 1425 1265 1496 ἀληθείας
1298 1426 1535 1497 ἐραστὴς
1571 1428 1749 1481 πάντα
1773 1426 1844 1480 τά
1885 1427 2039 1499 παρά

352 1542 371 1561 ι
436 1513 538 1567 τοῦ
563 1514 799 1583 ψεύδους
826 1516 1006 1586 ἑαυτῷ
1041 1516 1365 1587 προσλαϐὼν
1404 1520 1756 1592 ἀντιτίθησι.]
1778 1516 1912 1573 Εἶτα
1936 1521 2036 1592 τὴν

436 1602 601 1656 λύσιν
646 1605 936 1676 ἐπιφέρειν
982 1607 1259 1676 πειρᾶται,
1311 1607 1587 1671 τοιαύταις
1631 1612 1775 1665 τισὶν
1804 1611 2036 1676 ἐννοίαις

434 1694 754 1765 χρώμενος·
787 1694 1115 1766 [Πλάττεται
1150 1699 1249 1768 μὲν
1278 1698 1407 1771 γὰρ,
1451 1703 1637 1769 φησιν,
1664 1703 1721 1754 ἐν
1758 1703 1941 1773 μήτρᾳ.
1973 1701 2034 1754 τὸ

437 1786 649 1856 βρέφος
669 1802 683 1816 ο
718 1785 835 1839 ἀλλ’
861 1787 968 1852 ἕως
998 1788 1100 1859 μὲν
1129 1788 1282 1843 οῦπω
1313 1790 1691 1862 μεμόρφωται,
1720 1790 2030 1861 ψυχὴνόὺκ

2143 884 2280 939 dixit
2304 904 2316 939 :

2230 1148 2467 1203 Nssron.
2494 1147 2575 1220 [Si
2617 1149 2756 1203 Deus
2777 1159 2858 1203 est
2877 1149 3148 1217 Christus,
3174 1151 3367 1221 inquit,
3397 1161 3450 1207 et
3471 1151 3719 1225 Christus

2139 1255 2208 1305 ex
2238 1241 2394 1294 beata
2429 1240 2597 1295 Maria
2655 1251 2739 1295 est
2784 1253 2958 1306 ortus,
3014 1259 3112 1296 cur
3154 1243 3317 1312 Virgo
3361 1259 3463 1299 non
3512 1245 3583 1300 sit
3620 1243 3719 1299 Dei

2138 1331 2414 1402 genitrix?
2438 1331 2581 1386 Nihil
2615 1333 2829 1388 occulto
2856 1336 3000 1404 quod
3024 1335 3219 1389 abillis
3257 1335 3553 1405 obiicitur:
3588 1350 3716 1390 nam
3812 1408 3816 1413 θ

2138 1423 2382 1478 veritatis
2409 1422 2825 1497 amator-{omnia
2858 1440 2975 1493 qua:
3010 1440 3038 1478 a
3072 1424 3302 1480 falsitate
3328 1426 3431 1479 dici
3465 1435 3714 1495 possunt,

2139 1524 2362 1583 accepta
2403 1515 2503 1569 sibi
2529 1514 2736 1583 objicit.
2781 1514 2909 1571 lude
2956 1515 3278 1571 solutionem
3315 1515 3510 1572 aﬂerre
3548 1532 3716 1572 cona-

2140 1612 2226 1657 tur
2246 1603 2443 1659 talibus
2472 1606 2760 1660 sententiis
2792 1620 2955 1661 usus:
2998 1606 3286 1661 Formatur
3321 1607 3485 1675 enim,
3517 1607 3717 1677 inquit,

2139 1696 2194 1747 in
2221 1701 2373 1747 utero
2400 1692 2603 1759 infans,
2652 1695 2747 1750 sed
2781 1697 2955 1766 quoad
2987 1697 3215 1766 figuram
3249 1698 3541 1765 acceperit,
3573 1713 3716 1753 non-

2136 1785 2262 1840 dum
2315 1787 2479 1843 habet
2526 1788 2802 1842 animam:
2841 1797 2896 1842 at
2926 1789 3016 1843 uhi
3069 1789 3333 1859 ﬁguratus
3388 1789 3571 1855 fuerit,
3600 1791 3714 1860 jam

432 1853 590 1946 ἔξει·
650 1853 1012 1947 εἰδοποιηθέν⁷
1044 1879 1102 1932 δὲ
1166 1880 1265 1950 ήδη
1313 1853 1597 1951 ξαν-χοῦται-
1654 1853 2026 1952 ’Θεοῦ.

2138 1874 2317 1928 anima
2370 1875 2747 1931 informatura
2782 1878 2908 1933 Deo.
2962 1878 3033 1934 Ut
3065 1853 3230 1949 igitur
3275 1880 3467 1933 mulier
3519 1853 3716 1949 corpus

433 1967 657 2038 Ὥσπερ
708 1964 802 2021 οὖν
836 1971 879 2040 νή
918 1969 1057 2041 γυνὴ
1104 1972 1278 2024 τίκτει
1314 1973 1414 2042 μὲν
1456 1973 1516 2025 τὸ
1559 1972 1739 2043 σῶμα,
1778 1972 1939 2043 ψυχοί
1974 1974 2031 2027 δὲ

431 2058 596 2125 Θεὸς,
644 2060 740 2112 καὶ
772 2060 873 2113 οὐκ
920 2061 985 2114 ἂν
1018 2061 1233 2130 λέγοιτο
1279 2063 1415 2135 γυνὴ
1452 2064 1771 2134 ψυχοτόκος,
1809 2069 1890 2121 ὃτι
1934 2068 2034 2139 ἒμ-

429 2149 614 2219 ψυχον
659 2152 969 2222 ἐγέννησεν,
1018 2154 1433 2224 ἀνθρωποτόκος
1484 2157 1539 2209 δὲ
1592 2158 1821 2227 μᾶλλον,
1867 2159 2030 2227 οὕτω,

432 2241 600 2310 φησι,
652 2242 749 2294 καὶ
797 2243 831 2312 ἡ
867 2245 1116 2313 μακαρία
1146 2246 1443 2316 Παρθένος,
1480 2248 1573 2302 καὶ
1612 2251 1660 2302 εί
1688 2250 1905 2303 τέτοκεν
1938 2252 2032 2306 ἄν·

430 2319 682 2401 θρῶπον,
704 2334 1184 2405 συμπαρελθόντος
1206 2338 1353 2409 αὑτῴ
1373 2338 1465 2391 τοῦ
1486 2338 1622 2393 Θεοῦ
1639 2342 1811 2411 Λόγου
1837 2343 2028 2416 (ταύτῃ

429 2426 548 2495 γάρ
582 2426 863 2496 ἐχρήσατο
910 2430 973 2499 τῇ
1005 2428 1203 2501 φωνῇ),
1250 2430 1310 2483 οὐ
1357 2431 1445 2485 διὰ
1481 2433 1638 2488 τοῦτο
1670 2435 1977 2509 Θεοτόκος.]

1058 2536 1308 2619 trama.
1343 2568 1418 2620 Λα.

505 2714 639 2790 'Ap’
660 2714 776 2785 οὖν,
805 2718 929 2773 είπέ
962 2736 1074 2790 μοι,
1108 2719 1456 2792 διαϐέϐληται
1490 2724 1642 2794 παρᾶ
1693 2726 1775 2779 σοὶ
1802 2726 1862 2780 τὸ
1893 2728 2029 2798 πρὸς

431 2812 601 2885 ἡμῶν
643 2813 973 2885 εὶρημὲνον;
1031 2807 1142 2881 ἆρά
1193 2829 1274 2865 σοι
1307 2813 1453 2866 δοκεῖ
1500 2819 1612 2878 τοῖς
1647 2816 1821 2881 οὕτως
1853 2820 2028 2889 ὀρθῶς

429 2905 533 2960 καὶ
563 2904 877 2975 ἁκιϐδήλως
907 2904 1125 2975 ἔχουσιν
1165 2906 1439 2970 ἀσυνέτως
1470 2909 1749 2980 ἐπιτιμᾷν,
1780 2911 1876 2963 καὶ
1907 2911 2028 2981 οὐχὶ

428 2996 529 3051 τοῦ
570 2996 651 3067 μὴ
698 2994 958 3049 δύνασθαι
1006 2996 1249 3063 δοξάζειν
1280 2995 1317 3051 ἃ.
1355 2998 1482 3070 χρὴ,
1528 3000 1626 3069 τῆς
1661 3000 1861 3054 σαυτοῦ
1907 3002 2024 3054 δια-

420 3087 590 3149 νοίας
634 3084 916 3155 καθοριεῖς
958 3085 1029 3139 τά
1074 3087 1432 3158 ὲγκλήματα;
1468 3083 1561 3151 Οἷς
1590 3089 1698 3160 γὰρ
1734 3090 1798 3142 ἂν
1829 3091 2025 3161 ἁπᾴδοι

427 3179 496 3231 τὸ
536 3177 764 3249 ἀληθὲς,
796 3178 1008 3242 τούτοις
1038 3178 1104 3232 ἂν
1133 3178 1361 3247 γένοιτο,
1400 3180 1494 3233 καὶ
1535 3180 1655 3234 λίαν
1682 3181 1933 3252 ἑτοίμως,
1967 3185 2025 3237 ἐν
2053 3212 2095 3271 C

428 3269 726 3341 παραδοχῇ
754 3269 815 3322 τὺ
845 3269 921 3340 μὴ
947 3269 1121 3332 οὕτως
1159 3270 1303 3341 ἕχον,
1331 3272 1424 3324 καὶ
1451 3271 1512 3324 τὺ
1542 3275 1652 3336 τοῖς
1683 3274 2026 3344 ἀριστοεπεῐν

430 3363 694 3416 εἰωθόσιν
713 3363 995 3432 ἐπιτιμᾷν,
1018 3361 1103 3433 εῐη
1125 3361 1191 3416 ἂν
1214 3362 1315 3415 οὐκ
1342 3362 1597 3434 ἀζήμιον·
1623 3364 1824 3435 μᾶλλον
1844 3364 1901 3418 δὲ
1924 3366 2026 3437 ήδη

425 3454 534 3509 καὶ
558 3454 841 3519 ἀπόδειξις
873 3453 1109 3525 ἐναργὴς
1134 3453 1228 3509 τοῦ
1262 3454 1686 3527 προσκεκλίσθαι
1719 3457 1794 3527 τῷ
1820 3457 2024 3527 ψεύδει,

428 3549 531 3602 καὶ
568 3546 669 3601 τοῦ
699 3548 918 3601 ἑλέσθαι
944 3550 1130 3619 τιμᾷν,
1164 3547 1200 3602 ἃ
1228 3550 1322 3602 καὶ
1356 3553 1534 3619 μισεῖν
1566 3549 1811 3621 ἄμεινον,
1842 3552 1918 3614 ὡς
1947 3551 2028 3603 λο-

426 3639 644 3710 γισμοῦ
688 3638 786 3692 τοῦ
821 3641 1031 3703 εἰκότος
1073 3640 1458 3710 ἡμαρτηκότα.
1507 3641 1668 3695 Ἀλλά
1695 3642 1803 3695 τῶν
1853 3642 2027 3707 οὕτως

427 3732 685 3802 αἰσχρῶν
712 3730 975 3800 ἐννοήσας
1013 3729 1187 3793 οὐδεὶς
1210 3729 1435 3803 [οὐδὲν],
1453 3732 1644 3786 ἑαυτὸν
1676 3734 1775 3804 μὲν
1796 3734 1898 3807 ἔφη
1926 3736 2025 3806 τῆς

428 3823 701 3894 ἀληθείας
728 3821 981 3890 γενέσθαι
1005 3822 1097 3875 τὸν
1118 3821 1372 3893 ἐραστὴν,
1391 3824 1539 3894 ἡμᾶς
1566 3823 1623 3876 δὲ
1645 3826 2025 3893 τεκταίνεσθαι

426 3917 493 3969 τὸ
523 3915 726 3985 ψεῦδος
764 3915 913 3987 αὐτῷ
932 3932 946 3945 ’
969 3914 1149 3969 καίτοι
1181 3916 1243 3968 τὸ
1272 3918 1460 3987 χρῆμα
1489 3915 1636 3970 ἐστιν
1664 3917 1724 3982 ἐξ
1753 3919 2025 3990 ἀντιστρό-

425 4023 538 4076 ςου
579 4007 786 4079 μᾶλλον
823 4008 970 4074 ἰδεῖν,
1011 4009 1094 4062 ὃτι
1133 4024 1192 4060 τε
1225 4007 1402 4077 ὀρθῶς
1432 4007 1566 4079 ἔχει,
1596 4010 1688 4063 καὶ
1716 4009 1861 4063 ἐστιν
1895 4010 2025 4082 άλη-

426 4097 527 4162 θὲς
552 4115 566 4128 ·
616 4098 678 4151 ὐ
705 4097 815 4169 γάρ
846 4115 926 4151 τοι
954 4097 1054 4151 τοῦ
1088 4096 1316 4166 ψεύδους
1371 4099 1464 4150 καὶ
1498 4097 1597 4168 τῆς
1629 4098 1847 4168 ἀπάτης
1897 4115 2025 4151 συν-

426 4190 641 4259 ήγορος
686 4191 801 4251 τοῖς
854 4189 956 4257 τῆς
1013 4187 1271 4259 ἀληθείας
1325 4192 1716 4252 συνασπισταίς
1762 4191 2025 4244 ἀνάπτειν

426 4280 696 4349 πειρᾶται
749 4283 848 4349 τῆς
901 4279 1272 4349 ψευδομυθίας
1318 4280 1410 4333 τὸν
1463 4282 1670 4352 μῶμον,
1728 4282 1869 4352 τάχα
1920 4300 2022 4336 που

426 4372 529 4424 καὶ
580 4372 664 4434 είς
713 4370 885 4441 λήθην
933 4370 1213 4443 ἐληλακὼς
1264 4370 1356 4425 τοῦ
1408 4374 1687 4444 προφήτου
1741 4374 2020 4443 λέγοντος

433 4480 453 4513 ι
504 4462 646 4514 Οὐαὶ
678 4463 728 4514 οἱ
765 4463 1015 4530 λέγοντες
1059 4452 1133 4516 «:b‘
1166 4463 1402 4535 πονηρὸν
1448 4465 1632 4528 καλὸν,
1666 4467 1757 4519 καὶ
1780 4468 1839 4520 τὸ
1861 4469 2023 4522 καλὸν

2136 1967 2300 2034 parit,
2339 1966 2431 2019 sed
2459 1966 2603 2021 Deus
2652 1968 2888 2022 animam
2915 1969 3124 2033 tribuit,
3157 1985 3329 2038 neque
3361 1971 3478 2024 ideo
3503 1971 3716 2026 dicetur

2135 2055 2331 2110 anima:
2360 2057 2614 2126 genitrix,
2643 2059 2768 2126 quia
2796 2060 3007 2128 peperit
3034 2062 3354 2127 animatum,
3408 2063 3500 2116 sed
3536 2062 3714 2131 potius

2135 2147 2368 2203 hominis
2396 2150 2630 2218 genitrix
2667 2167 2682 2217 ;
2716 2151 2796 2205 sic
2827 2167 3041 2220 quoque
3082 2153 3237 2206 beata
3284 2152 3467 2222 Virgo,
3512 2154 3712 2222 inquit,

2134 2240 2235 2294 etsi
2271 2241 2482 2307 peperit
2508 2241 2778 2297 hominem
2815 2244 2973 2298 simul
3006 2259 3128 2299 cum
3179 2245 3270 2298 illo
3297 2255 3713 2314 pertranseunte

2133 2329 2225 2385 Dei
2268 2331 2445 2387 Verbo
2478 2333 2624 2402 (nam
2664 2334 2763 2389 hac
2815 2343 2897 2391 est
2937 2351 3072 2392 voce
3115 2335 3288 2409 usus),
3325 2353 3431 2395 non
3486 2338 3606 2394 ideo
3629 2345 3715 2394 est

2134 2422 2228 2480 Dei
2255 2424 2547 2496 genitrix.]

2789 2561 2939 2617 CAP.
2974 2561 3064 2618 iV.

2205 2715 2339 2770 Num
2381 2716 2562 2785 igitur,
2592 2731 2797 2786 quaso,
2822 2696 3190 2775 accusandum
3252 2731 3410 2788 putas
3442 2724 3584 2793 quod
3621 2725 3708 2780 di-

2130 2809 2273 2861 citur
2302 2823 2330 2861 ο
2374 2809 2529 2864 nobis
2558 2810 2582 2861 ?
2616 2825 2741 2862 num
2803 2809 2919 2876 tibi,
2966 2826 3084 2880 qua:
3124 2819 3230 2864 tam
3284 2822 3432 2867 recta
3483 2827 3611 2871 sunt
3646 2830 3712 2871 ac

2130 2900 2320 2967 proba,
2343 2899 2507 2954 stulte
2540 2901 2981 2968 reprehendenda
3007 2902 3288 2957 videntur?
3312 2919 3376 2959 ac
3400 2921 3503 2961 non
3533 2909 3711 2975 potius

2131 2999 2364 3044 mentem
2410 3000 2554 3043 tuam
2602 2991 2888 3046 accusabis
2941 2994 3082 3059 quod
3144 3005 3291 3049 recte
3344 2997 3550 3051 sentire
3603 3013 3708 3053 non

2130 3081 2304 3134 valeat
2332 3080 2489 3150 ?18
2516 3080 2652 3134 Nam
2694 3081 2891 3148 quibus
2934 3082 3183 3151 displicet
3233 3086 3464 3151 veritas,
3506 3089 3571 3143 iis
3606 3104 3708 3144 usu

2131 3174 2298 3236 venit,
2325 3174 2612 3241 etquidem
2647 3172 2923 3239 facillime,
2964 3184 3023 3228 ut
3053 3175 3104 3229 id
3153 3178 3295 3244 quod
3334 3192 3493 3234 secus
3546 3181 3713 3237 habet

2130 3265 2581 3333 amplectantur:
2641 3276 2697 3319 et
2764 3276 2913 3320 recte
2968 3266 3253 3336 loquentes
3314 3270 3712 3339 reprehendere

2126 3357 2267 3411 baud
2319 3358 2515 3413 damno
2542 3366 2716 3421 vacat,
2751 3358 2863 3412 imo
2907 3371 3036 3412 vero
3070 3370 3451 3428 argumentum
3481 3372 3565 3418 est
3589 3364 3707 3419 evi-

2125 3450 2258 3504 dens
2285 3450 2451 3504 animi
2488 3451 2554 3505 ad
2589 3450 2879 3505 falsitatem
2911 3455 3186 3521 propensi,
3209 3463 3263 3508 et
3290 3469 3351 3509 ea
3374 3457 3710 3525 amplectens

2127 3542 2198 3597 tis
2232 3558 2353 3612 quae
2375 3544 2653 3597 exsecrari
2713 3553 2935 3612 praestat
2969 3553 3026 3597 ut
3056 3559 3085 3598 a
3116 3553 3259 3600 recta
3298 3546 3509 3602 ratione
3549 3548 3710 3604 dissi-

2126 3634 2329 3689 dentia.
2362 3631 2468 3689 Sed
2502 3649 2660 3702 quam
2694 3635 2798 3689 sint
2837 3638 2950 3689 haec
2980 3637 3153 3705 turpia
3193 3637 3324 3691 nihil
3353 3640 3617 3708 cogitans,
3647 3653 3709 3694 se

2124 3740 2245 3780 esse
2278 3726 2414 3779 dixit
2448 3726 2692 3779 veritatis
2726 3736 3050 3792 amatorem,
3101 3743 3199 3783 nos
3254 3739 3445 3785 contra
3495 3742 3708 3786 struere

2125 3817 2464 3871 mendacium
2506 3835 2520 3871 :
2561 3833 2683 3872 cum
2735 3818 2787 3872 id
2844 3819 3156 3873 econtrario
3214 3831 3270 3875 et
3333 3821 3735 3877 rationabilius'

2123 3922 2244 3963 esse
2271 3917 2327 3986 e‘t
2371 3908 2555 3963 verius
2603 3910 2947 3979 perSpicuum
2990 3911 3062 3965 sit
3094 3926 3260 3966 :nam
3317 3912 3567 3968 falsitatis
3617 3928 3706 3968 er-

2125 3997 2375 4064 rorisque
2402 4007 2679 4065 patronus,
2706 3999 2951 4052 veritatis
2990 4008 3415 4069 prepugnatores
3452 3998 3705 4057 falsitatis

2125 4090 2335 4143 macula
2363 4097 2591 4143 conatur
2620 4104 2930 4159 aspergere.
2953 4091 3154 4146 oblitus
3184 4091 3412 4148 fortasse
3430 4097 3706 4163 propheta:

2126 4182 2355 4236 dicentis
2394 4201 2408 4235 :
2451 4201 2470 4235 ι
2507 4181 2597 4236 Vm
2628 4184 2717 4253 qui
2746 4184 3151 4238 dicuntbonum
3180 4185 3377 4239 malum
3419 4193 3475 4241 et
3509 4187 3705 4241 maium

2124 4276 2349 4339 bonum,
2385 4276 2474 4344 qui
2508 4286 2715 4344 ponunt
2754 4277 3004 4332 tenebras
3044 4276 3220 4332 lucem
3268 4289 3321 4332 et
3349 4277 3520 4334 lucem
3555 4290 3706 4334 tene-

2124 4368 2254 4422 bras
2289 4366 2331 4398 “
2358 4368 2370 4421 ι
2400 4386 2418 4418 ι
2459 4365 2745 4420 Vcrumex
2793 4366 2956 4420 allato
3012 4382 3040 4420 ο
3097 4382 3156 4423 se
3196 4369 3439 4439 exemplo
3495 4368 3706 4441 nescire

2127 4461 2275 4515 illum
2320 4470 2507 4530 aperte
2552 4458 2679 4525 quid
2710 4458 2874 4527 dicat,
2907 4474 3201 4528 coarguere
3233 4462 3491 4514 conabor.

426 4552 708 4623 πονηρόνο
742 4553 792 4604 oi
827 4552 1069 4616 τιθέντες
1115 4552 1175 4605 τὺ
1214 4554 1401 4615 σκότος
1438 4555 1518 4618 εἰς
1569 4554 1705 4622 φῶς,
1740 4556 1833 4610 καὶ
1872 4558 1931 4611 τὸ
1975 4561 2091 4629 φῶς
2144 4559 2223 4619 εἰς
2272 4552 2482 4612 σκότος·
2519 4569 2537 4600 ι
2580 4546 2725 4616 Πλὴν
2752 4548 2816 4599 ἐκ
2850 4546 2942 4600 τοῦ
2983 4547 3370 4618 παροίσθέντος
3407 4550 3556 4620 αὑτῷ
3584 4568 3706 4624 ,πα·’

425 4646 801 4719 ραδείγματος
852 4647 988 4718 μηδὲ
1042 4647 1220 4701 εἰδότα
1275 4648 1483 4718 σαφῶς,
1532 4650 1559 4703 ὃ
1611 4651 1781 4720 λέγει,
1832 4654 2098 4725 διελέγξαι
2128 4651 2482 4723 πειράσομαι.
3012 4720 3015 4727 Ι

499 4735 766 4789 Τίκτεται
802 4737 900 4805 μὲν
929 4736 1040 4806 γὰρ
1081 4738 1190 4791 ἀπὸ
1234 4738 1435 4809 σαρκὸς
1479 4741 1512 4809 ἡ
1560 4739 1696 4813 σὰρξ
1740 4742 2025 4812 ὁμολογου-

2202 4741 2455 4810 Gignitur
2480 4737 2622 4791 enim
2662 4750 2690 4789 a
2722 4750 2885 4790 carne
2943 4750 3071 4790 caro
3098 4737 3283 4805 procul
3316 4738 3498 4807 dubio,
3532 4750 3586 4796 ct
3619 4745 3706 4801 ille

424 4828 617 4900 μένως
638 4842 653 4855 ·
695 4830 723 4882 ὁ
761 4827 817 4881 δέ
863 4845 925 4896 γε
957 4828 1066 4882 τῶν
1100 4830 1237 4883 ὅλων
1269 4833 1613 4903 Δημιουργὸς
1658 4834 1782 4887 καθ’
1808 4835 1866 4889 ὃν
1905 4832 2013 4891 οἶδε

418 4919 635 4993 τρόπον
681 4936 741 4971 τε
796 4919 891 4971 καὶ
934 4918 1112 4987 λόγον,
1163 4923 1399 4975 ποιεῖται
1429 4922 1526 4992 τὴν
1571 4922 1852 4994 ψύχωσινο
1907 4925 2022 4980 ἀλλ’

418 5014 453 5081 ἡ
486 5008 736 5063 τεκοῦσα
766 5010 923 5080 γυνὴ,
974 5010 1152 5064 καίτοι
1191 5012 1360 5081 μόνης
1391 5008 1526 5066 οὖσα
1556 5015 1709 5084 πηγὴ
1752 5017 1853 5087 τῆς
1900 5034 2024 5087 σαρ⁴

417 5104 543 5166 κὸς,
598 5100 893 5171 ἄνθρωπον
943 5101 1065 5155 ὅλον
1109 5104 1400 5156 ἀποτεκεῖν
1436 5106 1773 5173 πιστεύεται,
1823 5107 1913 5160 τὸν
1957 5108 2023 5161 ὲκ

414 5191 609 5262 ψυχῆς
641 5190 708 5261 δὴ
757 5190 901 5260 λέγω
948 5192 1041 5245 καὶ
1090 5190 1364 5262 σώματος,
1418 5194 1595 5247 καίτοι
1624 5194 1758 5265 πρὸς
1787 5195 1885 5266 τὴν
1921 5198 2022 5267 τῆς

414 5284 610 5355 ψυχῆς
668 5270 907 5355 ὓπαρξιν
952 5284 1063 5338 τῶν
1109 5286 1241 5356 παρ’
1291 5286 1489 5358 ἑαυτῆς
1537 5286 2021 5356 συνεισενεγκοῦσαι

420 5377 600 5447 μηδέν
630 5393 644 5407 ·
677 5376 706 5427 ὁ
746 5374 819 5426 δέ·
842 5392 908 5444 γε
957 5375 1242 5447 ἄνθρωπον
1290 5376 1481 5442 είπὼν,
1535 5379 1871 5448 συνεσήμηνέ
1918 5395 2021 5431 που

415 5470 649 5530 πάντως
678 5466 759 5537 τῷ
792 5466 1009 5537 σώματι
1037 5469 1138 5537 τὴν
1164 5468 1456 5522 ἐνωθεῖσαν
1486 5469 1637 5540 αὐτῷ
1663 5466 1871 5541 ψυχήν.’
1900 5470 2022 5522 ’Ὠσ-

412 5574 529 5628 περ
555 5553 653 5610 οὖν
679 5559 713 5627 ἡ
762 5556 924 5628 γυνὴ,
964 5556 1140 5610 καίτοι
1175 5556 1414 5612 τεκοῦσα
1440 5558 1501 5611 τὸ
1533 5558 1692 5629 σῶμα
1719 5559 1901 5629 μόνον,
1929 5558 2020 5611 τὸν

411 5650 481 5701 ἐκ
513 5648 699 5718 ψυχῆς
735 5647 832 5700 καὶ
880 5646 1138 5717 σώματος
1171 5647 1489 5705 ἀποτίκτειν
1532 5649 1786 5719 λέγεται·
1838 5647 2019 5702 διαλυ-

486 5830 530 5860 ⁶¹
572 5828 681 5883 lsa.
720 5842 775 5895 ν,
808 5827 897 5880 20.

2128 4847 2311 4888 rerum
2342 4829 2581 4884 omnium
2614 4825 2806 4894 Opifcx
2856 4826 3014 4881 modo
3042 4836 3096 4881 et
3140 4828 3349 4885 ratione
3383 4846 3540 4900 quam
3589 4835 3704 4904 ipse

2126 4924 2295 4988 novit,
2331 4930 2389 4975 ut
2426 4919 2661 4973 animata
2728 4918 2799 4972 sit
2856 4914 3014 4972 eﬂicit
3062 4933 3075 4971 :
3119 4919 3213 4973 sed
3274 4918 3451 4975 tamen
3512 4925 3704 4980 mulier

2124 5030 2245 5084 quae
2299 5011 2530 5083 peperit,
2582 5008 2689 5063 etsi
2742 5009 2922 5063 carnis
2979 5011 3354 5066 tantummodo
3400 5013 3471 5068 sit
3529 5016 3702 5086 origo,

2126 5116 2296 5159 totum
2329 5103 2604 5157 hominem
2635 5110 2812 5155 tamen
2856 5101 3014 5156 enixa
3073 5102 3343 5170 creditur,
3400 5119 3467 5159 ex
3521 5106 3703 5161 anima

2122 5195 2342 5264 inquam
2367 5206 2421 5248 et
2445 5207 2689 5261 corpore,
2716 5193 2963 5261 quamvis
2990 5193 3057 5248 ad
3104 5195 3477 5254 exsistentiam
3510 5198 3703 5253 animae

2122 5287 2260 5343 nihil
2287 5301 2317 5340 a
2353 5301 2412 5341 se
2442 5286 2556 5354 ipsa
2584 5284 2912 5339 contulerit:
2952 5287 3046 5340 sed
3098 5294 3280 5342 tamen
3305 5288 3396 5359 qui
3429 5289 3719 5345 hominem

2121 5379 2282 5445 dixit,
2314 5379 2549 5432 animam
2583 5393 2797 5447 quoque
2828 5380 3043 5448 corpori
3095 5380 3303 5435 unitam
3342 5379 3502 5435 simul
3534 5383 3702 5454 signi-

2121 5469 2322 5523 ﬁcavit.
2361 5469 2431 5524 Ut
2460 5483 2591 5538 ergo
2615 5468 2810 5523 mulier
2831 5468 3076 5538 quamvis
3096 5469 3273 5525 solum
3301 5486 3497 5542 corpus
3514 5473 3696 5539 enixa,

2121 5574 2183 5615 ea
2217 5574 2444 5629 corpore
2468 5568 2523 5615 et
2551 5561 2730 5614 anima
2780 5568 3120 5617 constantem
3155 5563 3432 5632 peperisse
3470 5563 3696 5629 dicitur,

2122 5662 2300 5721 neque
2324 5660 2500 5707 tamen
2533 5651 2584 5707 id
2613 5652 2808 5707 anima:
2841 5653 3143 5710 rationibus
3185 5654 3480 5725 quidquam
3506 5655 3692 5722 ofﬁcit,
