4150 6492
435 399 501 452 7,9
1117 422 1129 430 ο
1412 390 1470 448 S.
1493 387 1771 447 CYRILLI
1812 389 2281 449 ALEXANDRINI
2318 394 2638 454 ARCHIEP.
3636 406 3706 464 ιο

432 511 586 580 quasi
632 524 848 564 carnem
890 522 999 562 sua:
1033 504 1367 562 exsislentia:
1398 504 1653 560 babuerit
1684 505 1916 568 initium,
1946 505 2020 559 ita

2140 513 2379 579 μανεϊται
2422 513 2480 566 δὲ
2522 515 2681 568 τοῦτο
2709 515 2820 578 τοῖς
2866 515 2962 585 τῆς
2989 514 3168 586 ψυχῆς
3211 514 3390 584 λόγοις
3423 516 3594 582 οὐδὲν,
3631 521 3707 585 ὡς

433 603 599 654 etiam
627 617 684 654 se
707 617 794 654 res
824 600 985 653 habet
1019 599 1070 652 in
1125 599 1279 651 beata
1328 594 1551 664 Virgine
1580 611 1594 649 :
1623 612 1746 649 nam
1806 596 2020 650 etiamsi

434 697 638 741 sanctae
691 688 833 740 illius
897 687 1082 741 carnis
1142 695 1225 740 est
1277 693 1471 747 mater,
1509 687 1761 739 'attamen
1812 687 2022 739 unitum

435 779 537 833 sibi
591 794 777 833 revera
810 779 940 831 illud
976 793 1042 831 ex
1106 779 1214 831 Deo
1259 776 1428 831 Deum
1486 775 1719 831 Verbum
1771 779 2022 846 peperit:

439 882 613 938 neque
649 871 692 922 si
747 869 868 935 quis
903 868 1047 921 illam
1086 866 1179 920 Dei
1218 867 1538 935 genitricem
1591 868 1811 931 dixerit,
1853 869 2028 923 conti-

441 974 547 1012 nuo
596 973 820 1028 prorsus
871 957 961 1010 Dei
1015 955 1193 1009 Verbo
1253 958 1545 1010 novitatem
1609 956 1890 1026 impinget,
1934 965 2028 1011 aut

441 1065 552 1104 suae
609 1049 943 1102 exsistentia:
991 1047 1206 1101 initium
1244 1063 1272 1100 a
1301 1062 1464 1100 carne
1515 1047 1730 1100 duxisse
1784 1047 2024 1112 deliniet,

443 1141 538 1196 sed
589 1141 774 1206 potius
809 1139 1242 1208 dispensationis
1299 1138 1515 1191 modum
1548 1137 1833 1207 intelliget,
1866 1147 2029 1206 atque

441 1232 604 1286 etiam
626 1231 702 1284 rei
732 1239 895 1283 tanta:
920 1229 1279 1283 admiratione
1306 1228 1513 1282 deﬁxus
1535 1229 1712 1282 dicet:
1740 1247 1758 1280 ι
1781 1228 2027 1292 Domine,

444 1323 621 1377 audivi
663 1322 902 1375 auditum
939 1332 1110 1384 tuum,
1165 1330 1220 1372 et
1258 1320 1448 1385 timui;
1504 1319 1746 1384 Domine,
1777 1319 2028 1373 conside-

444 1415 556 1470 ravi
589 1428 750 1482 opera
795 1423 903 1476 tua,
934 1423 988 1466 et
1019 1413 1216 1480 expavi
1243 1411 1310 1464 ".
1354 1429 1372 1461 ι
1413 1411 1518 1464 Sed
1565 1409 1669 1466 iste
1700 1411 1919 1477 sapiens
1975 1411 2026 1463 in

445 1505 633 1574 primis
661 1513 715 1558 et
743 1512 933 1556 acutus
971 1504 1276 1568 expositor,
1321 1502 1412 1570 qui
1445 1501 1552 1554 vim
1613 1501 1846 1569 exempli
1900 1516 2024 1570 per-

445 1595 702 1663 cepisset,
761 1589 899 1662 [Sie,
971 1591 1169 1658 inquit.
1235 1591 1399 1645 etiam
1462 1593 1616 1644 beata
1673 1588 1864 1659 Virgo,
1929 1590 2027 1643 etsi

447 1685 656 1754 peperit
686 1683 959 1744 hominem
1008 1683 1166 1735 simul
1210 1691 1628 1751 pertranseunte
1662 1697 1786 1735 enm
1813 1682 1902 1736 illo
1932 1680 2024 1734 Dei

2128 607 2304 678 σάρκα
2353 608 2450 674 τὴν
2505 607 2612 659 ἁπδ
2657 609 2758 678 τῆς
2805 606 2944 671 ίδίας
2991 607 3276 680 ὑπάρξεως
3323 608 3709 682 λαμϐανούσης

2127 698 2322 769 ἀρχὴν,
2369 699 2511 752 οῦτω
2547 701 2639 752 καὶ
2681 700 2773 752 ἐπὶ
2825 702 2923 770 τῆς
2970 701 3247 772 μακαρίας
3297 701 3614 774 Παρθένουο
3659 707 3708 758 εί

2126 795 2234 863 γὰρ
2265 793 2358 847 καὶ
2403 795 2586 865 μήτηρ
2616 795 2733 846 ἐστὶ
2765 794 2864 864 τῆς
2907 795 3069 864 ἁγίας
3103 795 3324 866 σαρκὸς.
3360 797 3476 850 ἁλλ’
3504 793 3596 852 οῦν
3627 801 3711 853 ἐκ·

2126 885 2350 939 τέτοκεν
2398 886 2665 941 ἐνωθέντα
2697 887 2834 957 αὐτῇ
2866 887 3008 940 κατὰ
3051 887 3310 958 ἀλήθειαν
3343 888 3435 942 τὸν
3479 889 3543 942 ἐκ
3573 889 3709 943 Θεοῦ

2128 979 2260 1032 Θεδν
2295 978 2499 1046 Λόγον·
2547 978 2652 1032 κᾶν
2693 978 2746 1032 εί
2788 996 2872 1042 τις
2899 979 3034 1052 λέγῃ
3073 979 3334 1034 Θεοτόκον
3363 982 3556 1052 αὐτὴν,
3591 983 3712 1052 ούχὶ

2128 1071 2191 1141 δή
2239 1089 2341 1124 που
2374 1071 2595 1135 πάντως
2633 1071 2878 1142 καθοριεῖ
2918 1071 3012 1125 τοῦ
3040 1071 3176 1124 Θεοῦ
3207 1072 3384 1141 Λόγου
3421 1073 3482 1127 rb
3520 1071 3714 1128 νεώτε-

2133 1181 2246 1236 ρον,
2273 1164 2396 1217 οὕτε
2429 1165 2535 1234 μὴν
2557 1165 2656 1235 τῆς
2680 1165 2813 1228 ἰδίας
2840 1163 3126 1235 ὑπάρξεως
3154 1165 3253 1237 τὴν
3279 1159 3456 1239 ἀρχὴν
3483 1167 3714 1238 πεποιῆ-

2132 1254 2256 1308 σθαι
2284 1255 2383 1326 τὴν
2419 1255 2597 1328 σάρκα
2619 1272 2631 1286 ο
2666 1257 2884 1326 συνήσει
2926 1255 2982 1308 δὲ
3025 1255 3222 1325 μᾶλλον
3269 1257 3371 1327 τῆς
3401 1257 3712 1328 οἰκονομίας

2127 1345 2220 1398 τὸν
2250 1345 2483 1415 τρόπον’
2526 1345 2619 1398 καὶ
2649 1345 2712 1413 δὴ
2759 1346 2853 1398 καὶ
2895 1344 3181 1413 θαυμάσας
3212 1345 3272 1397 rb
3313 1345 3523 1416 χρῆμα,
3564 1347 3708 1417 ἐρεῖ⁶

2137 1452 2156 1484 ι
2202 1433 2398 1505 Κύριε,
2431 1435 2733 1504 εἰσακήκοα
2772 1434 2870 1505 τὴν
2906 1435 3077 1505 ἀκοήν
3114 1451 3227 1496 σου,
3259 1435 3354 1487 καὶ
3402 1434 3710 1506 ἐφοϐήθηνο

2131 1523 2324 1592 Κύριε,
2355 1525 2658 1595 κατενόησα
2682 1523 2748 1576 τὰ
2775 1524 2911 1594 ἔργα
2938 1540 3054 1586 σου,
3087 1524 3182 1578 καὶ
3223 1523 3465 1596 ἐξέστην.
3507 1544 3525 1576 ι
3574 1525 3713 1579 Ἀλλ’

2130 1616 2158 1667 ὁ
2199 1615 2472 1684 πάνσοφος
2517 1617 2648 1685 ἡμῖν
2693 1616 2789 1669 καὶ
2839 1616 3094 1687 ἀγχίνους
3145 1615 3417 1688 ἐξηγητὴς
3468 1617 3568 1689 τὴν
3618 1616 3713 1671 τοῦ

2133 1707 2576 1779 παραδείγματος
2603 1707 2833 1778 δύναμιν
2859 1709 3128 1779 νενοηκὼς
3150 1725 3164 1739 ⁸
3193 1707 3391 1780 [Ούτω,
3425 1710 3580 1780 φησὶ,
3621 1709 3717 1763 καὶ

450 1774 646 1838 Verbo,
687 1789 792 1829 non
843 1774 962 1827 ideo
1006 1783 1090 1827 est
1125 1773 1218 1826 Dei
1265 1773 1499 1842 genitrix
1535 1790 1549 1826 :
1590 1772 1695 1842 19
1736 1788 1840 1827 non
1883 1773 2026 1826 enim

2140 1801 2168 1869 ἡ
2197 1772 2324 1869 ἁγία
2356 1772 2653 1871 Παρθένος,
2685 1772 2780 1853 καὶ
2807 1801 2853 1852 εί
2879 1772 3098 1853 τέτοκεν
3126 1772 3716 1874 ἁνθρωπονξσυμέπαρ-

447 1865 610 1921 Verbi
647 1865 885 1935 dignitas
917 1880 943 1918 a
973 1867 1144 1928 beata
1182 1865 1401 1934 Virgine
1429 1867 1616 1932 coepit,
1650 1867 1744 1919 sed
1790 1873 1910 1918 erat
1937 1880 2028 1917 na-
2064 1857 2106 1914 Β

450 1966 572 2013 tura
627 1955 816 2028 Deus.]
841 1956 983 2022 Quid
1045 1966 1225 2010 autem
1281 1957 1353 2010 sit
1411 1957 1646 2010 Verbum
1701 1955 1862 2010 simul
1905 1971 2030 2011 cum

447 2061 613 2100 carne
663 2045 1018 2116 pertransire,
1055 2045 1168 2113 ipse
1193 2043 1423 2098 fortasse
1447 2046 1615 2109 norit,
1643 2059 1706 2098 ac
1728 2044 1896 2098 solus.
1927 2045 2033 2099 Sed

447 2139 584 2192 satis
611 2138 796 2191 mirari
829 2150 1041 2206 nequeo
1073 2146 1180 2189 tam
1211 2137 1465 2190 subtilem
1502 2137 1645 2192 illius
1675 2137 2032 2208 diligentiam.

448 2230 583 2284 Nam
608 2229 845 2285 Verbum
893 2230 1069 2298 ipsum
1091 2228 1206 2303 Dei
1236 2229 1449 2282 unitum
1482 2244 1602 2283 esse
1648 2231 1799 2283 carni
1831 2245 2031 2284 secun-

449 2323 574 2377 dum
631 2322 989 2392 bypostasim,
1045 2334 1226 2374 sermo
1285 2319 1533 2374 veritatis
1584 2321 1841 2390 praedicat
1885 2339 1898 2374 :
1950 2322 2037 2376 bic

452 2429 580 2469 vero
628 2413 790 2470 simul
852 2412 1212 2483 pertransisse
1268 2413 1561 2482 (quidnam
1618 2428 1683 2468 eo
1715 2412 1879 2466 verbo
1910 2413 2039 2468 velit

451 2505 670 2575 nescio)
705 2519 848 2574 smpe
888 2505 1165 2558 inculcatis
1212 2503 1466 2559 atiirmat.
1527 2505 1732 2558 Deinde
1779 2521 1903 2560 cum
1971 2505 2038 2560 de

451 2609 643 2652 natura
679 2599 835 2653 nobis
861 2606 916 2652 et
945 2598 1152 2653 unitate
1175 2599 1470 2653 secundum
1499 2599 1834 2668 bypostasim
1861 2601 2038 2655 omnis

451 2691 525 2747 sit
584 2691 724 2744 ratio
780 2691 1078 2761 proposita,
1128 2701 1183 2745 et
1232 2692 1603 2761 pervestigare
1659 2693 1874 2746 studeat
1929 2709 2038 2748 non

451 2781 711 2854 quidnam
775 2781 846 2836 sit
887 2783 1184 2836 secundum
1252 2783 1572 2853 dignitatem
1633 2785 1760 2838 illud
1819 2799 1884 2839 ex
1932 2785 2041 2840 Deo

454 2872 718 2937 Verbum,
754 2875 848 2927 sed
886 2883 1067 2926 utrum
1130 2889 1192 2928 ex
1249 2875 1654 2942 dispensatione
1709 2875 1910 2928 factum
1970 2877 2042 2930 sit

456 2964 666 3026 homo,
725 2973 778 3017 et
835 2979 1054 3018 carnem
1104 2979 1166 3019 ex
1223 2964 1449 3018 muliere
1504 2967 1774 3036 prapriam
1828 2966 2040 3032 fecerit,

453 3053 806 3124 quaestionem
860 3053 912 3106 in
968 3053 1070 3107 alia
1113 3054 1348 3108 absurde
1391 3054 1675 3118 transfert,
1709 3057 1888 3126 aitque
1933 3073 2040 3111 non

453 3159 522 3200 ex
553 3145 708 3198 beata
756 3145 976 3214 Virgine
1035 3145 1352 3213 dignitatem
1405 3161 1531 3200 csse
1578 3145 1753 3202 Verbo
1805 3156 2037 3217 partam,

456 3237 552 3292 sed
604 3236 773 3291 fuisse
820 3247 1014 3291 natura
1046 3236 1242 3291 Deum.
1265 3239 1335 3290 At
1368 3239 1639 3304 quomodo
1675 3254 1779 3292 non
1829 3239 2038 3310 perspi-

455 3343 615 3382 cuum
664 3327 736 3381 sit
784 3327 1268 3395 diversa-prorsus
1300 3342 1420 3382 esse
1469 3330 1788 3398 dignitatem
1833 3341 1886 3384 et
1936 3346 2036 3383 na-

457 3428 640 3473 turam
669 3418 693 3472 ?
720 3417 826 3473 Sed
887 3419 938 3472 in
973 3418 1059 3471 bis
1105 3419 1269 3472 rebus
1301 3419 1652 3474 subtilitatem
1687 3420 1896 3475 dicendi
1933 3435 2037 3474 non

457 3508 642 3578 magni
671 3510 977 3578 pendimus.
1005 3509 1157 3576 Quod
1191 3520 1370 3564 autent
1422 3512 1686 3581 sequitur,
1729 3511 2040 3580 perspicere

457 3599 830 3654 necesserium
881 3614 1004 3653 esse
1057 3614 1440 3654 censemnam
1495 3601 1559 3654 iis
1617 3614 1738 3668 qua:
1794 3614 1822 3652 a
1885 3598 2040 3652 nobis

457 3691 736 3754 dicuntur,
783 3689 927 3744 aliud
979 3691 1249 3760 quoddam
1293 3691 1482 3760 objicit
1530 3699 1934 3760 argumentum,
1984 3697 2043 3740 ut

459 3782 575 3852 ipse
602 3792 751 3837 certe
775 3791 945 3851 putat,
1007 3783 1320 3839 inevitabile
1357 3797 1491 3836 sane
1520 3790 1575 3836 et
1605 3781 1738 3834 satis
1783 3781 2039 3844 validum,

458 3883 522 3928 ut
553 3876 729 3944 possit
773 3885 825 3928 et
863 3875 1078 3944 quidem
1140 3876 1402 3929 audacter
1456 3875 1625 3942 ipsam
1674 3872 2042 3928 Emmanuelis

467 3981 535 4021 ex
576 3967 802 4020 muliere
857 3966 1261 4034 generationem
1298 3965 1482 4019 ludum
1537 3965 1694 4021 nobis
1733 3974 1788 4020 et
1825 3966 2040 4021 inanem

459 4051 699 4112 fabulam
729 4055 979 4111 reddere.
1005 4057 1192 4124 Itaque
1223 4057 1306 4110 sic
1345 4070 1533 4110 rursus
1561 4055 1637 4109 ait
1669 4071 1684 4110 :

531 4293 766 4349 Nas'ron.
813 4291 932 4365 [De
962 4293 1118 4348 beato
1147 4293 1356 4349 Joanne
1391 4292 1634 4364 Baptista
1668 4296 1991 4362 praedicatur
2014 4311 2042 4349 a

2137 1893 2383 1956 ελθόντος
2429 1891 2578 1963 αὐτῷ
2620 1892 2714 1945 ’τοῦ
2750 1891 2887 1946 Θεοῦ
2933 1893 3129 1962 Λόγου,
3177 1893 3291 1947 ἀλλ’
3337 1895 3400 1947 ού
3441 1894 3535 1954 διὰ,
3559 1895 3720 1950 τοῦτο

2134 1987 2426 2049 Θεοτόκος⁹
2457 1988 2519 2040 οὐ
2565 1985 2674 2057 γὰρ
2704 1985 2854 2056 παρὰ
2891 1986 2990 2055 τὴς
3027 1985 3305 2057 μακαρίας
3338 1985 3616 2058 Παρθένου
3657 1985 3720 2040 rb

2136 2076 2355 2147 ἀξίωμα
2403 2077 2601 2146 Λόγου,
2641 2077 2756 2130 ἀλλ’
2809 2071 2876 2149 ἦν
2933 2077 3091 2148 φύσει
3141 2077 3318 2149 Θεός.]
3365 2078 3438 2131 Τὸ
3486 2079 3584 2150 μὲν
3627 2073 3719 2132 οῦν

2137 2169 2543 2241 συμπαρελθεῖν
2575 2172 2641 2240 τῇ
2675 2169 2837 2241 σαρκὶ
2886 2168 2976 2222 τὸν
3008 2169 3202 2237 Λόγον,
3228 2169 3256 2222 ὃ
3301 2169 3354 2221 τί
3390 2171 3518 2222 ποτέ
3547 2171 3718 2232 ἐστιν,

2137 2265 2299 2326 αὐτὸς
2337 2261 2401 2317 ἂν
2442 2262 2629 2332 εἰδείη,
2666 2261 2760 2315 καὶ
2797 2262 2988 2332 μόνος·
3025 2263 3237 2332 ἄγαμαι
3284 2261 3341 2314 δὲ
3389 2261 3592 2332 σφόδρα
3623 2265 3722 2334 τῆς

2138 2353 2280 2406 οὕτω
2312 2353 2516 2423 λεπτῆς
2560 2352 2844 2424 ἀκριϐείας
2875 2352 3024 2424 αὐτῷ
3057 2351 3166 2424 [Ῑσ.
3201 2352 3405 2425 αὐτόν].
3453 2353 3724 2408 Ἢνῶσθαι

2142 2445 2240 2517 μέν
2270 2447 2378 2517 γάρ
2406 2449 2472 2517 τῇ
2511 2447 2676 2514 σαρκὶ
2708 2445 2830 2500 καθ’
2867 2445 3166 2500 ὑπόστασιν
3195 2446 3288 2500 τὸν
3315 2445 3410 2499 τοῦ
3445 2446 3580 2499 Θεοῦ
3619 2449 3724 2500 Λό-

2139 2554 2256 2605 γον,
2290 2539 2318 2590 ό
2357 2538 2458 2608 τῆς
2505 2538 2764 2608 ἀληθείας
2807 2538 3098 2610 πρεσϐεύει
3152 2537 3309 2605 λόγος
3330 2555 3342 2566 ·
3376 2538 3434 2590 τὸ
3464 2538 3518 2591 δὲ
3551 2537 3660 2611 [ἵσ.
3696 2540 3726 2592 ό

2140 2629 2221 2702 δὲ]
2251 2629 2675 2700 συμπαρελθεῖν,
2711 2629 2809 2681 οὐκ
2832 2624 2927 2682 οἷδ’
2959 2630 2986 2682 ὃ
3007 2647 3058 2681 τι
3093 2629 3288 2697 λέγων,
3319 2627 3726 2682 διαϐεϐαιοῦται

2142 2723 2370 2795 πχνῶς.
2407 2718 2541 2775 Εἶτα
2572 2722 2700 2792 περὶ
2732 2719 2944 2789 φύσεως
2984 2721 3137 2790 ἡμῖν,
3178 2722 3269 2774 καὶ
3302 2719 3400 2790 τῆς
3444 2720 3562 2774 καθ’
3596 2721 3727 2775 ὑπό-

2144 2832 2332 2869 στασιν
2379 2814 2624 2878 ἐνώσεως
2650 2813 2748 2868 τοῦ
2784 2815 2986 2878 παντὸς
3021 2814 3382 2885 προκειμένου
3417 2812 3600 2882 λόγου,
3635 2815 3728 2868 καὶ

2142 2907 2420 2978 διερευνᾷν
2457 2906 2867 2974 σπουδάζοντος,
2901 2907 3000 2977 οὐχ
3029 2907 3056 2960 ὅ
3091 2907 3141 2959 τί
3182 2906 3314 2959 ποτέ
3356 2907 3474 2961 ἐστι
3507 2907 3600 2960 καὶ
3630 2907 3727 2978 τὴν

2144 2999 2302 3064 ἀξίαν
2347 3000 2374 3051 ό
2399 2999 2462 3050 ἐκ
2489 2997 2622 3049 Θεοῦ
2654 2999 2846 3065 Λόγος,
2875 2997 2989 3050 ἁλλ’
3028 3000 3076 3050 εἰ
3117 2997 3340 3066 γέγονεν
3369 2997 3729 3069 οίκονομικῶς

2145 3090 2449 3160 ἄνθρωπος,
2485 3090 2620 3144 ίδίαν
2649 3090 3016 3162 ποιησάμενος
3041 3089 3219 3161 σάρκα
3239 3091 3338 3161 τὴν
3360 3091 3423 3143 ἐκ
3452 3089 3728 3158 γυναικὸς,

2067 3196 2110 3256 C
2145 3185 2225 3247 είς
2279 3184 2444 3254 ἔτερα
2497 3184 2756 3254 μεθιστὰς
2805 3183 3110 3246 ἁλλοκότως
3144 3184 3204 3237 τ’)
3264 3183 3617 3253 ζητούμενον,
3652 3183 3728 3238 Οὐ

2149 3277 2304 3348 παρὰ
2351 3277 2448 3346 τῆς
2491 3275 2652 3345 ἁγίας
2703 3277 3012 3348 Παρθένου,
3066 3276 3218 3346 φησι,
3277 3275 3336 3328 rb
3385 3276 3598 3346 ἀξίωμα
3651 3275 3731 3348 τῷ

2147 3368 2326 3435 Λόγῳ,
2363 3368 2480 3420 ἁλλ’
2527 3364 2595 3439 ἦν
2625 3367 2786 3436 φύσει
2833 3368 3000 3432 Θεόςο
3048 3367 3226 3422 καίτοι
3271 3367 3388 3431 πῶς
3419 3369 3514 3438 οὑχ
3546 3369 3732 3441 ἕτερόν

2146 3473 2200 3510 τι
2249 3459 2341 3509 καὶ
2366 3457 2552 3527 ἕτερον
2600 3457 2842 3528 ἐναργῶς
2873 3452 3092 3528 ἀξίωμά
3130 3476 3190 3512 τε
3219 3461 3312 3514 καὶ
3342 3460 3530 3530 φύσις;
3591 3459 3734 3513 Ἀλλ’

2147 3547 2209 3600 ού
2237 3547 2404 3611 πολὺς
2437 3550 2577 3617 ἄγαν
2597 3551 2710 3612 τοῖς
2741 3549 2798 3602 ἑν
2837 3566 2896 3602 τε
2924 3550 3134 3614 τούτοις
3161 3549 3269 3623 [Ζσ.
3299 3554 3396 3620 τῆς
3425 3551 3481 3603 ἔν
3511 3568 3572 3620 γε
3611 3550 3734 3604 τού-

2147 3638 2286 3712 τοις]
2333 3643 2466 3710 ἡμῖν
2518 3641 2870 3711 ίσχνομυθίας
2915 3644 2943 3694 ό
2982 3642 3156 3710 λόγος.
3188 3643 3260 3695 Τὸ
3303 3643 3348 3694 δ’
3389 3639 3481 3696 οῦν
3533 3643 3732 3714 ἐφεξῆς

2150 3733 2445 3798 ἀναγκαῖον
2471 3733 2616 3787 ίδεῖν.
2655 3734 3005 3805 Ἐπιτειχίζει
3049 3736 3158 3806 γάρ
3184 3753 3236 3788 τι
3269 3737 3360 3789 καὶ
3392 3736 3577 3808 ἓτερον
3618 3737 3732 3799 τοῖς

2151 3824 2257 3895 πρὸ
2303 3824 2413 3897 [ἵσ.
2469 3825 2629 3899 πρὸςι
2680 3826 2836 3897 ἡμῶν
2881 3828 3218 3898 λεγομένοις,
3265 3829 3340 3892 ὡς
3383 3828 3514 3896 γοῦν
3561 3826 3731 3882 οἴεταί

2151 3935 2276 3982 που,
2300 3919 2394 3972 καὶ
2421 3919 2816 3988 δυσδιάφυκτον
2850 3921 3067 3992 κομιδῇ,
3101 3922 3196 3975 καὶ
3225 3923 3586 3992 ἀποχρώντως
3609 3923 3732 3993 ἔχον

2151 4013 2230 4076 εἵς
2255 4029 2314 4081 γε
2337 4013 2398 4066 rb
2423 4012 2708 4077 δύνασθαι,
2729 4013 2824 4065 καὶ
2854 4012 2999 4082 μάλα
3031 4014 3315 4078 νεανικῶς,
3342 4010 3502 4067 ἆθλον
3526 4015 3732 4068 εἰκαῖον

2149 4106 2281 4176 ἡμῖν
2325 4104 2421 4176 τὴν
2465 4107 2528 4158 ἐκ
2570 4105 2826 4173 γυναικὸς
2860 4105 3136 4176 ἀποφῆναι
3180 4106 3432 4174 γέννησιν
3465 4106 3556 4160 τοῦ
3599 4107 3733 4179 Ἑμη

2155 4196 2415 4266 μανουήλ.
2447 4196 2583 4267 Φησὶ
2613 4196 2667 4249 δέ
2698 4195 2840 4249 οὕτω
2883 4196 3074 4250 πάλιν·

2225 4287 2316 4361 ['0
2341 4290 2610 4359 μακάριος
2626 4290 2878 4360 Ἰωάννης
2903 4291 2931 4341 ό
2951 4289 3259 4362 Βαπτιστὴς
3291 4289 3730 4360 προκηρύττεται

461 4386 666 4441 sanctis
710 4387 952 4455 angelis,
990 4386 1316 4455 implendum
1365 4399 1485 4438 esse
1548 4385 1805 4439 infantem
1841 4386 2037 4455 Spiritu

2153 4379 2305 4448 παρὰ
2339 4379 2446 4431 τῶν
2495 4381 2666 4448 ἁγίων
2701 4381 2969 4448 ἀγγέλων,
3002 4383 3084 4435 ὅτι
3117 4381 3490 4454 πλησθήσεται
3516 4383 3575 4434 rb
3608 4382 3732 4454 βρέ-

466 4485 653 4531 sancto
684 4477 861 4530 adhuc
905 4491 972 4529 ex
1004 4486 1158 4531 utero
1195 4476 1384 4530 matris
1427 4490 1537 4529 sua:
1579 4493 1594 4542 ;
1634 4486 1686 4530 et
1713 4477 1801 4530 hic
1857 4477 2037 4532 beatus

2156 4487 2253 4538 φος
2281 4471 2600 4541 Πνεύματος
2626 4473 2782 4540 ἁγίου
2825 4473 2905 4526 ἔτι
2937 4475 2999 4526 ἐκ
3040 4473 3247 4536 κοιλίας
3291 4475 3495 4545 μητρὸς
3525 4475 3694 4528 αὑτοῦ
3715 4491 3729 4506 ο

461 4565 700 4623 Joannes
761 4566 999 4639 Baptista
1041 4567 1303 4638 Spiritum
1349 4576 1596 4621 sanctum
1631 4569 1836 4622 habens
1873 4571 2037 4625 editus

2155 4563 2249 4614 καὶ
2272 4562 2495 4632 Πνεῦμα
2518 4563 2672 4631 ἆγιον
2701 4564 2859 4634 ἔχων,
2888 4564 3059 4629 οὕτως
3081 4568 3108 4618 ό
3134 4565 3402 4638 μακάριος
3423 4565 3733 4637 Βαπτιστὴς

464 4670 549 4716 est
591 4661 658 4715 ⁸³.
717 4659 854 4726 Quid
911 4661 1122 4731 igitur?
1151 4659 1518 4728 appellabisne
1571 4661 1739 4729 ipsam
1776 4661 2050 4718 Elisabeth

464 4753 696 4824 Spiritus
725 4750 1086 4822 genitricem?
1129 4749 1243 4802 Iluc
1270 4749 1511 4804 animum
1551 4750 1698 4806 refer
1734 4769 1745 4805 :
1783 4767 1845 4807 ac
1871 4754 1915 4809 si
1957 4755 2049 4824 qui

464 4844 519 4900 in
553 4843 703 4898 vobis
734 4844 932 4897 fuerint
983 4841 1072 4908 qui
1103 4841 1169 4894 ad
1213 4856 1273 4895 ea
1308 4857 1428 4912 quae
1477 4843 1765 4908 dicuntur,
1795 4853 2048 4913 tanquam

464 4938 532 4990 ad
557 4935 791 4988 inaudita
833 4943 886 4988 et
921 4933 1138 4986 insolita
1165 4942 1505 4998 moveantur,
1539 4933 1752 4990 veniam
1784 4935 2047 4992 dateillo-

466 5042 584 5080 rum
617 5021 964 5095 imperitiae..]

1136 5135 1289 5190 CAP.
1317 5134 1380 5189 ιτ.

537 5253 794 5320 Quisnam
847 5253 932 5307 bis
979 5249 1160 5304 verbis
1207 5248 1410 5304 auditis
1459 5263 1563 5302 non
1607 5249 1867 5306 continuo
1899 5252 1951 5306 in
1983 5252 2050 5306 il-

468 5343 576 5400 lam
639 5345 915 5414 propbeta:
973 5356 1161 5396 vocem
1217 5350 1468 5409 erumpat
1513 5358 1528 5394 :
1572 5359 1591 5393 ι
1645 5341 1852 5397 Stultus
1905 5344 2050 5398 enim

469 5438 633 5491 stulta
667 5437 934 5504 loquetur,
964 5442 1019 5488 et
1051 5448 1146 5487 cor
1171 5433 1295 5503 ejus
1325 5447 1464 5486 vana
1493 5435 1772 5500 cogitabit,
1797 5443 1856 5488 ut
1890 5434 2051 5504 perﬁ-

467 5528 578 5580 ciat
623 5527 835 5594 iniqua,
879 5535 932 5579 et
969 5525 1221 5594 loquatur
1265 5526 1524 5580 adversus
1555 5525 1840 5581 Dominum
1893 5527 2052 5581 sedu-

467 5621 702 5675 ctiouem
733 5617 776 5650 "
805 5620 826 5671 ἲ
865 5637 883 5670 ι
923 5617 1178 5673 Seductio
1218 5617 1362 5672 enim
1387 5617 1675 5687 perspicue
1709 5627 1792 5672 est
1821 5627 1873 5670 et
1907 5617 2049 5671 aliud

544 5793 588 5822 ⁵³
628 5791 826 5847 Hahae.
865 5807 949 5861 ιιι,
981 5795 1028 5847 l.
1101 5795 1147 5828 ⁵³
1180 5796 1306 5851 Luc.
1343 5811 1380 5862 l,
1420 5795 1506 5850 l5.
1580 5796 1757 5852 “lsa.
1794 5813 1964 5862 χχχιι,
2006 5799 2059 5853 6.

2155 4654 2502 4710 ἁπετίκτετο.
2541 4658 2606 4708 Τί
2649 4653 2774 4723 οῦν;
2811 4658 2995 4721 καλεῖς
3029 4657 3125 4728 τὴν
3162 4659 3441 4711 Ἐλισάϐετ
3479 4660 3733 4733 Πνευμα-

2155 4747 2412 4814 τοτόκον;
2453 4749 2717 4803 Ἐνταῦθα
2765 4751 2856 4802 τὸν
2905 4750 3029 4803 νοῦν
3081 4751 3383 4820 συνάγαγε·
3435 4753 3536 4806 κᾶν
3589 4768 3734 4816 τινες

2158 4833 2293 4894 ὦσιν
2326 4825 2384 4893 ἐν
2432 4841 2560 4910 ύμῖν
2609 4842 2743 4912 πρὸς
2786 4843 2853 4896 τὰ
2887 4843 3156 4913 λεγόμενα
3204 4843 3552 4914 ξενιζόμενοι,
3600 4843 3735 4915 σύγ-

2159 4948 2332 5002 γνωτε
2361 4931 2462 5001 τῆς
2494 4934 2751 5003 ἀπειρίας
2791 4933 3024 5006 αὺτοῖς.]

2803 5131 2961 5186 ΚΕΦ.
3007 5133 3079 5185 E'.

2229 5244 2340 5296 Καὶ
2363 5244 2445 5308 τίς
2472 5244 2581 5298 τῶν
2611 5243 2863 5298 τοιούτων
2885 5244 3198 5308 ἐπακούσας
3223 5246 3418 5314 λόγων,
3449 5245 3551 5300 οὐκ
3577 5245 3740 5308 εὐθὺς

2159 5339 2275 5408 ἐρεῖ
2300 5336 2360 5392 τὺ
2388 5337 2476 5392 διὰ
2509 5342 2607 5409 τῆς
2640 5337 2735 5390 τοῦ
2763 5341 3042 5409 προφήτου
3085 5340 3267 5410 φωνῆς
3288 5357 3300 5370 ο
3334 5357 3353 5389 ι
3394 5339 3452 5391 '0
3478 5338 3586 5410 γὰρ
3623 5357 3740 5410 μω-

2163 5430 2254 5502 Ρδς
2282 5429 2442 5501 μωρὰ
2472 5431 2715 5501 λαλήσει,
2752 5431 2903 5502 καὶὴ
2941 5431 3138 5502 καρδία
3173 5431 3340 5486 αὑτοῦ
3377 5431 3586 5502 μάταια
3615 5432 3741 5503 νοή-

2163 5535 2266 5585 σει,
2301 5518 2395 5571 τοῦ
2438 5520 2710 5573 συντελεῖν
2749 5522 2962 5591 ἄνομα,
2996 5521 3089 5574 καὶ
3118 5521 3301 5576 λαλεῖν
3349 5522 3486 5592 πρὸς
3531 5522 3736 5592 Κύριον

2161 5611 2458 5682 πλάνησιν;
2506 5631 2524 5666 ι
2591 5613 2860 5684 Πλάνησις
2914 5613 3024 5683 γὰρ
3087 5614 3572 5686 ὁμολογουμένως,
3641 5614 3737 5668 καὶ

3934 6099 4045 6138 ,[μὶ‹
