4150 6438
507 344 580 401 43
1507 336 1568 394 S.
1609 335 1880 393 ςςιιιιιι
1917 335 2097 392 ALEX

2205 336 2391 392 DRINI
2428 336 2750 395 ARCIIIEP.
3715 339 3787 395 ιι

511 467 715 514 metum
754 455 898 512 haud
953 461 1254 527 expertem,
1287 453 1406 510 aliis
1444 454 1797 510 nihilominus
1837 454 2097 510 adversus

2203 457 2283 510 ὅτι
2314 452 2409 523 τὴν
2455 459 2595 511 κατὰ
2624 458 2824 531 σάρκα,
2862 459 2956 513 καί
2987 458 3050 512 ἐκ
3084 458 3377 528 γυναικός⁶
3408 457 3786 529 θορυϐούντων

509 549 660 606 illum
704 548 968 616 efferatis,
1010 549 1124 618 ipse
1188 563 1248 603 se
1302 546 1632 618 interponit,
1690 560 1927 614 moxque
1973 545 2094 601 illos

511 643 809 715 approbat,
846 654 989 710 quos
1035 655 1133 695 sua
1167 638 1411 695 docendo
1470 638 1806 708 perdiderat,
1835 647 2089 693 cmterum

512 735 565 792 in
613 750 734 790 eum
773 734 1011 804 linguam
1046 732 1261 786 exacuit
1306 729 1397 801 qui
1426 729 1595 798 ipsius
1656 730 1910 799 dogmata
1975 744 2083 784 non

511 828 863 893 sustinuerat,
924 834 981 879 et
1037 823 1090 877 in
1134 831 1351 878 sanctos
1404 820 1592 876 Patres
1636 821 1727 890 qui
1775 820 1916 890 piam
1967 818 2091 873 fidei

513 922 879 977 deﬁnitionem
935 917 1093 973 nobis
1143 915 1556 977 constituerant,
1590 926 1754 983 quam
1787 919 1847 964 ut
1917 909 2088 964 animi

2196 549 2253 603 δὲ
2286 550 2421 620 πρὸς
2447 550 2619 605 ταῦτα
2651 551 2760 605 τῶν
2801 551 3012 622 δήμων,
3055 551 3152 605 καὶ
3197 550 3307 603 τῶν
3344 550 3444 621 μὲν
3490 549 3784 616 πλείστων,

2198 643 2295 693 καὶ
2324 641 2584 707 συνετῶν,
2626 643 2687 696 οὐ
2719 643 2961 717 μετρίοις
3004 643 3169 698 αὐτὸν
3207 644 3452 705 ἐπαίνοις
3492 641 3785 712 τετιμηκόο

2197 748 2326 798 των,
2370 731 2447 797 ὡς
2485 734 2685 805 εὐσεϐῆ
2717 752 2801 799 τε,
2844 736 2941 790 καὶ
2979 735 3374 798 συνετώτατον,
3419 732 3643 803 καὶτῆς
3675 733 3787 786 τῶν

2196 821 2484 893 δογμάτων
2514 823 2806 895 ὀρθότητος
2844 826 2947 880 οὐκ
2972 826 3339 897 ὴμοιρηκότα,
3380 823 3785 893 λελυττηκότων

2198 929 2266 981 γε
2330 913 2437 985 μὴν
2486 918 2607 970 κατ’
2656 916 2821 971 αὐτοῦ
2872 918 2984 971 τῶν
3036 917 3237 984 ἄλλων,
3279 914 3550 972 διαλαϐὼν
3597 913 3782 977 αὐτὸς,

513 1014 809 1070 anchoram
863 1011 1127 1067 habemus
1159 1017 1327 1063 tutam
1361 1019 1425 1061 ac
1455 1003 1689 1071 firmam,
1720 1014 1783 1057 ut
1825 1001 2087 1073 scriptum

2203 1002 2521 1083 ἀποδέχεται
2552 1005 2655 1076 μὲν
2691 1006 2854 1071 εὐθὺς
2881 1006 3150 1071 ἐκείνους,
3182 1005 3277 1070 οὓς
3305 1007 3374 1058 τά
3399 1003 3596 1059 ἑαυτοῦ
3634 1000 3785 1057 διδά-

512 1117 595 1161 est
617 1107 685 1160 ⁸⁸.
2195 1111 2342 1148 σκων
2372 1095 2752 1151 ἀπολώλεκεν·
2788 1097 3044 1169 ἐπιθήγει
3095 1098 3151 1151 δὲ
3195 1098 3295 1168 τὴν
3330 1097 3579 1166 γλῶτταν
3633 1092 3785 1163 αὐτῷ

510 1215 570 1252 τε
604 1196 679 1267 τῷ
709 1193 784 1266 μὴ
849 1187 1201 1260 ἀνασχομένῳ
1247 1185 1315 1240 τά
1360 1181 1550 1250 αὐτοῦ,
1584 1183 1679 1236 καὶ
1752 1182 1860 1254 μὴν
1905 1180 2002 1236 καὶ
2053 1185 2167 1247 τοῖς
2205 1184 2382 1253 ἀγίοις
2427 1185 2735 1259 Πατράσιν,
2772 1187 2821 1241 oi
2870 1187 2962 1242 τὸν
2992 1189 3192 1260 εὐσεϐῆ
3236 1188 3337 1258 τῆς
3383 1189 3619 1251 πίστεως
3658 1186 3784 1258 ὅρον

510 1295 644 1365 ἡμῖν
675 1288 1230 1359 τεθεσμοθετήκασιν,
1272 1284 1339 1354 ἢν
1371 1282 1447 1346 ὡς
1480 1280 1731 1352 ἄγκυραν
1802 1278 2002 1352 ἔχομεν
2037 1280 2136 1352 τῆς
2206 1281 2387 1353 ψυχῆς
2434 1283 2654 1357 ἀσφαλῆ
2700 1303 2760 1339 τε
2810 1287 2907 1341 καὶ
2948 1286 3198 1357 βεϐαίαν,
3246 1286 3389 1340 κατά
3431 1286 3495 1339 τὸ
3535 1301 3784 1358 γεγραμ-

559 1392 695 1443 ἐνον.
2786 1406 2799 1412 ·

559 1409 695 1443 ενον.

515 1409 555 1462 μ
583 1479 863 1551 [Ms-ron.
904 1473 1125 1530 Gaudeo
1176 1470 1355 1535 enim,
1398 1468 1609 1539 inquit,
1657 1476 1899 1523 vestrum
1952 1465 2096 1535 aspi-

2270 1462 2485 1535 [Χαίρω
2514 1464 2647 1536 γὰρ,
2674 1464 2802 1538 ἔφη,
2820 1465 2913 1520 τὸν
2943 1466 3208 1536 ὑμέτερον
3235 1465 3574 1536 θεασάμενος
3594 1465 3779 1536 ζῆλον.

510 1574 662 1628 ciens
711 1570 910 1624 zetnin.
958 1565 1202 1621 Indidem
1254 1562 1539 1632 perspicue
1589 1558 1813 1629 coargui
1866 1564 2097 1630 possunt

2203 1554 2434 1607 Αύτόθεν
2453 1555 2572 1609 ἐστὶ
2595 1556 2770 1627 σαφὴς
2786 1559 2885 1628 τῆς
2899 1556 3008 1609 τῶν
3024 1557 3321 1627 λεχθέντων
3349 1557 3458 1628 [ἴσ.
3482 1558 3655 1628 σαφὴς
3677 1556 3783 1611 τῶν

512 1680 631 1735 quae
671 1665 737 1716 ab
763 1659 968 1715 infelici
1018 1656 1237 1711 homine
1281 1665 1411 1711 sunt
1434 1653 1718 1725 ﬂagitiose
1746 1651 1891 1707 dicta
1922 1668 1936 1705 :
1970 1664 2093 1703 nant

2203 1646 2520 1735 ἒεχθέντων]
2548 1649 2653 1702 ὑπὸ
2681 1648 2780 1719 τῆς
2804 1648 2898 1703 τοῦ
2939 1649 3174 1702 δειλαίου
3214 1650 3437 1720 μιαρίας
3470 1652 3499 1703 6
3528 1650 3777 1720 ἔλεγχος’

512 1770 743 1824 quorum
804 1753 921 1807 duae
972 1760 1101 1804 sunt
1148 1747 1548 1818 generationes,
1585 1759 1773 1799 eorum
1830 1745 1936 1798 duo
1987 1742 2097 1797 sint

515 1848 607 1901 lilii
654 1859 880 1901 necesse
922 1851 1005 1897 est
1037 1859 1048 1894 :
1081 1841 1176 1895 sed
1217 1838 1459 1893 Ecclesia
1514 1850 1679 1891 unum
1722 1832 1967 1906 agnoscit
2002 1829 2096 1885 Fi-

512 1936 666 2001 lium,
701 1935 875 2004 ipsum
906 1930 1188 1985 Dominum
1219 1923 1545 1996 Christum.]

1157 2060 1309 2119 CAP.
1352 2059 1455 2117 γυ

582 2203 916 2264 Stultissime
965 2200 1095 2271 quid
1149 2198 1236 2254 liis
1296 2199 1362 2254 de
1413 2197 1579 2255 rebus
1633 2198 1977 2255 sentiendum
2024 2198 2097 2255 sit

512 2297 880 2354 tlelluitionem
935 2288 1163 2361 protulit
1216 2288 1443 2342 dicens:
1477 2286 1742 2359 [Quorum
1792 2288 1912 2343 dum
1969 2296 2098 2343 sunt

512 2388 918 2460 generationes,
958 2394 1151 2437 eorum
1196 2379 1302 2432 duo
1328 2393 1547 2448 quoque
1595 2379 1707 2434 sint
1738 2379 1831 2434 filii
1874 2395 2097 2435 necesse

512 2478 643 2551 εει]
672 2479 942 2534 Caeterum
980 2472 1183 2526 omissa
1230 2470 1314 2524 liis
1348 2471 1413 2524 de
1447 2470 1610 2525 rebus
1654 2470 1868 2527 exiliori
1910 2473 2096 2539 dispu-

517 2572 747 2632 tatione,
781 2565 1001 2622 interim
1039 2576 1161 2631 quae
1210 2563 1276 2615 ad
1312 2562 1575 2615 orationis
1619 2572 1817 2615 nostrae
1847 2562 2096 2631 proposi-

517 2673 632 2717 tum
665 2676 731 2714 ex
765 2654 1012 2728 diligenti
1047 2652 1401 2722 inquisitione
1432 2651 1660 2705 inveniri
1695 2661 1945 2722 poterunt
1983 2650 2096 2706 col-

513 2753 765 2823 ligamus.
825 2748 993 2817 Igitur
1044 2746 1176 2798 duas
1242 2758 1375 2813 esse,
1405 2743 1809 2812 generationes,
1874 2743 2097 2799 minime

514 2840 911 2897 admittendum
967 2833 1200 2889 censuit.
1252 2830 1421 2887 Unam
1463 2847 1623 2901 porro
1684 2833 2017 2886 nativitatem
2063 2847 2095 2887 a

515 2933 673 2989 nobis
712 2943 831 2984 esse
858 2925 1220 2982 confitendam
1248 2924 1462 2988 asserit,
1497 2937 1564 2977 ne
1599 2922 1732 2977 duos
1761 2923 1902 2976 filios
1934 2922 2096 2979 intel-

517 3029 766 3096 lig‘thS,
799 3036 861 3074 ac
905 3020 949 3073 si
997 3032 1221 3072 necesse
1256 3015 1349 3081 sit,
1382 3015 1424 3070 si
1463 3015 1580 3067 duae
1614 3028 1840 3083 prorsus
1872 3030 2097 3085 genera-

517 3117 693 3170 tiones
718 3112 847 3176 siul,
874 3112 1007 3162 duos
1034 3108 1164 3161 item
1198 3106 1339 3160 ﬁlios
1368 3103 1577 3158 inferri.
1609 3101 1845 3158 Prodeat
1867 3120 1996 3173 ergo
2028 3118 2092 3160 ac

514 3210 707 3263 doceat
763 3212 941 3259 utram
996 3198 1405 3269 generatioacm
1458 3194 1610 3249 malit
1658 3196 1970 3261 admittere,
2027 3196 2095 3248 il-

2108 1918 2167 1974 Β

2199 1728 2277 1791 ὧν
2303 1737 2413 1810 γὰρ
2434 1738 2530 1792 δύο
2554 1741 2857 1812 γεννήσεις,
2888 1740 3094 1794 τούτων
3114 1740 3206 1793 δύο
3236 1741 3373 1794 υἱοί·
3407 1742 3438 1812 ἡ
3466 1741 3523 1794 δὲ
3552 1740 3784 1811 Ἐκκλη-

2199 1829 2292 1884 σία
2321 1828 2417 1883 ἔνα
2450 1826 2591 1887 οἶδεν
2624 1830 2776 1901 Υίδν,
2807 1832 3203 1905 τὸνᾈεσπότην
3229 1832 3521 1910 Χριστόν.]

2779 2059 3039 2114 trama.
3082 2061 3173 2127 ς’.

2265 2189 2648 2262 ’Ἆνοητὸτατα
2685 2194 2784 2263 μὲν
2813 2187 2907 2247 οὖν
2937 2193 3029 2247 τὸν
3059 2192 3168 2248 τῶν
3200 2193 3293 2247 ἐπὶ
3323 2193 3535 2260 τούτοις
3564 2184 3795 2251 ἐννοιῶν

2202 2282 2329 2353 ὅρον
2381 2281 2737 2351 ἐξηνέγκατο,
2765 2284 2976 2354 λέγων·
3018 2280 3143 2357 [Ὧν
3184 2287 3293 2359 γάρ
3344 2287 3435 2342 δύο
3468 2289 3785 2359 γεννήσεις,

2201 2374 2409 2428 τούτων
2442 2375 2537 2428 καὶ
2562 2374 2657 2427 δύο
2686 2375 2837 2447 υίοί.]
2879 2377 3254 2449 Ίσχνομυθίας
3275 2396 3339 2448 γε
3372 2380 3479 2451 μὴν
3505 2381 3602 2450 τῆς
3632 2380 3689 2433 ἔν
3719 2396 3789 2449 γε

2202 2465 2418 2530 τούτοις
2447 2468 2710 2537 ἀφέμενοι
2737 2511 2751 2534 ,
2782 2469 2918 2533 τέως
2953 2469 3090 2541 πρὸς
3120 2469 3212 2524 τὸν
3244 2471 3337 2524 τοῦ
3388 2470 3549 2539 λόγου
3578 2472 3790 2525 σκοπὸν

2201 2557 2270 2611 τὰ
2296 2556 2358 2622 ἐξ
2385 2557 2650 2628 ἀκριϐοῦς
2676 2558 2924 2630 ἐρεύνης,
2957 2560 3089 2631 φέρε
3110 2560 3195 2630 δὴ,
3221 2561 3377 2632 φέρε,
3412 2561 3788 2631 συλλέγωμεν.

2202 2646 2415 2700 Οὐκοῦν
2458 2647 2837 2717 ἀπαράδεκτον
2888 2650 3013 2721 lia.
3052 2651 3100 2703 εί
3136 2650 3231 2704 δύο
3278 2647 3421 2706 εἶναι
3467 2655 3746 2724 γεννήσεις
3772 2694 3790 2720 ,

2201 2737 2607 2811 ἀπαράδεκτον]
2640 2741 2963 2811 ἐποιήσατο,
3005 2743 3202 2812 χρῆναι
3225 2743 3282 2796 δέ
3316 2761 3448 2815 φησι
3492 2745 3624 2815 μίαν
3649 2747 3795 2811 ὁμο-

2202 2829 2478 2898 λογεῖσθαι
2504 2831 2639 2902 πρὸς
2670 2831 2825 2901 ἡμῶν
2847 2870 2861 2895 ,
2894 2833 2981 2887 ἵνα
3013 2834 3088 2905 μὴ
3121 2833 3215 2886 δύο
3247 2836 3456 2905 νοῶμεν
3496 2836 3645 2900 υἱούς
3664 2852 3678 2867 ·
3708 2836 3797 2900 ὡς

2203 2922 2262 2977 ὂν
2294 2924 2605 2991 ἐπάναγκες
2627 2965 2640 2987 ,
2670 2926 2718 2978 εἰ
2747 2924 2840 2977 δύο
2866 2926 3083 2990 πάντως
3114 2928 3170 2979 αἱ
3199 2928 3485 2994 ἀποτέξεις
3524 2925 3654 2990 εἷεν,
3690 2926 3802 2982 δύο

2204 3013 2299 3067 καὶ
2325 3015 2477 3077 υἱοὺς
2516 3016 2865 3087 εἰσφέρεσθαι
2888 3034 2901 3047 ο
2937 3018 3237 3073 διδασκέτω
3280 3019 3587 3090 παρελθὼν,
3623 3020 3801 3076 ποίαν

2206 3104 2315 3176 ἄρα
2341 3104 2449 3159 τῶν
2480 3109 2789 3178 γεννήσεων
2815 3109 3204 3182 παραδέξεται,
3236 3110 3335 3181 τὴν
3362 3111 3689 3180 προαιὼνιόν
3722 3125 3802 3166 τηε

2204 3197 2300 3251 καὶ
2350 3198 2413 3251 ἐκ
2464 3198 2702 3270 Πατρός,
2746 3200 2871 3254 καθ’
2899 3201 2965 3272 ἣν
3014 3200 3169 3253 οὔπω
3199 3202 3616 3272 σεσαρκωμὲνος
3653 3201 3802 3269 Θεὸς

517 3301 696 3355 iamne
741 3312 807 3351 ex
855 3295 1015 3348 Patre
1066 3300 1193 3345 ante
1232 3289 1453 3353 saecula,
1505 3301 1602 3356 per
1645 3301 1809 3355 quam
1857 3286 2096 3339 nondum

2203 3284 2269 3361 ἦν
2296 3291 2325 3343 6
2357 3289 2549 3358 Λόγος,
2581 3290 2750 3361 ἤγουν
2781 3295 3009 3360 ταυτηνὶ
3056 3292 3154 3361 τὴν
3211 3292 3548 3361 πρόσφατον,
3586 3293 3680 3346 καὶ
3723 3295 3795 3350 ἐκ

518 3394 828 3448 iucztrnatus
884 3387 1021 3440 Deus
1046 3390 1164 3437 erat
1207 3380 1461 3439 Verbum,
1491 3394 1557 3430 an
1589 3391 1716 3430 vero
1743 3377 1882 3429 hanc
1921 3391 2101 3430 recen-

516 3496 623 3540 tem
650 3490 706 3537 et
737 3497 802 3535 ex
838 3473 1098 3532 muliere?
1127 3473 1261 3527 Nam
1301 3473 1346 3525 si
1381 3471 1527 3524 illam
1558 3469 1701 3522 dicet
1730 3468 1921 3534 solam,
1950 3467 2093 3521 illam

518 3578 642 3632 dico
686 3584 812 3628 ante
858 3570 1054 3625 saecula
1098 3575 1155 3620 et
1191 3580 1256 3619 ex
1306 3561 1490 3623 Patre,
1543 3560 1635 3614 ille
1673 3558 1779 3613 erit
1827 3558 2011 3627 utique
2047 3566 2103 3612 et

520 3666 738 3738 quidem
774 3662 920 3717 solus
952 3658 1146 3721 Filius,
1185 3655 1277 3724 qui
1308 3670 1374 3707 ex
1413 3667 1478 3706 eo
1509 3654 1807 3706 secundum
1852 3658 2098 3703 naturam

517 3736 603 3812 est
635 3764 808 3815 ortus,
843 3760 1135 3815 antequam
1176 3740 1326 3796 carni
1358 3748 1413 3793 et
1454 3737 1698 3807 sanguini
1728 3736 2100 3791 communica-

523 3854 605 3900 ret
629 3844 673 3876 "
704 3861 718 3896 :
752 3852 957 3895 temere
989 3846 1167 3889 autem
1190 3846 1254 3885 ac
1280 3834 1477 3883 frustra
1504 3827 1819 3898 mysterium
1850 3827 2099 3880 incarna-

522 3937 683 3993 tionis
705 3934 998 3994 asseritur;
1022 3926 1165 3980 nullo
1182 3923 1325 3978 enim
1345 3923 1505 3974 modo
1527 3920 1762 3988 seipsum
1783 3918 2098 3982 exinanivit,

520 4032 698 4097 neque
731 4025 896 4079 subiit
925 4020 1067 4075 servi
1104 4017 1333 4069 formam
1361 4012 1428 4079 ⁸³⁸,
1462 4012 1555 4066 sed
1585 4012 1665 4065 sic
1691 4010 2011 4080 permansit,
2047 4019 2103 4062 et

438 4112 445 4129 ³
517 4132 705 4174 veram
754 4113 937 4169 carnis
995 4106 1387 4177 injunctioncm
1421 4104 1701 4170 hucusque
1740 4099 1958 4169 refugit.
1997 4098 2095 4153 Sin

523 4225 657 4266 vero
705 4206 798 4275 qui
848 4200 1111 4258 extremis
1156 4196 1489 4265 temporibus
1531 4207 1598 4247 ex
1656 4192 1894 4259 muliere
1942 4200 2100 4245 natus

519 4308 623 4367 est,
667 4300 712 4354 is
739 4297 923 4364 utique
961 4293 1169 4346 dieetur
1207 4299 1261 4342 et
1297 4288 1511 4356 quidem
1543 4284 1691 4339 solus
1721 4281 1912 4347 Filius,
1939 4291 2103 4350 atque

519 4395 683 4449 etiam
722 4388 909 4444 solam.
932 4392 1071 4440 hanc
1102 4398 1170 4437 ex
1206 4381 1431 4435 muliere
1466 4377 1872 4445 generationem
1906 4373 2103 4428 admit-

524 4497 736 4540 temus:
770 4495 900 4549 ergo
938 4475 1246 4532 necessario
1277 4472 1510 4542 perdidit.
1546 4469 1674 4523 illud
1697 4483 1764 4522 ex
1801 4466 1912 4522 Deo
1938 4465 2101 4519 Patre

518 4576 757 4632 Verbum
789 4587 856 4627 ne
888 4572 960 4627 sit
992 4569 1288 4623 secundum
1319 4575 1565 4618 naturam
1602 4560 1791 4615 Filius.
1827 4558 1934 4612 Sed
1958 4556 2103 4610 videt

521 4680 745 4740 prorsus
789 4666 871 4717 vir
914 4661 1007 4715 Dei
1060 4670 1272 4713 amator
1314 4670 1477 4725 quant
1533 4653 1644 4709 sint
1690 4652 1773 4705 lue
1813 4649 2099 4703 sententiae

521 4760 791 4821 absurdae,
816 4765 869 4809 et
898 4762 1229 4823 quantopere
1254 4747 1363 4816 22
1388 4747 1457 4801 ad
1484 4745 1821 4813 impietatem
1849 4745 2096 4807 vergant.

524 4849 596 4907 Ut
627 4863 755 4919 ergo
798 4846 884 4900 via
927 4842 1072 4912 regia
1112 4840 1445 4911 gradiantur,
1495 4837 1629 4889 duas
1661 4834 1896 4886 dicimus
1930 4829 2101 4884 fuisse

522 4940 856 5003 nativitates,
908 4936 1005 4991 sed
1039 4947 1204 4988 unum
1243 4930 1298 4983 in
1329 4936 1562 4996 utraque
1610 4922 1827 4985 Filium,
1874 4934 1996 4974 cum
2041 4921 2098 4973 in

522 5047 685 5089 carne
709 5029 945 5084 nondum
976 5035 1142 5089 esset,
1176 5021 1411 5077 Verbum
1436 5033 1504 5074 ex
1533 5015 1667 5079 Deo,
1698 5014 1947 5068 eumdem
1971 5022 2101 5065 vero

524 5135 712 5196 posrea
752 5123 915 5176 etiam
954 5119 1320 5179 incarnatum,
1356 5123 1412 5167 et
1434 5111 1524 5180 qui
1558 5118 1779 5178 propter
1804 5120 1903 5160 nos
1936 5117 2104 5174 gene-

526 5195 789 5270 rationem
831 5211 1127 5266 secuudum
1184 5217 1407 5260 carnem
1459 5216 1543 5257 ex-
1579 5200 1802 5255 muliere
1851 5195 2100 5253 subierit.

524 5305 658 5362 Nam
698 5305 744 5360 si
775 5303 1004 5359 dixisset
1032 5301 1086 5354 in
1132 5295 1442 5353 hominibus
1476 5303 1733 5362 oportere
1761 5304 2009 5361 prorsus,
2055 5287 2102 5342 si

526 5398 660 5451 duas
690 5393 1069 5465 generationes
1106 5386 1376 5452 dicamus,
1429 5385 1562 5439 duos
1594 5398 1716 5437 esse
1759 5382 1917 5446 tilios,
1956 5389 2102 5434 recte

522 5503 587 5543 ac
637 5500 761 5540 vcre
811 5480 1201 5537 dixissensed
1250 5477 1376 5546 quia
1424 5474 1625 5531 Christi
1673 5474 1992 5544 mysterium
2049 5481 2103 5524 et

524 5575 915 5633 incarnationis
967 5571 1102 5627 ratio
1132 5570 1295 5623 aliam
1332 5567 1473 5622 viam
1526 5576 1693 5633 tenet,
1729 5578 1783 5621 et
1836 5568 1888 5619 in
1939 5566 2101 5620 rebus

611 5756 657 5788 ⁸⁸
678 5753 842 5809 Ilebr.
877 5768 953 5820 vr,
984 5751 1068 5806 l9.
1149 5752 1193 5785 ”
1216 5749 1378 5808 llcbr.
1413 5763 1475 5816 tt,
1516 5749 1598 5805 14.
1676 5748 1720 5780 ⁸⁸
1741 5745 1975 5816 Philipp.
2005 5758 2065 5809 tt,
2090 5742 2142 5797 ϐ.

2202 3382 2497 3447 γυναικός;
2526 3380 2590 3433 Ei
2623 3380 2720 3449 μὲν
2752 3374 2846 3432 οὖν
2877 3380 3092 3448 ἐκείνην
3138 3380 3287 3449 ἐρεῖ,
3323 3380 3418 3433 καὶ
3465 3384 3653 3454 μόνην,
3686 3385 3796 3459 τὴν

2202 3470 2537 3542 προαιὼνιον
2568 3471 2712 3538 λέγω
2734 3511 2747 3533 ,
2781 3472 2877 3524 καὶ
2922 3473 2987 3523 ἐκ
3027 3472 3243 3544 Πατρός
3270 3510 3285 3535 ,
3320 3474 3525 3538 ἐκεῖνος
3564 3475 3630 3528 ἂν
3675 3477 3791 3551 εἴη,

2203 3564 2299 3616 καὶ
2334 3563 2495 3633 μόνος
2538 3562 2688 3628 Υἱὸς,
2721 3563 2750 3613 6
2783 3561 2842 3627 ἐξ
2870 3561 3034 3614 αὐτοῦ
3083 3562 3226 3616 κατά
3264 3564 3446 3634 φύσιν,
3474 3562 3628 3618 οὔπω
3658 3584 3796 3640 σαρ-

2202 3654 2319 3719 κὸς,
2383 3656 2479 3707 καὶ⁵
2513 3654 2745 3724 αἵματος
2788 3654 3239 3725 κεκοινωνηκὼς*
3275 3656 3398 3726 είκῆ
3440 3656 3520 3722 δὲ,
3563 3657 3659 3710 καὶ
3710 3659 3796 3723 ὡς

2203 3745 2346 3798 ἔοικε
2383 3745 2402 3816 [
2428 3745 2514 3799 ἵσ.
2545 3745 2701 3816 ἔτυχε
2726 3744 2745 3817 ]
2767 3786 2781 3810 ,
2829 3745 2891 3799 τὸ
2918 3746 3018 3815 τῆς
3051 3746 3519 3818 ἐνανθρωπήσεως
3546 3732 3796 3805 λαλεῖται

2207 3840 2541 3906 μυστήριονο
2577 3835 2672 3887 καὶ
2713 3834 2989 3888 κεκένωκε
3045 3834 3145 3905 μὲν
3192 3836 3387 3887 ἐαυτὸν
3430 3836 3548 3888 κατ’
3596 3835 3796 3890 οὐδένα

2201 3928 2436 3999 τρόπον·
2480 3927 2605 3981 οὔτε
2654 3928 2760 3998 μὴν
2790 3928 2848 3980 ἐν
2884 3930 2952 3998 τῇ
2980 3926 3074 3980 τοῦ
3107 3926 3294 3980 δούλου
3341 3929 3530 3995 γέγονε
3562 3931 3751 4000 μορφῇ
3775 3946 3793 3961 ο

2206 4019 2485 4090 μεμένηκε
2518 4019 2574 4072 δέ
2602 4018 2764 4083 οὕτω,
2797 4020 2898 4090 τὴν
2939 4018 3075 4090 πρὸς
3118 4020 3298 4090 σάρκα
3339 4018 3556 4071 σύνοδον
3607 4019 3794 4091 ἀληθῆ

2204 4112 2298 4165 καὶ
2332 4113 2413 4176 είς
2437 4110 2600 4183 δεῦρο
2627 4111 3087 4183 παραιτούμενος.
3132 4109 3273 4162 Ἀλλ’
3303 4110 3331 4162 6
3362 4109 3473 4182 [ίσ.
3504 4110 3621 4163 ἀλλ’
3652 4113 3700 4163 εί
3733 4110 3793 4185 6]

2205 4205 2264 4257 ἐν
2295 4205 2546 4274 ἐσχάτοις
2576 4207 2790 4275 καιροῖς
2824 4205 2889 4256 ἐκ
2922 4203 3200 4272 γυναικὸς,
3235 4203 3398 4266 αὐτὸς
3440 4202 3507 4256 ἂν
3552 4202 3791 4271 λέγοιτο,

2204 4296 2299 4348 καὶ
2350 4295 2512 4365 μόνος
2556 4295 2716 4358 Υἱός·
2748 4295 2844 4348 καὶ
2893 4295 2958 4366 δὴ
2998 4294 3094 4347 καὶ
3146 4294 3276 4364 μίαν
3322 4295 3549 4365 ταυτηνὶ
3582 4294 3680 4364 τὴν
3722 4276 3795 4351 ἐῖι

2205 4387 2467 4456 γυναικὸς
2497 4386 2920 4457 παραδεξόμεθα
2955 4386 3243 4456 γέννησιν,
3276 4385 3584 4439 ἀπώλισοεν
3618 4386 3797 4452 ἀναγ-

2205 4477 2376 4539 καίως
2405 4475 2501 4529 τοῦ
2537 4471 2677 4528 εἶναι
2709 4475 2851 4528 κατὰ
2896 4476 3060 4544 φύσιν
3104 4475 3231 4538 Tib;
3257 4477 3284 4528 6
3312 4477 3376 4527 ἐκ
3409 4474 3543 4527 Θεοῦ
3572 4476 3799 4546 Πατρός

2207 4567 2401 4635 Λόγος.
2446 4565 2587 4618 Ἀλλ’
2612 4566 2713 4638 δρα
2744 4564 2869 4638 [Ion
2919 4566 3059 4639 ὁρᾷ]
3103 4584 3205 4620 που
3237 4567 3455 4630 πάντως
3480 4569 3506 4619 6
3534 4565 3800 4638 Θεοφιλὴς

2203 4656 2304 4729 τὴν
2333 4656 2442 4710 τῶν
2470 4656 2689 4710 ἐννοιῶν
2715 4657 2967 4725 ἀτοπίαν,
3014 4659 3109 4712 καὶ
3162 4659 3221 4713 τὸ
3271 4658 3389 4711 λίαν
3422 4657 3802 4723 ἀπονενευκὺς

2204 4750 2287 4812 είς
2328 4747 2609 4801 ἀσέϐειαν.
2639 4748 2758 4802 Ἵνα
2787 4749 2967 4802 τοίνυν
2991 4750 3109 4803 ὁδὸν
3134 4749 3428 4820 ἐρχὼμεθα
3455 4750 3553 4818 τὴν
3584 4749 3803 4819 βασιλιο

2204 4838 2332 4910 κὴν,
2361 4838 2456 4892 δύο
2483 4838 2666 4917 φαμὲν
2701 4839 2953 4907 γενισθαι
2986 4840 3082 4904 τὰς
3133 4840 3436 4907 ἁποτέξεις,
3481 4840 3578 4892 ἕνα
3608 4838 3665 4891 δέ
3696 4839 3802 4895 τὸν

2202 4930 2271 4984 δι’
2299 4931 2501 5002 ἀμφοῖν
2528 4930 2656 4984 Υίόν
2677 4947 2693 4963 ·
2728 4930 2884 4985 obitur
2912 4932 3013 5003 μέν
3045 4934 3103 4986 ἐν
3134 4933 3299 5004 σαρκὶ
3330 4932 3589 5002 γεγονότα
3609 4931 3701 4986 τὸν
3723 4933 3807 4989 ἐκ

2206 5021 2345 5075 Θεοῦ
2377 5022 2579 5092 Λόγον·
2613 5023 2705 5077 τὸν
2732 5024 2896 5077 αὑτὸν
2924 5024 2981 5076 δὲ
3023 5024 3163 5095 μετά
3195 5024 3355 5078 τοῦτο
3381 5024 3479 5077 καὶ
3516 5040 3800 5094 σεσαρκω-

2215 5112 2395 5185 μένον,
2429 5114 2524 5167 καὶ
2554 5113 2622 5168 δι’
2654 5114 2813 5186 ἡμῶν
2846 5114 2957 5187 [ισ.
2990 5114 3058 5167 δι’
3089 5114 3265 5187 ἡμᾶς]
3300 5114 3398 5187 τὴν
3441 5116 3505 5168 ἐκ
3532 5114 3807 5183 γυναικὸς

2209 5203 2519 5259 ἀνατλάντα
2564 5205 2818 5277 γέννησιν
2866 5205 3008 5259 κατά
3052 5205 3251 5278 σάρκα.
3296 5206 3360 5259 Ei
3396 5206 3496 5277 μὲν
3544 5204 3655 5276 γὰρ
3701 5205 3805 5258 ἐπ’

2210 5293 2516 5366 ἀνθρώπων
2544 5295 2751 5363 ἔφασκε
2776 5296 2838 5349 τὸ
2865 5296 3062 5367 χρῆναι
3090 5294 3156 5367 δὴ
3185 5295 3404 5359 πάντως
3427 5294 3520 5348 δύο
3554 5293 3809 5350 νοεῖσθαι

2209 5386 2336 5449 τοὺς
2380 5389 2549 5454 υἱοὺς,
2585 5388 2634 5440 εί
2676 5387 2733 5440 δὲ
2766 5386 2861 5441 δύο
2887 5385 3000 5459 [Ion
3034 5388 3084 5442 ei
3112 5385 3229 5460 δύο]
3269 5388 3551 5456 γεννήσεις
3592 5386 3813 5457 όνομάο

2209 5476 2398 5546 ζομιν,
2440 5476 2619 5548 ὀρθῶς
2652 5478 2720 5531 ἂν
2761 5476 2892 5549 ἔφη,
2931 5477 3027 5533 καὶ
3053 5473 3124 5550 ἦν
3157 5476 3386 5548 ἀληθές⁹
3419 5475 3607 5547 ἐπειδὴ
3635 5473 3690 5528 δὲ
3727 5475 3813 5529 τὸ

2210 5565 2445 5636 Χριστοῦ
2469 5567 2766 5638 μυστήριον
2810 5566 2904 5620 καὶ
2930 5565 2960 5618 6
2989 5566 3087 5638 τῆς
3114 5564 3582 5638 ἐνανθρωπήσεως
3610 5564 3809 5634 λόγος.
