4150 6450
400 435 476 488 45
1571 437 1952 497 ADVERSUS
1987 440 1991 494 ἶ

2095 438 2396 498 STORIUM
2438 440 2570 500 LIB.
2612 433 2666 500 1.¹
3622 458 3691 513 46

404 551 609 625 ἑτέραν
648 552 768 623 ἔχει
798 550 901 622 τὴν
927 555 1067 620 όδδν,
1096 557 1191 611 καὶ
1219 558 1319 612 οῦκ
1359 556 1417 611 ἐν
1453 575 1520 628 γε
1558 561 1671 622 τοῖς
1704 561 1825 613 καθ’
1864 560 1991 631 ἡμᾶε

2118 561 2317 616 nostris
2340 576 2445 617 non
2476 564 2665 618 eodem
2707 565 2866 622 modo
2893 569 3245 636 conspicitur,
3280 586 3379 627 cur
3400 586 3692 631 consuetu-

409 645 723 718 ίσοτρόπως
746 647 968 718 δρᾶται,
989 648 1044 701 τί
1072 653 1189 713 ταῖς
1218 651 1341 705 καθ’
1366 652 1512 721 ἡμᾶς
1544 650 1853 721 συνηθείαις
1880 669 2008 705 συν·

404 737 579 807 ορῶν,
617 733 741 790 εἶτα
760 742 874 803 τοῖς
908 741 1257 811 παραδόξοις,
1283 742 1377 797 καὶ
1406 741 1547 811 ὑπὲρ
1573 740 1750 809 λόγον,
1770 741 1861 795 τὸν
1884 740 2009 795 νοῦν

407 828 617 891 ἐνιεὶς,
670 829 754 891 είς
802 829 1230 900 ἀδρανεστάτην,
1276 831 1370 884 καὶ
1403 830 1593 901 ἀμαθῆ
1628 816 1726 899 τὴν
1770 831 2011 900 ὀλιγοπι-

411 919 576 971 στίαν
620 922 1021 991 καταφωρᾶται
1060 920 1279 987 πεσὼνς
1340 922 1405 972 Ὀ
1460 921 1519 973 δέ
1568 938 1658 990 μοι
1707 920 2009 991 θαυμάζειν

411 1009 634 1063 ἔπεισιν
652 1053 667 1076 ,
698 1012 876 1063 ἐκεῖνό
914 1014 1062 1064 ἐστιν
1084 1028 1099 1042 ·
1152 1012 1249 1064 ἕνα
1272 1012 1381 1083 γὰρ
1411 1014 1469 1065 ὲν
1495 1011 1703 1075 τούτοις
1731 1012 2008 1082 ὁμολογῶν

412 1100 551 1155 Υίὸν
601 1103 803 1157 εἰδέναι
836 1104 938 1174 τὴν
981 1103 1343 1173 Ἐκκλησίαν,
1373 1104 1777 1175 προστεθεικὼς
1804 1105 1883 1170 δὲ,
1923 1106 2007 1158 ὅτι

411 1194 509 1247 τὸν
527 1195 812 1265 Δεσπότην
838 1196 1092 1266 Χριστὸν,
1107 1197 1295 1251 οὐκέτι
1312 1198 1614 1267 τετήρηκεν
1632 1197 1748 1250 ἓναο
1771 1197 2005 1268 διῖστησι

408 1287 527 1359 γὰρ
558 1288 807 1359 ἀλλήλων
837 1288 907 1341 τὰ
939 1290 1216 1359 ἡνωμένα,
1262 1290 1358 1343 καὶ
1390 1290 1494 1344 ἀνὰ
1534 1290 1699 1361 μέρος
1743 1290 2006 1361 ἑκάτερον

410 1379 657 1450 τίθησιν,
687 1381 746 1432 οὐ
775 1380 825 1432 τί
862 1380 961 1450 μὲν
997 1380 1116 1432 ἐστι
1148 1380 1288 1434 κατὰ
1319 1379 1481 1449 φύσιν
1512 1381 1541 1432 ὁ
1572 1380 1764 1448 Λόγος,
1799 1380 2006 1453 διερευ-

406 1469 685 1540 νώμενος,
716 1471 771 1523 τί
801 1471 859 1523 δὲ
884 1472 980 1523 καὶ
1000 1473 1033 1540 ἡ
1066 1469 1233 1538 σάρξ·
1267 1468 1554 1540 ἄνθρωπον
1582 1470 1638 1523 δὲ
1663 1470 1887 1539 μᾶλλον,
1908 1471 2003 1524 καὶ

405 1560 573 1623 Θεὸν,
611 1560 691 1623 ὼς
723 1563 781 1613 ὲν
811 1560 1018 1630 ἰσότητι
1068 1561 1206 1630 μόνῃ
1250 1560 1349 1631 τῆς
1378 1560 1554 1630 δόξης,
1586 1560 1835 1632 καθάπερ
1872 1560 2002 1629 γοῦν

398 1651 609 1713 οἴεται,
643 1649 917 1717 συλλέγων
952 1652 1034 1712 είς
1061 1648 1139 1713 ἓν,
1169 1650 1305 1719 ὅπερ
1339 1652 1456 1703 ἐστὶ
1481 1650 1759 1715 παντελῶς
1784 1653 2003 1723 ἀμήχα-

406 1759 503 1796 νον
558 1739 865 1813 [ἀπίθανον
889 1740 909 1812 ]
935 1782 951 1806 ,
983 1741 1184 1809 μᾶλλον
1216 1742 1275 1795 δὲ
1303 1742 1399 1795 καὶ
1431 1741 1743 1811 ἀνέφικτον,
1787 1744 1881 1796 καὶ
1910 1744 2001 1797 τὸν

401 1831 504 1886 τοῦ
555 1831 860 1902 μυστηρίου
902 1831 1062 1901 λόγον
1112 1832 1397 1887 κατασείει
1457 1833 1592 1903 πρὸς
1642 1833 1702 1887 rb
1745 1834 1997 1899 ἀκαλλὲς.

409 1926 564 1994 Ἔφη
598 1925 657 1977 δὲ
692 1923 866 1987 οὕτως
888 1940 901 1954 ’

480 2018 603 2090 [Δεῖ
633 2017 692 2070 δὲ
735 2018 907 2087 ἡμᾶς,
956 2015 1056 2072 νῦν
1088 2016 1196 2089 γὰρ
1223 2012 1386 2089 ἦλθον
1415 2019 1495 2083 είς
1525 2017 1754 2087 ἔννοιαν,
1787 2020 1877 2073 καί
1904 2020 2004 2091 τὴν

400 2108 555 2161 κατὰ
610 2107 852 2162 Νίκαιαν
905 2106 1124 2161 σύνοδον
1176 2108 1391 2178 μαθεῖν,
1428 2108 1664 2178 οὐδαμοῦ
1715 2108 2003 2180 τολμῶσαν

401 2202 608 2265 εἰπεῖν,
640 2201 726 2252 ὅτι
768 2201 797 2252 ὁ
846 2197 982 2262 Θεὸς
1021 2198 1285 2269 ἐγεννήθη
1333 2201 1399 2254 ἐκ
1437 2200 1686 2272 Μαρίαςο
1732 2200 1834 2272 ἔφη
1870 2202 2001 2272 γὰρ,

394 2292 491 2343 ὅτι
548 2288 892 2359 Πιστεύομεν
914 2290 996 2354 είς
1018 2290 1117 2342 ἕνα
1138 2289 1270 2343 Θεὸν
1297 2290 1519 2361 Πατέρα
1547 2292 1965 2364 παντοκράτορα
1983 2307 1998 2323 ’

398 2382 504 2436 καὶ
528 2382 613 2445 είς
641 2380 740 2435 ἕνα
769 2380 979 2452 Κύριον
1020 2381 1229 2451 Ἰησοῦν
1255 2382 1513 2453 Χριστόν.
1556 2383 1880 2454 Προσέχετε,
1919 2384 2001 2437 ὅτι

401 2477 682 2549 πρότερον
710 2476 1019 2539 τεθεικότες
1040 2477 1124 2541 rb,
1150 2477 1407 2547 Χριστὸς,
1429 2478 1457 2530 ὅ
1488 2479 1608 2531 ἔστι
1641 2479 1867 2549 μήνυμα
1889 2478 2000 2531 τῶν

404 2569 509 2623 δύο
543 2568 786 2638 φύσεων,
829 2568 931 2621 οὐκ
965 2563 1152 2630 εἶπαν,
1190 2568 1283 2631 Εἰς
1315 2569 1413 2622 ἕνα
1462 2569 1593 2623 Θεὸν
1634 2570 1835 2637 Λόγονο
1884 2569 1998 2623 ἀλλ’

399 2661 608 2714 ἔλαϐον
632 2660 695 2713 rb
723 2660 897 2731 ὄνομα
939 2660 1001 2712 rb
1039 2662 1305 2730 σημαῖνον
1351 2662 1675 2733 ἀμφότερα,
1732 2661 1820 2715 ἵνα
1870 2663 1999 2716 ὅταν

400 2751 866 2805 ὑποκαταϐαίνων
899 2750 1141 2822 ἀκούσῃς
1189 2751 1441 2817 θάνατον,
1493 2752 1570 2822 μὴ
1619 2752 1833 2822 ξενίζῃ⁹
1888 2753 1995 2817 ἵνα,

388 2843 497 2895 τὸν
555 2842 968 2912 σταυρωθέντα,
1025 2844 1121 2897 καὶ
1165 2844 1440 2913 ταφέντα,
1503 2843 1580 2914 μὴ
1633 2843 1843 2916 πλήττῃ
1898 2845 1998 2915 τὴν

390 2934 603 3005 ἀκοὴν,
635 2935 713 2997 ὡς
738 2934 994 3003 θεότητος
1021 2933 1196 2988 ταῦτα
1227 2934 1527 3006 παθούσης.
1552 2933 1573 3006 ]
1618 2931 1752 2988 Εἶτα
1787 2936 1998 2997 τούτοις

394 3026 694 3093 ἑπιφέρεισ
734 3024 1101 3096 [Πιστεύομεν
1139 3027 1218 3089 εἰς
1256 3026 1352 3079 ἕνα
1379 3027 1585 3096 Κύριον
1626 3024 1832 3095 Ἰησοῦν
1859 3028 1995 3096 Χρι-

396 3115 568 3181 στὸν,
623 3115 718 3168 τὸν
763 3113 893 3169 Υἰδν
939 3117 1031 3169 τὸν
1075 3118 1359 3187 μονογενῆ,
1403 3118 1495 3170 τὸν
1546 3118 1612 3171 ὲκ
1650 3118 1743 3171 τοῦ
1784 3117 1997 3189 Πατρὺς

392 3205 780 3275 γεννηθέντα·
829 3205 922 3257 τὸν
973 3205 1259 3275 όμοούσιον
1308 3206 1388 3277 τῷ
1438 3208 1651 3279 Πατρί·
1715 3208 1808 3262 rbv
1860 3225 1993 3261 κατ-

2118 652 2244 708 dine
2274 668 2394 723 quae
2432 657 2573 724 apud
2612 671 2711 713 nos
2760 658 2904 730 viget
2937 661 3198 731 inspecta,
3231 664 3425 721 deinde
3451 667 3690 724 animum

2116 746 2186 798 ad
2226 760 2314 799 res
2357 744 2711 802 admirabiles
2747 758 2803 803 et
2836 765 2957 820 qua:
2995 753 3260 809 rationem
3294 766 3553 826 superant
3600 761 3693 815 sd-

2110 832 2331 903 jiciens,
2362 836 2429 889 ad
2472 835 2797 892 imbecillam
2833 848 2889 895 et
2921 840 3137 898 stultam
3169 844 3543 903 inﬁdelitatem
3574 866 3691 904 ma—

2115 922 2314 979 nifeste
2347 924 2580 981 labitur?
2603 927 2755 996 Quod
2790 941 2969 987 autem
3016 935 3143 987 inibi
3185 936 3237 989 in
3270 948 3511 994 mentem
3544 942 3691 995 venit

2115 1016 2397 1083 admirari,
2432 1018 2563 1072 illud
2595 1029 2700 1075 est.
2729 1020 2864 1075 Cum
2897 1024 3039 1077 enim
3073 1024 3128 1080 in
3163 1025 3250 1083 bis
3280 1030 3460 1085 verbis
3484 1032 3692 1087 confes-

2114 1120 2209 1161 sus
2248 1116 2415 1174 esset,
2455 1110 2748 1166 Ecclesiam
2794 1128 2962 1167 unum
3013 1113 3211 1171 Filium
3266 1134 3581 1190 agnoscere,
3626 1138 3691 1177 ac

2113 1197 2503 1269 subjunxisset,
2542 1202 2798 1258 nimirum
2827 1205 3002 1275 ipsum
3036 1208 3185 1264 illum
3214 1210 3503 1269 Dominum
3530 1215 3692 1273 Chri-

2112 1297 2277 1355 stum,
2309 1307 2575 1362 nusquam
2608 1305 2793 1365 postea
2831 1299 3059 1354 retinuit
3086 1316 3278 1368 unum,
3309 1306 3404 1362 sed
3432 1308 3578 1375 ipsas
3601 1324 3689 1365 res

2113 1382 2292 1437 unitas
2342 1385 2623 1457 distinguit
2668 1388 2809 1442 inter
2865 1404 2955 1455 se,
3006 1405 3071 1446 ac
3118 1395 3346 1450 seorsim
3406 1406 3691 1470 utramque

2109 1476 2301 1542 ponit;
2339 1490 2446 1530 non
2488 1478 2620 1545 quid
2669 1476 2903 1533 Verbum
2942 1480 3015 1535 sit
3070 1489 3364 1540 secundum
3413 1499 3686 1553 naturam,

2110 1565 2237 1634 quid
2274 1564 2403 1620 item
2443 1581 2572 1623 caro
2605 1569 2931 1637 disquirens,
2966 1574 3060 1627 sed
3108 1574 3385 1632 hominem
3417 1589 3473 1633 et
3513 1579 3686 1635 Deum

2112 1662 2368 1724 tanquam
2412 1657 2547 1725 sola,
2591 1667 2651 1713 ut
2691 1661 2803 1729 ipse
2846 1671 3019 1730 putat,
3063 1666 3375 1734 aequalitate
3414 1670 3598 1737 gloriae
3630 1671 3684 1727 in

2110 1763 2274 1804 unum
2304 1750 2563 1821 colligens
2589 1769 2603 1806 :
2636 1754 2778 1821 quod
2806 1769 2980 1823 neque
3003 1757 3268 1812 credibile
3296 1768 3378 1813 est
3405 1762 3684 1829 cuiquam,

2108 1853 2285 1909 neque
2325 1840 2438 1895 ﬁeri
2469 1852 2648 1911 potest
2680 1864 2694 1898 :
2724 1849 2967 1915 tantique
3007 1849 3253 1918 mysterii
3299 1851 3567 1907 rationem
3610 1855 3678 1909 ad

2036 1936 2078 1990 Β
2106 1925 2494 1982 absurditatem
2521 1929 2793 1986 deturbat.
2827 1932 2918 1987 Sic
2947 1949 3183 2005 namque
3217 1937 3354 1992 dixit
3377 1954 3399 1997 ;

2179 2016 2440 2088 [Nm-ron.
2484 2018 2595 2077 Nos
2647 2030 2829 2076 autem
2876 2035 3124 2094 oportet,
3165 2030 3308 2098 quod
3355 2047 3499 2087 nunc
3547 2034 3679 2089 mibi

2104 2107 2266 2161 venit-
2286 2109 2339 2163 in
2378 2121 2653 2176 mentem,
2698 2113 2984 2172 advertere
3027 2119 3189 2173 etiam
3233 2121 3506 2179 Nicaanam
3553 2142 3682 2199 syn-

2102 2198 2263 2254 odum
2291 2215 2555 2271 nusquam
2581 2204 2763 2259 dicere
2787 2222 2997 2274 ausam,
3022 2208 3190 2265 Deum
3219 2229 3285 2268 ex
3320 2214 3489 2272 Maria
3529 2198 3682 2289 geni—

2106 2299 2215 2342 tum
2252 2308 2266 2344 :
2297 2292 2374 2345 ait
2412 2293 2556 2347 enim
2590 2294 2913 2353 :Credimus
2946 2300 2999 2353 in
3047 2315 3212 2356 unum
3252 2305 3416 2360 Deum
3461 2308 3677 2366 Patrem

2102 2380 2550 2449 omnipotentem,
2582 2393 2634 2438 et
2681 2384 2737 2439 in
2782 2402 2948 2441 unum
2978 2389 3262 2447 Dominum
3294 2393 3479 2451 Jesutn
3512 2398 3676 2456 Chri-

2106 2480 2272 2527 stum.
2298 2473 2596 2540 Attenditc,
2622 2476 2765 2546 quod
2788 2493 2910 2533 cum
2942 2482 3093 2549 prius
3122 2486 3429 2552 posuissent
3456 2505 3674 2558 nomen,

2101 2564 2367 2630 Christus,
2397 2570 2539 2635 quod
2566 2568 2700 2622 duas
2742 2579 2963 2626 naturas
3000 2574 3224 2641 indicat,
3260 2593 3365 2633 non
3392 2581 3627 2638 dixerint
3655 2602 3673 2639 :

2100 2657 2156 2709 In
2187 2672 2350 2710 unum
2382 2659 2548 2712 Deum
2578 2657 2839 2726 Verbum,
2863 2664 2955 2717 sed
2978 2669 3288 2735 acceperint
3308 2686 3503 2727 nomen
3531 2677 3674 2743 quod

2101 2749 2390 2814 utrumque
2440 2746 2808 2817 signiﬁcaret;
2878 2760 2936 2806 ut
2997 2769 3118 2808 cum
3174 2757 3397 2816 inferius
3460 2763 3677 2821 audires

2106 2845 2355 2899 mortem,
2408 2837 2543 2892 nihil
2590 2842 2883 2908 movearis,
2913 2858 2980 2915 ne
3013 2845 3103 2900 illa
3138 2851 3323 2912 verba,
3356 2853 3674 2912 cruciﬁxum

2098 2937 2149 2977 ct
2180 2928 2472 2997 sepultum,
2503 2944 2663 2986 aures
2688 2932 2980 2999 oll'cndant,
3000 2946 3254 3008 tanquam
3279 2941 3393 2997 haec
3422 2944 3491 2999 sit
3512 2961 3672 3015 passa

2097 3016 2404 3089 divinitasJ
2448 3020 2651 3076 Deinde
2691 3024 2755 3076 ad
2804 3025 2919 3080 haec
2967 3027 3057 3082 illa
3106 3030 3424 3100 subjungit:
3462 3034 3673 3108 [Credi-

2097 3122 2218 3161 mus
2266 3108 2319 3161 in
2376 3125 2538 3165 unum
2580 3110 2869 3168 Dominum
2915 3115 3097 3172 Jesum
3146 3121 3421 3178 Christum
3473 3127 3668 3184 Filium

2097 3197 2473 3269 unigenitum,
2533 3201 2599 3256 ei
2651 3201 2813 3259 Patre
2863 3216 3089 3272 natum,
3154 3214 3668 3274 consubstantialem

393 3296 632 3351 ελθόντα
658 3299 727 3350 ὲκ
755 3296 866 3350 τῶν
897 3297 1145 3369 οὐρανῶν
1187 3298 1254 3352 δι’
1285 3301 1453 3369 ἡμᾶς,
1505 3300 1600 3353 καὶ
1641 3316 1705 3353 σα
1717 3300 1991 3370 ρκωθέντα

2095 3287 2238 3343 Patri
2275 3293 2407 3361 :qui
2452 3294 2730 3350 descendit
2767 3298 2833 3351 de
2868 3301 3022 3355 caalis
3056 3314 3278 3375 propter
3324 3323 3443 3375 nos,
3482 3320 3536 3368 et
3581 3312 3669 3367 in-

391 3391 465 3443 ὲκ
499 3389 824 3459 Πνεύματος
856 3389 1033 3457 ἁγίου.
1061 3391 1177 3443 Ούκ
1209 3385 1382 3455 εἷπον,
1409 3393 1491 3444 ὅτι
1523 3392 1617 3444 καὶ
1656 3391 1992 3462 Γεννηθέντα

389 3484 460 3536 ἐκ
488 3481 817 3552 Πνεύματος
848 3481 1026 3549 ἁγίου.
1056 3482 1520 3551 Διερμηνεύοντας
1549 3482 1606 3536 δὲ
1634 3484 1758 3546 τοὺς
1803 3484 1993 3551 ἁγίους

391 3575 682 3645 Πατέρας,
713 3573 766 3625 τί
796 3574 863 3643 δὴ
891 3572 1000 3643 ἄρα
1029 3573 1091 3625 rb
1117 3572 1483 3642 Σαρκωθέντα
1512 3573 1631 3626 ἐστὶ
1649 3614 1664 3638 ,
1690 3574 1874 3644 φησὶν,
1915 3575 1992 3626 εἱ-

394 3669 524 3719 πεῖν
551 3666 615 3717 τὸ
632 3664 1220 3736 Ἐνανθρωπήσαντα·]
1240 3665 1291 3717 τί
1320 3664 1375 3718 δὲ
1391 3665 1451 3717 rb
1467 3666 1991 3737 Ἐνανθρωπήσαντα

392 3756 853 3825 κατασημήνειεν
907 3755 1009 3821 ἂν,
1059 3754 1361 3823 διατρανῶν
1417 3755 1580 3819 αὐτὸς
1632 3755 1738 3825 ἔφη
1791 3755 1986 3809 πάλιν

389 3847 501 3920 [ού
528 3847 745 3918 τροπὴν
775 3846 874 3917 τῆς
916 3846 1054 3911 ἰδίας
1111 3848 1327 3914 φύσεως
1375 3845 1745 3918 ὑπομεινάσης
1773 3847 1852 3909 είς
1889 3844 1989 3917 τὴν

391 3939 604 4011 σάρκα,
640 3937 778 3991 ἀλλὰ
810 3938 910 4007 τὴν
944 3939 1223 4010 ἐνοίκησιν
1250 3940 1351 4009 τὴν
1377 3940 1458 4003 είς
1486 3934 1823 4010 ἄνθρωπον]

1008 4076 1261 4129 ΚΕΦΑΛ.
1308 4074 1384 4131 Ζ’.

453 4208 612 4285 *Αρα
643 4212 709 4267 ἂν
736 4211 1025 4281 ἀνάσχοιτό
1052 4228 1137 4273 τις
1168 4210 1278 4264 τῶν
1314 4208 1615 4263 τελούντων
1648 4208 1705 4262 ὲν
1724 4207 1984 4278 Χριστια-

382 4308 497 4370 νοίς
528 4306 563 4376 ἢ
592 4306 695 4376 τῆς
721 4304 949 4375 ἐνούσης
974 4305 1090 4367 τοῖς
1117 4301 1296 4369 λόγοις
1323 4300 1672 4372 ἀδελτηρίας,
1705 4298 1737 4369 ἢ
1760 4300 1859 4368 τῆς
1874 4299 1983 4352 τῶν

380 4396 614 4451 ἐννοιῶν
671 4394 1022 4460 δυσσεϐείας;
1067 4389 1157 4466 ἆρ’
1185 4393 1286 4446 ούκ
1342 4390 1579 4464 ἐναργὴς
1628 4392 1712 4463 εἴη
1756 4391 1822 4445 ἂν
1869 4395 1982 4455 τοῖς

379 4488 608 4561 ἀληθῶς
640 4487 932 4561 ἁρτίφροσι
963 4485 1274 4556 βωμολογία
1319 4484 1496 4551 ταυτὶ,
1536 4482 1630 4537 καὶ
1657 4482 1856 4555 τρόπος
1880 4482 1981 4536 οὐκ

382 4582 628 4652 ἀγεννὴς
659 4582 757 4651 τῆς
779 4579 922 4633 κατὰ
942 4577 1182 4650 Χριστοῦ
1211 4576 1621 4646 γλωσσαλγίας;
1652 4578 1980 4643 συκοφαντεί

377 4674 496 4744 γὰρ
523 4673 626 4741 τὴν
659 4670 947 4739 ἀλήθειαν⁸
981 4668 1084 4720 ούκ
1115 4662 1255 4720 εἷναί
1288 4683 1452 4736 φησιν
1482 4666 1609 4717 Υἱὸν
1643 4662 1860 4733 ἀληθῶς
1880 4664 1980 4716 αὐ-

376 4762 495 4822 τὸν,
527 4758 707 4830 ἑτέρῳ
730 4756 887 4810 τοῦτο
919 4755 1261 4826 προσνέμων.
1291 4753 1620 4828 [Προσέχετε
1646 4752 1976 4823 γὰρ,φησὶν,

374 4851 463 4901 ὅτι
499 4848 778 4919 πρότερον
815 4845 1122 4907 τεθεικότες
1151 4844 1212 4897 τὸ
1242 4843 1500 4915 Χριστὸς,
1532 4843 1561 4896 ὃ
1594 4845 1708 4896 ἐστι
1753 4843 1980 4913 μήνυμα

375 4940 490 4993 τῶν
512 4938 614 4991 δύο
645 4936 883 5005 φύσεων,
904 4935 1005 4988 ούκ
1034 4930 1228 4988 εἶπαν·
1257 4932 1594 5007 Πιστεύομεν
1623 4935 1702 4997 εἰς
1728 4933 1821 4986 ἕνα
1845 4932 1977 4985 Θεὸν

373 5024 613 5100 Λόγον.]
650 5027 760 5079 Καὶ
790 5027 920 5097 περὶ
951 5025 1050 5096 μὲν
1080 5025 1174 5078 τοῦ
1202 5025 1484 5096 ὀνόματος,
1521 5024 1665 5095 φημὶ
1699 5022 1756 5075 δὲ
1789 5022 1854 5093 δὴ
1881 5020 1975 5075 τοῦ

370 5115 649 5192 Χριστὸς,
679 5117 816 5188 μετὰ
866 5117 1040 5190 βραχὺ
1089 5116 1530 5189 διερευνήσομαι,
1566 5114 1796 5187 πότερόν
1847 5131 1975 5167 ποτε

368 5212 486 5265 τῶν
521 5211 621 5264 δύο
670 5210 888 5277 φύσεων
926 5209 1258 5279 σημαντικόν
1306 5210 1478 5271 ἐστιν,
1519 5207 1553 5279 ἢ
1597 5208 1703 5279 μήθ
1737 5206 1798 5260 rb
1829 5206 1886 5260 δὲ
1916 5208 1973 5259 ὲν

368 5304 595 5376 χερσὶν,
627 5301 707 5365 ὼς
735 5302 839 5365 ἔνι,
866 5300 1349 5371 διαγυμνάζωμεν.
1383 5298 1554 5354 Οίστὰ
1598 5300 1697 5370 μὲν
1738 5294 1831 5353 οῦν
1863 5293 1973 5351 εἷεν

367 5396 441 5451 ἂν
471 5396 598 5448 κατ’
628 5393 823 5448 οὐδένα
853 5392 1079 5463 τρόπον,
1108 5392 1177 5446 τὰ
1206 5390 1381 5455 οὕτως
1403 5390 1669 5454 ἐκτόπως,
1697 5392 1793 5443 καὶ
1834 5391 1971 5459 ἀτη-

372 5483 568 5555 μελῶς
598 5482 751 5553 αὑτῷ
781 5481 1218 5552 ¹ιτεφλυεειιοημένα
1237 5497 1251 5512 ·
1288 5481 1422 5551 φαίη
1449 5481 1497 5534 δ’
1532 5480 1618 5544 ἄν,
1654 5475 1830 5549 οἶμαι,
1862 5478 1969 5544 τὶς,

367 5577 505 5638 τοὺς
535 5575 681 5644 ὑπέρ
700 5589 766 5642 γε
794 5572 908 5627 τῶν
932 5573 1107 5642 ἁγίων
1129 5574 1387 5644 Πατὲρων
1412 5570 1734 5641 ποιούμενος
1758 5570 1966 5638 λόγους

369 5666 443 5719 Τί
473 5666 611 5736 δρᾷς
637 5664 804 5730 οὕτω,
838 5659 886 5719 ὦ
912 5668 1151 5733 γενναῖε,
1192 5665 1446 5733 γλῶσσαν
1474 5664 1574 5732 τὴν
1603 5662 1863 5731 ἄγροικον
1883 5663 1964 5714 ὲν-

372 5756 481 5821 sel;
508 5757 775 5830 ἀνδράσιν
805 5756 1007 5824 ἁγίοις,
1030 5750 1113 5818 οἷς
1142 5754 1208 5810 ἄν
1237 5756 1437 5833 πρέποι
1457 5756 1520 5808 rb
1540 5754 1801 5822 -λὲγεσθαι
1828 5754 1971 5822 παρ’

2096 3394 2354 3439 carnatus
2377 3395 2462 3440 est
2484 3388 2547 3441 de
2578 3388 2783 3457 Spiritu
2810 3404 3020 3448 sancto.
3056 3395 3170 3452 Non
3201 3400 3454 3456 dixerunt
3513 3404 3670 3472 item,

2093 3470 2291 3526 Natum
2328 3475 2396 3529 de
2444 3476 2653 3545 Spiritu
2699 3490 2909 3537 sancto.
2943 3482 3111 3540 Porro
3158 3501 3378 3547 sanctus
3412 3494 3530 3550 illos
3562 3470 3668 3551 Pa;

2096 3572 2228 3630 tres,
2264 3566 2464 3636 inquit,
2512 3578 2568 3622 ut
2599 3568 3088 3641 interpretarentur
3114 3581 3369 3646 quidnam
3413 3584 3539 3638 illud
3576 3592 3667 3652 sit,

2092 3653 2432 3723 lncarnatus,
2484 3658 2687 3714 dixisse
2733 3661 2882 3726 illud,
2931 3664 3103 3722 Homo
3137 3667 3316 3726 factus
3357 3672 3489 3746 est.]
3531 3678 3665 3743 Quid

2090 3761 2220 3802 vero
2259 3749 2351 3810 sit,
2378 3748 2550 3806 Homo
2588 3752 2786 3819 factus,
2839 3771 3031 3813 rursus
3076 3760 3191 3829 ipse
3226 3764 3505 3821 declarans
3548 3770 3663 3825 ait:

2093 3835 2224 3908 [Sua
2259 3839 2366 3911 23
2421 3842 2589 3910 ipsius
2633 3856 2824 3901 natura
2869 3863 2974 3903 non
3022 3850 3076 3905 in
3126 3867 3289 3908 carne
3329 3870 3665 3927 remanente,

2090 3929 2186 3991 sed
2217 3930 2664 3989 inbabitationem
2699 3935 2934 3992 hominis
2962 3939 3275 4012 subeunte.)

2716 4067 2869 4126 CAP.
2912 4068 3025 4125 Ἧι.

2156 4197 2240 4252 An
2271 4212 2401 4253 vero
2430 4198 2713 4270 quisquam
2753 4201 2845 4271 qui
2900 4202 3042 4258 inter
3088 4205 3432 4265 Christianos
3474 4225 3664 4269 cense-

2088 4294 2195 4355 tur,
2229 4303 2384 4356 :cquo
2412 4290 2593 4343 animo
2624 4288 2763 4344 ferat
2802 4290 2887 4345 vel
2931 4292 3186 4362 ineptiam
3228 4298 3540 4370 verborum,
3581 4304 3664 4357 vel

2086 4383 2476 4436 sententiarum
2513 4383 2882 4450 impietatem?
2912 4383 3103 4442 Nonne
3154 4388 3270 4444 bazc
3309 4393 3468 4446 verba
3519 4398 3661 4464 apud

2084 4475 2336 4529 cordatos
2385 4488 2516 4529 sane
2576 4475 2826 4531 homines
2880 4487 3133 4549 tanquam
3196 4484 3499 4539 scurrilitas
3564 4489 3661 4541 ha-

2086 4568 2256 4621 benda
2275 4576 2422 4633 sunt,
2441 4581 2505 4621 ac
2537 4567 2927 4623 maledicentia:
2948 4570 2999 4622 in
3019 4570 3291 4626 Christum
3318 4589 3484 4643 genus
3516 4568 3659 4632 haud

2084 4657 2368 4713 intimum?
2419 4657 2799 4712 Calumniatur
2846 4661 2990 4713 enim
3032 4661 3315 4717 veritatem
3346 4683 3359 4718 :
3393 4681 3498 4720 non
3534 4681 3657 4723 esse

2082 4750 2256 4819 ipsum
2299 4750 2473 4818 inquit
2517 4764 2644 4803 vere
2685 4747 2902 4813 Filium,
2953 4764 3074 4804 cum
3122 4750 3225 4806 hoc
3258 4769 3450 4809 nomen
3502 4756 3657 4812 alteri

2084 4838 2639 4911 tribuat.[Attendite,
2668 4839 3014 4908 inquit,quod
3032 4856 3154 4896 cum
3180 4845 3329 4913 prius
3351 4850 3658 4914 posuissent

2078 4931 2181 4986 hoc
2221 4947 2438 4995 nomen,
2488 4931 2754 4997 Christus,
2804 4934 2944 5002 quod
2986 4935 3118 4988 duas
3161 4947 3386 4992 naturas
3432 4939 3654 5006 indicat,

2078 5036 2184 5075 non
2212 5021 2467 5085 dixerint,
2499 5021 2854 5077 Credimusiu
2886 5039 3048 5078 unum
3078 5026 3241 5080 Deum
3272 5028 3655 5101 Verbum.]Ac

2078 5110 2145 5166 de
2179 5112 2396 5167 nomine
2441 5115 2562 5179 hoc,
2622 5130 2813 5185 nempe
2867 5115 3089 5183 Christi,
3124 5118 3281 5188 paulo
3314 5131 3435 5190 post
3479 5123 3651 5177 disse-

2076 5219 2220 5271 ram,
2276 5214 2455 5259 utrum
2513 5208 2726 5261 tandem
2788 5210 2923 5263 duas
2969 5221 3195 5264 naturas
3233 5212 3536 5281 signiticet,
3583 5227 3651 5267 an

2073 5308 2231 5350 secus
2273 5298 2460 5366 :quod
2524 5298 2636 5368 jam
2686 5308 2771 5353 est
2823 5314 2931 5368 pra:
2982 5302 3273 5367 manibus,
3325 5312 3383 5357 ut
3438 5303 3653 5358 licuerit

2074 5387 2453 5445 discutiamus.
2521 5391 2689 5459 igitur
2739 5391 2886 5445 nullo
2938 5393 3098 5446 modo
3148 5394 3364 5461 quidem
3413 5391 3651 5448 ferendas

2073 5492 2203 5539 sunt
2230 5498 2409 5553 nugm,
2445 5500 2579 5551 quas
2611 5485 2711 5538 iste
2755 5486 2888 5540 adeo
2924 5486 3158 5540 absurde
3197 5497 3252 5539 et
3290 5487 3536 5555 imperite
3570 5488 3651 5542 ef-

2072 5571 2239 5627 futit:
2284 5574 2379 5627 sed
2431 5575 2574 5627 dicet
2611 5574 2809 5642 aliquis
2854 5584 3052 5638 tamen,
3092 5585 3149 5630 ut
3195 5587 3413 5631 sanctos
3456 5575 3647 5633 Patres

2073 5662 2324 5717 defendat
2367 5662 2549 5730 :Quid
2597 5666 2747 5733 agis,
2797 5679 2831 5718 ο
2882 5666 3020 5719 bone
3060 5668 3162 5731 vir,
3211 5681 3331 5721 cum
3383 5671 3645 5722 adversus

2074 5766 2292 5808 sanctos
2334 5756 2480 5810 viros
2528 5752 2810 5810 efferatam
2872 5755 3107 5825 tinguant
3160 5758 3404 5822 emittis,
3449 5759 3647 5828 quibus

369 5847 541 5901 ιῦτοῦ
583 5847 681 5902 τοῦ
735 5849 960 5903 πάντων
1012 5846 1167 5917 ἡμῶν
1195 5845 1751 5918 ΣωτῆροςιΧριστοῦτ
1805 5864 1823 5896 ί
1854 5846 1969 5916 05X

2095 5852 2214 5902 uste
2245 5846 2313 5901 ab
2352 5846 2470 5915 ipso
2511 5847 2751 5902 omnium
2811 5857 3058 5903 nostrum
3104 5848 3385 5905 Salvatore
3429 5847 3647 5904 Christo
