4150 6434
504 357 576 412 ,Π
1486 334 1559 390 'S.
1599 328 1877 387 Ct'RlLLl
1918 320 2397 383 ALEXANDIHNI
2433 316 2759 375 ARCHIEP.
3717 309 3784 368 [,3

507 475 618 531 dici
644 478 826 543 potest
854 482 918 525 ;τ‹
948 462 1064 522 Non
1084 461 1342 519 estis'vos
1369 458 1459 529 qni
1495 452 1806 527 loquimini,
1837 451 1929 505 sed
1961 448 2084 517 Spi—

2206 446 2347 516 ϋμείς
2380 445 2503 497 ὲστε
2538 443 2586 496 οἱ
2611 439 2926 505 λαλοῦντες,
2953 438 3086 492 ἀλλὰ
3115 438 3176 493 τὸ
3200 435 3425 507 Πνεῦμα
3450 434 3545 490 τοῦ
3569 431 3783 504 Πατρὸς

512 540 660 622 ritus
678 562 861 620 Patris
887 558 1053 613 veStri
1087 555 1179 626 qui
1216 552 1454 623 loquitur
1491 553 1546 604 In
1587 546 1741 602 vobis
1758 545 1850 597 “1'
1882 562 1900 595 ι
1943 540 2085 608 Quid

509 658 652 713 enim
682 663 764 710 est
805 650 1003 706 abillis
1026 654 1362 718 perceptum,
1391 639 1533 711 quod
1579 653 1684 692 non
1721 634 1804 688 vel
1851 631 2088 687 maxime

510 745 813 803 admirabili
868 741 1172 798 subtilitate
1200 735 1363 790 fuerit
1419 727 1750 800 expolitum?
1807 724 2084 796 quodnam

509 844 703 909 dogma
722 833 1087 889 necessarium
1109 822 1573 899 prmtermissum'!
1604 819 1795 889 quisve
1815 813 2087 871 cautionis

513 903 704 979 modus
751 919 1064 991 neglectus?
1116 915 1257 989 [Non
1306 912 1422 967 ausi
1470 920 1637 973 sunt,
1672 906 1888 974 inquit,
1946 903 2087 958 inter

514 1018 634 1071 tidei
673 1014 973 1069 sententias
1005 1022 1230 1079 ponere,
1273 1007 1438 1060 Deum
1464 1000 1699 1056 Verbum
1733 1011 1851 1053 esse
1876 1011 1941 1050 ex
1979 993 2089 1048 Ma-

515 1111 596 1177 ria
631 1103 924 1178 genitum.]
967 1104 1139 1171 igitur
1179 1101 1226 1154 si
1279 1097 1379 1151 hac
1424 1096 1491 1150 de
1523 1106 1686 1147 causa
1732 1089 1964 1159 majores
1995 1101 2091 1141 no-

514 1212 660 1257 stros
714 1213 957 1263 accusas,
1011 1206 1068 1251 et
1113 1205 1167 1249 te
1222 1205 1364 1261 aegre
1416 1187 1560 1242 ferre
1614 1184 1752 1238 dicis
1795 1182 1941 1251 quod
1981 1194 2089 1234 non

518 1293 706 1348 iisdem
729 1303 977 1360 prorsus,
1014 1284 1213 1356 quibus
1243 1292 1320 1344 tu,
1349 1279 1574 1334 vocibus
1605 1276 1689 1330 usi
1721 1284 1866 1336 sunt,
1901 1277 2089 1336 restat,

517 1395 572 1438 ut
606 1382 765 1438 simul
797 1383 942 1452 ipsos
986 1390 1202 1448 quoque
1232 1380 1452 1429 sanctos
1477 1366 1752 1439 apostolos
1780 1375 1835 1420 et
1860 1375 2093 1429 evange-

516 1475 666 1529 listas
714 1448 1025 1525 crimineris
1075 1484 1090 1520 :
1134 1466 1225 1535 qui
1276 1477 1399 1518 cum
1442 1460 1509 1515 de
1563 1457 1769 1514 Christi
1831 1448 2093 1526 mysterio

518 1565 682 1618 libros
713 1556 1161 1628 conscripserint,
1208 1566 1304 1608 eos
1351 1552 1458 1606 tuis
1491 1548 1716 1603 vocibus
1757 1547 1825 1600 ad
1866 1542 2091 1599 verbum

518 1667 645 1707 usos
676 1651 863 1719 utique
895 1662 1057 1702 nemo
1084 1644 1254 1715 possit
1275 1641 1587 1698 ostendere.
1607 1639 1797 1709 Igitur,
1817 1634 1863 1689 si
1893 1635 2092 1705 placet,

520 1744 673 1798 mitte
700 1743 836 1805 haec,
867 1748 925 1793 ut
969 1777 984 1792 .
1029 1776 1044 1792 .
1090 1779 1105 1794 .
1145 1774 1162 1791 .
1207 1773 1223 1790 .
1267 1773 1281 1789 .
1318 1741 1374 1789 et
1400 1731 1688 1787 considera
1715 1727 1896 1798 potius
1925 1724 2094 1795 ipsius

2194 537 2349 610 ὑμῶν
2392 538 2451 590 τὸ
2479 534 2674 589 λαλοῦν
2705 536 2764 587 ὲν
2798 533 2966 603 ύμῖν;
2998 551 3015 583 t
3058 531 3124 584 Τί
3150 531 3261 601 γὰρ
3293 531 3355 584 οὐ
3391 527 3639 598 νενόηται
3673 524 3783 579 τῶν

2192 628 2314 682 λίαν
2337 627 2721 698 ἐπεξεσμένων
2750 626 2829 688 είς
2860 624 3153 694 ἰσχνότητα
3171 622 3269 692 τὴν
3289 618 3784 690 τεθαυμασμένην;

2195 721 2247 773 τί
2273 719 2383 774 τῶν
2421 717 2735 786 ἀναγκαίων
2769 715 3064 787 παρῶπται
3089 714 3458 785 δογμάτων,ἢ
3493 715 3642 776 ποῖος
3688 712 3787 764 αύο

2194 814 2309 875 τοῖς
2336 809 2639 880 ἀσφαλείας
2667 808 2943 879 ἠμέληται
2977 807 3209 879 τρόπος;
3264 804 3364 877 [ού
3396 804 3786 874 τετολμήκασι,

2197 906 2351 978 φησι,
2374 908 2487 970 τοῖς
2516 903 2646 976 περὶ
2674 903 2773 974 τῆς
2803 903 3042 965 πίστεως
3067 900 3304 954 ἐνθεῖναι
3327 897 3529 966 λόγοις,
3552 896 3634 947 ὃτι
3657 893 3790 953 Θεὸς

2196 999 2369 1066 Λόγος
2394 999 2460 1050 ὲκ
2488 995 2712 1067 Μαρίας
2734 990 3050 1063 ὲγεννήθη.]
3083 989 3293 1044 Οὐκοῦν
3321 990 3368 1041 εί
3394 986 3599 1053 ταύτης
3628 983 3791 1036 ἕνεκα

2195 1088 2294 1158 τῆς
2329 1087 2511 1149 αἰτίας
2554 1086 2681 1148 τοὺς
2722 1082 2828 1155 πρὸ
2869 1081 3027 1152 ἡμῶν
3052 1079 3345 1149 γεγονότας
3382 1077 3548 1145 αἰτιᾷ.
3585 1074 3677 1127 καὶ
3706 1071 3793 1122 λε-

2196 1157 2474 1248 λυπῆσθαι
2520 1174 2651 1245 φης,
2686 1174 2769 1226 ὅτι
2819 1172 2893 1243 μὴ
2933 1167 3372 1241 ἀπαραλλάκτως
3396 1165 3517 1226 ταῖς
3551 1162 3673 1222 σαῖς
3703 1157 3791 1211 εῦ-

2200 1284 2393 1342 ρηνται
2424 1265 2756 1337 κεχρημένοι
2794 1264 3021 1332 φωναῖς,
3051 1260 3172 1331 ὥρα
3198 1260 3340 1329 τάχα
3376 1273 3481 1310 που
3513 1250 3791 1307 συναιτιᾶ-

2201 1360 2326 1413 σθαι
2368 1358 2464 1412 καὶ
2506 1357 2706 1419 αὐτοὺς
2731 1354 2860 1418 τοὺς
2888 1353 3081 1421 ἁγίους
3113 1349 3445 1411 ἀποστόλους
3491 1344 3586 1398 καὶ
3625 1345 3792 1409 εὐαγο

2198 1451 2486 1520 γελιστάς·
2535 1446 2956 1519 συγγεγράφασι
3006 1443 3107 1515 μὲν
3154 1442 3262 1513 γὰρ
3296 1442 3396 1511 τῆς
3428 1439 3521 1493 ἐπὶ
3568 1433 3788 1507 Χριστῷ

2203 1541 2595 1615 μυσταγωγίας
2643 1540 2743 1603 τὰς
2796 1537 3047 1609 βίϐλους·
3094 1532 3372 1599 αὐτολεξεὶ
3411 1531 3468 1585 δὲ
3500 1531 3618 1593 ταῖς
3668 1529 3789 1590 σαῖς

2199 1636 2300 1689 οὐκ
2333 1635 2398 1689 ἂν
2426 1631 2715 1698 ἑπιδείξειέ
2762 1650 2849 1697 τις
2893 1629 3274 1702 χρησαμένους
3322 1621 3710 1694 φωναῖς.Ἀλλ’
3740 1619 3797 1673 εἴ

2205 1745 2288 1782 σοι
2315 1728 2483 1793 δοκεῖ,
2514 1726 2668 1780 τουτὶ
2708 1725 2809 1795 μὲν
2841 1725 3038 1795 πάρες,
3065 1722 3141 1786 ὼς
3171 1721 3390 1793 [λείπει
3424 1735 3480 1771 τι
3506 1716 3527 1789 ]
3558 1715 3712 1786 ἄθρει
3733 1712 3791 1766 δὲ

521 1834 595 1888 rei
640 1834 905 1887 rationem
952 1828 1021 1884 ab
1055 1827 1163 1881 illis
1192 1825 1538 1894 explicatam.
1595 1819 1846 1889 Erigitur
1877 1816 2026 1871 enim
2062 1829 2092 1867 a

2206 1819 2405 1892 μᾶλλον
2438 1820 2537 1889 τὴν
2565 1817 2659 1872 τοῦ
2693 1816 3023 1889 πράγματος
3050 1814 3282 1884 δήλωσιν
3314 1810 3459 1881 μάλα
3488 1804 3793 1876 πεποιημέ-

519 1928 677 1981 nobis
708 1925 842 1979 tides
875 1924 928 1976 in
975 1928 1221 1976 sanctam
1253 1926 1308 1971 et
1352 1909 1877 1970 consubstantialem
1916 1906 2098 1962 Trini-

518 2031 707 2075 tntem.
760 2017 902 2088 Ergo
949 2030 1072 2071 cum
1126 2011 1399 2065 fateantur
1443 2004 1668 2062 credere
1713 2017 1773 2056 se
1823 2002 1875 2054 in
1930 2014 2095 2053 unum

517 2113 684 2165 Deum
715 2109 929 2162 Patrem
966 2101 1416 2172 omnipotentem,
1442 2095 1685 2152 omnium
1718 2090 2014 2147 visibilium
2045 2097 2100 2143 et

517 2190 1183 2255 invisibiliumlectorem,
1212 2197 1268 2243 et
1304 2187 1357 2241 in
1392 2199 1556 2240 unum
1590 2182 1879 2236 Dominum
1912 2177 2098 2234 Jesum

515 2289 792 2343 Christum
822 2280 1194 2348 Filium‘ejus;
1243 2288 1419 2344 neque
1453 2273 1592 2327 alter
1619 2273 1715 2335 sit,
1748 2279 1807 2324 ut
1847 2285 1947 2323 nos
1973 2283 2098 2322 cre-

518 2382 717 2442 dimus,
748 2375 906 2431 Jesus
937 2372 1185 2429 Christus
1218 2368 1478 2423 Dominus
1506 2372 1704 2433 praeter
1737 2359 1888 2415 illum
1932 2373 2098 2411 unum

517 2485 573 2528 et
604 2468 898 2526 secundum
930 2474 1179 2520 naturam
1217 2476 1282 2515 ac
1310 2473 1439 2514 vere
1470 2455 1669 2511 Filium
1697 2469 1764 2510 ex
1810 2452 1919 2507 Deo
1945 2451 2099 2522 geni-

521 2578 655 2628 tnm,
707 2572 939 2627 cumque
985 2554 1115 2609 illud
1171 2551 1314 2619 quod
1363 2558 1481 2604 erat
1530 2547 1672 2601 Deus
1725 2545 1983 2610 Verbum,
2031 2545 2103 2597 sit

520 2657 682 2709 homo
724 2651 923 2706 factum
972 2661 1068 2717 per
1116 2644 1260 2697 illam
1310 2638 1499 2710 procul
1541 2637 1710 2692 dubio
1759 2649 1827 2689 ex
1878 2633 2104 2689 muliere

520 2745 959 2815 generationem:
987 2736 1096 2810 24
1122 2736 1215 2807 qui
1246 2733 1360 2788 fieri
1393 2739 1590 2802 potest,
1613 2739 1670 2783 ut
1695 2727 1785 2797 qui
1814 2727 2101 2795 dispensa-

522 2842 723 2894 tionem
764 2836 1083 2905 prmdicant,
1131 2829 1300 2898 ipsius
1324 2826 1500 2880 etiam
1530 2837 1598 2877 ex
1652 2821 1879 2875 muliere
1907 2817 2105 2872 nativi-

523 2940 687 2983 tatem
717 2926 1010 2981 secundum
1048 2933 1264 2976 carnem
1298 2916 1481 2985 eloqui
1514 2929 1621 2968 non
1652 2910 1943 2966 manifeste
1972 2924 2104 2965 con-

523 3014 852 3072 vincuntur?
898 3012 1049 3066 Tunc
1096 3012 1241 3065 enim
1302 3007 1433 3062 illud
1475 3004 1716 3060 'Verbunt
1767 3002 1912 3073 quod
1963 3000 2103 3057 Dens

519 3120 660 3173 erat,
681 3121 737 3164 et
768 3107 857 3161 ille
887 3105 1054 3161 Filius
1079 3104 1173 3173 qui
1196 3108 1314 3156 erat
1338 3097 1629 3168 sapientia,
1660 3104 1715 3150 et
1738 3097 1877 3161 vita,
1906 3105 1962 3149 et
1988 3093 2102 3158 lux,

2199 1930 2344 1976 νους.
2374 1912 2687 1982 Πράττεται
2720 1909 2820 1981 μὲν
2844 1909 2955 1980 γὰρ
2978 1906 3114 1976 πρὸς
3140 1904 3298 1977 ἡμῶν
3324 1905 3357 1975 η
3382 1902 3565 1963 πίστις
3589 1900 3667 1961 είς
3692 1895 3793 1966 τὴν

2202 2004 2364 2072 ἁγίαν
2390 2003 2483 2056 καὶ
2497 2000 2782 2073 όμοούσιον
2804 2001 3027 2071 Τριάδα.
3047 1998 3265 2067 Ἐπειδὴ
3283 1995 3340 2048 δέ
3359 2011 3493 2063 φασι
3512 1989 3794 2045 πιστεύειν

2201 2098 2281 2159 είς
2307 2095 2402 2148 ἕνα
2429 2093 2584 2156 Θεὸν,
2612 2093 2830 2165 Πατέρα
2863 2091 3298 2162 παντοκράτορα,
3331 2087 3550 2140 πάντων
3575 2080 3793 2152 ὁρατῶν

2201 2202 2260 2241 τε
2297 2186 2389 2239 καὶ
2423 2184 2672 2256 ἀοράτων
2703 2184 2933 2255 ποιητήν
2953 2198 2966 2210 ·
3002 2182 3096 2235 καὶ
3125 2182 3204 2243 είς
3224 2179 3321 2232 ἕνα
3344 2177 3549 2248 Κύριον
3581 2172 3794 2242 Ἰησοῦν

2201 2276 2441 2348 Χριστὸν
2475 2275 2567 2328 τὸν
2600 2274 2730 2327 Υίον
2764 2274 2928 2327 αὐτοῦ
2949 2290 2962 2303 ·
3012 2273 3113 2343 οὐχ
3162 2273 3349 2341 ἕτερος
3391 2269 3449 2322 δὲ
3499 2265 3620 2321 καθ’
3646 2267 3796 2336 ἡμᾶς

2216 2366 2421 2439 Ἰησοῦς
2458 2366 2694 2436 Χριστὸς
2726 2364 2930 2437 Κύριος
2964 2364 3116 2435 παρὰ
3140 2362 3233 2415 τὸν
3258 2362 3354 2415 ἕνα
3375 2360 3471 2414 καὶ
3494 2358 3674 2428 φύσει,
3696 2357 3794 2409 καὶ

2203 2459 2418 2528 ἀληθῶς
2452 2459 2615 2512 Υίόν’
2664 2457 2724 2521 ὃς
2773 2459 2838 2510 ἐκ
2870 2456 3006 2510 Θεοῦ
3044 2453 3323 2525 πεφηνὼς,
3354 2452 3449 2507 καὶ
3488 2452 3622 2515 Θεὸς
3653 2448 3729 2504 ὢν
3766 2450 3797 2502 ό
3834 2464 3843 2469 ·

2202 2551 2394 2621 Λόγος,
2421 2551 2648 2620 γέγονεν
2682 2548 2989 2622 ἄνθρωπος,
3014 2548 3103 2603 διὰ
3133 2548 3438 2619 γεννήσεως
3463 2546 3520 2599 δὲ
3549 2544 3799 2614 δηλονότι

2201 2642 2302 2712 τῆς
2349 2643 2413 2693 ἐκ
2444 2639 2723 2709 γυναικὸς,
2761 2639 2884 2693 τίνα
2913 2638 3113 2709 τρόπον
3152 2639 3201 2691 οί
3233 2636 3325 2691 τὸν
3352 2637 3452 2706 τῆς
3480 2635 3800 2705 οίκονομίας

2204 2734 2567 2805 κηρύττοντες
2596 2735 2773 2802 λόγον,
2800 2734 2900 2787 οὐκ
2950 2733 3015 2787 ἂν
3050 2733 3228 2787 ἁλοῖεν
3268 2727 3434 2785 αὐτοῦ
3478 2732 3577 2801 τὴν
3604 2731 3668 2784 ὲκ
3694 2748 3806 2799 γυ-

2204 2825 2391 2887 ναικὸς
2418 2823 2560 2876 κατά
2591 2823 2772 2893 σάρκα
2804 2821 3093 2886 λαλοῦντες
3121 2822 3405 2891 γέννησινς
3429 2821 3564 2874 Τότε
3592 2821 3700 2891 γὰρ
3730 2821 3808 2888 δὴ

2206 2914 2442 2987 Χριστὸς
2476 2913 2680 2985 Ἰησοῦς
2717 2913 3056 2983 ὠνόμασται.
3098 2913 3230 2977 Θεὸς
3272 2911 3347 2966 ὢν
3389 2913 3418 2964 ὁ
3466 2912 3659 2982 Λόγος,
3703 2914 3811 2965 καὶ

2200 3006 2393 3074 σοφία,
2421 3006 2517 3058 καὶ
2546 3004 2681 3074 ζωὴ.
2726 3004 2820 3057 καὶ
2850 3003 2984 3072 φῶς,
3017 3003 3046 3054 ὁ
3074 3002 3222 3066 Υἱός.
3257 3001 3528 3073 Πρόδηλον
3562 2996 3679 3066 οῦν,
3714 3001 3813 3053 ὅτι

2207 3097 2309 3167 τῆς
2355 3095 2571 3149 τοιᾶσδε
2606 3095 2852 3165 κλήσεως
2880 3097 2907 3148 ό
2938 3094 3131 3167 καιρὸς
3161 3094 3651 3166 συνειστρέχουσαν
3687 3092 3817 3163 ἔχει

521 3202 822 3273 appellatus
850 3207 933 3253 est
970 3194 1130 3251 Jesus
1167 3193 1441 3249 Christus.
1481 3189 1834 3258 Perspicuum
1884 3196 1967 3241 est
2001 3186 2101 3256 igi-

2206 3188 2307 3257 τὴν
2340 3186 2619 3255 γέννησιν,
2655 3184 2753 3255 τὴν
2784 3185 2873 3238 διά
2900 3185 2964 3253 γέ
2997 3202 3138 3255 φημι
3163 3187 3264 3255 τῆς
3292 3184 3453 3252 ἁγίας
3492 3182 3806 3254 Παρθένου.

522 3309 632 3359 tur,
657 3294 805 3347 illam
835 3305 903 3344 ex
925 3296 1112 3341 sancta
1138 3284 1356 3351 Virgine
1390 3282 1728 3335 nativitatem
1751 3280 1941 3335 eodem
1974 3288 2105 3333 tem-

522 3401 656 3458 pore
700 3397 820 3437 cum
865 3377 1132 3451 ejusmodi
1169 3374 1534 3445 appellatione
1567 3372 1934 3428 concurrisse.
1973 3370 2107 3427 Cre-

524 3475 703 3532 dendo
735 3482 916 3527 autem
948 3471 1002 3525 in
1030 3468 1311 3523 Christum
1339 3467 1546 3530 Jesum,
1584 3464 1637 3517 in
1671 3464 1820 3517 illum
1854 3478 2020 3516 unum
2053 3468 2107 3516 et

525 3581 717 3624 natura
755 3573 809 3619 et
840 3578 965 3617 vere
1003 3560 1195 3616 Filium
1241 3574 1338 3613 nos
1369 3559 1611 3627 credere,
1646 3558 1771 3610 dum
1817 3557 1931 3610 haec
1976 3553 2107 3608 fides

526 3677 623 3732 per
653 3663 824 3730 ipsum
856 3656 1090 3711 recurrit
1118 3652 1171 3706 in
1195 3650 1433 3717 Patrem,
1464 3650 1750 3704 cl.irutn'lit
1780 3664 1846 3705 ex
1874 3662 1939 3703 eo
1962 3646 2107 3717 quod

529 3760 643 3822 ipse
673 3753 927 3806 universo
962 3756 1230 3803 terrarum
1262 3744 1378 3798 orbi
1418 3743 1718 3815 proclamat
1749 3761 1764 3797 :
1795 3761 1813 3794 t
1847 3743 1947 3809 Qui
1989 3754 2110 3795 cre-

526 3849 605 3900 dit
633 3846 686 3899 in
735 3860 840 3907 me,
871 3857 975 3896 non
1004 3841 1056 3894 in
1090 3854 1175 3893 me
1206 3837 1402 3903 credit,
1440 3837 1532 3892 sed
1578 3837 1629 3890 in
1678 3851 1802 3890 eum
1837 3835 1927 3904 qui
1964 3833 2111 3887 misit

528 3952 615 3993 me
636 3937 716 4004 6';
750 3954 768 3988 ι
806 3942 860 3990 et
895 3952 909 3989 :
943 3953 960 3985 ι
995 3933 1095 4000 Qui
1134 3931 1283 3985 videt
1318 3944 1425 3993 me,
1470 3930 1613 3983 videt
1647 3943 1769 3982 cum
1814 3927 1905 3997 qui
1961 3924 2111 3979 misit

528 4030 713 4097 tne”;
747 4048 766 4081 ι
803 4040 857 4084 et
906 4042 1095 4082 rursus
1126 4042 1140 4078 :
1177 4045 1196 4078 ι
1226 4024 1463 4080 Creditis
1499 4024 1551 4076 in
1591 4021 1783 4085 Deum,
1823 4030 1874 4084 et
1924 4019 1975 4072 in
2025 4031 2111 4071 tne

528 4124 736 4179 credite
761 4121 837 4192 (4)
863 4119 929 4175 ⁸⁸.
960 4138 979 4172 ι
1012 4118 1196 4191 Neque
1229 4119 1371 4173 enim
1424 4117 1627 4185 utique'
1657 4114 1974 4175 asserimus,
2007 4109 2111 4164 du-

532 4216 723 4285 plicem
773 4214 921 4266 illum
981 4225 1011 4265 a
1071 4210 1225 4266 nobis
1281 4208 1437 4265 tidem
1488 4208 1744 4276 exigere;
1800 4204 1892 4258 sed
1930 4203 2112 4272 potius

531 4314 747 4368 docere,
784 4304 1030 4376 quisquis
1067 4303 1221 4355 [idem
1265 4301 1317 4354 iu
1346 4315 1468 4353 eum
1512 4296 1835 4365 susceperit,
1873 4294 2019 4347 illum
2059 4293 2111 4345 in

532 4402 704 4470 ipsum
737 4396 953 4451 Putrem
1008 4396 1252 4448 credere.
1301 4392 1406 4446 Sed
1445 4391 1595 4460 quia,
1643 4398 1703 4441 ut
1746 4387 1897 4440 illum
1936 4383 2113 4437 facere

533 4507 628 4562 par
647 4488 1083 4557 erat,nominmn
1108 4484 1534 4554 mqnivocatione
1564 4479 1724 4561 paulo
1756 4489 1877 4548 post
1908 4487 2109 4542 utetur,

2208 3281 2331 3334 Ὅτι
2365 3278 2715 3342 πιστεύοντες
2747 3277 2857 3349 [ἷσ.
2887 3277 2969 3330 ὃτι
2988 3277 3043 3330 δὲ
3066 3275 3437 3347 πιστεύοντες]
3458 3279 3536 3341 είς
3568 3276 3810 3348 Χριστὸν

2219 3370 2453 3441 Ἰησοῦν,
2488 3370 2571 3431 είς
2610 3370 2702 3422 τὸν
2745 3368 2841 3421 ἕνα
2895 3363 3196 3435 καιφύσει
3259 3369 3354 3421 καὶ
3405 3368 3624 3439 ἀληθῶς
3673 3368 3807 3422 Υίδν

2208 3461 2562 3532 πιστεύομεν,
2594 3459 2977 3529 ἀναφοιτώσης
2999 3459 3102 3529 τῆς
3124 3458 3359 3522 πίστεως
3378 3461 3459 3523 είς
3473 3459 3565 3513 τὸν
3581 3461 3810 3531 Πατέρα

2207 3556 2277 3610 δι’
2311 3555 2503 3618 αὑτοῦ,
2534 3554 2723 3625 σαφῶς
2753 3553 2883 3625 [Ion
2920 3552 3110 3625 σαφὲς]
3146 3553 3213 3607 ἂν
3245 3554 3477 3624 γένοιτο,
3509 3554 3807 3628 διακεκρας
3877 3564 3885 3570 ’

2208 3647 2364 3716 γότος
2398 3643 2565 3698 αὐτοῦ
2592 3644 2671 3716 τῷ
2692 3645 2887 3716 κόσμῳ
2914 3644 3077 3697 παντί
3099 3658 3111 3671 ’
3148 3663 3166 3696 t
3189 3644 3247 3697 '0
3273 3644 3544 3697 πιστεύων
3571 3646 3648 3707 εἰς
3672 3644 3805 3714 ἐμὲ,

2209 3740 2271 3793 ού
2308 3738 2557 3792 πιστεύει
2607 3738 2689 3800 είς
2738 3736 2861 3807 ἐμὲ,
2890 3736 3002 3790 ἀλλ’
3034 3738 3114 3799 είς
3165 3735 3255 3789 τὸν
3306 3735 3601 3807 πέμψαντά
3647 3752 3741 3805 με’
3783 3756 3805 3789 ι

2214 3832 2332 3897 καὶ,
2376 3847 2396 3881 ι
2421 3831 2478 3883 Ὀ
2524 3828 2747 3900 θεωρῶν
2795 3828 2919 3899 ἐμὲ,
2948 3827 3148 3899 θεωρεῖ
3191 3826 3288 3881 τὸν
3325 3828 3622 3899 πέμψαντά
3657 3844 3749 3898 με·
3786 3848 3806 3881 ο

2213 3925 2308 3979 καὶ
2357 3922 2539 3988 πάλιν,
2587 3940 2607 3973 t
2637 3921 2931 3975 Πιστεύετε
2977 3922 3059 3984 είς
3101 3922 3193 3974 τὸν
3234 3920 3389 3983 Θεὸν,
3429 3920 3524 3975 καὶ
3572 3922 3654 3985 είς
3703 3922 3814 3993 ἐμὲ

2212 4016 2515 4071 πιστεύετε.
2550 4034 2568 4068 ι
2609 4015 2719 4068 Καὶ
2761 4015 2821 4069 ού
2866 4014 2929 4087 δή
2973 4014 3076 4068 πού
3120 4030 3326 4084 φαμεν,
3360 4014 3436 4077 ὡς
3465 4014 3559 4066 δύο
3591 4014 3813 4078 πίστεις

2213 4109 2352 4181 πρὸς
2384 4108 2543 4181 ἡμῶν
2575 4110 2747 4161 αἰτεῖ·
2784 4107 3026 4161 διδάσκει
3053 4108 3109 4161 δὲ
3138 4106 3360 4177 μᾶλλον,
3391 4106 3467 4169 ὡς
3500 4107 3554 4159 εῖ
3577 4123 3662 4169 τις
3695 4108 3813 4160 είσ-

2213 4201 2428 4268 δέξαιτο
2465 4201 2565 4271 τὴν
2611 4202 2691 4264 είς
2721 4200 2883 4253 αὑτὸν
2914 4201 3119 4263 πίστιν,
3150 4200 3302 4271 αύτῷ
3349 4200 3680 4253 πεπίστευκε
3729 4200 3813 4272 τῷ

2216 4292 2417 4362 Πατρί.
2438 4290 2655 4363 Ἐπειδὴ
2706 4290 2761 4343 δὲ
2811 4293 2953 4345 κατά
3000 4292 3061 4344 τὸ
3103 4291 3251 4354 εἰκὸς
3289 4294 3354 4362 τῇ
3387 4291 3496 4344 τῶν
3524 4292 3814 4361 ὀνομάτων

2213 4382 2507 4452 ὁμωνυμία
2534 4382 2884 4451 διε-χρήσεται,
2925 4381 3080 4434 κοινά
3104 4383 3278 4451 λέγων
3304 4377 3444 4437 εἶναι
3474 4385 3535 4437 τό
3570 4401 3628 4437 τε
3669 4384 3812 4455 Χρι-

2219 4476 2363 4537 στος,
2390 4475 2485 4525 καὶ
2524 4473 2584 4525 τὸ
2632 4473 2858 4544 Κύριος,
2898 4473 2989 4526 καλ¹
3022 4474 3128 4544 μὴν
3169 4479 3262 4528 καὶ
3300 4476 3446 4541 Υἱὸς,
3485 4476 3717 4547 πρέπειν
3749 4493 3814 4529 τε

535 4585 836 4639 iommuuia
865 4597 986 4635 esse
1020 4582 1204 4634 dicens
1233 4586 1287 4633 et
1317 4575 1515 4632 Christi
1547 4554 1763 4641 nomen,
1789 4583 1842 4625 et
1877 4569 2101 4635 homini,

2219 4561 2359 4619 αὐτὰ
2391 4563 2849 4618 διαϐεσαιὼσεται
2875 4565 2953 4635 τῷ
2980 4567 3042 4617 ἐκ
3071 4566 3284 4636 Πατρδς
3314 4567 3473 4635 φύντι
3504 4544 3683 4637 Λόγῳ,
3702 4566 3815 4619 κᾶν

530 4689 693 4748 atque
757 4678 920 4730 etiam
973 4672 1131 4741 Filii,
1191 4684 1364 4740 eaque
1420 4667 1714 4721 convenire
1772 4663 2115 4721 conﬁrmabit

531 4772 709 4824 Verbo
744 4769 817 4822 illi
851 4783 916 4821 ex
954 4764 1116 4819 Patre
1157 4765 1362 4835 genito,
1393 4761 1558 4816 etiam
1593 4758 1639 4814 si
1672 4758 1820 4812 solus
1862 4756 2112 4812 conside—

530 4874 682 4916 retur
719 4863 957 4914 nondum
1007 4865 1287 4924 assumpta
1329 4867 1518 4917 carne,
1560 4866 1772 4905 necnon
1819 4850 1984 4902 etiam
2037 4846 2111 4901 illi

529 4953 733 5019 templo
775 4966 840 5005 ex
878 4947 1098 5017 Virgine
1143 4955 1302 5010 nato;
1337 4953 1392 4997 et
1430 4942 1587 5013 quia,
1635 4950 1693 4994 ut
1732 4949 1894 5011 pulo,
1935 4938 2018 4991 liis
2048 4938 2113 4992 de

534 5046 694 5099 tehus
724 5042 1013 5111 disputatio
1054 5036 1407 5108 inquisitione
1445 5049 1637 5104 magna
1674 5034 1901 5102 indiget,
1931 5046 1995 5087 ea
2041 5031 2108 5085 ad

532 5150 768 5207 praesens
815 5142 1115 5204 opportune
1156 5131 1210 5184 in
1260 5128 1471 5198 tempus
1507 5127 1846 5182 commodius
1881 5125 2111 5196 rejecta,

2216 4660 2265 4711 εἰ
2314 4662 2489 4711 νοοῖτο
2545 4657 2725 4724 μόνος,
2763 4656 2857 4709 καὶ
2909 4657 3109 4729 σαρκὸς
3161 4656 3304 4712 οὕτω
3342 4659 3418 4731 (5)
3468 4658 3813 4731 μεταλαχὼν,

2216 4755 2311 4808 καὶ
2344 4755 2450 4825 μὴν
2481 4757 2557 4824 τῷ
2582 4755 2646 4807 ὲκ
2668 4751 2948 4822 Παρθένου
2976 4752 3134 4822 φύντι
3164 4750 3306 4822 ναῷ’
3330 4752 3501 4805 δεῖται
3531 4752 3607 4818 δὲ,
3631 4749 3814 4821 οἶμαι,

2218 4846 2453 4917 βασάνου
2485 4845 2688 4916 πολλῆς
2715 4847 2742 4898 ὁ
2772 4845 2864 4900 ἐπὶ
2900 4845 3114 4907 τούτοις
3148 4843 3307 4913 λόγος
3327 4860 3340 4872 °
3380 4843 3459 4907 είς
3490 4844 3701 4915 καιρὸν,
3735 4845 3817 4909 ὡς

2215 4938 2375 5008 ἔφην,
2407 4937 2555 5009 αὐτῷ
2585 4938 2868 5005 πρέποντα
2899 4938 3186 5007 χρησίμως
3232 4935 3394 4991 αὐτὸν
3436 4937 3516 4999 εἰς
3548 4936 3606 4989 τὸ
3637 4938 3818 5008 παρὸν

2219 5030 2563 5101 ἀναθέμενοι,
2598 5031 2681 5100 ἐφ’
2706 5030 2901 5103 ἑτέραν
2933 5030 3099 5100 ἴωμεν
3131 5030 3228 5099 τῆς
3257 5029 3419 5097 ἁγίας
3451 5029 3671 5082 συνόδου
3700 5048 3788 5098 cum

2222 5123 2338 5194 νὴν,
2371 5123 2435 5193 ἢν
2461 5124 2644 5176 οὑτοσὶ
2672 5122 3046 5195 παρατρέπων
3072 5121 3166 5174 ἐπὶ
3196 5121 3257 5174 τὸ
3285 5120 3433 5192 αὐτῷ
3465 5119 3680 5186 δοκοῦν,
3715 5120 3820 5192 τὴν

603 5320 646 5350 ⁶¹
676 5318 863 5374 Matth.
903 5335 955 5383 χ,
992 5317 1079 5370 9.0.
1158 5317 1201 5347 ⁶²
1225 5315 1380 5371 Joan.
1416 5330 1514 5382 χιι,
1548 5314 1636 5370 Η.
1719 5313 1943 5371 8’Joan.
1972 5331 2088 5384 xw,

2256 5316 2302 5347 ⁸³⁸
2330 5315 2464 5372 Ibid.
2510 5317 2559 5371 l.

1822 5474 1978 5528 ANT.
2022 5474 2295 5531 AGELLII
2334 5474 2564 5531 ὺΟΤιΕ.

612 5643 683 5714 ζει)
717 5640 827 5694 lloc
861 5636 1224 5714 l0§1llll0llltllll
1262 5635 1474 5714 videtur
1499 5632 1736 5714 Cvrillus
1780 5635 1886 5688 alio
1913 5637 2103 5688 ordine

534 5706 825 5785 protulisse
854 5726 863 5760 :
897 5707 1102 5785 Credite
1142 5707 1194 5785 in
1232 5724 1331 5785 me,
1370 5716 1425 5785 et.
1457 5707 1508 5758 in
1548 5706 1717 5785 Reum
1745 5708 1957 5768 credite,
1998 5707 2098 5769 vel,

536 5775 780 5848 Creditis,
816 5794 924 5850 quo
957 5779 1112 5831 modo
1141 5778 1323 5831 citavit
1358 5777 1519 5830 etiam
1547 5775 1638 5829 liii.
1666 5790 1723 5828 tt.

2285 5634 2361 5705 (ὅ)
2397 5634 2575 5687 Malim
2606 5635 2803 5700 legere,
2837 5634 2990 5706 οῦπω
3044 5634 3386 5706 μεταλαχών,
3436 5644 3496 5689 ut
3544 5635 3679 5689 dixit
3719 5649 3819 5687 su-

2215 5722 2306 5786 pra
2343 5706 2589 5786 ραι-2⁸1.
2628 5706 2780 5786 oti-mo
2812 5705 3013 5786 σαρκὸς
3046 5708 3153 5767 ,καὶ
3202 5705 3433 5786 αἵματος
3480 5722 3815 5776 κεκοινωνη-

2216 5774 2345 5839 κὼς,
2382 5787 2431 5829 ct
2466 5776 2603 5831 infra
2638 5778 2720 5847 lli,
2766 5776 2861 5830 καὶ
2886 5774 3053 5828 οὔπω
3084 5774 3524 5849 σεσαρκωαένος.
