4150 6472
325 431 399 488 49

1396 410 1401 413 ’
1496 432 1870 489 Αονειιευε
1907 430 1950 487 N

2059 431 2313 491 TORIUM
2354 435 2481 491 LIB.
2528 437 2569 493 Ι.
3567 446 3636 505 50

329 553 435 612 τῆς
486 548 754 619 ἀληθείας
812 552 1209 618 καταϐιάζεται
1257 555 1506 627 δύναμιν.
1543 558 1682 626 Φησὶ
1714 557 1844 627 γὰρ,
1872 557 1954 609 ὅτι

2059 557 2124 612 ad
2156 558 2377 614 alteram
2407 569 2611 617 sanctae
2642 560 2783 619 illius
2817 564 3008 635 synodi
3040 580 3224 622 vocem
3259 574 3596 624 transeamus
3616 609 3634 635 ,

330 643 690 713 γεγράφασιν
718 647 768 698 οἱ
799 647 1065 717 [lat-sps;-
1105 647 1471 721 [Πιστεύομεν
1501 652 1583 715 εἰς
1610 650 1707 705 ἕνα
1742 651 1951 721 Κύριον

347 735 568 808 Ἰησοῦν
596 738 859 809 Χριστὸν,
897 743 992 793 τὸν
1020 741 1150 795 Υἰὺν
1175 742 1266 795 τὸν
1305 744 1592 815 μονογενῆ,
1633 744 1726 798 τὸν
1757 746 1823 798 ἐκ
1851 744 1947 798 τοῦ

338 830 564 899 Πατρὸς
613 832 976 901 γεννηθέντα,
1012 833 1103 887 τὸν
1149 835 1436 905 όμοούσιον
1483 835 1564 907 τῷ
1614 836 1808 909 Πατρὶ,
1856 837 1950 891 τὸν

336 922 683 976 κατελθόντα
711 924 778 977 δι’
807 926 977 996 ἡμᾶς,
1016 926 1112 980 καὶ
1144 927 1498 994 σαρκωθέντα
1528 932 1592 983 ὲκ
1629 930 1948 999 Πνεύματος

342 1013 857 1087 ἁγὼωΓΕπιςρέρει
874 1016 929 1070 δὲ
945 1017 1177 1083 τούτοις,
1204 1020 1298 1073 καί
1323 1037 1455 1091 φησι
1483 1022 1615 1089 περὶ
1641 1021 1750 1075 τῶν
1774 1022 1948 1091 ἁγίων

345 1108 648 1174 Πατέρων·
685 1107 1136 1181 [Ὑποκατιόντες
1151 1112 1229 1174 δὲ,
1264 1113 1628 1185 ὲρμηνεύονσι
1672 1115 1763 1168 τὸν
1793 1117 1949 1169 ἐναν-

343 1201 745 1273 θρωπήσαντα,
780 1204 972 1258 τοῦτον
1010 1205 1303 1276 λεγόμενον
1333 1208 1707 1277 σαρκωθέντα,
1740 1208 1799 1261 οὐ
1826 1225 1951 1279 τρο·

343 1296 456 1366 πὴν
489 1298 589 1366 τῆς
632 1297 785 1361 θείας
821 1298 1040 1367 φύσεως
1072 1300 1450 1370 ὑπομεινάσης
1481 1303 1561 1364 εἰς
1593 1302 1694 1373 τὴν
1742 1302 1945 1372 σάρκα,

342 1389 483 1443 ἀλλὰ
530 1390 630 1461 τὴν
674 1390 951 1461 ἐνοίκησιν
978 1393 1078 1462 τὴν
1107 1394 1188 1456 εἰς
1221 1393 1556 1465 ἄνθρωπον.]
1576 1396 1663 1448 Ἐν
1688 1395 1948 1465 ἐξηγήσει

340 1482 403 1535 δὲ
440 1483 607 1538 πάλιν
634 1484 735 1555 τῆς
768 1485 938 1556 αὐτῆς
969 1485 1153 1556 ἔχεται
1185 1486 1444 1551 διανοίας,
1469 1488 1561 1541 καὶ
1594 1487 1660 1560 δὴ
1687 1489 1781 1543 καὶ
1806 1488 1949 1544 οὕτω

344 1575 543 1646 φησίν.

416 1759 866 1833 [Ἠκολούθησαν
906 1761 985 1833 τῷ
1019 1763 1377 1835 εὖαγγελιστῇ
1410 1781 1424 1796 ’
1460 1764 1551 1818 καί
1581 1766 1689 1837 γὰρ
1720 1767 1748 1821 ὀ
1786 1768 1951 1835 εὐαγ-

346 1853 638 1924 γελιστὴς,
669 1853 840 1907 ἐλθὼν
867 1855 948 1918 εἰς
979 1854 1078 1926 τὴν
1106 1855 1539 1927 ἐνανθρὼπησιν,
1558 1859 1728 1928 ἔφυγε
1757 1860 1950 1931 γέννη-

349 1964 435 2001 σιν
470 1949 656 2000 εἰπεῖν
698 1948 793 2000 ἐπὶ
823 1946 915 2000 τοῦ
943 1948 1081 2002 Θεοῦ
1114 1949 1311 2018 Λόγου,
1343 1951 1437 2003 καὶ
1474 1951 1690 2006 τέθεικε
1730 1952 1949 2024 σάρκω-

347 2054 467 2093 σιν·
519 2037 657 2104 ποῦ;
704 2039 979 2094 ἄκουσονο
1029 2058 1049 2092 ι
1078 2042 1191 2095 Καὶ
1214 2043 1243 2095 ό
1262 2042 1434 2109 Λόγος
1465 2042 1603 2114 σὰρξ
1634 2045 1854 2111 ἐγένετο
1875 2064 1888 2078 ·
1924 2065 1943 2098 ι

343 2132 450 2186 οὐκ
490 2127 617 2184 εἶπε
640 2149 656 2163 ·
691 2131 793 2186 Διὰ
840 2132 1042 2203 σαρκὸς
1074 2134 1542 2208 ἐγεννήθη.Ὄπου
1589 2136 1698 2207 γὰρ
1736 2155 1949 2207 μνημοο

345 2222 605 2277 νεύουσιν
646 2224 698 2277 oi
738 2224 1049 2290 ἀπόστολοι,
1080 2225 1113 2295 ἢ
1164 2226 1213 2279 οί
1247 2227 1634 2296 εὐαγγελισταὶ
1663 2228 1757 2283 τοῦ
1791 2229 1947 2294 Υίοῦ,

343 2314 615 2379 τιθέασιν,
652 2314 737 2367 ὅτι
773 2314 1042 2385 ἐγεννήθη
1075 2316 1139 2369 ἐκ
1168 2318 1449 2384 γυναικός.
1479 2318 1723 2389 Πρόσεχε
1748 2319 1826 2391 τῷ
1862 2321 1953 2373 λε·

345 2403 593 2475 γομένῳ,
625 2404 935 2475 παρακαλῶ
954 2421 967 2435 ο
1012 2405 1147 2459 ὅπου
1176 2406 1284 2477 γὰρ
1314 2407 1532 2476 λέγουσι
1564 2409 1622 2463 τὸ
1652 2410 1824 2481 ὄνομα
1855 2410 1951 2465 τοῦ

348 2493 511 2558 Υἱοῦ,
545 2494 640 2547 καὶ
674 2495 757 2548 ὅτι
794 2496 989 2567 ἐτέχθη
1024 2497 1091 2550 ὲκ
1129 2498 1410 2565 γυναικὸς,
1432 2499 1646 2554 τιθέασι
1674 2500 1954 2570 τὸ,Ἐγεν-

345 2585 494 2655 νήθη
520 2598 536 2612 ·
576 2586 715 2639 ὅπου
748 2587 806 2640 δὲ
854 2589 1255 2658 μνημονεύουσι
1287 2590 1382 2644 τοῦ
1411 2591 1608 2660 Λόγου,
1645 2592 1819 2658 οὐδεὶς
1850 2594 1951 2646 αὑ-

346 2675 463 2727 τῶν
496 2676 802 2745 ἐτόλμησεν
835 2680 1031 2739 εἰπεῖν,
1061 2680 1314 2752 γέννησιν
1346 2682 1435 2737 διὰ
1460 2686 1561 2754 τῆς
1593 2683 1954 2755 ἀνθρωπότη-

343 2781 461 2828 τος.
481 2765 544 2818 ’0
565 2765 678 2836 γὰρ
713 2768 985 2838 μακάριος
1010 2769 1262 2841 Ἰωάννης
1286 2774 1315 2825 ό
1333 2772 1750 2845 εύαγγελιστὴς,
1779 2774 1966 2830 ἐλθὼν-

343 2859 432 2921 είς
485 2857 582 2912 τὸν
633 2858 831 2927 Λόγον,
885 2861 981 2914 καὶ
1027 2862 1108 2925 εἰς
1160 2862 1259 2934 τὴν
1307 2864 1724 2938 ὲνανθρώπησιν
1760 2867 1951 2933 αὐτοῦ,

345 2951 595 3004 ἄκουσον
633 2946 727 3005 οἷὰ
765 2969 951 3023 φησιν.
998 2971 1017 3005 ι
1056 2954 1116 3007 '0
1138 2954 1309 3025 Λόγος
1354 2956 1490 3028 σὰρξ
1528 2957 1766 3027 ἐγένετο.
1799 2960 1846 3032 ι]

968 3112 1220 3171 ΚΕΦΑΛ.
1262 3116 1344 3169 Η’.

2051 669 2213 724 quam
2254 654 2353 709 iste
2400 663 2458 709 ut
2509 657 2575 710 ad
2626 671 2781 712 suam
2827 660 3151 713 sententiam
3199 671 3492 730 pervertat.
3533 662 3635 729 ipsi

2051 744 2446 813 patentissima?
2477 746 2698 801 veritati
2742 749 3038 803 succurrit.
3064 750 3156 804 Ait
3177 752 3320 805 enim
3348 753 3637 818 scripsisse

2050 834 2243 891 Patres
2270 856 2283 891 :
2310 837 2619 911 [Credimus
2649 839 2701 893 in
2736 855 2902 894 unum
2932 841 3217 896 Dominum
3261 841 3444 898 Iesum
3471 845 3642 899 .Cltri-

2051 938 2217 995 stum,
2267 929 2466 986 Filium
2516 932 2877 1002 unigenitum,
2925 949 2991 987 ex
3040 934 3204 991 Patre
3247 946 3458 1004 natum,
3500 953 3637 990 con-

2051 1023 2463 1079 substantialem
2508 1024 2695 1081 Patri:
2725 1028 2815 1096 qui
2852 1028 3131 1083 descendit
3164 1038 3385 1097 propter
3422 1044 3543 1093 nos,
3584 1041 3638 1084 ct

2051 1118 2369 1173 incarnatus
2395 1119 2570 1175 estde
2601 1118 2805 1190 Spiritu
2846 1120 3083 1193 sancto.]
3121 1122 3200 1175 Ad
3240 1123 3352 1176 ham
3379 1123 3544 1176 inl'ert
3574 1139 3639 1176 ac

2051 1208 2183 1263 dicit
2227 1211 2295 1263 de
2327 1210 2536 1266 sanctis
2569 1210 2677 1266 illis
2706 1210 2964 1268 Patribus
2991 1231 3003 1267 :
3040 1212 3298 1286 [Inferius
3324 1228 3454 1267 vero
3494 1214 3638 1267 hunc

2053 1298 2229 1368 ipsum
2277 1299 2371 1370 qui
2423 1300 2625 1356 dicitur
2658 1301 3001 1365 incarnatus,
3045 1302 3477 1370 interpretantur
3516 1315 3638 1355 esse

2053 1391 2327 1446 hominem
2364 1390 2566 1447 factum
2596 1411 2610 1448 :
2638 1408 2745 1448 non
2778 1394 2919 1462 quod
2961 1402 3156 1446 natura
3198 1393 3381 1447 divina
3412 1392 3463 1445 in
3511 1407 3637 1446 car-

2051 1496 2177 1537 nem
2212 1482 2282 1536 sit
2322 1492 2552 1550 mutata,
2588 1485 2683 1539 sed
2720 1485 2863 1554 quod
2898 1485 2950 1539 in
2985 1484 3205 1538 homine
3235 1482 3541 1556 habitarit.]
3579 1481 3637 1539 [ιι

2051 1575 2392 1644 expositione
2422 1590 2613 1633 rursus
2646 1576 2823 1632 eidem
2855 1575 3089 1631 inhaeret
3124 1576 3432 1640 sententias,
3470 1589 3534 1631 ac
3562 1575 3639 1629 ita

2052 1665 2181 1721 dicit
2215 1684 2230 1721 :

2127 1756 2408 1830 [Νεετοιι.
2453 1756 2638 1813 Secu’ti
2680 1768 2808 1814 sunt
2834 1759 3222 1830 evangelistam
3258 1783 3271 1817 ι
3305 1775 3430 1815 nam
3468 1774 3638 1815 evan-

2054 1851 2243 1920 gelista
2292 1853 2382 1907 ubi
2414 1852 2481 1907 ad
2521 1853 2851 1906 narrandam
2896 1854 3340 1908 humanationem
3367 1855 3636 1924 pervenit,

2054 1944 2236 1999 dicere
2262 1945 2662 2012 generationem
2696 1944 2751 1999 in
2781 1943 2890 2000 Deo
2916 1943 3095 2000 Verbo
3123 1946 3333 2010 vitavit,
3367 1962 3430 2001 ac
3463 1947 3643 2014 posuit

2054 2036 2511 2091 incarnationem.
2561 2034 2831 2091 Ubinam?
2864 2038 2989 2091 audi
3024 2056 3036 2091 :
3078 2056 3097 2088 ι
3132 2039 3196 2092 Et
3225 2035 3463 2093 Verbum
3507 2053 3639 2093 caro

2054 2128 2253 2183 factum
2284 2138 2366 2183 est
2391 2128 2472 2197 ‘5';
2508 2148 2527 2207 ι
2568 2145 2675 2183 non
2713 2129 2886 2185 dixit:
2912 2128 3017 2183 Per
3053 2146 3272 2185 carnem
3321 2141 3484 2185 natus
3509 2140 3592 2185 est
3622 2148 3637 2184 :

2055 2239 2178 2277 nam
2224 2224 2312 2278 ubi
2364 2223 2594 2293 apostoli
2629 2224 2716 2277 vel
2755 2224 3101 2294 evangelista:
3142 2224 3469 2278 mentionem
3514 2222 3637 2278 Filii

2055 2315 2302 2382 faciunt,
2346 2325 2555 2385 ponunt
2602 2323 2787 2369 natum
2832 2331 2956 2370 esse
2998 2331 3061 2371 ex
3102 2316 3350 2371 muliere.
3380 2316 3636 2376 Attende,

2056 2422 2261 2478 quarso,
2293 2408 2435 2479 quod
2468 2407 2669 2462 dicitur
2694 2422 2708 2461 :
2732 2407 2839 2478 25
2868 2407 2956 2462 ubi
2981 2414 3415 2461 commemorant
3442 2421 3638 2460 nomen

2056 2501 2202 2566 Filii,
2242 2509 2297 2554 et
2344 2501 2549 2555 editum
2586 2515 2707 2555 esse
2750 2516 2816 2554 ex
2867 2500 3115 2563 muliere,
3153 2508 3359 2567 ponunt
3393 2498 3641 2563 verbum,

2056 2593 2228 2650 Natus
2259 2604 2378 2661 est;
2415 2594 2512 2649 sed
2544 2594 2633 2648 ubi
2670 2593 2831 2649 Verbi
2862 2593 3028 2646 divini
3054 2592 3380 2647 mentionem
3412 2589 3641 2656 faciunt,

2056 2702 2218 2743 nemo
2265 2688 2479 2741 illorum
2530 2702 2698 2743 ausus
2737 2697 2819 2742 est
2870 2687 3073 2752 dicere,
3108 2685 3349 2754 genitum
3393 2698 3514 2738 esse
3547 2697 3644 2753 per

2053 2777 2470 2833 humanitatem.
2505 2776 2641 2832 Nam
2688 2778 2878 2832 beatus
2904 2775 3142 2831 Joannes
3182 2775 3515 2845 evangelista
3548 2773 3639 2828 ubi

2054 2868 2305 2938 pervenit
2344 2867 2411 2921 ad
2458 2868 2716 2929 Verbum,
2750 2873 2805 2921 et
2854 2863 2972 2934 ejus
3003 2864 3472 2928 humanationem,
3515 2860 3640 2915 audi

2055 2960 2185 3031 quid
2216 2961 2361 3016 dicat
2394 2980 2407 3016 :
2445 2977 2464 3011 ι
2498 2960 2737 3015 Verbum
2772 2973 2903 3013 caro
2939 2957 3143 3012 factum
3173 2963 3277 3013 est.
3307 2953 3355 3025 ι]

2690 3112 2841 3170 CAP.
2878 3112 3009 3169 Vill.

420 3243 565 3314 Φέρε
600 3242 667 3314 δὴ
701 3236 809 3307 οῦν,
828 3244 1167 3314 παραθέντες
1187 3242 1267 3312 οἷς
1292 3248 1396 3320 ἔφη
1426 3251 1637 3308 καὶτοῦ
1658 3256 1781 3311 καθ’
1804 3259 1951 3329 ἡμᾶς

2129 3259 2243 3326 Age
2266 3254 2399 3325 jam,
2432 3269 2557 3309 cum
2603 3253 2688 3309 his
2719 3267 2839 3324 quae
2876 3250 3014 3308 dixit
3050 3247 3423 3318 componendo
3471 3245 3647 3302 nostri

347 3332 642 3403 sapam»
669 3334 772 3404 τὴν
798 3334 1076 3399 ἀπόδοσιν,
1107 3337 1305 3407 ἴδωμεν
1345 3341 1394 3392 εί
1435 3342 1509 3412 μή
1542 3361 1594 3396 τι
1634 3348 1949 3402 κεκαινοτό-

352 3444 529 3498 μηται
591 3426 743 3498 παρὰ
775 3427 964 3483 τούτου
1016 3429 1111 3483 καὶ
1161 3432 1292 3503 περὶ
1335 3435 1530 3507 αὐτήν·
1569 3455 1588 3489 ι
1618 3439 1960 3513 Πιστεύομεν

348 3522 434 3583 εὶς
463 3518 567 3575 ἕνα
595 3519 737 3574 Θεὸν
772 3520 994 3592 Πατέρα
1028 3525 1469 3599 παντοκράτορα,
1498 3530 1718 3586 πάντων
1744 3535 1959 3605 ὁρατῶν

349 3612 448 3664 καὶ
499 3610 760 3681 ἀοράτων
817 3614 1083 3683 ποιητήν·
1122 3615 1216 3669 καὶ
1251 3618 1331 3680 είς
1382 3617 1478 3672 ἕνα
1512 3620 1716 3694 Κύριον
1751 3625 1960 3695 Ἰησοῦν

349 3702 616 3773 Χριστὸν,
656 3702 751 3756 τὸν
783 3703 910 3757 Υἱδν
937 3703 1031 3758 τοῦ
1058 3705 1215 3772 Θεοῦ,
1239 3709 1570 3782 γεννηθέντα
1609 3715 1675 3768 ὲκ
1712 3716 1809 3770 τοῦ
1845 3716 1969 3772 Πα-’

350 3795 486 3865 cpe;
523 3794 797 3866 μονογενῆ
828 3794 926 3866 (6),
958 3798 1258 3866 τουτέστιν,
1300 3803 1365 3856 ἐκ
1394 3803 1493 3875 τῆς
1520 3805 1710 3872 οὐσίας
1738 3809 1833 3863 τοῦ
1862 3808 1963 3865 αὐ-

349 3892 448 3945 τοῦ
470 3909 485 3921 ·
521 3892 662 3944 Θεὸν
695 3894 761 3945 ἐκ
796 3892 955 3955 Θεοῦ,
988 3896 1104 3964 φῶς
1133 3896 1200 3950 ὲκ
1226 3900 1427 3969 φωτὸς,
1458 3900 1592 3957 Θεὸν
1617 3904 1872 3975 ἀληθινὸν
1895 3909 1962 3963 ἐκ

350 3984 493 4037 Θεοῦ
521 3984 813 4056 ἀληθινοῦ,
845 3987 1199 4057 γεννηθέντα,
1222 3990 1285 4044 οὐ
1318 3992 1637 4064 ποιηθέντα.
1673 3997 1962 4067 ὁμοούσιον

350 4078 431 4148 τῷ
465 4078 671 4148 Πατρὶ,
702 4078 772 4132 δι’
803 4074 864 4134 οὗ
899 4079 969 4134 τὰ
1004 4081 1183 4137 πάντα
1212 4084 1448 4153 ἐγένετο,
1481 4087 1549 4141 τά
1580 4105 1640 4141 τε
1676 4089 1733 4143 ὲν
1759 4090 1837 4162 τῷ
1866 4091 1960 4144 οὐ.

359 4170 531 4242 ρανῷ,
564 4171 667 4225 καὶ
698 4171 769 4224 τὰ
796 4173 889 4226 ἐπὶ
917 4174 1019 4243 τῆς
1051 4178 1182 4247 γῆς’
1222 4177 1313 4230 τὸν
1338 4177 1407 4231 δι’
1424 4180 1571 4250 ἡμᾶς
1593 4182 1721 4244 τοὺς
1749 4183 1963 4256 ἀνθρὼ-

356 4278 515 4327 πους,
553 4265 655 4318 καὶ
691 4264 781 4318 διὰ
811 4265 911 4337 τὴν
946 4268 1224 4339 ἡμετέραν
1270 4273 1567 4343 σωτηρίαν,
1602 4275 1958 4344 κατελθόντα,

355 4355 450 4409 καὶ
482 4357 869 4426 σαρκωθέντα,
905 4359 1002 4412 καὶ
1025 4359 1543 4434 ὲνανθρωπήσαντα,
1570 4366 1834 4434 παθόντα,
1864 4369 1973 4424 καῖ·

354 4448 681 4501 ἀναστάντα
705 4450 773 4518 τῇ
801 4449 962 4524 τρίτῃ
992 4450 1178 4523 ἡμέρᾳ
1202 4468 1216 4482 ⁸
1246 4454 1541 4510 ἀνελθόντα
1587 4459 1669 4523 είς
1708 4450 1836 4524 τοὺς
1876 4462 1965 4514 οὐ·

2067 3334 2308 3422 Symholi
2355 3348 2676 3414 editionem,
2730 3347 3091 3417 inquiramus,
3154 3359 3218 3398 an
3267 3345 3433 3398 etiam
3480 3342 3532 3397 in
3582 3356 3648 3397 ea

2061 3445 2340 3516 quidpiam
2368 3442 2437 3498 ab
2481 3443 2584 3497 hoc
2621 3441 2841 3497 homine
2875 3440 3138 3494 audacter
3158 3439 3231 3493 sit
3280 3437 3594 3492 innovatum
3629 3454 3644 3490 :

2068 3557 2088 3590 ι
2128 3536 2418 3593 Credimus
2452 3536 2504 3589 in
2534 3550 2698 3589 unum
2745 3532 2914 3587 Deum
2948 3532 3164 3587 Patrem
3197 3529 3648 3598 omnipotentem,

2062 3630 2304 3684 omnium
2338 3626 2628 3684 visibilium
2661 3633 2717 3680 et
2758 3620 3125 3680 invisibilium‘
3154 3622 3413 3678 factorem
3444 3639 3459 3678 :
3492 3630 3548 3677 et
3591 3621 3648 3676 in

2062 3735 2227 3773 unum
2252 3718 2538 3773 Dominum
2567 3715 2751 3771 Jesum
2779 3715 3055 3769 Christum
3085 3712 3279 3767 Filium
3327 3712 3440 3778 Dei,
3465 3720 3650 3765 natum

2063 3828 2129 3867 ex
2149 3812 2314 3868 Patre
2337 3810 2702 3882 unigenitum,
2724 3809 2829 3864 hoc
2848 3816 2952 3873 est,
2967 3822 3031 3863 ex
3049 3806 3290 3875 ejusdem
3311 3804 3613 3891 substantia
3632 3821 3648 3865 ;

2063 3903 2233 3958 Deum
2266 3902 2333 3957 de
2366 3901 2498 3968 Deo,
2537 3900 2720 3955 lumen
2757 3899 2824 3955 de
2867 3899 3092 3962 lumine,
3143 3896 3309 3950 Deum
3344 3890 3533 3947 verum
3582 3893 3659 3948 de

2064 3993 2179 4049 Deo
2221 4008 2373 4060 vero,
2412 3992 2681 4062 genitum,
2713 4006 2821 4045 non
2867 3989 3090 4052 factum,
3128 3983 3650 4041 consubstantialem

2063 4087 2234 4152 Patri,
2266 4101 2362 4156 per
2384 4099 2547 4154 quem
2574 4082 2756 4138 omnia
2806 4081 2944 4135 facta
2987 4086 3134 4145 sunt,
3167 4092 3286 4146 qum
3326 4077 3379 4131 in
3425 4075 3567 4130 ccelo
3598 4085 3654 4128 et

2064 4194 2187 4251 quae
2225 4179 2280 4233 in
2311 4186 2452 4233 terra
2487 4193 2501 4229 :
2534 4175 2625 4246 qui
2661 4182 2884 4243 propter
2924 4185 3027 4227 nos
3065 4166 3315 4225 homines
3342 4176 3394 4224 et
3433 4176 3655 4239 propter

2064 4282 2308 4329 nostram
2364 4270 2594 4324 salutem
2631 4265 2930 4331 descendit,
2983 4275 3039 4318 et
3086 4263 3407 4318 incarnatus
3447 4266 3551 4323 est,
3597 4266 3654 4313 et

2064 4366 2227 4422 homo
2252 4363 2429 4419 factus
2448 4371 2570 4425 est;
2599 4374 2790 4431 passus
2812 4368 2919 4423 est,
2944 4367 2997 4412 et
3029 4350 3507 4411 resurrexittertia
3540 4353 3649 4416 die,

2065 4455 2311 4512 ascendit
2354 4454 2407 4508 in
2455 4453 2645 4518 cmlos,
2695 4458 2955 4505 venturus
3001 4455 3087 4502 est
3124 4446 3371 4515 judicare
3406 4444 3556 4497 vivos
3599 4452 3654 4496 et

359 4539 563 4610 ρανούς
583 4556 598 4572 ·
639 4541 939 4643 ἐρχόμενον
968 4547 1152 4615 κρῖναι
1180 4545 1391 4612 ζῶντας
1442 4551 1539 4604 καὶ
1563 4552 1815 4623 νεκρούς.
1851 4555 1956 4609 Καὶ

2071 4543 2333 4605 mortuos.
2376 4542 2449 4602 Et
2478 4547 2533 4601 in
2570 4544 2834 4614 Spiritum
2867 4552 3132 4598 sanctum.
3169 4558 3188 4590 ι
3216 4537 3328 4606 Age
3356 4534 3654 4626 igiturnvir

352 4635 435 4695 είς
462 4633 531 4685 τὸ
562 4632 795 4703 Πνεῦμα
827 4635 887 4688 τὸ
916 4634 1095 4705 ἅγιον.
1122 4638 1258 4693 »Ἴθι
1282 4640 1346 4712 δὴ
1370 4636 1484 4707 οὖν,
1512 4636 1558 4697 ὦ
1589 4647 1830 4714 γενναῖε,
1857 4647 1956 4701 ποῦ

2068 4641 2306 4713 egregie,
2337 4639 2424 4695 dic
2450 4639 2669 4693 ubinam
2700 4634 2978 4708 posuerint
3005 4632 3071 4686 de
3118 4628 3279 4693 Filio,
3312 4628 3654 4681 inearnatum

351 4726 701 4791 τεθείκασιν,
761 4727 903 4792 εἰπὲ,
956 4730 1085 4800 περὶ
1128 4731 1222 4784 τοῦ
1268 4733 1432 4801 Υίοῦ,
1484 4736 1841 4807 σαρκωθέντα
1900 4743 1956 4795 ὲκ

2069 4749 2191 4791 esse
2228 4736 2294 4789 de
2343 4730 2550 4802 Spiritu
2591 4736 2782 4785 sancto
2802 4732 2859 4780 et
2902 4722 3069 4778 Maria
3105 4719 3372 4790 Virgine?
3406 4718 3569 4785 Atqui
3604 4717 3656 4770 id

352 4820 692 4891 Πνεύματος
739 4820 897 4888 ἁγίου
948 4823 1043 4876 καὶ
1087 4825 1309 4896 Μαρίας
1352 4827 1452 4898 τῆς
1490 4828 1799 4901 Παρθένου;
1830 4831 1968 4886 ἀλλὰ

352 4913 521 4967 ττῦτο
561 4912 669 4982 μὲν
688 4913 981 4981 ὲκδείξειεν
1005 4914 1073 4970 ἂν
1091 4917 1294 4987 ἤκιστά
1313 4934 1399 4988 γε,
1420 4920 1560 4991 πλὴν
1581 4923 1761 4976 ἐκεῖνο
1785 4923 1963 4996 ἄθρει.

352 5007 491 5059 Φασὶ
526 5005 666 5075 γὰρ,
700 5006 865 5059 αὐτὸν
894 5006 987 5060 τὸν
1031 5009 1097 5060 ἐκ
1141 5008 1276 5063 Θεοῦ
1306 5012 1501 5080 Λόγον,
1534 5014 1627 5068 τὸν
1658 5017 1963 5089 Μονογενῆ,

353 5099 445 5151 τὶν
479 5100 554 5151 ἐκ
591 5098 698 5162 τῆς
743 5098 931 5164 οὐσίας
957 5099 1055 5153 τοῦ
1090 5102 1324 5172 Πατρός,
1352 5104 1445 5157 τὸν
1471 5105 1541 5158 δι’
1571 5100 1632 5162 οὗ
1660 5108 1729 5163 τὰ
1762 5110 1962 5176 πάντα,

355 5191 415 5242 τὸ
445 5188 576 5260 φῶς
611 5188 676 5240 τὸ
711 5187 988 5258 ἀληθινὸν,
1015 5192 1371 5265 σαρκωθῆναί
1396 5212 1455 5247 τε
1487 5197 1582 5250 καὶ
1608 5197 1968 5273 ἐνανθρωπῆ-

352 5299 445 5336 σαι
471 5324 487 5345 ,
522 5281 730 5336 παθεῖν
773 5300 834 5336 τε
888 5283 985 5337 καὶ
1014 5284 1349 5358 ἀναστῆναιο
1393 5289 1486 5342 καὶ
1532 5290 1661 5361 μὴν,
1697 5292 1781 5346 ὅτι
1826 5296 1967 5350 κατὰ

350 5375 595 5444 καιροὺς
647 5373 914 5446 ἐπανήξει
966 5377 1339 5449 κριτής.’Λλλ⁹
1372 5378 1460 5433 ἵνα
1510 5381 1605 5434 καὶ
1652 5385 1775 5447 ταῖς
1823 5386 1968 5456 παρ’

434 5560 480 5593 ⁸⁸
501 5555 668 5614 Joan.
700 5572 739 5625 ι,
772 5557 862 5613 14.

2069 4826 2358 4883 ostendere
2384 4824 2608 4878 minime
2630 4820 2862 4891 poterit:
2882 4817 2975 4873 sed
2994 4826 3170 4870 tamen
3198 4812 3326 4867 illud
3346 4812 3653 4865 considera.

2070 4918 2335 4974 Fatentur
2362 4915 2508 4970 enim
2553 4913 2728 4981 ipsum
2776 4907 2871 4964 Dei
2904 4907 3163 4966 Verbum,
3212 4901 3361 4969 illum
3395 4899 3659 4969 Unigeni-

2073 5021 2209 5077 tum,
2254 5008 2404 5065 illum
2436 5021 2505 5061 ex
2550 5002 2852 5059 substantia
2906 4998 3109 5064 Patris,
3152 4994 3302 5049 illum
3358 5008 3455 5062 per
3494 5006 3653 5060 quem

2073 5103 2278 5169 omnia,
2310 5098 2440 5156 illud
2469 5098 2647 5153 lumen
2676 5109 2889 5160 verum,
2923 5091 3268 5146 inearnatum
3304 5099 3448 5149 esse,
3490 5091 3546 5136 et
3580 5082 3652 5133 fa-

2074 5205 2223 5253 ctum
2275 5193 2580 5257 hominem,
2614 5198 2668 5245 et
2711 5200 2956 5258 passum,
2990 5192 3047 5239 et
3075 5176 3462 5239 resurrexisse,
3499 5173 3659 5242 quiu-

2073 5290 2238 5347 etiam
2267 5302 2368 5342 suo
2397 5293 2644 5354 tempore
2670 5279 2971 5336 rediturum
2996 5273 3256 5348 judicem.
3287 5266 3407 5322 Jam
3448 5280 3577 5320 vero
3602 5274 3660 5317 ut

2075 5382 2193 5453 ejus
2223 5377 2406 5435 verbis
2446 5372 2808 5432 certissimam
2838 5380 3086 5425 normam
3126 5357 3446 5432 apponcndo
3477 5354 3661 5408 viden-

1662 5706 1825 5763 ANT.
1868 5707 2146 5765 AGELth
2183 5666 2423 5765 moras.

439 5858 820 5935 (6)_For_t_as_se
865 5858 1007 5935 o_rd_o
1057 5860 1310 5935 inversus
1361 5869 1444 5915 est
1494 5872 1556 5935 _et
1613 5863 1956 5921 scribendum

2060 5877 2197 5935 erat,
2255 5865 2379 5921 Υἱὸν
2421 5863 2514 5918 τοῦ
2551 5859 2685 5917 Θεοῦ
2737 5854 3044 5932 μονογενῆ,
3111 5846 3440 5922 γεννηθέντα
3473 5844 3535 5896 ὲκ
3564 5855 3658 5893 του

362 5931 604 6004 Πατρός,
648 5930 850 5986 Filium
881 5929 981 5985 Dei
1014 5931 1359 6000 unigenitum,
1392 5947 1455 5987 ex
1484 5929 1647 5989 Patre
1685 5945 1890 5989 natum.
