4150 6446
530 366 593 423 δι
1564 362 1625 421 S.
1665 362 1944 422 CYRlLLl
1978 358 2450 420 ALEXANDle
2483 363 2807 422 ARCHIEP.

3732 370 3809 426 52

529 496 653 539 nius
693 489 891 552 quanta
938 481 1010 537 sit
1057 480 1111 536 in
1161 479 1268 536 illis
1316 478 1611 552 imperitia,
1665 480 1867 537 asserit
1903 488 2106 550 aperte,

2216 480 2383 536 αὐτοῦ
2427 484 2632 553 φωναῖς
2661 480 2870 554 ἀκριϐῆ
2901 480 3002 554 τὴν
3037 480 3271 554 βάσανον
3309 481 3565 548 ἐνιέντες.
3601 482 3805 556 ἴδωμεν

531 574 709 644 ipsum
758 572 849 627 Dei
886 572 1122 628 Verbum
1171 572 1516 628 incarnatum
1561 586 1683 628 esse
1726 581 1783 628 et
1832 572 2105 627 hominem

534 666 735 720 factum
787 665 906 721 illos
954 667 1157 729 dicere,
1208 673 1265 720 et
1307 680 1495 719 eorum
1529 664 1743 719 veritati
1793 663 2107 733 sun‘ragium

535 759 731 824 ferens,
766 768 1021 828 tanquam
1063 758 1438 813 convenientia
1482 758 1722 813 dicentes
1753 765 1932 812 ornat.
1969 757 2109 811 Num

535 851 719 918 igitur,
772 850 881 915 die,
911 866 1121 920 quaso.
1161 866 1284 904 cum
1335 851 1674 903 inearnatnm
1726 859 1783 904 et
1834 851 2108 904 hominem

535 940 734 993 factum
764 941 935 1007 aiunt,
963 942 1106 995 aliud
1138 942 1410 1011 quidpiam
1438 942 1759 1011 significant.
1797 958 1957 1010 quam
1989 957 2110 997 esse

531 1033 827 1085 secundum
867 1047 1082 1085 carnem
1109 1031 1341 1086 natum?
1383 1032 1774 1087 [incarnationis
1824 1034 1967 1087 enim
2021 1035 2109 1090 hic

533 1122 748 1185 modus,
783 1132 836 1175 et
869 1124 1084 1192 quidem
1120 1123 1267 1177 solus
1293 1123 1340 1177 ei
1371 1125 1681 1194 contingere
1707 1133 1901 1192 potest,
1934 1125 2023 1193 qui
2054 1134 2108 1181 et

529 1221 683 1265 extra
712 1228 929 1266 carnem
960 1222 1012 1267 et
1038 1215 1330 1267 secundum
1380 1230 1530 1268 suam
1564 1226 1809 1269 naturam
1840 1216 2104 1272 subsistit.

533 1302 717 1373 Neque
750 1305 894 1358 enim
941 1320 1160 1359 carnem
1209 1306 1474 1374 quispiam
1513 1307 1709 1361 dixerit
1746 1308 2105 1375 incarnatam,

533 1407 630 1448 nec
662 1395 948 1462 quisquam
984 1395 1035 1449 id
1071 1396 1186 1449 ﬁeri
1225 1405 1401 1466 potest
1431 1398 1571 1467 quod
1617 1407 1729 1451 erat
1767 1398 1903 1452 :sed
1931 1398 2106 1466 siqua

533 1485 676 1539 circa
709 1485 881 1554 ipsum
915 1486 1247 1556 intelligatur
1275 1487 1414 1542 facta
1451 1489 1845 1557 dispensatoria
1880 1490 2108 1544 mutatio

532 1579 586 1632 in
622 1577 764 1632 aliud
796 1579 1069 1648 quidpiam
1098 1590 1295 1648 prater
1320 1580 1370 1634 id
1402 1581 1545 1650 quod
1578 1589 1717 1647 erat,
1750 1589 1862 1635 tum
1892 1582 2107 1635 demum

535 1670 606 1722 ita
633 1670 738 1725 dici
782 1672 1292 1729 convenientissime
1325 1683 1531 1744 posset.
1561 1654 1669 1745 26
1692 1673 1747 1728 Si
1785 1675 1948 1744 igitur
1974 1674 2107 1729 Uni-

529 1761 770 1830 genitum
805 1777 926 1818 esse
971 1765 1309 1819 incarnatum
1364 1766 1549 1820 dicunt
1591 1767 1727 1836 (hoc
1776 1775 1958 1820 autem
2012 1779 2107 1834 per

2179 575 2268 656 ,τί
2314 574 2377 629 τὸ
2413 574 2605 646 χρῆμα
2653 575 2751 646 τῆς
2801 573 3030 644 ἐνούσης
3078 575 3271 639 αὑταῖς
3320 575 3584 648 ἀμαθίας,
3615 575 3802 632 διαϐε-

2216 663 2464 718 ϐαιοῦται
2510 664 2717 732 σαφῶς,
2753 663 3107 735 σαρκωθῆναί
3151 680 3211 717 τε
3250 663 3348 718 καὶ
3376 664 3803 735 ὲνανθρωπῆσαι

2214 753 2307 807 τὸν
2348 756 2413 807 ἐκ
2458 752 2593 806 Θεοῦ
2628 753 2801 821 Λόγον
2830 755 3021 815 αὑταῖς
3067 752 3177 826 [ισ.
3213 753 3434 827 αὐτοὺς]
3476 757 3674 820 εἰπεῖν,
3705 755 3801 810 καὶ

2213 846 2335 907 ταῖς
2382 845 2463 908 είς
2515 844 2775 914 ἀλήθειαν
2827 844 3049 915 ψήφοις,
3086 845 3162 908 ὡς
3203 845 3272 898 τὰ
3310 846 3494 899 είκότα
3538 846 3800 915 λέγοντας

2217 932 2623 1006 στεφανοίἈρ*
2654 932 2770 998 οὖν,
2802 936 2922 989 είπέ
2958 953 3069 1005 μοι,
3107 936 3458 1008 σαρκωθῆναί
3498 954 3559 990 τε
3590 938 3685 991 καὶ⁵
3709 939 3799 990 ὲν-

2215 1027 2578 1098 ανθρωπῆσαι
2609 1028 2881 1097 λέγοντες,
2920 1029 3105 1098 ἕτερόν
3133 1046 3186 1081 τι
3216 1028 3541 1099 σημαίνουσι
3568 1028 3719 1099 παρά
3737 1027 3798 1081 τδ

2214 1120 2575 1191 γεγεννῆσθαι
2603 1119 2745 1174 κατά
2776 1120 2991 1191 σάρκας
3027 1119 3363 1190 Σαρκώσεως
3393 1120 3501 1189 γάρ
3531 1113 3686 1183 οὗτος
3728 1119 3796 1173 ἂν

2214 1213 2443 1279 γένοιτο,
2475 1211 2569 1265 καὶ
2605 1212 2765 1281 μόνος
2812 1213 2841 1265 ὀ
2866 1213 3065 1283 τρόπος
3099 1211 3177 1282 τῷ
3197 1213 3291 1265 καὶ
3314 1212 3419 1279 ἔξω
3451 1213 3674 1284 σαρκὸς,
3699 1215 3795 1267 καὶ

2213 1304 2357 1358 κατά
2381 1305 2542 1372 φύσιν
2566 1304 2701 1357 ίδίαν
2733 1305 3084 1375 ὑφεστηκότι.
3114 1304 3190 1357 Οὐ
3213 1305 3320 1375 γάρ
3341 1322 3467 1370 που,
3489 1307 3590 1375 τὴν
3616 1305 3794 1376 σάρκα

2214 1394 2617 1465 σεσαρκῶσθαι,
2643 1397 2776 1468 φαίη
2804 1413 2887 1459 τις
2922 1395 3010 1459 ἂν,
3053 1396 3164 1449 οὐδ’
3187 1396 3254 1449 ἂν
3287 1396 3498 1465 γένοιτό
3526 1414 3610 1459 τις
3633 1395 3661 1448 δ
3687 1392 3755 1468 ἦν
3775 1411 3790 1426 ·

2211 1485 2327 1539 ἀλλ’
2348 1487 2506 1555 εἰπερ
2532 1503 2616 1550 τις
2643 1489 2815 1539 νοοῖτο
2835 1504 2899 1539 πε
2910 1487 2963 1557 pl
2987 1486 3149 1541 αὑτὸν
3166 1487 3433 1558 γενομένη
3461 1487 3794 1557 μετάστασις

2211 1578 2526 1648 οἰκονομικὴ
2560 1578 2644 1647 ἐφ’
2678 1577 2863 1648 ἕτερόν
2893 1595 2966 1638 τι.
3001 1580 3133 1649 παρ’
3158 1580 3295 1650 ὅπερ
3328 1579 3428 1632 οὐκ
3454 1574 3523 1649 ἦν
3558 1578 3657 1649 (7),
3680 1578 3792 1647 ἔχοι

2211 1668 2278 1724 ἂν
2307 1671 2335 1722 ὁ
2362 1669 2521 1737 λόγος
2566 1670 2649 1737 ἐφ’
2673 1670 2852 1742 ἐαυτῷ
2884 1670 2949 1739 δὴ
2975 1670 3098 1723 τότε
3129 1670 3263 1724 πολὺ
3292 1670 3355 1723 τὸ
3381 1671 3549 1733 είκός.
3583 1670 3793 1723 Οὐκοῦν

2213 1762 2262 1815 εί
2298 1760 2683 1831 σεσαρκῶσθαί
2721 1779 2853 1830 φασι
2900 1761 2991 1815 τὸν
3033 1760 3343 1832 Μονογενῆ,
3369 1761 3456 1814 διὰ
3485 1763 3793 1833 γεννήσεως

529 1852 801 1907 carnalem
840 1858 1274 1923 generationem,
1307 1857 1408 1911 nisi
1452 1857 1630 1921 fallor,
1667 1873 1763 1911 nec
1801 1857 1909 1911 alio
1948 1859 2106 1911 modo

2211 1854 2483 1923 σαρκικῆς
2511 1853 2688 1923 ὁρῷτο
2720 1853 2785 1907 ἂν
2816 1853 2926 1925 [Ion
2959 1854 3006 1907 δ’
3031 1852 3143 1927 ἂν],
3176 1852 3353 1924 οἶμαι,
3390 1854 3559 1917 τουτὶ,
3593 1854 3688 1906 καὶ
3727 1854 3792 1907 οὐ

529 1952 704 2011 potest
746 1945 931 2017 ﬁeri),
972 1948 1244 2015 quomodo
1285 1948 1572 2017 quisquam
1620 1948 1837 2002 inﬁtiari
1884 1957 2101 2018 potest,

2211 1943 2331 1998 καθ’
2366 1944 2552 2016 ἕτερον
2584 1945 2807 2016 τρόπον,
2850 1945 2968 2010 πῶς
3008 1948 3108 2000 οὐκ
3158 1946 3365 2015 ἔφασαν
3408 1946 3675 2018 ἐναργῶς,
3703 1946 3792 2000 ὅτι

531 2034 650 2089 illos
680 2045 866 2105 aperte
894 2037 1174 2091 confessos
1203 2051 1346 2102 esse,
1379 2037 1548 2090 Deum
1587 2037 1715 2091 illud
1752 2035 1982 2091 Verbum
2019 2052 2106 2092 se-

2211 2036 2529 2107 γεγέννηται
2561 2038 2704 2092 κατὰ
2735 2039 2912 2111 σάρκα
2938 2039 3070 2103 Θεὸς
3101 2039 3176 2094 ῶν
3214 2041 3243 2093 ὁ
3269 2040 3470 2109 Λόγος;
3519 2040 3658 2093 Ἀλλ’
3688 2039 3795 2093 οὐκ

527 2128 760 2179 cundum
791 2142 1011 2182 carnem
1042 2142 1163 2183 esse
1205 2130 1433 2183 natum?
1478 2128 1548 2181 At
1589 2127 1734 2181 enim
1780 2143 1887 2181 non
1918 2136 2106 2197 aperte

2211 2133 2544 2203 ὠνόμασται,
2577 2134 2761 2204 φησὶν,
2798 2134 3045 2205 ἐναργῶς
3093 2137 3126 2205 ἡ
3167 2133 3457 2203 γέννησις’
3500 2133 3616 2186 ἀλλ’
3646 2132 3680 2201 ἦ
3725 2151 3793 2202 γε

527 2218 808 2288 generatio
836 2227 919 2273 est
943 2229 1247 2288 nuncupata
1288 2226 1300 2273 :'
1331 2221 1423 2275 sed
1466 2228 1646 2273 tamen
1694 2220 1862 2287 ipsius
1897 2222 1971 2274 rei
2007 2236 2106 2274 na-

2211 2226 2301 2279 τοῦ
2332 2226 2656 2297 πράγματος
2689 2226 2851 2295 φύσις
2882 2228 2981 2297 οὐχ
3010 2226 3204 2298 ἑτέραν
3230 2221 3363 2288 οἶδε,
3391 2224 3644 2293 καθάπερ
3685 2224 3793 2295 ἤδη

530 2320 650 2362 tura
688 2323 792 2363 non
835 2310 1019 2375 aliam,
1061 2318 1121 2363 ut
1155 2310 1315 2364 modo
1360 2310 1491 2378 dixi,
1531 2311 1673 2364 viam
1719 2311 2105 2367 incarnationis

2211 2320 2489 2388 προεῖπον,
2516 2317 2610 2371 τοῦ
2642 2318 3024 2387 σεσαρκῶσθαι
3067 2318 3171 2388 τὴν
3215 2317 3548 2379 ὁδόν.”Ωστε,
3586 2314 3691 2369 κᾶν
3740 2316 3793 2367 εἰ

529 2401 811 2469 agnoscit;
855 2401 1207 2479 quamobrem
1261 2401 1475 2456 etiamsi
1535 2394 1657 2474 quid
1703 2404 1879 2458 minus
1919 2416 2106 2474 aperte

2211 2409 2285 2478 μή
2320 2425 2374 2460 τι
2395 2407 2607 2477 λέγοιτο
2638 2409 2825 2476 σαφῶς
2846 2408 2904 2461 ἔν
2924 2423 2987 2476 γε
3010 2409 3122 2473 τοῖς
3152 2406 3411 2469 τοιούτοις
3447 2404 3796 2477 πράγμασιν.

529 2494 742 2548 dicatur
772 2494 825 2548 iu
860 2495 947 2549 his
990 2503 1140 2550 certe
1182 2495 1364 2558 rebus,
1400 2510 1509 2549 non
1551 2507 1834 2566 propterea
1879 2495 1967 2550 illa
2019 2497 2105 2551 via

2211 2501 2268 2554 οὗ
2295 2499 2448 2570 παρά
2475 2500 2633 2554 τοῦτο
2654 2501 2751 2572 τὴν
2780 2500 2948 2571 μόνην
2974 2503 3039 2571 τῇ
3064 2499 3223 2569 φύσει
3242 2497 3648 2568 διεγνωσμένην
3671 2495 3805 2550 ὁδὸν

533 2582 717 2637 relicta
749 2598 869 2651 qua:
900 2583 1011 2637 sola
1062 2593 1272 2640 natura:
1322 2586 1535 2653 cognita
1580 2595 1683 2651 est,
1723 2587 1789 2640 ad
1826 2585 1986 2641 aliam
2022 2596 2106 2642 est

2211 2588 2647 2651 ἀπολελοιπότες,
2676 2589 2760 2657 ἐφ’
2785 2588 2979 2656 ἑτέραν
3003 2588 3225 2658 ἥξομεν.
3247 2587 3565 2657 Γέγραπται
3593 2584 3703 2656 γὰρ
3730 2584 3803 2637 ὲν

531 2676 686 2729 nobis
710 2679 1125 2731 transeundum.
1160 2676 1435 2748 Scriptum
1458 2688 1540 2734 est
1567 2680 1710 2733 enim
1744 2680 1796 2733 in
1826 2679 1965 2734 libro
1994 2680 2104 2735 Ge-

2211 2679 2285 2751 τῷ
2314 2681 2413 2751 τῆς
2443 2680 2717 2743 Γενέσεως
2753 2679 2943 2750 βιϐλίῳ
2962 2695 2976 2710 ’
3012 2698 3031 2731 ι
3059 2680 3168 2732 Καὶ
3188 2678 3267 2748 τῷ
3288 2679 3393 2748 Σὴθ
3416 2676 3633 2745 ἐγένετο
3654 2675 3799 2743 υίὸς,

534 2782 729 2824 neseos
781 2786 796 2823 :
852 2787 872 2821 ι
905 2768 967 2823 Et
1015 2768 1181 2825 Setho
1208 2780 1364 2824 natus
1402 2777 1485 2825 est
1536 2770 1697 2837 ﬁlius,
1734 2781 1786 2825 et
1819 2771 2106 2840 appellavit

2211 2772 2300 2824 καὶ
2352 2770 2674 2841 ἐπωνόμασε
2726 2770 2788 2823 τὸ
2834 2770 3005 2840 ὄνομα
3057 2769 3222 2823 αὑτοῦ
3266 2767 3453 2832 Ἐνώς.
3485 2764 3638 2836 »Ἆρ’
3670 2763 3805 2835 οὖν,

529 2871 724 2911 nomen
758 2856 876 2928 ejus
921 2857 1065 2914 Enos
1107 2859 1174 2914 “.
1207 2878 1227 2911 ι
1264 2858 1402 2914 Num
1447 2860 1609 2930 igitur
1651 2862 1774 2931 quia
1824 2862 2102 2932 Scriptura

2211 2862 2506 2934 ἐπειδήπερ
2547 2864 2580 2934 ἡ
2622 2862 2812 2932 Γραφὴ
2859 2861 3071 2915 τέθεικε
3117 2860 3196 2924 τὸ,
3238 2860 3507 2935 Ἐγένετο,
3551 2859 3642 2912 τὸν
3690 2857 3805 2928 τῆς

530 2949 710 3016 posuit
755 2948 855 3003 hoc
914 2950 1164 3015 verbum,
1208 2949 1378 3005 Natus
1419 2960 1525 3015 est,
1573 2951 1694 3005 idco
1743 2954 2106 3020 generationis

2211 2954 2515 3022 γεννήσεως
2542 2953 2740 3024 τρόπον
2770 2952 2831 3005 οὐ
2864 2950 3315 3023 παραδεξόμεθα;
3348 2946 3468 3004 εἶτα
3491 2949 3609 3013 πῶς
3632 2947 3812 3002 τοῦτο

530 3040 747 3095 modum
782 3056 886 3095 non
929 3042 1313 3097 admittemns?
1346 3050 1402 3097 at
1439 3044 1531 3112 qui
1568 3043 1683 3098 ﬁeri
1729 3053 1904 3113 potest
1950 3054 2006 3099 ut
2053 3047 2104 3099 id

2211 3044 2306 3097 οὐκ
2334 3043 2579 3113 ἀμαθές;
2607 3042 2754 3114 Αὐτὴ
2780 3043 2888 3114 γάρ
2911 3044 3059 3113 ἡμᾶς
3096 3045 3128 3115 ἡ
3155 3041 3248 3096 τοῦ
3283 3043 3602 3113 πράγματος
3628 3040 3807 3109 φύσις

529 3146 634 3186 non
666 3131 735 3185 sit
770 3131 1193 3187 stultissimum?
1222 3132 1339 3201 Ipsa
1368 3149 1600 3205 namque
1630 3135 1728 3191 rei.
1754 3145 1941 3191 natura
1973 3151 2100 3205 pro-

2211 3133 2496 3204 μονονουχὶ
2538 3133 2633 3186 καὶ
2678 3133 2775 3203 οὐχ
2811 3133 3037 3196 ἑκόντας
3066 3132 3381 3186 ὲκϐιάσεται
3418 3131 3553 3201 πρὸς
3592 3129 3808 3200 ὁμολοο

528 3223 811 3290 pemodnm
844 3225 1007 3280 etiam
1039 3198 1404 3296 ittvitoscogit
1441 3198 1673 3281 ut-illum
1719 3237 1872 3297 partu
1899 3198 2101 3283 editum

2211 3198 2333 3294 γίαν
2363 3198 2471 3297 τὴν.
2497 3224 2591 3279 τοῦ
2620 3198 2875 3295 τετέξθαι
2913 3228 3053 3279 νοεῖν
3080 3224 3262 3279 αὐτόν.
3293 3223 3420 3287 Πῶς
3449 3198 3541 3276 οὖν
3576 3198 3807 3276 ἀκούων

528 3315 831 3385 intelligere
861 3317 1145 3373 fateamur.
1186 3318 1298 3373 Cur
1339 3320 1503 3391 igitur
1540 3319 1967 3376 incarnationem
2002 3336 2102 3375 au-

2211 3318 2306 3386 τὴν
2341 3316 2636 3385 σάρκωσιν,
2662 3317 2724 3369 οὐ
2769 3316 2869 3380 τὰς
2909 3315 3061 3387 παρά
3106 3317 3208 3387 τῆς
3243 3315 3549 3386 γεννήσεως
3583 3313 3803 3377 ἑννοίας

528 3407 702 3472 diem,
735 3423 840 3463 non
869 3409 1051 3463 statim
1077 3410 1405 3466 intellectum
1432 3413 1800 3482 generationis
1823 3412 2103 3468 admittit?

2211 3409 2507 3479 εἰσδέχεται
2537 3409 2917 3480 παραχρῆμας
2964 3409 3370 3480 Ὦνομασμένης
3397 3407 3455 3462 δὲ
3473 3407 3610 3469 ὅλως
3635 3407 3800 3460 δναν-

526 3498 762 3554 Omnino
804 3509 985 3555 autent
1019 3502 1427 3559 lmmanationls
1458 3507 1675 3559 nomine
1710 3519 2105 3561 commemora-

2211 3499 2569 3571 θρωπήσεως,
2603 3501 2723 3563 πῶς
2753 3499 2815 3553 οὐ
2848 3498 3082 3569 συνῆκεν
3107 3499 3286 3563 εὐθὺς,
3316 3498 3392 3562 ὡς
3423 3497 3486 3551 τὸ
3512 3496 3611 3567 τῆς
3638 3496 3799 3549 ἐναν-

528 3602 603 3656 ιο,
634 3605 733 3646 cur
760 3606 867 3647 non
893 3592 1035 3648 illico
1054 3592 1317 3650 intellexit
1353 3611 1465 3651 rem
1496 3596 1667 3665 ipsam
1697 3596 2102 3651 humanationis

2211 3591 2544 3664 θρωπήσεως
2578 3594 2767 3664 χρῆμα
2802 3593 3000 3663 πρέποι
3030 3592 3097 3647 ἂν
3126 3592 3227 3646 οὐκ
3262 3590 3535 3662 ἀνθρώπῳ
3565 3589 3794 3660 μᾶλλον,

528 3696 636 3735 non
666 3679 870 3736 homini
908 3683 1063 3752 plane
1095 3684 1408 3749 convenire,
1438 3699 1506 3740 ne
1528 3686 1580 3739 id
1610 3685 1786 3755 ipsum
1821 3685 1962 3755 quod
1984 3695 2104 3740 erat

2211 3684 2298 3738 ἴνα
2321 3683 2395 3755 μὴ
2424 3683 2554 3737 αὐτό
2569 3701 2621 3737 τι
2641 3683 2887 3752 φαίνοιτο
2907 3684 3130 3754 γεγονὸς
3154 3684 3182 3736 ὃ
3204 3679 3294 3754 ἦν,
3313 3682 3448 3736 ἀλλά
3469 3682 3546 3752 τῷ
3567 3682 3631 3734 ὲκ
3651 3680 3807 3734 Θεοῦ

526 3772 642 3826 ﬁeri
691 3785 757 3825 ac
799 3775 948 3829 nasci
991 3774 1257 3839 videatur,
1298 3775 1391 3830 sed
1428 3775 1605 3832 Verbo
1636 3792 1699 3832 ex
1736 3777 1846 3832 Deo
1878 3776 2106 3846 genito?

2211 3775 2367 3843 φύντι
2398 3775 2593 3846 Λόγῳς
2628 3768 2703 3830 Οὗ
2732 3776 2777 3829 δ’
2798 3776 2863 3830 ἂν
2887 3778 2920 3847 ἡ
2949 3773 3361 3847 ὲνανθρώπησις
3393 3771 3608 3845 ἀληθῶς
3634 3772 3799 3841 γενέ-

529 3862 629 3919 Ubi
663 3872 843 3919 autem
877 3866 1191 3921 humanatio
1213 3882 1339 3924 vere
1372 3866 1537 3925 fuisse
1559 3868 1818 3936 creditur,
1846 3870 1917 3924 ibi
1949 3885 2105 3940 pror-

2211 3867 2338 3923 σθαι
2369 3867 2715 3937 πιστεύηται,
2741 3868 2859 3922 ἐκεῖ
2889 3884 2991 3921 που
3015 3867 3233 3930 πάντως
3263 3866 3297 3936 ἠ
3326 3865 3599 3937 γέννησις,
3632 3864 3701 3919 δι’
3722 3861 3805 3938 ἧς

524 3971 619 4011 sus
649 3966 736 4013 est
766 3960 1064 4028 generatio,
1099 3975 1198 4031 per
1220 3976 1385 4030 quam
1419 3962 1583 4018 homo
1622 3962 1797 4018 lactus
1830 3964 2102 4034 intelliga-

2211 3956 2277 4011 ἂν
2331 3956 2506 4027 ὁρῷτο
2548 3957 2842 4026 γενόμενος
2878 3955 3185 4027 ἄνθρωπος.
3203 3953 3342 4007 Ἀλλ’
3373 3955 3474 4007 οὐκ
3520 3952 3654 4007 αὐτό
3705 3971 3810 4008 σοι.

526 4061 632 4103 tur.
679 4048 784 4104 Sed
830 4065 936 4105 non
974 4052 1076 4107 isto
1111 4053 1271 4108 modo
1308 4054 1402 4111 tibi
1433 4054 1645 4112 videtur
1679 4057 2099 4129 intelligendum,

2211 4048 2355 4102 δοκεῖ
2398 4048 2541 4102 κατά
2586 4046 2774 4102 τοῦτον
2819 4048 3015 4121 χρῆναι
3057 4046 3293 4102 νοεῖσθαι
3337 4046 3430 4100 τὸν
3477 4046 3678 4119 τρόπον
3729 4048 3807 4101 τὸ

524 4153 645 4192 cum
668 4139 840 4210 ipsum
866 4141 957 4196 Dei
983 4141 1218 4199 Verbum
1248 4146 1584 4202 incarnatum
1606 4164 1725 4204 esse
1748 4159 1802 4205 et
1827 4150 2101 4206 hominem

2211 4141 2562 4212 σαρκωθῆναί
2591 4159 2651 4195 τε
2680 4141 2775 4194 καὶ
2803 4140 3223 4213 ὲνανθρωπῆσαι
3269 4137 3529 4208 λέγεσθαι
3569 4138 3660 4191 τὸν
3691 4136 3801 4192 τοῦ

525 4229 724 4284 factum
754 4232 949 4288 dicitur
974 4252 987 4289 :
1020 4251 1144 4289 nam
1172 4245 1361 4291 contra
1386 4237 1592 4303 dixisti,
1625 4250 1684 4294 ut
1713 4255 1832 4295 cum
1860 4242 2101 4297 omnium

2211 4232 2347 4286 Θεοῦ
2378 4233 2550 4301 Λόγον
2571 4250 2586 4266 '
2616 4232 2753 4303 ἔφης
2782 4236 2891 4305 γάρ
2921 4233 3102 4297 πάλιν,
3126 4233 3245 4295 ταῖς
3272 4230 3527 4285 ἁπάντων
3556 4228 3807 4294 ἐννοίαις

531 4321 807 4375 hominum
848 4323 1201 4395 intelligentia
1253 4342 1493 4398 pugnare
1526 4329 1801 4395 nitereris,
1836 4332 2101 4387 humana-

2211 4323 2486 4395 ἀνταίρειν
2531 4323 2846 4395 ἐπιχειρῶν,
2890 4324 3180 4393 σημαίνειν
3213 4321 3312 4393 τὴν
3354 4319 3803 4391 ὲνανθρώπησιν,

528 4410 727 4471 tionem
762 4427 867 4468 non
897 4414 999 4470 hoc
1030 4416 1361 4486 signiﬁcare,
1396 4418 1537 4486 quod
1579 4419 1761 4475 divina
1800 4432 1991 4477 natura
2046 4424 2103 4477 in

2211 4416 2271 4470 οὐ
2302 4414 2399 4487 τὴν
2434 4416 2515 4479 είς
2548 4415 2728 4486 σάρκα
2763 4414 3066 4485 μεταϐολὴν
3090 4417 3187 4486 τῆς
3213 4413 3365 4476 θείας
3391 4412 3625 4483 φύσεως.
3649 4410 3800 4466 ἀλλὰ

521 4518 738 4559 carnem
778 4504 850 4559 sit
880 4515 1109 4572 mutata,
1135 4509 1229 4562 sed
1262 4511 1404 4577 quod
1438 4510 1753 4566 inhabitarit
1779 4512 1829 4566 in
1860 4512 2098 4573 homine.

2211 4508 2308 4580 τὴν
2359 4506 2634 4577 ἐνοίκησιν
2671 4505 2773 4576 τὴν
2816 4506 2897 4568 είς
2940 4503 3249 4575 ἄνθρωπον.
3276 4504 3387 4573 Τὴν
3435 4502 3534 4572 μὲν
3564 4498 3659 4554 οὖν
3687 4490 3805 4570 τῆς

519 4594 597 4647 Ac
623 4592 765 4663 quod
796 4595 870 4648 ait
900 4595 1092 4651 divina:
1113 4604 1318 4652 natura:
1349 4597 1403 4653 in
1428 4614 1649 4653 carnem
1678 4600 2099 4661 dcmulationem

2211 4598 2356 4661 θείας
2386 4596 2603 4667 φύσεως
2651 4597 2731 4660 είς
2777 4595 2956 4666 σάρκα
2990 4593 3351 4665 παρατροπὴν
3391 4592 3683 4661 ἀνέφικτόν
3726 4609 3796 4647 τε

520 4693 575 4736 et
600 4684 983 4754 impossibilem
1018 4702 1159 4752 esse,
1194 4697 1250 4743 et
1295 4689 1441 4744 nullo
1478 4690 1635 4744 modo
1678 4689 1753 4744 illi
1788 4692 2100 4759 convenire,

2211 4685 2343 4744 εἶναι
2395 4687 2549 4759 φησὶ,
2580 4688 2674 4742 καὶ
2703 4688 2820 4740 κατ’
2848 4686 3035 4741 οὐδένα
3064 4686 3263 4758 τρόπον
3287 4685 3425 4756 αὐτῇ
3456 4684 3801 4755 συμϐαίνου-

522 4775 574 4828 id
610 4776 912 4831 rectissime
953 4778 1156 4833 dictum
1201 4778 1455 4836 fatemur.
1485 4778 1807 4836 Laudandus
1840 4792 1924 4838 est
1953 4782 2099 4839 enim

2211 4799 2305 4836 σαν
2330 4796 2343 4811 ⁸
2372 4781 2466 4835 καὶ
2502 4780 2647 4850 μάλα
2693 4777 2869 4848 ὀρθῶς
2892 4795 2905 4809 ·
2941 4778 3301 4849 ὲπαινέσομεν
3331 4777 3440 4847 γάρ
3486 4777 3545 4829 ὲν
3574 4776 3798 4841 τούτοις

519 4879 552 4919 a
582 4867 735 4920 nobis
762 4867 903 4934 quod
938 4868 990 4927 in
1022 4868 1124 4924 hac
1148 4881 1302 4938 parte
1330 4882 1475 4928 recte
1517 4873 1664 4943 loqui
1707 4873 1960 4928 voluerit.
1997 4872 2102 4929 Fa-

2211 4877 2549 4947 ἀριστοεπεῖν
2592 4871 2890 4944 ᾑρημένον.
2926 4871 3073 4942 Φημὶ
3098 4870 3208 4940 γάρ
3233 4868 3569 4941 ἀκράδαντον
3608 4868 3799 4938 ὑπάρ-

523 4962 640 5008 teor
681 4954 826 5009 enim
871 4973 1091 5015 manere
1134 4960 1278 5016 illam
1324 4963 1727 5031 inconcussam,
1769 4981 1943 5036 neque
1992 4967 2101 5024 ullo

2211 4985 2321 5039 χειν
2350 4966 2541 5037 αὐτὴν,
2572 4965 2666 5019 καὶ¹
2697 4965 2775 5030 ὡς
2805 4965 2905 5018 οὐκ
2936 4965 3002 5019 ἂν
3045 4963 3329 5035 μεταθείτο
3354 4961 3491 5033 πρὸς
3517 4960 3701 5033 ἕτερόν
3732 4977 3801 5015 τι

524 5045 683 5100 modo
718 5047 771 5101 in
812 5048 955 5103 aliud
990 5050 1264 5121 quidpiam
1300 5054 1566 5109 demutari
1606 5057 1876 5112 diversum
1918 5058 1988 5114 ab
2031 5075 2096 5114 eo

2211 5061 2335 5130 παρ’
2368 5059 2503 5130 ὅπερ
2533 5053 2674 5111 εἶναι
2705 5056 3093 5111 πεπίστευται·
3123 5053 3465 5125 διημάρτηκε
3494 5051 3550 5104 δὲ
3575 5051 3656 5103 ὅτι
3688 5049 3797 5103 τοῦ

520 5137 665 5206 quod
691 5152 811 5194 esse
839 5141 1099 5197 creditur.
1130 5141 1234 5198 Sed
1262 5142 1380 5214 ejus
1402 5145 1565 5202 verba
1593 5146 1748 5220 longe
1777 5150 1845 5205 ab
1873 5164 1940 5208 eo
1960 5148 2106 5222 quod

2212 5148 2515 5221 πρέποντάς
2541 5165 2599 5202 τε
2636 5148 2728 5205 καὶ
2769 5146 2999 5219 ἀληθοῦς
3028 5146 3057 5200 ὁ
3091 5145 3245 5215 λόγος
3273 5142 3449 5213 αὐτῷ,
3476 5141 3576 5213 τὴν
3623 5143 3797 5195 ἐναν-

590 5317 637 5349 ⁶⁶
654 5316 789 5375 Gen.
827 5335 901 5386 tv,
930 5318 1023 5376 26.

1812 5482 1972 5539 ANT.
2014 5484 2288 5542 AGELLII
2325 5484 2557 5544 NOTAE.

557 5629 671 5713 .(7)
727 5630 1039 5713 Legendnm
1074 5634 1289 5691 videtur
1335 5645 1429 5713 aut
1475 5638 1593 5695 sine
1645 5639 1802 5713 παρ’,
1834 5647 1928 5713 aut
1977 5639 2096 5713 sine

2211 5659 2254 5695 τι
2288 5642 2419 5713 παρ’
2446 5642 2581 5713 ὅπερ
2629 5636 2768 5695 εἶναι
2813 5641 3194 5713 πεπίστενται.
3248 5641 3313 5699 Et
3359 5640 3522 5713 intra,
3570 5635 3794 5713 τροπὴν

520 5707 640 5785 οὐκ,
681 5712 739 5757 ut
772 5707 1039 5785 sententia
1084 5707 1457 5785 constet._Sic
1509 5719 1692 5785 autem
1734 5707 1926 5785 ’loqui_
1957 5712 2095 5785 solet

2211 5707 2502 5785 ὑπομείνας
2524 5707 2623 5785 τὴν
2647 5715 2724 5779 είς
2754 5713 2892 5783 ὅπερ
2918 5713 3015 5767 οὐκ
3042 5709 3127 5785 ἧν.

524 5780 731 5845 auctor,
766 5782 823 5830 ut
848 5776 1003 5846 paulo
1036 5786 1176 5847 post,
1202 5777 1302 5832 οὐκ
1327 5777 1392 5833 ἂν
1425 5778 1707 5847 μεταθείτο
1742 5779 1878 5849 πρὸς
1904 5779 2093 5850 ἕτερόν
