4150 6448
365 405 436 463 53
1529 414 1905 476 ADVERSUS
1941 416 2346 479 NESTORIUM
2378 423 2509 485 LIB.
2552 424 2593 483 1.
3579 442 3650 499 Μ

365 519 663 632 θράιπησιν
709 525 859 582 εἶναι
894 528 1363 606 διαϐεϐαιουμένῳ
1407 533 1509 608 τὴν
1559 537 1640 601 είς
1687 537 1954 612 ἄνθρωποε

2078 543 2287 612 deceat,
2335 555 2390 603 et
2428 547 2498 604 ab
2528 547 2646 619 ipsa
2688 548 2920 609 veritate
2955 553 3259 623 aberrasse,
3304 558 3359 615 in
3400 571 3465 617 eo
3505 564 3648 632 quod

364 613 668 686 ἐνοίκησιν,
686 622 1010 688 καταδεῖξαι
1032 625 1386 696 πειράσομαι.
1408 629 1472 683 Ei
1493 630 1595 701 μὲν
1614 631 1725 704 γὰρ
1745 633 1832 703 ἐφ’
1854 633 1954 696 ἑνός

2074 634 2518 694 humanationem
2550 613 2695 696 idem
2725 656 2848 699 esse
2879 653 3043 717 atque
3086 646 3140 703 in
3186 613 3406 705 homine
3437 613 3648 709 inliahi-

362 722 426 758 τε
453 707 554 760 καὶ
578 709 760 802 μόνου
784 713 882 766 τοῦ
921 715 1269 790 Ἑμμανουὴλ
1302 719 1500 792 ἀληθὲς
1527 717 1666 777 εἶναι
1690 723 1753 777 τὸ
1783 724 1954 796 χρῆμέ

2076 727 2336 784 tationem
2360 729 2613 802 afﬁrmat,
2636 736 2877 792 conabor
2901 739 3365 795 ostendere.Nam
3391 744 3433 798 si
3458 744 3509 798 in
3539 760 3647 800 uno

365 815 527 868 φησι,
569 801 878 860 διδασκέτω
919 810 1019 881 τὴν
1068 811 1282 866 αἰτίαν·
1318 814 1513 884 μαθεῖν
1554 816 1664 887 γὰρ
1698 818 1799 872 οὐκ
1826 819 1966 889 ἔχω·

2071 828 2126 875 et
2151 822 2266 877 solo
2297 821 2649 880 Emmanuele
2677 827 2731 883 id
2770 843 2959 883 verum
2995 845 3116 885 esse
3157 834 3376 896 asserit.
3406 834 3521 902 ejus
3566 838 3645 892 rei

365 892 541 996 ῇγουν
573 895 803 995 δριστὴν
833 900 1020 964 αὐτὸν,
1051 903 1146 957 καὶ
1182 905 1500 978 νομοθέτην,
1524 900 1600 961 ὧν
1628 907 1694 963 ἂν
1728 908 1954 979 βούλοιτι

2070 926 2291 968 causam
2317 920 2542 984 doceat;
2575 932 2748 987 neque
2778 920 2920 975 enim
2952 921 3096 975 illam
3130 922 3429 995 intelligere
3458 942 3597 996 queo
3627 946 3641 983 :

365 977 554 1046 λέγειν
583 983 1043 1051 ἁκατασκέπτως,
1066 992 1355 1064 ἀνάσχοιτο
1380 977 1445 1049 ἂν
1477 997 1673 1061 οὐδείς.
1693 977 1835 1052 Ἀλλ’
1870 1000 1970 1055 οὒκ

365 1068 610 1162 ἔφ’-ἑνὸς
649 1073 751 1142 μὲν
787 1077 919 1141 ἴσως
942 1081 976 1150 η
996 1081 1105 1134 τῶν
1139 1083 1464 1154 ὁρισθέντων
1499 1089 1679 1161 διήκει
1700 1090 1931 1162 δύναμις
1950 1109 1965 1124 ο

448 1160 880 1252 διαϐεϐλήσεται
906 1170 1026 1239 μὲν,
1062 1172 1164 1226 κᾶν
1187 1176 1236 1227 εί
1260 1176 1400 1231 κατά
1422 1159 1645 1233 πάντων
1667 1180 1754 1251 εἴη
1780 1159 1964 1252 τυχόν.

366 1249 588 1341 Θῦκοῦν
614 1254 715 1325 οὐχ
748 1257 918 1322 ἅπαξ,
953 1261 1091 1315 ἀλλὰ
1124 1264 1465 1330 πλειστάκις,
1500 1249 1966 1341 ὲνηνθρω-πηκότα

364 1340 507 1394 Θεὸν
550 1345 893 1418 εὑρήσομεν’
936 1354 1033 1406 καὶ
1066 1353 1127 1407 οῦ
1159 1355 1213 1409 τί
1253 1374 1358 1410 που
1397 1358 1557 1430 μόνον
1596 1340 1688 1415 τὸν
1734 1363 1797 1416 ὲκ
1815 1340 1963 1417 Θεοῦ

362 1432 588 1504 Πατρὺς
610 1437 807 1506 Λόγον,
841 1443 1143 1515 προσθείην
1167 1446 1213 1498 δ’
1248 1446 1315 1502 ἂν
1346 1447 1520 1519 ἔγωγε
1557 1453 1653 1505 καὶ
1686 1454 1850 1506 αὑτὸν
1869 1454 1962 1508 τὸν

361 1524 617 1597 Πατέρα,
645 1531 743 1584 καὶ
776 1535 1002 1604 προσέτι
1031 1537 1093 1590 τὸ
1123 1539 1348 1610 Πνεῦμα
1372 1541 1434 1594 τὺ
1471 1543 1647 1610 ἅγιον.
1680 1545 1824 1615 Ἔφη
1863 1547 1961 1618 μὲν

357 1617 497 1688 γὰρ,
516 1618 590 1671 δι’
609 1621 731 1685 ἐνὸς
752 1623 862 1677 τῶν
882 1625 1058 1694 ἁγίων
1085 1630 1399 1702 προφητῶν,
1426 1635 1681 1705 περὶτῶν
1701 1637 1759 1690 ὲν
1780 1617 1960 1692 πίστει

354 1707 830 1783 δεδικαιωμένων,
858 1717 941 1770 ὅτι
976 1738 995 1771 ι
1028 1719 1329 1795 Ἐνοικήσω
1383 1726 1442 1778 ἐν
1474 1726 1679 1795 αὐτοῖς,
1722 1731 1817 1784 καὶ
1861 1735 1963 1802 ep-

352 1809 756 1880 περιπατήσω,
787 1813 883 1866 καὶ⁵
906 1813 1103 1886 ἔσομαι
1126 1819 1304 1872 αὐτῶν
1328 1819 1482 1886 Θεὸς,
1513 1823 1607 1876 καὶ
1635 1825 1788 1878 αὐτοὶ
1809 1826 1959 1881 ἔσον-

2069 1003 2271 1074 alioqui
2330 1018 2478 1063 certe
2527 1010 2671 1065 hunc
2722 1011 3060 1068 deliuitorem
3120 1029 3184 1068 ac
3236 1014 3642 1085 legumlatorem

2067 1110 2254 1152 eorum
2286 1113 2406 1168 quae
2441 1109 2644 1156 temere
2669 1101 2849 1158 dicere
2880 1104 3121 1170 libuerit,
3152 1121 3311 1160 nemo
3342 1107 3499 1160 ferat.
3538 1107 3644 1162 Sed

2067 1205 2174 1245 non
2208 1191 2274 1245 ad
2309 1207 2473 1267 unum
2526 1193 2855 1250 definitionis
2896 1195 3055 1265 hujus
3093 1198 3175 1251 vis
3221 1198 3497 1266 pertingit,
3537 1197 3644 1267 27

2065 1295 2245 1352 neque
2280 1282 2383 1335 ulla
2418 1284 2765 1351 eritinvitlia,
2801 1286 3012 1340 etiamsi
3047 1289 3296 1341 omnibus
3319 1288 3485 1353 insit;
3517 1304 3645 1357 ergo

2066 1388 2172 1428 non
2209 1374 2512 1439 semel,sed
2537 1377 2924 1444 saepiusDeum
2957 1377 3155 1432 factum
3190 1379 3461 1432 hominem
3494 1379 3647 1435 inve-

2065 1463 2295 1531 niemus,
2351 1483 2526 1537 neque
2557 1470 2742 1522 solum
2783 1468 2913 1523 illud
2947 1483 3014 1524 ex
3049 1469 3156 1524 Deo
3188 1470 3345 1524 Patre
3386 1469 3640 1535 Verbum,

2063 1557 2157 1611 sed
2201 1555 2451 1625 adjiciam
2499 1574 2600 1629 ego
2651 1569 2799 1616 certe
2845 1561 3006 1615 etiam
3064 1561 3236 1630 ipsum
3292 1561 3529 1628 Patrem,
3579 1579 3643 1616 ac

2060 1657 2323 1718 praeterea
2360 1649 2622 1718 Spiritum
2667 1661 2936 1706 sanctum.
2974 1652 3118 1706 Dixit
3151 1653 3295 1708 enim
3337 1668 3433 1723 per
3455 1668 3643 1724 quem-

2062 1740 2183 1793 dam
2211 1756 2242 1795 e
2270 1743 2472 1797 sanctis
2502 1743 2800 1813 prephetis,
2831 1743 2895 1797 de
2924 1744 3232 1798 hominibus
3257 1758 3351 1813 per
3375 1744 3532 1798 (idem
3548 1741 3639 1812 ju-

2061 1830 2309 1888 stiﬁcatis
2347 1852 2360 1887 :
2397 1851 2417 1885 ι
2447 1834 2765 1889 lnhahitabo
2809 1834 2862 1889 in
2904 1835 3058 1905 ipsis,
3087 1846 3142 1891 et
3185 1834 3550 1898 inambulabo,
3587 1844 3643 1889 et

352 1897 452 1950 ταί
483 1915 594 1968 μου
629 1899 779 1964 λαός.
821 1922 839 1955 ι
864 1905 1013 1973 Ἔφη
1046 1905 1220 1961 δὲκαὶ
1250 1910 1415 1975 αὐτὸς
1441 1913 1469 1966 6
1506 1914 1772 1985 Χριστός-ο
1798 1936 1817 1968 ι
1843 1918 1954 1971 Καὶ

2057 1935 2153 1976 ero
2182 1923 2421 1992 ipsorum
2473 1926 2635 1989 Deus,
2668 1935 2723 1980 et
2749 1925 2849 1995 ipsi
2900 1897 3060 1981 erunt
3093 1927 3221 1980 mihi
3257 1928 3484 1995 populus
3515 1897 3581 1981 οἳ.
3615 1947 3634 1981 ι

352 1989 456 2043 ἐὰν
489 1990 581 2053 τίς
624 2009 733 2061 μου
773 1994 1007 2067 ἀκούσῃ,
1042 1998 1377 2070 ἐλευσόμεθα
1416 2002 1529 2071 ἐγὼ
1573 2006 1669 2058 καὶ
1695 2008 1722 2059 6
1764 2007 1957 2079 Πατήρ

356 2096 490 2150 μου,
522 2083 623 2135 καὶ
654 2085 824 2156 μονὴν
854 2088 987 2160 παρ’
1010 2089 1161 2160 αὐτῷ
1194 2094 1552 2163 ποιησόμεθα,
1586 2098 1682 2151 καὶ
1708 2099 1767 2152 ὲν
1806 2099 1956 2171 αὐτῷ

352 2172 771 2245 καταλύσομεν.
785 2196 803 2228 ι
822 2179 1081 2251 Γέγραφε
1105 2183 1164 2236 δέ
1182 2202 1284 2238 που
1311 2187 1406 2239 καὶ
1426 2190 1455 2241 ό
1484 2188 1796 2258 σοφώτατος
1817 2194 1957 2247 Παῦ-

351 2261 469 2354 λος·
496 2287 511 2312 ι
540 2266 653 2319 Καὶ
683 2267 892 2340 Μωσῆς
925 2272 1025 2342 μὲν
1063 2277 1253 2340 πιστὸς
1282 2279 1342 2331 ὲν
1370 2280 1478 2350 ὅλῳ
1507 2280 1585 2351 τῷ
1606 2283 1741 2354 οίκῳ
1766 2284 1951 2353 αὐτοῦ,

350 2353 433 2447 ῶς
480 2355 766 2428 θεράπων,
820 2365 902 2427 είς
944 2366 1248 2438 μαρτύριον
1295 2371 1403 2424 τῶν
1453 2353 1952 2447 λαληθησομένωνο

348 2445 595 2517 Χριστὸς
621 2449 679 2503 δὲ
718 2452 794 2516 ὡς
829 2454 979 2518 Υἱὸς,
1020 2458 1115 2512 ἐπὶ
1160 2461 1253 2514 τὸν
1293 2458 1443 2517 οἷκον
1484 2466 1685 2533 αὐτοῦ,
1716 2445 1778 2521 οὗ
1806 2465 1954 2534 οἶκός

349 2536 529 2606 ἐσμεν
563 2541 747 2610 ἡμεῖς.
777 2563 797 2596 ι
828 2546 940 2599 Καὶ
976 2548 1086 2618 μὴν
1111 2553 1208 2604 καλ⁵
1243 2554 1371 2624 περὶ
1392 2554 1485 2608 τοῦ
1514 2557 1671 2626 ἁγίου
1695 2559 1953 2631 Πνεῦμα-

345 2644 477 2692 τος’
507 2651 528 2683 ι
554 2632 671 2687 Οὐκ
705 2636 888 2691 οἴδατε
927 2640 1011 2694 ὅτι
1057 2643 1185 2707 ναὸς
1207 2644 1344 2699 Θεοῦ
1381 2648 1528 2715 ὲστε,
1559 2650 1654 2703 καὶ
1692 2651 1752 2704 τὸ
1778 2652 1952 2706 Πνεῦ-

349 2736 435 2789 μα
466 2721 566 2775 τοῦ
600 2724 740 2780 Θεοῦ
766 2729 912 2784 οἰκεῖ
944 2733 1004 2786 ὲν
1039 2734 1196 2804 ὕμῖν;
1231 2757 1247 2788 ι
1271 2738 1483 2794 Οὐκοῦν
1517 2743 1567 2795 εί
1588 2743 1648 2796 τὸ
1670 2744 1952 2815 ἐνοικῆσαί

341 2826 465 2864 τισι
512 2812 781 2883 λέγεσθαι
822 2822 919 2875 καὶ
949 2822 1043 2877 τὸν
1074 2825 1183 2880 τῶν
1211 2826 1348 2882 ὅλων
1391 2830 1544 2897 Θεὸν,
1584 2832 1743 2887 τοῦτό
1775 2837 1948 2901 ἐστιν,

343 2901 379 2970 ή
426 2903 881 2980 ἐνανθρώπησις,
932 2914 1105 2985 ἤγουν
1149 2918 1182 2988 ἡ
1220 2918 1532 2990 σάρκωσις,
1577 2922 1821 2992 λεγέσθω
1855 2926 1952 2980 καὶ

343 2993 435 3062 ἔφ’
463 2996 711 3052 ἑκάστου
740 3001 852 3056 τῶν
894 3006 997 3076 τῆς
1028 3006 1178 3072 θείας
1210 3010 1428 3079 φύσεως
1470 3015 1773 3084 γεγονότων
1828 3036 1948 3073 κοι-

342 3085 561 3153 νωνῶν,
599 3091 697 3143 καὶ
730 3092 839 3164 μὴν
865 3096 962 3149 καὶ
989 3097 1198 3154 ἔνοικον
1221 3103 1536 3174 ἐσχηκότων
1565 3106 1751 3174 αὑτὸν,
1783 3109 1867 3163 ὅτι
1890 3126 1949 3164 τε

344 3180 442 3294 καὶ
457 3182 898 3294 ἐξηνθρὼττησε,
932 3191 1030 3294 καὶἒ
1050 3193 1189 3263 πρός
1212 3212 1271 3294 τε
1512 3200 1595 3266 τὺ,
1625 3203 1940 3277 ὲσαρκώθη.
1971 3234 2015 3294 c

344 3265 421 3369 Οῦ
452 3273 521 3344 δη
568 3279 893 3369 γεγονότος,
946 3284 1042 3337 καὶ
1091 3265 1530 3361 παραδεῇίθέντος
1575 3265 1652 3357 ὧς
1684 3265 1943 3369 ἀληθοῦς,

344 3364 682 3459 :tlatafra'txt;
714 3372 821 3427 κᾶν
855 3374 1070 3444 λέγοιτο
1097 3384 1426 3454 γεγενῆσθαι
1475 3388 1612 3459 σάρξ
1645 3392 1674 3444 6
1709 3364 1786 3446 ἐκ-
1806 3364 1943 3449 Θεοῦ

343 3455 569 3549 Πα-τρδς
604 3461 783 3531 Λόγος
802 3480 817 3494 ⁸
850 3466 1051 3522 ἐνοικεῖ
1071 3471 1127 3525 δὲ
1155 3474 1253 3527 καὶ
1279 3477 1360 3540 εἰς
1388 3455 1559 3549 δεῦρο’
1588 3481 1808 3545 πολλοῖς
1832 3485 1943 3539 τῶν

346 3547 892 3650 σεξομένωνῃαὺτόν.
940 3560 1101 3615 Ἀλλά
1131 3565 1241 3629 ναὶ,
1272 3567 1429 3638 φησὶ,
1460 3547 1774 3642 γέγραπται
1814 3578 1946 3650 περὶ

341 3637 442 3742 τοῦ
484 3638 845 3742 ΘεοῦΔΛόγου
866 3689 880 3713 ,
913 3649 996 3702 ὅτι
1034 3670 1053 3702 ι
1090 3637 1434 3725 Ἐσκήνωσεν
1468 3637 1712 3734 ὲνίημῖν.
1740 3683 1761 3717 ι
1795 3637 1942 3742 "Egon

342 3728 402 3828 se
450 3732 548 3828 καὶ
576 3736 607 3787 ὁ
636 3732 926 3805 θεσπέσιος
974 3742 1186 3809 Παῦλος
1224 3749 1471 3819 περὶτοῦ
1520 3728 1740 3810 πάντων
1781 3728 1943 3828 ἡμῶν

342 3821 609 3916 Σωτῆρος
640 3827 881 3897 Χριστοῦ
906 3871 921 3897 ,
951 3834 1034 3888 ὅτι
1067 3853 1086 3887 ι
1118 3837 1211 3892 Ἐν
1230 3838 1381 3911 αὑτῷ
1413 3841 1703 3916 κατῴκησε
1881 3850 1944 3905 τὸ

343 3911 635 4011 πλήρωμα
655 3917 758 3987 τῆς
785 3919 1041 3993 θεότητος
1073 3929 1426 3997 σωματικῶς.
1452 3950 1471 3985 ι
1502 3911 1814 4008 Ἑσκήνωσε
1843 3943 1946 4011 μὲν

339 4008 402 4100 ὲν
439 4010 584 4079 ἡμῖν
632 4012 1120 4086 ὁμολογουμένωςσ
1168 4022 1487 4094 γέγραπται
1532 4028 1640 4100 γὰρ
1674 4030 1806 4083 ὡδί·
1845 4008 1944 4088 καὶ

344 4098 453 4169 μὴν
480 4101 580 4155 καὶ
608 4103 691 4157 ὄτι
714 4107 1061 4180 κατῴκηκεν,
1084 4113 1185 4168 οὐκ
1206 4115 1569 4189 ἀντιτάξομαι
1586 4098 1798 4190 λέγοντί
1825 4141 1908 4177 σοι
1925 4142 1941 4159 °

342 4190 616 4265 βούλομαι
645 4196 703 4250 δὲ
736 4200 939 4268 μᾶλλον
961 4204 1061 4269 τὰς
1081 4205 1190 4260 τῶν
1218 4207 1500 4282 θεηγόρων
1524 4213 1601 4281 (9)
1628 4213 1943 4284 βασανίζειν

2056 2010 2203 2067 Dixit
2234 2014 2395 2068 etiam
2432 2014 2546 2083 ipse
2571 2015 2857 2072 Christus:
2890 2035 2908 2069 ι
2934 2018 3001 2071 Et
3037 2019 3082 2073 si
3112 2019 3233 2087 quis
3267 2034 3353 2074 me
3383 2021 3635 2086 audierit,

2056 2103 2337 2159 veniemus
2370 2119 2471 2174 ego
2505 2114 2559 2160 et
2605 2105 2768 2161 Pater
2811 2123 2985 2171 meus,
3027 2118 3082 2162 et
3119 2110 3452 2164 mansionem
3494 2111 3635 2180 apud

2056 2208 2179 2248 eum
2226 2195 2507 2261 faciemus,
2554 2206 2610 2251 et
2656 2199 2709 2253 in
2759 2199 2877 2266 ipso
2929 2198 3329 2255 diversabimur
3381 2200 3457 2273 (8)
3499 2201 3567 2257 ⁸⁸.
3612 2221 3631 2254 ι

2057 2283 2290 2351 Scripsit
2325 2286 2489 2341 etiam
2534 2287 2727 2344 beatus
2762 2288 2960 2343 Paulus
2994 2307 3008 2344 :
3048 2309 3068 2343 ι
3104 2291 3170 2345 Et
3205 2290 3382 2345 Moses
3420 2293 3635 2359 quidem

2058 2373 2228 2428 ﬁdelis
2260 2375 2314 2429 in
2343 2384 2453 2431 tota
2483 2378 2645 2433 domo
2667 2379 2784 2449 ejus
2814 2390 2872 2433 ut
2901 2381 3155 2443 famulus,
3184 2383 3239 2436 in
3269 2382 3635 2437 testimonium

2054 2477 2240 2519 eorum
2274 2481 2395 2535 quae
2422 2468 2651 2523 dicenda
2691 2478 2847 2523 erant
2878 2488 2891 2525 :
2935 2470 3181 2526 Christus
3214 2486 3342 2527 vero
3372 2481 3430 2525 ut
3466 2472 3635 2527 Filius

2054 2569 2217 2626 Super
2259 2557 2477 2613 domum
2526 2559 2662 2627 ejus,
2709 2559 2865 2629 cujus
2908 2562 3101 2617 domus
3131 2578 3318 2617 sumus
3362 2577 3461 2617 nos
3507 2562 3572 2616 ⁸⁸.
3608 2580 3630 2615 ι

2054 2645 2363 2712 Quinetiam
2394 2649 2461 2703 de
2505 2658 2697 2705 sancto
2730 2650 2936 2720 Spiritu
2970 2671 2983 2706 :
3022 2670 3042 2705 ι
3071 2652 3303 2710 Nescitis
3334 2654 3460 2723 quia
3492 2663 3633 2708 tem—

2052 2736 2198 2804 plum
2233 2738 2326 2794 Dei
2358 2741 2509 2806 estis,
2536 2750 2588 2796 et
2618 2742 2852 2811 Spiritus
2885 2742 2979 2799 Dei
3011 2745 3216 2800 habitat
3245 2747 3296 2800 in
3326 2747 3477 2801 vobis
3499 2747 3585 2801 "‘i
3606 2763 3630 2798 ι

2051 2825 2194 2898 Ergo
2240 2830 2284 2884 si
2336 2831 2564 2899 idipsum
2611 2834 2753 2903 quod
2802 2835 3105 2891 inhabitare
3144 2837 3196 2891 in
3235 2837 3501 2908 aliquibus
3541 2838 3633 2893 ille

2052 2918 2293 2973 omnium
2327 2921 2586 2977 Dominus
2612 2924 2829 2992 dicitur,
2858 2925 2961 2981 hoc
2991 2927 3080 2981 illa
3102 2935 3184 2981 est
3212 2928 3523 2983 humanatio
3546 2929 3639 2984 vel

2050 3010 2375 3079 incarnatio,
2408 3015 2514 3069 dici
2564 3015 2726 3071 liceat
2770 3018 2933 3071 etiam
2968 3020 3018 3073 in
3065 3034 3390 3088 unoquoque
3434 3021 3633 3075 divina:

2051 3114 2260 3160 naturae
2304 3108 2591 3177 participe,
2643 3120 2806 3177 atque
2844 3110 3009 3165 etiam
3057 3110 3450 3165 iuhabitautem
3485 3113 3538 3166 in
3571 3127 3631 3167 se

2051 3196 2199 3251 illum
2232 3198 2485 3264 habente,
2527 3209 2583 3254 et
2608 3200 2884 3256 hominem
2922 3201 3124 3258 factum
3155 3215 3295 3266 esse,
3327 3211 3382 3257 et
3412 3204 3630 3273 insuper

2050 3289 2411 3347 incarnatum.
2462 3291 2617 3358 Quod
2664 3292 2709 3347 si
2756 3292 2954 3347 factum
3001 3302 3102 3359 est,
3138 3301 3192 3348 et
3241 3294 3287 3348 si
3335 3301 3393 3348 ut
3438 3306 3627 3350 verum

2047 3381 2376 3450 admittitur,
2405 3382 2517 3453 jam
2547 3373 2675 3438 illud
2706 3399 2773 3439 ex
2812 3383 2921 3440 Deo
2954 3385 3187 3439 Verbum
3232 3400 3375 3456 sarpe
3405 3402 3629 3442 carnem

2046 3469 2248 3527 factum
2281 3474 2388 3529 dici
2420 3472 2552 3529 nihil
2590 3475 2842 3545 prohibet
2874 3496 2889 3532 :
2936 3478 3203 3533 inhabitat
3240 3487 3419 3534 autem
3465 3479 3628 3534 etiam

2047 3564 2308 3620 adhucin
2357 3565 2543 3621 multis
2587 3581 2709 3621 eum
2758 3568 3079 3623 colentibus.
3128 3569 3200 3623 At
3229 3572 3393 3636 enim,
3430 3571 3635 3639 inquit,

2047 3655 2307 3726 scriptum
2336 3664 2417 3711 est
2440 3656 2508 3711 de
2532 3658 2641 3712 Deo
2663 3656 2843 3713 Verbo
2868 3676 2883 3713 :
2916 3677 2934 3711 ι
2958 3658 3233 3715 Habitavit
3260 3662 3312 3715 in
3343 3662 3497 3716 nobis
3518 3663 3625 3719 τι.»

2049 3746 2194 3803 Dixit
2239 3750 2402 3804 etiam
2446 3749 2637 3804 beatus
2684 3748 2887 3806 Paulus
2929 3751 2996 3807 de
3042 3753 3283 3808 omnium
3343 3752 3631 3810 Salvatore

2046 3839 2262 3895 Christo
2311 3856 2326 3895 :
2380 3859 2399 3892 ι
2437 3839 2493 3895 in
2531 3854 2597 3897 eo
2641 3840 2905 3896 habitavit
2954 3844 3132 3898 omnis
3174 3830 3451 3913 plenitudo
3492 3846 3628 3900 divi-

2046 3934 2234 3989 nitatis
2268 3935 2626 4004 corporaliter
2662 3936 2730 3991 ".
2760 3954 2781 3987 ι
2816 3936 3016 3991 Fateor
3061 3936 3208 3990 illum
3245 3937 3522 3992 habitasse
3568 3938 3631 3992 in

2046 4024 2202 4080 nobis
2236 4026 2336 4096 (sic
2370 4041 2601 4095 namque
2625 4026 2888 4094 scriptum
2920 4024 3047 4098 est),
3114 4040 3217 4081 nec
3279 4027 3332 4081 in
3398 4027 3490 4081 illo
3544 4027 3626 4082 iu-

2045 4115 2369 4180 habitasse,
2443 4116 2539 4170 tibi
2596 4116 2795 4172 dicenti
2858 4116 3232 4186 repugnabo:
3301 4116 3392 4172 sed
3456 4118 3622 4173 velim

2042 4208 2225 4277 potius
2283 4208 2379 4263 has
2433 4207 2802 4278 theologorum
2871 4223 3030 4266 voces
3097 4211 3433 4267 examinare.
3489 4209 3631 4267 Nam

2043 4300 2236 4356 beatus
2278 4300 2606 4371 evangelista
2658 4316 2780 4357 cum
2836 4303 2985 4371 prius
3035 4303 3292 4370 dixisset,
3330 4323 3348 4357 ι
3384 4303 3622 4361 Verbum

2042 4407 2173 4448 caro
2210 4391 2413 4447 factum
2455 4402 2574 4458 est,
2605 4412 2625 4447 ι
2657 4394 2935 4464 subiunxit
2964 4406 3287 4465 opportune,
3320 4414 3339 4447 ι
3375 4394 3438 4448 Et
3470 4396 3625 4464 habi-

340 4286 556 4380 φωειάς.
595 4288 658 4342 Ὀ
694 4291 795 4359 μὲν
842 4295 952 4365 γὰρ
998 4300 1269 4370 μακάριος
1309 4303 1706 4377 εὐαγγελιστὴς
1753 4325 1942 4380 προει-

340 4379 558 4449 ρηκὼς,
592 4382 678 4435 ὅτι
708 4384 808 4437 καὶ
845 4403 864 4437 ι
889 4387 949 4442 Ὀ
976 4389 1148 4458 Λόγος
1190 4392 1328 4463 σάρξ
1356 4396 1598 4464 ἐγένετο,
1642 4416 1662 4450 ι
1696 4415 1943 4469 προσεπ-

337 4472 551 4541 ήνεγκε
597 4475 875 4546 χρειωδῶς
920 4479 1018 4534 καὶ
1058 4482 1151 4548 τὸ,
1188 4501 1209 4535 ι
1244 4484 1589 4555 Ἐσκήνωσεν
1630 4488 1689 4539 ὲν
1722 4489 1876 4559 ἡμῖν,
1914 4507 1935 4542 ι

2054 4485 2182 4539 Lavit
2210 4484 2263 4539 in
2291 4484 2483 4551 nobis;
2516 4502 2536 4537 ι
2572 4495 2631 4539 ιιι
2657 4499 2755 4555 per
2797 4494 3090 4556 utrumque
3125 4488 3387 4554 integram
3421 4485 3624 4540 Christi

337 4562 430 4615 ἶνα
455 4563 535 4617 δι’
565 4565 775 4634 ἀμφοῖν
802 4567 1178 4641 ἀδηλὼϐητον
1203 4574 1262 4628 ὲν
1293 4575 1428 4645 ἡμῖν
1455 4577 1822 4649 ἐνεργάσηται
1841 4578 1949 4632 τοῦ.

2054 4576 2290 4647 mysterii
2325 4576 2691 4647 cognitionem
2738 4577 2899 4633 nobis
2944 4579 3200 4632 traderet.
3237 4575 3371 4629 Nam
3414 4576 3624 4629 unitum

335 4651 484 4706 κατὰ
516 4652 760 4723 Χριστὸν
795 4658 1102 4731 μυστηρίου
1136 4661 1237 4731 τὴν
1280 4663 1503 4731 γνῶσιν.
1537 4666 1663 4720 Ὅτι
1698 4667 1799 4737 μὲν
1828 4668 1939 4741 γὰρ

2054 4683 2166 4724 esse
2191 4669 2342 4723 carni
2374 4669 2671 4723 secundum
2699 4668 3029 4739 hypostasim
3064 4668 3191 4722 illud
3227 4683 3290 4753 ex
3329 4667 3436 4722 Deo
3463 4665 3625 4723 Patre

333 4743 532 4816 ηνώθη
569 4747 738 4817 σαρκὶ
772 4749 898 4802 καθ’
927 4751 1229 4808 ὑπόστασιν
1260 4757 1288 4808 6
1320 4757 1386 4809 ὲκ
1412 4756 1548 4811 Θεοῦ
1589 4759 1803 4831 Πατρὸς
1832 4762 1938 4815 Λό-

2054 4758 2284 4814 Verhum
2310 4758 2570 4826 indicavit
2598 4768 2785 4827 aperte
2811 4749 2933 4813 c'urn
2965 4759 3120 4822 dixit,
3156 4747 3328 4828 ipsum
3364 4775 3482 4814 esse
3507 4775 3625 4815 car-

332 4852 455 4904 γος,
483 4836 904 4909 διαμεμένηκεν
931 4838 957 4914 [
979 4842 1064 4896 la.
1090 4844 1541 4921 διαμεμήνυκεν]
1565 4850 1815 4922 ἐναργῶς
1847 4851 1939 4907 διά

2054 4865 2165 4905 nem
2189 4850 2389 4906 factum
2417 4869 2431 4904 :
2452 4852 2564 4920 jam
2591 4864 2721 4904 vero
2742 4864 2961 4905 carnem
2994 4848 3192 4905 factum
3222 4866 3327 4904 non
3358 4851 3409 4904 in
3444 4853 3624 4908 carnis

332 4945 399 4995 γε
445 4926 556 4982 τοῦ
617 4930 799 5002 σάρκα
832 4931 1020 5001 λέγειν
1058 4936 1315 5005 γενέσθαι
1345 4938 1541 4995 αὐτόν’
1571 4941 1655 4995 ὃτι
1698 4942 1757 4996 δὲ
1799 4942 1938 5015 σὰρξ

2054 4944 2305 4999 transisse
2324 4952 2598 5008 naturain,
2622 4957 2797 5013 neque
2819 4943 3170 4998 mutationem
3204 4943 3328 4998 inid
3350 4943 3491 5012 quod
3518 4960 3624 4998 non

331 5017 607 5089 γεγονὼς,
633 5022 736 5075 οὐκ
765 5023 846 5087 είς
870 5024 969 5096 τὴν
998 5025 1099 5097 τῆς
1129 5029 1334 5100 σαρκὸς
1366 5031 1936 5105 μτακεχώρηκεφύ-

2054 5043 2160 5090 erat
2184 5034 2439 5103 subiisse,
2466 5036 2564 5092 sed
2585 5050 2708 5091 cum
2729 5049 2796 5091 eo
2817 5035 2961 5119 quod
2982 5034 3279 5107 secundum
3302 5050 3400 5091 uos
3422 5033 3622 5090 factum

403 5202 448 5283 ξ’
690 5217 852 5283 _xxvr,
882 5203 988 5283 η,
1018 5205 1062 5260 ll
1091 5207 1219 5265 Cor.
1245 5223 1322 5277 vr,
1364 5209 1455 5267 16.
1533 5211 1580 5245 ⁸⁸
1605 5211 1763 5271 Joan.
1802 5229 1916 5280 xiv,
1951 5221 1954 5238 ⁴

2123 5213 2375 5272 ".Hebr..
2396 5231 2482 5282 ιιι,
2520 5213 2662 5283 5,6.

2776 5213 2865 5270 "l
2891 5212 3018 5272 Cor.
3052 5230 3139 5286 ut,
3174 5214 3261 5273 ιϐ.
3336 5215 3624 5284 τίιοιιιιιι,

358 5272 449 5331 ιρι.
532 5271 821 5329 "Colon.
861 5277 1025 5347 11,.9-

1646 5436 1804 5493 ANT.
1847 5434 2120 5495 AGELLII
2157 5436 2390 5517 ΝΟΤΕ.

408 5615 827 5689 (8)Post_eriora
849 5615 1937 5689 verbactinipso-diversabimurmeque
2043 5634 2112 5676 eo
2173 5623 2510 5679 mansionem
2575 5622 2779 5682 facere.
2834 5624 3121 5681 Habebam
3189 5632 3368 5683 tamen
3432 5641 3626 5684 omnes

335 5690 517 5762 inlini
553 5687 721 5762 codd,
748 5686 908 5762 _Novi
955 5686 1316 5762 Testanienti,
1374 5704 1548 5761 neque
1604 5686 1777 5762 Graeci
1833 5686 1932 5744 ἥτι-
2044 5694 2205 5748 codd.
2246 5693 2456 5762 Cyrilli.

336 5760 513 5841 bent:
585 5766 674 5841 et.
707 5757 882 5841 idem‘
922 5758 1233 5841 signiﬁcant
1299 5774 1435 5841 cum.
1462 5757 1475 5761 '
1499 5761 1934 5841 praecedentibus
2113 5762 2189 5833 (9)
2221 5757 2314 5818 Sié
2347 5766 2620 5841 appellare
2658 5765 2797 5822 solet
2834 5779 3111 5841 sacrorum
3150 5768 3477 5841 scriptorum
3526 5782 3621 5823 au—

338 5829 524 5885 verbis
560 5844 575 5881 :
618 5828 773 5885 idem
803 5834 885 5884 est
930 5829 1075 5885 enim
1111 5829 1385 5902 diversari,
1421 5829 1475 5886 in
1508 5828 1729 5899 aliquo,
1769 5839 1826 5886 ct.
1877 5831 1931 5886 in
2040 5828 2240 5903 ctores,
2269 5845 2327 5890 ut
2358 5828 2711 5903 apostoloset
2743 5837 3129 5906 evangelistas.
