4150 6484
513 395 584 452 55
1542 388 1600 445 S.
1640 388 1918 446 CYRILLI
1958 388 2432 449 ALEXANBRINI
2469 391 2790 453 ARCHIEP.
3718 394 3788 449 56

516 512 602 561 est
635 501 903 595 mansisse
927 504 1077 595 quod
1100 510 1243 573 erat,
1262 503 1317 595 id
1340 518 1537 562 rursus
1565 507 1917 579 perspicuum
1951 507 2098 575 facit,

2212 527 2325 576 σιν,
2364 511 2574 584 τροπὴν
2620 498 3055 595 ὑπομείνας,τὴν
3097 509 3178 574 εἰς
3217 508 3356 581 ὅπερ
3389 507 3489 562 οὐκ
3529 502 3620 579 ἦν,
3648 508 3789 595 ἀλλὰ

512 594 602 651 illa
649 594 814 651 verba
866 614 883 649 :
932 612 951 646 ι
981 593 1261 652 Habitavit
1308 594 1364 651 in
1400 596 1578 662 nobis;
1609 614 1630 649 ι
1671 598 1945 666 prioribus
1997 598 2102 654 illis

510 686 796 757 adjiciens.
838 686 1122 744 Habitasse
1148 697 1326 744 autem
1360 689 1489 744 dicit
1527 689 1717 746 beatus
1750 688 1951 745 Paulus
1991 689 2104 760 28

511 781 564 833 in
594 779 811 835 Christo
848 795 1065 836 omnem
1099 780 1488 850 plenitudinem
1520 782 1824 837 divinitatis
1848 796 2102 852 corpora-

509 871 656 934 liter,
708 886 777 926 ne
824 873 1095 943 quispiam
1149 873 1450 943 simplicem
1497 874 1581 929 vel
1641 874 2099 930 habitudinariam

511 962 906 1019 habitationem
949 965 1277 1033 suspicetur,
1307 965 1402 1020 sed
1436 980 1643 1030 veram,
1678 974 1737 1020 ut
1770 968 1929 1021 modo
1964 966 2098 1031 dixi,

509 1060 564 1106 ct
586 1055 881 1109 secundum
904 1054 1261 1127 hypostasim.
1291 1055 1476 1127 Neque
1500 1057 1644 1113 enim
1675 1058 1759 1113 vir
1783 1058 1870 1112 ille
1894 1058 2097 1125 Spiritu

512 1141 610 1197 Dei
642 1145 833 1211 plenus
860 1146 1147 1223 ignorabat
1175 1147 1550 1216 incorporeum
1580 1161 1701 1201 esse
1729 1146 1824 1202 Dci
1866 1145 2097 1201 Verbum

510 1242 562 1287 el
603 1233 966 1304 impalpabile.
994 1234 1194 1290 Verum
1219 1236 1344 1308 quia
1378 1251 1600 1292 necesse
1624 1247 1744 1291 erat
1766 1249 1825 1291 ut
1854 1238 2098 1307 mystcrii

512 1325 801 1395 explicatio
827 1328 973 1383 nulla
1008 1329 1219 1384 ratione
1266 1344 1456 1383 manca
1492 1330 1787 1396 videretur,
1831 1331 1925 1383 sed
1962 1329 2100 1383 adeo

511 1427 770 1473 accurate
795 1432 860 1473 ac
891 1419 1145 1474 distincte
1168 1418 1234 1473 ad
1273 1428 1475 1475 rectam
1506 1421 1747 1491 regulam
1784 1421 2098 1476 veritatem-

511 1521 617 1576 que
649 1510 978 1573 traderetur,
1008 1518 1069 1564 ut
1098 1524 1262 1566 omne
1291 1510 1613 1565 miraculum
1650 1521 1955 1581 superaret,
1989 1511 2098 1565 vim

512 1596 677 1652 infert
703 1600 1104 1670 consequentiae.
1138 1615 1342 1669 rerum,
1377 1608 1433 1656 et
1474 1615 1641 1671 prope
1679 1602 1930 1665 dixerim,
1958 1601 2099 1669 quod

511 1689 886 1760 incorpoream
914 1692 1062 1763 illam
1086 1706 1463 1762 summamque
1492 1702 1741 1748 naturam
1769 1694 1945 1760 decet,
1967 1707 2099 1747 con-

511 1782 706 1836 temnit
767 1801 781 1838 :
830 1785 1031 1854 adjecit
1085 1784 1230 1839 enim
1272 1784 1518 1850 verbum,
1557 1785 1920 1853 corporaliter,
1972 1800 2095 1840 cum

2211 598 2350 670 μετὰ
2396 600 2491 654 τοῦ
2532 599 2787 668 γενέσθαι
2824 593 2947 653 καθ’
2974 600 3141 669 ἡμᾶς,
3182 598 3493 670 μεμένηκεν
3524 598 3662 669 ὅπερ
3694 593 3785 668 ἦν,

2209 689 2487 762 διατρανοῐ
2533 691 2699 745 πάλιν
2748 689 2812 744 τὸ
2838 731 2853 755 ,
2903 709 2923 740 t
2962 690 3304 760 Ἐσκήνωσεν
3349 689 3411 741 ὲν
3451 689 3605 759 ἡμῖν,
3654 706 3675 740 ι
3710 686 3790 758 τῷ

2207 781 2411 854 πρώτῳ
2438 782 2859 855 προπεθεικὼς.
2896 780 3243 851 Κατοικῆσαι
3261 780 3318 834 δέ
3341 798 3505 852 φησιν
3531 783 3560 835 6
3591 780 3788 835 θεσπὲ-

2209 892 2325 938 σιος
2370 874 2583 938 Παῦλος
2619 874 2678 927 ὲν
2723 871 2804 943 τῷ
2855 870 3079 944 Χριστῷ
3115 875 3223 925 πᾶν
3270 872 3333 926 τὸ
3365 872 3640 943 πλήρωμα
3688 871 3789 936 τῆς

2207 965 2461 1037 θεότητος
2502 964 2865 1036 σωματικῶςη
2894 966 2981 1018 ἴνα
3023 966 3097 1035 μὴ
3122 964 3322 1035 ἁπλῆν,
3341 963 3510 1034 ήγουν
3533 962 3787 1035 σχετικὴν

2203 1057 2303 1128 τὴν
2344 1058 2667 1128 κατοίκησιν
2716 1056 3082 1126 ὑποτοπήσειὲ
3128 1073 3232 1119 τις,
3274 1055 3388 1110 ἀλλ’
3428 1053 3620 1124 ὥσπερ
3650 1054 3786 1125 ἔφην

2204 1150 2429 1221 ἀρτίως,
2472 1150 2738 1221 ἀληθινήν
2770 1167 2830 1203 τε
2873 1150 2968 1202 καὶ
3014 1148 3139 1202 καθ’
3175 1148 3494 1201 ὑπόστασιν.
3525 1147 3644 1201 Ὀτι
3688 1146 3786 1215 μὲν

2203 1243 2312 1314 γὰρ
2345 1243 2635 1313 ἀσώματός
2670 1242 2731 1295 τὲ
2765 1243 2902 1307 ἐστι,
2942 1245 3036 1295 καὶ
3064 1240 3276 1311 ἀναφὴς
3306 1242 3335 1293 ὁ
3378 1239 3471 1292 τοῦ
3514 1238 3650 1292 Θεοῦ
3680 1238 3785 1291 Λό-

2202 1354 2318 1405 γος,
2347 1337 2450 1390 οὐκ
2475 1336 2746 1406 ἠγνόηκεν
2786 1336 2815 1387 ὁ
2858 1334 3330 1404 πνευματοφόρος.
3372 1332 3591 1403 Ἐπειδὴ
3619 1331 3678 1385 δὲ
3716 1326 3784 1401 ἦν

2204 1430 2523 1495 ἀναγκαῖον,
2557 1427 2654 1498 τὴν
2688 1426 2783 1480 τοῦ
2826 1427 3131 1497 μυστηρίου
3162 1426 3395 1496 δήλωσιν
3438 1421 3789 1484 κατ>οὑδένα

2202 1521 2404 1593 τρόπον
2443 1519 2674 1589 ὁρᾶσθαι
2717 1519 3156 1589 μεμωμημένην,
3189 1516 3393 1588 ἀκριϐῆ
3430 1515 3487 1569 δὲ
3515 1514 3658 1568 οὕτω
3695 1530 3790 1583 γε-

2202 1612 2411 1675 νέσθαι,
2438 1612 2532 1665 καὶ
2564 1610 2980 1683 διηρθρωμένην
3011 1611 3088 1673 εἰς
3110 1608 3172 1661 τὸ
3197 1606 3325 1660 εὐθύ
3352 1623 3411 1659 τε
3444 1607 3537 1659 καὶ
3562 1603 3786 1675 ἀληθὲς,

2203 1704 2278 1766 ὡς
2310 1703 2568 1758 ἐπέκεινα
2608 1703 2808 1766 παντὸς
2859 1702 2996 1755 ἰέναι
3046 1700 3356 1771 θαύματος,
3391 1694 3787 1761 καταϐιάζεται

2201 1793 2262 1845 τὸ
2290 1793 2458 1856 είκὸς,
2484 1794 2577 1845 καὶ
2618 1793 2902 1863 μονονουχὶ
2930 1791 2991 1844 τὸ
3029 1791 3241 1862 πρέπον
3271 1789 3519 1861 ὑπερορᾷ
3540 1788 3608 1857 τῇ
3645 1786 3788 1838 ἀσω-

509 1871 672 1928 aliter
699 1875 881 1932 dicere
910 1891 1017 1931 non
1053 1876 1302 1942 haberet,
1330 1891 1492 1947 quam
1530 1885 1712 1932 nostra
1743 1877 2097 1949 intelligentia

2206 1886 2363 1956 μάτῳ
2402 1901 2459 1937 τε
2490 1885 2584 1937 καὶ
2616 1858 2910 1955 ὸπερτάτιρ
2941 1858 3106 1950 φύσει
3126 1899 3138 1913 ·
3173 1858 3530 1953 προστέθεικε
3557 1877 3665 1947 γάρ
3701 1876 3785 1941 τὸ,

509 1974 565 2021 et
604 1964 786 2037 lingua
822 1966 1080 2035 consequi
1118 1976 1323 2037 posset.
1365 1966 1445 2022 Ne
1485 1969 1650 2039 igitur
1678 1983 1802 2024 cum
1836 1970 1937 2025 iste
1963 1970 2098 2024 sim-

509 2058 700 2130 plicem
750 2061 909 2116 nobis
962 2061 1415 2116 iubabitatiouem
1468 2073 1882 2130 commemorat,
1942 2075 2100 2133 putes

508 2151 711 2221 aliquid
741 2167 864 2207 eum
894 2151 1075 2208 dicere
1097 2154 1236 2221 quod
1272 2168 1378 2207 non
1404 2154 1697 2209 admodum
1734 2155 1806 2209 sit
1833 2155 2098 2210 damnau-

507 2244 657 2298 dum.
693 2243 833 2297 Nam
859 2254 916 2296 ut
939 2251 1179 2308 evertat,
1210 2253 1272 2297 ut
1301 2245 1417 2314 ipse
1441 2254 1615 2314 putat,
1649 2246 1810 2316 idque
1842 2246 2098 2303 nimirum

509 2334 791 2402 audacter,
825 2335 1230 2406 generationem
1265 2335 1387 2390 Filii
1414 2337 1708 2392 secundum
1735 2353 1982 2403 carnem,
2013 2353 2100 2393 ra-

509 2427 917 2483 tiocinationem
941 2425 1218 2496 componit
1242 2425 1438 2481 anilem
1461 2440 1523 2481 ac
1546 2426 1790 2493 stultam,
1817 2436 1873 2482 et
1894 2428 2097 2483 nullum

508 2536 574 2576 ex
605 2521 834 2576 veritate
873 2518 1103 2576 fulcrum
1136 2519 1448 2575 habentem.
1488 2519 1724 2576 Rursum
1760 2536 1990 2592 namque
2020 2523 2100 2578 sic

510 2614 721 2679 scribit,
759 2627 882 2669 cum
916 2612 1185 2669 adversus
1227 2612 1462 2668 Arianos
1491 2612 1916 2683 disputationem
1947 2614 2099 2668 insti-

509 2706 722 2762 tuisset.

582 2798 865 2873 [Νεετοιι.
902 2798 1107 2855 Tamen
1136 2798 1421 2855 divinitate
1445 2809 1593 2853 certe
1630 2812 1747 2866 quae
1774 2796 1948 2866 major
1992 2806 2095 2860 est,

508 2893 683 2962 ipsum
713 2891 807 2946 Dei
836 2889 1073 2946 Verbum
1104 2891 1377 2946 recentius
1403 2904 1524 2945 esse
1549 2899 1854 2959 uugantur;
1885 2898 1942 2942 at
1968 2905 2098 2943 vero

511 2983 563 3041 Ιιὶ
591 2984 747 3040 beata
774 2982 944 3038 Maria
977 2984 1149 3054 ipsum
1197 2964 1551 3051 posteriorem
1601 2980 1859 3045 cliiciunt,
1890 2991 1945 3037 et
1980 2997 2099 3035 ma-

509 3090 646 3132 trem
671 3074 1020 3146 temporalem
1055 3074 1155 3145 ipsi
1191 3073 1385 3128 licitati
1415 3074 1595 3142 opiiici
1626 3083 1928 3143 temporum
1960 3089 2098 3144 prte-

508 3178 716 3240 ponunt
754 3184 769 3221 :
805 3167 913 3224 imo
956 3182 1087 3223 vero
1133 3168 1304 3238 ipsam
1336 3166 1538 3221 Christi
1576 3175 1854 3234 parentem
1884 3182 1950 3221 ne
1976 3181 2099 3224 esse

507 3260 722 3331 quidem
756 3257 964 3315 Christi
998 3269 1229 3314 matrem
1264 3258 1450 3312 sinunt
1484 3277 1496 3313 :
1529 3271 1652 3311 nam
1685 3259 1728 3313 si
1766 3273 1874 3313 non
1920 3259 2097 3315 homi-

509 3352 595 3408 nis
625 3360 838 3419 natura,
889 3352 985 3407 sed
1028 3351 1170 3407 Deus
1221 3350 1453 3406 Verbum
1493 3349 1615 3416 fuit,
1661 3360 1722 3405 ut
1765 3351 1841 3406 illi
1892 3353 2100 3418 dicunt,

508 3458 668 3516 quem
711 3444 801 3499 illa
828 3443 1060 3515 peperit,
1104 3443 1323 3514 pariens
1359 3443 1489 3498 editi
1539 3450 1725 3512 partus
1760 3443 1905 3499 nullo
1942 3445 2103 3500 modo

511 3547 687 3593 mater
720 3545 807 3592 est
840 3549 856 3590 :
887 3536 978 3607 qui
1016 3535 1161 3591 enim
1215 3534 1287 3588 sit
1344 3542 1517 3589 mater
1556 3530 1703 3590 illius
1734 3535 1826 3604 qui
1869 3534 1939 3590 ab
1985 3534 2102 3604 ejus

510 3640 703 3684 natura
742 3628 815 3683 sit
851 3627 1183 3684 extrahens?
1214 3625 1370 3694 Quod
1405 3626 1450 3681 si
1480 3636 1651 3680 mater
1688 3626 1828 3696 apud
1868 3641 1961 3682 eos
2001 3641 2099 3697 ap-

510 3721 766 3791 pellatur,
795 3719 1108 3776 humanitas
1135 3729 1221 3775 est
1248 3726 1405 3788 partu
1438 3718 1606 3786 edita,
1641 3731 1747 3775 non
1798 3719 2055 3774 divinitas
2085 3739 2099 3774 :

513 3830 636 3869 nam
658 3814 854 3883 cuique
874 3812 1030 3866 matri
1053 3811 1332 3881 proprium
1349 3818 1433 3867 est
1449 3810 1915 3868 consubstantiale
1940 3825 2101 3880 pare-

510 3922 591 3963 re.
624 3908 730 3962 Aut
755 3906 917 3976 igitur
939 3919 1043 3960 non
1075 3905 1181 3960 erit
1213 3914 1389 3958 mater
1420 3919 1541 3974 qua:
1570 3903 2098 3959 consubstantialem

508 3998 611 4054 sibi
640 3996 864 4053 minime
887 3996 1097 4068 peperit
1124 4013 1140 4052 :
1178 4005 1268 4051 aut
1298 3995 1345 4051 si
1377 4006 1551 4050 mater
1578 3995 1646 4050 ab
1685 3996 1821 4067 ipsis
1850 4004 2099 4062 vocatur,

511 4089 615 4149 sibi
646 4089 700 4145 in
733 4088 1039 4144 substantia
1071 4086 1305 4145 similem
1333 4085 1579 4159 genuit.]

1162 4202 1316 4261 CAP.
1356 4201 1448 4258 IX.

582 4298 1127 4370 Perquam'abditum
1163 4313 1298 4354 sane
1341 4299 1737 4355 sententiarum
1783 4300 2013 4370 pondus,
2035 4314 2101 4356 ae

511 4396 817 4452 vehemens
841 4404 896 4448 et
930 4393 1258 4449 inevitabilis
1288 4394 1525 4450 hominis
1551 4396 1643 4464 qui
1676 4395 1832 4450 nobis
1867 4396 1940 4457 ita
1970 4410 2101 4450 con-

511 4487 755 4559 scripsit,
818 4485 1258 4557 syllogismorum
1328 4486 1413 4541 vis
1471 4487 1736 4542 cernitur.
1793 4485 2099 4552 Undenam,

2202 1973 2573 2045 σωματικῶς,
2595 1974 2693 2044 οὺχ
2715 1975 2917 2045 ἑτέρως
2940 1973 3079 2043 ἔχων
3108 1974 3304 2033 εἰπεῖν,
3327 1971 3361 2042 ἦ
3385 1970 3460 2033 ὡς
3481 1969 3546 2023 ἂν
3576 1969 3790 2038 γένοιτο

2202 2068 2298 2121 καὶ
2323 2067 2419 2137 νῷ.
2450 2067 2546 2120 καὶ
2574 2066 2791 2136 γλώττῃ
2829 2068 2895 2135 τῇ
2933 2063 3057 2118 καθ’
3096 2064 3245 2134 ἡμᾶς
3272 2063 3511 2132 ἐφικτόν.
3550 2062 3644 2132 Μὴ
3677 2059 3790 2112 τοί-

2201 2178 2295 2214 νυν
2325 2160 2506 2230 ἁπλῆν
2539 2162 2571 2229 ἡ
2582 2161 2673 2230 μίν
2699 2158 3036 2228 ὀνομάζοντα
3067 2156 3363 2227 ἐνοίκησιν,
3388 2156 3500 2209 οἴου
3528 2172 3580 2208 τι
3607 2154 3791 2223 λέγειν

2201 2253 2365 2306 αὑτὸν
2409 2252 2517 2305 τῶν
2565 2252 2627 2305 οὐ
2685 2251 2894 2322 σφόδρα
2930 2248 3404 2319 διαϐεϐλημένωνο
3467 2245 3793 2315 ἀνατρέπων

2202 2347 2331 2417 γάρ,
2365 2344 2618 2416 καθάπερ
2667 2339 2762 2397 οὖν
2808 2344 3015 2405 οἴεται,
3050 2344 3147 2394 καὶ
3194 2339 3343 2411 μάλα
3376 2338 3660 2401 νεανικῶς,
3687 2336 3793 2406 τὴν

2203 2438 2344 2492 κατὰ
2376 2437 2555 2508 σάρκα
2585 2436 2837 2507 γέννησιν
2872 2433 2970 2487 τοῦ
3000 2432 3157 2496 Υἱοῦ,
3199 2430 3482 2501 συντίθησι
3523 2428 3794 2498 λογισμὸν

2201 2530 2553 2602 γραοπρεπῆ,
2590 2529 2686 2583 καὶ
2726 2510 2965 2598 ἠλίθιον,
2986 2526 3082 2580 καὶ
3100 2524 3427 2594 ὑποϐάθραν
3458 2523 3559 2576 οὐκ
3594 2520 3797 2592 ἔχοντα

2199 2625 2298 2693 τὴν
2338 2623 2396 2689 ἐξ
2438 2620 2717 2692 ἀληθείας.
2746 2620 2955 2691 Γράῳει
3015 2617 3125 2688 γὰρ
3165 2616 3259 2670 καὶ
3304 2610 3409 2669 ὦδε
3454 2615 3638 2679 πάλιν,
3686 2630 3797 2666 πε-

2202 2717 2423 2785 ποίηται
2458 2713 2514 2767 δὲ
2555 2713 2692 2784 πρὸς
2730 2709 3046 2781 ’Λρειανοὺς
3071 2708 3099 2760 ὁ
3134 2708 3291 2777 λόγος
3313 2705 3482 2776 αὐτῷ.

2273 2808 2507 2880 [Ὅμως
2545 2806 2602 2860 δὲ
2647 2806 2750 2859 κᾶν
2789 2804 3043 2873 θεότητος
3081 2802 3329 2873 μείζονος
3377 2802 3466 2853 τὸν
3512 2796 3647 2852 Θεὸν
3680 2798 3795 2851 Λό-

2200 2919 2296 2970 γον
2319 2894 2548 2972 ληροῦσι
2573 2896 2835 2968 νεώτερον
2857 2913 2870 2926 ·
2901 2891 3046 2950 οὗτοι
3078 2896 3135 2949 δὲ
3175 2892 3337 2947 αὐτὸν
3375 2891 3477 2961 τῆς
3509 2889 3803 2961 μακαρίας

2201 2990 2422 3063 Μαρίας
2462 2987 2790 3060 ἐργάζονται
2820 2984 3074 3056 δεύτερον
3097 3001 3109 3013 ·
3154 2984 3247 3038 καὶ
3285 2983 3496 3054 μητέρα
3529 2978 3803 3051 χρονικίςν

2198 3089 2267 3156 τῇ
2295 3082 2614 3156 δημιουργῷ
2637 3081 2744 3136 τῶν
2776 3081 2983 3152 χρόνων
3016 3078 3280 3148 ὲφιστῶσι
3299 3076 3526 3144 Θεότητι
3547 3091 3560 3104 ·
3588 3073 3802 3144 μᾶλλον

2202 3177 2259 3231 δὲ
2290 3176 2408 3231 οὐδὲ
2442 3174 2656 3245 μητέρα
2686 3172 2779 3226 τοῦ
2804 3169 3041 3243 Χριστοῦ
3075 3169 3173 3240 τὴν
3197 3167 3563 3240 Χριστοτόκον
3593 3163 3794 3217 ἐῶσιν·

2156 3250 2169 3270 ⁸
2201 3270 2253 3322 εί
2277 3268 2386 3340 γὰρ
2421 3269 2522 3321 οὐκ
2546 3264 2836 3338 ἀνθρώπου
2883 3264 3066 3333 φύσις,
3099 3260 3235 3315 ἀλλὰ
3266 3259 3400 3323 Θεὸς
3430 3260 3459 3311 6
3491 3257 3664 3326 Λόγος
3686 3252 3759 3327 ἦν
3781 3299 3801 3318 ,

2203 3360 2395 3430 ὥσπερ
2438 3359 2634 3413 ἐκεῖνοί
2674 3375 2861 3427 φασιν,
2900 3356 2928 3410 ὃ
2958 3355 3069 3428 [ἴσ.
3101 3353 3153 3426 ὁ]
3196 3352 3327 3424 παρ’
3361 3351 3603 3421 ἐκείνης,
3634 3350 3669 3420 ἡ
3698 3367 3800 3403 τε·

2204 3452 2375 3507 κοῦσα
2403 3452 2500 3504 τοῦ
2522 3449 2807 3520 τεχθέντος
2837 3448 2899 3501 οὐ
2931 3448 3137 3518 μήτηρ.
3163 3444 3290 3503 Πῶς
3319 3443 3428 3516 γάρ
3450 3444 3534 3510 εἴη
3562 3457 3645 3505 τις
3680 3441 3802 3513 μή-

2201 3561 2305 3615 τηρ
2330 3542 2423 3597 τοῦ
2445 3542 2546 3612 τῆς
2568 3541 2783 3611 φύσεως
2802 3540 2900 3610 τῆς
2925 3539 3091 3607 αὐτῆς
3114 3535 3428 3606 ἁλλοτρίου;
3450 3534 3580 3587 Είδὲ
3606 3533 3806 3604 μήτηρ

2205 3636 2335 3707 παρ’
2380 3633 2560 3688 αὐτῶν
2600 3632 2943 3704 ὀνομάζοιτο,
2994 3628 3351 3701 άνθρωπότης
3381 3627 3444 3681 τὸ
3475 3625 3689 3696 τεχθὲν,
3730 3624 3806 3678 οὐ

2203 3727 2394 3798 θεότης
2417 3744 2431 3757 ’
2468 3726 2651 3795 πάσης
2689 3724 2800 3796 γὰρ
2849 3722 2985 3778 ῐδιον
3021 3721 3229 3793 μητρὸς
3265 3717 3530 3790 όμοούσια
3556 3716 3802 3771 τίκτειν.

2206 3822 2276 3874 Ἦ
2299 3817 2391 3875 οὖν
2420 3820 2522 3874 οὐκ
2555 3817 2709 3871 ἔσται
2745 3819 2953 3889 μήτηρ,
2986 3814 3273 3887 ὀμοούσιον
3294 3814 3460 3884 ἑαυτῇ
3487 3810 3563 3882 μὴ
3594 3809 3807 3864 τεκοῦ-

2205 3932 2305 3970 σα·
2359 3914 2392 3986 ἣ
2434 3913 2620 3984 μήτηρ
2663 3910 2795 3982 παρ’
2840 3908 3022 3963 αὐτῶν
3076 3905 3421 3978 καλουμένη,
3463 3902 3557 3957 τὸν
3611 3903 3798 3974 ἑαυτῇ

2204 4007 2324 4063 κατ’
2359 4005 2548 4060 οὐσίαν
2581 4003 2875 4074 ἐγέννησεν
2912 3998 3160 4072 ὃμοιον.]

2811 4202 3066 4260 ΚΕΦΛΛ.
3099 4201 3177 4255 Θ’.

2285 4304 2374 4367 Ὠς
2418 4300 2557 4371 βαθὺ
2605 4300 2667 4354 τὸ
2708 4299 2900 4371 χρῆμα
2952 4295 3061 4350 τῶν
3094 4292 3348 4357 ἐννοιῶν,
3391 4291 3540 4362 δεινὴ
3590 4288 3649 4343 δὲ
3697 4288 3812 4343 καὶ

2202 4394 2602 4463 δυσδιάφυκτος
2631 4390 2723 4444 τοῦ
2771 4389 2841 4442 τά
2878 4386 3059 4441 τοιάδε
3093 4384 3541 4457 συγγεγραφότος
3590 4381 3731 4451 ἡμῖν
3770 4382 3812 4452 ἡ

2203 4487 2269 4540 lx
2290 4485 2401 4540 τῶν
2431 4480 2804 4553 συλλογισμῶν
2835 4479 3050 4549 ἀνάγκη
3073 4476 3342 4545 φαίνεται.
3374 4472 3545 4527 Πόθεν
3566 4472 3702 4542 ἡμῖν
3729 4472 3815 4526 τὰ

510 4593 720 4650 quaeso,
758 4577 1023 4649 ejusmodi
1068 4575 1293 4632 fabellas
1341 4575 1597 4631 collectas
1640 4576 1846 4631 habens
1887 4576 1941 4631 in
1983 4590 2098 4631 me-

2205 4578 2386 4633 τοιάδε
2417 4574 2847 4648 συναγηγερκὼς
2874 4573 2953 4635 είς
2980 4569 3143 4642 μέσον
3172 4566 3309 4640 ἔρχῃ
3339 4564 3614 4635 μυθάρια;
3645 4560 3679 4631 ἢ
3710 4562 3818 4626 τίς

511 4670 658 4725 dium
692 4667 914 4738 prodis?
969 4675 1064 4721 aut
1092 4666 1344 4737 quisnam
1380 4681 1602 4736 prorsus
1637 4668 1691 4721 in
1724 4681 1844 4721 eam
1874 4676 2097 4722 senten-

512 4764 710 4816 tiarum
744 4759 1030 4814 stultitiam
1055 4770 1139 4813 est
1175 4759 1376 4827 lapsus,
1411 4769 1470 4813 ut
1496 4767 1646 4829 putet
1682 4774 1746 4814 ac
1786 4760 1931 4814 dicat
1962 4758 2098 4815 Uni-

512 4851 681 4922 geniti
711 4850 965 4905 deitatem
994 4866 1098 4905 non
1133 4866 1200 4905 ex
1232 4850 1393 4906 Patre
1419 4860 1545 4906 ante
1568 4850 1762 4906 saecula
1793 4851 2096 4904 subsisten-

514 4945 645 4999 tiam
676 4943 899 5009 habere,
930 4943 1024 4998 sed
1060 4952 1119 4996 ut
1162 4958 1287 4998 esse
1330 4943 1614 5013 inciperet,
1647 4957 1677 4997 a
1706 4957 1873 4998 carne
1897 4952 1951 4998 et
1974 4959 2099 4998 san.

512 5037 676 5108 guine
704 5036 917 5089 initium
942 5034 1260 5119 accepisse}
1282 5033 1417 5101 Quia
1448 5034 1588 5089 adeo
1635 5034 1884 5103 stupidus
1915 5043 1999 5090 est
2043 5044 2100 5089 et

514 5131 828 5199 imperitus,
877 5139 931 5185 et
983 5143 1263 5183 sacrarum
1313 5125 1643 5181 Litterarum
1702 5126 1861 5197 plane
1905 5127 2097 5185 rudis?

511 5223 644 5293 Quis
694 5240 799 5279 non
854 5222 1103 5278 meminit
1153 5219 1264 5291 29
1303 5219 1453 5276 Isaia:
1481 5216 1551 5274 de
1600 5217 1718 5291 ipso
1752 5222 2041 5278 clamantis
2080 5241 2097 5276 :

517 5334 537 5368 ι
578 5313 996 5370 Generationem
1042 5312 1162 5378 ejus
1208 5312 1331 5382 quis
1381 5312 1659 5367 enarrabit
1703 5313 1794 5367 "'?
1822 5332 1842 5366 ι
1875 5313 2099 5371 Joannis

512 5409 676 5464 etiam
711 5417 899 5479 aperte
946 5406 1239 5463 scribentis
1273 5422 1287 5459 :
1341 5422 1360 5455 ι
1392 5402 1446 5458 1η
1484 5405 1754 5475 principio
1799 5416 1922 5462 erat
1973 5404 2098 5461 Ver-

509 5499 665 5567 bum,
719 5512 774 5555 et
830 5500 1064 5554 Verbum
1108 5507 1226 5553 erat
1268 5497 1408 5567 apud
1461 5498 1650 5563 Deum,
1699 5509 1751 5554 et
1788 5497 1929 5554 Deus
1978 5509 2099 5554 erat

512 5588 749 5649 Verbum
784 5609 800 5648 :
838 5590 1018 5646 omnia
1047 5605 1145 5659 per
1177 5589 1353 5658 ipsum
1381 5587 1527 5643 facta
1561 5598 1707 5655 sunt,
1736 5599 1793 5645 et
1826 5591 1945 5648 sine
1978 5591 2096 5661 ipso

511 5680 713 5737 factum
739 5689 827 5735 est
854 5681 985 5736 nihil
1013 5680 1098 5732 7"1'
1129 5699 1147 5728 ι
1188 5679 1341 5747 Quod
1367 5678 1410 5734 si
1437 5682 1616 5735 omnia
1654 5696 1754 5753 per
1783 5682 1979 5752 ipsum,
2005 5684 2095 5753 qui

580 5820 626 5853 ⁷³
652 5818 755 5876 lsa.
787 5832 903 5885 ιιιι,
941 5815 995 5871 8.
1070 5815 1116 5849 τι
1139 5814 1294 5873 Joan.
1329 5831 1368 5882 ι,
1400 5815 1516 5872 1-5.

2205 4671 2343 4734 ὅλως
2370 4667 2611 4740 ἀμαθίας
2643 4667 2724 4729 είς
2754 4662 2913 4718 τοῦτο
2945 4657 3283 4715 κατωλισθεν
3310 4653 3551 4717 ἐννοιῶν,
3576 4652 3651 4714 ὼς
3680 4652 3774 4704 of;
3796 4680 3817 4690 -

2208 4761 2335 4817 σθαι
2366 4776 2428 4814 τε
2470 4759 2564 4814 καὶ
2596 4757 2779 4827 λέγειν
2824 4754 2926 4825 τὴν
2955 4753 3186 4821 θεότητα
3219 4749 3315 4804 τοῦ
3352 4745 3699 4816 Μονογενοῦς
3740 4748 3817 4798 οὐ

2208 4853 2541 4925 προαιόΝιον
2573 4850 2720 4921 ἔχειν
2751 4849 2852 4919 τὴν
2880 4845 3116 4918 ὓπαρξιν
3152 4846 3215 4897 ὲκ
3245 4841 3481 4914 Πατρὸς,
3529 4837 3707 4925 ἀρχὴν
3749 4840 3822 4893 δὲ

2206 4923 2416 5017 μάλλον
2443 4944 2543 5013 τῆς
2572 4944 2653 5005 είς
2696 4940 2757 4994 τὸ
2784 4937 2925 4993 εἶναι
2947 4936 3182 5007 παρόδου
3212 4935 3390 5005 σάρκα
3419 4949 3477 4984 τε
3518 4932 3613 4984 καὶ
3651 4923 3826 5001 αἷμα

2206 5035 2427 5101 λαϐεῖν;
2471 5035 2567 5099 Τίς
2606 5033 2780 5095 οὕτως
2828 5029 3219 5101 ἑμϐρόντητος,
3273 5026 3368 5079 καὶ
3407 5019 3827 5092 ὀλιγογνώμων

2207 5130 2345 5193 ἐστὶ,
2382 5128 2477 5184 καὶ
2503 5128 2614 5182 τῶν
2646 5125 2805 5198 ἱερῶν
2834 5121 3187 5194 Γραμμάτων
3216 5119 3446 5189 ἀνήκοος
3476 5113 3777 5178 παντελῶς
3807 5134 3828 5180 ;

2206 5221 2304 5286 Τίς
2334 5221 2397 5275 οὐ
2418 5218 2787 5292 διαμέμνηται
2824 5212 3247 5285 διακεκραγότος
3279 5209 3377 5280 μὲν
3410 5208 3636 5262 Ἡσαΐου
3667 5210 3834 5280 περὶ

2208 5310 2373 5365 αὐτοῦ
2391 5328 2405 5342 ·
2437 5329 2456 5361 ‹
2488 5309 2600 5380 Τὴν
2625 5307 2821 5376 γενεὰν
2851 5304 3016 5359 αὐτοῦ
3044 5304 3128 5367 τίς
3155 5303 3507 5372 διηγήσεται;
3538 5317 3557 5350 ι
3585 5297 3837 5367 Γεγρα-

2209 5404 2368 5471 φότος
2391 5401 2447 5455 δὲ
2486 5400 2582 5454 καὶ
2627 5399 2878 5454 Ἰωάννου
2914 5394 3135 5464 σαψῶρ
3177 5413 3195 5444 t
3238 5392 3327 5445 Ἐν
3364 5391 3507 5462 ἀρχῇ
3537 5383 3606 5460 ἦν
3633 5390 3661 5440 6
3697 5389 3841 5442 Λό-

2207 5511 2322 5561 γος,
2358 5493 2453 5547 καὶ
2490 5494 2520 5546 6
2565 5491 2738 5560 Λόγος
2762 5485 2832 5561 ἦν
2880 5488 3017 5559 πρὸς
3049 5485 3141 5538 τὸν
3168 5484 3321 5547 Θεὸν,
3369 5482 3466 5535 καὶ
3498 5479 3633 5542 Θεὸς
3665 5472 3754 5548 ἦν
3798 5484 3841 5535 ὁ

2207 5586 2414 5655 Λόγος·
2455 5582 2636 5637 πάντα
2676 5582 2744 5635 δι’
2782 5579 2949 5635 αὑτοῦ
2990 5576 3227 5647 ἐγένετο,
3269 5574 3365 5628 καὶ
3413 5571 3586 5643 χωρὶς
3626 5569 3837 5627 αὑτοῦ

2207 5678 2428 5748 ἐγένετο
2453 5677 2572 5731 οὐδὲ
2601 5675 2660 5729 ’ἐν
2680 5692 2696 5743 ;
2720 5694 2737 5726 ι
2775 5674 2886 5727 Καὶ
2933 5672 2981 5724 εί
3010 5669 3189 5725 πάντα
3215 5666 3281 5722 δι’
3321 5664 3510 5735 αὐτοῦ,
3538 5662 3657 5726 πῶς
3687 5664 3842 5720 τῶν
