4150 6434
458 372 531 426 5'!
1624 369 2001 429 ADVERSUS
2038 370 2445 430 NESTORIUM
2484 373 2614 431 LIB.
2660 374 2725 430 11.
3446 371 3451 376 ’
3697 370 3766 425 58

459 492 533 546 δι’
583 488 775 548 αὑτοῦ·
808 491 1123 560 γεγονότων
1168 491 1583 563 ὀψιγενὼτερος
1630 494 1719 564 εἴη
1762 497 1831 547 ἂν
1886 494 1914 547 ό
1959 494 2068 564 πρὸ

2178 494 2288 551 lieri
2323 503 2503 565 potest
2533 505 2591 551 ut
2639 497 2802 551 rebus
2832 509 2933 564 per
2958 494 3138 566 ipsum
3185 490 3345 547 factis
3378 489 3448 545 sit
3498 497 3623 544 natu
3671 503 3762 556 po-

463 582 678 647 παντὸς
707 583 930 648 αἰῶνος.
956 584 1052 638 καὶ
1074 584 1283 655 χρόνων
1307 601 1323 650 ;
1355 584 1420 636 Τί
1441 583 1623 638 τοίνυν
1645 585 1708 637 τὸ
1737 587 1904 640 πᾶσιν
1934 586 2069 639 ἀπό·

463 672 697 745 ϐλητον,
733 674 810 738 ὡς
841 674 1159 745 εἰρημένον,
1188 675 1495 744 εἰσφέρεις;
1535 674 1753 729 Παῦσαι
1795 692 2068 745 συκοφαν-

466 766 582 819 τῶν
605 768 736 830 τοὺς
770 766 840 818 τὰ
866 766 981 838 [Ion
1015 766 1080 819 τὰ
1111 765 1201 838 σά]
1233 767 1457 830 δικαίως
1484 767 1943 836 ὲπαιτιωμένους,
1975 769 2071 822 καὶ

466 858 574 928 τῆς
597 860 659 910 ἐν
683 858 868 920 αὐτοῖς
888 858 1132 929 ἀμαθίας
1156 859 1523 926 διαγελῶντας
1560 859 1621 911 τὸ
1658 860 1905 929 μέγεθος.
1941 861 2070 914 Ὅτε

468 950 662 1003 τοίνυν
704 950 881 1012 οὐδεὶς
918 953 948 1003 ὁ
980 950 1157 1019 λέγων
1201 950 1372 1014 ἐστὶν,
1405 950 1481 1014 ὡς
1519 952 1836 1005 ὲπιτέτοκεν
1862 955 1894 1020 ἡ
1918 954 2069 1023 Παρ-

471 1041 633 1103 θένος
661 1044 725 1095 ἐκ
774 1042 876 1111 τῆς
914 1043 1051 1106 ἰδίας
1087 1042 1290 1114 σαρκὸς
1319 1042 1418 1112 τὴν
1459 1042 1559 1110 τῆς
1597 1043 1854 1114 θεότητος
1889 1042 2069 1112 φύσιν,

474 1133 558 1203 μὴ
583 1132 857 1186 διατείνου
890 1132 1093 1203 μάτην,
1122 1132 1420 1200 λογισμοὺς
1441 1134 1572 1202 ἡμῖν
1596 1133 1942 1195 ἀναπλέκων,
1974 1135 2074 1187 οῦκ

474 1223 537 1287 ἐξ
570 1223 813 1292 ἀληθῶν,
866 1224 962 1276 καὶ
1012 1223 1220 1277 ἅπασιν
1270 1224 1725 1294 ὁμολογουμένων
1780 1226 2073 1294 γεγονότας

473 1315 814 1385 λημμάτων.
839 1314 906 1367 Τί
935 1313 993 1368 δέ
1028 1332 1087 1368 σε
1119 1314 1181 1367 τὸ
1211 1316 1501 1379 πεπεικὺς,
1528 1317 1762 1388 ἀκρατῆ,
1797 1318 1891 1370 καὶ
1928 1317 2072 1370 ἀπύ-

472 1406 653 1461 λωτον
698 1405 843 1460 οὕτω
895 1405 1129 1477 χαλάσαι
1174 1405 1271 1476 τὴν
1327 1406 1576 1476 γλῶτταν
1607 1408 1751 1462 κατά
1796 1408 1907 1461 τῶν
1937 1408 2075 1479 ὀρθά

474 1503 706 1572 φρονεῖν
742 1499 1233 1564 διεσπουδακότων,
1271 1499 1367 1553 καὶ
1398 1500 1602 1563 παντὸς
1636 1501 1732 1555 τοῦ
1776 1501 2073 1572 σεϐομένου

471 1592 618 1646 Θεοῦ
659 1592 774 1664 [ισ.
803 1590 960 1663 Θεὸν]
997 1591 1252 1662 ἔγκλημα
1284 1592 1550 1661 καταχέαι
1600 1590 1772 1646 δεινὸν
1803 1592 1900 1647 καὶ
1931 1608 2074 1661 παγ-

471 1684 765 1755 ldis—30v;
809 1685 988 1754 Ἔφης
1021 1684 1132 1753 γὰρ
1165 1683 1330 1737 πάλιν
1360 1686 1449 1739 ἐπ’
1476 1684 1813 1755 Ἐκκλησίας
1840 1702 1855 1716 θ

549 1770 765 1847 [Εἶπον
792 1775 848 1828 δὲ
899 1776 999 1846 ἠδη
1035 1775 1380 1841 πλειστάκις,
1426 1778 1510 1831 ὅτι
1551 1778 1605 1831 ετ
1634 1796 1718 1842 τις
1765 1778 1797 1849 ἢ
1846 1780 1906 1831 ὲν
1947 1777 2077 1849 ὑμῖν

472 1866 871 1938 ἀφελέστερος,
892 1867 946 1921 ετ
968 1884 1031 1921 τε
1060 1868 1121 1920 ὲν
1156 1868 1341 1933 ἄλλοις
1366 1871 1502 1934 τισὶ,
1532 1870 1714 1942 χαίρει
1730 1872 1797 1941 τῇ
1824 1870 1918 1923 τοῦ
1949 1870 2080 1924 Θεοο

470 1958 642 2022 τόκος
670 1961 850 2030 φωνῇ,
881 1960 1009 2029 ἐμοὶ
1048 1961 1187 2031 πρὸς
1229 1960 1329 2031 τὴν
1357 1961 1543 2033 φωνὴν
1574 1961 1770 2030 φθόνος
1790 1962 1892 2015 οὐκ
1927 1962 2075 2016 ἔστι·

475 2053 643 2121 μόνον
678 2051 756 2123 μὴ
789 2052 1017 2106 ποιείτω
1050 2053 1150 2123 τὴν
1182 2054 1462 2126 Παρθένον
1495 2054 1671 2125 eadm]

1097 2167 1353 2221 ΚΕΦΑΛ.
1395 2169 1452 2221 l'.

543 2280 722 2333 Πάλιν
749 2281 885 2351 ἡμῖν
909 2280 1238 2353 διαλοιδορῇ,
1274 2283 1368 2336 καὶ
1399 2282 1597 2355 πικρὸν
1632 2283 1806 2347 οὕτως
1838 2282 2077 2355 ὲπιθήσῃ
2145 2335 2147 2338 ι

472 2371 588 2446 [ἴον.
627 2371 939 2445 ἑπιθήγεις]
980 2373 1175 2444 στόμα,
1209 2374 1491 2439 ὀνειδίζεις
1528 2374 1585 2428 δὲ
1623 2376 1720 2447 τὴν
1749 2376 2079 2448 Συναγωγὴν

466 2466 714 2536 Κυρίου,
764 2465 911 2519 κατά
952 2466 1015 2518 τὸ
1064 2467 1493 2538 γεγραμμένον;
1541 2469 1683 2521 Ἀλλ’
1714 2470 1874 2539 ἡμεῖς
1918 2486 2005 2538 γε.
2032 2465 2078 2524 ὧ

474 2556 618 2622 ’τᾶν,
645 2558 699 2611 οἱ
726 2550 991 2611 Θεοτόκόν
1025 2557 1278 2626 λέγοντες
1300 2561 1475 2629 αὐτήν
1495 2576 1508 2590 ·
1532 2559 2002 2632 τεθεοποιήκαμεν
2022 2559 2079 2614 δὲ

471 2649 670 2704 οὐδένα
710 2648 935 2703 πώποτε
976 2649 1084 2703 τῶν
1117 2650 1419 2705 τελούντων
1462 2655 1521 2705 ὲν
1570 2653 1863 2723 κτίσμασι·
1898 2670 2081 2707 κατει-

470 2742 721 2812 θίσμεοα
761 2743 820 2796 δὲ
853 2743 988 2798 Θεὸν
1041 2744 1243 2797 εἰδέναι
1300 2744 1394 2797 τὸν
1432 2744 1575 2809 ¹ἕνα,
1623 2746 1719 2798 καὶ
1761 2746 1947 2814 φύσει,
1984 2747 2079 2801 καὶ

467 2834 734 2906 ἀληθῶς·
793 2834 957 2904 ἴσμεν
1004 2834 1061 2888 δὲ
1091 2835 1378 2906 ἄνθρωπον
1427 2832 1593 2890 οὖσαν
1644 2837 1766 2890 καθ’
1803 2838 1949 2908 ἡμᾶς
1979 2837 2078 2905 τὴν

471 2926 767 2998 μακαρίαν
798 2926 1102 2998 Παρθένον.
1146 2926 1360 3001 Ἀλώσῃ
1386 2928 1444 2980 δὲ
1468 2929 1563 2982 καὶ
1592 2929 1693 2982 οὐκ
1721 2930 1800 2992 εἰς
1836 2931 2076 3001 μακρὰν,

465 3019 769 3090 ἄνθρωπον
800 3021 933 3091 ἡμῖν
966 3020 1238 3092 θεοφόρον
1272 3021 1593 3090 ἀποφαίνων
1633 3021 1796 3085 αὐτὸς
1818 3022 1909 3074 τὸν
1947 3023 2080 3091 Ἐμ-

472 3110 758 3181 μανουὴλ,
786 3110 885 3163 καὶ
908 3109 1019 3163 τῶν
1054 3109 1165 3165 σῶν
1188 3111 1639 3183 ἐπιχειρημάτων
1667 3110 1768 3182 τὴν
1805 3112 2079 3184 κατάρρη-

470 3220 561 3256 σιν
589 3200 866 3266 ἐπιτιθεὶς
895 3201 1093 3274 ἑτέρῳ.

742 3436 1132 3523 ΤΟΜΟΣ
1212 3434 1810 3523 ΔΕΥΤΕΡΟΣ.

560 3603 636 3658 Ἥ
668 3601 898 3673 γλῶσσα
935 3603 1033 3673 μὲν
1061 3601 1196 3674 πῦρ,
1215 3604 1310 3657 καὶ
1335 3601 1715 3672 ἀκατάσχετόν
1743 3603 1860 3655 ἐστι
1889 3602 2081 3667 κακὸν,

472 3696 633 3751 καθὰ
683 3695 1002 3767 γέγραπται
1023 3712 1038 3726 ·
1069 3695 1199 3750 τάδε
1230 3694 1485 3749 ἐντεῦθεν
1512 3694 1685 3765 βλάση
1723 3695 2084 3766 διωθούμενος

471 3790 508 3842 ὁ
537 3786 837 3849 θεσπέσιος
859 3785 1054 3856 ψάλλει
1083 3785 1250 3841 Δαὸίδ
1268 3801 1284 3815 ⁸
1310 3805 1328 3839 ε
1353 3786 1484 3852 Θοῦ,
1506 3784 1701 3856 Κύριε,
1732 3785 1978 3857 φυλακὴν
2006 3785 2085 3856 τῷ

475 3877 726 3949 στόματί
756 3894 883 3947 μου,
903 3878 1000 3931 καὶ
1031 3878 1205 3949 θύραν
1228 3878 1494 3950 περιοχῆς
1515 3878 1644 3948 περὶ
1668 3877 1736 3930 τὰ
1760 3877 1912 3949 χείλη
1947 3893 2052 3948 μου
2069 3894 2083 3907 ·

476 3968 562 4041 μὴ
596 3968 861 4039 ἐκκλίνῃς
894 3968 995 4036 τὴν
1026 3967 1260 4038 καρδίαν
1293 3983 1395 4037 μου
1432 3969 1514 4030 είς
1555 3967 1751 4036 λόγους
1795 3966 2084 4036 πονηρίας,

416 4060 427 4071 ⁸
471 4057 578 4113 τοῦ
607 4056 1052 4130 προφασίζεσθαι
1077 4057 1386 4128 προφάσεις
1410 4059 1470 4111 ὲν
1499 4057 1819 4128 ἁμαρτίαις.
1839 4076 1860 4109 ι
1883 4057 1957 4110 Τδ
1989 4057 2088 4128 μὲν

472 4152 595 4223 γὰρ
620 4151 919 4220 εὐστομεῖν
946 4147 1232 4213 δύνασθαι,
1265 4148 1360 4202 καὶ
1388 4147 1593 4219 ἀκριϐῆ
1627 4146 1729 4218 τὴν
1761 4147 2087 4218 ἐπι-τήρησιν

471 4246 577 4298 ἐπὶ
610 4241 870 4312 γλώττης
897 4240 1066 4311 ἔχειν,
1103 4234 1180 4294 ὧν
1228 4239 1295 4294 ἂν
1329 4239 1503 4312 δεήσῃ
1529 4238 1732 4307 λέγειν,
1765 4238 1799 4310 ἢ
1834 4238 1931 4309 μὴ,
1963 4238 2087 4292 θεό-

471 4334 641 4389 δοτον
670 4330 891 4401 ἀληθῶς
909 4331 996 4401 είη
1029 4330 1125 4385 ἄν·
1161 4330 1257 4383 καὶ
1282 4328 1344 4382 τὸ
1365 4327 1560 4399 χρῆμά
1587 4329 1736 4381 ἐστιν
1768 4326 1870 4381 οὐκ
1900 4328 1959 4380 ὲν
1996 4340 2088 4397 με·

476 4425 608 4498 κρῷ
642 4425 814 4495 λόγῳ,
866 4423 1020 4495 παρά
1051 4439 1117 4492 γε
1169 4424 1286 4485 τοῖς
1340 4420 1442 4474 οὐκ
1485 4417 1844 4490 ἀθαύμαστον
1892 4420 2086 4490 ἐπιτη-

2174 587 2391 650 sterior,
2422 589 2516 656 qui
2552 596 2680 641 ante
2706 587 2891 642 omnia
2925 587 3122 642 smcula
3171 595 3226 639 et
3260 593 3503 653 tempora
3535 595 3767 650 praeces-

2174 677 2281 732 sit?
2310 678 2447 745 Quid
2475 679 2642 748 igitur
2661 679 2805 747 quod
2835 679 2903 731 ab
2924 678 3179 731 omnibus
3201 674 3469 742 reﬁcitur,
3502 683 3763 738 tanquam

2173 768 2243 822 sit
2277 772 2476 823 dictum
2508 769 2733 826 defers?
2767 768 2965 822 Desine
3015 782 3111 821 eos
3141 763 3463 819 calumniari
3508 761 3599 832 qui
3639 761 3764 830 jure

2175 867 2264 911 tua
2289 868 2564 924 accusant,
2590 870 2645 914 et
2672 874 2923 928 magnam
2957 858 3009 910 in
3050 856 3155 909 illis
3184 854 3470 908 stultitiam
3504 853 3751 906 irrident.

2146 950 2311 1009 .Cum
2357 954 2535 1021 itaque
2580 968 2738 1006 netnu
2774 954 2842 1006 sit
2882 952 2972 1019 qui
3006 948 3172 1012 dicat,
3219 948 3428 1001 beatam
3478 943 3753 1011 Virginem

2175 1060 2239 1096 ex
2292 1058 2389 1098 sua
2436 1059 2600 1099 carne
2647 1044 2947 1099 divinitatis
2993 1051 3240 1094 naturam
3294 1037 3605 1107 peperisse,
3654 1035 3762 1089 noli

2176 1134 2375 1191 frustra
2411 1137 2660 1191 laborare
2687 1146 2745 1189 ut
2779 1134 3227 1189 ratiocinationes
3266 1131 3423 1184 nobis
3456 1129 3669 1182 intexas
3696 1141 3764 1180 ex

2178 1230 2636 1297 Suppositionibus
2652 1243 2823 1297 neque
2845 1227 3189 1294 veris,neque
3213 1223 3353 1291 apud
3366 1236 3555 1276 clunes
3573 1220 3758 1273 certis.

2177 1323 2308 1388 Qua:
2342 1337 2469 1376 vero
2498 1337 2659 1376 causa
2691 1331 2744 1374 te
2780 1319 3016 1388 impulit,
3047 1327 3107 1371 ut
3135 1318 3373 1387 linguam
3409 1314 3545 1368 adeo
3587 1313 3758 1381 impo-

2180 1425 2377 1470 tentem
2402 1423 2459 1469 et
2481 1414 2799 1469 elfrenatam
2833 1414 3049 1467 laxares
3080 1411 3340 1465 adversus
3365 1421 3457 1461 eos
3487 1406 3575 1475 qui
3610 1413 3758 1459 recta

2178 1523 2371 1576 sapere
2417 1507 2773 1571 studuissent,
2802 1515 2858 1560 et
2887 1504 3144 1559 omnibus
3182 1501 3275 1556 Dei
3315 1500 3614 1555 cultoribus
3651 1497 3763 1551 cri-

2178 1615 2301 1654 men
2325 1599 2561 1654 inferres
2581 1613 2770 1669 grave,
2797 1607 2852 1652 et
2879 1597 3122 1650 omnium
3150 1590 3599 1649 atrocissimum?
3630 1588 3764 1643 Nam

2178 1708 2368 1747 rursus
2400 1693 2452 1746 in
2487 1692 2730 1746 Ecclesia
2766 1690 2948 1745 dixisti
2982 1708 2996 1744 :

2251 1783 2530 1858 [Νεετοιι.
2565 1784 2680 1838 Dixi
2713 1783 2826 1852 jam
2848 1781 3068 1849 saepius,
3111 1780 3156 1835 si
3190 1779 3313 1849 quis
3340 1776 3481 1832 inter
3509 1790 3604 1830 vos
3635 1774 3769 1828 sim-

2184 1876 2399 1944 plicior,
2469 1877 2586 1930 sive
2646 1875 2789 1929 inter
2829 1885 3182 1943 quoscunque
3243 1871 3381 1926 alios
3461 1883 3591 1923 voce
3640 1867 3765 1930 hac,

2183 1968 2273 2023 Dei
2307 1968 2564 2036 genitrix,
2616 1968 2833 2037 gaudet,
2892 1964 3034 2032 apud
3084 1978 3172 2018 me
3205 1962 3349 2017 nulla
3398 1969 3481 2015 est
3515 1960 3582 2013 de
3632 1971 3769 2013 voce

2183 2059 2489 2116 dissensio:
2519 2068 2737 2114 tantum
2775 2073 2842 2113 ne
2868 2055 3144 2126 Virginem
3180 2054 3338 2109 deam
3403 2048 3625 2107 faciat.i

2858 2168 3013 2226 CAP.
3038 2167 3109 2223 Χ.

2254 2285 2464 2341 Rursus
2523 2284 2683 2340 nobis
2739 2282 3085 2346 conviciaris,
3133 2292 3191 2337 et
3250 2281 3646 2336 amarulentum
3703 2293 3770 2336 os

2180 2378 2383 2448 inﬁgis,
2427 2377 2727 2444 exprobras
2758 2377 2923 2431 etiam
2966 2375 3225 2430 Ecclesia:
3257 2373 3493 2439 Domini,
3539 2382 3596 2428 ut
3628 2374 3768 2427 scri-

2181 2480 2330 2541 ptum
2360 2478 2444 2524 cst
2476 2469 2564 2523 7'?
2596 2468 2794 2524 Verum
2857 2483 2978 2533 nos,
3016 2483 3049 2523 ο
3079 2467 3164 2522 vir
3188 2467 3424 2537 egregie,
3477 2467 3568 2536 qui
3620 2465 3768 2519 illam

2185 2563 2276 2618 Dei
2312 2562 2633 2635 genitricem
2659 2563 2910 2625 dicimus,
2944 2563 3214 2615 neminem
3242 2574 3480 2626 unquam
3512 2559 3602 2627 qtti
3628 2559 3769 2612 inter

2179 2666 2463 2711 creaturas
2496 2665 2833 2719 censeretur,
2880 2653 3046 2708 Deum
3086 2650 3355 2713 fecimus;
3409 2658 3571 2718 atque
3627 2648 3769 2703 hunc

2179 2763 2387 2803 morem
2441 2757 2707 2814 tenemus,
2757 2755 2818 2800 ut
2874 2746 3042 2799 Deum
3102 2744 3341 2799 sciamus
3414 2742 3564 2796 illum
3600 2756 3766 2794 unum

2180 2852 2236 2897 et
2297 2850 2493 2895 natura
2540 2848 2597 2894 et
2648 2854 2777 2895 vere
2815 2838 2983 2893 Deum
3020 2855 3034 2891 :
3065 2838 3272 2892 scimus
3331 2835 3501 2890 etiam
3556 2834 3769 2888 beatam

2180 2933 2326 2988 illaut
2383 2932 2660 3003 Virginem
2717 2932 2991 2985 hominem
3042 2929 3208 2985 fuisse
3274 2928 3444 2982 nostri
3507 2926 3763 2981 similem.

2185 3025 2289 3080 Sed
2329 3024 2441 3094 ipse
2469 3039 2568 3079 nec
2596 3024 2766 3078 multo
2797 3032 2919 3093 post
2963 3020 3388 3091 deprehenderis
3436 3019 3612 3087 ipsum
3647 3017 3772 3070 Eut-

2184 3112 2486 3167 manuelem
2543 3113 2818 3167 hominem
2889 3110 3045 3165 nobis
3102 3109 3375 3164 Dciferum
3453 3107 3771 3176 praedicare,

2109 3198 2152 3254 C
2190 3215 2513 3274 tuorumque
2564 3213 3011 3274 argumentorum
3059 3199 3565 3256 condemnationem
3614 3197 3775 3256 alteri

2186 3295 2445 3352 tribuere.

2397 3445 2807 3540 TOMUS
2878 3443 3549 3535 SECUNDUS.

2257 3600 2574 3670 Estlingua,
2608 3597 2752 3652 sicut
2787 3596 3048 3665 scriptum
3084 3604 3167 3650 est
3195 3594 3261 3660 ⁷⁸,
3299 3593 3457 3663 ignis,
3509 3599 3564 3648 ct
3612 3590 3778 3647 effre-

2185 3700 2373 3746 natum
2420 3688 2642 3755 malum,
2692 3685 2849 3752 cujus
2879 3697 2939 3740 ut
2987 3686 3329 3741 incommoda
3360 3685 3557 3739 vitaret
3592 3684 3776 3753 psallit

2187 3784 2378 3839 beatus
2406 3780 2572 3836 David
2604 3798 2619 3835 :
2657 3798 2676 3832 ι
2708 3779 2875 3846 Pone,
2903 3779 3151 3844 Domine,
3171 3779 3470 3833 custodiam
3508 3777 3589 3832 ori
3633 3792 3776 3841 meo.

2164 3885 2242 3930 -et
2271 3875 2469 3930 ostium
2500 3871 2933 3927 circnmstautire
2976 3871 3133 3925 labiis
3167 3858 3304 3924 meis
3344 3887 3358 3924 :
3392 3884 3497 3923 non
3538 3870 3776 3923 declines

2187 3982 2285 4022 eor
2329 3980 2505 4019 meum
2540 3965 2593 4018 in
2636 3964 2801 4017 verba
2837 3963 3081 4028 malitiae,
3135 3963 3202 4015 ad
3238 3961 3581 4015 excusandas
3610 3976 3773 4015 excu-

2164 4057 2430 4113 sationes
2461 4054 2512 4108 in
2538 4054 2777 4124 peccatis
2808 4054 2877 4107 ".
2913 4072 2933 4106 ι
2970 4052 3106 4106 Nam
3142 4063 3295 4107 recte
3319 4051 3640 4118 oris,ol!icio
3675 4053 3777 4118 uti,

2187 4158 2241 4203 et
2269 4146 2511 4217 diligenti
2553 4149 2807 4201 cautione
2846 4145 3118 4198 moderari
3146 4144 3388 4215 linguam
3436 4146 3778 4199 observando

2168 4238 2317 4308 .quid
2349 4235 2636 4291 dicendum
2682 4235 2776 4299 sit,
2824 4234 2934 4305 30
2972 4235 3101 4305 quid
3134 4235 3495 4299 reticendum,
3533 4233 3776 4289 divinum

2189 4328 2347 4400 plane
2398 4342 2596 4381 munus
2618 4336 2726 4388 est.
2777 4336 2833 4381 et
2884 4342 2974 4380 res
3034 4327 3176 4381 haud
3219 4326 3657 4395 Parvipeudemla
3712 4325 3778 4379 iis

2188 4430 2338 4476 certe
2382 4420 2473 4489 qui
2526 4434 2650 4474 cum
2702 4419 2860 4473 laude
2929 4419 3098 4471 vitam
3148 4419 3373 4482 ducere-
3416 4419 3636 4472 stmlent
3676 4438 3688 4472 :
3722 4424 3778 4470 ut

475 4518 709 4572 δεύουσι
742 4515 1045 4569 πολιτείαν.
1062 4514 1137 4567 Τό
1163 4530 1228 4582 γε
1254 4511 1360 4584 μὴν
1387 4510 1625 4583 προαλὲς
1644 4510 1723 4574 είς
1742 4509 1966 4578 λόγους,
1989 4511 2080 4565 καὶ

2188 4521 2399 4575 contra,
2426 4510 2513 4564 illa
2544 4525 2789 4580 praeceps
2818 4510 2870 4563 in
2902 4510 3175 4578 loquendo
3199 4510 3503 4569 temeritas.
3541 4516 3595 4561 et
3618 4506 3777 4561 eﬂ‘rc-

475 4611 550 4665 τὸ
576 4609 837 4681 ἀχάλινον
862 4608 942 4671 είς
967 4605 1280 4677 τερθρείας,
1316 4601 1561 4656 κινδύνου
1601 4600 1824 4673 μεστὸν,
1858 4600 1955 4653 καὶ
2000 4602 2083 4664 εἰς

477 4702 772 4773 πέταυρον
809 4699 936 4770 ᾅδου
970 4698 1084 4768 (l0)
1117 4695 1483 4765 κατακομίξει
1514 4694 1645 4756 τοὺς
1679 4691 2080 4763 κεχρημένους.

477 4795 813 4865 Γέγραπται
837 4792 917 4851 δὲ,
944 4790 1028 4843 ὅτι
1056 4788 1308 4852 θάνατος,
1341 4787 1437 4841 καὶ
1482 4786 1595 4856 ζωὴ
1626 4786 1685 4840 ὲν
1720 4787 1865 4858 χειρὶΙ
1904 4786 2083 4855 γλώσ-

476 4901 625 4956 σης·
654 4884 707 4935 oi
739 4882 795 4936 δὲ
831 4878 1165 4954 κρατοῦντες
1193 4878 1385 4947 αὐτῆς,
1421 4876 1629 4930 ἔδονται
1668 4877 1797 4941 τοὺς
1839 4878 2085 4950 καρποὺς

472 4970 1168 5047 αὐτῆς.-Προσπεφὼνηκε
1217 4969 1275 5023 δὲ
1306 4971 1403 5022 καὶ
1435 4968 1623 5041 ἕτερός
1668 4985 1753 5031 τις
1794 4971 1929 5041 ἡμῖν
1970 4970 2082 5024 τῶν

474 5067 713 5137 σοφῶν·
758 5085 777 5116 ι
814 5065 879 5118 Εἰ
912 5062 1013 5132 μὲν
1046 5061 1163 5115 ἔστι
1211 5078 1297 5115 σοι
1337 5060 1497 5129 λόγος
1526 5060 1817 5125 συνέσεως.
1853 5062 2084 5135 ἀποκρί-

471 5160 643 5230 θητιο
683 5159 733 5210 εί
779 5155 836 5209 δὲ
873 5155 972 5226 μὴ,
1020 5154 1146 5225 χεὶρ
1193 5152 1337 5206 ἔστω
1365 5153 1460 5207 ἐπὶ
1500 5151 1579 5223 τῷ
1627 5152 1856 5223 στόματί
1906 5171 2020 5209 σου.
2057 5174 2076 5206 ι

485 5244 779 5319 Ἀμαθοῦς
824 5244 936 5317 γάρ
990 5244 1153 5312 λόγου
1188 5241 1306 5306 πῶς
1343 5242 1445 5296 οὐκ
1487 5242 1732 5313 ἀμείνων
1778 5243 1812 5314 ή
1863 5246 2081 5316 σιωπή;

554 5425 604 5458 ⁷⁸
628 5423 650 5479 1
680 5423 817 5494 Reg.
846 5437 988 5487 xm,
1017 5420 1110 5476 45.

2190 4615 2350 4659 natus
2373 4605 2439 4659 ad
2482 4616 2654 4671 nugas
2712 4600 3066 4656 ell‘undendas
3121 4600 3355 4668 impetus
3399 4598 3642 4667 periculo
3673 4613 3777 4652 non

2189 4704 2365 4758 caret,
2389 4703 2446 4748 et
2484 4693 2538 4746 in
2595 4692 2958 4763 pra‘cipitium
3013 4691 3210 4746 inferni
3256 4691 3501 4745 homines
3536 4705 3600 4745 eo
3627 4707 3779 4746 more

2189 4787 2445 4858 prtedilos
2492 4785 2689 4842 defert.
2746 4785 3020 4854 Scriptum
3064 4795 3145 4839 est
3195 4784 3383 4847 etiam,
3435 4794 3667 4838 mortem
3716 4799 3779 4838 ac

2189 4881 2358 4935 vitam
2388 4892 2509 4934 esse
2544 4879 2597 4932 in
2632 4894 2794 4933 manu
2839 4878 3057 4947 linguae,
3096 4887 3152 4934 et
3195 4878 3287 4947 qui
3318 4877 3461 4931 illam
3496 4879 3776 4943 cohibent,

2190 4974 2354 5027 edere
2384 4970 2593 5026 fructus
2622 4973 2742 5041 ejus
2769 4971 2838 5025 ⁷⁸.
2870 4970 3019 5024 Alius
3044 4970 3211 5025 etiam
3244 4971 3469 5040 sapiens
3498 4986 3597 5023 nos
3647 4969 3779 5024 allo.-

2191 5071 2347 5115 cutus
2384 5068 2507 5116 est:
2563 5080 2581 5113 ι
2624 5060 2680 5116 Si
2717 5078 2904 5117 revera
2943 5070 3028 5117 est
3070 5062 3165 5116 tibi
3213 5077 3396 5117 sermo
3455 5062 3775 5131 prudentiae,

2191 5158 2502 5225 responde:
2534 5156 2618 5210 sin
2670 5157 2869 5219 minus,
2913 5170 3109 5209 manus
3142 5155 3214 5208 sit
3243 5154 3306 5208 ad
3360 5169 3422 5209 os
3472 5164 3622 5208 tuum
3643 5153 3710 5207 τ’.
3753 5172 3771 5204 ι

2191 5245 2327 5300 Nam
2379 5248 2544 5302 stulto
2586 5247 2825 5302 sermoni
2880 5246 3275 5316 prmferendum
3333 5259 3457 5301 esse
3502 5244 3778 5300 silentiunt

1188 5421 1237 5452 "
1256 5418 1373 5476 Jac.
1408 5434 1487 5487 ut,
1520 5419 1643 5476 5-8.
1725 5422 1770 5453 ⁷⁷
1794 5421 1938 5477 Psal.
1967 5438 2080 5489 CXL,

2206 5425 2260 5480 Ιι.
2338 5426 2385 5459 ⁷⁸
2412 5425 2572 5482 Prov.
2613 5442 2770 5493 xvnt,
2804 5427 2896 5481 21.
2973 5426 3021 5459 ⁷⁹
3050 5424 3218 5481 Eccli.
3252 5438 3302 5488 v,
3335 5424 3421 5477 H.

1771 5579 1932 5638 ANT.
1976 5582 2251 5641 AGELLII
2288 5584 2525 5641 ΝΟΤιΕ.

558 5742 676 5814 (I0)
703 5739 758 5794 in
772 5737 1100 5815 Proverbiis
1129 5736 1336 5815 esthoc
1358 5751 1551 5793 nomen
1580 5737 1815 5810 positum
1842 5753 1962 5809 cap.
2023 5754 2097 5815 ut,
2139 5756 2280 5799 vers.
2326 5741 2413 5810 18,
2441 5740 2530 5799 ubi
2556 5739 2748 5799 Latina
2777 5740 3158 5813 interpretatio
3190 5740 3354 5801 habet
3386 5759 3399 5798 :
3441 5739 3504 5798 Et
3547 5741 3602 5795 in
3637 5754 3762 5813 pro-

485 5807 672 5870 fundis
697 5812 895 5879 inferni
925 5808 1160 5863 conviva:
1190 5807 1322 5877 ejus.
