4150 6502
437 403 507 461 59
1423 397 1485 455 S.
1520 395 1797 454 CYRILLI
1836 396 2316 455 ALEXANDRINI
2354 396 2675 455 ARCBIEP.
3636 390 3706 448 60

437 517 525 572 cui
565 514 640 573 sit
687 513 967 572 dubium?
1013 512 1121 570 Res
1173 516 1506 571 exsecranda
1566 506 1837 588 praecipue
1869 530 2022 573 acer-

2134 518 2445 591 Ἐπάρατον
2472 517 2532 573 δὲ
2557 518 2654 571 καὶ
2676 515 2881 589 ἑτέρως
2906 514 2971 570 τδ
3003 513 3236 586 πικροὺς
3262 512 3586 585 έρεύγεσθαι
3622 513 3703 567 λό-

439 610 661 664 bitatem
688 606 975 661 verborum
1036 614 1307 671 eructare,
1350 614 1409 661 et
1446 606 1672 674 impium
1716 622 2023 664 sermnem

439 700 702 751 adversus
730 695 1056 750 ineffabilem
1093 695 1236 749 illam
1281 694 1506 766 gloriam
1537 695 1835 762 eﬂ'undere,
1859 713 2023 769 quam

442 785 715 855 perpetuis
744 802 772 839 a
836 786 990 840 nobis
1028 785 1288 840 celebrari
1336 785 1590 843 laudibus
1637 805 1850 857 {equum
1881 800 2021 845 erat.

442 876 740 933 Peccautes
803 889 982 931 autem
1009 878 1062 930 in
1118 876 1336 944 fratres,
1379 888 1433 932 ιιι
1462 881 1828 947 percutientes
1873 881 2025 935 inﬁr-

446 986 585 1022 maut
616 983 804 1023 eorum
857 970 1265 1036 conscientiam,
1309 970 1361 1023 in
1392 970 1665 1024 Christum
1713 987 2021 1041 peccamus.

444 1062 535 1115 Sic
568 1076 802 1130 namque
831 1059 1021 1114 beatus
1048 1060 1247 1116 Paulus
1287 1062 1505 1130 scripsit
1533 1063 1601 1116 ⁸⁸.
1634 1064 1787 1128 Quod
1817 1064 2023 1120 idcirco

444 1154 588 1216 dico,
616 1154 742 1221 quia
762 1154 812 1204 in
838 1154 1097 1219 cuiusdam
1134 1152 1297 1207 incidi
1324 1152 1556 1208 Nestorii
1579 1169 1860 1210 sermones
1880 1195 1896 1220 ,
1924 1171 2025 1212 nec

444 1245 817 1298 tantummodo
848 1242 995 1296 illum
1027 1258 1225 1311 negare
1278 1244 1435 1298 video
1493 1244 1772 1300 dicendam
1803 1262 1833 1300 a
1868 1247 2025 1302 nobis

445 1348 689 1390 sanctam
711 1334 856 1388 illam
890 1334 1164 1401 Virginem
1195 1350 1316 1390 esse
1339 1334 1434 1389 Dei
1467 1345 1787 1402 matrem,et
1812 1338 2027 1393 Emma-

445 1425 657 1479 nuelem
718 1426 991 1493 peperisse
1047 1424 1138 1494 qui
1174 1424 1316 1481 Deus
1348 1436 1492 1492 erat,
1519 1429 1614 1482 sed
1646 1429 1771 1485 aliis
1808 1444 2027 1502 quoque

447 1516 620 1569 modis
670 1514 869 1571 Christi
937 1515 1122 1585 gloriae
1193 1518 1472 1574 adversari
1543 1523 1853 1577 statuisse:
1900 1538 2024 1577 nam

445 1606 717 1663 Dciferum
749 1608 898 1662 illum
924 1609 1079 1662 nobis
1111 1617 1345 1664 conatur
1390 1612 1704 1678 ostendere,
1755 1628 1862 1668 non
1897 1600 2026 1670 vere

447 1695 639 1761 Deum,
697 1697 791 1751 sed
850 1698 1124 1753 hominem
1182 1700 1361 1768 potius
1422 1716 1544 1755 cum
1602 1702 1712 1757 Deo
1769 1714 2024 1772 tauquam

2123 627 2278 680 γους,
2314 610 2409 664 καὶ
2434 611 2536 681 τῆς
2568 609 2882 682 ἀπορρήτου
2917 607 3076 679 δόξης
3103 605 3368 677 καταχέαι
3390 605 3575 674 φωνὰς
3602 605 3702 667 τὰς

2124 702 2469 773 ἀλιτηρίους’
2521 699 2698 755 καίτοι
2739 698 2859 754 δέον
2900 696 3500 769 ἀκαταλήκτοιςηαύτὴν
3537 697 3704 765 εὐφη-

2128 795 2282 864 μίαις
2325 792 2828 862 καταγεραίρεσθαι
2878 791 3015 862 πρὸς
3053 789 3232 860 ἡμῶν.
3271 788 3704 860 ’Λμαρτάνοντες

2121 887 2180 941 δὲ
2208 888 2286 949 είς
2324 888 2451 949 τοὺς
2483 884 2769 954 ἀδελφοὺς,
2806 884 2901 937 καὶ
2924 882 3220 945 τύπτοντες
3250 880 3581 935 ἀσθενοῦταν
3605 878 3702 949 τὴν

2126 975 2449 1045 συνείδησιν,
2491 977 2571 1039 είς
2614 973 2848 1045 Χριστὸν
2880 974 3287 1043 ἁμαρτάνομεν.
3316 971 3565 1039 Γέγραφε
3593 970 3701 1041 γάρ

2122 1069 2295 1133 οὕτως
2323 1069 2353 1121 ὁ
2378 1068 2669 1130 θεσπέσιος
2692 1065 2925 1130 Παῦλος.
2949 1067 3058 1119 Kal.
3081 1065 3250 1119 ταῦτά
3272 1081 3436 1134 φημι,
3460 1064 3572 1123 τοῖς
3600 1062 3697 1113 Ns.

2126 1161 2342 1233 στορίου
2387 1160 2567 1228 λόγοις
2623 1156 3033 1228 ἐντετυχηκώς*
3072 1156 3168 1210 καὶ
3217 1156 3279 1209 ού
3330 1157 3488 1224 μόνον
3541 1153 3701 1206 αὐτὸν

2123 1253 2516 1322 ἀποφάσκοντα
2540 1250 2752 1321 βλέπων
2779 1249 2840 1302 τὸ
2868 1249 3064 1318 χρῆναι
3090 1247 3271 1316 λέγειν
3300 1248 3468 1317 ἡμᾶς,
3490 1246 3566 1308 ὡς
3587 1246 3700 1297 ἔστι

2129 1344 2229 1414 μὲν
2269 1343 2533 1405 Θεοτόκος
2559 1344 2593 1411 ἡ
2643 1342 2775 1411 ἀγία
2822 1339 3120 1410 Παρθένος,
3171 1338 3429 1391 ὲκτέτοκε
3467 1337 3524 1390 δὲ
3568 1335 3701 1388 Θεὸν

2124 1434 2253 1488 ὄντα
2296 1435 2388 1487 τὸν
2442 1430 2792 1502 Ἐμμανουήλ
2815 1469 2833 1495 ,
2885 1430 3023 1483 ἀλλά
3073 1428 3182 1499 γάρ
3222 1427 3303 1480 ἔτι
3355 1428 3493 1498 πρὸς
3527 1426 3702 1496 τούτῳ

2125 1525 2221 1577 καὶ
2248 1523 2371 1577 καθ’
2401 1524 2626 1595 ἐτέρους
2654 1521 2892 1594 τρόπους
2916 1522 2984 1590 τῇ
3021 1517 3260 1589 Χριστοῦ
3293 1516 3419 1588 δόξῃ
3445 1518 3701 1584 πολεμεῖν

2126 1616 2436 1685 έγνωκότα·
2474 1614 2746 1684 Θεοφόρον
2772 1612 2883 1682 γάρ
2918 1613 3050 1682 ήμῖν
3098 1610 3263 1664 αὐτὸν
3301 1611 3561 1678 πειρᾶται
3589 1609 3699 1662 δει-

2126 1708 2328 1773 κνύειν,
2355 1707 2448 1762 καὶ
2475 1707 2598 1777 οὐχὶ
2625 1705 2758 1759 Θεὸν
2786 1702 3025 1773 ἀληθῶς,
3046 1700 3331 1772 ἄνθρωπον
3358 1699 3415 1753 δὲ
3437 1699 3555 1769 Θεῷ
3580 1715 3704 1752 συν-

445 1787 756 1857 chualitate
787 1790 1066 1856 dignitatis
1123 1790 1492 1857 coniunctum.
1538 1793 1631 1848 Sic
1686 1809 1919 1864 namque
1949 1795 2022 1849 illi

2129 1801 2397 1873 ημμένον,
2419 1799 2495 1863 ὡς
2523 1800 2582 1852 έν
2620 1796 2825 1867 ίσότητι
2850 1796 2950 1866 τῆς
2994 1794 3172 1859 ἀξίας.
3200 1792 3358 1847 Οῦτω
3383 1793 3492 1862 γὰρ
3530 1790 3701 1860 αὐτῷ,

447 1888 502 1934 ct
529 1880 745 1949 quidem
775 1880 873 1935 soli
901 1882 1062 1936 aliter
1089 1891 1251 1951 atque
1280 1884 1535 1939 omnibus
1564 1886 1687 1940 aliis
1712 1886 2024 1943 hominibus

2129 1872 2224 1947 διαὶ
2251 1891 2418 1962 μόνῳ,
2445 1888 2599 1960 παρὰ
2632 1889 2841 1950 πάντας
2862 1888 2989 1948 τοὺς
3014 1884 3207 1946 ἄλλους
3234 1882 3382 1936 δοκεῖ
3405 1883 3620 1952 φρονεῖν
3641 1895 3702 1933 τε

446 1970 649 2025 sentire
673 1987 735 2024 ac
758 1972 936 2026 dicere
954 1973 1148 2041 placet,
1178 1976 1429 2042 quamvis
1461 1978 1730 2032 catholica
1760 1978 2026 2047 Ecclesia,

446 2076 608 2130 quam
656 2062 758 2115 sibi
807 2064 920 2129 ipse
950 2061 1203 2119 Christus
1240 2067 1578 2135 exhibuit“,
1614 2085 1772 2139 rugas
1793 2071 2028 2127 hominis

446 2155 535 2222 qui
573 2154 698 2208 talia
736 2156 1084 2225 conscripsit,
1126 2173 1232 2211 non
1277 2157 1496 2224 habeat,
1529 2175 1652 2215 cum
1703 2162 1776 2216 sit
1832 2163 2029 2216 imma-

446 2245 646 2309 culata,
664 2255 717 2300 et
741 2246 883 2300 illius
896 2249 1455 2317 cognitionemomnis
1481 2266 1706 2318 prorsus
1736 2255 2028 2321 reprehen-

444 2333 616 2387 sionis
638 2344 915 2401 eXpertem
940 2345 1139 2398 teneat,
1170 2351 1231 2389 ac
1264 2336 1387 2392 fidei
1434 2341 1781 2396 traditionem
1835 2344 2026 2397 rectis-

2129 1982 2225 2036 καὶ
2250 1981 2459 2049 λέγειν’
2490 1980 2670 2034 καίτοι
2688 1978 2788 2047 τῆς
2816 1975 3113 2045 καθολικῆς
3141 1971 3485 2041 Ἐκκλησίας,
3509 1974 3574 2042 ήν
3602 1970 3704 2024 αύ-

2126 2074 2217 2136 τδς
2245 2071 2424 2143 ἑαυτῷ
2458 2069 2808 2142 παρέστησεν
2831 2069 2860 2121 ό
2893 2065 3148 2137 Χριστος,
3184 2063 3284 2127 τάς
3310 2063 3405 2116 τοῦ
3433 2062 3501 2115 τὰ
3528 2061 3704 2115 τοιάδε

2129 2162 2574 2232 συγγεγραφότος
2598 2162 2699 2216 οὐκ
2720 2157 2952 2229 ἐχούσης
2976 2156 3213 2225 ῥυτίδας,
3229 2154 3395 2225 οὔσης
3419 2153 3475 2207 δὲ
3508 2153 3706 2223 μᾶλλον

2128 2254 2385 2326 ἀμώμου,
2416 2252 2514 2306 καὶ
2549 2250 2958 2319 ἀνεπίπληκτον
2987 2247 3268 2309 παντελῶς
3300 2245 3401 2315 τὴν
3433 2246 3518 2298 ἐπ’
3557 2243 3706 2314 αὐτῷ

2127 2344 2332 2414 γνῶσιν
2363 2341 2616 2413 ἐχούσης,
2653 2340 2749 2393 καὶ
2791 2341 2891 2403 τῆς
2927 2336 3160 2399 πίστεως
3192 2333 3291 2404 τὴν
3319 2332 3613 2403 παράδοσιν
3646 2325 3704 2386 εὖ

447 2425 582 2478 sime
596 2426 987 2494 composuerit.
1007 2427 1292 2484 Credimus
1316 2445 1546 2500 namque
1574 2432 1626 2485 in
1649 2448 1810 2486 unum
1833 2433 2026 2499 Deum,

447 2515 661 2570 Patrem
697 2519 1143 2587 omnipotentem,
1185 2522 1427 2576 omnium
1473 2523 1762 2578 visibilium
1802 2537 1854 2580 et
1889 2525 2028 2580 invi-

2131 2435 2277 2505 μάλα
2322 2432 2719 2502 πεποιημένης.
2762 2428 3103 2498 Πιστεύομεν
3145 2425 3255 2496 γὰρ
3299 2425 3377 2488 εἰς
3418 2423 3515 2477 ἕνα
3551 2422 3704 2489 Θεὸν,

2129 2525 2349 2599 Πατέρα
2377 2523 2814 2593 παντοκράτορα,
2850 2520 3065 2573 πάντων
3092 2515 3302 2588 ὁρατῶν
3334 2532 3393 2567 τε
3416 2514 3509 2568 καὶ
3539 2513 3707 2585 ἀορά-

447 2608 683 2661 sibilium
727 2608 990 2663 factorem
1022 2626 1037 2665 :
1072 2619 1125 2666 et
1177 2612 1230 2665 in
1284 2627 1449 2666 unum
1508 2612 1796 2668 Domiumn
1845 2614 2028 2671 Jesum

2129 2633 2238 2669 των
2264 2615 2532 2685 ποιητήν·
2570 2612 2663 2665 καὶ
2696 2611 2776 2673 είς
2816 2608 2915 2662 ἕνα
2950 2606 3155 2678 Κύριον
3200 2603 3407 2677 Ἰησοῦν
3443 2602 3535 2655 τὸν
3567 2602 3706 2671 Χριο

446 2696 749 2763 Christum,
777 2711 830 2753 et
878 2699 933 2754 iu
981 2700 1239 2770 Spiritum
1282 2713 1530 2757 sanctum
1570 2722 1585 2769 ;
1627 2720 1691 2760 ac
1739 2718 2029 2774 sequentes

2130 2708 2287 2761 στόν·
2338 2705 2433 2758 καὶ
2485 2705 2566 2767 είς
2613 2702 2676 2755 τὸ
2717 2699 2943 2770 Πνεῦμα
2987 2698 3050 2752 τὸ
3096 2699 3270 2767 ἅγιον.
3332 2696 3617 2765 Ἑπόμενοι
3648 2693 3707 2748 δέ

448 2799 758 2844 sanctorum
796 2789 1016 2847 Patrum
1063 2794 1460 2851 confessionem
1524 2797 1607 2851 bis
1662 2796 2028 2865 suhjnnctam,

2129 2808 2248 2868 ταῖς
2287 2802 2499 2865 τούτοις
2549 2796 3016 2870 ὲπενηνεγμέναις
3075 2795 3185 2849 τῶν
3225 2794 3395 2862 ἁγίων
3447 2791 3708 2861 Πατέρων

447 2884 623 2950 ipsum
649 2881 882 2938 Verbum
916 2899 981 2938 ex
1012 2884 1123 2940 Deo
1147 2886 1309 2941 Patre
1338 2889 1773 2944 substantialiter
1818 2902 2027 2957 uatum,

2129 2892 2458 2965 ὁμολογίαις,
2505 2889 2669 2944 αὐτὸν
2699 2888 2789 2942 τὸν
2820 2889 2885 2941 ὲκ
2914 2886 3010 2940 τοῦ
3052 2882 3187 2937 Θεοῦ
3215 2884 3311 2936 καὶ
3348 2881 3561 2952 Πατρός
3588 2882 3686 2933 οὑ-

450 2973 620 3027 nostri
644 2974 876 3029 similem
913 2976 1112 3030 factum
1138 2992 1259 3032 esse
1285 2978 1541 3043 dicimus,
1576 2987 1634 3034 et
1665 2980 2029 3047 incarnatum,

2131 2983 2337 3047 σιωδὼς
2371 2982 2545 3051 φύντα
2599 2981 2801 3048 Λόγον,
2831 2978 2953 3031 καθ’
3000 2976 3148 3048 ἡμᾶς
3198 2973 3455 3044 γενέσθαι
3504 2970 3706 3040 φαμὲν,

447 3077 504 3120 et
538 3066 811 3121 hominem
841 3067 1067 3133 factum,
1104 3071 1205 3124 hoc
1234 3081 1337 3137 est,
1375 3070 1476 3126 sibi
1506 3087 1704 3142 corpus
1729 3076 2030 3143 sumpsisse

2132 3071 2484 3146 σαρκωθῆναί
2552 3087 2612 3124 τε
2683 3070 2781 3123 καὶ
2851 3066 3314 3137 ὲνανθρωπῆσαι,
3388 3063 3707 3125 τουτέστιν,

446 3171 513 3212 ex
541 3168 728 3212 sancta
760 3156 1001 3229 Virgine,
1035 3170 1087 3213 et
1117 3176 1273 3217 suum
1332 3162 1460 3217 illud
1496 3162 1693 3219 fecisse
1725 3179 1890 3219 :uam
1925 3167 2027 3222 hoc

2132 3166 2310 3237 ἑαυτῷ
2371 3166 2530 3236 σῶμα
2575 3163 2761 3217 λαϐεῖν
2813 3164 2879 3216 ὲκ
2930 3163 3027 3231 τῆς
3078 3158 3240 3227 ἀγίας
3292 3154 3572 3225 Παρθένου
3618 3152 3713 3206 καὶ

447 3249 607 3304 modo
650 3249 709 3304 flt
754 3260 814 3305 ut
853 3267 981 3307 vere
1013 3269 1154 3308 unus
1186 3254 1256 3309 sit
1290 3253 1552 3309 Dominus
1572 3254 1732 3312 Jcsus
1755 3256 2027 3326 Christus,

2135 3227 2467 3311 ῐδιονάύτδ
2494 3253 2858 3324 ποιήσασθαιυ
2906 3227 3051 3303 οὕτω
3089 3248 3200 3319 γὰρ
3246 3246 3397 3300 ἔσται
3448 3244 3542 3299 καὶ
3579 3243 3708 3315 ἀληο

449 3340 551 3396 hoc
573 3340 733 3395 modo
758 3342 906 3397 illum
932 3351 989 3396 ut
1022 3359 1184 3398 unum
1227 3345 1595 3410 adorahimus,
1634 3349 1678 3402 si
1716 3364 1822 3403 non
1857 3350 2031 3403 homi-

448 3448 573 3486 nem
609 3447 672 3487 ac
703 3432 870 3487 Deum
906 3435 1132 3489 seorsim
1165 3452 1449 3506 ponamus,
1485 3441 1578 3493 sed
1609 3455 1772 3493 unum
1794 3449 1849 3492 et
1888 3455 2036 3493 eum-

448 3526 571 3580 dem
605 3538 730 3580 esse
791 3526 1078 3581 credamus
1124 3525 1177 3579 in
1241 3527 1523 3583 divinitate
1564 3537 1618 3583 et
1675 3530 2031 3594 humanitate,

448 3618 552 3672 hoc
585 3624 689 3681 est,
733 3616 836 3686 31
889 3616 1055 3670 Deum
1110 3616 1271 3672 simul
1321 3627 1376 3674 et
1434 3619 1732 3675 hominem.
1786 3622 1859 3676 At
1906 3637 2034 3677 vero

449 3717 636 3761 uoster
666 3707 754 3762 hic
781 3707 1168 3762 recentissima:
1208 3708 1504 3778 impietatis
1535 3711 1807 3777 inventor,
1839 3727 2035 3783 quam-

448 3800 533 3853 vis
565 3796 841 3853 Christum
878 3815 1045 3855 unum
1075 3815 1135 3855 se
1155 3800 1333 3855 dicere
1353 3801 1593 3868 simulet,
1625 3813 1806 3858 tamen
1832 3803 2035 3873 ubique

451 3897 678 3943 naturas
712 3890 924 3956 dividit,
951 3900 1006 3945 et
1041 3892 1267 3947 seorsim
1296 3903 1581 3963 utramque
1609 3895 1782 3963 ponit,
1817 3896 2036 3951 asserit-

452 3997 561 4051 que
615 3998 719 4037 non
760 3983 880 4038 illas
919 3983 1062 4041 inter
1093 3999 1152 4039 se
1196 3999 1321 4041 vere
1358 3987 1716 4053 convenisse,
1760 3988 1856 4044 sed
1903 4003 2037 4059 prae-

454 4071 985 4129 texitexcusatioues
1020 4089 1082 4129 ac
1104 4085 1398 4145 praetextas
1435 4077 1490 4133 in
1528 4079 1788 4147 peccatis,
1825 4080 2038 4134 utscri-

453 4172 603 4234 ptum
648 4174 731 4220 est
772 4165 841 4230 ⁸⁸,
894 4177 948 4221 et
1005 4168 1221 4222 modum
1278 4171 1568 4238 quemdam
1635 4169 2038 4240 conjunctiouis

455 4257 909 4324 comminiscitur,
962 4259 1110 4315 illum
1154 4276 1348 4332 nempe
1385 4262 1684 4317 secundum
1742 4262 1935 4329 solam,
1981 4270 2039 4317 ut

460 4349 592 4409 dixi,
628 4349 907 4417 dignitatis
960 4353 1346 4420 aequalitatem,
1410 4361 1469 4407 ut
1506 4367 1572 4406 ex
1623 4352 1794 4420 ipsius
1852 4352 2039 4407 verbis

457 4438 617 4510 plane
646 4440 983 4506 docebimus,
1010 4451 1065 4498 et
1103 4452 1358 4513 tanquam
1400 4443 1451 4497 in
1504 4443 1724 4496 homine
1771 4443 1863 4512 qui
1907 4442 2039 4497 nihil

2133 3347 2244 3412 θῶς
2296 3340 2377 3409 εἷς
2407 3345 2611 3415 Κύριος
2656 3340 2866 3412 Ἰησοῦς
2908 3338 3181 3411 Χριστόςο
3219 3335 3397 3398 οῦτως
3435 3334 3598 3393 αὑτὸν
3634 3331 3717 3395 ὡς

2132 3441 2230 3494 ενα
2272 3439 2767 3506 προσκυνήσομεν,
2816 3432 2919 3486 οὐκ
2970 3431 3075 3484 ἀνά
3128 3428 3294 3501 μέρος
3335 3426 3576 3490 τιθέντες
3620 3425 3711 3481 ἀνι

2135 3528 2374 3601 θρωπον,
2406 3525 2502 3579 καὶ
2532 3524 2687 3588 Θεὸν,
2725 3521 2841 3576 ἀλλ’
2870 3521 2990 3586 ἕνα,
3022 3519 3115 3573 καὶ
3141 3519 3233 3572 τὸν
3263 3518 3425 3572 αὑτὸν
3452 3513 3593 3571 εἶναι
3622 3533 3712 3569 πιε-

2137 3617 2444 3679 στεύοντες,
2464 3614 2542 3677 ὡς
2563 3614 2619 3667 έν
2643 3612 2860 3681 θεότητι
2890 3609 2984 3664 καὶ
3010 3608 3389 3679 ἀνθρωπότητι
3407 3623 3422 3639 ·
3443 3604 3711 3672 τουτέστι,

2134 3707 2267 3762 Θεόν
2295 3722 2353 3760 τε
2382 3705 2517 3775 όμοῦ
2549 3705 2645 3758 καὶ
2681 3701 2986 3774 ἄνθρωπον.
3034 3699 3093 3753 '0
3127 3699 3183 3753 δέ
3214 3715 3279 3768 γε
3310 3698 3411 3767 τῆς
3437 3696 3711 3770 νεωτάτης

2135 3801 2268 3872 ήμῐν
2299 3795 2555 3860 ἀσεϐείας
2601 3792 2850 3866 εὑρετὴς,
2901 3790 3079 3846 καίτοι
3125 3790 3357 3863 Χριστὸν
3388 3789 3485 3843 ἱνα
3533 3789 3714 3859 λέγειν

2137 3889 2626 3961 προσποιούμενος,
2662 3886 2862 3956 διαιρεῖ
2900 3883 3002 3953 μὶν
3051 3881 3326 3951 πανταχοῦ
3363 3880 3464 3944 τάς
3496 3881 3709 3950 φύσεις,

2136 3978 2231 4034 καὶ
2274 3977 2382 4033 ἀνὰ
2438 3975 2604 4047 μέρος
2657 3975 2868 4044 ἵστησιν
2900 3971 3187 4043 ἑκατέραν,
3220 3972 3321 4024 οὐκ
3367 3970 3561 4041 ἀληθὲς
3598 3968 3710 4041 [ῑσ.

2135 4067 2373 4139 ἀληθῶς]
2409 4067 2668 4138 ἀλλήλαις
2703 4065 2975 4135 συμϐῆναι
2998 4063 3169 4131 λέγων
3202 4062 3372 4126 αύτάς
3393 4076 3409 4092 ⁸
3442 4078 3710 4131 προφασι-

2136 4160 2363 4234 ζόμενος
2405 4158 2463 4213 δὲ
2511 4158 2813 4230 προφάσεις
2866 4158 2927 4210 ιν
2969 4154 3288 4228 ἁμαρτίαις,
3346 4152 3483 4207 κατὰ
3522 4153 3583 4206 τὸ
3618 4169 3713 4222 γε-

2136 4252 2475 4326 γραμμένον,
2499 4251 2707 4304 ἔπινοεῖ
2732 4265 2855 4303 τινα
2885 4246 3180 4317 συναφείας
3209 4244 3431 4316 τρόπον,
3451 4243 3542 4297 τὸν
3573 4243 3714 4298 κατά

2142 4342 2323 4413 μόνον,
2368 4339 2446 4402 ὼς
2495 4337 2653 4408 ἔφην,
2687 4336 2787 4408 τὴν
2822 4335 3044 4405 ἰσότητα
3089 4334 3189 4404 τῆς
3228 4331 3416 4396 ἀξίας
3465 4331 3716 4404 καθάπερ

2138 4430 2332 4503 ἀμέλει
2365 4430 2461 4485 καὶ
2488 4430 2553 4482 ὲκ
2599 4428 2709 4483 τῶν
2761 4427 2927 4481 αὐτοῦ
2983 4424 3329 4495 δειχθήσεται
3380 4422 3585 4490 λόγων·
3623 4423 3716 4481 καὶ

458 4547 621 4603 supra
665 4542 889 4589 caeteros
924 4533 1141 4597 habeat,
1200 4535 1377 4604 ipsum
1414 4550 1481 4589 ex
1529 4532 1639 4587 Deo
1684 4531 1918 4588 Verbum
1970 4548 2034 4587 ex

2141 4522 2396 4587 ὲνοικίζει
2432 4521 2532 4592 μὲν
2570 4517 2868 4592 μεθεκτῶς,
2903 4518 2980 4581 ὠς
3012 4514 3285 4588 ἀνθρώπῳ
3314 4515 3501 4585 κοινῷ,
3533 4516 3623 4569 τὸν
3651 4517 3718 4569 ὲκ

460 4624 877 4695 ιιατιίοἰριιιίοηθ
905 4625 1217 4681 inhabitans
1246 4625 1396 4688 facit,
1448 4638 1514 4678 ac
1562 4638 1720 4679 voces
1756 4639 1876 4693 quat
1910 4635 2034 4679 sunt

2141 4615 2278 4670 Θεοῦ
2306 4613 2476 4683 Λόγον
2496 4630 2509 4646 ·
2547 4612 2759 4685 μερίζει
2786 4611 2842 4664 δὲ
2870 4610 2968 4673 τάς
3000 4610 3058 4661 έν
3086 4611 3198 4670 τοῖς
3230 4607 3578 4675 Εὑαγγελίοις
3609 4625 3718 4676 φω-

458 4716 516 4772 iu
564 4716 868 4787 Evangeliis
915 4718 988 4773 ita
1020 4718 1234 4780 dividit,
1263 4727 1322 4771 ut
1348 4715 1638 4785 aliquando
1665 4727 1844 4771 certas
1870 4731 2034 4786 quas-

2142 4708 2261 4771 νάς,
2310 4705 2384 4767 ὡς
2416 4704 2545 4758 ποτὲ
2586 4705 2686 4775 μὲν
2717 4701 2880 4756 τάσδε
2915 4698 3067 4763 τινας
3118 4699 3263 4769 μόνῳ
3311 4715 3367 4750 τε
3402 4698 3496 4751 καὶ
3539 4697 3718 4762 ίὸικῶς

460 4808 583 4861 dam
611 4807 709 4862 soli
766 4825 829 4863 ac
856 4811 1073 4879 proprie
1104 4808 1280 4864 Verbo
1307 4807 1532 4871 tribuat,
1562 4807 1859 4877 aliquando
1883 4822 2034 4862 seor-

2142 4797 2453 4854 ἀνατιθέναι
2487 4795 2566 4865 τῷ
2598 4795 2756 4865 Λόγῳ
2776 4809 2793 4827 ο
2829 4792 2958 4845 ποτὲ
3001 4790 3058 4844 δὲ
3093 4791 3198 4861 ἰδίᾳ
3231 4789 3308 4860 τῷ
3341 4791 3406 4843 ὲκ
3437 4789 3719 4857 γυναικός.
3774 4817 3791 4830 ο

459 4897 561 4951 sim
588 4897 662 4952 illi
687 4899 776 4966 qui
807 4911 891 4955 est
939 4915 1005 4953 ex
1045 4899 1271 4954 muliere
1313 4897 1510 4953 editus.
1561 4895 1724 4963 Atqui
1770 4895 2034 4965 quomodo

2143 4889 2338 4945 Καίτοι
2387 4886 2505 4950 πῶς
2551 4887 2649 4957 οὐχ
2696 4885 2899 4940 ἅπασιν
2938 4883 3024 4953 εἴη
3076 4880 3141 4935 ἂν
3180 4881 3281 4934 οὐκ
3333 4879 3718 4949 ἀναμφιλόγως

460 5005 568 5043 non
593 4991 665 5045 sit
706 4991 956 5046 omnibus
1010 4990 1404 5054 certissimum,
1454 4989 1603 5043 illum
1655 4987 2034 5057 Unigenitum,

2143 4978 2287 5049 ἔχον,
2314 4977 2397 5031 ὅτι
2425 4974 2555 5038 Θεὸς
2583 4973 2658 5028 ὢν
2688 4973 2868 5044 φύσει,
2907 4971 3130 5040 γέγονεν
3161 4970 3446 5040 ἄνθρωπος
3483 4969 3513 5021 ὁ
3549 4969 3720 5021 Μονο-

461 5098 584 5137 cum
616 5081 757 5138 Deus
780 5092 924 5137 esset
961 5091 1181 5145 natura,
1231 5094 1349 5134 esse
1379 5080 1652 5134 hominem
1681 5079 1907 5142 factum,
1932 5093 2034 5133 non

2144 5069 2331 5141 γενὴς,
2366 5067 2428 5121 οὐ
2471 5066 2615 5120 κατά
2661 5066 2955 5134 συνάφειαν
3000 5061 3208 5127 ἀπλῶς,
3245 5063 3321 5125 ὡς
3352 5060 3481 5129 γοῦν
3517 5057 3719 5122 ἐκεῖνός

462 5172 692 5243 simplici
754 5172 1155 5241 conjunctione,
1183 5179 1242 5224 ut
1292 5170 1380 5223 ille
1437 5168 1656 5235 asserit,
1707 5169 2034 5224 extrinsecus

2145 5159 2409 5232 φησι,τὴν
2439 5156 2673 5230 θύραθεν
2695 5153 3105 5224 έπινοουμένην,
3130 5153 3247 5223 ήτοι
3275 5152 3530 5222 σχετικήν
3550 5166 3565 5181 ο
3587 5147 3722 5202 ἀλλά

465 5265 789 5335 excogitata,
823 5273 915 5317 aut
944 5262 1215 5328 aﬂ'ectiva,
1242 5262 1336 5316 sed
1363 5277 1490 5315 vera
1516 5262 1732 5328 unione,
1788 5260 2034 5316 ineffabili

2144 5253 2267 5308 καθ’
2301 5253 2494 5306 ἕνωσιν
2536 5248 2734 5320 ἀληθῆ,
2769 5249 3094 5319 ἀπορρήτους
3144 5262 3202 5299 τε
3242 5246 3335 5298 καὶ
3370 5243 3511 5313 ὑπὲρ
3558 5243 3721 5305 νοῦν;

467 5332 629 5409 ιηοιιό
653 5355 812 5409 simul
845 5363 900 5408 et
929 5353 1325 5421 inexcogitabili
1360 5352 1384 5405 τ
1421 5351 1493 5406 Ita
1538 5361 1590 5407 et
1638 5368 1777 5407 unus
1804 5353 2034 5407 simulet

2145 5344 2305 5400 Οῦτω
2346 5360 2441 5406 τε,
2498 5338 2579 5405 εἷς
2623 5343 2822 5422 νοεῖται
2870 5338 2966 5391 καὶ
3022 5337 3212 5408 μόνος·
3269 5336 3415 5397 ἅπας
3462 5349 3521 5386 τε
3576 5332 3723 5401 αὐτῷ

469 5445 617 5500 solus
648 5443 1002 5514 intelligetur,
1037 5451 1094 5496 et
1140 5442 1318 5497 omnia
1348 5442 1400 5497 ei
1433 5443 1577 5498 dicta
1613 5442 1965 5506 convenient,
1990 5447 2034 5495 el

2147 5435 2344 5507 πρέπει
2380 5432 2559 5500 λόγος,
2594 5431 2688 5485 καὶ
2721 5430 2797 5492 ὡς
2839 5428 2899 5494 ἐξ
2938 5429 3056 5492 ἐνὸς
3086 5425 3378 5498 προσώπου
3428 5424 3500 5478 τά
3545 5424 3722 5478 πάντα

470 5538 652 5592 omnia
681 5547 935 5604 tanquam
967 5535 1035 5590 ab
1068 5550 1173 5590 una
1220 5550 1447 5606 persona
1489 5537 1631 5591 dicta
1658 5536 2034 5591 censebantur.

2144 5528 2438 5594 λελέξεται·
2466 5525 2564 5596 μία
2583 5524 2692 5594 γὰρ
2715 5522 2816 5594 ἤδη
2840 5525 3039 5575 νοεῖται
3065 5520 3226 5588 φύσις
3258 5516 3396 5588 μετά
3416 5515 3513 5586 τὴν
3531 5515 3722 5606 ἕνωσιν

474 5627 609 5683 Nam
641 5636 761 5699 post
785 5625 1037 5683 unionem
1090 5642 1195 5683 una
1222 5605 1349 5695 Cjam
1393 5627 1711 5697 intelligitur
1737 5634 1925 5681 natura
1954 5622 2034 5678 illa

2147 5616 2378 5690 ήαύτοῦ
2426 5615 2520 5671 τοῦ
2575 5616 2748 5684 Λόγου
2791 5610 3202 5686 σεσαρκωμένη,
3249 5608 3501 5679 καθάπερ
3533 5605 3723 5677 ἀμέλει

548 5802 595 5836 ⁸³
622 5802 639 5857 l
670 5801 794 5860 Cor.
822 5816 937 5863 vut.
978 5804 1062 5860 l2.
1137 5802 1179 5835 "
1213 5803 1407 5873 Ephes.
1440 5817 1490 5859 ν,
1526 5802 1612 5855 27.
1693 5800 1737 5831 ³²
1761 5798 1900 5855 ΡξιιΙ.
1933 5811 2050 5852 cn.
2092 5797 2147 5851 οι.
2202 5828 2205 5831 λ
