4150 6496
476 393 551 451 σι
1610 398 1989 458 ADVERSUS
2026 400 2435 464 NESTORIUM
2477 406 2609 463 LIB.
2650 406 2717 465 ll.
3186 416 3189 421 ⁴
3715 415 3790 472 62

479 507 584 563 καὶ
635 505 724 577 ἐφ’
753 505 916 579 ἡμῶν
955 504 1143 563 αὐτῶν
1191 508 1349 564 νοοῖτ’
1387 507 1455 565 ἀν
1506 509 1734 576 είκότως
1753 527 1768 543 ο
1806 511 2071 585 ἄνθρωπο

2201 518 2372 589 ipsius
2397 516 2560 575 Verbi
2601 520 2909 588 incarnata,
2965 530 3024 578 ut
3074 523 3269 593 procul
3323 524 3490 584 dubio
3519 526 3574 583 in
3629 530 3787 587 nobis

479 600 600 671 γὰρ
620 593 704 663 εἲς
726 598 948 671 ἀληθῶς
973 599 1334 671 συγκείμενος
1354 600 1414 666 ἐξ
1430 602 1699 673 ἀνομοίων
1721 607 2088 677 πραγμάτων,

478 689 673 761 ψυχῆς
699 691 765 761 δὴ
796 690 947 759 λέγω
965 690 1061 743 καὶ
1090 689 1366 761 σώματος.
1399 692 1884 763 Ἐπισημήνασθαι
1904 694 1960 747 δὲ
1995 696 2092 751 καὶ

480 778 586 833 νῦν
603 780 925 848 ἀναγκαῖον,
960 780 1043 833 ὅτι
1074 780 1135 832 τὸ
1162 780 1361 833 ἑνωθὲν
1379 780 1455 850 τῷ
1471 780 1591 852 Θεῷ
1606 782 1763 853 Λόγῳ
1781 783 1962 853 σῶμα,
1982 802 2089 853 φα-

484 871 595 941 μὲν
610 870 932 941 ἐψυχώσθαι
954 871 1102 942 ψυχῇ
1129 870 1342 943 λογικῇ.
1368 872 1757 944 Προσθήσομαι
1782 875 1839 928 δὲ
1867 877 2089 931 κάκεῖνο

479 965 806 1035 χρησίμως*
837 964 1003 1035 ἑτέρα
1041 964 1140 1033 μὲν
1182 968 1290 1035 γὰρ
1320 965 1470 1036 παρὰ
1514 966 1609 1019 τὸν
1648 969 1716 1020 ἐκ
1744 966 1880 1019 Θεοῦ
1913 968 2089 1036 Λόγον

481 1057 518 1126 ἠ
555 1055 719 1125 σὰρξ,
750 1056 896 1109 κατά
933 1072 1000 1121 γε
1029 1056 1121 1108 τὸν
1145 1057 1245 1126 τῆς
1280 1056 1415 1119 ιδίας
1450 1056 1669 1125 φύσεως
1713 1056 1891 1126 λόγον,
1926 1060 2088 1128 ἑτέρα

479 1148 541 1202 δὲ
573 1148 740 1202 πάλιν
773 1148 1054 1212 ούσιωδῶς
1094 1149 1128 1219 ἡ
1160 1147 1327 1201 αὐτοῦ
1356 1149 1452 1202 τοῦ
1501 1149 1675 1217 Λόγου
1707 1149 1892 1220 φύσις.
1941 1149 2087 1220 Πλὴν

480 1240 535 1293 εί
580 1241 677 1294 καὶ
722 1243 926 1294 νοεῖται
977 1240 1232 1312 διάφορα,
1276 1246 1370 1296 καὶ
1400 1243 1482 1307 είς
1521 1243 1817 1315 ἑτερότητα
1850 1245 2087 1317 φυσικὴν

479 1331 927 1403 διεσχοινισμὲνα
974 1331 1041 1385 τὰ
1064 1332 1462 1403 ὠνομασμένα,
1494 1332 1612 1385 ἀλλ’
1656 1328 1738 1398 εἷς
1763 1334 1822 1401 ἐξ
1878 1337 2085 1406 ἀμφοῖν

478 1427 691 1479 νοεῖται
725 1425 964 1495 Χριστός
988 1442 1001 1454 ·
1037 1425 1161 1477 καθ’
1195 1425 1388 1478 ἕνωσιν
1437 1426 1616 1497 ἀληθῆ
1660 1426 1909 1499 ἀλλήλοις
1944 1444 2084 1497 συμε-

477 1516 825 1587 ϐεϐηκότων,
860 1516 1119 1587 θεότητός
1146 1534 1206 1570 τε
1245 1517 1337 1570 καὶ
1380 1518 1823 1590 ἀνθρωπὸτητος.
1876 1518 2084 1590 Ἐμπει-

472 1611 563 1667 δοῖ
593 1610 650 1663 δὲ
703 1610 842 1681 πρὸς
886 1610 1045 1663 τοῦτο
1085 1612 1234 1680 ἡμᾶς
1269 1612 1301 1681 ἡ
1354 1609 1713 1675 θεόπνευστος
1744 1611 1784 1662 Γ
1792 1611 1957 1681 ραφὴ,
1995 1611 2085 1666 διὰ

475 1702 700 1773 μυρίων
733 1702 833 1771 μὲν
859 1703 1001 1755 ὅσων
1031 1701 1378 1772 πραγμάτων
1412 1720 1472 1755 τε
1525 1703 1617 1757 καὶ
1659 1703 1835 1772 λόγων
1857 1721 1870 1734 ο
1903 1720 2083 1775 παρα-

471 1795 744 1866 δείγμασι
784 1794 842 1848 δὲ
875 1795 1157 1865 χρωμένη,
1206 1794 1273 1848 δι’
1312 1789 1389 1851 ὧν
1420 1795 1484 1849 ἄν
1528 1813 1616 1860 τις
1648 1797 1743 1850 καὶ
1778 1796 1898 1849 λίαν
1948 1797 2082 1851 ἀκο-

2194 609 2327 678 ipsis
2346 610 2512 664 etiam
2529 612 2916 667 convenienter
2949 612 3290 686 intelligitur.
3347 616 3505 672 Unus
3539 635 3782 691 namque

2192 692 2356 749 homo
2378 696 2538 767 plane
2558 709 2641 753 est
2658 701 3105 764 exdissimilibus
3136 707 3320 773 rebus,
3363 721 3431 761 ex
3452 711 3657 778 anima,
3687 712 3773 765 in-

2193 802 2388 857 quam,
2419 800 2475 844 et
2501 807 2730 860 corpore
2765 796 3119 863 compositus.
3150 796 3317 851 Porro
3366 799 3495 852 illud
3526 811 3611 855 est
3642 818 3787 858 nunc
3883 847 3896 860 .

2190 881 2355 934 etiam
2396 884 2718 949 notandum,
2773 884 2933 940 fateri
2984 902 3085 941 nos
3149 902 3348 955 corpus
3383 874 3520 945 illud
3573 895 3783 948 unitum

2190 971 2305 1027 Deo
2334 973 2536 1038 Verbo,
2577 976 2747 1031 fuisse
2795 979 2978 1032 anima
3008 980 3259 1033 rationali
3287 983 3608 1039 animalum.
3649 985 3783 1040 Illud

2189 1080 2405 1136 quoque
2440 1068 2579 1122 haud
2613 1070 2956 1126 incommode
2975 1072 3302 1137 addiderim,
3326 1074 3487 1127 aliam
3505 1092 3628 1130 esse
3655 1092 3779 1129 car-

2190 1172 2311 1211 nem
2361 1175 2389 1212 a
2423 1159 2535 1214 Deo
2594 1160 2775 1216 Verbo
2831 1163 2994 1233 (quod
3027 1166 3094 1217 ad
3136 1180 3246 1219 sua:
3283 1175 3489 1219 natura;
3517 1168 3782 1222 rationem

2188 1245 2428 1315 attinet),
2460 1247 2737 1317 aliamque
2772 1265 2963 1305 rursus
3000 1254 3367 1307 essentialiter
3417 1257 3584 1319 ipsam
3617 1254 3783 1311 Verbi

2188 1348 2462 1393 naturam.
2502 1339 2609 1394 Sed
2640 1343 2893 1411 quamvis
2942 1343 3055 1398 haec
3105 1343 3329 1399 differre
3382 1345 3778 1415 intelligantur,

2185 1440 2242 1487 et
2274 1431 2501 1485 naturali
2533 1432 2851 1502 diversitate
2897 1449 3018 1489 esse
3077 1435 3383 1506 disjuncta,
3420 1453 3561 1493 unus
3592 1448 3777 1494 tamen

2185 1539 2251 1579 ex
2289 1534 2521 1594 utroque
2559 1524 2813 1582 Christus
2866 1525 3208 1596 intelligitur,
3261 1529 3386 1582 dum
3444 1545 3542 1598 per
3590 1545 3779 1585 veram

2185 1617 2456 1673 unitatem
2510 1618 2692 1673 deitas
2735 1618 2896 1672 simul
2931 1627 2985 1673 et
3016 1619 3328 1674 humanitas
3359 1621 3593 1676 invicem
3645 1637 3779 1678 con-

2184 1711 2430 1766 veniunt.
2454 1708 2511 1764 In
2545 1710 2650 1764 hac
2681 1724 2812 1763 vero
2844 1711 3113 1764 sententia
3165 1726 3267 1765 nos
3301 1712 3604 1767 innumeris
3658 1723 3770 1768 tum

2186 1799 2374 1866 factis,
2440 1810 2551 1856 tum
2617 1801 2776 1856 dictis
2841 1799 3124 1872 Scriptura
3195 1803 3455 1859 divinitus
3516 1805 3780 1874 inspirata

472 1887 587 1941 νιτὶ
622 1889 766 1959 πρός
813 1904 878 1955 γε
925 1887 989 1941 τὸ
1034 1887 1297 1941 δύνασθαι
1342 1887 1581 1941 κατιδεῖν
1607 1888 1669 1940 τὸ
1700 1872 1937 1959 Χριστοῦ
1972 1894 2071 1958 μυ-

2181 1895 2491 1959 conﬂrmat,
2544 1895 2638 1948 sed
2668 1895 2939 1963 prmcipue
2965 1895 3089 1948 dum
3140 1896 3408 1963 exemplis
3458 1900 3650 1959 utitur,
3679 1912 3778 1966 per

472 1982 707 2052 στήριον
764 1981 1001 2035 διελάσει
1054 1982 1263 2050 σαφῶς.
1317 1983 1463 2053 Ἔφη
1521 1982 1702 2036 τοίνυν
1738 1985 1767 2037 6
1808 1984 2081 2054 μακάριος

470 2076 775 2144 προφήτης
812 2073 1040 2137 Ἡσαΐας
1060 2090 1075 2105 ο
1110 2093 1130 2125 ι
1160 2074 1272 2128 Καὶ
1300 2074 1580 2144 ἀπεστάλη
1610 2075 1745 2145 πρός
1779 2092 1847 2145 με
1878 2075 1937 2128 ἓν
1970 2076 2080 2131 τῶν

471 2167 765 2238 Σεραφίμ·
801 2167 896 2220 καὶ
926 2169 992 2236 τῇ
1042 2168 1188 2238 χειρὶ
1220 2165 1368 2236 εἶχεν
1402 2166 1672 2236 ἄνθρακα,
1708 2167 1767 2221 ὃν
1799 2171 1863 2238 τῇ
1901 2168 2077 2222 λαϐίδι

469 2252 670 2306 ἔλαϐεν
690 2252 802 2306 ἀπὸ
826 2252 921 2306 τοῦ
948 2253 1354 2325 θυσιαστηρίου,
1381 2254 1474 2307 καὶ
1493 2255 1671 2326 ἥψατο
1691 2254 1785 2309 τοῦ
1810 2256 2078 2327 στόματός

472 2363 607 2416 μου⁹
637 2346 737 2399 καὶ
765 2341 922 2399 εἶπεν
942 2363 957 2378 ο
1003 2346 1137 2400 Ἰδοὺ
1163 2347 1344 2417 ἥψατο
1370 2346 1531 2400 τοῦτο
1564 2348 1669 2401 τῶν
1700 2349 1925 2418 χειλέων
1957 2367 2074 2416 σου,

468 2437 569 2491 καὶ
600 2436 796 2505 ἀφελεῖ
832 2437 933 2500 τὰς
963 2437 1196 2503 ἀνομίας
1228 2453 1346 2503 σου,
1386 2438 1479 2490 καὶ
1519 2437 1619 2500 τὰς
1654 2438 1931 2509 ἁμαρτίας
1980 2455 2073 2492 σου

468 2528 887 2601 περικαθαριεῖ.
937 2547 955 2579 ι
1000 2527 1597 2600 Πολυπραγμονοῦντες
1638 2529 1717 2592 δὲ,
1755 2530 1831 2594 ὡς
1864 2529 1964 2595 ἔνι,
2014 2529 2075 2583 τὸ

467 2622 574 2692 τῆς
618 2622 869 2691 ὁράσεως
900 2620 1086 2692 βάθος,
1138 2621 1237 2691 οὐχ
1288 2621 1475 2690 ἓτερον
1509 2617 1649 2675 εἷναί
1697 2640 1897 2692 φαμεν,
1932 2622 2074 2693 πλὴν

465 2715 554 2767 ὅτι
589 2714 685 2767 16v
736 2713 944 2784 Κύριον
993 2712 1155 2785 ἡμῶν
1203 2712 1410 2783 Ἰησοῦν
1458 2713 1714 2785 Χριστὸν,
1759 2713 1852 2768 τὸν
1903 2716 1960 2767 ὲν
1995 2713 2074 2785 τῷ

464 2804 848 2874 θυσιαστηρίῳ
885 2803 1138 2873 κείμενον
1186 2801 1436 2874 ἄνθρακα
1467 2803 1657 2875 νοητόν
1683 2822 1696 2837 ·
1734 2805 1819 2874 ἐφ’
1862 2798 1906 2873 ᾧ
1939 2806 2071 2877 παρ’

460 2897 631 2968 ἡμῶν
666 2895 952 2960 εύωδιὰζει
998 2895 1253 2967 θυμίαμα
1311 2894 1391 2967 τῷ
1437 2894 1556 2965 Θεῷ
1603 2896 1699 2951 καὶ
1743 2897 1955 2969 Πατρί·
2003 2898 2071 2952 δι’

459 2986 639 3043 αὐτοῦ
692 2987 802 3058 γὰρ
850 2985 952 3057 τὴν
1004 2985 1373 3059 προσαγωγὴν
1407 2987 1744 3058 ἐσχήκαμεν,
1792 2985 1973 3040 δεκτοί
2012 2987 2073 3041 τέ

459 3082 662 3151 ἔσμεν,
697 3078 799 3143 τὰς
831 3076 1213 3149 πνευματικὰς
1258 3077 1543 3140 τελοῦντες
1574 3077 1851 3149 λατρείας.
1903 3073 2073 3143 Οὗτος

469 3169 651 3225 τοίνυν
680 3170 711 3223 6
751 3166 960 3237 ἄνθραξ
1005 3168 1035 3219 6
1079 3165 1239 3229 θεῖος,
1288 3165 1418 3218 ὅταν
1449 3164 1656 3235 ἅψηται
1690 3165 1799 3218 τῶν
1843 3164 2070 3237 χειλέων

2186 2001 2306 2055 quae
2336 1985 2597 2039 facillime
2620 1986 2854 2055 quisque
2889 1987 2954 2038 ad
2985 1985 3186 2040 Christi
3215 1987 3533 2057 mysterium
3561 1988 3773 2057 perspi-

2186 2081 2287 2131 ct‘te
2333 2077 2741 2145 intelligendum
2798 2077 3021 2131 tendere
3083 2079 3275 2145 possit.
3351 2075 3551 2132 Beatus
3612 2080 3776 2145 igitur

2183 2166 2444 2235 propheta
2489 2166 2658 2221 Isaias
2711 2167 2830 2222 ait:
2880 2185 2901 2219 ι
2944 2166 3009 2220 Et
3046 2169 3242 2221 missus
3273 2176 3356 2222 est
3407 2169 3471 2221 ad
3510 2184 3596 2223 me
3629 2185 3773 2224 unus

2184 2258 2251 2313 de
2276 2260 2585 2327 Seraphim,
2620 2273 2673 2315 et
2702 2261 2755 2314 in
2788 2276 2949 2315 manu
2994 2260 3231 2316 habebat
3267 2260 3580 2325 carbonem,
3610 2278 3772 2331 quem

2183 2349 2391 2418 forcipe
2415 2361 2702 2420 acceperat
2759 2367 2823 2407 ex
2857 2352 3041 2416 altari,
3071 2361 3128 2405 et
3173 2351 3350 2420 tetigit
3379 2367 3442 2407 os
3488 2370 3686 2419 meum,
3718 2363 3774 2408 et

2183 2440 2323 2494 divit
2360 2441 2541 2497 :Ecce
2577 2443 2753 2513 tetigit
2793 2443 2896 2497 hoc
2938 2442 3077 2497 labia
3103 2452 3214 2505 tua,
3240 2452 3294 2497 et
3325 2443 3535 2499 auferet
3572 2445 3772 2513 iniqui-

2185 2535 2325 2582 tates
2383 2537 2523 2590 luas,
2585 2531 2909 2601 etexpiabit
2965 2542 3185 2601 peccata
3243 2541 3332 2585 tua
3360 2531 3427 2584 ⁸³.
3464 2551 3484 2586 ι
3534 2533 3774 2589 Visionis

2183 2618 2344 2689 lmjus
2396 2619 2821 2690 profunditatem
2866 2633 2926 2676 ut
2974 2623 3121 2677 vires
3178 2621 3359 2677 ferunt
3397 2625 3772 2695 exquirentes,

2183 2707 2290 2778 32
2320 2726 2424 2763 non
2462 2711 2608 2766 aliud
2646 2714 2746 2767 nisi
2785 2714 3070 2767 Dominum
3111 2723 3356 2768 nostrum
3388 2714 3570 2769 Jesum
3609 2714 3773 2770 Chri-

2182 2812 2327 2854 smm
2378 2816 2503 2857 esse
2555 2803 2788 2859 dicimus
2842 2804 3148 2873 spiritalem
3205 2804 3354 2858 illum
3391 2806 3680 2860 carbonem
3717 2807 3773 2861 in

2180 2892 2338 2946 altari
2364 2895 2624 2961 positum,
2672 2909 2837 2964 super
2892 2911 2999 2965 quo
3050 2898 3348 2968 thymiama
3376 2896 3487 2951 Dco
3530 2913 3592 2950 at:
3622 2896 3773 2952 Patri

2180 2996 2209 3035 a
2244 2981 2398 3037 nobis
2428 2983 2680 3038 adoletnr
2706 3002 2719 3040 :
2746 3000 2842 3053 per
2876 2986 3049 3054 ipsum
3080 2988 3223 3041 enim
3259 3002 3538 3042 accessum
3568 2987 3766 3041 habui-

2179 3089 2321 3138 mus,
2379 3084 2434 3130 et
2494 3076 2796 3145 spiritalem
2863 3079 3067 3132 cultum
3131 3065 3498 3150 exsequentes
3554 3082 3766 3149 accepti

2180 3180 2387 3220 sumus.
2417 3166 2513 3220 llic
2546 3167 2728 3236 itaque
2754 3169 2920 3222 carbo
2951 3168 3167 3223 divinus
3217 3170 3305 3224 llbl
3362 3170 3673 3225 accedetttis
3698 3170 3767 3223 ad

461 3278 562 3316 σου
605 3259 723 3333 [ιον.
756 3258 878 3332 τοῦ]
913 3259 1230 3329 προσιόντος
1269 3257 1439 3328 αὐτῷ,
1467 3257 1872 3329 διεσμηγμένον
1903 3258 2068 3323 εὐθὺς

2178 3272 2236 3312 se
2259 3257 2400 3311 labia
2427 3258 2686 3329 tetigerit,
2704 3259 2847 3314 illico
2868 3260 3123 3313 mundum
3149 3261 3355 3323 reddet,
3379 3270 3539 3331 atque
3558 3262 3768 3330 peccati

459 3355 749 3425 ἀποφανεῖ
799 3354 895 3406 καὶ
938 3352 1160 3421 ἀπάσης
1191 3350 1466 3422 ἁμαρτίας
1496 3350 1842 3422 ὴμοιρηκότα
1874 3368 2070 3404 παντε-

458 3446 596 3511 λῶς.
632 3446 906 3499 ’Δπτεται
933 3445 989 3499 δὲ
1034 3445 1158 3497 τίνα
1198 3443 1398 3513 τρόπον
1422 3443 1532 3497 τῶν
1565 3445 1625 3496 ὲν
1655 3445 1787 3515 ἡμῖν
1814 3443 2063 3515 χειλέων,

457 3538 673 3605 διδάξει
703 3534 879 3607 λέγων
918 3538 947 3591 6
983 3536 1254 3608 μακάριος
1282 3534 1528 3599 Παῦλος·
1566 3554 1586 3589 ι
1642 3534 1840 3605 Ἐγγύς
1875 3553 1969 3589 σου
2007 3535 2068 3589 τὸ

462 3627 631 3700 ῥῆμά
675 3628 825 3680 ἐστιν
874 3627 932 3678 ἐν
978 3622 1057 3695 τῷ
1106 3621 1336 3693 στόματί
1377 3639 1471 3676 σου
1512 3622 1605 3677 καὶ
1656 3625 1715 3677 ὲν
1757 3625 1823 3695 τῇ
1869 3623 2068 3695 καρδίᾳ

460 3736 599 3776 σου·
634 3720 720 3774 ὅτι
751 3718 848 3772 ἐὰν
893 3718 1056 3789 εἴπῃς
1102 3717 1160 3771 ὲν
1192 3716 1271 3788 τῷ
1316 3715 1548 3788 στόματί
1597 3733 1711 3782 σου,
1747 3717 1829 3770 ὅτι
1862 3715 2068 3788 Κύριος

470 3810 742 3885 Ἰησοῦς’
776 3812 873 3865 καὶ
921 3808 1222 3884 πιστεύσῃς
1268 3809 1328 3862 ὲν
1372 3810 1438 3881 τῇ
1492 3808 1690 3881 καρδίᾳ
1746 3825 1862 3874 σου,
1910 3810 1993 3863 ὅτι
2037 3810 2067 3863 6

454 3904 602 3969 Θεὸς
638 3904 802 3959 αὑτὸν
826 3904 1049 3976 ἤγειρεν
1075 3903 1140 3955 ἐκ
1172 3901 1405 3973 νεκρῶν,
1436 3897 1660 3972 σωθήσῃ
1680 3917 1695 3931 ·
1730 3901 1931 3973 καρδίᾳ
1957 3900 2065 3973 γὰρ

455 3997 794 4053 πιστεύεται
839 3998 919 4060 είς
948 3993 1320 4065 δικαιοσύνηνθ
1365 3993 1599 4062 στόματι
1632 3993 1689 4046 δὲ
1720 3993 2065 4064 ὁμολογεῖται

453 4091 544 4154 εἰς
579 4087 884 4159 σωτηρίαν.
926 4104 949 4138 ι
992 4084 1260 4157 ’Δνθρακι
1298 4084 1356 4138 δὲ
1396 4083 1810 4155 παρεικάζεται,
1860 4083 1949 4137 διὰ
1980 4100 2063 4136 τοι

451 4181 524 4236 τδ
576 4182 648 4234 ὲκ
702 4178 847 4232 δυοῖν
907 4177 1149 4231 νοεῖσθαι
1208 4176 1304 4230 καὶ.
1361 4173 1632 4245 ἀνομοίων
1682 4171 2061 4244 πραγμάτωνο

457 4272 677 4343 συνόδῳ
705 4286 772 4340 γε
810 4270 916 4340 μὴν
946 4270 1012 4341 τῇ
1061 4268 1204 4322 κατά
1249 4266 1504 4336 ἀλήθειαν
1539 4263 1823 4334 μονονουχὶ
1858 4261 2065 4316 συνδεῖ-

454 4363 593 4419 σθαι
628 4361 769 4433 πρὸς
795 4359 991 4413 ἕνωσιν
1014 4375 1030 4390 ο
1071 4356 1378 4419 είσδεδυκὸς
1405 4355 1516 4426 γὰρ
1543 4352 1621 4424 τῷ
1658 4352 1800 4424 ξύλῳ
1832 4352 1893 4406 τὸ
1929 4351 2060 4424 πῦρ,

452 4458 547 4520 εἰς
578 4453 794 4509 οἰκείαν
825 4451 956 4506 αὐτὸ
992 4450 1396 4522 μεταστοιχειοῖ
1427 4447 1630 4520 τρόπον
1666 4442 1788 4499 τινὰ
1815 4446 1972 4513 δόξαν
2000 4464 2062 4501 τε

455 4549 563 4603 καὶ
588 4546 844 4616 δύναμιν,
879 4542 1058 4596 καίτοι
1089 4540 1394 4613 τετηρηκὸς
1434 4540 1571 4610 ὅπερ
1599 4533 1690 4608 ἦν.
1728 4536 2061 4611 Μαργαρίτῃ

452 4639 520 4693 δὲ
548 4634 715 4690 πάλιν
747 4634 940 4689 ἑαυτὸν
970 4635 1226 4702 ἀφομοιοῖ
1252 4632 1427 4700 λέγων
1459 4632 1488 4684 6
1513 4629 1718 4701 Κύριος
1757 4629 1914 4699 ἡμῶν
1952 4631 2059 4700 Ἰη-

426 4712 595 4793 ³οόὖς
625 4728 899 4799 Χριστός·
938 4745 958 4779 ι
1009 4724 1206 4795 Ὀμοία
1244 4724 1393 4777 ἐστὶν
1425 4723 1460 4794 ἡ
1492 4721 1740 4793 βασιλεία
1759 4722 1870 4774 τῶν
1896 4721 2062 4791 οὐρα-

450 4822 571 4878 νῶν
599 4819 877 4891 ἀνθρώπῳ
903 4816 1134 4888 ἐμπόρῳ
1157 4813 1408 4887 ζητοῦντι
1441 4814 1640 4877 καλοὺς
1685 4813 2061 4885 μαργαρίταςο

447 4913 646 4984 εὑρὼν
679 4912 736 4965 δὲ
773 4912 872 4965 ἕνα
901 4908 1202 4979 πολύτιμον
1255 4906 1624 4982 μαργαρίτην,
1660 4904 1913 4959 ἀπελθὼν
1937 4905 2058 4972 ⁸πε·-

447 5022 681 5081 πραχεν
706 5004 809 5058 ὅσα
843 4997 982 5074 εἶχε,
1030 5000 1126 5054 καὶ
1156 4998 1426 5071 ⁴ιλιγόριιισεν
1457 4997 1638 5051 αὐτόν.
1683 5015 1702 5050 ι
1750 4996 1963 5051 Ἀκούω
2003 4997 2061 5051 δὲ

448 5100 558 5155 καὶ
589 5096 796 5165 ἑτέρως
832 5092 1025 5147 ἑαυτὸν
1064 5092 1196 5162 ἡμῖν
1241 5088 1693 5161 καταδεικνύντος
1743 5087 1839 5141 καὶ
1867 5087 2058 5156 λέγον-

446 5206 552 5253 τος
572 5206 590 5220 ο
626 5205 647 5240 ι
688 5186 832 5256 Ἐγὼ
851 5183 1011 5247 ἄνθος
1031 5181 1124 5236 τοῦ
1152 5181 1359 5244 πεδίου,
1383 5180 1567 5252 κρίνον
1588 5177 1697 5233 τῶν
1721 5177 2002 5237 κοιλάδων.
2033 5195 2052 5228 ι

452 5283 623 5352 Ἔχει
681 5278 785 5351 μὲν
824 5277 935 5348 γὰρ
968 5277 1028 5329 ὲν
1086 5272 1194 5344 ἰδίᾳ
1226 5269 1389 5340 φύσει
1436 5271 1535 5343 τὴν
1588 5270 1867 5341 θεοπρεπῆ
1921 5269 2061 5340 λαμ-

448 5374 708 5447 πρότητα
747 5368 845 5425 τοῦ
877 5366 1015 5422 Θεοῦ
1061 5366 1156 5421 καὶ
1183 5362 1402 5437 Πατρός
1422 5378 1439 5396 ⁶
1476 5362 1776 5435 gemam:
1809 5363 1867 5416 δὲ
1897 5362 2062 5417 πάλιν

446 5466 623 5521 αὐτὸν
666 5463 779 5539 [Ian
813 5459 1031 5534 «6164],
1058 5459 1207 5516 κατά
1230 5474 1320 5529 γε,
1371 5458 1538 5530 φημὶ,
1583 5456 1684 5527 τὴν
1726 5455 1925 5528 νοητὴν
1950 5455 2011 5515 εὑ
2037 5483 2062 5496 -

450 5556 676 5623 οσμίαν.
738 5554 955 5625 Ὥσπερ
1010 5552 1212 5614 τοίνυν,
1271 5549 1363 5604 ὲπί
1409 5566 1470 5602 τε
1537 5547 1631 5602 τοῦ
1696 5545 2059 5620 μαργαρίτου,

449 5648 553 5704 καὶ
589 5646 700 5719 μὴν
750 5644 849 5701 καὶ
895 5642 995 5700 τοῦ
1046 5647 1259 5717 κρίνου,
1314 5641 1512 5695 νοεῖται
1562 5640 1746 5711 μέντοι
1798 5642 1959 5713 σῶμα
2000 5639 2065 5694 τὸ

2174 3351 2354 3404 omnis
2408 3365 2631 3418 prorsus
2671 3360 2973 3421 expertem.
3030 3350 3135 3407 Sed
3198 3353 3341 3407 labia
3398 3361 3583 3407 nostra
3626 3368 3766 3423 quo-
3814 3408 3841 3425 κ

2175 3459 2299 3497 nam
2355 3443 2516 3496 modo
2563 3444 2869 3513 contingat,
2920 3444 3075 3499 docet
3137 3444 3328 3500 beatus
3392 3443 3594 3499 Paulus
3643 3459 3766 3499 cutn

2174 3532 2352 3587 dicit:
2389 3549 2409 3583 ι
2461 3531 2637 3600 Prope
2715 3542 2763 3586 te
2794 3540 2878 3587 est
2920 3532 3256 3598 verbum,in
3307 3548 3402 3587 ore
3454 3542 3566 3594 tuo,
3617 3540 3672 3586 et
3712 3533 3767 3586 in

2172 3624 2337 3678 corde
2375 3632 2467 3677 tuo
2501 3624 2667 3692 :quia
2690 3623 2732 3676 si
2760 3622 2965 3679 dixeris
2999 3624 3052 3677 in
3088 3639 3184 3678 ore
3217 3632 3306 3677 tuo
3329 3623 3453 3693 quia
3500 3622 3766 3678 Dominus

2170 3715 2355 3781 Jcsus,
2382 3723 2436 3771 et
2469 3715 2769 3772 credideris
2806 3716 2858 3769 in
2898 3717 3065 3771 corde
3097 3726 3190 3771 tuo
3240 3716 3367 3787 quia
3422 3716 3569 3771 Deus
3614 3716 3767 3770 illum

2173 3810 2457 3865 suscitavit
2484 3826 2513 3864 a
2551 3808 2804 3872 mortuis,
2849 3808 3035 3864 salvus
3068 3811 3201 3866 eris.
3258 3810 3434 3865 Corde
3468 3809 3614 3864 enim
3647 3824 3779 3864 cre-x

2173 3904 2318 3959 ditur
2351 3903 2416 3957 ad
2438 3899 2732 3971 ]ustitiam,
2764 3918 2859 3958 ore
2890 3912 3069 3957 autem
3118 3901 3390 3957 confessio
3426 3901 3487 3955 lit
3526 3901 3592 3955 ad
3617 3901 3769 3955 saltt-

2173 4004 2279 4051 tem
2297 3995 2366 4050 ⁸⁸.
2396 4014 2415 4046 ›
2441 3995 2648 4048 Dicitur
2675 4002 2852 4048 autem
2882 3993 3105 4048 carboni
3133 3993 3448 4062 persimilis,
3471 4001 3763 4061 propterea

2171 4087 2315 4159 quod
2351 4102 2415 4141 ex
2437 4085 2647 4141 duabus
2682 4100 2747 4141 ac
2783 4084 3141 4139 dissimilibus
3196 4085 3359 4139 rebus
3412 4083 3759 4153 intelligitur,

2170 4179 2266 4236 sed
2298 4179 2372 4233 ita
2401 4178 2698 4233 secundum
2746 4180 3030 4233 veritatem
3075 4177 3552 4242 convenientibus,
3612 4184 3667 4229 ut
3710 4176 3762 4231 in

2171 4270 2435 4325 unitatem
2501 4269 2889 4338 propemodum
2945 4267 3364 4338 coniungantur.
3416 4266 3563 4338 Ignis
3615 4268 3763 4322 enim

2170 4364 2260 4417 ubi
2300 4362 2504 4433 lignum
2551 4362 2873 4432 penetrarit,
2917 4360 3044 4416 illud
3075 4360 3127 4415 in
3161 4376 3315 4416 suam
3370 4360 3544 4430 ipsius
3597 4358 3765 4415 clari-

2171 4463 2335 4510 tatem
2384 4469 2448 4510 ac
2498 4454 2644 4507 vires
2696 4452 2983 4518 transfert,
3023 4467 3090 4508 eo
3150 4460 3330 4506 tamen
3365 4459 3584 4504 servato
3618 4450 3764 4518 quod

2170 4555 2307 4600 erat.
2332 4544 2641 4616 Margaritaz
2664 4559 2723 4600 se
2748 4561 2938 4599 rursus
2966 4551 3246 4614 comparat
3275 4541 3535 4597 Dominus
3575 4550 3769 4596 noster

2169 4634 2325 4701 Jesus
2367 4636 2618 4691 Christus
2661 4651 2785 4690 cum
2844 4634 3020 4689 dicit:
3060 4652 3079 4686 ι
3141 4632 3331 4687 Simile
3388 4639 3474 4686 est
3525 4647 3762 4701 regnum

2167 4727 2427 4781 cmlorum
2452 4724 2655 4780 homini
2685 4723 3010 4793 negotiatori
3051 4721 3315 4791 qumrenti
3348 4720 3518 4776 bonas
3549 4735 3771 4789 marga-

2167 4819 2304 4872 ritas
2337 4835 2353 4872 :
2391 4818 2605 4871 iuventa
2640 4826 2818 4871 autem
2850 4830 2953 4868 una
2998 4813 3233 4883 pretiosa
3263 4812 3580 4883 margarita,
3615 4811 3766 4865 vadit

2167 4916 2223 4964 et
2255 4908 2441 4962 vendit
2488 4908 2740 4962 universa
2781 4922 2901 4976 qum
2951 4904 3135 4969 habet,
3178 4913 3232 4958 et
3274 4905 3406 4959 emit
3436 4903 3581 4957 illam
3618 4894 3687 4958 ⁸⁷³.
3734 4919 3765 4954 »ο

2164 4998 2287 5055 Alio
2336 5012 2553 5069 quoque
2590 4998 2751 5052 modo
2778 4997 2925 5052 illum
2955 5011 3078 5051 sese
3121 4994 3276 5050 nobis
3320 4995 3560 5049 indicare
3599 4994 3770 5048 audio

2166 5089 2479 5145 dicentem:
2515 5107 2534 5141 ι
2572 5089 2681 5159 Ego
2709 5087 2806 5143 llos
2827 5088 3028 5157 campi,
3056 5086 3228 5142 lilium
3268 5088 3593 5142 convallium
3618 5088 3684 5141 ⁸⁸.
3733 5106 3755 5139 ι

2166 5180 2299 5236 Cum
2324 5182 2466 5236 enim
2486 5181 2538 5235 in
2580 5197 2676 5236 sua
2702 5189 2893 5234 natura
2941 5179 3181 5234 divinam
3232 5179 3537 5234 claritatem
3567 5178 3659 5233 Dei
3692 5194 3763 5234 ae

2166 5271 2346 5326 Patris
2394 5272 2616 5339 habeat,
2666 5272 2810 5327 idem
2868 5282 3127 5339 praeterea
3160 5271 3333 5341 spirat
3373 5272 3594 5326 odorem
3627 5286 3755 5326 sua-

2168 5364 2453 5420 veolentim
2511 5364 2791 5434 spiritalis.
2844 5363 2914 5419 Ut
2963 5378 3094 5434 ergo
3141 5364 3193 5418 in
3241 5362 3559 5431 margarita,
3593 5372 3761 5431 atque

2170 5454 2336 5513 etiam
2382 5455 2518 5520 lilio,
2568 5454 2821 5524 quamvis
2846 5453 3149 5523 subjectum
3185 5451 3291 5506 illis
3347 5466 3545 5521 corpus
3579 5452 3758 5519 perci-

2170 5547 2373 5617 piatur,
2411 5546 2631 5601 claritas
2661 5557 2840 5600 tamen
2892 5560 2985 5600 seu
3023 5545 3156 5599 odor
3182 5558 3247 5599 ex
3278 5543 3496 5614 propria
3545 5544 3757 5598 ratione

2170 5638 2239 5693 ab
2263 5639 2370 5696 illis
2421 5638 2618 5709 quibus
2649 5638 2857 5704 insunt,
2885 5645 3142 5707 tanquam
3179 5635 3395 5693 diversa
3430 5643 3755 5702 noscuntur,

526 5832 571 5879 θ’
595 5829 702 5886 ιεα,
735 5844 812 5897 τι,
848 5824 909 5899 ϐ,
936 5823 993 5881 7.
1072 5823 1117 5855 “
1146 5821 1303 5878 lluut.
1341 5838 1396 5893 ι,
1432 5822 1586 5880 8-10.
1680 5822 1724 5853 ⁸⁵
1752 5821 1941 5878 Matth.
1974 5837 2071 5878 xm

2178 5819 2221 5891 5,
2256 5821 2344 5878 46.
2440 5820 2486 5855 ⁸⁸
2515 5820 2668 5879 Cant.
2706 5834 2767 5891 ιι,
2796 5818 2851 5875 1.

1597 5939 1663 5948 ιιι-...ρ
