4150 6444
485 345 553 399 σε
1521 364 1579 419 S.
1621 364 1896 426 CYRILLI
1937 373 2409 436 ALEXANDRlNl
2447 380 2771 445 ARCHIEP.
3701 406 3769 461 Gl

478 466 580 521 sed
632 464 875 526 vicissim
932 484 1149 542 preprta
1203 487 1329 533 sunt
1361 480 1700 554 habentium,
1732 505 1839 545 non
1874 492 1944 548 ab
1991 496 2055 550 ei:

484 557 657 581 -.μμ
708 576 819 581 ,μμ
851 562 897 581 ,Α
1056 566 1069 579 .
1522 577 1533 581 -

2176 498 2625 575 ὑποκείμενον,ή
2684 502 2741 557 δέ
2790 520 2856 574 γε
2904 506 2964 560 ἐν
3016 505 3166 577 αῦτῷ
3211 505 3558 581 λαμπρότης,
3606 511 3773 581 ἤγουν

483 557 681 622 aliena,
701 576 824 614 cum
851 562 903 617 in
935 564 1498 638 illisiuseparahiliter
1522 577 1766 635 haereant
1794 602 1805 635 :
1831 586 1898 636 all
1921 601 2074 641 cum-

484 651 605 703 dem
630 666 847 721 quoque
898 656 1116 711 modum
1151 662 1217 714 de
1265 662 1619 723 Emmanuele
1656 672 1773 741 ipso
1808 678 1964 731 nobis
1992 692 2076 736 est

481 744 902 800 existimandum
940 764 1001 803 ac
1044 754 1410 811 sentiendum.
1447 758 1667 817 Natura:
1712 782 1949 838 namque
1983 787 2072 823 ra-

484 835 631 887 tione
681 838 896 892 diversa
950 854 1075 897 sunt
1129 846 1385 904 divinitas
1426 862 1480 905 et
1519 869 1647 909 caro
1685 873 1700 911 :
1740 859 1835 913 sed
1877 876 2075 931 corpus

484 924 649 983 Verbi
699 940 975 1001 proprium
1032 953 1170 1002 erat,
1216 959 1389 1012 neque
1432 946 1734 1017 sejnnrtum
1773 972 1803 1009 a
1846 972 2073 1026 corpore

483 1014 610 1068 illud
636 1021 843 1075 unitum
877 1029 1089 1093 corpori
1127 1029 1358 1086 Verbum
1394 1053 1407 1088 :
1443 1036 1748 1096 hautlenitn
1793 1047 1955 1103 aliter
1982 1051 2067 1104 in-

485 1108 729 1177 telligere
776 1112 855 1167 fas
897 1127 981 1171 est
1026 1117 1461 1190 Emmanuelem,
1516 1130 1570 1183 id
1618 1145 1720 1196 est,
1779 1135 2068 1195 Nobiscum

485 1196 647 1253 Dens.
706 1200 896 1270 Itaque
955 1224 1343 1282 nonnunquam
1372 1228 1427 1271 ut
1481 1221 1662 1287 homo,
1708 1238 1763 1280 et
1809 1243 1872 1282 et
1917 1249 2068 1285 men-

483 1303 612 1345 sura
670 1309 780 1348 sure
837 1301 1227 1360 cxinanitionis
1295 1310 1533 1376 seipsum
1579 1318 1735 1373 nobis
1800 1322 2068 1393 indicans,

482 1381 742 1440 (licebat:
794 1406 813 1440 ‹
854 1390 1022 1445 Nemo
1057 1397 1197 1449 tollit
1244 1401 1482 1456 animam
1541 1422 1715 1463 meam
1749 1426 1778 1465 a
1817 1418 1999 1479 me";
2045 1438 2064 1470 ο

482 1472 775 1541 aliqnamlo
817 1496 1004 1537 rursus
1041 1494 1296 1554 umquam
1330 1490 1471 1549 Deus
1508 1497 1766 1566 Verbum,
1812 1515 1865 1559 et
1897 1518 1951 1560 ιιι
1976 1510 2066 1579 qui

482 1563 550 1615 de
578 1566 739 1630 cmlo,
765 1568 870 1639 33
904 1582 957 1626 et
984 1590 1122 1630 unus
1155 1594 1278 1633 cum
1305 1598 1400 1637 sua
1436 1600 1600 1643 carne
1626 1592 2020 1667 intelligeretur
2049 1619 2063 1655 :

489 1674 507 1704 ι
540 1654 706 1713 Nemo
729 1666 993 1726 ascendit,
1027 1669 1223 1737 inquit,
1253 1675 1302 1727 in
1338 1678 1554 1745 caelum,
1583 1685 1685 1738 nisi
1721 1690 1811 1755 qui
1836 1691 2062 1748 descen-

481 1747 559 1798 dit
594 1749 661 1803 de
685 1752 844 1819 cudo,
878 1754 1048 1812 Filius
1079 1761 1313 1820 hominis
1344 1768 1410 1822 ⁸⁸.
1453 1789 1471 1823 ι
1521 1772 1654 1828 Cum
1696 1778 1860 1848 igitur
1889 1783 2061 1853 ipsum

482 1837 678 1894 Filium
711 1860 878 1900 sacra:
907 1849 1375 1927 Litterzeundique
1402 1863 1452 1915 in
1487 1868 1750 1922 unitatem
1786 1873 2063 1945 inscpara-
2094 1848 2136 1903 Β

482 1931 642 1985 h.lcm
673 1950 964 2008 veramque
998 1947 1345 2017 conjungant,
1395 1966 1448 2007 et
1479 1956 1528 2009 in
1560 1974 1721 2014 unam
1771 1979 2061 2033 personam

480 2024 723 2093 redigant
752 2025 804 2079 in
829 2030 967 2097 (ille;
996 2034 1082 2088 hic
1102 2048 1279 2093 tamen
1311 2057 1477 2100 vanus
1496 2049 1655 2105 homo
1681 2056 1861 2109 multis
1888 2062 2063 2117 modis

477 2114 757 2186 disjnngil,
815 2130 869 2174 et
931 2125 1192 2184 adversus
1260 2133 1434 2202 ipsum
1484 2153 1702 2210 quoque
1775 2148 2057 2207 Christum

2177 589 2373 643 εὐωδία
2413 591 2530 645 κατ’
2562 593 2692 647 [διον
2742 595 2922 664 λόγον,
2969 598 3044 661 ὡς
3076 598 3241 669 ἔτερα
3277 599 3377 669 μὲν
3427 601 3579 670 παρὰ
3613 603 3680 655 τὰ
3716 607 3768 658 si

2176 676 2257 746 οἷς
2285 684 2454 737 εἰσινο
2491 685 2597 739 ἴδια
2632 686 2688 741 δὲ
2721 688 2883 743 πάλιν
2911 690 3091 744 αὐτῶν
3121 693 3214 744 καὶ
3241 692 3343 745 οὐκ
3367 693 3621 764 ἀλλότρια
3664 697 3773 751 τῶν

2176 775 2407 844 ἐχόντων
2457 779 2572 831 ἐστὶ
2603 780 2671 834 τά
2704 782 3026 853 ἀχωρίστως
3070 786 3449 854 ἐμπεφυκότα.
3498 789 3637 840 κατὰ
3682 789 3771 842 τὸν

2177 868 2358 931 αὑτὸν,
2391 864 2570 939 οἶμαι,
2602 871 2803 942 τρόπον
2836 873 3169 945 λογιούμεθά
3188 892 3245 928 τε
3279 875 3372 929 καὶ
3404 880 3767 948 φρονήσομεν,

2175 958 2268 1009 καὶ
2303 959 2395 1011 ἐπί
2426 976 2488 1027 γε
2518 960 2613 1014 τοῦ
2666 963 3014 1036 Ἐμμανουήλ
3038 983 3052 996 ·
3084 966 3300 1037 ἐτεροῖα
3349 968 3449 1038 μὲν
3489 970 3598 1041 γὰρ
3631 972 3769 1023 κατὰ

2174 1049 2272 1119 τὴν
2317 1051 2500 1119 φύσιν,
2548 1052 2738 1124 θεότης
2772 1074 2832 1109 τε
2875 1057 2971 1111 καὶ
3005 1058 3175 1131 σάρξ’
3216 1059 3333 1113 ἀλλ’
3385 1060 3515 1115 ἴδιον
3560 1059 3629 1134 ἦν
3676 1063 3767 1115 τοῦ

2174 1143 2351 1210 Λόγου
2381 1145 2441 1197 τὸ
2478 1146 2669 1215 σῶμα’
2702 1147 2797 1201 τοῦ
2829 1148 2885 1202 δέ
2935 1149 3190 1220 σώματος
3215 1153 3276 1204 οὐ
3308 1155 3713 1225 κεχωρισμένος
3742 1159 3769 1207 ὁ

2175 1234 2395 1299 ἐνωθεὶς
2449 1237 2599 1307 αὐτῷ
2636 1238 2843 1307 Λόγος·
2894 1245 3069 1295 νοοῖτο
3117 1244 3227 1315 γάρ
3275 1239 3377 1298 ὧδέ
3423 1263 3483 1299 τε
3528 1248 3622 1299 καὶ
3667 1248 3766 1318 οὐχ

2173 1329 2376 1399 ἑτέρως
2407 1333 2436 1385 6
2481 1331 2854 1405 Ἐμμανουὴλ,
2889 1338 3159 1397 τουτέστι.
3194 1340 3331 1393 Μεθ’
3364 1343 3524 1411 ἡμῶν
3553 1345 3581 1396 ὀ
3609 1342 3761 1407 Θεός.

2171 1422 2479 1494 Τοιγάρτοι,
2526 1426 2657 1479 ποτὲ
2692 1428 2794 1497 μέν
2835 1430 2911 1492 ὡς
2955 1430 3260 1500 ἄνθρωπος.
3300 1436 3393 1487 καὶ
3422 1437 3487 1488 ἐκ
3521 1436 3628 1489 τῶν
3665 1437 3760 1509 τῆς

2169 1515 2452 1580 κενώσεως
2501 1518 2717 1588 μέτρων
2764 1522 2956 1575 ἑαυτὸν
3010 1526 3143 1595 ἡμῖν
3201 1527 3423 1598 ἐμφανῆ
3473 1527 3760 1595 καθιστὰς,

2168 1608 2439 1675 ἔφασκεν·
2480 1629 2499 1661 ι
2539 1610 2728 1675 Οὐδεὶς
2753 1615 2901 1684 αῖρει
2932 1617 3030 1687 τὴν
3061 1615 3242 1689 ψυχήν
3275 1637 3376 1690 μου
3417 1622 3513 1674 ἀπ’
3539 1622 3675 1692 ἐμοῦ
3696 1640 3710 1653 ·
3735 1642 3756 1675 ι

2168 1701 2297 1753 ποτὲ
2325 1700 2389 1772 δὴ
2425 1699 2534 1774 [ισ.
2567 1702 2648 1775 δὲ]
2689 1705 2873 1771 πάλιν,
2904 1706 2979 1771 ὡς
3005 1709 3137 1774 Θεὸς
3169 1709 3245 1764 ῶν
3273 1712 3301 1763 6
3332 1713 3523 1781 Λόγος,
3567 1715 3661 1768 καὶ
3702 1715 3762 1781 ἐξ

2169 1791 2396 1862 οὐρανοῦ
2441 1793 2751 1865 νοοῦμενος,
2786 1798 2880 1851 καὶ
2911 1794 2991 1863 εἷς
3025 1802 3162 1870 μετὰ
3207 1803 3308 1873 τῆς
3358 1805 3495 1869 ἰδίας
3533 1808 3756 1878 σαρκὸς,

2176 1901 2193 1933 ι
2225 1883 2415 1947 Οὐδεὶς
2445 1885 2773 1958 ἀναϐέϐηκε.
2806 1890 2991 1962 φησὶν,
3027 1894 3108 1956 είς
3140 1893 3230 1946 τὸν
3260 1896 3509 1965 οὐρανὸν,
3544 1899 3592 1951 εί
3626 1900 3701 1971 μὴ
3729 1904 3759 1955 6

2168 1978 2231 2029 ἐκ
2267 1977 2362 2030 τοῦ
2393 1978 2623 2050 οὐρανοῦ
2674 1983 2939 2048 καταϐὰς,
2971 1985 2999 2037 6
3051 1985 3177 2051 Υἱὸς
3226 1987 3321 2041 τοῦ
3372 1989 3684 2060 ἀνθρώπου.
3731 2011 3754 2045 ι

2167 2067 2509 2139 Πανταχόθεν
2563 2070 2742 2150 τοίνυν
2793 2076 2874 2137 είς
2927 2075 3121 2131 ἕνωσιν
3173 2077 3506 2150 άδιάτμητόν
3559 2099 3616 2135 τε
3664 2084 3759 2137 καὶ

2164 2159 2339 2231 ἀληθῆ
2387 2148 2698 2228 συνδέοντος
2750 2167 2883 2235 ἡμῖν
2932 2166 3024 2221 τοῦ
3079 2169 3227 2241 ἱεροῦ
3279 2148 3613 2243 Γραμματος
3664 2174 3760 2228 τὸν

2166 2251 2315 2317 Υἱόν,
2350 2254 2443 2307 καὶ
2488 2258 2569 2320 εἰς
2618 2257 2907 2328 πρόσωπον
2939 2258 2999 2313 ἐν
3041 2262 3409 2335 ἀποφέροντος
3458 2267 3515 2320 ἐν
3550 2267 3756 2333 πίστει,

1942 2357 2063 2406 grc-
2165 2342 2401 2417 διίστησι
2433 2347 2713 2419 πολλαχῶς
2758 2353 2786 2405 6
2821 2353 3073 2424 περιττὸς
3116 2356 3318 2421 οὑτοσὶ,
3371 2358 3466 2412 καὶ
3511 2361 3760 2429 πεφλυά-

466 3050 703 3107 veraque
734 3047 1001 3100 sententia
1041 3051 1283 3120 neglecta
1324 3073 1337 3109 :
1380 3058 1461 3111 sic
1492 3075 1726 3133 namque
1765 3070 1939 3126 dixit:

464 3130 640 3183 καίτοι
685 3132 844 3187 τοῦτο
888 3140 1210 3208 φρονοῦντος
1243 3147 1456 3213 οὐδενός
1480 3168 1493 3183 '
1530 3153 1850 3229 ἐπανορθῶν
1887 3162 1965 3229 δὲ,
2000 3165 2077 3231 ῶς
2113 3186 2141 3222 ο

2039 2463 2063 2475 ο
2165 2453 2336 2507 ρηκεν
2373 2440 2494 2510 εἰκῆ
2533 2442 2624 2494 καὶ
2656 2442 2821 2497 αὑτοῦ
2852 2444 2946 2507 τοῦ
2997 2446 3258 2517 Χριστοῦ,
3291 2450 3423 2503 Θεὸν
3469 2452 3761 2522 ὀνομάζων

2162 2530 2254 2582 τὴν
2285 2531 2348 2583 ἐκ
2386 2530 2522 2585 Θεοῦ
2558 2534 2771 2606 Πατρός
2801 2537 3004 2606 Λόγον·
3038 2539 3285 2612 καθάπερ
3313 2542 3505 2608 ἀμέλει
3545 2545 3760 2615 προῖὼν

2164 2620 2191 2673 ὁ
2238 2622 2394 2691 λόγος
2440 2626 2705 2692 ἐκδιδάξει
2755 2630 2965 2700 σαφῶς,
2997 2633 3074 2697 ὼς
3121 2635 3178 2687 ἐν
3211 2636 3397 2708 οἰκείῳ
3441 2638 3613 2708 καιρῷ
3652 2638 3751 2692 καὶ

2041 2751 2054 2776 ,
2160 2714 2332 2784 τόπῳ.
2375 2717 2806 2774 Ὑποπλάττεται
2841 2722 2938 2792 μὲν
2982 2724 3091 2796 γὰρ
3133 2725 3363 2781 δεδιέναι
3394 2728 3469 2800 μὴ
3514 2729 3621 2800 ἄρα
3665 2748 3755 2795 τις

2034 2832 2057 2846 -
2158 2804 2300 2858 αἰδοῖ
2338 2810 2405 2879 τῇ
2454 2809 2583 2881 περὶ
2614 2810 2714 2882 τὴν
2751 2813 2913 2880 ἁγίαν
2962 2814 3235 2886 Παρθένον
3266 2818 3597 2888 ἡττώμενος,
3632 2815 3759 2876 εἶτα

2156 2895 2421 2953 Θεοτόκον
2444 2902 2615 2974 αὐτὴν
2636 2905 2929 2974 ὀνομάσας,
2956 2908 3168 2978 φυρμὸν
3189 2910 3284 2964 καὶ
3303 2911 3627 2983 ἀνάκρασιν,
3650 2914 3755 2986 τὴν

2155 2989 2236 3051 εἰς
2260 2989 2499 3061 ἀλλήλας
2522 3010 2596 3063 φη
2604 2995 2687 3065 μὶ,
2713 2996 2823 3049 τῶν
2850 2998 3208 3055 ὑποστάσεων
3228 3002 3482 3070 γενέσθαι
3498 3004 3744 3075 νομίσας,

2154 3079 2263 3132 τῶν
2287 3081 2388 3152 τῆς
2426 3084 2753 3155 Ἑκκλησίας
2783 3088 3070 3161 δογμάτων
3108 3094 3352 3167 καταχέῃ
3387 3095 3449 3149 τὸ
3476 3096 3711 3160 ἀκαλλὲς
3730 3115 3744 3130 ο

2146 3170 2307 3237 ἵεται,
2347 3173 2409 3227 τὸ
2443 3174 2638 3244 δεινὸν,
2671 3178 2783 3234 ἄνω
2812 3196 2872 3234 τε
2908 3183 3002 3237 καὶ
3026 3184 3178 3239 κάτω
3212 3186 3282 3240 τὰ
3318 3188 3497 3242 πάντα
3531 3190 3746 3260 συγχεῖ,

460 3219 570 3273 τῶν
609 3223 688 3287 είς
731 3225 999 3297 ὀρθότητα
1030 3233 1125 3286 καὶ
1156 3236 1415 3308 ἀλήθειαν
1447 3219 1748 3318 ἀφειδήσας
1785 3219 2003 3309 ἐννοιῶν
2353 3264 2529 3331 οὕτως
2549 3282 2565 3299 '

540 3312 821 3383 [Νεετοιι.
879 3321 937 3376 Si
986 3322 1090 3378 ﬁde

461 3406 607 3459 nulla
641 3421 781 3464 esset
811 3415 953 3480 apud
983 3431 1068 3470 me
1087 3418 1354 3478 dictionis
1374 3426 1601 3497 invidia,
1641 3436 1791 3490 verbi
1820 3453 2043 3497 sensum

458 3500 839 3569 exquirentem
867 3524 880 3560 :
910 3509 1004 3564 sed
1028 3512 1153 3580 quia
1185 3514 1340 3573 video
1376 3528 1427 3575 te
1462 3535 1727 3591 praetequ
1749 3545 1877 3601 erga
1914 3533 2045 3589 bea-

462 3602 568 3644 tam
593 3591 816 3650 Mariam
844 3597 1090 3668 honoris,
1121 3604 1503 3667 hmreticorum
1537 3618 1865 3678 conﬁrmare
1896 3624 2041 3683 blas-

462 3681 758 3748 phemiam,
821 3687 942 3744 ideo
983 3692 1235 3751 dictionis
1271 3700 1628 3767 prolationem
1680 3719 1838 3768 caute
1903 3732 2044 3786 pra:-

462 3775 667 3839 munio,
706 3792 829 3833 cum
880 3784 1181 3851 periculum
1234 3790 1285 3843 in
1321 3805 1385 3847 ea
1433 3794 1673 3854 dictione
1726 3802 1902 3861 latens
1949 3823 2042 3863 su-

457 3875 702 3933 spectum
741 3868 991 3927 habeam.
1028 3874 1081 3930 Id
1127 3889 1185 3932 ut
1214 3880 1418 3939 clarius
1449 3887 1645 3955 dicam,
1675 3900 1730 3945 ct
1758 3894 1827 3948 ab
1856 3899 2038 3954 omnl-

457 3955 558 4011 hus
601 3960 802 4031 percipi
847 3963 1055 4022 facilius
1087 3972 1277 4039 possit,
1317 3978 1410 4046 qui
1444 3977 1634 4035 Arium
1670 3987 1859 4042 sectati
1888 3999 2035 4056 sunt,

454 4057 505 4100 et
543 4048 867 4109 Eunomium
899 4068 952 4110 et
980 4060 1403 4133 Apollinarium,
1426 4080 1479 4125 et
1503 4075 1746 4131 omnium
1767 4079 2036 4147 ejusmodi

454 4141 672 4197 familiae
708 4145 991 4203 hominum
1019 4154 1198 4220 chori,
1259 4160 1585 4218 studuerunt
1628 4164 1722 4221 Dei
1755 4171 2036 4240 genitricis

453 4234 869 4301 appellationem
897 4244 1174 4311 invehere,
1213 4258 1270 4303 ut
1309 4250 1455 4306 facta
1476 4234 2036 4329 tuistione,‘duabus-

452 4339 558 4393 que
585 4329 796 4383 naturis
834 4332 1057 4390 minime
1087 4338 1379 4408 distinctis,
1409 4349 1541 4403 nihil
1571 4367 1635 4405 ex
1671 4355 1755 4410 his
1788 4371 1909 4425 qua
1935 4359 2038 4415 uti-

450 4416 585 4471 liora
622 4430 768 4488 snnt,
812 4423 877 4477 de
928 4426 1271 4487 humanitate
1315 4435 1520 4493 dictum
1561 4445 1925 4515 acciperetur,
1970 4465 2035 4508 ac

447 4508 600 4566 locus
634 4513 739 4568 illis
779 4516 893 4585 jam
932 4520 1196 4578 adversus
1225 4525 1394 4595 ipsam
1430 4532 1770 4593 divinitatem
1797 4550 2029 4609 pateret,

450 4611 707 4670 tanquam
758 4610 939 4663 omnia
994 4612 1062 4667 ah
1119 4629 1228 4669 uno
1282 4620 1614 4692 dicerentur,
1656 4644 1762 4684 non
1820 4633 2031 4692 ratione

447 4694 727 4763 dignitatis
778 4716 840 4755 ex
892 4703 1007 4773 ipsa
1051 4707 1437 4774 conjunctione
1489 4724 1899 4790 consequentis,
1936 4728 2031 4783 sed
2066 4722 2113 4778 Ῑ)

449 4785 618 4853 ipsius
649 4792 857 4845 ratione
894 4804 1120 4853 naturae.
1162 4799 1312 4859 Unus
1357 4816 1441 4861 est
1485 4825 1719 4881 namque
1755 4813 2028 4887 Christus,

444 4887 501 4929 et
536 4894 674 4932 unus
711 4881 989 4951 Dominus,
1039 4891 1133 4944 Sed
1172 4893 1225 4948 in
1250 4895 1491 4963 Christo,
1525 4900 1576 4954 in
1616 4905 1916 4973 unigenito,
1946 4909 2030 4963 in-

442 4988 627 5040 quam,
661 4973 818 5043 Filio,
847 4989 898 5031 et
925 4982 1122 5038 Christi
1149 5003 1342 5043 nomen
1370 5001 1424 5043 et
1455 4989 1574 5046 Filii
1611 5011 1755 5051 nunc
1788 4997 1854 5051 de
1884 4999 2024 5057 divi-

442 5068 632 5132 nitate,
664 5086 805 5126 nunc
854 5075 921 5129 de
970 5076 1323 5149 humanitate,
1357 5100 1501 5141 nunc
1552 5088 1620 5142 de
1684 5091 2025 5154 humanitate

441 5157 827 5232 divinitateque
860 5167 1101 5243 dicitur]
1234 5162 1243 5167 ⁴

1099 5311 1252 5367 CAP.
1310 5314 1349 5367 Ι.

517 5432 697 5498 \‘itles,
728 5444 784 5490 ut
827 5441 1215 5513 multiplicibus
1258 5453 1656 5512 sententiarum
1698 5467 2023 5522 commentis

438 5523 604 5593 impie
635 5530 898 5597 variatur,
949 5546 1004 5590 ct
1040 5538 1185 5592 illam
1234 5543 1535 5599 secundum
1582 5566 1804 5607 carnent
1856 5571 2023 5626 gene-

437 5614 700 5676 rationem
741 5623 1012 5695 Uuigcuiti
1047 5646 1152 5685 non
1185 5632 1345 5688 aliter
1378 5633 1611 5696 futuram
1654 5643 1820 5706 fuisse
1853 5663 2018 5706 cona-

507 5795 553 5829 ⁸⁷
577 5795 730 5860 Joao.
765 5821 818 5876 κ,
850 5806 932 5862 18.
1013 5806 1234 5866 “'Joan.
1270 5810 1333 5881 5,"
1362 5813 1444 5870 l3.

1136 3327 1364 3399 shnplici
1417 3334 1700 3405 Deiparam
1748 3346 2044 3420 proferres,

2169 3327 2181 3333 τ
2223 3327 2313 3429 ζεῖ
2344 3359 2483 3431 μετὰ
2509 3327 2754 3428 πίστεως
2787 3365 2984 3437 ἁπλῆς,
3015 3366 3095 3433 τὸ,
3125 3368 3385 3436 Θεοτόκος
3414 3373 3748 3446 προέφερες,

2151 3448 2253 3502 οὐκ
2282 3450 2347 3504 ἄν
2383 3468 2467 3505 σοι
2501 3453 2601 3525 τῆς
2632 3453 2832 3523 λέξεως
2860 3458 3156 3532 ἐφθόνησα,
3190 3463 3284 3517 τὸν
3319 3465 3443 3518 νοῦν
3474 3465 3749 3532 ἐξετάζων

2150 3537 2244 3591 τοῦ
2274 3541 2538 3611 ῥήματος.
2586 3544 2726 3598 Ἀλλ’
2760 3547 3060 3621 ἐπειδήπερ
3092 3551 3203 3623 όρῶ
3237 3569 3297 3607 σε
3333 3556 3605 3626 προφάσει
3641 3558 3746 3629 τῆς

2151 3633 2279 3702 περὶ
2307 3634 2407 3703 τὴν
2455 3636 2734 3708 μακαρίαν
2786 3640 3007 3712 Μαρίαν
3052 3643 3240 3715 τιμῆς,
3289 3645 3398 3698 τῶν
3443 3649 3744 3718 αἰρετικῶν

2150 3720 2473 3792 βεϐαιοῦντα
2520 3725 2618 3799 τὴν
2648 3726 3020 3802 βλασφημίαν,
3051 3733 3142 3790 διὰ
3171 3734 3329 3789 τοῦτο
3373 3737 3472 3809 τὴν
3513 3738 3613 3811 τῆς
3656 3740 3747 3793 λέ-

2151 3808 2286 3876 ξεως
2334 3816 2616 3887 προφορὰν
2650 3818 3018 3893 ἀσφαλίξομαι
3040 3840 3054 3855 ·
3085 3824 3178 3879 τὸν
3207 3825 3266 3879 ἐν
3302 3829 3367 3900 τῇ
3414 3808 3579 3897 λέξει-
3602 3847 3742 3903 κρυ-

2148 3903 2416 3975 πτόμενον
2450 3907 2693 3964 κίνδυνον
2724 3912 3095 3985 ὑφορώμενος.
3141 3917 3259 3972 Ἵνα
3296 3919 3354 3973 δὲ
3397 3922 3528 3975 αὐτὸ
3571 3925 3742 3991 σαφέ-

2147 4013 2357 4070 στερον,
2394 4001 2491 4055 καὶ
2522 4004 2689 4058 πᾶσιν
2727 4006 3125 4081 εὐληπτότερον
3172 4011 3332 4079 εῖπω,
3363 4016 3477 4077 τοῖς
3523 4015 3739 4089 ’Δρείου

2146 4089 2240 4142 καὶ
2286 4090 2575 4164 Εὐνομίου,
2626 4097 2723 4151 καὶ
2766 4098 3211 4174 ’Λπολλιναρίοω
3237 4105 3331 4157 καὶ
3361 4107 3578 4161 πάντων
3622 4112 3739 4174 τοῖς

2143 4184 2325 4252 χοροῖς
2354 4184 2464 4239 τῶν
2488 4190 2587 4259 τῆς
2607 4189 2860 4263 τοιαύτης
2886 4193 3121 4267 φατρίας
3144 4196 3346 4269 σπουδῇ
3370 4199 3478 4271 [ῖσ.
3504 4202 3737 4278 σπουδὴ]

2142 4273 2407 4330 Θεοτόκον
2440 4280 2700 4349 είσάγειν,
2729 4283 2802 4347 ὡς
2851 4286 3103 4357 κράσεως
3134 4291 3444 4364 γινομένης,
3481 4296 3576 4349 καὶ

2140 4362 2235 4419 δύο
2265 4368 2481 4436 φύσεων
2512 4371 2588 4443 μὴ
2615 4372 3030 4445 διαιρουμένων,
3060 4379 3227 4450 μηδὲν
3246 4381 3355 4435 τῶν
3381 4362 3623 4437 εὐτελῶν
3654 4387 3736 4451 είς

2140 4456 2241 4530 τὴν
2279 4461 2675 4535 ἀνθρωπότητα
2707 4465 3120 4536 λαμϐάνεσθαι·
3162 4473 3256 4526 καὶ
3299 4472 3484 4547 χώραν
3535 4478 3734 4543 αὐτοὺς

2139 4551 2328 4607 λοιπὸν
2374 4555 2516 4610 κατὰ
2552 4557 2653 4627 τῆς
2692 4558 2947 4632 θεότητος
2994 4562 3158 4635 ἔχειν,
3212 4564 3288 4630 ὡς
3322 4568 3540 4623 πάντων
3571 4569 3733 4639 λεγο-

2144 4648 2321 4719 μένων
2353 4651 2485 4723 παρ’
2515 4651 2657 4716 ἐνὸς,
2691 4653 2751 4706 οῦ
2785 4655 2929 4708 κατὰ
2978 4657 3077 4729 τὴν
3125 4658 3234 4712 ἀπὸ
3276 4659 3376 4731 τῆς
3434 4663 3739 4730 συναφείας

2136 4738 2319 4805 ἀξίαν,
2354 4741 2493 4795 ἀλλὰ
2514 4742 2656 4797 κατὰ
2682 4744 2782 4816 τὴν
2816 4744 2997 4814 φύσιν.
3024 4740 3118 4813 Εἷς
3150 4749 3249 4818 μὲν
3278 4748 3386 4822 γὰρ
3411 4751 3439 4804 6
3466 4751 3727 4821 Χριστὸς,

2139 4832 2233 4886 καὶ
2262 4826 2344 4897 εἷς
2382 4832 2613 4906 Κύριος·
2648 4836 2763 4891 ἀλλ’
2792 4838 2885 4892 ἐπὶ
2920 4838 3015 4893 τοῦ
3054 4840 3318 4911 Χριστοῦ,
3362 4843 3456 4896 ἐπὶ
3496 4843 3589 4898 τοῦ
3627 4861 3726 4915 μο-

2137 4923 2389 4994 νογενοῦς
2428 4924 2571 4994 λέγω
2603 4927 2757 4995 Υίοῦ,
2791 4930 2885 4985 καὶ
2929 4932 3010 4999 τὸ,
3044 4935 3298 5007 Χριστὸς,
3336 4938 3428 4990 καὶ
3458 4938 3539 5004 τὸ,
3575 4939 3723 5005 Υἱὸς,

2136 5016 2268 5070 ποτὲ
2327 5016 2429 5086 μὲν
2473 5017 2568 5072 ἐπὶ
2619 5018 2719 5089 τῆς
2771 5020 3047 5094 θεότητος,
3080 5028 3209 5080 ποτὲ
3247 5026 3302 5080 δὲ
3347 5027 3441 5081 ἐπὶ
3482 5029 3581 5100 τῆς
3626 5031 3724 5085 ἀνι

2133 5107 2500 5179 θρωπότητος,
2534 5112 2627 5164 καὶ
2667 5111 2920 5185 θεότητος
2950 5114 3061 5189 [ισ.
3098 5119 3228 5171 ποτὲ
3262 5118 3319 5175 δέ
3353 5120 3447 5174 ἐπὶ
3477 5120 3579 5193 τῆς
3628 5122 3724 5177 ἀν-

2138 5200 2536 5275 θρωπότητος.]

2681 5390 2697 5405 ,
2734 5340 2987 5397 ΚΕΦΑΛ.
3027 5346 3107 5399 A'.

2211 5469 2375 5543 Ὁρᾷς
2407 5471 2556 5537 ὅπως
2607 5475 2969 5547 πολυτρόποις
3019 5480 3243 5534 ἐννοιῶν
3274 5482 3583 5555 εὑρήμασιν
3616 5486 3712 5539 ἀν-

2127 5560 2290 5626 οσίως
2312 5566 2817 5635 καταποικίλλεται,
2843 5572 2938 5625 καὶ
2957 5570 3055 5642 τὴν
3082 5574 3225 5627 κατὰ
3255 5575 3438 5645 σάρκα
3460 5576 3712 5649 γέννησιν

2126 5655 2223 5710 τοῦ
2252 5656 2611 5729 Μονογενοῦς,
2646 5659 2723 5724 ὡς
2752 5661 2853 5716 οὐκ
2882 5663 2946 5718 ἂν
2985 5664 3188 5736 ἑτέρως
3218 5666 3483 5739 ἐσομένην
3522 5671 3704 5743 πειρᾶ-
