4150 6446
399 366 481 424 es
1568 366 1939 424 ADVEﬂSES
1983 368 2393 427 mssromun
2438 371 2567 445 un.
2609 374 2683 431 ιι..
2794 345 2801 353 ’
3635 378 3705 435 οε

400 504 499 541 ται
525 484 824 552 δεικνύειν,
859 486 911 538 εί
944 486 1023 558 μή
1052 503 1139 550 τις
1169 487 1378 555 γένοιτο
1408 485 1515 541 τῶν
1546 488 1898 542 ὑποστάσεων
1936 490 2013 553 είς

2123 498 2210 544 ιιιι·
2261 494 2567 559 ostendere,
2608 494 2712 548 nisi
2758 493 2937 564 aliqua
2980 494 3411 550 substantiarum
3460 494 3604 551 inter
3644 512 3705 551 se

404 580 654 651 ἀλλήλας
707 579 997 649 άνάχυσις,
1054 579 1224 651 ἤγουν
1273 578 1596 652 σύγκρασις.
1660 580 1857 635 Καίτοι
1906 578 2054 649 τῶν,

401 672 509 746 τῆς
555 672 894 743 Ἐκκλησίας
926 671 1269 726 διδασκάλων
1309 675 1372 727 οὑ
1415 673 1602 728 τοῦτον
1659 676 1809 745 ἡμᾶς
1848 692 2018 745 μυστ-

406 764 789 833 αγωγούντων
810 762 904 816 τὸν
932 764 1155 831 τρόπον*
1188 763 1408 818 σύνοδον
1424 764 1535 837 γάρ
1553 765 1729 836 ἀληθῆ
1758 765 2015 833 γενέσθαι

404 859 620 928 φαμὲν,
657 855 968 919 ἑνιὶισαντος
1016 859 1116 927 μὲν
1166 857 1345 928 ἑαυτῷ
1387 857 1480 910 τοῦ
1513 859 1686 927 Λόγου
1719 858 1781 912 τὸ
1829 858 2013 930 σῶμα,

408 950 798 1020 μεμενηκότος
836 949 893 1002 δὲ
941 949 1082 1021 ὅπερ
1116 944 1203 1021 ἦν.
1254 947 1312 1002 Ὀ
1363 949 1420 1003 δὲ
1472 950 1581 1004 τῶν
1627 950 1885 1005 τοιούτων
1935 953 2015 1019 εἰς

405 1043 539 1097 νοῦν
578 1043 722 1115 ἔχων
752 1043 929 1106 οὐδὲν,
960 1043 1356 1114 δεδυσσέϐηκεν
1401 1044 1462 1098 οὑ
1516 1045 1775 1117 μετρίως,
1806 1045 2015 1112 διῖστάς

405 1139 489 1199 είς
520 1137 618 1189 δύο
651 1134 925 1207 πρόσωπά
956 1152 1040 1202 τε,
1073 1136 1165 1188 καὶ
1201 1136 1549 1200 ὑποστάσεις,
1575 1137 1884 1210 ὑλοτρόπως
1917 1138 2015 1192 ἀλ-

404 1227 591 1296 λήλων
645 1224 1011 1299 διῃρημένας,
1067 1225 1307 1298 ἑκατέρᾳ
1353 1243 1413 1279 τε
1463 1224 1654 1294 λόγους
1695 1227 1823 1293 τοὺς
1873 1227 2061 1300 αὑτῇ·

406 1319 731 1388 πρέποντας
779 1316 1058 1381 ἀνατιθεὶς
1118 1317 1319 1381 ίδικῶς.
1375 1316 1487 1370 Καὶ
1543 1317 1706 1372 πάλιν
1738 1318 1835 1373 ἕνα
1879 1319 2015 1402 φησι

402 1407 652 1480 Χριστὸν
701 1407 910 1478 Ἰησοῦν
940 1408 1168 1478 Κύριον,
1201 1406 1276 1470 ὼς
1310 1405 1602 1477 ἀνθρώπου
1651 1405 1770 1477 Θεῷ
1811 1423 2014 1477 συνημ-

404 1502 578 1573 μένου
610 1500 758 1554 κατά
791 1500 961 1571 μόνην
994 1499 1094 1570 τὴν
1128 1498 1306 1565 ἀξίαν,
1337 1498 1398 1551 οὑ
1435 1499 1556 1552 καθ’
1587 1498 1781 1552 ἕνωσιν
1812 1498 2011 1570 ἀληθῆ,

399 1594 683 1658 τουτέστι,
735 1591 833 1664 τὴν
887 1591 1031 1646 κατά
1083 1590 1266 1662 φύσιν.
1316 1588 1440 1655 Πῶς
1472 1586 1567 1645 οὖν
1597 1592 1714 1645 ἐστι
1748 1589 1858 1663 [Ζσ.
1893 1590 2014 1656 πῶς

402 1682 502 1740 οὖν
537 1678 622 1748 εἷς
663 1681 807 1756 ἐστι]
860 1681 1101 1754 Χριστὸς
1148 1682 1240 1735 καὶ
1290 1680 1419 1745 Υἱὸς
1466 1680 1529 1733 τὸ
1576 1679 1800 1752 Κύριος,
1854 1679 2013 1752 εἴπερ

399 1781 616 1849 ἀμφοῖν
662 1777 769 1831 ἀνά
819 1776 985 1849 μέρος
1016 1774 1312 1846 ἀρμόσειεν
1342 1773 1430 1839 ἂν,
1463 1772 1540 1838 ὡς
1579 1772 1736 1844 ἔφης,
1786 1772 1868 1836 τὸ,
1904 1768 2013 1827 ὧδέ

399 1888 463 1925 τε
495 1868 999 1941 κατονομάζεσθαι,
1034 1868 1130 1922 καὶ
1163 1863 1302 1922 εἶναι
1330 1865 1475 1921 κατά
1501 1865 1781 1936 ἀλήθειαν,
1809 1864 1899 1918 διά
1924 1880 2008 1918 τοι
2039 1852 2084 1908 Β

397 1964 463 2018 τὸ
519 1962 805 2034 συμϐῆναι
854 1962 978 2016 καθ’
1011 1961 1208 2015 ἕνωσιν
1250 1960 1451 2031 ἥκιστα
1481 1958 1580 2029 μὲν
1616 1957 1862 2027 ἀλλήλων
1908 1954 2013 2029 τὰς

402 2056 764 2120 ὑποστάσεις,
798 2052 1054 2108 ὲνοῦσθαι
1087 2052 1144 2106 δὲ
1174 2051 1318 2106 κατὰ
1344 2051 1519 2123 μόνην
1544 2051 1644 2122 τὴν
1676 2049 1861 2117 ἀξίαν,
1887 2050 2011 2122 ἤτοι

400 2148 504 2220 τὴν
549 2146 869 2211 αὑθεντίαν,
923 2147 1096 2215 ἠγουν
1133 2144 1413 2211 ἐξουσίαν·
1468 2144 1571 2198 κάν
1613 2160 1699 2197 τοι
1746 2141 1848 2211 τὰς
1896 2130 2013 2198 τῶν

403 2241 760 2313 πραγμάτων
800 2236 1392 2310 πολυπραγμονοῦντες
1437 2235 1652 2308 φύσεις,
1682 2237 1752 2290 τά
1797 2236 1857 2288 ἐν
1894 2235 2006 2288 ίσό-

398 2350 530 2403 τητι
567 2332 672 2402 τῆς
704 2330 889 2398 ἀξίας,
929 2330 990 2383 οὐ
1023 2329 1228 2401 ταύτης
1259 2329 1423 2384 ἕνεκα
1458 2329 1558 2401 τῆς
1592 2329 1772 2393 αἰτίας
1802 2327 2007 2382 ἀποϐε-

400 2425 653 2495 ϐληκότα
686 2422 1145 2494 καταθρήσαιμεν
1192 2421 1259 2477 ἂν
1293 2423 1356 2477 τὸ
1394 2421 1663 2493 ὑπάρχειν
1705 2421 2006 2477 ἰδιοσυστά-

398 2536 533 2581 τως.
596 2515 738 2570 Οὑτε
790 2515 898 2587 μὴν
953 2516 1015 2569 τὸ
1069 2516 1368 2586 ἰσομοιρεῖν
1415 2516 1498 2579 είς
1547 2513 1728 2580 δόξαν,
1780 2514 2006 2584 ἀρκέσει

401 2611 545 2683 πρὸς
580 2611 777 2664 ἕνωσιν
799 2625 814 2641 ⁸
849 2605 959 2663 οἷόν
990 2608 1045 2662 τί
1079 2625 1222 2679 φημι
1241 2627 1252 2639 ·
1277 2607 1483 2680 Πέτρος
1510 2624 1569 2662 τε
1598 2608 1691 2669 καὶ
1730 2607 2005 2677 Ἰωάννης,

399 2705 577 2775 ἄμφω
610 2704 715 2775 μὲν
742 2704 917 2775 ἤστην
964 2700 1254 2754 ἀπόστολοί
1295 2717 1355 2755 τε
1406 2702 1499 2755 καὶ
1542 2700 1711 2770 ἅγιοι,
1747 2700 1844 2754 καὶ
1887 2703 2009 2764 ταῖς

400 2798 726 2868 ίσομέτροις
761 2798 974 2866 τιμαῖς,
1007 2796 1103 2849 καὶ
1139 2794 1402 2865 δυνάμεσι
1433 2797 1556 2857 ταῖς
1588 2794 1676 2848 διά
1705 2793 1815 2863 τοῦ
1836 2794 2007 2848 Πνεύ-

400 2907 581 2961 ματος
619 2887 1090 2960 κατηγλαῖσμὲνοι
1125 2887 1278 2960 παρὰ
1309 2886 1406 2942 τοῦ
1441 2887 1660 2945 πάντων
1701 2886 1861 2959 ἡμῶν
1891 2887 2005 2941 Σω-

396 2982 571 3052 τῆρος
593 2978 837 3052 Χριστοῦ
852 2996 865 3009 ·
884 2980 1084 3049 ἢκουον
1106 2977 1216 3049 γὰρ
1233 2977 1369 3048 ὁμοῦ
1396 2981 1509 3041 τοῖς
1532 2978 1715 3041 ἄλλοις
1734 2995 1747 3007 ·
1767 2996 1787 3030 ι
1817 2978 2007 3049 Ὑμεῖς

396 3079 530 3126 ἐστε
598 3071 662 3124 τὺ
715 3072 833 3141 φῶς
868 3069 964 3123 τοῦ
1021 3070 1232 3141 κόσμου
1301 3089 1322 3122 ι
1384 3069 1596 3124 τούτου.
1653 3069 1761 3124 Καὶ
1803 3069 2003 3124 πάλιν·

401 3184 423 3217 ι
488 3163 885 3227 Ἀσθενοῦντας
915 3162 1247 3235 θεραπεύετε
1269 3180 1283 3193 ·
1334 3163 1562 3234 νεκροὺς
1606 3162 1849 3259 ἐγείρετε
1869 3178 1882 3193 ’
1917 3161 2006 3259 λε-
2035 3202 2079 3259 C

398 3261 584 3330 προὺς
628 3255 998 3329 καθαρίζετε·
1046 3255 1302 3325 δαιμόνια
1333 3254 1642 3309 ἐκϐάλλετε.
1682 3271 1701 3305 ι
1740 3250 1886 3326 Ἆρα
1913 3248 2006 3307 οὖν

395 3352 462 3417 ἐξ
491 3347 883 3421 ίσομοιρούσης
913 3345 1093 3412 ἀξίας,
1121 3346 1286 3416 ἧγουν
1316 3344 1602 3406 αὑθεντίας
1627 3344 1809 3405 αὐτοῖς
1831 3342 2007 3412 ὑπάρ-

397 3443 493 3507 ξαι
548 3441 760 3509 φαμὲν,
816 3438 880 3490 τὸ
932 3439 1012 3500 εἰς
1075 3434 1363 3506 ἄνθρωπον
1417 3432 1512 3487 ἕνα
1550 3428 2003 3498 καταλογίζεσθαι

394 3535 530 3597 τοὺς
563 3533 683 3595 δύο,
716 3532 812 3586 καὶ
841 3532 1001 3602 ἀρκεῖ
1027 3529 1187 3603 τοῦτο
1215 3528 1351 3599 πρὸς
1381 3527 1595 3588 ἕνωσιν,
1624 3524 1721 3596 τὴν
1746 3524 1822 3587 ὡς
1852 3524 1908 3577 ἐν
1938 3540 2003 3592 γε

393 3629 522 3690 ταῖς
552 3625 896 3678 ὑποστάσεσι
925 3621 1104 3690 λέγω;
1130 3615 1267 3673 Εἶτα
1296 3617 1413 3681 πῶς
1436 3619 1537 3672 οὑκ
1568 3616 1776 3687 ἠλίθιον
1803 3616 2001 3687 κομιδῇ

395 3720 462 3772 τὸ
517 3712 627 3771 ᾆδε
681 3718 925 3788 φρονεῖν.
974 3714 1135 3767 νοοῖτ⁸
1174 3711 1242 3766 ἂν
1287 3711 1549 3777 εἰκότως;
1600 3711 1665 3765 Τί
1712 3710 2002 3780 τοιγαροῦν

395 3810 733 3879 ὑποπλάττῃ
783 3808 883 3877 μὲν
917 3801 1059 3860 εἶναι
1098 3804 1196 3875 τὴν
1242 3805 1424 3858 πίστιν
1456 3803 1638 3875 ὀρθὸς,
1686 3802 1782 3856 ἕνα
1828 3802 2004 3871 λέγων

394 3903 647 3977 Χριστὸν
710 3900 920 3971 Ἰησοῦν
969 3899 1208 3969 Κύριονο
1269 3893 1386 3950 εἶτα
1437 3896 1738 3967 διατέμνων
1791 3898 1871 3959 εἰς
1912 3894 2017 3948 δύο.

394 3993 683 4069 πρόσωπά
716 4010 779 4047 τε
827 3991 923 4045 καὶ¹
969 3990 1298 4052 ὑποστάσεις
1343 3988 1434 4042 τὸν
1479 3986 1594 4051 ἕνα,
1633 3986 1729 4040 καὶ
1772 3986 1863 4039 τὸν
1905 3987 2003 4056 μὲν

394 4092 501 4163 τῆς
529 4085 778 4159 ἀληθοῦς
810 4083 1057 4147 ὲνώσεως
1089 4082 1377 4152 ἀτιμάζεις
1410 4080 1633 4146 τρόπον,
1662 4080 1729 4131 δι’
1769 4074 1839 4150 ἧς
1870 4078 2005 4149 ἁλη-

395 4184 513 4246 θῶς
558 4176 650 4243 εἷς
683 4195 750 4231 τε
784 4177 878 4231 καὶ⁸
922 4177 1084 4246 μόνος
1118 4174 1184 4229 ἂν
1211 4174 1299 4245 εἴη
1336 4175 1365 4227 ό
1397 4171 1635 4241 Χριστός
1661 4189 1674 4202 ·
1712 4171 2005 4239 συνάφειαν

394 4277 453 4332 ἃ
490 4273 720 4346 ἀληθῶς
758 4271 1049 4340 ὀνομάζεις
1090 4270 1191 4340 τὴν
1227 4267 1536 4338 ίσοτιμίαν;
1586 4266 1746 4327 Ποῖος
1776 4264 1885 4335 γὰρ
1917 4258 2000 4318 οὗ·

394 4371 489 4433 τός
518 4371 644 4422 ἐστι
675 4365 976 4434 συναφείας
1009 4363 1245 4434 τρόπος;
1286 4363 1356 4414 Ἣ
1402 4360 1503 4413 οὑκ
1546 4352 1703 4412 οἶσθα
1742 4357 1823 4410 ὅτι
1851 4355 2003 4424 φίλον

394 4480 524 4524 πως
569 4460 667 4513 ἀεὶ
715 4460 832 4519 τοῖς
868 4455 1007 4509 κατά
1053 4453 1203 4510 τόνδε
1236 4452 1328 4507 τὸν
1358 4452 1490 4523 βίον,
1536 4450 1597 4503 τὸ
1636 4452 1696 4504 ὲν
1735 4447 2005 4511 εὑκλείαις

2125 580 2448 649 confusione
2499 594 2595 639 aut
2648 586 3030 649 commistione
3074 585 3236 651 facta,
3275 602 3399 642 cum
3454 587 3704 642 doctores

2117 671 2376 729 Ecclesiae
2402 690 2510 730 non
2538 676 2686 732 hunc
2710 679 2926 731 modmn
2958 679 3116 733 nobis
3140 679 3483 733 tradiderint.
3508 679 3704 734 Veram

2118 780 2359 835 namque
2382 768 2826 836 conjunctionem
2855 768 3052 823 factam
3089 770 3344 836 dicimus,
3374 771 3445 824 ita
3478 780 3537 823 ut
3571 769 3702 824 Vero

2116 859 2244 913 hum
2283 856 2389 912 sibi
2430 858 2651 927 quidem
2689 872 2887 927 corpus
2918 859 3124 923 uniret,
3169 861 3264 915 sed
3313 861 3364 913 id
3397 862 3539 927 quod
3584 868 3702 915 erat

2119 960 2511 1019 permaneret:
2562 951 2651 1006 hic
2700 966 2830 1011 vero
2876 950 2986 1022 34
3031 952 3165 1006 nihil
3212 952 3479 1021 ejusmodi
3519 954 3703 1007 conci-

2115 1040 2272 1110 piens
2304 1042 2507 1107 animo,
2537 1057 2644 1096 non
2685 1044 2944 1098 mediocri
2971 1043 3264 1112 impietatis
3296 1044 3524 1098 crimine
3555 1042 3690 1096 Iaho-

2115 1142 2223 1195 rat,
2268 1148 2390 1189 cum
2453 1132 2508 1186 in
2566 1134 2702 1188 duas
2764 1148 3029 1203 personas
3084 1142 3141 1189 et
3184 1134 3321 1189 duas
3380 1135 3700 1204 hypostases

2114 1223 2336 1283 omnino
2361 1224 2504 1280 inter
2523 1239 2583 1281 se
2610 1225 2854 1282 diversas
2883 1226 3214 1295 abiunxerit,
3236 1228 3306 1280 ita
3336 1236 3396 1280 ut
3417 1240 3699 1281 sermones

2113 1317 2313 1386 cuique
2357 1318 2753 1373 conuenientes
2802 1321 3024 1389 utrique
3055 1335 3300 1388 personae
3343 1321 3559 1390 proprie
3602 1320 3699 1373 tri-

2112 1409 2348 1464 bueret:
2384 1420 2442 1465 et
2485 1426 2677 1467 rursus
2705 1426 2870 1466 unum
2895 1412 3030 1467 dicit
3064 1413 3343 1467 Christum
3370 1410 3556 1466 Jesum
3594 1411 3700 1466 Do-

2113 1500 2349 1566 minum,
2380 1511 2638 1572 tanquam
2672 1503 2787 1559 sola
2820 1504 3102 1575 dignitatis
3134 1507 3370 1572 ratione,
3409 1520 3516 1559 non
3568 1521 3696 1559 vera

2113 1592 2335 1656 unione,
2367 1593 2472 1649 hoc
2492 1603 2599 1659 est,
2623 1607 2731 1648 non
2760 1595 3063 1650 secundum
3090 1606 3362 1660 naturam,
3388 1596 3552 1650 homo
3572 1610 3695 1650 cum

2113 1680 2228 1737 Deo
2271 1684 2598 1753 coniunctus
2632 1689 2726 1743 sit.
2756 1688 3004 1755 Quonam
3042 1689 3209 1760 igitur
3258 1690 3419 1745 modo
3446 1705 3587 1744 unus
3613 1699 3696 1744 est

2114 1773 2397 1843 Christus,
2444 1787 2500 1832 et
2532 1778 2573 1833 F
2581 1780 2703 1836 ilius
2739 1780 3025 1847 Dominus,
3058 1780 3330 1851 siquidem
3374 1791 3435 1835 ut
3470 1782 3694 1844 asseris,

2112 1866 2333 1937 utrique
2350 1870 2591 1927 seorsim.
2614 1873 2875 1928 convenit
2895 1888 3002 1927 non
3023 1875 3186 1929 modo
3203 1874 3359 1928 utsic
3374 1871 3694 1943 appelletur,

2111 1975 2302 2025 verum
2332 1962 2495 2019 etiam
2526 1973 2585 2019 ut
2607 1966 2679 2020 sit
2708 1979 2857 2032 vere,
2883 1979 3009 2020 cum
3040 1965 3147 2019 isto
3179 1966 3340 2019 modo
3365 1964 3457 2018 ﬁat
3486 1973 3546 2017 ιιι
3566 1965 3698 2019 sub-

2113 2056 2331 2111 stantiae
2372 2058 2595 2113 minime
2643 2058 2788 2112 inter
2838 2073 2898 2113 se
2937 2059 3237 2114 secundum
3272 2059 3528 2113 unionem
3565 2073 3700 2112 con.

2111 2142 2391 2207 venerint,
2423 2145 2521 2201 sed
2568 2144 2743 2200 solum
2787 2147 3087 2201 secundum
3129 2148 3443 2216 dignitatem
3477 2147 3560 2202 vel
3604 2163 3699 2201 au-

2111 2233 2444 2303 ctoritatem,
2482 2236 2565 2291 vel
2600 2247 2927 2307 potestatem
2965 2239 3135 2293 unitas
3152 2239 3487 2309 sint?Atqui
3518 2240 3563 2295 si
3600 2256 3697 2294 nas

2113 2334 2264 2383 turas
2282 2342 2464 2383 rerum
2494 2331 2943 2401 pervestigemus,
2966 2332 3270 2389 videbimus
3282 2348 3404 2403 qua:
3427 2334 3543 2402 pari
3571 2344 3697 2388 sunt

2111 2418 2395 2489 dignitate,
2428 2435 2535 2475 non
2572 2436 2639 2476 ea
2679 2423 2749 2477 de
2799 2437 2963 2479 causa
3012 2424 3063 2479 id
3099 2425 3352 2479 anilitere
3398 2439 3465 2478 ne
3510 2426 3694 2480 minus

2119 2510 2235 2580 ipsa
2276 2514 2500 2583 preprie
2551 2515 2919 2584 privatimque
2963 2517 3286 2582 consistant,
3334 2533 3507 2588 neque
3551 2518 3695 2587 quod

2112 2603 2236 2671 pari
2265 2604 2378 2658 sint
2406 2605 2579 2674 gloria
2609 2607 2662 2660 id
2693 2607 2760 2662 ad
2783 2609 3035 2663 unionem
3060 2607 3396 2665 elﬁcicndam
3426 2609 3691 2665 sumi-ero.

2114 2692 2275 2749 Verbi
2321 2698 2517 2763 gratia,
2568 2696 2771 2753 Petrus
2802 2710 2856 2753 et
2900 2698 3143 2755 Joannes
3176 2703 3336 2756 ambo
3368 2710 3421 2755 et
3460 2701 3692 2769 apostoli

2110 2797 2163 2841 et
2206 2790 2379 2843 sant-ti
2417 2790 2517 2843 viri
2570 2800 2752 2860 erant,
2787 2801 2842 2847 et
2872 2794 2988 2861 pari
3020 2795 3225 2848 honore
3267 2808 3330 2848 ac
3368 2797 3569 2847 virtute
3600 2811 3697 2863 per

2111 2876 2376 2946 Spiritum
2422 2892 2668 2936 sanctum
2734 2885 2804 2941 ab
2848 2886 3092 2955 omnium
3141 2886 3424 2940 Salvatore
3473 2885 3694 2940 Christo

2110 2971 2353 3028 decorati
2391 2990 2406 3027 :
2443 2976 2604 3029 simul
2632 2977 2781 3031 enim
2817 2992 2939 3031 cum
2987 2980 3203 3033 ceteris
3237 2979 3340 3032 sihi
3372 2980 3573 3033 dictum
3599 2995 3696 3032 au-

2111 3063 2368 3119 dierant:
2406 3084 2426 3116 ι
2460 3066 2567 3121 Vos
2597 3069 2732 3121 estis
2762 3068 2851 3122 lux
2886 3070 3072 3123 mundi
3106 3089 3126 3122 ι
3163 3070 3326 3140 hujus
3353 3070 3442 3125 “:
3478 3079 3533 3123 et
3580 3086 3695 3123 rur-

2110 3169 2266 3213 sum:
2295 3173 2316 3208 ι
2352 3155 2600 3211 lulirmos
2623 3170 2835 3226 curate,
2862 3171 3108 3216 mortuos
3136 3162 3417 3228 suscitato,
3449 3163 3695 3231 leprosos

2116 3247 2393 3311 mumdate,
2446 3248 2712 3304 daemonia
2759 3251 2942 3319 cjicite
2984 3253 3053 3311 ⁸⁸.
3101 3272 3121 3306 ι
3174 3254 3309 3310 Num
3345 3271 3475 3329 ergo
3517 3272 3582 3311 ex
3630 3274 3695 3312 eo

2114 3337 2258 3406 quod
2319 3339 2434 3409 pari
2481 3351 2639 3394 erant
2694 3343 2960 3413 dignitate
3016 3346 3102 3401 vel
3157 3349 3509 3414 auctoritate,
3560 3349 3693 3403 illud

2110 3427 2274 3481 etiam
2302 3444 2399 3486 eos
2433 3434 2686 3488 habuisse
2719 3449 3055 3502 asseremus,
3080 3447 3138 3492 ut
3170 3455 3293 3493 cum
3349 3442 3452 3494 duo
3484 3449 3693 3502 essent,

2112 3533 2254 3573 unus
2301 3521 2463 3576 homo
2509 3528 2870 3581 censeretur?
2914 3529 3079 3599 idque
3129 3530 3195 3585 ad
3242 3532 3498 3587 unionem
3543 3544 3694 3587 certe

2109 3610 2472 3683 hypostaseon
2509 3631 2632 3672 esse
2674 3620 2854 3673 satis?
2890 3619 3056 3691 Atqui
3098 3637 3274 3676 nonne
3310 3623 3692 3677 Stultissimum

2110 3709 2443 3763 censendum
2485 3712 2555 3765 sit
2597 3713 2667 3765 ita
2694 3715 2946 3768 sentire?
2968 3716 3078 3769 Cur
3107 3731 3236 3784 ergo
3274 3724 3326 3793 te
3356 3716 3583 3770 simulas
3608 3732 3692 3769 re-

2113 3808 2257 3853 ctam
2290 3799 2448 3853 lidem
2490 3811 2698 3867 tenere,
2726 3820 2848 3858 cum
2875 3806 3151 3860 Christum
3180 3805 3362 3860 Jesum
3405 3806 3691 3860 Dominum

2109 3893 2247 3947 dicis
2271 3894 2491 3961 quidem
2523 3911 2712 3960 unum,
2743 3898 2838 3950 sed
2870 3898 3013 3952 hunc
3045 3913 3212 3950 unum
3254 3899 3307 3951 in
3337 3899 3470 3951 duas
3514 3914 3696 3967 perso-

2111 4000 2209 4039 nas
2257 3996 2313 4039 et
2366 3987 2688 4056 hyposmses
2731 3988 2966 4041 dividis?
3004 3997 3058 4042 ct
3101 4003 3243 4041 verze
3292 3988 3437 4044 illius
3478 3989 3693 4044 unionis

2112 4079 2355 4141 modum,
2403 4093 2498 4145 per
2544 4093 2704 4145 quem
2733 4094 2862 4132 vere
2892 4094 3031 4133 unus
3076 4095 3141 4134 ac
3171 4082 3317 4135 solus
3359 4095 3479 4135 esse
3509 4092 3691 4149 potest

2111 4168 2384 4232 Christus,
2411 4170 2706 4239 improbas,
2729 4170 2872 4225 illam
2908 4187 3039 4226 vero
3073 4172 3297 4228 honoris
3324 4175 3687 4243 aequalitatem

2109 4275 2239 4316 vere
2290 4264 2725 4329 coniunctionem
2778 4265 3057 4334 appellas?
3096 4267 3283 4332 Qualis
3317 4270 3460 4323 enim
3504 4270 3550 4324 is
3607 4278 3692 4324 est

2114 4354 2522 4423 conjunctionis
2571 4355 2806 4411 modus?
2832 4358 2913 4410 An
2951 4358 3168 4427 ignoras
3201 4375 3399 4428 cupere
3443 4360 3691 4415 homines

2111 4446 2201 4513 qui
2229 4446 2284 4499 in
2316 4444 2420 4499 hoc
2449 4447 2649 4501 saeculo
2679 4458 2986 4511 versantur,
3017 4451 3286 4503 mundana
3313 4453 3467 4515 potiri
3494 4454 3689 4519 gloria,

394 4550 549 4608 εἶναι
582 4551 906 4621 κοσμικαῖς,
942 4547 993 4599 οἳ
1023 4547 1120 4608 τὰς
1151 4543 1304 4614 παρά
1337 4543 1446 4596 τῶν
1474 4533 1819 4612 κρατούντων
1851 4539 2004 4593 113.00-

2115 4551 2320 4606 eosque
2354 4554 2382 4590 a
2410 4540 2747 4607 principibus
2773 4541 3008 4595 honores
3042 4543 3299 4609 consequi
3322 4542 3470 4595 ?Sed
3499 4558 3690 4610 quam-

395 4645 561 4727 τοῦσι
604 4643 810 4713 τιμάς;
858 4639 1000 4692 Ἀλλ’
1049 4640 1108 4691 ἐν
1148 4638 1283 4700 ῐσοις
1317 4636 1470 4698 ὄντες
1513 4634 1841 4703 ἀξιώμασιν,
1892 4631 2006 4685 ἔσθ’

396 4725 517 4807 ὅτε,
561 4738 919 4807 διεστήκασιν
953 4732 1204 4804 ἀλλήλων
1244 4729 1477 4800 ὑπάρξει
1520 4744 1581 4782 τε
1619 4730 1685 4799 τῇ
1715 4725 1837 4781 καθ’
1878 4725 2011 4793 ἕνα,

394 4830 586 4901 φημὶ,
639 4827 739 4880 καὶ
786 4825 971 4895 μέντοι
1012 4822 1073 4875 τὸ
1124 4821 1233 4894 lla.
1285 4820 1385 4892 τῷ]
1420 4819 1704 4890 βούλεσθαι
1749 4820 1818 4871 τὰ
1866 4817 2004 4871 αὑτὰ

391 4923 626 4993 φρονεῖν
657 4934 720 4970 τε
748 4919 843 4969 καὶ
871 4916 1005 4986 δρᾷν
1025 4932 1039 4944 ·
1074 4912 1190 4967 ἀλλ’
1211 4913 1370 4983 εἴπερ
1397 4907 1466 4983 ἦν
1495 4927 1579 4975 τις
1609 4910 1806 4982 δεσμὸς
1837 4911 2007 4978 ἀναγ-

295 5050 310 5073 ο
394 5020 557 5077 καῖος
608 5012 694 5072 εἰς
747 5008 980 5075 ἑνότητα
1040 5005 1315 5074 συλλέγων
1353 5004 1553 5067 αὐτοὺς
1604 5004 1703 5074 τῆς
1760 5001 1918 5068 ἀξίας
1968 5004 2027 5055 ὁ-

388 5110 624 5177 τρόπος,
662 5099 922 5170 καθάπερ
954 5096 1156 5167 ἀμέλει
1196 5098 1292 5151 καί
1323 5095 1595 5166 σύμϐασις
1645 5094 1872 5166 φυσικὴ,
1902 5095 2002 5147 οὐκ

388 5203 453 5253 io
506 5194 839 5263 ενλσότητι
874 5188 1089 5262 γερῶν,
1127 5191 1247 5262 ἦτοι
1293 5191 1393 5259 τῆς
1439 5188 1597 5255 ἀξίας
1640 5189 2019 5259 ὑπάρχον-δεῇ.

390 5285 745 5343 ζεποστάσεσί
760 5300 821 5337 τε
844 5284 941 5336 καὶ
959 5281 1178 5353 γνώμῃ,
1202 5283 1283 5345 είς
1309 5281 1371 5334 τὸ
1393 5281 1578 5352 ἔτερος
1603 5277 1741 5334 εἶναι
1766 5280 1862 5334 καὶ
1887 5280 2031 5333 ἔτεσι

389 5400 487 5453 ρος
538 5378 732 5441 ἱδικῶς
774 5375 1023 5445 ἀλλήλων
1070 5372 1523 5442 ἀπενοσφίζοντοσ
1566 5370 1676 5426 Ποῦ
1705 5369 1999 5441 τοιγαροῦν

384 5478 487 5547 τὴν
540 5473 642 5544 σὴν
687 5469 991 5539 συνάφειαν
1034 5465 1305 5537 θήσομεν;
1339 5463 1403 5516 Τί
1451 5463 1509 5516 δὲ
1539 5462 1636 5515 καὶ
1665 5462 1861 5532 δρᾶσαι
1909 5461 2039 5515 λον

386 5566 707 5638 γισόμεθα;
755 5560 1200 5632 Ὁμογνωμονεῖν
1249 5556 1359 5629 ἄρα
1399 5556 1661 5609 πέπεικεν
1703 5555 1930 5617 αὐτοὺς,
1965 5553 1997 5624 ἢ

390 5660 681 5732 συμϐῆναι
716 5653 1142 5727 παρεσκεύασεν
1175 5651 1257 5713 εἰς
1290 5650 1519 5719 ἑνότητα
1572 5647 1840 5719 μυστικήν
1878 5643 1995 5716 [hx

468 5843 733 5901 "Matth.
765 5857 820 5909 v,
857 5841 944 5896 t4.
1025 5839 1072 5870 ’θ
1099 5835 1290 5891 Matth.
1327 5850 1381 5902 ιι,
1410 5835 1464 5889 8.

2111 4630 2193 4684 vis
2231 4644 2620 4698 nonnunquam
2661 4633 2924 4699 a'qualem
2976 4632 3209 4686 habeant
3256 4633 3538 4703 dignitatis
3565 4649 3692 4704 gra-

2108 4723 2261 4786 dum,
2307 4733 2487 4779 tamen
2539 4724 2772 4779 invicem
2813 4727 3018 4780 distant
3061 4736 3173 4780 tum
3214 4728 3474 4797 singulari
3515 4731 3695 4784 subsi-

2108 4816 2328 4880 stentia,
2372 4825 2484 4872 tum
2517 4832 2649 4872 vero
2675 4818 2727 4872 in
2764 4832 2830 4873 eo
2858 4820 3000 4887 quod
3031 4835 3135 4874 non
3166 4822 3354 4875 eadem
3390 4836 3579 4890 sapere
3604 4832 3692 4877 at-

2108 4921 2217 4976 que
2259 4908 2520 4976 perlicere
2550 4908 2700 4963 libet.
2736 4910 2897 4977 Atqui
2933 4909 2978 4963 si
3020 4909 3301 4980 dignitatis
3335 4914 3472 4967 ratio
3501 4913 3690 4967 vincu-

2108 5000 2219 5056 lum
2260 5012 2405 5057 esset
2437 5001 2804 5056 necessarium
2839 5017 2946 5072 quo
2972 5004 3025 5057 in
3069 5003 3330 5058 unitatem
3363 5004 3692 5075 colligeren-

2112 5106 2220 5161 tur,
2263 5105 2322 5148 ut
2355 5106 2440 5150 est
2479 5094 2664 5163 procul
2697 5095 2861 5149 dubio
2903 5095 2991 5149 illa
3037 5095 3351 5165 coniunctio
3400 5097 3685 5160 naturalis,

2111 5203 2388 5257 nunquam
2427 5187 2480 5240 in
2514 5186 2780 5240 honorum
2812 5187 2899 5241 vel
2928 5186 3210 5257 dignitatis
3248 5187 3559 5257 aequalitate
3597 5204 3692 5256 po-

2109 5280 2219 5345 siti,
2271 5279 2548 5349 hypostasi
2582 5288 2744 5347 atque
2776 5280 2939 5332 etiam
2967 5279 3233 5332 sententia
3262 5279 3514 5347 privatim
3552 5279 3695 5332 inter

2110 5387 2169 5427 se
2193 5374 2622 5441 sejungerentur,
2652 5369 2759 5442 35
2792 5381 2852 5424 ut
2898 5371 3036 5424 alter
3076 5371 3165 5424 hic
3209 5379 3375 5430 esset,
3409 5368 3498 5421 ille
3532 5369 3688 5423 alter.

2110 5463 2228 5531 Quo
2284 5463 2449 5533 igitur
2502 5462 2620 5516 loco
2677 5471 2824 5515 tuam
2881 5461 3325 5530 coniunctionem
3387 5459 3696 5529 ponemus?

2110 5553 2310 5623 quidve
2358 5548 2575 5607 eﬂlcere
2618 5550 2959 5622 putabimur?
3000 5550 3389 5606 Consentireue
3431 5550 3594 5620 igitur
3640 5548 3694 5603 il-

2112 5645 2176 5701 lis
2230 5643 2522 5714 persuasit.
2559 5654 2652 5699 aut
2708 5641 2837 5699 fecit
2887 5651 2946 5699 ut
2976 5642 3047 5711 ⁸ἱιι
3100 5641 3383 5712 mySticam
3432 5640 3693 5697 unitatem
