4150 6446
465 379 535 434 67
1322 416 1327 420 .
1495 377 1555 433 s.
1595 375 1877 435 CYRILLI
1915 374 2386 432 ALEXANDRINI
2428 373 2749 433 Ancutsr.
3680 363 3794 438 es‘

465 493 871 551 convenirent?
927 493 1034 549 Sed
1065 492 1249 549 dicere
1272 493 1329 547 id
1364 506 1470 547 non
1514 494 1739 564 poteris.
1771 493 1905 549 Nam
1941 494 2043 548 hac

2166 490 2449 564 ρυσικήν];
2486 491 2627 544 Ἀλλ’
2653 491 2755 545 οὐκ
2788 490 2852 544 ἂν
2889 489 3031 561 ἔχοις
3072 490 3264 544 εἰπεῖν·
3300 488 3601 559 Ἐκδέδειχε
3625 490 3751 563 ,γὰρ

470 585 686 640 ratione
736 586 1169 640 demonstratum
1199 591 1307 649 est,
1340 582 1485 638 illam
1509 598 1632 639 esse
1664 585 1717 639 in
1767 597 2055 655 utramque

465 686 679 743 partem
713 678 1009 732 admodum
1044 676 1343 732 inﬁrmam.
1387 675 1519 731 Illud
1550 691 1769 748 quoque
1803 678 1934 731 mihi
1966 692 2056 731 ex-

473 766 644 836 plices
689 768 879 834 velim,
926 784 1052 824 nam
1099 781 1291 837 rogare
1331 770 1642 822 necessario
1685 783 1872 838 cogor,
1924 767 2054 837 quid

471 859 588 927 ipsa
616 859 862 930 dignitas
886 860 1087 928 iuverit
1118 860 1415 925 hominem,
1442 867 1501 913 ut
1531 860 1648 930 ipse
1691 860 1898 924 dixisti,
1929 873 2053 913 cum

467 949 578 1005 Deo
618 951 798 1007 Verbo
823 951 1195 1016 coniunctum,
1222 960 1277 1005 et
1308 965 1373 1003 ex
1405 949 1633 1004 muliere
1666 950 1890 1004 natum?
1915 948 2053 1004 Num

470 1057 600 1097 vero
630 1058 814 1110 parem
847 1043 1019 1112 gloria
1047 1051 1102 1095 et
1131 1041 1457 1096 excellentia
1487 1041 1747 1105 reddidit,
1782 1050 1837 1095 et
1874 1051 2058 1096 tantus

469 1143 529 1187 ut
563 1144 708 1188 esset
753 1133 966 1199 eﬂecit,
1008 1144 1273 1204 quantum
1320 1142 1378 1187 et
1436 1134 1610 1203 ipsum
1645 1148 1768 1188 esse
1818 1133 2055 1188 Verbum

467 1226 730 1279 credibile
752 1236 837 1279 est
858 1225 884 1280 ἲ
913 1225 1018 1280 Sed
1038 1224 1312 1294 quomodo
1341 1239 1448 1279 non
1474 1225 1565 1279 ille
1591 1227 1907 1291 mentietur,
1930 1240 2057 1279 cum

469 1317 601 1371 dicit
629 1334 645 1373 :
700 1334 721 1368 ε
757 1316 1002 1374 Gloriam
1039 1331 1215 1374 meam
1269 1318 1427 1370 alteri
1459 1332 1564 1372 non
1607 1319 1749 1372 dabo
1774 1318 1865 1373 “7
1897 1336 1916 1371 ι
1948 1316 2059 1371 fru-

468 1419 584 1463 stra
623 1410 789 1464 etiam
840 1417 1077 1479 uugatns
1100 1409 1208 1462 erit
1245 1408 1334 1463 ille
1368 1410 1587 1464 divinus
1616 1408 1923 1463 carminum
1958 1424 2056 1462 au-

468 1510 608 1566 ctor,
666 1501 746 1555 sic
799 1499 970 1555 ferme
1000 1500 1220 1555 dicens:
1258 1518 1278 1552 ι
1309 1498 1448 1566 Quis
1482 1501 1699 1556 tandem
1733 1501 1786 1555 in
1823 1501 2059 1555 nubibus

468 1592 779 1662 cquabitur
808 1590 1079 1645 Domino?
1105 1600 1198 1644 aut
1236 1591 1364 1660 quis
1396 1590 1593 1645 similia
1629 1592 1733 1645 erit
1772 1591 1884 1646 Deo
1918 1592 1971 1645 in
2004 1590 2061 1644 ll-

470 1683 561 1738 liis
585 1683 676 1737 Dei
705 1682 793 1738 υτ
829 1700 849 1734 ι
885 1685 967 1738 An
999 1697 1130 1737 vero
1176 1684 1222 1736 is
1260 1697 1368 1737 non
1411 1683 1518 1737 erit
1542 1683 1685 1738 alius
1714 1683 1784 1737 ab
1818 1682 1910 1738 illo
1946 1696 2057 1737 uno

469 1784 529 1830 et
566 1775 867 1830 secundum
904 1782 1154 1828 naturam
1189 1774 1285 1828 Dei
1334 1773 1516 1828 Patris
1550 1772 1752 1837 Verbo,
1797 1772 1890 1842 qui
1941 1788 2063 1842 pro-

2153 583 2182 635 6
2211 581 2369 650 λόγος
2420 579 2555 652 πρὸς
2590 581 2759 651 ἄμφω
2790 581 2973 646 ταυτὶ,
3004 578 3140 632 πολὺ
3173 576 3434 632 νοσοῦσαν
3473 578 3536 631 τὸ
3582 577 3751 647 ἀδρα-

2155 674 2263 737 νὲς.
2289 673 2467 745 Φράζε
2496 672 2553 725 δέ
2587 688 2678 742 μοι
2709 673 2952 725 κὰκεϊνο’
2984 670 3401 740 προσερήσομαι
3434 668 3546 741 γὰρ
3575 670 3749 739 ἀναγ.

2155 764 2357 830 καίως,
2412 763 2465 816 τί
2494 763 2556 817 τὸ
2586 762 2686 832 τῆς
2726 762 2886 829 ἀξίας
2931 760 3109 832 ὢνησε
3154 761 3342 833 χρῆμα
3396 761 3509 828 τόν,
3561 760 3753 832 ὥσπερ

2156 856 2292 927 ἔφης
2316 855 2501 922 αὐτὸς,
2530 854 2611 926 τῷ
2636 854 2755 925 Θεῷ
2780 854 2939 925 Λόγῳ
2966 854 3310 925 συνημμένον
3338 853 3628 925 ἄνθρωπον
3657 853 3752 906 καὶ

2157 950 2222 1003 ἐκ
2271 948 2565 1018 γυναικός;
2602 943 2750 1017 Ἀρα
2785 946 2895 1016 γὰρ
2929 947 3044 999 [σον
3077 946 3362 1017 ἀπέφηνεν
3395 947 3453 998 ιν
3484 944 3611 1016 δόξῃ
3656 943 3753 997 καί⁸

2157 1040 2424 1111 ὑπεροχῇ,
2465 1039 2561 1091 καί⁵
2591 1035 2847 1090 τοσοῦτον
2876 1032 3016 1090 εἶναι
3048 1036 3486 1107 παρεσκεύασεν,
3522 1037 3646 1098 ὅσος
3684 1035 3752 1089 ἂν

2156 1129 2299 1187 εἶναι
2328 1130 2637 1185 πιστεύοιτο
2662 1130 2756 1183 καὶ
2785 1129 2982 1193 αὑτόςς
3011 1125 3145 1182 Εἶτα
3173 1129 3291 1191 πῶς
3316 1129 3375 1181 οὐ
3401 1126 3750 1198 διαψεύσεται

2156 1225 2351 1292 λέγων,
2386 1242 2406 1275 ε
2434 1221 2545 1292 Τὴν
2570 1221 2729 1288 δόξαν
2765 1238 2869 1293 μου
2914 1221 3087 1292 ἑτέρῳ
3125 1222 3187 1273 οὐ
3223 1219 3416 1285 δώσω;
3446 1238 3465 1271 ι
3505 1218 3749 1286 πεφλυά-

2162 1332 2295 1386 ρηκε
2327 1314 2383 1368 δὲ
2419 1314 2595 1384 μάτην
2621 1313 2718 1366 καὶ
2748 1313 2913 1375 αὐτὸς
2944 1313 3075 1382 ἡμῖν
3098 1314 3128 1365 6
3162 1312 3451 1374 θεσπέσιος
3487 1309 3746 1381 μελῳδὸς,

2156 1405 2255 1459 ὡδί
2289 1422 2392 1458 που
2430 1405 2628 1473 λέγων,
2667 1405 2750 1458 ὅτι
2794 1422 2813 1455 ι
2843 1404 2941 1466 Τίς
2986 1407 3043 1457 ὲν
3091 1402 3347 1472 νεφέλαις
3421 1401 3749 1472 ίσωθήσεται

2158 1497 2235 1569 τῷ
2276 1498 2504 1569 Κυρίῳς
2546 1496 2579 1569 ἢ
2616 1496 2701 1559 τίς
2741 1494 3145 1566 ὁμοιωθήσεται
3187 1493 3266 1565 τῷ
3303 1494 3494 1565 Κυρίῳ
3525 1494 3584 1546 ὲν
3615 1494 3753 1556 uici;

2157 1588 2325 1655 Θεοῦς
2351 1610 2370 1642 ι
2413 1589 2484 1643 Ἦ
2519 1589 2619 1658 οὐχ
2651 1588 2839 1659 ἔτερος
2880 1587 3033 1658 παρά
3064 1588 3159 1640 τὸν
3186 1587 3283 1639 ἕνα
3314 1588 3407 1639 καὶ
3442 1585 3621 1653 φύσει,
3656 1584 3753 1638 καὶ

2159 1682 2225 1736 εκ
2256 1681 2394 1735 Θεοῦ
2438 1682 2652 1752 [ἰατρὸς
2689 1681 2883 1749 Λόγον,
2911 1682 2939 1732 6
2968 1680 3091 1733 κατ’
3132 1678 3269 1732 ίδίαν
3321 1678 3621 1731 ὑπόστασιν
3653 1677 3754 1746 τῆς

2160 1775 2298 1846 πρὸς
2342 1773 2506 1828 αὑτὸν
2546 1773 2799 1843 ἑνότητος
2844 1771 3064 1843 ἀληθῶς
3096 1771 3593 1840 διεσχοινισμένοςς
3631 1764 3753 1822 εἶτα

472 1867 604 1935 prite
657 1866 968 1935 hypostasis
1012 1865 1226 1920 ratione
1279 1879 1409 1919 vere
1458 1865 1531 1919 sit
1570 1864 1639 1918 ab
1672 1863 1796 1933 ejus
1850 1864 2064 1918 unitate

2166 1866 2282 1930 πῶς
2306 1866 2405 1936 οὐχ
2433 1864 2641 1919 ἅπασιν
2670 1865 2931 1936 εναργέςς
2966 1862 3080 1916 ἀλλ’
3105 1864 3206 1916 οὐκ
3238 1863 3353 1915 ἴσον
3387 1861 3485 1931 μὲν
3523 1860 3602 1929 τῷ
3630 1859 3755 1932 Θεῷ

471 1957 816 2027 disiunctus?
837 1958 1056 2011 cuinam
1079 1971 1208 2011 vero
1235 1956 1291 2010 id
1320 1971 1431 2010 non
1455 1956 1530 2011 sit
1551 1954 2060 2010 evidentissimum?

473 2050 578 2105 Sed
600 2048 952 2117 conjuncth
985 2062 1121 2105 sane
1151 2048 1325 2116 ipsum
1364 2047 1508 2101 haud
1538 2047 1749 2118 aequale
1780 2047 1892 2102 Deo
1929 2046 2063 2102 Ver-

473 2141 544 2194 ho
572 2139 814 2210 dignitas
844 2137 994 2203 fecit,
1018 2138 1163 2208 quod
1191 2136 1417 2192 inferius
1446 2137 1540 2192 illo
1564 2152 1686 2193 esse
1715 2139 2059 2210 perspicuum

469 2242 592 2298 est;
616 2230 883 2299 quomodo
903 2228 1069 2299 igitur
1100 2243 1266 2282 unum
1303 2228 1506 2284 asseris
1535 2229 1840 2295 Christum,
1874 2240 1929 2284 et
1967 2228 2062 2284 Fi-

476 2322 629 2389 lium,
664 2331 723 2376 et
764 2319 1076 2387 Dominum,
1107 2321 1364 2389 quamvis
1395 2335 1557 2386 unus,
1587 2322 1731 2391 quod
1767 2320 2065 2376 sentcntia-

476 2430 594 2469 rum
629 2413 736 2467 vim
773 2412 990 2479 attinet,
1023 2414 1096 2467 sit
1128 2414 1502 2482 praestantior,
1539 2413 1680 2467 alter
1716 2413 1966 2475 inferior,
2007 2421 2063 2467 et

472 2506 594 2575 eius
623 2504 906 2575 majestate
936 2515 992 2559 et
1032 2504 1205 2574 gloria
1242 2503 1466 2558 minor?
1505 2503 1797 2569 Praterea,
1833 2513 1888 2558 ut
1932 2503 2063 2559 illud

473 2610 693 2667 quoque
741 2596 827 2650 his
878 2611 1000 2663 quae
1034 2594 1275 2649 diximus
1329 2594 1646 2664 adjungant,
1702 2596 1948 2661 donavit,
2005 2604 2065 2649 ut

479 2688 594 2755 ipse
620 2686 921 2749 existimat,
958 2685 1087 2739 illud
1116 2699 1183 2739 ex
1226 2684 1336 2739 Deo
1366 2685 1530 2739 l’atre
1571 2685 1809 2739 Verbum
1842 2686 1915 2739 illi
1950 2702 2065 2740 tnu-

476 2776 629 2830 liet'is
661 2775 774 2829 ﬁlio
814 2791 971 2831 suam
1011 2776 1183 2845 ipsius
1214 2776 1561 2848 dignitatem.
1595 2776 1702 2832 Sed
1748 2777 1850 2831 hoc
1886 2779 2061 2847 ipsum

475 2883 712 2938 quonam
748 2868 994 2923 sitmodo
1024 2879 1260 2938 gestum,
1293 2869 1593 2939 exquirere
1619 2879 1705 2923 est
1727 2885 1908 2938 opera:
1937 2886 2063 2940 pre-

480 2960 613 3013 tium
646 2974 661 3012 :
694 2956 832 3012 Num
865 2960 980 3028 ipse
1010 2974 1225 3031 quoque
1278 2959 1457 3015 lactus
1488 2970 1571 3015 est
1614 2960 1705 3014 lux
1737 2962 1904 3016 vera?
1933 2979 2063 3016 num

476 3064 546 3106 ex
576 3060 770 3106 natura
801 3051 964 3119 Deus,
993 3060 1048 3107 et
1077 3053 1207 3114 vita,
1231 3059 1286 3106 et
1323 3066 1504 3106 rerum
1541 3052 1746 3122 apifex,
1770 3064 1827 3107 et
1850 3056 2066 3124 sapien-

479 3144 575 3209 tia,
613 3153 668 3199 et
696 3144 887 3212 virtus,
918 3145 1099 3214 imago
1128 3144 1295 3198 etiam
1330 3154 1386 3198 et
1434 3143 1696 3212 splendor
1744 3146 2064 3199 substantia!

2163 1959 2323 2027 Λόγῳ
2354 1955 2654 2025 πεποίηκεν
2694 1955 2729 2024 ὴ
2776 1953 2904 2016 ἀξία
2934 1951 2996 2004 τδ
3040 1950 3420 2020 συνημμένονο
3447 1947 3645 2018 όρᾶταί
3685 1963 3754 2016 γε

2169 2050 2278 2121 μὴν
2304 2049 2397 2101 καὶ
2433 2047 2580 2100 εστιν
2606 2047 2662 2098 ἐν
2694 2044 2872 2115 μείοσι
2893 2060 2907 2074 ’
2943 2043 3061 2106 πῶς
3092 2038 3186 2096 οὖν
3227 2041 3324 2096 ἱνα
3354 2042 3459 2111 φὴς
3491 2041 3751 2108 Χριστὸν,

2167 2143 2262 2195 καὶ⁸
2300 2141 2452 2206 Υίὺν,
2482 2139 2575 2193 καὶ
2604 2138 2832 2208 Κύριον,
2864 2136 3042 2190 καίτοι
3072 2133 3402 2206 προῦχοντος
3447 2133 3565 2197 ἑνὸς
3609 2130 3759 2185 κατά

2166 2250 2231 2304 γε
2262 2232 2374 2288 τῶν
2414 2232 2634 2286 ἔννοιῶν
2662 2230 2759 2301 τὴν
2794 2229 3045 2299 δύναμιν,
3074 2228 3169 2280 καὶ
3203 2225 3528 2297 ὑφιζηκότος
3564 2224 3755 2295 ἑτέρου

2166 2328 2265 2397 τῆς
2296 2325 2434 2397 πρὸς
2476 2323 2641 2377 αὐτὸν
2690 2321 2935 2392 ίσότητός
2964 2335 3025 2373 τε
3059 2319 3156 2371 καὶ
3183 2317 3374 2387 δόξηςς
3413 2315 3622 2379 ’Λλλως
3669 2330 3757 2381 τε,

2168 2416 2520 2490 προσεποίσω
2557 2415 2666 2486 γὰρ
2696 2408 2777 2477 οἷς
2821 2413 2956 2484 ἔφην
2992 2412 3089 2465 καὶ
3125 2409 3268 2471 τόδε,
3297 2407 3595 2479 δεδώρηται
3628 2406 3757 2460 κατ’

2166 2508 2330 2565 αὐτὸν
2353 2510 2382 2562 6
2407 2510 2471 2561 ὲκ
2504 2506 2641 2560 Θεοῦ
2676 2504 2891 2575 Πατρδς
2917 2502 3088 2571 Λόγος
3111 2502 3211 2572 τὴν
3241 2500 3377 2554 ίδίαν
3406 2500 3563 2564 ἀξίαν
3588 2497 3666 2568 τῷ
3687 2498 3760 2550 ἑκ

2167 2601 2460 2672 γυναικός·
2499 2598 2640 2652 κατά
2671 2597 2795 2651 τίνα
2841 2595 2898 2648 δὲ
2944 2594 3145 2667 τρόπον
3189 2592 3323 2646 αὐτὸ
3367 2592 3431 2663 δὴ
3461 2592 3611 2644 τουτὶ
3651 2608 3761 2643 πε-

2169 2693 2413 2767 πρᾶχθαι
2459 2690 2628 2762 φησι,
2679 2688 2988 2761 βασανίζειν
3034 2681 3383 2756 ἀξιον.⁷Λρα
3429 2685 3621 2753 γέγονε
3661 2683 3765 2736 καὶ

2170 2782 2334 2857 αὐτὸς
2361 2779 2479 2849 φῶς
2517 2778 2808 2849 ἀληθινόν;
2833 2773 2981 2847 ’Δρα
3018 2776 3181 2844 φύσει
3214 2774 3368 2838 Θεὸς,
3394 2775 3487 2828 καὶ
3519 2774 3631 2845 ζωὴ
3660 2774 3767 2827 καὶ

2162 2875 2519 2947 δημιουργὸς,
2549 2876 2645 2929 καὶ
2674 2872 2835 2942 σοφία
2869 2873 2964 2925 καὶ
2991 2870 3243 2941 δύναμις,
3264 2869 3429 2924 είκὼν
3459 2871 3552 2923 καὶ
3578 2869 3769 2923 ἀπαύ-

2168 2984 2360 3037 γασμα
2385 2967 2488 3037 τῆς
2523 2966 2873 3028 ὑποστάσεως
2902 2963 2997 3017 τοῦ
3026 2963 3269 3034 Πατρόςς
3299 2962 3394 3015 καὶ
3423 2962 3491 3016 τά
3517 2963 3615 3033 τῆς
3644 2962 3772 3017 ἀνω

2167 3059 2327 3129 δόξης
2383 3059 2840 3128 πλεονεκτήματα
2893 3052 3181 3125 κεχώρηκε
3243 3054 3488 3122 φυσικῶς
3538 3055 3618 3116 είς
3659 3052 3771 3106 ἕνα

2168 3151 2294 3205 τινὰ
2329 3150 2439 3203 τῶν
2470 3149 2892 3218 πεποιημένωνς
2917 3147 2984 3199 Τί
3013 3142 3108 3198 οὖν
3147 3146 3264 3197 ἐστι
3301 3144 3362 3200 τὸ
3397 3145 3671 3213 ἐξαίρετον
3700 3145 3774 3199 ἐν

479 3235 679 3305 Patris,
706 3246 762 3293 et
788 3236 878 3290 illa
908 3236 1129 3291 eximite
1154 3249 1219 3288 ac
1249 3249 1524 3303 supremae
1568 3236 1719 3291 illius
1750 3236 1939 3304 glorise
1971 3252 2064 3291 or-

2166 3241 2246 3315 τῷ
2278 3242 2419 3297 κατά
2450 3241 2611 3311 φύσιν
2640 3237 2799 3309 Sed»;
2828 3239 2879 3291 τί
2909 3237 2972 3290 τὸ
3010 3236 3154 3307 μέγα
3209 3237 3306 3289 καὶ
3336 3236 3480 3307 ὑπὲρ
3509 3238 3676 3307 ἡμᾶς,
3709 3241 3767 3292 εἱ

481 3338 731 3382 tramenta
765 3328 817 3381 in
851 3342 1017 3381 unum
1046 3327 1284 3392 aliquem
1314 3340 1346 3380 e
1374 3325 1581 3379 creatis
1617 3326 1933 3381 hominibus
1967 3343 2066 3382 na-

486 3421 738 3475 turaliter
764 3417 1138 3473 inllnxerunt?
1165 3419 1301 3483 Quid
1326 3417 1493 3486 igitur
1516 3415 1778 3470 eximium
1808 3430 1898 3473 cst
1922 3418 1975 3472 in
1999 3433 2066 3474 eo

479 3514 775 3568 secundum
803 3521 1052 3564 naturam
1101 3508 1253 3563 Deo?
1308 3509 1444 3577 quid
1494 3524 1747 3578 magnum
1794 3519 1851 3563 et
1899 3523 2066 3579 supra

483 3616 603 3669 nos,
633 3602 679 3657 si
714 3600 800 3657 fas
819 3611 904 3657 est
931 3609 1242 3656 creaturam
1271 3600 1356 3654 his
1392 3601 1554 3656 bonis
1579 3616 1702 3671 quae
1732 3602 1850 3670 ipse
1878 3602 2063 3669 habet,

480 3705 539 3751 et
592 3696 812 3765 quidem
862 3693 1318 3759 substantialiter,
1372 3708 1535 3761 posse
1591 3694 1943 3762 locupletari?
1994 3693 2072 3746 Λι

482 3788 628 3842 enim
667 3786 985 3856 dignitatem
1034 3794 1294 3853 tanquam
1346 3787 1671 3855 participata
1722 3791 1959 3841 l'ortasse
1995 3784 2070 3838 di-

486 3881 609 3935 vina
652 3878 972 3932 excellentia
1029 3878 1199 3944 gessit
1246 3894 1261 3931 :
1312 3878 1476 3946 igitur
1514 3880 1618 3932 duo
1668 3894 1860 3933 rursus
1908 3883 2072 3931 erunt

486 3972 674 4043 procul
723 3971 888 4026 dubio
960 3971 1053 4024 ﬁlii
1090 4008 1108 4037 ,
1152 3970 1424 4040 siquidem
1492 3986 1684 4027 verum
1755 3978 1840 4025 est
1882 3972 1951 4023 ab
2003 3980 2071 4022 eo

486 4064 631 4133 quod
674 4062 1145 4139 participationem
1183 4063 1514 4133 impertitnr,
1558 4065 1833 4119 diversum
1869 4075 1990 4116 esse
2017 4069 2073 4114 et

488 4156 715 4211 inferius
752 4154 1046 4210 secundum
1082 4164 1356 4221 naturam,
1403 4156 1456 4211 id
1490 4155 1635 4226 quod
1671 4155 1791 4208 ideo
1834 4152 2072 4207 honora-

490 4258 600 4316 tur,
634 4247 760 4317 quia
814 4248 881 4301 ad
922 4247 1096 4314 ipsum
1148 4247 1460 4304 relationem
1497 4247 1681 4301 habet.
1722 4244 2074 4299 Convinceris

488 4356 620 4411 ergo
647 4355 715 4395 ne
747 4354 808 4394 ea
840 4340 1056 4408 quidem
1088 4339 1230 4395 scire
1258 4354 1380 4409 quae
1413 4338 1574 4393 dicis.
1606 4335 1718 4388 Cnr
1760 4344 1939 4387 autem
1981 4347 2076 4388 eos

491 4445 720 4486 accusas
744 4429 834 4499 qui
858 4445 1017 4486 voces
1046 4430 1101 4485 in
1134 4428 1448 4500 Evangeliis
1478 4424 1683 4495 positas
1706 4425 1796 4479 uni
1834 4437 2076 4492 persona

493 4522 738 4576 tribuunt
757 4520 780 4574 'I
799 4524 994 4576 Annon
1020 4522 1162 4587 ideo,
1213 4519 1339 4589 quia
1364 4531 1503 4571 novo
1525 4529 1676 4569 more
1704 4515 1838 4568 duos
1864 4514 2076 4567 inducis

2168 3336 2446 3407 ἐνδέχεται
2502 3334 2604 3404 τὴν
2655 3331 2834 3385 κτίσιν
2883 3330 3282 3383 καταπλουτιεῖν
3329 3328 3613 3393 δύνασθαι,
3662 3331 3767 3383 καὶ

2167 3427 2327 3481 τοῦτο
2357 3425 2655 3490 οὐσιωδῶς,
2699 3424 2768 3477 τὰ
2802 3426 2858 3477 ὲν
2898 3418 2981 3486 οἷς
3022 3424 3172 3476 ἐστιν
3200 3423 3415 3491 ἀγαθά;
3458 3424 3669 3489 ἀλλ’ὡς
3702 3426 3766 3478 ἐν

2173 3519 2390 3589 μεθέξει
2436 3516 2536 3586 τῆς
2583 3515 2736 3577 θείας
2786 3514 2947 3584 τυχὸν
2997 3513 3274 3584 ὑπεροχῆς
3326 3515 3767 3587 πεφόρηκε,τὴν

2170 3606 2363 3670 ἀξίανς
2397 3604 2502 3657 Δύο
2535 3602 2600 3674 δὴ
2633 3603 2797 3658 πάλιν
2835 3602 3223 3672 ἀναμφιλόγως
3252 3604 3381 3666 υἱοὶ,
3412 3603 3573 3676 εἴπερ
3610 3606 3767 3659 ἐστὶν

2170 3699 2389 3769 ἀληθὲς,
2429 3698 2505 3757 ὡς
2531 3696 2719 3766 ἕτερόν
2758 3712 2831 3762 τι,
2860 3697 2954 3749 καὶ
2983 3696 3205 3750 ἔλαττον
3241 3698 3382 3750 κατὰ
3427 3698 3589 3766 φύσιν
3619 3700 3765 3766 ἐστὶ,

2170 3791 2266 3845 τοῦ
2312 3792 2412 3862 τὴν
2462 3791 2679 3861 μέθεξιν
2732 3791 3093 3861 ἐμποιοῦντος
3144 3791 3325 3861 αὐτῷ,
3368 3792 3429 3845 τὸ
3467 3794 3650 3864 σχέσει
3693 3800 3765 3868 τῇ

2173 3879 2308 3950 πρὸς
2342 3879 2505 3933 αὑτὸν
2546 3879 2861 3951 τιμώμενον
2885 3896 2898 3909 ⁸
2930 3880 3115 3951 ἀλώσῃ
3149 3881 3213 3951 δὴ
3246 3878 3338 3935 οὖν
3366 3883 3488 3937 οὐδὲ
3531 3886 3689 3949 εἰδὼς
3727 3887 3769 3942 ἃ
3868 3922 3877 3929 ε

2171 3970 2374 4038 λέγεις.
2414 3971 2580 4041 Λίτιᾷ
2616 3971 2672 4024 δὲ
2704 3970 2822 4025 ἀνθ’
2846 3973 2970 4025 ὅτου
3007 3974 3135 4036 τοὺς
3165 3974 3247 4026 ἑνὶ
3286 3975 3563 4047 προσώπῳ
3595 3994 3768 4050 προσ-

2173 4062 2438 4133 νέμοντας
2473 4062 2571 4125 τάς
2613 4064 2672 4115 ἐν
2711 4065 2824 4125 τοῖς
2848 4064 3204 4131 Εὑαγγελίοις
3238 4066 3454 4133 φωνάςς
3484 4063 3611 4140 Ἆρ’
3640 4072 3769 4142 οὐχὶ

2173 4151 2266 4207 δύο
2305 4153 2645 4224 καινοτομῶν
2675 4153 2855 4219 υίούςς
2884 4153 3007 4217 Πῶς
3036 4155 3146 4226 γὰρ
3178 4155 3258 4209 ἔτι
3289 4158 3494 4229 Κύριος
3532 4156 3631 4226 εἷς,
3666 4164 3768 4216 καὶ

2173 4243 2428 4314 Χριστὸς,
2455 4245 2551 4297 καὶ
2584 4243 2733 4307 Υἱὸς,
2760 4246 2809 4297 εί
2852 4246 3146 4315 πρόσωπον
3176 4247 3342 4301 ίδικὺν
3370 4250 3638 4322 ἑκατέρῳ,
3668 4255 3769 4307 καὶ

2176 4332 2355 4401 λόγος,
2402 4333 2495 4387 καὶ
2531 4333 2637 4405 μὴν
2682 4335 2778 4389 καὶ
2828 4335 3163 4404 ὑπόστασις,
3211 4339 3571 4411 ἀναχωροῦσα
3622 4344 3768 4414 πρὸς

2177 4425 2494 4496 ἑτερότητα,
2523 4427 2616 4480 καὶ
2645 4425 2705 4479 τὺ
2732 4426 2831 4497 τῆς
2860 4426 3095 4497 ἀληθοῦς
3122 4429 3372 4494 ἑνώσεως
3402 4433 3594 4503 χρῆμα
3624 4452 3769 4507 παρ-

2177 4516 2511 4587 αιτουμένη,
2564 4516 2657 4571 καὶ
2708 4517 2770 4569 τὸ
2826 4517 3145 4588 ἀσύμϐατον
3196 4521 3506 4591 όλοτρόπως
3567 4524 3768 4595 ἔχουσα

495 4611 673 4668 ﬁlios?
715 4610 850 4666 Nam
884 4580 1160 4682 quomodo
1186 4580 1326 4663 unus
1354 4608 1466 4677 iam
1511 4605 1789 4671 Dominus,
1831 4614 1885 4660 et
1913 4604 2064 4660 Chri-

2184 4608 2321 4677 πρὸς
2339 4580 2444 4679 ’τὴν
2464 4580 2700 4680 ’ἑτέραη
2726 4608 2837 4663 Καὶ
2864 4608 2924 4661 τό
2939 4580 3017 4677 ’γε
3057 4580 3360 4682 παράδοξον
3398 4580 3496 4667 καί
3516 4580 3627 4669 τῶῖ
3663 4580 3769 4672 αὐξ-

489 4715 609 4760 sms
636 4713 691 4757 et
719 4702 885 4757 Filius
904 4704 1031 4767 erit,
1052 4704 1099 4757 si
1121 4701 1337 4768 utrique
1358 4713 1453 4753 sua
1483 4712 1712 4766 persona
1729 4706 1813 4753 est
1838 4709 1894 4752 et
1916 4699 2077 4764 ratio,

2183 4699 2277 4753 τοῦ
2306 4698 2630 4770 δυσφημιῶν
2666 4702 2968 4771 ἀποφαῖνον
2995 4701 3093 4773 τὴν
3118 4703 3434 4775 βδελυρίαν
3468 4708 3621 4762 κοινὰ
3661 4727 3767 4782 φη-

490 4795 603 4867 36
616 4806 776 4865 atque
795 4796 956 4849 etiam
977 4792 1305 4865 hypostasis,
1324 4791 1390 4845 ad
1413 4790 1778 4846 diversitatem
1796 4792 2064 4857 secedens,

2184 4806 2270 4845 σιν
2307 4785 2549 4844 εἶναιτὰ
2592 4791 2857 4863 ὀνόματα,
2904 4794 2965 4845 τό
3000 4809 3061 4846 τε
3103 4794 3448 4866 Υἱὸς,φημὶ,
3492 4799 3585 4851 καὶ
3630 4800 3771 4870 Χρι-

491 4900 547 4944 et
578 4903 689 4943 rem
718 4902 858 4943 verte
892 4886 1109 4941 unionis
1153 4898 1433 4948 recusans,
1461 4892 1518 4938 et
1546 4898 1666 4955 qua
1703 4885 1924 4938 cumino
1948 4898 2064 4938 cunt

2183 4883 2307 4947 στδς
2345 4882 2442 4937 xui.
2481 4884 2721 4954 Κύριος·
2754 4886 2848 4938 καὶ
2876 4886 2926 4939 εί
2965 4886 3065 4955 μὲν
3092 4881 3231 4940 εἶναι
3275 4888 3432 4942 κοινά
3481 4906 3646 4960 φησιν
3688 4893 3772 4956 ὡς

493 4981 662 5036 altera
699 4981 992 5035 convenire
1029 4992 1136 5030 non
1169 4974 1382 5047 possit?
1413 4975 1675 5044 Quodque
1703 4976 1794 5031 vix
1816 4975 2064 5032 credibile

2181 4973 2265 5027 ἑνὶ
2293 4973 2371 5044 τῷ
2401 4973 2643 5045 Χριστῷ,
2672 4974 2767 5028 καί
2794 4991 2907 5029 τισι
2937 4976 3067 5047 παρ’
3094 4976 3512 5048 αὐτονιὲτέροις,
3554 4979 3669 5049 ἔχοι
3698 4980 3771 5035 ἂν

491 5082 601 5140 est,
648 5082 703 5128 et
754 5072 873 5142 ejus
924 5067 1379 5137 blasphemiarum
1432 5068 1821 5136 turpitudinem
1868 5068 2064 5139 prodit,

2178 5064 2325 5127 είκδς
2359 5065 2389 5118 6
2421 5064 2577 5134 λόγος
2608 5064 2774 5136 αὐτῷ.
2818 5067 2882 5120 Εἰ
2911 5066 2970 5121 δι
3001 5066 3270 5140 διίστησιν
3312 5070 3562 5140 ἀμαθῶς,
3594 5070 3771 5125 οῐεταί

492 5163 803 5219 communia
832 5160 966 5214 dicit
1006 5171 1131 5211 esse
1178 5158 1291 5213 haec
1334 5158 1572 5223 nomina,
1618 5157 1788 5214 Filius
1829 5160 2064 5230 inquam,

2180 5171 2238 5209 τε
2272 5154 2505 5228 πρέπειν
2541 5156 2683 5212 αὺτά
2715 5158 2812 5212 καὶ
2849 5159 3033 5221 ίδικῶς
3069 5157 3149 5229 τῷ
3173 5160 3354 5230 Λόγῳ,
3397 5161 3490 5215 καὶ
3535 5163 3643 5230 μὴν
3692 5163 3772 5232 τῷ

491 5265 546 5311 et
569 5254 846 5315 Christus,
876 5261 931 5306 et
964 5248 1223 5304 Dominus
1251 5267 1265 5305 :
1299 5265 1420 5320 qua:
1459 5250 1505 5306 si
1545 5251 1618 5304 ita
1648 5253 1956 5307 communia
1985 5252 2073 5306 di-

491 5346 590 5408 cit,
619 5351 680 5399 ut
712 5343 804 5396 uni
836 5340 1081 5406 Christo,
1106 5349 1158 5395 et
1183 5341 1504 5410 quibusdam
1528 5353 1726 5412 praeter
1749 5344 1924 5412 ipsum
1953 5344 2074 5398 aliis

490 5430 843 5497 conveniant,
869 5444 982 5484 non
1006 5428 1241 5486 absurda
1269 5431 1386 5501 ejus
1412 5433 1517 5487 erit
1537 5433 1734 5488 oratio.
1767 5432 1862 5487 Sin
1898 5434 2074 5502 impe-

492 5522 597 5575 rite
634 5520 915 5589 disjungit,
947 5526 1207 5589 putatque
1234 5536 1297 5574 ea
1336 5521 1632 5577 convenire
1664 5531 1719 5576 et
1760 5521 1863 5591 ipsi
1897 5519 2074 5578 Verbo

492 5610 770 5678 privatim,
792 5619 846 5665 et
870 5610 945 5665 illi
974 5626 1038 5666 ex
1072 5611 1300 5668 muliere
1340 5611 1489 5678 lilio;
1525 5613 1633 5668 duo
1663 5612 1820 5684 plane
1855 5628 2071 5672 rursum

561 5785 604 5818 ⁹¹
628 5784 733 5842 lsa.
757 5801 886 5856 χιιι,
919 5787 973 5844 8.
1066 5788 1110 5820 ⁹²
1134 5786 1280 5845 Psal.
1312 5802 1580 5856 Lxxxvtn,
1618 5786 1671 5843 7.

2180 5246 2248 5299 ὲκ
2286 5245 2565 5314 γυναικὸς,
2591 5247 2687 5301 δύο
2729 5265 2833 5302 που
2861 5250 3083 5313 πάντως
3126 5249 3289 5305 πάλιν
3328 5251 3424 5306 καὶ
3461 5253 3772 5324 ἀναμφιλὸ-

2177 5355 2290 5408 γως
2318 5340 2569 5410 Χριστοὶ,
2601 5341 2696 5394 καὶ
2730 5341 2872 5405 Υίοὶ,
2903 5343 2999 5397 καὶ
3032 5342 3249 5414 Κύριοι·
3276 5342 3379 5414 ἔφη
3418 5346 3550 5417 γὰρ,
3585 5347 3668 5401 ὅτι
3703 5345 3771 5399 τὸ

2177 5431 2411 5503 Χριστὸς
2440 5431 2634 5504 ὄνομα,
2668 5433 2799 5488 ποτε
2840 5433 2941 5503 μὲν
2993 5435 3180 5493 θετέον
3223 5437 3319 5491 επὶ
3363 5438 3464 5509 τῆς
3510 5436 3766 5507 θεότητος

2177 5524 2371 5595 αὐτῆς,
2405 5525 2534 5579 ποτὲ
2563 5525 2623 5580 δὲ
2652 5527 2749 5581 καὶ
2772 5527 2866 5581 ἐπὶ
2894 5528 2992 5598 τῆς
3017 5528 3456 5600 ἀνθρωπότητος,
3489 5528 3523 5601 ἦ
3559 5528 3654 5585 καὶ
3676 5528 3762 5579 ἐπ’

2177 5616 2415 5687 ἀμφοῖνο
2452 5618 2699 5689 ὀνήσειεν
2728 5620 2773 5674 5‘
2800 5619 2866 5675 ἂν
2895 5621 2931 5690 ἡ
2959 5601 3251 5692 ὁμωνυμία
3285 5621 3346 5677 τὸ
3389 5620 3634 5693 σύμπαν,
3673 5618 3765 5673 οὐ·
