4150 6460
374 360 450 419 69
800 354 807 357 '
932 417 949 436 ,
1240 398 1259 413 .
1533 360 1914 418 anmnsus
1954 361 1984 415 ι

2092 361 2359 419 TORIUM
2400 362 2530 418 LIB.
2573 357 2641 417 11.
3614 365 3680 420 τυ

373 484 437 537 δὲ
451 500 495 550 θ,
522 482 609 546 ιτς
647 499 712 552 γε
751 480 813 535 τὸ
852 481 968 536 δεῖν
1008 480 1106 536 ἕνα
1139 481 1376 537 νοεῖσθαι
1422 483 1683 555 Χριστὸν.
1722 483 1819 537 καὶ
1850 483 1984 536 Υίὸν

2104 493 2157 539 et
2190 485 2330 540 citra
2358 483 2754 539 dubitationem
2780 490 2939 538 erunt
2972 481 3198 548 Christi,
3243 489 3293 536 et
3328 479 3476 546 Filii,
3509 488 3562 535 et
3586 481 3692 538 Do-

376 575 481 629 καὶ
514 572 750 644 Κύριον,
781 572 1062 643 τέμνοντα
1089 572 1215 644 δίχα
1255 571 1351 626 τοῦ
1396 575 1491 627 καὶ
1529 575 1700 639 αὑτὰς
1743 574 1984 645 ἀλλήλων

2101 576 2255 633 mini.
2310 575 2455 630 Dixit
2498 576 2643 631 enim
2694 574 2897 629 Christi
2947 582 3143 630 nomen
3187 588 3574 642 nonnunquam
3627 574 3693 625 de

374 664 483 729 τὰς
522 663 863 726 ὑποστάσεις
889 664 1196 733 ἁποφοιτᾷν
1221 679 1232 692 ·
1262 664 1360 717 καὶ
1387 664 1468 727 είς
1498 664 1673 736 ἱδικὴν
1702 665 1984 735 ἑτερότητα

2100 665 2215 736 ipsa
2259 666 2562 730 divinitate,
2613 680 3001 736 nonnunquam
3058 668 3125 720 de
3180 664 3545 728 humanitate,
3600 672 3691 717 aut
3760 720 3775 733 ,

377 756 497 808 τῶν
540 748 858 827 προσώπων
905 755 1334 825 διεσταλμένων.
1376 735 1637 826 Ἑμφανῆί
1668 756 1777 826 γὰρ
1804 757 1984 830 ὥσπερ

2098 735 2266 812 etiam
2299 756 2367 811 de
2401 766 2632 825 utroque
2678 735 3110 826 intelligendum.
3155 753 3214 809 In
3251 756 3564 836 universum
3595 769 3692 808 au-

381 852 526 919 ἡμϊν
581 848 855 912 καθιστὰς
898 851 1000 918 τῆς
1050 848 1281 919 ἐνούσης
1330 848 1481 920 αὐτῷ
1531 848 1839 921 δυσμαθίας
1895 851 1984 923 τὴι

2098 858 2208 903 tem
2238 848 2371 902 nihil
2399 848 2728 902 dividentem
2761 849 2962 918 juverit
2984 849 3223 915 ejusdem
3257 849 3491 903 nominis
3519 849 3692 918 aequi-

382 939 648 1011 δύναμιν,
687 941 1038 1012 προσεπάγει
1067 940 1162 994 καί
1192 955 1382 1011 φησιν·

2095 942 2311 996 vocatio
2335 941 2389 995 in
2413 941 2539 1006 hoc,
2572 949 2630 994 ut
2660 956 2799 995 unus
2834 940 3086 995 Christus
3118 941 3476 1008 intelligatur,
3500 950 3556 996 et
3601 940 3691 994 Fi-

384 1037 516 1094 lius.
555 1048 614 1091 et
641 1036 927 1101 Dominus,
959 1038 1173 1091 etiamsi
1221 1038 1352 1106 ipsae
1412 1037 1738 1108 bypostases
1794 1036 2027 1094 invicem
2061 1037 2328 1108 sejunctas
2392 1053 2500 1091 non
2538 1037 2669 1101 sint,
2711 1050 2776 1092 ac
2823 1051 3067 1106 personae
3112 1038 3332 1106 propria
3377 1037 3693 1091 diversitate

386 1129 693 1183 distinctae.
730 1124 801 1180 Ut
830 1129 976 1180 enim
1010 1143 1121 1182 suze
1151 1130 1307 1184 nobis
1346 1130 1633 1197 imperitiae
1663 1131 1771 1183 vim
1804 1134 2080 1199 ostendat,
2109 1130 2355 1201 adjungit
2382 1140 2439 1186 et
2463 1133 2539 1185 ait
2576 1148 2590 1186 :

462 1220 666 1294 [Ὅταν
702 1216 797 1274 οῦν
822 1222 856 1292 ἡ
888 1220 1010 1276 θεία
1034 1222 1224 1294 Γραφὴ
1261 1221 1430 1294 μέλλῃ
1452 1222 1653 1291 λέγειν,
1679 1223 1712 1294 ἢ
1747 1224 1984 1296 γέννησιι

2175 1225 2440 1299 [Νεετοιι.
2485 1225 2587 1282 Ubi
2612 1228 2776 1298 igitur
2808 1240 2976 1282 sacra
2999 1224 3218 1281 Litterae
3243 1225 3326 1281 vel
3353 1226 3690 1282 nativitatem

383 1313 486 1367 τοῦ
522 1311 765 1386 Χριστοῦ
808 1312 906 1384 τὴν
936 1314 1003 1366 ἐκ
1036 1313 1137 1384 τῆς
1167 1313 1442 1386 μακαρίας
1476 1314 1780 1387 Παρθένον,
1830 1316 1862 1387 ἢ
1895 1316 1984 1371 θά-

2101 1317 2307 1375 Christi
2343 1321 2408 1375 de
2436 1319 2593 1375 beata
2618 1318 2846 1390 Virgine
2874 1329 2969 1374 aut
3000 1319 3116 1389 ejus
3140 1328 3368 1374 mortem
3391 1325 3690 1388 eXponunt,

384 1422 573 1471 varov,
605 1403 847 1473 οὐδαμοῦ
889 1404 1142 1472 φαίνεται
1171 1405 1387 1471 τιθεῖσα
1409 1444 1424 1470 ,
1466 1404 1621 1472 Θεὸς,
1653 1407 1828 1479 ἀλλ’ἢ
1862 1410 1984 1482 Χρι.

2099 1396 2363 1483 nusquam
2383 1424 2588 1483 ponunt
2605 1413 2796 1480 Deum,
2821 1413 2914 1468 sed
2937 1412 3020 1468 vel
3041 1413 3337 1477 Christum,
3366 1413 3446 1466 vel
3470 1412 3689 1478 Filium,

386 1498 538 1560 στὸς,
576 1497 613 1567 ἢ
646 1496 794 1561 Υἱὸς,
822 1496 855 1566 ἢ
894 1496 1122 1567 Κύριος.
1160 1497 1386 1568 Ἐπειδὴ
1414 1497 1592 1553 ταῦτα
1624 1499 1694 1553 τὰ
1722 1501 1853 1573 τρία
1880 1501 1984 1557 τῶν

2101 1504 2183 1560 vel
2203 1505 2523 1572 Dominum;
2552 1520 2675 1560 nam
2699 1506 2811 1560 haec
2833 1505 2934 1559 tria
2958 1505 3094 1558 duas
3115 1514 3339 1558 naturas
3359 1503 3687 1574 signiﬁcant,

382 1590 482 1645 δύο
522 1589 747 1660 φύσεών
781 1591 892 1642 είσι
925 1591 1246 1661 σημαντικά
1269 1605 1283 1619 °
1309 1591 1441 1645 ποτέ
1473 1593 1574 1664 μὲν
1601 1592 1830 1665 ταύτης,
1855 1595 1984 1649 ποτέ

2097 1611 2239 1652 nunc
2281 1597 2445 1662 hanc,
2497 1612 2643 1652 nunc
2697 1596 2874 1662 illam;
2924 1585 3067 1650 nunc
3106 1603 3161 1649 et
3206 1597 3345 1649 hanc
3389 1604 3444 1647 et
3494 1593 3685 1660 illam;

380 1686 429 1738 δ’
469 1685 725 1762 ἐκείνης,
773 1684 909 1737 ποτὲ
937 1684 996 1737 δὲ
1028 1687 1235 1757 ταύτης
1273 1688 1568 1759 κάκείνης·
1600 1687 1711 1745 οἷόν
1748 1708 1800 1745 τι
1833 1691 1984 1761 λέγω,

2100 1688 2251 1743 verbi
2277 1689 2472 1758 gratia,
2499 1703 2621 1742 cum
2645 1688 2794 1742 illam
2819 1702 2851 1742 e
2874 1687 3011 1743 caelo
3035 1687 3374 1740 nativitatem
3409 1684 3687 1756 Scriptura

380 1779 517 1831 ὅταν
550 1771 656 1847 τὴν
685 1777 748 1842 ἐξ
786 1777 1021 1848 οὐρανοῦ
1052 1778 1308 1851 γέννησιν
1345 1782 1479 1851 ἡμῖν
1507 1782 1541 1852 ἡ
1572 1781 1764 1862 Γραφὴ
1807 1783 1984 1855 διηγῆ-

2102 1780 2258 1835 nobis
2272 1780 2515 1849 exponit,
2534 1779 2666 1848 quid
2685 1779 2801 1833 ait?
2819 1778 2964 1833 Misit
2994 1779 3135 1833 Deus
3150 1776 3344 1831 Filium
3363 1792 3519 1831 suum
3544 1794 3560 1845 ;
3582 1792 3687 1830 non

382 1887 501 1935 ται,
540 1868 595 1923 τί
629 1869 816 1939 λέγεις
858 1870 1276 1936 Ἐξαπέστειλεν
1303 1874 1331 1925 ὁ
1363 1871 1495 1937 Θεὸς
1524 1873 1617 1927 τὸν
1651 1874 1780 1928 Υίὸν
1806 1875 1984 1929 αὑτοῦ

2100 1881 2279 1926 autem
2310 1888 2326 1925 :
2364 1869 2516 1926 Misit.
2541 1871 2681 1926 Deus
2697 1872 2862 1925 Deum
2898 1867 3158 1935 Verbum,
3190 1869 3283 1923 sed
3312 1884 3507 1924 nomen
3525 1869 3691 1923 sumit

384 1959 508 2017 Οὐκ
529 1957 710 2028 εἶπεν,
731 1960 1152 2026 Ἑξαπέστειλεν
1172 1963 1200 2015 ὁ
1215 1961 1349 2027 Θεὸς
1372 1960 1466 2018 τὸν
1490 1964 1625 2019 Θεὸν
1646 1966 1838 2035 Λόγοψ
1863 1965 1984 2020 ἀλλὰ

2103 1962 2246 2033 quod
2273 1963 2409 2018 duas
2435 1972 2660 2017 naturas
2687 1963 2884 2017 indicat
2902 1979 2916 2016 :
2933 1978 3055 2016 nam
3077 1961 3201 2031 quia
3232 1961 3398 2015 Filius
3424 1960 3585 2013 homo
3603 1968 3689 2013 est

383 2051 665 2123 λαμβάνει
703 2052 767 2106 τὸ
811 2052 984 2122 ὄνομα
1014 2052 1077 2105 τὸ
1116 2053 1323 2123 μηνύον
1361 2054 1464 2118 τὰς
1515 2054 1710 2124 φύσεις
1743 2056 1845 2121 τὰς
1880 2058 1984 2112 δύο,

2102 2069 2166 2109 ac
2199 2054 2366 2120 Deus,
2397 2055 2613 2124 inquit:
2638 2071 2658 2106 ι
2695 2054 3051 2109 MisitFilinm
3083 2068 3239 2107 suum
3276 2062 3459 2107 natum
3489 2067 3554 2107 ex
3572 2065 3683 2104 mu-

398 2144 627 2215 Ἐπειδὴ
659 2145 771 2216 γὰρ
798 2146 828 2198 ὁ
856 2144 991 2210 Υἱὸς
1024 2144 1313 2215 ἄνθρωπός
1342 2147 1459 2198 ἐστι
1490 2147 1587 2201 καὶ
1619 2147 1774 2213 Θεὸς,
1809 2147 1957 2218 λέγει
1983 2169 1984 2176 η

2100 2145 2234 2201 liere
2260 2146 2342 2211 9';
2367 2164 2386 2198 ι
2412 2155 2609 2200 utcum
2638 2147 2902 2213 audieris,
2934 2156 3120 2213 nutum
3144 2159 3211 2199 ex
3240 2143 3484 2207 muliere,
3509 2141 3686 2197 couti-

390 2251 411 2284 ι
450 2234 876 2300 Ἐξαπέστειλεν
900 2235 993 2288 τὸν
1043 2234 1174 2287 Υἱὸν
1217 2234 1383 2288 αὐτοῦ
1431 2235 1776 2308 γεννώμενον
1802 2239 1867 2291 ἐκ
1896 2255 1984 2307 γοα

2100 2249 2210 2293 nuo
2230 2235 2415 2290 videas
2431 2236 2776 2304 praepositum
2802 2249 2998 2289 nomen
3018 2234 3163 2304 quod
3196 2235 3331 2288 duas
3362 2242 3588 2287 naturas
3608 2232 3689 2286 in-

384 2325 617 2388 ναικόςο
649 2344 670 2377 ι
707 2324 800 2378 ἵνα
846 2325 977 2378 ὃταν
1021 2322 1266 2396 ἀκούσῃς
1304 2325 1367 2378 τὸ
1415 2323 1758 2395 γεννώμενον
1788 2326 1855 2380 ἐκ
1894 2343 1984 2396 γυα

2102 2325 2270 2389 dicat,
2304 2333 2362 2380 ut
2396 2325 2737 2380 nativitatem
2769 2338 2837 2379 ex
2866 2324 3022 2380 beata
3058 2322 3279 2395 Virgine
3302 2323 3423 2378 Filii
3458 2337 3580 2378 esse
3607 2323 3689 2378 di-

384 2412 606 2477 ναικὸς,
629 2407 753 2466 εἶτα
777 2413 891 2485 ἴδῃς
919 2413 981 2466 τὸ
1005 2412 1175 2484 ὄνομα
1200 2413 1560 2485 προκείμενον
1581 2415 1643 2468 τὸ
1669 2416 1875 2486 μηνύον
1898 2416 1984 2480 τὰς

2101 2430 2217 2480 cas;
2240 2430 2365 2470 nam
2393 2414 2487 2469 Dei
2510 2415 2706 2470 Filium
2730 2416 2916 2484 genuit
2932 2416 3097 2470 etiam
3119 2416 3210 2470 illa
3233 2414 3437 2470 Christi
3453 2413 3688 2482 genitrix

385 2505 585 2575 φύσεις
620 2504 724 2568 τὰς
749 2504 987 2570 δύο,νὶ’να
1020 2504 1120 2577 τὴν
1152 2506 1407 2578 γέννησιν
1446 2509 1547 2576 τὴν
1580 2508 1647 2561 ἐκ
1676 2509 1774 2578 τῆς
1817 2524 1984 2579 μακα-

2102 2508 2284 2578 Virgo.
2319 2508 2426 2563 Sed
2450 2509 2576 2578 quia
2605 2507 2700 2563 Dei
2724 2507 2897 2563 Filius
2912 2508 3107 2579 duplex
3143 2517 3228 2563 est
3271 2509 3566 2563 secundum
3594 2522 3689 2561 na-

390 2595 518 2667 ρίας
552 2595 858 2666 Παρθένου,
890 2595 1025 2649 Υἱοῦ
1059 2596 1373 2667 μὲν.καλῇς
1394 2612 1406 2626 ·
1439 2596 1568 2650 Υίὸν
1597 2596 1707 2666 γὰρ
1733 2598 1984 2668 ἐγέννησε

2099 2604 2278 2662 turas,
2304 2599 2493 2667 genuit
2533 2598 2950 2664 humanitatem,
2981 2614 3103 2670 qua:
3154 2608 3241 2654 est
3283 2598 3427 2654 ﬁlius
3467 2609 3690 2669 propter

382 2686 530 2740 Θεοῦ
591 2688 689 2740 καὶ
719 2690 751 2757 ὴ
786 2688 1153 2758 Χριστοτόκος
1183 2687 1477 2759 Παρθένος.
1517 2686 1658 2741 Ἀλλ’
1688 2688 1984 2759 ἐπειδήπερ

2096 2690 2441 2760 conjunctum
2475 2689 2578 2745 sibi
2614 2689 2862 2763 Filium]

378 2779 413 2831 ό
448 2778 584 2844 Υἱὸς
612 2780 709 2832 τοῦ
738 2779 876 2833 Θεοῦ
900 2779 1124 2843 διπλοῦς
1151 2781 1268 2832 ἐστι
1301 2780 1402 2843 τὰς
1423 2779 1639 2848 φύσεις,
1665 2779 1925 2851 ἐγέννησε
1952 2779 2075 2850 [οὐκ
2110 2780 2393 2853 ἐγέννησε]
2428 2780 2529 2854 μὲν
2558 2782 2650 2837 τὸν
2678 2782 2808 2839 Υίὸν
2849 2779 2945 2836 τοῦ
2975 2779 3135 2848 Θεοῦ,
3157 2781 3273 2836 ἀλλ’
3302 2781 3560 2853 ἐγέννησε
3587 2781 3688 2855 τὴν

374 2870 817 2946 ἀνθρωπότητα,
834 2874 959 2947 ἥτις
987 2875 1140 2940 ἐστὶν
1162 2873 1298 2943 υἱὸς,
1324 2874 1413 2932 διὰ
1439 2874 1531 2931 τὸν
1558 2875 1906 2948 συνημμένον
1927 2874 2103 2948 Υίόνο]

970 3044 983 3049 -
1012 3015 1267 3072 ΚΕΦΛΛ.
1301 3016 1377 3073 B'.

2770 3012 2923 3069 CAP.
2965 3012 3029 3069 ll.

468 3148 617 3204 Ἀλλ’
653 3148 817 3219 ἡμεῖς
845 3163 931 3216 γε,
972 3140 1018 3201 ὧ
1047 3147 1195 3211 ’τᾶν,,
1209 3149 1259 3202 οἱ
1291 3149 1400 3202 τῶν
1433 3148 1543 3203 σῶν
1580 3150 1984 3222 τερετισμάτων

2168 3151 2239 3206 At
2268 3164 2369 3206 nos
2411 3157 2580 3215 certe,
2612 3162 2645 3203 ο
2686 3147 2767 3202 vir
2812 3148 3041 3218 optime,
3091 3146 3181 3216 qui
3215 3146 3320 3203 tuis
3369 3147 3527 3215 nugis
3570 3162 3686 3204 me-

377 3239 454 3293 τὰ
492 3236 713 3309 ἀμείνω
745 3239 967 3306 φρονεῖν
998 3238 1329 3306 ἐγνωκότες·
1363 3239 1460 3292 καὶ
1491 3238 1593 3309 τῆς
1627 3238 1984 3295 θεοπνεύστου

2095 3241 2230 3297 liora
2267 3241 2472 3295 sentire
2502 3239 2867 3305 decrevimus,
2908 3245 2964 3293 et
3008 3237 3311 3291 divinarum
3354 3234 3687 3292 Litterarum

379 3332 424 3384 Γ
430 3330 622 3401 ραφῆς
670 3328 1089 3403 ἰχνηλατοῦντες
1128 3329 1219 3382 τὸν
1251 3330 1456 3400 κόσμον
1486 3328 1598 3402 [ῖσ.
1626 3330 1871 3403 σκοπὸν],
1898 3332 1984 3386 ’ἐνα

2097 3332 2433 3403 propositum
2475 3332 2928 3401 pervestigamus,
2979 3343 3101 3399 qua:
3152 3328 3341 3382 dicunt
3376 3344 3541 3382 unum
3587 3328 3686 3382 Ριισ-

378 3420 665 3490 λεγούσης
708 3420 802 3472 τὸν
838 3419 1061 3490 Πατέρα
1094 3419 1188 3472 καὶ
1214 3419 1345 3474 Θεὸν
1387 3420 1446 3484 ἐξ
1476 3413 1537 3472 οῦ
1564 3420 1633 3474 τά
1669 3423 1866 3488 πάντα,
1901 3423 1984 3476 καὶ

2098 3431 2234 3477 trem
2267 3430 2323 3477 et
2371 3423 2539 3477 Deum
2581 3436 2644 3476 ex
2699 3436 2807 3490 quo
2852 3421 3058 3485 omnia,
3090 3428 3143 3475 et
3187 3436 3352 3475 unum
3401 3422 3685 3477 Dominum

377 3515 481 3569 ἕνα
527 3512 739 3584 Κύριον
773 3510 984 3582 Ἰησοῦν
1030 3510 1288 3581 Χριστὸν,
1321 3510 1387 3564 δι’
1417 3507 1479 3566 οῦ
1511 3511 1579 3566 τὰ
1619 3512 1800 3567 πάντα
1845 3530 1984 3584 παρ-

2093 3511 2278 3569 Jesum
2328 3511 2624 3576 ChriStum,
2671 3526 2769 3581 per
2815 3525 2976 3579 quem
3014 3510 3196 3562 oumia
3239 3519 3301 3563 ut
3341 3520 3523 3565 essent
3561 3527 3686 3580 pro-

378 3605 530 3677 ήχθη
585 3604 727 3676 πρὸς
775 3604 1014 3671 γένεσιν,
1060 3603 1189 3655 ὅταν
1232 3601 1557 3672 ἀκούσωμεν
1587 3605 1653 3657 ἐκ
1696 3605 1795 3675 τῆς
1828 3605 1984 3673 ἁγίας

2094 3605 2254 3659 ducta
2293 3604 2509 3671 sunt“,
2539 3618 2662 3659 cum
2707 3603 2960 3659 audimus
3006 3618 3069 3657 ex
3100 3602 3207 3673 37
3237 3614 3426 3658 sancta
3467 3604 3685 3674 Virgine

378 3696 673 3767 Παρθένου
728 3692 1091 3764 γεγεννῆσθαι
1141 3692 1408 3763 Χριστὸν,
1450 3694 1574 3747 τότε
1605 3692 1692 3765 δὴ,
1727 3695 1849 3747 τότε
1898 3697 1984 3748 καὶ

2094 3707 2280 3752 natum
2315 3710 2439 3750 esse
2462 3694 2766 3758 Christum,
2794 3694 2938 3749 illico
2965 3694 3260 3764 prudenter
3292 3694 3582 3748 admodum
3628 3705 3685 3749 t-t

381 3789 538 3860 μάλα
589 3788 916 3856 ἐμφρόνως,
947 3784 1044 3838 καὶ
1080 3786 1202 3837 κατ’
1230 3783 1361 3836 εὐθὺ
1400 3784 1500 3855 τῆς
1547 3784 1807 3856 ἀληθείας
1851 3786 1984 3840 ἰέναι

2094 3801 2246 3845 recto
2298 3789 2365 3843 ad
2409 3790 2697 3843 veritatem
2743 3788 2939 3842 itinere
2986 3795 3363 3856 properantes,
3430 3787 3559 3839 illud
3614 3800 3680 3839 ex

380 3880 818 3943 σπουδάζοντες.
856 3876 947 3930 τὸν
977 3878 1041 3929 ἐκ
1072 3874 1207 3929 Θεοῦ
1242 3875 1455 3946 Πατρὸς
1491 3875 1667 3945 φύντα
1694 3877 1867 3945 Λόγον
1905 3879 1984 3930 ἐν·

2094 3880 2205 3937 Deo
2226 3879 2395 3936 Patre
2423 3891 2607 3934 natum
2635 3877 2867 3934 Verbum
2893 3878 3165 3932 hominem
3191 3879 3394 3931 factum
3423 3879 3679 3945 dicimus,

378 3969 757 4044 ανθρωπῆσαξ
803 3969 870 4038 γέ
917 3984 1120 4040 φαμεν,
1178 3968 1274 4020 κα)⁵
1322 3967 1591 4038 ἐνωθῆναι
1656 3970 1821 4039 σαρκὶ
1866 3969 1984 4023 καθ’

2092 3980 2147 4024 et
2194 3973 2404 4023 unitum
2454 3969 2605 4025 carni
2656 3968 2954 4022 secundum
3003 3968 3360 4037 bypostasim,
3392 3977 3448 4021 et
3493 3977 3679 4021 natum

379 4066 717 4125 ὗπόστασιν,
749 4060 1077 4132 γεννηθῆναι
1106 4078 1166 4114 τε
1195 4059 1337 4114 κατὰ
1378 4061 1557 4130 σάρκα
1576 4076 1591 4092 ’
1622 4063 1718 4115 καὶ
1756 4062 1855 4132 τῆς
1890 4062 1990 4133 σῆς

380 4161 461 4222 είς
494 4155 665 4210 τοῦτο
690 4153 982 4225 τερθρείας
1010 4153 1111 4205 οὐκ
1145 4149 1447 4221 ἀνεξόμεθα
1469 4168 1483 4183 ’
1516 4151 1598 4205 έν¹ι
1627 4151 1684 4204 δὲ
1715 4151 1810 4204 καὶ
1844 4152 1991 4223 μόνῳ

378 4250 459 4319 τῷ
510 4247 662 4301 κατὰ
709 4244 872 4316 φύσιν
906 4242 1022 4314 Υίῷ
1066 4242 1129 4295 τὸ
1170 4242 1405 4314 Χριστὸς
1438 4240 1611 4315 ὄνομα
1656 4242 1990 4314 προσνεμοῦ-

383 4358 510 4412 μεν,
539 4338 777 4399 εἰκότως
797 4353 811 4367 ο
842 4336 1157 4405 γεννήσεως
1184 4334 1614 4404 ὀνομαζομένης,
1641 4334 1743 4405 τῆς
1773 4335 1860 4389 διὰ
1889 4337 1984 4408 τῆς

2091 4336 2236 4406 jure,
2266 4350 2387 4390 cum
2415 4335 2502 4390 illa
2531 4350 2628 4404 per
2658 4345 2902 4388 sanctam
2933 4331 3212 4403 Virginem
3242 4334 3428 4399 editio,
3456 4348 3681 4401 genera-

377 4433 549 4500 ἁγίας
582 4428 893 4499 Παρθένον.
926 4425 1097 4479 Κοινὰ
1129 4426 1228 4496 μὲν
1261 4426 1393 4498 γὰρ,
1422 4425 1497 4488 ὼς
1526 4425 1686 4495 ἔφην,
1718 4426 1866 4497 αὐτῷ
1896 4429 1984 4481 καὶ

2093 4430 2167 4483 tio
2202 4438 2566 4497 nuncupetur.
2613 4425 2937 4492 Communia
2992 4441 3225 4494 namque
3270 4436 3397 4480 sunt
3445 4425 3519 4478 illi
3555 4440 3678 4478 cum

376 4523 598 4593 ἑτέροις
647 4512 760 4571 εἷεν
790 4517 858 4571 ἂν
892 4516 963 4570 τὰ
1005 4516 1185 4569 τοιάδε
1226 4515 1334 4570 τῶν
1370 4515 1654 4586 ὀνομάτων
1691 4516 1984 4587 ὁμολογου-

2097 4520 2219 4574 aliis
2247 4534 2485 4589 quoque,
2514 4529 2573 4579 ut
2596 4518 2732 4584 dixi,
2763 4517 3029 4587 ejusmodi
3070 4518 3312 4572 nomina.
3344 4515 3495 4570 Μιιιιί
3533 4530 3680 4569 nam-

379 4615 593 4686 μένως.
636 4610 834 4663 Πολλοὶ
875 4608 985 4679 γὰρ
1024 4608 1133 4660 νἱοὶ
1166 4608 1309 4662 κατὰ
1354 4607 1537 4679 χάριν,
1575 4607 1669 4661 καὶ
1711 4607 1843 4673 θεοὶ,
1891 4608 1984 4662 καὶ

2097 4626 2203 4680 que
2246 4611 2343 4665 lilii
2389 4611 2692 4665 secundum
2751 4610 3003 4677 gratiam,
3043 4617 3097 4662 et
3138 4608 3232 4672 dii,
3263 4618 3319 4663 et
3368 4607 3574 4661 domini
3621 4606 3675 4660 in
3718 4650 3723 4655 .

2095 4703 2239 4758 cmlo
2272 4710 2328 4757 et
2372 4702 2425 4757 in
2475 4714 2645 4764 terra,
2681 4711 2739 4756 ut
2769 4702 2961 4757 beatus
3006 4699 3208 4755 Paulus
3245 4699 3526 4765 scribit",
3579 4699 3675 4755 sed

2099 4150 2249 4205 nullo
2304 4150 2466 4204 modo
2516 4149 2828 4218 patiemur:
2859 4148 2953 4202 sed
2997 4147 3091 4201 uni
3139 4156 3194 4201 et
3242 4148 3341 4202 soli
3381 4150 3680 4203 secundum

2093 4254 2341 4297 naturam
2378 4240 2519 4296 Filio
2547 4241 2749 4296 Christi
2787 4255 2982 4297 nomen
3012 4241 3311 4295 tribuemus
3341 4258 3357 4302 ;
3382 4250 3436 4295 et
3464 4240 3680 4309 quidem

374 4707 591 4776 κύριοι,
626 4702 684 4755 ἐν
712 4719 775 4753 τε
818 4699 1035 4771 οὐρανῷ
1085 4703 1181 4753 καὶ
1214 4701 1305 4754 ἐπὶ
1339 4701 1441 4770 τῆς
1479 4701 1602 4772 γῆς,
1637 4700 1782 4754 καθὰ
1825 4701 1920 4781 κα).
1959 4702 1988 4754 ό

2093 4060 2390 4115 secundum
2431 4072 2675 4124 carnem,
2730 4068 2787 4112 et
2836 4065 2953 4111 tuas
3004 4057 3059 4110 in
3112 4057 3331 4111 hacre
3380 4059 3682 4128 praestigias
3777 4083 3790 4100 ο

375 4798 681 4858 θεσπέσιος
707 4796 843 4865 ἡμῖν
869 4792 1073 4863 γράφει
1113 4792 1347 4856 Παῦλος,
1392 4792 1532 4863 πλὴν
1562 4792 1638 4856 ὡς
1678 4795 1736 4847 ἐν
1769 4790 1987 4863 μεθέξει

373 4890 473 4944 τοῦ
501 4889 657 4943 κατὰ
682 4885 867 4955 φύσιν,
897 4886 991 4937 καὶ
1019 4883 1162 4937 κατὰ
1194 4886 1446 4955 μίμησιν.
1475 4883 1548 4936 Τὸ
1578 4882 1635 4936 δέ
1664 4900 1728 4951 γε
1751 4883 1985 4956 Χριστὸς

372 4981 555 5053 δεσμά
584 4996 648 5031 τε
685 4978 779 5029 καὶ
806 4976 1022 5046 χρῆμα,
1056 4973 1257 5044 πρέποι
1302 4972 1369 5027 ἂν
1413 4972 1534 5027 κατ’
1561 4972 1752 5026 οὐδένα
1783 4974 1985 5044 τρόπον

375 5071 452 5142 τῷ
494 5074 565 5124 ἐκ
610 5067 832 5138 Πατρὸς
872 5066 990 5119 sm
1020 5064 1180 5136 Λόγῳ
1228 5063 1443 5135 γυμνῷ,
1486 5065 1581 5118 καὶ¹
1621 5064 1742 5118 καθ’
1769 5065 1981 5142 ἑαυτὸν,

376 5140 471 5217 καὶ
494 5162 609 5226 ἔξω
634 5159 844 5231 σαρκὸς
865 5157 1003 5227 πρὸς
1023 5156 1180 5227 ἡμῶν
1201 5156 1498 5227 νοουμένῳ.
1524 5157 1586 5209 Εἰ
1607 5155 1665 5209 δὲ
1684 5156 1749 5227 δὴ
1770 5140 1980 5223 λέγοιτο

374 5253 625 5310 κενῶσαί
660 5268 724 5305 τε
756 5249 977 5315 ἑαυτὸν,
1004 5248 1112 5303 καὶ
1135 5250 1194 5303 ἐν
1222 5251 1291 5321 τῇ
1318 5247 1413 5301 τοῦ
1445 5247 1631 5301 δούλου
1659 5246 1980 5302 καθικέσθαι

377 5348 598 5420 μορφῇ,
630 5343 729 5397 καὶ
767 5340 892 5396 καθ’
929 5341 1083 5410 ἡμᾶς
1121 5336 1376 5408 γενέσθαι
1401 5336 1493 5391 διά
1522 5338 1622 5406 τὴν
1662 5335 1863 5408 σάρκα,
1891 5353 1982 5390 κε-

376 5443 652 5514 κλήσεται
681 5438 779 5490 καὶ
807 5434 999 5499 αὐτὸς,
1017 5432 1109 5487 διά
1148 5448 1230 5486 τοι
1269 5429 1336 5484 τὸ
1366 5429 1674 5504 κεχρίσθαι,
1714 5431 1978 5501 Χριστός*

374 5536 440 5588 οὐ
476 5532 594 5604 γὰρ
621 5530 918 5600 κέχρισται
951 5523 1076 5579 κατ’
1105 5522 1242 5576 ἰδίαν
1275 5520 1436 5592 φύσιν
1466 5521 1598 5586 Θεὸς
1621 5519 1699 5575 ὢν
1725 5523 1755 5575 ὁ
1777 5520 1947 5589 Λόγος
1967 5536 1982 5552 ·

376 5621 577 5691 γέγονε
604 5617 666 5673 δὲ
691 5616 899 5689 μᾶλλον
926 5615 962 5685 ἡ
992 5613 1173 5685 χρίσις
1196 5604 1348 5679 αὐτῷ
1378 5613 1506 5681 περὶ
1525 5611 1589 5665 τὸ
1620 5609 1982 5682 ἀνθρώπινον.

2093 4792 2214 4861 ejus
2248 4795 2664 4865 participatione
2693 4803 2857 4863 atque
2894 4794 3218 4859 imitatione,
3255 4792 3346 4863 qui
3375 4784 3673 4848 secundum

2094 4893 2346 4941 naturam
2393 4886 2654 4956 ejusmodi
2701 4894 2806 4940 est.
2842 4884 2914 4938 At
2958 4899 3087 4939 vero
3125 4884 3327 4940 Christi
3370 4900 3566 4939 nomen
3608 4900 3676 4940 ae
3760 4940 3765 4945 ,

2092 4991 2200 5040 res,
2236 4975 2416 5033 Verbo
2444 4976 2520 5031 illi
2555 4991 2620 5031 ex
2648 4975 2811 5030 Patre
2840 4975 3148 5039 exsistenti.
3180 4989 3245 5030 ac
3280 4975 3424 5029 nudo
3448 4985 3503 5028 et
3523 4988 3675 5028 seor-

2089 5065 2195 5120 sim
2220 5073 2277 5120 et
2324 5072 2478 5120 extra
2507 5079 2727 5121 carnem
2776 5051 3142 5130 considerato,
3175 5064 3323 5119 nullo
3353 5064 3515 5118 modo
3543 5076 3675 5117 cono

2092 5158 2266 5212 venit.
2318 5157 2471 5223 Quod
2513 5156 2558 5211 si
2611 5156 2810 5211 dicitur
2847 5155 3082 5225 seipsum
3130 5155 3462 5222 exinanisse,
3515 5163 3570 5209 et
3616 5154 3670 5208 in

2086 5249 2231 5305 servi
2275 5246 2453 5302 forma
2509 5247 2874 5314 descendisse,
2918 5256 2974 5302 et
3015 5246 3222 5303 factum
3273 5245 3446 5301 fuisse
3489 5245 3668 5300 nostri

2087 5339 2321 5396 similem
2367 5348 2593 5408 propter
2639 5353 2862 5394 carnem
2885 5340 2954 5404 “,
2985 5340 3101 5408 ipse
3146 5351 3365 5408 quoque
3399 5345 3670 5406 quatenus
3732 5402 3739 5407 _

2087 5442 2287 5488 unctus
2339 5439 2448 5498 est,
2472 5432 2725 5505 Christus
2746 5431 3032 5488 vocabitur
3060 5450 3075 5487 :
3104 5445 3213 5486 non
3260 5430 3404 5484 enim
3431 5427 3669 5485 Verbum

2089 5523 2234 5591 quod
2283 5519 2428 5576 Deus
2469 5531 2591 5576 erat
2615 5520 2912 5577 secundum
2954 5535 3107 5577 suam
3151 5529 3405 5575 naturam
3449 5528 3534 5575 est
3569 5534 3673 5572 un-

2091 5619 2262 5677 ctum,
2292 5611 2391 5667 sed
2421 5597 2592 5681 ipsius
2636 5611 2825 5690 unctio
2855 5611 3038 5683 potius
3088 5610 3143 5667 in
3186 5610 3424 5668 hominis
3477 5615 3672 5691 natura

458 5792 706 5853 “Galat.
740 5809 819 5861 ιν,
849 5793 906 5847 4.
989 5790 1078 5845 ’⁸1
1107 5789 1230 5848 Cor.
1279 5804 1387 5859 Illi,
1416 5789 1471 5846 6.
1546 5788 1593 5824 "
1627 5787 1761 5846 lbid.
1919 5785 1968 5821 “

2091 5785 2223 5859 lipp.
2254 5801 2316 5855 ll,
2346 5786 2398 5855 7,
2432 5786 2488 5854 8.,
