4150 6436
463 352 517 405 71
1464 344 1524 403 S.
1560 344 1843 403 CYRILLI
1890 343 2368 402 ALEXANDRIN!
2413 344 2735 403 ARCHil-Jl'.
2907 360 2926 375 ⁸
3693 348 3764 405 73

457 474 583 529 luit.
622 472 715 529 Sic
762 468 929 543 igitur
965 468 1059 526 illo
1089 477 1412 541 antegresso
1438 468 1495 524 in
1535 483 1644 539 quo
1688 470 1873 525 unctio
1914 468 2055 525 facta

2165 469 2322 523 Οὕτω
2352 468 2648 542 τοιγαροῦν
2677 466 3120 541 προσδεῦςκότος
3148 466 3383 533 ἐκείνου,
3418 466 3549 539 περὶ
3578 460 3640 521 οὗ
3671 467 3766 537 γέ-

457 571 540 619 est
582 566 731 632 (nam
777 562 897 629 ejus
946 561 1163 631 prepria
1207 559 1526 615 humanitas
1579 561 1746 615 estin
1796 575 1902 629 qua
1950 559 2054 614 fuit

384 700 407 722 ,
459 655 689 722 unctio),
725 669 848 708 cum
877 653 1156 708 Christum
1184 652 1338 707 illum
1364 652 1722 720 appellamus,
1756 667 1860 706 non
1903 662 1961 706 ut
1997 660 2051 706 tu

455 746 719 803 ell’renate
760 747 1042 817 loqueris,
1100 760 1451 801 communem
1496 745 1771 800 hominem
1817 745 2055 800 aVerbo

459 838 720 901 divisum,
755 849 811 891 et
842 836 1078 891 seorsim
1110 838 1346 905 positum
1371 851 1437 890 ex
1472 845 1658 890 sancta
1693 834 1914 906 Virgine
1947 835 2055 889 edi-

461 940 574 983 tum
628 943 907 997 putamus,
950 930 1045 983 sed
1095 930 1294 997 ipsum,
1349 939 1406 982 ut
1434 928 1566 993 dixi,
1627 944 1693 983 ex
1741 927 1851 982 Deo
1891 927 2056 982 Patre

459 1018 723 1083 Verbum,
752 1021 964 1073 unitum
1007 1019 1184 1083 carui,
1216 1028 1277 1073 et
1308 1017 1431 1073 oleo
1458 1016 1843 1072 exsultationis
1882 1031 1913 1069 a
1946 1018 2056 1071 Deo

461 1119 517 1163 et
554 1108 720 1164 Patre
768 1120 993 1163 unctum
1031 1109 1372 1164 humanitus.
1409 1106 1591 1164 Porro
1626 1106 1722 1162 Dei
1758 1107 1921 1162 Verbi
1954 1124 2055 1159 uno

461 1201 696 1254 ctionem
739 1200 792 1254 in
829 1199 1169 1255 humanitate
1205 1198 1405 1254 factum
1436 1198 1632 1262 fuisse,
1671 1213 1784 1267 quo
1814 1206 2058 1267 tempore

462 1290 659 1347 similis
692 1292 852 1346 nobis
893 1290 1173 1361 apparuit,
1222 1306 1395 1346 sacra:
1431 1288 1658 1345 Littera:
1686 1290 1845 1344 nobis
1869 1298 2059 1345 osten-

461 1385 610 1436 dent.
644 1380 778 1436 Cum
814 1381 959 1435 enim
992 1381 1187 1435 beatus
1212 1380 1384 1437 Jacob
1415 1390 1641 1450 paterna
1670 1379 1834 1434 domo
1852 1380 2058 1434 cedens

354 1538 357 1545 _
461 1475 517 1529 in
553 1472 999 1542 Mesonotamiam
1034 1484 1308 1544 pergeret,
1349 1483 1404 1527 et
1439 1473 1508 1527 ad
1539 1472 1726 1529 Laban
1768 1471 2060 1526 contende-

462 1577 547 1623 ret
578 1566 862 1623 Bathuelis
891 1566 1084 1631 ﬁlium,
1109 1567 1164 1621 iu
1193 1567 1368 1623 locum
1395 1566 1687 1635 quemdam
1714 1566 2057 1636 interiectum

462 1660 737 1728 pervenit,
772 1658 956 1727 ibique
986 1658 1319 1724 diversatus,
1355 1660 1410 1712 in
1448 1657 1790 1727 suppositum
1823 1656 2057 1725 lapidem

464 1750 751 1805 inclinavit
778 1760 958 1820 caput,
991 1758 1047 1803 et
1085 1763 1338 1804 somnum
1375 1750 1551 1817 cepit;
1586 1764 1652 1805 ac
1695 1763 1791 1818 per
1817 1747 2058 1816 quietem

2163 578 2322 631 γονεν
2352 563 2386 631 ἡ
2416 562 2600 633 χρίσις
2644 560 2832 632 (αὑτοῦ
2864 561 2973 633 γὰρ
2998 561 3032 631 ἡ
3070 557 3513 631 ἑνανθρώπησις,
3545 560 3675 632 περὶ
3702 551 3765 613 οὗ

2165 654 2391 723 γέγονεν
2415 655 2449 725 ἡ
2480 653 2706 725 χρίσις),
2734 654 2864 707 ὅταν
2882 655 3016 723 ἡμῖν
3045 650 3386 723 ὀνομάζηται
3417 650 3675 721 Χριστὸς,
3703 653 3765 704 ού

2163 746 2307 801 κατά
2342 762 2407 814 γε
2460 746 2559 817 τὴν
2600 746 2699 816 σὴν
2740 744 3164 816 ἀθυροστομίαν,
3220 744 3508 816 ἄνθρωπον
3571 743 3764 807 ἁπλῶς

2165 836 2608 907 ὕποτοπήσομεν,
2630 836 2962 909 διῃρημένον
2990 834 3088 889 τοῦ
3110 836 3306 905 Λόγου,
3341 838 3436 889 καὶ
3461 835 3567 890 ἀνὰ
3599 836 3766 905 μέρος

2163 928 2439 997 κείμενον,
2479 930 2543 981 ἐκ
2575 931 2675 999 τῆς
2712 924 2875 996 ἁγίας
2908 928 3159 998 τετέχθαι
3191 928 3494 999 Παρθένου,
3525 928 3640 982 ἀλλ’
3672 929 3768 981 αύ-

2163 1020 2276 1083 τδν,
2305 1020 2383 1084 ὡς
2417 1019 2543 1091 ἔφη,
2577 1020 2667 1074 τὸν
2716 1022 2783 1074 ἐκ
2820 1019 2958 1074 Θεοῦ
3012 1021 3225 1091 Πατρδς
3272 1020 3447 1090 Λόγον
3489 1018 3764 1074 ἑνωθέντα

2167 1114 2336 1182 σαρκὶ
2363 1151 2378 1174 ,
2421 1111 2514 1164 καὶ
2544 1111 2623 1183 τῷ
2655 1111 2821 1184 ἐλαίῳ
2851 1112 2951 1182 τῆς
2990 1111 3367 1180 ἀγαλλιάσεως
3404 1111 3763 1182 κεχρισμένον

2163 1201 2520 1273 ἀνθρωπίνως
2560 1204 2715 1274 παρὰ
2748 1202 2843 1257 τοῦ
2872 1201 3009 1257 Θεοῦ
3038 1204 3135 1257 καὶ
3163 1203 3398 1274 Πατρός.
3426 1204 3548 1257 Ὀτι
3580 1202 3638 1256 δὲ
3668 1200 3764 1271 γέ-

2165 1310 2289 1363 γονε
2316 1293 2394 1364 τῷ
2416 1293 2538 1365 Θεῷ
2562 1295 2722 1367 Λόγῳ
2754 1296 2883 1366 περὶ
2920 1295 2982 1348 τὸ
3013 1293 3353 1367 ἀνθρώπινον
3383 1296 3414 1365 ἡ
3443 1295 3643 1366 χρίσις,
3671 1295 3761 1349 ὅτε

2166 1386 2376 1458 πέφηνε
2412 1385 2535 1441 καθ’
2561 1389 2731 1459 ἡμᾶς,
2767 1388 2912 1460 ίερὸν
2943 1389 3096 1459 ἡμᾶς
3130 1388 3463 1442 πιστῶσεται
3500 1389 3760 1460 Γράμμα.

2178 1476 2238 1530 '0
2268 1477 2368 1548 μὲν
2394 1479 2505 1550 γὰρ
2528 1478 2815 1543 θεσπέσιος
2852 1478 3068 1543 Ἰακὼϐ,
3094 1481 3194 1550 τῆς
3225 1479 3321 1533 τοῦ
3354 1480 3568 1550 Πατρός
3597 1479 3764 1535 ἀπαί-

2170 1584 2278 1639 ρων
2316 1568 2536 1632 ἑστίας,
2579 1570 2660 1631 εἰς
2692 1569 2795 1640 τὴν
2822 1567 2937 1622 τῶν
2979 1568 3253 1639 ποταμῶν
3286 1570 3531 1640 ὑπήγετο
3565 1571 3761 1642 μέσην,

2166 1661 2262 1715 καὶ
2299 1661 2437 1732 πρὸς
2466 1660 2654 1715 Λάσαν
2684 1660 2770 1731 ᾔει
2797 1661 2891 1716 τὸν
2923 1661 3017 1715 τοῦ
3055 1660 3324 1733 Βαθουὴλ,
3351 1662 3432 1714 ἑνὶ
3454 1661 3512 1714 δὲ
3540 1662 3648 1716 τῶν
3676 1664 3767 1717 διὰ

2170 1751 2337 1822 μέσου
2376 1752 2593 1829 χωρίων
2622 1752 2981 1824 ἐμϐεϐληκὼς
3019 1753 3393 1823 κατηυλίζετο.
3425 1754 3535 1808 Καὶ
3576 1754 3641 1825 δὴ
3671 1755 3767 1809 καὶ

462 1859 586 1897 rum
615 1843 718 1897 sibi
747 1842 954 1897 scalam
988 1840 1174 1897 videre
1196 1842 1344 1896 visus
1372 1852 1521 1896 esset
1551 1843 1619 1896 de
1646 1841 1808 1896 terris
1838 1839 1907 1895 ad
1939 1852 2055 1894 cm.

2165 1843 2293 1914 λίθῳ
2328 1844 2431 1913 τὴν
2464 1844 2707 1915 κεφαλὴν
2739 1844 3038 1909 ύποκλίνας
3058 1887 3072 1910 ,
3096 1846 3189 1899 τὸν
3213 1844 3380 1899 ὕπνον
3417 1846 3720 1917 εἰσδέχεται
3748 1862 3762 1875 ⁶

463 1936 573 1989 lum
603 1934 1024 2003 pertingentem,
1055 1934 1281 2004 angelos
1311 1944 1574 2002 praeterea
1606 1949 1702 2004 per
1724 1947 1846 1987 eam
1872 1948 2059 1986 ascen-

462 2032 653 2081 dentes
680 2042 747 2082 ac
792 2027 1208 2091 descendentes,
1265 2026 1625 2095 innixamque
1657 2040 1825 2095 super.
1846 2040 1909 2080 ea
1950 2023 2058 2080 Bo-

376 2182 385 2191 _
464 2121 713 2186 mimum,
777 2121 1068 2175 admodum
1122 2119 1390 2175 visionem
1444 2129 1533 2175 est
1600 2119 1945 2183 admiratus,
2003 2125 2061 2174 et

462 2224 749 2282 acceptum
794 2212 1031 2280 lapidem
1085 2228 1182 2279 pro
1234 2212 1396 2267 titulo
1444 2213 1663 2277 statuit,
1721 2223 1777 2266 et
1832 2212 1888 2266 in
1938 2213 2061 2282 eius

462 2314 770 2358 extremum
816 2303 1012 2358 iui'udit
1054 2303 1233 2358 oleum
1256 2304 1325 2359 ".
1349 2302 1478 2359 Jam
1530 2304 1584 2357 in
1633 2304 1719 2359 his
1767 2305 2058 2358 considera

461 2394 753 2450 Dominum
793 2406 1036 2450 nostrum
1070 2394 1254 2451 Iesum
1286 2396 1565 2451 Christum
1613 2395 1762 2450 illum
1811 2412 1977 2450 unum
2004 2404 2061 2451 et

464 2489 641 2543 solum
683 2497 741 2543 et
783 2503 913 2543 vere
948 2487 987 2542 F
994 2489 1167 2551 ilium,
1215 2488 1370 2556 quasi
1395 2486 1509 2559 38
1536 2488 1768 2556 lapidein
1816 2499 2059 2543 erectum

463 2581 521 2636 iu
570 2579 831 2634 titulum:
875 2580 922 2634 is
968 2580 1114 2634 enim
1164 2589 1251 2634 Bal
1298 2580 1436 2650 lapis
1471 2580 1704 2646 electus,
1759 2580 2059 2650 angularia,

465 2675 755 2743 pretiosus,
813 2671 866 2725 in
917 2681 1080 2741 caput
1120 2671 1326 2740 anguli,
1373 2682 1430 2726 et
1477 2686 1506 2724 a
1543 2671 1654 2726 Deo
1695 2683 1751 2726 et
1794 2670 1957 2726 Patre
2004 2671 2059 2726 in

464 2765 823 2819 formamenta
853 2762 984 2817 Sion
1017 2763 1230 2831 positus
1250 2762 1320 2816 ".
1355 2762 1435 2817 Ad
1470 2763 1609 2829 ba'c,
1646 2764 1864 2819 modum
1892 2764 2060 2819 etiam

464 2857 628 2911 velim
663 2855 946 2924 inspicias,
978 2870 1084 2923 quo
1113 2854 1184 2907 sit
1225 2863 1424 2909 unctus
1454 2871 1468 2908 :
1501 2870 1607 2908 non
1648 2854 1793 2908 cuitu
1824 2855 1943 2908 oleo
1979 2863 2062 2907 to-

469 2955 582 2996 tum
610 2944 848 3012 undique
884 2942 1116 3012 lapidem
1151 2944 1345 2997 beatus
1382 2942 1549 2998 Jacob
1579 2944 1846 3014 irrigavit,
1872 2944 1965 2999 sed
2008 2945 2061 2999 iu

467 3036 614 3090 illius
642 3043 949 3089 extremum
983 3033 1202 3090 infudit.
1232 3032 1425 3104 igitur,
1458 3045 1517 3088 ut
1548 3035 1620 3089 ila
1654 3036 1922 3098 dicamus,
1953 3052 2060 3089 non

469 3138 615 3183 totus
643 3127 731 3182 ille
761 3125 1105 3196 Unigenitus,
1138 3140 1316 3195 neque
1344 3126 1396 3180 iu
1432 3141 1528 3181 sua
1565 3128 1679 3197 ipse
1707 3138 1922 3193 natura,
1955 3141 2059 3196 qua

2159 1937 2412 2008 κλίμακά
2438 1954 2497 1991 τε
2542 1938 2906 2009 τεθεαμένος,
2943 1938 3042 2008 τὴν
3072 1940 3135 1993 ὲκ
3168 1938 3274 2009 γῆς
3313 1940 3427 1993 ἄνω
3469 1940 3770 2011 διήκουσαν

2159 2030 2240 2091 εἰς
2266 2029 2359 2081 τὸν
2392 2029 2647 2100 οὐρανὸν,
2697 2030 3091 2094 ἁναὸαίνοντάς
3118 2049 3178 2085 τε
3212 2031 3309 2085 καὶ
3338 2033 3771 2098 καταϐαίνοντας

2160 2117 2226 2172 δι’
2259 2118 2433 2189 αὐτῆς
2501 2121 2631 2183 τοὺς
2688 2120 2978 2189 ἀγγέλους,
3045 2122 3521 2194 ἐπεστηριγμὲνον
3567 2125 3625 2178 δὲ
3674 2124 3774 2180 τὸν

2161 2210 2369 2282 Κύριον
2404 2209 2492 2263 ἔπ’
2518 2212 2710 2283 αὐτῆς,
2740 2213 2930 2283 θαῦμα
2964 2214 3063 2285 μὲν
3097 2215 3207 2268 τῶν
3249 2218 3496 2287 όρὰσεων
3530 2219 3774 2271 ἐποιεῖτο

2163 2301 2297 2357 πολύ
2325 2317 2339 2330 ·
2368 2300 2566 2356 ’λαϐὼν
2603 2303 2661 2357 δὲ
2708 2303 2801 2358 τὸν
2835 2305 3005 2371 λίθον,
3055 2307 3287 2379 ἔστησεν
3332 2309 3497 2363 αὑτὸν
3541 2309 3771 2382 στήλην,

2163 2396 2257 2451 καὶ
2307 2399 2532 2471 ἐπέχεεν
2570 2397 2747 2452 ἔλαιον
2784 2398 2877 2451 ἐπὶ
2920 2398 2983 2451 τι
3036 2399 3205 2470 ἄκρον
3239 2402 3430 2473 αὐτῆς.
3467 2403 3659 2475 ’Δθρει
3700 2406 3775 2478 δὴ

2167 2491 2230 2543 ὲν
2272 2491 2485 2555 τούτοις
2535 2492 2626 2545 τὸν
2682 2490 2887 2561 Κύριον
2935 2491 3092 2562 ἡμῶν
3128 2492 3336 2564 Ἰησοῦν
3381 2496 3636 2565 Χριστὸν,
3676 2496 3777 2552 τὸν

2162 2582 2263 2637 ἕνα
2293 2584 2389 2638 καὶ
2441 2584 2603 2655 μόνον
2654 2584 2749 2637 καὶ
2796 2584 3019 2655 ἀληθῶς
3050 2584 3201 2649 Υίδν,
3229 2586 3303 2650 ὡς
3343 2587 3489 2641 λίθον
3527 2590 3778 2661 ἀναστη-

2163 2674 2425 2745 λούμενον
2452 2693 2466 2707 ’
2511 2677 2606 2729 καὶ
2659 2677 2768 2746 γάρ
2815 2679 2931 2730 ἐστι
2975 2676 3122 2741 λίθος
3168 2677 3461 2747 ἐκλεκτὸς,
3508 2682 3776 2753 ἀκρογω-

2164 2771 2355 2834 νιαῖος,
2385 2768 2621 2838 ἔντιμος,
2669 2771 2750 2832 είς
2783 2767 3027 2840 κεφαλὴν
3064 2770 3289 2839 γωνίας,
3336 2772 3430 2825 καὶ
3465 2775 3543 2837 είς
3575 2772 3646 2827 τὰ
3679 2772 3780 2827 θε-

2168 2859 2329 2930 μέλια
2363 2860 2501 2914 Σιὼν
2548 2862 2859 2932 τεθειμένος
2910 2864 3061 2934 παρὰ
3100 2865 3199 2919 τοῦ
3227 2866 3366 2919 Θεοῦ
3398 2869 3491 2921 καὶ
3528 2869 3780 2938 Πατρός.

2169 2950 2364 3023 Ἀθρει
2405 2951 2461 3006 δέ
2495 2969 2587 3022 μοι
2622 2954 2759 3024 πρὸς
2797 2954 2975 3027 τούτῳ
3010 2958 3105 3011 καὶ
3141 2958 3264 3011 τίνα
3304 2959 3591 3030 κέχρισται
3637 2961 3782 3033 τρᾶ-

2166 3057 2266 3094 πον
2287 3057 2299 3069 ·
2330 3043 2391 3095 ού
2419 3042 2527 3113 γὰρ
2564 3042 2684 3096 ὅλον
2730 3043 2795 3096 δι’
2832 3044 2956 3097 ὅλου
2997 3044 3077 3115 τῷ
3108 3045 3273 3117 ἐλαίῳ
3326 3047 3619 3101 κατέδευσε
3650 3048 3782 3119 [ἴθ’.

2167 3133 2490 3207 κατέχευσε]
2534 3135 2626 3189 τὸν
2655 3135 2803 3189 λίθον
2827 3138 2856 3191 ό
2884 3136 3174 3202 θεσπέσιος
3212 3139 3409 3193 Ἰακώσ
3433 3157 3447 3172 ο
3481 3141 3673 3212 ἐπέχεε
3708 3141 3782 3196 δὲ

467 3220 706 3278 Verbum
750 3230 856 3289 est,
908 3230 1107 3275 unctus
1151 3230 1274 3286 est;
1316 3236 1440 3275 nam
1491 3222 1764 3290 quomodo
1813 3238 1942 3276 suus
1987 3222 2060 3276 illi

2171 3228 2373 3297 μᾶλλον
2413 3229 2506 3281 ἐπὶ
2542 3230 2605 3282 τὸ
2634 3229 2804 3300 ἄκρον
2830 3229 3019 3286 αὐτοῦ.
3053 3231 3286 3297 Οὐκοῦν,
3312 3233 3379 3286 ἶν’
3398 3231 3573 3297 οὕτως
3601 3233 3779 3288 eimo-

468 3318 695 3386 spiritus
739 3316 1048 3386 impertitus
1106 3314 1331 3383 intelligi
1385 3315 1591 3385 possit?
1629 3316 1721 3369 sed
1769 3316 1971 3384 potius,
2007 3324 2065 3368 ut

467 3410 603 3474 dixi,
636 3409 687 3461 in
724 3418 973 3462 extremo
999 3408 1243 3476 ungitur,
1277 3406 1380 3461 hoc
1410 3418 1517 3472 est,
1553 3407 1817 3470 exterius,
1855 3416 1911 3458 ct
1947 3415 2066 3457 Ian-

468 3516 632 3570 quatn
670 3500 723 3553 in
762 3511 918 3566 parte
946 3511 1113 3568 atque
1148 3510 1418 3564 extremo,
1457 3497 1716 3552 nimirum
1749 3498 1800 3550 in
1837 3512 1938 3551 suo
1969 3510 2067 3565 per

469 3606 656 3646 Veram
683 3594 938 3646 unionem
960 3606 1189 3660 corpore
1223 3610 1240 3646 :
1271 3602 1326 3646 et
1355 3592 1499 3647 sicut
1535 3604 1728 3660 passus
1754 3603 1877 3643 esse
1899 3604 2065 3643 carne

471 3687 674 3740 dicitur
697 3685 1013 3738 humanitus
1034 3687 1105 3749 ”,
1135 3684 1387 3754 quauwis
1420 3699 1518 3753 per
1546 3695 1798 3735 naturam
1831 3690 1890 3734 ut
1924 3678 2065 3734 Deus

471 3786 618 3831 esset
645 3776 999 3846 iutpassibilis
1019 3816 1035 3842 ,
1078 3776 1149 3830 ita
1196 3775 1519 3845 intelligitur
1547 3783 1744 3826 unctus
1769 3771 2063 3824 secundum

472 3871 901 3934 humanitatem,
954 3869 1082 3924 licet
1136 3878 1308 3938 ungat
1362 3868 1482 3936 ipse
1538 3879 1636 3918 suo
1681 3863 1874 3933 spiritu
1928 3878 2065 3933 quos

473 3963 648 4032 ipsius
677 3962 1384 4032 sanctitatemparticipare
1411 3958 1591 4012 decet.
1621 3956 1697 4011 Ita
1734 3971 1830 4011 nos
1854 3966 1909 4011 et
1936 3971 2064 4011 seu-

408 4081 417 4095 -
475 4056 580 4108 tire
624 4056 936 4116 statuimus,
994 4063 1049 4106 et
1099 4064 1249 4106 recte
1291 4049 1503 4120 ingredi
1548 4050 1950 4112 consuevimus,
2007 4055 2066 4102 ut

472 4147 623 4216 regia
672 4159 925 4213 reetaque
952 4146 1037 4197 via
1084 4143 1391 4197 tendamus.
1438 4141 1557 4210 Ipse
1601 4155 1729 4196 vero
1762 4155 1886 4195 cum
1920 4139 2065 4208 ejus-

474 4240 621 4294 modi
664 4240 881 4295 nomina
914 4242 1050 4294 duas
1101 4249 1327 4291 naturas
1354 4234 1664 4303 signiﬁcare
1698 4234 1865 4296 dicat,
1899 4233 2067 4288 alter-

475 4331 584 4385 ut-ri
615 4333 758 4401 quod
792 4333 891 4386 sibi
922 4331 1127 4400 placuit
1163 4342 1260 4397 pro
1289 4341 1391 4382 suo
1413 4325 1645 4379 arbitrio
1683 4325 1892 4390 tribuit,
1922 4335 1980 4379 et
1999 4325 2068 4380 de

476 4422 776 4478 humilibus
812 4425 995 4477 verbis
1041 4424 1108 4475 ad
1154 4420 1362 4477 carnis_
1388 4417 1852 4488 dispensationem
1896 4416 2066 4485 perti-

2170 3336 2292 3391 μεν,
2321 3321 2419 3390 οὐχ
2451 3320 2618 3385 ἅπας,
2646 3320 2770 3374 οὔτε
2798 3322 2905 3393 μὴν
3000 3323 3173 3391 Λόγος
3203 3324 3350 3377 ἐστὶν
3379 3327 3407 3377 ό
3433 3327 3773 3399 Μονογενὴς,

2168 3414 2248 3474 εἰς
2284 3411 2422 3465 ἰδίαν
2444 3412 2608 3475 αὐτὸς
2642 3413 2939 3485 κέχρισται
2968 3414 3152 3483 φύσιν
3187 3416 3329 3486 (πῶς
3359 3417 3467 3489 γὰρ
3500 3418 3567 3472 ἂν
3596 3422 3777 3474 νοοῖτο

2170 3502 2524 3574 μετεσχηκὼς
2553 3504 2651 3557 τοῦ
2687 3505 2816 3558 ίδίου
2848 3506 3164 3577 πνεύματος
3186 3511 3227 3579 ς)
3278 3512 3491 3583 χρίεται
3520 3513 3577 3567 δὲ
3626 3514 3777 3583 μᾶλ-

2166 3594 2278 3656 λον.
2308 3595 2382 3658 ὡς,
2428 3595 2585 3667 ἔφην,
2616 3598 2708 3649 ἐπὶ
2753 3599 2817 3651 τὸ
2852 3598 3040 3671 ἄκρον,
3092 3603 3396 3665 τουτέστιν,
3444 3604 3771 3673 ὲξωφανῶς,

2168 3687 2266 3739 καὶ
2290 3680 2402 3739 οἷον
2443 3687 2501 3738 ὲν
2539 3687 2695 3758 μέρει
2724 3689 2821 3741 καὶ
2847 3688 3001 3760 ἄκρῳ
3029 3690 3105 3762 τῷ
3152 3691 3273 3745 καθ’
3300 3692 3493 3746 ἕνωσιν
3516 3695 3617 3766 τὴν
3639 3696 3777 3767 ἁλτι-

2168 3777 2323 3848 θινὴν
2354 3778 2468 3847 ἰδίῳ
2503 3777 2747 3849 σώματι’
2781 3782 2876 3833 καὶ
2905 3780 3096 3853 ὥσπερ
3124 3782 3344 3852 λέγεται
3376 3784 3570 3838 παθεῖν
3600 3792 3777 3858 σαρκὶ

2165 3868 2547 3939 ἀνθρωπίνως,
2577 3870 2758 3923 καίτοι
2797 3870 2895 3942 τὴν
2937 3873 3099 3940 φύσιν
3132 3874 3393 3944 ὑπάρχων
3431 3875 3647 3945 ἀπαθὴς
3690 3877 3775 3939 ὡς

2167 3960 2299 4023 Θεός
2320 3974 2333 3988 '
2371 3958 2516 4012 οὕτω
2550 3962 2754 4014 νοεῖται
2783 3962 3141 4033 κεχρισμένος
3178 3964 3320 4016 κατά
3353 3980 3416 4031 γε
3455 3963 3515 4016 τὸ
3552 3965 3774 4034 ἀνθρώ-

2168 4068 2347 4118 πινον,
2396 4052 2572 4105 καίτοι
2606 4053 2777 4123 χρίων
2819 4053 2983 4116 αὐτὸς
3031 4052 3109 4124 τῷ
3157 4053 3273 4123 ἰδίῳ
3319 4054 3592 4124 πνεύματι
3637 4059 3774 4122 τοὺς

2166 4138 2250 4207 οἷς
2297 4143 2365 4198 ἂν
2401 4145 2605 4216 πρέποι
2662 4145 2992 4216 μεταλαχεῖν
3057 4144 3158 4215 τῆς
3219 4147 3512 4218 ἁγιότητος
3569 4149 3770 4204 αὐτοῦ.

2181 4237 2321 4290 Ἀλλ’
2367 4238 2528 4306 ἡμεῖς
2578 4237 2677 4308 μὲν
2723 4232 2825 4291 ὧδέ
2876 4256 2935 4293 τε
2994 4242 3212 4311 φρονεῖν
3268 4239 3623 4311 ἐγνώκαμεν,
3670 4244 3773 4297 καὶ

2167 4328 2480 4400 ὀρθοποδεῖν
2534 4330 2857 4401 εἰθίσμεθα,
2907 4332 3008 4403 τὴν
3052 4333 3340 4403 βασιλικήν
3376 4351 3436 4387 τε
3470 4335 3564 4387 καὶ
3607 4334 3774 4390 ἀδιά-

2172 4438 2407 4491 στροφον
2438 4422 2728 4493 ἐρχόμενοι
2757 4425 2966 4496 τρίῦον.
3009 4426 3329 4496 Σημαντικὰ
3360 4426 3415 4480 δὲ
3450 4428 3622 4493 λέγων
3666 4430 3776 4484 αὐ-

476 4516 733 4569 nentibus
781 4515 1058 4569 erubescit
1108 4520 1214 4565 :ct
1271 4512 1521 4579 quamvis
1576 4508 1791 4562 beatum
1839 4507 2060 4560 Paulum

2172 4515 2263 4576 τος
2299 4513 2410 4565 τῶν
2456 4514 2549 4567 δύο
2579 4515 2795 4583 φύσεων
2831 4517 2901 4569 τὰ
2932 4518 3109 4571 τοιάδε
3142 4518 3248 4571 τῶν
3291 4518 3591 4588 ὀνομάτων,
3634 4520 3774 4573 ἑκα-

476 4609 660 4661 audiat
690 4609 960 4661 dicentem
997 4623 1011 4659 ι
1044 4624 1062 4656 ι
1094 4602 1239 4657 Misit
1274 4600 1417 4654 Deus
1444 4599 1642 4654 Filium
1678 4614 1835 4654 suum
1865 4599 2060 4654 factum

2173 4608 2308 4679 τέρᾳ
2344 4607 2405 4660 τὸ
2443 4608 2633 4662 δοκοῦν
2678 4609 2945 4680 ἀπονέμει
2978 4611 3095 4680 μετ’
3123 4609 3404 4675 ἐξουσίας·
3439 4613 3532 4665 καὶ
3562 4611 3623 4664 τὸ
3667 4612 3775 4682 μὲ-

473 4714 539 4755 ex
588 4700 837 4765 muliere,
880 4698 1084 4752 factum
1115 4696 1217 4751 sub
1246 4694 1362 4764 lege
1384 4694 1442 4759 ις
1476 4712 1494 4745 ι
1527 4695 1732 4761 Apage,
1770 4692 1965 4761 inquit,
1998 4706 2060 4745 ne

2173 4714 2323 4769 τριον
2350 4699 2427 4763 είς
2465 4698 2660 4768 λόγους
2687 4700 2788 4769 τῆς
2823 4699 2961 4769 μετὰ
2989 4701 3193 4771 σαρκὸς
3223 4703 3535 4772 οἰκονομίας
3572 4701 3776 4771 αἰσχύ-

476 4790 715 4846 Verbum
760 4804 828 4844 ex
886 4788 996 4842 Deo
1044 4797 1233 4840 natum
1285 4798 1407 4840 esse
1446 4786 1670 4839 missqu
1719 4794 1916 4852 putes:
1955 4796 2060 4836 non

2172 4805 2351 4842 νεται·
2386 4789 2491 4842 κᾶν
2531 4789 2741 4862 ἀκούσῃ
2786 4788 3040 4857 λέγοντος
3072 4790 3170 4843 τοῦ
3203 4791 3477 4861 μακαρίου
3513 4790 3769 4846 Παύλου·

472 4884 618 4937 enim
648 4898 717 4936 ex
763 4881 993 4936 muliere
1024 4878 1231 4933 factum
1270 4886 1374 4943 est,
1417 4862 1523 4930 no‘n
1558 4874 1762 4928 factmn
1792 4874 1892 4927 sub
1924 4873 2059 4941 lege.

2175 4900 2192 4932 ι
2231 4881 2646 4946 Ἐξαπέστειλεν
2675 4884 2703 4935 ὁ
2726 4881 2858 4945 Θεὸς
2884 4884 2976 4935 τὸν
3002 4882 3129 4936 Υἱὸν
3161 4882 3352 4946 αὑτοῦ,
3382 4884 3673 4952 γενόμενον
3696 4884 3775 4937 ἐκ

470 4975 649 5045 Atque
696 4982 755 5027 ut
795 4971 1156 5027 ostendamus
1211 4970 1359 5037 quod
1419 4967 1650 5020 dicimus
1703 4981 1809 5019 non
1862 4979 2059 5018 vanum

2168 4974 2449 5040 γυναικὸς,
2488 4975 2783 5045 γενόμενον
2812 4974 2918 5027 ὑπὸ
2953 4975 3150 5044 νόμον·
3181 4996 3200 5027 ι
3228 4978 3463 5045 Ἄπαγε,
3501 4978 3654 5047 φησι,
3683 4977 3771 5048 μὴ

471 5082 594 5121 esse
623 5066 962 5135 ﬁgmentum,
992 5062 1089 5116 sed
1113 5060 1281 5129 ipsius
1309 5074 1408 5113 nos
1434 5059 1510 5111 uti
1535 5057 1776 5121 vocihus,
1803 5056 1917 5127 ipsa
1942 5056 2057 5127 jam

2165 5065 2257 5120 τὸν
2294 5067 2359 5119 ἐκ
2396 5067 2531 5120 Θεοῦ
2574 5068 2749 5138 φύντα
2791 5067 2963 5136 Λόγον
3008 5067 3350 5122 ἀπεστάλθαι
3395 5069 3652 5138 νομίσῃς·
3695 5069 3772 5122 οὐ

471 5172 665 5211 rursus
688 5157 805 5222 ejus
837 5155 998 5207 verba
1031 5152 1084 5206 in
1113 5152 1349 5206 medium
1386 5149 1632 5204 aﬂ'eram.

2166 5160 2275 5232 γὰρ
2299 5160 2523 5229 γέγονεν
2547 5163 2612 5215 ὲκ
2643 5162 2905 5230 γυναικός
2925 5177 2939 5192 ο
2965 5162 3025 5214 ού
3064 5161 3287 5230 γέγονεν
3309 5161 3413 5214 ὑπὸ
3450 5165 3612 5231 νόμον
3635 5176 3648 5191 ·
3676 5157 3775 5213 ὅτι

468 5253 522 5307 δὲ
542 5254 604 5306 ού
646 5248 983 5320 φενακισμδς
1007 5249 1214 5310 εἰκαῖος
1251 5246 1323 5300 τὰ
1356 5244 1703 5316 παρ’ήμῶν·
1738 5244 2064 5316 κεχρήμεθα.
2099 5249 2157 5303 δὲ
2214 5255 2415 5325 μᾶλλον
2473 5259 2594 5321 ταῖς
2653 5256 2820 5311 αὑτοῦ
2872 5259 3111 5327 φωναῖς,
3164 5257 3305 5311 αὐτὰ
3355 5257 3419 5328 δὴ
3464 5256 3628 5310 πάλιν
3682 5259 3775 5320 εἰς

469 5342 635 5411 μέσον
667 5340 798 5392 οίσω
828 5339 896 5391 τὰ
925 5340 1208 5411 εἰρημένα.

539 5436 803 5509 [Nasum
832 5435 997 5490 Misit
1015 5436 1184 5498 enim,
1215 5435 1405 5503 inquit,
1453 5435 1592 5489 Deus
1636 5433 1833 5488 Filium
1877 5449 2056 5496 suum,

472 5542 654 5582 natum
690 5543 757 5582 ex
797 5529 1045 5593 muliere,
1115 5528 1314 5582 factum
1364 5529 1464 5582 sub
1503 5529 1638 5598 lege.
1673 5527 1786 5582 lloc
1818 5529 1937 5581 loco
1985 5529 2059 5579 in-

472 5620 612 5675 dicat
648 5622 866 5690 quidem
912 5622 1048 5676 duas
1082 5631 1323 5688 naturas,
1358 5623 1453 5675 sed
1507 5620 1559 5674 id
1608 5621 1745 5674 dicit
1770 5623 1914 5689 quod
1953 5622 2056 5674 hu-

546 5799 589 5833 ⁸⁷
613 5800 747 5857 Gen.
780 5816 968 5865 XM‘lll,
1010 5799 1197 5856 {9.48.
1274 5801 1320 5831 ⁸⁸
1346 5799 1447 5854 Ιδὶὶ.
1476 5813 1664 5863 xxxiii,
1711 5796 1795 5853 16.

2231 5430 2647 5505 [Ἐξαπέστειλε
2678 5438 2808 5509 γὰρ,
2839 5440 3024 5512 φησιν,
3057 5441 3085 5493 ό
3113 5442 3244 5505 Θεὸς
3272 5441 3364 5494 τὸν
3406 5443 3535 5496 Υἰδν
3562 5441 3768 5508 αὐτοῦ,

2158 5529 2452 5596 γενόμενον
2502 5530 2567 5582 ὲκ
2607 5531 2900 5598 γυναικὸς,
2943 5532 3239 5602 γενόμενον
3277 5533 3384 5586 ὑπὸ
3416 5534 3599 5604 νόμον.
3637 5533 3772 5585 Ἐν-

2157 5620 2331 5673 ταὲοα
2390 5623 2585 5691 μηνύει
2642 5624 2743 5694 μὲν
2780 5625 2879 5687 τὰς
2921 5624 3015 5678 δύο
3067 5625 3298 5695 φύσειςο
3338 5626 3400 5680 τὸ
3456 5628 3769 5698 συμϐαῖνον

1871 5800 1913 5829 ’9
1940 5796 1958 5849 ι
1989 5796 2129 5851 l‘etr.
2161 5813 2235 5862 ιν,
2276 5796 2320 5849 l.
2402 5798 2417 5827 ¹
2445 5797 2620 5852 Galat.
2658 5818 2728 5865 ιν,
2766 5805 2815 5863 τί.
