4150 6446
437 401 511 458 73
1548 405 1922 464 ADVERSUS
1960 403 2362 463 NESTORIUM
2406 408 2533 463 LIB.
2576 411 2643 466 ll.
3649 409 3722 470 74

435 521 720 595 [συμϐὰν]
765 524 825 577 ὑὲ
870 525 1005 597 περὶ
1052 527 1153 598 τὴν
1203 525 1630 601 ἀνθρωπότητα,
1678 529 1863 598 λέγει·
1915 529 2040 583 ἐπεὶ

2150 531 2393 586 manitati
2433 534 2688 589 convenit
2716 555 2728 590 ς
2756 532 2955 603 alioqui
3015 546 3140 603 roga
3185 532 3585 589 contentiosum
3620 533 3719 590 Ito—

432 613 743 686 ἁπαίτησον
780 616 875 670 τὸν
906 616 1230 687 φιλόνεικον,
1276 618 1360 682 τίς
1402 619 1619 688 ἐγένετο
1653 620 1980 689 ὑπὸ-νόμον;
2009 621 2038 673 ὀ

431 705 573 770 Θεὸς
595 707 768 775 Λόγος
785 706 828 780 ;]

1052 846 1301 900 ΚΕΦΑΛ.
1348 847 1420 899 1".

511 977 652 1031 Εἶτα
697 977 815 1042 πῶς
864 980 965 1032 οὑκ
1011 981 1380 1053 ἐμϐρόντητος
1434 981 1650 1053 ἀληοῶς
1696 982 1780 1052 εἴη
1833 981 1920 1049 ἂν,
1972 982 2038 1035 τὰ

431 1064 587 1120 οὑτω
640 1068 788 1138 σαφῆ
842 1071 938 1123 καὶ
986 1071 1186 1125 ἅπασιν
1240 1073 1598 1144 ἐγνωσμένα,
1650 1074 1746 1126 καὶ
1793 1074 2035 1144 ἀναμφι-

431 1156 620 1225 λόγως
653 1158 880 1229 ἔχοντα,
930 1161 990 1214 τό
1046 1179 1109 1231 γε
1163 1159 1300 1236 ἧκον
1350 1165 1431 1227 εἰς
1491 1165 1655 1219 αὑτὸν
1711 1166 2037 1236 ἀνατρέπειν

434 1247 822 1320 πειρώμενοςς
879 1252 1016 1305 Τίνα
1069 1254 1363 1326 πέπομφεν
1417 1257 1551 1327 ἡμῖν
1604 1255 1664 1323 ἐξ
1716 1255 1961 1324 οὐρανῶν
2009 1259 2038 1312 6

432 1340 658 1413 Πατὴρ,
691 1343 925 1416 Σωτῆρα
957 1343 1052 1398 καὶ
1091 1347 1429 1418 Λυτρωτήν;
1459 1346 1518 1400 οὑ
1567 1346 1658 1400 τὸν
1698 1349 1763 1401 ἐκ
1802 1347 1905 1417 τῆς
1943 1348 2037 1402 οὑ-

436 1433 565 1497 σέας
611 1435 781 1490 αὑτοῦ
818 1437 995 1505 φύντα
1025 1439 1238 1508 Λόγον;
1278 1439 1375 1504 Τίς
1403 1442 1555 1493 ἐστιν
1588 1442 1616 1494 6
1661 1438 1906 1505 καταϐὰς
1943 1441 2040 1495 καὶ

432 1527 655 1591 ἀναϐὰς
704 1528 964 1600 ὑπεράνω
1028 1528 1138 1584 τῶν
1183 1531 1453 1602 οὐρανῶν,
1502 1532 1592 1586 ἴνα
1650 1532 1917 1605 πληρώσῃ
1969 1533 2039 1587 τὰ

432 1619 659 1685 πάντα;
694 1614 805 1691 ἆρα
850 1620 912 1673 τὺ
943 1620 1127 1676 πάντα
1173 1621 1436 1676 δύνασθαι
1480 1620 1746 1694 πληροῦν,
1775 1624 1872 1694 τῆς
1916 1622 2037 1677 καθ’

430 1712 588 1781 ἡμᾶς
643 1711 865 1782 φύσεως
909 1712 1072 1784 ἔργον
1121 1710 1262 1768 εἶναι
1310 1716 1449 1787 φὴς,
1499 1717 1596 1769 καὶ
1638 1717 1752 1780 τοῖς
1803 1714 1903 1787 τῆς
1928 1716 2036 1770 γὰν-

430 1803 799 1877 θρωπιὴητος
850 1805 1077 1876 ἀνάψεις
1133 1805 1390 1878 μέτροις;
1446 1808 1577 1878 περὶ
1623 1806 1769 1871 τίνος
1826 1808 2035 1879 γέγρα-

430 1914 537 1966 ςεν
568 1899 598 1950 6
632 1898 915 1969 μακάριος
952 1897 1209 1969 Ἰωάννης
1232 1938 1247 1964 ,
1292 1917 1310 1950 σ
1356 1896 1412 1952 ’0
1453 1898 1660 1953 ἄνωθεν
1705 1878 2035 1971 ἐρχόμενος,
2069 1878 2111 1933 Β

429 1988 629 2044 ἐπάνω
683 1989 906 2042 πάντων
961 1990 1140 2056 ἐστίν;
1189 2009 1208 2042 ι
1263 1992 1332 2044 Ἢ
1385 1991 1527 2062 τάχα
1575 2009 1677 2044 που
1732 1993 1827 2044 καὶ
1877 1993 2039 2057 αὑτὸς

430 2081 912 2154 ψευδομυθὴσειεν
960 2081 1027 2135 ἂν
1060 2083 1192 2146 τοῖς
1215 2082 1486 2136 Ἰουδαίων
1523 2081 1718 2154 δήμοις
1766 2082 2038 2154 έπιτιμῶν

434 2192 497 2228 τε
544 2175 641 2228 καὶ
674 2172 855 2242 λέγων
877 2191 891 2205 ·
932 2193 950 2226 ι
993 2172 1181 2244 Ὑμεῖς
1209 2174 1274 2227 ἐκ
1307 2173 1417 2228 τῶν
1461 2173 1612 2228 κάτω
1650 2174 1795 2241 ἐστὲ,
1831 2174 1941 2244 ἐγὼ
1975 2175 2040 2229 ἐκ

441 2262 554 2316 τῶν
580 2264 694 2317 ἄνω
732 2263 887 2332 sitsi;
918 2281 936 2314 ι
964 2263 1060 2317 καὶ
1095 2261 1290 2316 πάλιν·
1330 2283 1347 2315 ι
1388 2261 1533 2332 Ἐγὼ
1561 2264 1661 2321 οὑκ
1699 2266 1816 2335 εἰμὶ
1845 2265 1911 2318 ὲκ
1942 2264 2039 2318 τοῦ

445 2355 648 2424 κόσμου
680 2352 897 2408 τούτου.
938 2373 956 2406 ι
999 2356 1062 2408 Ei
1109 2355 1222 2426 γὰρ
1258 2350 1328 2427 ἦν
1355 2355 1642 2428 ἄνθρωπος
1667 2357 1733 2410 ὲκ
1778 2357 2041 2425 γυναικὸς

437 2449 564 2503 καθ’
593 2448 696 2503 ἕνα
725 2447 836 2501 τῶν
865 2446 1064 2514 ἄλλων,
1091 2449 1186 2501 καὶ
1215 2448 1335 2519 οὐχὶ
1361 2448 1427 2519 δὴ
1454 2448 1657 2520 μᾶλλον
1685 2448 2042 2521 σεσαρκωμέ-

435 2556 553 2603 νος,
579 2540 678 2593 καὶ
705 2540 766 2592 ὲν
791 2537 1112 2610 ἀνθρωπεία
1140 2541 1326 2610 μορφῇ
1369 2538 1649 2611 πεφηνὼς,
1681 2541 1709 2592 6
1738 2539 1947 2595 ἄνωθέν
1980 2557 2042 2594 τε

433 2630 536 2684 καὶ
572 2632 639 2683 ἐκ
671 2628 812 2683 Θεοῦ
850 2628 1068 2701 Πατρὸς
1101 2628 1296 2698 Λόγος,
1323 2627 1441 2694 πῶς
1468 2629 1534 2683 ἂν
1561 2632 1733 2684 νοοῖτο
1776 2631 1871 2683 καὶ
1896 2627 2041 2685 ἄνω-

433 2720 531 2775 θεν
580 2721 681 2775 καὶ
730 2720 791 2786 ἐξ
835 2719 1108 2791 οὑρανοῦ;
1148 2718 1266 2783 πῶς
1314 2719 1499 2773 ἐπάνω
1545 2720 1765 2775 πάντων
1812 2721 1908 2776 καὶ
1943 2717 2044 2777 οὑκ

428 2816 549 2870 ἀπό
581 2832 647 2883 γε
675 2812 774 2867 τοῦ
812 2814 1023 2885 κόσμου
1049 2852 1064 2877 ,
1102 2813 1194 2867 καί
1221 2829 1304 2866 τοι
1334 2813 1539 2885 κόσμου
1586 2813 1756 2885 μέρος
1779 2812 2043 2887 ὑπάρχων

426 2907 524 2963 διὰ
555 2907 662 2977 τὴν
716 2906 900 2976 σάρκα
925 2947 942 2973 ,
978 2904 1073 2959 καὶ
1120 2905 1242 2959 ὅσον
1283 2903 1420 2977 ἧκεν
1466 2906 1643 2960 εἰπεῖν
1675 2906 1818 2980 κατά
1866 2923 1932 2976 γε
1982 2906 2045 2960 τὸ

428 2999 659 3069 πρέπον
689 3000 761 3069 τῇ
789 2997 1172 3069 ἁνθρωπότητι
1207 2996 1429 3069 μέτρον,
1457 2997 1701 3067 γεγονὼς
1731 2997 1870 3070 μετὰ
1906 2998 2044 3054 πάν-

428 3109 547 3145 των
580 3090 692 3144 ὑπὸ
725 3089 863 3143 Θεοῦ
890 3089 1118 3163 ;‹Ταὺτῃ
1140 3105 1244 3154 τοι,
1275 3090 1370 3143 καὶ
1408 3088 1540 3143 Θεὸν
1570 3088 1764 3144 ἑαυτοῦ
1799 3090 2043 3144 κατωνό-

2144 619 2365 688 minem,
2403 624 2651 692 quisnam
2701 623 2876 679 factus
2918 633 3002 680 est
3040 623 3143 679 sub
3180 622 3335 695 lege?
3372 623 3535 682 illene
3577 621 3724 682 Deus

2143 710 2379 769 Verbum
2399 719 2421 764 ἴ

2788 853 2938 909 CAP.
2982 854 3069 910 Ill.

2212 981 2329 1038 Jam
2363 998 2491 1039 vero
2530 986 2798 1055 quomodo
2842 1002 2948 1040 nun
2995 987 3067 1041 sit
3115 987 3273 1054 plane
3320 988 3588 1058 stupidus,
3629 988 3722 1058 qui

2142 1088 2231 1129 res
2263 1073 2399 1129 adeo
2434 1075 2634 1140 claras,
2672 1085 2728 1130 et
2762 1075 3016 1133 omnibus
3063 1087 3241 1140 notas,
3266 1086 3320 1130 et
3347 1075 3415 1130 ab
3444 1076 3593 1131 omni
3625 1076 3726 1130 du-

2138 1163 2402 1218 bitatione
2446 1163 2674 1230 alienas,
2716 1164 2861 1234 quod
2908 1167 2975 1221 ad
3023 1166 3203 1237 ipsum
3237 1168 3454 1233 attinet,
3493 1175 3727 1221 conatur

2141 1255 2425 1311 evertere?
2455 1254 2625 1322 Quem
2650 1257 2806 1312 nobis
2831 1255 2998 1313 Pater
3032 1257 3101 1312 de
3131 1258 3271 1314 coelo
3306 1257 3453 1312 misit
3477 1255 3728 1312 Salvato-

2141 1359 2254 1401 rem
2303 1360 2368 1401 ac
2415 1344 2876 1417 Redemptorem?
2926 1363 3107 1403 nonne
3157 1348 3333 1417 ipsum
3377 1347 3612 1402 Verbum
3657 1346 3728 1401 de

2140 1452 2238 1494 sua
2272 1439 2512 1494 essentia
2566 1440 2794 1494 natum?
2821 1440 3081 1506 Quisnam
3128 1440 3217 1494 ille
3252 1448 3335 1495 est
3364 1439 3455 1510 qui
3496 1439 3728 1494 descen-

2141 1529 2221 1584 dit
2251 1536 2307 1583 et
2347 1528 2598 1584 ascendit
2643 1544 2807 1601 super
2850 1530 3041 1597 cmlos,
3087 1541 3146 1585 ut
3177 1529 3430 1600 impleret
3464 1527 3729 1585 omnia“?

2139 1635 2268 1675 num
2306 1618 2414 1677 hoc
2446 1619 2620 1692 ipsum
2655 1636 2815 1691 posse
2844 1623 3027 1678 omnia
3073 1622 3320 1695 implere,
3365 1631 3567 1678 nostra:
3604 1636 3728 1677 esse

2139 1726 2274 1781 opus
2316 1721 2525 1769 naturas
2580 1723 2761 1782 putas,
2812 1722 2870 1770 et
2915 1715 3273 1770 humanitatis
3314 1728 3582 1770 mensurae
3629 1713 3728 1768 tri-

2142 1802 2295 1859 bnis?
2332 1804 2400 1859 de
2448 1818 2684 1874 quonam
2739 1806 2960 1877 scripsit
3015 1805 3128 1877 39
3173 1806 3363 1862 beatus
3419 1804 3655 1861 Joannes
3707 1821 3724 1860 :

2150 1910 2169 1943 s
2205 1891 2307 1960 Qui
2365 1895 2653 1950 desursum
2705 1894 2890 1959 venit,
2936 1909 3101 1964 supra
3141 1895 3325 1950 omnia
3375 1894 3590 1951 est'ls
3640 1893 3727 1948 An

2141 1984 2315 2053 ipsum
2341 1999 2559 2055 quoque
2591 1985 2818 2042 mentiri
2860 1985 3097 2042 fortasse
3127 1987 3423 2056 putandum
3455 1996 3560 2053 est,
3596 1999 3725 2041 cum

2139 2071 2448 2129 Iudaeorum
2479 2074 2707 2145 populos
2727 2074 3024 2145 obiurgans
3059 2075 3232 2132 dicit:
3269 2094 3289 2129 ι
3325 2076 3429 2132 Vos
3454 2076 3522 2132 de
3561 2076 3725 2132 deor-

2141 2178 2261 2219 sum
2301 2164 2456 2229 estis,
2499 2178 2603 2236 ego
2646 2166 2714 2222 de
2761 2167 3013 2235 supernis
3061 2182 3179 2223 sum
3201 2167 3259 2223 ‘1?
3286 2187 3305 2221 ι
3357 2176 3411 2224 et
3461 2183 3726 2245 rursum;

2148 2277 2168 2312 ι
2201 2259 2311 2329 Ego
2356 2273 2465 2314 non
2508 2274 2630 2314 sum
2672 2260 2740 2315 de
2787 2259 2893 2317 hoc
2933 2260 3137 2317 mundo
3160 2261 3202 2315 '.
3241 2280 3262 2315 ι
3295 2261 3431 2318 Nam
3475 2264 3524 2319 si
3563 2264 3728 2322 homo

2142 2360 2287 2407 esset
2309 2336 2376 2406 ei
2399 2349 2629 2406 muliere
2660 2350 2751 2405 uni
2783 2350 3005 2407 cuilibet
3031 2353 3260 2410 aliorum
3283 2355 3485 2422 simile,
3517 2370 3582 2412 ac
3613 2372 3721 2412 non

2141 2442 2323 2512 potius
2344 2442 2686 2498 incarnatum
2727 2451 2783 2498 et
2814 2444 2869 2498 in
2907 2443 3148 2499 humana
3170 2428 3344 2500 forma
3372 2455 3725 2516 conspectum

2144 2533 2275 2589 illud
2305 2535 2591 2592 desursum
2619 2546 2675 2590 et
2711 2548 2778 2590 ex
2814 2536 2925 2591 Deo
2962 2534 3128 2592 Patre
3162 2533 3421 2601 Verbum,
3455 2538 3731 2608 quomodo

2145 2626 2432 2682 desursum
2469 2626 2611 2682 idem
2641 2635 2697 2682 et
2728 2626 2794 2683 de
2823 2627 2965 2683 coelo
2996 2627 3430 2699 intelligeretur?
3459 2630 3732 2700 quomodo

2145 2733 2311 2787 supra
2347 2717 2530 2772 omnia
2582 2727 2637 2773 et
2682 2732 2790 2772 non
2844 2717 2911 2772 de
2959 2719 3183 2783 mundo,
3223 2719 3473 2789 quamvis
3510 2730 3732 2790 propter

2146 2824 2364 2866 carnem
2412 2825 2539 2880 pars
2569 2819 2720 2866 esset
2764 2810 2973 2875 mundi,
3010 2818 3067 2865 et
3110 2821 3374 2881 quantum
3423 2812 3607 2867 dicere
3645 2812 3732 2868 fas

2146 2913 2248 2968 est,
2280 2917 2347 2959 ex
2389 2915 2642 2957 mensura
2670 2917 2791 2973 quae
2821 2902 3147 2959 humanitati
3170 2904 3445 2971 convenit,
3489 2905 3592 2961 sub
3622 2904 3730 2959 Deo

2146 2995 2348 3050 factum
2411 3012 2535 3052 cum
2590 2996 2882 3053 omnibus?
2927 2997 3043 3053 liae
3096 2996 3302 3051 ratione
3350 2998 3515 3052 etiam
3560 2995 3733 3053 Deum

2146 3102 2304 3144 suum
2333 3089 2641 3158 appellabat
2684 3090 2861 3158 ipsum
2902 3087 3140 3155 Patrem,
3175 3090 3424 3160 quamvis
3454 3089 3569 3159 ipse
3600 3104 3735 3159 quo-

433 3180 590 3250 μαζε
622 3179 718 3233 τὸν
747 3178 1003 3250 Πατέρα·
1038 3178 1216 3233 καίτοι
1253 3178 1414 3248 φύσει
1450 3181 1549 3233 καὶ
1582 3180 1744 3244 αὑτὰς
1777 3181 2041 3253 ὑπάρχων

2150 3197 2255 3251 que
2300 3196 2367 3236 ex
2414 3191 2608 3237 natura
2656 3182 2802 3237 Deus
2845 3190 3013 3247 esset,
3043 3190 3102 3237 et
3156 3196 3225 3236 ex
3273 3181 3391 3251 ejus
3427 3182 3732 3237 substantia
3804 3232 3807 3237 λ

430 3272 574 3335 Θεδς
596 3310 615 3336 ,
640 3270 740 3324 καὶ
770 3273 836 3324 ὲκ
863 3271 963 3341 τῆς
992 3270 1180 3336 οὐσίας
1217 3269 1387 3325 αὑτοῦ
1424 3273 1681 3342 πεφηνὼς
1720 3273 1849 3337 Υἱὸς
1882 3291 2043 3345 μονο-

432 3363 632 3434 γενής.
684 3362 823 3432 Περὶ
874 3362 1022 3426 τίνος
1068 3360 1178 3434 ἄρα
1227 3363 1392 3434 φησὶν
1455 3365 1483 3417 6
1533 3363 1802 3435 μακάριος
1859 3363 2043 3431 Δασὶδ,

437 3476 458 3506 ι
484 3453 881 3522 Ἐξαπέστειλε
913 3454 1007 3508 τὸν
1028 3455 1202 3524 Λόγον
1232 3455 1426 3524 αὑτοῦ,
1447 3456 1543 3509 καὶ
1573 3456 1761 3511 ἰάσατο
1779 3455 1974 3521 αὐτούς
1995 3473 2041 3521 ;ι

430 3546 669 3600 Σέσωκε
709 3546 821 3616 γὰρ
853 3546 1033 3617 ἡμᾶς,
1081 3546 1140 3599 οὑ
1190 3546 1470 3619 πρέσϐυς,
1502 3548 1603 3601 οὑκ
1629 3547 1892 3617 ἄγγελος,
1930 3547 2047 3604 ἀλλ’

432 3641 611 3702 αὑτὸς
642 3641 672 3692 6
697 3638 928 3710 Κύριος,
959 3639 1104 3692 κατὰ
1127 3637 1228 3703 τὰς
1256 3639 1504 3710 Γραφάς.
1543 3639 1705 3694 Ἀλλὰ
1739 3640 1828 3694 ναί
1858 3659 2024 3713 φησιν

432 3734 467 3785 ὁ
498 3732 687 3785 πάντα
720 3728 962 3800 πληροῦν
1005 3728 1304 3800 δυνάμενος
1331 3729 1466 3794 Θεὸς
1491 3730 1665 3801 Λόγος
1690 3730 2043 3786 ἀπέσταλται.

2147 3273 2318 3329 Filius
2351 3275 2661 3344 unigenitus
2700 3274 3026 3331 exstitisset.
3057 3272 3136 3330 De
3164 3287 3398 3344 quonam
3428 3289 3560 3345 ergo
3604 3272 3735 3329 dicit

2147 3363 2341 3420 beatus
2393 3364 2607 3421 David:
2644 3384 2664 3419 ι
2692 3366 2837 3422 Misit
2893 3364 3130 3423 Verbum
3183 3381 3363 3433 suum,
3409 3374 3464 3420 et
3523 3366 3737 3422 sanavit

2148 3470 2244 3511 eos
2267 3456 2348 3510 “?
2378 3475 2397 3509 ι
2437 3454 2678 3512 Salvavit
2701 3457 2847 3514 enim
2886 3471 2986 3513 nos
3019 3472 3125 3512 non
3159 3456 3393 3527 legatus,
3433 3472 3538 3513 non
3569 3472 3737 3528 ange-

2148 3548 2268 3616 lus,
2328 3551 2423 3607 sed
2466 3550 2582 3620 ipse
2640 3550 2938 3619 Dominus,
2990 3551 3290 3608 secundum
3350 3550 3665 3620 Scripturas
3688 3549 3732 3604 ⁸.

2153 3643 2306 3708 Esto,
2351 3643 2549 3714 inquit,
2585 3642 2827 3699 Verbum
2868 3643 3011 3713 quod
3048 3642 3231 3697 omnia
3265 3650 3444 3713 potest
3485 3640 3732 3714 implere,

2150 3735 2377 3790 missum
2402 3743 2490 3790 est
2520 3752 2534 3789 :
2562 3735 2657 3791 sed
2688 3735 2994 3806 quomodo?
3017 3735 3106 3790 ubi
3138 3735 3284 3790 enim
3325 3749 3432 3790 non
3462 3734 3591 3791 illud
3615 3749 3737 3791 esse

435 3822 582 3875 Τίνα
617 3820 859 3890 τρόπον;
887 3818 990 3872 ποῦ
1018 3820 1127 3892 γὰρ
1162 3820 1263 3874 οὑκ
1293 3816 1436 3874 εἷναί
1460 3838 1642 3892 φαμεν
1668 3822 1864 3889 αὑτόν;
1895 3822 1928 3895 ῆ
1955 3820 2046 3876 καὶ

2153 3827 2436 3882 dicemus?
2473 3835 2565 3881 aut
2589 3842 2700 3897 quo
2730 3827 3016 3882 mittetur?
3042 3826 3387 3884 lnsimulabis
3427 3829 3591 3900 igitur
3619 3828 3741 3885 Μοο

432 3914 567 3970 ὅποι
625 3911 1050 3983 πεμφθήσεται;
1084 3911 1513 3983 καταγορεύσεις
1543 3908 1637 3966 οῦν
1672 3913 1782 3984 ἄρα
1822 3915 1917 3967 καὶ
1953 3913 2046 3967 τοῦ

2151 3935 2250 3976 sen
2290 3921 2442 3976 illum
2475 3921 2967 3990 sapientissimum,
3015 3920 3171 3989 quasi
3207 3935 3314 3975 non
3343 3920 3607 3975 mediocri
3652 3921 3739 3974 in-

434 4008 739 4073 πανσόφου
758 4003 1115 4069 Ιῐωσέως,ὼ;
1145 4002 1244 4074 τὴν
1274 4003 1588 4075 ἀπόρρητον
1614 4002 1709 4056 τοῦ
1727 4002 1860 4056 Θεοῦ
1891 4003 2046 4069 δόξαν

2150 4012 2294 4081 juria
2334 4010 2429 4064 Dei
2478 4009 2706 4079 gloriam
2745 4007 3025 4077 aﬂ‘ecerit;
3056 4008 3194 4065 dixit
3219 4008 3365 4064 enim
3394 4026 3409 4063 :
3445 4028 3464 4062 ι
3500 4008 3740 4066 Descen-

432 4099 503 4151 οὐ
543 4095 794 4167 μετρίως
821 4093 1157 4165 ἠδικηκότα;
1188 4093 1292 4166 ἔφη
1323 4094 1454 4167 γὰρ,
1474 4094 1556 4147 ὅτι
1591 4112 1609 4145 ι
1648 4092 2046 4165 Καταὸέϐηκεν

2154 4102 2236 4157 dit
2294 4099 2439 4156 Deus
2496 4100 2636 4170 ignis
2704 4100 2887 4169 specie
2943 4101 2998 4155 in
3061 4108 3299 4155 montem
3357 4099 3561 4169 Sina";
3575 4118 3613 4171 ρ
3683 4110 3741 4156 et

436 4191 467 4242 6
502 4188 646 4250 Θεὸς
676 4186 809 4240 εῖδει
842 4184 1015 4257 πυρὸς
1055 4184 1150 4236 ἐπὶ
1179 4183 1240 4237 τὸ
1264 4182 1389 4256 ὅρος
1423 4184 1574 4236 Σινᾶ.
1618 4202 1636 4236 ι
1671 4181 1788 4235 Κᾶν
1813 4182 2046 4254 ἀκούσῃς

2154 4192 2403 4264 quamvis
2436 4192 2656 4247 beatum
2685 4190 2857 4248 David
2896 4191 3087 4248 audias
3111 4192 3295 4249 dicere
3325 4193 3568 4249 omnium
3600 4208 3741 4264 pra:-

435 4280 708 4348 λέγοντος
745 4273 841 4329 τοῦ
877 4275 1154 4347 μακαρίου
1203 4274 1371 4328 Δαὸὶδ
1425 4274 1563 4347 πρὸς
1593 4273 1704 4327 τῶν
1744 4274 1880 4328 ὅλων
1916 4291 2046 4346 xpet-

2156 4282 2361 4357 potenti
2397 4280 2507 4338 Deo
2540 4297 2555 4336 :
2591 4300 2608 4333 ι
2636 4282 2867 4336 Emittes
2895 4278 3159 4351 Spiritum
3198 4293 3373 4348 tuum,
3395 4290 3450 4338 et
3474 4282 3741 4337 creaban-

436 4372 655 4426 τοῦντα
701 4368 869 4421 Θεόν-
906 4386 924 4420 ι
968 4363 1399 4434 Ἐξαποστελείς
1429 4365 1490 4420 τὸ
1518 4365 1745 4438 Πνεῦμά
1791 4383 1909 4434 σου,
1958 4366 2054 4420 καὶ

443 4461 886 4530 κτισθήσονται’
947 4458 1045 4511 καὶ
1098 4458 1435 4520 ἀνακαινιεῖς
1492 4457 1555 4511 τὸ
1609 4456 1904 4529 πρόσωπον
1955 4457 2055 4528 τῆς

2159 4383 2266 4441 tur,
2315 4381 2370 4428 et
2408 4371 2696 4428 renovabis
2741 4371 2940 4427 facient
2986 4372 3219 4427 terra“:
3267 4388 3287 4424 ο
3341 4371 3575 4427 fortasse
3631 4385 3738 4424 non

2158 4465 2372 4529 credes,
2422 4473 2478 4519 et
2526 4464 2805 4519 hominem
2865 4463 2961 4519 Dei
3013 4463 3206 4533 spiritu
3254 4462 3471 4533 plenum
3522 4461 3742 4515 mentiri

447 4556 559 4625 γῆς
580 4570 594 4582 ο
636 4572 657 4604 ι
689 4551 1022 4622 ἅποστήσεις
1053 4548 1181 4623 [Ion
1213 4548 1577 4622 ἀπιστήσεις]
1605 4548 1745 4621 τάχα
1780 4566 1919 4614 που,
1959 4548 2046 4602 καὶ

2159 4556 2378 4626 putabis
2406 4574 2421 4610 :
2452 4571 2630 4626 neque
2666 4555 2813 4610 enim
2845 4553 2989 4611 Dens
3023 4555 3305 4624 migrando
3336 4560 3602 4617 movetur,
3646 4564 3745 4606 ne-

441 4646 821 4719 ψευδηγορεῖν
860 4645 1023 4716 οἰήσῃ
1065 4641 1156 4696 τὸν
1201 4643 1687 4714 πνευματοφόρον;
1733 4643 1795 4695 οὺ
1831 4642 1941 4714 γάρ
1974 4658 2056 4695 τοι

442 4741 676 4810 κίνησιν
730 4735 1109 4809 μεταϐατικὴν
1140 4738 1377 4790 ποιεῖται
1417 4735 1478 4789 τὸ
1505 4734 1662 4788 Θείον
1690 4750 1702 4763 ·
1733 4733 1845 4788 οὐδ’
1881 4733 1949 4788 ἂν
1987 4734 2052 4787 ὲκ

440 4834 622 4887 τόπου
662 4834 799 4903 πρὸς
844 4829 1008 4883 τόπον
1059 4828 1502 4900 μεταχωρήσειεν
1546 4825 1635 4891 ἂν,
1685 4826 1761 4887 ὡς
1786 4825 1887 4879 οὐκ
1939 4824 2056 4878 ἐνὸν

443 4925 607 4995 αὐτῷ
661 4923 724 4976 τὸ
752 4923 809 4976 ἐν
871 4923 1041 4976 πᾶσιν
1094 4914 1238 4974 εἶναι
1293 4920 1390 4972 καὶ
1438 4920 1509 4972 τὰ
1558 4918 1739 4973 πάντα
1788 4916 2054 4990 πληροῦν.

444 5016 652 5073 Ταῦτά
688 5030 794 5067 που
822 5013 921 5066 καὶ
951 5011 1083 5085 [Ion
1111 5009 1295 5083 κατὰ]
1330 5010 1556 5064 σαυτόν’
1596 5009 1752 5082 λογιῇ
1780 5010 1837 5063 δὲ
1870 5008 2054 5074 πάλιν,

445 5112 551 5166 καὶ
592 5108 710 5162 τῶν
753 5105 976 5177 ἁληθιῖῃ
1010 5106 1377 5175 ἀπαναστήσῃ
1407 5102 1716 5173 δογμάτων,
1765 5101 1947 5173 σαυτῷ
1995 5117 2057 5153 τε

447 5205 552 5259 καὶ
596 5200 753 5273 μόνῳ
801 5169 1226 5253 κατξκολουθεῖν
1256 5169 1566 5268 ᾑρημένος·
1615 5193 1730 5248 ἀλλ’
1763 5169 1928 5265 ἦσθά*
1950 5209 2054 5248 που

447 5296 683 5355 παντως
712 5294 773 5345 ἐν
797 5290 1081 5361 ἀμείνοσιν
1102 5288 1332 5352 ἐννοίαις
1355 5289 1534 5341 ἐκεῖνο
1558 5284 2019 5357 διενθυμούμενος
2037 5299 2053 5316 ο

447 5386 531 5448 ὡς
562 5385 712 5445 ἄπας
738 5383 874 5453 ἡμῖν
901 5381 932 5433 6
962 5380 1092 5451 περὶ
1117 5377 1255 5432 Θεοῦ
1286 5376 1460 5447 Λόγος
1496 5376 1791 5446 πεποίηται
1821 5376 1921 5446 μὲν
1962 5376 2059 5429 ἀν-

449 5473 787 5545 Θρωπίνωςο
818 5468 1021 5523 νοεῖται
1049 5483 1115 5537 γε
1149 5466 1290 5539 μὴν,
1337 5466 1414 5530 ὼς
1464 5465 1531 5520 ἂν
1577 5464 1727 5537 αὑτῷ
1764 5465 1875 5518 και
1908 5464 2058 5535 μόνῳ

450 5566 701 5636 πρέποι·
747 5561 1088 5635 τεθορύϐηκε
1133 5560 1192 5613 δὲ
1233 5561 1296 5614 οὐ
1334 5558 1588 5630 ’μετρίως
1639 5557 1772 5611 αὑτὸ
1817 5556 1897 5623 τὸ,
1952 5557 2059 5611 ὑπὸ

545 5765 779 5834 'Epltes.
814 5778 889 5834 tv,
918 5761 1006 5834 lt).
1084 5761 1104 5794 ³
1126 5760 1286 5816 Joan.
1321 5762 1531 5834 ημῆι.Δ
1593 5760 1614 5791 ⁵
1636 5758 1796 5834 Joan.
1837 5776 1948 5831 tm,
1982 5761 2074 5820 25.

457 5852 584 5905 xxx,
616 5831 707 5892 i8.
810 5834 833 5865 ⁸
858 5833 1004 5889 Psal.
1043 5846 1166 5897 cnt,
1199 5832 1291 5887 δυ.
1391 5833 1413 5864 ⁸
1436 5831 1617 5890 Gal-at.
1643 5844 1719 5899 tv,
1749 5831 1804 5884 4.

447 5976 477 6002 χ
755 5929 1031 5993 Ρλτσοι..
1074 5928 1193 5995 Gn.
1223 5924 1491 6007 LXXVI.

2160 4661 2267 4719 que
2303 4647 2371 4702 de
2408 4646 2527 4701 loco
2562 4647 2630 4701 ad
2656 4646 2836 4701 locum
2868 4645 3083 4709 transit,
3110 4643 3335 4715 perinde
3368 4657 3433 4698 ac
3468 4643 3515 4698 si
3551 4656 3660 4698 non
3689 4641 3743 4698 ei

2159 4735 2440 4807 proprium
2469 4736 2542 4791 sit
2587 4736 2641 4790 in
2676 4735 2932 4791 omnibus
2975 4750 3100 4791 esse
3136 4742 3192 4790 et
3223 4735 3404 4790 omnia
3447 4726 3741 4805 complere.

2160 4825 2288 4883 llaec
2319 4836 2496 4882 tecum
2527 4827 2642 4897 ipse
2674 4827 2915 4881 vicissim
2966 4825 3255 4897 cogitabis,
3282 4834 3339 4880 et
3383 4840 3414 4879 a
3448 4840 3580 4881 vera
3625 4839 3749 4880 sen-

2163 4919 2330 4974 tentia
2381 4918 2666 4983 discedes,
2715 4917 2809 4972 tibi
2856 4917 2960 4987 ipsi
3012 4918 3323 4988 etquidem
3369 4917 3474 4974 soli
3519 4917 3746 4989 obsequi

2169 5021 2378 5065 certus.
2427 5007 2533 5065 Sed
2582 5009 2635 5062 in
2689 5008 2903 5063 meliori
2954 5024 3106 5066 esses
3145 5010 3332 5079 utique
3380 5009 3651 5064 sententia
3699 5012 3746 5065 si

2167 5102 2296 5156 illud
2339 5101 2629 5172 cogitares,
2677 5116 2894 5155 onmem
2936 5117 2965 5155 a
2994 5102 3149 5157 nobis
3188 5101 3256 5156 de
3296 5101 3408 5156 Deo
3440 5115 3745 5156 sermonem

2167 5193 2354 5249 haberi
2388 5192 2608 5262 quidem
2659 5193 2898 5247 humano
2944 5208 3117 5257 more,
3164 5194 3245 5248 sic
3278 5201 3455 5247 tamen
3494 5191 3744 5264 intelligi,

2166 5293 2225 5339 ut
2251 5284 2334 5340 illi
2371 5282 2473 5340 soli
2513 5284 2788 5339 convenit.
2830 5282 2935 5339 Sed
2964 5283 3112 5338 illum
3151 5297 3258 5338 non
3307 5282 3497 5338 leviter
3525 5290 3750 5337 contur-

2167 5379 2338 5443 bavit,
2383 5377 2526 5447 quod
2574 5376 2668 5431 Dei
2718 5374 2898 5433 Patris
2952 5374 3183 5430 Verbum
3232 5373 3334 5429 sub
3377 5373 3498 5444 lege
3544 5371 3747 5427 factum

2165 5484 2288 5526 esse
2334 5467 2626 5525 dicitur’:
2664 5467 2845 5523 nullus
2898 5474 3080 5521 tamen
3137 5472 3224 5520 est
3267 5464 3320 5519 in
3375 5465 3478 5520 bac
3525 5476 3586 5519 re
3632 5476 3750 5518 me-

2169 5560 2352 5618 tuendi
2393 5557 2547 5618 loct'ts
2575 5577 2593 5631 ;
2622 5573 2749 5615 nam
2790 5556 3091 5628 permansit
3124 5555 3270 5626 quod
3303 5565 3442 5623 erat,
3472 5551 3754 5624 legislator

2155 5761 2336 5847 "ibid.
2446 5760 2489 5791 ³·
2514 5756 2655 5817 Psal.
2681 5772 2790 5827 (ενι,
2819 5756 2911 5815 20.
2991 5759 3011 5790 ⁵
3035 5756 3139 5813 lsa.
3173 5770 3332 5823 unt,
3366 5754 3422 5810 9.
3533 5751 3551 5781 '
3577 5744 3751 5809 Exod.

3344 5911 3391 5975 .3.
