4150 6438
452 409 528 467 7;;
1445 403 1509 458 S.
1547 400 1825 456 CYRlLLl
1865 397 2337 454 ALEXANDRINI
2381 400 2695 458 ARClllEl‘.
3664 407 3731 462 76

455 531 675 596 inquam
710 536 764 580 et
806 523 968 580 Deus.
1009 522 1089 578 Ac
1127 521 1170 576 si
1217 535 1322 576 non
1348 518 1523 576 lactus
1551 530 1696 578 esset
1724 522 1911 584 homo,
1941 535 2038 574 ue-

2146 519 2309 591 νόμον
2338 521 2592 590 λέγεσθαι
2623 523 2714 577 τὸν
2742 525 2804 576 ἐκ
2840 522 2978 576 Θεοῦ
3013 522 3226 593 Πατρὸς
3257 522 3589 594 γεγενῆσθαι
3632 526 3734 578 Λό-

451 635 558 691 que
583 618 752 673 etiam
799 617 902 672 sub
934 615 1050 684 lege
1091 613 1268 669 lactus
1305 611 1512 668 luisset.
1543 613 1648 669 Sed
1683 614 1807 684 quia
1853 628 2039 666 verum

451 722 537 766 est
573 711 810 779 seipsum
841 707 1182 771 humiliasse,
1228 707 1318 773 qui
1350 721 1415 760 ex
1461 717 1652 760 natura
1686 720 1780 760 sua
1825 719 2040 758 sursum

453 812 569 857 erat
597 817 660 856 ac
701 800 974 862 sublimis,
1027 808 1083 853 et
1114 807 1378 867 praeterea
1417 798 1615 852 factum
1661 812 1782 851 esse
1806 795 1917 867 ω
1940 810 2040 849 ηο-

455 899 554 953 stri
588 896 847 960 similem,
877 894 969 962 qui
1001 909 1165 961 supra
1206 905 1423 944 onmem
1457 898 1763 942 creaturam
1798 895 1937 948 erat,
1986 896 2041 939 et

453 1004 578 1042 cum
618 989 769 1042 dives
797 995 966 1048 esset,
999 997 1295 1054 pauperem
1341 981 1542 1034 factum
1567 993 1688 1034 esse
1723 979 1774 1031 in
1805 993 1869 1031 eo
1897 978 2041 1047 quod

455 1093 538 1135 cst
577 1080 754 1134 lactus
785 1078 982 1132 similis
1020 1075 1196 1130 nostri
1225 1074 1291 1137 ιο,
1325 1071 1596 1141 quomodo
1624 1071 1774 1124 nefas
1815 1070 1887 1122 sit
1917 1084 2040 1122 eum

455 1173 637 1227 dicere
687 1171 886 1225 factum
939 1182 1060 1223 esse
1119 1166 1400 1221 nobiscum
1452 1179 1515 1217 ac
1557 1162 1658 1217 sub
1711 1161 1869 1231 lege“!
1903 1161 2042 1226 Quid

456 1265 643 1320 enim?
679 1280 745 1318 an
774 1278 881 1317 non
920 1273 1068 1316 recte
1100 1260 1367 1315 sentimus
1398 1270 1521 1311 cum
1554 1257 1803 1309 humanae
1831 1263 2044 1308 naturae

458 1374 766 1413 mensuram
799 1368 1050 1426 putamus
1081 1369 1147 1409 eo
1174 1351 1409 1415 deliniri,
1439 1351 1582 1420 quod
1616 1349 1687 1404 sit
1715 1348 1815 1418 legi
1860 1347 2043 1417 subjeo

455 1449 583 1503 cla?
620 1462 742 1502 nam
773 1447 866 1501 illa
897 1445 1075 1500 soluta
1103 1453 1159 1498 et
1191 1457 1355 1511 supra
1387 1440 1558 1512 legem
1592 1440 1860 1504 essentia,
1891 1447 1945 1491 et
1975 1453 2040 1492 ex

455 1551 651 1595 natura
688 1553 750 1594 ac
785 1553 915 1594 vere
965 1537 1160 1604 libera,
1206 1534 1342 1590 nihil
1376 1534 1524 1588 aliud
1565 1547 1690 1588 esse
1719 1539 1898 1603 potest
1937 1531 2042 1586 nisi

458 1632 601 1688 Deus
627 1649 638 1684 :
667 1646 795 1702 ergo
827 1646 950 1686 cum
983 1627 1224 1684 Verbum
1257 1625 1457 1682 factum
1485 1633 1566 1681 est
1589 1639 1738 1689 caro,
1773 1634 1882 1679 tum
1909 1639 2046 1694 quo-

454 1739 559 1793 que
602 1723 704 1778 sub
744 1723 860 1792 lege
913 1722 1118 1776 factum
1163 1728 1246 1775 est
1280 1739 1292 1774 :
1328 1733 1452 1773 nam
1498 1732 1604 1773 una
1645 1731 1768 1772 cum
1829 1717 1912 1771 his
1952 1715 2042 1785 qui

457 1816 719 1869 tributum
766 1811 1098 1884 pendebant,
1147 1811 1462 1866 didrachma
1495 1809 1767 1879 posuit“,
1799 1809 2045 1878 quamvis

454 1921 518 1960 es
568 1920 666 1960 sua
718 1914 913 1959 natura
964 1903 1106 1958 liber
1147 1912 1312 1968 esset,
1349 1912 1535 1971 utpote
1567 1899 1710 1956 Deus
1736 1915 1800 1956 ac
1851 1899 2041 1964 Filius,

455 2013 518 2051 ac
546 1997 710 2051 etiam
745 2009 811 2050 eo
854 2006 1100 2064 tempore
1136 2009 1243 2064 quo
1280 1994 1481 2048 factum
1514 2000 1597 2048 est
1630 2007 1782 2046 caro.
1819 1991 1914 2046 Sin
1948 1993 2043 2046 tibi

457 2089 635 2160 placet
675 2103 842 2142 unum
887 2087 940 2142 ln
997 2087 1105 2142 duo
1141 2085 1406 2151 dividere,
1453 2094 1508 2140 et
1551 2100 1677 2140 eum
1725 2084 1816 2154 qui
1849 2094 1934 2139 est
1976 2097 2042 2139 es

457 2181 705 2246 muliere,
734 2178 963 2234 seorsim
993 2178 1272 2233 hominem
1315 2179 1692 2248 pronuntiare,
1731 2192 1966 2249 quonam
2001 2179 2046 2234 is

460 2273 620 2328 modo
663 2271 769 2326 sub
811 2271 929 2340 lege
978 2269 1152 2324 factus
1183 2269 1397 2323 dicetur
1443 2271 1537 2340 qui
1588 2279 1794 2325 natura:
1838 2271 1911 2327 sit
1944 2271 2045 2326 sub

459 2366 576 2435 lege
600 2362 829 2433 positae?
863 2360 980 2417 Non
1008 2360 1152 2416 enim
1189 2362 1333 2430 quod
1362 2360 1474 2430 jam
1505 2370 1587 2416 est
1615 2360 1717 2432 legi
1745 2362 2044 2428 subditum,

458 2455 513 2509 id
554 2453 672 2508 lieri
705 2453 806 2508 sub
831 2451 948 2522 lege
979 2460 1183 2522 potest,
1213 2452 1307 2505 sed
1346 2451 1395 2504 id
1421 2452 1562 2520 quod
1603 2464 1854 2507 naturam
1883 2453 2047 2508 habet

458 2545 576 2614 lege
614 2544 973 2614 superiorem,
1018 2555 1075 2597 et
1108 2554 1260 2597 extra
1296 2542 1492 2612 legem.
1524 2541 1652 2598 Sola
1687 2554 1768 2600 est
1789 2546 1957 2612 enim,
1990 2555 2046 2601 ut

459 2638 594 2704 dixi,
637 2637 725 2690 illa
754 2637 936 2690 divina
974 2649 1338 2704 supremaque
1369 2646 1561 2690 natura
1589 2645 1643 2691 et
1678 2636 1819 2691 ultra
1849 2637 2042 2706 legem,

459 2736 514 2786 et
551 2736 810 2797 praeterea
853 2724 1044 2792 libera,
1079 2733 1135 2779 et
1177 2738 1298 2794 qua:
1346 2725 1450 2781 sibi
1490 2726 1806 2796 praefectum
1853 2727 2048 2783 habeat

459 2832 687 2890 prorsus
721 2816 1018 2884 neminem,
1053 2817 1148 2870 sed
1196 2816 1313 2885 ipsa
1347 2816 1419 2870 sit
1457 2817 1640 2886 potius
1671 2818 2044 2873 universorum

459 2910 702 2972 domina,
750 2918 806 2964 et
849 2907 1105 2962 omnibus
1160 2907 1324 2962 rebus
1373 2922 1485 2962 sua:
1535 2908 1924 2964 dominationis
1959 2907 2047 2977 ju-

461 3023 586 3075 gum
621 3008 882 3074 imponat.
917 3004 1022 3059 Sed
1054 3004 1159 3058 iste
1188 3004 1272 3058 vir
1298 3018 1328 3057 a
1369 3011 1517 3057 recta
1565 3001 1926 3055 ratiocinandi
1957 3000 2043 3054 via

460 3115 585 3155 cum
632 3099 922 3161 abcrrarit,
956 3097 1009 3152 in
1055 3112 1178 3152 eam
1225 3107 1309 3152 est
1358 3097 1610 3165 delapsus
1655 3094 2042 3165 cogitationum

2071 1869 2118 1925 B

2144 632 2260 682 γον.
2305 616 2445 668 Ἀλλ’
2485 615 2640 668 οὐδὲν
2687 617 2742 669 ὲν
2775 616 2948 686 τούτῳ
2980 615 3041 668 τὸ
3087 615 3279 684 δεῖμα·
3317 615 3592 685 μεμένηκε
3623 615 3734 688 γὰρ

2143 708 2171 759 ὂ
2217 704 2284 778 ἦν
2307 725 2320 738 ·
2370 708 2667 778 νομοθέτης
2695 707 2934 779 δηλονότι
2972 707 3066 760 καὶ
3111 706 3264 770 Θεός.
3299 708 3410 759 Καὶ
3444 708 3490 758 εί
3534 708 3632 776 μὲν
3670 708 3734 760 οὐ

2143 799 2371 868 γέγονεν
2400 800 2706 870 ἄνθρωπος.
2741 801 2800 852 οὐ
2831 799 3054 869 γέγονεν
3083 799 3188 852 ὑπὸ
3221 799 3404 868 νόμον.
3426 800 3651 870 Ἐπειδὴ
3666 799 3734 853 ’δέ

2145 895 2292 945 ἐστιν
2329 891 2548 963 ἀληθὲς,
2572 893 2653 944 ὅτι
2683 892 3082 944 τεταπείνωκεν
3113 891 3305 944 ἑαυτὸν
3332 893 3360 944 δ
3405 892 3549 944 κατὰ
3572 891 3736 960 φύσιν

2148 984 2289 1038 ίόίαν
2325 985 2437 1038 ἂνω
2475 1001 2578 1036 που
2610 984 2703 1037 καὶ
2732 984 2934 1055 ὑψηλός
2955 1001 2967 1015 ·
3017 981 3136 1037 εἶτα
3167 984 3357 1053 γέγονε
3392 985 3514 1038 καθ’
3551 987 3697 1056 ἡμᾶς
3718 1023 3732 1047 ,

2143 1079 2172 1131 ὀ
2204 1078 2344 1151 ὑπὲρ
2380 1081 2562 1133 πᾶσαν
2608 1079 2706 1150 τὴν
2749 1079 2924 1133 κτίσιν
2946 1097 2958 1108 ·
2996 1081 3089 1132 καὶ
3123 1078 3378 1142 πλούσιος
3411 1079 3507 1145 ὣν,
3559 1079 3738 1133 ὲτττὼ-

2145 1189 2306 1242 χευσε
2353 1173 2442 1226 διὰ
2485 1171 2580 1225 τοῦ
2611 1172 2864 1241 γενέσθαι
2891 1171 3012 1225 καθ’
3044 1173 3211 1242 ἡμᾶς,
3254 1171 3371 1236 πῶς
3403 1173 3504 1225 οὐκ
3544 1173 3611 1226 ἂν
3648 1172 3734 1226 λέ-

2143 1281 2297 1334 γοιτο
2327 1264 2447 1335 μεθ’
2473 1265 2629 1336 ἡμῶν
2661 1265 2915 1333 γενέσθαι
2945 1265 3039 1318 καὶ
3066 1265 3172 1316 ὑπὸ
3210 1264 3408 1335 νόμονὲ
3441 1264 3474 1336 ἢ
3511 1263 3634 1336 Ῐῖσ·

2144 1358 2254 1428 γὰρ
2295 1359 2358 1411 οὐ
2408 1357 2736 1429 λογιούμεῦα
2786 1356 3112 1428 φρονοῦντες
3146 1357 3321 1428 ὀρθῶς
3345 1396 3360 1422 ,
3407 1356 3469 1410 τὸ
3499 1357 3618 1428 τῆς
3644 1359 3738 1411 ἀν-

2145 1448 2367 1521 θρώπου
2400 1450 2614 1518 φύσεως
2639 1449 2922 1520 ὁρίζεσθαι
2971 1449 3188 1519 μέτρον,
3233 1447 3307 1512 ὡς
3335 1448 3390 1501 ἐν
3421 1465 3484 1515 γε
3514 1447 3591 1518 τῷ
3626 1448 3737 1501 δεῖν

2146 1543 2241 1596 καὶ
2286 1543 2610 1596 ὑποκεῖσθαι
2659 1542 2843 1613 νόμῳ;
2889 1542 2952 1595 τὸ
2996 1542 3104 1612 γὰρ
3149 1541 3347 1610 ἄφετόν
3374 1558 3433 1594 τε
3475 1543 3568 1595 καὶ
3597 1542 3736 1616 ὑπὲρ

2145 1632 2329 1702 νόμον,
2362 1632 2521 1702 φύσει
2547 1649 2605 1684 τε
2640 1633 2734 1684 καὶ
2767 1629 2981 1700 ἀληθῶς
3012 1629 3296 1700 ἐλεύθερον
3334 1628 3420 1699 εἴη
3451 1627 3515 1681 ἂν
3540 1628 3731 1700 ἕτερον

2145 1725 2318 1791 οὐδὲν,
2355 1724 2496 1797 πλὴν
2543 1725 2626 1777 ὅτι
2659 1724 2720 1776 τὸ
2750 1724 2921 1777 Θεῖον·
2969 1720 3166 1776 οὐκοῦν
3197 1721 3284 1774 ὅτε
3316 1720 3509 1789 γέγονε
3560 1719 3736 1791 σὰρξ,

2147 1820 2270 1872 τότε
2317 1819 2508 1886 γέγονε
2555 1820 2649 1872 καὶ
2725 1818 2830 1870 ὑπὸ
2875 1817 3074 1888 νόμον·
3120 1813 3437 1867 συνετέλεσε
3477 1814 3586 1884 γὰρ
3623 1815 3737 1878 τοῖς

2145 1910 2540 1982 δασμολογοῦσι
2569 1910 2627 1963 τὸ
2655 1910 2949 1981 δίῗραχμον
2970 1925 2982 1937 ·
3014 1907 3190 1960 καίτοι
3231 1906 3373 1959 κατὰ
3404 1905 3568 1975 φύσιν
3600 1905 3735 1958 ἰδίαν

2147 2003 2431 2074 ἐλεύθερος
2455 2003 2552 2066 ὣν,
2580 2002 2654 2066 ὡς
2681 2001 2809 2064 Θεὸς
2833 2001 2925 2053 καὶ
2951 2000 3097 2064 Υἱὸς,
3127 1999 3220 2052 καὶ
3245 2001 3332 2052 ὅτε
3359 2000 3550 2068 γέγονε
3573 1998 3731 2068 σάρξ.

2147 2096 2209 2150 El
2240 2095 2296 2149 δέ
2327 2113 2408 2148 σοι
2437 2095 2585 2149 δοκεῖ
2614 2094 2703 2147 τὸν
2749 2094 2845 2146 ἕνα
2876 2094 3097 2163 τέμνειν
3126 2094 3205 2156 είς
3236 2092 3364 2158 δύο,
3411 2092 3505 2144 καὶ
3552 2091 3736 2156 ῑδικῶς

2147 2189 2278 2258 ἡμῖν
2311 2187 2598 2258 ἄνθρωπον
2630 2185 2954 2255 ἀποφαίνειν
2985 2184 3076 2238 τὸν
3104 2185 3166 2237 ὲκ
3198 2183 3455 2252 γυναικὸς
3477 2225 3490 2247 ,
3519 2184 3634 2247 πῶς
3669 2183 3737 2238 ἂν

2146 2279 2358 2347 λέγοιτο
2401 2278 2652 2346 γενέσθαι
2684 2277 2777 2330 καὶ
2809 2276 2912 2328 ὑπὸ
2940 2275 3124 2346 νόμον,
3174 2276 3202 2327 ὁ
3255 2275 3355 2344 τῆς
3403 2274 3509 2326 ὑπὸ
3563 2274 3727 2344 νόμον

2148 2371 2362 2440 φύσεως
2394 2370 2499 2436 div;
2539 2370 2612 2421 Οὺ
2647 2370 2755 2438 γάρ
2784 2385 2865 2420 τοι
2893 2368 2954 2421 τὸ
2982 2367 3122 2438 ἔχον,
3155 2366 3216 2418 τὸ
3257 2367 3366 2419 δεῖν
3410 2365 3734 2418 ὑποκεῖσθαι

2145 2465 2322 2535 νόμῳ,
2355 2463 2550 2532 γένοιτ’
2577 2464 2641 2515 ἄν
2671 2460 2776 2514 ὑπὸ
2817 2460 3011 2530 νόμου,
3039 2459 3177 2513 ἀλλὰ
3203 2458 3260 2512 τὸ
3292 2458 3455 2528 φύσιν
3489 2458 3609 2528 ἔχον
3634 2459 3734 2530 τὴν

2149 2557 2288 2627 ὑπὲρ
2328 2556 2509 2626 νόμον,
2559 2556 2653 2608 καὶ
2698 2553 2802 2620 ἔξω
2851 2552 3039 2622 νόμου.
3077 2552 3229 2622 Μόνη
3277 2551 3409 2624 γὰρ,
3459 2551 3534 2612 ὡς
3569 2551 3733 2624 ἔφην,

2147 2648 2316 2708 ἐστὶν,
2368 2648 2401 2716 ἡ
2451 2645 2570 2698 θεία
2631 2661 2688 2697 τε
2725 2645 2819 2698 καὶ
2858 2642 3137 2714 ὑπερτάτη
3171 2642 3362 2711 φύσις,
3411 2643 3508 2696 καὶ
3554 2644 3736 2713 νόμων

2147 2737 2425 2799 ἐπέκεινα,
2462 2735 2554 2787 καὶ
2599 2734 2698 2804 μέν
2734 2750 2816 2786 τοι
2864 2733 2960 2785 καὶ
3003 2732 3302 2803 ἐλευθέρα·
3351 2733 3444 2785 καὶ
3482 2731 3572 2784 τὸν
3611 2733 3733 2784 ἔπι-

2151 2828 2352 2896 στάτην
2409 2828 2612 2896 ἔχουσα
2661 2823 2941 2887 παντελῶς
2992 2823 3207 2890 οὐδένα,
3260 2824 3609 2894 κατάρχουσα
3677 2822 3734 2877 δὲ

2153 2920 2354 2991 μᾶλλον
2401 2920 2540 2988 αὑτὴ
2589 2918 2697 2971 τῶν
2726 2918 2884 2982 ὅλων,
2935 2917 3031 2969 καὶ
3066 2918 3199 2970 πᾶσι
3241 2916 3334 2969 τὸν
3365 2916 3564 2986 ἑαυτῆς
3603 2917 3734 2968 dm-

2148 3013 2358 3066 τιθεῖσα
2402 3011 2586 3080 ζυγόν.
2638 3011 2696 3063 '0
2747 3009 2803 3062 δὲ
2849 3009 3112 3079 λογισμοῦ
3168 3007 3262 3061 τοῦ
3308 3008 3610 3079 πρέποντος
3657 3007 3736 3061 δι-

2149 3105 2506 3178 ημαρτηκὼς,
2529 3102 2847 3166 δυσσεϐείας
2868 3104 2944 3166 είς
2964 3102 3118 3155 τοῦτο
3141 3093 3472 3156 κατὶὺλισθεν
3493 3101 3730 3166 ἐννοιῶν,

460 3193 818 3262 impietatem,
868 3197 924 3244 et
969 3203 1144 3258 usque
1197 3188 1336 3243 adeo
1385 3186 1452 3239 ad
1505 3200 1748 3241 summas
1797 3183 2044 3256 pervenit

2149 3202 2242 3252 καὶ
2276 3201 2356 3259 είς
2385 3199 2554 3267 ἄκρον
2589 3198 2714 3268 ἥκει
2747 3197 3068 3265 σκαιότητος
3093 3236 3107 3260 ,
3141 3195 3247 3249 ἀπό
3275 3213 3338 3264 γε
3372 3195 3467 3248 τοῦ
3505 3195 3729 3266 διαιρεῖν

461 3285 694 3354 ineptias
737 3298 800 3338 ex
837 3298 903 3337 eo
930 3282 1073 3352 quod
1117 3297 1283 3335 unum
1325 3279 1618 3334 Dominum
1666 3277 1852 3334 Jesum
1884 3276 2046 3332 Chri-

460 3388 603 3432 stum
638 3375 691 3429 in
727 3376 835 3430 duo
863 3373 1076 3437 dividit,
1109 3383 1168 3427 ut
1199 3374 1460 3427 audacter
1481 3372 1681 3426 dixerit
1706 3372 1879 3440 ipsum
1914 3368 2044 3423 Em-

461 3468 765 3526 manuelem
806 3483 983 3537 neque
1013 3481 1141 3522 vere
1180 3466 1349 3520 Deum
1383 3480 1526 3530 esse,
1576 3477 1752 3535 neque
1779 3473 2044 3533 praeterea

461 3562 762 3617 secundum
811 3571 1059 3613 naturam
1112 3556 1306 3612 Filium
1348 3575 1361 3611 :
1403 3558 1485 3612 sic
1529 3571 1660 3612 vero
1718 3554 2045 3625 appellatum

458 3653 738 3708 Christum
757 3661 813 3706 et
835 3660 1108 3715 sanctum,
1139 3660 1197 3704 ut
1223 3648 1315 3703 alii
1341 3662 1560 3716 quoque
1599 3645 1844 3702 nonnulli
1872 3646 2043 3700 nostri

461 3744 690 3808 similes,
739 3753 832 3797 aut
883 3744 1222 3811 impurorum
1274 3740 1583 3822 daemonum
1629 3738 1892 3794 cultores.
1950 3736 2042 3792 Sic

461 3851 696 3908 nataque
731 3850 919 3890 rursus
947 3836 1082 3889 dixit
1113 3852 1126 3888 :

533 3929 798 4003 [Νεετοι.
844 3929 950 3984 Sed
978 3929 1118 3984 sicut
1151 3927 1385 3982 dicimus
1416 3925 1581 3980 Deum
1621 3923 1766 3978 illum
1799 3921 2042 3977 omnium

458 4025 837 4086 Conditorem,
878 4031 932 4077 et
966 4020 1127 4075 deum
1157 4020 1331 4088 ipsum
1357 4017 1540 4073 Mosen
1569 4033 1583 4071 :
1614 4033 1633 4069 ι
1665 4015 1834 4070 Deum
1864 4013 2042 4077 enim,

459 4117 657 4186 inquit,
692 4114 843 4184 posui
883 4124 935 4168 te
963 4111 1238 4167 Pharaoni
1262 4112 1350 4177 ης
1384 4130 1403 4164 ›
1452 4119 1510 4166 et
1543 4110 1719 4180 ipsum
1765 4105 1931 4162 Israel
1980 4104 2044 4160 ll-

460 4211 589 4263 lium
653 4208 748 4262 Dei
790 4226 804 4262 :
839 4224 858 4258 ι
890 4204 1103 4271 Filius,
1165 4203 1380 4273 inquit,
1434 4199 1827 4273 primogenitus
1890 4209 2044 4253 meus

459 4298 724 4365 Israel";
753 4316 772 4350 ι
806 4297 1054 4353 utetiam
1075 4293 1215 4349 Saul
1245 4296 1420 4365 ipsum
1450 4293 1682 4348 dicimus
1723 4291 1991 4346 christum
2025 4305 2040 4344 :

463 4410 483 4443 ι
517 4390 759 4455 Minime,
785 4389 981 4460 inquit,
1009 4388 1300 4444 extendam
1334 4399 1556 4440 manum
1589 4397 1763 4438 meam
1793 4381 1848 4436 in
1893 4395 2042 4447 eum,

458 4487 584 4555 quia
629 4483 871 4539 christus
900 4481 1112 4537 Domini
1142 4478 1330 4544 est“;
1369 4495 1387 4529 ι
1424 4487 1480 4531 et
1509 4475 1707 4546 Cyrum
1743 4474 2038 4531 similiter:

464 4545 642 4632 ιἨεοο
690 4576 822 4631 dicit
876 4573 1138 4630 Dominus
1192 4572 1398 4628 Christo
1451 4545 1574 4624 meo
1623 4567 1768 4639 Cyro
1806 4568 1888 4636 ης
1919 4586 1939 4621 ι
1987 4545 2118 4624 et9

459 4671 634 4740 ipsum
671 4666 1024 4738 Babylonium
1054 4673 1303 4720 sanctum
1338 4680 1352 4716 :
1384 4680 1404 4714 ι
1440 4659 1576 4731 Ego,
1613 4661 1808 4731 inquit,
1845 4661 2039 4730 praeci-

459 4761 547 4830 pio
596 4757 784 4815 eis":
821 4778 840 4811 ι
881 4760 958 4814 sic
998 4758 1235 4812 dicimus
1276 4757 1452 4825 ipsum
1497 4767 1714 4824 quoque
1751 4753 2041 4808 Dominum

458 4853 758 4917 Christum,
793 4861 848 4906 et
897 4849 1087 4912 Deum,
1145 4856 1200 4902 et
1248 4845 1470 4910 Filium,
1525 4855 1580 4899 et
1612 4853 1884 4899 sanctum.
1931 4843 2039 4900 Sed

455 4942 704 5011 quamvis
749 4943 940 4996 eadem
992 4940 1062 5016 sit
1101 4937 1413 4993 communio
1459 4935 1762 5000 nominum,
1815 4947 1922 4989 non
1961 4945 2039 4989 ta-

455 5052 580 5091 men
615 5043 698 5091 est
726 5035 915 5090 eadem
944 5029 1230 5103 dignitas]

1107 5145 1259 5201 CAP.
1302 5145 1390 5200 ιν.

523 5265 663 5333 Quid
692 5263 866 5320 dicis?
891 5262 1112 5334 qualem
1156 5277 1463 5318 sermonem
1502 5275 1720 5321 eructas
1761 5270 1828 5323 de
1877 5271 2044 5326 corde

525 5421 570 5453 ¹⁹
597 5421 637 5475 Il
663 5421 790 5478 Cor.
823 5434 943 5483 vm,
975 5420 1025 5475 9.

1135 5420 1172 5450 ¹¹
1203 5420 1391 5497 Matth.
1432 5438 1562 5492 xvn,
1595 5426 1668 5480 ‘25
1700 5442 1855 5497 seqq.

456 5490 500 5523 "
521 5488 627 5546 lsa.
658 5503 784 5558 xcv,
825 5491 877 5544 l.

957 5489 999 5520 ³⁸
1025 5489 1126 5544 Isa.
1166 5507 1284 5557 xm,
1313 5493 1364 5545 5.

1963 5429 2005 5459 ¹¹
2044 5427 2216 5482 Exod.
2259 5443 2358 5491 vn,
2408 5425 2455 5479 l.

2148 3293 2230 3354 εἰς
2263 3291 2356 3344 δύο
2385 3291 2476 3342 τὸν
2504 3290 2602 3343 ἕνα
2649 3288 2855 3360 Κύριον
2895 3285 3104 3357 Ἰησοῦν
3139 3287 3395 3358 Χριστὸν,
3426 3288 3501 3349 ὡς
3529 3288 3732 3341 ἀνυπο-

2149 3384 2350 3448 στὸλως
2382 3385 2587 3446 εἰπεῖν,
2633 3383 2770 3453 μήτε
2811 3380 2945 3434 Θεὸν
2977 3379 3216 3452 ἀληθῶς,
3277 3381 3416 3451 μήτε
3457 3381 3564 3452 μὴν
3599 3380 3727 3433 Υἰὸν

2147 3472 2286 3530 εἶναι
2337 3477 2480 3529 κατὰ
2524 3475 2684 3543 φύσιν
2735 3474 2825 3527 τὸν
2880 3475 3265 3545 Ἐμμανουήλ·
3307 3472 3622 3543 ὠνομάσθαι
3675 3474 3734 3528 δὲ

2145 3568 2288 3623 οὕτω
2324 3567 2558 3638 Χριστὸν
2593 3568 2687 3619 καὶ
2717 3567 2893 3636 ἅγιον,
2920 3567 3173 3638 καθάπερ
3207 3566 3398 3636 ἀμέλει
3430 3567 3522 3620 καὶ
3554 3564 3735 3636 ἕτεροι

2144 3680 2289 3725 τινες
2333 3661 2443 3714 τῶν
2489 3660 2612 3714 καθ’
2664 3662 2846 3732 ἡμᾶς,
2910 3661 3079 3732 ἤγουν
3135 3659 3244 3712 τῶν
3290 3660 3734 3731 λελατρευκότων

2147 3756 2258 3816 τοῖς
2283 3751 2618 3823 ἀκαθάρτοις
2643 3753 2896 3822 δαίμοσιν
2917 3769 2928 3780 ·
2967 3751 3070 3822 ἔφη
3099 3751 3205 3822 γὰρ
3236 3751 3380 3804 οὕτω
3415 3751 3597 3804 πάλιν·

2217 3929 2393 4002 [Ἀλλ’
2438 3929 2626 4000 ὥσπερ
2653 3929 2882 4000 λέγομεν
2913 3927 3045 3980 Θεὸν
3077 3929 3167 3981 τὸν
3214 3929 3434 3983 πάντων
3463 3932 3727 3998 Δημιουρ·

2145 4018 2262 4087 γὸν,
2295 4018 2392 4071 καὶ
2407 4017 2528 4071 Θεὸν
2545 4019 2636 4070 τὸν
2658 4019 2865 4072 Μωσέα
2887 4034 2900 4048 ·
2941 4037 2959 4069 ι
2991 4017 3124 4071 Θεὸν
3142 4017 3272 4090 γὰρ,
3305 4019 3473 4088 φησὶ,
3509 4017 3730 4072 τέθεικά

2147 4128 2207 4165 σε
2247 4109 2342 4163 τοῦ
2375 4109 2595 4181 Φαραώ·
2652 4128 2670 4162 ι
2719 4110 2814 4163 καὶ
2863 4109 2977 4162 υίὸν
3020 4109 3114 4162 τὸν
3159 4108 3375 4180 Ἰσραὴλ
3426 4109 3521 4163 τοῦ
3571 4109 3728 4163 Θεοῦ·

2149 4222 2171 4256 ‹
2208 4202 2334 4265 Υἱὸς
2381 4201 2509 4272 γὰρ,
2547 4202 2711 4272 φησι,
2753 4201 3101 4271 πρωτότοκος
3137 4216 3237 4269 μου
3290 4199 3538 4271 Ἰσραήλ·
3585 4219 3603 4252 ι
3635 4200 3730 4252 καὶ

2145 4297 2334 4365 ὥσπερ
2386 4294 2619 4365 λέγομεν
2679 4293 2898 4364 χριστὸν
2944 4292 3035 4344 τὸν
3080 4291 3287 4345 Σαούλ·
3328 4311 3345 4343 ι
3375 4292 3448 4343 Οὐ
3487 4290 3562 4361 μὴ
3596 4291 3727 4360 γὰρ,

2146 4389 2330 4460 φησὶν,
2361 4387 2605 4440 ἐπιδαλῶ
2631 4388 2730 4456 τὴν
2760 4386 2918 4457 χεῖρὰ
2947 4402 3048 4454 μου
3076 4384 3160 4437 ἐπ’
3192 4384 3475 4448 αὑτὸν,δτι
3508 4384 3728 4454 χριστὸς

2145 4481 2352 4550 Κυρίου
2400 4481 2547 4534 ἐστί·
2589 4499 2607 4531 ι
2645 4479 2740 4531 καὶ
2794 4477 2975 4548 Κῦρον
3015 4475 3304 4539 ὡσαύτως·
3345 4494 3362 4527 ι
3397 4475 3534 4528 Τάδε
3579 4475 3727 4543 λέγει

2146 4575 2354 4646 Κύριος
2374 4574 2452 4645 τῷ
2482 4571 2687 4645 χριστῷ
2720 4589 2820 4642 μου
2849 4570 3016 4641 Κύρῳ
3035 4584 3049 4599 ·
3076 4588 3093 4621 ι
3136 4568 3232 4622 καὶ
3264 4569 3356 4622 τὸν
3389 4567 3729 4620 Βαϐυλώνιον

2146 4671 2335 4739 ἆγιον·
2375 4687 2393 4721 ι
2433 4665 2576 4736 Ἐγὼ
2613 4666 2743 4736 γὰρ,
2777 4664 2934 4734 φησὶ,
2972 4664 3256 4716 συντάσσω
3299 4662 3482 4724 αὐτοῖς
3511 4659 3621 4729 (ll)
3647 4676 3660 4689 ·
3706 4677 3726 4709 ι

2144 4760 2288 4813 οὕτω
2319 4758 2554 4827 λέγομεν
2599 4755 2686 4807 καὶ
2719 4754 2808 4806 τὸν
2835 4752 3112 4822 Δεσπότην
3144 4751 3405 4822 Χριστὸν,
3453 4749 3550 4802 καὶ
3599 4747 3730 4801 Θεὸν

2151 4853 2245 4907 καὶ
2277 4850 2403 4905 Υίὸν
2437 4850 2532 4902 καὶ
2574 4847 2752 4915 ἅγιον.
2790 4845 2929 4899 Ἀλλ’
2962 4845 2996 4915 ἡ
3045 4845 3143 4914 μὲν
3190 4842 3447 4896 κοινωνία
3476 4836 3586 4894 τῶν
3611 4841 3728 4893 ὀνο-

2147 4946 2336 5017 μάτων
2365 4943 2547 5012 ὁμοία,
2581 4941 2678 5010 οὐχ
2710 4942 2741 5011 ή
2771 4941 2908 5010 αὑτὴ
2937 4939 2980 4991 δ’
3014 4933 3178 5007 ἀξία]

2749 5153 2999 5208 ΚΕΦΑΛ.
3055 5152 3128 5204 Δ’.

2218 5271 2282 5325 Τί
2318 5271 2454 5340 φής;
2490 5269 2641 5320 ποῖον
2664 5265 2867 5337 ἐρεύγῃ
2897 5263 3054 5330 λόγον
3079 5258 3189 5314 ἀπὸ
3221 5257 3448 5328 καρδίας
3474 5259 3572 5332 τῆς
3607 5261 3729 5333 σῆς,

2567 5423 2803 5477 “Exod.
2841 5439 2913 5488 ιν,
2945 5421 3038 5475 22.
3161 5421 3206 5450 ίδ
3243 5418 3262 5474 ι
3306 5421 3438 5490 Reg.
3479 5433 3627 5484 xxtv,
3673 5416 3725 5470 7.

1725 5625 1886 5682 ΔΝΤ.
1927 5626 2205 5682 AGELLll
2249 5626 2480 5682 ΝΟΤᾸΞ.

533 5785 638 5859 (ll)
665 5787 895 5846 Omnino
926 5785 1205 5857 legendum
1237 5791 1344 5848 est,
1374 5782 1572 5859 ᾀγίοις,
1599 5781 1848 5859 quamvis
1869 5781 2029 5859 codd.

2143 5783 2306 5838 etiam
2346 5781 2547 5836 habent
2581 5780 2791 5836 Hebraei
2827 5782 2984 5839 codd.
3021 5781 3172 5840 Isaiae
3224 5796 3345 5851 xm,
3384 5793 3438 5840 et
3483 5779 3726 5836 nonnulli

455 5852 773 5932 repugnent,
827 5860 906 5919 sic
954 5852 1186 5926 namque
1235 5854 1522 5924 requirunt
1567 5853 1896 5922 sequentia:
1951 5854 2031 5910 sic
2141 5853 2339 5920 Graeci,
2372 5852 2696 5924 ἡγιασμένοι
2721 5853 2848 5907 είσί.
