2075 3218
227 199 269 231 17
804 198 989 227 Αυγειιευδ
1008 196 1208 227 NESTORIUM
1229 197 1293 226 LIB.
1306 197 1340 226 II.
1834 202 1869 229 73

228 256 280 285 καὶ
293 256 344 284 οὐκ
356 252 413 284 ἀπὺ
423 254 558 292 πόματος
567 255 681 292 Κυρίου,
691 255 763 283 κατὰ
777 255 807 282 =6
823 256 1027 292 γεγραμμένον;

1086 259 1139 289 tuo,
1155 263 1208 284 non
1221 256 1255 283 ab
1269 263 1317 284 ore
1330 255 1447 288 Domini,
1462 260 1491 283 ut
1510 257 1639 291 scriptum
1652 261 1693 285 est
1708 257 1727 273 ”
1741 257 1751 284 ?
1763 267 1772 284 ι
1786 258 1872 286 Nemo

231 312 244 329 α
256 302 354 335 υύδεὶς
362 301 440 338 λέγει
454 301 581 338 ἀνάθεμα
587 302 701 338 Ἰησοῦν,
712 303 737 329 εί
749 302 787 338 μὴ
798 304 826 329 ἐν
837 302 1028 335 Βεελζεὸούλ.»

236 348 284 381 Ὠς
305 347 340 376 ἂν
362 349 450 376 νοοῖτο
465 348 560 384 τυχὸν,
577 348 594 384 ἢ
611 348 717 383 λέγοιτο
742 349 809 384 πρὸς
833 349 910 385 ἡμῶν
933 349 1001 381 Θεὸς
1017 349 1032 376 6

229 396 351 431 Μωσῆς,
368 396 441 424 οὕτω
456 396 504 424 καὶ
518 397 533 424 6
544 396 679 431 Χριπός;
695 396 757 423 καθ’
773 397 922 432 ὁμοιότητα
937 397 967 423 δὲ
983 396 1031 433 τὴν

231 441 304 477 πρὸς
315 450 350 476 γε
362 441 408 469 τδν
422 441 534 478 Ἰσραὴλ
543 442 587 477 εἴη
603 441 637 468 ἃν
651 441 699 469 καὶ
708 442 783 474 υίός;
797 442 857 469 εἰπέ
869 450 925 477 μοι·
936 443 968 468 Ὢ
982 442 1031 476 τῆς

229 487 412 521 δυσσεϐείας·
433 487 457 515 ὢ
468 488 558 523 λόγων
573 488 762 524 ὴφειδηκότων
779 489 829 523 τῆς
846 488 892 515 τοῦ
905 489 1031 524 Σωτῆρος

230 533 316 570 ἡμῶν
332 532 550 569 κατεπαίρεσθαι
571 532 664 567 δόξης·
682 533 705 559 ὢ
719 533 870 568 δυσμαθίας
889 534 1009 569 ἀκράτου
1022 552 1030 566 ,

231 579 283 606 καὶ
303 578 396 606 πάντα
411 578 533 614 νικώσης
550 578 643 611 ὄκνον,
660 578 708 605 τὸν
721 579 769 605 ἐπὶ
789 579 820 605 τὸ
841 579 940 614 χρῆναί
960 588 1031 614 φημι

229 623 291 652 τῶν
313 617 375 659 τῆξ
396 623 563 659 Ἐκκλησίας
586 624 730 659 δογμάτων
753 624 869 656 ἀνοσίως
892 625 1031 659 καταθρα-

232 667 385 696 σύνεσοαιί
398 667 530 695 Ψαλλέτω
544 668 591 695 καὶ
608 668 656 695 νῦν
670 669 684 695 6
700 668 836 704 μακάριος
852 669 934 695 Δαϐίδ
944 677 951 683 ·
971 678 980 695 ι
1000 670 1031 696 Οἱ

230 714 331 751 ἐχθραὶ
346 714 452 750 Κυρίου
465 713 616 749 ἐψεύσαντο
639 714 725 750 αὐτῷ.
744 724 753 740 ι
770 714 869 750 Μωσῆς
887 715 936 750 μὲν
950 715 1004 750 γὰρ
1018 717 1032 742 6

230 760 393 792 θεσπέσιος,
407 759 552 796 ἄνθρωπος
575 757 610 795 ἦν
625 760 687 787 καθ’
707 761 781 796 ἡμᾶς
799 760 848 796 τὴν
870 761 966 795 φύσιν,
983 762 1032 788 καὶ

227 805 331 841 ῑτερον
362 804 451 833 οὐδέν.
485 804 594 840 Ἐπειδὴ
613 804 642 832 δὲ
661 805 728 832 Θεοῦ
745 805 886 839 λέγοντος·
906 815 916 831 ‹
934 806 1029 841 Δεῦρο,

228 850 392 879 immo
411 858 442 877 σε
464 851 534 887 πρὸς
552 851 654 887 Φαραὼ
670 851 784 886 βασιλέα
808 851 962 886 Αἰγύπτου,
984 850 1048 880 καῖ

228 897 345 932 Ws;
372 898 438 930 τοὺς
465 898 542 930 υἱοὺς
575 897 684 934 Ἰσραὴλ
711 898 744 924 ἐκ
771 898 822 933 γῆς
848 898 998 932 Αἰγύπτου·
1018 907 1027 923 ι

1083 303 1147 331 dicit
1168 303 1312 330 anathema
1332 301 1434 334 Iesum.
1457 303 1509 330 nisi
1533 303 1559 330 in
1580 303 1730 332 Beelzebub
1749 305 1781 331 ".
1804 314 1813 331 ›
1835 304 1872 333 Ut

1083 348 1251 384 intelligitur,
1276 348 1348 375 verbi
1366 348 1450 383 gratia
1462 369 1470 382 ,
1487 353 1533 375 aut
1551 348 1651 376 dicitur
1669 357 1683 376 a
1707 350 1786 378 nobis
1805 351 1872 379 deus

1083 394 1140 428 ipse
1156 393 1255 426 Moses,
1267 393 1306 421 sic
1319 393 1401 421 etiam
1411 394 1556 422 Christus?
1568 394 1620 430 41
1632 395 1715 427 itane,
1738 396 1781 424 dic
1793 396 1871 429 mihi,

1083 439 1117 466 ad
1128 439 1333 466 similitudinem
1342 438 1449 466 lsraelis
1460 443 1501 466 est
1513 439 1595 466 etiam
1608 439 1696 467 ﬁlius?
1705 439 1727 467 0
1736 447 1870 468 summam

1084 485 1260 520 impietatem,
1275 491 1293 513 0
1310 485 1392 512 verba
1406 492 1466 519 qua:
1482 492 1533 512 nec
1550 484 1636 519 ipsius
1654 485 1803 514 Salvatoris
1820 495 1872 514 no-

1082 530 1132 557 slri
1150 530 1261 565 gloriam
1275 531 1429 565 deprimere
1444 535 1589 564 verentur;
1611 538 1627 558 ο
1642 531 1800 559 elTrenatam
1821 532 1872 560 im-

1083 576 1207 610 peritiam
1224 580 1252 603 et
1267 580 1379 609 tantam,
1397 580 1426 603 ut
1441 577 1551 604 minime
1566 576 1724 605 reformidet
1742 578 1874 606 adversus

1083 621 1211 648 Ecclesia:
1236 621 1362 657 dogmata
1389 621 1473 656 impie
1502 626 1529 649 et
1562 623 1693 649 audacter
1718 622 1872 659 insurgere.

1082 666 1183 694 Psallat
1200 675 1272 695 nunc
1290 675 1398 703 quoque
1415 669 1513 696 beatus
1538 668 1623 696 David
1642 678 1648 695 :
1668 668 1799 696 c‘luimici
1817 669 1873 697 Do-

1083 712 1149 739 mini
1165 713 1269 740 mentiti
1291 718 1354 741 sunt
1369 714 1393 740 ei
1406 714 1438 740 ".
1454 722 1465 740 ›
1487 713 1555 741 Nam
1573 713 1667 742 beatus
1688 714 1775 742 Moses
1792 715 1874 742 homo

1082 764 1150 791 erat,
1170 767 1202 786 ex
1226 764 1320 787 natura
1336 760 1433 787 similis
1458 761 1546 793 nobis,
1564 760 1632 787 nihil
1645 766 1790 795 przelerea.
1805 761 1876 794 Quia

1083 811 1147 831 vero
1160 805 1265 832 dicente
1282 806 1335 832 Deo
1351 814 1357 832 :
1376 815 1385 831 ι
1401 805 1480 838 Veni,
1494 806 1599 832 mittam
1616 812 1642 833 te
1655 806 1688 832 ad
1705 806 1874 834 Pharaonem

1084 857 1173 885 regem
1187 850 1307 886 Egypti,
1323 856 1350 879 et
1362 851 1460 878 educes
1476 851 1546 879 ﬁlios
1558 850 1641 879 lsrael
1659 852 1691 878 dc
1707 856 1778 879 terra
1790 851 1875 887 Egy-

1082 897 1120 931 pti
1136 897 1158 912 '°
1172 904 1178 922 :
1196 906 1205 922 ι
1223 905 1271 931 pro
1286 898 1429 925 recusandi
1444 897 1588 924 occasione
1603 897 1782 931 exiguitatem
1800 897 1876 924 vocis

228 945 431 980 παραιτήσεως
459 943 589 979 ἀφορμὰς
615 932 736 971 ἐποιεῖτο
763 932 813 979 τὴν
849 944 1028 979 ίχνομυθίαν,

1086 942 1213 976 obtendit,
1233 948 1360 970 causatus
1375 943 1445 978 quod
1466 943 1578 970 minime
1599 948 1673 971 esset
1695 943 1825 978 eloquens
1840 943 1876 970 ab

229 989 283 1018 καὶ
298 989 330 1016 τὸ
348 989 387 1025 μὴ
402 987 515 1021 εὒλαλος
529 985 601 1016 εἶναι
611 1008 619 1020 ,
635 989 687 1024 πρὸ
702 988 751 1024 τῆς
764 988 838 1023 χθὲς,
856 989 902 1015 καὶ
914 989 967 1024 πρὸ
980 990 1030 1024 τῆς

230 1034 351 1071 τρίτης,
373 1034 476 1070 ἢκουσε
501 1033 570 1061 Θεοῦ
594 1034 732 1068 λέγοντος·
752 1044 761 1060 ι
785 1034 850 1061 Ἰδοὺ
876 1034 979 1062 δέδωκά
1000 1043 1030 1061 σε

233 1078 296 1108 ῢεδν
311 1079 431 1116 Φαραώ·
450 1080 497 1106 καὶ
518 1079 624 1116 ’Δαρὼν
643 1080 657 1106 6
678 1080 792 1114 ἀδελφός
819 1089 866 1106 σου
891 1080 967 1107 ἔσται
989 1089 1030 1107 σοι

220 1124 390 1162 ’διετῆ-8ης.
406 1133 416 1150 ι
441 1125 574 1160 ’Δδρανὴς
594 1125 644 1160 μὲν
666 1126 719 1161 γὰρ
742 1126 756 1151 6
773 1126 854 1160 νόμος
868 1127 909 1158 εἰς
923 1125 952 1152 τὺ
976 1126 1030 1152 ἀπ-

236 1171 378 1206 αλλάττειν
392 1171 525 1199 δύνασθαί
545 1180 609 1199 τινα
630 1172 682 1208 τῆς
703 1172 755 1199 ὑπὸ
775 1172 814 1207 τῷ
835 1172 949 1207 διαϐόλῳ
971 1172 1032 1198 δου-

233 1217 319 1250 λείας.
346 1217 550 1250 Μεσιτεῠοντος
580 1217 608 1244 δὲ
633 1217 679 1244 τοῦ
712 1217 844 1254 Χριστοῦ,
876 1218 922 1244 καὶ
940 1218 1032 1249 ,τοῦτο

231 1262 430 1301 κατώρθωται.
446 1263 583 1299 Καθάπερ
604 1263 699 1298 ἀμέλει
717 1264 843 1295 συνόντος
855 1263 885 1290 τὸ
902 1263 1031 1294 τηνικάδε

230 1309 284 1337 τοῦ
301 1308 412 1345 ’Λαβὼν
427 1308 468 1345 τῷ
485 1308 624 1345 θεσπεσίῳ
638 1310 724 1345 Μωσῇ
737 1330 745 1342 ,
776 1310 826 1344 τῆς
849 1310 878 1336 ἐν
901 1309 1032 1344 Αἰγύπτῳ

230 1355 362 1388 δουλείας
380 1355 397 1383 6
427 1355 538 1391 Ἰσραὴλ
559 1355 764 1391 ἀπηλλάττετο·
788 1355 882 1390 ἐπειδὴ
908 1355 936 1381 δὲ
962 1354 1032 1381 κατὰ

229 1392 353 1437 καιροὺς
374 1400 489 1437 ἔμελλιν
503 1401 518 1427 6
531 1400 650 1436 Χριστὸς
669 1400 795 1434 γενέσθαι
812 1400 859 1427 καὶ
875 1400 928 1426 ὑπὸ
940 1400 1032 1435 νόμον,

229 1446 272 1480 ὥς
292 1446 359 1474 καθ’
379 1447 454 1482 ἡμᾶς
477 1455 508 1474 τε
532 1446 580 1473 καὶ
603 1446 765 1482 ἄνθρωπος,
783 1446 902 1473 τέθειταί
928 1454 987 1477 πως
1004 1446 1032 1471 ἐν

229 1493 378 1529 δευτέροις
399 1491 449 1520 τοῦ
469 1492 593 1524 Μωσέως
622 1494 637 1519 6
663 1492 785 1528 Ἀαρών·
805 1493 854 1519 καὶ
875 1493 888 1519 ὁ
916 1492 966 1525 μὲν
985 1490 1032 1517 τοῦ

231 1538 393 1576 μυστηρίου
407 1538 613 1572 λόγος,οὑτοσί.
634 1538 707 1574 Πλὴν
723 1538 747 1564 εἰ
766 1537 853 1564 Eiet-:6
868 1546 910 1568 τις
922 1537 1033 1563 κάκεῖνο

230 1586 336 1619 θεαῖν,
349 1585 390 1618 ὡς
403 1586 438 1621 τῇ
452 1583 501 1611 τοῦ
517 1583 585 1611 Θεοῦ
605 1584 700 1619 κλήσει
721 1584 769 1610 καὶ
786 1585 799 1610 ὁ
826 1583 913 1619 μέγας
930 1584 1033 1629 ἐκεῖνος
1048 1598 1070 1629 C

230 1631 386 1669 τετίμηται
397 1630 519 1667 Μωσῆς,
540 1630 613 1657 κατὰ
630 1630 660 1657 τὸ
677 1630 765 1657 κοινὸν
781 1630 813 1665 δὴ
826 1630 915 1661 τοῦτο,
932 1629 981 1655 καὶ
995 1628 1033 1660 ὡς

230 1679 264 1706 tv
279 1677 377 1715 χάριτι
390 1678 437 1704 καὶ
453 1676 596 1713 φιλοτιμίᾳ
611 1678 644 1712 τῇ
656 1676 733 1712 παρὰ
746 1676 814 1702 Θεοῦ
828 1676 858 1702 τὸ
873 1676 940 1711 πρὸς
958 1675 1033 1710 ἡμᾶς

231 1723 397 1761 εἰρημένον·
413 1733 423 1750 ι
434 1722 506 1758 Ἐγὼ
520 1720 599 1750 εἶπα·
613 1723 676 1749 Θεοί
690 1723 762 1754 ἐστε,
774 1722 822 1748 καὶ
835 1721 889 1748 υἱοὶ
905 1721 1034 1755 Ὑψίστου

231 1766 382 1803 ’ἐῶντες-ἰ
398 1767 453 1806 ἄρα
465 1770 513 1797 καὶ
525 1769 597 1796 οὕτω
609 1768 675 1800 Θεὸς
688 1769 702 1795 6
713 1768 831 1804 Χριστός
842 1777 848 1801 ;
866 1768 964 1794 Καίτοι
976 1767 1034 1799 πῶς

231 1816 267 1843 οὗ
286 1815 376 1852 μανία
393 1814 472 1843 τοῦτό
485 1823 528 1850 γε,
546 1816 593 1841 καὶ
605 1814 703 1850 φρενὸς
721 1813 844 1848 ἀμαθοῦς
866 1813 1035 1848 ἀπόϐρασμα

233 1861 336 1896 um;
358 1860 390 1888 '0
406 1860 456 1897 μὲν
470 1860 536 1896 γὰρ,
553 1859 590 1891 ὡς
610 1859 689 1894 ἔφην,
714 1858 779 1894 ψιλῇ
806 1858 853 1885 καὶ
878 1858 947 1893 μόνῃ
963 1857 1036 1883 τετί-

234 1916 326 1944 μηται
351 1906 461 1943 κλήσει,
473 1906 524 1942 τὴν
542 1905 623 1941 φύσιν
645 1905 788 1941 ἄνοριοπος
803 1904 857 1931 ὢν·
883 1905 897 1931 6
923 1904 951 1930 δὲ
975 1904 1036 1930 ἐστὶ

233 1951 307 1985 Θιδς
327 1951 456 1987 άληθῶς*
473 1951 541 1983 Θεὸς
557 1951 611 1986 γὰρ
625 1948 659 1986 ἦν
683 1951 697 1977 6
720 1951 804 1985 Λόγος
830 1951 859 1976 ἐν
876 1950 1036 1988 ἀνθρωπεία

233 1999 336 2036 μοργῇ
348 2018 356 2030 ,
380 1998 430 2034 τῆς
454 1997 524 2030 ἰδίας
540 1997 648 2032 φύσεως
670 1997 719 2032 τὴν
735 1997 807 2023 κατὰ
823 1996 934 2023 πάντων
950 1996 1036 2031 ὑπερ-

232 2046 305 2082 οχὴν
325 2044 512 2080 ἁδιαλώδητον
527 2043 597 2080 ἔχων
607 2052 614 2059 ·
629 2044 659 2070 οὒ
676 2043 731 2079 γὰρ
747 2043 779 2070 ἂν
795 2044 824 2070 ὲν
841 2043 1035 2078 παρατροπαῖς

232 2093 300 2123 ταῖς
317 2090 366 2118 ἰπὶ
380 2090 412 2118 τὸ
427 2091 519 2126 χιϊρον
531 2091 549 2125 ἡ
562 2089 622 2116 θεία
644 2089 750 2124 γένοιτο
764 2089 845 2123 φύσις
858 2107 865 2120 ,
882 2088 927 2114 διά
940 2096 972 2122 γε
987 2087 1034 2114 τοῦ

233 2136 405 2167 καθικέσθαι
420 2136 489 2172 πρὸς
504 2135 646 2163 κοινωνίαν
662 2136 777 2171 αἵματος
794 2135 840 2161 καὶ
858 2134 974 2169 σαρκός·
990 2134 1038 2160 καὶ

231 2184 306 2219 γοῦν
318 2183 358 2217 ὡς
372 2182 439 2215 Bob;
451 2181 662 2216 ἐπιγινώσκεται
677 2181 724 2208 καὶ
737 2181 880 2217 ἄνθρωπος
891 2180 1017 2215 πεφηνώς
1030 2188 1035 2193 ”

234 2229 289 2256 καὶ
303 2227 402 2256 τούτου
418 2227 507 2264 σαφὴς
525 2226 662 2259 ἀπόδειξις
680 2226 715 2253 τὰ
736 2227 764 2253 ὲν
783 2228 838 2258 τοῖς
861 2225 1037 2260 Εὐαγγελίοις

1083 987 1141 1015 heri
1157 993 1183 1015 et
1198 988 1295 1016 nudius
1308 989 1414 1022 tertius,
1428 989 1487 1016 ideo
1499 988 1583 1016 Deum
1598 989 1731 1016 dicentem
1745 988 1849 1016 audivit
1865 997 1874 1016 :

1085 1042 1094 1057 ι
1109 1032 1177 1060 Ecce
1198 1034 1257 1061 dedi
1283 1038 1308 1061 te
1331 1034 1410 1061 deum
1434 1034 1593 1067 Pharaonis,
1618 1038 1645 1061 ct
1673 1034 1764 1061 Aaron
1790 1034 1876 1062 frater

1084 1084 1144 1106 tuus
1157 1079 1210 1106 erit
1228 1079 1276 1106 tibi
1290 1079 1425 1113 interpres
1440 1080 1473 1105 ".
1490 1088 1499 1105 ι
1520 1079 1630 1106 inﬁrma
1647 1087 1765 1114 namque
1780 1084 1822 1107 est
1833 1080 1876 1107 lex

1083 1125 1116 1151 ad
1137 1124 1291 1159 quempiam
1310 1132 1324 1151 a
1348 1124 1448 1152 diaboli
1467 1126 1600 1152 servitute
1615 1125 1797 1152 liberandum.
1820 1125 1875 1153 Sed

1083 1169 1109 1197 id
1126 1177 1235 1205 quoque
1252 1170 1402 1198 mediatore
1414 1170 1526 1198 Christo
1546 1170 1696 1206 perfectum
1711 1175 1764 1204 est,
1778 1178 1876 1206 quem-

1083 1214 1228 1242 admodum
1243 1215 1347 1242 scilicet
1358 1222 1390 1242 eo
1403 1219 1523 1248 tempore
1536 1215 1562 1242 in
1575 1213 1694 1249 Egypto
1710 1222 1772 1242 cum
1797 1216 1877 1242 beato

1084 1259 1151 1287 Mosi
1167 1260 1224 1295 ipse
1237 1261 1328 1288 Aaron
1346 1260 1442 1288 fuisset
1460 1260 1614 1295 adjunctus,
1633 1260 1713 1288 Israel
1729 1266 1771 1287 est
1786 1268 1800 1287 a
1817 1268 1876 1288 ser-

1084 1306 1169 1333 vitute
1186 1306 1326 1334 liberatus.
1342 1306 1394 1333 Sed
1410 1306 1472 1341 quia
1487 1313 1615 1333 successu
1630 1311 1783 1341 temporum
1800 1306 1876 1346 l‘utu-

1085 1360 1143 1379 rum
1159 1357 1218 1379 erat
1234 1357 1264 1379 ut
1279 1352 1404 1380 Christus
1424 1353 1507 1380 etiam
1525 1353 1576 1380 sub
1598 1352 1657 1388 lege
1677 1353 1765 1384 ﬁeret,
1783 1357 1877 1387 utpote

1085 1398 1170 1425 nostri
1188 1399 1287 1426 similis
1310 1403 1337 1426 et
1354 1400 1445 1431 homo,
1475 1399 1535 1426 ideo
1557 1403 1619 1434 post
1644 1399 1735 1427 Mosen
1757 1400 1876 1427 secundo

1084 1443 1143 1471 loro
1159 1445 1262 1478 positus
1276 1449 1318 1472 est
1328 1445 1431 1471 Aaron.
1445 1445 1533 1479 Atque
1549 1445 1606 1472 haec
1623 1449 1665 1472 est
1683 1445 1790 1479 quidem
1808 1445 1877 1472 ratio

1085 1490 1218 1524 mysterii.
1239 1490 1292 1517 Sed
1314 1495 1403 1518 tamen
1419 1491 1441 1518 si
1462 1491 1523 1525 quis
1538 1491 1605 1518 velit
1626 1491 1691 1518 illud
1712 1499 1821 1526 quoque
1836 1492 1877 1519 di—

1085 1541 1156 1566 cere,
1176 1533 1268 1561 Mosen
1285 1534 1358 1561 illum
1375 1542 1499 1570 magnum
1515 1536 1601 1563 virum
1624 1536 1675 1564 hac
1697 1538 1739 1564 dei
1758 1537 1877 1573 appella-

1087 1579 1160 1607 tione
1176 1580 1257 1607 fuisse
1274 1580 1448 1613 honoratum,
1459 1580 1537 1616 juxta
1553 1588 1697 1609 commune
1713 1582 1789 1615 illud,
1806 1587 1832 1610 et
1844 1590 1877 1610 ex

1086 1625 1172 1660 gratia
1191 1630 1272 1660 atque
1286 1626 1487 1660 magniﬁcentia
1498 1627 1546 1654 Dei
1556 1627 1581 1654 in
1598 1635 1648 1654 nos
1662 1628 1762 1655 dictum
1779 1637 1786 1655 :
1799 1637 1809 1654 ι
1822 1629 1877 1663 Ego

1086 1671 1156 1698 dixi:
1170 1671 1208 1698 Dii
1222 1671 1301 1704 estis,
1315 1676 1342 1698 et
1356 1672 1402 1699 ﬁlii
1414 1672 1520 1699 Excelsi
1533 1680 1628 1700 omnes
1639 1674 1678 1699 ":
1693 1683 1702 1699 I
1717 1681 1780 1700 num
1796 1674 1877 1701 etiam

1087 1718 1137 1744 hoc
1150 1718 1229 1744 modo
1241 1718 1366 1744 Christus
1380 1722 1421 1745 est
1439 1718 1529 1745 Deus?
1543 1718 1602 1746 Jum
1619 1726 1682 1746 vero
1696 1719 1832 1753 quomodo
1850 1720 1878 1747 id

1088 1771 1140 1790 non
1155 1764 1190 1790 sit
1211 1763 1326 1795 insania,
1345 1768 1371 1791 et
1389 1763 1469 1791 inane
1492 1764 1581 1792 stultae
1602 1765 1700 1791 mentis
1715 1772 1878 1792 excremen-

1087 1810 1163 1838 tum?
1183 1809 1228 1837 llle
1249 1810 1334 1840 enim.
1351 1814 1379 1836 ut
1398 1810 1453 1844 jam
1471 1810 1536 1842 dixi,
1556 1811 1626 1837 nuda
1643 1814 1670 1837 et
1694 1810 1811 1845 simplici
1837 1815 1880 1840 est

1087 1855 1245 1882 honestatus
1258 1855 1448 1889 appellatione,
1459 1862 1520 1882 cum
1533 1855 1614 1882 homo
1626 1863 1658 1881 ex
1675 1859 1771 1882 natura
1786 1860 1877 1889 esset;

1088 1901 1134 1928 sed
1152 1901 1196 1928 hic
1213 1906 1255 1928 est
1269 1909 1332 1928 vere
1346 1901 1418 1929 Deus
1434 1900 1515 1936 (nam
1534 1901 1605 1929 Deus
1622 1905 1681 1929 erat
1697 1902 1833 1938 Verbum)
1852 1903 1877 1930 in

1089 1948 1204 1974 humana
1219 1947 1306 1974 l'orma
1320 1947 1504 1982 prastantiam
1519 1955 1576 1975 sua:
1593 1953 1697 1975 naturae
1707 1955 1758 1982 qua
1773 1947 1879 1975 cunctis

1088 1993 1206 2025 excellit,
1224 1992 1355 2027 integrann
1370 2000 1484 2020 servans
1499 2002 1506 2021 :
1525 2000 1612 2028 neque
1630 1993 1702 2020 enim
1721 1998 1819 2020 natura
1835 1993 1876 2020 di-

1088 2037 1151 2064 vina
1169 2044 1201 2064 ex
1218 2044 1250 2064 eo
1264 2037 1336 2072 quod
1350 2037 1491 2065 descendit
1503 2038 1536 2064 ad
1551 2038 1769 2065 communionem
1785 2038 1878 2066 carnis

1088 2087 1115 2111 et
1138 2083 1286 2118 sanguinis,
1317 2083 1342 2110 in
1369 2083 1446 2118 pejus
1474 2090 1592 2118 unquam
1617 2084 1733 2118 perverti
1759 2089 1847 2119 potest
1871 2094 1878 2111 :

1089 2129 1181 2164 itaque
1205 2129 1285 2156 etiam
1309 2137 1369 2156 cum
1396 2130 1476 2156 homo
1491 2129 1626 2164 apparuit,
1647 2134 1676 2157 ut
1696 2129 1766 2157 Deus
1789 2134 1878 2157 tamen

1090 2175 1257 2209 agnoscitur,
1268 2174 1380 2209 ejusque
1396 2175 1433 2202 rei
1448 2175 1588 2210 perspicua
1604 2180 1668 2203 sunt
1682 2181 1839 2210 argumenta
1853 2176 1879 2203 in

1090 2221 1243 2257 Evangeliis
1253 2222 1286 2249 de
1296 2228 1329 2248 eo
1342 2221 1454 2256 scriptu.
1470 2219 1545 2248 Dixit
1555 2221 1625 2248 enim
1638 2220 1732 2248 beatus
1742 2220 1859 2248 Joannes
1872 2228 1880 2247 :

235 2277 308 2312 περὶ
332 2274 418 2304 αὑτοῦ
444 2274 638 2310 γεγραμμένα.
670 2274 744 2308 Ἔφη
773 2273 826 2308 γὰρ
854 2272 868 2298 6
894 2272 1034 2303 θεσπέσιος

1094 2277 1103 2294 ι
1116 2267 1183 2295 Cum
1201 2275 1268 2295 vero
1284 2271 1358 2295 esset
1380 2266 1576 2302 Hierosolymis
1593 2267 1620 2294 in
1638 2266 1682 2293 die
1701 2265 1782 2298 festo,
1803 2266 1882 2294 multi

242 2322 394 2358 Ἰωάννην
414 2330 425 2347 ε
448 2321 494 2352 Ὠς
514 2320 544 2347 δὲ
564 2318 597 2356 ἦν
613 2320 642 2347 ὲν
656 2320 713 2352 τοῖς
744 2318 938 2355 Ἰεροσολύμοις
953 2319 982 2344 ὲν
1003 2318 1037 2353 τῇ

235 2369 336 2405 δαμῇ,
353 2367 448 2396 πολλοὶ
466 2366 630 2394 ἐπίστευσαν
653 2366 694 2398 εἰς
707 2366 738 2392 τὸ
753 2365 838 2399 ὄνομα.
856 2363 949 2396 αὑτοῦ,
971 2363 1039 2390 θεω-

233 2414 356 2451 ροΰντις
371 2412 455 2442 αὑτοῦ
471 2411 506 2440 τὰ
523 2412 624 2447 σημεῖα
638 2410 657 2438 ἃ
678 2410 775 2438 ἐποίει.
791 2410 877 2441 Αὐτὸς
896 2409 923 2435 δὲ
946 2409 960 2435 6
987 2408 1040 2443 Ἰη-

234 2461 319 2494 “is,
343 2461 396 2488 οὐκ
418 2460 562 2487 ιπίστευεν
581 2458 678 2485 ἑαυτὸν
703 2457 794 2488 αὐτοῖς
807 2476 814 2489 ,
840 2456 885 2483 διὰ
904 2455 934 2482 τὸ
959 2455 1040 2482 αὐτὸν

234 2508 392 2546 γινώσκειν
409 2507 517 2535 πάντα*
545 2505 592 2534 καὶ
608 2505 649 2532 ὅτι
667 2505 697 2532 οὐ
723 2504 816 2540 χρείαν
832 2500 913 2538 εἶχεν,
940 2502 984 2529 ἵνα
999 2511 1040 2533 τις

235 2554 412 2593 μαρτυρήσῃ
427 2554 494 2590 περὶ
505 2552 553 2580 τοῦ
565 2552 711 2588 ἀνθρώπου
722 2560 729 2566 ·
743 2551 824 2583 αὐτὸς
837 2551 892 2586 γὰρ
908 2550 1040 2584 ἐγίνωσκε

233 2601 265 2630 si
277 2598 315 2637 ἦν
330 2601 362 2627 ιν
375 2598 416 2635 ’ιῷ
434 2598 583 2635 ἀνθρώπῳ.
599 2607 609 2624 ›
620 2596 716 2624 Καίτοι
729 2596 760 2622 τὺ
777 2595 896 2630 καθορᾷν
910 2593 1039 2621 δύνασθαι

235 2646 358 2684 καρδίαν
381 2645 491 2682 ἀνδρὸς,
506 2644 606 2671 εἰδέναι
622 2652 652 2670 τε
676 2642 712 2669 τὰ
733 2641 922 2677 κεκρυμμένοι,
942 2639 1041 2675 πρέποι

235 2693 276 2722 ἂν
289 2693 344 2720 οὐκ
357 2691 496 2728 ἀνθρώπῳ
513 2690 595 2718 ποθὲν
611 2689 665 2717 τῶν
675 2688 736 2716 καθ’
752 2688 825 2723 ἡμᾶς
836 2686 876 2713 ἑνί
887 2694 894 2701 ·
911 2686 969 2712 ἀλλ’
985 2685 1040 2712 οὐδ’

237 2740 276 2767 ἂν
305 2738 396 2775 ἑτέρῳ
413 2745 456 2773 τῳ
472 2736 528 2764 τῶν
559 2734 767 2770 πεποιημένων·
797 2732 869 2768 μόνῳ
893 2731 921 2758 δὲ
941 2731 1041 2766 μᾶλλον

236 2785 351 2821 ἐκείνῳ,
368 2783 399 2816 ὃς
420 2782 470 2811 καὶ
485 2782 592 2810 ’πλάται
602 2781 710 2815 λέγεται
725 2778 881 2809 καταμόνας
901 2777 949 2808 τὰς
972 2784 1040 2810 καρ-

275 2884 298 2901 "
311 2883 415 2912 larem.
430 2888 511 2913 "tu,
529 2879 572 2907 l6.
609 2878 650 2905 “l
665 2878 729 2905 Cor.
747 2884 796 2913 ιιιιὲ
823 2876 850 2913 '5.

246 2909 450 2953 “xxxiii?”
460 2909 541 2944 Joan.
559 2923 591 2948 ιι,
606 2913 702 2942 23-25.
740 2912 763 2928 "
779 2911 850 2938 Psal.
871 2918 958 2943 xxxu,
977 2909 1021 2936 l5.

890 2875 911 2890 ¹⁹
929 2874 999 2901 Psal'.
1017 2873 1154 2907 Lxx1,16.
1194 2871 1217 2888 ¹⁰
1233 2871 1317 2899 Exod.
1336 2878 1377 2902 ιιι,
1397 2869 1438 2898 l0.

1090 2314 1266 2341 crediderunt
1289 2313 1315 2340 in
1340 2312 1450 2340 nomine
1472 2312 1542 2347 ejus,
1569 2312 1695 2340 videntes
1716 2312 1793 2347 signa
1818 2319 1880 2347 quae

1091 2360 1209 2388 faciebat
1221 2368 1228 2393 ;
1244 2359 1300 2394 ipse
1311 2366 1375 2386 vero
1389 2357 1468 2386 Jesus
1480 2365 1534 2385 non
1544 2358 1672 2385 credebat
1682 2358 1802 2392 seipsum
1814 2359 1879 2392 illis,

1092 2407 1154 2441 quia
1172 2405 1229 2440 ipse
1244 2404 1347 2432 sciebat
1361 2404 1463 2436 omnia,
1480 2408 1507 2430 et
1527 2403 1590 2437 quia
1608 2410 1661 2430 non
1683 2410 1750 2438 opus
1765 2403 1883 2432 habebat

1093 2458 1122 2480 ut
1137 2453 1198 2487 quis
1221 2450 1405 2479 testimonium
1429 2449 1586 2485 perhiberet
1606 2450 1639 2477 de
1662 2450 1772 2477 homine
1795 2459 1801 2477 :
1825 2451 1883 2485 ipse

1093 2499 1166 2526 enim
1180 2497 1283 2525 sciebat
1305 2496 1369 2531 quid
1385 2500 1458 2523 esset
1471 2496 1498 2523 in
1514 2495 1623 2523 homine
1643 2496 1675 2523 ".
1695 2505 1705 2521 ι
1722 2496 1777 2531 52
1799 2496 1882 2530 Atqui

1094 2545 1231 2579 inspicere
1251 2551 1330 2578 posse
1348 2550 1395 2570 cor
1415 2542 1545 2576 hominis,
1563 2547 1590 2569 et
1602 2542 1709 2570 occulta
1724 2543 1807 2576 scire,
1828 2550 1883 2570 non

1095 2592 1142 2619 ulli
1162 2591 1265 2618 homini
1281 2590 1326 2625 qui
1346 2589 1381 2617 sit
1405 2590 1491 2617 nostri
1517 2588 1613 2616 similis
1635 2589 1771 2621 convenit,
1796 2596 1884 2624 neque

1095 2644 1160 2664 vero
1177 2636 1222 2662 ulli
1235 2635 1313 2662 alteri
1328 2640 1472 2666 creaturae,
1487 2635 1535 2661 sed
1551 2634 1587 2661 illi
1604 2634 1653 2661 soli
1671 2634 1812 2667 quietiam
1829 2634 1882 2661 lin-

1095 2690 1159 2718 gere
1173 2682 1273 2709 dicitur
1289 2680 1445 2716 singillatim
1470 2680 1551 2707 corda
1567 2683 1660 2707 nostra
1671 2679 1704 2706 “.
1724 2678 1779 2706 [loc
1803 2679 1826 2707 si
1847 2680 1882 2707 ita

1095 2731 1147 2761 est,
1163 2733 1282 2761 quonam
1297 2726 1377 2752 modo
1391 2725 1448 2752 sola
1464 2731 1496 2752 ac
1510 2723 1626 2758 simplici
1640 2724 1820 2759 appellatione
1833 2725 1883 2752 ho-

1096 2777 1208 2800 noratus
1219 2776 1259 2799 est
1274 2770 1443 2804 Emmanuel,
1462 2774 1492 2797 ut
1507 2769 1619 2805 perinde
1637 2777 1670 2797 ac
1684 2769 1772 2798 Moses
1792 2770 1884 2805 appel-

1486 2870 1507 2885 ²¹
1525 2869 1607 2898 Exod.
1632 2878 1682 2904 vn,
1701 2870 1726 2897 1.
1770 2871 1793 2887 ¹¹
1807 2869 1879 2898 Psal.

1840 2915 1847 2941 l
