4150 6442
424 395 487 452 79
1426 388 1484 444 s.
1529 374 1803 447 cYnILLI
1841 384 2317 444 ALEXANDltINI
2357 384 2681 445 ARCHlEP.
3650 386 3719 454 so

426 515 565 569 letur
598 512 762 578 Deus,
790 522 844 567 et
879 524 983 567 non
1019 510 1199 582 potius
1245 510 1298 566 id
1328 525 1457 565 vere
1501 512 1573 566 sit
1610 512 1755 582 quod
1785 525 1906 565 esse
1933 511 2014 565 di—

2116 509 2235 575 6ia;
2266 509 2443 581 ἡμῶν.
2485 505 2615 563 Εἶτα
2646 508 2762 573 πιῖις
2787 508 2918 581 ψιλῇ
2951 509 3047 563 καὶ
3077 509 3216 583 μόνῃ
3252 511 3545 585 τετίμηται
3588 511 3722 586 κλὴο

425 607 600 661 citnr?
635 605 864 660 Rursum
894 605 959 661 de
982 619 1048 659 eo
1077 601 1272 659 scribit
1300 602 1352 655 in
1392 602 1536 657 hunc
1573 604 1790 657 modum
1838 601 2008 657 Joan-

426 713 521 755 nes
549 716 564 753 :
594 718 614 751 ι
645 697 816 763 Quem
844 696 993 751 enim
1040 695 1191 750 misit
1227 694 1389 762 Deus,
1420 694 1583 749 verba
1614 694 1707 749 Dei
1753 695 2014 764 loquitur,

423 801 479 846 et
502 805 607 845 non
631 791 698 844 ad
732 802 1038 845 mensuram
1066 789 1160 842 dat
1188 786 1450 857 Spiritum
1480 786 1547 840 ".
1580 805 1598 838 ι
1626 785 1888 857 Intelligis
1917 787 2022 857 igi-

425 894 515 939 tur
560 881 1016 952 quemadmodum
1067 880 1233 935 verba
1289 880 1382 933 Dei
1433 878 1713 948 loquatur,
1765 880 2020 949 quamvis

425 977 587 1032 homo
615 975 844 1046 perinde
879 989 944 1029 ac
985 987 1084 1029 nos
1120 971 1565 1027 videaturi-nam
1597 971 1699 1025 soli
1728 980 1783 1027 et
1822 987 2018 1028 secun-

425 1070 554 1124 dum
580 1077 833 1123 naturam
868 1081 933 1123 ac
966 1080 1095 1122 vere
1126 1065 1236 1120 Deo
1266 1072 1525 1133 tanquam
1563 1063 1821 1118 eximium
1855 1078 2015 1134 supra

422 1158 608 1215 omnia
644 1167 827 1214 creata
858 1155 1119 1212 convenit
1149 1153 1311 1209 etiam
1346 1152 1507 1207 verba
1553 1166 1710 1222 posse
1750 1154 2019 1223 perlicere

424 1252 569 1323 quod
589 1251 639 1307 ei
669 1249 955 1321 placuerit,
987 1258 1043 1305 et
1074 1242 1518 1316 sancti'Spiritus
1560 1245 1858 1317 participes
1897 1243 2017 1302 edi-

425 1357 553 1400 cere
599 1342 852 1398 homines
904 1340 1008 1395 nde
1053 1337 1404 1409 jnsriﬂcatos.
1440 1334 1613 1391 Porro
1667 1335 1784 1392 hac
1832 1335 2015 1392 omnia

425 1443 607 1497 inesse
631 1437 856 1495 Christo
883 1436 1113 1506 quisque
1136 1433 1326 1488 videre
1365 1438 1545 1503 potest
1573 1449 1587 1486 :
1622 1430 1840 1502 leproso
1864 1445 2017 1484 nam-

423 1545 531 1603 que
562 1529 716 1595 dixit,
744 1548 764 1580 ι
793 1526 953 1591 Volo,
983 1523 1347 1588 mundare";
1379 1540 1400 1576 ι
1429 1521 1604 1577 viduae
1634 1535 1850 1593 quoque
1881 1520 2015 1586 lilio,

429 1641 448 1675 ι
481 1620 835 1684 Adolescens,
868 1617 961 1672 tibi
995 1616 1139 1680 dico,
1168 1629 1329 1686 surge
1346 1614 1419 1668 ⁸⁷.
1450 1631 1471 1666 ι
1518 1613 1820 1684 Participes
1849 1613 2016 1667 etiam

422 1713 601 1769 sancti
649 1711 886 1781 Spiritus
939 1706 1232 1779 discipulos
1288 1721 1419 1762 suos
1463 1705 1678 1773 ell‘ecit;
1729 1703 2020 1761 insulilavit

421 1807 570 1863 enim
594 1805 646 1859 in
671 1818 764 1859 eos
790 1802 979 1857 dicens
1004 1818 1018 1855 :
1048 1818 1069 1853 ι
1095 1799 1338 1870 Accipite
1359 1797 1622 1868 Spiritum
1639 1807 1886 1853 sanctum
1902 1798 2010 1852 ".i

2126 618 2209 656 σει
2254 602 2395 656 κατᾶ
2439 602 2643 655 Μωσέα
2689 600 3043 674 χρηματίζων
3077 601 3209 665 Θεὸς
3246 604 3276 656 6
3333 604 3719 677 Ἐμμανουηλο

2122 695 2217 748 καὶ
2245 693 2366 765 οὐχὶ
2400 694 2464 764 δὴ
2518 694 2716 763 μᾶλλον
2752 693 3014 765 ὑπάρχων
3046 694 3204 749 τοῦτο
3246 696 3389 750 κατὰ
3436 696 3716 769 ἀλήθειαν,

2119 786 2259 855 ὅπερ
2287 781 2425 839 εἶναι
2458 784 2553 837 καὶ
2583 783 2830 853 λέγεταις
2861 785 3066 856 Γράφει
3097 785 3247 839 οὕτω
3281 786 3443 840 πάλιν
3471 788 3500 841 6
3535 788 3720 843 Ἰωάν-

2120 894 2219 948 νης
2263 878 2393 947 περὶ
2427 875 2623 929 αὐτοῦ’
2661 894 2680 927 ι
2727 878 2824 929 ’ον
2867 877 2977 947 γὰρ
3020 877 3343 931 ἀπέστειλεν
3372 881 3401 933 6
3462 880 3615 943 Θεὸς,
3649 880 3719 934 τὰ

2123 970 2346 1039 ῥήματα
2374 966 2470 1021 τοῦ
2500 966 2636 1021 Θεοῦ
2682 967 2868 1021 λαλεῖ·
2906 969 3004 1022 καὶ
3045 969 3147 1022 οὐκ
3190 971 3255 1024 ἐκ
3290 971 3490 1042 μέτρου
3535 972 3718 1025 δῖδωσι

2120 1060 2182 1114 τὸ
2223 1059 2468 1131 Πνεῦμα.
2509 1078 2529 1112 ι
2568 1060 2778 1125 Συνιεὶς
2825 1061 2936 1132 Ilo.
2986 1062 3208 1129 συνίεις,
3256 1063 3316 1132 ἢ,
3369 1064 3580 1138 συνίης]
3625 1061 3718 1120 οὖν
3760 1132 3765 1135 τ

2120 1154 2289 1220 ὅπως,
2320 1152 2500 1207 καίτοι
2536 1152 2661 1206 καθ’
2687 1154 2837 1224 ἡμᾶς
2870 1152 3147 1226 ὁρώμενος
3174 1155 3481 1227 ἄνθρωπος,
3528 1158 3595 1211 τὰ
3623 1158 3720 1229 ρή.

2125 1259 2271 1314 ματα
2298 1242 2393 1296 τοῦ
2415 1242 2551 1297 Θεοῦ
2580 1243 2765 1311 λαλεῖς
2796 1243 2918 1315 Θεῷ
2946 1245 3056 1316 γὰρ
3092 1245 3241 1317 μόνῳ
3281 1246 3360 1318 τῷ
3387 1248 3525 1301 κατὰ
3558 1248 3720 1313 φύσιν

2124 1334 2220 1387 καὶ
2256 1332 2496 1404 άληθῶς,
2527 1334 2729 1406 πρέποι
2772 1333 2840 1388 ἂν
2882 1335 2956 1399 ὼς
3007 1335 3283 1407 ἐξαίρετον
3319 1338 3414 1391 καὶ
3448 1339 3586 1411 ὑπὲρ
3618 1339 3719 1411 τὴν

2123 1425 2324 1488 κτίσιν,
2364 1424 2426 1478 τὸ
2471 1425 2567 1479 καὶ
2613 1428 2817 1497 ῥήματι
2845 1425 3106 1481 δύνασθαι
3140 1429 3438 1500 κατορθοῦν
3468 1431 3530 1484 τὸ
3576 1432 3718 1488 κατά

2122 1517 2350 1588 γνώμην
2400 1515 2569 1587 αὐτῷ,
2622 1517 2717 1570 καὶ
2768 1518 3027 1587 μετόχους
3078 1519 3362 1574 ἀποτελεῖν
3410 1521 3505 1575 τοῦ
3559 1523 3717 1591 ἁγίου

2093 1606 2465 1691 ’Πνεῦματοῆ
2519 1606 2647 1670 τοὺς
2683 1608 2740 1659 ἐν
2776 1606 2961 1660 πίστει
3004 1606 3465 1679 δεδικαιομένους.
3512 1612 3643 1667 Ἰδοι
3673 1611 3719 1665 δ’

2122 1696 2189 1753 ἄν
2214 1717 2299 1764 τις
2341 1702 2400 1752 ὲν
2427 1699 2638 1762 τούτοις
2676 1699 2812 1753 ὂντα
2858 1700 3118 1771 Χριστόν.
3164 1702 3307 1772 Ἔφη
3359 1703 3459 1769 μὲν
3486 1703 3596 1776 γάρ
3641 1703 3720 1777 τῷ

2121 1790 2309 1862 λεπρῷ
2325 1806 2341 1821 ·
2360 1808 2380 1842 ι
2406 1790 2580 1854 Θέλω,
2594 1790 2958 1862 καθαρίσθητι
2977 1807 2993 1822 ·
3029 1811 3048 1845 ι
3068 1791 3148 1865 τῷ
3171 1793 3228 1846 δὲ
3253 1794 3352 1867 τῆς
3378 1797 3556 1867 χήρας
3580 1798 3683 1869 υἱῷ
3700 1813 3717 1832 '

424 1898 551 1954 llaec
578 1912 700 1953 cum
740 1896 811 1950 ita
842 1894 975 1961 sint,
1011 1890 1283 1964 quomodo
1327 1892 1419 1946 ille
1456 1891 1550 1962 qui
1594 1897 1708 1945 tam
1764 1890 2014 1947 sublimis

2126 1902 2145 1935 ι
2193 1883 2486 1950 Νεανίσκε,
2520 1883 2603 1937 σοὶ
2634 1883 2797 1952 λέγω,
2834 1884 3115 1956 ἐγέρθητι.
3166 1904 3185 1937 ι
3215 1887 3492 1960 Μετόχους
3529 1889 3585 1943 δὲ
3620 1889 3717 1946 τοῦ

421 2000 527 2056 est,
556 1988 645 2059 qni
674 1986 873 2042 divinis
899 1984 1196 2041 honoribus
1216 1994 1463 2049 ornatus,
1488 1982 1715 2053 perinde
1746 1997 1810 2038 ac
1834 1981 2014 2038 Moses

421 2083 564 2139 Deus
596 2078 739 2137 erit?
766 2078 930 2148 Cujus
958 2076 1104 2132 enim
1133 2075 1238 2129 iste
1276 2089 1373 2129 cor
1408 2074 1557 2129 novit
1577 2075 1602 2127 ἲ
1630 2074 1753 2143 quis
1784 2074 2014 2129 credidit

420 2178 475 2231 in
507 2174 728 2230 nomine
754 2170 915 2242 ejus?
942 2183 1102 2240 quem
1145 2181 1242 2238 per
1276 2167 1436 2222 tidem
1465 2167 1517 2221 in
1565 2182 1625 2222 se
1647 2166 2014 2238 justiﬂeavit?

420 2262 642 2316 ubinam
678 2260 896 2313 loeutus
933 2265 1037 2324 est,
1067 2266 1126 2311 ut
1159 2254 1353 2322 Filius,
1389 2257 1554 2311 verba
1588 2254 1728 2312 Dei?
1761 2255 2013 2326 quamvis

421 2352 765 2422 perspicuum
797 2350 867 2405 sit
896 2348 1072 2420 ipsum
1106 2348 1174 2403 ad
1203 2347 1343 2403 ﬁlios
1371 2346 1538 2402 Israel
1567 2348 1859 2414 clamasse,
1887 2347 2013 2404 llaec

420 2442 555 2500 dicit
591 2442 890 2508 Dominus;
917 2449 975 2496 et
1013 2439 1298 2496 domestici
1339 2439 1575 2495 hominis
1613 2452 1923 2495 mensuram
1958 2449 2014 2495 et

418 2534 646 2605 gradum
687 2532 977 2598 habuisse;
1012 2530 1114 2585 l'uit
1147 2529 1295 2585 enim
1335 2531 1451 2600 ipse
1483 2538 1741 2600 tanquam
1777 2529 2013 2585 famulus

419 2629 656 2682 indomo
678 2627 769 2680 Dei
793 2622 995 2679 ".Jam
1026 2623 1070 2679 si
1101 2638 1167 2679 eo
1190 2624 1349 2679 modo
1373 2622 1539 2678 Filius
1555 2634 1640 2677 est
1670 2621 2010 2690 Emmanuel,

419 2736 528 2790 quo
564 2728 622 2775 et
663 2718 751 2774 ille
780 2717 1077 2774 secundum
1109 2730 1332 2771 carnem
1383 2714 1574 2780 Israel,
1623 2714 1678 2769 in
1726 2729 2010 2771 servorum

419 2811 668 2867 ordinem
702 2809 959 2881 redegisti
991 2807 1140 2885 illum
1167 2825 1231 2863 ex
1260 2818 1455 2863 natura
1482 2807 1735 2876 liberum,
1761 2808 2012 2879 quamvis

420 2911 642 2972 propter
670 2914 891 2955 carnem
924 2908 993 2955 et
1034 2899 1399 2970 proprietates
1440 2900 1624 2955 carnis
1651 2900 1796 2956 servi
1834 2898 2007 2955 forma

417 2993 493 3048 sit
547 2992 724 3047 factus
765 3008 779 3045 :
816 2990 1104 3047 in-eadem
1156 3005 1410 3047 ttthtSttra
1469 2992 1773 3062 eodemque
1820 2994 2010 3051 ordine

418 3085 694 3141 eollocasti
733 3098 857 3139 eum
902 3083 989 3140 his
1035 3083 1128 3154 qui
1163 3094 1291 3138 sunt
1323 3098 1420 3154 per
1458 3084 1691 3155 gratiam
1727 3086 1841 3153 lilii,
1883 3102 2006 3142 eum

416 3193 515 3249 per
557 3191 718 3247 quem
744 3176 837 3231 illi
879 3176 1188 3245 adoptionis
1215 3177 1388 3246 gratia
1421 3185 1551 3231 sunt
1597 3178 1775 3232 dilati.
1809 3178 2008 3235 Factus

2122 1964 2279 2042 ἆγίου
2319 1973 2635 2044 Πνεῦματος
2674 1975 2800 2038 τοὺς
2847 1974 3013 2039 ίδίους
3059 1976 3284 2048 ἐνέφηνε
3315 1976 3425 2050 [Ion
3455 1979 3717 2055 ἀνέφηνε]

2124 2067 2414 2140 μαθητάς·
2461 2065 2763 2138 ἐνεφύσησε
2806 2067 2916 2139 γὰρ
2940 2069 3157 2133 αὐτοῖς,
3205 2069 3408 2137 λέγων·
3445 2089 3466 2123 ι
3508 2072 3716 2127 Λάϐετε

2120 2162 2344 2233 Πνεῦμα
2391 2160 2565 2230 ἅγιον.
2604 2178 2623 2211 ι
2658 2155 2792 2213 Εῐτα
2830 2161 2953 2214 τίνα
2984 2161 3188 2233 τρόπον
3230 2164 3259 2236 6_
3301 2165 3383 2228 είς
3411 2160 3569 2220 τοῦτο
3604 2166 3716 2221 διε-

2118 2252 2392 2323 ληλακὼς,
2431 2254 2527 2306 καὶ
2557 2251 2926 2325 θεοπρεπὲσιν
2956 2254 3230 2319 εὐκλείαις
3253 2258 3713 2331 κατεστεμμένος,

2118 2346 2262 2401 οῦτω
2289 2346 2423 2411 Θεὸς
2447 2345 2514 2400 ἃν
2539 2345 2647 2417 εἴη,
2672 2346 2928 2418 καθάπερ
2953 2346 3146 2419 ἀμέλει
3174 2349 3272 2403 καὶ
3290 2350 3318 2403 6
3346 2350 3588 2422 Μωσῆςς
3614 2352 3716 2424 τὴν

2122 2437 2231 2510 [τσ.
2252 2437 2312 2501 ὃς
2328 2435 2449 2511 τὴν]
2468 2438 2612 2501 τίνος
2628 2436 2771 2506 ἔγνω
2794 2437 3021 2509 καρδίαν
3040 2456 3055 2505 ;
3072 2438 3156 2504 τίς
3173 2440 3537 2495 πεπίστευκεν
3556 2445 3636 2507 είς
3653 2441 3717 2497 τὸ

2117 2530 2289 2600 θνομα
2316 2530 2480 2584 αὐτοῦ
2498 2547 2512 2596 ;
2531 2529 2653 2585 τίνα
2673 2529 2991 2585 δεδικαίωκε
3022 2530 3109 2586 διὰ
3132 2533 3231 2603 τῆς
3252 2534 3487 2599 πίστεως
3507 2535 3606 2607 τῆς
3632 2537 3715 2602 είς

2118 2623 2345 2689 ἑαυτὸν;
2397 2620 2501 2676 ποῦ
2546 2620 2875 2693 λελάληκεν,
2904 2622 2978 2687 ὡς
3021 2622 3171 2688 Υἱὸς,
3201 2621 3297 2676 τοῦ
3339 2624 3474 2679 Θεοῦ
3505 2626 3574 2680 τά
3609 2629 3713 2699 ῥή-

2120 2734 2298 2788 ματα;
2334 2716 2513 2770 καίτοι
2555 2732 2620 2783 γε
2663 2714 2952 2786 κεκραγὼς
2980 2717 3172 2787 ὁρᾶται
3228 2718 3338 2781 τοῖς
3371 2717 3430 2786 ἐξ
3471 2719 3709 2789 Ἰσραὴλ,

2117 2809 2257 2865 Τάδε
2285 2809 2436 2879 λέγει
2482 2808 2708 2879 Κύριοςο
2739 2808 2835 2861 καὶ
2889 2808 3089 2881 μέτρον
3122 2809 3258 2879 ἔχων
3282 2811 3584 2864 οἰκετικόν·
3624 2812 3712 2882 γέ-

2116 2918 2241 2972 γονε
2279 2901 2390 2972 γὰρ
2419 2899 2612 2964 πιστὸς
2637 2900 2715 2964 ὡς
2753 2898 3010 2971 θεράπων
3042 2899 3101 2953 ὲν
3136 2900 3215 2971 τῷ
3249 2901 3384 2973 οἴκῳ
3419 2901 3514 2956 τοῦ
3546 2902 3705 2962 Θεοῦ.

2115 2991 2178 3045 Ei
2206 2991 2261 3045 δὲ
2293 2990 2357 3062 δὴ
2391 2991 2487 3046 καὶ
2518 2988 2690 3054 οὕτως
2722 2989 2850 3053 Υἱὸς
2889 2990 2919 3043 6
2958 2989 3327 3062 Ἐμμανουήλ,
3364 2992 3510 3045 καθὰ
3554 2995 3650 3048 καὶ
3678 2995 3709 3049 6

2115 3083 2257 3138 κατά
2303 3084 2483 3155 σάρκα
2525 3080 2765 3153 γεγονὼς
2812 3080 3051 3155 Ἰσραὴλ,
3085 3083 3456 3153 κατεκόμισας
3494 3086 3554 3139 ὲν
3586 3084 3709 3139 δούς

2114 3175 2227 3239 λοις
2277 3173 2369 3229 τὸν
2413 3173 2557 3228 κατὰ
2588 3172 2751 3242 φύσιν
2783 3172 2921 3227 ίδίαν
2954 3172 3256 3245 ιλεύθερον,
3294 3174 3396 3228 κᾶν
3424 3176 3474 3229 εί
3516 3176 3707 3247 γέγονε

419 3279 507 3325 est
554 3268 700 3323 enim
734 3266 1136 3339 Primogenitus
1163 3276 1405 3321 nostrum
1435 3279 1655 3339 propter
1702 3271 2011 3326 humanita-

2116 3267 2301 3322 δούλου
2332 3265 2533 3339 μορφὴ,
2577 3265 2667 3321 διά
2703 3281 2787 3319 τοι
2812 3264 2911 3337 τὴν
2957 3264 3134 3338 σάρκα
3182 3266 3277 3319 καὶ
3310 3264 3380 3319 τὰ
3410 3267 3614 3337 αὐτῆς*
3647 3269 3707 3322 ἑν

419 3369 531 3414 tem
550 3376 565 3426 ;
584 3358 676 3415 sed
697 3358 966 3435 etiamsic
988 3373 1095 3428 qua
1129 3358 1343 3412 ratione
1380 3357 1521 3414 Deus
1545 3370 1682 3427 erat,
1709 3362 2011 3432 permansit

419 3456 751 3525 nnigenitus.
789 3452 901 3509 Hac
941 3453 1176 3517 ratione,
1221 3462 1280 3506 ut
1313 3453 1390 3506 ait
1436 3453 1625 3508 beatus
1642 3450 1877 3521 Paulus,
1928 3451 2011 3505 in-

421 3549 730 3604 trodnctum
766 3560 795 3599 a
837 3543 1002 3599 Patre
1048 3542 1476 3614 Primogenitnm
1511 3545 1564 3599 in
1598 3543 1785 3600 orbem
1838 3553 2010 3599 terra-

419 3654 565 3705 rum,
600 3653 848 3709 supernae
878 3637 982 3692 illa:
1014 3639 1242 3692 virtutes
1283 3639 1514 3693 adorare
1540 3637 1802 3705 jubentnr
1837 3637 1883 3670 "
1910 3653 1926 3690 :
1955 3644 2010 3690 et

419 3732 598 3787 latens
639 3730 694 3784 in
738 3730 855 3800 ipso
888 3728 1209 3801 mysterium
1253 3728 1480 3795 edOetze,
1522 3727 2012 3799 gloriticationibus

422 3836 696 3891 nunquam
730 3820 1072 3876 cessantibus
1107 3818 1386 3875 celebrant
1425 3820 1573 3874 illum
1607 3834 1774 3873 unum
1817 3827 1874 3873 et
1914 3832 2010 3872 na-
2062 3880 2065 3889 ν

422 3923 540 3968 tura
569 3921 624 3969 et
648 3926 777 3967 vere
813 3909 1029 3967 Filium.
1068 3908 1202 3965 Nam
1236 3911 1282 3966 si
1318 3911 1384 3966 iis
1417 3910 1508 3980 qni
1563 3924 1623 3966 se
1664 3920 2006 3980 receperunt,

420 4006 514 4059 dat
544 4012 866 4075 potestatem
891 4013 950 4058 ut
981 4001 1074 4057 lilii
1107 4002 1197 4058 Dei
1232 4001 1383 4067 (iant,
1412 4012 1471 4056 ut
1494 4000 1731 4057 Joannes
1757 4003 1835 4056 ait
1856 4002 1923 4065 “,
1956 4012 2009 4057 et

418 4096 469 4152 si
515 4109 700 4150 verum
757 4103 842 4151 est
884 4093 1004 4163 ejus
1070 4096 1264 4165 spiritu
1312 4094 1562 4165 nosipsns
1610 4108 1827 4164 quoque
1870 4093 2010 4150 ﬁlios

356 4192 365 4203 '
420 4183 577 4241 ﬁeri:
610 4183 719 4257 43
755 4202 774 4238 ι
810 4185 962 4240 Misit
998 4186 1144 4239 enim
1182 4183 1326 4239 Deus
1366 4184 1615 4255 spiritum
1652 4182 1779 4238 Filii
1822 4185 1904 4239 sui
1953 4186 2008 4239 in

421 4278 585 4335 corda
606 4285 793 4333 nostra
811 4277 1158 4343 clamantem,
1180 4275 1332 4331 Abba
1352 4274 1514 4331 Pater
1530 4275 1575 4307 ³²
1598 4291 1646 4327 τι
1687 4290 1846 4330 nemo
1867 4288 2012 4331 recte

420 4371 663 4427 sentiens
691 4370 836 4425 hunc
887 4369 1027 4425 {erat
1062 4369 1357 4437 dicentem,
1391 4367 1543 4423 illum
1575 4367 1761 4422 eodem
1797 4380 2013 4437 quoque

419 4465 583 4518 modo
633 4477 753 4519 esse
781 4461 1000 4529 Filium,
1037 4460 1449 4532 quo‘lsraelem.
1502 4458 1607 4525 Qui
1658 4466 1841 4512 autem
1892 4457 2011 4513 ﬁeri

421 4563 599 4623 potest
624 4565 681 4610 ut
707 4555 895 4611 eodem
934 4555 1146 4611 dicatur
1177 4553 1339 4610 modo
1369 4551 1643 4617 Christus,
1672 4566 1779 4622 quo
1811 4548 2013 4606 dicitur

2103 3359 2216 3432 ·ίσῳ
2242 3360 2493 3424 τέθεικας
2521 3360 2706 3431 μέτρῳ
2729 3360 2844 3423 τοῖς
2867 3359 3010 3413 κατὰ
3046 3359 3208 3431 χάριν
3239 3361 3377 3424 υἱοῖς
3424 3360 3516 3414 τὸν
3552 3360 3621 3415 δι’
3645 3361 3709 3418 ὃν

2112 3454 2312 3508 ἐκεῖνοι
2349 3452 2448 3524 τὴν
2487 3455 2588 3524 τῆς
2616 3451 2885 3515 υἱοθεσίας
2929 3450 3335 3524 πεπλουτήκασι
3374 3453 3565 3525 χάριν
3615 3472 3707 3510 κει

2111 3544 2421 3618 χρημάτικε
2453 3544 2553 3614 μὲν
2578 3542 2688 3615 γὰρ
2715 3542 3066 3615 Πρωτότοκος
3092 3543 3252 3614 ἡμῶν
3283 3543 3372 3599 διά
3401 3544 3462 3598 τὸ
3489 3543 3706 3616 ἀνθρώ-

2112 3650 2299 3690 πινον·
2341 3635 2480 3708 πλὴν
2520 3636 2617 3690 καὶ
2642 3634 2785 3689 οὕτω
2825 3636 3103 3707 μεμένηκε
3140 3636 3438 3707 μονογενὴς
3469 3636 3545 3701 ὡς
3570 3636 3708 3701 Θεὸς

2110 3728 2388 3801 ταῦτῃτοι,
2439 3727 2585 3785 καθὰ
2645 3727 2814 3797 φησιν
2858 3729 2888 3782 6
2938 3726 3251 3797 σοφώτατος
3296 3728 3526 3793 Παῦλος,
3571 3731 3708 3783 sia:-

2110 3817 2370 3890 νεχθέντα
2398 3817 2549 3888 παρὰ
2585 3816 2680 3871 τοῦ
2717 3815 2931 3888 Πατρὺς
2975 3815 3068 3869 τὸν
3116 3816 3461 3888 πρωτότοκον
3484 3816 3561 3880 είς
3604 3815 3708 3889 τὴν

2111 3912 2438 3985 οἰκουμένην
2483 3914 2910 3985 προστάττονται
2944 3913 3277 3985 προσκυνεῖν
3309 3911 3365 3964 ai
3397 3910 3511 3965 ἄνω
3540 3909 3705 3964 δυνά-

2115 4024 2271 4077 μειςο
2308 4006 2401 4061 καὶ
2438 4007 2498 4061 τὺ
2529 4006 2615 4059 ἐπ’
2648 4005 2796 4077 αὐτῷ
2830 4004 3102 4077 μαθοῦσαι
3136 4005 3454 4075 μυστήριον,
3499 4003 3705 4056 ἀκαταο

2112 4098 2333 4170 λήκτοις
2382 4096 2713 4166 ὃοξολογίαις
2762 4094 3082 4168 γεραίρουσι
3124 4094 3217 4147 τὸν
3259 4094 3354 4147 ἕνα
3396 4093 3493 4146 καὶ
3542 4091 3705 4161 φύσει

2113 4189 2205 4242 καὶ
2243 4187 2458 4258 άληθῶς
2488 4187 2635 4242 Υἱόν.
2671 4187 2733 4241 Εἰ
2762 4187 2874 4258 γάρ
2921 4185 3139 4239 δίδωσιν
3180 4183 3434 4249 ἐξουσίαν
3466 4185 3579 4247 τοῖς
3611 4182 3707 4237 λα·

2112 4279 2300 4334 δοῦσιν
2355 4280 2518 4334 αὑτὸν
2569 4279 2735 4333 τέκνα
2779 4278 2914 4332 Θεοῦ
2967 4276 3253 4346 γενέσθαι,
3299 4274 3443 4329 κατά
3491 4290 3555 4343 γε
3605 4274 3703 4347 τὴν

2126 4371 2374 4426 Ἰωάννου
2407 4372 2612 4444 φωνὴν,
2645 4373 2737 4427 καὶ
2766 4370 2929 4441 εἴπερ
2960 4370 3108 4422 ἐστὶν
3136 4367 3331 4438 ἀληθὲς
3356 4366 3438 4431 ὡς
3473 4369 3706 4421 υίοποιεῐ

2113 4461 2176 4515 τὸ
2208 4460 2435 4530 Πνεῦμα
2462 4461 2629 4515 αὑτοῦ
2658 4462 2753 4514 καὶ
2799 4462 2947 4532 ἡμᾶς
2976 4458 3175 4523 αὐτούς
3194 4474 3210 4490 ·
3251 4477 3269 4510 ι
3323 4456 3703 4523 Ἐξαπέστειλε

2115 4550 2225 4623 γὰρ
2255 4553 2283 4606 6
2313 4551 2444 4616 Θεὸς
2474 4552 2536 4606 τὸ
2568 4552 2793 4624 Πνεῦμα
2822 4550 2917 4605 τοῦ
2950 4550 3085 4606 Υίοῦ
3129 4549 3294 4604 αὐτοῦ
3323 4551 3404 4614 εις
3431 4549 3531 4614 τάς
3566 4566 3704 4620 καρ-

418 4660 542 4702 esse
593 4648 757 4702 etiam
805 4645 982 4718 Cyrus
1038 4647 1133 4703 ille
1185 4658 1280 4703 rex
1323 4643 1637 4708 Persarum,
1681 4653 1738 4699 et
1786 4652 2009 4699 sanctus

2116 4642 2230 4707 δίας
2259 4643 2419 4713 ἡμῶν
2466 4643 2690 4712 κράζον,
2727 4643 2897 4697 ’Λὸσᾶ
2939 4643 2968 4696 6
3005 4642 3229 4716 Πατήρ·
3266 4659 3287 4694 ι
3314 4641 3604 4712 ἀνάσχοιτο
3636 4639 3704 4694 ἂν

421 4739 693 4807 quomodo
739 4737 876 4795 Medi
922 4752 1143 4809 quoque
1194 4736 1297 4808 ipsi
1333 4750 1400 4792 ac
1442 4734 1666 4792 Persae?
1715 4733 1834 4792 iam
1876 4749 2008 4791 vero

421 4831 604 4884 dicere
644 4829 847 4897 licebit,
893 4846 961 4887 ne
996 4830 1395 4887 sanctiﬁcatum
1437 4828 1655 4898 quidem
1694 4842 1816 4884 esse
1843 4827 2005 4882 Chri-

419 4930 563 4974 stum
601 4922 935 4991 humanitns,
968 4922 1219 4993 quamvis
1261 4920 1314 4974 in
1359 4934 1484 4974 eum
1528 4920 1793 4976 columba:
1827 4920 2007 4990 specie

418 5019 642 5066 sanctus
686 5011 922 5083 Spiritus
967 5009 1227 5066 insederit
1270 5007 1335 5062 ³³.
1388 5006 1522 5062 Nam
1568 5007 1743 5080 Cyrus
1789 5007 2005 5078 quidem

419 5100 706 5173 Cambysae
737 5104 881 5160 [ilius
902 5103 1031 5159 olim
1061 5101 1363 5155 exercitum
1394 5099 1549 5155 duxit
1573 5098 1626 5153 in
1656 5098 2002 5171 Babylonios,

419 5191 513 5247 sed
543 5202 721 5249 tamen
746 5194 801 5249 iu
833 5207 1024 5249 errore
1058 5190 1397 5258 versabatur,
1436 5200 1493 5245 et
1538 5190 1768 5262 impuris
1805 5192 2006 5247 daemo-

491 5374 539 5405 "
562 5372 716 5428 Joan.
746 5390 827 5435 ιιι.
854 5372 945 5431 ει.
1019 5373 1067 5406 ⁸⁸
1100 5369 1287 5426 Matth.
1312 5386 1429 5436 vm,
1456 5372 1509 5426 5.
1584 5373 1633 5406 ¹⁴²
1672 5371 1805 5429 an.
1839 5389 1937 5442 vn,
1980 5374 2066 5430 14.

495 5442 692 5498 lJonn.
729 5460 812 5509 ιιι,
846 5444 897 5497 l.
975 5443 1018 5476 "
1046 5440 1223 5497 Galat.
1265 5456 1338 5509 tv,
1369 5444 1424 5498 6.
1501 5442 1548 5475 ”
1582 5442 1774 5500 Matth.
1810 5461 1895 5508 ιιι,
1926 5446 2089 5511 Hi,”

422 5441 463 5474 ³¹
495 5442 692 5498 Noun.
729 5460 812 5509 ιιι,
846 5444 897 5497 l.
975 5443 1018 5476 ⁸⁸
1046 5440 1223 5497 Galat.
1265 5456 1338 5509 tv,
1369 5444 1424 5498 6.

2109 4735 2283 4801 οὐδεὶς
2323 4736 2433 4790 τῶν
2480 4733 2541 4790 εὖ
2594 4739 2812 4810 φρονεῖν
2855 4736 3150 4799 εἰωθότων,
3186 4735 3376 4789 τούτου
3421 4733 3703 4803 λεγοντος,

2107 4828 2280 4894 οὕτως
2306 4827 2446 4885 εἶναι
2474 4830 2570 4884 καὶ
2592 4831 2753 4885 αὑτὸν
2782 4829 2932 4895 Υίὸν,
2965 4829 3043 4894 ὡς
3065 4830 3157 4884 τὸν
3199 4826 3439 4901 Ἰσραήλ.
3482 4827 3608 4890 Πῶς
3645 4825 3708 4881 δι

2109 4922 2205 4974 καὶ
2244 4920 2387 4975 οὕτω
2432 4921 2666 4992 Χριστὸς
2710 4921 2807 4975 καὶ
2855 4920 3031 4990 ἅγιος,
3078 4921 3155 4985 ὡς
3191 4921 3259 4975 ἂν
3307 4912 3449 4973 εἶναι
3493 4918 3707 4987 λέγοιτο

2109 5012 2331 5085 χριστὸς
2372 5012 2555 5084 Κῦρός
2593 5028 2654 5065 τε
2691 5014 2721 5067 6
2745 5013 2855 5066 τῶν
2885 5013 3111 5085 Περσῶν
3154 5008 3576 5083 βεϐασιλευκὼς,
3606 5009 3705 5064 καὶ

2114 5103 2221 5175 μὴν
2260 5104 2357 5157 καὶ
2381 5104 2535 5158 αὐτοὶ
2568 5104 2679 5175 (12)
2707 5105 2914 5176 Πέρσαι
2943 5121 3005 5158 τε
3053 5106 3150 5159 καὶ
3183 5104 3397 5175 Μῆδοι;
3425 5102 3569 5174 Ὅρα
3594 5100 3705 5171 γὰρ

2111 5195 2287 5246 είπεϊν
2333 5191 2465 5264 μηδὲ
2502 5194 2761 5263 ἡγιάσθαι
2811 5194 3045 5267 Χριστὸν
3093 5193 3472 5265 ἀνθρωπίνως,
3525 5188 3704 5246 καίτοι

2169 5373 2216 5408 ⁸⁸
2243 5373 2400 5431 Juan.
2426 5392 2515 5442 ιιι,
2540 5377 2629 5431 22.
2728 5378 2774 5410 "
2808 5377 2976 5432 llebr.
3014 5393 3098 5446 Ill,
3123 5377 3177 5432 4.
3256 5377 3302 5410 ⁸⁸
3338 5375 3504 5432 Hebr.
3534 5390 3577 5443 ι,
3608 5375 3666 5431 6.

1668 5618 1831 5677 ANT.
1868 5620 2142 5677 AGELLII
2184 5620 2419 5677 NO'I'Arl.

498 5771 613 5857 (l2)
640 5771 948 5845 Legendnm
986 5774 1218 5846 videtur,
1284 5775 1377 5830 καὶ
1413 5776 1521 5849 μὴν
1560 5778 1655 5831 καὶ
1734 5776 1892 5847 artat
1923 5777 2014 5851 ne,

2118 5798 2153 5836 ι.
2205 5781 2295 5838 Sic
2365 5798 2600 5857 namque
2647 5785 3006 5856 praecedentia
3077 5798 3141 5841 ac
3186 5781 3472 5854 sequentia
3511 5774 3693 5848 requl.

419 5852 567 5901 runt.
