4150 6544
478 419 543 476 81

1624 424 1998 483 Αυνειιευε
2036 379 2444 486 ussroamu
2484 429 2614 487 LIB.
2658 430 2720 487 ιι.

3660 430 3751 488 ’82

482 545 870 611 καταπτάντος
899 546 990 607 ἒπῗ
1012 548 1176 603 αὐτὸν
1204 549 1297 603 τοῦ
1333 548 1489 617 ἁγίου
1528 549 1665 604 Πνεύ
1675 567 1841 620 ματος
1865 551 1924 603 ἐν
1950 549 2078 602 εῖδει

2212 552 2290 607 uiis
2333 555 2737 608 venerationem
2783 554 3111 611 exhibebat.-
3144 553 3254 610 Ubi
3290 550 3562 606 vere-Deo
3608 549 3754 603 illum

481 642 846 712 περιστερᾶς.
882 641 1069 713 Κῦρος
1106 642 1331 713 μὲνγὰρ
1363 643 1397 696 6
1429 640 1750 712 Καμϐύσου,
1775 643 2080 713 κατεστρά-

479 748 648 785 causa
681 732 785 801 τῆς
814 731 1177 787 Βαϐυλωνίων
1205 734 1351 788 κατὰ
1381 734 1630 804 καιροὺς,
1662 734 1981 805 πεπλάνητο
1999 733 2078 801 δὲ,

483 824 584 875 καὶ
632 827 759 888 τοῖς,
804 824 1136 895 ἀκαθάρτοις
1182 825 1432 894 δαίμοσιν
1491 825 1728 880 ἀνετίθει
1778 825 1839 879 τὸ
1893 825 2077 889 σέϐας.

497 914 724 985 Ἐπειδὴ
779 916 853 969 es-
886 917 1022 970 Θεοῦ
1077 917 1513 988 παραθήγοντος,
1566 918 1662 971 καὶ
1711 917 2083 979 διανιστάντος

482 1007 656 1060 αἰετὸν
723 1010 805 1071 είς
867 1008 1082 1079 ὀργάς,
1117 1003 1226 1062 εἷλε
1284 1008 1381 1080 τὴν
1434 1007 1811 1071 Βαϐυλωνίων,
1857 1009 2083 1079 ὀνόματι

485 1101 680 1170 κοινῷ,
717 1100 896 1153 καίτοι
938 1102 1220 1171 Πνεύματι
1253 1101 1331 1172 τῷ
1384 1102 1528 1171 ἁγίῳ
1580 1101 1656 1172 μὴ
1701 1101 2079 1172 κεχρισμένος,

486 1192 711 1263 εἴρηται
758 1193 1018 1264 χριστός..
1045 1194 1221 1263 Ἅγιοι
1246 1194 1303 1246 δὲ
1339 1194 1481 1247 οὕτω
1513 1194 1720 1265 Πέρσαι
1746 1211 1806 1247 τε
1845 1195 1939 1247 καὶ
1963 1194 2085 1264 Μῆ-

486 1288 573 1339 δοι
600 1286 653 1338 οί
686 1285 1115 1351 συνασπίζοντες
1140 1286 1308 1357 αὐτῷ·
1327 1286 1723 1358 λελατρεύκασι
1750 1287 1859 1357 γὰρ
1897 1288 2086 1340 κάκεῖ-

491 1394 574 1430 νοι
605 1380 676 1448 τῇ
708 1376 884 1431 κτίσει
919 1378 1073 1448 παρὰ
1101 1377 1204 1431 τὸν
1224 1378 1486 1433 κτίσαντα
1524 1378 1677 1439 Θεὸν,
1720 1380 1823 1433 καὶ
1852 1395 2087 1451 προσκε-

466 1467 771 1549 νκυνήκσισι
806 1470 919 1533 τοῖς
948 1467 1131 1539 ἔργοις
1168 1468 1276 1522 τῶν
1317 1469 1463 1522 ἰδίων
1492 1469 1720 1540 χειρῶν.
1775 1469 1993 1541 Ἐπειδὴ
2030 1469 2087 1523 δὲ

446 1604 451 1607 ι
487 1558 589 1611 καὶ
622 1557 792 1622 ἅπαξ.
826 1559 969 1612 κατά
1000 1575 1064 1627 γε
1087 1560 1184 1622 τὰς
1206 1559 1367 1630 ἐν.τῷ
1392 1560 1672 1631 Μωσσιῖκῷ
1699 1561 1847 1632 νόμῳ
1883 1563 2086 1630 φωνὰς,

483 1650 554 1702 τὸ
594 1651 896 1721 ἀφορισθὲν
941 1650 1020 1720 τῷ
1063 1650 1182 1721 Θεῷ
1215 1651 1382 1723 θῦμα,
1423 1650 1525 1705 κᾶν
1572 1651 1627 1704 εἴ
1664 1669 1723 1705 τε
1767 1652 1966 1723 μόσχος
2002 1651 2087 1722 εἴη

484 1740 681 1809 τυχὸν,
733 1738 790 1810 ἢΔ
822 1739 925 1803 δῖς,
955 1738 1112 1807 ἅγιον
1149 1740 1483 1811 ὠνομάζετο,
1514 1742 1705 1814 ταύτην
1734 1759 1818 1795 τοι
1860 1744 1958 1797 καὶ
2002 1741 2091 1795 διὰ

483 1833 593 1902 τῆς
622 1831 721 1885 τοῦ
753 1833 1031 1904 προφήτου
1058 1834 1244 1904 φωνῆς
1272 1833 1416 1903 ἆγιοι
1446 1834 1742 1905 κέκληνται
1786 1836 1881 1888 καὶ
1912 1834 2088 1897 αὐτοὶ,

486 1927 581 1981 διά
596 1944 688 1979 τοι
717 1926 779 1979 τὸ
805 1925 1115 1996 ἀφωρίσθαι
1140 1931 1252 1991 τοῖς
1283 1928 1449 1990 θείοις
1471 1927 1702 1999 νεύμασι
1718 1927 1859 1997 πρὸς
1880 1927 2090 1982 ἁλῶναι

489 2016 597 2085 τὴν
646 2015 1007 2069 Βαϐυλωνίων
1029 2032 1045 2046 ·
1102 2017 1269 2088 εἴπερ.
1298 2014 1392 2070 οὖν
1425 2018 1573 2072 ἐστιν
1606 2017 1749 2071 οὕτω
1792 2003 2024 2088 Χριστὸς
2052 2020 2095 2071 ’ό

504 2107 889 2178 Ἐμμανουὴλ,
929 2107 1073 2161 καθὰ
1111 2109 1207 2161 καὶ
1250 2110 1295 2161 6;
1317 2109 1517 2179 Κῦρος,
1564 2109 1659 2163 καὶ
1708 2109 1882 2174 οὕτως
1918 2111 2093 2179 ἅγιος,

494 2198 646 2251 καθά
685 2198 1011 2269 καὶκΜῆδοικ
1042 2200 1138 2253 καὶ
1182 2201 1418 2271 Πέρσαι·
1465 2201 1599 2273 φαίη
1631 2219 1716 2266 τις
1753 2202 1820 2257 ἂν
1871 2203 2098 2267 είκότως

501 2291 579 2354 ὡς
612 2292 725 2346 ἀπό
737 2308 829 2359 ,τες
846 2292 947 2363 τῆς
970 2291 1080 2347 τῶν
1111 2293 1331 2350 ἐννοιῶν
1355 2293 1608 2360 ἀτοπίας,
1640 2298 1777 2367 μήτε
1810 2297 2097 2368 κεκρίσθαι

414 2458 431 2467 μ
507 2383 750 2456 «ιῷἁγίῳ
780 2385 1086 2456 Πνεύματι,
1119 2387 1257 2457 μήτε
1290 2386 1396 2459 μὴν
1432 2388 1587 2457 ἅγιον
1625 2390 1890 2462 ὑπάρχειν
1911 2391 2095 2446 αὐτόν·

502 2476 872 2548 ψευδοεπήσει
914 2476 979 2547 δὴ
1022 2473 1117 2532 οὖν
1148 2479 1177 2530 6
1224 2478 1366 2544 θεῖος
1393 2480 1551 2550 ἡμῶν
1588 2481 1753 2535 Δαϐὶδ
1782 2483 1918 2554 πρὸς
1969 2482 2101 2538 αὑτό

500 2566 616 2641 [ῖσ.
645 2568 837 2637 αὐτόν]
875 2587 979 2624 που
1038 2568 1245 2639 λέγων·
1294 2592 1315 2625 ‹
1367 2572 1690 2644 Ἥγάπησας
1730 2574 2098 2649 δικαιοσύνην,

500 2660 602 2714 καὶ
644 2662 923 2731 ἐμίσησας
952 2662 1202 2717 ἀδικίαν·
1242 2665 1331 2719 διὰ
1367 2664 1528 2719 τοῦτο
1561 2666 1744 2737 ἔχρισε
1784 2684 1841 2721 σε
1880 2669 1908 2721 ὁ
1947 2664 2100 2736 Θεὸς,

499 2755 531 2806 6
553 2753 692 2817 Θεός
710 2770 831 2819 σου,
874 2754 1052 2808 ἔλαιον
1081 2756 1476 2824 ἀγαλλιάσεως,
1512 2757 1663 2829 παρὰ
1688 2761 1814 2823 τοὺς
1842 2761 2104 2831 μετόχους

502 2861 629 2900 σου.
684 2864 705 2897 ι
764 2845 1248 2919 Καταφλυαρήσας
1275 2847 1331 2900 δὲ
1379 2847 1523 2902 οὕτω
1572 2851 1672 2913 τῆς
1717 2849 1812 2903 τοῦ
1855 2852 2106 2922 Σωτῆρος

498 2935 670 3005 ἡμῶν
702 2936 983 3007 ὑπεροχῆς
1014 2954 1072 2991 τε
1102 2938 1198 2991 καὶ
1221 2938 1399 3009 δόξης,
1430 2940 1834 3012 ἀποκρούεσθαι
1861 2942 2012 2996 δοκεῖ
2037 2942 2105 2996 τὰ

498 3028 572 3080 ὲκ
606 3026 724 3080 τῶν
767 3027 1090 3098 δυσφημιῶν
1138 3030 1477 3101 ἐγκλήματα,
1518 3032 1881 3101 μειρακιῶδές
1913 3050 1967 3085 τι
2013 3033 2107 3087 καὶ

502 3118 783 3172 ἀσύνετον
828 3117 1040 3186 λέγων’
1085 3119 1151 3171 Ἡ
1180 3118 1279 3189 μὲν
1330 3119 1441 3190 γὰρ
1488 3121 1762 3185 κοινωνία,
1813 3122 1968 3193 φησὶ,
1999 3122 2108 3176 τῶν

502 3210 803 3281 ὀνομάτων
834 3211 1016 3279 ὁμοία,
1037 3211 1137 3279 οὐχ
1164 3213 1196 3280 ἡ
1226 3211 1365 3282 αὐτὴ
1388 3211 1444 3264 δὲ
1471 3210 1618 3276 ἀξία.
1651 3212 1809 3278 Πῶς;
1841 3214 1962 3267 εἰπέ
1994 3232 2105 3285 μοι·

2128 1980 2172 2036 Β

2186 655 2508 712 exaeuente,
2540 656 2594 700 et
2622 646 2707 698 ad
2730 645 2838 699 iras
2875 645 3167 701 excitante
3188 643 3606 715 Babyloniorum
3646 650 3758 693 ter-

2190 752 2304 791 ram
2353 738 2516 806 cepit,
2571 737 2844 793 communi
2894 737 3177 803 vocabulo,
3235 735 3486 807 quamvis
3537 733 3760 787 minime

2188 841 2384 884 unctus
2409 829 2612 899 Spiritu
2642 838 2852 894 sancto,
2881 828 3055 883 dictus
3075 837 3158 883 est
3183 828 3447 883 christus.
3479 825 3553 880 Ita
3579 824 3760 879 Persae

2188 936 2404 990 quoque
2432 936 2497 974 ac
2523 920 2664 975 Medi
2688 920 2952 975 satellites
2978 919 3096 988 ejus
3125 918 3297 974 sancti
3332 918 3603 972 dicuntur.
3626 914 3760 969 Nam

2189 1014 2440 1083 quamvis
2464 1013 2540 1068 illi
2571 1027 2787 1083 quoque
2809 1013 3100 1069 servierint
3124 1009 3586 1080 creaturae-potius
3602 1020 3761 1076 quam

2189 1109 2420 1163 creatori
2481 1107 2592 1162 Deo
2642 1106 2725 1171 “,
2797 1116 2852 1161 et
2903 1104 3251 1161 adoraverint
3299 1116 3461 1173 opera
3510 1114 3762 1155 manuum

2191 1214 2433 1264 suarum,
2465 1210 2644 1255 tamen
2680 1199 2807 1270 quia
2837 1198 3004 1253 semel
3026 1197 3180 1267 juxta
3213 1210 3377 1251 voces
3399 1199 3677 1265 qua'sunt
3710 1191 3766 1245 in

2192 1293 2311 1364 lege
2336 1292 2489 1355 Mosi,
2522 1300 2862 1363 segregatum
2894 1290 3001 1344 Deo
3031 1287 3381 1352 sacriﬁcium,
3416 1286 3539 1341 sive.
3563 1282 3651 1337 ille
3685 1282 3776 1332 vi-

2194 1386 2336 1441 tulus
2361 1394 2505 1440 esset
2530 1383 2781 1448 fortasse,
2800 1383 2913 1438 sive
2937 1382 3074 1448 ovis,
3104 1375 3763 1448 sanetum-appellabatur,

2194 1490 2256 1532 ea
2290 1477 2500 1531 ratione
2526 1475 2689 1530 etiam
2725 1472 3037 1545 prophetica
3067 1485 3197 1527 voce
3225 1470 3325 1540 ipsi
3354 1480 3570 1538 quoque
3594 1462 3769 1520 sancti

2195 1577 2321 1625 sunt
2349 1567 2545 1632 vocati,
2575 1567 2719 1634 quod
2749 1565 2931 1619 divino
2958 1563 3180 1617 numine
3207 1559 3474 1630 segregati
3495 1557 3772 1627 dicatique

2196 1669 2381 1717 essent
2412 1661 2479 1717 ad
2529 1657 2875 1729 Babyloniam
2920 1654 3261 1726 capiendam.
3310 1651 3451 1721 Ergo
3489 1650 3534 1703 si
3580 1648 3772 1703 eadem

2199 1754 2407 1809 ratione
2438 1748 3009 1822 ipseEmmanuel‘eSt
3043 1746 3316 1811 Christus,
3344 1757 3449 1822 qua
3487 1741 3681 1813 Cyrus,
3718 1748 3773 1793 et

2199 1862 2265 1901 eo
2297 1846 2465 1900 modo»
2488 1853 2727 1899 sanctus
2747 1857 2854 1912 quo
2877 1839 3017 1895 Medi
3042 1854 3105 1895 ac
3134 1837 3347 1902 Persae;
3380 1812 3774 1905 consequenter

2198 1939 2344 1995 dicet
2388 1937 2604 2009 aliquis,
2636 1944 2895 2006 quantum
2930 1949 2997 1989 ex
3022 1931 3411 1988 sententiarum
3441 1927 3775 1985 absurditate

2196 2032 2555 2097 concluditur,
2584 2044 2758 2099 neque
2787 2038 3007 2082 unctum
3045 2024 3212 2080 fuisse
3254 2023 3401 2077 illum
3437 2029 3627 2077 sancto
3647 2018 3772 2088 Spi-

2198 2126 2332 2191 ritu,
2361 2137 2537 2193 ncquc
2567 2131 2811 2177 sanctum
2840 2132 2962 2173 esse
2996 2136 3010 2173 :
3043 2117 3227 2186 itaque
3261 2113 3551 2170 mentietur
3584 2111 3775 2165 beatus

2200 2216 2386 2285 David,
2422 2217 2489 2271 ad
2529 2215 2704 2285 ipsum
2731 2211 2918 2282 procul
2966 2210 3128 2266 dubio
3156 2206 3321 2262 verba
3365 2204 3605 2259 faciens:
3635 2219 3653 2252 ι
3681 2200 3775 2254 Di-

2199 2309 2377 2365 lexisti
2427 2307 2714 2380 justitiam,
2758 2313 2814 2360 et
2859 2302 3018 2359 odisti
3074 2299 3415 2369 iniquitatem
3450 2302 3777 2364 :propterea

2199 2401 2357 2457 unxit
2382 2409 2433 2455 te
2466 2400 2628 2462 Deus,
2649 2397 2791 2454 Deus
2820 2407 2965 2464 tuus,
2993 2394 3112 2451 oleo
3129 2391 3346 2460 laetitiae,
3378 2403 3489 2461 prae
3514 2383 3780 2442 consorti-

2200 2497 2301 2552 bus
2326 2494 2433 2549 tuis
2459 2492 2560 2548 ".‘r
2593 2490 2711 2548 Jam
2744 2504 2873 2545 vero
2902 2488 3038 2543 adeo
3067 2485 3346 2555 uugaciter
3375 2482 3634 2537 adversus
3662 2476 3782 2532 Sal-

2203 2585 2407 2640 ratoris
2450 2581 2619 2637 nostri
2683 2579 3022 2647 maiestatem
3079 2584 3134 2630 et
3195 2571 3418 2643 gloriam
3473 2569 3779 2630 oblocutus,

2204 2677 2661 2750 blasphemiarmu
2691 2690 2911 2730 suarum
2935 2671 3166 2728 crimina
3195 2666 3458 2738 repellere
3491 2661 3590 2718 sibi
3633 2661 3781 2714 vide-

2205 2781 2315 2835 tur,
2365 2769 2573 2845 puerile
2610 2768 2867 2839 quiddam
2917 2774 2973 2820 et
3018 2761 3241 2818 stultum
3294 2756 3537 2813 inferens
3575 2773 3589 2808 :
3623 2751 3784 2807 Com-

2208 2863 2411 2929 munio,
2434 2863 2629 2929 inquit,
2653 2859 2935 2915 nominum
2964 2853 3158 2910 similis
3183 2860 3284 2913 est,
3309 2864 3414 2904 non
3443 2847 3631 2902 eadem
3656 2857 3784 2897 vero

2207 2956 2462 3026 dignitas.
2497 2954 2597 3020 Qui
2641 2949 2896 3006 tandem?
2924 2948 3033 3013 dic,
3067 2959 3271 3015 qua'so,
3318 2955 3440 2997 nam
3488 2938 3788 3006 intelligere

2210 3060 2438 3116 nequeo.
2476 3043 2611 3098 Nam
2648 3043 2694 3097 si
2733 3042 2804 3095 ita
2835 3049 2920 3095 est
2950 3039 3093 3094 Deus
3130 3046 3189 3091 ut
3219 3035 3398 3089 Moses
3427 3032 3611 3094 etiam,
3638 3038 3690 3084 et
3714 3029 3785 3082 ita

2211 3141 2401 3203 Filim,
2437 3147 2493 3191 ut
2516 3135 2700 3199 Israel,
2727 3144 2781 3188 et
2804 3134 2877 3187 ita
2904 3131 3152 3186 Christus
3182 3138 3240 3183 ut
3262 3127 3452 3198 Cyrus,
3470 3125 3598 3195 quin
3627 3123 3787 3177 etiam

2214 3234 2285 3285 ita
2330 3240 2552 3285 sanctus
2591 3237 2643 3279 ut
2688 3225 2848 3288 Medi,
2893 3221 3160 3293 quomodo
3205 3218 3401 3288 poterit
3430 3217 3635 3271 evitare
3666 3229 3792 3281 quo-

508 3304 658 3354 νοείν
683 3300 798 3371 γάρ
826 3300 926 3353 οὐκ
953 3298 1084 3369 ἔχω.
1115 3301 1178 3352 El
1207 3301 1315 3372 γάρ
1341 3302 1490 3355 ἐστιν
1516 3300 1660 3375 οὕτω
1684 3302 1815 3367 Θεὸς
1838 3303 1912 3366 ὡς
1933 3305 1999 3357 ἂν
2023 3306 2107 3375 εἴη

2216 3326 2390 3379 minus
2428 3322 2615 3375 eadem
2658 3334 2779 3372 rum
2817 3316 2924 3370 illis
2961 3322 3248 3369 censeatur
3272 3309 3580 3379 aequalitate
3619 3304 3792 3371 digni-

509 3392 616 3443 καὶ
645 3392 673 3442 6
708 3388 938 3459 Μωσῆς,
964 3390 1059 3441 καὶ
1099 3386 1271 3451 οὕτως
1299 3388 1449 3452 Υἱὸς,
1479 3388 1556 3452 ὡς
1595 3390 1829 3461 Ἰσραὴλ,
1858 3389 2002 3443 οὕτω
2046 3408 2105 3451 τε

510 3481 762 3552 Χριστὸς
790 3480 866 3543 ὡς
894 3475 1096 3551 Κῦρος,
1128 3479 1223 3531 καὶ
1254 3480 1360 3551 μὴν
1388 3479 1483 3533 καὶ
1514 3479 1684 3545 οὕτως
1704 3480 1858 3550 ἅγιος
1886 3482 1962 3547 ὡς
1990 3482 2112 3550 Μῆ-

514 3572 619 3625 ἰοι·
652 3571 775 3633 πῶς
814 3569 882 3622 ἂν
909 3568 1147 3640 διαφύγῃ
1177 3568 1239 3621 τὸ
1297 3570 1391 3622 καὶ
1418 3571 1475 3623 ὲν
1508 3570 1712 3639 ἰσότητι
1752 3570 1963 3624 κεῖσθαι
2002 3571 2114 3625 δεῖν

514 3662 621 3728 τῆς
659 3660 801 3730 προς
823 3659 1021 3721 αὐτοὺς
1042 3659 1199 3723 ἀξίας
1224 3675 1238 3724 ;
1275 3659 1489 3732 Ἀλώσῃ
1509 3659 1573 3730 δὴ
1600 3656 1692 3715 οὖν
1718 3662 1810 3714 καὶ
1835 3663 1915 3725 είς
1945 3662 2116 3732 αὐτὴν

514 3750 943 3822 δεδυσσεϐηκὼς
972 3750 1070 3822 τὴν
1099 3751 1192 3805 τοῦ
1223 3752 1395 3819 Λόγου
1427 3751 1610 3821 φύσιν,
1639 3751 1775 3824 ἔφης
1794 3754 1905 3825 γάρ
1926 3755 2113 3811 πάλιν

598 3843 794 3917 [Εἰπὲ
855 3843 947 3896 τὸν
990 3842 1350 3907 ἀναλαϐόντα,
1388 3844 1472 3898 ὅτι
1523 3843 1693 3908 Θεός·
1746 3845 1983 3916 πρόσθες
2030 3847 2121 3900 τὸν

518 3934 939 4007 ἀναληφθέντα,
969 3935 1050 3987 ὅτι
1069 3933 1259 3987 δούλου
1294 3935 1498 4006 μορφήο
1530 3934 1777 4004 ὲπάγαγε
1809 3936 2122 4007 μεταταῦτα

518 4029 584 4079 το
627 4027 733 4093 τῆς
782 4025 1079 4092 συναφείας
1124 4024 1363 4094 ἀξίωμα,
1398 4026 1618 4079 ὅτιτῶν
1660 4026 1755 4079 δύο
1796 4029 1829 4097 ή
1867 4026 2125 4081 αὑθεντία

520 4120 720 4189 κοινή⁹
752 4118 834 4171 ὅτι
874 4117 982 4171 τῶν
1022 4117 1133 4181 δύο,
1171 4117 1368 4171 ταύτὸν
1396 4118 1457 4170 τὸ
1488 4117 1737 4187 ἀξίωμα·
1770 4119 1878 4171 τῶν
1907 4119 2125 4189 φύσεων

523 4209 841 4283 μενουσῶν,
875 4209 1127 4280 ὁμολόγει
1156 4208 1255 4279 τὴν
1284 4209 1384 4281 τῆς
1411 4210 1567 4274 ἀξίας
1598 4208 1878 4282 ὲνὸτητα.]

1142 4346 1391 4401 ΚΕΦΑΛ.
1446 4347 1521 4402 Ε’.

602 4484 906 4554 Διατὲμνει
943 4482 1042 4553 μὲν
1079 4477 1174 4537 οὗν
1203 4484 1284 4546 είς
1312 4481 1406 4537 δύο
1432 4482 1496 4556 δὴ
1534 4482 1698 4537 πάλιν
1719 4501 1731 4512 ο
1765 4485 2044 4549 ἀσυνέτως
2073 4485 2132 4539 δὲ

529 4579 750 4649 σφόδρα
776 4576 876 4646 τὴν
904 4576 1005 4644 τῆς
1032 4574 1281 4639 ἐνώσεως
1306 4576 1536 4647 δύναμιν
1561 4580 1628 4648 τῇ
1659 4577 1786 4649 ἀξίᾳ
1814 4576 2129 4649 χαρίζεται·

2213 3418 2340 3471 tatis
2359 3416 2382 3469 ?
2401 3409 2828 3484 Deprehenderis
2856 3407 3019 3478 igitur
3047 3404 3158 3474 jam
3184 3403 3359 3463 etiam,
3381 3401 3433 3456 in
3470 3401 3638 3468 ipsam
3665 3397 3795 3450 Ver-

2214 3510 2264 3563 bi
2302 3516 2551 3561 naturam
2588 3502 2787 3572 impius
2817 3499 3003 3567 fuisse,
3046 3497 3128 3554 sic
3166 3508 3402 3563 namque
3446 3488 3629 3545 dixisti
3672 3503 3793 3541 rur-

2215 3616 2332 3656 sum
2378 3616 2392 3653 :
3284 3601 3294 3611 '

2294 3845 2559 3917 [Νεετοιι.
2585 3843 2679 3898 Dic
2701 3842 2767 3898 de
2788 3849 3116 3904 assumente,
3135 3838 3279 3908 quod
3298 3836 3448 3890 Dens
3465 3834 3564 3890 sit:
3584 3830 3800 3902 adjicite

2222 3937 2334 4011 44.
2369 3940 2436 3993 de
2475 3944 2772 4001 assumpto,
2811 3932 2952 4002 quod
3000 3930 3141 3985 servi
3183 3928 3352 3982 forma
3385 3944 3399 3981 :
3436 3924 3578 3978 infer
3616 3931 3801 3991 postea

2224 4010 2622 4096 coniunctionis
2651 4022 2992 4090 dignitatem,
3035 4015 3182 4086 quod
3216 4012 3522 4070 communis
3564 4010 3639 4065 sit
3671 4010 3804 4064 duo-

2225 4132 2345 4171 rum
2386 4115 2709 4174 auetoritas.
2752 4110 2896 4180 quod
2939 4110 3126 4165 eadem
3161 4107 3233 4161 sit
3267 4106 3493 4158 duorum
3521 4100 3754 4171 dignitas
3787 4116 3799 4149 :

2228 4206 2572 4263 manentibus
2603 4201 3116 4259 naturisoceniitere
3145 4197 3431 4270 dignitatis
3482 4188 3804 4261 unitatem]

2894 4330 3045 4390 CAP.
3087 4330 3153 4390 ν.

2303 4476 2659 4544 Dividit'ergo
2676 4485 2898 4527 rursum
2927 4468 2982 4524 in
3011 4467 3137 4530 duo,
3163 4473 3219 4521 et
3241 4461 3495 4531 imperite
3522 4456 3809 4512 admodum

2236 4574 2343 4627 vim
2378 4568 2606 4624 unitatis
2643 4562 2891 4635 dignitati
2929 4560 3179 4630 largitur,
3229 4556 3461 4610 forlasse
3504 4565 3577 4604 ne
3617 4546 3813 4601 intelli-

526 4673 683 4739 τάχα
718 4687 823 4722 που
853 4669 928 4739 μὴ
957 4668 1224 4735 συνιεὶς,ὂ
1251 4668 1304 4723 τί
1329 4669 1460 4721 ποτέ
1491 4671 1638 4723 ἐστιν
1667 4671 1701 4740 ἡ
1729 4670 2055 4733 ἓνωσις,καὶ
2083 4686 2107 4724 τ

2212 4677 2374 4737 -gens
2403 4660 2621 4731 quidem
2650 4656 2779 4738 quid
2812 4652 3027 4709 tandem
3059 4650 3132 4704 sit
3157 4647 3360 4706 unitas,
3393 4640 3536 4711 quid-
3571 4654 3656 4693 res
3699 4638 3816 4705 ipsa

528 4766 641 4833 τῆς
682 4762 843 4827 ἀξίας
871 4761 933 4814 τὸ
968 4761 1158 4832 χρῆμα
1177 4778 1191 4792 ⁸
1229 4761 1367 4832 πλὴν
1394 4761 1569 4815 ἐκεῖνό
1598 4778 1806 4833 φαμεν·
1837 4763 1985 4816 Μίαν
2027 4760 2132 4832 ἔφη

529 4856 651 4910 τῶν
698 4853 795 4907 δύο
842 4853 1060 4923 φύσεων
1098 4854 1198 4924 τὴν
1230 4853 1539 4917 αὑθεντίαν,
1569 4854 1667 4907 καὶ
1710 4853 1770 4907 ἓν
1799 4854 1862 4907 τὸ
1894 4854 2133 4924 ἀξίωμα.

532 4950 679 5035 ’ρτε
714 4946 893 5001 τοίνυν
926 4947 954 4999 6
981 4947 1041 4999 ἐν
1068 4946 1277 5017 ίσότητι
1307 4944 1464 5016 δόξης
1492 4947 1592 5016 τῆς
1622 4946 1759 5015 πρὸς
1800 4946 1932 5001 θεὸν
1964 4946 2137 5015 Λόγον

529 5033 640 5113 οὑχ
672 5040 1067 5113 ὑπερκείσεται
1091 5038 1184 5092 τὸν
1213 5038 1441 5103 Μωσέα,
1472 5038 1615 5093 κατά
1635 5054 1699 5103 γε
1720 5037 1782 5091 τὸ
1814 5033 1953 5091 εἶναι
1982 5038 2136 5103 Θεὸς,

530 5138 705 5209 δῆλον
741 5133 808 5188 ἂν
845 5133 933 5203 εἴη
974 5131 1268 5204 δήπουθεν,
1292 5132 1378 5184 ὅτι
1409 5131 1503 5185 καὶ
1531 5132 1693 5195 αὐτὸς
1718 5132 1747 5184 6
1785 5132 1849 5184 ἐκ
1875 5129 2012 5184 Θεοῦ
2035 5131 2142 5184 Λό-

529 5247 639 5300 γος
679 5225 1093 5296 ίσοστατήσειεν
1122 5223 1189 5277 ἂν
1217 5224 1284 5293 τῇ
1315 5221 1411 5276 τοῦ
1458 5222 1704 5285 Μωσέως
1735 5223 1876 5293 τάχα
1907 5239 2010 5275 που
2040 5222 2142 5293 φύ-

533 5338 629 5374 σει
660 5317 763 5372 καὶ
794 5315 954 5387 δόξῃσ
989 5314 1039 5367 εί
1064 5310 1175 5383 γάρ
1207 5315 1357 5366 ἐστιν
1379 5311 1555 5376 ἐοικὸς
1589 5310 1684 5364 καὶ
1704 5310 2142 5382 ἀπαραλλάκτως

533 5410 671 5479 ἔχον
704 5407 819 5460 πᾶν
847 5402 1030 5458 ὁτιοῦν
1057 5401 1137 5472 τῷ
1188 5400 1392 5473 πρώτῳ
1425 5400 1522 5455 καὶ
1571 5401 1740 5472 τρίτῳ
1765 5401 1826 5454 τὸ
1850 5400 1941 5454 διά
1970 5400 2140 5471 μέσου

535 5501 634 5570 εἴη
666 5498 736 5552 ἄν
760 5496 860 5568 οὐχ
884 5496 1128 5564 ἑτεροῖος
1156 5493 1340 5556 αὐτοῖς
1370 5493 1401 5545 6
1427 5493 1527 5563 τῆς
1549 5490 1763 5563 φύσεως
1793 5491 1973 5561 λόγος.
1992 5490 2145 5546 Ἀλλ’

538 5594 682 5655 ἴσως
709 5591 830 5661 ἐρεῖ
857 5588 959 5658 τῆς
993 5584 1154 5650 ἀξίας
1181 5584 1273 5638 τὸν
1297 5583 1500 5655 τρόπον
1554 5583 1654 5637 οὐκ
1717 5580 1857 5638 εἶναι
1898 5583 1993 5638 καὶ
2038 5580 2142 5652 φύ-

541 5701 666 5740 σιν·
696 5680 899 5738 οὐκοῦν
945 5678 1067 5735 ἀνθ’
1093 5678 1216 5731 ὅτου
1248 5676 1317 5731 τὰ
1362 5675 1465 5746 τῆς
1543 5675 1681 5744 πρὸς
1714 5673 1918 5746 ἄλληλα
1951 5691 2144 5731 κοινω.

615 5858 660 5891 ³⁸
701 5865 860 5921 ίὶοηι.
916 5875 956 5928 t,
989 5857 1085 5914 25.
1165 5856 1208 5888 ³⁸
1248 5854 1560 5920 Psal.x1.tv,
1598 5853 1652 5910 8.

2239 4728 2544 4826 dignitatis.
2581 4729 2712 4804 Illud
2756 4754 2935 4799 tamen
2983 4740 3260 4794 dicemus:
3308 4732 3493 4790 Unam.
3514 4745 3634 4786 esse
3678 4728 3815 4782 dixit

2241 4821 2468 4903 duarum
2502 4850 2818 4897 naturarum
2851 4830 3250 4892 auctoritatem,
3294 4835 3557 4881 et'uuam'
3583 4821 3815 4891 dignita-

2244 4948 2375 4995 tem.
2410 4933 2510 4991 Ubi
2544 4931 2708 5002 igitur
2735 4928 2784 4982 is
2819 4925 2909 4996 qui
2946 4936 3131 4994 parem
3166 4918 3330 4974 habet
3366 4916 3473 4970 Deo
3502 4912 3680 4968 Verbo
3704 4912 3818 4981 glo-

2244 5032 2405 5096 riam,
2451 5029 2505 5083 in
2554 5040 2621 5082 eo
2650 5030 2801 5080 certe
2833 5019 2976 5089 quod
3021 5016 3162 5071 Deus
3199 5020 3304 5079 est,
3347 5010 3515 5065 nihilo
3543 5016 3630 5063 est
3670 5005 3818 5060 Mose

2244 5120 2515 5191 superior,
2541 5111 2914 5188 proculdubio
2937 5109 3108 5178 liquet
3126 5106 3297 5176 ipsum
3321 5113 3537 5171 quoque
3564 5098 3654 5152 Dei
3673 5095 3821 5191 Xer-

2245 5184 2374 5269 bu-m
2404 5208 2521 5282 pari
2543 5184 2824 5262 momento
2859 5206 3148 5256 et'natnrze
3192 5203 3249 5249 et
3288 5191 3474 5260 gloriae
3506 5204 3627 5244 cum
3673 5184 3821 5239 Mose

2246 5274 2679 5372 exaequandum.
2720 5291 3043 5359 Ubicunque
3085 5284 3230 5362 enim
3262 5279 3539 5352 quodlibet
3583 5274 3820 5330 medium

2244 5366 2424 5466 primo
2451 5405 2518 5446 ac
2547 5386 2710 5444 tertio
2742 5379 3019 5454 persimile
3042 5387 3147 5442 est,
3176 5374 3429 5440 nullaque
3466 5369 3520 5424 in
3552 5381 3613 5422 re
3646 5366 3819 5420 diver-
3924 5411 3929 5416 .

2243 5459 2388 5554 sum,
2413 5481 2639 5541 omnino
2670 5474 2918 5546 sequitur
2945 5479 3008 5527 ut
3040 5467 3185 5523 nulla
3219 5465 3289 5521 sit
3321 5464 3463 5518 inter
3497 5459 3585 5514 illa
3620 5464 3825 5511 natura:

2246 5546 2465 5636 diversa
2499 5572 2660 5630 ratio.
2696 5567 2804 5624 Sed
2835 5564 2979 5623 dicet
3008 5563 3258 5623 fortasse,
3296 5550 3577 5625 dignitatis
3608 5546 3824 5602 modum

2246 5684 2354 5726 non
2399 5667 2542 5724 idem
2575 5676 2696 5721 esse
2745 5672 2810 5715 ac
2858 5665 3108 5713 naturam
3152 5662 3296 5705 :cur
3337 5644 3500 5715 igitur
3547 5652 3611 5697 ea
3640 5649 3759 5707 quae
3794 5648 3822 5687 a
