4150 6454
490 349 567 405 85
1652 351 2023 410 ADVERSUS
2052 353 2454 414 NESTORIUM
2499 357 2624 413 LIB.
2663 358 2725 414 Il.
2958 424 2971 429 η
3726 364 3795 418 86

491 472 557 524 οὗ
596 471 725 542 δίχα
756 472 963 542 σαρκὸς
1010 475 1040 527 ό
1088 474 1230 528 κατὰ
1280 474 1446 546 φύσιν
1480 476 1617 530 ἰδίαν
1644 476 1749 542 ἔξω
1779 477 1981 551 σαρκὸς
2017 478 2103 531 καὶ

2213 497 2276 537 ca
2310 498 2432 538 nem
2461 493 2515 538 et
2545 484 2889 555 sanguinem.
2928 483 3000 541 Ut
3036 484 3183 539 enim
3241 485 3331 556 qui
3364 478 3537 541 nostri
3563 485 3792 541 similem

493 563 985 637 αἵματος.Ὠσπερ
1012 566 1122 638 γὰρ
1152 567 1301 631 εἴτις
1337 567 1446 624 τῶν
1479 568 1603 622 καθ’
1637 572 1780 642 ἡμᾶς
1823 571 2103 641 ἄνθρωπον

2218 576 2496 631 hominem
2529 577 2848 642 occidisset,
2868 591 2973 632 non
3006 579 3196 646 utique
3229 588 3487 649 tanquam
3513 578 3652 633 duos
3676 579 3795 632 vio-

492 656 847 719 ἐποκτενὼν,
879 659 981 727 οὐχ
1004 657 1080 721 ὼς
1109 656 1203 712 δύο
1231 676 1333 713 που
1363 659 1565 731 μᾶλλον
1595 661 1871 734 ἠδικηκὼς
1899 662 2103 735 ἀνθρώ-

2215 669 2381 726 lasset
2415 670 2663 725 homines
2688 668 2815 739 jure
2859 679 3229 736 accusaretur,
3254 670 3350 726 sed
3382 685 3549 724 unum
3594 670 3793 735 solum,

496 766 659 812 τους,
698 753 1052 822 κατηγοροῖέ
1088 751 1155 806 ἂν
1188 753 1436 818 εἰκότως,
1478 754 1593 808 ἀλλ’
1622 755 1717 809 ἕνα
1770 755 1860 810 καὶ
1919 755 2103 826 μόνον,

2214 761 2463 832 quamvis
2485 761 2723 817 fortasse
2748 776 2812 816 ex
2844 762 3023 816 anima
3056 770 3111 817 et
3135 776 3366 831 corpore
3395 761 3794 825 consideretur,

488 841 609 895 κᾶν
656 844 897 897 ὲννοοῖτο
925 847 1088 916 τυχὸν
1142 849 1206 899 ἐκ
1231 846 1409 918 ψυχῆς
1439 848 1533 902 καὶ
1570 847 1843 920 σώματος,
1877 851 1969 904 καὶ
1997 851 2103 905 τῶν

2214 861 2270 907 et
2316 852 2383 907 iis
2411 867 2532 922 quae
2561 851 2805 906 alterutri
2838 852 3114 918 accidunt,
3139 859 3332 906 natura
3356 853 3427 907 sit
3453 867 3558 907 non
3580 853 3792 916 eadem,

491 934 763 1007 ἀλλήλοις
810 936 1242 1008 συμϐεϐηκότων
1272 940 1305 1010 ἡ
1337 938 1498 1008 φύσις
1526 938 1595 994 ἂν
1632 941 1718 1012 εἴη
1747 942 1846 1012 οὐχ
1889 943 1922 1013 ἡ
1966 942 2103 1012 αὑτὴ

2214 947 2310 1003 sed
2341 947 2555 1002 diversa
2585 962 2600 1011 ;
2636 945 2709 1000 ita
2743 944 2981 1001 vicissim
3014 945 3066 1000 in
3096 944 3319 1000 Christo
3347 953 3434 1000 est
3483 943 3795 1013 intelligen-

497 1028 734 1099 μᾶλλον,
774 1029 914 1083 ἀλλᾶ
963 1030 1220 1101 διάφορος
1246 1046 1260 1059 ·
1315 1029 1460 1085 οὕτω
1513 1032 1675 1087 πάλιν
1723 1034 1817 1086 ἐπὶ
1864 1035 2103 1106 Χριστοῦ

2214 1040 2342 1094 dum
2375 1056 2389 1092 :
2424 1054 2530 1093 non
2567 1037 2712 1092 enim
2739 1047 2824 1092 est
2863 1037 3082 1108 duplex,
3111 1038 3205 1092 sed
3239 1051 3379 1092 unus
3402 1045 3456 1091 et
3486 1035 3637 1113 solus
3682 1034 3792 1089 Do-

493 1120 757 1189 νοητέον’
793 1123 855 1174 οὐ
890 1123 1000 1193 γάρ
1044 1140 1126 1175 τοι
1175 1122 1397 1186 διπλοῦς
1428 1124 1603 1177 ἐστιν·
1632 1123 1748 1177 ἀλλ’
1776 1119 1855 1190 εἷς
1902 1144 1961 1180 τε
2010 1128 2103 1181 καὶ

2215 1131 2395 1186 tuiuus
2418 1146 2482 1186 ac
2517 1131 2687 1186 Filius
2740 1130 2867 1185 illud
2914 1146 2979 1184 ex
3036 1129 3146 1184 Deo
3189 1129 3351 1184 Patre
3401 1128 3661 1191 Verbum,
3687 1140 3795 1181 non

495 1211 670 1281 μόνος
698 1211 905 1283 Κύριος
948 1214 1040 1266 καὶ
1066 1213 1212 1278 Υίδς,
1243 1215 1270 1267 ό
1311 1216 1373 1267 ὲκ
1403 1214 1538 1269 Θεοῦ
1567 1215 1779 1288 Πατρὸς
1813 1217 2007 1285 Λόγος,
2042 1219 2103 1272 οὐ

2213 1221 2332 1277 sine
2357 1236 2561 1286 carne;
2592 1236 2716 1275 nam
2749 1221 2893 1275 inter
2926 1219 3321 1275 humanitatem
3348 1226 3405 1274 et
3448 1219 3792 1274 divinitatem

492 1303 622 1375 δίχα
676 1304 916 1375 σαρκόςο
967 1304 1389 1377 ἀνθρωπότητος
1422 1306 1521 1375 μὲν
1575 1308 1684 1379 γὰρ
1720 1310 1814 1361 καὶ
1853 1309 2103 1381 θεότητος

2213 1315 2507 1369 maximam
2569 1329 2691 1370 esse
2745 1312 3106 1371 dilferentiam
3159 1312 3279 1368 sive
3331 1312 3650 1368 distantiam
3692 1323 3795 1379 ego

493 1395 659 1465 δοίην
693 1395 884 1460 ἄνκαὶ
934 1396 1099 1461 αὐτὸς
1138 1395 1255 1466 ἐγὼ
1278 1397 1539 1470 πλείστην
1588 1394 1728 1453 εἶναι
1776 1399 1874 1471 τὴν
1918 1400 2103 1470 διαφο-

2212 1421 2430 1477 qnoque
2487 1406 2659 1461 fateor
2692 1423 2706 1459 :
2734 1406 2947 1460 diversa
2981 1418 3104 1461 sunt
3155 1408 3302 1462 enim
3336 1420 3457 1475 quae
3486 1403 3570 1457 his
3614 1401 3793 1456 nomi-

497 1487 626 1558 ρὰν,
660 1489 781 1559 ἦτοι
809 1488 1127 1542 διάστασιν*
1152 1489 1316 1560 ἕτερα
1348 1490 1457 1563 γὰρ
1496 1491 1638 1545 κατά
1660 1509 1724 1559 γε
1749 1492 1839 1546 τὸν
1864 1493 1959 1547 τοῦ
1988 1494 2103 1559 πῶς

2212 1499 2374 1558 nibus
2409 1499 2739 1566 indicantur,
2772 1499 2914 1569 quod
2947 1501 3012 1554 ad
3045 1501 3309 1555 rationem
3366 1498 3622 1554 essentia}
3665 1509 3793 1565 per-

492 1574 643 1632 sint
694 1578 874 1647 λόγον,
907 1579 1004 1633 καὶ
1038 1580 1191 1634 οὖδὲν
1232 1582 1486 1656 ἀλλήλοις
1516 1583 1734 1638 ἐοικότα
1759 1586 2008 1650 φαίνεται
2034 1585 2103 1640 τὰ

2214 1593 2372 1654 tinet,
2400 1598 2456 1645 et
2478 1589 2609 1644 nihil
2644 1589 2788 1645 inter
2809 1605 2867 1645 se
2896 1590 3093 1645 similia
3113 1591 3386 1646 videntur.
3414 1591 3483 1642 At
3518 1587 3607 1643 ubi
3638 1586 3795 1641 nobis

491 1669 898 1740 ὡνομασμένα.
928 1671 1415 1744 Παρενηνεγμὲνου
1442 1690 1506 1743 γε
1537 1674 1645 1746 μὴν
1667 1676 1748 1740 είς
1775 1677 1940 1746 μέσον
1973 1680 2103 1749 ἡμῖν

2212 1681 2485 1752 profertur
2515 1683 2565 1737 in
2594 1683 2829 1737 medium
2856 1681 3059 1738 Christi
3091 1683 3431 1754 mysterium,
3459 1681 3605 1735 illius
3639 1680 3796 1734 unio-

496 1759 813 1830 μυστηρίου
849 1759 945 1813 τοῦ
987 1761 1129 1816 κατὰ
1160 1764 1416 1834 Χριστὸν,
1446 1767 1474 1819 ὀ
1503 1768 1603 1839 τῆς
1655 1767 1905 1831 ἐνώσεως
1944 1769 2103 1838 λόγος

2213 1773 2299 1828 nis
2342 1758 2481 1829 ratio
2551 1790 2657 1829 non
2718 1776 2929 1844 ignorat
2984 1774 3202 1844 quidem
3268 1773 3648 1839 differentiam,
3700 1774 3794 1825 scd

492 1852 601 1904 οὐκ
643 1853 836 1920 ἀγνοεῖ
862 1853 962 1923 μὲν
992 1854 1090 1925 τὴν
1116 1853 1397 1928 διαφορὰν,
1433 1857 1676 1928 ἐξίστησι
1699 1859 1756 1913 δὲ
1783 1859 1881 1932 τὴν
1904 1860 2103 1931 διαίρε-

2211 1865 2533 1922 divisionem
2607 1841 3018 1936 excludit;non
3106 1868 3251 1938 quod
3333 1866 3630 1921 confundat
3703 1871 3796 1918 aut

498 1962 589 1998 σιν
613 1958 628 1971 ·
668 1946 730 1998 οὐ
766 1946 1013 2016 συγχέων
1048 1945 1169 2018 [τὰς
1203 1947 1416 2020 φύσεις]
1452 1950 1484 2021 ἦ
1531 1950 1843 2023 ἁνακιρνῶν
1868 1953 1968 2015 τὰς
2006 1953 2103 2024 φύ-

2214 1959 2440 2015 miseeat
2496 1969 2740 2025 naturas,
2806 1960 2901 2015 sed
2958 1961 3101 2028 quod
3161 1959 3340 2013 carnis
3387 1967 3443 2011 et
3514 1956 3795 2023 sanguinis

500 2054 621 2099 σεις
642 2054 658 2067 ’
692 2036 814 2090 ἀλλ’
842 2039 926 2090 ὅτι
968 2038 1175 2109 σαρκὸς
1198 2040 1289 2092 καὶ
1316 2040 1549 2109 αἵματος
1581 2042 1937 2112 μετεσχηκὼς
1961 2044 1990 2096 ὁ
2011 2043 2103 2098 τοῦ

2212 2050 2484 2121 particeps
2517 2050 2716 2107 factum
2745 2051 2919 2120 ipsum
2956 2051 3049 2106 Dei
3085 2050 3342 2117 Verbum,
3373 2064 3513 2103 unus
3541 2048 3651 2120 46
3676 2062 3797 2101 rur-

496 2127 641 2181 Θεοῦ
667 2127 867 2197 Λόγος,
887 2121 968 2192 εἷς
994 2129 1059 2200 δὴ
1091 2128 1253 2183 πάλιν
1282 2130 1376 2183 καὶ
1411 2129 1586 2195 οὕτως
1614 2133 1642 2184 ὁ
1668 2133 1795 2196 Υἱὸς
1813 2132 1923 2205 [τσ.
1952 2130 2103 2201 οὗτος

2210 2157 2330 2199 sum
2345 2145 2508 2200 etiam
2533 2144 2637 2200 hoc
2667 2145 2827 2200 modo
2857 2144 3027 2200 Filius
3052 2142 3373 2212 intelligitur
3397 2153 3451 2196 et
3469 2141 3791 2211 appellatur.

536 2218 660 2291 Γὶος]
701 2222 910 2273 νοεῖται
957 2221 1053 2274 καὶ
1097 2220 1445 2291 ὀνομάζεται,
1480 2224 1615 2277 Οὐδὲ
1647 2222 1776 2297 [tan
1807 2228 1872 2280 σὺ
1896 2227 1953 2281 δὲ.
1986 2227 1997 2295 |
2031 2229 2103 2302 μὴ

2215 2237 2294 2291 'l‘u
2321 2251 2452 2293 vero
2498 2251 2622 2292 cum
2657 2236 2792 2291 duos
2838 2236 3080 2291 christos
3132 2235 3390 2305 appellari
3438 2249 3546 2289 non
3597 2232 3795 2287 debere

507 2310 703 2379 χρῆναι
740 2308 921 2378 λέγων
962 2310 1222 2380 χριστοῦς
1250 2309 1611 2382 ὀνομάζεσθαι
1658 2314 1774 2380 δύο,
1811 2318 1953 2387 μήτε
2001 2320 2103 2390 μὴν

2212 2328 2384 2391 dicas,
2417 2342 2592 2395 neque
2626 2342 2816 2381 rursus
2838 2326 2974 2381 lilios
3004 2325 3162 2381 fateri
3197 2326 3352 2391 duos,
3394 2333 3450 2379 et
3481 2323 3791 2393 opinionem

505 2402 655 2464 υἱοὺς
682 2400 974 2471 ὁμολογεῖν
1007 2397 1149 2456 εἶναι
1176 2402 1289 2468 δύο,
1315 2405 1410 2458 καὶ
1440 2405 1538 2475 τῆς
1563 2409 1645 2470 είς
1668 2406 1829 2462 τοῦτο
1850 2410 2103 2480 δογματι-

2213 2417 2347 2471 recti
2373 2416 2641 2485 dogmatis
2667 2416 2913 2479 simules,
2969 2418 3104 2471 duos
3135 2425 3313 2469 tamen
3342 2416 3579 2471 christos
3609 2415 3793 2467 dicere

494 2492 601 2563 κῆς
627 2492 929 2565 ὀρθότητος
954 2492 1305 2566 [ἁπλότητος]
1336 2497 1697 2551 ὑποκλέπτων
1729 2500 2103 2570 τὴν-δόκησιν,

2210 2505 2577 2571 convinceris,
2605 2514 2658 2559 et
2685 2506 2737 2559 in
2779 2506 3056 2575 pr0priam
3098 2505 3473 2560 diversitatem
3516 2502 3797 2557 hominem

494 2584 595 2638 δύο
625 2585 696 2657 δὴ
720 2585 899 2654 λέγων
932 2586 1133 2658 ἁλίσκῃ
1158 2589 1436 2659 χριστοὺς,
1484 2589 1579 2644 καὶ
1609 2592 1689 2657 είς
1721 2591 1895 2663 ιδικὴν
1922 2594 2103 2666 ἑτερό-

2212 2597 2492 2667 Deumque
2534 2597 2892 2668 distinguere,
2924 2605 2980 2651 et
3019 2595 3168 2651 illum
3195 2596 3413 2665 quidem
3444 2595 3510 2648 ad
3555 2607 3793 2664 operan-

493 2696 642 2750 τητα
678 2678 892 2742 διῖστὰς
919 2678 1210 2751 ἄνθρωπον
1239 2681 1332 2734 καὶ
1368 2681 1501 2735 Θεόν
1523 2696 1538 2711 ·
1585 2683 1682 2736 καὶ
1726 2683 1820 2737 τὸν
1873 2685 1995 2754 μὲν,
2022 2688 2103 2740 ἐν·

2210 2690 2336 2745 dum
2369 2691 2521 2755 cieri,
2542 2691 2687 2746 hunc
2722 2689 2887 2745 etiam
2916 2689 2982 2745 ad
3007 2703 3146 2760 opus
3169 2688 3335 2754 ciere,
3360 2687 3579 2745 conaris
3604 2696 3792 2741 osten-

490 2768 669 2841 εργοὺ
677 2786 842 2840 μενον
861 2784 877 2801 ο
917 2769 1010 2823 τὸν
1033 2769 1112 2833 δὲ,
1144 2770 1237 2824 καὶ⁵
1265 2771 1613 2843 ὲνηργηκότα
1643 2773 1962 2840 καταδεῖξαι
1988 2793 2103 2831 πει-

2211 2782 2360 2841 dere.
2399 2781 2513 2836 Tua
2546 2797 2784 2852 namque
2811 2781 2898 2843 illa
2931 2782 3012 2838 sic
3034 2782 3257 2837 habent:

490 2863 864 2934 ρᾶσαι.Ἕχει
902 2862 961 2917 δὲ
1000 2862 1144 2918 οὕτω
1183 2864 1251 2918 τὰ
1292 2864 1447 2937 παρὰ
1485 2864 1606 2919 σοῦ·

570 2953 821 3027 [Ἤγουν
848 2952 945 3008 τοῦ
978 2955 1321 3024 Μονογενοῦς
1347 2956 1558 3022 εὐδοξία
1605 2959 1738 3013 ποτὲ
1768 2960 1870 3030 μὲν
1891 2961 1971 3033 τῷ
1997 2966 2103 3018 Πα-

2284 2959 2562 3032 [Νιεετοκ.
2612 2959 2707 3015 Illa
2756 2967 2909 3015 certe
2954 2957 3230 3030 Uuigeniti
3284 2956 3607 3030 gloriﬁcatio
3657 2969 3794 3008 non-

487 3046 590 3115 τρὶ
630 3047 973 3115 περιῆπται·
1015 3047 1208 3101 (Ἔστι
1242 3048 1367 3120 γὰρ,
1403 3049 1592 3119 φησὶν,
1629 3051 1659 3103 ὁ
1702 3052 1891 3126 Πατήρ
1934 3071 2038 3124 μου
2081 3058 2103 3110 ό

2213 3067 2486 3121 nunquam
2543 3051 2689 3111 Patri
2747 3051 3083 3107 ascribitur:
3123 3070 3144 3104 ι
3199 3050 3317 3118 Est,
3379 3051 3577 3120 inquit,
3636 3047 3797 3101 Pater

487 3137 747 3203 δοξάζων
795 3155 900 3209 με’
937 3158 955 3191 ι
1007 3139 1141 3193 ποτὲ
1195 3139 1275 3203 δὲ,
1327 3139 1408 3213 τῷ
1459 3141 1772 3212 Πνεῦματν
1830 3163 1849 3196 ι
1880 3145 1955 3198 Τὸ
1997 3145 2103 3218 γὰρ

2215 3157 2368 3197 meus
2415 3142 2506 3211 qui
2553 3141 2824 3212 gloriﬁcat
2868 3155 2957 3196 me
2977 3142 3022 3174 ³⁷
3053 3158 3068 3208 ;
3104 3160 3126 3195 ι
3182 3155 3568 3209 nonnunquam
3618 3137 3794 3209 Spiri-

491 3232 737 3301 Πνεῦμα
760 3232 863 3303 τῆς
891 3232 1174 3305 ἀληθείας,
1206 3234 1394 3304 φησὶν,
1423 3233 1523 3305 ἐμὲ
1555 3233 1805 3301 δοξάσει·
1840 3257 1859 3289 ι
1895 3239 2025 3293 ποτὲ
2049 3238 2103 3292 δὲ

2214 3235 2287 3291 tui
2327 3253 2342 3290 :
2381 3254 2401 3286 ι
2427 3233 2904 3304 Spiritus,inquit,
2926 3232 3173 3289 veritatis
3193 3246 3277 3287 me
3303 3232 3628 3302 gloriﬂcabit
3664 3231 3708 3263 ³⁸
3730 3247 3745 3297 ;
3767 3250 3787 3281 ο

488 3328 564 3397 τῇ
600 3324 846 3396 Χριστοῦ
877 3324 1197 3398 δυναστείᾳ·
1238 3346 1256 3379 ι
1281 3326 1623 3393 Ἐξελθόντες
1668 3329 1798 3401 γὰρ,
1834 3329 1993 3399 φησὶ,
2024 3329 2103 3384 δι-

2209 3326 2503 3396 aliquando
2556 3336 2741 3381 autem
2803 3325 3007 3381 Christi
3064 3325 3367 3396 potentize:
3422 3342 3443 3377 ι
3519 3323 3794 3378 Exeuntcs

487 3418 817 3488 εκήρυσσον
863 3417 956 3471 τὸν
1004 3417 1163 3487 λόγον
1194 3419 1495 3490 πανταχοῦ,
1526 3420 1622 3473 τοῦ
1652 3421 1859 3493 Κυρίου
1908 3438 2103 3492 συνερ-

2207 3419 2380 3483 enim,
2425 3417 2622 3489 inquit,
2647 3417 3018 3487 praadicabant
3039 3415 3263 3471 verbum
3308 3416 3531 3486 ubique,
3562 3414 3793 3469 Domino

488 3508 751 3579 γοῦντος,
784 3510 881 3563 καὶ
928 3511 1019 3563 τὸν
1066 3510 1227 3579 λόγον
1262 3511 1631 3582 βεϐαιοῦντος,
1657 3512 1743 3567 διὰ
1771 3512 1881 3568 τῶν
1905 3515 2103 3569 ἐπακο-

2207 3521 2555 3582 cooperante,
2585 3519 2637 3566 et
2691 3524 2999 3567 sermonem
3037 3508 3403 3566 conﬂrmante
3439 3506 3794 3576 sequentibus

489 3599 889 3672 λουθησάντων
924 3601 1190 3673 σημείων.
1204 3601 1253 3676 ι]

2207 3604 2379 3675 signis
2410 3602 2562 3675 "J1

1121 3736 1376 3792 ΚΕΦΑΛ.
1422 3741 1498 3793 Z'.

2843 3738 2997 3794 CAP.
3042 3736 3153 3792 VII.

2290 3875 2351 3930 Si
2392 3884 2650 3944 tanquam
2683 3888 2879 3944 expers
2924 3874 3112 3943 gloriae
3150 3871 3486 3942 unigenitum
3528 3872 3620 3927 Dei
3654 3870 3789 3925 Ver—

2206 3967 2358 4031 bum,
2395 3982 2499 4036 qua
2546 3976 2633 4021 est
2675 3974 2731 4023 et
2793 3964 3111 4035 intelligitur
3154 3962 3412 4026 Verbum,
3462 3970 3518 4016 et
3551 3963 3789 4015 nondum

2206 4059 2570 4124 incarnatum,
2595 4055 2729 4112 dicit
2753 4068 2874 4110 esse
2907 4052 3265 4123 gloriﬁcatum
3297 4067 3326 4105 a
3359 4050 3540 4114 Patre,
3573 4059 3793 4105 sancto-

2205 4163 2313 4219 que
2352 4146 2599 4218 Spiritu;
2648 4147 2756 4203 labi
2809 4146 2959 4201 illum
2991 4154 3045 4201 et
3075 4162 3105 4200 a
3143 4146 3372 4200 veritate
3403 4145 3682 4206 aberrare,
3721 4142 3788 4196 ad

2204 4256 2448 4313 presens
2480 4241 2634 4296 mitto
2679 4240 2883 4303 dicere,
2944 4240 3009 4294 ad
3039 4238 3185 4294 aliud
3233 4252 3469 4306 namque
3517 4251 3616 4292 nos
3654 4250 3791 4304 pra:-

2205 4347 2331 4389 sens
2357 4331 2506 4389 ducit
2527 4330 2762 4387 occasio.
2799 4328 2905 4385 Sed
2933 4329 3064 4385 mihi
3100 4328 3320 4386 videtur
3345 4329 3548 4385 oblitus
3586 4341 3789 4385 eorum

568 3872 638 3925 Ei
682 3870 787 3943 μὲν
819 3870 895 3935 ὡς
932 3869 1093 3943 δόξης
1140 3871 1333 3925 ἐπιδεᾶ
1372 3872 1465 3925 τὸν
1517 3874 1783 3945 μονογενῆ
1823 3875 1919 3929 τοῦ
1965 3878 2102 3933 θεοῦ

489 3965 700 4033 Λόγον,
731 3964 867 4018 καθό
889 3966 1007 4017 ἐστι
1031 3963 1124 4017 καὶ
1154 3967 1355 4018 νοεῖται
1376 3965 1570 4034 Λόγος,
1597 3968 1691 4019 καὶ
1721 3967 1875 4022 οὔπω
1906 3986 2103 4042 σεσαρ-

490 4058 778 4128 κωμένος,
808 4056 1125 4123 δεδοξάσθαι
1162 4057 1296 4129 φησὶ
1326 4058 1479 4131 παρὰ
1514 4059 1610 4112 τοῦ
1638 4061 1853 4132 Πατρὸς
1879 4063 1974 4116 καὶ
2004 4062 2101 4117 τοῦ

488 4150 661 4217 ἁγίου
698 4147 1039 4218 Πνεῦματος,
1073 4149 1156 4201 ὅτι
1182 4148 1277 4202 καὶ
1308 4150 1645 4220 παραπταίει
1670 4152 1763 4205 καὶ
1796 4152 2104 4225 διημάρτη-

492 4259 557 4296 κε
585 4241 642 4294 τ’
660 4239 923 4309 ἀληθοῦς,
952 4241 1188 4313 παρήσω
1216 4240 1397 4310 λέγειν
1420 4242 1501 4306 είς
1534 4242 1593 4296 τὸ
1621 4245 1821 4315 παρόν*
1848 4245 1972 4315 ἄγει
1992 4245 2103 4318 γὰρ

488 4337 653 4407 ἡμᾶς
683 4335 772 4404 écp‘
800 4333 988 4406 ἕτερον
1020 4335 1048 4388 ό
1087 4334 1297 4405 καιρός.
1318 4334 1703 4405 Ἐπιλελῆσοαι
1740 4336 1797 4390 δέ
1825 4355 1916 4409 μοι
1956 4338 2106 4392 δοκεῖ

489 4426 609 4480 τῶν
642 4424 852 4495 ἀρτίως
891 4422 1041 4494 αὑτῷ
1072 4423 1505 4496 τεθεωρημένων
1546 4442 1606 4478 τε
1646 4427 1738 4480 καὶ
1768 4428 2097 4499 εἰρημένων.

497 4518 655 4587 Ἔφη
688 4516 823 4587 γὰρ,
848 4516 961 4586 Οὐχ
984 4515 1174 4587 ἕτερος
1205 4517 1301 4571 καὶ
1332 4517 1519 4588 ἕτερος
1548 4518 1577 4571 ό
1602 4519 1856 4590 Χριστὸς,
1887 4521 1987 4575 οὐκ
2013 4521 2101 4575 ἂλ-

2209 4519 2348 4574 (ὶὶιίι
2376 4518 2523 4573 enim
2564 4534 2578 4570 :
2616 4514 2730 4569 Non
2787 4523 2873 4569 est
2926 4512 3067 4568 alius
3106 4521 3159 4567 et
3206 4512 3349 4566 alius
3381 4511 3654 4577 Christus,
3682 4525 3788 4566 non

489 4606 589 4672 λος
623 4607 720 4661 καὶ
759 4605 922 4669 ἄλλος
961 4607 1121 4671 Υίόςο
1151 4608 1271 4662 οὐδὲ
1298 4609 1410 4681 γὰρ
1455 4608 1655 4680 ἔχομεν
1693 4614 1949 4682 χριστοὺς
1982 4613 2095 4681 δύο,

2206 4610 2347 4666 alius
2394 4617 2448 4664 et
2501 4608 2638 4662 alius
2676 4605 2889 4659 Filius:
2939 4618 3114 4673 neque
3143 4602 3284 4658 enim
3342 4601 3603 4657 habemus
3656 4602 3793 4659 duos

490 4697 598 4753 καὶ
633 4697 787 4759 υἱοὺς
816 4695 931 4750 δύο.
950 4695 1115 4763 Ἀλλ’,
1146 4690 1193 4751 ὦ
1224 4698 1583 4766 συνετώτατε,
1622 4701 1789 4770 φαίην
1836 4702 1923 4770 ἂν,
1953 4705 2001 4757 εἰ
2028 4707 2103 4776 τῇ,

2208 4702 2446 4757 christos
2487 4700 2729 4767 duosque
2760 4695 2922 4751 ﬁlios.
2950 4692 3079 4761 Sed,
3108 4708 3143 4748 ο
3196 4693 3282 4748 vir
3340 4692 3788 4761 prudentissime,

2204 4441 2326 4496 qua:
2407 4439 2582 4493 nuper
2633 4422 2702 4477 ab
2748 4421 2863 4490 ipso
2914 4420 3255 4477 considerata
3313 4421 3567 4489 dictaque
3615 4429 3787 4474 sunt:
3866 4461 3886 4482 .

486 4789 747 4862 Χριστοῦ
810 4788 1106 4861 δυναστείᾳ
1153 4789 1460 4862 περιῆφθαι
1512 4790 1818 4845 διαϐεϐαιοῖ
1858 4793 1958 4866 τὴν
2001 4794 2097 4848 τοῦ

486 4879 844 4950 Μονογενοῦς
876 4879 1147 4948 εὐδοξίαν,
1171 4881 1288 4946 πῶς
1318 4884 1416 4954 οὐχ
1437 4882 1622 4956 ἔτερος
1661 4885 1755 4938 καὶ
1781 4883 1966 4957 ἕτερος
1987 4879 2098 4941 εἷεν

487 4975 587 5041 ἂν,
629 4974 671 5045 ἦ
691 4972 810 5037 πῶς
836 4973 898 5026 οὐ
922 4972 1017 5025 δύο
1046 4972 1225 5045 πάντη
1256 4990 1317 5026 τε
1352 4974 1446 5027 καὶ
1468 4972 1685 5037 πάντως
1708 5013 1723 5041 ,
1757 4974 1918 5048 εἴπερ
1950 4977 2100 5032 ἐστὶν

484 5070 596 5140 οὐχ
618 5069 650 5121 ό
673 5067 839 5130 αὐτὸς
863 5067 891 5119 ὁ
918 5065 1098 5129 διδοὺς
1120 5067 1215 5119 καὶ
1239 5065 1552 5137 δεχόμενος,
1582 5066 1751 5137 ἤγουν
1776 5069 2100 5140 περιάπτων

481 5162 568 5225 ὡς
598 5160 779 5231 ἑτέρῳ
805 5160 941 5229 παρ’
959 5158 1154 5213 ἑαυτὸν
1190 5159 1260 5213 τὰ
1295 5159 1453 5229 φύσει
1488 5161 1757 5231 προσόντα
1787 5161 1956 5232 αὐτῷ.
1976 5163 2095 5216 Ἐν-

486 5257 713 5325 ήργηκε
757 5251 891 5319 γοῦν
941 5251 1358 5323 ὲνεργούμενος,
1386 5251 1462 5315 ὡς
1507 5251 1694 5323 ἕτερός
1719 5270 1801 5315 τις
1836 5253 2097 5323 ὑπάρχων

485 5343 738 5415 Χριστὸς
768 5341 923 5413 παρὰ
961 5341 1055 5395 τὸν
1100 5342 1386 5413 Μονογενῆ
1454 5343 1504 5394 εἰ
1533 5342 1641 5413 γὰρ
1674 5342 1973 5412 περιῆπται
1998 5341 2098 5413 μὲν

486 5434 671 5505 αὐτῷ,
703 5432 852 5487 καθὰ
895 5431 1025 5505 φὴς,
1070 5432 1104 5502 ὴ
1132 5431 1229 5486 τοῦ
1268 5431 1610 5499 Μονογενοῦς
1641 5431 1892 5499 εὐδοξία,
1939 5433 2006 5503 τῇ
2040 5432 2098 5487 δὲ

488 5527 634 5598 παρ’
666 5525 838 5579 αὐτοῦ
891 5522 1184 5594 δυναστείᾳ
1220 5522 1520 5596 χρώμενοι,
1551 5522 1971 5595 διεκηρύττοντο
2002 5522 2099 5577 καὶ

488 5619 826 5693 εξργάζοντο
881 5617 984 5682 τὰς
1031 5616 1361 5688 θεοσημείας
1403 5618 1453 5672 οι
1499 5616 1781 5671 θεσπέσιοι
1827 5614 2093 5687 μαθηταὶ,

468 5799 542 5881 ,ιδ’
576 5798 741 5857 Joan.
772 5815 889 5868 vni,
932 5797 1022 5854 Si.
1098 5794 1142 5829 ³⁸
1165 5793 1323 5855 Joan.
1358 5809 1465 5862 ινι,
1499 5794 1582 5851 id.
1664 5794 1709 5828 ³⁹
1739 5791 1908 5850 Marc.
1938 5806 2052 5864 xvr,
2081 5791 2172 5849 20.

2207 4792 2451 4861 inquam,
2493 4790 2537 4844 si
2562 4787 2765 4843 Christi
2812 4783 3075 4856 potentia:
3132 4783 3333 4840 ascribi
3380 4783 3620 4839 aﬂirmas
3655 4784 3757 4840 Uni

2209 4884 2376 4956 geniti
2435 4882 2909 4953 gloriﬁcationem,
2955 4877 3232 4949 quomodo
3277 4894 3382 4933 non
3429 4877 3571 4933 alter
3621 4880 3696 4932 sit
3736 4885 3793 4932 ct

2205 4977 2366 5044 alter,
2392 4984 2487 5030 aut
2522 4974 2796 5044 quomodo
2826 4988 2932 5028 non
2970 4986 3197 5043 prorsus
3222 4972 3350 5036 duo,
3379 4970 3651 5041 siquidem
3683 4985 3790 5025 non

2203 5070 2349 5125 idem
2409 5077 2496 5124 est
2527 5066 2619 5137 qui
2678 5066 2772 5121 dat
2800 5075 2854 5122 et
2882 5066 2973 5136 qui
3024 5064 3245 5134 accipit,
3300 5064 3515 5133 autqui
3564 5062 3795 5118 ascribit

2206 5160 2361 5217 alteri
2389 5169 2646 5229 tanquam
2674 5174 2703 5213 ο
2733 5173 2794 5214 se
2847 5158 3082 5225 diverso,
3130 5173 3248 5228 qum
3275 5157 3378 5211 sibi
3407 5170 3505 5225 per
3539 5167 3787 5209 naturam

2207 5250 2730 5322 iusunt?0peratus
2790 5261 2875 5310 est
2914 5267 3046 5323 ergo
3091 5251 3361 5312 Christus,
3410 5249 3664 5316 idemque
3718 5247 3787 5301 ad

2204 5324 2553 5413 (iperandurn~
2569 5343 2782 5399 excitus
2814 5352 3072 5413 tanquam
3093 5342 3341 5396 diversus
3360 5339 3427 5392 ab
3456 5336 3787 5409 Unigenito:

2208 5450 2331 5491 nam
2357 5436 2406 5492 si
2443 5436 2739 5492 ascribitur
2786 5435 2912 5505 ipsi,
2951 5444 3010 5489 ut
3039 5433 3267 5496 asseris,
3318 5429 3589 5501 Uuigeniti
3624 5433 3793 5504 glori-

2206 5525 2412 5592 ﬁcatio,
2448 5535 2505 5583 et
2559 5525 2795 5598 potentia
2842 5525 2913 5582 ab
2938 5524 3057 5596 ipso
3083 5525 3208 5579 data
3261 5531 3476 5579 utentes
3513 5523 3656 5579 beati
3710 5523 3789 5579 illi

2206 5616 2454 5690 discipuli
2476 5618 2867 5689 praedicabant,
2899 5625 2955 5675 et
2979 5617 3158 5674 divina
3187 5614 3277 5673 illa
3311 5616 3467 5688 signa
3491 5614 3786 5681 faciebant,
