4150 6432
229 405 300 463 89

1398 381 1775 444 ADVERSUS
1818 377 2238 437 NESTORIUM'
2266 374 2395 431 LIB.
2439 372 2501 428 II.

3471 359 3541 417 90

234 524 330 595 τὴν
358 520 505 593 πρὸς
523 519 623 574 τὸν
648 515 890 591 Χριστὸν
920 513 1149 584 διηνεκῆ
1170 531 1184 544 ·
1218 510 1308 565 καὶ
1340 509 1441 563 οὐκ
1471 508 1587 560 ἔστι
1613 504 1705 558 τὸν
1728 502 1859 557 Θεὸν

1984 515 2116 568 ιιιιη,
2182 498 2308 568 quia
2342 494 2501 555 habet
2548 497 2867 561 perpetuam
2901 501 3023 542 eum
3050 482 3270 541 Christo
3310 478 3541 548 conjun-

234 616 409 684 Λόγον
438 612 579 667 ἀνευ
604 611 708 681 τῆς
736 606 1164 679 ἁνθρωπότητος
1193 600 1398 675 πρᾶξαί
1419 617 1500 653 τι’
1524 595 1851 667 ἀπηκρίϐω-

238 723 325 761 ται
370 703 488 773 γὰρ
522 702 612 765 εἰς
652 699 837 769 ἄκραν
887 696 1205 765 συνάφειαν,
1249 694 1350 746 οὐκ
1398 691 1475 752 εἰς
1524 686 1851 750 ἀποθέωσιν,

246 795 385 850 κατὰ
435 794 573 856 τοὺς
637 791 852 859 σαφοῦς
902 787 1012 840 τῶν
1064 783 1443 856 δογματιστῶν
1499 780 1610 835 τῶν
1659 778 1857 832 νεωτέ-

256 887 405 964 μω]

870 1015 1250 1094 KEpAA.uz

328 1159 391 1212 '0
424 1158 607 1227 φάναι
633 1156 923 1227 τολμήσας
953 1155 1054 1224 τὴν
1096 1151 1192 1206 τοῦ
1239 1147 1580 1219 Μονογενοῦς
1615 1144 1857 1210 εὐδοξίαν

243 1256 308 1322 τῇ
348 1249 598 1322 Χριστοῦ
633 1247 945 1318 περιῆφθαι
969 1244 1275 1316 δυναστεία,
1308 1245 1403 1296 καὶ
1424 1242 1516 1294 τὸν
1545 1240 1643 1310 τῆς
1669 1240 1859 1310 ἑνότη-

246 1362 335 1405 τος
370 1342 688 1411 σύνδεσμον
720 1340 1053 1402 διασπάσας,
1090 1336 1311 1403 συνάγει
1346 1335 1508 1390 πάλιν
1537 1333 1617 1395 εἰς
1644 1332 1859 1395 ἕνωσιν,

244 1436 458 1489 διαλύει
490 1451 555 1488 τε
599 1430 696 1497 αὖ,
744 1432 843 1485 καὶ
877 1430 1154 1500 ἐξίστησιν
1205 1427 1451 1497 ἀλλήλων
1492 1425 1592 1488 τὰς
1644 1424 1858 1494 φύσεις,

249 1531 345 1580 πλε
359 1529 497 1581 ῖστά
532 1544 597 1580 τε
638 1528 746 1580 ὅσα
781 1526 910 1595 περὶ
953 1524 1159 1576 τούτων
1187 1521 1320 1590 ἡμῖν
1352 1517 1627 1585 κενολογεῖ
1652 1516 1746 1568 καὶ
1776 1531 1863 1567 τεο

249 1623 570 1694 ρατεύεται,
593 1620 688 1674 ἴνα
718 1618 826 1672 κᾶν
850 1618 967 1670 εἴτι
998 1616 1241 1685 φαίνοιτο
1270 1613 1447 1680 λέγων
1469 1610 1580 1664 τῶν
1606 1611 1685 1672 εἰς
1709 1608 1865 1679 ὀρθό-

248 1734 387 1787 τητα
418 1712 797 1774 νενευκότων,
828 1709 1186 1779 ἐξελέγχηται
1223 1705 1408 1776 σαφῶς
1440 1707 1514 1776 μὴ
1543 1703 1699 1767 εἰδὼς
1724 1702 1752 1756 ὃ
1776 1701 1866 1755 λέ-

257 1827 355 1876 γει.
388 1803 552 1861 Εἶναι
600 1805 706 1877 μὲν
741 1803 853 1874 γὰρ
876 1801 1066 1855 ἐνθάδε
1102 1800 1236 1870 φησὶ
1263 1798 1353 1851 τὸν
1377 1797 1473 1850 τοῦ
1502 1795 1638 1849 Θεοῦ
1667 1795 1861 1863 Λόγον,

260 1903 352 1953 καὶ
382 1900 519 1953 Υίδν
542 1899 649 1953 καὶ
674 1897 831 1962 Θεὸν,
861 1897 957 1948 καὶ
988 1895 1096 1966 πρὸ
1124 1894 1222 1962 τῆς
1242 1891 1712 1962 ἐνανθρωπήσεως
1731 1907 1745 1920 ·
1771 1890 1866 1943 καὶ

260 1994 367 2062 μὴν
400 1993 486 2044 ὅτι
521 1992 622 2044 καὶ
672 1991 732 2042 ὲν
783 1988 1037 2059 ὑστέροις
1074 1988 1288 2056 καιροῖς
1337 1984 1566 2038 ἀνέλαϐε
1617 1984 1719 2052 τὴν
1771 1980 1866 2034 τοῦ

256 2084 450 2139 δούλου
482 2083 729 2153 μορφήν.
762 2078 945 2152 Φράζε
980 2079 1046 2151 δὴ
1080 2075 1193 2142 οὖν,
1225 2081 1274 2131 εί
1307 2078 1380 2148 μή
1418 2094 1501 2130 σοι
1526 2075 1669 2129 δοκῶ
1696 2075 1765 2129 τά
1794 2076 1871 2129 εί-

265 2177 402 2231 κότα
423 2177 630 2243 λέγειν,
658 2174 742 2236 τίς
772 2174 840 2243 δὴ
878 2172 990 2244 ἄρα
1020 2172 1169 2226 ἐστὶν
1201 2172 1230 2224 6
1259 2169 1679 2241 ἐνανθρωπῆσαι
1706 2167 1868 2236 λεγό-

277 2285 478 2339 μενος;
505 2269 596 2320 καὶ
620 2266 675 2318 τί
704 2266 790 2332 τὸ,
821 2263 1266 2336 ὲνανθρωπῆσαι,
1300 2263 1441 2333 φής;
1477 2260 1563 2322 τίς
1590 2262 1617 2314 6
1647 2259 1745 2330 τὴν
1775 2257 1870 2311 τοῦ

272 2361 464 2414 δούλου
507 2359 723 2430 μορφὴν
770 2357 1095 2423 ἀναλαδών;
1142 2355 1416 2425 ἀνελήφθη
1450 2353 1506 2407 δὲ
1539 2353 1671 2424 παρ’
1703 2351 1871 2405 αὑτοῦ

266 2453 386 2505 τίνα
414 2452 654 2521 τρόπον;
687 2452 816 2505 Ὀτι
850 2451 950 2522 μὲν
996 2443 1090 2503 οὖν
1123 2447 1411 2517 ἄνθρωπον
1451 2444 1873 2517 ὲνανθρωπῆσαι

260 2543 460 2612 λέγων,
492 2542 739 2612 γέλωτος
788 2541 948 2607 ἀξίαν
1000 2542 1272 2611 ἀποφανεῖ
1313 2540 1414 2609 τὴν
1446 2537 1640 2593 ἑαυτοῦ
1679 2537 1873 2609 φρένα,

259 2637 381 2700 πῶς
412 2637 483 2690 ἂν
511 2636 821 2690 ἑνδοιάσειέ
847 2653 933 2699 τις
957 2653 972 2700 ;
1001 2636 1029 2688 6
1061 2635 1168 2706 γὰρ
1201 2633 1274 2687 ὣν
1300 2631 1585 2704 ἄνθρωπος
1611 2631 1753 2685 κατὰ
1776 2629 1877 2700 φύ-

261 2747 365 2791 σιν,
400 2730 526 2793 πῶς
561 2729 633 2783 ἂν
676 2728 705 2781 δ
748 2725 818 2798 ἦν
870 2728 1087 2796 γένοιτο
1127 2726 1309 2793 πάλιν,
1344 2727 1437 2780 καὶ
1466 2726 1542 2789 ὼς
1575 2726 1658 2794 ἐφ’
1683 2723 1877 2795 ἕτερόν

262 2839 312 2873 τι
336 2819 837 2892 μετακεχωπκὼς
864 2818 951 2891 εἴη
979 2818 1067 2883 ἂν,
1094 2820 1237 2873 κατά
1265 2819 1330 2888 γέ
1358 2836 1501 2888 φημι
1532 2817 1623 2871 τὸν
1654 2817 1750 2884 τῆς
1778 2816 1879 2887 φύ-

273 2928 399 2975 σεως
423 2911 633 2980 λόγον;
673 2911 749 2963 T6
796 2910 853 2963 δὲ
892 2911 1035 2965 κατὰ
1070 2910 1232 2980 φύσιν
1265 2911 1403 2965 ίδίαν
1435 2910 1534 2963 οὐκ
1569 2908 1875 2979 ἐλεύθερον,

273 3004 384 3057 τίνα
413 3004 627 3077 τρόπον
655 3004 726 3058 ἂν
756 3003 974 3072 λέγοιτο
1015 3003 1351 3073 γεγενῆσθαι
1383 3002 1589 3067 δοῦλον,
1617 3003 1693 3066 ὡς
1723 3001 1880 3055 τοῦτο

274 3098 365 3149 οὒκ
396 3097 456 3150 ὃν
490 3098 553 3149 ἐν
589 3098 831 3168 ἀρχαῖς;
866 3093 1083 3149 Οὐκοῦν
1127 3096 1227 3148 οὐκ
1271 3094 1549 3165 ἀνθρώπῳ
1580 3094 1780 3167 πρέποι
1814 3093 1881 3148 ἂν

269 3187 346 3249 τι,
370 3187 833 3257 ὲνανθρωπῆσαι,
868 3184 1067 3247 πολλοῦ
1096 3202 1158 3254 γε
1182 3186 1291 3237 δεί’
1319 3185 1413 3238 καλ⁸
1440 3185 1538 3253 τὴν
1567 3184 1660 3237 τοῦ
1691 3183 1879 3237 δούλου
1908 3199 1952 3255 C

274 3280 485 3350 μορφὴν
513 3278 733 3344 λαϐεῖν,
756 3274 879 3348 οὖχὶ
907 3276 985 3348 τῷ
1014 3280 1108 3331 καὶ
1132 3279 1189 3329 ἐν
1212 3277 1410 3347 ἀρχαῖς
1437 3277 1499 3330 τὸ
1519 3277 1617 3347 τῆς
1639 3275 1882 3340 δουλείας

272 3372 446 3442 ἔχοντι
480 3371 717 3442 μέτρον,
742 3369 861 3423 ἀλλ’
887 3370 1084 3439 ἐκείνῳ
1113 3368 1334 3438 μᾶλλον,
1357 3368 1416 3432 ὃς
1448 3368 1547 3420 οὐκ
1572 3367 1645 3420 ὢν
1668 3366 1763 3420 ἀνθ
1775 3384 1882 3436 ρω-

274 3481 368 3528 πος
396 3463 548 3517 κατὰ
579 3462 772 3532 φύσιν,
802 3460 963 3514 τοῦτο
992 3460 1248 3530 γενέσθαι
1278 3459 1615 3513 πιστεύεται·
1648 3458 1743 3511 κα)⁵
1777 3457 1884 3511 τῶν

273 3558 407 3610 ὅλων
436 3557 717 3626 ὑπάρχων
741 3553 1046 3625 Δεσπότης,
1071 3553 1144 3617 ὡς
1177 3552 1329 3616 Θεὸς,
1348 3551 1591 3620 καθῆκεν
1610 3549 1803 3604 ἑαυτὸν
1826 3552 1885 3603 ὲν

272 3651 384 3710 τοῖς
413 3648 543 3701 καθ’
567 3648 745 3719 ἡμᾶς,
779 3645 988 3709 ὲνώσας
1017 3643 1196 3715 ἑαυτῷ
1230 3644 1350 3698 καθ’
1374 3644 1679 3696 ὑπόστασιν
1704 3641 1765 3695 τὸ
1794 3643 1887 3696 ἀν-

274 3740 579 3812 θρώπινον,
616 3739 717 3792 καὶ
766 3737 867 3808 τὴν
920 3736 1015 3790 τοῦ
1065 3735 1253 3790 δούλου
1313 3733 1528 3807 μορφὴν
1576 3731 1884 3788 ἀναλαϐών.

274 3832 437 3885 Οὕτω
466 3832 584 3903 γάρ
617 3831 776 3883 ἔσται
806 3831 902 3884 καὶ
934 3827 1134 3899 ἀληθὲς
1163 3829 1301 3898 ὅπερ
1335 3827 1491 3897 ἔφης,
1520 3826 1602 3880 ὅτι
1627 3825 1765 3896 μετά
1789 3825 1889 3896 τὴν

273 3920 554 3992 ἀνάληψιν
584 3921 649 3973 οὐ
680 3918 909 3972 δύναται
933 3916 1218 3971 καλεῖσθαι
1263 3915 1691 3987 κεχωρισμένως
1733 3914 1886 3981 Υἱὸς,

276 4012 364 4064 ἵνα
411 4011 490 4081 μὴ
521 4009 622 4063 δύο
649 4008 808 4071 υἱοὺς
838 4007 1282 4078 δογματίσωμεν.
1317 4007 1426 4061 Καὶ
1453 4008 1486 4076 ἡ
1524 4005 1625 4077 μὲν
1660 4004 1769 4058 τῶν
1802 4005 1890 4059 δο-

286 4106 508 4171 γμάτων
554 4100 699 4173 ὀρθή
735 4118 795 4154 τε
850 4103 943 4154 καὶ
972 4099 1353 4170 ἀδιάστροφος,
1401 4099 1496 4152 καὶ
1525 4099 1607 4161 είς
1635 4097 1765 4150 εὐθὺ
1809 4096 1893 4150 διι-

292 4199 525 4271 ᾁττουσα
562 4193 785 4267 τρίϐος,
816 4192 911 4265 ἥδε
936 4192 998 4245 τέ
1024 4193 1144 4244 ἐστι
1173 4191 1267 4244 καὶ
1295 4192 1394 4261 οὐχ
1424 4188 1608 4261 ἑτέρα.
1639 4186 1813 4251 Αὐτὸς
1835 4186 1894 4241 δὲ

287 4287 349 4355 δή
381 4288 572 4354 πάλιν,
612 4287 643 4338 6
668 4284 774 4352 τὴν
798 4282 1216 4355 ὲνανθρὼπησιν
1247 4283 1381 4351 ἡμῖν
1413 4279 1690 4350 ὀνομάσας
1710 4276 1805 4331 τοῦ
1830 4278 1895 4331 ὲκ

285 4377 504 4447 Πατρὸς
533 4375 699 4438 ὄντος
733 4374 933 4442 Λόγου,
977 4372 1265 4443 μονονουχὶ
1294 4369 1390 4423 καὶ
1423 4370 1502 4432 είς
1532 4367 1703 4440 λήθην
1731 4367 1895 4432 εὐθὺς

277 4462 354 4521 ὦν
388 4469 502 4537 ἔφη
546 4463 933 4537 παρενεχθεὶς,
971 4464 1207 4533 διῖστησι
1238 4462 1401 4516 πάλιν
1431 4463 1511 4525 είς
1538 4460 1633 4513 δύο
1657 4458 1750 4514 τὸν
1775 4458 1893 4524 ἕνα,

278 4560 379 4613 καὶ
404 4562 538 4622 ταῖς
554 4557 669 4611 τῶν
685 4556 969 4626 ὀνομάτων
996 4552 1329 4627 [νοημάτων]
1356 4551 1656 4625 ὲξιτηλίαις

1958 594 2194 648 etionem
2235 601 2458 656 :ncque
2512 581 2779 652 contingit
2827 589 2886 634 ut
2927 579 3071 633 Deus
3134 574 3373 630 Verbum
3424 572 3542 625 sine

1962 682 2301 739 humanitate
2356 677 2521 731 l'nciat
2574 671 2777 742 aliquid
2809 689 2823 726 :
2852 669 3146 737 perductus
3184 673 3268 718 est
3300 665 3440 716 enim
3475 659 3541 711 ad

1960 788 2229 831 summam
2288 767 2750 836 coniunctionem,
2786 776 2892 816 non
2922 758 2989 813 ad
3028 755 3453 814 deiﬁcationcm,
3485 759 3543 802 ut

1961 867 2235 937 sapientes
2272 877 2304 918 e
2333 856 2732 916 recentioribus
2781 847 3128 923 dogmatistis
3163 840 3473 913 asserunt.]

2590 989 2743 1047 CAP.
2782 985 2921 1043 VIII.

2035 1136 2139 1205 Qui
2194 1134 2379 1188 dicere
2430 1143 2596 1184 ausns
2641 1134 2725 1182 est
2763 1120 3042 1193 Unigeniti
3096 1114 3543 1189 gloriﬁcationem

1963 1228 2170 1286 Lhristi
2202 1222 2457 1296 potentia:
2499 1219 2692 1282 tribui,
2748 1224 2805 1271 et
2854 1214 2947 1285 qui
2993 1210 3271 1267 vinculum
3324 1207 3547 1261 unitatis

1964 1320 2238 1385 distraxit,
2256 1329 2447 1371 rursus
2473 1312 2539 1367 ad
2563 1311 2816 1365 unionem
2834 1300 3141 1374 coniungit,
3181 1299 3549 1370 disjungilque

1969 1428 2184 1477 rursus,
2216 1419 2272 1465 et
2303 1416 2527 1463 naturas
2557 1387 2789 1471 invicem
2813 1407 3057 1469 separat,
3088 1407 3147 1450 et
3176 1395 3264 1449 bis
3296 1393 3362 1447 de
3385 1390 3548 1446 rebus

1969 1501 2368 1575 quamplurima
2414 1497 2570 1553 nobis
2589 1509 2728 1548 vane
2750 1499 3176 1562 portentosoque
3206 1483 3465 1554 loquitur,
3490 1488 3552 1535 ut

1967 1602 2131 1654 etiam
2158 1595 2202 1649 si
2233 1592 2363 1663 quid
2399 1588 2534 1644 recti
2571 1587 2755 1641 dicere
2803 1581 3075 1645 videatur,
3135 1586 3311 1631 tamen
3364 1581 3551 1643 aperte

1969 1696 2297 1758 coarguatur
2322 1685 2575 1754 ignorare
2600 1680 2729 1750 quid
2752 1673 3069 1732 dicat.Nam
3098 1672 3201 1725 hoe
3230 1668 3549 1735 loco‘ipsum

1974 1782 2066 1835 Dei
2100 1756 2336 1832 Verbum
2367 1782 2422 1828 et
2468 1770 2668 1826 Filium
2695 1777 2751 1823 et
2790 1768 2959 1821 Deum
2989 1776 3111 1817 esse
3156 1758 3353 1813 asserit
3386 1756 3550 1811 etiam

1900 1857 1941 1911 Β
1971 1881 2263 1938 antequam
2303 1866 2467 1920 homo
2494 1862 2648 1917 ﬁeret
2672 1875 2688 1925 ;
2714 1864 2975 1927 praeterea
2994 1850 3390 1921 posterioribus
3417 1856 3554 1900 tem-

1971 1963 2192 2034 poribus
2231 1957 2462 2012 Iormam
2513 1952 2655 2007 servi
2719 1946 3021 2015 accepisse.
3085 1940 3307 2011 Explica
3364 1937 3552 2005 igitur,

1971 2054 2073 2110 nisi
2111 2052 2205 2107 tibi
2254 2044 2645 2116 consequentia
2707 2040 2898 2097 videor
2929 2039 3132 2099 dicere,
3176 2032 3424 2102 quisnam
3464 2028 3557 2082 ille

1971 2156 2054 2202 est
2078 2144 2169 2214 qui
2222 2142 2386 2196 homo
2419 2138 2594 2193 lactus
2641 2148 2761 2189 esse
2804 2128 3053 2187 dicitur?
3085 2126 3215 2196 quid
3255 2124 3417 2178 etiam
3454 2121 3558 2174 hoc

1974 2239 2147 2307 ipsum
2179 2235 2454 2290 hominem
2515 2227 2633 2283 ﬁeri
2663 2224 2801 2281 dicis
2830 2223 2854 2277 ?
2882 2221 3132 2291 quisnam
3170 2216 3258 2270 ille
3301 2214 3392 2282 qui
3441 2212 3558 2265 l‘or-

1976 2346 2116 2385 mam
2132 2326 2285 2383 servi
2317 2321 2605 2390 suscepit?
2640 2328 2697 2373 et
2725 2330 2961 2387 quonam
3001 2311 3160 2367 modo
3195 2308 3263 2364 ab
3286 2321 3351 2362 eo
3373 2318 3561 2361 susce-

1975 2428 2064 2491 pta
2091 2427 2174 2473 est
2201 2416 2322 2470 ?Ac
2351 2404 2397 2469 si
2436 2394 2712 2466 hominem
2762 2404 2966 2460 dixerit
3018 2414 3140 2456 esse
3181 2400 3559 2459 bumanatum,

1977 2488 2364 2582 quisquamne
2399 2503 2609 2559 dubitet
2654 2500 2786 2571 quin
2846 2494 3178 2552 sententiam
3227 2505 3390 2547 suam
3449 2488 3559 2542 risu

1978 2604 2195 2671 dignam
2225 2599 2294 2654 sit
2327 2596 2648 2667 proditurus
2678 2592 2701 2646 τ
2727 2603 2853 2646 nam
2900 2587 2993 2657 qui
3038 2586 3200 2640 homo
3238 2583 3311 2638 sit
3363 2594 3562 2635 secun-

1979 2696 2106 2750 dum
2139 2702 2412 2752 naturam,
2455 2685 2728 2758 quomodo
2783 2681 2928 2753 quod
2966 2692 3087 2734 erat
3132 2690 3324 2732 rursus
3371 2672 3484 2739 (let,
3510 2678 3566 2725 et

1982 2798 2241 2855 tauquam
2264 2783 2319 2837 in
2350 2780 2495 2835 aliud
2525 2777 2806 2849 quidpiam
2856 2771 3136 2836 transibit,
3172 2767 3316 2838 quod
3347 2764 3417 2819 ad
3472 2779 3568 2818 na-

1983 2893 2138 2949 turae,
2167 2881 2412 2949 inquam,
2438 2879 2637 2930 attinet
2665 2873 2929 2927 rationem
2959 2870 2983 2923 ?
3008 2868 3109 2935 Qui
3140 2867 3304 2923 etiam
3338 2879 3403 2918 ex
3447 2862 3565 2931 ipsa

1982 2990 2079 3030 sua
2132 2981 2325 3024 natura
2377 2982 2482 3022 non
2524 2974 2607 3019 est
2639 2964 2794 3027 liber,
2845 2958 3118 3030 quomodo
3156 2970 3352 3011 servus
3393 2954 3568 3007 factus

1983 3079 2103 3121 esse
2133 3063 2364 3122 dicetur,
2415 3068 2670 3127 tanquam
2711 3050 2976 3122 ejusmodi
3034 3058 3162 3103 ante
3207 3062 3313 3102 non
3349 3042 3567 3099 fuerit?

1984 3158 2128 3227 Ergo
2158 3153 2365 3209 homini
2398 3165 2503 3204 non
2528 3146 2816 3202 conveniet
2849 3141 3124 3197 hominem
3165 3138 3305 3202 ﬁeri,
3344 3150 3568 3206 prorsus

1986 3248 2133 3303 nullo
2182 3244 2360 3308 modo,
2397 3249 2453 3295 et
2483 3238 2625 3294 servi
2663 3238 2894 3291 formam
2938 3233 3208 3303 accipere,
3263 3244 3370 3283 non
3402 3228 3450 3282 ei
3474 3228 3566 3295 qui

1984 3332 2151 3400 etiam
2195 3356 2225 3394 a
2278 3336 2546 3408 principio
2600 3344 2912 3388 mensuram
2980 3336 3142 3394 atque
3200 3302 3568 3378 conditionem

1984 3434 2260 3493 servitutis
2290 3431 2519 3494 habeat;
2576 3426 2670 3482 sed
2699 3424 2775 3478 illi
2810 3421 3091 3485 nimirum,
3120 3414 3212 3487 qui
3244 3428 3368 3469 eum
3402 3413 3566 3465 homo

1987 3544 2094 3585 non
2147 3535 2293 3582 esset
2332 3521 2631 3579 secundum
2666 3524 2940 3579 naturam,
2971 3510 3234 3565 id.l'actus
3278 3518 3402 3559 esse
3447 3516 3571 3556 creo

1988 3621 2135 3677 ditur
2166 3628 2259 3684 ;et
2284 3630 2409 3671 eum
2439 3612 2819 3669 universorum
2872 3613 3021 3660 esset
3058 3598 3342 3658 Dominus.
3389 3602 3575 3663 utpote

1990 3715 2156 3778 Deus,
2213 3712 2458 3779 seipsum
2519 3704 2588 3758 ad
2642 3710 2833 3757 nostra
2898 3695 3117 3764 deiecit,
3213 3690 3411 3745 uniens
3473 3685 3575 3741 sibi

1989 3807 2284 3862 secundum
2341 3796 2682 3871 hypostasim
2773 3792 2946 3862 ipsam
3017 3784 3442 3847 humanitatem,
3520 3786 3577 3832 et

1990 3896 2134 3954 servi
2200 3895 2430 3948 formam
2485 3899 2789 3944 assumens.
2839 3882 2933 3936 Sic
2970 3892 3205 3946 namque
3226 3888 3412 3930 verum
3470 3871 3579 3925 erit

1993 3989 2136 4060 quod
2160 3986 2369 4050 dixisti,
2404 3991 2526 4052 post
2559 3973 2993 4043 assumptionem
3033 3964 3139 4024 non
3175 3981 3335 4036 posse
3379 3963 3576 4019 Filium

1994 4079 2181 4135 vocari
2262 4075 2519 4137 seorsim,
2593 4085 2661 4123 ne
2724 4068 2860 4122 duos
2938 4063 3077 4118 ﬁlios
3125 4058 3578 4127 dogmatizemus.

1994 4173 2074 4227 Ac
2106 4178 2251 4224 recta
2280 4165 2499 4235 quidem
2516 4170 2570 4215 et
2599 4158 2821 4213 minime
2855 4166 3134 4225 perversa,
3154 4160 3209 4205 et
3231 4151 3287 4219 in,
3307 4148 3575 4203 directum

1998 4262 2225 4317 tendens
2283 4258 2595 4326 dogmatnm
2637 4249 2831 4313 semita
2873 4254 3070 4317 prreter
3122 4243 3262 4298 hanc
3314 4239 3458 4294 nulla
3499 4246 3587 4293 est

1998 4354 2138 4409 alia:
2171 4351 2296 4419 ipse
2342 4354 2523 4400 autem
2565 4342 2656 4413 qui
2706 4337 3148 4394 humanationem
3191 4328 3353 4386 Verbi
3383 4342 3448 4383 ex
3472 4326 3585 4383 Deo

1998 4441 2314 4502 exsistentis
2389 4435 2554 4501 dixit,
2633 4428 3027 4502 propemodum
3119 4425 3173 4477 in
3256 4419 3584 4475 oblivionem

1681 4518 1892 4622 ἀσυφηξ
1927 4547 1972 4601 D
2001 4537 2147 4594 illico
2188 4547 2376 4589 eorum
2418 4544 2539 4599 quae
2615 4524 2776 4589 dixit,
2841 4522 3120 4588 abreptus,
3179 4518 3371 4568 rursus
3417 4524 3584 4564 unum

2007 4631 2062 4685 in
2153 4627 2260 4681 duo
2336 4620 2551 4683 dividit,
2646 4612 2894 4670 inauitati
2985 4608 3260 4663 nominum
3351 4602 3588 4658 absurde

2003 4722 2285 4781 innatans,
2337 4723 2392 4769 et
2439 4711 2661 4767 vocibus
2708 4720 2901 4776 parum
2974 4696 3303 4756 examinatis
3373 4707 3588 4762 semper

2003 4814 2116 4887 49
2141 4824 2301 4867 utens
2333 4831 2346 4866 :
2381 4805 2621 4861 aiteuim
2650 4821 2663 4855 :
2705 4798 2837 4873 [Sed
2869 4797 2996 4867 quia
3045 4795 3121 4848 illi
3157 4790 3477 4859 coniunctus
3501 4795 3588 4843 est

2004 4884 2143 4961 Filio
2173 4902 2265 4970 qui
2296 4908 2417 4954 erat
2445 4897 2497 4949 in
2531 4892 2817 4962 principio,
2849 4888 2950 4942 sibi
3011 4884 3263 4955 copulato
3286 4922 3302 4945 ,
3339 4897 3445 4936 non
3489 4892 3591 4947 po-

2006 4976 2135 5061 test,
2171 4993 2319 5064 quod
2351 4991 2417 5045 ad
2461 4988 2778 5058 dignitatem
2821 4979 3098 5037 tilialionis
3131 4979 3326 5031 attinet
3350 5015 3366 5039 ,
3414 4971 3591 5028 susei-

2004 5105 2133 5161 pere
2186 5085 2559 5142 divisionem:
2611 5078 2756 5148 quod
2797 5077 2865 5130 ad
2917 5073 3241 5144 dignitatem
3278 5064 3585 5132 liliationis,

2004 5159 2250 5250 inquam,
2288 5174 2566 5244 non‘quod
2596 5173 2665 5227 ad
2698 5165 2971 5239 naturas.]
3003 5165 3196 5228 Recte,
3239 5162 3325 5215 vir
3359 5159 3589 5229 optime,

2005 5272 2147 5339 qnml
2184 5269 2608 5323 minimetutum
2641 5278 2767 5319 esse
2823 5261 3138 5314 videtur....
3197 5263 3456 5320 tanquam
3504 5250 3589 5304 in-

2007 5363 2139 5417 utile
2193 5358 2422 5427 rt-l‘ugis.
2477 5356 2708 5425 Semper
2755 5352 2854 5408 tibi
2914 5346 3158 5421 vigilanti
3219 5355 3472 5398 sermone
3511 5339 3588 5394 uti

2007 5451 2246 5507 studium
2309 5446 2430 5502 fuit.
2484 5445 2623 5500 Ecce
2663 5443 2776 5513 jam
2822 5450 2972 5495 certe
3023 5435 3314 5492 dividendo
3365 5440 3592 5485 naturas

2005 5541 2217 5610 colligis
2237 5540 2302 5592 ad
2331 5538 2594 5593 unitatem
2612 5533 2906 5590 secundum
2926 5527 3204 5584 liliationis
3230 5524 3551 5596 dignitatem
3574 5541 3590 5578 :

2006 5650 2137 5690 num
2167 5634 2336 5704 igitur
2359 5632 2426 5687 ad
2442 5630 2696 5685 unionem
2714 5639 2899 5681 veram
2929 5634 3110 5678 rerum
3138 5622 3283 5675 inter
3308 5633 3367 5675 se
3392 5627 3592 5672 natura

2006 5725 2322 5784 distantium
2346 5721 2547 5779 sulllcit
2584 5715 2986 5792 cognominatio
3009 5754 3026 5779 ,
3075 5727 3171 5770 seu
3217 5709 3591 5782 homonymia.

2009 5829 2061 5879 et
2095 5818 2332 5895 dignitas
2381 5830 2503 5889 qua
2548 5813 2670 5871 inde
2699 5806 2960 5891 exsistit?
3010 5806 3090 5865 sic
3119 5820 3354 5876 namque
3405 5802 3617 5859 diccro'

278 4653 389 4718 λως
416 4650 859 4722 ἑπινηχόμενος·
895 4649 989 4703 καὶ
1029 4649 1235 4717 φωναῖς
1271 4646 1658 4709 ἁόασανίστοις
1687 4644 1775 4698 ἀεὶ
1800 4636 1901 4697 ¹κε·-

280 4745 596 4818 χρημένος.
642 4743 793 4813 Ἔφη
826 4742 957 4811 γάρ’
988 4740 1166 4813 [Ἀλλ’
1193 4739 1496 4811 ἐπειδήπερ
1540 4737 1742 4807 ἐκείνῳ
1777 4753 1903 4789 συν-

284 4841 464 4911 ῆπται
498 4836 599 4923 τῷ⁹
635 4837 695 4889 ὲν
752 4837 896 4907 ἀρχῇ
932 4834 1047 4888 ὄντι
1076 4832 1218 4904 Υίῴ,
1258 4832 1338 4903 τῷ
1389 4832 1528 4904 πρὸς
1568 4829 1733 4885 αὐτὸν
1773 4845 1902 4882 συν-

288 4933 552 5001 αφθέντι,
582 4921 651 4983 οὐ
706 4928 934 4982 δύναται
968 4926 1111 4981 κατὰ
1149 4925 1211 4979 τὸ
1258 4924 1479 4995 ἀξίωμα
1507 4924 1608 4993 τῆς
1653 4921 1904 4991 υἱότητος

289 5028 569 5099 διαίρεσιν
603 5020 868 5090 δέξασθαι
892 5037 907 5053 σ
944 5020 1087 5073 κατὰ
1111 5019 1174 5072 τὸ
1205 5017 1424 5088 ἀξίωμά
1465 5031 1630 5086 φησιν
1659 5013 1761 5084 τῆς
1787 5011 1902 5066 uid-

288 5140 478 5196 τητος,
510 5121 579 5174 οὐ
616 5117 765 5172 κατά
805 5114 907 5179 τὰς
937 5111 1198 5185 φύσεις.]
1234 5110 1441 5183 Ὀρθῶς
1482 5126 1568 5178 γε,
1603 5101 1648 5161 ὦ
1670 5108 1769 5160 τάν
1793 5123 1807 5137 ⁸
1844 5105 1904 5159 τὸ

287 5212 621 5283 ἀνασφαλὲς
668 5205 812 5263 εἶναι
857 5208 1056 5273 δοκεῖν,
1080 5246 1096 5260 .
1127 5245 1143 5261 .
1171 5245 1186 5259 .
1219 5205 1440 5276 ἀχρεῖον
1481 5201 1748 5272 παραιτῇ.
1790 5197 1905 5251 Ἀεὶ

286 5304 733 5379 διεγηγερμένῳ
767 5299 1076 5372 κεχρῆσθαι
1102 5296 1180 5369 τῷ
1209 5297 1374 5365 λόγῳ,
1408 5292 1496 5347 διὰ
1539 5291 1777 5360 σπουδῆς
1813 5290 1904 5343 τέ-

286 5378 478 5456 θειταί
516 5414 628 5451 σοι.
660 5393 801 5449 Ἰδοὺ
824 5387 957 5462 γὰρ,
990 5390 1101 5443 ἰδοὺ
1133 5388 1359 5459 διαιρῶν
1389 5384 1490 5448 τὰς
1534 5382 1748 5452 φύσεις,
1778 5378 1907 5433 συ)-

283 5496 483 5564 λὲγεις
531 5492 620 5553 εἰς
676 5487 877 5541 ἕνωσιν
926 5482 1071 5537 κατὰ
1110 5481 1172 5534 τὸ
1208 5479 1430 5548 ἀξίωμα
1489 5476 1589 5548 τῆς
1632 5475 1902 5544 υίότητος.

285 5586 423 5660 Ἆρ’
453 5582 556 5641 οὖν
591 5582 813 5652 ἀπόχρη
846 5578 988 5649 πρὸς
1014 5576 1209 5629 ἕνωσιν
1237 5571 1411 5642 ἀληθῆ
1437 5572 1549 5633 τοῖς
1573 5568 1715 5622 κατὰ
1742 5566 1905 5635 φύσιν

290 5677 549 5750 ἀλλήλων
589 5668 978 5740 διεστηκόσιν,
1037 5666 1072 5735 ἡ
1114 5663 1220 5717 τῶν
1276 5663 1557 5732 ὀνομάτων
1613 5657 1903 5727 ταυτότης,

291 5773 473 5843 {now
501 5761 824 5838 ὁμωνυμία,
847 5760 944 5814 καὶ
969 5758 1030 5812 τὸ
1054 5758 1175 5811 κατ’
1200 5755 1368 5827 αὐτὴν
1394 5753 1650 5824 ἀξίωμα;
1687 5750 1771 5804 σοὶ
1797 5750 1906 5818 γὰρ

305 5865 401 5918 καὶ
432 5860 578 5918 οὕτω
605 5853 980 5930 φάναῑδοκεῖ.
1013 5848 1245 5917 Οὐκοῦν,
1272 5847 1569 5915 ἐπειδήπερ
1595 5844 1654 5899 τό
1689 5859 1746 5897 τε
1776 5842 1907 5914 Χρι-
