4150 6498
294 380 373 442 93

1478 390 1854 449 ADVERSUS
1892 392 2300 454 NESTORIUM
2338 396 2472 454 LIB.
2518 396 2583 454 ll.

3545 401 3615 455 Μ

296 496 359 553 δί
392 496 494 552 καὶ
536 497 679 553 αὐτὸ
712 498 859 555 κατά
884 499 952 555 τὸ
1009 501 1179 567 εἰκὸς,
1220 503 1314 557 καὶ
1362 504 1463 575 τῆς
1512 504 1774 577 ἀληθείας
1822 500 1916 574 τὴν

2028 516 2215 577 tatem,
2257 526 2390 567 cave
2454 510 2775 566 divisionem
2809 525 2824 563 :
2862 510 2942 567 sic
2974 526 3208 581 namque
3257 529 3424 568 unum
3465 515 3612 569 Clu-i.

296 588 563 658 δύναμιν,
620 589 920 663 κεχώρηκε
970 592 1135 648 πάλιν
1159 593 1253 648 ἐπὶ
1277 595 1337 649 τὸ
1384 596 1536 667 αὐτῷ
1568 596 1784 662 δοκοῦν,
1819 599 1919 654 καί

300 700 438 755 φησι
457 699 472 712 ·
520 681 669 755 [Διά
699 683 865 739 τοῦτο
889 685 989 739 καὶ
1017 687 1254 759 Χριστὸς
1287 688 1316 742 ό
1347 687 1482 752 Θεὸς
1516 689 1689 760 Λόγος
1717 690 1921 762 ὀνομά-

308 777 479 843 ζεται,
514 778 762 851 ἐπείπερ
790 778 907 849 ἔχει
929 780 1033 851 τὴν
1064 781 1364 850 συνάφειαν
1395 782 1496 854 τὴν
1512 783 1655 855 πρὸς
1673 784 1764 838 τὸν
1795 786 1925 858 Χρι-

316 872 437 927 στὸν
465 870 730 943 διηνεκῆ.
764 872 878 926 Καὶ
898 874 1003 926 οὐκ
1036 873 1154 927 ἔστι
1206 874 1297 927 τὸν
1322 873 1457 929 Θεὸν
1474 875 1647 946 Λόγον
1668 875 1797 930 ἄνευ
1822 877 1922 950 τῆς

312 963 751 1033 ἁνθρωπότητος
810 963 1018 1035 πρᾶξαί
1062 981 1138 1018 τι.
1193 964 1610 1037 ’Λπηκρίϐωται
1677 966 1787 1040 γὰρ
1839 970 1923 1034 είς

309 1058 486 1126 ἄκραν
511 1056 848 1125 συνάφειαν,
879 1057 981 1111 οὐκ
1015 1059 1101 1121 εἰς
1130 1056 1465 1123 ἀποθέωσιν,
1494 1058 1640 1113 κατὰ
1667 1060 1796 1124 τοὺς
1827 1077 1921 1114 σο·-

308 1150 444 1218 φοὸς
482 1147 604 1203 τῶν
654 1148 1046 1220 δογματιστῶν
1074 1149 1185 1203 τῶν
1220 1149 1555 1223 νεωτέρων.]
1584 1152 1714 1205 Ὅτε
1740 1152 1921 1208 τοίνυν

305 1241 549 1311 Χριστὸν
578 1241 910 1315 ὠνομάσθαι
937 1242 1105 1314 φησὶν
1133 1242 1320 1307 ίδικῶς
1339 1243 1432 1297 τὸν
1450 1244 1517 1298 ὲκ
1534 1243 1672 1298 Θεοῦ
1706 1245 1922 1318 Πατρὸς

302 1334 509 1403 Λόγον,
539 1335 622 1399 ὡς
648 1334 851 1406 ἔχοντα
899 1335 1002 1408 τὴν
1032 1338 1337 1407 συνάφειαν
1374 1335 1514 1409 πρὸς
1554 1338 1812 1409 Χριστὸν,
1843 1337 1920 1403 ὡς

299 1426 447 1498 πρὸς
475 1426 679 1499 ἔτερόν
716 1445 825 1482 που
869 1428 1138 1500 δηλονότι,
1166 1428 1285 1493 πῶς
1332 1429 1395 1482 οὐ
1422 1428 1779 1500 πεφλυαρηκὲ
1816 1444 1918 1482 που

303 1517 490 1589 μάτην
518 1517 799 1590 εἰρηκὼς,
832 1519 918 1572 ὅτι
967 1518 1109 1589 μετὰ
1162 1517 1262 1589 τὴν
1294 1517 1565 1588 ἀνάληψιν
1604 1518 1666 1570 οὐ
1695 1517 1919 1572 δύναται

301 1611 601 1669 καλεῖσθαι
648 1610 1126 1685 κεχωρισμένως;
1173 1611 1333 1683 εἴπερ
1377 1610 1476 1681 οὐχ
1507 1608 1566 1663 ἓν
1608 1627 1662 1663 τι
1713 1610 1917 1663 νοεῖται

298 1704 440 1777 πρὸς
466 1704 665 1776 ἡμῶν,
697 1704 760 1757 τὸ
792 1704 966 1776 ἑτέρῳ
992 1704 1103 1758 τινὶ
1156 1703 1424 1775 σχετικιῖκ
1457 1702 1729 1773 συνῆφθαι
1762 1702 1928 1771 λεγό-

310 1814 508 1869 μενονο
553 1796 656 1853 δύο
695 1797 810 1869 γὰρ
839 1797 1063 1862 πάντως
1106 1794 1178 1850 τὰ
1220 1795 1475 1867 ἀλλήλοις
1522 1794 1916 1862 συμϐαίνοντα,

2027 615 2170 662 stum
2196 605 2479 671 fateberis,
2507 616 2562 662 et
2585 605 2780 660 Filium
2812 613 2868 660 et
2903 605 3212 660 Dominum.
3266 607 3374 662 Sed
3425 610 3613 662 nescio

2025 697 2311 766 quomodo
2337 695 2425 752 hic
2457 710 2720 751 vanorum
2753 695 3006 749 inventor
3044 694 3356 764 dogmatum
3387 711 3500 751 rem
3534 696 3616 763 ip-

2025 803 2141 847 sam
2174 788 2396 846 unionis
2426 788 2716 843 admodum
2749 788 3118 857 parvipendit,
3153 788 3352 858 illaque
3386 786 3611 853 rejecta.

2025 889 2086 937 ιιι
2121 896 2464 952 consequens
2495 891 2644 937 certe
2670 889 2807 947 eral,
2842 892 2898 936 et
2934 883 2981 934 vi
3004 881 3164 935 simul
3196 882 3309 950 ipsa
3368 881 3613 935 veritatis

2023 974 2279 1031 abdicata
2313 991 2504 1032 rursus
2533 975 2600 1031 ad
2638 974 2694 1029 id
2722 974 2955 1029 recurrit
3005 974 3147 1041 quod
3192 974 3293 1029 sibi
3340 973 3608 1043 placebat,

2024 1074 2093 1122 eL
2114 1066 2235 1123 ait:
2288 1065 2438 1141 {Ideo
2466 1067 2632 1122 etiam
2670 1065 2926 1122 Christus
2979 1065 3285 1137 appellatur
3324 1065 3411 1121 ille
3470 1066 3613 1120 Deus

2025 1158 2287 1227 Verbum,
2320 1160 2449 1229 quia
2491 1159 2650 1213 habet
2692 1167 3008 1229 perpetuam
3052 1174 3175 1212 cum
3207 1158 3428 1213 Christo
3473 1172 3607 1211 con-

2019 1250 2399 1320 iunctionem;
2435 1251 2902 1319 neque'contiugit
2930 1259 2988 1305 ut
3018 1249 3162 1304 Dens
3211 1249 3449 1304 Verbum
3488 1248 3610 1303 sine

2023 1342 2361 1398 humanitate
2408 1341 2577 1397 faciat
2607 1341 2810 1411 aliquid
2847 1358 2861 1395 :
2902 1342 3198 1409 perductus
3236 1348 3321 1395 est
3365 1340 3510 1395 enim
3538 1338 3606 1394 ad

2021 1449 2293 1492 summam
2327 1434 2805 1505 conjunctionem;
2839 1447 2943 1488 non
2976 1432 3042 1486 ad
3078 1431 3499 1498 deificationem,
3551 1440 3605 1483 ut

2022 1527 2304 1597 sapientes
2357 1541 2389 1581 e
2451 1526 2853 1581 recentioribus
2911 1523 3256 1593 dogmatistis
3307 1522 3606 1593 asserunt.]

2021 1620 2156 1677 Cum
2190 1620 2359 1691 igitur
2389 1619 2535 1674 dicat
2566 1618 2842 1674 Christum
2878 1618 3205 1688 appellatum
3239 1631 3361 1672 esse
3385 1615 3515 1670 illud
3541 1632 3609 1670 ex

2022 1712 2134 1767 Deo
2160 1711 2322 1766 Patre
2351 1709 2612 1775 Verbum,
2655 1709 2782 1779 quia
2825 1708 3023 1763 haheat
3046 1724 3170 1762 cum
3206 1706 3428 1762 Christo
3475 1722 3607 1761 con-

2015 1804 2382 1873 junctionem,
2426 1812 2484 1857 ut
2516 1818 2639 1857 cum
2674 1802 2851 1858 altero
2879 1801 3160 1864 nimirum,
3183 1799 3461 1870 quomodo
3498 1815 3605 1855 non

305 1889 400 1945 καὶ
426 1890 534 1961 οὐχ
560 1889 622 1943 ἐν
645 1890 785 1944 αὑτό
806 1906 882 1953 τι,
913 1888 976 1943 τὸ
1000 1887 1181 1957 ἑαυτῷ
1208 1888 1638 1958 συναπτόμενον,
1660 1888 1819 1941 νοοῖτ⁹
1846 1886 1913 1941 ἂν

2019 1904 2225 1951 temere
2242 1896 2473 1965 nugﬁtus
2486 1903 2588 1958 est,
2608 1909 2728 1949 cum
2750 1894 2906 1959 dixit,
2921 1903 3041 1963 post
3055 1893 3481 1961 assumptionem
3501 1906 3606 1946 non

302 1983 562 2046 εἰκότως.
612 1981 979 2052 Ψευδομυθία
1020 1981 1089 2053 δὴ
1134 1976 1228 2037 οὖν
1258 1981 1328 2035 τὰ
1368 1981 1581 2036 ἐκείνου
1625 1982 1718 2035 καὶ
1748 1980 1914 2053 λῆρος

304 2076 539 2146 ἑτέρως.
588 2075 788 2145 Ἡμεῖς
820 2074 880 2128 δὲ
933 2075 1077 2146 μετά
1123 2074 1225 2146 τὴν
1268 2075 1485 2138 ἕνωσιν,
1539 2076 1643 2129 κᾶν
1692 2076 1742 2127 εί
1781 2074 1914 2129 Θεὸν

309 2167 487 2235 Λόγον
508 2167 806 2238 ὀνομάσειέ
834 2185 944 2231 τις,
968 2168 1030 2221 οὐ
1059 2165 1185 2238 δίχα
1213 2165 1443 2238 νοοῦμεν
1463 2166 1626 2220 αὐτὸν
1653 2167 1753 2238 τῆς
1777 2165 1914 2232 ιδίας

318 2255 563 2326 σαρκός·
605 2255 706 2310 κᾶν
736 2255 876 2327 εἴπῃ
920 2256 1181 2327 Χριστὸν,
1220 2255 1579 2327 σαρκωθέντα
1618 2256 1712 2309 τὸν
1742 2256 1915 2324 Λόγον

314 2346 777 2418 ὲπγινὼσκομεν.
815 2346 915 2411 Τίς
954 2347 1013 2402 δὲ
1041 2347 1108 2419 δὴ
1152 2346 1263 2418 ἄρα
1291 2348 1385 2401 καὶ
1414 2347 1443 2399 ό
1477 2348 1579 2417 τῆς
1615 2346 1769 2417 παρὰ
1818 2344 1914 2399 σοῦ

308 2438 614 2510 λεγομένης
669 2440 973 2510 συναφείας
1028 2443 1232 2494 νοεῖται
1284 2439 1519 2511 τρόπος;
1553 2438 1615 2493 Εἰ
1657 2439 1758 2510 μὲν
1805 2439 1914 2511 γὰρ

299 2530 552 2603 ἡνῶσθαι
580 2533 691 2604 φὴς
726 2532 853 2586 καθ’
880 2532 1185 2587 ὑπόστασιν
1211 2531 1288 2603 τῷ
1316 2533 1380 2585 ἐκ
1403 2531 1540 2585 Θεοῦ
1562 2530 1721 2601 φύντι
1751 2531 1915 2602 Λόγῳ

298 2622 360 2678 τὸ
394 2624 775 2695 ἀνθρώπινον,
811 2623 993 2696 τίτὴν
1033 2624 1205 2692 θείαν,
1232 2625 1354 2678 είπέ
1382 2641 1495 2695 μοι,
1535 2624 1915 2696 περιυϐρίζεις

299 2714 519 2787 σάρκας
560 2716 749 2770 καίτοι
782 2718 1119 2787 προσκυνεῖν
1160 2715 1297 2787 αὐτῇ
1330 2715 1407 2787 μὴ
1450 2715 1911 2787 παραιτούμενος,

300 2806 622 2880 πρέποντος
662 2806 807 2879 μόνῃ
836 2809 906 2879 τῇ
934 2806 1061 2878 θείᾳ
1095 2823 1156 2859 τε
1178 2806 1272 2860 καὶ
1307 2807 1604 2878 ἀπορρήτῳ
1625 2805 1787 2874 φύσει
1818 2806 1913 2859 τοῦ

305 2900 747 2972 προσκυνεῖσθαι
782 2901 917 2954 δεῖν.
952 2900 1017 2953 Εἰ
1045 2900 1102 2952 δὲ
1134 2899 1313 2972 ἀληθῆ
1354 2899 1456 2971 μὲν
1490 2901 1592 2953 οὐκ
1617 2900 1721 2954 οῖει
1758 2900 1914 2970 γενέ-

310 2994 427 3049 σθαι
454 2994 563 3067 τὴν
594 2993 826 3060 ἕνωσιν,
865 2992 1166 3063 συνάφειαν
1197 2993 1255 3046 δὲ
1286 2993 1491 3060 μᾶλλον
1535 2995 1668 3066 ἡμῖν
1715 2993 1917 3063 ὀνομά-

308 3088 413 3153 ζεις
438 3088 544 3158 τὴν
582 3087 737 3141 κατά
770 3104 833 3157 γε
867 3087 969 3158 τὴν
998 3086 1347 3158 ὁμωνυμίαν,
1378 3086 1476 3139 καὶ
1506 3086 1605 3156 τὴν
1643 3087 1702 3138 ὲν
1727 3085 1914 3156 ψιλαῖς

302 3180 393 3233 καὶ
416 3180 627 3250 μόναις
647 3181 779 3243 ταῖς
802 3178 952 3243 ἴσαις
981 3178 1241 3248 κλήσεσιν
1258 3178 1508 3245 ἀξίαν,τί
1531 3178 1909 3251 σεμνοληρεῖς,
1941 3219 1983 3278 C

297 3271 748 3344 ἀπηκριϐῶσθαι
783 3272 963 3341 λέγων
1010 3270 1104 3323 τόν
1131 3273 1196 3323 ἐκ
1234 3270 1495 3339 γυναικὸς
1550 3269 1689 3341 πρὸς
1735 3268 1913 3340 ἄκραν

300 3366 635 3435 συνάφειαν,
670 3364 835 3435 δῆλον
870 3363 928 3417 δὲ
957 3364 1042 3417 ὅτι
1085 3362 1184 3434 τὴν
1211 3362 1349 3434 πρὸς
1376 3361 1467 3415 τὸν
1502 3362 1709 3431 Λόγον;
1737 3360 1915 3431 Ὁμώ-

296 3475 469 3529 imum
497 3458 606 3528 μὲν
642 3457 754 3528 γὰρ
786 3456 1042 3526 ἀλλήλοις
1073 3451 1187 3525 εἶεν
1208 3454 1295 3516 ἃν,
1323 3455 1384 3508 τό
1412 3471 1470 3507 τε
1498 3453 1629 3517 Υἱὸς
1658 3453 1794 3523 Υἱῷ,
1818 3454 1914 3507 καὶ

297 3552 510 3622 Κύριος
548 3549 783 3621 Κυρίῳ·
813 3548 931 3601 ἀλλ’
971 3548 1127 3603 οὐδὲν
1161 3547 1409 3619 ἀλλήλων
1447 3551 1820 3618 μειονεκτοῖτο
1847 3547 1913 3601 ἂν

294 3644 367 3698 τὰ
401 3643 699 3713 ὀνόματα·
741 3640 838 3694 καὶ
867 3639 931 3693 τὸ
978 3639 1235 3713 περιττὸν
1279 3641 1337 3691 ὲν
1364 3639 1579 3702 τούτοις
1625 3638 1914 3708 πολυπρα-

294 3739 553 3807 γμονεῖν,
596 3736 810 3788 εἰκαῖον
854 3729 1011 3804 οἶμαί
1058 3749 1192 3785 που·
1227 3731 1355 3793 Υἱὸς
1386 3731 1495 3803 γὰρ
1535 3730 1689 3797 Υίοῦ,
1719 3731 1817 3784 καὶ
1852 3728 1914 3782 τὸ

293 3829 429 3893 Υἱὸς
459 3827 580 3901 [Ion
620 3825 768 3879 καθά
800 3824 952 3891 Υἱὸς,
973 3823 1034 3893 ἧ,
1064 3823 1203 3879 καθὸ
1231 3823 1362 3887 Υἱὸς
1382 3822 1426 3894 ],
1468 3821 1595 3876 οὔτε
1625 3823 1686 3875 τὸ
1704 3822 1909 3893 μεῖζον,

291 3924 419 3979 οὔτε
453 3924 519 3976 τὸ
541 3922 776 3975 ἔλαττον
805 3919 1353 3991 εχει.Περισσοεπεῖς
1381 3913 1474 3971 οὖν
1501 3916 1612 3988 ἄρα
1640 3916 1733 3969 καὶ
1770 3914 1915 3986 μάλα

299 4016 517 4087 σαφῶς,
556 4011 1194 4086 ἀηκριδῶσθαιλέγων
1213 4010 1378 4064 αὐτὸν
1413 4009 1550 4081 πρὸς
1583 4008 1761 4079 ἄκραν
1788 4025 1914 4060 συν-

305 4112 521 4180 ἁφειαν.
556 4109 779 4179 Πρέποι
812 4107 857 4161 δ’
887 4105 977 4170 ἂν,
1010 4105 1157 4159 κατά
1191 4121 1256 4173 γε
1289 4103 1350 4156 τὸ
1373 4101 1537 4173 ἀὐτῷ
1575 4118 1667 4173 μοι
1699 4096 1911 4167 δοκοῦν,

306 4205 424 4275 οὐχὶ
454 4206 584 4266 ταῖς
607 4201 963 4272 όμωνυμίαις
999 4198 1060 4252 τὸ
1082 4196 1513 4267 ἀπηκριῦῶσθαι
1536 4194 1717 4265 λέγειν
1740 4193 1913 4257 αὑτὰς

302 4299 601 4368 ἀλλήλαις·
637 4295 872 4357 ἐκείνοις
907 4292 966 4346 δὲ
1016 4290 1242 4361 μᾶλλον,
1268 4290 1305 4344 ἀ
1344 4288 1445 4361 τὴν
1474 4291 1555 4353 είς
1589 4289 1700 4342 πᾶν
1733 4285 1913 4341 ὁτιοῦν

298 4390 535 4461 ίσότητὰ
564 4405 632 4440 τε
665 4387 766 4441 καὶ
798 4386 1100 4457 ὁμοιότητα
1132 4381 1242 4436 τῶν
1268 4381 1328 4437 ἓν
1369 4378 1507 4436 εἶναι
1543 4379 1915 4451 πεπιστευμέ-

292 4500 429 4543 νων,
462 4476 803 4549 διαλαχόντα
849 4474 1137 4544 φαίνεται·
1180 4465 1321 4537 οἷον,
1386 4470 1521 4540 φέρε
1556 4471 1754 4532 εἰπεῖν,
1802 4470 1912 4524 ἀπ-

2017 2001 2177 2057 posse
2196 1999 2326 2039 voca
2336 1988 2377 2038 τι
2397 1982 2651 2038 seorsim?
2670 1982 2935 2052 siquidem
2954 1982 3098 2053 quod
3120 1979 3274 2034 alteri
3293 1982 3508 2035 cuidam
3531 1978 3606 2032 rei

2017 2076 2314 2134 sectmdum
2336 2075 2710 2131 habitudinem
2768 2073 3115 2142 coniunctum
3145 2086 3267 2128 esse
3292 2071 3516 2134 dicitur,
3555 2070 3607 2124 id

2016 2183 2123 2225 non
2148 2174 2327 2237 potest
2352 2181 2383 2221 a
2415 2166 2572 2221 nobis
2601 2175 2858 2234 tanquam
2884 2179 3053 2218 unum
3081 2162 3289 2233 aliquid
3326 2161 3552 2232 intelligi
3587 2176 3604 2215 :

2018 2275 2144 2316 nam
2166 2258 2446 2329 quaeinter
2468 2273 2527 2313 se
2546 2258 2898 2321 conveniunt,
2925 2257 3032 2310 duo
3055 2255 3422 2325 prorsusjure
3448 2252 3609 2308 intel-

2018 2354 2283 2424 liguntur,
2314 2363 2369 2408 et
2397 2368 2505 2407 non
2541 2366 2707 2406 unum
2750 2348 2957 2418 aliquid
2982 2348 3126 2416 quod
3167 2345 3347 2417 ipsum
3382 2344 3481 2400 sibi
3509 2359 3607 2400 co-

2018 2446 2235 2516 puletur
2258 2465 2271 2501 :
2294 2445 2493 2501 fabula:
2515 2455 2643 2500 sunt
2666 2444 2836 2515 igitur
2859 2452 2915 2497 et
2943 2441 3255 2495 vanissimas
3278 2454 3434 2508 nugae
3462 2437 3608 2493 illius

2017 2540 2208 2595 verba.
2238 2539 2349 2595 Nos
2383 2549 2565 2594 autem
2613 2546 2737 2608 post
2759 2535 2908 2590 illam
2948 2534 3204 2588 unionem
3230 2573 3246 2599 ,
3281 2530 3397 2586 sive
3424 2528 3590 2582 Deum

2019 2631 2259 2688 Verbum
2287 2631 2531 2685 nominet
2568 2628 2867 2700 quispiam,
2902 2642 3011 2681 non
3037 2625 3159 2681 sine
3186 2622 3405 2693 propria
3439 2632 3608 2675 carne

2018 2722 2149 2780 illud
2188 2722 2573 2792 intelligimus,
2603 2720 2720 2776 sive
2743 2719 3028 2775 Christum
3054 2717 3221 2781 dicat,
3255 2714 3606 2769 incarnatum

2020 2817 2261 2874 Verbum
2290 2815 2664 2889 agnoscimus.
2690 2812 2809 2869 ,ἰδίη
2856 2827 2985 2867 vero
3013 2810 3234 2880 quinam
3263 2808 3425 2862 etiam
3458 2805 3608 2860 illius

2017 2929 2181 2984 quam
2214 2922 2272 2966 tu
2305 2910 2749 2980 conjunctionem
2774 2906 2910 2963 dicis
2939 2947 2954 2970 ,
3013 2900 3335 2971 intelligitur
3364 2897 3557 2953 modus
3578 2894 3607 2951 2

2017 3005 2155 3062 Nam
2193 3006 2239 3059 si
2285 3004 2684 3060 humanitatem
2717 3000 2857 3055 dicis
2903 2998 3113 3052 unitam
3158 2992 3458 3050 secundum
3505 2990 3610 3060 hy-

2018 3100 2278 3168 postasim
2312 3098 2390 3151 illi
2421 3111 2486 3150 ex
2525 3097 2634 3152 Deo
2656 3094 2840 3165 genito
2897 3090 3094 3155 Verbo,
3127 3103 3248 3153 cur,
3274 3100 3479 3156 quaeso,
3527 3084 3610 3139 di-

2017 3194 2198 3245 vinam
2236 3190 2384 3245 illam
2436 3202 2656 3243 carnem
2721 3184 2890 3239 allicis
2936 3178 3175 3250 injuria?
3229 3175 3445 3232 tametsi
3486 3189 3611 3229 eam

2017 3285 2245 3339 adorare
2270 3282 2496 3338 minime
2545 3279 2802 3349 refugias,
2853 3292 2978 3331 cum
3021 3271 3397 3329 adorationem
3447 3266 3611 3323 exhi-

2017 3377 2136 3433 bcri
2167 3375 2385 3430 nonnisi
2423 3374 2623 3427 divina:
2655 3381 2709 3426 et
2740 3368 3000 3425 ineﬂ'abili
3047 3375 3261 3423 naturae
3294 3361 3606 3420 conveniat.

2017 3470 2170 3537 Quod
2202 3469 2245 3523 si
2276 3468 2418 3522 haud
2453 3482 2637 3520 verum
2668 3475 2825 3535 putas
2859 3463 3058 3517 factam
3088 3461 3367 3521 unionem,
3393 3465 3447 3511 ct
3474 3468 3610 3511 con-

2009 3561 2348 3629 junctionem
2376 3560 2558 3629 potius
2590 3558 2833 3626 appellas
2876 3556 3022 3610 illam
3076 3552 3376 3610 secundum
3415 3550 3611 3604 homo-

2017 3653 2281 3724 nymiam,
2308 3663 2364 3704 et
2402 3650 2505 3720 51
2540 3651 2593 3704 in
2625 3649 2737 3704 sola
2767 3663 2832 3702 ac
2858 3648 2998 3701 nuda
3031 3642 3257 3713 :equalis
3286 3638 3607 3712 appellatio-

2020 3746 2106 3800 nis
2138 3746 2407 3799 societate
2455 3743 2689 3812 positam
2739 3740 3085 3809 diguitatem,
3129 3735 3260 3805 quid
3316 3730 3610 3801 magnifice

2018 3836 2275 3906 nugaris,
2313 3834 2502 3889 dicens
2533 3834 2682 3888 illum
2708 3848 2773 3888 ex
2817 3830 3049 3885 muliere
3097 3828 3300 3882 editum
3350 3824 3417 3878 ad
3452 3838 3606 3877 sum-

2016 3944 2162 3982 mam
2217 3926 2657 3994 conjunctionem
2745 3924 3107 3993 perductmn,
3160 3917 3414 3972 nimirum
3484 3929 3607 3969 cum

2018 4017 2241 4073 Verbo?
2276 4019 2611 4088 ilomonyma
2649 4029 2884 4082 namque
2922 4012 3067 4065 inter
3090 4025 3150 4064 se
3175 4016 3335 4063 erunt
3358 4015 3412 4061 et
3438 4003 3613 4060 Filius

2017 4106 2178 4170 Filio,
2208 4118 2258 4161 et
2294 4105 2558 4160 Dominus
2593 4105 2841 4161 Domino.
2874 4101 2994 4159 Sed
3030 4100 3165 4154 nihil
3212 4098 3330 4152 htec
3378 4094 3608 4150 nomina

2016 4212 2183 4250 ttnum
2212 4197 2383 4249 altero
2416 4196 2598 4251 minus
2625 4194 2944 4258 habebunt,
2994 4188 3208 4261 etquid
3252 4190 3305 4242 in
3344 4187 3432 4242 Itis
3480 4184 3602 4241 exi-

2018 4289 2186 4364 mium
2216 4289 2306 4355 sit,
2341 4268 2635 4358 eiquirere
2669 4302 2868 4340 vanum
2901 4285 2994 4351 sit,
3035 4283 3411 4352 opinor:nam
3442 4278 3615 4335 Filius

2018 4383 2158 4438 Filio
2192 4398 2297 4453 qua
2333 4381 2510 4436 Filius
2538 4390 2646 4444 est,
2682 4393 2782 4434 nec
2817 4377 2998 4446 majus
3043 4373 3249 4443 aliquid
3292 4387 3398 4428 nec
3429 4371 3614 4425 minus

2017 4475 2204 4531 habet.
2242 4474 2590 4543 Supervacua
2619 4472 2785 4543 igitur
2823 4481 2875 4525 te
2899 4470 3065 4525 verba
3094 4465 3322 4521 fundere
3369 4463 3606 4531 apertis-

292 4570 667 4645 ηκριϐὦσθαί
707 4585 892 4639 φαμεν
933 4566 1073 4638 πρὸς
1106 4564 1286 4637 ἄκραν
1337 4562 1640 4634 ἐμφέρειαν
1684 4560 1786 4631 τῆς
1813 4562 1908 4614 τοῦ

2019 4569 2215 4625 simum
2241 4578 2327 4623 est
2350 4608 2367 4633 ,
2396 4583 2521 4624 cum
2555 4566 2731 4635 ipsum
2752 4564 3070 4633 perductum
3087 4559 3228 4616 dicis
3247 4558 3312 4611 ad
3335 4570 3605 4612 summam

292 4668 480 4730 δεῖνος
518 4662 767 4736 μορφῆς,
808 4660 843 4729 ἢ
884 4659 975 4713 τὸν
1033 4658 1095 4724 ἐξ
1144 4656 1312 4712 αὐτοῦ
1371 4654 1638 4725 γεγονότα
1680 4653 1817 4719 υἱὸν,
1853 4652 1908 4724 ἢ,

296 4762 440 4830 φέρε
478 4759 688 4818 εἰπεῖν,
727 4753 936 4807 είκόνα.
985 4748 1146 4804 Κατά
1178 4749 1237 4803 δέ
1264 4765 1326 4817 γε
1351 4748 1443 4801 τὸν
1472 4748 1572 4818 τῆς
1617 4744 1915 4812 συναφείας

295 4854 529 4924 τρόπον,
562 4847 689 4910 πῶς
722 4845 790 4898 ἂν
822 4841 1251 4916 ἀπηκριϐῶσθαι
1293 4840 1539 4908 λέγοιντο
1580 4838 1677 4890 καὶ
1706 4835 1912 4890 νοοῖντό

297 4962 463 5011 tan;
507 4941 660 4995 Ἀλλ’
696 4938 863 5001 αὐτὸς
914 4938 1017 5007 μὲν
1053 4935 1407 5006 ήρμήνευσεν
1450 4932 1586 5002 ἡμῖν
1631 4929 1734 4999 τῆς
1784 4945 1914 4982 συν-

298 5038 500 5107 αφείας
531 5034 639 5105 τὴν
678 5030 934 5100 δύναμιν.
971 5027 1080 5100 [Οὐ
1109 5027 1218 5097 γὰρ
1251 5025 1393 5089 εστι,
1451 5023 1609 5094 φησὶ,
1654 5023 1747 5075 τὸν
1777 5022 1912 5075 Θεὸν

298 5132 501 5200 Λόγον,
522 5127 664 5182 ἀνευ
688 5125 792 5194 τῆς
820 5120 1247 5192 ἀνθρωπότητος
1282 5117 1489 5190 πρᾶξαί
1510 5114 1609 5188 τι].
1642 5115 1915 5187 Ὀμόφρο-

294 5242 384 5287 vs;
412 5218 518 5277 05v
548 5216 816 5288 ἀλλήλοις
852 5214 948 5267 καὶ
975 5210 1364 5282 ὁμογνώμονες
1390 5207 1533 5263 κατά
1568 5206 1651 5274 σὲ,
1676 5208 1773 5262 καὶ
1805 5207 1914 5261 ἀπὸ

294 5315 505 5371 κοινῶν
542 5308 894 5381 σκεμμάτων
925 5306 1010 5373 ἐφ’
1042 5304 1252 5361 ἕκαστα
1277 5301 1390 5356 τῶν
1433 5299 1730 5371 πρακτέων
1774 5298 1913 5352 ἰέναι

293 5401 845 5474 πεστεύσομεν.τὴν
892 5398 1008 5453 τῶν
1064 5396 1217 5467 παρὰ
1257 5394 1353 5448 σοῦ
1410 5393 1722 5462 λεγομένων
1782 5389 1915 5445 υἱῶν

294 5498 621 5570 ξυνωρίδα·
656 5490 800 5556 εἶτα.
837 5492 959 5555 πῶς
1017 5490 1078 5544 οὐ
1103 5489 1196 5542 δύο
1242 5486 1481 5560 χριστοὶ,
1519 5485 1616 5538 καὶ
1654 5484 1782 5548 υἱοὶ,
1819 5481 1916 5536 καὶ

291 5595 515 5665 κύριοις
574 5587 720 5643 Ἀλλ’
753 5586 833 5650 ὡς
855 5583 1079 5656 ὀργάνῳ
1120 5580 1197 5651 τῷ
1228 5579 1442 5651 σώματι
1485 5574 1788 5649 κεχρῆσθαι
1822 5575 1916 5628 τὸν

296 5687 481 5754 Λόγον
511 5679 834 5753 διισχυρίζῃ
866 5677 1015 5732 κατά
1034 5675 1097 5729 τὸ
1120 5674 1288 5737 εἰκός.
1308 5671 1450 5725 Ἀλλ’
1472 5670 1521 5724 εί
1552 5669 1652 5740 μὲν
1674 5666 1775 5721 ἕνα
1807 5665 1916 5739 φὴς

294 5780 454 5845 Υἱὸν,
496 5779 598 5832 καὶ
640 5774 774 5847 μίαν
807 5771 1120 5827 ὑπόστασιν
1163 5768 1263 5839 τὴν
1294 5764 1389 5821 τοῦ
1424 5764 1600 5833 Λόγου
1628 5777 1916 5832 σεσαρκω-

300 5874 503 5947 μένην,
535 5871 642 5926 οὐκ
665 5867 830 5933 αὐτὸς
867 5866 1038 5920 ἔσται
1064 5860 1329 5934 Θεότητος
1348 5858 1581 5931 ὄργανον
1603 5871 1614 5886 ·
1649 5851 1919 5925 κεχρήσε-

2016 4659 2481 4727 coniunctionem.
2514 4655 2632 4709 Non
2662 4654 2830 4719 enim,
2850 4648 3058 4705 utmihi
3080 4644 3398 4711 videtur,de
3417 4643 3610 4697 homo-

2019 4753 2195 4825 nymis
2207 4752 2464 4806 convenit
2482 4749 2664 4803 dicere
2677 4746 2818 4814 quod
2837 4745 2904 4797 ad
2919 4756 3186 4797 summam
3204 4736 3610 4793 similitudinem

2019 4845 2129 4899 sint
2158 4844 2436 4914 perducta,
2452 4840 2546 4895 sed
2563 4840 2647 4895 his
2667 4837 2846 4909 potius
2863 4851 2985 4906 quae
3018 4848 3115 4904 per
3131 4832 3313 4888 omnia
3332 4829 3613 4900 aequalita-

2020 4949 2126 4992 tem
2166 4952 2231 4992 ac
2262 4934 2670 4992 similitudinem
2707 4941 3160 5001 quarumcunque
3195 4938 3379 4980 rermn
3415 4920 3612 4976 sortita

2018 5041 2303 5096 sunt,cum
2335 5028 2533 5098 quibus
2552 5040 2715 5079 unum
2746 5038 2868 5078 esse
2884 5014 3393 5087 credunturzverbi
3413 5013 3612 5083 gratia,

2016 5136 2337 5192 expressum
2371 5118 2604 5174 dicimus
2623 5115 2691 5171 ad
2708 5126 2977 5170 summam
3003 5106 3418 5165 similitudinem
3443 5102 3613 5175 alicu-

2014 5191 2368 5284 jushomiuis
2400 5209 2588 5264 formae
2614 5204 2700 5258 vel
2742 5203 2909 5258 ﬁlium
2964 5216 3029 5253 ex
3074 5213 3140 5254 eo
3203 5197 3467 5267 genitura,
3528 5191 3612 5247 vel

2017 5301 2250 5372 exetnpli
2296 5296 2491 5372 gratia,
2525 5297 2855 5369 imaginem:
2889 5305 3052 5362 porro
3069 5287 3365 5344 secundum
3383 5284 3613 5352 conjun-

2017 5395 2215 5452 ctionis
2235 5393 2449 5447 modum
2479 5404 2714 5460 quonam
2739 5395 2897 5456 pacto
2924 5383 3103 5451 aliqua
3129 5387 3225 5434 aut
3243 5377 3496 5432 dicantur
3521 5383 3613 5428 aut
3648 5432 3657 5437 _

2021 5486 2391 5556 intelligantur
2424 5498 2681 5552 expressa
2705 5480 2729 5534 ’Ξ
2752 5478 2857 5534 Sed
2886 5476 3001 5545 ipse
3027 5472 3182 5527 nobis
3226 5470 3613 5536 interpretatus

2018 5591 2105 5635 est
2124 5576 2280 5645 hujus
2299 5576 2404 5630 vim
2420 5567 2980 5642 cotijtttictionis.[N0n
3001 5564 3170 5627 enim,
3189 5560 3382 5629 inquit,
3400 5558 3613 5613 contin-

2022 5671 2100 5740 git
2121 5677 2183 5724 ut
2210 5669 2351 5740 Deus
2384 5667 2619 5723 Verbum
2644 5665 2762 5719 sine
2798 5659 3142 5716 humanitate
3166 5653 3329 5710 faciat
3356 5647 3613 5722 aliquid.]

2026 5736 2340 5814 Concordes
2366 5757 2530 5827 igitur
2552 5767 2609 5811 et
2635 5753 3040 5810 consentientes
3074 5754 3222 5813 sunt,
3263 5752 3321 5799 ut
3375 5751 3428 5797 tu
3488 5740 3612 5795 exi-

2024 5851 2238 5913 stimas,
2271 5856 2326 5916 ct
2358 5843 2880 5905 communiconsilio
2907 5842 2973 5898 ad
3004 5834 3246 5912 singulas
3279 5850 3367 5892 res
3401 5831 3608 5889 facien-
