4150 6506
563 398 637 459 ss
923 356 937 366 ’
1604 382 1667 453 S.
1705 393 1985 452 cvniLu
2020 389 2493 450 ALEXANDRINI
2530 384 2853 449 ARClllEl'.
3767 381 3843 442 ss

569 521 668 574 das
704 519 931 575 tendere
978 517 1266 574 credemus
1307 531 1407 588 par
1440 516 1569 572 illud
1604 516 1837 572 liliorum
1884 531 1914 573 a
1957 526 2012 573 te
2064 517 2148 571 di-

2269 534 2343 570 ιαι
2373 516 2431 570 δι
2459 516 2664 588 μᾶλλον
2683 509 2882 587 οἷάπερ
2904 512 3124 587 ὀργάνῳ
3154 510 3234 584 τῷ
3257 508 3373 583 ίδίῳ
3400 508 3637 579 σώματι,
3662 506 3841 565 καθά-

569 621 782 667 cturum
809 625 823 657 τ
855 610 995 679 quod
1030 611 1075 665 si
1112 610 1185 664 ita
1212 618 1316 675 est,
1349 608 1620 680 quomodo
1655 625 1763 664 non
1789 610 1897 665 duo
1924 609 2143 674 cbristi,

570 713 624 756 et
660 702 775 762 lilii,
811 712 866 757 et
895 702 1147 756 domini?
1188 703 1259 757 At
1299 716 1429 757 vero
1476 716 1708 769 corpore
1762 709 2023 769 tanquam
2060 716 2154 757 or-

571 810 713 864 gano
743 794 916 862 ipsum
954 792 1189 848 Verbum
1215 807 1372 848 usum
1419 791 1682 860 aﬂirmas,
1741 803 1801 847 ut
1838 802 1924 849 est
1956 808 2155 848 consc-

573 901 768 951 qncns.
808 885 915 939 Sed
961 884 1006 939 si
1041 900 1209 939 unum
1242 884 1382 941 dicis
1434 883 1657 951 Filium,
1699 894 1755 940 et
1787 900 1952 939 unam
1985 886 2159 956 hypo-

574 978 764 1030 s'nsim
797 975 955 1031 Verbi
991 976 1351 1041 incarnatam,
1380 991 1486 1030 non
1517 977 1691 1046 ipsum
1715 977 1823 1032 erit
1847 975 2159 1034 Divinitatis

575 1082 863 1135 organum,
909 1067 1003 1121 sed
1029 1076 1215 1121 utetur
1267 1067 1448 1137 potius
1499 1067 1724 1138 proprio
1773 1081 2005 1137 corpore
2040 1077 2160 1123 tan-

577 1173 740 1226 quam
774 1171 1010 1226 organo;
1035 1166 1094 1211 ut
1118 1157 1374 1211 nimirum
1399 1159 1511 1227 ipsa
1536 1157 1772 1237 hominis
1796 1159 1998 1213 anima.
2020 1157 2161 1228 Ergo

579 1264 745 1302 unum
798 1247 990 1312 fatere,
1026 1263 1132 1302 non
1191 1248 1441 1303 dividens
1484 1258 1729 1313 naturas,
1786 1250 1948 1305 simul
1999 1251 2161 1305 intel-

580 1342 752 1409 ligens
776 1356 839 1395 ac
872 1342 1112 1395 sentiens
1160 1340 1321 1394 aliam
1366 1355 1490 1397 esse
1521 1343 1705 1398 carnis
1733 1382 1751 1410 ,
1800 1342 1963 1397 aliam
2015 1343 2158 1398 divi-

538 1438 549 1449 ’
580 1434 767 1485 uitatis
797 1433 1061 1485 rationem
1093 1447 1213 1499 quae
1241 1432 1316 1486 illi
1347 1447 1412 1488 ac
1440 1434 1542 1486 soli
1596 1434 1891 1488 conveniat
1929 1451 1943 1489 :
1979 1446 2161 1503 neque

581 1525 727 1576 cnim
758 1524 905 1577 illam
926 1522 1101 1602 ‘Verbi
1137 1539 1359 1579 carnem
1394 1525 1627 1580 dicimus
1655 1526 1853 1580 factam
1877 1541 2000 1582 esse
2021 1526 2160 1582 divi-

2257 626 2367 683 περ
2398 610 2590 682 ἀμέλει
2618 611 2768 682 καὶὴ
2812 607 2908 663 τοῦ
2940 607 3230 680 ἀνθρώπου
3263 607 3432 677 ψυχή.
3463 603 3675 660 Ούκοῦν
3704 606 3844 674 όμο-

2257 703 2491 775 λόγησον
2522 703 2639 767 ἕνα,
2675 701 2750 773 μὴ
2790 700 3014 775 διαιρῶν
3041 700 3141 764 τὰς
3168 698 3380 770 φύσεις,
3411 696 3551 769 μετά
3580 694 3676 749 τοῦ
3704 694 3845 749 είδέο

2261 812 2351 851 ναι
2391 795 2486 849 καὶ
2539 796 2780 866 φρονεῖν,
2821 793 2905 847 δτι
2956 792 3163 862 σαρκὸς
3209 791 3311 863 μὲν
3366 790 3555 862 ἕτερος
3583 789 3612 841 ό
3646 788 3841 853 λόγος.

2263 887 2530 958 Θεότητος
2559 886 2617 940 δὲ
2642 885 2826 949 πάλιν,
2848 885 2877 941 ό
2902 885 3038 955 αὐτῇ
3072 884 3163 937 καὶ
3197 882 3336 956 μόνῃ
3362 881 3608 951 πρέπωνι
3641 878 3845 949 ἣκιστα

2268 979 2368 1051 μὲν
2411 977 2523 1050 γὰρ
2573 976 2819 1048 Θεότητα
2857 973 3112 1044 γενέσθαι
3149 973 3329 1043 φαμὲν
3365 971 3461 1025 τοῦ
3514 969 3689 1038 Λόγου
3741 966 3846 1036 τὴν

2267 1070 2469 1141 σάρκα,
2493 1067 2648 1121 θείαν
2678 1066 2735 1120 δὲ
2767 1065 2992 1136 μᾶλλον,
3020 1065 3096 1130 ὡς
3126 1064 3265 1118 ίδίαν
3294 1061 3461 1117 αὐτοῦ
3483 1078 3498 1093 ο
3538 1062 3586 1113 εί
3614 1060 3723 1130 γὰρ
3749 1060 3846 1110 ἀν-

2265 1158 2486 1232 θρώπου
2516 1158 2652 1229 σὰρξ
2695 1159 2729 1229 ἠ
2766 1157 3087 1227 ἀνθρωπίνη
3127 1155 3369 1222 λέγεται,
3414 1152 3467 1204 τί
3526 1151 3587 1203 τὸ
3635 1147 3847 1203 κωλύον

2263 1250 2345 1304 ἔτι
2367 1249 2461 1303 καὶ
2485 1249 2635 1303 θείαν
2661 1249 2838 1301 εἰπεῖν
2879 1246 2980 1318 τὴν
3012 1245 3107 1301 τοῦ
3139 1244 3276 1298 Θεοῦ
3300 1244 3532 1312 Ἂόγους
3576 1240 3640 1293 Τί
3663 1240 3848 1293 τοίνυν

2262 1343 2517 1413 διαγελᾷς
2552 1341 2653 1411 τῆς
2703 1338 2963 1410 ἀληθείας
3007 1339 3069 1393 τὸ
3108 1337 3329 1400 κάλλος,
3367 1335 3677 1390 ἀποθέωσιν
3708 1333 3855 1402 ἡμῖν

2262 1434 2547 1504 ὀνομάζων
2568 1433 2668 1502 τῆς
2693 1431 2854 1500 άγίας
2889 1429 3111 1502 σαρκὸς,
3138 1429 3299 1500 μόνον
3329 1427 3387 1480 δὲ
3416 1425 3560 1495 οὐχὶ,
3588 1424 3684 1478 καὶ
3709 1438 3851 1476 κατ-

2262 1524 2541 1589 ονειδίζων
2592 1525 2707 1587 τοῖς
2763 1520 2903 1595 όρθά
2955 1523 3174 1591 φρονεῖν
3231 1518 3530 1589 ᾑρημένοις
3579 1516 3678 1585 τὴν
3726 1514 3851 1567 θεο-

581 1616 831 1677 nitatem,
868 1614 963 1668 sed
1018 1615 1199 1686 potius
1241 1615 1505 1681 divinam,
1558 1625 1619 1671 ut
1662 1616 1812 1672 illius
1855 1617 2151 1688 propriam.

2269 1618 2516 1687 ποίησινς
2547 1615 2727 1670 καίτοι
2754 1614 2929 1681 λέγων
2953 1612 3135 1674 αὐτός’

583 1706 716 1760 Nam
743 1708 788 1760 si
820 1707 1057 1763 hominis
1115 1724 1244 1763 caro
1270 1710 1505 1764 humana
1557 1711 1780 1776 dicitur,
1813 1711 1943 1780 quid
2005 1711 2261 1779 prohibet
2297 1711 2462 1765 etiam
2505 1709 2743 1764 divinam
2805 1706 2990 1760 dicere
3051 1703 3201 1758 illam
3245 1717 3366 1772 qua:
3413 1711 3498 1771 est
3547 1699 3641 1755 Dei
3676 1697 3848 1753 Verbi

584 1799 744 1852 curo?
790 1798 929 1865 Quid
968 1798 1133 1871 igitur
1167 1801 1364 1857 irrides
1395 1802 1853 1872 pulchritudinem
1882 1804 2171 1859 veritatis?
2226 1813 2430 1860 sancta:
2463 1802 2609 1857 illius
2649 1799 2837 1857 carnis
2879 1797 3347 1853 consecrationem
3407 1795 3462 1850 in
3517 1793 3647 1849 deos
3689 1792 3852 1845 nol-is

582 1886 877 1952 ohjicicns,
909 1901 975 1941 ac
1020 1891 1408 1960 propemodum
1444 1891 1842 1947 deillcationem
1890 1894 2200 1950 hominibus
2233 1904 2380 1951 recte
2425 1891 2785 1949 sentientibus
2819 1887 3207 1956 exprobrans:
3241 1886 3455 1941 tametsi
3496 1884 3613 1953 ipse
3649 1883 3800 1938 dicas
3829 1900 3845 1936 :

660 1974 929 2049 [Νεετοιι.
984 1977 1052 2033 Ut
1119 1996 1252 2051 ergo
1312 1981 1719 2039 demonstretur
1769 1984 1904 2056 ipsis
1950 2001 2163 2056 quoque

2340 1985 2483 2059 [Ἵνα
2514 1984 2695 2038 τοίνυν
2722 1980 2911 2053 δειχθῇ
2942 1982 3040 2034 καὶ
3081 1981 3197 2044 τοῖς
3234 1977 3432 2051 μάγοις
3460 1976 3544 2040 τίς
3576 1977 3726 2029 ἐστιν
3758 1967 3857 2027 οὗ-

583 2066 759 2135 magis
796 2067 920 2134 quis
956 2068 1046 2123 bic
1073 2069 1147 2123 sit
1182 2070 1250 2125 ab
1299 2071 1408 2126 illis
1446 2071 1706 2129 adoratus
1737 2114 1754 2142 ,
1805 2084 1863 2130 et
1900 2075 1967 2130 ad
2001 2090 2163 2145 quem

2269 2094 2361 2142 τος
2395 2078 2425 2130 ὁ
2478 2077 2614 2147 παρ’
2668 2074 2849 2129 αὐτῶν
2915 2070 3423 2146 προσκυνούμενος,
3464 2068 3559 2123 καὶ
3582 2067 3678 2122 επὶ
3726 2067 3855 2120 τίνα.

584 2157 707 2211 illos
743 2159 960 2214 duxerit
990 2157 1231 2229 Spiritus
1261 2164 1435 2218 sancti
1467 2165 1681 2233 gratia,
1716 2181 1911 2237 nempe
1943 2183 2052 2223 non
2096 2169 2163 2223 ad

2269 2170 2479 2244 ἢγαγεν
2509 2168 2707 2232 αὐτοὺς
2737 2166 2833 2221 τοῦ
2880 2164 3201 2236 Πνεύματος
3242 2162 3338 2216 τοῦ
3391 2161 3550 2230 ἁγίου
3587 2162 3622 2230 ή
3657 2160 3849 2231 χάρις’

582 2247 883 2315 simplicem
915 2250 1075 2320 vulgo
1109 2262 1463 2322 conspectum
1491 2254 1602 2326 52
1636 2256 1922 2323 infantem,
1972 2259 2068 2315 sed
2096 2260 2163 2316 ad

2269 2261 2349 2315 δτι
2371 2260 2473 2315 οὐκ
2516 2260 2612 2314 ἰπὶ
2654 2258 2812 2329 ψιλὸν
2844 2255 3036 2321 ἀπλῶς
3067 2252 3445 2326 θεωρούμενον
3483 2251 3703 2325 βρέφος,
3731 2249 3855 2304 ἀλλ’

583 2353 784 2410 corpus
805 2342 1076 2411 quoddam
1109 2344 1459 2402 lnell‘abiliter
1503 2348 1614 2404 Deo
1647 2349 2054 2426 coniunctum]

2269 2350 2363 2407 ιπί
2390 2367 2444 2406 τι
2474 2350 2638 2422 σῶμα
2669 2347 3014 2419 συνημμένον
3042 2346 3298 2418 ἀρρήτως
3323 2340 3496 2417 Quin]

1226 2458 1381 2514 CAP.
1432 2459 1526 2516 IX.

2664 2467 2675 2478 '
2871 2461 3125 2517 ΚΕΦΑΛ.
3166 2458 3246 2517 Θθ.

656 2545 790 2601 Cum
818 2546 983 2613 igitur
1014 2563 1213 2621 corpus
1247 2550 1603 2608 ineﬂ'abiliter
1649 2556 1759 2611 Deo
1811 2557 2161 2627 cunjunctum

2339 2556 2471 2612 Ὅτε
2504 2555 2683 2610 τοίνυν
2705 2555 2956 2628 ἀρρήτως
2989 2550 3261 2625 συνῆφθαι
3291 2549 3413 2624 Θεῷ
3442 2549 3504 2604 τδ
3547 2549 3707 2620 σῶμά
3749 2563 3856 2618 φη-

589 2636 750 2700 dicat,
785 2638 928 2707 quod
953 2648 1133 2693 autent
1165 2649 1251 2695 est
1282 2656 1411 2697 vere
1444 2640 1740 2710 inell‘abile,
1795 2660 1960 2717 supra
2000 2648 2163 2702 intel-

2271 2665 2355 2704 σι·
2388 2649 2451 2703 τὸ
2485 2648 2543 2702 δὲ
2597 2648 2911 2720 ἀπόρρητον
2956 2645 3194 2717 ἀληθῶς,
3232 2644 3375 2716 ὑπὲρ
3404 2642 3534 2698 νοῦν
3587 2642 3705 2695 ἐστι
3755 2637 3857 2693 καὶ

586 2726 864 2796 ligentiam
892 2729 958 2784 sit
982 2740 1036 2785 et
1060 2747 1221 2801 supra
1255 2748 1589 2802 sermonem,
1635 2749 1764 2791 vera
1797 2753 2025 2807 prorsus
2059 2739 2163 2794 erit

2269 2742 2447 2812 λόγον,
2493 2741 2701 2813 ἀληθής
2746 2757 2851 2793 που
2882 2739 3099 2802 πάντως
3125 2739 3161 2809 ἡ
3204 2736 3418 2802 ἓνωσις,
3442 2736 3611 2806 ῆγουν
3646 2734 3680 2804 ἡ
3720 2748 3855 2785 συν-

589 2820 716 2872 nnin
738 2821 818 2874 vel
848 2822 1179 2891 coniunctio,
1227 2833 1284 2879 ut
1309 2826 1425 2894 ipse
1466 2825 1611 2896 loqui
1645 2827 1788 2883 solet
1823 2847 1839 2883 :
1869 2845 1996 2884 nam
2017 2831 2163 2901 ejus-

2271 2836 2459 2906 άφεια,
2503 2835 2623 2888 κατ’
2665 2833 2852 2889 αὐτόν.
2896 2832 3211 2904 ’Δπὸῥρητα
3246 2830 3354 2902 γάρ
3405 2830 3476 2881 τὰ
3521 2825 3719 2891 τοιάδε,
3752 2823 3852 2877 καὶ

589 2912 734 2965 medi
764 2921 889 2967 sunt
918 2914 1233 2981 ineﬂabilia,
1270 2925 1322 2970 el
1351 2931 1534 2971 rerum
1569 2918 1641 2972 ita
1671 2918 1815 2973 inter
1863 2935 1923 2975 se
1969 2936 2163 2977 conve-

2269 2926 2376 2980 τῶν
2390 2925 2562 2990 οὕτως
2573 2925 2821 2995 ἀλλήλοις
2846 2941 2908 2977 σν
2919 2922 3291 2995 μσεόηκότων,
3312 2920 3413 2975 οὐκ
3434 2919 3521 2985 ἂν,
3556 2914 3847 2989 sitiunt;

590 3003 855 3057 nientium
892 3006 1034 3061 haud
1067 3009 1252 3079 utique
1284 3009 1574 3080 quisquam
1625 3012 1770 3067 scire
1821 3014 2023 3082 poterit
2054 3030 2163 3070 rno-

2271 3019 2440 3091 είδείη
2470 3019 2564 3072 τὸν
2597 3018 2823 3089 τρόπον.
2858 3017 2925 3073 Εἰ
2958 3016 3014 3071 δὲ
3041 3012 3201 3071 οἶσθα
3235 3015 3439 3085 λέγειν,
3463 3012 3565 3067 οἴει
3599 3029 3657 3066 τε
3685 3009 3853 3064 δύνα-

590 3096 738 3148 dum.
783 3095 936 3163 Quod
968 3100 1013 3161 si
1051 3100 1235 3155 dicere
1260 3102 1426 3169 nosti,
1473 3117 1537 3157 ac
1564 3113 1726 3173 putas
1748 3119 1910 3174 posse
1952 3113 2006 3161 te
2054 3107 2163 3161 vim

2273 3111 2395 3165 σθαι
2437 3109 2762 3183 διατρανοῦν
2804 3110 2904 3180 τῆς
2959 3108 3260 3178 συναφείας
3303 3107 3404 3177 τὴν
3436 3105 3695 3177 δύναμιν,
3735 3102 3854 3168 πῶς

591 3185 733 3240 illius
764 3189 1164 3257 canjnnctiouis
1194 3192 1500 3258 declarare,
1553 3196 1825 3264 quomodo
1854 3196 2033 3251 adhuc
2061 3198 2163 3253 erit

2270 3204 2582 3277 ἀπόρρητον
2618 3201 2699 3255 ἔτι
2731 3200 2792 3254 τὸ
2820 3199 3011 3272 χρῆμά
3037 3200 3187 3266 ὲστις
3216 3195 3493 3269 Θαυμάζω
3513 3195 3591 3259 δὲ,
3614 3195 3695 3249 δτι
3723 3193 3854 3247 καί·

587 3294 649 3331 ea
694 3294 782 3332 res
813 3281 1151 3339 ineﬂahilis?
1180 3284 1347 3338 Miror
1371 3295 1547 3340 autem
1569 3286 1739 3356 quod,
1767 3289 2018 3356 quamvis
2040 3304 2163 3343 cor-

588 3369 813 3389 __A..,
963 3373 975 3386 .
1092 3384 1104 3389 ,
1258 3376 1289 3389 ..
1635 3378 1647 3389 .
1734 3377 1897 3389 -..η

2272 3315 2354 3351 τοι
2383 3295 2544 3367 σῶμα
2579 3294 2754 3363 λέγων
2801 3290 3071 3362 συνῆφθαι
3102 3289 3253 3361 Θεῷ,
3294 3290 3388 3389 καὶ
3416 3287 3575 3341 τοῦτο
3607 3286 3858 3389 ἀπορρῆ-

587 3384 690 3439 pns
718 3369 825 3424 Deo
855 3373 1202 3443 conjunctnm
1240 3376 1405 3441 dicat,
1435 3378 1595 3445 idque
1635 3377 1989 3435 inell‘abiliter
2010 3422 2025 3445 ,
2057 3396 2163 3435 non

2272 3407 2403 3453 τως,
2424 3389 2525 3441 οὐκ
2555 3385 2724 3439 αὐτοῦ
2755 3384 2819 3456 δὴ
2844 3383 3003 3438 τοῦτο
3028 3385 3121 3437 καὶ
3152 3382 3283 3435 ῖδιον
3305 3376 3445 3434 εῖναί
3474 3396 3661 3450 φησιν,
3688 3376 3755 3429 ἵν’
3776 3376 3859 3440 ὡς

586 3470 771 3517 tamen
799 3463 927 3518 illud
954 3466 1116 3518 etiam
1150 3466 1318 3534 ipsius
1348 3470 1624 3536 proprium
1653 3485 1776 3524 esse
1830 3483 2062 3537 asserat,
2110 3481 2163 3526 ut

2274 3485 2331 3537 ἓν
2359 3487 2532 3537 νοοῖτο
2570 3484 2685 3553 μετ’
2713 3478 2879 3535 αὐτοῦ
2904 3495 2915 3507 ·
2947 3477 3158 3547 μερίζει
3187 3474 3244 3528 δὲ
3275 3472 3437 3527 πάλιν
3468 3472 3545 3533 είς
3567 3467 3857 3537 ἄνθρωπον

590 3568 711 3607 cum
751 3569 818 3608 eo
850 3565 1105 3627 tanquam
1138 3573 1303 3612 uinum
1346 3560 1710 3629 intelligatur;
1764 3562 1858 3615 scd
1892 3579 2082 3617 rursus
2112 3566 2163 3618 iu

2274 3578 2369 3629 καὶ
2396 3574 2551 3638 Θεὸν,
2579 3573 2684 3626 ave
2718 3572 2903 3642 μὲρως
2932 3586 2991 3622 τε
3019 3568 3110 3622 καὶ
3143 3564 3347 3631 ἱδικῶς,
3370 3563 3461 3616 τὸν
3487 3561 3584 3615 ἕνα
3617 3556 3858 3629 Χριστὸν

592 3643 868 3699 hominem
926 3664 990 3700 ac
1042 3648 1208 3702 Deum
1238 3649 1430 3703 dividit
1479 3652 1705 3705 scorsint
1752 3667 1816 3707 ac
1849 3655 2165 3723 separatim,

588 3752 758 3791 unum
789 3737 1065 3793 Christum
1097 3750 1151 3793 et
1182 3740 1463 3796 Dominum
1497 3740 1707 3809 Jesum,
1754 3751 1810 3799 et
1863 3756 2009 3800 recte
2039 3761 2167 3801 scn-

591 3828 697 3883 tire
717 3845 777 3884 se
807 3831 1047 3898 simulat,
1079 3834 1273 3890 dicens
1297 3852 1312 3888 .-

664 3919 926 3995 [Nae-ron.
961 3923 1150 3995 Neque
1184 3942 1312 3981 vero
1342 3930 1568 3999 simplex
1589 3930 1753 3984 homo
1780 3938 1866 3984 est
1893 3926 2167 3992 Christus.

586 4029 621 4069 o
649 4017 1031 4081 calumniator,
1067 4021 1160 4074 sed
1210 4023 1373 4076 homo
1407 4023 1568 4077 simul
1595 4032 1650 4076 et
1700 4022 1844 4076 Deus
1879 4035 1894 4073 :
1931 4020 2076 4090 quod
2120 4021 2168 4076 si

588 4109 760 4161 solum
794 4111 935 4163 licus
965 4123 1135 4177 esset,
1172 4128 1311 4182 Opus
1337 4124 1479 4181 erat,
1509 4130 1544 4168 o
1574 4112 1902 4183 Apollinari,
1927 4113 2113 4168 dicere
2145 4127 2160 4166 :

592 4212 614 4246 ι
647 4196 785 4261 Quid
814 4213 899 4251 tne
923 4202 1166 4268 quaeritis
1208 4203 1520 4259 inter-licere
1553 4204 1718 4257 Deum
1748 4243 1763 4268 ,
1789 4205 1881 4273 qui
1925 4219 2053 4259 vera
2093 4202 2173 4258 lo-

588 4296 749 4341 cutus
779 4306 896 4343 sum
928 4292 1076 4347 vobis
1099 4294 1144 4326 "
1171 4294 1233 4349 ?D
1271 4294 1570 4353 ilicilleest
1597 4296 1685 4350 cui
1714 4297 1897 4365 spinea
1931 4295 2033 4356 fuit
2059 4296 2171 4350 cir-

588 4382 889 4447 cumposita
926 4396 1127 4438 corona
1156 4404 1170 4452 ;
1202 4386 1290 4441 hic
1333 4387 1426 4456 qni
1462 4385 1718 4439 dicebat:
1760 4404 1780 4436 ε
1813 4384 1958 4440 Deus
1996 4400 2171 4449 mens,

592 4471 733 4525 Dens
777 4488 948 4542 meus,
1007 4479 1195 4546 utquid
1240 4494 1327 4534 me
1378 4478 1720 4546 dereliquisti
1750 4477 1847 4532 “i
1911 4495 1930 4529 ι
1967 4477 2056 4531 hic
2078 4477 2172 4546 qui

592 4565 901 4619 triduanam
939 4570 1108 4624 subiit
1142 4582 1399 4635 mortem,
1460 4569 1645 4624 Adero
1677 4578 1855 4623 autem
1908 4569 2055 4623 hunc
2091 4569 2172 4623 si-

2274 3668 2369 3721 καὶ
2395 3665 2601 3737 Κύριον
2639 3662 2872 3736 Ἰησοῦν,
2906 3662 3003 3716 καὶ
3033 3657 3169 3730 ὀρθά
3198 3656 3418 3729 φρονεῖν
3450 3650 3860 3707 ύποπλάττεται

2270 3759 2447 3826 λέγων
2464 3773 2478 3786 ·

2344 3935 2523 4009 [Ἀλλ’
2552 3932 2612 3988 ού
2646 3931 2802 4005 ψιλός
2831 3928 3119 4000 ἄνθρωπος
3160 3926 3189 3979 δ
3223 3924 3480 3997 Χριστὸς,
3517 3921 3861 3991 συκοφάντα,

2274 4030 2389 4085 ἀλλ’
2427 4028 2716 4100 ἄνθρωπος
2748 4022 2887 4095 ὁμοῦ
2919 4021 3015 4075 καὶ
3052 4019 3186 4082 Θεός
3209 4033 3224 4049 ·
3257 4020 3305 4070 εί
3334 4016 3391 4071 δὲ
3436 4015 3595 4086 μόνον
3638 4013 3863 4084 ὑπῆρχε

2272 4120 2429 4187 Θεὸς,
2487 4119 2679 4191 ἐχρῆν,
2731 4111 3102 4183 ’Δπολινάριε,
3134 4109 3338 4162 εἰπεῖν·
3374 4125 3393 4158 ι
3427 4104 3494 4159 Τί
3534 4122 3601 4176 με
3641 4102 3863 4173 ζητεῖτε

2274 4211 2600 4265 ἀποκτεῖναι
2643 4205 2799 4268 Θεὸν,
2828 4203 2889 4267 δς
2911 4204 3011 4274 τὴν
3038 4199 3300 4269 ἀλήθειαν
3335 4197 3464 4266 ὑμῖν
3492 4195 3795 4266 λελάλφιας
3835 4214 3856 4246 s

2275 4300 2449 4367 Οὗτος
2488 4304 2518 4356 ὁ
2545 4300 2638 4355 τδν
2667 4298 2959 4354 ἀκάνθινον
2985 4292 3346 4365 περιθέμενος
3376 4290 3638 4359 στέφανον
3656 4305 3671 4319 ·
3702 4282 3865 4348 οὗτος

2274 4398 2305 4450 ό
2370 4397 2569 4463 λέγων,
2619 4412 2638 4445 ι
2677 4391 2780 4445 Θεέ
2819 4407 2921 4461 μου
2946 4430 2961 4455 ,
2993 4387 3097 4440 Θεέ
3134 4402 3272 4457 μου,
3314 4384 3400 4437 ἵνα
3429 4384 3483 4436 τί
3534 4399 3600 4453 με
3631 4381 3867 4451 ἐγκατέ-

2272 4486 2461 4553 λιπες;
2511 4504 2530 4537 ι
2582 4479 2738 4546 οὗτος
2794 4484 2824 4535 ό
2866 4481 3169 4553 τριήμερον
3222 4475 3480 4546 τελευτὴν
3536 4472 3862 4546 ὑπομείνας.

2274 4574 2577 4649 Προσκυνῶ
2613 4575 2672 4628 δὲ
2706 4575 2803 4627 σὺν
2835 4575 2901 4643 τῇ
2940 4571 3167 4640 Θεότητι
3191 4564 3400 4633 τοῦτον,
3439 4566 3515 4629 ὼς
3566 4565 3668 4635 τῆς
3703 4562 3866 4627 θείας

588 4658 696 4710 mnl
733 4673 855 4711 cum
892 4658 1220 4728 Divinitate,
1261 4671 1523 4730 tanquam
1585 4660 1787 4715 divina:
1828 4658 2169 4715 defensorem
2204 4675 2250 4732 ι)
2275 4669 2575 4740 συνήγορον
2606 4661 2943 4735 etiamm]

587 4743 977 4817 auctoritatis.]

1244 4842 1399 4899 CAP.
1439 4842 1510 4897 X.

661 4933 792 4989 Vide
809 4934 919 5002 jam
960 4950 1148 4991 rursus
1173 4935 1631 5005 quemadmodum
1666 4933 1863 5003 raptim
1896 4933 2159 5004 decipiat,

585 5032 636 5079 el
670 5025 783 5079 suis
810 5026 1157 5080 sermonibus
1204 5025 1449 5080 veritatis
1497 5026 1735 5095 speciem
1786 5027 2167 5096 circumponat

586 5113 762 5187 [Non,
796 5118 993 5184 inquit,
1027 5116 1256 5187 simplex
1291 5116 1453 5171 homo
1474 5125 1557 5171 est
1586 5117 1856 5184 Christus,
1887 5119 1981 5173 sed
2006 5120 2170 5174 homo

588 5208 750 5262 simul
784 5217 840 5261 et‘
872 5207 1057 5279 Deus],
1120 5222 1418 5276 rursusque
1447 5209 1678 5275 dividat,
1721 5220 1777 5264 et
1823 5211 1966 5265 haud
1998 5227 2164 5266 unum

570 5307 711 5352 'esse
743 5298 910 5361 dicat,
961 5306 1016 5351 et
1063 5296 1228 5351 stulte
1259 5300 1402 5366 quod
1450 5313 1480 5353 a
1532 5301 1751 5355 nemine
1804 5301 1876 5354 sit
1929 5303 2165 5370 positum

590 5387 843 5455 accipiat,
863 5394 917 5439 et
948 5389 1090 5455 quod
1125 5388 1226 5440 sibi
1263 5388 1439 5456 placet
1480 5398 1708 5444 astruat.
1742 5390 1974 5447 Perinde
2017 5391 2165 5446 eiiim

591 5496 659 5535 ac
685 5480 734 5533 si
759 5479 1028 5548 quispiam
1059 5480 1286 5547 diceret,
1315 5484 1513 5536 nudum
1539 5483 1712 5550 ipsum
1743 5482 1973 5538 Verbum
2002 5492 2057 5538 et
2085 5484 2168 5538 ci-

594 5581 676 5623 tra
714 5583 935 5625 carnem
967 5570 1020 5624 in
1050 5572 1211 5626 terris
1251 5573 1406 5628 nobis
1457 5576 1801 5645 apparuisse,
1844 5574 2167 5630 nobiscum—

594 5675 700 5732 que
726 5662 985 5729 locutum,
1018 5664 1100 5718 vel
1131 5664 1312 5719 divina
1345 5666 1499 5737 signa
1546 5665 1782 5721 edidisse
1805 5707 1821 5731 ,
1871 5674 1968 5720 aut
2017 5680 2169 5721 com-

582 5902 589 5909 ,
665 5822 1032 5894 “nam”,
1082 5828 1164 5884 tu.
1242 5827 1287 5855 ιο
1329 5826 1848 5895 Μπιιιι.γιι·η,46.

2887 4838 3113 4893 ΚΕΦΔΛ
3126 4878 3139 4892 .
3184 4839 3243 4893 l'.

2349 4933 2540 5006 Ἀθρει
2563 4932 2624 5004 δή
2658 4948 2750 5003 μοι
2797 4930 2958 4985 πάλιν
2991 4928 3404 5000 συναρπάζοντα
3464 4925 3584 4995 μὲν,
3628 4922 3721 4977 καὶ
3753 4921 3861 4991 τῆς

2273 5025 2531 5097 ἀληθείας
2568 5023 2667 5095 τὴν
2715 5022 2998 5093 μόρφωσιν
3044 5022 3158 5083 τοῖς
3203 5015 3399 5072 ἑαυτοῦ
3450 5013 3738 5084 περιθέντα
3766 5012 3863 5063 λό-

2273 5134 2420 5187 γοις’
2457 5115 2477 5188 [
2495 5117 2555 5168 ού
2584 5115 2695 5186 γάρ
2745 5113 2899 5183 ψιλὸς
2951 5111 3238 5182 ἄνθρωπος
3259 5148 3272 5170 ,
3322 5108 3511 5179 φησὶν,
3540 5107 3569 5158 δ
3600 5102 3863 5174 Χριστὸς,

2275 5210 2391 5265 ἀλλ’
2421 5207 2708 5279 ἄνθρωπος
2749 5205 2884 5277 ὁμοῦ
2923 5205 3018 5260 καὶ
3067 5201 3245 5275 Θεός·]
3277 5201 3558 5255 διῖστάντα
3595 5197 3653 5251 δὲ
3699 5195 3866 5250 πάλιν

2277 5303 2371 5356 καὶ
2386 5302 2486 5372 οὐχ
2506 5300 2604 5353 ἕνα
2625 5299 2876 5366 λέγοντα,
2899 5297 2995 5351 καὶ
3010 5294 3341 5349 ἀνυπόθετόν
3351 5311 3403 5347 τι
3422 5292 3712 5362 δεχόμενον
3725 5290 3870 5358 ἅμα.

2278 5390 2407 5456 θῶς,
2427 5391 2523 5444 καὶ
2547 5388 3025 5451 κατασκευάζοντα
3042 5386 3103 5440 τὸ
3129 5384 3338 5438 δοκοῦν.
3368 5384 3458 5446 Ὣς
3479 5387 3587 5452 γὰρ
3612 5380 3865 5448 λέγοντός

2275 5498 2441 5543 τινος,
2470 5481 2676 5552 γυμνὸν
2703 5479 2796 5532 ἐπὶ
2817 5479 2921 5549 γῆς
2943 5478 3039 5531 καὶ
3068 5477 3191 5547 δίχα
3217 5475 3418 5547 σαρκὸς
3438 5469 3616 5542 ὧφθαί
3639 5490 3697 5524 τε
3728 5472 3864 5541 ἡμῖν

2276 5571 2370 5625 τὸν
2399 5571 2591 5638 Λόγον,
2633 5570 2729 5625 καὶ
2763 5571 2892 5634 τοὺς
2925 5570 3062 5640 πρὸς
3100 5569 3249 5639 ἡμᾶς
3278 5565 3609 5637 ποιήσασθαι
3641 5563 3862 5631 λόγους,

2278 5665 2446 5737 ῆγουν
2483 5666 2777 5737 ἐνεργῆσαι
2810 5664 2910 5727 τὰς
2939 5660 3302 5733 θεοσημείας,
3356 5659 3525 5729 ἡγουν
3569 5656 3652 5712 ὅτι
3682 5653 3862 5719 κοινὸς
