4150 6442
237 380 304 438 9;
1404 371 1785 430 anvsnsus
1823 371 2234 430 sns'romuu
2274 372 2407 430 un.
2450 370 2525 428 ιι.
3172 334 3190 346 ’
3486 377 3555 434 98

216 497 308 573 ’ἦν
335 498 667 570 ἄνθρωπος,
712 498 811 553 καὶ
847 496 947 552 οὐκ
992 496 1156 561 αὐτὸς
1181 498 1210 551 ό
1257 497 1430 566 Λόγος
1471 496 1661 567 γέγονε
1690 497 1863 570 σάρξο

1972 512 2189 553 munem
2218 498 2497 554 hominem
2517 495 2707 565 fuisse,
2741 512 2844 552 non
2874 497 3050 568 ipsum
3075 496 3312 553 Verbum
3352 498 3553 553 factum

245 588 343 663 [Οὐ
372 581 566 658 ψιλὸς,
599 586 817 658 φησὶν,
867 586 1157 659 ἄνθρωπος
1204 587 1234 639 ό
1284 586 1538 658 Χριστὸς,
1579 586 1719 641 ἀλλὰ
1766 587 1862 641 καὶ

240 675 440 750 Θεός.]
490 676 695 746 Ἡμεῖς
718 674 800 739 δὲ,
822 667 869 728 ὧ
899 673 1166 745 βέλτιστε,
1205 673 1375 745 φαίην
1415 673 1481 728 ἂν
1519 674 1717 744 ἔγωγε,
1753 673 1860 728 κᾶν

243 768 500 837 λέγωμεν
526 765 701 819 αὐτὸν
732 763 1023 836 ἄνθρωπόν
1054 781 1115 817 τε
1144 762 1281 835 ὁμοῦ
1313 764 1408 818 καὶ
1439 763 1591 830 Θεὸν,
1626 765 1728 818 οὐκ
1754 763 1861 818 ἀνὰ

254 857 418 929 μέρος
448 855 707 919 τιθέντες
737 854 811 909 τὰ
838 857 1016 910 τοιάδε
1045 856 1230 927 φαμέν
1253 872 1267 887 ·
1294 856 1388 910 τὸν
1419 855 1582 909 αὑτὸν
1608 855 1669 909 δὲ
1718 856 1859 927 μᾶλ-

228 948 341 1003 ⁴λον
383 947 601 1011 εἰδότες
636 948 739 1001 καὶ
771 948 883 1019 πρὸ
936 948 1034 1018 τῆς
1068 946 1537 1018 ὲνανθρωπήσεως
1586 945 1717 999 Υίὸν
1760 945 1860 1000 καὶ

250 1040 377 1094 Θεὸν
402 1039 506 1094 καὶ
531 1039 715 1108 Λόγον
743 1038 839 1092 τοῦ
876 1039 1084 1109 Πατρός
1107 1055 1120 1068 ·
1145 1038 1431 1109 ἄνθρωπον
1452 1036 1509 1091 δὲ
1536 1037 1674 1108 μετὰ
1695 1037 1859 1092 τοῦτο

248 1132 367 1187 καθ’
424 1133 583 1204 ἡμᾶς
614 1132 885 1201 γεγονότα
908 1171 924 1195 ,
960 1133 1053 1183 καὶ
1114 1129 1554 1201 σεσαρκωμένον.
1596 1130 1654 1183 '0
1685 1128 1744 1183 δὲ
1779 1130 1860 1184 δι-

247 1224 673 1295 ἴσχυριζόμενος
709 1224 789 1294 μὴ
817 1223 930 1277 δεῖν
957 1222 1118 1276 αὑτὸν
1151 1221 1441 1294 ἄνθρωπον
1486 1220 1724 1277 νοεῖσθαι
1764 1222 1857 1293 ψι-

240 1314 350 1381 λὸν,
412 1316 561 1370 ἀλλὰ
594 1316 733 1369 Θεὸν
783 1317 880 1369 καὶ
926 1315 1244 1386 ἄνθρωπον,
1295 1314 1564 1385 ἀπονέμει
1614 1316 1713 1386 μὲν
1765 1314 1857 1369 τὸν

235 1406 537 1460 ἀκάνθινον
563 1405 860 1475 στέφανον,
884 1407 979 1459 καὶ
1009 1407 1078 1459 τὰ
1109 1405 1272 1475 ἕτερα
1295 1405 1403 1457 τῶν
1426 1404 1636 1467 παθῶν,
1671 1405 1855 1469 ἰδικῶς

232 1499 521 1569 ἀνθρώπῳ
541 1499 646 1552 καὶ
671 1499 780 1552 ἀνὰ
810 1498 998 1569 μέρος·
1033 1499 1362 1568 προσκυνεῖν
1386 1497 1443 1550 δὲ
1475 1496 1730 1567 ὁμολογεῖ
1759 1497 1855 1550 σὺν

232 1596 299 1662 τῇ
323 1591 566 1662 Θεότητι
599 1590 821 1645 τοῦτον·
848 1591 945 1643 καὶ
974 1590 1035 1643 τὸ
1070 1589 1148 1642 ἔτι
1184 1588 1507 1641 δυσσεεέοτε
1518 1605 1630 1658 ρον,
1651 1587 1728 1651 ὼς
1755 1588 1856 1640 οὐκ

234 1685 364 1739 ὅντα
404 1684 511 1755 μὲν
546 1683 699 1737 κατὰ
724 1682 787 1736 τὸ
813 1683 962 1746 εἱκὺς
989 1683 1121 1736 Θεὸν
1151 1681 1366 1751 ἀληθῶς
1398 1681 1495 1734 καί
1524 1680 1652 1734 Υίόν
1671 1697 1685 1711 ’
1732 1697 1855 1733 συν-

241 1778 439 1846 ήγορον
470 1776 533 1828 δὲ
579 1775 860 1844 γεγονότα
892 1774 991 1844 τῆς
1024 1773 1313 1836 αύθεντίας
1361 1771 1455 1826 τοῦ
1493 1772 1690 1840 Λόγου.
1728 1771 1853 1823 ’Ότι

1961 606 2084 647 esse
2107 605 2326 647 carnem
2356 609 2372 648 :
2399 589 2564 663 [Non,
2596 590 2796 661 inquit,
2838 590 3070 659 simplex
3091 596 3175 646 cst
3207 590 3372 645 homo
3434 587 3555 657 ipse

1962 682 2238 747 Christus,
2291 696 2482 736 verum
2516 681 2683 736 etiam
2719 677 2908 752 Deus.]
2954 678 3061 734 Sed
3098 689 3156 734 ut
3201 679 3333 734 mihi
3369 679 3554 732 dicere

1962 774 2148 856 liceat,
2184 790 2306 840 nos,
2336 790 2370 830 ο
2403 775 2490 827 vir
2539 773 2768 842 Optime,
2804 772 3053 841 quamvis
3103 771 3255 826 illum
3304 771 3555 826 dicamus

1961 867 2240 922 hominem
2262 865 2425 922 simul
2443 874 2497 919 et
2530 866 2722 932 Deum,
2749 880 2854 917 non
2875 863 2990 917 haec
3012 861 3241 916 seorsim
3260 860 3553 915 dividendo

1962 957 2217 1022 dicimus,
2248 956 2343 1012 sed
2377 957 2556 1025 potius
2597 956 2851 1010 emndem
2902 954 3141 1009 scientes
3184 954 3351 1008 etiam
3400 960 3556 1006 aule-

1961 1062 2123 1116 quam
2160 1055 2309 1102 esset
2333 1047 2497 1102 homo
2545 1033 2749 1111 'I'actus,
2778 1055 2834 1100 et
2887 1042 3115 1110 Filium,
3171 1051 3229 1098 et
3273 1043 3466 1105 Deum,
3502 1047 3556 1095 et

1961 1139 2205 1196 Verbum
2242 1137 2449 1204 Patris,
2485 1138 2763 1194 hominem
2795 1152 2927 1191 vero
2960 1144 3146 1206 postea
3196 1134 3368 1189 nostri
3402 1133 3558 1188 simi-

1961 1233 2065 1288 lem
2088 1230 2291 1287 factum
2337 1241 2393 1286 et
2409 1232 2773 1285 incarnatum.
2801 1229 2893 1285 Ille
2912 1244 3038 1283 vero
3054 1243 3177 1283 cum
3194 1226 3426 1281 allirmet
3449 1239 3557 1280 non

1962 1338 2083 1380 esse
2114 1323 2261 1376 illum
2286 1323 2489 1377 nudum
2517 1319 3240 1389 hominemintelligendum,
3269 1317 3363 1374 sed
3387 1318 3557 1372 Deum

1958 1422 2015 1469 et
2062 1413 2363 1478 hominem,
2396 1413 2641 1482 spineam
2686 1411 2905 1480 quidem
2958 1422 3216 1463 coronam
3248 1416 3302 1462 et
3326 1417 3556 1462 caeteras

1961 1505 2244 1574 passiones
2285 1503 2505 1574 proprie
2525 1518 2590 1557 ae
2619 1502 2848 1556 seorsim
2872 1500 3079 1555 homini
3106 1498 3317 1564 tribuit,
3363 1506 3420 1551 et
3459 1496 3557 1551 ad-

1959 1612 2117 1652 orare
2142 1613 2202 1651 se
2229 1601 2371 1650 hunc
2398 1595 2558 1649 simul
2598 1609 2720 1649 cum
2754 1593 3049 1648 Divinitate
3081 1590 3307 1656 fatetur,
3326 1598 3382 1643 ct
3408 1588 3554 1658 quod

1959 1690 2065 1764 53
2099 1689 2271 1760 magis
2303 1669 2529 1758 impium
2559 1689 2648 1754 sit,
2680 1696 2939 1755 tanquam
2968 1700 3077 1739 non
3107 1685 3196 1750 sit,
3232 1693 3289 1736 ut
3315 1693 3398 1737 est
3422 1697 3556 1737 con-

1958 1795 2311 1847 sentaneum,
2362 1795 2488 1835 vere
2531 1779 2677 1834 Deus
2726 1794 2791 1833 ac
2818 1775 3021 1842 Filius,
3069 1776 3160 1830 sed
3213 1773 3558 1829 auctoritatis

246 1870 349 1938 γὰρ
385 1869 675 1940 διϊστησιν
721 1867 997 1938 ἐναργῶς,
1034 1870 1290 1937 σαφηνιεί
1332 1866 1494 1920 πάλιν
1523 1866 1585 1919 τὸ
1642 1868 1738 1921 σὺν
1788 1870 1852 1939 τῇ

1964 1875 2123 1931 Verbi
2158 1882 2420 1930 assertor.
2458 1872 2591 1925 Nam
2631 1874 2776 1940 quod
2811 1870 3095 1924 evidenter
3129 1860 3451 1936 distinguat,
3487 1879 3558 1919 ex

244 1958 472 2028 Θεότητι
497 1956 944 2028 προσκυνεῖσθαι
978 1957 1087 2010 δεῖν
1118 1958 1284 2012 αὐτὸν
1306 1956 1610 2026 ὁμολογεῖν.
1645 1956 1719 2009 Τὸ
1744 1958 1855 2025 γὰρ

238 2052 414 2123 ἑτέρῳ
444 2051 1078 2122 συμπροσκυνούμενον,
1114 2050 1301 2121 ἕτερόν
1335 2066 1434 2102 που
1468 2049 1688 2112 πάντως
1738 2050 1858 2102 ἐστὶ

244 2144 375 2213 παρ’
406 2143 587 2195 έκεῖνο
620 2141 747 2212 μεθ’
783 2136 846 2194 οὗ
898 2140 1331 2213 προσκυνεῖσθαι
1377 2139 1613 2207 λέγεται.
1661 2139 1857 2209 Ἡμεῖς

252 2233 334 2295 δὲ,
378 2235 479 2305 μιᾷ
523 2233 904 2305 προσκυνήσει
949 2234 1114 2303 τιμᾷν
1160 2230 1450 2302 εἰθίσμεθα
1490 2233 1582 2285 τὸν
1642 2232 1856 2303 Ἐμμα-

257 2325 441 2395 νουήλ,
461 2324 523 2377 οὐ
555 2324 862 2388 διῖστάντες
897 2323 994 2377 τοῦ
1026 2323 1203 2392 Λόγου
1232 2322 1293 2375 τὸ
1321 2322 1521 2379 ένωθὲν
1551 2322 1702 2393 αὐτῷ
1732 2322 1855 2377 καθ’

256 2417 552 2471 ὑπόστασιν
577 2415 767 2487 σῶμα.
805 2416 873 2469 Τί
904 2415 950 2469 δ’
985 2416 1052 2470 ἂν
1077 2418 1270 2478 νοοῖτο,
1301 2415 1361 2468 τὸ
1390 2415 1488 2486 τῆς
1521 2414 1671 2479 θείας
1694 2417 1859 2487 συνή-

243 2527 409 2583 γορον
459 2509 782 2573 αὐθεντίας,
838 2508 1153 2580 βασανίζειν
1201 2509 1389 2574 ἄξιονο
1438 2506 1548 2578 ἆρα
1601 2509 1710 2580 γὰρ
1764 2509 1860 2562 καὶ

239 2602 410 2664 αὐτὸς
444 2604 475 2656 ό
502 2601 717 2673 Κύριος
754 2602 916 2674 ἡμῶν
957 2600 1165 2673 Ἰησοῦς
1192 2602 1450 2672 Χριστὸς,
1477 2600 1600 2655 καθ’
1625 2601 1722 2654 ἓνα
1749 2600 1859 2654 τῶν

237 2696 418 2766 ἁγίων
496 2695 829 2750 ἀποστόλων
907 2696 1004 2759 καὶ
1069 2693 1474 2763 εὐαγγελιστῶν
1543 2694 1729 2764 ἕτερον
1781 2691 1860 2764 τῷ

242 2790 437 2862 κόσμῳ
462 2789 772 2861 διεκήρυξε
804 2788 1060 2861 Χριστὸν.
1093 2788 1260 2859 ἤγουν
1309 2788 1438 2842 Υἰὸν
1486 2788 1580 2841 καὶ
1627 2787 1857 2859 Κύριον,

246 2887 322 2951 ὡς
351 2886 509 2940 θείαν
566 2883 772 2956 έχοντα
812 2883 915 2949 τὴν
960 2884 1045 2952 ἐφ’
1090 2880 1295 2935 ἅπασιν
1334 2881 1645 2947 αὑθεντίαν,
1690 2881 1860 2953 ἤγουν

250 2978 520 3047 ἐξουσίαν,
559 2973 939 3046 συνηγόρευσε
970 2973 1029 3027 δὲ
1058 2974 1153 3027 καί
1182 2972 1345 3035 αὐτὸς
1372 2975 1441 3044 τῇ
1478 2972 1667 3044 ἑτέρου
1697 2972 1824 3045 δόξῃ
1843 2990 1882 3051 ;_

250 3073 440 3125 Καίτοι
466 3070 587 3124 τῶν
618 3067 910 3139 θεηγόρων
954 3067 984 3119 ὁ
1032 3066 1211 3138 χορὸς,
1262 3064 1469 3137 Ἰησοῦν
1503 3065 1739 3138 Χριστὸν
1772 3067 1864 3119 τὸν

245 3165 309 3217 ἐκ
335 3164 669 3236 σπέρματος
688 3160 857 3214 Δαόὶδ
884 3161 1027 3214 κατὰ
1057 3161 1237 3230 σάρκα
1259 3158 1336 3229 τῷ
1360 3161 1552 3229 κόσμῳ
1567 3157 1861 3228 διακηρύτ-

237 3273 432 3311 τουσιο
471 3257 573 3309 καὶ
602 3255 706 3325 τῆς
756 3254 994 3316 πίστεως
1037 3252 1192 3323 ἡμῶν
1238 3256 1267 3305 ό
1304 3254 1503 3322 τρόπος
1538 3251 1626 3306 διὰ
1654 3253 1754 3322 τῆς
1782 3253 1860 3317 εἰς

242 3350 406 3404 αὐτὸν
450 3347 761 3419 ὁμολογίας
792 3345 1015 3417 ἔρχεται
1036 3362 1048 3375 ·
1080 3343 1441 3414 διωιούμεθα
1484 3343 1541 3398 δὲ
1574 3345 1864 3397 πιστεύον-

242 3457 354 3503 τες,
388 3439 499 3509 οὐχ
546 3440 630 3501 ὡς
672 3436 769 3489 ἕνα
807 3437 917 3489 τῶν
952 3434 1077 3489 καθ’
1121 3437 1268 3506 ἡμᾶς
1312 3435 1601 3505 ἄνθρωπον
1651 3434 1862 3500 ἁπλῶς,

241 3532 360 3586 ἀλλ’
391 3532 481 3594 εἰς
521 3531 623 3582 τὶν
672 3528 836 3598 φύσει
876 3544 938 3580 τε
971 3527 1068 3581 καὶ
1113 3526 1331 3597 ἀληθῶς
1368 3527 1500 3580 ὄντα
1543 3527 1698 3582 Θεόν.
1753 3528 1867 3582 Καὶ

238 3605 374 3692 γοῦν
410 3620 558 3675 ἄθεα
593 3619 699 3689 μὲν
732 3618 801 3672 τὰ
843 3617 973 3688 έθνῃ
1006 3617 1277 3671 διετέλουν
1316 3617 1462 3670 κατὰ
1504 3616 1596 3670 τὸν
1635 3617 1865 3689 κόσμον,

238 3715 492 3790 Χρεστδν
536 3714 648 3767 οὐκ
699 3711 885 3766 εἰδότα
933 3711 1087 3777 ποτὲ,
1142 3710 1288 3765 καθά
1318 3727 1485 3781 φησιν
1525 3713 1554 3764 ὁ
1596 3710 1867 3784 μακάριος

238 3807 508 3870 Παῦλος·
548 3804 750 3874 ἐπειδὴ
792 3803 850 3858 δὲ
883 3803 1212 3873 ἐγνώκασιν,
1269 3802 1331 3855 οὐ
1378 3802 1755 3872 μεμενήκασιν
1810 3803 1868 3854 ὲν

240 3906 447 3976 ἀγνοίᾳ
478 3902 579 3958 τοῦ
604 3901 754 3957 κατὰ
778 3900 943 3972 φύσιν
967 3901 1121 3964 ὄντος
1142 3899 1301 3953 Θεοῦ.
1330 3897 1543 3952 Οὐκοῦν
1561 3897 1870 3952 διδασκέτω

246 4003 314 4073 τῇ
340 4000 500 4063 τίνος
534 3996 673 4066 δόξῃ
704 3995 801 4049 καὶ
826 3992 1090 4063 αὐθεντίᾳ
1121 3991 1524 4062 συνηγόρευσεν
1554 3992 1581 4044 ό
1608 3989 1867 4061 Χριστὸς,

258 4094 429 4148 καίτοι
473 4090 597 4144 τῶν
630 4086 975 4159 προσιόντων
1005 4086 1159 4157 αύτῷ
1206 4085 1307 4157 τὴν
1338 4084 1524 4137 πίστιν
1564 4084 1651 4151 ἐφ’
1686 4081 1870 4153 ἑαυτῷ

264 4185 360 4258 μὲν
392 4183 572 4240 αἰτῶν
595 4198 613 4215 ο
644 4179 927 4244 ἀνατιθεὶς
945 4178 1005 4232 δὲ
1042 4177 1250 4247 ταύτην
1273 4180 1331 4230 ἐν
1357 4174 1509 4246 αὐτῷ
1530 4173 1643 4247 [τον.
1669 4172 1870 4245 ἐαυτῷ]

1960 1983 2026 2022 eo
2088 1980 2278 2021 rursus
2312 1964 2659 2034 perspicuum
2717 1961 2829 2025 ﬁet,
2882 1960 3024 2029 quod
3087 1974 3209 2013 cum
3265 1956 3559 2011 Divinitate

1961 2059 2137 2128 ipsum
2161 2071 2283 2111 esse
2305 2054 2640 2109 adorandum
2667 2053 2959 2106 coniitetnr
2999 2069 3012 2106 :
3054 2049 3198 2117 quod
3243 2046 3390 2101 enim
3431 2058 3556 2099 cum

1960 2148 2133 2204 altero
2176 2148 2458 2209 adorator,
2500 2146 2774 2200 diversum
2819 2153 2903 2198 est
2949 2138 3172 2212 prorsus
3215 2139 3282 2194 ab
3323 2153 3389 2193 eo
3432 2153 3559 2193 cum

1960 2254 2068 2308 quo
2111 2237 2331 2294 adorari
2377 2237 2716 2306 perhibetur.
2758 2231 2866 2288 Nos
2913 2248 3043 2288 vero
3089 2247 3194 2286 una
3236 2231 3559 2286 adoratione

1960 2333 2231 2388 honorare
2257 2330 2641 2385 consuevimus
2664 2326 3098 2389 Emmanuelem,
3123 2340 3227 2379 non
3255 2322 3558 2378 dividentes

1961 2442 1989 2479 a
2016 2425 2197 2480 Verbo
2233 2438 2431 2495 corpus
2467 2422 2568 2492 ipsi
2605 2420 2902 2477 secundum
2944 2418 3282 2489 hypostasim
3320 2417 3556 2472 unitum.

1961 2516 2100 2585 Quid
2141 2526 2322 2571 autem
2357 2514 2669 2586 signiﬁcent
2712 2513 2804 2566 illa
2842 2513 3005 2566 verba
3029 2552 3042 2577 ,
3083 2511 3281 2564 divinze
3319 2517 3560 2563 asserto-

1961 2623 2076 2664 rem
2098 2607 2463 2671 auctoritatis,
2488 2605 2911 2659 examinandum
2935 2612 3037 2657 est.
3064 2601 3200 2656 Nunt
3225 2603 3368 2657 enim
3391 2599 3557 2655 etiam

1962 2702 2078 2770 ipse
2114 2700 2375 2755 Dominus
2411 2707 2596 2754 noster
2624 2694 2783 2751 Jesus
2813 2693 3066 2750 Christus
3101 2704 3159 2747 ut
3192 2708 3334 2748 unus
3365 2708 3395 2746 e
3428 2708 3558 2746 san-

1960 2794 2068 2848 ctis
2100 2792 2359 2860 apostolis
2388 2798 2443 2846 et
2471 2789 2844 2859 evangelistis,
2875 2788 3038 2841 alium
3070 2787 3270 2841 mundo
3295 2785 3557 2855 praedica~

1962 2887 2038 2940 vit
2069 2883 2375 2951 Christum,
2409 2883 2492 2938 vel
2530 2878 2757 2947 Filium,
2792 2881 2873 2935 vel
2915 2880 3224 2946 Dominum,
3261 2888 3318 2932 ut
3354 2877 3562 2932 haben-

1965 2990 2071 3034 tem
2096 2980 2162 3034 ad
2186 2978 2369 3033 omnia
2394 2976 2634 3032 divinam
2660 2974 3041 3030 auctoritatem
3067 2973 3182 3027 sive
3209 2979 3558 3040 potestatem,

1963 3082 2019 3127 et
2047 3072 2163 3141 ipse
2190 3068 2416 3123 alterius
2448 3066 2678 3138 gloriam
2712 3061 2988 3118 asseruit?
3019 3062 3182 3129 Atqui
3216 3061 3416 3114 chorus
3447 3060 3562 3128 ipse

1966 3164 2061 3219 Dei
2095 3160 2510 3233 praedicatorum
2540 3155 2724 3211 Jesum
2753 3153 3035 3209 Christum
3069 3151 3218 3205 illum
3251 3164 3316 3204 ex
3350 3149 3563 3202 semine

1967 3256 2137 3310 David
2166 3251 2463 3309 secundum
2494 3262 2715 3303 carnem
2747 3245 3029 3315 przedicat,
3061 3251 3114 3295 et
3148 3242 3263 3310 ipsa
3301 3236 3426 3293 ﬁdei
3460 3251 3560 3289 no-

1967 3360 2096 3406 strze
2126 3348 2267 3402 ratio
2292 3360 2394 3416 per
2422 3340 2826 3411 confessionem
2856 3338 2912 3391 in
2940 3350 3063 3391 eum
3101 3333 3299 3389 factam
3334 3331 3510 3400 pergit
3542 3343 3558 3383 :

1962 3440 2438 3515 justiﬁcamurque
2464 3450 2529 3491 eo
2559 3434 2678 3502 ipso
2705 3431 2848 3500 quod
2878 3416 3150 3484 credimus
3180 3441 3285 3480 non
3314 3434 3371 3478 ut
3397 3437 3562 3476 unum

1969 3554 2001 3594 e
2040 3536 2196 3591 nobis
2238 3532 2510 3588 hominem
2551 3526 2877 3596 simplicem,
2916 3523 3010 3577 sed
3053 3520 3107 3574 in
3151 3519 3327 3590 ipsum
3370 3524 3565 3570 natura

1968 3643 2206 3698 vereque
2236 3628 2427 3681 Deum.
2461 3624 2644 3690 Itaque
2675 3619 2797 3675 sine
2830 3619 2937 3672 Deo
2967 3623 3158 3686 gentes
3186 3618 3346 3667 erant
3376 3609 3428 3663 in
3460 3608 3566 3663 hoc

1969 3722 2194 3785 mundo,
2227 3716 2506 3772 Christum
2543 3713 2857 3782 ignorantes
2891 3704 3209 3777 aliquando,
3243 3712 3300 3757 ut
3333 3703 3408 3755 ait
3443 3702 3566 3755 hea-

1974 3824 2061 3867 tus
2093 3810 2293 3865 Paulus
2316 3806 2360 3839 ‘7
2393 3826 2409 3861 :
2444 3805 2532 3860 ubi
2563 3818 2692 3858 vero
2726 3801 2876 3855 illum
2909 3804 3271 3870 agnoverunt,
3302 3809 3407 3848 non
3442 3805 3568 3862 per-

1973 3909 2293 3959 manserunt
2339 3895 2512 3966 ignari
2556 3894 2673 3963 ejus
2712 3891 2803 3961 qui
2851 3891 3148 3945 secundum
3191 3897 3441 3940 naturam
3483 3888 3568 3936 est

1973 3996 2136 4051 Deus.
2171 3991 2335 4062 Igitur
2366 3990 2560 4041 doceat
2596 3982 2749 4053 cujus
2789 3980 2975 4049 gloriae
3016 3988 3072 4033 et
3113 3976 3428 4031 auctoritati
3473 3987 3570 4043 pa-

1977 4087 2278 4142 trocinatus
2307 4082 2376 4136 sit
2402 4079 2654 4134 Christus
2683 4094 2696 4130 :
2726 4073 2939 4130 tametsi
2967 4072 3036 4125 ab
3068 4068 3382 4125 hominibus
3411 4066 3477 4119 ad
3507 4080 3569 4120 se

1975 4173 2358 4229 accedentibus
2385 4170 2541 4224 fidem
2573 4167 2627 4221 in
2658 4165 2900 4235 seipsum
2927 4161 3130 4234 exigat,
3157 4170 3214 4214 et
3240 4173 3359 4213 eam
3391 4157 3567 4224 ipsam

256 4275 331 4347 τῷ
352 4274 557 4346 Πατρί.
592 4272 712 4326 Καὶ
743 4269 876 4340 γοῦν
908 4268 1064 4339 ἔλεγε
1094 4284 1108 4298 ’
1145 4286 1162 4320 ι
1189 4266 1483 4323 Πιστεύετε
1513 4268 1594 4330 εἰς
1634 4266 1755 4337 ἐμὲ,
1778 4265 1874 4319 καὶ

252 4338 329 4431 εἰς
352 4368 450 4421 τὸν
479 4338 630 4420 Θεὸν
655 4338 1002 4417 πιστεύετε-ι
1025 4362 1121 4415 καὶ
1148 4361 1334 4415 πάλιν
1363 4379 1382 4413 ι
1403 4360 1464 4414 '0
1493 4358 1766 4413 πιστεύων
1793 4359 1864 4422 εἰς

1977 4359 2031 4414 in
2068 4374 2177 4425 me,
2208 4365 2265 4413 et
2300 4358 2353 4410 in
2391 4355 2559 4409 Deum
2599 4351 2809 4408 credite
2836 4347 2919 4415 ης
2962 4366 2982 4400 ι
3022 4357 3075 4402 et
3112 4347 3307 4400 iterum
3347 4360 3363 4397 :
3405 4359 3425 4393 ι
3465 4338 3569 4407 Qui

246 4461 372 4532 ἐμὲ,
402 4460 472 4514 οὐ
505 4456 769 4512 πιστεύει
796 4457 878 4520 εἰς
911 4455 1035 4527 ἐμὲ,
1065 4454 1182 4508 ἀλλ’
1211 4455 1292 4518 εἰς
1317 4454 1411 4508 τὸν
1440 4451 1737 4523 πέμψαντά
1767 4468 1864 4522 με·

1978 4453 2153 4510 credit
2181 4453 2235 4506 in
2269 4466 2375 4515 me,
2410 4464 2515 4502 non
2545 4447 2720 4503 credit
2750 4448 2806 4501 in
2838 4458 2946 4510 me,
2975 4440 3070 4497 sed
3103 4440 3156 4493 in
3189 4453 3311 4491 enm
3345 4433 3435 4501 qui
3470 4433 3567 4485 mis

245 4526 339 4607 καὶ
357 4554 390 4607 ὀ
416 4550 660 4623 θεωρῶν
689 4549 816 4619 ἐμὲ,
851 4526 1048 4619 θεωρεῖ
1073 4548 1166 4601 τὸν
1198 4546 1497 4618 πέμψαντά
1526 4562 1618 4617 με.
1656 4564 1675 4596 ›
1724 4544 1864 4598 Ἀλλ’

1974 4548 2045 4604 sit
2091 4561 2178 4600 me
2196 4544 2264 4599 "’.
2317 4562 2336 4595 δ
2383 4540 2490 4596 Sed
2535 4541 2769 4595 fortasse
2813 4538 2917 4592 hoc
2953 4533 3180 4588 verbum
3227 4526 3566 4597 συνηγορεῖν,

249 4646 376 4709 ἴσως
403 4645 477 4699 τὸ
510 4618 848 4714 συνηγορεῖν
881 4618 1027 4694 κατὰ
1063 4639 1124 4693 τὸ
1155 4637 1304 4710 αὐτῷ
1329 4636 1545 4702 δοκοῦν,
1593 4636 1734 4708 τάχα
1763 4652 1864 4689 που

1980 4638 2124 4707 quod
2169 4633 2501 4705 patrocinari
2553 4630 2832 4692 diximus,
2878 4622 3206 4679 subindicat'
3237 4619 3378 4673 idem
3428 4618 3569 4685 quod

252 4707 754 4809 inﬂammati:
814 4732 878 4786 τὸ
924 4733 1243 4804 ίσηγορεῖν·
1278 4707 1480 4803 ἐφίημι
1524 4707 1669 4801 γὰρ.
1688 4707 1864 4783 καίτοι

1983 4730 2293 4801 ἰσηγορεῖν,
2328 4726 2433 4781 hoc
2470 4732 2589 4787 est,
2625 4735 2691 4775 ex
2732 4732 2890 4785 aequo
2928 4714 3228 4786 praedicare
3264 4726 3279 4764 :
3321 4707 3569 4779 permiti-i

254 4800 597 4901 τῆς-λέξεως
663 4824 862 4896 ἑτέραν
891 4800 1124 4895 ἐχούσης
1158 4823 1259 4894 τὴν
1289 4800 1544 4894 δήλωσιν.
1575 4800 1712 4875 Eiet:
1757 4819 1864 4885 πῶς

1981 4800 2421 4889 enim,quamvis
2452 4814 2568 4870 haec
2598 4812 2766 4869 dictio
2792 4809 2957 4863 aliam
2990 4807 3189 4862 habeat
3216 4800 3569 4873 signiﬁcatio-

260 4888 657 4996 ts'qyopiicstev
712 4888 780 4971 ἂν
827 4888 1117 4989 ἄνθρωπος
1143 4888 1271 4988 ’Θεῷ
1315 4888 1459 4969 κατὰ
1498 4913 1584 4979 σὲ,
1630 4913 1727 4968 καὶ
1779 4912 1864 4976 τὰς

1981 4927 2127 4968 nem.
2157 4908 2320 4979 Atqui
2354 4904 2625 4975 quomodo
2656 4918 2723 4957 ex
2755 4914 2909 4969 aequo
2937 4895 3007 4951 de
3035 4910 3095 4950 se
3124 4893 3381 4963 loquatur
3409 4888 3575 4944 homo

261 4984 491 5070 ἔτ’τόλν-
537 5010 820 5067 Ἰουδαίων
870 4984 1165 5081 παροινίας
1210 4984 1541 5077 διενεγκών;
1579 5006 1719 5079 Φέρε
1764 5005 1864 5076 γὰρ

1981 5005 2212 5076 perinde
2240 5017 2305 5056 ac
2332 4999 2500 5063 Deus,
2527 5006 2586 5051 nt
2605 5004 2672 5067 tu
2703 5002 2881 5064 putas,
2909 4999 2963 5046 et
2991 4989 3082 5060 qui
3111 5004 3139 5042 a
3167 4986 3367 5043 Iudaeis
3397 4984 3574 5037 illatas

260 5110 342 5162 τὸν
363 5107 637 5177 ἑκατέρῳ
665 5075 1423 5177 πρέποντα-καταθρήσωμεν
1449 5099 1631 5168 λόγον.
1660 5075 1864 5169 Πρέποι

1982 5075 2343 5150 contumelias
2376 5086 2630 5159 pertulit?
2660 5087 2772 5155 Age
2803 5081 2973 5147 enim,
3008 5092 3318 5136 sermonem
3354 5075 3574 5143 utrique

256 5203 299 5256 δ’
322 5204 391 5257 ἂν
425 5169 619 5255 εἰπεῖν
658 5169 740 5268 ei?)
787 5213 849 5265 γε
879 5194 995 5248 ὄντι
1032 5169 1333 5264 Θεῷ-κατα
1375 5191 1571 5261 φύσιν·
1607 5189 1743 5261 Εἰμὶ
1775 5190 1864 5260 μὲν

1982 5185 2395 5243 convenientem
2438 5179 2846 5235 consideremus
2886 5195 2900 5232 Ξ
2946 5189 3069 5230 nam
3104 5187 3234 5228 νειοο
3273 5169 3571 5226 secundum

256 5297 522 5367 ἀόρατος,
562 5260 809 5361 ἀναιρὴς,
829 5289 928 5341 καὶ
954 5284 1051 5340 τοῦ
1086 5260 1281 5340 παθεῖν
1309 5286 1605 5355 ἁνώτερος,
1643 5260 1738 5335 καὶ⁴
1767 5279 1864 5350 μὴτ

1983 5289 2234 5334 naturam
2267 5275 2379 5331 Deo
2409 5272 2662 5329 convenit
2691 5272 2873 5326 dicere
2907 5288 2920 5324 :
2951 5267 3066 5339 Ego
3096 5268 3223 5322 sum‘
3250 5260 3573 5325 invisibilis,

256 5394 348 5444 καὶ
377 5388 710 5458 ἀσώματος,
739 5383 856 5455 ζωὴ
884 5382 982 5435 καὶ
1006 5379 1292 5445 ζωοποιὸς,
1327 5376 1424 5429 καὶ
1447 5353 1635 5428 ἐπάνω
1660 5372 1864 5426 πάντωη

1986 5369 2370 5437 intractabilis,
2405 5365 2780 5436 impassihilis,
2811 5366 3187 5432 incorporeus,
3218 5358 3344 5412 item
3378 5353 3484 5406 vita
3518 5360 3572 5405 et

252 5486 333 5547 ὡς
370 5447 537 5544 Θεόξὶ
587 5480 650 5532 Ὀ
769 5447 873 5546 τὴν
918 5475 1056 5529 ἰδίαν
1101 5474 1256 5543 ἡμῖν,
1299 5472 1449 5532 ὅπως
1471 5467 1538 5520 ἂν
1565 5466 1678 5536 ἔχοι
1718 5464 1864 5534 etiam

1986 5463 2314 5529 viviticator,
2339 5469 2394 5515 et
2421 5475 2583 5527 supra
2612 5456 2795 5526 omnia
2826 5464 3085 5523 tanquam
3115 5451 3257 5505 Deus
3286 5467 3300 5504 :
3330 5447 3417 5502 hic
3444 5460 3576 5501 vero

258 5576 664 5645 ἑ--ῗιτῖ⁶;ὀ·5μαενο.τ,
700 5570 806 5641 ἔφη
860 5567 929 5622 ἂν
980 5566 1245 5626 εἰκότως·
1310 5559 1539 5630 Ὀρατός
1587 5560 1737 5628 εἰμι.
1788 5557 1864 5608 κα⁴

1991 5554 2039 5611 si
2068 5570 2167 5609 sua
2197 5554 2356 5608 nobis
2386 5560 2580 5606 natura
2611 5562 2667 5603 ut
2696 5549 2896 5604 habeat
2923 5556 3185 5617 exponat,
3213 5543 3357 5598 dicet
3384 5540 3575 5609 utique

456 5630 486 5697 ο.
518 5630 920 5735 παθιλτδςίκαὶ
941 5657 1048 5712 ὑπὸ
1070 5655 1298 5727 φθορὰν,
1328 5652 1420 5707 καὶ
1457 5649 1563 5704 ὑπὸ
1587 5648 1726 5720 Θεῷ.
1754 5644 1864 5718 *Αρ

1992 5655 2052 5700 ut
2082 5659 2179 5716 par
2207 5652 2290 5701 est
2323 5660 2336 5700 :
2364 5640 2607 5699 Visibilis
2636 5654 2788 5707 sum,
2821 5648 2876 5695 et
2903 5636 3238 5704 tractabilis,
3270 5630 3576 5706 passibilis,

348 5848 611 5922 “Ephes.
644 5861 704 5914 II,
756 5843 847 5899 I2.
930 5840 977 5872 "
1013 5838 1171 5896 Joan.
1211 5851 1321 5903 ιμ’,
1361 5833 1410 5887 I.
1487 5831 1532 5866 ’θ’
1560 5827 1718 5886 Joan.
1756 5841 1855 5891 xii,
1887 5822 1977 5880 44.

1978 4268 2030 4323 in
2061 4281 2121 4322 se
2153 4265 2253 4335 ipsi
2286 4263 2433 4317 Patri
2466 4261 2758 4323 attribuat,
2792 4257 2973 4326 itaque
3002 4254 3216 4310 dicebat
3244 4266 3261 4306 :
3297 4269 3315 4302 ι
3348 4249 3567 4305 Credite
3665 4277 3677 4286 ι
