4150 6482
599 413 668 470 99
1657 405 1712 460 S.
1757 398 2032 460 CYRILLI
2073 396 2542 455 ΑιΕΧΑέςῡῐιιΝι
2585 399 2902 458 ARCHIEP.

3779 412 3883 464 101)

599 535 655 581 et
690 523 1024 596 corruptioni
1064 523 1374 594 subjectus,
1413 538 1474 578 ac
1510 524 1610 578 sub
1650 524 1757 578 Deo
1796 541 1810 577 :
1848 539 1972 576 nmn
2017 522 2150 591 igitu

2291 513 2405 583 οῦν,
2441 521 2470 572 ὁ
2519 518 2588 572 τὰ
2634 519 2813 572 τοιάδε
2861 519 3063 586 λέγων,
3099 520 3474 591 Ιπηγορήσειεν
3503 520 3570 576 ἃν
3601 521 3680 593 τῷ
3716 524 3884 594 προῦ-

597 616 688 685 qui
727 615 852 670 talia
889 614 1054 681 dicit,
1090 615 1136 671 is
1169 631 1322 684 teque
1357 615 1422 669 de
1456 630 1514 668 se
1552 614 1863 684 przetlieabit
1900 622 2058 682 atque
2094 612 2184 667 ille

597 706 705 778 54
745 709 1090 777 prmstantior
1127 719 1180 762 et
1218 707 1591 774 excellentior,
1639 711 1779 776 quod
1827 707 1890 761 ad
1933 721 2044 760 sua:
2086 721 2183 760 na-

597 805 733 849 tura:
773 799 964 852 attinet
1008 799 1276 852 rationes?
1314 800 1458 867 atqui
1501 799 1772 868 quomodo
1814 813 1918 851 non
1959 796 2011 850 id
2050 797 2185 851 stul-

597 898 708 940 tum
744 889 810 944 sit
847 889 1067 943 dicere?
1101 906 1222 943 nam
1261 900 1350 943 aut
1385 890 1470 943 ille
1505 906 1750 960 prorsus,
1784 901 1874 943 aut
1910 890 1995 944 hic
2032 905 2183 944 men-

596 980 782 1035 tietur.
806 983 1178 1037 Assertionem
1201 999 1326 1038 vero
1346 1000 1466 1036 cum
1488 984 1640 1046 tlicis,
1662 983 1775 1037 sive
1795 982 2176 1052 patrocinium,

594 1072 673 1126 sic
711 1089 942 1142 namque
980 1074 1138 1128 liceat
1171 1075 1350 1128 dicere
1386 1073 1799 1145 συνηγόρευσιν,
1837 1090 2015 1129 nonne
2047 1075 2181 1128 alte-

595 1178 713 1217 rum
750 1181 935 1220 rursus
968 1167 1253 1234 quemdam
1287 1166 1442 1220 alteri
1481 1166 1809 1235 p..trocinari
1842 1167 2006 1220 etiam
2041 1165 2180 1218 iuti-

595 1265 679 1308 tus
720 1257 831 1325 ipse
873 1258 1180 1321 t'onlitcris,
1215 1260 1304 1325 qui
1347 1259 1504 1311 nobis
1541 1257 1944 1328 conjunmionis
1983 1273 2176 1311 nomen

593 1362 1014 1410 commemoras,
1057 1360 1109 1401 et
1157 1365 1321 1402 unum
1369 1349 1643 1403 Christum
1688 1361 1743 1404 et
1789 1348 2076 1404 Dominum
2122 1350 2175 1402 in

591 1440 696 1494 duo
727 1441 972 1494 dividens
1003 1439 1230 1504 adoras,
1265 1441 1373 1495 imo
1404 1457 1531 1496 vero
1565 1444 1726 1496 simul
1759 1446 1987 1506 adoras,
2020 1453 2074 1497 et
2111 1444 2176 1497 li-

589 1533 778 1586 berare
829 1542 877 1586 te
931 1546 1088 1601 putas
1141 1534 1437 1588 Ecclesium
1490 1536 1852 1591 deilic;ttionis
1902 1537 2170 1601 crimine,

586 1638 708 1676 cum
747 1623 861 1692 ipse
897 1625 1113 1679 deilices
1148 1625 1444 1688 hominem,
1471 1637 1524 1681 et
1563 1644 1666 1681 non
1707 1645 1871 1682 unum
1910 1630 2061 1682 dicas
2085 1627 2174 1681 Fi-

588 1713 740 1775 lium,
771 1716 985 1768 etiamsi
1041 1733 1144 1769 non
1176 1727 1326 1771 extra
1359 1719 1632 1786 propriam
1661 1736 1880 1774 carnem
1910 1721 2174 1789 intelliga-

588 1807 710 1859 tur?
738 1806 1004 1862 Atlorabis
1036 1812 1180 1862 enim
1212 1819 1338 1863 tune
1369 1825 1606 1881 quoque,
1638 1814 1733 1868 sed
1764 1813 1882 1867 sine
1909 1813 2168 1878 crimine;

583 1908 636 1952 et
666 1914 962 1966 cognosces
997 1901 1084 1954 ubi
1119 1917 1260 1965 eras,
1294 1915 1352 1955 ut
1387 1904 1648 1973 scriptum
1681 1914 1783 1969 est,
1817 1921 1938 1959 cum
1970 1922 1999 1959 a
2030 1906 2171 1959 veri-

584 1991 708 2044 tatis
745 1992 1013 2060 dogmatis
1051 1995 1360 2048 aberrares.
1398 1997 1467 2049 At
1500 1997 1676 2060 enim,
1715 1997 1918 2066 inquit,
1959 1997 2170 2067 leproso

581 2084 714 2138 dixit
746 2103 757 2136 :
793 2104 809 2136 ι
845 2085 996 2149 Volo,
1022 2090 1288 2142 mundare
1313 2089 1391 2154 '°;
1429 2109 1446 2140 ι
1474 2099 1527 2143 ct
1560 2089 1681 2144 lilia:
1710 2092 2122 2163 archisynagngi
2153 2110 2166 2146 :

585 2193 603 2225 ι
630 2171 834 2239 Puella,
863 2177 1116 2244 surge";
1147 2196 1164 2228 ι
1197 2189 1248 2230 et
1274 2180 1409 2233 mari
1435 2194 1449 2232 :
1477 2198 1494 2230 t
1522 2179 1684 2246 Tace,
1711 2182 2115 2248 obmutesce";
2145 2202 2163 2234 ι

579 2264 634 2318 in
667 2280 732 2318 eo
768 2266 932 2336 igitur
993 2267 1223 2322 dicendo
1277 2286 1460 2325 comes
1514 2288 1578 2326 ac
1630 2274 1983 2342 pariloquens
2017 2274 2116 2329 fuit
2152 2292 2168 2342 ;

579 2372 701 2409 nam
737 2357 920 2411 divina
955 2360 1114 2412 verba
1153 2360 1531 2429 eloquebatur,
1569 2379 1664 2432 per
1695 2380 1816 2433 qua:
1852 2365 2010 2421 facile
2043 2382 2166 2421 om-

579 2449 664 2500 nia
699 2447 961 2518 periicere
992 2449 1208 2506 licebat.
1243 2453 1354 2506 Duo
1387 2455 1548 2524 igitur
1575 2465 1732 2508 erant
1765 2457 1854 2528 qui
1889 2459 2167 2528 pra'cipieo

577 2541 727 2604 bant,
761 2553 813 2593 et
853 2542 1136 2612 utriusque
1172 2560 1291 2598 esse
1327 2550 1686 2602 concedemus
1713 2550 1875 2602 verba
1913 2552 2166 2606 onmibus

576 2628 641 2681 de
675 2631 833 2682 rebus
865 2631 1094 2699 prolata.
1126 2632 1258 2686 Cum
1291 2650 1421 2704 ergo
1454 2638 1583 2691 dicit
1615 2655 1629 2692 :
1667 2657 1685 2689 t
1725 2640 1864 2706 Quid
1901 2657 1986 2694 me
2019 2658 2163 2710 qum-

577 2719 697 2772 ritis
747 2719 1092 2789 interﬁcere,
1147 2726 1420 2780 hominem
1473 2729 1564 2798 qui
1617 2730 1899 2786 veritatem
1953 2733 2163 2789 locutus

573 2827 694 2866 smn
723 2813 875 2867 vobis
899 2814 980 2868 ³⁸2
1016 2835 1033 2867 ι
1071 2817 1256 2885 cujus,
1287 2820 1513 2875 obsecro
1549 2833 1627 2886 te,
1662 2824 1968 2894 hujusmodi
1999 2827 2161 2882 verba

573 2920 693 2960 csse
730 2906 904 2961 dit-is?
939 2925 1004 2961 an
1045 2909 1131 2962 illa
1172 2913 1385 2978 quidem
1425 2915 1526 2985 ipsi
1559 2917 1736 2973 Verbo
1776 2919 2004 2985 tribues,
2044 2923 2160 2976 lucc

572 3012 699 3050 vero
738 3008 988 3067 tanquam
1026 3002 1229 3056 homini
1267 3020 1295 3056 a
1320 3004 1496 3061 Verbo
1529 3009 1764 3076 diverso,
1798 3013 1898 3080 ipsi
1935 3028 1999 3066 ex
2040 3031 2161 3068 tnu-

569 3087 700 3143 liere
743 3092 957 3159 genito?
1003 3093 1107 3147 Sed
1152 3110 1258 3164 quo
1303 3096 1420 3152 loco
1461 3114 1629 3168 pones
1671 3102 1886 3156 beatum
1929 3102 2156 3158 Paulum

2289 625 2437 677 χοντι
2493 609 2587 662 καὶ
2637 609 3044 681 ὑπερκειμὲνῳ,
3094 611 3236 664 κατά
3293 627 3356 678 γε
3421 612 3548 675 τοὺς
3595 612 3697 682 τῆς
3747 615 3883 678 ἰδίας

2287 699 2503 766 φύσεως
2534 699 2752 766 λόγουςς
2789 697 2920 753 Εἶτα
2956 702 3071 764 πῶς
3103 702 3261 755 τοῦτο
3289 703 3389 756 οὐκ
3419 703 3630 774 ἀμαθὲς
3662 707 3837 759 εἰπεῖν
3865 725 3880 774 ;

2284 791 2638 860 διανςιεύσεται
2681 793 2790 862 γὰρ
2847 795 3150 865 πάντως,ἢ
3202 797 3430 860 ἐκεῖνος,
3475 797 3506 867 ἢ
3544 792 3717 862 οὗτος.
3749 799 3881 851 Συν-

2285 884 2514 954 ηγορίαν
2534 885 2588 938 δὲ
2617 884 2813 954 λέγων,
2843 886 3010 955 ἤγουν
3042 886 3458 957 συνηγόρευσιν,
3491 889 3590 957 οὐχ
3617 888 3805 960 ἔτερόν
3824 907 3878 942 τι

2285 974 2447 1028 πάλιν
2479 976 2654 1047 ἑτέρῳ
2688 979 3001 1047 συνηγορεῖ,
3034 977 3128 1029 καὶ
3177 979 3276 1047 οὐχ
3326 980 3469 1031 ἐκὼν
3509 979 3814 1048 ὁμολογεῖς,
3848 982 3879 1032 6

2286 1065 2583 1133 συνάφειαν
2611 1068 2741 1135 ἡμῖν
2768 1063 3069 1135 ὀνομάζων,
3101 1067 3195 1118 καὶ
3223 1066 3319 1119 ἕνα
3347 1067 3584 1136 Χριστὸν
3622 1067 3716 1119 καὶ
3762 1067 3877 1120 Κύ-

2285 1172 2432 1227 ριον·
2478 1158 2574 1210 καὶ
2627 1159 2842 1227 τέμνων
2894 1159 2974 1220 εἰς
3028 1158 3122 1210 δύο
3171 1161 3530 1228 προσκυνεῖςο
3573 1158 3773 1228 μᾶλλον
3819 1159 3877 1212 δὲ

2283 1253 2755 1320 συμπροσκυνεῖς·
2806 1251 2900 1303 καὶ
2943 1250 3310 1302 ἀπαλλάττειν
3342 1251 3445 1302 οῖει
3489 1249 3587 1320 τὴν
3640 1250 3876 1319 Ἐκκληο

2285 1341 2402 1393 σίαν
2456 1340 2548 1393 τοῦ
2585 1341 2683 1410 τῆς
2712 1340 2989 1403 Θεοποιῒας
3027 1341 3392 1412 ἐγκλήματος,
3423 1341 3688 1394 Θεοποιῶν
3713 1340 3876 1404 αὐτὸς

2280 1433 2584 1504 ἄνθρωπον,
2619 1435 2712 1487 καὶ
2738 1435 2837 1503 οὐχ
2868 1435 2962 1486 ἕνα
3007 1433 3183 1502 λέγων
3219 1434 3367 1498 Υῖὺν,
3403 1433 3506 1486 κΞιν
3551 1434 3600 1484 ει
3635 1433 3710 1504 μὴ
3749 1433 3873 1503 δίχα

2279 1529 2449 1579 νοοῖτο
2475 1527 2572 1595 τῆς
2605 1527 2740 1590 ἰδίας
2768 1528 3005 1597 σαρκόςς
3053 1529 3464 1599 Προακυνήσεις
3486 1528 3597 1599 γὰρ
3626 1530 3746 1581 τότε
3775 1530 3876 1582 καὶ

2278 1618 2668 1688 ἀνεγκλήτως⁹
2726 1620 2821 1672 καὶ
2864 1620 3048 1691 γνώσῃ
3103 1619 3207 1673 ποῦ
3261 1615 3428 1691 ἦσθα,
3478 1621 3621 1674 κατά
3662 1621 3724 1673 τὸ
3775 1637 3873 1688 τε-

2276 1711 2618 1781 γραμμένον,
2653 1705 2760 1762 τῶν
2790 1710 2889 1779 τῆς
2926 1711 3186 1782 ἀληθείας
3216 1711 3531 1780 ἀπψοιτῶν
3557 1712 3871 1781 δογμάτων.

2292 1803 2450 1855 ’Λλλά
2480 1803 2590 1866 ναὶ,
2625 1803 2815 1873 φησὶν,
2850 1805 3041 1873 εἴρηκε
3066 1803 3144 1873 τῷ
3171 1803 3379 1874 λεπρῷ,
3422 1823 3440 1856 ‹
3476 1804 3650 1869 Θέλω,
3697 1805 3875 1858 καθα-

2206 1868 2248 1927 B
2278 1896 2514 1967 ρίσϐητι·
2561 1915 2578 1947 ι
2620 1868 2714 1949 καλ
2742 1899 2807 1966 τῇ
2837 1868 2930 1949 τοῦ
2961 1868 3424 1966 ⁷ἀρχισυναγωγου
3451 1898 3700 1967 Θυγατρὶ,
3737 1916 3755 1948 t
3805 1900 3874 1952 'H

2273 1989 2422 2050 παῖς,
2476 1987 2721 2057 ἔγειραι*
2759 2007 2776 2039 ι
2829 1993 2921 2041 καὶ
2964 1992 3030 2060 τῇ
3078 1988 3345 2059 Θαλάσσῃ,
3380 2008 3398 2040 t
3431 1989 3652 2053 Σιώπα,
3702 1989 3867 2058 πεφί-

2275 2097 2445 2150 μωσο.
2518 2100 2536 2131 ι
2592 2083 2901 2153 Συνήγορος
2950 2081 3007 2134 δὲ
3053 2081 3195 2134 κατὰ
3226 2081 3422 2135 τοῦτο·
3460 2082 3586 2144 τοὺς
3627 2081 3736 2152 γάρ
3785 2098 3871 2134 τοι

2271 2171 2449 2235 θείους
2483 2173 2783 2242 ἐφθέγγετο
2811 2173 3026 2241 λόγους,
3059 2173 3125 2226 δι’
3154 2166 3230 2226 ὧν
3273 2169 3343 2244 ἦν
3387 2174 3564 2227 πάντα
3605 2173 3874 2227 δύνασθαι

2270 2264 2570 2333 κατορθοῦν
2619 2266 2881 2330 εὐκόλως.
2915 2266 3020 2320 Δύο
3068 2266 3133 2338 δὴ
3179 2262 3272 2320 οῦν
3315 2267 3366 2320 οί
3413 2267 3871 2336 προστάττοντες,

2268 2357 2362 2411 καὶ
2409 2347 2740 2430 ἀμφοτέρων
2792 2355 2931 2413 εἶναι
2978 2359 3225 2430 δώσομεν
3267 2360 3393 2424 τοὺς
3443 2360 3531 2429 ἐφ’
3565 2361 3734 2414 ἅπασι
3779 2360 3873 2413 λό-

2267 2467 2418 2517 γους.
2449 2451 2621 2503 Ὅταν
2663 2447 2758 2504 οῦν
2798 2451 2953 2524 λέγῃ,
2999 2470 3016 2503 t
3053 2452 3119 2506 Τί
3149 2469 3217 2523 με
3257 2453 3470 2524 ζητεῖτε
3520 2454 3870 2520 ἀποκτεῖναι,

2266 2542 2579 2614 ἄνθρωπον,
2607 2544 2665 2608 ὃς
2692 2545 2791 2617 τὴν
2818 2545 3077 2616 ἀλήθειαν
3108 2546 3237 2616 ὑμῖν
3285 2546 3596 2617 λελάληκας
3639 2565 3656 2600 ι
3695 2549 3868 2613 τίνος,

2266 2638 2387 2690 εἰπέ
2417 2655 2525 2707 μοι,
2553 2638 2679 2702 τοὺς
2729 2639 2976 2693 τοιούσδε
3000 2638 3190 2707 λόγους
3218 2634 3358 2693 εἶναι
3389 2642 3530 2711 φήςς
3557 2641 3588 2711 ἢ
3619 2641 3872 2706 ἐκείνους

2269 2727 2370 2798 μὲν
2405 2728 2701 2799 ἀπονέμεις
2727 2729 2805 2800 τῷ
2845 2729 3026 2800 Λόγῳ,
3055 2729 3281 2792 τούτους
3307 2746 3369 2798 γε
3414 2731 3522 2799 μὴν
3548 2729 3624 2793 ὡς
3651 2728 3869 2799 ἀνί)ρὼ-

2267 2836 2355 2889 πῳ
2399 2820 2528 2890 παρ’
2558 2821 2721 2874 αὐτὸν
2761 2822 2934 2892 ἑτέρῳ
2972 2821 3050 2892 τῷ
3103 2823 3168 2874 ἐκ
3211 2821 3508 2889 γυναικός;
3555 2815 3688 2873 Εἶτα
3734 2823 3865 2874 ὅποι

2267 2914 2397 2967 ποτέ
2427 2913 2615 2984 Θήσεις
2656 2913 2746 2967 τὸν
2781 2913 3076 2985 ἱερώτατον
3110 2914 3346 2976 Παῦλον,
3378 2913 3603 2982 λέγοντα
3630 2912 3816 2980 σαφῶς
3845 2927 3860 2942 ·

2269 3026 2289 3058 ε
2342 3008 2502 3077 ἠμῖν
2531 3008 2587 3060 δέ
2614 3002 2693 3071 εἷς
2721 3007 2856 3071 Θεὸς
2881 3010 2910 3061 ό
2939 3009 3148 3078 Πατὴρ.
3192 3007 3251 3071 ἐξ
3303 3002 3365 3061 οῦ
3410 3006 3479 3060 τὰ
3519 3007 3718 3070 πάντα,
3760 3004 3866 3058 καὶ

2263 3098 2426 3167 ἡμεῖς
2457 3100 2537 3160 εἰς
2563 3097 2727 3152 αὐτόν
2751 3115 2766 3129 ο
2790 3099 2884 3153 καὶ
2916 3094 2998 3162 εἷς
3027 3100 3232 3168 Κύριος
3272 3099 3480 3168 Ἰησοῦς
3504 3099 3755 3170 Χριστὸς,
3785 3097 3864 3151 δι’

570 3193 756 3250 aperte
795 3183 1066 3239 dicentem
1103 3203 1117 3240 :
1158 3207 1176 3239 ι
1214 3187 1379 3244 Nobis
1411 3200 1588 3245 autem
1624 3210 1762 3248 unus
1796 3196 1934 3250 Deus
1969 3195 2152 3265 Pater,

2263 3183 2324 3242 οῦ
2359 3188 2428 3241 τὰ
2458 3190 2657 3254 πάντα,
2686 3190 2779 3242 καὶ
2818 3191 2981 3259 ἡμεῖς
3014 3189 3081 3243 δι’
3135 3188 3343 3254 αὐτοῦς
3381 3208 3398 3241 ι
3440 3190 3497 3243 '0
3540 3190 3597 3243 δὲ
3641 3189 3753 3242 ἄνω
3793 3205 3860 3242 τε

567 3290 632 3330 ex
671 3292 778 3346 quo
811 3279 1025 3342 omnia,
1063 3289 1118 3333 et
1155 3297 1252 3335 uos
1290 3282 1343 3334 iu
1383 3285 1588 3354 ipsum,
1625 3296 1673 3339 et
1717 3303 1857 3340 unus
1896 3287 2156 3344 Dominus

563 3363 721 3421 Jesus
765 3367 1052 3432 Christus,
1098 3387 1194 3440 per
1229 3387 1391 3443 quem
1433 3377 1656 3443 omnia;
1701 3389 1755 3432 ct
1804 3395 1899 3434 nos
1944 3396 2038 3449 per
2078 3382 2156 3450 ip-

564 3474 682 3513 sum
704 3459 790 3512 ⁸δῖ
823 3478 840 3510 ι
872 3458 974 3514 Iste
1000 3476 1130 3515 vero
1157 3479 1371 3518 sursum
1403 3465 1656 3520 deorsum
1690 3469 1966 3532 dictitans,
2004 3470 2154 3525 Unus

563 3549 758 3614 Filius,
788 3563 840 3604 ct
872 3568 978 3606 non
1015 3553 1154 3608 alius
1182 3566 1236 3609 et
1266 3556 1423 3622 alius,
1455 3576 1630 3630 neque
1663 3563 1790 3615 item
1823 3561 2072 3617 Christus
2102 3571 2154 3616 et

561 3641 700 3696 alius
726 3642 998 3709 Christus,
1031 3661 1151 3698 cum
1186 3648 1300 3702 suis
1331 3661 1533 3720 pugnat
1561 3654 1760 3714 verbis,
1789 3654 2002 3707 duabus
2030 3669 2150 3724 per-

560 3735 712 3788 senis
748 3745 802 3787 et
846 3736 1226 3806 hypostasibus
1269 3743 1500 3812 propriis
1538 3751 1651 3798 tum
1695 3744 1788 3798 Dei
1830 3746 2152 3813 praedicato-

561 3839 679 3878 rum
708 3842 888 3891 voces,
919 3839 1028 3881 tum
1058 3845 1183 3886 suas
1214 3832 1385 3902 ipsius
1415 3837 1681 3890 tribuens.
1711 3837 1816 3890 Sed
1847 3837 1991 3891 enim
2023 3853 2152 3892 sua-

556 3931 677 3972 rum
717 3919 855 3972 haud
890 3921 1170 3990 negligens
1204 3927 1597 3980 sententiarum
1633 3927 1794 3980 infert
1827 3943 2057 3982 rursus:

631 4009 892 4083 [NEs'rom
940 4014 1182 4070 Veneror
1214 4017 1388 4087 ipsum
1424 4027 1485 4073 ut
1517 4021 1909 4090 omnipotentis
1943 4021 2145 4075 divini-

557 4105 682 4157 tatis
714 4106 1003 4175 imaginem
1039 4121 1052 4160 :
1089 4124 1210 4162 nam
1249 4128 1266 4160 t
1306 4112 1730 4180 superexaltavit
1779 4128 1927 4179 eum,
1960 4123 2014 4168 et
2046 4115 2145 4169 do-

556 4194 705 4246 navit
735 4195 808 4247 illi
843 4212 1038 4251 nomen
1072 4201 1213 4268 quod
1243 4211 1327 4256 est
1358 4217 1522 4270 super
1549 4218 1710 4257 omne
1743 4219 1962 4268 nomen,
1996 4215 2056 4259 ut
2086 4205 2140 4259 in

553 4286 774 4340 nomine
794 4284 919 4342 Jesu
946 4289 1146 4344 Christi
1174 4306 1335 4346 onme
1359 4306 1499 4363 genu
1542 4291 1794 4347 ﬂectatur
1813 4294 2137 4358 ccelestium,

556 4380 896 4434 terrestrium
958 4393 1011 4437 et
1042 4381 1378 4438 infernarum
1410 4401 1424 4438 :
1457 4393 1511 4438 et
1542 4385 1721 4439 omnis
1753 4385 1933 4453 lingua
1967 4385 2140 4440 conn-

554 4479 729 4525 teatur
786 4473 909 4543 quia
947 4473 1206 4529 Dominus
1236 4473 1394 4530 Jesus
1421 4474 1672 4530 Christus
1695 4476 1762 4529 ".
1805 4475 1853 4548 ι]

1193 4606 1348 4662 CAP.
1394 4607 1484 4665 XI.

618 4742 677 4798 Et
713 4743 962 4812 quisnam
993 4744 1324 4813 intelligetur
1351 4743 1480 4798 item
1514 4743 1579 4804 is.
1609 4754 1860 4813 qttetn,ut
1892 4746 2004 4815 ipse
2037 4761 2136 4816 pu-

546 4844 656 4896 tat,
695 4849 754 4887 se
792 4835 1038 4889 venerari
1080 4833 1301 4898 fatetur,
1341 4843 1395 4887 et
1430 4848 1590 4902 quem
1635 4845 1856 4903 prepter
1891 4836 2132 4890 divinam

544 4925 954 4982 similitudinem
981 4926 1203 4980 simulat
1229 4939 1288 4980 se
1313 4927 1606 4992 honorare,
1635 4926 1736 4981 nisi
1765 4927 1854 4982 ille
1881 4942 2126 4997 prorsus,

543 5035 700 5084 quem
735 5019 934 5071 dudum
968 5018 1124 5071 nobis
1153 5015 1458 5086 appellabat
1483 5017 1763 5088 (quidnam
1796 5020 2001 5074 diceret
2029 5035 2127 5074 ne-

541 5113 676 5180 scio)
707 5111 900 5165 divina:
928 5119 1257 5165 assertorem
1285 5111 1399 5165 sive
1426 5110 1730 5179 adiutorem
1760 5114 2124 5178 auctoritatis,

539 5217 698 5269 quem
738 5200 898 5255 simul
943 5215 1066 5255 cum
1101 5199 1206 5271 55
1242 5201 1534 5257 Divinitate
1577 5204 1911 5260 adorandum
1953 5205 2124 5261 stulte

539 5295 850 5356 asserebat,
893 5301 1144 5360 tanquam
1186 5294 1277 5362 qui
1319 5293 1566 5350 diversus
1604 5307 1750 5352 esset
1791 5313 1853 5353 ac
1891 5300 2120 5354 seorsim

540 5385 679 5438 lilius
712 5395 906 5454 praeter
935 5385 1108 5452 ipsum
1141 5382 1234 5439 Dei
1264 5383 1537 5442 Verbum?
1564 5386 1742 5458 Ipsum
1775 5390 1940 5443 etiam
1971 5391 2122 5445 exal-

541 5486 706 5528 latum
741 5475 871 5527 dicit
901 5491 928 5527 a
966 5476 1072 5530 Deo
1103 5489 1156 5532 et
1189 5479 1377 5545 Patre,
1409 5495 1472 5535 ac
1503 5491 1763 5551 praeterea
1799 5497 1993 5536 nomen
2025 5498 2119 5537 ac-

537 5569 744 5634 cepisse
772 5580 932 5634 super
956 5583 1114 5622 omne
1143 5584 1335 5625 nomen
1388 5582 1445 5625 ut
1471 5571 1632 5626 etiam
1664 5571 1764 5640 ipsi
1790 5587 1950 5626 omne
1975 5588 2115 5643 genu

605 5767 650 5797 '°
683 5767 871 5824 Matth.
908 5787 1020 5829 vin.
1075 5774 1129 5829 5.

533 5851 592 5906 ιι,
617 5837 766 5894 9-11.

1230 5775 1271 5806 ⁸¹
1307 5774 1476 5832 Marc.
1508 5790 1560 5842 v,
1595 5776 1685 5830 41.

1789 5777 1834 5809 "
1866 5777 2032 5832 Marc.
2075 5795 2148 5848 tv,
2174 5778 2262 5834 '59.

2263 3281 2356 3332 καὶ
2381 3279 2532 3332 κάτω
2557 3279 2753 3348 λέγων,
2798 3276 2892 3344 Εἷς
2920 3281 3046 3344 Υἱὸς
3065 3322 3079 3346 ,
3107 3281 3202 3334 καὶ
3234 3282 3336 3333 οὐκ
3358 3280 3515 3344 ἀλλος
3557 3282 3648 3334 καὶ
3676 3281 3858 3347 ἄλλος,

2260 3369 2382 3424 οὔτε
2416 3372 2524 3441 μὴν
2551 3372 2806 3440 Χριστὸς,
2840 3373 2934 3424 καὶ
2959 3372 3212 3444 δεύτερος
3238 3373 3492 3444 Χριστὸς,
3518 3375 3628 3436 τοῖς
3653 3374 3856 3427 ἑαυτοῦ

2257 3462 2603 3533 διαμαχεῖται
2635 3463 2838 3530 λόγοις,
2871 3465 2992 3518 δυσὶ
3027 3465 3339 3536 προσώποις
3364 3467 3458 3520 καὶ
3489 3467 3856 3518 ὑποστάσεσιν

2260 3555 2455 3618 ίδικαίς
2482 3555 2582 3618 τάς
2613 3573 2668 3608 τε
2700 3555 2807 3607 τῶν
2839 3556 3119 3628 Θεηγόρων
3178 3559 3274 3612 καὶ
3321 3558 3418 3621 τὰς
3462 3556 3625 3610 αὑτοῦ
3673 3556 3860 3611 διανέ-

2260 3665 2377 3716 μων
2413 3648 2616 3717 φωνάς.
2662 3647 2823 3702 Ἄ).λά
2853 3649 2961 3720 γὰρ
2999 3649 3109 3706 τῶν
3143 3651 3290 3705 ἰδίων
3329 3652 3428 3705 οὐκ
3459 3649 3741 3723 ἀμελήσας
3763 3650 3855 3703 ἐν-

2255 3741 2436 3809 νοιῶν,
2473 3743 2725 3814 ἐπιφέρει
2753 3742 2936 3796 πάλιν·

2325 4002 2502 4075 [Σέϐω
2531 4005 2714 4069 αὐτὸν,
2734 4005 2810 4069 ὡς
2838 4006 2936 4076 τῆς
2959 4007 3403 4080 παντοκράτορος
3435 4006 3620 4060 εἰκόνα
3653 4005 3850 4077 θεότη-

2249 4112 2372 4160 τος.
2408 4117 2424 4148 ε
2459 4098 2788 4171 ὑπερύψωσε
2842 4101 2953 4171 γὰρ
2992 4100 3178 4164 αὑτὸν,
3231 4100 3326 4153 καὶ
3367 4099 3658 4172 ἐχαρίσατο
3690 4099 3848 4169 αὑτῷ

2246 4189 2418 4261 ὄνομα
2444 4190 2506 4245 τὺ
2533 4192 2672 4262 ὑπὲρ
2701 4193 2810 4245 πᾶν
2842 4192 3017 4262 ὄνομα
3035 4206 3050 4222 ⁸
3081 4192 3168 4246 ἵνα
3197 4195 3256 4246 ἐν
3294 4191 3373 4263 τῷ
3399 4192 3622 4262 ὀνόματι
3663 4189 3844 4260 Ἰησοῦ

2245 4282 2484 4354 Χριστοῦ
2517 4285 2626 4337 πᾶν
2653 4285 2781 4352 γόνυ
2803 4285 3020 4356 κάμψῃ,
3044 4284 3407 4354 ἐπουρανίων,
3438 4288 3533 4338 καὶ
3557 4283 3844 4353 ἐπιγείων,

2245 4375 2340 4428 καὶ
2366 4376 2762 4445 καταχθονίων)
2788 4377 2885 4430 καὶ
2909 4379 3060 4430 πᾶσα
3087 4377 3313 4446 γλῶσσα
3343 4377 3844 4447 ἐξομολογήσηται,

2246 4465 2329 4518 ὅτι
2361 4465 2564 4536 Κύριος
2606 4465 2813 4540 Ἰησοῦς
2844 4468 3100 4534 Χριστός.
3140 4466 3187 4540 ι]

2843 4603 3096 4658 ΚΕΦΛΛ.
3139 4604 3243 4659 IA’.

2315 4737 2428 4790 Καὶ
2458 4737 2541 4801 τίς
2584 4737 2651 4791 ἂν
2679 4739 2852 4792 νοοῖτο
2885 4737 3071 4803 πάλιν,
3101 4739 3184 4804 ὃν,
3215 4737 3292 4802 ὣς
3344 4755 3407 4806 γε
3435 4739 3626 4800 οἴεται,
3653 4738 3840 4794 σέϐειν

2241 4829 2517 4900 ὁμολογεῖ,
2549 4831 2643 4883 καὶ
2685 4833 2751 4902 τῇ
2785 4831 2922 4903 πρὸς
2946 4831 3081 4885 Θεὸν
3109 4829 3366 4902 ὁμοιώσει
3391 4832 3559 4902 τιμᾷν
3603 4832 3842 4900 ὑποκρί-

2241 4937 2392 4973 νεται
2414 4959 2429 4984 ,
2461 4921 2495 4991 ἢ
2527 4920 2734 4985 ἐκεῖνός
2775 4939 2880 4975 που
2918 4922 3161 4987 πάντως,
3203 4923 3263 4975 ὃν
3307 4922 3510 4993 ἀρτίως
3539 4925 3668 4993 ἡμῖν
3698 4923 3843 4976 ὠνό-

2243 5009 2435 5080 μαζεν,
2467 5013 2567 5065 οὐκ
2604 5009 2702 5065 οἶδ’
2734 5013 2817 5066 ὅτι
2846 5013 3043 5082 λέγων,
3068 5017 3167 5084 τῆς
3198 5012 3347 5077 Θείας
3379 5014 3679 5084 συνήγορον
3710 5015 3839 5085 ἦτοι

2237 5107 2500 5176 συνεργὸν
2556 5104 2882 5170 adﬂantur
2927 5107 2988 5162 ὃν
3032 5109 3097 5179 τῇ
3125 5107 3357 5176 Θεότητι
3385 5111 3837 5178 συμπροσκυνεῖο

2236 5198 2357 5252 σθαι
2385 5199 2496 5252 δεῖν
2523 5199 2763 5270 ἀνοήτως
2810 5201 3069 5268 ἔφασκεν,
3104 5199 3184 5263 ὡς
3208 5199 3394 5272 ἕτερον
3433 5199 3564 5254 ὄντα
3602 5201 3693 5252 καὶ
3731 5200 3837 5254 ἰδιο

2229 5290 2342 5353 κῶς
2376 5290 2489 5342 υἱὸν
2520 5290 2672 5362 παρά
2705 5291 2795 5344 τὸν
2824 5290 2918 5344 τοῦ
2941 5291 3076 5344 Θεοῦ
3099 5292 3312 5359 Λόγον;
3342 5291 3515 5344 Αὑτὸν
3550 5291 3642 5343 καὶ
3675 5290 3833 5358 ὑψῶ-

2229 5383 2352 5437 σθαι
2383 5383 2530 5450 λέγει
2563 5385 2712 5454 παρὰ
2736 5383 2829 5437 τοῦ
2858 5383 2994 5437 Θεοῦ
3047 5385 3140 5437 καὶ
3177 5384 3387 5455 Πατρός
3408 5401 3421 5415 ο
3464 5384 3558 5437 καὶ
3595 5385 3701 5454 μὴν
3729 5387 3832 5437 καὶ

2222 5477 2286 5529 τὸ
2337 5476 2507 5545 ὄνομα
2554 5475 2736 5529 λαϐεῖν
2767 5477 2829 5530 τὸ
2880 5478 3019 5548 ὑπὲρ
3068 5477 3173 5531 πᾶν
3214 5477 3423 5546 ὄνομα·
3465 5478 3550 5530 ἴνα
3590 5477 3680 5529 καὶ
3714 5479 3829 5528 πᾶν

2226 5571 2375 5642 αὐτῷ
2419 5569 2549 5637 γόνυ
2597 5569 2813 5643 κάμψῃ,
2849 5570 3208 5640 ἐπουρανίων,
3250 5573 3344 5623 καί
3395 5569 3668 5637 ἐπιγείων,
3724 5569 3825 5621 καὶ

2379 5777 2426 5808 ⁸¹
2455 5775 2611 5831 Joan.
2640 5791 2757 5841 vni,
2787 5775 2874 5829 40.
2952 5776 2998 5808 ⁸⁵
3030 5773 3048 5827 l
3077 5775 3202 5831 Cor.
3237 5792 3351 5843 \‘lll,
3381 5777 3431 5832 6.
3507 5778 3550 5809 ⁸³
3579 5775 3814 5846 Philipp.
