4150 6440
242 378 348 437 10!
1420 381 1795 443 ADVERSUS
1830 382 2255 446 NES’I‘ORIUM
2293 388 2429 446 LIB.
2468 388 2536 450 ll.
3471 396 3576 453 l02

249 492 643 566 καταχθονίων
666 510 680 525 ³
734 493 840 550 καὶ
897 495 1051 550 πᾶσα
1114 495 1335 564 γλῶσσα
1391 498 1864 573 ἐξομολογήσηται

1986 505 2242 562 llectatur
2292 507 2623 576 caelestium,
2660 508 2997 564 terrestrium
3029 519 3085 567 et
3120 509 3480 579 infernarum,
3518 522 3575 569 ct

248 588 332 642 ὅτι
376 587 599 657 Κύριος
654 586 875 659 Ἰησοῦς
920 589 1174 659 Χριστός.
1211 589 1276 642 Ei
1310 589 1409 661 μὲν
1438 587 1547 644 ὀὖν
1578 591 1710 645 Θεὸν
1746 592 1864 648 ὅντα

1980 600 2160 655 omnis
2185 600 2369 670 lingua
2396 599 2743 667 confiteatur,
2773 601 2899 671 quia
2930 602 3187 659 Dominus
3217 603 3375 660 Jesus
3404 604 3570 659 Chri-

249 678 393 734 κατὰ
424 677 623 748 φύσιν,
655 681 756 732 καὶ
777 679 887 752 πρὸ
916 680 1019 751 τῆς
1046 680 1234 734 ἐνθάδε
1257 681 1560 753 λεγομένης
1591 683 1864 754 ὑψώσεως,

1980 697 2113 745 stus.
2145 691 2202 746 Si
2233 691 2401 761 igitur
2423 691 2589 746 Deum
2612 691 2722 761 jam
2749 707 2817 747 ex
2844 706 3039 748 natura
3059 734 3074 758 ,
3099 695 3265 749 etiam
3293 704 3419 749 ante
3446 710 3566 750 eam

255 771 386 841 ὑψοῦ
419 770 686 825 τέθεικεν
735 774 766 826 ό
800 773 1030 846 Πατήρο
1067 773 1159 826 τὸν
1205 774 1307 843 τῆς
1355 775 1557 845 μεταξὺ
1606 777 1864 831 ταπεινώ-

1970 796 2102 851 quae
2130 782 2218 837 hic
2244 783 2446 838 dicitur
2469 782 2875 849 exaltationem,
2908 785 2963 839 in
2994 785 3213 841 sublimi
3242 787 3422 857 posuit
3453 788 3569 856 ipse

262 884 392 930 σεως
442 865 1058 940 πολυπραγμονοῦντες
1103 866 1336 936 τρόπον,
1387 867 1700 939 οἰκονομίαν
1752 869 1864 922 τινὰ

1972 870 2167 940 "Pater,
2192 874 2409 930 modum
2437 873 2611 943 ipsum
2641 874 3032 931 humiliatiouis
3058 876 3393 932 intermedia:
3414 892 3568 932 scru-

264 959 422 1030 σοφὴν
463 959 815 1030 εὑρήσομεν,
856 957 981 1011 καθ’
1005 961 1073 1030 ἢν
1115 960 1387 1032 ἀδοξήσας
1429 961 1518 1016 διὰ
1562 963 1751 1033 μέσου,
1782 964 1864 1033 γέ-

1982 975 2181 1031 tantes,
2223 967 2680 1036 dispensatimiem
2722 968 3013 1037 quamdam
3059 968 3359 1037 sapientem
3400 968 3570 1035 fuisse

1970 1057 2360 1127 reperiemus:
2388 1072 2485 1127 per
2506 1073 2665 1128 quam
2693 1074 2818 1114 cum
2846 1058 3051 1115 interea
3081 1061 3344 1131 inglorius
3392 1060 3568 1116 factus

1978 1156 2158 1213 esset,
2192 1163 2383 1203 rursus
2412 1149 2480 1203 ad
2510 1164 2572 1203 ea
2604 1149 2657 1203 in
2689 1149 2887 1218 quibus
2921 1165 3136 1221 semper
3164 1152 3376 1215 fuerat,
3405 1161 3461 1206 et
3490 1150 3568 1205 illi

1968 1239 2338 1296 essentialiter
2366 1241 2611 1305 inerant,
2651 1251 2706 1296 et
2746 1242 2813 1296 ad
2855 1258 3008 1297 suam
3046 1258 3225 1298 veram
3266 1244 3566 1299 sublimita-

259 1067 374 1120 γονε
404 1051 582 1104 πάλιν
614 1052 677 1104 ὲν
717 1045 801 1115 οἷς
830 1047 899 1122 ἦν
938 1053 1027 1105 ἀεὶ
1058 1055 1153 1105 καὶ
1182 1053 1458 1118 οὑσιωδῶς
1487 1056 1873 1128 ἐνυπάρχουσι,

254 1144 343 1196 καὶ
364 1144 424 1197 ἐν
451 1143 616 1208 ἰδίοις
645 1142 872 1212 ἀληθῶς
896 1142 1210 1214 ὑψώμασιν.
1240 1145 1303 1197 El
1332 1146 1391 1199 δὲ
1422 1144 1580 1199 τοῦτο
1612 1147 1711 1217 μὲν
1733 1147 1872 1218 οὐχὶ,

250 1233 504 1306 καθάπερ
532 1230 634 1288 οὖν
654 1233 835 1288 οἴεται
866 1234 961 1288 καί
1000 1251 1167 1307 φησιν
1191 1253 1205 1266 ·
1240 1235 1429 1308 ἕτερον
1472 1236 1532 1289 δέ
1570 1253 1692 1290 τινα
1722 1237 1876 1308 παρὰ

246 1328 336 1381 τὸν
356 1328 456 1381 τοῦ
488 1327 635 1381 Θεοῦ
669 1327 852 1396 Λόγον
881 1327 976 1380 τὸν
1009 1326 1157 1399 αὐτῷ
1184 1328 1528 1399 συνημμένον
1565 1328 1864 1400 ἄνθρωπον¹

1981 1341 2088 1387 tein
2120 1334 2484 1401 rediiLQuod
2514 1334 2557 1389 si
2593 1350 2698 1389 non
2731 1335 2805 1390 ita
2838 1343 2955 1401 est,
2983 1345 3041 1391 ut
3072 1336 3188 1407 ipse
3218 1345 3369 1407 putat
3394 1344 3452 1391 et
3481 1334 3567 1390 di-

240 1420 641 1493 προσκυνητὸν
703 1420 965 1491 ἐποίησεν
998 1419 1217 1491 οὐρανῷ
1257 1438 1317 1473 τε
1366 1421 1460 1474 καὶ
1488 1423 1581 1492 γῇ.
1629 1423 1726 1475 καὶ
1764 1425 1864 1487 τοῖς

1973 1423 2073 1488 cit,
2103 1423 2264 1478 alium
2293 1438 2421 1479 vero
2447 1429 2746 1494 quemdam,
2768 1426 2869 1495 ipsi
2901 1428 3255 1499 conjunctum
3284 1427 3561 1482 hominem

236 1514 318 1567 ἔτι
347 1514 702 1586 κατωτέρω·
736 1512 1130 1584 τεθεοποεηκεν
1161 1511 1272 1581 ἄρα
1315 1513 1437 1566 καθ’
1470 1516 1620 1585 ἡμᾶς
1660 1514 1864 1585 ἄνθρω-

1977 1526 2176 1586 praeter
2200 1516 2376 1585 ipsum
2407 1516 2503 1572 Dei
2527 1515 2789 1579 Verbum,
2819 1518 2958 1573 caelo
2988 1528 3043 1573 et
3073 1528 3234 1574 terra:
3262 1529 3317 1574 et
3343 1518 3568 1574 inferio-

240 1624 362 1674 πον,
401 1608 737 1662 αἰτιάσεται
777 1606 836 1660 δὲ
878 1607 1051 1678 ἡμᾶς,
1079 1606 1179 1658 οὐκ
1220 1604 1301 1659 ἔτι
1329 1607 1388 1659 ἐν
1423 1606 1501 1678 τῷ
1548 1606 1739 1679 κόσμῳ
1765 1607 1864 1660 λοι-

1976 1609 2128 1665 ribus
2148 1609 2319 1664 etiam
2348 1609 2595 1680 partibus
2623 1610 2955 1665 adorandum
2987 1611 3135 1677 fecit,
3165 1626 3296 1683 ergo
3326 1612 3565 1667 similem

241 1701 361 1765 πὸν,
390 1699 468 1763 ὡς
517 1699 803 1753 θεοποιεῖν
830 1697 1116 1761 ἐθέλοντας
1140 1697 1231 1751 τὸν
1271 1698 1371 1752 οὐκ
1395 1699 1525 1752 ὄντα
1563 1699 1719 1765 Θεὸν,
1747 1699 1864 1753 καί·

1976 1703 2147 1757 nostri
2183 1702 2458 1757 hominem
2495 1702 2792 1771 deiﬁcavit,
2831 1718 3007 1774 neque
3040 1705 3221 1760 adhuc
3255 1705 3412 1761 nobis
3441 1705 3568 1773 iure

246 1810 325 1846 τοι
362 1791 482 1844 δέον
526 1791 808 1845 ἀνάπτειν
849 1789 1002 1859 αὐτῷ
1028 1788 1107 1859 τῷ
1135 1788 1254 1860 Θεῷ
1286 1792 1382 1843 καὶ
1436 1791 1612 1862 Πατρὶ
1640 1791 1740 1861 τῆς
1785 1791 1864 1844 ἑπ¹

1974 1794 2110 1848 vitio
2138 1802 2351 1850 vertere
2378 1796 2598 1864 poterit,
2629 1797 2785 1865 quasi
2813 1809 2939 1851 eum
2968 1797 3059 1867 qui
3091 1811 3196 1851 non
3225 1805 3369 1852 esset
3395 1795 3564 1863 Deus,

246 1883 390 1955 αὐτῷ
409 1884 477 1955 δὴ
500 1883 694 1953 τούτῳ
718 1881 1107 1951 πλημμελείας
1131 1884 1199 1937 τὰ
1220 1881 1389 1952 ὲγκλή
1400 1900 1563 1953 ματα.
1592 1883 1733 1955 Ὀρα
1755 1881 1864 1955 [lca

1975 1888 2228 1943 deiﬁcum
2258 1888 2610 1951 voluerimus,
2645 1902 2768 1942 cum
2807 1888 2968 1959 hujus
2999 1888 3228 1944 sceleris
3267 1889 3473 1944 crimen
3508 1888 3565 1944 in

244 1975 367 2048 ὁρᾷ]
407 1976 477 2047 δὴ
523 1971 649 2039 οὖν,
700 1976 731 2029 ὁ
777 1974 1176 2045 χριστομαθὴς,
1204 1976 1325 2029 ὅποι
1364 1976 1495 2028 ποτὲ
1538 1974 1691 2042 αὐτῷ
1729 1975 1864 2029 διεκ-

1972 1981 2147 2051 ipsum
2182 1980 2348 2036 Deum
2381 1995 2447 2036 ac
2475 1980 2692 2035 Patrem
2727 1980 2798 2034 sit
2820 1981 3244 2036 conferendum.
3274 1981 3427 2037 Videt
3461 1980 3566 2051 igi-

239 2068 503 2121 παίουσιν
584 2067 705 2139 [τα.
767 2066 1262 2132 διεκπαιδεύουσιν,
1309 2067 1371 2136 ἢ,
1424 2065 1867 2140 ιδιεκπταιουσιν]

246 2163 298 2213 οἱ
320 2161 477 2229 λόγοι
498 2179 513 2192 ·
544 2161 644 2213 καὶ
681 2158 755 2212 τὰ
781 2159 848 2212 ἐκ
869 2162 973 2231 τῆς
1003 2159 1245 2230 ἀκράτου
1287 2160 1518 2229 ταυτί-,σι
1547 2159 1868 2224 δυσϐουλίας

254 2255 571 2324 εὑρήματα,
599 2251 744 2323 πρὸς
780 2254 936 2305 ποῖον
982 2252 1134 2323 αὑτῷ
1180 2252 1431 2323 καταίρει
1457 2252 1633 2322 λόγον,
1676 2254 1868 2324 Ἡμεῖς

258 2348 363 2417 μὲν
403 2346 519 2417 γὰρ
558 2346 686 2399 Θεὸν
715 2345 853 2400 ὄντα
901 2346 1044 2400 κατὰ
1085 2346 1248 2417 φύσιν
1286 2347 1378 2399 τὸν
1418 2347 1568 2410 Υἰὸν,
1599 2348 1864 2413 τουτέστι,

249 2440 343 2493 τὸν
379 2442 446 2492 ἐκ
497 2438 593 2492 τοῦ
646 2438 791 2493 Θεοῦ
834 2439 1054 2511 Πατρὸς
1083 2440 1279 2508 Λόγον,
1314 2439 1640 2493 καθικέσθαι
1687 2442 1866 2512 φαμὲν

234 2533 322 2595 εἰς
355 2530 613 2585 ἑκούσιον
644 2530 919 2585 κὲνωσιν’
967 2532 1327 2601 ἁναφοιτῆσαι
1365 2532 1422 2586 δὲ
1469 2529 1537 2585 αὖ
1582 2532 1677 2586 καὶ
1729 2532 1866 2603 μετὰ

241 2623 446 2695 σαρκὸς
469 2626 558 2687 εἰς
580 2622 647 2677 τὸ
679 2623 782 2694 τῆς
813 2622 1046 2694 ἐνούσης
1076 2623 1352 2694 ὑπεροχῆς
1382 2622 1534 2693 αὐτῷ
1562 2624 1866 2696 θεοπρεπὲς

522 2715 934 2786 Προσκυνεῖται
967 2714 1080 2784 γὰρ
1107 2716 1201 2767 καὶ
1240 2714 1380 2784 μετᾶ
1408 2714 1631 2783 σαρκδῖυ
1664 2716 1739 2778 ὡς
1772 2717 1866 2768 καὶ

242 2809 345 2879 πρὸ
371 2808 556 2879 αὐτῆς
601 2808 873 2877 ὑπάρχων
915 2807 1327 2879 προσκυνητός·
1376 2801 1445 2878 ἦν
1487 2807 1601 2878 γὰρ
1648 2808 1743 2860 καὶ
1784 2807 1864 2860 ἔτι

246 2899 354 2972 [ἶσ.
383 2897 529 2970 ἑστι]
580 2898 732 2951 κατὰ
770 2898 936 2966 φύσιν
965 2897 1121 2964 Θεὸς,
1148 2899 1246 2952 καὶ
1278 2898 1384 2968 πρὸ
1413 2898 1515 2967 τῆς
1555 2896 1862 2962 κενώσεως,

250 2992 342 3045 καὶ
387 2993 476 3045 ὅτε
535 2992 643 3062 τὴν
706 2991 941 3046 κένωσιν
960 2990 1283 3061 ’ὑπομεῖναι
1330 2990 1570 3059 λέγεται,
1622 2991 1863 3059 γεγονὼς

248 3084 365 3136 καθ’
405 3084 587 3153 ἡμᾶς.
638 3082 703 3135 '0
742 3081 801 3133 δὲ
844 3081 955 3135 τῶν
982 3081 1125 3135 οὕτω
1168 3081 1382 3135 σεπτῶν
1422 3081 1518 3134 καὶ
1556 3081 1864 3153 anserem

241 3176 540 3246 διγμάτων
572 3174 890 3244 ὑπερορῶν,
939 3174 1227 3245 ἄνθρωπον
1260 3175 1522 3228 συνάπτει
1556 3172 1677 3244 Θεῷ
1720 3175 1863 3227 κατά
1890 3214 1932 3272 C

239 3283 303 3336 γε
333 3268 437 3338 τὴν
468 3266 686 3332 ἔξωθεν
716 3265 936 3336 σχέσιν*
988 3267 1082 3319 καὶ
1113 3266 1188 3329 ὡς
1223 3267 1280 3318 ὲν
1311 3266 1517 3336 ἰσότητι
1548 3266 1650 3336 τῆς
1681 3267 1860 3334 ἀξίας,

242 3359 334 3412 καὶ
356 3358 439 3423 ὡς
467 3359 670 3428 ἕτερον
697 3357 873 3427 ἑτέρῳ
903 3361 1346 3427 συμπροσκυνεῖν
1380 3362 1479 3414 οὐκ
1524 3358 1857 3430 αἰσχύνεται.

241 3452 594 3505 Διατείνεται
635 3449 720 3517 δὲ,
755 3451 941 3521 φησὶν,
971 3450 1047 3512 ὡς
1078 3449 1244 3521 ἁηθές
1266 3469 1319 3504 τι
1349 3452 1443 3505 καὶ
1468 3452 1642 3518 ξένον,
1672 3452 1768 3505 καὶ
1782 3450 1866 3515 ὡς

240 3548 297 3610 ἐν
332 3546 574 3618 χάριτος
620 3543 794 3615 μοίρᾳ
834 3542 1024 3596 λαϐεῖν
1068 3542 1131 3596 τὸ
1172 3542 1389 3614 κάμψαι
1449 3561 1510 3597 τε
1557 3543 1705 3614 αὑτῴ
1755 3546 1864 3597 πᾶν

234 3638 392 3706 γόνυ,
421 3637 527 3689 καὶ
554 3636 669 3706 μὴν
709 3636 806 3689 καὶ
853 3633 915 3687 τὸ
941 3635 1123 3689 πᾶσαν
1150 3634 1655 3707 ἐξομολογήσασθαι
1683 3635 1862 3705 γλῶσ-

236 3747 361 3795 σαν,
391 3731 481 3783 ὅτι
532 3726 752 3799 Κύριος
809 3726 1017 3797 Ἰησοῦς
1061 3728 1316 3800 Χριστός.
1347 3730 1456 3781 Καὶ
1489 3731 1537 3782 ει
1568 3730 1665 3799 μὲν
1703 3730 1863 3797 φύσει

233 3824 375 3878 Θεὸν
418 3819 691 3891 γενέσθαι
723 3820 829 3891 φὴς
856 3818 967 3892 [Ian
1004 3819 1190 3893 φησὶν]
1229 3822 1415 3887 αὐτὸν,
1445 3822 1862 3898 δεδυσφήμηκεν

234 3915 528 3990 ἐναργῶς,
592 3912 865 3983 γεννητὴν
908 3909 1049 3966 εἶναι
1099 3913 1272 3982 λέγων
1317 3914 1418 3985 τὴν
1458 3917 1557 3985 τῆς
1589 3915 1865 3986 Θεότητος

243 4008 420 4076 οὖσιν.
478 4006 545 4058 Et
587 4004 648 4057 δὲ
695 4002 902 4073 ἥκιστα
946 4003 1046 4074 μὲν
1078 4004 1220 4057 κατὰ
1255 4004 1439 4073 φύσιν,
1483 4004 1636 4058 δοτὸν
1663 4004 1719 4058 δὲ
1767 4006 1863 4058 καὶ

252 4098 479 4170 θύραθεν
532 4096 740 4151 ἑλόντα
768 4096 831 4148 τὸ
869 4094 1107 4166 ἀξίωμα,
1156 4098 1249 4150 καὶ
1293 4095 1369 4159 ὡς
1409 4098 1467 4150 ἑν
1505 4097 1641 4168 μόνῃ
1685 4100 1859 4168 φωνῇ,

253 4192 366 4256 πῶς
404 4193 506 4247 οὑκ
558 4190 748 4244 ἐκεῖνό
790 4205 958 4260 φησιν
1004 4187 1270 4259 ἐναργῶς,
1302 4190 1381 4242 ὅτι
1423 4187 1862 4259 λελατρεύκαμεν

182 4300 189 4311 ‘
250 4287 324 4357 τῷ
371 4288 450 4359 μὴ
486 4285 666 4355 φύσει
692 4281 856 4352 Θεῷ,
903 4281 999 4333 καὶ
1032 4281 1129 4334 σὺν
1158 4282 1315 4351 ἡμῖν,
1363 4280 1440 4345 ὼς
1481 4280 1649 4343 ἔοικε,
1696 4280 1791 4335 καὶ
1825 4283 1860 4353 ἡ

243 4380 349 4434 τῶν
388 4380 508 4434 ἄνω
535 4376 882 4447 πνευμάτων
916 4373 1264 4445 πεπλάνηται
1298 4374 1479 4445 νῆψις,
1516 4374 1609 4428 καὶ
1653 4372 1860 4428 τούτων

1973 2084 2062 2128 tur
2086 2072 2293 2129 Christi
2322 2072 2602 2127 studiosus
2629 2086 2735 2140 quo
2762 2072 2979 2124 tandem
3006 2072 3125 2139 ejus
3152 2086 3434 2128 sermones
3462 2072 3562 2127 de-

1971 2162 2253 2228 labuntur,
2284 2171 2339 2217 et
2374 2162 2441 2215 ad
2474 2161 2660 2230 qualia
2690 2159 2850 2214 verba
2886 2160 3143 2217 immanis
3180 2160 3337 2230 hujus
3372 2163 3562 2219 stulti.

1971 2258 2059 2312 tiae
2096 2263 2399 2311 commenta
2439 2255 2778 2324 perveniunt.
2807 2253 2917 2310 Nos
2953 2256 3096 2311 enim
3138 2255 3316 2324 ipsum
3340 2255 3560 2324 Filium,

1970 2347 2062 2415 qui
2101 2347 2241 2400 Deus
2273 2360 2338 2400 ex
2377 2351 2567 2398 natura
2607 2354 2758 2411 erat,
2793 2346 2896 2400 hoc
2935 2355 3049 2410 est,
3079 2345 3312 2400 Verbum
3348 2360 3417 2401 ex
3451 2344 3564 2401 Deo

1971 2438 2130 2493 Patre
2170 2438 2445 2507 genitum,
2487 2437 2554 2492 ad
2595 2436 2951 2491 voluntariam
2992 2437 3420 2493 exinanitiouem
3463 2439 3563 2494 de-

1970 2532 2249 2586 scendisse
2279 2530 2530 2595 dicimus,
2564 2542 2630 2585 ac
2662 2530 2889 2585 rediisse
2921 2546 3109 2585 rursus
3140 2545 3262 2586 eum
3295 2545 3463 2586 carne
3491 2531 3562 2585 ad

1970 2622 2117 2676 illam
2155 2622 2394 2675 divinam
2429 2621 2746 2690 dignitatem
2798 2630 2963 2692 atque
2998 2621 3389 2677 sublimitatem
3440 2638 3563 2692 quae

1970 2714 2043 2769 illi
2076 2714 2276 2769 inerat.
2303 2713 2580 2767 Adoratur
2605 2713 2749 2768 enim
2779 2715 2943 2768 etiam
2973 2729 3096 2767 cum
3127 2729 3314 2781 carne,
3344 2723 3404 2769 ut
3431 2724 3562 2771 ante

1967 2821 2190 2861 carnem
2220 2814 2340 2859 erat
2368 2805 2682 2861 adorandus
2712 2824 2727 2859 :
2755 2814 2875 2861 erat
2901 2808 3044 2862 enim
3071 2816 3127 2863 et
3150 2819 3234 2864 est
3260 2812 3563 2865 secundum

1970 2909 2219 2955 naturam
2252 2898 2397 2953 Deus
2421 2908 2476 2953 et
2504 2908 2630 2953 ante
2655 2899 3113 2966 exinanitiouem,
3143 2912 3197 2957 et
3226 2917 3346 2957 cum
3375 2904 3563 2958 exina-

1970 2993 2231 3047 nitionem
2273 2991 2517 3045 subiisse
2540 2990 2760 3057 dicitur,
2786 2989 2964 3047 factus
2988 2994 3160 3047 nostri
3204 2995 3418 3051 similis.
3458 2994 3564 3052 Iste

1968 3100 2100 3139 vero
2134 3085 2250 3139 haec
2282 3084 2417 3139 adeo
2447 3085 2755 3139 veneranda
2793 3093 3051 3154 rectaque
3086 3086 3335 3158 dogmata
3372 3088 3559 3157 despi-

1968 3178 2120 3233 ciens
2161 3164 2433 3232 hominém
2476 3175 2588 3232 Deo
2626 3176 2904 3247 conjungit
2941 3178 3239 3234 secundum
3279 3190 3560 3237 externam

1968 3270 2364 3335 habitudinem,
2398 3280 2451 3324 et
2488 3279 2743 3338 tanquam
2783 3271 2833 3324 in
2874 3270 2992 3340 ejus
3030 3272 3308 3342 dignitatis
3341 3274 3564 3343 aequali-

1970 3376 2106 3433 tate,
2139 3375 2195 3422 et
2226 3376 2482 3434 tanquam
2516 3363 2747 3417 alterum
2780 3380 2900 3419 cum
2933 3366 3107 3421 altero
3136 3366 3295 3420 simul
3329 3368 3561 3423 adorare

1968 3476 2076 3515 non
2104 3459 2401 3514 erubescit.
2428 3458 2644 3512 Asserit
2665 3469 2868 3524 autem,
2898 3458 3091 3529 inquit,
3118 3460 3265 3515 velut
3290 3460 3561 3515 insuetum

1967 3552 2225 3622 quiddam
2263 3567 2329 3607 ac
2365 3566 2596 3620 novum,
2632 3564 2687 3607 et
2720 3554 2865 3607 velut
2904 3553 3091 3622 gratiae
3129 3553 3247 3607 loco
3284 3555 3564 3623 accepisse

1969 3654 2027 3699 ut
2056 3644 2127 3698 illi
2155 3643 2403 3699 ﬂectatur
2424 3660 2585 3699 omne
2612 3661 2773 3716 genu,
2804 3657 2857 3700 et
2884 3646 3063 3700 omnis
3092 3645 3269 3712 lingua
3299 3646 3564 3701 conﬁtea-

1970 3747 2079 3802 tur,
2104 3738 2228 3806 quia
2255 3737 2513 3792 Dominus
2538 3737 2693 3792 lesus
2712 3737 2983 3792 Christus.
3013 3738 3088 3792 Ac
3115 3738 3158 3792 si
3190 3738 3334 3791 illum
3367 3747 3560 3793 natura

1969 3829 2136 3883 Deum
2176 3827 2376 3882 factum
2413 3844 2534 3883 esse
2572 3829 2736 3889 dicit,
2778 3840 2966 3898 aperte
3006 3828 3441 3897 blasphemavit,
3481 3827 3562 3881 fa-

1966 3928 2107 3974 ctam
2152 3932 2273 3973 esse
2316 3918 2504 3972 dicens
2535 3915 2847 3973 Diviuitatis
2887 3927 3154 3970 naturam.
3196 3916 3292 3970 Sin
3339 3918 3561 3970 minime

1965 4009 2261 4066 secundum
2303 4016 2591 4072 naturam,
2629 4007 2724 4062 sed
2762 4021 2881 4061 eam
2922 4007 3241 4077 dignitatem
3283 4007 3462 4059 datam
3504 4018 3562 4062 et

1965 4099 2309 4156 extrinsecus
2338 4107 2640 4169 acceptam,
2670 4109 2724 4153 et
2753 4099 2897 4154 velut
2932 4099 2986 4152 in
3015 4097 3126 4153 sola
3156 4113 3288 4153 voce
3319 4101 3557 4168 positam
3612 4158 3617 4163 ,

1964 4191 2257 4257 habuisse,
2287 4190 2559 4260 quomodo
2591 4205 2696 4244 non
2731 4190 2860 4244 illud
2893 4190 3175 4245 evidenter
3203 4193 3426 4257 asserit,
3459 4207 3559 4247 nos

1964 4283 2172 4347 scryire
2204 4290 2262 4337 et
2301 4280 2501 4336 cultum
2545 4280 2760 4336 deferre
2801 4282 2850 4335 ei
2893 4281 2985 4351 qui
3033 4279 3141 4351 56
3181 4292 3373 4335 natura
3415 4282 3559 4339 Deus

1966 4391 2072 4430 non
2103 4374 2197 4442 sit,
2226 4382 2282 4429 et
2312 4373 2618 4440 nobiscum,
2647 4382 2706 4428 ut
2734 4388 3074 4442 consequens
3102 4383 3209 4440 est,
3241 4374 3387 4429 illam
3417 4390 3555 4442 quo-

235 4476 373 4547 ἡμῖν
403 4472 581 4534 αὐτὸς
624 4471 653 4523 ὁ
685 4445 880 4539 Πατὴρ
906 4469 1002 4520 καὶ
1025 4467 1169 4537 ἀρχὴ
1194 4467 1290 4519 καὶ
1324 4467 1595 4537 πρόφασις
1621 4482 1636 4532 ;
1689 4464 1859 4518 Ἐπὰν

1967 4481 2073 4537 que
2113 4479 2471 4536 supernorum
2515 4465 2805 4533 spirituum
2848 4465 3163 4535 pervigilem
3211 4464 3554 4534 prudentiam

233 4559 328 4618 οὖν
357 4560 482 4635 [ῑσ.
515 4559 642 4620 πῶς
667 4553 787 4629 οὖν]
820 4556 900 4610 ἔτι
937 4557 1355 4627 διαμωμήσαιτο
1378 4556 1502 4620 τοὺς
1523 4557 1653 4628 παρ’
1696 4556 1860 4609 αὑτὸν

240 4662 302 4731 τῇ
342 4659 534 4712 κτίσει
581 4653 918 4724 προσκυνεῖν
955 4650 1299 4722 ᾑρημένουςς
1332 4647 1614 4722 ὶ’γράφεται
1642 4646 1700 4700 δὲ
1742 4645 1860 4700 ἀνθ’

243 4754 361 4806 ὅτου
384 4748 626 4812 κολάζει
656 4743 771 4816 (l-l)
800 4743 929 4806 τοὺς
959 4740 1436 4811 πεπλανημένους,
1475 4742 1524 4793 εἰ
1553 4741 1666 4802 τοῖς
1695 4736 1859 4791 αὐτοῦ

244 4844 479 4914 νεύμασι
505 4836 863 4906 πεπλάνηται
886 4832 999 4906 [ῑσ.
1029 4830 1450 4903 πεπλάνηνται],
1487 4829 1862 4902 προσκυνητὸν

246 4937 373 5007 ἡμῖν
398 4932 804 5002 ἁποφήναντος
836 4926 929 4979 τὸν
955 4926 1057 4979 οὑκ
1080 4924 1211 4979 ὄντα
1242 4924 1400 4994 φύσει
1428 4922 1597 4988 Θεόν;
1641 4920 1859 4993 Ἐπειδὴ

250 5030 301 5083 ἃ
319 5023 665 5098 παρατιθεὶς
690 5021 754 5075 τὸ
782 5019 948 5091 ῥητὸν
976 5021 1033 5073 ὲν
1054 5018 1287 5083 τούτοις,
1319 5015 1463 5087 φημὶ
1483 5015 1551 5085 δὴ
1568 5014 1629 5068 τὸ
1652 5017 1710 5068 ἐν
1734 5030 1862 5085 χερ-

247 5123 362 5186 σὶν,
402 5123 491 5175 ὅτι
533 5116 697 5187 αὐτῷ
722 5114 935 5185 κάμψει
979 5113 1092 5165 πᾶν
1121 5111 1251 5181 γόνυ
1272 5151 1287 5173 ,
1324 5112 1418 5164 καὶ
1452 5111 1602 5163 πᾶσα
1632 5107 1858 5176 γλῶσσα

239 5208 843 5286 ὶξομολογήσεται,ὖτι
868 5203 1075 5278 Κύριος
1113 5200 1319 5275 Ἰησοῦς
1342 5200 1599 5272 Χριστὸς,
1636 5199 1855 5269 παρῆκε

240 5311 300 5362 τὸ
318 5310 514 5361 λεῖπον
541 5305 641 5358 καὶ
664 5299 873 5372 ἐφεξῆς
897 5296 1213 5365 ἀναγκαίως
1242 5294 1321 5366 τῷ
1366 5293 1622 5365 μακαρίῳ
1656 5291 1857 5363 Παύλῳ

236 5394 878 5470 προσεπενηνεγμένον,
939 5389 1041 5444 οὐκ
1100 5383 1195 5441 οἶδ’
1243 5387 1326 5440 ὄτι
1377 5383 1853 5455 διενθυμούμενος,

226 5493 373 5562 φέρε
421 5487 771 5558 προσθέντες
813 5484 977 5555 ἡμεῖς
1016 5482 1192 5534 ἐκεῖνο
1232 5476 1510 5548 λέγωμεν*
1555 5492 1575 5526 t
1636 5472 1858 5545 Ἐξομο-

1964 4573 2152 4614 errore
2195 4560 2498 4621 seductum,
2540 4567 2594 4612 et
2630 4557 2824 4612 horum
2862 4556 3130 4611 scelerum
3178 4556 3333 4610 nobis
3378 4557 3552 4624 ipsum

1966 4648 2182 4707 Patrem
2232 4650 2445 4704 initium
2490 4658 2542 4704 et
2587 4663 2809 4703 causam
2856 4647 3017 4702 esse?
3062 4646 3343 4712 Quomodo
3392 4648 3557 4715 igitur

1966 4742 2144 4798 adhuc
2172 4739 2353 4812 culpat
2380 4756 2476 4795 eos
2502 4741 2593 4811 qui
2622 4740 2716 4795 illo
2742 4741 2956 4808 abjecto
2982 4750 3292 4795 creaturam
3325 4740 3556 4795 adorare

1966 4829 2316 4887 maluerunt?
2348 4845 2449 4886 cur
2479 4845 2608 4885 vero
2640 4840 2857 4884 accusat
2895 4840 2951 4884 et
2986 4831 3142 4896 punit
3175 4829 3429 4884 seductos
3465 4845 3554 4885 cr-

1968 4930 2094 4974 rore
2138 4918 2425 4983 homines,
2468 4919 2512 4974 si
2563 4918 2682 4986 ejus
2730 4928 2866 4974 nutu
2914 4933 2977 4974 ac
3019 4918 3297 4975 voluntate
3344 4920 3552 4976 seducti

1967 5020 2116 5077 sunt,
2148 5027 2270 5067 cum
2303 5027 2426 5066 eum
2459 5011 2548 5078 qui
2584 5028 2689 5088 non
2720 5022 2865 5068 esset
2894 5027 2961 5067 ex
2998 5020 3192 5067 natura
3225 5013 3388 5075 Deus,
3419 5015 3548 5069 adoo

1966 5103 2193 5160 rabilem
2225 5105 2382 5160 nobis
2407 5103 2689 5183 effecerit?
2715 5103 2824 5161 Sed
2852 5105 2980 5176 quia
3012 5105 3067 5160 iu
3100 5105 3184 5162 his
3212 5121 3336 5160 eum
3369 5106 3551 5160 locum

1963 5199 2206 5263 citasset,
2239 5211 2385 5264 eum,
2416 5197 2661 5267 inquam,
2688 5198 2781 5267 qui
2814 5207 2897 5253 est
2930 5197 2983 5251 in
3016 5199 3288 5263 manibus,
3319 5196 3421 5267 ipsi
3456 5195 3553 5252 lle—

1965 5297 2143 5342 ctetur
2187 5296 2350 5341 Omne
2396 5302 2575 5357 genu,
2624 5296 2680 5341 et
2724 5287 2903 5341 ouinis
2952 5285 3131 5356 lingua
3176 5283 3551 5350 ‘conlllebitur,

1963 5379 2089 5449 quia
2146 5377 2406 5434 Dominus
2452 5377 2611 5434 Jesus
2660 5377 2947 5445 Christus;
2997 5364 3184 5432 omisit
3234 5373 3443 5443 reliqua
3493 5382 3550 5429 et

1964 5470 2380 5540 consequentia,
2408 5485 2531 5542 quae
2559 5470 2869 5529 necessario
2895 5484 2925 5525 a
2958 5469 3117 5524 beato
3149 5466 3313 5522 Paulo
3342 5465 3553 5535 adjecta

1544 5650 1705 5708 ANT.
1747 5646 2020 5708 AGELLll
2056 5646 2293 5705 NOTAE.

309 5830 426 5902 (li)
456 5824 779 5900 Legendum
819 5819 1061 5887 videtur,
1096 5815 1191 5872 καὶ
1216 5776 1455 5879 nisi.
