4150 6436
585 374 691 430 105

580 489 832 550 fuerant;
868 497 1103 553 quonam
1142 481 1192 534 id
1229 479 1454 534 consilio
1495 477 1683 532 fecerit
1707 520 1720 539 .
1760 479 1942 533 nescio
1979 495 1992 531 :

579 579 899 646 adjiciamus
933 591 1031 629 nos
1065 575 1171 634 illa,
1205 588 1267 625 ac.
1302 574 1543 626 dicamus
1578 588 1589 623 :
1631 589 1649 622 ι
1685 571 1992 624 Confitetur
2019 569 2164 622 enim

575 673 754 724 omnis
792 671 993 736 lingua,
1032 668 1158 735 quia
1200 666 1459 718 Dominus
1493 664 1650 719 Jesus
1681 664 1930 718 Christus
1966 663 2018 715 itt
2054 661 2166 730 glu-

578 765 712 812 riam
758 759 849 811 Dei
894 757 1092 809 l’atris.
1135 773 1154 805 ι
1198 753 1364 822 Igitur
1401 755 1445 806 si
1489 765 1681 806 natura
1725 751 1868 805 Deus
1911 767 2014 804 non
2059 759 2161 814 est,

577 855 670 908 sed
707 863 930 921 propter
963 849 1400 917 coniunctionem
1439 847 1862 901 habitudiualem
1899 861 2003 914 qua
2034 849 2164 912 jun-

577 956 698 1000 ctus
738 956 821 998 est
867 960 987 997 cum
1030 942 1140 996 Deo
1176 941 1374 1002 Verbo,
1415 939 1628 992 adorari
1677 938 1825 990 illum
1869 937 2002 990 dicit
2040 947 2095 989 et
2134 952 2164 989 a

579 1040 763 1102 nobis,
799 1045 852 1089 et
883 1053 910 1088 a
943 1035 1150 1088 sanctis
1182 1032 1418 1101 angelis,
1448 1047 1575 1099 ergo
1605 1030 1787 1098 gloriae
1817 1029 2008 1082 modus
2041 1029 2163 1096 qui-

577 1129 699 1180 dam
744 1141 769 1176 a
815 1123 975 1177 Patre
1021 1123 1271 1175 inventus
1316 1131 1392 1172 est
1443 1120 1493 1172 itt
1543 1133 1607 1171 eo
1649 1119 1792 1186 quod
1835 1117 1993 1170 simul
2041 1132 2162 1170 cum

579 1218 698 1286 ipso
737 1217 986 1268 deilirata
1027 1223 1109 1264 est
1148 1221 1393 1263 creatura
1435 1228 1446 1263 :
1490 1211 1561 1262 ita
1608 1211 1806 1262 frustra
1855 1209 2164 1278 indignatus

576 1319 658 1359 est
691 1307 1013 1373 quihusdam
1050 1313 1105 1353 ut
1137 1302 1226 1369 qui
1263 1303 1362 1354 hoc
1399 1301 1652 1354 fecissent
1687 1318 1699 1354 :
1735 1301 1876 1366 quod
1907 1301 1950 1352 si
1982 1315 2042 1352 ea
2079 1314 2166 1352 res

580 1400 655 1452 illi
689 1399 870 1466 gloria:
903 1396 1023 1455 fuit,
1055 1394 1326 1460 quomodo
1357 1411 1459 1446 non
1489 1409 1703 1461 aequum
1738 1393 1836 1445 fuit
1865 1391 2083 1461 praemia
2112 1399 2166 1444 et

577 1491 763 1544 laudes
794 1496 844 1540 ct
875 1487 1101 1553 gloriam
1140 1484 1245 1536 illis
1275 1485 1570 1551 rependere
1601 1484 1690 1550 qui
1725 1485 1775 1536 id
1810 1481 1986 1536 facere
2016 1483 2170 1536 insti-

577 1583 847 1637 tuissent?
882 1579 988 1631 Sed
1027 1577 1215 1628 dicent
1248 1574 1482 1628 fortasse
1517 1593 1530 1628 :
1563 1574 1843 1641 Quomodo
1875 1573 2020 1626 Patri
2054 1575 2165 1642 glo-

581 1675 675 1726 ria-
717 1674 818 1725 erit
861 1681 919 1725 ut
961 1670 1300 1724 Etnmauneli
1343 1683 1502 1722 omne
1536 1684 1674 1737 genu
1710 1667 1994 1721 ﬂectatur?
2029 1667 2165 1732 Quia

581 1765 817 1820 Verbum
851 1780 973 1818 cum
1005 1764 1078 1819 sit
1111 1764 1250 1816 Dens
1284 1777 1379 1832 per
1405 1771 1678 1826 naturam,
1710 1772 1764 1815 et
1796 1775 1859 1813 ex
1892 1762 2028 1828 ipso,
2066 1761 2165 1813 hoc

1571 362 1631 417 S.
1673 359 1941 417 CYRILLI
1981 355 2450 415 ALEXANDRINI
2492 357 2815 414 ARCIIIEP.

3763 361 3868 419 1οι

2032 491 2128 546 age
2152 520 2165 540 ,
2200 481 2241 536 Α
2273 474 2511 542 λογείται
2543 476 2652 546 γὰρ
2687 477 2836 529 πᾶσα
2867 475 3107 542 γλῶσσα,
3131 475 3211 528 ὅτι
3240 473 3444 545 Κύριος
3505 475 3712 546 Ἰησοῦς
3740 478 3876 548 Χρι-

2273 565 2417 627 στὸς,
2451 566 2528 627 είς
2571 565 2729 628 δόξαν
2765 564 2901 616 Θεοῦ
2943 564 3176 634 Πατρός.
3215 585 3233 617 ι
3275 564 3486 618 Οὐκοῦν
3512 567 3560 618 εἰ
3606 566 3680 636 μὴ
3709 567 3874 634 φύσει

2270 655 2400 717 Θεός
2447 657 2582 720 ἐστι,
2635 657 2722 710 διὰ
2765 657 3061 724 συνάφειαν
3091 656 3147 709 δὲ
3193 655 3472 727 σχετικὴν,
3512 657 3615 726 τὴν
3645 657 3781 728 πρός
3806 675 3875 727 γε

2273 748 2415 818 φημὶ
2444 748 2532 800 τόν
2561 751 2623 801 ὲκ
2663 748 2798 799 Θεοῦ
2828 748 3021 815 Λόγον,
3056 749 3478 818 προσκυνεῖσθαι
3509 767 3672 819 φησιν
3711 751 3877 803 αὑτὸν

2273 842 2406 909 πρός
2434 858 2493 893 τε
2527 841 2685 910 ἡμῶν
2725 840 2926 905 αὐτῶν,
2957 843 3050 894 καὶ
3092 842 3200 894 τῶν
3242 841 3415 909 ἁγίων
3462 843 3744 910 ἀγγέλων
3777 845 3873 894 εύ-

2273 933 2456 996 κ>.είας
2489 950 2574 996 τις
2606 933 2712 1003 ἄρα
2756 933 2958 1002 τρόπος
2994 933 3284 1004 ἐξεύρηται
3315 934 3393 1003 τῷ
3422 934 3618 1004 Ila-.91,
3642 934 3719 1004 τῷ
3750 935 3875 986 Θεο-

2273 1024 2544 1076 ποιεῖσοαι
2576 1025 2672 1076 σὺν
2694 1024 2963 1096 αὐτῷτὴν
3009 1025 3214 1078 κτίσιν·
3244 1027 3334 1078 καὶ
3361 1026 3661 1096 λελύπηται
3693 1027 3877 1096 μάτην

2274 1113 2364 1162 ὲπί
2389 1128 2547 1175 τισιν,
2583 1112 2656 1175 ὡς
2691 1113 2849 1166 τοῦτο
2878 1114 3202 1183 πεποιηκόσι
3222 1132 3235 1145 ο
3261 1116 3355 1168 καὶ
3386 1117 3434 1167 εί
3458 1117 3592 1186 πρὸς
3624 1117 3875 1180 εὐκλείας

2270 1198 2337 1272 ἦν
2395 1204 2456 1255 τὸ
2502 1204 2690 1272 χρῆμα
2754 1205 2939 1275 αὐτῷ,
2990 1205 3108 1268 πῶς
3169 1205 3269 1257 οὐκ
3325 1205 3432 1258 ἔδει
3493 1207 3586 1258 καὶ
3638 1207 3876 1277 ἀμοιϐῆς

2270 1293 2474 1358 ἀξιοῦν,
2514 1295 2736 1348 ὲπαίνου
2782 1314 2840 1349 τε
2877 1298 2970 1350 καὶ
3007 1296 3184 1367 δόξης,
3227 1298 3352 1360 τοὺς
3381 1297 3538 1350 τοῦτο
3570 1298 3701 1367 δρᾷν
3727 1297 3876 1368 ᾑρη-

2274 1385 2501 1454 μένουςς
2558 1385 2695 1436 Ἀλλ’
2748 1387 2878 1449 [τως
2922 1387 3100 1439 έκεῖνο
3152 1389 3306 1456 φαῖεν
3355 1387 3451 1448 ἂν,
3507 1387 3640 1440 Τίνα
3671 1389 3878 1454 τρόπον

2271 1477 2408 1547 πρὸς
2438 1477 2688 1540 εὐκλείας
2725 1478 2878 1531 ἔσται
2923 1478 3001 1549 τῷ
3033 1481 3207 1549 Πατρὶ
3262 1479 3321 1532 τὸ
3352 1479 3568 1549 κάμψαι
3601 1483 3708 1533 πᾶν
3741 1481 3878 1548 γόνυ

2268 1569 2361 1621 τὸν
2393 1568 2504 1636 Ιῐσ.
2539 1569 2641 1640 τῷ]
2704 1570 3089 1641 Ἑμμανουὴλς
3125 1572 3246 1624 Ὅτι
3279 1572 3411 1634 Θεὸς
3439 1571 3513 1624 ῶν
3549 1571 3730 1641 φύσει,
3778 1573 3881 1624 καὶ

2269 1656 2329 1721 ἐξ
2373 1659 2560 1721 αὑτοῦ,
2601 1661 2901 1724 τουτέστιν,
2953 1663 3017 1713 ἐκ
3065 1663 3162 1732 τῆς
3214 1663 3404 1726 οὐσίας
3443 1663 3631 1729 αὑτοῦ,
3681 1664 3880 1732 γέγονε

2272 1751 2410 1822 σὰρξ
2459 1754 2487 1806 ὁ
2531 1753 2736 1820 Λόγος·
2783 1758 3169 1823 προσκυνεῖται
3219 1755 3295 1819 δὲ,
3346 1755 3424 1818 ὡς
3462 1757 3620 1826 ἔφην,
3667 1758 3742 1821 ὡς
3791 1753 3881 1821 εἷς

579 1868 684 1920 est,
714 1873 775 1910 ex
813 1855 928 1921 ejus
960 1854 1288 1915 substantia,
1322 1867 1449 1906 caro
1482 1851 1682 1906 factum
1717 1860 1800 1904 est
1832 1869 1844 1906 :
1877 1852 2163 1904 adoratur-

2280 1860 2328 1896 τε
2361 1844 2453 1896 καὶ
2485 1846 2643 1914 μόνος
2675 1846 2768 1897 καὶ
2801 1845 3016 1916 ἀληθῶς
3062 1848 3209 1911 Υἱὸς,
3247 1850 3384 1917 μετὰ
3411 1848 3510 1918 τῆς
3545 1849 3678 1912 ἰδίας
3709 1851 3881 1903 αὑτοῦ

578 1963 708 2017 que,
735 1957 792 1999 ut
819 1946 952 2008 dixi,
985 1956 1043 1998 ut
1073 1960 1212 1998 unus
1236 1953 1289 1997 et
1315 1943 1463 1997 solus
1490 1952 1545 1997 et
1570 1957 1693 1996 vere
1722 1943 1890 1996 Filius
1918 1958 2040 1995 eum
2069 1957 2163 1996 sua

580 2039 750 2106 ipsius
782 2053 945 2092 carne
978 2055 991 2091 :
1027 2034 1368 2106 gloriﬁcatur
1398 2044 1579 2088 autem
1616 2034 1778 2088 Pater
1806 2044 1862 2087 ut
1901 2034 2042 2088 Deus
2074 2035 2166 2102 qui

579 2125 776 2178 habeat
810 2139 996 2178 verum
1042 2123 1236 2178 Filium
1278 2137 1342 2176 ex
1382 2138 1478 2177 sua
1520 2124 1824 2178 substantia
1870 2124 2111 2192 genitum
2151 2138 2165 2176 :

579 2231 740 2285 quem
771 2216 937 2270 etiam
967 2231 1186 2270 carnem
1217 2215 1420 2269 factum
1453 2230 1550 2284 pro
1581 2217 1738 2270 nobis
1766 2216 1934 2282 dedit,
1965 2225 2022 2270 ut
2049 2230 2169 2285 pas-

581 2323 674 2362 sus
723 2323 888 2361 carne
936 2307 1141 2361 salvum
1195 2306 1400 2362 faceret
1448 2310 1633 2362 orbem
1685 2319 1990 2376 terrarum;
2043 2327 2062 2360 ι
2113 2317 2172 2362 ιιι

581 2399 760 2452 omnis
793 2399 884 2467 qtti
921 2398 1092 2452 credit
1128 2398 1179 2452 itt
1217 2398 1416 2468 ipsum,
1456 2415 1560 2455 non
1600 2409 1804 2468 pereat,
1843 2401 1937 2455 sed
1976 2401 2170 2454 habeat

582 2491 748 2543 vitam
778 2498 1036 2544 aeternam
1059 2487 1141 2554 ";
1176 2507 1193 2539 ι
1225 2499 1283 2541 ιιι
1310 2490 1486 2544 omnis
1515 2491 1605 2559 qui
1637 2491 1780 2544 videt
1808 2506 1962 2553 eum,
1992 2491 2171 2544 videat

582 2580 797 2638 Patrem
817 2583 859 2614 "
897 2600 910 2636 :
945 2597 1106 2650 quam
1139 2583 1303 2635 etiam
1341 2582 1512 2650 ipsam
1550 2597 1660 2635 rem
1697 2583 1852 2636 nobis
1887 2596 2009 2636 esse
2043 2595 2170 2635 vere

583 2674 802 2728 vitalem
836 2674 948 2742 ipse
978 2673 1146 2729 Filius
1175 2678 1444 2740 ostendit;
1477 2676 1613 2728 dixit
1643 2675 1786 2728 enim
1816 2690 1831 2728 :
1870 2693 1888 2725 t
1933 2675 2058 2728 llrec
2089 2682 2171 2728 est

584 2769 693 2822 vita
725 2777 924 2822 aeterna
948 2806 963 2829 ,
997 2777 1057 2821 ιιι
1089 2777 1421 2835 ceguoscant
1453 2777 1505 2820 te
1536 2768 1708 2820 solum
1747 2768 1911 2821 Deum
1947 2783 2169 2830 verum,

585 2866 642 2910 et
679 2871 836 2924 quem
881 2856 1077 2910 misisti
1123 2857 1306 2910 Jesunt
1353 2857 1624 2910 Christum
1645 2859 1710 2912 ⁵⁸.
1751 2877 1768 2908 ι
1810 2859 1884 2910 Ac
1924 2860 2005 2911 via
2051 2860 2171 2927 qui-

587 2948 706 3001 dem
746 2957 913 3011 recta,
948 2956 1001 3001 et
1034 2949 1100 2999 ad
1134 2949 1468 3001 verissimam
1511 2951 1836 3003 sententiam
1873 2952 2173 3018 perducens

587 3040 703 3093 hare
751 3051 863 3106 est,
907 3051 959 3094 et
1008 3049 1206 3106 prteter
1247 3054 1367 3092 eant
1419 3041 1583 3095 nulla.
1637 3041 1735 3095 llic
1780 3057 1909 3094 vero
1956 3058 2170 3096 sursum

2272 1936 2494 2006 σαρκός·
2557 1936 2840 2000 δοξάζεταί
2883 1956 2945 2006 γε
2992 1939 3098 2009 μὴν
3145 1942 3172 1992 ό
3211 1941 3401 2011 Πατὴρ
3443 1941 3518 2004 ὡς
3551 1941 3704 2005 Θεὸς,
3737 1943 3884 2012 ἔχων

2270 2029 2519 2097 ἀληθινὸν
2545 2030 2636 2082 τὸν
2673 2032 2737 2083 ὲκ
2779 2032 2876 2101 τῆς
2905 2031 3094 2094 οὐσίας
3124 2031 3292 2085 αὑτοῦ
3333 2033 3666 2104 γεννηθέντα
3699 2035 3827 2087 Υἱόν
3859 2052 3874 2064 ·

2269 2122 2327 2173 ὃν
2369 2121 2464 2174 xai.
2522 2121 2704 2191 σάρκα
2757 2122 3020 2191 γεγονότα
3074 2123 3309 2178 δέδωκεν
3363 2126 3502 2194 ὑπὲρ
3554 2126 3730 2194 ἡμῶν,
3787 2128 3880 2180 ἵνα

2273 2214 2438 2283 σαρκὶ
2502 2211 2730 2276 παθὼν,
2809 2211 3050 2283 διασώσῃ
3098 2213 3198 2283 τὴν
3247 2216 3338 2268 ὑπ’
3393 2215 3654 2287 οὐρανόν
3709 2234 3730 2268 ι
3790 2216 3884 2272 ἵνα.

2273 2308 2388 2367 πᾶς
2413 2307 2440 2356 ὁ
2471 2306 2746 2358 πιστεύων
2786 2308 2865 2368 εἰς
2895 2307 3080 2369 αὐτὸν,
3113 2308 3174 2360 οὐ
3205 2308 3283 2379 μὴ
3305 2309 3597 2380 ἀπόληται,
3631 2311 3743 2363 ἀλλ’
3777 2312 3886 2384 ἔχῃ

2274 2397 2417 2466 ζωὴν
2461 2398 2704 2462 αἰώνιον,
2766 2418 2783 2450 ι
2838 2400 2924 2450 ἵνα
2971 2401 3077 2463 πᾶς
3122 2402 3150 2453 ὁ
3195 2399 3416 2472 οεωρῶν
3448 2401 3628 2464 αὐτὸν,
3686 2402 3875 2472 θεωρῇ

2271 2489 2361 2541 τὸν
2396 2490 2637 2560 Πατέρα.
2685 2490 2956 2542 Ζωοποιδν
2990 2490 3046 2542 δὲ
3090 2491 3150 2544 τὸ
3195 2493 3385 2562 χρῆμα
3421 2494 3515 2546 καὶ
3559 2492 3716 2545 τοῦτο
3746 2495 3886 2563 ἡμῖν

2273 2581 2522 2650 ὑπάρχον
2551 2581 2788 2650 ἀληθῶς,
2823 2583 2986 2645 αὐτὸς
3014 2583 3318 2654 ὲκδέδειχεν
3346 2587 3373 2638 ὁ
3403 2585 3528 2648 Υἱός
3549 2601 3560 2612 ·
3587 2586 3690 2656 ἔφη
3722 2587 3830 2656 γάρ
3864 2603 3884 2618 ο

2279 2691 2297 2724 ι
2326 2672 2473 2744 Αῦτη
2501 2674 2556 2726 δέ
2587 2676 2734 2727 ἐστιν
2766 2676 2798 2745 ἡ
2827 2674 3044 2739 αἰώνιος
3075 2673 3208 2747 ζωὴ,
3242 2675 3327 2728 ἵνα
3366 2678 3676 2745 γινώσκωσί
3703 2696 3760 2730 σε
3788 2680 3885 2733 τ⁵ιν

2279 2767 2442 2836 μόνον
2468 2765 2725 2836 ἀληθινὸν
2746 2767 2898 2830 Θεὸν,
2927 2766 3021 2820 καὶ
3053 2767 3110 2820 ὃν
3136 2769 3463 2832 ἀπέστειλας
3514 2769 3717 2839 Ἰησοῦν
3742 2771 3885 2841 Χρι-

2277 2859 2422 2913 στόν.
2475 2877 2493 2909 ι
2542 2860 2650 2911 Καὶ
2688 2862 2735 2913 εἰ
2769 2860 2871 2929 μὲν
2898 2860 3010 2931 (15)
3046 2862 3126 2925 είς
3165 2861 3295 2914 εὐθὺ
3329 2864 3421 2914 καὶ
3458 2862 3883 2933 ἀπλανεστάτην

2275 2952 2384 3004 τῶν
2426 2950 2646 3004 ἐννοιῶν
2691 2953 2830 3019 α’ύτη
2877 2971 2935 3006 τε
2981 2954 3073 3006 καὶ
3111 2954 3212 3023 οὐχ
3254 2956 3418 3024 ἑτέρα
3461 2956 3668 3026 τρίϐος.
3727 2958 3784 3010 Ὀ
3819 2958 3886 3010 δὲ

2276 3046 2388 3098 ἄνω
2434 3064 2490 3099 τε
2540 3046 2634 3098 καὶ
2681 3046 2835 3100 κάτω
2884 3046 2951 3100 τά
3003 3047 3180 3098 πάντα
3230 3047 3434 3110 κυκῶν,
3470 3048 3592 3120 [Διὰ
3647 3051 3734 3102 τὸν
3783 3068 3887 3120 φο-

584 3131 841 3186 deorsum
883 3133 1061 3186 omnia
1102 3134 1500 3194 commiscens,
1543 3131 1794 3202 [Propter
1830 3144 2130 3203 gestantem
2156 3176 2167 3195 ,

2281 3138 2498 3208 ροῦντα,
2548 3139 2831 3209 φησὶ,τδν
2879 3138 3215 3210 φορούμενον
3265 3140 3441 3194 σέδωο
3488 3142 3579 3194 διὰ
3641 3141 3731 3193 τὸν
3787 3161 3883 3195 κε-

588 3225 780 3290 inquit,
800 3236 1062 3295 gestatum
1084 3243 1334 3290 veneror,
1357 3237 1576 3295 propter
1595 3227 1847 3279 latentem
1867 3228 2036 3280 adoro
2053 3243 2174 3296 spe-

588 3316 887 3388 etahilem.]
917 3317 1122 3384 Cerne,
1149 3334 1355 3387 quzeso,
1384 3335 1596 3372 rursum
1623 3319 1820 3387 ubique
1849 3320 1996 3372 illum
2024 3320 2179 3373 unio-

590 3423 714 3462 nem
756 3407 971 3477 fugere,
1008 3419 1063 3463 et
1098 3412 1380 3464 veritatem
1419 3410 1742 3473 formidare,
1782 3419 1835 3465 et
1872 3411 2178 3466 divinorum

591 3495 697 3570 57
723 3499 1035 3566 dogmatum
1071 3513 1278 3554 rectum
1329 3500 1430 3553 iter
1473 3499 1666 3553 vitare.
1715 3497 1831 3552 Non
1890 3499 2027 3553 alius
2061 3508 2182 3552 erat

591 3598 811 3658 gestans
835 3602 862 3641 a
891 3598 1119 3656 gestalo.
1141 3593 1232 3642 sed
1263 3590 1440 3657 potius
1468 3589 1628 3654 idem,
1663 3599 1852 3656 utpote
1873 3589 1922 3640 in
1948 3589 2181 3641 coitione

593 3680 809 3733 dcitatis
855 3688 909 3733 et
951 3679 1304 3734 humanitatis
1356 3682 1727 3734 consideratus
1773 3699 1785 3733 :
1825 3697 1962 3736 unus
2016 3682 2178 3734 etiam

595 3785 659 3824 ac
684 3771 831 3826 solus
867 3787 993 3826 vere
1038 3771 1129 3825 Dei
1171 3782 1224 3826 et
1276 3771 1449 3826 Patris
1479 3772 1666 3827 Filius.
1728 3773 1867 3843 Ergo
1905 3782 1963 3826 ut
2015 3788 2178 3826 unum

595 3863 759 3919 adora
789 3879 911 3918 cum
946 3881 1040 3918 sua
1073 3880 1235 3918 carne
1271 3865 1442 3934 ipsum
1475 3881 1540 3918 ex
1576 3865 1685 3919 Deo
1733 3863 1963 3918 Verbum
2002 3883 2016 3920 :
2051 3864 2182 3919 alio-

595 3957 686 4026 qui
722 3957 928 4025 explica
961 3957 1111 4021 mihi,
1145 3957 1246 4012 nisi
1282 3958 1371 4012 tibi
1405 3967 1546 4011 recta
1575 3971 1767 4026 sapere
1803 3958 2006 4022 videor,
2035 3966 2180 4012 tuam

598 4049 651 4102 in
688 4048 770 4102 his
795 4049 1043 4117 loquendi
1070 4050 1420 4104 subtilitatem
1455 4059 1512 4102 ιιι
1537 4049 1860 4102 imbecillam
1893 4050 2178 4120 repellens.

598 4138 736 4192 Num
775 4141 917 4192 enim
965 4139 1009 4192 si
1071 4139 1193 4208 quis
1248 4145 1312 4194 de
1345 4155 1672 4210 quocunque
1728 4150 1970 4195 nostrum
2018 4142 2182 4196 simili

601 4230 849 4288 homine.
886 4229 968 4282 vel
1012 4229 1079 4284 de
1120 4247 1226 4284 uno
1258 4233 1510 4298 quopiam
1568 4239 1782 4284 terreno
1827 4247 1951 4300 rege
2001 4233 2184 4301 dicere

599 4319 832 4374 voluerit
877 4339 888 4373 :
944 4319 1168 4389 Propter
1217 4323 1450 4375 animant
1509 4321 1648 4390 regis
1704 4337 1932 4376 veneror
1987 4319 2184 4392 corpus

600 4410 750 4480 ejus,
787 4421 1005 4480 propter
1034 4410 1289 4466 latentem
1340 4413 1510 4465 adoro
1546 4412 1686 4480 quod
1720 4423 1803 4465 est
1835 4413 2132 4475 spectabile
2167 4429 2182 4476 ;

2283 3231 2622 3301 κρυμμένον,
2667 3231 2959 3300 προσκυνῶ
3003 3231 3093 3283 τὸν
3143 3231 3517 3303 φαινόμενον.]
3569 3233 3761 3302 ’Δορει
3813 3228 3885 3296 ἐή

2286 3339 2374 3392 μοι
2425 3321 2587 3374 πάλιν
2659 3321 2931 3391 φεύγοντα
2979 3323 3258 3394 πανταχοῦ
3325 3325 3423 3394 τὴν
3488 3325 3717 3389 ἕνωσιν,
3785 3329 3886 3378 καὶ

2281 3411 2493 3466 δεδιότα
2549 3412 2610 3465 τδ
2661 3412 2885 3482 ἀληθὲς,
2934 3416 3027 3466 xa‘t
3085 3415 3193 3467 τῶν
3246 3415 3406 3468 Οείων
3445 3416 3730 3485 δογμάτων
3779 3417 3885 3488 τὴν

2283 3509 2552 3580 ὀρθότητα
2608 3505 3064 3576 παραιτούμενον.
3130 3510 3242 3578 Ούχ
3274 3508 3458 3579 ἕτερος
3486 3504 3554 3579 ἦν
3615 3511 3642 3561 ό
3694 3509 3885 3578 φορῶν

2283 3603 2435 3673 παρὰ
2475 3602 2566 3655 τὸν
2609 3599 2973 3671 φορούμενον·
3033 3605 3062 3654 ὁ
3106 3604 3268 3665 αὐτος
3328 3603 3383 3654 δὲ
3427 3604 3647 3674 μᾶλλον,
3711 3605 3784 3666 ὡς
3822 3607 3885 3659 ὲν

2287 3696 2489 3766 συνόδῳ
2568 3694 2904 3764 νοούμενος,
2961 3694 3216 3766 Οεότητός
3263 3713 3322 3748 τε
3385 3697 3478 3748 καὶ
3525 3697 3886 3767 άνΘρωπότη-

2283 3804 2394 3850 τος’
2447 3782 2527 3849 εἷς
2561 3804 2618 3840 τε
2677 3788 2769 3839 καὶ
2819 3787 2979 3856 μόνος
3029 3788 3244 3858 ἀληθῶς
3300 3789 3423 3850 Υἱὸς
3470 3789 3564 3841 τοῦ
3595 3789 3728 3842 Θεοῦ
3785 3791 3882 3844 καὶ

2285 3877 2520 3946 Πατρός.
2557 3877 2766 3929 Οὐκοῦν
2803 3876 2878 3938 ὡς
2926 3878 3022 3928 ἕνα
3075 3876 3369 3948 προσκύνει
3424 3878 3565 3947 μετὰ
3599 3880 3696 3945 τῆς
3743 3879 3878 3940 ίδίας

2285 3968 2452 4022 αὑτοῦ
2493 3968 2695 4039 σαρκὸς
2723 3967 2814 4020 τὸν
2860 3969 2923 4020 ἐκ
2952 3967 3086 4020 Θεοῦ
3135 3969 3330 4036 Λόγον.
3377 3969 3529 4022 Ἐπεὶ
3565 3970 3791 4039 φράσον,
3830 3972 3882 4022 εί

2290 4064 2364 4133 μή
2406 4078 2486 4114 σοι
2516 4061 2658 4114 δοκῶ
2689 4061 2756 4113 τὰ
2799 4061 2984 4112 εἰκότα
3017 4064 3254 4132 φρονεῖν,
3293 4061 3391 4132 τὴν
3427 4062 3524 4132 σὴν
3572 4064 3629 4115 έν
3666 4063 3884 4126 τούτοις

2289 4151 2644 4221 ίσχνομυοίαν
2675 4150 2750 4212 ὡς
2786 4149 2988 4220 ἀδρανῆ
3033 4149 3479 4220 παρωθούμενος.
3517 4146 3667 4220 τΛρα
3690 4151 3798 4220 γὰρ
3833 4153 3882 4203 εί

2285 4237 2346 4306 δή
2369 4254 2451 4300 τις
2477 4237 2651 4289 ἕλοιτο
2674 4237 2853 4303 λέγειν
2888 4237 3016 4306 περὶ
3045 4238 3265 4291 ὁτουοῦν
3301 4237 3409 4290 τῶν
3441 4240 3561 4292 καθ’
3596 4241 3744 4309 ἡμᾶς
3781 4243 3883 4293 ἁν-

2289 4327 2544 4398 Θρώπων,
2574 4329 2739 4398 ἤγουν
2774 4329 2856 4396 ἐφ’
2892 4329 3011 4394 ἐνὸς
3042 4330 3147 4382 τῶν
3179 4331 3272 4382 ἐπὶ
3298 4331 3400 4400 γῆς
3444 4329 3738 4400 βασιλέων·
3776 4332 3884 4385 Διὰ

2288 4420 2387 4490 τὴν
2417 4421 2509 4472 τοῦ
2556 4419 2822 4489 βασιλέως
2867 4420 3042 4490 ψυχὴν
3078 4421 3220 4473 σέϐω
3263 4421 3325 4474 τὸ
3380 4422 3536 4491 σῶμα
3576 4423 3761 4484 αὑτοῦ,
3790 4423 3888 4477 διὰ

600 4519 708 4558 nou
745 4505 887 4559 illico
913 4506 1092 4575 quivis
1133 4505 1382 4574 objurget
1435 4519 1497 4557 ac
1541 4506 1684 4558 dicat
1717 4520 1730 4556 :
1770 4505 1908 4570 Quid
1942 4513 1996 4556 tu
2034 4504 2174 4559 lacis

2294 4511 2385 4563 τὸν
2413 4512 2818 4581 κεκρυμμένον,
2857 4512 3148 4583 προσκυνῶ
3187 4513 3278 4566 τὸν
3317 4515 3662 4584 φαινόμενον,
3691 4516 3790 4568 οὐκ
3819 4518 3886 4570 ἄν

598 4610 632 4648 o
669 4594 807 4648 bone
840 4594 967 4648 vir?
994 4609 1131 4648 unus
1163 4596 1385 4649 omnino
1412 4594 1571 4648 homo
1595 4603 1678 4647 est
1701 4594 1792 4663 qui
1844 4609 2022 4647 rerum
2053 4596 2186 4663 poti-

602 4695 721 4752 tur,
773 4688 1021 4756 quamvis
1063 4703 1094 4741 e
1143 4687 1350 4741 duobus
1404 4687 1650 4740 videatur
1703 4687 2066 4754 compositus,
2119 4702 2187 4740 cx

602 4780 803 4844 anima,
838 4780 1080 4848 inquam,
1114 4788 1169 4834 et
1199 4793 1448 4848 corpore.
1472 4778 1580 4832 Cur
1611 4778 1772 4847 igitur
1799 4777 1954 4830 nobis
1984 4776 2187 4830 frustra

603 4871 858 4938 nugaris,
895 4888 1016 4926 cum
1061 4881 1360 4941 gestantem
1413 4881 1468 4924 et
1516 4881 1783 4940 gestatum
1807 4909 1821 4934 ,
1853 4871 2106 4925 latentem
2135 4879 2190 4924 et

603 4963 951 5032 spectabilem
989 4961 1224 5031 appellas
1253 5001 1268 5025 .
1303 4972 1357 5017 et
1401 4971 1655 5030 tanquam
1714 4961 1878 5014 alium
1924 4977 2045 5015 cum
2080 4963 2188 5015 alio

606 5052 765 5104 simul
822 5051 1051 5104 adorare
1093 5051 1400 5120 profiteris,
1431 5061 1486 5104 et
1535 5052 1752 5104 tnodum
1806 5051 2021 5104 unionis
2053 5067 2185 5106 con-

611 5143 846 5196 temnis?
876 5159 999 5195 cum
1050 5143 1308 5216 divinitus
1364 5143 1636 5211 inspirata:
1681 5140 1900 5198 Littera:
1958 5141 2087 5197 illud
2123 5159 2188 5197 ex

608 5233 718 5287 Deo
751 5236 907 5287 Patre
963 5233 1191 5288 Verbum
1227 5248 1348 5286 cum
1403 5249 1500 5288 suo
1546 5250 1771 5302 corpore
1824 5250 1988 5288 unum
2039 5236 2194 5290 nobis

608 5328 884 5382 Christum
920 5335 975 5381 et
1005 5327 1287 5381 Dominum
1329 5341 1451 5382 esse
1472 5325 1870 5396 pronuntiem?
1897 5327 1980 5381 An
2028 5327 2186 5398 igno—

647 5485 723 5516 -⁸⁶
755 5481 910 5536 Joau.
939 5497 1018 5546 ιιι,
1062 5483 1144 5538 l6.
1220 5484 1266 5516 "
1293 5482 1448 5538 ιῐυίιιιι
1482 5499 1589 5550 XIV,
1618 5485 1671 5541 9-

1749 5483 1796 5516 ³⁸
1822 5480 1981 5538 Joan.
2014 5498 2150 5553 xvn,
2180 5483 2236 5538 5.

2291 4621 2376 4668 τις
2408 4604 2568 4668 εύοὺς
2603 4607 2924 4677 ὲπισκήψειε
2949 4625 2962 4638 ·
2992 4609 3056 4660 Τί
3086 4609 3240 4678 δρᾷς,
3268 4603 3312 4662 ὦ
3349 4603 3540 4674 οῦτοςς
3573 4610 3769 4678 λέγων’
3799 4605 3890 4675 εἷς

2296 4714 2397 4748 που
2430 4696 2644 4760 πάντως
2672 4697 2958 4768 ἄνθρωπός
2997 4701 3144 4752 ἐστιν
3173 4701 3201 4752 ό
3235 4700 3472 4772 κρατῶν.
3509 4701 3612 4754 κᾶν
3639 4705 3700 4754 ἐκ
3733 4701 3886 4754 δυοῖν

2295 4787 2468 4858 ὁρῷτο
2501 4790 2879 4860 συγκείμενος,
2903 4791 3084 4862 ψυχῆς
3115 4791 3178 4863 δὴ
3226 4791 3367 4860 λέγω
3397 4793 3491 4845 καὶ
3519 4792 3785 4863 σώματος.
3816 4795 3890 4847 Τί

2295 4879 2475 4932 τοίνυν
2508 4882 2641 4950 ἡμῖν
2679 4882 2800 4950 είκῆ
2834 4882 3204 4952 βατταρίζεις,
3251 4882 3518 4953 φοροῦντα
3550 4884 3644 4936 καὶ
3680 4885 3889 4954 φορού-

2300 4987 2482 5040 μενον,
2515 4973 2900 5043 κεκρυμμένον
2938 4975 3032 5027 xa‘t
3074 4975 3401 5044 φαινόμενον
3435 4975 3737 5045 ὀνομάζων,
3783 4978 3892 5029 καὶ

2295 5061 2372 5124 ὡς
2403 5061 2589 5133 ἕτερον
2620 5065 2791 5135 ἑτέρῳ
2837 5068 3280 5136 συμπροσκυνεῑν
3322 5065 3620 5135 ὁμολογῶν,
3666 5067 3756 5120 καὶ
3787 5068 3888 5120 τόν

2296 5153 2398 5223 τῆς
2451 5155 2697 5218 ὲνώσεως
2747 5157 3032 5227 ἀτιμάζων
3089 5159 3325 5229 τρόπον;
3382 5157 3479 5210 ἕνα
3515 5159 3750 5228 Χριστὸν
3790 5162 3898 5213 καὶ

2300 5243 2504 5314 Κύριον
2535 5247 2944 5317 ἁποιραινούσης
2971 5249 3101 5318 ἡμῖν
3129 5248 3226 5318 τῆς
3250 5246 3609 5301 θεοπνεύστου
3635 5248 3894 5319 Γραφῆς,

2295 5332 2387 5384 τὸν
2422 5334 2485 5385 ἐκ
2514 5333 2650 5386 Θεοῦ
2683 5334 2897 5404 Πατρός
2926 5335 3097 5405 Λόγον
3134 5337 3276 5406 μετὰ
3305 5334 3399 5389 τοῦ
3431 5336 3563 5389 ἰδίου
3594 5337 3893 5407 σώματοςς

1895 5640 2059 5698 ΑΝΤ.
2095 5638 2368 5696 ACELLII
2407 5638 2643 5696 NOTAE.

691 5804 808 5879 (l5)
838 5802 1140 5877 Legendum
1173 5807 1266 5864 καὶ
1307 5805 1340 5876 ἡ
1375 5803 1497 5876 μέν.
1535 5802 1625 5861 Sic
1659 5802 1793 5860 dixit
1833 5816 1954 5873 pag.
1993 5801 2084 5873 48,
2113 5821 2174 5858 κα

2304 5799 2403 5870 μὲν
2427 5797 2537 5854 τῶν
2570 5769 2856 5868 δογμάτων
2885 5795 3022 5869 ὀρθή
3058 5812 3142 5851 τι.
