4150 6450
338 431 451 486 105

1458 427 1827 483 ADVERSUS
1866 425 2266 483 NESTORIUM
2307 426 2436 479 LIB.
2481 426 2544 480 ll.

3506 419 3606 476 106

338 546 414 598 Ἱι
445 544 551 598 οὐκ
581 539 744 600 οἶσθα
772 547 858 601 ὅτι
905 545 1271 617 τεθεράπευγε
1312 546 1410 616 μὲν
1450 548 1508 599 ἐν
1542 545 1930 618 Ἰεροσολύμοις

2055 563 2126 602 'as
2159 556 2214 600 ut
2249 546 2320 599 illi
2360 561 2388 598 a
2422 545 2702 599 nativitate
2747 558 2888 599 caeco
2923 542 3303 613 Hierosolymis
3345 557 3372 594 a
3421 555 3477 592 se
3511 554 3607 590 cu-

337 638 434 689 τὸν
472 638 539 689 ἐκ
586 639 820 709 γενετῆς
866 624 1086 708 τυφλὸν,
1118 633 1237 691 εἶτα
1279 638 1468 691 τοῦτον
1521 637 1696 708 εὑρὼν
1756 639 1813 690 ἐν
1857 636 1935 706 τῷ

339 728 503 800 ἱερῷ,
541 728 776 799 βεϐαίαν
814 730 965 801 αὐτῷ
1005 729 1098 783 καὶ
1142 730 1433 799 ἱδρυμένην
1459 728 1677 798 ἐνετίθη
1700 728 1800 797 τὴν
1842 728 1935 781 πί-

2039 649 2195 701 rato,
2247 652 2367 691 cum
2426 645 2610 705 postea
2677 637 2847 702 ipsum
2915 637 3207 689 invenisset
3266 633 3316 686 in
3369 630 3607 698 templo,

2039 727 2247 779 nrtnam
2274 737 2327 778 et
2361 726 2607 780 stabilem
2659 726 2911 779 indiderit
2957 726 3113 778 fidem
3142 724 3167 777 ?
3198 739 3318 776 nam
3346 723 3608 775 accedens

347 836 504 883 01w;
541 821 715 891 ἤρετο
753 820 865 889 γὰρ
895 818 1230 891 προσελθὼν,
1269 838 1287 870 α
1317 820 1389 873 Σὺ
1422 819 1700 882 πιστεύεις
1727 821 1806 881 είς
1845 817 1937 871 τὸν

2055 817 2244 886 'ogavit
2279 834 2293 870 :
2325 834 2344 866 ί
2376 816 2452 869 Tu
2488 817 2663 870 credis
2687 817 2739 871 in
2773 817 2964 870 Filium
2992 816 3082 869 Dei
3105 814 3206 868 ?ad
3236 818 3346 868 ltmc
3374 814 3466 866 illo
3492 812 3607 865 cla-

356 910 480 962 Υἱὸν
513 910 614 963 τοῦ
636 910 778 964 Θεοῦ
807 928 821 975 ;
864 913 959 963 καὶ
987 911 1119 980 πρός
1138 926 1198 978 γε
1231 909 1391 963 ταυτὶ
1431 909 1763 981 κεκραγότος
1796 911 1938 962 ἐκεί-

348 1020 439 1055 νου
464 1019 479 1033 ’
510 1003 617 1064 Τίς
635 1004 778 1066 ἐστι,
802 1000 997 1071 Κύριε,
1027 1002 1116 1055 ῖνα
1143 999 1421 1054 πιστεύσω
1454 1001 1533 1064 είς
1568 1000 1763 1065 αὐτόν;
1793 1018 1811 1049 ι
1833 997 1936 1068 ἔφη

353 1093 519 1147 πάλιν
552 1093 721 1156 αὑτός
744 1110 755 1125 -
804 1111 824 1143 ι
863 1094 975 1145 Καὶ
1024 1091 1276 1162 ἑώρακας
1331 1091 1514 1155 αὑτὸν,
1547 1090 1643 1143 καὶ
1687 1090 1717 1142 6
1763 1088 1939 1143 λαλῶν

352 1184 495 1253 μετὰ
526 1181 647 1243 σοῦ,
684 1182 894 1242 ἐκεῖνός
932 1184 1103 1235 ἐστιν.
1133 1199 1150 1232 ι
1189 1180 1352 1251 Ὁρᾷς
1398 1180 1568 1242 ὅπως,
1607 1179 1668 1231 οὐ
1710 1177 1800 1231 τὸν
1845 1194 1941 1247 φο-

353 1272 555 1342 ροῦντα
596 1270 860 1341 δέδειχεν,
890 1271 951 1324 οὐ
989 1272 1081 1324 τὸν
1119 1270 1229 1333 ἔσω
1276 1268 1680 1340 κεκρυμμένον,
1720 1266 1835 1321 ἀλλ’
1863 1267 1939 1331 ὡς

347 1365 448 1416 ἕνα
478 1361 683 1433 μᾶλλον
712 1361 905 1415 ἐαυτὸν
936 1362 1075 1432 μετὰ
1099 1362 1198 1431 τῆς
1230 1361 1430 1433 σαρκός
1453 1377 1466 1390 ·
1503 1361 1597 1413 καὶ
1634 1358 1766 1428 γοῦν
1797 1361 1825 1413 6
1852 1375 1940 1411 σο-

347 1454 450 1520 φὸς
483 1454 765 1523 Ἰωάννης,
785 1474 801 1504 ι
820 1455 885 1506 Ὀ
908 1449 977 1525 ἦν
1006 1455 1100 1507 ἀπ’
1118 1454 1316 1527 ἀρχῆς,
1348 1451 1532 1522 φησὶν,
1549 1452 1578 1504 6
1599 1450 1938 1519 ἀκηκόαμεν,

343 1547 375 1599 ὃ
406 1547 748 1616 ἑωράκαμεν
780 1548 894 1609 τοῖς
936 1545 1235 1616 ὀφθαλμοῖς
1290 1544 1469 1615 ἡμῶν,
1509 1544 1537 1598 6
1570 1542 1938 1614 ἐθεασάμεθα,

343 1638 445 1691 καὶ
474 1638 534 1689 αἱ
561 1638 749 1706 χεῖρες
777 1635 939 1705 ἡμῶν
969 1634 1330 1705 ἐψηλάφησαν
1366 1634 1493 1705 περὶ
1516 1633 1609 1686 τοῦ
1635 1633 1809 1700 Λόγου
1837 1631 1939 1701 τῆς

346 1730 518 1797 ζωῆς.
550 1747 570 1778 ι
611 1729 811 1782 Καίτοι
845 1728 908 1780 τὸ
941 1727 1092 1781 Θεῖόν
1124 1729 1271 1782 ἐστιν
1306 1726 1533 1796 ἀναφὲς,
1560 1724 1695 1779 ἀλλὰ
1715 1722 1938 1792 γέγονεν

350 1821 519 1884 ἁπτὸς
550 1822 579 1873 6
607 1819 808 1887 Λόγος,
843 1818 921 1882 ὡς
965 1818 1057 1872 διὰ
1100 1820 1200 1890 τῆς
1247 1818 1385 1881 ἰδίας
1431 1816 1664 1889 σαρκός·
1708 1817 1938 1887 ἀόρατος

347 1912 497 1966 κατὰ
526 1911 720 1981 φύσιν,
757 1910 871 1963 ἀλλ’
900 1907 968 1980 ἢν
998 1886 1247 1982 ἐμφανὴς
1273 1911 1362 1964 διὰ
1387 1886 1657 1982 σώματος.
1686 1911 1759 1963 Σὺ
1778 1886 1841 1963 6's
1876 1892 1953 1979 δὴν
1974 1886 2016 1945 Β

352 2009 516 2063 πάλιν
543 2005 759 2073 διῖστᾷς
782 2001 1111 2071 ὁλοτρόπως,
1139 2003 1234 2055 καὶ
1260 1998 1601 2074 κατασοφίζῃ
1628 2001 1692 2053 τὸ
1726 2000 1945 2071 ἀληθὲς,

350 2102 451 2164 τὰς
479 2099 582 2170 μὲν
611 2095 814 2166 φύσεις
838 2094 1107 2165 χωρίζων,
1132 2092 1268 2146 ἐνῶν
1296 2091 1373 2154 δὲ,
1398 2092 1473 2155 ὡς
1504 2090 1628 2162 φὴς,
1658 2090 1755 2160 τὴν
1780 2106 1950 2161 προσ-

358 2192 604 2263 κύνησιν.
654 2190 799 2242 Ἀλλ’
842 2190 891 2240 εἰ
932 2186 1186 2257 χωρίζεις
1224 2182 1324 2246 τὰς
1353 2183 1572 2249 φύσεις,
1614 2196 1946 2248 συναποφοι-

366 2288 576 2354 τήσειεν
608 2284 677 2336 ἂν
721 2282 916 2342 αὑταῖς
961 2277 1055 2330 καὶ
1098 2277 1166 2328 τά
1216 2272 1483 2344 ἑκατέρας
1518 2272 1625 2326 ἴδια
1660 2269 1937 2339 φυσικῶς·

362 2374 616 2441 ἐλάσειδέ
653 2370 906 2442 διαμπάξ
937 2368 1035 2436 τῆς
1060 2365 1321 2437 διαφορᾶς
1353 2365 1380 2416 6
1416 2363 1572 2431 λόγος
1592 2379 1607 2395 ’
1635 2361 1728 2414 δύο
1756 2361 1820 2431 δὴ
1850 2357 1943 2414 οὖν

357 2463 835 2539 ὁμολογουμένως.
858 2459 1008 2529 Πλὴν
1042 2456 1286 2528 ἐρομένῳ
1314 2455 1547 2525 φράσονο
1570 2453 1634 2505 Τί
1650 2453 1711 2506 τὸ
1740 2453 1950 2506 διῖστὰν

356 2558 610 2629 ἀλλήλων
641 2554 743 2617 τὰς
774 2551 989 2619 φύσεις,
1032 2551 1126 2601 καὶ
1153 2548 1253 2615 τῆς
1280 2545 1547 2615 διαφορᾶς
1576 2544 1660 2607 τίς
1699 2543 1766 2595 ἂν
1806 2542 1893 2611 εἴη
1923 2544 1952 2594 6

350 2651 594 2719 79636;;
629 2645 773 2700 ’Δλλ’
801 2646 947 2715 ἐρεῖς
980 2659 1085 2694 που
1108 2640 1341 2703 πάντως,
1365 2638 1440 2701 ὡς
1470 2637 1655 2707 ἕτερον
1679 2635 1778 2706 μὲν
1809 2634 1953 2688 κατὰ

353 2738 525 2809 φύσιν
575 2736 899 2808 ἄνθρωπος,
954 2734 1122 2803 ἤγουν
1174 2726 1565 2799 ἁνθρωπότηςο
1626 2725 1815 2794 ἕτερον
1869 2722 1949 2785 δὲ,

348 2832 511 2895 Θεὸς,
550 2830 679 2899 ἦτοι
709 2826 937 2895 θεότης·
968 2823 1064 2876 καὶ
1103 2823 1136 2891 ἠ
1171 2821 1290 2890 μὲν,
1331 2816 1679 2887 ἀσυγκρίτως
1714 2814 1950 2885 θατέροις

355 2920 770 2992 ὑπερηρμένη’
824 2915 992 2987 μείων
1025 2930 1089 2984 γε
1128 2912 1233 2982 μὴν
1278 2909 1458 2979 ἐκείνη
1513 2906 1785 2966 τοσοῦτον,
1827 2907 1951 2958 ὅσον

360 3014 655 3084 ἄνθρωπος
685 3009 844 3062 Θεοῦ.
868 3007 994 3070 Πῶς
1024 3001 1137 3065 οὖν,
1165 3002 1285 3055 είπέ
1312 3017 1424 3070 μοι,
1457 3001 1556 3069 μιᾷ
1584 2996 1952 3069 προσκυνήσει

358 3106 526 3175 τιμᾷν
564 3103 741 3167 άξιοῖς
773 3098 843 3152 τὰ
868 3097 1042 3159 οὕτως
1072 3094 1321 3163 ἀλλήλοις
1354 3089 1640 3159 ἀνισοφυῆ,
1676 3089 1771 3141 καὶ.
1808 3086 1952 3141 κατὰ

356 3195 447 3248 τὸν
480 3192 582 3245 τοῦ
620 3190 744 3253 πῶς
774 3186 913 3242 εἶναι
959 3186 1138 3253 λόγον,
1177 3181 1532 3254 ἁσυγκρίτοις
1569 3180 1849 3250 διαφοραῖς
1875 3176 1953 3230 δι-

354 3283 755 3359 εσχοινισμένα
779 3300 795 3348 ;
819 3277 968 3351 ’Δρα
998 3279 1107 3348 γὰρ
1139 3276 1292 3344 ἵππῳ
1330 3272 1575 3341 περιθεὶς
1605 3270 1706 3339 τὴν
1740 3267 1950 3337 ἀνθρώ-

356 3395 465 3432 mu
501 3376 691 3443 δόξαν,
718 3372 931 3443 ἐργάσῃ
963 3387 1015 3421 τι
1068 3367 1177 3420 τῶν
1209 3363 1648 3433 ἐπαινουμένων;
1686 3362 1719 3432 ἢ
1752 3359 1950 3430 μᾶλλον

355 3468 639 3539 ἐξυϐριεῖς
668 3465 733 3517 τὸ
764 3459 1121 3531 ὑπρτεροῦν,
1147 3452 1471 3525 κατασύρων
1501 3455 1580 3516 εἰς
1606 3450 1666 3503 τὸ
1696 3450 1951 3511 δυσκλεὲς

355 3558 460 3628 τήν
484 3555 707 3627 ἀμείνω
728 3553 925 3623 φύσιν;
960 3550 1097 3603 Ἀλλ’
1128 3546 1424 3617 ἐξηύρηταί
1450 3562 1501 3597 τι
1530 3543 1690 3612 σοφὸν
1717 3544 1797 3601 εἰς
1821 3544 1952 3594 ἀπο-

356 3648 553 3717 λογίαν
580 3644 753 3715 αὐτῷ.
788 3643 1139 3715 Προσεπάγει
1173 3640 1282 3708 γάρ
1304 3658 1316 3668 -

434 3820 562 3893 [υῦ
595 3816 721 3871 καθ’
761 3816 925 3870 ἐαυτὸ
954 3800 1085 3876 Θεὸς
1112 3813 1173 3865 τὸ
1208 3811 1446 3865 πλασθὲν
1487 3810 1579 3861 ἐπὶ
1611 3812 1822 3879 μήτρας
1843 3824 1855 3835 ·
1891 3809 1950 3859 οὐ

358 3910 492 3966 καθ’
529 3908 700 3973 sagati.
746 3906 881 3969 Θεὸς
913 3905 973 3957 τὸ
1014 3903 1251 3956 πλασθὲν
1286 3903 1347 3953 ἐκ
1381 3901 1477 3952 τοῦ
1516 3900 1857 3969 Πνεύματοςο
1892 3899 1952 3950 οὐ

355 3999 490 4055 καθ’
516 3998 690 4051 ἐαυτὸ
718 3996 852 4058 Θεὸς
891 3996 953 4047 τὸ
989 3994 1157 4061 ταφέν
1196 3993 1288 4042 ἐπὶ
1329 3992 1636 4061 μνήματος
1679 3988 1820 4040 οὕτω
1848 3988 1954 4057 γὰρ

365 4094 430 4146 ἂν
466 4086 622 4161 ἦμεν
673 4086 1151 4158 άνθρωπολάτραι,
1201 4084 1296 4135 καὶ
1328 4082 1684 4153 νεκρολάτραι
1743 4082 1954 4148 σαφεῖς.

377 4182 518 4235 Ἀλλ’
545 4178 855 4248 ἐπειδήπερ
886 4178 944 4229 ἐν
974 4176 1054 4244 τῷ
1084 4173 1341 4243 ληφθέντι
1380 4173 1530 4234 Θεὸς,
1557 4174 1619 4222 ἐκ
1637 4170 1730 4222 τοῦ
1763 4169 1957 4223 λαϐόν-

366 4290 455 4336 τος
484 4273 516 4323 6
543 4269 806 4341 ληφθεὶς,
839 4269 915 4332 ὡς
940 4268 1019 4336 τῷ
1048 4266 1266 4321 λαϐόντι
1301 4264 1594 4332 συναφθεὶς
1637 4279 1959 4332 συγχρημα-

359 4365 505 4430 τίζει
534 4359 728 4432 Θεὸ;.]

974 4493 1222 4546 ΚΕΦΑΛ.
1269 4492 1368 4543 IB’.

451 4630 591 4685 Ἰδοὺ
632 4629 699 4701 δὴ
743 4628 906 4682 πάλιν
948 4629 1083 4698 ἡμῖν
1115 4630 1143 4679 6
1185 4628 1283 4698 τὴν
1332 4631 1628 4694 συνάφειαν
1681 4626 1958 4695 ὀνομάζων

362 4722 683 4794 πανταχοῦ,
718 4723 815 4775 καὶ
847 4722 914 4774 τὰ
950 4721 1050 4790 τῆς
1096 4719 1608 4791 ἁνθρωπολατρείας
1638 4716 1961 4789 ἐγκλήματα

362 4813 587 4877 δεδιὼς,
634 4811 752 4882 ἥλω
786 4808 1027 4878 γεγονὼς
1062 4808 1521 4879 ἀνθρωπολάτρης
1542 4824 1554 4836 ·
1600 4810 1693 4860 καὶ
1720 4811 1831 4870 τοῖς
1863 4808 1962 4877 τῆς

366 4904 575 4961 ἑαυτοῦ
606 4901 934 4963 δυσϐουλίας
978 4900 1259 4969 ἐνίσχηται
1291 4900 1535 4970 βρόχοις,
1578 4902 1671 4951 καὶ
1701 4896 1962 4967 καταφω-

369 5001 541 5070 ρᾶται
569 4994 761 5047 πεσὼν
790 4995 870 5056 εἰς
895 4992 1152 5062 ἀδόκιμον
1178 4992 1323 5044 νοῦν.
1361 4994 1433 5044 Τὸ
1461 4992 1569 5063 γάρ
1601 5009 1683 5043 σοι
1716 4992 1846 5064 [τοι]
1882 5010 1966 5045 τε-

368 5090 503 5161 χθὲν
524 5090 595 5140 ἐκ
623 5087 862 5156 μήτρας,
883 5085 946 5135 οὐ
983 5082 1474 5153 καθ⁹ἐαυτὸ,φησ“ι,
1508 5083 1659 5145 θεὸς.
1705 5084 1790 5145 Ὠς
1827 5084 1967 5151 ἄγα-

348 5178 478 5251 ’μαι
516 5195 583 5231 σε
613 5177 716 5246 τῆς
751 5174 1058 5245 ἀγχινοίας,
1086 5175 1179 5226 καὶ
1208 5176 1404 5244 φρενὸς
1429 5174 1525 5243 τῆς
1556 5173 1697 5226 οὓτω
1727 5174 1931 5242 λεπτῆς
1950 5190 1964 5204 ·

370 5273 459 5334 τίς
517 5269 635 5338 γάρ
675 5266 832 5329 ὅλως·
862 5267 892 5318 6
951 5263 1112 5317 τοῦτο
1164 5265 1331 5332 φάναι
1384 5263 1775 5334 τεθαρσηκώςς
1820 5266 1970 5337 ἢτίς

370 5362 681 5430 ἠγνόηκεν,
708 5356 794 5411 ὅτι
824 5356 887 5409 τὸ
925 5357 1323 5427 γεγεννημένον
1353 5358 1418 5409 ἐκ
1454 5357 1552 5426 τῆς
1581 5358 1804 5426 σαρκὸς,
1838 5357 1973 5425 σάρξ

373 5456 568 5514 ictu;
611 5449 753 5501 Ἀλλ’
785 5444 856 5517 ἦν
884 5448 989 5500 ἰδία
1018 5446 1114 5500 τοῦ
1138 5448 1343 5516 Λόγουο
1378 5449 1471 5500 καὶ
1506 5443 1588 5511 εἷς
1616 5452 1817 5502 νοεῖται
1855 5438 1973 5517 μετ’

375 5542 580 5611 αὐτῆς,
611 5539 869 5610 καθάπερ
901 5538 1098 5609 ἀμέλει
1134 5537 1445 5607 φθάσαντες
1503 5539 1750 5609 εἴπομεν,
1798 5541 1891 5593 καὶ⁵
1939 5542 1972 5612 ἡ

376 5633 475 5686 τοῦ
505 5630 801 5701 ἀνθρώπου
822 5629 971 5701 ψυχὴ
1001 5630 1139 5698 μετὰ
1166 5628 1261 5682 τοῦ
1287 5630 1417 5682 ίδίου
1445 5627 1717 5701 σώματος.
1735 5625 1861 5703 'Ap‘
1878 5627 1975 5684 οὖν

453 5815 504 5847 ⁸⁹
532 5813 692 5867 Joan.
750 5828 825 5873 Ix.
870 5810 1068 5864 55-39.
1146 5809 1192 5841 ⁶⁰
1221 5809 1240 5862 l
1266 5806 1424 5864 Joan.
1458 5826 1496 5873 ι,
1536 5809 1585 5862 l.

753 5905 1033 5963 PATROL.
1069 5905 1184 5961 Gtt.
1226 5901 1475 5961 LXXVI.
1528 5912 1537 5919 '
1599 5926 1607 5951 ε

2040 918 2219 962 mante
2254 909 2425 975 :Qnis
2474 915 2577 973 est,
2616 908 2873 974 Domine,
2911 917 2969 962 ut
3011 909 3225 962 credam
3277 908 3327 959 in
3372 920 3492 958 emn
3523 904 3547 956 ἲ
3582 924 3600 955 ο

2039 1000 2173 1054 dixit
2206 1001 2317 1068 ipse
2354 1015 2537 1054 rursus
2571 1019 2583 1055 :
2623 1019 2641 1051 ι
2677 1000 2737 1053 Et
2764 1000 2939 1054 vidisti
2973 1014 3094 1053 eum
3118 1040 3132 1062 ,
3169 1009 3222 1052 et
3256 998 3344 1067 qui
3376 998 3610 1064 loquitur

2041 1097 2215 1142 tecum
2244 1089 2355 1158 ipse
2393 1099 2475 1143 est
2503 1089 2573 1143 ⁸⁸.
2621 1107 2641 1141 ›
2682 1088 2842 1143 Vides
2860 1089 3128 1157 quomodo
3159 1104 3263 1141 non
3295 1098 3610 1157 gestantem,

2041 1194 2145 1233 non
2200 1180 2343 1235 intus
2371 1179 2658 1245 latentem,
2688 1181 2782 1234 sed
2830 1194 2950 1233 sese
3002 1195 3119 1233 cum
3165 1194 3328 1233 carne
3359 1189 3609 1245 tanquam

2042 1286 2207 1325 unmn
2242 1272 2592 1326 ostenderit?
2622 1272 2782 1328 Certe
2828 1273 3014 1327 beatus
3066 1270 3343 1326 Joannes:
3396 1291 3414 1324 ι
3458 1271 3609 1337 Quod

2044 1360 2144 1415 fuit
2168 1363 2237 1416 ab
2267 1363 2439 1429 initio,
2475 1363 2669 1432 inquit,
2701 1362 2841 1432 quod
2867 1364 3185 1426 audivimus,
3217 1362 3358 1431 quod
3382 1363 3613 1415 vidimus

2040 1454 2210 1507 oculis
2243 1454 2444 1508 nostris
2466 1492 2481 1519 ,
2504 1458 2644 1523 quod
2671 1455 3043 1523 perspeximus
3062 1491 3076 1517 ,
3099 1462 3153 1508 et
3191 1468 3378 1506 manus
3415 1462 3610 1505 nostrm

2041 1555 2514 1599 contreclaverunt
2536 1547 2600 1600 de
2618 1545 2793 1600 Verbo
2816 1545 2936 1599 vitae
2953 1545 3018 1597 ⁸ο.
3051 1565 3069 1596 ο
3091 1546 3247 1612 Atqui
3267 1545 3516 1597 divinitas
3535 1554 3614 1596 est

2042 1636 2403 1690 intractabilis
2423 1679 2438 1702 ,
2464 1636 2556 1690 sed
2583 1634 2810 1690 Verbum
2834 1652 2942 1690 sua:
2969 1636 3146 1690 carnis
3184 1636 3387 1688 ratione
3414 1644 3614 1688 tracta-

2044 1725 2146 1778 bile
2168 1724 2365 1779 l'actum
2391 1738 2505 1781 est:
2537 1726 2801 1781 invisibile
2822 1729 3035 1796 quidem
3060 1735 3173 1781 erat
3199 1727 3487 1780 secundum
3520 1743 3617 1779 na-

2044 1824 2218 1868 turam
2243 1857 2257 1881 ,
2288 1816 2381 1870 sed
2404 1817 2696 1886 spectabile
2721 1833 2816 1887 per
2848 1833 3062 1887 corpus.
3098 1819 3163 1871 At
3193 1833 3318 1872 vero
3344 1828 3395 1871 tu
3430 1827 3613 1869 contra

2052 1907 2336 1978 distinguis
2387 1910 2634 1971 omnino,
2666 1920 2718 1963 et
2774 1912 3055 1963 veritatem
3107 1909 3216 1963 tuis
3275 1909 3617 1977 sophismatis

2051 1998 2247 2060 cludis,
2284 2011 2340 2052 ιιι
2368 2015 2624 2055 secernas
2656 2012 2871 2055 naturas
2893 2043 2909 2067 ,
2945 2011 2997 2056 et
3027 2003 3203 2067 unias,
3232 2010 3289 2053 ut
3312 2000 3423 2067 ipse
3469 2016 3617 2053 asse-

2052 2095 2148 2158 ris,
2176 2094 2565 2148 adorationem.
2600 2094 2703 2149 Sed
2729 2097 2772 2150 si
2802 2096 2997 2150 dividis
3028 2106 3277 2158 naturas,
3304 2095 3461 2148 simul
3490 2111 3609 2146 cum

2052 2185 2159 2239 illis
2211 2185 2489 2238 discedent
2531 2188 2690 2241 etiam
2726 2201 2845 2254 quae
2884 2187 3098 2254 utrique
3129 2195 3253 2239 sunt
3302 2186 3619 2238 naturaliter

2040 2270 2267 2347 propria
2299 2293 2312 2339 ;
2352 2277 2563 2331 recedet
2591 2278 2750 2331 etiam
2780 2277 2835 2331 in
2859 2277 3167 2330 universum
3202 2276 3337 2329 ratio
3367 2275 3618 2329 differen-

2054 2366 2183 2418 tim:
2221 2365 2326 2419 duo
2380 2375 2537 2420 erunt
2592 2367 2755 2433 igitur
2804 2368 2989 2437 procul
3043 2368 3223 2421 dubio.
3280 2365 3385 2422 Sed
3443 2379 3617 2421 tamen

2052 2455 2259 2523 explica
2302 2457 2461 2517 mihi,
2507 2473 2707 2526 quteso,
2759 2460 2886 2527 quid
2938 2458 3066 2513 illud
3099 2459 3170 2512 sit
3212 2459 3351 2528 quod
3400 2471 3620 2513 naturas

2052 2544 2195 2597 inter
2222 2560 2280 2599 se
2316 2546 2517 2612 divisit,
2561 2546 2680 2614 quis
2720 2547 2847 2619 itc’m
2884 2546 3201 2602 dill‘erentire
3251 2551 3459 2603 modus.
3514 2549 3618 2601 Sed

2053 2636 2197 2691 dices
2222 2638 2464 2699 omnino,
2496 2637 2640 2691 aliud
2678 2654 2799 2693 esse
2830 2656 2892 2693 ex
2937 2640 3049 2708 ipsa
3092 2651 3280 2693 natura
3324 2641 3617 2698 hominem.

2052 2740 2147 2780 seu
2188 2728 2608 2792 humanitatem,
2634 2730 2792 2783 'aliud
2835 2730 3036 2794 Deum,
3080 2733 3193 2785 sive
3237 2732 3571 2789 divinitatem
3605 2750 3618 2795 ;

2052 2813 2161 2884 58
2198 2826 2250 2869 et
2293 2818 2429 2871 hanc
2491 2818 2706 2887 quidem
2754 2836 2877 2874 esse
2913 2822 3077 2874 altera
3135 2823 3623 2892 incomparabiliter

2052 2906 2419 2973 superiorem,
2448 2906 2590 2960 illam
2649 2924 2838 2963 rursus
2894 2918 3044 2963 tanto
3088 2914 3385 2974 minorem,
3426 2925 3625 2981 quanto

2050 2995 2122 3048 sit
2161 2996 2320 3048 homo
2349 2996 2456 3050 Deo
2509 2996 2748 3051 inferior.
2801 2998 3081 3063 Quomodo
3118 3001 3306 3069 igitur,
3341 3004 3427 3055 die
3470 3004 3622 3068 mihi,

2052 3102 2156 3140 una
2183 3088 2496 3142 adoratione
2526 3099 2683 3158 putas
2710 3091 3041 3157 honoranda,
3079 3106 3197 3159 qua:
3237 3092 3375 3145 inter
3401 3108 3459 3146 se
3489 3094 3624 3146 adeo

2054 3188 2181 3234 sunt
2239 3179 2485 3248 intequali
2529 3191 2749 3244 natura,
2803 3191 2857 3235 ct
2906 3184 3189 3255 essentite
3227 3184 3433 3238 ratione
3492 3185 3624 3239 adeo

2055 3271 2281 3326 diversis
2304 3269 2618 3327 differentiis
2652 3272 2901 3342 abjuncta
2930 3274 2953 3328 ?
2987 3277 3063 3328 An
3090 3291 3215 3329 vero
3237 3277 3279 3330 si
3308 3289 3625 3331 ornamenta

2052 3363 2288 3416 hominis
2326 3376 2464 3432 equo
2497 3364 2895 3433 circumponas,
2931 3366 3223 3437 quidquatn
3263 3366 3458 3421 ell'ieies
3480 3373 3621 3437 quod

2055 3454 2127 3507 illi
2162 3453 2375 3508 laudent
2415 3454 2651 3509 alferat?
2694 3473 2759 3509 an
2794 3458 2970 3525 potius
2999 3457 3126 3511 illud
3166 3458 3514 3512 excellentius
3540 3459 3624 3511 af-

2055 3546 2204 3599 ﬁcies
2237 3545 2428 3613 injuria
2449 3591 2464 3611 ,
2488 3561 2609 3600 cum
2644 3549 3067 3616 prtestanliorem
3102 3560 3346 3602 naturam
3397 3551 3447 3602 in
3477 3551 3628 3621 igno-

2056 3636 2276 3689 miniam
2316 3638 2568 3691 detrahas
2599 3638 2747 3692 ?Sed
2773 3649 2987 3693 acutum
3013 3640 3266 3709 quiddam
3296 3644 3361 3693 ad
3406 3656 3629 3710 respon-

2057 3730 2288 3783 dendum
2316 3729 2516 3783 invenit
2547 3748 2563 3796 -,
2600 3732 2746 3783 addit
2779 3732 2921 3784 enim
2949 3748 2962 3782 :
3186 3782 3191 3791 ,

2131 3815 2393 3886 [Νεετοιι.
2435 3817 2551 3872 Non
2579 3828 2659 3871 est
2707 3834 2801 3887 per
2852 3835 2910 3874 se
2946 3820 3083 3875 Deus
3106 3821 3247 3889 quod
3282 3829 3363 3873 est
3395 3821 3444 3873 in
3481 3830 3634 3873 utero

2059 3905 2348 3961 formatum
2390 3925 2406 3970 ;
2445 3924 2547 3962 non
2573 3920 2652 3962 est
2678 3926 2770 3977 per
2809 3924 2867 3964 se
2903 3911 3039 3964 Deus
3069 3913 3207 3978 quod
3237 3920 3317 3964 est
3343 3911 3629 3963 formatum

2060 4014 2088 4051 a
2117 3999 2318 4067 Spiritu
2354 4017 2367 4052 :
2400 4015 2504 4052 non
2535 4010 2616 4054 est
2662 4017 2755 4066 per
2794 4020 2850 4053 se
2893 4004 3031 4056 Deus
3073 4003 3214 4071 quod
3247 4002 3511 4067 sepultmn
3552 4012 3635 4056 est

2062 4089 2113 4141 in
2166 4102 2543 4153 monumento,
2611 4092 2806 4158 alioqui
2859 4108 3101 4147 essemus
3162 4092 3527 4156 liOllliltiCOitc,
3582 4109 3636 4148 et

2062 4178 2442 4231 cadavericola:
2492 4181 2786 4234 manifesti.
2838 4181 2941 4236 Sed
2979 4183 3105 4251 quia
3138 4191 3218 4236 est
3265 4183 3316 4235 in
3361 4195 3636 4251 assumpto

2061 4268 2241 4334 Deus,
2280 4286 2342 4324 ex
2370 4268 2681 4324 assumente
2732 4273 2820 4340 qui
2864 4283 2943 4326 est
2999 4285 3338 4341 assumptus.
3382 4283 3633 4341 tanquam

2063 4361 2358 4413 assumenti
2384 4359 2724 4427 coniunctus,
2759 4363 2915 4416 simul
2939 4364 3236 4431 appellatur
3277 4366 3433 4417 Dens.
3467 4362 3481 4436 Ι

2700 4496 2850 4549 CAP.
2881 4493 2992 4548 Xll.

2143 4630 2275 4684 Ecce
2304 4628 2414 4698 jam
2442 4638 2650 4684 rursum
2681 4632 2837 4685 nobis
2863 4632 2950 4699 qui
2974 4631 3403 4699 c0njnnctionem
3439 4630 3637 4699 ubique

2066 4719 2337 4785 nominat,
2387 4730 2441 4775 et
2500 4721 2730 4774 hominis
2782 4721 2989 4774 colendi
3041 4720 3242 4773 crimen
3300 4719 3635 4782 reformidat,

2070 4802 2388 4865 liuminicola
2421 4826 2539 4866 esse
2563 4813 2921 4877 convincitur,
2961 4827 3176 4881 sumque
3221 4813 3397 4882 impia:
3430 4814 3636 4883 rogita.-

2071 4902 2231 4955 tionis
2285 4903 2491 4971 laqueis
2548 4903 2851 4971 implicatus
2883 4913 3130 4967 tenetur,
3168 4914 3216 4958 et
3244 4905 3295 4956 in
3337 4904 3636 4973 improbum

2070 5008 2286 5048 sensum
2314 4996 2490 5062 lapsus
2514 4995 2927 5061 deprehenditur
2957 5011 2970 5047 :
3005 5011 3125 5048 nam
3155 4996 3206 5049 id
3228 4997 3368 5066 quod
3396 5011 3461 5049 ex
3488 5006 3640 5049 utero

2076 5095 2159 5138 est
2186 5085 2419 5147 editum,
2451 5084 2657 5154 inquit,
2702 5102 2805 5140 non
2854 5103 2948 5156 per
2977 5102 3037 5141 se
3070 5087 3206 5141 Deus
3232 5096 3332 5141 est.
3395 5088 3644 5141 Admiror

2076 5175 2324 5243 equidem
2356 5186 2498 5229 tuam
2531 5177 2670 5231 hanc
2693 5178 2990 5240 solertiam,
3022 5188 3075 5233 et
3106 5179 3301 5232 subtile
3330 5179 3463 5232 adeo
3494 5179 3643 5249 inge-

2078 5266 2245 5321 nium.
2288 5265 2419 5331 Quis
2474 5270 2616 5321 enim
2659 5285 2878 5337 prorsus
2935 5270 3036 5323 hoc
3075 5272 3256 5323 dicere
3301 5279 3382 5321 est
3436 5273 3647 5324 ausus"

2077 5367 2170 5409 aut
2226 5358 2346 5425 quis
2409 5359 2669 5426 ignoravit
2743 5375 2975 5427 unquam
3025 5362 3166 5426 quod
3220 5369 3402 5412 natmn
3454 5369 3535 5411 est
3580 5374 3646 5411 cx

2076 5464 2257 5510 carne.
2292 5466 2508 5503 carnem
2538 5467 2658 5505 esse
2687 5451 2710 5504 ἲ
2738 5450 2840 5505 Sed
2872 5461 3048 5505 tamen
3079 5461 3196 5504 erat
3225 5451 3436 5519 propria
3462 5447 3645 5510 Verbi,

2076 5553 2131 5595 et
2163 5558 2298 5597 unus
2325 5558 2443 5597 cum
2475 5544 2562 5597 illa
2594 5543 2928 5609 intelligitur,
2952 5552 3008 5594 ιιι
3033 5543 3217 5611 procul
3247 5543 3430 5608 dubio,
3454 5557 3642 5612 quem-

2081 5634 2369 5699 adntudum
2416 5641 2661 5707 superius
2708 5637 2963 5701 diximus,
2995 5637 3153 5691 etiam
3200 5635 3435 5690 hominis
3469 5637 3647 5691 anima

3264 5888 3301 5948 ιι
