4150 6446
540 380 648 436 107

1544 375 1602 432 S.
1644 372 1917 432 CYRILLI
1951 368 2419 427 ALEXANDRINI
2460 370 2782 428 ARCHIEP.

3693 370 3795 425 108

540 510 665 550 eum
687 508 788 551 suo
809 509 1034 565 ent-pore
1062 511 1080 549 :
1115 510 1245 567 ergo
1267 495 1311 551 si
1340 493 1608 565 quispiam
1626 493 1693 548 de
1719 492 1875 547 nobis
1897 503 2111 560 quoque

2216 489 2270 542 ετ
2310 505 2390 553 τις
2424 488 2597 543 ἕλοιτο
2632 488 2723 542 καί⁵
2752 488 2836 557 ἐφ’
2864 486 3018 559 qui»:
3048 488 3242 551 εἰπεῖν,
3280 487 3380 542 οὐκ
3418 486 3707 560 ἄνθρωπος
3733 484 3796 540 τὸ

541 587 726 642 dicere
785 586 951 655 velit,
1014 603 1121 642 non
1184 601 1305 642 esse
1365 587 1638 643 hominem
1690 584 1863 655 ipsum
1915 598 2115 652 corpus

539 692 635 747 per
675 692 772 739 se.
833 693 1012 735 nonne
1054 678 1392 748 superﬂuens
1442 677 1494 731 in
1535 691 1787 732 sermone
1833 685 1888 731 et
1938 688 2113 743 nugax

540 769 735 825 merito
790 770 1048 825 dicetur?
1082 770 1266 839 Neque
1315 769 1458 822 enim
1504 769 1788 837 quisquam
1827 775 2117 837 negaturus

538 872 622 931 est
672 862 847 931 ipsum
886 877 990 931 per
1041 877 1101 918 se
1130 877 1324 931 corpus
1358 877 1463 915 non
1511 875 1630 914 esse
1681 859 1989 921 hominem,
2022 858 2115 911 sed

539 953 719 1021 potius
762 953 995 1007 hominis
1037 968 1233 1022 cnt'pus
1271 953 1401 1007 dici.
1452 951 1556 1007 Sed
1588 966 1745 1005 nemo
1773 961 1951 1006 tamen
1981 949 2117 1006 duas

540 1042 594 1097 in
625 1049 808 1113 partes
841 1042 1120 1106 dividens,
1159 1058 1223 1096 ac
1269 1041 1495 1097 seorsim
1538 1055 1743 1109 ponens
1780 1041 2013 1095 animam
2064 1048 2118 1093 et

541 1148 773 1205 corpus.
799 1134 993 1189 dixerit
1042 1149 1280 1203 unquam
1316 1147 1512 1201 corpus
1555 1132 1745 1187 eodem
1781 1147 1903 1186 cum
1936 1130 2115 1185 anima

539 1226 795 1296 appellari
826 1226 1040 1281 nomine
1062 1225 1131 1279 ad
1159 1238 1324 1280 unum
1358 1221 1634 1278 hominem
1657 1222 2068 1294 signiﬁcandum
2096 1237 2113 1287 ;

541 1331 717 1386 neque
755 1317 899 1371 enim
942 1326 1101 1384 aptus
1130 1316 1233 1371 erit
1261 1313 1522 1386 ejusmodi
1567 1328 1780 1380 sermo,
1805 1312 1898 1369 sed
1940 1313 2118 1383 potius

540 1407 826 1478 imperitia:
857 1406 1067 1478 plenus.
1104 1405 1210 1463 Sed
1237 1421 1358 1462 cum
1386 1414 1674 1476 utrumque
1697 1406 1995 1461 secundum
2020 1420 2115 1460 na-

542 1497 769 1559 turalem
796 1497 1046 1554 unionem
1069 1495 1412 1566 coniunxerit
1441 1498 1508 1553 ad
1538 1497 1698 1553 unius
1728 1496 1962 1551 hominis
1988 1510 2119 1550 con-

538 1590 893 1656 stitutionem,
923 1598 1034 1645 tum
1066 1590 1281 1644 demum
1336 1588 1607 1645 hominem
1652 1589 1962 1659 appellabit.
2016 1601 2116 1642 nec

538 1680 813 1736 videbitur
835 1680 1014 1751 inepte
1030 1679 1584 1751 absurdeqne'dicere.
1605 1679 1857 1752 Oportuit
1878 1693 2029 1749 ergo,
2067 1678 2114 1733 si

539 1772 760 1826 omnino
783 1769 1000 1841 sapiens
1024 1771 1186 1826 homo
1203 1774 1480 1842 solersque
1494 1781 1612 1827 erat
1629 1812 1646 1838 ,
1674 1785 1870 1840 corpus
1898 1769 2113 1840 quidem

2218 581 2379 651 σῶμα
2403 580 2527 634 καθ’
2557 580 2737 645 ἑαυτὸ,
2764 580 2826 633 οὐ
2856 579 3108 648 περιττὸς
3136 580 3216 643 εις
3246 577 3439 647 λόγους
3470 579 3565 635 καὶ
3592 579 3796 633 εἰκαιό-

2218 672 2389 743 μυθος
2427 671 2749 742 ὀνομάζοιτο
2794 671 2862 726 ἂν
2895 671 3156 735 εἰκότωςς
3209 671 3531 740 ’Δρνήσεται
3562 669 3671 740 γὰρ
3703 669 3795 722 ού-

2215 762 2349 827 δεὶς,
2384 762 2469 815 ὅτι
2514 762 2588 832 μὴ
2620 760 2905 833 ἄνθρωπος
2941 761 3003 814 τὸ
3047 759 3208 830 σῶμα
3255 761 3377 817 καθ’
3417 760 3600 824 ἑαυτὸ,
3634 761 3795 830 σῶμα

2215 854 2274 908 δὲ
2307 854 2509 924 μᾶλλον
2538 853 2827 925 ἀνθρώπου
2874 851 3073 920 λέγοιτ’
3106 852 3189 906 ἄν.
3227 851 3374 921 Πλὴν
3410 850 3471 904 ού
3512 850 3637 920 δίχα
3673 849 3793 903 δια-

2215 945 2420 1016 τεμὼν,
2456 948 2550 1001 καὶ
2577 947 2681 1001 ἀνὰ
2732 946 2899 1017 μέρος
2944 944 3116 1007 τιθεὶς
3142 941 3322 1015 ψυχήν
3365 960 3425 997 τε
3470 942 3564 998 καὶ⁸
3606 942 3809 1014 cubita;

2217 1037 2354 1106 φαίη
2390 1054 2473 1101 τις
2518 1038 2605 1102 ἂν,
2654 1037 2738 1091 ὃτι
2793 1038 3195 1108 συγχρηματιεϊ
3223 1037 3285 1089 τὸ
3332 1035 3492 1105 σῶμα
3524 1036 3590 1106 τῇ
3642 1034 3791 1106 ψυχῇ

2222 1131 2365 1201 πρὸς
2408 1130 2526 1192 ἑνὸς
2572 1128 2861 1198 ἀνθρώπου
2908 1128 3173 1198 δήλωσιν·
3216 1128 3301 1197 εἴη
3344 1127 3455 1198 γὰρ
3491 1127 3557 1181 ἂν
3597 1129 3697 1180 οὐκ
3730 1129 3794 1180 ὲν

2218 1222 2409 1292 κόσμῳ
2453 1221 2823 1291 γεγενημένος
2859 1222 2889 1276 ό
2915 1220 3120 1275 τοιόσδε
3163 1220 3352 1289 λόγος,
3379 1219 3580 1290 μᾶλλον
3606 1220 3662 1273 δὲ
3696 1219 3794 1275 καὶ

2216 1312 2457 1383 ἀμαθίας
2474 1312 2746 1383 ἔμπλεως.
2769 1313 2970 1383 Ἄμφω
2989 1329 3052 1381 γε
3073 1311 3181 1384 μὴν
3201 1310 3322 1366 καθ’
3338 1310 3533 1366 ἱνωσιν
3553 1311 3792 1383 φυσικὴν

2219 1404 2561 1474 συνενεγκὼν
2599 1407 2679 1469 εἰς
2712 1405 2829 1469 ἑνὸς
2876 1404 3166 1477 ἀνθρώπου
3204 1405 3498 1470 σύστασιν,
3528 1405 3650 1459 τότε
3697 1407 3793 1460 καὶ

2215 1497 2502 1570 ἄνθρωπον
2529 1496 2811 1569 ὀνομάσει·
2852 1496 2945 1550 καὶ
2978 1496 3084 1551 κᾶν
3119 1495 3229 1568 [Ion
3253 1495 3354 1549 οὐκ
3380 1494 3469 1568 ἂν]
3497 1494 3639 1550 οὕτω
3663 1496 3795 1571 δόξῃ

2215 1587 2317 1641 ἀσύ
2328 1587 2537 1657 μφυλόν
2557 1603 2616 1641 τε
2643 1586 2738 1640 καὶ
2760 1586 2993 1650 ἀκαλλὲς
3019 1589 3213 1640 εἰπεῖν.
3229 1586 3378 1640 Ἔδει
3404 1584 3603 1650 τοίνυν,
3632 1587 3792 1656 εἰπερ

2214 1694 2299 1741 τις
2329 1673 2398 1747 ἦν
2430 1676 2568 1737 ὅλως
2595 1677 2757 1746 σοφός
2789 1693 2849 1730 τε
2883 1677 2979 1729 καὶ
3011 1676 3288 1747 νουνεχῆς,
3320 1675 3482 1747 σῶμα
3503 1676 3698 1739 εἰπεῖν,
3729 1677 3795 1730 τὸ

2216 1771 2281 1823 ὲκ
2336 1770 2627 1837 γυναικός·
2679 1768 3153 1840 προσομολογῆσαι
3184 1768 3240 1822 δὶ
3278 1769 3361 1822 ὅτι
3399 1770 3469 1839 τῇ
3501 1766 3621 1822 καθ’
3656 1767 3793 1822 ὑπό·

539 1861 667 1917 illud
682 1875 748 1917 ex
768 1835 996 1917 muliere
1016 1861 1218 1926 dicere,
1244 1872 1299 1918 et
1319 1835 1541 1933 insuper
1566 1835 1744 1929 fateri,
1766 1835 1893 1916 illud
1913 1835 2113 1916 unitate

2222 1835 2410 1914 στασιν
2439 1858 2631 1914 ἑνώσει
2659 1835 2976 1930 συνενεγθὶν
3106 1859 3284 1931 Λόγῳ,
3309 1835 3544 1931 Χριστὸν
3566 1859 3664 1914 ινα
3694 1861 3793 1913 καὶ⁵

539 1951 838 2008 secundum
905 1952 1241 2024 bypostasim
1318 1968 1443 2008 cum
1509 1950 1687 2007 Verbo
1743 1951 2114 2022 coniunctum,

539 2056 708 2095 unum
771 2039 1051 2094 Christum
1119 2049 1174 2093 et
1230 2038 1426 2095 Filium
1481 2048 1537 2095 et
1589 2039 1873 2095 Dominum
1931 2038 2115 2094 absol-

539 2135 716 2197 visse,
772 2132 1028 2187 eumdem
1103 2131 1263 2186 simul
1345 2141 1401 2187 et
1453 2133 1619 2187 Deum
1695 2141 1753 2187 et
1816 2131 2112 2188 hominem.

539 2220 822 2295 59Nttnc
857 2236 988 2277 vero
1031 2223 1134 2276 hoc
1176 2223 1401 2287 omisso,
1449 2237 1701 2292 perversa
1731 2222 1975 2293 graditur
2007 2222 2113 2287 via,

538 2314 606 2368 de
649 2322 797 2368 recta
838 2313 1128 2379 decedens,
1176 2328 1241 2368 ac
1285 2313 1422 2368 duos
1472 2312 1627 2368 nobis
1673 2317 1802 2370 deos
1835 2312 2112 2384 pmdicat,

542 2419 706 2458 unum
747 2403 1044 2458 secundum
1082 2412 1333 2457 naturam
1365 2419 1428 2459 ac
1459 2406 1765 2471 veritatem,
1797 2405 1928 2460 illud
1964 2405 2117 2459 nimi-

540 2510 660 2550 rum
705 2509 771 2549 ex
828 2494 937 2549 Deo
990 2494 1152 2551 Patre
1200 2493 1472 2562 Verbum;
1527 2496 1691 2551 alium
1741 2512 1870 2552 vero
1919 2507 2115 2568 praeter

539 2587 705 2651 hunc,
752 2586 843 2655 qui
876 2585 1039 2641 simul
1069 2601 1191 2641 cum
1221 2602 1288 2642 eo
1333 2586 1478 2644 Deus
1511 2588 1829 2658 appellatur.
1865 2589 1935 2645 Ut
1966 2589 2111 2644 enim

538 2689 697 2731 nemo
736 2675 909 2731 nostri
964 2678 1184 2748 generis
1230 2677 1432 2732 dicitur
1462 2693 1586 2733 cunt
1633 2694 1694 2735 se
1744 2679 1860 2749 ipso
1908 2689 1964 2735 et
1995 2680 2114 2736 solo

535 2769 872 2834 conversari,
914 2768 1063 2823 verbi
1091 2769 1289 2840 gratia,
1318 2769 1414 2825 sed
1458 2784 1580 2825 cum
1627 2769 1797 2827 altero
1823 2786 2111 2828 conversa-

536 2867 645 2927 tur,
679 2873 745 2914 ac
785 2858 831 2914 si
859 2874 1021 2929 quem
1047 2874 1079 2915 e
1101 2860 1336 2921 terrenis
1366 2861 1581 2930 regibus
1600 2862 1886 2932 quisquam
1916 2863 2113 2919 dixerit

536 2951 699 3008 simul
748 2967 872 3008 cum
930 2953 1112 3023 seipso
1161 2968 1408 3022 regnare,
1437 2955 1561 3024 jure
1605 2957 1676 3010 sit
1735 2955 2012 3020 ridendus,
2058 2965 2113 3011 et

538 3041 847 3111 nugabitnr,
895 3042 1021 3096 dum
1058 3043 1199 3112 quod
1251 3045 1318 3097 de
1351 3057 1459 3097 uno
1508 3044 1734 3113 soloque
1766 3044 1986 3111 dicitur,
2030 3044 2113 3101 sic

2219 1950 2348 2005 Υἱὺν
2387 1950 2484 2004 καὶ
2523 1952 2730 2020 Κύριον
2766 1950 3127 2007 ἀποτετέλεκε
3168 1950 3261 2004 τὸν
3303 1950 3467 2003 αύτὸν
3500 1950 3630 2004 ὅντα
3657 1950 3794 2004 Θεὸν

2219 2045 2314 2097 καὶ
2343 2044 2627 2116 ἄνθρωπον
2647 2060 2661 2074 ·
2693 2045 2811 2097 νυνὶ
2835 2045 2893 2098 δὲ
2926 2044 3087 2099 τοῦτο
3118 2041 3323 2113 μεθεὶς,
3343 2042 3516 2097 οἴεται
3542 2042 3653 2113 (16)
3690 2043 3794 2113 μὲν

2217 2136 2316 2206 τὴν
2343 2134 2786 2207 διεστραμμένην
2829 2135 2930 2206 τῆς
2964 2136 3044 2199 εις
3100 2134 3230 2189 εὐθὺ
3266 2134 3604 2188 διεκπίπτων
3629 2133 3751 2188 ὁδοῦ
3774 2149 3788 2162 ·

2216 2227 2310 2281 δύο
2336 2226 2392 2280 δὲ
2438 2228 2570 2298 ἡμῖν
2615 2225 2964 2297 διακηρύττει
3020 2226 3209 2290 Θεοὺς,
3241 2225 3338 2279 ἕνα
3394 2225 3492 2296 μὲν
3523 2224 3600 2291 ὡς
3632 2223 3792 2295 φύσει

2218 2318 2310 2373 καὶ
2334 2318 2563 2388 ἀληθεία
2588 2319 2679 2372 τὸν
2726 2321 2791 2372 ὲκ
2839 2318 2974 2372 Θεοῦ
3029 2317 3241 2386 Πατρὸς
3282 2317 3483 2386 Λόγον·
3522 2317 3705 2389 ιτερον
3733 2316 3793 2375 δὲ

2217 2412 2350 2482 παρ’
2400 2410 2604 2476 αὑτὸν,
2652 2411 2744 2464 τὸν
2796 2407 3312 2481 συγχρηματῑζοντα
3362 2407 3540 2479 αὐτῷ’
3586 2408 3645 2462 ὃν
3682 2408 3793 2479 γὰρ

2215 2498 2414 2568 τρόπον
2439 2498 2612 2560 οὐδεὶς
2648 2498 2717 2552 ἂν
2743 2498 2956 2566 λέγοιτο
3003 2497 3112 2550 τῶν
3143 2497 3267 2559 καθ’
3294 2499 3442 2567 ἡμᾶς
3481 2496 3661 2567 ἑαυτῷ
3696 2500 3792 2550 καὶ

2216 2589 2364 2661 μόνῳ
2390 2588 2792 2643 συνδιαιτᾶσθαι
2815 2588 2997 2659 τυχὸν,
3028 2588 3199 2660 ἑτέρῳ
3226 2589 3283 2642 δὲ
3320 2588 3523 2659 μᾶλλον
3554 2589 3792 2643 συνδιαι-

2214 2672 2487 2747 τήσεται.“
2512 2679 2630 2733 Κᾶν
2662 2681 2715 2734 εῐ
2760 2696 2883 2734 τινα
2916 2679 3064 2748 λέγοι
3104 2680 3211 2735 τῶν
3245 2680 3337 2733 ἐπὶ
3377 2680 3483 2750 γῆς
3527 2679 3793 2751 βασιλέων

2218 2768 2638 2838 συμϐασιλεύειν
2668 2768 2866 2840 ἑαυτῷ,
2889 2768 3043 2838 ὄφλοι
3072 2770 3140 2823 ἂν
3170 2770 3399 2834 εἰκότως
3430 2770 3662 2839 γέλωτα,
3695 2770 3792 2825 καὶ

2216 2860 2502 2932 βατταριεῖ
2532 2861 2592 2915 τὸ
2629 2862 2715 2930 ἐφ’
2747 2861 2866 2924 ἑνός
2894 2878 2954 2914 τε
2991 2861 3086 2915 κα)⁸
3113 2862 3275 2932 μόνου
3303 2863 3473 2927 τιθεὶς
3503 2865 3597 2919 καὶ
3620 2862 3794 2931 λέγων

2213 2953 2288 3016 ὼς
2316 2955 2410 3007 ἐπὶ
2438 2955 2606 3018 δυοῖν,
2646 2954 2821 3020 οὕτως
2853 2957 3112 3011 ἀσύνετον
3145 2940 3342 3028 κομιδῆ
3370 2957 3432 3011 τὸ
3468 2973 3792 3028 συγχρημαο

2214 3046 2388 3111 τίζειν
2420 3048 2629 3101 οῐεσθαι
2679 3050 2800 3103 καθ’
2829 3050 2947 3111 ἑνός
2980 3066 3039 3102 τε
3079 3050 3173 3103 καὶ
3205 3050 3366 3120 μόνου
3395 3048 3655 3104 δύνασθαι
3686 3066 3796 3120 χω-

540 3133 690 3204 ponit
740 3142 903 3204 atque
957 3134 1275 3202 pronuntiat
1327 3143 1583 3203 tanquam
1638 3139 1705 3192 de
1748 3134 1991 3203 duobus;
2036 3135 2108 3190 ita

2218 3138 2350 3207 ρετν,
2382 3137 2475 3190 δύο
2506 3138 2614 3208 γάρ
2651 3155 2752 3190 που
2794 3138 3013 3201 πάντως
3060 3132 3171 3191 εἷεν
3210 3137 3307 3192 ἄν·
3337 3137 3432 3192 καὶ
3467 3138 3497 3192 ό
3550 3136 3648 3205 μὶν
3675 3137 3797 3190 εστι

539 3226 762 3279 stultum
793 3238 925 3279 sane
962 3224 1031 3279 sit
1052 3233 1246 3294 putare
1274 3224 1376 3279 hoc
1407 3225 1605 3294 ipsum,
1633 3225 1795 3281 simul
1826 3225 2108 3295 appellari,

535 3318 603 3370 de
645 3330 754 3369 uno
780 3305 1022 3384 'soloque
1064 3315 1172 3370 dici
1226 3330 1386 3385 posse
1419 3331 1433 3368 :
1464 3316 1572 3370 duo
1610 3331 1845 3387 namque
1890 3332 2115 3387 prorsus

535 3414 718 3471 erunt,
754 3413 809 3460 et
839 3406 979 3460 alter
1017 3407 1318 3461 secundum
1351 3416 1600 3461 naturam
1636 3406 1796 3475 Deus,
1823 3409 1961 3463 alter
1986 3423 2115 3464 vero

538 3498 725 3566 procul
753 3497 916 3552 dubio
946 3513 1069 3552 cum
1100 3498 1151 3552 id
1185 3498 1358 3553 solum
1393 3499 1589 3553 haheat
1617 3509 1675 3553 ut
1705 3499 1869 3554 simul
1895 3516 2017 3555 cum
2048 3516 2113 3556 eo

539 3598 766 3643 vocetur
818 3587 993 3656 Deus,
1047 3588 1209 3658 idque
1255 3591 1594 3644 extrinsecus
1637 3600 1692 3644 et
1743 3591 2110 3659 acquisitum,

542 3694 733 3735 recens
760 3681 916 3735 nobis
946 3679 1085 3736 Deus
1129 3681 1359 3736 exstitit.
1393 3680 1529 3734 Nunt
1561 3696 1691 3751 ergo
1738 3681 1996 3735 mentitur
2025 3683 2115 3736 ille

536 3782 731 3826 natura
769 3781 824 3826 et
872 3787 997 3828 vere
1029 3773 1409 3828 universorum
1453 3773 1590 3827 Deus
1623 3789 1745 3828 cum
1784 3773 1918 3829 dicit
1952 3792 1964 3827 :
2001 3792 2019 3824 ι
2054 3773 2112 3828 Si
2150 3814 2155 3821 .

539 3863 775 3919 audieris
823 3879 932 3928 me,
979 3881 1082 3919 non
1131 3866 1240 3919 erit
1291 3867 1343 3919 in
1396 3874 1446 3918 te
1495 3864 1629 3919 deus
1682 3879 1892 3931 recens,
1941 3879 2115 3935 neque

538 3956 793 4011 adorabis
837 3957 994 4011 deum
1045 3957 1280 4010 alienum
1307 3958 1387 4009 “‘i
1422 3975 1440 4007 ι
1487 3956 1598 4010 lloc
1642 3957 1687 4009 si
1722 3958 1793 4010 ita
1831 3967 1934 4022 est,
1977 3972 2112 4027 quo-

541 4042 698 4097 modo
745 4044 1036 4099 adoramus
1084 4044 1389 4110 Christum,
1440 4055 1496 4099 et
1551 4047 1625 4099 illi
1667 4046 1911 4102 ﬂectetur
1955 4062 2115 4104 omne

538 4133 721 4200 genu?
774 4135 1044 4204 quomodo
1098 4136 1260 4190 etiam
1324 4138 1473 4192 illum
1521 4142 1763 4193 venerari
1816 4139 2111 4205 confiteris,

538 4238 664 4278 cum
698 4232 875 4278 tamen
907 4224 1190 4291 formidas,
1216 4236 1276 4280 ut
1302 4227 1512 4291 dixisti,
1545 4243 1612 4283 tte
1641 4230 1964 4286 bominicola
1994 4244 2115 4287 esse

541 4316 820 4370 videaris?
848 4317 958 4372 Sed
997 4320 1161 4374 habet
1190 4320 1383 4373 adhoc
1415 4319 1676 4389 aliquam,
1708 4331 1767 4376 ut
1793 4322 1908 4393 ipse
1940 4331 2112 4392 putat,

537 4420 749 4465 acutam
792 4412 1196 4479 responsionem
1248 4428 1419 4466 :nam
1473 4423 1733 4483 tanquam
1792 4414 2115 4484 coniunctus

2217 3225 2359 3280 κατὰ
2388 3227 2549 3294 φύσιν
2582 3227 2714 3289 θεός
2737 3244 2748 3258 ·
2782 3228 2810 3278 ὁ
2837 3226 2915 3290 δὲ,
2956 3227 3095 3296 τάχα
3140 3241 3244 3279 που
3284 3227 3379 3280 καὶ
3411 3226 3569 3295 μόνον
3619 3225 3681 3281 τό
3726 3242 3795 3296 γε

2217 3318 2661 3388 συγχρηματίσαι
2713 3317 2947 3386 Θύραθέν
2997 3334 3057 3371 τε
3123 3316 3218 3371 καὶ
3264 3316 3558 3387 ἐπίκτητον
3628 3316 3794 3391 ἔχων,

2218 3411 2528 3480 πρόσφατος
2563 3411 2697 3479 ἡμῖν
2744 3409 3026 3480 ἀνεδείχθη
3056 3409 3209 3471 Θεός.
3251 3404 3376 3480 ’Ἆρ’
3404 3404 3498 3462 οὖν
3538 3408 3796 3478 ψεύδεται

2215 3501 2409 3569 λέγων,
2433 3503 2461 3554 ό
2492 3502 2654 3569 φύσει
2686 3517 2744 3553 τε
2775 3500 2870 3553 καὶ⁵
2891 3500 3105 3572 ἀληθῶς
3134 3500 3242 3555 τῶν
3274 3501 3414 3555 ὅλων
3429 3500 3591 3565 Θεός*
3625 3519 3644 3554 ι
3666 3499 3798 3556 Ἐὰν

2216 3592 2456 3665 ἀκούσῃς
2484 3610 2608 3662 μου,
2640 3592 2741 3645 οὐκ
2770 3591 2924 3645 ἔσται
2949 3594 3006 3646 ὲν
3037 3592 3120 3645 σοι
3156 3592 3275 3656 Θεὸς
3310 3592 3643 3667 πρόσφατος,
3670 3591 3796 3646 οὑδὶ

2216 3684 2616 3752 προσκυνήσεις
2658 3682 2767 3753 θεῷ
2814 3682 3105 3754 ἁλλοτρίῳς
3138 3702 3156 3733 s
3214 3677 3346 3738 Εἶτα
3391 3683 3508 3746 πῶς
3553 3698 3797 3754 προσκε-

2217 3773 2532 3842 κυνήκαμεν
2564 3771 2639 3841 τῷ
2672 3771 2913 3843 Χριστῷ.
2946 3773 3040 3826 καὶ
3064 3771 3214 3843 αύτῷ
3250 3772 3454 3843 κάμψει
3486 3774 3595 3826 πᾶν
3626 3772 3800 3840 γόνυ;

2218 3863 2334 3926 πῶς
2360 3863 2417 3916 δὲ
2458 3863 2554 3916 καὶ⁸
2592 3864 2771 3917 σέϐειν
2824 3864 2987 3917 αὐτὸν
3018 3863 3333 3933 όμολογεῖς;
3373 3864 3550 3918 καιτοι
3581 3861 3795 3930 δεδιὼς,

2215 3957 2290 4019 ὡς
2323 3956 2482 4026 ἔφης,
2513 3956 2575 4009 τὸ
2607 3955 3067 4026 ἀνθρωπολάτρης
3100 3952 3237 4008 εἶναι
3273 3955 3470 4009 δοκεῖν.
3511 3954 3647 4008 Ἀλλ’
3678 3953 3799 4025 εχει

2215 4045 2335 4100 τινὰ
2369 4045 2621 4114 καθάπερ
2661 4040 2755 4098 οὖν
2797 4045 2968 4098 οἴεται
3006 4044 3166 4112 σοφὸν
3199 4045 3291 4097 ἐπὶ
3335 4043 3470 4115 τῷδε
3496 4044 3684 4114 λόγον·
3715 4044 3796 4109 ὡς

2216 4141 2328 4210 γὰρ
2359 4138 2438 4208 τῷ
2490 4138 2708 4192 λαϐόντι
2750 4136 3080 4205 συναφθεὶς,
3131 4136 3565 4207 συγχρηματίςει
3615 4136 3791 4200 θεός.

2217 4229 2334 4292 πῶς
2370 4229 2580 4299 ἐλήφθη
2631 4228 2862 4298 φράσον,
2908 4227 2940 4298 ἢ
2972 4226 3094 4280 τίνα
3147 4227 3416 4297 συνῆπται
3455 4227 3685 4300 τρόπονς
3724 4227 3793 4280 ει

2220 4321 2317 4390 μὲν
2343 4316 2435 4374 οὖν
2455 4320 2573 4373 καθ’
2595 4320 2789 4373 ἕνωσιν
2819 4320 3017 4390 ἀληθῆ,
3036 4319 3134 4389 τὴν
3158 4320 3280 4373 καθ’
3307 4319 3604 4373 ὑπόστασιν
3624 4318 3789 4387 λέγω.

2220 4411 2427 4464 παῦσαι
2466 4411 2704 4483 μερίζων
2737 4411 2797 4464 τὸ
2828 4412 3138 4481 ἡνωμένον·
3171 4410 3264 4463 ἐπὶ
3305 4409 3493 4482 καιροῦ
3524 4409 3581 4462 δὲ
3612 4406 3790 4479 οἶμαι,

539 4504 832 4556 assumenti
864 4502 1025 4555 simul
1059 4501 1365 4571 appellatur
1392 4502 1568 4557 Deus:
1600 4504 1875 4573 quomodo
1905 4518 2113 4559 assum-

2219 4500 2487 4569 καὶπρὸς
2532 4516 2595 4567 γε
2651 4499 2808 4570 ἡμῶν
2865 4501 3144 4570 εἰρήσεται
3197 4499 3541 4570 διατέμνοντί
3590 4515 3671 4551 σοι
3729 4499 3797 4551 τὸ

537 4598 660 4658 plus
720 4600 804 4645 est
857 4591 1152 4661 eloquere,
1204 4602 1297 4645 aut
1353 4606 1589 4662 quonam
1659 4593 1981 4663 coniunctus
2029 4604 2114 4649 est

537 4681 729 4735 modo?
762 4679 896 4736 Nam
927 4684 971 4738 si
1010 4684 1227 4754 quidem
1273 4685 1570 4740 secundum
1609 4700 1795 4739 veram
1830 4687 2109 4751 unionem,

538 4769 684 4823 illam
729 4773 1025 4827 secundum
1075 4775 1406 4847 hypostasim
1456 4776 1609 4842 dico;
1659 4777 1849 4831 desine
1893 4777 2109 4831 tandem

539 4860 749 4913 unitum
775 4861 1019 4916 dividere
1046 4880 1060 4915 :
1092 4875 1147 4917 et
1183 4873 1485 4934 opportune
1513 4865 1676 4918 etiam
1721 4880 1750 4917 a
1780 4864 1934 4919 nobis
1959 4864 2108 4919 dice-

540 4962 626 5003 tur
678 4949 773 5004 tibi
830 4951 1163 5006 individuum
1213 4953 1493 5007 dividenti.
1547 4972 1565 5003 ι
1596 4954 1748 5022 Quod
1793 4970 1922 5024 ergo
1969 4954 2110 5011 Deus

535 5041 836 5111 conjunxit,
872 5042 1033 5096 homo
1067 5058 1133 5098 ne
1171 5044 1455 5098 dividat“.
1493 5064 1511 5096 ι
1542 5043 1636 5100 Sin
1683 5046 2104 5115 assumptionem

540 5138 696 5187 istaut
746 5149 840 5188 seu
894 5134 1326 5202 conjunctionem
1378 5152 1499 5191 esse
1547 5138 1682 5192 dicis
1719 5149 1999 5194 externam
2044 5154 2108 5195 ac

540 5224 840 5287 relativam,
891 5224 1163 5292 quomodo
1209 5241 1315 5280 non
1360 5228 1597 5282 advertis
1639 5230 1691 5282 itt
1738 5229 1893 5284 nobis
1942 5231 2105 5285 etiam

531 5329 650 5368 esse
678 5313 869 5377 Deum,
904 5320 957 5368 et
983 5328 1083 5369 nos
1114 5314 1188 5369 illi
1217 5316 1467 5386 conjungi
1504 5317 1745 5381 relative,
1785 5329 1838 5373 et
1879 5320 2104 5388 partici-

603 5469 644 5502 ⁶¹
680 5471 851 5525 Exod.
882 5486 970 5537 xx,
996 5471 1066 5537 2;
1096 5473 1233 5526 Psal.
1265 5489 1428 5540 Lux,
1467 5476 1550 5530 iO.
1629 5479 1674 5508 ⁶²
1701 5478 1894 5530 Matth.
1925 5494 2034 5537 xtx.

2218 4589 2480 4659 ἄτμητον,
2522 4609 2539 4641 ι
2580 4589 2648 4645 ’Ὀ
2690 4586 2782 4643 οὖν
2829 4589 2960 4653 Θεὸς
3010 4589 3344 4654 συνέζευξεν,
3380 4587 3666 4661 ἄνθρωπος
3712 4590 3794 4659 μὴ

2217 4682 2513 4751 χωριζέτω.
2553 4678 2585 4733 »⁸
2612 4682 2674 4734 Εἰ
2732 4682 2788 4734 δέ
2831 4699 2893 4750 γε
2927 4684 3024 4754 τὴν
3057 4683 3246 4754 λῆψιν,
3300 4684 3465 4752 ῆγουν
3517 4682 3613 4752 τὴν
3662 4698 3793 4735 συνο

2216 4775 2434 4842 ἁφειαν,
2488 4774 2685 4838 ἔξωῢέν
2733 4791 2793 4826 τε
2841 4775 2934 4827 καὶ
2985 4774 3239 4844 σχετικὴν
3292 4770 3429 4828 εἶναι
3480 4773 3619 4844 φὴς,
3671 4772 3791 4838 πῶς

2214 4866 2511 4936 ὴγνόηκας,
2534 4868 2617 4919 ὅτι
2650 4866 2744 4919 καὶ
2771 4867 2828 4919 ὲν
2852 4867 2984 4936 ἡμῖν
3010 4868 3127 4918 ἐστι
3154 4866 3305 4930 Θεὸς,
3335 4867 3429 4919 καὶ
3453 4867 3612 4935 ἡμεῖς
3640 4864 3792 4935 αύτῴ

2217 4956 2598 5025 συναπτόμεθα
2624 4958 2910 5025 σχετικῶς,
2939 4958 3034 5011 καὶ
3056 4960 3301 5011 κοινωνοὶ
3324 4958 3424 5026 τῆς
3448 4956 3593 5021 Θείας
3622 4957 3788 5011 αὑτοῦ

2215 5049 2520 5119 γεγόναμεν
2553 5049 2764 5117 φύσεως
2787 5066 2803 5114 ;
2837 5050 3043 5103 Ψὰλλει
3074 5051 3202 5117 γοῦν
3223 5051 3251 5103 ό
3278 5049 3566 5112 θεσπέσιος
3587 5047 3786 5102 Δαδίδ·

2222 5158 2239 5188 ι
2266 5138 2561 5211 Ἐκολλήθη
2623 5143 2654 5211 ἡ
2702 5141 2986 5212 ψυχή-μου
3017 5143 3192 5195 ὀπίσω
3230 5159 3323 5194 σου
3346 5159 3360 5173 '
3391 5160 3411 5193 ι
3464 5156 3787 5211 συγχρημα-

2215 5230 2435 5301 τιούμεν
2468 5229 2562 5285 οὖν
2590 5233 2699 5302 ἄρα
2726 5234 2820 5286 καὶ
2870 5236 3054 5303 ἡμεῖς,
3108 5233 3184 5303 τῷ
3230 5232 3370 5286 κατὰ
3428 5233 3590 5301 φύσιν
3647 5230 3790 5301 θεῷ,

2214 5322 2326 5375 θεοί
2355 5326 2472 5375 κατ’
2506 5326 2691 5389 αὑτὸν,
2718 5325 2923 5395 κάμψει
2952 5328 3045 5378 καὶ
3068 5327 3199 5395 ἡμῖν
3225 5327 3333 5378 πᾶν
3353 5326 3502 5392 γόνυ.
3532 5323 3598 5377 Τί
3620 5338 3791 5393 προσ-

1831 5630 1989 5685 ANT.
2031 5631 2302 5686 AGELLII
2346 5631 2576 5687 ΝΟΤᾹΞ.

605 5782 713 5850 (16)
760 5783 1058 5856 chcndum
1098 5788 1254 5855 ἵεται,
1294 5799 1349 5843 ut
1388 5792 1439 5844 in
1471 5798 1714 5845 extremo
1750 5790 1848 5844 hoc
1883 5805 1919 5842 ll
1973 5789 2109 5843 libro

2216 5791 2293 5854 :it,
2330 5790 2486 5859 μόνος
2520 5791 2591 5844 ἴοι
2623 5792 2717 5861 τὴν
2751 5790 3205 5865 διεστραμμένην.
