  <div class='ocr_page' id='page_1' title='image "/cluster/home/n/w/nwhite01/storage/ocr_20150623/76:no.9/coo.31924054869775/062.png"; bbox 0 0 4150 6452; ppageno 0'>
   <div class='ocr_carea' id='block_1_1' title="bbox 407 421 519 476">
    <p class='ocr_par' dir='ltr' id='par_1_1' title="bbox 407 421 519 476">
     <span class='ocr_line' id='line_1_1' title="bbox 407 421 519 476; baseline 0 0"><span class='ocrx_word' id='word_1_1' title='bbox 407 421 519 476; x_wconf 77' lang='grc'><strong>109</strong></span> 
     </span>
    </p>
   </div>
   <div class='ocr_carea' id='block_1_2' title="bbox 1515 376 2603 472">
    <p class='ocr_par' dir='ltr' id='par_1_2' title="bbox 1515 376 2603 472">
     <span class='ocr_line' id='line_1_2' title="bbox 1515 376 2603 472; baseline 0 -3"><span class='ocrx_word' id='word_1_2' title='bbox 1515 413 1888 471; x_wconf 74' lang='lat' dir='ltr'><strong>ADVERSUS</strong></span> <span class='ocrx_word' id='word_1_3' title='bbox 1926 414 2327 472; x_wconf 73' lang='lat' dir='ltr'><strong>ussromuu</strong></span> <span class='ocrx_word' id='word_1_4' title='bbox 2370 376 2498 469; x_wconf 80' lang='lat' dir='ltr'><strong>LlB.</strong></span> <span class='ocrx_word' id='word_1_5' title='bbox 2540 415 2603 469; x_wconf 82' lang='grc' dir='ltr'><strong>ιι.</strong></span> 
     </span>
    </p>
   </div>
   <div class='ocr_carea' id='block_1_3' title="bbox 3572 412 3676 466">
    <p class='ocr_par' dir='ltr' id='par_1_3' title="bbox 3572 412 3676 466">
     <span class='ocr_line' id='line_1_3' title="bbox 3572 412 3676 466; baseline 0 0"><span class='ocrx_word' id='word_1_6' title='bbox 3572 412 3676 466; x_wconf 78' lang='lat' dir='ltr'><strong>H0</strong></span> 
     </span>
    </p>
   </div>
   <div class='ocr_carea' id='block_1_4' title="bbox 402 531 2006 606">
    <p class='ocr_par' dir='ltr' id='par_1_4' title="bbox 402 532 2002 606">
     <span class='ocr_line' id='line_1_4' title="bbox 402 532 2002 606; baseline 0 -18"><span class='ocrx_word' id='word_1_7' title='bbox 402 535 610 605; x_wconf 76' lang='grc' dir='ltr'>τὲταχε</span> <span class='ocrx_word' id='word_1_8' title='bbox 644 534 758 598; x_wconf 83' lang='grc' dir='ltr'>τοῖς</span> <span class='ocrx_word' id='word_1_9' title='bbox 785 532 898 588; x_wconf 72' lang='grc' dir='ltr'>ἄνω</span> <span class='ocrx_word' id='word_1_10' title='bbox 928 534 1244 606; x_wconf 77' lang='grc' dir='ltr'><strong>πνεύμασιν</strong></span> <span class='ocrx_word' id='word_1_11' title='bbox 1268 534 1456 597; x_wconf 74' lang='grc' dir='ltr'>όὉεὺς</span> <span class='ocrx_word' id='word_1_12' title='bbox 1487 535 1582 587; x_wconf 76' lang='grc' dir='ltr'>καὶ</span> <span class='ocrx_word' id='word_1_13' title='bbox 1613 534 1822 606; x_wconf 82' lang='grc' dir='ltr'>Πατὴρ,</span> <span class='ocrx_word' id='word_1_14' title='bbox 1856 534 2002 589; x_wconf 84' lang='grc' dir='ltr'>διδα-</span> 
     </span>
    </p>
   </div>
   <div class='ocr_carea' id='block_1_5' title="bbox 2107 531 3678 606">
    <p class='ocr_par' dir='ltr' id='par_1_5' title="bbox 2107 531 3678 605">
     <span class='ocr_line' id='line_1_5' title="bbox 2107 531 3678 605; baseline -0.003 -14"><span class='ocrx_word' id='word_1_15' title='bbox 2107 551 2205 605; x_wconf 88' lang='lat' dir='ltr'><strong>pes</strong></span> <span class='ocrx_word' id='word_1_16' title='bbox 2235 552 2333 591; x_wconf 88' lang='lat' dir='ltr'><strong>nos</strong></span> <span class='ocrx_word' id='word_1_17' title='bbox 2362 535 2537 590; x_wconf 75' lang='lat' dir='ltr'><strong>factos</strong></span> <span class='ocrx_word' id='word_1_18' title='bbox 2582 548 2705 589; x_wconf 85' lang='lat' dir='ltr'><strong>esse</strong></span> <span class='ocrx_word' id='word_1_19' title='bbox 2745 533 2941 590; x_wconf 67' lang='lat' dir='ltr'><strong>divinae</strong></span> <span class='ocrx_word' id='word_1_20' title='bbox 2982 532 3099 603; x_wconf 84' lang='lat' dir='ltr'><strong>ejus</strong></span> <span class='ocrx_word' id='word_1_21' title='bbox 3134 541 3343 587; x_wconf 75' lang='lat' dir='ltr'><strong>natura:</strong></span> <span class='ocrx_word' id='word_1_22' title='bbox 3361 531 3450 586; x_wconf 67' lang='lat'><strong>&quot;3</strong></span> <span class='ocrx_word' id='word_1_23' title='bbox 3483 531 3678 587; x_wconf 88' lang='lat' dir='ltr'><strong>Psallit</strong></span> 
     </span>
    </p>
   </div>
   <div class='ocr_carea' id='block_1_6' title="bbox 405 624 1998 699">
    <p class='ocr_par' dir='ltr' id='par_1_6' title="bbox 405 624 1998 699">
     <span class='ocr_line' id='line_1_6' title="bbox 405 624 1998 699; baseline 0.001 -20"><span class='ocrx_word' id='word_1_24' title='bbox 405 626 595 680; x_wconf 79' lang='grc' dir='ltr'>σκέτω</span> <span class='ocrx_word' id='word_1_25' title='bbox 620 624 908 697; x_wconf 75' lang='grc' dir='ltr'>παρελθὼν</span> <span class='ocrx_word' id='word_1_26' title='bbox 924 626 967 678; x_wconf 82' lang='grc' dir='ltr'>’ό</span> <span class='ocrx_word' id='word_1_27' title='bbox 1022 626 1315 689; x_wconf 80' lang='grc' dir='ltr'><strong>Θεσπέσιος</strong></span> <span class='ocrx_word' id='word_1_28' title='bbox 1358 625 1590 687; x_wconf 81' lang='grc' dir='ltr'><strong>Παῦλος.</strong></span> <span class='ocrx_word' id='word_1_29' title='bbox 1627 645 1645 677; x_wconf 75' lang='grc' dir='ltr'><strong>ι</strong></span> <span class='ocrx_word' id='word_1_30' title='bbox 1670 626 1841 679; x_wconf 88' lang='grc' dir='ltr'>Ὅταν</span> <span class='ocrx_word' id='word_1_31' title='bbox 1870 626 1998 699; x_wconf 83' lang='grc' dir='ltr'>γὰρ,</span> 
     </span>
    </p>
   </div>
   <div class='ocr_carea' id='block_1_7' title="bbox 405 717 2000 789">
    <p class='ocr_par' dir='ltr' id='par_1_7' title="bbox 405 717 2000 789">
     <span class='ocr_line' id='line_1_7' title="bbox 405 717 2000 789; baseline 0.001 -21"><span class='ocrx_word' id='word_1_32' title='bbox 405 717 600 786; x_wconf 74' lang='grc' dir='ltr'>φησὶν,</span> <span class='ocrx_word' id='word_1_33' title='bbox 637 717 910 789; x_wconf 72' lang='grc' dir='ltr'>εἰσαγάγῃ</span> <span class='ocrx_word' id='word_1_34' title='bbox 938 717 1030 770; x_wconf 80' lang='grc' dir='ltr'><strong>τὸν</strong></span> <span class='ocrx_word' id='word_1_35' title='bbox 1061 718 1408 789; x_wconf 78' lang='grc' dir='ltr'><strong>πρωτότοκον</strong></span> <span class='ocrx_word' id='word_1_36' title='bbox 1435 718 1513 778; x_wconf 84' lang='grc' dir='ltr'><strong>είς</strong></span> <span class='ocrx_word' id='word_1_37' title='bbox 1535 717 1635 786; x_wconf 85' lang='grc' dir='ltr'>τὴν</span> <span class='ocrx_word' id='word_1_38' title='bbox 1655 717 2000 787; x_wconf 73' lang='grc' dir='ltr'><strong>οἰκουμένην,</strong></span> 
     </span>
    </p>
   </div>
   <div class='ocr_carea' id='block_1_8' title="bbox 405 807 2003 880">
    <p class='ocr_par' dir='ltr' id='par_1_8' title="bbox 405 807 2003 880">
     <span class='ocr_line' id='line_1_8' title="bbox 405 807 2003 880; baseline 0.001 -19"><span class='ocrx_word' id='word_1_39' title='bbox 405 809 561 873; x_wconf 79' lang='grc' dir='ltr'>λέγει</span> <span class='ocrx_word' id='word_1_40' title='bbox 585 823 600 837; x_wconf 89' lang='grc'><strong>·</strong></span> <span class='ocrx_word' id='word_1_41' title='bbox 637 807 751 860; x_wconf 72' lang='grc' dir='ltr'>Καὶ</span> <span class='ocrx_word' id='word_1_42' title='bbox 779 808 1319 878; x_wconf 81' lang='grc' dir='ltr'><strong>προσκυνησάτωσαν</strong></span> <span class='ocrx_word' id='word_1_43' title='bbox 1370 807 1517 880; x_wconf 78' lang='grc' dir='ltr'>αὐτῷ</span> <span class='ocrx_word' id='word_1_44' title='bbox 1548 809 1747 871; x_wconf 71' lang='grc' dir='ltr'>πάντες</span> <span class='ocrx_word' id='word_1_45' title='bbox 1782 809 2003 877; x_wconf 80' lang='grc' dir='ltr'>ἄγγελοι</span> 
     </span>
    </p>
   </div>
   <div class='ocr_carea' id='block_1_9' title="bbox 411 896 2005 969">
    <p class='ocr_par' dir='ltr' id='par_1_9' title="bbox 411 896 2005 969">
     <span class='ocr_line' id='line_1_9' title="bbox 411 896 2005 969; baseline 0.001 -17"><span class='ocrx_word' id='word_1_46' title='bbox 411 897 572 952; x_wconf 80' lang='grc' dir='ltr'>Θεοῦ.</span> <span class='ocrx_word' id='word_1_47' title='bbox 607 917 629 949; x_wconf 84' lang='lat' dir='ltr'><strong>s</strong></span> <span class='ocrx_word' id='word_1_48' title='bbox 664 898 877 952; x_wconf 78' lang='grc' dir='ltr'>Οὐκοῦν</span> <span class='ocrx_word' id='word_1_49' title='bbox 910 898 1213 969; x_wconf 77' lang='grc' dir='ltr'>ἐπειδήπερ</span> <span class='ocrx_word' id='word_1_50' title='bbox 1246 900 1302 950; x_wconf 84' lang='grc' dir='ltr'>ὲν</span> <span class='ocrx_word' id='word_1_51' title='bbox 1332 897 1562 960; x_wconf 86' lang='grc' dir='ltr'>τούτοις,</span> <span class='ocrx_word' id='word_1_52' title='bbox 1598 896 1659 949; x_wconf 84' lang='grc' dir='ltr'>τὸ</span> <span class='ocrx_word' id='word_1_53' title='bbox 1701 898 1791 950; x_wconf 78' lang='grc' dir='ltr'><strong>σὸν</strong></span> <span class='ocrx_word' id='word_1_54' title='bbox 1820 898 1883 968; x_wconf 85' lang='grc' dir='ltr'>δὴ</span> <span class='ocrx_word' id='word_1_55' title='bbox 1912 900 2005 953; x_wconf 62' lang='grc' dir='ltr'><strong>καὶΙ</strong></span> 
     </span>
    </p>
   </div>
   <div class='ocr_carea' id='block_1_10' title="bbox 415 987 2005 1061">
    <p class='ocr_par' dir='ltr' id='par_1_10' title="bbox 415 987 2005 1061">
     <span class='ocr_line' id='line_1_10' title="bbox 415 987 2005 1061; baseline 0 -18"><span class='ocrx_word' id='word_1_56' title='bbox 415 991 580 1060; x_wconf 69' lang='grc' dir='ltr'>σοφὸν</span> <span class='ocrx_word' id='word_1_57' title='bbox 623 991 727 1043; x_wconf 84' lang='grc' dir='ltr'><strong>οὐκ</strong></span> <span class='ocrx_word' id='word_1_58' title='bbox 770 991 1197 1061; x_wconf 80' lang='grc' dir='ltr'>ὲπενήνεγκται·</span> <span class='ocrx_word' id='word_1_59' title='bbox 1252 987 1678 1059; x_wconf 81' lang='grc' dir='ltr'>προσκυνεῖσθαι</span> <span class='ocrx_word' id='word_1_60' title='bbox 1707 989 1764 1041; x_wconf 82' lang='grc' dir='ltr'><strong>δὲ</strong></span> <span class='ocrx_word' id='word_1_61' title='bbox 1806 989 2005 1058; x_wconf 76' lang='grc' dir='ltr'>μᾶλλον</span> 
     </span>
    </p>
   </div>
   <div class='ocr_carea' id='block_1_11' title="bbox 413 1079 2005 1154">
    <p class='ocr_par' dir='ltr' id='par_1_11' title="bbox 413 1079 2005 1154">
     <span class='ocr_line' id='line_1_11' title="bbox 413 1079 2005 1154; baseline 0 -20"><span class='ocrx_word' id='word_1_62' title='bbox 413 1083 813 1154; x_wconf 81' lang='grc' dir='ltr'>προστέταχεν,</span> <span class='ocrx_word' id='word_1_63' title='bbox 867 1082 944 1144; x_wconf 86' lang='grc' dir='ltr'><strong>ὡς</strong></span> <span class='ocrx_word' id='word_1_64' title='bbox 987 1081 1087 1135; x_wconf 73' lang='grc' dir='ltr'>ἕνα</span> <span class='ocrx_word' id='word_1_65' title='bbox 1123 1098 1225 1133; x_wconf 90' lang='grc' dir='ltr'><strong>που</strong></span> <span class='ocrx_word' id='word_1_66' title='bbox 1259 1081 1499 1146; x_wconf 85' lang='grc' dir='ltr'>πάντως,</span> <span class='ocrx_word' id='word_1_67' title='bbox 1532 1080 1628 1132; x_wconf 68' lang='grc' dir='ltr'><strong>καὶ</strong></span> <span class='ocrx_word' id='word_1_68' title='bbox 1666 1079 1764 1149; x_wconf 83' lang='grc' dir='ltr'><strong>οὐχ</strong></span> <span class='ocrx_word' id='word_1_69' title='bbox 1820 1079 2005 1151; x_wconf 75' lang='grc' dir='ltr'>ἕτερον</span> 
     </span>
    </p>
   </div>
   <div class='ocr_carea' id='block_1_12' title="bbox 413 1171 2003 1245">
    <p class='ocr_par' dir='ltr' id='par_1_12' title="bbox 413 1171 2003 1245">
     <span class='ocr_line' id='line_1_12' title="bbox 413 1171 2003 1245; baseline -0.001 -18"><span class='ocrx_word' id='word_1_70' title='bbox 413 1175 513 1227; x_wconf 75' lang='grc' dir='ltr'><strong>σὺν</strong></span> <span class='ocrx_word' id='word_1_71' title='bbox 541 1175 720 1245; x_wconf 81' lang='grc' dir='ltr'>ἑτέρῳ</span> <span class='ocrx_word' id='word_1_72' title='bbox 740 1190 754 1203; x_wconf 93' lang='grc'><strong>·</strong></span> <span class='ocrx_word' id='word_1_73' title='bbox 790 1172 874 1236; x_wconf 86' lang='grc' dir='ltr'><strong>τίς</strong></span> <span class='ocrx_word' id='word_1_74' title='bbox 906 1173 963 1225; x_wconf 83' lang='grc' dir='ltr'><strong>δὲ</strong></span> <span class='ocrx_word' id='word_1_75' title='bbox 1004 1173 1031 1225; x_wconf 97' lang='lat'><strong>6</strong></span> <span class='ocrx_word' id='word_1_76' title='bbox 1061 1174 1214 1244; x_wconf 75' lang='grc' dir='ltr'>παρὰ</span> <span class='ocrx_word' id='word_1_77' title='bbox 1242 1171 1350 1224; x_wconf 86' lang='grc' dir='ltr'><strong>τῶν</strong></span> <span class='ocrx_word' id='word_1_78' title='bbox 1380 1172 1628 1241; x_wconf 84' lang='grc' dir='ltr'>ἀγγέλων</span> <span class='ocrx_word' id='word_1_79' title='bbox 1661 1174 2003 1243; x_wconf 82' lang='grc' dir='ltr'>προσκυνού-</span> 
     </span>
    </p>
   </div>
   <div class='ocr_carea' id='block_1_13' title="bbox 411 1266 2004 1339">
    <p class='ocr_par' dir='ltr' id='par_1_13' title="bbox 411 1266 2004 1339">
     <span class='ocr_line' id='line_1_13' title="bbox 411 1266 2004 1339; baseline 0.003 -22"><span class='ocrx_word' id='word_1_80' title='bbox 411 1285 618 1337; x_wconf 76' lang='grc' dir='ltr'>μενοςς</span> <span class='ocrx_word' id='word_1_81' title='bbox 670 1266 864 1320; x_wconf 84' lang='grc' dir='ltr'>Καίτοι</span> <span class='ocrx_word' id='word_1_82' title='bbox 892 1266 985 1320; x_wconf 83' lang='grc' dir='ltr'><strong>τὸν</strong></span> <span class='ocrx_word' id='word_1_83' title='bbox 1018 1268 1363 1337; x_wconf 81' lang='grc' dir='ltr'>πρωτότοκον</span> <span class='ocrx_word' id='word_1_84' title='bbox 1393 1268 1426 1335; x_wconf 82' lang='grc' dir='ltr'>ἠ</span> <span class='ocrx_word' id='word_1_85' title='bbox 1462 1266 1581 1320; x_wconf 88' lang='grc' dir='ltr'>θεία</span> <span class='ocrx_word' id='word_1_86' title='bbox 1614 1267 1763 1335; x_wconf 80' lang='grc' dir='ltr'>λέγει</span> <span class='ocrx_word' id='word_1_87' title='bbox 1790 1268 2004 1339; x_wconf 75' lang='grc' dir='ltr'>Γραφὴ,</span> 
     </span>
    </p>
   </div>
   <div class='ocr_carea' id='block_1_14' title="bbox 410 1357 2005 1429">
    <p class='ocr_par' dir='ltr' id='par_1_14' title="bbox 410 1357 2005 1429">
     <span class='ocr_line' id='line_1_14' title="bbox 410 1357 2005 1429; baseline -0.001 -18"><span class='ocrx_word' id='word_1_88' title='bbox 410 1361 765 1429; x_wconf 79' lang='grc' dir='ltr'>πρωτότοκον</span> <span class='ocrx_word' id='word_1_89' title='bbox 794 1358 851 1411; x_wconf 84' lang='grc' dir='ltr'><strong>δὲ</strong></span> <span class='ocrx_word' id='word_1_90' title='bbox 890 1357 1209 1428; x_wconf 82' lang='grc' dir='ltr'>ὠνομάσθαι</span> <span class='ocrx_word' id='word_1_91' title='bbox 1237 1358 1436 1428; x_wconf 75' lang='grc' dir='ltr'>φαμὲν,</span> <span class='ocrx_word' id='word_1_92' title='bbox 1470 1357 1561 1411; x_wconf 81' lang='grc' dir='ltr'><strong>τὸν</strong></span> <span class='ocrx_word' id='word_1_93' title='bbox 1612 1360 1678 1410; x_wconf 80' lang='grc' dir='ltr'>ἐκ</span> <span class='ocrx_word' id='word_1_94' title='bbox 1721 1357 1857 1410; x_wconf 82' lang='grc' dir='ltr'>Θεοῦ</span> <span class='ocrx_word' id='word_1_95' title='bbox 1893 1359 2005 1410; x_wconf 87' lang='grc' dir='ltr'>Πα-</span> 
     </span>
    </p>
   </div>
   <div class='ocr_carea' id='block_1_15' title="bbox 2106 626 3678 705">
    <p class='ocr_par' dir='ltr' id='par_1_15' title="bbox 2106 626 3678 705">
     <span class='ocr_line' id='line_1_15' title="bbox 2106 626 3678 705; baseline -0.003 -23"><span class='ocrx_word' id='word_1_96' title='bbox 2106 638 2254 682; x_wconf 90' lang='lat' dir='ltr'><strong>certe</strong></span> <span class='ocrx_word' id='word_1_97' title='bbox 2290 629 2480 682; x_wconf 86' lang='lat' dir='ltr'><strong>beatus</strong></span> <span class='ocrx_word' id='word_1_98' title='bbox 2536 627 2760 705; x_wconf 37' lang='lat' dir='ltr'><strong>Davidl:</strong></span> <span class='ocrx_word' id='word_1_99' title='bbox 2814 626 3101 680; x_wconf 66' lang='lat' dir='ltr'><strong>«Adhaesit</strong></span> <span class='ocrx_word' id='word_1_100' title='bbox 3150 626 3327 678; x_wconf 87' lang='lat' dir='ltr'><strong>anima</strong></span> <span class='ocrx_word' id='word_1_101' title='bbox 3386 639 3502 679; x_wconf 84' lang='lat' dir='ltr'><strong>mea</strong></span> <span class='ocrx_word' id='word_1_102' title='bbox 3556 631 3678 692; x_wconf 91' lang='lat' dir='ltr'><strong>post</strong></span> 
     </span>
    </p>
   </div>
   <div class='ocr_carea' id='block_1_16' title="bbox 2106 717 3672 789">
    <p class='ocr_par' dir='ltr' id='par_1_16' title="bbox 2106 717 3672 789">
     <span class='ocr_line' id='line_1_16' title="bbox 2106 717 3672 789; baseline -0.003 -16"><span class='ocrx_word' id='word_1_103' title='bbox 2106 729 2159 774; x_wconf 88' lang='lat' dir='ltr'><strong>te</strong></span> <span class='ocrx_word' id='word_1_104' title='bbox 2182 721 2266 787; x_wconf 78' lang='lat'><strong>“;</strong></span> <span class='ocrx_word' id='word_1_105' title='bbox 2303 740 2321 773; x_wconf 78' lang='grc' dir='ltr'><strong>ι</strong></span> <span class='ocrx_word' id='word_1_106' title='bbox 2362 736 2493 789; x_wconf 83' lang='lat' dir='ltr'><strong>ergo</strong></span> <span class='ocrx_word' id='word_1_107' title='bbox 2540 734 2638 773; x_wconf 86' lang='lat' dir='ltr'><strong>nos</strong></span> <span class='ocrx_word' id='word_1_108' title='bbox 2667 734 2880 788; x_wconf 84' lang='lat' dir='ltr'><strong>quoque</strong></span> <span class='ocrx_word' id='word_1_109' title='bbox 2929 735 2992 773; x_wconf 77' lang='lat' dir='ltr'><strong>ex</strong></span> <span class='ocrx_word' id='word_1_110' title='bbox 3030 718 3293 772; x_wconf 76' lang='lat' dir='ltr'><strong>sententia</strong></span> <span class='ocrx_word' id='word_1_111' title='bbox 3345 717 3504 771; x_wconf 89' lang='lat' dir='ltr'><strong>simul</strong></span> <span class='ocrx_word' id='word_1_112' title='bbox 3549 731 3672 771; x_wconf 89' lang='lat' dir='ltr'><strong>cum</strong></span> 
     </span>
    </p>
   </div>
   <div class='ocr_carea' id='block_1_17' title="bbox 2105 794 3673 877">
    <p class='ocr_par' dir='ltr' id='par_1_17' title="bbox 2105 794 3673 877">
     <span class='ocr_line' id='line_1_17' title="bbox 2105 794 3673 877; baseline -0.003 -12"><span class='ocrx_word' id='word_1_113' title='bbox 2105 812 2199 866; x_wconf 91' lang='lat' dir='ltr'><strong>illo</strong></span> <span class='ocrx_word' id='word_1_114' title='bbox 2234 828 2299 866; x_wconf 80' lang='lat' dir='ltr'><strong>ex</strong></span> <span class='ocrx_word' id='word_1_115' title='bbox 2353 824 2544 865; x_wconf 84' lang='lat' dir='ltr'><strong>natura</strong></span> <span class='ocrx_word' id='word_1_116' title='bbox 2597 811 2703 865; x_wconf 91' lang='lat' dir='ltr'><strong>Deo</strong></span> <span class='ocrx_word' id='word_1_117' title='bbox 2754 812 2828 865; x_wconf 89' lang='lat' dir='ltr'><strong>dii</strong></span> <span class='ocrx_word' id='word_1_118' title='bbox 2878 810 3083 865; x_wconf 83' lang='lat' dir='ltr'><strong>erimus</strong></span> <span class='ocrx_word' id='word_1_119' title='bbox 3128 820 3290 877; x_wconf 85' lang='lat' dir='ltr'><strong>atque</strong></span> <span class='ocrx_word' id='word_1_120' title='bbox 3336 794 3673 872; x_wconf 84' lang='lat' dir='ltr'><strong>vocabimur,</strong></span> 
     </span>
    </p>
   </div>
   <div class='ocr_carea' id='block_1_18' title="bbox 2108 900 3675 972">
    <p class='ocr_par' dir='ltr' id='par_1_18' title="bbox 2108 900 3675 972">
     <span class='ocr_line' id='line_1_18' title="bbox 2108 900 3675 972; baseline -0.003 -16"><span class='ocrx_word' id='word_1_121' title='bbox 2108 903 2368 972; x_wconf 86' lang='lat' dir='ltr'><strong>nobisque</strong></span> <span class='ocrx_word' id='word_1_122' title='bbox 2397 902 2645 957; x_wconf 80' lang='lat' dir='ltr'><strong>ﬂectetur</strong></span> <span class='ocrx_word' id='word_1_123' title='bbox 2676 917 2837 956; x_wconf 90' lang='lat' dir='ltr'><strong>omne</strong></span> <span class='ocrx_word' id='word_1_124' title='bbox 2861 918 3023 969; x_wconf 81' lang='lat' dir='ltr'><strong>genu.</strong></span> <span class='ocrx_word' id='word_1_125' title='bbox 3056 900 3198 966; x_wconf 84' lang='lat' dir='ltr'><strong>Quid</strong></span> <span class='ocrx_word' id='word_1_126' title='bbox 3231 900 3551 969; x_wconf 61' lang='lat' dir='ltr'><strong>praeceperit</strong></span> <span class='ocrx_word' id='word_1_127' title='bbox 3579 914 3675 954; x_wconf 83' lang='lat' dir='ltr'><strong>su-</strong></span> 
     </span>
    </p>
   </div>
   <div class='ocr_carea' id='block_1_19' title="bbox 2106 989 3676 1062">
    <p class='ocr_par' dir='ltr' id='par_1_19' title="bbox 2106 989 3676 1062">
     <span class='ocr_line' id='line_1_19' title="bbox 2106 989 3676 1062; baseline -0.003 -14"><span class='ocrx_word' id='word_1_128' title='bbox 2106 995 2251 1062; x_wconf 87' lang='lat' dir='ltr'><strong>peris</strong></span> <span class='ocrx_word' id='word_1_129' title='bbox 2298 994 2580 1061; x_wconf 80' lang='lat' dir='ltr'><strong>spiritibus</strong></span> <span class='ocrx_word' id='word_1_130' title='bbox 2633 994 2771 1048; x_wconf 85' lang='lat' dir='ltr'><strong>Deus</strong></span> <span class='ocrx_word' id='word_1_131' title='bbox 2820 1010 2883 1047; x_wconf 88' lang='lat' dir='ltr'><strong>ac</strong></span> <span class='ocrx_word' id='word_1_132' title='bbox 2934 993 3131 1056; x_wconf 85' lang='lat' dir='ltr'><strong>Pater,</strong></span> <span class='ocrx_word' id='word_1_133' title='bbox 3180 993 3371 1045; x_wconf 87' lang='lat' dir='ltr'><strong>doceat</strong></span> <span class='ocrx_word' id='word_1_134' title='bbox 3424 989 3676 1059; x_wconf 87' lang='lat' dir='ltr'><strong>prodieus</strong></span> 
     </span>
    </p>
   </div>
   <div class='ocr_carea' id='block_1_20' title="bbox 2108 1082 3678 1154">
    <p class='ocr_par' dir='ltr' id='par_1_20' title="bbox 2108 1082 3678 1154">
     <span class='ocr_line' id='line_1_20' title="bbox 2108 1082 3678 1154; baseline -0.003 -15"><span class='ocrx_word' id='word_1_135' title='bbox 2108 1087 2300 1141; x_wconf 83' lang='lat' dir='ltr'><strong>beatus</strong></span> <span class='ocrx_word' id='word_1_136' title='bbox 2332 1086 2554 1139; x_wconf 80' lang='lat' dir='ltr'><strong>Paulus.</strong></span> <span class='ocrx_word' id='word_1_137' title='bbox 2599 1103 2616 1135; x_wconf 71' lang='grc' dir='ltr'><strong>ι</strong></span> <span class='ocrx_word' id='word_1_138' title='bbox 2648 1085 2806 1147; x_wconf 83' lang='lat' dir='ltr'><strong>Cum,</strong></span> <span class='ocrx_word' id='word_1_139' title='bbox 2843 1086 3040 1154; x_wconf 84' lang='lat' dir='ltr'><strong>inquit,</strong></span> <span class='ocrx_word' id='word_1_140' title='bbox 3077 1083 3369 1137; x_wconf 82' lang='lat' dir='ltr'><strong>introducit</strong></span> <span class='ocrx_word' id='word_1_141' title='bbox 3400 1082 3678 1151; x_wconf 81' lang='lat' dir='ltr'><strong>Primoge-</strong></span> 
     </span>
    </p>
   </div>
   <div class='ocr_carea' id='block_1_21' title="bbox 2108 1174 3678 1243">
    <p class='ocr_par' dir='ltr' id='par_1_21' title="bbox 2108 1174 3678 1243">
     <span class='ocr_line' id='line_1_21' title="bbox 2108 1174 3678 1243; baseline -0.001 -16"><span class='ocrx_word' id='word_1_142' title='bbox 2108 1175 2275 1228; x_wconf 87' lang='lat' dir='ltr'><strong>nitum</strong></span> <span class='ocrx_word' id='word_1_143' title='bbox 2313 1177 2363 1229; x_wconf 93' lang='lat' dir='ltr'><strong>in</strong></span> <span class='ocrx_word' id='word_1_144' title='bbox 2398 1178 2584 1230; x_wconf 85' lang='lat' dir='ltr'><strong>orbem</strong></span> <span class='ocrx_word' id='word_1_145' title='bbox 2613 1175 2920 1243; x_wconf 51' lang='lat' dir='ltr'><strong>terram-luit</strong></span> <span class='ocrx_word' id='word_1_146' title='bbox 2950 1194 2962 1227; x_wconf 88' lang='lat'><strong>:</strong></span> <span class='ocrx_word' id='word_1_147' title='bbox 3003 1174 3067 1228; x_wconf 84' lang='lat' dir='ltr'><strong>Et</strong></span> <span class='ocrx_word' id='word_1_148' title='bbox 3093 1174 3317 1228; x_wconf 83' lang='lat' dir='ltr'><strong>adorent</strong></span> <span class='ocrx_word' id='word_1_149' title='bbox 3342 1188 3465 1227; x_wconf 90' lang='lat' dir='ltr'><strong>eum</strong></span> <span class='ocrx_word' id='word_1_150' title='bbox 3489 1186 3678 1227; x_wconf 87' lang='lat' dir='ltr'><strong>omnes</strong></span> 
     </span>
    </p>
   </div>
   <div class='ocr_carea' id='block_1_22' title="bbox 2062 1260 3680 1338">
    <p class='ocr_par' dir='ltr' id='par_1_22' title="bbox 2062 1260 3680 1338">
     <span class='ocr_line' id='line_1_22' title="bbox 2062 1260 3680 1338; baseline -0.001 -17"><span class='ocrx_word' id='word_1_151' title='bbox 2062 1260 2075 1273; x_wconf 33' lang='grc' dir='ltr'>κ</span> <span class='ocrx_word' id='word_1_152' title='bbox 2107 1268 2279 1337; x_wconf 74' lang='lat' dir='ltr'><strong>angeli</strong></span> <span class='ocrx_word' id='word_1_153' title='bbox 2318 1267 2412 1322; x_wconf 87' lang='lat' dir='ltr'><strong>Dei</strong></span> <span class='ocrx_word' id='word_1_154' title='bbox 2439 1270 2505 1321; x_wconf 77' lang='grc'>⁸⁸.</span> <span class='ocrx_word' id='word_1_155' title='bbox 2537 1288 2555 1320; x_wconf 77' lang='grc' dir='ltr'><strong>ι</strong></span> <span class='ocrx_word' id='word_1_156' title='bbox 2591 1269 2761 1338; x_wconf 86' lang='lat' dir='ltr'><strong>Igitur</strong></span> <span class='ocrx_word' id='word_1_157' title='bbox 2804 1268 2929 1335; x_wconf 83' lang='lat' dir='ltr'><strong>quia</strong></span> <span class='ocrx_word' id='word_1_158' title='bbox 2963 1268 3018 1320; x_wconf 89' lang='lat' dir='ltr'><strong>iu</strong></span> <span class='ocrx_word' id='word_1_159' title='bbox 3060 1268 3143 1321; x_wconf 86' lang='lat' dir='ltr'><strong>his</strong></span> <span class='ocrx_word' id='word_1_160' title='bbox 3169 1267 3348 1321; x_wconf 77' lang='lat' dir='ltr'><strong>verbis</strong></span> <span class='ocrx_word' id='word_1_161' title='bbox 3382 1266 3510 1320; x_wconf 90' lang='lat' dir='ltr'><strong>illud</strong></span> <span class='ocrx_word' id='word_1_162' title='bbox 3548 1279 3680 1319; x_wconf 81' lang='lat' dir='ltr'><strong>sane</strong></span> 
     </span>
    </p>
   </div>
   <div class='ocr_carea' id='block_1_23' title="bbox 2107 1356 3679 1428">
    <p class='ocr_par' dir='ltr' id='par_1_23' title="bbox 2107 1356 3679 1428">
     <span class='ocr_line' id='line_1_23' title="bbox 2107 1356 3679 1428; baseline -0.001 -15"><span class='ocrx_word' id='word_1_163' title='bbox 2107 1360 2324 1428; x_wconf 84' lang='lat' dir='ltr'><strong>sapiens</strong></span> <span class='ocrx_word' id='word_1_164' title='bbox 2349 1371 2498 1413; x_wconf 91' lang='lat' dir='ltr'><strong>tuum</strong></span> <span class='ocrx_word' id='word_1_165' title='bbox 2528 1371 2896 1413; x_wconf 84' lang='lat' dir='ltr'><strong>commentum</strong></span> <span class='ocrx_word' id='word_1_166' title='bbox 2928 1374 3033 1413; x_wconf 88' lang='lat' dir='ltr'><strong>non</strong></span> <span class='ocrx_word' id='word_1_167' title='bbox 3068 1368 3151 1413; x_wconf 88' lang='lat' dir='ltr'><strong>est</strong></span> <span class='ocrx_word' id='word_1_168' title='bbox 3180 1356 3553 1427; x_wconf 82' lang='lat' dir='ltr'><strong>subjunctum,</strong></span> <span class='ocrx_word' id='word_1_169' title='bbox 3583 1356 3679 1411; x_wconf 86' lang='lat' dir='ltr'><strong>sed</strong></span> 
     </span>
    </p>
   </div>
   <div class='ocr_carea' id='block_1_24' title="bbox 405 1448 2006 1523">
    <p class='ocr_par' dir='ltr' id='par_1_24' title="bbox 405 1448 2006 1523">
     <span class='ocr_line' id='line_1_24' title="bbox 405 1448 2006 1523; baseline -0.001 -19"><span class='ocrx_word' id='word_1_170' title='bbox 405 1452 540 1523; x_wconf 81' lang='grc' dir='ltr'>τρὺς</span> <span class='ocrx_word' id='word_1_171' title='bbox 569 1450 772 1519; x_wconf 85' lang='grc' dir='ltr'>Λόγον,</span> <span class='ocrx_word' id='word_1_172' title='bbox 812 1451 995 1502; x_wconf 88' lang='grc' dir='ltr'>καίτοι</span> <span class='ocrx_word' id='word_1_173' title='bbox 1028 1448 1162 1502; x_wconf 78' lang='grc' dir='ltr'>Θεὸν</span> <span class='ocrx_word' id='word_1_174' title='bbox 1198 1449 1329 1503; x_wconf 67' lang='grc' dir='ltr'>ὄντα</span> <span class='ocrx_word' id='word_1_175' title='bbox 1370 1449 1514 1503; x_wconf 82' lang='grc' dir='ltr'>κατὰ</span> <span class='ocrx_word' id='word_1_176' title='bbox 1557 1449 1720 1519; x_wconf 80' lang='grc' dir='ltr'>φύσιν</span> <span class='ocrx_word' id='word_1_177' title='bbox 1752 1449 1844 1503; x_wconf 60' lang='grc' dir='ltr'><strong>καὶ⁵</strong></span> <span class='ocrx_word' id='word_1_178' title='bbox 1879 1449 2006 1503; x_wconf 82' lang='grc' dir='ltr'>Υῑὺν</span> 
     </span>
    </p>
   </div>
   <div class='ocr_carea' id='block_1_25' title="bbox 406 1534 2004 1612">
    <p class='ocr_par' dir='ltr' id='par_1_25' title="bbox 406 1534 2004 1612">
     <span class='ocr_line' id='line_1_25' title="bbox 406 1534 2004 1612; baseline -0.001 -18"><span class='ocrx_word' id='word_1_179' title='bbox 406 1541 704 1612; x_wconf 73' lang='grc' dir='ltr'>μονογενῆ,</span> <span class='ocrx_word' id='word_1_180' title='bbox 737 1540 834 1593; x_wconf 79' lang='grc' dir='ltr'>καὶ</span> <span class='ocrx_word' id='word_1_181' title='bbox 882 1539 1221 1595; x_wconf 81' lang='grc' dir='ltr'>ἀσύντακτον</span> <span class='ocrx_word' id='word_1_182' title='bbox 1250 1534 1325 1610; x_wconf 61' lang='grc' dir='ltr'>τῇ</span> <span class='ocrx_word' id='word_1_183' title='bbox 1382 1538 1578 1600; x_wconf 85' lang='grc' dir='ltr'>κτίσει,</span> <span class='ocrx_word' id='word_1_184' title='bbox 1626 1540 1766 1594; x_wconf 83' lang='grc' dir='ltr'>κατά</span> <span class='ocrx_word' id='word_1_185' title='bbox 1805 1557 1867 1608; x_wconf 87' lang='grc' dir='ltr'><strong>γε</strong></span> <span class='ocrx_word' id='word_1_186' title='bbox 1914 1541 2004 1593; x_wconf 74' lang='grc' dir='ltr'>τὸν</span> 
     </span>
    </p>
   </div>
   <div class='ocr_carea' id='block_1_26' title="bbox 400 1629 2006 1703">
    <p class='ocr_par' dir='ltr' id='par_1_26' title="bbox 400 1629 2006 1703">
     <span class='ocr_line' id='line_1_26' title="bbox 400 1629 2006 1703; baseline 0.001 -19"><span class='ocrx_word' id='word_1_187' title='bbox 400 1632 506 1703; x_wconf 79' lang='grc' dir='ltr'>τῆς</span> <span class='ocrx_word' id='word_1_188' title='bbox 535 1632 801 1701; x_wconf 79' lang='grc' dir='ltr'>θεότητος</span> <span class='ocrx_word' id='word_1_189' title='bbox 854 1630 1035 1699; x_wconf 89' lang='grc' dir='ltr'>λόγον,</span> <span class='ocrx_word' id='word_1_190' title='bbox 1086 1631 1171 1684; x_wconf 84' lang='grc' dir='ltr'>ὅτι</span> <span class='ocrx_word' id='word_1_191' title='bbox 1196 1629 1423 1698; x_wconf 83' lang='grc' dir='ltr'>γέγονεν</span> <span class='ocrx_word' id='word_1_192' title='bbox 1449 1630 1760 1701; x_wconf 79' lang='grc' dir='ltr'>ἄνθρωπος,</span> <span class='ocrx_word' id='word_1_193' title='bbox 1804 1631 1899 1684; x_wconf 77' lang='grc' dir='ltr'>καὶ</span> <span class='ocrx_word' id='word_1_194' title='bbox 1949 1632 2006 1685; x_wconf 78' lang='grc' dir='ltr'>ἐν</span> 
     </span>
    </p>
   </div>
   <div class='ocr_carea' id='block_1_27' title="bbox 404 1714 2006 1794">
    <p class='ocr_par' dir='ltr' id='par_1_27' title="bbox 404 1714 2006 1793">
     <span class='ocr_line' id='line_1_27' title="bbox 404 1714 2006 1793; baseline -0.004 -14"><span class='ocrx_word' id='word_1_195' title='bbox 404 1725 631 1789; x_wconf 74' lang='grc' dir='ltr'>πολλοῖς</span> <span class='ocrx_word' id='word_1_196' title='bbox 667 1724 922 1792; x_wconf 75' lang='grc' dir='ltr'><strong>ἀδελφοῖς</strong></span> <span class='ocrx_word' id='word_1_197' title='bbox 945 1721 1313 1793; x_wconf 88' lang='grc' dir='ltr'>πρωτότοκος.</span> <span class='ocrx_word' id='word_1_198' title='bbox 1334 1714 1429 1784; x_wconf 73' lang='grc' dir='ltr'><strong>Εἷς</strong></span> <span class='ocrx_word' id='word_1_199' title='bbox 1466 1715 1558 1774; x_wconf 75' lang='grc' dir='ltr'><strong>οὖν</strong></span> <span class='ocrx_word' id='word_1_200' title='bbox 1596 1720 1706 1790; x_wconf 80' lang='grc' dir='ltr'>ἄρα</span> <span class='ocrx_word' id='word_1_201' title='bbox 1736 1720 1873 1790; x_wconf 85' lang='grc' dir='ltr'>πρὸς</span> <span class='ocrx_word' id='word_1_202' title='bbox 1897 1718 2006 1772; x_wconf 83' lang='grc' dir='ltr'>τῶν</span> 
     </span>
    </p>
   </div>
   <div class='ocr_carea' id='block_1_28' title="bbox 2107 1714 3682 1794">
    <p class='ocr_par' dir='ltr' id='par_1_28' title="bbox 2107 1721 3682 1794">
     <span class='ocr_line' id='line_1_28' title="bbox 2107 1721 3682 1794; baseline -0.001 -18"><span class='ocrx_word' id='word_1_203' title='bbox 2107 1721 2305 1777; x_wconf 81' lang='lat' dir='ltr'><strong>divina:</strong></span> <span class='ocrx_word' id='word_1_204' title='bbox 2329 1723 2551 1779; x_wconf 66' lang='lat' dir='ltr'><strong>Litterae</strong></span> <span class='ocrx_word' id='word_1_205' title='bbox 2582 1725 2771 1779; x_wconf 90' lang='lat' dir='ltr'><strong>dicunt</strong></span> <span class='ocrx_word' id='word_1_206' title='bbox 2799 1741 2814 1777; x_wconf 90' lang='lat'><strong>:</strong></span> <span class='ocrx_word' id='word_1_207' title='bbox 2842 1724 3258 1794; x_wconf 79' lang='lat' dir='ltr'><strong>primogenitum</strong></span> <span class='ocrx_word' id='word_1_208' title='bbox 3290 1733 3470 1778; x_wconf 90' lang='lat' dir='ltr'><strong>autem</strong></span> <span class='ocrx_word' id='word_1_209' title='bbox 3490 1721 3682 1790; x_wconf 78' lang='lat' dir='ltr'><strong>appel-</strong></span> 
     </span>
    </p>
   </div>
   <div class='ocr_carea' id='block_1_29' title="bbox 404 1807 2006 1885">
    <p class='ocr_par' dir='ltr' id='par_1_29' title="bbox 404 1807 2006 1885">
     <span class='ocr_line' id='line_1_29' title="bbox 404 1807 2006 1885; baseline -0.007 -15"><span class='ocrx_word' id='word_1_210' title='bbox 404 1815 521 1870; x_wconf 76' lang='grc' dir='ltr'>ᾶνω</span> <span class='ocrx_word' id='word_1_211' title='bbox 543 1812 883 1885; x_wconf 80' lang='grc' dir='ltr'>πνευμάτων</span> <span class='ocrx_word' id='word_1_212' title='bbox 910 1813 940 1865; x_wconf 89' lang='lat'><strong>6</strong></span> <span class='ocrx_word' id='word_1_213' title='bbox 970 1808 1468 1882; x_wconf 76' lang='grc' dir='ltr'>προσκυνούμενος,</span> <span class='ocrx_word' id='word_1_214' title='bbox 1494 1811 1522 1861; x_wconf 90' lang='lat'><strong>6</strong></span> <span class='ocrx_word' id='word_1_215' title='bbox 1547 1809 1610 1861; x_wconf 78' lang='grc' dir='ltr'>ὲκ</span> <span class='ocrx_word' id='word_1_216' title='bbox 1634 1807 1769 1861; x_wconf 82' lang='grc' dir='ltr'>Θεοῦ</span> <span class='ocrx_word' id='word_1_217' title='bbox 1794 1808 2006 1879; x_wconf 82' lang='grc' dir='ltr'>Πατρὸς</span> 
     </span>
    </p>
   </div>
   <div class='ocr_carea' id='block_1_30' title="bbox 2107 1807 3684 1885">
    <p class='ocr_par' dir='ltr' id='par_1_30' title="bbox 2108 1813 3684 1877">
     <span class='ocr_line' id='line_1_30' title="bbox 2108 1813 3684 1877; baseline -0.001 -10"><span class='ocrx_word' id='word_1_218' title='bbox 2108 1813 2277 1867; x_wconf 89' lang='lat' dir='ltr'><strong>latum</strong></span> <span class='ocrx_word' id='word_1_219' title='bbox 2328 1815 2558 1871; x_wconf 88' lang='lat' dir='ltr'><strong>dicimus</strong></span> <span class='ocrx_word' id='word_1_220' title='bbox 2593 1815 2725 1871; x_wconf 89' lang='lat' dir='ltr'><strong>illud</strong></span> <span class='ocrx_word' id='word_1_221' title='bbox 2777 1831 2843 1870; x_wconf 80' lang='lat' dir='ltr'><strong>ex</strong></span> <span class='ocrx_word' id='word_1_222' title='bbox 2896 1817 3004 1869; x_wconf 91' lang='lat' dir='ltr'><strong>Deo</strong></span> <span class='ocrx_word' id='word_1_223' title='bbox 3050 1815 3210 1870; x_wconf 87' lang='lat' dir='ltr'><strong>Patre</strong></span> <span class='ocrx_word' id='word_1_224' title='bbox 3232 1813 3502 1877; x_wconf 84' lang='lat' dir='ltr'><strong>.Verbum,</strong></span> <span class='ocrx_word' id='word_1_225' title='bbox 3554 1814 3684 1867; x_wconf 91' lang='lat' dir='ltr'><strong>licet</strong></span> 
     </span>
    </p>
   </div>
   <div class='ocr_carea' id='block_1_31' title="bbox 405 1888 2006 1975">
    <p class='ocr_par' dir='ltr' id='par_1_31' title="bbox 405 1895 2006 1974">
     <span class='ocr_line' id='line_1_31' title="bbox 405 1895 2006 1974; baseline -0.006 -15"><span class='ocrx_word' id='word_1_226' title='bbox 405 1905 582 1973; x_wconf 81' lang='grc' dir='ltr'>Λόγος</span> <span class='ocrx_word' id='word_1_227' title='bbox 622 1903 767 1973; x_wconf 80' lang='grc' dir='ltr'>μετὰ</span> <span class='ocrx_word' id='word_1_228' title='bbox 794 1905 895 1974; x_wconf 82' lang='grc' dir='ltr'>τῆς</span> <span class='ocrx_word' id='word_1_229' title='bbox 928 1901 1065 1964; x_wconf 76' lang='grc' dir='ltr'>ἰδίας</span> <span class='ocrx_word' id='word_1_230' title='bbox 1098 1898 1301 1969; x_wconf 87' lang='grc' dir='ltr'>σαρκός</span> <span class='ocrx_word' id='word_1_231' title='bbox 1321 1914 1336 1930; x_wconf 97' lang='grc'><strong>·</strong></span> <span class='ocrx_word' id='word_1_232' title='bbox 1376 1896 1499 1950; x_wconf 85' lang='grc' dir='ltr'>τότε</span> <span class='ocrx_word' id='word_1_233' title='bbox 1529 1895 1637 1967; x_wconf 87' lang='grc' dir='ltr'>γὰρ</span> <span class='ocrx_word' id='word_1_234' title='bbox 1667 1895 1879 1959; x_wconf 82' lang='grc' dir='ltr'>τέτοκε,</span> <span class='ocrx_word' id='word_1_235' title='bbox 1911 1898 2006 1950; x_wconf 81' lang='grc' dir='ltr'><strong>κα)⁸</strong></span> 
     </span>
    </p>
   </div>
   <div class='ocr_carea' id='block_1_32' title="bbox 2107 1888 3681 1975">
    <p class='ocr_par' dir='ltr' id='par_1_32' title="bbox 2114 1902 3681 1975">
     <span class='ocr_line' id='line_1_32' title="bbox 2114 1902 3681 1975; baseline 0 -18"><span class='ocrx_word' id='word_1_236' title='bbox 2114 1902 2258 1959; x_wconf 88' lang='lat' dir='ltr'><strong>Deus</strong></span> <span class='ocrx_word' id='word_1_237' title='bbox 2286 1915 2434 1959; x_wconf 83' lang='lat' dir='ltr'><strong>esset</strong></span> <span class='ocrx_word' id='word_1_238' title='bbox 2465 1920 2531 1961; x_wconf 80' lang='lat' dir='ltr'><strong>ex</strong></span> <span class='ocrx_word' id='word_1_239' title='bbox 2561 1917 2772 1974; x_wconf 87' lang='lat' dir='ltr'><strong>natura,</strong></span> <span class='ocrx_word' id='word_1_240' title='bbox 2802 1923 2867 1962; x_wconf 89' lang='lat' dir='ltr'><strong>ac</strong></span> <span class='ocrx_word' id='word_1_241' title='bbox 2896 1906 3066 1962; x_wconf 83' lang='lat' dir='ltr'><strong>Filius</strong></span> <span class='ocrx_word' id='word_1_242' title='bbox 3098 1906 3429 1975; x_wconf 79' lang='lat' dir='ltr'><strong>unigenitus,</strong></span> <span class='ocrx_word' id='word_1_243' title='bbox 3461 1914 3512 1959; x_wconf 90' lang='lat' dir='ltr'><strong>et</strong></span> <span class='ocrx_word' id='word_1_244' title='bbox 3538 1904 3681 1974; x_wconf 82' lang='lat' dir='ltr'><strong>quod</strong></span> 
     </span>
    </p>
   </div>
   <div class='ocr_carea' id='block_1_33' title="bbox 406 1988 2006 2068">
    <p class='ocr_par' dir='ltr' id='par_1_33' title="bbox 406 1988 2004 2068">
     <span class='ocr_line' id='line_1_33' title="bbox 406 1988 2004 2068; baseline -0.006 -18"><span class='ocrx_word' id='word_1_245' title='bbox 406 1997 484 2061; x_wconf 82' lang='grc' dir='ltr'>ὡς</span> <span class='ocrx_word' id='word_1_246' title='bbox 518 1995 829 2068; x_wconf 81' lang='grc' dir='ltr'>πρωτεύων</span> <span class='ocrx_word' id='word_1_247' title='bbox 854 1996 915 2049; x_wconf 80' lang='grc' dir='ltr'>ὲν</span> <span class='ocrx_word' id='word_1_248' title='bbox 946 1994 1100 2056; x_wconf 79' lang='grc' dir='ltr'>πᾶσι,</span> <span class='ocrx_word' id='word_1_249' title='bbox 1131 1993 1332 2045; x_wconf 85' lang='grc' dir='ltr'>νοεῖται</span> <span class='ocrx_word' id='word_1_250' title='bbox 1366 1989 1727 2061; x_wconf 87' lang='grc' dir='ltr'>πρωτότοκος.</span> <span class='ocrx_word' id='word_1_251' title='bbox 1777 1988 1914 2040; x_wconf 80' lang='grc' dir='ltr'>Ἀλλ’</span> <span class='ocrx_word' id='word_1_252' title='bbox 1947 1988 2004 2040; x_wconf 79' lang='grc' dir='ltr'>αἱ</span> 
     </span>
    </p>
   </div>
   <div class='ocr_carea' id='block_1_34' title="bbox 2107 1988 3684 2068">
    <p class='ocr_par' dir='ltr' id='par_1_34' title="bbox 2112 1992 3684 2067">
     <span class='ocr_line' id='line_1_34' title="bbox 2112 1992 3684 2067; baseline 0.003 -24"><span class='ocrx_word' id='word_1_253' title='bbox 2112 1992 2180 2047; x_wconf 91' lang='lat' dir='ltr'><strong>ad</strong></span> <span class='ocrx_word' id='word_1_254' title='bbox 2227 1992 2447 2050; x_wconf 85' lang='lat' dir='ltr'><strong>deitatis</strong></span> <span class='ocrx_word' id='word_1_255' title='bbox 2495 1995 2758 2051; x_wconf 86' lang='lat' dir='ltr'><strong>rationem</strong></span> <span class='ocrx_word' id='word_1_256' title='bbox 2806 1999 3062 2067; x_wconf 83' lang='lat' dir='ltr'><strong>pertinet,</strong></span> <span class='ocrx_word' id='word_1_257' title='bbox 3121 2011 3242 2050; x_wconf 90' lang='lat' dir='ltr'><strong>cum</strong></span> <span class='ocrx_word' id='word_1_258' title='bbox 3290 2006 3538 2049; x_wconf 86' lang='lat' dir='ltr'><strong>creatura</strong></span> <span class='ocrx_word' id='word_1_259' title='bbox 3589 1993 3684 2048; x_wconf 90' lang='lat' dir='ltr'><strong>mi-</strong></span> 
     </span>
    </p>
   </div>
   <div class='ocr_carea' id='block_1_35' title="bbox 414 2079 2006 2157">
    <p class='ocr_par' dir='ltr' id='par_1_35' title="bbox 414 2079 2004 2155">
     <span class='ocr_line' id='line_1_35' title="bbox 414 2079 2004 2155; baseline -0.004 -16"><span class='ocrx_word' id='word_1_260' title='bbox 414 2086 516 2153; x_wconf 81' lang='grc' dir='ltr'>μὲν</span> <span class='ocrx_word' id='word_1_261' title='bbox 540 2086 900 2139; x_wconf 81' lang='grc' dir='ltr'>θεόπνευστοι</span> <span class='ocrx_word' id='word_1_262' title='bbox 932 2083 1169 2155; x_wconf 74' lang='grc' dir='ltr'>Γραφαὶ,</span> <span class='ocrx_word' id='word_1_263' title='bbox 1190 2081 1424 2150; x_wconf 83' lang='grc' dir='ltr'>Χριστὸν</span> <span class='ocrx_word' id='word_1_264' title='bbox 1440 2080 1537 2134; x_wconf 74' lang='grc' dir='ltr'><strong>ἕνα</strong></span> <span class='ocrx_word' id='word_1_265' title='bbox 1561 2079 2004 2150; x_wconf 77' lang='grc' dir='ltr'>δεακηρύττουσι,</span> 
     </span>
    </p>
   </div>
   <div class='ocr_carea' id='block_1_36' title="bbox 2107 2079 3683 2157">
    <p class='ocr_par' dir='ltr' id='par_1_36' title="bbox 2113 2083 3683 2157">
     <span class='ocr_line' id='line_1_36' title="bbox 2113 2083 3683 2157; baseline -0.001 -20"><span class='ocrx_word' id='word_1_266' title='bbox 2113 2084 2258 2138; x_wconf 90' lang='lat' dir='ltr'><strong>nime</strong></span> <span class='ocrx_word' id='word_1_267' title='bbox 2293 2088 2617 2150; x_wconf 86' lang='lat' dir='ltr'><strong>censendus,</strong></span> <span class='ocrx_word' id='word_1_268' title='bbox 2650 2089 2776 2157; x_wconf 83' lang='lat' dir='ltr'><strong>quia</strong></span> <span class='ocrx_word' id='word_1_269' title='bbox 2810 2087 2984 2141; x_wconf 81' lang='lat' dir='ltr'><strong>factus</strong></span> <span class='ocrx_word' id='word_1_270' title='bbox 3020 2098 3105 2141; x_wconf 88' lang='lat' dir='ltr'><strong>est</strong></span> <span class='ocrx_word' id='word_1_271' title='bbox 3142 2088 3327 2150; x_wconf 89' lang='lat' dir='ltr'><strong>homo,</strong></span> <span class='ocrx_word' id='word_1_272' title='bbox 3361 2096 3417 2140; x_wconf 88' lang='lat' dir='ltr'><strong>et</strong></span> <span class='ocrx_word' id='word_1_273' title='bbox 3446 2085 3499 2138; x_wconf 90' lang='lat' dir='ltr'><strong>in</strong></span> <span class='ocrx_word' id='word_1_274' title='bbox 3545 2083 3683 2138; x_wconf 68' lang='lat' dir='ltr'><strong>mulo</strong></span> 
     </span>
    </p>
   </div>
   <div class='ocr_carea' id='block_1_37' title="bbox 417 2172 2006 2258">
    <p class='ocr_par' dir='ltr' id='par_1_37' title="bbox 417 2172 2003 2258">
     <span class='ocr_line' id='line_1_37' title="bbox 417 2172 2003 2258; baseline -0.003 -28"><span class='ocrx_word' id='word_1_275' title='bbox 417 2178 514 2230; x_wconf 72' lang='grc' dir='ltr'><strong>καὶ</strong></span> <span class='ocrx_word' id='word_1_276' title='bbox 538 2177 691 2241; x_wconf 78' lang='grc' dir='ltr'>Υἱὺν,</span> <span class='ocrx_word' id='word_1_277' title='bbox 713 2179 814 2230; x_wconf 81' lang='grc' dir='ltr'>καὶ</span> <span class='ocrx_word' id='word_1_278' title='bbox 842 2175 1077 2247; x_wconf 86' lang='grc' dir='ltr'>Κύριον·</span> <span class='ocrx_word' id='word_1_279' title='bbox 1108 2174 1203 2226; x_wconf 90' lang='grc' dir='ltr'>δύο</span> <span class='ocrx_word' id='word_1_280' title='bbox 1234 2189 1298 2237; x_wconf 89' lang='grc' dir='ltr'><strong>γε</strong></span> <span class='ocrx_word' id='word_1_281' title='bbox 1331 2172 1436 2243; x_wconf 82' lang='grc' dir='ltr'><strong>μὴν</strong></span> <span class='ocrx_word' id='word_1_282' title='bbox 1466 2173 1495 2225; x_wconf 93' lang='lat'><strong>6</strong></span> <span class='ocrx_word' id='word_1_283' title='bbox 1524 2172 1779 2242; x_wconf 82' lang='grc' dir='ltr'>περιττὸς</span> <span class='ocrx_word' id='word_1_284' title='bbox 1803 2173 2003 2258; x_wconf 69' lang='grc' dir='ltr'>οὑτοσὶ,</span> 
     </span>
    </p>
   </div>
   <div class='ocr_carea' id='block_1_38' title="bbox 2107 2172 3681 2258">
    <p class='ocr_par' dir='ltr' id='par_1_38' title="bbox 2114 2174 3681 2249">
     <span class='ocr_line' id='line_1_38' title="bbox 2114 2174 3681 2249; baseline 0.001 -21"><span class='ocrx_word' id='word_1_285' title='bbox 2114 2174 2182 2230; x_wconf 90' lang='lat' dir='ltr'><strong>tis</strong></span> <span class='ocrx_word' id='word_1_286' title='bbox 2212 2175 2476 2232; x_wconf 80' lang='lat' dir='ltr'><strong>fratribus</strong></span> <span class='ocrx_word' id='word_1_287' title='bbox 2512 2180 2909 2249; x_wconf 78' lang='lat' dir='ltr'><strong>primogenitus</strong></span> <span class='ocrx_word' id='word_1_288' title='bbox 2929 2179 2996 2235; x_wconf 85' lang='lat'><strong>“.</strong></span> <span class='ocrx_word' id='word_1_289' title='bbox 3034 2177 3182 2233; x_wconf 89' lang='lat' dir='ltr'><strong>Unus</strong></span> <span class='ocrx_word' id='word_1_290' title='bbox 3218 2188 3299 2234; x_wconf 87' lang='lat' dir='ltr'><strong>est</strong></span> <span class='ocrx_word' id='word_1_291' title='bbox 3337 2177 3504 2245; x_wconf 89' lang='lat' dir='ltr'><strong>igitur</strong></span> <span class='ocrx_word' id='word_1_292' title='bbox 3528 2177 3619 2243; x_wconf 83' lang='lat' dir='ltr'><strong>qui</strong></span> <span class='ocrx_word' id='word_1_293' title='bbox 3649 2189 3681 2230; x_wconf 70' lang='grc' dir='ltr'>ι</span> 
     </span>
    </p>
   </div>
   <div class='ocr_carea' id='block_1_39' title="bbox 424 2263 2006 2338">
    <p class='ocr_par' dir='ltr' id='par_1_39' title="bbox 424 2263 2006 2338">
     <span class='ocr_line' id='line_1_39' title="bbox 424 2263 2006 2338; baseline -0.003 -17"><span class='ocrx_word' id='word_1_294' title='bbox 424 2268 522 2321; x_wconf 75' lang='grc' dir='ltr'><strong>καὶ</strong></span> <span class='ocrx_word' id='word_1_295' title='bbox 573 2267 1057 2338; x_wconf 80' lang='grc' dir='ltr'>προσκυνούμενον</span> <span class='ocrx_word' id='word_1_296' title='bbox 1114 2265 1397 2334; x_wconf 79' lang='grc' dir='ltr'>ἄνθρωπον</span> <span class='ocrx_word' id='word_1_297' title='bbox 1448 2265 1514 2332; x_wconf 81' lang='grc' dir='ltr'>τῇ</span> <span class='ocrx_word' id='word_1_298' title='bbox 1598 2263 1729 2334; x_wconf 82' lang='grc' dir='ltr'>ἁγίᾳ</span> <span class='ocrx_word' id='word_1_299' title='bbox 1778 2280 1836 2317; x_wconf 88' lang='grc' dir='ltr'><strong>τε</strong></span> <span class='ocrx_word' id='word_1_300' title='bbox 1913 2264 2006 2317; x_wconf 79' lang='grc' dir='ltr'>καὶ</span> 
     </span>
    </p>
   </div>
   <div class='ocr_carea' id='block_1_40' title="bbox 2107 2263 3684 2338">
    <p class='ocr_par' dir='ltr' id='par_1_40' title="bbox 2108 2266 3684 2337">
     <span class='ocr_line' id='line_1_40' title="bbox 2108 2266 3684 2337; baseline 0.003 -20"><span class='ocrx_word' id='word_1_301' title='bbox 2108 2266 2321 2334; x_wconf 81' lang='lat' dir='ltr'><strong>superis</strong></span> <span class='ocrx_word' id='word_1_302' title='bbox 2370 2268 2651 2337; x_wconf 87' lang='lat' dir='ltr'><strong>spiritibus</strong></span> <span class='ocrx_word' id='word_1_303' title='bbox 2706 2271 3001 2336; x_wconf 88' lang='lat' dir='ltr'><strong>adoratur,</strong></span> <span class='ocrx_word' id='word_1_304' title='bbox 3051 2269 3180 2324; x_wconf 87' lang='lat' dir='ltr'><strong>illud</strong></span> <span class='ocrx_word' id='word_1_305' title='bbox 3246 2284 3313 2324; x_wconf 82' lang='lat' dir='ltr'><strong>ex</strong></span> <span class='ocrx_word' id='word_1_306' title='bbox 3366 2268 3476 2322; x_wconf 89' lang='lat' dir='ltr'><strong>Deo</strong></span> <span class='ocrx_word' id='word_1_307' title='bbox 3526 2266 3684 2321; x_wconf 82' lang='lat' dir='ltr'><strong>Patre</strong></span> 
     </span>
    </p>
   </div>
   <div class='ocr_carea' id='block_1_41' title="bbox 424 2352 2006 2431">
    <p class='ocr_par' dir='ltr' id='par_1_41' title="bbox 424 2352 2006 2431">
     <span class='ocr_line' id='line_1_41' title="bbox 424 2352 2006 2431; baseline -0.001 -21"><span class='ocrx_word' id='word_1_308' title='bbox 424 2359 689 2430; x_wconf 83' lang='grc' dir='ltr'>όμοουσίῳ</span> <span class='ocrx_word' id='word_1_309' title='bbox 735 2358 953 2431; x_wconf 77' lang='grc' dir='ltr'>Τριάδι,</span> <span class='ocrx_word' id='word_1_310' title='bbox 985 2354 1299 2428; x_wconf 73' lang='grc' dir='ltr'>προστιθεὶς</span> <span class='ocrx_word' id='word_1_311' title='bbox 1349 2353 1450 2406; x_wconf 83' lang='grc' dir='ltr'><strong>οὐκ</strong></span> <span class='ocrx_word' id='word_1_312' title='bbox 1487 2352 1833 2422; x_wconf 76' lang='grc' dir='ltr'>αίσχύνεται·</span> <span class='ocrx_word' id='word_1_313' title='bbox 1873 2356 2006 2425; x_wconf 78' lang='grc' dir='ltr'>φησὶ</span> 
     </span>
    </p>
   </div>
   <div class='ocr_carea' id='block_1_42' title="bbox 2107 2352 3680 2431">
    <p class='ocr_par' dir='ltr' id='par_1_42' title="bbox 2111 2352 3680 2429">
     <span class='ocr_line' id='line_1_42' title="bbox 2111 2352 3680 2429; baseline 0.002 -22"><span class='ocrx_word' id='word_1_314' title='bbox 2111 2352 2350 2410; x_wconf 76' lang='lat' dir='ltr'><strong>Verbum</strong></span> <span class='ocrx_word' id='word_1_315' title='bbox 2387 2374 2509 2413; x_wconf 90' lang='lat' dir='ltr'><strong>cum</strong></span> <span class='ocrx_word' id='word_1_316' title='bbox 2542 2374 2638 2413; x_wconf 89' lang='lat' dir='ltr'><strong>sua</strong></span> <span class='ocrx_word' id='word_1_317' title='bbox 2667 2374 2869 2425; x_wconf 87' lang='lat' dir='ltr'><strong>carne;</strong></span> <span class='ocrx_word' id='word_1_318' title='bbox 2908 2375 3030 2413; x_wconf 84' lang='lat' dir='ltr'><strong>nam</strong></span> <span class='ocrx_word' id='word_1_319' title='bbox 3064 2361 3236 2429; x_wconf 90' lang='lat' dir='ltr'><strong>ipsum</strong></span> <span class='ocrx_word' id='word_1_320' title='bbox 3281 2358 3422 2428; x_wconf 88' lang='lat' dir='ltr'><strong>quod</strong></span> <span class='ocrx_word' id='word_1_321' title='bbox 3460 2357 3680 2425; x_wconf 89' lang='lat' dir='ltr'><strong>dicitur,</strong></span> 
     </span>
    </p>
   </div>
   <div class='ocr_carea' id='block_1_43' title="bbox 419 2444 3682 2519">
    <p class='ocr_par' dir='ltr' id='par_1_43' title="bbox 419 2444 3682 2519">
     <span class='ocr_line' id='line_1_43' title="bbox 419 2444 3682 2519; baseline -0.004 -7"><span class='ocrx_word' id='word_1_322' title='bbox 419 2444 529 2516; x_wconf 67' lang='grc' dir='ltr'><strong>γὰρ</strong></span> <span class='ocrx_word' id='word_1_323' title='bbox 558 2448 751 2501; x_wconf 81' lang='grc' dir='ltr'>πάλιν·</span> <span class='ocrx_word' id='word_1_324' title='bbox 2111 2446 2319 2515; x_wconf 86' lang='lat' dir='ltr'><strong>genuit,</strong></span> <span class='ocrx_word' id='word_1_325' title='bbox 2354 2459 2431 2515; x_wconf 92' lang='lat' dir='ltr'><strong>et,</strong></span> <span class='ocrx_word' id='word_1_326' title='bbox 2470 2449 2522 2503; x_wconf 88' lang='lat' dir='ltr'><strong>in</strong></span> <span class='ocrx_word' id='word_1_327' title='bbox 2569 2450 2821 2506; x_wconf 86' lang='lat' dir='ltr'><strong>omnibus</strong></span> <span class='ocrx_word' id='word_1_328' title='bbox 2853 2451 3144 2519; x_wconf 86' lang='lat' dir='ltr'><strong>primatum</strong></span> <span class='ocrx_word' id='word_1_329' title='bbox 3197 2448 3478 2519; x_wconf 75' lang='lat' dir='ltr'><strong>tenens&quot;,</strong></span> <span class='ocrx_word' id='word_1_330' title='bbox 3511 2448 3564 2501; x_wconf 89' lang='lat' dir='ltr'><strong>id</strong></span> <span class='ocrx_word' id='word_1_331' title='bbox 3596 2447 3682 2499; x_wconf 89' lang='lat' dir='ltr'><strong>in-</strong></span> 
     </span>
    </p>
   </div>
   <div class='ocr_carea' id='block_1_44' title="bbox 417 2534 3684 2613">
    <p class='ocr_par' dir='ltr' id='par_1_44' title="bbox 417 2534 3684 2613">
     <span class='ocr_line' id='line_1_44' title="bbox 417 2534 3684 2613; baseline 0.002 -23"><span class='ocrx_word' id='word_1_332' title='bbox 417 2537 684 2607; x_wconf 80' lang='lat' dir='ltr'><strong>telligitur</strong></span> <span class='ocrx_word' id='word_1_333' title='bbox 704 2535 1053 2609; x_wconf 81' lang='lat' dir='ltr'><strong>primogeniti</strong></span> <span class='ocrx_word' id='word_1_334' title='bbox 1081 2536 1317 2590; x_wconf 81' lang='lat' dir='ltr'><strong>nomine.</strong></span> <span class='ocrx_word' id='word_1_335' title='bbox 1352 2534 1459 2589; x_wconf 89' lang='lat' dir='ltr'><strong>Sed</strong></span> <span class='ocrx_word' id='word_1_336' title='bbox 1490 2534 1749 2589; x_wconf 86' lang='lat' dir='ltr'><strong>divinitus</strong></span> <span class='ocrx_word' id='word_1_337' title='bbox 1773 2535 1988 2606; x_wconf 82' lang='lat' dir='ltr'><strong>quidem</strong></span> <span class='ocrx_word' id='word_1_338' title='bbox 2014 2537 2289 2611; x_wconf 75' lang='lat' dir='ltr'><strong>inspirata:</strong></span> <span class='ocrx_word' id='word_1_339' title='bbox 2336 2539 2552 2595; x_wconf 71' lang='lat' dir='ltr'><strong>Littera:</strong></span> <span class='ocrx_word' id='word_1_340' title='bbox 2610 2558 2774 2597; x_wconf 88' lang='lat' dir='ltr'><strong>unum</strong></span> <span class='ocrx_word' id='word_1_341' title='bbox 2816 2541 3090 2599; x_wconf 87' lang='lat' dir='ltr'><strong>Christum</strong></span> <span class='ocrx_word' id='word_1_342' title='bbox 3134 2544 3467 2613; x_wconf 70' lang='lat' dir='ltr'><strong>praedicant,</strong></span> <span class='ocrx_word' id='word_1_343' title='bbox 3513 2552 3570 2596; x_wconf 89' lang='lat' dir='ltr'><strong>et</strong></span> <span class='ocrx_word' id='word_1_344' title='bbox 3590 2542 3684 2598; x_wconf 82' lang='lat' dir='ltr'><strong>Fi-</strong></span> 
     </span>
    </p>
   </div>
   <div class='ocr_carea' id='block_1_45' title="bbox 417 2628 3684 2715">
    <p class='ocr_par' dir='ltr' id='par_1_45' title="bbox 417 2628 3684 2715">
     <span class='ocr_line' id='line_1_45' title="bbox 417 2628 3684 2715; baseline 0.003 -33"><span class='ocrx_word' id='word_1_345' title='bbox 417 2628 577 2694; x_wconf 81' lang='lat' dir='ltr'><strong>liuor,</strong></span> <span class='ocrx_word' id='word_1_346' title='bbox 610 2642 667 2685; x_wconf 92' lang='lat' dir='ltr'><strong>et</strong></span> <span class='ocrx_word' id='word_1_347' title='bbox 711 2631 1037 2694; x_wconf 84' lang='lat' dir='ltr'><strong>Dominum;</strong></span> <span class='ocrx_word' id='word_1_348' title='bbox 1087 2631 1221 2685; x_wconf 91' lang='lat' dir='ltr'><strong>duos</strong></span> <span class='ocrx_word' id='word_1_349' title='bbox 1256 2644 1385 2683; x_wconf 81' lang='lat' dir='ltr'><strong>vero</strong></span> <span class='ocrx_word' id='word_1_350' title='bbox 1430 2630 1518 2684; x_wconf 91' lang='lat' dir='ltr'><strong>hic</strong></span> <span class='ocrx_word' id='word_1_351' title='bbox 1549 2639 1802 2699; x_wconf 81' lang='lat' dir='ltr'><strong>nugator,</strong></span> <span class='ocrx_word' id='word_1_352' title='bbox 1844 2643 1901 2687; x_wconf 90' lang='lat' dir='ltr'><strong>et</strong></span> <span class='ocrx_word' id='word_1_353' title='bbox 1933 2633 2269 2691; x_wconf 87' lang='lat' dir='ltr'><strong>adorandum</strong></span> <span class='ocrx_word' id='word_1_354' title='bbox 2317 2637 2591 2715; x_wconf 66' lang='lat' dir='ltr'><strong>hominem</strong></span> <span class='ocrx_word' id='word_1_355' title='bbox 2634 2647 2834 2694; x_wconf 67' lang='lat' dir='ltr'><strong>sancta:</strong></span> <span class='ocrx_word' id='word_1_356' title='bbox 2860 2647 2917 2693; x_wconf 92' lang='lat' dir='ltr'><strong>et</strong></span> <span class='ocrx_word' id='word_1_357' title='bbox 2947 2639 3394 2694; x_wconf 85' lang='lat' dir='ltr'><strong>consubstantiali</strong></span> <span class='ocrx_word' id='word_1_358' title='bbox 3436 2637 3684 2694; x_wconf 85' lang='lat' dir='ltr'><strong>Trinitati</strong></span> 
     </span>
    </p>
   </div>
   <div class='ocr_carea' id='block_1_46' title="bbox 411 2726 1700 2800">
    <p class='ocr_par' dir='ltr' id='par_1_46' title="bbox 411 2726 1700 2800">
     <span class='ocr_line' id='line_1_46' title="bbox 411 2726 1700 2800; baseline -0.005 -16"><span class='ocrx_word' id='word_1_359' title='bbox 411 2729 657 2800; x_wconf 77' lang='lat' dir='ltr'><strong>adjiCere</strong></span> <span class='ocrx_word' id='word_1_360' title='bbox 688 2743 797 2781; x_wconf 87' lang='lat' dir='ltr'><strong>non</strong></span> <span class='ocrx_word' id='word_1_361' title='bbox 829 2730 1123 2790; x_wconf 83' lang='lat' dir='ltr'><strong>erubescit,</strong></span> <span class='ocrx_word' id='word_1_362' title='bbox 1156 2726 1230 2780; x_wconf 83' lang='lat' dir='ltr'><strong>ait</strong></span> <span class='ocrx_word' id='word_1_363' title='bbox 1261 2726 1403 2781; x_wconf 90' lang='lat' dir='ltr'><strong>enim</strong></span> <span class='ocrx_word' id='word_1_364' title='bbox 1438 2742 1650 2780; x_wconf 87' lang='lat' dir='ltr'><strong>rursum</strong></span> <span class='ocrx_word' id='word_1_365' title='bbox 1687 2743 1700 2778; x_wconf 93' lang='lat'>:</span> 
     </span>
    </p>
   </div>
   <div class='ocr_carea' id='block_1_47' title="bbox 485 2815 2006 2896">
    <p class='ocr_par' dir='ltr' id='par_1_47' title="bbox 485 2815 2005 2895">
     <span class='ocr_line' id='line_1_47' title="bbox 485 2815 2005 2895; baseline -0.001 -21"><span class='ocrx_word' id='word_1_366' title='bbox 485 2819 675 2895; x_wconf 80' lang='grc' dir='ltr'><strong>[’Δλλ’</strong></span> <span class='ocrx_word' id='word_1_367' title='bbox 708 2815 865 2883; x_wconf 74' lang='grc' dir='ltr'>οὗτος</span> <span class='ocrx_word' id='word_1_368' title='bbox 899 2822 928 2873; x_wconf 90' lang='lat'><strong>6</strong></span> <span class='ocrx_word' id='word_1_369' title='bbox 956 2820 1098 2874; x_wconf 82' lang='grc' dir='ltr'>κατὰ</span> <span class='ocrx_word' id='word_1_370' title='bbox 1126 2818 1303 2891; x_wconf 83' lang='grc' dir='ltr'>σάρκα</span> <span class='ocrx_word' id='word_1_371' title='bbox 1333 2818 1427 2872; x_wconf 78' lang='grc' dir='ltr'>τοῦ</span> <span class='ocrx_word' id='word_1_372' title='bbox 1467 2819 1681 2890; x_wconf 76' lang='grc' dir='ltr'>Ἰσραὴλ</span> <span class='ocrx_word' id='word_1_373' title='bbox 1714 2821 2005 2891; x_wconf 80' lang='grc' dir='ltr'>συγγενὴς,</span> 
     </span>
    </p>
   </div>
   <div class='ocr_carea' id='block_1_48' title="bbox 2107 2815 3685 2896">
    <p class='ocr_par' dir='ltr' id='par_1_48' title="bbox 2184 2824 3685 2896">
     <span class='ocr_line' id='line_1_48' title="bbox 2184 2824 3685 2896; baseline 0.001 -17"><span class='ocrx_word' id='word_1_374' title='bbox 2184 2824 2448 2896; x_wconf 61' lang='lat' dir='ltr'><strong>[Nauem</strong></span> <span class='ocrx_word' id='word_1_375' title='bbox 2506 2826 2611 2882; x_wconf 87' lang='lat' dir='ltr'><strong>Sed</strong></span> <span class='ocrx_word' id='word_1_376' title='bbox 2675 2826 2762 2881; x_wconf 87' lang='lat' dir='ltr'><strong>hic</strong></span> <span class='ocrx_word' id='word_1_377' title='bbox 2805 2826 3102 2881; x_wconf 84' lang='lat' dir='ltr'><strong>secundum</strong></span> <span class='ocrx_word' id='word_1_378' title='bbox 3164 2837 3384 2880; x_wconf 74' lang='lat' dir='ltr'><strong>carnem</strong></span> <span class='ocrx_word' id='word_1_379' title='bbox 3422 2834 3685 2896; x_wconf 80' lang='lat' dir='ltr'><strong>cognatus</strong></span> 
     </span>
    </p>
   </div>
   <div class='ocr_carea' id='block_1_49' title="bbox 409 2907 2006 2993">
    <p class='ocr_par' dir='ltr' id='par_1_49' title="bbox 409 2907 2006 2980">
     <span class='ocr_line' id='line_1_49' title="bbox 409 2907 2006 2980; baseline -0.003 -14"><span class='ocrx_word' id='word_1_380' title='bbox 409 2916 439 2966; x_wconf 82' lang='grc' dir='ltr'>ὁ</span> <span class='ocrx_word' id='word_1_381' title='bbox 468 2912 624 2966; x_wconf 79' lang='grc' dir='ltr'>κατὰ</span> <span class='ocrx_word' id='word_1_382' title='bbox 646 2910 714 2963; x_wconf 84' lang='grc' dir='ltr'>τὸ</span> <span class='ocrx_word' id='word_1_383' title='bbox 736 2909 1066 2978; x_wconf 77' lang='grc' dir='ltr'>φαινόμενον</span> <span class='ocrx_word' id='word_1_384' title='bbox 1093 2908 1401 2978; x_wconf 78' lang='grc' dir='ltr'>ἄνθρωπος,</span> <span class='ocrx_word' id='word_1_385' title='bbox 1435 2907 1464 2960; x_wconf 88' lang='grc' dir='ltr'><strong>ὁ</strong></span> <span class='ocrx_word' id='word_1_386' title='bbox 1493 2909 1634 2961; x_wconf 82' lang='grc' dir='ltr'>κατὰ</span> <span class='ocrx_word' id='word_1_387' title='bbox 1667 2907 1765 2980; x_wconf 83' lang='grc' dir='ltr'>τὴν</span> <span class='ocrx_word' id='word_1_388' title='bbox 1792 2909 2006 2962; x_wconf 90' lang='grc' dir='ltr'>Παύλου</span> 
     </span>
    </p>
   </div>
   <div class='ocr_carea' id='block_1_50' title="bbox 2107 2907 3682 2993">
    <p class='ocr_par' dir='ltr' id='par_1_50' title="bbox 2111 2917 3682 2993">
     <span class='ocr_line' id='line_1_50' title="bbox 2111 2917 3682 2993; baseline 0.001 -21"><span class='ocrx_word' id='word_1_389' title='bbox 2111 2917 2301 2984; x_wconf 82' lang='lat' dir='ltr'><strong>Israel,</strong></span> <span class='ocrx_word' id='word_1_390' title='bbox 2335 2922 2422 2974; x_wconf 87' lang='lat' dir='ltr'><strong>hic</strong></span> <span class='ocrx_word' id='word_1_391' title='bbox 2470 2923 2772 2993; x_wconf 65' lang='lat' dir='ltr'><strong>sectandum</strong></span> <span class='ocrx_word' id='word_1_392' title='bbox 2813 2931 3062 2975; x_wconf 86' lang='lat' dir='ltr'><strong>naturam</strong></span> <span class='ocrx_word' id='word_1_393' title='bbox 3104 2919 3454 2989; x_wconf 79' lang='lat' dir='ltr'><strong>spectabilem</strong></span> <span class='ocrx_word' id='word_1_394' title='bbox 3498 2921 3682 2984; x_wconf 90' lang='lat' dir='ltr'><strong>homo,</strong></span> 
     </span>
    </p>
   </div>
   <div class='ocr_carea' id='block_1_51' title="bbox 414 2997 2006 3080">
    <p class='ocr_par' dir='ltr' id='par_1_51' title="bbox 414 2997 2006 3074">
     <span class='ocr_line' id='line_1_51' title="bbox 414 2997 2006 3074; baseline -0.001 -32"><span class='ocrx_word' id='word_1_395' title='bbox 414 3003 604 3074; x_wconf 52' lang='grc' dir='ltr'>μονὴν</span> <span class='ocrx_word' id='word_1_396' title='bbox 632 3003 700 3055; x_wconf 79' lang='grc' dir='ltr'>ὲκ</span> <span class='ocrx_word' id='word_1_397' title='bbox 727 2999 1048 3070; x_wconf 85' lang='grc' dir='ltr'>σπέρματος</span> <span class='ocrx_word' id='word_1_398' title='bbox 1075 2998 1470 3071; x_wconf 79' lang='grc' dir='ltr'>γεγεννημένος</span> <span class='ocrx_word' id='word_1_399' title='bbox 1491 2997 1674 3062; x_wconf 73' lang='grc' dir='ltr'><strong>Δαϐὶδ,</strong></span> <span class='ocrx_word' id='word_1_400' title='bbox 1704 2997 2006 3070; x_wconf 78' lang='grc' dir='ltr'>παντοκρά-</span> 
     </span>
    </p>
   </div>
   <div class='ocr_carea' id='block_1_52' title="bbox 2107 2997 3683 3080">
    <p class='ocr_par' dir='ltr' id='par_1_52' title="bbox 2115 3010 3683 3080">
     <span class='ocr_line' id='line_1_52' title="bbox 2115 3010 3683 3080; baseline 0 -15"><span class='ocrx_word' id='word_1_401' title='bbox 2115 3012 2206 3065; x_wconf 89' lang='lat' dir='ltr'><strong>hic</strong></span> <span class='ocrx_word' id='word_1_402' title='bbox 2240 3012 2394 3080; x_wconf 79' lang='lat' dir='ltr'><strong>juxta</strong></span> <span class='ocrx_word' id='word_1_403' title='bbox 2428 3011 2582 3066; x_wconf 86' lang='lat' dir='ltr'><strong>Pauli</strong></span> <span class='ocrx_word' id='word_1_404' title='bbox 2632 3026 2818 3071; x_wconf 82' lang='lat' dir='ltr'><strong>vocem</strong></span> <span class='ocrx_word' id='word_1_405' title='bbox 2873 3014 3034 3066; x_wconf 80' lang='lat' dir='ltr'><strong>natus</strong></span> <span class='ocrx_word' id='word_1_406' title='bbox 3075 3026 3142 3065; x_wconf 82' lang='lat' dir='ltr'><strong>ex</strong></span> <span class='ocrx_word' id='word_1_407' title='bbox 3188 3012 3397 3066; x_wconf 86' lang='lat' dir='ltr'><strong>semine</strong></span> <span class='ocrx_word' id='word_1_408' title='bbox 3423 3010 3591 3065; x_wconf 77' lang='lat' dir='ltr'><strong>David</strong></span> <span class='ocrx_word' id='word_1_409' title='bbox 3614 3010 3683 3073; x_wconf 82' lang='grc'><strong>⁸⁸.</strong></span> 
     </span>
    </p>
   </div>
   <div class='ocr_carea' id='block_1_53' title="bbox 410 3087 2006 3170">
    <p class='ocr_par' dir='ltr' id='par_1_53' title="bbox 410 3087 2006 3164">
     <span class='ocr_line' id='line_1_53' title="bbox 410 3087 2006 3164; baseline -0.004 -17"><span class='ocrx_word' id='word_1_410' title='bbox 410 3111 527 3164; x_wconf 83' lang='grc' dir='ltr'><strong>τωρ</strong></span> <span class='ocrx_word' id='word_1_411' title='bbox 549 3094 621 3164; x_wconf 77' lang='grc' dir='ltr'>τῇ</span> <span class='ocrx_word' id='word_1_412' title='bbox 647 3090 918 3161; x_wconf 73' lang='grc' dir='ltr'>συναφείᾳ</span> <span class='ocrx_word' id='word_1_413' title='bbox 942 3089 1095 3152; x_wconf 88' lang='grc' dir='ltr'>Θεός.</span> <span class='ocrx_word' id='word_1_414' title='bbox 1132 3089 1272 3143; x_wconf 82' lang='grc' dir='ltr'>Εἶτα</span> <span class='ocrx_word' id='word_1_415' title='bbox 1298 3089 1530 3153; x_wconf 81' lang='grc' dir='ltr'>τούτοις</span> <span class='ocrx_word' id='word_1_416' title='bbox 1549 3087 1785 3157; x_wconf 76' lang='grc' dir='ltr'>ἐπάγει·</span> <span class='ocrx_word' id='word_1_417' title='bbox 1814 3089 2006 3141; x_wconf 82' lang='grc' dir='ltr'>Ἀκου-</span> 
     </span>
    </p>
   </div>
   <div class='ocr_carea' id='block_1_54' title="bbox 2107 3087 3683 3170">
    <p class='ocr_par' dir='ltr' id='par_1_54' title="bbox 2115 3100 3683 3170">
     <span class='ocr_line' id='line_1_54' title="bbox 2115 3100 3683 3170; baseline 0.001 -17"><span class='ocrx_word' id='word_1_418' title='bbox 2115 3100 2234 3169; x_wconf 86' lang='lat' dir='ltr'><strong>ipsa</strong></span> <span class='ocrx_word' id='word_1_419' title='bbox 2260 3101 2644 3168; x_wconf 84' lang='lat' dir='ltr'><strong>conjunctione</strong></span> <span class='ocrx_word' id='word_1_420' title='bbox 2682 3101 2826 3155; x_wconf 83' lang='lat' dir='ltr'><strong>Deus</strong></span> <span class='ocrx_word' id='word_1_421' title='bbox 2854 3114 2937 3156; x_wconf 90' lang='lat' dir='ltr'><strong>est</strong></span> <span class='ocrx_word' id='word_1_422' title='bbox 2966 3102 3327 3170; x_wconf 89' lang='lat' dir='ltr'><strong>omnipotens.</strong></span> <span class='ocrx_word' id='word_1_423' title='bbox 3362 3100 3563 3154; x_wconf 77' lang='lat' dir='ltr'><strong>Deinde</strong></span> <span class='ocrx_word' id='word_1_424' title='bbox 3599 3102 3683 3154; x_wconf 85' lang='lat' dir='ltr'><strong>Iu&#39;s</strong></span> 
     </span>
    </p>
   </div>
   <div class='ocr_carea' id='block_1_55' title="bbox 412 3179 2006 3261">
    <p class='ocr_par' dir='ltr' id='par_1_55' title="bbox 412 3179 2006 3254">
     <span class='ocr_line' id='line_1_55' title="bbox 412 3179 2006 3254; baseline -0.003 -15"><span class='ocrx_word' id='word_1_425' title='bbox 412 3203 507 3239; x_wconf 82' lang='grc' dir='ltr'><strong>σον</strong></span> <span class='ocrx_word' id='word_1_426' title='bbox 535 3183 834 3254; x_wconf 78' lang='grc' dir='ltr'>ἀμφότερα</span> <span class='ocrx_word' id='word_1_427' title='bbox 859 3180 953 3235; x_wconf 80' lang='grc' dir='ltr'>τοῦ</span> <span class='ocrx_word' id='word_1_428' title='bbox 974 3180 1191 3234; x_wconf 85' lang='grc' dir='ltr'>Παύλου</span> <span class='ocrx_word' id='word_1_429' title='bbox 1220 3179 1611 3252; x_wconf 82' lang='grc' dir='ltr'>κηρύττοντος·</span> <span class='ocrx_word' id='word_1_430' title='bbox 1639 3181 1893 3250; x_wconf 85' lang='grc' dir='ltr'>ὁμολογεῖ</span> <span class='ocrx_word' id='word_1_431' title='bbox 1918 3180 2006 3234; x_wconf 78' lang='grc' dir='ltr'>τὸν</span> 
     </span>
    </p>
   </div>
   <div class='ocr_carea' id='block_1_56' title="bbox 2107 3179 3680 3261">
    <p class='ocr_par' dir='ltr' id='par_1_56' title="bbox 2117 3190 3680 3261">
     <span class='ocr_line' id='line_1_56' title="bbox 2117 3190 3680 3261; baseline 0.003 -18"><span class='ocrx_word' id='word_1_432' title='bbox 2117 3190 2358 3260; x_wconf 78' lang='lat' dir='ltr'><strong>adjungit</strong></span> <span class='ocrx_word' id='word_1_433' title='bbox 2406 3205 2424 3242; x_wconf 92' lang='lat'><strong><em>:</em></strong></span> <span class='ocrx_word' id='word_1_434' title='bbox 2454 3191 2592 3246; x_wconf 86' lang='lat' dir='ltr'><strong>Audi</strong></span> <span class='ocrx_word' id='word_1_435' title='bbox 2641 3190 2866 3246; x_wconf 84' lang='lat' dir='ltr'><strong>Paulum</strong></span> <span class='ocrx_word' id='word_1_436' title='bbox 2915 3202 3205 3261; x_wconf 85' lang='lat' dir='ltr'><strong>utrumque</strong></span> <span class='ocrx_word' id='word_1_437' title='bbox 3258 3193 3680 3260; x_wconf 61' lang='lat' dir='ltr'><strong>praedicantem:</strong></span> 
     </span>
    </p>
   </div>
   <div class='ocr_carea' id='block_1_57' title="bbox 411 3267 2006 3353">
    <p class='ocr_par' dir='ltr' id='par_1_57' title="bbox 411 3267 2006 3345">
     <span class='ocr_line' id='line_1_57' title="bbox 411 3267 2006 3345; baseline -0.004 -16"><span class='ocrx_word' id='word_1_438' title='bbox 411 3272 715 3345; x_wconf 78' lang='grc' dir='ltr'>ἄνθρωπον</span> <span class='ocrx_word' id='word_1_439' title='bbox 738 3272 1027 3342; x_wconf 78' lang='grc' dir='ltr'>πρότερον,</span> <span class='ocrx_word' id='word_1_440' title='bbox 1064 3268 1161 3323; x_wconf 70' lang='grc' dir='ltr'><strong>καὶ</strong></span> <span class='ocrx_word' id='word_1_441' title='bbox 1192 3268 1314 3321; x_wconf 88' lang='grc' dir='ltr'>τότε</span> <span class='ocrx_word' id='word_1_442' title='bbox 1345 3271 1411 3339; x_wconf 82' lang='grc' dir='ltr'>τῇ</span> <span class='ocrx_word' id='word_1_443' title='bbox 1446 3267 1540 3322; x_wconf 83' lang='grc' dir='ltr'>τοῦ</span> <span class='ocrx_word' id='word_1_444' title='bbox 1572 3269 1709 3323; x_wconf 84' lang='grc' dir='ltr'><strong>Θεοῦ</strong></span> <span class='ocrx_word' id='word_1_445' title='bbox 1742 3271 2006 3344; x_wconf 73' lang='grc' dir='ltr'>συναφείᾳ</span> 
     </span>
    </p>
   </div>
   <div class='ocr_carea' id='block_1_58' title="bbox 2107 3267 3682 3353">
    <p class='ocr_par' dir='ltr' id='par_1_58' title="bbox 2114 3280 3682 3353">
     <span class='ocr_line' id='line_1_58' title="bbox 2114 3280 3682 3353; baseline 0.003 -18"><span class='ocrx_word' id='word_1_446' title='bbox 2114 3280 2405 3336; x_wconf 74' lang='lat' dir='ltr'><strong>conﬁtetur</strong></span> <span class='ocrx_word' id='word_1_447' title='bbox 2435 3283 2584 3352; x_wconf 87' lang='lat' dir='ltr'><strong>prius</strong></span> <span class='ocrx_word' id='word_1_448' title='bbox 2618 3283 2915 3349; x_wconf 83' lang='lat' dir='ltr'><strong>hominem,</strong></span> <span class='ocrx_word' id='word_1_449' title='bbox 2946 3294 2997 3338; x_wconf 90' lang='lat' dir='ltr'><strong>et</strong></span> <span class='ocrx_word' id='word_1_450' title='bbox 3032 3284 3104 3337; x_wconf 82' lang='lat' dir='ltr'><strong>ita</strong></span> <span class='ocrx_word' id='word_1_451' title='bbox 3140 3293 3359 3353; x_wconf 83' lang='lat' dir='ltr'><strong>prepter</strong></span> <span class='ocrx_word' id='word_1_452' title='bbox 3385 3284 3554 3353; x_wconf 86' lang='lat' dir='ltr'><strong>ipsam</strong></span> <span class='ocrx_word' id='word_1_453' title='bbox 3590 3282 3682 3339; x_wconf 89' lang='lat' dir='ltr'><strong>Dei</strong></span> 
     </span>
    </p>
   </div>
   <div class='ocr_carea' id='block_1_59' title="bbox 413 3359 2006 3445">
    <p class='ocr_par' dir='ltr' id='par_1_59' title="bbox 413 3359 2006 3433">
     <span class='ocr_line' id='line_1_59' title="bbox 413 3359 2006 3433; baseline -0.001 -16"><span class='ocrx_word' id='word_1_454' title='bbox 413 3365 672 3432; x_wconf 76' lang='grc' dir='ltr'>Θεολογεῖ</span> <span class='ocrx_word' id='word_1_455' title='bbox 692 3363 755 3415; x_wconf 83' lang='grc' dir='ltr'><strong>τὸ</strong></span> <span class='ocrx_word' id='word_1_456' title='bbox 791 3362 1152 3431; x_wconf 82' lang='grc' dir='ltr'>φαινόμενον·</span> <span class='ocrx_word' id='word_1_457' title='bbox 1189 3361 1273 3414; x_wconf 81' lang='grc' dir='ltr'><strong>ἵνα</strong></span> <span class='ocrx_word' id='word_1_458' title='bbox 1315 3360 1502 3431; x_wconf 77' lang='grc' dir='ltr'>μηδεὶς</span> <span class='ocrx_word' id='word_1_459' title='bbox 1550 3359 2006 3433; x_wconf 73' lang='grc' dir='ltr'>ἀνθρωπολάτρην</span> 
     </span>
    </p>
   </div>
   <div class='ocr_carea' id='block_1_60' title="bbox 2107 3359 3687 3445">
    <p class='ocr_par' dir='ltr' id='par_1_60' title="bbox 2111 3374 3687 3445">
     <span class='ocr_line' id='line_1_60' title="bbox 2111 3374 3687 3445; baseline 0.001 -17"><span class='ocrx_word' id='word_1_460' title='bbox 2111 3374 2585 3441; x_wconf 76' lang='lat' dir='ltr'><strong>coniunctionem,</strong></span> <span class='ocrx_word' id='word_1_461' title='bbox 2635 3388 2883 3430; x_wconf 87' lang='lat' dir='ltr'><strong>naturam</strong></span> <span class='ocrx_word' id='word_1_462' title='bbox 2924 3377 3276 3445; x_wconf 85' lang='lat' dir='ltr'><strong>spectabilem</strong></span> <span class='ocrx_word' id='word_1_463' title='bbox 3325 3377 3415 3431; x_wconf 92' lang='lat' dir='ltr'><strong>Dei</strong></span> <span class='ocrx_word' id='word_1_464' title='bbox 3468 3377 3687 3430; x_wconf 86' lang='lat' dir='ltr'><strong>nomine</strong></span> 
     </span>
    </p>
   </div>
   <div class='ocr_carea' id='block_1_61' title="bbox 411 3451 2006 3531">
    <p class='ocr_par' dir='ltr' id='par_1_61' title="bbox 411 3451 2006 3526">
     <span class='ocr_line' id='line_1_61' title="bbox 411 3451 2006 3526; baseline -0.003 -17"><span class='ocrx_word' id='word_1_465' title='bbox 411 3457 506 3509; x_wconf 74' lang='grc' dir='ltr'><strong>τὸν</strong></span> <span class='ocrx_word' id='word_1_466' title='bbox 560 3454 901 3526; x_wconf 70' lang='grc' dir='ltr'>Χριστιανὸν</span> <span class='ocrx_word' id='word_1_467' title='bbox 938 3451 1242 3525; x_wconf 80' lang='grc' dir='ltr'>ὑποπτεύῃ.</span> <span class='ocrx_word' id='word_1_468' title='bbox 1306 3451 1638 3522; x_wconf 81' lang='grc' dir='ltr'>Ἀσύγχυτον</span> <span class='ocrx_word' id='word_1_469' title='bbox 1686 3453 1864 3508; x_wconf 84' lang='grc' dir='ltr'>τοίνυν</span> <span class='ocrx_word' id='word_1_470' title='bbox 1911 3453 2006 3524; x_wconf 82' lang='grc' dir='ltr'>τὴν</span> 
     </span>
    </p>
   </div>
   <div class='ocr_carea' id='block_1_62' title="bbox 2107 3451 3681 3531">
    <p class='ocr_par' dir='ltr' id='par_1_62' title="bbox 2112 3461 3681 3531">
     <span class='ocr_line' id='line_1_62' title="bbox 2112 3461 3681 3531; baseline 0.003 -17"><span class='ocrx_word' id='word_1_471' title='bbox 2112 3471 2417 3526; x_wconf 82' lang='lat' dir='ltr'><strong>consecrat,</strong></span> <span class='ocrx_word' id='word_1_472' title='bbox 2469 3477 2538 3516; x_wconf 90' lang='lat' dir='ltr'><strong>ne</strong></span> <span class='ocrx_word' id='word_1_473' title='bbox 2573 3463 2697 3531; x_wconf 84' lang='lat' dir='ltr'><strong>quis</strong></span> <span class='ocrx_word' id='word_1_474' title='bbox 2724 3461 3093 3518; x_wconf 82' lang='lat' dir='ltr'><strong>Christianum</strong></span> <span class='ocrx_word' id='word_1_475' title='bbox 3137 3477 3258 3518; x_wconf 81' lang='lat' dir='ltr'><strong>esse</strong></span> <span class='ocrx_word' id='word_1_476' title='bbox 3299 3464 3681 3518; x_wconf 82' lang='lat' dir='ltr'><strong>hominicolam</strong></span> 
     </span>
    </p>
   </div>
   <div class='ocr_carea' id='block_1_63' title="bbox 411 3544 2006 3623">
    <p class='ocr_par' dir='ltr' id='par_1_63' title="bbox 411 3544 2006 3616">
     <span class='ocr_line' id='line_1_63' title="bbox 411 3544 2006 3616; baseline -0.001 -16"><span class='ocrx_word' id='word_1_477' title='bbox 411 3549 532 3601; x_wconf 82' lang='grc' dir='ltr'>τῶν</span> <span class='ocrx_word' id='word_1_478' title='bbox 567 3547 792 3615; x_wconf 76' lang='grc' dir='ltr'>φύσεων</span> <span class='ocrx_word' id='word_1_479' title='bbox 846 3544 1104 3615; x_wconf 83' lang='grc' dir='ltr'>τηρῶμεν</span> <span class='ocrx_word' id='word_1_480' title='bbox 1153 3544 1483 3612; x_wconf 68' lang='grc' dir='ltr'>συνάφειαν·</span> <span class='ocrx_word' id='word_1_481' title='bbox 1534 3544 1879 3616; x_wconf 80' lang='grc' dir='ltr'>ὁμολογῶμεν</span> <span class='ocrx_word' id='word_1_482' title='bbox 1919 3545 2006 3598; x_wconf 86' lang='grc' dir='ltr'><strong>τὸν</strong></span> 
     </span>
    </p>
   </div>
   <div class='ocr_carea' id='block_1_64' title="bbox 2107 3544 3687 3623">
    <p class='ocr_par' dir='ltr' id='par_1_64' title="bbox 2112 3551 3687 3623">
     <span class='ocr_line' id='line_1_64' title="bbox 2112 3551 3687 3623; baseline 0.003 -17"><span class='ocrx_word' id='word_1_483' title='bbox 2112 3553 2438 3619; x_wconf 65' lang='grc' dir='ltr'>ειιεμίριιιιιν.</span> <span class='ocrx_word' id='word_1_484' title='bbox 2494 3551 2820 3608; x_wconf 85' lang='lat' dir='ltr'><strong>Naturarum</strong></span> <span class='ocrx_word' id='word_1_485' title='bbox 2863 3556 3044 3623; x_wconf 80' lang='lat' dir='ltr'><strong>itaque</strong></span> <span class='ocrx_word' id='word_1_486' title='bbox 3088 3554 3523 3622; x_wconf 74' lang='lat' dir='ltr'><strong>coniunctionem</strong></span> <span class='ocrx_word' id='word_1_487' title='bbox 3569 3556 3687 3611; x_wconf 85' lang='lat' dir='ltr'><strong>sine</strong></span> 
     </span>
    </p>
   </div>
   <div class='ocr_carea' id='block_1_65' title="bbox 411 3632 2010 3703">
    <p class='ocr_par' dir='ltr' id='par_1_65' title="bbox 411 3632 2010 3703">
     <span class='ocr_line' id='line_1_65' title="bbox 411 3632 2010 3703; baseline -0.004 -14"><span class='ocrx_word' id='word_1_488' title='bbox 411 3638 514 3690; x_wconf 74' lang='lat' dir='ltr'><strong>Eva.</strong></span> <span class='ocrx_word' id='word_1_489' title='bbox 546 3636 689 3689; x_wconf 83' lang='grc' dir='ltr'>Θεόν</span> <span class='ocrx_word' id='word_1_490' title='bbox 714 3650 728 3664; x_wconf 90' lang='grc'><strong>·</strong></span> <span class='ocrx_word' id='word_1_491' title='bbox 760 3634 1007 3703; x_wconf 75' lang='grc' dir='ltr'>σέϐωμεν</span> <span class='ocrx_word' id='word_1_492' title='bbox 1032 3632 1123 3684; x_wconf 78' lang='grc' dir='ltr'><strong>τὸν</strong></span> <span class='ocrx_word' id='word_1_493' title='bbox 1156 3635 1220 3702; x_wconf 85' lang='grc' dir='ltr'>τῇ</span> <span class='ocrx_word' id='word_1_494' title='bbox 1258 3632 1377 3703; x_wconf 80' lang='grc' dir='ltr'>Θείᾳ</span> <span class='ocrx_word' id='word_1_495' title='bbox 1405 3633 1668 3703; x_wconf 78' lang='grc' dir='ltr'>συναφείᾳ</span> <span class='ocrx_word' id='word_1_496' title='bbox 1702 3632 1778 3703; x_wconf 81' lang='grc' dir='ltr'><strong>τῷ</strong></span> <span class='ocrx_word' id='word_1_497' title='bbox 1812 3650 2010 3688; x_wconf 80' lang='grc' dir='ltr'>παντο-</span> 
     </span>
    </p>
   </div>
   <div class='ocr_carea' id='block_1_66' title="bbox 411 3722 1784 3798">
    <p class='ocr_par' dir='ltr' id='par_1_66' title="bbox 411 3722 1784 3798">
     <span class='ocr_line' id='line_1_66' title="bbox 411 3722 1784 3798; baseline -0.005 -16"><span class='ocrx_word' id='word_1_498' title='bbox 411 3728 652 3798; x_wconf 80' lang='grc' dir='ltr'>κράτορι</span> <span class='ocrx_word' id='word_1_499' title='bbox 682 3724 803 3796; x_wconf 87' lang='grc' dir='ltr'><strong>Θεῷ</strong></span> <span class='ocrx_word' id='word_1_500' title='bbox 830 3722 1251 3794; x_wconf 87' lang='grc' dir='ltr'>συμπροσκυνού</span> <span class='ocrx_word' id='word_1_501' title='bbox 1260 3740 1421 3792; x_wconf 90' lang='grc' dir='ltr'>μενον</span> <span class='ocrx_word' id='word_1_502' title='bbox 1449 3723 1544 3777; x_wconf 79' lang='grc' dir='ltr'><strong>ἄνθ</strong></span> <span class='ocrx_word' id='word_1_503' title='bbox 1555 3722 1784 3794; x_wconf 84' lang='grc' dir='ltr'>ρωπον.]</span> 
     </span>
    </p>
   </div>
   <div class='ocr_carea' id='block_1_67' title="bbox 2108 1449 3679 1520">
    <p class='ocr_par' dir='ltr' id='par_1_67' title="bbox 2108 1449 3679 1520">
     <span class='ocr_line' id='line_1_67' title="bbox 2108 1449 3679 1520; baseline 0.001 -17"><span class='ocrx_word' id='word_1_504' title='bbox 2108 1452 2336 1506; x_wconf 86' lang='lat' dir='ltr'><strong>adorare</strong></span> <span class='ocrx_word' id='word_1_505' title='bbox 2365 1453 2525 1520; x_wconf 84' lang='lat' dir='ltr'><strong>jussit</strong></span> <span class='ocrx_word' id='word_1_506' title='bbox 2559 1460 2617 1506; x_wconf 92' lang='lat' dir='ltr'><strong>ut</strong></span> <span class='ocrx_word' id='word_1_507' title='bbox 2661 1468 2824 1505; x_wconf 91' lang='lat' dir='ltr'><strong>unum</strong></span> <span class='ocrx_word' id='word_1_508' title='bbox 2856 1451 3039 1520; x_wconf 77' lang='lat' dir='ltr'><strong>procul</strong></span> <span class='ocrx_word' id='word_1_509' title='bbox 3076 1449 3266 1515; x_wconf 88' lang='lat' dir='ltr'><strong>dubio,</strong></span> <span class='ocrx_word' id='word_1_510' title='bbox 3308 1461 3364 1504; x_wconf 88' lang='lat' dir='ltr'><strong>et</strong></span> <span class='ocrx_word' id='word_1_511' title='bbox 3398 1466 3503 1504; x_wconf 89' lang='lat' dir='ltr'><strong>non</strong></span> <span class='ocrx_word' id='word_1_512' title='bbox 3540 1450 3679 1505; x_wconf 83' lang='lat' dir='ltr'><strong>alte-</strong></span> 
     </span>
    </p>
   </div>
   <div class='ocr_carea' id='block_1_68' title="bbox 2107 1539 3675 1612">
    <p class='ocr_par' dir='ltr' id='par_1_68' title="bbox 2107 1539 3675 1612">
     <span class='ocr_line' id='line_1_68' title="bbox 2107 1539 3675 1612; baseline -0.001 -17"><span class='ocrx_word' id='word_1_513' title='bbox 2107 1558 2227 1595; x_wconf 90' lang='lat' dir='ltr'><strong>rum</strong></span> <span class='ocrx_word' id='word_1_514' title='bbox 2271 1558 2391 1598; x_wconf 90' lang='lat' dir='ltr'><strong>cum</strong></span> <span class='ocrx_word' id='word_1_515' title='bbox 2438 1543 2634 1608; x_wconf 87' lang='lat' dir='ltr'><strong>altero,</strong></span> <span class='ocrx_word' id='word_1_516' title='bbox 2698 1546 2990 1612; x_wconf 74' lang='lat' dir='ltr'><strong>quaerimus</strong></span> <span class='ocrx_word' id='word_1_517' title='bbox 3042 1542 3296 1611; x_wconf 88' lang='lat' dir='ltr'><strong>quisnam</strong></span> <span class='ocrx_word' id='word_1_518' title='bbox 3353 1541 3425 1597; x_wconf 90' lang='lat' dir='ltr'><strong>sit</strong></span> <span class='ocrx_word' id='word_1_519' title='bbox 3466 1540 3556 1595; x_wconf 90' lang='lat' dir='ltr'><strong>ille</strong></span> <span class='ocrx_word' id='word_1_520' title='bbox 3585 1539 3675 1609; x_wconf 86' lang='lat' dir='ltr'><strong>qui</strong></span> 
     </span>
    </p>
   </div>
   <div class='ocr_carea' id='block_1_69' title="bbox 2109 1632 3680 1704">
    <p class='ocr_par' dir='ltr' id='par_1_69' title="bbox 2109 1632 3680 1704">
     <span class='ocr_line' id='line_1_69' title="bbox 2109 1632 3680 1704; baseline -0.001 -18"><span class='ocrx_word' id='word_1_521' title='bbox 2109 1632 2178 1686; x_wconf 89' lang='lat' dir='ltr'><strong>ab</strong></span> <span class='ocrx_word' id='word_1_522' title='bbox 2206 1634 2415 1702; x_wconf 82' lang='lat' dir='ltr'><strong>angelis</strong></span> <span class='ocrx_word' id='word_1_523' title='bbox 2441 1634 2551 1704; x_wconf 79' lang='lat'><strong>60</strong></span> <span class='ocrx_word' id='word_1_524' title='bbox 2576 1635 2835 1688; x_wconf 88' lang='lat' dir='ltr'><strong>adoratur</strong></span> <span class='ocrx_word' id='word_1_525' title='bbox 2866 1652 2878 1687; x_wconf 93' lang='lat'>:</span> <span class='ocrx_word' id='word_1_526' title='bbox 2906 1636 3056 1702; x_wconf 85' lang='lat' dir='ltr'><strong>atqui</strong></span> <span class='ocrx_word' id='word_1_527' title='bbox 3092 1633 3511 1703; x_wconf 88' lang='lat' dir='ltr'><strong>primogenitum</strong></span> <span class='ocrx_word' id='word_1_528' title='bbox 3554 1646 3680 1686; x_wconf 88' lang='lat' dir='ltr'><strong>eum</strong></span> 
     </span>
    </p>
   </div>
   <div class='ocr_carea' id='block_1_70' title="bbox 2116 3644 3684 3711">
    <p class='ocr_par' dir='ltr' id='par_1_70' title="bbox 2116 3644 3684 3711">
     <span class='ocr_line' id='line_1_70' title="bbox 2116 3644 3684 3711; baseline 0.003 -15"><span class='ocrx_word' id='word_1_529' title='bbox 2116 3644 2222 3698; x_wconf 85' lang='lat' dir='ltr'><strong>ulla</strong></span> <span class='ocrx_word' id='word_1_530' title='bbox 2247 3646 2562 3703; x_wconf 83' lang='lat' dir='ltr'><strong>confusione</strong></span> <span class='ocrx_word' id='word_1_531' title='bbox 2581 3660 2866 3701; x_wconf 80' lang='lat' dir='ltr'><strong>servemus</strong></span> <span class='ocrx_word' id='word_1_532' title='bbox 2887 3661 2904 3711; x_wconf 85' lang='lat'><strong>;</strong></span> <span class='ocrx_word' id='word_1_533' title='bbox 2927 3644 3288 3700; x_wconf 82' lang='lat' dir='ltr'><strong>conliteamur</strong></span> <span class='ocrx_word' id='word_1_534' title='bbox 3307 3661 3470 3699; x_wconf 80' lang='lat' dir='ltr'><strong>unum</strong></span> <span class='ocrx_word' id='word_1_535' title='bbox 3491 3647 3684 3708; x_wconf 87' lang='lat' dir='ltr'><strong>Deum.</strong></span> 
     </span>
    </p>
   </div>
   <div class='ocr_carea' id='block_1_71' title="bbox 2113 3735 3689 3802">
    <p class='ocr_par' dir='ltr' id='par_1_71' title="bbox 2113 3735 3689 3802">
     <span class='ocr_line' id='line_1_71' title="bbox 2113 3735 3689 3802; baseline 0.004 -18"><span class='ocrx_word' id='word_1_536' title='bbox 2113 3748 2437 3788; x_wconf 81' lang='lat' dir='ltr'><strong>veneremur</strong></span> <span class='ocrx_word' id='word_1_537' title='bbox 2494 3735 2763 3788; x_wconf 82' lang='lat' dir='ltr'><strong>hominem</strong></span> <span class='ocrx_word' id='word_1_538' title='bbox 2816 3735 2908 3802; x_wconf 91' lang='lat' dir='ltr'><strong>qui</strong></span> <span class='ocrx_word' id='word_1_539' title='bbox 2960 3750 3026 3789; x_wconf 77' lang='lat' dir='ltr'><strong>ex</strong></span> <span class='ocrx_word' id='word_1_540' title='bbox 3078 3735 3253 3788; x_wconf 69' lang='lat' dir='ltr'><strong>divina</strong></span> <span class='ocrx_word' id='word_1_541' title='bbox 3310 3735 3689 3802; x_wconf 84' lang='lat' dir='ltr'><strong>conjunctione</strong></span> 
     </span>
    </p>
   </div>
   <div class='ocr_carea' id='block_1_72' title="bbox 2114 3826 3297 3897">
    <p class='ocr_par' dir='ltr' id='par_1_72' title="bbox 2114 3826 3297 3897">
     <span class='ocr_line' id='line_1_72' title="bbox 2114 3826 3297 3897; baseline 0 -18"><span class='ocrx_word' id='word_1_542' title='bbox 2114 3840 2233 3879; x_wconf 87' lang='lat' dir='ltr'><strong>cum</strong></span> <span class='ocrx_word' id='word_1_543' title='bbox 2266 3826 2642 3896; x_wconf 62' lang='lat' dir='ltr'><strong>ornnipotgnte</strong></span> <span class='ocrx_word' id='word_1_544' title='bbox 2664 3826 2774 3882; x_wconf 91' lang='lat' dir='ltr'><strong>Deo</strong></span> <span class='ocrx_word' id='word_1_545' title='bbox 2803 3826 2963 3881; x_wconf 87' lang='lat' dir='ltr'><strong>simul</strong></span> <span class='ocrx_word' id='word_1_546' title='bbox 2996 3826 3297 3897; x_wconf 66' lang='lat' dir='ltr'><strong>adoratum]</strong></span> 
     </span>
    </p>
   </div>
   <div class='ocr_carea' id='block_1_73' title="bbox 1034 3958 2006 4023">
    <p class='ocr_par' dir='ltr' id='par_1_73' title="bbox 1034 3969 1943 4023">
     <span class='ocr_line' id='line_1_73' title="bbox 1034 3969 1943 4023; baseline -0.009 0"><span class='ocrx_word' id='word_1_547' title='bbox 1034 3970 1283 4023; x_wconf 80' lang='grc' dir='ltr'><strong>ΚΕΦΑΛ.</strong></span> <span class='ocrx_word' id='word_1_548' title='bbox 1315 3969 1412 4020; x_wconf 66' lang='grc' dir='ltr'><strong>π’.</strong></span> <span class='ocrx_word' id='word_1_549' title='bbox 1938 3978 1943 3991; x_wconf 79' lang='lat'><strong>‘</strong></span> 
     </span>
    </p>
   </div>
   <div class='ocr_carea' id='block_1_74' title="bbox 2107 3958 3060 4023">
    <p class='ocr_par' dir='ltr' id='par_1_74' title="bbox 2729 3958 3060 4014">
     <span class='ocr_line' id='line_1_74' title="bbox 2729 3958 3060 4014; baseline 0.006 -2"><span class='ocrx_word' id='word_1_550' title='bbox 2729 3958 2882 4013; x_wconf 78' lang='lat' dir='ltr'><strong>CAP.</strong></span> <span class='ocrx_word' id='word_1_551' title='bbox 2922 3958 3060 4014; x_wconf 79' lang='lat' dir='ltr'>XIII.</span> 
     </span>
    </p>
   </div>
   <div class='ocr_carea' id='block_1_75' title="bbox 2186 4091 3689 4165">
    <p class='ocr_par' dir='ltr' id='par_1_75' title="bbox 2186 4091 3689 4165">
     <span class='ocr_line' id='line_1_75' title="bbox 2186 4091 3689 4165; baseline 0.007 -21"><span class='ocrx_word' id='word_1_552' title='bbox 2186 4091 2241 4145; x_wconf 84' lang='lat' dir='ltr'><strong>Si</strong></span> <span class='ocrx_word' id='word_1_553' title='bbox 2289 4091 2505 4159; x_wconf 87' lang='lat' dir='ltr'><strong>quidem</strong></span> <span class='ocrx_word' id='word_1_554' title='bbox 2555 4092 2720 4159; x_wconf 83' lang='lat' dir='ltr'><strong>igitur</strong></span> <span class='ocrx_word' id='word_1_555' title='bbox 2763 4094 3037 4149; x_wconf 82' lang='lat' dir='ltr'><strong>hominem</strong></span> <span class='ocrx_word' id='word_1_556' title='bbox 3083 4095 3381 4165; x_wconf 87' lang='lat' dir='ltr'><strong>appellans,</strong></span> <span class='ocrx_word' id='word_1_557' title='bbox 3416 4112 3539 4154; x_wconf 87' lang='lat' dir='ltr'><strong>cum</strong></span> <span class='ocrx_word' id='word_1_558' title='bbox 3588 4098 3689 4159; x_wconf 85' lang='lat' dir='ltr'><strong>hoc</strong></span> 
     </span>
    </p>
   </div>
   <div class='ocr_carea' id='block_1_76' title="bbox 2113 4181 3684 4250">
    <p class='ocr_par' dir='ltr' id='par_1_76' title="bbox 2113 4181 3684 4250">
     <span class='ocr_line' id='line_1_76' title="bbox 2113 4181 3684 4250; baseline 0.006 -18"><span class='ocrx_word' id='word_1_559' title='bbox 2113 4181 2275 4233; x_wconf 90' lang='lat' dir='ltr'><strong>etiam</strong></span> <span class='ocrx_word' id='word_1_560' title='bbox 2324 4183 2490 4233; x_wconf 87' lang='lat' dir='ltr'><strong>Deum</strong></span> <span class='ocrx_word' id='word_1_561' title='bbox 2517 4181 2691 4250; x_wconf 86' lang='lat' dir='ltr'><strong>ipsum</strong></span> <span class='ocrx_word' id='word_1_562' title='bbox 2726 4197 2846 4237; x_wconf 85' lang='lat' dir='ltr'><strong>esse</strong></span> <span class='ocrx_word' id='word_1_563' title='bbox 2871 4185 3167 4240; x_wconf 84' lang='lat' dir='ltr'><strong>secundum</strong></span> <span class='ocrx_word' id='word_1_564' title='bbox 3207 4196 3453 4242; x_wconf 87' lang='lat' dir='ltr'><strong>naturam</strong></span> <span class='ocrx_word' id='word_1_565' title='bbox 3485 4188 3684 4243; x_wconf 84' lang='lat' dir='ltr'><strong>intelli-</strong></span> 
     </span>
    </p>
   </div>
   <div class='ocr_carea' id='block_1_77' title="bbox 2113 4272 3685 4343">
    <p class='ocr_par' dir='ltr' id='par_1_77' title="bbox 2113 4272 3685 4343">
     <span class='ocr_line' id='line_1_77' title="bbox 2113 4272 3685 4343; baseline 0.008 -20"><span class='ocrx_word' id='word_1_566' title='bbox 2113 4274 2220 4339; x_wconf 85' lang='lat' dir='ltr'><strong>gis,</strong></span> <span class='ocrx_word' id='word_1_567' title='bbox 2254 4272 2394 4327; x_wconf 89' lang='lat' dir='ltr'><strong>bene</strong></span> <span class='ocrx_word' id='word_1_568' title='bbox 2436 4274 2617 4337; x_wconf 85' lang='lat' dir='ltr'><strong>habet,</strong></span> <span class='ocrx_word' id='word_1_569' title='bbox 2660 4284 2714 4329; x_wconf 92' lang='lat' dir='ltr'><strong>et</strong></span> <span class='ocrx_word' id='word_1_570' title='bbox 2737 4273 2849 4343; x_wconf 88' lang='lat' dir='ltr'><strong>jam</strong></span> <span class='ocrx_word' id='word_1_571' title='bbox 2885 4278 3045 4329; x_wconf 89' lang='lat' dir='ltr'><strong>linem</strong></span> <span class='ocrx_word' id='word_1_572' title='bbox 3086 4275 3280 4332; x_wconf 80' lang='lat' dir='ltr'><strong>faciam</strong></span> <span class='ocrx_word' id='word_1_573' title='bbox 3307 4296 3322 4333; x_wconf 90' lang='lat'><strong>:</strong></span> <span class='ocrx_word' id='word_1_574' title='bbox 3351 4282 3433 4333; x_wconf 91' lang='lat' dir='ltr'><strong>sin</strong></span> <span class='ocrx_word' id='word_1_575' title='bbox 3485 4280 3685 4336; x_wconf 84' lang='lat' dir='ltr'><strong>dividis</strong></span> 
     </span>
    </p>
   </div>
   <div class='ocr_carea' id='block_1_78' title="bbox 484 4093 2008 4179">
    <p class='ocr_par' dir='ltr' id='par_1_78' title="bbox 484 4093 2008 4179">
     <span class='ocr_line' id='line_1_78' title="bbox 484 4093 2008 4179; baseline -0.01 -15"><span class='ocrx_word' id='word_1_576' title='bbox 484 4111 552 4164; x_wconf 77' lang='grc' dir='ltr'><strong>Εἰ</strong></span> <span class='ocrx_word' id='word_1_577' title='bbox 586 4109 692 4179; x_wconf 76' lang='grc' dir='ltr'>μὲν</span> <span class='ocrx_word' id='word_1_578' title='bbox 725 4101 819 4160; x_wconf 76' lang='grc' dir='ltr'><strong>οὖν</strong></span> <span class='ocrx_word' id='word_1_579' title='bbox 848 4106 1136 4176; x_wconf 76' lang='grc' dir='ltr'>ἄνθρωπον</span> <span class='ocrx_word' id='word_1_580' title='bbox 1159 4099 1439 4171; x_wconf 78' lang='grc' dir='ltr'>ὀνομάζων</span> <span class='ocrx_word' id='word_1_581' title='bbox 1460 4093 1619 4152; x_wconf 78' lang='grc' dir='ltr'>οἶσθα</span> <span class='ocrx_word' id='word_1_582' title='bbox 1653 4097 1789 4169; x_wconf 71' lang='grc' dir='ltr'>μετὰ</span> <span class='ocrx_word' id='word_1_583' title='bbox 1818 4096 2008 4151; x_wconf 82' lang='grc' dir='ltr'>τούτου</span> 
     </span>
    </p>
   </div>
   <div class='ocr_carea' id='block_1_79' title="bbox 414 4185 2010 4264">
    <p class='ocr_par' dir='ltr' id='par_1_79' title="bbox 414 4185 2010 4264">
     <span class='ocr_line' id='line_1_79' title="bbox 414 4185 2010 4264; baseline -0.011 -8"><span class='ocrx_word' id='word_1_584' title='bbox 414 4203 510 4256; x_wconf 73' lang='grc' dir='ltr'><strong>καὶ</strong></span> <span class='ocrx_word' id='word_1_585' title='bbox 545 4200 689 4253; x_wconf 75' lang='grc' dir='ltr'>θεὸν</span> <span class='ocrx_word' id='word_1_586' title='bbox 716 4186 848 4251; x_wconf 66' lang='grc' dir='ltr'>ὄντα</span> <span class='ocrx_word' id='word_1_587' title='bbox 862 4196 1001 4249; x_wconf 81' lang='grc' dir='ltr'>κατὰ</span> <span class='ocrx_word' id='word_1_588' title='bbox 1028 4193 1193 4264; x_wconf 75' lang='grc' dir='ltr'>φύσιν</span> <span class='ocrx_word' id='word_1_589' title='bbox 1222 4191 1405 4255; x_wconf 83' lang='grc' dir='ltr'>αὑτὸν,</span> <span class='ocrx_word' id='word_1_590' title='bbox 1436 4185 1495 4243; x_wconf 82' lang='grc' dir='ltr'><strong>εὖ</strong></span> <span class='ocrx_word' id='word_1_591' title='bbox 1527 4188 1594 4242; x_wconf 83' lang='grc' dir='ltr'><strong>ἂν</strong></span> <span class='ocrx_word' id='word_1_592' title='bbox 1630 4188 1764 4258; x_wconf 74' lang='grc' dir='ltr'>ἔχοι,</span> <span class='ocrx_word' id='word_1_593' title='bbox 1792 4189 1887 4241; x_wconf 75' lang='grc' dir='ltr'><strong>καὶ</strong></span> <span class='ocrx_word' id='word_1_594' title='bbox 1912 4203 2010 4239; x_wconf 87' lang='grc' dir='ltr'>πε-</span> 
     </span>
    </p>
   </div>
   <div class='ocr_carea' id='block_1_80' title="bbox 414 4276 2011 4361">
    <p class='ocr_par' dir='ltr' id='par_1_80' title="bbox 414 4276 2011 4361">
     <span class='ocr_line' id='line_1_80' title="bbox 414 4276 2011 4361; baseline -0.011 -14"><span class='ocrx_word' id='word_1_595' title='bbox 414 4294 735 4361; x_wconf 81' lang='grc' dir='ltr'>παύσομαι.</span> <span class='ocrx_word' id='word_1_596' title='bbox 772 4290 837 4341; x_wconf 85' lang='grc' dir='ltr'><strong>Εἰ</strong></span> <span class='ocrx_word' id='word_1_597' title='bbox 857 4288 914 4341; x_wconf 80' lang='grc' dir='ltr'><strong>δὲ</strong></span> <span class='ocrx_word' id='word_1_598' title='bbox 934 4284 1175 4358; x_wconf 76' lang='grc' dir='ltr'>μερίζων</span> <span class='ocrx_word' id='word_1_599' title='bbox 1204 4283 1303 4347; x_wconf 81' lang='grc' dir='ltr'>τὰς</span> <span class='ocrx_word' id='word_1_600' title='bbox 1318 4276 1538 4353; x_wconf 67' lang='grc' dir='ltr'>’“φύσεις,</span> <span class='ocrx_word' id='word_1_601' title='bbox 1559 4281 1679 4349; x_wconf 75' lang='grc' dir='ltr'>οὐχὶ</span> <span class='ocrx_word' id='word_1_602' title='bbox 1709 4278 1787 4349; x_wconf 85' lang='grc' dir='ltr'>τῷ</span> <span class='ocrx_word' id='word_1_603' title='bbox 1813 4277 2011 4331; x_wconf 72' lang='grc' dir='ltr'>ειδέναι</span> 
     </span>
    </p>
   </div>
   <div class='ocr_carea' id='block_1_81' title="bbox 417 4366 2006 4457">
    <p class='ocr_par' dir='ltr' id='par_1_81' title="bbox 417 4367 2006 4457">
     <span class='ocr_line' id='line_1_81' title="bbox 417 4367 2006 4457; baseline -0.013 -18"><span class='ocrx_word' id='word_1_604' title='bbox 417 4387 616 4457; x_wconf 82' lang='grc' dir='ltr'>μόνον,</span> <span class='ocrx_word' id='word_1_605' title='bbox 640 4383 730 4444; x_wconf 89' lang='grc' dir='ltr'><strong>τίς</strong></span> <span class='ocrx_word' id='word_1_606' title='bbox 770 4382 869 4452; x_wconf 80' lang='grc' dir='ltr'>μὲν</span> <span class='ocrx_word' id='word_1_607' title='bbox 900 4382 934 4450; x_wconf 79' lang='grc' dir='ltr'>ἠ</span> <span class='ocrx_word' id='word_1_608' title='bbox 968 4376 1308 4449; x_wconf 77' lang='grc' dir='ltr'>ἀνθρωπεία,</span> <span class='ocrx_word' id='word_1_609' title='bbox 1347 4374 1431 4438; x_wconf 84' lang='grc' dir='ltr'><strong>τίς</strong></span> <span class='ocrx_word' id='word_1_610' title='bbox 1456 4372 1514 4426; x_wconf 81' lang='grc' dir='ltr'>δὲ</span> <span class='ocrx_word' id='word_1_611' title='bbox 1540 4372 1606 4442; x_wconf 82' lang='grc' dir='ltr'><strong>δὴ</strong></span> <span class='ocrx_word' id='word_1_612' title='bbox 1629 4369 1789 4424; x_wconf 83' lang='grc' dir='ltr'>πάλιν</span> <span class='ocrx_word' id='word_1_613' title='bbox 1812 4370 1846 4440; x_wconf 83' lang='grc' dir='ltr'>ἡ</span> <span class='ocrx_word' id='word_1_614' title='bbox 1873 4367 2006 4421; x_wconf 80' lang='grc' dir='ltr'>Θεία.</span> 
     </span>
    </p>
   </div>
   <div class='ocr_carea' id='block_1_82' title="bbox 2107 4366 3686 4457">
    <p class='ocr_par' dir='ltr' id='par_1_82' title="bbox 2116 4366 3686 4439">
     <span class='ocr_line' id='line_1_82' title="bbox 2116 4366 3686 4439; baseline 0.003 -19"><span class='ocrx_word' id='word_1_615' title='bbox 2116 4375 2384 4429; x_wconf 88' lang='lat' dir='ltr'><strong>naturas,</strong></span> <span class='ocrx_word' id='word_1_616' title='bbox 2437 4381 2543 4419; x_wconf 90' lang='lat' dir='ltr'><strong>non</strong></span> <span class='ocrx_word' id='word_1_617' title='bbox 2596 4376 2652 4419; x_wconf 92' lang='lat' dir='ltr'><strong>ut</strong></span> <span class='ocrx_word' id='word_1_618' title='bbox 2701 4366 2846 4421; x_wconf 88' lang='lat' dir='ltr'><strong>scias</strong></span> <span class='ocrx_word' id='word_1_619' title='bbox 2902 4369 3063 4423; x_wconf 91' lang='lat' dir='ltr'><strong>modo</strong></span> <span class='ocrx_word' id='word_1_620' title='bbox 3111 4386 3360 4439; x_wconf 69' lang='lat' dir='ltr'><strong>quasnam</strong></span> <span class='ocrx_word' id='word_1_621' title='bbox 3409 4370 3686 4436; x_wconf 85' lang='lat' dir='ltr'><strong>humana,</strong></span> 
     </span>
    </p>
   </div>
   <div class='ocr_carea' id='block_1_83' title="bbox 412 4459 2006 4542">
    <p class='ocr_par' dir='ltr' id='par_1_83' title="bbox 412 4459 2006 4542">
     <span class='ocr_line' id='line_1_83' title="bbox 412 4459 2006 4542; baseline -0.014 -11"><span class='ocrx_word' id='word_1_622' title='bbox 412 4474 646 4538; x_wconf 79' lang='grc' dir='ltr'>Διῖστὰς</span> <span class='ocrx_word' id='word_1_623' title='bbox 670 4473 729 4525; x_wconf 77' lang='grc' dir='ltr'><strong>δὲ</strong></span> <span class='ocrx_word' id='word_1_624' title='bbox 763 4470 965 4542; x_wconf 81' lang='grc' dir='ltr'>μᾶλλον</span> <span class='ocrx_word' id='word_1_625' title='bbox 1006 4469 1104 4536; x_wconf 78' lang='grc' dir='ltr'><strong>τῆς</strong></span> <span class='ocrx_word' id='word_1_626' title='bbox 1134 4466 1269 4537; x_wconf 70' lang='grc' dir='ltr'>πρὸς</span> <span class='ocrx_word' id='word_1_627' title='bbox 1302 4465 1529 4533; x_wconf 77' lang='grc' dir='ltr'>ἑνότητα</span> <span class='ocrx_word' id='word_1_628' title='bbox 1571 4460 1895 4530; x_wconf 83' lang='grc' dir='ltr'>συνδρομῆς,</span> <span class='ocrx_word' id='word_1_629' title='bbox 1920 4459 2006 4510; x_wconf 86' lang='grc' dir='ltr'>ἁν-</span> 
     </span>
    </p>
   </div>
   <div class='ocr_carea' id='block_1_84' title="bbox 2107 4459 3688 4542">
    <p class='ocr_par' dir='ltr' id='par_1_84' title="bbox 2116 4459 3688 4525">
     <span class='ocr_line' id='line_1_84' title="bbox 2116 4459 3688 4525; baseline 0.004 -16"><span class='ocrx_word' id='word_1_630' title='bbox 2116 4471 2303 4525; x_wconf 72' lang='lat' dir='ltr'><strong>quzeve</strong></span> <span class='ocrx_word' id='word_1_631' title='bbox 2348 4474 2536 4515; x_wconf 88' lang='lat' dir='ltr'><strong>rursus</strong></span> <span class='ocrx_word' id='word_1_632' title='bbox 2584 4459 2804 4525; x_wconf 85' lang='lat' dir='ltr'><strong>divina,</strong></span> <span class='ocrx_word' id='word_1_633' title='bbox 2855 4462 2947 4514; x_wconf 90' lang='lat' dir='ltr'><strong>sed</strong></span> <span class='ocrx_word' id='word_1_634' title='bbox 2999 4469 3059 4514; x_wconf 91' lang='lat' dir='ltr'><strong>ut</strong></span> <span class='ocrx_word' id='word_1_635' title='bbox 3094 4461 3316 4516; x_wconf 87' lang='lat' dir='ltr'><strong>diducas</strong></span> <span class='ocrx_word' id='word_1_636' title='bbox 3374 4461 3443 4515; x_wconf 85' lang='lat' dir='ltr'><strong>ab</strong></span> <span class='ocrx_word' id='word_1_637' title='bbox 3483 4461 3579 4515; x_wconf 88' lang='lat' dir='ltr'><strong>illo</strong></span> <span class='ocrx_word' id='word_1_638' title='bbox 3635 4463 3688 4516; x_wconf 91' lang='lat' dir='ltr'><strong>in</strong></span> 
     </span>
    </p>
   </div>
   <div class='ocr_carea' id='block_1_85' title="bbox 414 4549 2006 4644">
    <p class='ocr_par' dir='ltr' id='par_1_85' title="bbox 414 4549 2006 4638">
     <span class='ocr_line' id='line_1_85' title="bbox 414 4549 2006 4638; baseline -0.012 -16"><span class='ocrx_word' id='word_1_639' title='bbox 414 4563 842 4638; x_wconf 79' lang='grc' dir='ltr'>Θρωπολατρεῖς</span> <span class='ocrx_word' id='word_1_640' title='bbox 892 4558 1375 4631; x_wconf 78' lang='grc' dir='ltr'>ὁμολογουμένως·</span> <span class='ocrx_word' id='word_1_641' title='bbox 1424 4552 1516 4607; x_wconf 86' lang='grc' dir='ltr'><strong>καί</strong></span> <span class='ocrx_word' id='word_1_642' title='bbox 1551 4569 1633 4606; x_wconf 91' lang='grc' dir='ltr'><strong>σοι</strong></span> <span class='ocrx_word' id='word_1_643' title='bbox 1671 4552 1810 4621; x_wconf 85' lang='grc' dir='ltr'>πρὸς</span> <span class='ocrx_word' id='word_1_644' title='bbox 1856 4549 2006 4621; x_wconf 77' lang='grc' dir='ltr'>ἡμῶν</span> 
     </span>
    </p>
   </div>
   <div class='ocr_carea' id='block_1_86' title="bbox 2107 4549 3687 4644">
    <p class='ocr_par' dir='ltr' id='par_1_86' title="bbox 2120 4549 3687 4613">
     <span class='ocr_line' id='line_1_86' title="bbox 2120 4549 3687 4613; baseline 0.003 -15"><span class='ocrx_word' id='word_1_645' title='bbox 2120 4549 2379 4603; x_wconf 87' lang='lat' dir='ltr'><strong>unitatem</strong></span> <span class='ocrx_word' id='word_1_646' title='bbox 2441 4564 2743 4613; x_wconf 90' lang='lat' dir='ltr'><strong>concursu,</strong></span> <span class='ocrx_word' id='word_1_647' title='bbox 2802 4559 3010 4604; x_wconf 84' lang='lat' dir='ltr'><strong>certum</strong></span> <span class='ocrx_word' id='word_1_648' title='bbox 3064 4558 3149 4605; x_wconf 88' lang='lat' dir='ltr'><strong>est</strong></span> <span class='ocrx_word' id='word_1_649' title='bbox 3197 4559 3251 4604; x_wconf 85' lang='lat' dir='ltr'><strong>te</strong></span> <span class='ocrx_word' id='word_1_650' title='bbox 3302 4550 3687 4604; x_wconf 80' lang='lat' dir='ltr'><strong>hominicolant</strong></span> 
     </span>
    </p>
   </div>
   <div class='ocr_carea' id='block_1_87' title="bbox 414 4637 2006 4731">
    <p class='ocr_par' dir='ltr' id='par_1_87' title="bbox 414 4637 2005 4731">
     <span class='ocr_line' id='line_1_87' title="bbox 414 4637 2005 4731; baseline -0.013 -19"><span class='ocrx_word' id='word_1_651' title='bbox 414 4637 710 4731; x_wconf 72' lang='grc' dir='ltr'>εἰρήσεται</span> <span class='ocrx_word' id='word_1_652' title='bbox 735 4671 748 4683; x_wconf 95' lang='grc'><strong>·</strong></span> <span class='ocrx_word' id='word_1_653' title='bbox 779 4674 796 4705; x_wconf 70' lang='grc' dir='ltr'><strong>ς</strong></span> <span class='ocrx_word' id='word_1_654' title='bbox 819 4652 955 4715; x_wconf 79' lang='grc' dir='ltr'>Τοὺς</span> <span class='ocrx_word' id='word_1_655' title='bbox 980 4650 1227 4721; x_wconf 74' lang='grc' dir='ltr'>καρποὺς</span> <span class='ocrx_word' id='word_1_656' title='bbox 1258 4648 1365 4700; x_wconf 81' lang='grc' dir='ltr'><strong>τῶν</strong></span> <span class='ocrx_word' id='word_1_657' title='bbox 1388 4646 1564 4699; x_wconf 85' lang='grc' dir='ltr'>πόνων</span> <span class='ocrx_word' id='word_1_658' title='bbox 1590 4661 1683 4697; x_wconf 83' lang='grc' dir='ltr'><strong>σου</strong></span> <span class='ocrx_word' id='word_1_659' title='bbox 1717 4643 2005 4711; x_wconf 74' lang='grc' dir='ltr'>φάγεσαι.»</span> 
     </span>
    </p>
   </div>
   <div class='ocr_carea' id='block_1_88' title="bbox 2107 4637 3685 4731">
    <p class='ocr_par' dir='ltr' id='par_1_88' title="bbox 2120 4637 3685 4702">
     <span class='ocr_line' id='line_1_88' title="bbox 2120 4637 3685 4702; baseline 0.001 -11"><span class='ocrx_word' id='word_1_660' title='bbox 2120 4653 2259 4702; x_wconf 87' lang='lat' dir='ltr'><strong>esse,</strong></span> <span class='ocrx_word' id='word_1_661' title='bbox 2301 4647 2357 4692; x_wconf 82' lang='lat' dir='ltr'><strong>et</strong></span> <span class='ocrx_word' id='word_1_662' title='bbox 2402 4639 2496 4691; x_wconf 90' lang='lat' dir='ltr'><strong>tibi</strong></span> <span class='ocrx_word' id='word_1_663' title='bbox 2538 4654 2566 4691; x_wconf 89' lang='lat' dir='ltr'><strong>a</strong></span> <span class='ocrx_word' id='word_1_664' title='bbox 2619 4640 2772 4693; x_wconf 90' lang='lat' dir='ltr'><strong>nobis</strong></span> <span class='ocrx_word' id='word_1_665' title='bbox 2820 4640 3075 4693; x_wconf 90' lang='lat' dir='ltr'><strong>dicetur:</strong></span> <span class='ocrx_word' id='word_1_666' title='bbox 3114 4656 3133 4689; x_wconf 80' lang='grc' dir='ltr'><strong>ι</strong></span> <span class='ocrx_word' id='word_1_667' title='bbox 3163 4637 3392 4693; x_wconf 80' lang='lat' dir='ltr'><strong>Fructus</strong></span> <span class='ocrx_word' id='word_1_668' title='bbox 3438 4639 3685 4694; x_wconf 90' lang='lat' dir='ltr'><strong>laborum</strong></span> 
     </span>
    </p>
   </div>
   <div class='ocr_carea' id='block_1_89' title="bbox 415 4729 2006 4820">
    <p class='ocr_par' dir='ltr' id='par_1_89' title="bbox 415 4729 2006 4820">
     <span class='ocr_line' id='line_1_89' title="bbox 415 4729 2006 4820; baseline -0.013 -15"><span class='ocrx_word' id='word_1_669' title='bbox 415 4729 676 4820; x_wconf 75' lang='grc' dir='ltr'>Σκληρὸς</span> <span class='ocrx_word' id='word_1_670' title='bbox 714 4745 893 4812; x_wconf 47' lang='grc' dir='ltr'>δὲκαὶ</span> <span class='ocrx_word' id='word_1_671' title='bbox 935 4737 1445 4809; x_wconf 74' lang='grc' dir='ltr'>ἅνουθέτητος,ὣν,</span> <span class='ocrx_word' id='word_1_672' title='bbox 1481 4738 1640 4807; x_wconf 82' lang='grc' dir='ltr'>μόνος</span> <span class='ocrx_word' id='word_1_673' title='bbox 1682 4735 1754 4787; x_wconf 82' lang='grc' dir='ltr'>ῐθι</span> <span class='ocrx_word' id='word_1_674' title='bbox 1806 4733 1903 4804; x_wconf 81' lang='grc' dir='ltr'>τὴν</span> <span class='ocrx_word' id='word_1_675' title='bbox 1932 4733 2006 4787; x_wconf 84' lang='grc' dir='ltr'><strong>δι-</strong></span> 
     </span>
    </p>
   </div>
   <div class='ocr_carea' id='block_1_90' title="bbox 2107 4729 3691 4820">
    <p class='ocr_par' dir='ltr' id='par_1_90' title="bbox 2124 4729 3691 4801">
     <span class='ocr_line' id='line_1_90' title="bbox 2124 4729 3691 4801; baseline 0.002 -20"><span class='ocrx_word' id='word_1_676' title='bbox 2124 4740 2335 4781; x_wconf 86' lang='lat' dir='ltr'><strong>tuorum</strong></span> <span class='ocrx_word' id='word_1_677' title='bbox 2378 4730 2507 4784; x_wconf 88' lang='lat' dir='ltr'><strong>edes</strong></span> <span class='ocrx_word' id='word_1_678' title='bbox 2537 4729 2649 4801; x_wconf 82' lang='lat' dir='ltr'><strong>(l7)</strong></span> <span class='ocrx_word' id='word_1_679' title='bbox 2669 4730 2713 4760; x_wconf 81' lang='lat'>&quot;</span> <span class='ocrx_word' id='word_1_680' title='bbox 2742 4749 2755 4783; x_wconf 88' lang='lat'><strong>:</strong></span> <span class='ocrx_word' id='word_1_681' title='bbox 2796 4749 2814 4780; x_wconf 78' lang='grc' dir='ltr'><strong>ι</strong></span> <span class='ocrx_word' id='word_1_682' title='bbox 2847 4744 2969 4783; x_wconf 90' lang='lat' dir='ltr'><strong>cum</strong></span> <span class='ocrx_word' id='word_1_683' title='bbox 3004 4744 3136 4787; x_wconf 81' lang='lat' dir='ltr'><strong>vero</strong></span> <span class='ocrx_word' id='word_1_684' title='bbox 3170 4730 3246 4784; x_wconf 89' lang='lat' dir='ltr'><strong>sis</strong></span> <span class='ocrx_word' id='word_1_685' title='bbox 3282 4733 3451 4785; x_wconf 89' lang='lat' dir='ltr'><strong>durus</strong></span> <span class='ocrx_word' id='word_1_686' title='bbox 3480 4739 3535 4784; x_wconf 86' lang='lat' dir='ltr'><strong>et</strong></span> <span class='ocrx_word' id='word_1_687' title='bbox 3576 4747 3691 4784; x_wconf 88' lang='lat' dir='ltr'><strong>mo-</strong></span> 
     </span>
    </p>
   </div>
   <div class='ocr_carea' id='block_1_91' title="bbox 415 4821 2006 4909">
    <p class='ocr_par' dir='ltr' id='par_1_91' title="bbox 415 4822 2006 4909">
     <span class='ocr_line' id='line_1_91' title="bbox 415 4822 2006 4909; baseline -0.011 -18"><span class='ocrx_word' id='word_1_688' title='bbox 415 4834 847 4909; x_wconf 80' lang='grc' dir='ltr'>εστραμμένην.</span> <span class='ocrx_word' id='word_1_689' title='bbox 893 4832 1081 4901; x_wconf 81' lang='grc' dir='ltr'>Ἡμεῖς</span> <span class='ocrx_word' id='word_1_690' title='bbox 1117 4828 1174 4882; x_wconf 81' lang='grc' dir='ltr'><strong>δὲ</strong></span> <span class='ocrx_word' id='word_1_691' title='bbox 1219 4827 1315 4899; x_wconf 80' lang='grc' dir='ltr'><strong>τὴν</strong></span> <span class='ocrx_word' id='word_1_692' title='bbox 1358 4826 1554 4895; x_wconf 76' lang='grc' dir='ltr'>εὐσεϐῆ</span> <span class='ocrx_word' id='word_1_693' title='bbox 1585 4826 1679 4878; x_wconf 82' lang='grc' dir='ltr'><strong>καὶ</strong></span> <span class='ocrx_word' id='word_1_694' title='bbox 1714 4822 2006 4894; x_wconf 77' lang='grc' dir='ltr'>ἀμώμητον</span> 
     </span>
    </p>
   </div>
   <div class='ocr_carea' id='block_1_92' title="bbox 2107 4821 3691 4909">
    <p class='ocr_par' dir='ltr' id='par_1_92' title="bbox 2123 4821 3691 4890">
     <span class='ocr_line' id='line_1_92' title="bbox 2123 4821 3691 4890; baseline 0.004 -18"><span class='ocrx_word' id='word_1_695' title='bbox 2123 4821 2235 4873; x_wconf 85' lang='lat' dir='ltr'><strong>nita</strong></span> <span class='ocrx_word' id='word_1_696' title='bbox 2293 4836 2538 4889; x_wconf 85' lang='lat' dir='ltr'><strong>respuas,</strong></span> <span class='ocrx_word' id='word_1_697' title='bbox 2582 4821 2732 4875; x_wconf 89' lang='lat' dir='ltr'><strong>solus</strong></span> <span class='ocrx_word' id='word_1_698' title='bbox 2762 4835 2861 4890; x_wconf 86' lang='lat' dir='ltr'><strong>per</strong></span> <span class='ocrx_word' id='word_1_699' title='bbox 2888 4821 3028 4875; x_wconf 74' lang='lat' dir='ltr'><strong>riam</strong></span> <span class='ocrx_word' id='word_1_700' title='bbox 3076 4836 3388 4889; x_wconf 79' lang='lat' dir='ltr'><strong>perversam</strong></span> <span class='ocrx_word' id='word_1_701' title='bbox 3422 4823 3530 4875; x_wconf 87' lang='lat' dir='ltr'><strong>abi.</strong></span> <span class='ocrx_word' id='word_1_702' title='bbox 3581 4822 3691 4878; x_wconf 85' lang='lat' dir='ltr'><strong>Nos</strong></span> 
     </span>
    </p>
   </div>
   <div class='ocr_carea' id='block_1_93' title="bbox 417 4913 2006 4993">
    <p class='ocr_par' dir='ltr' id='par_1_93' title="bbox 417 4914 2006 4993">
     <span class='ocr_line' id='line_1_93' title="bbox 417 4914 2006 4993; baseline -0.011 -11"><span class='ocrx_word' id='word_1_703' title='bbox 417 4928 538 4983; x_wconf 83' lang='grc' dir='ltr'>τῶν</span> <span class='ocrx_word' id='word_1_704' title='bbox 578 4926 757 4993; x_wconf 80' lang='grc' dir='ltr'>ἁγίων</span> <span class='ocrx_word' id='word_1_705' title='bbox 794 4923 1059 4992; x_wconf 77' lang='grc' dir='ltr'>Πατέρων</span> <span class='ocrx_word' id='word_1_706' title='bbox 1112 4918 1518 4989; x_wconf 71' lang='grc' dir='ltr'>ἰχνηλατοῦντες</span> <span class='ocrx_word' id='word_1_707' title='bbox 1558 4914 1765 4987; x_wconf 77' lang='grc' dir='ltr'>τρίϐον,</span> <span class='ocrx_word' id='word_1_708' title='bbox 1801 4916 1914 4975; x_wconf 89' lang='grc' dir='ltr'>τοῖς</span> <span class='ocrx_word' id='word_1_709' title='bbox 1952 4931 2006 4969; x_wconf 79' lang='grc' dir='ltr'><strong>τε</strong></span> 
     </span>
    </p>
   </div>
   <div class='ocr_carea' id='block_1_94' title="bbox 2107 4913 3695 4993">
    <p class='ocr_par' dir='ltr' id='par_1_94' title="bbox 2121 4913 3695 4993">
     <span class='ocr_line' id='line_1_94' title="bbox 2121 4913 3695 4993; baseline 0.002 -28"><span class='ocrx_word' id='word_1_710' title='bbox 2121 4927 2250 4966; x_wconf 89' lang='lat' dir='ltr'><strong>vero</strong></span> <span class='ocrx_word' id='word_1_711' title='bbox 2281 4914 2423 4981; x_wconf 85' lang='lat' dir='ltr'><strong>piam</strong></span> <span class='ocrx_word' id='word_1_712' title='bbox 2471 4922 2527 4967; x_wconf 87' lang='lat' dir='ltr'><strong>et</strong></span> <span class='ocrx_word' id='word_1_713' title='bbox 2556 4924 2757 4967; x_wconf 89' lang='lat' dir='ltr'><strong>rectam</strong></span> <span class='ocrx_word' id='word_1_714' title='bbox 2798 4923 3108 4993; x_wconf 84' lang='lat' dir='ltr'><strong>sanctorum</strong></span> <span class='ocrx_word' id='word_1_715' title='bbox 3141 4913 3359 4968; x_wconf 83' lang='lat' dir='ltr'><strong>Patrum</strong></span> <span class='ocrx_word' id='word_1_716' title='bbox 3398 4916 3539 4970; x_wconf 84' lang='lat' dir='ltr'><strong>viam</strong></span> <span class='ocrx_word' id='word_1_717' title='bbox 3570 4930 3695 4983; x_wconf 87' lang='lat' dir='ltr'><strong>pcr-</strong></span> 
     </span>
    </p>
   </div>
   <div class='ocr_carea' id='block_1_95' title="bbox 416 4986 2006 5076">
    <p class='ocr_par' dir='ltr' id='par_1_95' title="bbox 416 4986 2006 5076">
     <span class='ocr_line' id='line_1_95' title="bbox 416 4986 2006 5076; baseline -0.011 -4"><span class='ocrx_word' id='word_1_718' title='bbox 416 4986 817 5075; x_wconf 80' lang='grc' dir='ltr'>ἀποστολικοῖς</span> <span class='ocrx_word' id='word_1_719' title='bbox 876 4986 971 5064; x_wconf 52' lang='grc' dir='ltr'><strong>καὶ</strong></span> <span class='ocrx_word' id='word_1_720' title='bbox 1024 4986 1399 5076; x_wconf 62' lang='grc' dir='ltr'>εὐαγγελικοῖς</span> <span class='ocrx_word' id='word_1_721' title='bbox 1464 4986 1893 5076; x_wconf 83' lang='grc' dir='ltr'>συγγράμμασιν</span> <span class='ocrx_word' id='word_1_722' title='bbox 1944 5000 2006 5056; x_wconf 82' lang='grc' dir='ltr'>ἐὖ</span> 
     </span>
    </p>
   </div>
   <div class='ocr_carea' id='block_1_96' title="bbox 2107 4986 3694 5076">
    <p class='ocr_par' dir='ltr' id='par_1_96' title="bbox 2123 4986 3694 5075">
     <span class='ocr_line' id='line_1_96' title="bbox 2123 4986 3694 5075; baseline 0.003 -19"><span class='ocrx_word' id='word_1_723' title='bbox 2123 5004 2484 5073; x_wconf 82' lang='lat' dir='ltr'><strong>vestigantes,</strong></span> <span class='ocrx_word' id='word_1_724' title='bbox 2543 5014 2596 5057; x_wconf 92' lang='lat' dir='ltr'><strong>et</strong></span> <span class='ocrx_word' id='word_1_725' title='bbox 2642 5005 2957 5072; x_wconf 88' lang='lat' dir='ltr'><strong>apostolicis</strong></span> <span class='ocrx_word' id='word_1_726' title='bbox 2997 4986 3433 5075; x_wconf 48' lang='lat' dir='ltr'><strong>&#39;evangelicisque</strong></span> <span class='ocrx_word' id='word_1_727' title='bbox 3477 5007 3694 5075; x_wconf 86' lang='lat' dir='ltr'><strong>scriptis</strong></span> 
     </span>
    </p>
   </div>
   <div class='ocr_carea' id='block_1_97' title="bbox 416 5093 2006 5185">
    <p class='ocr_par' dir='ltr' id='par_1_97' title="bbox 416 5094 2006 5185">
     <span class='ocr_line' id='line_1_97' title="bbox 416 5094 2006 5185; baseline -0.009 -25"><span class='ocrx_word' id='word_1_728' title='bbox 416 5106 578 5179; x_wconf 74' lang='grc' dir='ltr'>μάλα</span> <span class='ocrx_word' id='word_1_729' title='bbox 602 5099 1138 5170; x_wconf 83' lang='grc' dir='ltr'>παιδαγωγούμενοι,</span> <span class='ocrx_word' id='word_1_730' title='bbox 1164 5097 1400 5185; x_wconf 36' lang='grc' dir='ltr'>ὁμοῦοτῷ</span> <span class='ocrx_word' id='word_1_731' title='bbox 1428 5096 1546 5165; x_wconf 83' lang='grc' dir='ltr'>Θεῷ</span> <span class='ocrx_word' id='word_1_732' title='bbox 1568 5096 1664 5148; x_wconf 80' lang='grc' dir='ltr'>καὶ</span> <span class='ocrx_word' id='word_1_733' title='bbox 1691 5094 1886 5163; x_wconf 76' lang='grc' dir='ltr'>Πατρὶ,</span> <span class='ocrx_word' id='word_1_734' title='bbox 1918 5097 2006 5147; x_wconf 76' lang='grc' dir='ltr'>καὶ</span> 
     </span>
    </p>
   </div>
   <div class='ocr_carea' id='block_1_98' title="bbox 2107 5093 3696 5185">
    <p class='ocr_par' dir='ltr' id='par_1_98' title="bbox 2120 5093 3696 5162">
     <span class='ocr_line' id='line_1_98' title="bbox 2120 5093 3696 5162; baseline 0.001 -15"><span class='ocrx_word' id='word_1_735' title='bbox 2120 5096 2324 5162; x_wconf 91' lang='lat' dir='ltr'><strong>optime</strong></span> <span class='ocrx_word' id='word_1_736' title='bbox 2361 5094 2635 5157; x_wconf 87' lang='lat' dir='ltr'><strong>instructi,</strong></span> <span class='ocrx_word' id='word_1_737' title='bbox 2675 5094 2834 5147; x_wconf 86' lang='lat' dir='ltr'><strong>simul</strong></span> <span class='ocrx_word' id='word_1_738' title='bbox 2869 5109 2992 5148; x_wconf 89' lang='lat' dir='ltr'><strong>cum</strong></span> <span class='ocrx_word' id='word_1_739' title='bbox 3041 5093 3149 5149; x_wconf 90' lang='lat' dir='ltr'><strong>Deo</strong></span> <span class='ocrx_word' id='word_1_740' title='bbox 3181 5104 3236 5148; x_wconf 90' lang='lat' dir='ltr'><strong>et</strong></span> <span class='ocrx_word' id='word_1_741' title='bbox 3265 5094 3427 5149; x_wconf 83' lang='lat' dir='ltr'><strong>Patre</strong></span> <span class='ocrx_word' id='word_1_742' title='bbox 3471 5104 3525 5148; x_wconf 88' lang='lat' dir='ltr'><strong>et</strong></span> <span class='ocrx_word' id='word_1_743' title='bbox 3569 5110 3696 5150; x_wconf 68' lang='lat' dir='ltr'><strong>sano</strong></span> 
     </span>
    </p>
   </div>
   <div class='ocr_carea' id='block_1_99' title="bbox 492 5255 1491 5322">
    <p class='ocr_par' dir='ltr' id='par_1_99' title="bbox 492 5255 1491 5322">
     <span class='ocr_line' id='line_1_99' title="bbox 492 5255 1491 5322; baseline -0.005 -6"><span class='ocrx_word' id='word_1_744' title='bbox 492 5263 541 5295; x_wconf 82' lang='lat'>”</span> <span class='ocrx_word' id='word_1_745' title='bbox 581 5262 624 5316; x_wconf 90' lang='lat' dir='ltr'><strong>II</strong></span> <span class='ocrx_word' id='word_1_746' title='bbox 661 5260 812 5315; x_wconf 85' lang='lat' dir='ltr'><strong>Petr.</strong></span> <span class='ocrx_word' id='word_1_747' title='bbox 846 5276 885 5322; x_wconf 83' lang='lat' dir='ltr'><strong>I,</strong></span> <span class='ocrx_word' id='word_1_748' title='bbox 915 5258 973 5314; x_wconf 76' lang='grc'>4.</span> <span class='ocrx_word' id='word_1_749' title='bbox 1044 5257 1090 5290; x_wconf 71' lang='grc'><strong>⁸⁸</strong></span> <span class='ocrx_word' id='word_1_750' title='bbox 1118 5255 1402 5319; x_wconf 54' lang='lat' dir='ltr'><strong>Psalmxu,</strong></span> <span class='ocrx_word' id='word_1_751' title='bbox 1440 5258 1491 5311; x_wconf 89' lang='lat'><strong>9.</strong></span> 
     </span>
    </p>
   </div>
   <div class='ocr_carea' id='block_1_100' title="bbox 414 5330 978 5395">
    <p class='ocr_par' dir='ltr' id='par_1_100' title="bbox 414 5330 978 5395">
     <span class='ocr_line' id='line_1_100' title="bbox 414 5330 978 5395; baseline -0.011 -7"><span class='ocrx_word' id='word_1_752' title='bbox 414 5335 467 5366; x_wconf 82' lang='grc'><em>⁶⁹</em></span> <span class='ocrx_word' id='word_1_753' title='bbox 498 5332 646 5388; x_wconf 79' lang='lat' dir='ltr'><strong>Psal.</strong></span> <span class='ocrx_word' id='word_1_754' title='bbox 678 5345 888 5395; x_wconf 78' lang='lat' dir='ltr'><strong>cxxvu,</strong></span> <span class='ocrx_word' id='word_1_755' title='bbox 924 5330 978 5382; x_wconf 73' lang='grc' dir='ltr'>Ξ.</span> 
     </span>
    </p>
   </div>
   <div class='ocr_carea' id='block_1_101' title="bbox 1601 5251 3691 5319">
    <p class='ocr_par' dir='ltr' id='par_1_101' title="bbox 1601 5251 3691 5319">
     <span class='ocr_line' id='line_1_101' title="bbox 1601 5251 3691 5319; baseline 0 -10"><span class='ocrx_word' id='word_1_756' title='bbox 1601 5257 1644 5287; x_wconf 76' lang='grc'><strong>³⁸</strong></span> <span class='ocrx_word' id='word_1_757' title='bbox 1676 5256 1840 5310; x_wconf 84' lang='lat' dir='ltr'><strong>Hebr.</strong></span> <span class='ocrx_word' id='word_1_758' title='bbox 1881 5273 1920 5319; x_wconf 83' lang='lat' dir='ltr'><strong>t,</strong></span> <span class='ocrx_word' id='word_1_759' title='bbox 1954 5255 2005 5308; x_wconf 83' lang='lat'><strong>6.</strong></span> <span class='ocrx_word' id='word_1_760' title='bbox 2112 5255 2157 5285; x_wconf 83' lang='lat'>“</span> <span class='ocrx_word' id='word_1_761' title='bbox 2182 5255 2337 5308; x_wconf 76' lang='lat' dir='ltr'><strong>Rom.</strong></span> <span class='ocrx_word' id='word_1_762' title='bbox 2387 5270 2505 5319; x_wconf 55' lang='lat' dir='ltr'><strong>\‘m,</strong></span> <span class='ocrx_word' id='word_1_763' title='bbox 2537 5254 2627 5308; x_wconf 68' lang='lat'><strong>29.</strong></span> <span class='ocrx_word' id='word_1_764' title='bbox 2748 5254 2789 5284; x_wconf 78' lang='grc'>⁸⁷</span> <span class='ocrx_word' id='word_1_765' title='bbox 2839 5251 3048 5308; x_wconf 86' lang='lat' dir='ltr'><strong>Coloss.</strong></span> <span class='ocrx_word' id='word_1_766' title='bbox 3097 5270 3134 5318; x_wconf 84' lang='lat' dir='ltr'><strong>I,</strong></span> <span class='ocrx_word' id='word_1_767' title='bbox 3166 5255 3252 5308; x_wconf 74' lang='lat' dir='ltr'><strong>i8.</strong></span> <span class='ocrx_word' id='word_1_768' title='bbox 3322 5254 3367 5285; x_wconf 75' lang='grc'><strong>’⁸</strong></span> <span class='ocrx_word' id='word_1_769' title='bbox 3393 5253 3548 5307; x_wconf 81' lang='lat' dir='ltr'><strong>Rom.</strong></span> <span class='ocrx_word' id='word_1_770' title='bbox 3576 5268 3613 5317; x_wconf 90' lang='lat' dir='ltr'><strong>I,</strong></span> <span class='ocrx_word' id='word_1_771' title='bbox 3637 5253 3691 5310; x_wconf 76' lang='lat'><strong>5.</strong></span> 
     </span>
    </p>
   </div>
   <div class='ocr_carea' id='block_1_102' title="bbox 1711 5447 2455 5516">
    <p class='ocr_par' dir='ltr' id='par_1_102' title="bbox 1711 5447 2455 5516">
     <span class='ocr_line' id='line_1_102' title="bbox 1711 5447 2455 5516; baseline 0 -4"><span class='ocrx_word' id='word_1_772' title='bbox 1711 5458 1873 5513; x_wconf 79' lang='lat' dir='ltr'><strong>ANT.</strong></span> <span class='ocrx_word' id='word_1_773' title='bbox 1914 5447 2184 5516; x_wconf 76' lang='lat' dir='ltr'><strong>AGELLII</strong></span> <span class='ocrx_word' id='word_1_774' title='bbox 2225 5459 2455 5515; x_wconf 77' lang='grc' dir='ltr'><strong>ΝΟΤᾸΞ.</strong></span> 
     </span>
    </p>
   </div>
   <div class='ocr_carea' id='block_1_103' title="bbox 2127 5617 3696 5692">
    <p class='ocr_par' dir='ltr' id='par_1_103' title="bbox 2127 5617 3696 5692">
     <span class='ocr_line' id='line_1_103' title="bbox 2127 5617 3696 5692; baseline 0.003 -23"><span class='ocrx_word' id='word_1_775' title='bbox 2127 5617 2525 5692; x_wconf 71' lang='lat' dir='ltr'><strong>intellexerunt,</strong></span> <span class='ocrx_word' id='word_1_776' title='bbox 2555 5628 2614 5671; x_wconf 95' lang='lat' dir='ltr'><strong>ut</strong></span> <span class='ocrx_word' id='word_1_777' title='bbox 2638 5619 2879 5692; x_wconf 80' lang='lat' dir='ltr'><strong>ctiam_in</strong></span> <span class='ocrx_word' id='word_1_778' title='bbox 2908 5618 3213 5692; x_wconf 81' lang='lat' dir='ltr'><strong>Proverbiis</strong></span> <span class='ocrx_word' id='word_1_779' title='bbox 3236 5636 3354 5689; x_wconf 86' lang='lat' dir='ltr'><strong>cap.</strong></span> <span class='ocrx_word' id='word_1_780' title='bbox 3380 5635 3528 5683; x_wconf 77' lang='lat' dir='ltr'><strong>xxxi,</strong></span> <span class='ocrx_word' id='word_1_781' title='bbox 3556 5639 3696 5692; x_wconf 86' lang='grc' dir='ltr'>καρ-</span> 
     </span>
    </p>
   </div>
   <div class='ocr_carea' id='block_1_104' title="bbox 2120 5687 3697 5759">
    <p class='ocr_par' dir='ltr' id='par_1_104' title="bbox 2120 5687 3697 5759">
     <span class='ocr_line' id='line_1_104' title="bbox 2120 5687 3697 5759; baseline 0.004 -21"><span class='ocrx_word' id='word_1_782' title='bbox 2120 5687 2221 5740; x_wconf 75' lang='grc' dir='ltr'><strong>πὸν</strong></span> <span class='ocrx_word' id='word_1_783' title='bbox 2253 5687 2309 5741; x_wconf 78' lang='grc' dir='ltr'>δὲ</span> <span class='ocrx_word' id='word_1_784' title='bbox 2349 5688 2581 5752; x_wconf 76' lang='grc' dir='ltr'>ἐξέτεινε</span> <span class='ocrx_word' id='word_1_785' title='bbox 2623 5688 2843 5758; x_wconf 82' lang='grc' dir='ltr'>πτωχῷ,</span> <span class='ocrx_word' id='word_1_786' title='bbox 2883 5698 2930 5742; x_wconf 80' lang='lat' dir='ltr'><strong>et</strong></span> <span class='ocrx_word' id='word_1_787' title='bbox 2963 5691 3165 5759; x_wconf 83' lang='lat' dir='ltr'><strong>palmas</strong></span> <span class='ocrx_word' id='word_1_788' title='bbox 3205 5687 3327 5746; x_wconf 75' lang='lat' dir='ltr'><strong>suas</strong></span> <span class='ocrx_word' id='word_1_789' title='bbox 3355 5694 3590 5747; x_wconf 71' lang='lat' dir='ltr'><strong>extendit</strong></span> <span class='ocrx_word' id='word_1_790' title='bbox 3627 5687 3697 5745; x_wconf 68' lang='lat' dir='ltr'><strong>ad</strong></span> 
     </span>
    </p>
   </div>
   <div class='ocr_carea' id='block_1_105' title="bbox 2120 5774 2420 5828">
    <p class='ocr_par' dir='ltr' id='par_1_105' title="bbox 2120 5774 2420 5828">
     <span class='ocr_line' id='line_1_105' title="bbox 2120 5774 2420 5828; baseline 0.013 -23"><span class='ocrx_word' id='word_1_791' title='bbox 2120 5774 2420 5828; x_wconf 75' lang='lat' dir='ltr'><strong>pauperem.</strong></span> 
     </span>
    </p>
   </div>
   <div class='ocr_carea' id='block_1_106' title="bbox 496 5614 2009 5699">
    <p class='ocr_par' dir='ltr' id='par_1_106' title="bbox 496 5614 2009 5699">
     <span class='ocr_line' id='line_1_106' title="bbox 496 5614 2009 5699; baseline -0.009 -16"><span class='ocrx_word' id='word_1_792' title='bbox 496 5629 608 5699; x_wconf 76' lang='lat' dir='ltr'><strong>(l7)</strong></span> <span class='ocrx_word' id='word_1_793' title='bbox 637 5624 941 5679; x_wconf 75' lang='lat' dir='ltr'><strong>Sic’habct</strong></span> <span class='ocrx_word' id='word_1_794' title='bbox 978 5622 1210 5699; x_wconf 54' lang='grc' dir='ltr'><strong>[ἔκπεμπε</strong></span> <span class='ocrx_word' id='word_1_795' title='bbox 1264 5619 1443 5699; x_wconf 58' lang='lat' dir='ltr'><strong>Cyrilli</strong></span> <span class='ocrx_word' id='word_1_796' title='bbox 1492 5618 1681 5698; x_wconf 57' lang='lat' dir='ltr'><strong>code}.</strong></span> <span class='ocrx_word' id='word_1_797' title='bbox 1737 5614 2009 5699; x_wconf 75' lang='lat' dir='ltr'><strong>Czcterum</strong></span> 
     </span>
    </p>
   </div>
   <div class='ocr_carea' id='block_1_107' title="bbox 415 5686 2011 5758">
    <p class='ocr_par' dir='ltr' id='par_1_107' title="bbox 415 5686 2011 5758">
     <span class='ocr_line' id='line_1_107' title="bbox 415 5686 2011 5758; baseline -0.011 -3"><span class='ocrx_word' id='word_1_798' title='bbox 415 5686 564 5755; x_wconf 60' lang='lat' dir='ltr'><strong>LXX</strong></span> <span class='ocrx_word' id='word_1_799' title='bbox 590 5686 884 5749; x_wconf 60' lang='lat' dir='ltr'><strong>&#39;verterunt</strong></span> <span class='ocrx_word' id='word_1_800' title='bbox 913 5695 1040 5755; x_wconf 74' lang='grc' dir='ltr'>τοὺς</span> <span class='ocrx_word' id='word_1_801' title='bbox 1086 5691 1279 5753; x_wconf 85' lang='grc' dir='ltr'>πόνους</span> <span class='ocrx_word' id='word_1_802' title='bbox 1308 5686 1419 5742; x_wconf 74' lang='grc' dir='ltr'><strong>τῶν</strong></span> <span class='ocrx_word' id='word_1_803' title='bbox 1453 5687 1681 5758; x_wconf 82' lang='grc' dir='ltr'>καρπῶν</span> <span class='ocrx_word' id='word_1_804' title='bbox 1711 5702 1804 5738; x_wconf 89' lang='grc' dir='ltr'><strong>σου</strong></span> <span class='ocrx_word' id='word_1_805' title='bbox 1838 5686 2011 5754; x_wconf 85' lang='grc' dir='ltr'>φάγε·</span> 
     </span>
    </p>
   </div>
   <div class='ocr_carea' id='block_1_108' title="bbox 419 5759 2011 5836">
    <p class='ocr_par' dir='ltr' id='par_1_108' title="bbox 419 5759 2011 5836">
     <span class='ocr_line' id='line_1_108' title="bbox 419 5759 2011 5836; baseline -0.012 -13"><span class='ocrx_word' id='word_1_806' title='bbox 419 5787 537 5832; x_wconf 78' lang='grc' dir='ltr'>σαι,</span> <span class='ocrx_word' id='word_1_807' title='bbox 565 5769 776 5820; x_wconf 79' lang='lat' dir='ltr'><strong>labores</strong></span> <span class='ocrx_word' id='word_1_808' title='bbox 811 5777 1063 5836; x_wconf 69' lang='lat' dir='ltr'><strong>manuum</strong></span> <span class='ocrx_word' id='word_1_809' title='bbox 1096 5776 1189 5836; x_wconf 69' lang='lat' dir='ltr'><strong>seu</strong></span> <span class='ocrx_word' id='word_1_810' title='bbox 1220 5760 1515 5836; x_wconf 61' lang='lat' dir='ltr'><strong>palmarum</strong></span> <span class='ocrx_word' id='word_1_811' title='bbox 1537 5759 2011 5836; x_wconf 51' lang='grc' dir='ltr'>ιιιανιιιιιῃιοιιάιι-</span> 
     </span>
    </p>
   </div>
   <div class='ocr_carea' id='block_1_109' title="bbox 420 5824 2011 5903">
    <p class='ocr_par' dir='ltr' id='par_1_109' title="bbox 420 5824 2011 5903">
     <span class='ocr_line' id='line_1_109' title="bbox 420 5824 2011 5903; baseline -0.01 -10"><span class='ocrx_word' id='word_1_812' title='bbox 420 5824 599 5902; x_wconf 68' lang='lat' dir='ltr'><strong>Cubis,’</strong></span> <span class='ocrx_word' id='word_1_813' title='bbox 637 5844 693 5890; x_wconf 89' lang='lat' dir='ltr'><strong>ct</strong></span> <span class='ocrx_word' id='word_1_814' title='bbox 724 5832 958 5903; x_wconf 77' lang='grc' dir='ltr'>καρπῶν</span> <span class='ocrx_word' id='word_1_815' title='bbox 1007 5845 1072 5887; x_wconf 81' lang='lat' dir='ltr'><strong>eo</strong></span> <span class='ocrx_word' id='word_1_816' title='bbox 1109 5824 1227 5885; x_wconf 84' lang='lat' dir='ltr'><strong>loco</strong></span> <span class='ocrx_word' id='word_1_817' title='bbox 1267 5843 1371 5883; x_wconf 87' lang='lat' dir='ltr'><strong>non</strong></span> <span class='ocrx_word' id='word_1_818' title='bbox 1404 5824 1766 5896; x_wconf 67' lang='lat' dir='ltr'><strong>fructus,’sed</strong></span> <span class='ocrx_word' id='word_1_819' title='bbox 1806 5824 2011 5891; x_wconf 80' lang='lat' dir='ltr'><strong>palmas</strong></span> 
     </span>
    </p>
   </div>
  </div>
