4150 6490
493 404 586 460 ΙΙΙ

1444 406 1501 462 S.
1527 405 1802 463 CYRILLI
1837 406 2307 463 ALEXANDRINI
2338 406 2659 463 ARCIIIEP.

3617 402 3755 457 ,112

487 532 576 577 rio
624 520 851 592 Spiritu,
901 520 1057 575 unica
1115 522 1435 579 adorationc
1480 525 1863 581 venerabimur
1899 542 2065 581 unum

2178 526 2249 598 τῷ
2278 527 2420 596 ἁγίῳ
2450 525 2746 595 Πνεῦματι,
2789 524 2888 594 μιᾷ
2916 522 3285 593 προσκυνήσει
3320 521 3626 590 τιμήσομεν
3662 517 3753 569 τὸν

490 611 778 668 Dominum
812 612 995 668 Jesum
1026 614 1326 681 Christum,
1374 631 1470 685 per
1494 632 1657 686 quem
1700 628 1756 672 et
1800 634 1922 673 cum
1958 634 2066 688 quo

490 703 600 758 Deo
639 712 689 758 et
737 702 883 759 Patri
921 705 1093 775 gloria
1131 721 1252 760 cum
1288 719 1478 762 sancto
1524 707 1731 777 Spiritu
1781 709 1834 762 in
1865 709 2062 764 sucula

487 790 826 844 saeculorum.
861 791 1054 845 Amen.

677 902 785 973 δι
830 919 1071 1011 ΤΟΜ
1103 924 1234 1011 US
1305 926 1857 1017 TERTIUS.

563 1118 812 1187 Magnum
856 1127 938 1172 est
990 1117 1175 1186 procul
1218 1117 1383 1172 dubio
1425 1118 1552 1173 illud
1602 1121 1818 1190 pietatis
1864 1133 2066 1193 myste-

493 1212 654 1273 rium,
682 1220 738 1265 et
766 1210 900 1279 ipsis
926 1209 1091 1264 etiam
1116 1211 1324 1265 sanctis
1353 1211 1560 1281 angelis
1588 1212 1970 1267 admirandum
1994 1215 2064 1279 ",

493 1304 543 1355 in
576 1317 751 1370 eoque
782 1304 1069 1356 confirmat
1094 1317 1191 1356 nos
1223 1303 1498 1373 apostolus
1523 1303 1720 1359 Paulus
1754 1322 1876 1359 cum
1902 1308 2064 1363 dicit:

495 1413 511 1441 ι
546 1391 616 1448 Ut
650 1402 832 1445 notum
881 1391 976 1446 fiat
1015 1409 1159 1447 nunc
1195 1394 1590 1464 principatibus
1615 1406 1671 1450 et
1714 1398 2069 1466 potestatibus

491 1486 541 1537 in
587 1482 903 1538 t'wleslibul
937 1500 1033 1553 per
1068 1483 1365 1539 Ecclesium
1415 1486 1769 1543 multiformis
1801 1490 2068 1560 sapientia

491 1576 609 1637 Dei,
649 1577 944 1629 secundum
969 1577 1384 1647 praellnitionem
1421 1579 1764 1647 saeculorum,
1802 1598 1965 1651 quam
1991 1582 2070 1638 fe-

490 1668 564 1719 cit
595 1667 648 1719 in
680 1665 909 1721 Domino
940 1678 1125 1722 nastro
1152 1666 1278 1723 Jesn
1310 1669 1550 1735 Christo,
1592 1672 1644 1726 in
1676 1688 1782 1740 quo
1810 1675 2070 1729 habemus

396 1769 417 1783 ε
493 1758 745 1810 tidnciam
776 1766 825 1811 et
858 1772 1138 1812 accessum
1177 1760 1229 1813 in
1254 1758 1586 1816 confidentia
1615 1778 1712 1831 per
1749 1763 2013 1819 fldem"'.
2044 1784 2062 1816 ι

491 1848 772 1918 Sapientia
809 1858 894 1903 est
941 1865 1175 1917 namque
1219 1865 1430 1915 revera,
1466 1863 1520 1907 et
1554 1855 1778 1911 minime
1812 1856 2068 1921 humana,

489 1941 584 1997 sed
633 1955 765 1994 sane
809 1940 1022 2009 divina,
1078 1953 1133 1996 et
1185 1943 1364 1997 abdita
1418 1945 1471 1999 in
1526 1947 1758 2015 quadam
1811 1948 2068 2002 ineffabili

489 2031 861 2100 prOftmdilate
887 2040 941 2085 et
968 2032 1620 2101 incomprehensibilitate
1643 2036 1843 2092 Christi
1870 2049 2069 2108 mystc—

493 2122 632 2174 rium
663 2139 677 2176 :
711 2124 894 2191 itaque
939 2122 1125 2192 psallit
1170 2125 1359 2180 beatus
1390 2127 1555 2181 David
1590 2146 1604 2182 :
1639 2146 1657 2179 ι
1692 2128 1752 2182 Et
1783 2131 1962 2199 posuit
1993 2140 2071 2185 te-

493 2215 686 2266 nebras
710 2214 994 2268 latibuium
1045 2230 1225 2278 suum,
1255 2216 1308 2269 in
1344 2218 1577 2272 circuitu
1607 2217 1723 2286 ejus
1750 2221 2072 2274 tabernacu-

492 2305 601 2358 lnm
633 2305 771 2371 ejus,
812 2306 1100 2359 tenebrosa
1145 2322 1283 2375 aqua
1317 2307 1369 2360 in
1406 2309 1639 2363 nubibus
1678 2311 1912 2364 aeris“.
1951 2332 1969 2362 ι
2014 2312 2070 2365 In

491 2411 603 2464 quo
631 2396 882 2448 tenebras
928 2396 1060 2449 nihil
1089 2397 1259 2463 aliud,
1305 2407 1361 2452 ut
1392 2399 1606 2468 opinor,
1644 2402 1916 2473 intelligit,
1968 2403 2069 2457 nisi

492 2485 782 2538 obscuram
809 2485 1183 2554 intelligentia
1210 2490 1610 2558 perceptionem
1635 2491 1685 2544 in
1714 2493 1884 2546 oculis
1905 2491 2069 2546 animi

494 2576 746 2644 caliginis
797 2566 987 2630 instar
1017 2577 1409 2633 incurrentem.
1457 2578 1567 2635 llac
1611 2582 1676 2635 de
1723 2597 1883 2637 causa
1933 2582 2073 2636 dici-

497 2680 640 2730 mus,
698 2665 995 2725 subtilibus
1042 2669 1482 2737 qliaestionibns,
1536 2680 1593 2725 et
1636 2673 1954 2727 curiositate
2006 2672 2071 2726 ad

495 2772 657 2826 qnam
707 2757 1015 2827 pertingere
1076 2775 1181 2811 non
1236 2761 1408 2829 possit
1470 2762 1865 2833 intelligentia,
1928 2764 2074 2818 nullo

499 2849 661 2902 modo
692 2848 988 2918 indiguisse
1015 2847 1217 2904 Christi
1249 2854 1589 2921 mysterium.
1631 2855 1726 2908 sed
1758 2855 1861 2908 fide
1896 2855 2075 2925 p0tins

496 2954 616 3008 qua:
657 2938 979 3013 simpliciter
1004 2954 1070 2995 ac
1095 2941 1211 2995 sine
1240 2942 1347 2996 ulla
1383 2942 1596 2999 vafritie
1622 2947 1947 3000 traderetur.
1983 2946 2077 3001 Sic

495 3044 549 3088 et
595 3048 692 3087 nos
723 3032 1063 3102 ipsi-sentire
1102 3034 1411 3100 didicimus,
1451 3043 1505 3088 et
1529 3036 1860 3115 credidimus
1893 3052 1921 3089 a
1967 3036 2077 3091 Deo

497 3135 563 3177 ac
604 3123 762 3177 Patre
789 3122 1064 3192 praprium
1102 3121 1324 3185 Filium,
1380 3124 1546 3177 Deum
1577 3125 1826 3178 eumdem
1878 3140 2075 3180 secun-

2172 620 2267 673 ἐνα
2300 619 2505 689 Κύριον
2551 616 2759 686 ’ἰηωῦν
2811 615 3079 686 Χριστόνο
3114 614 3183 667 δι’
3222 607 3282 667 οῦ
3315 612 3411 664 xui
3448 610 3566 681 μεθ’
3592 601 3653 662 οῦ
3675 609 3754 678 τῷ

2170 710 2291 781 Θεῷ
2314 710 2408 763 xui
2434 709 2609 779 Πατρὶ
2635 707 2760 771 δόξα
2788 707 2886 760 σὺν
2912 705 2991 775 τῷ
3025 706 3166 775 ἁγίῳ
3194 704 3492 773 Πνεῦματι,
3517 702 3597 764 είς
3630 701 3755 762 τοὺς

2169 802 2374 864 αἰῶνας
2399 799 2507 852 τῶν
2540 797 2771 851 αἰώνων.
2809 797 3001 866 Ἀμήν.

2529 941 2913 1027 ΤΟΜΟΣ
2968 890 3400 1023 ΙΤΡΙΤΟΣ.

2241 1120 2402 1187 Μέγα
2459 1120 2559 1191 μὲν
2610 1118 3060 1189 ὁμολογουμένως
3102 1118 3220 1170 ἐστὶ
3251 1117 3312 1169 τὸ
3347 1116 3445 1186 τῆς
3477 1113 3756 1175 εὐσεϐείας

2172 1212 2491 1283 μυστήριον,
2539 1211 2910 1281 τεθαύμασται
2963 1209 3020 1263 δέ
3072 1208 3169 1262 xui
3229 1208 3358 1278 παρ’
3407 1209 3590 1269 αὐτοῖς
3642 1209 3755 1269 τοῖς

2170 1295 2346 1371 ἀγίοις
2391 1302 2667 1370 ἀγγέλοις,
2699 1301 2795 1355 xui
2846 1301 2984 1370 πρός
3031 1316 3094 1368 γε
3132 1299 3291 1352 τοῦτο
3335 1300 3480 1368 ἡμᾶς
3527 1297 3757 1368 ἐμπεδοῖ

2169 1392 2349 1460 λέγων
2373 1394 2401 1445 6
2434 1391 2745 1460 σοφώτατος
2771 1390 3010 1455 Παῦλος’
3044 1391 3195 1445 ι”ῐνα
3222 1388 3497 1462 γνωρισθῇ
3522 1386 3615 1441 νῦν
3636 1389 3756 1450 ταῖς

2170 1485 2368 1554 ἀρχαῖς
2397 1485 2488 1537 xui
2515 1486 2633 1547 ταῖς
2660 1483 2935 1548 ἐξουσίαις
2955 1484 3014 1535 ἐν
3034 1484 3147 1545 τοῖς
3173 1480 3516 1551 ἐπουρανίοις
3544 1480 3630 1533 διὰ
3654 1480 3754 1548 τῆς

2180 1574 2528 1644 Ἐκκλησίας,
2570 1577 2603 1645 ή
2637 1572 3018 1637 πολυποίκιλος
3069 1573 3230 1641 σοφία
3274 1570 3370 1624 τοῦ
3418 1571 3585 1634 Θεοῦ,
3617 1571 3759 1623 κατὰ

2171 1665 2428 1737 πρόθεσιν
2450 1666 2560 1718 τῶν
2586 1664 2821 1729 αἰώνων,
2851 1665 2915 1736 ήν
2940 1666 3194 1736 ἐποίησεν
3218 1666 3274 1718 ἐν
3294 1665 3368 1734 τῷ
3391 1662 3579 1734 Κυρίῳ
3600 1663 3758 1732 ἡμῶν

2183 1754 2357 1825 Ἰησοῦ
2384 1754 2623 1823 Χριστῷ,
2656 1756 2712 1809 ἐν
2737 1748 2781 1823 ᾧ
2803 1754 2997 1825 ἔχομεν
3018 1755 3117 1825 τὴν
3140 1756 3455 1826 παρρησίαν
3478 1754 3569 1807 xui
3593 1770 3756 1823 προσ-

2110 1867 2147 1920 η
2174 1844 2397 1915 αγωγήν
2428 1847 2487 1897 ἐν
2516 1844 2839 1914 πεποιθήσει
2873 1844 2960 1898 διὰ
2994 1844 3092 1911 τῆς
3125 1846 3377 1908 πίστεως.
3413 1865 3430 1896 ι
3460 1845 3628 1912 Esaia
3650 1845 3757 1915 γὰρ

2170 1936 2388 2007 ἀληθῶς
2430 1937 2525 1989 xui
2575 1937 2675 1989 οὐκ
2715 1935 3032 2007 ἀνθρωπίνη
3066 1935 3230 1989 ποθέν
3254 1952 3266 1965 ⁸
3316 1936 3434 1989 θεία
3466 1938 3519 1990 δὲ
3554 1936 3759 2008 μᾶλλον

2169 2029 2264 2081 xui
2295 2030 2352 2081 ἐν
2382 2028 2716 2099 ἀπορρήτοις
2747 2027 2857 2080 τισὶ
2902 2027 3091 2097 βάθεσί
3137 2045 3195 2081 τε
3238 2028 3330 2081 xui
3358 2028 3760 2098 ἀκαταληψίαις

2172 2118 2420 2189 κειμένη,
2457 2117 2519 2170 τὸ
2558 2115 2793 2189 Χριστοῦ
2842 2120 3172 2189 μυστήριον·
3208 2117 3400 2186 ψάλλει
3438 2119 3568 2186 γοῦν
3598 2121 3626 2172 6
3656 2135 3761 2188 μα-

2181 2188 2369 2280 κάριος
2405 2208 2569 2281 Δαδίδ
2588 2188 2618 2239 -ί
2640 2229 2657 2259 ι
2686 2210 2797 2263 Kui
2828 2208 2981 2262 ἔθετο
3010 2188 3202 2271 σκότος
3226 2210 3550 2281 ἀποκρυφὴν
3572 2207 3758 2271 αὑτοῦ,

2172 2301 2357 2371 κύκλῳ
2388 2280 2553 2354 αὑτοῦ
2596 2302 2629 2371 ἡ
2676 2300 2850 2372 σκηνὴ
2882 2299 3068 2365 αὑτοῦ,
3099 2301 3372 2353 σκοτεινὸν
3407 2300 3551 2372 ὕδωρ
3585 2301 3642 2355 ἐν
3675 2318 3765 2352 νε-

2174 2394 2366 2462 φέλαις
2409 2393 2609 2463 ἀέρωνο
2643 2411 2661 2444 ι
2703 2394 2899 2446 σκότον
2939 2388 3093 2463 οἶμαι
3133 2393 3308 2461 λέγων
3355 2393 3507 2446 οὐδὲν
3550 2392 3759 2463 ἕτερον,

2175 2484 2314 2555 πλὴν
2349 2483 2433 2536 ὅτι
2468 2500 2570 2538 που
2607 2486 2824 2547 πάντως
2858 2482 2955 2553 τὴν
2993 2484 3101 2536 τῶν
3133 2482 3350 2536 ἐννοιῶν
3393 2483 3762 2537 δυσκάτοπτον

2173 2574 2414 2645 εὕρεσιν,
2446 2575 2558 2637 τοῖς
2611 2574 2708 2643 τῆς
2758 2573 2995 2637 διανοίας
3035 2573 3333 2644 ὀφθαλμοῖς
3383 2573 3579 2645 ἀχλύος
3606 2574 3761 2645 δίκην

2174 2666 2572 2735 ἐμπίπτουσαν.
2601 2664 2787 2736 Ταύτῃ
2816 2665 2901 2718 τοί
2940 2682 3119 2735 φαμεν
3166 2664 3495 2735 ζητημάτων
3542 2666 3760 2735 ἰσχνῶν,

2175 2758 2269 2809 xui
2299 2756 2618 2827 περιεργίας
2646 2758 2743 2828 τῆς
2782 2757 3038 2810 ἐπέκεινα
3073 2757 3188 2821 νοῦ,
3224 2758 3508 2827 δεδεῆσθαι
3543 2758 3642 2829 μὲν
3672 2760 3763 2812 οὐ·

2172 2849 2361 2919 δαμῶς
2400 2849 2461 2902 τὸ
2495 2849 2731 2919 Χριστοῦ
2776 2854 3103 2922 μυστήριον·
3168 2851 3404 2914 πίστεως
3454 2851 3509 2904 δὲ
3561 2853 3763 2919 μᾶλλον

2177 2939 2356 3010 ἁπλῆν
2384 2941 2478 2992 xui
2505 2939 2850 3012 ἀκακοῦργον
2882 2940 3112 3010 ἐχούσης
3136 2939 3235 3011 τήν
3269 2941 3585 3012 παράδοσιν.
3607 2942 3764 2996 Οὕτω

2177 3032 2271 3084 xui
2304 3031 2469 3103 ἡμεῖς
2499 3031 2654 3083 αὐτοὶ
2685 3034 2901 3102 φρονεῖν
2929 3030 3305 3101 δεδιδάγμεθα,
3341 3030 3436 3083 xui
3471 3033 3763 3085 πεπιστεύ-

2177 3138 2354 3191 καμεν
2394 3122 2476 3176 δτι
2518 3121 2650 3174 θεὸν
2675 3120 2805 3174 ὄντα
2834 3123 2974 3175 κατά
3003 3122 3163 3190 φύσιν
3190 3120 3283 3175 τὸν
3312 3122 3443 3175 ἴδιον
3470 3123 3618 3187 Υίδν,
3653 3125 3762 3176 ἁπ-

495 3215 625 3269 dum
672 3223 949 3278 naturam,
981 3212 1149 3268 luisse
1193 3216 1418 3268 missum
1462 3213 1739 3269 hominem
1768 3216 1994 3281 factum,
2023 3226 2074 3272 et

2181 3214 2419 3267 ἔστειλεν
2463 3216 2492 3268 6
2535 3215 2665 3278 Θεὸς
2701 3215 2794 3268 xui
2823 3216 3014 3286 Πατὴρ
3042 3214 3327 3285 ἄνθρωπον
3356 3215 3634 3283 γεγονότα,
3669 3216 3764 3268 xui

497 3320 564 3359 ex
598 3305 826 3359 muliere
867 3304 1163 3359 secundum
1205 3318 1426 3376 carnem
1456 3308 1699 3376 genitum
1725 3306 1794 3373 ",
1831 3318 1888 3362 nt
1931 3308 1982 3362 in
2014 3324 2074 3363 se

496 3396 781 3451 credentes
811 3395 1094 3462 justiﬁeet,
1126 3404 1184 3449 et
1224 3372 1339 3450 suo‘
1354 3372 1589 3467 benigno
1622 3396 2075 3455 clementissimo-

499 3502 605 3557 que
640 3497 772 3542 nutu
806 3501 839 3543 a
875 3488 1115 3557 peccatis
1160 3488 1212 3541 in
1247 3488 1552 3558 ignorantia
1590 3489 1843 3544 admissis
1879 3489 2075 3545 libera-

502 3593 605 3647 tos,
637 3594 802 3649 puros
829 3587 884 3633 et
923 3578 1305 3635 immaculatos
1353 3594 1449 3649 per
1484 3595 1543 3634 se
1580 3578 1690 3634 Deo
1721 3591 1777 3635 et
1820 3580 1964 3634 Patri
1996 3580 2078 3633 of-

503 3675 659 3735 lerat,
683 3680 737 3726 et
761 3686 857 3725 eos
880 3670 1075 3725 divinis
1102 3686 1215 3725 sua:
1239 3679 1447 3725 natura:
1478 3672 1773 3741 participes
1800 3669 2075 3736 eﬂiciat",

498 3762 593 3832 qui
621 3762 783 3817 morti
820 3771 986 3831 atque
1027 3762 1365 3832 corruptioni
1393 3775 1553 3817 erant
1575 3762 1798 3817 obnoxii
1820 3763 1909 3830 τις
1942 3771 1995 3817 et
2023 3772 2081 3816 ut

503 3853 824 3919 praedicaret
852 3852 1013 3906 caecis
1047 3851 1219 3905 visum
1246 3852 1312 3916 ⁷⁵,
1363 3861 1417 3907 et
1447 3851 1749 3905 errantium
1801 3852 2077 3905 hominum

502 3960 690 4016 greges
720 3944 785 3997 ad
817 3943 990 3997 lucem
1019 3958 1159 3997 verae
1184 3941 1279 3998 Dei
1306 3942 1632 4011 cognitionis
1662 3943 1988 4006 traduceret,
2017 3958 2079 3997 ac

503 4039 722 4091 duceret
750 4035 874 4103 quis
903 4042 1095 4087 natura
1122 4047 1358 4103 vereque
1390 4033 1529 4087 Deus
1557 4040 1720 4097 esset,
1757 4041 1808 4086 et
1837 4034 2077 4086 omnium

502 4142 683 4181 rerum
708 4123 888 4193 opifex
921 4140 934 4177 :
962 4122 1137 4177 factus
1165 4132 1249 4177 est
1278 4123 1425 4177 enim
1455 4123 1593 4176 odor
1629 4122 1955 4192 cognitionis
1986 4122 2078 4177 Dei

504 4233 569 4273 ac
598 4216 799 4279 Patris,
821 4225 876 4269 et
918 4214 969 4267 in
1014 4214 1128 4284 ipso
1163 4214 1546 4282 conspeximus
1574 4213 1720 4267 illum
1753 4229 1820 4268 ex
1849 4230 1956 4284 quo
1990 4230 2079 4269 se.

502 4306 740 4360 eundum
779 4314 1027 4358 naturam
1056 4311 1141 4357 est
1182 4301 1416 4372 genitus,
1453 4309 1507 4354 et
1553 4299 1843 4353 manifeste
1871 4314 2080 4370 cogno-

426 4374 437 4385 \
504 4398 680 4451 vimus
707 4394 847 4447 viam
883 4408 1004 4462 qua:
1031 4406 1128 4447 nos
1165 4394 1230 4446 ad
1271 4402 1531 4445 aeternam
1573 4389 1738 4443 vitam
1771 4388 1968 4443 defert.
2005 4388 2079 4441 Ita

501 4488 667 4543 etiam
699 4486 818 4544 fore
854 4494 913 4539 ut
947 4485 1188 4555 genitum
1229 4483 1484 4553 gregibus
1530 4482 1645 4549 ipse
1686 4479 1860 4535 Filius
1893 4481 2080 4534 illuce-

506 4586 621 4640 ret,
662 4577 855 4631 beatus
907 4575 1169 4645 propheta
1228 4573 1395 4627 Isaias
1444 4572 1601 4641 longe
1653 4582 1781 4625 ante
1827 4571 2083 4624 clamavit

508 4669 697 4722 dicens
728 4681 744 4719 :
778 4684 800 4717 ι
836 4665 928 4720 Sic
959 4666 1088 4719 dicit
1118 4664 1377 4718 Dominus
1410 4681 1422 4716 :
1461 4662 1753 4716 Lahoravit
1787 4660 2079 4731 IEgyptns,

503 4771 554 4811 et
602 4757 998 4824 negotiationes
1049 4754 1408 4824 x’Ethiopnm,
1455 4764 1510 4808 et
1543 4753 1651 4823 62
1688 4752 1936 4819 Sabaim,
1980 4752 2079 4806 viri

504 4849 761 4903 sublimes
792 4849 858 4901 ad
891 4858 942 4901 te
973 4847 1303 4909 transibunt,
1350 4857 1406 4899 et
1439 4845 1534 4899 tibi
1583 4843 1844 4907 servient,
1882 4853 1936 4897 et
1963 4853 2085 4914 post

505 4949 558 4992 te
604 4947 902 5006 sequentur
954 4937 1122 4990 vincti
1176 4936 1565 5003 cumpedibns,
1608 4942 1666 4987 et
1714 4934 2084 4987 curvabuntut‘

507 5032 625 5096 tibi,
650 5041 705 5085 et
740 5033 793 5084 in
830 5040 880 5085 te
908 5029 1237 5091 adorabunt,
1271 5028 1394 5097 quia
1430 5027 1482 5079 in
1519 5038 1570 5081 te
1598 5027 1735 5081 Deus
1768 5039 1872 5090 est,
1903 5036 1953 5080 et
1976 5042 2080 5080 non

502 5134 587 5177 est
634 5123 772 5177 Deus
809 5132 1007 5191 pneter
1054 5130 1144 5174 te:
1176 5131 1229 5171 tn
1269 5132 1329 5171 es
1373 5118 1517 5171 enim
1567 5118 1705 5172 Deus
1754 5128 1808 5171 et
1849 5118 2079 5172 nescivi-

507 5229 645 5278 nius,
695 5214 833 5266 Deus
883 5211 1045 5266 Israel
1097 5209 1421 5265 salvator".
1455 5227 1473 5258 ι
1523 5208 1733 5263 Dictum
1788 5218 1873 5263 est
1916 5209 2081 5262 etiam

505 5305 692 5375 procul
720 5304 882 5358 dubio
913 5304 979 5358 ad
1003 5302 1221 5368 Filium,
1254 5316 1444 5355 rursus
1471 5311 1726 5369 tanquam
1751 5315 1816 5358 .cx
1845 5316 2075 5371 persona

511 5398 600 5452 Dei
630 5412 694 5452 ac
727 5395 942 5450 Patris:
979 5412 998 5445 ι
1032 5393 1172 5447 Ecce
1208 5394 1362 5463 posui
1392 5402 1444 5447 te
1481 5394 1532 5446 in
1570 5403 1953 5447 testamentum
1986 5409 2080 5461 ge-

508 5489 672 5550 neris,
702 5488 753 5539 in
787 5486 960 5540 lucem
989 5487 1251 5551 gentium,
1284 5495 1341 5537 nt
1364 5487 1437 5538 sis
1472 5486 1522 5538 in
1552 5482 1778 5538 salutem
1812 5500 1982 5553 usque
2012 5486 2076 5535 nil

505 5590 810 5632 extremum
850 5586 1008 5629 terra:
1031 5576 1121 5628 7“.
1160 5595 1175 5626 ι
1212 5573 1419 5644 Populo
1447 5578 1591 5630 enim
1620 5591 1684 5629 ex
1718 5577 1980 5646 sanguine
2007 5592 2069 5627 ac.

2176 3307 2240 3359 ἐκ
2270 3307 2525 3372 γυναικὸς
2564 3306 2705 3360 κατὰ
2735 3306 2914 3376 σάρκα
2940 3307 3355 3375 γεγεννημένον,
3386 3307 3472 3359 ἵνα
3500 3307 3769 3380 δικαιώσῃ

2175 3397 2303 3459 τοὺς
2338 3398 2418 3459 εἰς
2443 3397 2605 3449 αὑτὸν
2643 3398 3020 3460 πιστεύοντας·
3048 3398 3141 3451 xui
3171 3399 3276 3451 τῶν
3306 3399 3363 3452 ἐν
3394 3398 3584 3468 ἀγνοίᾳ
3607 3416 3769 3451 πται-

2180 3488 2427 3557 σμάτων,
2468 3491 2725 3558 χρηστοῖς
2752 3490 2845 3543 xui
2879 3490 3253 3559 ἡμερωτάτοις
3293 3490 3609 3554 ἀπαλλάξας
3641 3490 3766 3542 νεύ-

2182 3595 2334 3647 μασι,
2365 3577 2636 3647 καθαροὺς
2671 3578 2765 3631 xui
2794 3577 3057 3648 ἀμώμους
3086 3580 3471 3649 προσκομίσειε
3500 3578 3564 3630 δι’
3593 3578 3759 3631 αὐτοῦ

2178 3667 2256 3737 τῷ
2305 3668 2424 3738 Θεῷ
2468 3670 2571 3722 xui
2613 3670 2807 3740 Πατρὶ,
2842 3671 2934 3722 xui
2980 3669 3079 3738 τῆς
3116 3652 3277 3733 Ἦείας
3316 3668 3509 3723 ἑαυτοῦ
3545 3669 3760 3737 φύσεως

2180 3762 2481 3831 ἐργάσηται
2517 3765 2830 3825 κοινωνοὺς,
2856 3764 2980 3826 τοὺς
3010 3761 3115 3815 ὑπὸ
3144 3761 3372 3815 θάνατον
3397 3762 3494 3815 xui
3521 3760 3727 3833 φθοράν
3747 3779 3760 3791 ·

2182 3850 2395 3924 κηρύξῃ
2426 3852 2481 3906 δὲ
2515 3855 2607 3905 xui
2647 3854 2867 3921 τυφλοῖς
2897 3852 3192 3922 ἀνάϐλεψιν
3216 3868 3229 3882 ·
3273 3853 3367 3906 xui
3394 3854 3492 3915 τὰς
3528 3852 3634 3904 τῶν
3666 3868 3771 3905 πε-

2184 3944 2540 4014 πλανημένων
2584 3943 2783 4012 ἀγέλας
2834 3945 2911 4005 είς
2954 3943 3013 3997 τὸ
3057 3945 3153 4012 τῆς
3179 3943 3413 4011 ἀληθοῦς
3440 3944 3775 4012 θεογνωσίας

2185 4031 2529 4105 μετακομίσῃ
2577 4032 2689 4100 φῶς
2715 4049 2727 4061 ·
2765 4032 2951 4102 διδάξῃ
2981 4049 3039 4084 τε
3070 4030 3277 4097 λοιπὸν,
3303 4031 3386 4095 τίς
3432 4035 3461 4085 6
3502 4034 3659 4101 φύσει
3708 4049 3769 4085 τε

2182 4123 2276 4176 xui
2311 4122 2523 4195 ἀληθῶς
2549 4126 2665 4175 ἐστι
2692 4123 2845 4188 Θεὸς,
2878 4124 2987 4189 καις
3000 4122 3109 4175 τῶν
3127 4123 3263 4177 ὅλων
3295 4124 3649 4194 δημιουργὸς,
3672 4127 3766 4193 γὲ-

2182 4232 2304 4283 γονε
2336 4216 2445 4285 γὰρ
2473 4215 2617 4285 ὀσμὴ
2657 4216 2754 4284 τῆς
2798 4215 3051 4282 γνώσεως
3099 4215 3194 4268 τοῦ
3236 4215 3369 4268 Θεοῦ
3400 4219 3489 4269 xui
3522 4218 3734 4287 Πατρός
3754 4235 3769 4250 ο

2183 4306 2291 4373 καὶ,
2312 4306 2369 4355 ἐν
2400 4304 2546 4372 αὐτῷ
2576 4305 2883 4374 τεθεάμεθα
2924 4305 3035 4367 τὸν,
3067 4303 3124 4368 ἐξ
3170 4299 3232 4357 οὗ
3281 4307 3602 4377 γεγέννηται
3631 4311 3773 4360 κατά

2185 4393 2344 4462 φύσιν
2365 4410 2378 4425 ο
2421 4394 2743 4462 ἐγνώκαμεν
2784 4413 2845 4448 τε
2879 4396 3066 4463 σαφῶς
3103 4396 3201 4467 τὴν
3230 4401 3305 4459 εἰς
3338 4399 3480 4468 ζωὴν
3505 4403 3652 4470 ἡμᾶς
3674 4404 3774 4471 τὴν

2187 4483 2355 4534 ἀΐδιον
2393 4483 2775 4552 ἀποφέρουσαν
2808 4485 2944 4539 ὁδόν.
2974 4485 3131 4539 υῦτω
3162 4489 3255 4540 xui
3297 4493 3415 4551 ταῖς
3457 4491 3563 4542 τῶν
3603 4490 3774 4543 ἐθνῶν

2190 4574 2413 4641 ἀγέλαις
2457 4574 2788 4645 immitem
2831 4576 2920 4628 τὸν
2953 4576 3076 4629 Υίὸν
3106 4580 3134 4631 6
3175 4581 3441 4650 μακάριος
3488 4585 3772 4652 προφήτης

2201 4665 2430 4728 Ἡσαΐας
2460 4669 2950 4738 προανεκεκράγει,
2985 4670 3189 4737 λέγων·
3236 4694 3254 4721 ι
3285 4671 3442 4725 Οὕτω
3483 4673 3630 4740 λέγει
3658 4676 3772 4727 K13-

2192 4757 2665 4827 ριοςοῈκοπίασεν
2710 4758 3004 4825 Αἴγυπτος,
3044 4762 3138 4812 xui
3170 4762 3434 4832 ἐμπορίαι
3476 4764 3772 4827 Αἰθιόπων,

2189 4850 2276 4901 xui
2306 4848 2355 4901 οἱ
2385 4848 2620 4918 Σαεαῒμ,
2644 4849 2834 4919 ἄνδρες
2857 4851 3053 4919 ὑψηλοὶ
3082 4852 3175 4903 ἐπὶ
3207 4854 3262 4905 σὲ
3285 4854 3653 4923 διαϐήσονται,
3680 4857 3774 4909 xui

2192 4939 2274 4990 σοὶ
2304 4937 2514 4991 ἔσονται
2540 4939 2735 5002 δοῦλοι,
2772 4941 2866 4992 xui
2899 4928 3074 4994 ὀπίσω
3106 4959 3198 4995 σου
3230 4942 3655 5014 ἀκολουθήσουσι
3681 4944 3771 4997 δε·

2189 5029 2405 5098 δεμένοι
2446 5032 2789 5098 χειροπεδαις
2814 5047 2827 5061 ·
2861 5033 2954 5085 xui
2983 5036 3419 5104 προσκυνήσουσί
3456 5053 3558 5099 σοι,
3591 5038 3684 5090 xui
3716 5040 3774 5089 ἐν

2191 5123 2273 5172 σοὶ
2321 5120 2739 5188 προσεύξονται·
2782 5123 2861 5174 ὅτι
2899 5126 2954 5175 ἐν
2989 5129 3071 5175 σοὶ
3115 5124 3144 5175 6
3190 5124 3321 5188 θεός
3351 5128 3501 5179 ἐστι·
3546 5129 3639 5180 xui
3673 5129 3773 5181 οὐκ

2188 5212 2301 5263 ἔστι
2330 5210 2460 5274 Θεὸς
2494 5211 2636 5281 πλήν
2664 5229 2779 5265 σου.
2814 5213 2884 5264 Σὺ
2904 5212 3019 5284 γὰρ
3046 5210 3095 5266 εἷ
3122 5214 3253 5278 Θεὸς
3279 5218 3371 5269 xui.
3398 5218 3496 5270 οὐκ
3526 5218 3770 5289 ᾔδειμεν,

2185 5294 2366 5364 ἅΘεὸς
2387 5302 2479 5354 τοῦ
2522 5303 2739 5372 Ἰσραὴλ
2764 5305 2964 5372 σωτήρ.
3000 5323 3018 5356 ι
3046 5306 3272 5376 Εἴρηται
3302 5307 3359 5360 δέ
3388 5326 3489 5363 που
3519 5308 3654 5379 πρὸς
3682 5310 3774 5362 τὸν

2190 5393 2335 5453 Υἰὸν,
2361 5393 2435 5453 ῶς
2470 5394 2534 5445 ἐκ
2566 5392 2857 5462 προσώπου
2887 5394 3046 5447 πάλιν
3076 5395 3168 5447 τοῦ
3200 5394 3334 5449 Θεοῦ
3389 5400 3482 5451 xui
3526 5397 3738 5468 Πατρός
3757 5416 3769 5427 ·

2190 5502 2211 5534 ι
2234 5484 2363 5536 Ἰδοὺ
2386 5483 2607 5536 τέθεικά
2632 5500 2688 5535 σε
2710 5486 2787 5547 εἰς
2815 5485 3078 5556 διλθήκην
3107 5488 3317 5557 γένους,
3342 5492 3421 5552 είς
3443 5490 3558 5560 φῶς
3578 5490 3769 5556 ἐθνῶν,

2175 5575 2271 5628 τοῦ
2321 5569 2462 5627 εἷναί
2511 5592 2569 5628 σε
2618 5578 2696 5639 εἰς
2749 5577 3025 5649 σωτηρίαν
3058 5578 3163 5642 ἕως
3197 5582 3427 5650 ἐσχάτου
3457 5582 3554 5653 τῆς
3584 5581 3705 5652 γῆς.
3745 5602 3765 5633 ι

572 5729 618 5759 το
652 5692 956 5806 l__fiiii_._tt_t.
994 5727 1081 5782 16.
1144 5690 1224 5806 "_°'
1252 5726 1445 5806 Cphes.
1479 5744 1559 5806 ιιι,
1598 5730 1681 5791 10,
1704 5729 1802 5806 12:
1878 5730 1922 5761 τι
1962 5727 2074 5782 Psal

2178 5746 2269 5806 vii,
2305 5730 2426 5806 1ὶᾲΔ
2467 5731 2514 5806 _"
2552 5729 2728 5784 Galat.
2760 5748 2831 5806 iv,
2863 5733 2913 5788 4.
2995 5736 3040 5766 ⁷³
3076 5736 3115 5791 ll
3144 5738 3291 5793 l‘etr.
3327 5757 3364 5806 ι,
3400 5740 3450 5794 4.
3514 5730 3573 5773 ’⁷⁸
3606 5739 3767 5795 Rem.

505 5814 624 5861 vm,
650 5800 738 5851 il.

816 5797 859 5827 ⁷⁸
900 5801 1001 5851 lsa.
1032 5816 1140 5861 L\l,
1174 5800 1232 5862 l;
1266 5800 1396 5853 an.
1434 5815 1505 5863 tv,
1542 5801 1625 5854 ιυ.
1704 5800 1749 5829 ⁷⁵
1787 5799 1888 5852 lsa.
1928 5815 2047 5864 λιν,

2200 5802 2283 5854 15.
2362 5802 2427 5830 ⁷⁸⁸
2465 5797 2566 5854 lsa.
2599 5816 2743 5859 sua.
2773 5803 2827 5859 6.
