4150 6450
308 417 413 472 H3

1418 428 1789 486 ADVERSUS
1827 432 2236 490 NESTORIUM
2277 437 2401 493 LIB.
2442 436 2530 494 Ill.

302 535 729 606 Νενομοθέτηκε
763 538 863 606 μὲν
894 540 1003 611 γὰρ
1035 541 1126 593 τὸν
1152 543 1210 609 ἐξ
1241 544 1470 613 αἵματός
1499 564 1558 599 τε
1588 549 1682 602 καὶ
1712 552 1899 619 γένους

2005 568 2198 622 genere
2248 557 2406 612 Israel
2465 559 2583 613 tulit
2632 558 2774 629 leges
2822 542 2956 618 Novi
3009 566 3364 633 Testamenti,
3405 574 3586 638 priore

319 628 552 699 Ἰσραὴλ
586 630 687 700 τὴν
735 631 949 701 Καινὴν
996 633 1306 704 Διαθήκην,
1351 634 1755 711 πολαιωθείσης
1805 644 1907 712 τῆς

302 721 569 792 πρώτης·
606 723 846 791 ἑπέφανε
902 724 959 776 δὲ
1012 727 1107 778 καὶ
1149 727 1313 805 μέχρι
1360 732 1648 801 τερμάτων
1676 735 1774 804 τῆς
1803 735 1906 786 ὑπ’

306 816 566 885 οὐρανὸν,
603 819 720 877 τοῖς
755 816 859 869 ἀνὰ
886 819 1069 870 πᾶσαν
1100 818 1283 887 χώραν
1320 838 1379 873 τε
1400 824 1511 874 ⁸καὶ
1547 824 1699 875 πόλιν
1727 825 1906 879 ἔθνεσί

310 920 367 954 τε
414 903 515 955 καὶ
571 903 744 968 λαοῖς.
772 904 1261 975 Προσκεκυνήκασι
1295 909 1405 980 γὰρ
1452 913 1620 981 αὐτῷ,
1654 914 1750 966 καὶ
1800 915 1905 985 μὴν

313 1012 403 1048 tu:
455 994 690 1047 ἕπονται
740 997 983 1066 νοητῶς,
1034 1000 1332 1070 ἀρρήκτοις
1378 1003 1600 1075 ἀγάπης
1651 1006 1903 1077 δεσμοῖς,

311 1084 570 1156 καθάπερ
601 1085 713 1137 τισὶ
742 1088 1091 1156 χειροπέδαξς
1119 1091 1472 1161 ὲνισχημένα,
1498 1095 1589 1148 καὶ
1622 1100 1906 1168 μονονουχὶ

309 1176 543 1242 λέγοντα
594 1176 658 1228 τὺ
708 1176 799 1230 διὰ
831 1178 1018 1247 φωνῆς
1061 1181 1358 1251 Ἱερεμίου·
1398 1203 1416 1235 ι
1440 1184 1572 1239 Ἰδοὺ
1603 1188 1710 1240 οἶδε
1745 1192 1904 1259 ἡμεῖς

308 1266 553 1337 ἐσόμεθα
584 1283 689 1330 σοι,
724 1267 808 1319 ὅτι
834 1270 900 1321 σὺ
928 1267 1134 1340 Κύριος
1158 1272 1186 1323 6
1208 1271 1339 1335 Θεὸς
1366 1275 1522 1344 ήμῶν
1548 1273 1618 1330 εἴ.
1648 1278 1822 1350 »Ὅρα
1847 1281 1906 1334 δέ

310 1374 398 1426 μοι
423 1356 536 1409 τῶν
559 1357 923 1427 προφητικῶν
944 1359 1162 1412 ἐννοιῶν
1178 1361 1274 1432 τὴν
1293 1364 1625 1437 ἐγρήγορσιν
1644 1386 1657 1400 ο
1687 1387 1706 1420 ι
1737 1371 1908 1441 Προσ.

306 1448 615 1517 κυνήσουσί
648 1464 757 1510 σοι,
792 1450 946 1518 φησι,
977 1452 1074 1503 καὶ
1106 1453 1164 1504 ὲν
1196 1454 1274 1510 σο)
1303 1458 1712 1526 προσεύξονται,
1743 1463 1824 1515 δτι
1847 1465 1905 1517 ὲν

305 1545 390 1596 σοὶ
420 1544 564 1606 Θεός
597 1546 741 1606 ἐστι,
773 1545 871 1599 καὶ
895 1548 997 1598 οὐκ
1034 1546 1151 1600 ἐστι
1176 1549 1309 1614 Θεὸς
1355 1550 1499 1622 πλὴν
1547 1555 1675 1609 σοῦ·
1717 1577 1736 1610 ι
1786 1560 1905 1631 ᾔδει

305 1639 407 1709 μὲν
446 1635 546 1692 οὖν
590 1640 1076 1711 ὁμολογουμένως,
1109 1644 1183 1708 ὡς
1223 1652 1668 1720 πνευματοφόρος
1706 1654 1800 1707 τὸν
1840 1657 1906 1709 ἐκ

303 1733 440 1786 Θεοῦ
471 1734 693 1804 Πατρὸς
725 1735 900 1802 Λόγον
928 1737 986 1789 ὲν
1017 1738 1148 1806 ἡμῖν
1179 1740 1533 1811 σκηνώσαντα
1550 1742 1666 1816 μον.
1694 1747 1904 1818 σκηνώ-

308 1825 516 1896 ama],
551 1826 704 1879 καΘά
734 1843 902 1892 φησιν
928 1830 957 1880 6
984 1831 1255 1899 μακάριος
1287 1834 1676 1908 εὐαγγελιστὴς
1718 1840 1902 1894 Ἰωάν-

2005 643 2116 712 jam
2161 646 2464 713 antiquato,
2508 647 2685 701 illuxit
2716 649 2877 703 etiam
2908 668 3078 720 usque
3109 656 3174 708 ad
3209 659 3468 712 terminos
3498 676 3586 714 or-

2010 735 2091 787 bis
2136 744 2403 789 terrarum
2454 738 2702 807 gentibus
2751 756 2814 795 ac
2858 745 3069 812 populis
3117 748 3211 817 qui
3266 764 3360 816 per
3397 767 3585 807 omnes

2012 826 2257 893 regiones
2295 839 2348 881 et
2393 830 2554 884 urbes
2599 842 2800 887 erant:
2832 850 2955 887 nam
2997 836 3147 890 illum
3192 840 3583 906 adoravernnt,

2012 925 2175 984 atque
2212 919 2374 969 etiam
2402 918 2720 983 spiritaliter
2752 933 3075 990 sequuntur,
3106 925 3275 982 ﬁrmis
3304 929 3585 985 charitatis

2006 1006 2236 1059 vinculis
2298 1009 2458 1063 veluti
2505 1009 2824 1077 quibusdam
2881 1016 3245 1082 compedibus
3307 1020 3469 1083 nexi,
3520 1034 3582 1070 ar.

2009 1099 2395 1164 propemodum
2453 1098 2584 1152 illud
2624 1099 2874 1156 Jeremize
2934 1105 3217 1159 dicentes:
3253 1126 3271 1158 ι
3306 1108 3442 1162 Ecce
3488 1110 3583 1178 ipsi

2008 1200 2107 1240 nos
2150 1188 2360 1241 erimus
2422 1189 2550 1256 tibi,
2607 1193 2730 1260 quia
2787 1203 2841 1246 tu
2902 1195 3161 1251 Dominus
3217 1197 3357 1251 Deus
3405 1210 3586 1253 noster

2006 1290 2065 1328 es
2087 1278 2154 1329 ⁷⁷.
2184 1296 2204 1328 ι
2227 1277 2303 1332 Ae
2317 1281 2455 1343 vide,
2490 1297 2692 1349 quaeso,
2725 1286 3153 1354 propheticarnm
3178 1291 3572 1344 sententiarmn

2005 1367 2361 1435 vigdantiam.
2400 1370 2832 1427 «Cnrvabuntur
2884 1376 3004 1443 tibi,
3064 1378 3269 1446 inquit,
3322 1389 3376 1432 et
3431 1380 3480 1432 in
3530 1391 3580 1433 te

1955 1484 1961 1491 -
2009 1458 2335 1520 adorabunt,
2391 1462 2516 1529 quia
2571 1462 2624 1515 in
2662 1473 2710 1517 te
2744 1463 2886 1519 Deus
2915 1477 3018 1529 est,
3064 1477 3119 1522 et
3166 1486 3269 1522 non
3320 1481 3404 1525 est
3446 1469 3585 1526 Deus

2007 1554 2203 1614 praeter
2233 1546 2349 1601 te"
2379 1567 2392 1601 :
2428 1569 2446 1600 ι
2484 1566 2608 1602 nam
2643 1560 2700 1605 ut
2730 1554 2920 1621 spiritu
2948 1555 3237 1611 instinctus
3264 1568 3415 1612 certo
3444 1560 3585 1614 scie-

2007 1634 2116 1699 bat,
2171 1634 2261 1690 Dei
2309 1635 2485 1693 Patris
2525 1639 2761 1695 Verbum
2809 1643 2861 1696 in
2912 1645 3064 1699 nobis
3099 1647 3489 1716 ltabitatnrum,
3528 1659 3615 1702 ut-

2006 1726 2183 1795 inquit
2222 1728 2412 1782 beatus
2440 1730 2770 1799 evangelista
2800 1730 3036 1788 Joannes
3057 1735 3143 1801 7’;
3179 1737 3277 1789 hac
3322 1739 3387 1790 de
3420 1754 3583 1792 causa

2007 1819 2125 1871 ait:
2164 1837 2181 1868 ι
2214 1820 2266 1872 ln
2318 1831 2369 1872 te
2411 1820 2550 1875 Deus
2593 1829 2699 1886 est,
2751 1840 2769 1873 ι
2827 1804 3007 1892 κείμεθ’
3048 1835 3225 1879 tamen
3277 1842 3467 1895 passus
3501 1839 3584 1883 est

305 1935 430 1987 νης³
458 1895 643 1989 ταύτῃ
672 1917 759 1969 τοί
792 1895 1080 1988 φησινξὸτι
1121 1895 1252 1975 ι”Εν
1275 1924 1357 1976 σοὶ
1379 1895 1516 1989 Θεός
1541 1895 1687 1981 ἐστι’
1720 1912 1905 1999 {eam

2012 1910 2416 1965 Emmanuelem
2450 1912 2503 1964 in
2527 1913 2631 1967 duo
2655 1913 2852 1981 dividi;
2885 1917 2975 1968 sed
3002 1918 3249 1985 quamvis
3270 1918 3362 1973 ille
3396 1917 3584 1989 Unige-

306 2011 404 2063 οὔκ
436 2012 519 2073 εις
563 2009 662 2091 δύο
695 2009 993 2078 τέμνεσθαι
1024 2011 1192 2076 Θεοὺς
1225 2016 1614 2087 συγκεχώρηκε
1643 2020 1734 2072 τὸν
1772 2021 1907 2091 Ἑρ...

308 2101 551 2172 μανουήλ
570 2117 586 2131 ’
618 2100 739 2153 ἀλλ’
761 2102 812 2153 εἰ
844 2102 937 2154 καὶ
964 2103 1195 2171 γέγονεν
1208 2106 1304 2159 ἄνθ
1312 2124 1495 2177 ρωπος
1522 2112 1550 2162 6
1572 2111 1904 2183 Μονογενὴς,

309 2195 406 2245 ἱνα
428 2194 522 2244 καὶ
541 2192 724 2256 οὕτως
750 2191 1026 2262 ὡμολόγει
1055 2195 1218 2247 πάλιν
1246 2196 1408 2249 αὐτόν
1428 2214 1440 2226 ·
1466 2200 1559 2251 καὶ
1584 2199 1715 2266 γοῦν
1742 2202 1904 2267 εὐθὺς

318 2285 801 2353 προσεπήνεγκεν,
853 2284 935 2337 ὅτι
990 2302 1010 2335 ι
1041 2286 1157 2338 Οὐκ
1194 2285 1309 2338 ἐστι
1361 2286 1492 2351 Θεὸς
1542 2289 1681 2359 πλὴν
1731 2292 1848 2344 σοῦ.
1881 2311 1899 2344 ι

330 2374 603 2441 Ἐπιτήρει
643 2372 759 2443 γὰρ
792 2373 1040 2444 ἀκριϐῶς
1084 2374 1184 2444 τὴν
1221 2375 1316 2428 τοῦ
1362 2378 1642 2448 προφήτου
1694 2384 1900 2452 φωνήν.

312 2466 783 2535 Προσηγσρευκὼς
803 2465 936 2534 γὰρ,
951 2464 1027 2527 ὡς
1049 2465 1206 2534 ἔφην,
1226 2467 1309 2519 ὅτι
1326 2469 1413 2521 Ἑν
1431 2470 1512 2522 σοὶ
1537 2472 1709 2534 ὁΘεός
1732 2475 1900 2541 ἐστιν,

303 2556 363 2608 οὐ
403 2555 824 2625 προστέθεικεν,
857 2556 940 2609 ὅτι
967 2557 1078 2609 Καὶ
1114 2558 1213 2610 οὑκ
1244 2557 1357 2612 ἐστι
1387 2560 1519 2625 Θεὸς
1555 2562 1695 2633 πλὴν
1723 2564 1816 2616 τοῦ
1845 2565 1905 2618 ὲν

302 2648 409 2710 σοὶ,
443 2646 565 2701 ἀλλ’
599 2649 684 2709 εἰς
735 2647 967 2717 ἑνότητα
1016 2649 1350 2717 συνενεγκὼν
1385 2654 1758 2726 οἰκονομικὴν,
1790 2657 1904 2709 Οὐκ

295 2740 435 2803 ἔστι,
467 2739 631 2808 φησὶ,
665 2738 802 2801 Θεὸς
851 2737 992 2807 πλὴν
1041 2738 1157 2792 σοῦ.
1191 2740 1313 2794 Ὅτι
1338 2741 1395 2795 δὲ
1421 2741 1707 2813 ἄνθρωπος
1746 2762 1903 2814 γεγο-

294 2831 402 2893 νὼς
435 2832 468 2882 6
497 2829 809 2900 μονογενὴς
836 2828 933 2882 τοῦ
966 2830 1103 2883 Θεοῦ
1131 2832 1324 2899 Λόγος,
1346 2832 1433 2886 διὰ
1458 2835 1638 2906 πάσης
1660 2839 1758 2907 τῆς
1783 2838 1904 2891 θεο-

302 2921 572 2973 πνεύστου
622 2919 876 2991 Γραφῆς,
916 2921 993 2985 ὡς
1046 2922 1177 2987 ἔπος
1221 2925 1414 2987 εἰπεῖν,
1451 2927 1898 2995 καταγγέλλεται,

301 3010 381 3061 διὰ
400 3010 684 3061 πλείστων
709 3008 811 3079 μὲν
838 3010 979 3063 ὅσων
998 3010 1208 3065 ἀκονιτὶ
1232 3014 1541 3081 καταδεῖξαι
1568 3017 1697 3087 ῥᾷον
1718 3033 1730 3047 °
1756 3020 1891 3071 ἀπό-

303 3114 400 3167 χρη
432 3097 517 3163 δὲ,
554 3091 739 3167 οἶμαι,
775 3097 913 3167 πρὸς
951 3098 1012 3151 τὸ
1029 3100 1203 3172 παρὸν
1221 3103 1398 3156 ἐκεῖνο
1419 3106 1772 3177 εὶπεῖν.’Έφη
1793 3107 1903 3175 γάρ

2009 2003 2150 2055 nitus
2185 2005 2257 2057 sit
2282 2003 2452 2058 lactus
2482 2006 2664 2071 homo,
2698 2004 2775 2060 sic
2804 2021 3018 2075 quoque
3054 2024 3216 2062 unum
3245 2024 3433 2063 rursus
3459 2025 3577 2064 esse

2008 2092 2297 2158 fatebatur,
2342 2096 2570 2164 ideoque
2621 2097 2800 2149 intulit
2845 2101 3024 2150 statim
3059 2116 3072 2150 :
3111 2098 3278 2152 rNou
3315 2111 3399 2153 est
3439 2100 3579 2154 Deus

2006 2194 2200 2255 pneter
2242 2196 2313 2240 te.
2350 2205 2368 2237 ι
2406 2186 2647 2255 Observa
2698 2204 2939 2256 namque
2977 2190 3263 2259 diligenter
3308 2193 3579 2260 prepbetaé

2007 2293 2191 2331 vocem
2217 2297 2229 2332 :
2256 2294 2375 2332 cum
2404 2279 2573 2342 enim,
2603 2288 2661 2330 ut
2696 2279 2827 2344 dixi,
2856 2279 3119 2333 allocutus
3146 2290 3291 2335 esset
3323 2297 3444 2335 eum
3496 2283 3579 2336 bis

2005 2369 2227 2422 verbis:
2263 2388 2281 2419 ι
2330 2369 2384 2422 ltt
2415 2381 2468 2422 te
2514 2380 2596 2423 est
2646 2368 2784 2422 Dens
2810 2387 2826 2436 ;
2854 2388 2872 2420 ι
2922 2385 3025 2423 non
3075 2370 3268 2437 adjecit
3305 2391 3317 2426 :
3349 2371 3463 2425 Non
3498 2386 3580 2426 ρει

2007 2460 2146 2513 Deus
2178 2471 2376 2529 printer
2408 2461 2559 2514 illum
2611 2461 2702 2530 qui
2745 2472 2827 2514 est
2870 2463 2919 2513 in
2968 2472 3038 2523 te.
3089 2464 3183 2515 sed
3230 2464 3282 2516 in
3321 2464 3578 2518 unitatem

2013 2551 2471 2617 dispensatoriam
2516 2552 2892 2621 conjungendo
2918 2572 2931 2608 :
2962 2571 2978 2602 ι
3011 2551 3126 2605 Νοιι
3168 2562 3252 2605 est
3294 2552 3452 2619 Deus,
3499 2557 3579 2607 in-

2006 2640 2141 2706 quit,
2176 2649 2374 2705 prader
2404 2649 2474 2693 te.
2507 2659 2525 2691 ι
2572 2640 2741 2695 Porro
2773 2640 3107 2709 unigenitum
3161 2640 3289 2693 illud
3321 2640 3409 2694 Dei
3453 2638 3582 2695 Ver-

2004 2732 2129 2786 bum
2165 2732 2435 2786 hominem
2470 2731 2698 2796 factum,
2730 2747 2825 2802 per
2848 2747 3035 2785 omnes
3060 2732 3317 2785 divinitus
3354 2733 3586 2801 inspira-

2005 2831 2071 2874 tse
2110 2823 2403 2891 Scriptura:
2437 2823 2670 2888 litteras,
2707 2831 2764 2875 ut
2792 2821 2864 2875 ita
2907 2822 3102 2887 dicam,
3126 2823 3432 2892 praedicari,
3464 2839 3583 2893 per-

2003 2913 2163 2967 facile
2211 2921 2294 2968 est
2347 2913 2759 2983 quamplurimis
2824 2913 2957 2967 locis
3010 2916 3329 2979 ostendere,
3381 2916 3474 2969 sed
3518 2916 3584 2969 ad

2003 3019 2241 3074 prmsens
2274 3006 2403 3059 illud
2441 3005 2645 3060 dixisse
2686 3004 2816 3058 satis
2853 3006 2975 3058 erit.
3010 3004 3150 3057 Dixit
3179 3007 3321 3060 enim
3355 3008 3491 3061 Deus
3516 3008 3582 3080 ad

2004 3102 2219 3156 beatum
2264 3100 2427 3154 David
2459 3118 2471 3153 :
2503 3119 2521 3151 ι
2555 3099 2622 3153 Ει
2664 3099 2941 3154 suscitabo
2976 3099 3042 3151 de
3094 3101 3297 3155 semine
3331 3111 3421 3155 tuo
3464 3111 3586 3168 post

303 3205 400 3241 που
425 3188 571 3251 Θεὸς
596 3188 740 3257 πρὸς
765 3188 856 3241 τὸν
881 3188 1152 3261 μακάριον
1177 3192 1340 3245 Δαὸίδ
1360 3209 1372 3220 ·
1413 3212 1430 3245 ι
1462 3196 1570 3248 Καὶ
1615 3194 1903 3267 ἀναστήσω

2006 3201 2079 3257 te,
2120 3194 2209 3263 qui
2255 3194 2361 3248 erit
2404 3193 2469 3247 de
2504 3201 2691 3246 ventre
2737 3199 2848 3255 tuo,
2895 3203 2949 3245 et
2995 3192 3306 3260 prmparabo
3361 3207 3580 3261 rrgnum

298 3280 361 3332 ὲκ
379 3278 477 3332 τοῦ
500 3279 831 3349 σπέρματός
853 3296 947 3332 σου
977 3282 1116 3350 μετὰ
1139 3282 1219 3347 σὲ,
1235 3283 1294 3346 ὃς
1317 3282 1471 3336 ἐσται
1494 3285 1557 3337 ἐκ
1577 3286 1675 3355 τῆς
1694 3287 1902 3351 κοιλίας

301 3390 393 3425 σου
413 3389 428 3402 υ
454 3374 556 3425 καὶ
575 3372 860 3441 ἑτοιμάσω
882 3374 979 3443 τὴν
997 3374 1274 3443 βὰσιλείαν
1295 3376 1459 3429 αὐτοῦ
1479 3393 1498 3410 ·
1518 3378 1679 3442 αὐτὸς
1700 3381 1905 3433 οἰκοδοο

302 3465 372 3533 μή
382 3481 463 3516 σει
489 3459 649 3519 οἷκον
664 3463 746 3533 τῷ
768 3463 993 3532 ὀνόματί
1021 3481 1145 3535 μου.
1166 3466 1276 3520 Καὶ
1292 3468 1583 3539 ἀνορθώσω
1602 3470 1692 3523 τὸν
1715 3470 1905 3542 θρόνον

295 3556 462 3610 αὐτοῦ
487 3557 599 3619 ἕως
622 3558 707 3618 εἰς
729 3552 823 3608 τὸν
842 3554 1033 3612 αἰῶνα.
1050 3558 1160 3609 Καὶ
1180 3555 1291 3625 ἐγὼ
1308 3558 1500 3630 ἔσομαι
1526 3561 1675 3633 αὖτῷ
1694 3564 1774 3626 εἰς
1793 3564 1905 3615 Πα-

295 3648 571 3718 τέρα,καὶ
594 3648 766 3709 αὐτὸς
791 3646 943 3700 ἔσται
962 3664 1052 3716 μοι
1072 3649 1151 3711 εἰς
1177 3648 1324 3702 Υἱόν.
1340 3668 1359 3698 ι
1380 3650 1541 3714 Ἀλλ’,
1567 3646 1742 3721 οἶμαι,
1769 3653 1900 3723 φαίη

295 3756 381 3801 τις
408 3739 496 3798 ἂν,
517 3739 626 3791 οὐκ
652 3739 751 3790 ἐπί
780 3755 845 3806 γε
862 3738 938 3808 τῷ
963 3740 1595 3812 Ἐμμανουὴλ,εξρῆσθαι
1620 3744 1678 3796 δὲ
1702 3744 1943 3819 μᾶλλονκ

296 3832 389 3883 ἐπὶ
429 3830 751 3900 Σολομῶντι
784 3830 961 3887 ταυτί.
997 3830 1209 3893 Παῦλὸς
1238 3848 1301 3900 γε
1332 3833 1439 3903 μὴν
1487 3835 1516 3886 6
1552 3835 1889 3904 σαρώτατος,

292 3921 407 3981 τοῖς
453 3919 640 3981 οὕτως
676 3919 939 3987 ,ἐθέλουσι
998 3921 1162 3983 νοεῖν,
1214 3921 1557 3985 ἀντιτάξεται
1616 3927 1929 3991 γεννικῶς,-

294 4011 513 4081 δέχεται
543 4011 662 4080 γὰρ
688 4010 784 4067 ἐπὶ
810 4010 1030 4081 Χριστῷ
1059 4013 1158 4075 τὰς
1186 4012 1403 4079 φωνάς·
1431 4014 1525 4067 καὶ
1561 4014 1724 4067 αὐτὸν
1757 4013 1901 4070 εἷναί

305 4119 429 4170 φησι
468 4104 620 4175 πρὸς
644 4102 719 4153 ὒν
759 4102 973 4171 εἴρηται
1012 4104 1167 4173 παρὰ
1198 4103 1292 4156 τοῦ
1340 4104 1477 4157 Θεοῦ
1521 4106 1617 4171 καὶ
1658 4107 1890 4176 Πατρὺς,

306 4195 378 4245 ὅτι
414 4196 701 4262 ι”Εσομαι
726 4194 876 4268 αὐτῷ
899 4196 977 4256 εἰς
1008 4195 1249 4264 Πατέρα,
1294 4195 1388 4249 καὶ
1425 4196 1588 4259 αὐτὸς
1622 4196 1775 4251 ἔσται
1811 4196 1907 4268 μοι

298 4283 373 4345 εἱς
424 4285 582 4338 Υἰόν.
617 4304 635 4335 ι
674 4266 801 4337 ’Ότι
846 4285 901 4337 δὲ
949 4284 1072 4338 καθ’
1110 4285 1259 4356 ἡμᾶς
1312 4286 1572 4363 γεγονὼς,
1625 4289 1902 4343 τουτέστιν

298 4378 616 4447 ἄνθρωπος,
659 4378 1042 4447 ἱερουργήσειν
1076 4376 1269 4447 ἔμελλε
1309 4378 1386 4448 τῷ
1428 4378 1546 4449 Θεῷ
1578 4380 1668 4432 καὶ
1702 4380 1897 4452 Πατρὶ,

293 4467 381 4520 διὰ
434 4468 538 4535 τῆς
601 4467 684 4527 εἰς
732 4464 896 4517 αὑτὸν
954 4465 1189 4529 πίστεως
1246 4468 1598 4539 σεσωσμένην
1648 4472 1745 4539 τὴν
1808 4471 1899 4524 ὑπ’

2007 3285 2122 3353 ejus
2159 3286 2315 3351 :ipse
2350 3284 2639 3339 tedillcabit
2684 3283 2902 3337 domum
2944 3284 3145 3338 nomini
3183 3300 3339 3338 men:
3377 3294 3429 3336 et
3470 3284 3580 3337 eri-
3674 3294 3681 3299 '

2008 3391 2129 3445 gam
2175 3376 2369 3429 solium
2401 3374 2518 3444 ejus
2550 3388 2717 3441 usque
2746 3373 2799 3427 in
2851 3373 3105 3426 sa'culum
3139 3392 3152 3426 ε
3185 3382 3237 3427 et
3269 3390 3369 3441 ego
3403 3389 3498 3428 ero
3532 3373 3580 3428 ei

2008 3468 2058 3520 in
2084 3466 2319 3531 Patrem,
2340 3476 2391 3519 et
2417 3466 2532 3532 ipse
2558 3465 2662 3518 erit
2684 3464 2813 3517 milti
2833 3465 2885 3518 in
2914 3463 3107 3517 Filium
3128 3464 3195 3517 ⁸ο.
3231 3484 3248 3515 ι
3281 3464 3384 3518 Sed
3415 3465 3580 3531 dicet,

2006 3559 2232 3626 Opinor,
2277 3558 2491 3626 aliquis,
2530 3557 2641 3609 haec
2682 3555 2865 3609 nonin
2912 3557 3337 3620 Emmannelem,
3392 3558 3484 3611 sed
3531 3558 3583 3610 in

2009 3648 2120 3719 63
2175 3647 2517 3701 Salomonem
2565 3649 2706 3700 dicta
2758 3646 2944 3704 fuisse.
2993 3647 3096 3702 Sed
3152 3648 3337 3702 beatus
3388 3647 3585 3700 Paulus

2008 3738 2323 3795 hominibus
2362 3740 2433 3792 ita
2471 3738 2833 3793 sentientibus
2865 3749 3087 3792 strenue
3116 3739 3363 3803 obsistet,
3395 3738 3483 3806 qni
3520 3739 3585 3789 de

2004 3832 2226 3886 Christo
2259 3831 2359 3884 has
2390 3845 2550 3884 voces
2584 3830 2802 3899 accipit,
2840 3831 3121 3899 ipsumque
3153 3846 3273 3885 esse
3303 3829 3498 3884 asserit
3531 3831 3581 3882 iu

2004 3937 2164 3993 quem
2201 3922 2402 3976 dictmn
2433 3922 2502 3976 sit
2531 3938 2560 3974 a
2595 3921 2702 3974 Deo
2732 3931 2785 3976 et
2816 3921 2978 3975 Patre
3008 3940 3020 3975 :
3058 3918 3077 3972 ὶ
3119 3920 3225 3983 Ero
3257 3921 3329 3973 illi
3376 3920 3426 3972 in
3483 3918 3583 3972 Pa—

2007 4027 2164 4079 trem,
2210 4022 2265 4068 et
2315 4014 2428 4082 ipse
2476 4014 2581 4065 erit
2633 4012 2763 4065 mihi
2824 4011 2877 4065 in
2932 4012 3123 4065 Filium
3152 4010 3219 4066 ⁸².
3252 4028 3270 4061 ι
3322 4010 3580 4063 Eumdem

2004 4122 2168 4178 porro
2197 4105 2367 4159 nostri
2397 4104 2629 4158 similem
2660 4102 2881 4169 factum,
2912 4102 2969 4157 id
2998 4111 3102 4168 est,
3128 4101 3427 4167 hominem,
3461 4101 3577 4154 fore
3622 4170 3626 4179 .
3662 4158 3667 4163 ,

2006 4208 2064 4251 ιιι
2099 4197 2205 4249 Deo
2252 4206 2304 4249 et
2355 4193 2500 4248 Patri
2557 4193 2889 4247 sacriﬁcaret
2940 4193 3123 4245 orbem
3176 4198 3442 4264 terrarum
3490 4204 3584 4258 per

2007 4289 2166 4342 iidem
2210 4289 2262 4342 in
2298 4301 2356 4341 se
2390 4286 2727 4339 credentium
2770 4285 3054 4349 salvatum,
3090 4281 3384 4335 declaravit
3428 4280 3579 4345 alibi,

2006 4379 2195 4433 dicens
2236 4393 2251 4431 :
2289 4397 2306 4428 ι
2340 4377 2405 4430 Ει
2453 4356 2907 4429 ευδοὶιιὼοᾝιηιί
2958 4373 3299 4426 sacerdotem
3349 4370 3591 4431 ﬁdelem;

2005 4469 2095 4539 qui
2134 4468 2314 4523 omnia
2354 4481 2470 4536 quae
2500 4474 2627 4518 sunt
2664 4465 2715 4516 iu
2748 4461 2912 4516 corde
2946 4470 3000 4513 et
3035 4460 3213 4513 anima
3252 4474 3368 4511 mea
3401 4457 3677 4547 ἵειείοίλἪ

291 4560 552 4631 οὐρανὸν,
595 4558 842 4625 διεσάφει
872 4558 1045 4625 λέγων
1073 4560 1129 4611 ἐν
1153 4560 1359 4630 ἑτέροις
1384 4577 1398 4590 ’
1440 4581 1457 4613 ι
1482 4562 1589 4616 Kal.
1610 4564 1901 4635 ἀναστήσω

2006 4569 2059 4614 et
2101 4557 2380 4611 aediﬁcabo
2409 4556 2457 4609 ei
2499 4556 2714 4608 donmm
2768 4551 3001 4614 ﬁdelem,
3054 4561 3111 4603 et
3165 4549 3412 4602 transibit
3456 4557 3582 4601 ante

292 4649 530 4719 ἐμαυτῷ
590 4649 751 4718 ἱερέα
789 4649 1000 4713 πιστὸν,
1044 4650 1104 4713 ὃς
1153 4652 1330 4705 πάντα
1382 4653 1450 4706 τὰ
1499 4655 1557 4706 ὲν
1597 4658 1662 4725 τῇ
1705 4657 1902 4728 καρδίᾳ

296 4758 420 4809 μου,
448 4740 553 4791 καὶ
585 4740 647 4791 ὲν
679 4741 748 4807 τῇ
796 4738 942 4808 ψυχῇ
992 4756 1090 4809 μου
1127 4742 1376 4811 ποιήσει’
1426 4744 1517 4795 καὶ
1559 4745 1901 4816 οἰκοδομήσω

295 4830 445 4900 αὐτῷ
498 4825 658 4881 οἷκον
709 4829 902 4881 πιστόν
930 4845 945 4857 ·
996 4830 1095 4882 καὶ
1140 4831 1477 4887 διελεύσεται
1521 4834 1751 4889 ἐνώπιόν
1801 4853 1901 4905 μου

296 4923 480 4984 πάσας
525 4920 649 5003 τὰς,
689 4918 967 4989 ἡμέρας.»
1010 4920 1201 4993 ’Δθρει
1240 4923 1303 4994 δή
1357 4910 1447 4994 μοι
1504 4925 1689 4989 πάλιν,
1722 4924 1798 4989 ὼς
1846 4928 1903 4980 ὲν

298 5014 510 5082 ἑτέροις
546 5009 751 5070 εἰπὼν,
792 5029 811 5059 ι
841 5005 1011 5074 Οὗτος
1044 5012 1389 5083 οἰκοδομήσει
1424 5011 1572 5068 οἷκον
1588 5015 1663 5086 τῷ
1680 5015 1905 5085 ὀνόματι

300 5119 421 5171 μου,
457 5120 480 5151 ι
516 5099 606 5169 τῷ
646 5097 766 5167 Υἱῷ
794 5098 889 5152 τὸν
918 5094 1068 5152 οἷκον
1101 5101 1343 5172 ἐγείρειν
1364 5103 1393 5154 6
1422 5104 1610 5175 Πατήρ
1637 5104 1906 5173 ἐπαγγέλ-

290 5194 466 5246 λεται.
501 5191 622 5245 Kal.
649 5188 816 5242 τοῦτο
849 5190 1028 5254 συνεὶς
1047 5193 1077 5244 6
1106 5191 1394 5257 θεσπέσιος
1419 5196 1649 5260 Παῦλος,
1696 5198 1899 5251 Μωσέα

291 5285 395 5353 μὲν
436 5283 548 5353 ἔφη
587 5280 788 5334 πιστὸν
832 5282 890 5333 ὲν
923 5281 1031 5352 ὅλῳ
1073 5283 1329 5351 γενέσθαι
1372 5285 1452 5356 τῷ
1508 5286 1642 5357 οἴκῳ
1679 5305 1801 5357 μου,
1840 5288 1902 5341 τὸ

291 5375 572 5428 οἰκετικὸν
614 5373 810 5442 ἔχοντα
844 5374 1063 5444 μέτρον,
1113 5376 1349 5445 Χριστόν
1395 5395 1457 5443 γε
1503 5379 1607 5450 μήν
1656 5381 1731 5444 ὡς
1774 5382 1901 5435 Υἱὸν

286 5468 383 5520 ἐπὶ
413 5466 513 5519 τὸν
563 5460 720 5518 οἷκον
765 5463 958 5526 αὑτοῦ,
994 5461 1055 5519 οὗ
1094 5462 1241 5531 οἶκος
1270 5469 1435 5540 ἐσμὲν
1474 5473 1651 5541 ήμεῖς.
1689 5473 1731 5523 Τ
1738 5472 1901 5540 ρόπος

288 5560 349 5613 δὲ
392 5559 501 5629 τῆς
548 5558 872 5630 ἱερουργίας
918 5557 1092 5633 αρτῷ,
1136 5559 1206 5611 τὰ
1251 5562 1571 5632 καθ’ήμᾶς·
1624 5564 1721 5633 οὐχ
1760 5557 1899 5633 αἷμα

312 5763 325 5772 ο
362 5743 412 5775 ⁷⁷
441 5741 654 5799 Jerem.
685 5760 769 5809 tu,
795 5745 912 5799 2i.’
969 5745 1014 5778 ⁷⁸
1042 5742 1144 5797 Isa.
1177 5759 1298 5805 ην,
1341 5742 1418 5795 Η.
1500 5742 1545 5772 ⁷⁸
1574 5740 1728 5797 1mm.
1757 5757 1770 5794 ι
1796 5781 1809 5800 .
1841 5739 1924 5792 ιι.

314 5814 369 5869 5,
452 5815 499 5848 ⁸³
532 5814 551 5869 ι
590 5813 726 5878 Reg.
758 5831 822 5878 tt,
849 5814 941 5871 '55.
1056 5812 1105 5845 ⁸³
1137 5811 1180 5866 ll
1213 5811 1346 5878 Reg.
1375 5829 1410 5877 t,
1446 5812 1528 5866 l3.
1605 5812 1648 5845 ⁸⁸⁸
1681 5810 1848 5869 llcbr.
1876 5826 1954 5874 tu,
1979 5808 2017 5863 2

314 5814 369 5869 5.
452 5815 499 5848 "
532 5814 551 5869 ι
590 5813 726 5885 Reg.
758 5831 822 5884 tt,
849 5814 941 5871 '55.

2007 4666 2093 4704 me
2139 4649 2392 4703 omnibus
2435 4646 2626 4700 diebus
2650 4645 2718 4696 θ’.
2762 4663 2779 4694 ι
2813 4641 2932 4696 1am
2975 4641 3101 4693 illud
3140 4655 3322 4708 qua‘so
3365 4654 3578 4691 rursum

2005 4738 2309 4801 considera,
2346 4738 2487 4806 quod
2537 4749 2656 4787 cum
2691 4732 2817 4785 alibi
2853 4732 3078 4785 dixisset
3109 4748 3122 4785 :
3159 4748 3177 4780 ι
3210 4729 3308 4783 llic
3347 4726 3581 4783 aediﬁca-

2005 4830 2084 4886 bit
2120 4832 2336 4884 domum
2394 4828 2595 4882 nomini
2657 4841 2776 4879 meo
2800 4824 2865 4889 ⁸³,
2898 4843 2916 4875 ι
2965 4823 3101 4876 Filio
3145 4833 3320 4877 tamen
3359 4823 3578 4877 domum

2006 4930 2319 4991 erecturum
2352 4935 2409 4973 se
2431 4918 2591 4972 Pater
2617 4916 2902 4987 pollicetur
2932 4933 2945 4968 :
2979 4916 3122 4985 quod
3159 4931 3278 4968 cum
3313 4915 3578 4985 intellige-

2006 5021 2092 5067 ret
2134 5013 2324 5066 beatus
2357 5009 2555 5064 Paulus
2577 5005 2647 5070 “,
2681 5005 2862 5061 Mosen
2911 5006 3128 5075 quidem
3165 5005 3373 5059 ﬁdelem
3415 5003 3585 5063 fuisse

2007 5105 2139 5160 dicit
2181 5104 2234 5158 in
2266 5112 2377 5157 tota
2411 5106 2570 5157 domo
2606 5116 2746 5163 mea,
2784 5098 2927 5166 quod
2976 5096 3295 5151 famulorum
3336 5095 3583 5150 ordinem

2005 5210 2069 5252 ac
2113 5209 2424 5250 mensuram
2476 5202 2718 5257 teneret;
2770 5191 3046 5246 Christum
3097 5202 3247 5242 vero
3280 5195 3339 5239 ut
3387 5184 3579 5239 Filium

2005 5303 2170 5357 super
2195 5287 2409 5341 domum
2435 5284 2579 5354 ejus,
2610 5285 2765 5355 cujus
2795 5284 2987 5337 domus
3013 5294 3201 5335 sumus
3229 5291 3345 5330 nos.
3384 5275 3577 5328 Forma
3658 5266 3667 5279 ’

2004 5387 2182 5433 autem
2215 5378 2332 5447 ejus
2370 5374 2620 5430 sacriﬁcii
2670 5389 2756 5429 res
2791 5384 2988 5427 nostrae
3034 5379 3178 5432 sunt,
3212 5381 3314 5420 non
3361 5380 3578 5428 sanguis

2005 5479 2281 5523 taurorum
2319 5477 2375 5522 et
2402 5466 2715 5528 vitulorum.
2748 5464 2847 5518 sed
2867 5462 3106 5516 omnium
3145 5458 3422 5512 hominum
3456 5458 3575 5509 ﬁdei

2000 5534 2275 5616 confessio
2310 5578 2323 5613 :
2362 5558 2522 5626 idque
2557 5558 2842 5612 conﬁrmat
2870 5553 3061 5609 beatus
3100 5548 3300 5605 Paulus
3342 5548 3469 5604 item
3502 5550 3579 5603 sic

2020 5739 2064 5771 '°
2103 5739 2142 5795 ll
2173 5740 2303 5811 Reg,
2334 5753 2425 5806 vn,
2458 5738 2654 5806 l2,15.
2758 5735 2800 5767 ⁸¹
2840 5731 2885 5789 ll
2917 5732 3049 5805 Regi.
3078 5749 3170 5800 \‘ll,
3210 5732 3273 5787 Η
3295 5750 3321 5799 ;.
3346 5730 3507 5787 Hebr.
3536 5746 3581 5798 ι,

3487 451 3584 506 lli
3640 496 3651 503 μ
