4150 6432
562 377 666 436 115
1547 381 1606 436 S.
1649 380 1927 438 CYlllLLI
1967 381 2442 437 ALEXANDlllNI
2481 383 2804 439 ARCHIEP.
3718 377 3822 432 116

563 500 851 554 scribens:
890 519 909 552 ι
942 498 1123 566 Unde,
1172 501 1369 555 fratres
1409 503 1606 565 sancti,
1640 503 1941 555 vocationis
1988 502 2154 556 ctele-

2255 503 2475 574 ταύρων
2506 503 2603 558 καὶ
2649 503 2885 574 μόσχων,
2923 498 3037 553 ἀλλ’
3060 499 3116 567 ’ἡ
3152 495 3253 565 τῆς
3290 494 3547 548 ἀπάντων
3588 492 3824 558 πίστεως

563 590 661 642 stis
691 590 1003 659 participes,
1030 592 1371 646 considerate
1395 592 1710 661 Apostolum
1737 602 1791 646 et
1818 591 2133 645 Pontiﬁcem

2251 597 2520 671 5μολογία.
2576 594 2690 647 Καὶ
2734 590 3067 649 πιστώσεται
3113 588 3275 641 πάλιν
3319 585 3417 639 ὡδὶ
3461 583 3759 656 γεγραφὼς
3794 585 3825 637 6

563 680 921 735 confessionis
947 693 1146 736 nostra:
1179 681 1384 748 Jesum,
1419 684 1509 753 qui
1545 683 1719 737 ﬁdelis
1744 693 1824 736 est
1852 683 1900 736 ei
1928 682 2017 750 qni
2055 682 2125 736 fe-

2251 688 2515 760 μακάριος
2556 683 2767 744 Παῦλος
2788 698 2802 713 ο
2835 699 2854 732 ι
2876 679 3060 741 Ὅθεν,
3096 677 3319 746 ἀδελφοὶ
3374 677 3541 743 ἆγιοι,
3580 675 3827 744 κλήσεως

564 771 639 824 cit
676 771 819 825 illum
838 774 907 829 ".
941 792 961 826 ι
997 774 1172 843 Ipsum
1218 775 1383 846 igitur
1412 776 1704 829 asserimus
1736 790 1800 830 ex
1842 773 1949 827 Deo
1979 775 2139 829 Patre

2251 775 2569 848 ὶπουρανίοο
2619 774 2861 843 μέτοχοι,
2912 772 3291 839 κατανοήσατε
3348 767 3441 821 τὸν
3502 765 3827 819 Ἀπόστολον

568 861 807 919 Verbum
837 881 960 920 cum
994 877 1215 936 accepta
1248 867 1394 922 servi
1433 869 1605 920 forma
1643 878 1864 934 propter
1901 881 1998 918 nos
2023 865 2137 918 cxi-

2251 871 2337 925 καὶ
2373 867 2660 938 Ἀρχιερέα
2685 865 2787 934 τῆς
2824 862 3114 932 ὁμολογίας
3164 861 3323 928 ἡμῶν
3366 858 3596 928 Ἰησοῦν,
3636 856 3827 911 πιστὸν

568 954 785 1009 na'nitus
827 971 948 1009 esse
994 957 1217 1022 dicitur,
1265 967 1374 1009 tum
1409 955 1473 1007 ad
1532 957 1882 1010 humanitatis
1924 968 2139 1023 quoque

2251 962 2371 1015 [ivra
2406 958 2486 1029 τῷ
2532 958 2817 1027 ποιήσαντι
2850 954 3033 1007 αὐτόν.
3068 971 3088 1004 ι
3158 952 3334 1005 Αὑτὸν
3374 946 3467 1004 οὖν
3499 950 3608 1019 ἄρα
3641 950 3825 1018 φαμὲν

567 1058 875 1099 mensuram
931 1047 1167 1114 seipsum
1207 1045 1490 1114 dejecisse,
1533 1046 1617 1098 cui
1656 1060 1923 1099 mensurae
1952 1059 2142 1098 conse-

2251 1054 2330 1106 τὸν
2361 1053 2425 1104 ἐκ
2451 1048 2587 1103 Θεοῦ
2624 1048 2835 1116 [ἰατρὸς
2868 1044 3061 1112 Λόγον,
3093 1044 3183 1096 ὅτε
3214 1042 3283 1095 δι’
3313 1042 3460 1112 ημᾶς
3489 1038 3827 1093 κεκενῶσθαι

566 1143 798 1200 quenter
840 1136 1127 1189 admodum
1179 1137 1450 1199 cenveuit,
1502 1145 1560 1188 ut
1597 1138 1795 1188 missus
1829 1150 1949 1189 esse
1989 1146 2141 1203 pute—

2251 1144 2464 1210 λέγεται
2517 1140 2727 1210 μορςςὴι
2752 1139 2938 1191 δούλου
2969 1135 3169 1199 λαϐὼν,
3221 1134 3340 1187 τότε
3375 1134 3470 1185 καὶ
3502 1134 3560 1184 ἐν
3587 1135 3699 1196 τοῖς
3730 1132 3830 1201 τῆς

568 1232 675 1287 tur,
707 1234 760 1279 et
787 1226 961 1294 ipsum
1001 1226 1118 1293 ejus
1159 1227 1485 1282 sacriﬁcium
1518 1227 1753 1296 supremi
1797 1226 1938 1280 illius
1967 1226 2140 1280 bono-

2251 1237 2666 1307 ἀνθρωπότητος
2695 1234 2915 1302 μέτροις
2945 1229 3134 1283 ἑαυτὸν
3174 1227 3442 1287 καθεῖναι,
3470 1220 3551 1286 οἷς
3577 1224 3643 1276 ἂν
3682 1224 3826 1293 πρέ-

568 1315 643 1368 ris
668 1317 820 1385 quasi
846 1319 1162 1373 conciliator
1187 1320 1404 1387 quidam
1435 1319 1798 1372 existimetur.
1830 1318 1961 1371 Nam
1993 1318 2037 1371 si
2061 1317 2142 1371 la-

2251 1348 2335 1382 ποι
2382 1329 2475 1382 καὶ
2514 1326 2661 1397 μάλα
2712 1324 2960 1385 εἰκότως.
3017 1321 3112 1372 καὶ
3145 1318 3206 1371 τὸ
3254 1316 3589 1370 ἀπεστάλθαι
3630 1315 3831 1377 δοκεῖν,

566 1416 688 1460 etus
743 1410 914 1462 nostri
974 1410 1190 1475 similis,
1240 1411 1488 1464 adoravit
1530 1410 1809 1464 nobiscum
1850 1421 1907 1463 ut
1959 1409 2140 1473 homo,

2251 1423 2340 1475 καὶ
2393 1421 2494 1488 τῆς
2560 1417 2824 1471 ἀνωτάτω
2876 1412 3045 1481 τιμῆς
3101 1407 3352 1479 ἡγεῖσθαι
3415 1406 3675 1476 πρόξενον
3731 1406 3836 1473 τὴν

566 1499 814 1564 quamvis
866 1501 1055 1554 adoret
1098 1501 1270 1570 ipsum
1314 1502 1404 1555 illa
1439 1516 1673 1572 Superna
1726 1512 2147 1569 sanctorumque

2251 1510 2580 1584 ἱερουργίαν.
2609 1509 2673 1561 Et
2704 1508 2812 1577 γὰρ
2836 1504 3069 1572 ἐπείπερ
3101 1501 3293 1569 γέγονε
3320 1498 3444 1552 καθ’
3475 1498 3641 1567 ἡμᾶς,
3661 1512 3835 1565 προσο

566 1587 858 1657 spirituum
914 1591 1242 1654 multitudo,
1288 1608 1411 1645 cum
1472 1592 1539 1646 de
1586 1592 1679 1646 illo
1730 1592 1906 1647 Moses
1953 1592 2142 1644 dicat:

2251 1603 2519 1672 κεκύνηκε
2559 1599 2679 1669 μεθ’
2703 1596 2860 1667 ἡμῶν
2894 1596 2968 1658 ὡς
3000 1592 3287 1662 ἅνθρωπος
3309 1605 3323 1618 ο
3370 1589 3547 1641 καίτοι
3590 1601 3836 1656 προσκυ-

575 1694 593 1727 ι
622 1673 929 1742 Latamini,
951 1680 1093 1744 caeli,
1125 1680 1286 1734 simul
1316 1697 1437 1735 cum
1468 1682 1584 1748 ipso
1602 1682 1669 1745 ",
1692 1691 1745 1735 et
1773 1681 1997 1734 adorent
2021 1694 2144 1734 eum

2251 1695 2447 1764 νούσης
2473 1691 2635 1746 αὑτὸν
2661 1694 2760 1760 τῆς
2794 1689 2905 1743 ἀνω
2928 1684 3189 1754 πληθύος,
3221 1683 3314 1734 καὶ
3343 1680 3452 1733 τῶν
3478 1677 3651 1745 ἀγίων
3676 1691 3841 1727 πνευ-

569 1780 761 1821 omnes
791 1767 884 1821 ﬁlii
923 1768 1014 1822 Dei
1038 1770 1120 1832 ";
1153 1788 1172 1821 ι
1214 1771 1344 1840 quid
1380 1787 1601 1837 novum,
1631 1781 1686 1826 et
1717 1786 1747 1824 a
1784 1772 2146 1840 dispensatio-

2253 1786 2460 1855 μάτων,
2492 1782 2741 1850 λέγοντός
2769 1798 2827 1833 τε
2854 1778 3097 1839 Μωσέως
3140 1774 3269 1843 περὶ
3306 1770 3495 1831 αὐτοῦ,
3541 1789 3558 1820 ι
3586 1768 3837 1836 Εὐφράν-

570 1857 655 1912 nis
687 1860 987 1916 rationibus
1014 1863 1272 1930 alienum,
1299 1865 1344 1918 si
1376 1865 1573 1920 summi
1604 1864 1892 1920 sacerdotii
1924 1877 2147 1918 munere

2251 1875 2399 1946 θητε,
2417 1874 2656 1943 οὐρανοὶ,
2681 1873 2794 1940 ἄμα
2811 1869 2979 1937 αὐτῷ,
3001 1866 3095 1919 καὶ
3120 1863 3653 1935 προσκυνησάτωσαν
3674 1858 3840 1913 αὑτὸν

571 1950 788 2007 functus
833 1964 938 2017 est,
986 1964 1044 2009 ut
1089 1956 1180 2024 qui
1216 1957 1270 2010 in
1316 1957 1538 2011 odorem
1572 1955 1858 2011 suavitatis
1901 1956 2139 2024 seipsum

2255 1968 2456 2029 πάντες
2490 1966 2598 2018 ιιίο)⁸
2637 1963 2771 2016 Θεοῦ
2796 1981 2808 1993 ·
2844 1981 2866 2031 ι
2894 1961 2945 2014 τί
2981 1959 3042 2012 τὸ
3077 1957 3226 2022 ξένον
3270 1957 3305 2024 ἢ
3349 1957 3464 2016 τοῖς
3497 1953 3597 2022 τῆς
3630 1953 3840 2005 οίιιονο-

568 2058 668 2110 pro
698 2045 878 2110 nobis,
919 2056 973 2099 et
1018 2063 1115 2102 nos
1159 2063 1255 2117 per
1282 2050 1521 2118 seipsum
1554 2059 1607 2102 et
1644 2048 1697 2102 in
1739 2048 1919 2116 seipso
1952 2047 2062 2101 Deo
2092 2055 2149 2101 et

2252 2059 2379 2130 μίας
2404 2059 2583 2126 λόγοις
2612 2057 2978 2126 ἀνάρμοστον,
3002 2055 3051 2105 εἰ
3073 2049 3487 2122 κεχρημάτικεν
3517 2042 3838 2114 ἀρχιερεὺς,

567 2134 716 2189 Patri
747 2136 1040 2192 obtulerit?
1073 2157 1090 2189 ι
1119 2138 1323 2194 Christi
1363 2140 1505 2194 enim
1532 2139 1705 2194 bonus
1728 2141 1863 2192 odor
1889 2153 2095 2200 sumus,
2123 2156 2142 2189 ι

2251 2150 2323 2213 ὡς
2373 2152 2452 2213 είς
2485 2150 2664 2219 ὀσμὴν
2706 2146 2933 2209 εὐωδίας
2979 2143 3176 2198 ἑαυτόν
3223 2157 3283 2194 τε
3328 2139 3473 2209 ὑπὲρ
3515 2135 3691 2206 ἡμῶν,
3743 2132 3842 2186 καὶ

570 2236 631 2280 ιιι
659 2228 922 2298 scriptum
957 2240 1041 2284 est
1084 2230 1150 2283 ⁸⁸.
1189 2229 1294 2284 Sed
1327 2232 1442 2285 haec
1472 2231 1699 2284 minime
1738 2229 1996 2283 decenter
2028 2242 2150 2282 esse

577 2316 721 2374 facta
761 2334 953 2376 rursus
980 2305 1230 2392 egregius
1261 2321 1349 2374 hic
1378 2320 1461 2374 vir
1487 2320 1742 2384 atlirmat,
1774 2335 1838 2374 ac
1867 2334 2150 2389 propemo-

492 2406 497 2410 ’
571 2409 699 2464 ι1υιιι
740 2410 953 2466 deridet
986 2426 1082 2468 eos
1111 2413 1201 2480 qui
1247 2413 1361 2466 haac
1392 2412 1467 2465 ita
1514 2426 1573 2466 se
1608 2411 1810 2465 habere
1841 2418 2051 2475 putant,
2085 2424 2149 2463 ac

570 2502 754 2558 divina
789 2503 1017 2559 consilia
1043 2503 1206 2576 impie
1232 2502 1659 2574 reprehendens,
1686 2502 1740 2557 in
1771 2501 1914 2557 hunc
1934 2500 2149 2556 modum

573 2592 692 2652 fere
719 2596 853 2653 dicit
883 2615 898 2654 :

646 2854 759 2928 δή,
787 2855 1048 2920 [Νεετοιι.
1091 2858 1226 2914 Cum
1246 2860 1390 2914 enim
1420 2860 1649 2914 audiunt
1673 2873 1865 2913 nomen
1896 2857 2149 2926 apostoli,

576 2945 748 3015 ipsum
787 2945 955 3001 Deum
978 2946 1216 3003 Verbum
1249 2950 1555 3020 intelligunt
1594 2947 1920 3018 apostolum.
1962 2946 2150 3002 Ponti-

576 3034 692 3090 ﬁcis
714 3037 1131 3106 appellationem
1165 3056 1289 3096 cum
1326 3041 1531 3110 legunt,
1562 3042 1905 3100 divinitatem
1937 3044 2151 3114 pontillo

2250 2242 2395 2311 ἡμᾶς
2423 2240 2700 2303 ἀνατιθεὶς
2753 2238 2821 2292 δι’
2854 2237 3048 2291 ἑαυτοῦ
3087 2251 3145 2287 τε
3195 2234 3286 2286 καὶ
3321 2234 3378 2285 ὲν
3408 2228 3586 2298 ἑαυτῷ
3614 2227 3692 2298 τῷ
3719 2226 3842 2295 Θεῷ

2249 2331 2343 2383 καὶ
2373 2329 2583 2399 Πατρί;
2621 2347 2640 2379 ι
2669 2325 2904 2396 Χριστοῦ
2928 2327 3038 2396 γάρ
3060 2326 3231 2392 ἐσμεν
3258 2320 3454 2375 εὐωδία
3480 2318 3618 2385 (18),
3645 2335 3665 2368 ι
3700 2315 3842 2369 κατὰ

2248 2423 2311 2475 τὸ
2363 2421 2774 2494 γεγραμμένον.
2842 2419 2981 2472 Ἀλλ’
3026 2419 3225 2486 ἥκιστα
3280 2414 3377 2482 μὲν
3416 2414 3474 2464 ὲν
3521 2408 3713 2479 κόσμῳ
3760 2407 3844 2476 τῷ

2249 2512 2421 2567 δέοντι
2444 2510 2763 2581 πεπρᾶχθαι
2785 2509 2967 2569 ταυτὶ,
2998 2496 3390 2577 διῖσχυρίζεται
3417 2501 3576 2556 πάλιν
3604 2503 3633 2552 6
3652 2498 3845 2568 γεννά-

2250 2604 2347 2666 δας
2392 2603 2607 2657 οὑτοσί’
2653 2603 2812 2672 μόνον
2865 2599 2922 2653 δὲ
2979 2598 3102 2669 οὐχὶ
3158 2592 3490 2663 καταμειδιᾷ
3540 2589 3649 2643 τῶν
3697 2587 3845 2641 οὕτω

2250 2695 2404 2750 ταῦτ’
2432 2695 2577 2764 ἔχειν
2604 2692 3006 2762 ὑπειληφότων,
3056 2688 3153 2743 καὶ
3189 2690 3304 2751 τοῖς
3334 2685 3501 2748 θείοις
3529 2682 3845 2753 σκέμμασιν

2252 2784 2481 2848 ἀνοσίως
2513 2782 2805 2854 ἐπιτιμῶν,
2838 2781 2983 2835 οὕτω
3009 2779 3112 2833 πού
3139 2794 3305 2849 φησιν
3327 2794 3339 2810 ⁸

2326 2874 2345 2947 [
2376 2873 2698 2929 ’Δποστόλου
2733 2873 2841 2944 γὰρ
2868 2870 3159 2932 ἀκούοντες
3188 2868 3383 2938 ὄνομα,
3411 2865 3502 2918 τὸν
3522 2863 3658 2916 Θεὸν
3671 2861 3847 2929 Λόγον

2252 2966 2465 3020 νοοῦσιν
2497 2966 2818 3020 ἀπόστολον.
2863 2962 3190 3034 Ἀρχιερέως
3222 2957 3689 3026 ἀναγινώσκοντες
3713 2955 3848 3022 adﬁ-

2257 3075 2363 3122 σιν,
2403 3057 2636 3126 θεότητα
2673 3056 2763 3111 τὸν
2808 3056 3074 3127 ἀρχιερέα
3110 3052 3498 3122 φαντάζονται,
3537 3046 3846 3118 παραδόξου

574 3139 694 3181 eetn
721 3127 824 3181 sibi
855 3127 1086 3198 ﬁngunt,
1128 3144 1264 3185 nova
1301 3131 1589 3187 dementias
1617 3135 1819 3203 specie.
1846 3135 1979 3204 Quis
2006 3137 2149 3191 enim

576 3216 803 3245 ιι-υιιιιιιῖ
851 3234 1044 3245 ..ιιι-...ρ
1092 3234 1213 3245 ...ιη-
1265 3220 1505 3245 ,ΙζΛζιηι-2ι
1589 3237 1691 3245 ----
1739 3223 1879 3245 2112--
1926 3226 2148 3245 2_j!_-_2

2256 3149 2683 3222 φρενοϐλαϐείας
2718 3149 2849 3219 ἰδέᾳ.
2896 3147 2993 3212 Τίς
3032 3148 3140 3219 γὰρ
3177 3142 3518 3214 λειτουργίαν
3542 3138 3847 3194 ἀποστόλου

572 3216 805 3284 apostoli
850 3234 1047 3273 munus
1090 3234 1214 3273 cum
1262 3220 1548 3287 didicerit,
1589 3237 1694 3276 non
1739 3223 1884 3278 illico
1926 3226 2150 3280 indicari

574 3306 849 3361 hominem
907 3308 1214 3379 intelligat?
1259 3309 1392 3377 Quis
1426 3312 1697 3380 pontiﬁcis
1743 3314 2153 3385 appellationem

576 3398 837 3461 audiens,
903 3398 1211 3454 divinitatis
1263 3402 1562 3456 essentiam
1620 3404 1793 3474 ipsum
1845 3404 2152 3475 pontiﬁcem

575 3488 889 3543 existimet?
925 3487 1060 3543 Nam
1092 3489 1137 3544 si
1172 3492 1412 3560 pontifex
1439 3502 1520 3548 est
1549 3494 1662 3565 ipsa
1698 3492 1986 3560 Divinitas,
2007 3497 2157 3565 quis-

578 3595 703 3634 nam
749 3581 836 3635 ille
884 3590 968 3636 est
1017 3584 1106 3650 qui
1156 3583 1503 3652 pontiﬁcatus
1553 3601 1775 3641 munere
1826 3586 2063 3641 colitur?
2109 3587 2157 3643 si

578 3668 721 3726 Deus
755 3680 836 3727 est
875 3675 967 3743 qui
1014 3672 1197 3740 oﬂ‘ert,
1233 3676 1411 3731 nullus
1455 3684 1537 3730 est
1590 3677 1678 3731 cui
1728 3676 1955 3732 oﬁ‘ertur
1983 3696 1997 3733 :
2028 3679 2158 3748 quid

579 3761 726 3816 enim
764 3762 1057 3819 Divinitate
1089 3767 1312 3833 dignum
1360 3767 1453 3833 sit,
1493 3776 1553 3821 ut
1592 3765 1679 3820 illa
1714 3777 1971 3837 tanquam
2015 3769 2156 3827 infe—

578 3854 693 3910 rior
728 3855 916 3925 majori
964 3854 1198 3921 oll‘erat?
1252 3857 1353 3913 His
1402 3859 1647 3928 adjungt’t
1676 3873 1696 3912 :
1727 3857 2011 3915 Undenam
2058 3863 2157 3932 ipsi

578 3948 1029 4015 putaruntDeum
1068 3965 1211 4006 nunc
1236 3960 1489 4006 vocatum
1525 3966 1646 4007 esse
1679 3953 2009 4023 pontiﬁcem,
2034 3969 2157 4010 cum

580 4037 671 4093 ille
700 4038 876 4093 hostia
902 4041 977 4095 ad
1003 4044 1398 4112 promotionem
1428 4059 1606 4110 suam,
1639 4053 1694 4101 ut
1719 4044 2024 4116 pontiﬁces,
2051 4061 2157 4101 non

580 4129 855 4199 indigeat?
884 4130 1109 4188 Deitatis
1149 4148 1431 4203 possessor
1477 4150 1541 4190 ex
1587 4136 1905 4194 hominibus
1945 4154 2158 4194 assumo

580 4230 706 4292 ptus
737 4238 835 4293 pro
862 4224 1170 4282 hominibus
1189 4228 1539 4284 constituitur
1578 4229 1631 4283 in
1657 4230 1743 4283 his
1776 4245 1898 4299 quas
1934 4240 2064 4284 sunt
2094 4230 2161 4285 ad

581 4313 776 4373 Deum.
782 4317 804 4389 j

1247 4450 1400 4507 CAP.
1441 4451 1484 4507 l.

2259 3243 2468 3315 μαθὼν,
2500 3245 2602 3298 οὐκ
2633 3242 2797 3305 εὐθὺς
2822 3242 3109 3313 ἄνθρωπον
3146 3238 3488 3311 μηνυόμενον
3523 3235 3703 3303 ῑγνως
3749 3231 3850 3295 Τίς

2257 3335 2561 3408 ἀρχιερέως
2599 3334 2897 3404 ὀνομασίαν
2935 3333 3172 3397 ἀκούων,
3213 3330 3471 3399 θεότητος
3496 3325 3707 3379 -οὐσίαν
3754 3324 3851 3377 τὸν

2257 3428 2521 3500 ἀρχιερέα
2547 3428 2852 3498 νομίσειιν;
2888 3425 2951 3478 Et
2978 3426 3088 3496 γὰρ
3116 3423 3408 3495 ἀρχιερεὺς
3444 3422 3477 3492 ἡ
3516 3419 3729 3488 θεότης,
3763 3416 3851 3479 τίς

2258 3521 2287 3574 6
2314 3512 2466 3592 παρά
2504 3522 2571 3591 τῇ
2602 3521 2700 3589 τῆς
2746 3518 3159 3590 ἀρχιερωσύνης
3188 3513 3506 3595 λειτουργία
3548 3511 3852 3581 θεραπευό-

2263 3629 2422 3683 μενος
2446 3628 2461 3676 ;
2502 3612 2549 3665 εί
2580 3611 2713 3674 Θεὸς
2735 3612 2765 3664 6
2788 3609 3139 3681 προσφέρων,
3166 3606 3342 3670 οὐδεὶς
3362 3599 3407 3673 ᾧ
3436 3601 3809 3673 προσφέρεται
3834 3613 3851 3628 ·

2260 3705 2312 3760 τί
2344 3705 2454 3775 γὰρ
2480 3703 2734 3774 θεότητος
2760 3703 2933 3769 ἀξιον,
2977 3702 3044 3756 ἶν’
3075 3702 3151 3765 ὼς
3182 3700 3421 3755 ὲλάττων
3447 3693 3734 3767 προσφέρῃ
3770 3690 3853 3759 τῷ

2264 3793 2503 3866 μείζονις
2548 3791 2922 3862 Προσεπάγει
2952 3791 3021 3845 δὲ
3052 3793 3286 3857 τούτοις
3308 3807 3322 3820 ’
3352 3786 3522 3841 Πόθεν
3547 3779 3641 3838 οὖν
3662 3781 3852 3842 αὐτοῖς

2260 3889 2290 3941 6
2312 3885 2446 3950 Θεὸς
2479 3884 2783 3954 κεκλῆσθαι
2815 3882 2911 3936 νῦν
2933 3884 3226 3953 ἀρχιερεὺς
3264 3878 3550 3950 ἐνομίσθη,
3597 3877 3627 3929 6
3658 3872 3853 3934 θυσίας

2262 3980 2342 4045 είς
2365 3977 2651 4050 προκοπὴν
2682 3975 2820 4030 ἰδίαν
2848 3973 2992 4029 κατά
3021 3974 3146 4036 τοὺς
3171 3970 3463 4041 ἀρχιερέας
3488 3967 3563 4037 μὴ
3591 3962 3812 4036 χρῄζων
3835 3978 3852 4024 ς

2186 4102 2197 4111 -
2260 4072 2289 4124 6
2346 4069 2613 4141 Θεότητος
2658 4066 2881 4138 κτήτωρ
2932 4063 2992 4131 ἐξ
3039 4059 3344 4133 ἀνθρώπων
3389 4058 3652 4130 ληφθεὶς,
3706 4053 3857 4124 ὑπὲρ

2262 4157 2568 4233 ἀνθρώπιον
2593 4156 2920 4213 καθίσταται
2949 4154 3018 4208 τά
3056 4151 3194 4224 πρὸς
3224 4151 3314 4205 τὸν
3341 4146 3532 4220 Θεόν.]

2924 4456 3077 4513 ΚΕΦ.
3118 4458 3196 4512 A'.

2193 4531 2242 4590 D

650 4587 818 4659 Igitur
849 4604 916 4642 ne
954 4589 1179 4643 missum
1218 4589 1435 4657 quidem
1468 4603 1589 4642 esse
1634 4589 1684 4640 in
1725 4588 1865 4641 hunc
1900 4588 2154 4641 mundum

2341 4593 2552 4648 Οὐκοῦν
2580 4593 2705 4647 οὐδὲ
2740 4592 3077 4647 ἀπεστάλθαι
3106 4590 3214 4661 φὴς
3242 4589 3321 4650 είς
3348 4585 3496 4640 τόνδε
3528 4584 3619 4638 τὸν
3651 4582 3863 4653 κόσμον

582 4682 757 4751 ipsum
812 4682 904 4737 Dei
952 4681 1186 4735 Verbum
1229 4680 1467 4736 asseris?
1514 4682 1725 4748 decepit
1771 4695 1920 4749 ergo,
1980 4690 2031 4732 ut
2078 4688 2154 4732 est

2268 4691 2358 4742 τὸν
2390 4687 2483 4740 τοῦ
2518 4685 2655 4739 Θεοῦ
2681 4686 2889 4753 Λόγονς
2919 4684 3286 4752 πεφενάκικεν
3313 4668 3431 4732 οὖν
3451 4680 3582 4749 ἄρα,
3626 4675 3768 4730 κατά
3793 4674 3864 4728 τὸ

581 4788 941 4843 consequens,
976 4775 1223 4829 homines
1254 4789 1354 4829 suo
1383 4773 1688 4826 ministerio
1724 4783 1946 4826 vocatos
1974 4771 2154 4825 beatus

2271 4780 2439 4842 εἰκὸς,
2471 4780 2597 4841 τοὺς
2624 4778 2690 4831 δι’
2715 4775 2880 4830 αὐτοῦ
2906 4775 3281 4844 κεκλημένους
3309 4774 3337 4825 6
3364 4769 3676 4838 σοφώτατος
3708 4765 3865 4820 Παῦ-

583 4862 811 4929 Paulus;
841 4865 915 4918 ait
942 4865 1086 4921 enim
1114 4882 1127 4918 :
1163 4883 1181 4914 ι
1213 4864 1358 4918 Misit
1381 4865 1523 4918 Deus
1553 4862 1749 4916 Filium
1778 4880 1932 4918 suum
1961 4864 2154 4918 factum

2273 4871 2384 4934 λος*
2421 4870 2526 4939 ἔφη
2561 4869 2669 4938 γὰρ
2695 4909 2706 4931 ,
2740 4870 2822 4922 ὅτι
2873 4887 2892 4919 ι
2930 4863 3345 4931 Ἐξαπέστειλεν
3376 4864 3405 4915 6
3442 4862 3574 4924 Θεὸς
3603 4861 3694 4914 τὸν
3724 4858 3863 4913 Υίὸν

581 4971 646 5009 cx
682 4958 925 5020 muliere,
957 4954 1156 5010 factum
1191 4956 1293 5010 sub
1320 4956 1434 5026 lege
1456 4953 1540 5005 ”:
1576 4974 1596 5007 ι
1628 4956 1974 5010 convincitur
1994 4957 2154 5008 etiam

2269 4960 2435 5015 αὑτοῦ
2458 4960 2749 5030 γενόμενον
2774 4960 2837 5011 ὲκ
2858 4956 3138 5026 γυναικὸς,
3171 4946 3462 5023 γενόμενον
3493 4951 3597 5006 ὑπὸ
3629 4951 3818 5018 νόμον
3836 4968 3858 5001 ι

585 5059 676 5105 tuo
693 5050 896 5121 judicio
915 5053 1101 5105 beatus
1123 5050 1295 5103 David
1320 5059 1524 5104 temere
1546 5064 1764 5103 carmen
1790 5050 2154 5111 contexuisse,

2270 5055 2425 5125 ἁλοίη
2463 5053 2508 5106 δ’
2540 5053 2605 5106 ἂν
2653 5051 2796 5105 κατά
2837 5068 2896 5104 σε
2932 5050 3026 5103 καὶ
3054 5051 3083 5102 6
3115 5048 3383 5118 μακάριος
3413 5043 3577 5097 Δασὶδ
3604 5040 3871 5115 ἐρραψῳ-
3902 5107 3913 5115 ,

583 5151 638 5195 et
662 5142 1033 5197 inscrutahilia
1064 5157 1339 5210 quzerere;
1370 5142 1506 5196 dixit
1537 5141 1681 5196 enim
1710 5140 1924 5197 Patrem
1950 5144 2042 5211 qui
2078 5154 2154 5198 est

2270 5143 2451 5215 δηκὼς
2476 5144 2622 5214 εικῆ,
2658 5143 2753 5197 καὶ
2783 5142 2852 5195 τά
2890 5140 3160 5208 ἀνέφικτα
3209 5136 3420 5207 ζητῶν
3476 5135 3583 5204 ἔφη
3615 5133 3721 5203 γάρ
3751 5149 3868 5186 που

586 5232 640 5288 in
679 5234 832 5289 costis
860 5245 915 5289 et
953 5233 1120 5288 Deum
1156 5232 1479 5303 alloquens:
1514 5252 1534 5285 ι
1567 5234 1765 5288 Emitte
1809 5233 1981 5289 lucem
2014 5248 2154 5289 tuam

2274 5236 2409 5308 πρὸς
2458 5236 2551 5289 τὸν
2591 5238 2649 5289 ἐν
2696 5234 2946 5305 οὐρανοῖς
2978 5231 3199 5303 Πατέρα
3230 5228 3326 5283 καὶ
3345 5227 3479 5281 Θεάν
3501 5244 3516 5259 ’
3580 5244 3600 5278 ι
3625 5222 3869 5290 Ἐξαπόο

658 5412 704 5445 ⁸⁵
739 5413 900 5468 Hebr.
936 5429 1016 5482 ut,
1042 5413 1166 5481 l,2.
1244 5414 1291 5446 ⁸⁸
1321 5412 1478 5469 Deut.
1504 5431 1675 5481 xxxn,
1706 5415 1756 5469 1.
1835 5416 1878 5447 ³⁵⁷
1916 5415 2057 5471 Psal.
2087 5431 2149 5470 xc

2254 5416 2307 5471 8.
2384 5416 2428 5447 ⁸⁸
2465 5415 2507 5468 ll
2536 5415 2661 5468 Cor.
2694 5430 2750 5477 tt,
2782 5413 2862 5467 l5.
2942 5411 2986 5442 ³³
3015 5408 3191 5466 Galat.
3223 5423 3296 5474 tv,
3320 5406 3374 5460 4.

1857 5564 2018 5620 ΑΝΤ.
2064 5564 2339 5623 AGELLII
2381 5563 2612 5621 ΝΟΤᾹΣ.

664 5729 777 5800 (18)
807 5728 1206 5801 Αάᾼνςιιαῃιιιιιη
1250 5730 1520 5801 quomodo
1570 5728 1656 5782 hic
1701 5737 1890 5801 auctor
1939 5727 2170 5801 accipiat
2279 5724 2530 5801 εὐωδίαν,
2567 5723 2815 5794 intelligit
2863 5722 3192 5779 sacriﬁcium
3227 5720 3280 5775 in
3307 5721 3530 5775 odorem
3572 5714 3861 5774 suavitatis

594 5795 733 5857 hunc
757 5799 896 5855 beati
926 5796 1076 5853 Pauli
1102 5795 1311 5867 locum;
1344 5815 1466 5853 nam
1496 5801 1693 5852 bonum
1720 5797 1967 5862 odorem,
1996 5796 2047 5850 id
2076 5804 2160 5849 est
2266 5795 2526 5849 oblatum.
2808 5810 2817 5817 ·
