4150 6432
311 368 413 427 H7

1422 378 1799 437 ADVERSUS
1838 380 2245 440 NESTURIUM
2287 384 2416 441 LIB.
2458 384 2545 443 Ill.

3481 392 3580 446 ΗΒ

254 574 259 581 1
310 488 523 544 στιιλον
556 491 620 543 τὸ
663 493 778 561 ςοῶς
821 510 945 560 σου,
979 498 1071 549 καὶ
1101 497 1200 568 τὴν
1232 499 1488 571 ἀλήθειάν
1540 518 1652 555 σου.
1683 520 1701 552 ›
1735 504 1798 555 Τί
1827 503 1906 566 δὲ,

2014 516 2064 559 et
2100 506 2379 560 veritatem
2409 514 2551 560 tuam
2573 505 2640 558 ’°.
2669 525 2687 558 ι
2714 504 2849 571 Quid
2873 505 3093 560 autem?
3117 506 3200 562 dic
3230 505 3593 575 mihi,nonne

308 582 432 635 εἰπέ
464 599 584 652 μοι,
616 584 741 653 οὐχὶ
779 586 879 639 καὶ
922 588 1087 651 αὐτὸς
1116 592 1145 642 6
1191 590 1315 654 Υίδς
1350 591 1713 665 ψευδοεπήσει
1766 595 1906 665 τάχα

305 691 407 726 που
440 673 625 742 λέγων
648 691 667 707 ·
722 693 742 726 ι
774 678 853 728 Οὐ
880 677 1009 749 γὰρ
1053 680 1370 735 ἀπέστειλεν
1417 686 1445 737 6
1492 685 1624 749 Θεὸς
1658 686 1749 739 τὸν
1780 687 1907 741 Υἱὸν

309 765 384 827 εἰς
414 762 512 817 τὸν
542 764 757 835 κόσμον
789 766 879 819 ἵνα
902 768 1061 839 κρίνῃ
1095 769 1185 822 τὸν
1212 771 1438 842 κόσμον.
1474 774 1591 827 ἀλλ’
1640 775 1726 828 ἵνα
1755 776 1902 849 σωθῇ

311 855 339 906 6
359 853 570 921 κόσμος
596 854 669 907 δι’
693 855 927 920 αὐτοῦῃ
964 859 1074 911 Καὶ
1099 858 1287 912 πάλιν·
1339 880 1359 912 ι
1403 862 1545 930 Ἐγὼ
1569 865 1634 916 ὲκ
1666 865 1758 918 τοῦ
1795 867 1907 919 [Ia-

312 945 434 1015 τρὺς
463 944 721 1015 ἐξῆλθον,
750 949 847 1000 καὶ
872 948 995 1017 ἥκω
1016 966 1028 1013 ;
1051 968 1072 998 ›
1103 950 1310 1022 Γράφει
1337 952 1395 1005 δέ
1434 969 1538 1006 που
1569 955 1662 1007 καὶ
1691 958 1721 1009 6
1746 958 1908 1025 σοφὸς

325 1035 577 1107 Ἰωάννης
605 1039 738 1108 περὶ
765 1039 935 1091 αὐτοῦ
958 1057 971 1068 ·
998 1060 1016 1091 ι
1040 1040 1098 1093 '0
1129 1040 1421 1110 λαμϐάνων
1451 1045 1616 1098 αὐτοῦ
1645 1045 1745 1116 τὴν
1770 1064 1908 1116 μαρ-

310 1126 505 1197 τυρίαν
538 1130 885 1199 ἐσφράγισεν
912 1131 995 1184 ὅτι
1034 1133 1062 1184 6
1089 1130 1222 1195 Θεὸς
1249 1133 1456 1206 ἀληθής
1483 1136 1632 1191 ἐστιν
1658 1152 1670 1166 ·
1708 1137 1768 1190 δν
1800 1141 1907 1210 γὰρ

307 1220 638 1274 ἀπέστειλεν
687 1223 717 1274 6
770 1223 924 1289 Θεὸς,
974 1223 1041 1277 τὰ
1090 1226 1311 1296 ῥήματα
1360 1227 1456 1280 τοῦ
1497 1228 1633 1281 Θεοῦ
1678 1230 1851 1283 λαλεῖ.
1884 1250 1901 1281 i

318 1310 693 1365 Ἀπεστὰλθαι
742 1312 800 1365 δέ
840 1331 1023 1382 φαμεν
1064 1314 1155 1367 τὸν
1181 1316 1275 1369 τοῦ
1302 1316 1436 1371 Θεοῦ
1462 1320 1662 1388 Λόγον,
1712 1321 1774 1374 τὸ
1806 1322 1908 1391 τῆς

299 1400 625 1471 ἀποστολῆς
654 1401 832 1472 δνομά
865 1420 933 1484 τε,
954 1405 1049 1457 καὶ
1080 1406 1266 1476 χρῆμα
1300 1408 1437 1476 μετὰ
1467 1409 1576 1462 τῶν
1605 1411 1703 1481 τῆς
1736 1412 1906 1465 κενὼ-

302 1507 445 1554 σεως
470 1490 675 1561 ἔχοντα
706 1494 952 1564 μέτρων
1004 1496 1070 1549 σὺ
1108 1497 1166 1549 δὲ
1199 1499 1263 1569 δὴ
1295 1499 1472 1565 δέδιας
1517 1501 1766 1572 ἀμαθῶς,
1813 1506 1908 1559 καὶ

299 1582 457 1653 αὐτῷ
479 1584 825 1653 προσνέμειν
845 1584 1103 1657 ἐρυθριᾷς
1123 1588 1237 1641 ἀνθ’
1255 1589 1379 1643 ὅτου
1403 1592 1462 1643 τό
1484 1609 1540 1644 τε
1559 1593 1659 1662 τῆς
1680 1595 1908 1648 ἀποστο-

301 1672 423 1742 λῆς,
463 1674 567 1725 καὶ
596 1670 669 1726 τδ
692 1674 797 1745 τῆς
819 1676 1232 1749 ἀρχιερωσύνης
1260 1680 1432 1751 ὄνομά
1460 1698 1519 1735 τε
1556 1684 1649 1737 καὶ
1685 1684 1791 1756 χρῆ
1801 1703 1904 1755 μα;

302 1758 451 1834 'Apa
488 1766 605 1835 γὰρ
655 1766 955 1835 ἁρμόσειεν
985 1766 1096 1840 [τον.
1135 1770 1428 1842 ἁρμόσειν]
1473 1772 1798 1845 ὑπείληφας,
1833 1776 1907 1833 ὡς

2008 597 2171 651 ctiam
2233 599 2346 667 ipse
2400 595 2568 652 Filius
2626 596 2919 650 mentietur
2984 596 3172 666 plane,
3220 602 3349 652 cum
3406 599 3579 654 dicit:

2015 706 2033 737 ι
2067 684 2183 741 Non
2216 689 2357 741 enim
2408 687 2551 741 misit
2582 686 2720 740 Deus
2766 685 2958 739 Filium
3010 700 3168 740 suum
3220 686 3271 741 in
3321 690 3581 744 mundum

2012 770 2081 831 ut'
2112 777 2317 843 judicet
2369 779 2653 842 mundum,
2696 776 2790 831 sed
2829 787 2886 830 ut
2929 775 3172 831 salvetur
3213 778 3452 834 mundus
3485 794 3583 851 per

2010 868 2182 934 ipsum
2211 868 2295 933 “;
2333 888 2350 919 ι
2384 877 2435 922 et
2469 869 2661 921 iterum
2696 885 2711 922 :
2750 886 2768 918 ι
2804 866 2915 935 Ego
2950 881 3013 920 ex
3044 865 3207 922 Patre
3249 870 3382 932 exii.
3412 881 3465 927 et
3491 888 3585 928 ve-

2012 959 2098 1013 nio
2119 960 2230 1011 θ’.»
2292 959 2490 1013 Scribit
2536 959 2700 1012 etiam
2755 959 2952 1015 alicubi
3006 961 3196 1016 beatus
3239 960 3477 1017 Joannes
3517 961 3585 1017 de

2012 1049 2126 1116 ipso
2176 1067 2188 1102 :
2242 1049 2395 1116 ani
2453 1051 2647 1119 accipit
2697 1051 3065 1106 testimonium
3133 1053 3294 1122 ejus,
3354 1054 3585 1123 signavit

2010 1141 2133 1210 quia
2168 1140 2308 1195 Dcns
2344 1156 2499 1195 verus
2527 1151 2644 1206 est;
2671 1140 2847 1211 quem’
2874 1144 3016 1197 enim
3050 1144 3197 1198 misit
3222 1145 3381 1208 Deus,
3421 1144 3581 1198 verba

2014 1232 2121 1285 Dei,
2154 1231 2395 1300 loquitur
2421 1231 2491 1285 ”.
2530 1252 2548 1284 ι
2584 1230 2804 1287 Missum
2841 1250 3001 1303 porro
3051 1235 3283 1288 dicimus
3327 1234 3417 1289 Dei
3455 1234 3586 1290 Ver—

2012 1321 2159 1385 bum,
2209 1323 2349 1389 quod
2398 1323 2732 1390 apostolatus
2780 1336 2975 1377 nomen
3018 1334 3071 1377 et
3106 1340 3216 1378 rem
3266 1325 3426 1380 simul
3459 1338 3581 1380 cum

2009 1411 2392 1465 exinanitionis
2420 1412 2690 1468 mensuris
2722 1411 2967 1469 haberet.
2998 1413 3077 1466 'l‘u
3109 1427 3236 1468 vero
3266 1413 3430 1469 stulte
3468 1413 3583 1469 for-

2012 1501 2206 1566 midas,
2240 1513 2293 1556 et
2325 1502 2398 1556 illi
2436 1504 2672 1557 tribuere
2704 1513 2758 1558 et
2790 1520 2983 1558 nomen
3015 1515 3068 1559 et
3100 1520 3209 1558 rem
3252 1504 3585 1574 apostolatus

2013 1607 2075 1646 ac
2118 1576 2409 1647 sacerdotii
2456 1594 2639 1648 nescio
2669 1608 2772 1662 qua
2816 1594 2883 1649 de
2916 1609 3075 1648 causa
3107 1594 3403 1649 erubescis.
3440 1594 3584 1649 Num

2010 1679 2153 1733 enim
2186 1680 2359 1750 ipsum
2400 1682 2693 1737 convenire
2725 1693 2885 1751 putas
2921 1683 3118 1771 homipi
3153 1684 3225 1737 illi
3261 1700 3327 1740 ex
3357 1683 3587 1739 muliere

2015 1779 2270 1837 tanquam
2311 1771 2377 1823 ab
2418 1770 2508 1823 illo
2534 1772 2771 1837 diverso,
2810 1770 3134 1841 simplicem,
3163 1783 3220 1827 ut
3256 1774 3370 1842 ipse
3403 1783 3584 1843 putas,

307 1853 485 1926 ἑτέρῳ
500 1855 641 1925 παρ’
677 1857 847 1910 αὑτὸν
876 1858 1151 1931 ἀνθρώπῳ
1189 1861 1267 1932 τῷ
1292 1864 1376 1917 ’ὲκ
1415 1866 1694 1933 γυναικὸς,
1742 1867 1905 1938 ψιλὴν

2014 1860 2444 1928 conjunctionem
2494 1862 2737 1927 habenti,
2787 1874 2841 1916 et
2879 1864 3047 1918 solius
3080 1863 3360 1934 dignitatis
3397 1877 3582 1933 aequa-
3646 1874 3647 1877 ‘

306 1944 484 2015 ἔχοντι
517 1947 624 2018 τὴν
653 1948 982 2018 συνάφειαν,
1028 1952 1168 2005 κατά
1222 1952 1301 2019 σὲ,
1349 1954 1445 2007 καὶ
1482 1954 1558 2019 ὡς
1595 1957 1653 2010 ὲν
1698 1958 1902 2030 ἰσότητι

310 2038 481 2107 μόνης
508 2038 615 2108 τῆς
652 2038 848 2106 ἀξίας
884 2040 1010 2105 Πῶς
1050 2038 1143 2095 οὖν
1171 2044 1251 2096 ἔτι
1284 2041 1354 2097 τὰ
1382 2045 1503 2098 καθ’
1536 2047 1683 2116 ἡμᾶς
1706 2048 1904 2119 ὀνήσας

308 2130 504 2199 δρᾶται
543 2130 681 2194 Θεὸς
723 2130 804 2184 ὢν
856 2134 885 2185 6
927 2133 1121 2201 Λόγος,
1165 2136 1214 2186 εί
1247 2136 1341 2188 καὶ
1383 2139 1904 2209 προσκεκομίσμεοα

316 2219 387 2272 δι’
418 2221 606 2292 ἑτέρου
626 2219 709 2294 τῷ
737 2223 862 2294 Θεῷ
896 2225 992 2277 καὶ
1027 2222 1232 2298 Πατρί;
1283 2228 1482 2281 Οὐκέτι
1510 2229 1617 2299 γὰρ
1648 2231 1714 2284 δι’
1740 2231 1903 2285 αὐτοῦ

319 2310 423 2382 τὴν
465 2315 832 2384 προσαγωγὴν
879 2317 1230 2388 ἐσχήκαμενο
1290 2319 1428 2374 ἀλλὰ
1476 2322 1701 2391 γέγονεν
1747 2325 1907 2395 ἡμῶν

316 2402 549 2473 μεσίτης
571 2404 867 2475 ἅνθρωπος
891 2406 1015 2460 καθ’
1050 2409 1217 2478 ἡμᾶς,
1246 2409 1306 2464 τὸ
1335 2414 1434 2482 τῆς
1462 2413 1711 2484 θεότητος
1735 2415 1906 2485 ὄνομα

309 2494 699 2551 κατάπλαστον
752 2496 917 2568 ἔχων.
983 2498 1149 2554 Ἀλλὰ
1190 2502 1299 2566 ναὶ,
1351 2505 1507 2575 φησὶ,
1564 2506 1795 2577 σμικρὸν
1838 2506 1907 2560 ἄν

288 2591 391 2660 εἴη
418 2591 501 2661 τῷ
532 2594 599 2645 ἐκ
624 2592 768 2646 Θεοῦ
798 2594 1017 2665 Πατρός
1061 2595 1222 2663 φύντι
1266 2598 1427 2668 Λόγῳ
1475 2598 1539 2650 τὸ
1580 2599 1904 2670 ἱερουργεῖν.

299 2682 555 2754 Σμικρὸν
585 2685 1062 2756 ὁμολογουμένως.
1096 2688 1348 2759 Συνεργῶ
1377 2688 1500 2760 [ἵσ.
1531 2690 1777 2763 συνερῶ]
1798 2692 1909 2763 γάρ

300 2790 389 2827 σοι
422 2777 802 2846 πρεσὸεύοντι
853 2779 1087 2849 τάληθές
1117 2797 1130 2810 ·
1184 2781 1301 2837 ἀλλ’
1347 2782 1409 2834 ού
1442 2786 1622 2853 γυμνῇ
1676 2786 1740 2855 τῇ
1789 2784 1907 2837 θεό-

301 2880 431 2934 τητι
496 2867 853 2937 κεχρημένος
904 2870 1144 2936 ἐπέφανε
1204 2873 1317 2933 τοῖς
1365 2871 1457 2925 ἐπὶ
1486 2873 1585 2943 τῆς
1631 2873 1776 2944 γῆς·
1813 2891 1907 2943 γε-

306 2956 480 3022 γοτὼς
507 2957 569 3011 δὲ
614 2958 823 3028 μᾶλλον
872 2959 1163 3031 ἄνθρωπος
1207 2961 1327 3017 καθ’
1368 2964 1537 3034 ἡμᾶς,
1578 2957 1622 3031 ᾧ
1668 2966 1811 3035 μέγα
1855 2982 1906 3018 τι

306 3049 500 3118 χρῆμα
553 3051 655 3105 καὶ
712 3048 992 3121 ἐξαίρετον
1036 3054 1353 3125 ίερουργίαο
1400 3058 1449 3109 εί
1489 3056 1549 3109 δὲ
1593 3057 1657 3129 δὴ
1704 3075 1906 3130 παραι-

302 3143 451 3236 τεῖτο
495 3140 634 3214 [τον.
677 3144 1040 3216 παραιτοῖτο]
1074 3146 1136 3199 τὸ
1169 3147 1473 3220 ἱερουργεῖν
1518 3147 1594 3211 ὡς
1634 3148 1908 3222 ἀνθρώπῳ
1938 3180 1982 3236 c

310 3234 552 3303 πρέπον,
592 3236 765 3305 ἤγουν
799 3236 974 3307 ἑτέρῳ
1003 3237 1079 3307 τῷ
1111 3236 1231 3309 [τον.
1267 3239 1443 3310 ἑτέρῳ
1483 3238 1597 3312 τῳ]
1639 3243 1737 3313 τῆς
1787 3241 1909 3295 δουο

309 3323 463 3388 λείας
489 3324 681 3396 ἔχοντι
707 3327 928 3397 μέτρον,
976 3328 1094 3392 πῶς
1137 3330 1237 3383 οὐκ
1277 3331 1500 3402 ἄμεινον
1553 3332 1707 3404 παρὰ
1752 3334 1908 3399 πολὺ,

308 3414 401 3469 καὶ
440 3415 557 3485 πρό
592 3433 658 3484 γε
687 3416 881 3471 τούτου
921 3419 1310 3490 παραιτεῖσθαι
1333 3420 1432 3492 τὴν
1458 3422 1911 3496 ὲνανθρώπησιν;

319 3505 465 3559 Ἀλλ’
510 3509 619 3560 οὐκ
666 3508 980 3580 ἀπόϐλητον
1011 3512 1309 3582 ἐποιήσατο
1356 3513 1422 3568 δι’
1455 3516 1603 3586 ἡμᾶς
1649 3516 1750 3588 τὴν
1792 3518 1914 3585 γέν-

304 3613 487 3666 νησιν,
515 3598 716 3652 οὑτοσὶ
739 3598 817 3663 δὲ,
848 3600 925 3663 ὡς
949 3599 1108 3672 ἔφην,
1130 3602 1449 3673 αἰσχύνεται
1479 3606 1714 3676 τάληθές
1735 3624 1751 3639 ⁸
1783 3607 1911 3662 ἄσο-

305 3687 408 3755 φόν
433 3705 495 3741 τε
525 3688 631 3743 καὶ
659 3691 1077 3763 ἀνεπιστήμονα
1098 3694 1461 3759 καταδεικνὺς
1482 3698 1694 3753 ἑαυτόν.
1722 3699 1913 3753 Καίτοι

302 3778 403 3832 τοῦ
435 3780 725 3852 μακαρίου
746 3782 962 3837 Παύλου
989 3783 1245 3852 λέγοντος
1264 3803 1277 3816 ’
1317 3804 1336 3838 ι
1361 3788 1437 3840 Οὐ
1455 3788 1564 3859 γὰρ
1589 3790 1914 3862 ἐπαισχύνο-

307 3889 412 3942 μαι
466 3872 536 3925 τὸ
595 3873 957 3941 Εὐαγγέλιον,
1012 3876 1247 3947 δύναμις
1300 3878 1412 3951 γὰρ
1460 3879 1595 3934 Θεοῦ
1653 3884 1799 3937 ἐστιν
1832 3887 1913 3949 εἰς

304 3962 597 4034 σωτηρίαν
624 3962 794 4017 παντὶ
824 3964 902 4035 τῷ
929 3966 1257 4021 πιστεύοντι.
1290 3989 1308 4020 ι
1340 3969 1650 4041 Θαυμάσειε
1678 3973 1724 4027 δ’
1745 3974 1810 4028 ἄν
1831 3988 1914 4039 τις

311 4056 401 4107 τὶν
430 4056 530 4111 τοῦ
572 4056 716 4110 Θεοῦ
761 4057 957 4126 Λόγον,
993 4062 1095 4131 τῆς
1137 4061 1397 4116 ἁπάντων
1443 4063 1606 4118 ἕνεκα
1640 4064 1912 4135 σωτηρίας

318 4144 405 4199 καὶ
433 4147 614 4217 ζωῆς,
644 4148 920 4220 τοσαύτην
951 4152 1310 4223 ἀνασχομένῳ
1353 4155 1545 4209 παθεῖν
1578 4156 1678 4225 τὴν
1720 4156 1912 4209 ταπεί-

316 4253 495 4299 νωσιν,
520 4237 597 4308 ἢν
623 4238 730 4292 οὐκ
758 4234 859 4292 οἷδ’
901 4242 1054 4305 ὅπως
1092 4244 1122 4295 6
1172 4242 1282 4297 τῶν
1330 4245 1554 4299 είκαίων
1593 4248 1722 4317 ἡμῖν
1767 4245 1911 4300 διδα-

312 4331 545 4399 γμάτων
578 4329 836 4402 εὑρετὴς.
864 4333 960 4385 καὶ
1012 4332 1174 4403 μόνον
1224 4335 1511 4406 ὁμολογεῖν
1554 4337 1911 4409 αἰσχύνεται·

307 4421 495 4474 καίτοι
518 4420 652 4473 δέον
681 4420 926 4489 ἄγασθαι
958 4422 1059 4493 μὲν
1102 4424 1196 4477 ἐπὶ
1222 4425 1435 4489 τούτοις
1479 4426 1664 4491 αὐτὸν,
1708 4427 1910 4480 ἀνακε-

2013 1952 2260 2006 litatem?
2295 1953 2576 2019 Quomodo
2620 1954 2783 2022 igitur
2806 1954 2918 2023 jam
2962 1956 3134 2026 ipsum
3167 1954 3402 2009 Verbum
3442 1953 3593 2022 quod

2012 2041 2155 2097 Deus
2183 2054 2322 2110 erat,
2351 2053 2575 2098 nostras
2594 2060 2678 2097 res
2700 2045 2904 2114 juvisse
2932 2046 3194 2109 cernitur,
3225 2047 3268 2100 si
3304 2061 3399 2117 per
3421 2045 3584 2099 alium

2012 2148 2225 2203 qunque
2268 2136 2334 2188 ad
2373 2135 2539 2190 Deum
2591 2150 2657 2189 ac
2698 2134 2913 2189 Patrem
2955 2135 3172 2191 adducti
3208 2135 3437 2190 sumus?
3468 2133 3585 2189 Non

2011 2229 2153 2282 enim
2194 2226 2305 2296 jam
2340 2240 2435 2296 per
2477 2227 2653 2296 ipsum
2690 2240 2966 2283 accessum
3006 2228 3316 2290 habuimus,
3360 2227 3451 2281 sed
3487 2226 3588 2279 fuit

2014 2320 2277 2372 mediator
2322 2329 2510 2372 noster
2560 2318 2721 2374 homo
2771 2319 2942 2373 nostri
3002 2317 3231 2385 similis,
3265 2316 3373 2388 65
3404 2315 3587 2371 ﬁctum

2015 2411 2223 2468 habens
2269 2410 2574 2465 divinitatis
2613 2423 2831 2465 nomen.
2883 2410 2954 2463 At
3012 2412 3179 2475 enim,
3221 2410 3421 2479 inquit,
3469 2410 3588 2464 exi-

2013 2518 2176 2572 guum
2221 2518 2353 2559 sane
2397 2514 2475 2558 est
2511 2500 2691 2557 Verbo
2739 2516 2804 2557 ex
2860 2499 2969 2557 Deo
3016 2502 3197 2571 genito
3246 2501 3588 2556 sacriﬁcandi

2015 2611 2230 2650 munus.
2264 2595 2551 2665 Exiguum,
2584 2594 2780 2659 fateor,
2822 2593 2918 2649 tibi
2959 2595 3102 2649 enim
3148 2593 3417 2649 assentior
3448 2593 3590 2648 veri-

2016 2698 2178 2742 talem
2231 2688 2543 2757 praedicanti
2576 2705 2589 2742 :
2621 2687 2717 2742 sed
2758 2687 2903 2742 baud
2943 2687 3082 2740 nuda
3122 2700 3273 2740 usum
3310 2685 3591 2740 divinitate

2015 2780 2099 2835 his
2125 2780 2214 2848 qui
2246 2789 2371 2833 sunt
2406 2779 2458 2832 in
2504 2778 2663 2833 terris
2688 2776 2965 2847 apparuit,
2994 2790 3178 2831 verum
3224 2774 3387 2831 homo
3412 2776 3589 2846 p0tius

2016 2870 2185 2924 nostri
2212 2868 2407 2924 similis
2436 2867 2659 2935 factum,
2683 2869 2769 2922 cui
2797 2881 3048 2938 magnum
3077 2865 3331 2937 quiddam
3364 2875 3445 2920 est
3474 2866 3590 2920 exi-

2017 2961 2293 3029 miumqne
2336 2956 2681 3012 sacriﬁcandi
2720 2954 2990 3022 cilicium;
3047 2955 3191 3024 quod
3247 2954 3293 3009 si
3345 2952 3593 3023 repudiet

2015 3036 2356 3106 Sacrificandi
2392 3050 2588 3104 munus
2640 3057 2700 3102 ut
2734 3047 2964 3111 homini,
3010 3048 3123 3101 sive
3162 3046 3321 3101 alteri
3353 3045 3587 3115 cuipiam

2016 3145 2294 3200 servitutis
2331 3154 2639 3197 mensuram
2677 3141 2893 3196 habenti
2925 3139 3282 3203 conveniens,
3317 3138 3593 3208 quomodo

2017 3250 2122 3292 non
2146 3236 2340 3290 melius
2361 3232 2554 3289 fuisset
2590 3234 2754 3288 etiam
2788 3240 2911 3286 ante
2940 3231 3041 3286 hoc
3070 3242 3286 3296 munus,
3325 3231 3592 3285 humana-

2018 3327 2218 3382 tionem
2249 3322 2578 3394 repudiare?
2606 3320 2714 3377 Sed
2744 3331 2925 3377 nostra
2956 3332 3121 3375 causa
3163 3320 3310 3375 haud
3338 3319 3588 3388 rejicien-

2015 3418 2138 3473 dam
2178 3417 2349 3487 ipsam
2403 3414 2808 3489 generationem
2855 3412 3055 3470 duxit:
3100 3412 3200 3467 iste
3255 3423 3476 3478 tamen,
3529 3417 3589 3463 ut

2016 3509 2150 3574 dixi,
2183 3510 2465 3563 veritatem
2497 3507 2792 3570 erubescit,
2824 3505 2877 3560 in
2918 3519 3027 3574 quo
3059 3505 3399 3573 insipientem
3446 3517 3505 3558 se
3535 3510 3590 3558 et

2017 3602 2328 3671 imperitum
2362 3600 2620 3666 ostendit,
2662 3600 2912 3670 quamvis
2937 3599 3128 3655 beatus
3161 3597 3362 3653 Paulus
3402 3596 3586 3652 dicat:

2021 3711 2039 3744 ι
2075 3691 2193 3748 Non
2248 3693 2393 3747 enim
2454 3693 2719 3746 erubesco
2786 3690 3172 3767 Evangelium;
3219 3690 3394 3744 virtus
3445 3692 3590 3743 enim

2017 3784 2111 3841 Dei
2142 3796 2227 3841 est
2257 3785 2309 3839 in
2353 3784 2583 3838 salutem
2618 3783 2766 3838 omni
2808 3783 3053 3839 credenti
3068 3784 3134 3838 ”.
3169 3801 3188 3834 ι
3219 3780 3592 3836 Admiratione

2014 3886 2195 3941 autem
2234 3877 2453 3946 dignum
2484 3884 2568 3930 est
2608 3875 2698 3929 Dei
2721 3874 2956 3928 Verbum
3004 3873 3197 3928 salutis
3237 3887 3302 3928 ac
3326 3872 3452 3925 vitae
3482 3886 3592 3924 om-

2016 3970 2165 4023 nium
2217 3982 2381 4023 causa
2437 3976 2640 4021 tantam
2689 3967 3045 4021 humilitatem
3095 3966 3279 4021 subire
3328 3964 3585 4026 voluisse.

1989 4075 2176 4129 ,quam
2206 4060 2391 4114 nescio
2421 4058 2691 4128 quomodo
2735 4056 2823 4111 hic
2848 4057 3154 4126 ineptaru’m
3184 4057 3591 4127 disciplinarum
3676 4132 3681 4136 ⁸

2017 4150 2285 4213 inventor,
2308 4149 2391 4204 vel
2412 4148 2657 4204 conﬁteri
2685 4148 2857 4203 solum
2896 4149 3167 4205 erubescit
3194 4165 3208 4203 :
3241 4165 3362 4204 cum
3383 4149 3590 4221 atquins

2017 4240 2209 4296 fuisset
2258 4249 2540 4310 propterea
2580 4239 2754 4309 ipsum
2811 4239 3114 4306 admirari,
3167 4248 3221 4295 et
3264 4240 3431 4295 simul
3467 4254 3590 4295 cum

2016 4333 2177 4388 beato
2221 4330 2490 4401 Propheta
2539 4331 2821 4386 clamare:
2855 4331 3156 4395 momine,
3204 4324 3383 4403 audivi
3433 4330 3590 4384 audi—

2019 4433 2131 4478 tum
2168 4431 2338 4488 tuum,
2369 4431 2423 4476 et
2447 4422 2629 4488 timui;
2672 4422 3009 4478 consideravi
3056 4436 3218 4492 opera
3268 4432 3380 4485 tua,
3411 4431 3463 4475 et
3497 4437 3589 4476 ex«

304 4513 549 4581 κρατεῖν
599 4509 657 4562 δὲ
700 4510 840 4582 ὁμοῦ
885 4510 967 4582 τῷ
1015 4514 1273 4585 μακαρίῳ
1317 4517 1639 4601 προφήτῃχ
1673 4515 1909 4588 «Rupta,

2019 4513 2139 4583 pavi
2163 4512 2231 4567 ”.
2264 4531 2283 4564 ι
2320 4511 2454 4566 Nam
2482 4527 2604 4567 cum
2646 4528 2839 4567 omnes
2876 4511 3389 4567 Litterterdivinitus
3418 4512 3591 4582 inspig

304 4604 631 4673 εἰσακήκοα
656 4602 760 4673 τὴν
788 4604 961 4674 ἀκοήν
996 4622 1089 4660 σου
1120 4607 1216 4660 καὶ
1250 4606 1528 4677 ἔφοσήθην
1547 4623 1560 4637 ·
1611 4608 1916 4678 κατενόησα

304 4695 376 4748 τὰ
399 4694 550 4768 ἔργα
584 4712 684 4749 σου
711 4697 809 4749 καὶ
835 4696 1087 4769 ἐξέστην.
1112 4717 1131 4750 ι
1177 4698 1396 4770 Ἐπειδὴ
1429 4697 1484 4753 δὲ
1515 4700 1733 4771 ἁπάσης
1768 4699 1916 4771 αὐτῷ

306 4787 406 4854 τῆς
468 4783 847 4839 θεοπνεύστου
907 4786 1135 4856 Γραφῆς
1196 4787 1653 4859 ἀντεγειρομένης
1714 4788 1917 4859 τρόπον

306 4878 454 4943 τινὰ,
494 4876 602 4930 καὶ
628 4877 1043 4948 ἀντανιστώσης
1067 4878 1166 4949 τὴν
1196 4878 1477 4949 ἀλήθειαν,
1506 4880 1717 4951 ψυχρόν
1736 4897 1797 4934 τε
1823 4880 1919 4934 καὶ

312 4967 503 5029 ἇῦλον,
540 4966 643 5019 καὶ
672 4965 976 5035 οὐδαμόθεν
1008 4967 1472 5039 ὲπικουρούμενον
1506 4970 1914 5040 ἀποφαινούσης

312 5059 459 5130 αὐτῷ
488 5059 591 5112 τὸν
624 5059 720 5111 ἐπὶ
747 5059 861 5122 τοῖς
896 5059 1049 5122 ίδίοις
1070 5060 1345 5129 εὑρήμασι
1370 5060 1549 5127 λόγον,
1573 5061 1913 5136 διηπόρηκεν

309 5150 371 5202 οὐ
406 5149 664 5219 μετρίως
708 5147 821 5200 τῶν
863 5150 943 5211 είς
987 5147 1255 5220 ὀρθότητά
1296 5165 1356 5201 τε
1399 5150 1495 5202 καὶ
1528 5149 1785 5219 ἀλήθειαν
1825 5152 1912 5203 ὲν-

308 5241 478 5295 νοιῶν
504 5257 568 5294 τε
617 5241 715 5294 καὶ
746 5239 1090 5308 διασκέψεων
1111 5255 1124 5267 ·
1155 5239 1334 5312 ταύτῃ
1370 5256 1474 5302 τοι,
1509 5240 1604 5293 καί⁵
1646 5239 1683 5294 ἃ
1727 5241 1916 5311 μηδεὶς

310 5333 543 5387 πώποτε
573 5332 687 5385 τῶν
716 5334 797 5397 είς
823 5330 1095 5403 ὀρθότητα
1122 5331 1222 5403 τὴν
1251 5332 1593 5402 δογματικὴν
1628 5349 1913 5403 μεμαρτυ-

313 5424 604 5495 ρημένων,
636 5423 669 5494 ἢ
699 5420 1149 5494 πεφρονηκὼς,ῆ
1182 5421 1356 5489 λέγων
1377 5421 1679 5485 ἁλίσκεται,
1713 5421 1915 5487 ταύτας

312 5518 558 5570 ποιεῖται
589 5516 688 5570 τοῦ
723 5517 893 5585 λόγου
922 5515 1026 5577 τὰς
1068 5513 1352 5585 ἀφορμάς·
1385 5515 1683 5583 σκιαμαχεῖ
1724 5529 1785 5567 τε
1821 5515 1915 5568 καὶ

310 5606 647 5663 διατείνεται
688 5608 891 5680 μάτην,
925 5605 1316 5682 (ξντεξὰγοντος
1357 5605 1588 5668 οὐδενὸς,
1618 5605 1650 5674 ἢ
1688 5606 1913 5674 φιλονει-

389 5795 439 5825 ’°
469 5793 611 5851 “sal.
641 5808 775 5857 xw,
808 5794 863 5847 5.
896 5807 915 5821 ο
945 5792 990 5824 ⁸⁸
1017 5788 1177 5845 Joan.
1208 5804 1289 5852 nt,
1322 5787 1404 5842 l7.
1482 5787 1529 5818 ”
1558 5783 1712 5841 Juan.
1734 5802 1850 5851 xvi,
1874 5787 1962 5842 27.

408 5956 439 5973 ν

2017 4609 2151 4657 rata:
2188 4601 2289 4670 ipsi
2343 4609 2732 4670 repugnarent,
2786 4610 2842 4654 et
2890 4608 3227 4669 opponerent
3274 4600 3587 4663 veritatem,

2017 4692 2241 4762 ejusque
2269 4704 2574 4746 sermonem
2599 4703 2705 4759 quo
2737 4705 2832 4745 sua
2860 4699 3164 4745 commenta
3194 4698 3397 4757 tuetur,
3434 4690 3585 4761 frigi-

2019 4784 2146 4838 dum
2173 4793 2228 4840 et
2257 4783 2429 4839 levem
2459 4792 2512 4839 et
2548 4782 2690 4837 nulla
2719 4799 2787 4837 ex
2817 4789 2967 4852 parte
2998 4780 3188 4849 fultum
3221 4782 3588 4845 ostenderent,

2021 4890 2131 4930 non
2185 4876 2440 4930 mediocri
2476 4876 2700 4945 penuria
2750 4880 3022 4930 rectarum
3072 4889 3432 4944 verarumque
3467 4883 3593 4931 sen-

2020 4967 2311 5024 tentiarum
2356 4976 2411 5020 et
2442 4966 2853 5035 inquisitionum
2894 4966 3160 5020 laboravit
3188 4983 3204 5021 :
3239 4982 3301 5022 ea
3334 4967 3398 5023 de
3431 4982 3593 5022 causa

2019 5072 2139 5129 qua:
2183 5071 2342 5112 nemo
2382 5071 2617 5125 unquam
2666 5065 2809 5112 recta
2846 5057 3163 5127 dogmatutn
3208 5057 3592 5112 lradendorum

2022 5151 2234 5206 ratione
2267 5148 2519 5215 celebris,
2568 5160 2658 5203 aut
2709 5149 2965 5213 sensisse,
3017 5158 3111 5203 aut
3160 5147 3365 5203 dixisse
3394 5148 3590 5217 depre~

2021 5240 2297 5304 henditur,
2332 5241 2397 5294 iis
2428 5256 2522 5309 pro
2552 5252 2863 5295 sermonum
2906 5254 3129 5294 suorum
3167 5239 3455 5293 occasione
3485 5238 3592 5291 nti-

2021 5345 2128 5400 tur,
2176 5342 2229 5387 et
2270 5348 2391 5386 cum
2437 5335 2642 5386 umbris
2682 5341 2904 5403 pugnat,
2964 5343 3016 5385 et
3064 5330 3260 5383 Frustra
3311 5328 3591 5382 contendit

2021 5423 2238 5478 nemine
2277 5433 2636 5493 repugnante,
2672 5431 2765 5475 ant
2805 5421 2886 5476 his
2918 5420 2983 5475 de
3016 5420 3175 5474 rebus
3206 5417 3591 5482 cantendcnte,

2021 5513 2162 5581 quod
2192 5511 2318 5566 illud
2348 5526 2468 5566 esse
2510 5519 2638 5581 puto
2668 5521 2849 5565 aerem
2882 5509 3192 5563 verberare.
3236 5505 3381 5559 Dixit
3407 5505 3592 5563 enim:

2021 5603 2154 5669 Quis
2191 5601 2432 5672 Apostoli
2480 5616 2673 5655 mtnms
2704 5616 2824 5653 cum
2866 5598 3139 5654 didicerit.
3179 5612 3284 5651 non
3322 5595 3476 5651 illico
3505 5594 3564 5650 in

2043 5789 2085 5823 ’³
2119 5742 2380 5852 Ιοθη.ἰιι,
2409 5784 2473 5839 3.‘
2540 5785 2586 5817 νδ
2614 5784 2769 5841 Rom.
2798 5799 2839 5856 ι,
2872 5784 2953 5841 16.
3029 5788 3076 5820 ⁸⁵
3114 5782 3312 5841 Hahae.
3344 5802 3421 5853 Ill,
3456 5786 3503 5840 ι.
