4150 6436
558 339 660 394 ll9

1542 337 1602 396 8.
1642 339 1912 397 CYBILLI
1954 342 2425 402 ALEXANDRINI
2467 348 2788 408 ARCIIIEP.

3710 359 3814 416 {‘20

557 452 729 507 dicari
775 451 1044 507 hominem
1075 450 1372 519 intelligat?
1410 451 1541 521 Quis
1584 457 1854 524 pontificis
1897 459 2135 528 appella-

2254 465 2357 515 ιιεῖν
2387 463 2662 529 ἐθέλοντος
2689 470 2817 536 περὶ
2841 468 3046 522 τούτων
3074 470 3256 524 αὐτῶν
3298 471 3317 544 [
3341 473 3431 527 τσ.
3461 471 3681 546 αύτῷ]·
3718 475 3812 529 καί

559 546 765 600 tionem
794 545 1039 607 audiens,
1073 544 1372 598 divinitatis
1414 548 1706 600 essentiam
1739 549 1914 616 ipsum
1950 552 2131 619 ponti-

560 641 714 694 licem
738 638 1005 692 existimet
1026 637 1049 689 ?
1073 637 1206 690 Cum
1246 653 1375 706 ergo
1406 638 1494 705 qui
1523 638 1624 691 hoc
1647 639 1812 705 dicat,
1853 656 2012 695 nemo
2038 642 2130 705 sit,
2162 631 2174 643 ’

559 744 679 782 rum
711 728 931 798 quibus,
972 728 1058 781 die
1103 727 1256 790 mihi,
1292 728 1594 791 contendis,
1640 737 1693 782 et
1739 744 1852 782 rem
1891 729 2133 784 omnium

560 822 831 874 sententia
867 820 1201 881 damnatam,
1251 827 1505 884 tanquam
1557 817 1673 887 ipse
1717 820 1865 874 solus
1902 832 2133 887 evertas,

561 924 855 987 palmarem
890 917 983 969 tibi
1021 918 1161 970 hanc
1192 930 1426 984 pugnam
1473 914 1709 968 futuram
1743 916 1932 984 putas?
1965 914 2138 972 Porro

563 1009 834 1077 quomodo
867 1009 1099 1062 inliciari
1136 1008 1304 1073 possit
1338 1017 1390 1061 te
1430 1007 1482 1061 in
1516 1007 1756 1059 medium
1784 1007 1835 1058 id
1871 1007 2134 1073 proferre,

564 1102 708 1169 quod
756 1115 877 1153 cum
924 1115 952 1152 a
1007 1102 1223 1153 nemine
1270 1099 1503 1161 dicatur,
1553 1105 1734 1151 tacere
1780 1098 1954 1150 satius
1997 1106 2135 1163 erat,

564 1207 724 1260 quam
768 1191 826 1243 in
880 1190 1269 1258 simpliciorqu
1315 1188 1526 1242 animos
1574 1186 1979 1258 injicere?“
2007 1187 2138 1254 Quis

566 1284 711 1337 enim
757 1292 841 1336 est
890 1283 1022 1334 adeo
1068 1281 1351 1344 attonitus,
1405 1290 1463 1333 ut
1497 1280 1796 1334 divinitatis
1844 1280 2137 1334 essentiam

570 1377 742 1442 ipsum
793 1372 1106 1426 Pontificem
1163 1371 1478 1427 existimet?
1530 1369 1701 1424 Homo
1750 1381 1867 1424 erat
1920 1370 2137 1433 Aaron,

567 1461 816 1530 quamvis
858 1460 1084 1528 adeptus
1117 1468 1175 1513 ut
1220 1459 1274 1512 in
1313 1459 1406 1512 illo
1447 1459 1629 1513 divino
1669 1461 1971 1530 sacerdotio
2019 1460 2139 1514 aliis

567 1522 881 1606 excelleret.
956 1522 1238 1616 Quomodo
1291 1549 1456 1618 igitur
1505 1522 1815 1618 quisquam,
1841 1550 2141 1605 divinitatis

566 1644 859 1698 essentiam
901 1643 1076 1710 ipsum
1132 1640 1441 1711 pontificem
1492 1642 1684 1710 putet?
1740 1650 1832 1694 aut
1870 1644 2141 1711 quomodo

569 1752 675 1790 non
728 1750 949 1804 prorsus
993 1734 1314 1788 confiteatur
1366 1732 1638 1785 hominem
1687 1733 2138 1796 commemorari,

566 1844 692 1882 tum
742 1828 910 1883 frater
951 1827 1043 1881 ille
1087 1825 1219 1879 Mosi
1269 1835 1325 1879 ut
1372 1825 1611 1894 pontifex
1652 1825 1996 1893 appellatur?
2037 1823 2143 1880 Sed
2177 1824 2218 1878 Β

566 1923 710 1975 enim
754 1937 876 1975 cum
924 1933 1267 1972 ronnnnnem
1305 1931 1612 1971 sermonem
1673 1915 1933 1986 proferat,
1970 1928 2022 1971 et
2051 1918 2141 1985 qui

566 2014 763 2082 ruique
794 2014 861 2065 de
913 2018 1100 2063 nostro
1147 2023 1373 2063 numero
1410 2009 1678 2061 sacerdoti
1708 2009 1938 2076 quadret
1984 2018 2146 2075 atque

567 2103 875 2167 conveniat,
910 2098 1331 2169 dispensationis
1379 2114 1498 2166 qua:
1528 2103 1579 2152 in
1627 2098 1850 2153 Christo
1891 2098 2145 2168 intelligi-

569 2209 678 2259 tur,
721 2192 1093 2248 admirabilem
1144 2190 1371 2260 gloriam
1405 2188 1735 2242 labefactare
1782 2197 2037 2253 conatur,
2091 2196 2147 2241 et

568 2289 812 2341 divinum
855 2285 985 2338 illud
1019 2283 1338 2353 mysterium
1388 2290 1630 2335 nostrum
1671 2296 1734 2333 ex
1775 2280 1901 2335 imis
1925 2280 2146 2334 sedibus

570 2380 736 2435 audet
765 2386 1033 2440 evertere,
1071 2374 1294 2428 minime
1321 2373 1568 2442 cogitans
1596 2371 1890 2426 Eeelesiam
1919 2387 1947 2424 a
1981 2371 2144 2425 Chri-

568 2485 654 2527 sto
695 2485 858 2539 supra
891 2478 1100 2537 petram
1142 2480 1264 2519 esse
1296 2465 1595 2527 fundatam,
1636 2470 1690 2517 et
1725 2476 2001 2530 nunquam
2031 2459 2148 2514 fure

570 2576 629 2619 ut
661 2565 928 2617 adversus
969 2573 1089 2613 eam
1134 2565 1302 2626 porta:
1335 2555 1493 2609 inferi
1546 2553 1956 2624 prazvaleaut".
1994 2550 2148 2606 Dedi-

570 2662 768 2723 gnatur
797 2651 942 2708 enim
985 2662 1326 2704 communem
1363 2656 1418 2702 et
1454 2646 1695 2700 omnium
1728 2654 1873 2699 recte
1906 2645 2147 2698 sentien-

574 2749 709 2800 tium
738 2746 1046 2813 opinionem
1078 2742 1229 2811 sequi
1262 2755 1279 2794 :
1312 2755 1503 2792 novam
1535 2754 1646 2794 sua:
1683 2740 1970 2793 sententia:
2005 2739 2145 2791 viam

573 2837 973 2891 inconsiderate
1006 2832 1152 2887 solus
1199 2831 1520 2900 ingreditur.
1566 2828 1673 2884 Nos
1721 2830 1892 2894 enim,
1944 2839 2002 2883 ut
2033 2828 2145 2898 jam

570 2926 829 2998 praefatus
875 2940 1021 2993 sum,
1056 2925 1183 2979 illud
1231 2940 1296 2979 ex
1334 2923 1442 2977 Deo
1485 2921 1644 2975 Patre
1683 2920 1938 2987 Verbum,
1972 2921 2149 2975 homi-

571 3034 696 3074 nem
732 3018 955 3083 factum,
991 3027 1044 3072 et
1081 3017 1186 3072 sibi
1234 3025 1292 3070 et
1341 3014 1484 3068 Patri
1535 3014 1875 3069 sacrificasse
1916 3013 2149 3068 dicimus

572 3112 696 3168 fidei
732 3125 933 3167 nostra:
981 3109 1402 3173 confessionem,
1446 3116 1501 3161 et
1549 3114 1935 3176 congruentem
1972 3104 2147 3159 nulla-

570 3221 680 3276 que
707 3219 774 3260 ex
807 3213 959 3275 parte
985 3218 1014 3258 a
1045 3217 1295 3257 mensura
1329 3199 1715 3256 exinanitionis
1748 3198 2145 3267 discrepantem
2179 3184 2225 3248 C

571 3297 810 3368 gessisse
855 3294 1342 3364 dispensationem.
1394 3276 1659 3346 Sed‘non
1705 3290 1780 3345 illi
1829 3289 1945 3344 haec
1980 3290 2051 3343 ita
2091 3303 2150 3343 se

574 3388 777 3443 habere
815 3385 1087 3447 videntur,
1120 3384 1216 3437 sed
1263 3382 1355 3435 tibi
1386 3380 1640 3448 privatim
1692 3394 1756 3434 ac
1795 3380 2025 3434 seorsim
2067 3378 2150 3432 di-

560 3480 787 3543 stinxit,
821 3488 1076 3547 tanquam
1120 3474 1257 3529 alius
1300 3474 1371 3528 sit
1410 3472 1659 3535 Christus
1708 3471 1799 3528 ille
1841 3488 1907 3527 ex
1959 3482 2148 3527 sancta

572 3567 796 3639 Virgine
845 3566 914 3621 ab
956 3566 1049 3619 illo
1093 3580 1158 3619 ex
1200 3565 1307 3618 Deo
1348 3564 1509 3617 Patre
1539 3560 1738 3625 Verbo,
1776 3562 1946 3631 ipsum
1986 3560 2151 3615 fuisse

575 3661 777 3716 asserit
824 3658 1143 3729 Apostolum
1187 3667 1242 3711 et
1291 3655 1608 3711 Pontificem
1646 3654 2005 3710 confessionis
2054 3667 2152 3708 no-

575 3762 704 3808 stra:
725 3751 794 3816 ",
844 3764 1012 3819 seque
1059 3750 1146 3819 pie
1194 3749 1553 3817 religioseque
1586 3748 1793 3802 sentire
1828 3754 1980 3814 putat
2027 3758 2149 3797 cum

576 3845 654 3899 ait
680 3860 696 3898 :
726 3843 782 3898 Si
818 3842 961 3897 Deus
986 3852 1069 3896 est
1115 3839 1203 3894 ille
1234 3840 1325 3909 qui
1370 3837 1550 3901 oll‘ert,
1584 3836 1761 3890 nullus
1791 3843 1875 3888 cst
1899 3833 1985 3889 cui
2016 3831 2150 3886 olfe—

576 3947 728 3991 ratur
756 3952 770 3989 :
805 3933 931 4004 quid
955 3933 1099 3987 enim
1128 3931 1411 3985 divinitate
1434 3931 1653 3999 dignum
1684 3928 1778 3991 sit,
1807 3937 1863 3981 ut
1893 3938 2147 3995 tauquam

575 4031 801 4088 inferior
837 4029 1024 4095 majori
1063 4024 1291 4081 offerat?
1332 4024 1438 4078 Sed
1486 4024 1532 4078 si
1568 4024 1690 4092 quis
1717 4030 1860 4077 esset
1893 4021 1983 4091 qui
2016 4036 2147 4074 con-

577 4124 825 4178 tenderet
854 4136 917 4174 ac
947 4120 1171 4182 diceret,
1206 4119 1382 4188 ipsum
1419 4130 1544 4169 vere
1570 4130 1635 4168 ex
1682 4114 1789 4168 Deo
1816 4111 1973 4167 Patre
2000 4113 2152 4183 geni-
2177 4109 2183 4115 ’

577 4224 688 4268 tum
720 4211 955 4266 Verbum
1001 4210 1165 4263 etiam
1206 4218 1492 4278 antequam
1530 4207 1689 4260 homo
1743 4206 1917 4269 lieret,
1951 4204 2016 4257 ad
2060 4218 2148 4257 sa-

577 4306 803 4363 cerdOtii
857 4320 1052 4359 munus
1098 4317 1218 4359 esse
1259 4301 1605 4362 collocatum,
1655 4306 1711 4351 et
1755 4298 1808 4351 in
1858 4295 2148 4350 ministerii

575 4398 766 4453 ordine
822 4412 883 4451 ac
935 4411 1185 4449 mensura
1233 4391 1606 4452 constitutum,
1655 4402 1826 4457 eaque
1873 4387 1939 4439 de
1987 4401 2148 4440 causa

570 4489 695 4558 jure
752 4489 1011 4558 appellari
1055 4484 1363 4557 pontificem
1404 4492 1458 4535 et
1507 4478 1829 4550 apostolum,
1875 4477 2152 4545 sapienter

578 4583 763 4651 utique
792 4580 1107 4643 refutasset,
1144 4586 1199 4632 et
1227 4584 1352 4644 apte
1379 4574 1481 4628 hac
1512 4573 1578 4626 de
1614 4585 1670 4624 re
1692 4567 2004 4623 conclusam
2036 4581 2156 4622 esse

576 4674 646 4728 ab
670 4688 735 4727 eo
762 4669 1228 4725 ratiocinationem
1257 4664 1364 4718 dici
1394 4671 1596 4732 posset.
1625 4660 1738 4713 Non
1770 4658 1915 4713 enim
1951 4668 2158 4711 natura:

580 4766 653 4820 illi
703 4765 952 4818 omnibus
1006 4757 1308 4815 dominanti
1359 4754 1734 4810 sacrificantes
1778 4752 2042 4813 deerant,
2100 4758 2157 4804 ut

579 4858 692 4926 ipsa
735 4856 837 4909 sibi
889 4868 1105 4936 sacrum
1154 4849 1439 4903 exhiberet
1476 4845 1818 4914 obsequium.
1870 4843 1976 4897 Sed
2024 4843 2153 4911 quia

580 4948 670 5002 ille
704 4943 1027 5016 Unigenitus
1052 4941 1143 5011 qui
1179 4950 1368 4993 natura
1407 4936 1549 4991 Deus
1573 4946 1714 5000 erat,
1747 4945 1802 4990 et
1830 4951 1859 4988 a
1894 4936 2151 4989 sacerdo-

581 5044 724 5097 tibus
762 5039 1022 5107 obsequia
1062 5050 1214 5091 sacra
1252 5032 1603 5101 suscipiebat,
1633 5032 1699 5084 ad
1727 5042 2035 5084 mensuram
2063 5041 2153 5082 eo-

580 5149 698 5190 rum
725 5131 1005 5187 descendit
1026 5128 1116 5196 qui
1141 5124 1447 5180 sacerdotio
1472 5122 1855 5193 fungebantur,
1881 5121 2066 5182 homo,
2101 5126 2156 5171 ut

578 5225 712 5290 dixi,
734 5224 926 5286 factus,
949 5217 1086 5273 nihil
1103 5215 1324 5271 absurdi
1346 5224 1450 5279 est,
1470 5213 1514 5269 si
1532 5215 1696 5268 etiam
1717 5211 1975 5267 sacerdos
1997 5226 2155 5264 voce-

580 5327 669 5372 tur
694 5331 724 5369 a
754 5313 927 5369 nobis.
965 5312 1047 5365 An
1081 5325 1208 5365 vero
1241 5323 1346 5364 non
1388 5306 1669 5361 descendit
1701 5308 1753 5359 in
1783 5304 1955 5360 forma
1988 5303 2153 5365 servi,

580 5407 691 5480 67
730 5404 959 5461 formam
984 5401 1189 5458 scilicet
1215 5401 1355 5456 servi
1385 5398 1682 5468 accipiens,
1705 5396 1956 5466 quamvis
1985 5394 2156 5466 figura

582 5505 729 5552 esset
777 5509 842 5549 ac
889 5495 1143 5564 Splendor
1185 5492 1370 5562 gloriae
1418 5490 1595 5546 Patris
1617 5486 1705 5543 “3
1743 5503 1966 5558 prorsus
1997 5501 2157 5541 nemo

585 5598 671 5660 est
701 5586 791 5653 qui
817 5586 881 5639 de
907 5586 1007 5640 hac
1034 5600 1091 5639 re
1117 5583 1343 5638 dubitet.
1378 5582 1510 5637 Cum
1546 5582 1709 5649 igitur
1739 5580 1829 5634 ille
1856 5579 2153 5634 secundum

654 5766 700 5799 "
732 5763 922 5821 Matth.
948 5779 1058 5832 im,
1084 5763 1171 5819 l6.
1247 5765 1292 5796 "
1326 5761 1489 5819 Hebr.
1519 5763 1656 5827 ni,l.
1735 5759 1781 5792 "
1814 5761 2047 5830 Philipp.
2076 5775 2135 5826 ιι,
2167 5757 2228 5824 7;

2237 555 2416 621 τοῦτο,
2437 554 2728 629 οἶμα;,έστι
2749 562 2825 628 τὸ,
2850 564 2931 624 είς
2960 564 3098 635 ἀέρα
3122 564 3321 635 δέρειν.
3352 562 3497 637 Ἔφη
3527 568 3637 637 γάρ
3655 584 3670 598 ο
3716 568 3811 632 Τίς

2249 647 2575 703 Ἀποστόλου
2605 652 2949 722 λειτουργίαν
2979 654 3189 725 μαθὼν,
3219 656 3319 709 οὐκ
3338 656 3503 715 εὐθὺς
3530 658 3815 729 ἄνθρωπον

2240 740 2575 810 μηνυόμενον
2600 742 2773 809 ἔγνως
2803 744 2898 805 Τίς
2917 745 3217 813 ἀρχιερέως
3248 748 3545 817 ὀνομασίαν
3580 748 3813 816 ἀκούων,

2238 829 2488 901 θεότητος
2524 833 2712 886 οὐσίαν
2746 835 2836 886 τὸν
2864 836 3125 906 ἀρχιερέα
3154 838 3461 906 νομίσειενς
3490 840 3619 894 Ὅτε
3640 841 3820 895 τοίνυν

2237 922 2412 985 οὐδεὶς
2436 924 2465 975 ό
2496 923 2653 977 τοῦτο
2683 925 2856 993 λέγων
2888 927 3024 990 ἐστὶ,
3050 928 3211 992 τίσιν,
3253 931 3375 984 εἰπέ
3422 949 3535 1000 μοι,
3583 932 3816 1001 φιλονει-

2238 1016 2374 1076 κεῖς,
2413 1015 2507 1067 καὶ
2547 1016 2609 1067 τὸ
2648 1020 2766 1079 ταῖς
2800 1019 3054 1073 ἁπάντων
3095 1021 3298 1090 ψήφοις
3344 1023 3816 1092 κατεγνωσμένον,

2239 1103 2315 1165 ὡς
2368 1104 2527 1172 μόνος
2578 1106 2738 1170 asas,-
2792 1109 3135 1180 ἀνατρέπων,
3206 1112 3310 1164 οίει
3353 1113 3492 1182 τάχα
3538 1131 3661 1174 που,
3723 1117 3819 1167 καὶ

2239 1195 2419 1266 γερῶν
2444 1196 2601 1260 ἀξίαν
2632 1200 2900 1254 ποιεῖσθαι
2922 1201 3019 1272 τὴν
3050 1202 3331 1269 ἔνστασιν,
3363 1205 3557 1257 Καίτοι
3580 1205 3695 1267 πῶς
3719 1207 3821 1258 οὐκ

2240 1288 2456 1357 ἀληθὲς,
2497 1290 2572 1352 ὼς
2606 1290 2763 1344 τοῦτο
2794 1292 3045 1361 λέγοντος
3072 1294 3306 1358 ούδενδς,
3364 1297 3444 1358 εἰς
3474 1297 3635 1366 μέσον
3665 1297 3821 1365 ἄγεις

2240 1380 2421 1443 αὐτὸς,
2440 1380 2468 1434 δ
2489 1385 2697 1453 σιωπᾷν
2730 1385 2975 1453 ἄμεινον,
3008 1387 3102 1439 καὶ
3138 1386 3212 1455 μὴ
3234 1389 3354 1450 ταῖς
3384 1388 3495 1439 τῶν
3522 1388 3822 1442 ἁπλουστέ-

2245 1487 2352 1541 ρων
2370 1472 2607 1525 ἐνίεσθαι
2624 1473 2823 1543 ψυχαῖς
2848 1491 2863 1539 ;
2893 1475 2989 1538 Τίς
3007 1476 3115 1545 γὰρ
3135 1476 3305 1540 οὕτως
3330 1477 3711 1548 ὲμῦρόντητος,
3744 1479 3823 1542 ὡς

2242 1562 2494 1633 θεότητος
2526 1565 2714 1617 οὐσίαν
2735 1566 2823 1618 τὸν
2865 1566 3150 1635 Ἀρχιερέα
3171 1566 3417 1635 νομίζειν
3446 1585 3461 1631 ;
3499 1568 3825 1637 Ἀνθρωπος

2240 1648 2309 1724 ἦν
2347 1653 2577 1722 Ἀαρὼν,
2615 1653 2791 1707 καίτοι
2833 1654 2894 1706 τὸ
2940 1654 3200 1724 προῦχειν
3227 1655 3334 1707 τῶν
3366 1654 3541 1708 ἄλλων
3574 1656 3632 1707 ὲν
3664 1657 3821 1724 ἱερω-

2246 1744 2379 1814 σύνῃ
2410 1746 2475 1814 τῇ
2512 1744 2632 1815 θεία
2674 1744 2874 1815 λαχών.
2910 1745 3034 1809 Πῶς
3068 1742 3160 1799 οὖν
3194 1746 3256 1799 ἄν
3294 1764 3379 1809 τις
3418 1746 3606 1825 οὐσίαν
3638 1746 3827 1815 θεάτη·

2247 1853 2339 1899 τος
2371 1836 2461 1889 τὸν
2504 1837 2763 1908 ἀρχιερέα
2789 1837 3102 1905 νομίσειεν;
3149 1839 3181 1908 ἢ
3225 1838 3339 1901 πῶς
3380 1838 3446 1892 ἂν
3484 1838 3605 1909 ούχὶ
3649 1839 3827 1907 πάντη

2249 1944 2307 1982 τε
2366 1928 2458 1980 καὶ
2510 1928 2727 1990 πάντως
2788 1928 3172 1996 ὁμολογήσειεν
3228 1929 3515 1999 ἀνθρώπου
3574 1930 3831 1999 γενέσθαι

2254 2019 2494 2088 μνήμην,
2521 2018 2649 2070 ὅταν
2678 2019 2807 2087 ἡμῖν
2833 2019 2862 2071 ὀ
2900 2018 3141 2081 Μωσέως
3168 2017 3391 2086 ἀδελφὸς
3423 2017 3499 2079 ὡς
3541 2017 3833 2087 ἀρχιερεὺς

2250 2108 2610 2178 όνομάςηταις
2655 2108 2815 2161 Ἀλλὰ
2844 2109 2954 2179 γὰρ
2979 2110 3157 2163 κοινόν
3186 2125 3310 2162 τινα
3334 2109 3428 2162 καὶ
3460 2108 3598 2161 κατὰ
3628 2108 3833 2171 παντὸς

2252 2200 2552 2271 ἀρχιερέως
2591 2198 2701 2252 τῶν
2744 2199 2865 2252 καθ’
2919 2202 3066 2269 ἡμᾶς
3119 2200 3266 2252 ἰόντα
3303 2215 3364 2252 τε
3407 2199 3502 2252 καὶ
3551 2199 3834 2269 πρέποντα

2253 2290 2527 2362 προτιθεὶς
2548 2291 2638 2343 τὸν
2673 2286 2853 2359 λόγον,
2893 2291 2993 2360 τῆς
3018 2291 3075 2343 ὲν
3100 2290 3322 2360 Χριστῷ
3361 2290 3654 2359 νοουμένης
3680 2290 3827 2342 οἰκο-

2253 2382 2445 2450 νομίας
2483 2382 2544 2434 τὸ
2589 2382 2888 2451 παράδοξον
2922 2382 3222 2453 παραλύειν
3265 2384 3555 2452 ἐπιχειρεῖ,
3598 2382 3691 2434 καὶ
3717 2374 3835 2433 οἷον

2253 2475 2317 2527 ὲκ
2350 2473 2566 2546 βάθρων
2596 2473 2774 2527 αὐτῶν
2798 2474 3105 2528 κατασείειν
3127 2473 3408 2544 ἀποτολμᾷ
3433 2473 3492 2526 τὸ
3514 2473 3654 2526 θεῖον
3673 2471 3835 2542 ἡμῶν

2258 2566 2554 2636 μυστήριον
2576 2583 2589 2595 ·
2626 2566 2726 2619 οὐκ
2756 2565 2972 2631 ὲννοιῖιν,
3012 2566 3095 2618 δτι
3123 2564 3516 2636 τεθεμελίωκεν
3540 2566 3569 2619 ό
3597 2564 3834 2636 Χριστὸς

2253 2659 2346 2710 ἐπὶ
2377 2658 2581 2727 πέτραν
2600 2657 2700 2729 τὴν
2742 2657 3071 2727 Ἐκκλησίαν
3090 2673 3102 2685 ·
3135 2656 3230 2711 καὶ
3257 2658 3420 2711 πύλαι
3442 2657 3567 2728 ᾅδου
3597 2657 3658 2708 οὐ
3703 2673 3835 2709 κατ-

2256 2750 2567 2820 ισχύσουσιν
2618 2751 2809 2819 αὐτῆς.
2847 2751 3084 2804 Ἤκιστα
3109 2752 3208 2821 μὲν
3248 2751 3358 2821 γὰρ
3405 2751 3546 2813 ἀξιοῖ
3579 2752 3646 2819 τῇ
3679 2750 3834 2818 κοινῇ

2254 2841 2349 2893 καὶ
2396 2839 2654 2893 ἁπάντων
2699 2840 2807 2892 τῶν
2845 2841 2979 2910 όρθὰ
3026 2844 3242 2912 φρονεῖν
3288 2840 3557 2894 είωθότων
3602 2839 3835 2892 ἶπεσθαι.

2252 2930 2401 3004 δόξειν
2428 2934 2744 3001 καινοτομεῖ
2790 2933 2882 2986 καὶ
2925 2934 3084 3003 μόνος
3129 2932 3506 2995 ἀϐασανίστως
3534 2932 3595 2985 τό
3620 2930 3829 2985 δοκοῦν.

2265 3024 2457 3095 Ἡμεῖς
2489 3025 2587 3094 μὲν
2608 3024 2745 3095 γὰρ,
2778 3025 3028 3097 καθάπερ
3053 3027 3152 3097 ἥδη
3179 3029 3459 3096 προεῖπον,
3477 3025 3567 3079 τὸν
3604 3026 3669 3078 ἐκ
3696 3022 3835 3077 Θεοῦ

2256 3115 2468 3187 Πατρός
2503 3116 2675 3185 Λόγον
2701 3116 2989 3188 ἄνθρωπον
3017 3118 3310 3185 γεγονότα,
3356 3118 3449 3169 καὶ
3479 3114 3836 3186 ἰερουργῆσαί

2259 3223 2440 3276 φαμεν
2471 3205 2648 3276 ἑαυτῷ
2690 3206 2783 3259 καὶ
2815 3206 2894 3277 τῷ
2933 3207 3105 3278 Πατρὶ
3137 3207 3234 3277 τῆς
3276 3207 3510 3267 πίστεως
3541 3204 3695 3275 ἡμῶν
3734 3204 3839 3275 τὴν

2257 3297 2568 3368 ὁμολογίαν,
2621 3297 2939 3367 πρέπουσάν
2983 3315 3041 3350 τε
3088 3299 3183 3351 καὶ
3234 3297 3355 3350 κατ’
3400 3296 3592 3349 οὐδένα
3635 3295 3837 3366 τρόπον

2258 3389 2600 3459 ἀνάρμοστον
2633 3389 2744 3452 τοῖς
2783 3388 2883 3456 τῆς
2922 3387 3203 3451 κενώσεως
3240 3387 3460 3457 μέτροις
3509 3385 3841 3458 ποιήσασθαι

2256 3482 2358 3551 τὴν
2403 3481 2736 3551 οἰκονομίαν.
2785 3480 2925 3531 Ἀλλ’
2963 3480 3061 3549 οὐχ
3102 3472 3205 3531 ὦδε
3263 3480 3416 3532 ταῦτ’
3454 3478 3598 3548 ἔχειν
3641 3479 3840 3548 ἐκείνῳ

2258 3571 2427 3635 δοκεῖ,
2468 3571 2574 3641 ἰδίᾳ
2600 3571 2655 3623 δὲ
2701 3570 2899 3639 μᾶλλον
2933 3571 3028 3622 καὶ
3066 3570 3169 3623 ἀνὰ
3205 3570 3369 3641 μέρος
3417 3568 3727 3634 ἀπολαϐὼν,
3761 3570 3842 3633 ὡς

2256 3663 2445 3733 ἕτερον
2498 3664 2626 3714 δντα
2670 3663 2904 3732 Χριστὸν
2948 3662 3036 3713 τὸν
3086 3663 3148 3713 ὲκ
3188 3661 3287 3730 τῆς
3342 3661 3503 3728 ἁγίας
3554 3659 3843 3730 Παρθένου

2260 3753 2414 3824 παρά
2442 3769 2506 3820 γε
2542 3751 2632 3806 τὸν
2655 3754 2718 3805 ἐκ
2753 3752 2889 3806 Θεοῦ
2927 3753 3138 3822 Πατρός
3172 3752 3364 3817 Λόγον,
3398 3750 3558 3805 αὑτὸν
3583 3750 3844 3820 γενέσθαι

2259 3846 2423 3915 φησιν
2440 3844 2763 3897 Ἀπόστολον
2782 3844 2875 3897 καὶ
2909 3844 3197 3914 Ἀρχιερέα
3227 3844 3323 3913 τῆς
3350 3842 3638 3911 ὁμολογίας
3655 3842 3840 3912 ἡμῶν·

2258 3937 2430 3991 οἴεται
2467 3938 2525 3991 δὲ
2573 3939 2666 3991 καὶ
2724 3937 2832 3989 τῶν
2876 3939 2954 4000 είς
3003 3936 3287 3989 εὐσέϐειαν
3330 3936 3574 4007 ἡκόντων
3617 3937 3848 4001 ἐννοεῖν,

2259 4030 2437 4083 ἐκεῖνο
2471 4029 2645 4096 λέγων
2671 4046 2683 4058 ·
2718 4030 2781 4082 Εἰ
2810 4028 2942 4091 Θεὸς
2967 4031 2994 4082 ὁ
3014 4028 3361 4099 προσφέρων,
3385 4027 3561 4087 οὐδεὶς
3595 4021 3639 4095 ᾧ
3669 4043 3844 4098 προσ-

2261 4122 2522 4193 φέρεται’
2579 4122 2630 4174 τί
2681 4120 2790 4191 γὰρ
2842 4120 3094 4188 θεότητος
3145 4119 3315 4185 ἀξιον,
3364 4121 3434 4174 ἶν’
3498 4121 3573 4185 ὡς
3619 4120 3847 4173 ἔλαττον

2261 4212 2545 4283 προσφέρῃ
2586 4212 2661 4282 τῷ
2695 4211 2902 4282 μείζονι
2924 4228 2938 4277 ;
2982 4209 3122 4263 Ἀλλ’
3145 4211 3194 4262 εἰ
3219 4209 3317 4279 μέν
3342 4228 3423 4274 τις
3440 4206 3508 4280 ἦν
3529 4212 3558 4264 ό
3586 4211 3847 4264 διατεινό-

2263 4303 2423 4373 μενός
2451 4320 2511 4355 τε
2536 4302 2628 4356 καὶ
2666 4303 2843 4370 λέγων
2866 4301 3028 4354 αὐτὸν
3060 4300 3275 4371 ἀληθῶς
3306 4304 3398 4355 τόν
3447 4303 3513 4355 ὲκ
3558 4300 3690 4355 Θεοῦ
3723 4302 3848 4354 Πα-

2260 4395 2387 4466 τρός
2431 4394 2624 4462 Λόγον,
2662 4394 2756 4446 καὶ
2793 4393 2898 4463 πρὸ
2936 4392 3036 4463 τῆς
3076 4393 3538 4465 ἐνανθρωπήσεως
3582 4393 3847 4464 τετάχθαι

2267 4487 2397 4557 πρὸς
2429 4486 2762 4558 ἱερουργίαν,
2807 4488 2898 4538 καὶ
2924 4486 2982 4538 ἐν
3009 4485 3226 4555 μέτροις
3248 4482 3396 4539 ἐἶναι
3424 4486 3844 4556 λειτουργικοίς,

2263 4578 2469 4649 ταύτης
2501 4594 2557 4631 τε
2589 4578 2746 4630 ἕνεκα
2773 4578 2871 4647 τῆς
2900 4578 3080 4641 αἰτίας
3109 4577 3472 4647 ὀνομάζεσθαι
3506 4577 3617 4631 δεῖν
3652 4579 3849 4647 ἀρχιε-

2266 4671 2367 4742 ρέα
2409 4670 2503 4723 καὶ
2546 4669 2863 4723 ἀπόστολον.
2910 4669 3089 4739 Σοφὴν
3134 4669 3200 4723 ἂν
3237 4670 3533 4738 ἐποιήσατο
3568 4668 3665 4740 τὴν
3704 4669 3848 4723 ἀπόο

2263 4759 2457 4828 πληξιν
2488 4757 2609 4830 [Ῑσ.
2642 4756 2932 4829 ἐπίπληξιν
2950 4757 2966 4829 ]
2984 4776 2996 4787 ·
3024 4758 3357 4828 πεποιῆσθαι
3374 4759 3432 4812 δὲ
3456 4760 3548 4813 καὶ
3571 4761 3628 4813 ἐν
3650 4759 3851 4830 κόσμῳ

2261 4851 2397 4920 φαίη
2446 4867 2528 4913 τις
2572 4849 2637 4903 ἂν
2672 4849 2819 4919 αύτῴ
2857 4850 2946 4902 τὸν
2985 4850 3077 4903 ἐπὶ
3117 4849 3291 4918 τούτῳ
3336 4850 3708 4921 συλλογισμόν.
3762 4852 3851 4904 Οὐ

2260 4943 2370 5014 γὰρ
2402 4937 2468 5013 ἦν
2498 4943 2555 4994 ὲν
2597 4942 2789 4994 σπάνει
2811 4941 2919 4993 τῶν
2949 4941 3247 5012 ἱερουργιῖη
3284 4941 3446 5010 ἡτῶν
3474 4942 3610 4995 ὅλων
3638 4941 3851 5012 κατάρ-

2263 5050 2432 5105 χουσα
2457 5033 2636 5101 φύσις,
2673 5034 2741 5085 ἶν’
2760 5034 2817 5085 ὲν
2840 5033 2979 5101 αὐτῇ
3010 5030 3125 5103 [τσ.
3151 5031 3352 5103 ἑαυτῇ]
3385 5032 3849 5103 λειτουργήσειεν.

2280 5124 2498 5195 Ἐπειδὴ
2547 5124 2604 5177 δὲ
2643 5125 2802 5192 φύσει
2841 5124 2971 5188 Θεὸς
3018 5125 3277 5194 ὑπάρχων
3310 5125 3338 5176 ὁ
3378 5125 3705 5193 Μονογενὴς,
3747 5128 3856 5178 καὶ

2264 5218 2365 5282 τὰς
2393 5218 2546 5289 παρὰ
2582 5217 2690 5269 τῶν
2733 5217 3119 5288 ἰερατευόντων
3149 5214 3490 5284 λειτουργίας
3534 5215 3849 5284 δεχόμενος,

2265 5311 2345 5373 εἰς
2380 5307 2441 5361 τὸ
2487 5308 2599 5360 τῶν
2627 5307 2977 5377 τεταγμένων
3020 5308 3098 5367 εἰς
3150 5305 3459 5385 ἱερουργίαν
3509 5305 3852 5371 καταπεφοί-

2264 5414 2397 5466 τηκε
2431 5396 2653 5468 μέτρον,
2689 5395 2973 5466 ἄνθρωπος
3003 5393 3266 5463 γεγονὼς,
3322 5394 3396 5458 ὡς
3431 5394 3587 5463 ἔφην,
3632 5394 3849 5462 γένοιτο

2264 5488 2331 5541 ἂν
2353 5487 2462 5540 τῶν
2493 5490 2708 5542 ἀτόπων
2739 5488 2912 5551 οὐδὲν,
2946 5489 2995 5539 εἰ
3023 5484 3238 5538 καλοῖτο
3270 5486 3405 5556 πρὸς
3440 5486 3596 5561 ἡμῶν
3624 5488 3713 5540 καὶ
3739 5487 3849 5554 ἀρ-

2269 5578 2504 5649 χιερεύς.
2561 5578 2627 5632 Ἰι
2680 5581 2742 5633 ού
2803 5578 3179 5651 καταϐέϐηκεν
3215 5581 3273 5633 ἰν
3319 5583 3387 5650 τῇ
3408 5579 3596 5632 δούλου
3633 5578 3842 5647 μορφῇ,

2263 5755 2424 5812 Hebr.
2454 5770 2492 5824 ι,
2515 5756 2567 5810 3.
