4150 6438
417 359 517 416 ιει

1519 357 1900 415 ADVERSUS
1936 358 2014 414 NE

2118 359 2344 419 unum
2383 362 2510 418 ua.
2552 365 2641 420 ιιι.
2800 380 2805 389 -
3222 428 3229 433 ,
3418 353 3478 426 .‘
3604 366 3740 457 aea,

414 476 643 550 μορφὴν
696 474 941 547 δηλονότι
993 474 1186 528 δούλου
1235 473 1439 541 λαϐὼν,
1483 475 1663 529 καίτοι
1726 476 2014 548 χαρακτὴρ

2124 492 2372 536 naturam
2419 484 2577 549 liber,
2614 494 2801 552 utpote
2836 486 2996 550 Deus,
3026 487 3114 542 ille
3139 487 3231 556 qui
3264 496 3381 541 erat
3433 487 3485 541 in
3528 488 3700 541 forma

413 569 689 638 ὑπάρχων
736 565 831 619 καὶ
873 563 1219 634 ἀπαύγασμα
1270 566 1370 634 τῆς
1418 562 1576 634 δόξης
1621 563 1716 616 τοῦ
1768 565 2017 634 Πατρός;

411 656 532 711 ἀλλ’
563 658 668 709 ούκ
696 655 766 708 ἂν
794 652 1093 708 ὲνδοιάσειέ
1122 671 1227 716 τις.
1252 653 1382 706 Ὀτε
1415 654 1598 706 τοίνυν
1627 656 1657 706 6
1686 655 1824 707 κατὰ
1855 653 2020 721 φύσιν

415 746 558 799 ἰδίαν
583 743 897 814 ἐλεύθερος,
926 743 1002 806 ὡς
1026 742 1180 806 Θεὸς,
1201 743 1230 794 6
1257 744 1313 795 ἐν
1345 744 1529 812 μορφῇ
1561 742 1658 795 καὶ
1688 742 1893 811 ἰσότητι
1924 742 2021 794 τοῦ

414 836 858 905 γεγεννηκότος,
919 834 1301 905 κεχρημάτικε
1351 833 1568 898 δοῦλος,
1620 833 1712 886 τὸν
1746 831 1858 905 [ισ.
1883 831 2018 906 τῶν]

416 930 524 983 ὑπὸ
564 928 713 996 ζυγὰ
743 927 992 990 δουλείας
1023 926 1084 978 τὸ
1134 925 1333 998 μέτρον
1361 926 1423 978 ού
1457 924 1822 994 διωθούμενος
1871 926 2017 979 οἰκο-

414 1020 689 1091 νομικῶς,
723 1018 843 1073 ἀνθ’
870 1020 993 1071 ὅτου
1025 1016 1204 1080 δέδιας
1233 1016 1396 1069 αὑτὸν
1429 1016 1522 1070 καὶ
1545 1016 1805 1089 ἀρχιερέα
1832 1017 2017 1071 καλεῖν

411 1113 503 1165 διὰ
545 1112 611 1163 τὸ
650 1109 1032 1182 ἀνθρώπινον;
1078 1106 1327 1178 καθιεροῖ
1370 1105 1479 1176 γάρ
1520 1108 1668 1176 ἡμᾶς
1714 1107 1796 1168 είς
1839 1106 2016 1177 ὀσμὴν

411 1202 651 1265 εὐωδίας
682 1201 775 1255 διὰ
812 1200 915 1270 τῆς
946 1198 1220 1261 πίστεως·
1254 1199 1444 1251 ἑαυτόν
1477 1215 1537 1250 τε
1577 1197 1716 1268 ὑπὲρ
1746 1195 1913 1268 ’ἡμῶν
1940 1198 2015 1262 ὼς

411 1293 809 1363 εὑοσμώτατον
844 1291 993 1361 θῦμα
1016 1286 1435 1362 ⁸ἰιτροσκεκόμικε
1480 1289 1558 1359 τῷ
1597 1290 1795 1360 Πατρί.
1841 1290 1898 1343 '0
1934 1290 2012 1355 δὲ,

409 1386 517 1438 οὐκ
538 1382 638 1437 οἶδ’
660 1385 690 1436 6
711 1401 765 1435 τι
791 1383 989 1450 λέγων,
1017 1380 1361 1451 προσεπάγει
1389 1379 1601 1443 τούτοις
1625 1380 1787 1443 εὐθύς
1805 1396 1819 1410 ·
1846 1379 2015 1433 Πόθεν

408 1469 509 1527 οὖν
535 1476 566 1526 6
599 1472 738 1536 Θεὸς
777 1472 964 1534 αὐτοῖς
1004 1470 1308 1540 κεκλῆσθαι
1355 1469 1450 1523 νῦν
1500 1470 1793 1540 ἀρχιερεὺς
1830 1470 2015 1540 ἐνομί-

411 1568 588 1636 σθη,ὀ
621 1565 817 1628 θυσίας
845 1566 928 1627 εἷς
957 1562 1246 1633 ⁴προκοπὴν
1275 1562 1519 1632 ἰδίαν-,μὴ
1551 1562 1804 1633 χρῄζων;
1836 1564 1863 1614 6
1889 1563 2023 1631 Θεό-ί

407 1658 839 1730 τητοςδκτήτωρ
874 1675 896 1705 ι
927 1656 986 1720 ἐξ
1014 1653 1320 1725 ἀνθρώπων
1353 1652 1600 1722 ληφθεὶς,
1628 1652 1772 1723 ὑπὲρ
1805 1652 2014 1723 ἀνθρώ-

408 1767 531 1803 πων
562 1747 896 1801 καθίσταται
937 1747 1009 1799 τὰ
1040 1746 1177 1815 πρὸς
1213 1746 1303 1799 τὸν
1330 1744 1498 1812 Θεόν;
1527 1764 1547 1797 ι
1584 1743 1758 1798 Πόθεν
1795 1746 1894 1815 μὲν
1921 1742 2014 1799 οὗν

2122 583 2175 625 et
2203 572 2511 641 aequalitate
2536 578 2868 643 generautis,
2902 576 3077 634 iactus
3109 588 3193 632 est
3221 593 3444 639 servus,
3475 593 3700 632 mensu-

2120 679 2237 716 ram
2263 680 2449 719 eorum
2473 667 2564 735 qui
2610 668 2712 721 sub
2737 667 2864 739 iugo
2891 669 3172 724 servitutis
3204 680 3383 735 erant,
3417 671 3702 737 dispensa-

2123 759 2257 809 toria
2290 758 2503 813 ratione
2533 773 2637 812 non
2695 760 3037 828 dedignatus,
3082 775 3186 829 qua
3216 760 3281 814 de
3312 776 3473 815 causa
3506 762 3701 815 metuis

2119 863 2261 919 eum,
2314 849 2623 916 pontiﬁcem
2683 859 2905 919 propter
2948 839 3340 904 immanitatem
3370 844 3701 919 ‘appellare,

2118 940 2208 1008 qui
2240 949 2296 994 et
2332 955 2430 995 nos
2464 940 2624 995 oﬂert
2663 941 2713 994 iu
2746 940 3071 995 sacriﬁcium
3105 944 3437 1010 odoremque
3460 943 3700 997 suavita-

2121 1032 2189 1084 tis
2214 1044 2311 1100 per
2350 1030 2529 1096 ﬁdem,
2561 1042 2615 1085 et
2646 1031 2884 1100 seipsum
2920 1031 3063 1085 Patri
3111 1046 3208 1099 pro
3236 1032 3392 1085 nobis
3438 1042 3697 1101 tanquam

2118 1123 2550 1177 odoratissimam
2603 1124 2877 1177 victimam
2930 1125 3166 1177 obtulit?
3210 1124 3309 1177 Hic
3355 1140 3482 1179 vero
3531 1124 3683 1194 (quid

2119 1216 2261 1270 dicat
2315 1214 2522 1285 nescio)
2578 1215 2665 1269 his
2711 1215 2854 1269 illico
2893 1214 3191 1284 adjungit:
3249 1215 3535 1269 Undenant
3597 1216 3700 1284 ipsi

2118 1315 2420 1375 putarunt,
2477 1305 2646 1361 Deum
2702 1322 2845 1359 nunc
2895 1315 3140 1360 vocatum
3189 1321 3310 1361 esse
3362 1308 3698 1375 pontificem,

2119 1410 2241 1450 cum
2292 1395 2380 1449 ille
2417 1395 2591 1450 hostia
2624 1395 2690 1448 ad
2746 1395 3145 1463 promotionem
3192 1410 3343 1471 suam
3398 1411 3502 1449 nou
3555 1396 3701 1450 indi-

2117 1487 2288 1557 geat?
2325 1486 2551 1544 Deitatis
2603 1501 2891 1555 possessor
2927 1505 2946 1538 ι
2999 1502 3064 1541 ex
3113 1487 3433 1542 hominibus
3477 1502 3701 1545 assum-

2117 1588 2266 1650 ptus,
2292 1594 2391 1648 pro
2421 1580 2731 1634 hominibus
2754 1579 3104 1633 constituitur
3131 1579 3183 1633 in
3214 1580 3296 1633 his
3327 1594 3450 1647 qua:
3471 1589 3598 1633 sunt
3620 1578 3691 1632 ad

2120 1671 2285 1723 Deum
2323 1670 2389 1721 ”.
2422 1688 2441 1721 ι
2476 1669 2761 1726 Undenam
2795 1671 2962 1740 igitur
2994 1683 3162 1736 esset,
3189 1680 3245 1725 et
3277 1686 3440 1739 quam
3473 1671 3544 1724 ob
3573 1686 3704 1723 cau-

2116 1777 2233 1816 sam
2270 1763 2542 1830 Christus,
2591 1765 2694 1819 hoc
2734 1775 2836 1829 est,
2894 1765 3070 1834 ipsum
3112 1764 3203 1818 Dei
3254 1763 3486 1818 Verbum
3537 1763 3701 1818 homo

408 1838 500 1913 ἦν,
545 1843 581 1911 ἢ
627 1840 720 1893 διὰ
760 1839 920 1892 ποίαν
959 1838 1141 1891 αἰτίαν
1187 1836 1506 1907 ὠνόμασται
1540 1837 1807 1909 Χριστὸς,
1854 1854 2014 1889 τουτ-

2122 1856 2344 1916 factmn,
2378 1823 2677 1925 appellatus
2706 1823 3099 1925 sit‘Apo'stolus
3129 1864 3183 1910 et
3222 1855 3487 1921 Pontifex,
3521 1856 3700 1911 abun-

412 1935 586 1995 ἐστιν,
634 1930 927 1994 ἄνθρωπος
978 1927 1221 1997 γεγονὼς
1252 1930 1280 1981 6
1325 1927 1421 1982 τοῦ
1465 1928 1602 1981 Θεοῦ
1643 1929 1817 1997 Λόγος
1852 1928 2014 1981 Ἀπό-

413 2021 603 2085 στολος
640 2021 737 2073 καὶ
777 2020 1117 2090 Ἀρχιερεὺς,
1144 2017 1387 2087 διαρκῶς
1416 2019 1549 2089 ἡμῖν
1577 2021 1606 2072 6
1630 2018 1790 2087 λόγος
1817 2017 2015 2071 ἀποδέ-

412 2112 589 2183 δειχεν
622 2111 857 2181 ἀρτίως.
901 2106 1071 2179 Οἶμαι
1121 2108 1179 2163 δὲ
1220 2109 1331 2163 δεῖν
1368 2109 1468 2162 οὐκ
1505 2109 1868 2173 ἀϐασάνιστον
1917 2110 2013 2179 ὲᾷν

419 2204 517 2273 τὴν
551 2202 804 2273 ἀσδνήθη
850 2218 909 2253 τε
949 2202 1047 2254 καὶ
1080 2200 1242 2270 ξένην
1286 2201 1450 2254 αὑτοῦ
1489 2202 1694 2271 φωνήν.
1720 2196 1869 2272 Ἀρα
1904 2201 2014 2270 γὰρ

425 2294 669 2364 θεότητος
727 2295 977 2363 κτήτορα
1007 2292 1100 2345 τὸν
1139 2294 1204 2345 ὲκ
1235 2291 1369 2345 Θεοῦ
1417 2295 1553 2364 φησὶ
1584 2294 1779 2362 Λόγον,
1827 2292 1931 2346 κᾶν
1964 2293 2014 2343 εί

421 2384 523 2436 ἀνὰ
550 2384 716 2457 μέρος
751 2382 1002 2453 βούλοιτό
1030 2400 1116 2445 τις
1141 2384 1281 2434 νοεῖν
1309 2383 1472 2436 αὑτὸν
1502 2386 1597 2436 καὶ
1623 2383 1746 2453 δίχα
1771 2383 2011 2454 σαρκός;

413 2471 525 2547 ἆρα
550 2476 627 2539 ὡς
662 2478 799 2547 παρ’
826 2476 990 2529 αὐτὸν
1020 2475 1216 2545 ἑτέραν
1247 2474 1344 2545 τὴν
1374 2474 1605 2546 θεότητα
1642 2476 1807 2529 αὐτοῦ
1850 2475 2015 2546 διορί-

410 2567 604 2632 ζεταις
636 2563 730 2639 ἦς,
772 2568 875 2620 οὐκ
902 2564 997 2620 οἷδ’
1025 2567 1196 2629 ὅπως,
1227 2566 1371 2619 καθά
1407 2583 1575 2636 φησιν
1606 2567 1790 2631 αὐτὸς,
1820 2567 2013 2635 γέγονε

409 2660 661 2729 κτήτωρ,
710 2658 791 2720 ὼς
848 2656 1333 2726 προσειλημμένης
1388 2655 1590 2719 ἔξωθεν
1636 2656 1732 2709 καὶ
1775 2658 2013 2727 ἐπισυμ-

406 2750 589 2820 ϐασης
617 2748 794 2819 αὐτῷ,
833 2748 1011 2801 καίτοι
1044 2748 1165 2819 Θεῷ
1203 2749 1345 2803 κατὰ
1374 2750 1537 2818 φύσιν
1567 2750 1667 2801 οὐκ
1713 2748 1826 2802 ὄντι
1865 2748 2016 2819 αὺτῷ

407 2860 573 2905 ποτε,
590 2843 784 2896 ὁποῖόν
803 2845 920 2896 ἐστι
940 2843 1002 2896 τὸ
1024 2842 1177 2913 παρά
1196 2844 1297 2913 τῆς
1313 2843 1549 2916 ἀρχαίας
1573 2843 1792 2913 ἐκείνης
1815 2861 2011 2912 γυναι-

408 2936 531 2999 κὸς,
554 2936 707 3005 φημὶ
727 2935 794 3005 δὴ
823 2936 923 3006 τῆς
940 2933 1106 3001 Εὔας,
1121 2934 1386 3005 τεκούσης
1404 2939 1496 2989 τὸν
1521 2935 1626 3006 Σήθ
1650 2937 1762 3007 (19)
1783 2953 1797 2968 ο
1835 2955 1854 2988 ι
1897 2937 2020 2990 Ἐκ-

406 3029 674 3099 τησάμην
691 3027 977 3095 ἄνθρωπον
994 3027 1084 3080 διὰ
1115 3026 1210 3080 τοῦ
1244 3027 1399 3081 Θεοῦ.
1442 3028 1619 3080 Ἀλλ’»
1655 3024 1833 3098 οἶμαι,
1858 3027 2018 3081 τοῦτό

410 3123 566 3174 ἐστιν
614 3118 929 3187 ἀπόϐλητον
965 3118 1248 3182 παντελῶς
1296 3117 1448 3188 αύτῷ
1482 3136 1540 3172 τε
1585 3119 1677 3172 καὶ
1737 3120 1923 3171 πᾶσιν.
1951 3118 2016 3171 Τί

409 3209 508 3265 οὖν
553 3212 904 3282 ἀκυρολογεῐ,
939 3212 1034 3264 καὶ
1069 3214 1446 3283 παραρριπτεῖ
1491 3212 1675 3281 φωνὰς
1722 3213 2016 3275 ἀσυνέτους

413 3300 503 3353 ἐπ’
524 3300 854 3368 ἀναγκαίοις
883 3298 1025 3353 οὕτω
1054 3301 1404 3371 πράγμασιν;
1428 3302 1498 3354 Ἢ
1525 3302 1625 3354 οὐκ
1651 3300 1719 3355 ἂν
1741 3301 1894 3369 ὄφλοι
1922 3300 2017 3369 γέ-

411 3393 566 3445 λωτα
600 3392 701 3444 καὶ
739 3392 1172 3459 φρενοϐλαϐείας
1204 3394 1445 3464 γραφὴν,
1480 3395 1529 3446 εί
1561 3394 1625 3466 δὴ
1660 3394 1901 3465 βούλοιτό
1933 3412 2015 3458 τις

410 3484 515 3537 ἱνα
554 3484 673 3535 τῶν
724 3483 847 3535 καθ’
885 3483 1032 3552 ἡμᾶς
1072 3481 1493 3554 ἀνθρωπότητος
1536 3485 1777 3555 κτήτορα
1809 3484 2012 3554 λέγειν,

411 3576 587 3643 ﬁrm
640 3574 735 3626 τὸν
770 3574 935 3626 ἵππον
983 3574 1315 3644 ἱππόττιιτοςς
1358 3576 1455 3639 Τίς
1500 3573 1612 3647 ἄρα
1645 3576 1831 3629 λοιπὸν
1858 3580 1887 3630 ὁ
1916 3577 2014 3646 τῆς

416 3665 681 3733 θεότητος
716 3668 956 3735 κτήτωρ,
995 3684 1014 3716 ι
1032 3667 1062 3718 ὁ
1091 3665 1151 3731 ἐξ
1179 3665 1485 3736 ἀνθρώπων
1510 3650 1746 3737 ληφθεὶς
1773 3668 1843 3723 τὰ
1877 3668 2014 3739 πρὸς

415 3755 509 3807 τὸν
534 3754 674 3808 Θεὸν
703 3754 1058 3819 meis-ratu;
1098 3755 1247 3826 Ἐρεί
1275 3757 1415 3826 τάχα
1458 3773 1561 3809 που
1590 3757 1783 3811 διελὼν
1815 3761 1894 3822 είς
1921 3759 2017 3812 δύο

414 3848 510 3899 τὸν
553 3847 656 3901 ἕνα
701 3848 957 3917 Χριστὸν,
995 3848 1087 3901 τὸν
1118 3850 1183 3901 ὲκ
1213 3850 1311 3919 τῆς
1343 3851 1506 3917 ἁγίας
1555 3852 1870 3922 Παρθένου·
1917 3854 2013 3920 γέ-

411 3956 669 4010 γραπται
705 3936 816 4010 [ίσ.
847 3940 1171 4011 τέτραπται]
1204 3942 1314 4012 γάρ
1352 3961 1469 4006 πως
1500 3945 1578 4006 είς
1608 3946 1765 3998 τοῦτο
1796 3946 1893 3998 καὶ
1920 3946 2014 3999 νῦν

409 4035 441 4084 ὁ
468 4032 684 4093 σκοπὸς
709 4030 859 4101 αὐτῷ
877 4047 892 4061 ·
924 4032 1120 4102 κτῆσις
1143 4029 1237 4087 οὖν
1268 4034 1558 4105 ἀνθρώπου
1588 4036 1814 4104 γέγονεν
1840 4040 1874 4108 ἡ
1905 4038 2016 4091 θεό-

411 4139 550 4191 της,
588 4121 717 4174 εἰπέ
757 4139 875 4192 μοι,
923 4124 1017 4175 καὶ
1057 4112 1258 4193 συνέϐη
1302 4125 1409 4177 τινὶ
1462 4125 1571 4177 τῶν
1603 4126 1727 4179 καθ’
1754 4128 1922 4197 ἡμᾶς,
1954 4128 2015 4181 τὸ

413 4214 585 4282 φύσει
612 4229 676 4265 τε
707 4214 806 4266 καὶ
839 4212 1068 4284 ἀληθείᾳ
1111 4214 1366 4282 γενέσθαι
1402 4214 1557 4281 Θεὸν,
1589 4218 1683 4271 καὶ
1726 4217 1830 4287 τῆς
1869 4219 2011 4272 ἀνω-

409 4309 570 4361 τάτω
605 4305 802 4359 πασῶν
842 4306 937 4359 καὶ
971 4307 1287 4378 ὑπερτάτης
1330 4309 1520 4372 οὐσίας
1567 4310 2013 4381 καταπλουτῆσαι

409 4399 517 4467 τὴν
553 4397 878 4466 ὑπεροχήνς
917 4396 1134 4464 Ἀπαγε
1170 4397 1270 4467 τῆς
1317 4397 1671 4463 δυσϐουλίας,
1717 4399 1973 4470 ἄνθρωπε
1995 4418 2008 4430 ·

2116 1948 2185 2003 de
2230 1952 2479 2017 proximo
2525 1964 2778 2004 sermone
2829 1949 3160 2017 patefactum
3203 1958 3327 2003 est:
3381 1949 3477 2004 sed
3518 1959 3699 2003 tamen

2100 2039 2386 2117 (insuetam
2425 2049 2480 2094 et
2515 2055 2710 2094 novam
2759 2041 2875 2107 ejus
2926 2054 3112 2093 vocem
3143 2054 3251 2092 non
3285 2054 3406 2094 esse
3437 2040 3553 2092 sine
3588 2040 3703 2093 dis-

2114 2132 2370 2186 cussione
2416 2133 2852 2199 prmtereundam
2896 2145 3117 2185 censeo.
3159 2129 3298 2184 Num
3338 2133 3482 2184 enim
3517 2129 3701 2184 Deita-

2120 2225 2188 2278 tis
2220 2214 2589 2293 possessorem
2642 2223 2817 2292 ipsum
2862 2238 2927 2277 ex
2962 2222 3071 2276 Deo
3099 2223 3337 2277 Verbum
3379 2223 3531 2286 dicit,
3574 2223 3697 2275 licet

2115 2329 2360 2370 seorsum
2397 2314 2528 2368 illud
2584 2313 2891 2380 intelligere
2940 2313 3227 2382 quisquam
3271 2313 3401 2367 velit
3453 2322 3508 2367 et
3553 2315 3691 2366 citra

2116 2403 2376 2461 carnem?
2406 2421 2473 2457 an
2504 2403 2673 2473 ipsius
2702 2403 3039 2457 divinitatem
3074 2412 3331 2471 tanquam
3370 2403 3440 2456 ab
3473 2405 3593 2472 ipso
3618 2404 3702 2456 di-

2116 2511 2332 2551 versam
2364 2494 2689 2563 distinguit?
2717 2494 2875 2560 cujus
2922 2495 3107 2548 nescio
3140 2508 3374 2562 quonam
3425 2494 3608 2557 modo,
3640 2502 3696 2545 ut

2118 2587 2232 2657 ipse
2258 2586 2356 2651 ait,
2392 2599 2676 2653 possessor
2709 2593 2793 2638 est
2825 2585 3022 2649 factus,
3058 2592 3310 2652 tanquam
3340 2585 3383 2637 si
3419 2584 3695 2638 extrinse-

2117 2694 2213 2734 cus
2246 2687 2471 2746 accepta
2504 2677 2597 2739 sit,
2635 2686 2691 2730 et
2726 2676 2802 2729 illi
2844 2676 3146 2738 advenerit,
3177 2675 3307 2730 licet
3336 2675 3426 2730 ille
3450 2675 3695 2743 aliquau-

2117 2768 2188 2822 do
2221 2766 2364 2820 Deus
2394 2765 2693 2821 secundum
2726 2774 2977 2819 naturam
3015 2779 3120 2818 non
3156 2764 3337 2831 fuerit,
3375 2765 3534 2834 quale
3567 2764 3697 2818 illud

2116 2866 2200 2911 est
2227 2872 2259 2911 a
2302 2857 2484 2925 prisca
2511 2857 2601 2910 illa
2630 2857 2853 2921 femina,
2883 2856 3268 2925 Eva,inquam,
3301 2857 3529 2919 dictum,
3573 2870 3694 2909 cum

2116 2947 2251 3002 Seth
2302 2947 2469 3000 tilium
2517 2946 2677 3001 enixa
2719 2956 2913 3002 esset:
2948 2965 2967 2997 ι
3021 2945 3241 3000 Pussedi
3289 2946 3560 3000 hominem
3604 2958 3700 3013 per

2116 3038 2286 3093 Deum
2315 3040 2355 3093 ί.
2395 3057 2415 3091 ι
2457 3037 2563 3093 Sed
2594 3039 2666 3101 id,
2704 3039 2804 3093 nisi
2836 3038 3019 3103 fallor,
3048 3026 3101 3091 et
3129 3038 3245 3105 ipse
3271 3048 3323 3092 et
3353 3052 3545 3092 omnes
3577 3039 3695 3108 pia-

2122 3147 2190 3187 ne
2222 3133 2583 3202 reSpuendum
2612 3141 2860 3186 censent.
2897 3129 3007 3184 Cur
3039 3145 3170 3198 ergo
3204 3130 3499 3199 improprie
3528 3129 3701 3197 loqui-

2124 3235 2234 3291 tur,
2267 3234 2323 3280 et
2354 3224 2733 3295 imprudenter
2763 3237 2923 3277 voces
2975 3219 3211 3292 proiicit,
3265 3223 3318 3276 in
3364 3222 3526 3277 rebus
3561 3222 3700 3277 adeo

2119 3317 2412 3388 gravibus?
2441 3315 2640 3370 Annon
2690 3316 2950 3370 ridendus
2977 3324 3294 3378 censeatur,
3324 3322 3379 3367 et
3410 3314 3699 3369 dementia:

2120 3409 2328 3464 crimen
2369 3410 2634 3471 incurrat,
2694 3408 2739 3464 si
2777 3409 2899 3476 quis
2939 3421 3105 3460 unum
3154 3406 3224 3461 de
3269 3414 3456 3460 nostro
3500 3418 3700 3475 genere

2117 3500 2248 3553 velit
2293 3499 2648 3554 humanitatis
2696 3513 3066 3567 possessorem
3113 3498 3314 3561 dicere,
3350 3506 3444 3549 ant
3493 3511 3691 3565 equum

2118 3590 2329 3659 equinae
2360 3589 2612 3644 naturae?
2633 3590 2764 3655 Quis
2814 3604 2944 3657 ergo
2974 3597 3057 3643 est
3107 3588 3195 3643 ille
3228 3589 3533 3643 divinitatis
3573 3602 3698 3656 pos-

2119 3696 2325 3746 sessor,
2358 3699 2378 3731 ι
2411 3681 2503 3751 qui
2535 3696 2601 3734 ex
2632 3680 2942 3734 hominibus
2976 3680 3286 3749 assumptus
3314 3720 3328 3743 ,
3373 3693 3472 3747 pro
3519 3676 3700 3733 homi-

2118 3774 2278 3828 nibus
2307 3772 2663 3827 constituitur
2688 3770 2743 3823 in
2774 3770 2860 3824 his
2889 3783 3010 3838 quae
3050 3779 3180 3823 sunt
3208 3770 3273 3821 ad
3320 3767 3530 3822 Deum?
3560 3786 3580 3818 ι
3609 3767 3700 3820 Di-

2118 3873 2207 3919 cet
2236 3861 2493 3924 fortasse,
2523 3876 2690 3914 unum
2718 3859 3001 3914 Christum
3037 3859 3092 3912 in
3120 3859 3257 3913 duos
3281 3858 3550 3924 dividens,
3576 3871 3700 3912 esse

2119 3954 2264 4007 illum
2293 3968 2359 4007 ea
2387 3962 2575 4006 sancta
2616 3951 2835 4019 Virgine
2861 3967 2875 4002 :
2920 3952 3025 4003 huc
3071 3949 3216 4003 enim
3246 3949 3425 4003 omnis
3457 3948 3579 4016 ejus
3611 3949 3698 4002 in-

2118 4042 2287 4098 tentio
2332 4050 2558 4108 spectat.
2595 4040 2806 4110 Ergone
2839 4039 3112 4109 possessio
3164 4039 3402 4094 hominis
3436 4039 3577 4092 facta
3610 4050 3695 4094 est

2117 4133 2228 4201 ipsa
2261 4130 2542 4191 divinitas,
2582 4144 2710 4198 rogo
2738 4137 2810 4195 te,
2840 4141 2895 4182 et
2918 4128 3079 4181 alicui
3112 4144 3157 4201 ,ο
3188 4127 3345 4183 nobis
3382 4127 3614 4195 contigit
3636 4137 3697 4182 ut

2115 4222 2412 4278 secundum
2459 4230 2709 4275 naturam
2745 4235 2809 4276 ac
2843 4235 2968 4276 vere
3009 4220 3154 4275 Deus
3195 4220 3372 4286 ﬁeret,
3418 4228 3476 4275 et
3511 4233 3697 4275 essen-

2118 4315 2205 4368 tia:
2225 4314 2466 4368 omnium
2504 4328 2728 4367 summa:
2756 4326 2820 4367 ac
2852 4313 3323 4381 praestantissima:
3369 4310 3693 4366 excellentia

2114 4404 2382 4458 ditaretur
2406 4403 2430 4457 ?
2457 4403 2571 4474 68
2596 4404 2801 4472 Apage,
2839 4403 3023 4468 homo,
3060 4403 3129 4456 ab
3155 4403 3257 4457 hac
3298 4401 3527 4457 stultitia
3554 4419 3569 4456 :
3596 4414 3696 4456 ne-

411 4489 757 4557 κεκτήσεται
785 4486 895 4557 γάρ
924 4486 1118 4553 οὐδεὶς,
1150 4488 1244 4543 καὶ
1278 4488 1354 4552 ὡς
1388 4490 1523 4543 ίδίαν
1548 4491 1616 4543 ἂν
1645 4490 1761 4561 ἔχοι
1785 4492 1885 4563 τὴν
1912 4496 2011 4564 τῆς

2117 4507 2220 4559 que
2246 4490 2392 4546 enim
2449 4491 2737 4559 quisquam
2785 4505 2854 4545 ex
2900 4490 2989 4544 his
3036 4490 3127 4559 qui
3167 4490 3307 4545 inter
3338 4490 3517 4559 genita
3566 4504 3696 4544 cen-

410 4581 683 4649 Θεότητος
713 4578 897 4647 φύσιν,
940 4578 1050 4631 τῶν
1081 4578 1380 4633 τελούντων
1424 4583 1484 4634 ὲν
1524 4586 1820 4652 γεννητοῖς.
1851 4584 2012 4637 Ἰδιον

2117 4593 2326 4646 sentur,
2377 4581 2674 4650 possidebit
2730 4590 2785 4635 et
2844 4590 3098 4649 tanquam
3157 4580 3429 4650 propriam
3477 4578 3692 4634 habebit

408 4666 481 4740 ἦν
507 4669 575 4721 τὸ
606 4669 771 4737 σῶμα
794 4667 891 4721 τοῦ
922 4669 1099 4738 Λόγου
1117 4686 1132 4700 ’
1165 4671 1259 4723 καὶ
1282 4669 1357 4733 ὠς
1375 4670 1471 4724 ενα
1495 4671 1627 4725 Θεὸν
1658 4673 1751 4725 κα)⁵
1779 4673 2013 4742 Χριστὸν

2117 4680 2370 4727 naturam
2423 4670 2754 4724 divinitatis.
2809 4667 3098 4736 Proprium
3150 4676 3271 4723 erat
3322 4667 3487 4722 Verbi
3518 4669 3694 4738 ipsum

408 4762 513 4814 καὶ
541 4760 677 4814 Υίὸν
707 4761 803 4814 καὶ
829 4760 1032 4831 Κύριον
1060 4761 1158 4814 σὺν
1185 4761 1334 4831 αὐτῷ
1360 4762 1805 4833 προσκεκύνηκεν
1831 4767 1865 4832 ἡ
1901 4766 2013 4818 κτί-

2117 4778 2341 4833 corpus,
2386 4773 2442 4817 et
2472 4776 2577 4815 una
2613 4776 2736 4816 cum
2785 4761 2879 4816 illo
2916 4770 3173 4829 tanquam
3220 4775 3384 4815 unum
3432 4761 3597 4816 Deum
3640 4769 3698 4815 et

408 4868 537 4915 σις,
584 4851 684 4903 καὶ
731 4849 1107 4918 δοξολογοῦσιν
1142 4851 1192 4903 οἱ
1237 4851 1493 4921 οὐρανοὶ,
1547 4853 1641 4905 καὶ
1695 4852 1793 4906 σὺν
1827 4853 2012 4917 αὐτοῖς

2117 4856 2391 4912 Christum
2422 4863 2477 4909 et
2521 4854 2717 4909 Filium
2746 4860 2800 4908 et
2835 4854 3128 4908 Dominum
3161 4859 3353 4907 adorat
3398 4854 3512 4923 ipsa
3541 4866 3697 4908 crea-

407 4945 619 5013 ήμείςο
652 4940 731 5002 ὡς
761 4940 871 5011 γὰρ
908 4943 937 4993 6
972 4943 1259 5012 προφήτης
1299 4943 1483 5012 φησὶν,
1520 4961 1539 4995 ι
1583 4942 1885 5012 Ἐκάλυψεν
1918 4946 2009 4998 οὐ·

409 5036 621 5106 ρανοὺς
647 5035 682 5103 ἡ
716 5034 888 5105 ἀρετὴ
918 5033 1108 5100 αὐτοῦ,
1135 5035 1232 5087 καὶ
1258 5037 1357 5105 τῆς
1388 5036 1648 5099 αἰνέσεως
1680 5036 1847 5090 αὑτοῦ
1879 5037 2015 5108 πλή-

406 5140 518 5194 ρης
566 5124 604 5193 ἠ
656 5122 767 5191 γῆ,
794 5141 812 5173 ι
867 5124 967 5193 οὐχ
1002 5123 1078 5185 ὡς
1108 5122 1399 5195 ἀνθρώπου
1461 5124 1692 5194 θεότητα
1730 5128 2015 5198 κτησαμέ-

405 5232 505 5267 νου
529 5231 544 5247 -
582 5213 705 5276 πῶς
732 5212 863 5283 γὰρ,
892 5213 926 5283 ἢ
959 5212 1157 5278 πόθεν;
1193 5213 1310 5267 ἀλλ’
1336 5215 1411 5278 ὡς
1441 5215 1499 5267 ἐν
1543 5215 1849 5286 προσλήψει
1880 5234 2014 5287 σαρ-

406 5306 509 5365 κὸς
535 5302 838 5375 ἀνθρώπου
868 5302 1154 5371 γεγονότος
1187 5303 1281 5357 τοῦ
1311 5305 1377 5358 ἐκ
1404 5303 1542 5358 Θεοῦ
1575 5305 1788 5375 Πατρὸς
1814 5306 2011 5374 Λόγου.

2121 4956 2266 5010 tura,
2296 4956 2351 5001 et
2381 4946 2508 5002 cmli
2548 4943 2874 5015 gloriticant,
2908 4954 2962 5000 et
2992 4959 3116 4999 cum
3160 4945 3295 5013 ipsis
3326 4959 3425 4999 nos
3456 4957 3693 5015 quoque.

2120 5036 2193 5093 Ut
2219 5038 2365 5093 enim
2397 5038 2473 5091 ait
2502 5036 2765 5107 propheta
2793 5054 2809 5091 :
2838 5055 2859 5088 ι
2882 5035 3113 5105 Operuit
3148 5038 3319 5093 cmlos
3345 5037 3518 5091 virtus
3557 5036 3693 5104 ejus,

2117 5140 2173 5183 et
2200 5128 2375 5183 laudis
2404 5129 2523 5198 ejus
2556 5128 2715 5198 plena
2750 5136 2835 5184 est
2878 5138 3025 5183 terra
3052 5130 3073 5161 ³
3112 5148 3126 5183 :
3165 5148 3184 5181 ι
3216 5144 3324 5185 non
3356 5129 3499 5198 quod
3534 5129 3697 5183 homo

2117 5218 2460 5273 divinitatem
2496 5219 2841 5290 possederit:
2884 5221 2976 5290 qui
3037 5222 3182 5276 enim
3205 5260 3221 5286 ,
3248 5229 3343 5275 aut
3377 5216 3696 5275 undeuam?

2118 5311 2211 5365 sed
2238 5312 2382 5378 quod
2434 5311 2609 5380 ipsum
2644 5326 2708 5366 ex
2746 5311 2855 5371 Deo
2905 5312 3071 5369 Patre
3109 5311 3349 5368 Verbum
3398 5312 3696 5366 humanam

417 5396 573 5451 Ἀλλ’
604 5397 749 5449 ἔστω
788 5395 956 5465 τυχὸν
984 5397 1013 5448 6
1041 5394 1101 5460 ἐξ
1128 5395 1433 5467 ἀνθρώπων
1464 5395 1691 5467 ληφθεὶς
1710 5436 1724 5461 ,
1762 5396 2014 5465 θεότητος

2120 5417 2335 5457 carnem
2366 5405 2743 5473 assumpserit.
2778 5403 2885 5459 Sed
2930 5405 3002 5460 sit
3039 5420 3193 5467 sane,
3221 5402 3310 5457 ille
3349 5417 3419 5458 ex
3453 5398 3693 5457 homini-

477 5510 528 5542 θ’
562 5506 728 5561 Hebr.
755 5522 808 5572 v,
836 5508 891 5561 9.
974 5505 990 5535 ¹
1023 5505 1159 5560 Gen.
1188 5523 1260 5571 tv,
1292 5510 1341 5562 l.
1417 5510 1437 5538 ’
1472 5506 1672 5563 llabac.
1701 5523 1783 5570 Ill,
1807 5509 1863 5566 5.

1688 5643 1847 5699 ANT.
1881 5645 2150 5699 AGELLIl
2183 5630 2413 5702 Noras.
2466 5594 2473 5615 ’

370 5792 377 5797 ρ
485 5754 606 5826 (l9)
648 5751 742 5808 Vel
777 5750 913 5808 Seth
949 5767 1048 5821 pro
1083 5750 1216 5808 Cain
1258 5755 1500 5827 irrepsit,
1536 5756 1618 5812 vel
1658 5766 1898 5812 erratum
1931 5757 2205 5814 memoriae
2264 5768 2442 5820 cst,ex
2464 5756 2602 5811 Gen.
2638 5772 2710 5823 tv,
2748 5759 2796 5825 l,
2827 5758 3225 5826 castigandum.
