4150 6486
442 372 549 429 123

1478 369 1537 426 S.
1579 369 1847 425 CYBILLI
1887 368 2356 424 ALEXANDRLVI
2399 367 2715 424 ARCIIIEP.

3608 366 3709 423 l26

449 491 551 546 bus
573 501 907 561 assumptus,
935 506 1219 562 possessor
1242 490 1560 555 divinitatis,
1579 501 1637 544 nt
1661 490 1756 544 tibi
1783 492 1883 560 ipsi
1908 492 2019 559 pla-

2124 487 2365 558 κτήτωρ,
2390 487 2534 540 κατά
2555 503 2619 555 γε
2640 486 2699 538 τὸ
2719 484 2868 554 αὐτῷ
2894 501 2976 537 σοι
3000 482 3215 548 δοκοῦν,
3242 481 3365 545 mire
3381 480 3704 538 καθίσταται

324 639 331 645 ,
380 584 389 591 ’
447 593 534 637 cet
563 600 577 635 :
606 585 877 651 quomodo
896 584 1246 638 constituitur
1265 582 1318 637 in
1346 584 1430 636 his
1445 598 1565 650 qum
1590 591 1717 636 sunt
1737 582 1803 633 ad
1834 583 2020 647 Deum,

447 685 505 726 ut
521 675 758 743 pontifex
783 674 1075 728 nimirum?
1096 684 1350 729 utrumne
1367 675 1648 728 divinitate
1670 673 1846 727 nudus
1860 688 2022 743 quam

446 766 708 835 possedit,
743 767 851 821 Deo
881 767 1234 832 sacrificabit,
1266 784 1333 821 an
1373 768 1519 821 illam
1556 767 1713 836 quasi
1747 766 2022 835 propriam

449 856 694 911 habens?
719 859 768 909 id
786 859 950 921 enim,
973 870 1028 913 ut
1051 864 1264 927 Opinor,
1289 874 1391 912 non
1418 859 1620 928 aliquid
1646 858 1791 912 aliud
1811 857 2020 927 signiﬁ-

447 957 553 1009 cat,
571 948 713 1015 quod
735 948 1041 1016 possedisse
1071 949 1286 1002 dicitur.
1310 948 1368 1002 Si
1389 947 1582 1007 nudus.
1617 963 1720 1001 non
1745 947 2018 1016 possedit;

445 1036 529 1089 sin
555 1048 611 1089 ut
640 1036 786 1089 illam
815 1039 1085 1107 propriam
1113 1038 1339 1101 habens,
1360 1030 1613 1091 divinitas
1647 1036 1832 1105 procul
1857 1037 2021 1093 dubio

448 1121 560 1175 Deo
584 1123 931 1179 sacriﬁcabit.
951 1124 1087 1190 Quid
1120 1125 1282 1194 igitur
1313 1135 1530 1189 :rstuas,
1547 1134 1601 1178 et
1626 1139 1841 1178 sursum
1866 1124 2023 1177 deor-

447 1229 567 1266 sum
606 1217 890 1281 perturbas
926 1217 1140 1278 omnia,
1172 1225 1225 1269 et
1264 1216 1385 1269 lidei
1425 1216 1766 1270 traditionem
1812 1200 2021 1270 adulte-

449 1319 569 1359 rare
599 1320 704 1357 non
734 1306 1055 1361 erubescis?
1100 1306 1270 1360 Habet
1300 1307 1668 1361 necessariam
1698 1322 1918 1362 causam
1955 1307 2021 1359 il-

447 1394 538 1447 Iud
563 1410 629 1448 es
686 1395 793 1448 Deo
823 1396 981 1450 Patre
1018 1398 1275 1460 Verbum,
1310 1398 1529 1453 etiamsi
1564 1397 1910 1453 sacriﬁcasse
1932 1399 2021 1453 di-

447 1495 603 1539 catur
645 1485 753 1541 Dco
786 1502 848 1542 ac
885 1487 1029 1540 Patri
1062 1507 1076 1543 :
1132 1487 1379 1543 functum
1418 1498 1504 1544 est
1539 1488 1687 1543 enim
1725 1490 2018 1544 sacerdotii

446 1589 693 1641 munere,
735 1592 839 1632 non
881 1578 1102 1647 quidem
1140 1580 1258 1634 sine
1288 1594 1477 1643 carne,
1508 1580 1603 1634 sed
1631 1581 1805 1635 nostri
1844 1580 2023 1653 simile

446 1670 672 1732 factum,
698 1670 897 1739 quibus
937 1671 1123 1741 gloria:
1157 1679 1243 1725 est
1273 1670 1564 1725 sacerdOtii
1600 1670 1875 1726 nobilitas.
1900 1671 2018 1726 Alia

443 1776 661 1832 quoque
697 1763 906 1817 ratione
936 1762 1193 1831 perfacile
1215 1773 1297 1819 est
1325 1762 1535 1827 videre,
1568 1762 2019 1817 absurdissimum

445 1866 580 1905 sane
609 1867 730 1905 esse
758 1862 815 1906 et
860 1851 1108 1906 stultitiae
1130 1850 1381 1921 plenum,
1417 1851 1564 1905 illum
1604 1865 1672 1906 ex
1692 1849 2021 1905 ’hominibus
2053 1832 2093 1885 Β

444 1953 782 2010 assumptum
842 1958 1210 2012 possessorem
1266 1944 1568 1999 divinitatis
1618 1943 1913 2015 appellare,
1968 1952 2023 1999 et

443 2033 797 2087 constitutum
830 2033 885 2088 in
917 2034 1000 2088 his
1031 2049 1150 2103 qua!
1179 2044 1305 2089 sunt
1343 2035 1408 2089 ad
1451 2035 1617 2090 Deum
1648 2051 1666 2091 :
1698 2050 1825 2090 nam
1849 2037 1894 2091 si
1931 2051 2021 2091 as-

446 2132 693 2193 sumptus
716 2134 801 2180 est
828 2140 857 2178 a
891 2124 1023 2193 Deo,
1055 2125 1727 2197 quomodojassumentem
1763 2142 1825 2183 se
1854 2137 2017 2183 natu-

447 2230 562 2270 ram
589 2218 878 2285 acquisivit
904 2232 969 2272 ac
996 2218 1277 2287 possedit?
1320 2234 1445 2273 nam
1476 2221 1592 2290 ipsa
1630 2235 1718 2276 res
1742 2232 2020 2289 assumpta

443 2305 552 2360 crit
583 2306 769 2374 procul
802 2308 969 2362 dubio
1006 2309 1338 2364 assumentis
1389 2311 1700 2378 possessio,
1749 2326 1855 2365 non
1892 2326 2020 2381 pos-

443 2396 585 2452 sidet
615 2409 984 2452 assumentem
1012 2416 1026 2452 :
1061 2399 1209 2454 verbi
1244 2400 1440 2469 gratia,
1480 2401 1725 2469 pecunia:
1749 2401 2020 2471 quispiam

443 2489 622 2545 factus
670 2499 753 2544 est
804 2505 1107 2559 possessor,
1142 2490 1225 2546 vel
1274 2492 1518 2546 scientia:
1566 2491 1860 2562 cujuslibet
1898 2494 2017 2548 rei:

443 2592 625 2632 nonne
670 2579 926 2634 omnibus
975 2581 1323 2651 perspicuum
1374 2590 1459 2636 est
1519 2597 1625 2636 non
1684 2583 1858 2652 ipsum
1900 2598 2024 2640 esse

441 2670 841 2738 possessionem
867 2673 1132 2741 pecuniae,
1163 2682 1259 2728 aut
1296 2673 1439 2729 illius
1469 2675 1668 2729 addita
1699 2675 1802 2730 sibi
1838 2677 2020 2732 scien-

443 2760 551 2825 tiae,
579 2762 673 2815 sed
706 2763 969 2831 possideri
1006 2764 1076 2818 ab
1105 2765 1222 2835 ipso
1256 2766 1437 2834 potius
1462 2781 1575 2820 rem
1608 2776 1886 2835 acceptam
1907 2767 1933 2821 ἲ
1965 2767 2019 2823 Id

440 2852 659 2919 quidem
688 2852 833 2908 nullo
859 2856 1041 2919 modo,
1077 2867 1137 2911 ut
1162 2856 1379 2926 opinor,
1422 2865 1507 2910 est
1551 2857 1883 2926 ambiguum.
1916 2858 2020 2928 lgi-

443 2951 533 2996 tur
575 2943 620 2997 si
676 2945 946 2999 rationem
978 2961 1084 3016 qua
1136 2945 1227 3001 ille
1277 2946 1600 3017 Unigenitus
1647 2948 1812 3005 homo
1844 2950 2019 3006 factus

439 3040 547 3097 est,
587 3034 925 3101 exquirendo
959 3036 1255 3101 curiosius,
1281 3038 1587 3094 invenimus
1621 3039 1896 3098 hominem
1929 3057 2019 3098 as-

440 3124 748 3192 sumptione
775 3127 1081 3184 divinitatis
1123 3127 1326 3183 factum
1377 3128 1584 3198 Deum,
1611 3131 1771 3188 liceat
1797 3148 1920 3189 eum
1949 3150 2015 3189 es

443 3225 535 3268 tuo
567 3218 903 3285 praescripto,
934 3218 1232 3275 divinitatis
1273 3236 1643 3290 possessorem
1685 3225 1962 3294 appellare
1995 3244 2010 3282 :

441 3305 608 3374 ipsius
620 3311 763 3379 enirn
787 3309 928 3366 facta
942 3322 1024 3367 est
1043 3313 1155 3381 ipsa
1174 3315 1449 3369 divinitas.
1467 3314 1561 3369 Sin
1583 3314 1816 3371 Verbum
1838 3319 2012 3387 ipsum

439 3413 562 3454 cum
604 3411 749 3454 esset
802 3402 978 3468 Deus,
1030 3407 1385 3475 apprehendit
1431 3423 1614 3463 semen
1665 3411 2013 3477 Ahralratn',

438 3499 638 3546 etcum
672 3492 787 3563 69
814 3504 957 3549 esset
991 3495 1047 3549 in
1081 3496 1256 3553 forma
1288 3498 1380 3552 Dei
1412 3508 1468 3554 et
1502 3498 1699 3562 Patris.
1736 3514 2013 3573 assumpta

440 3583 587 3636 servi
634 3583 808 3639 forma
858 3585 1036 3643 factus
1078 3601 1160 3644 est
1194 3590 1355 3645 homo
1382 3590 1423 3655 ⁸,
1463 3593 1555 3660 qui
1588 3593 1704 3647 lieri
1740 3605 1922 3665 potest
1957 3604 2015 3650 ut

448 3686 557 3727 non
592 3673 665 3728 sit
688 3676 938 3745 stupidus
969 3678 1059 3745 qui
1103 3679 1287 3735 dicere
1328 3682 1476 3746 velit,
1525 3682 1578 3738 id
1619 3687 1764 3754 quod
1803 3700 2018 3742 assuta-

441 3773 593 3830 ptum
626 3774 732 3829 est,
763 3764 881 3833 ejus
913 3778 1125 3823 naturae
1158 3773 1501 3838 possessione
1543 3773 1780 3829 ditatum
1828 3793 1857 3829 a
1909 3791 2014 3845 qua

442 3854 523 3909 sit
540 3867 897 3927 assumptum,
931 3876 999 3916 ae
1030 3877 1135 3917 non
1172 3864 1351 3932 potius
1376 3867 1655 3936 proprium
1684 3883 1806 3924 esse
1840 3871 2013 3924 susci-

442 3943 643 4014 piemls
668 3959 874 4004 natura
894 3949 1099 4008 factum
1121 3954 1144 4007 τ
1170 3954 1320 4021 Quod
1348 3967 1529 4012 autem
1562 3942 1783 4014 suorum
1820 3961 2017 4015 verbo-

443 4052 564 4093 rum
605 4049 659 4094 et
700 4039 1076 4100 inventionum
1109 4048 1240 4113 vim,
1280 4049 1567 4120 ipsumque
1613 4060 1883 4120 preterea
1931 4068 2019 4107 sa-

441 4129 677 4186 cerdotii
726 4150 922 4191 nomen
957 4139 1205 4208 imperite
1251 4143 1319 4195 ad
1367 4143 1671 4213 simplicem
1718 4144 2014 4212 hominem,

441 4222 591 4277 illum
626 4224 845 4294 inquam
877 4243 941 4284 ex
976 4228 1196 4299 femina,
1241 4234 1469 4305 redigat,
1517 4236 1848 4306 auferatqne
1887 4238 2015 4293 illud

439 4315 511 4370 ab
554 4312 849 4385 Unigeuito
890 4330 944 4374 et
981 4321 1128 4378 edito
1156 4338 1225 4379 ex
1270 4324 1431 4382 Patre
1462 4325 1659 4394 Verbo,
1715 4329 1881 4382 etiam
1920 4344 2020 4399 per

439 4410 725 4476 sequentia
749 4410 1043 4468 declarabit
1069 4432 1083 4469 :
1116 4414 1195 4471 sic
1219 4431 1455 4485 namque
1480 4418 1704 4485 scripsit
1732 4433 1949 4472 rursum
1992 4437 2007 4474 :

2124 578 2194 629 τὰ
2224 577 2360 647 πρὸς
2394 576 2488 629 τὸν
2521 576 2674 640 Θεὸν,
2721 574 3012 645 ἀρχιερεὺς
3043 572 3288 643 δηλονότι
3308 611 3323 636 ,
3357 572 3562 642 πότερα
3587 569 3703 635 οὖν,

2124 668 2330 738 γυμνὸς
2359 664 2429 741 ἧς
2461 668 2731 737 ἐκτήσατο
2776 666 3064 735 θεότητος,
3102 663 3407 735 ἱερατεύσει
3440 662 3519 733 τῷ
3546 662 3704 733 Qui);

2124 760 2157 831 ἢ
2196 759 2398 830 ταύτην
2427 759 2528 830 ήδη
2561 775 2676 821 πως
2705 757 2840 811 ἰδίαν
2868 756 3035 826 ἔχωνς
3066 755 3220 813 τουτὶ
3257 754 3387 824 γάρ,
3406 750 3583 825 οἶμαι,
3611 755 3707 808 καὶ

2123 852 2310 921 ἕτερον
2355 852 2527 914 οὐδὲν,
2560 849 3023 921 κατασημαινειεν
3058 850 3124 903 ἂν
3170 848 3233 900 τὸ
3277 847 3581 917 κτήσασθαι
3611 847 3704 900 λέ-

2124 960 2241 1012 γειν
2269 943 2449 997 αὐτόν.
2491 941 2630 995 Ἀλλ’
2671 944 2720 995 εί
2753 941 2852 1011 μὲν
2883 939 3125 1010 γυμνὸς,
3165 941 3267 992 οὐκ
3309 939 3615 1010 ἐκτήσατοο
3651 939 3702 991 εί

2122 1035 2180 1089 δὲ.
2208 1033 2284 1097 ὡς
2319 1033 2455 1087 ίδίαν
2487 1034 2627 1103 ἔχων
2669 1031 2861 1101 αὐτὴν,
2902 1031 3153 1100 θεότητός
3184 1027 3297 1101 [Ion
3338 1027 3556 1101 Os6t'qc]
3596 1044 3701 1082 non

2123 1126 2342 1190 πάντως
2389 1125 2693 1196 ίερατεύσει
2723 1123 2862 1193 Θεῷ.
2895 1122 2960 1175 Τί
2993 1117 3088 1175 οὖν
3132 1121 3339 1187 ἀλύεις,
3370 1122 3485 1175 ἄνω
3514 1136 3574 1174 τε
3606 1122 3703 1174 καὶ

2122 1218 2273 1272 κάτω
2297 1218 2581 1288 διακυκᾷς,
2613 1216 2706 1270 καὶ
2735 1214 3173 1285 παρασημαίνων
3197 1214 3297 1266 οὐκ
3321 1212 3578 1284 ιριιθριᾷς
3603 1212 3703 1281 τῆς

2123 1311 2357 1373 πίστεως
2397 1309 2496 1381 τὴν
2530 1307 2857 1380 παράδοσιν;
2885 1308 3037 1377 Ἔχει
3081 1306 3355 1376 πρόφασιν
3394 1304 3703 1373 ἀναγκαίαν

2120 1404 2150 1455 6
2179 1404 2243 1456 ἐκ
2263 1401 2398 1454 Θεοῦ
2418 1400 2630 1470 Πατρός
2655 1401 2845 1466 Λόγος,
2878 1399 2984 1451 κᾶν
3013 1397 3326 1465 ίερατεῦσαι
3349 1395 3562 1463 λέγοιτο
3582 1395 3702 1466 Θεῷ

2124 1493 2218 1547 καὶ
2244 1492 2418 1563 Πατρί
2437 1508 2450 1523 ·
2483 1492 2857 1561 κεχρημάτικε
2887 1489 2997 1560 γάρ
3027 1490 3206 1561 ἱερεὺς
3238 1490 3301 1542 οὑ
3325 1488 3449 1559 δίχα
3478 1487 3698 1559 σαρκὸς,

2123 1584 2244 1638 καθ’
2267 1585 2416 1655 ἡμᾶς
2442 1583 2500 1637 δὲ
2530 1583 2791 1651 γεγονὼς,
2823 1583 2898 1641 ὡς
2930 1582 3086 1652 ἔφην,
3114 1581 3206 1644 οὓς
3237 1580 3349 1655 [Ian
3381 1574 3487 1652 οἷς]
3520 1580 3615 1633 καὶ
3641 1583 3701 1634 ὲν

2123 1676 2369 1739 εὐκλείας
2411 1674 2563 1741 τάξει
2603 1675 2909 1743 λελόγισται
2947 1674 3015 1727 τὰ
3050 1676 3151 1743 τῆς
3199 1671 3498 1742 ἱερωσύνης
3530 1671 3697 1742 nam-

2127 1784 2293 1838 ματα.
2315 1768 2425 1820 Καὶ
2452 1766 2574 1819 καθ’
2589 1766 2778 1835 ιτερον
2804 1765 2863 1819 δὲ
2892 1764 3115 1837 τρόπον,
3133 1763 3516 1832 ἀταλαίπωρον
3546 1762 3693 1825 ἰδεῖν,

2123 1858 2198 1921 ὡς
2231 1856 2345 1910 εστι
2371 1855 2481 1910 τῶν
2513 1857 2651 1926 ἄγαν
2693 1856 3109 1916 ὲκτοποηάτων,
3143 1856 3237 1907 καὶ
3269 1853 3473 1925 πολλῆς
3506 1852 3701 1922 ἐπίμε-

2126 1961 2249 1999 στον
2279 1944 2564 2015 εὐηθείας,
2610 1947 2851 2016 κτήτορα
2880 1945 3135 2014 θεότητος
3174 1942 3268 1996 τὸν
3299 1942 3360 2008 ἑξ
3396 1940 3700 2013 ἀνθρώπων

2121 2038 2393 2111 ληφθέντα
2432 2036 2634 2105 λέγειν,
2666 2035 3065 2105 καθιστάμενόν
3097 2049 3157 2086 τε
3197 2032 3336 2104 πρὸς
3389 2030 3481 2086 τὸν
3521 2031 3656 2084 Θεόν
3679 2046 3695 2064 ο

2121 2131 2170 2183 εί
2200 2130 2312 2200 γὰρ
2340 2126 2546 2199 ἐλήφθη
2586 2125 2738 2196 παρὰ
2770 2125 2867 2179 τοῦ
2895 2124 3054 2190 Θεοῦ,
3083 2123 3208 2177 τίνα
3244 2122 3446 2193 τρόπον
3471 2122 3571 2193 τήν
3601 2122 3698 2175 λα·

2121 2220 2323 2275 ϐοὖσαν
2340 2219 2504 2274 αὑτὸν
2528 2218 2905 2287 κατεκτήσατο
2928 2215 3123 2285 φύσιν;
3145 2214 3207 2268 τὸ
3229 2214 3340 2285 γάρ
3362 2230 3446 2267 τοι
3470 2213 3694 2285 ληφθὲν,

2121 2312 2274 2366 ἔσται
2303 2328 2407 2365 που
2442 2310 2645 2382 μᾶλλον
2686 2308 2779 2363 τοῦ
2822 2306 3079 2371 λαϐόντος
3106 2308 3183 2368 ὡς
3214 2308 3427 2376 κτῆσις,
3469 2307 3565 2360 καὶ
3597 2307 3698 2360 οὐκ

2121 2410 2252 2463 αὐτὸ
2277 2410 2603 2479 κεκτήσεται
2633 2407 2693 2460 τὸ
2722 2404 3114 2476 προσειληφόςο
3141 2398 3254 2456 οἷον
3277 2402 3331 2455 δὲ
3357 2402 3420 2473 δή
3438 2401 3492 2455 τί
3522 2419 3693 2473 φημι·

2122 2501 2362 2558 Πλούτου
2403 2517 2488 2563 τις
2532 2500 2722 2568 γέγονε
2762 2498 3003 2570 κτήτωρ,
3046 2496 3217 2567 ἤγουν
3244 2496 3558 2565 ἐπιστήμης
3597 2494 3697 2564 τῆς

2121 2594 2207 2663 ἐφ’
2240 2591 2444 2663 ὁτῳοῦν
2472 2591 2796 2661 νοουμένης·
2834 2584 2924 2659 ἆρ’
2950 2589 3049 2658 οὐχ
3083 2587 3288 2641 ἅπασιν
3337 2587 3587 2658 ἐναργὲς,
3619 2586 3697 2649 ὡς

2120 2685 2218 2739 οὐκ
2245 2684 2406 2747 αὐτὸς
2432 2683 2584 2736 ἔσται
2610 2681 2704 2734 τοῦ
2735 2679 2966 2734 πλούτου
2999 2679 3211 2748 κτῆσις,
3242 2678 3411 2748 ήγουν
3433 2680 3532 2745 τῆς
3562 2692 3695 2747 προ-

2120 2776 2419 2847 γενομένης
2466 2773 2589 2845 ita.
2630 2768 3112 2842 προσγενομένης]
3169 2766 3323 2837 αὐτῷ
3353 2768 3693 2836 “minus.

2119 2866 2525 2934 κατακτήσεται
2564 2862 2621 2915 δὲ
2671 2861 2871 2932 μᾶλλον
2890 2859 2951 2913 τδ
2990 2856 3496 2929 προσειλημμένονς
3530 2854 3694 2919 Ἀλλ’,

2117 2953 2296 3030 οἶμαι,
2330 2954 2491 3010 τοῦτό
2524 2956 2640 3006 ἐστι
2693 2952 2817 3006 κατ’
2867 2950 3058 3004 οὐδένα
3112 2947 3312 3020 τρόπον
3367 2946 3695 3017 ἀμφίλογον.

2120 3047 2352 3114 Οὐκοῦν,
2382 3050 2430 3101 εί
2470 3045 2561 3100 τὸν
2600 3046 2701 3114 τῆς
2737 3042 3204 3114 ινανθρωπήσεως
3233 3038 3329 3092 τοῦ
3359 3037 3697 3107 Μονογενοῦς

2120 3124 2704 3211 πολυπραγμονοῦντες
2751 3134 2972 3206 τρόπον,
3026 3132 3313 3203 ἄνθρωπον
3346 3129 3694 3201 εὑρίσκομεν,

2119 3231 2194 3293 ὡς
2234 3231 2293 3282 ἐν
2340 3226 2642 3298 προσλήψει
2684 3224 2939 3292 θεότητος
2968 3220 3229 3290 γεγονότα
3261 3219 3416 3283 Θεὸν,
3453 3216 3698 3285 λεγέσθω

2118 3322 2262 3375 κατά
2304 3320 2393 3385 at,
2444 3318 2698 3386 θεότητος
2752 3315 2973 3384 κτήτωρ
2995 3329 3010 3345 ο
3046 3312 3215 3365 αὐτοῦ
3265 3311 3376 3382 γάρ
3411 3309 3630 3379 γέγονεν
3662 3310 3696 3378 ή

2117 3390 2326 3480 θεότης.
2356 3410 2420 3465 Εί
2443 3410 2501 3463 δὲ
2526 3408 2659 3469 Θεὸς
2683 3404 2760 3459 ὢν
2786 3407 2815 3458 6
2840 3405 3034 3471 Λόγος,
3064 3402 3360 3456 ἐπελάϐετο
3386 3402 3695 3472 σπέρματος

2130 3503 2403 3575 Ἁϐραάμ,
2435 3501 2530 3554 καὶ
2558 3499 2819 3568 ὑπάρχων
2843 3497 2901 3549 ιν
2943 3497 3124 3566 μορφῇ
3156 3494 3251 3548 τοῦ
3286 3492 3423 3547 Θεοῦ
3463 3493 3696 3562 Πατρὺς,

2116 3594 2341 3664 γέγονεν
2381 3590 2664 3662 ἄνθρωπος
2699 3586 2911 3659 μορφήν
2954 3586 3141 3638 δούλου
3190 3584 3392 3647 λαϐὼν,
3436 3583 3554 3646 πῶς
3597 3582 3699 3636 οὐκ

2119 3684 2484 3757 ἐμϐρόντητος
2509 3676 2593 3752 εἴη
2625 3680 2711 3745 ἂν,
2740 3681 2792 3733 ετ
2820 3695 2903 3741 τις
2936 3677 3108 3731 ἕλοιτο
3134 3676 3332 3744 λέγειν,
3381 3676 3465 3729 ὅτι
3505 3675 3566 3727 τὸ
3604 3674 3699 3742 λη-

2120 3777 2252 3847 φθὲν
2296 3776 2395 3847 τὴν
2437 3773 2710 3828 λαϐοῦσαν
2756 3771 2887 3826 αὐτὸ
2947 3770 3325 3838 κατεκτήσατο
3379 3766 3562 3836 φύσιν,
3605 3765 3701 3819 καὶ

2117 3868 2240 3939 οὐχὶ
2260 3868 2316 3922 δὲ
2349 3866 2548 3937 μᾶλλον
2571 3865 2793 3933 γέγονεν
2820 3862 2948 3916 ἴδιον
2969 3861 3067 3931 τῆς
3093 3859 3364 3929 λαϐούσης
3384 3857 3549 3921 αὑτός
3575 3857 3701 3910 Ὀτι
3799 3914 3813 3925 ,

2118 3960 2175 4013 δὲ
2200 3960 2310 4013 τῶν
2336 3958 2530 4013 ἑαυτοῦ
2558 3958 2732 4026 λόγων
2760 3972 2817 4008 τε
2850 3955 2943 4007 καὶ
2970 3954 3104 4024 εὑρη
3116 3951 3301 4021 μάτων
3327 3950 3424 4021 τὴν
3446 3949 3696 4020 δύναμιν,

2120 4051 2214 4104 καὶ
2247 4051 2352 4123 μὴν
2378 4052 2473 4105 καὶ
2503 4049 2635 4103 αὐτὸ
2661 4048 2723 4101 τὺ
2756 4046 2857 4115 τῆς
2893 4042 3508 4136 ἅρχιερωσόνηςᾼῦνομα
3539 4056 3697 4112 περι-

2113 4145 2332 4213 ΐστησιν
2363 4141 2590 4213 ἀμαθῶς
2623 4141 2704 4204 εἰς
2736 4133 3031 4206 ἄνθρωπον
3055 4133 3244 4196 ἁπλῶς
3279 4133 3371 4186 τὸν
3409 4133 3473 4186 ὲκ
3505 4148 3697 4201 γυναι-

2119 4235 2234 4299 κὸς,
2267 4233 2563 4303 ἀποφέρων
2592 4231 2727 4285 αὐτὸ
2762 4227 2858 4282 τοῦ
2900 4224 3241 4295 Μονογενοῦς
3267 4225 3363 4278 καὶ
3390 4226 3456 4278 ὲκ
3486 4222 3701 4294 [ἰατρὸς

2117 4326 2269 4388 ϐντος
2311 4324 2508 4390 Λόγου,
2549 4322 2645 4375 καὶ
2680 4321 2769 4374 διὰ
2813 4318 2924 4373 τῶν
2970 4316 3099 4385 έξῆς
3129 4315 3572 4387 προσαποφανεῖ·
3604 4313 3701 4383 γέ-

2120 4432 2299 4487 γραφε
2327 4414 2437 4484 γὰρ
2464 4414 2561 4467 ὼόι
2592 4413 2655 4485 δὴ
2690 4412 2855 4467 πάλιν
2877 4427 2893 4445 ·

516 4497 783 4593 metros.
825 4521 845 4555 ι
877 4502 993 4558 Non
1020 4506 1242 4576 angelos
1272 4508 1669 4576 apprehendit,
1705 4510 1801 4563 sed
1833 4524 2014 4563 semen

2194 4506 2241 4580 [ι
2269 4508 2384 4560 υὺκ
2431 4505 2678 4575 ἀγγέλων
2728 4500 3179 4574 ἐπιλαμϐάνεται,
3219 4496 3357 4554 ἀλλά
3384 4496 3702 4593 σπέρματος

442 4588 733 4646 Abraham
766 4594 1211 4662 apprehendit“:
1258 4615 1279 4647 ε
1326 4612 1453 4650 num
1501 4611 1685 4652 semen
1738 4599 2040 4653 Abraham.

436 4689 523 4733 est
566 4680 678 4749 ipsa
722 4683 1017 4740 divinitas?
1048 4686 1175 4739 audi
1221 4687 1386 4741 etiam
1428 4699 1745 4757 sequentem
1784 4703 2014 4744 vocem:

449 4788 470 4822 ε
501 4768 658 4826 Unde
681 4775 946 4843 Oportait,
982 4776 1178 4846 inquit,
1215 4792 1313 4847 per
1344 4780 1527 4833 omnia
1574 4778 1837 4834 fratribus
1866 4781 2012 4835 assi-

440 4863 619 4919 tnilari
645 4865 707 4921 ‘2
745 4884 764 4918 ι
802 4883 928 4922 num
958 4868 1232 4923 divinitati
1267 4869 1475 4924 similes
1512 4869 1651 4925 ullos
1681 4871 1872 4926 habuit
1899 4872 2015 4926 fra-

444 4967 558 5014 tres
587 4957 763 5027 ipsum
788 4960 881 5015 Dei
918 4961 1150 5017 Verbum
1174 4961 1198 5015 τ
1222 4961 1355 5017 Vide
1394 4962 1559 5016 etiam
1591 4965 1733 5031 quod
1762 4963 1909 5018 illico
1933 4964 2018 5018 his

442 5049 790 5118 adiungitur:
831 5072 853 5106 ι
890 5052 961 5109 Ut
1000 5054 1317 5108 misericors
1351 5053 1507 5107 ﬂeret
1545 5064 1601 5108 et
1635 5054 1811 5109 ﬁdelis
1839 5053 2020 5109 Ponti-

445 5140 534 5197 l‘ea
583 5144 651 5199 ad
684 5143 851 5201 Deum
882 5163 897 5201 :
945 5147 999 5201 in
1044 5158 1110 5201 eo
1136 5146 1285 5199 enim
1322 5147 1377 5200 in
1405 5160 1513 5214 quo
1542 5157 1736 5215 passus
1777 5158 1862 5204 est
1902 5150 2018 5217 ipse

447 5246 706 5304 tentatus,
722 5248 914 5309 potens
935 5247 1021 5293 est
1042 5247 1096 5294 et
1116 5239 1197 5293 eis
1217 5239 1308 5309 qui
1330 5248 1626 5301 tentantur,
1648 5241 1893 5295 auxiliari
1916 5242 1958 5294 '.
1990 5260 2008 5293 ι

445 5328 591 5400 Ergo
610 5331 657 5385 is
672 5331 763 5400 qui
789 5345 984 5400 passus
1012 5340 1120 5395 est,
1150 5331 1243 5386 ille
1268 5342 1353 5386 est
1384 5331 1631 5387 Pontiliex
1664 5332 2013 5401 misericors;

446 5421 671 5489 patibile
711 5431 897 5477 autem
943 5422 1118 5498 ipsum
1165 5423 1420 5493 templum
1463 5433 1569 5488 est,
1602 5439 1709 5479 non
1750 5424 1892 5480 Deus
1923 5425 2014 5491 qui

447 5510 762 5566 viviﬁcabat
794 5512 846 5566 id
887 5513 1026 5580 quod
1063 5514 1386 5582 patiebatur.
1418 5514 1610 5570 Semen
1645 5515 1940 5580 Abraham,
1972 5517 2017 5570 is

447 5610 532 5656 est
569 5601 661 5670 qui
711 5602 826 5659 heri
883 5613 939 5658 et
983 5604 1159 5671 hodie,
1214 5614 1275 5660 ut
1327 5605 1526 5661 Paulus
1568 5606 1644 5660 ait
1693 5606 1737 5671 ',
1787 5622 1891 5661 non
1923 5608 2012 5677 qui

524 5780 544 5813 ³
575 5781 738 5837 Hebr.
766 5800 826 5846 ιι.
860 5785 946 5841 16.
1022 5789 1037 5817 ⁸
1073 5787 1297 5857 Philipp.
1328 5804 1387 5855 ιι,
1418 5790 1469 5853 6,
1497 5789 1547 5841 7.
1624 5788 1643 5820 '
1684 5788 1845 5847 ilcbr.
1869 5804 1928 5857 ll,
1958 5792 2037 5845 lii.

2134 4598 2386 4669 Ἁϐραάμ
2413 4596 2911 4675 ἐπιλαμϐάνεται.)
2949 4593 3042 4666 Μὴ
3073 4591 3293 4667 σπέρμα
3319 4587 3414 4642 τοῦ
3451 4585 3702 4657 Ἁϐραάμ

2117 4693 2149 4762 ή
2182 4690 2407 4761 θεότης;
2440 4689 2675 4743 ἄκουσον
2704 4687 2797 4741 καὶ
2825 4688 2925 4759 τὴν
2949 4685 3226 4758 ἑπομένην
3250 4682 3435 4751 φωνήν
3454 4696 3469 4711 ο
3496 4700 3517 4732 ι
3538 4678 3702 4732 Ὅθεν

2114 4782 2333 4852 ὤφειλε,
2370 4782 2532 4851 φησι,
2568 4782 2711 4834 κατὰ
2755 4781 2933 4834 πάντα
2982 4781 3096 4843 τοῖς
3140 4775 3391 4846 ἀδελφοῖς
3429 4770 3699 4843 ὁμοιωθῆ-

2113 4892 2223 4939 ναι,
2250 4892 2269 4925 ι
2310 4873 2385 4944 μὴ
2416 4876 2480 4944 τῇ
2511 4873 2724 4943 θεότητί
2755 4889 2909 4936 τινας
2937 4874 2966 4925 ό
2998 4872 3132 4934 Θεὸς
3160 4871 3332 4938 Λόγος
3364 4871 3522 4941 ἔσχεν
3549 4862 3703 4918 ἁδελ-

2116 4968 2252 5038 φοὺς
2296 4965 2570 5031 ὲοικότας;
2621 4964 2819 5017 Σκόπει
2858 4964 2952 5016 καὶ
2996 4962 3059 5015 τὸ
3103 4960 3316 5022 τούτοις
3362 4961 3524 5022 εὐθὺς
3573 4971 3699 5013 συν-

2113 5058 2450 5128 απτόμενοψ
2490 5075 2507 5108 ι
2536 5056 2652 5110 ἰνα
2694 5056 2942 5127 ἐλεήμων
2973 5054 3201 5124 γένηται
3237 5052 3333 5106 καὶ
3380 5050 3570 5114 πιστὸς
3602 5051 3698 5119 άρ-

2113 5150 2333 5222 χιερεὺς
2354 5147 2423 5202 τά
2448 5147 2585 5219 πρὸς
2609 5147 2701 5199 τὸν
2730 5147 2862 5198 Θεόν
2883 5162 2898 5177 ι
2926 5147 2985 5199 ὲν
3015 5138 3060 5212 ᾧ
3087 5142 3197 5215 γὰρ
3227 5142 3493 5197 πέπονθεν
3536 5140 3700 5204 αὐτὸς

2116 5241 2430 5315 περασθείς
2450 5281 2464 5305 ,
2497 5240 2721 5294 δύναται
2754 5242 2864 5300 τοῖς
2901 5236 3319 5309 πειραζομένοις
3362 5235 3693 5306 βοηθῆσαι.)

2116 5334 2326 5389 Οὐκοῦν
2351 5336 2380 5388 6
2412 5333 2600 5388 παθὼν
2644 5332 2936 5403 ἀρχιερεὺς
2973 5331 3240 5400 ἐλεήμων,
3292 5328 3531 5399 παθητὸς
3574 5325 3631 5395 ϐξ
3671 5325 3699 5377 ό

2118 5427 2265 5490 ναὸς,
2302 5426 2401 5496 οὐχ
2429 5427 2458 5478 6
2490 5424 2754 5490 ζωοποιὸς
2789 5422 2887 5476 τοῦ
2920 5408 3250 5484 πεπονθότος
3281 5420 3435 5483 Θεός.
3472 5417 3699 5488 Σπέρμα

2130 5517 2385 5588 ’Λϐραὰμ
2409 5518 2438 5570 6
2468 5516 2595 5586 χθὲς
2627 5514 2724 5570 καὶ
2755 5516 3017 5585 σήμερον,
3044 5515 3187 5587 κατᾲ
3220 5515 3320 5584 τὴν
3351 5510 3446 5565 τοῦ
3474 5507 3697 5588 ’Παύλου

2119 5586 2325 5681 φωνήν,
2348 5586 2460 5679 οὐχ
2500 5610 2528 5661 6
2568 5607 2763 5675 λέγων,
2799 5624 2817 5658 ι
2850 5607 2987 5678 Πρὶν
3012 5586 3269 5676 ’Ἄϐραὰμ
3305 5586 3560 5674 γενέσθαι
3588 5596 3699 5669 ἑγὼ

2117 5792 2136 5821 ⁸
2168 5791 2297 5847 Ib‘id.
2332 5789 2414 5844 l7.
2490 5791 2508 5819 ⁷
2545 5787 2674 5844 Ibid.
2709 5788 2789 5843 l8.
2867 5788 2887 5818 '
2922 5786 3079 5844 Ilebr.
3110 5800 3226 5853 xm,
3260 5786 3342 5838 18.
