4150 6440
366 374 481 429 ιεε

1510 364 1885 423 ADVERSUS
1922 360 2328 420 NESTORIUM
2367 358 2493 414 LIB.
2532 357 2616 414 Ill.

3541 351 3641 405 126

364 496 491 565 εἰμι.
510 508 527 522 θ
547 511 569 545 ι
600 491 787 562 ὅμοιος
816 492 930 553 τοῖς
958 490 1210 559 ἀδελφοῖς
1240 492 1378 546 κατὰ
1409 489 1589 544 πάντα
1614 492 1644 543 ό
1668 487 1846 559 ψυχῆς
1877 486 1971 539 ἅν-

2089 483 2209 539 lixit
2246 503 2260 539 :
2301 502 2320 535 ι
2369 481 2686 547 Priusquam
2724 476 2996 530 Abraham
3042 475 3213 539 fleret,
3244 486 3344 541 ego
3382 485 3501 525 sum
3533 470 3577 521 θ.
3616 486 3636 519 ι

364 585 663 659 θρωπίνης
691 586 790 637 καὶ
816 585 1022 655 σαρκὸς
1049 584 1334 639 ἀναλαϐὼν
1362 584 1718 652 ἀδελφότητα,
1750 580 1845 633 καὶ
1869 579 1968 648 οὐχ

320 744 327 749 ι
364 680 395 732 ό
416 678 628 748 λέγων,
656 696 678 729 t
716 679 777 732 '0
803 675 1065 747 ἑωρακὼς
1088 677 1212 747 ἐμὲ,
1236 676 1450 748 ἑώρακε
1477 676 1568 729 τὸν
1600 674 1834 744 Πατέρα.
1851 671 1897 744 ι]

936 774 967 821 \

994 912 1250 966 ΚΕΦΛΛ.
1291 912 1367 967 B'.

398 1090 415 1107 ί
445 1026 665 1080 οὐκοῦν
725 1026 1046 1090 ἐπελάϐετο,
1092 1026 1237 1081 καθὰ
1269 1027 1366 1079 καὶ
1406 1026 1567 1088 αὐτὸς
1618 1025 1971 1095 ὡμολόγηκεν

373 1116 609 1186 ἀρτίως,
662 1116 983 1186 σπέρματος
1019 1117 1269 1188 Ἀϐραὰμ
1300 1118 1433 1181 Θεὸς
1465 1116 1540 1171 ὢν
1569 1120 1597 1169 ό
1625 1118 1822 1185 Λόγοςο
1856 1118 1971 1180 πῶς

374 1201 467 1260 οῦν
494 1208 576 1259 ἔτι
594 1205 858 1277 θεότητος
880 1210 1123 1278 κτήτωρ,
1145 1208 1173 1261 ό
1201 1210 1266 1261 ἐκ
1289 1209 1601 1278 σήρματος
1633 1208 1903 1280 Ἀϐραὰμ.
1924 1210 1973 1261 εἰ

373 1297 739 1367 προσελήφθη
774 1297 927 1363 παρὰ
956 1298 1117 1359 Θεοῦ,
1146 1298 1239 1351 ml.
1269 1298 1391 1367 οὐχὶ
1420 1297 1742 1367 προσλαϐὼν
1779 1301 1973 1368 ὁρᾶται

370 1388 473 1458 τὴν
508 1386 748 1457 θεότητα
785 1387 981 1453 αύτός;
1018 1388 1130 1440 Kal.
1162 1387 1413 1459 θεότητος
1447 1384 1539 1440 οὖν
1572 1387 1733 1457 φύσις
1765 1389 1973 1457 ἥκιστα

372 1479 442 1531 ἄν
469 1479 558 1548 ετη
586 1478 652 1530 τὸ
679 1478 906 1549 σπέρμα
932 1478 1028 1531 τοῦ
1069 1477 1340 1549 Ἀϐραὰμ,
1373 1480 1532 1548 σῶμα
1560 1479 1615 1531 δὲ
1652 1479 1852 1548 μᾶλλον
1878 1480 1971 1532 τοῦ

371 1569 513 1621 Θεοῦ
552 1570 739 1637 Λόγου
789 1570 1018 1638 γέγονε,
1083 1570 1224 1623 κατὰ
1266 1571 1363 1632 τὰς
1404 1572 1659 1640 Γραφὰς,
1703 1571 1799 1625 καὶ
1846 1571 1975 1623 ἴδιον

371 1660 576 1713 αὑτοῦ·
609 1661 709 1714 καὶ
735 1662 765 1714 ό
796 1662 862 1729 τῇ
898 1660 1076 1713 κτίσει
1112 1660 1251 1712 κατὰ
1281 1659 1441 1729 φύσιν
1471 1660 1605 1712 ἰδίαν
1640 1660 1976 1724 ἀσύντακτος

373 1751 451 1815 ὡς
480 1751 644 1815 Θεὸς,
666 1752 760 1805 ὅτε
791 1751 1018 1818 γέγονεν
1046 1749 1351 1823 ἄνθρωπος.
1380 1751 1439 1811 ὃς
1478 1752 1593 1810 ἐστι
1618 1749 1847 1814 κτίσεως
1882 1751 1973 1822 μέ-

382 1860 499 1915 ρος,
540 1843 671 1896 τότε
704 1842 793 1911 δὴ,
835 1842 959 1897 τότε
987 1841 1085 1896 καὶ
1115 1841 1260 1912 μάλα
1290 1843 1545 1904 εἰκότως,
1586 1844 1681 1896 καὶ
1714 1842 1977 1911 ἀδελφοὺς
2009 1829 2051 1883 Β

570 1935 867 2004 ὀνομάζειν
910 1933 1073 1998 ἀξιοῖ,
1099 1933 1304 2001 λέγων·
1346 1933 1671 2002 Ἀπαγγελῶ
1711 1937 1771 1987 τὸ
1808 1934 1981 2003 ὄνομα

384 2042 481 2079 σου
516 2030 634 2088 τοῖς
671 2024 925 2094 ἀδελφοῖς
963 2041 1088 2095 μου.
1110 2025 1235 2077 Ὅτι
1264 2024 1321 2077 δὲ
1348 2025 1439 2077 διὰ
1469 2026 1530 2077 τὸ
1562 2025 1664 2094 τῆς
1694 2024 1980 2088 κενώσεως

390 2116 586 2188 μέτρον
633 2115 1119 2185 καταπεφοὴηκεν
1159 2117 1188 2168 ό
1218 2118 1282 2169 ἐκ
1316 2113 1450 2167 Θεοῦ
1506 2114 1723 2187 Πατρός
1772 2115 1977 2183 Λόγος,

334 2288 341 2293 ﬁ
392 2210 488 2261 uel.
528 2209 606 2271 εἰς
657 2224 723 2276 γε
765 2206 829 2260 τὸ
878 2206 990 2260 δεῖν
1047 2207 1441 2276 κατονομάζειν
1492 2206 1755 2273 ἀδελφοὺς
1803 2206 1982 2275 ἐαυτῷ

398 2299 523 2363 τοὺς
566 2298 659 2351 ἐπὶ
711 2298 816 2369 τῆς
870 2299 1008 2369 γῆς,
1068 2302 1325 2367 σαφηνιεῖ
1387 2298 1680 2377 γεγραφὼς
1730 2300 1758 2351 ό
1801 2296 1978 2364 σοφῶς

396 2405 551 2451 τατος
580 2387 817 2451 Παῦλος,
850 2389 981 2457 περί
1009 2406 1067 2441 τε
1092 2388 1259 2442 αὑτοῦ
1308 2390 1402 2443 καὶ
1437 2393 1469 2460 ἠ
1481 2390 1595 2460 μῶν
1616 2407 1629 2421 ο
1665 2409 1683 2441 ι
1718 2391 1846 2443 Ὅτε
1875 2390 1984 2458 γὰρ

388 2481 632 2549 ἁγιάζων
664 2482 762 2534 καὶ⁸
803 2483 854 2534 οἰ
888 2480 1259 2551 ἁγιαζόμενοι,
1290 2481 1349 2545 ἐξ
1388 2482 1507 2545 ἐνὸς
1559 2483 1789 2548 πάντες,
1821 2481 1889 2535 δι’
1914 2481 1984 2551 ἥν

385 2574 571 2629 αἰτίαν
596 2573 700 2626 οὐκ
729 2572 1119 2644 ἐπαισχύνεται
1145 2572 1406 2640 ﬂamma;
1436 2573 1634 2634 αὐτοὺς
1664 2572 1869 2632 καλεῖν,
1900 2570 1984 2624 λέ-

384 2683 533 2733 γων’
568 2664 901 2733 ’Δπαγγελῶ
948 2665 1010 2717 τὸ
1033 2664 1205 2734 ὄνομά
1256 2681 1348 2717 σου
1377 2666 1489 2727 τοῖς
1517 2663 1767 2731 ἀδελφοῖς
1804 2680 1927 2733 μου.
1958 2681 1978 2715 ι

384 2757 504 2829 Πρὸ
543 2758 651 2829 μὲν
688 2758 800 2829 γὰρ
845 2758 942 2827 τῆς
987 2755 1479 2825 ἐνανθρωπήσεως,
1520 2755 1753 2825 σμικρὸν
1785 2753 1982 2825 κομιδῆ

382 2845 464 2917 τῷ
490 2850 562 2900 ἐκ
593 2845 734 2900 Θεοῦ
769 2844 930 2915 φύντι
968 2844 1128 2915 Λόγῳ
1153 2844 1215 2896 τὸ
1245 2845 1345 2913 τῆς
1378 2844 1514 2914 πρὸς
1556 2842 1715 2913 ἡμῶν
1753 2842 1986 2910 ἀδελφό-

385 2954 555 3009 τητος
595 2937 774 3006 ὄνομα
793 2953 806 2965 ·
837 2936 1158 3005 καθιγμένῳ
1185 2952 1249 3003 γε
1297 2934 1403 3005 μὴν
1431 2936 1511 2996 εἰς
1542 2935 1787 2987 ἑκούσιον
1820 2934 1987 2987 κένω-

388 3045 500 3095 σιν,
527 3028 773 3100 σμικρὸν
806 3028 908 3098 μὲν
946 3028 1042 3080 καὶ
1080 3025 1246 3092 οὕτω,
1277 3026 1415 3097 πλὴν
1447 3025 1775 3096 εύαφόρμως
1804 3024 1986 3079 εἰσϐε-

2071 572 2277 631 Similis
2328 572 2588 627 fratribus
2638 585 2733 637 per
2769 568 2971 629 omnia,
3014 567 3105 636 qui
3160 565 3407 618 humanae
3449 563 3643 614 anima:

2067 677 2123 719 et
2148 665 2327 718 carnis
2357 650 2753 716 fraternitatem
2785 657 3044 724 suscepit,
3080 669 3187 709 non
3223 652 3312 706 ille
3341 651 3431 720 qui
3459 648 3596 703 dixit
3624 665 3640 700 :

2076 775 2095 806 ι
2128 756 2227 821 Qui
2257 754 2390 808 vidit
2420 766 2525 817 tne,
2563 749 2699 802 vidit
2722 758 2773 800 et
2808 747 3021 800 Patrem
3053 745 3123 798 ‘°.
3163 741 3230 815 ι]

2709 900 2859 956 CAP.
2905 898 2967 954 ll.
3002 944 3013 957 χ

2144 1048 2285 1117 Ergo
2307 1042 2684 1114 apprehendit,
2720 1050 2779 1094 ut
2805 1037 3053 1109 ipseiam
3086 1045 3166 1089 est
3200 1031 3515 1092 confessus,
3551 1043 3639 1082 se-

2074 1156 2196 1196 men
2223 1138 2521 1199 Abraham,
2541 1136 2713 1203 ipsnm
2738 1131 2972 1185 Verbum
2999 1127 3142 1194 quod
3182 1123 3325 1177 Deus
3350 1129 3487 1184 erat,
3514 1136 3648 1188 quo-

2075 1230 2236 1283 modo
2265 1228 2430 1295 igitur
2454 1225 2569 1293 jam
2602 1220 2904 1275 divinitatis
2946 1218 3015 1271 sit
3047 1228 3354 1283 possessor,
3390 1214 3434 1265 is
3460 1212 3550 1279 qui
3580 1225 3648 1263 ex

2075 1322 2281 1376 semine
2309 1329 2392 1371 est
2422 1316 2719 1377 Abraham,
2748 1312 2791 1365 si
2832 1326 2859 1363 a
2900 1308 3010 1362 Deo
3037 1316 3123 1364 est
3166 1313 3503 1371 assumptus,
3539 1317 3646 1353 non

2074 1412 2188 1480 ipse
2210 1409 2542 1464 divinitatem
2572 1403 2932 1469 assumpsisse
2963 1396 3257 1453 ceratiitur?
3298 1393 3490 1461 Neque
3535 1391 3642 1458 igi-
3666 1402 3677 1411 '

2078 1513 2167 1557 tur
2194 1502 2368 1569 ipsum
2401 1511 2585 1551 semen
2619 1494 2891 1547 Abraham
2923 1489 3030 1542 ullo
3064 1486 3222 1539 modo
3248 1482 3551 1537 divinitatis
3566 1489 3653 1532 est

2078 1603 2289 1656 natura,
2333 1591 2425 1643 sed
2472 1602 2678 1656 corpus
2715 1584 2892 1653 potius
2941 1581 3031 1633 Dei
3083 1577 3241 1632 Verbi
3292 1576 3491 1629 factum
3542 1584 3652 1633 est,

2077 1683 2370 1740 secundum
2415 1680 2769 1748 Scripturas,
2811 1674 3034 1743 ejusque
3074 1669 3355 1739 proprium
3392 1683 3407 1720 :
3459 1673 3516 1718 et
3564 1662 3656 1715 ille

2078 1775 2169 1844 qui
2224 1786 2291 1845 es
2341 1781 2547 1825 naturre
2594 1781 2704 1822 sua:
2763 1764 2972 1818 ratione
3017 1775 3141 1813 cum
3193 1765 3444 1810 creatura
3490 1751 3651 1807 simul

2079 1842 2288 1916 censeri
2321 1874 2425 1913 non
2461 1864 2659 1925 potest,
2690 1862 2881 1922 utpote
2918 1850 3081 1910 Deus.
3114 1847 3203 1900 ubi
3236 1845 3414 1899 factus
3438 1851 3519 1896 est
3553 1842 3651 1893 ho-

2080 1968 2191 2017 mo,
2218 1952 2305 2018 qui
2346 1958 2430 2005 est
2456 1963 2578 2017 pars
2617 1945 2884 2008 universi,
2925 1952 3039 1996 tum
3090 1953 3238 1994 vero
3282 1934 3558 2005 aptissime
3598 1943 3657 1984 et

2082 2043 2275 2096 fratres
2314 2055 2413 2093 nos
2452 2037 2725 2107 appellare
2755 2034 3031 2103 dignatur,
3083 2028 3311 2082 dicens:
3346 2042 3364 2074 ι
3404 2020 3655 2075 Narrabo

2082 2148 2278 2189 nomen
2327 2142 2476 2184 tuum
2520 2124 2783 2180 fratribus
2826 2122 2965 2175 meis
2997 2119 3063 2171 ἰ.
3099 2136 3119 2167 ι
3155 2116 3327 2169 Porro
3371 2114 3553 2182 ipsum
3586 2124 3654 2165 es

2083 2224 2194 2279 Deo
2225 2222 2390 2276 Patre
2421 2217 2655 2273 Verbum
2684 2230 2781 2284 per
2819 2209 3210 2268 exinanitionis
3251 2219 3560 2261 mensuram
3602 2203 3655 2255 in

2082 2314 2136 2368 id
2156 2313 2320 2367 etiam
2344 2307 2712 2373 descendisse,
2744 2300 3076 2357 uthomines
3107 2297 3198 2366 qui
3231 2296 3283 2349 in
3307 2295 3472 2347 terris
3499 2300 3659 2345 erant

2084 2407 2186 2462 sibi
2221 2404 2418 2458 fratres
2451 2403 2680 2459 diceret,
2717 2395 3066 2462 perspicuum
3101 2390 3263 2442 faciet
3300 2388 3488 2441 beatus
3527 2383 3661 2436 Pau-

2082 2500 2189 2560 lus,
2218 2497 2308 2563 qui
2340 2495 2408 2549 de
2450 2493 2563 2560 ipso
2594 2493 2770 2557 deque
2806 2486 2961 2539 nobis
2990 2481 3211 2550 scripsit
3239 2497 3253 2534 :
3289 2496 3308 2530 ι
3349 2477 3449 2543 Qui
3504 2475 3649 2530 enim

2084 2588 2408 2652 santtificat,
2438 2596 2492 2640 et
2531 2583 2623 2651 qui
2676 2579 3113 2640 sanetilicantur,
3157 2588 3226 2628 cx
3279 2585 3388 2624 nuo
3424 2582 3657 2623 omnes:

2086 2692 2303 2752 propter
2333 2692 2492 2748 quam
2528 2687 2751 2729 causam
2794 2686 2897 2725 non
2945 2666 3301 2722 confunditur
3332 2663 3532 2716 fratres
3561 2674 3660 2714 eos

2085 2750 2375 2843 appellare,
2403 2768 2628 2822 dicens:
2664 2761 2910 2816 Narrabo
2954 2758 3063 2829 '70
3098 2769 3299 2810 nomen
3349 2761 3501 2806 tttum
3551 2750 3661 2804 fra-

2084 2866 2257 2920 tribus
2297 2862 2431 2915 meis
2461 2860 2545 2923 ¹²;
2588 2876 2607 2909 ι
2645 2870 2770 2909 nam
2814 2861 3106 2919 antequam
3158 2849 3321 2902 homo
3369 2843 3546 2898 factus
3572 2855 3662 2894 ea-

2084 2967 2188 3019 set,
2222 2952 2476 3019 exiguum
2504 2948 2636 3001 sane
2661 2953 2781 3000 erat
2806 2942 2881 2997 illi
2917 2957 2986 2994 ex
3012 2940 3123 2993 Deo
3145 2938 3329 3007 genito
3360 2935 3537 2990 Verbo
3571 2946 3663 2984 uo-

2060 3054 2212 3121 ‘strae
2235 3036 2589 3094 fraternitatis
2608 3048 2803 3088 nonten
2828 3050 2842 3086 :
2864 3041 2920 3084 at
2944 3030 3035 3083 ubi
3066 3029 3131 3082 ad
3159 3027 3523 3081 voluntariam
3544 3023 3658 3077 exi-

388 3118 595 3191 σηκός
631 3119 942 3211 μετέσχηκε
970 3117 1081 3189 γὰρ
1109 3117 1338 3187 αἵματος
1368 3117 1463 3170 καὶ
1495 3116 1717 3186 σαρκός,
1752 3116 1845 3168 καὶ
1874 3117 1988 3176 τοῖς

2096 3133 2431 3189 nanitiouem
2477 3125 2776 3187 descendit,
2806 3122 3071 3189 exiguum
3132 3121 3214 3172 sic
3275 3129 3496 3186 quoque
3538 3113 3662 3175 fuit,

389 3212 451 3265 ἐν
484 3212 662 3281 σαρκὶ
692 3210 788 3264 καὶ
820 3210 1016 3279 αἵματι
1060 3208 1468 3279 κεχρημάτικεν
1500 3206 1747 3275 ἀδελφός.
1788 3206 1853 3259 Εἰ
1882 3204 1993 3274 γὰρ

391 3300 690 3369 ἁγιάζεται
720 3299 841 3370 μεθ’
866 3294 1039 3371 ἡμῶν
1059 3299 1194 3353 καθὸ
1223 3299 1447 3368 γέγονεν
1476 3297 1785 3371 ἄνθρωπος,
1815 3297 1993 3352 καίτοι

392 3394 530 3457 Θεὸς
556 3392 635 3446 ὧν
666 3393 849 3460 φύσει,
884 3393 979 3445 καὶ
1010 3391 1071 3444 τὸ
1104 3390 1323 3462 πνεῦμα
1352 3390 1529 3455 διδοὺς
1558 3391 1742 3454 αὐτὸς.
1779 3391 1898 3454 πῶς
1942 3392 1993 3444 εἰ

393 3484 617 3554 λέγοιτο
660 3484 759 3537 καὶ
803 3482 1057 3550 ἀδελφὸς,
1093 3482 1193 3535 οὐκ
1234 3484 1295 3535 ἐν
1332 3482 1523 3554 κόσμῳ
1557 3483 1745 3536 λοιπὸν
1778 3484 1993 3554 εἰρηται

394 3571 762 3649 [etmaneat];
779 3572 983 3642 ταύτης
1004 3571 1113 3644 γὰρ
1132 3571 1297 3627 ἕνεκα
1319 3572 1419 3642 τῆς
1442 3574 1624 3637 αἰτίας
1653 3574 1845 3643 γέγονε
1872 3573 1994 3628 καθ’

393 3669 584 3740 ἡμᾶς.
628 3667 722 3720 ἵνα
763 3668 914 3736 ἡμᾶς
960 3665 1225 3734 ἀδελφοὺς
1277 3668 1623 3738 ἀποφήνηται
1665 3669 1758 3721 καὶ
1787 3668 1998 3722 ἐλευθέ-

396 3776 562 3832 ρους.
601 3777 622 3811 t
653 3759 816 3812 Ὀσοι
853 3758 963 3828 γὰρ
996 3757 1190 3812 ἐλαὸον
1221 3759 1408 3822 αὑτὸν,
1445 3761 1631 3830 φησὶν,
1666 3760 1868 3815 ἔδωκεν
1898 3762 1998 3815 αὐ-

340 3918 351 3925 .
390 3853 513 3914 τοῖς
540 3849 800 3915 ἐξουσίαν
832 3849 998 3903 τέκνα
1036 3848 1172 3903 Θεοῦ
1198 3850 1474 3919 γενέσθαι,
1506 3854 1617 3916 τοῖς
1645 3851 1996 3907 πιστεύουσιν

392 3943 478 4007 εἰς
518 3941 588 3993 τδ
618 3940 796 4011 ὄνομα
823 3939 1017 3994 αὑτοῦ·
1045 3941 1096 3994 οἳ
1125 3941 1226 3994 οὐκ
1253 3940 1311 4008 ἐξ
1344 3942 1612 4013 αἱμάτων,
1639 3944 1761 3997 οὐδὲ
1805 3944 1871 3997 ἐκ
1904 3942 1996 3995 Oe-

390 4034 646 4107 λήματος
680 4034 902 4104 σαρκὸς,
933 4033 1055 4087 ούδέ
1087 4034 1152 4086 ἐκ
1180 4033 1484 4105 θελήματος
1537 4035 1748 4106 ἀνδρὸς,
1786 4034 1901 4089 ἀλλ’
1932 4037 1999 4089 ἐκ

396 4120 537 4175 Θεοῦ
590 4120 991 4191 ἐγεννήθησαν.
1012 4140 1031 4173 ι
1070 4116 1368 4194 Γεγένηται
1406 4122 1515 4194 γὰρ
1555 4123 1584 4175 ό
1618 4125 1683 4177 ἐκ
1714 4125 1851 4178 Θεοῦ
1885 4127 1999 4180 Πα-

401 4211 536 4283 τρδς
581 4212 763 4279 Λόγος
800 4213 918 4281 μεθ’
959 4211 1122 4283 ἡμῶν
1160 4212 1305 4267 κατὰ
1337 4213 1547 4286 σάρκα,
1581 4214 1667 4268 ῐνα
1700 4216 1794 4268 καὶ
1835 4217 1999 4286 ἡμεῖς

401 4300 507 4372 τὴν
537 4302 611 4353 ἐκ
635 4298 775 4352 Θεοῦ
811 4294 1354 4372 καταπλουτήσωμεν
1383 4303 1473 4357 διὰ
1516 4302 1826 4373 πνεύματος
1872 4303 1997 4372 γέν-

400 4408 589 4463 νησιν,
613 4391 800 4445 οὐκέτι
826 4391 1027 4462 σαρκὸς
1054 4390 1484 4464 χρηματίζοντες
1503 4394 1694 4457 τέκνα,
1723 4412 2001 4466 μεταστοι-

2095 3227 2188 3283 sed
2214 3239 2320 3279 non
2348 3224 2484 3278 citra
2514 3216 2894 3273 rationabilem
2919 3226 3143 3268 causam
3181 3215 3459 3276 receptum
3493 3224 3507 3259 :
3542 3216 3665 3274 par-

2097 3316 2339 3387 ticipavit
2377 3313 2521 3369 enim
2569 3324 2746 3366 carne
2778 3318 2829 3362 et
2876 3303 3140 3372 sanguine
3174 3301 3241 3366 ¹³,
3268 3309 3324 3353 et
3367 3299 3451 3352 his
3486 3298 3577 3365 qui
3612 3295 3667 3349 in

2095 3424 2259 3466 carne
2287 3414 2444 3465 erant
2482 3420 2547 3460 ac
2581 3402 2878 3473 sanguine,
2914 3398 3084 3451 frater
3125 3394 3261 3449 fuit:
3295 3406 3421 3447 nam
3458 3389 3505 3444 si
3541 3404 3668 3444 san-

2094 3503 2367 3568 ctificatur
2392 3498 2673 3553 nobiscum
2699 3508 2805 3564 qua
2857 3492 3036 3546 factus
3072 3496 3156 3542 est
3202 3488 3386 3551 homo,
3420 3481 3671 3553 quamvis

2096 3604 2289 3649 natura
2330 3592 2474 3646 Deus
2520 3580 2703 3650 esset,
2741 3594 2798 3639 et
2831 3582 3084 3652 spiritum
3135 3580 3248 3649 ipse
3284 3576 3458 3641 daret,
3491 3588 3591 3630 cur
3623 3572 3668 3625 si

2096 3694 2317 3741 vocetur
2357 3683 2521 3737 etiam
2575 3678 2761 3742 frater,
2821 3675 3046 3729 minime
3104 3670 3361 3725 decenter
3427 3666 3663 3728 dicatur,

2096 3792 2219 3832 cum
2250 3777 2350 3831 hac
2381 3775 2445 3828 de
2469 3785 2630 3826 causa
2671 3767 2848 3822 fat-tus
2887 3766 2961 3821 sit
3009 3762 3180 3818 nostri
3220 3757 3438 3826 silmilia,
3478 3766 3541 3812 ut
3570 3769 3672 3810 nos

2099 3870 2296 3924 fratres
2338 3881 2402 3920 ac
2446 3864 2647 3918 liberos
2698 3856 2978 3915 ἐθίσαι-ειῖ
3025 3872 3044 3905 ι
3079 3853 3359 3920 Quotquot
3407 3847 3554 3903 enim
3591 3859 3678 3900 ro—

2098 3965 2360 4027 ceperunt
2404 3969 2550 4019 eum,
2604 3949 2819 4019 inquit,
2860 3946 3006 4000 dedit
3046 3944 3131 3998 eis
3169 3947 3491 4011 potestatem
3536 3934 3681 3989 filios

2098 4025 2195 4105 Dei
2252 4046 2392 4109 ﬁeri,
2443 4043 2529 4099 his
2573 4041 2664 4110 qui
2714 4039 2943 4094 credunt
2989 4035 3044 4088 in
3104 4031 3326 4087 nomine
3377 4028 3495 4097 eius
3532 4044 3547 4082 :
3580 4025 3680 4094 qui

2100 4155 2207 4195 non
2253 4153 2318 4192 ex
2372 4126 2750 4204 sanguinibus,
2801 4141 2977 4196 neque
3023 4140 3091 4178 ex
3138 4121 3417 4177 voluntate
3469 4116 3709 4177 carnis,

2100 4244 2276 4298 neque
2305 4243 2372 4282 ex
2407 4226 2687 4280 voluntate
2715 4219 2841 4282 viri,
2875 4219 2969 4273 sed
3014 4230 3080 4271 ex
3118 4214 3230 4269 Deo
3261 4210 3371 4267 nati
3408 4216 3536 4266 sunt
3564 4206 3631 4261 ’⁸.
3651 4224 3679 4257 ι

2048 4373 2055 4379 .
2099 4296 2298 4373 Natum
2332 4325 2413 4373 est
2452 4314 2597 4369 enim
2645 4310 2939 4365 nobiscum‘
2962 4303 3259 4361 secundum
3298 4313 3516 4355 carnem
3548 4296 3682 4379 illud

2104 4427 2170 4467 ex
2209 4411 2320 4465 Deo
2368 4408 2532 4463 Patre
2586 4401 2858 4467 Verbum,
2905 4408 2966 4453 ut
3014 4411 3111 4451 nos
3157 4406 3373 4463 quoque
3417 4390 3564 4443 illam
3610 4394 3675 4440 ex

404 4482 727 4571 χειούμενοι
771 4482 829 4535 δὲ
866 4483 1067 4552 μᾶλλον
1115 4486 1194 4547 εἰς
1229 4484 1300 4538 τὰ
1344 4484 1485 4555 ὑπὲρ
1517 4484 1701 4554 φύσιν,
1751 4485 1845 4539 καὶ
1894 4485 1988 4538 uini

2112 4506 2221 4559 Deo
2262 4515 2360 4571 per
2392 4498 2645 4569 spiritum
2695 4491 3034 4547 nativitatem
3071 4484 3418 4554 nequiremus
3450 4493 3466 4532 :
3502 4473 3680 4544 neque

399 4570 547 4625 Θεοῦ
583 4572 1017 4641 χρηματίζοντες
1050 4571 1193 4627 κατὰ
1222 4573 1401 4643 χάριν.
1426 4574 1623 4642 Γέγονε
1667 4574 1776 4644 γὰρ
1816 4573 1891 4639 ὡς
1922 4568 2002 4637 εἷς

396 4662 466 4727 ἐξ
494 4661 681 4733 ἡμῶν,
708 4664 738 4715 ό
766 4663 908 4715 κατὰ
948 4662 1110 4734 φύσιν
1141 4665 1233 4718 καὶ
1274 4663 1491 4736 ἀληθῶς
1516 4664 1645 4728 Υἱὸς
1684 4664 2000 4736 μονογενὴς,

398 4756 501 4809 ra".
523 4753 769 4824 ἀψευδὴς
790 4756 820 4807 ό
853 4752 1010 4821 λόγος
1030 4771 1045 4784 ·
1074 4752 1408 4808 πιστώσεται
1432 4754 1489 4808 δὲ
1517 4755 1652 4826 πρὸς
1679 4754 1833 4808 τοῦτο
1858 4757 2004 4826 ἡμᾶς

399 4847 431 4898 ό
466 4844 768 4908 θεσπέσιος
801 4845 1035 4910 Παῦλος,
1061 4846 1158 4899 ὡδί
1191 4863 1292 4900 που
1323 4846 1529 4914 λέγων·
1570 4866 1588 4899 ι
1616 4848 1736 4900 Ὅτι
1781 4846 1840 4901 δέ
1881 4849 2004 4901 ἐστε

399 4937 540 5004 υἱοὶ,
577 4936 967 5003 ἐξαπέστειλεν
995 4940 1023 4991 ό
1054 4938 1187 5002 Θεὸς
1217 4938 1277 4994 τὸ
1300 4940 1526 5011 Πνεῦμα
1554 4940 1648 4993 τοῦ
1676 4940 1808 4993 Υἰοῦ
1839 4938 2004 4993 αὐτοῦ

401 5029 489 5092 εἰς
537 5028 645 5091 τὰς
679 5028 906 5099 καρδίας
940 5030 1114 5099 ὑμῶν,
1168 5030 1391 5103 κρᾶζον,
1443 5032 1645 5094 Ἀδδεί,
1685 5035 1713 5085 ό
1742 5034 1952 5104 Πατήρ.
1981 5051 2003 5085 ι

403 5119 475 5172 Τί
503 5120 692 5172 τοένυν
723 5120 995 5192 amatam
1029 5123 1127 5192 τῆς
1154 5124 1468 5194 οἰκονομίας
1502 5124 1563 5178 τὸ
1618 5125 1801 5190 σοφὸν,
1831 5126 1912 5189 εἰς
1943 5125 2005 5178 τὸ

408 5212 490 5282 μὴ
539 5213 604 5263 ἐν
647 5211 841 5281 κόσμῳ
873 5212 950 5284 τῷ
1000 5215 1174 5268 δέοντι
1222 5215 1553 5285 πεποιῆσθαι
1583 5217 1782 5282 δοκεῖν,
1824 5216 1915 5270 διά
1946 5232 2008 5284 γε

402 5299 507 5353 τοῦ
549 5299 759 5367 λέγειν,
781 5301 874 5370 Μὴ
916 5303 1141 5372 σπέρμα
1176 5300 1269 5354 τοῦ
1305 5301 1558 5372 Ἀϐραὰμ
1585 5304 1618 5371 ἡ
1653 5301 1871 5371 θεότηςς
1918 5292 2009 5371 Μὴ

2102 4596 2216 4667 jam
2259 4591 2441 4647 carnis
2487 4588 2580 4641 lilii
2619 4586 2827 4649 simus,
2864 4581 2960 4635 sed
2997 4578 3049 4630 in
3086 4579 3156 4633 Tea
3204 4586 3324 4640 quae
3363 4581 3527 4636 supra
3572 4579 3677 4667 ua—

2107 4654 2284 4738 turam
2340 4688 2466 4735 sunt
2514 4678 2892 4734 immutemur,
2941 4677 2997 4721 et
3039 4666 3130 4718 lilii
3172 4663 3265 4716 Dei
3310 4674 3407 4729 per
3448 4654 3685 4727 gratiam

2106 4780 2279 4845 simus
2304 4792 2318 4826 :
2345 4770 2520 4825 factus
2546 4775 2629 4820 est
2657 4764 2799 4818 enim
2835 4770 2893 4814 ut
2926 4772 3065 4813 tinus
3090 4770 3120 4811 e
3150 4752 3331 4817 nobis,
3366 4748 3455 4803 ille
3484 4760 3682 4802 secun—

2107 4842 2233 4922 dum
2254 4874 2503 4918 naturam
2532 4871 2595 4910 ac
2620 4869 2747 4908 vere
2767 4851 2937 4905 Filius
2971 4846 3290 4916 unigenitus
3329 4859 3351 4898 :
3390 4838 3535 4909 quod
3556 4850 3687 4891 eum

2110 4956 2393 5013 verissime
2425 4952 2657 5011 dicatur,
2687 4946 2846 4999 fidem
2883 4943 3144 5012 praeterea
3178 4936 3335 4991 nobis
3375 4932 3507 4988 facit
3549 4931 3676 4985 beac

2115 5062 2202 5106 tus
2229 5045 2427 5103 Paulus
2457 5043 2540 5097 his
2569 5039 2682 5094 fere
2704 5036 2883 5091 verbis
2909 5048 2925 5086 :
2960 5049 2979 5082 ι
3016 5029 3299 5097 Quoniam
3337 5032 3527 5080 autem
3548 5017 3682 5075 estis

2114 5143 2232 5205 filii,
2256 5136 2404 5193 misit
2432 5132 2584 5187 Deus
2605 5129 2868 5198 Spiritum
2912 5123 3029 5179 Filii
3062 5122 3223 5178 suiin
3270 5116 3444 5175 corda
3491 5121 3679 5168 nostra

2081 5264 2085 5275 ι
2113 5201 2461 5289 clamantem,
2483 5224 2634 5278 Abba
2663 5221 2821 5274 Pater
2842 5216 2910 5273 ¹¹.
2943 5234 2963 5268 ι
2992 5213 3109 5268 Cur
3133 5212 3297 5282 igitur
3326 5201 3678 5276 sapientissi-

2116 5339 2256 5378 mam
2293 5315 2748 5387 dispensationem
2777 5325 2873 5379 per
2898 5308 3006 5361 vim
3033 5319 3099 5361 eo
3136 5304 3453 5368 detorques,
3491 5303 3555 5350 ut
3584 5292 3686 5346 mi~

405 5394 478 5462 τῇ
508 5391 736 5463 θεότητι
765 5392 921 5455 τινάς
949 5392 1108 5463 ἔσχεν
1137 5393 1400 5463 ἀδελφοὺς
1430 5395 1674 5457 ἐοικότας
1698 5412 1712 5461 ;
1739 5390 1885 5465 ’Λρα
1910 5395 2012 5446 οὒκ

408 5394 478 5462 τῇ
508 5391 736 5463 θεότητι
765 5392 921 5455 τινάς
949 5392 1108 5463 ἔσχεν
1137 5393 1400 5463 ἀδελφοὺς
1430 5395 1674 5457 ἐοικότας
1698 5412 1712 5461 ;
1739 5390 1885 5465 ’Λρα
1910 5395 1988 5446 ob:

408 5482 658 5555 ἐναργὴς
691 5483 1010 5555 ἀποπληξίαι
1036 5483 1195 5537 τοῦτό
1221 5501 1319 5554 γες
1351 5485 1425 5539 Τὸ
1470 5485 1578 5557 γὰρ
1604 5486 1848 5549 ἐκτόπως
1877 5486 1988 5539 ἀνα

2116 5428 2217 5469 nus
2238 5381 2492 5466 decenter
2517 5414 2667 5476 gesta
2708 5415 2827 5456 esse
2851 5398 3119 5458 videatur,
3160 5392 3288 5447 dum
3321 5387 3499 5443 dicis:
3538 5381 3677 5437 Num

2116 5516 2302 5557 semen
2345 5506 2429 5552 est
2459 5494 2731 5548 Abraham
2769 5489 2885 5557 ipsa
2917 5482 3212 5541 divinitas?
3246 5493 3374 5534 num
3408 5474 3552 5531 ullos
3595 5472 3677 5527 hat

1304 5525 1319 5550 ν
1362 5514 1425 5539 su
1472 5514 1578 5550 γαρ
1604 5514 1845 5549 extructus
1877 5514 2009 5539 ιινιι·

2116 5516 2302 5559 semen
2345 5506 2429 5552 est
2459 5472 2731 5548 Abraham
2769 5489 2885 5558 ipsa
2917 5482 3212 5541 divinitas?
3246 5493 3374 5534 num
3408 5474 3552 5531 ullos
3595 5472 3688 5527 ha~

491 5687 513 5717 ’
538 5687 701 5743 Joan.
729 5704 848 5751 vm,
874 5689 966 5745 58.
1048 5690 1093 5724 ”
1121 5687 1278 5745 Joau.
1302 5703 1413 5752 xlv,
1439 5687 1491 5743 9.
1572 5690 1610 5720 ¹¹
1652 5686 1790 5744 Psal.
1822 5702 1933 5753 ut,
1958 5687 1988 5738 Ξ

418 5763 463 5793 ⁸⁵
501 5760 684 5815 Galat.
712 5775 782 5823 tv,
810 5759 866 5812 li.

2128 5672 2689 5743 "Hebr.tt,ll,ii.
2769 5670 2810 5702 η
2843 5665 2974 5723 ibid.
3006 5662 3072 5719 tt
3169 5655 3690 5725 “Joan.t,l?.15.
3740 5636 3757 5643 ’
