4150 6498
468 381 568 433 ii"?

1456 386 1514 442 S.
1554 386 1835 444 CYRILLI
1874 385 2342 442 ALEXANDRINI
2385 386 2702 445 ARCIIIEP.

3627 392 3725 445 ωδ

464 500 579 549 imit
606 496 803 551 fratres
826 496 1128 553 divinitatis
1156 499 1404 554 similes?
1434 502 1628 557 Annon
1664 504 1716 557 id
1746 514 1899 559 certe
1929 513 2035 558 stu-

2152 502 2537 569 πυνθάνεσθαι,
2572 506 2663 558 καὶ
2690 506 3046 575 ἀποκομίζειν
3072 496 3156 569 εἰς
3181 505 3509 576 δυσφημίας,
3541 505 3610 559 τὰ
3635 508 3725 560 οὖ-

463 607 609 674 poris
641 618 722 661 est
770 608 1134 675 apertissimi?
1169 608 1299 664 Nam
1358 612 1544 683 inepte
1590 615 1951 685 interrogare,
1985 626 2040 673 et

461 701 597 754 adeo
632 710 773 752 recta
801 710 854 752 et
892 701 1100 771 integra
1149 702 1426 771 dogmata,
1458 707 1601 773 quod
1645 708 1711 760 ad
1762 707 2041 776 dispensa-

464 792 626 843 tionis
673 791 938 845 rationem
985 794 1035 845 in
1065 793 1285 847 Christo
1326 795 1728 859 intelligendam
1773 799 2034 866 pertinet,

458 885 526 936 ad
581 885 946 952 blasphemias
990 888 1337 956 detorquere,
1388 891 1517 957 quid
1565 892 1713 945 aliud
1756 902 2036 961 estquam

458 992 683 1029 summa:
711 978 966 1030 amentia:
995 979 1435 1033 demonstratio?
1463 981 1848 1035 (lenissimum
1880 984 2038 1051 quip-

458 1080 525 1132 pe
559 1077 665 1130 est,
702 1067 828 1119 illud
860 1066 949 1119 Dei
981 1069 1161 1123 Patris
1192 1071 1447 1135 Verbum,
1498 1072 1641 1139 quod
1673 1073 1739 1125 ad
1784 1084 2035 1127 naturam

460 1159 728 1225 corporis,
772 1160 886 1209 sive
920 1160 1276 1212 humanitatis
1314 1161 1568 1228 perfecta:
1609 1163 1871 1216 rationem
1918 1166 2065 1227 attia

465 1257 578 1308 uel,
613 1247 823 1301 factmu'
849 1262 968 1301 esse
993 1249 1163 1303 nostri
1199 1250 1395 1313 simile,
1428 1262 1481 1303 et
1513 1268 1608 1320 per
1635 1254 1815 1304 omnia
1854 1254 2038 1308 nobis-

456 1352 602 1403 t-utn,
634 1354 739 1390 uno
768 1348 998 1405 excepto
1042 1348 1283 1409 peccato,
1319 1344 1667 1397 convenisse.
1708 1342 1813 1396 Sed
1850 1360 2039 1413 rogare

457 1427 587 1482 libet
610 1444 731 1483 eum
767 1432 857 1499 qui
884 1431 1061 1486 dixit:
1093 1432 1228 1485 Num
1260 1433 1357 1486 Dei
1394 1432 1628 1488 Verbum
1674 1435 1813 1489 ullos
1848 1423 2038 1490 habuit

456 1516 651 1570 fratres
676 1519 949 1572 divinitati
1004 1520 1257 1575 similes?
1285 1523 1544 1589 quidnam
1576 1539 1760 1578 serum
1800 1527 1915 1595 ipse
1955 1541 2040 1581 co.

454 1604 632 1670 gitans
664 1606 854 1660 beatus
881 1606 1082 1661 Paulus
1109 1610 1329 1676 scripsit
1376 1612 1443 1663 ad
1480 1614 1741 1680 quosdam
1771 1631 1784 1666 :
1823 1632 1840 1665 ι
1876 1612 2040 1669 Filio-

455 1694 512 1756 li,
541 1710 676 1762 qttos
700 1695 894 1750 iterum
926 1701 1190 1767 parlttrio,
1209 1702 1383 1755 donec
1409 1703 1662 1756 Christus
1691 1703 1957 1759 formetur
1983 1708 2033 1759 iu

456 1785 612 1839 vobis
642 1785 706 1841 “.
740 1804 758 1838 ι
784 1787 925 1853 Quin
961 1790 1122 1842 etiam
1152 1790 1276 1844 alibi
1303 1791 1613 1848 hominibus
1633 1797 1720 1863 qui
1758 1812 1852 1865 per
1878 1796 2033 1851 fidem

2139 612 2248 658 τως
2291 595 2428 667 ὀρθὰ
2471 597 2565 648 καὶ.
2609 597 2928 666 ἀμωμήτως
2961 597 3183 667 ἔχοντα,
3219 596 3455 664 κατά’γε
3492 596 3586 649 τὸν
3627 599 3727 664 τῆς

2138 687 2198 739 ὲν
2238 686 2459 757 Χριστῷ
2508 687 2804 757 νοουμένης
2864 689 3178 758 οἰκονομίας
3216 689 3395 756 λόγον,
3443 689 3495 742 τί
3541 688 3728 761 ἕτερόν

2139 779 2306 838 ἐστιν,
2334 777 2365 848 ἢ
2394 781 2494 847 τῆς
2534 779 2761 831 ἁπασῶν
2804 780 3036 850 ἐσχάτης
3080 780 3479 850 ἐμϐροντησίας
3506 781 3728 836 ἀπόδει-

2140 870 2256 935 ξις;
2294 869 2774 940 Ὀμολογουμένως
2825 872 2925 941 μὲν
2973 871 3103 940 γὰρ,
3142 873 3282 925 κατὰ
3330 873 3428 942 τὴν
3469 872 3565 926 τοῦ
3620 875 3727 925 σώ-

2143 978 2311 1029 ματος
2346 961 2531 1029 φύσιν,
2563 964 2679 1032 ἦτοι
2717 964 2808 1015 τὸν
2837 966 2935 1032 τῆς
2967 963 3390 1033 ἀνθρωπότητος
3424 965 3599 1033 λόγον,
3634 984 3725 1019 τε·

2137 1050 2296 1115 λείως
2343 1052 2571 1122 ἐχούσης
2620 1054 2704 1122 ἐφ’
2744 1054 2941 1124 ἑαυτῇ,
2989 1055 3211 1123 γέγονεν
3254 1056 3387 1125 ἡμῖν
3435 1055 3730 1127 παραπλή-

2138 1157 2278 1206 σιος,
2308 1144 2401 1195 καὶ
2431 1143 2570 1195 κατὰ
2603 1145 2711 1196 πᾶν
2735 1145 2913 1196 ὁτιοῦν
2941 1144 3155 1206 ἐοικὼς,
3185 1146 3307 1214 δίχα
3343 1148 3509 1215 μόνης
3541 1149 3725 1218 ἁμαρ·

2135 1232 2257 1297 τίας
2281 1233 2310 1285 6
2345 1234 2407 1285 ὲκ
2441 1234 2574 1286 Θεοῦ
2608 1235 2821 1304 Πατρδς
2850 1236 3039 1302 Λόγος.
3080 1237 3383 1307 ἐρήσομαι
3417 1237 3475 1291 δὲ
3512 1238 3605 1293 τὸν
3638 1239 3727 1292 λέ-

2138 1341 2324 1391 γοντα,
2344 1324 2436 1395 Μὴ
2461 1327 2525 1394 τῇ
2555 1324 2770 1395 θεότητι
2799 1326 2950 1388 τινὰς
2980 1327 3008 1378 6
3028 1326 3162 1390 Θεὸς
3190 1328 3361 1396 Λόγος
3389 1329 3546 1400 ἔσχεν
3575 1330 3728 1383 ἀδελ-

2141 1415 2276 1483 φοὺς
2318 1415 2596 1478 ὲοικότας;
2628 1415 2681 1467 τί
2712 1416 2775 1485 δὴ
2812 1416 2920 1486 ἄρα
2958 1417 3080 1470 καθ’
3108 1419 3301 1471 ἑαυτὸν
3332 1420 3659 1490 ὲννενοηκὼς
3697 1424 3726 1472 ὁ

2141 1504 2431 1573 ἱερώτατος
2472 1505 2701 1571 Παῦλος,
2738 1507 2984 1577 γέγραφέ
3021 1526 3151 1570 τισι,
3195 1528 3212 1559 t
3241 1510 3463 1575 Τεκνία,
3497 1510 3591 1573 οὒς
3622 1514 3727 1565 πὲ-

2136 1596 2220 1650 λιν
2265 1598 2459 1661 ὠδίνω,
2508 1599 2665 1670 ἄχρις
2709 1594 2769 1653 οὗ
2824 1600 3083 1670 μορφωθῇ
3138 1600 3373 1672 Χριστὸς
3419 1604 3477 1655 ὲν
3525 1604 3671 1673 ὑμῖν.
3702 1623 3720 1652 ι

2138 1690 2248 1741 Καὶ
2300 1689 2405 1760 μὴν
2441 1690 2536 1742 καὶ
2580 1690 2806 1760 ἑτέρωθι
2853 1692 2968 1752 τοῖς
3016 1691 3105 1744 διὰ
3159 1692 3394 1756 πίστεως
3429 1693 3721 1764 τελειωμέ-

2137 1799 2246 1843 νοις
2295 1784 2354 1834 ὲν
2404 1784 2693 1851 πνεύματι,
2728 1801 2746 1834 r
2768 1784 2960 1852 Ἡμεῖς
2991 1784 3046 1837 δὲ
3081 1784 3283 1847 πάντες
3336 1785 3725 1857 ἀνακεκαλυμο

456 1873 558 1942 71
581 1874 998 1942 perﬁciehantur
1019 1879 1070 1930 in
1091 1879 1282 1945 spiritu
1307 1897 1319 1932 :
1347 1898 1364 1929 ι
1396 1880 1500 1935 Nos
1525 1898 1652 1935 vero
1672 1900 1862 1937 omnes
1881 1901 2035 1939 reve—

2143 1875 2288 1943 μένῳ
2317 1873 2591 1944 προσώπῳ
2627 1875 2722 1945 τὴν
2768 1876 2924 1941 δόξαν
2968 1876 3169 1947 Κυρίου
3205 1878 3725 1949 κατοπτριζόμενοι.

453 1964 559 2017 lata
593 1965 732 2019 facie
764 1967 989 2036 gloriam
1031 1969 1241 2023 Domini
1280 1974 1643 2040 speculantes,
1670 1975 1720 2028 in
1748 1976 1866 2044 ejus
1904 1978 2039 2030 ima-

450 2055 628 2123 ginem
662 2057 1116 2112 transformamur
1145 2077 1174 2113 a
1203 2062 1449 2116 claritate
1472 2066 1523 2117 iu
1559 2066 1886 2133 claritatem,
1920 2079 2039 2121 tun-

447 2163 615 2217 quam
659 2164 688 2202 a
740 2149 951 2204 Domini
1005 2154 1221 2219 spiritu.
1272 2155 1530 2212 Dominus
1583 2168 1761 2213 autem
1810 2162 2039 2226 spiritus

449 2245 579 2291 est:
621 2239 711 2291 ιιὺί
743 2251 924 2293 autem
961 2244 1183 2310 spiritus
1236 2244 1467 2313 Domini,
1519 2250 1589 2302 ibi
1641 2251 1864 2304 libertas
1912 2254 1976 2307 ".
2016 2274 2032 2303 ι

451 2324 589 2379 Num
629 2328 794 2395 igitur
826 2329 939 2383 hare
975 2332 1107 2385 dicit
1137 2332 1347 2389 Galatis
1381 2347 1637 2406 tauquam
1669 2356 1947 2410 rorporem
1979 2345 2041 2396 li-

450 2416 675 2470 bertatis
708 2417 913 2474 formas
947 2436 1054 2474 non
1092 2423 1411 2481 habentibus
1441 2427 1514 2482 illi
1545 2444 1608 2483 ex
1643 2434 1848 2488 semine
1875 2435 2038 2489 David

450 2507 746 2561 secundum
793 2525 1015 2566 carnem
1052 2513 1281 2579 similes,
1332 2517 1519 2573 illosve
1571 2525 1820 2587 parturit,
1868 2534 1925 2576 ιιι
1986 2527 2038 2579 in

448 2597 583 2665 ipsis
611 2601 1011 2668 quodammodo
1056 2606 1320 2675 figuretur
1350 2618 1405 2662 et
1435 2611 1703 2679 elligietur
1737 2606 2037 2671 secuntﬂnn

446 2705 669 2778 carnem
693 2691 989 2749 Christus?
1020 2700 1182 2778 Atqui
1208 2705 1482 2771 quomodo
1508 2721 1611 2757 non
1643 2707 1819 2775 quivis
1846 2711 2040 2778 opinor

447 2792 506 2835 et
536 2770 660 2839 sine
684 2785 850 2840 dubio
876 2788 1042 2853 dicat,
1086 2776 1397 2847 conformes
1432 2796 1533 2850 sibi
1579 2770 1724 2851 inter
1757 2816 1816 2855 se
1851 2770 2041 2857 omnes

446 2888 573 2930 esse
601 2876 693 2945 qui
725 2888 851 2931 sunt
883 2881 935 2934 in
971 2884 1153 2945 terris,
1179 2894 1235 2938 et
1283 2885 1383 2953 ipsi
1416 2902 1630 2957 quoque
1665 2889 1903 2959 Christo,
1934 2910 2040 2964 qua

451 2966 627 3019 nostri
677 2968 873 3024 similis
926 2971 1118 3035 homo,
1176 2983 1232 3028 et
1289 2976 1568 3031 uobiscum
1625 2981 2042 3040 consideratur?

444 3054 634 3122 Qualis
648 3073 778 3129 ergo
793 3060 1043 3130 elligiatio
1060 3064 1109 3118 in
1132 3067 1235 3119 illis
1251 3068 1797 3137 exigebaturChristo
1812 3074 2043 3131 similis?

445 3155 824 3219 autquomodo
848 3169 946 3207 nos
969 3170 996 3207 a
1021 3155 1272 3213 claritate
1288 3159 1339 3211 in
1361 3160 1665 3215 claritatem
1687 3163 2041 3221 transforma-

446 3240 718 3311 mur?qua
743 3243 929 3297 relicta
950 3243 1147 3315 forma,
1168 3250 1222 3301 in
1241 3263 1402 3318 quam
1425 3250 1917 3319 transfiguratum?
1941 3255 2039 3310 Er-

444 3347 514 3401 go
545 3349 644 3388 nos
680 3335 901 3391 divinus
930 3337 1019 3391 ille
1043 3338 1233 3393 doctor
1261 3341 1512 3408 prodiens
1540 3342 1753 3409 doceat,
1793 3346 1883 3401 ille
1906 3348 2039 3401 divi-

444 3440 638 3479 norum
662 3428 919 3483 sacerdos
950 3431 1355 3500 mysteriorum.
1392 3433 1481 3487 ille
1500 3435 1688 3489 doctor
1711 3437 1949 3505 gentium
1981 3439 2035 3492 in

445 3516 553 3570 fide
579 3525 631 3570 et
656 3517 920 3572 veritate:
950 3536 968 3569 ι
998 3519 1144 3584 Quos
1161 3521 1305 3572 enim
1326 3522 1505 3582 scivit,
1534 3522 1730 3592 inquit.
1752 3535 1804 3577 et
1835 3527 2038 3594 praede-

444 3607 667 3661 stinavit
698 3608 1002 3663 conformes
1038 3609 1152 3663 fieri
1188 3612 1435 3678 imaginis
1470 3612 1587 3666 Filii
1621 3616 1725 3677 sui,
1750 3617 1847 3671 hos
1870 3626 2037 3673 οινο-

441 3699 586 3751 cavit
616 3697 682 3753 ⁸⁸.
704 3717 724 3752 ι
745 3697 910 3768 Ergo,
937 3700 1212 3754 utdudum
1238 3702 1370 3765 dixi,
1400 3718 1503 3772 qua
1534 3703 1710 3758 factus
1736 3716 1822 3761 est
1853 3707 2033 3776 homo,

442 3796 502 3843 et
541 3786 644 3842 fuit
680 3804 749 3844 ex
781 3789 992 3844 semine
1016 3791 1313 3855 Abraham,
1347 3808 1538 3847 omnes
1572 3795 1647 3848 illi
1679 3810 1871 3849 smnus
1901 3812 2035 3852 con-

446 3880 670 3935 formes.
704 3881 908 3936 Omnes
945 3881 1110 3951 igitur
1130 3899 1266 3952 quos
1296 3882 1460 3938 Pater
1489 3887 1760 3954 prmscivit
1790 3887 2035 3945 homines

442 3971 534 4040 qui
557 3980 682 4025 sunt
715 3971 768 4024 in
803 3972 984 4038 terris,
1019 3981 1072 4026 et
1094 3973 1518 4041 prmdestinavit,
1551 3975 1652 4029 hos
1691 3992 1814 4031 cum
1843 3992 2032 4035 vocas-

441 4072 546 4130 set,
580 4065 940 4119 sanctiiicavit
983 4074 1036 4120 et
1074 4067 1396 4137 gloriiimvit
1443 4088 1457 4123 :
1513 4077 1676 4147 atque
1705 4084 1809 4125 non
1844 4086 2033 4128 omnes

439 4154 806 4224 pmdestinati
840 4165 989 4221 sunt,
1039 4172 1147 4211 non
1182 4173 1372 4213 omnes
1410 4159 1733 4215 sanctificati
1786 4172 1880 4217 aut
1912 4163 2028 4232 glo-

443 4242 672 4311 riiicati;
700 4260 807 4299 non
837 4247 998 4317 igitur
1028 4247 1129 4304 hoc
1165 4248 1339 4318 ipsum
1371 4251 1513 4318 quod
1538 4248 1676 4304 Filio
1702 4251 2018 4307 conforma-

440 4334 658 4399 tnur,iu
675 4336 788 4389 sola
808 4335 1127 4407 intelligitur
1158 4341 1339 4394 carnis
1358 4339 1779 4396 bumanitatisve
1812 4354 2025 4409 natura,

437 4425 533 4479 sed
562 4424 669 4480 alio
695 4442 908 4496 quoque
940 4430 1097 4483 modo
1125 4447 1138 4484 :
1172 4431 1332 4499 idque
1373 4431 1530 4485 nobis
1555 4431 1796 4486 declarat
1838 4434 2029 4489 beatus

435 4515 638 4573 Paulus
667 4533 788 4573 cum
822 4520 1001 4575 dixit:
1034 4538 1052 4571 ι
1090 4520 1157 4583 Et
1182 4521 1324 4576 sicut
1359 4524 1697 4591 portavimus
1730 4524 2021 4592 imaginem
2056 4518 2115 4606 θ’

438 4610 659 4675 lem-ui,
690 4622 966 4679 portemus
994 4623 1046 4669 et
1073 4616 1364 4683 imaginem
1395 4615 1632 4670 caelestis
1669 4617 1745 4681 υς
1777 4636 1796 4669 ι
1821 4617 2021 4672 terreni

433 4694 686 4755 Videlicet
710 4700 1000 4771 imaginem
1036 4701 1181 4755 illam
1217 4702 1376 4769 primi
1411 4703 1656 4770 parentis
1689 4701 1880 4767 Adam,
1906 4715 2020 4756 cm—

433 4788 589 4846 lestis
617 4802 818 4857 autem,
852 4794 996 4849 illam
1028 4793 1229 4849 Christi
1268 4795 1600 4875 intelligens.
1645 4794 1907 4862 Qumnam
1935 4804 2021 4850 est

435 4884 599 4951 igitur
629 4885 777 4953 prior
805 4885 893 4940 illa
928 4885 1088 4955 primi
1120 4885 1362 4954 parentis
1392 4886 1611 4955 imago?
1643 4887 1896 4940 nimirum
1932 4886 2017 4940 fa-

435 4974 613 5028 cilitas
655 4974 739 5028 illa
783 4977 850 5030 ad
892 4977 1248 5046 peccandum,
1300 4977 1401 5031 hoc
1434 4978 1608 5043 ipsum
1658 4977 1798 5046 quod
1854 4979 2015 5032 morti

434 5068 876 5136 rorruptionique
899 5084 1087 5123 sumus
1113 5066 1354 5121 obnoxii.
1383 5067 1514 5132 Qua:
1549 5083 1735 5124 rursus
1768 5068 1855 5125 illa
1895 5083 2014 5123 cos-

435 5156 624 5229 lestis?
646 5159 790 5212 nullo
804 5160 963 5214 modo
977 5160 1171 5213 cedere
1189 5158 1354 5221 vitiis,
1376 5173 1483 5211 non
1504 5172 1664 5214 nosse
1680 5160 2015 5231 delinquere,

437 5263 542 5303 non
568 5262 691 5304 esse
715 5251 872 5306 morti
902 5260 959 5304 et
979 5248 1314 5317 corruptioni
1346 5248 1679 5318 subjectum,
1708 5252 2017 5307 sanctifica-

2139 1965 2238 2031 τὴν
2268 1964 2429 2015 αὑτοῦ
2454 1964 2637 2018 εἰκόνα
2669 1966 2781 2031 (ill)
2813 1965 3314 2036 μεταμορφούμεθα
3337 1967 3445 2019 ἀπὸ
3466 1967 3623 2035 δόξης
3644 1969 3727 2030 εἰς

2137 2052 2315 2117 δόξαν,
2351 2053 2600 2123 καθάπερ
2632 2053 2740 2105 ἀπὸ
2760 2054 2965 2123 Κυρίου
3002 2055 3339 2125 πνεύματος·
3369 2059 3398 2110 6
3429 2058 3484 2110 δὲ
3517 2057 3728 2127 Κύριος

2136 2145 2198 2197 τὸ
2228 2144 2442 2214 πνεῦμὰ
2464 2148 2609 2198 ἐστιν
2628 2163 2642 2176 ο
2669 2141 2730 2200 οὗ
2756 2147 2810 2199 δὲ
2837 2148 2896 2199 τὸ
2928 2147 3145 2217 πνεῦμα
3170 2149 3401 2219 Κυρίου.
3433 2151 3551 2203 ἐκεῖ
3572 2150 3727 2201 ὲλευ-

2138 2233 2315 2304 οερία.
2338 2232 2489 2305 »Ἆρ’
2518 2233 2611 2288 οὖν
2647 2237 2723 2299 ὡς
2762 2237 2860 2289 οὐκ
2894 2238 3074 2306 ἔχουσι
3102 2237 3368 2301 Γαλάταις
3400 2240 3499 2308 τῆς
3536 2255 3724 2310 σωμαι-

2137 2325 2295 2393 τικῆς
2333 2325 2643 2398 ἐλευθερίας
2674 2329 2801 2389 τοὺς
2828 2326 3056 2389 τύπους,
3077 2328 3215 2398 πρὸς
3238 2328 3298 2381 τδ
3324 2330 3387 2382 ὲκ
3412 2331 3725 2400 σπέρματος

2139 2415 2304 2468 Δαὸὶδ
2354 2416 2492 2469 κατὰ
2547 2417 2747 2485 σάρκα,
2780 2417 2845 2470 τὶ
2894 2418 3070 2471 τοιάδε
3127 2418 3328 2488 φησίνθ
3369 2421 3615 2473 ἀνωδίνει
3664 2422 3723 2474 δὲ

2138 2507 2358 2571 αὐτοὺς,
2384 2508 2451 2559 ἵν’
2470 2508 2859 2578 ὲγχαράττοιτό
2887 2527 3003 2572 πως
3027 2509 3231 2571 αὐτοῖς,
3255 2513 3348 2565 καὶ
3368 2513 3723 2583 διαμορφοῖτο

2139 2598 2281 2652 κατᾶ
2312 2599 2489 2669 σάρκα
2513 2599 2779 2669 Χριστός;
2816 2600 3005 2652 Καίτοι
3038 2600 3153 2663 πῶς
3173 2602 3271 2672 οὐχ
3298 2602 3441 2666 ἅπας
3461 2622 3544 2667 τις
3567 2601 3719 2676 οἶμαι

2139 2691 2234 2743 καὶ
2259 2691 2646 2760 ἀναμφιλόγως
2669 2691 2804 2761 ἐρεῖ,
2830 2692 3186 2763 συμμόρφους
3206 2694 3456 2764 ἀλλήλοις
3478 2694 3723 2760 ἅπαντας

2140 2777 2279 2835 εἶναι
2304 2784 2428 2845 τοὺς
2457 2784 2549 2834 ἐπὶ
2577 2785 2678 2852 τῆς
2701 2783 2824 2852 γῆς,
2843 2783 2936 2835 καὶ
2963 2782 3113 2849 αὐτῷ
3136 2783 3192 2835 δὲ
3215 2783 3292 2852 τῷ
3318 2783 3557 2855 Χριστῷ.
3586 2786 3723 2837 καθὸ

2140 2876 2339 2927 νοεῖται
2368 2874 2494 2935 καθ’
2518 2874 2665 2945 ἡμᾶς
2697 2873 3004 2941 ἄνθρωπος,
3038 2872 3323 2944 ἄνθρωπός
3371 2875 3480 2946 [τον.
3513 2876 3716 2946 παρέλ-

2141 2964 2249 3038 κει]
2286 2983 2341 3018 τε
2373 2966 2466 3018 καὶ
2502 2965 2621 3035 μεθ’
2657 2964 2843 3034 ήμῶνς
2892 2965 3027 3017 Ποία
3056 2964 3120 3035 δὴ
3167 2960 3260 3019 οὖν
3287 2966 3347 3019 ὲν
3380 2967 3608 3030 ἐκείνοις
3633 2968 3719 3033 ἐξ·

2139 3060 2321 3129 ῃτεῖτο
2363 3057 2643 3126 μόρφωσις
2670 3057 2702 3125 ἡ
2736 3057 2872 3124 πρός
2901 3072 2961 3123 γε
2994 3057 3259 3127 Χριστόν;
3288 3056 3320 3127 ἢ
3366 3057 3485 3110 τίνα
3522 3057 3720 3127 τρόπον

2142 3149 2303 3218 ἡμεῖς
2344 3148 2451 3200 ἀπὸ
2495 3148 2652 3218 δόξης
2680 3150 2759 3210 εἰς
2786 3147 2944 3210 δόξαν
2980 3147 3517 3218 μεταμορφούμεθα;
3554 3148 3721 3202 Ποίαν

2141 3238 2372 3307 ἀφέντες
2404 3239 2641 3311 μορφὴν,
2676 3238 2755 3301 εἰς
2795 3238 2918 3290 τίνα
2956 3239 3545 3309 μεταστοιχειούμεθα;
3580 3239 3720 3292 Οὐκ-

2139 3330 2235 3384 οῦν
2263 3330 2563 3384 διδασκέτω
2599 3330 2888 3402 παρελθὼν
2926 3333 2955 3383 6
2987 3331 3129 3394 θεῖος
3166 3332 3313 3401 ἡμᾶς
3341 3331 3717 3401 μυσταγωγὸς,

2137 3425 2167 3477 6
2194 3421 2303 3476 τῶν
2336 3423 2497 3477 θείων
2526 3424 2840 3494 μυστηρίων
2870 3424 3151 3494 ἰερουργός
3174 3442 3186 3455 ο
3221 3427 3249 3477 6
3272 3425 3589 3486 διδάσκαλος
3612 3423 3720 3477 τῶν

2140 3513 2309 3567 ἐθνῶν
2336 3515 2394 3566 ἐν
2416 3514 2595 3568 πίστει
2626 3517 2719 3567 καὶ
2749 3514 2978 3585 ἀληθείᾳ
3000 3530 3014 3543 ·
3053 3534 3070 3565 ι
3101 3513 3209 3577 Οὓς
3239 3513 3348 3585 γὰρ
3377 3514 3536 3583 ἔγνω,
3558 3513 3715 3583 φησὶ,

2139 3606 2234 3659 καὶ
2266 3604 2537 3677 προώρισε
2574 3607 2928 3676 συμμόρφους
2966 3608 3066 3676 τῆς
3103 3602 3308 3670 εἰκότὶὅς
3336 3607 3430 3660 τοῦ
3464 3605 3591 3659 Υἰοῦ
3619 3607 3716 3660 αὐ-

2135 3695 2251 3756 τοῦ,
2283 3695 2499 3760 τούτους
2546 3699 2640 3751 καὶ
2684 3697 2960 3751 ἐκάλεσεν.
2994 3716 3011 3748 ι
3048 3696 3278 3759 Οὐκοῦν,
3308 3698 3384 3759 ὡς
3431 3698 3570 3768 ἔφην
3619 3699 3721 3770 ἁρ-

2135 3787 2287 3849 τίως,
2314 3786 2450 3841 καθὸ
2482 3788 2703 3855 γέγονεν
2729 3789 3032 3859 ἄνθρωπος,
3065 3790 3157 3842 καὶ
3188 3785 3254 3860 ἦν
3288 3790 3351 3843 ὲκ
3401 3791 3720 3860 σπέρματος

2150 3877 2419 3950 Ἀϐραὰμ,
2452 3880 2762 3951 συμμορφοι
2792 3880 2993 3944 πάντες
3017 3881 3183 3951 ἐσμὲν
3212 3882 3393 3951 αὐτῷ·
3424 3883 3631 3946 πάντας
3652 3882 3718 3953 δὴ

2133 3964 2227 4023 οὖν
2271 3969 2381 4040 Ιῖσ.
2408 3969 2527 4042 οὓς]
2573 3972 2670 4024 καὶ
2714 3970 2965 4042 προέγνω
3009 3972 3136 4035 τοὺς
3179 3973 3271 4025 ἐπὶ
3318 3973 3420 4043 τῆς
3453 3974 3576 4044 γῆς,
3624 3977 3718 4027 καὶ

2134 4060 2441 4132 προώρισεν
2467 4062 2496 4113 6
2537 4063 2744 4135 Πατὴρ,
2780 4064 3005 4127 τούτους
3040 4065 3345 4135 κεκληκὼς.
3381 4065 3574 4136 ἡγίασε
3622 4068 3719 4120 καὶ

2130 4152 2399 4219 ἐδόξασεν.
2420 4154 2582 4207 Ἀλλὰ
2607 4155 2715 4224 μὴν
2741 4156 2838 4225 οὐχ
2863 4156 3102 4220 ἅπαντες
3130 4155 3551 4228 προωρίσθησαν
3573 4176 3586 4189 ο
3613 4158 3711 4227 οὐχ

2131 4245 2370 4309 ἅπαντες
2401 4246 2767 4315 ήγιάσθησαν,
2802 4247 2835 4317 ἢ
2872 4247 3241 4319 ἐδοξάσθησαν
3262 4265 3276 4280 ο
3310 4249 3411 4302 οὐκ
3460 4249 3565 4318 ἄρα
3616 4250 3716 4317 τῆς

2130 4337 2269 4406 πρὸς
2302 4336 2427 4391 Υἰδν
2471 4337 2820 4407 συμμορφίας
2864 4337 2927 4390 τὸ
2977 4342 3186 4409 χρῆμα,
3225 4340 3363 4392 κατὰ
3423 4341 3595 4410 μόνην
3648 4341 3717 4395 ἂν

2130 4430 2303 4480 νοοῖτο
2331 4426 2427 4495 τὴν
2459 4427 2556 4495 τῆς
2588 4428 2791 4497 σαρκὸς
2822 4428 3003 4495 φύσιν,
3040 4431 3207 4499 ἤγουν
3230 4432 3327 4501 τῆς
3359 4430 3716 4501 ἀνθρωπότησ

2128 4534 2241 4580 τος,
2273 4516 2408 4570 ἀλλὰ
2459 4517 2554 4570 καὶ
2602 4518 2725 4571 καθ’
2756 4516 2942 4589 ἕτερον
2981 4522 3208 4591 τρόπον·
3262 4524 3354 4574 καὶ
3398 4522 3556 4575 τοῦτο
3582 4524 3716 4593 ἡμῖν

2132 4609 2430 4680 παρίστησι
2455 4610 2629 4677 λέγων
2657 4613 2686 4664 6
2718 4614 2987 4682 μακάριος
3032 4614 3241 4674 Παῦλος
3264 4631 3276 4643 ’
3331 4635 3348 4662 ι
3373 4616 3486 4668 Καὶ
3532 4615 3715 4680 καθὼς

2129 4698 2472 4770 ὲφορέσαμεν
2493 4700 2592 4770 τὴν
2616 4700 2799 4753 εἰκόνα
2820 4700 2916 4753 τοῦ
2942 4702 3148 4769 χοῖκοῦ,
3170 4704 3472 4773 φορέσομεν
3500 4706 3593 4758 καὶ
3614 4705 3714 4774 τὴν

2128 4789 2312 4843 εἰκόνα
2359 4789 2454 4842 τοῦ
2489 4791 2836 4861 ἐπουρανίου.
2871 4811 2888 4843 ι
2924 4792 3122 4845 Χοῖκοῦ
3161 4794 3259 4864 μὲν
3288 4796 3464 4861 λέγων
3505 4797 3707 4855 εἰκόνα.

2125 4880 2227 4950 τὴν
2254 4878 2348 4934 τοῦ
2389 4879 2733 4949 προπάτορος
2771 4880 2940 4951 Ἀδάμ
2961 4898 2975 4912 ο
3008 4884 3331 4953 ἐπουρανίου
3366 4900 3428 4952 γε
3461 4885 3586 4954 μὴν,
3614 4884 3713 4953 τὴν

2124 4973 2219 5026 τοῦ
2250 4971 2510 5043 Χριστοῦ.
2539 4971 2636 5034 Τίς
2667 4966 2762 5025 οὖν
2790 4972 2980 5044 πρώτη
3012 4974 3108 5027 τοῦ
3138 4974 3482 5045 προπάτορος
3510 4976 3709 5041 είκών;

2125 5063 2186 5118 τὸ
2210 5063 2531 5134 εὐπόριστον
2554 5065 2634 5127 εἰς
2659 5065 2961 5136 ἁμαρτίαν.
2988 5064 3050 5117 τὸ
3070 5065 3176 5118 ὑπὸ
3199 5066 3427 5120 θάνατον
3456 5067 3709 5133 γενέσθαι

2127 5155 2221 5209 καὶ
2249 5153 2475 5226 φθοράν.
2504 5154 2640 5208 Ποία
2657 5155 2715 5209 δὲ
2742 5154 2906 5209 πάλιν
2935 5156 2969 5225 ἡ
2992 5155 3083 5209 τοῦ
3109 5157 3433 5227 ἐπουρανίου
3455 5174 3468 5221 ;
3498 5158 3558 5210 τὸ
3581 5159 3710 5209 κατ’

2125 5247 2317 5301 οὐδένα
2344 5246 2544 5319 τρόπον
2567 5245 2832 5318 ἡττᾶσθαι
2857 5246 3043 5301 παθῶν
3063 5263 3078 5279 ο
3101 5246 3164 5300 τὸ
3205 5246 3281 5319 μὴ
3300 5246 3499 5303 εἰδέναι
3526 5248 3707 5321 1:13p.-

483 5422 527 5454 ¹⁶
547 5420 844 5489 Gal.|v,l9.
913 5423 955 5453 ¹¹¹
989 5421 1027 5474 ll
1062 5422 1187 5476 Cor.
1218 5437 1301 5485 ιιι,
1332 5424 1418 5485 l7.
1448 5424 1534 5479 l8.
1612 5426 1657 5457 ¹³
1685 5423 1840 5480 Rom.
1871 5442 1986 5490 vnt,
2010 5425 2097 5482 29.
2178 5428 2224 5459 "
2253 5425 2272 5479 l
2301 5425 2427 5481 Cor.
2463 5441 2552 5488 sv,
2580 5425 2671 5482 49.

1701 5580 1859 5636 ΑΝΤ.
1902 5581 2173 5638 AGELLII
2212 5581 2444 5640 NOTAE.

508 5710 619 5790 (iii)
648 5709 817 5790 Codd.
851 5711 961 5763 fere
984 5711 1152 5767 Cra-ci
1182 5714 1312 5790 Novi
1338 5716 1664 5790 Testamettti
1690 5718 2027 5790 Ιιςιὴοηιητὴν

441 5778 613 5849 αὐτὴν
638 5782 822 5835 εἰκόνα
856 5785 1370 5856 μεταμορφούμεθα,
1400 5803 1508 5858 quo
1536 5788 1693 5843 modo
1726 5778 2017 5845 babetLa-

2135 5721 2245 5773 tina
2293 5719 2694 5789 interpretatio,
2746 5719 2798 5773 in
2830 5718 3065 5774 eamdem
3119 5719 3400 5791 imaginem
3445 5722 3702 5789 transfor-

2128 5806 2353 5844 utamur.
