4150 6444
327 411 435 466 129

1456 411 1820 469 ADVERSUS
1860 410 2260 469 NESTORIUM
2305 412 2432 468 LIB.
2473 412 2564 469 111.

3528 407 3628 458 150

325 532 557 602 μελεῖν³
609 530 675 583 τὸ
729 528 806 602 μὴ
854 532 1185 587 ὑποκεῖσθαι
1236 532 1450 603 θανάτῳ
1500 534 1595 586 καὶ
1641 498 1857 603 φθορᾷῖ
1902 536 1924 586 ό

2036 532 2133 596 ιίο,
2173 533 2415 602 justitia,
2444 545 2497 588 et
2548 533 2632 588 his
2664 532 2840 587 aﬂinia
2889 542 3050 603 atque
3098 532 3317 588 similia.
3355 532 3460 588 Sed
3507 537 3621 588 haec

324 620 628 691 ἁγιασμὸς,
671 621 707 690 ἡ
730 620 1057 693 δικαιοσύνη
1084 638 1098 652 ·
1132 623 1227 675 καὶ
1257 623 1358 675 ὅσα
1385 622 1596 685 τούτοις
1623 622 1830 689 ἀδελφά
1870 639 1929 674 τε

320 714 419 766 καὶ
449 711 839 783 παραπλήσια,
859 712 1027 778 Ἀλλ’,
1055 711 1230 784 οἶμαι,
1246 715 1402 768 ταυτὶ
1426 714 1702 785 πρέποιᾶν
1719 716 1784 784 τῇ
1814 712 1932 784 θείᾳ

324 824 384 859 τε
437 808 536 859 καὶ
568 806 840 876 ἀκηρὰτῳ
873 805 1271 875 διακεκτῆσθαι
1305 806 1488 874 φύσει.
1527 806 1790 874 Κρεῖττον
1820 806 1932 875 γάρ

327 900 443 951 ἐστι
469 897 568 951 καὶ
601 898 883 968 ἁμαρτίας
911 897 1008 950 καὶ
1039 895 1267 966 φθορᾶς,
1299 894 1573 965 ἁγιασμὸς
1602 895 1698 947 καὶ
1721 894 1930 947 δικαιο-

330 988 802 1059 σύνη.Ἀναφὲρει
838 987 897 1040 δὲ
946 987 1042 1039 καὶ
1093 987 1239 1056 ἡμᾶς
1276 987 1336 1038 ἐν
1369 984 1581 1049 τούτοις
1624 984 1654 1036 6
1696 985 1760 1037 ἐκ
1794 983 1930 1037 Θεοῦ

272 1116 281 1133 .
328 1080 546 1152 [ἰατρὸς
577 1080 776 1148 Λόγος,
811 1082 911 1149 τῆς
959 1079 1110 1143 Θείας
1158 1077 1355 1132 ἑαυτοῦ
1384 1078 1601 1148 φύσεως
1641 1080 1933 1142 κοινωνοὺς

325 1172 651 1241 ἀποφαίνων
676 1171 767 1225 διὰ
797 1169 894 1223 τοῦ
928 1169 1243 1241 πνεύματος
1264 1185 1279 1200 ο
1316 1168 1431 1240 ἔχει
1458 1170 1641 1224 τοίνυν
1670 1169 1931 1239 ἀδελφοὺς

324 1263 579 1325 ἐοικότας
616 1260 794 1332 αύτῷ,
823 1261 1045 1332 καὶτῆς
1067 1260 1219 1325 θείας
1249 1261 1417 1315 αὑτοῦ
1458 1262 1675 1331 φύσεως
1704 1260 1932 1332 φοροῦν-

324 1371 423 1416 τας
449 1354 666 1419 εἰκόνα,
702 1352 849 1407 κατά
883 1368 948 1421 γε
975 1352 1069 1406 τὸν
1102 1353 1197 1406 τοῦ
1230 1354 1494 1422 ήγιάσθαι
1518 1354 1721 1423 τρόπον
1743 1370 1757 1385 ο
1789 1352 1932 1408 οὕτω

321 1445 432 1514 γὰρ
481 1445 544 1497 ἐν
596 1445 737 1513 ἡμῖν
777 1441 1087 1513 μορφοῦται
1120 1444 1353 1514 Χριστὸς
1398 1442 1930 1514 μεταστοιχειοῦντος

315 1535 515 1606 ὥσπερ
557 1537 714 1606 ἡμᾶς
747 1533 841 1588 τοῦ
870 1533 1033 1602 ἁγίου
1066 1533 1384 1604 Πνεύματος
1410 1536 1475 1587 ὲκ
1514 1533 1622 1587 τῶν
1651 1533 1931 1605 ἀνθρωπί-

317 1645 428 1679 νων
458 1629 545 1690 είς
570 1627 645 1680 τὰ
671 1625 872 1680 αὑτοῦ.
905 1625 1092 1695 Ταύτῃ
1119 1643 1201 1679 τοι
1229 1627 1322 1679 καλ⁸
1350 1626 1487 1697 πρὸς
1515 1627 1659 1695 ἡμᾶς
1696 1626 1724 1677 6
1754 1625 1932 1694 μακά-

322 1734 440 1787 ριος
475 1716 587 1787 ἔφη
627 1715 848 1779 Παῦλος
873 1733 887 1748 ο
947 1716 1179 1786 «Ὑμεῖς
1203 1716 1281 1782 δὲ,
1317 1716 1419 1769 οὐκ
1462 1717 1588 1769 ἐστὲ
1634 1717 1694 1768 ἐν
1745 1716 1929 1786 σαρκὶ,

466 1811 529 1862 ἐν
586 1808 888 1878 πνεύματι.
924 1826 943 1857 ι
983 1805 1197 1860 Οὐκοῦν
1251 1806 1536 1877 μεθίστησι
1584 1807 1682 1876 μὲν
1728 1809 1757 1861 6
1803 1807 1932 1870 Υἱὸς

2037 635 2152 674 mea
2186 622 2455 674 sententia
2489 621 2791 690 possidere,
2831 621 3025 676 divinae
3057 623 3306 677 convenit
3341 622 3621 675 immorta-

2035 711 2179 778 lique
2218 720 2421 765 natura:
2466 727 2482 764 :
2524 720 2608 765 est
2628 711 2773 765 enim
2813 711 2898 764 illa
2954 721 3174 780 peccato
3221 723 3385 778 atque
3428 725 3620 764 corru-

2034 804 2217 871 ptione
2240 804 2508 872 superior,
2535 804 2894 859 sanctificatio
2920 804 3046 857 item
3073 814 3121 858 et
3140 804 3372 871 jnstitia.
3398 804 3477 856 Ad
3505 805 3619 857 hmc

2033 904 2215 946 autem
2280 909 2380 949 nos
2447 895 2553 964 72
2608 895 2770 948 etiam
2815 894 3014 947 attollit
3078 895 3252 962 ipsum
3304 893 3407 947 Dei
3447 894 3621 948 Patris

2036 978 2290 1047 Verbu’m,
2318 987 2443 1037 dum
2477 972 2595 1040 suae;
2616 984 2812 1038 divinm
2851 997 3056 1039 naturze
3085 1002 3180 1055 per
3205 986 3452 1059 spiritum
3491 1000 3619 1054 par-

2037 1075 2232 1144 ticipes
2269 1074 2434 1129 efﬁcit
2472 1093 2486 1129 :
2535 1077 2698 1131 habet
2728 1091 2859 1145 ergo
2902 1076 3099 1130 fratres
3142 1076 3243 1130 sibi
3290 1075 3517 1141 similes,
3564 1085 3651 1131 et.

2030 1165 2226 1221 divinae
2269 1183 2384 1223 suae
2432 1180 2636 1223 natura:
2681 1180 2964 1240 portantes
3009 1169 3320 1238 imaginem,
3372 1170 3515 1237 quod
3553 1169 3618 1221 ad

2030 1260 2480 1315 sanctificationis
2511 1262 2725 1315 modum
2747 1263 2963 1315 attinet.
2997 1259 3087 1315 Sic
3114 1274 3344 1329 namque
3373 1261 3621 1315 Christus

2033 1352 2299 1407 formatur
2330 1353 2382 1407 in
2415 1353 2570 1407 nobis
2600 1354 2727 1407 dum
2764 1353 3003 1422 Spiritus
3039 1363 3261 1407 sanctus
3293 1368 3392 1407 nos
3422 1354 3488 1407 ab
3516 1352 3585 1406 hu
3606 1382 3619 1392 -

2031 1443 2206 1498 manis
2253 1444 2320 1497 ad
2369 1458 2465 1498 sua
2511 1445 2729 1513 propria
2780 1443 3176 1513 quodammodo
3246 1443 3614 1497 transformat.

2032 1532 2144 1587 Hac
2170 1535 2380 1589 ratione
2408 1549 2503 1589 nos
2532 1550 2747 1603 quoque
2775 1536 2963 1589 beatus
2984 1533 3185 1588 Paulus
3203 1544 3285 1589 est
3313 1534 3576 1587 allocutus
3599 1548 3615 1586 :

2037 1645 2056 1677 ι
2095 1624 2203 1680 Vos
2233 1637 2413 1680 autem
2447 1642 2551 1679 non
2575 1628 2710 1680 estis
2740 1627 2792 1680 in
2823 1641 3005 1689 carne,
3052 1626 3144 1681 sed
3177 1628 3227 1679 in
3262 1628 3451 1693 spiritu
3488 1627 3552 1679 ὀ.
3593 1644 3613 1677 ι

2030 1715 2175 1772 Nihil
2208 1733 2337 1788 ergo
2360 1733 2585 1786 prorsus
2607 1733 2638 1772 e
2663 1720 2864 1773 creatis
2890 1719 3053 1773 rebus
3080 1720 3145 1772 ad
3178 1734 3289 1771 suae
3319 1719 3617 1772 divinitatis

2033 1789 2280 1862 naturam
2320 1808 2490 1863 Filius
2523 1809 2804 1884 transfert,
2840 1809 2892 1863 id
2936 1810 3079 1863 enim
3116 1818 3197 1863 est
3225 1810 3613 1885 ‘impossibile;

322 1900 473 1952 οὐδὲν
506 1897 849 1968 τοπαράπαν
878 1896 989 1949 τῶν
1014 1896 1401 1967 πεποιημένων
1432 1898 1512 1960 είς
1542 1898 1641 1967 τὴν
1667 1897 1765 1968 τῆς
1794 1897 1924 1960 ἰδίας

2032 1897 2124 1951 sed
2161 1897 2488 1966 imprimitur
2521 1899 2916 1965 quodammodo
2950 1898 3001 1950 in
3042 1898 3124 1951 his
3157 1899 3247 1967 qui
3277 1899 3469 1952 divina;
3499 1900 3615 1967 ejus

324 1988 583 2059 θεότητος
604 1988 780 2057 φύσιν
799 2007 813 2019 ο
839 1989 1126 2059 ἀμήχανον
1146 1988 1255 2058 γάρ
1276 2003 1291 2018 ο
1315 1988 1701 2058 ἐνσημαίνεται
1728 1989 1788 2042 δέ
1811 2005 1928 2051 πως

322 2084 435 2143 τοῖς
469 2080 570 2151 τῆς
600 2078 1006 2149 θείας’φύσεως
1035 2079 1201 2133 αὐτοῦ
1230 2079 1480 2147 γεγονόσι
1505 2081 1805 2142 κοινωνοῖς,
1839 2076 1929 2131 διὰ

328 2172 423 2225 τοῦ
453 2175 751 2243 μετασχεῖν
780 2172 942 2240 ἁγίου
971 2171 1111 2225 Πνεύ
1122 2188 1312 2241 ματος,
1341 2172 1374 2241 ἡ
1407 2170 1541 2241 πρὸς
1565 2170 1728 2224 αὐτὸν
1759 2170 1928 2242 ἐμφέ-

338 2282 458 2334 ρεια
476 2265 661 2335 νοητὴ,
680 2266 781 2317 καὶ
803 2263 867 2316 τὸ
893 2264 991 2333 τῆς
1012 2264 1255 2334 ἀρρήτου
1287 2260 1539 2333 θεότητος
1568 2262 1786 2327 κάλλος,
1807 2263 1929 2325 ταῖς

334 2355 445 2407 τῶν
491 2354 658 2422 ἁγίων
713 2353 1089 2424 ἐναστράπτει
1135 2352 1366 2422 ψυχαῖς·
1422 2351 1474 2403 τί
1526 2352 1704 2405 τοίνυν
1751 2354 1923 2422 ἡμῖν,

331 2448 541 2516 γυμνήν
563 2464 622 2499 τε
653 2446 748 2499 καὶ
784 2444 958 2516 μόνην
989 2444 1088 2512 τῆς
1119 2442 1320 2514 σαρκὸς
1342 2441 1442 2514 τὴν
1470 2442 1770 2513 ἐμφέρειαν
1795 2445 1930 2495 ἁπο-

322 2541 527 2608 νὲμων,
553 2540 661 2592 οὐκ
688 2537 974 2607 ἐρυθριᾷς,
1002 2534 1104 2604 τῆς
1146 2533 1297 2596 θείας
1336 2550 1398 2586 τε
1443 2534 1540 2586 καὶ
1567 2532 1762 2603 νοητῆς
1792 2549 1925 2603 μορ-

318 2629 553 2696 φώσεως
584 2621 1015 2699 κατημεληκὼς,
1050 2621 1252 2692 μᾶλλον
1286 2621 1343 2674 δὲ
1371 2622 1464 2674 καὶ
1497 2621 1731 2693 είσάπαν
1754 2623 1926 2691 αὐτὴν

314 2717 592 2788 ἀναιρῶνς
639 2715 784 2768 Ἀλλ’
818 2717 848 2767 6
881 2713 980 2784 μὲν
1010 2712 1118 2765 τῶν
1144 2711 1282 2765 ὅλων
1312 2709 1518 2784 Κύριος
1544 2714 1638 2766 καὶ
1667 2712 1799 2776 Θεὸς
1831 2731 1927 2784 μο-

314 2806 568 2877 νογενὴς,
613 2805 862 2874 καθῆκεν
908 2804 1101 2857 ἑαυτὸν
1149 2803 1228 2866 είς
1276 2802 1504 2856 κένωσιν
1548 2803 1615 2855 δι’
1643 2805 1809 2874 ἡμᾶς,
1841 2806 1926 2858 ἵνα

316 2902 447 2969 ἡμῖν
466 2897 780 2967 χαρίσηται
800 2895 902 2965 τῆς
926 2894 1064 2964 πρὸς
1086 2894 1252 2947 αὐτὸν
1278 2894 1640 2965 ἀδελφότητος
1664 2895 1724 2948 τὸ
1759 2895 1924 2961 ἀξίω-

323 2978 416 3060 μα,
448 2989 554 3043 καὶ
589 2988 698 3057 τῆς
731 2988 962 3057 ἐνούσης
1003 2984 1155 3055 αὐτῷ
1199 2986 1479 3054 εὐγενείας
1511 2987 1572 3041 τὸ
1602 2985 1924 3059 ἀξιέραστον

322 3083 550 3145 καλλος
594 3083 625 3135 6
654 3082 712 3134 δὲ
750 3080 1008 3134 ἁπάντων
1038 3079 1187 3148 ἡμᾶς
1209 3078 1317 3131 τῶν
1351 3078 1651 3133 καλλίστων
1693 3083 1924 3134 ἀποστε-

318 3173 448 3249 ρῶν,
472 3158 778 3243 ἄνθρωπον
800 3172 933 3241 ἡμῖν
955 3167 1144 3231 ἁπλῶς
1163 3168 1390 3237 ἀδελφὸν
1413 3169 1743 3238 γεγενῆσθαί
1766 3186 1918 3239 φησι,

317 3234 411 3320 καὶ
439 3264 642 3317 πιστὸν
691 3263 769 3324 ὡς
815 3261 1011 3325 οἴεται,
1040 3260 1132 3312 τὸν
1175 3258 1231 3312 ἕν
1277 3275 1339 3326 γε
1374 3258 1584 3327 τούτοις
1619 3261 1750 3329 ἡμῖν
1783 3261 1921 3312 ἀπο·
1949 3234 1990 3291 C

316 3357 502 3424 φαίνει
530 3354 704 3421 λόγον
726 3353 1040 3424 προστιθείς
1061 3369 1075 3382 ·
1101 3352 1300 3405 Σκόπει
1320 3351 1495 3405 καὶτὸ
1521 3352 1732 3415 τούτοις
1761 3353 1923 3416 εὐθὺς

316 3447 761 3517 συναπτόμενον,
820 3445 972 3497 «Ἵνα
1009 3444 1259 3513 ἐλεήμων
1314 3443 1534 3514 γένηται
1582 3445 1677 3497 καὶ
1733 3444 1925 3507 πιστὸς

326 3538 657 3609 ’Λρχιερεὺς
699 3535 772 3588 τὰ
813 3536 952 3605 πρὸς
982 3535 1073 3588 τὸν
1108 3535 1269 3588 Θεόν·
1317 3536 1377 3587 ἐν
1411 3528 1455 3602 ᾧ
1498 3536 1607 3607 γὰρ
1656 3535 1924 3589 πέπονθεν

311 3633 479 3694 αὐτὸς
504 3628 858 3700 πειρασθείς,
894 3627 1120 3682 δύναται
1144 3631 1255 3691 τοῖς
1285 3627 1700 3698 πειραζομένοις
1725 3628 1923 3699 βοηθῆ-

315 3741 429 3779 σαι.
461 3743 481 3774 ι
523 3721 745 3776 οὐκοῦν
766 3722 796 3773 6
823 3720 1009 3773 παθὼν
1043 3719 1335 3790 ἀρχιερεὺς
1372 3719 1649 3790 ἐλεήμων*
1678 3720 1921 3790 παθητὸς

308 3818 367 3869 ἃ
399 3817 431 3869 6
460 3814 619 3879 ναὸς,
651 3813 755 3882 ούχ
793 3813 822 3864 6
854 3812 1119 3875 ζωοποιὸς
1148 3810 1239 3864 τοῦ
1273 3811 1605 3875 πεπονθότος
1631 3812 1918 3875 Θεός.”οτι

312 3909 416 3978 μὲν
441 3905 543 3962 οὖν
567 3901 677 3961 ὧδὲ
703 3925 764 3960 τε
800 3910 1020 3979 φρονεῖν
1045 3908 1344 3978 ᾑρημένος,
1367 3909 1462 3961 καὶ
1488 3908 1596 3978 μὴν
1621 3909 1715 3961 καὶ
1741 3909 1920 3975 λέγειν

310 4000 673 4070 ἁποτολμῶν,
708 3998 1087 4067 ἀποδιῖστησιν
1139 3997 1300 4050 πάλιν
1348 3998 1426 4060 είς
1484 4015 1542 4052 τε
1593 4000 1922 4061 ὑποστάσεις

321 4092 513 4157 tam,
548 4090 651 4144 καὶ
685 4092 796 4160 μὴν
837 4090 932 4143 καὶ
974 4088 1241 4159 πρόσωπα
1289 4087 1401 4150 δύο,
1435 4090 1528 4141 τόν
1572 4105 1631 4141 τε
1675 4090 1740 4142 ὲκ
1786 4087 1919 4141 Θεοῦ

321 4184 532 4254 Πατρὸς
561 4182 764 4249 Λόγον,
799 4182 893 4234 καὶ
915 4178 974 4233 όν
992 4182 1123 4249 ἡμίν
1149 4179 1309 4243 αὐτὸς
1338 4180 1541 4249 ἀρτίως
1562 4179 1637 4242 ὡς
1666 4179 1921 4249 θεοφόρον

316 4276 677 4344 είσκεκόμικε
704 4272 1014 4342 ἄνθρωπον,
1039 4271 1199 4341 εἴπερ
1223 4272 1374 4324 ἐστὶν
1398 4271 1583 4341 ἕτερός
1615 4288 1672 4323 τε
1704 4272 1796 4323 καὶ
1816 4270 1921 4323 ἀνὰ

314 4367 484 4437 μέρος
517 4368 550 4419 ό
592 4363 813 4428 παθὼν,
844 4365 938 4417 καὶ
974 4363 1163 4431 ἕτερος
1208 4365 1237 4416 6
1288 4362 1572 4427 ζωοποιὸς,
1618 4362 1918 4415 ὲνδοιὰσειν

309 4452 470 4527 οἶμαι
521 4453 816 4517 παντελῶς
846 4449 1059 4505 οὐδένα.
1092 4453 1402 4523 ιιαραπαίει
1443 4452 1500 4505 δὲ
1548 4453 1640 4506 καὶ
1690 4453 1915 4523 ἑτέρως,

2036 1996 2243 2040 natura:
2274 1997 2402 2042 sunt
2438 1988 2560 2041 facti
2599 1989 2889 2055 participes
2918 1988 2982 2050 ⁸¹,
3020 1989 3146 2040 dum
3177 1988 3409 2057 Spiritus
3440 1991 3614 2043 saneti

2032 2086 2317 2131 consortes
2370 2078 2529 2140 fiunt,
2583 2077 2673 2130 illa
2707 2078 2966 2145 spiritalis
3013 2078 3128 2145 ejus
3181 2080 3500 2145 similitudo,
3560 2091 3615 2134 et

2030 2166 2318 2223 ineffabilis
2342 2168 2429 2223 illa
2461 2169 2768 2223 divinitatis
2797 2171 3002 2237 species
3037 2171 3088 2224 in
3126 2184 3437 2225 sanctormn
3474 2175 3615 2226 viru-

2031 2273 2148 2312 rum
2180 2259 2376 2312 animis
2396 2258 2583 2329 lulget.
2612 2259 2721 2314 Cur
2756 2259 2917 2327 igitur
2950 2263 3144 2313 undam
3181 2262 3339 2316 nobis
3361 2278 3422 2317 ac
3445 2265 3613 2317 solam

2028 2350 2207 2404 carnis
2242 2350 2656 2404 similitudinem
2691 2352 2929 2404 tribuere
2974 2367 3080 2405 non
3111 2354 3405 2417 erubescis,
3436 2355 3614 2409 divina

2030 2456 2093 2494 ac
2138 2442 2365 2509 spiritali
2408 2441 2733 2511 eﬂigiatione
2796 2446 3062 2512 neglecta,
3127 2449 3235 2502 imo
3284 2463 3409 2502 vero
3449 2450 3612 2504 etiam

2027 2534 2251 2588 omnino
2298 2534 2548 2588 sublata?
2600 2524 2776 2605 A‘tque
2826 2538 2913 2592 ille
2969 2539 3184 2606 quidem
3238 2541 3613 2599 universorum

2030 2622 2291 2679 Dominus
2336 2633 2391 2679 et
2433 2624 2576 2680 Deus
2625 2628 2961 2697 unigenitus.
3007 2632 3355 2699 semetipsum
3400 2645 3619 2703 propter

2030 2732 2126 2770 nos
2157 2718 2224 2769 ad
2258 2718 2683 2773 exinanitiouem
2715 2720 2952 2783 demisit,
2981 2732 3037 2773 ut
3074 2722 3231 2775 nobis
3256 2722 3617 2780 fraternitatis

2025 2823 2139 2863 sua:
2180 2809 2523 2879 dignitatem,
2560 2819 2615 2865 et
2660 2811 2837 2865 insita:
2882 2813 2983 2866 sibi
3027 2813 3327 2869 nobilitatis
3355 2828 3617 2884 exoptan-

2026 2901 2148 2967 dam
2187 2900 2645 2970 pulchritudinem
2672 2901 2979 2972 Jargiretur
3017 2921 3030 2956 :
3073 2902 3160 2958 hic
3208 2920 3337 2958 vero
3364 2907 3617 2961 ouinibns

2026 3009 2125 3053 nos
2158 2995 2320 3047 rebus
2364 2995 2799 3061 prteclarissimis
2842 2994 3097 3063 spoliatis,
3146 2997 3419 3051 hominem
3464 3000 3617 3053 nobis

2025 3084 2326 3152 simplicem
2362 3082 2557 3138 factum
2581 3100 2703 3139 esse
2732 3084 2956 3138 fratrem
2987 3086 3142 3152 dicit,
3170 3097 3223 3139 et
3244 3087 3346 3140 fide
3377 3088 3614 3156 dignam,

2026 3184 2085 3228 ut
2133 3176 2246 3244 ipse
2287 3182 2459 3242 putat,
2511 3175 2595 3228 his
2630 3176 2695 3228 de
2752 3176 2912 3229 rebus
2965 3178 3231 3230 rationem
3280 3180 3611 3245 pronuntiat,

2024 3256 2225 3319 addens
2261 3284 2274 3320 :
2312 3264 2449 3319 Vide
2473 3268 2636 3319 etiam
2666 3267 2806 3334 quod
2833 3268 2977 3320 illico
3007 3268 3089 3322 his
3128 3262 3458 3338 adiungitur,
3486 3289 3505 3321 ι
3535 3272 3605 3326 Ut

2026 3357 2332 3412 miseric0rs
2361 3357 2516 3412 ﬁeret
2541 3369 2596 3411 et
2629 3358 2801 3413 fidelis
2827 3358 3073 3413 Pomifex
3111 3363 3176 3411 ad
3218 3361 3381 3414 Deum
3422 3380 3434 3415 :
3471 3363 3521 3415 in
3550 3357 3679 3415 eo”

2022 3448 2165 3501 enim
2209 3450 2262 3501 in
2308 3464 2415 3516 quo
2465 3464 2655 3517 passus
2689 3459 2773 3504 est
2821 3452 2934 3520 ip~e
2983 3462 3241 3514 tentatus,
3297 3465 3485 3519 potens
3531 3466 3615 3507 est

2023 3550 2077 3592 et
2095 3540 2172 3594 eis
2193 3542 2284 3609 qui
2306 3550 2605 3606 tentantur,
2635 3545 2886 3596 auxiliari
2914 3545 2976 3597 ³³.
3009 3563 3026 3594 ι
3058 3543 3196 3614 Ergo
3229 3546 3271 3598 is
3301 3546 3391 3611 qui
3423 3562 3612 3613 passus

2022 3643 2125 3696 est,
2179 3632 2430 3687 Pontifex
2480 3645 2561 3687 est
2613 3633 2701 3687 ille
2751 3635 3062 3689 misericors
3111 3635 3381 3703 :patibile
3433 3645 3610 3690 autem

2024 3723 2198 3792 ipsum
2240 3723 2493 3792 templum
2548 3735 2653 3789 est,
2707 3740 2811 3778 non
2862 3725 3003 3780 Deus
3050 3728 3139 3795 qui
3194 3728 3506 3781 viviﬁcnbat
3559 3729 3611 3781 id

2023 3812 2165 3882 quod
2203 3815 2529 3883 patiebatur.
2568 3816 2739 3885 Igitur
2769 3818 2854 3870 cui
2888 3818 2967 3871 sic
3001 3808 3205 3872 Seutire
3245 3818 3411 3872 libeat
3451 3830 3613 3887 atque

2022 3905 2184 3960 etiam
2214 3907 2635 3969 diceroaudeat,
2667 3908 2796 3974 quin
2838 3922 3026 3962 rursus
3053 3910 3102 3960 in
3133 3909 3452 3977 hypostases
3484 3926 3612 3978 pro-

2022 3998 2188 4063 prias,
2227 4008 2390 4065 atque
2418 3997 2659 4052 etiamin
2686 3998 2821 4053 duas
2854 4013 3115 4065 personas
3147 4000 3352 4054 dividat
3385 4001 3510 4055 illud
3541 4017 3609 4057 ex

2024 4087 2133 4143 Deo
2166 4087 2327 4143 Patre
2360 4089 2621 4154 Verbum,
2653 4099 2706 4143 et
2752 4090 2899 4142 illum
2929 4105 3088 4158 quem
3135 4092 3290 4146 nobis
3321 4092 3518 4146 dudum
3555 4104 3612 4145 ut

2022 4178 2283 4233 deiferum
2313 4178 2588 4237 hominem
2631 4181 2835 4235 induxit
2885 4181 3189 4253 (siquidem
3239 4185 3487 4239 diversus
3528 4195 3611 4257 est

2023 4278 2079 4323 et
2107 4270 2390 4340 sejunctus
2424 4271 2471 4324 is
2513 4273 2604 4340 qui
2650 4287 2843 4340 passus
2864 4281 2967 4335 est,
2999 4274 3067 4327 ab
3091 4290 3155 4327 eo
3186 4276 3275 4342 qui
3312 4276 3607 4346 vivifical),

2021 4363 2112 4431 qui
2146 4363 2383 4432 ambigat
2416 4364 2688 4417 neminem
2728 4380 2949 4432 prorsus
2981 4365 3098 4420 fore
3127 4367 3383 4421 arbitror.
3420 4366 3523 4421 Sed
3555 4380 3608 4421 et

2020 4454 2126 4508 alia
2165 4469 2381 4524 quoque
2414 4457 2624 4510 ratione
2666 4457 2884 4516 insanit,
2930 4459 3121 4510 hausto
3150 4472 3216 4511 ex
3248 4460 3398 4512 vinea
3437 4460 3608 4511 Sodo-

307 4548 404 4600 τὸν
437 4543 501 4610 ἐξ
527 4536 787 4615 ἀμπέλου
818 4542 1071 4613 Σοδόμων
1099 4537 1239 4595 οἶνον
1282 4542 1643 4606 ἐκπεπωκὼς,
1676 4544 1771 4596 καὶ
1816 4560 1916 4597 κα-

2026 4561 2233 4599 mornm
2268 4546 2411 4609 vino,
2443 4557 2497 4600 et
2546 4547 2753 4601 erroris
2797 4548 3063 4602 ebrietate
3113 4551 3352 4613 madens,
3394 4564 3458 4603 ac
3496 4552 3606 4603 for-

307 4638 614 4709 ταμεθύων
757 4636 957 4709 πλάνῃ,
991 4638 1087 4691 καὶ
1119 4637 1260 4707 τάχα
1292 4650 1395 4689 που
1428 4636 1561 4707 μηδὲ
1594 4634 1751 4699 εἰδὼς
1774 4636 1802 4689 6
1832 4637 1907 4689 λέ-

307 4747 396 4799 γει
416 4747 433 4759 -
471 4728 585 4782 ποῦ
612 4729 723 4800 γὰρ
752 4727 1072 4798 ὠνόμασται
1101 4730 1231 4792 Θεὸς
1261 4726 1356 4780 τοῦ
1386 4727 1644 4797 Χριστοῦ,
1679 4728 1922 4781 καταπέ-

309 4839 489 4893 σρικα
518 4822 583 4874 δὲ
609 4820 810 4889 λέγων,
841 4822 871 4873 6
901 4821 967 4873 ἐκ
1007 4819 1146 4873 Θεοῦ
1180 4820 1394 4889 Πατρὸς
1427 4819 1635 4887 Λόγος;
1686 4812 1780 4879 Εἷς
1807 4817 1916 4889 γὰρ

314 4914 522 4984 Κύριος
557 4911 774 4982 Ἰησοῦς
802 4912 1064 4982 Χριστὸς,
1089 4911 1183 4964 καὶ
1215 4911 1315 4981 μία
1343 4911 1575 4980 πίστιςή
1604 4910 1685 4972 εἰς
1712 4910 1875 4963 αὐτόν
1896 4927 1909 4940 ·

309 5003 405 5072 οὐχ
426 5004 507 5064 ὼς
540 5001 627 5063 είς
650 4999 746 5052 δύο
774 5002 868 5071 καὶ
891 5000 996 5052 ἀνὰ
1021 5001 1208 5070 μέρος,
1235 4999 1350 5052 ἀλλ’
1377 5000 1453 5063 ὼς
1474 5000 1544 5052 δι’
1567 5000 1685 5063 ἑνὸς
1723 5000 1915 5071 βαπτί-

313 5110 546 5165 σματος,
584 5092 669 5154 είς
703 5079 977 5143 Υἱὸνθὲνα
1027 5093 1122 5145 καὶ
1172 5090 1305 5143 Θεὸν
1352 5092 1447 5143 καὶ
1480 5090 1683 5163 Κύριον
1728 5091 1818 5144 τὸν
1850 5093 1915 5144 ὲκ

306 5184 448 5239 Θεοῦ
500 5182 726 5252 Πατρὸς
771 5182 969 5250 Λόγον,
1000 5182 1097 5235 καὶ
1124 5183 1215 5234 ὅτε
1246 5182 1466 5250 γέγονεν
1499 5182 1783 5253 ἄνθρωπος
1804 5198 1816 5211 ⁸
1850 5182 1913 5236 οὐ

306 5280 417 5350 γὰρ
464 5278 553 5330 ὅτι
599 5275 795 5343 γέγονε
838 5273 964 5327 καθ’
991 5276 1161 5344 ἡμᾶς,
1192 5274 1255 5326 τὸ
1301 5269 1441 5327 εἶναι
1484 5274 1618 5337 Θεὸς
1658 5274 1913 5327 ἀπολέσει

306 5369 479 5423 ποθέν
499 5382 512 5396 ·
548 5366 679 5421 οὔτε
712 5367 821 5438 μὴν
850 5367 934 5419 ὅτι
959 5365 1092 5429 Θεὸς
1138 5364 1279 5418 κατὰ
1320 5365 1483 5433 φύσιν
1515 5366 1685 5430 ἐστὶν,
1718 5366 1916 5435 ὁμοίω-

309 5478 393 5513 σιν
428 5457 823 5530 ἁπαράδεκτον
860 5455 995 5527 ἔχει,
1031 5456 1125 5508 καὶ
1175 5457 1237 5508 τὸ
1286 5454 1573 5526 ἄνθρωπος
1604 5450 1744 5508 εἶναι
1776 5471 1918 5526 παρ-

305 5553 644 5622 αιτήσεταιο
712 5548 996 5619 μεμένηκε
1044 5547 1140 5611 δὲ,
1187 5546 1379 5618 ὥσπερ
1426 5548 1485 5599 ἐν
1536 5546 1919 5619 ἀνθρωπότητι

307 5644 465 5708 Θεὸς,
496 5641 647 5696 οῦτω
669 5640 760 5693 καὶ
789 5641 849 5692 ἐν
879 5638 1043 5708 φύσει
1072 5655 1131 5691 τε
1159 5639 1254 5691 καὶ⁹
1283 5639 1525 5709 ὑπεροχῇ
1546 5636 1797 5708 θεότητος
1818 5635 1913 5704 ὢν,

2023 4648 2168 4693 tasse
2213 4638 2341 4692 illud
2394 4639 2567 4707 ipsum
2610 4640 2752 4706 quod
2802 4637 2935 4692 dit'il
2985 4638 3249 4692 nesciens.
3312 4638 3408 4693 Ubi
3458 4642 3602 4692 enim

2020 4745 2258 4797 unquam
2295 4728 2501 4783 dietum
2534 4738 2637 4791 est,
2670 4728 2809 4783 Deus
2835 4729 3032 4782 Christi
3061 4728 3292 4799 (horreo
3326 4729 3602 4797 referens)

2019 4819 2195 4886 ipsum
2233 4817 2323 4873 Dei
2356 4816 2531 4873 Patris
2554 4818 2833 4873 Verbum?
2866 4816 3017 4873 Unus
3047 4831 3129 4873 est
3161 4821 3306 4873 enim
3345 4820 3603 4875 Dominus

2015 4908 2173 4965 Iesus
2200 4908 2471 4974 Christus,
2507 4920 2562 4963 et
2592 4927 2695 4963 una
2726 4920 2807 4964 est
2839 4911 2890 4963 in
2924 4926 3047 4965 eum
3088 4912 3218 4965 fides
3248 4912 3315 4975 ³³,
3344 4928 3447 4966 non
3479 4924 3599 4966 tan-

2020 5016 2181 5069 quam
2216 5002 2268 5055 in
2298 5002 2433 5056 duos
2460 5017 2524 5055 ac
2564 5017 2813 5067 seorsnn,
2852 5003 2946 5056 sed
2996 5012 3251 5073 tanquam
3296 5019 3390 5073 per
3434 5021 3599 5058 unum

2021 5089 2345 5157 baptismum
2391 5092 2444 5144 in
2491 5090 2596 5161 73
2634 5108 2797 5145 unum
2847 5092 3039 5145 Filium
3093 5105 3148 5149 et
3195 5096 3358 5149 Demn
3399 5107 3452 5150 et
3501 5099 3603 5151 Do-

2023 5185 2251 5244 minum,
2299 5184 2473 5250 ipsum
2521 5198 2585 5236 ex
2638 5183 2744 5237 Deo
2790 5182 2950 5238 Patre
3000 5185 3266 5251 Verbum,
3316 5196 3423 5240 tum
3466 5204 3599 5255 quo-

2021 5290 2125 5343 que
2162 5290 2283 5329 cum
2330 5275 2530 5329 factum
2578 5286 2663 5330 est
2699 5278 2859 5335 homo
2892 5296 2905 5330 :
2941 5294 3117 5348 neque
3157 5280 3299 5332 enim
3340 5280 3466 5347 quia
3511 5297 3602 5333 no-

2021 5367 2117 5419 stri
2163 5366 2358 5420 similis
2413 5366 2586 5420 factus
2627 5376 2747 5431 est,
2801 5370 3013 5423 amittet
3066 5370 3172 5424 ullo
3233 5372 3392 5424 modo
3454 5374 3597 5440 quod

2022 5454 2164 5509 Deus
2209 5466 2347 5524 erat,
2397 5473 2571 5528 neque
2607 5474 2672 5514 ex
2706 5475 2770 5514 eo
2816 5462 2956 5528 quod
2989 5460 3129 5515 Deus
3175 5472 3256 5514 est
3300 5464 3596 5518 secundum

2025 5560 2272 5603 naturam
2327 5542 2733 5606 similitudinem
2784 5553 2929 5608 tudio
2977 5551 3136 5607 modo
3177 5554 3422 5623 suscipit,
3456 5565 3509 5609 et
3544 5567 3601 5611 ut

2028 5640 2190 5694 homo
2241 5642 2309 5696 sit
2364 5640 2628 5712 refugiet;
2684 5643 2776 5699 sed
2834 5653 2892 5697 ut
2947 5644 2998 5699 in
3054 5645 3393 5702 humanitate
3458 5645 3602 5704 Deus

383 5827 430 5854 ’⁸
467 5824 624 5876 tturn.
655 5838 774 5887 vni,
804 5823 856 5877 9.
938 5821 982 5851 "
1024 5816 1066 5873 ll
1100 5815 1256 5873 Pctr.
1287 5834 1323 5884 ι,
1352 5816 1406 5871 4.
1484 5818 1527 5848 ²¹
1566 5817 1726 5873 llebr.
1759 5834 1817 5887 ιι,
1848 5818 1924 5882 l7,

2032 5859 2043 5872 .
2123 5818 2166 5849 "
2197 5817 2396 5882 Ephes.
2427 5835 2497 5881 Iv,
2533 5821 2586 5876 5,
2620 5822 2625 5831 ·
