  <div class='ocr_page' id='page_1' title='image "/cluster/home/n/w/nwhite01/storage/ocr_20150623/76:no.9/coo.31924054869775/073.png"; bbox 0 0 4150 6436; ppageno 0'>
   <div class='ocr_carea' id='block_1_1' title="bbox 595 400 691 458">
    <p class='ocr_par' dir='ltr' id='par_1_1' title="bbox 595 400 691 458">
     <span class='ocr_line' id='line_1_1' title="bbox 595 400 691 458; baseline 0.042 -4"><span class='ocrx_word' id='word_1_1' title='bbox 595 400 691 458; x_wconf 67' lang='grc'><strong>131</strong></span> 
     </span>
    </p>
   </div>
   <div class='ocr_carea' id='block_1_2' title="bbox 1638 399 2891 460">
    <p class='ocr_par' dir='ltr' id='par_1_2' title="bbox 1638 399 2891 460">
     <span class='ocr_line' id='line_1_2' title="bbox 1638 399 2891 460; baseline -0.002 0"><span class='ocrx_word' id='word_1_2' title='bbox 1638 405 1695 460; x_wconf 87' lang='lat' dir='ltr'><strong>S.</strong></span> <span class='ocrx_word' id='word_1_3' title='bbox 1735 402 2011 460; x_wconf 73' lang='lat' dir='ltr'><strong>CYRILLI</strong></span> <span class='ocrx_word' id='word_1_4' title='bbox 2051 399 2526 457; x_wconf 71' lang='lat' dir='ltr'><strong>ALEXANDRINI</strong></span> <span class='ocrx_word' id='word_1_5' title='bbox 2564 401 2891 460; x_wconf 76' lang='lat' dir='ltr'><strong>ARCHIEP.</strong></span> 
     </span>
    </p>
   </div>
   <div class='ocr_carea' id='block_1_3' title="bbox 3751 400 3845 456">
    <p class='ocr_par' dir='ltr' id='par_1_3' title="bbox 3751 400 3845 456">
     <span class='ocr_line' id='line_1_3' title="bbox 3751 400 3845 456; baseline 0.011 -1"><span class='ocrx_word' id='word_1_6' title='bbox 3751 400 3845 456; x_wconf 70' lang='lat'><strong>139.</strong></span> 
     </span>
    </p>
   </div>
   <div class='ocr_carea' id='block_1_4' title="bbox 597 516 2192 598">
    <p class='ocr_par' dir='ltr' id='par_1_4' title="bbox 597 525 2186 597">
     <span class='ocr_line' id='line_1_4' title="bbox 597 525 2186 597; baseline -0.001 -17"><span class='ocrx_word' id='word_1_7' title='bbox 597 529 815 593; x_wconf 86' lang='lat' dir='ltr'><strong>mansit,</strong></span> <span class='ocrx_word' id='word_1_8' title='bbox 835 528 917 585; x_wconf 86' lang='lat' dir='ltr'><strong>sic</strong></span> <span class='ocrx_word' id='word_1_9' title='bbox 944 528 997 583; x_wconf 89' lang='lat' dir='ltr'><strong>in</strong></span> <span class='ocrx_word' id='word_1_10' title='bbox 1018 537 1206 582; x_wconf 84' lang='lat' dir='ltr'><strong>natura</strong></span> <span class='ocrx_word' id='word_1_11' title='bbox 1229 542 1445 596; x_wconf 89' lang='lat' dir='ltr'><strong>quoque</strong></span> <span class='ocrx_word' id='word_1_12' title='bbox 1471 538 1522 581; x_wconf 89' lang='lat' dir='ltr'><strong>et</strong></span> <span class='ocrx_word' id='word_1_13' title='bbox 1551 528 1863 597; x_wconf 56' lang='lat' dir='ltr'><strong>prastantia</strong></span> <span class='ocrx_word' id='word_1_14' title='bbox 1891 525 2186 580; x_wconf 74' lang='lat' dir='ltr'><strong>divinitatis</strong></span> 
     </span>
    </p>
   </div>
   <div class='ocr_carea' id='block_1_5' title="bbox 2297 516 3841 598">
    <p class='ocr_par' dir='ltr' id='par_1_5' title="bbox 2297 516 3841 598">
     <span class='ocr_line' id='line_1_5' title="bbox 2297 516 3841 598; baseline -0.002 -20"><span class='ocrx_word' id='word_1_15' title='bbox 2297 524 2572 596; x_wconf 71' lang='grc' dir='ltr'>Ξνθρωπος</span> <span class='ocrx_word' id='word_1_16' title='bbox 2602 526 2756 578; x_wconf 73' lang='grc' dir='ltr'>οὐδὲν</span> <span class='ocrx_word' id='word_1_17' title='bbox 2778 519 2940 598; x_wconf 78' lang='grc' dir='ltr'>ἧττόν</span> <span class='ocrx_word' id='word_1_18' title='bbox 2965 522 3345 595; x_wconf 71' lang='grc' dir='ltr'>ὶστιν.”Λμφω</span> <span class='ocrx_word' id='word_1_19' title='bbox 3365 521 3428 594; x_wconf 71' lang='grc' dir='ltr'>δὴ</span> <span class='ocrx_word' id='word_1_20' title='bbox 3450 516 3543 575; x_wconf 86' lang='grc' dir='ltr'><strong>οῦν</strong></span> <span class='ocrx_word' id='word_1_21' title='bbox 3570 521 3626 575; x_wconf 68' lang='grc' dir='ltr'>ἰν</span> <span class='ocrx_word' id='word_1_22' title='bbox 3652 521 3841 591; x_wconf 77' lang='grc' dir='ltr'>ταύτῷ,</span> 
     </span>
    </p>
   </div>
   <div class='ocr_carea' id='block_1_6' title="bbox 599 611 2192 688">
    <p class='ocr_par' dir='ltr' id='par_1_6' title="bbox 599 617 2186 688">
     <span class='ocr_line' id='line_1_6' title="bbox 599 617 2186 688; baseline -0.003 -15"><span class='ocrx_word' id='word_1_23' title='bbox 599 620 769 675; x_wconf 87' lang='lat' dir='ltr'><strong>nihilo</strong></span> <span class='ocrx_word' id='word_1_24' title='bbox 799 621 977 673; x_wconf 88' lang='lat' dir='ltr'><strong>minus</strong></span> <span class='ocrx_word' id='word_1_25' title='bbox 1011 628 1095 673; x_wconf 89' lang='lat' dir='ltr'><strong>est</strong></span> <span class='ocrx_word' id='word_1_26' title='bbox 1127 619 1307 672; x_wconf 89' lang='lat' dir='ltr'><strong>homo.</strong></span> <span class='ocrx_word' id='word_1_27' title='bbox 1344 617 1646 687; x_wconf 87' lang='lat' dir='ltr'><strong>Utrumque</strong></span> <span class='ocrx_word' id='word_1_28' title='bbox 1687 618 1852 688; x_wconf 91' lang='lat' dir='ltr'><strong>igitur</strong></span> <span class='ocrx_word' id='word_1_29' title='bbox 1879 618 1930 671; x_wconf 93' lang='lat' dir='ltr'><strong>in</strong></span> <span class='ocrx_word' id='word_1_30' title='bbox 1968 618 2186 681; x_wconf 88' lang='lat' dir='ltr'><strong>eodem,</strong></span> 
     </span>
    </p>
   </div>
   <div class='ocr_carea' id='block_1_7' title="bbox 2297 611 3915 688">
    <p class='ocr_par' dir='ltr' id='par_1_7' title="bbox 2297 611 3915 688">
     <span class='ocr_line' id='line_1_7' title="bbox 2297 611 3915 688; baseline 0 -20"><span class='ocrx_word' id='word_1_31' title='bbox 2297 618 2385 668; x_wconf 77' lang='grc' dir='ltr'><strong>καὶ</strong></span> <span class='ocrx_word' id='word_1_32' title='bbox 2410 611 2489 679; x_wconf 76' lang='grc' dir='ltr'>εἷς</span> <span class='ocrx_word' id='word_1_33' title='bbox 2515 633 2574 668; x_wconf 88' lang='grc' dir='ltr'><strong>τε</strong></span> <span class='ocrx_word' id='word_1_34' title='bbox 2604 612 2735 679; x_wconf 85' lang='grc' dir='ltr'>Θεὸς</span> <span class='ocrx_word' id='word_1_35' title='bbox 2768 617 2860 669; x_wconf 81' lang='grc' dir='ltr'><strong>καὶ</strong></span> <span class='ocrx_word' id='word_1_36' title='bbox 2889 615 3176 688; x_wconf 78' lang='grc' dir='ltr'>ἄνθρωπος</span> <span class='ocrx_word' id='word_1_37' title='bbox 3219 616 3250 667; x_wconf 86' lang='grc' dir='ltr'><strong>ό</strong></span> <span class='ocrx_word' id='word_1_38' title='bbox 3287 612 3795 683; x_wconf 75' lang='grc' dir='ltr'>Ἐμμανουήλ.Ἁλλ“</span> <span class='ocrx_word' id='word_1_39' title='bbox 3819 614 3848 664; x_wconf 84' lang='grc' dir='ltr'><strong>ὸ</strong></span> <span class='ocrx_word' id='word_1_40' title='bbox 3908 660 3915 669; x_wconf 84' lang='grc'><strong>.</strong></span> 
     </span>
    </p>
   </div>
   <div class='ocr_carea' id='block_1_8' title="bbox 598 705 2191 779">
    <p class='ocr_par' dir='ltr' id='par_1_8' title="bbox 598 705 2191 779">
     <span class='ocr_line' id='line_1_8' title="bbox 598 705 2191 779; baseline -0.001 -18"><span class='ocrx_word' id='word_1_41' title='bbox 598 720 652 761; x_wconf 89' lang='lat' dir='ltr'><strong>et</strong></span> <span class='ocrx_word' id='word_1_42' title='bbox 692 726 831 763; x_wconf 87' lang='lat' dir='ltr'><strong>unus</strong></span> <span class='ocrx_word' id='word_1_43' title='bbox 858 712 1110 779; x_wconf 77' lang='lat' dir='ltr'><strong>idemque</strong></span> <span class='ocrx_word' id='word_1_44' title='bbox 1134 707 1279 764; x_wconf 89' lang='lat' dir='ltr'><strong>Deus</strong></span> <span class='ocrx_word' id='word_1_45' title='bbox 1314 720 1367 764; x_wconf 87' lang='lat' dir='ltr'><strong>et</strong></span> <span class='ocrx_word' id='word_1_46' title='bbox 1399 712 1560 764; x_wconf 84' lang='lat' dir='ltr'><strong>homo</strong></span> <span class='ocrx_word' id='word_1_47' title='bbox 1599 719 1681 763; x_wconf 91' lang='lat' dir='ltr'><strong>est</strong></span> <span class='ocrx_word' id='word_1_48' title='bbox 1721 709 2052 763; x_wconf 81' lang='lat' dir='ltr'><strong>Emmanuel.</strong></span> <span class='ocrx_word' id='word_1_49' title='bbox 2085 705 2191 761; x_wconf 87' lang='lat' dir='ltr'><strong>Sed</strong></span> 
     </span>
    </p>
   </div>
   <div class='ocr_carea' id='block_1_9' title="bbox 600 800 2189 871">
    <p class='ocr_par' dir='ltr' id='par_1_9' title="bbox 600 800 2189 871">
     <span class='ocr_line' id='line_1_9' title="bbox 600 800 2189 871; baseline -0.001 -20"><span class='ocrx_word' id='word_1_50' title='bbox 600 800 703 855; x_wconf 80' lang='lat' dir='ltr'><strong>iste</strong></span> <span class='ocrx_word' id='word_1_51' title='bbox 735 802 906 854; x_wconf 90' lang='lat' dir='ltr'><strong>bonus</strong></span> <span class='ocrx_word' id='word_1_52' title='bbox 930 802 1032 868; x_wconf 87' lang='lat' dir='ltr'><strong>vir,</strong></span> <span class='ocrx_word' id='word_1_53' title='bbox 1065 800 1264 869; x_wconf 73' lang='lat' dir='ltr'><strong>reiecto</strong></span> <span class='ocrx_word' id='word_1_54' title='bbox 1294 802 1714 871; x_wconf 69' lang='lat' dir='ltr'><strong>dispensationis</strong></span> <span class='ocrx_word' id='word_1_55' title='bbox 1746 802 1904 853; x_wconf 77' lang='lat' dir='ltr'><strong>modo</strong></span> <span class='ocrx_word' id='word_1_56' title='bbox 1933 808 2189 868; x_wconf 88' lang='lat' dir='ltr'><strong>tauquam</strong></span> 
     </span>
    </p>
   </div>
   <div class='ocr_carea' id='block_1_10' title="bbox 600 891 2191 962">
    <p class='ocr_par' dir='ltr' id='par_1_10' title="bbox 600 891 2191 962">
     <span class='ocr_line' id='line_1_10' title="bbox 600 891 2191 962; baseline 0.001 -17"><span class='ocrx_word' id='word_1_57' title='bbox 600 908 790 961; x_wconf 88' lang='lat' dir='ltr'><strong>parum</strong></span> <span class='ocrx_word' id='word_1_58' title='bbox 828 894 1075 962; x_wconf 85' lang='lat' dir='ltr'><strong>pulchro,</strong></span> <span class='ocrx_word' id='word_1_59' title='bbox 1112 898 1290 947; x_wconf 80' lang='lat' dir='ltr'><strong>aufert</strong></span> <span class='ocrx_word' id='word_1_60' title='bbox 1325 910 1352 946; x_wconf 89' lang='lat' dir='ltr'><strong>a</strong></span> <span class='ocrx_word' id='word_1_61' title='bbox 1403 895 1509 948; x_wconf 89' lang='lat' dir='ltr'><strong>Deo</strong></span> <span class='ocrx_word' id='word_1_62' title='bbox 1554 892 1725 947; x_wconf 83' lang='lat' dir='ltr'><strong>Verbo</strong></span> <span class='ocrx_word' id='word_1_63' title='bbox 1761 908 1881 961; x_wconf 64' lang='lat' dir='ltr'><strong>qua:</strong></span> <span class='ocrx_word' id='word_1_64' title='bbox 1923 902 2047 946; x_wconf 82' lang='lat' dir='ltr'><strong>Silltl</strong></span> <span class='ocrx_word' id='word_1_65' title='bbox 2094 891 2191 945; x_wconf 83' lang='lat' dir='ltr'><strong>hu-</strong></span> 
     </span>
    </p>
   </div>
   <div class='ocr_carea' id='block_1_11' title="bbox 602 983 2190 1053">
    <p class='ocr_par' dir='ltr' id='par_1_11' title="bbox 602 983 2190 1053">
     <span class='ocr_line' id='line_1_11' title="bbox 602 983 2190 1053; baseline 0.001 -20"><span class='ocrx_word' id='word_1_66' title='bbox 602 998 785 1046; x_wconf 81' lang='lat' dir='ltr'><strong>manu,</strong></span> <span class='ocrx_word' id='word_1_67' title='bbox 821 993 878 1035; x_wconf 88' lang='lat' dir='ltr'><strong>ut</strong></span> <span class='ocrx_word' id='word_1_68' title='bbox 907 984 1018 1049; x_wconf 85' lang='lat' dir='ltr'><strong>jam</strong></span> <span class='ocrx_word' id='word_1_69' title='bbox 1047 984 1189 1036; x_wconf 90' lang='lat' dir='ltr'><strong>nulla</strong></span> <span class='ocrx_word' id='word_1_70' title='bbox 1216 1001 1279 1037; x_wconf 79' lang='lat' dir='ltr'><strong>ex</strong></span> <span class='ocrx_word' id='word_1_71' title='bbox 1306 993 1460 1053; x_wconf 84' lang='lat' dir='ltr'><strong>parte</strong></span> <span class='ocrx_word' id='word_1_72' title='bbox 1492 984 1653 1037; x_wconf 81' lang='lat' dir='ltr'><strong>rebus</strong></span> <span class='ocrx_word' id='word_1_73' title='bbox 1686 984 1883 1037; x_wconf 80' lang='lat' dir='ltr'><strong>nostris</strong></span> <span class='ocrx_word' id='word_1_74' title='bbox 1909 983 2190 1035; x_wconf 78' lang='lat' dir='ltr'><strong>utilitatem</strong></span> 
     </span>
    </p>
   </div>
   <div class='ocr_carea' id='block_1_12' title="bbox 601 1074 2188 1144">
    <p class='ocr_par' dir='ltr' id='par_1_12' title="bbox 601 1074 2188 1144">
     <span class='ocr_line' id='line_1_12' title="bbox 601 1074 2188 1144; baseline 0.001 -19"><span class='ocrx_word' id='word_1_75' title='bbox 601 1074 1100 1143; x_wconf 85' lang='lat' dir='ltr'><strong>aliquamattulisse</strong></span> <span class='ocrx_word' id='word_1_76' title='bbox 1122 1086 1391 1130; x_wconf 88' lang='lat' dir='ltr'><strong>cernatur.</strong></span> <span class='ocrx_word' id='word_1_77' title='bbox 1428 1076 1540 1129; x_wconf 79' lang='lat' dir='ltr'><strong>Non</strong></span> <span class='ocrx_word' id='word_1_78' title='bbox 1580 1077 1747 1139; x_wconf 88' lang='lat' dir='ltr'><strong>enim,</strong></span> <span class='ocrx_word' id='word_1_79' title='bbox 1778 1076 1977 1142; x_wconf 88' lang='lat' dir='ltr'><strong>inquit,</strong></span> <span class='ocrx_word' id='word_1_80' title='bbox 2017 1076 2188 1144; x_wconf 87' lang='lat' dir='ltr'><strong>ipsum</strong></span> 
     </span>
    </p>
   </div>
   <div class='ocr_carea' id='block_1_13' title="bbox 604 1164 2193 1239">
    <p class='ocr_par' dir='ltr' id='par_1_13' title="bbox 604 1164 2193 1239">
     <span class='ocr_line' id='line_1_13' title="bbox 604 1164 2193 1239; baseline -0.001 -20"><span class='ocrx_word' id='word_1_81' title='bbox 604 1168 771 1221; x_wconf 81' lang='lat' dir='ltr'><strong>fuisse</strong></span> <span class='ocrx_word' id='word_1_82' title='bbox 807 1169 1216 1223; x_wconf 79' lang='lat' dir='ltr'><strong>misericordem</strong></span> <span class='ocrx_word' id='word_1_83' title='bbox 1248 1179 1299 1224; x_wconf 91' lang='lat' dir='ltr'><strong>et</strong></span> <span class='ocrx_word' id='word_1_84' title='bbox 1332 1170 1541 1222; x_wconf 87' lang='lat' dir='ltr'><strong>lidelem</strong></span> <span class='ocrx_word' id='word_1_85' title='bbox 1578 1169 1887 1239; x_wconf 83' lang='lat' dir='ltr'><strong>pontiﬁcem</strong></span> <span class='ocrx_word' id='word_1_86' title='bbox 1921 1168 2075 1230; x_wconf 87' lang='lat' dir='ltr'><strong>dicit,</strong></span> <span class='ocrx_word' id='word_1_87' title='bbox 2114 1164 2193 1219; x_wconf 82' lang='lat' dir='ltr'><strong>id-</strong></span> 
     </span>
    </p>
   </div>
   <div class='ocr_carea' id='block_1_14' title="bbox 601 1256 2195 1327">
    <p class='ocr_par' dir='ltr' id='par_1_14' title="bbox 601 1256 2195 1327">
     <span class='ocr_line' id='line_1_14' title="bbox 601 1256 2195 1327; baseline 0.001 -19"><span class='ocrx_word' id='word_1_88' title='bbox 601 1272 705 1327; x_wconf 90' lang='lat' dir='ltr'><strong>que</strong></span> <span class='ocrx_word' id='word_1_89' title='bbox 750 1275 947 1312; x_wconf 90' lang='lat' dir='ltr'><strong>munus</strong></span> <span class='ocrx_word' id='word_1_90' title='bbox 979 1276 1137 1326; x_wconf 83' lang='lat' dir='ltr'><strong>passo</strong></span> <span class='ocrx_word' id='word_1_91' title='bbox 1182 1260 1361 1325; x_wconf 86' lang='lat' dir='ltr'><strong>potius</strong></span> <span class='ocrx_word' id='word_1_92' title='bbox 1396 1260 1583 1311; x_wconf 89' lang='lat' dir='ltr'><strong>tribuit</strong></span> <span class='ocrx_word' id='word_1_93' title='bbox 1632 1270 1884 1327; x_wconf 87' lang='lat' dir='ltr'><strong>tanquam</strong></span> <span class='ocrx_word' id='word_1_94' title='bbox 1928 1258 1994 1311; x_wconf 87' lang='lat' dir='ltr'><strong>ab</strong></span> <span class='ocrx_word' id='word_1_95' title='bbox 2019 1273 2085 1311; x_wconf 94' lang='lat' dir='ltr'><strong>eo</strong></span> <span class='ocrx_word' id='word_1_96' title='bbox 2112 1256 2195 1309; x_wconf 87' lang='lat' dir='ltr'><strong>di-</strong></span> 
     </span>
    </p>
   </div>
   <div class='ocr_carea' id='block_1_15' title="bbox 602 1349 2194 1419">
    <p class='ocr_par' dir='ltr' id='par_1_15' title="bbox 602 1349 2194 1419">
     <span class='ocr_line' id='line_1_15' title="bbox 602 1349 2194 1419; baseline 0.001 -21"><span class='ocrx_word' id='word_1_97' title='bbox 602 1363 779 1402; x_wconf 87' lang='lat' dir='ltr'><strong>verso.</strong></span> <span class='ocrx_word' id='word_1_98' title='bbox 818 1349 1074 1415; x_wconf 83' lang='lat' dir='ltr'><strong>Quamvis</strong></span> <span class='ocrx_word' id='word_1_99' title='bbox 1117 1350 1207 1418; x_wconf 88' lang='lat' dir='ltr'><strong>qui</strong></span> <span class='ocrx_word' id='word_1_100' title='bbox 1258 1351 1644 1419; x_wconf 86' lang='lat' dir='ltr'><strong>mysteriorum</strong></span> <span class='ocrx_word' id='word_1_101' title='bbox 1677 1350 1895 1419; x_wconf 77' lang='lat' dir='ltr'><strong>sapiens</strong></span> <span class='ocrx_word' id='word_1_102' title='bbox 1928 1363 2047 1402; x_wconf 88' lang='lat' dir='ltr'><strong>esse</strong></span> <span class='ocrx_word' id='word_1_103' title='bbox 2077 1361 2194 1400; x_wconf 87' lang='lat' dir='ltr'><strong>ma-</strong></span> 
     </span>
    </p>
   </div>
   <div class='ocr_carea' id='block_1_16' title="bbox 584 1437 2194 1507">
    <p class='ocr_par' dir='ltr' id='par_1_16' title="bbox 584 1437 2194 1507">
     <span class='ocr_line' id='line_1_16' title="bbox 584 1437 2194 1507; baseline 0 -17"><span class='ocrx_word' id='word_1_104' title='bbox 584 1437 783 1504; x_wconf 68' lang='lat' dir='ltr'><strong>‘glster</strong></span> <span class='ocrx_word' id='word_1_105' title='bbox 811 1439 961 1504; x_wconf 84' lang='lat' dir='ltr'><strong>velit,</strong></span> <span class='ocrx_word' id='word_1_106' title='bbox 1013 1439 1282 1506; x_wconf 89' lang='lat' dir='ltr'><strong>quomodo</strong></span> <span class='ocrx_word' id='word_1_107' title='bbox 1316 1454 1421 1491; x_wconf 93' lang='lat' dir='ltr'><strong>nou</strong></span> <span class='ocrx_word' id='word_1_108' title='bbox 1470 1453 1593 1492; x_wconf 89' lang='lat' dir='ltr'><strong>eum</strong></span> <span class='ocrx_word' id='word_1_109' title='bbox 1639 1440 1877 1507; x_wconf 88' lang='lat' dir='ltr'><strong>oportuit</strong></span> <span class='ocrx_word' id='word_1_110' title='bbox 1927 1451 2085 1490; x_wconf 84' lang='lat' dir='ltr'><strong>voces</strong></span> <span class='ocrx_word' id='word_1_111' title='bbox 2131 1450 2194 1491; x_wconf 88' lang='lat' dir='ltr'><strong>ae</strong></span> 
     </span>
    </p>
   </div>
   <div class='ocr_carea' id='block_1_17' title="bbox 602 1528 2190 1596">
    <p class='ocr_par' dir='ltr' id='par_1_17' title="bbox 602 1528 2190 1596">
     <span class='ocr_line' id='line_1_17' title="bbox 602 1528 2190 1596; baseline 0.001 -17"><span class='ocrx_word' id='word_1_112' title='bbox 602 1529 904 1582; x_wconf 69' lang='lat' dir='ltr'><strong>sententias</strong></span> <span class='ocrx_word' id='word_1_113' title='bbox 938 1544 1217 1583; x_wconf 85' lang='lat' dir='ltr'><strong>sacrarum</strong></span> <span class='ocrx_word' id='word_1_114' title='bbox 1252 1529 1579 1583; x_wconf 85' lang='lat' dir='ltr'><strong>Litterarum</strong></span> <span class='ocrx_word' id='word_1_115' title='bbox 1625 1537 1884 1582; x_wconf 75' lang='lat' dir='ltr'><strong>accurate</strong></span> <span class='ocrx_word' id='word_1_116' title='bbox 1914 1528 2190 1596; x_wconf 81' lang='lat' dir='ltr'><strong>colligere,</strong></span> 
     </span>
    </p>
   </div>
   <div class='ocr_carea' id='block_1_18' title="bbox 603 1620 2191 1691">
    <p class='ocr_par' dir='ltr' id='par_1_18' title="bbox 603 1620 2191 1691">
     <span class='ocr_line' id='line_1_18' title="bbox 603 1620 2191 1691; baseline 0.002 -20"><span class='ocrx_word' id='word_1_117' title='bbox 603 1628 767 1688; x_wconf 83' lang='lat' dir='ltr'><strong>atque</strong></span> <span class='ocrx_word' id='word_1_118' title='bbox 799 1622 1043 1689; x_wconf 86' lang='lat' dir='ltr'><strong>cogitare</strong></span> <span class='ocrx_word' id='word_1_119' title='bbox 1073 1636 1201 1676; x_wconf 82' lang='lat' dir='ltr'><strong>vere</strong></span> <span class='ocrx_word' id='word_1_120' title='bbox 1246 1636 1369 1676; x_wconf 84' lang='lat' dir='ltr'><strong>esse</strong></span> <span class='ocrx_word' id='word_1_121' title='bbox 1404 1622 1512 1674; x_wconf 89' lang='lat' dir='ltr'><strong>Deo</strong></span> <span class='ocrx_word' id='word_1_122' title='bbox 1559 1621 1778 1691; x_wconf 87' lang='lat' dir='ltr'><strong>dignum</strong></span> <span class='ocrx_word' id='word_1_123' title='bbox 1828 1620 1933 1674; x_wconf 90' lang='lat' dir='ltr'><strong>hoc</strong></span> <span class='ocrx_word' id='word_1_124' title='bbox 1979 1636 2191 1683; x_wconf 88' lang='lat' dir='ltr'><strong>munus,</strong></span> 
     </span>
    </p>
   </div>
   <div class='ocr_carea' id='block_1_19' title="bbox 605 1713 2192 1783">
    <p class='ocr_par' dir='ltr' id='par_1_19' title="bbox 605 1713 2192 1783">
     <span class='ocr_line' id='line_1_19' title="bbox 605 1713 2192 1783; baseline -0.001 -17"><span class='ocrx_word' id='word_1_125' title='bbox 605 1725 659 1766; x_wconf 90' lang='lat' dir='ltr'><strong>et</strong></span> <span class='ocrx_word' id='word_1_126' title='bbox 694 1730 800 1768; x_wconf 91' lang='lat' dir='ltr'><strong>non</strong></span> <span class='ocrx_word' id='word_1_127' title='bbox 836 1715 1069 1768; x_wconf 86' lang='lat' dir='ltr'><strong>alienum</strong></span> <span class='ocrx_word' id='word_1_128' title='bbox 1104 1730 1133 1767; x_wconf 87' lang='lat' dir='ltr'><strong>a</strong></span> <span class='ocrx_word' id='word_1_129' title='bbox 1162 1716 1375 1769; x_wconf 90' lang='lat' dir='ltr'><strong>ratione</strong></span> <span class='ocrx_word' id='word_1_130' title='bbox 1397 1730 1516 1783; x_wconf 70' lang='lat' dir='ltr'><strong>quae</strong></span> <span class='ocrx_word' id='word_1_131' title='bbox 1541 1716 1660 1783; x_wconf 85' lang='lat' dir='ltr'><strong>ejus</strong></span> <span class='ocrx_word' id='word_1_132' title='bbox 1679 1713 2032 1767; x_wconf 77' lang='lat' dir='ltr'><strong>exinanitioni</strong></span> <span class='ocrx_word' id='word_1_133' title='bbox 2061 1726 2192 1765; x_wconf 86' lang='lat' dir='ltr'><strong>cou-</strong></span> 
     </span>
    </p>
   </div>
   <div class='ocr_carea' id='block_1_20' title="bbox 603 1803 2190 1874">
    <p class='ocr_par' dir='ltr' id='par_1_20' title="bbox 603 1803 2190 1874">
     <span class='ocr_line' id='line_1_20' title="bbox 603 1803 2190 1874; baseline 0.001 -20"><span class='ocrx_word' id='word_1_134' title='bbox 603 1804 773 1869; x_wconf 90' lang='lat' dir='ltr'><strong>venit,</strong></span> <span class='ocrx_word' id='word_1_135' title='bbox 801 1821 1030 1873; x_wconf 84' lang='lat' dir='ltr'><strong>eamque</strong></span> <span class='ocrx_word' id='word_1_136' title='bbox 1063 1805 1256 1860; x_wconf 72' lang='lat' dir='ltr'><strong>decet?</strong></span> <span class='ocrx_word' id='word_1_137' title='bbox 1288 1806 1340 1858; x_wconf 92' lang='lat' dir='ltr'><strong>Id</strong></span> <span class='ocrx_word' id='word_1_138' title='bbox 1375 1821 1481 1874; x_wconf 88' lang='lat' dir='ltr'><strong>qua</strong></span> <span class='ocrx_word' id='word_1_139' title='bbox 1512 1805 1719 1857; x_wconf 77' lang='lat' dir='ltr'><strong>ratione</strong></span> <span class='ocrx_word' id='word_1_140' title='bbox 1755 1817 1940 1856; x_wconf 89' lang='lat' dir='ltr'><strong>verum</strong></span> <span class='ocrx_word' id='word_1_141' title='bbox 1969 1804 2061 1867; x_wconf 87' lang='lat' dir='ltr'><strong>sit,</strong></span> <span class='ocrx_word' id='word_1_142' title='bbox 2080 1803 2190 1871; x_wconf 87' lang='lat' dir='ltr'><strong>jam</strong></span> 
     </span>
    </p>
   </div>
   <div class='ocr_carea' id='block_1_21' title="bbox 2289 705 3846 781">
    <p class='ocr_par' dir='ltr' id='par_1_21' title="bbox 2289 705 3846 781">
     <span class='ocr_line' id='line_1_21' title="bbox 2289 705 3846 781; baseline -0.003 -20"><span class='ocrx_word' id='word_1_143' title='bbox 2289 710 2527 779; x_wconf 81' lang='grc' dir='ltr'>χρηστὸς</span> <span class='ocrx_word' id='word_1_144' title='bbox 2551 710 2731 762; x_wconf 72' lang='grc' dir='ltr'>οὑτοσὶ</span> <span class='ocrx_word' id='word_1_145' title='bbox 2759 710 2858 781; x_wconf 76' lang='grc' dir='ltr'>τῆς</span> <span class='ocrx_word' id='word_1_146' title='bbox 2885 710 3198 780; x_wconf 77' lang='grc' dir='ltr'><strong>οἰκονομίας</strong></span> <span class='ocrx_word' id='word_1_147' title='bbox 3225 709 3313 762; x_wconf 74' lang='grc' dir='ltr'><strong>τὸν</strong></span> <span class='ocrx_word' id='word_1_148' title='bbox 3337 708 3533 779; x_wconf 80' lang='grc' dir='ltr'>τρόπον</span> <span class='ocrx_word' id='word_1_149' title='bbox 3554 707 3628 769; x_wconf 80' lang='grc' dir='ltr'>ὡς</span> <span class='ocrx_word' id='word_1_150' title='bbox 3654 705 3846 774; x_wconf 77' lang='grc' dir='ltr'><strong>ἀκαλλῆ</strong></span> 
     </span>
    </p>
   </div>
   <div class='ocr_carea' id='block_1_22' title="bbox 2289 796 3852 872">
    <p class='ocr_par' dir='ltr' id='par_1_22' title="bbox 2289 796 3852 872">
     <span class='ocr_line' id='line_1_22' title="bbox 2289 796 3852 872; baseline -0.003 -20"><span class='ocrx_word' id='word_1_151' title='bbox 2289 801 2748 871; x_wconf 71' lang='grc' dir='ltr'><strong>παραιτούμενος,</strong></span> <span class='ocrx_word' id='word_1_152' title='bbox 2783 803 3047 872; x_wconf 74' lang='grc' dir='ltr'><strong>ἀποφέρει</strong></span> <span class='ocrx_word' id='word_1_153' title='bbox 3071 802 3165 854; x_wconf 86' lang='grc' dir='ltr'><strong>τοῦ</strong></span> <span class='ocrx_word' id='word_1_154' title='bbox 3197 800 3332 853; x_wconf 88' lang='grc' dir='ltr'>Θεοῦ</span> <span class='ocrx_word' id='word_1_155' title='bbox 3362 799 3541 866; x_wconf 64' lang='grc' dir='ltr'>Λόγου</span> <span class='ocrx_word' id='word_1_156' title='bbox 3559 798 3626 849; x_wconf 77' lang='grc' dir='ltr'>τὰ</span> <span class='ocrx_word' id='word_1_157' title='bbox 3657 796 3852 867; x_wconf 75' lang='grc' dir='ltr'>ἀνθρὼ-</span> 
     </span>
    </p>
   </div>
   <div class='ocr_carea' id='block_1_23' title="bbox 2292 886 3852 962">
    <p class='ocr_par' dir='ltr' id='par_1_23' title="bbox 2292 886 3852 962">
     <span class='ocr_line' id='line_1_23' title="bbox 2292 886 3852 962; baseline -0.003 -18"><span class='ocrx_word' id='word_1_158' title='bbox 2292 909 2440 957; x_wconf 83' lang='grc' dir='ltr'>πινα,</span> <span class='ocrx_word' id='word_1_159' title='bbox 2473 893 2537 944; x_wconf 77' lang='grc' dir='ltr'>ἵν’</span> <span class='ocrx_word' id='word_1_160' title='bbox 2567 893 2741 962; x_wconf 80' lang='grc' dir='ltr'>ὁρῷτο</span> <span class='ocrx_word' id='word_1_161' title='bbox 2773 893 2956 946; x_wconf 85' lang='grc' dir='ltr'>λοιπὸν</span> <span class='ocrx_word' id='word_1_162' title='bbox 2990 894 3110 946; x_wconf 78' lang='grc' dir='ltr'>κατ’</span> <span class='ocrx_word' id='word_1_163' title='bbox 3133 893 3323 945; x_wconf 74' lang='grc' dir='ltr'>οὐδένα</span> <span class='ocrx_word' id='word_1_164' title='bbox 3347 891 3545 960; x_wconf 80' lang='grc' dir='ltr'>τρόπον</span> <span class='ocrx_word' id='word_1_165' title='bbox 3577 889 3767 957; x_wconf 80' lang='grc' dir='ltr'><strong>ὀνήσας</strong></span> <span class='ocrx_word' id='word_1_166' title='bbox 3789 886 3852 940; x_wconf 83' lang='grc' dir='ltr'><strong>τὰ</strong></span> 
     </span>
    </p>
   </div>
   <div class='ocr_carea' id='block_1_24' title="bbox 2291 979 3853 1055">
    <p class='ocr_par' dir='ltr' id='par_1_24' title="bbox 2291 979 3853 1055">
     <span class='ocr_line' id='line_1_24' title="bbox 2291 979 3853 1055; baseline -0.003 -20"><span class='ocrx_word' id='word_1_167' title='bbox 2291 984 2410 1036; x_wconf 80' lang='grc' dir='ltr'>καθ’</span> <span class='ocrx_word' id='word_1_168' title='bbox 2442 985 2609 1054; x_wconf 77' lang='grc' dir='ltr'>ἡμᾶς.</span> <span class='ocrx_word' id='word_1_169' title='bbox 2644 985 2717 1037; x_wconf 75' lang='grc' dir='ltr'>υὺ</span> <span class='ocrx_word' id='word_1_170' title='bbox 2752 985 2860 1055; x_wconf 76' lang='grc' dir='ltr'>γάρ</span> <span class='ocrx_word' id='word_1_171' title='bbox 2885 986 2967 1037; x_wconf 84' lang='grc' dir='ltr'><strong>τοί</strong></span> <span class='ocrx_word' id='word_1_172' title='bbox 3009 1001 3174 1053; x_wconf 73' lang='grc' dir='ltr'>φησιν</span> <span class='ocrx_word' id='word_1_173' title='bbox 3204 983 3365 1038; x_wconf 74' lang='grc' dir='ltr'>αὑτὸν</span> <span class='ocrx_word' id='word_1_174' title='bbox 3390 980 3654 1051; x_wconf 72' lang='grc' dir='ltr'>ἐλεήμονά</span> <span class='ocrx_word' id='word_1_175' title='bbox 3678 995 3735 1030; x_wconf 81' lang='grc' dir='ltr'><strong>τε</strong></span> <span class='ocrx_word' id='word_1_176' title='bbox 3764 979 3853 1031; x_wconf 68' lang='grc' dir='ltr'>καὶ</span> 
     </span>
    </p>
   </div>
   <div class='ocr_carea' id='block_1_25' title="bbox 2293 1069 3854 1146">
    <p class='ocr_par' dir='ltr' id='par_1_25' title="bbox 2293 1069 3854 1146">
     <span class='ocr_line' id='line_1_25' title="bbox 2293 1069 3854 1146; baseline -0.002 -20"><span class='ocrx_word' id='word_1_177' title='bbox 2293 1076 2479 1127; x_wconf 83' lang='grc' dir='ltr'>πιστὸν</span> <span class='ocrx_word' id='word_1_178' title='bbox 2520 1077 2780 1146; x_wconf 76' lang='grc' dir='ltr'>ἀρχιερέα</span> <span class='ocrx_word' id='word_1_179' title='bbox 2807 1077 3060 1143; x_wconf 79' lang='grc' dir='ltr'>γενέσθαι</span> <span class='ocrx_word' id='word_1_180' title='bbox 3086 1092 3098 1103; x_wconf 90' lang='grc'><strong>·</strong></span> <span class='ocrx_word' id='word_1_181' title='bbox 3130 1075 3425 1146; x_wconf 74' lang='grc' dir='ltr'>προσνέμει</span> <span class='ocrx_word' id='word_1_182' title='bbox 3463 1072 3519 1125; x_wconf 71' lang='grc' dir='ltr'>δὲ</span> <span class='ocrx_word' id='word_1_183' title='bbox 3560 1071 3754 1141; x_wconf 78' lang='grc' dir='ltr'>μᾶλλον</span> <span class='ocrx_word' id='word_1_184' title='bbox 3784 1069 3854 1131; x_wconf 82' lang='grc' dir='ltr'>ὡς</span> 
     </span>
    </p>
   </div>
   <div class='ocr_carea' id='block_1_26' title="bbox 2290 1160 3855 1237">
    <p class='ocr_par' dir='ltr' id='par_1_26' title="bbox 2290 1160 3855 1237">
     <span class='ocr_line' id='line_1_26' title="bbox 2290 1160 3855 1237; baseline -0.004 -20"><span class='ocrx_word' id='word_1_185' title='bbox 2290 1166 2460 1235; x_wconf 74' lang='grc' dir='ltr'>ἑτέρῳ</span> <span class='ocrx_word' id='word_1_186' title='bbox 2510 1167 2640 1236; x_wconf 84' lang='grc' dir='ltr'>παρ’</span> <span class='ocrx_word' id='word_1_187' title='bbox 2672 1168 2832 1220; x_wconf 68' lang='grc' dir='ltr'>αὑτὸν</span> <span class='ocrx_word' id='word_1_188' title='bbox 2880 1166 2940 1219; x_wconf 84' lang='grc' dir='ltr'><strong>τὸ</strong></span> <span class='ocrx_word' id='word_1_189' title='bbox 2990 1170 3176 1237; x_wconf 76' lang='grc' dir='ltr'>χρῆμα</span> <span class='ocrx_word' id='word_1_190' title='bbox 3219 1164 3295 1234; x_wconf 80' lang='grc' dir='ltr'><strong>τῷ</strong></span> <span class='ocrx_word' id='word_1_191' title='bbox 3330 1161 3639 1215; x_wconf 84' lang='grc' dir='ltr'>πεπονθότι.</span> <span class='ocrx_word' id='word_1_192' title='bbox 3674 1160 3855 1213; x_wconf 77' lang='grc' dir='ltr'>Καίτοι</span> 
     </span>
    </p>
   </div>
   <div class='ocr_carea' id='block_1_27' title="bbox 2291 1248 3854 1327">
    <p class='ocr_par' dir='ltr' id='par_1_27' title="bbox 2291 1248 3854 1327">
     <span class='ocr_line' id='line_1_27' title="bbox 2291 1248 3854 1327; baseline -0.006 -18"><span class='ocrx_word' id='word_1_193' title='bbox 2291 1258 2407 1319; x_wconf 81' lang='grc' dir='ltr'>πῶς</span> <span class='ocrx_word' id='word_1_194' title='bbox 2437 1258 2538 1310; x_wconf 84' lang='grc' dir='ltr'><strong>οὐκ</strong></span> <span class='ocrx_word' id='word_1_195' title='bbox 2571 1259 2677 1309; x_wconf 74' lang='grc' dir='ltr'>ἔδει</span> <span class='ocrx_word' id='word_1_196' title='bbox 2711 1258 3068 1327; x_wconf 78' lang='grc' dir='ltr'><strong>μυσταγωγὸν</strong></span> <span class='ocrx_word' id='word_1_197' title='bbox 3113 1252 3248 1310; x_wconf 81' lang='grc' dir='ltr'>εἶναι</span> <span class='ocrx_word' id='word_1_198' title='bbox 3287 1254 3507 1309; x_wconf 75' lang='grc' dir='ltr'>θέλοντα</span> <span class='ocrx_word' id='word_1_199' title='bbox 3540 1250 3718 1319; x_wconf 80' lang='grc' dir='ltr'>σοφὸς,</span> <span class='ocrx_word' id='word_1_200' title='bbox 3750 1248 3854 1301; x_wconf 83' lang='grc' dir='ltr'>τῶν</span> 
     </span>
    </p>
   </div>
   <div class='ocr_carea' id='block_1_28' title="bbox 2293 1339 3887 1419">
    <p class='ocr_par' dir='ltr' id='par_1_28' title="bbox 2293 1339 3887 1419">
     <span class='ocr_line' id='line_1_28' title="bbox 2293 1339 3887 1419; baseline -0.004 -20"><span class='ocrx_word' id='word_1_201' title='bbox 2293 1348 2352 1400; x_wconf 75' lang='grc' dir='ltr'>ἐν</span> <span class='ocrx_word' id='word_1_202' title='bbox 2398 1348 2464 1417; x_wconf 83' lang='grc' dir='ltr'>τῇ</span> <span class='ocrx_word' id='word_1_203' title='bbox 2517 1347 2859 1419; x_wconf 76' lang='grc' dir='ltr'>θεοπνεύστῳ</span> <span class='ocrx_word' id='word_1_204' title='bbox 2907 1350 3095 1419; x_wconf 66' lang='grc' dir='ltr'>Γραφῇ</span> <span class='ocrx_word' id='word_1_205' title='bbox 3151 1348 3344 1418; x_wconf 75' lang='grc' dir='ltr'>φωνῶν</span> <span class='ocrx_word' id='word_1_206' title='bbox 3388 1363 3447 1399; x_wconf 77' lang='grc' dir='ltr'><strong>τε</strong></span> <span class='ocrx_word' id='word_1_207' title='bbox 3494 1346 3587 1397; x_wconf 76' lang='grc' dir='ltr'><strong>καὶ</strong></span> <span class='ocrx_word' id='word_1_208' title='bbox 3648 1339 3887 1395; x_wconf 65' lang='grc' dir='ltr'>ἐννοιῶν»</span> 
     </span>
    </p>
   </div>
   <div class='ocr_carea' id='block_1_29' title="bbox 2291 1431 3859 1511">
    <p class='ocr_par' dir='ltr' id='par_1_29' title="bbox 2291 1431 3859 1511">
     <span class='ocr_line' id='line_1_29' title="bbox 2291 1431 3859 1511; baseline -0.006 -19"><span class='ocrx_word' id='word_1_209' title='bbox 2291 1438 2497 1510; x_wconf 76' lang='grc' dir='ltr'>ἀκριϐῆ</span> <span class='ocrx_word' id='word_1_210' title='bbox 2533 1440 2805 1493; x_wconf 82' lang='grc' dir='ltr'>ποιεῖσθαι</span> <span class='ocrx_word' id='word_1_211' title='bbox 2843 1440 2940 1510; x_wconf 78' lang='grc' dir='ltr'>τὴν</span> <span class='ocrx_word' id='word_1_212' title='bbox 2980 1441 3255 1511; x_wconf 75' lang='grc' dir='ltr'>ἄθροισιν·</span> <span class='ocrx_word' id='word_1_213' title='bbox 3298 1439 3499 1493; x_wconf 69' lang='grc' dir='ltr'>δννοεῖν</span> <span class='ocrx_word' id='word_1_214' title='bbox 3537 1451 3620 1499; x_wconf 78' lang='grc' dir='ltr'><strong>τε,</strong></span> <span class='ocrx_word' id='word_1_215' title='bbox 3646 1435 3727 1486; x_wconf 78' lang='grc' dir='ltr'>ὅτι</span> <span class='ocrx_word' id='word_1_216' title='bbox 3770 1431 3859 1484; x_wconf 73' lang='grc' dir='ltr'><strong>καὶ</strong></span> 
     </span>
    </p>
   </div>
   <div class='ocr_carea' id='block_1_30' title="bbox 2292 1523 3858 1603">
    <p class='ocr_par' dir='ltr' id='par_1_30' title="bbox 2292 1523 3858 1603">
     <span class='ocr_line' id='line_1_30' title="bbox 2292 1523 3858 1603; baseline -0.004 -21"><span class='ocrx_word' id='word_1_217' title='bbox 2292 1529 2597 1601; x_wconf 79' lang='grc' dir='ltr'>θεοπρεπὲς</span> <span class='ocrx_word' id='word_1_218' title='bbox 2629 1530 2847 1600; x_wconf 82' lang='grc' dir='ltr'>ἀληθῶς</span> <span class='ocrx_word' id='word_1_219' title='bbox 2872 1532 2933 1585; x_wconf 86' lang='grc' dir='ltr'><strong>τὸ</strong></span> <span class='ocrx_word' id='word_1_220' title='bbox 2966 1535 3069 1603; x_wconf 75' lang='grc' dir='ltr'>χρῆ</span> <span class='ocrx_word' id='word_1_221' title='bbox 3081 1532 3157 1603; x_wconf 76' lang='grc' dir='ltr'><strong>μά</strong></span> <span class='ocrx_word' id='word_1_222' title='bbox 3178 1533 3314 1591; x_wconf 70' lang='grc' dir='ltr'>ἐστι,</span> <span class='ocrx_word' id='word_1_223' title='bbox 3335 1529 3428 1583; x_wconf 73' lang='grc' dir='ltr'>καὶ</span> <span class='ocrx_word' id='word_1_224' title='bbox 3447 1527 3550 1582; x_wconf 80' lang='grc' dir='ltr'><strong>οὐκ</strong></span> <span class='ocrx_word' id='word_1_225' title='bbox 3578 1525 3681 1590; x_wconf 68' lang='grc' dir='ltr'><strong>ἔξω</strong></span> <span class='ocrx_word' id='word_1_226' title='bbox 3707 1523 3858 1590; x_wconf 79' lang='grc' dir='ltr'>λόγου</span> 
     </span>
    </p>
   </div>
   <div class='ocr_carea' id='block_1_31' title="bbox 2290 1600 3858 1694">
    <p class='ocr_par' dir='ltr' id='par_1_31' title="bbox 2290 1600 3858 1694">
     <span class='ocr_line' id='line_1_31' title="bbox 2290 1600 3858 1694; baseline -0.001 -22"><span class='ocrx_word' id='word_1_227' title='bbox 2290 1619 2387 1673; x_wconf 87' lang='grc' dir='ltr'><strong>τοῦ</strong></span> <span class='ocrx_word' id='word_1_228' title='bbox 2426 1600 2491 1692; x_wconf 80' lang='grc' dir='ltr'>τῇ</span> <span class='ocrx_word' id='word_1_229' title='bbox 2519 1622 2742 1676; x_wconf 78' lang='grc' dir='ltr'>κενώσει</span> <span class='ocrx_word' id='word_1_230' title='bbox 2767 1600 3068 1694; x_wconf 57' lang='grc' dir='ltr'>πρέποντός</span> <span class='ocrx_word' id='word_1_231' title='bbox 3084 1600 3155 1677; x_wconf 55' lang='grc' dir='ltr'><strong>τε</strong></span> <span class='ocrx_word' id='word_1_232' title='bbox 3184 1624 3277 1676; x_wconf 78' lang='grc' dir='ltr'>καὶ</span> <span class='ocrx_word' id='word_1_233' title='bbox 3305 1622 3546 1682; x_wconf 80' lang='grc' dir='ltr'><strong>ἐοικότος</strong></span> <span class='ocrx_word' id='word_1_234' title='bbox 3568 1616 3728 1687; x_wconf 52' lang='grc' dir='ltr'>;,Καὶ</span> <span class='ocrx_word' id='word_1_235' title='bbox 3746 1615 3858 1667; x_wconf 80' lang='grc' dir='ltr'>τίνα</span> 
     </span>
    </p>
   </div>
   <div class='ocr_carea' id='block_1_32' title="bbox 2290 1712 3859 1787">
    <p class='ocr_par' dir='ltr' id='par_1_32' title="bbox 2290 1712 3859 1787">
     <span class='ocr_line' id='line_1_32' title="bbox 2290 1712 3859 1787; baseline -0.002 -22"><span class='ocrx_word' id='word_1_236' title='bbox 2290 1712 2492 1783; x_wconf 84' lang='grc' dir='ltr'>τρόπον</span> <span class='ocrx_word' id='word_1_237' title='bbox 2538 1714 2772 1785; x_wconf 66' lang='grc' dir='ltr'>ἐροῦμεν</span> <span class='ocrx_word' id='word_1_238' title='bbox 2819 1715 3282 1787; x_wconf 86' lang='grc' dir='ltr'>βραχυλογοῦντες</span> <span class='ocrx_word' id='word_1_239' title='bbox 3332 1714 3408 1775; x_wconf 82' lang='grc' dir='ltr'><strong>ὡς</strong></span> <span class='ocrx_word' id='word_1_240' title='bbox 3452 1713 3553 1767; x_wconf 74' lang='grc' dir='ltr'>ενι.</span> <span class='ocrx_word' id='word_1_241' title='bbox 3581 1713 3859 1778; x_wconf 81' lang='grc' dir='ltr'>Κατεχρη·</span> 
     </span>
    </p>
   </div>
   <div class='ocr_carea' id='block_1_33' title="bbox 2295 1798 3860 1877">
    <p class='ocr_par' dir='ltr' id='par_1_33' title="bbox 2295 1798 3860 1877">
     <span class='ocr_line' id='line_1_33' title="bbox 2295 1798 3860 1877; baseline -0.017 0"><span class='ocrx_word' id='word_1_242' title='bbox 2295 1806 2547 1875; x_wconf 74' lang='grc' dir='ltr'>σμῴδησε</span> <span class='ocrx_word' id='word_1_243' title='bbox 2581 1807 2682 1876; x_wconf 78' lang='grc' dir='ltr'>μὲν</span> <span class='ocrx_word' id='word_1_244' title='bbox 2704 1807 2813 1877; x_wconf 80' lang='grc' dir='ltr'>γὰρ</span> <span class='ocrx_word' id='word_1_245' title='bbox 2831 1808 2906 1870; x_wconf 83' lang='grc' dir='ltr'><strong>ὡς</strong></span> <span class='ocrx_word' id='word_1_246' title='bbox 2935 1810 2964 1861; x_wconf 82' lang='grc' dir='ltr'><strong>ὁ</strong></span> <span class='ocrx_word' id='word_1_247' title='bbox 2994 1808 3099 1860; x_wconf 87' lang='grc' dir='ltr'>τῶν</span> <span class='ocrx_word' id='word_1_248' title='bbox 3127 1807 3264 1860; x_wconf 79' lang='grc' dir='ltr'>ὅλων</span> <span class='ocrx_word' id='word_1_249' title='bbox 3290 1806 3424 1869; x_wconf 82' lang='grc' dir='ltr'>Θεὸς</span> <span class='ocrx_word' id='word_1_250' title='bbox 3450 1807 3565 1866; x_wconf 82' lang='grc' dir='ltr'>τοῖς</span> <span class='ocrx_word' id='word_1_251' title='bbox 3586 1798 3860 1872; x_wconf 72' lang='grc' dir='ltr'>ἀρχαιοτέ-</span> 
     </span>
    </p>
   </div>
   <div class='ocr_carea' id='block_1_34' title="bbox 603 1882 2192 1969">
    <p class='ocr_par' dir='ltr' id='par_1_34' title="bbox 603 1894 2187 1964">
     <span class='ocr_line' id='line_1_34' title="bbox 603 1894 2187 1964; baseline 0 -19"><span class='ocrx_word' id='word_1_252' title='bbox 603 1896 845 1950; x_wconf 83' lang='lat' dir='ltr'><strong>dicemus</strong></span> <span class='ocrx_word' id='word_1_253' title='bbox 888 1911 1049 1964; x_wconf 85' lang='lat' dir='ltr'><strong>quam</strong></span> <span class='ocrx_word' id='word_1_254' title='bbox 1102 1897 1440 1950; x_wconf 79' lang='lat' dir='ltr'><strong>brevissime.</strong></span> <span class='ocrx_word' id='word_1_255' title='bbox 1490 1894 1623 1949; x_wconf 84' lang='lat' dir='ltr'><strong>Nam</strong></span> <span class='ocrx_word' id='word_1_256' title='bbox 1678 1895 1767 1949; x_wconf 84' lang='lat' dir='ltr'><strong>ille</strong></span> <span class='ocrx_word' id='word_1_257' title='bbox 1810 1897 2187 1948; x_wconf 89' lang='lat' dir='ltr'><strong>universorum</strong></span> 
     </span>
    </p>
   </div>
   <div class='ocr_carea' id='block_1_35' title="bbox 2297 1882 3861 1969">
    <p class='ocr_par' dir='ltr' id='par_1_35' title="bbox 2299 1885 3861 1969">
     <span class='ocr_line' id='line_1_35' title="bbox 2299 1885 3861 1969; baseline -0.013 -8"><span class='ocrx_word' id='word_1_258' title='bbox 2299 1913 2411 1967; x_wconf 78' lang='grc' dir='ltr'>ροις</span> <span class='ocrx_word' id='word_1_259' title='bbox 2440 1898 2530 1950; x_wconf 85' lang='grc' dir='ltr'><strong>τὸν</strong></span> <span class='ocrx_word' id='word_1_260' title='bbox 2561 1899 2744 1968; x_wconf 89' lang='grc' dir='ltr'>νόμον,</span> <span class='ocrx_word' id='word_1_261' title='bbox 2781 1899 3205 1969; x_wconf 76' lang='grc' dir='ltr'>μεσολαόοῦντος</span> <span class='ocrx_word' id='word_1_262' title='bbox 3234 1898 3494 1959; x_wconf 81' lang='grc' dir='ltr'><strong>Μωσέως.</strong></span> <span class='ocrx_word' id='word_1_263' title='bbox 3514 1894 3653 1948; x_wconf 81' lang='grc' dir='ltr'>Ἀλλ’</span> <span class='ocrx_word' id='word_1_264' title='bbox 3681 1892 3778 1944; x_wconf 80' lang='grc' dir='ltr'><strong>οὐκ</strong></span> <span class='ocrx_word' id='word_1_265' title='bbox 3797 1885 3861 1960; x_wconf 75' lang='grc' dir='ltr'>ἦν</span> 
     </span>
    </p>
   </div>
   <div class='ocr_carea' id='block_1_36' title="bbox 607 1986 2190 2055">
    <p class='ocr_par' dir='ltr' id='par_1_36' title="bbox 607 1986 2190 2055">
     <span class='ocr_line' id='line_1_36' title="bbox 607 1986 2190 2055; baseline 0.003 -19"><span class='ocrx_word' id='word_1_266' title='bbox 607 1987 747 2038; x_wconf 74' lang='lat' dir='ltr'><strong>Iteus</strong></span> <span class='ocrx_word' id='word_1_267' title='bbox 777 1986 971 2054; x_wconf 76' lang='lat' dir='ltr'><strong>priscis</strong></span> <span class='ocrx_word' id='word_1_268' title='bbox 994 1986 1101 2039; x_wconf 84' lang='lat' dir='ltr'><strong>illis</strong></span> <span class='ocrx_word' id='word_1_269' title='bbox 1131 1988 1446 2041; x_wconf 88' lang='lat' dir='ltr'><strong>hominilms</strong></span> <span class='ocrx_word' id='word_1_270' title='bbox 1468 1987 1640 2055; x_wconf 82' lang='lat' dir='ltr'><strong>legem</strong></span> <span class='ocrx_word' id='word_1_271' title='bbox 1667 1987 1855 2048; x_wconf 85' lang='lat' dir='ltr'><strong>edidit,</strong></span> <span class='ocrx_word' id='word_1_272' title='bbox 1893 1986 2190 2054; x_wconf 82' lang='lat' dir='ltr'><strong>interprete</strong></span> 
     </span>
    </p>
   </div>
   <div class='ocr_carea' id='block_1_37' title="bbox 604 2073 2188 2147">
    <p class='ocr_par' dir='ltr' id='par_1_37' title="bbox 604 2073 2188 2147">
     <span class='ocr_line' id='line_1_37' title="bbox 604 2073 2188 2147; baseline 0 -19"><span class='ocrx_word' id='word_1_273' title='bbox 604 2073 786 2143; x_wconf 78' lang='lat' dir='ltr'><strong>Mose;</strong></span> <span class='ocrx_word' id='word_1_274' title='bbox 820 2078 912 2130; x_wconf 88' lang='lat' dir='ltr'><strong>sed</strong></span> <span class='ocrx_word' id='word_1_275' title='bbox 940 2094 1044 2131; x_wconf 89' lang='lat' dir='ltr'><strong>non</strong></span> <span class='ocrx_word' id='word_1_276' title='bbox 1071 2088 1189 2131; x_wconf 84' lang='lat' dir='ltr'><strong>erat</strong></span> <span class='ocrx_word' id='word_1_277' title='bbox 1220 2094 1284 2131; x_wconf 84' lang='lat' dir='ltr'><strong>ea</strong></span> <span class='ocrx_word' id='word_1_278' title='bbox 1313 2078 1393 2131; x_wconf 87' lang='lat' dir='ltr'><strong>vis</strong></span> <span class='ocrx_word' id='word_1_279' title='bbox 1422 2077 1576 2145; x_wconf 81' lang='lat' dir='ltr'><strong>legis,</strong></span> <span class='ocrx_word' id='word_1_280' title='bbox 1599 2087 1655 2129; x_wconf 92' lang='lat' dir='ltr'><strong>ut</strong></span> <span class='ocrx_word' id='word_1_281' title='bbox 1681 2077 1773 2147; x_wconf 89' lang='lat' dir='ltr'><strong>qui</strong></span> <span class='ocrx_word' id='word_1_282' title='bbox 1805 2075 1998 2130; x_wconf 83' lang='lat' dir='ltr'><strong>vellent</strong></span> <span class='ocrx_word' id='word_1_283' title='bbox 2024 2076 2188 2129; x_wconf 85' lang='lat' dir='ltr'><strong>etiam</strong></span> 
     </span>
    </p>
   </div>
   <div class='ocr_carea' id='block_1_38' title="bbox 604 2163 2189 2241">
    <p class='ocr_par' dir='ltr' id='par_1_38' title="bbox 604 2163 2189 2241">
     <span class='ocr_line' id='line_1_38' title="bbox 604 2163 2189 2241; baseline -0.001 -23"><span class='ocrx_word' id='word_1_284' title='bbox 604 2176 825 2232; x_wconf 81' lang='lat' dir='ltr'><strong>possent</strong></span> <span class='ocrx_word' id='word_1_285' title='bbox 868 2166 1076 2241; x_wconf 78' lang='lat' dir='ltr'><strong>integre</strong></span> <span class='ocrx_word' id='word_1_286' title='bbox 1106 2166 1251 2234; x_wconf 89' lang='lat' dir='ltr'><strong>quod</strong></span> <span class='ocrx_word' id='word_1_287' title='bbox 1287 2166 1482 2219; x_wconf 90' lang='lat' dir='ltr'><strong>bonum</strong></span> <span class='ocrx_word' id='word_1_288' title='bbox 1511 2176 1592 2218; x_wconf 90' lang='lat' dir='ltr'><strong>est</strong></span> <span class='ocrx_word' id='word_1_289' title='bbox 1621 2166 1881 2234; x_wconf 85' lang='lat' dir='ltr'><strong>perlicere</strong></span> <span class='ocrx_word' id='word_1_290' title='bbox 1931 2182 1945 2217; x_wconf 88' lang='lat'><strong>:</strong></span> <span class='ocrx_word' id='word_1_291' title='bbox 1989 2181 2008 2214; x_wconf 84' lang='grc' dir='ltr'><strong>ι</strong></span> <span class='ocrx_word' id='word_1_292' title='bbox 2047 2163 2189 2218; x_wconf 77' lang='lat' dir='ltr'><strong>Nihil</strong></span> 
     </span>
    </p>
   </div>
   <div class='ocr_carea' id='block_1_39' title="bbox 604 2255 2188 2325">
    <p class='ocr_par' dir='ltr' id='par_1_39' title="bbox 604 2255 2188 2325">
     <span class='ocr_line' id='line_1_39' title="bbox 604 2255 2188 2325; baseline 0.002 -21"><span class='ocrx_word' id='word_1_293' title='bbox 604 2255 749 2308; x_wconf 76' lang='lat' dir='ltr'><strong>enim</strong></span> <span class='ocrx_word' id='word_1_294' title='bbox 778 2256 844 2307; x_wconf 87' lang='lat' dir='ltr'><strong>ad</strong></span> <span class='ocrx_word' id='word_1_295' title='bbox 879 2257 1172 2323; x_wconf 78' lang='lat' dir='ltr'><strong>perlectum</strong></span> <span class='ocrx_word' id='word_1_296' title='bbox 1208 2257 1432 2309; x_wconf 74' lang='lat' dir='ltr'><strong>adduxit</strong></span> <span class='ocrx_word' id='word_1_297' title='bbox 1454 2256 1604 2307; x_wconf 73' lang='lat'><strong>“-&quot;.</strong></span> <span class='ocrx_word' id='word_1_298' title='bbox 1640 2273 1660 2306; x_wconf 76' lang='grc' dir='ltr'><strong>ι</strong></span> <span class='ocrx_word' id='word_1_299' title='bbox 1693 2255 1800 2308; x_wconf 90' lang='lat' dir='ltr'><strong>Sed</strong></span> <span class='ocrx_word' id='word_1_300' title='bbox 1828 2270 2002 2325; x_wconf 87' lang='lat' dir='ltr'><strong>neque</strong></span> <span class='ocrx_word' id='word_1_301' title='bbox 2034 2257 2188 2325; x_wconf 85' lang='lat' dir='ltr'><strong>culpa</strong></span> 
     </span>
    </p>
   </div>
   <div class='ocr_carea' id='block_1_40' title="bbox 607 2342 2189 2414">
    <p class='ocr_par' dir='ltr' id='par_1_40' title="bbox 607 2342 2189 2414">
     <span class='ocr_line' id='line_1_40' title="bbox 607 2342 2189 2414; baseline 0.004 -22"><span class='ocrx_word' id='word_1_302' title='bbox 607 2342 819 2397; x_wconf 87' lang='lat' dir='ltr'><strong>vacavit</strong></span> <span class='ocrx_word' id='word_1_303' title='bbox 858 2343 985 2396; x_wconf 90' lang='lat' dir='ltr'><strong>illud</strong></span> <span class='ocrx_word' id='word_1_304' title='bbox 1034 2345 1184 2414; x_wconf 84' lang='lat' dir='ltr'><strong>prius</strong></span> <span class='ocrx_word' id='word_1_305' title='bbox 1229 2354 1610 2399; x_wconf 88' lang='lat' dir='ltr'><strong>testamentum</strong></span> <span class='ocrx_word' id='word_1_306' title='bbox 1663 2363 1677 2398; x_wconf 91' lang='lat'><strong>:</strong></span> <span class='ocrx_word' id='word_1_307' title='bbox 1738 2346 2189 2399; x_wconf 87' lang='lat' dir='ltr'><strong>ministrationetn</strong></span> 
     </span>
    </p>
   </div>
   <div class='ocr_carea' id='block_1_41' title="bbox 605 2434 2188 2503">
    <p class='ocr_par' dir='ltr' id='par_1_41' title="bbox 605 2434 2188 2503">
     <span class='ocr_line' id='line_1_41' title="bbox 605 2434 2188 2503; baseline 0.006 -21"><span class='ocrx_word' id='word_1_308' title='bbox 605 2448 825 2503; x_wconf 88' lang='lat' dir='ltr'><strong>quoque</strong></span> <span class='ocrx_word' id='word_1_309' title='bbox 856 2434 1227 2488; x_wconf 80' lang='lat' dir='ltr'><strong>damnationis</strong></span> <span class='ocrx_word' id='word_1_310' title='bbox 1257 2434 1487 2503; x_wconf 78' lang='lat' dir='ltr'><strong>appellat</strong></span> <span class='ocrx_word' id='word_1_311' title='bbox 1518 2451 1637 2489; x_wconf 85' lang='lat' dir='ltr'><strong>eam</strong></span> <span class='ocrx_word' id='word_1_312' title='bbox 1667 2434 1856 2490; x_wconf 89' lang='lat' dir='ltr'><strong>beatus</strong></span> <span class='ocrx_word' id='word_1_313' title='bbox 1895 2434 2090 2490; x_wconf 77' lang='lat' dir='ltr'><strong>Paulus</strong></span> <span class='ocrx_word' id='word_1_314' title='bbox 2105 2436 2188 2502; x_wconf 79' lang='lat'><strong>&quot;;</strong></span> 
     </span>
    </p>
   </div>
   <div class='ocr_carea' id='block_1_42' title="bbox 606 2524 2192 2596">
    <p class='ocr_par' dir='ltr' id='par_1_42' title="bbox 606 2524 2192 2596">
     <span class='ocr_line' id='line_1_42' title="bbox 606 2524 2192 2596; baseline 0.004 -21"><span class='ocrx_word' id='word_1_315' title='bbox 606 2524 852 2577; x_wconf 84' lang='lat' dir='ltr'><strong>eumdem</strong></span> <span class='ocrx_word' id='word_1_316' title='bbox 888 2525 1048 2577; x_wconf 84' lang='lat' dir='ltr'><strong>audio</strong></span> <span class='ocrx_word' id='word_1_317' title='bbox 1094 2525 1277 2579; x_wconf 88' lang='lat' dir='ltr'><strong>dicere</strong></span> <span class='ocrx_word' id='word_1_318' title='bbox 1310 2543 1323 2578; x_wconf 92' lang='lat'><strong>:</strong></span> <span class='ocrx_word' id='word_1_319' title='bbox 1362 2542 1382 2576; x_wconf 82' lang='grc' dir='ltr'><strong>ι</strong></span> <span class='ocrx_word' id='word_1_320' title='bbox 1419 2526 1636 2581; x_wconf 81' lang='lat' dir='ltr'><strong>Scimus</strong></span> <span class='ocrx_word' id='word_1_321' title='bbox 1668 2527 1810 2595; x_wconf 91' lang='lat' dir='ltr'><strong>quod</strong></span> <span class='ocrx_word' id='word_1_322' title='bbox 1854 2541 2192 2596; x_wconf 68' lang='lat' dir='ltr'><strong>quazcunque</strong></span> 
     </span>
    </p>
   </div>
   <div class='ocr_carea' id='block_1_43' title="bbox 608 2616 2193 2689">
    <p class='ocr_par' dir='ltr' id='par_1_43' title="bbox 608 2616 2193 2689">
     <span class='ocr_line' id='line_1_43' title="bbox 608 2616 2193 2689; baseline 0.004 -21"><span class='ocrx_word' id='word_1_323' title='bbox 608 2616 690 2669; x_wconf 73' lang='lat' dir='ltr'><strong>les</strong></span> <span class='ocrx_word' id='word_1_324' title='bbox 722 2616 980 2685; x_wconf 83' lang='lat' dir='ltr'><strong>loquitur,</strong></span> <span class='ocrx_word' id='word_1_325' title='bbox 1017 2618 1100 2670; x_wconf 89' lang='lat' dir='ltr'><strong>his</strong></span> <span class='ocrx_word' id='word_1_326' title='bbox 1134 2619 1223 2685; x_wconf 89' lang='lat' dir='ltr'><strong>qtti</strong></span> <span class='ocrx_word' id='word_1_327' title='bbox 1259 2618 1311 2670; x_wconf 89' lang='lat' dir='ltr'><strong>in</strong></span> <span class='ocrx_word' id='word_1_328' title='bbox 1343 2618 1456 2688; x_wconf 83' lang='lat' dir='ltr'><strong>lege</strong></span> <span class='ocrx_word' id='word_1_329' title='bbox 1488 2629 1617 2674; x_wconf 90' lang='lat' dir='ltr'><strong>sunt</strong></span> <span class='ocrx_word' id='word_1_330' title='bbox 1642 2621 1901 2689; x_wconf 83' lang='lat' dir='ltr'><strong>quui:ur,</strong></span> <span class='ocrx_word' id='word_1_331' title='bbox 1939 2631 1997 2673; x_wconf 92' lang='lat' dir='ltr'><strong>ut</strong></span> <span class='ocrx_word' id='word_1_332' title='bbox 2029 2635 2193 2676; x_wconf 90' lang='lat' dir='ltr'><strong>omne</strong></span> 
     </span>
    </p>
   </div>
   <div class='ocr_carea' id='block_1_44' title="bbox 577 2709 2189 2797">
    <p class='ocr_par' dir='ltr' id='par_1_44' title="bbox 577 2709 2189 2797">
     <span class='ocr_line' id='line_1_44' title="bbox 577 2709 2189 2797; baseline 0.005 -38"><span class='ocrx_word' id='word_1_333' title='bbox 577 2722 670 2797; x_wconf 56' lang='grc' dir='ltr'>,οι</span> <span class='ocrx_word' id='word_1_334' title='bbox 692 2709 1029 2772; x_wconf 88' lang='lat' dir='ltr'><strong>ohstrnatur,</strong></span> <span class='ocrx_word' id='word_1_335' title='bbox 1061 2717 1114 2761; x_wconf 89' lang='lat' dir='ltr'><strong>et</strong></span> <span class='ocrx_word' id='word_1_336' title='bbox 1144 2709 1391 2763; x_wconf 88' lang='lat' dir='ltr'><strong>subditus</strong></span> <span class='ocrx_word' id='word_1_337' title='bbox 1423 2711 1510 2763; x_wconf 83' lang='lat' dir='ltr'><strong>ttat</strong></span> <span class='ocrx_word' id='word_1_338' title='bbox 1547 2712 1727 2765; x_wconf 88' lang='lat' dir='ltr'><strong>omnis</strong></span> <span class='ocrx_word' id='word_1_339' title='bbox 1769 2713 2004 2767; x_wconf 87' lang='lat' dir='ltr'><strong>mundus</strong></span> <span class='ocrx_word' id='word_1_340' title='bbox 2036 2712 2143 2766; x_wconf 89' lang='lat' dir='ltr'><strong>Deo</strong></span> <span class='ocrx_word' id='word_1_341' title='bbox 2173 2729 2189 2768; x_wconf 92' lang='lat'><strong>:</strong></span> 
     </span>
    </p>
   </div>
   <div class='ocr_carea' id='block_1_45' title="bbox 510 2798 2193 2869">
    <p class='ocr_par' dir='ltr' id='par_1_45' title="bbox 510 2798 2193 2869">
     <span class='ocr_line' id='line_1_45' title="bbox 510 2798 2193 2869; baseline 0.004 -18"><span class='ocrx_word' id='word_1_342' title='bbox 510 2848 513 2851; x_wconf 89' lang='lat'><strong>.</strong></span> <span class='ocrx_word' id='word_1_343' title='bbox 607 2799 865 2867; x_wconf 90' lang='lat' dir='ltr'><strong>quoniam</strong></span> <span class='ocrx_word' id='word_1_344' title='bbox 891 2814 955 2852; x_wconf 76' lang='lat' dir='ltr'><strong>ex</strong></span> <span class='ocrx_word' id='word_1_345' title='bbox 977 2800 1232 2867; x_wconf 88' lang='lat' dir='ltr'><strong>operibus</strong></span> <span class='ocrx_word' id='word_1_346' title='bbox 1253 2798 1387 2867; x_wconf 85' lang='lat' dir='ltr'><strong>legis</strong></span> <span class='ocrx_word' id='word_1_347' title='bbox 1409 2810 1512 2854; x_wconf 85' lang='grc' dir='ltr'>ιιοιι</span> <span class='ocrx_word' id='word_1_348' title='bbox 1528 2800 1855 2869; x_wconf 76' lang='lat' dir='ltr'><strong>justiticatur</strong></span> <span class='ocrx_word' id='word_1_349' title='bbox 1872 2804 2047 2857; x_wconf 88' lang='lat' dir='ltr'><strong>omnis</strong></span> <span class='ocrx_word' id='word_1_350' title='bbox 2065 2818 2193 2859; x_wconf 88' lang='lat' dir='ltr'><strong>caro</strong></span> 
     </span>
    </p>
   </div>
   <div class='ocr_carea' id='block_1_46' title="bbox 617 2891 2190 2961">
    <p class='ocr_par' dir='ltr' id='par_1_46' title="bbox 617 2891 2190 2961">
     <span class='ocr_line' id='line_1_46' title="bbox 617 2891 2190 2961; baseline 0.003 -17"><span class='ocrx_word' id='word_1_351' title='bbox 617 2906 805 2944; x_wconf 80' lang='lat' dir='ltr'><strong>coram</strong></span> <span class='ocrx_word' id='word_1_352' title='bbox 839 2891 928 2943; x_wconf 90' lang='lat' dir='ltr'><strong>illo</strong></span> <span class='ocrx_word' id='word_1_353' title='bbox 949 2891 1028 2953; x_wconf 82' lang='lat'><strong>&quot;;</strong></span> <span class='ocrx_word' id='word_1_354' title='bbox 1062 2909 1080 2941; x_wconf 83' lang='grc' dir='ltr'><strong>ι</strong></span> <span class='ocrx_word' id='word_1_355' title='bbox 1118 2892 1200 2945; x_wconf 75' lang='lat' dir='ltr'><strong>lex</strong></span> <span class='ocrx_word' id='word_1_356' title='bbox 1235 2895 1376 2945; x_wconf 89' lang='lat' dir='ltr'><strong>enim</strong></span> <span class='ocrx_word' id='word_1_357' title='bbox 1414 2893 1547 2946; x_wconf 89' lang='lat' dir='ltr'><strong>iram</strong></span> <span class='ocrx_word' id='word_1_358' title='bbox 1568 2895 1906 2961; x_wconf 82' lang='lat' dir='ltr'><strong>operatur&quot;,</strong></span> <span class='ocrx_word' id='word_1_359' title='bbox 1935 2906 1988 2949; x_wconf 89' lang='lat' dir='ltr'><strong>et</strong></span> <span class='ocrx_word' id='word_1_360' title='bbox 2012 2896 2190 2949; x_wconf 79' lang='lat' dir='ltr'><strong>littera</strong></span> 
     </span>
    </p>
   </div>
   <div class='ocr_carea' id='block_1_47' title="bbox 606 2983 2193 3056">
    <p class='ocr_par' dir='ltr' id='par_1_47' title="bbox 606 2983 2193 3056">
     <span class='ocr_line' id='line_1_47' title="bbox 606 2983 2193 3056; baseline 0.004 -21"><span class='ocrx_word' id='word_1_361' title='bbox 606 2983 804 3036; x_wconf 82' lang='lat' dir='ltr'><strong>occidit</strong></span> <span class='ocrx_word' id='word_1_362' title='bbox 840 3001 854 3036; x_wconf 88' lang='lat'><strong>:</strong></span> <span class='ocrx_word' id='word_1_363' title='bbox 888 2994 942 3035; x_wconf 86' lang='lat' dir='ltr'><strong>et</strong></span> <span class='ocrx_word' id='word_1_364' title='bbox 980 2992 1038 3035; x_wconf 92' lang='lat' dir='ltr'><strong>ut</strong></span> <span class='ocrx_word' id='word_1_365' title='bbox 1082 2983 1278 3038; x_wconf 87' lang='lat' dir='ltr'><strong>alicubi</strong></span> <span class='ocrx_word' id='word_1_366' title='bbox 1313 2983 1445 3038; x_wconf 82' lang='lat' dir='ltr'><strong>dicit</strong></span> <span class='ocrx_word' id='word_1_367' title='bbox 1487 2986 1627 3038; x_wconf 89' lang='lat' dir='ltr'><strong>idetu</strong></span> <span class='ocrx_word' id='word_1_368' title='bbox 1656 2985 1741 3038; x_wconf 82' lang='lat'><strong>”:</strong></span> <span class='ocrx_word' id='word_1_369' title='bbox 1778 3003 1799 3036; x_wconf 77' lang='grc' dir='ltr'><strong>ι</strong></span> <span class='ocrx_word' id='word_1_370' title='bbox 1830 2986 2040 3040; x_wconf 88' lang='lat' dir='ltr'><strong>lrritam</strong></span> <span class='ocrx_word' id='word_1_371' title='bbox 2071 2987 2193 3056; x_wconf 88' lang='lat' dir='ltr'><strong>quis</strong></span> 
     </span>
    </p>
   </div>
   <div class='ocr_carea' id='block_1_48' title="bbox 609 3064 2189 3144">
    <p class='ocr_par' dir='ltr' id='par_1_48' title="bbox 609 3064 2189 3144">
     <span class='ocr_line' id='line_1_48' title="bbox 609 3064 2189 3144; baseline 0.002 -14"><span class='ocrx_word' id='word_1_372' title='bbox 609 3077 811 3130; x_wconf 81' lang='lat' dir='ltr'><strong>faciens</strong></span> <span class='ocrx_word' id='word_1_373' title='bbox 836 3075 1006 3144; x_wconf 87' lang='lat' dir='ltr'><strong>legent</strong></span> <span class='ocrx_word' id='word_1_374' title='bbox 1033 3075 1187 3142; x_wconf 74' lang='lat' dir='ltr'><strong>Mosi,</strong></span> <span class='ocrx_word' id='word_1_375' title='bbox 1212 3076 1331 3129; x_wconf 88' lang='lat' dir='ltr'><strong>sine</strong></span> <span class='ocrx_word' id='word_1_376' title='bbox 1358 3077 1464 3129; x_wconf 91' lang='lat' dir='ltr'><strong>ulla</strong></span> <span class='ocrx_word' id='word_1_377' title='bbox 1490 3076 1842 3130; x_wconf 83' lang='lat' dir='ltr'><strong>miseratione</strong></span> <span class='ocrx_word' id='word_1_378' title='bbox 1869 3079 2077 3132; x_wconf 80' lang='lat' dir='ltr'><strong>duobus</strong></span> <span class='ocrx_word' id='word_1_379' title='bbox 2102 3064 2189 3133; x_wconf 69' lang='lat' dir='ltr'><strong>vel</strong></span> 
     </span>
    </p>
   </div>
   <div class='ocr_carea' id='block_1_49' title="bbox 610 3167 2193 3239">
    <p class='ocr_par' dir='ltr' id='par_1_49' title="bbox 610 3167 2193 3239">
     <span class='ocr_line' id='line_1_49' title="bbox 610 3167 2193 3239; baseline 0.001 -16"><span class='ocrx_word' id='word_1_380' title='bbox 610 3170 780 3225; x_wconf 87' lang='lat' dir='ltr'><strong>tribus</strong></span> <span class='ocrx_word' id='word_1_381' title='bbox 810 3170 1043 3224; x_wconf 87' lang='lat' dir='ltr'><strong>testibus</strong></span> <span class='ocrx_word' id='word_1_382' title='bbox 1073 3173 1298 3222; x_wconf 87' lang='lat' dir='ltr'><strong>moritur</strong></span> <span class='ocrx_word' id='word_1_383' title='bbox 1321 3168 1387 3221; x_wconf 79' lang='lat'><strong>’°.</strong></span> <span class='ocrx_word' id='word_1_384' title='bbox 1421 3186 1440 3219; x_wconf 76' lang='grc' dir='ltr'><strong>ι</strong></span> <span class='ocrx_word' id='word_1_385' title='bbox 1473 3167 1606 3222; x_wconf 87' lang='lat' dir='ltr'><strong>Cum</strong></span> <span class='ocrx_word' id='word_1_386' title='bbox 1635 3183 1766 3239; x_wconf 83' lang='lat' dir='ltr'><strong>ergo</strong></span> <span class='ocrx_word' id='word_1_387' title='bbox 1799 3168 1883 3222; x_wconf 76' lang='lat' dir='ltr'><strong>lex</strong></span> <span class='ocrx_word' id='word_1_388' title='bbox 1911 3169 2193 3224; x_wconf 82' lang='lat' dir='ltr'><strong>damnaret</strong></span> 
     </span>
    </p>
   </div>
   <div class='ocr_carea' id='block_1_50' title="bbox 608 3261 2193 3330">
    <p class='ocr_par' dir='ltr' id='par_1_50' title="bbox 608 3261 2193 3330">
     <span class='ocr_line' id='line_1_50' title="bbox 608 3261 2193 3330; baseline 0.001 -17"><span class='ocrx_word' id='word_1_389' title='bbox 608 3270 921 3330; x_wconf 75' lang='lat' dir='ltr'><strong>peccantes,</strong></span> <span class='ocrx_word' id='word_1_390' title='bbox 954 3269 1009 3312; x_wconf 92' lang='lat' dir='ltr'><strong>et</strong></span> <span class='ocrx_word' id='word_1_391' title='bbox 1041 3270 1343 3314; x_wconf 79' lang='lat' dir='ltr'><strong>extremum</strong></span> <span class='ocrx_word' id='word_1_392' title='bbox 1379 3274 1764 3328; x_wconf 90' lang='lat' dir='ltr'><strong>nonnunquam</strong></span> <span class='ocrx_word' id='word_1_393' title='bbox 1794 3261 2116 3330; x_wconf 86' lang='lat' dir='ltr'><strong>supplicium</strong></span> <span class='ocrx_word' id='word_1_394' title='bbox 2142 3262 2193 3314; x_wconf 91' lang='lat' dir='ltr'><strong>in</strong></span> 
     </span>
    </p>
   </div>
   <div class='ocr_carea' id='block_1_51' title="bbox 608 3348 2192 3416">
    <p class='ocr_par' dir='ltr' id='par_1_51' title="bbox 608 3348 2192 3416">
     <span class='ocr_line' id='line_1_51' title="bbox 608 3348 2192 3416; baseline -0.002 -11"><span class='ocrx_word' id='word_1_395' title='bbox 608 3361 1021 3406; x_wconf 81' lang='lat' dir='ltr'><strong>contemnentes</strong></span> <span class='ocrx_word' id='word_1_396' title='bbox 1040 3352 1377 3412; x_wconf 87' lang='lat' dir='ltr'><strong>decerneret,</strong></span> <span class='ocrx_word' id='word_1_397' title='bbox 1400 3359 1454 3403; x_wconf 88' lang='lat' dir='ltr'><strong>et</strong></span> <span class='ocrx_word' id='word_1_398' title='bbox 1474 3348 1620 3403; x_wconf 91' lang='lat' dir='ltr'><strong>nullo</strong></span> <span class='ocrx_word' id='word_1_399' title='bbox 1646 3350 1804 3403; x_wconf 88' lang='lat' dir='ltr'><strong>modo</strong></span> <span class='ocrx_word' id='word_1_400' title='bbox 1822 3354 2192 3416; x_wconf 72' lang='lat' dir='ltr'><strong>miseraretur,</strong></span> 
     </span>
    </p>
   </div>
   <div class='ocr_carea' id='block_1_52' title="bbox 605 3443 2196 3514">
    <p class='ocr_par' dir='ltr' id='par_1_52' title="bbox 605 3443 2196 3514">
     <span class='ocr_line' id='line_1_52' title="bbox 605 3443 2196 3514; baseline 0.001 -18"><span class='ocrx_word' id='word_1_401' title='bbox 605 3443 880 3514; x_wconf 86' lang='lat' dir='ltr'><strong>quomodo</strong></span> <span class='ocrx_word' id='word_1_402' title='bbox 920 3456 1028 3495; x_wconf 89' lang='lat' dir='ltr'><strong>non</strong></span> <span class='ocrx_word' id='word_1_403' title='bbox 1064 3449 1183 3495; x_wconf 87' lang='lat' dir='ltr'><strong>erat</strong></span> <span class='ocrx_word' id='word_1_404' title='bbox 1228 3443 1532 3496; x_wconf 84' lang='lat' dir='ltr'><strong>necessaria</strong></span> <span class='ocrx_word' id='word_1_405' title='bbox 1580 3443 1889 3497; x_wconf 84' lang='lat' dir='ltr'><strong>hominibus</strong></span> <span class='ocrx_word' id='word_1_406' title='bbox 1941 3443 1992 3496; x_wconf 92' lang='lat' dir='ltr'><strong>in</strong></span> <span class='ocrx_word' id='word_1_407' title='bbox 2036 3446 2196 3498; x_wconf 91' lang='lat' dir='ltr'><strong>terris</strong></span> 
     </span>
    </p>
   </div>
   <div class='ocr_carea' id='block_1_53' title="bbox 610 3530 2195 3603">
    <p class='ocr_par' dir='ltr' id='par_1_53' title="bbox 610 3530 2195 3603">
     <span class='ocr_line' id='line_1_53' title="bbox 610 3530 2195 3603; baseline 0.002 -17"><span class='ocrx_word' id='word_1_408' title='bbox 610 3533 894 3603; x_wconf 86' lang='lat' dir='ltr'><strong>agentibus</strong></span> <span class='ocrx_word' id='word_1_409' title='bbox 939 3531 1027 3585; x_wconf 88' lang='lat' dir='ltr'><strong>illa</strong></span> <span class='ocrx_word' id='word_1_410' title='bbox 1078 3530 1362 3586; x_wconf 90' lang='lat' dir='ltr'><strong>clementis</strong></span> <span class='ocrx_word' id='word_1_411' title='bbox 1407 3542 1464 3587; x_wconf 89' lang='lat' dir='ltr'><strong>et</strong></span> <span class='ocrx_word' id='word_1_412' title='bbox 1510 3533 1877 3587; x_wconf 85' lang='lat' dir='ltr'><strong>misericordis</strong></span> <span class='ocrx_word' id='word_1_413' title='bbox 1925 3536 2195 3603; x_wconf 80' lang='lat' dir='ltr'><strong>pontiﬁcis</strong></span> 
     </span>
    </p>
   </div>
   <div class='ocr_carea' id='block_1_54' title="bbox 610 3624 2193 3696">
    <p class='ocr_par' dir='ltr' id='par_1_54' title="bbox 610 3624 2193 3696">
     <span class='ocr_line' id='line_1_54' title="bbox 610 3624 2193 3696; baseline 0.001 -18"><span class='ocrx_word' id='word_1_414' title='bbox 610 3624 931 3691; x_wconf 78' lang='lat' dir='ltr'><strong>declaratio,</strong></span> <span class='ocrx_word' id='word_1_415' title='bbox 969 3624 1062 3692; x_wconf 92' lang='lat' dir='ltr'><strong>qui</strong></span> <span class='ocrx_word' id='word_1_416' title='bbox 1108 3624 1393 3678; x_wconf 86' lang='lat' dir='ltr'><strong>maledicto</strong></span> <span class='ocrx_word' id='word_1_417' title='bbox 1438 3625 1595 3678; x_wconf 85' lang='lat' dir='ltr'><strong>linem</strong></span> <span class='ocrx_word' id='word_1_418' title='bbox 1629 3625 1950 3694; x_wconf 88' lang='lat' dir='ltr'><strong>imponeret,</strong></span> <span class='ocrx_word' id='word_1_419' title='bbox 2000 3627 2193 3696; x_wconf 72' lang='lat' dir='ltr'><strong>przeei-</strong></span> 
     </span>
    </p>
   </div>
   <div class='ocr_carea' id='block_1_55' title="bbox 607 3715 2196 3786">
    <p class='ocr_par' dir='ltr' id='par_1_55' title="bbox 607 3715 2196 3786">
     <span class='ocr_line' id='line_1_55' title="bbox 607 3715 2196 3786; baseline 0.003 -18"><span class='ocrx_word' id='word_1_420' title='bbox 607 3715 869 3786; x_wconf 85' lang='lat' dir='ltr'><strong>deretque</strong></span> <span class='ocrx_word' id='word_1_421' title='bbox 908 3716 1220 3779; x_wconf 87' lang='lat' dir='ltr'><strong>vindictam,</strong></span> <span class='ocrx_word' id='word_1_422' title='bbox 1269 3727 1321 3769; x_wconf 89' lang='lat' dir='ltr'><strong>et</strong></span> <span class='ocrx_word' id='word_1_423' title='bbox 1365 3731 1459 3770; x_wconf 88' lang='lat' dir='ltr'><strong>eos</strong></span> <span class='ocrx_word' id='word_1_424' title='bbox 1506 3716 1595 3785; x_wconf 87' lang='lat' dir='ltr'><strong>qui</strong></span> <span class='ocrx_word' id='word_1_425' title='bbox 1648 3726 2021 3786; x_wconf 85' lang='lat' dir='ltr'><strong>peccaverant,</strong></span> <span class='ocrx_word' id='word_1_426' title='bbox 2079 3717 2196 3772; x_wconf 86' lang='lat' dir='ltr'><strong>cle-</strong></span> 
     </span>
    </p>
   </div>
   <div class='ocr_carea' id='block_1_56' title="bbox 609 3804 2196 3876">
    <p class='ocr_par' dir='ltr' id='par_1_56' title="bbox 609 3804 2196 3876">
     <span class='ocr_line' id='line_1_56' title="bbox 609 3804 2196 3876; baseline 0 -20"><span class='ocrx_word' id='word_1_427' title='bbox 609 3807 774 3860; x_wconf 88' lang='lat' dir='ltr'><strong>menti</strong></span> <span class='ocrx_word' id='word_1_428' title='bbox 819 3805 1037 3875; x_wconf 87' lang='lat' dir='ltr'><strong>gratia,</strong></span> <span class='ocrx_word' id='word_1_429' title='bbox 1089 3804 1432 3874; x_wconf 86' lang='lat' dir='ltr'><strong>beniguoque</strong></span> <span class='ocrx_word' id='word_1_430' title='bbox 1506 3817 1637 3859; x_wconf 91' lang='lat' dir='ltr'><strong>nutu</strong></span> <span class='ocrx_word' id='word_1_431' title='bbox 1684 3805 1983 3861; x_wconf 84' lang='lat' dir='ltr'><strong>liberaret?</strong></span> <span class='ocrx_word' id='word_1_432' title='bbox 2027 3824 2046 3857; x_wconf 86' lang='grc' dir='ltr'><strong>ι</strong></span> <span class='ocrx_word' id='word_1_433' title='bbox 2086 3807 2196 3876; x_wconf 80' lang='lat' dir='ltr'><strong>Ege</strong></span> 
     </span>
    </p>
   </div>
   <div class='ocr_carea' id='block_1_57' title="bbox 607 3896 2192 3967">
    <p class='ocr_par' dir='ltr' id='par_1_57' title="bbox 607 3896 2192 3967">
     <span class='ocr_line' id='line_1_57' title="bbox 607 3896 2192 3967; baseline 0.001 -17"><span class='ocrx_word' id='word_1_434' title='bbox 607 3897 777 3962; x_wconf 89' lang='lat' dir='ltr'><strong>enim,</strong></span> <span class='ocrx_word' id='word_1_435' title='bbox 806 3896 1001 3965; x_wconf 87' lang='lat' dir='ltr'><strong>inquit,</strong></span> <span class='ocrx_word' id='word_1_436' title='bbox 1030 3910 1147 3951; x_wconf 89' lang='lat' dir='ltr'><strong>sum</strong></span> <span class='ocrx_word' id='word_1_437' title='bbox 1174 3896 1264 3964; x_wconf 87' lang='lat' dir='ltr'><strong>qui</strong></span> <span class='ocrx_word' id='word_1_438' title='bbox 1297 3898 1448 3951; x_wconf 90' lang='lat' dir='ltr'><strong>deleo</strong></span> <span class='ocrx_word' id='word_1_439' title='bbox 1480 3898 1796 3967; x_wconf 87' lang='lat' dir='ltr'><strong>iniquitates</strong></span> <span class='ocrx_word' id='word_1_440' title='bbox 1824 3908 1964 3961; x_wconf 81' lang='lat' dir='ltr'><strong>tuas,</strong></span> <span class='ocrx_word' id='word_1_441' title='bbox 1999 3907 2054 3952; x_wconf 88' lang='lat' dir='ltr'><strong>et</strong></span> <span class='ocrx_word' id='word_1_442' title='bbox 2087 3913 2192 3951; x_wconf 92' lang='lat' dir='ltr'><strong>non</strong></span> 
     </span>
    </p>
   </div>
   <div class='ocr_carea' id='block_1_58' title="bbox 610 3984 2193 4057">
    <p class='ocr_par' dir='ltr' id='par_1_58' title="bbox 610 3984 2193 4057">
     <span class='ocr_line' id='line_1_58' title="bbox 610 3984 2193 4057; baseline 0 -17"><span class='ocrx_word' id='word_1_443' title='bbox 610 3989 934 4044; x_wconf 84' lang='lat' dir='ltr'><strong>reeurdabor</strong></span> <span class='ocrx_word' id='word_1_444' title='bbox 964 3986 1030 4039; x_wconf 83' lang='lat'><strong>“.</strong></span> <span class='ocrx_word' id='word_1_445' title='bbox 1083 3984 1369 4042; x_wconf 79' lang='lat' dir='ltr'><strong>Justilicati</strong></span> <span class='ocrx_word' id='word_1_446' title='bbox 1416 4003 1650 4057; x_wconf 86' lang='lat' dir='ltr'><strong>namque</strong></span> <span class='ocrx_word' id='word_1_447' title='bbox 1695 4002 1882 4042; x_wconf 88' lang='lat' dir='ltr'><strong>sumus</strong></span> <span class='ocrx_word' id='word_1_448' title='bbox 1931 3987 2055 4055; x_wconf 75' lang='lat' dir='ltr'><strong>(ide,</strong></span> <span class='ocrx_word' id='word_1_449' title='bbox 2087 4003 2193 4041; x_wconf 89' lang='lat' dir='ltr'><strong>nou</strong></span> 
     </span>
    </p>
   </div>
   <div class='ocr_carea' id='block_1_59' title="bbox 606 4076 2191 4150">
    <p class='ocr_par' dir='ltr' id='par_1_59' title="bbox 606 4076 2191 4150">
     <span class='ocr_line' id='line_1_59' title="bbox 606 4076 2191 4150; baseline 0.001 -18"><span class='ocrx_word' id='word_1_450' title='bbox 606 4095 673 4132; x_wconf 75' lang='lat' dir='ltr'><strong>ex</strong></span> <span class='ocrx_word' id='word_1_451' title='bbox 707 4079 963 4148; x_wconf 87' lang='lat' dir='ltr'><strong>operibus</strong></span> <span class='ocrx_word' id='word_1_452' title='bbox 992 4077 1144 4147; x_wconf 86' lang='lat' dir='ltr'><strong>legis,</strong></span> <span class='ocrx_word' id='word_1_453' title='bbox 1166 4076 1287 4149; x_wconf 61' lang='grc'><strong>74</strong></span> <span class='ocrx_word' id='word_1_454' title='bbox 1317 4088 1373 4132; x_wconf 90' lang='lat' dir='ltr'><strong>ut</strong></span> <span class='ocrx_word' id='word_1_455' title='bbox 1400 4080 1660 4150; x_wconf 90' lang='lat' dir='ltr'><strong>scriptum</strong></span> <span class='ocrx_word' id='word_1_456' title='bbox 1696 4091 1781 4135; x_wconf 88' lang='lat' dir='ltr'><strong>est</strong></span> <span class='ocrx_word' id='word_1_457' title='bbox 1800 4080 1866 4134; x_wconf 79' lang='grc'><strong>³⁸.</strong></span> <span class='ocrx_word' id='word_1_458' title='bbox 1896 4098 1916 4132; x_wconf 78' lang='grc' dir='ltr'><strong>ι</strong></span> <span class='ocrx_word' id='word_1_459' title='bbox 1945 4079 2003 4135; x_wconf 88' lang='lat' dir='ltr'><strong>In</strong></span> <span class='ocrx_word' id='word_1_460' title='bbox 2029 4094 2191 4150; x_wconf 70' lang='lat' dir='ltr'><strong>quens</strong></span> 
     </span>
    </p>
   </div>
   <div class='ocr_carea' id='block_1_60' title="bbox 607 4169 2193 4242">
    <p class='ocr_par' dir='ltr' id='par_1_60' title="bbox 607 4169 2193 4242">
     <span class='ocr_line' id='line_1_60' title="bbox 607 4169 2193 4242; baseline 0.001 -17"><span class='ocrx_word' id='word_1_461' title='bbox 607 4171 770 4241; x_wconf 85' lang='lat' dir='ltr'><strong>igitur</strong></span> <span class='ocrx_word' id='word_1_462' title='bbox 813 4171 1098 4225; x_wconf 85' lang='lat' dir='ltr'><strong>credentes</strong></span> <span class='ocrx_word' id='word_1_463' title='bbox 1142 4169 1545 4235; x_wconf 74' lang='lat' dir='ltr'><strong>justilicamur?</strong></span> <span class='ocrx_word' id='word_1_464' title='bbox 1592 4187 1774 4226; x_wconf 90' lang='lat' dir='ltr'><strong>nonne</strong></span> <span class='ocrx_word' id='word_1_465' title='bbox 1821 4173 1874 4226; x_wconf 90' lang='lat' dir='ltr'><strong>in</strong></span> <span class='ocrx_word' id='word_1_466' title='bbox 1922 4189 2046 4227; x_wconf 84' lang='lat' dir='ltr'><strong>eum</strong></span> <span class='ocrx_word' id='word_1_467' title='bbox 2099 4173 2193 4242; x_wconf 88' lang='lat' dir='ltr'><strong>qui</strong></span> 
     </span>
    </p>
   </div>
   <div class='ocr_carea' id='block_1_61' title="bbox 609 4265 2196 4332">
    <p class='ocr_par' dir='ltr' id='par_1_61' title="bbox 609 4265 2196 4332">
     <span class='ocr_line' id='line_1_61' title="bbox 609 4265 2196 4332; baseline 0.003 -19"><span class='ocrx_word' id='word_1_468' title='bbox 609 4270 826 4332; x_wconf 81' lang='lat' dir='ltr'><strong>propter</strong></span> <span class='ocrx_word' id='word_1_469' title='bbox 859 4278 958 4317; x_wconf 86' lang='lat' dir='ltr'><strong>nos</strong></span> <span class='ocrx_word' id='word_1_470' title='bbox 990 4271 1221 4316; x_wconf 88' lang='lat' dir='ltr'><strong>mortem</strong></span> <span class='ocrx_word' id='word_1_471' title='bbox 1266 4265 1561 4318; x_wconf 89' lang='lat' dir='ltr'><strong>secundum</strong></span> <span class='ocrx_word' id='word_1_472' title='bbox 1593 4280 1813 4317; x_wconf 88' lang='lat' dir='ltr'><strong>carnem</strong></span> <span class='ocrx_word' id='word_1_473' title='bbox 1846 4279 2037 4332; x_wconf 84' lang='lat' dir='ltr'><strong>passus</strong></span> <span class='ocrx_word' id='word_1_474' title='bbox 2066 4265 2196 4320; x_wconf 78' lang='lat' dir='ltr'><strong>est?</strong></span> 
     </span>
    </p>
   </div>
   <div class='ocr_carea' id='block_1_62' title="bbox 610 4352 2197 4410">
    <p class='ocr_par' dir='ltr' id='par_1_62' title="bbox 610 4352 2197 4410">
     <span class='ocr_line' id='line_1_62' title="bbox 610 4352 2197 4410; baseline 0.001 -3"><span class='ocrx_word' id='word_1_475' title='bbox 610 4370 716 4407; x_wconf 94' lang='lat' dir='ltr'><strong>non</strong></span> <span class='ocrx_word' id='word_1_476' title='bbox 750 4356 800 4407; x_wconf 91' lang='lat' dir='ltr'><strong>in</strong></span> <span class='ocrx_word' id='word_1_477' title='bbox 830 4369 995 4409; x_wconf 89' lang='lat' dir='ltr'><strong>unum</strong></span> <span class='ocrx_word' id='word_1_478' title='bbox 1035 4355 1319 4408; x_wconf 91' lang='lat' dir='ltr'><strong>Dominum</strong></span> <span class='ocrx_word' id='word_1_479' title='bbox 1348 4352 1530 4410; x_wconf 85' lang='lat' dir='ltr'><strong>Jesum</strong></span> <span class='ocrx_word' id='word_1_480' title='bbox 1573 4354 1890 4408; x_wconf 80' lang='lat' dir='ltr'><strong>Christum?</strong></span> <span class='ocrx_word' id='word_1_481' title='bbox 1919 4370 2022 4407; x_wconf 92' lang='lat' dir='ltr'><strong>nou</strong></span> <span class='ocrx_word' id='word_1_482' title='bbox 2053 4371 2197 4408; x_wconf 84' lang='lat' dir='ltr'><strong>mor-</strong></span> 
     </span>
    </p>
   </div>
   <div class='ocr_carea' id='block_1_63' title="bbox 610 4438 2197 4514">
    <p class='ocr_par' dir='ltr' id='par_1_63' title="bbox 610 4438 2197 4514">
     <span class='ocr_line' id='line_1_63' title="bbox 610 4438 2197 4514; baseline -0.001 -16"><span class='ocrx_word' id='word_1_483' title='bbox 610 4455 717 4499; x_wconf 87' lang='lat' dir='ltr'><strong>tem</strong></span> <span class='ocrx_word' id='word_1_484' title='bbox 757 4446 874 4514; x_wconf 86' lang='lat' dir='ltr'><strong>ejus</strong></span> <span class='ocrx_word' id='word_1_485' title='bbox 903 4449 1310 4507; x_wconf 81' lang='lat' dir='ltr'><strong>aununtiantc‘s.</strong></span> <span class='ocrx_word' id='word_1_486' title='bbox 1344 4438 1400 4499; x_wconf 81' lang='lat' dir='ltr'><strong>et</strong></span> <span class='ocrx_word' id='word_1_487' title='bbox 1435 4445 1900 4500; x_wconf 86' lang='lat' dir='ltr'><strong>resurrectionem</strong></span> <span class='ocrx_word' id='word_1_488' title='bbox 1930 4445 2197 4498; x_wconf 81' lang='lat' dir='ltr'><strong>conﬁten-</strong></span> 
     </span>
    </p>
   </div>
   <div class='ocr_carea' id='block_1_64' title="bbox 2296 1983 3861 2060">
    <p class='ocr_par' dir='ltr' id='par_1_64' title="bbox 2296 1983 3861 2060">
     <span class='ocr_line' id='line_1_64' title="bbox 2296 1983 3861 2060; baseline -0.003 -20"><span class='ocrx_word' id='word_1_489' title='bbox 2296 1988 2356 2040; x_wconf 73' lang='grc' dir='ltr'>ὲν</span> <span class='ocrx_word' id='word_1_490' title='bbox 2383 1987 2534 2058; x_wconf 83' lang='grc' dir='ltr'>νόμῳ</span> <span class='ocrx_word' id='word_1_491' title='bbox 2561 1988 2622 2040; x_wconf 85' lang='grc' dir='ltr'><strong>τὸ</strong></span> <span class='ocrx_word' id='word_1_492' title='bbox 2651 1988 2908 2041; x_wconf 81' lang='grc' dir='ltr'>δύνασθαι</span> <span class='ocrx_word' id='word_1_493' title='bbox 2938 1988 3236 2060; x_wconf 78' lang='grc' dir='ltr'>κατορθοῦν</span> <span class='ocrx_word' id='word_1_494' title='bbox 3261 1990 3372 2051; x_wconf 80' lang='grc' dir='ltr'>τοῖς</span> <span class='ocrx_word' id='word_1_495' title='bbox 3414 1986 3690 2040; x_wconf 72' lang='grc' dir='ltr'>ἐθέλουσιν</span> <span class='ocrx_word' id='word_1_496' title='bbox 3717 1983 3861 2053; x_wconf 83' lang='grc' dir='ltr'>ἀμω-</span> 
     </span>
    </p>
   </div>
   <div class='ocr_carea' id='block_1_65' title="bbox 2299 2070 3863 2150">
    <p class='ocr_par' dir='ltr' id='par_1_65' title="bbox 2299 2070 3863 2150">
     <span class='ocr_line' id='line_1_65' title="bbox 2299 2070 3863 2150; baseline -0.005 -18"><span class='ocrx_word' id='word_1_497' title='bbox 2299 2079 2484 2148; x_wconf 80' lang='grc' dir='ltr'>μήτως</span> <span class='ocrx_word' id='word_1_498' title='bbox 2505 2080 2565 2131; x_wconf 86' lang='grc' dir='ltr'><strong>τὸ</strong></span> <span class='ocrx_word' id='word_1_499' title='bbox 2585 2079 2788 2147; x_wconf 88' lang='grc' dir='ltr'>ἀγαθόν</span> <span class='ocrx_word' id='word_1_500' title='bbox 2806 2097 2819 2110; x_wconf 90' lang='grc'><strong>·</strong></span> <span class='ocrx_word' id='word_1_501' title='bbox 2851 2100 2868 2130; x_wconf 87' lang='grc' dir='ltr'><strong>ι</strong></span> <span class='ocrx_word' id='word_1_502' title='bbox 2882 2080 3211 2133; x_wconf 83' lang='grc' dir='ltr'>Τετελείωκε</span> <span class='ocrx_word' id='word_1_503' title='bbox 3229 2080 3338 2150; x_wconf 81' lang='grc' dir='ltr'><strong>γὰρ</strong></span> <span class='ocrx_word' id='word_1_504' title='bbox 3358 2077 3531 2132; x_wconf 77' lang='grc' dir='ltr'>οὐδέν.</span> <span class='ocrx_word' id='word_1_505' title='bbox 3548 2095 3567 2128; x_wconf 75' lang='grc' dir='ltr'><strong>ι</strong></span> <span class='ocrx_word' id='word_1_506' title='bbox 3590 2073 3728 2128; x_wconf 78' lang='grc' dir='ltr'>Ἀλλ’</span> <span class='ocrx_word' id='word_1_507' title='bbox 3750 2070 3863 2126; x_wconf 68' lang='grc' dir='ltr'>οὐδὲ</span> 
     </span>
    </p>
   </div>
   <div class='ocr_carea' id='block_1_66' title="bbox 2297 2165 3864 2239">
    <p class='ocr_par' dir='ltr' id='par_1_66' title="bbox 2297 2165 3864 2239">
     <span class='ocr_line' id='line_1_66' title="bbox 2297 2165 3864 2239; baseline -0.002 -20"><span class='ocrx_word' id='word_1_508' title='bbox 2297 2167 2586 2237; x_wconf 75' lang='grc' dir='ltr'>ἄμεμπτος</span> <span class='ocrx_word' id='word_1_509' title='bbox 2609 2165 2723 2239; x_wconf 77' lang='grc' dir='ltr'><strong>ἧνή</strong></span> <span class='ocrx_word' id='word_1_510' title='bbox 2755 2168 2945 2239; x_wconf 80' lang='grc' dir='ltr'>πρώτη</span> <span class='ocrx_word' id='word_1_511' title='bbox 2981 2169 3233 2239; x_wconf 81' lang='grc' dir='ltr'><strong>διαθήκη.</strong></span> <span class='ocrx_word' id='word_1_512' title='bbox 3255 2168 3593 2239; x_wconf 74' lang='grc' dir='ltr'>Κατάκριμα</span> <span class='ocrx_word' id='word_1_513' title='bbox 3621 2166 3677 2219; x_wconf 70' lang='grc' dir='ltr'>δὲ</span> <span class='ocrx_word' id='word_1_514' title='bbox 3696 2165 3864 2219; x_wconf 79' lang='grc' dir='ltr'>διακο-</span> 
     </span>
    </p>
   </div>
   <div class='ocr_carea' id='block_1_67' title="bbox 2297 2252 3865 2329">
    <p class='ocr_par' dir='ltr' id='par_1_67' title="bbox 2297 2252 3865 2329">
     <span class='ocr_line' id='line_1_67' title="bbox 2297 2252 3865 2329; baseline -0.001 -21"><span class='ocrx_word' id='word_1_515' title='bbox 2297 2258 2416 2320; x_wconf 87' lang='grc' dir='ltr'>νίας</span> <span class='ocrx_word' id='word_1_516' title='bbox 2441 2258 2577 2325; x_wconf 70' lang='lat'><strong>(20‘)</strong></span> <span class='ocrx_word' id='word_1_517' title='bbox 2594 2258 2878 2328; x_wconf 83' lang='grc' dir='ltr'>ὠνόμαζεν</span> <span class='ocrx_word' id='word_1_518' title='bbox 2894 2260 3108 2329; x_wconf 77' lang='grc' dir='ltr'>αὐτὴνό</span> <span class='ocrx_word' id='word_1_519' title='bbox 3129 2261 3404 2328; x_wconf 68' lang='grc' dir='ltr'>πάνσοφος</span> <span class='ocrx_word' id='word_1_520' title='bbox 3428 2256 3639 2320; x_wconf 79' lang='grc' dir='ltr'>Παῦλος</span> <span class='ocrx_word' id='word_1_521' title='bbox 3654 2272 3669 2286; x_wconf 86' lang='grc'><strong>·</strong></span> <span class='ocrx_word' id='word_1_522' title='bbox 3695 2252 3865 2308; x_wconf 75' lang='grc' dir='ltr'>ἀκούω</span> 
     </span>
    </p>
   </div>
   <div class='ocr_carea' id='block_1_68' title="bbox 2296 2343 3865 2418">
    <p class='ocr_par' dir='ltr' id='par_1_68' title="bbox 2296 2343 3865 2418">
     <span class='ocr_line' id='line_1_68' title="bbox 2296 2343 3865 2418; baseline 0.006 -21"><span class='ocrx_word' id='word_1_523' title='bbox 2296 2345 2352 2398; x_wconf 73' lang='grc' dir='ltr'>δὲ</span> <span class='ocrx_word' id='word_1_524' title='bbox 2378 2346 2628 2413; x_wconf 84' lang='grc' dir='ltr'>λέγοντος</span> <span class='ocrx_word' id='word_1_525' title='bbox 2647 2365 2658 2378; x_wconf 95' lang='grc'><strong>·</strong></span> <span class='ocrx_word' id='word_1_526' title='bbox 2701 2366 2718 2398; x_wconf 87' lang='grc' dir='ltr'><strong>ι</strong></span> <span class='ocrx_word' id='word_1_527' title='bbox 2749 2349 2986 2417; x_wconf 69' lang='grc' dir='ltr'>Οἴδαμεν</span> <span class='ocrx_word' id='word_1_528' title='bbox 3019 2349 3101 2401; x_wconf 81' lang='grc' dir='ltr'>ὅτι</span> <span class='ocrx_word' id='word_1_529' title='bbox 3129 2349 3273 2401; x_wconf 79' lang='grc' dir='ltr'>όσαό</span> <span class='ocrx_word' id='word_1_530' title='bbox 3292 2349 3458 2418; x_wconf 86' lang='grc' dir='ltr'>νόμος</span> <span class='ocrx_word' id='word_1_531' title='bbox 3482 2347 3655 2414; x_wconf 77' lang='grc' dir='ltr'>λέγει,</span> <span class='ocrx_word' id='word_1_532' title='bbox 3679 2347 3787 2405; x_wconf 75' lang='grc' dir='ltr'>τοῖς</span> <span class='ocrx_word' id='word_1_533' title='bbox 3813 2343 3865 2395; x_wconf 68' lang='grc' dir='ltr'>δν</span> 
     </span>
    </p>
   </div>
   <div class='ocr_carea' id='block_1_69' title="bbox 2296 2434 3866 2509">
    <p class='ocr_par' dir='ltr' id='par_1_69' title="bbox 2296 2434 3866 2509">
     <span class='ocr_line' id='line_1_69' title="bbox 2296 2434 3866 2509; baseline 0 -22"><span class='ocrx_word' id='word_1_534' title='bbox 2296 2434 2374 2506; x_wconf 82' lang='grc' dir='ltr'>τῷ</span> <span class='ocrx_word' id='word_1_535' title='bbox 2403 2437 2553 2506; x_wconf 85' lang='grc' dir='ltr'>νόμῳ</span> <span class='ocrx_word' id='word_1_536' title='bbox 2582 2438 2747 2504; x_wconf 82' lang='grc' dir='ltr'>λέγει,</span> <span class='ocrx_word' id='word_1_537' title='bbox 2782 2437 2866 2490; x_wconf 76' lang='grc' dir='ltr'>ἵνα</span> <span class='ocrx_word' id='word_1_538' title='bbox 2895 2440 3002 2491; x_wconf 75' lang='grc' dir='ltr'>πᾶν</span> <span class='ocrx_word' id='word_1_539' title='bbox 3042 2441 3213 2509; x_wconf 87' lang='grc' dir='ltr'>στόμα</span> <span class='ocrx_word' id='word_1_540' title='bbox 3245 2441 3453 2509; x_wconf 71' lang='grc' dir='ltr'>φραγῇ,</span> <span class='ocrx_word' id='word_1_541' title='bbox 3490 2436 3587 2490; x_wconf 77' lang='grc' dir='ltr'>καὶ</span> <span class='ocrx_word' id='word_1_542' title='bbox 3629 2434 3866 2496; x_wconf 77' lang='grc' dir='ltr'>ὑπόδικος</span> 
     </span>
    </p>
   </div>
   <div class='ocr_carea' id='block_1_70' title="bbox 2299 2523 3865 2597">
    <p class='ocr_par' dir='ltr' id='par_1_70' title="bbox 2299 2523 3865 2597">
     <span class='ocr_line' id='line_1_70' title="bbox 2299 2523 3865 2597; baseline -0.011 -6"><span class='ocrx_word' id='word_1_543' title='bbox 2299 2525 2520 2594; x_wconf 75' lang='grc' dir='ltr'>γένηται</span> <span class='ocrx_word' id='word_1_544' title='bbox 2548 2527 2655 2587; x_wconf 79' lang='grc' dir='ltr'>πᾶς</span> <span class='ocrx_word' id='word_1_545' title='bbox 2682 2527 2711 2577; x_wconf 75' lang='grc' dir='ltr'><strong>ὁ</strong></span> <span class='ocrx_word' id='word_1_546' title='bbox 2739 2526 2939 2595; x_wconf 78' lang='grc' dir='ltr'>κόσμος</span> <span class='ocrx_word' id='word_1_547' title='bbox 2967 2526 3045 2596; x_wconf 82' lang='grc' dir='ltr'>τῷ</span> <span class='ocrx_word' id='word_1_548' title='bbox 3069 2526 3189 2597; x_wconf 85' lang='grc' dir='ltr'>Θεῷ</span> <span class='ocrx_word' id='word_1_549' title='bbox 3207 2544 3221 2557; x_wconf 87' lang='grc'><strong>·</strong></span> <span class='ocrx_word' id='word_1_550' title='bbox 3245 2527 3380 2581; x_wconf 87' lang='grc' dir='ltr'>διότι</span> <span class='ocrx_word' id='word_1_551' title='bbox 3409 2526 3470 2593; x_wconf 62' lang='grc' dir='ltr'><strong>ἐξ</strong></span> <span class='ocrx_word' id='word_1_552' title='bbox 3505 2527 3683 2597; x_wconf 79' lang='grc' dir='ltr'>εργων</span> <span class='ocrx_word' id='word_1_553' title='bbox 3712 2523 3865 2592; x_wconf 82' lang='grc' dir='ltr'>νόμον</span> 
     </span>
    </p>
   </div>
   <div class='ocr_carea' id='block_1_71' title="bbox 2297 2615 3869 2688">
    <p class='ocr_par' dir='ltr' id='par_1_71' title="bbox 2297 2615 3869 2688">
     <span class='ocr_line' id='line_1_71' title="bbox 2297 2615 3869 2688; baseline -0.002 -19"><span class='ocrx_word' id='word_1_554' title='bbox 2297 2616 2359 2669; x_wconf 79' lang='grc' dir='ltr'><strong>οὐ</strong></span> <span class='ocrx_word' id='word_1_555' title='bbox 2388 2615 2807 2687; x_wconf 80' lang='grc' dir='ltr'>δικαιωθήσεται</span> <span class='ocrx_word' id='word_1_556' title='bbox 2824 2617 3129 2688; x_wconf 74' lang='grc' dir='ltr'>πᾶσασάρξ</span> <span class='ocrx_word' id='word_1_557' title='bbox 3156 2617 3389 2671; x_wconf 78' lang='grc' dir='ltr'>ἐνώπιον</span> <span class='ocrx_word' id='word_1_558' title='bbox 3405 2618 3597 2670; x_wconf 73' lang='grc' dir='ltr'>αὑτοῦ.</span> <span class='ocrx_word' id='word_1_559' title='bbox 3624 2636 3642 2667; x_wconf 78' lang='grc' dir='ltr'><strong>ι</strong></span> <span class='ocrx_word' id='word_1_560' title='bbox 3664 2617 3869 2683; x_wconf 71' lang='grc' dir='ltr'>Καταρ-</span> 
     </span>
    </p>
   </div>
   <div class='ocr_carea' id='block_1_72' title="bbox 2298 2707 3865 2782">
    <p class='ocr_par' dir='ltr' id='par_1_72' title="bbox 2298 2707 3865 2782">
     <span class='ocr_line' id='line_1_72' title="bbox 2298 2707 3865 2782; baseline -0.011 -8"><span class='ocrx_word' id='word_1_561' title='bbox 2298 2711 2522 2779; x_wconf 70' lang='grc' dir='ltr'>γάξεται</span> <span class='ocrx_word' id='word_1_562' title='bbox 2555 2711 2665 2781; x_wconf 75' lang='grc' dir='ltr'>γὰρ</span> <span class='ocrx_word' id='word_1_563' title='bbox 2697 2713 2725 2766; x_wconf 84' lang='grc' dir='ltr'><strong>ὁ</strong></span> <span class='ocrx_word' id='word_1_564' title='bbox 2757 2712 2918 2780; x_wconf 83' lang='grc' dir='ltr'>νόμος</span> <span class='ocrx_word' id='word_1_565' title='bbox 2946 2714 3025 2775; x_wconf 75' lang='grc' dir='ltr'><strong>εἰς</strong></span> <span class='ocrx_word' id='word_1_566' title='bbox 3046 2712 3234 2782; x_wconf 74' lang='grc' dir='ltr'>όργὴν,</span> <span class='ocrx_word' id='word_1_567' title='bbox 3267 2710 3361 2763; x_wconf 70' lang='grc' dir='ltr'>καὶ</span> <span class='ocrx_word' id='word_1_568' title='bbox 3387 2709 3452 2762; x_wconf 89' lang='grc' dir='ltr'><strong>τὸ</strong></span> <span class='ocrx_word' id='word_1_569' title='bbox 3480 2708 3714 2779; x_wconf 77' lang='grc' dir='ltr'>γράμμα</span> <span class='ocrx_word' id='word_1_570' title='bbox 3740 2707 3865 2758; x_wconf 77' lang='grc' dir='ltr'>ἀπο-</span> 
     </span>
    </p>
   </div>
   <div class='ocr_carea' id='block_1_73' title="bbox 2299 2799 3915 2875">
    <p class='ocr_par' dir='ltr' id='par_1_73' title="bbox 2299 2799 3915 2875">
     <span class='ocr_line' id='line_1_73' title="bbox 2299 2799 3915 2875; baseline -0.004 -18"><span class='ocrx_word' id='word_1_571' title='bbox 2299 2806 2516 2858; x_wconf 69' lang='grc' dir='ltr'>κτείνευ</span> <span class='ocrx_word' id='word_1_572' title='bbox 2539 2805 2631 2857; x_wconf 83' lang='grc' dir='ltr'>καὶ</span> <span class='ocrx_word' id='word_1_573' title='bbox 2650 2803 2725 2867; x_wconf 82' lang='grc' dir='ltr'>ὦς</span> <span class='ocrx_word' id='word_1_574' title='bbox 2743 2805 2843 2857; x_wconf 74' lang='grc' dir='ltr'><strong>πού</strong></span> <span class='ocrx_word' id='word_1_575' title='bbox 2860 2821 3022 2875; x_wconf 69' lang='grc' dir='ltr'>φησιν</span> <span class='ocrx_word' id='word_1_576' title='bbox 3044 2805 3224 2866; x_wconf 84' lang='grc' dir='ltr'>αὐτός·</span> <span class='ocrx_word' id='word_1_577' title='bbox 3254 2823 3271 2855; x_wconf 88' lang='grc' dir='ltr'><strong>ι</strong></span> <span class='ocrx_word' id='word_1_578' title='bbox 3305 2802 3604 2871; x_wconf 74' lang='grc' dir='ltr'>Ἆθετήσας</span> <span class='ocrx_word' id='word_1_579' title='bbox 3619 2816 3699 2862; x_wconf 88' lang='grc' dir='ltr'><strong>τις</strong></span> <span class='ocrx_word' id='word_1_580' title='bbox 3719 2799 3869 2868; x_wconf 83' lang='grc' dir='ltr'>νόμον</span> <span class='ocrx_word' id='word_1_581' title='bbox 3906 2838 3915 2843; x_wconf 91' lang='grc'><strong>.</strong></span> 
     </span>
    </p>
   </div>
   <div class='ocr_carea' id='block_1_74' title="bbox 2299 2890 3855 2969">
    <p class='ocr_par' dir='ltr' id='par_1_74' title="bbox 2299 2890 3855 2969">
     <span class='ocr_line' id='line_1_74' title="bbox 2299 2890 3855 2969; baseline -0.002 -20"><span class='ocrx_word' id='word_1_582' title='bbox 2299 2897 2560 2960; x_wconf 82' lang='grc' dir='ltr'>Μωσέως,</span> <span class='ocrx_word' id='word_1_583' title='bbox 2591 2898 2759 2967; x_wconf 79' lang='grc' dir='ltr'>χωρἰς</span> <span class='ocrx_word' id='word_1_584' title='bbox 2791 2897 3112 2969; x_wconf 77' lang='grc' dir='ltr'>οἰκτιρμῶν,</span> <span class='ocrx_word' id='word_1_585' title='bbox 3151 2896 3245 2949; x_wconf 70' lang='grc' dir='ltr'><strong>ἰπὶ</strong></span> <span class='ocrx_word' id='word_1_586' title='bbox 3272 2895 3426 2948; x_wconf 79' lang='grc' dir='ltr'>δυσὶν</span> <span class='ocrx_word' id='word_1_587' title='bbox 3467 2895 3500 2963; x_wconf 76' lang='grc' dir='ltr'><strong>ἧ</strong></span> <span class='ocrx_word' id='word_1_588' title='bbox 3530 2893 3710 2964; x_wconf 79' lang='grc' dir='ltr'>τρισὶν</span> <span class='ocrx_word' id='word_1_589' title='bbox 3744 2890 3855 2961; x_wconf 80' lang='grc' dir='ltr'>μάρ-</span> 
     </span>
    </p>
   </div>
   <div class='ocr_carea' id='block_1_75' title="bbox 2301 2984 3868 3062">
    <p class='ocr_par' dir='ltr' id='par_1_75' title="bbox 2301 2984 3868 3062">
     <span class='ocr_line' id='line_1_75' title="bbox 2301 2984 3868 3062; baseline -0.003 -20"><span class='ocrx_word' id='word_1_590' title='bbox 2301 3006 2452 3042; x_wconf 88' lang='grc' dir='ltr'>τυσιν</span> <span class='ocrx_word' id='word_1_591' title='bbox 2486 2989 2835 3060; x_wconf 83' lang='grc' dir='ltr'>ἀποθνήσκει.</span> <span class='ocrx_word' id='word_1_592' title='bbox 2866 3009 2885 3041; x_wconf 73' lang='grc' dir='ltr'><strong>ι</strong></span> <span class='ocrx_word' id='word_1_593' title='bbox 2922 2990 3354 3062; x_wconf 81' lang='grc' dir='ltr'>Κατακρίνοντος</span> <span class='ocrx_word' id='word_1_594' title='bbox 3379 2990 3567 3042; x_wconf 82' lang='grc' dir='ltr'>τοίνυν</span> <span class='ocrx_word' id='word_1_595' title='bbox 3598 2985 3692 3041; x_wconf 85' lang='grc' dir='ltr'><strong>τοῦ</strong></span> <span class='ocrx_word' id='word_1_596' title='bbox 3717 2984 3868 3053; x_wconf 81' lang='grc' dir='ltr'>νόμον</span> 
     </span>
    </p>
   </div>
   <div class='ocr_carea' id='block_1_76' title="bbox 2298 3075 3869 3152">
    <p class='ocr_par' dir='ltr' id='par_1_76' title="bbox 2298 3075 3869 3152">
     <span class='ocr_line' id='line_1_76' title="bbox 2298 3075 3869 3152; baseline -0.002 -19"><span class='ocrx_word' id='word_1_597' title='bbox 2298 3081 2428 3143; x_wconf 70' lang='grc' dir='ltr'>τοὺς</span> <span class='ocrx_word' id='word_1_598' title='bbox 2454 3082 2889 3151; x_wconf 77' lang='grc' dir='ltr'>ἁμαρτάνοντας,</span> <span class='ocrx_word' id='word_1_599' title='bbox 2916 3082 3011 3135; x_wconf 81' lang='grc' dir='ltr'>καὶ</span> <span class='ocrx_word' id='word_1_600' title='bbox 3035 3082 3135 3152; x_wconf 71' lang='grc' dir='ltr'>τὴν</span> <span class='ocrx_word' id='word_1_601' title='bbox 3165 3081 3403 3151; x_wconf 68' lang='grc' dir='ltr'>ἐσχάτην</span> <span class='ocrx_word' id='word_1_602' title='bbox 3428 3079 3549 3134; x_wconf 66' lang='grc' dir='ltr'>δσθ⁸</span> <span class='ocrx_word' id='word_1_603' title='bbox 3574 3080 3661 3134; x_wconf 77' lang='grc' dir='ltr'>ὅτε</span> <span class='ocrx_word' id='word_1_604' title='bbox 3692 3075 3869 3145; x_wconf 80' lang='grc' dir='ltr'>ποινὴν</span> 
     </span>
    </p>
   </div>
   <div class='ocr_carea' id='block_1_77' title="bbox 2301 3166 3874 3241">
    <p class='ocr_par' dir='ltr' id='par_1_77' title="bbox 2301 3166 3874 3241">
     <span class='ocr_line' id='line_1_77' title="bbox 2301 3166 3874 3241; baseline -0.001 -21"><span class='ocrx_word' id='word_1_605' title='bbox 2301 3168 2678 3239; x_wconf 77' lang='grc' dir='ltr'>καθορίζοντος</span> <span class='ocrx_word' id='word_1_606' title='bbox 2704 3169 2813 3222; x_wconf 80' lang='grc' dir='ltr'><strong>τῶν</strong></span> <span class='ocrx_word' id='word_1_607' title='bbox 2842 3171 3215 3241; x_wconf 73' lang='grc' dir='ltr'>ἡμεληκότων,</span> <span class='ocrx_word' id='word_1_608' title='bbox 3251 3170 3346 3223; x_wconf 80' lang='grc' dir='ltr'>καὶ</span> <span class='ocrx_word' id='word_1_609' title='bbox 3384 3171 3512 3223; x_wconf 80' lang='grc' dir='ltr'>κατ’</span> <span class='ocrx_word' id='word_1_610' title='bbox 3542 3169 3730 3224; x_wconf 69' lang='grc' dir='ltr'>οὐδένα</span> <span class='ocrx_word' id='word_1_611' title='bbox 3761 3166 3874 3236; x_wconf 81' lang='grc' dir='ltr'>τρό-</span> 
     </span>
    </p>
   </div>
   <div class='ocr_carea' id='block_1_78' title="bbox 2304 3253 3871 3328">
    <p class='ocr_par' dir='ltr' id='par_1_78' title="bbox 2304 3253 3871 3328">
     <span class='ocr_line' id='line_1_78' title="bbox 2304 3253 3871 3328; baseline 0.004 -18"><span class='ocrx_word' id='word_1_612' title='bbox 2304 3275 2404 3310; x_wconf 91' lang='grc' dir='ltr'><strong>πον</strong></span> <span class='ocrx_word' id='word_1_613' title='bbox 2435 3259 2821 3327; x_wconf 79' lang='grc' dir='ltr'>οίκτείραντος,</span> <span class='ocrx_word' id='word_1_614' title='bbox 2853 3258 2968 3321; x_wconf 86' lang='grc' dir='ltr'>πῶς</span> <span class='ocrx_word' id='word_1_615' title='bbox 2989 3260 3089 3311; x_wconf 81' lang='grc' dir='ltr'><strong>οὐκ</strong></span> <span class='ocrx_word' id='word_1_616' title='bbox 3109 3259 3381 3328; x_wconf 79' lang='grc' dir='ltr'>ἀναγκαία</span> <span class='ocrx_word' id='word_1_617' title='bbox 3403 3263 3524 3322; x_wconf 86' lang='grc' dir='ltr'>τοῖς</span> <span class='ocrx_word' id='word_1_618' title='bbox 3553 3258 3646 3311; x_wconf 68' lang='grc' dir='ltr'><strong>ἐπὶ</strong></span> <span class='ocrx_word' id='word_1_619' title='bbox 3664 3257 3760 3327; x_wconf 80' lang='grc' dir='ltr'>τῆς</span> <span class='ocrx_word' id='word_1_620' title='bbox 3777 3253 3871 3323; x_wconf 84' lang='grc' dir='ltr'><strong>τῆς</strong></span> 
     </span>
    </p>
   </div>
   <div class='ocr_carea' id='block_1_79' title="bbox 2300 3346 3875 3421">
    <p class='ocr_par' dir='ltr' id='par_1_79' title="bbox 2300 3346 3875 3421">
     <span class='ocr_line' id='line_1_79' title="bbox 2300 3346 3875 3421; baseline -0.001 -19"><span class='ocrx_word' id='word_1_621' title='bbox 2300 3352 2334 3421; x_wconf 79' lang='grc' dir='ltr'><strong>ή</strong></span> <span class='ocrx_word' id='word_1_622' title='bbox 2358 3350 2449 3402; x_wconf 88' lang='grc' dir='ltr'><strong>τοῦ</strong></span> <span class='ocrx_word' id='word_1_623' title='bbox 2470 3352 2902 3421; x_wconf 78' lang='grc' dir='ltr'>φιλοικτίρμονος</span> <span class='ocrx_word' id='word_1_624' title='bbox 2922 3350 3018 3403; x_wconf 79' lang='grc' dir='ltr'>καὶ</span> <span class='ocrx_word' id='word_1_625' title='bbox 3038 3349 3328 3420; x_wconf 74' lang='grc' dir='ltr'>ὲλεήμονος</span> <span class='ocrx_word' id='word_1_626' title='bbox 3350 3349 3575 3421; x_wconf 76' lang='grc' dir='ltr'>ἀληθῶς</span> <span class='ocrx_word' id='word_1_627' title='bbox 3592 3346 3875 3419; x_wconf 70' lang='grc' dir='ltr'>ἀρχιερέως</span> 
     </span>
    </p>
   </div>
   <div class='ocr_carea' id='block_1_80' title="bbox 2303 3438 3874 3512">
    <p class='ocr_par' dir='ltr' id='par_1_80' title="bbox 2303 3438 3874 3512">
     <span class='ocr_line' id='line_1_80' title="bbox 2303 3438 3874 3512; baseline -0.003 -18"><span class='ocrx_word' id='word_1_628' title='bbox 2303 3442 2575 3507; x_wconf 74' lang='grc' dir='ltr'>ἀνάδειξις</span> <span class='ocrx_word' id='word_1_629' title='bbox 2618 3438 2722 3512; x_wconf 77' lang='grc' dir='ltr'>ἦνς</span> <span class='ocrx_word' id='word_1_630' title='bbox 2756 3441 3022 3504; x_wconf 77' lang='grc' dir='ltr'>παύοντος</span> <span class='ocrx_word' id='word_1_631' title='bbox 3068 3441 3168 3511; x_wconf 74' lang='grc' dir='ltr'>μὲν</span> <span class='ocrx_word' id='word_1_632' title='bbox 3198 3441 3297 3512; x_wconf 69' lang='grc' dir='ltr'>τὴν</span> <span class='ocrx_word' id='word_1_633' title='bbox 3332 3441 3518 3512; x_wconf 71' lang='grc' dir='ltr'>ἀράν*</span> <span class='ocrx_word' id='word_1_634' title='bbox 3554 3440 3874 3495; x_wconf 80' lang='grc' dir='ltr'>ἀνακόπτονο</span> 
     </span>
    </p>
   </div>
   <div class='ocr_carea' id='block_1_81' title="bbox 2299 3532 3879 3604">
    <p class='ocr_par' dir='ltr' id='par_1_81' title="bbox 2299 3532 3879 3604">
     <span class='ocr_line' id='line_1_81' title="bbox 2299 3532 3879 3604; baseline 0.001 -19"><span class='ocrx_word' id='word_1_635' title='bbox 2299 3549 2392 3595; x_wconf 88' lang='grc' dir='ltr'><strong>τος</strong></span> <span class='ocrx_word' id='word_1_636' title='bbox 2415 3532 2472 3585; x_wconf 82' lang='grc' dir='ltr'>δὲ</span> <span class='ocrx_word' id='word_1_637' title='bbox 2499 3535 2595 3602; x_wconf 76' lang='grc' dir='ltr'>τὴν</span> <span class='ocrx_word' id='word_1_638' title='bbox 2625 3534 2781 3602; x_wconf 80' lang='grc' dir='ltr'>δίκην</span> <span class='ocrx_word' id='word_1_639' title='bbox 2803 3549 2816 3562; x_wconf 88' lang='grc'><strong>·</strong></span> <span class='ocrx_word' id='word_1_640' title='bbox 2854 3534 2946 3585; x_wconf 80' lang='grc' dir='ltr'>καὶ</span> <span class='ocrx_word' id='word_1_641' title='bbox 2982 3532 3417 3595; x_wconf 84' lang='grc' dir='ltr'>ἀπαλλάττοντος</span> <span class='ocrx_word' id='word_1_642' title='bbox 3473 3535 3602 3597; x_wconf 74' lang='grc' dir='ltr'>τοὺς</span> <span class='ocrx_word' id='word_1_643' title='bbox 3648 3536 3879 3604; x_wconf 79' lang='grc' dir='ltr'>ἡμαρτηο</span> 
     </span>
    </p>
   </div>
   <div class='ocr_carea' id='block_1_82' title="bbox 2302 3622 3881 3696">
    <p class='ocr_par' dir='ltr' id='par_1_82' title="bbox 2302 3622 3881 3696">
     <span class='ocr_line' id='line_1_82' title="bbox 2302 3622 3881 3696; baseline -0.003 -21"><span class='ocrx_word' id='word_1_644' title='bbox 2302 3623 2485 3687; x_wconf 89' lang='grc' dir='ltr'>κότας,</span> <span class='ocrx_word' id='word_1_645' title='bbox 2519 3622 2880 3692; x_wconf 82' lang='grc' dir='ltr'>ἀμνησικάκῳ</span> <span class='ocrx_word' id='word_1_646' title='bbox 2910 3622 3112 3693; x_wconf 81' lang='grc' dir='ltr'>χάριτι,</span> <span class='ocrx_word' id='word_1_647' title='bbox 3154 3623 3390 3685; x_wconf 75' lang='grc' dir='ltr'>καὶτοῖς</span> <span class='ocrx_word' id='word_1_648' title='bbox 3438 3623 3511 3689; x_wconf 66' lang='grc' dir='ltr'><strong>«ἐξ</strong></span> <span class='ocrx_word' id='word_1_649' title='bbox 3557 3625 3881 3696; x_wconf 73' lang='grc' dir='ltr'>ἡμερότητος</span> 
     </span>
    </p>
   </div>
   <div class='ocr_carea' id='block_1_83' title="bbox 2302 3711 3881 3785">
    <p class='ocr_par' dir='ltr' id='par_1_83' title="bbox 2302 3711 3881 3785">
     <span class='ocr_line' id='line_1_83' title="bbox 2302 3711 3881 3785; baseline 0.004 -20"><span class='ocrx_word' id='word_1_650' title='bbox 2302 3714 2592 3784; x_wconf 74' lang='grc' dir='ltr'>νεύμασινς</span> <span class='ocrx_word' id='word_1_651' title='bbox 2636 3732 2656 3765; x_wconf 85' lang='grc' dir='ltr'><strong>ι</strong></span> <span class='ocrx_word' id='word_1_652' title='bbox 2678 3712 2821 3781; x_wconf 81' lang='grc' dir='ltr'><strong>Ἐγὼ</strong></span> <span class='ocrx_word' id='word_1_653' title='bbox 2869 3715 2999 3785; x_wconf 80' lang='grc' dir='ltr'>γὰρ,</span> <span class='ocrx_word' id='word_1_654' title='bbox 3035 3715 3220 3785; x_wconf 76' lang='grc' dir='ltr'>φησὶν,</span> <span class='ocrx_word' id='word_1_655' title='bbox 3252 3715 3369 3784; x_wconf 74' lang='grc' dir='ltr'>εἰμὶ</span> <span class='ocrx_word' id='word_1_656' title='bbox 3399 3717 3428 3768; x_wconf 87' lang='grc' dir='ltr'><strong>δ</strong></span> <span class='ocrx_word' id='word_1_657' title='bbox 3466 3715 3765 3783; x_wconf 73' lang='grc' dir='ltr'>ἐξαλείφων</span> <span class='ocrx_word' id='word_1_658' title='bbox 3794 3711 3881 3772; x_wconf 71' lang='grc' dir='ltr'><strong>τὰς</strong></span> 
     </span>
    </p>
   </div>
   <div class='ocr_carea' id='block_1_84' title="bbox 2302 3804 3875 3882">
    <p class='ocr_par' dir='ltr' id='par_1_84' title="bbox 2302 3804 3875 3882">
     <span class='ocr_line' id='line_1_84' title="bbox 2302 3804 3875 3882; baseline 0 -23"><span class='ocrx_word' id='word_1_659' title='bbox 2302 3807 2533 3877; x_wconf 75' lang='grc' dir='ltr'>ἀνομίας</span> <span class='ocrx_word' id='word_1_660' title='bbox 2583 3824 2698 3869; x_wconf 85' lang='grc' dir='ltr'>σου,</span> <span class='ocrx_word' id='word_1_661' title='bbox 2745 3810 2839 3861; x_wconf 74' lang='grc' dir='ltr'>καὶ</span> <span class='ocrx_word' id='word_1_662' title='bbox 2905 3810 2967 3862; x_wconf 76' lang='grc' dir='ltr'>οὐ</span> <span class='ocrx_word' id='word_1_663' title='bbox 3016 3810 3089 3880; x_wconf 86' lang='grc' dir='ltr'>μὴ</span> <span class='ocrx_word' id='word_1_664' title='bbox 3138 3810 3548 3882; x_wconf 78' lang='grc' dir='ltr'>μνησθήσομαι.</span> <span class='ocrx_word' id='word_1_665' title='bbox 3601 3804 3875 3863; x_wconf 50' lang='lat' dir='ltr'><strong>memm-</strong></span> 
     </span>
    </p>
   </div>
   <div class='ocr_carea' id='block_1_85' title="bbox 2307 3893 3878 3973">
    <p class='ocr_par' dir='ltr' id='par_1_85' title="bbox 2307 3893 3878 3973">
     <span class='ocr_line' id='line_1_85' title="bbox 2307 3893 3878 3973; baseline 0 -25"><span class='ocrx_word' id='word_1_666' title='bbox 2307 3897 2447 3967; x_wconf 86' lang='grc' dir='ltr'>μεθα</span> <span class='ocrx_word' id='word_1_667' title='bbox 2467 3897 2575 3968; x_wconf 79' lang='grc' dir='ltr'>γὰρ</span> <span class='ocrx_word' id='word_1_668' title='bbox 2598 3900 2656 3951; x_wconf 73' lang='grc' dir='ltr'>ὲν</span> <span class='ocrx_word' id='word_1_669' title='bbox 2679 3899 2861 3951; x_wconf 83' lang='grc' dir='ltr'>πίστει</span> <span class='ocrx_word' id='word_1_670' title='bbox 2892 3900 2986 3953; x_wconf 73' lang='grc' dir='ltr'>καὶ</span> <span class='ocrx_word' id='word_1_671' title='bbox 3005 3900 3106 3952; x_wconf 83' lang='grc' dir='ltr'><strong>οὐκ</strong></span> <span class='ocrx_word' id='word_1_672' title='bbox 3125 3899 3188 3963; x_wconf 65' lang='grc' dir='ltr'><strong>ἐξ</strong></span> <span class='ocrx_word' id='word_1_673' title='bbox 3204 3900 3381 3970; x_wconf 74' lang='grc' dir='ltr'>ἔργων</span> <span class='ocrx_word' id='word_1_674' title='bbox 3404 3902 3601 3973; x_wconf 81' lang='grc' dir='ltr'>νόμου,</span> <span class='ocrx_word' id='word_1_675' title='bbox 3624 3919 3643 3951; x_wconf 77' lang='grc' dir='ltr'><strong>ι</strong></span> <span class='ocrx_word' id='word_1_676' title='bbox 3670 3898 3806 3952; x_wconf 82' lang='grc' dir='ltr'><strong>κατά</strong></span> <span class='ocrx_word' id='word_1_677' title='bbox 3824 3893 3878 3948; x_wconf 81' lang='grc' dir='ltr'><strong>τὸ</strong></span> 
     </span>
    </p>
   </div>
   <div class='ocr_carea' id='block_1_86' title="bbox 2302 3988 3878 4063">
    <p class='ocr_par' dir='ltr' id='par_1_86' title="bbox 2302 3988 3878 4063">
     <span class='ocr_line' id='line_1_86' title="bbox 2302 3988 3878 4063; baseline -0.005 -16"><span class='ocrx_word' id='word_1_678' title='bbox 2302 3992 2708 4061; x_wconf 81' lang='grc' dir='ltr'>γεγραμμένον.</span> <span class='ocrx_word' id='word_1_679' title='bbox 2761 3992 2857 4056; x_wconf 76' lang='lat' dir='ltr'><strong>Ei;</strong></span> <span class='ocrx_word' id='word_1_680' title='bbox 2892 3992 3015 4046; x_wconf 83' lang='grc' dir='ltr'>τινα</span> <span class='ocrx_word' id='word_1_681' title='bbox 3047 3991 3110 4063; x_wconf 78' lang='grc' dir='ltr'>δὴ</span> <span class='ocrx_word' id='word_1_682' title='bbox 3145 3988 3236 4045; x_wconf 80' lang='grc' dir='ltr'><strong>οὖν</strong></span> <span class='ocrx_word' id='word_1_683' title='bbox 3267 3992 3627 4056; x_wconf 74' lang='grc' dir='ltr'>πιστεύοντες</span> <span class='ocrx_word' id='word_1_684' title='bbox 3656 3991 3878 4045; x_wconf 82' lang='grc' dir='ltr'>δικαιου·</span> 
     </span>
    </p>
   </div>
   <div class='ocr_carea' id='block_1_87' title="bbox 2305 4082 3877 4153">
    <p class='ocr_par' dir='ltr' id='par_1_87' title="bbox 2305 4082 3877 4153">
     <span class='ocr_line' id='line_1_87' title="bbox 2305 4082 3877 4153; baseline -0.003 -16"><span class='ocrx_word' id='word_1_685' title='bbox 2305 4082 2480 4153; x_wconf 75' lang='grc' dir='ltr'>μεθας</span> <span class='ocrx_word' id='word_1_686' title='bbox 2507 4085 2607 4138; x_wconf 79' lang='grc' dir='ltr'><strong>οὐκ</strong></span> <span class='ocrx_word' id='word_1_687' title='bbox 2638 4087 2716 4148; x_wconf 80' lang='grc' dir='ltr'><strong>είς</strong></span> <span class='ocrx_word' id='word_1_688' title='bbox 2744 4084 2837 4137; x_wconf 83' lang='grc' dir='ltr'><strong>τὸν</strong></span> <span class='ocrx_word' id='word_1_689' title='bbox 2866 4083 3105 4137; x_wconf 85' lang='grc' dir='ltr'>παθόντα</span> <span class='ocrx_word' id='word_1_690' title='bbox 3133 4082 3198 4138; x_wconf 81' lang='grc' dir='ltr'>δι’</span> <span class='ocrx_word' id='word_1_691' title='bbox 3230 4084 3377 4153; x_wconf 78' lang='grc' dir='ltr'>ἡμᾶς</span> <span class='ocrx_word' id='word_1_692' title='bbox 3414 4085 3509 4137; x_wconf 91' lang='grc' dir='ltr'><strong>τὸν</strong></span> <span class='ocrx_word' id='word_1_693' title='bbox 3539 4084 3681 4138; x_wconf 82' lang='grc' dir='ltr'><strong>κατά</strong></span> <span class='ocrx_word' id='word_1_694' title='bbox 3712 4082 3877 4152; x_wconf 80' lang='grc' dir='ltr'>σάρκα</span> 
     </span>
    </p>
   </div>
   <div class='ocr_carea' id='block_1_88' title="bbox 2303 4171 3877 4248">
    <p class='ocr_par' dir='ltr' id='par_1_88' title="bbox 2303 4171 3877 4248">
     <span class='ocr_line' id='line_1_88' title="bbox 2303 4171 3877 4248; baseline -0.005 -18"><span class='ocrx_word' id='word_1_695' title='bbox 2303 4175 2561 4243; x_wconf 86' lang='grc' dir='ltr'>θάνατον;</span> <span class='ocrx_word' id='word_1_696' title='bbox 2591 4178 2691 4229; x_wconf 79' lang='grc' dir='ltr'><strong>οὐκ</strong></span> <span class='ocrx_word' id='word_1_697' title='bbox 2724 4178 2803 4240; x_wconf 81' lang='grc' dir='ltr'>εἰς</span> <span class='ocrx_word' id='word_1_698' title='bbox 2826 4176 2924 4230; x_wconf 68' lang='grc' dir='ltr'>ινα</span> <span class='ocrx_word' id='word_1_699' title='bbox 2949 4178 3152 4247; x_wconf 75' lang='grc' dir='ltr'>Κύριον</span> <span class='ocrx_word' id='word_1_700' title='bbox 3186 4176 3396 4247; x_wconf 83' lang='grc' dir='ltr'>Ἰησοῦν</span> <span class='ocrx_word' id='word_1_701' title='bbox 3424 4176 3694 4248; x_wconf 65' lang='grc' dir='ltr'>Χριστόνς</span> <span class='ocrx_word' id='word_1_702' title='bbox 3717 4174 3775 4228; x_wconf 82' lang='grc' dir='ltr'><strong>οὐ</strong></span> <span class='ocrx_word' id='word_1_703' title='bbox 3795 4171 3877 4224; x_wconf 87' lang='grc' dir='ltr'><strong>τὸν</strong></span> 
     </span>
    </p>
   </div>
   <div class='ocr_carea' id='block_1_89' title="bbox 2303 4261 3877 4338">
    <p class='ocr_par' dir='ltr' id='par_1_89' title="bbox 2303 4261 3877 4338">
     <span class='ocr_line' id='line_1_89' title="bbox 2303 4261 3877 4338; baseline 0.001 -18"><span class='ocrx_word' id='word_1_704' title='bbox 2303 4268 2532 4321; x_wconf 81' lang='grc' dir='ltr'>θάνατον</span> <span class='ocrx_word' id='word_1_705' title='bbox 2553 4268 2717 4321; x_wconf 84' lang='grc' dir='ltr'>αὐτοῦ</span> <span class='ocrx_word' id='word_1_706' title='bbox 2745 4269 3226 4337; x_wconf 83' lang='grc' dir='ltr'>καταγγέλλοντες,</span> <span class='ocrx_word' id='word_1_707' title='bbox 3255 4270 3349 4321; x_wconf 77' lang='grc' dir='ltr'>καὶ</span> <span class='ocrx_word' id='word_1_708' title='bbox 3372 4269 3769 4338; x_wconf 82' lang='grc' dir='ltr'>ὁμολογοῦντες</span> <span class='ocrx_word' id='word_1_709' title='bbox 3788 4261 3877 4332; x_wconf 77' lang='grc' dir='ltr'>τὴν</span> 
     </span>
    </p>
   </div>
   <div class='ocr_carea' id='block_1_90' title="bbox 2302 4355 3876 4429">
    <p class='ocr_par' dir='ltr' id='par_1_90' title="bbox 2302 4355 3876 4429">
     <span class='ocr_line' id='line_1_90' title="bbox 2302 4355 3876 4429; baseline -0.003 -18"><span class='ocrx_word' id='word_1_710' title='bbox 2302 4360 2597 4412; x_wconf 83' lang='grc' dir='ltr'>ἀνάστασιν</span> <span class='ocrx_word' id='word_1_711' title='bbox 2631 4360 3044 4429; x_wconf 78' lang='grc' dir='ltr'>λελυτρώμεθα;</span> <span class='ocrx_word' id='word_1_712' title='bbox 3081 4361 3141 4412; x_wconf 79' lang='grc' dir='ltr'><strong>Εἰ</strong></span> <span class='ocrx_word' id='word_1_713' title='bbox 3192 4360 3290 4429; x_wconf 80' lang='grc' dir='ltr'><strong>μὲν</strong></span> <span class='ocrx_word' id='word_1_714' title='bbox 3335 4355 3433 4412; x_wconf 80' lang='grc' dir='ltr'><strong>οὖν</strong></span> <span class='ocrx_word' id='word_1_715' title='bbox 3482 4361 3565 4423; x_wconf 82' lang='grc' dir='ltr'><strong>είς</strong></span> <span class='ocrx_word' id='word_1_716' title='bbox 3605 4359 3876 4427; x_wconf 74' lang='grc' dir='ltr'>ἄνθρωπον</span> 
     </span>
    </p>
   </div>
   <div class='ocr_carea' id='block_1_91' title="bbox 2304 4443 3880 4521">
    <p class='ocr_par' dir='ltr' id='par_1_91' title="bbox 2304 4443 3880 4521">
     <span class='ocr_line' id='line_1_91' title="bbox 2304 4443 3880 4521; baseline -0.001 -20"><span class='ocrx_word' id='word_1_717' title='bbox 2304 4449 2411 4501; x_wconf 83' lang='grc' dir='ltr'><strong>τῶν</strong></span> <span class='ocrx_word' id='word_1_718' title='bbox 2443 4450 2564 4501; x_wconf 77' lang='grc' dir='ltr'>καθ’</span> <span class='ocrx_word' id='word_1_719' title='bbox 2586 4452 2734 4520; x_wconf 70' lang='grc' dir='ltr'>ἡμᾶς</span> <span class='ocrx_word' id='word_1_720' title='bbox 2765 4451 2861 4503; x_wconf 71' lang='grc' dir='ltr'>ἕνα</span> <span class='ocrx_word' id='word_1_721' title='bbox 2885 4450 3348 4519; x_wconf 79' lang='grc' dir='ltr'>πεπιστεύκαμεν,</span> <span class='ocrx_word' id='word_1_722' title='bbox 3385 4450 3483 4503; x_wconf 73' lang='grc' dir='ltr'>καὶ</span> <span class='ocrx_word' id='word_1_723' title='bbox 3518 4452 3643 4521; x_wconf 76' lang='grc' dir='ltr'><strong>οὐχὶ</strong></span> <span class='ocrx_word' id='word_1_724' title='bbox 3670 4450 3733 4520; x_wconf 80' lang='grc' dir='ltr'>δὴ</span> <span class='ocrx_word' id='word_1_725' title='bbox 3764 4443 3880 4517; x_wconf 74' lang='grc' dir='ltr'>μᾶλα</span> 
     </span>
    </p>
   </div>
   <div class='ocr_carea' id='block_1_92' title="bbox 609 4538 2192 4638">
    <p class='ocr_par' dir='ltr' id='par_1_92' title="bbox 609 4538 2192 4608">
     <span class='ocr_line' id='line_1_92' title="bbox 609 4538 2192 4608; baseline 0 -18"><span class='ocrx_word' id='word_1_726' title='bbox 609 4549 689 4592; x_wconf 85' lang='lat' dir='ltr'><strong>tes</strong></span> <span class='ocrx_word' id='word_1_727' title='bbox 711 4538 977 4608; x_wconf 86' lang='lat' dir='ltr'><strong>redempti</strong></span> <span class='ocrx_word' id='word_1_728' title='bbox 1021 4539 1248 4594; x_wconf 76' lang='lat' dir='ltr'><strong>sumus?</strong></span> <span class='ocrx_word' id='word_1_729' title='bbox 1279 4540 1334 4591; x_wconf 87' lang='lat' dir='ltr'><strong>Si</strong></span> <span class='ocrx_word' id='word_1_730' title='bbox 1375 4540 1536 4606; x_wconf 81' lang='lat' dir='ltr'><strong>igitur</strong></span> <span class='ocrx_word' id='word_1_731' title='bbox 1572 4538 1625 4590; x_wconf 95' lang='lat' dir='ltr'><strong>iu</strong></span> <span class='ocrx_word' id='word_1_732' title='bbox 1659 4538 1928 4591; x_wconf 78' lang='lat' dir='ltr'><strong>nemiuem</strong></span> <span class='ocrx_word' id='word_1_733' title='bbox 1966 4552 2131 4590; x_wconf 91' lang='lat' dir='ltr'><strong>unum</strong></span> <span class='ocrx_word' id='word_1_734' title='bbox 2163 4552 2192 4590; x_wconf 91' lang='lat' dir='ltr'><strong>e</strong></span> 
     </span>
    </p>
   </div>
   <div class='ocr_carea' id='block_1_93' title="bbox 2297 4538 3880 4638">
    <p class='ocr_par' dir='ltr' id='par_1_93' title="bbox 2304 4541 3880 4614">
     <span class='ocr_line' id='line_1_93' title="bbox 2304 4541 3880 4614; baseline -0.002 -20"><span class='ocrx_word' id='word_1_735' title='bbox 2304 4542 2394 4595; x_wconf 89' lang='grc' dir='ltr'><strong>λον</strong></span> <span class='ocrx_word' id='word_1_736' title='bbox 2423 4546 2501 4606; x_wconf 79' lang='grc' dir='ltr'><strong>είς</strong></span> <span class='ocrx_word' id='word_1_737' title='bbox 2532 4544 2682 4608; x_wconf 81' lang='grc' dir='ltr'>Θεὸν,</span> <span class='ocrx_word' id='word_1_738' title='bbox 2722 4543 3198 4614; x_wconf 81' lang='grc' dir='ltr'>ἀνθρωπολατρεία</span> <span class='ocrx_word' id='word_1_739' title='bbox 3234 4544 3294 4594; x_wconf 88' lang='grc' dir='ltr'><strong>τὸ</strong></span> <span class='ocrx_word' id='word_1_740' title='bbox 3326 4543 3545 4613; x_wconf 72' lang='grc' dir='ltr'>χρῆμα,</span> <span class='ocrx_word' id='word_1_741' title='bbox 3586 4543 3682 4596; x_wconf 76' lang='grc' dir='ltr'>καὶ</span> <span class='ocrx_word' id='word_1_742' title='bbox 3706 4541 3880 4608; x_wconf 74' lang='grc' dir='ltr'>ιτερον</span> 
     </span>
    </p>
   </div>
   <div class='ocr_carea' id='block_1_94' title="bbox 608 4628 2192 4704">
    <p class='ocr_par' dir='ltr' id='par_1_94' title="bbox 608 4628 2192 4698">
     <span class='ocr_line' id='line_1_94' title="bbox 608 4628 2192 4698; baseline -0.001 -16"><span class='ocrx_word' id='word_1_743' title='bbox 608 4631 762 4685; x_wconf 88' lang='lat' dir='ltr'><strong>nobis</strong></span> <span class='ocrx_word' id='word_1_744' title='bbox 801 4633 1146 4693; x_wconf 86' lang='lat' dir='ltr'><strong>credidimus,</strong></span> <span class='ocrx_word' id='word_1_745' title='bbox 1190 4646 1252 4685; x_wconf 87' lang='lat' dir='ltr'><strong>ac</strong></span> <span class='ocrx_word' id='word_1_746' title='bbox 1288 4647 1390 4683; x_wconf 85' lang='lat' dir='ltr'><strong>non</strong></span> <span class='ocrx_word' id='word_1_747' title='bbox 1423 4632 1599 4698; x_wconf 84' lang='lat' dir='ltr'><strong>potius</strong></span> <span class='ocrx_word' id='word_1_748' title='bbox 1638 4630 1689 4681; x_wconf 91' lang='lat' dir='ltr'><strong>in</strong></span> <span class='ocrx_word' id='word_1_749' title='bbox 1738 4628 1926 4692; x_wconf 88' lang='lat' dir='ltr'><strong>Deum,</strong></span> <span class='ocrx_word' id='word_1_750' title='bbox 1958 4628 2192 4682; x_wconf 85' lang='lat' dir='ltr'><strong>hominis</strong></span> 
     </span>
    </p>
   </div>
   <div class='ocr_carea' id='block_1_95' title="bbox 2297 4628 3883 4704">
    <p class='ocr_par' dir='ltr' id='par_1_95' title="bbox 2299 4628 3883 4704">
     <span class='ocr_line' id='line_1_95' title="bbox 2299 4628 3883 4704; baseline -0.004 -17"><span class='ocrx_word' id='word_1_751' title='bbox 2299 4634 2451 4687; x_wconf 71' lang='grc' dir='ltr'>οὐδὲν</span> <span class='ocrx_word' id='word_1_752' title='bbox 2485 4634 2949 4704; x_wconf 73' lang='grc' dir='ltr'>ὁμολογουμένως.</span> <span class='ocrx_word' id='word_1_753' title='bbox 2976 4635 3036 4687; x_wconf 83' lang='lat' dir='ltr'><strong>El</strong></span> <span class='ocrx_word' id='word_1_754' title='bbox 3062 4634 3119 4687; x_wconf 73' lang='grc' dir='ltr'>δὲ</span> <span class='ocrx_word' id='word_1_755' title='bbox 3141 4633 3272 4685; x_wconf 84' lang='grc' dir='ltr'>Θεὸν</span> <span class='ocrx_word' id='word_1_756' title='bbox 3298 4630 3442 4686; x_wconf 78' lang='grc' dir='ltr'>εἶναι</span> <span class='ocrx_word' id='word_1_757' title='bbox 3468 4634 3564 4686; x_wconf 87' lang='grc' dir='ltr'><strong>τὸν</strong></span> <span class='ocrx_word' id='word_1_758' title='bbox 3587 4628 3883 4685; x_wconf 76' lang='grc' dir='ltr'>πεπονθότα</span> 
     </span>
    </p>
   </div>
   <div class='ocr_carea' id='block_1_96' title="bbox 607 4718 2188 4784">
    <p class='ocr_par' dir='ltr' id='par_1_96' title="bbox 607 4718 2188 4784">
     <span class='ocr_line' id='line_1_96' title="bbox 607 4718 2188 4784; baseline 0 -10"><span class='ocrx_word' id='word_1_759' title='bbox 607 4723 853 4776; x_wconf 87' lang='lat' dir='ltr'><strong>adoratio</strong></span> <span class='ocrx_word' id='word_1_760' title='bbox 882 4726 987 4777; x_wconf 89' lang='lat' dir='ltr'><strong>erit</strong></span> <span class='ocrx_word' id='word_1_761' title='bbox 1022 4740 1082 4778; x_wconf 88' lang='lat' dir='ltr'><strong>ea</strong></span> <span class='ocrx_word' id='word_1_762' title='bbox 1129 4737 1215 4777; x_wconf 89' lang='lat' dir='ltr'><strong>res</strong></span> <span class='ocrx_word' id='word_1_763' title='bbox 1257 4722 1375 4776; x_wconf 87' lang='lat' dir='ltr'><strong>sine</strong></span> <span class='ocrx_word' id='word_1_764' title='bbox 1412 4720 1597 4784; x_wconf 90' lang='lat' dir='ltr'><strong>dubio,</strong></span> <span class='ocrx_word' id='word_1_765' title='bbox 1626 4729 1679 4772; x_wconf 90' lang='lat' dir='ltr'><strong>et</strong></span> <span class='ocrx_word' id='word_1_766' title='bbox 1718 4718 1849 4772; x_wconf 87' lang='lat' dir='ltr'><strong>nihil</strong></span> <span class='ocrx_word' id='word_1_767' title='bbox 1892 4720 2057 4773; x_wconf 86' lang='lat' dir='ltr'><strong>aliud.</strong></span> <span class='ocrx_word' id='word_1_768' title='bbox 2091 4721 2188 4774; x_wconf 84' lang='lat' dir='ltr'><strong>Sin</strong></span> 
     </span>
    </p>
   </div>
   <div class='ocr_carea' id='block_1_97' title="bbox 612 4810 2193 4885">
    <p class='ocr_par' dir='ltr' id='par_1_97' title="bbox 612 4810 2193 4885">
     <span class='ocr_line' id='line_1_97' title="bbox 612 4810 2193 4885; baseline 0 -18"><span class='ocrx_word' id='word_1_769' title='bbox 612 4815 758 4867; x_wconf 91' lang='lat' dir='ltr'><strong>illum</strong></span> <span class='ocrx_word' id='word_1_770' title='bbox 795 4830 958 4869; x_wconf 88' lang='lat' dir='ltr'><strong>carne</strong></span> <span class='ocrx_word' id='word_1_771' title='bbox 987 4832 1206 4885; x_wconf 86' lang='lat' dir='ltr'><strong>passum</strong></span> <span class='ocrx_word' id='word_1_772' title='bbox 1246 4814 1413 4866; x_wconf 84' lang='lat' dir='ltr'><strong>Deum</strong></span> <span class='ocrx_word' id='word_1_773' title='bbox 1442 4827 1561 4865; x_wconf 81' lang='lat' dir='ltr'><strong>esse</strong></span> <span class='ocrx_word' id='word_1_774' title='bbox 1587 4810 1875 4875; x_wconf 83' lang='lat' dir='ltr'><strong>credimus,</strong></span> <span class='ocrx_word' id='word_1_775' title='bbox 1904 4813 1992 4879; x_wconf 92' lang='lat' dir='ltr'><strong>qui</strong></span> <span class='ocrx_word' id='word_1_776' title='bbox 2029 4813 2193 4867; x_wconf 89' lang='lat' dir='ltr'><strong>etiam</strong></span> 
     </span>
    </p>
   </div>
   <div class='ocr_carea' id='block_1_98' title="bbox 611 4902 2192 4964">
    <p class='ocr_par' dir='ltr' id='par_1_98' title="bbox 611 4902 2192 4964">
     <span class='ocr_line' id='line_1_98' title="bbox 611 4902 2192 4964; baseline -0.001 -7"><span class='ocrx_word' id='word_1_777' title='bbox 611 4918 797 4959; x_wconf 86' lang='lat' dir='ltr'><strong>noster</strong></span> <span class='ocrx_word' id='word_1_778' title='bbox 827 4909 1082 4961; x_wconf 84' lang='lat' dir='ltr'><strong>sacerdos</strong></span> <span class='ocrx_word' id='word_1_779' title='bbox 1114 4906 1186 4960; x_wconf 88' lang='lat' dir='ltr'><strong>sit</strong></span> <span class='ocrx_word' id='word_1_780' title='bbox 1214 4906 1411 4964; x_wconf 82' lang='lat' dir='ltr'><strong>lactus,</strong></span> <span class='ocrx_word' id='word_1_781' title='bbox 1446 4902 1595 4956; x_wconf 92' lang='lat' dir='ltr'><strong>nullo</strong></span> <span class='ocrx_word' id='word_1_782' title='bbox 1626 4902 1786 4955; x_wconf 86' lang='lat' dir='ltr'><strong>modo</strong></span> <span class='ocrx_word' id='word_1_783' title='bbox 1809 4903 1859 4954; x_wconf 93' lang='lat' dir='ltr'><strong>in</strong></span> <span class='ocrx_word' id='word_1_784' title='bbox 1884 4919 2075 4958; x_wconf 87' lang='lat' dir='ltr'><strong>errore</strong></span> <span class='ocrx_word' id='word_1_785' title='bbox 2100 4919 2192 4958; x_wconf 79' lang='lat' dir='ltr'><strong>su-</strong></span> 
     </span>
    </p>
   </div>
   <div class='ocr_carea' id='block_1_99' title="bbox 611 4993 2189 5067">
    <p class='ocr_par' dir='ltr' id='par_1_99' title="bbox 611 4993 2189 5067">
     <span class='ocr_line' id='line_1_99' title="bbox 611 4993 2189 5067; baseline -0.003 -13"><span class='ocrx_word' id='word_1_786' title='bbox 611 5015 753 5064; x_wconf 88' lang='lat' dir='ltr'><strong>mus,</strong></span> <span class='ocrx_word' id='word_1_787' title='bbox 786 5000 877 5054; x_wconf 78' lang='lat' dir='ltr'><strong>sed</strong></span> <span class='ocrx_word' id='word_1_788' title='bbox 928 5001 1103 5067; x_wconf 89' lang='lat' dir='ltr'><strong>ipsum</strong></span> <span class='ocrx_word' id='word_1_789' title='bbox 1147 5012 1213 5051; x_wconf 78' lang='lat' dir='ltr'><strong>ex</strong></span> <span class='ocrx_word' id='word_1_790' title='bbox 1258 4996 1369 5049; x_wconf 85' lang='lat' dir='ltr'><strong>Deo</strong></span> <span class='ocrx_word' id='word_1_791' title='bbox 1408 4994 1639 5047; x_wconf 77' lang='lat' dir='ltr'><strong>Verbum</strong></span> <span class='ocrx_word' id='word_1_792' title='bbox 1668 4994 1948 5048; x_wconf 77' lang='lat' dir='ltr'><strong>hominem</strong></span> <span class='ocrx_word' id='word_1_793' title='bbox 1989 4993 2189 5049; x_wconf 80' lang='lat' dir='ltr'><strong>factum</strong></span> 
     </span>
    </p>
   </div>
   <div class='ocr_carea' id='block_1_100' title="bbox 613 5086 2194 5162">
    <p class='ocr_par' dir='ltr' id='par_1_100' title="bbox 613 5086 2194 5162">
     <span class='ocr_line' id='line_1_100' title="bbox 613 5086 2194 5162; baseline -0.003 -17"><span class='ocrx_word' id='word_1_794' title='bbox 613 5094 956 5162; x_wconf 78' lang='lat' dir='ltr'><strong>agnoscimus</strong></span> <span class='ocrx_word' id='word_1_795' title='bbox 983 5109 997 5144; x_wconf 88' lang='lat'><strong>:</strong></span> <span class='ocrx_word' id='word_1_796' title='bbox 1026 5092 1214 5156; x_wconf 82' lang='lat' dir='ltr'><strong>sicque</strong></span> <span class='ocrx_word' id='word_1_797' title='bbox 1244 5103 1272 5140; x_wconf 78' lang='grc' dir='ltr'><strong>ιι</strong></span> <span class='ocrx_word' id='word_1_798' title='bbox 1304 5086 1457 5140; x_wconf 88' lang='lat' dir='ltr'><strong>nobis</strong></span> <span class='ocrx_word' id='word_1_799' title='bbox 1491 5086 1622 5140; x_wconf 81' lang='lat' dir='ltr'><strong>ﬁdes</strong></span> <span class='ocrx_word' id='word_1_800' title='bbox 1657 5086 1708 5140; x_wconf 94' lang='lat' dir='ltr'><strong>in</strong></span> <span class='ocrx_word' id='word_1_801' title='bbox 1748 5086 1911 5139; x_wconf 89' lang='lat' dir='ltr'><strong>Deum</strong></span> <span class='ocrx_word' id='word_1_802' title='bbox 1938 5087 2194 5153; x_wconf 80' lang='lat' dir='ltr'><strong>exigitur,</strong></span> 
     </span>
    </p>
   </div>
   <div class='ocr_carea' id='block_1_101' title="bbox 608 5178 2197 5254">
    <p class='ocr_par' dir='ltr' id='par_1_101' title="bbox 608 5178 2197 5254">
     <span class='ocr_line' id='line_1_101' title="bbox 608 5178 2197 5254; baseline -0.003 -16"><span class='ocrx_word' id='word_1_803' title='bbox 608 5187 700 5254; x_wconf 86' lang='lat' dir='ltr'><strong>qui</strong></span> <span class='ocrx_word' id='word_1_804' title='bbox 748 5198 846 5238; x_wconf 92' lang='lat' dir='ltr'><strong>uos</strong></span> <span class='ocrx_word' id='word_1_805' title='bbox 879 5202 907 5235; x_wconf 87' lang='lat' dir='ltr'><strong>a</strong></span> <span class='ocrx_word' id='word_1_806' title='bbox 954 5182 1192 5237; x_wconf 79' lang='lat' dir='ltr'><strong>vindicta</strong></span> <span class='ocrx_word' id='word_1_807' title='bbox 1229 5178 1441 5243; x_wconf 79' lang='lat' dir='ltr'><strong>eximit,</strong></span> <span class='ocrx_word' id='word_1_808' title='bbox 1489 5187 1544 5234; x_wconf 91' lang='lat' dir='ltr'><strong>et</strong></span> <span class='ocrx_word' id='word_1_809' title='bbox 1594 5189 1935 5249; x_wconf 86' lang='lat' dir='ltr'><strong>peccatorum</strong></span> <span class='ocrx_word' id='word_1_810' title='bbox 1987 5179 2197 5247; x_wconf 89' lang='lat' dir='ltr'><strong>laqueis</strong></span> 
     </span>
    </p>
   </div>
   <div class='ocr_carea' id='block_1_102' title="bbox 680 5355 1841 5419">
    <p class='ocr_par' dir='ltr' id='par_1_102' title="bbox 680 5355 1841 5419">
     <span class='ocr_line' id='line_1_102' title="bbox 680 5355 1841 5419; baseline 0.007 -14"><span class='ocrx_word' id='word_1_811' title='bbox 680 5360 807 5390; x_wconf 74' lang='lat'><strong>&quot;-&quot;</strong></span> <span class='ocrx_word' id='word_1_812' title='bbox 847 5358 1007 5411; x_wconf 81' lang='lat' dir='ltr'><strong>liehr.</strong></span> <span class='ocrx_word' id='word_1_813' title='bbox 1035 5372 1130 5419; x_wconf 83' lang='lat' dir='ltr'><strong>\‘ll,</strong></span> <span class='ocrx_word' id='word_1_814' title='bbox 1182 5358 1267 5411; x_wconf 81' lang='lat' dir='ltr'><strong>l9.</strong></span> <span class='ocrx_word' id='word_1_815' title='bbox 1346 5355 1393 5388; x_wconf 83' lang='lat'><strong>&quot;</strong></span> <span class='ocrx_word' id='word_1_816' title='bbox 1424 5355 1462 5410; x_wconf 93' lang='lat' dir='ltr'><strong>ll</strong></span> <span class='ocrx_word' id='word_1_817' title='bbox 1491 5356 1619 5410; x_wconf 84' lang='lat' dir='ltr'><strong>Cor.</strong></span> <span class='ocrx_word' id='word_1_818' title='bbox 1644 5372 1704 5410; x_wconf 91' lang='grc' dir='ltr'><strong>ιιι</strong></span> <span class='ocrx_word' id='word_1_819' title='bbox 1729 5396 1744 5418; x_wconf 91' lang='grc'><strong>,</strong></span> <span class='ocrx_word' id='word_1_820' title='bbox 1787 5355 1841 5409; x_wconf 84' lang='lat'><strong>7.</strong></span> 
     </span>
    </p>
   </div>
   <div class='ocr_carea' id='block_1_103' title="bbox 612 5426 1867 5495">
    <p class='ocr_par' dir='ltr' id='par_1_103' title="bbox 612 5426 1867 5495">
     <span class='ocr_line' id='line_1_103' title="bbox 612 5426 1867 5495; baseline -0.004 -11"><span class='ocrx_word' id='word_1_821' title='bbox 612 5447 640 5484; x_wconf 69' lang='grc' dir='ltr'><strong>κ</strong></span> <span class='ocrx_word' id='word_1_822' title='bbox 660 5473 674 5495; x_wconf 90' lang='grc'><strong>,</strong></span> <span class='ocrx_word' id='word_1_823' title='bbox 697 5434 787 5484; x_wconf 59' lang='grc' dir='ltr'>νδ.</span> <span class='ocrx_word' id='word_1_824' title='bbox 864 5429 906 5459; x_wconf 81' lang='grc'><strong>³⁸</strong></span> <span class='ocrx_word' id='word_1_825' title='bbox 942 5429 1041 5493; x_wconf 67' lang='grc' dir='ltr'>ιεει,</span> <span class='ocrx_word' id='word_1_826' title='bbox 1071 5443 1223 5493; x_wconf 75' lang='lat' dir='ltr'><strong>mu,</strong></span> <span class='ocrx_word' id='word_1_827' title='bbox 1244 5426 1337 5483; x_wconf 77' lang='lat'><strong>‘25.</strong></span> <span class='ocrx_word' id='word_1_828' title='bbox 1417 5428 1460 5460; x_wconf 82' lang='grc'>³³</span> <span class='ocrx_word' id='word_1_829' title='bbox 1491 5427 1665 5481; x_wconf 86' lang='lat' dir='ltr'><strong>Galat.</strong></span> <span class='ocrx_word' id='word_1_830' title='bbox 1694 5443 1752 5490; x_wconf 91' lang='grc' dir='ltr'><strong>ιι,</strong></span> <span class='ocrx_word' id='word_1_831' title='bbox 1786 5427 1867 5480; x_wconf 67' lang='grc' dir='ltr'>ιιι.</span> 
     </span>
    </p>
   </div>
   <div class='ocr_carea' id='block_1_104' title="bbox 1338 5644 1375 5659">
    <p class='ocr_par' dir='ltr' id='par_1_104' title="bbox 1338 5644 1375 5659">
     <span class='ocr_line' id='line_1_104' title="bbox 1338 5644 1375 5659; baseline 0 0"><span class='ocrx_word' id='word_1_832' title='bbox 1338 5644 1375 5659; x_wconf 64' lang='grc' dir='ltr'>*ιι-π..</span> 
     </span>
    </p>
   </div>
   <div class='ocr_carea' id='block_1_105' title="bbox 2303 4719 3878 4795">
    <p class='ocr_par' dir='ltr' id='par_1_105' title="bbox 2303 4719 3878 4795">
     <span class='ocr_line' id='line_1_105' title="bbox 2303 4719 3878 4795; baseline 0.002 -18"><span class='ocrx_word' id='word_1_833' title='bbox 2303 4726 2469 4795; x_wconf 71' lang='grc' dir='ltr'>σαρκὶ</span> <span class='ocrx_word' id='word_1_834' title='bbox 2504 4725 2851 4795; x_wconf 79' lang='grc' dir='ltr'>πιστεύομεν,</span> <span class='ocrx_word' id='word_1_835' title='bbox 2883 4726 2940 4788; x_wconf 76' lang='grc' dir='ltr'><strong>ὸς</strong></span> <span class='ocrx_word' id='word_1_836' title='bbox 2973 4727 3066 4779; x_wconf 80' lang='grc' dir='ltr'><strong>καὶ</strong></span> <span class='ocrx_word' id='word_1_837' title='bbox 3104 4726 3323 4793; x_wconf 86' lang='grc' dir='ltr'>γέγονεν</span> <span class='ocrx_word' id='word_1_838' title='bbox 3363 4724 3530 4794; x_wconf 79' lang='grc' dir='ltr'>ἡμῶν</span> <span class='ocrx_word' id='word_1_839' title='bbox 3560 4719 3878 4794; x_wconf 78' lang='grc' dir='ltr'>ἀρχιερεύς·</span> 
     </span>
    </p>
   </div>
   <div class='ocr_carea' id='block_1_106' title="bbox 2302 4806 3883 4886">
    <p class='ocr_par' dir='ltr' id='par_1_106' title="bbox 2302 4806 3883 4886">
     <span class='ocr_line' id='line_1_106' title="bbox 2302 4806 3883 4886; baseline -0.004 -17"><span class='ocrx_word' id='word_1_840' title='bbox 2302 4816 2694 4886; x_wconf 70' lang='grc' dir='ltr'>πεπλανήμτθα</span> <span class='ocrx_word' id='word_1_841' title='bbox 2729 4817 2826 4885; x_wconf 86' lang='grc' dir='ltr'><strong>μὲν</strong></span> <span class='ocrx_word' id='word_1_842' title='bbox 2858 4817 2977 4869; x_wconf 85' lang='grc' dir='ltr'>κατ’</span> <span class='ocrx_word' id='word_1_843' title='bbox 3007 4817 3197 4869; x_wconf 75' lang='grc' dir='ltr'>οὐδένα</span> <span class='ocrx_word' id='word_1_844' title='bbox 3231 4816 3431 4885; x_wconf 77' lang='grc' dir='ltr'>τρόπον</span> <span class='ocrx_word' id='word_1_845' title='bbox 3455 4832 3469 4846; x_wconf 87' lang='grc'><strong>·</strong></span> <span class='ocrx_word' id='word_1_846' title='bbox 3508 4815 3798 4883; x_wconf 79' lang='grc' dir='ltr'>ἄνθρωπον</span> <span class='ocrx_word' id='word_1_847' title='bbox 3830 4806 3883 4859; x_wconf 75' lang='grc' dir='ltr'>δὲ</span> 
     </span>
    </p>
   </div>
   <div class='ocr_carea' id='block_1_107' title="bbox 2300 4899 3884 4975">
    <p class='ocr_par' dir='ltr' id='par_1_107' title="bbox 2300 4899 3884 4975">
     <span class='ocr_line' id='line_1_107' title="bbox 2300 4899 3884 4975; baseline -0.006 -16"><span class='ocrx_word' id='word_1_848' title='bbox 2300 4906 2565 4975; x_wconf 85' lang='grc' dir='ltr'>γεγονότα</span> <span class='ocrx_word' id='word_1_849' title='bbox 2595 4906 2687 4958; x_wconf 86' lang='grc' dir='ltr'><strong>τὸν</strong></span> <span class='ocrx_word' id='word_1_850' title='bbox 2726 4908 2791 4959; x_wconf 78' lang='grc' dir='ltr'>ἐκ</span> <span class='ocrx_word' id='word_1_851' title='bbox 2828 4907 2963 4959; x_wconf 88' lang='grc' dir='ltr'>Θεοῦ</span> <span class='ocrx_word' id='word_1_852' title='bbox 2998 4907 3169 4971; x_wconf 85' lang='grc' dir='ltr'>Λόγον</span> <span class='ocrx_word' id='word_1_853' title='bbox 3201 4904 3679 4973; x_wconf 81' lang='grc' dir='ltr'>ὲπιγινώσκομεν’</span> <span class='ocrx_word' id='word_1_854' title='bbox 3719 4899 3884 4970; x_wconf 80' lang='grc' dir='ltr'>πράτ-</span> 
     </span>
    </p>
   </div>
   <div class='ocr_carea' id='block_1_108' title="bbox 2301 4985 3886 5067">
    <p class='ocr_par' dir='ltr' id='par_1_108' title="bbox 2301 4985 3886 5067">
     <span class='ocr_line' id='line_1_108' title="bbox 2301 4985 3886 5067; baseline -0.008 -18"><span class='ocrx_word' id='word_1_855' title='bbox 2301 5014 2451 5050; x_wconf 79' lang='grc' dir='ltr'>τεται</span> <span class='ocrx_word' id='word_1_856' title='bbox 2480 4996 2536 5049; x_wconf 76' lang='grc' dir='ltr'>δὲ</span> <span class='ocrx_word' id='word_1_857' title='bbox 2560 4996 2699 5048; x_wconf 78' lang='grc' dir='ltr'>οὕτω</span> <span class='ocrx_word' id='word_1_858' title='bbox 2738 4997 2874 5067; x_wconf 85' lang='grc' dir='ltr'>πρὸς</span> <span class='ocrx_word' id='word_1_859' title='bbox 2905 4996 3061 5065; x_wconf 77' lang='grc' dir='ltr'>ἡμῶν</span> <span class='ocrx_word' id='word_1_860' title='bbox 3091 4999 3124 5064; x_wconf 72' lang='grc' dir='ltr'>ἡ</span> <span class='ocrx_word' id='word_1_861' title='bbox 3155 4995 3340 5056; x_wconf 67' lang='grc' dir='ltr'>πίστις</span> <span class='ocrx_word' id='word_1_862' title='bbox 3369 4996 3452 5055; x_wconf 82' lang='grc' dir='ltr'><strong>είς</strong></span> <span class='ocrx_word' id='word_1_863' title='bbox 3482 4994 3644 5055; x_wconf 89' lang='grc' dir='ltr'>Θεὸν,</span> <span class='ocrx_word' id='word_1_864' title='bbox 3678 4991 3768 5045; x_wconf 87' lang='grc' dir='ltr'><strong>τὸν</strong></span> <span class='ocrx_word' id='word_1_865' title='bbox 3789 4985 3886 5050; x_wconf 80' lang='grc' dir='ltr'><strong>ιξω</strong></span> 
     </span>
    </p>
   </div>
   <div class='ocr_carea' id='block_1_109' title="bbox 2297 5078 3886 5159">
    <p class='ocr_par' dir='ltr' id='par_1_109' title="bbox 2297 5078 3886 5159">
     <span class='ocr_line' id='line_1_109' title="bbox 2297 5078 3886 5159; baseline -0.003 -18"><span class='ocrx_word' id='word_1_866' title='bbox 2297 5090 2515 5142; x_wconf 80' lang='grc' dir='ltr'>τιθέντα</span> <span class='ocrx_word' id='word_1_867' title='bbox 2571 5089 2766 5159; x_wconf 85' lang='grc' dir='ltr'>δίκης,</span> <span class='ocrx_word' id='word_1_868' title='bbox 2822 5090 2916 5142; x_wconf 70' lang='grc' dir='ltr'><strong>καὶ</strong></span> <span class='ocrx_word' id='word_1_869' title='bbox 2964 5086 3250 5158; x_wconf 84' lang='grc' dir='ltr'>ἁμαρτιῶν</span> <span class='ocrx_word' id='word_1_870' title='bbox 3299 5085 3725 5138; x_wconf 79' lang='grc' dir='ltr'>ἀπαλλάττοντα</span> <span class='ocrx_word' id='word_1_871' title='bbox 3768 5078 3886 5137; x_wconf 79' lang='grc' dir='ltr'>τοὺς</span> 
     </span>
    </p>
   </div>
   <div class='ocr_carea' id='block_1_110' title="bbox 2297 5173 3886 5251">
    <p class='ocr_par' dir='ltr' id='par_1_110' title="bbox 2297 5173 3886 5251">
     <span class='ocr_line' id='line_1_110' title="bbox 2297 5173 3886 5251; baseline -0.005 -19"><span class='ocrx_word' id='word_1_872' title='bbox 2297 5180 2585 5244; x_wconf 76' lang='grc' dir='ltr'>ὲναλόντας</span> <span class='ocrx_word' id='word_1_873' title='bbox 2608 5182 2818 5246; x_wconf 74' lang='grc' dir='ltr'>αὐταῖς.</span> <span class='ocrx_word' id='word_1_874' title='bbox 2849 5201 2866 5234; x_wconf 87' lang='grc' dir='ltr'><strong>ι</strong></span> <span class='ocrx_word' id='word_1_875' title='bbox 2891 5182 3045 5251; x_wconf 83' lang='grc' dir='ltr'>Ἔχει</span> <span class='ocrx_word' id='word_1_876' title='bbox 3074 5181 3183 5251; x_wconf 80' lang='grc' dir='ltr'>γὰρ</span> <span class='ocrx_word' id='word_1_877' title='bbox 3212 5178 3463 5245; x_wconf 73' lang='grc' dir='ltr'>ἐξουσίαν</span> <span class='ocrx_word' id='word_1_878' title='bbox 3491 5180 3522 5232; x_wconf 88' lang='grc' dir='ltr'><strong>ό</strong></span> <span class='ocrx_word' id='word_1_879' title='bbox 3545 5178 3665 5240; x_wconf 78' lang='grc' dir='ltr'>υἱὸς</span> <span class='ocrx_word' id='word_1_880' title='bbox 3688 5173 3782 5229; x_wconf 88' lang='grc' dir='ltr'><strong>τοῦ</strong></span> <span class='ocrx_word' id='word_1_881' title='bbox 3801 5173 3886 5226; x_wconf 84' lang='grc' dir='ltr'>ἀν·</span> 
     </span>
    </p>
   </div>
   <div class='ocr_carea' id='block_1_111' title="bbox 1917 5350 2192 5426">
    <p class='ocr_par' dir='ltr' id='par_1_111' title="bbox 1917 5356 2191 5412">
     <span class='ocr_line' id='line_1_111' title="bbox 1917 5356 2191 5412; baseline 0 0"><span class='ocrx_word' id='word_1_882' title='bbox 1917 5357 1960 5388; x_wconf 79' lang='grc'><strong>’⁷</strong></span> <span class='ocrx_word' id='word_1_883' title='bbox 1994 5356 2149 5412; x_wconf 83' lang='lat' dir='ltr'><strong>Rom.</strong></span> <span class='ocrx_word' id='word_1_884' title='bbox 2179 5373 2191 5411; x_wconf 95' lang='lat' dir='ltr'><strong>I</strong></span> 
     </span>
    </p>
   </div>
   <div class='ocr_carea' id='block_1_112' title="bbox 2297 5350 3864 5426">
    <p class='ocr_par' dir='ltr' id='par_1_112' title="bbox 2314 5350 3864 5426">
     <span class='ocr_line' id='line_1_112' title="bbox 2314 5350 3864 5426; baseline -0.006 -13"><span class='ocrx_word' id='word_1_885' title='bbox 2314 5358 2397 5422; x_wconf 87' lang='lat' dir='ltr'><strong>l9,</strong></span> <span class='ocrx_word' id='word_1_886' title='bbox 2437 5359 2528 5412; x_wconf 73' lang='lat'><strong>20.</strong></span> <span class='ocrx_word' id='word_1_887' title='bbox 2605 5358 2652 5390; x_wconf 82' lang='lat'><strong>&quot;</strong></span> <span class='ocrx_word' id='word_1_888' title='bbox 2675 5357 2832 5412; x_wconf 82' lang='lat' dir='ltr'><strong>Rom.</strong></span> <span class='ocrx_word' id='word_1_889' title='bbox 2857 5373 2931 5426; x_wconf 89' lang='lat' dir='ltr'><strong>tv,</strong></span> <span class='ocrx_word' id='word_1_890' title='bbox 2962 5358 3044 5413; x_wconf 75' lang='lat'><strong>15.</strong></span> <span class='ocrx_word' id='word_1_891' title='bbox 3121 5356 3225 5412; x_wconf 82' lang='lat' dir='ltr'><strong>&quot;ll</strong></span> <span class='ocrx_word' id='word_1_892' title='bbox 3247 5358 3375 5414; x_wconf 77' lang='lat' dir='ltr'><strong>Cor.</strong></span> <span class='ocrx_word' id='word_1_893' title='bbox 3403 5371 3488 5424; x_wconf 89' lang='lat' dir='ltr'><strong>tn,</strong></span> <span class='ocrx_word' id='word_1_894' title='bbox 3513 5355 3571 5411; x_wconf 83' lang='lat'><strong>6.</strong></span> <span class='ocrx_word' id='word_1_895' title='bbox 3651 5355 3697 5386; x_wconf 81' lang='lat'>“</span> <span class='ocrx_word' id='word_1_896' title='bbox 3730 5350 3864 5407; x_wconf 87' lang='lat' dir='ltr'><strong>lleb.</strong></span> 
     </span>
    </p>
   </div>
   <div class='ocr_carea' id='block_1_113' title="bbox 1884 5575 2628 5634">
    <p class='ocr_par' dir='ltr' id='par_1_113' title="bbox 1884 5575 2628 5634">
     <span class='ocr_line' id='line_1_113' title="bbox 1884 5575 2628 5634; baseline -0.001 -1"><span class='ocrx_word' id='word_1_897' title='bbox 1884 5577 2045 5634; x_wconf 81' lang='lat' dir='ltr'><strong>ANT.</strong></span> <span class='ocrx_word' id='word_1_898' title='bbox 2088 5575 2360 5632; x_wconf 78' lang='lat' dir='ltr'><strong>AGELLil</strong></span> <span class='ocrx_word' id='word_1_899' title='bbox 2400 5575 2628 5632; x_wconf 66' lang='lat' dir='ltr'><strong>NOTAS.</strong></span> 
     </span>
    </p>
   </div>
   <div class='ocr_carea' id='block_1_114' title="bbox 684 5735 2192 5816">
    <p class='ocr_par' dir='ltr' id='par_1_114' title="bbox 684 5735 2192 5816">
     <span class='ocr_line' id='line_1_114' title="bbox 684 5735 2192 5816; baseline -0.004 -17"><span class='ocrx_word' id='word_1_900' title='bbox 684 5746 818 5816; x_wconf 67' lang='lat'><strong>(20‘)</strong></span> <span class='ocrx_word' id='word_1_901' title='bbox 846 5746 1071 5800; x_wconf 79' lang='lat' dir='ltr'><strong>Videtur</strong></span> <span class='ocrx_word' id='word_1_902' title='bbox 1096 5745 1276 5815; x_wconf 86' lang='lat' dir='ltr'><strong>lapsus</strong></span> <span class='ocrx_word' id='word_1_903' title='bbox 1304 5744 1520 5810; x_wconf 85' lang='lat' dir='ltr'><strong>notarii,</strong></span> <span class='ocrx_word' id='word_1_904' title='bbox 1544 5757 1666 5798; x_wconf 88' lang='lat' dir='ltr'><strong>cum</strong></span> <span class='ocrx_word' id='word_1_905' title='bbox 1693 5738 1866 5795; x_wconf 63' lang='lat' dir='ltr'><strong>Graeci</strong></span> <span class='ocrx_word' id='word_1_906' title='bbox 1892 5738 2046 5794; x_wconf 89' lang='lat' dir='ltr'><strong>codd.</strong></span> <span class='ocrx_word' id='word_1_907' title='bbox 2092 5735 2192 5794; x_wconf 68' lang='lat' dir='ltr'><strong>Nov</strong></span> 
     </span>
    </p>
   </div>
   <div class='ocr_carea' id='block_1_115' title="bbox 2297 5735 3883 5816">
    <p class='ocr_par' dir='ltr' id='par_1_115' title="bbox 2297 5736 3883 5809">
     <span class='ocr_line' id='line_1_115' title="bbox 2297 5736 3883 5809; baseline -0.003 -14"><span class='ocrx_word' id='word_1_908' title='bbox 2297 5736 2591 5795; x_wconf 86' lang='lat' dir='ltr'><strong>&#39;cstamenti</strong></span> <span class='ocrx_word' id='word_1_909' title='bbox 2636 5737 2893 5803; x_wconf 81' lang='lat' dir='ltr'><strong>habeant,</strong></span> <span class='ocrx_word' id='word_1_910' title='bbox 2933 5736 3178 5792; x_wconf 79' lang='grc' dir='ltr'>διακονία</span> <span class='ocrx_word' id='word_1_911' title='bbox 3218 5739 3641 5809; x_wconf 83' lang='grc' dir='ltr'>κατακρίσεως,</span> <span class='ocrx_word' id='word_1_912' title='bbox 3679 5752 3729 5796; x_wconf 87' lang='lat' dir='ltr'><strong>et</strong></span> <span class='ocrx_word' id='word_1_913' title='bbox 3763 5741 3883 5794; x_wconf 83' lang='lat' dir='ltr'><strong>item</strong></span> 
     </span>
    </p>
   </div>
   <div class='ocr_carea' id='block_1_116' title="bbox 614 5816 1260 5887">
    <p class='ocr_par' dir='ltr' id='par_1_116' title="bbox 614 5816 1260 5887">
     <span class='ocr_line' id='line_1_116' title="bbox 614 5816 1260 5887; baseline 0 -16"><span class='ocrx_word' id='word_1_914' title='bbox 614 5816 801 5873; x_wconf 82' lang='lat' dir='ltr'><strong>Latina</strong></span> <span class='ocrx_word' id='word_1_915' title='bbox 828 5817 993 5873; x_wconf 89' lang='lat' dir='ltr'><strong>editio</strong></span> <span class='ocrx_word' id='word_1_916' title='bbox 1029 5816 1260 5887; x_wconf 82' lang='lat' dir='ltr'><strong>vulgata.</strong></span> 
     </span>
    </p>
   </div>
  </div>
