4150 6444
361 412 472 467 I53

1492 408 1868 465 ADVERSUS
1905 408 2308 471 NESTORIUM
2351 410 2483 468 LIB.
2527 410 2614 465 ill.

3540 413 3640 471 134

351 528 579 593 θρώπου
606 527 703 581 καὶ
730 526 828 582 ἐπὶ
854 526 962 596 τῆς
987 527 1094 599 γῆς
1123 526 1343 598 ἀφιέναι
1375 527 1669 599 ἁμαρτίας,
1703 548 1721 580 ι
1752 529 1827 594 ὥς
1851 547 1954 584 που

2062 533 2366 601 implicatos
2413 531 2604 597 liberal
2636 551 2647 586 :
2689 550 2706 584 ι
2731 530 2901 586 llahet
2934 530 3078 587 enim
3108 538 3426 601 potestatem
3472 529 3643 591 Filius

350 621 452 672 καὶ
484 618 659 681 αὐτός’
672 634 839 689 φησιν
860 634 875 648 ·
911 617 1381 690 ἀντιπαραθέντες
1412 618 1592 672 τοίνυν
1618 622 1685 691 τῇ
1706 619 1795 673 διὰ
1819 621 1951 689 Χρι-

350 711 482 764 στοῦ
506 711 757 781 σωτηρίᾳ
787 711 885 764 καὶ
912 711 1121 781 χάριτι,
1146 710 1245 780 τῆς
1272 711 1505 779 νομικῆς
1550 710 1852 781 ἀποτομίας
1874 713 1953 767 ἶν’

348 801 528 865 οὕτως
578 802 720 854 εῐπω
753 801 819 853 τὸ
867 801 1100 871 ἀπηνὲς,
1146 800 1416 870 ἐλεήμονά
1454 817 1636 871 φαμεν
1687 802 1952 873 ἀρχιερέα

350 891 607 959 γενέσθαι
632 887 1011 963 ΧριστόνῘΗν
1047 890 1148 960 μὲν
1173 891 1282 961 γὰρ
1315 891 1408 944 καὶ
1436 891 1550 945 ἔστι
1579 891 1712 956 Θεὸς
1747 892 1952 960 ἀγαθὸς

352 984 415 1052 τῇ
444 981 632 1052 φύσει,
662 980 1065 1052 φιλοικτίρμων
1088 997 1147 1033 τε
1181 980 1275 1034 καὶ
1303 980 1549 1051 ἐλεήμων
1569 981 1658 1035 ἀεί
1678 995 1693 1011 °
1730 983 1825 1035 καὶ
1851 982 1952 1035 οὐκ

350 1077 409 1127 ἐν
439 1074 626 1144 χρόνῳ
653 1072 815 1127 τοῦτο
837 1073 1082 1141 γέγονεν,
1113 1072 1227 1125 ἀλλ’
1250 1073 1329 1136 είς
1359 1074 1507 1144 ἡμᾶς
1539 1072 1750 1145 ἐδείχθη
1778 1074 1951 1127 τοιοῦ-

350 1182 469 1229 τος.
499 1164 943 1235 Κατωνόμασται
972 1164 1030 1220 δὲ
1050 1152 1267 1229 πιστὸς,
1297 1165 1373 1229 ὡς
1404 1164 1580 1236 μένων
1607 1166 1635 1219 ὅ
1664 1166 1812 1218 ἐστιν
1839 1165 1949 1230 ἀεὶ,

348 1256 499 1310 κατά
546 1271 617 1323 γε
662 1254 726 1308 τὸ
772 1254 1068 1326 εἰρημένον
1101 1256 1212 1308 ’καὶ
1248 1255 1336 1309 ἐπ’
1366 1254 1531 1310 αὑτοῦ
1564 1255 1658 1309 τοῦ
1692 1256 1905 1327 Πατρός
1934 1276 1947 1287 ·

351 1366 371 1395 σ
406 1346 616 1410 Πιστὸς
662 1346 722 1399 δὲ
749 1348 778 1401 6
809 1345 964 1411 Θεὸς,
994 1346 1054 1409 ὃς
1097 1347 1197 1400 οὐκ
1239 1346 1390 1400 ἐάσει
1432 1347 1579 1417 ἡμᾶς
1627 1348 1950 1420 πειραθῆναι

344 1439 493 1513 ὑπὲρ
518 1438 549 1492 ὃ
576 1436 877 1508 δυνάμεθα.
911 1455 931 1489 ι
974 1437 1185 1491 Οὐκοῦν
1214 1438 1462 1508 ἐλεήμων
1501 1437 1611 1509 ἄρα
1637 1439 1732 1491 καὶ
1761 1438 1951 1502 πιστὸς

355 1528 689 1600 ’Δριιερεὺς
722 1529 801 1592 εἰς
823 1528 973 1598 ἡμᾶς
1003 1528 1226 1596 γέγονεν
1257 1532 1286 1583 6
1331 1531 1704 1602 Ἐμμανουήλ·
1731 1531 1808 1597 ὡς
1839 1532 1949 1603 γὰρ

342 1622 374 1674 6
417 1620 643 1684 Παῦλός
676 1635 864 1690 φησιν,
898 1637 918 1670 ι
952 1620 1016 1672 Οἱ
1068 1620 1165 1689 μὲν
1208 1619 1454 1684 πλείονές
1498 1623 1633 1674 εἰσιν
1676 1623 1951 1694 ἀρχιερεῖς

342 1701 667 1782 γεγονότες,
702 1711 792 1764 διὰ
824 1709 885 1764 τὸ
939 1709 1153 1781 θανάτῳ
1186 1710 1491 1764 κωλύεσθαι
1520 1714 1858 1784 παραμένειν
1878 1732 1890 1743 ·
1922 1715 1952 1767 6

346 1805 438 1871 es,
467 1803 563 1858 διὰ
608 1803 672 1856 τὸ
706 1797 913 1874 μένειν’
934 1802 1098 1855 αὐτὸν
1137 1804 1217 1865 είς
1257 1801 1349 1855 τὸν
1376 1803 1569 1864 αἰῶνα,
1599 1803 1951 1875 ἀπαράϐατον

2061 626 2295 681 hominis
2317 625 2478 679 etiam
2508 626 2560 678 in
2593 633 2732 679 terra
2767 625 3068 681 dimittendi
3098 634 3360 693 peccata;
3389 644 3408 677 ›
3442 634 3499 681 ut
3526 627 3642 697 ipse

2059 715 2190 771 dicit
2217 715 2409 770 alicubi
2439 716 2503 769 ³³.
2539 714 2671 770 Cum
2705 712 2873 786 igitur
2905 715 3094 783 legalis
3125 717 3450 783 severitatis,
3483 728 3540 771 ut
3568 719 3640 772 ita

2060 806 2265 875 dicam,
2313 806 2664 862 acerbitatem
2725 821 2846 860 cum
2900 806 3099 862 Christi
3148 808 3323 862 salute
3372 818 3425 860 et
3468 809 3639 876 gratia

2059 910 2459 965 comparamus,
2490 897 2722 953 dicimus
2756 898 3158 951 misericordem
3203 898 3514 952 Pontilicem
3556 899 3640 953 fa—

2059 999 2203 1040 ctum
2240 988 2407 1043 fuisse
2436 988 2735 1045 Christum.
2768 988 2892 1043 Fuit
2926 991 3067 1043 enim
3102 1001 3155 1043 et
3182 999 3266 1043 est
3299 990 3436 1043 Deus
3470 991 3643 1044 bonus

2058 1091 2124 1131 ex
2154 1088 2370 1143 natura,
2410 1078 2647 1133 clemens
2683 1080 2809 1132 item
2847 1094 3058 1148 semper
3094 1095 3156 1133 ac
3190 1081 3520 1144 misericors,
3551 1096 3645 1135 ne-

2057 1150 2163 1236 que
2192 1168 2311 1223 talis
2339 1169 2390 1223 in
2426 1180 2668 1238 tempore
2699 1171 2893 1234 evasit,
2947 1170 3040 1224 sed
3075 1171 3338 1238 ejusmodi
3383 1181 3467 1226 est
3515 1186 3643 1240 erga

2059 1274 2158 1315 uos
2200 1269 2471 1316 ostensus.
2515 1262 2827 1330 Appellatus
2873 1271 2957 1316 est
2987 1270 3164 1314 autem
3212 1262 3404 1324 lidelis,
3454 1272 3512 1315 ut
3551 1264 3644 1331 qui

2059 1360 2274 1405 maneat
2322 1366 2535 1419 semper
2581 1354 2721 1421 quod
2756 1362 2858 1417 est,
2908 1354 3157 1405 utetiam
3212 1353 3277 1407 de
3327 1354 3443 1419 ipso
3488 1352 3645 1409 Patre

2059 1441 2261 1496 dictum
2287 1452 2371 1497 est
2398 1460 2410 1496 :
2443 1460 2461 1494 ι
2483 1441 2684 1497 Fidelis
2707 1453 2887 1498 autem
2918 1446 3083 1508 Deus,
3108 1444 3198 1512 qui
3231 1460 3335 1498 non
3371 1428 3649 1516 permittet

2061 1547 2159 1588 nos
2189 1536 2387 1588 tentari
2425 1549 2585 1602 supra
2628 1551 2788 1601 quam
2830 1550 3123 1604 possumus
3161 1536 3227 1590 ³⁵.
3261 1556 3281 1588 ι
3321 1538 3459 1608 Ergo
3483 1539 3648 1594 mise-

2060 1625 2232 1680 ricors
2253 1637 2306 1680 et
2324 1625 2495 1679 lidelis
2523 1626 2774 1681 Pontifex
2799 1628 2850 1679 iu
2877 1643 2976 1681 uos
3002 1627 3177 1682 l‘uctns
3197 1620 3280 1683 est
3307 1629 3645 1685 Emmanuel.

2059 1713 2133 1769 Ut
2164 1716 2308 1769 enim
2348 1716 2546 1771 Paulus
2579 1718 2656 1771 ait
2685 1736 2699 1772 :
2739 1737 2758 1769 ι
2793 1717 2981 1774 Plures
3009 1719 3134 1775 {acti
3171 1730 3297 1775 sunt
3336 1724 3646 1777 sacerdotes

2059 1820 2122 1861 eo
2144 1810 2285 1876 quod
2311 1818 2481 1861 morte
2511 1809 2930 1876 prohiberentur
2956 1825 3275 1881 permanere
3301 1830 3314 1865 :
3350 1813 3439 1867 hic
3463 1823 3643 1868 autem

347 1897 468 1967 ἔχει
501 1894 607 1965 τὴν
641 1891 975 1964 ἱερωσύνην⁸
1003 1891 1252 1949 ὅθεντκαὶ
1276 1889 1473 1955 σώζειν
1497 1895 1576 1959 είς
1604 1894 1664 1946 τὸ
1695 1894 1954 1958 παντελὲς

2062 1913 2123 1952 eo
2160 1901 2301 1968 quod
2347 1910 2565 1956 maneat
2610 1902 2661 1955 in
2712 1912 3001 1967 aeternum,
3045 1904 3435 1971 sempiternum
3483 1905 3649 1961 habet

349 1991 583 2044 δύναται
628 1990 761 2051 τοὺς
810 1986 1285 2058 προσερχομένους
1336 1984 1406 2038 δι’
1453 1986 1620 2040 αὐτοῦ
1675 1985 1754 2055 τῷ
1799 1986 1953 2057 Θεῷ·-

350 2083 595 2138 πάντοτε
643 2080 756 2149 ζῶν
784 2082 865 2145 είς
903 2079 964 2131 τὸ
998 2078 1347 2147 ἐντυγχάνειν
1383 2077 1523 2147 ὑπὲρ
1550 2076 1746 2131 αὐτῶν.
1780 2096 1799 2129 ι
1834 2077 1958 2129 Ὀτι

353 2177 414 2232 δὲ
442 2174 735 2248 μεμένηκε
757 2173 891 2238 Θεὸς
916 2175 944 2226 ὁ
970 2173 1036 2227 ὲκ
1057 2171 1267 2243 Πατρὸς
1289 2172 1480 2240 Λόγος,
1515 2172 1692 2225 καίτοι
1716 2171 1958 2241 γεγονὼς

362 2268 559 2345 ἱερεὺς,
587 2266 739 2322 κατὰ
769 2265 831 2321 τὸ
857 2264 1267 2337 γεγραμμένον,
1295 2264 1384 2318 διὰ
1413 2263 1474 2317 τὸ
1501 2264 1708 2336 πρέπον
1728 2266 1794 2335 τῇ
1822 2263 1962 2334 μετὰ

363 2360 563 2430 σαρκὸς
619 2357 914 2428 οἰκονομίᾳ.
963 2356 1158 2426 σχῆμά
1199 2372 1261 2408 τε
1306 2355 1402 2409 καὶ
1456 2355 1674 2426 μέτρον,
1705 2355 1960 2427 ἀποχρῶν

357 2451 488 2520 ἡμῖν
520 2450 606 2511 είς
645 2446 1025 2518 πληροφορίαν
1052 2449 1081 2501 6
1106 2445 1200 2500 τοῦ
1242 2447 1514 2517 μακαρίου
1552 2446 1764 2500 Παύλου
1803 2446 1960 2514 γεγέ-

350 2556 518 2609 νηται
562 2538 921 2607 Λόγος.Ἕφη
965 2539 1076 2606 γὰρ
1124 2537 1321 2591 πάλιν·
1362 2556 1379 2588 ι
1414 2537 1724 2605 Κεφάλαιον
1764 2537 1821 2590 δὲ
1868 2537 1960 2589 ἐπὶ

346 2633 467 2694 τοῖς
514 2628 858 2701 εἰρημένοις,
891 2626 1131 2681 τοιοῦτον
1165 2627 1362 2698 ἔχομεν
1392 2629 1671 2698 ἀρχιερέα,
1698 2628 1756 2690 ὃς
1798 2628 1960 2681 ἐκάθ-

350 2737 472 2774 ισεν
502 2721 565 2773 ὲν
599 2719 756 2790 δεξιᾷ
788 2718 884 2772 τοῦ
914 2718 1107 2789 θρόνου
1154 2719 1252 2788 τῆς
1300 2718 1690 2789 μεγαλωσύνης
1740 2720 1798 2772 ὲν
1846 2721 1959 2782 τοῖς

343 2812 633 2883 οὐρανοῖς,
666 2810 775 2864 τῶν
803 2810 976 2879 ἁγίων
1016 2808 1335 2880 λειτουργὸς
1361 2809 1455 2864 καὶ
1492 2808 1596 2880 τῆς
1626 2810 1829 2880 σκηνῆς
1861 2811 1960 2882 τῆς

350 2902 662 2973 ἀληθινῆς,
692 2902 764 2973 ἢν
794 2900 995 2971 ἔπηξεν
1023 2902 1053 2953 6
1090 2900 1293 2971 Κύριος
1324 2900 1425 2953 καὶ⁴
1470 2900 1569 2954 οὐκ
1603 2899 1909 2971 ἅνθρωπος.
1932 2921 1953 2954 ι

356 2994 554 3064 ’Δθρει
587 2993 658 3064 δὴ
684 2989 801 3058 οῦν,
829 2991 986 3063 ἄθρει
1029 2991 1123 3045 τὸν
1165 2993 1230 3045 ὲκ
1248 2991 1381 3045 Θεοῦ
1410 2990 1585 3061 φύντα
1617 2990 1810 3059 Λόγον,
1843 2991 1959 3065 διατ-

352 3085 646 3155 πρέποντα
683 3085 784 3155 μὲν
825 3085 901 3148 ὡς
930 3082 1064 3137 Θεὸν
1104 3085 1225 3146 ταῖς
1269 3082 1604 3155 ὑπερτάταις
1647 3083 1956 3149 εὐκλείαις,

349 3177 450 3231 καὶ
477 3180 541 3231 ὲν
570 3179 690 3239 τοῖς
714 3176 816 3248 τῆς
847 3175 1103 3247 θεότητος
1137 3175 1353 3238 θώκοις,
1379 3175 1766 3246 ἱερουργοῦντα
1789 3175 1846 3229 δὲ
1866 3175 1958 3230 τὸν

2059 1991 2458 2056 sacerdotium;
2501 1992 2642 2047 unde
2676 2005 2728 2045 et
2759 1994 2971 2046 salvare
3021 1994 3072 2047 itt
3106 2006 3423 2062 perpetuum
3472 2006 3647 2064 potest

2061 2081 2382 2135 accedentes
2420 2095 2514 2149 per
2545 2082 2718 2148 ipsum
2762 2084 2850 2135 ad.
2875 2076 3064 2149 Deum,
3105 2099 3321 2153 semper
3356 2086 3546 2140 vivens
3578 2086 3646 2142 ad

2061 2169 2513 2239 interpellandum
2566 2186 2662 2241 pro
2695 2172 2773 2226 eis
2806 2172 2873 2226 ".
2918 2191 2937 2225 ι
2985 2170 3156 2227 Porro
3196 2173 3324 2227 illml
3369 2190 3435 2228 ex
3485 2173 3648 2230 l'atre

2063 2260 2297 2316 Verbum
2328 2262 2597 2316 mansisse
2635 2260 2824 2327 Deum,
2863 2264 3110 2331 quamvis
3142 2262 3319 2319 factus
3363 2264 3434 2319 sit
3463 2280 3646 2321 sacer-

2063 2351 2181 2416 dos,
2219 2361 2275 2405 ut
2322 2351 2580 2421 scriptum
2614 2361 2716 2418 est,
2752 2365 2973 2421 propter
3010 2354 3256 2409 habitum
3299 2365 3462 2425 atque
3497 2375 3648 2414 meu-

2061 2460 2243 2500 suram
2291 2442 2364 2498 illi
2407 2458 2527 2499 cum
2570 2458 2734 2499 carne
2778 2445 3168 2513 dispensationi
3208 2448 3644 2515 convenientem,

2061 2537 2206 2592 beati
2255 2536 2408 2592 Pauli
2454 2538 2616 2591 verba
2661 2547 2784 2610 sunt
2831 2539 2897 2589 ad
2932 2527 3087 2591 (idem
3139 2537 3438 2592 faciendam
3472 2542 3646 2594 satis:

2061 2628 2198 2683 dixit
2231 2629 2376 2683 enim
2416 2644 2630 2681 rursum
2659 2645 2672 2680 :
2707 2646 2725 2679 ι
2755 2626 3062 2696 Capitulqu
3093 2642 3221 2681 vero
3242 2643 3404 2696 super
3427 2628 3509 2682 his
3528 2645 3651 2699 que

2062 2719 2201 2772 dicta
2239 2726 2386 2780 sunt,
2428 2717 2590 2771 talem
2628 2719 2889 2771 habemus
2932 2714 3385 2786 Pontilicem,qui
3420 2720 3559 2773 sedit
3594 2720 3648 2774 in

2061 2811 2283 2863 dextera
2309 2810 2453 2863 sedis
2484 2808 2872 2878 magnitudinis
2900 2808 2956 2861 in
2991 2808 3165 2873 caelis,
3205 2821 3517 2864 sanctorum
3549 2810 3649 2864 mi-

2062 2902 2253 2960 nister.
2300 2910 2355 2955 et
2384 2899 2720 2954 tabernaculi
2771 2901 2907 2968 veri,
2937 2902 3084 2970 quod
3139 2900 3258 2954 ﬁxit
3308 2902 3564 2957 Dominus
3593 2911 3650 2957 et

2057 3007 2166 3045 non
2202 2992 2361 3043 homo
2389 2989 2455 3043 ".
2500 3008 2518 3040 ι
2560 2990 2690 3044 Vide
2729 2990 2891 3059 igitur
2925 3004 3108 3058 quaeso
3147 2990 3275 3045 illud
3307 3007 3371 3045 ex
3410 2991 3520 3046 Deo
3558 3007 3653 3061 ge-

2063 3083 2232 3135 nitum
2264 3071 2499 3137 Verbum
2529 3096 2650 3135 cum
2695 3081 3142 3150 praestantissima
3179 3080 3345 3150 gloria
3393 3093 3651 3154 tanquam

2065 3175 2202 3229 Deus
2222 3168 2516 3241 praecellat,
2531 3182 2587 3227 et
2605 3171 2654 3225 in
2676 3172 2801 3225 sede
2818 3171 3112 3226 divinitatis
3130 3172 3385 3238 emineat,
3400 3177 3647 3233 eumdem

348 3269 520 3322 αὑτὸν
561 3269 643 3330 ὡς
675 3268 995 3339 ἄνθρωπον
1032 3267 1128 3320 καὶ
1169 3267 1269 3321 οὐκ
1310 3267 1555 3335 ἐπίγειον
1598 3265 1720 3319 τινὰ
1770 3266 1959 3320 θυσίαν

2063 3266 2367 3321 sacerdotio
2391 3263 2542 3335 fungi
2570 3276 2823 3334 tanquam
2853 3264 3148 3328 hominem;
3190 3279 3362 3334 neque
3381 3277 3652 3324 terrenam

350 3344 811 3429 ἐροσκομίζοντα
844 3357 920 3428 τῷ
946 3357 1144 3427 Πατρὶ,
1175 3357 1326 3411 θείαν
1356 3356 1412 3409 δὲ
1459 3355 1659 3424 μᾶλλον
1711 3358 1805 3411 καὶ
1836 3374 1959 3428 νοη-

350 3448 477 3519 τὴν.
501 3453 600 3503 καὶ
630 3449 843 3519 σκηνὴν
866 3447 1054 3520 ὥσπερ
1081 3447 1242 3516 ἀγίαν
1272 3446 1463 3519 ἔχοντα
1490 3448 1581 3501 τὸν
1611 3450 1957 3520 οὐρανόννού

351 3541 470 3611 γὰρ
504 3540 656 3594 κατὰ
684 3539 849 3608 νόμον
886 3539 1105 3608 ἐντολῆς
1130 3521 1406 3609 ’σαρκίνης
1436 3540 1659 3608 γέγονεν
1696 3542 1725 3594 6
1768 3544 1959 3612 ἀρχιε-

354 3632 514 3703 ρεὺς,
545 3630 689 3684 ἀλλὰ
735 3630 880 3684 κατά
927 3630 1158 3700 δύναμιν
1210 3631 1358 3700 ζωῆς
1401 3630 1764 3693 ἀκαταλύτου,
1820 3633 1960 3686 καθὰ

350 3723 707 3793 γέγραπται.
740 3721 939 3784 Πιστὸς
971 3717 1064 3775 οὖν
1093 3722 1200 3792 ἄρα
1234 3721 1329 3775 καὶ⁵
1359 3721 1504 3775 κατὰ
1530 3722 1707 3785 τοῦτο,
1733 3725 1959 3788 καὶτοῖς

354 3811 692 3883 προσιοῦσιν
731 3813 1013 3883 ἐχέγγυος,
1049 3812 1129 3876 είς
1160 3829 1225 3881 γε
1255 3813 1317 3866 τὸ
1360 3811 1623 3866 δύνασθαι
1662 3815 1755 3867 καὶ
1811 3814 1958 3885 μάλα

355 3903 569 3975 ῥᾳδίως
610 3903 901 3967 διασώζειν
938 3904 1170 3967 αὐτούς’
1223 3903 1416 3974 αἵματι
1447 3903 1558 3975 γὰρ
1600 3903 1681 3975 τῷ
1716 3904 1830 3974 ἰδίῳ
1863 3905 1960 3960 καὶ

358 3997 463 4065 μιᾷ
490 3995 793 4065 προσφορᾷ
819 3993 1173 4047 τετελείωκεν
1194 3995 1272 4057 εἰς
1295 3992 1357 4046 τὸ
1379 3993 1622 4064 διηνεκὲς
1647 3994 1773 4058 τοὺς
1799 3996 1960 4064 ἁγια-

360 4086 655 4156 ζομὲνους.
691 4086 856 4139 Τουτὶ
901 4086 1013 4156 γὰρ
1061 4082 1216 4154 οἶμαι
1261 4085 1457 4157 δηλοῦν
1504 4085 1594 4141 τὸν
1646 4087 1791 4158 ἱερὸν
1828 4089 1961 4158 ήμῖν

364 4177 597 4244 λέγοντα
626 4174 847 4227 Παῦλον
867 4189 880 4202 ⁸
917 4192 936 4225 ι
960 4175 1054 4226 Ἐν
1079 4166 1122 4240 ᾧ
1154 4172 1262 4242 γὰρ
1290 4171 1555 4226 πέπονθεν
1581 4171 1742 4235 αὐτὸς
1767 4190 1960 4244 πειρα-

364 4264 551 4328 σθεὶς,
606 4263 838 4318 δύναται
892 4266 1002 4327 τοῖς
1054 4261 1470 4333 πειραζομένοις
1521 4260 1805 4333 βοηθῆσαι.
1838 4280 1858 4314 ι
1894 4263 1959 4317 Τί

360 4352 544 4412 τοίνυῦ
571 4357 710 4425 ἡμῖν
737 4354 847 4407 τῶν
877 4356 957 4418 εἰς
979 4353 1261 4407 εύσέῆειαν
1284 4353 1582 4423 ἀφειδήσας
1606 4354 1844 4418 ἐννοιῶν,
1865 4355 1961 4411 καὶ

359 4448 472 4500 τῶν
506 4449 594 4511 είς
624 4447 899 4517 ὀρθότητα
935 4447 1031 4500 καὶ
1062 4445 1319 4513 ἀλήθειαν
1352 4448 1724 4517 ἁποφοιτήσας
1762 4447 1957 4518 λόγων,

370 4542 434 4596 Ὀ
468 4539 684 4606 παθὼν,
715 4541 901 4609 φησὶν,
940 4539 1227 4609 ἀρχιερεὺς
1270 4524 1516 4608 ἐλεήμων
1538 4556 1552 4568 ’
1588 4539 1828 4610 παθητὸς
1852 4540 1958 4593 δὲό

358 4631 516 4694 ναὸς,
546 4630 651 4700 οὐχ
672 4632 703 4683 6
731 4629 997 4695 ζωοποιὸς
1017 4627 1112 4680 τοῦ
1138 4628 1467 4691 πεπονθότος
1501 4628 1668 4693 Θεός;
1697 4629 1819 4683 Ὅτι
1865 4630 1962 4699 μὲν

358 4720 460 4780 οὖν
489 4721 666 4792 σαρκὶ
700 4720 972 4775 πέπονθεν
1003 4717 1144 4773 ἑκὼν
1166 4720 1232 4772 δι’
1262 4720 1410 4789 ἡμᾶς
1438 4721 1466 4771 6
1489 4717 1582 4772 τοῦ
1605 4718 1741 4772 Θεοῦ
1768 4719 1962 4786 Λόγος,

360 4816 423 4865 ὲν
464 4812 587 4881 ἰδίῳ
615 4811 797 4882 καιρῷ
840 4810 1218 4881 δειχθήσεταιο
1252 4811 1335 4862 ὅτι
1364 4809 1421 4861 δὲ
1459 4809 1672 4878 μερίζει
1705 4808 1796 4862 τὸν
1822 4809 1965 4877 ἁμέ--

363 4920 581 4976 ριστον,
616 4904 715 4957 καὶ
741 4901 836 4956 δύο
868 4902 1162 4973 πρεσϐεύει
1188 4902 1454 4972 Χριστοὺς
1478 4903 1543 4970 τῇ
1570 4900 1677 4953 τῶν
1704 4899 1849 4954 ἰδίων
1879 4901 1969 4955 ἐν·

361 4995 527 5049 νοιῶν
548 4995 806 5064 δυνάμει,
831 4994 934 5048 κᾶν
961 4996 1010 5048 εί
1047 4992 1288 5062 φαίνοιτό
1341 5009 1442 5045 που
1468 4993 1703 5059 Χριστὸν
1745 4990 1842 5043 ἕνα
1875 4990 1965 5043 λέ-

361 5105 503 5155 γων,
538 5086 697 5138 οὐδὲν
726 5082 891 5157 ἦττον
932 5084 1322 5155 ἐλεγχθήσεται
1376 5082 1472 5136 καὶ⁵
1512 5082 1602 5135 διὰ
1643 5081 1753 5135 τῶν
1804 5082 1965 5147 εὐθὺς

360 5175 828 5243 ἐπενηνεγμένων
848 5191 861 5203 ·
886 5175 995 5243 ἔφη
1018 5174 1127 5245 γὰρ
1163 5174 1324 5227 πάλιν
1341 5190 1353 5203 ·

439 5267 501 5341 [ι
529 5267 768 5335 Σπέρμα
818 5266 1073 5334 ’Δόραάμ
1112 5267 1141 5317 6
1177 5265 1303 5334 χθὲς
1348 5265 1441 5318 καὶ
1473 5266 1710 5335 σήμερον
1732 5305 1745 5326 ,
1778 5283 1796 5313 ι
1825 5263 1967 5317 κατὰ

362 5363 467 5432 τὴν
493 5360 594 5413 τοῦ
623 5357 840 5413 Παύλου
872 5357 1081 5427 φωνὴν,
1104 5358 1200 5427 οὐχ
1222 5357 1250 5406 6
1271 5357 1465 5424 λέγων,
1497 5376 1514 5406 ι
1541 5358 1675 5425 Πρὶν
1715 5354 1968 5425 Ἀϐραὰμ

362 5450 653 5518 γενέσθαι,
707 5448 821 5517 ἐγώ
865 5449 1006 5517 είμι.
1024 5467 1049 5529 3
1103 5449 1324 5517 Ὀμοιος
1366 5451 1479 5510 τοῖς
1526 5447 1774 5515 ἀδελφοῖς
1830 5446 1972 5498 κατά

364 5542 575 5607 πάντα,
628 5544 657 5595 6
690 5541 871 5611 ψυχῆς
915 5537 1264 5609 ἀνθρωπίνης
1312 5539 1408 5592 καὶ
1439 5537 1642 5608 σαρκὸς
1681 5535 1970 5591 ἀναλαϐὼν

441 5723 488 5757 ³³
520 5722 654 5777 Luc.
680 5736 730 5785 ν,
756 5721 850 5775 24.
932 5720 979 5750 ³⁵
1014 5718 1032 5770 1
1062 5717 1188 5771 Cor.
1216 5733 1269 5776 κ,
1297 5716 1380 5769 l5.
1456 5716 1498 5747 ³⁸
1532 5715 1694 5769 llehr.
1721 5731 1822 5774 vn.
1843 5715 2034 5769 23-25.

2060 3358 2296 3427 aliquam
2323 3358 2595 3412 victimam
2622 3355 2769 3410 Patri
2807 3354 3024 3421 offerre,
3052 3355 3158 3427 75
3193 3358 3284 3412 sed
3312 3358 3546 3412 divinam
3584 3375 3649 3416 ac

2059 3446 2383 3514 spiritalem,
2411 3456 2466 3501 et
2494 3461 2592 3513 pro
2619 3454 2809 3501 sancto
2832 3446 3182 3501 tabernaculo
3204 3447 3401 3501 etelum
3427 3450 3648 3506 habere.

2058 3536 2185 3592 Non
2215 3539 2361 3594 enim
2396 3539 2694 3593 secundum
2728 3536 2901 3605 legem
2940 3538 3176 3593 mandati
3210 3540 3449 3594 carnalis
3476 3540 3652 3598 factus

2058 3642 2140 3685 est
2162 3630 2442 3692 sacerdos.
2477 3630 2571 3684 sed
2595 3631 2888 3684 secundum
2914 3630 3167 3685 virtutem
3192 3631 3314 3685 vita!
3330 3633 3647 3697 insolubilis,

2060 3731 2119 3775 ut
2173 3723 2436 3791 scriptum
2489 3729 2574 3776 est
2613 3721 2681 3779 ³⁷.
2746 3720 2950 3777 Fidelis
2998 3731 3085 3777 est
3133 3722 3294 3791 igitur
3342 3724 3507 3779 etiam
3549 3725 3651 3779 hac

2061 3813 2292 3877 ratione,
2340 3821 2396 3867 et
2430 3812 2816 3879 accedentibus
2860 3812 3145 3881 ﬁdejussor
3170 3813 3238 3867 ad
3273 3814 3502 3869 salutem
3543 3816 3653 3870 illis

2059 3914 2114 3958 et
2142 3905 2361 3973 quidem
2389 3903 2646 3959 facillime
2665 3906 3030 3974 praestandam
3059 3922 3075 3960 :
3101 3904 3527 3975 sanguine’enim
3553 3922 3652 3961 suo

2061 4007 2116 4051 et
2138 4011 2242 4049 una
2268 3995 2545 4051 oblatione
2572 4010 2885 4049 consumma
2896 3998 2966 4050 vit
2989 3996 3040 4049 in
3059 4004 3321 4051 aeternum
3340 3998 3650 4052 sanctiﬁca-

2065 4073 2181 4142 tos:
2212 4086 2268 4141 id
2295 4101 2528 4156 namque
2559 4086 2714 4141 nobis
2741 4088 2956 4141 beatum
2977 4084 3203 4141 Paulum
3226 4086 3531 4157 signiﬁcare
3556 4105 3654 4158 pu-

2063 4190 2139 4245 to,
2158 4194 2277 4233 cum
2304 4179 2432 4233 dicit
2456 4194 2470 4231 :
2500 4197 2519 4232 ι
2551 4179 2604 4234 in
2623 4194 2729 4248 quo
2756 4178 2898 4232 enim
2926 4192 3115 4247 passus
3141 4188 3227 4232 est
3251 4178 3364 4246 ipse
3390 4187 3649 4244 tentatus,

2063 4281 2252 4342 potens
2274 4280 2353 4326 est
2379 4271 2458 4326 eis
2487 4271 2576 4341 qui
2608 4277 2906 4332 tentantur,
2926 4269 3175 4324 auxiliari
3210 4270 3274 4325 ³⁸.
3307 4288 3326 4322 ι
3358 4272 3464 4325 Cur
3492 4273 3653 4342 igitur

2061 4363 2261 4433 pietate
2300 4363 2691 4417 sententiarqu
2730 4359 3001 4428 neglecta,
3040 4369 3094 4413 et
3125 4375 3154 4413 a
3194 4361 3365 4431 rectis
3399 4365 3653 4431 verisque

2061 4451 2409 4513 sermonibus
2447 4451 2770 4515 abscedens,
2802 4450 2905 4515 Qui
2934 4465 3124 4520 passus
3152 4459 3253 4515 est,
3286 4451 3479 4518 inquit,
3508 4449 3653 4505 Pon-

2067 4544 2194 4597 tifex
2230 4552 2315 4597 est
2356 4542 2446 4597 ille
2493 4542 2822 4606 misericors,
2872 4540 3091 4610 patiliile
3136 4555 3266 4595 vero
3304 4542 3474 4609 ipsum
3518 4551 3654 4596 tem-

2069 4635 2237 4703 plum,
2271 4649 2375 4687 non
2419 4632 2507 4687 ille
2551 4632 2857 4686 viviﬁcator
2889 4632 3028 4701 passi
3076 4631 3252 4684 Deus?
3283 4630 3459 4687 Carne
3488 4632 3654 4701 igitur

2068 4734 2260 4794 sponte
2300 4733 2520 4792 propter
2551 4739 2649 4780 nos
2674 4738 2891 4792 passum
2919 4737 3039 4776 esse
3067 4723 3239 4787 ipsum
3269 4721 3358 4776 Dei
3390 4720 3650 4789 Verbum,

2067 4832 2165 4871 snn
2201 4824 2442 4881 tempore
2476 4814 2934 4891 demonstrabitur
2974 4832 2987 4868 :
3023 4814 3114 4867 sed
3158 4813 3489 4868 individuum
3517 4814 3654 4868 divi-

2070 4908 2219 4970 dere,
2246 4906 2488 4975 duosque
2519 4906 2765 4960 Christos
2797 4916 2867 4959 ex
2894 4905 2944 4958 vi
2991 4920 3212 4960 suarum
3261 4907 3651 4960 sententiarum

2071 4998 2385 5065 praedicare,
2402 4997 2615 5051 tametsi
2641 4998 2965 5069 quandoque
2989 5012 3153 5049 unum
3172 4996 3450 5052 Christum
3473 4999 3654 5051 dicere

2075 5087 2345 5148 videatur,
2382 5084 2732 5138 nihilominus
2757 5100 2823 5138 et
2850 5086 2935 5139 his
2959 5099 3078 5154 quae
3106 5084 3286 5138 statim
3315 5084 3494 5147 infert,
3522 5099 3654 5137 cuu-

2075 5177 2318 5229 vincetur
2349 5191 2362 5227 :
2388 5175 2522 5228 dixit.
2552 5177 2694 5235 enim
2727 5190 2915 5228 rursus
2965 5192 2980 5229 :

2146 5266 2409 5336 [Νεετοει.
2443 5283 2461 5316 ι
2488 5266 2685 5322 Semen
2720 5266 3070 5321 Ahraltam’is
3099 5275 3184 5319 est
3218 5265 3308 5333 qui
3338 5261 3452 5315 heri
3482 5271 3565 5315 est
3596 5271 3653 5317 et

2079 5358 2257 5422 hodie,
2290 5377 2307 5408 ι
2339 5368 2392 5411 ut
2419 5357 2620 5412 Paulus
2638 5356 2818 5420 ait's',
2841 5373 2944 5409 non
2973 5358 3060 5423 qui
3087 5356 3217 5408 dixit
3247 5371 3261 5408 :
3291 5372 3311 5404 ι
3334 5353 3650 5420 Priusquam

2075 5451 2347 5504 Abraham
2387 5451 2559 5515 ﬁeret,
2591 5464 2692 5517 ego
2717 5464 2834 5503 Sum
2862 5449 2926 5502 ³³.
2957 5466 2973 5499 ι
3009 5445 3214 5501 Similis
3253 5441 3511 5497 fratribus
3556 5456 3654 5511 per

2076 5542 2255 5595 omnia
2276 5541 2342 5605 δ’,
2365 5544 2455 5611 qui
2487 5544 2733 5596 humana:
2760 5540 2954 5593 anima:
2976 5548 3029 5592 ct
3047 5537 3229 5591 carnis
3254 5534 3648 5590 fraternitatem

2113 5716 2157 5747 ³⁸
2194 5715 2353 5771 Ilcbr.
2382 5733 2492 5779 Vlll,
2522 5717 2571 5778 Ι,
2596 5716 2650 5769 2.
2752 5715 2793 5745 ³⁷
2836 5713 3002 5768 Hebr.
3029 5724 3123 5779 vn,
3145 5711 3236 5764 25.
3315 5710 3359 5740 ³⁸
3401 5708 3561 5763 llebr.
3589 5721 3654 5779 ll,

370 5799 460 5851 18.
536 5794 603 5825 ³⁸’
641 5792 805 5847 llcbr.
836 5792 1019 5853 xrtt,8.
1097 5789 1138 5818 ’9
1170 5786 1324 5841 Joatt.
1354 5802 1466 5850 \‘lll,
1495 5786 1581 5839 38.
1659 5786 1701 5816 ⁸ο
1742 5786 1901 5838 llt'bt‘.
1930 5802 1988 5849 lt,
2014 5786 2101 5840 Π.
