4150 6428
555 414 656 470 135

1586 405 1645 461 S.
1686 403 1964 461 CYRILLI
2001 398 2471 458 ALEXANDRINI
2507 395 2828 454 ARCHIEP.

3715 393 3818 448 156

553 531 818 602 suscepit,
850 545 955 586 non
982 532 1074 586 ille
1119 529 1210 601 qui
1260 528 1436 583 dixit:
1482 548 1500 580 ι
1541 527 1642 595 Qui
1674 527 1807 581 vidit
1857 542 1962 590 mo,
1989 526 2125 579 vidit

2230 522 2585 592 ἀδελφότητα,
2601 521 2699 590 οὐχ
2718 521 2747 572 6
2761 519 2935 588 λέγων
2959 534 2975 551 ·
3014 518 3072 573 '0
3087 516 3342 589 ἑωρακὼς
3362 516 3477 588 ἐμὲ,
3498 516 3707 589 ἑώρακε
3723 516 3816 570 τὸν

552 636 606 679 et
629 625 843 679 Patrem
875 624 917 656 “
971 643 988 676 ι
1028 622 1226 678 Missus
1256 630 1339 676 est
1367 631 1548 673 autem
1583 619 1669 673 ille
1704 618 1858 671 nobis
1893 618 2130 671 consub-

551 715 858 778 stantialis,
908 727 962 768 et
987 724 1181 767 unctus
1221 722 1301 766 est
1331 711 1638 779 praedicans
1670 710 1901 779 captivis
1938 708 2130 762 remis-

2233 615 2475 684 Πατέρα.
2509 632 2528 665 ι
2608 611 2912 681 ’Δπεσταλη
2963 609 3020 663 δὲ
3072 613 3099 664 6
3152 611 3283 680 ἡμῖν
3348 608 3667 679 όμοούσιος,
3721 608 3814 661 καί

2231 706 2513 774 κέχρισται
2541 701 2829 774 κηρύττων
2845 701 3210 770 αἰχμαλώτοις
3234 702 3450 769 ἄφεσιν,
3476 701 3570 753 καὶ
3595 700 3815 768 τυφλοῖς

550 806 759 860 sionem
795 815 850 859 et
894 806 1054 859 c.1'cis
1101 802 1410 855 visum“:t
1450 801 1685 869 Spiritus
1724 800 1870 853 enim
1916 797 2128 852 Domini

2231 793 2549 862 ἀνάὄλεψιν.
2586 812 2605 844 ι
2628 790 2854 862 Πνεῦμα
2888 791 2996 863 γὰρ
3023 790 3231 861 Κυρίου
3262 792 3349 844 ἐπ’
3383 792 3506 860 ἐμὲ,
3543 784 3605 844 οὗ
3628 791 3815 844 ἕνεκεν

552 912 716 966 super
754 912 840 950 me
861 935 877 961 ,
906 905 1129 965 propter
1156 895 1299 964 quod
1340 893 1494 945 unxit
1524 905 1629 944 me.
1663 888 1713 961 ι]

1214 1028 1368 1085 CAP.
1411 1026 1500 1081 Ill.

631 1164 837 1220 Dividit
868 1179 1000 1234 ergo
1029 1177 1241 1217 rursum
1277 1162 1330 1215 in
1365 1162 1517 1222 duos,
1547 1168 1606 1214 nt
1628 1158 1976 1229 perspicuum
2006 1166 2127 1212 est:

554 1257 703 1326 atqui
739 1256 1009 1324 quomodo
1059 1270 1167 1309 non
1206 1253 1550 1308 convinceris
1587 1251 1840 1304 animalis
1890 1264 2033 1313 esse,
2080 1257 2135 1302 et

554 1350 804 1416 spiritum
848 1362 954 1401 non
983 1345 1206 1405 habere,
1251 1355 1312 1398 ut
1366 1345 1443 1398 ait
1491 1343 1583 1397 ille
1616 1342 1920 1396 Salvatoris
1959 1340 2131 1395 nostri

554 1437 888 1507 discipulus?
929 1434 1035 1490 Sed
1068 1439 1151 1489 vis
1176 1447 1328 1488 certe
1359 1435 1474 1500 ipsa
1505 1433 1752 1487 veritatis
1787 1432 1894 1485 tuis
1931 1430 2132 1493 verbis,

553 1532 703 1599 oqni
736 1530 807 1582 ita
863 1528 1058 1607 septis,
1110 1533 1397 1594 repugnat.
1445 1522 1556 1577 Nos
1611 1525 1754 1577 enim
1804 1523 2134 1577 aﬂlrmamus

556 1623 734 1689 ipsum
764 1635 830 1674 ex
865 1620 977 1673 Deo
1008 1618 1170 1672 Patre
1218 1616 1451 1669 Verbum
1481 1614 1902 1684 apprehendisse
1947 1628 2131 1666 semen

556 1712 854 1772 Abraham,
887 1721 941 1764 et
968 1725 1124 1763 sumn
1176 1707 1370 1761 fecisse
1415 1722 1615 1775 corpus
1644 1706 1825 1759 anima
1876 1704 2155 1758 rationali-

554 1804 863 1873 prasditum,
899 1803 1050 1867 illud,
1087 1801 1340 1869 inquam,
1369 1813 1432 1852 ex
1477 1808 1659 1851 sancta
1717 1795 1933 1866 Virgine
1983 1811 2133 1850 sum-

2232 881 2417 955 ἔχρισέ
2459 899 2548 953 με.
2583 899 2602 934 ι
2635 881 2650 953 Ι

2839 1019 3089 1072 ΚΕΦΑΛ.
3138 1018 3212 1073 Γ.

2303 1151 2535 1224 Διορίζει
2564 1146 2658 1206 οῦν
2689 1154 2769 1214 εἰς
2812 1152 2907 1205 δύο
2943 1152 3008 1222 δή
3050 1153 3233 1219 πάλιν,
3278 1152 3375 1207 καὶ
3413 1153 3558 1224 μάλα
3588 1154 3811 1222 σαφῶς·

2233 1237 2352 1295 εἶτα
2407 1243 2524 1305 πῶς
2557 1243 2658 1296 οὐκ
2705 1243 2990 1315 ἐλήλεγξαι
3026 1245 3257 1315 ψυχικὸς
3297 1246 3389 1298 καὶ
3456 1245 3674 1315 πνεῦμα
3737 1248 3814 1316 μὴ

2233 1334 2393 1403 ἔχων,
2441 1335 2593 1401 καθα
2631 1352 2778 1404 φησι.
2817 1335 2911 1388 τοῦ
2946 1336 3199 1405 Σωτῆρος
3243 1336 3273 1387 6
3327 1337 3611 1408 μαθητήςς
3673 1338 3815 1390 Ἀλλ’

2232 1425 2327 1493 ἥτε
2360 1423 2370 1494 |
2401 1425 2485 1477 τσ.
2523 1425 2558 1495 ἦ
2600 1442 2662 1492 γε
2690 1424 2705 1497 ]
2737 1426 2835 1495 τῆς
2865 1427 3122 1496 ἀληθείας
3165 1427 3393 1498 δύναμις
3427 1431 3539 1492 τοῖς
3586 1432 3718 1493 σοῖς,
3766 1424 3815 1483 ὦ

2232 1505 2407 1576 οὗτος,
2437 1515 2780 1578 ἀντιτάξεται
2806 1515 3002 1582 λόγοις.
3031 1516 3486 1586 Διῖσχυριζόμεθα
3518 1519 3625 1590 γὰρ
3652 1520 3817 1572 αὐτὸν

2232 1605 2326 1658 τὸν
2360 1607 2423 1659 ἐκ
2456 1606 2590 1658 Θεοῦ
2636 1607 2847 1677 ῐιατρὸς
2890 1608 3062 1675 Λόγον
3108 1609 3459 1663 ἐπιλαϐέσθαι
3503 1611 3818 1681 σπέρματος

2247 1696 2516 1767 Ἀϐραὰμ,
2566 1699 2658 1751 καὶ
2709 1700 2838 1752 ῐὸιον
2880 1700 3207 1769 ποιήσασθαι
3256 1701 3416 1771 σῶμα
3458 1702 3634 1772 ψυχὴν
3677 1702 3816 1771 ἔχων

2235 1788 2357 1861 [10⁵.
2397 1789 2550 1861 ἔχον]
2602 1790 2699 1860 τὴν
2736 1791 2982 1862 λογικὴν,
3026 1794 3086 1845 τὸ
3116 1796 3178 1846 ἐκ
3208 1794 3307 1863 τῆς
3333 1795 3492 1861 ἁγίας
3538 1795 3815 1865 Παρθένου

554 1870 705 1959 ptum
744 1907 760 1943 :
794 1890 976 1957 itaque
1008 1903 1104 1956 per
1140 1903 1322 1940 veram
1353 1887 1604 1938 unionem
1633 1902 1800 1939 unum
1849 1887 2128 1939 eumdem-

2233 1882 2434 1950 ληφθὲν
2464 1884 2643 1951 σῶμα.
2684 1884 2793 1937 Καὶ
2819 1883 2882 1953 δὴ
2922 1884 3045 1937 καθ’
3074 1886 3267 1939 ἕνωσιν
3288 1887 3485 1957 ἀληθῆ,
3517 1887 3612 1939 ἕνα
3636 1904 3696 1939 τε
3719 1889 3817 1940 καὶ

552 1996 658 2050 que
684 1982 913 2034 dicimus
942 1994 1067 2033 esse
1098 1979 1247 2031 illum
1292 1979 1406 2032 heri
1436 1991 1489 2031 et
1515 1978 1675 2032 hodie
1729 1986 1786 2031 et
1822 1978 1873 2029 in
1905 1977 2127 2040 saecula,

553 2074 643 2142 qui
680 2073 974 2126 secundum
1029 2072 1367 2123 divinitatem
1408 2080 1530 2123 erat
1573 2080 1702 2122 ante
1751 2069 2047 2131 Abraham,
2076 2079 2131 2122 et

556 2166 642 2235 qui
684 2174 867 2233 postea
919 2163 1097 2217 factus
1157 2173 1242 2216 est
1275 2163 1461 2235 homo,
1515 2173 1570 2215 et
1612 2162 2019 2231 generationem
2065 2176 2128 2212 cx

555 2231 783 2310 muliere
837 2255 1029 2309 subiit.
1097 2252 1211 2307 Non
1269 2231 1402 2321 ergo
1459 2252 1718 2306 mentitur
1769 2267 1891 2304 cum
1945 2252 2127 2305 dicit:

559 2365 580 2398 ι
617 2347 788 2400 Amen
822 2340 1173 2407 dico'vobis,
1227 2345 1544 2413 priusquam
1601 2344 1879 2395 Abraham
1941 2342 2128 2407 ﬂeret,

551 2453 655 2508 ego
685 2453 824 2491 sum.
872 2433 1040 2488 "Sed
1070 2436 1188 2490 iste
1212 2450 1435 2504 prorsus
1468 2450 1574 2489 non
1601 2434 1849 2500 intelligit
1872 2434 2128 2501 quidnant

554 2529 687 2600 illud
713 2528 803 2591 sit,
840 2527 955 2579 heri
980 2535 1035 2579 et
1083 2526 1246 2578 hodie
1293 2534 1346 2578 et
1377 2526 1429 2577 in
1487 2526 1685 2579 saecula
1713 2542 1727 2578 :
1758 2524 1867 2594 76
1920 2540 2041 2576 nam
2075 2533 2133 2576 ιιι

552 2629 815 2673 alternum
852 2632 977 2672 esse
1022 2627 1077 2670 et
1112 2617 1303 2670 eodem
1356 2618 1517 2671 modo
1574 2619 1775 2671 habere
1823 2622 2126 2670 secundum

555 2720 830 2771 naturam,
862 2723 1038 2777 neque
1089 2708 1455 2772 conversioni,
1502 2709 1900 2777 mutationique
1949 2708 2134 2775 suhja-

553 2811 679 2851 cere
708 2797 799 2850 Dei
836 2794 1068 2849 Verbum
1101 2798 1434 2861 ostendetet,
1477 2799 1641 2850 etiam
1677 2800 1724 2852 si
1761 2801 1935 2852 l'actus
1961 2801 2121 2851 homo

552 2888 668 2954 sit,
723 2896 939 2955 tempus
977 2900 1137 2940 oume
1193 2886 1449 2940 distinxit
1497 2887 1550 2940 in
1601 2888 1700 2940 tria
1754 2901 1996 2957 tempora
2025 2932 2040 2954 ,
2074 2898 2129 2942 et

555 2979 693 3042 heri,
727 2978 792 3031 de
838 2977 1112 3046 praeterito
1150 2977 1327 3043 dixit;
1362 2979 1428 3032 de
1480 2980 1774 3046 praesenti,
1815 2982 1972 3034 hodie
2009 2997 2023 3045 ;
2065 2984 2130 3034 de

552 3072 774 3131 l‘uturo,
806 3069 857 3123 in
888 3068 1143 3123 saeculum
1191 3085 1204 3121 :
1242 3069 1347 3122 iste
1393 3084 1522 3121 vero
1560 3070 1864 3138 imperitus.
1902 3071 2017 3124 heri
2070 3082 2128 3125 et

555 3164 712 3217 hodie
743 3171 998 3233 tanquam
1030 3162 1095 3215 de
1125 3163 1401 3214 communi
1436 3162 1654 3215 homine
1679 3162 1747 3213 ab
1774 3176 1839 3216 eo
1872 3162 2111 3225 dicatur,
2154 3209 2196 3233 η

550 3255 874 3323 insipienter
911 3251 1190 3316 afﬁrmat,
1253 3267 1358 3305 non
1412 3252 1721 3321 intelligens
1762 3268 1987 3320 prorsus
2034 3269 2127 3306 an-

552 3339 839 3406 tiquioretn
867 3338 1015 3392 illum
1060 3346 1116 3392 et
1148 3340 1383 3406 priorem
1418 3354 1513 3393 sua
1566 3341 1733 3408 ipsius
1776 3343 2126 3408 generatione

548 3446 580 3483 a
615 3444 676 3485 se
698 3429 1060 3500 pronuntiari,
1091 3431 1360 3497 siquidem
1392 3437 1511 3484 erat
1534 3432 1759 3485 omnino
1786 3433 1951 3485 etiam
1983 3433 2124 3494 beri,

548 3523 690 3590 quod
716 3521 971 3590 pmteriti
998 3521 1258 3588 temporis
1272 3522 1724 3589 significationem
1747 3523 1929 3575 habet.
1957 3521 2127 3575 Porro

553 3628 660 3667 non
709 3627 830 3667 esse
864 3613 1028 3666 alium
1071 3613 1220 3665 illum
1273 3613 1385 3665 heri
1441 3623 1495 3665 et
1527 3613 1683 3666 hodie
1734 3610 1919 3665 Jesum
1967 3610 2128 3668 Chri-

550 3716 717 3768 stum,
746 3705 912 3757 alium
949 3719 1076 3758 vero
1103 3720 1224 3758 eum
1255 3705 1345 3773 qui
1375 3704 1503 3757 dicit
1536 3722 1553 3756 ς
1583 3723 1601 3753 ι
1632 3706 1934 3771 Antequam
1956 3707 2125 3758 Abra-

553 3799 675 3848 hatn
701 3799 874 3859 lieret,
904 3811 1004 3864 ego
1038 3812 1182 3859 smn,
1209 3815 1227 3847 ι
1259 3796 1351 3849 sed
1380 3811 1543 3848 nnmn
1569 3805 1624 3849 et
1657 3796 1904 3847 eumdem
1939 3810 2129 3848 seem:-

547 3888 676 3940 dum
705 3902 888 3941 veram
921 3887 1197 3951 unionem,
1230 3901 1353 3940 cum
1395 3884 1537 3965 Deus
1573 3884 1807 3937 Verbum
1848 3885 1920 3936 sit
1967 3883 2128 3936 homo

550 3981 727 4032 luctus
770 3978 939 4032 nostri
975 3977 1209 4042 similis,
1266 3988 1322 4031 et
1348 3993 1461 4032 suae
1509 3966 1713 4030 natura:
1762 3976 2125 4029 conditionem

547 4071 695 4123 illam
725 4083 829 4138 qua
857 4070 1125 4138 principio
1161 4072 1423 4138 temporis
1452 4080 1626 4136 caret,
1682 4071 1917 4123 servarit
1953 4071 2123 4124 etiam

547 4179 670 4215 cum
701 4164 874 4217 factus
912 4174 997 4218 est
1024 4180 1176 4227 caro,
1239 4164 1493 4217 facillime
1529 4165 1760 4231 quisque
1816 4178 1883 4216 ex
1948 4164 2124 4217 sacris

550 4253 748 4307 litteris
785 4253 1095 4322 perspiciet.
1146 4252 1236 4306 Ait
1260 4254 1406 4306 enim
1455 4251 1699 4306 Joannes
1732 4254 1925 4305 beatus
1958 4262 2127 4304 evan-

547 4345 740 4413 gelista
765 4346 832 4397 de
852 4345 1093 4399 omnimn
1125 4345 1409 4400 SaIVatore
1433 4344 1654 4398 Christo
1693 4361 1706 4395 :
1743 4342 1987 4397 Joannes
2038 4352 2122 4397 te-

546 4430 861 4484 stimonium
886 4432 1135 4501 perhibet
1153 4435 1218 4511 de
1236 4433 1375 4500 ipso,
1402 4443 1456 4487 et
1474 4432 1694 4495 clamat,
1715 4432 1901 4485 dicens
1927 4447 1941 4483 :
1970 4449 1989 4481 ι
2020 4430 2126 4496 Qui

551 4533 671 4587 post
693 4539 776 4577 me
807 4526 973 4588 venit,
1007 4535 1134 4578 ante
1164 4539 1249 4577 me
1278 4525 1455 4578 lactus
1486 4533 1570 4577 est
1601 4564 1617 4588 ,
1667 4523 1795 4592 quia
1843 4524 1993 4591 prior
2041 4536 2126 4576 me

546 4624 665 4668 erat
684 4614 782 4679 ⁵³;ι
805 4626 861 4669 et
884 4615 1081 4669 iterum
1111 4632 1123 4668 :
1159 4633 1177 4665 ι
1203 4616 1391 4670 Altera
1412 4615 1499 4668 die
1526 4615 1665 4667 videt
1695 4611 1879 4666 Jesum
1904 4614 2125 4667 venien-

549 4716 655 4758 tem
684 4705 750 4756 ad
779 4720 861 4767 se,
896 4714 954 4759 et
979 4704 1055 4758 ait
1088 4721 1102 4757 :
1138 4704 1273 4759 Ecce
1305 4705 1492 4772 Agnus
1520 4705 1634 4767 Dei,
1670 4705 1760 4771 qui
1813 4702 1952 4756 tollit
1998 4718 2127 4771 βεεν

546 4805 728 4849 catum
769 4796 990 4860 mundi;
1017 4796 1104 4850 hic
1140 4807 1226 4850 est
1263 4795 1330 4849 de
1352 4810 1460 4864 quo
1498 4796 1606 4848 dixi
1640 4811 1652 4847 :
1684 4794 1811 4848 Post
1840 4810 1926 4848 me
1975 4796 2125 4848 venit

548 4890 632 4941 vir
662 4889 752 4959 qui
782 4899 907 4941 ante
943 4903 1027 4942 me
1062 4889 1237 4943 factus
1270 4897 1373 4951 est,
1402 4889 1527 4956 quia
1562 4888 1711 4956 prior
1741 4903 1827 4941 me
1849 4899 1967 4941 crat
1990 4887 2055 4939 “.
2097 4906 2117 4938 ι

551 4981 712 5035 Vides
736 4981 900 5050 igitur
940 4992 1126 5049 aperte
1167 4981 1622 5047 quemadmodum
1663 4980 2001 5034 admirabilis
2035 4981 2123 5035 ille

550 5069 789 5140 Baptista
828 5072 1102 5125 hominem
1152 5071 1297 5122 dicat
1324 5058 1534 5133 Jesuni,
1565 5081 1620 5124 et
1665 5080 1788 5137 post
1825 5072 2030 5134 venire,
2055 5080 2124 5124 ut

550 5164 898 5232 posteriorem
929 5171 1057 5214 natu
1093 5172 1146 5214 et
1170 5172 1291 5228 post
1336 5162 1511 5229 ipsum
1535 5200 1549 5224 ,
1601 5162 1751 5231 prius
1782 5171 1959 5217 tamen
2000 5176 2121 5216 esse

547 5257 799 5322 cwpisse,
832 5252 1089 5321 priusque
1114 5251 1389 5306 exstitisse
1431 5269 1444 5306 :
1489 5253 1540 5306 id
1578 5253 1757 5316 enim,
1796 5262 1856 5306 ut
1892 5254 2112 5321 opinor,

548 5344 835 5410 signiﬁcat,
874 5360 890 5392 ι
927 5342 1060 5406 Quia
1104 5342 1251 5407 prior
1286 5356 1372 5395 me
1402 5354 1540 5404 erat,
1574 5352 1628 5396 et
1653 5354 1777 5397 ante
1811 5360 1895 5396 me
1940 5345 2116 5397 factus

548 5446 652 5488 est.
688 5451 708 5485 ο
744 5435 904 5501 Atqui
927 5435 971 5487 si
1010 5436 1171 5487 homo
1205 5442 1311 5496 est,
1339 5436 1609 5503 quomodo
1644 5435 1797 5504 prius
1844 5438 2125 5491 exsutisse

551 5525 892 5593 intelligitur,
924 5535 1017 5577 aut
1049 5524 1199 5593 prius
1235 5538 1358 5578 esse
1398 5527 1631 5593 coepisse
1674 5527 1876 5581 dicitur
1918 5541 1983 5580 eo
2032 5527 2123 5595 qui

552 5626 791 5683 tempore
821 5617 967 5686 prior
1000 5625 1140 5681 erat,
1180 5625 1237 5671 et
1275 5617 1427 5687 prior
1480 5628 1608 5671 natu
1658 5624 1953 5673 secundum
1990 5636 2126 5687 car-

621 5789 664 5819 "
698 5794 986 5857 Joan.x1v,
1011 5792 1061 5847 9.
1142 5792 1185 5823 δ’
1222 5791 1324 5847 lsa.
1355 5807 1483 5857 ιλιι,
1519 5794 1645 5858 l,2;
1681 5794 1809 5846 Luc.
1841 5810 1912 5857 l\',
1943 5792 2026 5848 18.
2060 5793 2142 5847 19.

2233 1974 2324 2025 τὸν
2365 1974 2529 2026 αὐτὸν
2562 1970 2701 2027 εἶναί
2743 1994 2923 2044 φαμεν
2950 1978 3041 2029 τόν
3070 1978 3194 2047 χθὲς
3225 1980 3318 2032 καὶ
3349 1981 3587 2050 σήμερον
3614 1981 3709 2033 καὶ
3734 1982 3818 2043 είς

2233 2065 2360 2128 τοὺς
2384 2065 2608 2131 αἰῶνας,
2639 2066 2767 2119 ὄντα
2788 2083 2846 2119 τε
2880 2068 2985 2138 πρὸ
3034 2068 3285 2138 Ἀϐραὰμ
3319 2069 3534 2131 Οείκῶς,
3553 2072 3816 2138 γεγονότα

2231 2155 2288 2208 δὲ
2322 2157 2414 2208 καὶ
2447 2158 2583 2226 μετὰ
2614 2157 2771 2210 τοῦτο
2803 2158 3105 2229 ἄνθρωπον,
3142 2160 3235 2211 καὶ
3257 2160 3508 2228 γέννησιν
3524 2162 3815 2229 ὑπομείναι

2232 2250 2329 2317 τὴν
2375 2250 2439 2301 ὲκ
2490 2251 2769 2316 γυναικός.
2813 2250 3021 2303 Οὐκοῦν
3069 2253 3130 2303 οὐ
3184 2251 3541 2320 ψευδοεπήσει
3601 2252 3811 2320 λέγων’

2239 2361 2257 2392 r
2304 2342 2476 2412 Ἀμὴν
2530 2341 2673 2408 λέγω
2714 2343 2863 2412 ὑμῖν,
2913 2344 3043 2411 πρὶν
3099 2343 3350 2413 Ἀϐραὰμ
3407 2344 3656 2410 γενέσθαι
3703 2344 3818 2411 ἐγώ

2232 2434 2364 2503 εἰμι.
2397 2451 2415 2483 ι
2466 2433 2604 2485 Ἀλλ’
2647 2434 2708 2486 οὗ
2770 2433 3015 2502 συνίησιν
3045 2434 3201 2495 ὅλως,
3254 2433 3285 2487 ὃ
3324 2434 3376 2485 τί
3433 2434 3564 2486 ποτέ
3605 2436 3720 2485 ἐστι
3755 2433 3818 2486 τὸ

2233 2523 2357 2592 χθὲς
2394 2523 2489 2574 καὶ
2546 2524 2821 2593 σήμερον,
2862 2524 2956 2575 καὶ
3003 2525 3083 2584 είς
3122 2524 3247 2584 τοὺς
3290 2522 3524 2584 αἰῶνας·
3580 2523 3663 2574 ἵνα
3707 2524 3818 2593 γὰρ

2233 2610 2400 2665 ἀΐδιον
2434 2611 2583 2673 ὅντα,
2634 2613 2727 2664 καὶ
2770 2612 3030 2675 ὡσαύτως
3084 2613 3273 2680 ἔχοντα
3316 2615 3457 2666 κατά
3498 2614 3676 2682 φόσιν,
3720 2615 3815 2667 καὶ

2231 2704 2437 2772 τροπῆς
2472 2703 2680 2771 ἀμείνω
2719 2703 2812 2754 καὶ
2858 2703 3160 2771 μεταϐολῆς
3200 2703 3290 2755 τὸν
3334 2703 3428 2755 τοῦ
3463 2703 3599 2756 Θεοῦ
3643 2721 3814 2756 κατα-

2230 2793 2379 2862 δείξῃ
2413 2793 2604 2855 Λόγον,
2638 2793 2740 2845 κᾶν
2764 2795 2815 2844 εί
2852 2793 3071 2860 γέγονεν
3117 2795 3419 2864 ἄνθρωπος,
3476 2798 3556 2858 είς
3588 2797 3813 2863 καιροὺς

2236 2885 2333 2954 μὲν
2360 2885 2611 2954 διέστησε
2661 2889 2811 2954 τρεῖς
2840 2886 2929 2938 τὸν
2963 2886 3176 2939 ἅπαντα
3206 2888 3398 2956 χρόνον
3422 2903 3435 2916 ·
3471 2888 3651 2957 τίθησι
3671 2887 3725 2940 δέ
3751 2889 3814 2941 τὸ

2235 2974 2334 3042 μὲν
2373 2972 2521 3042 χθὲς,
2554 2975 2646 3026 ἐπὶ
2684 2974 2777 3026 τοῦ
2824 2974 3235 3044 παρῳχηκότος,
3282 2976 3376 3028 ἐπὶ
3407 2977 3462 3029 δέ
3492 2993 3556 3044 γε
3590 2977 3682 3030 τοῦ
3722 2974 3812 3029 ἐνέ-

2237 3065 2554 3134 εστηκότος,
2611 3067 2675 3119 τὸ
2718 3068 2991 3137 σήμερον·
3044 3069 3137 3120 καὶ
3177 3068 3268 3149 ἐπὶ
3302 3069 3607 3137 μέλλοντκ,
3636 3070 3694 3122 τὸ
3730 3073 3817 3133 είς

2231 3157 2434 3221 αἰῶνας
2461 3174 2475 3189 ⁸
2505 3158 2534 3210 6
2566 3159 2620 3211 δὲ
2646 3159 2903 3231 ἄγροικος
2935 3161 3142 3224 οὐτοσὶ,
3175 3162 3237 3214 τὸ
3273 3161 3397 3231 χθὲς
3429 3164 3521 3215 καὶ
3546 3163 3814 3232 σήμερον,

2229 3249 2304 3311 ὡς
2332 3250 2418 3301 ἐπ’
2460 3250 2752 3321 ἀνθρώπου
2780 3252 2997 3320 λέγεται
3030 3256 3163 3323 παρ’
3199 3254 3363 3306 αὑτοῦ
3409 3253 3591 3306 κοινοῦ
3630 3271 3818 3321 παρα-

2228 3340 2398 3408 λόγως
2427 3340 2628 3411 Ιλείπει
2658 3343 2781 3414 τι]’
2835 3345 2935 3395 οὐκ
2961 3346 3177 3410 ἐννοῶν,
3216 3348 3298 3398 ὅτι
3343 3347 3713 3416 πρεσῦὑτερόν
3752 3363 3818 3399 τε

2229 3435 2322 3485 καὶ
2370 3435 2791 3504 προϋπάρχοντα
2825 3437 2923 3505 τῆς
2957 3438 3150 3490 ἑαυτοῦ
3199 3441 3503 3507 γεννήσεως
3543 3440 3821 3501 ἀποφανεῖ

2229 3524 2406 3594 πάντη
2438 3542 2497 3577 τε
2535 3530 2630 3577 καὶ
2660 3527 2896 3589 πάντως,
2938 3529 3098 3599 εἴπερ
3126 3524 3193 3600 ἦν
3227 3532 3363 3592 ὅλως
3400 3532 3493 3583 καὶ
3539 3530 3679 3583 κατά
3712 3531 3818 3594 τὴν

2228 3612 2374 3680 χθὲς,
2407 3615 2545 3682 ὅπερ
2579 3615 2696 3665 ἐστὶ
2731 3615 2825 3667 τοῦ
2865 3618 3258 3685 παρῳχηκότος
3302 3619 3495 3687 καιροῦ
3545 3636 3818 3688 σημαντι-

2230 3703 2341 3756 κόν.
2377 3703 2501 3755 Ὄτι
2526 3704 2624 3772 μὲν
2653 3704 2750 3773 οὐχ
2780 3705 2968 3771 ἕτερος
3000 3708 3028 3757 6
3055 3708 3180 3775 χοὲς
3206 3709 3297 3759 καὶ
3325 3712 3563 3777 σήμερον
3604 3708 3817 3777 Ἰησοῦς

2229 3795 2484 3863 Χριστὸς,
2519 3795 2705 3864 ἔτερος
2733 3795 2788 3847 δέ
2832 3798 2860 3847 6
2911 3797 3102 3862 λέγων,
3143 3818 3159 3848 ι
3194 3801 3329 3869 Πρὶν
3361 3801 3610 3870 Ἀϐραὰμ
3659 3801 3820 3866 γενέ-

2229 3888 2375 3949 σθαι,
2415 3886 2524 3954 ἐγώ
2552 3890 2687 3955 είμι,
2721 3906 2737 3938 ι
2777 3884 2889 3940 ἀλλ’
2922 3885 3002 3951 εἷς
3028 3907 3083 3942 τε
3110 3893 3200 3943 καὶ
3225 3894 3252 3943 6
3285 3892 3445 3953 αὐτὸς
3474 3893 3593 3945 καθ’
3616 3894 3820 3946 ἕνωσιν

2229 3979 2400 4050 ἀληθῆ
2428 3979 2716 4048 ἀνθρώπου
2749 3980 2870 4032 xa’l‘
2895 3984 3044 4050 ἡμᾶς
3070 3983 3352 4049 γεγονότος
3384 3983 3477 4035 τοῦ
3502 3985 3693 4052 Λόγου,
3717 3986 3819 4038 καὶ

2229 4074 2293 4141 τῇ
2322 4071 2428 4142 ἰδίᾳ
2459 4071 2618 4140 φύσει
2649 4072 3040 4142 τετηρηκότος,
3088 4074 3181 4125 καὶ
3204 4074 3291 4125 ὅτε
3328 4076 3517 4140 γέγονε
3554 4073 3707 4143 σὰρξ,
3750 4075 3818 4125 τὸ

2227 4163 2462 4232 ἄναρχον
2490 4164 2547 4214 ἐν
2578 4165 2775 4233 χρόνῳ,
2828 4163 3170 4233 καταθρήσαι
3217 4182 3299 4226 τις
3335 4166 3422 4227 ἂν,
3468 4167 3560 4217 καὶ
3592 4166 3817 4217 ἀταλαι-

2230 4254 2426 4322 πώρως
2475 4255 2669 4321 κομιδῆ
2716 4254 2805 4306 διά
2852 4270 2916 4320 γε
2959 4255 3053 4323 τῆς
3097 4256 3457 4308 θεοπνεύστου
3500 4257 3749 4326 Γραφῆς·
3785 4256 3816 4310 ὃ

2229 4359 2362 4411 φησι
2390 4342 2440 4411 [ὃ
2472 4337 2776 4410 παρέλκει]
2802 4344 2898 4411 μὲν
2924 4343 3030 4413 γὰρ
3057 4346 3084 4395 6
3109 4346 3376 4415 μακάριος
3417 4345 3815 4413 εῦαγγελιστὴς

2241 4433 2493 4498 Ἰωάννης
2526 4434 2653 4501 περὶ
2686 4433 2780 4483 τοῦ
2818 4435 3033 4486 πάντων
3067 4436 3223 4505 ήμῶν
3254 4437 3506 4507 Σωτῆρος
3532 4436 3770 4506 Χριστοῦ
3793 4452 3810 4467 ·

2159 4557 2204 4614 D
2242 4522 2494 4592 Ἰωάννης
2528 4527 2797 4593 μαρτυρεῖ
2822 4528 2948 4594 περὶ
2980 4525 3167 4591 αὑτοῦ,
3201 4526 3295 4578 καὶ
3333 4527 3571 4595 κέκραγε
3598 4526 3811 4592 λέγων*

2235 4631 2253 4663 ι
2293 4613 2349 4666 ὐ
2374 4613 2548 4665 ὀπίσω
2584 4631 2684 4683 μου
2725 4616 3037 4684 ἐρχόμενος,
3083 4615 3394 4686 ἔμπροσθέν
3432 4634 3532 4685 μου
3563 4618 3813 4684 γέγονεν,

2230 4704 2310 4756 ὅτι
2341 4704 2554 4774 πρῶτός
2581 4722 2680 4773 μου
2701 4700 2785 4774 ἦν·
2804 4726 2821 4755 ι
2858 4706 2950 4757 καὶ
2979 4707 3140 4758 πάλιν
3163 4722 3175 4735 ⁸
3206 4708 3313 4776 «Τῇ
3337 4707 3596 4777 ἐπαύριον
3620 4707 3813 4776 βλέπει

2229 4793 2318 4847 τὸν
2361 4795 2566 4863 Ἰησοῦν
2602 4796 2895 4864 ἐρχόμενον
2929 4797 3065 4866 πρὸς
3106 4797 3268 4849 αὑτὸν
3292 4798 3385 4849 καὶ
3424 4797 3608 4865 λέγει·
3642 4799 3747 4850 Ἴδε
3783 4801 3831 4857 ό,

2243 4886 2436 4956 Ἀμνὺς
2472 4885 2565 4938 τοῦ
2601 4888 2735 4939 Θεοῦ
2763 4890 2790 4940 6
2820 4888 2990 4957 αἴρων
3023 4889 3122 4956 τὴν
3154 4890 3428 4960 ἁμαρτίαν
3454 4890 3544 4942 τοῦ
3576 4890 3807 4959 κόσμοι.-

2230 4974 2387 5040 οὖτός
2416 4980 2529 5030 ἐστι
2569 4979 2694 5049 περὶ
2729 4973 2789 5029 οῦ
2817 4980 2928 5045 ἐγὼ
2967 4975 3153 5043 εἷπον,
3198 4980 3401 5057 Ὀλπὶσω
3444 4999 3545 5051 μου
3589 4981 3809 5049 ἔρχεται

2231 5070 2391 5139 ἀνὴρ,
2439 5069 2496 5132 ὃς
2541 5068 2849 5139 ἐμπροσϋέν
2897 5088 2997 5139 μου
3037 5071 3281 5138 γέγονεν,
3322 5073 3402 5124 ὃτι
3442 5071 3654 5140 πρῶτός
3701 5087 3806 5139 μου

2227 5155 2315 5230 ἦν.
2349 5178 2367 5210 ι
2406 5159 2565 5228 Ὁρᾷς
2590 5156 2682 5211 οὖν
2711 5160 2818 5229 ἄρα
2862 5160 2954 5211 καὶ
2991 5159 3138 5227 μάλα
3168 5158 3352 5226 σαφῶς
3381 5158 3472 5209 τὸν
3514 5158 3808 5210 θεσπέσιον

2231 5251 2542 5320 Βαπτιστὴν
2581 5251 2748 5320 ἄνδρα
2796 5251 3022 5317 λέγοντα
3064 5251 3156 5303 τὸν
3208 5249 3433 5319 Ἰησοῦν,
3477 5251 3572 5303 καὶ
3626 5252 3806 5305 ὀπίσω

2231 5344 2330 5413 μέν
2392 5343 2705 5413 ἐρχόμενον,
2761 5341 2837 5402 ὡς
2890 5341 3117 5409 όψιγενῆ
3179 5357 3237 5392 τε
3285 5342 3378 5394 καὶ
3435 5342 3553 5411 μετ’
3603 5342 3802 5394 αὐτόν’

2227 5434 2652 5505 προϋπάρχοντα
2684 5449 2747 5498 γε
2793 5432 2898 5501 μὴν
2945 5432 3129 5495 αὑτοῦ,
3181 5432 3272 5483 καὶ
3312 5431 3799 5502 προῦςξεστηκόταο

2226 5527 2377 5597 δηλοί
2420 5518 2528 5596 γὰρ
2558 5522 2712 5593 οἴμαι
2744 5525 2914 5587 τουτὶ,
2960 5523 3038 5586 τὸ,
3082 5543 3101 5575 ι
3129 5518 3253 5576 Ὅτι
3305 5526 3518 5595 πρῶτός
3568 5542 3667 5596 μου
3711 5521 3800 5595 ἦν,

2229 5620 2324 5671 καὶ
2352 5616 2659 5687 ἔμπροσθέν
2689 5632 2792 5686 μου
2823 5617 3064 5685 γέγονεν.
3094 5635 3111 5665 ι
3146 5612 3275 5669 Εἶτα
3310 5617 3445 5681 πῶς,
3476 5617 3630 5688 εἴπερ
3654 5618 3803 5671 ἐστὶν

2220 5793 2263 5823 ⁸³
2302 5790 2451 5845 ltum.
2483 5804 2518 5856 ι,
2553 5788 2633 5844 15.
2712 5789 2759 5820 ⁸⁸
2796 5789 2925 5844 Ibid.
2953 5790 3041 5853 29,
3068 5792 3158 5846 50.
