4150 6440
408 390 512 447 137
1540 387 1914 445 ADVERSUS
1947 386 2356 445 NESTORIUM
2391 386 2526 444 LIB.
2568 386 2658 442 lll.
3591 392 3692 449 138

401 507 566 579 ἀνὴρ,
604 506 1042 579 προῦφεστηκὼς
1070 510 1291 572 νοεῖται,
1323 509 1419 561 καὶ
1446 509 1817 579 προῦπάρχων
1851 509 1992 577 λέγε-

2111 524 2234 564 nem
2259 510 2282 563 ?
2309 508 2441 563 Nam
2467 509 2511 564 si
2547 510 2611 562 de
2643 506 2823 577 aliquo
2851 518 3096 563 nostrum
3130 508 3231 564 hoc
3260 508 3493 566 fortasse
3521 511 3687 577 dicat,

396 613 489 649 ται
517 595 616 649 τοῦ
650 596 1047 668 προειληφότος
1080 597 1225 651 κατά
1257 597 1349 651 τὸν
1380 599 1595 669 χρόνον,
1631 601 1722 653 καὶ
1765 599 1992 669 πρεσϐυ-

2110 600 2381 655 neminem
2416 609 2548 668 puto
2581 597 2708 667 quid
2752 600 3079 668 respondeat
3103 599 3419 655 habiturum
3449 618 3465 653 :
3500 602 3593 657 sed
3634 603 3687 657 in

394 685 566 756 τέραν
590 685 812 756 ἔχοντος
852 688 954 757 τὴν
984 689 1126 742 κατά
1152 688 1331 759 σάρκα
1381 689 1636 765 γέννησιν
1684 686 1889 756 αὑτοῦ;
1941 688 1992 742 E1

2108 692 2351 745 omnium
2391 699 2638 745 nostrum
2662 689 2946 744 Salvatore
2973 689 3193 745 Christo
3220 691 3355 746 nihil
3376 692 3633 762 impediet
3670 712 3686 749 :

396 777 499 847 μὲν
544 778 659 847 γὰρ
703 778 797 830 ἐπί
852 796 1000 841 τινος
1058 779 1168 833 τῶν
1216 780 1338 834 καθ’
1400 782 1548 851 ἡμᾶς
1594 783 1746 834 τουτὶ
1797 780 1992 851 λέγοιτ(

2110 794 2233 833 nam
2265 779 2437 849 ipsum
2475 777 2572 834 Dei
2628 779 2862 833 Verbum
2897 792 3007 833 suae
3064 780 3244 834 carnis
3279 782 3688 851 generationem

389 867 587 937 τυχὸν,
615 869 957 939 ἀπορήσειεν
983 869 1071 936 ἂν,
1096 867 1270 941 οἶμαι,
1297 872 1391 924 καὶ
1409 872 1743 926 ἀπαστισοῦν
1769 872 1848 934 είς
1871 873 1992 925 ἀπο·

2106 870 2209 926 sibi
2251 880 2505 939 tanquam
2537 868 2814 939 propriam
2856 868 3098 923 vindicat
3131 885 3141 918 :
3180 886 3281 926 nec
3316 882 3495 928 tamen
3532 875 3691 946 igno-

390 958 615 1027 λογίαν⁹
639 960 734 1013 ἐπὶ
754 960 812 1014 δέ
837 978 898 1029 γε
921 961 1018 1014 τοῦ
1043 963 1261 1016 πάντων
1282 963 1444 1035 ἡμῶν
1469 964 1721 1035 Σωτῆρος
1739 965 1992 1035 Χριστοῦ1

2107 961 2251 1016 ravit
2294 962 2447 1015 illum
2481 976 2603 1017 esse
2630 962 2966 1016 conditorem
3018 960 3372 1029 saeculorum,
3434 972 3487 1018 et
3539 965 3691 1034 prius

390 1050 456 1101 τὸ
488 1050 752 1120 ἐμποδὼν
781 1053 943 1106 οὐδέν
965 1068 979 1082 ⁶
1011 1053 1313 1107 οἰκειοῦται
1349 1053 1449 1123 μὲν
1481 1054 1589 1126 γὰρ
1610 1056 1638 1107 6
1666 1055 1731 1108 ὲκ
1746 1055 1881 1109 Θεοῦ
1902 1056 1992 1127 τῆς

2107 1053 2416 1117 exstitisse,
2452 1063 2639 1122 utpote
2680 1053 2879 1119 Deum,
2926 1062 2981 1108 et
3011 1068 3109 1129 suo
3144 1052 3291 1108 Patri
3331 1065 3686 1112 coaeternum.

2108 1142 2297 1212 Neque
2342 1143 2488 1199 enim
2523 1144 2673 1197 illum
2710 1144 2943 1199 dicimus
2995 1160 3225 1214 corpore
3282 1147 3553 1202 nativitati
3594 1164 3688 1204 co-

2105 1249 2278 1290 savum
2332 1236 2536 1290 habere
2584 1235 2798 1289 initium
2854 1236 3262 1304 subsistentiae,
3294 1239 3393 1294 sed
3439 1249 3592 1304 erat,
3626 1250 3689 1295 ut

2107 1326 2242 1390 dixi,
2275 1341 2340 1381 ex
2373 1326 2486 1395 ipsa
2532 1325 2625 1381 Dei
2686 1327 2792 1396 77
2832 1335 2886 1381 et
2930 1327 3106 1383 Patris
3152 1331 3391 1385 essentia
3441 1331 3689 1388 ineﬂ‘abi-

2105 1418 2229 1473 liter
2252 1418 2485 1485 genitus.
2525 1417 2670 1488 Ergo
2700 1433 2823 1474 cum
2852 1420 2923 1474 sit
2949 1428 3073 1475 ante
3111 1422 3388 1478 Abraham
3426 1434 3483 1477 ut
3519 1425 3683 1487 Deus,

2109 1505 2325 1559 tametsi
2356 1503 2537 1560 factus
2577 1507 2650 1561 sit
2703 1507 2890 1575 homo,
2930 1523 3037 1563 non
3094 1513 3394 1567 mentietur
3435 1513 3624 1570 dicens
3668 1534 3682 1567 :

394 1141 536 1205 ἱδξας
568 1144 777 1212 σαρκὸς
810 1144 911 1215 τὴν
958 1144 1215 1216 γέννησιν
1237 1163 1251 1175 ·
1291 1146 1434 1216 πλὴν
1470 1146 1571 1199 οὐκ
1605 1148 1875 1219 ἠγνόηκεν
1919 1149 2003 1201 ὅτι

387 1234 503 1286 τῶν
561 1235 780 1289 αἰώνων
830 1238 950 1290 ἐστὶ
1014 1240 1266 1309 ποιητὴς,
1325 1239 1419 1296 καὶ
1462 1239 1877 1310 προῦφέστηκεν
1927 1239 2002 1303 ὡς

386 1326 551 1390 θεὸς,
579 1328 676 1380 καὶ
700 1327 778 1398 τῷ
807 1328 922 1398 ἰδίῳ
945 1330 1124 1400 Πατρὶ
1156 1330 1446 1394 συναΐδιος.
1464 1331 1539 1383 Οὐ
1562 1330 1671 1402 γάρ
1692 1331 1774 1384 τοί
1797 1348 1999 1401 φαμεν,

386 1417 476 1471 ὅτι
508 1421 577 1489 τῇ
625 1420 882 1489 γεννήσει
924 1418 1019 1473 τοῦ
1071 1421 1203 1474 ἰδίου
1249 1420 1505 1491 σώματος
1550 1423 1845 1494 σύγχρονον
1889 1422 2000 1492 ἔχει

384 1507 494 1575 τὴν
525 1506 796 1580 ὓπαρξιν,
826 1508 942 1561 ἀλλ’
965 1504 1055 1579 ἦν,
1084 1510 1159 1573 ὼς
1185 1510 1343 1579 ἔφην,
1378 1512 1441 1563 ἐκ
1477 1512 1576 1582 τῆς
1615 1512 1709 1565 τοῦ
1744 1511 1880 1565 Θεοῦ
1906 1512 2002 1565 καὶ

384 1598 617 1668 Πατρδς
663 1599 853 1662 οὐσίας
910 1600 1243 1671 ἀπορρήτως
1314 1604 1734 1674 γεγεννημένος.
1790 1602 1992 1657 Οὐκοῦν

2109 1614 2128 1646 ι
2167 1595 2473 1665 Antequam
2494 1606 2641 1653 esset
2660 1598 2961 1664 Abraham,
2989 1616 3090 1671 ego
3116 1617 3259 1669 sum,
3290 1622 3312 1659 ι
3338 1612 3398 1657 ut
3427 1606 3517 1673 qui
3546 1621 3687 1660 unus

381 1689 534 1760 ἔχων
565 1689 631 1741 τὸ
657 1686 797 1743 εἶναι
830 1691 936 1761 πρὸ
983 1692 1238 1763 Ἀϐρααμ
1272 1693 1347 1757 ὡς
1370 1694 1526 1758 Θεὸς,
1561 1696 1665 1749 κᾶν
1696 1697 1744 1747 εξ
1775 1696 1998 1764 γέγονεν

381 1782 708 1853 ἄνθρωπος,
758 1785 857 1836 οὐκ
882 1783 948 1837 ἂν
978 1785 1334 1855 διαψεύσαιτο
1355 1787 1553 1856 λέγων,
1577 1789 1654 1851 ὡς
1679 1783 1760 1851 εἷς
1783 1787 2000 1859 ἀληθῶς

2104 1700 2233 1741 vere
2273 1687 2344 1743 sit
2376 1688 2549 1745 Filius
2596 1698 2651 1745 et
2700 1690 2982 1746 Dominus.
3029 1691 3211 1761 Neque
3263 1708 3395 1748 vero
3443 1684 3684 1760 mireris,

2105 1781 2149 1835 si
2187 1781 2294 1835 hoc
2328 1781 2504 1850 ipsum
2552 1782 2699 1852 quod
2744 1793 2829 1838 est
2863 1791 2989 1838 ante
3032 1784 3304 1839 Abraham
3336 1800 3447 1840 sua:
3478 1795 3687 1842 natura:

382 1876 486 1929 καὶ
519 1875 657 1939 Υἱὸς
687 1876 784 1929 καὶ
810 1875 1037 1947 Κύριος·
1079 1893 1099 1927 ι
1124 1877 1262 1949 Πρὶν
1312 1877 1567 1949 ’Δϐραάμ
1588 1878 1863 1947 γενέσθαι,
1884 1878 1992 1948 ἐγώ

2103 1872 2293 1928 tribuit
2324 1888 2339 1926 :
2386 1872 2483 1928 sed
2511 1872 2640 1928 illud
2675 1874 2856 1943 potius
2897 1882 3109 1943 reputa,
3137 1876 3302 1945 quod,
3329 1876 3456 1931 licet
3487 1893 3686 1947 corpus

386 1968 533 2036 ειμι.
568 1985 589 2016 ι
629 1967 746 2021 Καὶ
789 1967 864 2037 μή
905 1984 985 2020 τοι
1028 1967 1320 2040 θαυμάσῃς
1366 1969 1417 2021 εί
1461 1972 1529 2040 τῇ
1583 1970 1687 2042 ἰδίᾳ
1730 1972 1996 2042 τετίμηκε

389 2055 526 2130 [ισ.
572 2056 882 2130 νενέμηκε]
941 2058 1102 2128 φύσει
1123 2060 1186 2112 τὸ
1210 2055 1350 2112 εἶναι
1377 2060 1482 2131 πρὸ
1505 2060 1755 2134 Ἀϐραάμ
1778 2079 1792 2092 ·
1821 2062 1997 2116 διαλο-

389 2148 550 2216 γίζου
583 2149 644 2202 δὲ
678 2148 905 2218 μᾶλλον,
950 2150 1034 2203 ὅτι
1074 2148 1251 2202 καίτοι
1287 2150 1347 2202 τὸ
1396 2149 1561 2221 σῶμα
1599 2150 1779 2205 λαϐὼν
1806 2155 1871 2207 ὲκ
1895 2153 1997 2224 τῆς

397 2241 557 2308 ἁγίας
588 2240 897 2308 Παρθένου,
946 2240 1052 2312 ἔφη
1094 2241 1236 2312 πρὸς
1264 2242 1357 2295 τὸν
1384 2243 1697 2315 Νικόδημον
1721 2259 1736 2275 ⁸
1778 2263 1798 2296 ι
1828 2246 1890 2299 Εἰ
1926 2248 1995 2299 τά

399 2331 616 2398 ἐπίγεια
633 2328 791 2385 εἷπον
809 2333 965 2402 ὑμῖν,
990 2332 1086 2386 καὶ
1111 2333 1172 2386 οὐ
1202 2334 1488 2388 πιστεύετε
1506 2350 1521 2364 ⁸
1562 2335 1697 2398 πῶς,
1731 2336 1824 2390 ἐὰν
1856 2338 1996 2391 ετπω

399 2422 534 2493 ὑμῖν
570 2422 642 2475 τὰ
670 2423 999 2493 ἐπουράνια,
1034 2424 1390 2492 πιστεύσετε;
1427 2426 1538 2479 Καὶ
1592 2426 1767 2491 οὐδεὶς
1800 2428 1994 2482 ἀναϐέ-

389 2511 563 2582 ϐηκεν
593 2514 674 2575 εἰς
700 2512 793 2565 τὸν
812 2513 1066 2582 οὐρανὸν,
1093 2515 1141 2566 εί
1172 2514 1246 2585 μὴ
1280 2517 1308 2567 6
1336 2516 1401 2568 ὲκ
1439 2514 1533 2569 τοῦ
1566 2515 1797 2586 οὐρανοῦ
1825 2534 1996 2571 κατα·

386 2604 515 2669 ϐὰς,
545 2604 576 2655 ὁ
604 2604 736 2667 Υἱὸς
768 2603 866 2657 τοῦ
896 2603 1189 2675 ἀνθρώπου
1213 2621 1227 2634 ·
1251 2624 1269 2657 ι
1298 2604 1477 2658 καίτοι
1498 2606 1876 2676 κεχρημάτικε
1903 2608 1995 2661 καὶ

386 2695 523 2758 Υἱὸς
547 2694 868 2766 ἀνθρώπου,
908 2695 1193 2765 γεννηθεὶς
1219 2697 1285 2749 ὲκ
1317 2696 1588 2765 γυναικὸς
1618 2697 1760 2750 κατὰ
1791 2698 1990 2768 σάρκα.

381 2784 777 2855 Ψευδοεπησει
798 2782 994 2859 δὴᾼοῦν,
1025 2784 1460 2857 καταϐεϐηκέναι
1476 2786 1650 2856 λέγων
1681 2786 1741 2852 ἐξ
1761 2788 1992 2859 οὐρανοῦ

378 2875 477 2928 τὸν
528 2874 669 2927 Υἰὸν
728 2873 826 2927 τοῦ
862 2856 1225 2945 ’ἀνθρώποιδ
1284 2856 1564 2930 τουτέστιν
1627 2856 1860 2943 ἑαυτόνξ
1917 2879 1991 2949 μὴ

381 2966 604 3033 γένοιτο
632 2981 647 2994 ·
701 2966 802 3019 καὶ
834 2967 944 3036 γάρ
973 2967 1122 3019 ἐστιν
1162 2967 1324 3032 αὐτὸς
1353 2970 1387 3037 ἡ
1435 2967 1682 3041 ἀλήθεια.
1732 2969 1856 3032 Πῶς
1898 2966 1991 3022 οὖν

382 3058 600 3112 ἄνωθεν
629 3059 662 3109 6
686 3042 816 3121 Υἱός
843 3058 937 3111 τοῦ
970 3056 1263 3129 ἀνθρώπου
1291 3061 1451 3113 νοοῖτ’
1478 3060 1544 3113 ἂν
1561 3061 1789 3123 εἰκότως
1813 3076 1828 3125 ;
1866 3060 1990 3113 Ὅτι

382 3147 521 3210 Θεὸς
557 3146 639 3201 ὢν
674 3148 704 3199 6
736 3148 934 3215 Λόγος,
960 3146 1056 3199 καὶ
1080 3150 1146 3200 ὲκ
1167 3147 1267 3217 τῆς
1287 3147 1549 3202 ἀνωτάτω
1571 3149 1759 3203 πασῶν
1782 3148 1987 3213 οὐσίας,

2105 1963 2407 2032 accepisset
2434 1977 2466 2018 e
2500 1974 2689 2018 sancta
2723 1964 2970 2034 Virgine,
3001 1965 3139 2020 dixit
3174 1967 3239 2019 ad
3275 1966 3629 2024 Nicodemum
3664 1988 3681 2024 :

2112 2073 2131 2107 ‹
2159 2056 2215 2111 Si
2246 2066 2464 2113 terrena
2498 2055 2607 2111 dixi
2650 2056 2806 2111 vobis
2831 2065 2885 2111 et
2918 2071 3023 2111 non
3070 2058 3315 2124 creditis,
3340 2062 3610 2129 quomodo
3640 2063 3686 2115 si

2104 2147 2298 2203 dixero
2327 2148 2481 2204 vobis
2521 2147 2789 2214 caelestia,
2827 2148 3100 2205 credetis?
3135 2150 3202 2204 Et
3229 2165 3388 2206 nemo
3438 2153 3687 2207 ascendit

2110 2240 2163 2292 in
2204 2238 2427 2306 malum,
2473 2238 2577 2294 nisi
2616 2239 2710 2310 qui
2756 2240 2823 2296 de
2866 2240 3005 2295 caelo
3043 2241 3329 2297 descendit
3365 2240 3538 2298 Filius
3582 2245 3683 2298 bo-

2105 2332 2362 2399 minis";
2398 2350 2418 2383 ι
2447 2332 2595 2402 atqui
2628 2331 2928 2403 appellatus
2959 2342 3042 2387 est
3065 2331 3233 2387 Filius
3255 2333 3515 2399 hominis,
3544 2338 3682 2404 qua-

2106 2432 2265 2477 tenus
2297 2432 2382 2479 est
2403 2436 2471 2476 ex
2492 2422 2719 2478 muliere
2746 2422 3042 2478 secundmn
3075 2437 3316 2478 carnem.
3352 2422 3488 2489 Quid
3518 2425 3686 2491 ergo?

2103 2515 2467 2571 mentieturne
2548 2530 2672 2571 cum
2730 2514 2882 2578 dicit,
2927 2514 3123 2569 Filium
3167 2515 3424 2579 hominis,
3478 2517 3529 2570 id
3574 2527 3680 2579 esi,

2103 2607 2340 2674 seipsum
2376 2607 2727 2663 descendisse
2762 2607 2828 2661 de
2869 2606 3049 2661 οωΙοῖ
3081 2607 3222 2662 absit
3249 2624 3260 2658 :
3285 2618 3366 2661 est
3402 2608 3544 2662 enim
3592 2608 3681 2664 illa

2102 2695 2218 2766 ipsa
2256 2697 2480 2754 veritas.
2518 2698 2801 2765 Quomodo
2827 2698 2995 2768 igitur
3025 2713 3260 2768 superne
3302 2699 3472 2754 Filius
3508 2701 3683 2754 homi-

2102 2790 2187 2843 nis
2219 2791 2569 2845 descendisse
2600 2790 2825 2861 intelligi
2856 2792 3243 2846 convenienter
3283 2792 3502 2861 potest?
3529 2794 3678 2861 quia,

2102 2896 2222 2934 cum
2256 2879 2397 2934 Deus
2427 2890 2573 2936 esset
2638 2880 2870 2936 Verbum
2916 2891 2971 2936 et
3018 2895 3086 2935 ex
3144 2881 3231 2934 illa
3271 2896 3519 2950 suprema
3560 2898 3683 2936 om-

2103 2970 2249 3023 nium
2286 2971 2540 3035 essentia,
2572 2972 2926 3027 descendisse
2948 2972 3148 3026 dicitur
3175 2980 3228 3025 et
3269 2971 3502 3026 formam
3531 2975 3677 3027 servi

2103 3056 2403 3122 accepisse.
2436 3057 2641 3111 Deinde
2674 3045 2957 3113 nobiscum
3001 3060 3245 3128 loquitur
3273 3075 3377 3114 non
3418 3072 3678 3130 tanquam

2103 3146 2301 3198 nudmn
2330 3146 2509 3201 adhuc
2536 3147 2798 3212 Verbum,
2828 3149 2922 3203 sed
2959 3158 3212 3218 tanquam
3248 3149 3412 3203 homo
3437 3164 3468 3203 e
3499 3153 3676 3217 nobis,

384 3236 841 3308 καταϐεϐηκέναι
876 3238 1117 3306 λέγεται,
1160 3238 1256 3290 καὶ
1299 3237 1487 3291 δούλου
1533 3238 1746 3309 μορφὴν
1793 3238 1992 3290 ἀναλα-

2100 3244 2151 3289 et
2185 3238 2274 3304 qui
2308 3253 2445 3292 unus
2469 3236 2578 3306 jam
2611 3252 2733 3292 cum
2767 3239 2918 3293 unita
2950 3240 3052 3294 sibi
3101 3232 3275 3293 carne"
3306 3234 3668 3312 intelligatur.

384 3330 529 3385 δεῖν.
561 3323 705 3384 Εἶτα
732 3330 1046 3399 διαλέγεται
1080 3330 1217 3400 πρὸς
1249 3330 1415 3400 ἡμᾶς,
1460 3330 1560 3399 οὐχ
1587 3330 1664 3392 ὡς
1689 3328 1893 3399 γυμνὸς
1915 3329 1994 3380 ἔτι

383 3425 588 3492 Λόγος,
619 3423 741 3477 ἀλλ’
780 3424 856 3486 ὼς
879 3422 1170 3493 ἄνθρωπος
1200 3421 1320 3475 καθ’
1350 3422 1523 3492 ἡμᾶς,
1555 3422 1650 3474 καὶ
1678 3421 1753 3485 ὡς
1784 3415 1866 3484 εἷς
1893 3420 1993 3491 ἤδη

380 3515 692 3585 νοούμενος
716 3514 858 3585 μετά
881 3514 980 3584 τῆς
1004 3512 1303 3583 ένωθείσης
1340 3511 1488 3582 αὐτῴ
1524 3512 1725 3581 σαρκός
1759 3528 1773 3542 ·
1805 3511 1995 3580 ὥσπερ

382 3606 446 3661 δὲ
471 3608 567 3660 διὰ
603 3608 667 3660 τὸ
698 3609 768 3678 τῇ
801 3605 1031 3659 κενώσει
1079 3604 1310 3676 πρέπον,
1368 3601 1669 3656 οἰκειοῦται
1715 3602 1894 3656 πάντα
1926 3604 1995 3658 τὰ

381 3699 482 3752 τοῦ
527 3699 669 3751 ίδίου
712 3697 991 3767 σώματος,
1028 3697 1208 3751 καίτοι
1238 3696 1338 3766 τὴν
1369 3694 1530 3763 φύσιν
1559 3692 1851 3764 ἀσώματος
1893 3694 1990 3760 ὢν,

385 3790 535 3845 οὕτω
575 3791 674 3847 καὶ
704 3789 914 3843 ἀνωθεν
942 3788 1017 3841 ὢν
1044 3786 1210 3851 αὐτὸς
1254 3787 1350 3841 καὶ
1388 3785 1450 3849 te
1478 3784 1730 3856 οὐρανοῦ,
1758 3785 1820 3838 τὸ
1850 3785 1989 3839 ἄνω-

386 3882 483 3936 θεν
526 3884 692 3953 ἥκειν
740 3881 1010 3953 ἀπονέμει
1059 3880 1221 3935 πάλιν
1275 3878 1455 3949 ἑαυτῷ
1502 3878 1596 3932 καὶ
1631 3879 1720 3931 ὅτε
1770 3878 1993 3946 γέγονεν

383 3972 710 4048 ἅνθρωπος,
740 3975 846 4028 κᾶν
875 3976 923 4027 εί
952 3974 1281 4043 γεγέννηται
1313 3972 1455 4026 κατὰ
1485 3973 1663 4043 σάρκα
1693 3970 1811 4040 μεθ’
1835 3971 1992 4040 ἡμῶν

384 4069 449 4120 lx
485 4067 782 4136 γυναικός.
820 4066 1017 4132 Γέγονε
1051 4064 1234 4118 τοίνυν
1273 4065 1383 4117 τδια
1427 4064 1526 4132 μὲν
1568 4061 1664 4115 τοῦ
1694 4062 1890 4128 Λόγου,
1923 4060 1991 4114 τὰ

387 4159 482 4227 τῆς
505 4157 938 4228 ἀνθρωπότητος
961 4172 974 4184 ·
1009 4155 1117 4208 ίδια
1149 4155 1205 4207 δὲ
1235 4154 1397 4207 πάλιν
1421 4154 1520 4222 τῆς
1549 4150 1986 4221 ἀνθρωπότητος,

388 4253 456 4302 τά
486 4248 665 4303 αὐτοῦ
699 4247 796 4301 τοῦ
829 4248 1026 4315 Λόγου.
1066 4241 1162 4309 Εἷς
1195 4246 1306 4316 γὰρ
1331 4244 1475 4298 οὕτω
1511 4246 1712 4298 νοεῖται
1754 4242 1991 4311 Χριστὸς

386 4342 480 4395 καὶ
505 4341 640 4403 Υἱὸς
678 4340 772 4393 καὶ
803 4340 1030 4409 Κύριος.
1069 4338 1291 4408 Ἐπειδὴ
1320 4337 1375 4390 δὲ
1404 4335 1795 4407 προστέθεικεν
1821 4336 1849 4387 6
1870 4352 1992 4388 και-

383 4432 621 4501 νοτόμος
650 4431 860 4493 οὐτοσὶ,
893 4432 977 4483 ὅτι
1012 4449 1032 4482 ‹
1081 4430 1309 4499 Ὄμοιος
1360 4430 1475 4490 τοῖς
1536 4427 1785 4496 ἀδελφοῖς
1848 4426 1990 4480 κατὰ

382 4524 596 4584 πάντα,
631 4540 650 4571 ι
690 4523 720 4575 6
752 4522 931 4591 ψυχῆς
960 4521 1310 4592 ἀνθρωπίνης
1340 4520 1434 4571 καὶ
1460 4517 1663 4589 σαρκὸς
1706 4516 1988 4571 ἀναλαϐὼν

380 4615 753 4683 ἀδελφότητα,
784 4614 885 4684 οὐχ
920 4615 947 4665 6
970 4613 1168 4680 λέγων,
1198 4630 1218 4661 ι
1239 4611 1299 4664 Ὀ
1338 4609 1600 4680 ἑωρακὼς
1628 4610 1748 4680 ἐμὲ,
1776 4608 1990 4680 ἑώρακε

376 4707 477 4760 τὸν
513 4706 779 4777 Πατέρα·
808 4723 826 4755 ι
854 4704 988 4774 φέρε
1017 4704 1083 4774 δὴ
1106 4703 1269 4756 πάλιν
1299 4704 1327 4755 ὅ
1352 4702 1404 4754 τί
1436 4701 1566 4754 ποτέ
1598 4702 1745 4754 ἐστιν
1771 4702 1799 4754 ὅ
1825 4719 1990 4773 φησιν

380 4801 443 4853 ιν
492 4798 720 4859 τούτοις
771 4797 847 4860 ὡς
902 4796 981 4849 ἔνι
1027 4795 1515 4867 περιαθρήσωμεν.
1554 4794 1675 4847 Ὅτι
1727 4794 1826 4864 μὲν
1879 4794 1991 4866 γὰρ

378 4888 554 4943 εἰκών
595 4890 719 4942 ἐστι
767 4888 862 4942 καὶ
903 4885 1194 4958 χαρακτὴρ
1248 4884 1342 4938 τοῦ
1383 4884 1520 4937 Θεοῦ
1566 4884 1661 4936 καὶ
1699 4884 1913 4956 Πατρὸς
1963 4887 1994 4938 6

380 4981 536 5045 Υἱὸς,
569 4979 955 5050 διωμολόγηκε
980 4979 1077 5032 καὶ
1107 4977 1293 5040 αὑτός.
1338 4977 1433 5039 Τίς
1458 4976 1502 5028 δ’
1536 4976 1602 5030 ἂν
1630 4975 1717 5045 εἴη
1744 4975 1930 5028 λοιπὸν
1961 4978 1989 5029 6

377 5072 567 5143 ψυχῆς
604 5070 958 5141 ἀνθρωπίνης
1008 5068 1105 5122 καὶ
1154 5065 1408 5137 σώματος
1437 5064 1728 5119 ἀναλαϐὼν
1756 5064 1985 5133 ἀδελφό-

376 5175 547 5229 τητα,
580 5161 745 5231 δῆλον
773 5160 833 5212 δὲ
863 5161 945 5213 ὅτι
972 5159 1073 5229 τὴν
1100 5157 1238 5227 πρὸς
1260 5158 1428 5229 ἡμᾶς,
1453 5155 1749 5208 διδασκέτω
1781 5153 1985 5224 παρελ-

379 5252 517 5306 θών.
549 5257 627 5305 Οὐ
669 5255 781 5326 γάρ
817 5272 919 5309 που
948 5252 1086 5322 φαίη
1112 5269 1193 5314 τις
1222 5250 1287 5305 ἂν
1314 5251 1390 5313 ὡς
1420 5251 1449 5302 6
1479 5249 1602 5303 καθ’
1626 5250 1774 5318 ἡμᾶς
1798 5248 1986 5316 φαινό-

383 5362 554 5418 μενος
598 5343 908 5415 ἄνθρωπος,
954 5342 1087 5409 οἷον,
1134 5342 1423 5414 Βαρνάϐας
1464 5341 1648 5411 τυχὸν,
1683 5340 1715 5411 ἢ
1751 5339 1985 5405 Παῦλος,

378 5440 556 5507 ἦγουν
590 5437 780 5506 ἕτερός
807 5453 889 5499 τις
917 5437 1028 5488 τῶν
1051 5436 1350 5489 τελούντων
1375 5436 1433 5487 ὲν
1456 5432 1787 5504 ἀνθρώποις,
1808 5430 1989 5502 ψυχῆς

377 5528 741 5601 ἀνθρωπίνης
770 5528 867 5581 καὶ
900 5526 1155 5597 σώματος
1197 5525 1595 5596 ἀνθρωπότητα
1618 5521 1738 5594 [ton
1765 5522 1989 5591 ἀδελφό-

376 5618 561 5696 τητα]
621 5620 812 5677 λαϐεῖν
834 5619 1041 5689 λέγοιτ’
1082 5620 1171 5686 ἂν,
1215 5620 1291 5683 ὡς
1328 5617 1518 5689 ἓτερόν
1550 5634 1603 5670 τι
1638 5617 1793 5688 παρὰ
1828 5615 1989 5669 τοῦτο

448 5800 495 5834 ⁸⁸
528 5800 688 5855 Joan.
716 5814 803 5861 ιιι.
834 5796 1039 5860 12,13.

618 5892 905 5953 ΡΑι-ιιοι..
941 5889 1059 5948 Gn.
1102 5889 1358 5949 LXXVI.

2100 3327 2169 3381 Ut
2203 3339 2390 3382 autent
2439 3339 2661 3398 propter
2706 3329 2759 3385 id
2807 3331 2950 3400 quod
2983 3332 3338 3386 exinanitioni
3380 3336 3675 3403 convenit,

2097 3422 2278 3474 omnia
2310 3421 2399 3476 sui
2427 3423 2674 3491 corporis
2706 3431 2962 3493 tanquam
3000 3425 3101 3479 sibi
3134 3427 3351 3495 propria
3405 3428 3669 3494 vindicat,

2098 3511 2225 3567 licet
2253 3526 2321 3566 ex
2374 3522 2566 3569 natura
2624 3515 2694 3569 sit
2738 3516 3130 3585 incorporeus;
3176 3517 3250 3571 ita
3303 3533 3517 3590 quoque
3551 3537 3673 3576 cum

2098 3602 2217 3670 ipse
2248 3618 2484 3673 superne
2516 3606 2588 3662 sit
2620 3615 2675 3662 et
2710 3621 2740 3660 e
2776 3608 2935 3672 coelo,
2973 3609 3074 3663 hoc
3108 3609 3282 3677 ipsum
3314 3626 3546 3682 superne
3578 3629 3675 3668 ve-

2096 3692 2216 3747 nire
2252 3694 2354 3748 sibi
2393 3695 2495 3762 ipsi
2525 3711 2741 3751 rursum
2777 3698 2965 3751 tribuit
3010 3707 3122 3753 tum
3168 3716 3382 3770 quoque
3415 3718 3536 3759 cum
3590 3705 3675 3759 l‘a-

2095 3795 2217 3842 ctus
2243 3798 2327 3841 est
2362 3789 2545 3853 homo,
2578 3789 2705 3845 licet
2757 3800 2920 3845 natus
2966 3791 3034 3844 sit
3064 3792 3345 3847 nobiscum
3378 3797 3674 3850 secundum

2094 3891 2313 3931 carnem
2334 3894 2398 3932 ex
2430 3879 2678 3933 muliere.
2707 3878 2869 3934 Facta
2900 3890 3028 3934 sunt
3056 3880 3218 3949 igitur
3246 3882 3403 3937 Verbi
3432 3887 3673 3954 propria,

2095 3981 2215 4034 quze
2272 3976 2395 4021 sunt
2471 3968 2877 4031 humanitatis,
2942 3983 3269 4038 rursumque
3318 3971 3677 4028 humanitatis

2099 4057 2344 4123 proriria,
2374 4071 2496 4124 quae
2526 4066 2653 4111 sunt
2691 4057 2861 4126 ipsius
2901 4055 3086 4113 Verbi.
3137 4058 3230 4113 Sic
3263 4076 3496 4129 namque
3536 4079 3677 4119 unus

2094 4147 2346 4201 Christus
2381 4158 2435 4200 et
2461 4147 2629 4202 Filius
2659 4158 2714 4203 et
2750 4148 3012 4205 Dominus
3039 4151 3384 4221 intelligitur.
3418 4152 3524 4208 Sed
3546 4156 3677 4225 quia

2095 4240 2181 4294 hic
2200 4249 2426 4294 novatur
2443 4239 2671 4310 adjecit:
2696 4259 2714 4294 ι
2731 4241 2932 4298 Similis
2953 4243 3208 4299 fratribus
3240 4260 3334 4314 per
3355 4248 3538 4302 omnia
3568 4249 3671 4314 ",s

2092 4332 2182 4400 qui
2204 4332 2449 4386 humanm
2472 4332 2664 4387 anima;
2687 4334 2975 4402 carnisque
3002 4335 3398 4391 fraternitatem
3414 4340 3675 4407 suscepit,

2094 4437 2200 4476 non
2246 4422 2336 4476 ille
2390 4422 2483 4492 qui
2533 4425 2670 4477 dixit
2720 4440 2787 4476 τι
2823 4426 2924 4491 Qui
2970 4428 3102 4481 vidit
3136 4442 3241 4493 me,
3281 4429 3418 4482 vidit
3466 4440 3520 4482 et
3565 4430 3674 4483 Pa-

2098 4524 2234 4568 trem
2258 4515 2301 4546 "
2323 4531 2338 4569 :
2364 4533 2381 4565 ι
2414 4530 2513 4584 age
2535 4516 2647 4585 jam
2685 4532 2871 4571 rursus
2904 4518 3030 4585 quid
3062 4520 3273 4573 tandem
3301 4519 3354 4572 in
3388 4521 3471 4575 his
3496 4521 3676 4575 verbis

2097 4606 2201 4660 sibi
2229 4606 2380 4671 velit,
2414 4617 2469 4660 ut
2504 4607 2686 4661 licebit
2719 4609 3146 4663 consideremus.
3178 4610 3259 4663 Ac
3312 4610 3506 4665 Filium
3553 4626 3676 4667 esse

2094 4699 2188 4753 Dei
2220 4710 2275 4753 et
2297 4699 2476 4753 Patris
2508 4699 2799 4768 imaginem
2823 4710 2878 4754 et
2914 4699 3166 4768 figuram,
3193 4700 3308 4767 ipse
3339 4715 3555 4770 quoque
3590 4700 3675 4754 fa-

2097 4798 2240 4844 tetur
2269 4806 2282 4841 :
2316 4791 2571 4860 quisquis
2606 4805 2771 4859 porro
2804 4792 3055 4844 humana:
3091 4789 3286 4843 anima:
3322 4791 3676 4858 corporisque

2096 4882 2498 4937 fraternitatem
2553 4882 2900 4950 susceperit,
2950 4880 3094 4934 illam
3119 4881 3326 4935 scilicet
3352 4896 3455 4948 qua
3492 4882 3679 4935 nobis-

2096 4988 2219 5027 cum
2262 4972 2531 5044 jungitur,
2573 4974 2801 5043 prodeat
2867 4988 2931 5027 ac
2966 4973 3133 5027 dicat.
3174 4970 3465 5041 Nunquam
3530 4974 3675 5026 enim

2094 5064 2381 5132 quisquam
2431 5065 2610 5128 dicet,
2648 5064 2923 5118 hominem
2973 5064 3066 5132 qui
3110 5063 3280 5117 nostri
3317 5063 3510 5117 similis
3556 5076 3679 5116 esse

2093 5158 2362 5218 cernitur,
2392 5156 2543 5209 verbi
2571 5154 3097 5225 gratia,Barnabam
3135 5154 3385 5219 fortasse,
3420 5154 3502 5208 vel
3534 5153 3677 5207 Pau-

2095 5245 2231 5311 lum,
2263 5254 2358 5299 aut
2394 5246 2562 5300 alium
2586 5246 2895 5315 quempiam
2924 5246 3015 5315 qui
3048 5256 3339 5303 censeatur
3387 5246 3530 5297 inter
3560 5243 3678 5295 .ho-

2096 5338 2296 5403 mines,
2323 5337 2428 5392 dici
2459 5351 2617 5406 posse
2648 5339 2899 5391 humanae
2944 5337 3139 5389 anima:
3183 5332 3540 5402 corporisque
3572 5329 3677 5382 l‘ra-

2098 5432 2411 5486 ternitatem
2442 5430 2757 5500 suscepisse
2783 5470 2800 5497 ,
2828 5428 2983 5498 quasi
3019 5428 3065 5481 is
3095 5426 3243 5480 aliud
3289 5423 3545 5493 quiddam
3596 5420 3671 5474 sit

2097 5523 2165 5578 ab
2196 5523 2298 5578 hoc
2331 5521 2628 5586 diversum,
2661 5523 2803 5591 quod
2833 5528 3019 5590 postea
3051 5515 3356 5579 susceperit
3394 5532 3407 5567 :
3441 5514 3534 5566 sed
3560 5509 3671 5581 78

2098 5613 2283 5683 potius
2309 5621 2417 5678 est,
2448 5613 2574 5669 dum
2601 5612 2744 5667 ineo
2799 5618 2983 5665 manet
3032 5608 3176 5678 quod
3219 5616 3349 5661 est:
3392 5620 3498 5661 non
3544 5615 3673 5673 ergo

1117 5794 1165 5828 ”
1201 5794 1362 5851 ll'ebr.
1391 5811 1452 5865 tt,
1484 5797 1566 5851 -l7.
1646 5796 1689 5829 ⁸⁷
1727 5793 1884 5850 Joau.
1909 5807 2019 5859 xrv,
2048 5792 2104 5849 9.

3341 5874 3376 5932 5
