4150 6440
485 341 584 395 139

1468 327 1528 384 S.
1572 326 1847 384 CYRILLI
1886 320 2362 382 ALEXAIVDIHNI
2403 319 2724 377 ARCIIIEP.

3650 323 3750 378 HO

485 463 644 516 homo
669 456 865 528 aliquis
893 455 1003 526 jam
1034 452 1328 515 exsistcns,
1361 450 1613 521 accipere
1649 450 1883 520 idipsum
1915 448 2060 518 quod

2178 444 2447 515 Βπάρχων,
2484 439 2584 498 εἷθ’
2629 444 2775 498 οὕτω
2818 443 3035 499 λασώνο
3086 445 3201 498 ἔστι
3235 444 3291 499 δὶ
3334 445 3537 517 μᾶλλον
3577 446 3635 498 ἓν
3689 463 3754 515 ys

481 562 589 615 est,
627 548 780 620 quasi
811 546 958 601 aliud
1011 543 1269 614 quiddam
1327 556 1357 595 a
1409 556 1469 597 se
1517 541 1816 605 diversum,
1857 539 2061 593 intelli—

482 644 685 714 gendus
719 647 841 694 est:
879 637 972 693 sed
999 636 1180 706 potius
1208 634 1285 689 illi
1336 647 1404 689 ex
1449 634 1561 689 Deo
1612 633 1796 703 genito
1832 629 2010 686 Verbo
2041 667 2058 695 ,

480 736 571 803 qui
619 729 916 786 secundum
965 741 1078 781 sua:
1129 733 1336 779 natura:
1387 723 1629 778 rationes
1679 720 1962 776 nobiscum
2006 719 2060 774 in

480 823 727 879 eumdem
759 834 981 876 censum
1027 815 1223 872 referri
1252 830 1358 870 non
1408 824 1613 883 potest,
1667 810 1925 869 convenit
1959 809 2062 865 hu-

483 931 655 971 mante
688 915 882 967 animat
906 923 962 967 et
1001 910 1247 979 corporis
1290 910 1684 963 fraternitatem
1717 920 1822 976 qua
1871 903 2061 961 nobis-

484 1026 602 1062 runt
628 1007 907 1078 jungatur,
940 1002 1236 1072 accepisse.
1277 1001 1341 1056 Et
1377 1000 1503 1057 huic
1536 1009 1736 1055 nostra
1776 996 2063 1053 sententia:

485 1112 596 1154 tum
647 1102 760 1169 ipsa
795 1098 1043 1152 veritatis
1098 1094 1239 1148 ratio
1290 1092 1691 1162 patrocinatur,
1746 1099 1857 1145 tum
1893 1090 2061 1145 etiam

484 1195 704 1260 integrae
739 1189 859 1243 fidei
892 1186 1134 1240 traditio.
1177 1183 1402 1238 Constat
1434 1196 1565 1252 ergo
1599 1181 1653 1236 in
1681 1180 1855 1236 forma
1884 1180 1977 1236 Dei
2003 1188 2060 1236 et

480 1285 658 1340 Patris
688 1283 853 1337 Deum
886 1278 1116 1333 Verbum
1142 1275 1367 1331 fratrem
1401 1275 1558 1329 nobis
1586 1273 1789 1328 factum
1817 1287 1940 1328 esse
1964 1287 2063 1341 per

484 1377 689 1440 omnia,
723 1375 976 1428 humanae
1006 1369 1200 1422 animm
1226 1376 1280 1421 et
1300 1366 1549 1436 corporis
1572 1363 1921 1418 fraternitate
1936 1378 2057 1417 sus-

483 1479 637 1537 cepta
693 1479 869 1533 neque
915 1461 1177 1516 tncntilur
1221 1473 1344 1513 cutn
1395 1457 1473 1512 ait
1517 1471 1529 1505 :
1572 1474 1591 1509 ι
1632 1455 1731 1523 Qui
1775 1454 1910 1508 vidit
1954 1468 2061 1521 me,

480 1559 614 1613 vidit
647 1568 701 1612 et
724 1556 967 1610 Patrem.
1005 1570 1025 1604 s
1058 1549 1192 1604 Nam
1226 1548 1271 1603 si
1300 1547 1423 1617 quis
1455 1556 1704 1601 nostrum
1733 1544 1799 1600 ad
1819 1557 1942 1599 eam
1972 1558 2063 1599 us-

481 1666 587 1722 que
614 1648 1002 1715 cogitationum
1028 1640 1358 1696 dementiam
1386 1639 1571 1708 lapsus
1591 1645 1763 1704 esset,
1806 1644 1867 1690 ut
1899 1644 2057 1706 puta-

482 1756 563 1799 ret
591 1744 756 1797 etiatn
790 1739 965 1807 ipsum
1001 1736 1092 1806 qui
1117 1734 1168 1789 in
1194 1731 1351 1788 caelis
1402 1739 1487 1786 est
1531 1729 1748 1785 Patrem
1784 1742 1850 1782 ac
1886 1725 2057 1782 Deum

479 1850 544 1890 eo
579 1803 962 1902 dejiciendum,
1000 1803 1058 1881 ut
1104 1824 1328 1881 omnino
1359 1830 1604 1876 nostram
1645 1817 2062 1875 similitudinem
2096 1803 2137 1859 Β

482 1929 698 1989 habeat,
755 1934 1074 1991 corpoream
1117 1916 1401 1981 nimirum,
1450 1923 1597 1967 recte
1642 1917 1939 1977 metueret,
1970 1922 2060 1976 ne,

481 2022 606 2074 dum
641 2017 892 2072 Christus
923 2011 1097 2065 dicit:
1133 2026 1152 2059 ι
1208 2007 1310 2074 Qui
1358 2005 1494 2059 vidit
1531 2018 1640 2071 me,
1698 2002 1834 2056 vidit
1857 2010 1914 2056 et
1956 1999 2063 2054 Pa-

484 2124 644 2175 trem,
685 2127 701 2161 s
741 2109 916 2176 ipsum
970 2115 1190 2173 quoque
1238 2112 1307 2153 ex
1352 2112 1461 2167 quo
1513 2105 1599 2152 est
1642 2095 1823 2165 specie
1874 2102 2064 2149 nostra

481 2220 602 2259 esse
633 2212 687 2256 et
715 2200 916 2269 figuras
960 2192 1210 2263 corporis
1259 2192 1461 2245 habere
1510 2187 1907 2258 suspicaretur.
1955 2182 2067 2238 Sed

482 2300 606 2367 quia
649 2296 815 2350 etiam
855 2290 1025 2345 Filius
1064 2284 1301 2341 hominis
1335 2281 1538 2345 factus,
1594 2281 1700 2335 hoc
1742 2278 1886 2349 quod
1922 2276 2065 2333 Deus

478 2397 599 2444 erat
627 2384 887 2445 servavit,
919 2390 974 2435 et
1008 2394 1117 2432 sua:
1141 2385 1348 2430 natura:
1378 2371 1839 2442 pulchritudinem
1869 2370 2068 2424 immu-

487 2481 705 2535 labilem
739 2474 956 2535 retinet,
990 2470 1138 2524 nullo
1169 2467 1328 2521 tuodo
1377 2465 1609 2519 verebor
1656 2464 1862 2527 dicere,
1911 2461 2066 2516 illum

484 2587 606 2628 esse
635 2569 801 2624 etiam
832 2564 1068 2620 similem
1098 2560 1256 2615 nobis
1286 2571 1393 2627 qua
1423 2556 1585 2609 homo
1608 2567 1713 2618 est,
1758 2563 1815 2608 ut
1839 2567 1938 2608 nos
1967 2567 2064 2607 su-

485 2680 608 2720 mus
644 2677 711 2715 ex
744 2659 924 2713 anima
952 2651 1114 2709 simul
1163 2663 1217 2706 ct
1265 2662 1518 2717 corpore,
1572 2646 1821 2716 quamvis
1872 2655 2067 2698 natura

486 2760 559 2812 sit
602 2755 763 2820 Deus,
809 2762 864 2806 et
894 2752 1064 2822 figura
1105 2749 1427 2804 substantiae
1459 2747 1740 2804 Genitorts
1790 2745 1859 2799 ⁵⁸.
1916 2742 2069 2799 Unus

486 2851 655 2920 igitur
690 2847 939 2913 idemque
969 2842 1164 2898 similis
1195 2852 1278 2896 est
1310 2841 1570 2895 fratribus
1606 2839 1909 2894 secundum
1942 2852 2068 2891 car-

488 2957 610 2995 nem
636 2948 687 2993 et
719 2940 774 2992 in
814 2953 908 2991 sua
947 2944 1140 2990 natura
1165 2949 1269 3004 qua
1304 2933 1444 2987 Deus
1473 2941 1582 2996 est,
1636 2933 1811 3002 ipsunt
1853 2943 2071 2999 quoque

485 3032 704 3088 Panem
751 3028 1010 3085 ostendit.
1067 3026 1167 3079 llic
1226 3041 1356 3081 vero
1404 3025 1455 3080 id
1501 3040 1608 3080 non
1664 3023 1915 3093 intelligit
1963 3020 2072 3076 ullo

2161 538 2242 608 τῷ
2275 535 2416 592 εἶναι
2442 536 2590 591 τοῦθ’
2612 538 2749 609 ὅπερ
2776 537 2946 592 ἐστίν.
2992 536 3204 591 Οὐκοῦν
3230 538 3332 591 οὐκ
3359 536 3648 608 ἄνθρωπός
3674 554 3755 601 τις

2164 632 2451 702 ὑπάρχων,
2508 630 2585 695 ὡς
2639 630 2826 702 ἔτερόν
2871 649 2926 685 τι
2979 632 3108 701 παρ’
3162 629 3382 697 ἑαυτὸν,
3449 630 3637 684 λαϐεῖν
3690 630 3755 682 ἂν

2163 725 2335 777 νοοῖτο
2359 722 2420 775 τὸ
2452 717 2588 777 εἶναι
2617 723 2647 776 6
2674 723 2792 776 ἔστι
2818 740 2831 754 ·
2880 723 3082 794 πρέποι
3122 723 3167 777 δ’
3216 724 3281 777 ἂν
3335 724 3539 795 μᾶλλον
3567 724 3648 795 τῷ
3688 726 3757 778 ἐκ

2144 812 2299 867 ιΘεοῦ
2322 811 2480 882 φύντι
2502 812 2681 883 Λόγῳ,
2715 812 2777 866 τὸ
2809 812 3150 868 ἀσύντακτον
3181 812 3357 884 ἔχοντι
3404 813 3543 884 πρὸς
3582 813 3756 883 ἡμᾶς,

2161 905 2308 961 κατά
2340 922 2405 975 γε
2433 906 2559 968 τοὺς
2592 905 2692 977 τῆς
2742 905 2879 969 ιδίας
2912 905 3127 975 φύσεως
3170 905 3386 974 λόγους,
3432 905 3613 975 ψυχῆς
3662 907 3759 957 ἁν-

2165 995 2448 1067 θρωπίνης
2494 996 2590 1048 καὶ
2621 993 2875 1065 σώματος
2916 997 3015 1068 τὴν
3047 996 3185 1068 πρὸς
3225 999 3375 1067 ἡμᾶς
3421 995 3760 1066 ἀδελφότητα

2164 1086 2372 1142 λαϐεῖν.
2400 1087 2512 1141 Kal
2538 1088 2672 1158 πρός
2705 1104 2770 1155 γε
2809 1088 2966 1140 τοῦτο
2990 1089 3121 1160 ἡμῖν
3150 1088 3178 1140 6
3209 1088 3307 1157 τῆς
3348 1088 3607 1159 ἀληθείας
3660 1089 3757 1140 t1:-

2164 1183 2477 1249 αγωνιεῖται
2492 1180 2670 1248 λόγος,
2685 1180 2782 1234 καὶ
2808 1182 2906 1250 τῆς
2928 1181 3229 1252 ἀμωμήτου
3255 1180 3490 1245 πίστεως
3516 1184 3551 1251 ἡ
3578 1181 3757 1253 παρά-

2164 1275 2329 1339 δοσις.
2369 1275 2610 1345 Ἀραρεν
2644 1270 2737 1328 οὖν
2765 1275 2849 1328 ὅτι
2887 1276 2943 1327 ὲν
2966 1277 3161 1346 -μορᾳῇ
3205 1274 3299 1327 τοῦ
3332 1273 3469 1327 Θεοῦ
3518 1274 3612 1327 καὶ
3649 1275 3761 1327 Πα-

2165 1369 2314 1439 τρὸς,
2340 1368 2471 1431 Θεὸς
2507 1369 2680 1436 Λόγος
2721 1367 2951 1436 ἀδελφὸς
2982 1370 3117 1439 ⁴ἡμῖν
3156 1368 3301 1422 κατά
3328 1368 3511 1421 πάντα
3543 1369 3759 1437 γέγονε,

2163 1459 2341 1529 ψυχῆς
2384 1458 2736 1529 ἀνθρωπίνης
2768 1459 2864 1512 καὶ
2905 1457 3158 1529 σώματος
3187 1459 3524 1530 ἀδελφότητα
3553 1458 3758 1525 λαόὼν,

2166 1549 2263 1602 καὶ
2306 1548 2406 1601 οὐκ
2458 1548 2525 1602 ἀν
2563 1547 2916 1612 διαψεύσαιτο
2963 1549 3161 1617 λέγων,
3202 1568 3227 1602 s
3251 1551 3309 1603 '0
3343 1549 3603 1620 ἑωρακὼς
3634 1550 3760 1621 εμὲ.

2167 1639 2381 1713 ἑώρακε
2410 1640 2503 1696 τὸν
2542 1640 2782 1712 Πατέρα.
2807 1660 2826 1693 ι
2880 1641 2944 1694 El
2988 1641 3088 1712 μὲν
3115 1640 3225 1711 γάρ
3252 1659 3335 1706 τις
3370 1642 3478 1695 τῶν
3507 1643 3566 1695 ἐν
3606 1643 3759 1713 ἡμῖν,

2167 1733 2415 1805 ἀμαθίας
2461 1736 2541 1797 είς
2579 1732 2740 1788 τοῦτο
2770 1733 3108 1790 κατὼλισθεν
3146 1735 3388 1803 ἐννοιῶν,
3435 1737 3511 1800 ὡς
3554 1736 3765 1792 οῖεσθαι

2166 1828 2261 1881 καὶ
2284 1827 2445 1881 αὑτὸν
2466 1827 2559 1880 τὸν
2588 1827 2646 1879 ἐν
2671 1828 2785 1890 τοῖς
2808 1828 3058 1897 οὐρανοῖς
3084 1828 3301 1899 Πατέρα
3323 1828 3417 1882 καὶ
3442 1828 3573 1882 Θεὸν
3596 1845 3766 1882 κατα-

2167 1918 2490 1990 κομίζεσθαι
2544 1919 2678 1986 δεῖν,
2720 1919 2799 1984 εἷς
2839 1937 2905 1989 γε
2954 1920 3014 1973 τὸ
3049 1922 3267 1992 χρῆναι,
3314 1922 3480 1992 φημὶ,
3513 1921 3610 1991 τὴν
3639 1920 3764 1975 καθ’

2167 2014 2315 2083 ἡμᾶς
2339 2012 2598 2083 ὁμοίωσιν
2643 2012 2810 2084 ἔχειν,
2857 2013 3018 2084 δῆλον
3046 2014 3102 2067 δὲ
3138 2015 3221 2068 ὅτι
3272 2015 3372 2084 τὴν
3416 2015 3763 2084 σωματικὴν,

2166 2105 2345 2177 ὀρθῶς
2389 2105 2601 2170 ἐδεδίει,
2655 2105 2732 2177 μὴ
2779 2107 2889 2176 ἀρα
2933 2123 3034 2160 που
3085 2106 3334 2175 λέγοντος
3376 2106 3471 2159 τοῦ
3504 2106 3767 2176 Χριστοῦ,

2173 2216 2193 2249 ι
2234 2197 2294 2250 Ὀ
2321 2196 2583 2268 ἑωρακὼς
2622 2197 2742 2267 ἐμὲ,
2775 2195 2989 2267 ἑώρακε
3014 2197 3106 2252 τὸν
3139 2198 3383 2270 Πατέρα,
3415 2217 3434 2251 ι
3479 2201 3573 2253 καὶ
3598 2200 3765 2253 αὐτὸν

2169 2290 2537 2360 ὑποτοπήσειε
2561 2288 2652 2342 τὸν
2681 2288 2740 2355 ἐξ
2778 2283 2951 2361 οὗπέρ
2979 2291 3148 2354 ἐστιν,
3183 2290 3241 2343 ἐν
3275 2291 3403 2344 εῖδει
3433 2307 3488 2343 τε
3512 2287 3648 2344 εἶναι
3686 2288 3769 2361 τῷ

2168 2380 2292 2435 καθ’
2328 2381 2496 2452 ἡμᾶς,
2546 2379 2642 2434 καὶ
2685 2382 2746 2434 ὲν
2787 2383 2900 2444 τοῖς
2948 2381 3092 2434 κατά
3127 2381 3288 2451 σῶμα
3339 2383 3766 2451 σχηματισμοῖς.

2181 2473 2403 2544 Ἐπειδὴ
2453 2473 2510 2526 δὲ
2553 2474 2648 2526 καὶ
2698 2472 2825 2537 Υίὸς
2878 2471 3169 2540 ἀνθρώπου
3198 2471 3459 2542 γεγονὼς,
3514 2474 3576 2526 τὸ
3629 2469 3770 2525 εἶναι

2166 2567 2304 2630 Θεὸς
2354 2565 2669 2631 διεσώσατο,
2722 2565 2914 2619 καὶτὸ
2964 2566 3065 2636 τῆς
3108 2567 3247 2632 ἰδίας
3306 2568 3522 2636 φύσεως
3575 2566 3770 2630 καλλος

2169 2659 2592 2731 ἀπαραποίητον
2615 2660 2750 2729 ἔχει,
2777 2659 3179 2728 κατοκνήσαιμ’
3204 2659 3271 2713 ἂν
3294 2660 3545 2730 οὐδαμῶς
3570 2660 3770 2721 εἰπεῖν,

2170 2749 2255 2803 ὅτι
2289 2749 2384 2804 καὶ
2416 2750 2516 2820 τὴν
2553 2750 2688 2820 πρὸς
2728 2750 2879 2819 ἡμᾶς
2916 2749 3176 2818 ὁμοίωσιν
3220 2749 3355 2820 ἔχει,
3409 2751 3553 2804 κατά
3598 2767 3660 2818 γε
3711 2750 3774 2803 τὸ

2172 2839 2313 2897 εἶναι
2339 2841 2460 2896 καθ’
2495 2843 2643 2913 ἡμᾶς
2670 2840 2980 2911 ἄνθρωπος,
3007 2845 3036 2896 6
3068 2844 3134 2896 ἐκ
3161 2842 3341 2914 ψυχῆς
3373 2845 3466 2898 καὶ
3492 2842 3770 2913 σώματος,

2174 2936 2353 2989 καίτοι
2384 2935 2516 2997 Θεὸς
2549 2934 2625 2988 ῶν
2652 2934 2812 3005 φύσει
2844 2935 2940 2988 xal.
2976 2934 3267 3005 χαρακτὴρ
3296 2937 3395 3006 τῆς
3418 2936 3775 2997 ὑποστάσεως

2173 3028 2269 3082 τοῦ
2300 3026 2714 3097 γεγεννηκότος.
2752 3021 2846 3089 Εἷς
2877 3021 2971 3079 οὖν
3018 3025 3129 3096 ἄρα
3174 3026 3270 3079 καὶ
3307 3028 3334 3079 6
3364 3026 3547 3090 αὐτὸς,
3591 3042 3772 3096 παρα-

488 3127 693 3189 modo,
754 3122 849 3177 sed
903 3132 1104 3175 rectam
1156 3131 1458 3187 puramque
1509 3115 1752 3186 mysterii
1804 3114 2069 3169 rationem

2180 3121 2413 3192 πλήσιος
2443 3119 2543 3189 μὲν
2568 3121 2683 3182 τοῖς
2712 3118 2962 3188 ἀδελφοῖς
2999 3117 3141 3171 κατά
3176 3118 3377 3188 σάρκα,
3411 3116 3673 3170 δεικνύων
3716 3116 3776 3168 δὲ

486 3218 825 3279 adulterans,
863 3214 1028 3268 alium
1054 3211 1210 3265 nobis
1242 3220 1298 3264 et
1331 3209 1496 3263 alium
1529 3208 1737 3262 inducit
1761 3206 2070 3268 Christum,

487 3323 543 3369 et
584 3310 934 3366 Judaicorum
984 3305 1275 3359 criminunt
1329 3302 1537 3371 laqueis
1574 3311 1789 3370 captus,
1836 3297 1929 3352 ubi
1979 3296 2075 3361 sit,

488 3409 545 3454 et
574 3413 681 3467 quo
725 3395 995 3450 tnalorunt
1031 3392 1245 3445 venerit
1282 3391 1503 3444 minime
1535 3390 1723 3444 sentit.
1764 3387 2078 3442 Audiehant

490 3493 636 3548 enim
662 3488 752 3560 qui
790 3489 855 3541 de
876 3497 1079 3555 genere
1111 3478 1280 3536 Israel
1307 3490 1493 3546 erant,
1525 3481 1692 3535 Deum
1740 3480 2076 3535 clamantem

490 3600 588 3656 per
614 3583 902 3653 quemdam
961 3585 1275 3632 sanctorum
1313 3575 1705 3646 prophetarum
1763 3573 1833 3628 de
1861 3572 2081 3628 Emma-

492 3676 619 3732 nuel
654 3690 668 3726 :
708 3692 726 3725 ι
763 3673 831 3726 Ει
872 3680 960 3735 ιιι,
1004 3667 1319 3723 Bethlehent
1373 3667 1567 3721 domus
1613 3663 1932 3735 Ephratha,
1980 3662 2083 3718 tui-

494 3773 643 3825 ninia
690 3782 750 3822 cs
801 3770 854 3820 in
908 3763 1147 3818 millibus
1192 3760 1328 3814 Juda
1364 3777 1380 3815 :
1417 3773 1484 3814 ex
1523 3768 1575 3812 te
1621 3756 1754 3812 mihi
1809 3755 1982 3811 exibit
2025 3766 2087 3809 ut

495 3864 568 3917 sit
601 3861 853 3930 princeps
881 3857 934 3910 in
966 3852 1152 3917 Israel,
1187 3862 1241 3906 et
1269 3852 1449 3907 exitus
1497 3849 1614 3919 ejus
1652 3862 1682 3901 a
1714 3846 1982 3917 principio
2012 3860 2081 3901 es

496 3955 691 4010 diebus
720 3949 1046 4005 azteruitatis
1080 3945 1147 4000 ".
1183 3963 1204 3998 ι
1240 3943 1307 3998 Et
1325 3957 1557 3998 rursus:
1594 3958 1613 3993 ι
1656 3939 2081 3996 Generationent

494 4046 613 4114 ejus
657 4044 780 4113 quis
825 4036 1147 4094 euarrabit?
1193 4036 1320 4106 quia
1376 4032 1587 4090 tollitur
1641 4032 1708 4088 de
1770 4041 1915 4087 terra
1967 4030 2082 4085 vita

496 4140 613 4208 ejus
642 4137 709 4188 ³⁸.
735 4155 754 4186 ι
794 4134 993 4187 Deinde
1022 4145 1145 4184 cum
1194 4142 1423 4198 prorsus
1459 4126 1607 4181 nullo
1660 4123 1823 4180 modo
1878 4135 2083 4195 myste-

498 4235 638 4289 rium
692 4227 1105 4297 intelligerent,
1160 4235 1338 4291 neque
1380 4220 1588 4275 scirent
1616 4218 1793 4285 illum,
1831 4217 2083 4287 quamvis

498 4324 642 4380 Dcus
660 4329 806 4375 esset
837 4334 903 4373 ex
922 4327 1115 4372 natura
1140 4323 1196 4369 et
1221 4311 1588 4368 subsistentiis
1611 4325 1724 4366 sua:
1752 4309 1971 4364 initium
1999 4308 2084 4363 iu-

498 4416 610 4489 79
644 4412 852 4468 visibile
874 4418 929 4463 et
962 4402 1511 4475 incomprehensibile
1533 4402 1782 4466 haberet,
1826 4408 2083 4457 vocatum

2181 3214 2276 3267 καὶ
2292 3213 2455 3267 αὐτὸν
2471 3214 2529 3266 ὲν
2550 3213 2656 3284 ἰδία
2679 3212 2839 3282 φύσει
2863 3212 2955 3265 τὸν
2981 3212 3017 3263 Γ
3022 3213 3304 3282 εννήτορα,
3326 3210 3468 3263 κατά
3489 3226 3577 3278 γε,
3605 3209 3775 3278 φημὶ,

2186 3307 2248 3361 τὸ
2293 3302 2432 3360 εἶναι
2475 3306 2637 3369 Θεός·
2674 3306 2704 3357 6
2742 3305 2797 3358 δὲ
2840 3304 3001 3358 τοῦτο
3056 3304 3154 3375 μὲν
3205 3303 3265 3356 οὗ
3320 3301 3535 3372 συνίησι
3562 3300 3731 3354 ποθεν
3758 3314 3779 3330 ⁶

2189 3398 2629 3470 παρασημαίνων
2654 3398 2710 3451 δὲ
2740 3396 2931 3468 ὥσπερ
2951 3397 3043 3450 τὸν
3069 3396 3244 3467 ὀρθῶς
3266 3413 3327 3449 τε
3355 3396 3447 3449 καὶ
3471 3392 3785 3464 ἀκιᾶδήλως

2180 3495 2376 3563 ἔχοντα
2401 3492 2495 3545 τοῦ
2534 3491 2835 3562 μυστηρίου
2869 3489 3049 3558 λόγον,
3085 3490 3277 3559 ἕτερον
3300 3489 3433 3559 ἡμῖν
3461 3488 3555 3541 καὶ
3589 3485 3785 3556 ἕτερον

2183 3584 2490 3656 εἰσκομίζει
2520 3585 2756 3654 Χριστόν
2780 3600 2793 3613 ’
2830 3584 2924 3637 xal.
2953 3584 3068 3646 τοῖς
3102 3580 3410 3643 Ἰουδαϊκοῖς
3432 3579 3786 3649 ἐγκλήμασιν

2182 3677 2445 3741 ὲναλοὺς,
2489 3676 2611 3730 οὐδὲ
2664 3676 2897 3746 δποιπέρ
2958 3676 3106 3740 ἐστι,
3156 3674 3252 3727 καὶ
3313 3673 3380 3726 ῖν*
3428 3673 3554 3743 ἥκει
3590 3668 3788 3723 κακῶν

2184 3770 2521 3826 αἰσθάνεται.
2564 3769 2800 3823 Ἤκουον
2821 3768 2918 3837 μὲν
2966 3767 3074 3838 γὰρ
3115 3768 3163 3819 οἱ
3199 3765 3258 3832 ἐξ
3276 3766 3507 3836 αἵματος
3540 3762 3785 3833 Ἰσραὴλ,

2184 3864 2323 3918 Θεοῦ
2362 3861 2786 3933 διακεκραγότος
2831 3860 2899 3913 δι’
2946 3859 3065 3924 ἐνὸς
3106 3859 3216 3912 τῶν
3256 3859 3430 3927 ἁγίων
3483 3854 3790 3927 προφητῶν

2187 3959 2314 4027 περὶ
2340 3954 2434 4009 τοῦ
2483 3952 2832 4024 Ἐμμανουήλ
2853 3968 2867 3982 ο
2905 3971 2924 4004 s
2953 3951 3065 4006 Kal.
3084 3951 3174 4016 σὺ,
3207 3950 3475 4021 Βηθλεὲμ,
3512 3946 3657 4008 οἶκος
3686 3946 3789 4000 τοῦ

2200 4045 2467 4118 Ἐφραθᾶ,
2497 4042 2776 4111 ὀλιγοστὸς
2805 4037 2857 4093 εἷ
2895 4040 2988 4095 τοῦ
3019 4035 3161 4093 εἶναι
3197 4042 3255 4092 ὲν
3286 4040 3523 4110 χιλιάσιν
3566 4037 3737 4091 Ἰούδα
3764 4053 3785 4068 ·

2186 4141 2253 4194 ὲκ
2281 4138 2377 4195 σοῦ
2407 4155 2499 4208 μοι
2533 4134 2878 4201 ἐξελεύσεται
2922 4132 3016 4187 τοῦ
3051 4129 3191 4186 εἶναι
3232 4134 3315 4195 είς
3343 4131 3580 4201 ἄρχοντα
3613 4130 3671 4183 ὲν
3700 4126 3787 4196 τῷ

2200 4232 2450 4304 Ἰσραήλ’
2500 4228 2596 4284 καὶ
2633 4229 2690 4283 αἱ
2721 4227 2890 4295 ἔξοδοι
2924 4226 3091 4281 αὑτοῦ
3138 4227 3233 4279 ἀπ’
3264 4226 3441 4295 ἀρχῆς
3469 4223 3527 4291 ἐξ
3557 4221 3786 4293 ἡμερῶν

2187 4324 2404 4387 αἰῶνος.
2419 4341 2437 4375 ι
2455 4322 2567 4376 Kal.
2585 4321 2765 4375 πάλιν*
2785 4340 2804 4373 t
2818 4321 2929 4391 Τὴν
2949 4318 3143 4388 γενεὰν
3165 4316 3331 4371 αὑτοῦ
3347 4316 3427 4379 τίς
3440 4317 3786 4387 διηγήσεταις

2191 4419 2273 4472 δτι
2304 4417 2517 4488 αῖρεται
2542 4415 2651 4469 ἀπὸ
2675 4415 2774 4486 τῆς
2792 4416 2896 4485 γῆς
2921 4411 3084 4483 ὴζωὴ
3101 4411 3320 4465 αὑτοῦ.»
3348 4403 3480 4462 Εἶτα
3507 4406 3787 4466 συνιέντες

497 4527 619 4565 esse
648 4516 828 4561 tamen
857 4498 1286 4562 Bethleemitam,
1322 4503 1507 4565 utpote
1540 4508 1604 4548 es
1634 4491 1819 4547 radice
1839 4490 1997 4546 Iesse
2021 4504 2075 4545 at

2195 4508 2449 4579 οὐδαμῶς
2477 4508 2540 4561 τὸ
2573 4507 2893 4579 μυστήριον,
2935 4502 3061 4558 οὔτε
3103 4501 3211 4574 μὴν
3240 4501 3441 4564 εἰδότες
3469 4501 3552 4554 ὅτι
3602 4499 3788 4551 καίτοι

501 4602 667 4658 David
682 4601 753 4667 “,
779 4598 850 4652 ibi
866 4594 1165 4651 secundum
1185 4602 1406 4644 carnem
1423 4587 1690 4656 genitum,
1706 4584 1850 4639 inter
1872 4598 1932 4638 se
1948 4582 2093 4637 dice-

503 4697 634 4751 bant
662 4712 676 4748 :
706 4712 725 4745 ‹
769 4689 962 4746 Nonne
987 4688 1077 4743 hic
1100 4692 1181 4742 est
1213 4697 1375 4754 quem
1403 4682 1723 4750 quaerebant
1755 4675 2092 4731 interﬁcere?

503 4787 648 4843 Ecce
671 4784 844 4855 palam
897 4780 1159 4849 loquitur,
1190 4785 1246 4831 et
1297 4772 1434 4829 ttihil
1488 4771 1541 4827 ei
1586 4771 1813 4825 dicunt:
1850 4767 2094 4838 nunquid

503 4872 1167 4952 coguoveruntprincipes
1193 4868 1322 4937 quia
1365 4866 1456 4922 hic
1512 4874 1597 4920 est
1641 4861 1940 4919 Christus?
1985 4860 2093 4918 Sed

509 4977 655 5031 hunc
678 4971 883 5027 scimus
903 4966 1045 5021 unde
1062 4966 1168 5019 sit:
1203 4960 1461 5017 Christus
1490 4965 1671 5013 autem
1701 4970 1827 5011 cum
1851 4956 2093 5023 venerit,

511 5082 670 5123 nemo
687 5065 792 5121 scit
824 5060 967 5117 unde
994 5058 1066 5114 sit
1086 5056 1155 5109 ".
1191 5073 1211 5108 ι
1259 5052 1565 5109 Audiebant
1619 5052 1791 5115 enim,
1845 5060 1906 5105 ut
1951 5048 2089 5114 dixi,

512 5160 833 5231 pr0pbetam
862 5154 1048 5209 dicere
1090 5147 1380 5221 perspicue
1412 5162 1425 5198 :
1467 5162 1487 5197 ι
1515 5143 1939 5200 Generationetn
1969 5141 2091 5211 ejus

515 5253 638 5323 quis
682 5242 1008 5304 enarrabit?
1041 5261 1061 5294 ι
1097 5249 1173 5308 et,
1227 5239 1374 5309 quod
1438 5238 1642 5301 exitus,
1681 5236 1861 5302 idest,
1890 5247 2088 5290 essen-

516 5367 606 5420 tia:
642 5363 850 5417 initium
878 5366 1005 5412 ante
1032 5354 1215 5412 omnia
1266 5350 1464 5407 saecula
1516 5350 1760 5405 haberet.
1803 5345 1922 5402 lam
1964 5359 2096 5402 vero

514 5466 749 5526 quantus
778 5450 941 5505 fuerit
960 5447 1266 5503 Judaaorum
1293 5454 1505 5515 stupor,
1540 5458 1752 5498 rursum
1780 5440 2096 5496 consideres

516 5548 699 5601 velim.
722 5546 857 5599 Cum
893 5543 1036 5596 enim
1062 5540 1308 5596 dicerent
1335 5559 1347 5593 :
1384 5557 1402 5590 ι
1439 5537 1688 5592 Christus
1711 5548 1832 5589 cum
1861 5531 2093 5595 venerit,

520 5652 677 5694 nemo
699 5637 803 5692 scit
869 5635 1011 5688 unde
1071 5634 1163 5698 sit,
1206 5652 1224 5685 ι
1261 5645 1449 5687 rursus
1498 5632 1639 5684 inter
1689 5641 1748 5681 se
1798 5624 2093 5679 dicebant:

582 5818 635 5884 .“
674 5819 837 5881 ilcbr.
867 5818 962 5889 1,5
1056 5816 1102 5850 "
1139 5815 1297 5872 Miclt.
1326 5829 1376 5879 v,
1409 5810 1464 5865 2.
1541 5809 1587 5841 "
1621 5807 1721 5864 lsa.
1748 5820 1864 5872 Lm,
1889 5805 1942 5862 8.

2196 4599 2329 4663 Θεὸς
2355 4597 2429 4652 ὢν
2459 4598 2641 4668 φύσει,
2696 4597 2790 4649 καὶ
2837 4594 2937 4664 τῆς
2976 4593 3264 4664 ὑπάρξεως
3305 4590 3405 4662 τὴν
3443 4589 3621 4660 ἀρχὴν
3674 4587 3789 4640 ἀπ-

2197 4692 2365 4745 οπτόν
2394 4707 2454 4743 τε
2486 4690 2580 4743 καὶ
2622 4685 3010 4756 ἀκατάληπτον
3052 4685 3213 4756 ἔχων,
3243 4683 3625 4752 κεχρηματικι
3674 4678 3790 4747 Βη-

2198 4784 2512 4854 θλεεμίτης,
2547 4780 2622 4843 ὡς
2654 4781 2719 4832 ὲκ
2749 4777 2908 4849 ῥίζης
2949 4778 3148 4831 Ἰεσσαὶ
3180 4777 3274 4829 καὶ
3299 4772 3486 4836 Δαὸὶδ,
3509 4772 3624 4825 ἐκεῖ
3655 4786 3789 4838 γεν-

2198 4878 2380 4949 νηθεὶς
2408 4873 2550 4929 κατά
2593 4873 2792 4944 σάρκα,
2825 4871 2959 4942 πρὸς
2991 4868 3252 4940 ἀλλήλους
3297 4866 3572 4936 ἔφασκον·
3611 4882 3628 4914 ι
3671 4862 3793 4931 Οὐχ

2203 4967 2360 5033 οὗτός
2415 4969 2568 5021 ἑστιν
2605 4965 2665 5019 δν
2729 4964 2985 5034 ζητοῦσιν
3027 4963 3387 5025 ἀποκτεῖναις
3426 4958 3532 5011 ’Ίδι
3572 4957 3796 5026 mppx.

2201 5065 2295 5135 σία
2332 5060 2508 5126 λαλεῖ,
2545 5056 2640 5111 καὶ
2670 5055 2824 5109 οὐδὲν
2871 5053 3020 5126 αὐτῷ
3049 5054 3309 5121 λέγουσι’
3345 5052 3420 5122 μή
3455 5064 3586 5102 ποτε
3617 5047 3789 5114 ἔγνω-

2199 5172 2302 5210 σαν
2344 5154 2395 5207 ol
2439 5152 2721 5223 ἄρχοντες,
2756 5148 2839 5202 ὅτι
2868 5141 3021 5210 οὗτός
3053 5148 3203 5200 ἐστιν
3245 5146 3275 5198 6
3301 5141 3571 5213 Χριστόςς
3628 5136 3793 5191 Ἀλλ)

2193 5248 2384 5302 τοῦτον
2409 5246 2632 5317 οῖδαμεν
2654 5241 2820 5297 πόθεν
2846 5241 2992 5294 sat-tv
3013 5254 3027 5270 '
3058 5242 3088 5293 6
3115 5240 3175 5294 δὲ
3196 5237 3432 5309 Χριστὸς
3460 5235 3596 5288 ὅταν
3621 5232 3795 5297 ἔρχηο

2193 5355 2306 5403 ται,
2334 5336 2509 5398 οὐδεὶς
2538 5316 2805 5403 γινώσκει
2838 5330 3003 5385 πόθεν
3024 5329 3191 5384 ἐστίν.
3217 5347 3237 5380 ι
3269 5328 3506 5382 Ἤκουον
3537 5318 3666 5389 γὰρ,
3713 5316 3795 5380 ὼς

2195 5429 2355 5500 ἔφην,
2392 5425 2488 5481 τοῦ
2530 5426 2811 5497 προφήτου
2861 5423 3111 5489 λέγοντος
3151 5414 3394 5489 ιναργῶς
3417 5429 3434 5445 ο
3481 5433 3501 5465 ρ
3542 5411 3790 5500 Τὴνήγε-

2201 5498 2329 5576 νεάν
2351 5516 2514 5573 αὑτοῦ
2532 5516 2611 5579 τίς
2629 5516 2948 5585 διηγήσεται
2970 5527 2987 5576 ;
3011 5532 3031 5562 ι
3053 5510 3147 5564 καὶ
3169 5509 3252 5561 ὃτι
3278 5506 3379 5568 τάς
3405 5502 3637 5569 ἐξόδους,
3667 5498 3792 5567 ἦτοι

2203 5614 2303 5686 τὴν
2329 5609 2563 5682 ὓπαρξιν
2594 5608 2702 5678 πρὸ
2737 5604 2937 5666 παντὸς
2963 5601 3158 5665 αἰῶνος
3197 5598 3331 5668 ἔχει.
3364 5594 3556 5666 Ἀθρει
3597 5591 3661 5661 δή
3700 5606 3794 5660 μοι

2046 5801 2089 5834 ⁸³
2130 5801 2231 5856 lsa.
2263 5813 2339 5867 st,
2367 5799 2419 5852 l.
2498 5795 2542 5826 "
2578 5791 2736 5849 Joan.
2768 5804 2861 5860 vn,
2892 5785 3080 5842 25-27.
