4150 6446
478 403 586 461 Nl

1576 405 1947 469 ADVERSUS
1982 404 2386 463 NESTORIUM
2429 406 2562 463 LIB.
2606 407 2694 462 ΙΙΙ.

3646 406 3749 461 162

471 524 647 581 πάλιν
677 527 781 597 τῆς
823 528 1100 584 Ἰουδαίων
1132 532 1532 605 ὲμϐροντησίας
1568 535 1630 587 τὸ
1661 532 1889 605 μέγεθος
1909 547 1923 559 ·
1962 531 2053 601 φά·

2178 549 2196 582 ι
2234 529 2332 585 Hic
2353 538 2437 586 est
2469 545 2591 587 vere
2631 530 2891 600 propheta
2922 544 2936 581 :
2971 526 3062 585 alii
3092 540 3221 583 vero
3253 525 3525 594 dicebant,
3552 526 3746 595 inquit,

474 634 709 683 σκοντες
738 619 851 691 γάρ
876 638 891 654 ι
927 640 949 673 ι
997 623 1056 676 '0
1086 624 1319 695 Χριστὸς
1345 626 1475 679 ὅταν
1503 626 1749 698 ἔρχηται,
1776 624 1951 686 οὐδεὶς
1979 640 2066 691 γι-

470 709 682 765 νώσκει
709 710 877 765 πόθεν
901 712 1055 767 ἐστί’
1093 732 1114 765 ι
1155 715 1316 768 πάλιν
1361 717 1498 788 πρὸς
1539 716 1802 788 ἀλλήλους
1843 715 2063 784 ελεγον·

480 820 501 852 ι
535 797 710 866 Οὗτός
741 804 893 857 ἐστιν
921 804 1138 875 ἀληθῶς
1173 806 1201 859 6
1234 809 1520 881 προφήτης
1545 826 1559 841 ·
1589 810 1738 864 ἄλλοι
1765 809 1823 863 δὲ
1858 808 2064 877 ἔλεγον,

470 894 668 964 φησὶν,
697 895 781 949 ὃτι
812 896 989 960 Αὐτός
1012 899 1159 952 ἐστιν
1185 900 1213 951 6
1251 902 1487 971 Χριστός
1508 917 1520 930 ·
1560 902 1609 955 οί
1643 902 1700 955 δὲ
1729 901 1936 971 ἔλεγον·
1972 900 2066 973 Μὴ

469 987 587 1056 γὰρ
634 988 703 1039 ἐκ
747 988 849 1057 τῆς
898 988 1192 1053 Γαλιλαίας
1238 993 1267 1044 6
1298 993 1536 1061 Χριστὸς
1575 993 1828 1065 ἔρχεται;
1877 993 1997 1064 οὐχὶ
2030 994 2065 1065 ή

470 1076 670 1147 Γραφὴ
717 1072 873 1131 εἶπεν
901 1079 983 1132 ὅτι
1010 1081 1076 1133 ὲκ
1112 1080 1429 1153 σπέρματος
1467 1084 1653 1147 Δαϐὶδ,
1681 1085 1777 1138 καὶ
1820 1084 1928 1138 ἀπὸ
1960 1084 2067 1155 Βη-

468 1167 645 1238 θλεὲμ
673 1170 778 1240 τῆς
822 1169 1040 1242 κώμης,
1088 1172 1224 1226 ὅπου
1259 1169 1329 1245 ἦν
1358 1175 1541 1241 Δαϐὶδ,
1583 1177 1612 1229 6
1643 1176 1878 1248 Χριστὸς
1904 1176 2065 1247 ἔρχε-

469 1277 600 1326 ται;
642 1279 662 1312 ι
729 1262 892 1333 Ὀρᾷς
939 1258 1035 1316 οὖν
1082 1264 1230 1330 ὅπως
1279 1268 1373 1320 καὶ
1406 1268 1835 1339 καταμεθὼυσι,
1870 1270 1962 1323 καὶ
2004 1270 2066 1324 τὸ

468 1350 713 1423 ἄναρχον
747 1352 966 1419 θεῖκῶς,
1001 1352 1096 1407 καὶ
1128 1354 1228 1425 τὴν
1265 1358 1324 1409 ὲν
1360 1358 1540 1429 χρόνῳ
1582 1359 1836 1430 γέννησιν
1874 1376 2065 1431 σαρκι-

466 1444 578 1512 κὴν
615 1444 1008 1514 ὁμολογοῦντες
1044 1449 1244 1515 αὐτοῦ;
1313 1450 1453 1503 Ἀλλ’
1500 1452 1603 1505 οὐκ
1644 1452 1711 1506 ἂν
1758 1454 1839 1516 είς
1891 1453 2064 1517 οὕτως

466 1534 751 1599 ἐκτύπους
791 1537 1191 1610 ἀπεκομίζοντο
1245 1541 1591 1607 δυσϐουλίας,
1652 1544 1811 1615 εἴπερ
1867 1545 2064 1615 ᾔδεσαν

458 1625 712 1696 ἀληθῶς,
746 1627 829 1681 ὅτι
865 1629 1000 1694 Θεὸς
1031 1629 1108 1685 ὢν
1153 1635 1182 1685 6
1205 1633 1397 1703 Λόγος,
1427 1635 1491 1689 ἐκ
1525 1634 1683 1707 ῥίζης
1722 1637 1823 1707 τῆς
1867 1636 2065 1691 Ἰεσσαὶ

459 1717 562 1769 καὶ
588 1717 778 1784 Δαϐὶδ,
814 1719 909 1773 καὶ
936 1720 1040 1791 τῆς
1063 1722 1224 1792 ἁγίας
1256 1724 1536 1796 Παρθένου
1558 1726 1829 1799 προῆλθεν
1854 1727 2064 1800 ἀνθρω-

457 1825 587 1874 πος,
638 1809 958 1880 ὠνόμασται
988 1813 1047 1866 δὲ
1093 1816 1190 1869 καὶ
1220 1816 1613 1889 Βηθλεεμίτης,
1645 1820 1674 1872 6
1722 1821 1827 1891 γῆς
1873 1836 1935 1873 τε
1968 1822 2063 1874 καὶ

2172 621 2270 677 llic
2309 630 2395 677 est
2439 622 2718 687 Christus;
2770 620 2859 676 alii
2898 620 3147 677 dicebant
3180 616 3361 675 :Num
3407 632 3475 673 ex
3530 615 3747 673 Galilmu

2167 714 2420 768 Christus
2459 712 2644 768 venit?
2669 725 2845 766 nonne
2885 711 3169 782 Scriptura
3208 710 3359 774 dicit,
3392 709 3532 779 quod
3569 723 3632 763 ex
3664 722 3747 763 se-

2167 805 2310 860 mine
2334 803 2498 860 David
2525 807 2663 860 etde
2681 802 2995 859 Bethlehem
3023 803 3267 868 castello,
3302 803 3389 857 ubi
3414 810 3533 857 erat
3556 801 3745 863 David,

2167 896 2417 952 Christus
2446 897 2594 953 venit
2615 896 2776 950 5"”?
2804 915 2823 948 ι
2859 893 3018 950 Vides
3053 904 3112 949 ut
3141 892 3438 957 insaniunt,
3468 893 3596 947 dum
3627 891 3747 961 ejus

2168 998 2417 1044 naturam
2449 988 2604 1044 initio
2626 995 2921 1052 carentem,
2952 986 3097 1056 quod
3128 985 3196 1041 ad
3229 985 3566 1039 divinitatem
3614 983 3741 1037 atti~

2167 1090 2281 1144 net,
2308 1090 2361 1135 et
2380 1080 2652 1136 carnalem
2678 1080 2732 1134 in
2765 1086 3007 1148 tempore
3030 1077 3432 1146 generationem
3478 1074 3749 1128 fatentur?

2168 1171 2273 1227 Sed
2299 1187 2570 1243 nunquam
2605 1173 2657 1226 in
2689 1184 2795 1225 tam
2817 1170 3082 1225 absurdas
3104 1170 3422 1237 ineptasque
3447 1167 3747 1221 sententias

2165 1264 2382 1319 abducti
2400 1273 2601 1328 essent,
2626 1264 2671 1319 si
2705 1278 2828 1318 vere
2849 1261 3262 1325 intellexissent,
3285 1263 3456 1329 ipsum
3486 1256 3743 1318 Verbum,

2166 1368 2289 1406 cum
2337 1362 2481 1407 esset
2518 1354 2689 1417 Deus,
2730 1368 2795 1407 ex
2855 1352 3039 1406 radice
3063 1349 3220 1407 Iesse
3257 1358 3314 1404 et
3364 1348 3530 1404 David
3590 1358 3641 1402 et
3676 1363 3743 1401 ex

2167 1454 2357 1498 sancta
2406 1443 2625 1515 Virgine
2658 1445 2934 1500 hominem
2989 1443 3274 1513 prodiisse,
3307 1440 3745 1510 appellatumque

2164 1552 2283 1592 esse
2319 1535 2724 1591 Bethleemitam
2754 1537 2930 1605 ipsum
2951 1545 3129 1601 teme,
3154 1534 3277 1589 coeli
3338 1533 3744 1587 universorum-

2165 1642 2271 1698 que
2286 1626 2595 1685 Dominum.
2622 1645 2641 1680 ι
2661 1626 2951 1684 Nobiscum
2979 1628 3123 1683 enim
3145 1625 3302 1682 simul
3327 1640 3528 1695 egenus
3554 1633 3637 1679 est
3665 1624 3746 1677 Γει-

2164 1730 2308 1784 ctus,
2337 1730 2458 1773 cum
2486 1719 2637 1774 dives
2652 1727 2849 1785 esset,»
2874 1729 2931 1773 ut
2956 1718 3217 1788 scriptum
3235 1726 3319 1773 est
3337 1717 3402 1770 ".
3427 1714 3746 1784 Quidigitur

2165 1810 2218 1863 in
2243 1807 2551 1865 Iudaeorum
2580 1825 2749 1880 nugas
2780 1819 2829 1865 te
2854 1812 2968 1879 ipse
2998 1808 3246 1878 conjicis,
3283 1817 3336 1863 et
3370 1824 3431 1863 ca
3464 1808 3631 1862 sentis
3681 1821 3745 1859 ac

453 1900 701 1970 οὐρανοῦ
756 1901 851 1955 καὶ
897 1903 1006 1958 τῶν
1054 1904 1193 1960 ὅλων
1223 1887 1593 1980 Δεσπότηςυγι
1645 1887 2053 1982 Συνεπτώχευσε

2167 1898 2323 1963 dicis,
2341 1913 2460 1967 qua:
2495 1912 2669 1970 neque
2695 1898 2872 1968 eloqui
2902 1898 2984 1954 l‘as
3005 1909 3111 1964 est,
3141 1907 3197 1952 et
3243 1898 3564 1953 damnosum
3596 1895 3741 1965 cogi-

455 1990 569 2063 γὰρ
605 1993 744 2064 ἡμῖν
775 1994 1031 2060 πλούσιος
1061 1996 1160 2063 ὢν,
1204 2018 1223 2051 ι
1263 2000 1403 2054 κατὰ
1447 2000 1511 2054 τὸ
1548 2003 1950 2072 γεγραμμένον.
2000 2004 2065 2063 Τί

454 2081 761 2154 τοιγαροῦν
800 2088 923 2149 ταῖς
947 2087 1059 2141 τῶν
1106 2090 1375 2144 Ἰουδαίων
1407 2091 1718 2162 τερθρείαις
1754 2093 1918 2147 αὐτὸν
1948 2092 2060 2164 [ῑσ.

460 2172 687 2246 σαυτὸν]
730 2175 917 2240 ἐνιεὶς,
958 2178 1312 2250 πεφρόνηκάς
1351 2197 1410 2233 τε
1477 2181 1572 2234 καὶ
1618 2181 1798 2251 λέγεις
1829 2182 1866 2237 ἃ
1924 2185 2063 2255 μήτε

463 2263 622 2334 θέμις
658 2268 860 2335 εἰπεῖν,
894 2270 1031 2341 μήτε
1078 2271 1185 2342 μὴν
1232 2274 1436 2326 ἐννοεῖν
1467 2272 1734 2345 (ﬁmum);
1769 2275 1905 2328 Ἕνα
1940 2275 2062 2346 μεθ’

466 2356 621 2425 ἡμῶν
651 2357 908 2428 ὁμολόγει
941 2361 1209 2433 Χριστόν·
1242 2364 1337 2417 καὶ
1368 2365 1444 2435 μὴ
1488 2364 1792 2435 διατέμνων
1844 2369 1925 2430 είς
1968 2367 2063 2420 δύο

458 2443 523 2514 δὴ
571 2446 740 2501 πάλιν
774 2449 955 2505 ἐκεῖνο
981 2450 1143 2520 λέγε*
1192 2453 1494 2524 ’Δπεστάλη
1528 2456 1557 2507 6
1593 2457 1722 2526 ἡμῖν
1755 2456 2058 2527 ὁμοούσιος,

455 2537 554 2589 καὶ
594 2538 889 2609 κέχρισται
938 2541 1226 2613 κηρύττων
1276 2544 1650 2615 αἰχμαλώτοις
1694 2547 1910 2616 ἄφεσιν,
1965 2550 2061 2604 καὶ

451 2626 686 2694 τυφλοῖς
722 2629 1046 2700 ἀνάϐλεψιν.
1102 2628 1239 2687 Εἶτα
1285 2636 1409 2688 ὅποι
1459 2636 1591 2690 ποτὲ
1636 2637 1900 2707 βαδιεῖται
1951 2638 2060 2693 τῶν

450 2715 746 2788 θεηγόρων
781 2722 811 2773 6
842 2720 1020 2788 λόγος,
1055 2721 1105 2774 οἳ
1141 2725 1493 2793 μυσταγωγοὶ
1524 2725 1779 2793 γεγόνασι
1824 2727 1926 2798 τῆς
1966 2728 2057 2781 ὑπ’

447 2808 731 2879 οὐρανόν;
765 2812 939 2865 Αὐτὸν
969 2813 1080 2884 γὰρ
1111 2814 1507 2887 διακεκράγασι
1546 2817 1639 2870 τὸν
1667 2818 1732 2871 ὲκ
1772 2818 1908 2872 Θεοῦ
1942 2819 2057 2872 Πα-

444 2899 588 2970 τρὸς
615 2901 814 2969 Λόγον,
851 2904 1081 2975 Σωτῆρα
1126 2904 1235 2958 τῶν
1262 2906 1401 2960 ὅλων
1430 2907 1683 2975 γενέσθαι
1715 2908 1811 2964 καὶ
1830 2910 2057 2983 Λυτρω-

444 2990 579 3062 τὴν,
611 2990 713 3061 οὐχ
742 2991 820 3055 ὡς
847 2993 1137 3065 ἀνθρώπου
1172 2996 1551 3066 μεσιτεύοντος
1584 3001 1713 3071 παρ’
1739 3001 1903 3056 αὐτὸν
1939 3003 2057 3057 ἑτέ-

449 3099 579 3152 ρου,
598 3082 859 3155 καθάπερ
891 3085 1085 3155 ἀμέλει
1119 3088 1212 3141 καὶ
1244 3090 1274 3142 6
1292 3089 1518 3161 Μωσῆς,
1536 3091 1594 3143 ὲν
1622 3090 1831 3145 εῖδειδὲ
1853 3093 2055 3164 μᾶλλον

448 3174 554 3274 καὶ
602 3175 915 3274 ὁμοιώματι
961 3177 1269 3274 σωματικῷ
1318 3180 1651 3274 πρὸςῌὴμᾶς
1700 3184 2051 3257 καθιγμένον.
2082 3218 2124 3274 C

447 3263 768 3337 Κέχρισται
796 3266 907 3338 γάρ
933 3260 1090 3332 οὗτος
1117 3270 1198 3334 είς
1242 3271 1531 3344 Ἀρχιερέα
1556 3275 1648 3328 καὶ
1691 3276 2014 3332 Ἀπόστολον
2034 3295 2049 3312 ·

449 3357 553 3411 καὶ
583 3356 720 3426 γοῦν
766 3358 1042 3424 Ἰουδαίοις
1068 3362 1326 3431 ἐπετίμα,
1354 3364 1558 3433 λέγων’
1595 3384 1615 3417 ι
1651 3368 1765 3421 Οὐκ
1808 3367 1925 3423 ἔστι
1954 3388 2051 3440 γε·

448 3448 787 3521 γραμμένον
812 3452 871 3505 ὲν
900 3450 980 3523 τῷ
1007 3452 1157 3524 νόμῳ
1183 3454 1360 3525 ὑμῶν·
1395 3454 1535 3524 Ἐγὼ
1548 3453 1703 3511 εἶπα·
1728 3458 1853 3513 Θεοί
1884 3462 2007 3515 ἐστε
2030 3479 2046 3529 ;

449 3540 519 3594 Et
553 3541 803 3606 ἐκείνους
843 3539 965 3597 εἷπε
1008 3544 1163 3609 θεοὺς
1195 3547 1334 3618 πρὸς
1375 3546 1469 3612 οὒς
1507 3551 1537 3603 6
1580 3549 1737 3620 λόγος
1785 3552 1880 3606 τοῦ
1914 3553 2047 3608 Θεοῦ

447 3633 699 3701 ἐγένετο,
731 3635 827 3689 καὶ
854 3637 917 3690 οὐ
944 3636 1173 3693 δύναται
1203 3639 1430 3711 λυθῆναι
1477 3644 1511 3713 ἠ
1541 3643 1754 3717 Γραφὴ,
1784 3645 1843 3698 ὃν
1872 3649 1901 3701 6
1932 3648 2048 3704 Πα-

447 3724 561 3795 τὴρ
604 3725 805 3795 ἡγίασε
849 3727 945 3781 καὶ
982 3730 1303 3785 ἀπέστειλεν
1352 3733 1434 3797 είς
1480 3732 1572 3787 τὸν
1621 3735 1858 3807 κόσμον,
1890 3738 2047 3809 ὑμεῖς

448 3817 674 3887 λέγετε,
705 3820 789 3873 ὅτι
825 3821 1200 3894 Βλασφημεῖς,
1249 3825 1332 3879 ὅτι
1367 3818 1555 3879 εἷπον·
1592 3826 1722 3890 Υίὸς
1766 3828 1864 3882 τοῦ
1908 3828 2044 3884 Θεοῦ

445 3912 607 3981 sign;
646 3929 667 3962 ι
718 3910 862 3964 Ἄνθ⁸
909 3914 1032 3966 ὅτου
1064 3913 1124 3967 δὲ
1170 3913 1234 3987 δὴ
1272 3912 1371 3968 τὸν
1398 3916 1590 3971 ἑαυτὸν
1623 3918 1862 3974 καθέντα
1908 3921 2046 3992 πρὸς

444 4002 690 4055 κένωσιν
740 3992 829 4056 ἵνα
879 4001 1032 4077 σώσῃ
1072 4002 1171 4074 τὴν
1221 4004 1314 4058 ὑπ’
1340 4004 1592 4076 οὐρανὸν,
1636 4008 1746 4062 τῶν
1778 4011 1860 4074 εἰς
1897 4012 2045 4081 ἡμᾶς

444 4093 758 4163 γεγονότων
788 4093 1300 4165 θεοπρεπεστάτων,
1326 4097 1423 4150 καὶ
1453 4097 1800 4166 ἀξιαγάστων
1826 4101 2043 4172 ἀληθῶς

443 4186 903 4257 κατορθωμάτων
931 4188 1311 4259 ὲκπέμψομεν,
1334 4189 1672 4244 ἀπεστάλθαι
1699 4190 1947 4261 λέγοντες
1968 4193 2044 4257 ὡς

442 4279 636 4350 ἕτερόν
664 4296 789 4332 τινα
820 4280 953 4351 παρ’
982 4281 1147 4334 αὑτὸν
1177 4282 1311 4351 ἡμῖν
1340 4280 1664 4352 ὀμοούσιονς
1701 4283 1892 4337 Καίτοι
1924 4283 2043 4348 πῶς

439 4370 545 4423 οὐκ
570 4368 799 4440 ἄμεινον
827 4371 1023 4435 εἰπεῖν,
1056 4370 1154 4425 καὶ
1182 4371 1290 4444 μὴν
1323 4373 1417 4428 καὶ
1447 4373 1663 4428 ἑλέσθαι
1695 4376 1933 4446 φρονεῖν,
1965 4375 2040 4441 ώς

438 4461 785 4517 ἀπέσταλταί
803 4481 862 4516 τε
891 4464 986 4517 καὶ
1006 4464 1234 4533 γέγονεν
1255 4466 1386 4535 ἡμῖν
1406 4466 1710 4537 ὁμοούσιος,
1737 4467 2036 4535 τουτέστιν,

2168 1989 2325 2044 tare?
2352 1987 2528 2044 Unum
2564 1990 2843 2045 nobiscum
2891 1991 3193 2046 consistere
3238 1990 3533 2056 Christum,
3568 2003 3744 2059 neque

2167 2082 2220 2137 in
2250 2082 2356 2137 duo
2381 2098 2597 2138 rursum
2632 2083 2880 2139 dividens
2901 2084 3052 2140 dicas
3082 2097 3097 2137 :
3128 2082 3327 2138 Missus
3360 2094 3442 2138 est
3466 2084 3555 2137 ille
3586 2081 3742 2137 nobis

2164 2173 2665 2241 consubsmntialis,
2693 2183 2748 2230 et
2804 2187 3001 2231 unctus
3048 2185 3132 2229 est
3176 2175 3475 2244 praedicans
3514 2175 3740 2245 captivis

2167 2264 2492 2331 libertatem,
2542 2274 2597 2321 et
2647 2266 2807 2322 caecis
2848 2266 3021 2319 visum
3052 2265 3119 2319 ⁸⁸.
3147 2265 3308 2334 Atqui
3362 2281 3470 2334 quo
3521 2265 3737 2318 tandem

2165 2355 2317 2410 ibunt
2342 2357 2713 2427 theologorum
2736 2358 2923 2422 verba,
2947 2358 3039 2426 qui
3076 2358 3325 2412 doctores
3355 2354 3505 2411 orbis
3563 2363 3739 2409 terra-

2163 2465 2281 2504 rum
2319 2448 2569 2505 lnerunt?
2590 2448 2768 2520 Ipsum
2796 2465 3029 2520 namque
3058 2454 3123 2504 ex
3145 2450 3255 2504 Deo
3285 2449 3447 2503 Patre
3499 2448 3736 2502 Verbum

2162 2539 2499 2599 Salvatorem
2522 2557 2585 2597 ac
2609 2542 3024 2613 Redemptorem
3050 2543 3291 2598 omnium
3311 2542 3739 2612 praedicaverunt

2162 2649 2269 2688 non
2300 2635 2457 2705 quasi
2490 2635 2652 2690 homo
2682 2635 2750 2689 ab
2766 2650 2830 2690 eo
2862 2634 3107 2689 diversus
3134 2632 3451 2702 interiectus
3502 2633 3571 2687 sit
3621 2646 3736 2687 me—

2160 2726 2356 2790 diator,
2405 2732 2462 2779 ut
2520 2725 2681 2795 plane
2732 2725 2929 2789 Moses,
2981 2727 3074 2781 sed
3123 2726 3302 2795 potius
3331 2725 3475 2795 quod
3500 2724 3587 2780 ille
3617 2724 3737 2794 ipse

2160 2818 2343 2885 Specie
2364 2832 2428 2872 ac
2453 2816 2809 2872 similitudine
2830 2832 3092 2887 corporea
3124 2819 3192 2873 ad
3238 2833 3339 2872 nos
3371 2817 3730 2873 descenderit.

2160 2908 2259 2967 llic
2296 2925 2528 2979 namque
2562 2911 2615 2965 in
2641 2910 2960 2980 Apostolum
2987 2921 3043 2965 et
3069 2909 3478 2985 Pontilicemest
3501 2919 3730 2965 unctus:

2161 3003 2344 3072 itaque
2374 2997 2588 3060 Jutlceos
2614 3001 2971 3070 coarguebat,
2997 2999 3184 3056 dicens
3221 3015 3237 3054 :
3310 3018 3329 3051 ι
3368 2997 3556 3054 Nonne
3606 2999 3734 3054 scri-

2159 3107 2305 3166 ptum
2328 3097 2481 3151 estin
2519 3097 2633 3167 lege
2661 3101 2834 3153 vesl‘l‘a
2870 3105 2887 3151 :
2921 3091 3029 3160 Ego
3047 3091 3183 3155 dixi,
3213 3089 3296 3145 Dii
3335 3089 3505 3145 estis?
3536 3089 3591 3145 Si
3618 3089 3737 3146 illos

2159 3189 2292 3243 dixit
2314 3190 2462 3254 deos,
2492 3188 2557 3242 ad
2580 3203 2715 3258 quos
2750 3204 2929 3245 sermo
2965 3182 3054 3243 Dei
3086 3182 3261 3243 fastus
3292 3190 3394 3248 est,
3424 3192 3479 3237 et
3506 3198 3609 3236 non
3644 3198 3737 3252 po-

2162 3288 2267 3333 test
2305 3279 2437 3333 solvi
2465 3278 2773 3350 Scriptura;
2825 3280 2939 3351 80
2959 3294 3118 3350 quem
3169 3278 3332 3336 Pater
3373 3271 3734 3336 sanctiﬁcavit

2158 3380 2213 3425 et
2256 3370 2402 3423 misit
2450 3369 2502 3422 in
2552 3368 2846 3434 mundum,
2908 3384 3004 3424 vos
3064 3368 3297 3424 dicitis:
3338 3368 3729 3437 Blasphetnas,

2156 3463 2281 3530 quia
2302 3460 2435 3525 dixi,
2467 3459 2635 3515 Filius
2662 3461 2753 3515 Dei
2780 3476 2899 3516 sum
2928 3461 3019 3515 '7?
3050 3480 3070 3514 ι
3106 3461 3222 3527 Qua
3292 3476 3418 3518 vero
3463 3463 3530 3516 de
3564 3477 3729 3519 causa

2157 3553 2303 3607 illum
2324 3553 2414 3620 qui
2444 3567 2504 3607 se
2530 3552 2596 3606 ad
2625 3551 3048 3606 exinanitionem
3080 3552 3301 3607 demisit
3332 3562 3389 3607 ut
3408 3553 3594 3607 orbem
3622 3562 3731 3608 ter-

2156 3658 2339 3699 rarum
2364 3643 2572 3698 salvum
2615 3644 2838 3707 faceret,
2887 3659 2919 3700 a
2972 3645 3135 3700 rebus
3161 3660 3290 3716 erga
3324 3660 3420 3702 nos
3471 3648 3732 3703 divinitus

2151 3735 2311 3805 plane
2344 3742 2398 3788 et
2431 3733 2822 3789 admirabiliter
2849 3737 3018 3805 gestis
3074 3738 3447 3806 eXcludemus,
3506 3741 3729 3795 missum

2152 3827 2322 3882 fuisse
2343 3827 2585 3881 dicentes
2617 3825 2768 3880 illum
2799 3827 2957 3883 nobis
2987 3828 3531 3898 consubstantialem,
3566 3834 3723 3902 quasi

2151 3920 2314 3972 alium
2347 3917 2413 3971 ab
2440 3932 2505 3971 eo
2533 3916 2845 3970 diversum?
2875 3918 3040 3986 Atqul
3073 3933 3253 3974 nonne
3274 3921 3444 3975 satius
3492 3935 3611 3977 erat
3649 3924 3730 3979 di-

2150 4022 2294 4071 cere,
2333 4006 2440 4059 imo
2460 4019 2586 4059 vero
2613 4018 2679 4057 ex
2709 4005 2892 4059 animo
2938 4006 3163 4074 sentire,
3213 4008 3437 4062 missum
3497 4010 3719 4079 quidem

2148 4112 2269 4152 esse
2295 4096 2444 4162 illum
2462 4106 2517 4150 et
2550 4093 2751 4150 factum
2823 4097 3344 4153 consubstantialem
3394 4100 3572 4169 nobis,
3623 4102 3728 4158 hoc

2149 4200 2253 4255 est,
2275 4189 2582 4254 hominem;
2615 4188 2709 4243 sed
2738 4189 3005 4245 mansisse
3024 4197 3201 4245 tamen
3226 4190 3326 4261 ipsi
3350 4191 3460 4248 Deo
3490 4208 3557 4249 ac
3581 4193 3729 4251 Patri

2148 4278 2691 4344 consubstantialem,
2725 4296 2829 4350 qua
2857 4291 2912 4336 et
2941 4282 3231 4352 cogitatur,
3265 4292 3321 4340 et
3372 4295 3511 4354 erat,
3542 4296 3599 4343 et
3647 4298 3731 4345 est

2148 4369 2323 4426 Deus?
2358 4369 2451 4425 Est
2491 4383 2747 4439 namque,
2789 4378 2895 4438 est,
2939 4370 3180 4441 inquam,
3219 4375 3360 4443 quod
3397 4385 3534 4442 erat,
3562 4378 3727 4431 etiam

2147 4479 2269 4518 cum
2294 4463 2586 4534 assumpsit
2615 4473 2861 4518 naturam
2895 4464 3207 4531 humanam,
3263 4474 3319 4521 et
3345 4469 3590 4525 eamdem
3637 4483 3727 4525 es-

439 4553 771 4624 ἄνθρωπος·
820 4555 1106 4626 ὀμοοῦσιος
1151 4556 1210 4610 δὲ
1257 4556 1587 4630 μεμενηκὼς
1639 4559 1734 4613 καὶ
1770 4559 1924 4631 αὐτῷ
1963 4559 2041 4631 τῷ

2155 4555 2375 4609 sentiam
2404 4552 2613 4609 habens
2637 4570 2758 4609 cum
2785 4553 2945 4609 Patre
2972 4555 3061 4623 qui
3087 4564 3172 4610 est
3232 4557 3284 4610 in
3320 4559 3472 4613 caelis
3500 4573 3566 4614 ac
3590 4560 3721 4625 Deo,

437 4642 565 4713 Θεῷ
616 4644 712 4698 καὶ
745 4646 943 4717 Πατρὶ,
994 4646 1130 4700 καθὸ
1174 4647 1268 4702 καὶ
1308 4650 1528 4715 νοεῖται,
1573 4649 1669 4705 καὶ
1702 4645 1773 4722 ἦν
1819 4668 1903 4716 τε,
1945 4651 2042 4707 καὶ

2155 4642 2381 4712 suscepit
2409 4643 2637 4712 sapienti
2665 4643 2892 4698 consilio
2923 4654 3162 4699 nostram
3197 4659 3413 4715 quoque
3470 4649 3727 4704 similitu-

437 4734 561 4790 ἔστι
594 4735 763 4802 Θεός;
803 4736 961 4792 Ἔστι
984 4739 1113 4810 γὰρ,
1143 4739 1291 4794 ἔστιν
1317 4739 1346 4792 ὂ
1380 4734 1470 4811 ἦν,
1498 4740 1593 4794 καὶ
1625 4740 1952 4815 προσλαϐὼν
1979 4741 2041 4795 τὸ

2155 4734 2345 4798 dinem,
2371 4734 2501 4803 quin
2524 4737 2689 4788 etiam
2741 4734 2950 4803 positus
3009 4743 3095 4791 est
3140 4737 3428 4805 mediator,
3479 4742 3570 4809 qui
3624 4760 3723 4813 per

435 4827 823 4899 ἀνθρώπινον,
878 4829 1019 4899 ἔχων
1081 4828 1138 4881 δὲ
1189 4828 1290 4901 τὴν
1343 4832 1648 4902 ταυτότητα
1702 4831 1804 4904 τῆς
1849 4833 2040 4897 οὐσίας

434 4920 585 4992 πρὸς
620 4920 716 4973 τὸν
745 4922 805 4973 ὲν
847 4922 960 4983 τοῖς
987 4919 1231 4991 οὐρανοῖς
1271 4921 1491 4993 Πατέρα
1523 4923 1618 4976 καὶ
1647 4922 1800 4986 Θεὸν.
1834 4922 2036 4978 ἐπελά-

431 5010 567 5065 ϐετο
600 5010 783 5080 σοφῶς
812 5013 906 5065 καὶ
940 5011 1042 5081 τῆς
1071 5012 1208 5083 πρὸς
1235 5013 1383 5083 ἡμᾶς
1413 5012 1733 5085 ὁμοιότητος
1751 5031 1766 5046 ο
1795 5013 2034 5070 τέθειται

427 5104 489 5158 δὲ
514 5103 617 5158 καὶ
647 5103 900 5173 μεσίτης,
931 5103 1165 5157 συνδέων
1184 5104 1251 5158 δι’
1270 5104 1466 5159 ἑαυτοῦ
1492 5105 1630 5177 πρὸς
1654 5106 1885 5179 ἑνότητα
1909 5123 2033 5178 σχε-

428 5195 600 5267 τικὴν
646 5194 719 5247 τὰ
753 5197 867 5259 τοῖς
904 5193 1007 5265 τῆς
1040 5194 1257 5263 φύσεως
1301 5194 1483 5263 λόγοις
1531 5196 1838 5267 ὁλοτρόπως
1868 5196 2033 5268 ἀλλή-

430 5281 549 5336 λων
586 5284 915 5356 διῃρημένα.
956 5283 1153 5351 Γέγονε
1197 5284 1328 5357 γὰρ,
1367 5284 1501 5347 Θεὸς
1531 5283 1607 5339 ὢν
1652 5285 1836 5356 φύσει,
1889 5287 2031 5342 κατά

429 5374 707 5446 ἀλήθειαν
762 5376 1071 5448 ἄνθρωπος,
1119 5377 1206 5432 ἵνα
1252 5378 1345 5432 καὶ
1392 5379 1555 5449 ἡμεῖς
1598 5380 2031 5450 χρηματίσωμεν

428 5466 617 5533 γένος,
647 5462 833 5516 οὐκέτι
852 5463 948 5518 τοῦ
977 5466 1216 5536 πρώτου,
1242 5468 1513 5535 τουτέστι,
1534 5468 1631 5521 τοῦ
1661 5466 1865 5539 χοϊκοῦ,
1893 5468 2031 5539 πρὸς

425 5553 493 5608 ὃν
518 5554 740 5624 εἴρηται
789 5556 944 5626 παρὰ
991 5555 1151 5625 Θεοῦ,
1202 5577 1221 5610 ι
1260 5557 1339 5629 Γῆ
1364 5558 1438 5626 εἰ,
1496 5558 1588 5613 καὶ
1633 5560 1714 5623 εἰς
1760 5560 1865 5631 γῆν
1915 5561 2025 5614 ἀπ-

2141 4827 2379 4893 seipsum
2404 4827 2471 4881 ad
2509 4824 2861 4896 respectivam
2899 4826 3161 4882 unitatem
3193 4828 3474 4899 colligaret
3499 4848 3563 4888 ea
3596 4850 3722 4905 qua:

2138 4926 2348 4971 natura;
2388 4917 2685 4973 rationibus
2709 4919 2923 4990 penitus
2945 4929 3101 4974 erant
3126 4920 3266 4977 inter
3306 4938 3366 4979 se
3426 4926 3716 4997 disjuncta.

2140 5005 2276 5063 Nam
2301 5010 2392 5079 qui
2425 5010 2565 5065 Deus
2587 5019 2708 5065 erat
2732 5026 2799 5065 ex
2833 5019 3047 5075 natura,
3078 5010 3255 5069 factus
3305 5029 3388 5071 est
3420 5017 3583 5073 homo
3630 5036 3721 5076 se-

2140 5100 2375 5156 cundum
2408 5102 2716 5168 veritatem,
2743 5110 2803 5157 ut
2825 5116 2921 5158 nos
2955 5118 3173 5175 quoque
3200 5106 3371 5162 simus
3416 5123 3584 5181 genus
3611 5126 3719 5166 non

2125 5190 2240 5260 jam
2277 5192 2420 5248 illius
2444 5193 2629 5263 primi,
2658 5195 2760 5250 hoc
2808 5202 2913 5261 est,
2950 5198 3174 5263 terreni,
3233 5200 3298 5253 ad
3325 5216 3485 5269 quem
3511 5203 3714 5257 dictum

2133 5293 2220 5339 est
2256 5298 2285 5337 a
2316 5285 2444 5339 Deo.
2485 5302 2505 5336 ι
2572 5282 2743 5341 Terra
2794 5301 2875 5354 es,
2899 5298 2955 5343 et
3008 5290 3060 5344 iu
3107 5297 3312 5344 terram
3344 5293 3446 5346 ibis
3466 5291 3535 5360 ",
3575 5310 3594 5344 ι
3621 5295 3715 5364 qui

2132 5375 2297 5429 etiam
2335 5376 2722 5432 transmittitin
2754 5388 3017 5443 mortem;
3058 5381 3152 5435 sed
3175 5380 3321 5435 illius
3365 5381 3588 5434 secundi
3619 5383 3712 5450 qui

2131 5478 2216 5522 est
2235 5482 2471 5538 superne
2489 5476 2545 5525 et
2575 5483 2606 5526 e
2640 5471 2800 5535 creto,
2827 5470 3056 5537 Christi,
3095 5472 3340 5539 inquam,
3377 5474 3468 5542 qui
3502 5490 3600 5530 nos
3646 5475 3715 5530 ad

2132 5559 2496 5614 immortalem
2528 5561 2693 5616 vitam
2719 5563 2957 5626 reduxit,
2988 5572 3042 5617 et
3087 5571 3335 5618 naturam
3385 5566 3546 5620 morti
3609 5567 3713 5621 ob-

426 5642 652 5718 ὼύσῃ,
674 5662 695 5697 ι
714 5643 812 5699 τοῦ
841 5645 938 5702 καὶ
982 5646 1063 5711 είς
1106 5644 1336 5703 θάνατον
1364 5647 1853 5720 παραπέμποντος·
1884 5649 2024 5704 ἀλλά

2155 5651 2368 5718 noxiam,
2398 5650 2579 5711 eﬂ‘ecit
2608 5654 3092 5727 incorruptibilem,
3122 5666 3177 5712 ct
3206 5655 3446 5729 peccatis
3480 5658 3712 5714 exsolvit

457 5822 584 5859 “J‘
617 5822 782 5884 Joan.
814 5823 1106 5895 "1,4042.
1136 5825 1195 5899 ,⁸⁸
1215 5823 1260 5884 ιι
1296 5824 1423 5885 Cor.
1462 5826 1650 5896 "11,9.
1724 5825 1773 5861 “
1808 5825 1915 5885 Isa-
1945 5839 2053 5895 ιιιι

2155 5848 2157 5888 ι
2193 5824 2327 5887 Luc.
2352 5841 2433 5899 Li,
2464 5827 2554 5889 19.
2628 5828 2676 5864 ⁸⁷
2712 5827 2869 5890 Joan.
2902 5846 2959 5898 ι,
2990 5830 3177 5889 54-36.
3254 5832 3301 5867 ⁸⁸
3336 5831 3471 5888 Gen.
3503 5845 3584 5897 ιιι,
3618 5828 3705 5887 19.
