4150 6444
474 347 582 400 J65
1483 337 1540 395 S.
1583 332 1848 391 CYIllLLl
1890 326 2354 387 ALEXANDRINI
2396 326 2713 382 AllClllEP.
3614 323 3706 379 lli

481 459 682 530 peccati
714 458 922 527 laqueis
957 457 1305 526 implicatam.
1328 454 1418 510 Sic
1443 470 1575 510 sane
1614 456 1728 525 ipse
1771 455 1930 508 l'utel'
1958 454 2039 507 al-
2070 464 2115 520 Α

2070 464 2115 520 Α
2143 448 2238 501 τοῦ
2268 447 2544 516 δευτέρου,
2594 445 2684 498 τοῦ
2718 442 2926 498 ἀνωθεν
2968 441 3063 499 καὶ
3092 441 3151 506 ἐξ
3179 439 3431 511 οὐρανοῦ,
3471 442 3609 510 φημὶ
3648 443 3707 511 δὴ

480 552 714 622 loquitur
733 549 924 603 Filimn
953 567 965 603 :
990 567 1008 600 ι
1035 549 1170 604 Ecce
1187 548 1304 603 dch
1325 543 1473 617 te[iu
1496 546 1670 602 iunius
1701 543 1962 616 generis,]
1988 547 2039 597 in

2146 536 2402 607 Χριστοῦ,
2433 535 2527 588 τοῦ
2558 534 2691 605 πρὸς
2724 532 2869 605 ζωὴν
2906 534 3052 602 ἡμᾶς
3077 533 3172 602 τὴν
3211 533 3487 602 ἀκήρατον
3515 533 3708 600 ἀναφέ-

480 621 651 697 lucem
682 642 939 707 gentium,
961 642 1271 711 utaperires
1297 639 1482 695 oculos
1515 654 1803 701 cascorum,
1831 647 1890 691 ut
1911 638 2042 692 edu-

2149 643 2353 698 ροντος,
2389 626 2483 680 καὶ
2516 624 2792 695 ἀτθαρτον
2821 623 3211 691 ἀποψαίνοντος
3253 622 3315 675 τὸ
3345 621 3560 690 θανάτῳ
3586 624 3711 675 κάτ-

478 750 629 788 ceres
660 735 864 788 vinctos
883 747 949 787 ex
987 733 1240 792 vmculis.
1260 743 1315 787 et
1352 748 1420 786 ex
1461 733 1619 786 domo
1668 730 1902 784 carceris
1959 742 2043 782 se-

2145 734 2290 787 οχον,
2326 716 2421 769 καὶ
2442 714 2875 775 ἀπαλλάττοντος
2917 712 3200 783 ἁμαρτιῶν
3228 712 3289 765 τὸ
3312 712 3414 782 τῆς
3451 712 3715 782 ἁμαρτίας

477 829 663 881 dentes
692 829 741 880 in
766 822 1000 881 tenebris
1028 816 1093 879 ε’.
1135 844 1153 877 ι
1190 827 1257 880 Et
1280 827 1472 880 iterum
1509 839 1603 894 per
1628 823 1779 878 Isaia:
1810 837 1992 876 vocem
2024 838 2039 875 :

2148 808 2362 879 βρόχοις
2392 806 2612 876 ὲνειλημ
2621 808 2801 876 μένον.
2827 805 2984 859 υῦτω
3013 822 3114 858 που
3139 805 3275 876 πρὸς
3295 806 3384 859 τὸν
3408 806 3534 859 Υίὸν
3558 808 3717 869 αὐτός

483 935 500 967 ι
547 917 873 972 Benedicent
897 933 981 973 me
1016 918 1200 973 bestiae
1232 919 1367 988 agri,
1402 918 1592 972 sirenae
1619 925 1672 970 et
1751 916 1871 970 lilia:
1896 927 2042 970 stru-

2147 915 2313 969 φησιν
2357 900 2386 949 ό
2416 899 2642 967 Πατήρ’
2681 913 2702 948 ι
2754 895 2883 950 Ἰδοὺ
2916 895 3124 949 δέδωκά
3174 913 3233 949 σε
3272 898 3352 960 είς
3385 896 3501 965 φῶς
3529 897 3714 959 ἐθνῶν.

479 1011 764 1062 thionum:
802 1009 926 1077 quia
951 1008 1073 1064 dedi
1106 1009 1158 1063 in
1190 1010 1647 1076 deserto’aquam,
1677 1017 1730 1062 et
1764 1008 1955 1062 ﬂuvios
1991 1008 2044 1062 in

2146 987 2353 1052 ἀνοῖξαι
2383 987 2694 1058 ὀφθαλμοὺς
2709 986 2945 1055 τυφλῶν,
2975 987 3262 1056 ἐξαγαγεῖν
3299 990 3364 1041 ἐκ
3395 988 3605 1061 δεσμῶν
3635 989 3721 1043 δε-

482 1110 623 1151 terra
655 1099 936 1166 inaquosa,
973 1110 1029 1152 ιιι
1067 1111 1249 1167 potum
1276 1100 1461 1153 darem
1495 1100 1678 1170 generi
1710 1114 1828 1154 meo
1846 1100 2042 1164 electo,

2145 1079 2435 1149 δεμένους,
2496 1080 2591 1132 καὶ
2643 1078 2704 1143 ἐξ
2758 1078 2908 1132 οῖκου
2968 1079 3215 1150 φυλακῆς
3265 1079 3605 1151 καθημένους
3666 1081 3721 1133 ἐν

481 1190 676 1258 popqu
697 1206 853 1259 quem
884 1191 1140 1259 acquisivi
1188 1202 1243 1245 ιιι
1270 1192 1492 1246 virtutes
1528 1206 1675 1245 meas
1702 1201 1886 1246 narret
1913 1191 1979 1243 “.
2020 1210 2038 1243 ι

2149 1171 2328 1224 σκότει
2347 1209 2361 1223 .
2389 1189 2409 1223 ι
2429 1171 2541 1224 Καὶ
2568 1170 2730 1223 πάλιν
2756 1171 2842 1225 διὰ
2868 1172 3051 1242 φωνῆς
3087 1171 3309 1225 Ἡσαΐου
3328 1189 3342 1204 ·
3378 1191 3396 1223 ι
3432 1174 3721 1243 Εὑλογήσει

481 1282 633 1346 Quod
657 1296 775 1335 cum
799 1282 963 1350 probe
990 1280 1310 1349 intelligeret
1331 1281 1522 1338 beatus
1546 1281 1839 1348 Petrus,iis
1869 1283 1958 1352 qui
1978 1297 2045 1337 ex

2150 1279 2217 1332 με
2263 1263 2332 1315 τά
2383 1260 2547 1332 θηρία
2594 1261 2689 1314 τοῦ
2738 1261 2945 1331 ἀγροῦ,
2991 1261 3239 1333 σειρῆνες
3290 1262 3383 1316 καὶ
3434 1262 3722 1334 Θυγατέρες

480 1372 727 1440 gentibus
760 1386 856 1440 per
883 1370 1038 1426 (idem
1076 1373 1139 1424 ad
1172 1386 1351 1426 veram
1385 1372 1476 1427 Dei
1534 1371 1894 1443 cognitionem
1954 1387 2048 1427 vo.

2150 1352 2430 1425 στρουθῶν
2450 1370 2463 1385 ·
2495 1354 2576 1406 ὃτι
2600 1352 2779 1409 ἔδωκα
2815 1356 2874 1407 ἐν
2907 1356 2972 1424 τῇ
3003 1354 3194 1425 ἐρήμῳ
3227 1354 3390 1427 ὕδωρ,
3440 1356 3533 1410 καὶ
3562 1373 3722 1411 ποτα-

480 1462 587 1515 cati
625 1470 779 1515 erant
813 1461 1076 1524 scribens,
1106 1464 1223 1515 ait:
1260 1483 1278 1513 ι
1320 1462 1426 1517 Vos
1476 1442 1655 1517 autem
1717 1479 1884 1532 genus
1936 1465 2048 1519 ele—

2153 1444 2284 1513 μοὺς
2313 1444 2370 1495 ὲν
2399 1445 2471 1512 γῇ
2517 1442 2749 1513 ἀνύδρῳ,
2801 1443 3017 1498 ποτίσαι
3047 1444 3107 1497 τὸ
3142 1445 3298 1513 γένος
3330 1463 3432 1514 μου
3482 1447 3541 1500 τὸ
3575 1447 3724 1500 ἐκλε-

481 1562 650 1616 ctum,
688 1552 862 1622 regale
893 1553 1280 1616 sacerdotium,
1320 1569 1453 1623 gens
1479 1564 1690 1619 sancta,
1742 1555 1967 1625 pepulus
1993 1555 2047 1610 in

2150 1534 2276 1586 κτόν
2298 1551 2312 1564 ’
2353 1533 2500 1598 λαὸν,
2534 1533 2594 1586 ὃν
2625 1536 3099 1607 περιεποιησάμην
3140 1537 3239 1601 τάς
3273 1538 3473 1609 ἀρετάς
3518 1556 3620 1608 μου
3649 1540 3724 1592 δι-

486 1646 922 1714 aequisitionem,
950 1645 1251 1699 utvirtutes
1283 1647 1615 1701 annuntietis
1648 1645 1785 1713 ejus,
1825 1648 1914 1717 qui
1953 1663 2049 1703 vos

2149 1623 2418 1694 ηγεῖσθαι.
2448 1643 2465 1675 ι
2508 1625 2572 1677 ’Ὀ
2607 1624 2671 1696 δὴ
2699 1626 2793 1678 καὶ
2827 1627 3027 1691 συνιεὶς
3048 1623 3107 1682 εὖ
3145 1627 3311 1699 μάλα,
3334 1632 3444 1694 τοῖς
3467 1630 3527 1696 ἐξ
3557 1631 3726 1685 ἐθνῶν

486 1739 552 1791 de
586 1738 821 1791 tenebris
845 1737 1055 1791 vocavit
1079 1736 1130 1789 in
1159 1737 1476 1792 admirabile
1502 1737 1684 1791 lumen
1735 1754 1889 1793 suum
1918 1758 1929 1792 :
1956 1739 2047 1809 qui
2084 1796 2124 1809 ﬁ

2086 1717 2238 1809 “lita
2287 1717 2520 1780 πίστεως
2571 1717 2964 1788 κεκλημένοις,
3033 1721 3115 1783 είς
3169 1720 3499 1791 θεογνωσίαν
3552 1722 3725 1794 ἀληθῆ

488 1827 776 1896 aliquando
816 1842 918 1881 non
948 1826 1195 1897 pupulas,
1250 1842 1391 1880 nunc
1444 1834 1623 1882 autem
1666 1827 1891 1896 pepnlus
1922 1796 1988 1879 “:
2024 1847 2043 1880 ι
2082 1796 2125 1851 Β

2089 1796 2125 1851 Β
2151 1807 2351 1877 γράφει
2377 1807 2471 1860 καί
2504 1823 2667 1879 φησιν
2695 1810 2723 1861 6
2751 1807 3036 1874 θεσπέσιος
3082 1811 3288 1880 Πέτρος
3310 1828 3324 1843 ο
3364 1831 3383 1864 ι
3445 1813 3635 1884 Ὑμεῖς
3672 1813 3728 1866 δὲ

487 1917 714 1984 Quodsi
766 1917 1213 1985 quenmdmodum
1277 1917 1372 1971 tibi
1433 1918 1536 1988 ipsi
1622 1927 1675 1973 et
1737 1919 1941 1975 sentire
1996 1928 2053 1974 et

2148 1899 2307 1966 γένος
2340 1897 2613 1964 ἐκλεκτὸν,
2664 1897 2934 1969 βασίλειον
2977 1903 3309 1973 ἱεράτευμα,
3351 1903 3504 1968 ἔθνος
3553 1905 3725 1974 ἀγιον,

487 2011 666 2064 dicere
743 2010 933 2078 placet,
1015 2010 1211 2064 missus
1305 2019 1387 2064 est
1452 2010 1542 2064 ille
1611 2009 1766 2066 nobis
1819 2010 2053 2068 consub-

2151 1990 2276 2054 λαὸς
2325 1993 2405 2054 είς
2452 1991 2835 2063 περιποίησιν,
2871 1993 2961 2047 ἴνα
3005 1994 3104 2057 τάς
3140 1995 3343 2066 ἀρετὰς
3381 1994 3729 2068 ἐξαγγείλητε

486 2102 772 2167 stantialis,
822 2117 928 2156 non
996 2103 1097 2171 ipsi
1164 2100 1335 2169 Patri,
1382 2102 1528 2156 nullo
1604 2101 1763 2157 modo
1813 2117 1913 2157 nos
1968 2101 2052 2156 fa-

2150 2080 2245 2134 τοῦ
2290 2083 2353 2135 ἐκ
2400 2081 2623 2144 σκότους
2676 2082 2819 2152 ὑμᾶς
2850 2083 3141 2148 καλοῦντος
3186 2085 3280 2140 ἐπὶ
3324 2087 3384 2141 τὸ
3422 2086 3731 2158 θαυμαστόν

485 2196 555 2247 cli
623 2209 809 2248 sumus
866 2192 1062 2247 divina:
1113 2202 1317 2247 natura:
1347 2203 1665 2249 consortes:
1729 2195 2051 2260 mansimus,

2151 2171 2316 2225 αὐτοῦ
2344 2172 2479 2241 φῶς,
2499 2173 2555 2227 οἵ
2582 2190 2711 2227 ποτε
2732 2175 2794 2227 οὐ
2815 2174 2965 2241 λαὸς,
2992 2176 3089 2231 νῦν
3111 2177 3168 2231 δὲ
3193 2177 3340 2242 λαός.
3356 2197 3375 2231 ι
3406 2180 3470 2234 Ei
3493 2180 3551 2234 δὲ
3575 2180 3741 2236 καθά·

484 2285 592 2355 ει
625 2294 683 2338 ιιι
741 2284 873 2351 dixi,
924 2292 977 2339 et
1018 2283 1192 2338 adlmc
1262 2300 1447 2339 sumus
1495 2300 1662 2353 genus
1702 2286 1841 2341 illius
1868 2286 2050 2357 primi,

2153 2279 2260 2335 περ
2304 2263 2454 2335 αὐτῷ
2502 2281 2585 2318 σοι
2629 2265 2779 2319 δοκεῖ
2831 2268 2926 2322 καὶ
2968 2271 3185 2338 φρονεῖν
3235 2273 3328 2325 καὶ
3367 2270 3569 2341 λέγειν,
3634 2275 3734 2327 ἀπ-

486 2354 577 2442 qui
611 2376 663 2429 in
694 2375 1126 2430 maledictionem
1160 2390 1223 2430 ac
1248 2387 1477 2431 mortem
1512 2377 1926 2441 transmittit,et
1954 2378 2053 2432 sub

2154 2354 2352 2425 εστάλη
2382 2357 2410 2408 ό
2447 2356 2578 2425 ἡμῖν
2605 2356 2908 2428 ὁμοούσιος,
2935 2360 3117 2416 οὐκέτι
3144 2361 3202 2416 δὲ
3232 2363 3323 2417 καὶ
3354 2363 3506 2436 αὐτῷ
3524 2365 3602 2436 τῷ
3624 2366 3735 2419 Παι-

488 2463 694 2533 peccati
720 2472 946 2517 reatum.
968 2461 1128 2517 Stulti
1152 2478 1281 2533 ergo
1303 2463 1432 2519 l‘aeti
1488 2479 1691 2528 sumus,
1721 2475 1773 2519 et
1807 2466 1872 2520 iis
1911 2479 2055 2521 nunc

2153 2445 2262 2514 τρὶ,
2294 2446 2416 2499 κατ’
2456 2446 2646 2499 οὐδένα
2673 2449 2876 2519 τρόπον
2907 2451 3067 2521 ἡμεῖς
3091 2452 3238 2517 θείας
3268 2454 3486 2524 φύσεως
3511 2456 3738 2526 γεγόνα-

488 2569 699 2624 quoque
726 2554 1075 2608 nihilominus
1101 2561 1367 2617 tenemur,
1434 2553 1486 2608 in
1520 2554 1714 2623 quibus
1768 2554 1895 2608 olim
1933 2569 2056 2610 era-

2159 2552 2257 2605 μεν
2313 2538 2590 2591 κοινωνοί·
2643 2542 3052 2612 μεμενήκαμεν,
3100 2544 3177 2609 ὼς
3222 2544 3377 2618 ἔφην,
3422 2549 3522 2603 καὶ
3574 2549 3740 2620 ἐσμὲν

491 2658 613 2699 mus
652 2654 777 2698 ante
805 2643 945 2697 illius
975 2644 1287 2700 adventum.
1313 2643 1594 2710 Quomodo
1633 2645 1922 2714 igiturjam
1956 2660 2053 2699 ve-

2157 2628 2237 2681 ἐτι
2267 2630 2422 2697 γένος
2453 2629 2543 2682 τοῦ
2576 2630 2817 2700 πρώτου,
2856 2634 2949 2686 τοῦ
2983 2636 3447 2707 παραπέμποντος
3492 2642 3574 2703 είς
3604 2640 3741 2710 ἀράν

491 2744 606 2789 tera
659 2735 1013 2799 transierunt,
1046 2744 1101 2789 et
1159 2749 1284 2789 ecce
1320 2734 1458 2789 facta
1507 2743 1636 2788 sunt
1672 2750 1808 2790 nova
1837 2735 1926 2789 “7
1953 2735 2057 2791 Ubi

2157 2724 2251 2776 καὶ
2283 2722 2533 2787 θάνατον,
2572 2724 2665 2777 καὶ
2698 2724 2803 2777 ὑπὸ
2833 2726 3020 2797 ποινὴν
3066 2730 3358 2801 ἁμαρτίας.
3405 2733 3742 2804 Μεματαιὼ-

491 2840 620 2881 vero
651 2825 778 2881 illud
812 2841 825 2877 :
861 2842 882 2875 ι
918 2823 975 2880 Si
1009 2825 1129 2893 quis
1165 2825 1217 2879 in
1247 2825 1484 2889 Christo,
1523 2840 1660 2880 nova
1710 2825 2050 2880 creatura?»

2161 2815 2300 2885 μεθα
2332 2816 2397 2886 δὴ
2440 2813 2553 2882 οῦν,
2594 2818 2690 2871 καὶ
2718 2819 2885 2889 ἐσμὲν
2911 2821 3065 2875 οὐδὲν
3104 2818 3267 2894 ἦττον
3311 2825 3405 2879 καὶ
3439 2826 3537 2881 νῦν
3561 2829 3622 2881 ἓν
3666 2822 3744 2890 οἷς

493 2919 599 2973 Sed
632 2918 905 2973 erubescis
941 2919 1104 2972 Deum
1127 2916 1375 2972 conﬁteri
1428 2917 1655 2971 similem
1689 2918 1863 2984 nobis,
1886 2917 2059 2973 homi-

2156 2901 2302 2978 ἦμεν
2344 2909 2533 2973 πάλαι,
2564 2910 2660 2962 καὶ
2691 2911 2796 2981 πρὸ
2825 2913 2923 2982 τῆς
2949 2914 3263 2985 ἐπιδημίας.
3290 2917 3418 2981 Πῶς
3449 2913 3543 2973 οὖν
3567 2918 3650 2972 ἔτι
3681 2919 3747 2971 τὰ

494 3024 612 3064 nem
639 3010 837 3065 factum
874 3012 1043 3079 ipsum
1080 3010 1174 3064 Dei
1223 3008 1494 3064 Verbum?
1523 3010 1774 3080 lncrepas
1832 3024 1962 3080 ergo
2002 3009 2061 3065 il-

2159 2999 2363 3069 ἀρχαῖα
2406 3001 2698 3073 παρῆλθεν,
2746 3005 2838 3057 καὶ
2884 3005 2993 3059 ἰδοὺ
3033 3007 3222 3076 γέγονε
3255 3011 3463 3077 καινά;
3505 3012 3617 3066 Ποῦ
3656 3012 3710 3065 δέ
3733 3031 3744 3042 ·

494 3103 622 3168 tum,
655 3117 751 3157 nee
782 3103 1057 3173 sapienter
1088 3101 1424 3157 consultasse
1453 3101 1590 3158 dicis
1624 3102 1765 3171 quod
1788 3117 1846 3158 se
1882 3104 2059 3171 ipsum
2084 3133 2128 3193 ο

2110 3133 2128 3193 Ξ
2166 3107 2185 3139 ι
2226 3090 2293 3143 Et
2311 3106 2394 3153 τις
2442 3092 2501 3144 ὲν
2532 3092 2771 3163 Χριστιῖ),
2808 3095 2968 3165 καινὴ
3000 3096 3205 3164 κτίσιςς
3248 3117 3265 3149 ι
3328 3099 3474 3155 Ἀλλ’
3520 3101 3749 3175 αἰσχύνῃ

494 3203 709 3263 propter
745 3209 843 3249 nos
884 3194 1181 3249 exinanivit
1211 3194 1277 3246 “.
1310 3194 1508 3249 Audies
1552 3195 1716 3264 igitur
1745 3195 2055 3250 dicentem:
2089 3181 2128 3193 ⁷

2113 3181 2128 3191 ’
2162 3181 2296 3235 Θεὸν
2327 3183 2607 3253 ὁμολογεῖν
2642 3185 2762 3238 καθ’
2791 3187 2941 3256 ἡμᾶς
2981 3188 3268 3259 γενόμενον
3312 3191 3629 3264 ἄνθρωπον,
3666 3196 3752 3247 τὸν

498 3306 515 3338 ι
552 3287 695 3341 Vade
721 3295 841 3357 post
868 3301 973 3353 me,
998 3284 1222 3349 Satana,
1247 3287 1557 3341 scandalum
1617 3302 1677 3342 es
1739 3287 1894 3354 mihi,
1934 3288 2061 3359 quia

2160 3272 2257 3327 τοῦ
2301 3272 2439 3327 Θεοῦ
2480 3276 2686 3344 Λόγον;
2740 3278 3124 3351 Ἐπιπλήττεις
3166 3279 3262 3336 οῦν
3317 3285 3510 3349 αὐτὸν,
3557 3288 3653 3345 καὶ
3696 3288 3753 3340 οὺ

494 3398 600 3438 non
625 3383 771 3451 sapis
802 3396 864 3437 ea
896 3394 1014 3451 qua!
1033 3378 1124 3435 Dei
1158 3379 1401 3449 sunt,sed
1429 3395 1490 3436 ea
1519 3394 1636 3451 qua:
1652 3379 1929 3438 hominum
1959 3384 2058 3438 “.9

2166 3368 2307 3439 σοφά
2348 3367 2730 3438 βεϐουλεῦσθαι
2783 3371 2910 3440 φὴς,
2964 3373 3046 3427 ὅτι
3089 3377 3391 3430 κεκένωκεν
3448 3380 3644 3433 ἑαυτὸν
3691 3378 3756 3431 δι’

497 3476 754 3531 Scrutare
781 3476 1060 3531 nobiscum
1097 3490 1282 3531 sacras
1314 3475 1567 3531 Litteras.
1600 3477 1863 3547 Apparuit
1887 3492 2063 3548 quon-

2165 3462 2333 3531 ἡμᾶς.
2370 3459 2577 3515 Οὐκοῦν
2627 3460 2837 3535 ἀκούσῃ
2891 3461 3171 3533 λέγοντος·
3228 3488 3247 3520 ι
3302 3468 3535 3538 Ὕπαγε
3587 3469 3759 3522 ὀπίσω

495 3571 618 3620 dam
649 3566 810 3620 etiam
838 3565 1159 3635 patriarcha:
1181 3564 1348 3624 Iacob
1376 3568 1440 3622 de
1464 3567 1645 3623 Laban
1675 3569 1881 3623 aedibus
1941 3584 2066 3638 pro-

2169 3571 2295 3625 μου,
2320 3554 2553 3619 Σατανᾶ,
2608 3554 2903 3609 σκάνδαλόν
2940 3573 3041 3627 μου
3073 3556 3141 3624 εἴ,
3179 3561 3258 3614 ὅτι
3303 3562 3363 3614 οὐ
3417 3565 3648 3634 φρονεῖς
3697 3562 3763 3615 τὰ

498 3656 783 3719 tlciscenti.
826 3656 1072 3724 cumjam
1102 3657 1167 3710 ad
1197 3657 1312 3726 ipsa
1340 3656 1681 3735 Jacovaada
1706 3661 2064 3727 pervenisset,

2167 3646 2259 3699 τοῦ
2278 3644 2437 3709 Θεοῦ,
2456 3646 2592 3699 ἀλλὰ
2616 3646 2683 3699 τά
2713 3647 2822 3700 τῶν
2851 3649 3171 3719 ἀνθρώπων.
3217 3670 3234 3703 ι
3277 3653 3617 3726 Ἑρειΰνηοον
3650 3652 3765 3726 μεθ’

499 3746 639 3800 sicut
668 3745 926 3813 scriptum
961 3754 1044 3799 est.
1073 3760 1087 3797 :
1123 3763 1143 3797 ι
1168 3743 1408 3798 Relietus
1431 3751 1514 3797 est
1539 3744 1681 3798 enim
1700 3742 1867 3799 Jacob
1896 3745 2062 3809 solus,

2169 3735 2327 3806 ἡμῶν
2367 3736 2467 3807 τὴν
2503 3735 2858 3793 θεόπνευστον
2893 3739 3135 3811 Γραφήν.
3182 3740 3359 3814 Ὠφθη
3390 3744 3532 3797 ποτὲ
3565 3745 3659 3798 καὶ
3690 3741 3764 3812 τῷ

498 3846 551 3890 et
578 3835 884 3891 luctabatur
925 3835 1010 3889 vir
1047 3851 1170 3891 cum
1209 3836 1325 3906 ipso
1357 3850 1528 3906 usque
1560 3851 1737 3891 mane.
1782 3835 1930 3891 Vidit
1969 3851 2067 3889 au-

2171 3828 2484 3900 πατριάρχῃ
2532 3828 2727 3883 Ἰακὼϐ
2767 3831 2865 3901 τῆς
2899 3832 2998 3903 μὲν
3028 3832 3118 3885 τοῦ
3151 3833 3336 3887 Δάϐαν
3371 3836 3564 3903 ἑστίας
3595 3837 3762 3891 ἀπαί-

503 3940 607 3982 lem
626 3930 767 3999 quod
796 3943 919 3984 eum
954 3943 1209 3999 superare
1234 3944 1336 3983 non
1374 3936 1579 3999 posset,
1609 3939 1663 3984 et
1693 3929 2071 4002 tetigitlatitu-

2174 3938 2344 3993 ροντι,
2381 3922 2516 3991 πρὸς
2550 3923 2742 3987 αὑταῖς
2787 3924 2844 3977 δὲ
2890 3926 3135 3993 γεγονότι
3184 3930 3303 3991 ταῖς
3334 3928 3628 3985 διαϐἀσεσι
3670 3927 3763 3983 τοῦ

501 4021 679 4075 dinem
727 4020 947 4075 femoris
987 4020 1124 4089 ejus,
1163 4027 1217 4074 et
1264 4022 1534 4077 emarcuit
1582 4021 1808 4079 latitudo
1849 4021 2071 4078 femoris

2185 4011 2400 4080 Ἰαϐὼκ,
2438 4014 2584 4067 καθά
2616 4014 2946 4086 γέγραπται·
2988 4034 3008 4067 ι
3063 4016 3394 4090 ’Υπελείφθη
3419 4019 3533 4092 γὰρ
3572 4015 3766 4074 Ἰακὼϐ

501 4113 687 4180 Jacob,
728 4114 853 4169 dum
887 4122 1150 4184 pugnaret
1180 4130 1302 4169 cum
1337 4115 1500 4185 ipso:
1537 4115 1674 4170 dixit
1710 4125 1890 4171 autem
1934 4114 2008 4170 illi
2052 4133 2066 4169 :

2176 4105 2368 4179 μόνος,
2426 4107 2522 4160 καὶ
2575 4106 2832 4161 ἑπάλαιεν
2884 4106 3171 4179 ἄνθρωπος
3231 4110 3347 4179 μετ’
3402 4110 3616 4177 αὑτοῦ,
3665 4109 3769 4171 ἕως

508 4207 727 4261 Dimitte
759 4221 864 4271 me,
902 4206 1148 4261 ascendit
1178 4207 1322 4261 enim
1347 4207 1675 4261 diluculum:
1703 4207 1795 4262 ille
1820 4221 1953 4262 vero
1983 4207 2069 4261 di-

2175 4201 2341 4272 πρωΐ.
2374 4193 2497 4254 Οἵδε
2525 4199 2640 4272 [Ian
2678 4196 2809 4272 εἶδε]
2837 4199 2912 4267 δὲ,
2944 4200 3025 4252 ὅτι
3057 4200 3116 4253 οὐ
3154 4200 3375 4255 δύναται
3407 4202 3550 4273 πρὸς
3587 4201 3770 4265 αὑτὸν,

508 4297 621 4353 xit:
655 4294 772 4352 Non
802 4306 855 4352 te
884 4297 1147 4353 dimittam
1203 4296 1309 4352 nisi
1330 4297 1669 4353 benedixeris
1697 4297 1827 4351 mihi
1858 4298 1924 4349 "~.
1957 4315 1974 4349 ι
2009 4296 2077 4350 Ει

2176 4292 2269 4346 καὶ
2302 4291 2479 4362 ἥψατο
2514 4290 2609 4344 τοῦ
2641 4291 2877 4355 πλάτους
2909 4291 3003 4344 τοῦ
3040 4292 3216 4364 μηροῦ
3251 4293 3441 4359 αὐτοῦ,
3477 4295 3578 4349 καὶ
3618 4292 3776 4367 ἐνάρο

509 4397 628 4459 post
668 4389 769 4444 alia
813 4403 1048 4445 rursus:
1092 4407 1110 4441 ι
1152 4388 1216 4442 Ει
1267 4390 1485 4442 vocavit
1530 4386 1698 4445 Jacob
1746 4402 1942 4442 nomen
1972 4385 2076 4441 loci

2178 4399 2315 4454 κησε
2344 4383 2406 4435 τὸ
2437 4381 2639 4446 πλάτος
2679 4381 2773 4435 τοῦ
2811 4382 2987 4455 μηροῦ
3036 4382 3254 4449 Ἰακὼϐ,
3299 4384 3357 4440 ἑν
3392 4384 3474 4456 τῷ
3523 4385 3776 4439 παλαίειν

511 4482 651 4536 illius
686 4497 701 4536 :
731 4481 949 4552 Species
985 4480 1114 4546 Del;
1149 4481 1331 4549 aspexi
1356 4481 1498 4535 enim
1530 4480 1697 4534 Deum
1722 4478 1861 4533 facie
1898 4478 1963 4532 ad
1992 4476 2078 4531 fa-
2109 4467 2150 4523 1)

2137 4469 2154 4520 )
2184 4474 2346 4528 αὑτὸν
2388 4473 2504 4545 μετ’
2536 4474 2723 4529 αὐτοῦ.
2780 4471 2917 4528 Εἷπε
2965 4474 3023 4529 δὲ
3058 4475 3232 4546 αὐτῷ·
3274 4477 3632 4531 ’Δπόστειλόν
3665 4496 3735 4548 με
3761 4489 3776 4504 ⁸

511 4573 669 4640 ciem,
703 4579 758 4627 et
786 4573 930 4629 salva
996 4573 1137 4627 facta
1198 4581 1282 4626 est
1331 4571 1509 4625 anima
1540 4584 1680 4626 mea.
1735 4569 1967 4624 Exortus
1992 4576 2080 4624 est

2186 4565 2351 4636 ἀνέϐη
2390 4565 2498 4637 γάρ
2547 4567 2575 4619 6
2618 4564 2845 4640 ὄρθρος’
2898 4568 2926 4618 6
2970 4566 3026 4621 δὲ
3073 4564 3259 4622 εῖπεν·
3303 4567 3378 4621 Οὐ
3412 4570 3492 4639 μή
3533 4586 3596 4622 σε
3645 4571 3780 4623 ἀπο-

512 4673 686 4720 autem
714 4664 787 4720 illi
811 4664 891 4719 sol
923 4679 1043 4720 cum
1074 4661 1458 4732 pertransissct
1488 4659 1736 4731 Speciem
1776 4660 1870 4714 Dei
1934 4658 2002 4715 “.
2054 4679 2073 4713 ι

2185 4656 2398 4721 στείλω,
2438 4658 2532 4711 ὲάν
2570 4658 2643 4729 μή
2682 4674 2749 4727 με
2785 4659 3104 4732 εὐλογήσῃς.
3134 4678 3151 4710 ι
3185 4659 3294 4714 Καὶ
3326 4660 3448 4729 μεθ’
3482 4660 3655 4732 ἕτερα
3682 4660 3786 4713 πά-

513 4754 753 4823 lntellige
781 4754 962 4824 igitur,
982 4767 1089 4807 non
1119 4760 1175 4804 ut
1217 4751 1591 4820 incorporeum
1650 4759 1705 4805 et
1736 4750 2083 4821 impalpabile

2182 4749 2300 4803 λιν·
2355 4766 2374 4802 ι
2428 4750 2538 4804 Καὶ
2582 4750 2838 4803 ἐκάλεσεν
2884 4750 3078 4804 Ἰακὼϐ
3125 4750 3186 4805 τὸ
3233 4751 3403 4821 ὄνομα
3461 4751 3563 4805 τοῦ
3614 4752 3784 4805 τόπου

518 4844 749 4899 Verbum
775 4857 1037 4913 apparere
1067 4841 1391 4911 patriarcha.
1411 4854 1474 4895 eo
1527 4849 1769 4910 tempore
1823 4841 2079 4906 voluisse,

2184 4840 2416 4904 ἐκείνου,
2441 4835 2593 4903 Εῐδος
2628 4839 2762 4893 Θεοῦ
2782 4856 2795 4871 ’
2828 4837 2982 4895 Εἶδον
3002 4840 3126 4912 γὰρ
3152 4839 3285 4894 Θεὸν
3311 4842 3620 4912 πρόσωπον
3650 4842 3787 4914 πρὸς

517 4945 573 4989 nt
608 4935 682 4990 illi
715 4935 959 5006 mysterii
1007 4945 1190 5005 typum
1242 4941 1733 5003 prmmoustraret:
1772 4934 1868 4988 sed
1923 4933 2083 4988 homo

2187 4932 2496 5003 πρόσωπον,
2535 4932 2627 4984 καὶ
2654 4930 2831 5001 ἐσώθη
2861 4950 2962 5001 μου
2995 4934 3028 5003 ἡ
3054 4932 3221 5004 ψυχή.
3253 4933 3524 4987 Ἀνέτειλε
3553 4934 3613 4988 δὲ
3638 4932 3792 5003 αὐτῷ

519 5028 740 5096 eratqui
765 5027 1092 5091 luctabatur,
1123 5032 1177 5078 et
1204 5033 1369 5078 totam
1399 5023 1452 5075 in
1471 5036 1535 5076 ea
1571 5036 1628 5076 re
1653 5033 1864 5078 noctem
1902 5031 2085 5077 trans-

2188 5025 2217 5077 6
2249 5024 2418 5096 ἥλιος,
2467 5024 2629 5095 ἡνίκα
2664 5024 2903 5095 παρῆλθε
2932 5026 2993 5078 τὸ
3032 5021 3176 5088 εἶδος
3202 5024 3294 5078 τοῦ
3340 5025 3508 5081 Θεοῦ.
3564 5046 3586 5080 ι
3623 5027 3792 5089 Σύνες

520 5118 672 5188 egit:
728 5116 1076 5172 illucescente
1103 5123 1281 5168 autem
1340 5114 1446 5180 die,
1497 5124 1657 5184 atque
1702 5127 1893 5168 aurora
1925 5115 2089 5168 adve-

2191 5113 2283 5170 οῦν
2316 5117 2482 5182 ὅπως,
2536 5116 2633 5185 οὐχ
2679 5115 2756 5178 ὡς
2802 5114 3093 5186 ἀσώματός
3138 5132 3196 5170 τε
3227 5116 3323 5170 καὶ
3350 5117 3582 5189 ἀναφὴς
3614 5118 3794 5187 Λόγος

524 5213 722 5275 niente,
763 5226 783 5259 ι
840 5208 1059 5262 Dimitte
1113 5221 1219 5272 me,
1257 5224 1276 5257 ι
1341 5205 1555 5274 inquit;
1607 5205 1748 5273 quod
1811 5204 2091 5259 evidenter

2192 5207 2346 5279 ⁴ίγξίου
2379 5208 2664 5277 φαίνεσθαι.
2700 5206 2778 5279 τῷ
2807 5209 3121 5284 πατριάρχῃ
3168 5211 3521 5281 τοτηνικάδε,
3564 5213 3662 5266 τὸν
3697 5204 3792 5259 τοῦ

522 5309 640 5356 erat
672 5316 701 5355 ιι
727 5301 866 5355 lucta
900 5296 1363 5353 desistentis.Jam
1387 5310 1507 5366 qua:
1557 5295 1629 5350 sit
1680 5296 1924 5367 mysterii
1953 5296 2096 5352 ratio

2200 5298 2498 5369 μυστηρίου
2528 5297 2695 5351 τύπον
2745 5298 3163 5368 προαναφαίνων
3200 5297 3385 5367 αὐτῷ’
3432 5299 3559 5353 ἀλλ’
3590 5293 3663 5369 ἦν
3702 5295 3796 5349 ἄνα

528 5396 707 5449 dicere
735 5405 956 5447 necesse
982 5398 1066 5445 est
1094 5407 1108 5443 :
1137 5404 1260 5443 cum
1292 5388 1376 5442 his
1403 5387 1546 5442 enim
1574 5388 1664 5458 qui
1703 5389 1754 5440 in
1790 5396 1943 5442 nocte
1963 5396 2018 5442 et
2038 5387 2093 5441 in

2196 5386 2414 5457 θρωπος
2462 5387 2490 5439 6
2536 5385 2797 5452 παλαίων,
2837 5387 2930 5440 καὶ
2961 5388 3089 5459 ὅλην
3131 5388 3210 5449 είς
3255 5385 3415 5441 τοῦτο
3465 5385 3796 5456 δαπανήσας

536 5483 771 5539 tenebris
801 5481 1274 5551 degunt,quorum
1298 5477 1495 5533 animis
1511 5486 1564 5533 et
1611 5476 1864 5533 cordibus
1920 5477 2097 5546 caligo

2196 5478 2296 5548 τὴν
2334 5477 2533 5533 νύκταο
2571 5477 2711 5548 πλὴν
2754 5476 3151 5548 διαυγαζούσης
3196 5476 3443 5548 ἡμέρας,
3496 5476 3705 5547 ὄρθρου
3737 5489 3796 5526 τι

600 5687 645 5717 ⁸⁹
686 5682 787 5737 lsa.
819 5696 954 5747 ιιιι,
982 5680 1037 5745 6,
1070 5680 1120 5735 7.
1224 5681 1270 5713 "
1306 5680 1407 5734 lsa.
1450 5692 1601 5739 mn,
1628 5675 1843 5747 ωτι.
1954 5674 2057 5747 ’ξι
2088 5671 2239 5747 Ρςιιι.

2152 5681 2244 5747 3_tr.
2277 5688 2344 5747 tt,
2374 5673 2427 5743 9,
2461 5672 2546 5730 10.
2663 5674 2707 5705 ⁸⁸
2744 5673 2785 5728 ΙΙ
2826 5673 2950 5731 Cor.
2994 5689 3044 5738 ν,
3084 5673 3170 5728 17.
3284 5669 3329 5703 ⁸³
3368 5667 3694 5741 Philippm,
3738 5667 3791 5721 7.

534 5757 576 5789 “
613 5753 803 5809 Matth.
834 5744 947 5813 ιιι,
986 5744 1076 5808 25.
1154 5750 1197 5785 ⁸⁵
1237 5751 1376 5808 Gen.
1410 5763 1581 5808 xxxn.
1614 5746 1807 5802 22-26.
1908 5747 1953 5778 “
1992 5745 2122 5801 ibid.
2152 5745 2243 5812 δυ,
2276 5744 2363 5799 51.
