4150 6442
451 483 557 541 H5

1534 500 1911 564 ADVERSUS
1945 508 2357 573 NESTORIUM
2396 512 2529 573 LIB.
2570 518 2653 576 Ill.
2756 510 2761 515 δ

3631 529 3730 582 146

448 605 863 712 ἶεγξνημένου,
917 608 1004 674 τὸ,
1045 629 1064 662 t
1112 613 1453 671 Ἀπὸστειλόν
1495 638 1585 690 με,
1629 641 1648 676 ι
1693 629 1875 697 φησὶν,
1921 630 2051 702 ὅπερ

2163 637 2424 707 spiritalis
2457 637 2629 695 otl‘usa
2648 646 2730 694 est
2756 647 2811 694 et
2846 641 3082 695 nondum
3114 642 3229 709 ejus
3260 644 3572 712 mysterium
3638 662 3731 698 va-

448 693 517 768 ἦν
546 698 805 769 ἐναργῶς
853 703 1219 770 καταλύοντος
1252 709 1349 781 τὴν
1395 712 1593 786 πάλην.
1636 693 1867 785 καὶ-τίς
1898 724 1926 775 6
1958 693 2052 777 τοίῖ

452 791 766 888 μυστηρίου
792 790 1006 888 λόγος,
1056 798 1232 852 εἰπεῖν
1280 802 1608 872 ἀναγκαῖον’
1657 813 1771 875 τοῖς
1818 814 1916 884 μὲν
1945 817 2054 888 γὰρ

450 880 529 977 ὡς
560 882 620 934 ἐν
654 883 817 936 νυκτὶ⁵
847 885 944 937 καὶ
984 888 1169 941 σκότει
1196 890 1523 961 διατελοῦσι,
1555 899 1649 953 καὶ
1676 880 1844 973 ἀχλὺν
1872 880 2053 977 ἔχουσι

451 971 556 1039 τὴν
613 977 817 1047 νοητὴν
864 977 946 1039 είς
983 979 1109 1033 νοῦν
1160 982 1255 1035 καὶ
1312 986 1558 1057 καρδίαν,
1607 971 1758 1046 οὗπώ
1804 1013 1863 1049 τε
1901 971 2055 1055 ῠνοεῖν

456 1060 714 1130 ἰσχύουσι
747 1065 811 1117 τὸ
860 1067 948 1119 ἐπ’
993 1070 1143 1140 αὐτῷ
1194 1077 1512 1148 μυστήριον,
1555 1081 1808 1139 παλαίειν
1848 1105 1907 1141 τε
1962 1092 2055 1146 καὶ

458 1152 739 1252 μάχεσραι
767 1156 865 1209 καὶ
896 1161 1054 1231 νικᾷν
1089 1161 1209 1227 ἔθος
1240 1167 1388 1239 αὐτῷ
1406 1186 1421 1202 ο
1459 1174 1571 1237 τοῖς
1597 1191 1660 1243 γε
1693 1179 1800 1249 μὴν
1830 1180 1888 1234 ἐν
1916 1186 2055 1252 φωτὶ

454 1249 738 1344 γεγονδσι,
766 1252 863 1344 καὶ
890 1254 968 1317 ὡς
1009 1257 1067 1308 ἐν
1110 1256 1292 1331 δρθρῳ
1318 1261 1397 1333 τῷ
1421 1265 1618 1336 νοητῷ,
1652 1270 1746 1322 καὶ
1773 1249 2052 1344 νενοηκόσι

455 1333 519 1391 εὖ
559 1340 710 1409 μάλα
734 1343 795 1395 τὸ
825 1347 1144 1416 μυστήριον,
1170 1351 1269 1405 οὐκ
1312 1333 1662 1413 ὲπιπαλαίειν
1688 1360 1848 1427 ἀξιοῖ,
1878 1333 2054 1420 δίανέ-

455 1446 553 1521 pst
594 1431 653 1484 δὲ
698 1434 901 1502 μᾶλλον
943 1438 1192 1507 εὐλογίας
1240 1449 1633 1515 πνευματικὰς.
1687 1453 1914 1521 Οὐκοῦν,
1949 1458 2054 1511 κᾶν

451 1520 923 1615 ὀψὲᾼκαὶᾲμιξλις
985 1530 1248 1598 είσγένοιο
1292 1537 1386 1589 καὶ
1422 1539 1583 1604 αὐτὸς
1625 1543 1746 1611 μεθ’
1795 1520 1948 1615 ἡμῶν
1996 1553 2054 1603 ὲν

453 1612 625 1708 spent},
658 1613 755 1666 καὶ
785 1610 897 1668 οἷον
926 1619 985 1670 ἐν
1010 1619 1214 1693 ὄρθρῳ,
1258 1627 1598 1684 πεπαύσεται
1627 1610 1713 1686 σοι
1745 1610 2053 1708 μαξάμενος

448 1703 486 1798 t5
515 1702 735 1798 ῖτάντᾳς
760 1707 948 1763 νικῶν.
982 1709 1092 1764 Θέα
1119 1712 1176 1765 δὲ
1204 1714 1352 1780 ὅπως
1383 1719 1672 1791 ἀνθρώπου
1712 1702 2050 1798 παλαίοντος,

447 1794 483 1845 6
522 1794 819 1893 Θεσπέσιος
861 1800 1056 1893 Ἰακὼϐ
1094 1804 1398 1875 ἑωρακέναι
1446 1814 1579 1883 φησὶ
1606 1815 1695 1870 τὸν
1725 1818 1858 1872 Θεὸν
1886 1794 2054 1893 ςτρόσὲ

447 1901 612 1984 ωπον
660 1886 1144 1984 πρὸςμπρόσωπον.
1202 1898 1564 1967 “possedi-:th
1626 1907 1682 1960 δὲ
1722 1908 1785 1963 τὸ
1813 1886 2052 1984 Γράμμα

447 1973 517 2026 τὸ
569 1974 745 2073 ξρὸν,
779 1978 920 2073 ⁵ὅτιΔ
952 1999 971 2031 ι
1044 1983 1339 2051 Ἀνέτειλεν
1384 1992 1533 2063 αὐτῷ
1589 1998 1617 2048 6
1662 1973 2048 2073 ἥλιος,”ἠνίκα

450 2065 708 2165 παρῆλθε
736 2067 806 2165 τὸ
848 2063 990 2165 είδος
1026 2074 1138 2165 τοῦ
1185 2076 1340 2133 Θεοῦ.
1399 2101 1418 2132 ι
1476 2085 1620 2139 Ἀνθ⁹
1668 2063 1919 2165 ϐτουξδὴΙ
1956 2092 2048 2148 οὖν

453 2156 796 2249 επερυοριᾷς
830 2163 945 2225 τοῖς
983 2164 1088 2235 τῆς
1131 2168 1415 2236 κενώσεως
1464 2177 1706 2249 μέτροις,
1733 2156 1908 2237 καίτοι
1955 2186 2048 2241 τὸν

462 2247 536 2348 ἐκ
552 2246 692 2300 Θεοῦ
732 2250 1153 2349 Πατρὸς-Λόγον
1182 2265 1534 2336 σαρκωθῆναί
1560 2246 1619 2323 τε
1649 2273 1742 2325 καὶ
1776 2276 2048 2349 ὲνανθρω-

465 2337 657 2439 urbem,
684 2343 908 2439 παντὸς,
929 2341 1105 2439 οἶμαι,
1126 2350 1377 2420 λέγοντος
1393 2357 1487 2411 τοῦ
1513 2362 1607 2415 καὶ
1634 2363 1802 2437 ὀρθὴν
1834 2337 2048 2439 ἔχοντος

462 2426 666 2519 πίστιν,
712 2431 805 2483 καὶ
848 2431 1234 2503 βασανίζοντος
1271 2442 1516 2514 ἀκριϐῶς
1546 2449 1647 2519 τῆς
1669 2426 2047 2509 ’θεοπνευστου

455 2516 687 2610 Γραφῆς
716 2521 812 2575 τὸν
848 2526 1086 2594 σκοπόν;
1133 2529 1191 2583 ὐ
1220 2534 1396 2589 τοίνυν
1425 2539 1558 2608 ἡμῖν
1582 2516 1886 2610 δμοούσιος.
1913 2546 2049 2601 καθὸ

454 2609 688 2709 γέγονεν
711 2613 1029 2709 ἄνθρωπος·
1063 2622 1160 2674 καὶ
1186 2624 1335 2696 αὐτῷ
1358 2626 1414 2680 δὲ
1445 2629 1524 2700 τῷ
1549 2609 1745 2702 Πατρὶ,
1777 2637 1918 2691 καθὰ
1955 2655 2050 2709 με-

456 2700 791 2799 μένηκεκαὶ
822 2707 1336 2788 ἀνθρωπότητι[ἵσ.
1367 2720 1427 2773 ὲν
1452 2700 1856 2799 ἀνθρωπότητι]
1893 2700 2046 2796 Θεὸς,

449 2790 746 2867 ἀπεστάλη
801 2799 1097 2870 κηρύσσων
1147 2808 1514 2878 αίχμαλὼτοις
1562 2790 1776 2884 ἄφεσιν,
1819 2790 1911 2872 καὶ

449 2884 616 2981 φλοίς
662 2888 981 2962 ἀνάϐλεψιν,
1015 2896 1267 2952 ἰάσασθαί
1295 2918 1356 2955 τε
1388 2905 1516 2967 τοὺς
1547 2912 2050 2981 συντετριμμένους

608 2982 860 3053 καρδίαν,
901 2987 1131 3042 καλέσαι
1164 2989 1222 3043 δὲ
1273 2994 1367 3046 καὶ
1415 2997 1658 3051 ἐνιαυτὸν
1707 2978 1911 3072 Κυρίου
1962 3005 2050 3057 δε-

451 3071 612 3125 κτόν.
672 3074 849 3130 Αὐτοῦ
895 3078 1007 3149 γὰρ
1060 3080 1223 3149 μόνου
1279 3084 1374 3137 καὶ
1417 3087 1513 3156 οὐχ
1561 3089 1749 3159 ἑτέρου
1799 3094 1942 3156 τινὸς
1983 3096 2050 3150 τὰ

450 3163 645 3218 τοιάδε
685 3166 910 3235 γέγονεν
944 3172 1027 3234 εἰς
1056 3174 1203 3243 ἡμᾶς
1243 3176 1646 3247 κατορθώματα
1667 3197 1679 3210 ’
1713 3183 1805 3234 καὶ
1845 3185 2048 3238 πιστώ-

450 3254 617 3309 σεταί
665 3273 754 3321 τις
785 3258 893 3312 τῶν
944 3262 1116 3329 ἁγίων
1168 3268 1482 3338 προφητῶν,
1512 3269 1655 3324 οὕτω
1677 3271 1851 3341 λέγων
1871 3291 1884 3304 ο
1930 3295 1949 3326 ‹
1974 3277 2049 3329 Οὐ

450 3343 729 3415 πρέσϐυς,
800 3348 900 3402 οὐκ
934 3350 1186 3421 ἄγγελος,
1222 3356 1336 3410 ἀλλ’
1406 3359 1566 3423 αὐτὸς
1613 3363 1643 3415 6
1678 3364 1882 3435 Κύριος
1913 3365 2051 3420 ἔσω-

454 3448 557 3487 σεν
584 3435 738 3505 ἡμᾶς
759 3451 772 3466 ·
814 3455 834 3488 ι
871 3439 899 3489 6
924 3440 1021 3492 xui.
1052 3440 1426 3512 ἐναργέστατα
1459 3445 1661 3513 λέγων·
1706 3467 1725 3499 ι
1763 3448 1860 3503 Διὰ
1892 3451 2065 3506 τοῦτοί

452 3522 738 3591 γνώσεται
780 3527 810 3579 6
856 3526 986 3591 λαός
1041 3546 1143 3599 μου
1185 3531 1248 3584 τὸ
1291 3532 1463 3604 ὄνομά
1508 3553 1610 3606 μου
1656 3538 1715 3591 ἐν
1760 3541 1826 3611 τῇ
1867 3541 2052 3614 ἡμέρᾳ

450 3616 649 3688 ἐκείνῃ
671 3634 687 3648 ·
720 3616 885 3684 αὐτὸς
912 3622 941 3673 6
988 3620 1187 3687 λαλῶν,
1224 3624 1477 3697 πάρειμι.
1521 3647 1541 3680 ι
1585 3630 1776 3684 Καίτοι
1805 3633 1943 3700 πῶς,
1976 3633 2055 3686 ετ-

452 3725 570 3780 περ
602 3704 677 3780 ἦν
707 3728 794 3775 τις
826 3710 1114 3784 ἄνθρωπος
1143 3716 1334 3781 ἁπλῶς
1369 3721 1397 3773 6
1427 3720 1854 3793 ἀπεσταλμένος,
1891 3725 2053 3792 αὐτὸς

452 3800 527 3853 ἂν
562 3796 758 3865 νοοῖτο,
794 3802 891 3857 καὶ
925 3804 1018 3858 τὸν
1053 3805 1223 3861 πάλαι
1257 3811 1373 3873 τοῖς
1418 3813 1797 3884 ἀρχαιοτέροις
1846 3833 2054 3889 κεχρηη

452 3890 824 3961 σμῳδημένον
871 3892 1115 3964 λαλήσας
1168 3897 1362 3969 νόμον;
1422 3902 1498 3955 Οὐ
1545 3902 1655 3975 γάρ
1698 3921 1752 3957 τι
1788 3904 1896 3977 [Ian
1942 3908 2049 3981 τοι]

451 3983 648 4056 προὼν
682 3985 757 4051 ὡς
796 3985 1085 4071 ἄνθρωπος
1128 3993 1457 4064 γεγενῆσθαι
1493 3995 1691 4065 λέγοιτ’
1725 4001 1812 4062 ἂν,
1852 3999 1938 4052 ἵνα
1973 4002 2050 4071 μὴ

446 4074 558 4141 τῆς
603 4073 693 4137 είς
714 4072 789 4128 τὸ
818 4070 962 4130 εἶναι
991 4079 1249 4148 παρόδου,
1281 4083 1667 4156 πρεσϐυτέραν
1700 4086 1839 4157 ἔχων
1875 4070 2052 4159 ὁρῷτο

446 4166 553 4235 τὴν
595 4163 854 4237 ὕπαρξινο
890 4168 1007 4222 ἀλλ’
1054 4170 1132 4234 ὡς
1164 4170 1297 4235 Θεὸς
1339 4173 1745 4244 προῦπάρχων,
1786 4175 2050 4247 λελάληκε

455 4255 561 4324 μὲν
585 4256 682 4308 τὸν
709 4256 895 4327 νόμον,
923 4260 1176 4332 παρεῖναι
1197 4260 1253 4313 δέ
1277 4278 1410 4331 φησι
1438 4261 1604 4327 ξένως
1630 4281 1689 4317 τε
1738 4267 1833 4319 καὶ
1888 4268 2052 4321 ὰσυν-

455 4346 614 4415 ήθως
652 4348 745 4401 ὅτε
796 4348 1022 4417 γέγονεν
1069 4350 1393 4421 ἄνθρωπος’
1426 4352 1562 4406 ἀλλὰ
1611 4354 1722 4418 ναὶ,
1773 4357 1928 4428 φησὶ,
1979 4358 2051 4414 τὰ

452 4436 644 4490 πάντα
682 4437 881 4509 πληροῖ
916 4439 1049 4503 Θεὸς
1079 4440 1156 4495 ὢν
1199 4443 1230 4494 6
1269 4443 1477 4511 Λόγοςο
1510 4444 1627 4510 πῶς
1673 4441 1768 4501 οὖν
1802 4447 1912 4519 ἄρα
1955 4451 2050 4504 καὶ

452 4529 785 4601 ἁπεστάλη;
821 4529 926 4584 ποῦ
958 4530 1070 4602 γὰρ
1099 4532 1201 4585 οὐκ
1221 4528 1289 4603 ἢν
1314 4533 1342 4585 6
1370 4535 1548 4589 πάντα
1577 4536 1838 4608 πληρῶν;
1871 4540 1937 4592 Τί
1966 4539 2048 4605 δὲ,

2157 728 2270 782 lent
2297 730 2629 800 intelligere,
2664 730 2856 785 luctari
2889 747 3236 803 pttgnareque
3272 735 3359 790 ille
3409 746 3464 791 et
3514 739 3733 793 vincere

2157 819 2291 873 solet
2324 835 2338 871 :
2369 835 2488 874 cum
2522 820 2607 876 his
2641 835 2770 876 vero
2801 822 2890 892 qui
2916 822 2970 877 in
2995 823 3115 879 luce
3136 835 3337 881 suntet
3383 827 3611 896 spiritali
3639 830 3723 882 di-

2157 909 2357 976 luculo,
2378 920 2430 964 et
2451 913 2618 982 probe
2647 913 2961 984 mysterium
2993 914 3321 985 intelligunt,
3347 933 3451 972 non
3480 919 3580 973 sibi
3609 934 3730 975 esse

2158 1001 2503 1070 pugnandum
2538 1012 2749 1066 censet,
2803 1003 2899 1059 sed
2933 1003 3112 1074 potius
3135 1006 3406 1073 spiritales
3438 1007 3544 1061 illis
3567 1010 3729 1062 benc-

2157 1089 2421 1146 dictiones
2442 1091 2647 1146 tribuit.
2678 1091 2732 1147 Si
2759 1093 2922 1163 igitur
2947 1093 3032 1149 vel
3050 1108 3173 1150 sero
3198 1097 3412 1151 tandem
3444 1099 3727 1152 nobiscum

2158 1180 2212 1233 in
2246 1179 2446 1236 lumine
2481 1192 2728 1237 versatus
2746 1180 2936 1247 fueris,
2960 1193 3014 1237 et
3069 1192 3322 1254 tanquam
3380 1185 3433 1239 iu
3471 1186 3731 1253 diluculo,

2158 1271 2302 1327 illico
2334 1279 2511 1327 tecum
2564 1288 2805 1343 pugnare
2868 1275 3094 1331 desistet
3145 1276 3237 1348 qui
3302 1277 3468 1331 vincit
3514 1292 3728 1332 omnes.

2159 1363 2328 1419 Velim
2364 1373 2543 1419 autem
2575 1366 2913 1432 consideres,
2956 1377 3228 1438 pugnante
3291 1369 3505 1423 homine
3527 1370 3730 1422 dixisse

2157 1454 2374 1510 beatum
2400 1440 2572 1510 Iacob.
2586 1469 2646 1511 se
2666 1455 2865 1510 vidisse
2896 1454 3063 1510 Deum
3095 1455 3231 1511 facie
3262 1458 3326 1511 ad
3358 1455 3550 1512 faciem
3576 1476 3591 1525 ;
3618 1457 3729 1527 82

2155 1542 2361 1598 addidit
2388 1545 2549 1600 etiam
2573 1558 2728 1600 saera
2750 1542 3071 1615 Scriptura:
3109 1562 3128 1597 ι
3180 1543 3349 1600 Ortus
3393 1556 3476 1602 est
3526 1547 3600 1600 illi
3648 1547 3730 1601 sol
3784 1569 3797 1579 ·

2155 1635 2372 1704 quando
2428 1634 2743 1705 pertransiit
2773 1633 3021 1705 Speciem
3087 1636 3201 1690 Dei.
3241 1654 3259 1688 ι
3312 1635 3426 1703 Qua
3484 1653 3614 1707 ergo
3659 1638 3727 1689 de

2156 1740 2316 1781 causa
2345 1725 2623 1781 erubescis
2645 1726 2710 1781 de
2734 1725 3124 1781 exinanitionis
3148 1741 3424 1792 mensura,
3448 1743 3569 1783 cum
3597 1728 3726 1781 illud

2155 1831 2218 1871 ex
2258 1817 2365 1871 Deo
2390 1814 2551 1872 Patre
2579 1814 2812 1870 Verbum
2872 1817 3207 1871 incarnatum
3246 1817 3415 1873 fuisse
3472 1829 3526 1873 et
3558 1819 3731 1874 homi-

2155 1923 2277 1962 nem
2297 1906 2598 1973 tactum,ut
2629 1907 2839 1977 opinor,
2878 1909 3134 1978 praedicet
3156 1910 3406 1978 quisquis
3429 1920 3636 1965 rectam
3666 1909 3731 1964 li-

2085 1981 2127 2034 Β
2158 1999 2276 2055 dem
2308 2006 2474 2063 tenet,
2500 2008 2554 2052 et
2581 2008 2832 2054 accurate
2871 2013 3146 2053 sacrarum
3209 1999 3538 2054 Litterarum
3592 2017 3723 2070 pro-

2157 2092 2388 2161 positum
2427 2090 2696 2161 exquirit?
2723 2089 2814 2145 llle
2844 2090 3007 2159 igitur
3039 2090 3519 2148 consubstantialis
3553 2094 3747 2173 nobis,

2156 2197 2259 2253 qua
2281 2182 2455 2252 factus
2474 2191 2557 2239 est
2586 2184 2767 2245 homo,
2798 2190 2854 2237 et
2888 2181 2986 2252 ipsi
3019 2182 3202 2238 itidem
3235 2182 3401 2248 Patri,
3432 2197 3534 2253 qua
3567 2183 3728 2238 etiam

2156 2275 2210 2331 in
2242 2275 2708 2345 ipsahumauitate
2746 2272 2889 2328 Deus
2912 2272 3131 2337 mansit,
3172 2274 3367 2328 missus
3397 2283 3479 2330 est
3539 2274 3732 2342 pracdi—

2156 2380 2281 2421 care
2309 2365 2536 2434 captivis
2568 2363 2969 2426 remissionem,
3005 2370 3058 2416 et
3089 2363 3247 2417 carcis
3278 2363 3475 2428 visum,
3531 2372 3582 2417 et
3617 2379 3731 2417 me-

2156 2459 2273 2514 deri
2299 2457 2543 2513 contritis
2581 2457 2766 2523 corde,
2798 2465 2853 2511 et
2884 2455 3121 2510 indicere
3150 2470 3348 2509 annum
3400 2454 3611 2511 Domini
3641 2470 3732 2509 ac--

2158 2548 2474 2617 ceptabilem
2500 2548 2545 2579 ⁸⁷
2581 2562 2595 2599 :
2629 2547 2796 2617 ipsius
2831 2561 3067 2616 namque
3100 2546 3289 2610 solius.
3343 2562 3446 2600 non
3501 2545 3730 2615 alicujus

2159 2638 2384 2693 alterius
2418 2635 2922 2707 t‘ueruntejusmodi
2968 2634 3225 2704 praeclara
3285 2642 3431 2702 gesta
3473 2648 3599 2702 erga
3633 2648 3731 2686 nos

2158 2739 2488 2803 perpetrata.
2514 2729 2611 2786 Cui
2648 2730 2724 2783 rei
2761 2728 2920 2784 ﬁdem
2979 2727 3142 2782 faciet
3195 2726 3414 2795 quidem
3442 2741 3472 2780 a
3528 2726 3732 2780 sanctis

2157 2821 2459 2892 prophetis,
2484 2821 2577 2891 qui
2608 2820 2737 2876 dicit
2768 2837 2826 2873 τι
2858 2817 2974 2874 Non
3032 2818 3259 2887 legatus,
3323 2832 3447 2872 non;
3490 2816 3730 2884 angelus,

2158 2913 2252 2967 sed
2291 2913 2405 2981 ipse
2425 2910 2683 2965 Dominus
2708 2908 3153 2975 salvavitnos“;
3196 2928 3213 2959 ι
3254 2909 3341 2978 qui
3378 2909 3540 2963 etiam
3574 2922 3730 2976 aper-

2163 3004 2369 3058 tissime
2407 3003 2580 3057 dicit:
2618 3019 2636 3052 ι
2668 2999 2895 3070 PrOpter
2968 3001 3069 3055 hoc
3117 3002 3253 3054 sciet
3302 3000 3529 3069 populus
3574 3014 3726 3054 meus

2160 3109 2354 3149 nomen
2386 3109 2562 3147 meum
2589 3094 2640 3146 in
2678 3094 2763 3147 die
2791 3092 2901 3159 illa,
2931 3092 3055 3161 quia
3085 3106 3185 3162 ego
3218 3093 3333 3161 ipse
3356 3092 3446 3159 qui
3473 3091 3733 3160 loquebar

2160 3190 2348 3240 adsum
2379 3184 2442 3236 "'.
2486 3201 2503 3233 ι
2544 3182 2707 3252 Atqui
2731 3183 2775 3237 si
2805 3181 2892 3236 ille
2931 3180 3128 3239 missus
3162 3181 3324 3235 homo
3353 3180 3549 3249 aliquis
3577 3195 3730 3234 com-

2160 3272 2341 3327 munis
2363 3281 2526 3340 esset,
2560 3272 2831 3341 quomodo
2854 3271 2970 3340 ipse
2993 3271 3132 3325 idem
3162 3285 3281 3325 esse
3315 3269 3730 3341 intelligeretur,

2158 3362 2249 3432 qui
2289 3363 2564 3418 veteribus
2598 3361 2700 3418 illis
2730 3362 2900 3432 legem
2929 3362 3054 3417 olim
3073 3361 3275 3416 edidit?
3309 3359 3492 3430 Neque
3558 3364 3729 3425 enim,

2156 3454 2201 3509 si
2225 3462 2282 3508 ut
2313 3454 2476 3509 homo
2506 3454 2657 3522 prius
2694 3464 2861 3520 esset,
2916 3455 3078 3510 homo
3126 3454 3300 3508 factus
3340 3468 3459 3508 esse
3493 3468 3752 3522 unquam-

2156 3544 2259 3600 dici
2286 3554 2491 3614 posset,
2523 3560 2589 3600 ne
2610 3545 3014 3600 subsistentism
3055 3544 3417 3614 antiquiorem
3447 3544 3599 3599 initio
3624 3558 3733 3613 quo

2157 3649 2279 3692 esse
2311 3636 2500 3707 coepit,
2529 3636 2729 3692 habere
2752 3637 3037 3692 videatur:
3073 3637 3168 3692 sed
3230 3651 3349 3690 cum
3387 3636 3732 3705 praeexsiste-

2157 3734 2239 3782 ret
2272 3735 2328 3782 ut
2351 3726 2513 3794 Deus,
2540 3728 2750 3784 locutus
2766 3728 2982 3795 quidem
3013 3735 3098 3783 est
3156 3726 3349 3798 legem,
3398 3742 3457 3782 se
3486 3740 3617 3782 vero
3638 3728 3734 3780 ad-

2153 3832 2275 3874 esse
2322 3820 2397 3873 ait
2441 3835 2582 3875 novo
2630 3819 2952 3889 insuetaque
3010 3820 3190 3885 modo,
3237 3833 3361 3873 cum
3428 3817 3605 3872 fastus
3649 3824 3734 3871 est

2153 3911 2337 3966 homo.
2360 3910 2547 3980 Atqui,
2576 3910 2770 3980 inquit,
2805 3911 2988 3966 omnia
3043 3910 3280 3978 complet
3313 3908 3573 3973 Verbum,
3605 3923 3728 3962 cum

2154 3999 2227 4055 sit
2253 3999 2426 4055 Deus:
2452 4001 2720 4069 quomodo
2750 4000 2913 4070 igitur
2939 4000 3102 4054 etiam
3121 4002 3321 4054 missus
3342 3998 3467 4053 est?
3492 4014 3612 4051 nam
3636 3998 3730 4051 ubi

2153 4102 2260 4144 non
2307 4097 2426 4142 erat
2464 4088 2553 4158 qui
2584 4088 2816 4159 complet
2846 4089 3066 4143 omnia?
3102 4087 3239 4154 Quid
3276 4102 3424 4157 ergo,
3451 4087 3539 4142 dic
3569 4087 3724 4151 mihi,

2155 4179 2391 4235 divinam
2433 4188 2786 4249 sanctamque
2822 4178 3139 4234 Trinitatem
3188 4187 3593 4236 coarctatamne
3634 4194 3734 4248 pu-

2153 4271 2411 4339 tabimus,
2436 4287 2503 4327 an
2525 4287 2625 4343 per
2661 4272 2843 4329 omnia
2868 4272 3080 4328 dilatari
3133 4280 3191 4327 et
3214 4272 3396 4327 omnia
3422 4273 3734 4342 complere?

2153 4364 2211 4421 Id
2232 4365 2279 4421 si
2319 4366 2393 4420 ita
2427 4373 2531 4429 est,
2562 4366 2833 4435 quomodo
2857 4379 3083 4434 magnus
3110 4363 3203 4418 ille
3227 4362 3426 4429 Moses,
3451 4378 3573 4419 cum
3611 4363 3732 4433 qui-

2153 4457 2277 4513 dam
2308 4472 2338 4511 e
2363 4457 2558 4526 priscis
2591 4456 2901 4512 hominibus
2933 4455 3122 4510 turrim
3140 4454 3473 4510 mditicarent
3495 4457 3560 4508 ad
3616 4470 3731 4510 caa—

2154 4549 2265 4603 lutn
2294 4562 2465 4618 usque
2500 4549 2918 4618 pertingentem,
2960 4547 3173 4600 induxit
3208 4546 3473 4600 dicentem
3506 4545 3672 4600 Deum
3714 4562 3728 4597 :

450 4618 586 4672 εἰπέ
617 4636 730 4689 μοι,
764 4620 865 4693 τὴν
890 4621 1041 4676 θείαν
1074 4622 1170 4676 καὶ
1199 4624 1484 4693 δμοούσιον
1510 4626 1718 4698 Τριάδα
1758 4630 2048 4684 συνεστάλ-

2160 4659 2178 4691 ι
2216 4640 2432 4703 Venite,
2458 4639 2852 4694 descendamus
2873 4646 2928 4693 et
2970 4635 3364 4691 confundamus
3417 4636 3490 4690 ibi
3523 4635 3733 4705 linguas

452 4709 550 4763 θαι
599 4710 867 4783 δώσομεν,
915 4714 951 4785 ἢ
1021 4714 1451 4785 κατευρύνεσθαί
1504 4734 1564 4770 τε
1603 4718 1712 4773 τῶν
1758 4719 1916 4786 ὅλων,
1950 4723 2048 4775 καὶ

450 4803 643 4859 πάντα
690 4803 966 4875 πληροῦν;
1019 4802 1153 4859 Εἶτα
1205 4806 1325 4871 πῶς
1371 4810 1506 4878 ἡμῖν
1550 4812 1579 4864 6
1613 4810 1787 4881 μέγας
1818 4813 2051 4884 Μωσῆς,

448 4893 542 4947 ὅτε
580 4892 676 4945 τὸν
703 4893 1059 4966 οὐρανομήκη
1090 4895 1301 4967 πύργον
1349 4897 1702 4981 ἀνεδείμαντό
1748 4917 1895 4965 τινες
1938 4902 2046 4955 τῶν

451 4983 861 5057 ἀρχαιοτέρων,
885 4988 1235 5058 εἰσκεκόμικε
1260 4988 1487 5057 λέγοντα
1514 4991 1607 5044 τὸν
1628 4991 1787 5045 Θεόν·
1814 5012 1833 5045 ι
1860 4993 2048 5060 Δεῦτε,

451 5075 556 5128 καὶ
597 5074 942 5139 καταϐάντες
979 5080 1300 5150 συγχέωμεν
1348 5081 1466 5133 ἐκεῖ
1507 5082 1607 5145 τὰς
1651 5082 1904 5151 γλώσσας
1950 5086 2048 5139 αὐ-

449 5167 605 5232 τῶν;
650 5184 671 5218 ι
707 5167 876 5230 Ποίας
924 5168 1094 5221 ἐδεῖτο
1121 5171 1477 5235 καταϐάσεως
1520 5174 1554 5243 ὴ
1584 5174 1812 5244 οὐρανόν
1847 5192 1908 5229 τε
1954 5176 2050 5231 καὶ

452 5258 567 5327 γῆν
602 5259 1008 5327 ἀναπιμπλᾶσα
1063 5261 1253 5329 φύσιςς
1302 5261 1618 5334 Γέγραπται
1666 5265 1724 5319 δὲ
1779 5267 1874 5320 καὶ
1922 5269 2051 5340 περὶ

450 5348 553 5401 τοῦ
592 5350 751 5419 ἁγίου
787 5350 1128 5419 Πνεύματος,
1153 5352 1235 5404 ὅτι
1265 5371 1284 5404 ι
1327 5354 1553 5426 Πνεῦμα
1599 5357 1806 5428 Κυρίου
1842 5359 2056 5431 πεπλή-

453 5454 606 5510 ρωκε
640 5439 740 5510 τήν
764 5440 1117 5512 οἰκουμένην.
1141 5461 1160 5494 ι
1183 5443 1391 5498 Ψάλλει
1412 5447 1505 5499 καί
1534 5464 1699 5519 φησιν
1732 5450 1762 5502 6
1785 5452 2055 5522 μακάριος

453 5529 625 5583 Δαϐὶδ
658 5530 790 5600 περὶ
832 5531 942 5584 τῶν
973 5532 1031 5585 ὲν
1065 5535 1135 5603 γῇ
1182 5534 1450 5605 κειμένων
1479 5538 1616 5607 πρὸς
1646 5540 1737 5595 τὸν
1767 5543 2051 5607 ζωοποιεῖν

2155 5544 2399 5614 ponendo
2466 5544 2595 5599 illud
2615 5583 2631 5610 ,

2156 4745 2344 4802 eorum
2378 4730 2464 4783 7'?
2499 4748 2518 4782 ι
2564 4730 2807 4796 Quanam
2839 4727 3195 4782 descensione
3221 4741 3356 4795 opus
3382 4726 3617 4793 habebat
3639 4726 3732 4781 illa

2156 4835 2278 4889 quae
2301 4819 2496 4875 coelum
2530 4834 2595 4873 ac
2640 4826 2814 4874 terras
2839 4815 3074 4887 complet
3102 4816 3329 4870 natura?
3351 4815 3623 4884 Scriptum
3647 4827 3735 4873 est

2156 4912 2318 4967 etiam
2342 4912 2409 4966 de
2437 4919 2626 4966 sancto
2642 4909 2846 4980 Spiritu
2880 4928 2894 4965 :
2927 4927 2946 4960 ‹
2987 4908 3226 4980 Spiritus
3274 4909 3486 4963 Domini
3512 4910 3737 4978 replevit

2158 5005 2347 5058 orbem
2373 5012 2643 5057 terrarum
2668 5003 2735 5056 '“.
2772 5021 2790 5054 ο
2830 5001 3021 5057 Psallit
3050 5010 3315 5070 praeterea
3332 5002 3522 5056 beatus
3540 5001 3727 5067 David,

2159 5107 2226 5149 ac
2249 5097 2315 5149 de
2342 5092 2424 5147 his
2456 5093 2545 5161 qui
2588 5094 2642 5146 in
2693 5091 2854 5147 terris
2887 5098 3014 5146 sunt
3040 5091 3222 5160 positi,
3244 5106 3367 5146 eum
3418 5091 3526 5145 Deo
3554 5090 3735 5160 loqui-

2157 5195 2266 5251 tur,
2298 5186 2389 5254 qui
2418 5184 2690 5238 viviﬁcare
2721 5192 2897 5253 potest
2926 5199 2944 5237 :
2984 5201 3002 5234 ι
3028 5182 3253 5237 Emittes
3280 5182 3540 5251 Spiritum
3560 5190 3735 5248 tuum,

2158 5283 2214 5330 et
2242 5274 2590 5341 creabuntur,
2626 5283 2680 5326 et
2705 5273 2990 5328 renovabis
3012 5271 3204 5328 faciem
3238 5283 3394 5326 terrae
3416 5272 3497 5336 ἠς
3551 5286 3735 5339 arquo-

2157 5368 2318 5423 modo
2346 5366 2578 5421 mittitur
2615 5366 2705 5435 qui
2753 5365 2987 5435 complet
3033 5365 3215 5420 omnia
3232 5363 3356 5417 ?7Ne
3418 5364 3579 5433 igitur
3615 5374 3735 5417 tan-

2154 5469 2315 5525 quam
2393 5463 2609 5509 acutum
2668 5454 2923 5521 quiddam
2974 5461 3029 5507 et
3106 5452 3527 5521 inexpugnabile
3603 5456 3773 5519 pro-’

2717 5558 2785 5598 ex
2841 5543 2951 5597 Deo
3034 5540 3194 5596 Patre
3266 5541 3530 5608 Verbum,
3607 5556 3731 5596 cum

455 5620 720 5694 ἰσχύοντα
751 5622 889 5676 Θεόν
910 5640 923 5653 ·
962 5642 980 5676 t
1027 5622 1438 5692 Ἐξαποστελεῖς
1473 5629 1533 5683 τὸ
1575 5631 1803 5704 ΙΙνεῦμά
1832 5651 1925 5687 σου
1955 5635 2049 5690 καὶ

2155 5637 2329 5693 omnia
2421 5636 2593 5706 possit
2679 5633 3001 5703 complere,
3065 5633 3211 5687 nullo
3304 5632 3464 5688 modo
3544 5632 3730 5701 mitti,

525 5821 573 5895 ⁸]
612 5820 717 5895 lsa.
750 5826 974 5895 ut,_l,
1024 5823 1089 5889 2;
1121 5821 1253 5893 Luc,
1313 5840 1387 5894 tv,
1441 5826 1523 5895 18,
1560 5829 1645 5886 19.

448 5891 497 5923 ⁷²
533 5890 682 5949 Psal.
725 5907 848 5958 cm,
878 5891 966 5947 50.

1752 5831 1798 5864 ⁸⁸
1834 5834 1938 5889 Isa.
1973 5848 2127 5902 Lxut,
2156 5832 2207 5888 9.

2316 5832 2366 5865 ⁶⁹
2400 5831 2502 5888 lsa.
2556 5846 2653 5900 Ltt,
2684 5829 2734 5885 6.
2840 5829 2884 5860 ⁷ο
2925 5827 3059 5885 Gen.
3091 5847 3166 5895 xl,
3197 5833 3251 5885 7.
3354 5832 3395 5864 τί
3439 5831 3568 5901 Sap.
3603 5843 3644 5897 ι,
3671 5829 3727 5885 7.
