  <div class='ocr_page' id='page_1' title='image "/cluster/home/n/w/nwhite01/storage/ocr_20150623/76:no.9/coo.31924054869775/081.png"; bbox 0 0 4150 6454; ppageno 0'>
   <div class='ocr_carea' id='block_1_1' title="bbox 433 447 534 502">
    <p class='ocr_par' dir='ltr' id='par_1_1' title="bbox 433 447 534 502">
     <span class='ocr_line' id='line_1_1' title="bbox 433 447 534 502; baseline -0.01 0"><span class='ocrx_word' id='word_1_1' title='bbox 433 447 534 502; x_wconf 71' lang='grc'>147</span> 
     </span>
    </p>
   </div>
   <div class='ocr_carea' id='block_1_2' title="bbox 1436 443 2689 506">
    <p class='ocr_par' dir='ltr' id='par_1_2' title="bbox 1436 443 2689 506">
     <span class='ocr_line' id='line_1_2' title="bbox 1436 443 2689 506; baseline 0.004 -6"><span class='ocrx_word' id='word_1_2' title='bbox 1436 444 1496 502; x_wconf 90' lang='lat' dir='ltr'>S.</span> <span class='ocrx_word' id='word_1_3' title='bbox 1536 443 1815 503; x_wconf 73' lang='lat' dir='ltr'>CYRILLI</span> <span class='ocrx_word' id='word_1_4' title='bbox 1855 445 2328 504; x_wconf 71' lang='lat' dir='ltr'>ALEXANDRINI</span> <span class='ocrx_word' id='word_1_5' title='bbox 2368 449 2689 506; x_wconf 76' lang='lat' dir='ltr'><strong>ARClllEP.</strong></span> 
     </span>
    </p>
   </div>
   <div class='ocr_carea' id='block_1_3' title="bbox 3613 452 3709 505">
    <p class='ocr_par' dir='ltr' id='par_1_3' title="bbox 3613 452 3709 505">
     <span class='ocr_line' id='line_1_3' title="bbox 3613 452 3709 505; baseline 0.021 -2"><span class='ocrx_word' id='word_1_6' title='bbox 3613 452 3709 505; x_wconf 63' lang='grc'>148</span> 
     </span>
    </p>
   </div>
   <div class='ocr_carea' id='block_1_4' title="bbox 429 562 2028 641">
    <p class='ocr_par' dir='ltr' id='par_1_4' title="bbox 429 562 2015 637">
     <span class='ocr_line' id='line_1_4' title="bbox 429 562 2015 637; baseline -0.001 -16"><span class='ocrx_word' id='word_1_7' title='bbox 429 567 541 636; x_wconf 80' lang='lat'>83</span> <span class='ocrx_word' id='word_1_8' title='bbox 573 565 788 621; x_wconf 89' lang='lat' dir='ltr'><strong>coneris</strong></span> <span class='ocrx_word' id='word_1_9' title='bbox 838 564 1127 620; x_wconf 89' lang='lat' dir='ltr'><strong>veritatem</strong></span> <span class='ocrx_word' id='word_1_10' title='bbox 1159 562 1460 630; x_wconf 80' lang='lat' dir='ltr'><strong>infirmare,</strong></span> <span class='ocrx_word' id='word_1_11' title='bbox 1496 574 1552 620; x_wconf 89' lang='lat' dir='ltr'>et</span> <span class='ocrx_word' id='word_1_12' title='bbox 1593 566 1840 637; x_wconf 88' lang='lat' dir='ltr'><strong>mystcrii</strong></span> <span class='ocrx_word' id='word_1_13' title='bbox 1905 566 2015 620; x_wconf 89' lang='lat' dir='ltr'>vim</span> 
     </span>
    </p>
   </div>
   <div class='ocr_carea' id='block_1_5' title="bbox 2135 562 3707 641">
    <p class='ocr_par' dir='ltr' id='par_1_5' title="bbox 2135 568 3707 641">
     <span class='ocr_line' id='line_1_5' title="bbox 2135 568 3707 641; baseline -0.001 -18"><span class='ocrx_word' id='word_1_14' title='bbox 2135 570 2548 641; x_wconf 72' lang='grc' dir='ltr'>κτισθήσονται,</span> <span class='ocrx_word' id='word_1_15' title='bbox 2608 570 2701 622; x_wconf 73' lang='grc' dir='ltr'>καὶ</span> <span class='ocrx_word' id='word_1_16' title='bbox 2763 568 3098 632; x_wconf 79' lang='grc' dir='ltr'>ἀνακαινιεΐς</span> <span class='ocrx_word' id='word_1_17' title='bbox 3150 568 3212 620; x_wconf 76' lang='grc' dir='ltr'>τὸ</span> <span class='ocrx_word' id='word_1_18' title='bbox 3271 569 3562 638; x_wconf 80' lang='grc' dir='ltr'>πρόσωπον</span> <span class='ocrx_word' id='word_1_19' title='bbox 3613 571 3707 637; x_wconf 67' lang='grc' dir='ltr'>τῆς</span> 
     </span>
    </p>
   </div>
   <div class='ocr_carea' id='block_1_6' title="bbox 429 658 2020 730">
    <p class='ocr_par' dir='ltr' id='par_1_6' title="bbox 429 658 2020 730">
     <span class='ocr_line' id='line_1_6' title="bbox 429 658 2020 730; baseline -0.002 -15"><span class='ocrx_word' id='word_1_20' title='bbox 429 670 678 716; x_wconf 80' lang='lat' dir='ltr'><strong>evertere</strong></span> <span class='ocrx_word' id='word_1_21' title='bbox 715 680 728 728; x_wconf 94' lang='lat'>;</span> <span class='ocrx_word' id='word_1_22' title='bbox 763 661 858 716; x_wconf 89' lang='lat' dir='ltr'>sed</span> <span class='ocrx_word' id='word_1_23' title='bbox 888 658 1017 714; x_wconf 90' lang='lat' dir='ltr'><strong>illud</strong></span> <span class='ocrx_word' id='word_1_24' title='bbox 1073 659 1251 730; x_wconf 91' lang='lat' dir='ltr'><strong>potius</strong></span> <span class='ocrx_word' id='word_1_25' title='bbox 1282 658 1481 727; x_wconf 87' lang='lat' dir='ltr'><strong>cogita,</strong></span> <span class='ocrx_word' id='word_1_26' title='bbox 1523 673 1611 714; x_wconf 89' lang='lat' dir='ltr'>res</span> <span class='ocrx_word' id='word_1_27' title='bbox 1653 659 1864 714; x_wconf 88' lang='lat' dir='ltr'><strong>divinas</strong></span> <span class='ocrx_word' id='word_1_28' title='bbox 1915 659 2020 713; x_wconf 92' lang='lat' dir='ltr'><strong>dici</strong></span> 
     </span>
    </p>
   </div>
   <div class='ocr_carea' id='block_1_7' title="bbox 431 750 2018 820">
    <p class='ocr_par' dir='ltr' id='par_1_7' title="bbox 431 750 2018 820">
     <span class='ocr_line' id='line_1_7' title="bbox 431 750 2018 820; baseline -0.001 -16"><span class='ocrx_word' id='word_1_29' title='bbox 431 753 650 820; x_wconf 75' lang='lat' dir='ltr'><strong>quidem</strong></span> <span class='ocrx_word' id='word_1_30' title='bbox 685 755 923 809; x_wconf 88' lang='lat' dir='ltr'><strong>humano</strong></span> <span class='ocrx_word' id='word_1_31' title='bbox 953 767 1124 815; x_wconf 87' lang='lat' dir='ltr'><strong>more,</strong></span> <span class='ocrx_word' id='word_1_32' title='bbox 1165 752 1243 807; x_wconf 90' lang='lat' dir='ltr'>sic</span> <span class='ocrx_word' id='word_1_33' title='bbox 1272 763 1452 806; x_wconf 90' lang='lat' dir='ltr'><strong>autem</strong></span> <span class='ocrx_word' id='word_1_34' title='bbox 1488 767 1516 805; x_wconf 92' lang='lat' dir='ltr'>a</span> <span class='ocrx_word' id='word_1_35' title='bbox 1559 751 1716 806; x_wconf 90' lang='lat' dir='ltr'><strong>nobis</strong></span> <span class='ocrx_word' id='word_1_36' title='bbox 1764 750 2018 818; x_wconf 75' lang='lat' dir='ltr'>intelligi,</span> 
     </span>
    </p>
   </div>
   <div class='ocr_carea' id='block_1_8' title="bbox 394 839 2014 913">
    <p class='ocr_par' dir='ltr' id='par_1_8' title="bbox 394 839 2014 913">
     <span class='ocr_line' id='line_1_8' title="bbox 394 839 2014 913; baseline -0.002 -19"><span class='ocrx_word' id='word_1_37' title='bbox 394 865 398 910; x_wconf 70' lang='grc'>;</span> <span class='ocrx_word' id='word_1_38' title='bbox 431 854 487 896; x_wconf 89' lang='lat' dir='ltr'>ut</span> <span class='ocrx_word' id='word_1_39' title='bbox 523 842 669 898; x_wconf 83' lang='lat' dir='ltr'>Deus</span> <span class='ocrx_word' id='word_1_40' title='bbox 700 844 815 913; x_wconf 89' lang='lat' dir='ltr'><strong>ipse</strong></span> <span class='ocrx_word' id='word_1_41' title='bbox 843 843 992 898; x_wconf 92' lang='lat' dir='ltr'><strong>solus</strong></span> <span class='ocrx_word' id='word_1_42' title='bbox 1026 843 1150 908; x_wconf 89' lang='lat' dir='ltr'><strong>scit,</strong></span> <span class='ocrx_word' id='word_1_43' title='bbox 1185 852 1240 898; x_wconf 91' lang='lat' dir='ltr'>et</span> <span class='ocrx_word' id='word_1_44' title='bbox 1273 851 1330 896; x_wconf 92' lang='lat' dir='ltr'>ut</span> <span class='ocrx_word' id='word_1_45' title='bbox 1374 841 1451 896; x_wconf 92' lang='lat' dir='ltr'><strong>illi</strong></span> <span class='ocrx_word' id='word_1_46' title='bbox 1498 839 1677 896; x_wconf 79' lang='lat' dir='ltr'><strong>facere</strong></span> <span class='ocrx_word' id='word_1_47' title='bbox 1717 841 1884 896; x_wconf 90' lang='lat' dir='ltr'><strong>moris</strong></span> <span class='ocrx_word' id='word_1_48' title='bbox 1913 850 2014 895; x_wconf 91' lang='lat' dir='ltr'><strong>est.</strong></span> 
     </span>
    </p>
   </div>
   <div class='ocr_carea' id='block_1_9' title="bbox 431 930 2019 1001">
    <p class='ocr_par' dir='ltr' id='par_1_9' title="bbox 431 930 2019 1001">
     <span class='ocr_line' id='line_1_9' title="bbox 431 930 2019 1001; baseline -0.002 -16"><span class='ocrx_word' id='word_1_49' title='bbox 431 933 537 985; x_wconf 85' lang='lat' dir='ltr'>Sed</span> <span class='ocrx_word' id='word_1_50' title='bbox 565 933 688 1001; x_wconf 90' lang='lat' dir='ltr'><strong>quia</strong></span> <span class='ocrx_word' id='word_1_51' title='bbox 717 934 1029 987; x_wconf 89' lang='lat' dir='ltr'><strong>unctionem</strong></span> <span class='ocrx_word' id='word_1_52' title='bbox 1071 943 1128 988; x_wconf 90' lang='lat' dir='ltr'>ut</span> <span class='ocrx_word' id='word_1_53' title='bbox 1163 948 1276 988; x_wconf 89' lang='lat' dir='ltr'>rem</span> <span class='ocrx_word' id='word_1_54' title='bbox 1326 932 1577 1001; x_wconf 76' lang='lat' dir='ltr'>exiguam</span> <span class='ocrx_word' id='word_1_55' title='bbox 1635 939 1691 986; x_wconf 84' lang='lat' dir='ltr'>et</span> <span class='ocrx_word' id='word_1_56' title='bbox 1739 930 2019 994; x_wconf 83' lang='lat' dir='ltr'>humilem,</span> 
     </span>
    </p>
   </div>
   <div class='ocr_carea' id='block_1_10' title="bbox 428 1021 2023 1095">
    <p class='ocr_par' dir='ltr' id='par_1_10' title="bbox 428 1021 2023 1095">
     <span class='ocr_line' id='line_1_10' title="bbox 428 1021 2023 1095; baseline 0.001 -20"><span class='ocrx_word' id='word_1_57' title='bbox 428 1033 482 1076; x_wconf 82' lang='lat' dir='ltr'><strong>et</strong></span> <span class='ocrx_word' id='word_1_58' title='bbox 510 1021 786 1090; x_wconf 82' lang='lat' dir='ltr'><strong>Unigeniti</strong></span> <span class='ocrx_word' id='word_1_59' title='bbox 818 1024 986 1092; x_wconf 80' lang='lat' dir='ltr'><strong>gloria</strong></span> <span class='ocrx_word' id='word_1_60' title='bbox 1035 1023 1190 1095; x_wconf 90' lang='lat' dir='ltr'><strong>longe</strong></span> <span class='ocrx_word' id='word_1_61' title='bbox 1235 1021 1509 1093; x_wconf 81' lang='lat' dir='ltr'><strong>indignam</strong></span> <span class='ocrx_word' id='word_1_62' title='bbox 1556 1029 1731 1091; x_wconf 86' lang='lat' dir='ltr'><strong>putat,</strong></span> <span class='ocrx_word' id='word_1_63' title='bbox 1758 1037 1878 1090; x_wconf 89' lang='lat' dir='ltr'><strong>age,</strong></span> <span class='ocrx_word' id='word_1_64' title='bbox 1922 1022 2023 1076; x_wconf 90' lang='lat' dir='ltr'>hac</span> 
     </span>
    </p>
   </div>
   <div class='ocr_carea' id='block_1_11' title="bbox 430 1113 2021 1189">
    <p class='ocr_par' dir='ltr' id='par_1_11' title="bbox 430 1113 2021 1189">
     <span class='ocr_line' id='line_1_11' title="bbox 430 1113 2021 1189; baseline -0.004 -16"><span class='ocrx_word' id='word_1_65' title='bbox 430 1121 496 1173; x_wconf 91' lang='lat' dir='ltr'>de</span> <span class='ocrx_word' id='word_1_66' title='bbox 534 1135 591 1173; x_wconf 91' lang='lat' dir='ltr'>re</span> <span class='ocrx_word' id='word_1_67' title='bbox 614 1135 737 1189; x_wconf 72' lang='lat' dir='ltr'><strong>qua:</strong></span> <span class='ocrx_word' id='word_1_68' title='bbox 767 1134 1007 1173; x_wconf 82' lang='lat' dir='ltr'><strong>consona</strong></span> <span class='ocrx_word' id='word_1_69' title='bbox 1039 1128 1166 1174; x_wconf 81' lang='lat' dir='ltr'><strong>sunt</strong></span> <span class='ocrx_word' id='word_1_70' title='bbox 1197 1119 1463 1181; x_wconf 90' lang='lat' dir='ltr'><strong>dicamus,</strong></span> <span class='ocrx_word' id='word_1_71' title='bbox 1492 1124 1549 1168; x_wconf 93' lang='lat' dir='ltr'>ut</span> <span class='ocrx_word' id='word_1_72' title='bbox 1580 1113 1825 1170; x_wconf 89' lang='lat' dir='ltr'><strong>scandali</strong></span> <span class='ocrx_word' id='word_1_73' title='bbox 1854 1127 2021 1167; x_wconf 87' lang='lat' dir='ltr'><strong>occa—</strong></span> 
     </span>
    </p>
   </div>
   <div class='ocr_carea' id='block_1_12' title="bbox 433 1205 2022 1281">
    <p class='ocr_par' dir='ltr' id='par_1_12' title="bbox 433 1205 2022 1281">
     <span class='ocr_line' id='line_1_12' title="bbox 433 1205 2022 1281; baseline -0.003 -19"><span class='ocrx_word' id='word_1_74' title='bbox 433 1211 616 1265; x_wconf 77' lang='lat' dir='ltr'>siones</span> <span class='ocrx_word' id='word_1_75' title='bbox 652 1211 1051 1281; x_wconf 67' lang='lat' dir='ltr'><strong>praedicamus:</strong></span> <span class='ocrx_word' id='word_1_76' title='bbox 1083 1211 1224 1281; x_wconf 86' lang='lat' dir='ltr'><strong>Ergo</strong></span> <span class='ocrx_word' id='word_1_77' title='bbox 1251 1209 1297 1264; x_wconf 87' lang='lat' dir='ltr'>si</span> <span class='ocrx_word' id='word_1_78' title='bbox 1344 1209 1509 1263; x_wconf 81' lang='lat' dir='ltr'><strong>homo</strong></span> <span class='ocrx_word' id='word_1_79' title='bbox 1550 1222 1656 1262; x_wconf 91' lang='lat' dir='ltr'>non</span> <span class='ocrx_word' id='word_1_80' title='bbox 1690 1215 1776 1261; x_wconf 90' lang='lat' dir='ltr'>est</span> <span class='ocrx_word' id='word_1_81' title='bbox 1823 1205 2022 1270; x_wconf 81' lang='lat' dir='ltr'><strong>factus,</strong></span> 
     </span>
    </p>
   </div>
   <div class='ocr_carea' id='block_1_13' title="bbox 435 1303 2024 1372">
    <p class='ocr_par' dir='ltr' id='par_1_13' title="bbox 435 1303 2024 1372">
     <span class='ocr_line' id='line_1_13' title="bbox 435 1303 2024 1372; baseline -0.002 -16"><span class='ocrx_word' id='word_1_82' title='bbox 435 1303 670 1357; x_wconf 88' lang='lat' dir='ltr'><strong>humana</strong></span> <span class='ocrx_word' id='word_1_83' title='bbox 739 1304 973 1372; x_wconf 83' lang='lat' dir='ltr'><strong>reiiciat,</strong></span> <span class='ocrx_word' id='word_1_84' title='bbox 1023 1303 1490 1371; x_wconf 85' lang='lat' dir='ltr'><strong>dispensationem</strong></span> <span class='ocrx_word' id='word_1_85' title='bbox 1548 1310 1761 1356; x_wconf 86' lang='lat' dir='ltr'><strong>recuset</strong></span> <span class='ocrx_word' id='word_1_86' title='bbox 1803 1310 1860 1353; x_wconf 90' lang='lat' dir='ltr'>ut</span> <span class='ocrx_word' id='word_1_87' title='bbox 1903 1312 2024 1370; x_wconf 61' lang='lat' dir='ltr'><strong>quae</strong></span> 
     </span>
    </p>
   </div>
   <div class='ocr_carea' id='block_1_14' title="bbox 437 1393 2025 1466">
    <p class='ocr_par' dir='ltr' id='par_1_14' title="bbox 437 1393 2025 1466">
     <span class='ocr_line' id='line_1_14' title="bbox 437 1393 2025 1466; baseline -0.002 -17"><span class='ocrx_word' id='word_1_88' title='bbox 437 1397 703 1451; x_wconf 88' lang='lat' dir='ltr'><strong>minorem</strong></span> <span class='ocrx_word' id='word_1_89' title='bbox 740 1397 886 1451; x_wconf 88' lang='lat' dir='ltr'><strong>illmn</strong></span> <span class='ocrx_word' id='word_1_90' title='bbox 916 1396 1099 1462; x_wconf 77' lang='lat' dir='ltr'><strong>faciat,</strong></span> <span class='ocrx_word' id='word_1_91' title='bbox 1131 1407 1185 1452; x_wconf 91' lang='lat' dir='ltr'>et</span> <span class='ocrx_word' id='word_1_92' title='bbox 1219 1412 1247 1449; x_wconf 92' lang='lat' dir='ltr'>a</span> <span class='ocrx_word' id='word_1_93' title='bbox 1277 1412 1532 1466; x_wconf 87' lang='lat' dir='ltr'><strong>suprema</strong></span> <span class='ocrx_word' id='word_1_94' title='bbox 1569 1395 1655 1450; x_wconf 90' lang='lat' dir='ltr'><strong>illa</strong></span> <span class='ocrx_word' id='word_1_95' title='bbox 1692 1395 1862 1465; x_wconf 86' lang='lat' dir='ltr'><strong>gloria</strong></span> <span class='ocrx_word' id='word_1_96' title='bbox 1897 1393 2025 1447; x_wconf 90' lang='lat' dir='ltr'><strong>divi-</strong></span> 
     </span>
    </p>
   </div>
   <div class='ocr_carea' id='block_1_15' title="bbox 407 1488 2025 1558">
    <p class='ocr_par' dir='ltr' id='par_1_15' title="bbox 407 1488 2025 1558">
     <span class='ocr_line' id='line_1_15' title="bbox 407 1488 2025 1558; baseline -0.001 -18"><span class='ocrx_word' id='word_1_97' title='bbox 407 1502 613 1558; x_wconf 86' lang='lat' dir='ltr'><strong>_naqne</strong></span> <span class='ocrx_word' id='word_1_98' title='bbox 657 1489 978 1544; x_wconf 80' lang='lat' dir='ltr'><strong>excellentia</strong></span> <span class='ocrx_word' id='word_1_99' title='bbox 1013 1489 1084 1543; x_wconf 87' lang='lat' dir='ltr'>sit</span> <span class='ocrx_word' id='word_1_100' title='bbox 1124 1488 1283 1558; x_wconf 89' lang='lat' dir='ltr'><strong>longe</strong></span> <span class='ocrx_word' id='word_1_101' title='bbox 1338 1497 1544 1543; x_wconf 87' lang='lat' dir='ltr'><strong>remota</strong></span> <span class='ocrx_word' id='word_1_102' title='bbox 1578 1507 1590 1542; x_wconf 93' lang='lat'>:</span> <span class='ocrx_word' id='word_1_103' title='bbox 1630 1488 1824 1556; x_wconf 80' lang='lat' dir='ltr'><strong>exigua</strong></span> <span class='ocrx_word' id='word_1_104' title='bbox 1873 1502 2025 1540; x_wconf 84' lang='lat' dir='ltr'><strong>nant-</strong></span> 
     </span>
    </p>
   </div>
   <div class='ocr_carea' id='block_1_16' title="bbox 435 1579 2026 1650">
    <p class='ocr_par' dir='ltr' id='par_1_16' title="bbox 435 1579 2026 1650">
     <span class='ocr_line' id='line_1_16' title="bbox 435 1579 2026 1650; baseline 0.001 -17"><span class='ocrx_word' id='word_1_105' title='bbox 435 1595 541 1648; x_wconf 86' lang='lat' dir='ltr'>que</span> <span class='ocrx_word' id='word_1_106' title='bbox 565 1590 692 1634; x_wconf 90' lang='lat' dir='ltr'><strong>sunt</strong></span> <span class='ocrx_word' id='word_1_107' title='bbox 717 1581 814 1650; x_wconf 81' lang='lat' dir='ltr'><strong>ipsi</strong></span> <span class='ocrx_word' id='word_1_108' title='bbox 848 1580 1021 1635; x_wconf 84' lang='lat' dir='ltr'><strong>Verbo</strong></span> <span class='ocrx_word' id='word_1_109' title='bbox 1051 1591 1237 1636; x_wconf 89' lang='lat' dir='ltr'><strong>nostra</strong></span> <span class='ocrx_word' id='word_1_110' title='bbox 1275 1581 1480 1636; x_wconf 88' lang='lat' dir='ltr'><strong>omnia.</strong></span> <span class='ocrx_word' id='word_1_111' title='bbox 1516 1579 1622 1636; x_wconf 89' lang='lat' dir='ltr'><strong>Sed</strong></span> <span class='ocrx_word' id='word_1_112' title='bbox 1655 1581 1781 1649; x_wconf 87' lang='lat' dir='ltr'><strong>quia</strong></span> <span class='ocrx_word' id='word_1_113' title='bbox 1809 1581 2026 1650; x_wconf 77' lang='lat' dir='ltr'><strong>sapien-</strong></span> 
     </span>
    </p>
   </div>
   <div class='ocr_carea' id='block_1_17' title="bbox 438 1673 2022 1746">
    <p class='ocr_par' dir='ltr' id='par_1_17' title="bbox 438 1673 2022 1746">
     <span class='ocr_line' id='line_1_17' title="bbox 438 1673 2022 1746; baseline 0.002 -20"><span class='ocrx_word' id='word_1_114' title='bbox 438 1674 509 1727; x_wconf 88' lang='lat' dir='ltr'>tia</span> <span class='ocrx_word' id='word_1_115' title='bbox 538 1673 753 1742; x_wconf 89' lang='lat' dir='ltr'><strong>plenum</strong></span> <span class='ocrx_word' id='word_1_116' title='bbox 797 1686 882 1730; x_wconf 87' lang='lat' dir='ltr'>est</span> <span class='ocrx_word' id='word_1_117' title='bbox 915 1675 1018 1729; x_wconf 91' lang='lat' dir='ltr'>hoc</span> <span class='ocrx_word' id='word_1_118' title='bbox 1057 1676 1400 1746; x_wconf 82' lang='lat' dir='ltr'><strong>mysterium,</strong></span> <span class='ocrx_word' id='word_1_119' title='bbox 1453 1690 1627 1744; x_wconf 88' lang='lat' dir='ltr'><strong>neque</strong></span> <span class='ocrx_word' id='word_1_120' title='bbox 1655 1675 1731 1729; x_wconf 94' lang='lat' dir='ltr'><strong>illi</strong></span> <span class='ocrx_word' id='word_1_121' title='bbox 1765 1675 2022 1744; x_wconf 90' lang='lat' dir='ltr'><strong>rejicien-</strong></span> 
     </span>
    </p>
   </div>
   <div class='ocr_carea' id='block_1_18' title="bbox 437 1765 2021 1838">
    <p class='ocr_par' dir='ltr' id='par_1_18' title="bbox 437 1765 2021 1838">
     <span class='ocr_line' id='line_1_18' title="bbox 437 1765 2021 1838; baseline 0.002 -21"><span class='ocrx_word' id='word_1_122' title='bbox 437 1765 564 1818; x_wconf 89' lang='lat' dir='ltr'>dum</span> <span class='ocrx_word' id='word_1_123' title='bbox 588 1767 980 1821; x_wconf 77' lang='lat' dir='ltr'><strong>exinanitionis</strong></span> <span class='ocrx_word' id='word_1_124' title='bbox 1019 1783 1181 1837; x_wconf 86' lang='lat' dir='ltr'><strong>OptlS,</strong></span> <span class='ocrx_word' id='word_1_125' title='bbox 1231 1784 1330 1823; x_wconf 89' lang='lat' dir='ltr'>cur</span> <span class='ocrx_word' id='word_1_126' title='bbox 1362 1783 1423 1822; x_wconf 87' lang='lat' dir='ltr'>ea</span> <span class='ocrx_word' id='word_1_127' title='bbox 1453 1783 1574 1838; x_wconf 67' lang='lat' dir='ltr'><strong>qua:</strong></span> <span class='ocrx_word' id='word_1_128' title='bbox 1623 1777 1770 1821; x_wconf 90' lang='lat' dir='ltr'><strong>recte</strong></span> <span class='ocrx_word' id='word_1_129' title='bbox 1804 1769 2021 1833; x_wconf 83' lang='lat' dir='ltr'><strong>habent,</strong></span> 
     </span>
    </p>
   </div>
   <div class='ocr_carea' id='block_1_19' title="bbox 436 1857 2028 1928">
    <p class='ocr_par' dir='ltr' id='par_1_19' title="bbox 436 1857 2028 1928">
     <span class='ocr_line' id='line_1_19' title="bbox 436 1857 2028 1928; baseline 0.001 -18"><span class='ocrx_word' id='word_1_130' title='bbox 436 1857 701 1912; x_wconf 90' lang='lat' dir='ltr'><strong>audacter</strong></span> <span class='ocrx_word' id='word_1_131' title='bbox 732 1874 978 1922; x_wconf 88' lang='lat' dir='ltr'><strong>accusas,</strong></span> <span class='ocrx_word' id='word_1_132' title='bbox 1013 1869 1066 1913; x_wconf 92' lang='lat' dir='ltr'>et</span> <span class='ocrx_word' id='word_1_133' title='bbox 1105 1859 1251 1928; x_wconf 91' lang='lat' dir='ltr'><strong>quod</strong></span> <span class='ocrx_word' id='word_1_134' title='bbox 1302 1859 1447 1913; x_wconf 91' lang='lat' dir='ltr'><strong>illius</strong></span> <span class='ocrx_word' id='word_1_135' title='bbox 1489 1857 1698 1927; x_wconf 87' lang='lat' dir='ltr'><strong>judicio</strong></span> <span class='ocrx_word' id='word_1_136' title='bbox 1749 1873 2028 1913; x_wconf 82' lang='lat' dir='ltr'><strong>commen-</strong></span> 
     </span>
    </p>
   </div>
   <div class='ocr_carea' id='block_1_20' title="bbox 438 1943 2104 2016">
    <p class='ocr_par' dir='ltr' id='par_1_20' title="bbox 438 1943 2104 2016">
     <span class='ocr_line' id='line_1_20' title="bbox 438 1943 2104 2016; baseline -0.001 -16"><span class='ocrx_word' id='word_1_137' title='bbox 438 1950 620 2016; x_wconf 86' lang='lat' dir='ltr'><strong>datur,</strong></span> <span class='ocrx_word' id='word_1_138' title='bbox 681 1961 739 2004; x_wconf 90' lang='lat' dir='ltr'>ut</span> <span class='ocrx_word' id='word_1_139' title='bbox 803 1951 1119 2005; x_wconf 86' lang='lat' dir='ltr'><strong>indecorum</strong></span> <span class='ocrx_word' id='word_1_140' title='bbox 1191 1951 1512 2006; x_wconf 77' lang='lat' dir='ltr'><strong>aversaris?</strong></span> <span class='ocrx_word' id='word_1_141' title='bbox 1548 1949 1745 2005; x_wconf 83' lang='lat' dir='ltr'><strong>Vidisti</strong></span> <span class='ocrx_word' id='word_1_142' title='bbox 1806 1943 2104 2004; x_wconf 88' lang='lat' dir='ltr'><strong>unctumB</strong></span> 
     </span>
    </p>
   </div>
   <div class='ocr_carea' id='block_1_21' title="bbox 436 2042 2025 2109">
    <p class='ocr_par' dir='ltr' id='par_1_21' title="bbox 436 2042 2025 2109">
     <span class='ocr_line' id='line_1_21' title="bbox 436 2042 2025 2109; baseline 0.001 -15"><span class='ocrx_word' id='word_1_143' title='bbox 436 2042 673 2096; x_wconf 87' lang='lat' dir='ltr'><strong>humano</strong></span> <span class='ocrx_word' id='word_1_144' title='bbox 737 2057 889 2097; x_wconf 88' lang='lat' dir='ltr'><strong>more</strong></span> <span class='ocrx_word' id='word_1_145' title='bbox 932 2042 1106 2097; x_wconf 69' lang='lat' dir='ltr'><strong>Yvide</strong></span> <span class='ocrx_word' id='word_1_146' title='bbox 1175 2045 1428 2097; x_wconf 88' lang='lat' dir='ltr'><strong>eumdem</strong></span> <span class='ocrx_word' id='word_1_147' title='bbox 1484 2043 1743 2098; x_wconf 90' lang='lat' dir='ltr'><strong>divinitus</strong></span> <span class='ocrx_word' id='word_1_148' title='bbox 1805 2057 2025 2109; x_wconf 76' lang='lat' dir='ltr'><strong>ungere.</strong></span> 
     </span>
    </p>
   </div>
   <div class='ocr_carea' id='block_1_22' title="bbox 437 2133 2029 2206">
    <p class='ocr_par' dir='ltr' id='par_1_22' title="bbox 437 2133 2029 2206">
     <span class='ocr_line' id='line_1_22' title="bbox 437 2133 2029 2206; baseline 0 -19"><span class='ocrx_word' id='word_1_149' title='bbox 437 2133 715 2203; x_wconf 85' lang='lat' dir='ltr'><strong>Scriptum</strong></span> <span class='ocrx_word' id='word_1_150' title='bbox 749 2142 835 2189; x_wconf 89' lang='lat' dir='ltr'>est</span> <span class='ocrx_word' id='word_1_151' title='bbox 859 2135 1002 2188; x_wconf 93' lang='lat' dir='ltr'><strong>enim</strong></span> <span class='ocrx_word' id='word_1_152' title='bbox 1027 2151 1041 2188; x_wconf 88' lang='lat'><strong>:</strong></span> <span class='ocrx_word' id='word_1_153' title='bbox 1067 2153 1085 2188; x_wconf 80' lang='grc' dir='ltr'>ι</span> <span class='ocrx_word' id='word_1_154' title='bbox 1123 2133 1522 2190; x_wconf 84' lang='lat' dir='ltr'><strong>Testimonium</strong></span> <span class='ocrx_word' id='word_1_155' title='bbox 1555 2136 1832 2206; x_wconf 84' lang='lat' dir='ltr'><strong>perhibuit</strong></span> <span class='ocrx_word' id='word_1_156' title='bbox 1863 2134 2029 2189; x_wconf 86' lang='lat' dir='ltr'><strong>Joan-</strong></span> 
     </span>
    </p>
   </div>
   <div class='ocr_carea' id='block_1_23' title="bbox 436 2225 2027 2295">
    <p class='ocr_par' dir='ltr' id='par_1_23' title="bbox 436 2225 2027 2295">
     <span class='ocr_line' id='line_1_23' title="bbox 436 2225 2027 2295; baseline 0.001 -18"><span class='ocrx_word' id='word_1_157' title='bbox 436 2239 552 2288; x_wconf 89' lang='lat' dir='ltr'><strong>nes,</strong></span> <span class='ocrx_word' id='word_1_158' title='bbox 595 2225 837 2279; x_wconf 87' lang='lat' dir='ltr'><strong>dicens:</strong></span> <span class='ocrx_word' id='word_1_159' title='bbox 887 2225 1023 2291; x_wconf 86' lang='lat' dir='ltr'><strong>Quia</strong></span> <span class='ocrx_word' id='word_1_160' title='bbox 1083 2225 1192 2279; x_wconf 92' lang='lat' dir='ltr'><strong>vidi</strong></span> <span class='ocrx_word' id='word_1_161' title='bbox 1253 2226 1518 2295; x_wconf 89' lang='lat' dir='ltr'><strong>Spiritum</strong></span> <span class='ocrx_word' id='word_1_162' title='bbox 1604 2225 2027 2280; x_wconf 88' lang='lat' dir='ltr'><strong>descendentem</strong></span> 
     </span>
    </p>
   </div>
   <div class='ocr_carea' id='block_1_24' title="bbox 438 2317 2032 2388">
    <p class='ocr_par' dir='ltr' id='par_1_24' title="bbox 438 2317 2032 2388">
     <span class='ocr_line' id='line_1_24' title="bbox 438 2317 2032 2388; baseline 0.003 -19"><span class='ocrx_word' id='word_1_163' title='bbox 438 2317 593 2384; x_wconf 89' lang='lat' dir='ltr'><strong>quasi</strong></span> <span class='ocrx_word' id='word_1_164' title='bbox 641 2317 968 2380; x_wconf 84' lang='lat' dir='ltr'><strong>columbam,</strong></span> <span class='ocrx_word' id='word_1_165' title='bbox 1018 2327 1071 2372; x_wconf 88' lang='lat' dir='ltr'><strong>et</strong></span> <span class='ocrx_word' id='word_1_166' title='bbox 1121 2328 1427 2372; x_wconf 88' lang='lat' dir='ltr'><strong>manentem</strong></span> <span class='ocrx_word' id='word_1_167' title='bbox 1491 2333 1654 2388; x_wconf 83' lang='lat' dir='ltr'><strong>super</strong></span> <span class='ocrx_word' id='word_1_168' title='bbox 1718 2318 1940 2387; x_wconf 87' lang='lat' dir='ltr'><strong>ipsum;</strong></span> <span class='ocrx_word' id='word_1_169' title='bbox 1976 2328 2032 2373; x_wconf 91' lang='lat' dir='ltr'>et</span> 
     </span>
    </p>
   </div>
   <div class='ocr_carea' id='block_1_25' title="bbox 440 2409 2031 2480">
    <p class='ocr_par' dir='ltr' id='par_1_25' title="bbox 440 2409 2031 2480">
     <span class='ocr_line' id='line_1_25' title="bbox 440 2409 2031 2480; baseline 0.002 -19"><span class='ocrx_word' id='word_1_170' title='bbox 440 2423 543 2478; x_wconf 88' lang='lat' dir='ltr'>ego</span> <span class='ocrx_word' id='word_1_171' title='bbox 567 2409 877 2464; x_wconf 86' lang='lat' dir='ltr'><strong>nesciebam</strong></span> <span class='ocrx_word' id='word_1_172' title='bbox 906 2425 1054 2473; x_wconf 91' lang='lat' dir='ltr'><strong>eum,</strong></span> <span class='ocrx_word' id='word_1_173' title='bbox 1080 2409 1172 2464; x_wconf 89' lang='lat' dir='ltr'>sed</span> <span class='ocrx_word' id='word_1_174' title='bbox 1202 2410 1292 2479; x_wconf 84' lang='lat' dir='ltr'>qui</span> <span class='ocrx_word' id='word_1_175' title='bbox 1331 2411 1483 2464; x_wconf 89' lang='lat' dir='ltr'><strong>misit</strong></span> <span class='ocrx_word' id='word_1_176' title='bbox 1535 2425 1621 2464; x_wconf 88' lang='lat' dir='ltr'>me</span> <span class='ocrx_word' id='word_1_177' title='bbox 1651 2410 1934 2480; x_wconf 83' lang='lat' dir='ltr'><strong>baptizare</strong></span> <span class='ocrx_word' id='word_1_178' title='bbox 1975 2410 2031 2464; x_wconf 88' lang='lat' dir='ltr'>in</span> 
     </span>
    </p>
   </div>
   <div class='ocr_carea' id='block_1_26' title="bbox 441 2501 2030 2572">
    <p class='ocr_par' dir='ltr' id='par_1_26' title="bbox 441 2501 2030 2572">
     <span class='ocr_line' id='line_1_26' title="bbox 441 2501 2030 2572; baseline 0.002 -19"><span class='ocrx_word' id='word_1_179' title='bbox 441 2515 605 2569; x_wconf 85' lang='lat' dir='ltr'><strong>aqua,</strong></span> <span class='ocrx_word' id='word_1_180' title='bbox 632 2501 717 2555; x_wconf 90' lang='lat' dir='ltr'><strong>ille</strong></span> <span class='ocrx_word' id='word_1_181' title='bbox 741 2501 870 2555; x_wconf 88' lang='lat' dir='ltr'><strong>mihi</strong></span> <span class='ocrx_word' id='word_1_182' title='bbox 905 2502 1041 2556; x_wconf 80' lang='lat' dir='ltr'><strong>dixit</strong></span> <span class='ocrx_word' id='word_1_183' title='bbox 1065 2519 1079 2555; x_wconf 89' lang='lat'><strong>:</strong></span> <span class='ocrx_word' id='word_1_184' title='bbox 1103 2503 1280 2571; x_wconf 90' lang='lat' dir='ltr'><strong>Super</strong></span> <span class='ocrx_word' id='word_1_185' title='bbox 1321 2518 1482 2572; x_wconf 87' lang='lat' dir='ltr'><strong>quem</strong></span> <span class='ocrx_word' id='word_1_186' title='bbox 1516 2503 1720 2556; x_wconf 91' lang='lat' dir='ltr'><strong>videris</strong></span> <span class='ocrx_word' id='word_1_187' title='bbox 1769 2502 2030 2571; x_wconf 88' lang='lat' dir='ltr'><strong>Spiritum</strong></span> 
     </span>
    </p>
   </div>
   <div class='ocr_carea' id='block_1_27' title="bbox 443 2592 2031 2664">
    <p class='ocr_par' dir='ltr' id='par_1_27' title="bbox 443 2592 2031 2664">
     <span class='ocr_line' id='line_1_27' title="bbox 443 2592 2031 2664; baseline 0.001 -18"><span class='ocrx_word' id='word_1_188' title='bbox 443 2592 868 2647; x_wconf 87' lang='lat' dir='ltr'><strong>descendentem</strong></span> <span class='ocrx_word' id='word_1_189' title='bbox 903 2602 958 2648; x_wconf 86' lang='lat' dir='ltr'>et</span> <span class='ocrx_word' id='word_1_190' title='bbox 989 2602 1299 2649; x_wconf 87' lang='lat' dir='ltr'><strong>manentem</strong></span> <span class='ocrx_word' id='word_1_191' title='bbox 1324 2608 1490 2663; x_wconf 90' lang='lat' dir='ltr'><strong>super</strong></span> <span class='ocrx_word' id='word_1_192' title='bbox 1523 2609 1671 2657; x_wconf 88' lang='lat' dir='ltr'><strong>eum.</strong></span> <span class='ocrx_word' id='word_1_193' title='bbox 1702 2595 1793 2648; x_wconf 90' lang='lat' dir='ltr'>hic</span> <span class='ocrx_word' id='word_1_194' title='bbox 1818 2604 1902 2648; x_wconf 91' lang='lat' dir='ltr'>est</span> <span class='ocrx_word' id='word_1_195' title='bbox 1938 2594 2031 2664; x_wconf 87' lang='lat' dir='ltr'>qui</span> 
     </span>
    </p>
   </div>
   <div class='ocr_carea' id='block_1_28' title="bbox 443 2684 2029 2756">
    <p class='ocr_par' dir='ltr' id='par_1_28' title="bbox 443 2684 2029 2756">
     <span class='ocr_line' id='line_1_28' title="bbox 443 2684 2029 2756; baseline 0.001 -16"><span class='ocrx_word' id='word_1_196' title='bbox 443 2686 683 2754; x_wconf 88' lang='lat' dir='ltr'><strong>baptizat</strong></span> <span class='ocrx_word' id='word_1_197' title='bbox 714 2687 766 2740; x_wconf 94' lang='lat' dir='ltr'><strong>in</strong></span> <span class='ocrx_word' id='word_1_198' title='bbox 805 2684 1010 2756; x_wconf 91' lang='lat' dir='ltr'><strong>Spiritu</strong></span> <span class='ocrx_word' id='word_1_199' title='bbox 1044 2696 1278 2752; x_wconf 88' lang='lat' dir='ltr'><strong>sancto;</strong></span> <span class='ocrx_word' id='word_1_200' title='bbox 1315 2695 1369 2742; x_wconf 87' lang='lat' dir='ltr'>et</span> <span class='ocrx_word' id='word_1_201' title='bbox 1404 2687 1533 2750; x_wconf 93' lang='lat' dir='ltr'><strong>vidi,</strong></span> <span class='ocrx_word' id='word_1_202' title='bbox 1562 2696 1617 2741; x_wconf 89' lang='lat' dir='ltr'>et</span> <span class='ocrx_word' id='word_1_203' title='bbox 1664 2688 2029 2742; x_wconf 91' lang='lat' dir='ltr'><strong>testimonium</strong></span> 
     </span>
    </p>
   </div>
   <div class='ocr_carea' id='block_1_29' title="bbox 441 2777 2033 2848">
    <p class='ocr_par' dir='ltr' id='par_1_29' title="bbox 441 2777 2033 2848">
     <span class='ocr_line' id='line_1_29' title="bbox 441 2777 2033 2848; baseline 0.003 -21"><span class='ocrx_word' id='word_1_204' title='bbox 441 2777 710 2846; x_wconf 82' lang='lat' dir='ltr'><strong>perhibui,</strong></span> <span class='ocrx_word' id='word_1_205' title='bbox 739 2780 866 2848; x_wconf 90' lang='lat' dir='ltr'><strong>quia</strong></span> <span class='ocrx_word' id='word_1_206' title='bbox 888 2779 974 2833; x_wconf 87' lang='lat' dir='ltr'>hic</span> <span class='ocrx_word' id='word_1_207' title='bbox 995 2789 1079 2834; x_wconf 89' lang='lat' dir='ltr'>est</span> <span class='ocrx_word' id='word_1_208' title='bbox 1118 2778 1288 2832; x_wconf 86' lang='lat' dir='ltr'><strong>Filius</strong></span> <span class='ocrx_word' id='word_1_209' title='bbox 1334 2777 1425 2833; x_wconf 90' lang='lat' dir='ltr'>Dei</span> <span class='ocrx_word' id='word_1_210' title='bbox 1453 2778 1592 2834; x_wconf 78' lang='lat'>&quot;°&quot;.</span> <span class='ocrx_word' id='word_1_211' title='bbox 1631 2796 1650 2831; x_wconf 72' lang='grc' dir='ltr'>ι</span> <span class='ocrx_word' id='word_1_212' title='bbox 1677 2777 1816 2845; x_wconf 86' lang='lat' dir='ltr'><strong>Quid</strong></span> <span class='ocrx_word' id='word_1_213' title='bbox 1848 2778 2033 2833; x_wconf 85' lang='lat' dir='ltr'><strong>enim?</strong></span> 
     </span>
    </p>
   </div>
   <div class='ocr_carea' id='block_1_30' title="bbox 444 2868 2029 2940">
    <p class='ocr_par' dir='ltr' id='par_1_30' title="bbox 444 2868 2029 2940">
     <span class='ocr_line' id='line_1_30' title="bbox 444 2868 2029 2940; baseline -0.003 -15"><span class='ocrx_word' id='word_1_214' title='bbox 444 2871 874 2927; x_wconf 87' lang='lat' dir='ltr'><strong>humanitatisne</strong></span> <span class='ocrx_word' id='word_1_215' title='bbox 916 2885 1054 2940; x_wconf 85' lang='lat' dir='ltr'><strong>opus</strong></span> <span class='ocrx_word' id='word_1_216' title='bbox 1096 2885 1219 2925; x_wconf 87' lang='lat' dir='ltr'><strong>esse</strong></span> <span class='ocrx_word' id='word_1_217' title='bbox 1265 2869 1403 2924; x_wconf 89' lang='lat' dir='ltr'><strong>dicis</strong></span> <span class='ocrx_word' id='word_1_218' title='bbox 1457 2869 1736 2938; x_wconf 86' lang='lat' dir='ltr'><strong>baptizare</strong></span> <span class='ocrx_word' id='word_1_219' title='bbox 1778 2883 1937 2939; x_wconf 90' lang='lat' dir='ltr'><strong>posse</strong></span> <span class='ocrx_word' id='word_1_220' title='bbox 1976 2868 2029 2921; x_wconf 93' lang='lat' dir='ltr'>in</span> 
     </span>
    </p>
   </div>
   <div class='ocr_carea' id='block_1_31' title="bbox 441 2960 2032 3031">
    <p class='ocr_par' dir='ltr' id='par_1_31' title="bbox 441 2960 2032 3031">
     <span class='ocr_line' id='line_1_31' title="bbox 441 2960 2032 3031; baseline -0.003 -15"><span class='ocrx_word' id='word_1_221' title='bbox 441 2962 651 3031; x_wconf 90' lang='lat' dir='ltr'><strong>Spiritu</strong></span> <span class='ocrx_word' id='word_1_222' title='bbox 701 2972 895 3017; x_wconf 88' lang='lat' dir='ltr'><strong>sancto</strong></span> <span class='ocrx_word' id='word_1_223' title='bbox 952 2961 1294 3017; x_wconf 82' lang='lat' dir='ltr'><strong>credentes?</strong></span> <span class='ocrx_word' id='word_1_224' title='bbox 1359 2960 1520 3029; x_wconf 87' lang='lat' dir='ltr'><strong>Atqui</strong></span> <span class='ocrx_word' id='word_1_225' title='bbox 1599 2960 1872 3029; x_wconf 88' lang='lat' dir='ltr'><strong>quomodo</strong></span> <span class='ocrx_word' id='word_1_226' title='bbox 1925 2975 2032 3013; x_wconf 92' lang='lat' dir='ltr'>non</span> 
     </span>
    </p>
   </div>
   <div class='ocr_carea' id='block_1_32' title="bbox 439 3051 2032 3122">
    <p class='ocr_par' dir='ltr' id='par_1_32' title="bbox 439 3051 2032 3122">
     <span class='ocr_line' id='line_1_32' title="bbox 439 3051 2032 3122; baseline -0.002 -14"><span class='ocrx_word' id='word_1_227' title='bbox 439 3053 667 3108; x_wconf 85' lang='lat' dir='ltr'><strong>stultum</strong></span> <span class='ocrx_word' id='word_1_228' title='bbox 715 3055 789 3110; x_wconf 86' lang='lat' dir='ltr'>sit</span> <span class='ocrx_word' id='word_1_229' title='bbox 836 3063 1029 3122; x_wconf 91' lang='lat' dir='ltr'><strong>putare</strong></span> <span class='ocrx_word' id='word_1_230' title='bbox 1082 3053 1198 3107; x_wconf 68' lang='lat' dir='ltr'><strong>haec</strong></span> <span class='ocrx_word' id='word_1_231' title='bbox 1238 3053 1310 3106; x_wconf 91' lang='lat' dir='ltr'>ita</span> <span class='ocrx_word' id='word_1_232' title='bbox 1358 3067 1417 3107; x_wconf 89' lang='lat' dir='ltr'><strong>se</strong></span> <span class='ocrx_word' id='word_1_233' title='bbox 1463 3051 1662 3105; x_wconf 87' lang='lat' dir='ltr'><strong>habere</strong></span> <span class='ocrx_word' id='word_1_234' title='bbox 1694 3051 1718 3104; x_wconf 86' lang='lat'><strong>?</strong></span> <span class='ocrx_word' id='word_1_235' title='bbox 1749 3051 2032 3117; x_wconf 87' lang='lat' dir='ltr'><strong>Quomodo</strong></span> 
     </span>
    </p>
   </div>
   <div class='ocr_carea' id='block_1_33' title="bbox 438 3143 2032 3222">
    <p class='ocr_par' dir='ltr' id='par_1_33' title="bbox 438 3143 2032 3222">
     <span class='ocr_line' id='line_1_33' title="bbox 438 3143 2032 3222; baseline -0.001 -22"><span class='ocrx_word' id='word_1_236' title='bbox 438 3147 607 3213; x_wconf 88' lang='lat' dir='ltr'><strong>enim,</strong></span> <span class='ocrx_word' id='word_1_237' title='bbox 640 3147 786 3216; x_wconf 85' lang='lat' dir='ltr'><strong>quod</strong></span> <span class='ocrx_word' id='word_1_238' title='bbox 819 3147 999 3202; x_wconf 91' lang='lat' dir='ltr'><strong>minus</strong></span> <span class='ocrx_word' id='word_1_239' title='bbox 1032 3157 1138 3222; x_wconf 82' lang='lat' dir='ltr'><strong>est,</strong></span> <span class='ocrx_word' id='word_1_240' title='bbox 1194 3143 1669 3214; x_wconf 86' lang='lat' dir='ltr'><strong>participationem</strong></span> <span class='ocrx_word' id='word_1_241' title='bbox 1728 3144 1805 3197; x_wconf 90' lang='lat' dir='ltr'>rei</span> <span class='ocrx_word' id='word_1_242' title='bbox 1871 3143 2032 3211; x_wconf 87' lang='lat' dir='ltr'><strong>longe</strong></span> 
     </span>
    </p>
   </div>
   <div class='ocr_carea' id='block_1_34' title="bbox 2130 660 3712 734">
    <p class='ocr_par' dir='ltr' id='par_1_34' title="bbox 2130 660 3712 734">
     <span class='ocr_line' id='line_1_34' title="bbox 2130 660 3712 734; baseline 0.001 -20"><span class='ocrx_word' id='word_1_243' title='bbox 2130 665 2263 734; x_wconf 72' lang='grc' dir='ltr'>γῆς’</span> <span class='ocrx_word' id='word_1_244' title='bbox 2306 684 2324 714; x_wconf 69' lang='grc' dir='ltr'>ι</span> <span class='ocrx_word' id='word_1_245' title='bbox 2363 665 2479 728; x_wconf 84' lang='grc' dir='ltr'>πῶς</span> <span class='ocrx_word' id='word_1_246' title='bbox 2515 662 2966 728; x_wconf 82' lang='grc' dir='ltr'>ἐξαποστέλλεται</span> <span class='ocrx_word' id='word_1_247' title='bbox 2998 662 3058 714; x_wconf 84' lang='grc' dir='ltr'>τὸ</span> <span class='ocrx_word' id='word_1_248' title='bbox 3099 661 3279 714; x_wconf 86' lang='grc' dir='ltr'>πάντα</span> <span class='ocrx_word' id='word_1_249' title='bbox 3308 660 3578 731; x_wconf 75' lang='grc' dir='ltr'>πληροῦνς</span> <span class='ocrx_word' id='word_1_250' title='bbox 3621 661 3712 732; x_wconf 75' lang='grc' dir='ltr'>Μὴ</span> 
     </span>
    </p>
   </div>
   <div class='ocr_carea' id='block_1_35' title="bbox 2130 750 3711 822">
    <p class='ocr_par' dir='ltr' id='par_1_35' title="bbox 2130 750 3711 822">
     <span class='ocr_line' id='line_1_35' title="bbox 2130 750 3711 822; baseline -0.002 -16"><span class='ocrx_word' id='word_1_251' title='bbox 2130 755 2314 806; x_wconf 81' lang='grc' dir='ltr'>τοίνυν</span> <span class='ocrx_word' id='word_1_252' title='bbox 2358 753 2434 817; x_wconf 88' lang='grc' dir='ltr'>ώς</span> <span class='ocrx_word' id='word_1_253' title='bbox 2477 755 2641 822; x_wconf 66' lang='grc' dir='ltr'>σοφόν</span> <span class='ocrx_word' id='word_1_254' title='bbox 2694 770 2754 805; x_wconf 88' lang='grc' dir='ltr'>τε</span> <span class='ocrx_word' id='word_1_255' title='bbox 2811 752 2906 805; x_wconf 72' lang='grc' dir='ltr'>καὶ</span> <span class='ocrx_word' id='word_1_256' title='bbox 2959 750 3164 804; x_wconf 85' lang='grc' dir='ltr'>δυσανά</span> <span class='ocrx_word' id='word_1_257' title='bbox 3199 750 3271 821; x_wconf 84' lang='lat' dir='ltr'>(l)</span> <span class='ocrx_word' id='word_1_258' title='bbox 3304 750 3576 819; x_wconf 69' lang='grc' dir='ltr'>προτιθεὶς</span> <span class='ocrx_word' id='word_1_259' title='bbox 3622 751 3711 803; x_wconf 76' lang='grc' dir='ltr'>τὸν</span> 
     </span>
    </p>
   </div>
   <div class='ocr_carea' id='block_1_36' title="bbox 2132 842 3713 917">
    <p class='ocr_par' dir='ltr' id='par_1_36' title="bbox 2132 842 3713 917">
     <span class='ocr_line' id='line_1_36' title="bbox 2132 842 3713 917; baseline -0.003 -18"><span class='ocrx_word' id='word_1_260' title='bbox 2132 848 2308 902; x_wconf 88' lang='grc' dir='ltr'>πάντα</span> <span class='ocrx_word' id='word_1_261' title='bbox 2349 846 2589 916; x_wconf 75' lang='grc' dir='ltr'>πληροῦν</span> <span class='ocrx_word' id='word_1_262' title='bbox 2632 844 2918 917; x_wconf 80' lang='grc' dir='ltr'>ἰσχύοντα,</span> <span class='ocrx_word' id='word_1_263' title='bbox 2959 844 3052 897; x_wconf 82' lang='grc' dir='ltr'>τὸν</span> <span class='ocrx_word' id='word_1_264' title='bbox 3103 845 3167 895; x_wconf 91' lang='grc' dir='ltr'>ἐκ</span> <span class='ocrx_word' id='word_1_265' title='bbox 3205 842 3340 895; x_wconf 86' lang='grc' dir='ltr'>Θεοῦ</span> <span class='ocrx_word' id='word_1_266' title='bbox 3373 842 3581 912; x_wconf 78' lang='grc' dir='ltr'>Πατρὸς</span> <span class='ocrx_word' id='word_1_267' title='bbox 3611 843 3713 895; x_wconf 84' lang='grc' dir='ltr'>Λό-</span> 
     </span>
    </p>
   </div>
   <div class='ocr_carea' id='block_1_37' title="bbox 2131 930 3709 1008">
    <p class='ocr_par' dir='ltr' id='par_1_37' title="bbox 2131 930 3709 1008">
     <span class='ocr_line' id='line_1_37' title="bbox 2131 930 3709 1008; baseline -0.005 -17"><span class='ocrx_word' id='word_1_268' title='bbox 2131 955 2250 1007; x_wconf 87' lang='grc' dir='ltr'>γον,</span> <span class='ocrx_word' id='word_1_269' title='bbox 2286 938 2575 1007; x_wconf 69' lang='grc' dir='ltr'>ἀνέφικτον</span> <span class='ocrx_word' id='word_1_270' title='bbox 2607 937 2749 1008; x_wconf 77' lang='grc' dir='ltr'>ἔχειν</span> <span class='ocrx_word' id='word_1_271' title='bbox 2780 937 2881 1006; x_wconf 83' lang='grc' dir='ltr'>τὴν</span> <span class='ocrx_word' id='word_1_272' title='bbox 2914 934 3202 1004; x_wconf 82' lang='grc' dir='ltr'>ἐπιστολὴν</span> <span class='ocrx_word' id='word_1_273' title='bbox 3231 932 3339 1005; x_wconf 82' lang='grc' dir='ltr'>[ισ.</span> <span class='ocrx_word' id='word_1_274' title='bbox 3364 930 3709 1004; x_wconf 72' lang='grc' dir='ltr'>ἀποστολὴν],</span> 
     </span>
    </p>
   </div>
   <div class='ocr_carea' id='block_1_38' title="bbox 2132 1025 3712 1102">
    <p class='ocr_par' dir='ltr' id='par_1_38' title="bbox 2132 1025 3712 1102">
     <span class='ocr_line' id='line_1_38' title="bbox 2132 1025 3712 1102; baseline -0.004 -17"><span class='ocrx_word' id='word_1_275' title='bbox 2132 1031 2432 1102; x_wconf 82' lang='grc' dir='ltr'>παραλύειν</span> <span class='ocrx_word' id='word_1_276' title='bbox 2455 1031 2675 1099; x_wconf 78' lang='grc' dir='ltr'>ἐπείγου</span> <span class='ocrx_word' id='word_1_277' title='bbox 2701 1030 2762 1084; x_wconf 84' lang='grc' dir='ltr'>τὸ</span> <span class='ocrx_word' id='word_1_278' title='bbox 2793 1029 3013 1101; x_wconf 79' lang='grc' dir='ltr'>ἀληθὲς,</span> <span class='ocrx_word' id='word_1_279' title='bbox 3050 1028 3144 1081; x_wconf 83' lang='grc' dir='ltr'>καὶ</span> <span class='ocrx_word' id='word_1_280' title='bbox 3164 1027 3264 1096; x_wconf 82' lang='grc' dir='ltr'>τὴν</span> <span class='ocrx_word' id='word_1_281' title='bbox 3293 1026 3388 1079; x_wconf 89' lang='grc' dir='ltr'>τοῦ</span> <span class='ocrx_word' id='word_1_282' title='bbox 3416 1025 3712 1096; x_wconf 74' lang='grc' dir='ltr'>μυστηρίου</span> 
     </span>
    </p>
   </div>
   <div class='ocr_carea' id='block_1_39' title="bbox 2130 1121 3714 1198">
    <p class='ocr_par' dir='ltr' id='par_1_39' title="bbox 2130 1121 3714 1198">
     <span class='ocr_line' id='line_1_39' title="bbox 2130 1121 3714 1198; baseline -0.004 -18"><span class='ocrx_word' id='word_1_283' title='bbox 2130 1126 2364 1198; x_wconf 89' lang='grc' dir='ltr'>δύναμιν</span> <span class='ocrx_word' id='word_1_284' title='bbox 2387 1125 2715 1196; x_wconf 75' lang='grc' dir='ltr'>ἀνατρέπειν</span> <span class='ocrx_word' id='word_1_285' title='bbox 2735 1140 2749 1154; x_wconf 86' lang='grc'><strong>·</strong></span> <span class='ocrx_word' id='word_1_286' title='bbox 2771 1124 2940 1178; x_wconf 87' lang='grc' dir='ltr'>ἐννόει</span> <span class='ocrx_word' id='word_1_287' title='bbox 2957 1124 3013 1176; x_wconf 78' lang='grc' dir='ltr'>δὲ</span> <span class='ocrx_word' id='word_1_288' title='bbox 3036 1123 3258 1193; x_wconf 80' lang='grc' dir='ltr'>μᾶλλον,</span> <span class='ocrx_word' id='word_1_289' title='bbox 3277 1123 3359 1175; x_wconf 77' lang='grc' dir='ltr'>ὅτι</span> <span class='ocrx_word' id='word_1_290' title='bbox 3379 1121 3593 1190; x_wconf 87' lang='grc' dir='ltr'>λέγεται</span> <span class='ocrx_word' id='word_1_291' title='bbox 3619 1122 3714 1191; x_wconf 84' lang='grc' dir='ltr'>μὲν</span> 
     </span>
    </p>
   </div>
   <div class='ocr_carea' id='block_1_40' title="bbox 2139 1208 3715 1290">
    <p class='ocr_par' dir='ltr' id='par_1_40' title="bbox 2139 1208 3715 1290">
     <span class='ocr_line' id='line_1_40' title="bbox 2139 1208 3715 1290; baseline -0.006 -16"><span class='ocrx_word' id='word_1_292' title='bbox 2139 1219 2497 1290; x_wconf 77' lang='grc' dir='ltr'>ἀνθρωπίνως</span> <span class='ocrx_word' id='word_1_293' title='bbox 2552 1217 2619 1270; x_wconf 71' lang='grc' dir='ltr'>τὰ</span> <span class='ocrx_word' id='word_1_294' title='bbox 2662 1217 2792 1288; x_wconf 77' lang='grc' dir='ltr'>περὶ</span> <span class='ocrx_word' id='word_1_295' title='bbox 2834 1217 2971 1269; x_wconf 91' lang='grc' dir='ltr'>Θεοῦ</span> <span class='ocrx_word' id='word_1_296' title='bbox 2996 1234 3008 1246; x_wconf 90' lang='grc'><strong>·</strong></span> <span class='ocrx_word' id='word_1_297' title='bbox 3055 1217 3258 1269; x_wconf 86' lang='grc' dir='ltr'>νοεῖται</span> <span class='ocrx_word' id='word_1_298' title='bbox 3308 1214 3364 1268; x_wconf 86' lang='grc' dir='ltr'>δέ</span> <span class='ocrx_word' id='word_1_299' title='bbox 3401 1208 3543 1267; x_wconf 88' lang='grc' dir='ltr'>οῦτω</span> <span class='ocrx_word' id='word_1_300' title='bbox 3582 1212 3715 1283; x_wconf 76' lang='grc' dir='ltr'>πρὸς</span> 
     </span>
    </p>
   </div>
   <div class='ocr_carea' id='block_1_41' title="bbox 2132 1305 3714 1383">
    <p class='ocr_par' dir='ltr' id='par_1_41' title="bbox 2132 1305 3714 1383">
     <span class='ocr_line' id='line_1_41' title="bbox 2132 1305 3714 1383; baseline -0.005 -18"><span class='ocrx_word' id='word_1_301' title='bbox 2132 1313 2304 1383; x_wconf 75' lang='grc' dir='ltr'>ἡμᾶς,</span> <span class='ocrx_word' id='word_1_302' title='bbox 2327 1310 2402 1375; x_wconf 88' lang='grc' dir='ltr'>ώς</span> <span class='ocrx_word' id='word_1_303' title='bbox 2429 1311 2495 1364; x_wconf 79' lang='grc' dir='ltr'>ἂν</span> <span class='ocrx_word' id='word_1_304' title='bbox 2517 1310 2678 1373; x_wconf 83' lang='grc' dir='ltr'>αύτός</span> <span class='ocrx_word' id='word_1_305' title='bbox 2713 1326 2771 1362; x_wconf 90' lang='grc' dir='ltr'>τε</span> <span class='ocrx_word' id='word_1_306' title='bbox 2796 1309 2962 1379; x_wconf 79' lang='grc' dir='ltr'>εἰδείη</span> <span class='ocrx_word' id='word_1_307' title='bbox 2989 1309 3082 1361; x_wconf 67' lang='grc' dir='ltr'>καὶ</span> <span class='ocrx_word' id='word_1_308' title='bbox 3116 1308 3300 1378; x_wconf 83' lang='grc' dir='ltr'>μόνος,</span> <span class='ocrx_word' id='word_1_309' title='bbox 3321 1307 3415 1360; x_wconf 80' lang='grc' dir='ltr'>καὶ</span> <span class='ocrx_word' id='word_1_310' title='bbox 3432 1307 3565 1376; x_wconf 83' lang='grc' dir='ltr'>δρᾷν</span> <span class='ocrx_word' id='word_1_311' title='bbox 3597 1305 3714 1368; x_wconf 79' lang='grc' dir='ltr'>ἔθος</span> 
     </span>
    </p>
   </div>
   <div class='ocr_carea' id='block_1_42' title="bbox 2133 1397 3715 1474">
    <p class='ocr_par' dir='ltr' id='par_1_42' title="bbox 2133 1397 3715 1474">
     <span class='ocr_line' id='line_1_42' title="bbox 2133 1397 3715 1474; baseline -0.006 -17"><span class='ocrx_word' id='word_1_312' title='bbox 2133 1403 2302 1474; x_wconf 68' lang='grc' dir='ltr'>αὐτῷ.</span> <span class='ocrx_word' id='word_1_313' title='bbox 2345 1402 2564 1471; x_wconf 80' lang='grc' dir='ltr'>Ἐπειδὴ</span> <span class='ocrx_word' id='word_1_314' title='bbox 2597 1402 2653 1454; x_wconf 81' lang='grc' dir='ltr'>δὲ</span> <span class='ocrx_word' id='word_1_315' title='bbox 2683 1401 2758 1462; x_wconf 87' lang='grc' dir='ltr'>ώς</span> <span class='ocrx_word' id='word_1_316' title='bbox 2789 1400 2962 1470; x_wconf 77' lang='grc' dir='ltr'>βραχὺ</span> <span class='ocrx_word' id='word_1_317' title='bbox 2995 1399 3088 1452; x_wconf 71' lang='grc' dir='ltr'>καὶ</span> <span class='ocrx_word' id='word_1_318' title='bbox 3117 1398 3479 1467; x_wconf 87' lang='grc' dir='ltr'>ἀνθρώπινον,</span> <span class='ocrx_word' id='word_1_319' title='bbox 3506 1397 3715 1466; x_wconf 72' lang='grc' dir='ltr'>καὶτῆς</span> 
     </span>
    </p>
   </div>
   <div class='ocr_carea' id='block_1_43' title="bbox 2132 1489 3714 1564">
    <p class='ocr_par' dir='ltr' id='par_1_43' title="bbox 2132 1489 3714 1564">
     <span class='ocr_line' id='line_1_43' title="bbox 2132 1489 3714 1564; baseline -0.006 -14"><span class='ocrx_word' id='word_1_320' title='bbox 2132 1497 2226 1550; x_wconf 88' lang='grc' dir='ltr'>τοῦ</span> <span class='ocrx_word' id='word_1_321' title='bbox 2261 1494 2599 1563; x_wconf 84' lang='grc' dir='ltr'>Μονογενοῦς</span> <span class='ocrx_word' id='word_1_322' title='bbox 2645 1493 2802 1559; x_wconf 76' lang='grc' dir='ltr'>ἀξίας</span> <span class='ocrx_word' id='word_1_323' title='bbox 2843 1491 3176 1564; x_wconf 74' lang='grc' dir='ltr'>ἡττώμενον,</span> <span class='ocrx_word' id='word_1_324' title='bbox 3208 1491 3464 1561; x_wconf 82' lang='grc' dir='ltr'>ἀμέτρως</span> <span class='ocrx_word' id='word_1_325' title='bbox 3503 1489 3714 1558; x_wconf 86' lang='grc' dir='ltr'>δέχεται</span> 
     </span>
    </p>
   </div>
   <div class='ocr_carea' id='block_1_44' title="bbox 2132 1579 3718 1659">
    <p class='ocr_par' dir='ltr' id='par_1_44' title="bbox 2132 1579 3718 1659">
     <span class='ocr_line' id='line_1_44' title="bbox 2132 1579 3718 1659; baseline -0.006 -17"><span class='ocrx_word' id='word_1_326' title='bbox 2132 1588 2231 1659; x_wconf 75' lang='grc' dir='ltr'>τὴν</span> <span class='ocrx_word' id='word_1_327' title='bbox 2256 1588 2450 1658; x_wconf 81' lang='grc' dir='ltr'>χρῆσιν</span> <span class='ocrx_word' id='word_1_328' title='bbox 2480 1586 2589 1658; x_wconf 72' lang='grc' dir='ltr'>[τον.</span> <span class='ocrx_word' id='word_1_329' title='bbox 2622 1584 2848 1656; x_wconf 84' lang='grc' dir='ltr'>χρίσιν],</span> <span class='ocrx_word' id='word_1_330' title='bbox 2881 1584 3013 1655; x_wconf 72' lang='grc' dir='ltr'>φέρε</span> <span class='ocrx_word' id='word_1_331' title='bbox 3036 1584 3105 1637; x_wconf 78' lang='grc' dir='ltr'>τὰ</span> <span class='ocrx_word' id='word_1_332' title='bbox 3126 1585 3310 1636; x_wconf 83' lang='grc' dir='ltr'>είκότα</span> <span class='ocrx_word' id='word_1_333' title='bbox 3337 1583 3427 1636; x_wconf 75' lang='grc' dir='ltr'>καὶ</span> <span class='ocrx_word' id='word_1_334' title='bbox 3453 1583 3533 1644; x_wconf 80' lang='grc' dir='ltr'>εἰς</span> <span class='ocrx_word' id='word_1_335' title='bbox 3563 1579 3718 1634; x_wconf 90' lang='grc' dir='ltr'>τοῦτο</span> 
     </span>
    </p>
   </div>
   <div class='ocr_carea' id='block_1_45' title="bbox 2133 1673 3717 1752">
    <p class='ocr_par' dir='ltr' id='par_1_45' title="bbox 2133 1673 3717 1752">
     <span class='ocr_line' id='line_1_45' title="bbox 2133 1673 3717 1752; baseline -0.006 -18"><span class='ocrx_word' id='word_1_336' title='bbox 2133 1681 2401 1752; x_wconf 88' lang='grc' dir='ltr'>λέγωμεν,</span> <span class='ocrx_word' id='word_1_337' title='bbox 2435 1681 2532 1743; x_wconf 73' lang='grc' dir='ltr'>τὰς</span> <span class='ocrx_word' id='word_1_338' title='bbox 2585 1679 2680 1732; x_wconf 91' lang='grc' dir='ltr'>τοῦ</span> <span class='ocrx_word' id='word_1_339' title='bbox 2733 1679 3028 1732; x_wconf 75' lang='grc' dir='ltr'>σκανδάλου</span> <span class='ocrx_word' id='word_1_340' title='bbox 3064 1677 3282 1739; x_wconf 76' lang='grc' dir='ltr'>λύοντες</span> <span class='ocrx_word' id='word_1_341' title='bbox 3336 1675 3613 1746; x_wconf 72' lang='grc' dir='ltr'>ἀφορμάς.</span> <span class='ocrx_word' id='word_1_342' title='bbox 3656 1673 3717 1726; x_wconf 83' lang='grc' dir='ltr'>Εἰ</span> 
     </span>
    </p>
   </div>
   <div class='ocr_carea' id='block_1_46' title="bbox 2137 1767 3722 1844">
    <p class='ocr_par' dir='ltr' id='par_1_46' title="bbox 2137 1767 3722 1844">
     <span class='ocr_line' id='line_1_46' title="bbox 2137 1767 3722 1844; baseline -0.006 -17"><span class='ocrx_word' id='word_1_343' title='bbox 2137 1774 2237 1844; x_wconf 81' lang='grc' dir='ltr'>μὲν</span> <span class='ocrx_word' id='word_1_344' title='bbox 2265 1770 2358 1827; x_wconf 83' lang='grc' dir='ltr'>οῦν</span> <span class='ocrx_word' id='word_1_345' title='bbox 2387 1774 2448 1825; x_wconf 81' lang='grc' dir='ltr'>ού</span> <span class='ocrx_word' id='word_1_346' title='bbox 2473 1772 2694 1840; x_wconf 82' lang='grc' dir='ltr'>γέγονεν</span> <span class='ocrx_word' id='word_1_347' title='bbox 2724 1771 3028 1840; x_wconf 78' lang='grc' dir='ltr'>ἄνθρωπος,</span> <span class='ocrx_word' id='word_1_348' title='bbox 3055 1769 3395 1823; x_wconf 81' lang='grc' dir='ltr'>ἀποσειέσθω</span> <span class='ocrx_word' id='word_1_349' title='bbox 3416 1769 3484 1820; x_wconf 83' lang='grc' dir='ltr'>τά</span> <span class='ocrx_word' id='word_1_350' title='bbox 3514 1767 3722 1836; x_wconf 81' lang='grc' dir='ltr'>ἀνθρώ-</span> 
     </span>
    </p>
   </div>
   <div class='ocr_carea' id='block_1_47' title="bbox 2135 1855 3720 1936">
    <p class='ocr_par' dir='ltr' id='par_1_47' title="bbox 2135 1855 3720 1936">
     <span class='ocr_line' id='line_1_47' title="bbox 2135 1855 3720 1936; baseline -0.007 -18"><span class='ocrx_word' id='word_1_351' title='bbox 2135 1883 2290 1927; x_wconf 89' lang='grc' dir='ltr'>πινα,</span> <span class='ocrx_word' id='word_1_352' title='bbox 2341 1864 2717 1936; x_wconf 87' lang='grc' dir='ltr'>παραιτείσθω</span> <span class='ocrx_word' id='word_1_353' title='bbox 2767 1862 2865 1934; x_wconf 79' lang='grc' dir='ltr'>τὴν</span> <span class='ocrx_word' id='word_1_354' title='bbox 2900 1861 3235 1930; x_wconf 74' lang='grc' dir='ltr'>οἰκονομίαν,</span> <span class='ocrx_word' id='word_1_355' title='bbox 3269 1859 3343 1920; x_wconf 91' lang='grc' dir='ltr'>ώς</span> <span class='ocrx_word' id='word_1_356' title='bbox 3390 1860 3448 1910; x_wconf 89' lang='grc' dir='ltr'>ἐν</span> <span class='ocrx_word' id='word_1_357' title='bbox 3499 1855 3720 1925; x_wconf 81' lang='grc' dir='ltr'>μειώσει</span> 
     </span>
    </p>
   </div>
   <div class='ocr_carea' id='block_1_48' title="bbox 2132 1947 3724 2020">
    <p class='ocr_par' dir='ltr' id='par_1_48' title="bbox 2132 1947 3724 2020">
     <span class='ocr_line' id='line_1_48' title="bbox 2132 1947 3724 2020; baseline -0.007 -12"><span class='ocrx_word' id='word_1_358' title='bbox 2132 1956 2378 2010; x_wconf 79' lang='grc' dir='ltr'>τιθεῖσαν</span> <span class='ocrx_word' id='word_1_359' title='bbox 2417 1955 2604 2019; x_wconf 76' lang='grc' dir='ltr'>αὑτὸν,</span> <span class='ocrx_word' id='word_1_360' title='bbox 2640 1955 2733 2007; x_wconf 78' lang='grc' dir='ltr'>καὶ</span> <span class='ocrx_word' id='word_1_361' title='bbox 2764 1955 2860 2020; x_wconf 77' lang='grc' dir='ltr'>τῆς</span> <span class='ocrx_word' id='word_1_362' title='bbox 2891 1953 3154 2007; x_wconf 82' lang='grc' dir='ltr'>ἀνωτάτω</span> <span class='ocrx_word' id='word_1_363' title='bbox 3186 1948 3344 2019; x_wconf 79' lang='grc' dir='ltr'>δόξης</span> <span class='ocrx_word' id='word_1_364' title='bbox 3375 1949 3468 2002; x_wconf 75' lang='grc' dir='ltr'>καὶ</span> <span class='ocrx_word' id='word_1_365' title='bbox 3499 1947 3724 2015; x_wconf 88' lang='grc' dir='ltr'>θεοπρε-</span> 
     </span>
    </p>
   </div>
   <div class='ocr_carea' id='block_1_49' title="bbox 2133 2039 3724 2117">
    <p class='ocr_par' dir='ltr' id='par_1_49' title="bbox 2133 2039 3724 2117">
     <span class='ocr_line' id='line_1_49' title="bbox 2133 2039 3724 2117; baseline -0.006 -18"><span class='ocrx_word' id='word_1_366' title='bbox 2133 2046 2271 2110; x_wconf 87' lang='grc' dir='ltr'>ποῦς</span> <span class='ocrx_word' id='word_1_367' title='bbox 2294 2047 2568 2117; x_wconf 82' lang='grc' dir='ltr'>ὑπεροχῆς</span> <span class='ocrx_word' id='word_1_368' title='bbox 2596 2045 2826 2098; x_wconf 84' lang='grc' dir='ltr'>κατόπιν</span> <span class='ocrx_word' id='word_1_369' title='bbox 2852 2045 3022 2096; x_wconf 78' lang='grc' dir='ltr'>ἱεῖσαν</span> <span class='ocrx_word' id='word_1_370' title='bbox 3045 2059 3056 2070; x_wconf 86' lang='grc'><strong>·</strong></span> <span class='ocrx_word' id='word_1_371' title='bbox 3089 2042 3297 2112; x_wconf 86' lang='grc' dir='ltr'>σμικρά</span> <span class='ocrx_word' id='word_1_372' title='bbox 3321 2040 3430 2110; x_wconf 72' lang='grc' dir='ltr'>γάρ</span> <span class='ocrx_word' id='word_1_373' title='bbox 3461 2039 3538 2108; x_wconf 79' lang='grc' dir='ltr'>τῷ</span> <span class='ocrx_word' id='word_1_374' title='bbox 3566 2040 3724 2107; x_wconf 84' lang='grc' dir='ltr'>Λόγῳ</span> 
     </span>
    </p>
   </div>
   <div class='ocr_carea' id='block_1_50' title="bbox 2133 2133 3725 2210">
    <p class='ocr_par' dir='ltr' id='par_1_50' title="bbox 2133 2133 3725 2210">
     <span class='ocr_line' id='line_1_50' title="bbox 2133 2133 3725 2210; baseline -0.008 -14"><span class='ocrx_word' id='word_1_375' title='bbox 2133 2141 2202 2196; x_wconf 88' lang='grc' dir='ltr'>τά</span> <span class='ocrx_word' id='word_1_376' title='bbox 2235 2140 2355 2194; x_wconf 82' lang='grc' dir='ltr'>καθ’</span> <span class='ocrx_word' id='word_1_377' title='bbox 2383 2142 2551 2210; x_wconf 71' lang='grc' dir='ltr'>ἡμᾶς.</span> <span class='ocrx_word' id='word_1_378' title='bbox 2583 2138 2803 2208; x_wconf 81' lang='grc' dir='ltr'>Ἐπειδὴ</span> <span class='ocrx_word' id='word_1_379' title='bbox 2835 2137 2892 2190; x_wconf 76' lang='grc' dir='ltr'>δὲ</span> <span class='ocrx_word' id='word_1_380' title='bbox 2949 2136 3113 2206; x_wconf 76' lang='grc' dir='ltr'>σοφὸν</span> <span class='ocrx_word' id='word_1_381' title='bbox 3160 2133 3374 2202; x_wconf 82' lang='grc' dir='ltr'>ἀληθῶς</span> <span class='ocrx_word' id='word_1_382' title='bbox 3409 2133 3471 2186; x_wconf 79' lang='grc' dir='ltr'>τὸ</span> <span class='ocrx_word' id='word_1_383' title='bbox 3505 2133 3725 2202; x_wconf 83' lang='grc' dir='ltr'>μυστή-</span> 
     </span>
    </p>
   </div>
   <div class='ocr_carea' id='block_1_51' title="bbox 2136 2224 3724 2304">
    <p class='ocr_par' dir='ltr' id='par_1_51' title="bbox 2136 2224 3724 2304">
     <span class='ocr_line' id='line_1_51' title="bbox 2136 2224 3724 2304; baseline -0.003 -21"><span class='ocrx_word' id='word_1_384' title='bbox 2136 2250 2272 2304; x_wconf 77' lang='grc' dir='ltr'>ριον,</span> <span class='ocrx_word' id='word_1_385' title='bbox 2297 2234 2390 2284; x_wconf 80' lang='grc' dir='ltr'>καὶ</span> <span class='ocrx_word' id='word_1_386' title='bbox 2421 2232 2522 2284; x_wconf 85' lang='grc' dir='ltr'>ούκ</span> <span class='ocrx_word' id='word_1_387' title='bbox 2547 2231 2852 2300; x_wconf 85' lang='grc' dir='ltr'>ἀπόϐλητον</span> <span class='ocrx_word' id='word_1_388' title='bbox 2887 2228 3036 2298; x_wconf 74' lang='grc' dir='ltr'>αῦτῴ</span> <span class='ocrx_word' id='word_1_389' title='bbox 3062 2228 3123 2280; x_wconf 79' lang='grc' dir='ltr'>τὸ</span> <span class='ocrx_word' id='word_1_390' title='bbox 3149 2229 3247 2298; x_wconf 75' lang='grc' dir='ltr'>τῆς</span> <span class='ocrx_word' id='word_1_391' title='bbox 3274 2225 3562 2288; x_wconf 82' lang='grc' dir='ltr'>κενώσεως</span> <span class='ocrx_word' id='word_1_392' title='bbox 3588 2224 3724 2295; x_wconf 80' lang='grc' dir='ltr'>χρῆ-</span> 
     </span>
    </p>
   </div>
   <div class='ocr_carea' id='block_1_52' title="bbox 2137 2316 3726 2395">
    <p class='ocr_par' dir='ltr' id='par_1_52' title="bbox 2137 2316 3726 2395">
     <span class='ocr_line' id='line_1_52' title="bbox 2137 2316 3726 2395; baseline -0.006 -19"><span class='ocrx_word' id='word_1_393' title='bbox 2137 2342 2234 2395; x_wconf 89' lang='grc' dir='ltr'>μα,</span> <span class='ocrx_word' id='word_1_394' title='bbox 2259 2323 2311 2375; x_wconf 94' lang='grc' dir='ltr'>τί</span> <span class='ocrx_word' id='word_1_395' title='bbox 2336 2325 2443 2385; x_wconf 87' lang='grc' dir='ltr'>τοῖς</span> <span class='ocrx_word' id='word_1_396' title='bbox 2471 2321 2646 2393; x_wconf 82' lang='grc' dir='ltr'>ὀρθῶς</span> <span class='ocrx_word' id='word_1_397' title='bbox 2669 2321 2876 2390; x_wconf 78' lang='grc' dir='ltr'>ἔχουσι,</span> <span class='ocrx_word' id='word_1_398' title='bbox 2903 2319 3289 2390; x_wconf 68' lang='grc' dir='ltr'>ῥιψοκινδύνως</span> <span class='ocrx_word' id='word_1_399' title='bbox 3321 2318 3605 2387; x_wconf 74' lang='grc' dir='ltr'>ἐπιτιμᾷς,</span> <span class='ocrx_word' id='word_1_400' title='bbox 3630 2316 3726 2370; x_wconf 77' lang='grc' dir='ltr'>καὶ</span> 
     </span>
    </p>
   </div>
   <div class='ocr_carea' id='block_1_53' title="bbox 2132 2408 3727 2482">
    <p class='ocr_par' dir='ltr' id='par_1_53' title="bbox 2132 2408 3727 2482">
     <span class='ocr_line' id='line_1_53' title="bbox 2132 2408 3727 2482; baseline -0.006 -15"><span class='ocrx_word' id='word_1_401' title='bbox 2132 2414 2195 2467; x_wconf 80' lang='grc' dir='ltr'>τὸ</span> <span class='ocrx_word' id='word_1_402' title='bbox 2222 2417 2341 2477; x_wconf 89' lang='grc' dir='ltr'>ταῖς</span> <span class='ocrx_word' id='word_1_403' title='bbox 2396 2412 2561 2466; x_wconf 70' lang='grc' dir='ltr'>αὑτοῦ</span> <span class='ocrx_word' id='word_1_404' title='bbox 2616 2414 2817 2482; x_wconf 71' lang='grc' dir='ltr'>ψήφοις</span> <span class='ocrx_word' id='word_1_405' title='bbox 2881 2411 3335 2480; x_wconf 76' lang='grc' dir='ltr'>στεφανούμενον,</span> <span class='ocrx_word' id='word_1_406' title='bbox 3380 2409 3459 2473; x_wconf 88' lang='grc' dir='ltr'>ώς</span> <span class='ocrx_word' id='word_1_407' title='bbox 3491 2408 3727 2470; x_wconf 79' lang='grc' dir='ltr'>ἀκαλλὲς</span> 
     </span>
    </p>
   </div>
   <div class='ocr_carea' id='block_1_54' title="bbox 2133 2499 3728 2576">
    <p class='ocr_par' dir='ltr' id='par_1_54' title="bbox 2133 2499 3728 2576">
     <span class='ocr_line' id='line_1_54' title="bbox 2133 2499 3728 2576; baseline -0.006 -17"><span class='ocrx_word' id='word_1_408' title='bbox 2133 2505 2459 2576; x_wconf 58' lang='lat' dir='ltr'><strong>(itm-cpiam</strong></span> <span class='ocrx_word' id='word_1_409' title='bbox 2499 2501 2652 2567; x_wconf 78' lang='grc' dir='ltr'>Εἶδες</span> <span class='ocrx_word' id='word_1_410' title='bbox 2698 2505 2984 2574; x_wconf 72' lang='grc' dir='ltr'>χριόμενον</span> <span class='ocrx_word' id='word_1_411' title='bbox 3017 2502 3412 2573; x_wconf 76' lang='grc' dir='ltr'>ἀνθρωπίνωςς</span> <span class='ocrx_word' id='word_1_412' title='bbox 3480 2502 3585 2571; x_wconf 83' lang='grc' dir='ltr'>ὅρα</span> <span class='ocrx_word' id='word_1_413' title='bbox 3637 2499 3728 2553; x_wconf 84' lang='grc' dir='ltr'>τδν</span> 
     </span>
    </p>
   </div>
   <div class='ocr_carea' id='block_1_55' title="bbox 2134 2594 3729 2668">
    <p class='ocr_par' dir='ltr' id='par_1_55' title="bbox 2134 2594 3729 2668">
     <span class='ocr_line' id='line_1_55' title="bbox 2134 2594 3729 2668; baseline -0.003 -16"><span class='ocrx_word' id='word_1_414' title='bbox 2134 2598 2296 2652; x_wconf 83' lang='grc' dir='ltr'>αὑτὸν</span> <span class='ocrx_word' id='word_1_415' title='bbox 2326 2600 2423 2652; x_wconf 74' lang='grc' dir='ltr'>καὶ</span> <span class='ocrx_word' id='word_1_416' title='bbox 2471 2598 2694 2668; x_wconf 83' lang='grc' dir='ltr'>χρίοντα</span> <span class='ocrx_word' id='word_1_417' title='bbox 2733 2597 2964 2659; x_wconf 78' lang='grc' dir='ltr'>θεῖκῶςο</span> <span class='ocrx_word' id='word_1_418' title='bbox 2997 2597 3305 2666; x_wconf 84' lang='grc' dir='ltr'>γέγραπται</span> <span class='ocrx_word' id='word_1_419' title='bbox 3344 2595 3476 2665; x_wconf 73' lang='grc' dir='ltr'>γὰρ,</span> <span class='ocrx_word' id='word_1_420' title='bbox 3516 2597 3599 2648; x_wconf 86' lang='grc' dir='ltr'>ὃτι</span> <span class='ocrx_word' id='word_1_421' title='bbox 3633 2594 3729 2648; x_wconf 76' lang='grc' dir='ltr'>καὶ</span> 
     </span>
    </p>
   </div>
   <div class='ocr_carea' id='block_1_56' title="bbox 2141 2685 3730 2763">
    <p class='ocr_par' dir='ltr' id='par_1_56' title="bbox 2141 2685 3730 2763">
     <span class='ocr_line' id='line_1_56' title="bbox 2141 2685 3730 2763; baseline -0.004 -18"><span class='ocrx_word' id='word_1_422' title='bbox 2141 2711 2159 2744; x_wconf 76' lang='grc' dir='ltr'>ι</span> <span class='ocrx_word' id='word_1_423' title='bbox 2196 2692 2614 2763; x_wconf 85' lang='grc' dir='ltr'>Ἐμαρτύρησεν</span> <span class='ocrx_word' id='word_1_424' title='bbox 2654 2690 2929 2760; x_wconf 81' lang='grc' dir='ltr'>Ἰωάννης,</span> <span class='ocrx_word' id='word_1_425' title='bbox 2955 2689 3161 2756; x_wconf 76' lang='grc' dir='ltr'>λέγων’</span> <span class='ocrx_word' id='word_1_426' title='bbox 3199 2689 3322 2741; x_wconf 81' lang='grc' dir='ltr'>Ὀτι</span> <span class='ocrx_word' id='word_1_427' title='bbox 3360 2688 3631 2758; x_wconf 83' lang='grc' dir='ltr'>τεθέαμαι</span> <span class='ocrx_word' id='word_1_428' title='bbox 3668 2685 3730 2739; x_wconf 74' lang='grc' dir='ltr'>τὸ</span> 
     </span>
    </p>
   </div>
   <div class='ocr_carea' id='block_1_57' title="bbox 2135 2780 3730 2855">
    <p class='ocr_par' dir='ltr' id='par_1_57' title="bbox 2135 2780 3730 2855">
     <span class='ocr_line' id='line_1_57' title="bbox 2135 2780 3730 2855; baseline -0.004 -17"><span class='ocrx_word' id='word_1_429' title='bbox 2135 2785 2360 2855; x_wconf 89' lang='grc' dir='ltr'>Πνεῦμα</span> <span class='ocrx_word' id='word_1_430' title='bbox 2396 2785 2728 2839; x_wconf 88' lang='grc' dir='ltr'>καταϐαῖνον</span> <span class='ocrx_word' id='word_1_431' title='bbox 2763 2783 2896 2836; x_wconf 74' lang='grc' dir='ltr'>ὡσεὶ</span> <span class='ocrx_word' id='word_1_432' title='bbox 2940 2781 3294 2852; x_wconf 86' lang='grc' dir='ltr'>περιστερὰν,</span> <span class='ocrx_word' id='word_1_433' title='bbox 3320 2782 3413 2833; x_wconf 74' lang='grc' dir='ltr'>καὶ</span> <span class='ocrx_word' id='word_1_434' title='bbox 3449 2781 3614 2850; x_wconf 89' lang='grc' dir='ltr'>μένον</span> <span class='ocrx_word' id='word_1_435' title='bbox 3643 2780 3730 2832; x_wconf 81' lang='grc' dir='ltr'>ἐπ’</span> 
     </span>
    </p>
   </div>
   <div class='ocr_carea' id='block_1_58' title="bbox 2134 2872 3733 2946">
    <p class='ocr_par' dir='ltr' id='par_1_58' title="bbox 2134 2872 3733 2946">
     <span class='ocr_line' id='line_1_58' title="bbox 2134 2872 3733 2946; baseline -0.004 -15"><span class='ocrx_word' id='word_1_436' title='bbox 2134 2878 2297 2931; x_wconf 76' lang='grc' dir='ltr'>αὐτόν</span> <span class='ocrx_word' id='word_1_437' title='bbox 2319 2893 2332 2906; x_wconf 91' lang='grc'><strong>·</strong></span> <span class='ocrx_word' id='word_1_438' title='bbox 2367 2876 2520 2941; x_wconf 85' lang='grc' dir='ltr'>κάγὼ</span> <span class='ocrx_word' id='word_1_439' title='bbox 2547 2877 2649 2929; x_wconf 78' lang='grc' dir='ltr'>οὐκ</span> <span class='ocrx_word' id='word_1_440' title='bbox 2679 2877 2826 2946; x_wconf 71' lang='grc' dir='ltr'>ᾔδειν</span> <span class='ocrx_word' id='word_1_441' title='bbox 2850 2875 3012 2928; x_wconf 81' lang='grc' dir='ltr'>αὐτόν</span> <span class='ocrx_word' id='word_1_442' title='bbox 3035 2891 3050 2905; x_wconf 90' lang='grc'><strong>·</strong></span> <span class='ocrx_word' id='word_1_443' title='bbox 3077 2874 3192 2928; x_wconf 83' lang='grc' dir='ltr'>ἀλλ’</span> <span class='ocrx_word' id='word_1_444' title='bbox 3214 2876 3242 2928; x_wconf 98' lang='lat'>6</span> <span class='ocrx_word' id='word_1_445' title='bbox 3278 2873 3507 2943; x_wconf 69' lang='grc' dir='ltr'>πέμψας</span> <span class='ocrx_word' id='word_1_446' title='bbox 3539 2891 3605 2943; x_wconf 88' lang='grc' dir='ltr'>με</span> <span class='ocrx_word' id='word_1_447' title='bbox 3639 2872 3733 2943; x_wconf 74' lang='grc' dir='ltr'>βα-</span> 
     </span>
    </p>
   </div>
   <div class='ocr_carea' id='block_1_59' title="bbox 2135 2961 3736 3037">
    <p class='ocr_par' dir='ltr' id='par_1_59' title="bbox 2135 2961 3736 3037">
     <span class='ocr_line' id='line_1_59' title="bbox 2135 2961 3736 3037; baseline -0.003 -16"><span class='ocrx_word' id='word_1_448' title='bbox 2135 2968 2346 3033; x_wconf 74' lang='grc' dir='ltr'>πτίζειν</span> <span class='ocrx_word' id='word_1_449' title='bbox 2372 2970 2429 3021; x_wconf 85' lang='grc' dir='ltr'>ἐν</span> <span class='ocrx_word' id='word_1_450' title='bbox 2454 2968 2625 3032; x_wconf 85' lang='grc' dir='ltr'>ῦδατι,</span> <span class='ocrx_word' id='word_1_451' title='bbox 2645 2968 2849 3030; x_wconf 80' lang='grc' dir='ltr'>ἐκεῖνός</span> <span class='ocrx_word' id='word_1_452' title='bbox 2873 2983 2962 3036; x_wconf 90' lang='grc' dir='ltr'>μοι</span> <span class='ocrx_word' id='word_1_453' title='bbox 2992 2961 3145 3019; x_wconf 74' lang='grc' dir='ltr'>εἶπεν</span> <span class='ocrx_word' id='word_1_454' title='bbox 3163 2983 3178 2998; x_wconf 76' lang='grc' dir='ltr'><strong><em>ο</em></strong></span> <span class='ocrx_word' id='word_1_455' title='bbox 3212 2966 3327 3035; x_wconf 77' lang='grc' dir='ltr'>Ἐφ’</span> <span class='ocrx_word' id='word_1_456' title='bbox 3345 2965 3402 3018; x_wconf 87' lang='grc' dir='ltr'>ὃν</span> <span class='ocrx_word' id='word_1_457' title='bbox 3436 2967 3505 3018; x_wconf 82' lang='grc' dir='ltr'>ἂν</span> <span class='ocrx_word' id='word_1_458' title='bbox 3536 2965 3652 3037; x_wconf 76' lang='grc' dir='ltr'>ἴδῃς</span> <span class='ocrx_word' id='word_1_459' title='bbox 3674 2962 3736 3016; x_wconf 80' lang='grc' dir='ltr'>τὸ</span> 
     </span>
    </p>
   </div>
   <div class='ocr_carea' id='block_1_60' title="bbox 2135 3049 3735 3130">
    <p class='ocr_par' dir='ltr' id='par_1_60' title="bbox 2135 3049 3735 3130">
     <span class='ocr_line' id='line_1_60' title="bbox 2135 3049 3735 3130; baseline -0.002 -18"><span class='ocrx_word' id='word_1_460' title='bbox 2135 3059 2359 3130; x_wconf 85' lang='grc' dir='ltr'>Πνεῦμα</span> <span class='ocrx_word' id='word_1_461' title='bbox 2389 3058 2715 3112; x_wconf 87' lang='grc' dir='ltr'>καταϐαῖνον</span> <span class='ocrx_word' id='word_1_462' title='bbox 2744 3058 2838 3111; x_wconf 69' lang='grc' dir='ltr'>καὶ</span> <span class='ocrx_word' id='word_1_463' title='bbox 2855 3057 3014 3128; x_wconf 87' lang='grc' dir='ltr'>μένον</span> <span class='ocrx_word' id='word_1_464' title='bbox 3037 3058 3127 3109; x_wconf 78' lang='grc' dir='ltr'>ἐπ’</span> <span class='ocrx_word' id='word_1_465' title='bbox 3153 3057 3334 3120; x_wconf 80' lang='grc' dir='ltr'>αὑτὸν,</span> <span class='ocrx_word' id='word_1_466' title='bbox 3355 3049 3519 3119; x_wconf 74' lang='grc' dir='ltr'>οὗτός</span> <span class='ocrx_word' id='word_1_467' title='bbox 3535 3057 3685 3109; x_wconf 80' lang='grc' dir='ltr'>ἐστιν</span> <span class='ocrx_word' id='word_1_468' title='bbox 3705 3055 3735 3109; x_wconf 90' lang='lat'>6</span> 
     </span>
    </p>
   </div>
   <div class='ocr_carea' id='block_1_61' title="bbox 2136 3148 3737 3222">
    <p class='ocr_par' dir='ltr' id='par_1_61' title="bbox 2136 3148 3737 3222">
     <span class='ocr_line' id='line_1_61' title="bbox 2136 3148 3737 3222; baseline -0.002 -18"><span class='ocrx_word' id='word_1_469' title='bbox 2136 3151 2415 3222; x_wconf 75' lang='grc' dir='ltr'>βαπτίζων</span> <span class='ocrx_word' id='word_1_470' title='bbox 2447 3152 2504 3204; x_wconf 85' lang='grc' dir='ltr'>ἐν</span> <span class='ocrx_word' id='word_1_471' title='bbox 2537 3150 2614 3221; x_wconf 83' lang='grc' dir='ltr'>τῷ</span> <span class='ocrx_word' id='word_1_472' title='bbox 2634 3150 2915 3220; x_wconf 90' lang='grc' dir='ltr'>Πνεύματι</span> <span class='ocrx_word' id='word_1_473' title='bbox 2945 3149 3022 3219; x_wconf 85' lang='grc' dir='ltr'>τῷ</span> <span class='ocrx_word' id='word_1_474' title='bbox 3045 3149 3216 3218; x_wconf 86' lang='grc' dir='ltr'>ἁγίῳ·</span> <span class='ocrx_word' id='word_1_475' title='bbox 3250 3149 3344 3202; x_wconf 79' lang='grc' dir='ltr'>καὶ</span> <span class='ocrx_word' id='word_1_476' title='bbox 3364 3148 3618 3220; x_wconf 81' lang='grc' dir='ltr'>ἑώρακα,</span> <span class='ocrx_word' id='word_1_477' title='bbox 3642 3148 3737 3203; x_wconf 85' lang='grc' dir='ltr'>καὶ</span> 
     </span>
    </p>
   </div>
   <div class='ocr_carea' id='block_1_62' title="bbox 441 3235 2028 3338">
    <p class='ocr_par' dir='ltr' id='par_1_62' title="bbox 441 3235 2028 3310">
     <span class='ocr_line' id='line_1_62' title="bbox 441 3235 2028 3310; baseline -0.003 -18"><span class='ocrx_word' id='word_1_478' title='bbox 441 3240 666 3310; x_wconf 84' lang='lat' dir='ltr'><strong>majoris</strong></span> <span class='ocrx_word' id='word_1_479' title='bbox 710 3239 976 3309; x_wconf 86' lang='lat' dir='ltr'><strong>largietur</strong></span> <span class='ocrx_word' id='word_1_480' title='bbox 1008 3239 1032 3291; x_wconf 74' lang='grc' dir='ltr'><strong>Τ</strong></span> <span class='ocrx_word' id='word_1_481' title='bbox 1065 3237 1200 3293; x_wconf 87' lang='lat' dir='ltr'><strong>illud</strong></span> <span class='ocrx_word' id='word_1_482' title='bbox 1246 3237 1412 3290; x_wconf 84' lang='lat' dir='ltr'><strong>etiam</strong></span> <span class='ocrx_word' id='word_1_483' title='bbox 1471 3235 1789 3290; x_wconf 88' lang='lat' dir='ltr'><strong>consideres</strong></span> <span class='ocrx_word' id='word_1_484' title='bbox 1843 3235 2028 3299; x_wconf 76' lang='lat' dir='ltr'><strong>velim,</strong></span> 
     </span>
    </p>
   </div>
   <div class='ocr_carea' id='block_1_63' title="bbox 2135 3235 3731 3338">
    <p class='ocr_par' dir='ltr' id='par_1_63' title="bbox 2139 3236 3731 3314">
     <span class='ocr_line' id='line_1_63' title="bbox 2139 3236 3731 3314; baseline -0.002 -19"><span class='ocrx_word' id='word_1_485' title='bbox 2139 3243 2566 3314; x_wconf 80' lang='grc' dir='ltr'>μεμαρτύρηκα,</span> <span class='ocrx_word' id='word_1_486' title='bbox 2614 3243 2696 3296; x_wconf 87' lang='grc' dir='ltr'>ὃτι</span> <span class='ocrx_word' id='word_1_487' title='bbox 2753 3236 2908 3305; x_wconf 70' lang='grc' dir='ltr'>οὗτός</span> <span class='ocrx_word' id='word_1_488' title='bbox 2957 3243 3104 3295; x_wconf 80' lang='grc' dir='ltr'>ἐστιν</span> <span class='ocrx_word' id='word_1_489' title='bbox 3142 3241 3171 3293; x_wconf 90' lang='lat'>6</span> <span class='ocrx_word' id='word_1_490' title='bbox 3205 3240 3332 3304; x_wconf 78' lang='grc' dir='ltr'>Υἱὸς</span> <span class='ocrx_word' id='word_1_491' title='bbox 3375 3241 3477 3294; x_wconf 86' lang='grc' dir='ltr'>τοῦ</span> <span class='ocrx_word' id='word_1_492' title='bbox 3521 3240 3680 3294; x_wconf 85' lang='grc' dir='ltr'>Θεοῦ.</span> <span class='ocrx_word' id='word_1_493' title='bbox 3712 3257 3731 3291; x_wconf 78' lang='grc' dir='ltr'>ι</span> 
     </span>
    </p>
   </div>
   <div class='ocr_carea' id='block_1_64' title="bbox 442 3327 2030 3402">
    <p class='ocr_par' dir='ltr' id='par_1_64' title="bbox 442 3327 2030 3402">
     <span class='ocr_line' id='line_1_64' title="bbox 442 3327 2030 3402; baseline -0.004 -15"><span class='ocrx_word' id='word_1_494' title='bbox 442 3333 590 3387; x_wconf 87' lang='lat' dir='ltr'><strong>illum</strong></span> <span class='ocrx_word' id='word_1_495' title='bbox 617 3334 794 3402; x_wconf 84' lang='lat' dir='ltr'><strong>ipsum</strong></span> <span class='ocrx_word' id='word_1_496' title='bbox 831 3347 998 3401; x_wconf 91' lang='lat' dir='ltr'><strong>super</strong></span> <span class='ocrx_word' id='word_1_497' title='bbox 1034 3346 1196 3400; x_wconf 92' lang='lat' dir='ltr'><strong>quem</strong></span> <span class='ocrx_word' id='word_1_498' title='bbox 1232 3328 1470 3399; x_wconf 88' lang='lat' dir='ltr'><strong>Spiritus</strong></span> <span class='ocrx_word' id='word_1_499' title='bbox 1501 3327 1785 3383; x_wconf 87' lang='lat' dir='ltr'><strong>advolasse</strong></span> <span class='ocrx_word' id='word_1_500' title='bbox 1828 3329 2030 3382; x_wconf 88' lang='lat' dir='ltr'><strong>dicitur</strong></span> 
     </span>
    </p>
   </div>
   <div class='ocr_carea' id='block_1_65' title="bbox 443 3421 2027 3496">
    <p class='ocr_par' dir='ltr' id='par_1_65' title="bbox 443 3421 2027 3496">
     <span class='ocr_line' id='line_1_65' title="bbox 443 3421 2027 3496; baseline -0.006 -15"><span class='ocrx_word' id='word_1_501' title='bbox 443 3437 498 3484; x_wconf 75' lang='lat' dir='ltr'>et</span> <span class='ocrx_word' id='word_1_502' title='bbox 527 3427 793 3482; x_wconf 82' lang='lat' dir='ltr'><strong>mansisse</strong></span> <span class='ocrx_word' id='word_1_503' title='bbox 817 3440 982 3496; x_wconf 89' lang='lat' dir='ltr'><strong>super</strong></span> <span class='ocrx_word' id='word_1_504' title='bbox 1011 3439 1160 3489; x_wconf 89' lang='lat' dir='ltr'><strong>eum,</strong></span> <span class='ocrx_word' id='word_1_505' title='bbox 1189 3423 1244 3477; x_wconf 90' lang='lat' dir='ltr'><strong>in</strong></span> <span class='ocrx_word' id='word_1_506' title='bbox 1281 3421 1486 3491; x_wconf 91' lang='lat' dir='ltr'><strong>Spiritu</strong></span> <span class='ocrx_word' id='word_1_507' title='bbox 1515 3431 1707 3476; x_wconf 88' lang='lat' dir='ltr'><strong>sancto</strong></span> <span class='ocrx_word' id='word_1_508' title='bbox 1730 3421 2027 3489; x_wconf 83' lang='lat' dir='ltr'><strong>baptizare,</strong></span> 
     </span>
    </p>
   </div>
   <div class='ocr_carea' id='block_1_66' title="bbox 2135 3329 3740 3406">
    <p class='ocr_par' dir='ltr' id='par_1_66' title="bbox 2135 3329 3740 3406">
     <span class='ocr_line' id='line_1_66' title="bbox 2135 3329 3740 3406; baseline -0.001 -18"><span class='ocrx_word' id='word_1_509' title='bbox 2135 3333 2281 3405; x_wconf 74' lang='grc' dir='ltr'>Ἀρα</span> <span class='ocrx_word' id='word_1_510' title='bbox 2311 3334 2420 3405; x_wconf 71' lang='grc' dir='ltr'>γὰρ</span> <span class='ocrx_word' id='word_1_511' title='bbox 2454 3334 2872 3406; x_wconf 83' lang='grc' dir='ltr'>ἀνθρωπότητος</span> <span class='ocrx_word' id='word_1_512' title='bbox 2894 3334 3052 3404; x_wconf 70' lang='grc' dir='ltr'>ἔργον</span> <span class='ocrx_word' id='word_1_513' title='bbox 3097 3329 3235 3386; x_wconf 79' lang='grc' dir='ltr'>εἶναι</span> <span class='ocrx_word' id='word_1_514' title='bbox 3281 3332 3389 3404; x_wconf 78' lang='grc' dir='ltr'>φὴς</span> <span class='ocrx_word' id='word_1_515' title='bbox 3434 3334 3500 3387; x_wconf 80' lang='grc' dir='ltr'>τὸ</span> <span class='ocrx_word' id='word_1_516' title='bbox 3544 3333 3740 3404; x_wconf 84' lang='grc' dir='ltr'>βαπτί-</span> 
     </span>
    </p>
   </div>
   <div class='ocr_carea' id='block_1_67' title="bbox 2135 3422 3737 3492">
    <p class='ocr_par' dir='ltr' id='par_1_67' title="bbox 2135 3422 3737 3492">
     <span class='ocr_line' id='line_1_67' title="bbox 2135 3422 3737 3492; baseline -0.004 -14"><span class='ocrx_word' id='word_1_517' title='bbox 2135 3426 2249 3491; x_wconf 79' lang='grc' dir='ltr'>ζειν</span> <span class='ocrx_word' id='word_1_518' title='bbox 2284 3425 2547 3478; x_wconf 86' lang='grc' dir='ltr'>δύνασθαι</span> <span class='ocrx_word' id='word_1_519' title='bbox 2579 3426 2704 3487; x_wconf 75' lang='grc' dir='ltr'>τοὺς</span> <span class='ocrx_word' id='word_1_520' title='bbox 2741 3423 3099 3485; x_wconf 87' lang='grc' dir='ltr'>πιστεύοντας</span> <span class='ocrx_word' id='word_1_521' title='bbox 3146 3423 3203 3475; x_wconf 90' lang='grc' dir='ltr'>ἐν</span> <span class='ocrx_word' id='word_1_522' title='bbox 3239 3422 3378 3492; x_wconf 84' lang='grc' dir='ltr'>ἁγίῳ</span> <span class='ocrx_word' id='word_1_523' title='bbox 3407 3422 3737 3488; x_wconf 73' lang='grc' dir='ltr'>Πνεύματις</span> 
     </span>
    </p>
   </div>
   <div class='ocr_carea' id='block_1_68' title="bbox 441 3511 2030 3589">
    <p class='ocr_par' dir='ltr' id='par_1_68' title="bbox 441 3511 2030 3589">
     <span class='ocr_line' id='line_1_68' title="bbox 441 3511 2030 3589; baseline -0.007 -14"><span class='ocrx_word' id='word_1_524' title='bbox 441 3519 584 3589; x_wconf 82' lang='lat' dir='ltr'><strong>quod</strong></span> <span class='ocrx_word' id='word_1_525' title='bbox 616 3518 867 3574; x_wconf 89' lang='lat' dir='ltr'><strong>videlicet</strong></span> <span class='ocrx_word' id='word_1_526' title='bbox 897 3526 955 3573; x_wconf 95' lang='lat' dir='ltr'>ut</span> <span class='ocrx_word' id='word_1_527' title='bbox 978 3517 1118 3572; x_wconf 90' lang='lat' dir='ltr'><strong>Deus</strong></span> <span class='ocrx_word' id='word_1_528' title='bbox 1147 3516 1434 3570; x_wconf 92' lang='lat' dir='ltr'><strong>credentes</strong></span> <span class='ocrx_word' id='word_1_529' title='bbox 1474 3528 1572 3567; x_wconf 88' lang='lat' dir='ltr'>suo</span> <span class='ocrx_word' id='word_1_530' title='bbox 1604 3511 1807 3582; x_wconf 88' lang='lat' dir='ltr'><strong>Spiritu</strong></span> <span class='ocrx_word' id='word_1_531' title='bbox 1833 3527 2030 3581; x_wconf 87' lang='lat' dir='ltr'><strong>perun-</strong></span> 
     </span>
    </p>
   </div>
   <div class='ocr_carea' id='block_1_69' title="bbox 438 3604 2029 3678">
    <p class='ocr_par' dir='ltr' id='par_1_69' title="bbox 438 3604 2029 3678">
     <span class='ocr_line' id='line_1_69' title="bbox 438 3604 2029 3678; baseline -0.004 -15"><span class='ocrx_word' id='word_1_532' title='bbox 438 3620 529 3676; x_wconf 77' lang='lat' dir='ltr'>gat</span> <span class='ocrx_word' id='word_1_533' title='bbox 554 3628 570 3677; x_wconf 86' lang='lat'><strong>;</strong></span> <span class='ocrx_word' id='word_1_534' title='bbox 604 3610 788 3678; x_wconf 82' lang='lat' dir='ltr'><strong>itaque</strong></span> <span class='ocrx_word' id='word_1_535' title='bbox 806 3609 1001 3663; x_wconf 76' lang='lat' dir='ltr'><strong>revixit</strong></span> <span class='ocrx_word' id='word_1_536' title='bbox 1030 3622 1061 3663; x_wconf 91' lang='lat' dir='ltr'>e</span> <span class='ocrx_word' id='word_1_537' title='bbox 1095 3607 1345 3669; x_wconf 87' lang='lat' dir='ltr'><strong>mortuis.</strong></span> <span class='ocrx_word' id='word_1_538' title='bbox 1375 3617 1429 3662; x_wconf 94' lang='lat' dir='ltr'>et</span> <span class='ocrx_word' id='word_1_539' title='bbox 1453 3604 1750 3660; x_wconf 83' lang='lat' dir='ltr'><strong>insumavit</strong></span> <span class='ocrx_word' id='word_1_540' title='bbox 1781 3605 1833 3658; x_wconf 94' lang='lat' dir='ltr'>in</span> <span class='ocrx_word' id='word_1_541' title='bbox 1863 3604 2029 3658; x_wconf 88' lang='lat' dir='ltr'><strong>disci-</strong></span> 
     </span>
    </p>
   </div>
   <div class='ocr_carea' id='block_1_70' title="bbox 440 3695 2024 3767">
    <p class='ocr_par' dir='ltr' id='par_1_70' title="bbox 440 3695 2024 3767">
     <span class='ocr_line' id='line_1_70' title="bbox 440 3695 2024 3767; baseline -0.004 -16"><span class='ocrx_word' id='word_1_542' title='bbox 440 3699 618 3767; x_wconf 85' lang='lat' dir='ltr'><strong>pulos,</strong></span> <span class='ocrx_word' id='word_1_543' title='bbox 671 3700 895 3754; x_wconf 90' lang='lat' dir='ltr'><strong>dicens:</strong></span> <span class='ocrx_word' id='word_1_544' title='bbox 925 3717 945 3750; x_wconf 74' lang='grc' dir='ltr'>ι</span> <span class='ocrx_word' id='word_1_545' title='bbox 1000 3697 1246 3766; x_wconf 75' lang='lat' dir='ltr'><strong>Accipite</strong></span> <span class='ocrx_word' id='word_1_546' title='bbox 1293 3695 1558 3766; x_wconf 90' lang='lat' dir='ltr'><strong>Spiritum</strong></span> <span class='ocrx_word' id='word_1_547' title='bbox 1599 3705 1850 3750; x_wconf 89' lang='lat' dir='ltr'><strong>sanctum</strong></span> <span class='ocrx_word' id='word_1_548' title='bbox 1881 3695 1926 3727; x_wconf 88' lang='lat'>&quot;</span> <span class='ocrx_word' id='word_1_549' title='bbox 1955 3711 1971 3760; x_wconf 84' lang='lat'><strong>;</strong></span> <span class='ocrx_word' id='word_1_550' title='bbox 2005 3712 2024 3745; x_wconf 73' lang='grc' dir='ltr'>ι</span> 
     </span>
    </p>
   </div>
   <div class='ocr_carea' id='block_1_71' title="bbox 439 3786 2028 3860">
    <p class='ocr_par' dir='ltr' id='par_1_71' title="bbox 439 3786 2028 3860">
     <span class='ocr_line' id='line_1_71' title="bbox 439 3786 2028 3860; baseline -0.003 -18"><span class='ocrx_word' id='word_1_551' title='bbox 439 3807 604 3860; x_wconf 85' lang='lat' dir='ltr'><strong>quem</strong></span> <span class='ocrx_word' id='word_1_552' title='bbox 653 3790 743 3860; x_wconf 85' lang='lat' dir='ltr'>qui</span> <span class='ocrx_word' id='word_1_553' title='bbox 787 3798 1131 3860; x_wconf 88' lang='lat' dir='ltr'><strong>acceperant,</strong></span> <span class='ocrx_word' id='word_1_554' title='bbox 1168 3789 1463 3844; x_wconf 90' lang='lat' dir='ltr'><strong>dicebant:</strong></span> <span class='ocrx_word' id='word_1_555' title='bbox 1501 3805 1520 3840; x_wconf 80' lang='grc' dir='ltr'>ι</span> <span class='ocrx_word' id='word_1_556' title='bbox 1569 3786 1677 3842; x_wconf 81' lang='lat' dir='ltr'><strong>Nos</strong></span> <span class='ocrx_word' id='word_1_557' title='bbox 1705 3796 1886 3841; x_wconf 91' lang='lat' dir='ltr'><strong>autem</strong></span> <span class='ocrx_word' id='word_1_558' title='bbox 1922 3801 2028 3840; x_wconf 89' lang='lat' dir='ltr'>non</span> 
     </span>
    </p>
   </div>
   <div class='ocr_carea' id='block_1_72' title="bbox 439 3877 2028 3954">
    <p class='ocr_par' dir='ltr' id='par_1_72' title="bbox 439 3877 2028 3954">
     <span class='ocr_line' id='line_1_72' title="bbox 439 3877 2028 3954; baseline -0.004 -16"><span class='ocrx_word' id='word_1_559' title='bbox 439 3886 694 3953; x_wconf 89' lang='lat' dir='ltr'><strong>spiritum</strong></span> <span class='ocrx_word' id='word_1_560' title='bbox 748 3884 908 3954; x_wconf 88' lang='lat' dir='ltr'><strong>hujus</strong></span> <span class='ocrx_word' id='word_1_561' title='bbox 936 3884 1123 3938; x_wconf 90' lang='lat' dir='ltr'><strong>mundi</strong></span> <span class='ocrx_word' id='word_1_562' title='bbox 1154 3882 1490 3953; x_wconf 83' lang='lat' dir='ltr'><strong>accepimus,</strong></span> <span class='ocrx_word' id='word_1_563' title='bbox 1515 3883 1610 3937; x_wconf 90' lang='lat' dir='ltr'>sed</span> <span class='ocrx_word' id='word_1_564' title='bbox 1633 3880 1898 3950; x_wconf 90' lang='lat' dir='ltr'><strong>Spiritum</strong></span> <span class='ocrx_word' id='word_1_565' title='bbox 1934 3877 2028 3948; x_wconf 91' lang='lat' dir='ltr'>qui</span> 
     </span>
    </p>
   </div>
   <div class='ocr_carea' id='block_1_73' title="bbox 439 3975 2028 4046">
    <p class='ocr_par' dir='ltr' id='par_1_73' title="bbox 439 3975 2028 4046">
     <span class='ocr_line' id='line_1_73' title="bbox 439 3975 2028 4046; baseline -0.002 -16"><span class='ocrx_word' id='word_1_566' title='bbox 439 3992 504 4030; x_wconf 79' lang='lat' dir='ltr'><strong>ex</strong></span> <span class='ocrx_word' id='word_1_567' title='bbox 537 3977 646 4032; x_wconf 90' lang='lat' dir='ltr'>Deo</span> <span class='ocrx_word' id='word_1_568' title='bbox 668 3986 772 4041; x_wconf 86' lang='lat' dir='ltr'><strong>est,</strong></span> <span class='ocrx_word' id='word_1_569' title='bbox 805 3984 862 4031; x_wconf 89' lang='lat' dir='ltr'>ut</span> <span class='ocrx_word' id='word_1_570' title='bbox 893 3978 1134 4033; x_wconf 87' lang='lat' dir='ltr'><strong>sciamus</strong></span> <span class='ocrx_word' id='word_1_571' title='bbox 1165 3992 1289 4046; x_wconf 75' lang='lat' dir='ltr'><strong>qua:</strong></span> <span class='ocrx_word' id='word_1_572' title='bbox 1324 3992 1354 4031; x_wconf 92' lang='lat' dir='ltr'>a</span> <span class='ocrx_word' id='word_1_573' title='bbox 1405 3977 1516 4030; x_wconf 81' lang='lat' dir='ltr'>Deo</span> <span class='ocrx_word' id='word_1_574' title='bbox 1551 3975 1750 4030; x_wconf 86' lang='lat' dir='ltr'><strong>donata</strong></span> <span class='ocrx_word' id='word_1_575' title='bbox 1776 3983 1906 4030; x_wconf 87' lang='lat' dir='ltr'><strong>sunt</strong></span> <span class='ocrx_word' id='word_1_576' title='bbox 1929 3988 2028 4028; x_wconf 86' lang='lat' dir='ltr'><strong>no-</strong></span> 
     </span>
    </p>
   </div>
   <div class='ocr_carea' id='block_1_74' title="bbox 441 4067 2028 4134">
    <p class='ocr_par' dir='ltr' id='par_1_74' title="bbox 441 4067 2028 4134">
     <span class='ocr_line' id='line_1_74' title="bbox 441 4067 2028 4134; baseline 0.001 -13"><span class='ocrx_word' id='word_1_577' title='bbox 441 4070 525 4124; x_wconf 89' lang='lat' dir='ltr'>bis</span> <span class='ocrx_word' id='word_1_578' title='bbox 547 4069 618 4122; x_wconf 84' lang='lat'><strong>&quot;.</strong></span> <span class='ocrx_word' id='word_1_579' title='bbox 657 4088 676 4122; x_wconf 80' lang='grc' dir='ltr'>ι</span> <span class='ocrx_word' id='word_1_580' title='bbox 703 4067 906 4124; x_wconf 87' lang='lat' dir='ltr'><strong>Scribit</strong></span> <span class='ocrx_word' id='word_1_581' title='bbox 939 4069 1103 4124; x_wconf 91' lang='lat' dir='ltr'><strong>etiam</strong></span> <span class='ocrx_word' id='word_1_582' title='bbox 1134 4069 1330 4124; x_wconf 89' lang='lat' dir='ltr'><strong>beatus</strong></span> <span class='ocrx_word' id='word_1_583' title='bbox 1362 4067 1606 4124; x_wconf 87' lang='lat' dir='ltr'><strong>Paulus:</strong></span> <span class='ocrx_word' id='word_1_584' title='bbox 1642 4085 1661 4120; x_wconf 76' lang='grc' dir='ltr'>ι</span> <span class='ocrx_word' id='word_1_585' title='bbox 1699 4067 1800 4134; x_wconf 87' lang='lat' dir='ltr'>Qui</span> <span class='ocrx_word' id='word_1_586' title='bbox 1843 4077 2028 4122; x_wconf 90' lang='lat' dir='ltr'><strong>autem</strong></span> 
     </span>
    </p>
   </div>
   <div class='ocr_carea' id='block_1_75' title="bbox 441 4158 2028 4231">
    <p class='ocr_par' dir='ltr' id='par_1_75' title="bbox 441 4158 2028 4231">
     <span class='ocr_line' id='line_1_75' title="bbox 441 4158 2028 4231; baseline -0.001 -17"><span class='ocrx_word' id='word_1_587' title='bbox 441 4163 494 4214; x_wconf 91' lang='lat' dir='ltr'><strong>in</strong></span> <span class='ocrx_word' id='word_1_588' title='bbox 523 4175 688 4216; x_wconf 87' lang='lat' dir='ltr'><strong>carne</strong></span> <span class='ocrx_word' id='word_1_589' title='bbox 733 4170 880 4227; x_wconf 91' lang='lat' dir='ltr'><strong>sunt,</strong></span> <span class='ocrx_word' id='word_1_590' title='bbox 923 4159 1037 4216; x_wconf 89' lang='lat' dir='ltr'>Deo</span> <span class='ocrx_word' id='word_1_591' title='bbox 1064 4161 1278 4231; x_wconf 90' lang='lat' dir='ltr'><strong>placere</strong></span> <span class='ocrx_word' id='word_1_592' title='bbox 1308 4175 1414 4215; x_wconf 91' lang='lat' dir='ltr'>non</span> <span class='ocrx_word' id='word_1_593' title='bbox 1446 4167 1690 4230; x_wconf 87' lang='lat' dir='ltr'><strong>possunt.</strong></span> <span class='ocrx_word' id='word_1_594' title='bbox 1716 4158 1825 4213; x_wconf 77' lang='lat' dir='ltr'>Vos</span> <span class='ocrx_word' id='word_1_595' title='bbox 1847 4168 2028 4213; x_wconf 88' lang='lat' dir='ltr'><strong>autem</strong></span> 
     </span>
    </p>
   </div>
   <div class='ocr_carea' id='block_1_76' title="bbox 441 4248 2031 4322">
    <p class='ocr_par' dir='ltr' id='par_1_76' title="bbox 441 4248 2031 4322">
     <span class='ocr_line' id='line_1_76' title="bbox 441 4248 2031 4322; baseline -0.003 -16"><span class='ocrx_word' id='word_1_596' title='bbox 441 4269 550 4306; x_wconf 91' lang='lat' dir='ltr'>non</span> <span class='ocrx_word' id='word_1_597' title='bbox 607 4253 741 4307; x_wconf 85' lang='lat' dir='ltr'><strong>estis</strong></span> <span class='ocrx_word' id='word_1_598' title='bbox 770 4253 822 4307; x_wconf 92' lang='lat' dir='ltr'>in</span> <span class='ocrx_word' id='word_1_599' title='bbox 860 4268 1046 4318; x_wconf 87' lang='lat' dir='ltr'><strong>carne,</strong></span> <span class='ocrx_word' id='word_1_600' title='bbox 1095 4253 1191 4308; x_wconf 87' lang='lat' dir='ltr'>sed</span> <span class='ocrx_word' id='word_1_601' title='bbox 1233 4254 1286 4308; x_wconf 91' lang='lat' dir='ltr'><strong>in</strong></span> <span class='ocrx_word' id='word_1_602' title='bbox 1330 4251 1546 4322; x_wconf 89' lang='lat' dir='ltr'><strong>spiritu,</strong></span> <span class='ocrx_word' id='word_1_603' title='bbox 1604 4248 1872 4318; x_wconf 89' lang='lat' dir='ltr'><strong>siquidem</strong></span> <span class='ocrx_word' id='word_1_604' title='bbox 1909 4248 2031 4317; x_wconf 89' lang='lat' dir='ltr'><strong>Spi-</strong></span> 
     </span>
    </p>
   </div>
   <div class='ocr_carea' id='block_1_77' title="bbox 2134 3514 3740 3586">
    <p class='ocr_par' dir='ltr' id='par_1_77' title="bbox 2134 3514 3740 3586">
     <span class='ocr_line' id='line_1_77' title="bbox 2134 3514 3740 3586; baseline -0.003 -16"><span class='ocrx_word' id='word_1_605' title='bbox 2134 3518 2314 3571; x_wconf 89' lang='grc' dir='ltr'>καίτοι</span> <span class='ocrx_word' id='word_1_606' title='bbox 2345 3516 2459 3579; x_wconf 84' lang='grc' dir='ltr'>πῶς</span> <span class='ocrx_word' id='word_1_607' title='bbox 2485 3517 2585 3569; x_wconf 76' lang='grc' dir='ltr'>οὐκ</span> <span class='ocrx_word' id='word_1_608' title='bbox 2619 3516 2815 3586; x_wconf 76' lang='grc' dir='ltr'>εὔηθες</span> <span class='ocrx_word' id='word_1_609' title='bbox 2843 3516 2903 3568; x_wconf 76' lang='grc' dir='ltr'>τὸ</span> <span class='ocrx_word' id='word_1_610' title='bbox 2940 3515 3084 3568; x_wconf 76' lang='grc' dir='ltr'>οὕτω</span> <span class='ocrx_word' id='word_1_611' title='bbox 3123 3514 3268 3584; x_wconf 83' lang='grc' dir='ltr'>ἔχειν</span> <span class='ocrx_word' id='word_1_612' title='bbox 3291 3514 3516 3567; x_wconf 80' lang='grc' dir='ltr'>οίεσΘαι</span> <span class='ocrx_word' id='word_1_613' title='bbox 3543 3514 3703 3568; x_wconf 84' lang='grc' dir='ltr'>ταυτί</span> <span class='ocrx_word' id='word_1_614' title='bbox 3727 3529 3740 3576; x_wconf 87' lang='lat'><strong>;</strong></span> 
     </span>
    </p>
   </div>
   <div class='ocr_carea' id='block_1_78' title="bbox 2134 3607 3747 3680">
    <p class='ocr_par' dir='ltr' id='par_1_78' title="bbox 2134 3607 3747 3680">
     <span class='ocr_line' id='line_1_78' title="bbox 2134 3607 3747 3680; baseline -0.001 -18"><span class='ocrx_word' id='word_1_615' title='bbox 2134 3609 2259 3673; x_wconf 84' lang='grc' dir='ltr'>Πῶς</span> <span class='ocrx_word' id='word_1_616' title='bbox 2291 3609 2401 3680; x_wconf 78' lang='grc' dir='ltr'>γὰρ</span> <span class='ocrx_word' id='word_1_617' title='bbox 2435 3611 2497 3662; x_wconf 84' lang='grc' dir='ltr'>τὸ</span> <span class='ocrx_word' id='word_1_618' title='bbox 2541 3611 2692 3678; x_wconf 89' lang='grc' dir='ltr'>μεῖον</span> <span class='ocrx_word' id='word_1_619' title='bbox 2733 3609 2832 3677; x_wconf 82' lang='grc' dir='ltr'>τὴν</span> <span class='ocrx_word' id='word_1_620' title='bbox 2866 3607 2962 3661; x_wconf 86' lang='grc' dir='ltr'>τοῦ</span> <span class='ocrx_word' id='word_1_621' title='bbox 2998 3607 3332 3677; x_wconf 73' lang='grc' dir='ltr'>προῦχοντος</span> <span class='ocrx_word' id='word_1_622' title='bbox 3371 3607 3747 3678; x_wconf 75' lang='grc' dir='ltr'>ἀσυγκρίτωε</span> 
     </span>
    </p>
   </div>
   <div class='ocr_carea' id='block_1_79' title="bbox 2133 3697 3748 3772">
    <p class='ocr_par' dir='ltr' id='par_1_79' title="bbox 2133 3697 3748 3772">
     <span class='ocr_line' id='line_1_79' title="bbox 2133 3697 3748 3772; baseline -0.004 -18"><span class='ocrx_word' id='word_1_623' title='bbox 2133 3705 2403 3772; x_wconf 87' lang='grc' dir='ltr'>χαριεῖται</span> <span class='ocrx_word' id='word_1_624' title='bbox 2431 3699 2678 3771; x_wconf 78' lang='grc' dir='ltr'>μέθεξιν;</span> <span class='ocrx_word' id='word_1_625' title='bbox 2709 3701 2899 3771; x_wconf 78' lang='grc' dir='ltr'>’Δθρει</span> <span class='ocrx_word' id='word_1_626' title='bbox 2920 3700 2975 3752; x_wconf 82' lang='grc' dir='ltr'>δὲ</span> <span class='ocrx_word' id='word_1_627' title='bbox 3007 3701 3089 3753; x_wconf 81' lang='grc' dir='ltr'>ὅτι</span> <span class='ocrx_word' id='word_1_628' title='bbox 3116 3699 3275 3762; x_wconf 78' lang='grc' dir='ltr'>αὐτὸς</span> <span class='ocrx_word' id='word_1_629' title='bbox 3293 3699 3538 3762; x_wconf 64' lang='grc' dir='ltr'>ἐκεῖνος,</span> <span class='ocrx_word' id='word_1_630' title='bbox 3573 3701 3663 3767; x_wconf 73' lang='grc' dir='ltr'>ἐφ’</span> <span class='ocrx_word' id='word_1_631' title='bbox 3690 3697 3748 3750; x_wconf 78' lang='grc' dir='ltr'>ὃν</span> 
     </span>
    </p>
   </div>
   <div class='ocr_carea' id='block_1_80' title="bbox 2135 3787 3739 3862">
    <p class='ocr_par' dir='ltr' id='par_1_80' title="bbox 2135 3787 3739 3862">
     <span class='ocr_line' id='line_1_80' title="bbox 2135 3787 3739 3862; baseline -0.004 -18"><span class='ocrx_word' id='word_1_632' title='bbox 2135 3792 2484 3862; x_wconf 80' lang='grc' dir='ltr'>καταπτῆναι</span> <span class='ocrx_word' id='word_1_633' title='bbox 2511 3792 2572 3844; x_wconf 82' lang='grc' dir='ltr'>τὸ</span> <span class='ocrx_word' id='word_1_634' title='bbox 2602 3791 2828 3862; x_wconf 87' lang='grc' dir='ltr'>Πνεῦμα</span> <span class='ocrx_word' id='word_1_635' title='bbox 2857 3791 3097 3859; x_wconf 86' lang='grc' dir='ltr'>λέγεται,</span> <span class='ocrx_word' id='word_1_636' title='bbox 3131 3788 3310 3860; x_wconf 87' lang='grc' dir='ltr'>μεῖναί</span> <span class='ocrx_word' id='word_1_637' title='bbox 3335 3805 3395 3842; x_wconf 88' lang='grc' dir='ltr'>τε</span> <span class='ocrx_word' id='word_1_638' title='bbox 3433 3790 3526 3841; x_wconf 80' lang='grc' dir='ltr'>ἐπ’</span> <span class='ocrx_word' id='word_1_639' title='bbox 3554 3787 3739 3845; x_wconf 84' lang='grc' dir='ltr'>αὑτὸν.</span> 
     </span>
    </p>
   </div>
   <div class='ocr_carea' id='block_1_81' title="bbox 2134 3883 3743 3955">
    <p class='ocr_par' dir='ltr' id='par_1_81' title="bbox 2134 3883 3743 3955">
     <span class='ocr_line' id='line_1_81' title="bbox 2134 3883 3743 3955; baseline -0.003 -19"><span class='ocrx_word' id='word_1_640' title='bbox 2134 3883 2194 3936; x_wconf 84' lang='grc' dir='ltr'>ὲν</span> <span class='ocrx_word' id='word_1_641' title='bbox 2224 3884 2365 3953; x_wconf 83' lang='grc' dir='ltr'>ἁγίῳ</span> <span class='ocrx_word' id='word_1_642' title='bbox 2403 3883 2658 3954; x_wconf 77' lang='grc' dir='ltr'>βαπτίζει</span> <span class='ocrx_word' id='word_1_643' title='bbox 2690 3884 2970 3955; x_wconf 88' lang='grc' dir='ltr'>Πνεύματι</span> <span class='ocrx_word' id='word_1_644' title='bbox 2996 3925 3011 3949; x_wconf 96' lang='grc'>,</span> <span class='ocrx_word' id='word_1_645' title='bbox 3047 3883 3364 3954; x_wconf 77' lang='grc' dir='ltr'>κατάχρεων</span> <span class='ocrx_word' id='word_1_646' title='bbox 3395 3883 3457 3936; x_wconf 78' lang='grc' dir='ltr'>δὲ</span> <span class='ocrx_word' id='word_1_647' title='bbox 3493 3883 3743 3953; x_wconf 84' lang='grc' dir='ltr'>δηλονότι</span> 
     </span>
    </p>
   </div>
   <div class='ocr_carea' id='block_1_82' title="bbox 2133 3974 3744 4046">
    <p class='ocr_par' dir='ltr' id='par_1_82' title="bbox 2133 3974 3744 4046">
     <span class='ocr_line' id='line_1_82' title="bbox 2133 3974 3744 4046; baseline -0.001 -19"><span class='ocrx_word' id='word_1_648' title='bbox 2133 3977 2261 4038; x_wconf 80' lang='grc' dir='ltr'>τοὺς</span> <span class='ocrx_word' id='word_1_649' title='bbox 2292 3977 2649 4040; x_wconf 84' lang='grc' dir='ltr'>πιστεύοντας</span> <span class='ocrx_word' id='word_1_650' title='bbox 2682 3977 2757 4040; x_wconf 90' lang='grc' dir='ltr'>ώς</span> <span class='ocrx_word' id='word_1_651' title='bbox 2803 3978 2936 4040; x_wconf 85' lang='grc' dir='ltr'>Θεὸς</span> <span class='ocrx_word' id='word_1_652' title='bbox 2988 3976 3069 4046; x_wconf 82' lang='grc' dir='ltr'>τῷ</span> <span class='ocrx_word' id='word_1_653' title='bbox 3128 3976 3245 4046; x_wconf 86' lang='grc' dir='ltr'>ίδίῳ</span> <span class='ocrx_word' id='word_1_654' title='bbox 3280 3975 3574 4046; x_wconf 85' lang='grc' dir='ltr'>Πνεύματι</span> <span class='ocrx_word' id='word_1_655' title='bbox 3597 3992 3610 4005; x_wconf 89' lang='grc'><strong>·</strong></span> <span class='ocrx_word' id='word_1_656' title='bbox 3648 3974 3744 4027; x_wconf 75' lang='grc' dir='ltr'>καὶ</span> 
     </span>
    </p>
   </div>
   <div class='ocr_carea' id='block_1_83' title="bbox 2135 4072 3745 4144">
    <p class='ocr_par' dir='ltr' id='par_1_83' title="bbox 2135 4072 3745 4144">
     <span class='ocr_line' id='line_1_83' title="bbox 2135 4072 3745 4144; baseline -0.002 -17"><span class='ocrx_word' id='word_1_657' title='bbox 2135 4073 2268 4142; x_wconf 90' lang='grc' dir='ltr'>γοῦν</span> <span class='ocrx_word' id='word_1_658' title='bbox 2299 4074 2501 4128; x_wconf 88' lang='grc' dir='ltr'>ἀνεϐίω</span> <span class='ocrx_word' id='word_1_659' title='bbox 2534 4073 2636 4144; x_wconf 77' lang='grc' dir='ltr'>μὲν</span> <span class='ocrx_word' id='word_1_660' title='bbox 2669 4076 2733 4126; x_wconf 83' lang='grc' dir='ltr'>ἐκ</span> <span class='ocrx_word' id='word_1_661' title='bbox 2768 4073 3003 4144; x_wconf 83' lang='grc' dir='ltr'>νεκρῶν,</span> <span class='ocrx_word' id='word_1_662' title='bbox 3042 4073 3349 4143; x_wconf 83' lang='grc' dir='ltr'>ἐνεφύσησε</span> <span class='ocrx_word' id='word_1_663' title='bbox 3375 4072 3435 4126; x_wconf 84' lang='grc' dir='ltr'>δὲ</span> <span class='ocrx_word' id='word_1_664' title='bbox 3471 4075 3592 4135; x_wconf 88' lang='grc' dir='ltr'>τοῖς</span> <span class='ocrx_word' id='word_1_665' title='bbox 3636 4089 3745 4142; x_wconf 92' lang='grc' dir='ltr'>μα-</span> 
     </span>
    </p>
   </div>
   <div class='ocr_carea' id='block_1_84' title="bbox 2135 4153 3744 4236">
    <p class='ocr_par' dir='ltr' id='par_1_84' title="bbox 2135 4153 3744 4236">
     <span class='ocr_line' id='line_1_84' title="bbox 2135 4153 3744 4236; baseline -0.002 -17"><span class='ocrx_word' id='word_1_666' title='bbox 2135 4165 2349 4236; x_wconf 87' lang='grc' dir='ltr'>θηταῖς,</span> <span class='ocrx_word' id='word_1_667' title='bbox 2390 4153 2600 4235; x_wconf 77' lang='grc' dir='ltr'>λέγων·</span> <span class='ocrx_word' id='word_1_668' title='bbox 2631 4185 2650 4218; x_wconf 76' lang='grc' dir='ltr'>ι</span> <span class='ocrx_word' id='word_1_669' title='bbox 2673 4167 2882 4222; x_wconf 86' lang='grc' dir='ltr'>Λάϐετε</span> <span class='ocrx_word' id='word_1_670' title='bbox 2916 4164 3142 4235; x_wconf 87' lang='grc' dir='ltr'>Πνεῦμα</span> <span class='ocrx_word' id='word_1_671' title='bbox 3179 4164 3370 4232; x_wconf 73' lang='grc' dir='ltr'>ἅγιον·</span> <span class='ocrx_word' id='word_1_672' title='bbox 3407 4184 3426 4215; x_wconf 75' lang='grc' dir='ltr'>ι</span> <span class='ocrx_word' id='word_1_673' title='bbox 3467 4166 3521 4217; x_wconf 81' lang='grc' dir='ltr'>οἱ</span> <span class='ocrx_word' id='word_1_674' title='bbox 3550 4165 3610 4217; x_wconf 84' lang='grc' dir='ltr'>δέ</span> <span class='ocrx_word' id='word_1_675' title='bbox 3646 4164 3744 4216; x_wconf 88' lang='grc' dir='ltr'>λα-</span> 
     </span>
    </p>
   </div>
   <div class='ocr_carea' id='block_1_85' title="bbox 2134 4251 3747 4324">
    <p class='ocr_par' dir='ltr' id='par_1_85' title="bbox 2134 4251 3747 4324">
     <span class='ocr_line' id='line_1_85' title="bbox 2134 4251 3747 4324; baseline -0.002 -18"><span class='ocrx_word' id='word_1_676' title='bbox 2134 4253 2323 4316; x_wconf 86' lang='grc' dir='ltr'>ϐόντες</span> <span class='ocrx_word' id='word_1_677' title='bbox 2355 4255 2549 4322; x_wconf 77' lang='grc' dir='ltr'>φασίνο</span> <span class='ocrx_word' id='word_1_678' title='bbox 2589 4273 2608 4305; x_wconf 72' lang='grc' dir='ltr'>ι</span> <span class='ocrx_word' id='word_1_679' title='bbox 2633 4255 2822 4324; x_wconf 88' lang='grc' dir='ltr'>Ἡμεῖς</span> <span class='ocrx_word' id='word_1_680' title='bbox 2855 4252 2915 4306; x_wconf 72' lang='grc' dir='ltr'>δὲ</span> <span class='ocrx_word' id='word_1_681' title='bbox 2947 4253 3008 4306; x_wconf 82' lang='grc' dir='ltr'>οὺ</span> <span class='ocrx_word' id='word_1_682' title='bbox 3057 4253 3121 4304; x_wconf 81' lang='grc' dir='ltr'>τὸ</span> <span class='ocrx_word' id='word_1_683' title='bbox 3141 4251 3359 4322; x_wconf 88' lang='grc' dir='ltr'>πνεῦμα</span> <span class='ocrx_word' id='word_1_684' title='bbox 3395 4251 3496 4306; x_wconf 93' lang='grc' dir='ltr'>τοῦ</span> <span class='ocrx_word' id='word_1_685' title='bbox 3530 4251 3747 4324; x_wconf 84' lang='grc' dir='ltr'>κόσμου</span> 
     </span>
    </p>
   </div>
   <div class='ocr_carea' id='block_1_86' title="bbox 439 4338 2028 4415">
    <p class='ocr_par' dir='ltr' id='par_1_86' title="bbox 439 4338 2028 4412">
     <span class='ocr_line' id='line_1_86' title="bbox 439 4338 2028 4412; baseline -0.003 -16"><span class='ocrx_word' id='word_1_686' title='bbox 439 4345 581 4400; x_wconf 87' lang='lat' dir='ltr'><strong>ritus</strong></span> <span class='ocrx_word' id='word_1_687' title='bbox 612 4343 704 4400; x_wconf 91' lang='lat' dir='ltr'>Dei</span> <span class='ocrx_word' id='word_1_688' title='bbox 743 4345 954 4399; x_wconf 86' lang='lat' dir='ltr'><strong>habitat</strong></span> <span class='ocrx_word' id='word_1_689' title='bbox 994 4344 1048 4399; x_wconf 93' lang='lat' dir='ltr'>in</span> <span class='ocrx_word' id='word_1_690' title='bbox 1083 4345 1255 4400; x_wconf 89' lang='lat' dir='ltr'><strong>vobis.</strong></span> <span class='ocrx_word' id='word_1_691' title='bbox 1291 4343 1349 4399; x_wconf 91' lang='lat' dir='ltr'>Si</span> <span class='ocrx_word' id='word_1_692' title='bbox 1391 4343 1514 4412; x_wconf 89' lang='lat' dir='ltr'><strong>quis</strong></span> <span class='ocrx_word' id='word_1_693' title='bbox 1547 4349 1730 4396; x_wconf 88' lang='lat' dir='ltr'><strong>autem</strong></span> <span class='ocrx_word' id='word_1_694' title='bbox 1763 4338 2028 4409; x_wconf 87' lang='lat' dir='ltr'><strong>Spiritum</strong></span> 
     </span>
    </p>
   </div>
   <div class='ocr_carea' id='block_1_87' title="bbox 2135 4338 3749 4415">
    <p class='ocr_par' dir='ltr' id='par_1_87' title="bbox 2135 4343 3749 4415">
     <span class='ocr_line' id='line_1_87' title="bbox 2135 4343 3749 4415; baseline 0 -17"><span class='ocrx_word' id='word_1_695' title='bbox 2135 4346 2426 4415; x_wconf 83' lang='grc' dir='ltr'>ἐλάϐομεν,</span> <span class='ocrx_word' id='word_1_696' title='bbox 2456 4345 2592 4398; x_wconf 85' lang='grc' dir='ltr'>ἀλλά</span> <span class='ocrx_word' id='word_1_697' title='bbox 2623 4346 2682 4398; x_wconf 78' lang='grc' dir='ltr'>τὸ</span> <span class='ocrx_word' id='word_1_698' title='bbox 2712 4344 2937 4414; x_wconf 88' lang='grc' dir='ltr'>Πνεῦμα</span> <span class='ocrx_word' id='word_1_699' title='bbox 2961 4345 3024 4398; x_wconf 73' lang='grc' dir='ltr'>τὸ</span> <span class='ocrx_word' id='word_1_700' title='bbox 3055 4346 3119 4398; x_wconf 90' lang='grc' dir='ltr'>ἐκ</span> <span class='ocrx_word' id='word_1_701' title='bbox 3149 4344 3244 4398; x_wconf 93' lang='grc' dir='ltr'>τοῦ</span> <span class='ocrx_word' id='word_1_702' title='bbox 3272 4343 3437 4409; x_wconf 88' lang='grc' dir='ltr'>Θεοῦ,</span> <span class='ocrx_word' id='word_1_703' title='bbox 3469 4346 3562 4399; x_wconf 82' lang='grc' dir='ltr'>ῖνα</span> <span class='ocrx_word' id='word_1_704' title='bbox 3591 4345 3749 4398; x_wconf 73' lang='grc' dir='ltr'>εἱδῶ-</span> 
     </span>
    </p>
   </div>
   <div class='ocr_carea' id='block_1_88' title="bbox 440 4429 2028 4508">
    <p class='ocr_par' dir='ltr' id='par_1_88' title="bbox 440 4429 2028 4502">
     <span class='ocr_line' id='line_1_88' title="bbox 440 4429 2028 4502; baseline -0.006 -10"><span class='ocrx_word' id='word_1_705' title='bbox 440 4436 644 4492; x_wconf 85' lang='lat' dir='ltr'><strong>Christi</strong></span> <span class='ocrx_word' id='word_1_706' title='bbox 672 4451 778 4491; x_wconf 92' lang='lat' dir='ltr'>non</span> <span class='ocrx_word' id='word_1_707' title='bbox 804 4436 986 4502; x_wconf 89' lang='lat' dir='ltr'><strong>habet,</strong></span> <span class='ocrx_word' id='word_1_708' title='bbox 1013 4437 1101 4492; x_wconf 89' lang='lat' dir='ltr'>hic</span> <span class='ocrx_word' id='word_1_709' title='bbox 1128 4452 1238 4491; x_wconf 92' lang='lat' dir='ltr'>non</span> <span class='ocrx_word' id='word_1_710' title='bbox 1263 4445 1348 4490; x_wconf 88' lang='lat' dir='ltr'>est</span> <span class='ocrx_word' id='word_1_711' title='bbox 1375 4433 1492 4500; x_wconf 84' lang='lat' dir='ltr'><strong>ejus</strong></span> <span class='ocrx_word' id='word_1_712' title='bbox 1519 4433 1588 4490; x_wconf 85' lang='lat'>&quot;.</span> <span class='ocrx_word' id='word_1_713' title='bbox 1614 4450 1634 4485; x_wconf 72' lang='grc' dir='ltr'>ι</span> <span class='ocrx_word' id='word_1_714' title='bbox 1667 4432 1846 4501; x_wconf 83' lang='lat' dir='ltr'><strong>Atque</strong></span> <span class='ocrx_word' id='word_1_715' title='bbox 1861 4429 2028 4484; x_wconf 89' lang='lat' dir='ltr'><strong>etiam</strong></span> 
     </span>
    </p>
   </div>
   <div class='ocr_carea' id='block_1_89' title="bbox 2135 4429 3751 4508">
    <p class='ocr_par' dir='ltr' id='par_1_89' title="bbox 2139 4434 3751 4508">
     <span class='ocr_line' id='line_1_89' title="bbox 2139 4434 3751 4508; baseline -0.002 -18"><span class='ocrx_word' id='word_1_716' title='bbox 2139 4454 2238 4508; x_wconf 87' lang='grc' dir='ltr'>μεν</span> <span class='ocrx_word' id='word_1_717' title='bbox 2261 4438 2329 4490; x_wconf 78' lang='grc' dir='ltr'>τὰ</span> <span class='ocrx_word' id='word_1_718' title='bbox 2361 4439 2424 4489; x_wconf 80' lang='grc' dir='ltr'>ἐκ</span> <span class='ocrx_word' id='word_1_719' title='bbox 2446 4437 2541 4490; x_wconf 90' lang='grc' dir='ltr'>τοῦ</span> <span class='ocrx_word' id='word_1_720' title='bbox 2573 4435 2709 4489; x_wconf 85' lang='grc' dir='ltr'>Θεοῦ</span> <span class='ocrx_word' id='word_1_721' title='bbox 2736 4435 3067 4506; x_wconf 85' lang='grc' dir='ltr'>χαρισθέντα</span> <span class='ocrx_word' id='word_1_722' title='bbox 3096 4437 3250 4506; x_wconf 80' lang='grc' dir='ltr'>ἡμῖν.</span> <span class='ocrx_word' id='word_1_723' title='bbox 3279 4453 3298 4486; x_wconf 73' lang='grc' dir='ltr'>ι</span> <span class='ocrx_word' id='word_1_724' title='bbox 3328 4434 3547 4504; x_wconf 76' lang='grc' dir='ltr'>Γράφει</span> <span class='ocrx_word' id='word_1_725' title='bbox 3567 4435 3625 4489; x_wconf 77' lang='grc' dir='ltr'>δὲ</span> <span class='ocrx_word' id='word_1_726' title='bbox 3655 4436 3751 4488; x_wconf 67' lang='grc' dir='ltr'>καὶ</span> 
     </span>
    </p>
   </div>
   <div class='ocr_carea' id='block_1_90' title="bbox 440 4522 2028 4599">
    <p class='ocr_par' dir='ltr' id='par_1_90' title="bbox 440 4522 2028 4599">
     <span class='ocr_line' id='line_1_90' title="bbox 440 4522 2028 4599; baseline -0.006 -15"><span class='ocrx_word' id='word_1_727' title='bbox 440 4528 570 4584; x_wconf 89' lang='lat' dir='ltr'><strong>alibi</strong></span> <span class='ocrx_word' id='word_1_728' title='bbox 617 4545 632 4583; x_wconf 92' lang='lat'><strong>:</strong></span> <span class='ocrx_word' id='word_1_729' title='bbox 683 4546 704 4580; x_wconf 80' lang='grc' dir='ltr'>ι</span> <span class='ocrx_word' id='word_1_730' title='bbox 769 4528 1097 4599; x_wconf 85' lang='lat' dir='ltr'><strong>Quicunque</strong></span> <span class='ocrx_word' id='word_1_731' title='bbox 1142 4529 1338 4596; x_wconf 90' lang='lat' dir='ltr'><strong>spiritu</strong></span> <span class='ocrx_word' id='word_1_732' title='bbox 1376 4525 1468 4580; x_wconf 90' lang='lat' dir='ltr'>Dei</span> <span class='ocrx_word' id='word_1_733' title='bbox 1495 4534 1752 4594; x_wconf 84' lang='lat' dir='ltr'><strong>aguntur,</strong></span> <span class='ocrx_word' id='word_1_734' title='bbox 1810 4522 1866 4576; x_wconf 86' lang='lat' dir='ltr'><strong>hi</strong></span> <span class='ocrx_word' id='word_1_735' title='bbox 1904 4531 2028 4576; x_wconf 88' lang='lat' dir='ltr'><strong>sunt</strong></span> 
     </span>
    </p>
   </div>
   <div class='ocr_carea' id='block_1_91' title="bbox 2135 4522 3749 4599">
    <p class='ocr_par' dir='ltr' id='par_1_91' title="bbox 2135 4524 3749 4596">
     <span class='ocr_line' id='line_1_91' title="bbox 2135 4524 3749 4596; baseline 0 -18"><span class='ocrx_word' id='word_1_736' title='bbox 2135 4527 2163 4578; x_wconf 86' lang='lat'>6</span> <span class='ocrx_word' id='word_1_737' title='bbox 2193 4525 2506 4594; x_wconf 70' lang='grc' dir='ltr'>σοφώτατος</span> <span class='ocrx_word' id='word_1_738' title='bbox 2543 4525 2790 4589; x_wconf 88' lang='grc' dir='ltr'>Παῦλος·</span> <span class='ocrx_word' id='word_1_739' title='bbox 2833 4527 2936 4578; x_wconf 74' lang='grc' dir='ltr'>«οί</span> <span class='ocrx_word' id='word_1_740' title='bbox 2985 4524 3042 4580; x_wconf 68' lang='grc' dir='ltr'>δὲ</span> <span class='ocrx_word' id='word_1_741' title='bbox 3089 4527 3148 4578; x_wconf 86' lang='grc' dir='ltr'>ἐν</span> <span class='ocrx_word' id='word_1_742' title='bbox 3181 4525 3346 4596; x_wconf 78' lang='grc' dir='ltr'>σαρκὶ</span> <span class='ocrx_word' id='word_1_743' title='bbox 3390 4525 3576 4590; x_wconf 76' lang='grc' dir='ltr'>ὄντες,</span> <span class='ocrx_word' id='word_1_744' title='bbox 3624 4525 3749 4596; x_wconf 82' lang='grc' dir='ltr'>Θεῷ</span> 
     </span>
    </p>
   </div>
   <div class='ocr_carea' id='block_1_92' title="bbox 440 4615 2028 4693">
    <p class='ocr_par' dir='ltr' id='par_1_92' title="bbox 440 4615 2028 4691">
     <span class='ocr_line' id='line_1_92' title="bbox 440 4615 2028 4691; baseline -0.006 -16"><span class='ocrx_word' id='word_1_745' title='bbox 440 4619 537 4676; x_wconf 81' lang='lat' dir='ltr'><strong>lilii</strong></span> <span class='ocrx_word' id='word_1_746' title='bbox 571 4621 665 4676; x_wconf 91' lang='lat' dir='ltr'>Dei</span> <span class='ocrx_word' id='word_1_747' title='bbox 691 4622 758 4676; x_wconf 82' lang='grc'>⁷⁸.</span> <span class='ocrx_word' id='word_1_748' title='bbox 799 4641 818 4672; x_wconf 74' lang='grc' dir='ltr'>ι</span> <span class='ocrx_word' id='word_1_749' title='bbox 853 4622 994 4691; x_wconf 88' lang='lat' dir='ltr'><strong>Ergo</strong></span> <span class='ocrx_word' id='word_1_750' title='bbox 1025 4637 1146 4676; x_wconf 85' lang='lat' dir='ltr'>cum</span> <span class='ocrx_word' id='word_1_751' title='bbox 1178 4620 1382 4676; x_wconf 89' lang='lat' dir='ltr'><strong>videris</strong></span> <span class='ocrx_word' id='word_1_752' title='bbox 1408 4634 1532 4674; x_wconf 91' lang='lat' dir='ltr'>eum</span> <span class='ocrx_word' id='word_1_753' title='bbox 1565 4615 1788 4688; x_wconf 89' lang='lat' dir='ltr'><strong>proprio</strong></span> <span class='ocrx_word' id='word_1_754' title='bbox 1810 4623 2028 4670; x_wconf 90' lang='lat' dir='ltr'><strong>unctum</strong></span> 
     </span>
    </p>
   </div>
   <div class='ocr_carea' id='block_1_93' title="bbox 2135 4615 3749 4693">
    <p class='ocr_par' dir='ltr' id='par_1_93' title="bbox 2139 4618 3749 4693">
     <span class='ocr_line' id='line_1_93' title="bbox 2139 4618 3749 4693; baseline 0.001 -23"><span class='ocrx_word' id='word_1_755' title='bbox 2139 4618 2336 4689; x_wconf 84' lang='grc' dir='ltr'>ἀρέσαι</span> <span class='ocrx_word' id='word_1_756' title='bbox 2365 4619 2427 4672; x_wconf 83' lang='grc' dir='ltr'>οὐ</span> <span class='ocrx_word' id='word_1_757' title='bbox 2465 4618 2742 4673; x_wconf 86' lang='grc' dir='ltr'>δύνανται.</span> <span class='ocrx_word' id='word_1_758' title='bbox 2800 4619 2990 4689; x_wconf 84' lang='grc' dir='ltr'>Ὑμεῖς</span> <span class='ocrx_word' id='word_1_759' title='bbox 3038 4619 3095 4672; x_wconf 84' lang='grc' dir='ltr'>δὲ</span> <span class='ocrx_word' id='word_1_760' title='bbox 3140 4619 3240 4672; x_wconf 72' lang='grc' dir='ltr'>οὐκ</span> <span class='ocrx_word' id='word_1_761' title='bbox 3281 4619 3407 4671; x_wconf 79' lang='grc' dir='ltr'>ἐστὲ</span> <span class='ocrx_word' id='word_1_762' title='bbox 3451 4621 3513 4674; x_wconf 84' lang='grc' dir='ltr'>ἐν</span> <span class='ocrx_word' id='word_1_763' title='bbox 3554 4621 3749 4693; x_wconf 70' lang='grc' dir='ltr'>σαρκὶ,</span> 
     </span>
    </p>
   </div>
   <div class='ocr_carea' id='block_1_94' title="bbox 450 4708 2028 4783">
    <p class='ocr_par' dir='ltr' id='par_1_94' title="bbox 450 4708 2028 4780">
     <span class='ocr_line' id='line_1_94' title="bbox 450 4708 2028 4780; baseline -0.001 -17"><span class='ocrx_word' id='word_1_764' title='bbox 450 4711 685 4780; x_wconf 84' lang='lat' dir='ltr'><strong>Spiritu,</strong></span> <span class='ocrx_word' id='word_1_765' title='bbox 713 4720 993 4767; x_wconf 88' lang='lat' dir='ltr'><strong>memento</strong></span> <span class='ocrx_word' id='word_1_766' title='bbox 1037 4711 1184 4767; x_wconf 91' lang='lat' dir='ltr'><strong>illius</strong></span> <span class='ocrx_word' id='word_1_767' title='bbox 1243 4712 1297 4766; x_wconf 91' lang='lat' dir='ltr'><strong>in</strong></span> <span class='ocrx_word' id='word_1_768' title='bbox 1358 4725 1527 4766; x_wconf 86' lang='lat' dir='ltr'><strong>carne</strong></span> <span class='ocrx_word' id='word_1_769' title='bbox 1579 4708 2028 4778; x_wconf 83' lang='lat' dir='ltr'><strong>dispensationis.</strong></span> 
     </span>
    </p>
   </div>
   <div class='ocr_carea' id='block_1_95' title="bbox 2135 4708 3748 4783">
    <p class='ocr_par' dir='ltr' id='par_1_95' title="bbox 2141 4709 3748 4783">
     <span class='ocr_line' id='line_1_95' title="bbox 2141 4709 3748 4783; baseline 0.003 -21"><span class='ocrx_word' id='word_1_770' title='bbox 2141 4709 2256 4763; x_wconf 82' lang='grc' dir='ltr'>ἀλλ’</span> <span class='ocrx_word' id='word_1_771' title='bbox 2287 4713 2345 4764; x_wconf 84' lang='grc' dir='ltr'>ἐν</span> <span class='ocrx_word' id='word_1_772' title='bbox 2371 4711 2672 4782; x_wconf 86' lang='grc' dir='ltr'>Πνεύματι,</span> <span class='ocrx_word' id='word_1_773' title='bbox 2703 4713 2861 4782; x_wconf 76' lang='grc' dir='ltr'>εἴπερ</span> <span class='ocrx_word' id='word_1_774' title='bbox 2897 4711 3125 4782; x_wconf 90' lang='grc' dir='ltr'>Πνεῦμα</span> <span class='ocrx_word' id='word_1_775' title='bbox 3161 4709 3294 4764; x_wconf 88' lang='grc' dir='ltr'>Θεοῦ</span> <span class='ocrx_word' id='word_1_776' title='bbox 3322 4713 3467 4766; x_wconf 72' lang='grc' dir='ltr'>οἰκεῖ</span> <span class='ocrx_word' id='word_1_777' title='bbox 3498 4715 3560 4768; x_wconf 78' lang='grc' dir='ltr'>ἐν</span> <span class='ocrx_word' id='word_1_778' title='bbox 3595 4715 3748 4783; x_wconf 83' lang='grc' dir='ltr'>ὑμῖν.</span> 
     </span>
    </p>
   </div>
   <div class='ocr_carea' id='block_1_96' title="bbox 442 4795 2028 4875">
    <p class='ocr_par' dir='ltr' id='par_1_96' title="bbox 442 4801 2028 4875">
     <span class='ocr_line' id='line_1_96' title="bbox 442 4801 2028 4875; baseline -0.003 -15"><span class='ocrx_word' id='word_1_779' title='bbox 442 4802 556 4875; x_wconf 70' lang='grc'>84</span> <span class='ocrx_word' id='word_1_780' title='bbox 611 4813 664 4859; x_wconf 94' lang='lat' dir='ltr'>et</span> <span class='ocrx_word' id='word_1_781' title='bbox 701 4805 878 4875; x_wconf 85' lang='lat' dir='ltr'><strong>cogita</strong></span> <span class='ocrx_word' id='word_1_782' title='bbox 913 4805 1205 4859; x_wconf 89' lang='lat' dir='ltr'><strong>humanam</strong></span> <span class='ocrx_word' id='word_1_783' title='bbox 1242 4812 1494 4858; x_wconf 89' lang='lat' dir='ltr'><strong>naturam</strong></span> <span class='ocrx_word' id='word_1_784' title='bbox 1533 4819 1547 4857; x_wconf 92' lang='lat'><strong>:</strong></span> <span class='ocrx_word' id='word_1_785' title='bbox 1582 4816 1704 4855; x_wconf 90' lang='lat' dir='ltr'>cum</span> <span class='ocrx_word' id='word_1_786' title='bbox 1729 4801 1935 4856; x_wconf 89' lang='lat' dir='ltr'><strong>videris</strong></span> <span class='ocrx_word' id='word_1_787' title='bbox 1964 4801 2028 4856; x_wconf 88' lang='lat' dir='ltr'>ab</span> 
     </span>
    </p>
   </div>
   <div class='ocr_carea' id='block_1_97' title="bbox 2135 4795 3755 4875">
    <p class='ocr_par' dir='ltr' id='par_1_97' title="bbox 2140 4795 3755 4873">
     <span class='ocr_line' id='line_1_97' title="bbox 2140 4795 3755 4873; baseline -0.001 -18"><span class='ocrx_word' id='word_1_788' title='bbox 2140 4802 2203 4855; x_wconf 86' lang='grc' dir='ltr'>Εί</span> <span class='ocrx_word' id='word_1_789' title='bbox 2236 4802 2294 4854; x_wconf 89' lang='grc' dir='ltr'>δέ</span> <span class='ocrx_word' id='word_1_790' title='bbox 2323 4818 2408 4866; x_wconf 92' lang='grc' dir='ltr'>τις</span> <span class='ocrx_word' id='word_1_791' title='bbox 2438 4802 2663 4873; x_wconf 87' lang='grc' dir='ltr'>Πνεῦμα</span> <span class='ocrx_word' id='word_1_792' title='bbox 2701 4801 2942 4873; x_wconf 86' lang='grc' dir='ltr'>Χριστοῦ</span> <span class='ocrx_word' id='word_1_793' title='bbox 2973 4802 3072 4854; x_wconf 74' lang='grc' dir='ltr'>οὐκ</span> <span class='ocrx_word' id='word_1_794' title='bbox 3101 4801 3238 4871; x_wconf 78' lang='grc' dir='ltr'>ἔχει,</span> <span class='ocrx_word' id='word_1_795' title='bbox 3270 4795 3424 4865; x_wconf 68' lang='grc' dir='ltr'>οὗτος</span> <span class='ocrx_word' id='word_1_796' title='bbox 3461 4802 3572 4855; x_wconf 80' lang='grc' dir='ltr'>οὐκ</span> <span class='ocrx_word' id='word_1_797' title='bbox 3602 4801 3755 4854; x_wconf 77' lang='grc' dir='ltr'>ἔστιν</span> 
     </span>
    </p>
   </div>
   <div class='ocr_carea' id='block_1_98' title="bbox 441 4889 2028 4966">
    <p class='ocr_par' dir='ltr' id='par_1_98' title="bbox 441 4889 2028 4962">
     <span class='ocr_line' id='line_1_98' title="bbox 441 4889 2028 4962; baseline -0.002 -17"><span class='ocrx_word' id='word_1_798' title='bbox 441 4908 506 4946; x_wconf 89' lang='lat' dir='ltr'>co</span> <span class='ocrx_word' id='word_1_799' title='bbox 550 4890 817 4962; x_wconf 90' lang='lat' dir='ltr'><strong>Spiritum</strong></span> <span class='ocrx_word' id='word_1_800' title='bbox 850 4893 991 4958; x_wconf 87' lang='lat' dir='ltr'><strong>dari,</strong></span> <span class='ocrx_word' id='word_1_801' title='bbox 1028 4908 1151 4947; x_wconf 92' lang='lat' dir='ltr'>cum</span> <span class='ocrx_word' id='word_1_802' title='bbox 1202 4893 1305 4947; x_wconf 88' lang='lat' dir='ltr'>hoc</span> <span class='ocrx_word' id='word_1_803' title='bbox 1347 4889 1507 4946; x_wconf 89' lang='lat' dir='ltr'><strong>simul</strong></span> <span class='ocrx_word' id='word_1_804' title='bbox 1566 4889 1838 4944; x_wconf 85' lang='lat' dir='ltr'><strong>admirare</strong></span> <span class='ocrx_word' id='word_1_805' title='bbox 1884 4889 2028 4943; x_wconf 88' lang='lat' dir='ltr'><strong>illunt</strong></span> 
     </span>
    </p>
   </div>
   <div class='ocr_carea' id='block_1_99' title="bbox 2135 4889 3758 4966">
    <p class='ocr_par' dir='ltr' id='par_1_99' title="bbox 2138 4892 3758 4966">
     <span class='ocr_line' id='line_1_99' title="bbox 2138 4892 3758 4966; baseline -0.001 -19"><span class='ocrx_word' id='word_1_806' title='bbox 2138 4893 2326 4947; x_wconf 75' lang='grc' dir='ltr'>αὐτοῦ.</span> <span class='ocrx_word' id='word_1_807' title='bbox 2358 4912 2376 4944; x_wconf 74' lang='grc' dir='ltr'>ι</span> <span class='ocrx_word' id='word_1_808' title='bbox 2404 4895 2514 4948; x_wconf 72' lang='grc' dir='ltr'>Καὶ</span> <span class='ocrx_word' id='word_1_809' title='bbox 2538 4896 2644 4966; x_wconf 78' lang='grc' dir='ltr'>μὴν</span> <span class='ocrx_word' id='word_1_810' title='bbox 2673 4896 2768 4947; x_wconf 76' lang='grc' dir='ltr'>καὶ</span> <span class='ocrx_word' id='word_1_811' title='bbox 2793 4896 3019 4966; x_wconf 80' lang='grc' dir='ltr'>ἑτέρωθι</span> <span class='ocrx_word' id='word_1_812' title='bbox 3041 4912 3053 4925; x_wconf 92' lang='grc'><strong>·</strong></span> <span class='ocrx_word' id='word_1_813' title='bbox 3084 4914 3102 4946; x_wconf 76' lang='grc' dir='ltr'>ι</span> <span class='ocrx_word' id='word_1_814' title='bbox 3131 4896 3284 4947; x_wconf 87' lang='grc' dir='ltr'>Ὅσοι</span> <span class='ocrx_word' id='word_1_815' title='bbox 3313 4892 3428 4962; x_wconf 80' lang='grc' dir='ltr'>γὰρ</span> <span class='ocrx_word' id='word_1_816' title='bbox 3463 4894 3758 4964; x_wconf 87' lang='grc' dir='ltr'>Πνεύματι</span> 
     </span>
    </p>
   </div>
   <div class='ocr_carea' id='block_1_100' title="bbox 442 4983 2028 5056">
    <p class='ocr_par' dir='ltr' id='par_1_100' title="bbox 442 4983 2028 5040">
     <span class='ocr_line' id='line_1_100' title="bbox 442 4983 2028 5040; baseline 0.001 -3"><span class='ocrx_word' id='word_1_817' title='bbox 442 4984 608 5037; x_wconf 86' lang='lat' dir='ltr'><strong>etiam</strong></span> <span class='ocrx_word' id='word_1_818' title='bbox 667 4984 720 5038; x_wconf 92' lang='lat' dir='ltr'>in</span> <span class='ocrx_word' id='word_1_819' title='bbox 769 4985 1109 5040; x_wconf 87' lang='lat' dir='ltr'><strong>humanitate</strong></span> <span class='ocrx_word' id='word_1_820' title='bbox 1154 4984 1345 5039; x_wconf 91' lang='lat' dir='ltr'><strong>Deum.</strong></span> <span class='ocrx_word' id='word_1_821' title='bbox 1380 4983 1488 5038; x_wconf 88' lang='lat' dir='ltr'>Sed</span> <span class='ocrx_word' id='word_1_822' title='bbox 1525 4985 1627 5038; x_wconf 88' lang='lat' dir='ltr'><strong>iste</strong></span> <span class='ocrx_word' id='word_1_823' title='bbox 1657 4984 2028 5039; x_wconf 82' lang='lat' dir='ltr'><strong>contentiosul</strong></span> 
     </span>
    </p>
   </div>
   <div class='ocr_carea' id='block_1_101' title="bbox 2135 4983 3757 5056">
    <p class='ocr_par' dir='ltr' id='par_1_101' title="bbox 2138 4984 3757 5056">
     <span class='ocr_line' id='line_1_101' title="bbox 2138 4984 3757 5056; baseline 0 -18"><span class='ocrx_word' id='word_1_824' title='bbox 2138 4986 2275 5039; x_wconf 87' lang='grc' dir='ltr'>Θεοῦ</span> <span class='ocrx_word' id='word_1_825' title='bbox 2315 4988 2562 5056; x_wconf 79' lang='grc' dir='ltr'>ἄγονται,</span> <span class='ocrx_word' id='word_1_826' title='bbox 2607 4984 2752 5042; x_wconf 73' lang='grc' dir='ltr'>οὗτοί</span> <span class='ocrx_word' id='word_1_827' title='bbox 2801 4991 2938 5041; x_wconf 84' lang='grc' dir='ltr'>εἰσιν</span> <span class='ocrx_word' id='word_1_828' title='bbox 2973 4990 3078 5040; x_wconf 74' lang='grc' dir='ltr'>υίοὶ</span> <span class='ocrx_word' id='word_1_829' title='bbox 3116 4986 3274 5041; x_wconf 91' lang='grc' dir='ltr'>Θεοῦ.</span> <span class='ocrx_word' id='word_1_830' title='bbox 3302 5006 3319 5037; x_wconf 73' lang='lat' dir='ltr'>i</span> <span class='ocrx_word' id='word_1_831' title='bbox 3353 4987 3580 5040; x_wconf 82' lang='grc' dir='ltr'>Οὐκοῦν</span> <span class='ocrx_word' id='word_1_832' title='bbox 3623 4989 3757 5041; x_wconf 82' lang='grc' dir='ltr'>ὅταν</span> 
     </span>
    </p>
   </div>
   <div class='ocr_carea' id='block_1_102' title="bbox 443 5073 2028 5153">
    <p class='ocr_par' dir='ltr' id='par_1_102' title="bbox 443 5073 1582 5144">
     <span class='ocr_line' id='line_1_102' title="bbox 443 5073 1582 5144; baseline 0.002 -18"><span class='ocrx_word' id='word_1_833' title='bbox 443 5073 578 5129; x_wconf 88' lang='lat' dir='ltr'><strong>nihil</strong></span> <span class='ocrx_word' id='word_1_834' title='bbox 614 5076 806 5130; x_wconf 87' lang='lat' dir='ltr'><strong>horum</strong></span> <span class='ocrx_word' id='word_1_835' title='bbox 829 5088 1108 5144; x_wconf 82' lang='lat' dir='ltr'><strong>reputans,</strong></span> <span class='ocrx_word' id='word_1_836' title='bbox 1139 5076 1219 5130; x_wconf 90' lang='lat' dir='ltr'>sic</span> <span class='ocrx_word' id='word_1_837' title='bbox 1247 5089 1437 5129; x_wconf 85' lang='lat' dir='ltr'><strong>rursus</strong></span> <span class='ocrx_word' id='word_1_838' title='bbox 1459 5075 1535 5128; x_wconf 90' lang='lat' dir='ltr'>ait</span> <span class='ocrx_word' id='word_1_839' title='bbox 1569 5092 1582 5128; x_wconf 92' lang='lat'><strong>:</strong></span> 
     </span>
    </p>
   </div>
   <div class='ocr_carea' id='block_1_103' title="bbox 2135 5073 3758 5153">
    <p class='ocr_par' dir='ltr' id='par_1_103' title="bbox 2139 5077 3758 5153">
     <span class='ocr_line' id='line_1_103' title="bbox 2139 5077 3758 5153; baseline 0.003 -25"><span class='ocrx_word' id='word_1_840' title='bbox 2139 5077 2255 5149; x_wconf 71' lang='grc' dir='ltr'>ἴδῃς</span> <span class='ocrx_word' id='word_1_841' title='bbox 2283 5079 2446 5132; x_wconf 75' lang='grc' dir='ltr'>αὐτὸν</span> <span class='ocrx_word' id='word_1_842' title='bbox 2478 5080 2556 5150; x_wconf 82' lang='grc' dir='ltr'>τῷ</span> <span class='ocrx_word' id='word_1_843' title='bbox 2591 5081 2704 5152; x_wconf 74' lang='grc' dir='ltr'>ἰδίῳ</span> <span class='ocrx_word' id='word_1_844' title='bbox 2733 5082 3021 5151; x_wconf 68' lang='grc' dir='ltr'>χριόμενον</span> <span class='ocrx_word' id='word_1_845' title='bbox 3051 5081 3353 5150; x_wconf 86' lang='grc' dir='ltr'>Πνεύματι,</span> <span class='ocrx_word' id='word_1_846' title='bbox 3389 5081 3758 5153; x_wconf 86' lang='grc' dir='ltr'>διαμέμνησο</span> 
     </span>
    </p>
   </div>
   <div class='ocr_carea' id='block_1_104' title="bbox 442 5167 3757 5254">
    <p class='ocr_par' dir='ltr' id='par_1_104' title="bbox 442 5167 3757 5254">
     <span class='ocr_line' id='line_1_104' title="bbox 442 5167 3757 5254; baseline 0.002 -35"><span class='ocrx_word' id='word_1_847' title='bbox 442 5168 541 5233; x_wconf 78' lang='grc' dir='ltr'>τῆς</span> <span class='ocrx_word' id='word_1_848' title='bbox 571 5167 710 5254; x_wconf 85' lang='grc' dir='ltr'>μετά</span> <span class='ocrx_word' id='word_1_849' title='bbox 742 5170 945 5241; x_wconf 76' lang='grc' dir='ltr'>σαρκὸς</span> <span class='ocrx_word' id='word_1_850' title='bbox 973 5169 1308 5238; x_wconf 83' lang='grc' dir='ltr'>οἰκονομίας,</span> <span class='ocrx_word' id='word_1_851' title='bbox 1339 5169 1433 5221; x_wconf 78' lang='grc' dir='ltr'>καὶ</span> <span class='ocrx_word' id='word_1_852' title='bbox 1486 5169 1848 5239; x_wconf 74' lang='grc' dir='ltr'>καταλογίζου</span> <span class='ocrx_word' id='word_1_853' title='bbox 1910 5171 1973 5224; x_wconf 85' lang='grc' dir='ltr'>τὸ</span> <span class='ocrx_word' id='word_1_854' title='bbox 2038 5171 2419 5240; x_wconf 84' lang='grc' dir='ltr'>ἀνθρώπινον·</span> <span class='ocrx_word' id='word_1_855' title='bbox 2451 5177 2582 5230; x_wconf 87' lang='grc' dir='ltr'>ὅταν</span> <span class='ocrx_word' id='word_1_856' title='bbox 2659 5178 2777 5247; x_wconf 80' lang='grc' dir='ltr'>ίδῃς</span> <span class='ocrx_word' id='word_1_857' title='bbox 2828 5178 2889 5230; x_wconf 80' lang='grc' dir='ltr'>τὸ</span> <span class='ocrx_word' id='word_1_858' title='bbox 2929 5176 3154 5248; x_wconf 83' lang='grc' dir='ltr'>Πνεῦμα</span> <span class='ocrx_word' id='word_1_859' title='bbox 3204 5175 3440 5238; x_wconf 79' lang='grc' dir='ltr'>διδόντα,</span> <span class='ocrx_word' id='word_1_860' title='bbox 3492 5175 3757 5244; x_wconf 70' lang='grc' dir='ltr'>θαύμαζε</span> 
     </span>
    </p>
   </div>
   <div class='ocr_carea' id='block_1_105' title="bbox 444 5263 3756 5343">
    <p class='ocr_par' dir='ltr' id='par_1_105' title="bbox 444 5263 3756 5343">
     <span class='ocr_line' id='line_1_105' title="bbox 444 5263 3756 5343; baseline 0.001 -27"><span class='ocrx_word' id='word_1_861' title='bbox 444 5263 585 5332; x_wconf 78' lang='grc' dir='ltr'>μετὰ</span> <span class='ocrx_word' id='word_1_862' title='bbox 609 5264 805 5318; x_wconf 86' lang='grc' dir='ltr'>τούτου</span> <span class='ocrx_word' id='word_1_863' title='bbox 834 5265 926 5318; x_wconf 81' lang='grc' dir='ltr'>τὸν</span> <span class='ocrx_word' id='word_1_864' title='bbox 949 5265 1044 5319; x_wconf 68' lang='grc' dir='ltr'>καὶ</span> <span class='ocrx_word' id='word_1_865' title='bbox 1077 5265 1135 5316; x_wconf 88' lang='grc' dir='ltr'>ἐν</span> <span class='ocrx_word' id='word_1_866' title='bbox 1165 5263 1549 5336; x_wconf 85' lang='grc' dir='ltr'>ἀνθρωπότητι</span> <span class='ocrx_word' id='word_1_867' title='bbox 1612 5267 1766 5322; x_wconf 83' lang='grc' dir='ltr'>Θεόν.</span> <span class='ocrx_word' id='word_1_868' title='bbox 1804 5267 1946 5321; x_wconf 83' lang='grc' dir='ltr'>Ἀλλ’</span> <span class='ocrx_word' id='word_1_869' title='bbox 2013 5267 2170 5322; x_wconf 81' lang='grc' dir='ltr'>οὐδὲν</span> <span class='ocrx_word' id='word_1_870' title='bbox 2209 5271 2319 5323; x_wconf 87' lang='grc' dir='ltr'>τῶν</span> <span class='ocrx_word' id='word_1_871' title='bbox 2355 5272 2617 5327; x_wconf 89' lang='grc' dir='ltr'>τοιούτων</span> <span class='ocrx_word' id='word_1_872' title='bbox 2684 5271 3140 5343; x_wconf 72' lang='grc' dir='ltr'>ὑπολογιζόμενος</span> <span class='ocrx_word' id='word_1_873' title='bbox 3177 5273 3204 5325; x_wconf 89' lang='lat'>6</span> <span class='ocrx_word' id='word_1_874' title='bbox 3251 5269 3478 5339; x_wconf 89' lang='grc' dir='ltr'>δύσερις</span> <span class='ocrx_word' id='word_1_875' title='bbox 3537 5268 3756 5330; x_wconf 75' lang='grc' dir='ltr'>οὑτοσὶ,</span> 
     </span>
    </p>
   </div>
   <div class='ocr_carea' id='block_1_106' title="bbox 441 5353 948 5428">
    <p class='ocr_par' dir='ltr' id='par_1_106' title="bbox 441 5353 948 5428">
     <span class='ocr_line' id='line_1_106' title="bbox 441 5353 948 5428; baseline 0.002 -17"><span class='ocrx_word' id='word_1_876' title='bbox 441 5359 607 5414; x_wconf 80' lang='grc' dir='ltr'>πάλιν</span> <span class='ocrx_word' id='word_1_877' title='bbox 631 5353 735 5414; x_wconf 80' lang='grc' dir='ltr'>ὧδέ</span> <span class='ocrx_word' id='word_1_878' title='bbox 759 5377 948 5428; x_wconf 79' lang='grc' dir='ltr'>φησιν·</span> 
     </span>
    </p>
   </div>
   <div class='ocr_carea' id='block_1_107' title="bbox 510 5449 2015 5526">
    <p class='ocr_par' dir='ltr' id='par_1_107' title="bbox 510 5449 2015 5526">
     <span class='ocr_line' id='line_1_107' title="bbox 510 5449 2015 5526; baseline 0.005 -22"><span class='ocrx_word' id='word_1_879' title='bbox 510 5449 778 5523; x_wconf 75' lang='grc' dir='ltr'>[Νεετοιι.</span> <span class='ocrx_word' id='word_1_880' title='bbox 802 5452 898 5505; x_wconf 81' lang='lat' dir='ltr'><strong>llic</strong></span> <span class='ocrx_word' id='word_1_881' title='bbox 924 5450 1012 5505; x_wconf 92' lang='lat' dir='ltr'><strong>ille</strong></span> <span class='ocrx_word' id='word_1_882' title='bbox 1032 5450 1203 5507; x_wconf 76' lang='lat' dir='ltr'><strong>fidelis</strong></span> <span class='ocrx_word' id='word_1_883' title='bbox 1224 5453 1334 5507; x_wconf 94' lang='lat' dir='ltr'>Deo</span> <span class='ocrx_word' id='word_1_884' title='bbox 1361 5451 1538 5508; x_wconf 80' lang='lat' dir='ltr'><strong>factus</strong></span> <span class='ocrx_word' id='word_1_885' title='bbox 1557 5454 1797 5524; x_wconf 77' lang='lat' dir='ltr'><strong>pontifex</strong></span> <span class='ocrx_word' id='word_1_886' title='bbox 1819 5455 2015 5526; x_wconf 82' lang='lat' dir='ltr'><strong>(factus</strong></span> 
     </span>
    </p>
   </div>
   <div class='ocr_carea' id='block_1_108' title="bbox 438 5544 2012 5618">
    <p class='ocr_par' dir='ltr' id='par_1_108' title="bbox 438 5544 2012 5618">
     <span class='ocr_line' id='line_1_108' title="bbox 438 5544 2012 5618; baseline 0.006 -23"><span class='ocrx_word' id='word_1_887' title='bbox 438 5553 522 5598; x_wconf 83' lang='lat' dir='ltr'>est</span> <span class='ocrx_word' id='word_1_888' title='bbox 551 5545 729 5611; x_wconf 89' lang='lat' dir='ltr'><strong>enim,</strong></span> <span class='ocrx_word' id='word_1_889' title='bbox 753 5559 862 5600; x_wconf 88' lang='lat' dir='ltr'>non</span> <span class='ocrx_word' id='word_1_890' title='bbox 885 5544 953 5600; x_wconf 88' lang='lat' dir='ltr'>ab</span> <span class='ocrx_word' id='word_1_891' title='bbox 980 5555 1186 5602; x_wconf 62' lang='lat' dir='ltr'><strong>aeterno</strong></span> <span class='ocrx_word' id='word_1_892' title='bbox 1211 5545 1382 5616; x_wconf 90' lang='lat' dir='ltr'><strong>erat);</strong></span> <span class='ocrx_word' id='word_1_893' title='bbox 1413 5547 1500 5603; x_wconf 90' lang='lat' dir='ltr'>hic</span> <span class='ocrx_word' id='word_1_894' title='bbox 1528 5549 1810 5618; x_wconf 87' lang='lat' dir='ltr'><strong>paulatim,</strong></span> <span class='ocrx_word' id='word_1_895' title='bbox 1839 5550 2012 5604; x_wconf 74' lang='lat' dir='ltr'>lter-</span> 
     </span>
    </p>
   </div>
   <div class='ocr_carea' id='block_1_109' title="bbox 2199 5448 3756 5527">
    <p class='ocr_par' dir='ltr' id='par_1_109' title="bbox 2199 5448 3756 5527">
     <span class='ocr_line' id='line_1_109' title="bbox 2199 5448 3756 5527; baseline -0.003 -18"><span class='ocrx_word' id='word_1_896' title='bbox 2199 5448 2393 5527; x_wconf 79' lang='grc' dir='ltr'>[Οῦτος</span> <span class='ocrx_word' id='word_1_897' title='bbox 2425 5457 2454 5506; x_wconf 88' lang='grc' dir='ltr'>ὁ</span> <span class='ocrx_word' id='word_1_898' title='bbox 2501 5454 2691 5517; x_wconf 82' lang='grc' dir='ltr'>πιστὸς</span> <span class='ocrx_word' id='word_1_899' title='bbox 2730 5454 2808 5522; x_wconf 86' lang='grc' dir='ltr'>τῷ</span> <span class='ocrx_word' id='word_1_900' title='bbox 2861 5453 2981 5521; x_wconf 85' lang='grc' dir='ltr'>Θεῷ</span> <span class='ocrx_word' id='word_1_901' title='bbox 3031 5453 3400 5522; x_wconf 84' lang='grc' dir='ltr'>γεγενημένος</span> <span class='ocrx_word' id='word_1_902' title='bbox 3447 5451 3756 5524; x_wconf 77' lang='grc' dir='ltr'>ἀρχιερεὺς</span> 
     </span>
    </p>
   </div>
   <div class='ocr_carea' id='block_1_110' title="bbox 2124 5537 3756 5618">
    <p class='ocr_par' dir='ltr' id='par_1_110' title="bbox 2124 5537 3756 5618">
     <span class='ocr_line' id='line_1_110' title="bbox 2124 5537 3756 5618; baseline 0.001 -20"><span class='ocrx_word' id='word_1_903' title='bbox 2124 5546 2367 5618; x_wconf 74' lang='grc' dir='ltr'>(ἐγένετο</span> <span class='ocrx_word' id='word_1_904' title='bbox 2391 5545 2521 5615; x_wconf 79' lang='grc' dir='ltr'>γὰρ,</span> <span class='ocrx_word' id='word_1_905' title='bbox 2546 5547 2648 5599; x_wconf 81' lang='grc' dir='ltr'>οὑκ</span> <span class='ocrx_word' id='word_1_906' title='bbox 2676 5544 2887 5614; x_wconf 77' lang='grc' dir='ltr'>ἀϊδίως)</span> <span class='ocrx_word' id='word_1_907' title='bbox 2930 5539 3025 5615; x_wconf 81' lang='grc' dir='ltr'>ἦν,</span> <span class='ocrx_word' id='word_1_908' title='bbox 3075 5537 3231 5606; x_wconf 71' lang='grc' dir='ltr'>οὗτος</span> <span class='ocrx_word' id='word_1_909' title='bbox 3265 5543 3294 5594; x_wconf 92' lang='lat'>6</span> <span class='ocrx_word' id='word_1_910' title='bbox 3337 5543 3485 5598; x_wconf 88' lang='grc' dir='ltr'>κατά</span> <span class='ocrx_word' id='word_1_911' title='bbox 3523 5540 3756 5616; x_wconf 76' lang='grc' dir='ltr'>μικρὸν»</span> 
     </span>
    </p>
   </div>
   <div class='ocr_carea' id='block_1_111' title="bbox 511 5699 2028 5774">
    <p class='ocr_par' dir='ltr' id='par_1_111' title="bbox 511 5702 2022 5774">
     <span class='ocr_line' id='line_1_111' title="bbox 511 5702 2022 5774; baseline 0.007 -18"><span class='ocrx_word' id='word_1_912' title='bbox 511 5705 630 5738; x_wconf 69' lang='grc' dir='ltr'>’ωδ</span> <span class='ocrx_word' id='word_1_913' title='bbox 665 5702 823 5759; x_wconf 74' lang='lat' dir='ltr'><strong>Joan.</strong></span> <span class='ocrx_word' id='word_1_914' title='bbox 859 5719 899 5770; x_wconf 89' lang='grc' dir='ltr'>ι,</span> <span class='ocrx_word' id='word_1_915' title='bbox 932 5702 1022 5760; x_wconf 78' lang='lat'>52.</span> <span class='ocrx_word' id='word_1_916' title='bbox 1100 5703 1146 5734; x_wconf 83' lang='lat'>&quot;</span> <span class='ocrx_word' id='word_1_917' title='bbox 1186 5703 1340 5762; x_wconf 81' lang='lat' dir='ltr'><strong>Joan.</strong></span> <span class='ocrx_word' id='word_1_918' title='bbox 1376 5721 1467 5774; x_wconf 78' lang='lat' dir='ltr'>xx,</span> <span class='ocrx_word' id='word_1_919' title='bbox 1516 5706 1609 5760; x_wconf 73' lang='lat'>22.</span> <span class='ocrx_word' id='word_1_920' title='bbox 1687 5705 1733 5737; x_wconf 85' lang='lat'>&quot;‘</span> <span class='ocrx_word' id='word_1_921' title='bbox 1774 5703 1792 5756; x_wconf 90' lang='grc' dir='ltr'><strong>Ι</strong></span> <span class='ocrx_word' id='word_1_922' title='bbox 1832 5707 1960 5760; x_wconf 75' lang='lat' dir='ltr'><strong>Cor.</strong></span> <span class='ocrx_word' id='word_1_923' title='bbox 2009 5721 2022 5758; x_wconf 88' lang='lat' dir='ltr'>I</span> 
     </span>
    </p>
   </div>
   <div class='ocr_carea' id='block_1_112' title="bbox 2135 5699 3266 5774">
    <p class='ocr_par' dir='ltr' id='par_1_112' title="bbox 2140 5699 3266 5771">
     <span class='ocr_line' id='line_1_112' title="bbox 2140 5699 3266 5771; baseline -0.004 -13"><span class='ocrx_word' id='word_1_924' title='bbox 2140 5703 2192 5758; x_wconf 72' lang='grc'>2.</span> <span class='ocrx_word' id='word_1_925' title='bbox 2269 5703 2313 5736; x_wconf 79' lang='grc'><strong>⁷⁷</strong></span> <span class='ocrx_word' id='word_1_926' title='bbox 2355 5703 2512 5759; x_wconf 82' lang='lat' dir='ltr'><strong>Rom.</strong></span> <span class='ocrx_word' id='word_1_927' title='bbox 2548 5719 2666 5771; x_wconf 87' lang='lat' dir='ltr'><strong>vttt,</strong></span> <span class='ocrx_word' id='word_1_928' title='bbox 2703 5702 2756 5770; x_wconf 90' lang='grc'>8,</span> <span class='ocrx_word' id='word_1_929' title='bbox 2793 5705 2845 5759; x_wconf 83' lang='lat'><strong>9.</strong></span> <span class='ocrx_word' id='word_1_930' title='bbox 2923 5702 2970 5734; x_wconf 86' lang='lat'>&quot;</span> <span class='ocrx_word' id='word_1_931' title='bbox 3007 5699 3141 5757; x_wconf 87' lang='lat' dir='ltr'><strong>ibid.</strong></span> <span class='ocrx_word' id='word_1_932' title='bbox 3180 5699 3266 5755; x_wconf 80' lang='lat' dir='ltr'>l5.</span> 
     </span>
    </p>
   </div>
   <div class='ocr_carea' id='block_1_113' title="bbox 515 5858 2028 5933">
    <p class='ocr_par' dir='ltr' id='par_1_113' title="bbox 515 5858 2024 5933">
     <span class='ocr_line' id='line_1_113' title="bbox 515 5858 2024 5933; baseline 0.003 -20"><span class='ocrx_word' id='word_1_933' title='bbox 515 5858 593 5932; x_wconf 81' lang='lat' dir='ltr'>(l)</span> <span class='ocrx_word' id='word_1_934' title='bbox 636 5859 776 5930; x_wconf 81' lang='lat' dir='ltr'><strong>Lege</strong></span> <span class='ocrx_word' id='word_1_935' title='bbox 827 5859 1174 5933; x_wconf 85' lang='grc' dir='ltr'>δυσάντητον,</span> <span class='ocrx_word' id='word_1_936' title='bbox 1214 5863 1632 5932; x_wconf 68' lang='lat' dir='ltr'><strong>inexpugnabile,</strong></span> <span class='ocrx_word' id='word_1_937' title='bbox 1686 5872 1741 5916; x_wconf 93' lang='lat' dir='ltr'>ut</span> <span class='ocrx_word' id='word_1_938' title='bbox 1773 5863 1901 5917; x_wconf 85' lang='lat' dir='ltr'><strong>vidit</strong></span> <span class='ocrx_word' id='word_1_939' title='bbox 1948 5862 2024 5917; x_wconf 86' lang='lat' dir='ltr'>int</span> 
     </span>
    </p>
   </div>
   <div class='ocr_carea' id='block_1_114' title="bbox 2135 5858 2427 5933">
    <p class='ocr_par' dir='ltr' id='par_1_114' title="bbox 2135 5861 2427 5916">
     <span class='ocr_line' id='line_1_114' title="bbox 2135 5861 2427 5916; baseline 0 -1"><span class='ocrx_word' id='word_1_940' title='bbox 2135 5875 2235 5916; x_wconf 89' lang='lat' dir='ltr'><strong>res.</strong></span> <span class='ocrx_word' id='word_1_941' title='bbox 2271 5861 2427 5916; x_wconf 72' lang='grc' dir='ltr'>Ειιτ.</span> 
     </span>
    </p>
   </div>
  </div>
