  <div class='ocr_page' id='page_1' title='image "/cluster/home/n/w/nwhite01/storage/ocr_20150623/76:no.9/coo.31924054869775/082.png"; bbox 0 0 4150 6444; ppageno 0'>
   <div class='ocr_carea' id='block_1_1' title="bbox 410 463 522 520">
    <p class='ocr_par' dir='ltr' id='par_1_1' title="bbox 410 463 522 520">
     <span class='ocr_line' id='line_1_1' title="bbox 410 463 522 520; baseline 0.009 -2"><span class='ocrx_word' id='word_1_1' title='bbox 410 463 522 520; x_wconf 63' lang='grc'><strong>143</strong></span> 
     </span>
    </p>
   </div>
   <div class='ocr_carea' id='block_1_2' title="bbox 1496 474 2604 538">
    <p class='ocr_par' dir='ltr' id='par_1_2' title="bbox 1496 474 2604 538">
     <span class='ocr_line' id='line_1_2' title="bbox 1496 474 2604 538; baseline 0.006 -9"><span class='ocrx_word' id='word_1_2' title='bbox 1496 474 1873 535; x_wconf 81' lang='lat' dir='ltr'><strong>ADVERSUS</strong></span> <span class='ocrx_word' id='word_1_3' title='bbox 1911 475 2316 537; x_wconf 79' lang='lat' dir='ltr'><strong>NESTORIUM</strong></span> <span class='ocrx_word' id='word_1_4' title='bbox 2349 478 2481 538; x_wconf 87' lang='lat' dir='ltr'><strong>LIB.</strong></span> <span class='ocrx_word' id='word_1_5' title='bbox 2520 480 2604 537; x_wconf 87' lang='grc'><strong>111.</strong></span> 
     </span>
    </p>
   </div>
   <div class='ocr_carea' id='block_1_3' title="bbox 3588 479 3690 536">
    <p class='ocr_par' dir='ltr' id='par_1_3' title="bbox 3588 479 3690 536">
     <span class='ocr_line' id='line_1_3' title="bbox 3588 479 3690 536; baseline -0.039 0"><span class='ocrx_word' id='word_1_6' title='bbox 3588 479 3690 536; x_wconf 72' lang='grc' dir='ltr'>ιδο</span> 
     </span>
    </p>
   </div>
   <div class='ocr_carea' id='block_1_4' title="bbox 408 589 2023 674">
    <p class='ocr_par' dir='ltr' id='par_1_4' title="bbox 408 589 2014 672">
     <span class='ocr_line' id='line_1_4' title="bbox 408 589 2014 672; baseline 0.008 -31"><span class='ocrx_word' id='word_1_7' title='bbox 408 589 693 661; x_wconf 74' lang='grc' dir='ltr'>αἱρετικὲ,</span> <span class='ocrx_word' id='word_1_8' title='bbox 742 592 825 655; x_wconf 85' lang='grc' dir='ltr'>εἰς</span> <span class='ocrx_word' id='word_1_9' title='bbox 856 592 1164 667; x_wconf 79' lang='grc' dir='ltr'><strong>ἀρχιερέως</strong></span> <span class='ocrx_word' id='word_1_10' title='bbox 1220 597 1503 671; x_wconf 78' lang='grc' dir='ltr'>προκόψας</span> <span class='ocrx_word' id='word_1_11' title='bbox 1534 600 1771 672; x_wconf 80' lang='grc' dir='ltr'>ἀξίωμα.</span> <span class='ocrx_word' id='word_1_12' title='bbox 1817 603 2014 656; x_wconf 82' lang='grc' dir='ltr'>Ἀκουε</span> 
     </span>
    </p>
   </div>
   <div class='ocr_carea' id='block_1_5' title="bbox 2125 589 3688 674">
    <p class='ocr_par' dir='ltr' id='par_1_5' title="bbox 2125 598 3688 674">
     <span class='ocr_line' id='line_1_5' title="bbox 2125 598 3688 674; baseline -0.003 -16"><span class='ocrx_word' id='word_1_13' title='bbox 2125 602 2246 670; x_wconf 86' lang='lat' dir='ltr'><strong>tice,</strong></span> <span class='ocrx_word' id='word_1_14' title='bbox 2274 603 2339 660; x_wconf 86' lang='lat' dir='ltr'><strong>ad</strong></span> <span class='ocrx_word' id='word_1_15' title='bbox 2381 602 2654 674; x_wconf 83' lang='lat' dir='ltr'><strong>pontificis</strong></span> <span class='ocrx_word' id='word_1_16' title='bbox 2696 600 3010 673; x_wconf 78' lang='lat' dir='ltr'><strong>dignitatem</strong></span> <span class='ocrx_word' id='word_1_17' title='bbox 3037 613 3373 671; x_wconf 85' lang='lat' dir='ltr'><strong>progressus.</strong></span> <span class='ocrx_word' id='word_1_18' title='bbox 3405 598 3541 654; x_wconf 79' lang='lat' dir='ltr'><strong>Audi</strong></span> <span class='ocrx_word' id='word_1_19' title='bbox 3581 599 3688 656; x_wconf 90' lang='lat' dir='ltr'><strong>cla-</strong></span> 
     </span>
    </p>
   </div>
   <div class='ocr_carea' id='block_1_6' title="bbox 414 681 2018 764">
    <p class='ocr_par' dir='ltr' id='par_1_6' title="bbox 414 681 2018 764">
     <span class='ocr_line' id='line_1_6' title="bbox 414 681 2018 764; baseline 0.008 -30"><span class='ocrx_word' id='word_1_20' title='bbox 414 681 775 750; x_wconf 75' lang='grc' dir='ltr'>σαφεστέρας</span> <span class='ocrx_word' id='word_1_21' title='bbox 803 698 887 737; x_wconf 90' lang='grc' dir='ltr'><strong>σοι</strong></span> <span class='ocrx_word' id='word_1_22' title='bbox 913 685 1220 758; x_wconf 87' lang='grc' dir='ltr'>διαϐοὼσης</span> <span class='ocrx_word' id='word_1_23' title='bbox 1243 693 1427 762; x_wconf 81' lang='grc' dir='ltr'><strong>φωνῆς</strong></span> <span class='ocrx_word' id='word_1_24' title='bbox 1445 708 1458 721; x_wconf 89' lang='grc'><strong>·</strong></span> <span class='ocrx_word' id='word_1_25' title='bbox 1484 710 1504 744; x_wconf 77' lang='grc' dir='ltr'><strong>ι</strong></span> <span class='ocrx_word' id='word_1_26' title='bbox 1537 695 1632 756; x_wconf 82' lang='grc' dir='ltr'>’ος</span> <span class='ocrx_word' id='word_1_27' title='bbox 1654 695 1713 746; x_wconf 81' lang='grc' dir='ltr'>ὲν</span> <span class='ocrx_word' id='word_1_28' title='bbox 1738 695 1858 757; x_wconf 88' lang='grc' dir='ltr'>ταῖς</span> <span class='ocrx_word' id='word_1_29' title='bbox 1883 693 2018 764; x_wconf 86' lang='grc' dir='ltr'>ήμέ-</span> 
     </span>
    </p>
   </div>
   <div class='ocr_carea' id='block_1_7' title="bbox 414 774 2018 856">
    <p class='ocr_par' dir='ltr' id='par_1_7' title="bbox 414 774 2018 856">
     <span class='ocr_line' id='line_1_7' title="bbox 414 774 2018 856; baseline 0.01 -35"><span class='ocrx_word' id='word_1_30' title='bbox 414 788 567 841; x_wconf 83' lang='grc' dir='ltr'>ραις,</span> <span class='ocrx_word' id='word_1_31' title='bbox 598 774 761 841; x_wconf 88' lang='grc' dir='ltr'>φησὶ,</span> <span class='ocrx_word' id='word_1_32' title='bbox 790 774 895 844; x_wconf 80' lang='grc' dir='ltr'>τῆς</span> <span class='ocrx_word' id='word_1_33' title='bbox 934 777 1139 847; x_wconf 91' lang='grc' dir='ltr'>σαρκὸς</span> <span class='ocrx_word' id='word_1_34' title='bbox 1168 778 1355 845; x_wconf 78' lang='grc' dir='ltr'>αὐτοῦ,</span> <span class='ocrx_word' id='word_1_35' title='bbox 1388 781 1602 852; x_wconf 83' lang='grc' dir='ltr'><strong>δεήσεις</strong></span> <span class='ocrx_word' id='word_1_36' title='bbox 1626 800 1688 836; x_wconf 88' lang='grc' dir='ltr'><strong>τε</strong></span> <span class='ocrx_word' id='word_1_37' title='bbox 1717 785 1812 838; x_wconf 85' lang='grc' dir='ltr'><strong>καὶ</strong></span> <span class='ocrx_word' id='word_1_38' title='bbox 1837 785 2018 856; x_wconf 74' lang='grc' dir='ltr'>ἱκετη-</span> 
     </span>
    </p>
   </div>
   <div class='ocr_carea' id='block_1_8' title="bbox 413 860 2015 937">
    <p class='ocr_par' dir='ltr' id='par_1_8' title="bbox 413 860 2015 937">
     <span class='ocr_line' id='line_1_8' title="bbox 413 860 2015 937; baseline 0.011 -27"><span class='ocrx_word' id='word_1_39' title='bbox 413 860 545 930; x_wconf 82' lang='grc' dir='ltr'>ρίας</span> <span class='ocrx_word' id='word_1_40' title='bbox 589 861 733 933; x_wconf 83' lang='grc' dir='ltr'>πρὸς</span> <span class='ocrx_word' id='word_1_41' title='bbox 779 864 879 917; x_wconf 88' lang='grc' dir='ltr'><strong>τὸν</strong></span> <span class='ocrx_word' id='word_1_42' title='bbox 900 864 1202 937; x_wconf 79' lang='grc' dir='ltr'>δυνάμενον</span> <span class='ocrx_word' id='word_1_43' title='bbox 1228 868 1426 934; x_wconf 75' lang='grc' dir='ltr'>σώζειν</span> <span class='ocrx_word' id='word_1_44' title='bbox 1453 872 1616 926; x_wconf 80' lang='grc' dir='ltr'>αὑτὸν</span> <span class='ocrx_word' id='word_1_45' title='bbox 1653 874 1718 926; x_wconf 82' lang='grc' dir='ltr'>ὲκ</span> <span class='ocrx_word' id='word_1_46' title='bbox 1762 873 2015 937; x_wconf 88' lang='grc' dir='ltr'>θανάτου,</span> 
     </span>
    </p>
   </div>
   <div class='ocr_carea' id='block_1_9' title="bbox 418 953 2014 1036">
    <p class='ocr_par' dir='ltr' id='par_1_9' title="bbox 418 953 2014 1036">
     <span class='ocr_line' id='line_1_9' title="bbox 418 953 2014 1036; baseline 0.01 -33"><span class='ocrx_word' id='word_1_47' title='bbox 418 953 565 1022; x_wconf 81' lang='grc' dir='ltr'><strong>μετά</strong></span> <span class='ocrx_word' id='word_1_48' title='bbox 600 954 857 1025; x_wconf 78' lang='grc' dir='ltr'><strong>κραυγῆς</strong></span> <span class='ocrx_word' id='word_1_49' title='bbox 907 957 1138 1031; x_wconf 78' lang='grc' dir='ltr'>ἰσχυρᾶς</span> <span class='ocrx_word' id='word_1_50' title='bbox 1186 962 1280 1015; x_wconf 81' lang='grc' dir='ltr'><strong>καὶ</strong></span> <span class='ocrx_word' id='word_1_51' title='bbox 1325 961 1578 1034; x_wconf 82' lang='grc' dir='ltr'><strong>δακρύων</strong></span> <span class='ocrx_word' id='word_1_52' title='bbox 1622 965 2014 1036; x_wconf 79' lang='grc' dir='ltr'><strong>προσενέγκας,</strong></span> 
     </span>
    </p>
   </div>
   <div class='ocr_carea' id='block_1_10' title="bbox 417 1044 2019 1128">
    <p class='ocr_par' dir='ltr' id='par_1_10' title="bbox 417 1044 2019 1128">
     <span class='ocr_line' id='line_1_10' title="bbox 417 1044 2019 1128; baseline 0.009 -32"><span class='ocrx_word' id='word_1_53' title='bbox 417 1044 520 1097; x_wconf 78' lang='grc' dir='ltr'><strong>καὶ</strong></span> <span class='ocrx_word' id='word_1_54' title='bbox 570 1047 963 1113; x_wconf 78' lang='grc' dir='ltr'><strong>εἰσακουσθεὶς</strong></span> <span class='ocrx_word' id='word_1_55' title='bbox 999 1050 1108 1104; x_wconf 89' lang='grc' dir='ltr'><strong>ἀπὸ</strong></span> <span class='ocrx_word' id='word_1_56' title='bbox 1153 1052 1256 1123; x_wconf 82' lang='grc' dir='ltr'><strong>τῆς</strong></span> <span class='ocrx_word' id='word_1_57' title='bbox 1292 1055 1614 1121; x_wconf 51' lang='grc' dir='ltr'>εὐλαϐείας</span> <span class='ocrx_word' id='word_1_58' title='bbox 1641 1074 1661 1109; x_wconf 80' lang='grc' dir='ltr'><strong>ι</strong></span> <span class='ocrx_word' id='word_1_59' title='bbox 1709 1056 1912 1128; x_wconf 87' lang='grc' dir='ltr'>καίπερ</span> <span class='ocrx_word' id='word_1_60' title='bbox 1943 1056 2019 1110; x_wconf 86' lang='grc' dir='ltr'><strong>ὢν</strong></span> 
     </span>
    </p>
   </div>
   <div class='ocr_carea' id='block_1_11' title="bbox 418 1135 2020 1219">
    <p class='ocr_par' dir='ltr' id='par_1_11' title="bbox 418 1135 2020 1219">
     <span class='ocr_line' id='line_1_11' title="bbox 418 1135 2020 1219; baseline 0.009 -30"><span class='ocrx_word' id='word_1_61' title='bbox 418 1137 576 1202; x_wconf 82' lang='grc' dir='ltr'>Υἱὸς,</span> <span class='ocrx_word' id='word_1_62' title='bbox 599 1139 808 1209; x_wconf 73' lang='grc' dir='ltr'>ἔμαθεν</span> <span class='ocrx_word' id='word_1_63' title='bbox 833 1142 926 1211; x_wconf 78' lang='grc' dir='ltr'>ἀφ’</span> <span class='ocrx_word' id='word_1_64' title='bbox 949 1135 1025 1197; x_wconf 84' lang='grc' dir='ltr'>ὧν</span> <span class='ocrx_word' id='word_1_65' title='bbox 1056 1143 1227 1199; x_wconf 71' lang='grc' dir='ltr'>ἔπαθε</span> <span class='ocrx_word' id='word_1_66' title='bbox 1250 1146 1350 1217; x_wconf 78' lang='grc' dir='ltr'>τὴν</span> <span class='ocrx_word' id='word_1_67' title='bbox 1384 1148 1655 1219; x_wconf 81' lang='grc' dir='ltr'>ὑπακοὴν,</span> <span class='ocrx_word' id='word_1_68' title='bbox 1691 1149 1786 1202; x_wconf 91' lang='grc' dir='ltr'><strong>καὶ</strong></span> <span class='ocrx_word' id='word_1_69' title='bbox 1808 1148 2020 1202; x_wconf 82' lang='grc' dir='ltr'>τελειω-</span> 
     </span>
    </p>
   </div>
   <div class='ocr_carea' id='block_1_12' title="bbox 419 1229 2020 1310">
    <p class='ocr_par' dir='ltr' id='par_1_12' title="bbox 419 1229 2020 1310">
     <span class='ocr_line' id='line_1_12' title="bbox 419 1229 2020 1310; baseline 0.007 -27"><span class='ocrx_word' id='word_1_70' title='bbox 419 1229 562 1294; x_wconf 88' lang='grc' dir='ltr'>θεὶς,</span> <span class='ocrx_word' id='word_1_71' title='bbox 611 1232 836 1300; x_wconf 83' lang='grc' dir='ltr'>ἐγένετο</span> <span class='ocrx_word' id='word_1_72' title='bbox 861 1236 975 1297; x_wconf 82' lang='grc' dir='ltr'>τοῖς</span> <span class='ocrx_word' id='word_1_73' title='bbox 1013 1234 1385 1292; x_wconf 82' lang='grc' dir='ltr'>ὑπακούουσιν</span> <span class='ocrx_word' id='word_1_74' title='bbox 1430 1238 1581 1310; x_wconf 82' lang='grc' dir='ltr'>αὐτῷ</span> <span class='ocrx_word' id='word_1_75' title='bbox 1631 1241 1800 1294; x_wconf 78' lang='grc' dir='ltr'>πᾶσιν</span> <span class='ocrx_word' id='word_1_76' title='bbox 1847 1241 2020 1305; x_wconf 75' lang='grc' dir='ltr'>αἴτιος</span> 
     </span>
    </p>
   </div>
   <div class='ocr_carea' id='block_1_13' title="bbox 420 1322 2019 1406">
    <p class='ocr_par' dir='ltr' id='par_1_13' title="bbox 420 1322 2019 1406">
     <span class='ocr_line' id='line_1_13' title="bbox 420 1322 2019 1406; baseline 0.011 -34"><span class='ocrx_word' id='word_1_77' title='bbox 420 1322 712 1391; x_wconf 75' lang='grc' dir='ltr'>σωτηρίας</span> <span class='ocrx_word' id='word_1_78' title='bbox 766 1324 1132 1382; x_wconf 84' lang='grc' dir='ltr'>ἀκαταλύτου.</span> <span class='ocrx_word' id='word_1_79' title='bbox 1177 1328 1491 1384; x_wconf 82' lang='grc' dir='ltr'>Τελειοῦται</span> <span class='ocrx_word' id='word_1_80' title='bbox 1527 1334 1621 1385; x_wconf 84' lang='grc' dir='ltr'><strong>καὶ</strong></span> <span class='ocrx_word' id='word_1_81' title='bbox 1647 1332 1711 1386; x_wconf 90' lang='grc' dir='ltr'><strong>τὸ</strong></span> <span class='ocrx_word' id='word_1_82' title='bbox 1754 1336 1898 1388; x_wconf 87' lang='grc' dir='ltr'><strong>κατά</strong></span> <span class='ocrx_word' id='word_1_83' title='bbox 1926 1353 2019 1406; x_wconf 88' lang='grc' dir='ltr'>μι-</span> 
     </span>
    </p>
   </div>
   <div class='ocr_carea' id='block_1_14' title="bbox 419 1413 2018 1498">
    <p class='ocr_par' dir='ltr' id='par_1_14' title="bbox 419 1413 2018 1498">
     <span class='ocr_line' id='line_1_14' title="bbox 419 1413 2018 1498; baseline 0.011 -34"><span class='ocrx_word' id='word_1_84' title='bbox 419 1413 563 1483; x_wconf 77' lang='grc' dir='ltr'>κρὸν</span> <span class='ocrx_word' id='word_1_85' title='bbox 587 1416 924 1484; x_wconf 86' lang='grc' dir='ltr'>προκόπτον,</span> <span class='ocrx_word' id='word_1_86' title='bbox 949 1419 1195 1489; x_wconf 86' lang='grc' dir='ltr'>αίρετικέ</span> <span class='ocrx_word' id='word_1_87' title='bbox 1213 1436 1227 1450; x_wconf 74' lang='grc'><strong><em>⁸</em></strong></span> <span class='ocrx_word' id='word_1_88' title='bbox 1252 1422 1382 1483; x_wconf 85' lang='grc' dir='ltr'>περὶ</span> <span class='ocrx_word' id='word_1_89' title='bbox 1411 1414 1474 1475; x_wconf 74' lang='grc' dir='ltr'>οὗ</span> <span class='ocrx_word' id='word_1_90' title='bbox 1501 1424 1600 1478; x_wconf 87' lang='grc' dir='ltr'><strong>καὶ</strong></span> <span class='ocrx_word' id='word_1_91' title='bbox 1628 1426 1883 1496; x_wconf 80' lang='grc' dir='ltr'>Ἰωάννης</span> <span class='ocrx_word' id='word_1_92' title='bbox 1907 1426 2018 1498; x_wconf 65' lang='lat' dir='ltr'><strong>(Si)</strong></span> 
     </span>
    </p>
   </div>
   <div class='ocr_carea' id='block_1_15' title="bbox 417 1505 2021 1588">
    <p class='ocr_par' dir='ltr' id='par_1_15' title="bbox 417 1505 2021 1588">
     <span class='ocr_line' id='line_1_15' title="bbox 417 1505 2021 1588; baseline 0.01 -32"><span class='ocrx_word' id='word_1_93' title='bbox 417 1505 486 1557; x_wconf 65' lang='grc' dir='ltr'>ἐν</span> <span class='ocrx_word' id='word_1_94' title='bbox 514 1507 634 1568; x_wconf 84' lang='grc' dir='ltr'>τοῖς</span> <span class='ocrx_word' id='word_1_95' title='bbox 666 1506 1021 1575; x_wconf 80' lang='grc' dir='ltr'>Εὐαγγελίοις</span> <span class='ocrx_word' id='word_1_96' title='bbox 1049 1509 1186 1582; x_wconf 66' lang='grc' dir='ltr'><strong>βοᾷη</strong></span> <span class='ocrx_word' id='word_1_97' title='bbox 1233 1531 1252 1564; x_wconf 80' lang='grc' dir='ltr'><strong>ι</strong></span> <span class='ocrx_word' id='word_1_98' title='bbox 1289 1513 1498 1583; x_wconf 83' lang='grc' dir='ltr'>Ἰησοῦς</span> <span class='ocrx_word' id='word_1_99' title='bbox 1530 1515 1870 1587; x_wconf 80' lang='grc' dir='ltr'>προέκοπτεν</span> <span class='ocrx_word' id='word_1_100' title='bbox 1900 1517 2021 1588; x_wconf 87' lang='grc' dir='ltr'>ήλί-</span> 
     </span>
    </p>
   </div>
   <div class='ocr_carea' id='block_1_16' title="bbox 416 1594 2024 1676">
    <p class='ocr_par' dir='ltr' id='par_1_16' title="bbox 416 1594 2024 1676">
     <span class='ocr_line' id='line_1_16' title="bbox 416 1594 2024 1676; baseline 0.01 -29"><span class='ocrx_word' id='word_1_101' title='bbox 416 1594 523 1667; x_wconf 79' lang='grc' dir='ltr'>κίᾳ</span> <span class='ocrx_word' id='word_1_102' title='bbox 546 1597 647 1649; x_wconf 77' lang='grc' dir='ltr'><strong>καὶ</strong></span> <span class='ocrx_word' id='word_1_103' title='bbox 675 1598 861 1669; x_wconf 75' lang='grc' dir='ltr'>σοφίᾳ,</span> <span class='ocrx_word' id='word_1_104' title='bbox 889 1601 985 1653; x_wconf 84' lang='grc' dir='ltr'><strong>καὶ</strong></span> <span class='ocrx_word' id='word_1_105' title='bbox 1006 1601 1193 1673; x_wconf 83' lang='grc' dir='ltr'>χάριτι</span> <span class='ocrx_word' id='word_1_106' title='bbox 1213 1620 1226 1633; x_wconf 75' lang='grc' dir='ltr'><strong><em>ο</em></strong></span> <span class='ocrx_word' id='word_1_107' title='bbox 1253 1623 1272 1656; x_wconf 81' lang='grc' dir='ltr'><strong>ι</strong></span> <span class='ocrx_word' id='word_1_108' title='bbox 1293 1598 1375 1669; x_wconf 75' lang='grc' dir='ltr'><strong>οἷς</strong></span> <span class='ocrx_word' id='word_1_109' title='bbox 1398 1608 1667 1676; x_wconf 87' lang='grc' dir='ltr'>σύμφωνα</span> <span class='ocrx_word' id='word_1_110' title='bbox 1692 1608 1789 1663; x_wconf 85' lang='grc' dir='ltr'><strong>καὶ</strong></span> <span class='ocrx_word' id='word_1_111' title='bbox 1811 1608 2024 1675; x_wconf 81' lang='grc' dir='ltr'>Παῦλος</span> 
     </span>
    </p>
   </div>
   <div class='ocr_carea' id='block_1_17' title="bbox 418 1686 2024 1767">
    <p class='ocr_par' dir='ltr' id='par_1_17' title="bbox 418 1686 2024 1767">
     <span class='ocr_line' id='line_1_17' title="bbox 418 1686 2024 1767; baseline 0.011 -29"><span class='ocrx_word' id='word_1_112' title='bbox 418 1686 829 1757; x_wconf 74' lang='grc' dir='ltr'>φθεγγόμενος,</span> <span class='ocrx_word' id='word_1_113' title='bbox 870 1709 890 1743; x_wconf 79' lang='grc' dir='ltr'><strong>ι</strong></span> <span class='ocrx_word' id='word_1_114' title='bbox 937 1692 1277 1759; x_wconf 87' lang='grc' dir='ltr'>Τελειωθεὶς,</span> <span class='ocrx_word' id='word_1_115' title='bbox 1323 1697 1511 1767; x_wconf 89' lang='grc' dir='ltr'>φησὶν,</span> <span class='ocrx_word' id='word_1_116' title='bbox 1539 1699 1754 1766; x_wconf 74' lang='grc' dir='ltr'>ἐγένετο</span> <span class='ocrx_word' id='word_1_117' title='bbox 1778 1703 1890 1764; x_wconf 89' lang='grc' dir='ltr'>τοῖς</span> <span class='ocrx_word' id='word_1_118' title='bbox 1920 1702 2024 1754; x_wconf 86' lang='grc' dir='ltr'>ὑπ-</span> 
     </span>
    </p>
   </div>
   <div class='ocr_carea' id='block_1_18' title="bbox 419 1779 2019 1859">
    <p class='ocr_par' dir='ltr' id='par_1_18' title="bbox 419 1779 2019 1859">
     <span class='ocr_line' id='line_1_18' title="bbox 419 1779 2019 1859; baseline 0.008 -28"><span class='ocrx_word' id='word_1_119' title='bbox 419 1779 730 1833; x_wconf 83' lang='grc' dir='ltr'>ακούουσιν</span> <span class='ocrx_word' id='word_1_120' title='bbox 779 1781 930 1852; x_wconf 75' lang='grc' dir='ltr'><strong>αὺτῷ</strong></span> <span class='ocrx_word' id='word_1_121' title='bbox 966 1784 1160 1850; x_wconf 76' lang='grc' dir='ltr'>πᾶσιν,</span> <span class='ocrx_word' id='word_1_122' title='bbox 1214 1786 1388 1848; x_wconf 81' lang='grc' dir='ltr'>αἰτιος</span> <span class='ocrx_word' id='word_1_123' title='bbox 1436 1788 1709 1859; x_wconf 83' lang='grc' dir='ltr'>σωτηρίας</span> <span class='ocrx_word' id='word_1_124' title='bbox 1764 1790 2019 1844; x_wconf 70' lang='grc' dir='ltr'>αἰωνίου*</span> 
     </span>
    </p>
   </div>
   <div class='ocr_carea' id='block_1_19' title="bbox 2119 690 3688 758">
    <p class='ocr_par' dir='ltr' id='par_1_19' title="bbox 2119 690 3688 758">
     <span class='ocr_line' id='line_1_19' title="bbox 2119 690 3688 758; baseline -0.001 -10"><span class='ocrx_word' id='word_1_125' title='bbox 2119 694 2316 749; x_wconf 87' lang='lat' dir='ltr'><strong>riorem</strong></span> <span class='ocrx_word' id='word_1_126' title='bbox 2368 694 2461 750; x_wconf 88' lang='lat' dir='ltr'><strong>tibi</strong></span> <span class='ocrx_word' id='word_1_127' title='bbox 2511 695 2852 751; x_wconf 88' lang='lat' dir='ltr'><strong>insonantem</strong></span> <span class='ocrx_word' id='word_1_128' title='bbox 2902 706 3086 748; x_wconf 79' lang='lat' dir='ltr'><strong>vocem</strong></span> <span class='ocrx_word' id='word_1_129' title='bbox 3124 707 3186 745; x_wconf 77' lang='grc' dir='ltr'>τι</span> <span class='ocrx_word' id='word_1_130' title='bbox 3226 690 3326 758; x_wconf 80' lang='lat' dir='ltr'><strong>Qui</strong></span> <span class='ocrx_word' id='word_1_131' title='bbox 3370 690 3425 746; x_wconf 88' lang='lat' dir='ltr'><strong>in</strong></span> <span class='ocrx_word' id='word_1_132' title='bbox 3478 692 3688 758; x_wconf 87' lang='lat' dir='ltr'><strong>diebus,</strong></span> 
     </span>
    </p>
   </div>
   <div class='ocr_carea' id='block_1_20' title="bbox 2120 781 3689 854">
    <p class='ocr_par' dir='ltr' id='par_1_20' title="bbox 2120 781 3689 854">
     <span class='ocr_line' id='line_1_20' title="bbox 2120 781 3689 854; baseline -0.003 -16"><span class='ocrx_word' id='word_1_133' title='bbox 2120 783 2314 852; x_wconf 78' lang='lat' dir='ltr'><strong>inquit,</strong></span> <span class='ocrx_word' id='word_1_134' title='bbox 2345 785 2529 840; x_wconf 86' lang='lat' dir='ltr'><strong>carnis</strong></span> <span class='ocrx_word' id='word_1_135' title='bbox 2556 800 2667 840; x_wconf 67' lang='lat' dir='ltr'><strong>suae</strong></span> <span class='ocrx_word' id='word_1_136' title='bbox 2695 798 2885 854; x_wconf 82' lang='lat' dir='ltr'><strong>preces</strong></span> <span class='ocrx_word' id='word_1_137' title='bbox 2930 782 3457 854; x_wconf 88' lang='lat' dir='ltr'><strong>supplicationesque</strong></span> <span class='ocrx_word' id='word_1_138' title='bbox 3478 781 3542 834; x_wconf 88' lang='lat' dir='ltr'><strong>ad</strong></span> <span class='ocrx_word' id='word_1_139' title='bbox 3566 797 3689 834; x_wconf 85' lang='lat' dir='ltr'><strong>eum</strong></span> 
     </span>
    </p>
   </div>
   <div class='ocr_carea' id='block_1_21' title="bbox 2119 873 3693 944">
    <p class='ocr_par' dir='ltr' id='par_1_21' title="bbox 2119 873 3693 944">
     <span class='ocr_line' id='line_1_21' title="bbox 2119 873 3693 944; baseline 0.001 -17"><span class='ocrx_word' id='word_1_140' title='bbox 2119 875 2210 943; x_wconf 90' lang='lat' dir='ltr'><strong>qui</strong></span> <span class='ocrx_word' id='word_1_141' title='bbox 2240 883 2426 944; x_wconf 87' lang='lat' dir='ltr'><strong>posset</strong></span> <span class='ocrx_word' id='word_1_142' title='bbox 2446 889 2568 930; x_wconf 90' lang='lat' dir='ltr'><strong>eum</strong></span> <span class='ocrx_word' id='word_1_143' title='bbox 2599 875 2805 931; x_wconf 81' lang='lat' dir='ltr'><strong>salvum</strong></span> <span class='ocrx_word' id='word_1_144' title='bbox 2826 874 3009 931; x_wconf 87' lang='lat' dir='ltr'><strong>facere</strong></span> <span class='ocrx_word' id='word_1_145' title='bbox 3036 890 3065 927; x_wconf 91' lang='lat' dir='ltr'><strong>a</strong></span> <span class='ocrx_word' id='word_1_146' title='bbox 3084 883 3278 939; x_wconf 90' lang='lat' dir='ltr'><strong>morte,</strong></span> <span class='ocrx_word' id='word_1_147' title='bbox 3308 889 3429 928; x_wconf 89' lang='lat' dir='ltr'><strong>cum</strong></span> <span class='ocrx_word' id='word_1_148' title='bbox 3457 873 3693 928; x_wconf 88' lang='lat' dir='ltr'><strong>clamore</strong></span> 
     </span>
    </p>
   </div>
   <div class='ocr_carea' id='block_1_22' title="bbox 2120 965 3693 1039">
    <p class='ocr_par' dir='ltr' id='par_1_22' title="bbox 2120 965 3693 1039">
     <span class='ocr_line' id='line_1_22' title="bbox 2120 965 3693 1039; baseline 0 -22"><span class='ocrx_word' id='word_1_149' title='bbox 2120 967 2295 1022; x_wconf 89' lang='lat' dir='ltr'><strong>valido</strong></span> <span class='ocrx_word' id='word_1_150' title='bbox 2328 977 2383 1023; x_wconf 90' lang='lat' dir='ltr'><strong>et</strong></span> <span class='ocrx_word' id='word_1_151' title='bbox 2416 968 2673 1039; x_wconf 81' lang='lat' dir='ltr'><strong>lacrymis</strong></span> <span class='ocrx_word' id='word_1_152' title='bbox 2720 966 2978 1031; x_wconf 78' lang='lat' dir='ltr'><strong>offerens,</strong></span> <span class='ocrx_word' id='word_1_153' title='bbox 3020 974 3074 1019; x_wconf 89' lang='lat' dir='ltr'><strong>et</strong></span> <span class='ocrx_word' id='word_1_154' title='bbox 3121 965 3409 1020; x_wconf 78' lang='lat' dir='ltr'><strong>exauditus</strong></span> <span class='ocrx_word' id='word_1_155' title='bbox 3462 979 3559 1033; x_wconf 88' lang='lat' dir='ltr'><strong>pro</strong></span> <span class='ocrx_word' id='word_1_156' title='bbox 3595 978 3693 1017; x_wconf 88' lang='lat' dir='ltr'><strong>sua</strong></span> 
     </span>
    </p>
   </div>
   <div class='ocr_carea' id='block_1_23' title="bbox 2120 1055 3693 1129">
    <p class='ocr_par' dir='ltr' id='par_1_23' title="bbox 2120 1055 3693 1129">
     <span class='ocr_line' id='line_1_23' title="bbox 2120 1055 3693 1129; baseline -0.004 -17"><span class='ocrx_word' id='word_1_157' title='bbox 2120 1060 2423 1115; x_wconf 83' lang='lat' dir='ltr'><strong>reverentia</strong></span> <span class='ocrx_word' id='word_1_158' title='bbox 2454 1061 2501 1094; x_wconf 83' lang='lat'>&quot;</span> <span class='ocrx_word' id='word_1_159' title='bbox 2533 1076 2548 1125; x_wconf 90' lang='lat'><strong>;</strong></span> <span class='ocrx_word' id='word_1_160' title='bbox 2582 1078 2602 1112; x_wconf 79' lang='grc' dir='ltr'><strong>ι</strong></span> <span class='ocrx_word' id='word_1_161' title='bbox 2633 1068 2687 1115; x_wconf 89' lang='grc' dir='ltr'><strong>ει</strong></span> <span class='ocrx_word' id='word_1_162' title='bbox 2715 1059 2928 1129; x_wconf 87' lang='lat' dir='ltr'><strong>quidem</strong></span> <span class='ocrx_word' id='word_1_163' title='bbox 2960 1073 3082 1113; x_wconf 92' lang='lat' dir='ltr'><strong>cum</strong></span> <span class='ocrx_word' id='word_1_164' title='bbox 3105 1066 3253 1113; x_wconf 90' lang='lat' dir='ltr'><strong>esset</strong></span> <span class='ocrx_word' id='word_1_165' title='bbox 3281 1056 3468 1121; x_wconf 89' lang='lat' dir='ltr'><strong>Filius,</strong></span> <span class='ocrx_word' id='word_1_166' title='bbox 3508 1055 3693 1108; x_wconf 84' lang='lat' dir='ltr'><strong>didicit</strong></span> 
     </span>
    </p>
   </div>
   <div class='ocr_carea' id='block_1_24' title="bbox 2120 1147 3696 1219">
    <p class='ocr_par' dir='ltr' id='par_1_24' title="bbox 2120 1147 3696 1219">
     <span class='ocr_line' id='line_1_24' title="bbox 2120 1147 3696 1219; baseline -0.004 -17"><span class='ocrx_word' id='word_1_167' title='bbox 2120 1150 2187 1202; x_wconf 86' lang='lat' dir='ltr'><strong>ab</strong></span> <span class='ocrx_word' id='word_1_168' title='bbox 2219 1147 2302 1204; x_wconf 87' lang='lat' dir='ltr'><strong>his</strong></span> <span class='ocrx_word' id='word_1_169' title='bbox 2330 1164 2449 1218; x_wconf 70' lang='lat' dir='ltr'><strong>quae</strong></span> <span class='ocrx_word' id='word_1_170' title='bbox 2480 1165 2671 1219; x_wconf 88' lang='lat' dir='ltr'><strong>passus</strong></span> <span class='ocrx_word' id='word_1_171' title='bbox 2706 1158 2789 1205; x_wconf 88' lang='lat' dir='ltr'><strong>est</strong></span> <span class='ocrx_word' id='word_1_172' title='bbox 2838 1148 3221 1211; x_wconf 85' lang='lat' dir='ltr'><strong>obedientiam,</strong></span> <span class='ocrx_word' id='word_1_173' title='bbox 3253 1156 3309 1201; x_wconf 91' lang='lat' dir='ltr'><strong>et</strong></span> <span class='ocrx_word' id='word_1_174' title='bbox 3349 1158 3696 1201; x_wconf 82' lang='lat' dir='ltr'><strong>consumma-</strong></span> 
     </span>
    </p>
   </div>
   <div class='ocr_carea' id='block_1_25' title="bbox 2123 1235 3697 1310">
    <p class='ocr_par' dir='ltr' id='par_1_25' title="bbox 2123 1235 3697 1310">
     <span class='ocr_line' id='line_1_25' title="bbox 2123 1235 3697 1310; baseline -0.003 -17"><span class='ocrx_word' id='word_1_175' title='bbox 2123 1249 2227 1305; x_wconf 82' lang='lat' dir='ltr'><strong>tus,</strong></span> <span class='ocrx_word' id='word_1_176' title='bbox 2259 1239 2436 1296; x_wconf 89' lang='lat' dir='ltr'><strong>factus</strong></span> <span class='ocrx_word' id='word_1_177' title='bbox 2466 1250 2551 1296; x_wconf 90' lang='lat' dir='ltr'><strong>est</strong></span> <span class='ocrx_word' id='word_1_178' title='bbox 2596 1239 3100 1310; x_wconf 89' lang='lat' dir='ltr'><strong>obtemperantibus</strong></span> <span class='ocrx_word' id='word_1_179' title='bbox 3151 1237 3254 1293; x_wconf 90' lang='lat' dir='ltr'><strong>sibi</strong></span> <span class='ocrx_word' id='word_1_180' title='bbox 3292 1251 3455 1293; x_wconf 87' lang='lat' dir='ltr'><strong>causa</strong></span> <span class='ocrx_word' id='word_1_181' title='bbox 3502 1235 3697 1290; x_wconf 87' lang='lat' dir='ltr'><strong>salutis</strong></span> 
     </span>
    </p>
   </div>
   <div class='ocr_carea' id='block_1_26' title="bbox 2120 1329 3698 1399">
    <p class='ocr_par' dir='ltr' id='par_1_26' title="bbox 2120 1329 3698 1399">
     <span class='ocr_line' id='line_1_26' title="bbox 2120 1329 3698 1399; baseline -0.003 -14"><span class='ocrx_word' id='word_1_182' title='bbox 2120 1341 2355 1387; x_wconf 64' lang='lat' dir='ltr'><strong>aeternae.</strong></span> <span class='ocrx_word' id='word_1_183' title='bbox 2397 1331 2814 1387; x_wconf 88' lang='lat' dir='ltr'><strong>Consummatur</strong></span> <span class='ocrx_word' id='word_1_184' title='bbox 2830 1339 3010 1386; x_wconf 90' lang='lat' dir='ltr'><strong>autem</strong></span> <span class='ocrx_word' id='word_1_185' title='bbox 3039 1331 3090 1384; x_wconf 89' lang='lat' dir='ltr'><strong>id</strong></span> <span class='ocrx_word' id='word_1_186' title='bbox 3119 1330 3260 1399; x_wconf 89' lang='lat' dir='ltr'><strong>quod</strong></span> <span class='ocrx_word' id='word_1_187' title='bbox 3286 1329 3541 1399; x_wconf 82' lang='lat' dir='ltr'><strong>paulatim</strong></span> <span class='ocrx_word' id='word_1_188' title='bbox 3569 1341 3698 1395; x_wconf 90' lang='lat' dir='ltr'><strong>pro-</strong></span> 
     </span>
    </p>
   </div>
   <div class='ocr_carea' id='block_1_27' title="bbox 2124 1417 3694 1493">
    <p class='ocr_par' dir='ltr' id='par_1_27' title="bbox 2124 1417 3694 1493">
     <span class='ocr_line' id='line_1_27' title="bbox 2124 1417 3694 1493; baseline -0.004 -17"><span class='ocrx_word' id='word_1_189' title='bbox 2124 1421 2257 1486; x_wconf 85' lang='lat' dir='ltr'><strong>ficit,</strong></span> <span class='ocrx_word' id='word_1_190' title='bbox 2290 1422 2544 1478; x_wconf 72' lang='lat' dir='ltr'><strong>bmretice</strong></span> <span class='ocrx_word' id='word_1_191' title='bbox 2572 1439 2588 1489; x_wconf 89' lang='lat'><strong>;</strong></span> <span class='ocrx_word' id='word_1_192' title='bbox 2622 1424 2688 1478; x_wconf 92' lang='lat' dir='ltr'><strong>de</strong></span> <span class='ocrx_word' id='word_1_193' title='bbox 2718 1438 2826 1493; x_wconf 90' lang='lat' dir='ltr'><strong>quo</strong></span> <span class='ocrx_word' id='word_1_194' title='bbox 2852 1422 3092 1478; x_wconf 82' lang='lat' dir='ltr'><strong>Joannes</strong></span> <span class='ocrx_word' id='word_1_195' title='bbox 3135 1424 3189 1476; x_wconf 90' lang='lat' dir='ltr'><strong>in</strong></span> <span class='ocrx_word' id='word_1_196' title='bbox 3243 1420 3549 1489; x_wconf 79' lang='lat' dir='ltr'><strong>Evangeliis</strong></span> <span class='ocrx_word' id='word_1_197' title='bbox 3578 1417 3694 1471; x_wconf 52' lang='grc' dir='ltr'>εἱειε-</span> 
     </span>
    </p>
   </div>
   <div class='ocr_carea' id='block_1_28' title="bbox 2123 1511 3705 1584">
    <p class='ocr_par' dir='ltr' id='par_1_28' title="bbox 2123 1511 3705 1584">
     <span class='ocr_line' id='line_1_28' title="bbox 2123 1511 3705 1584; baseline -0.003 -18"><span class='ocrx_word' id='word_1_198' title='bbox 2123 1521 2236 1566; x_wconf 90' lang='lat' dir='ltr'><strong>mat</strong></span> <span class='ocrx_word' id='word_1_199' title='bbox 2266 1527 2281 1567; x_wconf 89' lang='lat'><strong>:</strong></span> <span class='ocrx_word' id='word_1_200' title='bbox 2315 1531 2335 1565; x_wconf 76' lang='grc' dir='ltr'><strong>ι</strong></span> <span class='ocrx_word' id='word_1_201' title='bbox 2363 1511 2520 1569; x_wconf 83' lang='lat' dir='ltr'><strong>Jesus</strong></span> <span class='ocrx_word' id='word_1_202' title='bbox 2547 1514 2865 1584; x_wconf 85' lang='lat' dir='ltr'><strong>proficiebat</strong></span> <span class='ocrx_word' id='word_1_203' title='bbox 2900 1522 3060 1569; x_wconf 85' lang='lat' dir='ltr'><strong>aetate</strong></span> <span class='ocrx_word' id='word_1_204' title='bbox 3099 1521 3154 1569; x_wconf 89' lang='lat' dir='ltr'><strong>et</strong></span> <span class='ocrx_word' id='word_1_205' title='bbox 3190 1513 3452 1581; x_wconf 86' lang='lat' dir='ltr'><strong>sapientia</strong></span> <span class='ocrx_word' id='word_1_206' title='bbox 3489 1520 3543 1563; x_wconf 90' lang='lat' dir='ltr'><strong>et</strong></span> <span class='ocrx_word' id='word_1_207' title='bbox 3571 1523 3705 1578; x_wconf 75' lang='lat' dir='ltr'><strong>gra-</strong></span> 
     </span>
    </p>
   </div>
   <div class='ocr_carea' id='block_1_29' title="bbox 2126 1602 3694 1672">
    <p class='ocr_par' dir='ltr' id='par_1_29' title="bbox 2126 1602 3694 1672">
     <span class='ocr_line' id='line_1_29' title="bbox 2126 1602 3694 1672; baseline -0.003 -15"><span class='ocrx_word' id='word_1_208' title='bbox 2126 1602 2196 1657; x_wconf 87' lang='lat' dir='ltr'><strong>tia</strong></span> <span class='ocrx_word' id='word_1_209' title='bbox 2219 1602 2308 1656; x_wconf 79' lang='lat'><strong>&#39;°:</strong></span> <span class='ocrx_word' id='word_1_210' title='bbox 2371 1622 2393 1657; x_wconf 78' lang='grc' dir='ltr'><strong>ι</strong></span> <span class='ocrx_word' id='word_1_211' title='bbox 2444 1604 2652 1672; x_wconf 85' lang='lat' dir='ltr'><strong>Quibus</strong></span> <span class='ocrx_word' id='word_1_212' title='bbox 2702 1605 2885 1660; x_wconf 84' lang='lat' dir='ltr'><strong>verbis</strong></span> <span class='ocrx_word' id='word_1_213' title='bbox 2935 1618 3173 1660; x_wconf 89' lang='lat' dir='ltr'><strong>consona</strong></span> <span class='ocrx_word' id='word_1_214' title='bbox 3221 1602 3418 1657; x_wconf 92' lang='lat' dir='ltr'><strong>Paulus</strong></span> <span class='ocrx_word' id='word_1_215' title='bbox 3460 1602 3694 1656; x_wconf 89' lang='lat' dir='ltr'><strong>dicens:</strong></span> 
     </span>
    </p>
   </div>
   <div class='ocr_carea' id='block_1_30' title="bbox 2128 1693 3692 1765">
    <p class='ocr_par' dir='ltr' id='par_1_30' title="bbox 2128 1693 3692 1765">
     <span class='ocr_line' id='line_1_30' title="bbox 2128 1693 3692 1765; baseline -0.001 -18"><span class='ocrx_word' id='word_1_216' title='bbox 2128 1712 2149 1747; x_wconf 81' lang='grc' dir='ltr'><strong>ι</strong></span> <span class='ocrx_word' id='word_1_217' title='bbox 2185 1694 2630 1760; x_wconf 87' lang='lat' dir='ltr'><strong>Consummatus,</strong></span> <span class='ocrx_word' id='word_1_218' title='bbox 2651 1697 2844 1765; x_wconf 89' lang='lat' dir='ltr'><strong>inquit,</strong></span> <span class='ocrx_word' id='word_1_219' title='bbox 2893 1695 3070 1751; x_wconf 85' lang='lat' dir='ltr'><strong>factus</strong></span> <span class='ocrx_word' id='word_1_220' title='bbox 3095 1705 3180 1750; x_wconf 88' lang='lat' dir='ltr'><strong>est</strong></span> <span class='ocrx_word' id='word_1_221' title='bbox 3201 1694 3450 1749; x_wconf 91' lang='lat' dir='ltr'><strong>omnibus</strong></span> <span class='ocrx_word' id='word_1_222' title='bbox 3479 1693 3692 1747; x_wconf 89' lang='lat' dir='ltr'><strong>obtem-</strong></span> 
     </span>
    </p>
   </div>
   <div class='ocr_carea' id='block_1_31' title="bbox 2126 1786 3694 1854">
    <p class='ocr_par' dir='ltr' id='par_1_31' title="bbox 2126 1786 3694 1854">
     <span class='ocr_line' id='line_1_31' title="bbox 2126 1786 3694 1854; baseline -0.001 -15"><span class='ocrx_word' id='word_1_223' title='bbox 2126 1788 2445 1854; x_wconf 86' lang='lat' dir='ltr'><strong>perantibus</strong></span> <span class='ocrx_word' id='word_1_224' title='bbox 2481 1788 2585 1843; x_wconf 88' lang='lat' dir='ltr'><strong>sibi</strong></span> <span class='ocrx_word' id='word_1_225' title='bbox 2632 1803 2796 1843; x_wconf 87' lang='lat' dir='ltr'><strong>causa</strong></span> <span class='ocrx_word' id='word_1_226' title='bbox 2835 1788 3025 1843; x_wconf 87' lang='lat' dir='ltr'><strong>salutis</strong></span> <span class='ocrx_word' id='word_1_227' title='bbox 3071 1796 3311 1850; x_wconf 68' lang='lat' dir='ltr'><strong>aeternzr,</strong></span> <span class='ocrx_word' id='word_1_228' title='bbox 3339 1786 3635 1854; x_wconf 86' lang='lat' dir='ltr'><strong>appellatus</strong></span> <span class='ocrx_word' id='word_1_229' title='bbox 3663 1799 3694 1837; x_wconf 89' lang='lat' dir='ltr'><strong>a</strong></span> 
     </span>
    </p>
   </div>
   <div class='ocr_carea' id='block_1_32' title="bbox 417 1872 2023 1951">
    <p class='ocr_par' dir='ltr' id='par_1_32' title="bbox 417 1873 2022 1951">
     <span class='ocr_line' id='line_1_32' title="bbox 417 1873 2022 1951; baseline 0.009 -29"><span class='ocrx_word' id='word_1_230' title='bbox 417 1873 904 1942; x_wconf 78' lang='grc' dir='ltr'>προσαγορευθεὶς</span> <span class='ocrx_word' id='word_1_231' title='bbox 952 1875 1060 1929; x_wconf 84' lang='grc' dir='ltr'><strong>ὑπὸ</strong></span> <span class='ocrx_word' id='word_1_232' title='bbox 1113 1877 1209 1930; x_wconf 77' lang='grc' dir='ltr'>τοῦ</span> <span class='ocrx_word' id='word_1_233' title='bbox 1247 1877 1381 1931; x_wconf 80' lang='grc' dir='ltr'>Θεοῦ</span> <span class='ocrx_word' id='word_1_234' title='bbox 1414 1881 1708 1950; x_wconf 81' lang='grc' dir='ltr'>ἀρχιερεὺς</span> <span class='ocrx_word' id='word_1_235' title='bbox 1738 1884 1882 1936; x_wconf 88' lang='grc' dir='ltr'><strong>κατά</strong></span> <span class='ocrx_word' id='word_1_236' title='bbox 1923 1882 2022 1951; x_wconf 83' lang='grc' dir='ltr'>τὴν</span> 
     </span>
    </p>
   </div>
   <div class='ocr_carea' id='block_1_33' title="bbox 2125 1872 3692 1951">
    <p class='ocr_par' dir='ltr' id='par_1_33' title="bbox 2126 1872 3692 1943">
     <span class='ocr_line' id='line_1_33' title="bbox 2126 1872 3692 1943; baseline 0 -15"><span class='ocrx_word' id='word_1_237' title='bbox 2126 1872 2237 1929; x_wconf 91' lang='lat' dir='ltr'><strong>Deo</strong></span> <span class='ocrx_word' id='word_1_238' title='bbox 2265 1877 2519 1931; x_wconf 84' lang='lat' dir='ltr'><strong>sacerdos</strong></span> <span class='ocrx_word' id='word_1_239' title='bbox 2539 1879 2833 1931; x_wconf 88' lang='lat' dir='ltr'><strong>secundum</strong></span> <span class='ocrx_word' id='word_1_240' title='bbox 2859 1879 3105 1933; x_wconf 85' lang='lat' dir='ltr'><strong>ordinem</strong></span> <span class='ocrx_word' id='word_1_241' title='bbox 3139 1874 3597 1932; x_wconf 79' lang='lat' dir='ltr'><strong>Melchisedech“</strong></span> <span class='ocrx_word' id='word_1_242' title='bbox 3623 1890 3640 1943; x_wconf 88' lang='lat'><strong>;</strong></span> <span class='ocrx_word' id='word_1_243' title='bbox 3671 1896 3692 1927; x_wconf 72' lang='grc' dir='ltr'><strong>ι</strong></span> 
     </span>
    </p>
   </div>
   <div class='ocr_carea' id='block_1_34' title="bbox 418 1942 2023 2045">
    <p class='ocr_par' dir='ltr' id='par_1_34' title="bbox 418 1942 2018 2045">
     <span class='ocr_line' id='line_1_34' title="bbox 418 1942 2018 2045; baseline 0.008 -29"><span class='ocrx_word' id='word_1_244' title='bbox 418 1962 585 2028; x_wconf 78' lang='grc' dir='ltr'>τάξιν</span> <span class='ocrx_word' id='word_1_245' title='bbox 628 1965 1004 2034; x_wconf 70' lang='grc' dir='ltr'>Μελχισεδέκ*</span> <span class='ocrx_word' id='word_1_246' title='bbox 1045 1986 1063 2019; x_wconf 78' lang='grc' dir='ltr'><strong>ι</strong></span> <span class='ocrx_word' id='word_1_247' title='bbox 1104 1963 1257 2033; x_wconf 71' lang='grc' dir='ltr'>οὗτος</span> <span class='ocrx_word' id='word_1_248' title='bbox 1304 1972 1332 2023; x_wconf 94' lang='lat'><strong>6</strong></span> <span class='ocrx_word' id='word_1_249' title='bbox 1377 1942 1550 2042; x_wconf 68' lang='grc' dir='ltr'><strong>Μωσῇ</strong></span> <span class='ocrx_word' id='word_1_250' title='bbox 1582 1942 1730 2026; x_wconf 70' lang='grc' dir='ltr'>κατὰ</span> <span class='ocrx_word' id='word_1_251' title='bbox 1774 1974 1867 2027; x_wconf 88' lang='grc' dir='ltr'><strong>τὸν</strong></span> <span class='ocrx_word' id='word_1_252' title='bbox 1922 1942 2018 2045; x_wconf 61' lang='grc' dir='ltr'><strong>της</strong></span> 
     </span>
    </p>
   </div>
   <div class='ocr_carea' id='block_1_35' title="bbox 2125 1942 3696 2045">
    <p class='ocr_par' dir='ltr' id='par_1_35' title="bbox 2126 1965 3696 2037">
     <span class='ocr_line' id='line_1_35' title="bbox 2126 1965 3696 2037; baseline 0.001 -18"><span class='ocrx_word' id='word_1_253' title='bbox 2126 1966 2213 2020; x_wconf 88' lang='lat' dir='ltr'><strong>hic</strong></span> <span class='ocrx_word' id='word_1_254' title='bbox 2243 1965 2331 2020; x_wconf 89' lang='lat' dir='ltr'><strong>ille</strong></span> <span class='ocrx_word' id='word_1_255' title='bbox 2351 1982 2471 2020; x_wconf 87' lang='lat' dir='ltr'><strong>cmn</strong></span> <span class='ocrx_word' id='word_1_256' title='bbox 2500 1965 2649 2022; x_wconf 84' lang='lat' dir='ltr'><strong>Mose</strong></span> <span class='ocrx_word' id='word_1_257' title='bbox 2676 1968 2818 2037; x_wconf 90' lang='lat' dir='ltr'><strong>quod</strong></span> <span class='ocrx_word' id='word_1_258' title='bbox 2847 1969 2915 2023; x_wconf 87' lang='lat' dir='ltr'><strong>ad</strong></span> <span class='ocrx_word' id='word_1_259' title='bbox 2955 1968 3187 2022; x_wconf 88' lang='lat' dir='ltr'><strong>ducendi</strong></span> <span class='ocrx_word' id='word_1_260' title='bbox 3215 1967 3490 2022; x_wconf 76' lang='lat' dir='ltr'><strong>exercitus</strong></span> <span class='ocrx_word' id='word_1_261' title='bbox 3517 1976 3696 2036; x_wconf 90' lang='lat' dir='ltr'><strong>typum</strong></span> 
     </span>
    </p>
   </div>
   <div class='ocr_carea' id='block_1_36' title="bbox 424 2056 2021 2134">
    <p class='ocr_par' dir='ltr' id='par_1_36' title="bbox 424 2056 2021 2134">
     <span class='ocr_line' id='line_1_36' title="bbox 424 2056 2021 2134; baseline 0.007 -28"><span class='ocrx_word' id='word_1_262' title='bbox 424 2056 777 2127; x_wconf 81' lang='grc' dir='ltr'>στρατηγίας</span> <span class='ocrx_word' id='word_1_263' title='bbox 838 2061 1264 2129; x_wconf 73' lang='grc' dir='ltr'>συγκρινόμενος</span> <span class='ocrx_word' id='word_1_264' title='bbox 1318 2062 1523 2115; x_wconf 86' lang='grc' dir='ltr'>τύπον·</span> <span class='ocrx_word' id='word_1_265' title='bbox 1568 2064 1597 2115; x_wconf 93' lang='lat'><strong>6</strong></span> <span class='ocrx_word' id='word_1_266' title='bbox 1647 2063 1867 2134; x_wconf 86' lang='grc' dir='ltr'>σπέρμα</span> <span class='ocrx_word' id='word_1_267' title='bbox 1923 2064 2021 2117; x_wconf 74' lang='grc' dir='ltr'>τοῦ</span> 
     </span>
    </p>
   </div>
   <div class='ocr_carea' id='block_1_37' title="bbox 437 2147 2021 2225">
    <p class='ocr_par' dir='ltr' id='par_1_37' title="bbox 437 2147 2021 2225">
     <span class='ocr_line' id='line_1_37' title="bbox 437 2147 2021 2225; baseline 0.006 -26"><span class='ocrx_word' id='word_1_268' title='bbox 437 2147 700 2217; x_wconf 83' lang='grc' dir='ltr'>’Δϐραάμ</span> <span class='ocrx_word' id='word_1_269' title='bbox 739 2149 1082 2220; x_wconf 83' lang='grc' dir='ltr'>κεκλημένος</span> <span class='ocrx_word' id='word_1_270' title='bbox 1105 2167 1118 2180; x_wconf 87' lang='grc'><strong>·</strong></span> <span class='ocrx_word' id='word_1_271' title='bbox 1163 2151 1192 2204; x_wconf 96' lang='lat'><strong>6</strong></span> <span class='ocrx_word' id='word_1_272' title='bbox 1237 2152 1378 2206; x_wconf 81' lang='grc' dir='ltr'>κατὰ</span> <span class='ocrx_word' id='word_1_273' title='bbox 1408 2155 1589 2208; x_wconf 89' lang='grc' dir='ltr'>πάντα</span> <span class='ocrx_word' id='word_1_274' title='bbox 1629 2158 1743 2220; x_wconf 90' lang='grc' dir='ltr'>τοῖς</span> <span class='ocrx_word' id='word_1_275' title='bbox 1770 2156 2021 2225; x_wconf 81' lang='grc' dir='ltr'><strong>ἀδελφοῖς</strong></span> 
     </span>
    </p>
   </div>
   <div class='ocr_carea' id='block_1_38' title="bbox 430 2238 2022 2317">
    <p class='ocr_par' dir='ltr' id='par_1_38' title="bbox 430 2238 2022 2317">
     <span class='ocr_line' id='line_1_38' title="bbox 430 2238 2022 2317; baseline 0.008 -29"><span class='ocrx_word' id='word_1_276' title='bbox 430 2238 820 2307; x_wconf 82' lang='grc' dir='ltr'>παραπλήσιος</span> <span class='ocrx_word' id='word_1_277' title='bbox 843 2255 857 2270; x_wconf 74' lang='grc' dir='ltr'><strong>ο</strong></span> <span class='ocrx_word' id='word_1_278' title='bbox 893 2241 922 2292; x_wconf 90' lang='lat'><strong>6</strong></span> <span class='ocrx_word' id='word_1_279' title='bbox 957 2242 1135 2312; x_wconf 83' lang='grc' dir='ltr'>χρόνῳ</span> <span class='ocrx_word' id='word_1_280' title='bbox 1167 2243 1461 2314; x_wconf 86' lang='grc' dir='ltr'>γενόμενος</span> <span class='ocrx_word' id='word_1_281' title='bbox 1504 2246 1833 2317; x_wconf 76' lang='grc' dir='ltr'>ἀρχιερεύςο</span> <span class='ocrx_word' id='word_1_282' title='bbox 1874 2249 1904 2300; x_wconf 92' lang='lat'><strong>6</strong></span> <span class='ocrx_word' id='word_1_283' title='bbox 1932 2247 2022 2301; x_wconf 81' lang='grc' dir='ltr'><strong>διὰ</strong></span> 
     </span>
    </p>
   </div>
   <div class='ocr_carea' id='block_1_39' title="bbox 438 2328 2022 2405">
    <p class='ocr_par' dir='ltr' id='par_1_39' title="bbox 438 2328 2022 2405">
     <span class='ocr_line' id='line_1_39' title="bbox 438 2328 2022 2405; baseline 0.006 -24"><span class='ocrx_word' id='word_1_284' title='bbox 438 2328 779 2400; x_wconf 70' lang='grc' dir='ltr'>παθημάτων</span> <span class='ocrx_word' id='word_1_285' title='bbox 812 2331 1123 2398; x_wconf 85' lang='grc' dir='ltr'>τελειωθείς</span> <span class='ocrx_word' id='word_1_286' title='bbox 1141 2351 1155 2364; x_wconf 85' lang='grc'><strong>·</strong></span> <span class='ocrx_word' id='word_1_287' title='bbox 1187 2336 1217 2388; x_wconf 94' lang='lat'><strong>6</strong></span> <span class='ocrx_word' id='word_1_288' title='bbox 1247 2337 1306 2389; x_wconf 79' lang='grc' dir='ltr'>ὲν</span> <span class='ocrx_word' id='word_1_289' title='bbox 1408 2336 1676 2391; x_wconf 82' lang='grc' dir='ltr'>πέπονθεν</span> <span class='ocrx_word' id='word_1_290' title='bbox 1705 2338 1870 2402; x_wconf 81' lang='grc' dir='ltr'>αὐτὸς</span> <span class='ocrx_word' id='word_1_291' title='bbox 1901 2356 2022 2391; x_wconf 79' lang='grc' dir='ltr'>πει-</span> 
     </span>
    </p>
   </div>
   <div class='ocr_carea' id='block_1_40' title="bbox 436 2420 2024 2500">
    <p class='ocr_par' dir='ltr' id='par_1_40' title="bbox 436 2420 2024 2500">
     <span class='ocr_line' id='line_1_40' title="bbox 436 2420 2024 2500; baseline 0.007 -28"><span class='ocrx_word' id='word_1_292' title='bbox 436 2420 658 2490; x_wconf 85' lang='grc' dir='ltr'>ρασθεὶς</span> <span class='ocrx_word' id='word_1_293' title='bbox 695 2422 999 2492; x_wconf 80' lang='grc' dir='ltr'>δυνάμενος</span> <span class='ocrx_word' id='word_1_294' title='bbox 1027 2427 1143 2488; x_wconf 79' lang='grc' dir='ltr'>τοῖς</span> <span class='ocrx_word' id='word_1_295' title='bbox 1190 2428 1610 2498; x_wconf 81' lang='grc' dir='ltr'>πειραζομένοις</span> <span class='ocrx_word' id='word_1_296' title='bbox 1652 2428 1953 2500; x_wconf 77' lang='grc' dir='ltr'>βοηθῆσαιο</span> <span class='ocrx_word' id='word_1_297' title='bbox 1994 2432 2024 2483; x_wconf 94' lang='lat'><strong>6</strong></span> 
     </span>
    </p>
   </div>
   <div class='ocr_carea' id='block_1_41' title="bbox 428 2510 2020 2589">
    <p class='ocr_par' dir='ltr' id='par_1_41' title="bbox 428 2510 2020 2589">
     <span class='ocr_line' id='line_1_41' title="bbox 428 2510 2020 2589; baseline 0.007 -26"><span class='ocrx_word' id='word_1_298' title='bbox 428 2510 579 2564; x_wconf 84' lang='grc' dir='ltr'><strong>κατά</strong></span> <span class='ocrx_word' id='word_1_299' title='bbox 610 2512 713 2583; x_wconf 84' lang='grc' dir='ltr'>τὴν</span> <span class='ocrx_word' id='word_1_300' title='bbox 758 2512 914 2577; x_wconf 82' lang='grc' dir='ltr'>τάξιν</span> <span class='ocrx_word' id='word_1_301' title='bbox 947 2515 1287 2586; x_wconf 79' lang='grc' dir='ltr'>Μελχισεδὲκ</span> <span class='ocrx_word' id='word_1_302' title='bbox 1326 2518 1618 2588; x_wconf 80' lang='grc' dir='ltr'>ἀρχιερεὺς</span> <span class='ocrx_word' id='word_1_303' title='bbox 1658 2518 2020 2589; x_wconf 80' lang='grc' dir='ltr'>κεκλημένος.</span> 
     </span>
    </p>
   </div>
   <div class='ocr_carea' id='block_1_42' title="bbox 424 2600 2022 2681">
    <p class='ocr_par' dir='ltr' id='par_1_42' title="bbox 424 2600 2022 2681">
     <span class='ocr_line' id='line_1_42' title="bbox 424 2600 2022 2681; baseline 0.004 -25"><span class='ocrx_word' id='word_1_304' title='bbox 424 2603 497 2657; x_wconf 84' lang='grc' dir='ltr'>Τί</span> <span class='ocrx_word' id='word_1_305' title='bbox 523 2600 619 2658; x_wconf 75' lang='grc' dir='ltr'><strong>οὖν</strong></span> <span class='ocrx_word' id='word_1_306' title='bbox 650 2605 1081 2678; x_wconf 81' lang='grc' dir='ltr'>ἀνθερμηνεύεις</span> <span class='ocrx_word' id='word_1_307' title='bbox 1124 2607 1200 2678; x_wconf 84' lang='grc' dir='ltr'>τῷ</span> <span class='ocrx_word' id='word_1_308' title='bbox 1256 2610 1473 2681; x_wconf 83' lang='grc' dir='ltr'><strong>Παύλῳ,</strong></span> <span class='ocrx_word' id='word_1_309' title='bbox 1528 2610 1621 2664; x_wconf 86' lang='grc' dir='ltr'><strong>τὸν</strong></span> <span class='ocrx_word' id='word_1_310' title='bbox 1667 2611 1851 2681; x_wconf 81' lang='grc' dir='ltr'>ἀπαθῆ</span> <span class='ocrx_word' id='word_1_311' title='bbox 1891 2610 2022 2663; x_wconf 81' lang='grc' dir='ltr'>Θεὸν</span> 
     </span>
    </p>
   </div>
   <div class='ocr_carea' id='block_1_43' title="bbox 421 2694 2023 2770">
    <p class='ocr_par' dir='ltr' id='par_1_43' title="bbox 421 2694 2023 2770">
     <span class='ocr_line' id='line_1_43' title="bbox 421 2694 2023 2770; baseline 0.004 -23"><span class='ocrx_word' id='word_1_312' title='bbox 421 2694 603 2763; x_wconf 77' lang='grc' dir='ltr'>Λόγον</span> <span class='ocrx_word' id='word_1_313' title='bbox 660 2695 894 2767; x_wconf 82' lang='grc' dir='ltr'>ὲπιγείῳ</span> <span class='ocrx_word' id='word_1_314' title='bbox 951 2698 1295 2767; x_wconf 81' lang='grc' dir='ltr'>καταμιγνὺς</span> <span class='ocrx_word' id='word_1_315' title='bbox 1344 2698 1586 2770; x_wconf 86' lang='grc' dir='ltr'>σώματι,</span> <span class='ocrx_word' id='word_1_316' title='bbox 1643 2700 1739 2754; x_wconf 85' lang='grc' dir='ltr'><strong>καὶ</strong></span> <span class='ocrx_word' id='word_1_317' title='bbox 1781 2700 2023 2770; x_wconf 87' lang='grc' dir='ltr'>παθητὸν</span> 
     </span>
    </p>
   </div>
   <div class='ocr_carea' id='block_1_44' title="bbox 419 2787 975 2860">
    <p class='ocr_par' dir='ltr' id='par_1_44' title="bbox 419 2787 975 2860">
     <span class='ocr_line' id='line_1_44' title="bbox 419 2787 975 2860; baseline 0.004 -21"><span class='ocrx_word' id='word_1_318' title='bbox 419 2787 697 2858; x_wconf 81' lang='grc' dir='ltr'>ἀρχιερέα</span> <span class='ocrx_word' id='word_1_319' title='bbox 723 2787 896 2855; x_wconf 78' lang='grc' dir='ltr'>ποιῶν</span> <span class='ocrx_word' id='word_1_320' title='bbox 918 2793 975 2860; x_wconf 79' lang='lat' dir='ltr'><strong>;j‘</strong></span> 
     </span>
    </p>
   </div>
   <div class='ocr_carea' id='block_1_45' title="bbox 1043 2925 1421 2981">
    <p class='ocr_par' dir='ltr' id='par_1_45' title="bbox 1043 2925 1421 2981">
     <span class='ocr_line' id='line_1_45' title="bbox 1043 2925 1421 2981; baseline 0.011 -4"><span class='ocrx_word' id='word_1_321' title='bbox 1043 2925 1294 2979; x_wconf 81' lang='grc' dir='ltr'><strong>ΚΕΦΔΛ.</strong></span> <span class='ocrx_word' id='word_1_322' title='bbox 1349 2929 1421 2981; x_wconf 77' lang='lat' dir='ltr'><strong>A&#39;.</strong></span> 
     </span>
    </p>
   </div>
   <div class='ocr_carea' id='block_1_46' title="bbox 507 3055 2024 3136">
    <p class='ocr_par' dir='ltr' id='par_1_46' title="bbox 507 3055 2024 3136">
     <span class='ocr_line' id='line_1_46' title="bbox 507 3055 2024 3136; baseline 0.003 -22"><span class='ocrx_word' id='word_1_323' title='bbox 507 3061 603 3125; x_wconf 81' lang='grc' dir='ltr'>Ὦς</span> <span class='ocrx_word' id='word_1_324' title='bbox 634 3059 1014 3131; x_wconf 76' lang='grc' dir='ltr'>ἀκμαιοτάτην</span> <span class='ocrx_word' id='word_1_325' title='bbox 1034 3094 1057 3123; x_wconf 71' lang='grc' dir='ltr'><strong>,ι</strong></span> <span class='ocrx_word' id='word_1_326' title='bbox 1079 3055 1126 3115; x_wconf 80' lang='grc' dir='ltr'>ὧ</span> <span class='ocrx_word' id='word_1_327' title='bbox 1148 3064 1271 3116; x_wconf 72' lang='grc' dir='ltr'><strong>’τᾶν</strong></span> <span class='ocrx_word' id='word_1_328' title='bbox 1291 3104 1305 3128; x_wconf 91' lang='grc'><strong>,</strong></span> <span class='ocrx_word' id='word_1_329' title='bbox 1326 3062 1421 3116; x_wconf 88' lang='grc' dir='ltr'><strong>καὶ</strong></span> <span class='ocrx_word' id='word_1_330' title='bbox 1441 3063 1593 3133; x_wconf 85' lang='grc' dir='ltr'>μάλα·</span> <span class='ocrx_word' id='word_1_331' title='bbox 1630 3064 1882 3136; x_wconf 82' lang='grc' dir='ltr'>νεανικῆν</span> <span class='ocrx_word' id='word_1_332' title='bbox 1915 3065 2024 3118; x_wconf 81' lang='grc' dir='ltr'>τῶν</span> 
     </span>
    </p>
   </div>
   <div class='ocr_carea' id='block_1_47' title="bbox 423 3153 2025 3227">
    <p class='ocr_par' dir='ltr' id='par_1_47' title="bbox 423 3153 2025 3227">
     <span class='ocr_line' id='line_1_47' title="bbox 423 3153 2025 3227; baseline 0.004 -22"><span class='ocrx_word' id='word_1_333' title='bbox 423 3154 532 3225; x_wconf 78' lang='grc' dir='ltr'>τῆς</span> <span class='ocrx_word' id='word_1_334' title='bbox 563 3153 860 3217; x_wconf 83' lang='grc' dir='ltr'>εὐσεϐείας</span> <span class='ocrx_word' id='word_1_335' title='bbox 890 3153 1179 3224; x_wconf 79' lang='grc' dir='ltr'>δογμάτων</span> <span class='ocrx_word' id='word_1_336' title='bbox 1225 3154 1469 3226; x_wconf 75' lang='grc' dir='ltr'>ἐποιήσω</span> <span class='ocrx_word' id='word_1_337' title='bbox 1515 3156 1616 3226; x_wconf 81' lang='grc' dir='ltr'><strong>τὴν</strong></span> <span class='ocrx_word' id='word_1_338' title='bbox 1645 3157 2025 3227; x_wconf 84' lang='grc' dir='ltr'>καταδρομήν.</span> 
     </span>
    </p>
   </div>
   <div class='ocr_carea' id='block_1_48' title="bbox 2126 2057 3700 2127">
    <p class='ocr_par' dir='ltr' id='par_1_48' title="bbox 2126 2057 3700 2127">
     <span class='ocr_line' id='line_1_48' title="bbox 2126 2057 3700 2127; baseline 0 -18"><span class='ocrx_word' id='word_1_339' title='bbox 2126 2066 2494 2127; x_wconf 86' lang='lat' dir='ltr'><strong>comparatus,</strong></span> <span class='ocrx_word' id='word_1_340' title='bbox 2523 2057 2609 2112; x_wconf 88' lang='lat' dir='ltr'><strong>ille</strong></span> <span class='ocrx_word' id='word_1_341' title='bbox 2643 2071 2825 2112; x_wconf 88' lang='lat' dir='ltr'><strong>semen</strong></span> <span class='ocrx_word' id='word_1_342' title='bbox 2880 2058 3152 2112; x_wconf 81' lang='lat' dir='ltr'><strong>Abraham</strong></span> <span class='ocrx_word' id='word_1_343' title='bbox 3214 2070 3460 2121; x_wconf 84' lang='lat' dir='ltr'><strong>vocatus,</strong></span> <span class='ocrx_word' id='word_1_344' title='bbox 3491 2058 3579 2113; x_wconf 90' lang='lat' dir='ltr'><strong>ille</strong></span> <span class='ocrx_word' id='word_1_345' title='bbox 3606 2072 3700 2125; x_wconf 87' lang='lat' dir='ltr'><strong>per</strong></span> 
     </span>
    </p>
   </div>
   <div class='ocr_carea' id='block_1_49' title="bbox 2123 2147 3702 2219">
    <p class='ocr_par' dir='ltr' id='par_1_49' title="bbox 2123 2147 3702 2219">
     <span class='ocr_line' id='line_1_49' title="bbox 2123 2147 3702 2219; baseline 0.002 -19"><span class='ocrx_word' id='word_1_346' title='bbox 2123 2148 2305 2200; x_wconf 87' lang='lat' dir='ltr'><strong>omnia</strong></span> <span class='ocrx_word' id='word_1_347' title='bbox 2337 2147 2528 2204; x_wconf 85' lang='lat' dir='ltr'><strong>similis</strong></span> <span class='ocrx_word' id='word_1_348' title='bbox 2560 2149 2822 2205; x_wconf 85' lang='lat' dir='ltr'><strong>fratribus</strong></span> <span class='ocrx_word' id='word_1_349' title='bbox 2852 2149 2897 2182; x_wconf 73' lang='grc' dir='ltr'>θ’</span> <span class='ocrx_word' id='word_1_350' title='bbox 2928 2167 2944 2218; x_wconf 89' lang='grc'>;</span> <span class='ocrx_word' id='word_1_351' title='bbox 2978 2150 3067 2204; x_wconf 89' lang='lat' dir='ltr'><strong>ille</strong></span> <span class='ocrx_word' id='word_1_352' title='bbox 3100 2160 3340 2219; x_wconf 87' lang='lat' dir='ltr'><strong>tempore</strong></span> <span class='ocrx_word' id='word_1_353' title='bbox 3375 2150 3550 2204; x_wconf 88' lang='lat' dir='ltr'><strong>factus</strong></span> <span class='ocrx_word' id='word_1_354' title='bbox 3570 2163 3702 2218; x_wconf 83' lang='lat' dir='ltr'><strong>pon-</strong></span> 
     </span>
    </p>
   </div>
   <div class='ocr_carea' id='block_1_50' title="bbox 2126 2235 3699 2309">
    <p class='ocr_par' dir='ltr' id='par_1_50' title="bbox 2126 2235 3699 2309">
     <span class='ocr_line' id='line_1_50' title="bbox 2126 2235 3699 2309; baseline 0.001 -17"><span class='ocrx_word' id='word_1_355' title='bbox 2126 2235 2277 2302; x_wconf 73' lang='lat' dir='ltr'><strong>lifex,</strong></span> <span class='ocrx_word' id='word_1_356' title='bbox 2339 2238 2426 2293; x_wconf 79' lang='lat' dir='ltr'><strong>ille</strong></span> <span class='ocrx_word' id='word_1_357' title='bbox 2453 2252 2549 2308; x_wconf 92' lang='lat' dir='ltr'><strong>per</strong></span> <span class='ocrx_word' id='word_1_358' title='bbox 2592 2241 2876 2309; x_wconf 86' lang='lat' dir='ltr'><strong>passiones</strong></span> <span class='ocrx_word' id='word_1_359' title='bbox 2928 2251 3354 2307; x_wconf 87' lang='lat' dir='ltr'><strong>consummatus,</strong></span> <span class='ocrx_word' id='word_1_360' title='bbox 3413 2240 3501 2294; x_wconf 88' lang='lat' dir='ltr'><strong>ille</strong></span> <span class='ocrx_word' id='word_1_361' title='bbox 3533 2240 3621 2308; x_wconf 92' lang='lat' dir='ltr'><strong>qui</strong></span> <span class='ocrx_word' id='word_1_362' title='bbox 3645 2239 3699 2293; x_wconf 90' lang='lat' dir='ltr'><strong>in</strong></span> 
     </span>
    </p>
   </div>
   <div class='ocr_carea' id='block_1_51' title="bbox 2123 2329 3702 2399">
    <p class='ocr_par' dir='ltr' id='par_1_51' title="bbox 2123 2329 3702 2399">
     <span class='ocr_line' id='line_1_51' title="bbox 2123 2329 3702 2399; baseline 0.002 -19"><span class='ocrx_word' id='word_1_363' title='bbox 2123 2343 2231 2397; x_wconf 88' lang='lat' dir='ltr'><strong>quo</strong></span> <span class='ocrx_word' id='word_1_364' title='bbox 2262 2342 2454 2396; x_wconf 86' lang='lat' dir='ltr'><strong>passus</strong></span> <span class='ocrx_word' id='word_1_365' title='bbox 2484 2339 2569 2384; x_wconf 91' lang='lat' dir='ltr'><strong>est</strong></span> <span class='ocrx_word' id='word_1_366' title='bbox 2619 2330 2736 2399; x_wconf 90' lang='lat' dir='ltr'><strong>ipse</strong></span> <span class='ocrx_word' id='word_1_367' title='bbox 2788 2337 3044 2395; x_wconf 89' lang='lat' dir='ltr'><strong>tentatus,</strong></span> <span class='ocrx_word' id='word_1_368' title='bbox 3084 2340 3261 2399; x_wconf 89' lang='lat' dir='ltr'><strong>potest</strong></span> <span class='ocrx_word' id='word_1_369' title='bbox 3295 2329 3516 2385; x_wconf 88' lang='lat' dir='ltr'><strong>tentatis</strong></span> <span class='ocrx_word' id='word_1_370' title='bbox 3547 2329 3702 2383; x_wconf 82' lang='lat' dir='ltr'><strong>auxi-</strong></span> 
     </span>
    </p>
   </div>
   <div class='ocr_carea' id='block_1_52' title="bbox 2124 2417 3700 2490">
    <p class='ocr_par' dir='ltr' id='par_1_52' title="bbox 2124 2417 3700 2490">
     <span class='ocr_line' id='line_1_52' title="bbox 2124 2417 3700 2490; baseline 0.002 -19"><span class='ocrx_word' id='word_1_371' title='bbox 2124 2417 2262 2483; x_wconf 85' lang='lat' dir='ltr'><strong>liari,</strong></span> <span class='ocrx_word' id='word_1_372' title='bbox 2300 2419 2391 2474; x_wconf 80' lang='lat' dir='ltr'><strong>ille</strong></span> <span class='ocrx_word' id='word_1_373' title='bbox 2412 2421 2710 2475; x_wconf 83' lang='lat' dir='ltr'><strong>secundum</strong></span> <span class='ocrx_word' id='word_1_374' title='bbox 2751 2422 2998 2477; x_wconf 87' lang='lat' dir='ltr'><strong>ordinem</strong></span> <span class='ocrx_word' id='word_1_375' title='bbox 3040 2420 3428 2477; x_wconf 81' lang='lat' dir='ltr'><strong>Melchisedech</strong></span> <span class='ocrx_word' id='word_1_376' title='bbox 3463 2419 3700 2490; x_wconf 80' lang='lat' dir='ltr'><strong>pontifex</strong></span> 
     </span>
    </p>
   </div>
   <div class='ocr_carea' id='block_1_53' title="bbox 2125 2504 3697 2582">
    <p class='ocr_par' dir='ltr' id='par_1_53' title="bbox 2125 2504 3697 2582">
     <span class='ocr_line' id='line_1_53' title="bbox 2125 2504 3697 2582; baseline 0.001 -19"><span class='ocrx_word' id='word_1_377' title='bbox 2125 2510 2447 2579; x_wconf 87' lang='lat' dir='ltr'><strong>appellatus.</strong></span> <span class='ocrx_word' id='word_1_378' title='bbox 2481 2512 2620 2578; x_wconf 85' lang='lat' dir='ltr'><strong>Quid</strong></span> <span class='ocrx_word' id='word_1_379' title='bbox 2650 2512 2812 2582; x_wconf 82' lang='lat' dir='ltr'><strong>igitur</strong></span> <span class='ocrx_word' id='word_1_380' title='bbox 2860 2504 3121 2567; x_wconf 81' lang='lat' dir='ltr'><strong>adversus</strong></span> <span class='ocrx_word' id='word_1_381' title='bbox 3151 2511 3373 2566; x_wconf 84' lang='lat' dir='ltr'><strong>Paulum</strong></span> <span class='ocrx_word' id='word_1_382' title='bbox 3428 2512 3697 2581; x_wconf 78' lang='lat' dir='ltr'><strong>interpre-</strong></span> 
     </span>
    </p>
   </div>
   <div class='ocr_carea' id='block_1_54' title="bbox 2128 2599 3711 2672">
    <p class='ocr_par' dir='ltr' id='par_1_54' title="bbox 2128 2599 3711 2672">
     <span class='ocr_line' id='line_1_54' title="bbox 2128 2599 3711 2672; baseline 0 -20"><span class='ocrx_word' id='word_1_383' title='bbox 2128 2600 2283 2666; x_wconf 81' lang='lat' dir='ltr'><strong>taris,</strong></span> <span class='ocrx_word' id='word_1_384' title='bbox 2314 2600 2756 2672; x_wconf 88' lang='lat' dir='ltr'><strong>impassibileque</strong></span> <span class='ocrx_word' id='word_1_385' title='bbox 2791 2601 2885 2657; x_wconf 85' lang='lat' dir='ltr'><strong>Dei</strong></span> <span class='ocrx_word' id='word_1_386' title='bbox 2927 2599 3165 2656; x_wconf 81' lang='lat' dir='ltr'><strong>Verbum</strong></span> <span class='ocrx_word' id='word_1_387' title='bbox 3219 2610 3438 2656; x_wconf 91' lang='lat' dir='ltr'><strong>terreno</strong></span> <span class='ocrx_word' id='word_1_388' title='bbox 3488 2600 3711 2672; x_wconf 80' lang='lat' dir='ltr'><strong>corpori</strong></span> 
     </span>
    </p>
   </div>
   <div class='ocr_carea' id='block_1_55' title="bbox 2127 2690 3511 2764">
    <p class='ocr_par' dir='ltr' id='par_1_55' title="bbox 2127 2690 3511 2764">
     <span class='ocr_line' id='line_1_55' title="bbox 2127 2690 3511 2764; baseline 0.002 -21"><span class='ocrx_word' id='word_1_389' title='bbox 2127 2691 2446 2759; x_wconf 83' lang='lat' dir='ltr'><strong>permisces,</strong></span> <span class='ocrx_word' id='word_1_390' title='bbox 2482 2703 2535 2747; x_wconf 87' lang='lat' dir='ltr'><strong>et</strong></span> <span class='ocrx_word' id='word_1_391' title='bbox 2579 2692 2894 2763; x_wconf 86' lang='lat' dir='ltr'><strong>passibilem</strong></span> <span class='ocrx_word' id='word_1_392' title='bbox 2926 2693 3265 2749; x_wconf 75' lang='lat' dir='ltr'><strong>sacerdotem</strong></span> <span class='ocrx_word' id='word_1_393' title='bbox 3294 2692 3427 2749; x_wconf 90' lang='lat' dir='ltr'><strong>facis</strong></span> <span class='ocrx_word' id='word_1_394' title='bbox 3451 2690 3511 2764; x_wconf 73' lang='lat'><strong>‘3]</strong></span> 
     </span>
    </p>
   </div>
   <div class='ocr_carea' id='block_1_56' title="bbox 2776 2936 3047 2995">
    <p class='ocr_par' dir='ltr' id='par_1_56' title="bbox 2776 2936 3047 2995">
     <span class='ocr_line' id='line_1_56' title="bbox 2776 2936 3047 2995; baseline 0.018 -5"><span class='ocrx_word' id='word_1_395' title='bbox 2776 2936 2928 2991; x_wconf 85' lang='lat' dir='ltr'><strong>CAP.</strong></span> <span class='ocrx_word' id='word_1_396' title='bbox 2955 2938 3047 2995; x_wconf 84' lang='lat' dir='ltr'><strong>IV.</strong></span> 
     </span>
    </p>
   </div>
   <div class='ocr_carea' id='block_1_57' title="bbox 2197 3065 3723 3143">
    <p class='ocr_par' dir='ltr' id='par_1_57' title="bbox 2197 3065 3723 3143">
     <span class='ocr_line' id='line_1_57' title="bbox 2197 3065 3723 3143; baseline 0.007 -23"><span class='ocrx_word' id='word_1_397' title='bbox 2197 3065 2438 3123; x_wconf 82' lang='lat' dir='ltr'><strong>Fortiter</strong></span> <span class='ocrx_word' id='word_1_398' title='bbox 2466 3083 2618 3133; x_wconf 83' lang='lat' dir='ltr'><strong>sane,</strong></span> <span class='ocrx_word' id='word_1_399' title='bbox 2669 3069 2755 3124; x_wconf 90' lang='lat' dir='ltr'><strong>vir</strong></span> <span class='ocrx_word' id='word_1_400' title='bbox 2803 3073 3039 3143; x_wconf 84' lang='lat' dir='ltr'><strong>egregie,</strong></span> <span class='ocrx_word' id='word_1_401' title='bbox 3082 3081 3138 3128; x_wconf 89' lang='lat' dir='ltr'><strong>et</strong></span> <span class='ocrx_word' id='word_1_402' title='bbox 3166 3073 3452 3128; x_wconf 86' lang='lat' dir='ltr'><strong>admodum</strong></span> <span class='ocrx_word' id='word_1_403' title='bbox 3484 3081 3723 3130; x_wconf 48' lang='lat' dir='ltr'><strong>strenue‘</strong></span> 
     </span>
    </p>
   </div>
   <div class='ocr_carea' id='block_1_58' title="bbox 2133 3155 3706 3228">
    <p class='ocr_par' dir='ltr' id='par_1_58' title="bbox 2133 3155 3706 3228">
     <span class='ocr_line' id='line_1_58' title="bbox 2133 3155 3706 3228; baseline 0.005 -18"><span class='ocrx_word' id='word_1_404' title='bbox 2133 3155 2189 3211; x_wconf 88' lang='lat' dir='ltr'><strong>in</strong></span> <span class='ocrx_word' id='word_1_405' title='bbox 2227 3159 2477 3228; x_wconf 81' lang='lat' dir='ltr'><strong>dogmata</strong></span> <span class='ocrx_word' id='word_1_406' title='bbox 2502 3158 2721 3228; x_wconf 85' lang='lat' dir='ltr'><strong>pietatis</strong></span> <span class='ocrx_word' id='word_1_407' title='bbox 2772 3161 3141 3219; x_wconf 86' lang='lat' dir='ltr'><strong>incursionem</strong></span> <span class='ocrx_word' id='word_1_408' title='bbox 3192 3165 3345 3219; x_wconf 89' lang='lat' dir='ltr'><strong>facis.</strong></span> <span class='ocrx_word' id='word_1_409' title='bbox 3402 3164 3479 3219; x_wconf 84' lang='lat' dir='ltr'><strong>Ac</strong></span> <span class='ocrx_word' id='word_1_410' title='bbox 3513 3165 3706 3219; x_wconf 85' lang='lat' dir='ltr'><strong>beatus</strong></span> 
     </span>
    </p>
   </div>
   <div class='ocr_carea' id='block_1_59' title="bbox 422 3240 2023 3330">
    <p class='ocr_par' dir='ltr' id='par_1_59' title="bbox 422 3240 2022 3318">
     <span class='ocr_line' id='line_1_59' title="bbox 422 3240 2022 3318; baseline 0.003 -19"><span class='ocrx_word' id='word_1_411' title='bbox 422 3240 545 3301; x_wconf 78' lang='grc' dir='ltr'>Καὶ</span> <span class='ocrx_word' id='word_1_412' title='bbox 578 3249 608 3301; x_wconf 91' lang='lat'><strong>6</strong></span> <span class='ocrx_word' id='word_1_413' title='bbox 639 3246 743 3318; x_wconf 76' lang='grc' dir='ltr'>μὲν</span> <span class='ocrx_word' id='word_1_414' title='bbox 781 3246 1071 3310; x_wconf 83' lang='grc' dir='ltr'>θεσπέσιος</span> <span class='ocrx_word' id='word_1_415' title='bbox 1104 3246 1340 3317; x_wconf 82' lang='grc' dir='ltr'>Βαροὺχ,</span> <span class='ocrx_word' id='word_1_416' title='bbox 1385 3247 1478 3301; x_wconf 87' lang='grc' dir='ltr'><strong>τὸν</strong></span> <span class='ocrx_word' id='word_1_417' title='bbox 1527 3246 1620 3301; x_wconf 83' lang='grc' dir='ltr'>τοῦ</span> <span class='ocrx_word' id='word_1_418' title='bbox 1656 3246 1791 3301; x_wconf 85' lang='grc' dir='ltr'>Θεοῦ</span> <span class='ocrx_word' id='word_1_419' title='bbox 1831 3249 2022 3317; x_wconf 86' lang='grc' dir='ltr'>Λόγον,</span> 
     </span>
    </p>
   </div>
   <div class='ocr_carea' id='block_1_60' title="bbox 2125 3240 3702 3330">
    <p class='ocr_par' dir='ltr' id='par_1_60' title="bbox 2130 3246 3702 3319">
     <span class='ocr_line' id='line_1_60' title="bbox 2130 3246 3702 3319; baseline 0.004 -22"><span class='ocrx_word' id='word_1_420' title='bbox 2130 3247 2346 3315; x_wconf 82' lang='lat' dir='ltr'><strong>quidem</strong></span> <span class='ocrx_word' id='word_1_421' title='bbox 2373 3246 2605 3312; x_wconf 88' lang='lat' dir='ltr'><strong>Baruch,</strong></span> <span class='ocrx_word' id='word_1_422' title='bbox 2641 3250 2731 3304; x_wconf 92' lang='lat' dir='ltr'><strong>Dei</strong></span> <span class='ocrx_word' id='word_1_423' title='bbox 2764 3249 3003 3305; x_wconf 82' lang='lat' dir='ltr'><strong>\‘erbum</strong></span> <span class='ocrx_word' id='word_1_424' title='bbox 3033 3251 3143 3319; x_wconf 90' lang='lat' dir='ltr'><strong>jam</strong></span> <span class='ocrx_word' id='word_1_425' title='bbox 3169 3252 3442 3306; x_wconf 85' lang='lat' dir='ltr'><strong>hominem</strong></span> <span class='ocrx_word' id='word_1_426' title='bbox 3478 3251 3702 3314; x_wconf 86' lang='lat' dir='ltr'><strong>factum,</strong></span> 
     </span>
    </p>
   </div>
   <div class='ocr_carea' id='block_1_61' title="bbox 422 3336 2026 3410">
    <p class='ocr_par' dir='ltr' id='par_1_61' title="bbox 422 3336 2026 3410">
     <span class='ocr_line' id='line_1_61' title="bbox 422 3336 2026 3410; baseline 0.002 -19"><span class='ocrx_word' id='word_1_427' title='bbox 422 3337 903 3409; x_wconf 76' lang='grc' dir='ltr'>ὲνηνθρωπηκότα</span> <span class='ocrx_word' id='word_1_428' title='bbox 923 3337 981 3391; x_wconf 80' lang='grc' dir='ltr'><strong>δὲ</strong></span> <span class='ocrx_word' id='word_1_429' title='bbox 999 3336 1127 3409; x_wconf 81' lang='grc' dir='ltr'>ήδη,</span> <span class='ocrx_word' id='word_1_430' title='bbox 1149 3339 1244 3392; x_wconf 88' lang='grc' dir='ltr'><strong>καὶ</strong></span> <span class='ocrx_word' id='word_1_431' title='bbox 1269 3338 1329 3391; x_wconf 80' lang='grc' dir='ltr'>ὲν</span> <span class='ocrx_word' id='word_1_432' title='bbox 1354 3339 1610 3409; x_wconf 83' lang='grc' dir='ltr'>ὁμοιώσει</span> <span class='ocrx_word' id='word_1_433' title='bbox 1633 3341 1700 3409; x_wconf 78' lang='grc' dir='ltr'>τῇ</span> <span class='ocrx_word' id='word_1_434' title='bbox 1724 3338 1845 3392; x_wconf 87' lang='grc' dir='ltr'>καθ’</span> <span class='ocrx_word' id='word_1_435' title='bbox 1877 3341 2026 3410; x_wconf 78' lang='grc' dir='ltr'>ἡμᾶς</span> 
     </span>
    </p>
   </div>
   <div class='ocr_carea' id='block_1_62' title="bbox 424 3420 2021 3499">
    <p class='ocr_par' dir='ltr' id='par_1_62' title="bbox 424 3420 2021 3499">
     <span class='ocr_line' id='line_1_62' title="bbox 424 3420 2021 3499; baseline 0.003 -21"><span class='ocrx_word' id='word_1_436' title='bbox 424 3426 722 3497; x_wconf 78' lang='grc' dir='ltr'>πεφηνότα</span> <span class='ocrx_word' id='word_1_437' title='bbox 748 3427 1133 3490; x_wconf 82' lang='grc' dir='ltr'>καταδεικνὺς,</span> <span class='ocrx_word' id='word_1_438' title='bbox 1170 3446 1191 3480; x_wconf 78' lang='grc' dir='ltr'><strong>ι</strong></span> <span class='ocrx_word' id='word_1_439' title='bbox 1216 3420 1405 3492; x_wconf 73' lang='grc' dir='ltr'>Οὗτος,</span> <span class='ocrx_word' id='word_1_440' title='bbox 1426 3430 1613 3499; x_wconf 86' lang='grc' dir='ltr'>φησὶν,</span> <span class='ocrx_word' id='word_1_441' title='bbox 1632 3429 1660 3480; x_wconf 90' lang='lat'><strong>6</strong></span> <span class='ocrx_word' id='word_1_442' title='bbox 1682 3428 1815 3493; x_wconf 87' lang='grc' dir='ltr'>Θεὸς</span> <span class='ocrx_word' id='word_1_443' title='bbox 1843 3429 2021 3499; x_wconf 81' lang='grc' dir='ltr'>ἡμῶν,</span> 
     </span>
    </p>
   </div>
   <div class='ocr_carea' id='block_1_63' title="bbox 424 3517 2024 3590">
    <p class='ocr_par' dir='ltr' id='par_1_63' title="bbox 424 3517 2024 3590">
     <span class='ocr_line' id='line_1_63' title="bbox 424 3517 2024 3590; baseline 0.003 -21"><span class='ocrx_word' id='word_1_444' title='bbox 424 3518 489 3570; x_wconf 76' lang='grc' dir='ltr'><strong>οὐ</strong></span> <span class='ocrx_word' id='word_1_445' title='bbox 519 3517 913 3588; x_wconf 83' lang='grc' dir='ltr'>λογισθήσεται</span> <span class='ocrx_word' id='word_1_446' title='bbox 963 3517 1151 3588; x_wconf 73' lang='grc' dir='ltr'>ἕτερος</span> <span class='ocrx_word' id='word_1_447' title='bbox 1196 3518 1334 3588; x_wconf 87' lang='grc' dir='ltr'>πρὸς</span> <span class='ocrx_word' id='word_1_448' title='bbox 1365 3519 1560 3573; x_wconf 83' lang='grc' dir='ltr'>αὐτόν·</span> <span class='ocrx_word' id='word_1_449' title='bbox 1610 3519 1799 3590; x_wconf 74' lang='grc' dir='ltr'>ἐξεῦρε</span> <span class='ocrx_word' id='word_1_450' title='bbox 1841 3521 2024 3574; x_wconf 83' lang='grc' dir='ltr'>πᾶσαν</span> 
     </span>
    </p>
   </div>
   <div class='ocr_carea' id='block_1_64' title="bbox 422 3607 2025 3681">
    <p class='ocr_par' dir='ltr' id='par_1_64' title="bbox 422 3607 2025 3681">
     <span class='ocr_line' id='line_1_64' title="bbox 422 3607 2025 3681; baseline 0.002 -19"><span class='ocrx_word' id='word_1_451' title='bbox 422 3607 549 3662; x_wconf 74' lang='grc' dir='ltr'>ὁδὸν</span> <span class='ocrx_word' id='word_1_452' title='bbox 580 3609 918 3679; x_wconf 80' lang='grc' dir='ltr'>ἐπιστήμης,</span> <span class='ocrx_word' id='word_1_453' title='bbox 953 3610 1045 3663; x_wconf 88' lang='grc' dir='ltr'><strong>καὶ</strong></span> <span class='ocrx_word' id='word_1_454' title='bbox 1089 3607 1288 3663; x_wconf 79' lang='grc' dir='ltr'>ἔδωκεν</span> <span class='ocrx_word' id='word_1_455' title='bbox 1322 3610 1492 3680; x_wconf 85' lang='grc' dir='ltr'>αὐτὴν</span> <span class='ocrx_word' id='word_1_456' title='bbox 1526 3610 1719 3664; x_wconf 83' lang='grc' dir='ltr'>Ἰακὼϐ</span> <span class='ocrx_word' id='word_1_457' title='bbox 1758 3610 1837 3681; x_wconf 81' lang='grc' dir='ltr'>τῷ</span> <span class='ocrx_word' id='word_1_458' title='bbox 1873 3611 2025 3665; x_wconf 85' lang='grc' dir='ltr'>παιδὶ</span> 
     </span>
    </p>
   </div>
   <div class='ocr_carea' id='block_1_65' title="bbox 425 3698 2026 3771">
    <p class='ocr_par' dir='ltr' id='par_1_65' title="bbox 425 3698 2026 3771">
     <span class='ocr_line' id='line_1_65' title="bbox 425 3698 2026 3771; baseline 0.001 -18"><span class='ocrx_word' id='word_1_459' title='bbox 425 3698 626 3765; x_wconf 71' lang='grc' dir='ltr'>αὐτοῦ,</span> <span class='ocrx_word' id='word_1_460' title='bbox 651 3700 748 3752; x_wconf 85' lang='grc' dir='ltr'><strong>καὶ</strong></span> <span class='ocrx_word' id='word_1_461' title='bbox 785 3698 1003 3769; x_wconf 80' lang='grc' dir='ltr'>Ἰσραὴλ</span> <span class='ocrx_word' id='word_1_462' title='bbox 1046 3698 1127 3769; x_wconf 84' lang='grc' dir='ltr'>τῷ</span> <span class='ocrx_word' id='word_1_463' title='bbox 1172 3699 1520 3771; x_wconf 71' lang='grc' dir='ltr'>ἠγαπημένῳ</span> <span class='ocrx_word' id='word_1_464' title='bbox 1563 3699 1655 3753; x_wconf 78' lang='grc' dir='ltr'>ὑπ’</span> <span class='ocrx_word' id='word_1_465' title='bbox 1688 3700 1851 3754; x_wconf 80' lang='grc' dir='ltr'>αὐτοῦ</span> <span class='ocrx_word' id='word_1_466' title='bbox 1881 3717 1895 3733; x_wconf 87' lang='grc'><strong>·</strong></span> <span class='ocrx_word' id='word_1_467' title='bbox 1929 3701 2026 3754; x_wconf 88' lang='grc' dir='ltr'><strong>καὶ</strong></span> 
     </span>
    </p>
   </div>
   <div class='ocr_carea' id='block_1_66' title="bbox 428 3788 2026 3862">
    <p class='ocr_par' dir='ltr' id='par_1_66' title="bbox 428 3788 2026 3862">
     <span class='ocr_line' id='line_1_66' title="bbox 428 3788 2026 3862; baseline 0 -18"><span class='ocrx_word' id='word_1_468' title='bbox 428 3790 758 3861; x_wconf 83' lang='grc' dir='ltr'>μεταταῦτα</span> <span class='ocrx_word' id='word_1_469' title='bbox 801 3792 896 3845; x_wconf 78' lang='grc' dir='ltr'>ἐπὶ</span> <span class='ocrx_word' id='word_1_470' title='bbox 931 3791 1034 3861; x_wconf 85' lang='grc' dir='ltr'>τῆς</span> <span class='ocrx_word' id='word_1_471' title='bbox 1078 3790 1185 3861; x_wconf 79' lang='grc' dir='ltr'>γῆς</span> <span class='ocrx_word' id='word_1_472' title='bbox 1212 3788 1391 3861; x_wconf 77' lang='grc' dir='ltr'>ὤφθη,</span> <span class='ocrx_word' id='word_1_473' title='bbox 1440 3790 1676 3854; x_wconf 84' lang='grc' dir='ltr'>καὶτοῖς</span> <span class='ocrx_word' id='word_1_474' title='bbox 1718 3788 2026 3862; x_wconf 82' lang='grc' dir='ltr'>ἀνθρώποις</span> 
     </span>
    </p>
   </div>
   <div class='ocr_carea' id='block_1_67' title="bbox 428 3873 2023 3953">
    <p class='ocr_par' dir='ltr' id='par_1_67' title="bbox 428 3873 2023 3953">
     <span class='ocr_line' id='line_1_67' title="bbox 428 3873 2023 3953; baseline 0.001 -17"><span class='ocrx_word' id='word_1_475' title='bbox 428 3882 891 3953; x_wconf 83' lang='grc' dir='ltr'>συνανεστράφη.</span> <span class='ocrx_word' id='word_1_476' title='bbox 906 3900 926 3933; x_wconf 75' lang='grc' dir='ltr'><strong>ι</strong></span> <span class='ocrx_word' id='word_1_477' title='bbox 954 3882 1028 3934; x_wconf 80' lang='grc' dir='ltr'>Σὺ</span> <span class='ocrx_word' id='word_1_478' title='bbox 1055 3881 1113 3934; x_wconf 79' lang='grc' dir='ltr'>δὲ</span> <span class='ocrx_word' id='word_1_479' title='bbox 1134 3881 1215 3943; x_wconf 85' lang='grc' dir='ltr'><strong>τὸ,</strong></span> <span class='ocrx_word' id='word_1_480' title='bbox 1229 3873 1403 3947; x_wconf 70' lang='grc' dir='ltr'>οὗτος,</span> <span class='ocrx_word' id='word_1_481' title='bbox 1422 3882 1518 3935; x_wconf 87' lang='grc' dir='ltr'><strong>καὶ</strong></span> <span class='ocrx_word' id='word_1_482' title='bbox 1538 3881 1684 3953; x_wconf 88' lang='grc' dir='ltr'>μάλα</span> <span class='ocrx_word' id='word_1_483' title='bbox 1707 3883 2023 3949; x_wconf 86' lang='grc' dir='ltr'>πλειστάκις</span> 
     </span>
    </p>
   </div>
   <div class='ocr_carea' id='block_1_68' title="bbox 423 3971 2026 4043">
    <p class='ocr_par' dir='ltr' id='par_1_68' title="bbox 423 3971 2026 4043">
     <span class='ocr_line' id='line_1_68' title="bbox 423 3971 2026 4043; baseline 0.001 -17"><span class='ocrx_word' id='word_1_484' title='bbox 423 3971 762 4039; x_wconf 83' lang='grc' dir='ltr'>ἀναφωνῶν,</span> <span class='ocrx_word' id='word_1_485' title='bbox 791 3974 1076 4043; x_wconf 75' lang='grc' dir='ltr'>μονονουχὶ</span> <span class='ocrx_word' id='word_1_486' title='bbox 1106 3973 1201 4026; x_wconf 90' lang='grc' dir='ltr'><strong>καὶ</strong></span> <span class='ocrx_word' id='word_1_487' title='bbox 1234 3974 1392 4043; x_wconf 83' lang='grc' dir='ltr'>χεῖρα</span> <span class='ocrx_word' id='word_1_488' title='bbox 1421 3973 1743 4043; x_wconf 84' lang='grc' dir='ltr'>προτείνων,</span> <span class='ocrx_word' id='word_1_489' title='bbox 1768 3974 1892 4029; x_wconf 89' lang='grc' dir='ltr'>τίνα</span> <span class='ocrx_word' id='word_1_490' title='bbox 1912 3979 2026 4038; x_wconf 84' lang='grc' dir='ltr'>τοῖς</span> 
     </span>
    </p>
   </div>
   <div class='ocr_carea' id='block_1_69' title="bbox 424 4064 2024 4135">
    <p class='ocr_par' dir='ltr' id='par_1_69' title="bbox 424 4064 2024 4135">
     <span class='ocr_line' id='line_1_69' title="bbox 424 4064 2024 4135; baseline 0 -16"><span class='ocrx_word' id='word_1_491' title='bbox 424 4065 834 4119; x_wconf 81' lang='grc' dir='ltr'>πεπιστευκόσι</span> <span class='ocrx_word' id='word_1_492' title='bbox 858 4064 1127 4134; x_wconf 86' lang='grc' dir='ltr'>καθίστης</span> <span class='ocrx_word' id='word_1_493' title='bbox 1155 4064 1383 4135; x_wconf 71' lang='grc' dir='ltr'>ἐναργῆ,</span> <span class='ocrx_word' id='word_1_494' title='bbox 1408 4064 1501 4118; x_wconf 88' lang='grc' dir='ltr'><strong>καὶ</strong></span> <span class='ocrx_word' id='word_1_495' title='bbox 1535 4064 1641 4134; x_wconf 83' lang='grc' dir='ltr'>μὴν</span> <span class='ocrx_word' id='word_1_496' title='bbox 1674 4064 1766 4117; x_wconf 86' lang='grc' dir='ltr'><strong>καὶ</strong></span> <span class='ocrx_word' id='word_1_497' title='bbox 1792 4065 2024 4134; x_wconf 78' lang='grc' dir='ltr'>ὁρᾶσθαι</span> 
     </span>
    </p>
   </div>
   <div class='ocr_carea' id='block_1_70' title="bbox 424 4155 2025 4227">
    <p class='ocr_par' dir='ltr' id='par_1_70' title="bbox 424 4155 2025 4227">
     <span class='ocr_line' id='line_1_70' title="bbox 424 4155 2025 4227; baseline 0 -17"><span class='ocrx_word' id='word_1_498' title='bbox 424 4159 633 4220; x_wconf 81' lang='grc' dir='ltr'>ποιεῖς,</span> <span class='ocrx_word' id='word_1_499' title='bbox 685 4159 783 4209; x_wconf 86' lang='grc' dir='ltr'><strong>καὶ</strong></span> <span class='ocrx_word' id='word_1_500' title='bbox 804 4157 867 4226; x_wconf 78' lang='grc' dir='ltr'>δὴ</span> <span class='ocrx_word' id='word_1_501' title='bbox 894 4157 990 4210; x_wconf 81' lang='grc' dir='ltr'><strong>καὶ</strong></span> <span class='ocrx_word' id='word_1_502' title='bbox 1022 4155 1296 4227; x_wconf 78' lang='grc' dir='ltr'>προκόψαι</span> <span class='ocrx_word' id='word_1_503' title='bbox 1328 4155 1433 4226; x_wconf 82' lang='grc' dir='ltr'><strong>φής</strong></span> <span class='ocrx_word' id='word_1_504' title='bbox 1459 4157 1541 4219; x_wconf 89' lang='grc' dir='ltr'>εἰς</span> <span class='ocrx_word' id='word_1_505' title='bbox 1562 4155 1824 4227; x_wconf 87' lang='grc' dir='ltr'>ἀρχιερέα</span> <span class='ocrx_word' id='word_1_506' title='bbox 1853 4173 2025 4210; x_wconf 89' lang='grc' dir='ltr'>κατα-</span> 
     </span>
    </p>
   </div>
   <div class='ocr_carea' id='block_1_71' title="bbox 425 4243 2025 4320">
    <p class='ocr_par' dir='ltr' id='par_1_71' title="bbox 425 4243 2025 4320">
     <span class='ocr_line' id='line_1_71' title="bbox 425 4243 2025 4320; baseline 0 -19"><span class='ocrx_word' id='word_1_507' title='bbox 425 4247 650 4320; x_wconf 83' lang='grc' dir='ltr'>ϐραχύ;</span> <span class='ocrx_word' id='word_1_508' title='bbox 710 4247 875 4310; x_wconf 82' lang='grc' dir='ltr'>Ἀλλ’,</span> <span class='ocrx_word' id='word_1_509' title='bbox 915 4243 1071 4317; x_wconf 79' lang='grc' dir='ltr'>οἶμαί</span> <span class='ocrx_word' id='word_1_510' title='bbox 1095 4263 1226 4314; x_wconf 87' lang='grc' dir='ltr'>που,</span> <span class='ocrx_word' id='word_1_511' title='bbox 1258 4247 1477 4310; x_wconf 86' lang='grc' dir='ltr'>πάντως</span> <span class='ocrx_word' id='word_1_512' title='bbox 1527 4247 1733 4300; x_wconf 75' lang='grc' dir='ltr'>ἐκεῖνον</span> <span class='ocrx_word' id='word_1_513' title='bbox 1753 4286 1769 4312; x_wconf 92' lang='grc'><strong>,</strong></span> <span class='ocrx_word' id='word_1_514' title='bbox 1825 4246 1885 4301; x_wconf 79' lang='grc' dir='ltr'><strong>δν</strong></span> <span class='ocrx_word' id='word_1_515' title='bbox 1930 4249 2025 4301; x_wconf 85' lang='grc' dir='ltr'><strong>καὶ</strong></span> 
     </span>
    </p>
   </div>
   <div class='ocr_carea' id='block_1_72' title="bbox 426 4337 2021 4411">
    <p class='ocr_par' dir='ltr' id='par_1_72' title="bbox 426 4337 2021 4411">
     <span class='ocr_line' id='line_1_72' title="bbox 426 4337 2021 4411; baseline 0.021 -18"><span class='ocrx_word' id='word_1_516' title='bbox 426 4341 666 4409; x_wconf 75' lang='grc' dir='ltr'>ἔναγχος</span> <span class='ocrx_word' id='word_1_517' title='bbox 698 4337 1253 4410; x_wconf 75' lang='grc' dir='ltr'>παραδειγματίζων,</span> <span class='ocrx_word' id='word_1_518' title='bbox 1300 4337 1540 4406; x_wconf 71' lang='grc' dir='ltr'><strong>ἔφασκεν</strong></span> <span class='ocrx_word' id='word_1_519' title='bbox 1577 4337 1690 4409; x_wconf 72' lang='grc' dir='ltr'><strong>[τσο</strong></span> <span class='ocrx_word' id='word_1_520' title='bbox 1724 4337 1984 4411; x_wconf 54' lang='grc' dir='ltr'><strong>ἔφασκες]</strong></span> <span class='ocrx_word' id='word_1_521' title='bbox 2006 4355 2021 4371; x_wconf 72' lang='grc'><em>’</em></span> 
     </span>
    </p>
   </div>
   <div class='ocr_carea' id='block_1_73' title="bbox 424 4428 2026 4500">
    <p class='ocr_par' dir='ltr' id='par_1_73' title="bbox 424 4428 2026 4500">
     <span class='ocr_line' id='line_1_73' title="bbox 424 4428 2026 4500; baseline -0.001 -15"><span class='ocrx_word' id='word_1_522' title='bbox 424 4430 648 4486; x_wconf 71' lang='grc' dir='ltr'>Οὐκοῦν</span> <span class='ocrx_word' id='word_1_523' title='bbox 686 4432 715 4484; x_wconf 97' lang='lat'><strong>6</strong></span> <span class='ocrx_word' id='word_1_524' title='bbox 742 4429 953 4494; x_wconf 82' lang='grc' dir='ltr'>παθὼν,</span> <span class='ocrx_word' id='word_1_525' title='bbox 999 4429 1293 4500; x_wconf 80' lang='grc' dir='ltr'>ἀρχιερεὺς</span> <span class='ocrx_word' id='word_1_526' title='bbox 1342 4428 1625 4500; x_wconf 78' lang='grc' dir='ltr'>ἐλεήμων,</span> <span class='ocrx_word' id='word_1_527' title='bbox 1674 4430 1773 4499; x_wconf 85' lang='grc' dir='ltr'><strong>οὐχ</strong></span> <span class='ocrx_word' id='word_1_528' title='bbox 1814 4432 1844 4483; x_wconf 93' lang='lat'><strong>6</strong></span> <span class='ocrx_word' id='word_1_529' title='bbox 1886 4429 2026 4494; x_wconf 80' lang='grc' dir='ltr'>ζωο-</span> 
     </span>
    </p>
   </div>
   <div class='ocr_carea' id='block_1_74' title="bbox 427 4519 2026 4592">
    <p class='ocr_par' dir='ltr' id='par_1_74' title="bbox 427 4519 2026 4592">
     <span class='ocr_line' id='line_1_74' title="bbox 427 4519 2026 4592; baseline 0 -16"><span class='ocrx_word' id='word_1_530' title='bbox 427 4522 592 4586; x_wconf 75' lang='grc' dir='ltr'>ποιὸς</span> <span class='ocrx_word' id='word_1_531' title='bbox 624 4520 722 4574; x_wconf 82' lang='grc' dir='ltr'>τοῦ</span> <span class='ocrx_word' id='word_1_532' title='bbox 752 4521 1087 4584; x_wconf 89' lang='grc' dir='ltr'>πεπονθότος</span> <span class='ocrx_word' id='word_1_533' title='bbox 1119 4519 1272 4583; x_wconf 85' lang='grc' dir='ltr'>Θεός.</span> <span class='ocrx_word' id='word_1_534' title='bbox 1297 4520 1530 4591; x_wconf 89' lang='grc' dir='ltr'>Σπέρμα</span> <span class='ocrx_word' id='word_1_535' title='bbox 1567 4520 1819 4592; x_wconf 86' lang='grc' dir='ltr'>Ἀϐραὰμ</span> <span class='ocrx_word' id='word_1_536' title='bbox 1843 4521 1871 4573; x_wconf 89' lang='lat'><strong>6</strong></span> <span class='ocrx_word' id='word_1_537' title='bbox 1899 4521 2026 4592; x_wconf 85' lang='grc' dir='ltr'>χθὲς</span> 
     </span>
    </p>
   </div>
   <div class='ocr_carea' id='block_1_75' title="bbox 2125 3337 3703 3413">
    <p class='ocr_par' dir='ltr' id='par_1_75' title="bbox 2125 3337 3703 3413">
     <span class='ocr_line' id='line_1_75' title="bbox 2125 3337 3703 3413; baseline 0.004 -23"><span class='ocrx_word' id='word_1_538' title='bbox 2125 3346 2179 3391; x_wconf 90' lang='grc' dir='ltr'><strong>ει</strong></span> <span class='ocrx_word' id='word_1_539' title='bbox 2210 3337 2263 3392; x_wconf 91' lang='lat' dir='ltr'><strong>in</strong></span> <span class='ocrx_word' id='word_1_540' title='bbox 2313 3349 2499 3394; x_wconf 87' lang='lat' dir='ltr'><strong>nostra</strong></span> <span class='ocrx_word' id='word_1_541' title='bbox 2547 3340 2903 3397; x_wconf 89' lang='lat' dir='ltr'><strong>similitudine</strong></span> <span class='ocrx_word' id='word_1_542' title='bbox 2964 3353 3312 3413; x_wconf 85' lang='lat' dir='ltr'><strong>apparentem</strong></span> <span class='ocrx_word' id='word_1_543' title='bbox 3362 3341 3703 3397; x_wconf 81' lang='lat' dir='ltr'><strong>ostendens:</strong></span> 
     </span>
    </p>
   </div>
   <div class='ocr_carea' id='block_1_76' title="bbox 2133 3430 3706 3503">
    <p class='ocr_par' dir='ltr' id='par_1_76' title="bbox 2133 3430 3706 3503">
     <span class='ocr_line' id='line_1_76' title="bbox 2133 3430 3706 3503; baseline 0.005 -20"><span class='ocrx_word' id='word_1_544' title='bbox 2133 3448 2152 3483; x_wconf 79' lang='grc' dir='ltr'><strong>ι</strong></span> <span class='ocrx_word' id='word_1_545' title='bbox 2183 3430 2280 3487; x_wconf 87' lang='lat' dir='ltr'><strong>Hic</strong></span> <span class='ocrx_word' id='word_1_546' title='bbox 2322 3441 2426 3499; x_wconf 88' lang='lat' dir='ltr'><strong>est,</strong></span> <span class='ocrx_word' id='word_1_547' title='bbox 2484 3434 2677 3503; x_wconf 88' lang='lat' dir='ltr'><strong>inquit,</strong></span> <span class='ocrx_word' id='word_1_548' title='bbox 2729 3436 2870 3491; x_wconf 89' lang='lat' dir='ltr'><strong>Deus</strong></span> <span class='ocrx_word' id='word_1_549' title='bbox 2923 3448 3127 3503; x_wconf 88' lang='lat' dir='ltr'><strong>noster,</strong></span> <span class='ocrx_word' id='word_1_550' title='bbox 3185 3454 3289 3492; x_wconf 90' lang='lat' dir='ltr'><strong>non</strong></span> <span class='ocrx_word' id='word_1_551' title='bbox 3348 3437 3706 3493; x_wconf 81' lang='lat' dir='ltr'><strong>aestimabitur</strong></span> 
     </span>
    </p>
   </div>
   <div class='ocr_carea' id='block_1_77' title="bbox 2127 3524 3708 3591">
    <p class='ocr_par' dir='ltr' id='par_1_77' title="bbox 2127 3524 3708 3591">
     <span class='ocr_line' id='line_1_77' title="bbox 2127 3524 3708 3591; baseline 0.003 -14"><span class='ocrx_word' id='word_1_552' title='bbox 2127 3524 2266 3579; x_wconf 86' lang='lat' dir='ltr'><strong>alius</strong></span> <span class='ocrx_word' id='word_1_553' title='bbox 2317 3526 2385 3578; x_wconf 88' lang='lat' dir='ltr'><strong>ad</strong></span> <span class='ocrx_word' id='word_1_554' title='bbox 2446 3541 2593 3589; x_wconf 89' lang='lat' dir='ltr'><strong>eum,</strong></span> <span class='ocrx_word' id='word_1_555' title='bbox 2646 3527 2852 3582; x_wconf 87' lang='lat' dir='ltr'><strong>invenit</strong></span> <span class='ocrx_word' id='word_1_556' title='bbox 2897 3543 3111 3583; x_wconf 87' lang='lat' dir='ltr'><strong>onmem</strong></span> <span class='ocrx_word' id='word_1_557' title='bbox 3167 3530 3307 3583; x_wconf 82' lang='lat' dir='ltr'><strong>viam</strong></span> <span class='ocrx_word' id='word_1_558' title='bbox 3359 3528 3622 3591; x_wconf 67' lang='lat' dir='ltr'><strong>scientiae,</strong></span> <span class='ocrx_word' id='word_1_559' title='bbox 3653 3534 3708 3582; x_wconf 85' lang='lat' dir='ltr'><strong>et</strong></span> 
     </span>
    </p>
   </div>
   <div class='ocr_carea' id='block_1_78' title="bbox 2127 3614 3705 3686">
    <p class='ocr_par' dir='ltr' id='par_1_78' title="bbox 2127 3614 3705 3686">
     <span class='ocr_line' id='line_1_78' title="bbox 2127 3614 3705 3686; baseline 0.003 -16"><span class='ocrx_word' id='word_1_560' title='bbox 2127 3614 2277 3671; x_wconf 89' lang='lat' dir='ltr'><strong>dedit</strong></span> <span class='ocrx_word' id='word_1_561' title='bbox 2309 3616 2455 3670; x_wconf 88' lang='lat' dir='ltr'><strong>illam</strong></span> <span class='ocrx_word' id='word_1_562' title='bbox 2484 3614 2654 3672; x_wconf 86' lang='lat' dir='ltr'><strong>Jacob</strong></span> <span class='ocrx_word' id='word_1_563' title='bbox 2684 3634 2852 3686; x_wconf 90' lang='lat' dir='ltr'><strong>puero</strong></span> <span class='ocrx_word' id='word_1_564' title='bbox 2883 3635 3003 3684; x_wconf 90' lang='lat' dir='ltr'><strong>suo,</strong></span> <span class='ocrx_word' id='word_1_565' title='bbox 3051 3630 3102 3675; x_wconf 88' lang='lat' dir='ltr'><strong>et</strong></span> <span class='ocrx_word' id='word_1_566' title='bbox 3132 3620 3295 3676; x_wconf 89' lang='lat' dir='ltr'><strong>Israel</strong></span> <span class='ocrx_word' id='word_1_567' title='bbox 3326 3620 3522 3674; x_wconf 86' lang='lat' dir='ltr'><strong>dilecto</strong></span> <span class='ocrx_word' id='word_1_568' title='bbox 3560 3634 3661 3674; x_wconf 89' lang='lat' dir='ltr'><strong>suo</strong></span> <span class='ocrx_word' id='word_1_569' title='bbox 3691 3637 3705 3675; x_wconf 91' lang='lat'><strong>:</strong></span> 
     </span>
    </p>
   </div>
   <div class='ocr_carea' id='block_1_79' title="bbox 2125 3706 3704 3777">
    <p class='ocr_par' dir='ltr' id='par_1_79' title="bbox 2125 3706 3704 3777">
     <span class='ocr_line' id='line_1_79' title="bbox 2125 3706 3704 3777; baseline 0.003 -16"><span class='ocrx_word' id='word_1_570' title='bbox 2125 3715 2322 3777; x_wconf 85' lang='lat' dir='ltr'><strong>etpost</strong></span> <span class='ocrx_word' id='word_1_571' title='bbox 2348 3707 2462 3762; x_wconf 67' lang='lat' dir='ltr'><strong>haec</strong></span> <span class='ocrx_word' id='word_1_572' title='bbox 2490 3706 2541 3761; x_wconf 89' lang='lat' dir='ltr'><strong>in</strong></span> <span class='ocrx_word' id='word_1_573' title='bbox 2575 3709 2734 3764; x_wconf 91' lang='lat' dir='ltr'><strong>terris</strong></span> <span class='ocrx_word' id='word_1_574' title='bbox 2773 3711 2922 3765; x_wconf 88' lang='lat' dir='ltr'><strong>visus</strong></span> <span class='ocrx_word' id='word_1_575' title='bbox 2974 3719 3079 3775; x_wconf 90' lang='lat' dir='ltr'><strong>est,</strong></span> <span class='ocrx_word' id='word_1_576' title='bbox 3114 3721 3168 3767; x_wconf 88' lang='lat' dir='ltr'><strong>et</strong></span> <span class='ocrx_word' id='word_1_577' title='bbox 3210 3728 3330 3766; x_wconf 83' lang='lat' dir='ltr'><strong>cum</strong></span> <span class='ocrx_word' id='word_1_578' title='bbox 3387 3710 3704 3766; x_wconf 84' lang='lat' dir='ltr'><strong>hominibus</strong></span> 
     </span>
    </p>
   </div>
   <div class='ocr_carea' id='block_1_80' title="bbox 2128 3798 3707 3875">
    <p class='ocr_par' dir='ltr' id='par_1_80' title="bbox 2128 3798 3707 3875">
     <span class='ocr_line' id='line_1_80' title="bbox 2128 3798 3707 3875; baseline 0.001 -23"><span class='ocrx_word' id='word_1_579' title='bbox 2128 3808 2482 3875; x_wconf 85' lang='lat' dir='ltr'><strong>conversatus</strong></span> <span class='ocrx_word' id='word_1_580' title='bbox 2506 3798 2574 3852; x_wconf 83' lang='grc'><strong>⁸³.</strong></span> <span class='ocrx_word' id='word_1_581' title='bbox 2615 3818 2634 3851; x_wconf 82' lang='grc' dir='ltr'><strong>ι</strong></span> <span class='ocrx_word' id='word_1_582' title='bbox 2687 3800 2764 3854; x_wconf 92' lang='lat' dir='ltr'><strong>Tu</strong></span> <span class='ocrx_word' id='word_1_583' title='bbox 2820 3817 2972 3875; x_wconf 85' lang='lat' dir='ltr'><strong>vero,</strong></span> <span class='ocrx_word' id='word_1_584' title='bbox 3014 3817 3199 3857; x_wconf 76' lang='lat' dir='ltr'><strong>vocem</strong></span> <span class='ocrx_word' id='word_1_585' title='bbox 3250 3803 3358 3864; x_wconf 88' lang='lat' dir='ltr'><strong>hic,</strong></span> <span class='ocrx_word' id='word_1_586' title='bbox 3396 3811 3450 3856; x_wconf 90' lang='lat' dir='ltr'><strong>et</strong></span> <span class='ocrx_word' id='word_1_587' title='bbox 3490 3802 3707 3870; x_wconf 87' lang='lat' dir='ltr'><strong>quidem</strong></span> 
     </span>
    </p>
   </div>
   <div class='ocr_carea' id='block_1_81' title="bbox 2126 3874 3712 3959">
    <p class='ocr_par' dir='ltr' id='par_1_81' title="bbox 2126 3874 3712 3959">
     <span class='ocr_line' id='line_1_81' title="bbox 2126 3874 3712 3959; baseline 0 -18"><span class='ocrx_word' id='word_1_588' title='bbox 2126 3887 2321 3956; x_wconf 62' lang='lat' dir='ltr'><strong>saepius</strong></span> <span class='ocrx_word' id='word_1_589' title='bbox 2367 3887 2673 3952; x_wconf 88' lang='lat' dir='ltr'><strong>intendens,</strong></span> <span class='ocrx_word' id='word_1_590' title='bbox 2715 3904 2779 3944; x_wconf 91' lang='lat' dir='ltr'><strong>ac</strong></span> <span class='ocrx_word' id='word_1_591' title='bbox 2821 3874 3208 3959; x_wconf 75' lang='lat' dir='ltr'><strong>propemodum</strong></span> <span class='ocrx_word' id='word_1_592' title='bbox 3264 3905 3479 3942; x_wconf 90' lang='lat' dir='ltr'><strong>manum</strong></span> <span class='ocrx_word' id='word_1_593' title='bbox 3532 3891 3712 3943; x_wconf 88' lang='lat' dir='ltr'><strong>inten-</strong></span> 
     </span>
    </p>
   </div>
   <div class='ocr_carea' id='block_1_82' title="bbox 2128 3977 3713 4048">
    <p class='ocr_par' dir='ltr' id='par_1_82' title="bbox 2128 3977 3713 4048">
     <span class='ocr_line' id='line_1_82' title="bbox 2128 3977 3713 4048; baseline 0.003 -19"><span class='ocrx_word' id='word_1_594' title='bbox 2128 3977 2286 4040; x_wconf 90' lang='lat' dir='ltr'><strong>dens,</strong></span> <span class='ocrx_word' id='word_1_595' title='bbox 2341 3992 2630 4045; x_wconf 89' lang='lat' dir='ltr'><strong>quemnam</strong></span> <span class='ocrx_word' id='word_1_596' title='bbox 2675 3979 3024 4033; x_wconf 88' lang='lat' dir='ltr'><strong>credentibus</strong></span> <span class='ocrx_word' id='word_1_597' title='bbox 3068 3980 3336 4043; x_wconf 81' lang='lat' dir='ltr'><strong>ostendis,</strong></span> <span class='ocrx_word' id='word_1_598' title='bbox 3386 3989 3441 4033; x_wconf 88' lang='lat' dir='ltr'><strong>et</strong></span> <span class='ocrx_word' id='word_1_599' title='bbox 3485 3979 3713 4048; x_wconf 84' lang='lat' dir='ltr'><strong>subjicis</strong></span> 
     </span>
    </p>
   </div>
   <div class='ocr_carea' id='block_1_83' title="bbox 2126 4066 3708 4140">
    <p class='ocr_par' dir='ltr' id='par_1_83' title="bbox 2126 4066 3708 4140">
     <span class='ocr_line' id='line_1_83' title="bbox 2126 4066 3708 4140; baseline 0.003 -19"><span class='ocrx_word' id='word_1_600' title='bbox 2126 4066 2317 4132; x_wconf 89' lang='lat' dir='ltr'><strong>oculis,</strong></span> <span class='ocrx_word' id='word_1_601' title='bbox 2372 4076 2538 4136; x_wconf 87' lang='lat' dir='ltr'><strong>atque</strong></span> <span class='ocrx_word' id='word_1_602' title='bbox 2561 4069 2723 4123; x_wconf 88' lang='lat' dir='ltr'><strong>etiam</strong></span> <span class='ocrx_word' id='word_1_603' title='bbox 2755 4069 3012 4138; x_wconf 84' lang='lat' dir='ltr'><strong>paulatim</strong></span> <span class='ocrx_word' id='word_1_604' title='bbox 3047 4085 3392 4140; x_wconf 86' lang='lat' dir='ltr'><strong>progressum</strong></span> <span class='ocrx_word' id='word_1_605' title='bbox 3428 4073 3494 4124; x_wconf 88' lang='lat' dir='ltr'><strong>ad</strong></span> <span class='ocrx_word' id='word_1_606' title='bbox 3527 4087 3708 4126; x_wconf 88' lang='lat' dir='ltr'><strong>sacer-</strong></span> 
     </span>
    </p>
   </div>
   <div class='ocr_carea' id='block_1_84' title="bbox 2126 4156 3811 4233">
    <p class='ocr_par' dir='ltr' id='par_1_84' title="bbox 2126 4156 3811 4233">
     <span class='ocr_line' id='line_1_84' title="bbox 2126 4156 3811 4233; baseline 0.004 -22"><span class='ocrx_word' id='word_1_607' title='bbox 2126 4156 2332 4212; x_wconf 90' lang='lat' dir='ltr'><strong>dotium</strong></span> <span class='ocrx_word' id='word_1_608' title='bbox 2363 4158 2561 4213; x_wconf 86' lang='lat' dir='ltr'><strong>asseris</strong></span> <span class='ocrx_word' id='word_1_609' title='bbox 2593 4159 2805 4214; x_wconf 51' lang='lat' dir='ltr'><strong>illlum&#39;</strong></span> <span class='ocrx_word' id='word_1_610' title='bbox 2837 4175 3063 4230; x_wconf 88' lang='lat' dir='ltr'><strong>prorsus</strong></span> <span class='ocrx_word' id='word_1_611' title='bbox 3105 4161 3343 4217; x_wconf 84' lang='lat' dir='ltr'><strong>arbitror</strong></span> <span class='ocrx_word' id='word_1_612' title='bbox 3386 4161 3495 4232; x_wconf 78' lang='lat'><strong>85</strong></span> <span class='ocrx_word' id='word_1_613' title='bbox 3547 4176 3717 4232; x_wconf 85' lang='lat' dir='ltr'><strong>quem</strong></span> <span class='ocrx_word' id='word_1_614' title='bbox 3807 4228 3811 4233; x_wconf 10' lang='grc' dir='ltr'><strong>γ</strong></span> 
     </span>
    </p>
   </div>
   <div class='ocr_carea' id='block_1_85' title="bbox 2130 4247 3705 4323">
    <p class='ocr_par' dir='ltr' id='par_1_85' title="bbox 2130 4247 3705 4323">
     <span class='ocr_line' id='line_1_85' title="bbox 2130 4247 3705 4323; baseline 0.001 -21"><span class='ocrx_word' id='word_1_615' title='bbox 2130 4247 2328 4303; x_wconf 87' lang='lat' dir='ltr'><strong>dudum</strong></span> <span class='ocrx_word' id='word_1_616' title='bbox 2357 4250 2651 4305; x_wconf 87' lang='lat' dir='ltr'><strong>ostendens</strong></span> <span class='ocrx_word' id='word_1_617' title='bbox 2684 4252 2870 4306; x_wconf 86' lang='lat' dir='ltr'><strong>aiebas</strong></span> <span class='ocrx_word' id='word_1_618' title='bbox 2909 4269 2924 4308; x_wconf 91' lang='lat'>:</span> <span class='ocrx_word' id='word_1_619' title='bbox 2956 4249 3125 4321; x_wconf 76' lang='lat' dir='ltr'><strong>igitur</strong></span> <span class='ocrx_word' id='word_1_620' title='bbox 3151 4253 3240 4308; x_wconf 90' lang='lat' dir='ltr'><strong>ille</strong></span> <span class='ocrx_word' id='word_1_621' title='bbox 3269 4253 3360 4323; x_wconf 93' lang='lat' dir='ltr'><strong>qui</strong></span> <span class='ocrx_word' id='word_1_622' title='bbox 3380 4268 3571 4322; x_wconf 87' lang='lat' dir='ltr'><strong>passus</strong></span> <span class='ocrx_word' id='word_1_623' title='bbox 3600 4259 3705 4319; x_wconf 90' lang='lat' dir='ltr'><strong>est,</strong></span> 
     </span>
    </p>
   </div>
   <div class='ocr_carea' id='block_1_86' title="bbox 2126 4339 3710 4413">
    <p class='ocr_par' dir='ltr' id='par_1_86' title="bbox 2126 4339 3710 4413">
     <span class='ocr_line' id='line_1_86' title="bbox 2126 4339 3710 4413; baseline 0.004 -20"><span class='ocrx_word' id='word_1_624' title='bbox 2126 4339 2371 4410; x_wconf 81' lang='lat' dir='ltr'><strong>pontifex</strong></span> <span class='ocrx_word' id='word_1_625' title='bbox 2415 4351 2498 4395; x_wconf 80' lang='lat' dir='ltr'><strong>est</strong></span> <span class='ocrx_word' id='word_1_626' title='bbox 2531 4341 2863 4409; x_wconf 78' lang='lat' dir='ltr'><strong>misericors,</strong></span> <span class='ocrx_word' id='word_1_627' title='bbox 2919 4358 3023 4398; x_wconf 93' lang='lat' dir='ltr'><strong>non</strong></span> <span class='ocrx_word' id='word_1_628' title='bbox 3072 4343 3159 4398; x_wconf 88' lang='lat' dir='ltr'><strong>ille</strong></span> <span class='ocrx_word' id='word_1_629' title='bbox 3218 4344 3358 4413; x_wconf 88' lang='lat' dir='ltr'><strong>passi</strong></span> <span class='ocrx_word' id='word_1_630' title='bbox 3407 4344 3710 4399; x_wconf 83' lang='lat' dir='ltr'><strong>vivificator</strong></span> 
     </span>
    </p>
   </div>
   <div class='ocr_carea' id='block_1_87' title="bbox 2130 4431 3709 4500">
    <p class='ocr_par' dir='ltr' id='par_1_87' title="bbox 2130 4431 3709 4500">
     <span class='ocr_line' id='line_1_87' title="bbox 2130 4431 3709 4500; baseline 0.003 -14"><span class='ocrx_word' id='word_1_631' title='bbox 2130 4432 2295 4486; x_wconf 89' lang='lat' dir='ltr'><strong>Deus.</strong></span> <span class='ocrx_word' id='word_1_632' title='bbox 2322 4431 2519 4487; x_wconf 82' lang='lat' dir='ltr'><strong>Semen</strong></span> <span class='ocrx_word' id='word_1_633' title='bbox 2567 4431 2840 4489; x_wconf 81' lang='lat' dir='ltr'><strong>Abraham</strong></span> <span class='ocrx_word' id='word_1_634' title='bbox 2864 4435 2952 4491; x_wconf 85' lang='lat' dir='ltr'><strong>ille</strong></span> <span class='ocrx_word' id='word_1_635' title='bbox 2981 4435 3096 4492; x_wconf 89' lang='lat' dir='ltr'><strong>heri</strong></span> <span class='ocrx_word' id='word_1_636' title='bbox 3127 4446 3183 4492; x_wconf 90' lang='lat' dir='ltr'><strong>et</strong></span> <span class='ocrx_word' id='word_1_637' title='bbox 3211 4436 3388 4500; x_wconf 89' lang='lat' dir='ltr'><strong>hodie,</strong></span> <span class='ocrx_word' id='word_1_638' title='bbox 3422 4445 3482 4489; x_wconf 89' lang='lat' dir='ltr'><strong>ut</strong></span> <span class='ocrx_word' id='word_1_639' title='bbox 3511 4435 3709 4491; x_wconf 85' lang='lat' dir='ltr'><strong>Paulus</strong></span> 
     </span>
    </p>
   </div>
   <div class='ocr_carea' id='block_1_88' title="bbox 2127 4522 3710 4597">
    <p class='ocr_par' dir='ltr' id='par_1_88' title="bbox 2127 4522 3710 4597">
     <span class='ocr_line' id='line_1_88' title="bbox 2127 4522 3710 4597; baseline 0.004 -19"><span class='ocrx_word' id='word_1_640' title='bbox 2127 4522 2353 4587; x_wconf 65' lang='lat' dir='ltr'><strong>dicit&#39;”,</strong></span> <span class='ocrx_word' id='word_1_641' title='bbox 2374 4539 2479 4579; x_wconf 90' lang='lat' dir='ltr'><strong>non</strong></span> <span class='ocrx_word' id='word_1_642' title='bbox 2504 4524 2594 4579; x_wconf 89' lang='lat' dir='ltr'><strong>ille</strong></span> <span class='ocrx_word' id='word_1_643' title='bbox 2623 4528 2712 4596; x_wconf 87' lang='lat' dir='ltr'><strong>qui</strong></span> <span class='ocrx_word' id='word_1_644' title='bbox 2732 4527 2903 4582; x_wconf 80' lang='lat' dir='ltr'><strong>dixit:</strong></span> <span class='ocrx_word' id='word_1_645' title='bbox 2937 4546 2956 4579; x_wconf 78' lang='grc' dir='ltr'><strong>ι</strong></span> <span class='ocrx_word' id='word_1_646' title='bbox 2984 4530 3289 4597; x_wconf 87' lang='lat' dir='ltr'><strong>Antequam</strong></span> <span class='ocrx_word' id='word_1_647' title='bbox 3310 4528 3584 4581; x_wconf 80' lang='lat' dir='ltr'><strong>Abraham</strong></span> <span class='ocrx_word' id='word_1_648' title='bbox 3616 4529 3710 4585; x_wconf 77' lang='lat' dir='ltr'><strong>fie-</strong></span> 
     </span>
    </p>
   </div>
   <div class='ocr_carea' id='block_1_89' title="bbox 423 4604 2023 4686">
    <p class='ocr_par' dir='ltr' id='par_1_89' title="bbox 423 4611 2023 4684">
     <span class='ocr_line' id='line_1_89' title="bbox 423 4611 2023 4684; baseline -0.001 -16"><span class='ocrx_word' id='word_1_649' title='bbox 423 4614 528 4669; x_wconf 83' lang='grc' dir='ltr'><strong>καὶ</strong></span> <span class='ocrx_word' id='word_1_650' title='bbox 563 4614 828 4684; x_wconf 88' lang='grc' dir='ltr'>σήμερον,</span> <span class='ocrx_word' id='word_1_651' title='bbox 853 4612 998 4665; x_wconf 87' lang='grc' dir='ltr'><strong>κατά</strong></span> <span class='ocrx_word' id='word_1_652' title='bbox 1021 4611 1121 4682; x_wconf 75' lang='grc' dir='ltr'>τὴν</span> <span class='ocrx_word' id='word_1_653' title='bbox 1145 4611 1239 4665; x_wconf 82' lang='grc' dir='ltr'>τοῦ</span> <span class='ocrx_word' id='word_1_654' title='bbox 1273 4612 1485 4666; x_wconf 86' lang='grc' dir='ltr'>Παύλου</span> <span class='ocrx_word' id='word_1_655' title='bbox 1512 4611 1695 4682; x_wconf 85' lang='grc' dir='ltr'>φωνὴν</span> <span class='ocrx_word' id='word_1_656' title='bbox 1714 4652 1730 4679; x_wconf 95' lang='grc'><strong>,</strong></span> <span class='ocrx_word' id='word_1_657' title='bbox 1760 4613 1857 4683; x_wconf 81' lang='grc' dir='ltr'><strong>οὐχ</strong></span> <span class='ocrx_word' id='word_1_658' title='bbox 1882 4613 1910 4665; x_wconf 91' lang='lat'><strong>6</strong></span> <span class='ocrx_word' id='word_1_659' title='bbox 1938 4613 2023 4666; x_wconf 82' lang='grc' dir='ltr'>λέ-</span> 
     </span>
    </p>
   </div>
   <div class='ocr_carea' id='block_1_90' title="bbox 2125 4604 3709 4686">
    <p class='ocr_par' dir='ltr' id='par_1_90' title="bbox 2133 4612 3709 4686">
     <span class='ocr_line' id='line_1_90' title="bbox 2133 4612 3709 4686; baseline 0.003 -17"><span class='ocrx_word' id='word_1_660' title='bbox 2133 4621 2238 4680; x_wconf 88' lang='lat' dir='ltr'><strong>ret,</strong></span> <span class='ocrx_word' id='word_1_661' title='bbox 2261 4630 2360 4683; x_wconf 85' lang='lat' dir='ltr'><strong>ego</strong></span> <span class='ocrx_word' id='word_1_662' title='bbox 2386 4631 2503 4670; x_wconf 87' lang='lat' dir='ltr'><strong>smn</strong></span> <span class='ocrx_word' id='word_1_663' title='bbox 2532 4612 2598 4671; x_wconf 77' lang='lat'><strong>“.</strong></span> <span class='ocrx_word' id='word_1_664' title='bbox 2623 4635 2641 4668; x_wconf 82' lang='grc' dir='ltr'><strong>ι</strong></span> <span class='ocrx_word' id='word_1_665' title='bbox 2676 4616 2883 4672; x_wconf 89' lang='lat' dir='ltr'><strong>Similis</strong></span> <span class='ocrx_word' id='word_1_666' title='bbox 2917 4630 3000 4672; x_wconf 78' lang='grc' dir='ltr'><strong>εει</strong></span> <span class='ocrx_word' id='word_1_667' title='bbox 3027 4618 3285 4672; x_wconf 85' lang='lat' dir='ltr'><strong>fratribus</strong></span> <span class='ocrx_word' id='word_1_668' title='bbox 3316 4634 3411 4686; x_wconf 88' lang='lat' dir='ltr'><strong>per</strong></span> <span class='ocrx_word' id='word_1_669' title='bbox 3450 4619 3632 4673; x_wconf 88' lang='lat' dir='ltr'><strong>omnia</strong></span> <span class='ocrx_word' id='word_1_670' title='bbox 3664 4621 3709 4674; x_wconf 87' lang='lat' dir='ltr'><strong>is</strong></span> 
     </span>
    </p>
   </div>
   <div class='ocr_carea' id='block_1_91' title="bbox 421 4702 2025 4775">
    <p class='ocr_par' dir='ltr' id='par_1_91' title="bbox 421 4702 2025 4775">
     <span class='ocr_line' id='line_1_91' title="bbox 421 4702 2025 4775; baseline -0.001 -16"><span class='ocrx_word' id='word_1_671' title='bbox 421 4721 568 4774; x_wconf 76' lang='grc' dir='ltr'>γωνο</span> <span class='ocrx_word' id='word_1_672' title='bbox 601 4723 621 4755; x_wconf 78' lang='grc' dir='ltr'><strong>ι</strong></span> <span class='ocrx_word' id='word_1_673' title='bbox 663 4704 803 4775; x_wconf 76' lang='grc' dir='ltr'>Πρὶν</span> <span class='ocrx_word' id='word_1_674' title='bbox 845 4703 1100 4774; x_wconf 70' lang='grc' dir='ltr'>Ἀϐραὰμ</span> <span class='ocrx_word' id='word_1_675' title='bbox 1139 4703 1419 4772; x_wconf 81' lang='grc' dir='ltr'>γενέσθαι,</span> <span class='ocrx_word' id='word_1_676' title='bbox 1445 4702 1557 4771; x_wconf 70' lang='grc' dir='ltr'><strong>ἐγώ</strong></span> <span class='ocrx_word' id='word_1_677' title='bbox 1582 4706 1722 4774; x_wconf 81' lang='grc' dir='ltr'>εἰμι.</span> <span class='ocrx_word' id='word_1_678' title='bbox 1750 4722 1768 4756; x_wconf 81' lang='grc' dir='ltr'><strong>ι</strong></span> <span class='ocrx_word' id='word_1_679' title='bbox 1799 4706 2025 4775; x_wconf 85' lang='grc' dir='ltr'>Ὅμοιος</span> 
     </span>
    </p>
   </div>
   <div class='ocr_carea' id='block_1_92' title="bbox 421 4794 2027 4866">
    <p class='ocr_par' dir='ltr' id='par_1_92' title="bbox 421 4794 2027 4866">
     <span class='ocr_line' id='line_1_92' title="bbox 421 4794 2027 4866; baseline -0.002 -13"><span class='ocrx_word' id='word_1_680' title='bbox 421 4801 545 4862; x_wconf 86' lang='grc' dir='ltr'>τοῖς</span> <span class='ocrx_word' id='word_1_681' title='bbox 576 4796 831 4866; x_wconf 80' lang='grc' dir='ltr'>ἀδελφοῖς</span> <span class='ocrx_word' id='word_1_682' title='bbox 864 4796 1006 4850; x_wconf 86' lang='grc' dir='ltr'><strong>κατά</strong></span> <span class='ocrx_word' id='word_1_683' title='bbox 1034 4796 1231 4859; x_wconf 85' lang='grc' dir='ltr'>πάντα,</span> <span class='ocrx_word' id='word_1_684' title='bbox 1277 4797 1306 4849; x_wconf 84' lang='lat'><strong>6</strong></span> <span class='ocrx_word' id='word_1_685' title='bbox 1345 4794 1528 4865; x_wconf 79' lang='grc' dir='ltr'>ψυχῆς</span> <span class='ocrx_word' id='word_1_686' title='bbox 1557 4795 1906 4866; x_wconf 81' lang='grc' dir='ltr'>ἀνθρωπίνης</span> <span class='ocrx_word' id='word_1_687' title='bbox 1932 4797 2027 4850; x_wconf 82' lang='grc' dir='ltr'><strong>καὶ</strong></span> 
     </span>
    </p>
   </div>
   <div class='ocr_carea' id='block_1_93' title="bbox 422 4886 2025 4962">
    <p class='ocr_par' dir='ltr' id='par_1_93' title="bbox 422 4886 2025 4962">
     <span class='ocr_line' id='line_1_93' title="bbox 422 4886 2025 4962; baseline -0.002 -18"><span class='ocrx_word' id='word_1_688' title='bbox 422 4890 638 4962; x_wconf 81' lang='grc' dir='ltr'>σαρκὸς</span> <span class='ocrx_word' id='word_1_689' title='bbox 692 4887 981 4942; x_wconf 83' lang='grc' dir='ltr'>ἀναλαϐὼν</span> <span class='ocrx_word' id='word_1_690' title='bbox 1030 4886 1403 4957; x_wconf 79' lang='grc' dir='ltr'>ἀδελφότητα,</span> <span class='ocrx_word' id='word_1_691' title='bbox 1435 4886 1535 4956; x_wconf 85' lang='grc' dir='ltr'>οὺχ</span> <span class='ocrx_word' id='word_1_692' title='bbox 1577 4888 1606 4939; x_wconf 91' lang='lat'><strong>6</strong></span> <span class='ocrx_word' id='word_1_693' title='bbox 1652 4886 1863 4955; x_wconf 81' lang='grc' dir='ltr'>λέγων’</span> <span class='ocrx_word' id='word_1_694' title='bbox 1906 4906 1927 4939; x_wconf 82' lang='grc' dir='ltr'><strong>ι</strong></span> <span class='ocrx_word' id='word_1_695' title='bbox 1967 4888 2025 4941; x_wconf 87' lang='lat'><strong>&#39;0</strong></span> 
     </span>
    </p>
   </div>
   <div class='ocr_carea' id='block_1_94' title="bbox 419 4973 2027 5050">
    <p class='ocr_par' dir='ltr' id='par_1_94' title="bbox 419 4973 2027 5050">
     <span class='ocr_line' id='line_1_94' title="bbox 419 4973 2027 5050; baseline -0.001 -18"><span class='ocrx_word' id='word_1_696' title='bbox 419 4975 702 5050; x_wconf 84' lang='grc' dir='ltr'>ἑωρακὼς</span> <span class='ocrx_word' id='word_1_697' title='bbox 746 4976 869 5046; x_wconf 75' lang='grc' dir='ltr'>ἐμὲ,</span> <span class='ocrx_word' id='word_1_698' title='bbox 911 4973 1128 5045; x_wconf 79' lang='grc' dir='ltr'>ἑώρακε</span> <span class='ocrx_word' id='word_1_699' title='bbox 1171 4974 1268 5029; x_wconf 87' lang='grc' dir='ltr'><strong>τὸν</strong></span> <span class='ocrx_word' id='word_1_700' title='bbox 1315 4974 1558 5044; x_wconf 78' lang='grc' dir='ltr'>Πατέρα.</span> <span class='ocrx_word' id='word_1_701' title='bbox 1594 4992 1613 5027; x_wconf 81' lang='grc' dir='ltr'><strong>ι</strong></span> <span class='ocrx_word' id='word_1_702' title='bbox 1656 4975 1766 5028; x_wconf 85' lang='grc' dir='ltr'>Καὶ</span> <span class='ocrx_word' id='word_1_703' title='bbox 1800 4976 1883 5029; x_wconf 79' lang='grc' dir='ltr'><strong>ὅτι</strong></span> <span class='ocrx_word' id='word_1_704' title='bbox 1926 4977 2027 5048; x_wconf 84' lang='grc' dir='ltr'>μὲν</span> 
     </span>
    </p>
   </div>
   <div class='ocr_carea' id='block_1_95' title="bbox 418 5063 2023 5137">
    <p class='ocr_par' dir='ltr' id='par_1_95' title="bbox 418 5063 2023 5137">
     <span class='ocr_line' id='line_1_95' title="bbox 418 5063 2023 5137; baseline 0 -15"><span class='ocrx_word' id='word_1_705' title='bbox 418 5068 518 5122; x_wconf 81' lang='grc' dir='ltr'>τοῦ</span> <span class='ocrx_word' id='word_1_706' title='bbox 553 5065 896 5128; x_wconf 79' lang='grc' dir='ltr'>πεπονθότος</span> <span class='ocrx_word' id='word_1_707' title='bbox 925 5066 1061 5120; x_wconf 80' lang='grc' dir='ltr'>Θεὸν</span> <span class='ocrx_word' id='word_1_708' title='bbox 1093 5066 1184 5119; x_wconf 85' lang='grc' dir='ltr'><strong>τὸν</strong></span> <span class='ocrx_word' id='word_1_709' title='bbox 1233 5065 1499 5130; x_wconf 81' lang='grc' dir='ltr'>ζωοποιὸν</span> <span class='ocrx_word' id='word_1_710' title='bbox 1541 5063 1638 5118; x_wconf 79' lang='grc' dir='ltr'>τοῦ</span> <span class='ocrx_word' id='word_1_711' title='bbox 1682 5064 1818 5120; x_wconf 80' lang='grc' dir='ltr'><strong>Θεοῦ</strong></span> <span class='ocrx_word' id='word_1_712' title='bbox 1849 5068 2023 5137; x_wconf 88' lang='grc' dir='ltr'>Λόγον</span> 
     </span>
    </p>
   </div>
   <div class='ocr_carea' id='block_1_96' title="bbox 316 5150 2024 5228">
    <p class='ocr_par' dir='ltr' id='par_1_96' title="bbox 316 5150 2024 5228">
     <span class='ocr_line' id='line_1_96' title="bbox 316 5150 2024 5228; baseline -0.004 -16"><span class='ocrx_word' id='word_1_713' title='bbox 316 5207 322 5211; x_wconf 86' lang='grc'><strong>.</strong></span> <span class='ocrx_word' id='word_1_714' title='bbox 419 5159 705 5228; x_wconf 76' lang='grc' dir='ltr'>ὑπάρχειν</span> <span class='ocrx_word' id='word_1_715' title='bbox 744 5153 1248 5225; x_wconf 85' lang='grc' dir='ltr'>διαϐεϐαιούμενος,</span> <span class='ocrx_word' id='word_1_716' title='bbox 1277 5154 1388 5217; x_wconf 87' lang='grc' dir='ltr'>τοῖς</span> <span class='ocrx_word' id='word_1_717' title='bbox 1403 5154 1503 5224; x_wconf 80' lang='grc' dir='ltr'>τῆς</span> <span class='ocrx_word' id='word_1_718' title='bbox 1543 5150 1790 5221; x_wconf 84' lang='grc' dir='ltr'>ἀφύκτου</span> <span class='ocrx_word' id='word_1_719' title='bbox 1818 5152 2024 5225; x_wconf 85' lang='grc' dir='ltr'>δυσφη-</span> 
     </span>
    </p>
   </div>
   <div class='ocr_carea' id='block_1_97' title="bbox 423 5243 2024 5320">
    <p class='ocr_par' dir='ltr' id='par_1_97' title="bbox 423 5243 2024 5320">
     <span class='ocr_line' id='line_1_97' title="bbox 423 5243 2024 5320; baseline -0.001 -18"><span class='ocrx_word' id='word_1_720' title='bbox 423 5250 566 5320; x_wconf 83' lang='grc' dir='ltr'>μίας</span> <span class='ocrx_word' id='word_1_721' title='bbox 592 5248 911 5319; x_wconf 77' lang='grc' dir='ltr'>ἐγκλήμασι</span> <span class='ocrx_word' id='word_1_722' title='bbox 931 5246 1156 5300; x_wconf 85' lang='grc' dir='ltr'>σεαυτὸν</span> <span class='ocrx_word' id='word_1_723' title='bbox 1182 5245 1367 5313; x_wconf 74' lang='grc' dir='ltr'>ἐνιεὶς,</span> <span class='ocrx_word' id='word_1_724' title='bbox 1397 5243 1665 5315; x_wconf 71' lang='grc' dir='ltr'>ἠδίκηκας</span> <span class='ocrx_word' id='word_1_725' title='bbox 1682 5245 1744 5297; x_wconf 83' lang='grc' dir='ltr'><strong>οὐ</strong></span> <span class='ocrx_word' id='word_1_726' title='bbox 1767 5246 2024 5317; x_wconf 84' lang='grc' dir='ltr'>μετρίως,</span> 
     </span>
    </p>
   </div>
   <div class='ocr_carea' id='block_1_98' title="bbox 495 5379 1646 5447">
    <p class='ocr_par' dir='ltr' id='par_1_98' title="bbox 495 5379 1646 5447">
     <span class='ocr_line' id='line_1_98' title="bbox 495 5379 1646 5447; baseline -0.004 -8"><span class='ocrx_word' id='word_1_727' title='bbox 495 5391 546 5421; x_wconf 75' lang='grc' dir='ltr'><strong>τ’</strong></span> <span class='ocrx_word' id='word_1_728' title='bbox 594 5388 757 5441; x_wconf 81' lang='lat' dir='ltr'><strong>Hebr.</strong></span> <span class='ocrx_word' id='word_1_729' title='bbox 796 5401 850 5447; x_wconf 82' lang='grc' dir='ltr'><strong>ν,</strong></span> <span class='ocrx_word' id='word_1_730' title='bbox 885 5386 940 5439; x_wconf 92' lang='lat'><strong>7.</strong></span> <span class='ocrx_word' id='word_1_731' title='bbox 1044 5383 1090 5415; x_wconf 82' lang='lat'><strong>&#39;°</strong></span> <span class='ocrx_word' id='word_1_732' title='bbox 1129 5380 1264 5446; x_wconf 88' lang='lat' dir='ltr'><strong>lmo,</strong></span> <span class='ocrx_word' id='word_1_733' title='bbox 1299 5379 1434 5436; x_wconf 91' lang='lat' dir='ltr'><strong>Luc.</strong></span> <span class='ocrx_word' id='word_1_734' title='bbox 1464 5398 1526 5446; x_wconf 92' lang='grc' dir='ltr'><strong>ιι,</strong></span> <span class='ocrx_word' id='word_1_735' title='bbox 1556 5381 1646 5437; x_wconf 76' lang='grc'><strong>52.</strong></span> 
     </span>
    </p>
   </div>
   <div class='ocr_carea' id='block_1_99' title="bbox 1745 5381 2290 5453">
    <p class='ocr_par' dir='ltr' id='par_1_99' title="bbox 1745 5381 2290 5453">
     <span class='ocr_line' id='line_1_99' title="bbox 1745 5381 2290 5453; baseline 0.009 -17"><span class='ocrx_word' id='word_1_736' title='bbox 1745 5381 1790 5414; x_wconf 80' lang='grc'><strong><em>⁸⁸</em></strong></span> <span class='ocrx_word' id='word_1_737' title='bbox 1834 5382 1996 5439; x_wconf 83' lang='lat' dir='ltr'><strong>Hebr.</strong></span> <span class='ocrx_word' id='word_1_738' title='bbox 2034 5399 2087 5449; x_wconf 90' lang='lat' dir='ltr'><strong>v,</strong></span> <span class='ocrx_word' id='word_1_739' title='bbox 2121 5385 2175 5453; x_wconf 89' lang='lat'><strong>9,</strong></span> <span class='ocrx_word' id='word_1_740' title='bbox 2204 5385 2290 5442; x_wconf 81' lang='grc'><strong>10.</strong></span> 
     </span>
    </p>
   </div>
   <div class='ocr_carea' id='block_1_100' title="bbox 419 5451 2084 5525">
    <p class='ocr_par' dir='ltr' id='par_1_100' title="bbox 419 5451 2084 5525">
     <span class='ocr_line' id='line_1_100' title="bbox 419 5451 2084 5525; baseline -0.002 -12"><span class='ocrx_word' id='word_1_741' title='bbox 419 5459 492 5494; x_wconf 82' lang='grc'><strong>⁸³¹</strong></span> <span class='ocrx_word' id='word_1_742' title='bbox 526 5458 698 5516; x_wconf 76' lang='lat' dir='ltr'><strong>llebr.</strong></span> <span class='ocrx_word' id='word_1_743' title='bbox 725 5471 846 5525; x_wconf 83' lang='lat' dir='ltr'><strong>xm,</strong></span> <span class='ocrx_word' id='word_1_744' title='bbox 879 5455 935 5511; x_wconf 92' lang='lat'><strong>8.</strong></span> <span class='ocrx_word' id='word_1_745' title='bbox 1013 5453 1062 5487; x_wconf 77' lang='lat'><strong>“</strong></span> <span class='ocrx_word' id='word_1_746' title='bbox 1096 5451 1252 5510; x_wconf 81' lang='lat' dir='ltr'><strong>Joan.</strong></span> <span class='ocrx_word' id='word_1_747' title='bbox 1284 5464 1402 5516; x_wconf 83' lang='lat' dir='ltr'><strong>VIII,</strong></span> <span class='ocrx_word' id='word_1_748' title='bbox 1455 5452 1545 5507; x_wconf 85' lang='lat'><strong>58.</strong></span> <span class='ocrx_word' id='word_1_749' title='bbox 1621 5453 1668 5485; x_wconf 82' lang='grc'><strong>⁸⁸</strong></span> <span class='ocrx_word' id='word_1_750' title='bbox 1703 5451 1860 5507; x_wconf 80' lang='lat' dir='ltr'><strong>Joan.</strong></span> <span class='ocrx_word' id='word_1_751' title='bbox 1895 5469 2003 5517; x_wconf 64' lang='grc' dir='ltr'>ειν,</span> <span class='ocrx_word' id='word_1_752' title='bbox 2032 5454 2084 5509; x_wconf 91' lang='grc'><strong>9.</strong></span> 
     </span>
    </p>
   </div>
   <div class='ocr_carea' id='block_1_101' title="bbox 2126 4706 3710 4774">
    <p class='ocr_par' dir='ltr' id='par_1_101' title="bbox 2126 4706 3710 4774">
     <span class='ocr_line' id='line_1_101' title="bbox 2126 4706 3710 4774; baseline 0.006 -17"><span class='ocrx_word' id='word_1_753' title='bbox 2126 4706 2219 4774; x_wconf 90' lang='lat' dir='ltr'><strong>qui</strong></span> <span class='ocrx_word' id='word_1_754' title='bbox 2255 4706 2505 4760; x_wconf 70' lang='lat' dir='ltr'><strong>humana:</strong></span> <span class='ocrx_word' id='word_1_755' title='bbox 2541 4708 2737 4762; x_wconf 73' lang='lat' dir='ltr'><strong>anima:</strong></span> <span class='ocrx_word' id='word_1_756' title='bbox 2781 4718 2836 4762; x_wconf 93' lang='lat' dir='ltr'><strong>et</strong></span> <span class='ocrx_word' id='word_1_757' title='bbox 2865 4710 3046 4762; x_wconf 89' lang='lat' dir='ltr'><strong>carnis</strong></span> <span class='ocrx_word' id='word_1_758' title='bbox 3083 4709 3484 4763; x_wconf 82' lang='lat' dir='ltr'><strong>fraternitatem</strong></span> <span class='ocrx_word' id='word_1_759' title='bbox 3523 4725 3710 4766; x_wconf 89' lang='lat' dir='ltr'><strong>susce-</strong></span> 
     </span>
    </p>
   </div>
   <div class='ocr_carea' id='block_1_102' title="bbox 2130 4797 3711 4868">
    <p class='ocr_par' dir='ltr' id='par_1_102' title="bbox 2130 4797 3711 4868">
     <span class='ocr_line' id='line_1_102' title="bbox 2130 4797 3711 4868; baseline 0.003 -17"><span class='ocrx_word' id='word_1_760' title='bbox 2130 4798 2227 4867; x_wconf 83' lang='lat' dir='ltr'><strong>pit,</strong></span> <span class='ocrx_word' id='word_1_761' title='bbox 2253 4812 2358 4851; x_wconf 84' lang='lat' dir='ltr'><strong>non</strong></span> <span class='ocrx_word' id='word_1_762' title='bbox 2391 4798 2486 4868; x_wconf 86' lang='lat' dir='ltr'><strong>qui</strong></span> <span class='ocrx_word' id='word_1_763' title='bbox 2515 4797 2690 4854; x_wconf 78' lang='lat' dir='ltr'><strong>dicit:</strong></span> <span class='ocrx_word' id='word_1_764' title='bbox 2731 4818 2749 4851; x_wconf 80' lang='grc' dir='ltr'><strong>ι</strong></span> <span class='ocrx_word' id='word_1_765' title='bbox 2805 4799 2911 4867; x_wconf 85' lang='lat' dir='ltr'><strong>Qui</strong></span> <span class='ocrx_word' id='word_1_766' title='bbox 2964 4801 3099 4854; x_wconf 82' lang='lat' dir='ltr'><strong>vidit</strong></span> <span class='ocrx_word' id='word_1_767' title='bbox 3151 4817 3257 4867; x_wconf 90' lang='lat' dir='ltr'><strong>me,</strong></span> <span class='ocrx_word' id='word_1_768' title='bbox 3317 4802 3453 4856; x_wconf 82' lang='lat' dir='ltr'><strong>vidit</strong></span> <span class='ocrx_word' id='word_1_769' title='bbox 3499 4811 3554 4856; x_wconf 86' lang='lat' dir='ltr'><strong>et</strong></span> <span class='ocrx_word' id='word_1_770' title='bbox 3607 4801 3711 4856; x_wconf 85' lang='lat' dir='ltr'><strong>Pa-</strong></span> 
     </span>
    </p>
   </div>
   <div class='ocr_carea' id='block_1_103' title="bbox 2125 4889 3708 4963">
    <p class='ocr_par' dir='ltr' id='par_1_103' title="bbox 2125 4889 3708 4963">
     <span class='ocr_line' id='line_1_103' title="bbox 2125 4889 3708 4963; baseline 0.003 -20"><span class='ocrx_word' id='word_1_771' title='bbox 2125 4896 2265 4944; x_wconf 86' lang='lat' dir='ltr'><strong>trem</strong></span> <span class='ocrx_word' id='word_1_772' title='bbox 2290 4889 2356 4944; x_wconf 81' lang='grc'><strong>⁸⁵.</strong></span> <span class='ocrx_word' id='word_1_773' title='bbox 2405 4909 2424 4941; x_wconf 79' lang='grc' dir='ltr'><strong>ι</strong></span> <span class='ocrx_word' id='word_1_774' title='bbox 2492 4890 2668 4959; x_wconf 87' lang='lat' dir='ltr'><strong>Atque</strong></span> <span class='ocrx_word' id='word_1_775' title='bbox 2712 4890 2764 4945; x_wconf 92' lang='lat' dir='ltr'><strong>in</strong></span> <span class='ocrx_word' id='word_1_776' title='bbox 2798 4905 2865 4946; x_wconf 92' lang='lat' dir='ltr'><strong>eo</strong></span> <span class='ocrx_word' id='word_1_777' title='bbox 2906 4893 3047 4962; x_wconf 90' lang='lat' dir='ltr'><strong>quod</strong></span> <span class='ocrx_word' id='word_1_778' title='bbox 3089 4895 3291 4948; x_wconf 90' lang='lat' dir='ltr'><strong>asseris</strong></span> <span class='ocrx_word' id='word_1_779' title='bbox 3347 4893 3512 4949; x_wconf 88' lang='lat' dir='ltr'><strong>Deum</strong></span> <span class='ocrx_word' id='word_1_780' title='bbox 3567 4895 3708 4963; x_wconf 82' lang='lat' dir='ltr'><strong>passi</strong></span> 
     </span>
    </p>
   </div>
   <div class='ocr_carea' id='block_1_104' title="bbox 2127 4982 3711 5049">
    <p class='ocr_par' dir='ltr' id='par_1_104' title="bbox 2127 4982 3711 5049">
     <span class='ocr_line' id='line_1_104' title="bbox 2127 4982 3711 5049; baseline 0.003 -13"><span class='ocrx_word' id='word_1_781' title='bbox 2127 4994 2250 5036; x_wconf 88' lang='lat' dir='ltr'><strong>esse</strong></span> <span class='ocrx_word' id='word_1_782' title='bbox 2289 4982 2465 5047; x_wconf 89' lang='lat' dir='ltr'><strong>ipsum</strong></span> <span class='ocrx_word' id='word_1_783' title='bbox 2501 4983 2783 5039; x_wconf 84' lang='lat' dir='ltr'><strong>vivificans</strong></span> <span class='ocrx_word' id='word_1_784' title='bbox 2824 4984 2917 5039; x_wconf 82' lang='lat' dir='ltr'><strong>Dei</strong></span> <span class='ocrx_word' id='word_1_785' title='bbox 2966 4982 3227 5049; x_wconf 79' lang='lat' dir='ltr'><strong>Verbum,</strong></span> <span class='ocrx_word' id='word_1_786' title='bbox 3288 4995 3339 5041; x_wconf 90' lang='lat' dir='ltr'><strong>te</strong></span> <span class='ocrx_word' id='word_1_787' title='bbox 3380 4988 3711 5041; x_wconf 89' lang='lat' dir='ltr'><strong>inevitabilis</strong></span> 
     </span>
    </p>
   </div>
   <div class='ocr_carea' id='block_1_105' title="bbox 2129 5071 3708 5149">
    <p class='ocr_par' dir='ltr' id='par_1_105' title="bbox 2129 5071 3708 5149">
     <span class='ocr_line' id='line_1_105' title="bbox 2129 5071 3708 5149; baseline 0.006 -24"><span class='ocrx_word' id='word_1_788' title='bbox 2129 5071 2481 5143; x_wconf 64' lang='lat' dir='ltr'><strong>blasphemiae</strong></span> <span class='ocrx_word' id='word_1_789' title='bbox 2502 5075 2707 5130; x_wconf 90' lang='lat' dir='ltr'><strong>crimen</strong></span> <span class='ocrx_word' id='word_1_790' title='bbox 2726 5075 3044 5140; x_wconf 88' lang='lat' dir='ltr'><strong>incurrisse,</strong></span> <span class='ocrx_word' id='word_1_791' title='bbox 3069 5078 3413 5147; x_wconf 78' lang='lat' dir='ltr'><strong>graviterque</strong></span> <span class='ocrx_word' id='word_1_792' title='bbox 3435 5094 3708 5149; x_wconf 90' lang='lat' dir='ltr'><strong>peccasse,</strong></span> 
     </span>
    </p>
   </div>
   <div class='ocr_carea' id='block_1_106' title="bbox 2131 5157 3706 5224">
    <p class='ocr_par' dir='ltr' id='par_1_106' title="bbox 2131 5157 3706 5224">
     <span class='ocr_line' id='line_1_106' title="bbox 2131 5157 3706 5224; baseline 0.004 -6"><span class='ocrx_word' id='word_1_793' title='bbox 2131 5161 2337 5218; x_wconf 72' lang='lat' dir='ltr'><strong>efﬁcaci</strong></span> <span class='ocrx_word' id='word_1_794' title='bbox 2391 5157 2601 5219; x_wconf 79' lang='lat' dir='ltr'><strong>ratione</strong></span> <span class='ocrx_word' id='word_1_795' title='bbox 2657 5166 3088 5222; x_wconf 83' lang='lat' dir='ltr'><strong>demonstratum</strong></span> <span class='ocrx_word' id='word_1_796' title='bbox 3146 5178 3249 5223; x_wconf 91' lang='lat' dir='ltr'><strong>est.</strong></span> <span class='ocrx_word' id='word_1_797' title='bbox 3304 5169 3469 5223; x_wconf 80' lang='lat' dir='ltr'><strong>Miror</strong></span> <span class='ocrx_word' id='word_1_798' title='bbox 3525 5178 3706 5224; x_wconf 90' lang='lat' dir='ltr'><strong>autem</strong></span> 
     </span>
    </p>
   </div>
   <div class='ocr_carea' id='block_1_107' title="bbox 2134 5254 3705 5329">
    <p class='ocr_par' dir='ltr' id='par_1_107' title="bbox 2134 5254 3705 5329">
     <span class='ocr_line' id='line_1_107' title="bbox 2134 5254 3705 5329; baseline 0.003 -21"><span class='ocrx_word' id='word_1_799' title='bbox 2134 5254 2280 5323; x_wconf 90' lang='lat' dir='ltr'><strong>quod</strong></span> <span class='ocrx_word' id='word_1_800' title='bbox 2330 5264 2542 5310; x_wconf 84' lang='lat' dir='ltr'><strong>tuarum</strong></span> <span class='ocrx_word' id='word_1_801' title='bbox 2592 5271 2785 5313; x_wconf 87' lang='lat' dir='ltr'><strong>vocum</strong></span> <span class='ocrx_word' id='word_1_802' title='bbox 2812 5258 3032 5324; x_wconf 75' lang='lat' dir='ltr'><strong>oblitus,</strong></span> <span class='ocrx_word' id='word_1_803' title='bbox 3061 5259 3317 5329; x_wconf 86' lang='lat' dir='ltr'><strong>paulatim</strong></span> <span class='ocrx_word' id='word_1_804' title='bbox 3357 5273 3705 5328; x_wconf 83' lang='lat' dir='ltr'><strong>progressum</strong></span> 
     </span>
    </p>
   </div>
   <div class='ocr_carea' id='block_1_108' title="bbox 2399 5388 3707 5460">
    <p class='ocr_par' dir='ltr' id='par_1_108' title="bbox 2399 5388 3707 5460">
     <span class='ocr_line' id='line_1_108' title="bbox 2399 5388 3707 5460; baseline 0.006 -16"><span class='ocrx_word' id='word_1_805' title='bbox 2399 5389 2445 5421; x_wconf 79' lang='grc'><strong>⁸⁸</strong></span> <span class='ocrx_word' id='word_1_806' title='bbox 2485 5388 2649 5446; x_wconf 86' lang='lat' dir='ltr'><strong>Hebr.</strong></span> <span class='ocrx_word' id='word_1_807' title='bbox 2673 5406 2737 5460; x_wconf 88' lang='grc' dir='ltr'><strong>ιι,</strong></span> <span class='ocrx_word' id='word_1_808' title='bbox 2779 5391 2867 5447; x_wconf 79' lang='grc'><strong>17.</strong></span> <span class='ocrx_word' id='word_1_809' title='bbox 3006 5391 3052 5423; x_wconf 83' lang='grc'><strong>⁸³</strong></span> <span class='ocrx_word' id='word_1_810' title='bbox 3090 5391 3303 5448; x_wconf 88' lang='lat' dir='ltr'><strong>Barucb</strong></span> <span class='ocrx_word' id='word_1_811' title='bbox 3356 5407 3461 5458; x_wconf 88' lang='grc' dir='ltr'>ιιι,</span> <span class='ocrx_word' id='word_1_812' title='bbox 3516 5394 3707 5451; x_wconf 75' lang='lat'><strong>56-58.</strong></span> 
     </span>
    </p>
   </div>
   <div class='ocr_carea' id='block_1_109' title="bbox 1728 5570 2472 5629">
    <p class='ocr_par' dir='ltr' id='par_1_109' title="bbox 1728 5570 2472 5629">
     <span class='ocr_line' id='line_1_109' title="bbox 1728 5570 2472 5629; baseline 0.005 -5"><span class='ocrx_word' id='word_1_813' title='bbox 1728 5570 1882 5627; x_wconf 54' lang='lat' dir='ltr'><strong>ANT.</strong></span> <span class='ocrx_word' id='word_1_814' title='bbox 1927 5571 2203 5628; x_wconf 82' lang='lat' dir='ltr'><strong>AGELLII</strong></span> <span class='ocrx_word' id='word_1_815' title='bbox 2242 5571 2472 5629; x_wconf 68' lang='lat' dir='ltr'><strong>NOTAE.</strong></span> 
     </span>
    </p>
   </div>
   <div class='ocr_carea' id='block_1_110' title="bbox 498 5713 2025 5785">
    <p class='ocr_par' dir='ltr' id='par_1_110' title="bbox 498 5713 2025 5785">
     <span class='ocr_line' id='line_1_110' title="bbox 498 5713 2025 5785; baseline -0.004 -11"><span class='ocrx_word' id='word_1_816' title='bbox 498 5717 619 5785; x_wconf 75' lang='lat'><strong>(2|)</strong></span> <span class='ocrx_word' id='word_1_817' title='bbox 659 5717 754 5774; x_wconf 82' lang='lat' dir='ltr'><strong>Vel</strong></span> <span class='ocrx_word' id='word_1_818' title='bbox 786 5717 1124 5773; x_wconf 88' lang='lat' dir='ltr'><strong>notariorum</strong></span> <span class='ocrx_word' id='word_1_819' title='bbox 1150 5728 1305 5785; x_wconf 85' lang='lat' dir='ltr'><strong>error</strong></span> <span class='ocrx_word' id='word_1_820' title='bbox 1334 5723 1435 5779; x_wconf 85' lang='lat' dir='ltr'><strong>est,</strong></span> <span class='ocrx_word' id='word_1_821' title='bbox 1467 5714 1573 5785; x_wconf 75' lang='lat' dir='ltr'><strong>vel_</strong></span> <span class='ocrx_word' id='word_1_822' title='bbox 1599 5715 1787 5785; x_wconf 85' lang='lat' dir='ltr'><strong>lapsus</strong></span> <span class='ocrx_word' id='word_1_823' title='bbox 1809 5724 1893 5771; x_wconf 91' lang='lat' dir='ltr'><strong>est</strong></span> <span class='ocrx_word' id='word_1_824' title='bbox 1916 5713 2025 5769; x_wconf 85' lang='lat' dir='ltr'><strong>Ne-</strong></span> 
     </span>
    </p>
   </div>
   <div class='ocr_carea' id='block_1_111' title="bbox 426 5783 2022 5858">
    <p class='ocr_par' dir='ltr' id='par_1_111' title="bbox 426 5783 2022 5858">
     <span class='ocr_line' id='line_1_111' title="bbox 426 5783 2022 5858; baseline -0.005 -11"><span class='ocrx_word' id='word_1_825' title='bbox 426 5783 658 5851; x_wconf 85' lang='lat' dir='ltr'><strong>storius,</strong></span> <span class='ocrx_word' id='word_1_826' title='bbox 685 5788 781 5858; x_wconf 92' lang='lat' dir='ltr'><strong>qui</strong></span> <span class='ocrx_word' id='word_1_827' title='bbox 814 5788 977 5858; x_wconf 86' lang='lat' dir='ltr'><strong>verba</strong></span> <span class='ocrx_word' id='word_1_828' title='bbox 1009 5788 1126 5840; x_wconf 75' lang='lat' dir='ltr'><strong>hanc.</strong></span> <span class='ocrx_word' id='word_1_829' title='bbox 1154 5784 1312 5858; x_wconf 75' lang='lat' dir='ltr'><strong>Lucae</strong></span> <span class='ocrx_word' id='word_1_830' title='bbox 1338 5799 1462 5854; x_wconf 88' lang='lat' dir='ltr'><strong>cap.</strong></span> <span class='ocrx_word' id='word_1_831' title='bbox 1489 5800 1528 5858; x_wconf 71' lang='grc' dir='ltr'><strong>ιι</strong></span> <span class='ocrx_word' id='word_1_832' title='bbox 1552 5783 1744 5858; x_wconf 72' lang='lat' dir='ltr'><strong>Joanni</strong></span> <span class='ocrx_word' id='word_1_833' title='bbox 1776 5786 2022 5858; x_wconf 70' lang='lat' dir='ltr'><strong>ascribit.</strong></span> 
     </span>
    </p>
   </div>
   <div class='ocr_carea' id='block_1_112' title="bbox 428 5854 2025 5931">
    <p class='ocr_par' dir='ltr' id='par_1_112' title="bbox 428 5854 2025 5931">
     <span class='ocr_line' id='line_1_112' title="bbox 428 5854 2025 5931; baseline -0.003 -14"><span class='ocrx_word' id='word_1_834' title='bbox 428 5861 537 5917; x_wconf 86' lang='lat' dir='ltr'><strong>Sed</strong></span> <span class='ocrx_word' id='word_1_835' title='bbox 583 5854 720 5931; x_wconf 72' lang='lat' dir='ltr'><strong>quia</strong></span> <span class='ocrx_word' id='word_1_836' title='bbox 770 5858 916 5913; x_wconf 87' lang='lat' dir='ltr'><strong>hunc</strong></span> <span class='ocrx_word' id='word_1_837' title='bbox 946 5856 1154 5925; x_wconf 86' lang='lat' dir='ltr'><strong>lapsum</strong></span> <span class='ocrx_word' id='word_1_838' title='bbox 1184 5855 1237 5909; x_wconf 91' lang='lat' dir='ltr'><strong>in</strong></span> <span class='ocrx_word' id='word_1_839' title='bbox 1269 5869 1363 5911; x_wconf 83' lang='lat' dir='ltr'><strong>sua</strong></span> <span class='ocrx_word' id='word_1_840' title='bbox 1420 5854 1744 5912; x_wconf 82' lang='lat' dir='ltr'><strong>refutatione</strong></span> <span class='ocrx_word' id='word_1_841' title='bbox 1790 5854 2025 5926; x_wconf 79' lang='lat' dir='ltr'><strong>Cyrinus</strong></span> 
     </span>
    </p>
   </div>
   <div class='ocr_carea' id='block_1_113' title="bbox 2122 5714 3703 5788">
    <p class='ocr_par' dir='ltr' id='par_1_113' title="bbox 2122 5714 3703 5788">
     <span class='ocr_line' id='line_1_113' title="bbox 2122 5714 3703 5788; baseline 0.003 -17"><span class='ocrx_word' id='word_1_842' title='bbox 2122 5732 2241 5772; x_wconf 81' lang='lat' dir='ltr'><strong>non</strong></span> <span class='ocrx_word' id='word_1_843' title='bbox 2277 5717 2545 5788; x_wconf 85' lang='lat' dir='ltr'><strong>coarguit,</strong></span> <span class='ocrx_word' id='word_1_844' title='bbox 2572 5726 2625 5771; x_wconf 89' lang='lat' dir='ltr'><strong>et</strong></span> <span class='ocrx_word' id='word_1_845' title='bbox 2653 5716 2870 5788; x_wconf 86' lang='lat' dir='ltr'><strong>beatum</strong></span> <span class='ocrx_word' id='word_1_846' title='bbox 2896 5715 3097 5788; x_wconf 78' lang='lat' dir='ltr'><strong>Lucam</strong></span> <span class='ocrx_word' id='word_1_847' title='bbox 3131 5714 3703 5788; x_wconf 10' lang='lat' dir='ltr'><strong>auctoremaagnoscit,</strong></span> 
     </span>
    </p>
   </div>
   <div class='ocr_carea' id='block_1_114' title="bbox 2134 5786 3521 5857">
    <p class='ocr_par' dir='ltr' id='par_1_114' title="bbox 2134 5786 3521 5857">
     <span class='ocr_line' id='line_1_114' title="bbox 2134 5786 3521 5857; baseline -0.001 -14"><span class='ocrx_word' id='word_1_848' title='bbox 2134 5788 2361 5844; x_wconf 91' lang='lat' dir='ltr'><strong>notariis</strong></span> <span class='ocrx_word' id='word_1_849' title='bbox 2402 5786 2634 5843; x_wconf 89' lang='lat' dir='ltr'><strong>fortasse</strong></span> <span class='ocrx_word' id='word_1_850' title='bbox 2660 5786 2863 5857; x_wconf 79' lang='lat' dir='ltr'><strong>iustius</strong></span> <span class='ocrx_word' id='word_1_851' title='bbox 2901 5786 3231 5842; x_wconf 76' lang='lat' dir='ltr'><strong>ascribetur.</strong></span> <span class='ocrx_word' id='word_1_852' title='bbox 3484 5786 3521 5799; x_wconf 78' lang='lat'><strong><em>&quot;</em></strong></span> 
     </span>
    </p>
   </div>
  </div>
