4150 6468
492 427 591 485 151

1481 426 1541 484 S.
1580 425 1858 484 CYRILLI
1898 428 2368 483 ALEXANDRINI
2408 428 2722 485 ARCHIEP.

3644 416 3741 469 152

488 547 558 602 ad
596 544 869 617 pontiﬁcis
903 546 1253 619 dignitatem,
1307 546 1491 603 dicere
1546 548 1708 605 simul
1754 559 1808 606 et
1861 550 2066 607 sentire

2179 549 2430 621 ἀποχρῶν
2459 552 2589 622 ἡμῖν
2622 548 2845 616 διέδειξε
2889 546 3065 615 λόγος.
3099 538 3375 612 Θαυμάζω
3404 534 3482 599 δὲ,
3525 533 3602 587 ὅτι
3637 535 3738 587 τῶν

489 638 678 704 audes,
715 653 876 709 quem
931 640 1097 696 etiam
1139 640 1310 696 Deum
1339 654 1462 696 esse
1488 642 1692 698 asseris
1718 642 2065 713 omnipoten-

487 739 619 786 tem.
642 728 776 785 Nam
796 733 1076 804 proposita
1091 733 1189 789 tibi
1213 733 1452 805 Epistola
1474 735 1540 789 ad
1567 733 1823 790 Hebraeos
1839 736 2066 804 scripta,

433 808 437 820 ’
485 824 694 878 teneris
733 823 1116 881 dixisse:Sed
1157 826 1247 882 hic
1303 826 1519 881 lsraelis
1567 836 1829 898 cognatus
1875 841 2068 882 secun-

484 915 614 969 dum
646 930 894 981 carnem,
932 919 1232 974 secundum
1263 919 1646 990 aspectabilem
1680 928 1929 975 naturam
1964 920 2066 974 lto-

486 1021 596 1072 mo,
633 1022 703 1062 ex
760 1008 1193 1063 semine'David
1233 1008 1412 1066 factus
1476 1010 1773 1065 secundum
1822 1025 2067 1075 carnem,

485 1097 601 1164 ipsa
686 1100 1071 1168 conjunctione
1145 1102 1286 1159 Deus
1343 1105 1712 1175 omnipotens.
1786 1104 2070 1172 Quomodo

486 1184 656 1251 igitur
687 1202 1004 1258 progressus
1042 1199 1149 1255 est,
1206 1201 1265 1246 ut
1298 1201 1501 1249 temere
1529 1193 1810 1259 fabularis,
1847 1196 1913 1248 ad
1936 1210 2071 1264 pon-

489 1274 649 1331 tificis
682 1278 1024 1348 dignitatem,
1051 1297 1172 1336 cum
1214 1284 1357 1340 Deus
1391 1286 1463 1340 sit
1488 1286 1835 1355 omnipotens
1854 1296 2070 1341 tuorum

487 1381 702 1437 quoque
747 1371 1037 1428 verborum
1091 1375 1457 1432 testimonio?
1501 1377 1566 1433 Et
1621 1379 1874 1448 quamvis
1922 1379 2070 1432 illam

486 1456 801 1527 ignobilem,
864 1471 920 1517 et
947 1477 976 1517 a
1014 1472 1066 1520 te
1094 1465 1209 1522 solo
1252 1469 1440 1524 nescio
1483 1469 1755 1540 quomodo
1796 1471 2073 1540 excogita-

487 1554 598 1601 tam
630 1550 1068 1620 conjunctionem
1094 1570 1517 1626 commemores,
1543 1561 1767 1616 missum
1801 1561 1854 1616 id
1876 1561 2071 1618 faciam

485 1640 553 1694 ad
597 1656 875 1711 praesens;
924 1645 1055 1702 illud
1105 1657 1286 1704 tamen
1340 1649 1678 1722 elliagitabo,
1725 1663 1785 1707 ut
1832 1654 2072 1710 secundo

486 1744 651 1786 cursu
680 1730 889 1788 feratur
920 1736 1118 1803 oratio,
1152 1746 1207 1792 et
1230 1737 1297 1792 ad
1330 1753 1557 1810 scopum
1587 1740 1690 1795 sibi
1743 1741 2073 1795 convenien-

485 1824 594 1872 tem
625 1826 679 1872 et
717 1835 747 1873 a
786 1823 1067 1893 proposito
1106 1826 1247 1880 baud
1275 1825 1511 1883 alienum
1542 1829 1745 1883 tendat.
1772 1828 1906 1883 Num
1930 1831 2072 1900 quod

2175 639 2322 693 ἰδίων
2348 639 2510 702 αὐτὸς
2540 638 2937 709 ἀμνημονήσας
2978 632 3195 704 φωνῶν,
3230 629 3375 683 κατὰ
3412 624 3580 697 βραχὺ
3612 639 3740 692 προ-

2171 731 2343 785 ελθεῖν
2369 733 2450 794 εἰς
2480 730 2787 801 ἀρχιερέως
2816 727 3036 798 ἀξίωμα
3073 724 3238 794 φάναι
3265 737 3325 775 τε
3345 720 3501 792 ὁμοῦ,
3526 719 3618 774 καὶ
3642 719 3743 789 μὴν

2171 823 2267 874 καὶ
2298 823 2513 891 φρονεῖν
2536 820 2729 885 ἀξιοῖς,
2758 818 2816 872 ὃν
2850 818 2943 871 καὶ
2964 816 3098 869 Θεὸν
3133 809 3272 866 εἶναι
3304 811 3409 882 φὴς
3445 809 3727 880 παντοκρά-

2170 929 2325 984 τορα.
2358 911 2733 983 Προκειμένης
2766 909 2875 980 γάρ
2903 925 2985 961 σοι
3012 907 3116 976 τῆς
3149 903 3425 974 Ἑϐραίοις
3449 898 3745 972 γραφείσης

2184 1003 2522 1072 Ἐπιστολῆς,
2555 1002 2753 1073 ἁλίσκῃ
2783 1002 2959 1069 λέγων
2987 1016 2999 1029 ·
3032 998 3173 1052 Ἀλλ’
3193 992 3346 1059 οὗτος
3367 995 3395 1045 ὁ
3413 992 3552 1046 κατὰ
3573 993 3745 1062 σάρκα

2169 1092 2263 1145 τοῦ
2300 1092 2514 1162 Ἰσραὴλ
2532 1092 2822 1160 συγγενὴς,
2836 1089 3013 1143 ὁκατά
3033 1088 3093 1141 τὸ
3109 1086 3430 1156 φαινόμενον
3449 1083 3542 1138 ἄνθ
3550 1099 3748 1154 ρωπος,

2170 1184 2199 1236 ὁ
2232 1183 2371 1236 κατὰ
2395 1183 2492 1253 τὴν
2524 1181 2735 1235 Παύλου
2774 1180 2989 1251 φωνὴν,
3042 1183 3106 1232 ὲκ
3148 1177 3462 1247 σπέρματος
3498 1190 3745 1242 γεγεννη-

2176 1275 2333 1345 μένος
2376 1275 2563 1341 Δαὸὶδ,
2605 1272 3008 1344 παντοκράτωρ
3038 1272 3105 1340 τῇ
3146 1266 3413 1338 συναιρείᾳ
3443 1265 3594 1328 Θεός.
3629 1262 3748 1324 lli-3;

2172 1367 2255 1421 ἔτι
2290 1367 2559 1440 προέκοψε
2605 1366 2750 1419 κατὰ
2778 1367 2878 1437 τὴν
2914 1362 3297 1435 εἰκαιομυθίαν
3342 1362 3422 1425 εἰς
3456 1358 3749 1430 ἀρχιερέως

2171 1459 2410 1530 ἀξίωμα,
2444 1460 2621 1514 καίτοι
2662 1458 2794 1523 Θεὸς
2840 1458 3239 1529 παντοκράτωρ
3277 1454 3371 1507 καὶ
3420 1451 3508 1505 διὰ
3534 1451 3630 1522 τῆς
3658 1448 3750 1518 σῆς

2175 1551 2357 1621 φωνῆς
2388 1551 2871 1623 μαρτυρούμενος;
2907 1550 3023 1603 Κᾶν
3051 1548 3150 1618 τὴν
3178 1547 3371 1612 ἀκλεᾶ,
3394 1545 3487 1598 καὶ
3514 1543 3633 1613 τὴν,
3655 1543 3753 1596 οῦκ

2172 1640 2267 1698 οἷδ’
2287 1645 2458 1708 ὅπως,
2483 1644 2857 1716 ἐξευρημένην
2885 1640 3036 1712 αύτῷ
3071 1658 3152 1694 σοι
3180 1640 3273 1693 καὶ
3300 1639 3446 1711 μόνῳ
3465 1637 3751 1704 συνάφειαν

2174 1733 2469 1804 όνομάζῃς,
2504 1736 2740 1806 παρήσω
2774 1731 2927 1784 νυνί·
2962 1730 3102 1801 πλὴν
3136 1730 3428 1801 ἐρήσομαι,
3462 1727 3603 1780 κατὰ
3633 1723 3752 1798 ῥοῦν

2179 1825 2311 1877 ἰέναι
2335 1824 2425 1877 τὸν
2448 1824 2596 1896 αὑτῷ
2622 1823 2901 1895 πρέποντά
2922 1840 2982 1875 τε
3014 1823 3104 1877 καὶ
3128 1821 3490 1893 προκείμενον
3512 1818 3589 1888 τῷ
3618 1817 3753 1886 λόγῳ

484 1908 552 1962 ad
620 1913 989 1968 sacerdotium
1046 1928 1402 1983 promovetur
1439 1928 1495 1973 et
1536 1918 1785 1990 gloriam,
1835 1935 1944 1976 non
1998 1924 2065 1977 ad

2179 1916 2368 1969 σκοπὸν
2386 1917 2577 1985 ὲφιείςο
2596 1913 2853 1987 *Λρ“οὑχ“ι
2865 1915 2922 1968 τὸ
2937 1914 3107 1987 προκό
3118 1930 3242 1966 πτον
3258 1914 3337 1975 εἰς
3358 1910 3653 1981 ἱερωσύνην
3668 1907 3754 1960 καὶ

483 1999 709 2057 meliora
771 2008 1268 2079 prmstantioraque
1296 2010 1524 2077 gradum
1560 2011 1711 2075 facit,
1744 2022 1836 2066 aut
1888 2012 2068 2069 incre-

482 2103 725 2148 mentum
770 2098 935 2152 sumit
962 2099 1064 2155 ?et
1091 2102 1340 2171 quisnam
1372 2102 1534 2173 hujus
1565 2104 1849 2158 sententia:
1875 2107 2071 2159 verita~

484 2191 595 2238 tem
658 2201 759 2242 suo
814 2188 1074 2262 suffragio
1123 2208 1230 2247 non
1293 2194 1541 2264 probet?
1578 2193 1747 2262 Majus
1799 2205 1885 2251 est
1941 2211 2070 2266 ergo

483 2277 777 2333 sacerdotii
808 2294 1023 2345 munus,
1055 2297 1217 2352 quam
1257 2284 1424 2340 Deum
1449 2300 1570 2343 esse
1595 2286 2019 2356 omnipotentem
2053 2302 2068 2339 ;

484 2365 588 2421 hoc
629 2367 677 2423 si
715 2368 789 2423 ita
843 2380 948 2437 est,
994 2375 1266 2442 quomodo
1309 2377 1401 2446 qui
1452 2379 1762 2434 sacerdotio
1804 2378 2068 2450 fungitur,

484 2457 766 2517 ministrat
821 2474 877 2518 et
926 2475 1070 2519 astat
1106 2476 1163 2521 ut
1219 2469 1475 2525 minister
1504 2470 1635 2536 Deo,
1681 2479 1735 2525 et
1757 2479 1815 2523 ut
1836 2468 2072 2525 famulus

484 2548 736 2617 Domino,
800 2555 993 2611 solitas
1036 2573 1098 2613 ac
1136 2569 1308 2614 statas
1368 2561 1674 2616 oblationes
1728 2560 1984 2626 oll‘erens,
2018 2572 2073 2617 et

485 2644 696 2699 hostias
726 2645 1033 2717 imponens,
1069 2650 1161 2705 ille
1184 2666 1313 2705 vero
1351 2660 1604 2722 tanquam
1627 2667 1878 2722 suprema
1910 2668 2072 2709 orna-

486 2745 576 2789 tus
610 2736 785 2807 gloria
822 2741 1303 2821 admittithostias,
1328 2755 1384 2799 et
1424 2744 1723 2799 honoratur
1768 2745 2074 2815 obsequio?

485 2825 643 2895 Illud,
677 2832 892 2901 opinor,
922 2835 1089 2899 dices,
1125 2835 1293 2890 Deum
1337 2836 1765 2906 omnipotentem
1823 2838 2070 2892 eumdem

483 2920 695 2975 factum
754 2939 875 2979 esse
932 2927 1267 2995 pontificem.
1328 2927 1469 2999 Ergo
1521 2930 1831 2985 exinanitus
1878 2940 1982 2997 est,
2018 2939 2074 2985 et

488 3014 731 3082 seipsum
764 3015 1091 3084 humiliavit,
1130 3020 1197 3075 ad
1230 3022 1441 3075 minora
1479 3036 1539 3078 se
1584 3022 1865 3092 dejiciens.
1923 3024 2072 3092 Quo-

486 3105 648 3160 modo
688 3107 851 3177 igitur
880 3110 946 3164 ad
984 3110 1302 3181 dignitatem
1352 3127 1673 3183 progressus
1708 3124 1789 3170 est
1820 3118 2074 3172 sacerdos

486 3195 712 3253 factus?
742 3200 1055 3257 Recordare
1104 3203 1219 3273 jam
1264 3220 1452 3260 rursus
1491 3215 1707 3260 tuorum
1738 3209 2026 3262 verborum
2057 3226 2072 3274 ;

2171 2008 2350 2073 δόξαν,
2383 2008 2480 2079 τὴν
2499 2010 2580 2072 είς
2603 2009 2669 2062 τὰ
2696 2008 2905 2079 ἀμείνω
2919 2007 3012 2060 καὶ
3026 2005 3331 2077 προύχοντα
3358 2006 3591 2057 ποιεῖται
3616 2001 3756 2072 βάδι-

2174 2117 2279 2165 σιν,
2293 2100 2460 2170 ῆγουν
2478 2101 2717 2153 ἐπίδοσιν
2733 2100 2947 2166 ;Καίτοι
2966 2098 3082 2161 πῶς
3101 2097 3200 2167 οὐχ
3216 2092 3753 2162 ἁπαστισοῦνὲπιψη-

2174 2195 2374 2262 φιεῖται
2388 2192 2462 2263 τῷ
2482 2192 2624 2263 λόγῳ
2636 2193 2696 2245 τὸ
2711 2191 2925 2263 ἀληθῶς
2941 2190 3048 2262 [ἵσ.
3066 2188 3310 2261 ἀληθές];
3329 2190 3530 2251 Μεῖζον
3548 2183 3638 2240 οῦν
3656 2186 3757 2258 ἄρα

2173 2282 2268 2336 τοῦ
2292 2279 2430 2336 εἶναι
2441 2283 2573 2336 Θεὸν
2591 2282 3029 2353 παντοκράτορα,
3045 2281 3141 2351 τῆς
3162 2279 3463 2352 ἱερωσύνης
3482 2278 3757 2349 τὸχρῆμα.

2171 2370 2305 2428 Εἶτα
2328 2377 2465 2439 πῶς,
2493 2376 2522 2427 6
2550 2376 2648 2446 μὲν
2676 2374 2926 2447 ἱερᾶσθαι
2966 2372 3148 2443 λαχὼν
3166 2372 3474 2443 λειτουργεί
3508 2370 3603 2425 καὶ
3624 2370 3758 2440 παρέ

2174 2468 2403 2537 έστηκεν
2420 2467 2495 2528 ὡς
2510 2468 2609 2521 λάτ
2617 2485 2714 2537 ρης
2728 2466 2867 2536 Θεῷ.
2884 2466 2978 2519 καὶ
2991 2466 3066 2528 ὼς
3078 2464 3296 2533 οἰκέτης
3311 2463 3580 2533 Δεσπότῃ,
3605 2477 3763 2532 προσ-

2175 2556 2417 2627 κομίζων
2437 2557 2504 2610 τὰ
2520 2558 2905 2628 νενομισμένα,
2927 2556 3223 2621 καὶθυσίας
3248 2554 3545 2617 ἀνατιθείς·
3565 2555 3592 2605 6
3608 2553 3662 2605 δὲ
3687 2551 3758 2614 ὡς

2174 2650 2299 2721 δόξῃ
2326 2652 2390 2720 τῇ
2412 2650 2697 2721 ὑπερτάτη
2718 2649 3157 2718 κατεστεμμένος
3174 2648 3536 2718 προσδέχεται
3562 2645 3658 2706 τὰς
3670 2643 3761 2695 ου.-

2178 2740 2320 2803 σίας,
2352 2740 2444 2793 καὶ
2473 2741 2703 2810 τιμᾶται
2721 2739 3158 2810 θεραπευόμενος
3176 2756 3191 2805 ;
3210 2739 3347 2791 Ἀλλ’
3366 2739 3572 2801 ὲκεῖνο,
3591 2732 3759 2804 οἴμαι,

2177 2835 2304 2903 φής’
2340 2835 2419 2886 ὅτι
2437 2833 2570 2897 Θεὸς
2584 2833 2984 2905 παντοκράτωρ
3002 2834 3286 2905 ὑπάρχων,
3304 2835 3332 2886 6
3350 2832 3519 2893 αὐτὸς
3547 2830 3761 2898 γέγονεν

2176 2924 2486 2993 ἀρχιερεύς.
2509 2923 2805 2977 Κεκένωκε
2821 2922 2885 2995 δὴ
2906 2919 3021 2987 οὖν,
3040 2928 3135 2977 καὶ
3148 2924 3558 2977 τεταπείνωκεν
3585 2919 3767 2974 ἑαυτὸν

2176 3016 2364 3079 καθεὶς
2377 3019 2433 3070 ὲν
2454 3017 2651 3088 μείοσι.
2674 3015 2797 3080 Πῶς
2816 3010 2908 3069 οῦν
2923 3014 3004 3069 ἔτι
3023 3015 3324 3086 προέκοψεν
3346 3016 3434 3079 εἰς
3450 3013 3667 3084 ἀξίωμα
3681 3028 3768 3080 γε-

2176 3106 2349 3175 γονὼς
2378 3107 2593 3178 ἰερεύς;
2625 3107 2982 3180 Διαμέμνησο
3005 3108 3070 3180 δὴ
3100 3106 3273 3177 ,πάλιν
3303 3105 3424 3159 τῶν
3447 3104 3643 3159 σαυτοῦ
3692 3102 3771 3156 λό-

2176 3217 2288 3268 γων
2310 3217 2323 3230 ·
2358 3199 2495 3271 ἔφης
2522 3200 2629 3271 γὰρ
2657 3199 2831 3264 οὓτως
2869 3203 2927 3254 ὲν
2947 3204 3059 3263 τοῖς
3087 3199 3347 3272 ἀνωτέρω
3385 3198 3565 3271 βραχύ
3592 3215 3606 3227 ·
3628 3198 3688 3250 Εἰ
3714 3194 3766 3247 δὲ

489 3287 568 3343 sic
602 3304 835 3360 namque
869 3293 1029 3360 paulo
1052 3294 1307 3363 superius
1361 3297 1544 3352 dixisti
1584 3314 1600 3351 :
1635 3296 1791 3364 Quod
1811 3300 1856 3354 si
1884 3313 2069 3354 sacer-

2179 3292 2466 3364 ἀρχιερεὺς
2500 3294 2533 3364 η
2560 3293 2782 3364 Θεότης,
2807 3293 2889 3357 τίς
2911 3295 2940 3346 6
2965 3292 3117 3364 παρὰ
3137 3296 3202 3364 τῇ
3231 3292 3333 3361 τῆς
3361 3289 3766 3364 ἀρχιερωσύνης

490 3378 593 3434 dos
625 3389 709 3435 est
751 3380 864 3452 ipsa
899 3384 1184 3451 Divinitas,
1229 3386 1480 3455 quisnam
1517 3395 1603 3442 est
1657 3387 1748 3456 qui
1784 3387 2075 3443 sacerdotii

489 3469 752 3541 obsequio
788 3473 986 3529 colitur
1017 3476 1039 3529 ἰ
1070 3477 1117 3532 si
1152 3476 1293 3532 Deus
1322 3486 1405 3533 est
1433 3478 1525 3549 qui
1556 3477 1736 3544 offert,
1790 3493 1950 3534 nemo
1996 3488 2080 3534 est

492 3561 580 3617 cui
625 3563 740 3638 86
770 3564 1054 3621 offeratur.
1080 3567 1218 3635 Quid
1250 3570 1395 3623 enim
1422 3570 1494 3624 sit
1520 3568 1808 3626 Divinitate
1832 3571 2076 3640 dignum,

493 3654 661 3709 utilla
700 3664 956 3726 tanquam
992 3658 1221 3713 inferior
1248 3658 1438 3729 majori
1471 3660 1665 3716 offerat
1695 3660 1717 3713 ?
1754 3661 1898 3718 Siste
1936 3676 2079 3717 nunc

495 3745 688 3801 saltem
736 3748 790 3802 in
833 3748 939 3804 tuis
990 3750 1161 3822 ipsius
1203 3752 1429 3808 vocibus
1463 3771 1478 3821 ;
1512 3752 1606 3809 sed
1647 3753 1698 3807 id
1732 3752 1913 3810 facere
1938 3769 2083 3809 nun-

494 3851 657 3905 quam
686 3839 911 3907 poteris,
946 3854 1069 3895 cum
1134 3842 1283 3897 omni
1330 3852 1492 3899 vento
1539 3844 1973 3910 circumferaris,
2025 3850 2080 3899 et

494 3937 550 3983 te
573 3928 715 3983 ultro
738 3931 985 4002 citroque
1017 3932 1213 4003 jactari
1246 3949 1353 3990 non
1390 3937 1623 4002 sentias,
1668 3953 1813 3992 nunc
1866 3952 1930 3993 ex
1972 3936 2079 3991 illis

494 4020 559 4074 ad
609 4020 746 4087 hac,
801 4038 947 4079 nunc
996 4025 1238 4081 vicissim
1268 4041 1337 4082 ex
1386 4027 1471 4083 his
1509 4029 1576 4084 ad
1605 4027 1692 4084 illa
1723 4029 2078 4096 transiliens;

492 4128 673 4184 neque
720 4116 832 4171 ullo
869 4118 1030 4173 modo
1074 4120 1419 4189 pertimescis
1445 4121 1597 4189 illud,
1624 4125 1769 4192 quod
1809 4133 1893 4179 εει
1926 4123 2078 4179 Pauli

490 4220 628 4261 voce
684 4207 933 4263 dictum:
969 4227 988 4262 ι
1029 4208 1085 4264 Si
1111 4213 1257 4266 enim
1298 4228 1417 4282 qua:
1444 4214 1713 4279 destruxi,
1745 4214 1861 4270 haec
1891 4230 2082 4272 rursus

492 4296 724 4361 edifico,
751 4299 1225 4368 praevaricatorem
1251 4304 1515 4373 meipsum
1533 4305 1809 4360 constituo
1833 4306 1898 4361 ⁸⁸.
1934 4325 1953 4357 ι
1974 4306 2083 4362 Sed

490 4385 725 4442 fortasse
754 4389 997 4446 dicturus
1022 4406 1081 4447 es
1108 4392 1235 4447 illud
1262 4411 1275 4447 :
1314 4391 1446 4448 Cum
1480 4402 1532 4448 tu
1562 4394 1679 4463 ipse
1703 4396 1903 4465 ubique
1932 4396 2085 4451 Chri-

492 4489 638 4535 stum
675 4497 841 4537 unum
887 4492 942 4540 et
976 4483 1172 4540 Filium
1231 4494 1287 4540 et
1329 4486 1617 4541 Dominum
1668 4501 1794 4542 esse
1844 4487 2084 4542 aﬂirmes

2178 3379 2494 3453 λειτουργίᾳ
2548 3382 3026 3453 θεραπευόμενος;
3059 3384 3107 3434 εἰ
3158 3382 3292 3445 Θεὸς
3346 3382 3375 3434 6
3424 3380 3764 3453 προσφέρων,

2179 3468 2354 3533 οὐδεὶς
2386 3463 2429 3537 ᾧ
2461 3473 2866 3543 προσφέρεται·
2891 3471 2945 3524 τί
2973 3472 3080 3541 γὰρ
3114 3470 3384 3540 Θεότητος
3416 3471 3587 3536 ἀξιον,
3612 3467 3675 3522 i'v'
3697 3467 3768 3529 ὡς

2179 3563 2417 3618 ἐλάττων
2466 3566 2752 3638 προσφέρῃ
2782 3565 2860 3636 τῷ
2903 3566 3147 3636 μείζονις
3185 3566 3353 3637 Στῆθι
3384 3566 3489 3621 ’νῦν
3528 3564 3617 3619 καὶ
3645 3561 3767 3633 γοῦν

2180 3660 2237 3712 ὲν
2266 3660 2394 3720 ταῖς
2428 3658 2622 3710 ἑαυτοῦ
2656 3660 2862 3727 φωναῖς
2885 3675 2900 3689 ’
2936 3657 3072 3713 ἀλλὰ
3098 3656 3256 3711 τοῦτο
3286 3656 3412 3729 μὲν,
3446 3658 3546 3727 οὐχ
3575 3650 3683 3719 οἶός
3712 3669 3769 3705 τε

2182 3747 2281 3820 ἔσῃ
2331 3749 2497 3818 δρᾷν·
2537 3748 2813 3819 περιφέρῃ
2852 3747 2910 3801 δὲ
2962 3747 3149 3818 ὥσπερ
3203 3747 3395 3819 ἀνέμῳ
3450 3747 3644 3810 παντὶ,
3680 3744 3770 3797 καὶ

2180 3840 2672 3912 διαρῤιπτούμενος
2705 3842 2804 3893 οὐκ
2833 3840 3091 3912 αἰσθάνῃ,
3136 3839 3266 3893 ποτὲ
3308 3840 3434 3910 μὲν,
3465 3840 3527 3905 ἐξ
3554 3837 3770 3892 ἐκείνων

2182 3934 2264 3998 εἰς
2296 3931 2472 3987 ταῦτα
2492 3973 2507 3998 ,
2539 3934 2669 3987 ποτὲ
2703 3934 2759 3987 δὲ
2796 3933 2960 4013 πάλιν
2990 3934 3056 3987 ὲκ
3094 3932 3298 3986 τούτων
3330 3935 3414 3999 είς
3461 3934 3645 3986 ἐκεῖνα
3684 3946 3775 4000 με-

2182 4024 2444 4094 ταπηδῶν
2467 4040 2481 4056 ⁸
2509 4025 2687 4090 δέδιας
2735 4024 2793 4080 δὲ
2837 4027 2958 4080 κατ’
2992 4024 3187 4078 οὐδένα
3221 4024 3427 4095 τρόπον
3463 4024 3523 4079 τὸ
3567 4023 3655 4078 διὰ
3679 4021 3771 4091 τῆς

2182 4120 2277 4174 τοῦ
2309 4119 2520 4175 Παύλου
2540 4123 2722 4195 φωνῆς
2740 4139 2754 4153 ο
2788 4142 2806 4174 ι
2839 4123 2900 4176 El
2923 4121 3034 4193 γὰρ
3056 4120 3094 4175 δι
3119 4121 3429 4189 κατέλυσα,
3467 4120 3645 4176 ταῦτα
3671 4118 3771 4172 πά-

2183 4213 2267 4268 λιν
2314 4215 2680 4288 οἰκοδομήσω,
2714 4216 3066 4288 ,παραϐάτην
3111 4218 3357 4288 ἐμαυτὸν
3393 4218 3719 4272 συνιστάνω.
3753 4232 3770 4265 ι

2197 4305 2373 4377 Ἐρεῖς
2423 4307 2482 4361 δὲ
2522 4287 2652 4371 ἴσως
2685 4287 2889 4361 έκεῖνοο
2946 4287 3186 4379 Χριστὸν
3237 4309 3333 4363 ἕνα
3384 4310 3479 4362 καὶ
3518 4308 3647 4361 Υἰὸν
3689 4305 3778 4360 καὶ

2187 4393 2394 4465 Κύριον
2428 4395 2900 4468 διισχυριζόμενος
2933 4393 3074 4452 εἶναι
3108 4399 3386 4469 πανταχοῦ
3426 4400 3520 4453 τὸν
3556 4400 3621 4452 ἐκ
3647 4393 3776 4451 Θεοῦ

2188 4490 2400 4561 Πατρὸς
2430 4488 2624 4557 Λόγον,
2667 4489 2805 4559 μετὰ
2843 4490 2943 4561 τῆς
2972 4491 3109 4554 ίδίας
3154 4491 3382 4561 σαρκὸς,
3423 4492 3542 4556 πῶς
3575 4491 3641 4561 δὴ
3676 4487 3778 4557 φὴς

493 4578 624 4634 illud
663 4592 729 4633 ex
788 4581 900 4636 Deo
950 4580 1116 4636 Patre
1163 4581 1397 4638 Verbum
1432 4597 1555 4637 cum
1584 4596 1681 4636 sua
1712 4594 1898 4648 carne,
1940 4597 2075 4650 quo-

2189 4582 2268 4645 εἰς
2298 4580 2561 4653 ἀρχιερέα
2616 4580 2895 4634 τεθεῖσθαι
2940 4582 3035 4635 καὶ
3085 4580 3422 4649 ἀπόστολον;
3451 4579 3575 4635 εἶτα
3621 4580 3776 4633 τοῦτο

491 4672 654 4727 modo
684 4673 884 4730 asseris
940 4674 1251 4744 pontificem
1281 4673 1519 4744 positum
1555 4673 1726 4729 fuisse
1754 4682 1808 4728 et
1862 4684 2081 4743 aposto-

492 4763 601 4817 lum
623 4805 637 4827 ,
672 4763 746 4818 ita
776 4773 861 4831 ut,
886 4780 1007 4820 cum
1039 4766 1090 4820 id
1128 4766 1299 4832 dicas,
1331 4779 1437 4820 non
1473 4779 1741 4821 summam
1762 4767 1878 4834 ejus
1902 4765 2079 4835 digni—

493 4863 660 4908 tatem
694 4853 897 4910 afﬁcias
926 4858 1255 4913 contumelia
1290 4859 1312 4911 ?
1348 4858 1506 4925 Quia,
1558 4858 1802 4925 inquam,
1827 4858 1909 4911 vir
1938 4857 2082 4927 opti-

491 4942 602 5012 me,
628 4947 966 5017 unigenitum
992 4949 1121 5003 illud
1151 4950 1242 5005 Dei
1277 4948 1509 5005 Verbum
1552 4949 1754 5004 factum
1782 4960 1867 5005 est
1895 4952 2078 5015 homo,

492 5049 549 5097 et
597 5041 891 5096 sacerdotii
933 5056 1131 5097 munus
1192 5042 1547 5098 humanitatis
1597 5058 1905 5099 mensuram
1935 5044 2079 5097 haud

492 5133 743 5198 dedecet,
773 5142 831 5187 ut
866 5133 999 5190 item
1050 5135 1195 5204 quod
1252 5135 1453 5191 missus
1502 5150 1625 5191 esse
1668 5136 1884 5191 dicitur.
1937 5135 2080 5190 Con-

494 5223 768 5277 l'usionem
800 5224 946 5282 enim
996 5225 1344 5295 contempsit,
1372 5236 1431 5280 ut
1465 5226 1658 5282 beatus
1674 5224 1875 5281 Paulus
1913 5226 2078 5291 ait",

492 5328 617 5368 cum
654 5314 741 5370 his
797 5316 961 5370 etiam
1011 5315 1229 5371 utiliora
1261 5325 1315 5371 et
1367 5317 1670 5387 indigniora
1723 5330 1943 5389 prOpter
1984 5332 2082 5372 nos

492 5405 802 5473 pertulerit.
825 5406 981 5462 Dedit
1009 5407 1154 5463 enim
1191 5411 1411 5464 dorsum
1443 5409 1499 5463 in
1538 5409 1775 5480 ﬂagella,
1803 5418 1858 5463 et
1884 5409 2080 5464 faciem

493 5509 647 5549 suam
682 5510 790 5552 non
824 5497 1024 5552 avertit
1058 5512 1088 5551 a
1112 5499 1434 5553 confusione
1465 5510 1745 5568 sputoruin
1779 5499 1825 5531 ⁸⁸
1850 5539 1866 5565 ,
1914 5509 1965 5553 et
1987 5498 2082 5553 Ju-

496 5588 736 5644 daeorum
766 5593 1124 5648 contumelias
1150 5592 1420 5663 patienter
1449 5592 1724 5648 sustinuit.
1747 5592 1857 5648 Sed
1883 5592 2086 5663 refugis

496 5680 838 5738 sacerdotem
864 5683 1142 5748 dicere,ut
1178 5684 1267 5753 qui
1296 5684 1365 5740 sit
1386 5684 1571 5740 Deus?
1602 5684 1844 5740 Admitte
1864 5684 2080 5755 dispen-

2187 4672 2381 4742 λέγων,
2415 4674 2512 4743 οὐχ
2545 4670 2800 4743 ύ6ριεί[ς]
2828 4673 2925 4742 τῆς
2955 4673 3103 4736 θείας
3133 4672 3301 4727 αὺτοῦ
3326 4673 3489 4742 δόξης
3519 4674 3581 4727 τὸ
3616 4674 3777 4741 ὑπερ-

2190 4764 2354 4837 φερὲς
2380 4762 2631 4834 άξίωμας
2664 4765 2806 4829 Ὅτι,
2837 4757 2882 4817 ὧ
2931 4764 3196 4835 βέλτιστε,
3230 4765 3399 4835 φαίην
3440 4766 3530 4830 ἂν,
3560 4763 3776 4833 γέγονεν

2189 4856 2285 4911 ἄνθ
2297 4872 2475 4926 ρωπος
2499 4856 2527 4906 6
2558 4854 2855 4926 μονογενὴς
2884 4855 2978 4908 τοῦ
3005 4855 3142 4909 Θεοῦ
3177 4856 3373 4924 Λόγος,
3401 4857 3500 4909 καὶ
3528 4859 3641 4919 τοῖς
3684 4854 3779 4923 τῆς

2191 4946 2610 5017 ἀνθρωπότητος
2662 4947 2916 5017 μέτροις,
2950 4948 3052 5000 οὐκ
3105 4948 3449 5018 ἀνάρμοστον
3487 4947 3555 5001 ἂν
3586 4947 3671 5015 εἴη
3721 4944 3780 4997 τὸ

2191 5041 2381 5110 χρῆμα
2409 5038 2508 5108 τῆς
2557 5036 2876 5109 ἱερωσύνης,
2937 5037 3033 5091 καὶ
3074 5037 3180 5108 μὴν
3211 5038 3306 5090 καὶ
3346 5037 3409 5090 τὸ
3441 5036 3779 5091 ἀπεστάλθαι

2189 5131 2371 5199 λέγειν
2404 5131 2587 5187 αὐτόν.
2627 5130 3020 5201 Κατεφρόνησε
3052 5128 3160 5201 γὰρ
3209 5128 3496 5199 αἰσχύνης,
3521 5130 3597 5191 ὡς
3637 5129 3664 5179 6
3692 5126 3778 5178 θε-

2191 5222 2413 5285 σπέσιος
2439 5222 2641 5292 γράφει
2665 5219 2897 5287 Παῦλος,
2929 5220 3025 5273 καὶ
3056 5219 3124 5273 τά
3158 5218 3239 5271 ἔτι
3269 5218 3409 5288 μείω
3431 5236 3491 5272 τε
3531 5221 3623 5271 καὶ
3673 5221 3775 5270 άπ-

2189 5313 2465 5384 ηχέστερα
2495 5312 2561 5365 δι’
2587 5314 2733 5384 ἡμᾶς
2762 5311 3082 5382 ὑπομείνας.
3106 5310 3319 5363 Δέδωκε
3354 5310 3467 5380 γὰρ
3494 5310 3585 5363 τὸν
3617 5308 3777 5362 νῶτον

2188 5409 2268 5471 είς
2301 5407 2593 5477 μάστιγας,
2619 5408 2680 5459 τὸ
2712 5406 2770 5459 δὲ
2802 5406 3094 5480 πρόσωπον
3124 5403 3287 5457 αὐτοῦ
3321 5405 3425 5457 οὐκ
3453 5402 3774 5474 ἀπεστράφη

2190 5500 2300 5552 ἀπὸ
2341 5499 2605 5571 αἰσχύνης
2628 5500 3059 5569 ὲμπτυσμάτων,
3093 5497 3185 5551 καὶ
3210 5497 3309 5561 τάς
3343 5497 3618 5549 Ἰουδαίων
3638 5509 3772 5561 παρ·

2188 5590 2360 5654 οινίας
2388 5590 2686 5661 τληπαθῶς
2716 5590 2995 5660 ἠνέσχετο.
3029 5588 3167 5641 Ἀλλ’
3190 5587 3291 5640 οὐκ
3317 5586 3493 5651 ἀξιοῖς
3524 5586 3672 5659 ἰερέα
3701 5583 3780 5635 λέο

2189 5699 2310 5750 γειν
2346 5682 2421 5745 ὡς
2445 5682 2763 5753 ὑπάρχοντα
2786 5682 2955 5748 Θεόνς
2983 5682 3151 5751 Δέχου
3183 5680 3281 5752 τῆς
3306 5679 3626 5749 οἰκονομίας
3657 5675 3776 5737 τοὺς

569 5863 616 5900 ⁸⁸
653 5864 833 5924 Galat.
885 5881 944 5936 ιι,
980 5866 1065 5924 i8.
1144 5867 1189 5900 ⁸⁷
1230 5866 1395 5925 Hebr.
1434 5881 1532 5936 xu,
1564 5864 1617 5922 2.
1695 5865 1755 5942 °'_
1783 5865 1883 5925 lsa.
1921 5882 1969 5933 ι,
2004 5864 2067 5934 6;
2101 5864 2289 5921 Matth.
2324 5881 2470 5935 xm,
2508 5868 2596 5924 67.
