4150 6436
377 451 485 508 153

1461 462 1840 522 ADVERSUS
1875 465 2281 522 NESTORIUM
2323 466 2451 522 LIB.
2488 467 2574 524 Ili.

3561 475 3658 530 l5!

370 576 603 645 λόγους·
652 577 970 649 διαλογίξου
1030 584 1133 655 τὴν
1158 584 1423 641 κένωσιν·
1479 588 1578 659 τὴν
1630 591 1709 653 είς
1743 594 1840 661 τὴν
1887 589 1967 644 se?

2084 591 2311 646 sationis
2371 590 2663 656 rationem,
2723 589 2898 660 cogita
2952 590 3396 656 exinanitionem,
3432 593 3657 647 descen-

368 667 563 722 δούλου
593 670 816 743 μορφὴν
846 676 1267 746 καταφοίτησιν.
1297 679 1369 731 O6
1396 678 1462 748 δὴ
1489 681 1761 751 προκόψαι
1792 682 1974 751 φαμὲν

373 762 469 815 καὶ
494 761 579 825 εἰς
605 762 831 834 ἀξίωμα
859 765 1095 837 δραμεῖν
1137 769 1228 822 τὸν
1262 770 1355 823 τοῦ
1407 771 1542 824 Θεοῦ
1585 773 1781 841 Λόγον,
1809 776 1859 826 εί
1884 792 1975 828 κε-

370 854 727 924 χρημάτικεν
768 857 929 927 ἡμῶν
972 860 1264 932 ἀρχιερεὺς
1283 902 1299 928 ,
1329 863 1656 918 καθικέσθαι
1685 866 1742 918 δὲ
1773 867 1973 937 μᾶλλον

372 946 471 999 καὶ
496 945 592 998 διὰ
630 948 828 1001 τούτου
870 951 1010 1021 πρὸς
1044 952 1276 1006 κένωσιν
1296 970 1307 982 ·
1343 955 1467 1009 ἐπεὶ
1502 956 1618 1019 πῶς
1648 959 1969 1027 κεκένωται,

375 1036 471 1089 καὶ
489 1034 982 1109 [τε]ταπεινῶσθαι
999 1042 1219 1110 λέγεται
1232 1045 1427 1109 ,καίτοι
1440 1047 1502 1100 τὸ
1518 1048 1790 1117 ἄτρεπτον
1810 1050 1970 1120 ἔχων,

374 1131 475 1185 καὶ
501 1132 776 1203 ὑπάρχων
810 1136 869 1188 ὲν
904 1138 1089 1206 μορφῇ
1117 1139 1210 1190 καὶ
1241 1138 1449 1209 ἰσότητι
1477 1141 1619 1194 κατὰ
1648 1145 1757 1196 πᾶν
1795 1143 1972 1197 ότιοῦν

372 1220 517 1290 πρὸς
542 1221 639 1274 τὸν
681 1223 880 1277 ἑαυτοῦ
916 1225 956 1277 Γ
958 1227 1262 1297 εννήτορα;
1305 1228 1422 1293 πῶς
1465 1230 1523 1283 δὲ
1567 1233 1661 1285 καὶ
1698 1234 1971 1305 προέκοψε

371 1312 525 1365 κατὰ
552 1312 754 1384 βραχὺ,
795 1317 891 1369 καλ⁵
930 1316 1114 1382 τοῦτο,
1152 1320 1296 1374 καθὰ
1324 1322 1431 1393 φὴς
1468 1323 1651 1389 αὐτὸς,
1681 1327 1762 1389 εἰς
1782 1327 1845 1379 τὸ
1870 1328 1972 1399 τῆς

367 1406 800 1478 ἀρχιερωσύνης
842 1409 1104 1479 ἀξίωμας
1151 1410 1312 1465 ποίαν
1364 1415 1446 1477 είς
1481 1414 1639 1470 τοῦτο
1682 1417 1971 1489 δεχόμενος

362 1498 474 1567 τὴν
515 1498 899 1566 ὲπίδοσιν;·Εί
936 1503 1036 1573 μὲν
1089 1499 1186 1557 οὖν
1229 1504 1328 1572 τὴν
1378 1505 1663 1575 σώματος,
1700 1511 1968 1582 ἐρήσομαι

363 1588 570 1643 πάλιν·
603 1585 758 1661 Ἀρα
783 1591 893 1664 γὰρ
931 1595 964 1663 ἡ
1006 1593 1259 1664 σώματος
1280 1595 1508 1668 αὔξησις
1556 1601 1694 1671 πρὸς
1738 1602 1837 1673 τὴν
1870 1606 1969 1674 τῆς

368 1681 689 1752 ἱερωσύνης
718 1683 1252 1756 άνακομίζειδὸξαν;
1288 1689 1498 1742 Οὐκοῦν
1532 1689 1672 1745 ἔστω
1695 1692 1756 1745 τὸ
1779 1694 1968 1765 χρῆμα

366 1773 562 1825 κοινόν
584 1791 599 1805 ’
636 1774 736 1827 καὶ
768 1777 797 1827 6
830 1775 923 1839 σὸς
961 1777 1146 1831 οὐτοσὶ
1168 1779 1308 1832 κατὰ
1337 1781 1536 1844 παντὸς
1564 1782 1660 1836 ίτω
1693 1783 1848 1851 λόγος
1869 1787 1965 1838 τού

367 1866 792 1936 προκόπτοντος
855 1868 1217 1937 σωματικῶς·
1270 1870 1405 1924 ἀλλὰ
1471 1872 1576 1942 μὴν
1629 1874 1729 1945 οὐχ
1791 1876 1964 1930 ἅπασι

2077 698 2308 753 sumque
2353 683 2419 736 ad
2475 681 2616 736 servi
2671 680 2922 737 fortnam.
2970 681 3089 738 Non
3146 683 3310 753 igitur
3362 684 3657 754 profecisse

2077 775 2329 840 dicimus,
2389 780 2443 829 et
2500 773 2569 826 ad
2614 773 2934 839 dignitatem
2982 775 3298 841 pervenisse
3349 776 3521 845 ipsum
3563 776 3652 831 Dei

2082 867 2337 931 Verbum,
2367 881 2489 921 cum
2520 864 2765 936 pontifex
2801 875 2984 920 uoster
3015 875 3098 920 est
3128 865 3322 933 factus,
3358 868 3449 921 sed
3474 866 3654 935 potius

2076 960 2240 1015 etiam
2274 974 2340 1013 ex
2367 958 2470 1013 hac
2509 967 2664 1026 parte
2698 956 2766 1011 ad
2796 957 3228 1012 exinanitionem
3272 956 3649 1011 descendisse:

2075 1052 2297 1121 alioqui,
2351 1051 2621 1119 quomodo
2655 1050 2969 1103 exinanitus
3000 1058 3055 1102 et
3088 1048 3405 1102 humiliatus
3434 1047 3653 1112 dicitur,

2075 1160 2197 1199 cum
2229 1151 2376 1197 esset
2428 1140 2787 1196 immutabilis
2817 1148 2871 1193 et
2903 1140 2956 1193 in
2993 1137 3165 1193 forma
3196 1137 3313 1202 Dei,
3349 1145 3403 1190 et
3432 1137 3653 1205 aquali-

2076 1244 2240 1290 tatem
2263 1234 2517 1287 omnibus
2548 1231 2603 1285 in
2639 1232 2801 1285 rebus
2820 1245 2942 1285 cum
2973 1244 3071 1284 suo
3095 1229 3352 1285 Genitore
3376 1227 3654 1282 servaret?

2074 1326 2347 1396 quomodo
2377 1325 2540 1379 etiam
2582 1322 2839 1392 paulatim
2869 1310 3327 1391 profecit,idque,
3366 1327 3424 1372 ut
3461 1329 3515 1373 tu
3546 1319 3650 1384 ais,
3726 1380 3731 1387 ι

2073 1417 2140 1471 ad
2171 1416 2459 1471 sacerdotii
2490 1414 2807 1484 dignitatem
2840 1413 2864 1466 ?
2890 1414 3050 1483 quale
3075 1414 3140 1468 ad
3166 1427 3285 1466 eam
3319 1425 3430 1466 rem
3472 1412 3653 1465 incre-

2074 1518 2318 1563 mentum
2350 1506 2611 1576 accepit?
2642 1506 2774 1561 Nam
2818 1508 2861 1561 si
2907 1506 3153 1575 corporis
3212 1506 3385 1571 dicas,
3448 1505 3651 1574 rogabo

2073 1614 2314 1655 rursus:
2363 1597 2502 1653 Num
2539 1580 2788 1668 corporis
2839 1607 3188 1666 augmentum
3244 1600 3309 1652 ad
3358 1597 3650 1651 sacerdotii

2072 1695 2296 1766 gloriam
2333 1693 2579 1762 perducit
2610 1691 2634 1744 ?
2667 1692 2809 1761 Ergo
2848 1690 3157 1745 communis
3191 1690 3265 1743 sit
3294 1704 3357 1743 ea
3393 1689 3648 1758 dignitas.

2071 1798 2124 1842 et
2150 1788 2264 1840 haec
2294 1795 2386 1838 tua
2440 1785 2583 1839 ratio
2634 1798 2731 1853 per
2789 1796 2978 1838 onmes
3006 1789 3096 1834 eat
3158 1780 3251 1848 qui
3297 1777 3653 1847 corporaliter

2071 1889 2361 1947 augentur,
2419 1876 2571 1945 atqui
2631 1890 2738 1928 non
2792 1873 3047 1928 omnibus
3091 1872 3181 1940 qui
3216 1872 3283 1925 ad
3342 1871 3648 1925 auctionem

369 1958 489 2019 τοῖς
515 1957 599 2018 είς
653 1954 885 2026 αὔξησιν
922 1957 1021 2028 τὴν
1063 1960 1379 2031 σωματικὴν
1423 1962 1718 2035 ἁναφοιτᾷν
1750 1966 1966 2020 είωθόσι

2069 1966 2406 2038 corporalem
2444 1966 2731 2035 pervenire
2754 1964 2950 2027 solent,
2985 1965 3288 2017 sacerdotio
3329 1961 3478 2031 fungi
3520 1978 3651 2016 con-

371 2044 434 2098 τὺ
490 2046 747 2117 ἱερᾶσθαι
804 2045 1044 2117 πρέπει·
1084 2048 1202 2111 πῶς
1238 2044 1332 2102 οὖν
1394 2051 1526 2120 ἡμῖν
1573 2053 1652 2115 εἰς
1694 2053 1967 2120 ἀπόδειξιν

374 2131 453 2191 ὧν
503 2138 643 2209 ἔφης
683 2140 1011 2209 παρατιθεὶς
1063 2142 1165 2194 οὐκ
1201 2140 1493 2213 ἐρυθριᾷς,
1534 2145 1597 2197 τὸ
1648 2146 1736 2199 διὰ
1781 2146 1966 2215 φωνῆς

381 2230 666 2299 εἰρημένον
702 2230 798 2282 τοῦ
845 2229 1136 2284 θεσπεσίου
1168 2232 1354 2285 Λουκᾶ
1379 2249 1392 2261 ·
1448 2252 1467 2284 ι
1507 2236 1712 2306 Ἰησοῦς
1750 2237 1806 2290 δὲ
1833 2246 1965 2307 προ-

382 2319 606 2374 έκοπτεν
629 2321 819 2392 ἡλικίᾳ
847 2321 942 2375 καὶ
973 2323 1137 2394 σοφίᾳ
1159 2325 1250 2377 καὶ
1273 2321 1455 2396 χάριτι
1480 2344 1495 2392 ;
1526 2346 1544 2378 ι
1580 2328 1718 2381 Ἀλλ’
1748 2329 1824 2392 ὡς
1849 2328 1961 2401 [ῑσ.

376 2412 487 2485 εἰς]
520 2413 712 2483 σοφίαν
747 2413 856 2483 φὴς
888 2415 1145 2482 γενέσθαι
1188 2416 1285 2488 τὴν
1316 2419 1583 2473 ἐπίδοσινο
1621 2422 1797 2476 καίτοι
1846 2424 1964 2489 πῶς

268 2541 277 2550 .
367 2503 531 2555 τοῦτο
564 2503 668 2555 οὐκ
716 2502 970 2570 ἀμαθές;
1021 2504 1476 2578 Πεπιστεύκαμεν
1520 2509 1629 2581 γὰρ
1675 2512 1740 2564 ὲκ
1773 2513 1965 2583 νηδύος

365 2595 545 2666 αὐτῆς
593 2595 693 2648 καὶ
742 2597 958 2666 μήτρας
1001 2596 1105 2667 τῆς
1145 2598 1480 2671 παρθενικῆς
1526 2602 1657 2655 Θεὸν
1689 2604 1817 2658 ὄντα
1871 2606 1962 2659 τὸν

375 2687 758 2757 Ἐμμανουήλ,
797 2688 1086 2757 ἄνθρωπον
1129 2691 1431 2760 προελθεῖν,
1470 2694 1649 2766 πλήρη
1678 2713 1778 2749 που
1827 2699 1963 2751 πάν-

354 2796 473 2843 τως
502 2780 699 2849 σοφίας
733 2782 828 2834 καὶ
861 2782 1086 2851 χάριτος
1124 2782 1223 2853 τῆς
1258 2785 1485 2855 ἐνούσης
1518 2788 1668 2858 αὐτῷ
1695 2791 1957 2857 φυσικῶς.

356 2875 533 2929 Ποίαν
558 2869 658 2927 οὖν
677 2873 986 2938 ὲπιδέξαιτο
1008 2874 1107 2946 τὴν
1129 2876 1371 2932 ἐπίδοσιν
1397 2878 1424 2930 6
1451 2880 1509 2931 ὲν
1534 2872 1578 2946 ᾧ
1602 2881 1802 2945 πάντες
1825 2885 1961 2936 εἰσὶν

356 2967 409 3019 οἱ
447 2965 728 3037 θησαυροὶ
774 2967 874 3035 τῆς
905 2966 1116 3034 σοφίας,
1148 2969 1176 3020 6
1199 2967 1300 3037 τῆς
1341 2968 1549 3023 ἄνωθεν
1577 2973 1799 3043 χάριτος
1833 2992 1961 3029 συν-

355 3059 530 3129 δοτὴρ
561 3057 647 3128 τῷ
686 3057 808 3129 Θεῷ
848 3060 941 3112 καὶ
970 3059 1180 3130 Πατρί;
1211 3059 1338 3123 Πῶς
1366 3057 1457 3114 οὖν
1482 3063 1590 3132 ἄρα
1630 3066 1961 3134 προκόπτειν

356 3153 625 3224 εῖρηταις
657 3151 1136 3222 Συμμετροῦντος,
1160 3151 1234 3217 ὦς
1268 3170 1332 3221 γε
1358 3149 1535 3224 οἶμαι,
1574 3155 1666 3209 τοῦ
1700 3157 1835 3210 Θεοῦ
1859 3160 1959 3214 A6-

2072 2060 2220 2115 venit
2248 2077 2263 2114 :
2293 2058 2566 2127 quomodo
2600 2056 2765 2127 igitur
2799 2055 2864 2109 ad
2900 2056 2990 2110 illa
3033 2070 3153 2125 quae
3210 2054 3390 2108 dixisti
3422 2053 3652 2108 demon-

2067 2152 2317 2217 stranda,
2343 2165 2407 2205 ea
2442 2149 2639 2203 aﬂ‘erre
2664 2163 2768 2202 non
2788 2147 3065 2201 erubescis
3121 2160 3239 2214 quae
3282 2144 3465 2198 verbis
3505 2145 3647 2198 beati

2046 2242 2230 2297 Luca:
2263 2242 2405 2294 dicta
2433 2249 2602 2295 sunt:
2639 2255 2657 2288 ι
2697 2235 2855 2291 Jesus
2901 2246 3079 2288 autem
3130 2234 3446 2303 proficiebat
3491 2242 3651 2286 aetate

2066 2346 2121 2389 et
2176 2332 2442 2404 sapientia
2496 2339 2552 2384 et
2606 2329 2780 2398 gratia
2808 2328 2852 2359 ⁸⁸
2882 2328 2904 2381 ?
2934 2346 2952 2378 ι
2989 2326 3059 2379 At
3086 2327 3229 2380 enim
3281 2325 3334 2378 in
3384 2324 3649 2394 sapientia

2065 2424 2271 2478 factum
2294 2438 2415 2477 esse
2458 2421 2858 2475 incrementum
2891 2419 3028 2472 dicis
3061 2436 3075 2471 :
3121 2415 3338 2470 tametsi
3381 2414 3650 2483 quomodo

2063 2518 2174 2589 87
2198 2518 2247 2571 id
2278 2532 2383 2571 non
2405 2514 2625 2570 stultum
2651 2513 2758 2567 sit?
2778 2512 3051 2565 credimus
3071 2509 3215 2567 enim
3240 2523 3305 2562 ex
3328 2509 3442 2576 ipso
3459 2514 3651 2561 ventre

2065 2623 2230 2679 atque
2271 2620 2426 2662 utero
2463 2606 2727 2676 virgineo,
2766 2604 2941 2673 ipsum
2969 2599 3308 2663 Emmanuel,
3352 2613 3473 2652 cum
3509 2596 3651 2651 Deus

2044 2709 2228 2763 esset,
2261 2699 2537 2753 hominem
2577 2695 2863 2765 prodiisse,
2899 2692 3115 2763 plenmu
3150 2690 3337 2760 procul
3369 2689 3530 2743 dubio
3564 2703 3654 2742 sa-

2062 2788 2267 2860 pientia
2300 2799 2352 2842 et
2379 2786 2555 2858 gratia
2589 2801 2710 2855 quae
2743 2784 2821 2845 illi
2861 2782 3182 2837 naturaliter
3227 2782 3421 2835 inerat.
3473 2779 3653 2845 Quod-

2040 2898 2188 2937 .natn
2231 2881 2395 2950 igitur
2424 2881 2469 2934 is
2500 2878 2893 2935 incrementum
2925 2874 3245 2942 susciperet,
3284 2873 3336 2925 in
3377 2885 3482 2939 quo
3528 2876 3654 2923 sunt

2061 2989 2250 3029 omnes
2281 2971 2517 3027 thesauri
2553 2969 2832 3036 sapientiae
2858 2969 2930 3031 9°,
2957 2968 3048 3035 qui
3088 2979 3336 3034 superum
3360 2961 3549 3032 gratim
3575 2961 3651 3013 si-

2062 3065 2170 3120 mul
2205 3078 2325 3118 cum
2357 3062 2467 3115 Deo
2498 3068 2554 3114 et
2589 3058 2752 3111 Patre
2780 3058 3009 3126 largitor
3036 3063 3119 3109 est
3140 3054 3162 3106 ?
3184 3051 3465 3115 Ouomodo
3491 3048 3653 3113 igitur

2062 3156 2326 3226 proiicere
2373 3154 2552 3208 dictus
2585 3151 2707 3205 est?
2757 3148 2825 3204 Ut
2873 3163 2971 3218 ego
3025 3146 3278 3209 arbitror,
3328 3142 3453 3209 quia
3514 3140 3654 3192 Deus

354 3263 482 3314 γου,
517 3247 588 3315 τῇ
617 3243 717 3296 τοῦ
770 3243 903 3296 ίδίου
936 3242 1193 3313 σώματος
1222 3244 1362 3318 αὔξῃ
1389 3265 1450 3300 τε
1489 3249 1584 3302 καὶ
1622 3248 1826 3322 ἡλικίᾳ,
1849 3252 1958 3306 τῶν

2066 3246 2331 3308 Verbum,
2368 3259 2466 3313 pro
2494 3243 2835 3297 incremento
2860 3248 2914 3291 et
2937 3245 3098 3291 aetate
3121 3231 3486 3300 suicorporis,
3518 3227 3655 3281 divi—

354 3309 598 3391 ἐνόντων
620 3334 778 3405 αὐτῷ
800 3309 1285 3408 θεοπρεπεστάτων
1307 3309 1529 3408 αγαθῶν
1554 3309 1653 3414 τὴν
1674 3309 1952 3412 ἔκφανσιν.

2066 3345 2254 3393 norum
2296 3335 2510 3390 illorum
2549 3334 2814 3387 bonorum
2860 3343 2979 3398 quae
3012 3326 3113 3382 sibi
3142 3326 3376 3387 inerant,
3421 3318 3653 3375 manife-

370 3428 686 3497 Ἐννοῶμεν
736 3425 844 3496 γὰρ
869 3427 972 3488 ὅτι,
1018 3428 1197 3481 καίτοι
1247 3430 1368 3484 καθ’
1412 3434 1558 3502 ἡμᾶς
1596 3411 1835 3502 γεγονὼς
1862 3435 1958 3490 ἄν-

2066 3428 2348 3485 stationem
2407 3424 2862 3483 admetiebautur.
2911 3419 3334 3475 Consideremus
3385 3412 3529 3467 enim
3589 3411 3656 3465 il-

353 3522 609 3592 θρωπος,
655 3518 944 3574 λανθάνειν
988 3520 1322 3586 ἐσπούδαζεν
1366 3524 1426 3577 ἐν
1457 3525 1656 3594 ἀρχαῖς
1677 3567 1692 3588 ,
1725 3527 1820 3580 καὶ
1847 3524 1959 3582 οἷον

359 3611 615 3682 ἀψοφητὶ
662 3611 762 3664 καὶ
790 3611 1171 3681 σεσιγημένως
1201 3613 1297 3684 τὴν
1334 3613 1427 3668 τοῦ
1460 3616 1762 3686 μυστηρίου
1796 3618 1958 3672 δύνα-

359 3723 455 3776 μιν
498 3703 651 3759 κατὰ
694 3703 872 3774 βραχὺ
915 3702 1286 3773 διοικούμενος
1307 3722 1320 3737 ·
1354 3707 1450 3760 καὶ
1492 3707 1647 3777 πρός
1684 3725 1748 3777 γε
1803 3711 1961 3764 τοῦτο

356 3798 510 3868 ἡμᾶς
556 3795 730 3858 αὐτὸς
779 3796 808 3846 6
836 3795 969 3860 Θεὸς
1003 3796 1099 3850 καὶ
1130 3798 1321 3869 Πατὴρ
1378 3798 1713 3854 πιστώσεται
1745 3800 1919 3867 λέγων
1942 3820 1958 3835 ο

361 3910 381 3940 σ
428 3886 642 3942 Ἰακὼϐ
676 3889 705 3940 ὁ
748 3890 877 3951 παῖς
920 3906 1045 3957 μου,
1087 3888 1453 3959 ἀντιλήψομαι
1497 3891 1699 3945 αὐτοῦ’
1747 3893 1962 3964 Ἰσραὴλ

353 3988 382 4040 6
423 3983 699 4047 ἐκλεκτός
748 4000 874 4053 μου,
934 3982 1297 4055 προσεδέξατο
1343 3984 1508 4037 αὐτὸν
1559 3987 1591 4057 ἡ
1637 3986 1782 4057 ψυχή
1820 4005 1958 4056 μου·

358 4077 540 4132 ἔδωκα
573 4077 640 4131 τὸ
662 4075 887 4146 πνεῦμά
927 4093 1028 4145 μου
1049 4076 1137 4128 ἐπ’
1170 4075 1334 4128 αὐτόν
1356 4091 1367 4104 ·
1400 4076 1583 4146 κρίσιν
1611 4079 1725 4142 τοῖς
1755 4078 1963 4133 ἔθνεσιν

359 4166 591 4231 ἐξοίσει·
617 4165 685 4219 οὐ
730 4163 1087 4235 κεκράξεται,
1120 4165 1241 4217 οὐδὲ
1274 4164 1501 4231 ἀνοίσει,
1531 4166 1653 4219 οὐδὲ
1686 4169 1964 4240 ἀκουσθή-

361 4274 515 4313 σεται
544 4259 578 4327 ή
625 4255 786 4327 φωνὴ
834 4255 1001 4311 αὐτοῦ
1041 4252 1178 4320 ἔξωο
1210 4256 1457 4326 κάλαμον
1488 4258 1965 4329 συντεθλασμένον
2038 4314 2043 4315 ,

356 4348 419 4401 06
442 4346 773 4418 συντρίψει·
805 4346 899 4400 καὶ
933 4344 1080 4398 λίνον
1102 4346 1408 4417 τυφόμενον
1453 4346 1514 4399 o6
1540 4346 1744 4404 σϐέσει.
1780 4367 1799 4401 ι
1838 4350 1965 4404 Ἐπ-

355 4439 529 4511 ετίμα
556 4439 619 4492 δέ
653 4455 761 4492 που
801 4438 897 4492 καὶ
939 4438 1126 4501 αὐτοῖς
1167 4441 1281 4502 τοῖς
1310 4438 1489 4507 ἁγίοις
1509 4441 1849 4506 ἀποστόλοις,
1879 4444 1966 4498 ἴνα

357 4534 439 4604 μὴ
473 4530 723 4603 φανερὸν
752 4530 919 4584 αὑτὸν
953 4528 1204 4585 ποιῶσιν.
1238 4529 1448 4583 Οὐκοῦν
1475 4531 1691 4603 ἐδείχθη
1731 4533 1798 4587 ἂν
1824 4534 1966 4589 ᾶπα-

354 4642 444 4679 σιν
472 4624 651 4694 ἄηθες
677 4640 735 4676 τε
763 4622 956 4692 χρῆμα
988 4622 1084 4675 καὶ
1114 4621 1283 4686 ξένον,
1313 4624 1408 4676 καὶ
1435 4626 1757 4695 περιεργίας
1792 4626 1962 4693 ἄξιον,
2000 4655 2042 4709 D

350 4719 406 4771 εί
437 4715 649 4786 βρέφος
680 4714 757 4767 ὣν
792 4713 896 4777 ἔτι,
933 4712 1214 4782 θεοπρεπῆ
1244 4713 1343 4783 τῆς
1382 4714 1576 4784 σοφίας
1610 4717 1847 4771 ἐποιεῖτο
1865 4718 1965 4790 τὴν

353 4809 591 4873 ἔνδειξιν
610 4826 626 4838 θ
661 4806 808 4861 κατὰ
837 4808 1009 4877 βραχὺ
1037 4806 1095 4860 δὲ
1127 4809 1223 4859 καὶ
1247 4807 1528 4875 ἀναλόγως
1552 4811 1619 4879 τῇ
1651 4808 1747 4862 τοῦ
1778 4809 1967 4879 σώμα-

354 4916 448 4964 τος
493 4898 697 4971 ἡλικίᾳ
746 4896 1101 4968 κατευρύνων
1156 4896 1348 4966 αὐτὴν,
1410 4898 1626 4968 ἐμφανῆ
1679 4915 1741 4951 τε
1790 4897 1963 4953 ἅπασι

354 4988 669 5053 καθιστῶν,
694 4986 1030 5058 προκόπτειν
1063 4985 1130 5039 ἂν
1149 4985 1380 5054 λέγοιτο,
1410 4987 1504 5040 καὶ
1535 4988 1683 5058 μάλα
1713 4989 1960 5054 εἰκότως.

353 5080 483 5145 Πῶς
512 5076 614 5133 οὖν
642 5079 754 5150 ἄρα
791 5077 932 5131 κατὰ
963 5078 1159 5149 μικρὸν
1190 5078 1496 5149 προέκοψεν
1524 5081 1606 5143 είς
1636 5082 1959 5153 ἱερωσύνην,

350 5175 498 5226 κατὰ
535 5170 766 5242 ἀρετὴν,
804 5173 927 5224 εἰπέ
974 5186 1087 5239 μοι,
1125 5169 1547 5240 τελειούμενος;
1590 5168 1711 5226 εἶτα
1757 5173 1876 5237 πῶς
1898 5172 1966 5229 ἂν

348 5264 383 5333 ἢ
423 5262 595 5316 πόθεν
614 5261 916 5316 ὲνδοιάσειέ
940 5278 1047 5325 τις,
1070 5263 1154 5317 ὅτι
1178 5262 1239 5315 τὸ
1265 5262 1605 5333 ήμαρτηκδς,
1632 5264 1728 5317 τοῦ
1748 5264 1969 5328 τελείως

350 5355 581 5423 ἔχοντος
614 5354 760 5407 κατά
791 5352 1016 5426 ἀρετὴν,
1050 5352 1155 5406 ὑπὸ
1203 5353 1393 5424 μῶμον
1422 5352 1597 5419 ἔσται,
1630 5357 1725 5409 καὶ
1751 5356 1853 5409 οὐκ
1886 5358 1968 5419 είς

350 5446 508 5499 ἁπαν
554 5443 1015 5522 τεθαυμασμένον
1038 5483 1053 5507 ,
1088 5444 1289 5514 μᾶλλον
1314 5444 1370 5497 δὲ
1410 5445 1550 5515 τάχα
1586 5464 1688 5501 που
1729 5447 1825 5501 καὶ
1863 5448 1969 5502 ὑπὸ

350 5537 583 5607 γραφὴν
639 5536 958 5607 άμαρτίαςς
1007 5535 1168 5590 Ἀλλά
1228 5535 1339 5607 μὴν
1385 5536 1606 5608 ἀληθὲς,
1651 5537 1728 5603 ὡς
1760 5540 1823 5592 o6
1864 5556 1962 5593 πε-

352 5627 591 5699 ποίηκεν
630 5627 937 5698 ἁμαρτίαν,
966 5625 1089 5680 οὐδὲ
1128 5626 1322 5697 εὑρέθη
1350 5627 1498 5692 δόλος
1536 5629 1595 5682 ἐν
1631 5630 1701 5699 τῷ
1735 5629 1960 5699 στόματι

2061 3521 2197 3583 lum,
2235 3517 2487 3588 quamvis
2520 3517 2681 3570 homo
2701 3514 2814 3585 jam
2845 3511 3015 3566 nostri
3048 3508 3245 3564 similis
3286 3504 3461 3560 factus
3490 3512 3654 3558 esset.

2060 3611 2219 3667 initio
2273 3609 2443 3663 latere
2500 3608 2813 3671 studuisse,
2876 3603 3042 3657 veluti
3115 3601 3233 3655 sine
3297 3597 3529 3667 strepitu
3591 3608 3656 3647 ac

2064 3702 2230 3756 tacite
2300 3698 2562 3769 paulatim
2624 3694 2870 3766 mysterii
2942 3694 3048 3746 vim
3119 3691 3493 3760 disponentem
3542 3705 3555 3741 :
3604 3700 3659 3742 et

2063 3791 2132 3848 ad
2180 3790 2341 3859 hujus
2393 3788 2472 3844 rei
2520 3788 2683 3841 fidem
2736 3786 2877 3839 Deus
2928 3799 2993 3838 ac
3040 3781 3202 3836 Pater
3236 3779 3393 3834 nobis
3425 3777 3531 3830 erit
3576 3774 3659 3829 lo-

2065 3884 2249 3953 cuples
2279 3890 2472 3937 auctor
2516 3894 2637 3934 cum
2672 3878 2805 3933 dicit
2836 3895 2852 3929 :
2891 3893 2909 3926 ι
2941 3874 3110 3928 Jacob
3165 3887 3300 3943 puer
3331 3886 3503 3932 meus,
3535 3882 3655 3923 sus-

2064 3976 2261 4046 cipiam
2306 3988 2429 4028 eum
2478 3990 2491 4026 :
2526 3969 2711 4037 .lsrael
2753 3967 2962 4022 electus
3006 3979 3192 4029 meus,
3237 3962 3497 4031 suscipiet
3529 3975 3655 4013 eum

2064 4066 2244 4121 anima
2279 4077 2395 4117 mea
2421 4079 2436 4115 :
2462 4061 2585 4115 dedi
2617 4057 2865 4128 spiritum
2890 4070 3070 4109 meum
3102 4068 3271 4123 super
3323 4066 3448 4106 eum
3478 4048 3656 4119 :judi-

2065 4159 2209 4213 cium
2251 4154 2505 4225 gentibus
2551 4151 2789 4222 proferet
2833 4166 2847 4202 :
2886 4163 2991 4201 non
3028 4145 3306 4210 clamabit,
3350 4157 3527 4212 neque
3557 4156 3656 4196 vo-

2066 4248 2400 4312 ciferabitur,
2432 4259 2604 4313 neque
2627 4242 2885 4297 audietur
2910 4254 3012 4293 vox
3037 4236 3152 4306 ejus
3177 4235 3312 4291 foris
3342 4254 3357 4290 :
3386 4233 3657 4289 calamum

2068 4349 2389 4410 quassatum
2440 4352 2545 4391 non
2597 4342 2870 4399 conteret,
2913 4338 2969 4386 et
3017 4330 3185 4384 linum
3235 4326 3504 4395 fumigans
3550 4338 3657 4378 nou

2067 4431 2377 4500 exstinguet
2402 4427 2470 4480 ’³.
2508 4445 2528 4478 ι
2562 4425 2878 4494 lncrepabat
2906 4423 3071 4475 etiam
3104 4418 3253 4490 ipsos
3280 4427 3499 4472 sanctos
3529 4428 3659 4483 apo-

2067 4522 2257 4587 Stolos,
2294 4535 2362 4576 ne
2384 4534 2508 4574 eum
2550 4517 2897 4571 manifestum
2939 4513 3200 4568 facerent.
3234 4508 3373 4578 Ergo
3402 4521 3536 4561 nova
3571 4520 3659 4560 res

2069 4623 2124 4668 et
2157 4611 2372 4668 insolita
2402 4617 2617 4666 ostensa
2651 4615 2816 4672 esset,
2848 4614 2902 4660 et
2933 4619 3055 4674 qua:
3086 4601 3354 4657 curiosius
3389 4605 3531 4653 esset
3561 4613 3659 4650 ex-

2071 4704 2354 4774 quirenda,
2377 4703 2421 4757 si
2450 4701 2626 4756 adhuc
2650 4699 2827 4754 infans
2852 4698 3089 4752 divinant
3115 4694 3397 4764 sapientiae
3421 4691 3657 4762 speciem

2070 4797 2399 4853 ostendisset
2424 4795 2491 4848 ”.
2525 4792 2629 4847 Sed
2657 4806 2779 4846 cum
2805 4788 3064 4856 paulatim
3093 4788 3237 4842 illam
3262 4795 3319 4840 et
3346 4800 3443 4855 pro
3464 4798 3658 4853 corpo-

2073 4903 2179 4943 rea:
2207 4887 2380 4942 aetatis
2406 4886 2615 4941 ratione
2649 4883 3029 4952 amplificaret,
3061 4879 3417 4946 oumibusque
3446 4876 3658 4945 perspi-

2070 4995 2228 5036 cuam
2281 4977 2520 5041 faceret,
2572 4975 2959 5029 convenienter
3011 4971 3305 5025 admodum
3363 4967 3662 5038 profecisse

2070 5073 2177 5129 dici
2225 5080 2424 5142 potest.
2465 5068 2745 5135 Quomodo
2798 5068 2965 5137 igitur
3014 5065 3276 5135 paulatim
3329 5063 3557 5130 profecit
3606 5063 3658 5116 in

2067 5162 2427 5220 sacerdotium
2449 5202 2464 5227 ,
2511 5161 2565 5214 in
2598 5160 2890 5224 virtutene,
2942 5172 3073 5227 rogo
3107 5165 3179 5220 te,
3213 5151 3664 5210 consummatus?

2068 5255 2210 5325 quod
2246 5254 2289 5308 si
2322 5262 2430 5319 est,
2463 5267 2568 5321 qua
2601 5252 2816 5305 ratione
2849 5248 3138 5317 quisquam
3166 5245 3427 5313 ambiget,
3463 5244 3607 5311 quod
3630 5255 3660 5293 a

2046 5344 2398 5414 perfectione
2448 5342 2668 5397 virtutis
2720 5342 2910 5405 abest,
2965 5340 3016 5392 id
3078 5351 3201 5392 esse
3248 5334 3657 5403 reprehensioni

2070 5437 2386 5501 obnoxium,
2435 5448 2611 5503 neque
2645 5448 2742 5502 per
2769 5432 2953 5487 omnia
2993 5427 3346 5491 laudandum,
3391 5425 3501 5479 imo
3534 5439 3660 5479 vero

2070 5529 2234 5584 etiam
2265 5526 2501 5582 fortasse
2529 5526 2596 5580 de
2623 5523 2834 5595 peccati
2865 5523 3092 5577 crimine
3114 5519 3463 5589 culpandum.
3493 5517 3658 5587 Atqui

2071 5638 2257 5676 verum
2293 5630 2376 5675 est
2408 5636 2525 5682 non,
2561 5618 2755 5674 fecisse
2800 5624 3103 5685 peccatum,
3155 5627 3331 5682 neque
3379 5612 3657 5667 inventum

425 5823 472 5856 ⁸²
514 5822 648 5880 Luc.
696 5839 760 5892 ιι,
799 5822 891 5878 52.
969 5825 1015 5856 ⁹⁰
1058 5822 1266 5882 Coloss.
1301 5839 1363 5893 tt,
1399 5825 1449 5882 '5.
1532 5826 1577 5858 ⁹¹
1618 5824 1899 5893 Isa.’xr.u,
1934 5824 2064 5890 l-5;
2105 5821 2295 5878 Matth.
2330 5837 2428 5889 xu,
2471 5819 2658 5877 18—20.
2736 5820 2783 5853 "
2824 5817 3015 5875 Matth.
3048 5829 3160 5885 xw,
3198 5814 3305 5885 20,
3341 5814 3508 5871 Marc.
3539 5826 3656 5881 rut,

352 5894 445 5951 50.
