4150 6442
592 450 693 505 1εό

1611 457 1670 515 S.
1713 459 1992 518 CYRILLI
2032 461 2506 525 ALEXANDBINI
2541 469 2863 528 ARCHIEP.

3748 478 3841 534 £516

591 571 756 625 fuisse
787 571 966 626 dolum
996 571 1048 626 in
1077 586 1171 628 ore
1197 575 1332 642 ejus,
1365 584 1424 632 ut
1466 577 1726 648 scriptum
1756 590 1842 636 est
1877 582 1942 635 ".
1981 581 2172 638 Perfe-

2277 589 2465 655 αὐτοῦ,
2508 591 2651 644 καθὰ
2699 592 3027 664 γέγραπται.
3080 593 3402 658 Παντέλειος
3443 587 3536 649 οῦν
3581 596 3608 649 6
3652 595 3839 648 τοιόσδε

588 662 864 716 ctissimus
905 677 1035 731 ergo
1083 677 1202 720 erat
1245 669 1390 722 omni
1446 684 1509 724 ex
1547 679 1702 739 parte
1747 673 2014 741 ejusmodi
2065 676 2169 741 vir,

589 771 762 822 neque
791 757 897 810 ullo
927 759 1090 813 modo
1121 762 1414 831 quidquam
1446 763 1520 817 illi
1552 766 1740 821 deerat
1775 768 1843 822 ad
1871 769 2173 824 absolutam

589 846 994 917 perfectamque
1033 851 1307 908 virtutem.
1357 855 1587 921 Quando
1629 867 1810 914 autem
1852 861 1952 916 fuit
1997 863 2174 920 minus

590 939 642 988 iu
688 939 887 993 virtute
918 941 1213 1010 perfectus,
1241 947 1334 1016 qui
1362 949 1526 1002 etiam
1563 949 1614 1003 in
1648 960 1803 1006 utero
1842 954 1985 1008 Deus
2015 956 2175 1010 erat?

589 1029 654 1081 de
681 1046 788 1096 quo
816 1033 980 1086 etiam
1026 1037 1285 1104 propinata
1333 1039 1465 1093 dicit
1503 1041 1669 1097 Isaias
1705 1061 1719 1097 :
1757 1063 1775 1097 ι
1809 1044 2068 1118 Bulyrum
2117 1056 2174 1103 et

590 1121 693 1172 mel
725 1125 1006 1180 comedet:
1043 1138 1330 1197 antequam
1361 1131 1498 1184 sciat
1525 1133 1606 1186 vel
1629 1135 1792 1205 eligat
1819 1138 1982 1201 mala,
2014 1139 2174 1210 eliget

590 1213 786 1266 bonum
811 1215 900 1270 ’δε
940 1235 958 1268 ι
999 1220 1120 1286 quia
1157 1231 1444 1290 antequam
1507 1227 1642 1279 sciat
1677 1242 1812 1296 puer
1844 1230 2042 1284 bOuum
2081 1243 2174 1287 aut

590 1308 810 1373 malum,
851 1313 1172 1378 repugnabit
1237 1317 1592 1385 improbitati,
1631 1331 1693 1376 ut
1738 1323 1905 1392 eligat
1942 1326 2170 1380 bonum.

589 1396 863 1451 Undenam
887 1401 1050 1466 igitur
1076 1404 1166 1457 tibi
1200 1409 1436 1476 suppetit
1464 1412 1680 1468 virtutis
1711 1415 2170 1485 imperfectionent

585 1487 638 1538 lu
667 1489 882 1543 Christo
907 1491 1023 1561 88
1049 1493 1463 1552 demonstrare?
1487 1515 1661 1569 quave
1687 1504 1774 1560 ille
1799 1513 2174 1578 progressione

587 1579 810 1648 indiget,
847 1585 936 1650 qui
965 1586 1099 1637 adeo
1129 1598 1213 1640 est
1245 1589 1551 1658 absolutus,
1583 1603 1642 1648 ut
1672 1597 1940 1654 universa:
1971 1601 2174 1671 impro-

585 1669 741 1724 bitati
796 1683 1076 1741 repugnet,
1135 1677 1494 1749 praeferatque
1537 1684 1638 1750 illi,
1691 1687 1798 1742 imo
1841 1705 1972 1746 vero
2003 1669 2170 1748 solam

585 1759 750 1830 eligat
780 1763 1072 1818 virtutem?
1106 1766 1209 1821 Sed
1253 1773 1440 1826 neseio
1468 1788 1572 1842 qua
1617 1777 1823 1832 ratione
1853 1782 1944 1850 qui
1979 1787 2172 1838 asserit

585 1867 650 1906 ac
683 1853 857 1909 dicit:
893 1856 994 1910 llic
1023 1859 1112 1926 qui
1162 1861 1420 1929 paulatim
1467 1865 1693 1933 profecit
1735 1871 1801 1923 ad
1835 1874 2030 1926 summi
2077 1889 2166 1928 sa-

583 1944 810 1999 cerdotii
851 1947 1190 2017 dignitatem,
1233 1963 1287 2007 et
1334 1955 1400 2008 ad
1449 1971 1545 2011 sua
1596 1961 1758 2014 verba
1806 1964 2174 2019 confirmanda

584 2037 808 2106 protulit
850 2039 980 2092 illud
1021 2059 1035 2094 :
1076 2061 1094 2093 ι
1124 2042 1283 2098 Jesus
1317 2057 1496 2101 autem
1544 2050 1864 2118 proficiebat
1910 2065 2070 2110 aetate
2121 2070 2176 2112 et

583 2128 848 2196 sapientia
899 2140 953 2183 et
1001 2131 1210 2200 gratia;
1247 2153 1266 2186 ι
1323 2141 1710 2206 propemodum
1761 2158 1856 2198 sua
1905 2147 2068 2201 verba
2118 2158 2176 2202 ut

585 2234 775 2288 parum
825 2222 1080 2276 decenter
1114 2225 1256 2280 dicta
1303 2232 1696 2300 condemnatis,
1742 2244 1796 2289 et
1825 2251 2010 2292 eorum
2038 2240 2177 2294 obli-

588 2322 674 2366 tus
696 2327 816 2381 quae
841 2313 977 2371 bene
1008 2317 1208 2372 habere
1235 2331 1538 2389 putaverat,
1573 2327 1928 2392 perfectionis
1957 2332 2173 2385 modum

585 2401 688 2456 alia
717 2405 927 2459 ratione
959 2407 1262 2463 absolutum
1310 2411 1478 2468 fuisse
1519 2415 1770 2483 aliirmat,
1801 2419 1991 2475 dicens
2021 2437 2035 2475 :
2078 2423 2176 2477 llic

586 2495 674 2550 ille
711 2499 968 2568 temporis
1001 2515 1222 2558 accessu
1259 2502 1436 2559 factus
1481 2507 1747 2574 pontifex,
1787 2509 1876 2564 ille
1913 2527 2014 2580 per
2043 2528 2174 2582 pas-

586 2587 768 2666 siones
793 2605 1225 2650 consummatus.
1268 2594 1460 2652 Nonne
1493 2599 1594 2653 hoc
1634 2602 1903 2671 perspicui
1937 2606 2176 2673 stuporis

585 2661 698 2743 θέω
733 2679 839 2734 ἰιιιο
874 2697 1001 2737 vero
1028 2700 1252 2740 summie
1281 2689 1534 2743 versutia:
1556 2690 1849 2746 indicium?
1886 2692 2015 2748 Nam
2042 2712 2174 2750 con-

587 2782 888 2828 summatus
911 2785 991 2830 est
1013 2778 1229 2844 quidem
1257 2797 1352 2848 per
1381 2781 1664 2850 passiones
1698 2783 1954 2840 Dominus
1988 2797 2175 2843 noster

586 2862 745 2917 Jesus
772 2866 1021 2921 Christus
1048 2887 1060 2924 :
1084 2872 1184 2924 iste
1218 2886 1366 2937 vero,
1402 2873 1760 2931 licetmodum
1788 2892 1892 2946 quo
1926 2887 2008 2934 est
2041 2895 2173 2934 con-

586 2966 886 3012 summatus
951 2975 1056 3014 non
1110 2961 1345 3032 ignoret,
1398 2963 1788 3034 simpliciorum
1843 2971 2054 3026 animos
2106 2973 2173 3028 ad

589 3057 824 3103 remotos
867 3053 1128 3116 quosdam
1173 3054 1565 3125 cogitationum
1602 3057 1879 3116 anfractus
1927 3065 2170 3129 abducit,

585 3146 638 3191 et
667 3139 962 3208 profecisse
1013 3145 1144 3198 dicit
1176 3146 1226 3199 in
1255 3149 1615 3215 sacerdotem,
1645 3161 1699 3206 et
1729 3153 1780 3205 in
1820 3155 1922 3210 hoc
1964 3157 2015 3209 in
2047 3173 2169 3212 eum

2277 680 2414 751 πρὸς
2449 684 2556 736 πᾶν
2586 683 2784 746 ὁτιοῦν,
2818 685 2912 736 καὶ
2949 685 3071 736 κατ’
3123 684 3315 738 οὐδένα
3338 686 3538 757 τρόπον
3563 684 3626 739 ἂν
3654 686 3761 756 ἔχοι
3788 688 3842 739 τὸ

2276 772 2455 836 ἐνδεὲς
2495 773 2590 827 τοῦ
2626 775 2828 845 ἀρτίως
2867 775 3082 844 ἔχοντος
3127 778 3209 840 εἰς
3253 777 3592 848 κατόρθωσιν
3632 778 3838 846 ἀρετῆς.

2276 861 2414 914 Πότε
2441 862 2496 914 δέ
2522 858 2591 932 ἦν
2624 864 2684 916 οὐ
2723 862 2927 927 τέλειος
2967 867 3048 927 είς
3073 864 3134 917 τὸ
3172 864 3374 932 ἀγαθὸν
3401 866 3430 917 6
3455 866 3549 918 καὶ
3579 867 3635 919 ἐν
3673 867 3841 938 μήτρᾳ

2274 952 2428 1017 Θεὸς,
2456 954 2585 1023 περὶ
2608 946 2669 1007 οὗ
2694 955 2788 1008 καὶ
2810 957 2838 1008 6
2863 958 3148 1027 προφήτης
3180 957 3346 1025 φησὶν
3382 957 3608 1020 Ἡσαΐας
3631 975 3643 987 ·
3676 978 3693 1008 ι
3722 957 3840 1011 Βού-

2275 1063 2438 1112 τυρον
2473 1047 2566 1098 καὶ
2599 1047 2719 1117 μέλι
2751 1048 3004 1116 φάγεται’
3038 1048 3203 1119 πρινὴ
3227 1048 3427 1117 γνῶναι
3459 1049 3620 1102 αὑτὸν
3652 1049 3684 1120 ἢ
3720 1066 3844 1119 προ-

2275 1137 2492 1190 ελέσθαι
2543 1140 2776 1208 πονηρὰ,
2816 1137 3092 1204 ἐκλέξεται
3134 1139 3195 1192 τὸ
3224 1139 3458 1208 ἀγαθόν;
3493 1159 3509 1190 ι
3532 1140 3663 1193 διότι
3689 1157 3842 1210 πρινη

2275 1229 2478 1297 γνῶναι
2507 1231 2570 1283 τὸ
2609 1230 2818 1283 παιδὶον
2863 1230 3084 1298 ἀγαθὸν,
3122 1232 3153 1300 ἢ
3187 1231 3379 1296 κακὸν,
3432 1231 3648 1284 ἀπειθεῖ
3687 1249 3844 1302 πονη-

2277 1323 2400 1393 ρίᾳ,
2429 1321 2519 1375 τοῦ
2553 1321 2877 1386 ἐκλέξασθαι
2905 1323 2965 1376 τὸ
2995 1323 3219 1390 ἀγαθόν.
3260 1323 3372 1376 Ποῦ
3402 1324 3582 1377 τοίνυν
3618 1324 3682 1378 ἂν
3723 1324 3843 1396 ἔχῃς

2275 1412 2538 1478 ἐπιδεῖξαι
2580 1413 2818 1484 Χριστοῦ
2858 1414 2920 1466 τὸ
2960 1414 3149 1479 ἀτελὲς
3193 1415 3272 1468 ἔτι
3335 1416 3470 1486 πρὸς
3513 1416 3574 1468 τὸ
3612 1416 3842 1480 ἁγαθόν;

2273 1505 2306 1576 ἢ
2342 1506 2500 1568 ποίας
2539 1506 2604 1560 ἂν
2628 1505 2802 1559 δέοιτο
2842 1507 3145 1577 προκοπῆς,
3177 1509 3206 1560 6
3248 1506 3419 1569 οὕτως
3450 1507 3650 1577 ἀρτίως
3694 1505 3842 1575 ἔχων,

2272 1596 2348 1660 ὡς
2380 1597 2564 1668 ἀπάσῃ
2597 1598 2696 1667 μὲν
2735 1597 2983 1652 ἀπειθεῖν
3021 1597 3280 1669 πονηρίᾳ,
3321 1599 3642 1668 προτάττειν
3673 1599 3728 1651 δέ
3763 1598 3848 1650 αὒ-

2273 1687 2393 1757 τῆς,
2425 1689 2520 1741 καὶ
2567 1690 2675 1758 μὴν
2708 1689 2800 1742 καὶ
2831 1689 2990 1758 μόνον
3037 1689 3311 1758 αἱρεῖσθαι
3345 1689 3405 1741 τὸ
3437 1689 3673 1756 ἀγαθόν;
3717 1687 3848 1740 Ἀλλ’

2274 1779 2374 1832 οὐκ
2405 1775 2502 1832 οἷδ’
2530 1779 2679 1842 ὅπως
2702 1781 2729 1832 6
2759 1779 3236 1849 διαῦεϐαιούμενός
3255 1797 3312 1832 τε
3341 1780 3436 1832 καὶ
3463 1780 3660 1847 λέγων,
3689 1773 3846 1840 Οὗτος

2277 1871 2306 1922 6
2328 1869 2466 1923 κατά
2498 1870 2694 1941 μικρὸν
2741 1870 3022 1942 προκόψας
3052 1873 3131 1934 είς
3161 1871 3461 1942 ἀρχιερέως
3500 1871 3733 1940 ἀξίωμα,
3762 1869 3848 1923 καὶ

2279 1962 2633 2030 παρενεγκὼν
2684 1964 2765 2024 είς
2809 1963 3084 2029 ἀπόδειξιν
3135 1963 3245 2016 τῶν
3298 1963 3492 2016 ἑαυτοῦ
3533 1962 3727 2029 λόγων,
3770 1960 3844 2020 τὸ,

2286 2074 2304 2106 ι
2335 2056 2541 2126 Ἰησοῦς
2569 2056 2626 2108 δὲ
2657 2056 2992 2126 προέκοπτεν
3020 2056 3204 2126 ἡλικία
3227 2056 3318 2108 καὶ
3337 2054 3501 2125 σοφίᾳ
3518 2054 3846 2123 καὶχάριτι,ι

2282 2151 2564 2220 μονονουχὶ
2612 2139 2722 2202 τῶν
2766 2149 2963 2203 ἐαυτοῦ
3008 2149 3183 2216 λόγων
3239 2147 3546 2218 καθορίζων
3589 2147 3650 2199 τὸ
3699 2147 3850 2215 ἀτερ-

2278 2243 2377 2304 πὲς
2395 2241 2502 2312 [τσ.
2525 2241 2812 2313 ἁπρεπές],
2835 2243 2928 2294 καὶ
2949 2236 3023 2294 ὧν
3040 2236 3098 2294 εὖ
3119 2241 3262 2312 ἔχειν
3281 2240 3580 2310 ὑπείληφεν
3598 2239 3675 2301 είς
3691 2237 3850 2306 λήθην

2277 2331 2614 2401 ὑπενεχθεὶς,
2643 2333 2732 2384 τὸν
2760 2333 2858 2401 τῆς
2901 2331 3234 2393 τελειώσεως
3269 2330 3467 2400 τρόπον
3509 2329 3707 2398 ἑτέρως
3730 2327 3851 2396 ἡμῖν

2278 2425 2593 2495 πεπρᾶχθαι
2638 2425 3027 2496 διισχυρίζεται
3070 2423 3244 2490 λέγων
3265 2438 3278 2451 '
3318 2413 3487 2484 Οῦτος
3511 2421 3541 2473 6
3565 2419 3738 2489 χρόνῳ
3764 2433 3854 2484 γε·

2276 2515 2579 2583 γενημένος
2625 2515 2931 2586 ἀρχιερεὺς,
2962 2513 3098 2566 όδιά
3139 2511 3485 2582 παθημάτων
3531 2507 3850 2568 τελειωθείς.

2273 2601 2399 2676 'Ap‘
2424 2607 2523 2659 οὐκ
2546 2607 2779 2677 ἐναργὴς
2798 2606 3109 2676 ἀποπληξία
3137 2605 3293 2659 τοῦτό
3319 2623 3380 2674 γε
3403 2622 3417 2670 ;
3453 2605 3654 2675 μᾶλλον
3680 2603 3735 2655 δέ
3756 2601 3849 2670 οὐχ

2277 2699 2494 2768 ἀπάσης
2526 2699 2873 2769 ῥᾳδιουργίας
2903 2698 3153 2768 έλεγχος;
3208 2697 3568 2750 Τετελείωται
3615 2696 3713 2766 μὲν
3752 2692 3854 2762 γὰρ

2273 2792 2361 2845 διὰ
2390 2791 2726 2862 παθημάτων
2765 2793 2794 2844 6
2839 2791 3043 2862 Κύριος
3090 2789 3248 2860 ἡμῶν
3287 2787 3500 2858 Ἰησοῦς
3535 2786 3796 2856 Χριστός·
3828 2783 3853 2834 6

2273 2884 2353 2948 δὲ,
2386 2883 2562 2937 καίτοι
2588 2883 2683 2937 τοῦ
2722 2881 3043 2936 τελειῶσθαι
3069 2879 3512 2954 [τετελειῶσθαι]
3543 2881 3636 2932 τὸν
3663 2877 3853 2948 τρόπον

2274 2976 2376 3029 οὐκ
2401 2975 2710 3046 ὴγνοηκὼς,
2731 2975 2822 3029 τὸν
2849 2975 2957 3028 τῶν
2981 2973 3364 3044 ἁπλουστέρων
3385 2971 3716 3042 ἀποκομίςει
3742 2971 3856 3022 νοῦν

2273 3071 2354 3133 είς
2379 3067 2644 3131 ἐκτύπους
2671 3069 2823 3131 τινὰς
2886 3065 3106 3119 ἐννοιῶν
3151 3065 3537 3136 περιαγωγὰς,
3590 3062 3686 3116 καὶ
3736 3075 3856 3128 προ-

2273 3160 2437 3230 κόψαι
2470 3160 2634 3230 φησιν
2657 3161 2734 3223 είς
2758 3159 3042 3230 ἀρχιερέα,
3063 3158 3156 3212 καὶ
3185 3156 3510 3210 τελειῶσθαι
3537 3155 3674 3226 πρὸς
3691 3152 3856 3217 τοῦτο,

586 3244 1014 3289 consummatum
1065 3235 1254 3302 fuisse,
1297 3240 1440 3308 quod
1474 3257 1595 3295 eum
1630 3243 1805 3300 factus
1839 3258 1941 3310 est,
1975 3249 2172 3304 dicitur

2275 3252 2384 3314 τὸν,
2409 3253 2489 3304 ὅτι
2513 3251 2672 3304 τοῦτο
2696 3251 2909 3319 γέγονε,
2942 3250 3276 3304 κεκενῶσθαι
3311 3249 3633 3319 λεγόμενον.
3663 3248 3858 3312 Ὥσπερ

585 3324 912 3382 cxinanitus.
970 3329 1090 3384 1am
1155 3346 1282 3387 vero
1343 3342 1598 3403 tanquam
1656 3337 1789 3392 satis
1843 3340 2174 3395 ostendisset

588 3418 760 3487 ipsum
792 3419 884 3475 Dei
922 3421 1156 3477 Verbum
1189 3440 1364 3495 neque
1399 3441 1618 3482 carnem
1653 3428 1852 3485 factum
1888 3447 2029 3497 esse,
2069 3450 2168 3489 ue-

585 3523 692 3578 que
724 3511 998 3568 hominem
1030 3530 1095 3570 ex
1135 3517 1360 3572 muliere
1383 3521 1670 3589 prodiisse,
1699 3537 1791 3577 eos
1827 3526 1916 3594 qui
1963 3528 2042 3582 sic
2086 3544 2175 3581 sa-

588 3603 741 3670 piunt
776 3604 1037 3674 increpat,
1067 3607 1296 3666 dicens:
1331 3610 1469 3679 Quid
1494 3629 1622 3683 ergo
1657 3616 1916 3673 adversus
1946 3617 2171 3675 Paulum

590 3694 988 3763 interpretaris,
1017 3699 1144 3753 dum
1182 3701 1512 3770 impassihile
1556 3707 1647 3763 Dei
1684 3708 1918 3764 Verbum
1958 3721 2174 3768 terreno

588 3787 866 3844 immisces
907 3793 1144 3858 corpori,
1189 3802 1243 3848 et
1275 3797 1588 3862 passibilem
1639 3803 1949 3870 pontificem
1998 3804 2176 3861 facis?

586 3878 726 3932 Audi
761 3878 930 3947 igitur
957 3896 987 3936 a
1020 3884 1195 3950 nobis,
1226 3888 1424 3955 quibus
1461 3889 1622 3945 etiam
1665 3895 1885 3948 charior
1917 3905 2000 3949 est
2028 3896 2172 3950 veri-

591 3982 713 4028 tas:
745 3987 843 4028 cur
883 3990 1136 4044 perverse
1181 3977 1401 4037 Paulum
1443 3984 1842 4057 interpretaris,
1890 3990 2000 4045 imo
2045 4007 2174 4048 vero

589 4065 870 4122 universas
898 4067 1134 4126 Litteras
1156 4087 1340 4130 sacras
1364 4077 1734 4144 caluntniaris,
1765 4082 1889 4135 dum
1919 4081 2013 4138 Dei
2041 4083 2177 4140 Ver-

592 4159 718 4210 bum
756 4172 785 4211 a
823 4160 1001 4213 carnis
1033 4160 1439 4230 dispensatione
1485 4170 1762 4234 subducis,
1810 4181 1864 4226 et
1900 4174 2172 4231 hominem

592 4247 750 4303 nobis
783 4251 925 4303 nuda
951 4253 1327 4322 conjunctione
1356 4259 1702 4314 honestatum
1735 4264 1967 4329 praeficis
1995 4281 2174 4322 sacer-

590 4341 793 4407 dotem,
837 4341 962 4398 licet
1005 4347 1249 4403 eumdem
1295 4351 1486 4405 audias
1525 4351 1844 4421 pontificem
1889 4355 2073 4423 simul,
2119 4369 2175 4414 et

589 4447 711 4485 cum
744 4430 854 4488 Deo
895 4444 950 4490 et
979 4435 1141 4492 Patre
1186 4439 1237 4493 in
1280 4442 1470 4495 eodem
1507 4442 1644 4497 solio
1675 4445 2069 4514 considentem,
2117 4459 2178 4505 ut

587 4523 748 4590 paulo
803 4533 928 4581 ante
977 4529 1246 4596 diximus;
1295 4546 1420 4586 nam
1466 4530 1666 4588 Paulus
1720 4535 1898 4590 dixit:
1938 4555 1957 4588 ι
1987 4537 2174 4594 Talem

2276 3341 2330 3394 δὲ
2353 3341 2594 3410 διαρκῶς
2638 3341 2949 3410 ἀποφήνας,
2979 3342 3059 3394 ὅτι
3115 3341 3247 3410 μηδέ
3292 3339 3492 3408 γέγονε
3535 3338 3674 3408 σάρξ
3718 3339 3744 3389 6
3773 3331 3860 3386 τοῦ

2276 3433 2414 3486 Θεοῦ
2449 3433 2640 3500 Λόγος,
2673 3435 2807 3503 μήτε
2845 3433 2950 3504 μὴν
2981 3432 3221 3504 προῆλθε
3256 3432 3552 3502 ἄνθρωπος
3584 3433 3648 3484 ἐκ
3681 3445 3860 3498 γυναι-

2277 3523 2395 3588 κὸς,
2426 3526 2540 3587 τοῖς
2569 3524 2635 3577 τά
2675 3525 2851 3580 τοιάδε
2887 3527 3107 3598 φρονεῖν
3148 3523 3455 3595 ᾑρημένοις
3498 3525 3747 3595 ἐπιτιμᾷ,
3780 3520 3863 3574 καί

2278 3633 2441 3686 φησι·
2481 3613 2662 3670 Τίθῶ
2703 3618 3088 3691 ἀνθερμηνεύῃ
3134 3618 3212 3692 τῷ
3264 3617 3494 3692 Παύλῳ,
3548 3617 3642 3677 τὸν
3689 3613 3860 3692 ἀπαθῆ

2275 3707 2408 3760 Θεὸν
2434 3709 2608 3776 Λόγον
2654 3711 2882 3781 ἐπιγείῳ
2913 3714 3256 3782 καταμιγνὺς
3293 3713 3534 3785 σώματι,
3562 3716 3660 3769 καὶ
3689 3714 3861 3785 παθη-

2275 3800 2368 3853 τὺν
2398 3803 2658 3874 ἀρχιερέα
2699 3804 2902 3869 ποιῶν;
2935 3803 3145 3858 Οὒκοῦν
3179 3806 3341 3860 ἄκουε
3383 3809 3480 3861 καὶ
3521 3809 3662 3880 πρὸς
3691 3807 3860 3878 ήμῶν,

2275 3883 2356 3952 οἷς
2384 3891 2446 3959 δὴ
2475 3891 2567 3942 καὶ
2597 3891 2794 3962 μᾶλλον
2821 3894 2853 3962 ἡ
2882 3893 3108 3962 ἀλήθεια
3130 3894 3257 3964 φίλη
3277 3911 3291 3924 ο
3325 3896 3391 3948 Τί
3425 3897 3862 3968 παρερμηνεύεις

2274 3981 2366 4034 τὸν
2420 3981 2664 4047 Παῦλον,
2721 3983 2921 4054 μᾶλλον
2975 3985 3032 4037 δὲ
3082 3986 3300 4038 ἃπασαν
3349 3993 3716 4059 συκοφαντεῖς
3769 3989 3860 4056 τὴν

2276 4074 2630 4127 θεόπνευστον
2657 4075 2694 4126 Γ
2702 4074 2898 4144 ραφὴν,
2933 4074 3220 4142 ὑπεξάγων
3250 4077 3348 4145 τῆς
3385 4080 3530 4147 μετά
3565 4079 3765 4151 σαρκὸς
3788 4078 3861 4130 oi-

2276 4168 2533 4237 κονομίας
2552 4166 2642 4218 τὸν
2657 4165 2750 4219 τοῦ
2769 4164 2904 4218 Θεοῦ
2920 4167 3111 4235 Λόγον,
3134 4168 3230 4220 καὶ
3252 4166 3547 4238 ἄνθρωπον
3594 4173 3725 4241 ἡμῖν
3747 4183 3836 4220 συν
3851 4195 3862 4207 -

2276 4259 2446 4329 αφείᾳ.
2473 4258 2602 4328 ψιλῇ
2632 4258 2942 4327 τιμώμενον
2966 4258 3192 4328 ἐφιστᾷς
3239 4259 3412 4330 ἱερέα,
3443 4262 3630 4315 καίτοι
3660 4262 3750 4313 τὸν
3777 4259 3865 4313 αὖ·

2275 4351 2367 4404 τὸν
2395 4350 2608 4404 ἀκούων
2642 4349 2905 4419 ἀρχιερέα
2934 4366 2992 4402 τε
3020 4351 3156 4420 ὁμοῦ
3197 4353 3290 4403 καὶ
3317 4351 3619 4425 σύνθρονον
3647 4353 3771 4406 ὄντα
3792 4349 3862 4419 τῷ

2275 4441 2396 4512 Θεῷ
2445 4442 2537 4494 καὶ
2563 4441 2757 4510 Πατρὶ,
2794 4441 3043 4513 καθάπερ
3088 4443 3190 4513 ἤδη
3244 4443 3561 4514 φθάσαντες
3610 4447 3863 4515 είπομεν;

2267 4529 2524 4601 Ἐφηγάρ
2543 4531 2570 4582 6
2588 4530 2818 4594 Παῦλος,
2847 4533 2928 4585 ὅτι
2948 4551 2964 4584 ι
2989 4533 3241 4586 Τοιοῦτον
3270 4533 3473 4606 ἔχομεν
3504 4538 3791 4608 ἀρχιερέα,
3813 4535 3866 4596 ὃς

588 4612 851 4668 habemus
904 4617 1240 4686 pontificem,
1295 4620 1385 4685 qui
1443 4620 1584 4674 sedit
1638 4623 1690 4676 in
1753 4624 1979 4678 dextera
2024 4626 2171 4682 sedis

2275 4619 2527 4674 ἐκάθισεν
2556 4623 2614 4675 ἐν
2664 4622 2815 4692 δεξιᾷ
2853 4624 2947 4676 τοῦ
2976 4624 3168 4696 θρόνου
3215 4625 3315 4695 τῆς
3362 4628 3764 4696 μεγαλωσύνης
3813 4627 3865 4677 ἐν

587 4701 977 4770 magnitudinis
997 4706 1050 4759 in
1075 4707 1231 4762 caelis
1253 4708 1335 4760 "‘P
1360 4727 1378 4759 ι
1413 4706 1548 4762 Nam
1579 4710 1689 4779 ipse
1721 4711 2020 4780 impatibile
2047 4715 2175 4771 illud

586 4808 654 4846 ex
686 4792 796 4848 Deo
830 4793 991 4851 Patre
1022 4795 1282 4864 Verbum,
1313 4799 1489 4854 cuivis
1522 4801 1708 4872 utique
1754 4814 2005 4871 apertum
2043 4817 2126 4862 est
2155 4829 2168 4863 :

586 4896 804 4949 passum
841 4899 970 4940 vero
999 4901 1164 4940 carne
1195 4901 1293 4955 pro
1324 4889 1480 4944 nobis
1514 4890 1627 4960 ipsa
1663 4908 1764 4947 vox
1797 4895 2171 4967 theologorum

587 4989 715 5029 vere
742 4975 848 5030 dici
887 4977 1247 5034 confirmabit.
1276 4978 1429 5044 Quod
1459 4982 1504 5036 si
1542 4983 1633 5037 Dei
1662 4981 1900 5042 Verbum
1935 4989 2118 5046 aufers
2141 5005 2171 5046 a

590 5073 805 5120 terreno
841 5082 1090 5135 corpore,
1137 5070 1388 5124 universa
1433 5073 1499 5127 ad
1547 5074 1772 5132 nihilum
1821 5081 2109 5136 concident
2155 5102 2168 5137 :

589 5171 711 5210 nam
751 5157 798 5212 si
845 5158 1007 5212 homo
1046 5160 1221 5215 factus
1268 5176 1372 5217 non
1405 5173 1512 5228 est,
1561 5181 1629 5220 ne
1659 5178 1906 5225 mortuus
1949 5173 2168 5242 quidem

587 5256 672 5301 est
695 5262 792 5315 pro
822 5249 1007 5315 nobis;
1043 5259 1096 5304 et
1119 5251 1164 5304 si
1200 5253 1361 5308 morti
1393 5257 1671 5325 proprium
1707 5274 1904 5328 corpus
1935 5279 2041 5319 non
2073 5267 2169 5320 de-

590 5340 685 5401 dit,
721 5341 992 5408 quomodo
1040 5342 1238 5398 dicitur
1283 5345 1681 5417 primogenitus
1705 5366 1773 5406 ex
1809 5355 2037 5411 mortuis
2083 5357 2129 5388 "
2153 5357 2175 5398 ?

593 5429 732 5499 Ergo
755 5445 931 5497 neque
957 5442 1200 5490 mortuus
1226 5447 1329 5504 est,
1357 5454 1529 5509 neque
1555 5441 1668 5512 89
1689 5447 1984 5500 resurrexit
2012 5447 2172 5503 Chri-

592 5531 729 5575 stus.
777 5519 1007 5578 Prodeat
1041 5539 1172 5596 ergo
1217 5528 1271 5581 in
1324 5531 1558 5586 medium
1610 5535 1800 5588 beatus
1838 5533 2058 5602 Paulus,
2115 5550 2170 5594 et

593 5611 788 5668 clamet
823 5627 886 5669 ac
917 5617 1100 5672 dicat:
1144 5637 1164 5670 ι
1195 5621 1249 5675 Si
1276 5623 1472 5678 mortui
1507 5640 1612 5678 non
1651 5641 1956 5697 resurgunt,
1996 5647 2169 5700 neque

595 5704 844 5760 Christus
891 5711 1215 5778 resurrexit;
1263 5729 1396 5768 vana
1445 5725 1528 5770 est
1577 5717 1708 5772 lides
1743 5731 1944 5785 vestra,
1991 5723 2166 5779 adhuc

663 5890 708 5923 ’³
746 5889 845 5946 lsa.
884 5907 997 5958 Lni,
1032 5892 1096 5959 9;
1137 5895 1152 5948 l
1192 5895 1332 5956 Pctr.
1370 5911 1430 5966 ιι,
1459 5895 1548 5949 ΕΞ.

2275 4713 2388 4776 τοῖς
2413 4713 2690 4783 οὐρανοῖς.
2725 4731 2745 4765 ι
2775 4715 2898 4768 Ὅτι
2927 4715 3026 4785 μέν
3057 4716 3166 4787 γάρ
3189 4717 3407 4787 ἀπαθὴς
3441 4721 3470 4771 6
3500 4720 3570 4772 ἐκ
3597 4719 3734 4772 Θεοῦ
3766 4718 3868 4769 Πα-

2274 4805 2404 4876 τρὸς
2435 4805 2629 4873 Λόγος,
2665 4806 2831 4860 παντί
2882 4824 2987 4859 που
3013 4808 3171 4876 δῆλον
3215 4807 3281 4862 ἂν
3325 4809 3411 4881 εἴη
3449 4811 3758 4882 δήπουθεν
3792 4810 3868 4862 ὅτι

2273 4892 2333 4946 δέ
2361 4893 2630 4948 πέπονθεν
2663 4896 2805 4966 ὑπὲρ
2848 4895 3010 4966 ἡμῶν
3040 4897 3229 4967 σαρκὶ,
3275 4903 3696 4970 κατασφραγιεῖ
3743 4897 3870 4969 πρὸς

2271 4984 2534 5055 ἀλήθειαν
2556 4985 2720 5055 ἡτῶν
2749 4986 3034 5057 Θεηγόρων
3060 4990 3232 5057 φωνή.
3259 4988 3320 5040 El
3357 4988 3416 5041 δὲ
3442 4991 3756 5063 ἀποφέρεις
3777 4989 3871 5042 αὑ-

2271 5079 2362 5142 τὸς
2391 5079 2632 5146 ἐπιγείου
2677 5079 2929 5149 σώματος
2956 5081 3048 5132 τὸν
3088 5081 3151 5133 ἐκ
3187 5081 3324 5133 Θεοῦ
3351 5082 3555 5150 Λόγον,
3596 5081 3871 5153 οἰχήσεταί

2275 5186 2357 5223 σοι
2391 5169 2452 5223 τὸ
2482 5169 2702 5240 σύμπαν
2736 5171 2815 5232 είς
2847 5170 2910 5222 τὸ
2941 5170 3137 5240 μηδέν’
3172 5173 3220 5223 εἰ
3254 5171 3365 5242 γὰρ
3401 5174 3478 5243 μὴ
3526 5175 3754 5243 γέγονεν
3781 5173 3871 5226 ἄν-

2273 5262 2534 5333 θρωπος,¹
2563 5262 2683 5316 οὐδὲ
2726 5261 2996 5317 ἀπέθανεν
3051 5265 3192 5334 ὑπὲρ
3221 5265 3378 5334 ἡμῶν
3400 5281 3414 5296 ’
3451 5266 3552 5318 καὶ
3600 5269 3650 5319 εί
3683 5266 3756 5336 μὴ
3785 5263 3871 5316 δέ·

2271 5355 2412 5408 δωκε
2438 5354 2516 5425 τῷ
2562 5356 2777 5426 Θανάτῳ
2809 5356 2868 5408 τὸ
2905 5355 3034 5409 ἴδιον
3085 5357 3266 5425 σῶμα,
3295 5356 3416 5420 πῶς
3459 5355 3606 5411 εἶναι
3659 5359 3871 5426 λέγεται

2278 5447 2622 5516 πρωτότοκος
2647 5449 2709 5498 ἐκ
2737 5446 2976 5514 νεκρῶν;
3014 5445 3223 5499 Οὐκοῦν
3258 5446 3382 5498 οὔτε
3415 5449 3720 5528 ἀπέθανεν,
3752 5444 3868 5498 οὔτε

2276 5536 2478 5590 ἀνεϐίω
2523 5538 2779 5609 Χριστός.
2818 5539 2944 5590 Ἵτω
2977 5537 3038 5608 δὴ
3069 5533 3158 5590 οὖν
3198 5539 3278 5602 είς
3309 5536 3482 5608 μέσον
3520 5542 3550 5592 ὁ
3588 5540 3868 5598 θεσπέσιος

2277 5629 2508 5694 Παῦλος,
2567 5631 3011 5700 ἀνακεκραγέτω,
3067 5629 3272 5696 λέγων’
3327 5649 3343 5680 ι
3396 5631 3462 5684 Εἰ
3524 5631 3712 5700 νεκροὶ
3775 5629 3866 5681 οὐκ

2276 5724 2600 5792 ἐγείρονται,
2637 5723 2755 5776 οὺδέ
2811 5723 3039 5792 Χριστος
3083 5722 3417 5792 ἐγήγερταιο
3452 5725 3502 5775 εἰ
3539 5723 3597 5775 δὲ
3641 5719 3866 5793 Χριστὸς

1627 5898 1671 5932 9"
1710 5897 1810 5953 lsa.
1841 5914 1932 5964 vti,
1975 5899 2056 5964 l5,
2098 5902 2182 5956 l6.
2259 5901 2302 5934 ⁹⁵
2346 5898 2510 5955 Hebr.
2548 5914 2662 5964 vui,
2691 5899 2739 5953 1.
2817 5900 2863 5932 ⁸⁸
2899 5897 3105 5954 Coloss.
3141 5914 3176 5962 ι,
3217 5897 3300 5953 18.
