4150 6434
3521 453 3619 507 138

323 580 425 633 οὐκ
483 577 813 648 ἐγήγερται,
864 579 1074 649 ματαία
1127 579 1161 649 ἡ
1198 578 1379 642 πίστις
1433 578 1621 650 ὑμῶν·
1679 579 1759 632 ἔτι
1811 579 1930 632 ἐστὲ

2037 579 2168 633 estis
2200 579 2250 633 in
2296 578 2532 649 peccatis
2570 577 2782 631 vestris.
2831 573 2974 644 Ergo
3029 573 3122 641 qui
3170 571 3509 624 dormierunt
3564 568 3618 620 in

321 675 380 727 ἐν
403 675 525 735 ταῖς
564 671 872 742 ἁμαρτίαις
893 671 1072 742 ὑμῶν.
1108 667 1254 742 *Αρα
1288 673 1382 726 καὶ
1409 673 1457 724 οἱ
1482 671 1835 743 κοιμηθέντες
1869 672 1928 726 ἐν

2033 668 2272 736 Christo,
2322 669 2601 737 perierunt
2622 666 2761 719 "?»
2811 663 2916 720 Sed
2969 661 3263 717 resurrexit
3298 659 3545 714 Christus
3587 673 3617 711 a

324 765 550 837 Χριστῷ
608 764 930 829 ἀπώλοντο;
978 785 996 816 ι
1047 765 1187 818 Ἀλλ’
1233 766 1530 836 ἐγήγερται
1583 765 1818 834 Χριστὸς
1864 765 1928 817 ἐκ

2037 762 2286 826 mortuis,
2315 763 2436 830 quia
2470 761 2672 814 factum
2701 767 2784 813 est
2813 759 2976 812 homo
3007 754 3135 807 illud
3165 752 3497 819 unigenitum
3523 749 3616 802 Dei

329 858 568 929 νεκρῶνο
602 857 804 926 γέγονε
834 858 944 928 γὰρ
984 857 1272 927 ἄνθρωπος
1297 861 1324 912 ὁ
1360 858 1651 929 μονογενὴς
1674 857 1768 910 τοῦ
1791 855 1926 910 Θεοῦ

2035 853 2297 917 Verbum,
2333 861 2406 915 et,
2448 859 2664 920 sumpto
2697 859 2915 903 terreno
2941 859 3171 914 corpore
3206 845 3465 911 unitoque
3515 840 3616 893 sibi

333 949 523 1016 Λόγος,
561 949 660 1001 καὶ
689 949 884 1018 γήϊνον
913 947 1074 1018 σῶμα
1103 947 1304 1010 λαϐὼν,
1329 949 1536 1011 ένώσας
1561 965 1620 1000 τε
1645 946 1766 1001 καθ’
1793 946 1927 1000 ὑπό-

2032 946 2330 1000 secundum
2383 944 2743 1014 hypostasim,
2786 941 2961 1011 gratia
3019 939 3137 1001 Dei,
3173 936 3313 990 sicut
3357 934 3617 1001 scriptum

336 1061 521 1096 στασιν
568 1042 770 1112 ἐαυτῷ,
809 1042 994 1112 χάριτι
1035 1040 1191 1106 Θεοῦ,
1239 1042 1380 1096 κατὰ
1410 1040 1472 1094 τὸ
1517 1040 1926 1110 γεγραμμένον,

2035 1042 2142 1099 est,
2175 1049 2271 1103 pro
2299 1035 2549 1088 omnibus
2584 1033 2818 1102 gustavit
2844 1037 3074 1083 mortem
3101 1043 3115 1078 :
3144 1024 3316 1078 factus
3341 1031 3423 1076 est
3455 1022 3618 1075 etiam

2036 1126 2290 1196 primitiae
2317 1124 2704 1180 dormientium
2726 1120 2796 1190 ",
2825 1137 2948 1177 cum
2988 1116 3380 1174 resurrexisset
3410 1129 3439 1167 a
3475 1127 3622 1167 mor-

2039 1218 2166 1272 tuis.
2202 1217 2385 1272 Firma
2422 1215 2608 1286 igitur,
2651 1231 2758 1270 non
2794 1228 2932 1267 vana
2957 1220 3039 1266 est
3066 1210 3175 1279 jam
3227 1207 3361 1261 lides
3407 1213 3616 1268 nostra,

2035 1323 2198 1379 quam
2243 1307 2389 1363 velut
2427 1308 2720 1362 anchoram
2776 1305 3038 1360 habemus
3093 1301 3285 1354 animae
3335 1307 3505 1352 tutam
3557 1310 3622 1348 ac

2033 1401 2266 1463 ﬁrmam,
2300 1408 2358 1453 ut
2421 1407 2504 1454 est
2533 1398 2588 1453 in
2637 1398 2809 1454 sacris
2841 1396 3062 1451 Litteris
3084 1393 3152 1442 θ’.
3187 1391 3306 1446 Jam
3345 1404 3469 1444 vero
3495 1403 3619 1442 cum

2031 1493 2147 1548 haec
2172 1491 2392 1557 dixerit,
2420 1501 2476 1546 et
2513 1492 2566 1546 in
2599 1492 2848 1560 dogmata
2888 1487 3135 1543 veritatis
3167 1485 3618 1551 intemperantem

2031 1581 2502 1638 etexsecrandnm
2531 1582 2584 1636 in
2621 1581 2816 1651 primis
2848 1581 3106 1634 vomitum
3152 1575 3420 1637 elTuderit,
3461 1572 3617 1640 quasi

2033 1673 2181 1728 nullo
2208 1673 2367 1728 modo
2397 1674 2632 1727 rationes
2667 1672 2811 1726 illius
2843 1686 2964 1725 cum
3000 1683 3162 1721 carne
3199 1664 3618 1735 dispensationis

2032 1766 2310 1831 violasset,
2333 1765 2401 1838 ad
2429 1765 2586 1818 aliam
2611 1763 2901 1827 insaniam,
2939 1761 3046 1816 imo
3073 1774 3206 1815 vero
3233 1766 3480 1828 apertam
3519 1754 3619 1808 im-

2033 1861 2289 1930 pietatem
2319 1858 2536 1924 transit,
2561 1866 2615 1912 et
2651 1857 2765 1911 ait:

323 459 424 516 157
1405 457 1781 515 ADVERSUS
1820 458 2222 516 NESTODIUM
2260 459 2387 517 LIB.
2433 459 2520 514 IlI.

332 1137 472 1207 ὑπὲρ
498 1135 707 1197 παντὸς
733 1133 1004 1202 ἐγεύσατο
1029 1133 1262 1188 θανάτου
1283 1151 1297 1164 ο
1331 1132 1706 1202 κεχρημάτικε
1740 1131 1797 1184 δὲ
1832 1130 1930 1184 καὶ

329 1228 559 1297 ἀπαρχὴ
593 1229 706 1279 τῶν
737 1226 1180 1295 κεκοιμημένων,
1207 1224 1581 1295 ἐγηγερμένος
1606 1223 1670 1277 ἐκ
1693 1221 1925 1292 νεκρῶν.

340 1315 623 1387 ’Δσφαλὴς
661 1311 756 1369 οὖν
805 1315 914 1384 ἄρα
944 1315 1037 1368 καὶ
1075 1314 1136 1367 ού
1187 1313 1389 1384 ματαία
1441 1312 1625 1365 λοιπὸν
1663 1313 1696 1382 ή
1746 1311 1929 1374 πίστις

322 1411 355 1478 ἡ
367 1408 511 1478 μῶν,
545 1410 615 1476 ἢν
640 1407 721 1470 ὠς
758 1408 1008 1477 ἄγκυραν
1037 1406 1232 1476 ἔχομεν
1266 1405 1366 1474 τῆς
1397 1404 1576 1474 ψυχῆς
1613 1403 1831 1473 ἀσφαλῆ
1871 1420 1931 1456 τε

319 1500 420 1550 καὶ
463 1497 721 1567 βεϐαίαν,
756 1497 900 1551 κατὰ
942 1498 1002 1550 τὸ
1032 1496 1442 1567 γεγραμμένον.
1474 1495 1684 1565 Ὥσπερ
1708 1494 1763 1546 δὲ
1810 1495 1931 1547 κατ’

316 1592 522 1645 οὐδένα
551 1591 759 1661 τρόπον
784 1589 1068 1660 ἠδικηκὼς
1099 1590 1199 1660 τῆς
1231 1588 1369 1662 μετὰ
1398 1589 1600 1658 σαρκὸς
1620 1589 1932 1658 οἰκονομίας

317 1684 453 1746 τοὺς
480 1683 705 1750 λόγους,
736 1681 828 1736 διά
856 1699 920 1750 γε
968 1682 1064 1735 τοῦ
1113 1683 1278 1750 φάναι
1323 1681 1502 1745 ταυτὶ,
1536 1681 1631 1733 καὶ
1674 1679 1782 1732 τῶν
1832 1680 1930 1750 τῆς

321 1774 592 1843 ἀληθείας
625 1774 917 1842 δογμάτων
967 1773 1184 1844 ἀκρατῆ
1214 1791 1274 1826 τε
1296 1773 1392 1826 καὶ
1414 1757 1799 1844 βδελυρότατον
1831 1789 1926 1824 κα-

325 1865 521 1932 ταχέαι
564 1863 661 1916 τὸν
691 1863 906 1932 ἔμετον,
947 1863 1035 1931 ἐφ’
1083 1863 1277 1933 ἑτέραν
1317 1861 1538 1931 ἔρχεται
1581 1857 1926 1924 δυσϐουλίαν,

331 1955 535 2023 μᾶλλον
566 1954 627 2007 δὲ
659 1953 980 2007 δυσσέϐειαν
1019 1955 1247 2025 ἐναργῆ,
1281 1954 1376 2006 καί
1402 1969 1567 2024 φησιν
1586 1969 1600 1984 ο

402 2046 424 2116 [
455 2047 653 2108 Ὀντος
687 2040 783 2098 οὖν
822 2047 955 2116 ἡμῖν
985 2022 1179 2097 τούτου
1217 2022 1388 2115 μόνου
1434 2022 1755 2115 ἀρχιερέως,
1787 2059 1928 2111 συμ-

2101 2036 2368 2109 [Νιεετοιι.
2402 2035 2535 2091 Cum
2563 2033 2726 2104 igitur
2759 2031 2908 2087 solus
2949 2030 3034 2085 hic
3081 2026 3238 2083 nobis
3276 2035 3348 2080 snt
3377 2022 3616 2094 pontifex

330 2139 563 2202 πειθοῦς,
605 2140 702 2192 καὶ
751 2137 1072 2206 συγγενοῦς,
1110 2137 1202 2191 καὶ
1236 2137 1480 2208 βεϐαίου,
1516 2139 1614 2205 τῆς
1652 2137 1730 2198 εἰς
1765 2134 1928 2187 αὑτὸν

2031 2131 2365 2195 misericors,
2397 2138 2449 2182 et
2475 2135 2752 2196 cognatus,
2783 2133 2837 2179 et
2863 2124 3076 2186 ﬁrmus,
3100 2129 3287 2174 cavete
3313 2134 3380 2172 ne
3407 2117 3472 2170 ab
3498 2115 3617 2186 ejus

343 2232 422 2302 μὴ
491 2229 910 2301 παρατρέπεσθε
974 2229 1243 2293 πίστεως⁹
1291 2229 1452 2291 αὐτὸς
1502 2226 1612 2298 γὰρ
1670 2228 1801 2296 ἡμῖν
1831 2226 1929 2295 τῆς

2031 2223 2133 2276 lide
2165 2219 2544 2276 dimoveamini
2575 2237 2588 2272 :
2624 2217 2740 2287 ipse
2774 2228 3008 2283 namque
3031 2213 3186 2267 nobis
3219 2211 3500 2280 promissae
3529 2209 3620 2262 be-

341 2323 761 2393 ἐπηγγελμένης
788 2321 1043 2390 εὐλογίας
1073 2323 1139 2375 ἐκ
1174 2321 1488 2393 σπέρματος
1523 2318 1773 2390 Ἀϐραὰμ
1825 2319 1930 2371 ἀπ-

2031 2313 2357 2368 nedictionis
2380 2327 2446 2365 ex
2472 2311 2679 2366 semine
2705 2307 2974 2363 Abraham
3005 2313 3087 2359 est
3113 2304 3331 2368 missus,
3361 2311 3615 2368 tanquam

335 2390 568 2486 εστάλη,
594 2390 679 2479 ὧς
714 2390 870 2486 -ὑπὲρ
923 2415 1122 2469 ἑαυτοῦ
1153 2415 1247 2468 κοιλ⁸
1281 2390 1386 2467 *τοῦ
1438 2413 1650 2482 γένους,
1686 2412 1786 2484 τὴν
1832 2409 1926 2464 τού

2031 2423 2128 2479 pro
2160 2407 2339 2476 seipso
2369 2413 2424 2459 et
2453 2419 2552 2474 pro
2578 2416 2777 2474 genere
2802 2413 2901 2455 suo
2931 2395 3179 2467 corporis
3204 2394 3287 2450 sui
3341 2390 3616 2446 victimam

329 2505 589 2577 σώματος
624 2505 819 2562 θυσίαν
852 2504 1318 2575 συνεπαγόμενος.
1349 2502 1372 2575 ]

2031 2499 2191 2556 simul
2219 2497 2472 2554 atferens.
2500 2494 2522 2569 ]

941 2614 1194 2668 ΚΕΦΑΛ.
1235 2615 1312 2667 Ε’.

405 2703 710 2774 Ἀρχιερέα
743 2704 924 2758 τοίνυν
968 2706 1101 2775 ἡμῖν
1145 2704 1408 2774 συμπαθῆ
1457 2721 1517 2758 τε
1552 2705 1645 2758 καὶ
1686 2703 1926 2774 συγγενῆ

316 2797 416 2849 aui.
459 2797 708 2866 βέϐαιον,
749 2797 846 2849 καὶ
888 2796 1116 2866 προσέτι
1162 2796 1321 2864 μόνον
1369 2798 1576 2849 ἐκεῖνον
1611 2794 1749 2851 εἶναι
1797 2797 1926 2865 φὴς,

319 2892 380 2943 ὃν
413 2888 632 2960 ἀρτίως
665 2889 798 2958 ἡμῖν
823 2889 853 2940 ό
882 2889 973 2950 σὸς
1005 2888 1253 2960 ἐναργῶς
1281 2888 1540 2955 διεδίδαξε
1567 2888 1724 2956 λόγος
1745 2905 1760 2920 ·
1791 2887 1928 2957 ἔφης

321 2980 430 3049 γάρ
452 2996 467 3006 ·
509 2978 750 3047 Σπέρμα
783 2977 1036 3049 Ἀϐραὰμ
1057 2980 1085 3031 ό
1111 2978 1239 3048 χθὲς
1265 2979 1359 3032 καὶ
1390 2978 1632 3048 σήμερον
1659 2976 1802 3030 κατὰ
1827 2979 1928 3046 τὴν

2693 2607 2847 2663 CAP.
2886 2605 2951 2660 ν.

2100 2707 2243 2776 Ergo
2281 2703 2603 2759 Pontiﬁcem
2645 2698 3079 2760 misericordem,
3116 2703 3172 2750 et
3210 2699 3530 2762 cognatum,
3561 2696 3618 2742 et

2027 2798 2264 2863 ﬁrmum,
2312 2806 2366 2851 et
2416 2806 2679 2866 praeterea
2725 2792 2921 2858 solum,
2969 2791 3120 2844 illum
3163 2799 3284 2842 esse
3331 2785 3412 2839 ais
3453 2795 3617 2852 quem

2029 2899 2199 2960 n'uper
2223 2889 2376 2944 nobis
2394 2899 2581 2959 aperte
2605 2899 2691 2940 tua
2717 2884 2956 2941 ostendit
2981 2881 3156 2937 oratio
3179 2895 3195 2943 ;
3221 2876 3402 2932 dixisti
3431 2874 3574 2929 enim
3601 2889 3614 2924 :

2030 2982 2224 3038 Semen
2255 2983 2530 3038 Abraham
2581 2979 2669 3032 ille
2700 2977 2817 3031 heri
2850 2983 2900 3030 et
2943 2973 3104 3028 hodie
3135 2971 3287 3040 juxta
3332 2965 3483 3021 Pauli
3524 2977 3620 3018 vo-

319 3071 412 3125 τοῦ
467 3070 696 3124 Παύλου
725 3071 946 3140 φωνήν
979 3071 1078 3140 οὐχ
1120 3071 1148 3123 ὁ
1197 3070 1401 3138 λέγων·
1439 3088 1458 3120 σ
1505 3070 1640 3139 Πρὶν
1679 3069 1929 3139 Ἀϐραὰμ

2031 3090 2144 3130 cem
2166 3077 2206 3140 ⁸,
2227 3090 2331 3129 non
2359 3074 2446 3128 ille
2465 3073 2555 3142 qui
2578 3069 2751 3124 dixit:
2779 3087 2797 3120 ι
2817 3067 3123 3134 Antequam
3144 3061 3414 3116 Abraham
3444 3057 3616 3117 ﬂeret,

317 3162 584 3232 γενέσθαι
616 3163 731 3231 ἐγώ
755 3164 873 3232 είμι
891 3179 904 3192 ·
920 3181 939 3214 ›
966 3164 1153 3233 ὅμοιος
1175 3164 1290 3224 τοῖς
1308 3161 1555 3229 ἀδελφοῖς
1572 3159 1715 3213 κατὰ
1729 3161 1925 3225 πάντα,

2031 3184 2128 3238 ego
2171 3183 2289 3223 sum
2317 3169 2373 3233 ²;
2407 3186 2426 3219 ι
2464 3165 2662 3221 similis
2697 3161 2960 3216 fratribus
3007 3171 3104 3226 per
3148 3151 3370 3208 omnia‘
3411 3149 3500 3204 ille
3526 3146 3617 3214 qui

312 3261 344 3312 ὁ
371 3257 560 3328 duxti;
611 3256 968 3327 ἀνθρωπίνης
1006 3255 1104 3310 καὶ
1138 3256 1342 3326 σαρκὸς
1376 3253 1664 3308 ἀναλαϐὼν
1706 3252 1930 3321 ἀδελφό-

2031 3235 2226 3318 anime
2263 3262 2513 3316 humanae
2543 3257 2836 3323 carnisque
2872 3248 3271 3307 fraternitatem
3299 3235 3616 3308 assumpsit;

312 3368 492 3422 τητα·
521 3350 627 3420 οὐχ
655 3351 684 3403 ό
721 3349 898 3417 λέγων
919 3365 933 3380 ·
971 3367 990 3399 ι
1038 3349 1096 3402 '0
1126 3346 1388 3419 ἑωρακὼς
1429 3347 1550 3416 ἐμὲ,
1594 3347 1807 3418 ἑώρακε
1833 3346 1926 3399 τὸν

2031 3373 2141 3412 non
2169 3355 2259 3425 qui
2302 3353 2434 3408 dicit
2459 3367 2474 3405 :
2518 3368 2537 3401 ι
2567 3347 2670 3415 Qui
2699 3346 2834 3401 vidit
2863 3359 2971 3408 me,
3002 3341 3140 3395 ’vi'dit
3168 3347 3222 3394 et
3248 3337 3464 3390 Patrem
3491 3331 3513 3363 ⁸
3539 3349 3552 3386 :
3593 3349 3612 3382 ι
3685 3343 3708 3354 ί

314 3446 583 3516 Πατέρα·
633 3463 654 3496 ι
687 3442 968 3514 ἀπεστάλη
1018 3445 1046 3496 ό
1076 3445 1209 3514 ἡμῖν
1254 3440 1560 3512 ὁμοούσιος,
1597 3441 1692 3495 καὶ
1739 3439 1924 3508 κέκρι-

317 3555 446 3590 nat
500 3535 808 3606 κηρύσσων
861 3534 1232 3605 αἰχμαλώτοις
1279 3533 1504 3601 ἄφεσιν,
1553 3533 1648 3586 καὶ
1700 3531 1925 3600 τυφλοῖς

315 3628 654 3696 ἀνάϐλεψιν.
701 3621 873 3690 Οὗτος
919 3621 1013 3680 οὖν
1043 3627 1153 3696 ἀρα
1187 3624 1280 3679 καὶ
1335 3624 1603 3694 συγγενὴς
1631 3623 1698 3677 ἂν
1754 3625 1926 3676 νοοῖτο

313 3722 436 3781 τοῖς
465 3721 565 3772 ἐπὶ
594 3719 703 3788 τῆς
722 3719 846 3789 γῆς,
892 3719 986 3772 καὶ
1013 3719 1112 3789 οὐχ
1139 3719 1214 3782 ὡς
1250 3718 1314 3771 σὺ
1351 3717 1476 3788 φὴς,
1502 3718 1530 3769 ό
1554 3717 1728 3784 λέγων
1749 3735 1763 3748 ο
1793 3734 1811 3767 ι
1867 3716 1926 3768 '0

318 3812 598 3882 ἑωρακὼς
644 3812 772 3879 ἐμὲ,
803 3809 1015 3882 ἑώρακε
1050 3811 1142 3863 τὸν
1173 3811 1413 3880 Πατέρα.
1437 3829 1455 3860 ι
1485 3811 1548 3863 Ei
1577 3810 1677 3879 μὲν
1706 3809 1814 3879 γὰρ
1847 3809 1928 3870 είς

317 3904 382 3958 ἓν
409 3905 588 3974 ἄμφω
616 3901 896 3970 συλλέγων
925 3902 1046 3955 καθ’
1067 3902 1260 3955 ἕνωσιν
1281 3899 1480 3971 ἀληθῆ,
1501 3901 1598 3954 ἕνα
1623 3899 1740 3970 μεθ’
1770 3898 1926 3970 ἡμῶν

323 3999 614 4067 ὁμολογεῖς
674 3996 826 4061 Υίὺν,
859 3994 1167 4064 πεποίηκας
1201 3994 1378 4064 μάτην
1430 3993 1538 4062 ἰδίᾳ
1585 4009 1646 4044 τε
1682 3991 1775 4043 καὶ
1822 3989 1927 4044 ἀνὰ

337 4091 493 4160 μέρος
527 4089 800 4158 ἑκάτερον
842 4087 1156 4158 ἀποφέρων,
1187 4084 1518 4139 ύποστάσεσί
1545 4101 1604 4138 τε
1633 4082 1729 4136 καὶ
1756 4098 1928 4152 προσ-

333 4179 497 4244 ὡπις
546 4179 767 4242 διιστὰς
795 4179 1144 4250 ἀλλοτρόπως
1163 4195 1176 4208 ·
1211 4177 1332 4247 οὐχὶ
1360 4176 1420 4230 τὺ
1452 4174 1562 4247 [ton
1597 4173 1700 4245 τῷ]
1726 4173 1930 4226 εἰδέναι

334 4273 492 4340 μόνον
515 4273 603 4324 ὅτι
632 4270 842 4341 σαρκὸς
898 4269 995 4338 μὲν
1039 4268 1200 4338 φύσις
1230 4270 1392 4339 ἑτέρα
1428 4268 1579 4337 παρά
1623 4267 1724 4334 τὴν
1753 4264 1926 4329 θείαν,

328 4364 537 4433 συνόδῳ
566 4379 636 4430 γε
678 4362 786 4431 μὴν
820 4363 888 4432 τῇ
921 4360 1043 4414 καθ’
1086 4361 1280 4413 ἕνωσιν
1311 4359 1508 4430 ἀληθῆ,
1552 4358 1659 4412 ἰδία
1704 4357 1929 4426 γέγονεν

323 4453 519 4520 αὐτῆς.
557 4452 623 4504 Εἰ
663 4451 722 4503 δὲ
759 4450 1076 4520 ἀσύμϐατος
1103 4448 1215 4521 [ῖσ.
1245 4447 1584 4520 ἀσύμϐατον]
1624 4449 1756 4518 ἡμῖν
1789 4446 1930 4501 κατά

320 4544 423 4614 τὴν
455 4542 627 4606 δόξαν
661 4541 894 4609 ὁρᾶσθαι
943 4541 1134 4606 θέλων,
1167 4541 1261 4594 καὶ
1299 4539 1734 4612 παραιτούμενος
1789 4553 1926 4592 παν·

319 4636 469 4706 ταχῆ
509 4635 617 4705 τὴν
649 4635 866 4699 ἕνωσιν,
897 4635 1085 4705 ἕτερον
1116 4629 1258 4687 εἶναι
1288 4633 1395 4702 φὴς
1442 4632 1537 4685 καὶ
1563 4631 1751 4702 ἕτερον
1776 4647 1790 4661 ·
1831 4630 1927 4684 καὶ

320 4729 415 4781 τὸν
469 4729 597 4798 μὲν,
627 4730 695 4781 ἐκ
719 4725 857 4779 θεοῦ
899 4725 1263 4796 γεγεννῆσθαι
1296 4723 1542 4793 Πατρόςσ
1573 4723 1666 4776 τὸν
1693 4722 1770 4786 δὲ,
1805 4738 1929 4790 συγ-

321 4818 460 4886 γενῆ
485 4834 550 4870 τε
578 4816 851 4885 ὑπάρχειν
870 4817 1004 4886 ἡμῖν
1025 4817 1122 4868 καὶ
1141 4813 1427 4884 ὁμοούσιον
1447 4829 1460 4843 ⁸
1498 4811 1616 4874 πῶς
1639 4811 1702 4883 δὴ
1730 4810 1926 4881 χρῆναι

325 4911 431 4980 φὴς
460 4911 568 4978 τῆς
595 4910 680 4969 εἰς
712 4907 876 4960 αὐτὸν
909 4908 985 4978 μὴ
1025 4907 1484 4977 παρατρέπεσθαι
1513 4905 1770 4969 πίστεως,
1804 4901 1926 4956 εἰπέ

329 5020 440 5072 μοι,
478 5000 580 5056 καὶ
608 5000 848 5069 συγγενῆ
882 4999 1270 5069 πιστεύσομεν,
1307 4997 1536 5066 ἀφέντες
1559 4995 1650 5049 τὸν
1675 4995 1923 5063 λέγοντα’

331 5113 348 5144 ι
381 5095 526 5163 Πρὶν
569 5090 828 5160 Ἀϐραὰμ
862 5088 1138 5156 γενέσθαι,
1189 5089 1300 5157 ἐγώ
1338 5090 1474 5158 είμι.
1513 5107 1532 5138 ι
1578 5085 1928 5156 Ἐπιγραψὼ-

325 5185 470 5255 μεθα
497 5182 640 5235 Θεὸν
672 5181 765 5235 τὸν
793 5179 975 5250 ψυχῆς
1020 5179 1370 5251 ἀνθρωπίνης
1403 5177 1498 5232 καὶ.
1543 5177 1748 5247 σαρκὸς
1796 5176 1929 5228 ἀνα-

320 5274 568 5328 λαϐόντα
617 5271 758 5340 πρὸς
809 5271 956 5340 ἡμᾶς
1001 5269 1362 5338 ἀδελφότητα,
1413 5267 1679 5335 παρέντες
1713 5264 1802 5318 τὸν
1849 5264 1930 5318 λέ-

320 5382 516 5434 γοντα·
565 5383 584 5414 ‹
642 5362 703 5414 '0
751 5358 1016 5431 ἑωρακὼς
1065 5360 1186 5428 ἐμὲ,
1228 5358 1444 5429 ἑώρακε
1482 5359 1574 5411 τὸν
1621 5355 1861 5427 Πατέρα.
1903 5373 1922 5408 ι

321 5457 527 5511 Καίτοι
570 5454 738 5524 φησὶν
773 5451 972 5513 αὑτός·
1009 5469 1028 5502 ι
1069 5450 1226 5504 Οὕτω
1255 5451 1362 5521 γὰρ
1413 5449 1701 5520 ἠγάπησεν
1738 5452 1768 5502 ό
1796 5449 1930 5513 Θεὸς

321 5551 417 5602 τον
448 5551 682 5618 κόσμον,
713 5545 857 5599 ὥστε
892 5544 986 5598 τὸν
1021 5544 1150 5599 Υἰὸν
1179 5543 1347 5599 αὑτοῦ
1377 5544 1470 5598 τὸν
1500 5545 1763 5616 μονογενῆ
1806 5542 1931 5596 ἔδωο

2027 3449 2225 3504 missus
2254 3454 2338 3500 est
2366 3444 2456 3498 ille
2486 3441 2644 3498 nobis
2677 3432 3180 3495 consubstantialis,
3213 3437 3268 3484 et
3305 3433 3499 3480 unctus
3534 3430 3620 3476 est

2025 3539 2324 3609 praedicans
2354 3534 2584 3605 captivis
2633 3532 2938 3586 libertatem
2964 3567 2978 3592 ,
3021 3534 3078 3582 et
3119 3523 3279 3578 cacis
3326 3519 3499 3572 visum
3521 3516 3566 3571 ⁸.
3592 3533 3612 3566 ι

2028 3607 2126 3684 iiic
2151 3643 2278 3698 ergo
2300 3627 2466 3681 etiam
2494 3633 2761 3694 cognatus
2791 3617 3110 3687 intelligitur
3141 3614 3228 3669 his
3257 3611 3348 3682 qui
3383 3611 3436 3662 in
3459 3607 3619 3662 terris

2027 3733 2176 3787 sunt,
2210 3736 2318 3775 non
2353 3729 2412 3773 ut
2453 3727 2505 3772 tu
2563 3716 2782 3781 asseris,
2822 3713 2911 3769 ille
2942 3712 3035 3782 qui
3076 3708 3207 3764 dicit
3247 3724 3260 3760 :
3301 3724 3320 3757 ι
3348 3703 3449 3769 Qui
3487 3701 3619 3755 vidit

2029 3828 2137 3878 me,
2171 3812 2310 3866 vidit
2351 3817 2406 3864 et
2451 3807 2693 3864 Patrem.
2730 3823 2750 3859 ι
2788 3805 2924 3860 Nam
2968 3802 3014 3857 si
3057 3810 3343 3866 utrumque
3372 3795 3426 3849 in
3453 3807 3616 3847 unum

2027 3921 2124 3976 per
2149 3919 2332 3960 veram
2357 3903 2610 3958 unionem
2635 3895 2960 3966 colligendo,
2988 3907 3154 3946 unum
3181 3889 3463 3944 nobiscum
3487 3897 3620 3938 con-

2029 3997 2200 4052 ﬁteris
2231 3995 2397 4049 Deum
2441 3991 2665 4057 Filium,
2711 3986 2886 4042 fecisti
2931 3995 3135 4039 temere
3175 3990 3234 4035 ut
3272 3977 3523 4047 privatim
3553 3989 3618 4029 ac

2029 4088 2258 4144 seorsim
2301 4085 2624 4140 alterutrum
2670 4079 3015 4148 adjungeres,
3056 4080 3110 4129 et
3149 4068 3536 4144 bypostasibus
3562 4075 3618 4121 ct

2030 4177 2278 4249 personis
2308 4175 2526 4228 diverso
2557 4171 2717 4226 modo
2751 4166 3139 4234 distingueres,
3185 4175 3288 4214 non
3330 4166 3390 4211 ut
3417 4153 3620 4210 intelli-

2031 4247 2187 4338 _geres
2229 4262 2606 4318 tantummodo
2646 4258 2807 4312 aliam
2848 4255 3064 4324 quidem
3123 4265 3248 4306 esse
3295 4247 3478 4302 carnis
3521 4260 3619 4298 na-

2032 4335 2209 4412 turam
2238 4368 2268 4408 a
2295 4353 2499 4412 divina.
2535 4349 2628 4404 sed
2657 4361 2752 4416 per
2775 4358 2959 4399 veram
2989 4342 3244 4396 unionem
3271 4352 3390 4393 esse
3422 4335 3618 4390 iactam

2032 4448 2174 4504 illius
2215 4443 2515 4516 propriam.
2549 4439 2646 4495 Sin
2678 4435 2851 4493 videri
2898 4435 3122 4490 studens
3149 4431 3299 4485 nullo
3331 4427 3490 4482 modo
3517 4440 3618 4478 no-

2031 4538 2240 4594 biscum
2265 4537 2319 4590 in
2354 4532 2624 4591 sententia
2648 4527 2947 4586 convenire
2977 4525 3077 4596 (1),
3113 4532 3168 4578 et
3203 4522 3405 4589 ubique
3437 4516 3622 4572 unita-

2035 4639 2140 4685 tem
2174 4627 2468 4696 refugiens,
2498 4623 2724 4678 alterum
2754 4630 2918 4688 atque
2969 4617 3196 4670 alterum
3238 4626 3358 4667 esse
3395 4608 3618 4671 asseris,

2033 4730 2088 4778 et
2113 4734 2278 4775 unum
2309 4732 2375 4773 ex
2418 4717 2526 4772 Deo
2568 4713 2680 4784 9o
2727 4711 2888 4765 Patre
2925 4707 3186 4778 genitum,
3232 4703 3464 4758 alterum
3523 4715 3618 4755 co-

2033 4820 2258 4882 gnatum
2285 4823 2406 4865 esse
2434 4807 2592 4861 nobis
2617 4813 2673 4858 et
2701 4797 3252 4860 consubstantialem,
3277 4806 3487 4862 expone
3514 4790 3618 4844 mi-

2032 4905 2111 4968 hi,
2141 4917 2348 4974 quaeso,
2393 4913 2628 4971 quonam
2655 4895 2814 4952 modo
2834 4893 2984 4948 dicas
3004 4905 3110 4944 non
3138 4903 3262 4943 esse
3275 4885 3343 4939 ab
3377 4884 3494 4953 ejus
3516 4882 3622 4936 (ide

2029 4996 2431 5059 declinandum,
2477 5003 2532 5048 et
2574 4996 2860 5061 cognatum
2907 4984 3218 5048 credemus,
3261 4979 3353 5035 illo
3395 4977 3621 5032 dimisso

2033 5089 2125 5156 qui
2170 5089 2247 5142 ait
2285 5104 2300 5143 :
2333 5103 2367 5138 ι.
2385 5088 2691 5153 Antequam
2727 5080 3004 5136 Abraham
3037 5076 3212 5140 fieret,
3267 5087 3368 5141 ego
3419 5084 3562 5123 sum.
3594 5085 3615 5115 ι

2030 5177 2186 5234 Illum
2221 5176 2557 5232 ascribemus
2590 5171 2748 5226 nobis
2798 5169 2968 5224 Deum
3010 5165 3104 5236 qui
3143 5162 3340 5218 animae
3371 5158 3622 5212 humana:

2031 5268 2325 5336 carnisque
2367 5265 2652 5321 nobiscum
2711 5261 3117 5317 fraternitatem
3172 5251 3434 5317 suscepit,
3483 5245 3622 5336 abji~

2031 5333 2251 5414 cientes
2266 5370 2389 5410 eum
2423 5353 2516 5424 qui
2554 5353 2688 5410 dixit
2718 5371 2734 5408 :
2776 5370 2797 5404 ι
2826 5351 2926 5419 Qui
2961 5348 3094 5403 vidit
3125 5359 3234 5407 me,
3267 5341 3401 5394 vidit
3429 5345 3483 5391 ct
3518 5333 3622 5388 Pa-

2034 5459 2208 5516 trem;
2247 5467 2266 5500 ι
2305 5447 2560 5516 quamvis
2605 5445 2722 5515 ipse
2767 5443 2967 5500 dixerit
3007 5456 3021 5493 :
3057 5457 3075 5490 ι
3109 5437 3201 5492 Sic
3249 5433 3391 5487 Deus
3434 5426 3622 5483 dilexit

2040 5540 2323 5606 mundum,
2349 5547 2408 5593 ut
2433 5537 2629 5594 Filium
2658 5550 2813 5592 suum
2852 5531 3188 5601 unigenitum
3223 5526 3395 5590 daret,
3421 5530 3479 5576 ut
3504 5535 3623 5575 om-

399 5690 444 5720 "
466 5687 596 5743 Cor.
621 5704 714 5754 xv,
753 5686 836 5754 16,
872 5683 957 5740 18.
1016 5684 1064 5717 θ’
1103 5683 1124 5738 Ι
1163 5683 1288 5739 Cor.
1325 5698 1404 5746 XI,
1434 5681 1527 5737 20.
1555 5751 1572 5754 _
1603 5683 1650 5714 ⁹⁹
1693 5681 1930 5754 ιιεὺιῃᾲνξ

2037 5680 2092 5736 9.
2172 5679 2188 5710 ⁸
2233 5677 2398 5735 Hebr.
2431 5694 2550 5746 xm,
2587 5675 2642 5732 8.
2719 5677 2740 5709 ²
2779 5671 2937 5730 Joan.
2968 5685 3087 5738 νιιι,
3123 5668 3213 5727 58.
3291 5665 3311 5698 ³
3351 5661 3520 5719 Hebr.
3551 5673 3616 5725 tt,

327 5761 419 5816 17.
496 5761 519 5791 δ
559 5749 718 5815 ,Ιοιιιιζ
756 5749 870 5825 xiv,
899 5755 955 5812 9.
1027 5755 1050 5786 ⁸
1091 5754 1193 5810 lsa.
1220 5769 1333 5820 ιιι,
1375 5755 1426 5818 1,
1457 5754 1521 5818 ‘2;
1552 5751 1683 5808 Luc.
1717 5768 1792 5819 tv,
1831 5749 1918 5818 l8,
1950 5752 2036 5806 t9.

400 5900 479 5970 (l)
517 5895 636 5956 Vel.
677 5895 780 5952 Sin
817 5893 1003 5950 volens
1038 5893 1182 5950 nullo
1212 5893 1372 5951 modo
1403 5892 1542 5949 inter
1568 5906 1625 5949 se
1655 5890 1708 5947 in
1742 5889 1912 5964 gloria
1952 5889 2263 5949 convenire.
