4150 6446
636 480 749 539 139

1637 482 1700 537 5.
1743 478 2015 536 CYRILLI
2055 474 2529 533 ALEXANDRINI
2564 473 2886 533 ARCHIEP.

3806 478 3823 533 l
3833 479 3892 531 [30

639 596 724 651 nis
750 594 840 665 qui
871 595 1046 651 credit
1082 598 1134 653 in
1173 599 1374 668 ipsum,
1414 613 1521 654 non
1550 609 1759 670 pereat,
1790 600 1884 654 sed
1922 599 2116 653 habeat
2156 598 2206 652 vi

2337 614 2457 662 κεν,
2488 597 2576 651 ἵνα
2615 600 2726 662 πᾶς
2759 601 2789 651 6
2835 594 3112 650 πιστεύων
3147 595 3229 659 εἰς
3276 594 3458 662 αὐτὸν,
3505 596 3579 666 μὴ
3625 597 3892 670 ἀπόληται,

642 696 747 740 tam
777 694 1037 741 aeternam
1066 688 1120 755 ’ς
1154 706 1173 739 ι
1198 697 1254 744 et
1278 706 1494 745 rursum
1523 710 1535 745 :
1576 709 1595 743 ι
1615 691 1716 757 Qui
1747 689 1922 744 credit
1952 690 2004 743 in
2031 690 2227 758 ipsum,

639 791 744 829 non
774 776 1082 845 judicatur;
1114 779 1205 848 qui
1241 789 1422 835 autem
1454 796 1559 835 non
1590 781 1782 843 credit,
1810 778 1922 847 jam
1955 778 2230 849 judicatus

636 880 751 933 est,
801 869 926 938 quia
978 886 1083 924 non
1135 872 1367 926 credidit
1414 873 1467 927 in
1522 873 1740 927 nomine
1788 872 2050 941 unigeniti
2103 871 2229 928 Filii

638 958 732 1013 Dei
764 961 807 1013 ".
841 979 861 1012 ι
902 959 1038 1014 Num
1087 976 1217 1032 ergo
1253 963 1485 1017 seorsim
1515 978 1578 1017 ac
1610 963 1760 1019 solus
1793 962 1883 1017 ille
1912 980 1979 1018 ex
2021 964 2229 1019 semine

638 1049 914 1106 Abraham
956 1067 1077 1108 esse
1131 1053 1453 1123 intelligitur
1487 1056 1821 1125 unigenitus,
1872 1070 1993 1110 cum
2042 1065 2229 1126 aperte

641 1143 920 1210 scripserit
950 1143 1186 1200 Joannes
1234 1164 1248 1201 :
1306 1165 1325 1198 ι
1360 1144 1681 1216 Unigenitus
1719 1147 1889 1203 Filius
1929 1149 2019 1218 qui
2057 1159 2141 1204 est
2174 1149 2227 1205 in

640 1232 760 1286 sinu
793 1233 992 1298 Patris,
1020 1236 1109 1291 ille
1136 1238 1414 1291 enarravit
1440 1236 1495 1303 ⁸;
1530 1254 1549 1289 ι
1576 1252 1640 1291 ac
1663 1247 1924 1307 printerea
1952 1238 2054 1292 alia
2086 1255 2225 1308 quo-

638 1338 745 1393 que
770 1338 924 1379 sacra
963 1324 1244 1397 Scriptura
1281 1345 1294 1383 :
1330 1345 1349 1380 ι
1382 1328 1516 1382 Cum
1548 1336 1729 1385 autem
1770 1329 2072 1386 introducit
2104 1331 2226 1388 Pri-

638 1414 971 1482 mogenitum
1006 1417 1059 1472 in
1103 1418 1291 1474 orbem
1320 1429 1479 1474 terrae
1522 1420 1657 1476 dicit
1695 1439 1708 1475 :
1747 1421 1813 1475 Et
1842 1424 2068 1477 adorent
2101 1439 2223 1479 eum

635 1516 827 1557 omnes
858 1505 1032 1575 angeli
1074 1505 1165 1561 Dei
1189 1508 1250 1574 ⁹;
1284 1527 1303 1560 ι
1339 1508 1733 1578 primogenitus
1776 1521 1958 1567 autem
2005 1528 2225 1584 prorsus

634 1605 718 1649 est
760 1595 848 1653 ille
887 1599 1172 1656 in'multis
1218 1601 1502 1668 fratribus,
1541 1620 1647 1659 non
1688 1606 1776 1660 ille
1816 1607 1965 1662 solus
2001 1623 2067 1663 ex
2108 1609 2225 1666 solo

635 1684 746 1741 Deo
772 1702 837 1744 ac
863 1688 1023 1746 Patre
1049 1692 1287 1763 genitus.
1321 1692 1790 1765 Sequimur.enim
1826 1698 2040 1753 interim
2079 1710 2222 1769 tuas,

634 1777 719 1832 vir
761 1781 998 1851 egregie,
1048 1784 1448 1853 distinctiones,
1492 1801 1556 1841 ac
1598 1801 1910 1857 spectamus
1951 1794 2221 1861 consulto,

631 1882 741 1937 quo
772 1873 984 1928 tandem
1011 1877 1171 1931 verba
1205 1879 1517 1935 deveniaut.
1559 1880 1702 1952 Ergo
1747 1883 1889 1953 (jam
1923 1886 2066 1940 enim
2097 1902 2222 1942 ora-

632 1957 834 2014 tionem
876 1963 941 2016 ad
989 1964 1137 2019 initia
1178 1970 1484 2039 revocabo)
1526 1973 1614 2041 qui
1661 1973 1910 2029 humana:
1936 1978 2129 2035 anima:
2169 1990 2225 2036 et

627 2052 811 2107 carnis
836 2053 1238 2113 fraternitatem
1273 2062 1557 2117 nobiseum
1585 2066 1844 2135 suscepit,
1870 2075 1923 2121 et
1954 2076 2114 2125 natus
2135 2083 2224 2127 est

627 2156 695 2196 ex
735 2145 943 2201 semine
980 2150 1277 2218 Abraham,
1331 2154 1377 2207 is
1424 2155 1819 2222 primogenitus
1858 2160 1966 2214 erit
2011 2163 2214 2231 utique,

628 2242 688 2288 ut
716 2234 770 2289 in
803 2237 988 2293 multis
1010 2240 1273 2299 fratribus
1310 2262 1324 2299 :
1353 2246 1443 2300 ille
1475 2262 1601 2303 vero
1631 2249 1682 2302 in
1730 2251 1849 2304 sinu
1896 2253 1987 2306 Dei
2019 2262 2074 2308 et
2112 2253 2219 2308 Pa-

628 2326 757 2389 tris,
789 2330 1099 2399 unigenitus
1150 2334 1295 2391 Deus
1346 2335 1605 2393 Verbum.
1666 2340 1827 2412 Atqui
1886 2360 2006 2400 eum
2061 2361 2217 2402 sacra

628 2416 907 2488 Scriptura
941 2422 1085 2477 dicat
1128 2424 1405 2482 in'Filium
1448 2428 1537 2483 Dei
1572 2431 1907 2499 unigenitum
1943 2452 2064 2493 esse
2093 2453 2214 2494 cre-

624 2505 885 2574 dendum,
923 2524 1028 2578 qua
1063 2512 1130 2568 de
1163 2529 1325 2570 causa
1368 2517 1525 2574 nobis
1559 2529 1848 2590 cognatum
1882 2535 2045 2596 atque
2080 2544 2215 2584 con-

624 2595 1041 2655 substantialem
1081 2618 1202 2658 cum
1244 2613 1618 2678 proposueris,
1651 2614 1786 2669 dicis
1819 2632 1925 2672 non
1960 2595 2215 2689 oportere

623 2685 693 2782 ab
715 2686 833 2756 ejus
865 2690 1124 2782 dimoveri
1159 2694 1309 2751 fide?
1344 2699 1486 2770 Ergo
1511 2718 1735 2761 necesse
1759 2720 1843 2763 est
1885 2685 2214 2782 conjungere

623 2774 680 2829 in
705 2792 870 2833 unum
902 2781 1190 2840 Dominum
1215 2797 1268 2841 et
1299 2787 1598 2857 Christum,
1629 2774 2019 2865 conjunctione
2046 2774 2212 2859 nimi-

621 2880 742 2919 rum
770 2872 1066 2927 secundum
1098 2876 1433 2949 hypostasin,
1472 2892 1530 2938 ut
1560 2885 1611 2939 in
1644 2890 1834 2944 eodem
1879 2892 2213 2965 intelligatur

623 2957 952 3028 unigenitus,
993 2977 1048 3019 et
1076 2968 1470 3037 primogenitus
1530 2976 1669 3031 idem
1698 2995 1711 3044 ;
1756 2995 1822 3035 eo
1856 2986 1997 3052 quod
2033 2957 2207 3055 ipsum

619 3064 684 3104 ex
728 3051 837 3109 Deo
883 3055 1043 3112 Patre
1076 3060 1309 3117 Verbum
1342 3081 1463 3120 cum
1515 3080 1661 3126 esset
1700 3086 1766 3127 ex
1817 3086 2009 3132 natura
2043 3051 2205 3146 Deus,

620 3147 821 3205 factum
853 3164 936 3208 est
969 3155 1132 3212 homo
1164 3163 1337 3217 nostri
1364 3164 1582 3232 similis,
1614 3178 1671 3222 et
1703 3183 1766 3224 ex
1801 3172 2011 3228 semine
2033 3176 2205 3230 Abra-

2333 688 2451 742 ἀλλ⁹
2476 689 2577 761 ἔχῃ
2611 688 2755 761 ζωὴν
2785 687 3035 743 αἰώνιον·
3079 706 3097 740 ι
3146 688 3240 741 καὶ
3280 687 3462 754 πάλιν,
3495 707 3513 739 ι
3561 688 3621 741 '0
3648 690 3896 747 πιστεύων

2332 781 2414 843 εἰς
2440 780 2627 844 αὑτὸν,
2659 781 2722 833 οὑ
2774 781 3058 851 κρίνεται·
3086 781 3114 833 6
3141 779 3199 833 δὲ
3250 778 3324 851 μὴ
3371 778 3660 843 πιστεύων,
3695 781 3790 852 ήδη
3816 784 3895 835 κέ-

2333 888 2515 943 κριται
2534 889 2547 901 ·
2578 875 2663 927 ὅτι
2710 871 2784 942 μὴ
2815 872 3183 924 πεπίστευκεν
3212 872 3294 933 εἰς
3318 870 3379 923 τὸ
3414 871 3584 941 ὄνομα
3624 871 3718 925 τοῦ
3754 890 3897 941 μονο-

2331 961 2522 1030 γενοῦς
2538 962 2671 1015 Υίοῦ
2692 960 2789 1015 τοῦ
2816 960 3008 1016 Θεοῦ.»
3032 956 3101 1016 Ἀ
3113 962 3164 1033 ρ’
3187 957 3281 1015 οὖν
3308 961 3571 1033 ὑπάρχειν
3592 964 3783 1017 νοεῖται
3814 981 3897 1031 μο-

2331 1051 2558 1123 νογενὴς
2587 1051 2694 1123 ἰδίᾳ
2725 1069 2785 1105 τε
2828 1052 2922 1105 καὶ
2953 1053 3114 1122 μόνος
3145 1053 3172 1104 6
3194 1052 3258 1105 ὲκ
3292 1052 3609 1122 σπέρματος
3643 1051 3900 1122 Ἀδραὰμ,

2330 1142 2506 1196 καίτοι
2558 1143 2895 1212 γεγραφότος
2930 1142 3179 1195 ’ῐωάννου
3217 1141 3406 1212 σαφῶς
3429 1160 3443 1175 ο
3472 1162 3490 1194 ι
3542 1143 3600 1196 '0
3626 1144 3901 1213 μονογενὴς

2331 1234 2479 1300 Υἱὸς,
2511 1234 2539 1287 6
2567 1234 2644 1287 ὢν
2682 1236 2762 1297 εἰς
2794 1233 2887 1288 τὸν
2928 1234 3128 1288 κόλπον
3168 1233 3263 1288 τοῦ
3299 1232 3529 1302 Πατρὸς,
3580 1234 3781 1297 ἐκεῖνος
3824 1233 3902 1298 ἐξ·

2329 1325 2605 1396 ηγήσατοο
2644 1344 2663 1377 ι
2711 1310 2811 1379 ’καὶ
2847 1325 2954 1397 μὴν
2988 1326 3082 1379 καὶ
3114 1325 3307 1396 ἑτέρου
3348 1325 3680 1397 Γράμματος
3724 1325 3861 1397 ἱεροῦ
3884 1343 3896 1356 ·

2334 1433 2354 1467 ι
2392 1416 2561 1470 Ὅταν
2597 1416 2655 1469 δὲ
2688 1418 2958 1488 εἰσαγάγῃ
2999 1417 3089 1471 τὸν
3117 1418 3472 1489 Πρωτότοκον
3499 1421 3579 1482 εἰς
3613 1416 3707 1489 τὴν
3736 1419 3904 1471 οἰκου-

2333 1507 2529 1578 μένην,
2582 1507 2761 1577 λέγει·
2798 1509 2910 1563 Καὶ
2936 1508 3479 1579 προσκυνησάτωσαν
3523 1508 3672 1578 αὑτῷ
3715 1508 3903 1572 πάντες

2327 1598 2548 1667 ἄγγελοι
2576 1597 2734 1653 Θεοῦ.
2765 1618 2782 1651 ι
2810 1600 3163 1670 Πρωτότοκος
3184 1599 3242 1652 δὲ
3269 1598 3447 1668 πάντη
3470 1614 3530 1652 τε
3556 1597 3652 1651 καὶ
3702 1598 3901 1662 πάντως

2328 1691 2413 1763 εἴη
2444 1692 2512 1747 ἂν
2544 1695 2573 1747 6
2596 1693 2656 1746 ιν
2692 1694 2905 1757 πολλοῖς
2948 1693 3219 1761 ἀδελφοῖς,
3246 1693 3345 1763 οὑχ
3389 1694 3417 1746 6
3454 1692 3614 1763 μόνος
3642 1693 3705 1745 ὲκ
3755 1692 3901 1762 μόνου

2328 1785 2725 1857 γεγεννημένος
2757 1784 2852 1839 τοῦ
2881 1782 3018 1838 Θεοῦ
3067 1785 3159 1837 καὶ
3208 1783 3442 1855 Πατρός.
3487 1782 3764 1853 Ἐψόμεθα
3804 1783 3901 1856 γὰρ
3959 1817 3965 1823 -

2326 1876 2468 1941 τέως
2497 1880 2620 1941 ταῖς
2654 1878 2793 1943 σαῖς,
2824 1870 2871 1931 ὦ
2900 1870 3078 1940 οὗτος,
3110 1876 3453 1942 διαστολαῖς,
3485 1876 3901 1949 καραδοκοῦντες

2254 1948 2299 2007 Β
2327 1969 2690 2040 οἰκονομικῶς
2725 1970 2849 2023 ὅποι
2900 1970 3030 2022 ποτὲ
3064 1970 3196 2040 ἡμῖν
3234 1948 3613 2022 διεκπαίουσιν
3656 1970 3706 2022 οἰ
3744 1967 3898 2038 λόγοι.

2324 2061 2535 2115 Οὐκοῦν
2568 2061 2912 2131 (ἀνακομίσω
2944 2061 3053 2132 γὰρ
3081 2061 3176 2115 τὸν
3204 2060 3362 2129 λόγον
3393 2063 3477 2123 εἰς
3499 2060 3559 2113 τὸ
3589 2060 3686 2114 ἀπ’
3714 2060 3897 2131 ἀρχῆς)

2320 2157 2350 2209 6
2377 2153 2560 2225 ψυχῆς
2594 2153 2944 2225 ἀνθρωπίνης
2989 2154 3083 2206 καὶ
3122 2152 3325 2223 σαρκδς
3359 2151 3500 2222 πρὸς
3529 2153 3679 2223 ἡμᾶς
3717 2152 3900 2206 ἀναλα-

2323 2244 2434 2299 ϐὼν
2454 2244 2814 2316 ἀδελφότητα,
2842 2244 3086 2314 γεγονὼς
3112 2244 3169 2298 δὲ
3195 2246 3259 2297 ἐκ
3286 2244 3605 2313 σπέρματος
3645 2242 3897 2313 Ἀδραὰμ,

2319 2336 2664 2408 πρωτότοκος
2690 2337 2776 2405 εἰη
2802 2336 2871 2389 ἂν
2901 2335 2978 2396 ὡς
2998 2337 3056 2389 ὲν
3089 2335 3307 2398 πολλοῖς
3338 2334 3595 2403 ἀδελφοῖς
3620 2350 3634 2365 ·
3660 2335 3688 2387 ὃ
3709 2351 3773 2402 γε
3807 2333 3898 2404 μὴν

2318 2427 2377 2480 ἐν
2407 2427 2593 2498 κόλπῳ
2618 2426 2714 2481 τοῦ
2744 2426 2880 2480 Θεοῦ
2910 2427 3003 2481 καὶ
3035 2426 3272 2497 Πατρδς,
3311 2428 3612 2497 μονογενὴς
3645 2425 3776 2479 Θεοῦ
3806 2427 3899 2479 Λό-

2317 2535 2432 2588 γος.
2455 2514 2590 2572 Εἶτα
2620 2520 2719 2590 τῆς
2750 2517 3112 2572 θεοπνεύστου
3147 2518 3397 2589 Γραφῆς,
3429 2519 3512 2582 εἰς
3549 2517 3642 2571 τὸν
3674 2518 3797 2571 Υἰδν
3814 2516 3898 2570 τοῦ

2315 2610 2451 2664 Θεοῦ
2477 2611 2569 2665 τὸν
2618 2609 2887 2681 μονογενῆ
2934 2609 3135 2680 χρῆναι
3173 2609 3443 2681 λεγούσης
3500 2609 3775 2663 ποιεῖσθαι
3811 2608 3900 2676 τὴν

2317 2705 2523 2770 πίστιν,
2558 2705 2648 2758 τὸν
2680 2703 2920 2774 συγγενῆ
2962 2721 3021 2758 τε
3050 2704 3147 2758 καὶ
3176 2706 3311 2774 ἡμῖν
3337 2703 3651 2774 ὀμοούσιον,
3688 2701 3896 2756 άνθότου

2315 2796 2655 2866 παρατιθεὶς,
2691 2797 2764 2867 μὴ
2792 2795 2857 2867 δὴ
2903 2796 3102 2867 χρῆναι
3140 2797 3249 2867 φὴς
3281 2796 3381 2866 τῆς
3420 2797 3506 2860 εἰς
3541 2796 3707 2850 αὑτὸν
3738 2811 3899 2864 παρα-

2311 2888 2612 2961 τρέπεσθαι
2651 2889 2922 2955 πίστεως;
2958 2888 3170 2942 Οὐκοῦν
3198 2889 3419 2959 ἀνάγκη
3454 2889 3672 2942 συνδεῖν
3704 2889 3778 2950 εἰς
3814 2886 3898 2938 ἕνα

2311 2981 2521 3053 Κύριον
2550 2982 2647 3036 καὶ
2694 2982 2962 3054 Χριστόν*
3005 2984 3127 3036 κατ’
3158 2982 3373 3054 ένδησιν
3437 2983 3496 3036 δὲ
3541 2983 3782 3054 δηλονότι
3813 2981 3900 3051 τὴν

2310 3074 2435 3128 καθ’
2464 3075 2786 3138 ὑπόστασιν,
2822 3075 2912 3130 ἵνα
2940 3076 2997 3129 ὲν
3041 3073 3226 3145 ταυτῷ
3267 3076 3446 3128 νοοῖτο
3488 3072 3785 3145 μονογενὴς
3815 3073 3899 3126 καὶ

2308 3167 2655 3237 πρωτότοκος
2682 3167 2711 3219 6
2739 3166 2923 3233 αὐτὸς,
2965 3166 3101 3220 καθὸ
3127 3166 3288 3236 φύσει
3317 3166 3458 3231 Θεὸς
3500 3167 3766 3238 ὑπάρχων
3784 3168 3812 3219 6
3844 3166 3902 3218 ἐκ

617 3240 765 3296 ham.
817 3242 1033 3300 Etenim
1081 3261 1298 3307 acutum
1331 3257 1431 3310 sibi
1465 3260 1721 3328 quiddam
1755 3262 2027 3320 invenisse
2053 3271 2205 3324 vide-

2311 3257 2446 3312 Θεοῦ
2480 3258 2695 3329 Πατρδς
2731 3258 2927 3328 Λόγος,
2979 3258 3205 3328 γέγονεν
3246 3244 3544 3329 ἄνθρωπος
3569 3258 3695 3313 καθ’
3735 3259 3897 3353 ημᾶς,

620 3341 723 3399 tur,
753 3335 938 3406 itaque
961 3341 1040 3397 sie
1074 3359 1260 3401 rursus
1288 3347 1364 3401 ait
1396 3364 1409 3403 :

686 3604 949 3678 [Νεετοιι.
989 3611 1315 3672 Meministis
1360 3626 1540 3673 autem
1588 3635 1810 3691 prorsus
1857 3639 2041 3681 eorum
2081 3643 2203 3698 quae

612 3713 759 3767 stupe
784 3701 894 3755 dixi
919 3703 1091 3771 vobis,
1122 3721 1244 3761 cum
1274 3711 1409 3763 duas
1434 3709 1488 3764 in
1517 3710 1736 3767 Christo
1760 3725 1981 3772 naturas
2008 3720 2200 3776 distin-

610 3806 833 3860 guerent
864 3811 878 3849 :
909 3796 1029 3851 duas
1050 3808 1183 3853 sunt
1209 3800 1376 3864 enim,
1404 3802 1455 3855 si
1481 3813 1729 3858 naturam
1763 3816 2004 3877 spectes;
2038 3812 2083 3867 si
2118 3814 2200 3869 di-

609 3884 891 3949 gnitatem,
921 3887 1148 3957 simplex
1176 3906 1193 3943 :
1228 3900 1547 3947 naturarum
1581 3895 1725 3950 enim
1754 3900 2057 3958 auctoritas
2090 3919 2196 3959 una

606 3985 693 4031 est
738 3988 961 4049 propter,
1003 3981 1484 4052 conjunctionem,
1539 3987 1643 4058 91
1707 3993 1920 4049 naturis
1975 3997 2194 4065 quidem

606 4085 824 4139 semper
860 4072 911 4128 in
940 4090 1039 4129 suo
1066 4076 1257 4131 ordine
1298 4083 1762 4148 permanentibus,
1804 4086 1899 4141 sed
1933 4087 2198 4158 dignitate

606 4163 918 4235 conjuncta,
950 4173 1008 4221 ut
1034 4166 1148 4233 jam
1192 4167 1331 4235 dixi,
1356 4170 1413 4223 in
1448 4173 1826 4231 auctoritatem
1851 4177 2091 4238 unicam.
2118 4179 2145 4252 }

1260 4306 1412 4364 CAP.
1450 4307 1543 4365 VI.

678 4433 784 4491 Sed
808 4434 966 4492 facile
984 4453 1210 4507 prorsus
1233 4442 1613 4511 intellexisses,
1647 4447 1692 4501 si
1720 4447 1934 4502 divinas
1960 4448 2195 4506 Litteras

602 4527 755 4596 sequi
780 4530 1068 4585 statuisses
1086 4573 1100 4598 ,
1127 4548 1249 4602 qua:
1278 4550 1443 4591 unum
1469 4536 1657 4591 dicunt
1684 4536 1973 4593 Dominum
2006 4539 2191 4596 Jesum

2308 3353 2402 3405 καὶ
2434 3354 2499 3405 εκ
2547 3353 2864 3423 σπέρματος
2913 3351 3192 3424 Ἀϐραάμ.
3247 3351 3412 3406 Ἀλλά
3463 3353 3577 3424 γὰρ
3617 3349 3903 3424 ὲξηύρηταί

2307 3461 2359 3498 τι
2386 3444 2549 3515 σοφὸν
2579 3443 2753 3515 αὐτῷ,
2790 3443 3043 3517 καθάπερ
3084 3439 3179 3498 οὖν
3224 3443 3399 3499 οἴεται
3452 3444 3550 3499 καί
3584 3459 3748 3515 φησιν
3772 3442 3902 3496 οὑτω

2305 3534 2471 3589 πάλιν
2499 3549 2515 3566 °

2374 3627 2709 3701 [Μέμνησθε
2739 3629 2797 3683 δέ
2846 3645 2951 3682 που
2985 3628 3204 3692 πάντως
3234 3628 3332 3683 καὶ
3381 3629 3456 3684 τά
3504 3628 3773 3690 πολλάκις
3811 3640 3896 3697 μοι

2302 3720 2442 3791 πρὸς
2470 3721 2617 3791 ὑμᾶς
2642 3721 2933 3793 εἰρημένα,
2964 3720 3066 3784 τὰς
3096 3720 3296 3783 διπλᾶς
3323 3721 3469 3793 πρὸς
3505 3722 3601 3777 τὸν
3629 3718 3901 3787 Δεσπότην

2300 3811 2542 3881 Χριστὸν
2573 3811 2907 3883 διακρίνοντι
2939 3810 3132 3879 φύσεις
3153 3826 3167 3840 °
3201 3810 3393 3865 διπλαῖ
3425 3812 3530 3883 μὲν
3559 3812 3671 3884 γὰρ
3713 3813 3779 3882 τῇ
3810 3807 3899 3878 φύ-

2303 3913 2407 3961 σει,
2432 3898 2500 3968 τῇ
2532 3896 2590 3951 δὲ
2621 3897 2752 3969 ἀξίᾳ
2799 3898 3090 3969 μοναδικαί
3111 3914 3125 3929 ·
3161 3900 3195 3969 ἠ
3235 3899 3344 3970 γὰρ
3394 3900 3511 3956 τῶν
3543 3903 3764 3973 φύσεων
3809 3899 3898 3954 αὑ-

2302 3985 2509 4052 θεντία,
2537 3987 2627 4041 διά
2655 3988 2760 4060 τὴν
2791 3989 3111 4059 συνάφειαν,
3142 3990 3277 4061 μίαν
3312 3990 3427 4046 τῶν
3460 3993 3567 4064 μὲν
3605 3993 3821 4063 φύσεων
3847 3993 3900 4044 ὲν

2300 4082 2368 4151 τῇ
2405 4080 2587 4153 οἰκείᾳ
2609 4081 2764 4149 τάξει
2795 4080 2885 4135 διὰ
2923 4081 3127 4145 παντὸς
3168 4082 3455 4153 μενουσῶν
3475 4100 3491 4113 ο
3516 4084 3622 4156 τῆς
3663 4084 3723 4138 δὲ
3754 4082 3901 4149 ἀξίας

2301 4173 2676 4246 συνημμένης,
2699 4173 2775 4238 ὡς
2804 4176 3090 4245 προεῖπον.
3125 4174 3207 4238 εἰς
3230 4172 3533 4232 αὑθεντίαν
3565 4171 3898 4248 μοναδικήν.]

2902 4311 3154 4367 ΚΕΦΑΛ.
3198 4314 3291 4381 (τι.

2376 4444 2517 4499 Ἀλλ’
2544 4441 2691 4517 ἦσθά
2723 4464 2827 4501 που
2882 4449 3104 4515 πάντως
3143 4449 3419 4523 εὐμαθὴς,
3451 4457 3522 4526 τῇ
3565 4454 3900 4522 θεοπνεύστῳ

2298 4535 2491 4607 Γραφῇ
2549 4535 2975 4593 κατακολουθεῖν
3021 4540 3319 4611 ᾑρημένος,
3361 4542 3467 4597 ἕνα
3515 4544 3759 4618 λεγούσῃ
3797 4542 3901 4597 Κύ-

599 4619 909 4687 Christum,
938 4638 1043 4678 non
1086 4624 1431 4696 sejungentes
1482 4628 1629 4682 illum
1662 4644 1727 4683 ex
1773 4632 1982 4686 semine
2002 4633 2189 4687 'Abra-

2311 4644 2415 4682 DtOV
2461 4627 2671 4699 Ἰησοῦν
2709 4630 2967 4699 Χριστὸν,
3008 4632 3103 4685 καὶ
3152 4633 3255 4686 οὑκ
3305 4633 3416 4689 ἀνὰ
3476 4637 3655 4709 μέρος
3697 4634 3900 4705 τιθείσῃ

602 4710 750 4776 ham,
767 4721 823 4766 et
841 4712 966 4768 illud
982 4729 1046 4769 ex
1068 4717 1173 4771 Deo
1190 4717 1350 4772 Patre
1379 4716 1629 4773 Verbum.
1650 4721 1731 4772 Ad
1753 4720 1867 4774 hac
1882 4720 2009 4776 illud
2027 4722 2192 4779 etiam

599 4802 944 4861 considerare
965 4809 1239 4875 oportuit:
1271 4810 1372 4863 alia
1395 4820 1477 4865 est
1503 4810 1647 4864 enim
1678 4826 1765 4865 res
1779 4813 2054 4879 divinitas,
2082 4815 2187 4871 alia

599 4903 798 4951 nostrae
822 4896 1017 4953 similis
1042 4901 1384 4965 humanitas,
1411 4904 1554 4971 quod
1580 4904 1647 4957 ad
1682 4905 1946 4959 rationem
1987 4908 2187 4963 attinet

598 5002 718 5056 quae
736 4990 945 5044 naturis
971 4991 1109 5045 inest
1132 5010 1146 5047 :
1168 5006 1461 5061 congressu
1483 5003 1664 5047 autem
1684 4996 1980 5050 secundum
1998 5014 2182 5055 veram

597 5081 872 5146 unionem,
889 5098 1029 5136 unus
1054 5093 1135 5138 est
1161 5100 1225 5138 ex
1247 5085 1491 5153 utrisque
1506 5083 1779 5151 Christus,
1803 5099 1861 5141 ut
1882 5103 2024 5159 smpe
2042 5091 2185 5147 dixi-

599 5187 753 5227 mus:
780 5173 1163 5243 hyposmsibus
1191 5190 1336 5238 vero,
1370 5185 1429 5230 ut
1456 5183 1510 5229 tu
1544 5177 1644 5243 ais,
1678 5177 1728 5230 in
1758 5178 1863 5234 duo
1896 5182 2103 5246 divisis,
2132 5191 2186 5238 et

599 5264 828 5319 seorsim
860 5280 925 5319 ac
955 5264 1201 5331 privatim
1252 5266 1517 5322 exsistere
1555 5268 1841 5325 intellectis
1862 5312 1877 5337 ,
1906 5275 2181 5341 quomodo

2300 4719 2394 4776 τὸν
2423 4722 2490 4775 ὲκ
2513 4721 2831 4793 σπέρματος
2877 4723 3154 4795 Ἀϐραὰμ,
3178 4724 3271 4779 καὶ
3303 4726 3399 4780 τὸν
3432 4730 3503 4783 ὲκ
3533 4730 3676 4783 Θεοῦ
3699 4727 3898 4800 Πατρὸς

2298 4811 2496 4878 Λόγον.
2529 4812 2641 4865 Καὶ
2679 4812 2818 4882 πρός
2856 4829 2922 4880 γε
2955 4813 3022 4885 δὴ
3067 4814 3262 4885 τούτῳ,
3297 4817 3537 4872 κάκεῖνο
3575 4816 3898 4874 διανοεῖσθαι

2295 4907 2433 4975 χρη’
2461 4902 2652 4974 ἓτερον
2689 4904 2789 4972 μὲν
2825 4904 2935 4976 γάρ
2967 4922 3021 4958 τι
3044 4905 3239 4977 χρῆμα
3285 4906 3513 4979 θεότης,
3565 4911 3758 4980 ἕτερον
3785 4908 3895 4976 δὲή

2295 4994 2418 5047 καθ’
2446 4995 2597 5065 ἡμᾶς
2625 4994 3005 5067 ἀνθρωπότης,
3029 4998 3176 5051 κατά
3208 5015 3273 5066 γε
3295 4999 3392 5052 τὸν
3422 5000 3625 5057 ἐνόντα
3647 5005 3773 5067 ταῖς
3802 4999 3896 5071 φύ-

2296 5102 2413 5138 σεσι
2443 5086 2633 5155 λόγον·
2685 5087 2958 5156 συμϐάσει
2991 5087 3048 5141 δὲ
3073 5090 3141 5159 τῇ
3182 5087 3306 5142 καθ’
3344 5090 3559 5147 ἕνωσιν
3594 5095 3796 5166 ἀληθῆ,
3824 5088 3900 5156 εἷς

2293 5174 2355 5238 ἐξ
2397 5176 2603 5246 ἀμφοῖν
2641 5176 2670 5228 6
2704 5176 2958 5247 Χριστὸς,
2989 5178 3133 5232 καθά
3178 5178 3513 5248 πλειστάκις
3564 5187 3899 5258 εἰρήκαμεν

2291 5266 2401 5320 τῶν
2425 5284 2489 5335 γε
2527 5267 2633 5339 μὴν
2652 5268 3028 5333 ὑποστάσεων,
3057 5270 3133 5334 ὡς
3164 5273 3229 5324 σὺ
3252 5271 3386 5342 φὴς,
3423 5276 3791 5349 διῃρημένων
3825 5279 3902 5341 εἰς

599 5370 921 5424 congressus
943 5356 994 5408 in
1015 5371 1176 5410 unam
1198 5373 1486 5427 personam
1516 5359 1628 5427 ﬁet,
1655 5360 1757 5415 nisi
1781 5378 1945 5417 unum
1967 5363 2190 5421 alterius

2311 5359 2402 5421 ὶύο,
2444 5361 2540 5413 καὶ
2579 5360 2889 5429 νοουμένων
2919 5362 3189 5432 ὑπάρχειν
3220 5363 3327 5416 ἀνὰ
3369 5366 3552 5437 μέρος
3594 5387 3655 5423 τε
3683 5370 3777 5425 καὶ
3811 5369 3901 5423 ἰδι-

599 5461 722 5502 esse
770 5448 1165 5516 quadammodo
1218 5451 1491 5520 proprium
1532 5453 1743 5509 dicatur
1770 5494 1784 5518 ,
1818 5466 1878 5510 ut
1928 5457 2182 5512 nimirum

603 5537 854 5590 humanae
897 5536 1089 5591 anima:
1117 5542 1391 5609 proprium
1443 5542 1759 5614 intelligitur
1802 5548 1919 5614 ejus
1965 5564 2185 5618 corpus,

603 5623 852 5694 quamvis
903 5626 1131 5683 diversa:
1180 5630 1250 5685 sit
1281 5632 1350 5685 ab
1398 5646 1459 5686 ea
1500 5643 1706 5690 naturae
1743 5652 1758 5690 :
1800 5652 1973 5707 neque
2042 5640 2186 5693 enim

605 5717 745 5770 idem
767 5726 848 5771 est
876 5720 1052 5773 anima
1076 5729 1129 5775 et
1150 5737 1363 5791 corpus.
1404 5722 1508 5780 Sed
1531 5727 1673 5781 dicet
1697 5726 1927 5784 fortasse
1956 5730 2148 5799 aliquis
2174 5748 2186 5784 :

2291 5451 2425 5517 κῶς,
2459 5451 2578 5515 πῶς
2612 5452 2678 5505 ἂν
2711 5452 2922 5521 γένοιτο
2963 5453 3238 5524 σύμϐασις
3278 5456 3361 5518 εἰς
3398 5462 3710 5529 πρόσωπον
3739 5463 3818 5526 ἓν,
3852 5462 3898 5512 εξ

2295 5543 2370 5614 μὴ
2397 5543 2507 5615 ἄρα
2530 5561 2649 5608 πως
2680 5544 2812 5597 ίδιον
2851 5545 2911 5598 ἓν
2952 5545 3070 5609 ἑνὸς
3098 5543 3344 5614 λέγοιτο·
3393 5550 3666 5624 καθάπερ
3712 5551 3895 5623 ἀμέλει

2290 5636 2391 5706 τῆς
2420 5635 2708 5707 ἀνθρώπου
2740 5635 2920 5707 ψυχῆς
2953 5636 3082 5689 ἴδιον
3114 5636 3179 5690 ἂν
3208 5639 3386 5691 νοοῖτο
3415 5641 3482 5695 τὸ
3512 5644 3677 5715 σῶμα
3712 5642 3892 5711 αὐτῆς»

2296 5727 2474 5781 καίτοι
2509 5727 2645 5797 πρὸς
2682 5727 2848 5798 αὐτὴν
2877 5726 3118 5799 ὑπάρχον
3150 5729 3450 5800 ἑτεροφυές
3479 5749 3493 5762 ’
3533 5734 3595 5787 οὐ
3641 5734 3753 5805 γάρ
3796 5748 3892 5785 που

680 5896 701 5928 ο
736 5896 894 5956 Joan.
938 5900 1141 5969 111,16.
1219 5904 1239 5938 ⁷
1279 5903 1410 5963 ibid.
1448 5904 1530 5961 is.
1612 5906 1632 5939 ι
1672 5906 1828 5964 .loau.
1859 5923 1896 5975 ι,
1938 5906 2023 5965 ιδ.
2104 5910 2125 5942 ε
2168 5886 2333 5967 llebr.
2371 5909 2495 5980 1,6.
