4150 6458
307 341 397 395 161

1406 323 1787 381 ADVERSUS
1827 323 2238 381 NESTORIUM
2278 324 2412 380 Llli.
2450 323 2544 379 111.

3499 325 3602 381 N52

298 455 492 512 ταυτὸν
545 452 614 507 ἂν
649 452 733 523 εἴη
763 449 911 521 ψυχή
959 466 1021 502 τε
1055 447 1150 502 καὶ
1194 447 1375 516 σῶμα.
1423 446 1566 499 Ἀλλ’
1615 446 1747 509 ἴσως
1790 447 1908 518 ἐρεῖ

2024 447 2293 515 Quomodo
2330 446 2419 500 illa
2456 456 2642 501 sancta
2675 454 2729 499 ct
2780 445 3055 501 adoranda
3103 444 3343 501 Trinitas
3381 446 3436 500 in
3490 454 3604 501 tres

301 565 392 631 τις,
424 543 561 606 Πῶς
582 545 616 613 ὴ
648 541 777 609 ἁγία
803 542 895 593 καὶ
916 537 1376 611 προσκυνουμένη
1406 536 1578 608 Τριάς
1596 536 1895 608 διορίζεται

2024 549 2322 609 lypostases
2396 537 2777 604 distinguitur,
2830 547 2884 591 et
2938 553 3100 592 unam
3154 549 3330 593 tamen
3385 538 3606 594 deitatis

300 626 393 709 μὲν
423 637 509 699 είς
530 636 685 705 τρεῖς
721 631 1077 693 ὑποστάσεις,
1113 629 1244 699 μίαν
1268 627 1326 680 δὲ
1354 626 1611 698 θεότητος
1641 627 1899 680 ἀποτελεῖ

2024 629 2230 685 ιὶιεοινίι
2282 637 2532 682 naturam
2569 629 2591 682 ἲ
2622 628 2789 695 Quia,
2846 644 2963 685 mea
3015 630 3232 697 quidem
3290 632 3604 695 sententia,

301 732 495 801 etiam;
532 727 683 792 Ὅτι,
737 724 907 793 φαίην
958 724 1048 787 ἂν,
1080 722 1147 792 τῇ
1196 720 1303 773 τῶν
1333 719 1553 788 φύσεων
1584 719 1695 791 [ἷσ.
1729 736 1900 791 προσ-

304 818 478 879 ώπων,
516 816 582 883 ἣ,
604 810 985 883 ὑποστάσεων]
1000 811 1254 881 διαφορᾷ,
1282 810 1344 862 τὸ
1383 810 1583 864 ταυτὸν
1615 811 1697 873 εἰς
1711 810 1899 863 οὐσίαν

308 906 619 976 ἀναγκαίως
651 905 945 975 ἑπόμενον,
978 905 1060 967 είς
1094 904 1225 972 μίαν
1268 901 1536 971 Θεότητος
1575 901 1900 973 ἀνακομίζει

310 1000 456 1069 φύσιν
483 997 598 1050 τῶν
623 995 997 1049 πιστευόντων
1052 994 1145 1047 τὸν
1174 991 1301 1046 νοῦν
1326 1008 1339 1022 ·
1366 992 1460 1045 ἐπὶ
1480 993 1538 1046 δέ
1572 1009 1635 1061 γε
1687 993 1902 1063 Ἐμμα-

308 1092 477 1163 νουὴλ,
496 1089 698 1160 ἐπειδὴ
718 1088 911 1158 θεότης
936 1085 1126 1156 ἕτερόν
1145 1102 1198 1137 τι
1216 1084 1368 1155 παρά
1388 1084 1487 1153 τὴν
1502 1082 1903 1154 ἀνθρωπότητά

306 1190 466 1248 ἐστιν,
510 1184 565 1235 εί
594 1183 669 1252 μή
701 1198 904 1251 φαμεν,
944 1178 1075 1233 ἴδιον
1099 1176 1356 1246 γενέσθαι
1390 1175 1450 1228 τὸ
1480 1175 1636 1247 σῶμα
1665 1174 1760 1229 τοῦ
1797 1175 1902 1229 Λό-

303 1294 391 1345 γου
422 1273 552 1329 καθ’
569 1274 770 1326 ἕνωσιν
796 1270 997 1341 ἀληθῆ,
1022 1270 1141 1333 πῶς
1171 1268 1237 1323 ἂν
1261 1269 1319 1321 ἓν
1352 1267 1699 1322 ἀποτελεῖται
1731 1268 1904 1338 πρόσ-

302 1384 467 1429 ωπον,
516 1364 587 1417 τὸ
649 1364 855 1433 ἀμφοῖν
906 1361 1177 1430 ἑκατέρας
1228 1359 1360 1429 ἡμῖν
1404 1357 1759 1421 ὑποστάσεως
1812 1374 1907 1426 φε-

299 1456 504 1529 ρούσης
547 1454 687 1507 ῐδιον
721 1453 797 1515 ὡς
846 1452 948 1505 δινά
996 1450 1165 1522 μέρος
1220 1448 1526 1520 κειμένης;
1569 1449 1681 1503 Καὶ
1734 1449 1783 1501 εί
1831 1447 1907 1519 μὴ

294 1549 527 1617 γέγονεν
580 1547 717 1599 ἴδιον
773 1543 835 1596 τὸ
888 1541 1100 1613 ληφθὲν
1154 1540 1247 1594 τοῦ
1296 1539 1746 1613 προσειληφότος,
1807 1540 1908 1593 οὑκ

296 1640 528 1709 ἀρκέσει
568 1638 845 1706 συνάφεια
893 1634 1059 1688 κατὰ.
1086 1633 1303 1687 σύνοδον
1356 1632 1565 1700 ἁπλῶς,
1612 1633 1712 1703 τὴν
1746 1632 1823 1695 ὡς
1848 1633 1908 1687 ἐν

300 1731 424 1802 ἀξία
448 1747 511 1782 τε
544 1729 689 1800 μόνῃ
718 1726 814 1780 καὶ
844 1723 1126 1795 αὑθεντίᾳ,
1175 1723 1265 1777 τὸν
1302 1723 1401 1777 ἕνα
1440 1723 1533 1779 καὶ
1582 1722 1743 1792 μόνον
1775 1724 1909 1795 ἡμῖν

306 1796 638 1875 ἀποτελέσαι
663 1796 936 1890 τΧριστδν,
984 1815 1077 1869 τὸν
1124 1816 1286 1870 αὑτὸν
1334 1815 1467 1869 ὅντα
1515 1812 1649 1870 Θεὸν
1684 1814 1822 1886 ὁμοῦ
1851 1833 1913 1870 τε
1941 1796 1984 1852 Β

309 1916 398 1967 καὶ
429 1913 750 1983 ἄνθρωπον.
782 1909 917 1963 Τότε
962 1909 1094 1979 γάρ,
1125 1908 1245 1961 τότε
1286 1910 1379 1961 καὶ
1406 1906 1554 1978 μάλα
1588 1905 1805 1981 [λείπει
1830 1924 1909 1972 τι,

312 2006 395 2060 Io‘.
446 2007 756 2070 ἀναγκαῖον
784 2000 933 2074 τῆς
976 2003 1057 2066 εἰς
1107 2000 1267 2054 αὐτὸν
1321 2000 1775 2072 παρατρέπεσθαι
1825 2000 1914 2053 πί-

315 2113 502 2160 στεως,
533 2094 642 2147 κᾶν
689 2095 741 2146 εί
785 2094 852 2146 ὲκ
886 2091 1207 2164 σπέρματος
1254 2090 1505 2163 ’Δϐραάμ
1550 2092 1723 2145 νοοῖτο
1771 2089 1915 2144 κατὰ

318 2188 415 2257 τὴν
444 2186 642 2257 σάρκα.
674 2186 910 2256 Ἕτερον
938 2184 997 2238 δὲ
1043 2184 1139 2239 καὶ
1171 2183 1357 2255 ἕτερον
1381 2178 1523 2238 εῖναι
1547 2183 1745 2253 λέγων,
1793 2178 1915 2239 εἶτα

326 2278 445 2341 πῶς
491 2277 599 2349 lia.
629 2275 729 2348 τῷ]
764 2275 835 2329 ὲκ
882 2276 1203 2346 σπέρματος
1240 2274 1493 2346 ’Δϐραάμ
1541 2272 1915 2346 προσκομίξεο

329 2370 452 2422 σθαι
474 2368 583 2420 δεῖν
613 2368 705 2438 τὴν
757 2367 945 2419 πίστιν
972 2364 1455 2436 διαϐεϐαιούμενος
1474 2406 1489 2433 ,
1519 2365 1629 2419 rae;
1670 2382 1775 2430 τοι,
1820 2364 1916 2419 καὶ

318 2458 470 2530 μάλα
502 2458 710 2527 σαφῶς,
744 2459 845 2529 τῆς
877 2456 1075 2510 ἑαυτοῦ
1108 2457 1352 2529 κεφαλῆς
1396 2455 1467 2510 τὰ
1495 2456 1595 2528 τῆς
1628 2457 1917 2528 ἀνθρωπο-

301 2549 540 2622 λατρίας
587 2550 878 2620 καταχέων
911 2549 1269 2620 ἐγκλήματα·
1309 2548 1488 2603 καίτοι
1539 2548 1917 2620 παραιτούμε-

306 2661 421 2708 νος,
455 2643 555 2695 καὶ
585 2642 709 2695 λίαν
727 2641 929 2713 ὀρθῶς,
960 2642 1023 2694 τὸ
1052 2641 1517 2713 ἁνθρωπολάτρης
1540 2637 1680 2695 εἶναι
1705 2642 1907 2695 δοκεῖν.

319 2733 469 2786 Ἀλλ’
494 2733 656 2800 ὀλίγα
686 2732 890 2804 κομιδῇ
920 2731 1015 2784 τοῦ
1040 2734 1239 2802 χρῆναι
1268 2732 1483 2803 φρονεῖν
1514 2731 1584 2785 τά
1615 2730 1802 2785 εἰκότα
1822 2748 1919 2784 πε-

305 2823 633 2896 φροντικὼς,
656 2824 999 2891 συκοφαντεῖ
1049 2825 1145 2875 καὶ
1170 2821 1373 2894 ἑτέρως
1411 2821 1473 2875 τὸ
1508 2821 1654 2893 μέγα
1683 2821 1784 2892 τῆς
1823 2821 1918 2875 εὑ·

310 2916 534 2980 σεϐείας
565 2917 893 2987 μυστήριον.
912 2915 1199 2986 Ἐπιφέρει
1242 2914 1353 2986 γὰρ
1392 2914 1584 2979 εὐθύς’
1612 2914 1785 2985 ᾼὺτὸς
1810 2913 1919 2986 γὰρ

308 3011 444 3079 ἡμῖν
496 3009 605 3078 τῆς
676 3007 1100 3078 ἐπηγγελμένης
1175 3007 1428 3075 εὐλογίας
1485 3007 1551 3059 ὲκ
1602 3007 1919 3077 σπέρματος

318 3099 584 3171 ’Δϐραάμ
623 3099 936 3169 ἀπεστάλη,
960 3099 1037 3163 ὼς
1076 3099 1218 3171 ὑπὲρ
1257 3098 1449 3154 ἑαυτοῦ
1477 3100 1570 3152 καὶ
1606 3098 1699 3151 τοῦ
1726 3099 1918 3167 γένους

307 3193 411 3259 τὴν
431 3191 534 3244 τοῦ
562 3190 824 3260 σώματος
851 3189 1045 3243 θυσίαν
1079 3189 1544 3260 συνεπαγόμενος.
1582 3189 1704 3257 Ὑφ’
1732 3190 1921 3260 ἀμαρ-

307 3283 433 3339 τίαν
466 3278 565 3336 οὖν
593 3278 709 3353 ἆρα
743 3282 838 3335 καὶ
868 3281 1029 3345 αὑτὸς
1075 3281 1301 3350 γέγονεν
1325 3285 1358 3335 ὁ
1397 3282 1653 3353 Χριστος,
1686 3284 1750 3336 δι’
1779 3277 1840 3336 οὑ
1864 3284 1924 3336 τὸ

307 3373 436 3430 καθ’
486 3375 645 3445 ἡμᾶς
672 3371 787 3444 (22)
833 3373 931 3441 τῆς
976 3372 1251 3444 ἁμαρτίας
1300 3373 1674 3443 ὲμφράττεται
1726 3372 1921 3444 στόμα,

310 3467 455 3521 κατά
497 3465 602 3536 τὴν
632 3464 729 3517 τοῦ
756 3464 1070 3526 Ψάλλοντος
1108 3464 1325 3535 φωνήνς
1353 3460 1465 3536 ἆρα
1493 3467 1587 3519 καὶ
1630 3465 1795 3519 αὑτοῦ
1829 3465 1924 3518 τοῦ

310 3558 492 3627 φωτὸς
527 3557 629 3610 τοῦ
686 3554 948 3626 ἀληθινοῦ
1001 3555 1064 3608 τὸ
1106 3555 1209 3626 τῆς
1259 3556 1541 3627 ἐπαράτου
1588 3557 1929 3628 φαυλότητος

306 3652 491 3723 ἥψατο
529 3650 765 3715 σκότοςς
810 3643 919 3719 ἆρα
962 3646 1082 3717 μεθ’
1123 3645 1280 3717 ἡμῶν
1327 3646 1524 3717 ἐδεήθη
1568 3648 1663 3701 τοῦ
1694 3648 1924 3720 λυτρου-

316 3743 484 3813 μένου
514 3741 622 3795 καὶ
649 3740 926 3804 σώζοντος
959 3741 987 3792 ό
1014 3737 1083 3791 δι’
1127 3732 1187 3792 οὗ
1218 3739 1368 3792 πᾶσα
1397 3737 1670 3810 λύτρωσις
1696 3740 1793 3794 καὶ
1823 3757 1928 3794 σω-

312 3835 517 3906 τηρίας
542 3831 739 3898 ἐλπίς;
785 3831 995 3902 Πρέποι
1023 3831 1068 3885 δ’
1101 3829 1167 3884 ἂν
1192 3830 1363 3903 αὐτῷ,
1391 3832 1534 3886 κατά
1569 3848 1635 3900 γε
1661 3832 1722 3885 τὸ
1753 3832 1925 3897 εἰκὸς,

318 3927 439 3998 μεθ’
468 3926 641 3998 ἡμῶν
689 3923 986 3995 ἀναφέρειν
1015 3923 1085 3977 τά
1118 3926 1472 3995 χαριστήρια,
1508 3922 1644 3977 Θεοῦ
1677 3922 1929 3993 λέγοντος

320 4019 731 4091 ἀμνησικάκως
754 4033 768 4048 ⁸
806 4034 824 4068 ι
859 4015 1002 4084 Ἐγώ
1021 4017 1138 4086 εἰμι
1161 4017 1190 4068 ὁ
1210 4014 1508 4084 έξαλείφων
1530 4015 1630 4079 τὰς
1652 4016 1932 4087 ἁμαρτίας

334 4128 438 4175 σου,
467 4112 569 4165 καὶ
593 4112 663 4163 οὐ
704 4110 780 4181 μὴ
818 4109 1238 4180 μνησθήσομαιο
1274 4127 1293 4159 ι
1333 4107 1731 4179 καταγορεύσει
1752 4108 1809 4162 δὲ
1834 4109 1931 4163 καὶ

335 4202 510 4268 αὑτοῦ,
546 4200 704 4256 καΘά
735 4201 832 4255 καὶ
858 4200 1040 4272 ἡμῶν,
1062 4201 1090 4252 ὁ
1122 4201 1222 4271 τῆς
1249 4199 1526 4271 ἁμαρτίας
1555 4199 1760 4272 πατήρ.
1796 4196 1932 4254 Εἶτα

334 4292 442 4356 πῶς
466 4293 534 4345 οὑ
564 4291 966 4361 ψευδοεπήσει,
993 4289 1190 4358 λέγων’
1232 4307 1251 4341 ι
1285 4288 1547 4361 Ἔρχεται
1576 4291 1605 4342 ὁ
1629 4290 1814 4361 ἄρχων
1838 4289 1929 4344 τοῦ

332 4383 521 4445 αἰῶνος
550 4380 779 4443 τούτου,
815 4379 911 4433 καὶ
949 4379 1008 4431 ὲν
1035 4378 1161 4448 ἐμοὶ
1187 4378 1412 4450 εὑρήσει
1456 4379 1644 4446 οὑδέν;
1680 4400 1699 4432 ι
1736 4380 1933 4434 Δεδυσ-

2001 739 2123 778 cum
2150 722 2337 776 eadem
2366 720 2602 776 essentia
2636 720 2944 774 necessario
2966 735 3323 787 personarum
3348 718 3608 775 dilIeren-

2005 816 2133 868 tiam
2163 822 2456 882 sequatur,
2484 811 2823 867 credentium
2870 810 3282 881 intelligentiam
3333 811 3400 865 ad
3438 826 3603 865 uuam

2003 904 2313 959 Divinitatis
2334 913 2582 959 naturam
2612 901 2863 973 perducit
2896 919 2909 954 :
2940 902 2995 957 in
3018 902 3373 957 Emmauucle
3400 911 3606 966 autem,

2009 999 2139 1069 quia
2175 998 2349 1053 deitas
2377 996 2523 1051 aliud
2564 996 2822 1065 quiddam
2871 1004 2957 1052 est
2985 996 3053 1050 ab
3091 995 3462 1061 humanitate,
3504 995 3607 1049 nisi

2006 1090 2305 1145 dixerimus
2362 1092 2640 1160 proprium
2699 1090 2902 1144 factum
2952 1086 3123 1145 fuisse
3179 1102 3377 1157 corpus
3434 1087 3610 1156 ipsius

2007 1180 2167 1237 Verbi
2195 1196 2291 1250 per
2325 1196 2505 1236 veram
2530 1180 2808 1243 unionem,
2834 1179 3104 1248 quomodo
3135 1193 3242 1231 una
3288 1177 3610 1233 absolvatur

2007 1285 2077 1326 ex
2103 1282 2338 1341 utroque
2368 1283 2600 1339 persona
2622 1308 2639 1333 ,
2670 1282 2793 1324 cum
2829 1267 3089 1323 alterutra
3142 1266 3446 1322 substantia
3484 1278 3612 1335 pro-

2007 1361 2182 1433 priam
2221 1362 2438 1431 utrique
2479 1362 2655 1426 ferat,
2684 1370 2872 1430 utpote
2932 1358 3161 1415 seorsim
3206 1358 3379 1428 posita
3443 1365 3610 1425 atque

2009 1452 2302 1522 sejuncta?
2352 1453 2469 1508 Etsi
2515 1454 2567 1508 id
2591 1453 2736 1524 quod
2773 1461 3049 1522 sumptum
3089 1460 3198 1517 est,
3238 1465 3344 1505 non
3373 1449 3447 1504 sit
3485 1463 3613 1519 pro-

2012 1547 2190 1616 prium
2232 1546 2564 1601 assumeutis
2595 1545 2798 1601 factum
2823 1582 2841 1609 .
2868 1558 2973 1598 non
3003 1545 3139 1597 satis
3164 1542 3272 1597 erit
3296 1540 3614 1609 conjunctio

2010 1652 2109 1707 per
2169 1636 2472 1708 simplicem
2563 1635 2846 1708 dignitatis
2919 1634 3090 1690 solius
3153 1643 3210 1689 et
3277 1631 3617 1687 auctoritatis

2013 1728 2305 1785 coitionem
2330 1769 2346 1794 ,
2382 1729 2449 1783 ad
2480 1744 2647 1783 unum
2695 1742 2758 1783 ac
2791 1726 2965 1783 solum
3015 1725 3173 1780 nobis
3203 1723 3479 1780 Christum
3520 1723 3618 1777 ah-

2014 1820 2355 1887 solvendum,
2395 1819 2490 1890 qui
2521 1819 2662 1875 idem
2696 1817 2858 1875 simul
2887 1817 3030 1873 Deus
3058 1817 3128 1871 sit
3149 1824 3205 1872 et
3230 1817 3412 1870 homo.
3464 1815 3618 1870 Tunc

2016 1915 2160 1972 enim
2207 1913 2456 1986 profecto
2505 1912 2574 1967 ab
2616 1909 2736 1980 ejus
2786 1910 2890 1964 [ide
2917 1908 3182 1964 dimoveri
3235 1922 3459 1963 nece5se
3506 1917 3614 1973 est,

2016 2008 2181 2064 etiam
2243 2008 2291 2063 si
2342 2021 2406 2062 ex
2447 2003 2655 2061 semine
2710 2001 2986 2056 Abraham
3045 1999 3341 2055 secundum
3377 2012 3611 2070 _carnem

2016 2099 2373 2170 intelligatur.
2432 2097 2570 2152 Cum
2617 2107 2748 2148 vero
2782 2092 2949 2147 alium
2991 2100 3047 2148 et
3077 2092 3240 2146 alium
3269 2105 3391 2147 esse
3441 2091 3614 2155 dicas,

2018 2192 2282 2249 deindein
2315 2191 2466 2246 illum
2500 2190 2589 2261 qui
2614 2198 2699 2246 est
2732 2203 2799 2244 ex
2826 2188 3037 2245 semine
3077 2186 3268 2248 David,
3301 2186 3461 2240 tidem
3489 2198 3617 2241 esse

2020 2283 2355 2339 all‘ereudam
2383 2280 2620 2338 afﬁrmes
2638 2320 2653 2347 ,
2687 2290 2740 2337 te
2771 2283 2824 2335 in
2850 2288 3000 2334 tuum
3037 2277 3205 2347 ipsius
3223 2286 3386 2346 caput
3409 2276 3618 2332 crimen

2017 2374 2256 2431 hominis
2293 2372 2506 2429 colendi
2542 2371 2915 2439 adorandique
2942 2369 3213 2436 conjicere
3244 2375 3396 2421 certo
3445 2366 3614 2433 scias,

2018 2470 2236 2526 tametsi
2265 2476 2411 2525 recte
2430 2468 2719 2523 admodum
2744 2465 2986 2535 refugias
3009 2478 3077 2518 ne
3095 2460 3421 2517 hominicola
3442 2460 3623 2515 videa-

2018 2563 2117 2619 ris.
2146 2561 2253 2618 Sed
2282 2575 2476 2633 parum
2497 2559 2791 2615 admodum
2822 2569 3020 2613 curans
3050 2555 3116 2610 de
3142 2563 3289 2608 recta
3321 2551 3620 2616 sententia,

2021 2652 2181 2708 aliter
2216 2666 2432 2721 quoque
2484 2649 2849 2706 calumniatur
2905 2646 3034 2701 illud
3086 2658 3342 2712 magnum
3399 2642 3623 2712 pietatis

2020 2752 2443 2799 sacramentum.
2500 2740 2733 2808 Subjicit
2791 2739 2936 2795 enim
2978 2736 3125 2791 illico
3165 2749 3180 2788 :
3220 2735 3338 2803 Ipse
3389 2746 3626 2802 namque

2020 2835 2178 2891 nobis
2207 2834 2488 2910 promissae
2532 2830 2935 2889 benedictionis
2964 2844 3033 2884 ex
3065 2826 3275 2884 semine
3301 2825 3410 2896 92
3441 2825 3627 2880 Abra-

2023 2929 2148 2983 ham
2169 2938 2253 2983 est
2284 2930 2486 2983 missus
2510 2965 2526 2991 ,
2568 2935 2827 2995 tanquam
2877 2936 2976 2992 pro
3007 2921 3186 2991 seipse
3216 2928 3265 2975 et
3297 2931 3496 2989 genere
3524 2931 3627 2973 suo

2023 3019 2269 3088 corporis
2314 3019 2398 3073 sui
2435 3017 2712 3072 victimam
2749 3016 2909 3070 simul
2960 3012 3215 3068 aﬂ'erens.
3254 3010 3467 3080 Ergone
3508 3009 3628 3078 ipse

2024 3122 2240 3179 quoque
2267 3107 2515 3162 Christus
2546 3105 2724 3159 factus
2749 3114 2833 3159 est
2876 3105 2977 3158 sub
3019 3110 3243 3170 peccato
3264 3138 3280 3162 ,
3312 3113 3411 3167 per
3458 3112 3624 3167 quem

2027 3217 2092 3257 os
2141 3201 2312 3268 ipsum
2369 3196 2574 3267 peccati
2611 3196 2898 3250 adversum
2935 3206 3034 3247 nos
3058 3190 3413 3254 ,obstruitur,
3442 3199 3501 3242 ut
3544 3195 3630 3242 est

2030 3294 2085 3346 in
2138 3289 2372 3346 Psalmis
2416 3287 2459 3319 ¹⁶
2495 3289 2517 3341 ?
2553 3301 2757 3357 ergone
2818 3285 2992 3354 ipsam
3040 3295 3257 3352 quoque
3312 3268 3486 3334 lucem
3530 3294 3628 3331 ve-

2029 3397 2145 3437 ram
2204 3379 2558 3435 exsecranda:
2608 3377 2911 3446 iniquitatis
2963 3373 3201 3430 tenebrae
3234 3367 3631 3439 contigerunt?

2029 3489 2230 3546 ergone
2279 3470 2924 3541 nobiscun1,redimente
2990 3476 3155 3534 atque
3214 3464 3459 3519 salvautc
3492 3474 3631 3528 opus

2031 3566 2219 3621 habuit
2258 3564 2366 3628 ille,
2403 3579 2498 3633 per
2537 3576 2697 3633 quem
2745 3569 2828 3614 est
2874 3557 3056 3614 oumis
3096 3553 3397 3623 redemptio
3426 3562 3477 3606 et
3506 3566 3632 3620 spes

2031 3657 2221 3714 salutis
2252 3657 2566 3715 ?Convenit
2599 3653 2764 3723 igitur
2791 3650 2969 3707 eidem
2996 3689 3011 3711 .
3042 3658 3100 3702 ut
3135 3656 3219 3702 est
3266 3658 3630 3713 consequens,

2032 3750 2313 3806 nobiscum
2362 3746 2564 3803 ollerre
2622 3745 2921 3817 gratiarum
2979 3742 3262 3804 actiones,
3316 3754 3438 3793 cum
3487 3737 3634 3791 Deus

2031 3843 2176 3897 dicat
2208 3840 2408 3897 oblitus
2444 3839 2654 3910 injuria:
2684 3854 2697 3891 :
2742 3853 2761 3887 ι
2811 3835 2921 3904 Ego
2951 3849 3068 3888 sum
3108 3832 3200 3902 qui
3239 3830 3393 3887 deleo
3427 3830 3633 3898 iniqui-

2034 3942 2174 3989 tates
2245 3944 2398 3997 tuas,
2454 3939 2511 3986 et
2589 3944 2701 3984 non
2781 3924 3232 3991 recordabor“;
3272 3941 3294 3975 ι
3356 3923 3638 3978 accusabit

2034 4025 2199 4080 etiam
2255 4024 2453 4092 ipsum,
2515 4028 2576 4076 ut
2621 4034 2720 4075 nos
2755 4025 2997 4084 accusat,
3044 4016 3134 4071 ille
3193 4024 3346 4085 pater
3399 4014 3632 4083 peccati.

2034 4115 2188 4184 Quod
2212 4114 2259 4170 si
2292 4115 2365 4170 ita
2395 4121 2498 4179 est,
2534 4111 2805 4182 quomodo
2830 4125 2939 4165 non
2980 4107 3273 4163 mentietur
3299 4121 3422 4161 cum
3451 4105 3585 4162 dicit
3615 4123 3633 4161 :

2041 4224 2061 4259 ι
2098 4206 2261 4261 Venit
2296 4204 2550 4274 princeps
2598 4201 2786 4257 mundi
2830 4199 3008 4268 hujus,
3062 4209 3117 4254 et
3159 4197 3212 4251 in
3263 4211 3352 4252 me
3394 4195 3637 4252 inveniet

2036 4295 2173 4351 nihil
2200 4296 2242 4328 ⁸³
2277 4296 2300 4350 Ἰ
2341 4313 2361 4349 ι
2412 4294 2552 4349 Olim
2588 4291 2948 4350 contumelias
2998 4289 3053 4344 in
3107 4304 3229 4344 eum
3285 4287 3639 4358 conjecerunt

2037 4389 2200 4443 etiam
2281 4386 2356 4442 illi
2439 4383 2745 4457 Synagoga:
2805 4382 3117 4437 Judaeorum
3167 4379 3427 4449 praesides
3464 4394 3478 4431 :
3512 4394 3636 4433 nam

330 4471 630 4543 φημήκασί
660 4485 800 4523 ποτε
850 4468 973 4521 κατ’
1016 4467 1205 4532 αὑτοῦ,
1240 4468 1463 4540 καὶτῆς
1502 4468 1770 4523 Ἰουδαίων
1810 4486 1924 4524 συν-

2039 4495 2162 4536 cum
2223 4478 2443 4535 invidiae
2499 4476 2703 4532 aculeis
2761 4474 3267 4539 exstimularentur,
3309 4470 3452 4539 quod
3494 4483 3637 4540 prae-

327 4563 562 4633 αγωγῆς
614 4560 670 4613 οἱ
699 4559 1105 4631 προεστηκότες
1124 4575 1138 4588 ο
1167 4559 1358 4631 ἐπειδὴ
1394 4560 1503 4631 γὰρ
1541 4562 1655 4624 τοῖς
1677 4560 1772 4614 τοῦ
1803 4560 1933 4631 φθό-

328 4672 419 4709 νου
451 4653 644 4723 βέλεσι
681 4648 1101 4720 κατετρύχοντο,
1136 4647 1608 4722 τεθεραπευμένον
1653 4652 1935 4723 ἀδοκήτως

331 4745 575 4813 ὁρῶντες
625 4740 724 4792 τὸν
748 4741 815 4792 ὲκ
847 4738 1077 4808 γενετῆς
1120 4738 1341 4808 τυφλὸν,
1393 4741 1624 4803 ἀνοσίως
1656 4740 1897 4810 ἔφασκον
1918 4757 1932 4771 ·

340 4856 358 4888 i
388 4838 488 4899 Ab;
532 4834 703 4898 δόξαν
739 4830 820 4902 τῷ
847 4829 964 4899 Θεῷ
984 4845 998 4859 '
1040 4832 1205 4899 ἡμεῖς
1250 4830 1493 4900 οἴδαμεν,
1522 4831 1603 4884 ὅτι
1632 4827 1786 4895 οὗτος
1839 4831 1936 4886 ἀν-

337 4928 555 4995 θρωπος
608 4923 941 4995 ἁμαρτωλός
969 4926 1139 4975 ἐστιν.
1176 4940 1194 4974 ι
1234 4924 1293 4977 '0
1336 4924 1392 4976 δέ
1438 4939 1504 4993 γε
1560 4923 1762 4996 Κύριος
1784 4924 1942 4995 ἡμῶν

351 5019 554 5088 Ἰησοῦς
585 5016 854 5087 Χριστὸς,
897 5014 1405 5088 ἀθυροστομοῦντας
1444 5014 1685 5086 ἐλέγχων
1715 5016 1942 5088 διαρρή-

338 5110 429 5181 δην
455 5113 677 5181 ἔφασκε
700 5128 716 5141 ο
746 5130 767 5163 ‹
804 5111 903 5174 Τίς
945 5109 1007 5177 ἐξ
1036 5112 1192 5181 ὑμῶν
1235 5111 1450 5180 ἐλέγχει
1482 5126 1550 5181 με
1595 5109 1725 5180 περὶ
1757 5111 1941 5180 ἀμαρ-

336 5206 484 5271 τίας;
516 5207 586 5260 Εἰ
620 5204 679 5258 δὲ
705 5204 971 5275 ἀλήθειαν
1003 5204 1169 5273 λέγω,
1196 5203 1338 5258 διατί
1373 5205 1532 5273 ὑμεῖς
1557 5203 1619 5256 οὑ
1650 5203 1940 5257 πιστεύετέ

341 5315 459 5368 μοις
494 5317 515 5350 ι
551 5298 771 5352 οὐκοῦν
795 5299 846 5350 εἰ
894 5296 1304 5368 προσκεκόμικε
1331 5294 1429 5366 τὴν
1467 5295 1679 5362 θυσίαν,
1710 5296 1855 5367 ὑπέρ
1884 5313 1946 5350 τε

410 5452 457 5486 ³⁸
496 5454 649 5513 Psal.
682 5468 797 5518 ενι,
832 5452 926 5507 42.
1006 5452 1050 5484 ⁸⁸
1090 5450 1193 5508 lsa.
1218 5466 1377 5519 xm",
1410 5450 1501 5506 25.
1580 5453 1626 5484 ¹²
1661 5450 1797 5508 Joan
1834 5467 1945 5521 XIV,
1974 5450 2087 5510 30..

2041 4580 2127 4627 ter
2157 4572 2465 4642 opinionem
2494 4580 2742 4624 curatum
2795 4566 3049 4621 videbant
3100 4563 3251 4617 illum
3289 4577 3319 4616 a
3356 4560 3639 4616 nativitate

2045 4678 2285 4728 circum,
2339 4661 2503 4730 impie
2554 4642 2854 4714 dicebanti
2900 4674 2919 4708 ε
2961 4655 3037 4708 Da
3089 4652 3315 4723 gloriam
3351 4651 3463 4706 Deo
3492 4668 3508 4718 ;
3538 4666 3639 4709 nos

2045 4754 2269 4819 scimus,
2317 4755 2443 4820 quia
2496 4752 2598 4805 iste
2648 4750 2811 4805 homo
2852 4755 3105 4817 peccator
3128 4755 3211 4801 est
3242 4743 3286 4776 "
3312 4782 3328 4797 .
3359 4761 3377 4794 ι
3414 4742 3483 4797 At
3508 4757 3641 4798 vero

2046 4844 2309 4900 Dominus
2358 4851 2544 4899 noster
2592 4841 2751 4897 Jesus
2789 4838 3038 4896 Christus
3084 4836 3429 4903 oblocutores
3478 4849 3642 4890 coar-

2043 4950 2235 5007 guens,
2268 4943 2454 5004 aperte
2484 4932 2698 4989 dicebat
2729 4947 2745 4985 :
2781 4948 2800 4982 ί
2833 4929 2967 4997 Quis
3017 4943 3085 4984 ex
3126 4929 3280 4982 vobis
3334 4923 3517 4995 arguit
3557 4938 3655 4980 me.

2043 5029 2110 5082 de
2158 5026 2428 5097 peccato?
2471 5025 2529 5080 Si
2586 5024 2873 5080 veritatem
2929 5021 3073 5086 dico,
3108 5033 3279 5090 quare
3313 5032 3420 5073 non
3462 5016 3644 5072 credi-

2044 5116 2114 5169 tis
2143 5116 2275 5170 milii
2315 5115 2360 5146 ”
2390 5115 2415 5169 Ἰ
2440 5133 2459 5167 ι
2486 5113 2655 5185 Igitur
2704 5113 2750 5168 si
2785 5112 2983 5169 obtulit
3027 5109 3261 5165 hostiam
3314 5121 3421 5162 non
3467 5103 3643 5159 solum

2047 5220 2147 5275 pro
2180 5206 2370 5269 nobis,
2402 5221 2589 5261 verum
2618 5205 2782 5260 etiam
2816 5219 2917 5274 pro
2946 5217 3005 5259 se
3039 5204 3179 5272 ipso,
3212 5200 3401 5269 utique
3455 5211 3645 5251 neces-

2051 5272 2198 5353 sario
2223 5297 2311 5351 illa
2337 5295 2565 5368 indiguit
2586 5339 2601 5365 ,
2634 5305 2691 5351 ut
2712 5272 2875 5352 etiam
2902 5308 3003 5350 nos
3032 5293 3125 5363 qui
3153 5292 3254 5347 sub
3273 5290 3405 5361 jugo
3431 5292 3649 5359 peccati
3678 5272 3690 5282 ’

2167 5452 2213 5485 ¹³
2249 5451 2408 5509 Joan.
2434 5469 2513 5524 ix,
2551 5453 2644 5509 ει.
2724 5454 2768 5486 ίδ
2806 5450 2967 5509 Joan.
3005 5466 3125 5518 vm,
3157 5448 3249 5505 46.

1627 5607 1786 5666 ΔΝΤ.
1827 5607 2105 5666 AGELLII
2145 5609 2355 5667 ΝΟΤᾹΞ
2369 5654 2381 5670 .

414 5749 529 5825 (2!)
566 5712 803 5805 Videtur
833 5745 1140 5818 legendum,
1174 5744 1238 5799 τὸ
1270 5742 1393 5799 καθ’
1422 5742 1598 5815 ἡμῶν.
