4150 6454
567 349 672 405 165

1564 338 1623 394 s.
1664 336 1940 394 CYRlLLl
1984 337 2458 393 ALEXANDRINI
2497 336 2818 394 ARClllEl‘.
3732 347 3822 401 ,σε

566 475 772 518 sumus.
804 460 984 530 Argue
1017 455 1181 526 igitur
1211 453 1362 510 illum
1391 453 1457 509 de
1493 465 1714 524 peccato
1751 473 1764 509 :
1800 455 1847 510 si
1869 455 2151 510 nobiscum

2267 455 2415 527 ἡμῶν
2446 455 2649 520 αὑτῶν,
2690 455 2784 509 καὶ
2818 457 3044 526 προσέτι
3084 456 3178 510 καλ¹
3207 456 3425 523 ἑαυτοῦ,
3461 458 3700 532 δεδέηταί
3730 485 3823 524 που

567 550 913 613 sacriﬁcavit,
935 547 1161 603 ostende
1191 545 1349 601 simul
1377 545 1540 600 etiam
1565 546 1846 600 nobiscum
1875 560 2149 616 peccasse.

568 641 866 700 Pastorille
885 642 1057 695 bonus
1081 653 1177 710 pro
1194 652 1427 708 quonam
1456 637 1634 706 posuit
1659 637 1892 690 animam
1916 651 2067 691 suam
2085 636 2150 703 “',

567 751 663 805 pro
694 748 784 798 se,
820 749 885 787 an
917 746 1016 801 pro
1053 731 1165 785 suis
1193 727 1438 784 ovibus?
1467 727 1648 782 Audio
1684 727 1832 781 illum
1884 727 2151 780 dicentem

566 830 632 880 de
663 825 819 880 nobis
853 843 865 878 :
905 841 924 875 ι
951 821 1054 876 Pro
1087 822 1215 890 ipsis
1252 835 1353 890 ego
1391 819 1671 875 sanctiﬁco
1712 819 1975 888 meipsum
2005 819 2050 849 ίσ
2078 834 2094 885 ;
2129 837 2148 870 ι

568 929 653 982 et,
688 929 746 972 ιιι
771 917 947 985 inquit
979 914 1378 972 beatnsPanlus
1409 930 1423 967 :
1455 931 1472 964 ι
1510 910 1696 966 Gratia
1731 910 1822 964 Dei
1853 927 1950 981 pro
1982 910 2157 964 omni-

569 1013 670 1066 bus
721 1007 959 1077 gustavit
998 1017 1225 1059 mortem
1260 1005 1301 1036 "
1337 1020 1351 1068 ;
1391 1021 1410 1056 ι
1459 1012 1510 1057 et
1555 1002 1750 1057 iterum
1788 1019 1801 1054 :
1847 1021 1866 1053 ι
1902 1000 2156 1054 Traditus

570 1109 654 1156 cst
705 1108 925 1168 propter
971 1096 1164 1151 delicta
1217 1103 1440 1156 nostra,
1473 1102 1528 1146 et
1583 1092 1887 1147 resurrexit
1937 1102 2160 1162 propter

567 1190 1009 1261 justiﬁcationem
1072 1195 1314 1240 nostram
1355 1185 1398 1216 ¹³
1434 1201 1449 1251 ;
1496 1203 1516 1236 ›
1554 1193 1607 1238 et
1636 1186 1775 1239 sicut
1805 1184 1936 1237 dicit
1989 1183 2159 1238 Isaias

573 1283 834 1351 propheta
868 1295 886 1333 :
923 1297 941 1329 ι
981 1277 1273 1345 Disciplina
1325 1276 1472 1346 pacis
1501 1287 1706 1331 nostra:
1741 1291 1904 1345 super
1928 1290 2073 1342 eum,
2105 1283 2159 1329 et

573 1372 745 1426 livore
777 1369 897 1439 ejus
929 1369 1107 1423 sanati
1136 1382 1324 1422 sumus
1355 1367 1399 1399 ¹⁹
1433 1385 1448 1434 ;
1492 1386 1510 1419 ο
1549 1382 1656 1420 non
1701 1368 1816 1438 ipse
1850 1380 1961 1421 sum
1991 1365 2161 1436 ipsius

572 1463 749 1517 carnis
809 1461 1062 1532 passione
1121 1460 1298 1515 obiter
1345 1469 1429 1515 est
1471 1469 1717 1514 curatus.
1765 1458 2023 1513 Traditus
2078 1467 2160 1512 est

571 1563 794 1625 propter
841 1552 1039 1608 delicta
1084 1563 1302 1616 nostra,
1338 1566 1444 1605 non
1495 1558 1714 1622 propter
1759 1565 1854 1604 sua
1893 1566 1907 1616 ;
1940 1549 2162 1604 minime

572 1647 813 1699 ninnium
855 1666 867 1700 :
909 1655 1158 1698 naturam
1196 1658 1428 1712 namque
1456 1643 1692 1697 hominis
1713 1654 1902 1694 omnes
1927 1638 2162 1694 fatemur

572 1751 638 1790 ex
670 1735 758 1789 illa
793 1735 844 1788 in
888 1735 1059 1788 Adam
1093 1734 1522 1800 transgressione
1544 1734 1596 1786 in
1633 1732 2064 1786 maledictioncm
2095 1744 2160 1784 ac

2264 547 2481 610 πάντως
2527 548 2842 616 ἀναγκαίως
2889 549 3081 618 αὑτῆς,
3129 548 3272 602 καθά
3323 553 3418 604 καὶ
3451 551 3604 622 ἡμεῖς
3647 559 3692 609 οἱ
3732 561 3820 616 ὑπὸ

2263 639 2426 708 ζυγὸν
2456 640 2754 710 ἁμαρτίας.
2794 639 3053 706 Ἐλεγξον
3087 640 3265 693 τοίνυν
3306 641 3471 696 αὑτὸν
3513 647 3638 712 περὶ
3663 649 3823 721 ἁμαρ.

2261 732 2382 794 τίας
2405 747 2416 759 ·
2454 733 2501 784 εἰ
2531 732 2726 784 τέθυκε
2749 731 2804 783 δὲ
2839 731 2957 801 μεθ’
2989 732 3165 802 ἡμῶν.
3204 733 3374 799 δεῖξον
3406 736 3535 804 ἡμῖν
3567 753 3829 812 συνημαρα

2261 823 2489 891 τηκότα,
2521 823 2735 893 Ποιμὴν
2761 821 3020 892 ὑπάρχων
3047 821 3270 889 ἀγαθὸς,
3299 823 3439 894 ὑπὲρ
3465 826 3605 889 τίνος
3633 829 3833 882 τέθεικε

2264 913 2362 986 τὴν
2399 913 2535 966 ἰδίαν
2575 914 2784 983 ψυχήνς
2814 914 2954 983 ὑπὲρ
2986 913 3179 966 ἑαυτοῦ
3228 915 3448 983 μᾶλλ⁰ν’
3481 918 3511 988 ἢ
3547 919 3680 989 ὑπὲρ
3734 922 3834 973 τῶν

2267 1005 2591 1075 προϐάτωνς
2623 1004 2834 1057 Ἀκοὺω
2860 1004 3109 1072 λέγοντος
3138 1005 3264 1074 περὶ
3295 1006 3479 1075 ἡμῶν·
3513 1026 3531 1058 ι
3561 1007 3726 1079 ’Υπὲρ
3748 1011 3836 1062 αὑ-

2263 1099 2372 1151 τῶν
2404 1097 2515 1165 ἐγὼ
2544 1097 2754 1165 ἁγιάζω
2800 1098 3071 1168 ἐμαυτόνο
3116 1115 3134 1148 ι
3171 1097 3265 1150 καὶ
3299 1097 3442 1152 καθά
3494 1117 3654 1168 φησιν
3694 1103 3720 1152 6
3758 1103 3837 1154 θε-

2268 1191 2486 1252 σπέσιος
2539 1189 2771 1252 Παῦλος,
2807 1207 2823 1240 ι
2863 1189 3062 1258 Χάριτι
3101 1187 3236 1241 Θεοῦ
3269 1188 3411 1259 ὑπὲρ
3453 1190 3648 1254 παντὸς
3692 1193 3838 1260 ἐγεύ-

2268 1299 2401 1336 σατο
2450 1281 2720 1334 θανάτου·
2766 1300 2784 1333 ι
2841 1279 2936 1333 καὶ
2992 1279 3190 1346 πάλιν,
3236 1302 3252 1332 ι
3307 1281 3583 1352 Παρεδόθη
3639 1283 3723 1336 διὰ
3774 1285 3837 1337 τά

2268 1369 2692 1442 παραπτώματα
2726 1368 2903 1441 ἡμῶν,
2934 1369 3029 1422 καὶ
3069 1369 3280 1441 ἠγέρθη
3317 1369 3404 1423 διὰ
3446 1371 3542 1441 τὴν
3567 1371 3838 1426 δικαίωσιν

2267 1461 2424 1531 ὴμῶν
2443 1476 2456 1490 ·
2498 1480 2516 1512 ι
2549 1461 2644 1512 καὶ
2669 1459 2811 1512 καθά
2831 1476 2994 1528 φησιν
3016 1461 3043 1511 6
3071 1465 3355 1530 προφήτης
3391 1461 3637 1527 Ἡσαΐας,
3670 1480 3688 1512 ι
3724 1464 3840 1516 Παι-

2266 1553 2384 1606 δεία
2433 1552 2654 1622 εἰρήνης
2691 1550 2847 1621 ἡμῶν
2903 1551 2991 1602 ἐπ’
3034 1550 3219 1615 αὑτὸν,
3269 1550 3347 1620 τῷ
3400 1550 3628 1621 μώλωπι
3682 1554 3837 1607 αὑτοῦ

2266 1645 2430 1714 ἡμεῖς
2475 1641 2740 1713 ίάθημεν·
2783 1660 2801 1693 ι
2845 1641 2944 1694 οὑκ
2993 1642 3156 1705 αὑτὸς
3185 1643 3245 1695 τὸ
3275 1641 3384 1714 [ἷσ.
3429 1642 3530 1714 τῷ]
3586 1644 3683 1714 τῆς
3714 1645 3840 1708 ἰδίας

2272 1735 2473 1805 σαρκὸς
2495 1732 3017 1804 παραθεραπεὺεται
3047 1733 3230 1786 πάθει.
3256 1734 3538 1804 ιΙαρεδόθη
3561 1734 3646 1787 διὰ
3666 1734 3732 1788 τά
3753 1753 3842 1788 πα-

575 1836 806 1880 mortem
867 1825 1033 1880 fuisse
1080 1824 1408 1891 devolutam,
1442 1825 1508 1878 ad
1542 1824 1656 1879 hate
1688 1823 1964 1878 laborasse
1997 1825 2158 1878 etiam

2273 1823 2616 1896 ραπτώματα
2657 1823 2815 1893 ἡμῶν
2839 1839 2850 1851 ⁸
2881 1824 2939 1876 οὑ
2969 1823 3059 1876 διά
3090 1841 3152 1892 γε
3184 1824 3252 1877 τά
3298 1826 3494 1878 ἑαυτοῦ
3515 1841 3528 1854 ·
3563 1825 3757 1879 πολλοῦ
3781 1843 3839 1895 γε

573 1918 838 1972 facilitate
904 1919 1160 1987 peccandi
1224 1917 1278 1971 in
1329 1931 1531 1982 carne,
1563 1925 1622 1970 ut
1669 1916 1989 1986 justificatio
2033 1917 2165 1986 legis

573 2011 682 2082 93
717 2010 1032 2080 impleretur
1064 2011 1120 2074 in
1169 2010 1350 2075 nobis,
1399 2011 1490 2079 qui
1545 2024 1652 2064 non
1692 2011 1991 2064 secundum
2037 2024 2163 2064 car-

577 2121 699 2158 nem
737 2103 1102 2168 ambulamus,
1148 2103 1240 2157 sed
1287 2102 1585 2156 secundum
1636 2103 1883 2173 Spiritum
1912 2102 2001 2155 ὀε
2039 2117 2163 2156 nam

578 2205 863 2264 pr0pterea
921 2194 1251 2247 novissimus
1301 2194 1471 2247 Adam
1527 2203 1610 2247 est
1668 2193 2000 2264 appellatus,
2057 2209 2164 2248 non

577 2287 724 2356 quod
758 2285 958 2354 prioris
999 2284 1143 2339 illius
1175 2285 1324 2339 vitiis
1368 2285 1654 2352 laborarit,
1683 2288 1777 2340 sed
1807 2287 1951 2356 quod
1988 2288 2041 2340 in
2076 2302 2163 2341 se-

579 2379 714 2445 ipso,
752 2385 807 2430 et
833 2378 1048 2445 quidem
1079 2377 1276 2446 primo,
1307 2377 1543 2432 hominis
1565 2387 1814 2432 naturam
1852 2388 2165 2450 transgres-

579 2469 748 2521 sionis
769 2467 915 2522 illius
938 2470 1142 2522 veteris
1165 2470 1395 2522 crimine
1425 2469 1667 2522 liberarit
1698 2487 1711 2522 :
1741 2470 1990 2538 quamvis
2020 2471 2169 2528 enim

579 2561 668 2613 illa
698 2558 860 2612 fuerit
897 2559 948 2612 in
1003 2547 1171 2612 Adam
1229 2559 1506 2623 datnnata,
1559 2569 1614 2612 at
1657 2569 1806 2613 certe
1855 2559 1908 2613 in
1946 2559 2166 2614 Christo

579 2652 966 2720 probatissima
990 2659 1042 2703 et
1078 2649 1351 2720 imprimis
1377 2651 1715 2706 admirabilis
1757 2653 2029 2722 apparuit.
2069 2651 2166 2706 Est

579 2758 712 2812 ergo
734 2743 824 2796 ille
851 2742 1068 2812 quidem
1092 2750 1362 2806 terrenus,
1391 2743 1642 2796 Christus
1668 2758 1795 2797 vero
1819 2743 2059 2798 coelestia
2080 2744 2161 2798 “:

579 2846 635 2890 ct
660 2836 788 2890 licet
819 2834 964 2904 lapsa
995 2833 1066 2888 sit
1097 2834 1149 2887 in
1192 2833 1284 2888 illo
1313 2834 1518 2903 priore,
1553 2841 1608 2887 et
1642 2835 1708 2889 ad
1741 2835 2162 2889 inobedientiam

579 2926 813 2994 dejecta,
838 2927 983 2995 quod
1011 2932 1096 2978 est
1137 2934 1439 2994 peccatum,
1474 2933 1652 2979 tamen
1691 2933 1891 2980 statum
1923 2940 1952 2978 a
1985 2935 2163 2981 trans-

579 3019 862 3088 gressione
905 3017 1130 3072 liberum
1168 3020 1220 3071 in
1257 3017 1474 3072 Christo
1506 3018 1783 3082 servavit,
1816 3027 1870 3072 et
1906 3029 2162 3089 tanquam

580 3113 634 3165 in
667 3112 836 3167 altero
869 3112 1038 3166 nostri
1068 3113 1284 3182 generis
1325 3111 1485 3166 initio
1513 3125 1542 3164 a
1580 3112 1787 3180 peccati
1823 3112 2045 3168 vulnere
2082 3113 2165 3166 in-

2268 1918 2361 1970 καὶ
2383 1916 2494 1969 δεῖ·
2522 1917 2918 1986 κατενήνεκται
2947 1917 3044 1986 μὲν
3076 1917 3184 1987 γάρ
3213 1917 3664 1986 ὁμολογουμένως
3697 1920 3728 1987 ἡ
3758 1919 3841 1970 ἀν-

2267 2009 2488 2078 θρώπου
2519 2009 2680 2078 φύσις
2703 2011 2766 2061 ὲκ
2791 2011 2888 2080 τῆς
2918 2010 2976 2062 ὲν
3014 2009 3186 2079 Ἀδάμ
3215 2010 3583 2078 παραϐάσεως
3610 2013 3686 2073 είς
3713 2010 3840 2079 ἀρὰν

2267 2103 2362 2154 καὶ
2392 2101 2621 2155 θάνατον
2642 2117 2654 2130 ·
2689 2100 3121 2172 κατηρρώστησε
3149 2100 3205 2153 δὲ
3243 2100 3381 2172 πρὸς
3413 2102 3623 2165 τούτοις
3671 2102 3760 2154 καὶ
3786 2103 3842 2155 τὸ

2267 2192 2576 2254 εῦκολονείς
2601 2194 2873 2262 ἁμαρτίαν
2893 2193 2949 2245 ἐν
2971 2194 3035 2262 τῇ
3053 2193 3214 2264 σαρκί
3236 2209 3246 2220 °
3275 2193 3362 2245 ἵνα
3383 2193 3443 2245 τὸ
3463 2192 3733 2263 δικαίωμα
3754 2193 3839 2246 τοῦ

2267 2285 2435 2354 νόμου
2464 2283 2729 2354 πληρωθῇ
2757 2281 2967 2354 ὲνὴμῖν
2996 2287 3105 2346 τοῖς
3134 2284 3209 2355 μὴ
3239 2285 3382 2337 κατὰ
3403 2287 3584 2355 σάρκα
3623 2303 3838 2356 περιπα-

2265 2378 2470 2440 τοῦσιν,
2488 2376 2622 2428 ἀλλὰ
2643 2375 2784 2428 κατά
2809 2375 3452 2446 πνεῦμα.Κεχρημάτικε
3473 2377 3582 2449 γάρ
3596 2379 3680 2431 διὰ
3705 2379 3840 2431 τοῦτο

2266 2469 2360 2521 καὶ
2389 2468 2617 2537 ἔσχατος
2658 2466 2830 2536 Ἀδάμ
2851 2483 2863 2494 ·
2888 2469 2949 2517 οὑ
2983 2469 3050 2518 τά
3085 2466 3175 2518 τοῦ
3214 2466 3434 2536 πρώτου
3463 2471 3638 2522 νοσεῖν
3667 2469 3841 2538 ἀνεχό-

2269 2575 2448 2628 μενος,
2486 2557 2844 2611 ἀπαλλάττων
2888 2557 2943 2610 δὲ
2994 2557 3192 2626 μᾶλλον
3240 2559 3316 2622 ὡς
3361 2561 3420 2612 ἐν
3451 2561 3628 2630 ἐαυτῷ
3659 2577 3715 2613 τε
3757 2562 3840 2612 καὶ

2269 2649 2469 2722 πρώτῳ
2521 2649 2618 2720 τὴν
2661 2647 2952 2720 ἀνθρώπου
3003 2649 3165 2718 φύσιν
3207 2651 3315 2702 τῶν
3365 2653 3433 2704 ὲκ
3486 2653 3840 2724 παραϐάσεως

2265 2741 2497 2812 ἀρχαίας
2527 2741 2741 2809 ἐκείνης
2775 2741 3116 2811 αίτιαμάτων
3137 2757 3149 2771 ·
3199 2743 3565 2814 κατεγνώσθη
3612 2745 3709 2815 μὲν
3740 2743 3839 2814 γάρ

2269 2834 2476 2903 Ἀδάμο
2541 2833 2657 2886 ἀλλ’
2701 2833 2861 2904 ὤφθη
2903 2833 3251 2906 δοκιμωτάτη
3284 2837 3378 2889 καὶ
3425 2835 3752 2906 άξιάγαστος
3787 2838 3840 2889 ὲν

2266 2925 2511 2996 Χριστῷ.
2545 2925 2740 2988 Χεοῖκὸς
2784 2921 2878 2979 οὑν
2915 2928 3158 2994 ἐκεῖνος,
3206 2929 3536 2998 ἐπουράνιος
3574 2930 3630 2982 δὲ
3660 2932 3687 2983 6
3719 2929 3842 3000 Xpt-

2269 3017 2412 3081 στός.
2449 3018 2558 3069 Καὶ
2602 3019 2874 3090 ὲνετράπη
2929 3019 3028 3089 μὲν
3072 3021 3128 3071 ὲν
3172 3017 3250 3090 τῷ
3284 3020 3514 3092 πρώτῳ,
3557 3038 3843 3091 κατακομι-

2269 3108 2454 3161 σθεῖσα
2489 3109 2624 3179 πρὸς
2656 3109 2962 3181 παρακοήν,
3009 3111 3146 3181 ὅπερ
3180 3111 3329 3163 ἐστὶν
3379 3113 3664 3184 ἁμαρτία·
3699 3115 3844 3182 τετή-

579 3215 728 3276 tegra
762 3205 1046 3275 apparuit,
1081 3213 1136 3258 et
1179 3204 1560 3258 maledictione
1604 3205 2062 3274 damnationeqne
2109 3213 2162 3260 et

2271 3215 2407 3268 ρηκε
2437 3199 2491 3252 δὲ
2531 3201 2594 3252 τὸ
2638 3200 2994 3271 ἀπαράϐατον
3019 3201 3084 3253 Δὲν
3127 3202 3370 3272 Χριστῷ,
3423 3205 3519 3257 καὶ
3553 3203 3626 3268 ὡς
3667 3205 3722 3258 ὲν
3751 3205 3846 3257 άπ-

581 3307 752 3352 morte
777 3306 938 3365 atque
962 3297 1310 3366 corruptione
1341 3296 1625 3350 valentior.
1656 3296 1954 3350 Conﬁrmat
1977 3306 2159 3350 autem

578 3404 682 3446 nos
722 3391 914 3443 beatus
945 3388 1168 3452 Paulus,
1201 3387 1293 3455 qui
1339 3387 1417 3441 sic
1469 3388 1731 3458 scripsit:
1769 3407 1786 3438 ι
1825 3389 1977 3442 Sicut
2019 3389 2163 3442 enim

577 3497 678 3551 per
707 3480 1128 3536 inobedientiam
1159 3479 1319 3534 unius
1353 3479 1588 3534 hominis
1615 3491 1928 3550 peccatores
1958 3481 2165 3535 consti-

580 3575 679 3627 ιιιιὶ
697 3581 839 3626 -snnt
873 3571 1060 3626 multi:
1095 3571 1168 3625 ita
1197 3581 1252 3624 et
1288 3587 1382 3641 per
1412 3573 1576 3626 unius
1631 3573 1996 3628 obedientiam
2032 3572 2163 3642 justi

579 3664 986 3720 constituentur
1021 3663 1174 3717 multi
1214 3665 1280 3716 ”.
1318 3682 1336 3714 ι
1369 3663 1578 3732 Indiget
1627 3664 1790 3733 igitur
1837 3664 2015 3718 hostia
2066 3678 2165 3733 pro

579 3757 694 3811 suis
754 3755 966 3810 delictis
1017 3756 1264 3825 quisquis
1319 3755 1524 3824 peccati
1587 3765 1740 3810 reatu
1795 3763 2048 3809 tenetur:
2107 3763 2164 3810 et

578 3847 773 3900 obtulit
798 3848 1033 3914 seipsum
1069 3845 1319 3900 Christus
1353 3859 1450 3912 pro
1483 3859 1682 3915 genere
1708 3843 2004 3898 secundum
2039 3857 2163 3898 car-

579 3956 721 4006 nem,
780 3941 881 3995 hoc
914 3949 1017 4005 est,
1067 3954 1166 4008 pro
1212 3940 1388 4004 nobis,
1442 3941 1548 3994 non
1601 3950 1783 3992 autem
1818 3951 1916 4006 pro
1960 3936 2163 4006 seipso,

578 4049 701 4088 cum
742 4041 966 4102 peccato
1005 4034 1252 4101 superior
1286 4041 1465 4097 esset,
1503 4038 1690 4100 utpote
1728 4030 1868 4084 Deus
1893 4067 1909 4091 ,
1957 4044 2080 4082 nam
2118 4027 2162 4081 si

577 4132 798 4193 propter
844 4137 903 4177 se
951 4132 1036 4177 est
1067 4121 1412 4187 immolatus,
1452 4132 1582 4188 ergo
1622 4131 1728 4171 non
1770 4116 1870 4170 soli
1913 4131 2009 4171 nos
2045 4113 2166 4183 ejus

577 4215 841 4286 sanguine
874 4214 1038 4282 empti
1064 4229 1251 4267 sumus
1275 4214 1343 4280 ",
1379 4213 1676 4267 secundum
1705 4208 2040 4279 Scripturas,
2068 4207 2165 4262 sed

578 4309 858 4362 nobiscum
889 4308 994 4362 erit
1023 4307 1184 4362 simul
1229 4308 1344 4376 ipse
1398 4305 1742 4372 redemptus;
1789 4314 1966 4370 neque
2007 4299 2164 4368 juxta

577 4399 728 4454 Isaiae
754 4413 965 4464 vocem,
1003 4399 1261 4454 Dominus
1299 4396 1525 4451 tradidit
1571 4397 1748 4465 ipsum
1781 4394 2020 4463 peccatis
2069 4405 2166 4444 no-

2268 3291 2410 3359 αρχῇ
2438 3289 2669 3361 δευτέρα
2705 3289 2800 3342 τοῦ
2835 3291 3049 3358 γένους,
3083 3290 3240 3361 ὤφθη
3285 3310 3343 3345 τε
3379 3293 3637 3364 ἄτρωτος
3678 3296 3847 3366 άμαρο

2267 3378 2434 3442 τίαις,
2471 3380 2565 3431 καὶ
2593 3379 2859 3448 κρείττων
2887 3382 3028 3452 ἀρᾶς
3051 3382 3146 3433 καὶ
3183 3381 3339 3452 δίκης
3370 3386 3475 3436 καὶ
3506 3385 3734 3439 θανάτου
3763 3383 3850 3438 καὶ

2270 3472 2497 3542 φθορᾶς.
2531 3474 2910 3544 Προσεμπεδοῖ
2943 3474 2998 3528 δὲ
3029 3476 3176 3546 ἡμᾶς
3203 3477 3230 3528 6
3267 3476 3590 3546 σοφώτατος
3618 3476 3850 3540 Παῦλος,

2267 3563 2367 3614 ὡδὶ
2393 3563 2687 3632 γεγραφώς
2710 3580 2723 3592 '
2765 3583 2783 3615 ι
2819 3565 3032 3637 Ὥσπερ
3061 3566 3170 3636 γὰρ
3198 3565 3287 3620 διά
3317 3568 3429 3637 τῆς
3461 3569 3746 3641 παρακοῆς
3766 3567 3853 3621 τοῦ

2268 3655 2386 3718 ἑνὸς
2416 3654 2707 3728 ἀνθρώπου
2759 3657 3081 3728 ἁμαρτωλοὶ
3127 3662 3558 3732 κατεστάθησαν
3587 3663 3636 3716 οἱ
3662 3661 3855 3727 πολλοὶ,

2266 3745 2410 3801 οὑτω
2439 3750 2535 3802 καὶ
2586 3749 2677 3802 διὰ
2723 3751 2824 3821 τῆς
2857 3751 3106 3821 ὑπακοῆς
3149 3749 3242 3804 τοῦ
3287 3753 3436 3820 ένὺς,
3473 3755 3668 3809 δίκαιοι
3700 3769 3854 3808 κατα-

2269 3841 2630 3913 σταθήσονται
2670 3843 2719 3896 οί
2754 3843 2960 3899 πολλοί.
2997 3864 3015 3895 ι
3053 3848 3236 3898 Δεῑται
3275 3846 3339 3918 δὴ
3374 3843 3472 3902 οὖν
3509 3850 3722 3916 θυσίας,
3759 3848 3851 3918 τῆς

2268 3934 2408 4004 ὑπέρ
2438 3951 2501 4005 γε
2526 3935 2634 3988 τῶν
2665 3935 2810 3990 ἰδίων
2835 3937 3357 4010 πλημμελημάτων,
3379 3943 3490 4006 πᾶς
3514 3943 3569 3994 εἰ
3591 3959 3675 4005 τις
3705 3941 3853 4008 γέγο-

2265 4044 2356 4080 νεν
2389 4027 2668 4099 ἁμαρτίας
2701 4028 2882 4099 ἔνοχος
2907 4046 2919 4059 ·
2954 4033 3046 4083 καὶ
3089 4033 3506 4104 προσκεκομικε
3542 4037 3644 4104 μὲν
3672 4031 3852 4086 ἑαυτὸν

2264 4123 2293 4173 ὁ
2324 4120 2555 4190 Χριστὸς
2585 4122 2724 4193 ὑπὲρ
2757 4121 2852 4174 τοῦ
2902 4122 3046 4175 κατὰ
3080 4123 3262 4196 σάρκα
3289 4126 3488 4194 γένους
3514 4166 3529 4191 ,
3561 4127 3853 4186 τουτέστιν,

2266 4212 2410 4282 ὑπὲρ
2468 4213 2658 4282 ἡμῶν·
2733 4212 2875 4283 ὑπὲρ
2942 4212 3140 4266 ἑαυτοῦ
3203 4214 3280 4278 δὲ,
3329 4216 3544 4281 οὑκέτι,
3601 4215 3853 4288 κρείττων

2268 4304 2544 4376 ἁμαρτίας
2592 4305 2876 4375 ὑπάρχων,
2923 4304 2998 4368 ὡς
3058 4305 3212 4369 Θεὸς.
3259 4307 3321 4359 El
3357 4309 3490 4380 -γάρ
3532 4308 3753 4362 τέθυται
3795 4301 3854 4354 δι’

2268 4396 2483 4462 ἑαυτὸν,
2536 4396 2636 4466 οὐχ
2687 4398 2849 4466 ἡμεῖς
2899 4397 3292 4469 ἠγοράσθημεν
3343 4401 3504 4470 μόνοι
3548 4400 3626 4471 τῷ
3673 4399 3857 4468 αἵματι

580 4491 712 4544 stris
739 4489 818 4557 ",
852 4491 942 4545 sed
974 4506 1072 4560 pro
1105 4491 1215 4545 suis
1246 4489 1407 4544 etiam
1441 4496 1527 4543 est
1556 4488 1734 4541 datus.
1771 4484 1877 4540 Ubi
1907 4484 2050 4539 enim
2084 4492 2162 4538 est

2270 4489 2460 4551 αὑτοῦ,
2513 4490 2653 4542 κατὰ
2687 4490 2784 4553 τὰς
2834 4490 3058 4561 Γραφάς
3079 4507 3092 4522 ·
3124 4491 3238 4544 ἀλλ’
3273 4491 3362 4562 ετη
3393 4493 3440 4546 δ’
3468 4493 3538 4548 ἂν
3569 4495 3666 4548 καὶ
3704 4490 3858 4550 αὑτὸς

579 4583 754 4637 hostia
779 4592 833 4637 et
860 4583 1086 4647 oblatio,
1123 4581 1192 4636 ibi
1237 4595 1461 4650 prorsus
1507 4578 1761 4634 remissio
1791 4585 2162 4647 peccatorum.

2273 4584 2404 4653 ἡμῖν
2436 4582 2944 4653 συνηγορασμένος,
2972 4583 3157 4636 οὑκέτι
3193 4584 3333 4637 κατὰ
3369 4585 3474 4656 τὴν
3500 4585 3598 4640 τοῦ
3643 4582 3856 4637 Ἡσαΐου

580 4675 802 4744 Decepit
835 4674 1003 4745 igitur
1040 4684 1210 4728 totum
1252 4674 1439 4728 orbem
1481 4679 1751 4726 terrarum
1793 4669 1985 4723 beatus
2021 4666 2165 4720 Pau-

578 4767 683 4832 lus,
710 4767 802 4836 qni
836 4769 901 4820 de
933 4766 1025 4821 illo
1049 4765 1268 4834 scripsit
1298 4779 1312 4818 :
1357 4781 1378 4814 ι
1407 4763 1555 4818 Talis
1585 4763 1730 4817 enim
1759 4761 1915 4817 nobis
1941 4760 2168 4816 decebat

579 4870 638 4912 ιιι
669 4868 812 4913 esset
861 4857 1137 4928 pontifex,
1188 4865 1434 4920 sanctus,
1495 4855 1776 4922 innocens,
1827 4852 2162 4923 impollutus,

579 4959 894 5021 segregatus
917 4966 943 5002 a
971 4949 1374 5020 peccatoribus,
1398 4957 1456 5002 et
1481 4947 1752 5003 excelsior
1774 4947 1927 5003 cmlis
1953 4945 2161 5012 factus;

583 5043 668 5110 qui
702 5059 809 5097 non
859 5043 1026 5097 habet
1066 5040 1310 5110 quotidie
1359 5041 1760 5108 necessitatem,
1807 5039 2162 5112 quemadmo-

579 5131 705 5185 dum
751 5131 1085 5196 sacerdotes,
1122 5129 1274 5201 prius
1307 5147 1404 5201 pro
1440 5132 1554 5186 suis
1584 5131 1795 5187 delictis
1830 5133 2035 5188 hostias
2078 5131 2163 5186 of-

581 5224 744 5291 fcrre,
779 5223 974 5278 deimle
1001 5236 1099 5291 pro
1128 5223 1309 5294 populi
1340 5241 1354 5279 :
1392 5225 1495 5280 hoc
1521 5226 1666 5280 enim
1697 5225 1826 5280 fecit
1859 5225 2026 5281 semel
2075 5240 2164 5280 se-

581 5318 756 5383 ipsum
784 5316 1040 5370 oll’erens.
1073 5315 1185 5371 Lex
1204 5317 1346 5371 enim
1374 5317 1622 5373 homines
1653 5319 1940 5374 constituit
1965 5333 2166 5373 sacer-

581 5410 735 5460 dotes
764 5406 1137 5462 intirmitatem
1171 5410 1438 5463 habentes
1469 5426 1482 5462 :
1514 5424 1694 5466 sermo
1728 5421 1911 5466 autem
1936 5409 2167 5479 jurisju-

583 5497 736 5552 randi
768 5499 910 5567 quod
943 5508 1064 5555 oost
1095 5499 1269 5570 legem
1308 5509 1413 5569 est,
1443 5499 1639 5556 Filium
1668 5502 1722 5556 in
1751 5512 2012 5556 aeternum
2043 5516 2168 5571 per-

654 5698 698 5731 "
735 5697 889 5753 Joan.
927 5717 979 5765 x,
1013 5701 1101 5757 15.
1180 5703 1224 5735 ⁸⁸
1261 5701 1416 5759 Joan.
1452 5719 1583 5768 xvu,
1615 5703 1701 5758 19.
1781 5704 1824 5738 ¹⁴¹
1868 5703 2033 5759 Hebr.
2078 5719 2138 5768 ιι,
2171 5702 2224 5758 9.
2307 5702 2351 5736 "
2391 5700 2498 5758 Isa.
2531 5717 2648 5757 LIII.
2683 5701 2752 5767 5;
2783 5700 2940 5755 Rom.
2979 5716 3054 5766 Iv,
3091 5699 3184 5755 25.

2272 4677 2478 4743 φωνὴν,
2531 4693 2548 4724 ι
2580 4674 2785 4744 Κύριος
2839 4673 3154 4744 παρέδωκεν
3202 4675 3368 4728 αὑτὸν
3409 4681 3534 4740 ταῖς
3566 4675 3858 4748 ἁμαρτίαις

2270 4767 2429 4838 ἡμῶν
2451 4785 2463 4796 ’
2503 4786 2522 4818 ι
2558 4764 2767 4818 δέδοται
2793 4765 2850 4818 δὲ
2881 4765 3084 4836 μᾶλλον
3111 4766 3206 4820 καὶ⁸
3235 4767 3376 4839 ὑπὲρ
3411 4769 3529 4822 τῶν
3568 4770 3744 4822 ἰδίων.
3786 4754 3854 4817 Οὗ

2269 4859 2378 4931 γάρ
2407 4859 2542 4923 ὅλως
2588 4859 2748 4913 θυσία
2794 4859 2890 4912 καὶ
2926 4859 3263 4932 προσαγωγὴ
3290 4901 3305 4926 ,
3343 4863 3467 4915 ἐκεῖ
3509 4881 3615 4916 που
3650 4863 3859 4919 πάντως

2269 4952 2364 5005 καὶ
2392 4952 2586 5021 ἄφεσις
2608 4951 2916 5024 ἁμαρτιῶν.
2943 4953 3318 5022 Πεφενάκικεν
3341 4950 3440 5008 οὖν
3469 4957 3585 5025 ἄρα
3613 4955 3739 5016 τοὺς
3762 4947 3859 5004 ἀνὰ

2271 5047 2454 5100 πᾶσαν
2498 5044 2599 5115 τὴν
2629 5046 2720 5099 ὑπ’
2761 5043 2991 5116 οὐρανὸν
3033 5046 3062 5098 6
3109 5044 3400 5109 θεσπέσιος
3450 5044 3704 5108 Παῦλος,
3740 5037 3860 5109 περὶ

2273 5135 2439 5192 αὑτοῦ
2468 5135 2794 5208 γεγραφὼς’
2835 5154 2853 5186 t
2890 5133 3144 5198 Τοιοῦτος
3172 5135 3282 5206 γάρ
3315 5136 3456 5206 ἡμῖν
3493 5134 3738 5204 ἔπρεπεν
3767 5130 3860 5199 άρ-

2270 5229 2508 5300 χιερεὺς,
2539 5229 2704 5294 ὅσιος,
2740 5227 2968 5291 ἄκακος,
3000 5226 3288 5298 ἀμίαντος,
3318 5225 3736 5297 κεχωρισμένος
3761 5217 3866 5275 ἀπὸ

2268 5321 2378 5374 τῶν
2419 5320 2782 5392 ἁμαρτωλῶν,
2813 5319 2906 5374 καὶ
2936 5319 3267 5390 ὑψηλότερος
3296 5317 3406 5371 τῶν
3429 5317 3687 5390 οὑρανῶν
3717 5311 3864 5384 γενό-

2274 5428 2464 5481 μενος⁸
2489 5411 2547 5475 ὃς
2570 5412 2672 5464 οὑκ
2703 5409 2818 5479 ἔχει
2861 5408 2982 5463 καθ’
3023 5408 3238 5480 ἡμέραν
3265 5408 3545 5478 ἀνάγκην,
3588 5406 3778 5473 ὥσπερ
3814 5400 3862 5454 oi

2270 5501 2584 5572 ἀρχιερεῖς,
2614 5499 2881 5572 πρότερον
2914 5499 3054 5569 ὑπὲρ
3082 5497 3192 5550 τῶν
3245 5498 3392 5551 ἰδίων
3445 5493 3863 5570 ἁμαρτημάτων

3263 5701 3306 5734 ¹’
3346 5699 3456 5754 lsa.
3490 5716 3608 5766 LIII,
3633 5697 3688 5753 5.
3797 5691 3840 5724 ’°

584 5769 738 5824 Rom.
781 5786 896 5839 Vill,
927 5773 979 5826 4.
1057 5773 1099 5804 ³³
1141 5773 1161 5828 ι
1199 5774 1326 5829 Cor.
1355 5791 1444 5844 xv,
1476 5775 1565 5830 47.
1644 5776 1688 5807 ²’
1728 5773 1887 5831 Rom.
1923 5789 1974 5841 ν,
2009 5775 2095 5830 19.

2267 5773 2390 5829 ibid.
2422 5774 2475 5827 9.
2560 5774 2606 5805 "
2640 5772 2746 5828 lsa.
2772 5787 2890 5834 LIII,
2931 5771 3032 5836 155
3076 5772 3093 5824 Ι
3141 5773 3270 5826 Cor.
3303 5786 3398 5835 xv,
3429 5771 3484 5841 3,.
