4150 6430
352 313 378 366 1
392 312 463 364 (οὸ

1436 306 1809 366 ADVERSUS
1846 309 2254 369 NESTOHIUM
2292 314 2419 372 LIB.
2463 314 2550 371 ΙΙΙ.

3522 327 3626 381 ":6

348 428 552 491 θυσίας
582 426 902 499 ἀναφέρειν,
931 427 1126 482 ἔπειτα
1163 427 1273 482 τῶν
1315 427 1409 482 τοῦ
1438 428 1568 482 λαοῦ
1588 447 1603 460 ·
1642 430 1801 484 τοῦτο
1837 431 1948 503 γὰρ

2052 433 2250 490 fectum
2278 436 2344 490 ’⁸.
2384 455 2405 488 ι
2450 435 2735 502 Quomodo
2780 438 2945 508 igitur
2987 448 3213 496 sanctus
3257 450 3342 498 est
3383 446 3623 512 pontifex

344 520 619 591 ἐποίησεν
653 519 875 588 ἐφάπαξ
902 519 1098 574 ἑαυτὸν
1123 520 1516 591 προσενέγκας.
1557 521 1615 573 Ὀ
1643 522 1806 592 νόμος
1839 522 1949 593 γὰρ

346 613 691 683 ἀνθρώπους
721 611 1048 683 καθίστησιν
1074 613 1351 682 ἀρχιερεῖς
1380 611 1601 682 ἔχοντας
1628 613 1910 677 ἀσθενείας
1930 629 1945 645 ’

347 706 378 758 ὁ
409 705 579 774 λόγος
613 705 672 758 δὲ
702 705 804 775 τῆς
832 702 1185 774 ὁρκωμοσίας
1214 704 1314 773 τῆς
1343 704 1483 773 μετὰ
1507 704 1597 757 τὸν
1627 703 1949 775 νόμον,Υἱὸν

348 797 432 859 εἰς
479 797 577 850 τὸν
630 795 808 849 αἰῶνα
845 794 1287 865 τετελειωμένον.
1324 812 1343 845 ι
1375 794 1499 859 Πῶς
1535 791 1629 849 οὖν
1672 796 1815 859 ὅσιος
1843 798 1946 869 ἀρ-

353 889 579 958 χιερεὺς
606 890 637 939 6
671 887 913 955 Χριστός
939 902 954 952 ;
989 886 1021 956 ἢ
1054 885 1194 938 κατά
1220 885 1342 938 τίνα
1367 886 1567 957 τρόπον
1598 886 1804 951 ἄκακος
1852 888 1949 941 καὶ

354 981 645 1051 ἀμίαντος,
679 981 730 1031 εἰ
758 979 938 1031 δέεται
972 976 1092 1047 μεθ’
1118 977 1275 1048 ἡμῶν
1298 979 1397 1048 τῆς
1426 977 1616 1042 θυσίας
1648 996 1950 1051 προσκεκο-

355 1072 607 1142 μημένος
661 1056 798 1142 [lar
834 1068 1429 1142 προσκεκομισμένης]
1473 1072 1553 1133 εἰς
1599 1072 1793 1140 ἄφεσιν
1839 1071 1951 1125 τῶν

353 1161 887 1232 πλημμελημάτων,
934 1160 1030 1214 καὶ
1078 1163 1158 1223 είς
1192 1160 1473 1214 δικαίωσιν
1500 1161 1608 1213 τῶν
1634 1163 1949 1233 ἡμαρτηκό-

348 1270 499 1319 των;
530 1252 660 1314 Πῶς
691 1251 1025 1322 κεχώρισται
1042 1251 1149 1305 τῶν
1179 1251 1538 1323 ἁμαρτωλῶν,
1566 1255 1613 1305 εἰ
1643 1252 1946 1306 δικαιοῦται

351 1348 457 1400 σὺν
493 1347 711 1409 αὐτοῖς,
742 1348 842 1415 οὐχ
874 1347 1064 1416 ἐτέρου
1093 1361 1188 1397 του
1248 1345 1409 1417 χάριν
1432 1345 1530 1415 τῆς
1556 1346 1745 1409 θυσίας
1774 1363 1945 1416 προσ-

344 1436 777 1508 κεκομισμένης
804 1476 819 1500 ,
869 1436 903 1505 ἢ
946 1436 1155 1490 τούτων
1186 1437 1396 1505 aut-(7w;
1432 1439 1705 1510 Θαυμάζω
1746 1438 1825 1505 δὲ,
1861 1440 1946 1493 ὅτι

342 1529 795 1600 διακεκραγότος
834 1528 931 1582 τοῦ
981 1529 1224 1595 Παύλου,
1267 1529 1363 1583 καὶ
1398 1530 1543 1601 μάλα
1593 1529 1801 1598 σαφῶς,
1844 1531 1947 1584 οὐκ

348 1616 500 1673 εἶναι
544 1619 936 1689 παραπλήσιον
973 1620 1089 1683 τοῖς
1122 1619 1261 1693 ὑπὲρ
1296 1620 1406 1673 τῶν
1448 1620 1595 1674 ἰδίων
1628 1620 1946 1692 πλημμελη-

351 1711 549 1781 μάτων
580 1712 981 1783 προσκομίζειν
1003 1711 1475 1784 κεκελευσμένοις,
1500 1712 1690 1767 ἔπειτα
1714 1713 1822 1767 τῶν
1844 1712 1941 1767 τοῦ

2050 524 2335 581 Christus?
2376 528 2461 582 vel
2491 529 2763 597 quomodo
2804 530 3067 586 innocens
3100 540 3154 586 et
3191 532 3539 602 impollutus,
3583 554 3628 590 si

2049 616 2336 672 nobiscum
2365 617 2569 688 indiget
2593 620 2770 675 hostia
2802 637 2898 691 pro
2923 625 3160 691 peccatis
3195 626 3535 683 remittendis
3577 642 3627 679 et

2050 704 2116 759 ad
2161 718 2474 774 peccatores
2507 708 2885 777 justillcandos
2925 711 3174 767 oblatus?
3215 713 3499 780 Quomodo
3542 732 3630 770 se~

2050 805 2302 865 gregatus
2328 812 2356 851 a
2390 800 2786 866 peccatoribus,
2814 801 2861 855 si
2888 816 2992 854 una
3019 817 3141 855 cum
3171 806 3299 872 ipsis
3335 804 3445 877 95
3467 806 3630 874 justi—

2051 887 2323 953 licabitur,
2362 903 2485 943 cum
2534 890 2713 946 hostia
2740 906 2847 945 non
2891 892 2994 946 alia
3040 895 3105 948 de
3133 908 3295 948 causa
3345 898 3628 961 oneratur,

2046 992 2208 1047 quam
2231 995 2329 1049 pro
2364 981 2480 1035 istis
2516 982 2687 1049 ipsis?
2729 983 2897 1037 Miror
2934 991 3115 1038 autem
3153 989 3319 1055 quod,
3360 991 3630 1042 clamante

2047 1068 2235 1134 Paulo,
2262 1081 2315 1124 et
2341 1073 2557 1139 quidem
2589 1075 2956 1141 apertissime,
2991 1091 3096 1130 nou
3128 1092 3249 1131 esse
3277 1078 3424 1131 illum
3457 1095 3626 1147 νει-ει-

2050 1160 2230 1215 milem
2292 1162 2375 1216 his
2416 1163 2612 1232 quibus
2650 1179 2749 1234 pro
2789 1167 2907 1221 suis
2944 1167 3156 1221 delictis
3194 1167 3398 1223 hostias
3435 1170 3629 1224 offerre

2047 1253 2120 1307 sit
2143 1254 2383 1321 jussum,
2439 1257 2634 1311 deinde
2665 1272 2763 1325 pro
2792 1259 3007 1315 delictis
3046 1261 3225 1330 populi
3248 1299 3263 1323 ,
3301 1276 3407 1315 non
3437 1263 3629 1315 timeas

2045 1342 2318 1397 contraria
2341 1346 2636 1412 praedicare
2669 1345 2734 1398 iis
2761 1360 2879 1414 qua:
2922 1345 3011 1398 ille
3049 1348 3204 1411 dixit,
3235 1347 3327 1415 sed
3380 1359 3630 1399 asserere

2046 1432 2269 1497 audeas,
2296 1447 2393 1502 pro
2424 1431 2636 1486 illorum
2672 1432 3029 1487 similitudine
3074 1435 3165 1502 qui
3219 1433 3514 1487 secundum
3550 1431 3627 1486 le-

2045 1536 2165 1593 gem
2194 1521 2414 1577 fuerunt
2435 1524 2764 1588 sacerdotes,
2787 1523 2948 1578 etiam
2980 1524 3151 1592 ipsum
3181 1539 3277 1591 pro
3304 1539 3365 1579 se
3394 1523 3626 1577 hostiam

2045 1613 2261 1668 offerre.
2305 1613 2374 1668 Et
2425 1613 2472 1668 si
2508 1628 2695 1668 verum
2723 1624 2807 1669 est
2835 1614 2951 1684 lege
3002 1614 3262 1669 constitui
3313 1616 3627 1668 sacerdotes

2047 1702 2309 1757 habentes
2343 1701 2733 1765 infirmitatem,
2775 1718 3026 1758 sermone
3056 1714 3234 1758 autem
3268 1701 3628 1773 jurisjurandi

349 1801 487 1854 λαοῦ
516 1800 874 1871 πρεσϐεύειν,
913 1803 975 1855 οὐ
1003 1802 1181 1865 δέδιας
1204 1841 1219 1867 ,
1249 1798 1332 1866 οἷς
1355 1802 1460 1874 ἔφη
1490 1804 1747 1857 τάναντία
1776 1805 1942 1873 φάναι

2052 1793 2188 1861 quod
2218 1802 2338 1862 post
2370 1790 2541 1862 legem
2571 1802 2675 1855 est,
2704 1790 2899 1846 Filium
2924 1793 2977 1847 in
3006 1803 3273 1847 aeternum
3300 1792 3624 1861 perfectum,

348 1909 415 1945 τε
448 1893 664 1963 τολμᾷς
713 1891 849 1964 [τοῦ
881 1892 1034 1955 λαοῦ,
1082 1893 1406 1966 πρεσὸεύειν
1432 1896 1491 1947 ού
1517 1894 1692 1958 δέδιας
1719 1890 1800 1959 οἷς
1837 1896 1942 1968 εφη

344 1984 624 2037 τάναντία
647 2023 665 2047 ,
707 1986 874 2054 φάναι
910 2000 967 2036 τε
1002 1983 1209 2057 τολμᾷς
1233 1983 1283 2059 ],
1337 1985 1461 2040 καθ’
1510 1987 1804 2058 ὁμοιότητα
1843 1990 1945 2060 τὴν

354 2074 611 2137 ἐκείνων,
646 2074 699 2127 οῖ
743 2073 887 2127 κατά
911 2074 1076 2144 νόμον
1118 2075 1405 2143 γεγόνασιν
1437 2077 1621 2147 ἱερεῖς,
1661 2079 1752 2132 καὶ
1780 2078 1945 2134 αὐτὸν

358 2166 507 2235 ὑπὲρ
554 2164 751 2218 ἑαυτοῦ
800 2166 1104 2234 προσάγειν
1165 2165 1375 2221 θυσίαν.
1435 2167 1545 2220 Καὶ
1591 2167 1751 2236 εἴπερ
1798 2168 1944 2223 ἐστὶν

370 2254 676 2325 ἁλψέςξὼς
702 2257 731 2307 ὁ
752 2255 918 2325 νόμος
949 2256 1049 2326 μὲν
1076 2256 1398 2328 καθίστησιν
1419 2259 1695 2332 ἀρχιερεῖς
1721 2261 1944 2332 ἔχοντας

370 2345 679 2408 ιῐισθενείας⁴
711 2346 741 2397 ὁ
764 2344 926 2414 λόγος
963 2346 1019 2400 δὲ
1048 2347 1151 2417 τῆς
1183 2350 1530 2418 ὁρκωμοσίας
1558 2352 1655 2420 τῆς
1692 2352 1830 2422 μετά
1854 2352 1946 2407 τὸν

369 2438 553 2507 νόμον,
588 2437 715 2489 Υἱδν
761 2438 844 2499 εἰς
888 2437 986 2490 τὸν
1028 2437 1200 2492 αἰῶνα
1242 2438 1690 2511 τετελειωμένον·
1740 2443 1794 2495 τί
1834 2445 1946 2506 τοῖς

354 2526 611 2578 ἀσθενεῖν
639 2524 858 2578 εἰωθόσι
886 2529 1067 2578 ποιεῖν
1095 2526 1204 2597 [ισ.
1243 2527 1439 2597 ποιεῖς]
1467 2529 1819 2599 ωναρίθμιον
1856 2530 1947 2583 τὸν

353 2618 459 2689 τῆς
492 2617 723 2671 ἐκείνων
765 2615 1008 2688 πληθύος
1038 2618 1398 2690 ἐξῃρημένον,
1429 2621 1525 2672 καὶ
1557 2620 1656 2691 τὴν
1688 2620 1832 2694 ὑπὲρ
1862 2622 1948 2677 νό-

355 2726 464 2779 μον
507 2709 707 2779 ἔχοντα
733 2710 1038 2775 τελείωσιν,
1087 2711 1300 2766 οίκοθέν
1340 2730 1400 2766 τε
1450 2714 1716 2768 καὶκατὰ
1761 2715 1945 2786 φύσιν,

351 2798 520 2870 εῖπερ
552 2801 706 2853 ἐστὶν
730 2799 860 2864 Υἱὸς
892 2800 1131 2871 ἀληθῶς,
1164 2802 1259 2855 καὶ
1283 2802 1373 2857 διὰ
1403 2802 1563 2857 τοῦτο
1597 2805 1762 2872 Θεός;
1799 2807 1952 2861 Ἴδω-

360 2906 465 2959 μεν
492 2889 554 2942 δὲ
576 2890 676 2943 καὶ
707 2891 774 2943 ἐκ
799 2888 895 2943 τοῦ
926 2890 1158 2962 νομικοῦ
1187 2894 1281 2946 καὶ
1300 2895 1658 2967 ἀρχαιοτέρου
1686 2899 1952 2970 γράμμα-

355 2996 472 3047 τος,
511 2981 644 3034 τίνα
677 2981 743 3051 δὴ
780 2981 986 3050 τρόπον
1032 2983 1126 3036 καὶ
1171 2984 1312 3053 ὑπὲρ
1361 2984 1523 3038 τίνων
1567 2987 1950 3059 εἰσκεκὸμικεν

358 3072 556 3126 ἑαυτὸν
579 3074 611 3125 6
652 3072 1006 3144 Ἐμμανουήλ
1027 3075 1107 3137 εἰς
1133 3074 1309 3145 ὀσμὴν
1335 3075 1561 3140 εὐωδίας
1589 3076 1668 3148 τῷ
1712 3079 1831 3150 Θεῷ
1855 3082 1950 3133 καὶ

359 3163 561 3233 Πατρί.
606 3162 747 3215 Σκιά
788 3163 888 3233 μὲν
942 3163 1054 3234 γὰρ
1094 3165 1538 3236 ὁμολογουμένως
1584 3169 1612 3222 ὁ
1656 3170 1820 3239 νόμος
1858 3167 1947 3243 ἦν,

357 3251 502 3321 πλὴν
534 3250 895 3306 ὑποτύπωσιν
922 3253 1037 3323 ἔχει
1064 3254 1368 3327 μυστηρίου
1402 3256 1496 3310 τοῦ
1530 3259 1674 3312 κατά
1693 3261 1949 3331 Χριστὸν,

357 3341 456 3393 καὶ
489 3341 595 3411 τῆς
619 3340 879 3411 ἀληθείας
903 3342 1085 3396 ὠδίνει
1109 3344 1211 3415 τὴν
1240 3346 1544 3415 μόρφωσιν.
1560 3349 1668 3401 Kal
1691 3351 1821 3419 γοῦν
1846 3352 1951 3425 ἔφη

358 3450 465 3485 που
518 3432 763 3503 Χριστὸς
809 3436 923 3498 τοῖς
957 3435 1235 3500 Ἰουδαίοις
1284 3437 1608 3509 προσλαλῶν
1629 3456 1644 3473 ·
1682 3460 1701 3492 ι
1730 3443 1793 3496 Εἰ
1828 3444 1953 3498 ἐπι-

357 3522 587 3577 στεύετε
617 3525 793 3595 Μωσῇ
821 3566 842 3590 ,
885 3526 1203 3579 ἐπιστεύετε
1240 3527 1308 3581 ἄν
1333 3529 1455 3599 ἐμοί
1476 3544 1490 3559 ’
1522 3531 1650 3602 περὶ
1676 3532 1787 3604 γὰρ
1816 3534 1951 3606 ἐμοῦ

354 3619 574 3680 ἐκεῖνος
618 3616 851 3687 ἔγραψε.
880 3636 898 3669 ι
934 3618 1061 3681 Πῶς
1085 3614 1177 3672 οὖν
1202 3618 1311 3690 ἄρα
1347 3620 1609 3675 τεθύκασι
1636 3623 1727 3677 τὸν
1757 3626 1948 3696 ἀμνὸν,

358 3706 658 3777 μέλλοντες
712 3707 814 3776 τῆς
858 3710 1174 3777 Αἰγυπτίων
1219 3710 1478 3781 ἀπαίρειν
1516 3715 1565 3766 οί
1613 3714 1671 3781 ἐξ
1722 3716 1953 3787 αἵματος

369 3796 638 3868 Ἱσραήλ;
688 3797 833 3868 ὑπὲρ
860 3799 1074 3852 ἑαυτῶν
1112 3796 1222 3871 ἄρα
1251 3800 1346 3854 καὶ
1377 3802 1577 3873 μόνων,
1628 3805 1660 3875 ἢ
1688 3808 1782 3860 καὶ
1812 3808 1951 3881 ὑπὲρ

354 3891 617 3966 [ε]αὐτοῦ
639 3892 735 3946 τοῦ
754 3892 931 3962 ἀμνοῦ
947 3910 964 3959 ;
985 3895 1150 3957 Τίνας
1169 3895 1459 3966 ἐλυτροῦτο
1473 3897 1563 3951 διὰ
1577 3897 1671 3952 τοῦ
1690 3901 1950 3971 αῖματος;

354 3979 468 4054 ἆρα
494 3982 631 4045 τοὺς
660 3982 769 4035 ὑπὸ
794 3982 959 4051 ζυγὸν
987 3983 1252 4048 δουλείας,
1291 3988 1383 4039 καὶ
1410 3987 1690 4042 δύσοιστον
1715 3991 1953 4063 ἀνατλᾷν

361 4069 471 4141 μον.
507 4070 881 4142 ἀνατλάντας]
916 4071 1014 4142 τὴν
1041 4074 1106 4125 ἐκ
1127 4074 1236 4127 τῶν
1265 4074 1581 4143 Αἰγυπτίων
1614 4076 1950 4146 πλεονεξίαν,

366 4160 395 4231 ῆ
424 4163 519 4215 καὶ
549 4162 790 4227 ἑαυτόν;
823 4162 970 4227 τίνος
1002 4163 1264 4217 ἀπεσόϐει
1286 4165 1379 4219 τὸν
1410 4165 1775 4239 ὁλοθρευτήν;
1810 4168 1953 4225 τίσιν

362 4250 601 4319 ἔφασκεν
643 4255 676 4307 ὁ
710 4252 822 4306 τῶν
874 4253 1014 4307 ὅλων
1053 4254 1185 4319 Θεὸς
1206 4296 1222 4321 ,
1259 4275 1278 4309 ι
1315 4259 1426 4312 Καὶ
1462 4260 1664 4332 ὄψομαι
1692 4263 1755 4316 τὸ
1788 4258 1950 4335 αἷμα,

361 4344 454 4397 καὶ
484 4346 758 4398 σκεπάσω
782 4346 962 4415 ὑμᾶςς
996 4364 1014 4397 ι
1041 4342 1151 4417 ἄρα
1181 4350 1293 4412 τοῖς
1325 4348 1665 4422 δεδειγμένοις
1695 4356 1795 4426 τῆς
1821 4360 1951 4429 παρ’

2046 1897 2144 1937 cur
2173 1883 2225 1937 in
2265 1897 2451 1937 eorum
2495 1898 2722 1940 numero
2767 1883 2861 1953 qui
2912 1884 3112 1938 infirmi
3164 1898 3285 1938 esse
3326 1899 3623 1938 censueve-

2046 1985 2195 2043 runt,
2226 1990 2478 2031 recenses
2506 1977 2677 2046 illum,
2706 1979 2773 2033 ab
2805 1992 2996 2032 eorum
3033 1978 3188 2032 turba
3213 1987 3497 2046 exceptum
3520 2015 3536 2042 ,
3568 1986 3624 2030 et

2045 2069 2379 2137 perfectione
2421 2082 2543 2138 quae
2574 2083 2737 2138 supra
2782 2069 2952 2139 legem
2999 2077 3081 2123 est
3120 2077 3174 2123 et
3226 2068 3516 2124 iutrinseca
3570 2078 3626 2121 et

2046 2161 2342 2215 secundum
2381 2171 2629 2215 naturam
2677 2159 2840 2214 insita
2894 2160 3211 2229 praeditum,
3242 2173 3364 2211 cum
3398 2158 3468 2212 sit
3496 2171 3628 2212 vere

2046 2249 2237 2317 Filius,
2276 2260 2331 2306 et
2380 2254 2448 2307 ob
2501 2267 2621 2307 eam
2668 2265 2887 2305 causam
2942 2249 3120 2305 Deus?
3170 2250 3277 2305 Sed
3341 2251 3622 2306 videamus

2046 2343 2211 2398 etiam
2246 2358 2311 2397 ex
2338 2342 2493 2412 legali
2521 2352 2574 2397 et
2612 2343 2779 2398 veteri
2811 2341 3053 2412 scripto,
3088 2342 3541 2411 quemadmodum
3572 2353 3627 2396 ct

2046 2449 2146 2504 pro
2178 2435 2374 2504 quibus
2413 2435 2520 2490 Deo
2548 2443 2602 2490 et
2633 2434 2778 2488 Patri
2822 2433 3060 2501 seipsum
3106 2432 3366 2486 obtulerit
3408 2432 3627 2485 Einma-

2048 2526 2173 2581 nuel
2227 2527 2280 2582 in
2326 2528 2546 2582 odorem
2588 2526 2871 2581 suavitatis
2890 2526 2958 2579 “.
3006 2523 3210 2579 Umbra
3258 2538 3491 2593 namque
3538 2522 3623 2577 lex

2048 2627 2166 2674 erat
2204 2619 2606 2687 proculdubio,
2639 2620 2733 2673 sed
2779 2626 2959 2671 tamen
3005 2614 3206 2670 Christi
3256 2615 3497 2685 mysterii
3543 2613 3627 2668 in-

2049 2710 2428 2766 formationem
2482 2708 2645 2763 habet
2688 2709 2768 2772 ",
2825 2722 2890 2762 ac
2942 2707 3186 2761 veritatis
3242 2704 3622 2759 formationem

2049 2804 2301 2873 parturit.
2331 2800 2817 2871 Itaque-Christus,
2850 2815 2972 2854 cum
3003 2797 3219 2853 Judaeos
3238 2798 3626 2867 alloqueretur,

2049 2891 2189 2947 dixit
2219 2909 2236 2945 :
2270 2908 2290 2942 ι
2327 2890 2384 2944 Si
2409 2889 2710 2945 crederetis
2737 2887 2892 2950 Mosi,
2922 2887 3217 2942 crederetis
3250 2887 3414 2940 etiam
3449 2885 3581 2939 mihi
3610 2904 3623 2939 :

2050 2985 2117 3039 de
2145 2998 2231 3039 me
2251 2984 2397 3039 enim
2433 2981 2521 3037 ille
2541 2981 2763 3052 scripsit
2789 2980 2857 3033 “.
2890 2998 2909 3031 ι
2943 2980 3223 3045 Quomodo
3259 2978 3422 3047 igitur
3458 2982 3629 3032 tsrae-

2053 3076 2161 3130 lita:
2189 3076 2255 3129 de
2278 3073 2658 3145 Egyptiorum
2686 3072 2850 3128 terris
2879 3069 3162 3139 migraturi
3200 3083 3403 3138 agnum
3435 3070 3626 3122 immo-

2056 3167 2343 3222 laverunt?
2385 3183 2510 3221 num
2541 3180 2638 3234 pro
2667 3179 2726 3219 se
2774 3162 2905 3232 ipsis
2942 3171 3171 3227 tantum,
3205 3177 3272 3214 an
3322 3161 3487 3214 etiam
3531 3172 3630 3228 pro

2054 3259 2171 3328 ipso
2199 3258 2380 3328 agno?
2409 3272 2669 3326 quosnam
2719 3254 3021 3310 redimebat
3061 3269 3158 3323 per
3205 3268 3363 3307 suum
3410 3251 3632 3320 sangui—

2055 3348 2217 3404 nem?
2245 3364 2370 3402 num
2399 3361 2492 3402 eos
2516 3348 2608 3417 qui
2641 3347 2741 3401 sub
2764 3345 2896 3416 jugo
2924 3346 3204 3400 servitutis
3226 3354 3402 3409 erant,
3428 3352 3484 3398 et
3509 3358 3633 3413 gra-

2053 3440 2278 3494 vissimo
2304 3439 2693 3509 premebantur
2720 3436 3102 3508 Egyptiorum
3135 3437 3434 3503 dominatu,
3470 3450 3537 3489 an
3572 3450 3633 3490 se

2054 3531 2229 3602 ipsum
2255 3531 2420 3586 etiam
2442 3530 2465 3584 ?
2491 3545 2519 3583 a
2541 3545 2779 3599 quonam
2805 3529 3084 3584 avertebat
3106 3528 3592 3599 ;exlerminatorem
3609 3527 3635 3580 ?

2054 3622 2316 3693 quibusve
2353 3622 2489 3677 dixit
2519 3622 2610 3676 ille
2645 3620 2790 3676 Deus
2827 3621 3206 3676 universorum
3237 3660 3251 3673 .
3292 3637 3312 3670 ι
3342 3618 3407 3673 Et
3437 3619 3634 3674 videbo

2054 3716 2396 3786 sanguinem,
2423 3724 2479 3767 et
2509 3720 2787 3784 protegam
2818 3726 2916 3766 vos
2940 3712 3025 3765 ὀἳ
3057 3731 3076 3763 ι
3111 3710 3248 3766 Num
3279 3712 3367 3765 his
3390 3710 3479 3779 qui
3509 3725 3635 3779 pro-

2058 3811 2291 3864 tectioue
2336 3807 2671 3875 indigebant,
2720 3820 2787 3858 an
2833 3804 2933 3874 ipsi
2979 3804 3145 3858 etiam
3195 3803 3378 3872 agno?
3412 3801 3632 3856 Hostias

2054 3901 2197 3955 enim
2235 3914 2331 3968 pro
2357 3907 2578 3967 peccato
2607 3894 2987 3959 immolandas,
3019 3893 3073 3947 in
3114 3892 3232 3962 lege
3275 3902 3532 3960 tanquam
3575 3892 3630 3947 in

2057 3992 2236 4046 tabula
2263 3987 2582 4059 designabat
2606 3986 2749 4041 Deus
2778 4002 2842 4039 ac
2871 3986 3053 4049 Pater,
3090 3984 3266 4038 adhuc
3299 3984 3629 4038 adumbratis

2055 4080 2260 4138 Christi
2291 4079 2649 4150 mysterium;
2687 4076 2823 4131 dixit
2860 4085 3041 4130 autem
3091 4075 3170 4130 sic
3203 4076 3271 4129 ad
3316 4073 3500 4129 Mosen
3544 4089 3634 4129 sa-

2055 4187 2272 4227 crorum
2301 4171 2649 4240 interpretem
2683 4182 2700 4222 :
2737 4188 2756 4220 ι
2792 4167 2850 4224 Si
2884 4182 3015 4222 vero
3044 4169 3296 4222 universa
3333 4181 3634 4239 congrega-

2056 4264 2134 4318 tio
2163 4262 2392 4317 filiorum
2421 4260 2587 4317 Israel
2623 4260 2955 4331 ignoraverit
2983 4274 3084 4313 non
3114 4268 3304 4328 sponte
3325 4298 3343 4325 ,
3372 4268 3427 4313 et
3459 4257 3635 4313 latue-

2054 4356 2130 4410 rit
2180 4353 2405 4410 verbum
2445 4352 2632 4408 oculos
2664 4351 2980 4423 Synagogar,
3011 4359 3066 4406 et
3097 4350 3327 4404 fecerint
3366 4364 3535 4403 unum
3567 4362 3636 4404 ao

357 4437 528 4491 αὑτοῦ
572 4437 811 4509 σκέπης,
858 4438 1029 4507 ἤγουν
1053 4439 1148 4493 καὶ
1174 4440 1324 4512 αὐτῷ
1356 4443 1434 4515 τῷ
1462 4445 1657 4516 ἀμνῷ;
1689 4449 1949 4505 Διετύπου

2057 4447 2310 4501 omnibus
2351 4443 2621 4498 mandatis
2668 4442 2883 4497 Domini
2925 4441 3065 4510 quod
3110 4454 3214 4494 non
3245 4437 3367 4501 ﬁet,
3409 4447 3465 4491 et
3502 4436 3637 4492 deii-

358 4530 460 4600 μὲν
489 4529 606 4598 γὰρ
635 4529 738 4593 τὰς
772 4532 913 4602 ὑπὲρ
959 4534 1069 4586 τῶν
1108 4533 1398 4606 ἁμαρτιῶν
1440 4537 1711 4593 ποιεῖσθαι
1739 4539 1951 4609 θυσίας,

355 4620 620 4689 καθάπερ
667 4620 726 4672 ἐν
770 4620 962 4673 πίνακι
1006 4620 1086 4690 τῷ
1135 4621 1306 4693 νόμῳ,
1355 4626 1713 4695 σκιαγραφῶν
1766 4628 1846 4683 ἔτι
1890 4632 1957 4684 τὸ

356 4708 605 4778 Χριστοῦ
646 4709 949 4779 μυστήριον
975 4712 1004 4763 6
1034 4711 1167 4776 Θεὸς
1194 4714 1291 4766 καὶ
1324 4716 1549 4787 Πατήρ·
1589 4716 1694 4788 ἔφη
1727 4718 1784 4772 δὲ
1812 4718 1956 4775 οὕτω

357 4800 498 4870 πρὸς
535 4799 630 4852 τὸν
681 4799 1010 4871 ἱεροφάντην
1052 4803 1292 4856 Μωσέα·
1331 4822 1349 4855 ι
1402 4805 1531 4859 Ἐὰν
1564 4807 1621 4859 δὲ
1652 4810 1802 4864 πᾶσα
1829 4827 1956 4865 συν-

358 4889 558 4961 αγωγὴ
595 4889 734 4943 υἱῶν
783 4891 1002 4963 Ἰσραὴλ
1050 4894 1295 4968 ἀγνοήσῃ
1339 4896 1650 4965 ἀκουσίως,
1690 4902 1783 4954 καὶ
1813 4901 1952 4975 λάθῃ

360 4987 517 5056 ῥῆμα
553 4985 616 5052 ἐξ
650 4984 954 5055 ὀφθαλμῶν
997 4987 1096 5060 τῆς
1139 4990 1504 5062 Συναγωγῆς,
1540 4995 1633 5047 καὶ
1680 4997 1954 5068 ποιήσωσι

362 5076 488 5145 μίαν
521 5076 636 5128 ἀπὸ
670 5075 863 5130 πασῶν
887 5076 997 5130 τῶν
1025 5079 1258 5133 ἐντολῶν
1292 5081 1388 5135 τοῦ
1418 5083 1645 5155 Κυρίου,
1678 5086 1712 5157 ἢ
1747 5085 1861 5158 [ἵσ.
1889 5086 1954 5161 ἢ]

357 5169 418 5221 οὐ
468 5166 865 5237 πιηθήσεται,
932 5169 1030 5222 καὶ
1079 5169 1537 5243 πλημμελήσωσι,
1592 5175 1689 5229 καὶ
1735 5178 1953 5251 γνωσθῇ

354 5258 547 5318 αὐτοῖς
578 5257 612 5327 η
647 5255 918 5326 ἁμαρτία,
948 5255 1016 5327 ἢν
1049 5257 1293 5329 ἦμαρτον
1315 5260 1453 5332 αὐτῇ
1476 5277 1490 5291 ο
1520 5263 1616 5316 καὶ
1637 5265 1951 5339 προσάξειὴ

360 5347 664 5419 συναγωγὴ
692 5348 898 5417 μόσχον
926 5349 990 5401 ἐκ
1019 5346 1159 5418 βοῶν
1188 5351 1419 5422 ἄμωμον
1448 5355 1577 5425 περὶ
1598 5356 1893 5426 ἁμαρτίας.
1932 5376 1952 5409 ι

371 5444 497 5494 [ἶνα
546 5439 608 5493 δὲ
656 5441 866 5509 τρόπον
909 5438 983 5492 τὰ
1023 5439 1125 5510 τῆς
1172 5440 1366 5507 θυσίας
1410 5445 1770 5501 ἐπιτελεῖσθαι
1824 5450 1953 5521 χρὴ,

2056 4537 2294 4608 querint,
2325 4543 2378 4589 et
2412 4543 2595 4589 notum
2627 4532 2828 4587 factum
2860 4530 3021 4585 fuerit
3052 4530 3158 4584 illis
3179 4538 3459 4598 peccatum
3490 4523 3635 4596 quod

2055 4636 2444 4697 peccaverunt;
2500 4632 2555 4679 et
2607 4622 2838 4677 adducet
2902 4619 3251 4689 congregatio
3292 4617 3516 4671 vitulum
3567 4630 3634 4671 ex

2056 4719 2232 4774 bobus
2303 4714 2710 4771 immaculatum
2764 4725 2867 4781 pro
2895 4720 3121 4781 peccato
3156 4708 3226 4763 ³⁸.
3265 4727 3284 4760 ι
3325 4709 3432 4765 Sed
3486 4717 3638 4779 pest-

2056 4824 2284 4880 eaquam
2335 4810 2585 4879 exposuit
2628 4820 2864 4875 quonam
2914 4804 3073 4858 modo
3120 4803 3297 4857 hostia
3350 4802 3423 4856 sit
3499 4818 3634 4857 con-

2062 4900 2406 4965 summanda,
2462 4898 2738 4969 subiungit
2797 4903 2851 4950 et
2898 4896 3011 4949 ait:
3078 4912 3099 4945 ι
3136 4892 3203 4948 Et
3256 4893 3640 4964 propitiabitur

2058 4994 2169 5066 95
2224 5008 2324 5064 pro
2376 4991 2508 5063 ipsis
2550 4990 2832 5053 sacerdos,
2865 4997 2921 5043 et
2972 4986 3280 5041 remittetur
3317 4986 3399 5039 eis
3447 4999 3640 5054 pecco-

2063 5095 2176 5141 tum
2202 5085 2270 5139 ἰ.
2312 5102 2332 5136 ι
2368 5082 2489 5139 ιιιαι
2534 5096 2665 5152 ergo
2687 5082 3002 5136 consideres
3042 5077 3242 5144 velim,
3284 5075 3468 5130 afferri
3514 5076 3639 5146 qui-

2064 5180 2186 5235 dem
2227 5176 2455 5233 vitulum
2493 5176 2548 5230 in
2588 5184 2719 5246 typo
2749 5171 2956 5229 Christi
2991 5170 3135 5226 illius
3176 5166 3549 5229 mundissimi,
3585 5174 3641 5221 et

2063 5270 2330 5326 maculam
2360 5268 2563 5323 nullam
2586 5269 2862 5332 habentis,
2892 5266 2987 5321 sed
3026 5263 3316 5318 afferentes
3345 5259 3511 5314 a'suis
3531 5257 3641 5312 cri-

2066 5360 2303 5414 minibus
2334 5357 2587 5423 liberari,
2631 5372 2739 5413 non
2773 5355 2999 5410 vitulum
3039 5367 3280 5424 prorsus.
3324 5347 3639 5403 lmmolatus

2066 5465 2300 5521 namque
2327 5460 2412 5521 est
2442 5434 2559 5507 nona
2586 5464 2686 5523 pro
2724 5462 2807 5513 se,
2836 5456 2898 5503 ut
2932 5456 2989 5502 tu
3019 5445 3176 5509 dicis,
3212 5442 3306 5500 sed
3351 5456 3449 5511 pro
3487 5439 3642 5495 infir-

428 5633 1060 5713 ’ΣῌεὶπῙ-νψιᾷδχξδ.
1139 5636 1185 5670 ²⁶
1226 5636 1423 5706 Ephes.
1456 5654 1509 5707 γ,
1538 5640 1593 5695 2.
1636 5643 1679 5675 ’⁷
1723 5642 1888 5702 llebr.
1918 5659 1947 5699 x

2052 5684 2059 5699 .
2134 5645 2181 5679 ’°
2220 5642 2378 5702 Joan.
2419 5661 2472 5713 v,
2520 5644 2609 5700 46.
2685 5642 2732 5679 ³⁸
2767 5639 2942 5701 Exod.
2976 5655 3080 5711 xu,
3106 5638 3193 5696 13.
3274 5637 3318 5672 ³⁸
3359 5636 3534 5694 Levit.
3557 5650 3634 5705 tv,

367 5712 454 5777 ιε,
492 5711 573 5763 tt.
671 5707 718 5738 ιι
771 5705 1031 5761 ibid.2tl.
