4150 6450
546 318 649 375 167

1548 326 1607 380 S.
1650 324 1931 382 CYRILLI
1972 327 2442 386 ALEXANDHINI
2482 332 2801 389 ARCUIEP.

3706 346 3797 403 168

544 433 670 496 mis,
698 447 799 503 pro
839 428 1037 504 quibus
1076 433 1269 505 iegalis
1313 437 1429 495 ille"
1452 442 1694 510 pontifex
1748 443 1978 499 faciebat
2017 460 2119 514 pre-

2238 446 2464 501 διειπὼν
2518 446 2577 504 εὖ
2633 451 2814 521 μάλα,
2864 453 3243 523 προσεπάγει,
3292 452 3386 507 καί
3433 421 3592 525 φησι·
3646 476 3664 509 t
3700 458 3800 516 Καὶ

544 539 679 580 ces:
730 535 788 579 ut
817 541 1009 582 rursus
1047 528 1452 587 animadvertas
1482 534 1804 589 advocatum
1844 535 1991 590 illum
2035 552 2132 605 pro

544 621 702 670 nubis
725 614 927 672 factum
953 618 1019 683 ³²,
1056 618 1516 694 innocentemque
1556 634 1615 679 et
1658 635 1907 680 sanctum
1955 628 2133 695 ponti-

541 706 734 769 ﬁcem,
775 717 1117 776 segregatum
1170 727 1201 765 a
1252 714 1629 781 peccatoribus
1677 716 1742 772 ³⁸.
1791 716 1959 787 Igitur
2005 731 2129 772 cum

538 811 722 851 sermo
751 799 1053 854 adversarii
1104 803 1342 872 undique
1386 804 1724 861 absurditate
1760 806 1990 872 laboret,
2034 823 2132 863 nos

538 888 856 954 pontificem
879 901 935 945 et
972 896 1278 963 apostolum
1305 896 1667 952 confessionis
1695 909 1893 954 nostra:
1926 898 2129 954 factum

538 995 662 1034 esse
692 982 926 1036 dicimus
956 983 1135 1053 ipsum
1170 1001 1236 1039 ex
1279 987 1391 1041 Deo
1437 987 1599 1043 Patre
1634 988 1870 1045 Verbum
1897 990 1964 1055 “,
2001 1008 2127 1047 cum

541 1070 719 1125 factus
758 1073 940 1138 homo,
981 1090 1041 1131 se
1063 1078 1130 1130 ad
1160 1079 1591 1134 exinanitioncm
1629 1080 1826 1150 dejecit
1855 1082 1921 1146 ³⁸,
1950 1091 2003 1136 et
2034 1098 2130 1137 no-

540 1171 652 1217 stra
686 1167 1002 1234 assumpsit,
1038 1179 1096 1223 ut
1123 1171 1360 1239 seipsum
1395 1174 1558 1227 etiam
1590 1189 1690 1242 pro
1719 1175 1974 1229 omnibus
2005 1175 2131 1230 olfe-

538 1270 665 1311 rens
694 1255 842 1313 Patri
883 1260 935 1313 in
975 1262 1199 1316 odorem
1249 1266 1539 1322 suavitatis
1568 1267 1638 1331 ³⁸,
1688 1268 1997 1337 acquireret
2039 1285 2132 1324 ομ

488 1382 493 1385 -
538 1347 660 1401 bem
715 1360 1002 1419 terrarum,
1057 1356 1326 1412 eximeret
1363 1360 1645 1415 veteribus
1697 1362 1894 1431 culpis,
1956 1362 2129 1432 gratia

533 1438 861 1507 inslilit-aret
895 1459 991 1514 per
1024 1446 1184 1502 fidem
1218 1451 1287 1513 ³⁷,
1331 1453 1523 1508 mortis
1562 1463 1726 1523 atque
1763 1454 2130 1525 corruptionis

537 1532 776 1589 victores
801 1535 1064 1604 alliceret,
1106 1556 1296 1599 sacros
1335 1547 1499 1600 etiam
1538 1556 1702 1617 atque
1738 1547 2126 1613 sanctificatos.

537 1634 591 1677 et
623 1626 676 1680 iu
707 1629 854 1681 omni
888 1631 1112 1689 virtutis
1146 1652 1347 1705 genere
1378 1638 1650 1707 perfectos
1683 1641 1955 1704 redderet,
1979 1639 2128 1694 illum

538 1715 879 1773 Salvatorem
911 1737 975 1776 ac
1006 1722 1432 1797 Redemptorem
1464 1730 1808 1795 conlitentes,
1834 1746 1934 1802 per
1964 1746 2126 1801 quem

2236 536 2548 604 ὲξίλάσεται
2576 543 2705 614 περὶ
2742 543 2922 597 αὐτῶν
2950 547 2979 598 6
3008 545 3207 617 ίερεὺς,
3239 548 3334 600 καὶ
3358 548 3687 618 ἀφεθήσεται
3715 555 3800 605 αὑ-

2234 633 2345 695 τοῖς
2383 633 2417 701 ή
2449 632 2714 703 ἁμαρτία.
2753 653 2772 685 ι
2807 634 2998 705 ¹’Δθρει
3027 636 3092 707 δὴ
3117 633 3232 701 οὖν,
3264 637 3347 689 ὅτι
3385 639 3805 709 προσεκομίζετο

2237 721 2337 792 μὲν
2376 726 2405 776 6
2459 724 2662 794 μόσχος
2694 727 2754 779 ὲν
2784 726 2943 795 τύπῳ
2971 728 3209 799 Χριστοῦ
3255 727 3348 780 τοῦ
3390 729 3688 798 πανάγνου,
3716 732 3804 784 καὶ

2237 814 2430 884 μῶμον
2465 816 2560 869 τοῦ
2600 816 2711 887 (23)
2767 816 2843 889 μὴ
2892 817 3141 888 ἔχοντοςσ
3176 818 3583 889 ἀπηλλάττοντο
3613 820 3669 873 δὲ
3705 821 3806 873 τῶν

2236 902 2385 957 ἰδίων
2430 904 2771 973 αἰτιαμάτων
2801 908 2850 959 οἱ
2882 908 3379 978 προσκομίζοντες,
3421 909 3515 963 καὶ
3559 908 3670 964 οὔτι
3709 929 3804 964 που

2236 995 2382 1064 μάλα
2427 996 2456 1047 ὁ
2503 997 2724 1067 μόσχος.
2756 998 2990 1052 Τέθυται
3020 999 3129 1070 γάρ
3176 1002 3278 1068 οὐχ
3320 1001 3462 1071 ὑπέρ
3505 1019 3568 1071 γε
3616 1003 3807 1072 μᾶλλον

2232 1087 2450 1151 ἑαυτοῦ,
2468 1090 2610 1143 καθά
2641 1090 2706 1143 σὺ
2734 1091 2992 1160 φὴς,ἀλλῖ
3017 1093 3157 1163 ὑπέρ
3185 1110 3248 1161 γε
3270 1092 3383 1146 τῶν
3412 1094 3803 1164 ὴσθενηκότων,

2232 1181 2373 1252 ὑπὲρ
2395 1176 2470 1236 ὧν
2498 1185 2733 1237 ἐποιεῖτο
2756 1186 2854 1249 τὰς
2874 1184 3027 1249 λιτάς
3057 1186 3086 1238 ό
3115 1186 3257 1240 κατά
3285 1186 3485 1256 νόμους
3502 1188 3804 1259 ἀρχιερεύς,

2233 1275 2321 1329 ἵνα
2376 1276 2539 1330 πάλιν
2582 1278 2770 1347 ὲννοῇς
2812 1278 2902 1332 τὸν
2950 1279 3093 1349 ὑπὲρ
3126 1279 3287 1349 ἡμῶν
3329 1280 3596 1349 γεγονότα
3640 1282 3809 1351 παρά-

2231 1367 2452 1438 κλητον,
2471 1368 2705 1437 άμωμόν
2725 1385 2784 1421 τε
2809 1370 2905 1423 καὶ
2930 1371 3078 1425 ὅσιον
3106 1372 3391 1443 ἀρχιερέα,
3411 1373 3809 1444 κεχωρισμένον

2232 1460 2340 1513 τῶν
2370 1461 2738 1532 ἁμαρτωλῶν.
2770 1463 3117 1533 Πανταχόθεν
3150 1463 3442 1535 τοιγαροῦν
3467 1466 3812 1537 ἠρρωστηκό-

2231 1567 2323 1614 τος
2359 1551 2454 1604 τοῦ
2479 1552 2640 1620 λόγου
2684 1552 2745 1605 τὸ
2783 1553 3021 1617 ἀκαλλὲς
3051 1554 3130 1625 τῷ
3160 1554 3227 1608 δι’
3253 1555 3525 1620 ἐναντίας,
3557 1557 3812 1627 ἀρχιερέα

2232 1639 2329 1692 καὶ
2376 1639 2679 1692 ἀπόστολον
2707 1640 2809 1710 τῆς
2839 1642 3131 1711 ὁμολογίας
3156 1641 3315 1713 ἡμῶν
3356 1642 3611 1711 γενέσθαι
3641 1644 3813 1714 φαμὲν

2232 1730 2398 1783 αὑτὸν
2441 1731 2534 1784 τὸν
2580 1732 2644 1783 ἐκ
2672 1730 2809 1784 θεοῦ
2852 1732 3067 1803 Πατρὸς
3114 1733 3309 1802 Λόγον,
3339 1735 3430 1787 ὅτε
3460 1735 3687 1802 γέγονεν
3725 1734 3815 1788 άν-

535 1818 739 1864 etcum
766 1828 874 1880 quo
914 1815 1023 1871 Deo
1049 1826 1104 1873 et
1133 1795 1282 1876 Palri
1323 1823 1493 1894 gloria
1526 1839 1648 1878 cum
1684 1795 1875 1880 sancto
1916 1795 2119 1896 Spiritu

2231 1821 2472 1893 θρωπος,
2505 1822 2695 1886 καθεὶς
2724 1823 2917 1877 ἑαυτὸν
2947 1795 3029 1887 είς
3051 1795 3315 1889 Ϋκένωσιν,
3339 1826 3435 1879 καὶ
3466 1795 3670 1892 ένξτοϊς
3698 1824 3813 1880 καθ’

535 1899 588 1953 in
612 1901 826 1959 saecula.
875 1907 1070 1966 Amen.

2231 1916 2400 1985 ἡμᾶς,
2431 1916 2520 1969 ἵνα
2543 1915 2639 1969 καὶ
2662 1915 2804 1987 ὑπὲρ
2830 1915 3050 1970 πάντων
3071 1917 3149 1981 εἰς
3174 1915 3352 1988 ὀσμὴν
3371 1918 3602 1983 εὐωδίας
3629 1917 3811 1971 ἑαυτὸν

533 1995 755 2066 ἀναθεὶς
781 2002 858 2075 τῷ
890 2005 1101 2077 Πατρὶ,
1132 2008 1552 2080 κατακτήσηται
1602 2010 1703 2081 τὴν
1748 2011 1841 2064 ὑπ’
1892 2010 2145 2082 οὐρανὸν,
2189 2009 2444 2080 ἐξέληται
2482 2012 2593 2065 τῶν
2626 2011 2872 2081 ἀρχαίων
2934 2013 3300 2083 αἰτιαμόιτων,
3329 2012 3600 2083 δικαιώσῃ
3628 2015 3693 2083 τῇ
3723 2012 3815 2082 χά-

537 2106 644 2156 ριτι
691 2095 782 2149 διὰ
840 2099 1097 2164 πίστεως,
1155 2099 1390 2155 Θανάτου
1444 2104 1540 2157 καὶ
1596 2104 1803 2176 φθορᾶς
1861 2106 2118 2176 ἀποφήνῃ
2196 2102 2555 2175 κρείττονας,
2606 2103 2785 2175 ἱερούς
2833 2120 2893 2157 τε
2946 2105 3043 2159 καὶ
3089 2104 3484 2176 ήγιασμένους,
3562 2103 3658 2158 καὶ
3712 2102 3814 2156 πᾶν

533 2181 675 2250 εἶδος
718 2190 919 2259 ἀρετῆς
968 2187 1028 2245 εὖ
1066 2193 1211 2261 μάλα
1246 2195 1707 2265 κατωρθωκότας,
1762 2197 1992 2268 Σωτῆρα
2066 2196 2163 2251 καὶ
2240 2195 2543 2268 Λυτρωτὴν
2588 2196 2987 2267 ὁμολογοῦντας
3018 2198 3217 2252 αὐτόν·
3260 2199 3328 2253 δι’
3370 2192 3434 2252 οὗ
3478 2199 3577 2253 καὶ
3609 2198 3727 2270 μεθ’
3755 2189 3813 2249 οὗ

530 2278 610 2348 τῷ
647 2279 768 2350 6εῷ
800 2282 894 2334 καὶ
929 2283 1101 2354 Πατρὶ
1138 2285 1171 2355 ἡ
1201 2284 1347 2354 δόξα,
1400 2289 1498 2341 σὺν
1534 2289 1677 2360 ἁγίῳ
1724 2289 2004 2360 Πνεῦματι
2044 2292 2123 2355 εἰς
2160 2291 2288 2353 τοὺς
2316 2289 2537 2353 αἰῶνας.
2584 2289 2777 2360 Ἀμήν.

780 2432 1186 2527 TOMUS
1270 2436 1860 2541 QUARTUS.

602 2605 798 2660 Beatus
827 2604 1025 2662 Paulus
1067 2622 1193 2662 eum
1223 2608 1359 2679 legis
1392 2626 1639 2667 umbram
1690 2614 1833 2668 haud
1871 2616 2117 2672 inutilem

533 2697 847 2753 hominibus
881 2699 967 2765 pie
994 2700 1179 2756 vivere
1222 2702 1636 2761 instituentibus
1682 2708 2029 2772 ostenderet,
2063 2720 2119 2764 et

526 2806 592 2844 ea
624 2805 745 2860 qua:
792 2791 919 2846 olim
971 2792 1163 2861 priscis
1205 2795 1517 2853 hominibus
1561 2800 1937 2870 contigissent,
1973 2801 2119 2855 velut

532 2881 771 2935 tabulam
812 2883 1103 2952 quamdam
1144 2894 1199 2939 et
1247 2903 1425 2942 rerum
1465 2892 1738 2946 veriorum
1793 2894 2117 2962 descriptio-

2490 2433 2876 2522 Γ[ὈΜΟΣ
2949 2428 3554 2522 ΤΕΤΛΡΤΟΣ.

2307 2614 2369 2668 '0
2400 2612 2687 2677 θεσπέσιος
2732 2612 2969 2678 Παῦλος,
3020 2614 3122 2669 οὐκ
3151 2614 3423 2687 ἀσυντελῆ
3465 2616 3605 2686 πρὸς
3632 2616 3813 2687 ὄνησιν

2223 2709 2336 2771 τοῖς
2378 2706 2624 2760 εὐσεϐεῖν
2652 2707 2972 2779 ᾑρημένοις,
3015 2707 3115 2780 τὴν
3149 2707 3208 2763 ἐν
3239 2725 3304 2777 γε
3347 2707 3431 2779 τῷ
3476 2710 3631 2781 νόμῳ
3662 2710 3812 2764 σκιάν

2226 2799 2569 2868 ἀποφαίνων,
2620 2800 2717 2852 καὶ
2763 2798 2873 2869 μὴν
2924 2799 3021 2852 καὶ
3064 2798 3132 2852 τά
3178 2798 3352 2853 πάλαι
3400 2802 3523 2865 τοῖς
3571 2800 3815 2873 ἀρχαίοις

2227 2890 2635 2960 συμϐεϐηκότα,
2663 2889 2916 2960 καθάπερ
2942 2890 3063 2943 τινὰ
3105 2890 3311 2944 πίνακα
3334 2893 3437 2945 καὶ
3463 2892 3683 2964 γραφὴν
3712 2891 3816 2946 τῶν

528 2988 653 3027 nem
722 2976 969 3030 omnium
1038 2978 1236 3033 animis
1307 2982 1651 3050 apertissime
1725 2995 2113 3055 proponeret:

2224 2984 2605 3054 ἀληθεστέρων
2634 2985 2755 3045 ταῖς
2787 2982 3042 3035 ἁπάντων
3068 2982 3331 3047 διανοίαις
3370 2980 3440 3038 εὖ
3470 2986 3619 3055 μάλα
3646 3001 3818 3055 παρα.

533 3084 551 3115 ι
594 3065 740 3132 Hac,
784 3066 979 3136 inquit,
1008 3070 1190 3124 omnia
1231 3072 1282 3125 in
1332 3074 1502 3145 figura
1549 3077 1944 3147 contingebant
1986 3080 2113 3145 illis,

528 3159 728 3229 scripta
778 3167 904 3213 sunt
944 3170 1123 3216 autem
1179 3163 1247 3218 ad
1300 3167 1698 3235 eorreptionem
1749 3178 2012 3235 nostram,
2061 3170 2114 3222 in
2162 3224 2169 3235 ,

524 3267 662 3320 quos
699 3253 834 3306 lines
876 3253 1198 3308 saeculorum
1243 3259 1580 3311 devenerunt
1607 3258 1672 3310 ³⁸.
1711 3277 1729 3310 ι
1772 3259 1885 3326 Age
1930 3260 2112 3329 igitur,

525 3361 591 3397 vx
628 3345 887 3413 legalibus
924 3344 1146 3401 Litteris
1176 3347 1464 3417 desumpto
1502 3349 1620 3403 loco
1659 3349 1940 3415 dicatnus,
1974 3351 2115 3407 filios

526 3434 690 3490 Israel
714 3435 842 3488 nlim
874 3451 938 3489 ex
970 3434 1351 3505 Egyptiorum
1387 3439 1548 3493 terris
1594 3440 1921 3496 excedentes
1942 3480 1957 3506 ,
1990 3457 2111 3496 cum

528 3530 580 3579 iu
622 3537 820 3579 terram
857 3527 1237 3595 promissionis
1279 3539 1666 3598 properarent,
1710 3530 1762 3584 in
1798 3546 1982 3587 eremo
2032 3533 2113 3587 di-

525 3627 774 3672 versatos
808 3617 977 3672 fuisse
1003 3637 1017 3673 :
1048 3634 1286 3689 cumque
1332 3633 1609 3691 gestorum
1645 3624 1696 3677 in
1742 3623 1975 3697 Egypto
2013 3627 2115 3681 mi-

524 3708 834 3762 raculorum
867 3709 1112 3766 infelices
1135 3711 1311 3779 obliti,
1344 3724 1399 3767 et
1436 3718 1699 3771 memoria
1734 3718 2022 3774 cliaritatis
2056 3719 2110 3773 in

528 3800 695 3852 Deum
742 3800 949 3870 abjecta
992 3801 1158 3873 impie
1189 3817 1614 3872 murmurarent,
1660 3822 1690 3861 a
1739 3811 2108 3879 serpentibus,

523 3898 584 3944 ut
617 3893 877 3961 scriptum
914 3902 1021 3960 est,
1061 3896 1339 3965 perierunt
1367 3896 1431 3950 ³³.
1472 3896 1578 3953 Sed
1623 3915 1837 3957 morsus
1870 3917 2110 3957 venena-

524 3992 698 4036 tarum
723 3983 960 4037 ferarum
984 3983 1336 4055 ellugiebant,
1370 4001 1493 4041 cum
1529 3988 1622 4043 Dei
1647 3991 1890 4044 omnium
1920 3991 2110 4045 Salva-

523 4074 659 4128 toris
683 4075 905 4129 oraculo
952 4079 1190 4131 monitus
1222 4077 1396 4135 Moses
1420 4088 1727 4150 serpentem
1761 4080 1866 4136 illis
1894 4096 2108 4147 aeneum

2225 3073 2427 3136 τιθεῖς’
2493 3090 2511 3122 ι
2538 3070 2722 3124 Ταῦτα
2767 3070 2825 3124 δὲ
2865 3069 2996 3142 [ἷσ.
3043 3072 3260 3135 λείπει,
3309 3071 3527 3144 φησ“ι,]
3581 3070 3820 3131 τυπικῶς

2228 3164 2544 3218 συνέϐαινεν
2612 3162 2875 3225 ἐκείνοις*
2925 3162 3145 3233 ἐγράφη
3209 3162 3265 3215 δὲ
3327 3164 3477 3232 πρὸς
3544 3163 3820 3216 νουθεσίαν

2224 3257 2403 3327 ἡμῶν,
2442 3258 2522 3320 εἰς
2570 3255 2664 3319 οὓς
2705 3254 2775 3308 τὰ
2818 3253 2947 3325 τέλη
2996 3254 3106 3308 τῶν
3151 3254 3367 3308 αἰώνων
3424 3259 3761 3327 κατήντηκε.
3793 3273 3810 3306 ι

2221 3348 2358 3418 Φέρε
2384 3346 2450 3417 δὴ
2481 3341 2575 3399 οῦν
2615 3347 2680 3398 ἐκ
2719 3343 2962 3416 νομικῶν
2989 3345 3343 3416 Γραμμάτων
3371 3346 3616 3411 ἑλόντες,
3649 3346 3816 3414 λέγω·

2223 3439 2437 3511 μεν,ώς
2461 3438 2851 3508 κατηυλίξοντο
2882 3438 2981 3509 μὲν
3003 3438 3102 3509 ὲρή
3113 3454 3197 3508 μῳ
3221 3438 3353 3491 ποτὲ
3375 3437 3482 3509 τῆς
3502 3440 3817 3507 Αἰγυπτίων

2222 3532 2557 3601 ἀπαίροντες
2587 3534 2636 3584 οἰ
2662 3530 2723 3595 ἐξ
2759 3530 3002 3603 Ἰσραὴλ,
3049 3532 3143 3583 καὶ
3172 3533 3254 3594 εἰς
3298 3531 3401 3601 τὴν
3433 3534 3541 3604 τῆς
3583 3536 3823 3601 ἐπαγγε-

2221 3625 2341 3687 λίας
2375 3616 2791 3686 διασπεύδοντες
2826 3624 2960 3693 τῆν’
2992 3621 3180 3694 ἐπειδὴ
3210 3622 3268 3676 δὲ
3297 3623 3413 3677 τῶν
3451 3627 3512 3679 ὲν
3558 3625 3820 3694 Αἰγύπτῳ

2223 3718 2517 3789 θαυμάτων
2551 3715 2995 3789 ἀμνημονοῦντες
3042 3717 3092 3769 οἰ
3137 3715 3410 3781 τάλανες,
3463 3719 3565 3771 καὶ
3607 3719 3708 3789 τῆς
3745 3718 3822 3780 εἰς

2220 3811 2357 3866 Θεὸν
2392 3810 2615 3880 ἀγάπης
2643 3807 3157 3879 ἀμνημονήσαντες,
3176 3805 3541 3877 διεγόγγυζον
3568 3809 3818 3870 ἀνοσίως.

2221 3905 2328 3957 ὑπὸ
2355 3902 2466 3957 τῶν
2498 3903 2676 3972 δφεων
2710 3899 3029 3954 ἀπώλλυντο
3055 3940 3069 3966 ,
3106 3899 3251 3953 κατὰ
3299 3900 3363 3953 τὸ
3402 3904 3821 3974 γεγραμμένον.

2221 3994 2469 4064 Διέδρων
2488 4011 2553 4061 γε
2584 3994 2692 4065 μὴν
2724 3991 2794 4046 τά
2836 3993 2945 4045 τῶν
2980 3991 3202 4046 ἰοϐόλων
3230 3991 3501 4063 δήγματα
3521 4035 3537 4061 ,
3575 3995 3668 4047 τὸν
3702 3994 3822 4062 ὅφιν

2220 4086 2403 4149 αὐτοῖς
2447 4085 2540 4139 τὸν
2591 4083 2828 4155 χαλκοῦν
2868 4080 3356 4153 ἀναστηλώσαντος
3408 4085 3511 4140 τοῦ
3554 4086 3822 4149 Μωσέως,

521 4163 717 4219 erexit.
740 4163 853 4235 96
877 4182 895 4215 ι
927 4164 1038 4221 Fac
1065 4167 1211 4233 tibi,.
1240 4169 1437 4240 inquit,
1500 4183 1833 4242 serpentem,
1881 4185 1935 4229 ct
1968 4189 2111 4244 pone

2224 4178 2313 4233 τοῦ
2338 4181 2558 4235 πάντων
2578 4180 2836 4249 Σωτῆρος
2855 4176 2993 4231 θεοῦ
3014 4177 3562 4250 κεχρησμῳδηκότος
3576 4198 3591 4212 ·
3619 4199 3638 4233 ι
3664 4180 3824 4251 Ποίη-

523 4255 670 4309 illum
718 4256 772 4310 in
815 4258 1076 4326 signum:
1126 4267 1182 4314 et
1230 4262 1358 4327 erit,
1397 4262 1443 4316 si
1496 4265 1856 4318 momorderit
1883 4277 2110 4334 serpens

2224 4288 2313 4325 σον
2343 4271 2528 4341 σαυτῷ
2552 4270 2697 4340 ὅφιν,
2721 4270 2817 4323 καὶ
2837 4269 2930 4333 θὲς
2959 4269 3124 4322 αὐτὸν
3152 4270 3245 4321 ἐπὶ
3273 4273 3537 4340 σημεῖοψ
3553 4273 3654 4326 καὶ
3675 4272 3827 4325 ἔσται

522 4346 821 4412 hominem,
859 4349 1110 4419 quisquis
1137 4366 1352 4408 morsus
1385 4353 1570 4415 fuerit,
1607 4352 1800 4408 videns
1838 4354 1989 4409 illum
2028 4358 2107 4411 vi-

2224 4361 2311 4415 ὲάν
2338 4360 2478 4431 δάκῃ
2504 4361 2629 4431 ὄφις
2657 4360 2755 4416 ἀνθ
2766 4377 2968 4432 ρωπον,
3002 4362 3110 4425 πᾶς
3143 4362 3172 4414 6
3201 4360 3550 4434 δεδηγμένος
3584 4365 3713 4419 ίδὼν
3736 4366 3828 4418 αὑ·

521 4435 696 4492 vet“.
731 4455 751 4489 ι
782 4435 910 4494 Haec
959 4454 1090 4512 ergo
1134 4439 1309 4511 figura
1357 4442 1679 4512 mysterium
1726 4444 1930 4499 Christi
1968 4454 2107 4523 erat.

2216 4452 2309 4505 τὸν
2340 4451 2587 4522 ζήσεται.
2630 4470 2650 4505 ο
2683 4453 3001 4525 Μυστήριον
3025 4452 3081 4506 δὲ
3109 4453 3220 4524 ἀρα
3248 4452 3309 4505 τὺ
3337 4455 3493 4511 κατά
3525 4456 3771 4529 Χριστὸν
3801 4456 3832 4519 ή

517 4526 652 4581 Cum
683 4529 829 4583 enim
869 4531 1011 4585 Deus
1057 4541 1209 4587 esset
1237 4531 1574 4601 unigenitum
1617 4532 1711 4587 Dei
1752 4533 2023 4602 Verbum,
2055 4548 2110 4590 et

2224 4543 2461 4608 τύπωσις
2484 4540 2571 4615 ἦν.
2590 4545 2724 4611 Θεὸς
2745 4549 2856 4621 γάρ
2881 4553 3145 4625 ὑπάρχων
3171 4556 3201 4608 6
3231 4558 3548 4629 μονογενὴς
3567 4526 3668 4613 τοῦ
3692 4558 3793 4611 Geo
3808 4559 3836 4612 ῦ

516 4629 613 4682 per
651 4627 903 4672 naturam
937 4621 1139 4674 bonum
1191 4636 1258 4675 ex
1293 4622 1438 4675 bono
1481 4620 1680 4688 Patre,
1714 4624 1986 4693 particeps
2030 4625 2110 4681 fa-

2215 4636 2409 4705 Δόγος,
2455 4638 2550 4692 καὶ
2599 4639 2658 4707 ἐξ
2696 4641 2905 4709 ἀγαθοῦ
2937 4646 3154 4718 Πατρὸς
3201 4648 3412 4715 ἀγαθὸς
3456 4651 3610 4706 κατά
3642 4652 3836 4721 φύσιν.

514 4716 662 4760 ctum
711 4717 796 4763 est
842 4710 1129 4778 sanguinis
1155 4720 1213 4766 et
1261 4713 1466 4777 carnis,
1502 4713 1608 4770 hoc
1644 4725 1745 4780 est,
1786 4717 1990 4772 factum
2028 4730 2111 4776 est

2224 4727 2483 4800 μετέσχεν
2505 4732 2743 4802 αἵματος
2769 4735 2865 4788 καὶ
2891 4710 3113 4808 σαρκὸς,
3162 4710 3440 4807 τουτέστι,
3477 4710 3715 4812 γέγονεν
3737 4742 3829 4795 ἀν-

518 4800 700 4864 liomo,
734 4811 790 4855 et
822 4803 979 4856 nobis
1009 4805 1101 4872 qui
1134 4805 1260 4859 mali
1290 4820 1539 4874 eramus,
1572 4807 1748 4865 amnis
1773 4852 1790 4878 ,
1838 4825 2109 4882 quatenus

2224 4820 2452 4891 θρωπος,
2480 4800 2612 4895 ἠμίν
2641 4843 2700 4879 τε
2730 4830 2844 4891 τοῖς
2874 4800 3133 4901 πονηροῖς
3154 4800 3578 4905 παραπλήσιος,
3600 4838 3748 4892 κατά
3767 4851 3829 4904 γε

516 4900 665 4942 certe
703 4892 866 4946 homo
903 4894 1077 4948 nostri
1108 4894 1307 4950 similis
1343 4895 1490 4954 fuit:
1534 4902 1768 4968 positum
1814 4913 1899 4958 est
1940 4907 2106 4962 etiam

517 4980 570 5032 in
620 4980 873 5047 sublime,
929 4984 1035 5038 hoc
1072 4995 1180 5051 est,
1236 5001 1454 5045 erucem
1508 4993 1723 5058 pertulit
1775 4996 1827 5049 in
1858 4996 2025 5066 ligno,
2052 5008 2110 5055 et

518 5078 746 5124 mortem
788 5076 1088 5129 secundum
1123 5092 1367 5147 carnem,
1411 5082 1513 5137 etsi
1558 5084 1757 5140 revixit
1794 5086 1884 5142 die
1920 5090 2104 5158 tertia,

515 5160 726 5218 calcato
764 5166 967 5223 mortis.
985 5169 1214 5239 imperio
1242 5173 1307 5229 “.
1350 5173 1487 5229 Cum
1517 5178 1681 5249 igitur
1704 5184 1968 5242 adversus
1996 5188 2107 5243 dis-

516 5257 890 5320 pensationem
944 5264 1128 5320 carnis
1187 5268 1515 5325 stultissime
1588 5272 1975 5346 obloquimur,
2050 5290 2106 5336 et

577 5393 630 5488 Ὃς
662 5395 1020 5488 ἑοσηζιιηξί
1172 5403 1334 5488 llebr.
1377 5425 1473 5476 vn,
1671 5414 1716 5447 ”
1757 5415 1924 5473 Hebr.
1959 5435 2041 5488 ιιι,
2075 5422 2125 5475 l.

2210 4913 2272 4967 τὺ
2296 4909 2437 4967 εἶναι
2463 4916 2590 4969 καθ’
2620 4919 2770 4988 ἡμᾶς
2813 4919 3103 4992 ἄνθρωπος
3146 4924 3420 4994 δηλονότι.
3468 4929 3735 4983 Τὲθειται
3773 4928 3829 4981 δὲ

2211 5008 2307 5061 καὶ
2332 5007 2418 5078 ἐφ’
2450 5009 2658 5082 ὑψηλοῦ
2681 5030 2694 5042 ·
2733 5016 3004 5084 τουτέστι,
3036 5019 3275 5089 σταυρὸν
3319 5019 3536 5093 ἀνέτλη
3590 5023 3689 5078 τὸν
3736 5022 3831 5077 ὲπλ⁸

2212 5099 2393 5167 ξῦλου,
2424 5100 2519 5156 καὶ
2563 5104 2657 5159 τὸν
2688 5107 2831 5163 κατά
2882 5109 3063 5181 σάρκα
3092 5111 3346 5175 θάνατον.
3379 5117 3433 5169 εἰ
3485 5117 3587 5171 καὶ
3624 5115 3832 5171 ἀνεϐίω

2208 5194 2510 5266 τριήμερος
2534 5235 2549 5261 ,
2576 5196 2637 5250 τὺ
2673 5198 2767 5253 τοῦ
2795 5198 3033 5256 θανάτου
3069 5205 3321 5274 πατήσας
3379 5208 3624 5279 κράτος.
3656 5211 3832 5262 Ὅταν

2209 5286 2392 5341 τοίνυν
2424 5288 2489 5343 ὲκ
2518 5289 2722 5364 πολλῆς
2749 5293 2892 5364 ἀγαν
2919 5298 3215 5362 ἀσυνεσίας
3234 5336 3249 5362 ,
3292 5301 3399 5371 τῆς
3440 5303 3592 5375 μετά
3622 5300 3832 5376 σαρκὸς

2207 5424 2527 5513 ³⁸..ΡίῑηίΡΡ-
2557 5432 2713 5513 ηυτι
2780 5433 2826 5513 1³
2866 5435 3243 5513 Εριιςξο,νν²·
3321 5436 3380 5513 _".
3420 5441 3618 5513 Ephes
3678 5456 3743 5512 ιι.
3771 5438 3830 5495 8-

514 5462 561 5495 ³⁸
599 5466 621 5521 l
660 5468 786 5523 Cor.
830 5486 883 5538 ι,
907 5462 1009 5528 ⁷11.
1087 5476 1133 5508 ³³
1172 5474 1332 5535 Νυιη.
1367 5462 1729 5557 ιῖιξῖξὲεηιι.

2293 5462 2315 5481 ι
2340 5462 2527 5500 ιιιιψμ-
2557 5462 2621 5497 u,
2657 5462 2705 5491 ιο
2780 5462 2824 5467 “
2866 5462 3066 5506 npucs.
3103 5462 3155 5502 ν,
3185 5462 3243 5492 z.
3322 5462 3365 5470 "

2244 5496 2289 5529 "°
2332 5497 2490 5556 Num.
2530 5519 2644 5571 ut,
2681 5504 2738 5574 8,
2776 5504 2830 5561 9.
2908 5508 2953 5539 “
2993 5507 3161 5565 Hebr.
3210 5523 3272 5576 ll,
3313 5507 3411 5565 M.

1780 5644 1939 5701 ANT.
1982 5647 2070 5703 AG
2082 5646 2261 5707 ΕΜ.ιί
2302 5654 2514 5713 ΝΟΤᾸῦ
2527 5699 2540 5712 .

584 5757 695 5832 (25)
721 5758 882 5819 Forte
916 5763 1105 5836 μῶμόν
1133 5788 1254 5824 που.
