4150 6432
354 451 471 508 ιω

1452 453 1818 510 ADVERSUS
1861 453 2259 514 NESTORIU.“
2298 459 2426 513 LIB.
2471 461 2556 516 iV.

3519 467 3621 523 I70

346 572 686 641 οἰκονομίας
720 571 1219 641 καταγογγύζοντες
1244 613 1259 636 ,
1296 574 1390 626 καὶ
1428 574 1486 627 τὺ
1513 575 1745 639 ἀκαλλὲς
1782 575 1950 645 αὐτῆς

2057 586 2267 646 turpem
2303 578 2446 633 illam
2478 588 2727 647 putantes
2770 578 3140 635 erubescimus
3172 588 3264 635 aut
3295 581 3496 637 sentire
3534 589 3625 636 aut

352 662 779 732 καθορίζοντες,
804 662 1186 733 αἰσχυνώμεθα
1220 666 1436 735 φρονεῖν
1466 665 1498 735 ἢ
1525 664 1951 736 λέγειν,ἀνθρω-

353 770 461 807 πον
514 752 776 821 γενέσθαι
814 754 936 808 καθ’
984 756 1129 825 ἡμᾶς
1165 756 1255 807 τὸν
1308 756 1398 808 τοῦ
1443 755 1579 808 Θεοῦ
1623 756 1815 824 Λόγον,
1857 758 1953 809 καὶ

357 845 635 915 ἑνωθῆναι
687 847 852 917 σαρκὶ
903 847 1044 899 κατά
1102 845 1389 918 ἀλήθειαν,
1427 848 1549 899 τότε
1597 851 1689 901 καὶ
1736 848 1951 919 δράκων

363 938 508 1007 ἡμᾶς
534 939 567 990 ὁ
590 936 904 1007 ἀρχέκακος
941 938 1246 998 ἀποκτενεῖ,
1267 938 1365 1007 τῆς
1398 939 1593 991 ἑαυτοῦ
1623 939 1951 1005 δυστροπίας

363 1030 443 1081 [EI
475 1029 677 1099 ὥσπερ
703 1027 827 1081 τινὰ
853 1031 975 1090 ταῖς
1016 1028 1317 1097 ἡμετέραις
1346 1028 1606 1092 διανοίαις
1649 1031 1812 1092 ἐνιεὶς
1851 1030 1950 1100 τὴν

359 1119 670 1189 πλάνησινο
715 1114 1117 1185 διαφευξόμεθα
1170 1114 1264 1179 δὲ,
1316 1115 1408 1168 καὶ
1464 1116 1533 1168 τὰ
1588 1116 1689 1185 τῆς
1740 1115 1948 1169 ἐκείνου

360 1211 695 1281 σκαιότητος
730 1205 1169 1279 ὃιακρουσόμεθα
1203 1205 1395 1276 βλάϐη,
1441 1209 1563 1273 τοῖς,
1597 1207 1695 1277 τῆς
1724 1207 1950 1278 καρδίας

354 1304 612 1373 δμμασιν
658 1299 957 1371 ἐνορῶντες
989 1297 1068 1367 τῷ
1094 1298 1217 1365 διρει
1239 1315 1251 1327 ·
1287 1296 1558 1361 τουτέστι,
1608 1298 1669 1350 τὸ
1711 1298 1949 1368 Χριστοῦ

355 1397 672 1465 μυστήριον
723 1392 943 1464 ἀκριὸεῖ
984 1391 1193 1461 διανοίᾳ.
1248 1390 1773 1459 κατασκεπτόμενοι.
1815 1389 1949 1442 Τότε

348 1490 487 1558 γὰρ,
520 1488 647 1539 τότε
681 1484 1007 1555 φρονοῦντες
1029 1481 1185 1552 ὀρθὰ,
1214 1481 1604 1543 ἀνενδοιάστως
1627 1480 1952 1550 ὁμολογήσο-

353 1596 460 1649 μεν
481 1581 569 1630 ὅτι
604 1577 797 1644 γέγονε
832 1575 969 1645 σὰρξ
997 1577 1025 1628 ὁ
1054 1573 1146 1627 τοῦ
1176 1572 1311 1625 Θεοῦ
1333 1573 1526 1640 Λόγος,
1551 1573 1646 1625 καὶ
1668 1571 1942 1642 προῆλθεν

350 1672 416 1721 ἐκ
459 1667 733 1737 γυναικὸς
765 1666 905 1736 μετὰ
929 1665 1024 1717 τοῦ
1063 1668 1241 1735 μεῖναι
1266 1664 1418 1729 Θεὸς,
1448 1665 1540 1717 καὶ
1563 1664 1707 1716 ἔστιν
1732 1666 1759 1717 ὁ
1789 1663 1950 1725 αὐτὸς

352 1761 488 1824 Θεδς
518 1777 580 1813 τε
624 1758 764 1829 ὁμοῦ
812 1759 906 1811 καὶ
938 1756 1221 1828 ἄνθρωπος
1242 1772 1257 1786 ·
1307 1755 1432 1809 οὔτε
1460 1757 1570 1817 τοῖς
1604 1756 1703 1826 τῆς
1738 1754 1948 1824 ἀνθρω-

358 1852 599 1922 πότητος
638 1849 867 1920 μέτροις
894 1846 1237 1918 ἐπερυθριῶν
1283 1847 1371 1901 διά
1406 1865 1465 1900 τε
1503 1846 1619 1918 [τον.
1656 1847 1745 1900 διά
1771 1846 1855 1919 γε]
1891 1847 1952 1899 τὸ

2054 670 2235 723 dicere
2273 671 2442 738 ipsum
2477 671 2567 725 Dei
2599 670 2830 724 Verbum
2876 671 3073 726 factum
3108 686 3229 727 esse
3268 671 3434 727 nostri
3475 673 3626 727 simi-

2053 759 2157 813 lem
2191 759 2488 821 hominem,
2522 768 2576 813 ct
2626 761 2776 813 carni
2834 762 3125 813 secundum
3184 760 3467 815 veritatem
3504 762 3625 815 uni-
3656 777 3668 829 ι

2054 860 2188 910 tum.
2239 862 2349 903 tum
2394 852 2623 919 denique
2666 852 2828 905 draco
2874 852 2961 905 ille
3014 852 3275 905 malorum
3323 854 3476 923 origo
3526 865 3626 905 nos

2051 941 2283 1002 occidet,
2320 940 2373 994 in
2426 950 2643 995 nostros
2681 941 2890 995 animos
2937 941 3288 1008 malignitatis
3316 957 3427 997 sum
3466 942 3625 996 sedn-

2053 1029 2288 1084 ctionem
2320 1029 2471 1097 quasi
2506 1044 2772 1083 venenum
2814 1029 3142 1097 infundens;
3173 1030 3492 1100 effugiemus
3530 1045 3627 1082 au-

2053 1130 2185 1186 tem,
2244 1128 2299 1174 et
2351 1120 2553 1173 illatam
2610 1120 2679 1174 ab
2736 1121 2878 1175 illius
2919 1122 3279 1190 perversitate
3333 1121 3623 1190 perniciem

2052 1210 2391 1274 amoliemur,
2427 1211 2471 1264 si
2504 1212 2682 1266 cordis
2712 1212 2895 1267 oculos
2930 1212 2983 1265 in
3032 1222 3337 1281 serpentem
3376 1211 3628 1279 coniece-

2054 1305 2244 1368 rimns,
2279 1306 2381 1359 hoc
2410 1313 2511 1368 est,
2530 1306 2573 1359 si
2598 1305 2799 1359 Christi
2826 1305 3139 1375 mysterium
3175 1304 3418 1375 diligenti
3447 1306 3624 1359 anim-

2052 1397 2368 1452 adversione
2409 1398 2950 1452 cunsideraverimus.
2999 1396 3136 1450 Tum
3180 1398 3415 1466 denique
3476 1406 3626 1449 recte

2052 1493 2355 1547 sentientes
2413 1490 2560 1545 omni
2615 1488 2954 1546 dubitatione
3010 1501 3214 1545 remota
3250 1489 3627 1545 conlitebimnr

2053 1582 2227 1650 ipsum
2273 1580 2361 1634 Dei
2399 1580 2632 1634 Verbum
2674 1580 2874 1635 factum
2907 1594 3029 1635 esse
3066 1596 3312 1643 carnem,
3344 1589 3398 1633 et
3440 1580 3511 1633 ita
3556 1595 3623 1632 ex

2053 1672 2277 1726 muliere
2320 1672 2606 1740 prodiisse,
2638 1681 2695 1724 ut
2754 1681 2999 1726 maneret
3059 1670 3220 1735 Deus,
3267 1671 3627 1740 enmdemque

2053 1761 2222 1816 Deum
2253 1762 2412 1815 simul
2438 1771 2494 1817 et
2528 1762 2802 1817 hominem
2833 1776 2974 1827 esse,
3004 1777 3178 1831 neque
3214 1763 3280 1816 de
3311 1762 3624 1816 humanita-

2056 1852 2123 1906 tis
2156 1854 2424 1908 mensuris
2458 1854 2868 1908 erubescentem
2905 1863 3125 1923 pmpter
3166 1853 3502 1908 excellentiae
3546 1856 3626 1909 di-

360 1947 455 2016 τῆς
502 1946 787 2016 ὑπεροχῆς
837 1943 1082 2014 ἀξίωμα·
1132 1943 1258 1996 οῦτε
1306 1943 1411 2014 μὴν
1456 1943 1555 2013 τῆς
1612 1942 1949 2014 θεοπρεποῦς

2052 1944 2333 2014 gnitatem,
2367 1959 2540 2013 neque
2571 1959 2759 1999 rursus
2801 1945 3000 1999 divinae
3046 1946 3189 1999 illius
3240 1947 3527 2014 potestatis
3570 1958 3626 2000 et

362 2037 637 2103 ἔξουσίας,
689 2037 786 2089 καὶ
832 2035 1144 2107 ύπερτάτης
1174 2036 1424 2099 εὐκλείας
1470 2036 1829 2106 ἐστερημένος
1861 2034 1948 2088 διὰ

362 2132 425 2183 τὸ
458 2129 824 2198 ἀνθρώπινον.
874 2130 936 2181 0i
984 2128 1040 2181 δὲ
1089 2127 1152 2199 δὴ
1196 2128 1265 2181 τὰ
1314 2126 1491 2180 τοιάδε
1542 2126 1840 2199 διακρίνειν
1886 2120 1946 2178 εὖ

374 2221 519 2291 μάλα
559 2219 970 2291 κατηθισμένοι,
999 2218 1064 2270 δι’
1091 2220 1294 2289 ἀμφοῖν
1342 2218 1434 2270 τὸν
1478 2217 1594 2281 ἕνα,
1624 2217 1718 2269 καὶ
1763 2215 1821 2267 τὸ
1860 2216 1947 2269 ἐπ’

376 2313 526 2383 αὐτῷ
565 2314 855 2383 μυστήριον
891 2311 1085 2381 ἰσχνῶς
1120 2312 1212 2363 καὶ
1237 2308 1621 2380 ἐξητασμένως
1653 2308 1943 2371 συνιέντες,

372 2406 647 2471 λέγουσιν·
684 2423 703 2453 ι
739 2405 806 2455 Ὢ
840 2402 1002 2471 βάθος
1048 2400 1280 2454 πλούτου
1316 2401 1410 2453 καὶ
1440 2400 1633 2468 σοφίας
1683 2400 1775 2451 καὶ
1811 2398 1947 2467 γνὼ-

365 2513 502 2558 σεως
533 2494 689 2561 Θεοῦ,
723 2493 799 2558 ὡς
829 2492 1228 2563 ἀνεξερεύνητα
1258 2491 1326 2544 τὰ
1351 2490 1593 2562 κρίματα
1628 2490 1812 2550 αὐτοῦ.
1857 2488 1950 2542 καὶ

357 2586 771 2656 ἀνεξιχνίαστοι
795 2587 853 2638 αί
878 2584 989 2637 ὁδοὶ
1017 2582 1206 2637 αὐτοῦ.
1246 2583 1341 2645 Τίς
1372 2582 1481 2652 γὰρ
1510 2581 1649 2649 ἔγνω
1683 2581 1808 2634 νοῦν
1832 2582 1948 2634 Κυ-

352 2678 515 2746 pio-4;
552 2695 571 2727 s
622 2675 764 2728 Ἀλλ’
816 2674 918 2728 οῦκ
962 2669 1058 2727 οἷδ’
1109 2674 1255 2737 ὅπως
1304 2673 1378 2736 ὼς
1428 2673 1697 2741 ἀνέφικτα
1746 2688 1804 2723 τε
1855 2671 1951 2724 καὶ

349 2768 574 2839 ἀκαλλῆ
612 2768 776 2821 ταυτὶ
825 2765 1219 2837 διωθούμενος,
1255 2765 1355 2835 τῆς
1387 2763 1479 2818 τοῦ
1507 2764 1757 2834 Σωτῆρος
1793 2762 1949 2833 ἡμῶν

352 2862 620 2924 εὐκλείας
642 2861 739 2915 καὶ
774 2860 1075 2930 ὑπεροχῆς,
1104 2859 1166 2912 οὐ
1203 2856 1439 2929 μετρίως
1467 2855 1650 2910 οὑτοσὶ
1679 2854 1949 2909 ποιεῖσθαι

355 2954 685 3025 κατατολμᾷ
724 2953 826 3024 τὴν
873 2952 1209 3022 κατάρῤυσιν
1243 2951 1255 3021 ι
1284 2951 1370 3004 Ζσ.
1404 2947 1782 3022 κατάῤῥησιν]
1804 2965 1816 2978 ·
1856 2947 1952 3001 καὶ

358 3050 558 3119 μέτρον
603 3046 800 3116 ὥσπερ
854 3042 1000 3113 αὐτῷ
1046 3043 1109 3096 τὸ
1152 3044 1272 3097 καθ’
1320 3043 1469 3114 ἡμᾶς
1512 3042 1820 3111 ἀπονέμων,
1857 3039 1952 3093 καὶ

351 3140 541 3211 ἕτερον
565 3138 745 3200 οὐδὲν,
777 3134 1095 3200 δεδοξάσθαι
1125 3134 1289 3205 φησὶν
1310 3133 1471 3186 αὑτὸν
1499 3131 1649 3203 παρά
1680 3130 1771 3184 τοῦ
1796 3130 1949 3199 ἁγίου

353 3231 705 3301 Πνεύματος,
754 3230 853 3298 οὐχ
894 3227 967 3290 ὡς
1020 3228 1128 3298 ἰδίᾳ
1180 3226 1402 3296 δυνάμει
1447 3223 1748 3295 χρώμενον,
1781 3225 1848 3294 τῇ
1882 3221 1948 3276 δι’
1974 3261 2022 3327 .c

349 3323 548 3385 αὑτοῦ,
580 3323 680 3376 καὶ
716 3319 957 3391 πληροῦν
983 3319 1051 3372 τὰ
1078 3319 1176 3389 τῆς
1212 3317 1559 3388 θεοσημείας,
1607 3314 1722 3368 ἀλλ’
1750 3314 1949 3379 ἔξωθεν

350 3417 450 3469 καὶ
482 3412 929 3482 εἰσκεκριμένως
962 3411 1343 3479 κερδαίνοντα,
1367 3409 1430 3461 τὸ
1452 3407 1756 3478 κατορθοῦν
1788 3407 1950 3461 δύνα-

352 3504 483 3560 σθαί
520 3523 578 3558 τι
618 3503 734 3556 τῶν
784 3501 1280 3572 τεθαυμασμένων
1323 3500 1414 3556 ἶνα
1445 3500 1509 3570 δὴ
1544 3500 1787 3569 φαίνοιτο
1828 3499 1953 3553 καθ’

346 3599 504 3669 ἡμᾶς
548 3596 805 3667 ἰαμάτων
836 3612 937 3647 που
971 3595 1110 3663 τάχα
1154 3592 1403 3664 χάρισμα
1449 3592 1649 3655 λαϐὼν,
1692 3593 1859 3660 φάναι
1890 3607 1951 3643 τε

348 3689 612 3757 ὀφεῦων,
663 3685 808 3738 κατᾶ
858 3684 948 3736 τὸν
1004 3683 1272 3755 μακάριον
1311 3682 1554 3736 Παῦλον·
1601 3700 1620 3733 ι
1658 3683 1854 3752 Χάριτι
1892 3679 1952 3733 δὲ

349 3778 492 3831 Θεοῦ
523 3780 649 3848 είμι
682 3776 711 3829 ὅ
735 3777 872 3843 είμι.
910 3794 929 3827 ι
968 3770 1063 3836 Οἷς
1088 3773 1196 3843 γάρ
1228 3772 1465 3825 ἐπακτὸν
1499 3771 1593 3825 καὶ
1628 3771 1861 3842 θύραθεν
1890 3772 1951 3823 τὸ

348 3866 498 3923 εἷναί
541 3887 597 3922 τι
632 3869 731 3921 καὶ
770 3867 1030 3921 δύνασθαι
1063 3864 1383 3935 κατορθοῦν,
1416 3861 1562 3919 οὗτοι
1594 3867 1752 3934 φαῖεν
1787 3864 1854 3917 ἂν
1883 3863 1953 3916 εί-

349 3964 533 4025 κότως
551 3962 651 4013 καὶ
683 3959 784 4032 τὴν
800 3959 1013 4012 τοιάνδε
1043 3960 1249 4030 φωνήν.
1288 3957 1468 4023 Δεῖξαι
1506 3957 1634 4026 γὰρ,
1662 3955 1737 4019 ὡς
1753 3956 1951 4018 οἴεται,

360 4053 651 4124 βουληθεὶς
696 4051 954 4118 ίσουργδν
985 4052 1066 4113 εἰς
1111 4050 1328 4104 ᾶπαντα
1380 4049 1480 4120 τὴν
1510 4046 1674 4115 ἁγίαν
1718 4045 1946 4118 Τριάδα,

366 4144 521 4198 πάλιν
554 4138 666 4196 ὧδέ
702 4159 888 4212 φησιν·

430 4233 538 4306 ['0
563 4233 706 4296 Θεὸς
751 4232 926 4301 Λόγος
968 4231 1185 4299 ἐγένετο
1236 4228 1393 4299 σὰρξ,
1432 4227 1527 4282 καὶ
1551 4227 1859 4297 ἐσκήνωσεν
1892 4225 1948 4278 ὲν

357 4328 511 4395 ἡμῖν.
543 4323 917 4378 Συνεκάθισεν
940 4321 1120 4392 ἐαυτῷ
1142 4320 1238 4392 τὴν
1268 4320 1673 4391 ἀναληφθεῖσαν
1701 4320 1730 4372 ὁ
1758 4317 1950 4387 Πατὴρ

352 4422 784 4491 ἀνθρωπετητα.
820 4438 838 4470 ι
880 4415 1015 4471 Eine
1042 4418 1171 4487 γὰρ,
1214 4418 1398 4486 φησιν,
1430 4418 1457 4468 ὁ
1489 4413 1695 4485 Κύριος
1730 4411 1807 4481 τῷ
1832 4413 1949 4465 Κυ-

353 4512 455 4583 ρίῳ
482 4527 612 4582 μου·
629 4508 818 4563 Κάθου
843 4509 909 4561 ἐκ
921 4505 1114 4571 δεξιῶν
1134 4524 1254 4576 μου.
1282 4524 1301 4557 ι
1321 4505 1431 4574 Τὴν
1443 4503 1536 4556 τοῦ
1551 4502 1951 4572 ἀναληφθέντος

2050 2047 2273 2088 summa;
2305 2034 2489 2104 gloria:
2516 2045 2792 2104 expertem
2829 2044 3050 2104 propter
3079 2036 3490 2091 humanitatem.
3520 2036 3623 2104 Qui

2052 2125 2216 2194 igitur
2240 2124 2504 2193 ejusmodi
2531 2142 2616 2181 res
2639 2128 2806 2196 probe
2844 2127 3160 2182 discernere
3197 2139 3621 2196 consueverunt,

2051 2224 2109 2269 ut
2134 2230 2230 2285 per
2260 2227 2547 2287 utrumque
2576 2234 2763 2284 unum,
2795 2230 2848 2273 et
2885 2218 3002 2285 ejus
3049 2214 3383 2289 mysterium‘
3414 2220 3625 2274 subtili-

2054 2312 2135 2358 ter
2159 2314 2215 2359 et
2244 2315 2498 2359 accurate
2528 2306 2855 2377 intelligant,
2886 2307 3073 2362 dicunt
3103 2327 3117 2362 :
3159 2325 3179 2359 ι
3215 2306 3262 2363 0
3290 2308 3518 2364 altitudo
3542 2310 3626 2363 di-

2051 2395 2299 2449 vitiarum
2326 2406 2379 2450 et
2403 2398 2678 2466 sapientia:
2708 2408 2764 2452 et
2791 2399 3028 2453 scientia:
3056 2398 3147 2453 Dei
3178 2413 3195 2453 :
3224 2414 3389 2469 quam
3420 2400 3626 2455 income

2051 2487 2431 2554 prcliensibilia
2494 2498 2618 2543 sunt
2660 2488 2864 2559 judicia
2918 2489 3055 2558 ejus,
3111 2499 3165 2545 et
3221 2491 3624 2559 investigabiles

2052 2578 2150 2632 rite
2178 2579 2326 2648 ejus!
2365 2578 2498 2646 Quis
2525 2582 2671 2635 enim
2706 2582 2957 2650 cognovit
2987 2597 3205 2638 sensum
3251 2583 3558 2638 Domini“?
3598 2602 3619 2637 ι

2051 2669 2157 2725 Sed
2185 2671 2364 2726 nescio
2389 2687 2494 2740 qua
2523 2672 2589 2727 de
2614 2687 2776 2727 causa
2803 2674 2906 2728 iste
2934 2674 3093 2729 homo
3126 2675 3206 2730 liis
3242 2676 3437 2741 rebus,
3470 2677 3624 2745 quasi

2050 2764 2411 2835 impossibiles
2433 2765 2608 2820 sintet
2623 2765 2895 2835 absurdae,
2914 2768 3148 2837 rejectis,
3175 2769 3409 2838 superbe
3429 2771 3627 2825 audeat

2051 2857 2350 2912 Salvatoris
2373 2858 2545 2912 nostri
2582 2857 2770 2929 gloria
2799 2867 2853 2914 et
2875 2857 3209 2914 excellentia:
3234 2860 3545 2926 detrahere,
3568 2867 3626 2915 et

2053 2962 2359 3002 mensuram
2395 2947 2471 3002 illi
2509 2957 2753 3003 nostram
2784 2949 3048 3016 tribuens,
3082 2959 3138 3005 et
3164 2958 3429 3020 praeterea
3465 2951 3623 3015 nihil.

2049 3039 2409 3106 glorilicatum
2436 3052 2558 3092 eum
2585 3037 2781 3093 dicata
2812 3038 3017 3110 Spiritu
3040 3050 3251 3106 sancto,
3279 3040 3400 3111 ejus
3425 3042 3626 3098 virtute

2050 3145 2155 3185 non
2190 3133 2245 3183 ut
2276 3130 2491 3200 propria
2517 3138 2777 3195 utentem,
2811 3140 2867 3185 et
2898 3131 3078 3186 divina
3118 3132 3272 3201 signa
3297 3132 3497 3200 facere,
3528 3135 3626 3189 sed

2051 3222 2118 3276 ad
2175 3222 2434 3277 miracula
2495 3224 2724 3288 edenda,
2776 3225 3087 3279 extrinseca
3121 3234 3177 3279 et
3222 3225 3518 3280 adventitia
3568 3226 3622 3279 vi

2053 3312 2367 3382 praeditum,
2396 3323 2455 3367 ut
2491 3312 2600 3381 jam
2633 3315 2880 3368 videatur
2912 3326 3098 3370 nostro
3125 3315 3235 3386 97
3276 3330 3425 3371 more
3458 3329 3624 3371 cura-

2054 3406 2257 3459 tionum
2285 3404 2514 3472 gratiam
2557 3405 2857 3473 accepisse,
2899 3415 2951 3459 et
2982 3420 3103 3460 cum
3137 3388 3295 3460 beato
3338 3405 3509 3461 Paulo
3543 3407 3626 3461 di-

2051 3509 2177 3550 cere
2206 3496 2441 3549 debere:
2467 3514 2484 3547 ι
2506 3494 2687 3550 Gratia
2728 3496 2816 3550 Dei
2843 3513 2961 3551 sum
2998 3498 3048 3551 id
3081 3498 3225 3568 quod
3263 3514 3382 3553 sum
3416 3497 3555 3553 “4”.
3600 3517 3618 3549 ι

2051 3584 2259 3651 Quibus
2301 3584 2447 3640 enim
2483 3586 2837 3640 adventitinm
2872 3598 2955 3641 est
2986 3596 3040 3641 et
3090 3588 3241 3656 quasi
3285 3579 3624 3644 extrinsecus

2051 3674 2386 3744 impertitum
2415 3686 2473 3730 ut
2502 3677 2702 3743 aliquid
2742 3680 2871 3745 sint,
2917 3694 2979 3733 ac
3013 3679 3272 3748 perﬁcere
3312 3680 3548 3749 possint,
3586 3681 3625 3736 ii

2051 3768 2246 3823 merito
2285 3770 2422 3824 hanc
2446 3778 2632 3825 vocem
2663 3772 2916 3825 emittere
2947 3782 3215 3839 poterunt.
3251 3772 3450 3828 Volens
3473 3774 3620 3829 enim

2051 3860 2359 3924 ostendere,
2388 3869 2448 3913 ut
2475 3870 2648 3928 putat,
2698 3862 2764 3914 ad
2805 3863 2985 3916 omnia
3033 3863 3179 3930 paris
3226 3876 3348 3916 esse
3373 3862 3626 3917 emcacias

2050 3960 2296 4005 sanctam
2348 3948 2714 4017 Trinitatem,
2748 3965 2939 4005 rursus
2978 3953 3029 4004 in
3082 3952 3223 4005 hunc
3280 3953 3496 4006 modum
3545 3955 3628 4007 di-

2051 4041 2160 4095 cit:

2123 4220 2360 4276 Nesron.
2393 4219 2564 4290 [Deus
2592 4219 2823 4273 Verbum
2876 4220 3074 4274 factum
3122 4230 3207 4276 est
3249 4235 3396 4286 caro,
3428 4229 3485 4277 et
3529 4223 3630 4278 lia-

2054 4315 2246 4369 bitavit
2281 4315 2332 4367 in
2364 4312 2521 4367 nobis
2541 4313 2608 4367 ".
2638 4312 2835 4367 Secum
2865 4314 3151 4368 considere
3180 4313 3309 4369 fecit
3348 4312 3508 4369 Pater
3535 4326 3625 4370 as-

2053 4415 2324 4473 sumptam
2356 4403 2747 4458 humanitatem
2781 4418 2794 4455 :
2832 4422 2851 4454 ι
2891 4403 3035 4457 Dixit
3066 4405 3209 4458 enim
3233 4444 3247 4468 ,
3277 4404 3491 4474 inquit,
3520 4404 3627 4458 Do-

2055 4497 2234 4549 minus
2261 4495 2490 4549 Domino
2516 4508 2641 4548 meo
2669 4516 2680 4549 :
2718 4494 2857 4548 Sede
2890 4510 2918 4547 a
2950 4495 3156 4549 dextris
3183 4494 3318 4548 meis
3337 4495 3406 4549 “.
3442 4510 3462 4546 ι
3494 4491 3627 4550 Glo-

348 4603 412 4655 τὺ
462 4601 704 4672 Πνεῦμα
750 4598 1027 4653 κατελθὼν
1085 4597 1446 4668 συνεκρότησε
1500 4594 1678 4659 δόξαν.
1728 4612 1746 4644 ι
1785 4593 1950 4646 Ὅταν

2059 4588 2193 4642 riam
2243 4587 2506 4655 assumpti
2565 4583 2802 4653 Spiritus
2853 4585 3187 4638 descendens
3250 4585 3625 4650 comparavit:

350 4695 483 4765 γὰρ,
525 4693 721 4762 φησὶν,
755 4691 885 4763 ἔλθῃ
927 4690 989 4743 τὸ
1024 4689 1251 4760 Πνεῦμα
1290 4689 1390 4758 τῆς
1425 4685 1946 4759 ἀληθείας,.ὲκεῖνος

353 4788 452 4855 ἐμὲ
478 4785 728 4850 δοξάσει.
768 4802 787 4835 s
827 4781 1016 4836 Βούλει
1054 4782 1149 4834 καὶ
1186 4779 1353 4850 ἄλλην
1378 4778 1472 4832 ἐπὶ
1518 4778 1732 4840 τούτοις
1764 4777 1946 4838 αὐτοῖς

351 4878 448 4948 τῆς
473 4875 717 4948 Τριάδος
750 4874 1070 4944 ὲνέργειανς
1097 4872 1401 4943 Ἐνῴκησεν
1431 4873 1460 4924 ὁ
1485 4871 1611 4934 Υἱὸς
1641 4872 1696 4922 ὲν
1733 4868 1811 4937 τῷ
1838 4866 1945 4919 σώ-

357 4985 486 5035 ματι
505 4984 520 4998 ·
562 4967 903 5037 συνέστησεν
927 4968 955 5019 ὀ
987 4964 1174 5035 Πατὴρ
1203 4963 1593 5033 βαπτιζόμενον
1613 4979 1625 4990 ’
1661 4959 1947 5013 διέπλασεν

354 5060 411 5108 ἐν
430 5058 707 5128 Παρθένῳ
726 5056 788 5109 τὸ
810 5054 1083 5127 Πνεῦμα.]
1116 5053 1259 5109 Εἶτα
1281 5052 1470 5106 πάλιν
1491 5052 1642 5121 φησι
1666 5050 1798 5118 περὶ
1820 5047 1940 5103 τῶν

351 5152 538 5220 ἁγίων
574 5149 944 5203 ἀποστόλων
966 5165 981 5178 ’
1010 5147 1102 5220 [Ὀ
1124 5148 1251 5210 Υἱὸς
1272 5145 1573 5211 ἐξελέξατο.
1600 5165 1617 5195 ι
1641 5144 1781 5212 Ἐγὼ
1810 5143 1938 5215 γὰρ,

348 5244 545 5312 φησὶν,
566 5243 719 5312 ὑμᾶς
736 5230 1094 5313 ἐξελεξάμην.
1130 5260 1148 5293 ι
1182 5242 1239 5293 '0
1258 5238 1445 5310 Πατὴρ
1461 5237 1657 5308 ήγίασε
1677 5255 1691 5268 ·
1717 5256 1735 5287 r
1762 5237 1943 5307 Πάτερ

350 5335 484 5405 γάρ,
522 5335 717 5402 φησιν,
759 5333 987 5400 ἁγίασον
1021 5331 1219 5395 αὐτοὺς
1246 5334 1303 5384 ἐν
1332 5333 1398 5401 τῇ
1430 5330 1657 5401 ἀληθεία
1678 5346 1792 5381 σου.
1820 5347 1838 5379 ›
1875 5328 1948 5380 Τὸ

352 5422 589 5495 Πνεῦμα
622 5420 1000 5476 κατεσκεύασε
1037 5418 1320 5492 ρήτορας.]

968 5533 1223 5588 ΚΕΦΑΛ.
1262 5533 1346 5587 A’.

421 5648 551 5702 Ὅτι
587 5647 690 5718 μὲν
712 5642 807 5700 οὖν
828 5646 1031 5714 άσοφός
1054 5662 1114 5697 τε
1143 5646 1238 5697 καὶ
1261 5643 1508 5714 ἀτερπὴς
1535 5642 1564 5694 ὀ
1599 5641 1819 5711 σύμπας
1846 5638 1945 5692 αύ-

2061 4701 2079 4732 ι
2111 4680 2247 4735 Cum
2276 4677 2742 4745 venerit,'inquit,
2792 4673 3025 4742 Spiritus
3073 4674 3339 4737 veritatis,
3396 4673 3487 4728 ille
3542 4691 3631 4729 me

2054 4770 2380 4842 gloriﬁcabit
2402 4769 2466 4822 ⁸⁷.
2507 4788 2526 4820 ι
2563 4768 2729 4822 Visne
2776 4767 2941 4820 etiam
2973 4764 3133 4818 aliam
3169 4765 3235 4819 ad
3259 4765 3373 4820 hare
3407 4765 3630 4834 adjicia-

2057 4879 2176 4918 mus
2200 4861 2484 4916 Trinitatis
2513 4858 2894 4915 eﬂicientiam?
2916 4856 3191 4912 Habitavit
3218 4857 3387 4913 Filius
3420 4859 3473 4912 iu
3503 4874 3629 4915 θοιν-

2056 4968 2226 5023 pore:
2264 4950 2663 5007 commendavit
2708 4949 3034 5018 baptizatum
3080 4946 3277 5015 Pater;
3324 4945 3634 5002 eli'ormarit

2056 5060 2177 5099 eum
2207 5046 2259 5098 in
2294 5043 2510 5113 Virgine
2542 5037 2825 5109 Spiritum]
2852 5038 3048 5092 Deinde
3082 5054 3267 5093 rursus
3302 5041 3377 5092 ait
3406 5040 3472 5093 de
3501 5057 3629 5093 san-

2052 5139 2150 5191 ctis
2179 5136 2471 5205 apostolis:
2501 5132 2696 5205 [Filius
2728 5132 2890 5200 elegit
2920 5146 2935 5185 :
2973 5149 2991 5182 ι
3032 5131 3142 5200 Ego
3188 5131 3334 5187 enim
3356 5172 3370 5193 ,
3415 5132 3629 5202 inquit,

2054 5228 2186 5295 elegi
2210 5241 2305 5280 vos
2326 5225 2372 5257 ⁸⁸
2391 5261 2405 5277 .
2434 5242 2451 5275 s
2477 5221 2639 5277 Pater
2661 5220 3046 5275 sanctiﬁcavit:
3072 5239 3089 5271 ι
3104 5219 3279 5295 Pater,
3295 5220 3488 5287 inquit,
3508 5237 3632 5275 san-

2055 5292 2235 5372 ctifica
2268 5332 2364 5371 eos
2389 5317 2443 5369 in
2477 5318 2702 5369 veritate
2729 5324 2816 5367 ma
2850 5314 2916 5369 δ’.
2955 5332 2973 5364 ›
3017 5292 3272 5381 Spiritus,
3294 5311 3473 5366 cﬂ‘ccit
3506 5329 3631 5366 ora-

2058 5423 2220 5464 tores.
2244 5407 2262 5478 ]

2724 5513 2877 5569 CAP.
2921 5513 2961 5569 Ι.

2126 5634 2319 5689 Totum
2382 5630 2598 5701 quidem
2661 5642 2969 5685 sermonem
3009 5627 3075 5681 ab
3130 5642 3195 5683 eo
3245 5625 3525 5691 liabitum,
3572 5632 3628 5679 et

421 5804 469 5837 ”
509 5802 675 5858 Rom.
707 5817 782 5873 xi,
814 5801 904 5857 55.
982 5800 1173 5873 "'“l
1198 5801 1325 5857 Cor.
1364 5816 1458 5867 xv,
1494 5798 1574 5854 l0.
1652 5798 1699 5830 "
1734 5796 1891 5853 Joan.
1933 5810 1950 5850 ι

2052 5791 2094 5848 ι.
2171 5789 2218 5824 ⁸⁸
2255 5787 2397 5844 Psal.
2432 5802 2542 5873 crs,
2570 5788 2622 5841 l.
2700 5784 2743 5818 ’δ’
2781 5783 2937 5840 Joan.
2970 5797 3083 5847 xvr,
3113 5779 3310 5846 15,“.
3389 5779 3433 5811 ι’
3467 5748 3629 5835 Idan.

374 5890 468 5939 xv,
501 5874 592 5929 16.
668 5874 714 5903 ³³
747 5871 912 5928 Joan.
945 5886 1078 5936 xvn,
1108 5871 1198 5925 47.

597 5967 880 6027 Ρηιιοι..
927 5964 1019 6025 Gn
1036 6009 1050 6025 .
1089 5961 1364 6023 LXXVI.

3199 5936 3235 5999 6
