4150 6446
519 433 619 488 ΠΙ

1558 418 1614 473 S.
1657 413 1938 471 εγιιιιιι
1979 405 2453 465 ΛΗΞΧΛΜΠΠΜ
2497 401 2817 457 Alltllillil’.
2915 410 2921 417 '

3673 390 3769 446 179.

522 550 834 621 imperitum
863 563 983 605 esse
1036 557 1090 601 et
1132 545 1464 610 molestum,
1518 540 1833 596 facillimum
1879 545 1961 590 est
2006 551 2099 589 os-

2221 531 2283 602 ῖῷ
2313 528 2611 598 πεποίηται
2636 526 2815 592 λόγος,
2848 516 3163 581 καταδεῖξαι
3204 514 3352 584 ῥᾷον·
3395 506 3687 581 παραπαίει
3716 510 3769 565 δὲ

2650 618 2659 621 -
2706 618 2728 621 -
2911 612 2925 621 ·
2983 609 3009 621 -
3076 607 3152 621 --ι
3281 603 3295 621 \
3378 601 3481 621 -.ιε
3534 599 3769 621 Λ-ι-ε-ε-

523 643 744 696 tendere
781 656 794 692 :
840 642 936 693 sed
966 640 1017 693 in
1076 652 1141 692 eo
1195 636 1465 706 quomodo
1511 634 1679 687 etiam
1729 630 1961 684 insaniat
2002 643 2097 680 ex-

523 749 744 800 ponam.
784 732 901 787 Una
926 742 1010 786 est
1040 732 1183 784 cnim
1219 727 1519 783 divinitatis
1551 735 1767 787 natura,
1802 721 1896 776 sed
1922 719 2100 774 subsi-

522 825 615 880 stit
649 827 869 893 proprie
906 840 967 878 ac
1001 822 1346 891 singulariter
1369 818 1553 881 Pater,
1576 825 1632 870 et
1658 814 1851 875 Filius,
1887 811 2101 866 itidem-

524 935 630 988 que
661 916 904 985 Spiritus
936 935 949 971 :
977 915 1285 970 elﬁciuutur
1314 921 1494 965 autem
1531 909 1714 962 omnia
1745 920 1791 963 a,
1824 904 2009 968 Patre,
2048 913 2104 956 et

524 1024 623 1076 per
650 1009 846 1063 Filium
897 1009 949 1062 in
996 1006 1237 1075 Spiritu;
1287 1012 1341 1057 ct
1381 1003 1505 1055 dum
1535 999 1695 1055 Pater
1746 1003 1993 1050 movetur
2034 992 2103 1046 ad

525 1097 1209 1165 cﬂic'cntiamaliquorum,
1234 1092 1421 1162 procul
1455 1090 1617 1145 dubio
1649 1085 1805 1141 cﬂicil
1849 1083 2020 1139 Filius
2049 1083 2102 1136 in

530 1188 738 1256 Spiritu
780 1206 793 1241 :
823 1197 877 1241 et
902 1187 947 1241 si
976 1186 1103 1256 quid
1133 1185 1301 1239 Filius
1327 1182 1599 1252 complere
1620 1180 1820 1234 dicitur
1857 1186 1949 1231 aut
1981 1175 2105 1245 Spi—

530 1280 691 1342 ritus,
728 1280 829 1332 hoc
862 1292 993 1332 sane
1023 1292 1245 1345 prorsus
1274 1286 1356 1329 est
1382 1290 1446 1328 ex
1476 1275 1654 1336 Patre,
1704 1285 1769 1324 ac
1811 1286 1905 1337 per
1934 1278 2103 1323 totam

532 1369 710 1438 pergit
747 1379 991 1421 sanctam
1027 1378 1082 1421 ct
1130 1365 1648 1420 consubstantialem
1690 1362 2012 1416 Trinitatem
2049 1361 2104 1415 in

528 1475 914 1529 quamcunque
951 1476 1064 1513 rem
1096 1462 1324 1514 tendens
1353 1458 1597 1527 operatio
1629 1467 1794 1526 atque
1835 1455 2104 1509 voluntas.

530 1550 918 1606 Verumtamen
949 1552 1001 1604 in
1038 1551 1122 1604 his
1160 1550 1288 1603 illud
1321 1550 1610 1604 dicendum
1658 1556 1761 1601 est.
1808 1546 1944 1601 Vide
1991 1560 2109 1599 rur-

529 1657 649 1695 sum
685 1652 744 1695 ut
777 1653 964 1711 aperte
1013 1649 1067 1695 et
1097 1642 1401 1706 evidenter,
1436 1640 1686 1709 quamvis
1733 1638 1863 1692 illud
1887 1652 1952 1691 ex
2001 1635 2110 1691 Deo

531 1732 690 1786 Patre
720 1733 956 1787 Verbum
1013 1733 1215 1788 factum
1269 1748 1391 1788 esse
1436 1747 1655 1787 carnem
1701 1733 1880 1795 dicat,
1931 1740 2108 1783 tamen

532 1833 847 1893 corrumpat
894 1824 1001 1877 vim
1056 1825 1450 1879 sententiarum
1509 1810 1563 1877 ei
1615 1838 1645 1876 a
1696 1833 1845 1876 recto
1894 1822 2111 1876 tramite

2202 599 2305 682 κάν
2340 621 2537 690 τούτῳ,
2580 618 2674 670 καὶ
2702 618 2872 677 ὅπως,
2909 609 3038 681 ἐρῶ.
3076 607 3192 662 Μία
3239 603 3337 675 μὲν
3378 601 3488 671 γὰρ
3534 599 3771 690 θεότητος

2203 716 2385 785 φύσις,
2418 688 2692 780 ὑφέστηκε
2724 704 2780 757 δὲ
2820 700 3003 763 ἱδικῶς
3039 698 3066 749 6
3099 694 3311 763 Πατὴρ,
3340 690 3436 785 καὶ
3486 688 3661 785 μέντοι
3689 689 3776 785 κιαι

2201 778 2230 862 6
2256 806 2405 867 Υἱὸς.
2445 778 2647 870 ὁμοίως
2676 796 2731 849 δέ
2762 794 2855 846 καὶ
2883 792 2944 845 16
2976 787 3218 856 Πνεῦμα.
3255 779 3560 855 Πράττεταί
3586 795 3647 847 γε
3676 778 3773 850 μὴν

2202 900 2273 953 τὰ
2307 897 2482 949 πάντα
2518 889 2669 961 παρὰ
2716 884 2951 956 Πατρδς,
2980 880 3075 935 καὶ
3109 879 3176 932 δι’
3211 875 3342 930 Υίοῦ
3391 876 3448 926 ἐν
3479 871 3775 941 Πνεύματι·

2206 988 2300 1043 καὶ
2334 981 2446 1039 οἷον
2497 980 2863 1050 κεκινημένου
2896 973 2990 1027 τοῦ
3027 969 3243 1039 Πατρὸς
3272 969 3350 1029 εἰς
3389 963 3663 1035 ἐνέργειαν
3687 961 3779 1031 τὴν

2207 1082 2298 1137 ἐπί
2338 1094 2502 1143 τισιν,
2548 1075 2762 1145 ἐνεργεῖ
2797 1070 2851 1123 δὲ
2894 1068 3110 1122 πάντως
3152 1065 3181 1116 6
3213 1060 3337 1123 Υίδς
3379 1060 3437 1110 ἐν
3471 1055 3779 1125 Πνεύματι·

2206 1176 2312 1232 κᾶν
2358 1171 2412 1225 εῐ
2459 1187 2513 1221 τι
2559 1166 2770 1234 λέγοιτο
2808 1159 3051 1233 πληροῦν
3104 1157 3132 1209 6
3170 1154 3299 1216 Υἱὸς
3346 1151 3379 1222 ἢ
3430 1150 3491 1203 16
3546 1148 3781 1217 Πνεῦμα,

2206 1269 2366 1326 τοῦτο
2411 1266 2476 1338 δὴ
2507 1264 2724 1324 πάντως
2771 1259 2920 1312 ἐστὶν
2959 1259 3022 1310 ἐκ
3063 1254 3296 1327 Πατρὺς,
3339 1251 3431 1305 καὶ
3478 1248 3565 1302 διὰ
3613 1248 3786 1317 πάσης

2209 1360 2433 1430 ἔρχεται
2488 1356 2586 1425 τῆς
2643 1352 2806 1421 ἁγίας
2854 1348 2950 1403 καὶ
3001 1346 3291 1419 όμοουσίου
3327 1341 3586 1414 Τριάδος,
3710 1339 3785 1401 είς

2369 1448 2548 1505 ὁτιοῦν
2579 1443 2829 1516 ἐνέργειά
2884 1458 2943 1494 τε
2990 1441 3085 1494 καὶ
3133 1437 3406 1509 βούλησις.
3445 1430 3589 1502 Πλὴν
3635 1428 3691 1483 ἐν
3729 1445 3788 1496 γε

2210 1543 2419 1604 τούτοις
2460 1536 2635 1592 ἐκεῖνό
2682 1551 2880 1604 φαμεν.
2922 1531 3112 1601 ’Λθρει
3152 1529 3217 1600 δὴ
3247 1526 3446 1588 πάλιν,
3493 1521 3568 1585 ὡς
3610 1519 3788 1587 caeci);

2210 1652 2270 1688 15
2316 1633 2409 1686 καὶ
2452 1627 2733 1700 ἐναργῶς,
2775 1625 2951 1678 καίτοι
2988 1622 3168 1692 σάρκα
3210 1617 3385 1685 λέγων
3431 1614 3522 1669 τὸν
3568 1615 3630 1665 ἐκ
3660 1606 3790 1664 Θεοῦ

2213 1721 2543 1792 γεγενῆσθαι
2591 1717 2782 1786 Λόγον,
2814 1715 2915 1784 τὴν
2951 1712 3060 1765 τῶν
3113 1709 3332 1764 ἐννοιῶν
3387 1703 3791 1777 παρασημαίνει

2213 1817 2463 1885 δύναμιν,
2492 1810 2706 1879 καὶτῆς
2729 1807 3019 1878 ὀρθότητος
3048 1802 3317 1872 ἀποφέρει
3348 1798 3587 1871 μακράν·
3623 1794 3696 1857 ὼς
3714 1794 3793 1847 ἐν·

529 1915 743 1985 longius
795 1916 1067 1978 abducat,
1115 1914 1242 1968 dmn
1291 1915 1459 1984 ipsam
1505 1906 1937 1967 incarnationem
1987 1929 2109 1968 esse

2221 1910 2431 1981 ἐργειαν
2444 1905 2610 1961 αὑτοῦ
2628 1903 2724 1974 τὴν
2745 1902 3019 1970 σάρκωσιν
3036 1894 3373 1964 ἀποφαίνων.
3394 1889 3677 1960 Ἐπιφέρει
3692 1886 3793 1957 γάρ

531 2015 784 2075 tanquam
815 2007 931 2075 ejus
964 2005 1310 2060 eﬂicientiam
1340 2004 1683 2073 pronuntiat;
1716 2003 1935 2073 subjicit
1962 2004 2108 2057 enim

529 2099 674 2155 illico
706 2118 720 2152 ;
760 2116 778 2149 ι
812 2096 973 2152 Visne
1002 2097 1166 2150 etiam
1199 2097 1362 2149 aliam
1387 2098 1454 2150 ad
1498 2097 1612 2151 lucc
1641 2096 1812 2166 ipsius
1830 2096 2112 2150 Trinitatis

529 2188 1209 2258 eﬂieientiambquasijam
1228 2190 1463 2258 priorem
1480 2188 1735 2244 Dein-rbi
1754 2187 1918 2243 fuisse
1931 2199 2114 2243 osten-

530 2282 671 2336 derit
707 2280 1083 2344 elllcientiam,
1111 2281 1162 2333 id
1193 2282 1367 2350 ipsum
1415 2280 1555 2349 quod
1613 2295 1743 2334 caro
1778 2278 1978 2333 factum
2007 2289 2109 2346 est,

532 2376 831 2430 secundum
852 2373 1165 2442 Seripturas
1186 2387 1199 2424 :
1222 2383 1275 2426 et
1301 2387 1551 2442 quzeuam
1577 2375 1647 2426 sit
1680 2373 1766 2425 illa
1790 2373 1959 2426 altera
1993 2381 2115 2440 post

535 2464 681 2521 illam
720 2465 958 2535 priorem
986 2464 1300 2529 cliicientia,
1333 2464 1691 2533 demonstrat,
1722 2476 1778 2519 ιιι
1801 2467 1914 2535 ipse
1938 2476 2109 2535 putat,

535 2573 601 2612 ac
633 2557 785 2612 dicit:
808 2573 827 2606 ι
862 2555 1139 2610 Habitavit
1163 2554 1335 2610 Filius
1366 2557 1419 2610 in
1452 2571 1696 2626 corpore.
1730 2576 1748 2608 ι
1776 2557 1914 2627 Ergo
1938 2557 2116 2612 Deiler

537 2652 699 2705 homo
739 2648 845 2703 erit
885 2648 1183 2703 Christus:
1219 2650 1413 2704 deinde
1460 2649 1513 2702 id
1570 2650 1743 2704 solum
1791 2651 1843 2705 in
1897 2652 2116 2709 homine

533 2741 781 2796 effecisse
809 2739 902 2795 Dei
932 2739 1217 2809 Patrisque
1252 2739 1489 2795 Verbum
1516 2783 1531 2806 ,
1588 2743 1930 2812 perspicuum
1966 2746 2068 2798 erit
2098 2762 2113 2811 ;

536 2834 720 2903 itaque
743 2834 991 2902 quamvis
1020 2833 1163 2887 dicat
1196 2834 1382 2887 beatus
1404 2834 1732 2903 evangelista
1757 2851 1768 2886 :
1793 2834 1907 2905 98
1937 2856 1955 2887 ς
1988 2834 2118 2890 Ver-

538 2923 664 2976 bum
701 2939 828 2978 caro
865 2923 1064 2978 factum
1102 2934 1209 2992 est,
1267 2934 1323 2978 et
1374 2926 1637 2979 habitarit
1691 2926 1742 2980 in
1773 2928 1949 2990 nobis,
1984 2946 2004 2980 ι
2042 2928 2115 2982 nil

539 3008 682 3071 aliud
713 3016 919 3072 indicat
942 3017 1043 3072 nisi
1082 3017 1209 3071 illud
1229 3017 1426 3082 solum,
1463 3018 1720 3073 nimirum
1754 3021 1925 3090 ipsum
1951 3020 2114 3076 Deum

538 3109 778 3163 Verbum
823 3109 875 3163 in
924 3109 1147 3164 homine
1202 3110 1499 3177 habitasse,
1550 3120 1609 3165 ut
1645 3113 1807 3165 etiam
1861 3114 1913 3167 iu
1963 3115 2118 3170 nobis

538 3198 691 3267 ipsis.
750 3199 971 3268 Templa
1030 3215 1261 3269 namque
1314 3217 1507 3255 sumus
1563 3200 1653 3255 Dei
1692 3203 1919 3258 viventis
1948 3204 2033 3269 ⁸⁰;
2064 3213 2112 3259 cl

2213 1978 2395 2063 εύθύςο
2408 2018 2424 2050 ι
2439 1996 2627 2051 Βούλει
2642 1995 2734 2047 καὶ
2746 1992 2911 2059 ἄλλην
2928 1989 3017 2042 ἐπὶ
3030 1987 3244 2049 τούτοις
3261 1984 3445 2046 αὐτοῖς
3459 1982 3559 2052 τῆς
3573 1978 3794 2051 Τριάδες

2213 2092 2526 2163 ἐνέργειαν;
2571 2108 2589 2139 ι
2619 2086 2692 2150 ὡς
2723 2085 2825 2156 ἤδη
2859 2080 3082 2153 πρώτην
3127 2074 3485 2147 ἀποδεδειχὼς
3520 2073 3795 2143 ἐνέργειαν

2213 2183 2307 2236 τοῦ
2328 2181 2463 2236 Θεοῦ
2486 2181 2682 2245 Λόγου,
2706 2176 2765 2230 16
2784 2175 2961 2245 σάρκα
2985 2170 3264 2241 γενέσθαι,
3282 2165 3424 2222 κατὰ
3438 2166 3540 2230 τὰς
3555 2163 3794 2236 Γραφάς.

2216 2273 2327 2327 Καὶ
2343 2273 2425 2337 τίς
2459 2273 2493 2343 ὴ
2524 2270 2687 2340 ἐτέρα
2722 2265 2862 2337 μετὰ
2884 2265 2982 2336 τὴν
3008 2262 3232 2334 πρώτην
3248 2259 3535 2330 ἐνέργειαν
3566 2255 3798 2309 διαδείκο

2215 2383 2370 2419 νυσιν
2395 2364 2506 2436 [ἴον.
2531 2357 2791 2432 δεικνύς],
2816 2357 3003 2428 ὥσπερ
3026 2355 3217 2418 οἴεται,
3249 2350 3436 2422 φησίν·
3457 2367 3476 2402 ι
3500 2347 3799 2419 Ἐνῴκησεν

2215 2459 2242 2513 6
2263 2459 2388 2521 Υἱὸς
2411 2455 2559 2526 ἐντῷ
2583 2455 2815 2524 σώματι.
2850 2471 2868 2502 ι
2894 2449 3163 2520 Θεοφόρος
3188 2443 3282 2499 οὖν
3312 2444 3605 2515 ἄνθρωπος
3623 2443 3650 2495 6
3672 2441 3800 2511 Χρι-

2218 2551 2361 2613 στός.
2389 2545 2519 2601 Εἶτα
2542 2546 2636 2600 καὶ
2661 2545 2820 2615 μόνον
2855 2540 3014 2595 τοῦτο
3047 2539 3352 2609 ἐνεργήσας
3393 2535 3475 2598 είς
3519 2532 3801 2603 ἄνθρωπον

2217 2643 2245 2694 6
2271 2640 2361 2694 106
2390 2636 2527 2692 Θεοῦ
2557 2635 2652 2690 καὶ
2684 2631 2896 2704 Πατρδς
2915 2628 3256 2699 διαφαίνεται
3286 2624 3483 2694 Λόγος·
3508 2620 3671 2685 ὥστε,
3702 2621 3803 2674 κᾶν

2219 2736 2266 2786 εἰ
2296 2732 2443 2799 λέγοι
2479 2728 2640 2798 τυχὸν
2667 2726 2695 2778 6
2739 2723 3007 2795 μακάριος
3040 2715 3456 2787 εύαγγελιστὴς,
3495 2735 3514 2766 ι
3550 2712 3609 2767 '0
3639 2712 3804 2780 Λόγος

2222 2822 2359 2895 σὰρξ
2380 2800 2617 2889 ἐγένετο,
2657 2816 2749 2870 καὶ
2774 2815 3083 2883 ἐσκήνωσεν
3119 2813 3174 2863 ἐν
3223 2811 3376 2880 ἡμῖν,
3416 2828 3434 2859 ι
3472 2799 3804 2876 καταδηλοῦν

2220 2917 2352 2986 ἡμῖν
2390 2913 2579 2983 ἓτερον
2612 2909 2782 2971 οὐδὲν,
2816 2904 2954 2974 πλὴν
2989 2905 3165 2956 ἐκεῖνο
3216 2899 3311 2952 καὶ
3349 2899 3537 2971 μόνον,
3566 2897 3648 2950 ὅτι
3677 2911 3803 2947 κατ-

2219 3006 2436 3078 ῴκησεν
2468 3005 2525 3056 ἐν
2546 2999 2817 3072 ἀνθρώπῳ
2852 2997 2983 3059 Θεὸς
3016 2994 3091 3046 ὢν
3124 2995 3151 3046 6
3191 2994 3383 3060 Λόγος.
3432 2989 3580 3044 καθά
3621 2988 3708 3042 και
3752 2987 3806 3038 ἐν

2222 3101 2353 3171 ἡμῖν
2406 3096 2609 3158 αὐτοῖς.
2650 3092 2788 3146 Ναοὶ
2821 3089 2930 3159 γάρ
2968 3089 3135 3156 ἐσμεν
3167 3081 3305 3136 Θεοῦ
3353 3081 3565 3146 ζῶντος
3590 3121 3603 3144 ,
3638 3080 3730 3133 καὶ
3755 3079 3809 3171 ἐν

2220 3168 2400 3259 τούτῳ
2452 3186 2797 3257 γινώσκομεν
2844 3182 2925 3234 ὅτι
2980 3181 3036 3232 ἐν
3084 3179 3219 3248 ἡμῖν
3254 3176 3429 3240 ἐστιν,
3462 3176 3549 3227 ὅτι
3601 3174 3666 3227 ἐκ
3721 3168 3809 3222 τοῦ

540 3291 595 3343 iu
627 3293 727 3345 hoc
755 3293 1140 3358 cognoscimus
1166 3293 1308 3359 quod
1338 3294 1389 3345 in
1416 3291 1570 3346 nobis
1602 3302 1705 3358 est,
1734 3296 1861 3364 quia
1892 3309 1957 3350 ex
1996 3297 2118 3365 Spi-

2224 3281 2540 3352 Πνεύματος
2596 3275 2762 3330 αὐτοῦ
2807 3268 3212 3326 ἐδωκεν.¹Ἀλλ“
3243 3268 3303 3320 ού
3336 3267 3508 3321 τοῦτο
3551 3266 3650 3337 μὲν
3690 3263 3812 3325 ἴσως

542 3380 649 3434 ritu
707 3397 805 3434 suo
844 3383 1001 3433 dedit
1051 3381 1208 3434 nobis
1264 3382 1331 3437 “.
1372 3381 1477 3436 Sed
1534 3382 1585 3435 id
1626 3384 1858 3441 fortasse
1902 3387 2123 3443 minime

539 3473 732 3537 dices,
794 3474 1193 3543 blasphemiam
1244 3474 1606 3531 reformidans
1660 3494 1673 3531 :
1718 3493 1782 3533 ac
1839 3480 2121 3534 uobiscum

542 3566 894 3618 conﬁteberis
931 3568 1103 3634 ipsum
1140 3566 1230 3619 Dei
1274 3566 1508 3622 Verbum
1548 3569 1823 3625 hominem
1857 3570 2062 3625 factum
2105 3589 2119 3625 :

545 3656 707 3724 idque
736 3671 858 3711 esse
888 3658 1319 3713 incarnationem
1366 3676 1380 3714 :
1427 3664 1733 3717 consenties
1762 3664 1929 3717 etiam
1973 3679 2127 3718 man-

545 3748 683 3803 sisse
713 3748 907 3815 Deum,
942 3756 995 3803 et
1028 3764 1139 3803 sua:
1169 3759 1376 3805 natura:
1404 3752 1572 3808 decus
1625 3768 1895 3819 servasse,
1932 3770 2125 3824 quam-

544 3841 629 3894 vis
664 3839 969 3909 appellatus
998 3840 1069 3894 sit
1098 3838 1270 3896 Filius
1319 3842 1575 3909 hominis,
1623 3845 1781 3914 idque
1829 3848 2124 3901 secundum

542 3931 829 3986 veritatem
859 3930 1044 3986 fuerit.
1079 3932 1216 3999 Quid
1250 3933 1539 4001 igiturjam
1577 3934 1669 3989 tibi
1708 3936 1927 4001 accidit,
1960 3946 2019 3990 ut
2044 3936 2128 3992 di-

546 4039 700 4078 ceres
731 4022 904 4092 ipsum
934 4020 1153 4079 Patrem
1188 4024 1346 4078 simul
1379 4039 1564 4080 secum
1600 4026 1887 4082 considere
1931 4027 2128 4083 fecisse

545 4114 943 4168 humanitatem
988 4124 1322 4185 assumptam
1352 4156 1366 4181 ,
1406 4132 1470 4171 ac
1525 4132 1632 4172 non
1682 4119 1859 4189 petius
1906 4119 1959 4175 in
2016 4135 2129 4175 suae

544 4205 716 4275 ipsius
747 4205 1049 4260 divinitatis
1081 4207 1300 4261 sedibus
1349 4208 1660 4264 constitisse
1704 4226 1769 4264 ex
1806 4212 1895 4266 Dei
1926 4211 2129 4268 Patris-

546 4312 652 4365 que
676 4297 1035 4365 bencplacito,
1068 4308 1247 4352 ortum
1272 4313 1336 4353 ex
1365 4314 1429 4354 eo
1465 4300 1697 4354 Verbum
1722 4303 1885 4355 etiam
1914 4315 2131 4372 postca-

546 4398 711 4453 quam
750 4381 951 4436 factum
982 4394 1065 4438 est
1094 4386 1258 4438 homo
1283 4422 1298 4447 ,
1334 4399 1401 4438 ne
1442 4384 1613 4455 ipsius
1651 4387 1962 4441 humanitas
2011 4398 2132 4441 tan-

547 4490 712 4544 quam
743 4476 809 4528 ab
827 4491 890 4531 eo
916 4477 1127 4532 diversa
1160 4477 1498 4547 intelligatur
1523 4487 1618 4533 aut
1647 4478 1866 4533 dicatur
1892 4495 1919 4532 a
1950 4480 2128 4545 nobis,

546 4582 669 4621 cum
711 4582 835 4622 vera
870 4568 999 4622 unio
1029 4578 1082 4624 et
1123 4585 1285 4623 unum
1315 4584 1437 4624 esse
1478 4569 1630 4624 illum
1679 4572 1930 4625 ostendat
1976 4571 2133 4625 nobis

547 4668 603 4712 et
635 4658 752 4727 eius
791 4675 1009 4714 carnem
1043 4676 1148 4715 non
1194 4676 1315 4716 esse
1349 4663 1417 4716 ah
1446 4676 1511 4717 eo
1558 4661 1841 4717 alienam?
1889 4663 2127 4717 Convin-

550 4750 692 4805 ceris
721 4766 849 4819 ergo
880 4751 931 4804 in
958 4753 1058 4805 hoc
1086 4767 1308 4821 quoque
1342 4753 1602 4816 mendax,
1636 4763 1691 4807 et
1719 4770 1746 4805 a
1781 4766 1926 4807 recta
1962 4755 2132 4807 ratio-

550 4840 826 4895 cinatione
875 4857 981 4896 non
1022 4859 1214 4912 parum
1261 4845 1547 4899 aberrans.
1589 4844 1669 4898 Ac
1714 4845 1757 4897 si
1808 4845 1941 4898 nihil
1986 4845 2130 4901 aliud

550 4940 633 4986 est
665 4932 850 4987 dicere
878 4930 1111 4988 Verbum
1153 4933 1354 4988 factum
1400 4950 1523 4990 esse
1548 4948 1768 4988 carnem
1795 4976 1810 5001 ,
1857 4935 1960 4991 nisi
1991 4939 2133 5005 quod

554 5022 756 5080 factum
786 5035 869 5079 est
917 5027 1125 5091 homo;
1176 5037 1389 5080 servata
1445 5027 1767 5082 excellentia
1814 5029 2132 5094 divinitatis,

554 5128 887 5183 maucnsque
913 5114 1055 5184 quod
1082 5124 1224 5178 erat,
1261 5130 1494 5182 quanam
1530 5126 1755 5171 externa
1787 5116 1956 5184 gloria
1993 5132 2131 5187 Opus

555 5202 761 5267 habuit,
782 5222 905 5260 cum
935 5206 1049 5276 ipse
1078 5206 1338 5260 Dominus
1367 5216 1511 5260 esset
1532 5207 1757 5274 gloriae?
1780 5206 2134 5262 Glorilieabao

558 5304 646 5349 tur
664 5297 808 5350 enim
841 5297 959 5350 sine
985 5296 1170 5362 dubio,
1198 5296 1406 5365 Spiritu
1437 5297 1617 5353 divina
1645 5298 1911 5355 elllciente
1947 5304 2130 5372 signa,

556 5401 663 5441 non
700 5397 757 5441 ut
794 5388 970 5442 Deifer
1006 5389 1188 5451 homo,
1225 5390 1292 5441 ab
1327 5401 1557 5443 externa
1599 5392 1990 5461 superioreque
2038 5408 2133 5445 na-

559 5490 680 5532 tura
710 5495 776 5535 eo
808 5495 1036 5533 uulnere
1081 5488 1397 5546 comparato
1424 5523 1440 5547 ,
1477 5491 1535 5536 ut
1582 5481 1737 5536 nobis
1778 5484 2004 5547 accidit,
2042 5486 2137 5539 scd

562 5566 767 5638 Spiritu
800 5580 1050 5637 tauquam
1086 5570 1305 5639 proprio
1329 5585 1480 5625 usus.
1536 5572 1676 5625 Deus
1726 5573 1870 5627 enim
1909 5584 2029 5628 erat
2070 5591 2137 5629 ex

562 5669 784 5724 natura;
813 5660 1040 5728 ideoque
1071 5660 1304 5729 Spiritus
1336 5660 1449 5731 ejus
1483 5665 1549 5718 ab
1578 5679 1643 5720 eo
1688 5680 1794 5720 non
1839 5676 1957 5722 erat
2001 5666 2134 5721 alie-

632 5816 681 5850 ”
716 5817 737 5871 l
774 5816 899 5872 Cor.
922 5833 1000 5921 γι,
1026 5819 1111 5874 lG.
1190 5819 1290 5899 “.1
1324 5820 1477 5877 Joau.
1508 5838 1578 5890 tv,
1614 5823 1700 5877 l5.

2224 3375 2387 3443 ἐρεῖς,
2434 3368 2860 3438 καταναρκήσας
2915 3364 3015 3433 τὴν
3056 3359 3375 3431 δυσφημίαν
3401 3377 3419 3391 ·
3458 3357 3815 3429 ὁμολογήσεις

2222 3464 2279 3515 δὲ
2313 3463 2433 3533 μεθ’
2454 3461 2633 3532 ἡμῶν,
2666 3462 2747 3514 ὅτι
2776 3460 3000 3529 γέγονεν
3029 3456 3316 3528 ἄνθρωπος
3342 3454 3370 3505 6
3412 3452 3510 3507 106
3542 3450 3681 3505 Θεοῦ
3719 3448 3816 3502 Λό-

2224 3569 2318 3620 γος
2342 3568 2355 3580 ⁸
2388 3555 2480 3606 καὶ
2540 3551 2698 3604 τοῦτὸ
2741 3553 2888 3604 ἐστιν
2915 3552 2949 3621 ἠ
2988 3549 3288 3620 σάρκωσις.
3332 3544 3603 3616 summa
3643 3542 3717 3608 δὲ,
3744 3542 3822 3594 ὅτι

2229 3644 2509 3713 μεμένηκε
2542 3642 2696 3707 Θεὸς,
2730 3644 2823 3697 καὶ
2854 3641 2914 3695 16
2948 3641 3049 3712 τῆς
3095 3639 3232 3702 ἰδίας
3272 3637 3506 3709 φύσεως
3533 3633 3824 3690 διεσώσατο

2227 3735 2455 3798 κάλλος’
2494 3735 2599 3787 κᾶν
2641 3736 2689 3787 εί
2742 3733 3150 3805 κεχρημάτικεν
3196 3730 3326 3792 Υἱὸς
3369 3727 3702 3801 ἀνθρώπου,
3737 3724 3825 3792 γέ-

2227 3827 2351 3896 γονέ
2380 3844 2437 3879 τε
2462 3826 2619 3879 τοῦτο
2641 3826 2781 3880 κατὰ
2803 3819 3231 3895 ἁλήθειαν.Εἷτα
3264 3821 3317 3874 τί
3349 3820 3551 3892 μαθὼν
3579 3819 3689 3892 [Ion
3718 3834 3819 3869 1:1-

2229 3916 2383 3989 Ot‘ov],
2425 3915 2755 3985 συγκαθίσαι
2792 3914 2897 3986 φὴς
2932 3912 3111 3983 ἐαυτῷ
3152 3912 3243 3965 τὸν
3281 3912 3533 3984 Πατέρα,
3565 3912 3668 3979 τὴν
3698 3910 3824 3962 ἀνα-

2229 4004 2529 4075 λητθεῖσαν
2573 4005 2988 4076 άνθρωπότητα,
3027 4003 3122 4056 καὶ
3172 4002 3292 4073 οὐχ).
3326 4002 3394 4075 δὴ
3430 4002 3660 4072 μᾶλλον,
3715 4001 3823 4060 τοῖς

2228 4099 2326 4167 τῆς
2361 4097 2496 4160 ἰδίας
2527 4097 2783 4167 θεότητος
2806 4094 3113 4165 ἐνιδρύσοαι
3145 4092 3366 4156 θώκοις,
3397 4094 3457 4145 ὲν
3482 4091 3711 4162 εὐδοκία
3732 4087 3824 4142 τοῦ

2230 4188 2367 4241 Θεοῦ
2422 4190 2515 4241 καὶ⁵
2550 4188 2764 4257 Πατρὸς
2790 4226 2803 4250 ,
2842 4187 2934 4238 καὶ
2972 4186 3262 4254 ἄνθρωπον
3303 4182 3577 4251 γεγονότα
3632 4180 3725 4234 16v
3771 4177 3825 4242 ἐξ

2232 4279 2401 4334 αὐτοῦ
2428 4279 2602 4347 φύντα
2635 4278 2828 4346 Λόγον,
2865 4277 2949 4330 ἶνα
2988 4276 3061 4348 μὴ
3088 4275 3162 4339 ὡς
3187 4274 3351 4344 ἑτέρα
3381 4291 3471 4337 τις
3504 4275 3643 4344 παρ’
3671 4270 3827 4327 αὐτὸν

2233 4370 2268 4439 ἡ
2295 4367 2650 4439 άνθρωπότης
2676 4366 2841 4419 αὑτοῦ
2884 4368 3019 4439 πρὸς
3060 4364 3215 4437 ἡμῶν
3249 4366 3427 4418 νοοῖτο
3462 4366 3562 4419 καὶ
3596 4365 3828 4433 λέγοιτο,

2233 4457 2411 4512 καίτοι
2431 4457 2530 4527 τῆς
2550 4458 2694 4511 κατὰ
2729 4459 2988 4530 ἀληθειαν
3024 4457 3287 4520 ἐνώσεως,
3317 4456 3420 4527 ἐνα
3445 4474 3510 4510 τε
3538 4459 3677 4528 ἡμῖν
3703 4457 3836 4508 ἀπο-

2236 4549 2533 4620 φαινούσης
2558 4550 2741 4612 αὑτὸν,
2766 4551 2860 4603 καὶ
2884 4549 2983 4603 οὐκ
3006 4548 3288 4619 ἀλλότριον
3320 4549 3498 4601 αὑτοῦ
3531 4549 3635 4621 τὴν
3660 4548 3837 4617 σάρκα

2164 4626 2210 4685 D
2238 4642 2435 4709 αὐτοῦς
2473 4640 2792 4711 Ψευδοεπὴς
2818 4636 2911 4693 οὖν
2956 4640 3087 4711 ἄρα,
3122 4641 3215 4693 καὶ
3254 4638 3535 4717 λογισμοῦ
3577 4637 3678 4692 τοῦ
3708 4637 3840 4691 καθ-

2236 4735 2465 4805 ήκοντος
2485 4719 2547 4786 ὀύ
2582 4732 2818 4805 μετρίως
2845 4728 3208 4802 ἡμαρτηκὼς,
3250 4730 3458 4801 ἁλίσκῃ
3494 4733 3607 4784 κάν
3638 4727 3833 4797 τούτῳ.

2235 4828 2346 4881 Καὶ
2375 4829 2424 4878 5i
2470 4825 2637 4896 μηδὲν
2671 4824 2857 4895 ἕτερόν
2897 4824 3014 4876 ἐστι
3055 4822 3117 4875 16
3163 4820 3331 4890 φάναι
3347 4820 3417 4892 δὴ
3458 4822 3649 4893 σάρκα
3680 4834 3842 4889 γεγε⁸

2235 4919 2431 4989 νῆσθαι
2458 4918 2548 4971 τὴν
2584 4917 2778 4986 Λόγον,
2809 4916 2842 4987 ἢ
2871 4916 2953 4969 ὅτι
2986 4915 3212 4984 γέγονεν
3242 4913 3547 4985 ἄνθρωπος
3577 4917 3638 4968 ἐν
3670 4915 3842 4983 ὑπερ·

2235 5015 2336 5083 am
2361 5011 2613 5079 θεότητος
2639 5008 2736 5074 ὢν,
2768 5009 2862 5062 καὶ
2904 5004 3231 5079 μεμενηκὼς
3278 5005 3426 5076 ὅπερ
3454 5002 3552 5079 ἦν,
3582 5005 3748 5067 ποίας
3782 5001 3846 5056 ἂν

2240 5100 2435 5171 ἐδεήθη
2474 5101 2571 5170 τῆς
2604 5097 2803 5165 ἔξωθεν
2846 5097 3024 5168 δόξης,
3064 5095 3242 5150 καίτοι
3292 5094 3397 5164 τῆς
3432 5096 3605 5168 δόξης
3641 5095 3847 5165 Κύριος

2242 5187 2317 5241 ὣν
2348 5188 2541 5254 αὑτός;
2571 5187 2881 5254 Ἐδοξάζετο
2907 5187 3003 5257 μὲν
3032 5184 3141 5255 γάρ
3178 5184 3675 5257 ὁμολογουμένως,
3699 5186 3853 5251 ὲνίρ·

2243 5279 2467 5349 γοῦντος
2492 5278 2585 5331 τοῦ
2627 5277 2944 5348 Πνεύματος
2971 5276 3069 5339 τὰς
3102 5273 3444 5345 θεοσημίας·
3483 5275 3607 5329 ἀλλ’
3640 5275 3743 5343 οὐχ
3776 5271 3852 5335 ὡς

2245 5369 2527 5442 ἄνθρωπος
2556 5370 2832 5440 θεοφόρος,
2870 5368 2929 5434 ἐξ
2960 5368 3173 5430 ὀθνείας
3199 5383 3258 5420 τε
3288 5365 3386 5418 καὶ
3426 5365 3854 5440 ὑπερκειμένης

2248 5461 2463 5531 φύσεως
2500 5460 2563 5513 16
2605 5461 2796 5532 χρῆμα
2851 5458 3169 5531 κερδαίνων,
3224 5456 3370 5511 καθὰ
3404 5458 3507 5511 xui.
3544 5459 3745 5528 ἡμεῖς*
3779 5454 3859 5514 ὡς

2251 5554 2367 5624 ίδίῳ
2394 5553 2449 5605 δὲ
2491 5553 2692 5624 μᾶλλον
2722 5552 3067 5624 κεχρημένος
3103 5549 3181 5621 τῷ
3219 5548 3544 5618 Πνεύματι.
3577 5548 3720 5613 Θεὸς
3747 5544 3858 5617 γὰρ

2246 5641 2316 5716 ἦν
2364 5644 2564 5714 φύσει,
2630 5646 2726 5700 καὶ
2766 5647 2866 5700 ούκ
2917 5645 3197 5716 ἀλλότριον
3255 5642 3430 5697 αὐτοῦ
3494 5644 3560 5697 16
3626 5638 3862 5696 Πνεῦμα
