4150 6436
438 396 548 462 173
1544 377 1916 440 ADVERSUS
1955 372 2358 434 NESTORIUM
2403 373 2532 430 LIB.
2578 368 2666 428 IV.
3599 374 3699 429 {7.5

435 508 630 575 αὑτοῦ.
663 512 876 569 Οὐκοῦν
911 512 1012 565 οὐκ
1037 502 1257 574 ἔξωθεν,
1286 498 1406 559 οὐδὲ
1434 494 1742 574 είσποίητον
1769 498 1916 570 αὐτῷ
1943 498 2029 550 δε-
2060 532 2072 558 λ

2152 513 2256 550 ttts.
2287 496 2398 547 Non
2422 496 2586 564 igitur
2613 493 2970 555 extrinsecus,
3010 507 3187 562 neque
3229 493 3451 547 ascitant
3485 495 3701 551 aliunde

433 611 629 665 ὃὸσθαι
671 606 849 677 φαμὲν
889 603 986 655 τοῦ
1021 599 1339 670 Πνεύματος
1384 596 1485 666 τὴν
1533 594 1844 663 ἐνέργειαν,
1886 588 2027 642 καθά

2152 588 2364 641 licinius
2408 585 2507 652 ipsi
2560 586 2739 638 datam
2783 582 3019 652 Spiritus
3059 583 3400 638 eﬂicientiant
3452 589 3703 642 Silllilil-‘I‘

437 704 537 756 καὶ
572 701 707 771 ἡμῖν
760 697 971 758 αὐτοῖς,
1002 694 1169 763 ἡγουν
1203 692 1315 751 τοῖς
1349 688 1523 755 ἁγίοις
1557 683 1892 744 ἀποστόλοις.
1932 684 2026 732 Δε-

434 794 685 865 δώρηται
718 789 827 860 γὰρ
858 789 1044 848 αὐτοῖς
1068 782 1315 849 ἐξουσίαν
1345 782 1372 832 6
1405 777 1638 850 Χριστὸς
1677 774 1819 828 κατὰ
1861 788 2028 825 πνευ-

442 887 635 956 μάτων
661 881 1012 950 ἀκαθάρτων,
1031 865 1170 929 ὥστε
1197 870 1480 925 ἐκϐάλλειν
1501 868 1671 921 αὑτάο
1696 865 2030 956 προστέταχε

441 955 498 1030 δέ
540 972 896 1046 θεραπεύειν,
938 968 1032 1021 καὶ
1074 967 1254 1020 πᾶσαν
1281 963 1470 1027 νόσον,
1507 959 1602 1012 καὶ
1644 960 1825 1011 πᾶσαν
1862 955 2033 1024 μαλα-

445 1070 575 1120 κίαν
608 1044 665 1118 ἐν
697 1064 776 1134 τῷ
804 1060 940 1130 λαῷ.
977 1051 1199 1112 Οἴκοθεν
1226 1048 1319 1106 οὖν
1350 1052 1458 1123 ἄρα
1486 1051 1579 1103 καὶ
1613 1049 1740 1118 παρ’
1776 1045 1941 1100 αὑτοῦ
1969 1044 2030 1098 τὸ

447 1159 682 1227 Πνεῦμα
714 1153 903 1208 αὑτοῦ.
935 1150 1046 1204 Καὶ
1075 1140 1263 1200 τοῦτου
1303 1143 1479 1214 σαφὴς
1505 1139 1777 1205 ἀπόδειξις
1826 1139 1911 1205 εἴη
1941 1137 2028 1198 ἂν,

445 1253 509 1303 τδ
539 1250 638 1302 καὶ
665 1247 876 1315 ἑτέροις
926 1237 1186 1295 δύνασθαι
1219 1236 1476 1307 χορηγεῖν
1511 1231 1662 1294 αὐτὸ,
1702 1230 1796 1282 καὶ
1833 1229 1935 1280 οὐκ
1968 1228 2032 1279 ἐκ

451 1344 680 1414 μέτρου,
714 1336 858 1390 καθά
895 1349 1062 1403 φησιν
1097 1333 1124 1383 6
1161 1326 1431 1399 μακάριος
1476 1320 1899 1414 εὐαγγελὲςτής·
1939 1320 2035 1369 ἐπε

413 1409 729 1504 -ἐμέτρησε
765 1428 863 1498 μὲν
896 1426 1006 1494 γὰρ
1033 1425 1144 1483 τοῖς
1159 1415 1449 1504 ἁγίοις-τὴν
1483 1411 1688 1504 διάτοῦ
1717 1409 2033 1504 ῐίνεύματος

445 1500 616 1593 χάριν
643 1518 671 1572 6
699 1517 807 1569 τῶν
833 1516 970 1567 ὅλων
994 1511 1127 1573 Θεός
1150 1527 1163 1539 ·
1194 1506 1288 1561 καὶ
1403 1505 1498 1575 μὲν
1538 1503 1719 1593 ἔδωκε
1750 1500 1906 1593 λόγον
1946 1515 2034 1550 σο-

447 1592 613 1683 φίας·
658 1609 805 1680 ἄλλῳ
846 1606 902 1658 δὲ
949 1605 1109 1672 λόγον
1149 1598 1434 1668 γνώσεωςδ
1474 1594 1646 1663 ἑτέρῳ
1680 1592 1734 1644 δὲ
1789 1592 2034 1683 χάρισμα

451 1679 708 1774 ἰαμάτων
736 1717 749 1730 ·
774 1699 870 1751 καὶ
896 1693 1074 1756 τοῦτο,
1104 1687 1279 1762 οἶμαι,
1304 1689 1417 1740 ἐστι
1444 1685 1604 1749 τὸ,ιῖ›ς
1637 1685 1700 1735 ἐκ
1729 1683 1927 1751 μέτρου
1946 1679 2036 1733 δύ-

447 1771 652 1850 νασθαι
674 1793 801 1853 τοὺς
826 1789 1047 1858 ἔχοντας
1077 1783 1374 1853 ἐνέργειαν.
1394 1779 1452 1830 '0
1475 1776 1531 1829 δέ
1558 1792 1620 1844 γε
1645 1774 1848 1844 Κύριος
1877 1776 1909 1842 ἡ
1920 1771 2033 1843 μῶν

2135 687 2199 729 ac
2231 675 2386 728 nobis
2438 673 2586 741 ipsis,
2641 681 2735 725 aut
2777 673 2938 726 etiant
2988 674 3192 727 sauciis
3228 676 3507 743 apostolis.
3547 676 3704 731 θνιιίῑ

2134 760 2278 811 enim
2310 758 2416 812 illis
2447 759 2698 813 Christus
2724 768 3042 828 potestatem
3066 761 3324 816 adversus
3361 765 3584 832 spiritus
3613 767 3702 818 im-

2137 851 2366 904 mundos
2415 860 2474 903 ut
2518 864 2612 904 eos
2639 848 2900 918 ejicerent
2931 868 2944 904 :
2973 851 3135 920 jussit
3166 854 3330 908 etiam
3363 865 3421 909 ut
3449 873 3706 914 curarent

2137 957 2353 998 omnem
2397 942 2763 996 inﬁrmitatem
2795 951 2849 996 et
2872 955 3086 997 Omnem
3148 945 3459 1016 languorem
3511 950 3563 1003 in
3612 969 3708 1020 pu-

2137 1038 2263 1108 pulo
2291 1036 2358 1090 ⁸².
2393 1037 2724 1092 lutrinsecus
2753 1038 2918 1106 igitur
2965 1043 3018 1091 et
3072 1037 3139 1094 ab
3192 1040 3307 1108 ipso
3346 1052 3429 1095 est
3472 1042 3710 1112 Spiritus

2137 1127 2253 1198 ejus
2282 1148 2294 1183 :
2330 1130 2483 1198 cujus
2515 1131 2590 1182 rei
2623 1130 2975 1199 perspicuum
3020 1141 3104 1184 est
3135 1142 3534 1201 argumentum,
3563 1139 3708 1202 quod

2138 1223 2301 1274 etiam
2333 1222 2452 1275 aliis
2497 1221 2642 1274 illum
2669 1211 2908 1275 tribuere
2941 1230 3138 1290 potest,
3194 1233 3248 1277 et
3291 1241 3394 1278 non
3437 1242 3501 1280 ex
3554 1243 3709 1283 men-

2139 1327 2288 1378 sura,
2327 1323 2386 1366 ut
2430 1314 2506 1367 ait
2553 1313 2742 1367 beatus
2800 1315 3126 1384 evangelista
3154 1317 3240 1380 ";
3300 1334 3421 1372 nam
3449 1296 3548 1374 “ille
3595 1335 3714 1373 om-

2144 1401 2290 1457 nium
2315 1405 2454 1458 Deus
2477 1407 2861 1458 adtnensuram
2886 1407 3101 1474 quidem
3133 1408 3318 1462 tribuit
3344 1412 3547 1466 sanctis
3575 1414 3709 1468 viris

2146 1495 2382 1564 Spiritus
2413 1497 2582 1550 sancti
2609 1487 2860 1564 gratiam,
2890 1507 2943 1549 et
2965 1497 3055 1550 alii
3092 1500 3308 1568 quidem
3331 1501 3475 1556 dedit
3497 1518 3710 1558 sermo-

2143 1601 2262 1639 ncnt
2281 1586 2572 1654 sapientiae,
2595 1586 2685 1637 alii
2704 1599 3004 1639 sermonem
3020 1586 3279 1652 scientiae,
3298 1585 3452 1643 alteri
3474 1592 3708 1658 gratiam

2142 1675 2560 1730 curationum"
2609 1692 2621 1727 :
2664 1674 2828 1744 idque
2856 1685 2958 1739 est,
3017 1685 3074 1729 ut
3132 1678 3343 1745 opinor,
3397 1682 3540 1748 quod
3592 1691 3715 1735 tan-

2133 1767 2301 1834 'quam
2330 1782 2398 1821 ex
2415 1781 2667 1821 mensura
2689 1776 2912 1834 possunt
2945 1767 2979 1820 ii
3007 1768 3099 1836 qui
3127 1767 3326 1822 habent
3347 1770 3712 1828 ellicientiam.

462 1883 682 1956 Ἰησοῦς
725 1857 986 1952 Χριστὸς,
1044 1875 1104 1939 ἐξ
1158 1873 1286 1926 ἰδίου
1325 1866 1692 1939 πληρώματος
1728 1864 1938 1956 προῖελς
1978 1862 2039 1915 τὸ

2152 1858 2252 1928 99
2279 1858 2346 1911 At
2374 1873 2503 1912 vero
2538 1857 2800 1912 Dominus
2831 1868 3014 1912 noster
3042 1859 3199 1914 Jesus
3228 1858 3482 1916 Christus
3505 1877 3568 1916 ex
3617 1879 3716 1918 sua

453 1953 705 2046 Πνεῦμα,
733 1970 877 2026 καθὰ
911 1967 1007 2020 καὶ
1031 1963 1190 2025 αὐτὸς
1223 1963 1250 2014 ὁ
1284 1959 1496 2028 Πατὴρ,
1524 1958 1621 2027 οὐχ
1653 1955 1726 2018 ὡς
1750 1957 1814 2007 ἐκ
1843 1953 2040 2046 μέτρομ

455 2039 673 2121 δίδωσιν
704 2063 839 2117 αὐτὸ
873 2059 988 2121 τοῖς
1038 2055 1211 2121 ἀξίοις
1259 2053 1421 2105 ἐλεῖν.
1460 2049 1708 2103 ’Δνθότου
1742 2048 1804 2118 δὴ
1842 2043 1958 2108 οὖν,
1999 2039 2044 2098 ὦ

464 2162 728 2231 βέλτιστε,
760 2156 854 2208 τὸν
889 2153 989 2206 οὐκ
1023 2153 1086 2202 ἐκ
1121 2145 1321 2219 μέτρου
1352 2143 1562 2197 διδόντα
1582 2142 1641 2194 τὸ
1674 2139 1899 2209 Πνεῦμα
1931 2140 2044 2201 τοῖς

476 2250 885 2326 μεμετρημένον
913 2247 1130 2318 ἔχουσιν
1163 2241 1294 2297 am
1331 2240 1502 2301 ποιεῖῖ
1526 2234 1848 2326 impiam"
1873 2246 2047 2326 {in}?

476 2320 834 2409 κεκροτῆσθαι
865 2335 1041 2402 λέγων
1075 2334 1226 2402 παρᾶ
1261 2327 1353 2382 τοῦ
1396 2325 1714 2395 [Ινεύματος
1745 2323 1843 2393 τὴν
1887 2320 2047 2386 δόξαν

470 2431 656 2492 αὐτοῦ,
674 2427 772 2482 καὶ
798 2423 1140 2497 ἐνηργῆσθαι
1165 2420 1384 2492 μᾶλλον,
1399 2418 1473 2481 ὡς
1492 2418 1587 2469 ἕνα
1609 2415 1716 2468 τῶν
1739 2413 1857 2467 καθ’
1879 2413 2044 2482 ἡμᾶς,

464 2526 528 2576 ἐν
558 2521 784 2592 χάριτος
830 2517 988 2581 τάξει
1031 2509 1267 2568 λαϐόντα
1305 2511 1404 2580 τὴν
1444 2507 1574 2577 παρ’
1606 2503 1772 2558 αὑτοῦ
1813 2501 2050 2592 συγκρδ-

461 2589 650 2686 τηᾷὲν,
686 2613 857 2682 ῆγουν
898 2607 1194 2679 ἐνεργῆσαι
1239 2601 1438 2674 μᾶλλον
1465 2600 1540 2663 ὡς
1591 2597 1656 2650 δι’
1695 2596 1828 2649 ἰδίου
1877 2589 2052 2686 Πνεθ-

465 2684 643 2776 ματος
671 2703 773 2765 τὰς
804 2697 1130 2768 θεοσημῐας.
1177 2692 1422 2749 Ἰουδαῖοι
1462 2690 1560 2761 μὲν
1601 2688 1710 2757 γὰρ
1746 2688 1792 2740 οἱ
1819 2684 2052 2739 πάντολ-

463 2813 582 2868 μοι,
620 2792 830 2863 πικρὰν
864 2790 951 2843 ἐπ’
993 2786 1144 2857 αὑτῷ
1188 2785 1588 2856 καταθήγοντες
1621 2781 1889 2848 γλῶτταν,
1930 2779 2054 2831 ἀνο-

462 2887 604 2950 σίως
640 2885 881 2953 ἔφασκον
901 2897 914 2910 ·
952 2899 971 2931 ι
999 2874 1167 2942 Οὗτος
1197 2878 1298 2930 οὐκ
1325 2875 1577 2929 ἐκϐάλλει
1602 2872 1672 2926 τὰ
1697 2872 1972 2942 δαιμόνια,
2003 2869 2053 2922 εἰ

466 2977 547 3045 μὴ
573 2977 634 3026 ἐν
659 2972 738 3043 τῷ
778 2968 1110 3034 Βεελζεόοὺλ
1139 2967 1358 3038 ἄρχοντι
1392 2964 1500 3018 τῶν
1529 2961 1847 3033 δαιμονίων·
1884 2980 1903 3012 ι
1938 2963 1966 3013 6
1997 2959 2054 3012 δέ

461 3083 532 3134 γε
560 3065 774 3134 Κύριος
793 3060 954 3132 ἡμῶν
985 3057 1196 3130 Ἰησοῦς
1224 3060 1252 3110 6
1278 3056 1534 3127 Χριστὸς,
1567 3051 1964 3124 ἁμαθαίνοντας
1993 3049 2052 3102 οὐ

464 3157 712 3230 μικρῶς,
759 3152 957 3224 μᾶλλον
989 3153 1046 3204 δὲ
1088 3150 1182 3203 καὶ
1221 3147 1616 3208 δυσσεϐοὖντας
1658 3144 1913 3214 ἐλέγχων.
1947 3161 1966 3193 ι
1992 3143 2055 3194 Et

463 3249 608 3318 ἐγὼ,
638 3246 827 3318 φησιν,
862 3248 920 3298 ἐν
970 3241 1302 3306 Βεελςεσοὺλ
1340 3239 1563 3311 ἄρχοντι
1609 3236 1717 3289 τῶν
1761 3234 2054 3304 δαιμονίων

463 3340 726 3396 ἐκϐάλλω
771 3339 840 3391 τὰ
885 3335 1159 3407 δαιμόνια,
1204 3335 1252 3386 oi
1286 3334 1390 3385 υἱοὶ
1438 3329 1592 3401 ὑμῶν
1641 3331 1698 3381 ἐν
1739 3328 1844 3380 τίνι
1891 3325 2055 3379 ἐκϐα-

462 3433 665 3496 λοῦσι;
697 3450 714 3482 ι
741 3427 1131 3497 Τεθαύμασται
1156 3424 1265 3495 γὰρ
1287 3425 1314 3476 ὁ
1336 3420 1588 3492 λαμπρὸς
1619 3421 1712 3473 καὶ
1749 3417 1920 3489 μέγας
1945 3415 2054 3469 τῶν

464 3524 650 3591 ἁγίων
680 3518 993 3573 ἀποστόλων
1039 3515 1223 3587 χορὸς,
1255 3516 1313 3566 ἐν
1341 3513 1567 3581 ὀνόματι
1609 3509 1782 3580 Ἰησοῦ
1817 3505 2054 3577 Χριστοῦ

463 3613 566 3667 τοῦ
588 3609 922 3681 Ναζωραίου
950 3607 1172 3676 πληρῶν
1199 3605 1268 3658 τὰ
1319 3601 1628 3672 παράδοξαο
1671 3601 1766 3653 καὶ
1797 3598 1926 3666 γοῦν
1956 3598 2058 3651 ὑπ-

466 3707 744 3772 έστρεφον
769 3699 1055 3770 χαίροντές
1082 3713 1140 3750 τε
1172 3698 1264 3748 καί
1289 3695 1541 3763 λέγοντες
1561 3710 1574 3722 ·
1600 3711 1618 3742 ι
1643 3691 1836 3761 Κύριε,
1868 3690 1962 3742 καὶ
1986 3688 2056 3744 τὰ

463 3794 734 3863 δαιμόνια
779 3793 910 3861 ἡμῖν
952 3788 1322 3842 ὑποτάσσεται
1361 3785 1454 3836 ἐπὶ
1490 3783 1570 3853 τῷ
1610 3781 1835 3852 ὀνόματί
1882 3797 1998 3835 σου.
2031 3799 2051 3833 ι

478 3884 629 3939 Ἀλλ’
659 3883 816 3954 εἴπερ
845 3881 991 3934 ἐστὶν
1021 3879 1243 3947 ἐφικτὸν
1268 3879 1325 3929 ἐν
1352 3875 1578 3945 ὀνρματί
1603 3889 1750 3935 τινος
1770 3873 1880 3925 τῶν
1907 3875 2058 3944 ἐνερ-

465 3977 784 4048 γουμένων,
823 3974 918 4028 καὶ
961 3973 1192 4040 ἑτέρους
1231 3966 1494 4023 δύνασθαι
1539 3965 1606 4019 τὰ
1657 3967 1748 4018 τσα
1789 3965 2053 4055 πληρρῦν,

462 4068 660 4138 ἡκέτω
681 4082 694 4095 ’
726 4062 981 4134 φραζέτω
1025 4061 1114 4114 διὰ
1141 4059 1298 4112 ποίαν
1329 4055 1506 4110 αἰτίαν
1540 4053 1716 4116 οὐδεὶς
1746 4056 1803 4105 ἐν
1831 4052 2056 4120 ὀνόματι

466 4161 582 4213 τῶν
607 4159 785 4225 ἁγίων
817 4155 978 4216 τινδς,
1011 4153 1044 4222 ἢ
1078 4149 1410 4220 ἀκαθάρτοις
1431 4145 1703 4214 πνεύμασι
1724 4143 2056 4213 ἐπιτιμήσας

469 4245 846 4316 θαυμάζεται,
883 4241 1055 4312 ἡγουν
1085 4239 1272 4308 ἕτερόν
1300 4255 1356 4290 τι
1379 4234 1488 4288 τῶν
1531 4233 1674 4305 πέρα
1715 4231 1874 4300 λόγου
1902 4247 2057 4284 τετε-

467 4338 672 4400 λεκώς.
710 4334 851 4388 Ἀλλ’
883 4335 932 4386 oi
983 4333 1082 4403 μὲν
1119 4331 1446 4402 ἐνήργηνται
1479 4323 1632 4395 παρὰ
1679 4322 1772 4375 τοῦ
1803 4319 2059 4391 Πνεῦμα·-

468 4446 589 4492 τος,
620 4429 718 4480 καὶ
753 4422 1180 4496 μεμετρημὲνην
1223 4421 1408 4489 ἔχουσι
1440 4416 1630 4486 χάριν’
1652 4416 1680 4466 6
1704 4413 1781 4476 δὲ,
1807 4412 1884 4476 ὡς
1924 4409 2058 4476 Θεὸς

2144 1952 2476 2020 plenitudine
2494 1949 2829 2019 profundens
2847 1949 3132 2018 Spiritum,
3150 1961 3208 2004 ut
3235 1952 3399 2006 etiam
3433 1953 3508 2023 (l)
3533 1951 3715 2018 Pater,

2144 2058 2250 2096 non
2282 2041 2428 2094 illum
2463 2045 2554 2095 dat
2603 2049 2855 2110 tanquam
2917 2055 2979 2095 ex
3024 2054 3274 2097 mensura
3325 2043 3392 2098 iis
3429 2046 3518 2114 qui
3570 2048 3718 2116 digni

2145 2141 2269 2186 sunt
2299 2131 2565 2199 accipere.
2593 2131 2834 2197 Quanam
2867 2132 3030 2200 igitur
3055 2136 3122 2187 de
3152 2149 3337 2198 causa,
3362 2135 3446 2189 vir
3477 2141 3717 2206 egregie.

2145 2222 2383 2290 eumqui
2421 2235 2524 2274 non
2557 2235 2622 2274 ex
2671 2236 2924 2275 mensura
2972 2221 3065 2276 dat
3109 2222 3394 2292 Spiritum,
3449 2226 3501 2278 in
3528 2241 3719 2281 eorum

2149 2327 2428 2366 numerum
2465 2312 2638 2366 refers
2666 2311 2758 2381 qui
2795 2301 3098 2366 dimensum
3137 2313 3286 2368 illttm
3316 2315 3519 2369 habent
3543 2358 3559 2384 ,
3591 2317 3718 2370 dum

2148 2413 2516 2474 camparatam
2559 2419 2589 2458 a
2617 2404 2836 2474 Spiritu
2869 2405 2985 2473 ejus
3012 2403 3238 2474 gloriam
3277 2406 3434 2474 dicis,
3485 2417 3540 2462 et
3575 2409 3720 2464 illius

2149 2496 2449 2550 efﬁcientia:
2501 2496 2802 2566 subjectum
2826 2497 3024 2565 potius,
3059 2507 3119 2551 ut
3145 2513 3309 2551 unum
3357 2513 3387 2552 e
3411 2501 3566 2555 nobis
3593 2515 3725 2570 gra-

2153 2587 2242 2642 tia:
2271 2587 2389 2642 loco
2411 2587 2527 2656 ejus
2573 2586 3008 2656 cooperationem
3048 2590 3324 2657 accepisse
3350 2630 3366 2655 ,
3405 2606 3567 2660 quam
3597 2608 3724 2661 pro-

2151 2677 2271 2744 prio
2302 2676 2504 2745 Spiritu
2537 2677 2716 2731 divina
2753 2677 2906 2746 signa
2944 2676 3226 2734 eﬂ‘ccisse?
3261 2678 3429 2735 Judaei
3462 2697 3720 2752 namque,

2152 2768 2217 2822 ad
2247 2768 2430 2822 omnia
2464 2767 2814 2822 attdacissimi
2849 2782 2972 2821 cum
3003 2779 3324 2824 venenatam
3353 2770 3590 2843 linguam
3624 2773 3723 2826 ad-

2153 2872 2346 2913 versus
2380 2857 2528 2912 illum
2544 2868 2904 2932 exacuerent,
2928 2859 3093 2928 impie
3115 2861 3399 2917 dicebant:
3431 2881 3451 2915 ι
3489 2861 3584 2918 Hic
3620 2879 3725 2919 non

2154 2950 2306 3019 ejicit
2362 2949 2627 3005 daemonia
2669 2949 2770 3003 nisi
2796 2952 2848 3003 ιιι
2886 2948 3209 3018 Beelzebub,
3240 2953 3484 3022 principe
3529 2955 3726 3008 daemo-

2157 3041 2372 3095 niorum
2405 3041 2471 3094 ³⁸.
2514 3060 2532 3093 ι
2570 3042 2830 3098 Dominus
2871 3057 3001 3097 vero
3050 3052 3235 3097 noster
3280 3042 3436 3099 Jesus
3478 3044 3727 3101 Christus

2158 3131 2280 3185 illos
2311 3145 2415 3186 non
2445 3132 2655 3188 modica
2691 3133 2927 3195 inscitia,
2963 3134 3071 3188 imo
3099 3148 3228 3187 vero
3253 3136 3418 3188 etiam
3446 3136 3728 3204 impietate

2081 3207 2124 3266 (ἶ
2158 3223 2406 3278 laborare
2437 3239 2739 3293 coarguens
2766 3242 2779 3278 :
2816 3242 2834 3276 ι
2875 3223 2932 3278 Si
2961 3240 3081 3294 ego,
3117 3225 3312 3292 inquit,
3344 3226 3396 3280 in
3423 3225 3728 3283 Beelzebub

2157 3315 2317 3385 ejicio
2348 3316 2633 3384 dtcmonia,
2671 3317 2764 3370 lilii
2815 3317 2977 3371 vestri
3021 3317 3076 3370 in
3134 3331 3240 3384 quo
3292 3317 3517 3386 ejiciunt
3559 3319 3605 3354 ⁸⁵
3636 3318 3660 3374 ?
3697 3337 3719 3370 ι

2157 3405 2285 3459 Erat
2325 3405 2470 3459 enim
2520 3406 2572 3458 in
2623 3405 2980 3460 admiratione
3027 3405 3207 3461 clarus
3255 3406 3344 3461 ille
3394 3416 3444 3461 et
3498 3423 3726 3479 magnus

2156 3507 2466 3551 sanctorum
2516 3496 2884 3565 apostolorum
2938 3499 3160 3564 chorus,
3208 3513 3330 3553 cum
3393 3499 3446 3554 in
3509 3501 3731 3554 nomine

2157 3588 2288 3643 .lesu
2321 3589 2523 3643 Christi
2557 3587 2822 3643 Nazareni
2853 3589 3037 3645 ederet
3085 3589 3344 3644 miracula
3379 3609 3392 3643 :
3429 3591 3610 3660 itaque
3646 3607 3731 3644 rc-

2158 3680 2512 3735 vertebantnr
2541 3680 2842 3749 gaudentes
2890 3695 2952 3732 ac
2984 3679 3271 3734 dicentes:
3311 3697 3330 3732 ι
3377 3677 3622 3743 Domine,
3678 3681 3730 3733 in

2158 3771 2375 3824 nomine
2407 3779 2496 3824 tuo
2531 3771 2693 3823 etiam
2725 3771 2989 3824 daemonia
3021 3771 3389 3838 subjiciuntur
3422 3773 3580 3826 nobis
3608 3773 3672 3823 ⁸⁷.
3708 3791 3724 3819 ι

2169 3859 2275 3914 Sed
2312 3861 2356 3913 si
2390 3861 2505 3913 ﬁeri
2540 3869 2719 3928 potest
2747 3869 2803 3912 Ill
2840 3861 2891 3912 in
2923 3861 3139 3912 nomine
3168 3860 3400 3927 alicujus
3425 3877 3615 3916 eorum
3641 3865 3730 3930 qui

2157 3951 2570 4004 atleﬁiciendum
2590 3951 2658 4002 ab
2675 3950 2780 4003 alio
2795 3962 3098 4014 moventur,
3113 3951 3276 4004 etiam
3293 3951 3380 4004 alii
3403 3951 3598 4006 similia
3618 3969 3735 4020 pus-

2156 4043 2264 4095 sint
2292 4041 2521 4103 efficere,
2542 4042 2762 4108 prodeat
2789 4055 2855 4094 ac
2881 4041 3044 4106 dicat,
3068 4055 3228 4110 quam
3247 4041 3314 4094 ob
3337 4056 3552 4096 causam
3578 4060 3736 4097 nemo

2157 4133 2457 4186 celebretur
2481 4132 2621 4198 quod
2643 4133 2692 4184 in
2710 4133 2848 4186 illius
2864 4132 3031 4186 sancti
3053 4133 3152 4186 viri
3174 4133 3389 4187 nomine
3410 4133 3491 4187 vel
3511 4134 3736 4203 spiritus

2159 4224 2398 4292 impuros
2421 4224 2730 4290 increparit,
2756 4223 2835 4276 vel
2859 4223 3000 4277 aliud
3020 4224 3292 4293 quidpiam
3321 4227 3462 4293 quod
3480 4241 3638 4292 supra
3659 4242 3738 4278 ra-

2159 4317 2356 4371 tionem
2390 4317 2480 4382 sit,
2519 4301 2824 4386 perfecerit.
2867 4317 2970 4372 Sed
3024 4317 3097 4370 illi
3139 4318 3357 4386 quidem
3390 4333 3418 4370 a
3443 4316 3643 4386 Spiritu
3675 4321 3738 4371 ad

2158 4425 2293 4479 opus
2312 4408 2651 4464 eﬂiciendum
2710 4409 3074 4478 impelluntur,
3112 4411 3176 4478 ,εἰ
3201 4409 3499 4464 dimensam
3544 4410 3741 4462 habent

471 4518 713 4588 ἐνεργεῖ,
760 4513 854 4567 καὶ
887 4512 962 4574 ὡς
990 4511 1056 4563 δι’
1092 4509 1220 4561 ἰδίου
1253 4507 1572 4574 Πνεύματος
1596 4501 1834 4573 ἀμογητὶ
1861 4517 2058 4572 κατορ-

2162 4501 2421 4572 gratiam;
2443 4502 2532 4555 hic
2557 4516 2686 4555 vero
2715 4512 2772 4554 ut
2799 4502 2938 4554 Deus
2970 4509 3244 4568 operatur,
3271 4509 3324 4554 et
3361 4509 3612 4569 tanquam
3649 4516 3741 4567 per

471 4611 563 4664 θοῖ
592 4609 663 4661 τὰ
687 4607 752 4660 δι’
778 4599 852 4658 ὧν
877 4602 1240 4673 θαυμάζεται.
1274 4599 1384 4651 Καὶ
1417 4595 1547 4665 γοῦν
1577 4597 1610 4666 ἡ
1639 4596 1736 4664 τὴν
1763 4593 1855 4648 τοῦ
1886 4592 2054 4662 αἵμα-

469 4717 568 4761 τος
619 4697 779 4768 ῥύσιν
832 4693 1240 4764 άρῥωστήσασα
1301 4689 1438 4757 γυνὴ
1501 4683 1880 4757 προσελθοῦσα
1926 4696 2059 4735 ποτε

469 4789 784 4861 λεληθότως
813 4785 919 4839 ἀπὸ
939 4782 1164 4854 ὄπισθεν
1183 4781 1372 4846 αὑτοῦ,
1410 4779 1721 4848 γέγραπται
1746 4776 1862 4838 ὡδὶ,
1883 4775 2061 4846 ἥψατο

468 4883 572 4937 τοῦ
614 4880 930 4952 κρασπέδου
978 4873 1073 4929 τοῦ
1130 4873 1344 4944 ἱματίου
1372 4870 1560 4931 αὑτοῦ,
1589 4868 1684 4922 καὶ
1715 4867 2062 4938 παραχρῆμα

467 4978 608 5046 ἔστη
645 4975 681 5043 ὴ
727 4970 884 5043 ῥύσις
925 4967 1020 5021 τοῦ
1063 4967 1295 5036 αἵματος
1327 4962 1519 5032 αὐτῆς.
1570 4963 1636 5014 Ὃ
1681 4960 1747 5029 δὴ
1798 4960 1892 5022 καὶ
1940 4974 2063 5011 συν-

470 5073 580 5134 ιεὶς
633 5071 663 5122 6
709 5065 945 5138 Χριστὸς
972 5105 986 5123 .
1033 5083 1051 5114 ι
1091 5062 1187 5124 Τίς
1229 5062 1258 5113 6
1308 5057 1588 5128 ἁψάμενός
1625 5072 1766 5126 μους
1805 5074 1823 5106 ι
1875 5053 2062 5124 φησίν.

483 5158 716 5228 Ἐπειδὴ
741 5157 879 5228 πρὸς
906 5154 1066 5208 τοῦτο
1100 5153 1340 5222 ἔφασκον
1387 5151 1436 5201 οἱ
1473 5147 1756 5201 θεσπέσιοι
1789 5145 2061 5216 μαθηταίο

474 5273 492 5305 ι
529 5248 863 5308 Ἐπιστάτα,
896 5245 1136 5315 βλέπεις,
1165 5245 1214 5295 οι
1240 5241 1388 5311 ὄχλοι
1411 5239 1695 5309 συνέχουσί
1719 5255 1778 5290 σε
1810 5237 1904 5290 καὶ
1925 5238 2064 5289 ἁπο-

469 5343 752 5396 θλίϐουσι·
782 5357 800 5388 ι
831 5336 995 5389 πάλιν
1018 5335 1255 5402 ἔφασκεν
1281 5332 1442 5395 αὐτός
1463 5347 1477 5360 ο
1507 5349 1524 5381 ι
1552 5329 1769 5399 ’Ἥψατό
1793 5326 1896 5399 μού
1948 5343 2030 5387 τις
2049 5341 2061 5354 ’

469 5433 588 5504 ἐγὼ
608 5431 723 5501 γὰρ
757 5430 929 5498 ἔγνων
955 5425 1188 5496 δύναμιν
1219 5422 1542 5490 ἐξελθοῦσαν
1577 5422 1672 5474 ἀπ’
1700 5420 1858 5490 ἐμοῦ.
1890 5438 1909 5470 ι
1943 5419 2068 5471 Συν-

542 5596 591 5626 ⁸²
637 5591 830 5646 Matth.
866 5605 920 5651 tt,
953 5585 1008 5646 8.
1045 5585 1109 5648 9;
1137 5583 1266 5638 Luc.
1298 5597 1376 5641 ιχ.
1420 5583 1471 5635 1.

1548 5581 1594 5612 ⁸³
1631 5578 1792 5633 Joan.
1820 5593 1901 5642 ιιι,
1925 5577 2032 5636 54.,
2093 5574 2140 5607 ⁸⁵
2179 5575 2195 5629 l
2235 5575 2359 5629 Cor.
2399 5589 2495 5637 xu,
2524 5574 2677 5628 8-10.
2756 5575 2800 5605 "
2826 5573 3010 5629 Matth.
3038 5587 3134 5640 XII,
3164 5571 3254 5628 24.

465 5667 512 5698 ⁸⁷
549 5664 689 5720 Luc.
731 5676 788 5725 ι,
817 5644 917 5711 Πί
980 5644 1026 5688 ίδ
1055 5644 1184 5708 Luc.
1216 5668 1332 5718 vnt,
1361 5652 1452 5716 43,
1486 5651 1575 5704 44.
1656 5651 1700 5682 ⁸³
1737 5650 1865 5702 ibid.
1891 5647 1978 5711 45,
2013 5644 2100 5698 46.

2165 4594 2439 4662 proprium
2457 4593 2716 4663 Spiritum
2741 4594 2856 4647 sine
2878 4593 3060 4645 labore
3091 4590 3347 4644 miracula
3378 4590 3606 4657 perficit.
3636 4592 3741 4644 De-

2167 4688 2328 4754 nique
2353 4684 2438 4739 illa
2460 4684 2653 4737 mulier
2678 4699 2796 4752 quae
2816 4683 3094 4748 sanguinis
3118 4680 3264 4735 ﬂuxu
3290 4681 3591 4749 laborabat,
3620 4697 3742 4736 eum

2169 4778 2487 4832 accessisset
2513 4777 2649 4830 clam
2679 4791 2708 4828 a
2735 4786 2904 4842 tergo,
2932 4763 3071 4828 sicut
3098 4774 3358 4842 scriptum
3381 4773 3541 4837 est",
3568 4775 3745 4844 tetigit

2172 4869 2438 4922 limbriam
2467 4866 2767 4921 vestimenti
2798 4865 2914 4933 ejus
2947 4881 2960 4916 :
2989 4874 3042 4917 et
3077 4865 3335 4918 continuo
3369 4865 3518 4920 stetit
3566 4862 3746 4918 ﬂuxus

2171 4958 2449 5026 sanguinis
2491 4957 2627 5024 ejus.
2656 4959 2773 5023 Quo
2816 4956 3034 5026 cognito
3072 4956 3324 5011 Christus
3357 4973 3370 5009 :
3424 4975 3442 5008 t
3470 4955 3600 5023 Quis
3638 4971 3744 5019 tne,

2177 5050 2384 5117 inquit,
2435 5049 2657 5118 tetigit?
2705 5068 2724 5099 ι
2771 5061 3003 5118 cumque
3051 5049 3117 5102 ad
3167 5049 3218 5102 id
3275 5049 3521 5104 dicereut
3570 5051 3748 5105 saneti

2172 5141 2398 5209 apostoli
2428 5157 2441 5192 :
2480 5159 2496 5190 ι
2527 5141 2850 5210 Praeceptor,
2886 5141 3055 5202 vides,
3089 5140 3259 5194 turba:
3293 5150 3346 5194 te
3377 5140 3746 5207 comprimunt

2171 5243 2224 5284 et
2257 5232 2540 5301 alﬂigunt;
2579 5251 2597 5283 ι
2636 5247 2849 5286 rursum
2893 5232 3007 5299 ipse
3032 5231 3212 5284 dixit:
3251 5248 3270 5280 ι
3306 5231 3506 5299 Tetigit
3542 5246 3627 5283 me
3651 5229 3747 5281 ali-

2172 5326 2318 5393 quis.
2344 5339 2445 5390 ego
2474 5324 2617 5376 enim
2653 5323 2774 5376 novi
2808 5324 3061 5377 virtutem
3097 5337 3126 5374 a
3180 5336 3264 5375 me
3307 5322 3460 5374 exire
3498 5321 3562 5372 ⁵³.
3615 5339 3634 5371 ι
3673 5320 3749 5372 Ιιι-

2177 5416 2379 5485 telligis
2415 5429 2546 5484 ergo
2592 5415 3048 5485 quemadmodum
3099 5427 3204 5467 non
3246 5414 3352 5467 vim
3402 5413 3743 5467 extrinsecus

3341 5571 3388 5604 ⁸⁸
3416 5570 3548 5627 ibid.
3570 5569 3669 5629 27.

542 5819 621 5889 {1)
661 5818 730 5874 Et
762 5815 851 5871 hic
889 5813 1040 5869 locus
1068 5818 1253 5880 aperte
1283 5806 1524 5865 declarat
1551 5804 1810 5875 Spiritum
1837 5815 1901 5857 ex
1931 5799 2063 5853 Filio
2103 5799 2264 5853 etiam
2305 5794 2618 5865 procedere.
