4080 6422
451 312 557 370 175

1458 317 1515 373 S.
1558 315 1831 373 CYRILLI
1870 316 2000 370 ΛΜΞ

2106 313 2333 371 NDRINI
2373 317 2689 377 Αιιειιιειδ.
3599 326 3693 384 ΠΒ

446 428 700 493 ascitam,
730 431 824 485 sed
858 430 1185 487 intrinsecus
1209 441 1261 487 et
1287 447 1354 488 ex
1376 434 1555 503 seipse
1578 434 1768 489 habeat
1804 446 1859 490 ut
1890 448 2000 504 ope

2125 433 2227 497 ιεὶς
2269 433 2503 507 [συνίης]
2538 431 2631 489 οὖν
2679 436 2828 499 ὅπως
2876 436 2974 488 οὐκ
3026 437 3440 507 εἰσκεκριμένον
3482 439 3691 507 ἔξωθεν,

451 521 558 575 rari
592 529 645 575 et
671 520 881 575 emt-ere
916 523 1109 593 possit,
1143 533 1198 579 et
1227 524 1294 579 ab
1327 524 1732 580 infirmitatibus
1764 526 2019 582 liberare.

450 606 651 662 Scribit
679 611 844 664 etiam
871 612 1066 665 alicubi
1104 613 1296 668 beatus
1325 615 1661 682 evangelista
1689 614 1973 670 Matthznus
2005 633 2020 670 :

452 715 471 747 ι
518 699 580 753 Et
610 700 788 754 omnis
827 701 981 755 turba
1019 704 1297 771 qua'rehat
1333 719 1453 758 cum
1484 715 1728 772 tangere,
1752 706 1877 774 quia
1914 706 2024 760 vir-

448 803 535 845 tus
581 792 647 846 de
692 792 783 846 illo
825 793 1029 857 exibat,
1089 806 1144 849 ct
1194 797 1416 849 sanabat
1462 812 1650 849 onlnes
1707 797 1771 850 ‘°.
1807 815 1824 847 ι
1865 797 2024 867 100

447 876 633 935 Virtus
667 894 796 951 ergo
827 881 942 948 ejus
989 891 1075 937 est
1121 884 1237 949 ejus
1285 884 1567 952 Spiritus:
1613 885 1771 952 idque
1822 888 2022 939 contir-

448 980 559 1025 mat
588 970 780 1027 beatus
815 972 979 1026 David
1008 989 1129 1026 cum
1170 973 1301 1028 dicit
1330 991 1343 1026 :
1380 992 1398 1024 ι
1442 974 1615 1029 Verbo
1654 976 1862 1029 Domini
1895 976 2019 1031 σαιιί

449 1061 648 1116 firmati
695 1073 842 1130 sunt,
876 1074 929 1118 et
965 1063 1175 1132 Spiritu
1205 1065 1315 1118 oris
1365 1064 1480 1131 ejus
1511 1066 1687 1121 omnis
1722 1067 1892 1121 virtus
1923 1081 2019 1121 co-

448 1169 566 1207 rum
600 1154 666 1208 “.
718 1174 737 1207 ι
772 1154 847 1209 Os
884 1164 1063 1209 autem
1099 1154 1193 1209 Dei
1229 1170 1290 1209 ac
1340 1154 1518 1211 Patris
1553 1199 1567 1221 ,
1621 1159 1794 1226 ipsum
1848 1172 1913 1213 ex
1953 1173 2019 1214 eo

447 1244 683 1299 Verbum
736 1244 1011 1313 appellat,
1055 1246 1209 1315 cujus
1257 1245 1459 1316 Spiritu
1487 1288 1501 1313 ,
1548 1264 1667 1318 qua:
1706 1265 1800 1319 per
1841 1250 2016 1319 ipsum

444 1335 585 1389 facta
642 1332 807 1400 sttn't,
858 1339 1206 1391 continentur
1267 1348 1324 1390 ut
1374 1338 1696 1393 subsistant.
1746 1339 2018 1397 Hactenus

443 1424 605 1494 igitur
629 1425 737 1478 dixi
766 1425 1223 1494 quemadmodum
1252 1427 1473 1495 pietatis
1508 1432 1845 1500 mysterium,
1872 1433 2014 1501 quod

441 1516 542 1585 ipsi
578 1531 791 1585 quoque
841 1516 1181 1569 admirantur
1210 1519 1407 1589 angeli,
1466 1521 1532 1575 ad
1582 1522 1807 1575 nihilum
1851 1524 2016 1578 dedu-

440 1616 550 1673 cat,
587 1617 642 1662 et
692 1607 965 1678 negligens
997 1610 1244 1678 dogmata
1284 1611 1559 1678 veritatis,
1617 1625 1891 1681 extenuet,
1930 1617 2012 1670 di-

441 1713 607 1754 cens:
644 1716 663 1750 ι
692 1698 855 1753 Visne
879 1710 934 1754 et
960 1699 1118 1754 aliam
1150 1702 1215 1754 ad
1251 1702 1366 1757 haec
1387 1704 1705 1771 adjiciamus
1731 1703 2014 1762 Trinitatis

438 1791 848 1862 operationem?
891 1790 1220 1847 lnhabitavit
1251 1795 1421 1851 Filius
1462 1799 1513 1851 in
1544 1813 1771 1868 corpore
1810 1813 1825 1853 :
1858 1814 2007 1854 com-
2043 1792 2082 1846 Β

438 1883 713 1949 mendavit
748 1884 1080 1952 baptizatum
1141 1884 1341 1939 Pater:
1379 1886 1631 1942 formavit
1678 1890 1731 1943 iu
1784 1888 2005 1960 Virgine

436 1975 692 2047 Spiritus.
728 1995 747 2028 ι
793 1976 962 2031 Porro
993 1993 1115 2032 cum
1147 1979 1232 2034 bis
1261 1995 1381 2049 qua:
1406 1997 1435 2034 ει
1488 1983 1643 2037 nobis
1665 1984 1805 2039 dicta
1855 1995 2006 2051 sunt,

434 2083 731 2139 congruere
776 2069 1094 2139 veritatem,
1150 2087 1323 2142 neque
1376 2072 1639 2130 adversus
1673 2075 1789 2142 ejus
1843 2078 2004 2131 verba

434 2160 613 2215 [ictam
650 2175 748 2215 nos
778 2164 1150 2233 composuisse
1180 2164 1660 2230 declamationem,
1701 2168 1795 2221 sed
1848 2183 2008 2239 aper-

2128 528 2240 581 ἀλλ⁹
2275 530 2487 582 οἴκοθεν
2515 529 2744 599 ἔχεικαὶ
2771 528 2831 593 ἐξ
2856 529 3019 582 αὑτοῦ
3053 529 3112 582 τὸ
3144 531 3386 601 ἐνεργεῖν
3418 531 3689 598 δύνασθαι,

2126 621 2218 674 καὶ
2256 621 2622 675 ἀπαλλάττειν
2645 624 2904 694 ἀρρωστη
2915 623 3122 692 μάτων.
3151 622 3356 694 Γράφει
3387 623 3443 675 δέ
3479 641 3577 679 που
3607 629 3696 680 καὶ

2123 712 2152 764 6
2208 710 2479 783 μακάριος
2531 713 2924 782 εῦιιγγελιστὴς
2971 713 3282 777 Ματθαῖος·
3328 716 3486 767 «Καὶ
3525 720 3628 777 πᾶς
3668 723 3694 773 6

2123 803 2278 874 ὄχλος
2298 804 2480 874 ἐζήτει
2507 805 2773 858 ἅπτεσθαι
2801 803 2989 871 αὑτοῦ,
3011 806 3092 857 δτι
3121 805 3350 874 δύναμις
3385 811 3513 879 παρ’
3536 810 3695 864 αὐτοῦ

2123 896 2403 967 ἐξήρχετο,
2437 898 2533 951 καὶ
2566 899 2682 950 lito
2723 897 2950 960 πάντας.
2983 916 3000 949 ι
3028 898 3268 969 Δύναμις
3303 895 3395 952 οῦν
3429 900 3611 967 αὐτοῦ,
3640 902 3696 955 τὸ

2124 987 2354 1058 Πνεῦμα
2401 988 2595 1041 αὑτοῦ·
2650 989 2744 1041 καὶ
2779 987 3111 1041 πιστώσεται
3150 988 3325 1056 λέγων
3351 992 3378 1043 6
3419 989 3698 1055 Θεσπέσιος

2123 1079 2285 1131 Δαὸίδ
2305 1095 2318 1108 ⁸
2359 1098 2377 1130 ι
2416 1079 2506 1149 Τῷ
2533 1079 2676 1150 λόγῳ
2712 1080 2919 1149 Κυρίου
2943 1081 2990 1132 οί
3020 1072 3692 1151 οὖρανοῖὲστερεώθησαν,

2124 1168 2221 1221 καὶ
2275 1167 2353 1238 τῷ
2383 1167 2659 1238 Πνεῦματι
2684 1168 2777 1222 τοῦ
2810 1169 3076 1240 στόματος
3104 1168 3269 1222 αὑτοῦ
3303 1171 3453 1223 πᾶσα
3485 1173 3514 1242 ἡ
3543 1169 3698 1224 δύνα·

2125 1276 2219 1329 μις
2247 1259 2448 1312 αὐτῶν.
2485 1279 2503 1312 ι
2539 1260 2721 1330 Στόμα
2749 1260 2804 1312 δὲ
2836 1259 2929 1313 τοῦ
2967 1258 3103 1312 Θεοῦ
3139 1260 3233 1313 καὶ
3260 1260 3493 1331 Πατρὸς,
3524 1260 3613 1314 τὸν
3639 1258 3697 1328 ἐξ

2118 1351 2281 1404 αὑτοῦ
2335 1368 2469 1421 φησι
2520 1351 2724 1419 Λόγον,
2763 1344 2826 1404 οὗ
2878 1350 2957 1422 τῷ
2992 1350 3277 1421 Πνεῦμα-τι
3326 1351 3695 1422 διακρατεῖται

2120 1444 2255 1514 πρὸς
2282 1442 2535 1515 ὓπαρξιν,
2568 1446 2637 1499 τά
2674 1444 2741 1498 δι’
2782 1445 2947 1498 αὑτοῦ
2986 1447 3266 1515 γεγονότα.
3303 1446 3442 1515 Ἤδη
3480 1447 3577 1516 μὲν
3605 1444 3696 1501 οὖν

2117 1536 2255 1606 ἔφην
2289 1538 2371 1590 ὅτι
2410 1538 2508 1608 τῆς
2531 1537 2814 1602 εὐσεϐείας
2837 1538 2897 1591 τὸ
2927 1540 3244 1610 μυστήριον,
3279 1539 3306 1592 ὅ
3336 1539 3428 1591 καὶ
3453 1540 3583 1610 παρ’
3603 1541 3697 1593 αὑ-

2116 1630 2227 1692 τοῖς
2254 1627 2633 1699 τεθαύμασται
2665 1633 2781 1693 τοῖς
2812 1631 2987 1700 ἁγίοις
3031 1631 3305 1699 ἀγγέλοις,
3337 1632 3695 1703 κατακομίξει

2118 1720 2253 1789 πρὸς
2290 1721 2353 1774 τὸ
2382 1721 2568 1791 μηδὲν,
2602 1722 2699 1775 καὶ
2739 1722 2847 1775 τῶν
2879 1723 2959 1786 είς
2997 1722 3256 1793 ἀλήθειαν
3304 1723 3591 1791 δογμάτων
3635 1724 3695 1777 οὗ

2117 1810 2518 1881 πεφροντικὼς.
2556 1812 2987 1883 κατασμικρύνει
3014 1852 3028 1877 ,
3059 1814 3269 1883 λέγων·
3309 1833 3328 1867 ι
3366 1815 3553 1870 Βούλει
3604 1816 3697 1869 καὶ

2112 1900 2279 1971 ἄλλην
2329 1902 2423 1956 ἐπὶ
2463 1904 2677 1968 τούτοις
2726 1906 2911 1969 αὐτοῖς
2960 1906 3058 1975 τῆς
3106 1905 3339 1978 Τριάδος
3382 1908 3693 1977 ἐνέργειαν,

2125 1989 2432 2060 Ἐνῴκησεν
2454 1993 2481 2045 6
2509 1992 2635 2057 Υἱὸς
2659 1996 2715 2046 ὲν
2735 1993 2813 2064 τῷ
2836 1994 3075 2064 σώματι·
3106 1995 3435 2067 συνέστησεν
3456 1997 3486 2050 6
3506 1997 3695 2068 Πατὴρ

2110 2079 2508 2153 βαπτιζόμενον
2531 2101 2546 2116 ’
2574 2085 2864 2139 διέπλασεν
2909 2086 2967 2138 ἐν
3000 2086 3262 2159 Παρθένῳ
3282 2088 3343 2141 τὸ
3388 2087 3634 2160 Πνεῦμα.
3668 2106 3688 2142 ι

2108 2171 2232 2225 Ὀτι
2256 2173 2311 2227 δὲ
2337 2177 2452 2240 τοῖς
2483 2176 2617 2246 πρὸς
2646 2177 2804 2248 ἡμῶν
2827 2177 3140 2249 εἰρημένοις
3171 2179 3362 2249 ἕψεται
3383 2180 3449 2250 δὴ
3476 2181 3695 2246 πάντως

435 2258 543 2303 tam
591 2265 883 2320 veramque
943 2255 1375 2324 redargutionem
1412 2296 1428 2320 ,
1486 2257 1602 2327 ipse
1655 2260 2000 2329 perspicuum

2106 2261 2165 2314 τὸ
2190 2263 2410 2334 ἀληθὲς,
2454 2267 2549 2320 καὶ
2574 2268 2634 2320 οὐ
2667 2267 2828 2339 ψιλὴν
2870 2269 3357 2342 κατάρῤυσιῆῖσ.
3399 2272 3695 2344 κατάρρη-

431 2338 618 2403 facict,
648 2356 771 2395 cum
804 2342 929 2397 alibi
963 2344 1042 2399 sic
1076 2345 1222 2400 dicat
1249 2362 1265 2399 :

498 2605 737 2663 le'roa.
782 2608 984 2681 [Atque
1025 2613 1426 2682 cooperatiouis
1470 2614 1625 2683 hujus
1660 2617 1883 2674 evidens
1912 2630 1999 2675 cst

429 2702 805 2770 argumentum
835 2719 848 2754 :
876 2701 1044 2759 Filius
1064 2715 1143 2759 est
1169 2704 1345 2762 factus
1374 2709 1556 2771 homo,
1591 2707 1751 2763 Pater
1775 2710 1826 2764 in
1853 2711 1997 2764 thro-

429 2789 828 2858 nocollocavit,
858 2793 1092 2865 Spiritus
1122 2797 1291 2867 signis
1327 2797 1679 2871 hcttesla\'it.]

1090 2909 1238 2966 CAP.
1272 2909 1334 2966 ll.

496 3031 579 3087 An
608 3042 734 3084 vero
770 3026 999 3096 posthac
1045 3025 1284 3092 ambiget
1333 3024 1621 3095 quisquam
1645 3065 1659 3091 ,
1702 3030 2000 3084 sententia-

2108 2350 2213 2423 σιν]
2247 2354 2354 2407 τῶν
2372 2355 2535 2410 αὑτοῦ
2557 2357 2903 2428 πεποιήμεθα
2928 2357 3123 2428 λόγων,
3145 2359 3365 2431 ἔλεγχον
3389 2361 3448 2415 δὲ
3491 2362 3693 2433 μᾶλλον

2116 2444 2260 2516 σαφῆ
2292 2463 2353 2499 τε
2386 2446 2481 2501 καί
2516 2448 2715 2521 ἀληθῆ,
2749 2449 2999 2517 διαδείξει
3039 2450 3095 2505 δὲ
3126 2450 3238 2524 [ιον.
3266 2451 3356 2526 δὴ]
3387 2452 3564 2523 λέγων
3598 2454 3694 2509 αὑ-

2110 2535 2200 2599 τὸς
2220 2537 2277 2589 ὲν
2307 2538 2516 2609 ἑτέροις
2531 2540 2648 2595 ὡδί.

2173 2628 2318 2701 [Καὶ
2347 2633 2448 2704 τῆς
2477 2635 2850 2706 συνεργείαςή
2882 2636 3155 2703 ἀπόδειξις
3186 2638 3453 2711 πρόδηλος
3474 2656 3488 2669 ’
3519 2639 3548 2693 6
3571 2640 3692 2706 Υἱὸς

2107 2724 2553 2797 ὲνηνθρὼπησεν·
2613 2729 2642 2780 6
2694 2729 2884 2799 Πατὴρ
2940 2729 3296 2801 ἐνεθρόνησεο
3346 2731 3413 2788 τὸ
3466 2733 3693 2804 Πνεῦμα

2112 2816 2356 2886 σημείοις
2379 2818 2689 2892 ἐσέμνυνε]

2713 2933 2936 2987 ΚΕΦΑΛ
2949 2972 2963 2985 .
3008 2933 3081 2986 B’.

2179 3015 2304 3094 Ἆρ’
2350 3018 2445 3076 οὖν
2490 3023 2815 3078 ἐνδοιάσειεν
2864 3024 2930 3078 ἂν
2973 3024 3068 3078 καὶ
3104 3024 3246 3096 μετά
3274 3026 3438 3083 τοῦτό
3475 3046 3581 3095 τις,
3609 3030 3695 3085 ὅτι

426 3136 545 3177 rum
575 3119 693 3189 ejus
725 3118 1080 3172 intentionem
1111 3114 1179 3168 ad
1232 3115 1504 3170 inscitiam
1552 3118 1713 3171 simul
1755 3120 2000 3189 impieta-

2107 3113 2215 3168 τῶν
2246 3115 2465 3169 ἐννοιῶν
2493 3118 2521 3171 ὀ
2554 3116 2756 3180 σκοπὸς
2798 3115 2969 3186 αὐτῷ,
2995 3118 3131 3188 πρὸς
3164 3119 3413 3188 ἀμαθίαν
3443 3138 3507 3173 τε
3557 3121 3694 3194 ὁμοῦ

427 3224 643 3282 temque
670 3218 937 3281 spectare,
972 3216 1025 3261 et
1055 3206 1316 3261 adversus
1346 3208 1565 3275 pietatis
1598 3210 1847 3278 dogmata
1872 3226 1996 3266 eum

426 3305 685 3359 audacter
710 3298 1028 3368 insurgere?
1079 3298 1169 3367 qui
1222 3299 1363 3352 sicut
1410 3299 1581 3368 ipsum
1615 3298 1709 3356 Dei
1764 3304 1996 3359 Verbum

424 3406 546 3447 esse
568 3403 784 3447 carnem
809 3387 1009 3441 factum
1036 3387 1200 3440 stulte
1221 3387 1495 3455 rejiciens,
1520 3401 1801 3459 cperatum
1829 3393 1995 3450 fuisse

424 3487 502 3540 ait
531 3484 676 3538 illam
708 3478 1158 3535 inhabitationem
1184 3480 1235 3532 in
1274 3480 1524 3545 homine;
1571 3482 1642 3537 ita
1678 3500 1867 3541 rursus
1900 3502 1994 3542 ac-

423 3577 555 3646 cipit
586 3572 729 3644 quod
771 3571 931 3625 homo
954 3570 1129 3623 tactus
1155 3579 1236 3625 est
1272 3588 1285 3624 :
1317 3573 1562 3640 quamvis
1602 3574 1868 3633 universa:
1900 3593 1997 3648 per

423 3668 610 3725 orbem
639 3678 910 3733 terrarum
959 3673 1162 3717 sauctte
1206 3662 1485 3731 Ecclesiae,
1532 3675 1588 3721 et
1627 3667 1725 3739 ipsi
1775 3683 1996 3725 Venera-

422 3759 560 3815 biles
591 3757 780 3811 Patres
809 3756 899 3825 qui
942 3762 1105 3809 rectae
1130 3762 1185 3807 et
1228 3754 1587 3813 immaculata:
1633 3760 1756 3815 fidei
1797 3760 1994 3815 delini-

424 3853 625 3907 tionem
658 3849 811 3905 nobis
857 3847 1165 3911 ediderunt,
1220 3859 1411 3904 saneto
1434 3848 1638 3919 Spiritu
1684 3851 1736 3905 in
1783 3851 1863 3906 eis
1911 3851 1993 3905 Io-

422 3949 656 4011 quente,
711 3938 1050 3992 incarnatum
1081 3949 1202 3991 esse
1235 3946 1290 3991 et
1340 3938 1613 3993 hominem
1651 3939 1853 3993 factum
1900 3939 1990 3995 Dei

425 4031 680 4095 Verbum,
708 4044 813 4084 non
835 4028 980 4082 aliud
1007 4041 1130 4082 esse
1154 4027 1474 4100 intelligant,
1505 4031 1608 4084 nisi
1646 4028 1845 4085 factum
1872 4045 1994 4088 esse

421 4112 587 4177 nostri
618 4120 850 4175 similem
884 4119 1153 4173 hominem
1181 4159 1197 4182 .
1234 4130 1291 4176 et
1332 4121 1632 4175 secundum
1662 4136 1882 4175 carnem
1921 4138 1989 4178 ex

421 4211 649 4266 muliere
680 4217 884 4271 natum,
917 4210 1040 4276 quia
1074 4211 1352 4265 nobiscum
1389 4209 1565 4287 factus
1594 4220 1684 4264 est
1712 4211 1814 4265 sub
1852 4212 1988 4280 lege,

417 4302 507 4372 qui
542 4311 795 4368 tanquam
828 4298 967 4353 Deus
989 4309 1072 4355 est
1098 4314 1258 4369 supra
1287 4302 1483 4371 legem.
1520 4300 1786 4367 Quoniam
1835 4319 1985 4370 vero,

417 4404 475 4448 ut
504 4392 701 4461 saepius
737 4391 871 4456 dixi,
901 4390 952 4445 id
983 4392 1084 4460 ipsi
1117 4392 1452 4462 propositum
1478 4403 1583 4457 est,
1618 4403 1674 4448 ut
1702 4396 1985 4449 veritatem

2105 3207 2199 3259 καὶ⁵
2237 3207 2562 3278 ἀνοσιότητα
2607 3207 2833 3277 βλέπει,
2874 3209 2970 3262 καὶ
3007 3207 3115 3261 τῶν
3142 3208 3245 3279 τῆς
3283 3210 3579 3276 εὐσεϐείας
3606 3213 3689 3266 δο-

2104 3296 2331 3367 γμάτων
2361 3297 2870 3369 καταθρασύνεταις
2910 3298 3100 3369 ὥσπερ
3131 3298 3192 3352 τὸ
3220 3300 3485 3367 γενέσθαι
3517 3302 3698 3374 σάρκα

2101 3388 2192 3441 τὸν
2221 3387 2315 3442 τοῦ
2361 3387 2499 3442 Θεοῦ
2529 3389 2722 3456 Λόγον,
2754 3388 3030 3453 ἀσυνέτως
3068 3388 3336 3454 ὲκῦαλὼν,
3396 3392 3696 3463 ἐνεργῆσαί

2103 3496 2271 3550 φησιν
2300 3482 2379 3543 είς
2409 3480 2698 3551 ἄνθρωπον
2729 3480 2826 3551 τὴν
2849 3479 3142 3549 ἐνοίκησιν,
3174 3479 3318 3533 οὕτω
3341 3479 3418 3553 δὴ
3447 3482 3611 3535 πάλιν
3639 3482 3699 3536 τὸ

2101 3572 2513 3644 ὲνανθρωπῆσαι
2536 3573 2749 3643 δέχεται
2765 3588 2777 3600 ·
2795 3572 2975 3626 καίτοι
3004 3571 3114 3625 τῶν
3136 3571 3240 3626 sua;
3265 3573 3461 3627 πᾶσαν
3483 3573 3581 3644 τὴν
3609 3572 3697 3627 ὑπ’

2100 3663 2327 3733 οὐρανὸν
2362 3662 2532 3731 ἁγίων
2560 3662 2919 3733 Ἐκκλησιῶν,
2944 3663 3038 3715 καὶ
3066 3663 3246 3717 αὐτῶν
3268 3662 3325 3717 δὲ
3360 3665 3487 3719 τῶν
3529 3665 3701 3720 ἀοιδί-

2106 3772 2222 3824 μων
2247 3754 2591 3825 Πατέρων,οἳ
2625 3755 2717 3808 τὸν
2744 3755 2843 3824 τῆς
2871 3754 3033 3826 ὀρθῆς
3062 3770 3121 3806 τε
3142 3754 3237 3807 καὶ
3256 3753 3576 3827 ἀμωμήτου
3608 3756 3698 3809 πί-

2102 3860 2271 3908 στεως
2300 3844 2426 3915 ὅρον
2453 3845 2584 3915 ἡμῖν
2613 3842 2935 3915 ἐξήνεγκαν,
2967 3841 3255 3906 λαλοῦντος
3284 3845 3345 3897 εν
3377 3846 3568 3908 αὐτοῖς
3597 3843 3693 3898 τοῦ

2101 3935 2257 4004 ἁγίου
2292 3934 2631 4007 Πνεῦμα-τος,
2670 3934 2731 3988 τὸ
2773 3934 3124 4005 σαρκωθῆναί
3159 3951 3219 3988 τε
3268 3935 3368 3988 καὶ
3413 3937 3695 4008 ὲνανθρω-

2099 4027 2271 4098 πῆσαι
2299 4027 2389 4080 τὸν
2415 4026 2510 4079 τοῦ
2542 4025 2677 4079 Θεοῦ
2708 4026 2902 4094 Λόγον,
2930 4025 3083 4078 οὐδὲν
3112 4024 3299 4094 ιτερον
3339 4022 3489 4080 εἶναι
3515 4024 3698 4081 νοούν·

2095 4135 2225 4185 των,
2250 4116 2390 4188 πλὴν
2410 4118 2492 4171 δτι
2522 4117 2682 4187 μόνον
2703 4117 2763 4169 τὸ
2788 4116 3041 4183 γενέσθαι
3061 4114 3180 4168 καθ’
3210 4117 3356 4185 ἡμᾶς
3371 4117 3691 4188 ἄνθρωπον,

2098 4207 2466 4277 ἀποτεχθῆναί
2510 4224 2570 4261 τε
2610 4207 2750 4260 κατὰ
2794 4207 2977 4275 σάρκα
3017 4207 3082 4258 ὲκ
3123 4206 3408 4272 γυναικὸς,
3456 4207 3543 4259 ὅτι
3598 4207 3694 4259 καὶ

2095 4297 2286 4365 γέγονε
2323 4296 2441 4367 μεθ’
2468 4299 2500 4366 ἡ
2511 4296 2627 4366 μῶν
2659 4296 2763 4350 ὑπὸ
2791 4297 2974 4367 νόμον,
3001 4298 3029 4350 6
3068 4297 3207 4367 ὑπὲρ
3229 4296 3399 4366 νόμον
3426 4298 3505 4362 ὡς
3532 4298 3690 4362 Θεός.

2109 4392 2327 4463 Ἐπειδὴ
2364 4391 2423 4443 δὲ
2466 4392 2540 4453 ὡς
2580 4391 2679 4461 ἤδη
2718 4391 3037 4454 πλειστάκις
3084 4390 3244 4461 ἔφην,
3284 4391 3497 4455 σκοπὸς
3540 4388 3692 4461 α)τῷ

420 4485 675 4549 iutirmet,
714 4485 813 4537 hac
836 4484 902 4537 de
930 4498 1093 4537 causa
1122 4492 1175 4537 et
1196 4484 1413 4553 quidem
1444 4485 1701 4540 audacter
1725 4486 1875 4540 solus
1901 4503 1984 4541 re-

2106 4484 2396 4555 παραλύειν
2421 4484 2518 4555 τὴν
2539 4484 2815 4555 ἀλήθειαν,
2840 4484 3013 4556 ταύτῃ
3030 4499 3110 4537 τοι
3126 4482 3222 4536 καὶ
3244 4482 3397 4553 μάλα
3419 4482 3695 4547 νεανικῶς

421 4576 692 4639 luctatur,
744 4583 795 4628 et
843 4589 964 4627 cum
1017 4575 1258 4627 omnium
1315 4574 1582 4629 sententia
1630 4587 1882 4645 pugnat,
1936 4588 1990 4633 et

417 4669 681 4722 adversus
703 4662 1028 4719 iueﬂahilem
1066 4665 1293 4736 gloriam
1323 4679 1473 4717 arma
1503 4677 1718 4733 movet;
1759 4678 1814 4721 et
1838 4670 1983 4737 quod

421 4759 524 4826 ipsi
578 4756 788 4824 solique
825 4755 1003 4823 placet
1061 4753 1575 4824 veluhquisquiiias
1629 4760 1900 4825 quasdam
1934 4760 1987 4814 in

414 4847 509 4903 Dei
559 4846 833 4901 Ecclesias
890 4845 1145 4899 invehere
1221 4854 1500 4899 conatur:
1565 4847 1800 4904 aﬂirmat
1840 4851 1985 4905 enim

412 4939 548 4996 nihil
598 4938 742 4993 aliud
767 4952 891 4993 esse
941 4936 1388 4992 humanationem
1469 4938 1570 4993 nisi
1639 4941 1987 4999 iubabitatio—

415 5049 538 5087 nem
569 5051 594 5099 τ,
678 5046 782 5086 non
833 5029 979 5099 quod
1035 5028 1216 5082 carnis
1291 5034 1344 5079 et
1402 5032 1677 5096 sanguinis
1740 5036 1991 5090 similiter

409 5136 473 5177 ac
523 5134 624 5175 nos
670 5120 940 5190 particeps
977 5115 1091 5171 fieri
1153 5115 1382 5171 voluerit
1454 5119 1624 5189 ipsum
1685 5120 1776 5178 Dei
1827 5125 1980 5195 101

411 5211 648 5266 Verbum
702 5225 719 5275 ;
779 5206 988 5262 tametsi
1067 5209 1119 5259 in
1177 5209 1430 5265 omnibus
1481 5214 1686 5268 sanctis
1747 5217 1984 5271 homini-

407 5301 510 5357 bus
550 5299 841 5363 habitarit,
881 5305 937 5351 ct
975 5296 1151 5352 adhuc
1191 5298 1456 5355 inhabitet
1495 5303 1671 5372 ipsum
1710 5305 1977 5377 Verbum,

407 5391 576 5447 mtuet
608 5400 788 5445 autem
824 5388 897 5443 sit
928 5387 1126 5441 factum
1161 5388 1213 5442 in
1248 5390 1471 5457 nostris,
1498 5401 1555 5446 et
1585 5394 1735 5448 carni
1769 5398 1858 5449 uni
1894 5412 1979 5451 se-

406 5485 639 5536 cundum
678 5477 1010 5550 hypostasim
1044 5480 1547 5548 communicat-erit,
1584 5484 1635 5538 in
1671 5499 1776 5555 qua
1811 5490 1973 5542 etiam

407 5591 503 5643 pro
548 5576 702 5628 nobis
747 5582 991 5626 mortuus
1032 5587 1152 5628 esse
1198 5585 1254 5630 et
1298 5580 1683 5651 resurretisse
1710 5582 1974 5649 creditur,

475 5728 658 5786 “huc
674 5728 807 5787 Luc.
838 5746 914 5799 νι,
947 5733 1034 5789 t9.
1107 5735 1151 5769 ⁶¹
1181 5733 1323 5793 Psal.
1355 5752 1528 5805 χχχιι,
1555 5741 1608 5796 6.

2093 4576 2339 4647 ἀνταίρει
2390 4577 2587 4647 μόνος,
2635 4576 2727 4630 καὶ
2775 4578 2898 4639 ταῖς
2933 4576 3189 4629 ἁπάντων
3235 4572 3483 4643 μάχεται
3542 4576 3693 4643 γνώ-

2096 4685 2245 4740 μαις,
2263 4670 2355 4722 καὶ
2384 4670 2524 4722 κατὰ
2545 4668 2644 4738 τῆς
2671 4668 2910 4739 ἀρρήτου
2929 4666 3087 4737 δόξης
3112 4666 3179 4719 τὰ
3208 4665 3350 4719 ὅπλα
3376 4670 3562 4721 κινεῖ·
3596 4667 3695 4718 καὶ

2090 4761 2154 4814 τὸ
2202 4760 2352 4831 αὐτῷ
2406 4761 2502 4813 καὶ
2555 4760 2702 4831 μόνῳ
2752 4758 2966 4823 δοκοῦν,
3004 4757 3273 4828 συρφετὸν
3326 4756 3532 4829 ὥσπερ
3567 4758 3694 4811 τινὰ

2091 4853 2212 4915 ταῖς
2245 4850 2598 4920 Ἐκκλησίαις
2631 4848 2725 4902 τοῦ
2755 4848 2893 4903 Θεοῦ
2927 4850 3340 4922 παρεισκρίνειν
3368 4851 3659 4923 ἐπιχειρεῖ
3679 4864 3692 4877 ’

2088 4942 2481 5013 διῖσχυρίζεται
2532 4941 2639 5012 γὰρ
2676 4940 2951 5013 ἐνοίκησιν
2987 4937 3128 4994 εἶναι
3169 4941 3269 5011 τὴν
3320 4941 3696 5014 ὲνανθρώπη-

2090 5051 2210 5086 σιν*
2256 5034 2352 5087 καὶ
2397 5034 2517 5104 οὐχ).
2561 5033 2625 5103 δὴ
2663 5034 2863 5104 μᾶλλον
2888 5034 2969 5093 τὸ.
3019 5034 3249 5103 αἵματος
3296 5033 3400 5088 καὶ
3455 5034 3693 5105 σαρκὸς,

2088 5125 2486 5197 παραπλησίως
2536 5128 2672 5197 ἡμῖν
2725 5128 3019 5197 μετασχεῖν
3060 5124 3276 5178 ἑλέσθαι
3304 5124 3405 5178 τὸν
3451 5127 3522 5179 ὲκ
3551 5125 3693 5178 Θεοῦ

2086 5218 2259 5284 Λόγον
2280 5233 2294 5248 ⁸
2328 5218 2421 5271 καί
2447 5235 2528 5271 τοι
2556 5220 2690 5270 πᾶσι
2743 5219 2841 5288 μὲν
2884 5220 2995 5280 τοῖς
3031 5218 3208 5285 ἁγίοις
3237 5217 3601 5287 ἐνῳκηκότος
3633 5233 3694 5270 τε

2086 5311 2182 5363 καὶ
2212 5309 2546 5374 ἐνοικοῦντος
2572 5311 2652 5362 ἔτι
2675 5310 2768 5362 τοῦ
2800 5310 3005 5379 Λόγου·
3043 5307 3327 5378 γεγονότος
3357 5307 3419 5361 δὲ
3453 5306 3612 5373 ἅπαξ
3635 5311 3696 5361 ἐν

2086 5404 2200 5466 τοῖς
2235 5401 2354 5454 καθ’
2379 5404 2546 5473 ἡμᾶς,
2577 5402 2672 5456 καὶ
2703 5402 2867 5473 σαρκὶ
2894 5402 2994 5472 μιᾷ
3020 5399 3139 5455 καθ’
3163 5399 3474 5454 ὑπόστασιν
3507 5416 3697 5454 κεκοι-

2084 5493 2409 5564 νωνηκότος,
2442 5494 2564 5547 καθ’
2593 5495 2659 5565 ἣν
2688 5494 2784 5547 καὶ
2810 5492 2951 5563 ὑπὲρ
2978 5494 3010 5565 ὴ
3021 5491 3137 5563 μῶν
3163 5488 3471 5545 ἀποθανεῖν
3507 5507 3571 5544 τε
3596 5488 3695 5543 καὶ

2084 5584 2381 5659 ἐγηγέρθαι
2429 5574 2764 5655 πιστεύεται,
2797 5584 2959 5652 σαρκὶ
2992 5581 3260 5638 πέπονθεν
3291 5580 3607 5640 ἑκών.”’οτι
3634 5580 3695 5635 δὲ
