4080 6432
381 465 493 522 ΓΠ

1450 466 1833 523 ADVERSUS
1873 465 2278 523 NESTORlUM
2319 466 2447 522 LIB.
2494 464 2584 523 IV.

3569 462 3673 527 I78

381 586 481 641 καὶ
530 585 660 656 εἰκῆ
706 586 1087 659 παραρῤίπτει
1115 586 1327 656 λόγους,
1356 588 1452 641 καὶ
1497 590 1598 660 τῆς
1642 589 1753 641 τῶν
1799 586 1981 658 φωνῶι

2096 596 2287 666 sponte
2323 601 2487 642 carne
2522 599 2712 656 passus
2744 591 2846 641 est.
2880 585 3049 640 Porro
3082 582 3229 639 illum
3267 589 3473 640 temere
3505 587 3669 642 verba

381 679 623 743 ἀτοπίας
666 678 828 749 ὀλίγα
865 679 1266 749 πεφροντικὼς,
1309 679 1557 749 σημείοις
1592 679 1726 749 φησὶ
1761 682 1873 743 τοῖς
1900 679 1981 732 διὰ

2087 679 2318 750 jactare,
2344 687 2399 733 et
2423 678 2490 732 de
2515 693 2704 732 vocum
2731 677 3066 733 absurditate
3089 691 3278 746 parum
3305 691 3521 740 curare,
3547 691 3669 731 cum

380 767 852 841 τοῦ,Πνεύματος
884 770 1392 840 κατασεμνύνεσθαι
1425 770 1515 824 τὸν
1545 770 1800 842 Χριστὸν,
1833 771 1862 823 6
1893 787 1988 839 γεο

384 879 565 928 γονως
584 863 720 932 ἡμῖν
749 861 1003 932 ἔναγχος,
1031 862 1124 916 καὶ
1151 862 1415 934 διαρκῶς,
1446 861 1520 925 ὥς
1538 878 1600 931 γε
1619 856 1793 932 οἶμαι,
1818 860 1987 926 ἔδειξε

383 952 577 1020 λόγος’
622 952 1033 1023 βασανίζωμεν,
1065 956 1112 1006 εἰ
1140 953 1305 1018 δοκεῖ,
1333 954 1430 1017 τὰς
1460 953 1655 1024 ἑτέρας
1682 954 1847 1008 αὐτοῦ
1877 971 1987 1024 φω-

384 1050 507 1111 νᾶς.
538 1066 557 1099 ι
601 1048 662 1101 Ὀ
686 1048 900 1118 Πατὴρ,
935 1049 1091 1118 φησι,
1122 1047 1420 1117 συνέστησε
1439 1063 1452 1076 ·
1484 1065 1501 1098 ι
1529 1047 1590 1099 τὸ
1616 1047 1714 1116 μὲν
1731 1041 1844 1111 οὖν,
1866 1062 1989 1098 συν-

387 1139 647 1208 ἔστησεν,
677 1140 706 1192 ὅ
738 1139 790 1192 τί
817 1139 951 1192 ποτέ
998 1141 1147 1193 ἐστιν
1189 1141 1247 1192 ὲν
1286 1138 1495 1202 τούτοις
1537 1139 1639 1191 οὐκ
1689 1136 1755 1190 ἂν
1808 1136 1987 1208 ἔχοιμι

384 1230 561 1279 νοεῖν·
594 1228 693 1281 καὶ
718 1229 829 1299 γάρ
856 1229 1478 1299 ὲστινόμολογουμένως
1533 1230 1767 1299 ἀγοραῖα
1803 1245 1864 1281 τε
1892 1228 1986 1281 καὶ

384 1317 740 1389 ἀγυρτῶδης,
789 1319 883 1373 καὶ
926 1319 1216 1391 τερθρείας
1275 1320 1551 1391 ἰδιωτικῆς
1600 1320 1906 1392 ἀνάμεστος
1952 1320 1985 1389 ἡ

383 1410 546 1479 φωνὴ
567 1426 580 1437 ·
614 1409 757 1480 πλὴν
785 1406 940 1481 οἶμαι
961 1411 1158 1481 δηλοῦν
1197 1410 1406 1464 ἐθέλειν
1428 1413 1579 1478 αὐτὸ,
1598 1412 1679 1478 τὸ,
1699 1411 1982 1483 παρέθετο,

302 1544 317 1553 .
381 1499 529 1570 φέρε
558 1502 756 1563 εἰπεῖν,
787 1501 956 1569 ἤγουν
991 1501 1384 1572 μεμαρτύρηκε
1431 1502 1555 1565 Πῶς
1579 1498 1694 1567 οὖν,
1724 1502 1844 1555 εἰπέ
1872 1517 1982 1571 μοι,

384 1590 727 1659 συνέστησεν
755 1592 782 1644 6
812 1591 1025 1661 Πατὴρ,
1058 1593 1381 1661 ἐνοικήσεως
1410 1592 1558 1651 θείας
1592 1590 1982 1661 ἠξιωμένωηῆ

380 1680 552 1734 τοῦτο
584 1681 687 1752 μὲν
710 1681 913 1752 ἥκιστά
946 1700 1011 1749 γε
1033 1698 1047 1713 ·
1084 1682 1356 1747 κατέδειξε
1394 1682 1448 1734 δὲ
1486 1683 1685 1752 μᾶλλον
1723 1682 1986 1753 ὲνανθρω-

382 1773 645 1843 πήσαντα
674 1773 764 1825 τὸν
795 1774 924 1827 ἴδιον
945 1775 1095 1837 Υἱὺν,
1125 1775 1475 1844 μεμενηκὸτα
1504 1775 1560 1827 δὲ
1592 1774 1686 1827 καὶ
1712 1775 1769 1826 ὲν
1798 1775 1982 1840 σαρκὶ,

383 1862 539 1915 τοῦθ’
573 1864 715 1933 ὅπερ
758 1859 828 1934 ἦν
866 1880 950 1925 τε,
989 1865 1084 1917 καὶ
1121 1865 1255 1928 ¹ἔστι,
1293 1865 1387 1918 καί
1423 1864 1598 1926 ἔσται,
1632 1864 1766 1917 Θεὸν
1797 1866 1982 1935 δηλον-

2091 772 2244 836 dicit,
2266 772 2435 840 signis
2462 786 2557 841 per
2581 771 2843 839 Spiritum
2867 770 3026 824 editis
3050 769 3325 823 ltonestari
3352 768 3667 836 Christum;

2090 862 2336 931 proximo
2372 861 2636 932 superiori
2673 874 2924 915 sermone
2958 859 3114 920 satis.
3150 870 3208 913 ut
3240 860 3453 928 opinor,
3488 870 3671 914 osten-

2091 955 2267 1009 dimus
2306 970 2319 1005 :
2358 953 2540 1020 itaque
2576 952 2810 1021 reliquas
2845 951 2961 1021 ejus
2997 966 3188 1016 voces,
3221 951 3265 1005 si
3302 952 3508 1031 placet,
3541 967 3671 1007 exa-

2091 1041 2598 1110 minemus.«Pater,
2624 1043 3268 1112 inquit,commendavit;
3296 1062 3314 1095 ι
3348 1059 3412 1098 ac
3442 1045 3667 1099 verbum

2090 1138 2524 1202 commendandi,
2554 1138 2808 1207 quidnam
2837 1139 2939 1192 huc
2965 1139 3086 1193 loco
3112 1139 3202 1200 sit,
3234 1139 3536 1208 intelligere
3563 1156 3667 1193 non

2089 1242 2305 1296 possunt
2342 1245 2357 1280 :
2391 1242 2510 1280 nam
2546 1241 2607 1280 ea
2640 1243 2742 1280 vox
2773 1243 2803 1280 e
2839 1228 3028 1281 mediis
3066 1228 3319 1284 nundinis
3350 1238 3463 1292 est,
3496 1239 3550 1285 et
3578 1230 3671 1284 vili

2092 1319 2349 1373 concinne
2391 1331 2444 1372 et
2510 1318 2716 1389 plebeia
2777 1321 3065 1390 nugatioue
3108 1314 3300 1389 plena;
3347 1324 3442 1377 sed
3486 1331 3669 1377 tamen

2090 1419 2216 1477 puto
2247 1406 2580 1477 significare,
2612 1410 2881 1480 deposuit,
2911 1409 3062 1464 verbi
3085 1412 3279 1478 gratia,
3310 1411 3414 1476 vel,
3440 1421 3671 1467 testatus

2088 1508 2190 1555 est.
2231 1499 2508 1565 Quomodo
2551 1500 2733 1571 igitur,
2780 1516 2906 1571 rogo
2950 1512 3025 1568 te,
3065 1504 3468 1558 commendavit
3507 1504 3670 1558 Pater

2089 1590 2361 1644 hominem
2394 1591 2782 1647 inhabitatione
2809 1592 2988 1648 divina
3019 1594 3337 1667 diguatum?
3364 1611 3431 1649 an
3460 1610 3587 1651 vero
3615 1595 3670 1650 id

2088 1682 2333 1746 minime,
2361 1682 2453 1735 sed
2484 1684 2723 1738 ostendit
2754 1685 2933 1753 potius
2964 1687 3240 1756 proprium
3269 1684 3463 1739 Filium
3492 1686 3670 1741 homi-

2088 1786 2207 1824 nem
2254 1770 2484 1837 factum,
2529 1782 2836 1828 manentem
2884 1783 3058 1830 tamen
3104 1775 3268 1830 etiam
3312 1774 3365 1829 in
3412 1789 3576 1830 carne
3617 1775 3667 1841 id

2088 1860 2262 1928 ipsum
2304 1862 2444 1927 quod
2486 1871 2639 1924 erat,
2684 1871 2735 1917 et
2781 1872 2896 1928 est,
2939 1872 2993 1917 et
3041 1864 3175 1927 erit,
3223 1877 3417 1931 nempe
3463 1861 3669 1916 Deum?

386 1956 501 2008 ότι.
534 1932 793 2025 «Ἰησοῦς
838 1955 950 2028 γὰρ
989 1958 1224 2027 Χριστὸς
1265 1960 1292 2011 6
1340 1958 1487 2030 χθὲς,
1529 1959 1624 2012 καὶ
1671 1932 1929 2029 σήμερον,
1956 1960 1981 2010 6

2093 1970 2113 2005 ι
2144 1951 2301 2008 Jesus
2329 1954 2579 2008 Christus
2609 1954 2753 2007 enim
2787 1954 2899 2008 beri
2932 1962 2985 2007 et
3019 1952 3200 2019 hodie,
3230 1952 3374 2006 idem
3400 1960 3456 2006 et
3483 1952 3535 2005 in
3564 1966 3668 2006 sa:-

388 2047 556 2110 αύτδς
580 2047 677 2100 καὶ
706 2048 786 2110 εἰς
808 2048 935 2110 10b;
956 2049 1175 2112 αἰῶνας.
1202 2070 1219 2101 ι
1247 2051 1382 2120 Φέρε
1406 2050 1586 2103 τοίνυν
1613 2050 1710 2115 τὰς
1735 2050 1990 2123 έπάύτῷ

391 2139 949 2211 πολυπραγμονῶμεν
981 2142 1184 2210 φωνάς.
1217 2143 1283 2196 Τί
1317 2161 1483 2215 φησιν
1507 2146 1534 2197 6
1554 2145 1979 2217 εὐαγγελιστήςς

401 2248 425 2277 ι
450 2228 560 2281 Καὶ
585 2229 977 2301 ἐμαρτύρησεν
1001 2235 1029 2286 6
1055 2233 1308 2304 Ἰωάννης
1337 2235 1512 2304 λέγων
1530 2252 1542 2266 ·
1569 2238 1693 2290 Ὅτι
1716 2236 1984 2308 τεθέαμαι

401 2320 463 2370 τι
495 2318 710 2390 Πνεῦμα
746 2321 1083 2376 καταϐαῖνον
1124 2324 1257 2376 ὼσεί
1292 2326 1619 2398 περιστερὰν
1648 2327 1705 2393 ἐξ
1729 2328 1981 2398 ούρανοῦ,

400 2411 493 2463 καὶ
544 2412 704 2482 μένον
755 2412 845 2466 ἐπ’
874 2415 1065 2468 αὐτόν·
1116 2410 1267 2479 οὗτός
1316 2420 1464 2471 ἐστιν
1515 2421 1543 2472 6
1599 2418 1873 2488 βαπτίζων
1927 2422 1983 2473 ὲν

392 2500 676 2572 Πνεύματι
721 2504 902 2575 ἁγίῳ·
953 2505 1110 2575 κάγὼ
1160 2508 1382 2579 ἑώρακα
1430 2510 1524 2563 καὶ
1552 2512 1980 2584 μεμαρτύρηκα,

384 2594 472 2645 ὅτι
508 2588 667 2659 οὗτός
695 2598 844 2650 ἐστιν
869 2598 899 2650 6
931 2599 1060 2663 Υἱὸς
1085 2599 1177 2653 τοῦ
1207 2601 1364 2656 Θεοῦ.
1393 2623 1411 2655 ι
1442 2603 1540 2675 Εἴη
1576 2605 1673 2676 μὲν
1706 2605 1811 2676 γὰρ
1842 2609 1985 2659 οἰκο-

384 2683 635 2751 νομικῶς
680 2685 928 2753 ἁγιάσων
953 2687 1046 2741 τὸν
1080 2689 1353 2762 Ἰορδάνην
1387 2693 1415 2744 6
1443 2693 1647 2763 Κύριος
1676 2695 1834 2763 ἡμῶν
1878 2696 1983 2766 Ἰη-

380 2773 518 2839 σοῦς
544 2775 575 2826 6
604 2776 845 2848 Χριστός
865 2794 880 2810 ’
921 2779 1177 2850 κατηξίου
1205 2782 1261 2835 δὲ
1296 2784 1390 2837 σὺν
1436 2786 1569 2856 ἡμῖν
1602 2783 1980 2854 βαπτίζεσθαι,

375 2866 485 2936 τῆς
530 2867 679 2920 κατὰ
733 2870 916 2939 σάρκα
948 2872 1263 2942 οἰκονομίας
1307 2873 1368 2927 τὸ
1413 2877 1716 2947 μυστήριον
1756 2877 1843 2930 διὰ
1874 2876 1982 2931 τῶν

376 2958 523 3027 αότῇ
556 2959 881 3028 πρεπόντων
927 2962 1299 3035 διοικούμενος
1326 2966 1722 3036 τρόπων.’¹Εδει
1752 2958 1860 3039 γὰρ
1890 2968 1983 3022 ἄν·

375 3046 608 3117 ὃρωπον
647 3053 913 3119 γεγονότα
944 3053 1310 3121 γινώσκεσθαι
1343 3056 1435 3110 τὸν
1486 3060 1550 3110 ἐκ
1590 3057 1725 3111 Θεοῦ
1769 3060 1982 3132 Πατρδς

376 3140 558 3205 Λόγον
585 3158 600 3171 ·
630 3141 748 3194 ἀλλ’
776 3142 1101 3205 ἐϐαπτίζετο
1130 3145 1250 3216 μὲν,
1280 3147 1357 3211 ὡς
1384 3147 1688 3220 ἄνθρωπος,
1721 3150 1980 3217 ὲὸἀπτιζε

2086 2046 2203 2100 cnla
2227 2046 2291 2099 ".
2329 2065 2348 2098 ι
2377 2048 2487 2116 Age
2515 2046 2699 2114 igitur,
2727 2061 2885 2101 voces
2910 2045 2978 2099 de
3003 2059 3069 2099 eo
3092 2045 3266 2100 dictas
3293 2043 3661 2111 exquiramus.

2086 2136 2224 2203 Quid
2256 2152 2386 2205 ergo
2416 2139 2492 2190 ait
2519 2133 2882 2206 evangelista?
2918 2153 2936 2186 t
2976 2132 3043 2187 Et
3075 2132 3446 2188 testimonium
3479 2132 3666 2202 perhi-

2086 2229 2199 2283 buit
2230 2230 2480 2295 Joannes,
2531 2230 2753 2294 dicens,
2804 2246 2823 2280 ι
2856 2226 2977 2282 Vidi
3022 2225 3282 2296 Spiritum
3332 2223 3667 2279 descenden-

2089 2332 2193 2376 tem
2242 2322 2383 2377 sicut
2427 2321 2731 2376 columbam
2781 2335 2812 2376 e
2856 2319 3016 2385 caelo,
3062 2326 3119 2372 et
3159 2324 3467 2371 manentem
3499 2327 3666 2384 super

2085 2431 2207 2471 cum
2240 2433 2254 2470 :
2285 2415 2375 2469 hic
2404 2427 2487 2469 est
2515 2415 2607 2486 qui
2638 2414 2880 2483 baptizat
2911 2413 2963 2467 in
2998 2411 3203 2482 Spiritu
3235 2415 3459 2474 sancto;
3487 2416 3539 2461 et
3565 2419 3666 2477 ego

2088 2508 2216 2571 vidi,
2257 2516 2311 2562 et
2352 2507 2719 2562 testimonium
2763 2503 3037 2575 perhibui,
3078 2505 3206 2573 quia
3248 2500 3336 2555 hic
3374 2507 3459 2554 est
3497 2495 3666 2552 Filius

2089 2599 2178 2653 Dei
2203 2601 2267 2652 ⁸³.
2318 2618 2337 2651 ›
2380 2599 2500 2654 Ibat
2537 2600 2680 2653 enim
2721 2596 3113 2667 dispensatoria
3158 2594 3366 2648 ratione
3405 2589 3666 2645 Dominus

2084 2698 2269 2743 nuster
2297 2687 2454 2744 Jesus
2482 2688 2733 2743 Christus
2763 2694 2821 2741 ut
2847 2683 3137 2741 Iordanem
3170 2682 3561 2745 sanctilicaret,
3585 2678 3666 2733 di-

2084 2791 2387 2852 gnatusque
2413 2788 2496 2835 est
2522 2779 2784 2849 baptizari
2820 2777 3122 2842 nobiscum,
3155 2784 3213 2829 ut
3244 2772 3563 2846 mysterium
3597 2770 3664 2824 il-

2085 2868 2189 2929 lius
2215 2874 2510 2929 secundum
2536 2888 2758 2927 carnem
2786 2869 3206 2940 dispensationis
3232 2865 3405 2924 modis
3432 2864 3506 2920 illi
3535 2879 3664 2918 cou-

2085 2966 2427 3021 venientibus
2464 2972 2855 3034 exsequeretur
2894 2981 2908 3017 :
2944 2961 3228 3033 Oportebat
3263 2959 3406 3015 enim
3444 2966 3501 3011 ut
3533 2956 3664 3011 illud

2084 3074 2149 3113 ex
2184 3058 2295 3112 Deo
2328 3057 2489 3111 Patre
2516 3057 2750 3111 Verbum
2790 3054 3064 3108 hominem
3099 3066 3220 3106 esse
3256 3050 3453 3105 factum
3491 3062 3662 3119 agno-

2084 3158 2331 3205 sceretur
2362 3168 2374 3203 :
2405 3148 2496 3202 sed
2529 3147 2906 3215 baptizabatur
2933 3145 3150 3211 quidem
3181 3151 3240 3196 ut
3271 3143 3452 3205 homo,
3483 3140 3662 3208 bapti-

376 3230 437 3323 δὲ
461 3230 679 3323 Αθεῖκῶς
710 3235 766 3286 ὲν
797 3235 939 3305 ἁγίῳ
970 3236 1269 3305 Πνεύματι.
1312 3238 1423 3292 Καὶ
1451 3239 1512 3292 ού
1542 3240 1604 3311 δή
1644 3239 1745 3293 πού
1781 3258 1980 3313 φαμεν,

2088 3243 2245 3295 zahat
2275 3251 2451 3296 autem
2485 3250 2546 3294 ut
2582 3239 2719 3293 Deus
2754 3239 2804 3291 in
2841 3234 3045 3305 Spiritu
3081 3245 3292 3290 sancto.
3324 3231 3507 3302 Neque
3538 3247 3664 3286 vero

376 3321 413 3387 ἢ
450 3320 835 3392 ὑπουργικῶς,
869 3324 903 3394 ἢ
928 3324 1005 3389 ὡς
1037 3328 1169 3396 παρ’
1195 3328 1384 3399 ἑτέρου
1413 3328 1557 3393 τινὸς
1588 3332 1703 3395 τοῖς
1733 3330 1984 3400 βαπτιζο-

379 3416 575 3481 μένοις
610 3412 711 3484 τὴν
738 3413 833 3466 τοῦ
867 3415 1027 3484 ἁγίου
1052 3416 1367 3488 Πνεύματος
1393 3418 1694 3491 διηκονεῖτο
1724 3421 1941 3492 μέθεξιν
1963 3438 1977 3452 °

374 3501 641 3554 ἀπετέλει
669 3503 726 3556 δὲ
764 3505 965 3573 μᾶλλον
1009 3509 1398 3579 ἡγιασμένους,
1428 3511 1505 3574 ὡς
1535 3510 1697 3580 φύσει
1726 3513 1862 3576 Θεὸς
1893 3514 1981 3566 ὲν-

378 3593 489 3657 ιξὶς
518 3594 691 3657 αὐτὸς
715 3595 778 3660 ἐξ
808 3596 941 3651 ἰδίου
974 3599 1364 3670 πληρώματος.
1403 3603 1527 3666 Πῶς
1558 3599 1652 3657 οὖν
1682 3605 1982 3676 ἀφειδήσας

374 3685 494 3736 τῶν
533 3686 618 3750 εἰς
666 3685 940 3759 ὀρθότητα
987 3688 1186 3759 λόγων,
1216 3693 1313 3746 καὶ
1358 3694 1461 3764 μέν
1492 3710 1574 3748 τοι
1608 3696 1704 3748 καὶ
1736 3696 1981 3761 ἐννοιῶν,

376 3777 725 3847 ἑνηργῆσθαι
756 3779 864 3852 φὴς
896 3781 956 3834 ὲν
978 3781 1250 3855 ἀνθρώπῳ
1276 3783 1375 3856 τὴν
1400 3784 1675 3856 ἐνοίκησιν
1708 3786 1860 3858 παρὰ
1888 3786 1981 3841 τοῦ

375 3861 521 3915 Θεοῦ
552 3863 768 3931 Λόγου;
806 3868 984 3922 καίτοι
1027 3870 1301 3925 πλείστων
1334 3891 1393 3928 τε
1434 3874 1576 3928 ὅσων
1603 3875 1795 3944 ἁγίων,
1829 3876 1891 3931 ἐν
1918 3894 1981 3946 γε

375 3953 443 4023 δὴ
499 3954 691 4025 σφίσιν
734 3958 918 4023 αὐτοῖς
961 3961 1277 4033 ἐσχηκότων
1323 3964 1531 4021 ἔνοικον
1576 3967 1668 4034 τὸν
1702 3968 1813 4021 τῶν
1845 3969 1984 4024 ὅλων

376 4045 547 4098 Θεόν·
600 4046 970 4116 βαπτίσαντος
1012 4052 1082 4123 ἠδὲ
1136 4041 1350 4120 ούδενδς
1399 4057 1458 4111 ἐν
1507 4057 1622 4128 ἰδίῳ
1672 4059 1978 4131 πνεύματι,

380 4139 553 4207 ἧγουν
585 4140 790 4206 θεῖκῶς
816 4144 1100 4215 ἐνοικῆσαί
1126 4165 1266 4203 τισιν
1296 4152 1593 4222 εἰρημένου
1645 4155 1739 4208 καὶ
1768 4157 1980 4227 ἐνῳκη-

382 4230 571 4292 κότος·
599 4231 698 4284 καὶ
719 4233 883 4297 αὐτὸς
908 4237 938 4288 6
966 4237 1201 4306 Χριστὸς
1231 4241 1289 4292 ὲν
1317 4243 1451 4312 ἡμῖν
1474 4243 1754 4309 αὐλίζεται
1776 4245 1865 4300 διὰ
1885 4246 1982 4301 τοῦ

382 4321 544 4387 ἁγίου
578 4323 723 4375 Πνεύ
732 4341 924 4394 ματος,
947 4327 1086 4399 ὅπερ
1113 4330 1229 4382 ἐστὶ
1253 4331 1347 4386 καὶ
1370 4332 1500 4387 ἴδιον
1526 4334 1711 4401 αὑτοῦ,
1731 4336 1982 4411 καθάπερ

382 4416 581 4487 ἀμέλει
629 4417 727 4472 τοῦ
773 4419 910 4474 Θεοῦ
956 4422 1051 4475 καὶ¹
1099 4425 1346 4495 Πατρός;
1389 4428 1500 4482 Καὶ
1538 4429 1675 4499 πρός
1719 4447 1782 4499 γε
1826 4430 1984 4486 τοῦτο

383 4510 546 4578 ἡμᾶς
574 4511 811 4580 ἑμπεδοῖ
841 4512 1021 4583 λέγων
1046 4516 1207 4577 αὐτός
1224 4533 1238 4547 ·
1270 4519 1472 4574 (Ὅταν
1499 4520 1553 4573 δὲ
1593 4521 1720 4593 ἔλθῃ
1745 4523 1772 4574 6
1798 4522 1983 4596 Παρά-

2084 3331 2316 3385 dicimus
2349 3330 2432 3384 vel
2473 3344 2622 3383 more
2655 3326 3144 3390 subscrvientium,
3186 3322 3267 3376 vel
3304 3333 3561 3390 tanquam
3594 3320 3662 3374 ab

2085 3424 2191 3477 alio
2230 3423 2482 3493 quapiam
2529 3421 2767 3492 Spiritus
2807 3418 2981 3475 sancti
3022 3417 3493 3488 participationem
3535 3414 3663 3468 sul)-

2086 3515 2444 3580 ministrasse,
2488 3512 2582 3568 sed
2625 3513 2805 3583 potius
2851 3523 3102 3581 tanquam
3148 3524 3213 3565 ex
3258 3515 3449 3562 natura
3493 3505 3661 3561 Deum

2083 3620 2150 3659 ex
2179 3605 2507 3675 plenitudine
2537 3618 2635 3659 sua
2666 3602 3059 3665 inl'nmlentem,
3088 3601 3459 3657 sanetilicatos
3486 3597 3663 3653 reddi-
3753 3654 3771 3677 '

2084 3696 2248 3751 disse.
2274 3695 2383 3750 Cur
2404 3711 2535 3763 ergo
2566 3698 2726 3749 rectis
2752 3693 2930 3749 verbis
2955 3693 3350 3762 sententiisque
3376 3689 3663 3760 neglectis,

2084 3786 2326 3842 eﬂ‘ectam
2362 3801 2485 3849 esse
2517 3785 2719 3840 asseris
2756 3784 3205 3839 inhabitationem
3249 3784 3304 3838 in
3345 3781 3562 3837 homine
3593 3780 3662 3835 ab

2084 3879 2200 3948 ipso
2244 3878 2334 3933 Dei
2377 3876 2585 3944 Verbo;
2633 3874 2881 3946 quamvis
2919 3874 3304 3945 quamplurimi
3348 3871 3523 3928 sancti
3559 3870 3664 3926 viri

2085 3969 2479 4025 inhabitantem
2516 3968 2571 4022 in
2608 3982 2670 4023 se
2709 3968 2840 4037 ipsis
2873 3966 3162 4022 habuerint
3197 3964 3343 4019 illum
3382 3963 3665 4018 universo-

2083 4078 2201 4117 rum
2235 4061 2423 4124 Deum,
2452 4069 2507 4114 et
2532 4074 2598 4113 ex
2629 4058 2696 4114 iis
2726 4073 2888 4114 nemo
2918 4058 2970 4113 in
3002 4073 3101 4113 suo
3128 4057 3322 4126 spiritu
3353 4054 3667 4126 baptizavei

2085 4154 2184 4217 rit,
2221 4161 2310 4207 aut
2355 4153 2537 4206 divino
2580 4167 2728 4206 more
2770 4151 2823 4206 in
2864 4149 3136 4221 aliquibus
3175 4149 3528 4214 habitaverit,
3567 4155 3665 4201 aut

2084 4244 2421 4300 inhabitasse
2460 4243 2640 4299 dictus
2680 4243 2773 4311 sit,
2808 4257 2930 4296 cum
2971 4243 3085 4312 ipse
3125 4241 3378 4298 Christus
3414 4240 3570 4312 102
3608 4239 3662 4295 in

2085 4336 2242 4391 nobis
2284 4335 2490 4390 habitet
2529 4350 2626 4405 per
2662 4349 2910 4389 sanctum
2955 4333 3250 4404 Spiritum,
3288 4333 3378 4401 qui
3421 4340 3507 4387 est
3544 4330 3663 4398 ejus

2084 4440 2300 4496 quoque
2329 4426 2604 4495 proprius,
2637 4433 2697 4479 ut
2726 4424 2890 4480 etiam
2925 4425 3110 4495 procul
3139 4424 3303 4478 dubio
3332 4422 3427 4476 Dei
3461 4435 3526 4475 ac
3556 4418 3662 4474 Pa-

2088 4518 2223 4572 tris?
2245 4517 2311 4571 Et
2335 4518 2388 4571 in
2414 4518 2514 4572 hac
2536 4518 2800 4571 sententia
2831 4516 2946 4586 ipse
2974 4531 3071 4569 uos
3096 4516 3403 4577 conﬁrmat,
3431 4513 3616 4566 dicens
3643 4526 3660 4565 :

380 4599 608 4669 κλητος,
634 4600 695 4653 6v
744 4601 857 4670 ἐγὼ
907 4603 1111 4675 πέμψω
1149 4607 1278 4677 ύμῖν
1307 4609 1461 4681 παρὰ
1504 4611 1598 4664 τοῦ
1652 4613 1888 4683 Πατρὺς,
1919 4614 1980 4667 τὸ

2092 4628 2108 4661 ι
2137 4609 2271 4663 Cum
2296 4608 2507 4663 venerit
2536 4607 2868 4669 Paracletus,
2900 4622 3058 4676 quem
3087 4621 3188 4675 ego
3217 4605 3421 4658 mittam
3451 4603 3603 4656 vobis
3630 4617 3663 4657 ιι

380 4690 620 4761 Πνεῦμα
640 4692 737 4762 τῆς
774 4693 1054 4765 ἀληθείας,
1079 4696 1109 4749 6
1136 4698 1287 4769 παρὰ
1309 4698 1403 4753 τοῦ
1436 4701 1649 4773 Πατρδς
1680 4706 1976 4776 ἐκπορεύε-

378 4798 493 4847 ται,
525 4784 739 4846 ἐκεῖνος
786 4789 1130 4858 μαρτυρήσει
1166 4791 1295 4860 περὶ
1335 4792 1495 4860 ἐμοῦ.
1534 4792 1756 4863 ι”Αθρει
1785 4794 1850 4865 δὴ
1880 4790 1974 4849 οὗν

378 4873 534 4936 ὅπως
581 4874 649 4926 τὸ
696 4874 850 4944 παρὰ
879 4874 977 4928 τοῦ
1011 4876 1147 4931 Θεοῦ
1180 4880 1274 4932 καὶ
1303 4881 1518 4951 Πατρὸς
1543 4882 1979 4954 ἐκπορευόμενον

380 4965 642 5032 Πνεῦμα,
674 4966 838 5021 τοῦτο
863 4969 960 5022 καὶ
986 4966 1086 5039 τῆς
1113 4970 1370 5042 ἀληθείας
1405 4974 1534 5027 ἴδιον
1562 4969 1698 5029 εἶναι
1729 4976 1837 5048 φής
1866 4975 1975 5048 [ian

381 5055 600 5128 φησίν].
639 5058 816 5127 Αὑτρς
841 5058 900 5112 δέ
939 5077 1042 5113 που
1076 5061 1294 5126 πάντως
1321 5064 1469 5118 ἐστὶν
1502 5067 1535 5136 ἡ
1571 5065 1815 5138 ἀλήθεια.
1846 5064 1979 5122 Εἶτα

378 5148 524 5211 πῶς,
554 5148 721 5219 εἰπερ
771 5150 921 5203 ἐστὶν
966 5152 1185 5221 ἀληθῶς
1217 5155 1316 5209 οὐκ
1355 5157 1781 5228 ἐνανθρωπήσας
1821 5158 1976 5226 Θεὸς,

376 5238 679 5309 ἄνθρωπος
718 5240 778 5293 δὲ
815 5242 1036 5310 μᾶλλον,
1066 5244 1166 5315 τὴν
1207 5244 1355 5299 θείαν
1388 5248 1682 5318 ἐνοίκησιν,
1714 5250 1790 5314 ὡς
1825 5252 1978 5322 ἐνέρ-

375 5347 540 5399 γειαν
569 5330 735 5399 ἔχων,
755 5331 830 5394 ὼς
856 5332 985 5386 ίδιον
1014 5335 1236 5400 Πνεῦμα
1259 5338 1321 5390 τὸ
1345 5337 1439 5390 τοῦ
1468 5338 1602 5391 Θεοῦ
1632 5340 1724 5393 καὶ
1741 5342 1974 5412 Πατρδς,

374 5424 495 5483 τοῖς
520 5422 880 5477 πιστεύουσιν
915 5426 996 5488 εἰς
1033 5427 1197 5480 αὐτὸν
1231 5429 1612 5499 καταπέμψειν
1649 5432 1981 5501 ἐπαγγέλλε-

372 5528 505 5574 ται;
557 5509 724 5564 Ἀλλὰ
751 5511 883 5583 γὰρ,
911 5512 990 5576 ὡς
1032 5514 1188 5583 ἔφην,
1214 5517 1313 5587 τὴν
1346 5517 1441 5570 τοῦ
1491 5519 1792 5591 μυστηρίου
1821 5521 1977 5587 δόξαν

374 5604 668 5658 κατασείει
703 5604 843 5675 πρὸς
876 5606 939 5658 τὸ
971 5607 1162 5676 μηδὲν,
1193 5608 1432 5680 μερίζων
1459 5610 1650 5682 ὥσπερ
1676 5612 1776 5682 τῆς
1817 5613 1979 5682 ἁγίας

376 5695 615 5767 Τριάδος
641 5697 747 5766 τὴν
786 5697 879 5751 ἐπί
906 5714 1015 5751 τισι
1043 5699 1154 5753 τῶν
1181 5700 1476 5772 δρωμένων
1511 5703 1812 5775 ἐνέργειαν,
1849 5705 1978 5760 ἑκά-

2082 4698 2272 4765 Patre,
2306 4698 2541 4768 Spiritus
2570 4698 2843 4760 veritatis,
2881 4697 2969 4766 qui
3005 4711 3033 4749 a
3069 4696 3231 4750 Patre
3264 4693 3538 4764 procedit,
3571 4693 3663 4747 ille

2093 4780 2459 4848 testimonium
2493 4789 2802 4861 perbibebit
2830 4787 2899 4844 de
2926 4805 3011 4843 tne
3029 4787 3092 4841 ⁸⁸.
3128 4808 3145 4840 ι
3172 4788 3469 4844 Considera
3501 4786 3665 4857 igitur

2079 4885 2534 4956 quemadmodum
2570 4882 2830 4954 Spiritum
2865 4898 2893 4937 a
2930 4881 3043 4936 Deo
3073 4892 3127 4936 et
3164 4880 3324 4936 Patre
3361 4883 3661 4950 proceden-
3720 4928 3723 4931 .

2082 4984 2225 5040 tem,
2260 4975 2507 5030 eumdem
2542 4975 2705 5029 etiam
2742 4973 2985 5028 veritatis
3021 4973 3296 5043 proprium
3335 4985 3457 5026 esse
3491 4970 3659 5037 dicit;

2081 5067 2194 5137 ipse
2223 5069 2410 5121 autem
2457 5082 2680 5138 prorsus
2718 5077 2803 5122 est
2845 5067 3045 5120 veritas
3067 5062 3134 5118 ".
3177 5063 3339 5134 Atqui
3383 5063 3428 5119 si
3472 5077 3659 5118 revera

2081 5174 2187 5214 non
2222 5158 2360 5213 Deus
2393 5161 2555 5213 homo
2588 5158 2765 5216 factus
2792 5169 2903 5225 est,
2935 5158 3029 5213 sed
3064 5158 3225 5212 homo
3257 5156 3435 5227 potius
3463 5163 3550 5210 est
3578 5155 3657 5209 di-

2079 5251 2258 5305 vinam
2290 5250 2735 5306 inhabitatiuncm
2764 5261 3025 5321 tauquam
3054 5248 3424 5319 operationem
3448 5261 3554 5314 qua
3578 5243 3658 5298 di-

2080 5353 2236 5396 eatur
2290 5342 2517 5409 habens,
2551 5344 2821 5412 quomodo
2859 5343 2911 5397 in
2950 5358 3009 5396 se
3043 5339 3391 5396 credentibus
3430 5337 3521 5392 Dei
3560 5336 3662 5391 Pa-

2082 5433 2284 5500 trisque
2325 5432 2587 5502 Spiritum
2637 5445 2891 5504 tanquam
2937 5432 3213 5502 proprium
3259 5444 3319 5486 se
3364 5428 3659 5484 missurum

2079 5523 2401 5592 pollicetur?
2429 5523 2565 5589 Sed,
2598 5533 2656 5578 ut
2677 5524 2789 5592 jam
2818 5524 2958 5591 dixi,
2995 5523 3131 5578 tanti
3164 5521 3406 5593 mysterii
3441 5520 3655 5591 magni-

2080 5613 2321 5669 tudinem
2357 5615 2424 5670 ad
2459 5615 2688 5671 nihilum
2727 5616 2947 5687 dejicit,
2981 5615 3226 5671 dividens
3259 5612 3656 5683 quodammodo

2080 5721 2176 5777 per
2204 5708 2450 5780 quaedam
2482 5723 2645 5779 opera
2682 5709 2828 5764 illam
2866 5718 3072 5765 sanctae
3100 5705 3387 5764 Trinitatis
3418 5703 3657 5783 ellicienf

449 5872 496 5903 υ
527 5870 697 5929 llebr.
732 5889 868 5941 xm,
886 5872 939 5932 8.
1020 5875 1064 5908 ⁸³
1091 5866 1247 5932 Joau.
1275 5892 1312 5941 ι,
1345 5879 1542 5947 55,54.
1620 5879 1665 5914 ⁸⁵
1695 5878 1852 5937 .loan.
1898 5898 1981 5950 xv,

2085 5888 2108 5936 ί.
2189 5883 2234 5916 ⁸⁸
2258 5881 2413 5939 .loan.
2451 5897 2560 5951 uv,
2592 5884 2644 5938 6.
