4080 6422
478 416 582 473 179

1519 413 1581 476 s.
1623 411 1899 470 CYRiLLI
1938 411 2411 471 ALEXANDNNI
2453 411 2773 469 Attcmsr.
2887 376 2891 381 ”
3645 411 3739 468 tau

478 531 633 597 tiam,
671 536 721 586 et
765 528 961 598 cuique
999 526 1276 599 hypostasi
1320 526 1574 594 privatim
1622 528 1885 591 tribuens,
1923 526 2060 594 quod

2175 541 2278 597 στῃ
2308 542 2367 579 τε
2405 525 2513 579 τῶν
2546 523 2896 578 ὑποστάσεων
2929 518 3219 591 ἀπονέμων
3252 517 3455 581 ίδικῶς,
3486 518 3514 572 6
3553 521 3625 593 μὴ
3652 524 3740 583 πέ-

479 639 585 675 non
630 621 759 676 fecit
803 620 995 676 altera.
1039 620 1248 675 Rursus
1289 621 1361 674 ita
1403 621 1539 673 dixit
1576 637 1589 673 :
1631 617 1823 690 [Filius
1862 617 2056 685 elegit;

484 732 499 759 ε
536 711 645 778 Ego
671 711 838 774 enim,
866 709 1064 778 inquit,
1092 725 1191 763 vos
1220 709 1377 778 elegi.
1414 729 1432 761 ι
1466 708 1625 763 Pater
1649 706 2011 763 sanctiﬁcavit
2040 725 2054 761 :

481 802 713 868 Spiritus
735 799 912 855 ell'ecit
935 799 1230 873 oratores]
1253 800 1297 855 Ο
1322 800 1667 855 immodicam
1694 809 1884 854 emota:
1910 814 2059 853 men-

480 891 549 943 tis
586 891 887 944 insaniam!
928 890 984 944 Si
1019 890 1199 945 omnia
1239 890 1376 946 facta
1415 902 1543 946 sunt
1578 906 1608 944 a
1644 890 1805 945 Patre
1840 905 1934 959 per
1967 890 2059 945 Fi-

478 982 607 1033 lium
642 983 695 1035 in
730 981 971 1052 Spiritu,
1002 997 1179 1052 neque
1208 983 1409 1052 aliquid
1446 981 1562 1036 ﬁeri
1597 983 1861 1051 contingit
1892 999 1920 1036 a
1950 982 2060 1038 Deo

477 1083 530 1123 rt
559 1070 741 1138 Patre,
773 1072 874 1127 nisi
905 1073 1008 1127 hoc
1037 1072 1156 1141 ipso
1185 1074 1364 1140 modo,
1390 1072 1480 1141 qui
1512 1072 1628 1126 ﬁeri
1659 1081 1837 1141 potest
1864 1082 1922 1127 ttt
1952 1089 2057 1127 non

476 1164 543 1217 sit
579 1164 739 1233 plane
764 1163 1039 1233 stupidus,
1065 1164 1155 1233 qui
1185 1164 1507 1218 immortalis
1540 1164 1682 1218 illius
1708 1173 1764 1218 et
1792 1165 1951 1218 unius
1978 1163 2059 1218 di-

477 1257 725 1311 vinilatis
752 1256 1075 1325 quibusdam
1106 1255 1158 1310 in
1190 1257 1350 1310 rebus
1377 1255 1725 1325 operationes
1754 1255 2059 1326 bypostasi-

2167 636 2378 690 πραχεν
2411 621 2444 691 ή
2481 619 2664 686 ἑτέρα.
2689 616 2858 669 Πάλιν
2884 608 2986 668 ὧδέ
3015 612 3275 683 φησιν”Ο
3302 611 3428 675 Υίδς
3448 612 3741 679 ἐξελέξατο·

2168 710 2353 779 «Ἐγὼ
2406 712 2538 782 γὰρ,
2586 707 2772 780 φησὶν,
2815 708 2960 777 ὑμᾶς
3011 703 3376 773 ἐξελεξάμην·
3410 723 3429 754 ι
3484 705 3513 756 6
3562 705 3745 777 Πατὴρ

2162 805 2395 878 ήγίασε·
2446 801 2510 855 τδ
2555 799 2780 870 Πνεῦμα
2828 797 3199 853 κατεσκεύασε
3250 796 3597 867 ρήτορας.“Ω
3648 798 3744 867 τῆς

2164 898 2407 968 ἀμέτρου
2445 891 2887 964 φρενοϐλαϐείας.
2925 891 2989 943 El
3025 889 3205 943 πάντα
3236 886 3430 956 γέγονε
3467 888 3617 957 παρά
3652 888 3744 941 τοῦ

2166 987 2378 1057 Πατρδς
2416 986 2482 1039 δι’
2518 984 2647 1043 Υίοῦ
2679 985 2736 1036 ὲν
2775 981 3077 1049 Πνεύματι,
3111 980 3211 1037 καὶ
3239 981 3339 1031 οὐκ
3383 978 3449 1033 ἀν
3484 997 3534 1031 τι
3576 978 3746 1051 δρῷτο

2167 1079 2323 1150 παρά
2364 1076 2460 1131 τοῦ
2503 1075 2639 1129 θεοῦ
2684 1075 2779 1129 καί¹
2824 1072 3060 1143 Πατρὸς,
3098 1071 3240 1141 πλὴν
3268 1071 3351 1123 ὅτι
3395 1068 3535 1131 κατά
3566 1071 3746 1127 τοῦτον

2165 1172 2328 1231 αὑτὸν
2356 1169 2448 1223 τὸν
2486 1168 2710 1241 τρόπον,
2738 1166 2857 1230 πῶς
2890 1166 2996 1219 οὐκ
3038 1164 3391 1234 ἀπόπληκτος
3430 1163 3516 1233 sit;
3558 1162 3624 1216 ἂν
3653 1162 3746 1220 καὶ

2163 1266 2309 1338 μάλα
2333 1264 2579 1327 εἰκότως,
2601 1264 2632 1317 6
2653 1263 2771 1324 ταῖς
2800 1258 3131 1319 ὑποστάσεσι
3154 1255 3540 1326 καταμερίζων
3565 1254 3746 1318 ίδικῶς

476 1348 579 1402 bus
616 1347 868 1418 privatim
905 1362 969 1401 ac
1005 1348 1224 1417 proprie
1261 1346 1590 1416 impertitnr,
1627 1362 1727 1401 nec
1759 1347 1938 1415 potius
1975 1344 2056 1399 af-

2164 1355 2259 1418 τάς
2288 1352 2378 1407 ὲπί
2410 1353 2474 1421 γέ
2500 1367 2641 1404 τισιν
2671 1348 2970 1420 ἐνεργείας,
3005 1346 3108 1416 τῆς
3154 1344 3437 1417 ἀκηράτου
3483 1343 3575 1396 καὶ
3619 1345 3745 1413 μιᾶς

478 1440 661 1493 ﬁrmat
690 1438 902 1511 singula
934 1455 1052 1509 qua:
1084 1448 1371 1509 geruntur,
1399 1454 1429 1493 a
1463 1438 1625 1494 Patre
1653 1454 1746 1507 per
1776 1437 1971 1493 Filium
2007 1439 2058 1492 in

2164 1443 2413 1513 θεότητος
2432 1453 2445 1468 ⁸
2484 1439 2575 1494 καί⁵
2611 1439 2731 1509 οὐκὶ
2751 1439 2814 1511 δὴ
2852 1437 3052 1509 μᾶλλον
3079 1435 3289 1489 ἕκαστα
3324 1434 3435 1486 τῶν
3455 1432 3746 1503 δρωμένων

479 1531 684 1600 Spiritui
719 1545 840 1586 esse
873 1530 1057 1585 facta?
1089 1530 1223 1585 Nam
1258 1531 1303 1586 si
1339 1540 1424 1586 est
1456 1529 1627 1585 Filius
1658 1540 1712 1585 et
1746 1530 2056 1594 consilium,

2164 1531 2474 1606 πεπρᾶχθαι
2507 1529 2989 1599 διαϐεϐαιούμενος
3024 1527 3176 1599 παρά
3198 1524 3415 1596 Πατρός
3440 1524 3507 1577 δι’
3541 1522 3667 1577 Υίοῦ
3691 1525 3747 1584 ὲν

476 1631 529 1672 et
558 1620 846 1688 sapientia,
871 1630 924 1675 ct
948 1621 1118 1675 virtus
1145 1618 1323 1675 Patris
1343 1621 1411 1686 “,
1441 1636 1665 1692 prorsus
1689 1621 1871 1676 omnia
1900 1619 2060 1676 Pater

2164 1624 2477 1695 Πνεύματι;
2512 1623 2577 1677 Εἰ
2606 1622 2715 1690 γάρ
2746 1622 2893 1673 ἐστιν
2929 1621 2961 1673 6
2995 1618 3125 1681 Υίὺς
3152 1617 3247 1670 καί⁸
3279 1614 3448 1686 βουλὴ
3470 1614 3564 1668 καὶ
3593 1613 3749 1683 σοφία

477 1728 575 1780 per
606 1712 803 1767 Filium
838 1723 1096 1783 tanquam
1128 1729 1224 1784 per
1253 1713 1535 1768 consilium
1568 1722 1621 1769 et
1652 1714 1973 1780 sapientiam
2006 1720 2060 1767 et

2164 1716 2256 1770 καὶ
2289 1715 2517 1787 δύναμις
2546 1712 2637 1766 τοῦ
2677 1712 2907 1783 Πατρὺς,
2946 1709 3127 1767 πάντα
3155 1725 3259 1765 που
3295 1707 3537 1769 πάντως,
3564 1704 3638 1767 ὡς
3664 1702 3750 1757 διὰ

476 1804 736 1857 virtutem
776 1804 1112 1873 operabitur.
1142 1802 1233 1858 Sic
1266 1805 1594 1874 Optimornm
1632 1804 1814 1859 habita
1851 1805 2060 1858 ratione

2164 1807 2358 1878 βουλῆς
2385 1806 2481 1860 καὶ
2513 1804 2703 1875 σοφίας
2734 1804 2827 1856 καὶ
2856 1801 3141 1871 δυνάμεως
3173 1800 3202 1851 6
3237 1796 3425 1867 Πατὴρ
3458 1795 3750 1867 ἐργάσεται

479 1893 771 1962 cli~cipulos
798 1892 980 1964 elegit,
1010 1893 1089 1948 sic
1109 1893 1219 1961 jam
1252 1892 1454 1949 electos
1480 1893 1710 1948 dicimus
1741 1892 1907 1948 fuisse
1933 1908 2059 1947 san-

2164 1904 2226 1957 δι⁹
2253 1901 2404 1955 Υίοῦ.
2431 1899 2617 1963 Οῦτως
2663 1896 2924 1969 ἁριστίνδ⁹
2971 1894 3306 1955 ἀπολέκτους
3351 1892 3591 1943 ἐποιεῖτο
3628 1891 3752 1953 τοὺς

480 1984 769 2049 ctiﬁcatos,
796 1984 874 2038 sic
902 1984 1072 2039 factos
1096 1994 1364 2048 oratores,
1393 1994 1650 2053 tanquam
1679 1999 1744 2037 ex
1774 1998 1879 2037 una
1907 1982 2059 2035 vide-

2165 1992 2412 2066 μαθητάς
2429 2006 2442 2020 ’
2472 1990 2644 2054 οὕτως
2673 1986 2935 2058 ἡγιάσθαι
2956 1985 3141 2055 φαμὲν
3158 1983 3283 2046 toi»;
3306 1981 3746 2051 ἐξειλεγμένους

478 2075 604 2132 licet
631 2075 863 2139 deitate,
889 2089 918 2129 a
946 2074 1111 2131 Patre
1137 2090 1232 2144 per
1253 2074 1448 2129 Filium
1479 2075 1530 2129 in
1561 2074 1788 2144 Spiritu.
1824 2092 1843 2125 ι
1877 2072 2057 2140 Pater,

2164 2085 2304 2139 οὓτω
2330 2081 2658 2154 γεγενῆσθαι
2691 2081 2948 2152 ῥήτορας,
2979 2077 3055 2140 ὡς
3089 2078 3152 2130 ὲκ
3190 2077 3317 2145 μιᾶς
3353 2072 3605 2144 δηλονότι
3635 2071 3754 2127 θεά-

479 2169 684 2236 inquit,
729 2177 945 2235 sancte,
990 2168 1269 2224 sanetilica
1323 2168 1443 2223 illos
1494 2167 1546 2222 in
1591 2167 1821 2220 veritate
1870 2175 1980 2221 tua.
2033 2184 2053 2217 ι

2164 2195 2343 2249 τητος,
2372 2175 2523 2247 παρά
2553 2172 2766 2244 Πατρδς
2810 2171 2877 2225 δι’
2906 2168 3038 2223 Υίοῦ
3079 2171 3138 2222 ὲν
3180 2167 3486 2238 Πνεύματι.
3526 2185 3544 2217 t
3578 2165 3756 2235 Πάτερ

479 2259 798 2315 Sauctiﬂcat
830 2276 962 2332 ergo
999 2260 1113 2332 ipsa
1146 2259 1381 2326 Veritas,
1420 2261 1522 2315 hoc
1555 2269 1657 2322 est,
1696 2257 1867 2312 Filius
1903 2274 1919 2314 :
1957 2258 2059 2311 im-

2164 2270 2270 2340 γάρ
2300 2258 2447 2334 ἅγιε,
2473 2266 2662 2337 φησὶν,
2685 2263 2910 2332 ἁγίασον
2936 2262 3135 2324 αὐτοὺς
3166 2260 3228 2312 ἐν
3246 2261 3312 2330 τῇ
3336 2257 3568 2329 ἀληθείᾳ
3597 2273 3704 2309 σου.
3731 2272 3749 2306 ι

480 2350 646 2403 mittit
688 2350 852 2409 etiam
895 2361 1146 2405 sanctum
1189 2349 1451 2419 Spiritum
1499 2349 1770 2413 similiter,
1806 2358 1860 2403 et
1897 2347 2060 2401 ellicit

2173 2360 2414 2430 Ἀγιάζει
2453 2360 2633 2412 τοίνυν
2661 2359 2695 2428 ἡ
2736 2355 2986 2425 ἀλήθεια,
3022 2351 3299 2406 τουτέστιν
3330 2354 3359 2403 6
3388 2349 3520 2414 Υἱός
3541 2365 3554 2379 ο
3587 2347 3757 2417 ἐνίησι

480 2444 785 2510 sapientes,
819 2456 883 2498 ac
916 2458 1011 2512 per
1043 2442 1217 2498 sancti
1255 2439 1489 2510 Spiritus
1522 2440 1892 2511 operationem
1932 2438 2060 2493 reli-

2164 2454 2217 2507 δὲ
2248 2454 2342 2507 καὶ
2367 2433 2568 2523 ὁμοίως
2598 2450 2692 2503 καὶ
2722 2446 3014 2515 ἀποφαίνει
3050 2444 3270 2512 σοφοὺς,
3304 2443 3401 2496 καὶ
3431 2441 3522 2494 διὰ
3544 2439 3640 2511 τῆς
3665 2437 3756 2492 τοῦ

479 2533 630 2600 giuse
658 2533 992 2603 eloquentes.
1025 2533 1209 2603 Itaque
1241 2533 1293 2587 in
1329 2532 1567 2587 Matthmi
1600 2531 1892 2601 Evangelia
1924 2530 2059 2585 dixit

2164 2546 2317 2614 ἀγίου
2350 2543 2664 2613 Πνεύματος
2712 2538 2823 2611 [ἷσ.
2852 2537 2913 2590 τὺ
2958 2537 3112 2605 ἅγιον
3140 2534 3392 2607 Πνεῦμα]
3455 2532 3754 2604 ἐνεργείας,

2160 2635 2424 2704 θεοφιλῶς
2461 2628 3034 2702 κατεγλωττισμένους
3084 2626 3213 2699 [ίσ.
3249 2623 3760 2695 κατευγλωττισμέν

2162 2728 2490 2801 νους].Ἔφη
2517 2725 2647 2795 γοῦν
2684 2727 2742 2778 ὲν
2777 2723 2877 2794 μὲν
2906 2724 2974 2794 τῇ
3013 2720 3108 2775 τοῦ
3135 2719 3421 2775 Ματθαίου
3465 2718 3756 2787 συγγραφῇ

2163 2821 2300 2893 πρὸς
2327 2821 2452 2884 τοὺς
2483 2817 2680 2873 ἑαυτοῦ
2715 2814 2987 2888 μαθητὰς,
3033 2834 3050 2866 ι
3076 2814 3247 2867 Ὅταν
3285 2812 3343 2865 δὲ
3391 2809 3759 2882 παραδίδωσιν

2154 2907 2274 2982 [tua
2312 2908 2711 2984 παραδιδῶσιν]
2763 2909 2940 2979 ὑμᾶς,
2981 2906 3054 2977 μὴ
3102 2904 3488 2977 μεριμνήσητε
3540 2901 3680 2965 πῶς,
3724 2898 3757 2969 ﬁ

2161 3006 2215 3060 τί
2243 3005 2547 3079 λαλήσητεο
2583 3003 2868 3075 δοθήσεται
2900 3002 3010 3071 γάρ
3041 3001 3169 3070 ὑμῖν
3206 3000 3264 3051 ὲν
3301 2999 3495 3067 ἐκείνῃ
3526 2999 3594 3067 τῇ
3620 2993 3757 3064 ὥρᾳ,

2162 3101 2217 3155 τί
2247 3099 2544 3170 λαλήσετε’
2577 3098 2636 3152 ού
2672 3096 2781 3167 γὰρ
2812 3095 2968 3165 ὑμεῖς
3014 3096 3139 3146 ἐστε
3180 3095 3230 3145 oi
3277 3089 3599 3152 λαλοῦντες,
3628 3084 3760 3140 ἀλλά

2089 3227 2130 3283 C
2164 3190 2224 3247 τὸ
2272 3191 2497 3262 Πνεῦμα
2541 3188 2634 3244 τοῦ
2683 3187 2895 3259 Πατρὸς
2941 3184 3095 3257 ὑμῶν
3136 3183 3198 3283 τό
3240 3182 3444 3283 λαλοῦν
3471 3182 3531 3235 ὲν
3557 3181 3704 3249 ύμῖν.
3735 3195 3755 3227 ι

2166 3283 2265 3336 Διά
2296 3283 2353 3337 δέ
2391 3300 2454 3350 γε
2498 3282 2593 3351 τῆς
2626 3278 2721 3333 τοῦ
2755 3279 2968 3332 Λουκᾶ·
3003 3295 3020 3328 ι
3051 3275 3222 3329 Θέσθε
3252 3270 3347 3327 οὖν
3388 3275 3447 3327 ὲν
3476 3276 3599 3340 ταῖς
3626 3285 3761 3341 καρ-

2164 3374 2304 3438 δίαις
2338 3370 2494 3445 ὑμῶν
2545 3370 2620 3443 μὴ
2652 3370 2991 3443 προμελετᾷν
3031 3366 3446 3437 ἀπολογηθῆναι
3469 3383 3484 3397 °
3517 3363 3628 3433 ἐγὼ
3660 3362 3767 3431 γὰρ

2165 3465 2321 3519 δώσω
2352 3466 2479 3535 ὑμῖν
2509 3465 2685 3534 στόμα
2726 3464 2821 3517 καὶ
2858 3461 3072 3529 σοφίαν,
3167 3461 3229 3513 ού
3273 3459 3611 3532 δυνήσονται
3644 3457 3766 3510 ἀντ-

2164 3559 2362 3622 ειπεῖν,
2394 3557 2427 3629 ἢ
2464 3558 2783 3627 ἀντιστῆναι
2820 3554 3021 3617 πάντες
3064 3553 3114 3606 οἱ
3145 3550 3525 3621 ἀντικείμενοι
3563 3551 3710 3620 ὑμῖν.
3745 3563 3762 3597 ι

2179 3650 2424 3712 Ἀκούεις
2452 3650 2600 3712 ὅπως
2630 3647 2919 3710 λαλοῦντος
2953 3649 3011 3700 ὲν
3037 3647 3221 3707 αὐτοῖς
3254 3641 3351 3697 τοῦ
3399 3644 3562 3714 ἁγίου
3595 3638 3764 3696 Πνεύ-

2169 3758 2359 3812 ματος,
2396 3739 2557 3804 αὐτὸς
2585 3739 2770 3792 δίδωσι
2805 3738 2864 3792 τὸ
2892 3737 3098 3808 cndita;
3131 3735 3294 3804 λόγου
3321 3736 3436 3805 γάρ
3464 3737 3585 3788 ἐστι
3606 3731 3767 3799 δοτὴρ

2165 3833 2241 3894 ὡς
2280 3831 2472 3901 Λόγος,
2510 3830 2606 3885 καὶ
2652 3830 2965 3901 Πνεύματος
3010 3830 3263 3900 χορηγὸς,
3294 3827 3375 3890 ὡς
3431 3827 3568 3881 ἴδιον
3628 3822 3766 3892 ἔχων

2164 3923 2297 3977 αὐτὸ
2325 3921 2593 3992 φυσικῶς,
2626 3921 2766 3975 καθὰ
2799 3922 2894 3975 καὶ
2927 3920 3090 3982 αὐτὸς
3120 3921 3148 3973 6
3187 3915 3769 3990 Πατήρ.Ταυτοεργεῖ

2168 4015 2269 4087 μὲν
2304 4011 2397 4069 οὖν
2441 4018 2473 4085 ἡ
2521 4013 2654 4082 ἀγία
2685 4013 2876 4085 Τριάς,
2908 4013 3003 4066 καὶ
3028 4012 3172 4082 ἀπερ
3210 4009 3277 4072 ἂν
3303 4009 3460 4081 δρὼῃ
3508 4008 3605 4063 καὶ
3641 4003 3765 4076 βού-

2162 4106 2309 4160 λοιτο
2336 4104 2636 4178 κατορθοῦν
2670 4107 2698 4159 ὁ
2728 4103 2938 4175 Πατὴρ,
2969 4103 3143 4156 ταῦτα
3171 4101 3267 4154 καὶ
3297 4101 3327 4152 6
3350 4100 3485 4163 Υἱὸς
3504 4099 3656 4158 κατά
3680 4094 3767 4147 τὸν

2166 4199 2281 4253 ίσον
2323 4199 2554 4270 τρόπον·
2591 4197 2795 4266 ὁμοίως
2828 4196 2887 4249 δὲ
2915 4196 3008 4249 καὶ
3038 4194 3099 4247 τὸ
3128 4191 3378 4263 Πνεῦμα.
3411 4191 3491 4245 Τό
3541 4208 3608 4258 γε
3662 4187 3765 4258 μὴν

2166 4292 2270 4349 ἀνὰ
2321 4291 2485 4363 μέρος
2515 4290 2714 4345 διδόναι
2746 4290 2846 4352 τὰς
2881 4287 3161 4358 ἐνεργείας
3207 4286 3421 4356 ἑκάστῃ
3475 4283 3589 4341 τῶν
3640 4281 3768 4333 {mea

479 4362 769 4431 Trinitate,
802 4366 889 4420 illa
924 4368 1188 4424 naturalis
1220 4368 1446 4424 unitatis
1478 4368 1615 4423 ratio
1643 4384 1802 4423 unam
1836 4384 2060 4438 prorsus

2168 4386 2413 4449 στάσεων
2447 4382 2648 4446 ίδικῶς,
2675 4380 2827 4435 οὐδὲν
2858 4379 3048 4450 ἕτερόν
3076 4380 3247 4439 ἐστιν,
3273 4375 3307 4447 ἢ
3341 4379 3500 4447 τρεῖς
3528 4373 3639 4428 ἀνὰ
3672 4370 3769 4442 μέ·-

482 4456 533 4510 in
563 4458 814 4513 omnibus
841 4461 1096 4531 operibus
1125 4461 1419 4517 motionem
1447 4461 1703 4517 ostendit.
1729 4461 1882 4527 Quod
1909 4462 1952 4515 si
1982 4462 2060 4515 di-

2169 4468 2259 4544 ρος
2286 4472 2379 4526 καὶ⁸
2408 4471 2714 4543 όλοτρόπως
2755 4470 3002 4542 ἀλλήλων
3026 4468 3406 4538 διεστηκότας,
3436 4466 3771 4535 ἀποφαίνειν

480 4563 685 4613 ramus,
719 4566 841 4605 cum
880 4567 984 4605 una
1022 4553 1326 4623 bypostasis
1364 4563 1608 4608 movetur
1638 4554 1704 4606 ad
1740 4567 1897 4621 opus,
1935 4552 2057 4607 reli-

2165 4564 2341 4627 θεούς.
2374 4566 2431 4617 ’0
2467 4563 2566 4634 μὲν
2610 4563 2717 4633 γὰρ
2759 4562 2859 4631 τῆς
2900 4561 3134 4631 φυσικῆς
3179 4560 3438 4631 ἑνότητος
3471 4559 3637 4628 λόγος
3679 4553 3772 4608 ἐπὶ

480 4654 615 4715 quas
645 4644 776 4696 duas
806 4642 937 4697 nihil
965 4659 1146 4714 agere,
1178 4646 1450 4715 quomodo
1483 4644 1668 4714 negari
1702 4645 1901 4712 poterit
1930 4645 2059 4713 quin

2166 4657 2269 4727 τῆς
2294 4655 2457 4725 ἁγίας
2485 4654 2736 4725 Τριάδος,
2763 4653 2892 4724 μίαν
2926 4652 2989 4724 δή
3027 4669 3128 4706 που
3166 4650 3266 4721 τὴν
3305 4650 3397 4721 ἐφ’
3437 4651 3618 4705 ἆπασι
3662 4654 3774 4715 τοῖς

480 4748 738 4802 rorporea
757 4734 1047 4790 inducatur
1062 4738 1252 4802 sectio,
1273 4738 1659 4809 propemodum
1680 4734 1856 4790 locum
1878 4751 2060 4805 quem-

2167 4747 2466 4820 δρωμένοις
2496 4746 2786 4816 ἀποφαίνει
2815 4746 3047 4816 κίνησιν.
3088 4745 3149 4798 Εἰ
3178 4744 3237 4798 δὲ
3269 4743 3337 4815 δὴ
3367 4745 3660 4816 λέγοιμεν,
3694 4745 3774 4797 ὅτι

2170 4840 2299 4911 μιᾶς
2334 4839 2706 4900 ὑποστάσεως,
2736 4832 2846 4890 οἷον
2877 4839 2958 4900 είς
2985 4835 3123 4907 ἔργα
3157 4836 3564 4907 κεκινημένης,
3595 4837 3780 4907 ἀπρα-

479 2623 762 2695 discipulis
792 2623 905 2679 suis
936 2642 952 2679 :
989 2642 1007 2675 ι
1041 2624 1177 2679 Cum
1209 2623 1530 2679 tradiderint
1558 2637 1684 2686 vos,
1718 2622 1881 2678 nolite
1910 2622 2058 2692 cogi-

482 2724 596 2767 lure
616 2716 886 2784 quomodo
909 2726 1001 2770 aut
1023 2716 1149 2786 quid
1174 2716 1466 2786 loquamini
1484 2734 1499 2784 ;
1520 2716 1736 2771 dabitur
1749 2716 1889 2770 enim
1909 2714 2061 2769 vobis

480 2805 534 2856 in
570 2804 654 2860 illa
690 2806 820 2860 hora
849 2808 979 2878 quid
1011 2808 1325 2878 loquamini.
1354 2806 1470 2863 Non
1503 2809 1650 2872 enim
1679 2824 1773 2863 vos
1803 2809 1937 2863 estis
1964 2806 2058 2877 qui

482 2896 805 2966 loquimini,
836 2901 927 2954 sed
960 2900 1194 2969 Spiritus
1226 2899 1403 2957 Patris
1426 2903 1590 2956 vestri
1621 2903 1711 2971 qui
1744 2901 1978 2971 loquitur
2007 2904 2060 2954 in

485 2989 641 3067 103
669 2990 818 3046 vobis
835 2991 899 3046 "’.
932 3011 950 3045 ι
980 2992 1034 3046 1η
1065 2991 1223 3049 Luca:
1251 3004 1429 3049 autem
1462 2993 1753 3065 Evangelia
1780 3011 1793 3049 :
1822 3013 1840 3047 ι
1872 2992 2062 3048 Ponite

480 3097 611 3150 ergo
645 3083 697 3139 in
735 3083 988 3139 cordibus
1027 3088 1219 3143 vestris
1257 3103 1364 3142 non
1404 3088 1764 3159 prmmeditari
1799 3089 2054 3159 quemad-

479 3174 696 3228 modum
729 3178 1123 3245 reSpondeatis.
1148 3178 1260 3251 Ego
1284 3180 1427 3235 enim
1458 3181 1597 3236 dabo
1621 3180 1773 3235 vobis
1802 3196 1863 3237 os
1889 3190 1945 3235 et
1970 3195 2059 3235 sa-

479 3265 758 3335 pientiam,
785 3267 869 3321 cui
902 3286 1007 3324 non
1037 3281 1289 3339 poterunt
1316 3273 1693 3328 contradicere
1722 3284 1776 3327 et
1806 3273 2060 3327 resistere

477 3372 666 3412 omnes
708 3360 1004 3415 adversarii
1050 3363 1212 3423 vestri
1240 3362 1304 3418 “.
1362 3382 1381 3415 ι
1426 3363 1665 3418 Audisue
1706 3364 2061 3430 quemadmo-

479 3450 629 3515 dum,
666 3449 920 3519 loquente
954 3452 1007 3509 in
1046 3453 1176 3524 ipsis
1210 3464 1399 3511 sancto
1438 3455 1665 3524 Spiritu,
1693 3458 1806 3526 ipse
1839 3458 1933 3510 dat
1963 3455 2063 3510 os?

478 3553 556 3597 est
596 3542 741 3596 enim
775 3544 1044 3598 sermonis
1078 3544 1233 3599 dator
1268 3556 1453 3615 utpote
1500 3546 1738 3602 Verbum
1785 3555 1845 3602 et
1882 3544 2062 3617 Spiri-

481 3641 568 3683 tus
610 3632 865 3700 tributor,
904 3644 963 3686 ut
998 3634 1087 3702 qui
1128 3634 1273 3689 illum
1309 3638 1584 3705 proprium
1607 3636 1932 3697 naturaliter
1965 3638 2060 3692 ha-

480 3722 627 3790 bent,
663 3723 804 3779 sicut
835 3726 996 3779 etiam
1030 3725 1143 3794 ipse
1175 3725 1354 3781 Pater.
1386 3726 1585 3782 Eadem
1619 3730 1782 3795 igitur
1806 3738 2063 3799 operatur

480 3823 668 3869 sumta
703 3814 964 3879 Trinitas,
1001 3827 1051 3871 et
1084 3834 1421 3888 quaecunque
1472 3820 1702 3889 gesserit
1736 3834 1799 3873 ac
1835 3820 2063 3875 voluerit

480 3903 641 3961 Pater
674 3906 916 3971 ellircre,
953 3909 1139 3963 eadem
1178 3921 1231 3965 et
1266 3909 1435 3964 Filius
1470 3911 1662 3964 eodem
1702 3911 1859 3966 modo
1894 3909 2061 3976 facit,

481 3997 841 4069 similiterque
884 3999 1119 4069 Spiritus
1160 4014 1404 4059 sanctus.
1445 4003 1683 4074 Singulis
1722 4018 1850 4059 vero
1893 4005 2063 4075 hypo-

480 4090 718 4145 stasibns
761 4091 999 4147 tribuere
1040 4096 1269 4150 seorsim
1314 4094 1659 4165 operationes
1702 4096 1897 4166 cuique
1937 4113 2064 4168 pro-

478 4181 649 4258 prius,
683 4182 819 4244 nihil
853 4193 935 4238 est
967 4184 1112 4242 aliud
1146 4203 1307 4257 quam
1344 4197 1453 4241 tres
1488 4188 1715 4242 scorsim
1750 4198 1805 4244 et
1840 4204 2063 4258 prorsus

481 4272 621 4325 inter
650 4288 709 4327 se
743 4271 1034 4342 disjunetos
1065 4278 1194 4333 deos
1223 4279 1592 4348 pronuntiare.
1626 4277 1760 4333 Nam
1792 4279 1843 4332 in
1876 4289 2061 4343 sancta

480 4826 600 4877 dum
647 4826 872 4894 singulis
916 4828 1301 4898 hypostasibus
1346 4830 1614 4892 tribuens,
1656 4842 1721 4882 eo
1765 4827 1880 4896 ipso
1920 4828 2062 4900 quod

478 4929 632 4971 cura
679 4919 914 4989 reliquas
952 4929 1008 4974 et
1048 4919 1297 4990 abiuneta
1340 4922 1628 4992 cogitatur,
1668 4935 1772 4974 non
1811 4934 1877 4974 eo
1921 4919 2060 4989 quod

481 5009 694 5079 proprie
725 5010 1000 5075 subsistit,
1033 5012 1086 5066 id
1117 5013 1261 5067 enim
1289 5027 1416 5075 vere
1447 5012 1669 5079 dicitur,
1704 5011 1797 5066 sed
1830 5014 1973 5082 quod
2006 5011 2058 5065 in

481 5098 739 5170 cujusque
766 5101 841 5155 rei
870 5102 1204 5168 diversitate,
1232 5103 1498 5165 rationem
1526 5118 1645 5172 qua:
1667 5103 1735 5157 ad
1761 5102 2060 5163 naturalem

482 5193 743 5247 unitatem
775 5194 994 5264 colligat
1041 5209 1148 5250 non
1181 5195 1420 5266 patitur?
1449 5195 1561 5252 Una
1593 5197 1735 5251 enim
1764 5197 2063 5257 divinitatis

483 5293 677 5340 natura
708 5286 762 5339 in
794 5294 983 5341 sancta
1014 5294 1068 5340 et
1098 5286 1544 5343 consubstantiali
1571 5285 1839 5342 'l‘rinitate
1869 5286 2062 5345 intelli-

480 5374 644 5444 gitur.
675 5375 775 5429 Hic
809 5385 988 5431 autem
1030 5377 1203 5431 bonus
1234 5377 1315 5431 vir
1347 5376 1511 5433 Deum
1541 5375 1776 5434 Verbum
1816 5377 1924 5435 Deo
1959 5377 2062 5435 Pa-

483 5468 663 5536 trique
699 5466 1165 5525 consubstantiale
1202 5470 1427 5539 perinde
1458 5487 1521 5526 ac
1556 5472 1598 5526 si
1632 5471 1908 5543 ignoraret
1942 5487 2062 5526 esse

483 5556 683 5611 factum
711 5557 1007 5623 hominem,
1037 5575 1143 5615 non
1173 5561 1477 5630 abjiciendo
1503 5564 1644 5633 quod
1676 5564 1813 5619 Deus
1840 5572 1943 5630 est,
1971 5565 2062 5618 sed

483 5645 658 5715 prius
693 5649 1018 5709 assumeudo
1055 5652 1194 5719 quod
1232 5668 1334 5707 ncu
1376 5663 1513 5719 erat,
1548 5654 1710 5708 audet
1744 5664 2059 5708 extenuare.

2166 4929 2417 4999 κτήσειεν
2449 4925 2515 4981 ἂν
2553 4928 2607 4980 al
2638 4925 2752 4989 δύο,
2789 4924 2905 4989 πῶς
2932 4926 2994 4979 ού
3024 4928 3226 4996 παχεῖα
3254 4925 3401 4995 τομὴ
3442 4921 3778 4996 παρεισκρί·

2166 5036 2340 5081 νεται,
2374 5017 2539 5071 τόπον
2579 5017 2768 5088 ὥσπερ
2816 5018 2939 5075 τινὰ
2986 5016 3095 5071 τῶν
3143 5016 3512 5071 ὑποστάσεων
3567 5016 3778 5084 ἑκάστη

2173 5111 2436 5183 νέμουσα,
2466 5110 2546 5176 τὸ,
2581 5109 2686 5175 ἔξω
2724 5127 2783 5163 τε
2832 5110 2927 5165 καὶ
2966 5106 3483 5179 ἀπεσχοινισμένως
3534 5103 3778 5161 νοεῖσθαι

2172 5202 2281 5257 τῶν
2333 5202 2531 5266 ἄλλων,
2570 5202 2631 5256 οὐ
2684 5203 2826 5257 κατά
2871 5219 2934 5270 γε
2983 5201 3043 5255 τὸ
3089 5199 3363 5271 ὑπάρχειν
3427 5198 3774 5260 ίδιοστάτως.

2168 5290 2329 5346 τοῦτο
2350 5290 2457 5363 γὰρ
2481 5291 2709 5362 ἀληθές·
2738 5291 2853 5344 ἀλλ’
2878 5291 2954 5355 ὡς
2983 5292 3041 5343 ὲν
3064 5292 3129 5361 τῇ
3152 5289 3295 5342 κατά
3319 5290 3438 5342 πᾶν
3460 5289 3773 5359 ἑτερότητι,

2174 5383 2248 5456 μὴ
2286 5384 2588 5454 ἀνεχομένη
2632 5383 2788 5452 λόγου
2833 5383 2926 5441 τοῦ
2963 5382 3384 5454 συναγείροντος
3427 5383 3513 5445 είς
3546 5381 3780 5451 ἑνότητα

2170 5475 2407 5545 φυσικήν
2430 5492 2443 5539 ;
2469 5475 2582 5528 Μία
2600 5474 2709 5545 γὰρ
2734 5474 2987 5544 θεότητος
3018 5473 3181 5543 φύσις
3203 5474 3261 5525 ὲν
3288 5470 3434 5541 ἁγίᾳ
3462 5471 3563 5527 καὶ
3590 5472 3784 5538 όμοουσ

2173 5563 2274 5633 σίῳ
2305 5566 2505 5622 νοεῖται
2539 5563 2749 5632 Τριάδι.
2767 5563 2826 5617 '0
2852 5561 2909 5615 δὲ
2937 5561 3173 5633 χρηστὸς
3198 5557 3413 5621 οὑτοσὶ,
3450 5555 3549 5611 τὸν
3578 5551 3780 5624 ὁμοσύ-

2174 5667 2286 5705 σιον
2324 5649 2403 5721 τῷ
2429 5650 2548 5723 Θεῴ
2572 5653 2665 5705 καὶ
2695 5653 2867 5723 Πατρῖ
2895 5651 3029 5705 Θεὸν
3058 5651 3247 5718 Λόγον,
3272 5646 3355 5711 ὼς
3384 5647 3494 5702 οὐκ
3513 5644 3674 5716 εἰδὼς
3697 5643 3781 5697 ὅτι

558 5821 603 5852 ⁵⁸
636 5822 651 5876 l
692 5823 817 5880 Cor.
855 5840 888 5889 t,
933 5824 1020 5885 24.
1101 5828 1141 5859 ⁸⁷
1178 5827 1363 5884 Matth.
1408 5845 1458 5892 κ,
1503 5827 1585 5891 19,
1620 5829 1710 5883 ‘20.
1789 5827 1833 5859 "
1868 5828 1998 5886 Luc.
2032 5842 2147 5894 ut.
2191 5826 2278 5895 Η,
2310 5828 2391 5884 15.
