4080 6502
464 371 566 430 ιει

1509 381 1882 438 ADVERSUS
1920 382 2326 447 NESTORIUM
2366 388 2496 444 LIB.
2537 388 2624 443 IV.

3633 398 3740 454 182

468 486 702 551 γέγονεν
736 485 1043 578 ἄνθρωπος,
1076 491 1136 545 οὔ
1181 493 1243 547 τδ
1281 490 1418 549 εἶναι
1456 497 1591 559 Θεὸς
1637 498 2051 571 ἁποϐεὸληκὼς,

2157 502 2290 557 Nam
2325 520 2447 559 cum
2476 515 2665 561 sancto
2696 504 2941 577 Spiritui,
2978 514 3036 562 ut
3064 506 3264 563 dictum
3295 516 3398 573 est,
3431 509 3730 578 patrocine-

474 576 859 648 προσειληφὼς
877 580 936 633 δὲ
968 583 1168 652 μᾶλλον
1193 587 1330 658 ὅπερ
1355 588 1455 642 οὐκ
1479 584 1568 659 ἦν,
1593 592 2059 662 κατασμικρύνειν

464 665 780 738 ἀποτολμᾷ.
834 669 1196 743 Συναγορεύει
1245 675 1345 745 μὲν
1393 676 1535 748 γὰρ,
1589 678 1666 743 ὡς
1722 680 1955 751 εἴρηται,
1983 680 2062 750 τῷ

463 756 614 827 tingit?
641 758 942 830 Πνεῦματι,
975 765 1319 835 περιυὸρίζει
1348 769 1404 822 δὲ
1433 770 1525 823 τὸν
1547 771 1696 837 Υίόν,
1717 772 1860 826 οὕτω
1888 774 2061 840 λέγων

466 846 611 915 πρός
639 864 795 911 τινας
820 849 928 904 τῶν
956 852 1026 906 τὰ
1058 855 1270 926 Ἀρείου
1300 862 1516 929 φρονεῖν
1545 863 1855 933 ᾑρημένων.

538 933 824 1007 [Πλείονα,
872 944 1030 1012 φησι,
1081 944 1180 1016 τὴν
1228 949 1308 1011 είς
1352 950 1514 1003 αὐτὸν
1556 955 2058 1021 κατασκευάζοντες

469 1025 655 1098 ὓϐριν,
672 1030 768 1082 καὶ
790 1031 850 1084 τὸ
867 1033 1093 1105 Πνεῦμα
1111 1038 1210 1107 τῆς
1230 1039 1379 1104 θείας
1400 1042 1796 1114 ἀποτέμνοντες
1821 1048 2055 1116 φύσεως,

466 1118 529 1169 τὸ
557 1117 663 1189 τὴν
704 1121 1100 1197 ἀνθρωπότητα
1125 1130 1290 1183 αὐτοῦ
1329 1132 1631 1189 διαπλάσαν
1656 1153 1670 1168 ο
1709 1155 1728 1188 ι
1759 1138 1833 1191 Τὸ
1865 1140 1974 1211 γάρ
2001 1143 2060 1193 ὲν

466 1211 534 1279 τῇ
557 1212 769 1283 Μαρίᾳ,
787 1217 939 1284 φησι,
966 1219 1242 1290 γεννηθὲνι
1258 1224 1323 1276 ἐκ
1337 1224 1654 1295 Πνεύματός
1675 1229 1823 1281 ἔστιν
1844 1230 2020 1298 ἁγίου·
2034 1251 2053 1281 ο

466 1302 615 1354 κατὰ
648 1300 759 1372 [Ζσ.
796 1304 859 1357 τὸ
891 1307 1056 1378 κατὰ]
1094 1310 1435 1384 δικαιοσύνην
1463 1315 1526 1367 τὸ
1549 1316 1786 1370 πλασθὲν
1822 1320 2051 1373 ἀνέπλαο

467 1408 563 1444 σεν
613 1393 727 1463 [Ion
751 1396 1092 1472 ἀναπλάσαν]
1117 1419 1128 1433 ·
1173 1420 1191 1451 ι
1215 1403 1563 1476 Ἑφανερώθη
1607 1409 1735 1478 γὰρ,
1768 1412 1951 1481 φησὶν,
2002 1414 2059 1466 ὲν

466 1482 640 1550 σαρκί
662 1496 680 1511 °
699 1483 991 1556 ἐδικαιώθη
1023 1488 1081 1539 ὲν
1107 1489 1415 1560 Πνεῦματι⁸
1457 1511 1479 1543 ι
1511 1493 1807 1563 τὸδαίμοσι
1828 1497 2058 1567 φοϐερὸν

465 1572 854 1643 ἐργασάμενον
876 1591 891 1605 ·
935 1594 953 1627 ι
977 1576 1120 1644 Ἐγὼ
1146 1580 1275 1650 γὰρ,
1305 1583 1487 1650 φησιν,
1524 1584 1583 1636 ἐν
1612 1584 1887 1655 Πνεύματι
1920 1587 2056 1640 Θεοῦ

462 1663 722 1717 ἐκϐάλλω
752 1666 824 1719 τὰ
849 1666 1124 1737 δαιμόνια’
1158 1689 1176 1722 ι
1207 1672 1273 1725 τὸ
1299 1673 1397 1743 τὴν
1425 1674 1591 1728 αὑτοῦ
1619 1677 1799 1747 σάρκα
1829 1695 2058 1751 πεποιη-

466 1753 635 1820 μένον
658 1756 816 1808 ναόν·
849 1776 867 1808 ι
897 1758 1175 1829 Τεθέαμαι
1207 1762 1335 1833 γάρ,
1366 1765 1519 1835 φησὶ,
1546 1765 1610 1819 τὸ
1635 1767 1859 1837 Πνεῦμα
1886 1785 2057 1822 κατα-

2164 603 2270 662 tur,
2310 595 2503 651 Filium
2540 596 2699 653 allicit
2734 596 2962 668 injuria,
2996 600 3083 655 ubi
3120 600 3377 657 adversus
3410 602 3523 657 Arii
3565 612 3740 658 secta-

2160 694 2308 741 tores
2338 688 2408 743 ita
2444 689 2596 746 dicit.

2240 950 2501 1023 [Νεετοιι.
2539 950 2819 1021 Maiorem,
2847 952 3042 1019 inquit,
3071 953 3122 1006 in
3152 953 3326 1022 ipsum
3356 963 3628 1010 struentes
3658 956 3736 1010 in-

2155 1041 2379 1111 juriam,
2405 1051 2461 1097 et
2488 1043 2749 1110 Spiritum
2780 1058 2807 1096 a
2841 1045 3020 1098 divina
3053 1054 3243 1098 natura
3273 1057 3611 1115 separautes,
3638 1046 3731 1114 qui

2162 1134 2550 1189 humanitatem
2580 1135 2695 1205 ejus
2725 1137 2976 1189 formavit
3008 1154 3021 1190 :
3058 1155 3077 1188 ι
3110 1136 3262 1203 Quod
3288 1138 3431 1190 enim
3461 1138 3514 1193 in
3546 1138 3730 1202 Maria,

2160 1222 2353 1291 inquit,
2387 1235 2567 1276 natum
2604 1234 2707 1288 est,
2744 1226 2809 1278 de
2839 1226 3043 1293 Spiritu
3076 1235 3263 1281 sancto
3292 1236 3373 1281 est
3398 1227 3610 1299 “pqui
3642 1241 3732 1281 se-

2158 1313 2390 1367 cundum
2423 1312 2689 1381 justitiam
2720 1316 2861 1381 quod
2895 1314 3183 1368 formatum
3218 1325 3338 1369 erat
3371 1316 3683 1370 reformavit
3712 1329 3730 1370 :

2165 1421 2184 1455 ι
2219 1404 2614 1465 Manifestatnm
2648 1405 2792 1459 enim
2821 1413 2924 1463 est.
2956 1404 3150 1474 inquit,
3183 1406 3232 1458 in
3264 1422 3449 1467 carne,
3472 1405 3734 1476 jnstilica-

2159 1503 2270 1548 tum
2302 1504 2385 1549 est
2415 1496 2468 1550 in
2492 1494 2695 1565 Spiritu
2720 1496 2795 1560 τος
2824 1497 2914 1566 (ιιιί
2951 1504 3007 1548 ut
3038 1498 3316 1551 daemoniis
3346 1508 3490 1552 esset
3519 1497 3731 1552 terribi-

2160 1588 2223 1640 lis
2250 1586 2431 1641 eﬂ'ccit
2460 1606 2473 1641 :
2509 1605 2528 1639 ι
2560 1587 2672 1657 Ego
2702 1588 2870 1648 enim,
2900 1587 3095 1655 inquit,
3127 1589 3179 1640 in
3211 1589 3417 1655 Spiritu
3452 1587 3543 1641 Dei
3574 1586 3734 1654 ejicio

2158 1678 2526 1738 daemonia";
2572 1698 2591 1730 ι
2631 1679 2722 1747 qui
2763 1679 2907 1732 illius
2950 1694 3167 1733 carnem
3205 1679 3382 1734 ell‘ccit
3420 1678 3673 1748 templum
3716 1697 3729 1731 :

2164 1785 2183 1818 ι
2209 1767 2325 1820 Vidi
2353 1769 2523 1831 enim,
2554 1768 2749 1836 inquit,
2773 1768 3460 1836 Spiritumdescendentem
3492 1771 3732 1824 sicutco-

463 1842 656 1895 ϐαῖνον
689 1843 825 1897 ὡσεὶ
857 1848 1212 1919 περιστερὰν,
1243 1852 1338 1905 καὶ
1366 1853 1673 1924 μεμένηκεν
1702 1858 1788 1908 ἐπ’
1822 1857 2006 1910 αὐτόν’
2031 1878 2048 1908 ι

2158 1860 2418 1923 lumbam,
2450 1869 2503 1913 et
2536 1858 2731 1912 mansit
2764 1874 2925 1928 super
2952 1873 3074 1913 eum
3100 1861 3180 1925 τίς
3220 1882 3239 1911 ι
3274 1861 3365 1930 qui
3402 1862 3730 1927 assumptio-

462 1934 523 1984 τὸ
550 1934 657 2002 τὴν
691 1936 963 2008 ἀνάληψιν
994 1940 1145 2011 αὐτῷ
1172 1944 1537 2013 χαρισάμενον
1559 1961 1575 1975 ο
1607 1963 1627 1997 ι
1652 1948 2056 2019 Ἐντειλάμενος

464 2025 600 2094 γὰρ,
640 2028 800 2095 φησὶ,
849 2033 963 2094 τοῖς
1009 2031 1189 2100 ἁγίοις
1234 2035 1573 2099 ἀποστόλοις,
1605 2037 1700 2101 οὓς
1750 2040 2052 2106 ἐξελέξατο,

467 2112 556 2165 διὰ
585 2115 907 2184 Πνεῦματος
936 2120 1115 2189 ἁγίου,
1142 2123 1442 2195 ἀνελήφθη.
1464 2144 1482 2173 ι
1519 2125 1689 2179 Τοῦτο
1712 2127 1773 2199 δὴ
1807 2129 1869 2181 τὸ
1906 2130 2057 2200 τηλι-

474 2205 677 2276 καύτην
720 2209 948 2281 Χριστῷ
994 2219 1362 2286 χαρισάμενον
1409 2215 1584 2281 δόξαν,
1623 2219 1860 2290 Χριστοῦ
1888 2239 2056 2277 κατα-

481 2297 792 2362 σκευάζουσι
831 2302 1063 2379 δοῦλον.]

1074 2446 1324 2503 ΚΕΦΑΛ.
1381 2451 1453 2505 1".

531 2573 609 2626 Τὸ
634 2574 733 2643 μὲν
752 2570 847 2629 οὖν
874 2576 974 2646 τῆς
1000 2575 1150 2641 θείας
1176 2596 1232 2632 τε
1265 2583 1355 2634 καὶ
1380 2583 1661 2654 ἀκηράτου
1688 2586 1900 2655 φύσεως
1927 2589 2054 2642 ἀπο-

456 2664 678 2734 τέμνειν
697 2665 760 2718 τὸ
782 2667 1009 2736 Πνεῦμα
1039 2673 1404 2743 κατατολμᾷν,
1427 2674 1713 2748 μοχθηρᾶς
1742 2673 1883 2731 εἷναί
1907 2697 2050 2750 φημι

453 2758 555 2809 καὶ
604 2758 890 2831 ἀλιτηρίου
939 2761 1156 2832 φρενὸς,
1193 2764 1288 2817 καὶ
1321 2765 1457 2820 πολὺ
1492 2767 1586 2821 τοῦ
1619 2770 1827 2834 εἰκότος
1864 2771 2054 2843 ἐξῳκι-

451 2850 691 2920 σμένης.
709 2852 1029 2922 Ὀμοούσιον
1057 2853 1165 2923 γάρ
1201 2857 1316 2908 ἐστι
1348 2856 1428 2926 τῷ
1456 2857 1575 2929 Θεῷ
1604 2859 1698 2913 καὶ
1737 2861 1932 2932 Πατρὶ,
1958 2863 2053 2915 καὶ

453 2942 569 3009 μὴν
597 2942 694 2994 καὶ
721 2942 875 3013 αὐτῷ
906 2943 985 3013 τῷ
1012 2944 1124 3012 Υίῷ
1143 2960 1158 2973 ·
1204 2946 1298 3000 καὶ
1345 2947 1478 3011 Θεὸς
1508 2946 1668 3016 εἶναι,
1697 2953 1792 3004 καὶ
1821 2952 1885 3005 ὲκ
1917 2952 2051 3006 Θεοῦ

450 3035 799 3088 πιστεύεται.
842 3036 1055 3107 Χρῆναι
1102 3036 1158 3090 δὲ
1204 3033 1360 3109 οἶμαι
1399 3041 1557 3094 ταυτὶ
1591 3040 1853 3111 μεθέντας
1886 3045 1964 3106 εἰς
1993 3044 2053 3096 τὸ

455 3123 662 3193 παρὸν,
699 3124 791 3177 τὸν
815 3127 872 3178 ὲν
901 3127 1088 3196 χερσὶν
1121 3129 1272 3195 ἡμῖν,
1308 3128 1837 3203 πολυπραγμονῆσαι
1870 3132 2048 3200 λόγον,
2068 3162 2083 3171 κ

451 3216 552 3266 καὶ
566 3216 694 3268 ὅποι
717 3217 845 3268 ποτὲ
866 3215 1070 3285 βλέπει,
1086 3218 1482 3288 νουνεχὲστατα
1505 3221 1793 3274 κατιδεῖν.ι
1821 3221 2051 3275 Πλείονα

450 3308 593 3376 γὰρ,
640 3309 800 3376 φησι,
836 3307 935 3379 τὴν
967 3309 1047 3372 είς
1087 3310 1252 3363 αὐτὸν
1298 3310 1802 3376 κατασκευάζοντες
1851 3312 2008 3384 ὓϐριν
2032 3330 2047 3343 ο

449 3399 656 3467 δῆλον
671 3399 743 3453 δὲ
754 3399 843 3453 ὅτι
860 3400 966 3454 τὸν
978 3400 1046 3454 ἐκ
1064 3402 1212 3456 Θεοῦ
1225 3402 1455 3472 Πατρός
1473 3404 1684 3472 Λόγον·
1705 3405 1800 3457 καὶ
1813 3404 1874 3457 τὸ
1890 3406 2053 3457 Πνεῦ-

455 3508 538 3560 μα
571 3491 675 3560 τῆς
720 3490 871 3554 θείας
908 3492 1310 3563 ἀποτέμνοντες
1345 3493 1578 3563 φύσεως,
1613 3494 1674 3548 τὸ
1709 3496 1810 3565 τὴν
1837 3495 2050 3567 ἀνθρω-

451 3582 674 3653 πότητα
702 3581 868 3635 αὐτοῦ
882 3578 1206 3638 διαπλάσαν.
1231 3603 1251 3636 ι
1278 3584 1387 3656 Τὴν
1422 3580 1646 3651 τίνος,ὧ
1665 3586 1929 3656 βέλτιστε,
1946 3589 2052 3661 φης

447 3671 863 3725 διαπεπλάσθαι
886 3672 1280 3743 ἀνθρωπότητα
1299 3674 1389 3728 διὰ
1412 3675 1507 3729 τοῦ
1538 3677 1886 3748 Πνεῦματος;
1912 3681 2051 3734 Καί·

450 3780 540 3816 τοι
573 3763 704 3826 τοὺς
738 3762 930 3831 λόγους
954 3765 1087 3834 ἡμῖν
1117 3764 1321 3833 ἀρτίως
1351 3766 1437 3818 ἐπ’
1463 3766 1613 3837 αὐτῷ
1643 3770 1941 3840 πεποίησαι
1972 3770 2049 3841 τῷ

452 3858 779 3925 Μονογενεῖ,
812 3858 906 3911 καὶ
933 3860 998 3911 ἐκ
1028 3856 1164 3911 Θεοῦ
1199 3858 1414 3930 Πατρὸς
1442 3860 1770 3934 ἀπορρήτως
1794 3879 2051 3935 γεγεννη-

452 3949 648 4018 μένῳ·
685 3949 839 4003 θείαν
870 3949 979 4020 γὰρ
1016 3949 1083 4020 δὴ
1127 3949 1286 4018 φύσιν
1331 3950 1613 4022 ὠνόμαζες
1658 3954 1853 4009 αὐτόν’
1881 3955 2047 4010 αὐτοῦ

446 4040 510 4091 δὲ
538 4034 700 4109 οἶμαι
732 4039 827 4093 καὶ
851 4040 949 4109 οὐχ
978 4039 1166 4111 ἑτέρου
1194 4041 1292 4111 τὴν
1328 4041 1728 4113 ἀνθρωπότητα
1752 4047 1877 4116 φής.
1903 4047 2048 4100 Οὐκ-

445 4131 546 4184 οῦν
572 4129 923 4201 διαμέμνησο
959 4129 1072 4183 τῶν
1105 4129 1330 4183 σεαυτοῦ
1361 4132 1587 4200 φωνῶν·
1618 4134 1754 4188 ἰδίαν
1774 4137 1883 4207 γὰρ
1909 4132 2046 4191 εἶναι

447 4221 563 4288 φὴς
608 4218 707 4273 τοῦ
747 4220 924 4288 Λόγου
963 4219 1061 4292 τὴν
1095 4220 1272 4292 σάρκα
1299 4221 1477 4293 ψυχῆς
1510 4223 1738 4295 ἐνούσης
1764 4227 1903 4297 αὐτῇ
1947 4227 2047 4299 τῆς

447 4310 685 4381 λογικῆς
739 4310 986 4382 δηλονότι
1011 4329 1024 4341 ·
1062 4312 1218 4366 ἔσται
1255 4311 1359 4383 γὰρ
1407 4312 1580 4377 οὕτως
1617 4316 1650 4386 ἡ
1691 4316 2046 4388 ὰνθρωπότης

443 4401 645 4456 αὐτοῦ.
672 4396 809 4456 Εἶτα
839 4402 979 4467 πῶς,
1009 4402 1166 4474 εἴπερ
1198 4405 1345 4458 ἐστὶν
1371 4405 1431 4458 ἓν
1463 4407 1602 4475 μετά
1626 4409 1723 4478 τῆς
1754 4406 1885 4472 ἰδίας
1914 4425 2045 4478 σαρ-

444 4494 547 4557 xb;
592 4496 625 4548 ὁ
664 4496 733 4547 ὲκ
778 4494 915 4548 Θεοῦ
948 4494 1162 4565 Πατρὸς
1192 4496 1386 4564 Λόγος,
1420 4498 1601 4566 ἰσχύος
1634 4494 1773 4551 εἶναι
1802 4499 2042 4569 νομίζεις

444 4585 622 4638 αὑτὸν
649 4584 749 4655 τῆς
772 4584 1110 4655 θεοπρεποῦς
1131 4586 1342 4651 ἐπιδεᾶ,
1373 4587 1468 4639 καὶ
1493 4586 1721 4657 φοϐερὸν
1746 4588 1909 4641 αὐτὸν
1934 4590 2045 4661 εἰρ-

443 4675 658 4743 γάσθαι
689 4678 801 4738 τοῖς
834 4675 1052 4746 δαίμοσι
1078 4675 1139 4728 τὸ
1177 4677 1402 4747 Πνεῦμα
1427 4676 1490 4729 τὸ
1527 4676 1701 4746 ἅγιον,
1736 4678 1811 4743 ὡς
1840 4679 1947 4732 ἀπό
1977 4696 2039 4749 γε

439 4767 551 4837 τῆς
584 4765 726 4829 ιδίας
755 4765 970 4835 φύσεως
998 4766 1098 4819 οὐκ
1145 4766 1338 4838 ἔχοντα
1381 4768 1539 4821 τοῦτο
1587 4768 1745 4839 δρᾷν’
1793 4770 1899 4843 καὶ.
1932 4770 2039 4843 μὴν

442 4858 547 4911 καὶ
582 4857 671 4920 τὸ,
700 4856 960 4911 δύνασθαι
1008 4858 1311 4928 συντρίϐειν
1341 4858 1435 4911 τὸν
1479 4858 1744 4922 Σατανᾶν,
1776 4858 1853 4922 ὡς
1891 4858 2042 4913 δοτὸν

441 4950 586 5018 παρ’
610 4948 802 5019 ἑτέρου
827 4988 843 5014 ,
888 4948 994 5001 καὶ
1042 4948 1195 5018 μόλις
1245 4948 1662 5020 ὲρανιζόμενον;
1692 4950 1756 5002 Ei
1803 4949 1902 5018 μὲν
1945 4945 2041 5005 οὖν

436 5034 610 5091 οἶσθα
641 5037 724 5091 ὅτι
756 5037 819 5092 τὸ
846 5037 1173 5109 ἀποτέμνειν
1203 5038 1267 5091 τὸ
1295 5037 1519 5109 Πνεῦμα
1546 5038 1650 5109 τῆς
1691 5038 1840 5103 θείας
1874 5040 2038 5094 αὐτοῦ

440 5129 694 5199 φύσεως,
732 5128 1094 5202 ἐγκλημάτων
1123 5130 1402 5200 αἴσχιστον
1434 5130 1518 5200 εἴη
1546 5130 1632 5207 ἂν,
1660 5130 1756 5184 καὶ
1787 5131 1930 5201 μάλα
1958 5132 2038 5184 εἰ·

2158 1963 2280 2002 nem
2314 1948 2387 2002 illi
2420 1948 2644 2018 largitus
2672 1957 2753 2001 est
2784 1966 2798 2000 :
2839 1966 2856 1998 ι
2894 1947 3254 2017 Prtecipiens,
3287 1950 3494 2020 inquit,
3527 1950 3732 2005 sanctis

2157 2039 2435 2107 apostolis,
2468 2054 2604 2106 quos
2626 2039 2811 2105 elegit,
2849 2054 2945 2106 per
2979 2039 3239 2106 Spiritum
3278 2049 3545 2107 sanctum,
3574 2041 3733 2112 104.

2157 2139 2463 2198 assumptus
2496 2139 2579 2184 est
2603 2130 2668 2181 ⁷³.
2711 2148 2731 2179 ι
2769 2127 2922 2183 Hunc
2957 2131 3121 2198 igitur
3152 2132 3242 2201 qui
3279 2140 3480 2184 tantam
3514 2131 3733 2186 Christo

2156 2221 2382 2288 gloriam
2413 2222 2635 2292 largitus
2665 2230 2769 2287 est,
2800 2221 3000 2278 Christi
3034 2236 3248 2277 servum
3280 2220 3563 2294 eliiriunt.]

2806 2400 3080 2503 CAP.‘lll.

2228 2585 2442 2641 Audere
2472 2585 2687 2653 quidem
2717 2599 2745 2638 a
2777 2584 2959 2639 divina
2992 2582 3077 2636 illa
3114 2583 3511 2651 immortalique
3541 2592 3731 2638 natura

2156 2678 2421 2747 Spiritum
2452 2678 2797 2743 abscindere,
2829 2675 3061 2743 improbi
3091 2685 3297 2731 esse-et
3327 2676 3537 2729 scelesti
3567 2675 3730 2728 animi

2153 2784 2374 2833 censeo,
2398 2779 2452 2824 et
2481 2770 2640 2840 longo
2670 2767 2953 2823 intervallo
2982 2768 3051 2821 ab
3077 2782 3145 2821 eo
3175 2768 3316 2837 quod
3344 2765 3597 2819 convenit
3646 2777 3734 2817 rea

2155 2861 2307 2914 moti.
2341 2859 2830 2915 Consubstautinlis
2865 2868 2948 2913 est
2982 2858 3128 2912 enim
3169 2860 3275 2914 Deo
3312 2869 3363 2913 et
3400 2857 3568 2919 Patri,
3601 2844 3732 2924 quin

2154 2954 2317 3006 etiam
2346 2953 2444 3017 ipsi
2473 2967 2685 3019 quoque
2712 2952 2869 3012 Filio.
2898 2962 2952 3008 et
2979 2953 3119 3008 Deus
3142 2961 3349 3006 esse-et
3376 2964 3440 3002 ex
3472 2948 3584 3001 Deo
3610 2960 3733 3001 cre-

2155 3043 2317 3096 ditur.
2346 3039 2452 3094 Sed
2479 3051 2729 3108 oportere
2755 3042 3012 3105 arbitror,
3040 3042 3107 3097 iis
3134 3044 3199 3094 ad
3227 3050 3466 3105 prmscns
3491 3033 3730 3095 omissis.

2156 3131 2317 3185 verba
2357 3148 2475 3200 quae
2521 3147 2664 3186 nunc
2704 3141 2831 3185 sunt
2873 3132 2924 3185 in
2971 3131 3248 3194 manibus,
3293 3127 3634 3190 examinare,
3680 3135 3730 3180 et

2159 3236 2266 3290 quo
2311 3230 2556 3289 spectent
2592 3221 2844 3274 accurate
2892 3219 3221 3289 perspicere.
3258 3234 3277 3268 ι
3312 3215 3599 3281 Mnjorem,
3652 3215 3729 3269 in‘

2157 3314 2296 3384 quit,
2322 3314 2373 3367 in
2403 3313 2577 3380 ipsum
2605 3320 2908 3366 statuentes
2935 3309 3187 3379 injuriam
3214 3307 3487 3380 {nimirum
3522 3307 3574 3359 in
3599 3305 3733 3360 illud

2157 3422 2222 3460 ex
2254 3405 2358 3458 Deo
2394 3402 2554 3457 Patre
2582 3401 2863 3473 Verbum),
2882 3412 2939 3457 et
2964 3400 3227 3467 Spiritum
3257 3417 3286 3453 a
3318 3399 3498 3453 divina
3533 3410 3729 3452 natura

2157 3494 2603 3564 separantes,qui
2638 3493 2755 3563 ejus
2787 3493 3176 3547 humanitatem
3197 3490 3467 3544 formavit.
3493 3508 3512 3541 ι
3533 3488 3730 3553 Cujus-

2158 3599 2315 3650 nam,
2359 3585 2445 3636 vir
2485 3583 2736 3650 optime,
2771 3582 2975 3637 asseris
3020 3581 3409 3636 immanitatem
3455 3595 3485 3633 a
3530 3578 3732 3647 Spiritu

2159 3673 2485 3731 formatam?
2523 3674 2684 3742 Atqui
2731 3673 2930 3727 dudum
2973 3673 3038 3727 de
3078 3674 3196 3741 ipso
3240 3670 3528 3741 Unigeuito
3569 3679 3624 3724 et
3664 3657 3747 3723 cx‘

2159 3763 2269 3818 Deo
2310 3764 2471 3819 Patre
2516 3765 2856 3820 ineﬂabiliter
2890 3773 3019 3818 nato
3053 3765 3215 3818 verba
3256 3763 3468 3817 feceras
3505 3779 3520 3816 :
3560 3762 3731 3830 ipsum

2156 3855 2300 3910 enim
2336 3856 2575 3909 divinam
2610 3863 2857 3910 naturam
2892 3853 3204 3924 appellabas
3237 3873 3250 3909 :
3285 3853 3457 3922 ipsius
3489 3867 3641 3923 ergo,
3675 3860 3729 3905 nt

2155 3948 2373 4016 Opinor,
2408 3962 2516 4000 non
2551 3946 2774 4001 alterius
2811 3945 3200 4001 humanitatem
3234 3945 3393 4000 dicis.
3425 3942 3732 3997 Recordare

2155 4038 2321 4107 igitur
2344 4040 2630 4092 verborum
2662 4046 2873 4091 tuorum
2906 4055 2919 4091 :
2950 4037 3222 4106 propriam
3251 4035 3396 4090 enim
3423 4049 3543 4089 esse
3571 4034 3730 4088 Verbi

2155 4129 2307 4183 illam
2338 4143 2558 4182 carnem
2582 4128 2742 4192 dicis,
2765 4129 2942 4182 anima
2981 4126 3230 4180 rationali
3267 4126 3543 4196 praeditam
3576 4122 3728 4178 scili-

2153 4226 2240 4272 cet
2276 4236 2289 4272 :
2325 4218 2405 4271 sic
2442 4232 2676 4286 namque
2708 4217 2812 4271 erit
2844 4218 2963 4281 ejus
2998 4214 3333 4270 humanitas.
3364 4214 3526 4284 Atqui
3562 4213 3605 4267 si
3645 4213 3729 4281 ip-

2153 4323 2269 4362 sum
2295 4323 2359 4362 ex
2392 4308 2497 4362 Deo
2525 4307 2686 4362 Patre
2709 4305 2939 4363 Verbum
2967 4324 3140 4363 unum
3159 4314 3245 4364 est
3270 4322 3392 4362 cum
3419 4321 3515 4360 sua
3542 4320 3728 4368 carne,

2153 4402 2426 4472 quomodo
2452 4401 2646 4456 divinis
2672 4402 2879 4458 viribus
2907 4418 3031 4459 eum
3064 4403 3303 4472 indigere
3332 4409 3508 4470 putas,
3537 4406 3592 4453 et
3621 4408 3730 4452 ter-

2155 4494 2364 4568 ribilem
2397 4495 2676 4550 daemoniis
2704 4510 2733 4547 a
2767 4493 2970 4564 Spiritu
3002 4504 3192 4549 sancto
3227 4493 3449 4563 factum,
3480 4498 3540 4545 ut
3573 4488 3663 4558 qui
3696 4505 3727 4540 ιι

2151 4598 2249 4639 sua
2277 4594 2468 4639 natura
2497 4585 2548 4638 id
2580 4600 2685 4639 non
2715 4596 2899 4655 posset
2924 4585 3169 4648 ellieere;
3195 4583 3381 4637 adhaic
3406 4581 3595 4643 etiam,
3626 4579 3728 4633 hoc

2151 4676 2329 4746 ipsum
2366 4691 2526 4745 posse
2559 4687 2844 4732 conterere
2879 4675 3165 4737 Satanam,
3193 4674 3349 4742 quasi
3384 4672 3451 4725 ab
3487 4671 3594 4725 alio
3626 4670 3724 4725 da-

2147 4776 2282 4831 tum,
2316 4767 2511 4836 vixque
2542 4768 2682 4821 dono
2713 4764 3021 4833 acceptum?
3053 4765 3109 4819 Si
3146 4765 3313 4835 igitur
3345 4777 3451 4818 non
3484 4762 3725 4833 ignoras,

2146 4873 2407 4928 separare
2448 4856 2707 4927 Spiritum
2750 4873 2781 4912 a
2822 4858 3004 4911 divina
3048 4856 3166 4926 ejus
3210 4865 3434 4919 natura,
3481 4853 3729 4922 turpissi-

2151 4965 2298 5003 mum
2328 4942 2634 5004 habendum
2662 4963 2783 5004 esse
2810 4949 3038 5014 crimen,
3064 4955 3119 5003 et
3142 4948 3361 5018 quidem
3385 4945 3528 5014 jure,
3558 4945 3729 5014 ipsius

2146 5040 2334 5109 procul
2364 5039 2526 5096 dubio
2557 5039 2795 5111 Spiritus
2822 5048 2928 5105 est,
2955 5049 3016 5095 ut
3045 5041 3135 5110 qui
3167 5056 3263 5111 per
3287 5038 3614 5095 ineﬂ'abilem
3643 5036 3725 5107 ip-

2146 5133 2261 5186 sius
2294 5141 2542 5186 naturam
2577 5133 2854 5201 procedat,
2890 5140 2946 5188 et
2978 5132 3079 5202 ipsi
3113 5131 3187 5187 sit
3218 5127 3721 5191 consubstantialis.

517 5313 566 5345 ⁶⁹
602 5310 797 5367 Hattli.
830 5325 867 5376 ι,
895 5311 984 5365 20.
1063 5311 1109 5344 ⁷⁰
1142 5310 1156 5363 Ι
1192 5310 1333 5366 Tim.
1372 5326 1453 5376 Ill,
1484 5310 1570 5365 i6.
1644 5311 1686 5341 ⁷⁸
1720 5309 1908 5364 Matth.
1949 5324 2042 5375 xu,

2155 5350 2160 5364 .
2238 5312 2283 5343 ⁷³
2317 5310 2472 5367 Joan.
2507 5328 2545 5378 ι,
2570 5311 2659 5369 '52.
2738 5312 2786 5346 ¹¹³
2811 5311 2932 5369 Act.
2968 5328 3010 5378 ι,
3045 5312 3099 5367 2.

1719 5484 1880 5540 ΑΝΤ.
1923 5484 2199 5541 AGELLII
2236 5486 2466 5544 ΝΟΤᾸΖ.

518 5646 658 5721 (24)
681 5644 775 5721 Sic
802 5641 1215 5721 distinguendus
1249 5642 1461 5696 videtur
1488 5640 1657 5721 locus,
1690 5648 1750 5693 ut
1792 5648 1913 5721 apte
1943 5655 2035 5721 ea;
2141 5644 2375 5699 ctionem
2406 5643 2675 5721 improbat
2713 5642 2947 5721 Cyrillus
2979 5657 3100 5715 pag.
3141 5641 3266 5708 105,
3297 5649 3352 5699 et
3376 5640 3720 5699 ecclesiasti-

443 5713 541 5776 dat
592 5713 661 5771 ad
696 5713 932 5769 Nestorii
979 5713 1303 5767 sententiam
1341 5728 1354 5763 :

448 5787 761 5853 distinctio,
791 5794 845 5841 et
880 5792 1070 5841 contra
1100 5798 1261 5838 usum
1306 5778 1592 5846 Ecclesia);
1636 5793 1798 5851 quam
1843 5778 2035 5836 distin-

1429 5712 1638 5786 uamvis
1682 5712 1915 5786 pessima
1953 5712 2036 5786 sit
2141 5729 2258 5769 cam
2291 5728 2355 5770 ac
2383 5715 2657 5786 vulgatam
2696 5712 2959 5785 sequitur.
