4080 6442
457 274 558 333 183

1443 291 1501 351 S.
1544 294 1818 355 CYlllLLl
1855 302 2330 366 ALEXANDRINI
2369 314 2692 376 ARCIIIEP.

3618 342 3723 405 l8l

451 398 508 446 et
536 391 610 447 ita
643 394 867 454 minime
897 399 1129 472 indiguil
1161 405 1364 465 virtute
1393 409 1462 467 ab
1490 426 1558 469 eo
1587 415 1747 484 data,
1777 427 1998 492 tanquar

451 493 674 535 externa
714 499 768 535 et
810 492 1026 535 alillnrla
1066 499 1236 535 net-ila
1275 517 1291 533 ο
1332 502 1425 535 ,ολ
1468 515 1653 535 nun..-
1688 514 1862 535 ηυξ---
1907 524 1987 535 .-κ

2097 455 2107 484 ι
2139 428 2329 496 κότως,
2366 434 2531 487 αὐτοῦ
2562 437 2806 507 δηλονότι
2834 442 2895 495 τὸ
2919 444 3141 517 Πνεῦμά
3163 449 3331 518 ἐστιν,
3361 454 3435 518 ὡς
3458 456 3527 510 δι’
3549 462 3719 535 αὐτῆς

447 493 675 542 externa
714 499 768 544 et
810 492 1026 549 aliunde
1066 499 1238 553 ascita
1275 517 1291 557 :
1331 502 1425 559 sed
1468 515 1653 563 utetur
1685 514 1863 579 potius
1907 524 2028 571 tan-

448 588 610 642 quam
652 582 871 650 pmprio
916 583 1141 654 Spiritu,
1182 600 1236 645 et
1275 607 1374 662 per
1408 595 1581 665 ipsum
1628 604 1923 661 terribilem
1965 625 2029 665 se

450 667 731 728 daamoniis
755 678 1021 733 ostendet.
1052 680 1146 736 Sin
1179 684 1270 740 tibi
1302 687 1479 755 placet
1503 707 1598 749 eos
1625 696 1714 763 qui
1744 712 2022 767 separant,

448 760 746 828 impietatis
777 767 1006 826 crimine
1041 772 1305 832 immunes
1337 784 1690 848 pronuntiare
1723 793 2025 857 :quomodo

446 854 602 909 nobis
631 856 831 912 dudum
863 876 958 917 eos
987 863 1216 935 injurios
1242 870 1548 940 appellans,
1577 854 2023 950 postea-teipsum

446 944 498 997 in
525 960 712 1001 eorum
738 966 1021 1008 numerum
1045 957 1245 1013 referre
1261 976 1368 1017 non
1389 966 1593 1020 sentis?
1614 970 1880 1037 siquidem
1904 977 2024 1031 uui-

446 1046 559 1091 tum
582 1040 734 1094 carni
761 1043 886 1098 illud
908 1061 973 1100 ex
1001 1046 1105 1103 Deo
1129 1048 1286 1106 Patre
1306 1050 1540 1111 Verbum
1566 1060 1711 1115 velut
1736 1078 1900 1120 unum
1924 1068 2021 1123 ali-

444 1141 602 1194 quem
631 1144 661 1184 e
688 1142 870 1188 nostro
897 1152 1145 1204 numero,
1170 1151 1222 1196 et
1246 1143 1518 1214 vulgarem
1549 1165 1791 1219 prorsus,
1818 1158 2020 1213 auxilio

443 1221 617 1274 sancti
648 1219 883 1290 Spiritus
909 1227 1200 1300 indiguisse
1226 1234 1382 1300 dicis,
1417 1248 1475 1292 ut
1502 1243 1759 1299 terribilis
1785 1246 2019 1305 immun-

444 1310 526 1364 dis
585 1312 741 1384 105
800 1318 1081 1386 spiritibus
1134 1324 1463 1385 videretur:
1530 1348 1652 1387 nam
1704 1338 1917 1394 etiamsi
1964 1342 2016 1396 in

443 1402 643 1469 Spiritu
688 1408 776 1461 Dei
806 1409 936 1465 dicit
964 1427 1025 1468 se
1057 1415 1260 1485 ejicere
1313 1421 1601 1490 daemonia,
1633 1445 1811 1486 annon
1848 1434 2014 1500 ipsam

438 1498 709 1552 sermonis
737 1501 1189 1569 dispensationem
1229 1513 1363 1568 satis
1400 1519 1773 1577 admirabilem
1835 1528 2016 1585 videre

438 1588 724 1653 Oportuit?
755 1590 1061 1651 Judaorum
1096 1601 1239 1654 enim
1275 1604 1442 1660 duces
1473 1624 1594 1664 cum
1625 1612 1809 1682 gloria:
1845 1622 2013 1675 nostri

441 1676 740 1736 Salvatoris
772 1684 1098 1756 inviderent,
1128 1704 1183 1746 et
1214 1693 1265 1747 in
1303 1710 1424 1750 eum
1450 1714 1512 1754 os
1537 1700 1858 1760 ellrcnatum
1885 1724 2010 1778 ape-

436 1767 630 1831 rirent,
686 1771 1065 1832 obtrectabant
1108 1779 1375 1851 infelices,
1424 1801 1733 1847 asserentes
1782 1809 1905 1849 eum
1955 1798 2006 1851 in
2040 1765 2086 1825 Β

435 1852 736 1913 Beelzebub
778 1863 1022 1934 principe
1053 1867 1439 1928 daemoniorum
1482 1877 1683 1947 ejicere
1722 1883 2006 1943 dmmonia.

434 1944 533 2001 Ille
568 1963 718 2016 vero,
757 1951 917 2008 insita
953 1972 1083 2027 erga
1123 1974 1312 2018 omnes
1354 1982 1481 2022 usus
1505 1974 1914 2044 tranquillitate,
1952 1989 2009 2034 ut

430 2050 698 2107 errantes,
721 2053 882 2113 atque
912 2047 1011 2117 ipsi
1043 2051 1301 2109 dicaciter
1330 2058 1620 2116 detrahere
1644 2062 1902 2134 volentes,
1939 2071 2008 2125 ad

432 2130 713 2187 meliorem
756 2150 978 2193 sensum
1034 2156 1098 2196 ac
1140 2146 1428 2203 veritatem
1466 2153 1637 2221 ipsam
1676 2161 2003 2229 traduceret,

428 2218 655 2288 gloriam
691 2232 901 2292 partam
941 2243 1007 2283 ex
1050 2232 1102 2285 vi
1152 2242 1467 2296 conterendi
1507 2243 1762 2303 Satanam
1807 2251 1880 2305 illi
1920 2268 2004 2307 se-

428 2313 664 2367 cundum
700 2326 946 2374 naturam
979 2321 1091 2379 Deo
1140 2329 1318 2394 potius
1350 2332 1646 2402 tribuebat,
1696 2340 1750 2396 in
1795 2342 2000 2415 Spiritu

426 2402 520 2457 Dei
575 2406 761 2463 dicens
822 2424 880 2465 se
926 2412 1202 2483 improbos
1264 2422 1487 2490 spiritus
1536 2428 1771 2498 ejicere;
1830 2402 2003 2504 teque

420 2492 661 2562 seipsum
710 2499 987 2570 abnegans
1026 2501 1189 2561 Deum
1232 2522 1353 2565 esse
1386 2517 1683 2572 secundum
1725 2531 1996 2591 naturain,

421 2594 478 2637 et
523 2585 788 2655 Spiritum
832 2604 1081 2651 sanctum
1150 2603 1425 2672 preprium
1475 2608 1674 2664 habere
1724 2627 1997 2671 asserens.

422 2673 543 2751 Sed.
577 2679 704 2746 quia
746 2687 1104 2754 congruebat,
1151 2702 1209 2745 et
1265 2694 1448 2749 divino
1491 2699 1725 2755 artiﬁcio
1774 2704 1994 2775 dignum

419 2777 540 2820 erat
584 2771 984 2835 parricidarum
1031 2779 1128 2835 ira:
1166 2786 1380 2851 cedere,
1412 2798 1468 2843 et
1503 2791 1780 2848 hominum
1813 2795 1903 2865 qui
1942 2798 1994 2852 in

419 2872 487 2913 eo
536 2858 987 2936 olIeudebantur,
1039 2877 1357 2934 occasiones
1403 2882 1734 2951 praecidere;
1785 2889 1996 2945 adorie-

417 2951 615 3009 bantur
655 2957 823 3025 enim,
858 2961 1101 3021 dicentes
1134 2985 1148 3021 :
1182 2986 1201 3020 ι
1232 2971 1308 3026 De
1343 2973 1485 3028 bono
1512 2991 1676 3045 opere
1721 2997 1825 3036 non
1860 2984 1996 3053 lapi-

414 3047 605 3104 damus
641 3059 711 3116 te,
745 3055 839 3109 sed
894 3060 959 3111 de
1002 3058 1361 3130 blasphemia,
1399 3069 1525 3136 quia
1575 3078 1629 3124 tu
1674 3072 1836 3130 homo
1863 3047 1985 3131 cum
2015 3102 2062 3163 ο

415 3136 489 3163 οἱ..
545 3139 674 3163 r..-:_
722 3145 847 3163 .-,-__
996 3149 1031 3163 -ι
1185 3151 1226 3163 ..ι
1368 3156 1381 3163 -
1578 3162 1581 3163 ,

414 3136 512 3203 sis,
543 3139 678 3195 l‘acis
722 3145 951 3215 teipsum
995 3149 1162 3205 Deum
1185 3151 1270 3221 τις
1310 3174 1329 3208 ι
1368 3156 1508 3215 hanc
1536 3162 1604 3215 ob
1644 3181 1865 3220 causam
1898 3170 1990 3223 he-

413 3229 577 3301 nigne
626 3236 917 3293 adtttodum
970 3243 1037 3296 ad
1095 3246 1372 3303 hominum
1422 3253 1599 3308 adhuc
1652 3256 1990 3315 iulirmurunt

410 3337 631 3380 sensum
676 3342 737 3384 se
786 3346 1138 3403 componens,
1175 3338 1266 3396 Dei
1301 3340 1562 3412 Spiritum
1598 3347 1795 3416 inquit,
1842 3355 1993 3407 novit

410 3414 555 3469 enim
590 3423 780 3486 probe,
832 3432 890 3479 ut
915 3425 1026 3493 jam
1058 3430 1192 3494 dixi,
1239 3434 1479 3505 seipsum
1525 3452 1648 3495 esse
1684 3457 1748 3495 ex
1796 3453 1987 3497 natura

410 3503 578 3561 Deum
616 3508 776 3566 simul
823 3528 945 3571 cum
973 3515 1156 3586 Patre,
1189 3532 1245 3578 et
1290 3503 1473 3580 omnia
1505 3543 1627 3597 quae
1659 3530 1800 3584 illius
1840 3542 1983 3598 sntit,

368 3588 469 3652 'se
511 3599 731 3665 habere,
772 3617 1131 3680 praeterquam
1185 3614 1236 3668 id
1291 3616 1464 3671 solum
1499 3621 1642 3687 quod
1676 3633 1759 3677 est
1803 3623 1984 3680 Pater.

408 3692 599 3763 Itaque
634 3697 797 3753 etiam
835 3702 1050 3759 dicebat
1087 3707 1154 3761 ad
1194 3710 1342 3763 illum
1378 3730 1391 3766 :
1427 3732 1445 3763 ι
1476 3712 1668 3769 Omnia
1712 3732 1853 3781 mea,
1898 3730 1984 3774 tua

407 3794 553 3851 sunt,
587 3795 641 3841 et
678 3799 764 3844 tua
803 3808 943 3861 mea,
983 3805 1037 3849 et
1067 3798 1400 3867 gloriﬁcatus
1434 3818 1553 3858 sum
1591 3806 1641 3859 in
1685 3807 1925 3877 ipsis";
1962 3830 1981 3861 ι

406 3887 462 3931 et
495 3879 560 3933 ad
601 3897 699 3937 nos
732 3883 876 3953 ipsus
918 3904 1038 3940 cum
1069 3891 1135 3945 de
1170 3890 1374 3960 Spiritu
1415 3905 1605 3952 sancto
1633 3901 1796 3954 verba
1834 3901 1982 3957 face-

406 3980 489 4025 ret
520 3989 532 4025 :
574 3992 592 4024 ι
622 3972 838 4041 Omnia,
874 3979 1073 4049 inquit,
1100 3997 1218 4051 quae
1249 3985 1409 4041 habet
1440 3988 1625 4055 Pater,
1663 4008 1778 4048 mea
1805 4007 1932 4049 sunt
1964 4016 1978 4051 :

404 4072 688 4131 propterea
723 4066 833 4121 dixi
872 4072 1022 4125 vobis
1056 4074 1183 4141 quia
1228 4073 1297 4130 de
1342 4094 1463 4134 meo
1490 4083 1737 4152 accipiet,
1793 4097 1847 4141 et
1892 4104 1982 4141 an-

402 4156 673 4211 nuntiahit
701 4158 851 4215 vobis
871 4161 938 4217 ⁷⁸.
975 4182 993 4214 ι
1028 4161 1097 4217 Ut
1126 4166 1268 4220 enim
1302 4172 1542 4237 procedit
1574 4188 1637 4228 ex
1671 4174 1831 4232 Patre
1857 4178 1980 4248 Spi-

402 4247 535 4301 ritus
584 4262 825 4318 sanctus,
870 4270 990 4309 cum
1041 4257 1111 4311 sit
1151 4258 1321 4327 ipsius
1351 4265 1647 4320 secundum
1702 4278 1975 4336 naturam,

399 4341 587 4397 eodem
621 4340 835 4415 quoque
861 4348 1018 4403 modo
1044 4365 1141 4419 per
1167 4353 1337 4422 ipsum
1368 4354 1585 4424 Filium,
1617 4375 1737 4413 cum
1765 4360 1835 4415 sit
1857 4363 1977 4430 eius

400 4434 743 4501 naturaliter,
779 4438 990 4508 ipsique
1022 4444 1522 4501 consubstantialis.
1559 4449 1699 4517 Ergo
1725 4456 1975 4519 quamvis
2012 4436 2052 4489 θ

397 4539 493 4590 per
525 4522 786 4593 Spiritum
813 4522 1173 4601 gloriﬁcctur,
1208 4536 1323 4604 ipse
1373 4542 1552 4594 tamen
1582 4541 1818 4611 seipsum
1851 4552 1977 4599 tan-

396 4628 555 4682 quam
594 4634 692 4687 per
729 4624 1003 4692 proprium
1062 4624 1322 4695 Spiritum
1361 4629 1671 4696 gloriﬁcare
1720 4634 1976 4705 intelligi-

398 4716 520 4771 tur;
556 4725 730 4779 ncque
773 4727 835 4767 ea
893 4731 981 4771 res
1017 4716 1088 4769 illi
1134 4721 1475 4776 extrinsecus
1526 4722 1766 4790 advenit,
1810 4728 1971 4781 etiam

394 4794 438 4847 si
473 4795 648 4853 factus
688 4800 848 4855 homo
879 4806 1050 4859 nostri
1081 4807 1277 4863 similis
1304 4810 1572 4865 videatur.
1602 4811 1970 4871 Periculosum

393 4895 477 4940 est
504 4897 682 4945 autem
712 4894 777 4947 ad
814 4895 916 4949 hoc
941 4898 1104 4949 etiam
1145 4898 1274 4953 illud
1311 4901 1492 4956 dicere
1521 4903 1586 4957 de
1622 4916 1814 4961 sancto
1847 4908 1967 4977 Spi-

396 4978 522 5045 ritu,
554 4988 643 5050 qut
674 5000 893 5041 carnem
930 4988 1100 5057 ipsius
1131 4988 1310 5045 eil‘ecit
1345 4994 1601 5060 templum
1633 5015 1647 5051 :
1683 5009 1802 5054 erat
1825 5004 1968 5057 enim

393 5083 520 5123 caro
551 5076 767 5143 propria
797 5076 978 5141 Verbi,
1037 5080 1197 5148 idque
1229 5082 1390 5151 paulo
1421 5095 1546 5139 ante
1596 5087 1712 5158 ipse
1756 5094 1971 5149 confes-

393 5175 483 5214 sus
523 5178 617 5230 es;
658 5167 825 5235 ipsius
870 5171 1013 5224 enim
1063 5187 1186 5226 esse
1235 5175 1623 5232 humanitatem
1668 5181 1873 5249 dixisti,
1913 5196 1968 5239 et

394 5255 648 5323 templum
683 5259 850 5326 ipsius
879 5260 977 5315 fuit
1011 5274 1260 5319 sanctum
1294 5266 1419 5320 illud
1455 5285 1652 5339 corpus
1678 5290 1740 5329 ex
1775 5290 1965 5334 sancta

394 5342 613 5416 Virgine
659 5362 953 5420 sumptum.
992 5355 1151 5426 106
1177 5355 1432 5427 Proprias
1474 5363 1600 5418 item
1654 5367 1827 5434 ipsius
1879 5372 1967 5425 ille

391 5436 508 5504 ejus
537 5438 792 5509 Spiritus,
827 5463 999 5514 neque
1028 5465 1263 5516 unquam
1302 5451 1427 5507 illud
1459 5456 1549 5511 Dei
1588 5457 1819 5514 Verbum
1849 5465 1964 5517 sine

391 5545 489 5586 suo
520 5533 725 5602 Spiritu
765 5538 1099 5610 intciligitur.
1137 5542 1361 5599 Praestat
1391 5548 1549 5618 igitur
1575 5568 1637 5606 ae
1668 5556 1963 5620 sapientius

460 5708 505 5739 "
539 5707 693 5767 Joan.
735 5729 785 5777 ti,
832 5714 917 5769 55.
955 5718 996 5746 ⁷⁸⁸
1034 5715 1184 5774 Juan.
1228 5737 1358 5787 xm,
1404 5722 1481 5776 l0.
1563 5725 1606 5755 ⁷⁸
1642 5725 1794 5782 Juuu.
1838 5745 1947 5797 χιι,
1978 5731 2061 5785 15.

2132 520 2320 588 προϊὸν
2351 522 2447 590 τῆς
2495 526 2813 598 ἀπορρήτου
2845 532 3061 599 φύσεως
3090 538 3279 603 αὐτοῦ,
3310 544 3405 596 καὶ
3433 548 3718 616 ὀμοούσιον

2128 612 2295 682 αύτῷ,
2329 616 2421 667 καὶ
2451 617 2550 670 οὐκ
2578 618 2644 671 ἂν
2670 620 2864 695 ἐδεήθη
2898 626 3152 701 καθᾶπερ
3197 634 3343 699 τινὸς
3380 612 3482 707 τῆς
3514 639 3715 707 ἔξωθέν

2125 719 2185 755 τε
2220 705 2308 757 καὶ
2336 707 2580 778 ὲπακτῆς
2615 710 2899 783 δυνάμεως
2927 718 3028 789 τῆς
3053 723 3185 793 παρῗ
3212 726 3412 780 αὐτοῦ’
3438 705 3713 801 ἠχρήσεται

2124 794 2181 846 δὲ
2209 797 2410 864 μᾶλλον
2430 799 2505 864 ὡς
2534 801 2650 872 ίδίῳ
2678 805 2978 876 Πνεύματι,
3008 813 3103 865 καὶ
3130 814 3361 887 φοϐερδν
3386 794 3577 877 saviist
3596 830 3710 891 τοῖς

2124 885 2377 957 δαίμοσιν
2409 892 2681 961 ἀποφανεῖ
2703 895 2769 948 δι’
2797 899 2983 954 αὑτοῦ.
3015 903 3080 956 Εί
3112 904 3170 958 δέ
3203 885 3283 960 σοι
3312 909 3464 965 δοκεῖ
3490 914 3598 968 τῶν
3626 885 3707 981 εἰς

2122 979 2441 1036 δυσσέϐειαν
2465 984 2828 1075 ἐγκλημάτων
2850 992 3173 1062 ἀποφαίνειν
3187 1001 3388 1071 ἠμοιρη
3398 1005 3559 1069 κὸτας
3575 979 3705 1075 τοὺς

2123 1072 2547 1143 ἀποτέμνοντας,
2585 1079 2703 1143 πῶς
2736 1074 2870 1150 ἡμῖν
2900 1084 3103 1156 ἀρτίως
3133 1090 3396 1161 ὑϐριστὰς
3417 1072 3704 1168 ὀνομάζεις

2123 1160 2233 1232 Ιῐσ.
2259 1162 2567 1238 ὠνόμαζες]
2612 1170 2841 1238 αὑτούς;
2880 1171 3010 1229 Εἶτα
3039 1160 3253 1245 τούτοις
3292 1187 3487 1240 σαυτὸν
3511 1160 3700 1262 ὲνᾷριξ

2121 1257 2279 1327 θμιον
2312 1260 2412 1314 οὐκ
2440 1262 2670 1334 αίσθάνῃ
2707 1266 2897 1331 ποιῶν,
2935 1271 3093 1343 είπερ
3121 1274 3388 1332 ένωθέντα
3420 1285 3582 1353 σαρκὶ
3606 1257 3700 1338 τὸν

2119 1350 2182 1402 ὲκ
2215 1350 2351 1403 Θεοῦ
2382 1353 2588 1424 Πατρὶς
2622 1358 2813 1423 Λόγον,
2850 1361 3101 1435 καθάπερ
3131 1366 3226 1421 ἕνα
3267 1371 3389 1424 τινὰ
3422 1350 3532 1440 τῷν
3562 1375 3703 1429 καθ’

2119 1440 2287 1509 ἡμᾶς,
2313 1444 2407 1494 καὶ
2433 1445 2610 1499 κοινὸν
2650 1447 2858 1515 ἀπλῶς,
2880 1452 2978 1521 τῆς
3006 1453 3102 1506 τοῦ
3130 1458 3268 1511 Πνεύ
3278 1477 3445 1528 ματος
3473 1465 3698 1519 ἐπικου-

2119 1536 2241 1605 ρίας
2287 1535 2570 1607 δεδεῆσθαι
2616 1541 2743 1611 φὴς,
2779 1543 2865 1596 ἵνα
2925 1547 3155 1618 φοϐερὸς
3202 1555 3315 1615 τοῖς
3361 1556 3698 1628 ἀκαθάρτοις

2116 1625 2288 1696 ὁρῷτο
2322 1629 2643 1699 πνεύμασιν.
2670 1634 2732 1686 Et
2762 1635 2872 1705 γὰρ
2900 1639 2991 1691 καὶ
3018 1640 3076 1692 ὲν
3107 1641 3382 1713 Πνεύματι
3413 1625 3556 1702 Θεοῦ.
3580 1668 3693 1722 φη-

2118 1738 2203 1776 σιν
2239 1725 2432 1779 ἑαυτὸν
2459 1727 2742 1782 ἐκϐάλλειν
2765 1731 2836 1786 τὰ
2869 1731 3145 1803 δαιμόνια,
3185 1738 3301 1800 πῶς
3324 1740 3423 1793 οὐκ
3455 1740 3563 1795 ἔδει
3596 1742 3695 1796 τοῦ

2113 1814 2271 1883 λόγου
2297 1816 2395 1886 τὴν
2419 1819 2734 1889 οἰκονομίαν
2756 1820 3085 1890 ἀξιάγαστον
3110 1822 3274 1880 οὖσαν
3300 1829 3461 1895 ίδεῖν;
3491 1833 3554 1885 Ol
3588 1834 3688 1903 μὲν

2112 1907 2220 1979 γὰρ
2244 1908 2354 1963 τῶν
2385 1911 2653 1965 Ἰουδαίων
2681 1912 3014 1985 καθηγηταί,
3040 1920 3106 1988 τῇ
3134 1919 3228 1972 τοῦ
3251 1921 3502 1993 Σωτῆρος
3531 1923 3690 1993 ἡμῶν

2110 2000 2330 2071 εὐκλείᾳ
2361 2001 2795 2075 διεφθονηκότες,
2827 2007 2922 2058 καὶ
2951 2007 3235 2063 ἀπύλωτον
3271 2013 3360 2065 ἐπ’
3382 2013 3531 2084 αὐτῷ
3559 2013 3690 2068 διοιο

2109 2091 2332 2159 γνύντες
2360 2092 2554 2163 στόμα,
2582 2095 2993 2168 κατεφλυάρουν
3026 2100 3076 2152 oi
3107 2100 3350 2165 δείλαιοι,
3384 2103 3689 2171 φάσκοντες

2107 2181 2166 2234 ιν
2197 2179 2527 2245 Βεελζεϐοὺλ
2565 2184 2787 2256 ἄρχοντι
2820 2185 2931 2239 τῶν
2962 2188 3259 2258 δαιμονίων
3303 2190 3584 2248 ἐκϐάλλειν
3615 2193 3689 2248 τὰ

2104 2271 2377 2340 δαιμόνια.
2418 2274 2475 2327 '0
2506 2275 2564 2327 δὲ
2608 2278 2674 2346 τῇ
2723 2278 2947 2349 ὲμφύτῳ
2982 2280 3121 2352 πρὸς
3168 2281 3415 2348 ἅπαντας
3450 2284 3684 2357 γαληνό-

2106 2378 2226 2433 τητι
2259 2365 2616 2435 κεχρημένος,
2648 2368 2741 2421 καὶ
2773 2368 3034 2436 μεθιστὰς
3059 2376 3183 2436 τοὺς
3210 2374 3683 2445 πεπλανημένους,

2104 2456 2270 2524 ἤγουν
2318 2455 2709 2528 ἀθυροστομεῖν
2752 2460 3035 2527 ἐθέλοντας
3078 2464 3165 2516 ἐπ’
3212 2466 3389 2537 αὐτῷ,
3428 2468 3565 2538 πρὸς
3619 2468 3686 2521 τὸ

2102 2547 2323 2616 ἄμεινόν
2357 2564 2419 2600 τε
2448 2548 2543 2601 καὶ
2570 2548 2790 2620 ἀληθὲς,
2817 2552 2937 2621 Θεῷ
2963 2552 3026 2624 δὴ
3072 2555 3271 2624 μᾶλλον
3303 2556 3382 2626 τῷ
3411 2557 3551 2610 κατά
3578 2557 3682 2626 φύ-

2103 2657 2206 2703 σιν,
2232 2638 2334 2709 τὴν
2369 2638 2465 2692 ἐπί
2493 2656 2557 2709 γε
2585 2641 2663 2711 τῷ
2688 2643 2948 2719 δύνασθαι
2980 2646 3289 2716 συντρίϐειν
3311 2648 3403 2700 τὸν
3431 2648 3682 2703 Σατανᾶν

2100 2729 2335 2784 ἀνετίθει
2358 2730 2548 2796 δόξαν,
2579 2733 2637 2785 ἐν
2667 2733 2947 2803 Πνεύματι
2973 2735 3111 2788 θεοῦ
3148 2736 3323 2806 λέγων
3352 2739 3419 2791 τὰ
3464 2740 3683 2809 πονηρά

2097 2821 2313 2877 διώκειν
2347 2824 2668 2895 πνεύματαο
2702 2828 2795 2879 καὶ⁸
2836 2828 2935 2880 οὐκ
2985 2828 3089 2892 ἔξω
3138 2830 3307 2895 τιθεὶς
3342 2830 3532 2883 ἑαυτὸν
3578 2829 3675 2883 τοῦ

2099 2914 2242 2968 κατά
2269 2914 2431 2984 φύσιν
2458 2912 2596 2971 εἶναι
2625 2917 2775 2982 Θεὸν,
2807 2919 2901 2971 καὶ
2934 2919 3064 2973 ἴδιον
3091 2920 3236 2990 ἔχειν
3260 2921 3319 2975 τὸ
3357 2921 3583 2992 Πνεῦμα
3612 2922 3678 2979 τὸ

2099 3005 2274 3073 ἅγιον.
2308 3007 2526 3078 Ἐπειδὴ
2555 3008 2613 3060 δὲ
2638 3004 2706 3078 ἦν
2739 3011 3055 3077 ἀκόλουθον,
3087 3014 3181 3065 καὶ
3219 3014 3557 3085 θεοπρεποῦς
3586 3015 3676 3067 εὑ-

2093 3101 2307 3166 τεχνίας
2335 3097 2506 3162 ἀξιον,
2534 3099 2632 3163 τὰς
2664 3100 2771 3154 τῶν
2809 3102 3095 3170 φονώντων
3119 3105 3441 3174 ὑποτρέχειν
3474 3106 3672 3177 ὀργὰς,

2097 3188 2191 3242 καὶ
2226 3190 2322 3252 τὰς
2355 3192 2463 3243 τῶν
2493 3191 2578 3244 ἐπ’
2600 3191 2749 3262 αὐτῷ
2781 3193 3282 3265 σκανδαλιζομένων
3323 3195 3673 3265 περικόπτειν

2092 3280 2382 3351 ἀφορμάς·
2419 3281 2718 3351 ἐπεφύοντο
2771 3284 2882 3356 γὰρ
2937 3284 3221 3353 λέγοντες·
3267 3304 3287 3336 ι
3318 3286 3452 3357 Περὶ
3500 3285 3671 3338 καλοῦ

2093 3372 2255 3443 ἔργου
2284 3373 2343 3427 οὐ
2379 3372 2669 3445 λιθάζομέν
2705 3392 2785 3439 σε,
2828 3376 2964 3430 ἀλλὰ
3011 3378 3136 3448 περὶ
3174 3376 3555 3447 βλασφημίας·
3586 3378 3671 3430 ὅτι

2094 3466 2178 3529 σὺ,
2204 3466 2485 3536 ἄνθρωπος
2505 3466 2603 3529 ὢν,
2626 3470 2796 3531 ⁸ποιεῖς
2825 3469 3049 3522 σεαυτὸν
3069 3471 3222 3522 Θεόν·
3237 3489 3258 3522 ›
3275 3470 3444 3540 ταύτῃ
3469 3486 3552 3523 τοι
3576 3472 3671 3523 καί

2093 3555 2230 3624 ἄγαν
2255 3556 2507 3623 ἀστείως,
2536 3562 2650 3623 τοῖς
2677 3559 2997 3614 ἀσθενοῦσιν
3020 3560 3101 3615 ἔτι
3136 3562 3668 3633 συγκαθιστάμενος,

2089 3645 2223 3698 Θεοῦ
2248 3647 2308 3699 τὸ
2332 3645 2549 3717 πνεῦμά
2572 3666 2737 3718 φησιν
2755 3667 2767 3680 ·
2796 3647 2906 3703 οἶδε
2939 3650 3048 3722 γὰρ
3070 3647 3231 3716 οἶδεν,
3252 3653 3328 3716 ὡς
3355 3654 3511 3723 ἔφην,
3539 3656 3668 3706 ἑαυ-

2086 3738 2182 3791 τὸν
2234 3738 2365 3793 ὄντα
2413 3739 2573 3808 φύσει
2630 3742 2764 3795 Θεὸν
2810 3742 2948 3813 ὁμοῦ
2997 3743 3077 3813 τῷ
3132 3748 3525 3814 γεγεννηκότι,
3570 3747 3667 3800 καὶ

2088 3831 2266 3884 πάντα
2304 3830 2498 3901 ἔχοντα
2529 3833 2714 3899 αὑτοῦ,
2760 3834 2881 3904 δίχα
2930 3835 3092 3905 μόνον
3129 3837 3224 3889 τοῦ
3268 3833 3403 3889 εἶναι
3448 3838 3660 3910 Πατήρ.

2086 3925 2377 3995 Τοιγάρτοι
2420 3927 2514 3979 καὶ
2546 3926 2753 3995 ἔφασκε
2811 3928 2946 3999 πρὸς
2982 3930 3173 3990 αὑτὸν,
3215 3949 3234 3982 ι
3265 3932 3346 3984 ὅτι
3371 3931 3564 4013 ⁵ΙῙάντα
3591 3931 3666 3985 τὰ

2085 4016 2213 4087 ἐμὰ,
2241 4017 2310 4071 σά
2339 4019 2477 4079 ὲστι,
2513 4019 2603 4071 καὶ
2632 4017 2702 4071 τὰ
2730 4018 2816 4081 σὰ,
2844 4019 2979 4088 ὲμά·
3008 4020 3100 4073 καὶ
3124 4019 3448 4091 δεδόξασμαι
3477 4023 3535 4074 ὲν
3565 4023 3664 4074 αὑ-

2081 4111 2213 4172 τοῖς.
2245 4128 2263 4160 t
2310 4110 2415 4162 Καὶ
2457 4110 2593 4181 πρός
2640 4126 2703 4177 γε
2749 4110 2896 4181 ἡμᾶς
2936 4109 3131 4173 αὐτοὺς
3181 4112 3307 4181 περὶ
3352 4110 3448 4163 τοῦ
3504 4111 3659 4179 ἁγίου

2082 4198 2401 4267 Πνεύματος
2430 4201 2556 4262 τοὺς
2583 4199 2773 4267 λόγους
2804 4200 3142 4270 ποιούμενος,
3183 4219 3201 4251 ι
3234 4202 3438 4266 Πάντα,
3470 4202 3658 4271 φησιν,

2079 4289 2180 4341 ὅσα
2211 4289 2321 4357 ἔχει
2357 4290 2385 4340 ὁ
2431 4289 2637 4359 Πατὴρ,
2676 4291 2785 4358 ὲμά
2813 4294 2963 4343 ἐστι*
2994 4292 3079 4344 διὰ
3114 4292 3269 4348 τοῦτο
3303 4286 3458 4345 εἷπον
3504 4294 3655 4361 ὑμῖν,

2080 4380 2162 4431 δτι
2189 4380 2254 4431 ὲκ
2284 4378 2378 4430 τοῦ
2408 4380 2542 4447 ἐμοῦ
2585 4380 2814 4449 λήψεται
2842 4383 2934 4435 καὶ
2979 4384 3268 4451 ἀναγγελεῖ
3298 4385 3443 4453 ὑμῖν.
3475 4404 3493 4434 ι
3527 4384 3659 4437 Ὥσ-

2082 4486 2188 4540 περ
2216 4471 2325 4540 γὰρ
2355 4471 2599 4540 πρόεισιν
2628 4477 2691 4524 ἐκ
2722 4475 2813 4526 τοῦ
2840 4476 3051 4547 Πατρδς
3079 4476 3140 4529 τὸ
3172 4477 3394 4545 Πνεῦμα
3417 4478 3478 4530 τὸ
3501 4477 3657 4544 ἆγιον

2079 4561 2242 4615 αὐτοῦ
2270 4562 2410 4615 κατά
2443 4563 2602 4630 φύσιν
2632 4566 2904 4635 ύπάρχονο
2932 4568 3028 4620 καὶ
3058 4568 3201 4620 κατὰ
3223 4568 3316 4622 τὸν
3342 4569 3455 4621 ἴσον
3480 4568 3655 4636 τούτ’;›

2075 4653 2275 4724 τρᾶπον
2314 4655 2406 4707 καὶ
2437 4655 2502 4707 δι’
2543 4657 2709 4708 αὑτοῦ
2746 4658 2839 4709 τοῦ
2876 4658 3030 4721 Υἱοῦ,
3077 4660 3320 4727 φυσικῶς
3365 4661 3424 4713 ὃν
3460 4661 3651 4725 αὐτοῦ,

2077 4744 2168 4797 καὶ
2197 4745 2481 4814 ὀμοούσιον
2530 4747 2697 4816 αὐτῷ.
2724 4747 2934 4801 υὺκοῦν
2964 4749 3065 4802 κᾶν
3104 4750 3392 4821 δοξάζηται
3430 4752 3517 4805 διὰ
3558 4752 3653 4805 τοῦ

2076 4835 2423 4904 Πνεύματος,
2466 4836 2626 4898 αὐτὸς
2679 4838 2886 4902 ἑαυτὸν,
2923 4838 2999 4903 ὡς
3045 4840 3113 4893 δι’
3158 4841 3287 4893 ίδίου
3338 4842 3653 4913 ῐΙνεύματος

2074 4928 2271 4979 νοεῖται
2294 4925 2553 4991 δοξάζων,
2580 4928 2673 4979 καὶ
2699 4931 2794 4999 οὐχ
2823 4930 2897 4993 ὡς
2921 4931 3153 5002 θύραθεν
3176 4933 3235 4986 τὸ
3263 4936 3453 5005 χρῆμα
3483 4936 3649 5005 αὐτῷ,

2077 5014 2180 5068 κᾶν
2213 5018 2261 5067 εί
2294 5016 2467 5086 ὁρῷτο
2517 5017 2761 5085 γεγονὼς
2794 5019 3079 5090 ἄνθρωπος
3126 5023 3251 5076 καθ’
3280 5025 3446 5093 ἡμᾶς.
3491 5024 3645 5078 Ἀναι

2078 5106 2300 5173 σφαλεὶς
2336 5106 2445 5179 [ἵσ.
2480 5109 2839 5183 ,Ἀνασφαλὲς]
2875 5112 2930 5165 δὲ
2960 5115 3093 5183 πρὸς
3122 5114 3294 5186 τούτῳ
3325 5119 3547 5171 κάκεῖνο
3575 5120 3646 5171 εἰ·

2073 5198 2193 5249 πεῖν
2223 5196 2351 5266 περὶ
2383 5198 2473 5250 τοῦ
2508 5200 2853 5269 Πνεύμστος,
2895 5203 2975 5267 τὸ,
3009 5204 3106 5275 τὴν
3137 5206 3315 5277 σάρκα
3330 5210 3441 5279 τὴν
3486 5209 3650 5263 αὐτοὶ

2071 5287 2437 5357 πεποιημένον
2477 5290 2634 5342 ναόν·
2680 5287 2747 5361 ἦν
2795 5293 2893 5361 μὲν
2924 5294 3028 5366 γὰρ
3054 5296 3085 5365 ἡ
3115 5296 3253 5366 σὰρξ
3281 5298 3385 5352 ἰδία
3424 5302 3519 5354 τοῦ
3547 5301 3645 5353 Λό-

2072 5392 2189 5443 γου,
2228 5377 2321 5430 καὶ
2368 5378 2524 5431 τοῦτο
2568 5382 2698 5449 ἡμῖν
2748 5383 2948 5452 ἀρτίως
2986 5386 3401 5459 διωμολόγηκας
3451 5393 3646 5454 αὐτός·

2070 5466 2233 5519 αὐτοῦ
2280 5468 2386 5538 γὰρ
2432 5468 2564 5539 ἔφης
2599 5468 2867 5544 εἶναιτὴν
2919 5476 3346 5571 ἀνθρωπότητα,
3382 5484 3475 5536 καὶ
3524 5484 3646 5548 ναὸς

2068 5557 2229 5609 αὐτοῦ
2267 5563 2669 5631 κεχρηματικεν
2717 5565 2773 5618 τὸ
2810 5567 2873 5621 ἐκ
2909 5557 3193 5639 τῆςάγίας
3246 5573 3523 5643 Παρθένου
3555 5574 3648 5649 λη-
