4080 6478
350 456 456 512 189

418 569 485 644 [ι
529 569 591 622 '0
631 568 865 639 τρώγων
902 585 1006 639 μου
1045 567 1144 640 τὴν
1180 567 1358 636 σάρκα
1407 566 1500 618 καὶ
1533 565 1702 616 πὶνων
1741 579 1842 632 μου
1891 558 1950 612 τὸ
1981 565 2026 618 Α

347 661 512 730 αἷμα.
559 663 618 713 ἐν
653 662 784 731 ἐμοὶ
821 660 996 731 μένει,
1030 658 1185 727 κάγὼ
1219 660 1274 710 ὲν
1313 656 1478 727 αὐτῷ.
1511 677 1528 709 ι
1565 655 1951 725 Μνημονευσον

349 755 429 806 ὃτι
455 769 523 804 πε
532 754 591 821 pi.
611 751 716 820 τῆς
741 751 946 820 σαρκὸς
972 751 1035 802 τὸ
1055 750 1365 818 λεγόμενον.
1395 767 1414 800 ι
1444 746 1641 810 Καθὼς
1666 742 1952 798 ἀπέστειλέ

358 859 421 912 με
448 843 475 892 6
512 841 626 905 ζῶν
664 840 880 911 Πατὴρ,
904 860 921 890 ι
962 840 1065 909 ἐμὲ
1094 839 1185 891 τὸν
1219 838 1564 908 φαινόμενον.
1603 837 1745 888 ’Λλϊ
1779 835 1949 887 ἐνίοτε

359 932 791 1002 παρερμηνεὺω.
834 929 1189 1001 Ἀκούσωμεν
1240 933 1304 983 ἐκ
1356 929 1465 983 τῶν
1517 929 1664 997 ἑξῆς.
1704 945 1722 977 ι
1755 925 1952 988 Καθὼς

359 1024 648 1079 ἀπέστειλέ
685 1041 754 1094 με
779 1025 808 1076 ὁ
838 1023 947 1087 ζῶν
983 1024 1195 1092 Πατήρο
1222 1041 1240 1072 ι
1277 1023 1482 1084 ἐκεῖνος
1513 1020 1662 1087 λέγει
1701 1018 1800 1088 τὴν
1835 1017 1951 1069 θεό-

354 1130 506 1181 τητα,
555 1111 674 1180 ἐγὼ
708 1111 809 1182 τὴν
846 1111 1268 1181 ἀνθρωπότητα.
1305 1111 1532 1179 Ἰδωμεν
1565 1109 1647 1171 τίς
1677 1110 1704 1161 6
1738 1123 1945 1176 παρερο

355 1203 632 1272 μηνεύων.
667 1202 836 1270 Λέγει
877 1204 905 1254 ὁ
937 1202 1211 1272 αἱρετικὸς
1253 1201 1488 1254 ἐνταῦθα
1532 1201 1631 1271 τὴν
1679 1199 1943 1267 οεότητα*

349 1295 680 1349 ἀπέστειλεν
711 1295 814 1364 ἐμὲ
845 1294 939 1346 τὸν
968 1294 1100 1347 Θεὸν
1139 1295 1338 1362 Λόγον·
1376 1313 1396 1345 ι
1423 1292 1622 1369 Καοῲς
1659 1289 1947 1344 ἀπέστειλὲ

349 1405 418 1456 με
445 1390 473 1440 ὁ
512 1386 626 1451 ζῶν
674 1387 891 1458 Πατὴρ,
924 1406 943 1438 ι
971 1389 1090 1439 κατ’
1123 1389 1328 1440 ἐκεῖνον
1364 1405 1381 1437 ι
1407 1385 1562 1452 κάγὼ
1583 1384 1679 1449 ζῶ,
1707 1403 1725 1434 ι
1761 1385 1788 1435 6
1816 1381 1947 1444 Θεὸς

340 1477 524 1544 Λόγος
561 1496 582 1527 ι
615 1478 711 1530 διὰ
740 1477 831 1530 τὸν
873 1477 1110 1548 Πατέρα.
1149 1497 1166 1529 ι
1193 1473 1326 1531 Εἶτα
1353 1476 1489 1546 μετὰ
1515 1475 1701 1528 τοῦτο’
1741 1493 1757 1524 ι
1783 1475 1891 1526 Καὶ
1920 1475 1947 1526 6

340 1570 582 1640 τρώγων
616 1588 710 1640 με,
742 1572 996 1632 κάκεῖνος
1040 1571 1283 1634 ζήσεται.
1313 1588 1330 1621 ι
1378 1570 1508 1622 Τενα
1545 1568 1816 1637 ἐσθίομεν,
1846 1567 1944 1638 τὴν

343 1659 604 1727 θεὸτητα.
638 1663 672 1732 ἦ
705 1662 805 1731 τὴν
841 1661 1019 1731 σάρκα
1041 1659 1094 1731 ;‘,

962 1966 1212 2020 ΚΕΦΛᾹ.
1249 1969 1320 2020 Δί.

424 2104 611 2171 Μάνην
635 2101 700 2171 δὴ
729 2093 824 2152 οὖν
857 2098 1194 2152 ἀπεστάλθαι
1228 2098 1324 2168 τὴν
1358 2099 1535 2166 σάρκα
1572 2098 1696 2166 φὴς,
1729 2099 1820 2152 καὶ
1845 2099 1940 2151 αὖ·

359 2193 459 2264 τὴν
490 2188 627 2245 εἶναι
669 2189 1005 2253 διαϐεϐαιοίς
1054 2189 1146 2242 τὸν
1199 2190 1559 2258 φαινόμενον·
1614 2190 1826 2260 ἀπνεγρη
1875 2189 1938 2260 δὴ

365 2282 460 2338 οὖν
507 2285 603 2336 καὶ
641 2284 800 2344 μόνον
857 2283 988 2351 ἡμῖν
1035 2283 1114 2344 εἰς
1148 2282 1207 2334 τὸ
1253 2279 1508 2334 δύνασθαι
1556 2280 1840 2344 ζωοποιεῖν
1880 2281 1942 2334 το

366 2377 582 2445 θανάτῳ
618 2375 1068 2444 τυραννούμενον.
1097 2373 1161 2425 Τί
1201 2367 1292 2425 οὖν
1331 2373 1387 2424 at
1431 2372 1772 2424 Οεοπνευστοι
1798 2374 1940 2443 Γρα-

353 2468 454 2534 «pati
505 2465 814 2535 ραιξῳδοῦσι
855 2465 1035 2535 μάτην
1079 2464 1256 2532 σάρκα
1291 2461 1541 2529 γενέσθαι
1572 2462 1662 2514 τὸν
1692 2463 1754 2514 ὲκ
1803 2462 1937 2516 Θεοῦ

349 2558 567 2625 [ἰατρὸς
597 2556 791 2621 Λόγον,
843 2557 956 2608 ἄνω
995 2571 1057 2605 τε
1099 2555 1191 2606 καὶ
1240 2554 1389 2606 κάτω
1440 2551 1936 2622 διισχυριζόμεναι;

342 2647 486 2699 Ποῖα
527 2647 634 2716 γάρ
668 2645 806 2707 ὅλως
847 2644 1045 2712 γένοιτ’
1070 2642 1136 2696 ἂν
1169 2642 1261 2695 τοῦ
1293 2643 1467 2708 Λόγου
1505 2641 1683 2711 χρεία,
1713 2641 1814 2710 τῆς
1843 2642 1939 2693 ἀν-

339 2736 630 2806 θρωπίνης
683 2735 902 2804 φύσεως
953 2733 1285 2804 ἀποχρώσης
1321 2735 1474 2802 ἡμῖν,
1525 2733 1627 2786 κᾶν
1669 2734 1717 2785 εἰ
1766 2736 1940 2788 νοοῖτο

343 2829 482 2898 μόνη
517 2827 617 2880 καὶ
649 2826 774 2879 καθ’
821 2827 1042 2896 ἑαυτὴν,
1078 2825 1157 2888 εῖς
1199 2843 1261 2894 γε
1283 2825 1343 2877 τὸ
1364 2824 1623 2878 δύνασθαι
1655 2827 1936 2897 καταργῆ-

341 2937 433 2971 σαι
476 2918 734 2980 Θάνατον,
769 2917 862 2970 καὶ¹
891 2918 952 2970 τὸ
987 2917 1084 2985 τῆς
1117 2915 1323 2986 φθοράς
1358 2914 1669 2986 παραλῦσαι
1698 2917 1933 2986 κράτος;

339 3005 452 3057 Καὶ
484 3003 652 3073 εἴπερ
683 3004 852 3068 ἐστὶν,
884 3002 1072 3075 ὥσπερ
1101 3000 1192 3056 οὖν
1217 3005 1316 3056 οῖει
1348 3004 1442 3055 καί
1473 3002 1716 3068 δοξάζειν
1741 3003 1934 3069 ἀξιοῖς,

337 3096 437 3164 οὐχ
467 3098 496 3147 6
527 3095 667 3158 Θεὸς
711 3095 884 3164 Λόγος
915 3096 943 3148 6
974 3094 1389 3165 ἀπεσταλμένος
1422 3093 1509 3146 διὰ
1547 3093 1640 3145 τοῦ
1684 3095 1937 3162 γενέσθαι

337 3186 465 3239 καθ’
488 3188 666 3257 ἡμᾶς,
707 3188 842 3256 μόνη
881 3188 957 3250 δὲ,
989 3186 1065 3251 ὡς
1098 3187 1256 3258 ἔφης,
1292 3187 1630 3241 ἀπέσταλται
1660 3186 1810 3257 παρὰ
1840 3187 1934 3242 τοῦ

336 3278 562 3348 Πατρδς
586 3281 623 3346 ἡ
655 3279 957 3349 φαινομένη
989 3277 1144 3349 σάρξ,
1179 3279 1294 3342 πῶς
1323 3281 1420 3350 οὐχ
1451 3279 1652 3332 ἅπασιν
1681 3280 1930 3350 ἐναργὲς,

332 3370 416 3427 ὅτι
464 3369 728 3439 σώματος
777 3371 1144 3440 ἀνθρωπίνου,
1194 3372 1289 3424 καὶ
1334 3372 1440 3424 τῶν
1493 3371 1777 3443 ἡμετέρων
1811 3377 1930 3427 κατ’

332 3461 532 3517 ηὐδέιια
564 3459 848 3522 παντελῶς
879 3461 1080 3528 τρόπον
1113 3463 1171 3537 ἐν
1209 3461 1422 3532 μεθέξει
1454 3463 1761 3532 γεγόναμεν
1793 3465 1929 3533 (27);

337 3552 465 3614 Πῶς
501 3547 598 3604 οὖν
628 3553 684 3603 ἐν
713 3550 923 3622 ἑτέροις
953 3551 1205 3622 διαγελᾷς
1233 3554 1358 3617 τοὺς
1385 3547 1486 3607 ὦδε
1518 3555 1928 3630 διακειμένουςς

330 3646 474 3713 ἔφης
510 3645 623 3713 γάρ
660 3644 823 3698 πάλιν
851 3661 866 3675 ·

401 3737 589 3810 [Ἐρὼ
626 3737 683 3788 δὲ
703 3738 797 3789 καὶ
830 3736 923 3790 τοῦ
949 3736 1246 3791 σκανδάλου
1286 3738 1355 3792 τὰ
1387 3742 1637 3811 ῥήματα·
1669 3744 1798 3812 περὶ
1830 3745 1930 3814 τῆς

324 3826 547 3888 οἰκείας
598 3825 803 3895 σαρκὸς
847 3827 874 3878 ὁ
920 3825 1198 3897 Δεσπότης
1244 3828 1478 3898 Χριστὸς
1535 3831 1672 3900 πρὸς
1729 3833 1929 3896 αὐτοὺς

323 3917 645 3984 διελέγετο’
691 3934 709 3967 ι
737 3916 860 3969 Ἐάν
893 3916 968 3988 μὴ
1001 3916 1233 3987 φάγητε,
1268 3920 1420 3988 φησὶ,
1467 3921 1568 3990 τὴν
1612 3923 1791 3993 σάρκα
1833 3923 1927 3976 τοῦ

325 4009 462 4062 Υἱοῦ
509 4009 607 4062 τοῦ
645 4008 958 4079 ἀνθρώπου,
1003 4009 1098 4062 καὶ
1146 4010 1305 4081 πίητε
1333 4011 1496 4065 αὑτοῦ
1532 4014 1594 4066 τὸ
1623 4010 1781 4084 αἷμα,
1828 4017 1928 4070 οὐκ

333 4101 479 4170 ἱχετε
514 4101 667 4170 ζωὴν
692 4101 750 4152 ἐν
780 4101 995 4162 ἑαυτοῖς
1019 4117 1032 4131 ’
1058 4110 1103 4152 ι’
1126 4102 1226 4154 οὐκ
1255 4102 1490 4171 ἤνεγκαν
1530 4103 1590 4156 τὸ
1635 4103 1744 4157 τῶν
1770 4104 1926 4171 λεγοο

336 4195 512 4261 μένων
547 4191 760 4262 ὑψηλὸν
803 4193 850 4244 οἱ
885 4190 1236 4255 ἀκούσαντες,
1273 4191 1520 4262 ἐνόμιζον
1555 4194 1658 4247 ὑπὸ
1688 4194 1928 4264 ἀμαθίας

328 4282 798 4354 ἀνθρωποφαγίαν
842 4281 1148 4351 εἰσάγειν.]

939 4416 1191 4470 ΚΕΦΛΛ.
1246 4417 1284 4468 Ε
1306 4458 1318 4470 .

395 4527 537 4584 Εἶτα
560 4528 683 4591 πῶς
704 4529 766 4582 τὸ
795 4528 986 4599 χρῆμά
1001 4529 1148 4582 ἐστιν
1174 4528 1274 4581 οὒκ
1299 4529 1536 4600 ἐναργὴς
1566 4531 1925 4602 ἀνθρωποφα-

319 4620 453 4687 γίαξ
507 4619 636 4672 τίνα
661 4619 718 4670 δὲ
741 4619 944 4688 τρόπον
979 4616 1182 4687 ὑψηλὸν
1212 4617 1378 4672 ἔτιτὸ
1411 4621 1730 4689 μυστήριον,
1767 4623 1815 4673 εἰ
1848 4623 1922 4693 μὴ

318 4709 674 4763 ἀπεστάλθαι
703 4709 885 4778 φαμὲν
913 4709 1002 4760 τὸν
1025 4709 1089 4760 ἐκ
1114 4706 1248 4760 Θεοῦ
1271 4708 1482 4779 Πατρὸς
1509 4709 1698 4777 Λόγον,
1724 4712 1815 4763 καὶ
1836 4713 1927 4764 τόν

317 4818 384 4870 γε
441 4801 540 4869 τῆς
585 4798 900 4868 ἀποστολῆς
953 4800 1154 4868 τρόπον
1201 4798 1569 4870 ὁμολογοῦμεν
1633 4797 1773 4854 εἶναι
1830 4804 1928 4873 τὴν

320 4889 790 4962 ἐνανορώπησιν;
828 4890 963 4942 Τότε
1005 4890 1114 4959 γὰρ
1156 4892 1278 4942 τότε
1324 4891 1743 4961 καταθρήσομεν
1795 4892 1928 4956 ζωο-

324 4985 509 5036 ποιεῖν
535 4982 835 5051 ξσχύουσαν
867 4981 967 5051 τὴν
992 4979 1286 5033 ἐνωΟείσαν
1317 4980 1464 5050 αὐτῷ
1489 4982 1690 5053 σάρκα,
1710 4983 1805 5037 καὶ
1830 4983 1928 5053 οὐχ

320 5075 519 5145 ἑτέροις
559 5073 768 5143 σάρκα.
821 5071 962 5143 πλήν
997 5072 1079 5124 ὅτι
1118 5073 1342 5138 γέγονεν
1383 5073 1487 5124 ἰδία
1518 5073 1612 5126 τοῦ
1642 5074 1708 5126 τά
1749 5075 1928 5128 πάντα

319 5170 619 5232 ζωοποιεῖν
679 5163 978 5236 ἰσχύοντος.
1031 5165 1094 5217 ΕΞ
1141 5164 1250 5234 γὰρ
1293 5164 1354 5218 τὸ
1407 5165 1518 5236 πῦρ
1545 5166 1608 5235 δὴ
1661 5165 1820 5220 τοῦτο
1865 5167 1926 5218 τὸ

319 5258 591 5330 αἴσθητὸν
623 5257 726 5328 τῆς
767 5256 996 5327 ἐνούσης
1041 5255 1190 5325 αὐτῷ
1235 5256 1470 5326 φυσικῆς
1507 5256 1790 5327 ἐνεργείας
1828 5255 1927 5327 τὴν

1366 5409 1410 5440 ⁸⁷
1451 5408 1560 5463 ibid

388 5406 628 5467 "Joan.
670 5425 752 5475 Vt,
787 5409 878 5464 57.
954 5409 1000 5440 “
1041 5408 1172 5468 ibid.
1200 5406 1288 5461 58.

1415 442 1780 502 ADVERSUS
1820 436 2217 495 NESTORIUM
2263 435 2390 491 LIB.
2436 434 2524 489 IV.

1662 5409 1706 5441 ⁸⁸
1742 5409 1870 5465 ibid.
1913 5409 2003 5466 5—5.

3536 413 3637 468 190

2127 557 2398 626 [Νεετοιι.
2447 571 2465 604 ι
2498 549 2596 617 Qui
2627 547 2920 600 manducet
2946 555 3124 595 meam
3155 549 3395 599 carnem,
3421 541 3473 584 et
3497 531 3632 583 bibit

2055 664 2236 702 meum
2272 645 2614 715 sanguinem,
2652 639 2704 692 in
2756 651 2838 690 me
2868 642 3071 695 manet,
3099 640 3153 684 et
3180 645 3280 698 ego
3306 628 3358 680 in
3402 639 3468 678 eo
3488 623 3570 676 ⁸⁸;
3608 641 3627 674 ι

2055 748 2327 793 memento
2359 736 2425 790 de
2466 733 2608 787 illius
2653 743 2819 785 carne
2865 741 2987 780 esse
3040 733 3368 777 sermonem.
3426 734 3446 768 ι
3480 715 3632 768 Sicut

2055 832 2201 884 misit
2235 843 2320 883 me
2360 827 2548 880 vivens
2583 823 2743 877 Pater
2763 821 2835 884 ⁸³⁸,
2868 843 2886 870 ι
2934 831 3020 870 me
3057 813 3346 867 visibilem.
3390 810 3457 862 At
3483 806 3630 860 enim

2054 935 2438 989 nonnunquam
2469 926 2665 987 praeter
2690 910 3016 968 sententiam
3054 906 3415 970 interpretor;
3443 897 3631 952 audia-

2053 1029 2172 1067 nms
2220 1009 2502 1080 sequentia
2535 1025 2548 1062 :
2587 1025 2606 1056 ο
2636 1005 2788 1059 Sicut
2827 999 2977 1054 misit
3025 1010 3109 1050 me
3142 995 3329 1047 vivens
3375 990 3567 1054 Pater;
3602 1003 3624 1039 ι

2051 1107 2141 1159 ille
2195 1105 2588 1174 interpretatur
2638 1097 2998 1155 divinitatem,
3048 1103 3150 1156 ego
3204 1084 3624 1140 humanitatem.

2050 1195 2344 1250 Videamus
2385 1193 2634 1260 quisnam
2680 1195 2879 1256 praater
2921 1179 3250 1238 sententiam
3302 1177 3627 1242 interprete-

2052 1297 2157 1340 tur.
2218 1285 2357 1339 Dit-it
2402 1282 2704 1351 haereticus
2754 1279 2857 1332 hoc
2933 1274 3050 1328 loco
3105 1270 3461 1324 divinitatem.
3520 1261 3622 1316 Mi-

2048 1379 2117 1432 sit
2163 1395 2269 1440 me,
2318 1378 2490 1444 ipsum
2542 1373 2713 1427 Deum
2768 1369 3022 1424 Verbum.
3082 1382 3101 1414 ι
3135 1361 3288 1416 Sicut
3336 1359 3480 1412 misit
3539 1368 3627 1408 me

2051 1471 2239 1524 vivens
2277 1469 2456 1531 Pater,
2493 1485 2512 1519 ι
2548 1464 2774 1536 perinde
2807 1469 2971 1529 atque
3017 1457 3106 1510 ille
3134 1463 3188 1509 et
3243 1471 3260 1504 ι
3292 1466 3392 1520 ego
3423 1449 3565 1513 vivo,
3598 1464 3622 1498 ι

2054 1563 2192 1617 Deus
2246 1559 2511 1620 Verbum,
2556 1575 2574 1607 ι
2617 1564 2836 1623 propter
2879 1550 3113 1604 Patrem.
3151 1565 3177 1616 )_
3221 1543 3422 1598 Deinde
3471 1547 3622 1610 post-

2048 1658 2203 1709 Inrc:
2244 1671 2260 1704 ι
2293 1651 2356 1704 Et
2401 1649 2490 1719 qui
2542 1646 2832 1702 manducat
2879 1655 3002 1704 me,
3062 1649 3116 1693 et
3164 1638 3276 1706 ipse
3327 1635 3469 1687 vivet
3489 1631 3564 1695 l‘7;
3593 1649 3626 1703 ι⁸

2046 1759 2206 1813 σιιιιιιιι
2255 1741 2471 1795 laudent
2517 1737 2929 1797 manducamus,
2974 1728 3337 1790 divinitatem,
3377 1738 3444 1778 an
3497 1736 3620 1777 car-

2045 1850 2164 1888 nem
2188 1831 2247 1903 ?]

2696 1959 2847 2016 CAP.
2895 1957 2983 2012 IV.

2115 2107 2293 2161 Solam
2331 2119 2458 2176 ergo
2487 2103 2706 2158 missam
2737 2101 2902 2154 fuisse
2935 2111 3152 2151 carnem
3175 2095 3330 2158 dicis,
3359 2102 3413 2146 et
3443 2081 3614 2160 ipsam

2042 2212 2162 2252 esse
2192 2197 2397 2251 asseris
2429 2211 2552 2249 cum
2590 2197 2682 2263 qui
2719 2189 2970 2245 videtur?
3008 2189 3150 2242 Satis
3176 2195 3258 2240 est
3291 2199 3420 2254 ergo
3451 2183 3619 2237 etiam

2044 2291 2096 2344 id
2134 2288 2305 2342 solum
2334 2288 2490 2340 nobis
2524 2285 2588 2338 ad
2627 2280 3003 2337 viviticandam
3049 2287 3292 2331 naturam
3333 2273 3620 2344 tyrannide

2042 2379 2230 2435 mortis
2270 2391 2608 2446 Oppressam.
2661 2374 2797 2440 Quid
2845 2386 2974 2441 ergo
3022 2369 3216 2422 divina:
3253 2365 3472 2419 Littera:
3505 2363 3618 2416 fru-

2039 2485 2150 2527 Stra
2196 2469 2470 2534 occinunt,
2511 2468 2636 2521 dum
2680 2479 2899 2519 carnem
2957 2463 3160 2515 factum
3206 2459 3378 2526 ipsum
3409 2471 3474 2508 ex
3508 2454 3618 2508 Deo

2039 2562 2201 2617 Patre
2253 2560 2514 2624 Verbum,
2562 2572 2774 2612 sursum
2821 2559 3073 2610 deorsum
3129 2549 3439 2605 allirmaut?
3485 2547 3616 2613 Quis

2038 2651 2183 2707 enim
2231 2665 2456 2720 prorsus
2503 2647 2668 2702 Verbi
2704 2645 2867 2700 fuerit
2909 2660 3058 2708 usus,
3101 2644 3145 2698 si
3186 2643 3340 2696 nobis
3382 2642 3618 2694 humana

2037 2752 2256 2805 natura,
2282 2739 2497 2792 etiamsi
2532 2737 2642 2791 sola
2675 2746 2728 2790 et
2757 2751 2851 2805 per
2875 2750 2933 2789 se
2959 2734 3246 2802 cngitetur,
3278 2731 3411 2786 satis
3435 2739 3518 2784 est
3547 2730 3613 2781 ad

2038 2843 2266 2887 mortem
2317 2830 2700 2884 destruendam
2776 2839 2830 2882 et
2909 2825 3275 2894 corruptionis
3327 2822 3616 2891 imperium

2037 2923 2385 2978 evertendum
2405 2921 2428 2974 ?
2451 2923 2528 2974 Ac
2553 2921 2630 2984 si,
2665 2931 2722 2973 ut
2758 2929 2942 2987 putas,
2962 2926 3015 2972 et
3043 2919 3385 2971 sentiendum
3404 2930 3612 2978 censes,

2037 3016 2236 3069 missus
2283 3023 2365 3067 cst
2417 3028 2524 3066 non
2579 3013 2692 3079 ipse
2743 3009 2884 3063 Deus
2928 3010 3185 3071 Verbum,
3228 3023 3293 3060 eo
3339 3007 3482 3076 quod
3531 3015 3616 3059 est

2037 3106 2210 3160 nostri
2240 3106 2415 3159 simile
2439 3104 2660 3166 factum,
2688 3103 2778 3155 sed
2803 3101 2938 3163 sola,
2968 3110 3024 3152 ut
3051 3099 3258 3160 dixisti,
3292 3099 3454 3151 missa
3478 3107 3562 3150 est
3583 3112 3614 3150 ιι

2044 3197 2204 3267 109
2238 3197 2402 3250 Patre
2440 3209 2569 3249 caro
2607 3192 2858 3256 visibilis,
2901 3190 3169 3259 quomodo
3194 3205 3299 3243 non
3334 3189 3406 3242 sit
3430 3188 3612 3242 omni-

2039 3295 2137 3346 bus
2161 3291 2532 3360 perspicuum,
2581 3287 2801 3342 humani
2834 3285 3080 3354 corporis
3111 3283 3612 3353 proprietatumque

2036 3389 2342 3434 nostrarum
2376 3377 2522 3432 nullo
2552 3390 2773 3446 prorsus
2803 3377 2963 3428 modo
2999 3372 3462 3442 participationem
3499 3370 3612 3423 Ita-

2033 3468 2392 3526 lmisse?Cur
2438 3483 2567 3538 ergo
2604 3467 2730 3521 alibi
2785 3467 2980 3519 irrides
3014 3479 3107 3520 eos
3150 3468 3240 3534 qui
3295 3463 3346 3517 in
3386 3477 3451 3517 ea
3486 3468 3613 3516 sunt

2032 3562 2330 3632 opinione?
2357 3578 2480 3615 nam
2518 3559 2700 3614 dixisti
2735 3574 2946 3612 rursum
2987 3575 2999 3610 :

2103 3737 2388 3810 [Νεετοιι.
2419 3736 2602 3792 Dicam
2652 3739 2812 3792 etiam
2869 3734 3010 3790 illius
3039 3732 3275 3788 scandali
3321 3731 3515 3794 verba;
3543 3733 3610 3786 de

2030 3845 2125 3884 sua
2162 3845 2325 3885 carne
2377 3831 2634 3884 Dominus
2665 3829 2913 3882 Christus
2947 3841 3072 3879 cum
3120 3825 3223 3878 illis
3257 3825 3556 3878 disserebat
3591 3841 3606 3879 :

2035 3940 2054 3972 ι
2089 3920 2200 3974 Nisi
2235 3920 2709 3980 manducaveritis,
2735 3919 2926 3986 inquit,
2964 3931 3182 3971 carnem
3207 3913 3326 3968 Filii
3349 3915 3606 3982 hominis,

2028 4019 2083 4064 et
2132 4009 2374 4063 biberitis
2429 4009 2544 4078 ejus
2589 4009 2945 4078 sanguinem,
2982 4020 3086 4058 non
3137 4003 3399 4058 habebitis
3443 4005 3606 4057 vitam

2030 4101 2082 4152 in
2113 4099 2263 4154 vobis
2283 4099 2352 4152 ⁸⁸.
2394 4118 2412 4150 ι
2449 4099 2749 4154 Verborum
2779 4100 3157 4154 sublimitatem
3185 4095 3272 4162 qui
3303 4095 3606 4160 audierant,

2029 4206 2134 4244 non
2176 4191 2410 4244 tulerunt
2440 4207 2452 4242 :
2489 4193 2748 4258 putabant
2773 4205 2838 4244 ex
2871 4189 3082 4244 inscitia
3104 4221 3119 4248 ,
3159 4186 3305 4240 illum
3367 4190 3596 4242 antbro-

2027 4282 2350 4352 pnphagiam
2379 4283 2626 4336 suadere.
2667 4280 2689 4354 ]

2690 4416 2842 4472 CAP.
2881 4417 2939 4472 V.

2099 4528 2260 4598 Atqui
2284 4543 2346 4583 ea
2383 4544 2469 4584 res
2496 4531 2765 4598 quomodo
2798 4547 2902 4585 non
2939 4541 3086 4585 certa
3113 4532 3182 4586 sit
3205 4531 3605 4600 antliropoplta-

2028 4623 2111 4692 gta
2135 4623 2157 4674 ?
2184 4637 2291 4690 quo
2321 4635 2449 4674 vero
2479 4621 2638 4675 modo
2666 4621 2896 4676 sublime
2922 4623 3098 4676 adlmc
3120 4622 3223 4674 erit
3247 4621 3372 4674 illud
3405 4631 3604 4691 myste-

2027 4715 2200 4776 rimn,
2241 4713 2284 4767 si
2332 4728 2436 4766 non
2492 4713 2662 4781 ipsum
2724 4727 2786 4768 ex
2829 4713 2937 4766 Deo
2990 4711 3152 4768 Patre
3206 4710 3443 4768 Verbum
3481 4728 3604 4767 esse

2026 4807 2248 4858 missum
2299 4803 2632 4866 dixerimus,
2672 4813 2726 4858 et
2775 4803 3045 4858 missionis
3100 4803 3315 4858 modum
3368 4803 3601 4859 confessi

2039 4898 2298 4952 fuerimus
2335 4912 2455 4952 esse
2520 4897 2691 4966 ipsam
2750 4897 3192 4950 lmmanationem
3229 4895 3252 4948 ?
3284 4893 3420 4948 Tum
3459 4894 3602 4948 enim

2024 4988 2325 5042 videbimus
2363 4986 2671 5042 viviﬁcandi
2716 4988 2821 5042 vim
2878 4988 3078 5043 habere
3114 4987 3318 5040 ttnitam
3353 4985 3454 5056 ipsi
3478 4999 3601 5038 car-

2023 5093 2182 5141 nem,
2227 5088 2282 5133 et
2327 5093 2430 5132 non
2485 5078 2715 5134 alterius
2778 5093 3036 5145 carnem,
3067 5078 3160 5133 sed
3214 5078 3410 5132 factam
3459 5075 3605 5130 illius

2024 5167 2334 5236 propriam,
2373 5168 2461 5237 qui
2527 5169 2706 5223 omnia
2771 5169 3046 5224 viviticare
3111 5177 3308 5236 potest.
3369 5166 3502 5222 Nam
3554 5167 3602 5222 si

2023 5257 2166 5328 ignis
2202 5257 2292 5314 hic
2336 5258 2610 5315 sensibilis
2650 5261 2756 5316 vim
2795 5275 2908 5316 suae
2958 5261 3218 5316 naturalis
3267 5259 3602 5331 operationis

1599 5559 1756 5615 ANT.
1800 5561 2073 5618 AGELLII
2113 5561 2342 5620 noras.
2425 5643 2430 5647 _

391 5710 507 5781 (‘27)
559 5708 914 5776 Conjeceratn
972 5705 1227 5781 γέγονεν;
1271 5705 1364 5781 sed
1417 5704 1626 5781 videtur
1687 5705 1908 5781 mutilus

319 5774 576 5838 loc'tts'et
629 5774 954 5847 corruptus;
1013 5779 1202 5847 deesse
1253 5779 1394 5830 enim
1451 5774 1905 5847 vide_tttr_aliquid

320 5856 461 5923 quod
509 5843 884 5915 pertineatad
911 5846 1072 5902 Verbi
1116 5853 1460 5911 naturam,ut
1499 5845 1588 5896 καὶ
1631 5843 1736 5897 τῶν
1772 5845 1906 5914 {quau

2014 5707 2210 5792 tepor),
2245 5705 2437 5792 1636.1:
2465 5708 2752 5792 θειοτέρων
2781 5712 2901 5764 κατ’
2928 5711 3118 5782 οὐδένα
3167 5713 3444 5778 παντελῶς
3473 5715 3596 5786 τρό-

2509 5777 2812 5852 γεγόναμεν
2837 5798 2850 5812 ’
2894 5783 2977 5840 vel
3027 5777 3123 5838 τοῦ
3166 5783 3220 5837 δὲ
3250 5783 3386 5838 Θεοῦ
3418 5777 3590 5853 Λόγου

2033 5879 2084 5901 Hb
2099 5886 2113 5901 υ
2157 5879 2273 5902 υυνῦ
2285 5879 2364 5916 νυι,
2395 5879 2500 5905 σιν.
