4080 6478
518 411 612 470 ml
1511 401 1569 458 S.
1612 401 1889 458 CYRILLI
1930 400 2403 459 ALEXANDRINI
2439 401 2759 458 ARCIIIEP.
3672 417 3775 473 199

516 528 569 582 iu
625 519 884 576 materias
930 516 1170 605 immittit
1221 516 1286 571 ad
1321 530 1456 587 quas
1493 518 1819 580 accesserit,
1869 516 2005 571 adeo
2044 525 2105 571 ut

2215 515 2434 588 δύναμιν
2463 520 2583 581 ταῖς
2617 516 2770 580 ὕλαις
2798 516 3005 587 ἐνίησιν
3028 512 3118 581 αἶς
3142 518 3207 573 ἂν
3233 518 3475 586 φαίνοιτο
3517 540 3766 598 προσομι.

513 629 707 684 aquam
743 614 915 682 ipsam
967 610 1182 665 tametsi
1232 624 1298 664 ex
1331 618 1523 663 natura
1576 623 1675 663 sua
1720 608 1971 678 frigidam
1996 651 2011 674 ,
2036 608 2104 662 ad

514 704 830 776 qualitatem
862 717 983 773 quac
1027 712 1221 772 prater
1248 712 1492 756 naturam
1526 700 1692 770 ipsius
1716 708 1836 763 est,
1873 697 2105 752 transle-

514 804 619 860 rat,
650 804 705 850 et
748 795 981 850 calidam
1026 792 1191 849 l‘aciat
1223 810 1242 859 ;
1276 793 1405 861 quid
1443 790 1670 853 mirmn,
1712 804 1888 860 quove
1944 789 2103 844 modo

514 885 831 942 incredibile
864 885 1112 940 videatur
1131 924 1145 947 ,
1171 884 1214 939 si
1238 886 1410 947 ipsum
1441 895 1508 936 ex
1539 879 1649 936 Deo
1676 879 1837 934 Patre
1868 879 2103 934 Verbum

517 994 642 1035 cum
680 980 752 1035 sit
777 979 892 1047 ipsa
944 978 1053 1032 vita
1084 976 1378 1031 secundum
1427 982 1696 1039 naturam,
1732 986 1953 1026 carnem
2003 972 2103 1027 sibi

519 1070 725 1123 uuitam
748 1069 1016 1123 viviﬁcam
1048 1068 1280 1122 reddidit
1310 1066 1335 1119 ?
1362 1065 1574 1135 propria
1602 1079 1835 1132 namque
1860 1064 1977 1132 ejus
1999 1074 2101 1130 est,

517 1168 573 1215 ct
609 1173 712 1212 non
738 1157 964 1212 alterius
989 1155 1287 1225 cuiuspiam
1317 1157 1384 1209 ab
1403 1170 1470 1210 eo
1491 1154 1711 1219 diversi,
1751 1156 1843 1224 qui
1870 1156 2099 1209 seorsim

520 1251 850 1320 intelligatur
871 1288 886 1313 ,
917 1257 971 1304 et
1000 1249 1401 1303 uniusenostro
1432 1263 1656 1303 numero
1680 1247 1934 1301 hominis.
1968 1247 2102 1302 Cum

519 1350 698 1394 autem
737 1341 805 1394 al)
844 1338 928 1393 illa
961 1354 1082 1392 cum
1114 1353 1338 1407 corpore
1375 1338 1600 1409 mystica
1639 1353 1875 1407 veraque
1906 1339 2106 1392 unione

424 1456 425 1459 η
519 1433 788 1485 vivitieum
815 1430 905 1485 Dei
926 1428 1158 1483 Verbum
1181 1431 1502 1499 segregaris,
1527 1438 1581 1483 et
1600 1430 2106 1499 omninodisjunxe-

520 1524 616 1588 ris,
637 1524 907 1593 quomodo
932 1524 1106 1593 ipsum
1130 1535 1325 1588 corpus
1343 1519 1519 1573 adhuc
1538 1518 1809 1573 viviﬁcum
1834 1519 2113 1574 ostendes?

520 1613 654 1682 Quis
684 1630 846 1683 porro
877 1615 965 1668 ille
991 1621 1074 1668 est
1104 1614 1195 1682 qui
1230 1612 1362 1667 dicit
1391 1626 1406 1662 :
1444 1628 1463 1663 ι
1497 1610 1599 1677 Qui
1627 1610 2105 1667 manducatmeant

520 1720 736 1761 carnem
757 1744 773 1771 ,
807 1716 862 1760 et
885 1705 1022 1760 bibit
1056 1719 1234 1758 meum
1284 1704 1602 1771 sanguinem
1629 1744 1649 1768 ,
1686 1703 1736 1756 in
1770 1718 1855 1757 me
1902 1713 2104 1766 manet,

522 1804 578 1851 et
617 1812 716 1866 ego
767 1797 819 1851 in
867 1797 970 1851 eo?
1004 1816 1021 1848 ι
1062 1795 1195 1849 Nam
1240 1796 1285 1849 si
1332 1795 1494 1849 homo
1547 1794 1814 1864 quispiam
1854 1794 2103 1858 seorsim,

2206 605 2332 661 λοῦν
2359 626 2371 638 ·
2422 609 2517 661 καὶ
2564 607 2696 662 αὐτὸ
2744 606 2800 660 δὲ
2847 608 2908 661 τὸ
2956 608 3124 679 ὕδωρ,
3179 610 3355 663 καίτοι
3400 611 3601 683 ψυχρὸν
3640 621 3769 674 κατά

2207 697 2369 765 φύσιν
2404 699 2665 768 ὑπάρχον,
2715 697 3000 768 μεθίστησι
3036 697 3173 768 πρὸς
3214 699 3273 752 τὸ
3300 702 3451 771 παρά
3483 704 3658 772 φύσιν,
3682 711 3768 763 καὶ

2207 787 2410 859 θερμὸν
2435 788 2724 841 ἀποτελεῖ·
2750 788 2804 840 τι
2834 788 2894 841 τὸ
2932 789 3232 857 παράδοξον
3257 828 3271 853 ,
3314 790 3614 847 ἀπιστείτω
3646 796 3764 867 [ισ.

2214 878 2534 951 ἀπιστοίτο]
2558 880 2602 933 δ’
2635 879 2700 932 ἂν
2733 879 2876 933 κατά
2906 881 3030 934 τινα
3082 880 3341 952 τρόπονή
3377 880 3500 953 [τσ,
3542 884 3625 957 εἰ]
3664 885 3767 967 ζ·ωῂ

2206 972 2348 1026 κατά
2377 971 2540 1040 φύσιν
2567 971 2827 1041 ὑπάρχων
2868 973 2897 1025 6
2942 973 3007 1026 ὲκ
3054 972 3190 1026 Θεοῦ
3236 975 3447 1044 Πατρός
3476 978 3642 1045 Λόγος
3677 981 3773 1049 τὴν

2207 1061 2503 1115 ἑνωθείσαν
2544 1059 2694 1131 αὐτῷ
2742 1060 2943 1131 σάρκα,
2999 1059 3261 1124 ζωοποιδν
3295 1063 3603 1132 ἀπέφηνενς
3672 1066 3770 1120 ἰδία

2205 1154 2314 1223 γάρ
2341 1155 2488 1205 ἐστιν
2520 1152 2686 1205 αὑτοῦ
2736 1152 2830 1204 καὶ
2882 1152 2982 1221 οὐχ
3018 1151 3205 1221 ἑτέρου
3252 1151 3396 1215 τινὸς
3447 1154 3574 1222 παρ’
3618 1154 3771 1208 αὑτὸν

2207 1246 2312 1298 ἀνὰ
2342 1243 2505 1315 μέρος
2532 1260 2592 1295 τε
2621 1243 2939 1311 νοουμένου,
2992 1244 3087 1296 καὶ
3125 1243 3235 1296 τῶν
3275 1244 3397 1297 καθ’
3446 1246 3591 1314 ἡμᾶς
3635 1248 3764 1311 ἑνός.

2218 1336 2563 1405 Ἀποστήσας
2587 1333 2643 1387 δὲ
2676 1334 2777 1403 τῆς
2814 1335 2949 1405 πρὸς
2977 1335 3037 1388 τὸ
3069 1335 3229 1404 σῶμα
3264 1340 3531 1407 μυστικῆς
3577 1355 3635 1391 τε
3683 1340 3770 1393 καὶ

2207 1427 2441 1497 ἀληθοῦς
2472 1426 2719 1489 ἑνώσεως
2756 1426 2847 1480 τὸν
2872 1426 3138 1491 ζωοποιδν
3169 1427 3263 1480 τοῦ
3305 1427 3439 1481 Θεοῦ
3471 1430 3658 1497 Λόγον,
3685 1430 3771 1483 καὶ

2206 1520 2415 1583 διιστὰς
2452 1519 2781 1588 όλοτρόπως,
2835 1519 2953 1581 πῶς
2996 1519 3064 1572 ἂν
3109 1519 3242 1571 αὐτὸ
3291 1519 3655 1585 καταδείξειας
3696 1522 3770 1574 ἔτι

2210 1612 2472 1678 ξωοπυιόν
2497 1630 2511 1679 ;
2540 1612 2636 1673 Τίς
2661 1611 2716 1663 δὲ
2745 1607 2811 1682 ἦν
2842 1613 2869 1664 6
2898 1610 3093 1679 λέγων,
3139 1631 3155 1662 ι
3190 1611 3247 1664 ὐ
3276 1610 3503 1683 τρώγων
3545 1630 3644 1683 μου
3679 1614 3775 1683 τὴν

2210 1706 2409 1776 σάρκα,
2443 1705 2536 1757 καὶ
2569 1703 2735 1758 πίνων
2765 1720 2865 1772 μου
2900 1703 2961 1755 τὸ
2988 1698 3150 1772 αἷμα,
3190 1704 3247 1755 ὲν
3276 1704 3398 1773 ἐμοὶ
3428 1703 3595 1772 μένει,
3627 1703 3771 1770 κάγὼ

2209 1798 2267 1850 ὲν
2297 1797 2444 1865 αὐτῷ
2468 1813 2481 1861 ;
2515 1816 2531 1847 ι
2568 1798 2617 1849 εξ
2644 1796 2741 1865 μὲν
2768 1792 2859 1849 οὖν
2886 1795 3172 1865 ἄνθρωπός
3195 1812 3281 1857 τις
3312 1794 3515 1859 ἰδικῶς,
3546 1795 3637 1848 καὶ
3657 1794 3767 1864 οὐχὶ

523 1856 703 1942 etnon
743 1889 923 1958 potius
958 1888 1131 1957 ipsum
1164 1887 1255 1940 Dei
1291 1886 1522 1940 Verbum
1569 1885 1769 1939 factum
1810 1895 1892 1940 est
1933 1885 2107 1939 simile

2215 1890 2272 1960 δὴ
2330 1856 2530 1959 μᾶλλον
2581 1856 2774 1957 γέγονε
2842 1887 2964 1941 καθ’
2991 1856 3158 1957 ’ἡμᾶς
3207 1886 3236 1939 ό
3268 1856 3372 1939 τοῦ
3410 1856 3545 1938 Θεοῦ
3588 1856 3765 1953 Λόγος,

521 1980 699 2044 nobis,
737 1996 823 2035 res
857 1981 970 2048 ipsa
1004 1996 1123 2047 qua:
1146 1978 1370 2049 geritur,
1407 1979 1873 2049 authr0popbagia
1898 1980 2023 2043 erit,
2056 1990 2106 2032 et

522 2069 727 2123 inutilis
758 2070 981 2125 omnino
1019 2069 1108 2122 illa
1145 2067 1506 2136 participatio.
1558 2066 1733 2137 Ipsum
1765 2070 1908 2124 enim
1949 2068 2109 2124 Chri-

521 2170 664 2214 stum
688 2162 954 2215 dicentem
973 2160 1134 2214 audio
1161 2179 1175 2215 :
1204 2177 1222 2211 ι
1247 2159 1389 2214 Caro
1416 2175 1519 2213 non
1547 2160 1766 2229 prodest
1787 2160 2107 2229 quidquam,

525 2253 747 2321 spiritus
766 2261 846 2308 est
885 2252 976 2321 qui
1003 2252 1239 2306 viviﬁcat
1265 2251 1310 2284 "
1338 2253 1407 2305 '°.
1448 2270 1467 2302 r
1507 2250 1664 2317 Quod
1712 2253 1855 2305 enim
1888 2254 1954 2307 ad
1992 2254 2109 2322 ejus

522 2354 772 2399 naturam
819 2346 1046 2405 attinet,
1073 2344 1440 2413 corruptibilis
1487 2345 1703 2415 quidem
1749 2354 1830 2399 est
1861 2359 1988 2400 euro
2013 2388 2028 2410 ,
2058 2354 2112 2399 rt

525 2435 673 2490 nullo
705 2436 863 2488 mtqu
893 2435 1187 2489 viviﬁcabit
1220 2435 1382 2498 alios,
1420 2450 1540 2491 cum
1599 2436 1923 2493 intrinsecus
1957 2437 2113 2509 (28)

524 2528 890 2596 corruptionis
941 2530 1129 2583 morbo
1189 2530 1419 2585 laboret.
1478 2528 1629 2597 Quod
1659 2530 1705 2585 si
1737 2546 1933 2602 corpus
1983 2548 2109 2601 pro-

530 2618 709 2686 prium
750 2634 872 2674 esse
926 2620 1095 2687 ipsius
1152 2618 1306 2675 Verbi
1346 2621 1518 2686 dicis,
1543 2620 1668 2690 quid
1701 2630 2008 2690 portentose
2050 2640 2113 2680 ae

528 2717 736 2765 mittere
769 2712 1007 2782 loqueris
1029 2754 1044 2778 ,
1084 2723 1247 2782 atque
1274 2713 1559 2770 contendis
1587 2730 1694 2768 non
1721 2730 1841 2770 esse
1887 2718 2109 2770 missum

528 2802 702 2870 ipsum
755 2818 818 2858 ex
866 2804 974 2859 Deo
1025 2804 1185 2861 Patre
1218 2803 1495 2871 Verbum,
1528 2808 1622 2862 sed
1660 2808 1806 2861 illum
1845 2808 2108 2864 visibilem

529 2905 587 2949 ut
614 2894 684 2949 ab
712 2911 776 2951 eo
798 2896 1091 2963 diversum,
1120 2913 1212 2953 seu
1249 2913 1468 2953 carnem
1501 2899 1646 2953 illius
1678 2900 1837 2969 ιιο
1864 2902 2113 2970 quamvis

530 3003 696 3041 unum
732 2987 1002 3043 Christum
1041 2991 1216 3045 divina
1273 2990 1553 3061 Scriptura
1587 2992 1783 3061 ubique
1833 2993 2110 3060 praedicet,

529 3091 584 3135 et
637 3083 907 3137 hominem
955 3084 1123 3137 nostri
1177 3084 1406 3138 similem
1472 3083 1670 3139 factum
1708 3100 1830 3139 esse
1876 3085 2110 3141 Verbum

2209 1982 2644 2054 ἀνθρωποφαγία
2679 1981 2740 2035 τὸ
2762 1981 3060 2051 δρώμενον,
3100 1981 3196 2033 καὶ
3223 1980 3481 2049 ἀνόνητος
3510 1976 3773 2039 παντελῶς

2210 2077 2243 2144 ἡ
2274 2073 2508 2143 μέθεξις.
2542 2072 2717 2126 Αὐτοῦ
2741 2072 2850 2144 γὰρ
2878 2072 3064 2126 ἀκούω
3097 2071 3350 2140 λέγοντος
3386 2070 3482 2124 τοῦ
3509 2068 3765 2141 Χριστοῦ·

2217 2185 2235 2219 ι
2259 2166 2323 2220 Ἡ
2353 2166 2488 2238 σάρξ
2513 2166 2612 2219 οὐκ
2642 2164 2845 2233 ὡφελεί
2878 2164 3034 2218 οὐδέν
3054 2181 3068 2195 ο
3096 2164 3158 2219 τὸ
3182 2162 3403 2234 ττνεῦμά
3435 2164 3549 2215 ἐστι
3571 2161 3630 2214 τὸ
3649 2160 3769 2225 ζωο-

2211 2257 2419 2312 ποιοῦν’
2451 2277 2468 2310 ι
2494 2261 2617 2312 ὅσον
2643 2259 2750 2329 γὰρ
2773 2253 2907 2329 ἧκεν
2934 2261 3012 2320 εις
3046 2257 3184 2310 ιδὶαν
3215 2256 3402 2325 φύσιν,
3439 2254 3650 2324 φθαρτὴ
3679 2249 3777 2321 μὲν

2212 2353 2244 2421 ἡ
2275 2351 2440 2421 σάρξ·
2488 2351 2816 2421 ζωοποιήσει
2855 2350 2911 2403 δὲ
2941 2351 3061 2403 κατ’
3091 2349 3284 2403 οὐδένα
3313 2349 3513 2417 τρόπον
3544 2346 3768 2415 ἑτέρους,

2210 2439 2424 2493 οἴκοθεν
2461 2441 2601 2510 αὐτὴ
2638 2439 2869 2493 νοσοῦσα
2907 2439 3005 2510 τὴν
3040 2439 3267 2510 φθοράν.
3302 2440 3366 2492 Εἰ
3405 2438 3461 2492 δὲ
3502 2434 3662 2491 αὑτοῦ
3687 2433 3779 2488 τοῦ

2211 2532 2386 2599 Λόγου
2418 2532 2480 2585 τὸ
2527 2531 2688 2603 σῶμα
2741 2532 2872 2586 ἴδιον
2922 2527 3062 2584 εἶναι
3112 2530 3238 2602 φὴς.
3285 2530 3339 2583 τί
3388 2527 3647 2600 τερατεύῃ
3689 2525 3774 2578 καὶ

2212 2625 2605 2692 εἰκαὼμυθεῖς,
2659 2624 2760 2677 οὐκ
2815 2623 2979 2676 αὑτὸν
3031 2621 3373 2677 ἀπεστάλθαι
3416 2621 3507 2675 τὸν
3548 2622 3611 2674 ὲκ
3649 2615 3777 2671 Θεοῦ

2213 2715 2424 2784 Πατρός
2467 2716 2637 2783 Λόγον
2688 2715 3112 2786 διατεινόμενον,
3165 2714 3280 2767 ἀλλ’
3327 2714 3406 2778 ὡς
3453 2711 3635 2782 ἕτερόν
3664 2724 3773 2762 τινα

2213 2807 2341 2876 παρ’
2369 2805 2553 2870 αὑτὸν,
2591 2805 2682 2857 τὸν
2711 2805 3008 2876 ὁρώμενον,
3055 2805 3175 2875 ἦτοι
3218 2804 3318 2875 τὴν
3364 2804 3547 2874 σάρκα
3582 2798 3734 2854 αὑτοῦ
3756 2811 3770 2826 ⁸

2213 2900 2390 2953 καίτοι
2431 2897 2668 2969 Χριστὸν
2712 2898 2809 2951 ἕνα
2862 2901 2961 2969 τῆς
2999 2897 3362 2952 θεοπνεύστου
3414 2896 3633 2968 Γραφῆς
3671 2892 3777 2945 62a-

2214 2990 2426 3059 6οώσης
2454 2990 2756 3061 πανταχοῦ,
2792 2991 2886 3044 καὶ
2912 2991 3198 3061 ἄνθρωπον
3218 2991 3341 3044 καθ’
3365 2992 3513 3061 ἡμᾶς
3541 2986 3773 3056 γενέσθαι

2212 3082 2305 3135 τὸν
2336 3083 2529 3150 Λόγον,
2558 3078 2618 3135 εὖ
2660 3081 2806 3152 μάλα
2838 3082 3347 3153 διαδεδαιουμένης,
3389 3082 3484 3135 καὶ
3505 3082 3600 3150 τῆς
3626 3075 3776 3148 ὀρθῆς

532 3187 749 3241 prorsus
775 3172 1005 3227 amrmet
1029 3214 1043 3238 ,
1074 3189 1138 3229 ac
1185 3185 1343 3229 rectae
1385 3175 1506 3228 fidei
1550 3176 1769 3230 traditio
1795 3177 1878 3231 his
1903 3176 2104 3233 ﬁnibus

2215 3175 2455 3238 πίστεως
2479 3174 2578 3244 τὴν
2606 3175 2905 3244 παράδοσιν
2929 3174 3261 3245 ὁριζομένης
3284 3175 3342 3228 ὲν
3376 3165 3617 3259 τόύτοις;
3651 3165 3777 3220 Ἀλλ’

528 3265 872 3319 contineatur
900 3265 922 3318 ?
959 3266 1061 3319 Sed
1096 3266 1260 3320 nimia
1284 3268 1572 3320 admodum
1610 3266 1869 3338 religione
1899 3283 2115 3337 permo-

530 3366 617 3411 tus
670 3356 969 3422 erubescit,
1019 3370 1075 3412 ut
1125 3358 1421 3412 Verisimile
1470 3369 1577 3422 est,
1607 3359 1672 3414 de
1725 3363 2113 3417 exinanitionis

529 3461 814 3516 mensura,
850 3459 904 3504 et
934 3450 1043 3504 Deo
1090 3461 1145 3504 et
1197 3449 1344 3503 Patri
1396 3460 1722 3505 coaeternnm
1788 3450 2018 3518 Filium,
2058 3453 2111 3508 iu

529 3536 717 3594 eadem
741 3554 862 3595 cum
886 3540 1143 3596 Genitore
1166 3541 1334 3596 ferina
1361 3551 1417 3597 et
1448 3545 1687 3598 omnium
1722 3560 1900 3600 rerum
1930 3562 2113 3617 sequa-

528 3630 709 3699 litate,
740 3634 1032 3688 demissum
1072 3636 1138 3687 ad
1170 3632 1526 3689 humilitatem
1568 3635 1749 3691 videre
1794 3655 1897 3692 non
1952 3641 2114 3694 susti-

530 3732 656 3789 net;
693 3733 912 3777 aceusat
959 3731 1140 3777 autem
1192 3724 1686 3793 dispensationem,
1762 3738 1816 3785 et
1871 3730 2112 3784 divinum

528 3811 761 3868 fortasse
823 3812 1336 3884 cunsilium,atque
1389 3816 1770 3883 cogitationem
1822 3820 2114 3889 reprehen-

529 3902 681 3956 sione
712 3916 904 3957 vacare
940 3917 1044 3958 non
1077 3903 1301 3983 patitur.
1350 3903 1578 3963 Simulat
1616 3910 1758 3964 enim
1788 3912 1894 3965 vim
1923 3915 2114 3967 verbo-

528 4010 646 4048 rmn
713 3995 913 4050 Clu-isti
976 4008 1035 4050 se
1093 3997 1417 4067 exquirere,
1474 4016 1537 4056 ac
1592 4004 1754 4057 veluti
1829 4007 2110 4059 ruminans

528 4085 950 4153 profunditatem
1003 4091 1393 4145 sententiarum
1419 4130 1435 4156 ,
1474 4092 1669 4148 deinde
1716 4095 1859 4163 quod
1901 4112 1929 4149 a
1959 4098 2113 4154 nobis

529 4178 727 4232 dicitur
762 4194 831 4233 eo
860 4182 1162 4248 perducens
1185 4222 1199 4247 ,
1234 4183 1376 4239 sicut
1416 4183 1529 4253 ipse
1581 4194 1767 4256 putat,
1803 4198 1858 4241 ut
1883 4191 2113 4244 absurde

528 4274 584 4320 et
643 4268 889 4337 imperite
926 4273 1129 4327 dictum
1162 4275 1429 4332 videatur.
1468 4294 1487 4329 ι
1529 4275 1856 4342 Videamus.
1906 4280 2107 4348 inquit,

529 4359 777 4428 quisnam
814 4374 1008 4427 praeter
1060 4368 1384 4421 sententiam
1427 4368 1857 4438 interpretetur:
1903 4389 1919 4422 ι
1961 4370 2113 4426 Sient

538 4471 555 4503 ι
587 4452 730 4506 misit
758 4469 841 4507 me
876 4454 1059 4510 vivens
1095 4457 1342 4523 Pater;-s
1381 4476 1504 4513 nam
1532 4461 1782 4514 similiter
1811 4471 1973 4528 atque
2002 4463 2110 4527 ille,

2215 3270 2281 3322 ἐκ
2316 3268 2516 3339 πολλῆς
2542 3268 2682 3337 ἄγαν
2714 3268 3003 3331 εὐλαϐείας
3030 3267 3354 3339 ἐπερυθριᾷ,
3381 3265 3521 3320 κατά
3546 3265 3605 3319 τὸ
3627 3259 3781 3322 εἰκός.

2214 3364 2328 3423 τοῖς
2356 3361 2457 3430 τῆς
2484 3362 2770 3423 κενώσεως
2802 3361 3045 3431 μέτροις.
3077 3361 3171 3415 καὶ
3196 3361 3295 3413 οὐκ
3330 3361 3585 3431 ἀνέχεται
3607 3357 3690 3409 τὸν
3712 3351 3787 3422 τῷ

2216 3454 2336 3524 Θεῴ
2370 3454 2463 3508 καὶ
2504 3455 2680 3523 Πατρὶ
2730 3453 3002 3507 συναῖδιον
3040 3454 3191 3517 Υἱδν,
3239 3452 3331 3507 τὸν
3384 3455 3442 3507 ἐν
3483 3452 3658 3521 μορφῇ
3697 3444 3781 3501 καὶ

2218 3546 2423 3616 ἰσότητι
2461 3547 2528 3616 τῇ
2572 3545 2715 3599 κατά
2753 3547 2862 3600 πᾶν
2909 3546 3090 3599 ότιοῦν
3125 3545 3203 3615 τῷ
3253 3546 3633 3619 γεγεννηκότι,
3664 3540 3785 3596 καθ-

2217 3638 2443 3709 ιγμὲνον
2468 3638 2596 3691 ἰδεῖν
2628 3641 2709 3701 εἰς
2737 3639 3068 3691 ταπείνωσιν
3092 3652 3105 3664 ’
3146 3639 3422 3709 γράφεται
3444 3639 3501 3695 δὲ
3526 3639 3622 3710 τὴν
3652 3637 3783 3690 obto-

2214 3727 2431 3798 νομεαν,
2478 3727 2572 3781 καὶ
2617 3727 2717 3799 τὴν
2765 3728 2918 3781 θείαν
2980 3729 3122 3799 τάχα
3172 3746 3273 3781 που
3336 3729 3533 3800 βουλήν
3584 3742 3639 3779 τε
3697 3723 3781 3776 καὶ

2218 3820 2420 3890 σκῆψιν
2448 3820 2559 3891 (29)
2588 3820 2979 3875 ἀκαταιτὶατον
2997 3821 3098 3875 οὐκ
3123 3822 3209 3893 ὲᾷ.
3229 3822 3539 3891 Σκήπτεται
3565 3817 3659 3888 μὲν
3681 3813 3785 3883 γὰρ

2216 3913 2692 3983 πολυπραγμονεῖν
2724 3911 2835 3967 τῶν
2880 3913 3191 3984 εἰρημένων
3234 3914 3386 3984 παρά
3426 3904 3657 3982 Χριστόῦ
3692 3904 3784 3975 τὴν

2213 4004 2461 4090 δύναμιιν,
2512 4005 2605 4058 καὶ
2650 3998 2762 4058 οἷον
2802 4004 3276 4090 ἀναμασσώμενος
3318 4006 3382 4059 τὸ
3430 4003 3537 4057 τῶν
3580 3997 3780 4053 ἐννοιῶν

2216 4079 2413 4166 βάθος·
2453 4091 2573 4150 εἶτα
2618 4095 2929 4168 περιιστάς,
2969 4079 3276 4161 ὡςόῑεται,
3327 4096 3419 4150 τὸν
3474 4095 3602 4164 παρ’
3641 4087 3782 4160 ἡμῶν

2215 4189 2391 4257 λόγον,
2439 4190 2521 4252 εἰς
2565 4189 2626 4242 τὸ
2671 4189 2919 4252 ἐκτόπως
2963 4205 3022 4241 τε
3050 4188 3146 4243 καὶ
3193 4188 3425 4259 ἀμαθῶς
3473 4180 3781 4252 πεποιῆσθαι

2214 4282 2717 4351 δοκεῖν.ιίόωμεν,
2747 4282 2900 4352 φησὶ,
2932 4282 3012 4344 τίς,
3044 4282 3073 4333 6
3098 4277 3581 4352 παρερμηνεύωνί
3601 4268 3780 4331 Καθὼς

2221 4393 2238 4425 ι
2276 4372 2565 4425 ἀπέστειλέ
2598 4389 2663 4441 με
2696 4374 2724 4425 6
2755 4372 2863 4437 ζῶν
2898 4373 3085 4443 Πατήρ
3109 4388 3159 4424 ἰ
3197 4373 3318 4426 κατ’
3354 4373 3610 4433 ὲκεῖνον,‹
3642 4357 3782 4429 κάγὼ

2222 4482 2240 4514 ι
2277 4461 2374 4529 ζῶ,
2406 4482 2422 4513 ι
2446 4461 2474 4513 6
2500 4462 2630 4525 Θεὸς
2664 4460 2884 4530 Λόγος,ι
2911 4461 2997 4514 διὰ
3017 4461 3107 4513 τὸν
3132 4460 3375 4531 Πατέρα·
3395 4462 3489 4514 καὶ
3521 4459 3549 4510 ὁ
3570 4452 3781 4526 τρώγων

536 4560 554 4593 ι
585 4557 683 4611 ego
714 4544 837 4599 vivo
876 4563 893 4597 ι
950 4546 1090 4602 Deus
1137 4546 1369 4603 Verbum
1417 4568 1435 4600 ι
1476 4558 1697 4619 propter
1742 4550 1951 4606 Patrem
1988 4570 2000 4602 :
2060 4564 2109 4607 et

2228 4572 2246 4602 ι
2276 4569 2364 4623 με,
2393 4552 2645 4616 κάκεῖνος
2670 4552 2949 4620 ζήσεται.)
2979 4550 3112 4605 Τίνα
3140 4550 3528 4621 ἐσθίομεν.τὴν
3547 4545 3780 4613 θεότηται

537 4653 555 4687 ι
585 4636 673 4704 qui
698 4637 985 4693 manducet
1025 4655 1130 4702 me.
1164 4651 1218 4696 et
1243 4642 1333 4697 ille
1357 4643 1531 4708 vivet;
1576 4662 1594 4694 ι
1628 4658 1786 4712 quem
1816 4648 2109 4700 manduca-

532 4740 673 4789 mus,
697 4727 1053 4795 divinitatem,
1078 4747 1144 4784 an
1172 4733 1433 4786 carnem?
1458 4753 1474 4784 ι
1512 4731 1646 4786 Num
1680 4734 1892 4787 tandem
1920 4738 2108 4802 sentis,

532 4833 640 4885 quo
668 4834 820 4873 meus
848 4828 935 4873 tua
964 4821 1036 4875 sit
1077 4823 1193 4877 loco
1230 4823 1255 4876 ?
1282 4839 1404 4876 nam
1438 4840 1495 4879 se
1519 4824 1739 4879 missum
1775 4842 1895 4881 esse
1928 4828 2112 4884 dicens

534 4908 708 4975 ipsum
743 4910 831 4964 Dei
872 4913 1128 4977 Verbum,
1165 4934 1183 4965 ι
1219 4913 1279 4968 Et
1316 4916 1408 4982 qui
1440 4917 1724 4971 mandueal
1779 4935 1881 4984 me,
1914 4921 2107 4990 inquit,

533 5010 587 5051 et
628 4999 717 5054 ille
750 5003 909 5057 vivet.
965 5023 983 5055 ι
1016 5002 1405 5059 Mauducamus
1446 5014 1625 5061 autem
1672 5024 1803 5076 nos,
1833 5026 1935 5065 non
1972 5012 2112 5080 quod

607 5154 655 5187 "
693 5156 740 5189 ⁸ο
780 5156 936 5212 Joan.
970 5173 1045 5224 vt,
1081 5157 1169 5211 64.

2220 4641 2371 4715 ἢτὴν
2403 4643 2612 4714 σάρκας
2647 4662 2665 4695 ι
2705 4638 2831 4714 ’Ἆρ’
2866 4638 2959 4697 οὖν
2985 4642 3214 4714 αἰσθάνῃ
3241 4642 3426 4697 λοιπὸν
3445 4643 3566 4695 ὅποι
3598 4632 3715 4688 ποτὲ
3738 4624 3787 4683 εἷ

2219 4735 2474 4806 φρενῶνς
2524 4735 2863 4788 ἀπεστάλθαι
2902 4736 3012 4806 γὰρ
3058 4734 3230 4803 λέγων
3273 4733 3464 4787 ἑαυτὸν
3489 4733 3516 4783 ὁ
3544 4727 3634 4783 τοῦ
3659 4719 3779 4777 Θεοῦ

2218 4827 2416 4895 Λόγος,
2454 4845 2472 4877 ι
2495 4827 2605 4879 Καὶ
2633 4829 2659 4880 6
2683 4826 2913 4897 τρώγων
2941 4844 3029 4895 με,
3051 4833 3205 4895 φησι,
3235 4816 3486 4886 κάκεῖνος
3516 4821 3776 4890 ζήσεται.»

2230 4919 2518 4990 Ἐσθίομεν
2567 4920 2624 4985 δὲ
2662 4921 2844 4990 ἡμεῖς,
2896 4919 2958 4970 οὐ
3010 4918 3108 4988 τὴν
3147 4917 3378 4988 θεότητα
3428 4907 3781 4967 δαπανῶντες.

2228 5014 2408 5083 ἄπαγε
2459 5014 2557 5083 τῆς
2606 5010 2949 5074 δυσϐουλίας,
2984 5009 3119 5064 ἀλλά
3151 5010 3252 5080 τὴν
3296 5007 3431 5061 ἰδίαν
3481 5000 3575 5057 τοῦ
3620 4995 3781 5085 λόγου

1798 5293 1956 5350 ANT.
1998 5293 2271 5351 AGELLII
2311 5295 2539 5351 ΝΟΤᾹΞ.

613 5456 727 5527 (28)
784 5454 1112 5528 Intrinsecus
1184 5456 1366 5525 putavi
1428 5460 1732 5528 commode
1768 5458 1903 5511 verti
1978 5457 2109 5525 quod

2224 5456 2389 5510 αὐτοῦ
2415 5459 2477 5511 τὸ
2506 5460 2746 5528 ἐνεργεῖν
2771 5455 3027 5528 δύνασθαι
3046 5495 3060 5515 ,
3091 5458 3402 5528 intrinsecus
3425 5464 3473 5509 et
3499 5468 3562 5506 ex
3597 5465 3649 5503 se
3675 5445 3782 5515 ipso

541 5520 729 5579 Grarce
783 5536 887 5586 est,
928 5520 1308 5594 otxoﬂequuo
1349 5526 1605 5579 adverbio
1660 5527 1830 5580 utitur
1872 5520 2124 5580 nonnun-

544 5604 930 5665 qnam‘auctor
956 5595 1009 5665 in
1059 5595 1158 5648 hac
1203 5595 1617 5663 signiﬁcatione,
1648 5607 1706 5649 ttt
1739 5597 1835 5649 lib.
1876 5612 1949 5660 tv,
2000 5610 2123 5665 pag.

545 5664 655 5737 98A:
679 5663 891 5737 οἴκοθεν
922 5659 1014 5716 οὖν
1052 5665 1160 5735 ἄρα
1192 5659 1286 5719 καῖ
1330 5666 1459 5737 παρ’
1493 5665 1657 5737 alb-:06
1695 5668 1754 5718 τὸ
1786 5659 2124 5735 πνεῦμαάὗ-

548 5733 666 5793 τοῦ,
693 5732 1005 5803 intrinsecus
1037 5732 1184 5789 et'ub
1230 5738 1341 5803 ipso
1378 5732 1451 5790 est
1506 5733 1731 5803 Spiritus
1768 5732 1989 5802 ejusfet
2018 5737 2121 5788 ους

2224 5528 2379 5580 habet
2422 5538 2476 5580 ut
2514 5526 2721 5594 operari
2754 5538 2800 5579 et
2832 5526 3040 5593 efﬁcere
3064 5527 3244 5594 possit.

2300 5598 2411 5665 (99)
2440 5588 2599 5651 Forte
2630 5596 2841 5665 σκέψιν,
2864 5588 3261 5663 "cogitationem
3302 5606 3465 5665 atque
3499 5588 3779 5665 considera:
3852 5623 3862 5635 .

2227 5650 2438 5728 tionem,
2472 5650 2527 5719 ut
2560 5668 2696 5720 lihrn
2723 5650 3119 5733 έυιιίιοιιιῗιιοβ.
3148 5665 3269 5729 l'ZO,
3298 5650 3484 5731 ἐπειδὴ
3507 5661 3563 5713 δὲ
3585 5650 3780 5733 χρηστά

2230 5738 2357 5804 περὶ
2383 5738 2537 5804 ἡμῶν
2569 5738 2598 5787 6
2625 5728 2963 5804 Δημιουργὸς
2994 5728 3278 5801 ἐσκέψατο,
3302 5728 3667 5803 νοεημὶαηιιίε
3691 5735 3778 5777 no-

550 5804 649 5855 ουκ
693 5801 1102 5871 εἰσκεκριμένον
1152 5801 1367 5871 ἔξωθεν,
1405 5805 1519 5859 ἀλλ’
1547 5801 1761 5859 οἴκοθεν
1795 5801 1907 5875 ξγει
1948 5804 2037 5857 καὶ
2069 5806 2109 5857 ἐξ

2231 5801 2315 5859 (Iis-
2341 5801 2432 5859 ξων·
2452 5801 2719 5859 Conditor
2734 5801 2948 5859 meliora
2974 5804 3245 5873 Cogitavit.
