4080 6430
309 351 421 408 193
1360 351 1729 408 ADVERSUS
1768 350 2173 409 NESTOBIUM
2220 352 2347 408 LIB.
2383 356 2473 412 IV.
3497 363 3601 418 19‘

306 473 496 543 σάρκα
540 468 808 535 ζωοποιέιν
853 476 1270 546 γεγενημένην,
1331 476 1413 530 ὅτι
1471 477 1695 546 γέγονεν
1748 477 1894 532 αὐτοὶ

2022 477 2190 547 ipsam
2227 479 2563 534 divinitatem
2595 495 2979 538 consumamus
3007 484 3025 553 (
3058 497 3229 555 apage
3259 484 3327 539 ab
3356 485 3456 540 ista
3493 488 3595 539 im-

305 566 517 629 ζῶντος
548 566 641 618 διὰ
660 565 751 618 τὸν
782 567 1010 636 Πατέρα
1035 585 1049 599 θ
1084 570 1178 622 καὶ
1203 570 1301 639 οὐχ
1332 571 1413 623 ὅτι
1446 569 1570 640 [ῑσ.
1598 572 1692 623 καὶ
1725 571 1894 641 οῦτοι]

2018 571 2302 641 pietate),
2335 574 2428 626 sed
2476 573 2621 626 illam
2675 575 2947 644 propriam
3000 576 3160 630 Verbi
3204 592 3425 631 carnem
3482 578 3597 647 jam

305 654 413 707 πού
445 671 637 725 φαμεν
659 654 807 709 κατὰ
836 656 1061 725 μέθεξιν
1102 659 1200 729 τὴν
1239 660 1459 726 ἔξωθεν,
1502 661 1595 715 καὶ
1637 663 1885 732 είσκεκρι

2017 661 2283 716 vivificaut
2321 661 2565 718 effectam
2595 706 2608 730 ,
2639 667 2763 734 quia
2797 665 2913 735 ejus
2941 667 3078 721 facta
3109 676 3211 735 est,
3244 669 3334 737 qui
3378 680 3600 737 propter

314 746 492 814 μένως
537 744 943 809 ζωοποιεῖσθαι
995 748 1087 802 τὸν
1128 750 1301 818 Λόγον
1346 754 1499 822 παρὰ
1534 753 1630 806 τοῦ
1676 754 1889 823 Πατρός

2016 750 2229 807 Patrem
2287 755 2418 808 vivit
2463 774 2475 809 :
2513 766 2568 810 et
2621 766 2771 812 certe
2823 773 2927 811 non
2999 759 3229 814 dicimus
3288 762 3593 816 extrinsecs

320 837 456 907 ζωὴν
485 837 546 889 δὲ
596 837 810 901 μᾶλλον
850 838 992 893 κατὰ
1034 840 1196 910 φύσιν
1238 836 1377 895 εἶναι
1416 842 1894 915 διαὸεόαιούμεθα

2015 845 2422 912 participatione
2455 858 2512 902 et
2545 847 2836 902 adventitia
2874 849 3137 905 viviﬁcari
3166 851 3400 906 Verbum
3435 867 3464 906 ο
3487 851 3596 906 Pa—

320 929 642 999 γεγέννηται
662 929 774 1001 γὰρ
808 929 886 995 ὠς
919 931 984 985 ὲκ
1013 931 1158 1003 ζωῆς
1176 932 1270 986 τοῦ
1297 934 1525 1006 Πατρός.
1557 938 1765 1007 Ὃνπερ
1802 937 1894 1009 γάε

2016 942 2118 995 tre,
2142 935 2233 987 sed
2274 935 2433 988 vitam
2475 937 2652 1005 potius
2683 953 2778 1006 per
2803 938 3051 993 naturam
3079 955 3202 997 esse
3223 940 3553 1000 aﬂirmamus
3579 960 3595 1007 ;

320 1019 510 1089 τρόπον
538 1018 606 1072 τὸ
643 1020 743 1073 τοῦ
785 1019 943 1090 ἡλίου
1002 1024 1354 1094 πεμπόμενον
1396 1026 1575 1091 σέλας,
1619 1028 1667 1079 εί
1701 1028 1894 1097 λέγοιτ(

2011 1025 2224 1093 genitus
2265 1035 2348 1080 est.
2401 1028 2545 1081 enim
2591 1030 2657 1083 de
2705 1030 2865 1086 Patre
2923 1039 3183 1101 tanquam
3223 1031 3291 1086 de
3337 1033 3466 1087 vita.
3527 1031 3599 1088 Ut

320 1111 471 1179 τυχὸν
498 1110 764 1183 λαμπρὸν
792 1109 933 1167 εἶναι
958 1114 1051 1168 διὰ
1083 1115 1175 1168 τόν
1215 1112 1563 1186 πεπομφότα,
1596 1120 1782 1190 ἤγουν,
1818 1121 1894 1176 τοι

2011 1116 2153 1169 enim
2191 1116 2365 1188 fulgor
2394 1134 2423 1172 a
2459 1119 2570 1174 sole
2605 1120 2836 1185 missus,
2879 1122 3091 1177 si'forte
3121 1121 3436 1190 splendidus
3476 1136 3600 1177 esse

313 1203 371 1266 ἐξ
405 1198 465 1256 οῦ
496 1202 800 1273 πάρεστιν,
828 1205 891 1257 οὐ
928 1207 1075 1260 κατὰ
1108 1208 1327 1277 μέθεξιν
1360 1209 1475 1280 ἔχει
1506 1210 1568 1264 τό
1593 1208 1733 1265 εἶναι
1766 1212 1894 1283 λαμ·

2010 1209 2221 1262 dicatur
2251 1221 2471 1280 proyter
2505 1211 2828 1277 mittentem,
2854 1206 2937 1268 'vel
2981 1224 3203 1282 propter
3234 1230 3356 1268 etim
3391 1228 3456 1267 ex
3485 1228 3598 1283 quo

312 1293 462 1364 πρὸν,
498 1293 623 1347 ἀλλ’
658 1291 776 1348 οἷον
804 1298 870 1349 ὲκ
900 1299 1138 1368 φυσικῆς
1162 1301 1464 1369 εὐγενείας,
1493 1304 1552 1357 τὸ
1572 1303 1667 1358 τοῦ
1701 1324 1894 1377 πεπομη

2010 1300 2288 1366 provenit,
2323 1315 2426 1354 non
2459 1316 2522 1354 ex
2552 1304 2963 1372 participatione
3014 1304 3173 1357 habet
3202 1314 3256 1358 ttt
3282 1303 3592 1371 splendeat,

304 1386 484 1454 φότος,
550 1387 728 1456 ῆγουν
774 1389 1239 1460 ἀπαστράψαντος
1281 1392 1660 1465 πλεονέκτημα
1712 1401 1894 1467 φορεῖι

2009 1393 2103 1446 sed
2127 1393 2521 1461 quodammodo
2553 1410 2616 1447 cx
2647 1394 2875 1449 naturali
2919 1396 3203 1449 nobilitate
3252 1396 3399 1449 illam
3428 1396 3594 1449 emit-

295 1477 443 1530 κατὰ
464 1476 567 1530 τόν
600 1478 740 1543 ἴσον,
768 1474 948 1548 οἶμαι,
980 1481 1157 1554 τούτῳ
1180 1483 1381 1555 τρόπον
1408 1502 1468 1539 τε
1492 1487 1587 1540 καὶ
1602 1487 1780 1556 λόγον,
1801 1489 1894 1543 xit

2011 1485 2171 1539 tentis
2215 1500 2309 1541 seu
2347 1484 2668 1553 fulgurantis
2711 1487 3083 1543 excellentiam
3118 1487 3327 1554 defert;
3368 1488 3595 1551 eodem,

292 1571 343 1622 εί
370 1570 524 1638 λέγοι
557 1570 664 1641 ζῇν
696 1572 896 1625 ἑαυτὸν
919 1573 949 1625 ὁ
977 1574 1102 1639 Υἱὸς
1127 1575 1213 1630 διὰ
1237 1577 1326 1631 τὸν
1350 1579 1591 1651 Πατέρα,
1621 1584 1894 1655 μαρτυρή-

2006 1579 2221 1646 opinor,
2253 1578 2437 1644 modo,
2469 1577 2772 1649 eademque
2816 1580 3025 1635 ratione
3064 1580 3280 1635 etiamsi
3324 1580 3507 1635 vivere
3536 1593 3598 1635 se

297 1680 439 1717 σειεν
470 1664 542 1717 ἂν
569 1664 756 1736 ἑαυτῷ
782 1666 884 1739 τὴν
915 1667 977 1719 ὲκ
1008 1668 1222 1737 Πατρός
1249 1670 1553 1738 εὐγένειαν,
1588 1673 1679 1727 καὶ
1708 1676 1768 1727 οὐ
1791 1678 1894 1739 τοῖς

2009 1671 2154 1725 dicat
2203 1670 2375 1725 Filius
2415 1681 2637 1741 propter
2689 1670 2944 1737 Patrem,
2982 1671 3082 1727 sibi
3118 1672 3263 1725 illam
3311 1686 3378 1726 ex
3428 1670 3597 1726 Patre

303 1755 478 1820 ἄλλοις
533 1757 846 1828 κτίσμασιν
903 1759 1130 1831 ἀναμὶξ,
1184 1762 1428 1833 ὲπακτήν
1468 1782 1530 1818 τε
1575 1767 1669 1820 καὶ
1703 1766 1894 1834 ἔξωθεν

2006 1759 2340 1815 nobilitatem
2373 1777 2471 1816 suo
2501 1762 2808 1816 testimonio
2834 1763 3072 1817 vindicat
3094 1803 3110 1828 ,
3132 1778 3237 1818 non
3270 1764 3432 1834 vulgo
3457 1762 3594 1817 alia-

306 1848 441 1918 ἑχειν
471 1823 814 1921 ὁμολογήσει
842 1851 945 1921 τὴν
978 1823 1147 1924 ζωήν.
1185 1823 1394 1926 Ὠσπερ
1423 1856 1480 1910 δὲ
1524 1858 1585 1911 τὸ
1610 1823 1775 1914 αὑτοῦ
1802 1860 1898 1914 τοῦ
1936 1823 1975 1877 Β

308 1940 475 2008 Λόγου
530 1940 699 2011 σῶμα
745 1942 1012 2007 ζωοποιόν
1063 1947 1228 2011 ἐστιν,
1279 1946 1409 2001 ἴδιον
1454 1950 1619 2004 αὑτοῦ
1666 1969 1900 2024 ποιησα-

310 2030 469 2100 μένου
497 2032 625 2085 καθ’
648 2033 848 2087 ἕνωσιν
878 2033 1058 2105 ἀληθῆ
1084 2037 1183 2107 τὴν
1211 2038 1352 2111 ὑπὲρ
1374 2039 1498 2095 νοῦν
1522 2060 1583 2095 τε
1607 2045 1701 2097 καὶ
1722 2044 1897 2115 λόγον·

309 2123 448 2176 οὕτω
496 2126 594 2178 καὶ
637 2127 803 2197 ἡμεῖς
835 2128 886 2180 oi
930 2129 990 2180 ὲν
1034 2128 1253 2198 μεθέξει
1282 2134 1579 2205 γενοίμεθα
1610 2136 1708 2207 τῆς
1737 2138 1901 2207 ἁγίας

318 2216 542 2284 σαρκὸς,
581 2218 675 2270 καὶ
706 2217 948 2287 αἵματος
980 2220 1175 2286 αὐτοῦ,
1224 2224 1401 2297 πάντῃ
1445 2243 1504 2279 τε
1540 2229 1636 2281 καὶ
1683 2229 1903 2294 πάντως

321 2305 741 2378 ζωοποιοῦμεθαν
774 2312 1035 2381 μένοντος
1075 2315 1134 2368 ὲν
1176 2318 1311 2386 ἡμῖν
1357 2317 1452 2371 τοῦ
1491 2320 1666 2388 Λόγου
1703 2319 1903 2387 θεῑκῶς

2006 1867 2124 1906 rum
2160 1863 2532 1908 creaturarum
2575 1855 2841 1911 adntistus
2880 1856 3143 1911 invectam
3171 1857 3593 1911 etextrinsecus

2002 1954 2210 2015 partam
2233 1945 2434 2000 habere
2454 1960 2512 1999 se
2535 1945 2698 1999 vitam
2722 1946 2939 2000 fatetur.
2967 1947 3432 2012 Quemadmodum
3453 1961 3587 2002 vero

2002 2036 2272 2091 virilicum
2300 2047 2379 2092 est
2402 2036 2528 2091 illud
2560 2036 2727 2106 ipsius
2750 2037 2907 2092 Verbi
2926 2053 3141 2106 corpus,
3167 2037 3310 2107 quod
3328 2038 3429 2093 sibi
3452 2052 3588 2108 pro-

2003 2129 2180 2197 prium
2210 2126 2340 2183 fecit
2375 2144 2472 2198 per
2510 2144 2691 2183 veram
2732 2131 2981 2183 unionem
3003 2170 3019 2195 ,
3039 2143 3158 2198 quae
3178 2139 3232 2183 et
3273 2128 3582 2197 intelligen-

2003 2220 2132 2274 tiam
2149 2229 2203 2274 et
2228 2235 2533 2276 sermonem
2557 2228 2777 2289 superat
2798 2259 2814 2284 ,
2845 2220 2928 2274 sic
2942 2235 3043 2275 nos
3065 2234 3281 2290 quoque
3315 2219 3408 2288 qui
3435 2219 3581 2273 iilius

2002 2321 2204 2367 sanctae
2241 2313 2425 2368 carnis
2462 2321 2516 2366 et
2551 2312 2831 2382 sanguinis
2860 2311 2977 2382 ejus
3009 2311 3421 2381 participatione
3455 2308 3592 2364 frui-

2003 2420 2147 2467 mur,
2179 2406 2401 2460 omnino
2426 2405 2788 2469 viviﬁcatnur,
2809 2418 2933 2459 cum
2958 2404 3011 2457 in
3036 2403 3192 2460 nobis
3215 2413 3431 2458 maneat
3455 2402 3589 2459 Ver-

2002 2497 2131 2552 bum
2153 2504 2257 2551 non
2281 2497 2456 2553 solum
2482 2495 2669 2550 divino
2696 2495 2858 2550 modo
2890 2511 2987 2564 per
3007 2505 3258 2550 sanctum
3302 2494 3588 2565 Spiritum,

2008 2589 2162 2659 ιιι
2190 2603 2375 2643 verum
2411 2588 2577 2642 etiam
2609 2588 2864 2653 humano,
2898 2603 2996 2656 per
3010 2597 3254 2643 sanctam
3285 2586 3433 2641 illam
3464 2600 3587 2641 car-

2007 2696 2129 2736 nem
2188 2681 2600 2751 pretiosumque
2621 2680 2741 2750 ejus
2766 2682 3108 2750 sanguinem.
3136 2678 3262 2734 llaec
3297 2694 3417 2749 qua:
3453 2679 3589 2743 dixi,

2003 2787 2132 2828 vera
2159 2786 2282 2828 esse
2318 2773 2510 2828 beatus
2540 2771 2733 2827 Paulus
2770 2787 2871 2827 suo
2891 2770 3150 2842 sum-agio
3177 2773 3487 2835 conﬁrmat,
3511 2769 3593 2824 sic

2005 2868 2250 2924 scribens
2280 2868 2347 2922 ad
2365 2882 2459 2921 eos
2490 2868 2582 2937 qui
2621 2865 2869 2922 Corinthi
2916 2865 2969 2917 in
3025 2863 3309 2919 Dominum
3345 2872 3588 2917 nostrum

317 2399 440 2469 μὲν,
481 2401 571 2455 διὰ
598 2402 687 2456 τοῦ
714 2404 877 2473 ἁγίου
918 2405 1258 2476 Πνεῦματος,
1306 2410 1666 2481 ἀνθρωπίνως
1703 2414 1762 2468 δὲ
1807 2410 1897 2480 αὖ,

304 2489 397 2544 διὰ
422 2492 523 2561 τῆς
546 2493 711 2561 ἁγίας
736 2494 947 2566 σαρκὸς
975 2499 1071 2551 καὶ
1107 2499 1199 2552 τοῦ
1229 2501 1410 2571 τιμίου
1453 2503 1708 2575 αἵματος.
1751 2507 1901 2560 Ἐπι-

296 2583 595 2652 ψηφιεῖται
620 2577 678 2639 δὲ
715 2582 800 2651 οἷς
823 2587 965 2659 ἔφην
990 2590 1054 2644 τὸ
1080 2590 1280 2661 ἀληθὲς
1297 2593 1326 2645 ὁ
1351 2594 1642 2662 ἱερώτατος
1667 2596 1899 2664 Παῦλος,

294 2674 400 2728 ὡδὶ
448 2676 754 2747 γεγραφὼς
788 2682 915 2763 ,τοῖς
955 2682 1016 2733 ἑν
1066 2682 1320 2754 Κορίνθῳ
1367 2689 1791 2744 πεπιστευκόσιν
1822 2693 1903 2756 είς

294 2766 391 2819 τὸν
423 2767 641 2838 Κύριον
674 2769 838 2840 ἡμῶν
896 2772 1108 2842 Ἰησοῦν
1144 2774 1236 2827 τὸν
1265 2777 1502 2847 Χριστόν
1525 2794 1538 2806 ·
1574 2799 1593 2832 ι
1615 2781 1721 2845 ,Ὧς
1768 2799 1902 2853 φρο-

293 2858 479 2928 νίμοις
508 2860 683 2928 λέγω,
714 2863 944 2933 κρίνατε
972 2864 1134 2936 ὑμεῖς
1158 2867 1185 2920 δ
1212 2885 1353 2939 φημι
1375 2886 1389 2900 °
1416 2870 1478 2924 τὸ
1512 2875 1772 2944 ποτήριον
1803 2877 1904 2949 τῆς

290 2950 559 3019 εὐλογίας
586 2951 619 3004 ὃ
644 2953 1005 3026 εὐλογοῦμεν,
1039 2957 1162 3028 οὐχὶ
1193 2961 1450 3014 κοινωνία
1477 2964 1591 3016 ἐστὶ
1614 2965 1708 3019 τοῦ
1737 2967 1894 3038 αἵμα-

2004 2959 2188 3015 Jesum
2211 2959 2488 3012 Christum
2517 2958 2869 3013 conﬁdebant
2905 2967 2920 3010 :
2957 2975 2975 3008 ι
3013 2954 3294 3024 Tanquam
3354 2954 3593 3022 pruden-

284 3056 389 3102 τος
411 3040 511 3093 τοῦ
540 3042 787 3113 Χριστοῦ
808 3061 823 3110 ;
858 3048 952 3099 τὸν
979 3046 1145 3119 ἄρτον
1170 3047 1229 3103 ὃν
1254 3049 1492 3122 κλῶμεν,
1513 3054 1634 3124 οὐχὶ
1651 3060 1894 3113 κοινωνία

2011 3051 2153 3104 tibus
2177 3050 2319 3115 dico,
2354 3048 2593 3117 judicate
2619 3061 2719 3102 vos
2760 3048 2902 3117 quod
2936 3045 3098 3099 ilico?
3148 3045 3300 3100 Calix
3363 3044 3591 3098 benedi-

282 3128 388 3183 τοῦ
422 3130 689 3202 σώματος
711 3133 810 3187 τοῦ
838 3136 1078 3207 Χριστοῦ
1123 3139 1301 3207 ἑστινς
1337 3142 1420 3195 ὅτι
1454 3139 1536 3208 εἷς
1573 3144 1758 3215 ἄρτος,
1806 3150 1894 3203 καὶ

2007 3142 2206 3196 ctionis
2228 3142 2312 3194 cui
2342 3139 2737 3202 benediciutns,
2773 3148 2953 3192 nonne
3006 3134 3429 3190 communicatio
3454 3148 3584 3188 san-

279 3222 352 3275 ἒν
393 3224 562 3294 σῶμα
607 3227 663 3279 οί
713 3227 901 3281 πολλοί
942 3232 1139 3299 ἐσμεψ
1182 3235 1233 3287 οί
1279 3235 1388 3307 γὰρ
1433 3236 1633 3302 πάντες
1684 3241 1748 3292 ἑκ
1804 3243 1894 3296 τοῦ

2002 3235 2179 3304 guinis
2228 3232 2427 3288 Christi
2479 3232 2602 3286 est?
2652 3231 2806 3300 panis
2830 3244 2987 3299 quem
3038 3228 3360 3297 frangimus,
3414 3241 3591 3282 nonne

280 3315 416 3378 ἑνὸς
460 3315 642 3388 ἄρτου
689 3320 1014 3391 μετέχομεν.
1048 3342 1067 3375 ι
1126 3325 1442 3396 Πνεύματος
1495 3329 1596 3398 μὲν
1651 3330 1761 3402 γὰρ
1802 3333 1894 3386 τοῦ

2002 3326 2434 3381 communicatio
2461 3324 2710 3394 corporis
2751 3322 2957 3378 Christi
2988 3320 3111 3376 est?
3133 3318 3399 3387 Quoniam
3450 3332 3590 3372 unus

281 3410 473 3476 ἁγίου,
506 3413 940 3481 μετεσχηκότες,
1000 3415 1152 3486 αὐτῷ
1188 3434 1246 3471 τε
1293 3419 1372 3491 τῷ
1419 3421 1637 3475 πάντων
1681 3424 1894 3499 Σωτῆρι

2002 3418 2159 3487 panis
2187 3427 2236 3472 et
2268 3433 2432 3472 unum
2457 3431 2654 3486 corpus
2690 3414 2840 3468 multi
2874 3428 3087 3474 sumus,
3123 3425 3315 3466 omnes
3341 3410 3484 3465 enim
3521 3410 3589 3463 de

281 3501 539 3572 Χριστῷ,
573 3504 675 3557 καὶ
717 3504 974 3587 ἀλλήλοις
999 3509 1268 3580 ὲνούμεθα
1294 3530 1307 3544 ·
1346 3513 1625 3587 σύσσωμοι
1655 3517 1711 3571 δὲ
1759 3521 1897 3575 κατὰ
2002 3526 2110 3567 uno
2135 3526 2273 3581 pane
2293 3510 2678 3581 participamus
2705 3508 2775 3561 ".
2812 3527 2831 3560 ι
2876 3506 3175 3576 Participes
3199 3517 3432 3573 namque
3460 3517 3588 3557 san-

262 3591 485 3647 ’τοῦτόν
524 3595 701 3665 ἐσμεν
725 3596 819 3651 τὸν
852 3586 1077 3670 τρόπον,
1130 3618 1149 3652 ι
1175 3601 1259 3656 ὅτι
1303 3598 1386 3667 εἷς
1417 3606 1602 3678 ἄρτος,
1637 3609 1696 3662 ἓν
1736 3611 1897 3681 σῶμα

282 3686 337 3738 οἱ
374 3685 571 3739 πολλοί
605 3688 814 3757 ἑσμεν·
858 3691 909 3743 οἱ
952 3694 1062 3763 γάρ
1101 3694 1303 3759 πάντες
1336 3698 1401 3751 ἑκ
1445 3697 1541 3751 τοῦ
1584 3701 1701 3764 ἐνὸς
1730 3702 1895 3771 ἄρτου

286 3779 627 3850 μετέχομεν.
645 3797 665 3831 ι
707 3780 897 3835 Συνδεῖ
924 3783 1035 3855 γὰρ
1064 3785 1212 3855 ἡμᾶς
1238 3790 1316 3850 είς
1337 3788 1564 3860 ἑνότητα
1590 3791 1653 3844 τὸ
1674 3792 1731 3846 ἑν
1765 3794 1895 3864 ἡμῖν

284 3868 453 3939 σῶμα
481 3871 760 3942 Χριστοῦ,
801 3874 1134 3945 μεμέρισται
1178 3877 1237 3931 δὲ
1274 3881 1396 3934 κατ’
1441 3881 1630 3936 οὐδένα
1671 3884 1891 3954 τρόπον.

289 3964 413 4016 Ὀτι
440 3964 503 4018 δὲ
537 3964 631 4018 διὰ
666 3965 764 4019 τοῦ
807 3967 1063 4037 σώματος
1087 3971 1180 4024 τοῦ
1208 3972 1449 4045 Χριστοῦ
1488 3974 1625 4045 πρὸς
1668 3976 1896 4048 ἑνότητα

298 4053 391 4122 τὴν
424 4054 569 4124 πρὸς
602 4055 794 4119 αὐτὸν,
828 4059 923 4110 καὶ
950 4058 1086 4128 πρός
1121 4075 1184 4127 γε
1212 4064 1314 4133 τὴν
1341 4063 1421 4126 είς
1450 4063 1714 4134 ἀλλήλους
1762 4082 1888 4118 συν-

304 4145 595 4214 ενήγμεθα,
624 4145 966 4201 πιστώσεται
1002 4151 1233 4219 γράφων
1256 4152 1285 4204 ό
1325 4152 1597 4224 μακάριος
1635 4154 1849 4220 Παῦλος
1875 4172 1889 4188 ⁸

304 4253 323 4285 σ
340 4236 538 4290 Τούτου
568 4238 742 4310 χάριν
772 4237 886 4308 ἑγὼ
904 4240 1118 4306 Παῦλος
1135 4244 1166 4295 ὁ
1190 4243 1412 4315 δέσμιος
1452 4247 1628 4318 Ἰησοῦ
1650 4250 1891 4320 Χριστοῦ

297 4327 427 4401 ὖῄρ
457 4329 621 4399 ὑμῶν
664 4329 779 4383 τῶν
804 4330 998 4394 ἐθνῶν,
1045 4332 1099 4384 εί
1123 4350 1186 4402 γε
1216 4335 1493 4404 ἠκούσατε
1538 4338 1641 4410 τὴν
1680 4341 1892 4396 οίκονο-

288 4421 413 4489 μίαν
454 4421 563 4492 τῆς
624 4423 858 4492 χάριτος
896 4423 993 4478 τοῦ
1038 4425 1175 4479 Θεοῦ
1222 4427 1324 4498 τῆς
1364 4428 1615 4502 δοθείσης
1668 4450 1759 4503 μοι
1810 4435 1892 4498 εἰς

2001 3605 2071 3659 cti
2104 3604 2344 3672 Spiritus
2366 3602 2566 3665 eﬂ‘ecti,
2609 3611 2665 3656 et
2706 3600 2807 3669 ipsi
2850 3599 3091 3654 omnium
3126 3596 3396 3650 Salvatori
3427 3591 3590 3650 Chri-

2001 3708 2105 3763 sto,
2144 3678 2362 3753 etiuter
2389 3712 2490 3751 nos
2518 3697 2771 3750 unimur:
2808 3690 3232 3762 concorporales
3283 3689 3447 3743 etiam
3477 3688 3583 3742 hoc

1999 3790 2162 3844 modo
2188 3805 2373 3844 sumus
2395 3827 2409 3852 ,
2443 3807 2462 3839 ι
2504 3788 2760 3858 quoniam
2787 3801 2925 3840 unus
2980 3785 3133 3854 panis
3193 3798 3359 3837 unum
3390 3795 3588 3848 corpus

2001 3881 2154 3934 multi
2213 3895 2457 3934 sumus:
2519 3893 2709 3933 omnes
2774 3877 2919 3932 enim
2961 3877 3028 3931 de
3095 3887 3204 3928 uno
3281 3885 3423 3941 pane
3462 3885 3589 3939 par-

2002 3974 2302 4041 ticipamns.
2352 3991 2371 4023 ι
2405 3971 2657 4039 Conligat
2689 3983 2922 4038 namque
2953 3982 3050 4020 nos
3077 3965 3144 4019 ad
3176 3965 3438 4017 unitatem
3461 3976 3585 4017 cor-

1998 4081 2099 4136 pus
2131 4064 2331 4120 Christi
2353 4059 2494 4132 quod
2524 4072 2609 4117 est
2640 4063 2692 4115 in
2724 4063 2897 4126 nobis,
2931 4070 3107 4127 neque
3140 4065 3220 4111 est
3271 4054 3380 4107 ullo
3422 4053 3584 4108 modo

1998 4157 2252 4212 divisum.
2287 4155 2457 4209 Porro
2491 4169 2585 4224 per
2617 4154 2818 4209 Christi
2846 4166 3044 4220 corpus
3072 4150 3138 4204 ad
3192 4148 3453 4203 unitatem
3484 4161 3583 4216 per

1995 4258 2238 4320 quamet
2271 4265 2394 4303 cum
2431 4248 2550 4316 ipso
2596 4258 2650 4301 et
2672 4247 2814 4300 inter
2843 4259 2941 4300 nos
2973 4241 3275 4314 jungimttr,
3322 4241 3584 4296 collectos

1995 4355 2117 4396 esse
2145 4341 2431 4396 conﬁrmat
2458 4340 2651 4395 beatus
2676 4337 2898 4401 Paulus,
2927 4351 3048 4391 cum
3079 4335 3270 4389 scribit
3296 4351 3310 4388 :
3346 4351 3366 4385 ι
3409 4332 3582 4401 Hujus

1997 4436 2072 4488 rei
2102 4435 2273 4502 gratia
2301 4448 2400 4502 ego
2415 4431 2614 4487 Paulus
2642 4432 2856 4485 vinctus
2881 4428 3082 4484 Christi
3116 4426 3243 4481 Jesn
3271 4440 3368 4494 pro
3426 4423 3582 4477 vobis

282 4510 447 4581 ὑμᾶς,
478 4512 569 4565 ὅτι
611 4515 741 4565 κατ’
778 4515 1124 4585 ἀποκάλυψιν
1150 4519 1454 4592 ἐγνωρίσθη
1485 4537 1577 4591 μοι
1598 4523 1658 4577 τὸ
1684 4527 1893 4597 μυστή-

1998 4526 2272 4595 gentibus,
2308 4526 2353 4580 si
2387 4534 2565 4579 tamen
2605 4524 2839 4577 audistis
2890 4519 3350 4589 dispensationem
3392 4515 3581 4584 gratiae

283 4620 413 4674 ριον,
464 4603 671 4667 καθὼς
726 4607 1056 4679 προέγραψα
1096 4610 1154 4663 ἐν
1194 4611 1381 4682 ὀλίγῳ,
1426 4613 1564 4685 πρὸς
1604 4616 1632 4668 ὃ
1657 4616 1887 4671 δύνασθε

281 4695 766 4765 ἀναγινώσκοντες
790 4698 982 4768 νοῆσαι
1014 4700 1113 4772 τὴν
1148 4701 1365 4755 σύνεσίν
1390 4720 1492 4774 μου
1510 4707 1568 4758 ἑν
1586 4706 1662 4777 τῷ
1687 4725 1757 4778 μυ
1768 4725 1890 4780 στη-

283 4786 375 4859 ρίῳ
402 4788 503 4841 τοῦ
535 4788 822 4860 Χριστοῦο
870 4791 898 4843 ὃ
933 4792 1152 4862 ἑτέραις
1176 4797 1394 4862 γενεαῖς
1443 4797 1544 4851 οὐκ
1578 4798 1884 4872 ἐγνωρίσθη

280 4879 385 4941 τοῖς
409 4881 559 4943 υἱοῖς
601 4881 721 4932 τῶν
760 4880 1084 4952 ἀνθρώπων,
1127 4885 1204 4948 ὠς
1239 4885 1337 4940 νῦν
1382 4887 1741 4962 ἀπεκαλύφθη
1772 4894 1887 4956 τοῖς

283 4968 451 5036 ἁγίοις
470 4971 813 5034 ἀποστόλοις
841 4973 1006 5027 αὑτοῦ
1039 4977 1137 5029 καὶ
1166 4978 1479 5050 προφήταις
1498 4983 1556 5035 ἑν
1577 4979 1882 5053 Πνεῦματι,

282 5055 416 5115 εἶναι
448 5062 525 5116 τὰ
558 5062 698 5134 ἔθνη
727 5064 1154 5136 συγκληρονόμα
1182 5069 1277 5121 καὶ
1310 5070 1597 5141 σύσσωμα,
1617 5074 1709 5126 καὶ
1743 5090 1884 5145 συμ-

278 5153 487 5226 μέτοχα
518 5155 625 5224 τῆς
657 5156 997 5224 ἐπαγγελίας
1023 5161 1080 5211 ἑν
1115 5160 1358 5231 Χριστῷ.
1388 5181 1428 5214 ι·
1459 5164 1674 5236 Ἐπειδὴ
1709 5167 1885 5239 δὲτὴν

270 5246 367 5299 τοῦ
405 5247 727 5318 μυστηρίου
773 5249 1075 5319 παράδοσίν
1098 5268 1158 5304 τε
1187 5252 1282 5306 καὶ
1306 5253 1534 5325 δύναμιν
1552 5257 1884 5329 ἠγνοηκότες

277 5336 332 5388 ἑν
359 5340 509 5409 ἀρχῇ
541 5338 661 5391 τῶν
690 5341 1101 5394 πιστευσάντων
1131 5342 1297 5407 τινὲς,
1328 5343 1434 5410 ἔξω
1456 5347 1755 5417 τρέπεσθαι
1788 5350 1884 5403 τοῦ

273 5430 488 5493 εἰκότος
523 5430 747 5501 ἤθελον,
779 5430 1104 5496 πανδαισίας
1126 5450 1186 5486 τε
1220 5436 1315 5489 καὶ
1354 5437 1706 5507 δημοθοινίας
1743 5440 1884 5513 πλη-

281 5521 501 5590 ροῦντες
546 5525 609 5576 ἐν
670 5516 1183 5595 ἑκκλησίαις,’τοίς
1226 5526 1385 5581 τοῦτο
1429 5529 1564 5601 δρᾷν
1610 5530 1881 5598 εἰωθόσιν,

284 5612 515 5684 ἐπετίμα
562 5614 803 5684 γράφων
850 5616 881 5668 ό
934 5616 1208 5686 μακάριος
1259 5618 1512 5682 Παῦλος·
1560 5640 1579 5673 ι
1610 5623 1703 5695 Μὴ
1769 5625 1882 5698 γὰρ

348 5790 391 5821 ’ί
422 5790 441 5846 l
472 5789 604 5848 Cor.
644 5806 725 5860 ιι,
760 5789 965 5855 16,17.
1044 5790 1089 5822 θ’
1129 5791 1327 5861 prcs.
1378 5810 1458 5852 nt.
1505 5795 1622 5853 5-6.

1996 4617 2113 4681 Dei,
2146 4632 2268 4687 qua:
2287 4617 2410 4670 data
2441 4626 2523 4670 est
2568 4616 2699 4669 mihi
2733 4616 2785 4667 iu
2824 4628 2942 4675 vos,
2979 4611 3237 4680 quoniam
3279 4606 3578 4660 secundum

1995 4709 2386 4765 revelationem
2417 4718 2601 4761 notum
2636 4706 2765 4759 tnihi
2804 4704 3004 4758 factum
3032 4711 3115 4755 est
3150 4703 3578 4757 sacramentum,

1994 4803 2136 4857 sicut
2165 4817 2323 4869 supra
2361 4801 2552 4868 scripsi
2585 4800 2635 4852 in
2659 4798 2831 4862 brevi,
2866 4808 3025 4865 prout
3072 4792 3300 4864 potestis
3340 4788 3580 4856 legentes

1996 4893 2301 4961 intelligere
2351 4891 2694 4960 prudentiam
2741 4903 2915 4941 meam
2964 4886 3016 4939 in
3065 4881 3324 4954 mysterio
3348 4877 3577 4940 Christi,

1995 4983 2137 5053 quod
2162 4984 2284 5038 aliis
2313 4981 2753 5053 generationibus
2791 4995 2892 5033 uon
2911 4987 2993 5032 est
3041 4976 3280 5047 agnitum
3326 4970 3450 5025 ﬁliis
3479 4970 3578 5023 ho-

1996 5078 2224 5142 minum,
2257 5076 2416 5130 sicuti
2452 5090 2598 5129 nunc
2626 5071 2924 5127 revelatum
2948 5079 3035 5123 est
3078 5066 3283 5123 sanctis
3315 5060 3577 5131 apostolis

1994 5170 2112 5239 ejus
2144 5179 2198 5224 et
2224 5169 2503 5239 prOphetis
2531 5169 2582 5222 in
2617 5164 2846 5236 Spiritu,
2876 5171 3064 5233 gentes
3089 5174 3208 5215 esse
3242 5153 3573 5217 cohaeredes,

1992 5260 2429 5329 concorporales,
2459 5269 2513 5313 et
2542 5256 2957 5324 comparticipes
2976 5248 3356 5323 promissionis
3380 5244 3496 5313 ejus
3523 5244 3576 5297 in

1989 5352 2211 5409 Christo
2237 5352 2302 5406 η.
2339 5370 2360 5403 ι
2401 5351 2669 5419 Quoniam
2721 5363 2850 5403 vero
2878 5362 2909 5401 a
2949 5344 3219 5417 principio
3251 5337 3580 5396 nonnulliex

1987 5446 2056 5503 iis
2085 5444 2568 5515 quicrediderant,
2595 5442 2756 5514 hujus
2792 5438 3040 5513 mysterii
3099 5433 3443 5491 traditionem
3509 5444 3577 5484 ac

1986 5536 2094 5591 vim
2126 5536 2461 5607 ignorantes,
2497 5536 2564 5590 ab
2596 5548 2661 5590 eo
2696 5533 2840 5602 quod
2881 5525 3243 5587 conveniebat
3302 5523 3579 5580 divertere

1985 5627 2257 5698 volebant,
2284 5638 2337 5685 et
2369 5628 2621 5686 omnibus
2644 5626 2889 5699 exposita
2944 5620 3195 5683 convivia
3226 5626 3282 5679 et
3327 5613 3576 5689 publica:
