4080 6440
544 349 649 407 I95
1536 348 1594 404 S.
1636 347 1909 405 CYRILLI
1945 278 2091 402 ALFI:

1536 348 1594 404 S.
1636 347 1909 405 CYRILLI
1945 344 2413 403 ALEXANDRINI
2455 345 2774 402 ARCIIIEP.

3705 341 3807 398 {96

541 469 732 536 epulas
767 467 818 522 in
856 466 1101 523 ecclesiis
1130 467 1494 534 instruebant,
1527 469 1773 525 homines
1819 468 1910 537 qui
1945 469 1996 521 id
2039 469 2102 520 fat

2217 466 2391 528 οἰκίας
2443 466 2542 518 οὐκ
2581 465 2732 533 ἔχετε
2781 463 2858 526 είς
2900 461 2958 514 τὸ
3003 459 3204 514 ἐσθίειν
3247 459 3340 514 καὶ
3388 460 3597 528 nivem;
3640 461 3807 532 ἢτὴν

543 574 668 612 cere
696 568 1112 619 consueverant,
1167 560 1416 628 objurgat
1473 562 1662 614 beatus
1706 559 1922 624 Paulus,
1976 561 2113 613 scri-

543 651 726 706 bens:
773 671 791 702 ι
836 649 1083 718 Nunquid
1141 652 1329 704 domos
1380 667 1486 706 non
1549 651 1760 705 habetis
1789 651 1854 704 ad
1889 651 2116 704 mandu-

439 769 450 790 ι
540 743 773 795 candum
791 751 845 795 et
878 741 1206 794 bibendum?
1233 751 1328 796 aut
1359 742 1645 796 ecclesiam
1682 741 1773 794 Dei
1808 741 2116 795 contemni-

542 834 633 898 tis,
665 843 715 885 et
743 833 1074 887 confunditis
1102 849 1195 888 eos
1222 834 1310 902 qui
1337 850 1440 888 non
1473 832 1711 886 habent?
1739 833 1878 898 Quid
1931 832 2110 885 dicam

541 924 726 978 vobis?
749 923 985 977 Laudem
1014 923 1175 978 vusin
1203 924 1340 977 hoc?
1365 939 1468 976 non
1494 923 1670 976 laudo.
1706 922 1816 990 Ego
1846 922 1989 975 enim
2017 936 2112 976 ac-

539 1016 655 1082 cepi
689 1031 716 1066 a
747 1015 992 1081 Domino,
1016 1016 1158 1084 quod
1192 1025 1244 1068 et
1270 1016 1462 1069 tradidi
1494 1015 1648 1069 vobis
1685 1030 1699 1066 :
1727 1015 1982 1084 quoniam
2007 1013 2112 1067 Do-

541 1106 719 1158 minus
748 1104 904 1160 Jesns
937 1105 1186 1159 (lhristus
1217 1106 1268 1158 in
1303 1121 1404 1174 qua
1437 1115 1593 1158 nocte
1624 1105 1849 1158 traditus
1882 1112 1986 1167 est,
2015 1117 2113 1156 ac-

538 1196 679 1263 cepit
709 1211 922 1264 panem,
953 1208 1007 1250 et
1033 1200 1232 1265 gratias
1269 1212 1432 1267 agens
1464 1196 1647 1265 fregit,
1693 1205 1746 1250 et
1775 1195 1911 1248 dixit
1943 1210 1956 1246 :
1989 1196 2107 1248 Hoc

535 1293 617 1339 est
650 1299 844 1353 corpus
867 1299 1066 1349 meum,
1105 1285 1245 1354 quod
1279 1301 1376 1354 pro
1429 1285 1580 1339 vobis
1628 1303 1641 1338 :
1687 1290 1789 1338 hoc
1852 1284 2012 1338 facite
2053 1285 2111 1339 in

537 1391 708 1430 meam
737 1377 1604 1430 commemorationem.Similiter
1628 1387 1683 1429 et
1713 1376 1934 1430 calicem
1965 1384 2112 1444 post-

533 1484 692 1537 quam
727 1469 886 1538 112
916 1469 1177 1532 cenavit,
1202 1471 1387 1524 dicens
1419 1485 1432 1521 :
1473 1468 1569 1522 llic
1603 1469 1739 1523 calix
1779 1485 1973 1523 novum
2007 1470 2108 1524 Te-

532 1570 858 1615 stamentum
896 1571 980 1615 est
1036 1560 1089 1614 in
1119 1577 1239 1616 meo
1268 1561 1529 1630 sanguine
1567 1579 1579 1614 :
1616 1561 1716 1616 hoc
1762 1560 1944 1626 facile,
1975 1576 2109 1628 quo-

534 1653 852 1721 tiescunque
903 1654 1112 1716 facilis,
1159 1652 1214 1706 in
1280 1668 1455 1708 meam
1515 1654 2104 1709 commemorationem.

533 1743 968 1812 Quotiescunque
1000 1744 1396 1799 mamlucahitis
1435 1759 1624 1812 panem
1664 1743 1831 1806 hunc,
1885 1756 1939 1798 et
1979 1743 2109 1796 cali-

2217 553 2514 625 ἐκκλησίαν
2542 554 2635 606 τοῦ
2661 552 2794 605 Θεοῦ
2833 555 3246 621 καταφρονεῖτε,
3288 551 3380 604 καὶ
3415 553 3807 622 καταισχύνετε

2219 648 2342 709 τοὺς
2377 648 2452 715 μὴ
2485 646 2736 715 ἔχονταςς
2782 645 2833 697 τί
2875 646 3013 697 εἴπω
3049 645 3206 714 ύμῐνς
3244 644 3520 698 ἐπαινέσω
3570 645 3715 713 ὑμᾶς
3747 645 3808 696 ἐν

2215 737 2419 805 τούτῳ;
2467 737 2565 788 οὐκ
2606 734 2834 789 ἐπαινῶ.
2891 733 3033 802 Ἐγὼ
3079 735 3188 806 γάρ
3227 734 3532 806 παρέλαϐον
3572 736 3678 788 ἀπὸ
3709 735 3807 788 τοῦ

2218 829 2444 897 Κυρίου,
2481 828 2508 880 ὃ
2532 826 2625 880 καὶ
2656 827 2951 897 παρέδωκα
2982 827 3142 895 ὑμῖν·
3167 829 3274 889 ,ὅτι
3304 830 3331 880 6
3359 827 3560 898 Κύριος
3599 824 3810 898 Ἰησοῦς

2216 919 2448 989 Χριστὸς
2477 921 2535 971 ὲν
2572 922 2635 989 τῇ
2664 919 2821 970 νυκτὶ
2853 913 2886 992 ᾖ
2924 917 3216 988 παρεδόθη,
3261 918 3452 970 ἔλαϐεν
3479 920 3660 988 ἄρτον,
3708 919 3812 974 καὶ⁵

2215 1011 2616 1080 εὐχαριστήσας
2658 1009 2876 1074 ἐκλασε,
2911 1011 3004 1062 καὶ
3039 1006 3160 1062 εἷπε
3184 1026 3202 1044 ο
3238 1009 3409 1062 Τοῦτό
3443 1005 3543 1080 μού
3587 1013 3703 1063 ἐστι
3744 1011 3812 1063 τὸ

2217 1091 2471 1172 σώματό
2500 1102 2641 1172 ὑπὲρ
2689 1100 2881 1170 ήμῶν*
2931 1100 3091 1154 τοῦτο
3142 1103 3346 1155 ποιεῖτε
3397 1104 3477 1165 είς
3517 1103 3614 1173 τὴν
3661 1105 3809 1174 ἐμὴν

2215 1193 2541 1264 ἀνάμνησιν.
2602 1193 2876 1256 Ὡσαύτως
2911 1195 3006 1246 καὶ
3043 1193 3103 1246 τὸ
3146 1195 3404 1264 ποτήριον
3439 1196 3572 1264 μετὰ
3607 1196 3667 1247 τὸ
3693 1197 3807 1248 δει-

2218 1286 2441 1356 πνῆσαι,
2482 1285 2659 1353 λέγων
2682 1303 2694 1316 ο
2726 1285 2898 1339 Τοῦτο
2920 1286 2980 1338 τὸ
3012 1287 3269 1356 ποτήριον
3297 1288 3330 1356 ἡ
3367 1287 3528 1357 καινὴ
3556 1288 3806 1356 Διαθήκη

2213 1379 2380 1439 ἐστὶν,
2410 1378 2468 1429 ἐν
2494 1377 2570 1446 τῷ
2592 1379 2784 1449 αἵματι
2808 1378 2884 1448 τῷ
2911 1379 3060 1448 ἐμῷ·
3091 1377 3247 1430 τοῦτο
3271 1380 3494 1439 ποιεῖτε,
3524 1379 3711 1436 ὁσάκις
3737 1379 3809 1429 ἂν

2213 1471 2435 1530 ποιεῖτε,
2471 1470 2546 1533 είς
2573 1470 2672 1539 τὴν
2702 1471 2844 1541 ἐμὴν
2879 1469 3207 1538 ἀνάμνησιν.
3239 1467 3462 1530 Ὁσάκις
3491 1467 3555 1519 ἂν
3582 1466 3808 1536 ἐσθίητε

2211 1562 2303 1615 τὸν
2337 1563 2500 1633 ἄρτον
2529 1563 2739 1629 τοῦτον,
2774 1563 2870 1616 καὶ
2906 1561 2966 1614 τὸ
2995 1561 3256 1631 ποτήριον
3279 1561 3488 1628 πίνητε,
3515 1560 3606 1612 τὸν
3635 1560 3802 1612 (liv:-

2210 1673 2302 1708 τον
2336 1655 2429 1708 τοῦ
2458 1656 2663 1725 Κυρίου
2702 1652 3125 1724 καταγγέλλετε,
3165 1654 3325 1724 ἄχρις
3356 1644 3415 1708 οὗ
3459 1653 3606 1725 ἔλθῃ.
3627 1673 3643 1704 ι
3689 1654 3807 1706 Καὶ

2213 1747 2357 1800 θεῖον
2392 1749 2491 1818 μὲν
2525 1748 2688 1801 ὅτιτὸ
2720 1748 3040 1818 μυστήριον,
3080 1746 3174 1799 καὶ
3203 1743 3524 1815 ζωοποιδςή
3561 1744 3805 1815 μέθεξις,

531 1849 648 1888 cem
697 1835 912 1897 hibetis,
945 1845 1172 1890 mortem
1225 1835 1435 1890 Domini
1495 1835 1882 1890 annuntiabitis
1937 1835 2102 1890 donec

2210 1841 2303 1893 καὶ
2335 1839 2434 1910 τὴς
2461 1839 2800 1909 ἀναιμάκτου
2832 1837 3063 1908 ταυτησὶ
3107 1835 3295 1900 θυσίας
3323 1837 3354 1907 ἡ
3379 1835 3608 1904 δύναμις
3645 1836 3805 1901 παρὰ

527 1925 793 1978 veniat”.
834 1945 852 1978 ι
886 1927 961 1979 Ac
983 1926 1222 1980 divinum
1255 1926 1472 1995 quidem
1505 1925 1605 1980 hoc
1637 1941 1757 1980 esse
1789 1926 2101 1996 mysterium

526 2016 1107 2087 participationemqne
1130 2017 1245 2084 ejus
1277 2019 1572 2084 vivificatn,
1611 2029 1661 2073 et
1693 2019 1990 2073 incruenta:
2013 2018 2106 2072 hu-

521 2107 610 2175 jus
637 2110 827 2165 hosﬁa:
850 2113 954 2164 vim
977 2111 1134 2178 longe
1157 2110 1246 2166 illo
1274 2110 1430 2180 legali
1462 2111 1610 2166 cultu
1644 2112 2099 2180 praestantiorem,

528 2199 791 2268 perfacile
835 2211 916 2256 est
940 2204 1125 2256 videre
1150 2202 1232 2255 vel
1263 2202 1330 2256 ab
1356 2217 1420 2256 eo
1447 2202 1584 2270 ipso,
1621 2203 1766 2272 quod
1795 2202 1881 2256 illa
1913 2202 2105 2270 priscis

529 2291 842 2347 hominibus
888 2295 1096 2348 sancita
1140 2310 1238 2363 per
1290 2293 1496 2358 llusen,
1559 2295 1751 2348 umbra
1831 2294 2102 2362 dicuntur,

528 2382 781 2438 Christus
827 2399 954 2439 vero
981 2385 1205 2453 ejusque
1234 2385 1441 2449 omnia,
1492 2387 1700 2440 veritas
1732 2385 2100 2454 appellantur;

528 2473 595 2526 ad
620 2488 850 2542 eamque
874 2490 988 2529 rem
1018 2477 1443 2530 confirmandam
1473 2477 1629 2530 nobis
1653 2477 1760 2531 erit
1799 2476 2105 2545 adjumento

526 2563 721 2618 beatus
744 2563 963 2631 Paulus,
995 2565 1087 2634 qui
1121 2566 1202 2620 sic
1241 2567 1498 2634 scripsit:
1548 2585 1565 2617 ι
1603 2565 1817 2621 lrritam
1868 2568 1989 2636 quis
2024 2566 2102 2620 fa-

527 2653 682 2709 ciens
703 2655 873 2724 legem
901 2654 1053 2722 Mosi,
1079 2656 1198 2710 sine
1229 2656 1334 2710 ulla
1369 2657 1724 2713 miseratione
1777 2658 1988 2713 duobus
2018 2659 2101 2713 vel

528 2745 701 2802 tribtts
732 2746 957 2802 testibus
983 2749 1212 2802 moritur
1237 2767 1250 2802 :
1275 2758 1476 2817 quanto
1495 2751 1666 2820 magis
1720 2751 1924 2821 putatis
1959 2752 2105 2807 dete—

531 2838 674 2892 riora
709 2841 904 2894 mereri
934 2840 1218 2910 supplicia,
1249 2841 1338 2910 qui
1367 2839 1561 2895 Filium
1610 2841 1704 2896 Dei
1754 2843 2103 2901 conculcave-

527 2929 617 2993 rit,
656 2939 712 2984 et
734 2930 1048 2999 sanguinem
1081 2931 1412 2988 Testanienti
1464 2933 1725 3002 pollutunt
1772 2935 2002 2999 duxerit,
2051 2935 2104 2990 in

526 3035 634 3089 quo
660 3021 1028 3077 sanctificatus
1051 3033 1153 3089 est,
1172 3033 1223 3079 et
1255 3025 1479 3095 Spiritui
1503 3027 1688 3094 gratia:
1717 3027 2102 3082 contumeliam

528 3112 713 3167 fecerit
741 3114 830 3167 “?
880 3132 899 3166 ι
964 3114 1209 3172 Edebant
1259 3119 1404 3173 enim
1475 3119 1549 3174 illi
1589 3128 1800 3174 veteres
1859 3119 2105 3173 homines

2210 1931 2345 1984 πολὺ
2383 1931 2482 1999 τῆς
2514 1931 2573 1982 ἐν
2601 1930 2752 1999 νόμῳ
2799 1928 3054 2000 λατρείας
3099 1927 3361 1997 ἀμείνων,
3415 1927 3809 1994 ἀταλαίπωρον

2213 2021 2358 2086 ἰδεῖν,
2400 2021 2496 2074 καὶ
2522 2021 2598 2084 ὡς
2628 2020 2738 2073 ἀπό
2776 2037 2839 2088 γε
2868 2019 2962 2072 τοῦ
3002 2018 3255 2087 λέγεσθαι
3286 2019 3446 2070 σκιὰν
3479 2017 3578 2087 μὲν
3614 2019 3805 2070 ἐκεῖνα

2209 2113 2277 2166 τά
2330 2113 2417 2166 διὰ
2475 2115 2719 2178 Μωσέως
2773 2117 2884 2178 τοῖς
2938 2113 3315 2185 ἀρχαιοτέροις
3371 2111 3803 2180 τεθετπισμένα,

2211 2204 2446 2276 Χριστόν
2479 2221 2543 2273 γε
2589 2205 2695 2275 μὴν
2733 2200 2874 2258 εἶναι
2910 2205 3003 2258 καὶ
3043 2204 3114 2257 τὰ
3155 2203 3321 2256 αὑτοῦ
3361 2201 3460 2273 τὴν
3494 2201 3756 2270 ἀλήθειαν
3786 2218 3802 2231 ·

2213 2295 2540 2367 συλλήψεται
2590 2295 2646 2349 δὲ
2693 2296 2830 2366 πρὸς
2873 2295 3032 2349 τοῦτο
3084 2296 3215 2365 ἡμῖν
3265 2295 3358 2347 καὶ
3411 2296 3439 2345 6
3488 2291 3804 2359 σοῃώτατος

2211 2383 2440 2449 Παῦλος,
2472 2385 2568 2437 ὡδὶ
2595 2384 2886 2455 γεγραφώς
2907 2403 2920 2416 ·
2951 2405 2968 2436 ι
3011 2385 3312 2453 ’Λθετήσας
3339 2401 3422 2448 τις
3460 2383 3622 2453 νόμον
3665 2384 3803 2436 Μω-

2213 2475 2371 2541 σέως,
2414 2478 2584 2548 χωρὶς
2623 2477 2926 2547 οἰκτιρμῶν
2964 2478 3055 2530 ἐπὶ
3085 2476 3238 2529 δυσὶν
3270 2476 3302 2546 ἢ
3343 2476 3490 2548 τρισὶ
3533 2476 3805 2545 μάρτυσιν

2211 2567 2581 2637 ἀποθνήσκει·
2643 2567 2797 2634 πόσῳ
2856 2567 3064 2620 δοκεῖτε
3130 2567 3375 2637 χείρονος
3428 2564 3801 2635 ἀξιωθήσεται

2209 2656 2503 2728 τιμωρίας,
2535 2656 2563 2707 6
2596 2655 2686 2710 τὸν
2725 2656 2853 2709 Υἱδν
2880 2656 2970 2708 τοῦ
3002 2655 3138 2708 Θεοῦ
3174 2657 3589 2726 καταπατήσας,
3611 2655 3706 2708 καὶ
3739 2656 3804 2707 τι»

2210 2745 2351 2820 αἷμα
2370 2749 2470 2819 τῆς
2495 2748 2767 2820 Διαθήκης
2792 2748 2969 2801 κοινὸν
2993 2749 3360 2819 ἡγησάμενος,
3381 2749 3439 2801 ἐν
3468 2741 3512 2814 ᾧ
3535 2747 3797 2817 ὴγιάσἿη,

2215 2839 2310 2892 καὶ
2337 2839 2397 2890 τὸ
2429 2837 2654 2906 Πνεῦμα
2682 2837 2782 2906 τῆς
2814 2837 3036 2908 χάριτος
3063 2837 3386 2908 ὲνυὸρίσας;
3407 2855 3425 2888 ι
3451 2835 3676 2889 Ἥσθιον
3699 2837 3802 2905 μὲν

2211 2932 2317 3004 γὰρ
2345 2929 2588 2985 οίπάλαι
2617 2928 2980 2992 καταθύοντες
3024 2928 3116 2981 τὸν
3159 2929 3360 2998 ἀμνόν·
3410 2931 3443 2998 ή
3489 2929 3546 2982 δέ
3593 2945 3656 2996 γε
3699 2929 3801 2998 τῆς

2213 3021 2467 3094 βρώσεως
2521 3021 2788 3092 δύναμις,
2849 3020 2950 3073 οὐκ
3009 3023 3087 3084 είς
3143 3022 3304 3092 κόρον
3358 3020 3545 3082 ἁπλῶς
3598 3019 3803 3089 ἐχώρει

2212 3114 2466 3186 γαστρὸς,
2509 3113 2625 3167 ἀλλ’
2664 3113 2786 3166 οὐδὲ
2823 3114 3023 3184 ταύτης
3057 3115 3218 3168 ἓνεκα
3241 3115 3340 3183 τῆς
3371 3113 3549 3175 αίτίας
3583 3114 3652 3164 τά
3693 3111 3801 3180 τῆς

524 3220 720 3272 agnum
759 3207 1095 3265 immolatum
1129 3212 1264 3266 :sed
1287 3212 1374 3266 illa
1406 3214 1489 3268 vis
1542 3212 1658 3280 ejus
1687 3225 1825 3267 esca:
1879 3227 1984 3265 non
2035 3212 2101 3266 ad

2208 3207 2398 3270 θυσίας
2441 3206 2802 3277 ἐπετηδεύετο
2849 3208 2989 3262 κατὰ
3032 3208 3228 3277 νόμον·
3272 3206 3388 3261 ἀλλ’
3438 3207 3525 3258 ἵνα
3558 3204 3798 3258 θανάτου

523 3299 829 3354 satietatem
862 3304 1065 3357 ventris
1094 3306 1469 3360 tantummodo
1519 3306 1762 3370 cedebat,
1825 3320 2000 3374 neqne
2039 3320 2102 3359 ca

525 3389 592 3444 de
617 3405 780 3446 causa
811 3395 1152 3449 sacrificandi
1182 3397 1321 3451 ritus
1379 3398 1681 3452 secundum
1717 3399 1887 3468 legem
1919 3413 2104 3453 serva-

527 3481 712 3546 batur;
738 3484 832 3537 sed
868 3493 922 3538 ut
953 3495 1182 3541 mortem
1213 3488 1264 3540 in
1293 3487 1430 3544 alios
1454 3489 1798 3544 invadentetn
1861 3490 1962 3558 ipsi
2010 3503 2102 3542 su-

525 3583 799 3640 perarent,
859 3585 912 3628 et
968 3579 1440 3634 exterminatorem
1513 3579 1858 3649 effugerent:
1920 3581 2103 3650 itaque

526 3671 682 3715 nocte
707 3678 811 3715 una
846 3664 1126 3718 interfecta
1161 3666 1676 3739 suntt‘Egyptiorum
1707 3670 2097 3738 primogenita:

525 3750 748 3806 illivero
775 3756 912 3808 nuda
948 3756 1113 3826 figura
1142 3759 1352 3821 muniti,
1383 3759 1570 3813 soliab
1609 3775 1672 3814 ea
1716 3760 2094 3826 servabantur,

521 3851 579 3896 et
603 3845 849 3898 umbraut
877 3848 1076 3901 auxilio
1108 3849 1388 3915 habentes,
1414 3853 1572 3905 etiam
1619 3853 1731 3922 ipsa
1772 3862 1943 3906 morte
2007 3868 2098 3907 su-

522 3937 762 4003 periores
795 3948 1104 3994 evaserunt.
1130 3939 1270 4009 Ergo
1299 3944 1694 3997 conservabant
1743 3943 1871 4012 ipsae
1916 3945 2100 4015 figura:

520 4041 615 4082 eos
637 4029 726 4097 qtti
755 4040 881 4084 ante
913 4045 1010 4085 nos
1037 4029 1275 4088 fuerunt.
1307 4033 1518 4100 Quanto
1553 4034 1722 4104 igitur
1787 4050 1875 4089 res
1901 4045 2099 4090 nostra}

521 4129 649 4172 sunt
671 4121 1104 4188 excellentiores,
1130 4125 1324 4193 quibus
1349 4126 1463 4195 ipsa
1495 4127 1713 4190 veritas,
1747 4127 1796 4181 id
1820 4137 1901 4182 est
1936 4127 2097 4183 Chri-

521 4218 662 4274 stus,
695 4210 898 4278 illuxit,
927 4225 1282 4286 sanctamque
1307 4232 1462 4272 suam
1502 4232 1721 4272 carnem
1774 4220 1840 4272 ad
1875 4221 2098 4289 partici-

521 4301 754 4370 pandum
789 4308 1070 4375 apposuit?
1116 4311 1388 4378 quomodo
1449 4311 1500 4364 id
1552 4325 1655 4364 non
1721 4312 1793 4364 sit
1845 4315 2097 4367 omnibus

520 4392 910 4460 perspicuum?
945 4396 1109 4453 Multo
1137 4415 1370 4468 namque
1402 4409 1524 4455 sunt
1557 4401 1742 4470 procul
1767 4403 1928 4456 dubio
1961 4416 2099 4470 prte-

2205 3299 2318 3360 τοῖς
2376 3297 2555 3360 ἄλλοις
2603 3297 3046 3360 ἐκπεπτωκότος,
3103 3297 3382 3364 κρείττους
3425 3312 3485 3348 τε
3537 3289 3646 3347 εἶεν
3695 3293 3798 3346 τοῦ

2206 3387 2398 3440 παθεῖν
2428 3388 2601 3451 αὐτοὶ,
2635 3388 2729 3441 καὶ
2749 3387 3177 3457 διαδιδράσκοιεν
3198 3385 3649 3456 τὸνὸλοορευτήν.
3683 3385 3803 3436 Καὶ

2205 3475 2335 3545 γοῦν
2385 3477 2655 3548 ἀνῄρηται
2715 3477 2814 3548 μὲν
2873 3480 2931 3530 ἐν
2989 3479 3089 3548 μιᾷ.
3144 3478 3298 3529 νυκτὶ
3347 3476 3415 3528 τὰ
3472 3476 3802 3546 πρωτότοκα

2203 3569 2549 3637 Αἰγυπτίων·
2601 3570 2650 3621 of
2701 3571 2758 3623 δέ
2803 3571 2896 3624 καὶ
2928 3569 3069 3640 ψιλῷ
3113 3569 3192 3639 τῷ
3226 3570 3375 3637 τόπῳ
3418 3566 3550 3639 [τον.
3591 3566 3796 3638 τύπῳ,

2201 3662 2617 3731 τετειχισμένοι,
2681 3663 2831 3731 μόνοι
2881 3663 3010 3732 παρ’
3061 3662 3269 3714 ἐκείνου
3329 3660 3628 3724 ἐσώζοντο,
3695 3660 3801 3712 καὶ

2203 3751 2463 3805 σύνοπλον
2507 3753 2723 3821 ἔχοντες
2777 3755 2876 3821 τὴν
2947 3753 3128 3817 σκιὰν,
3191 3753 3285 3806 καὶ
3342 3751 3506 3805 αὑτοῦ
3557 3751 3798 3804 θανάτου

2201 3844 2732 3914 κατευμεγεθοῡντες
2777 3845 3080 3914 ἐφαίνοντο.
3121 3843 3333 3898 Οὐκοῦν
3362 3843 3564 3906 ἔσωζον
3605 3843 3703 3912 μὲν
3743 3845 3800 3896 οἱ

2199 3936 2362 3988 τύποι
2391 3937 2517 3998 τοὺς
2541 3935 2647 4006 πρὸ
2673 3936 2850 4006 ήμῶν.
2894 3937 2981 3989 Ἐν
3007 3937 3118 3990 τίσι
3157 3937 3213 3989 δὲ
3236 3935 3345 4005 ἄρα
3370 3935 3436 3988 τά
3463 3934 3584 3988 καθ’
3617 3935 3794 4003 ἡμᾶς,

2199 4023 2281 4091 οἷς
2328 4028 2465 4100 αὑτὴ
2515 4027 2698 4081 λοιπὸν
2749 4028 3066 4098 ἐπέλαμψεν
3116 4029 3150 4097 ἡ
3205 4027 3474 4092 ἀλήθεια,
3539 4027 3800 4078 τουτέστι

2199 4121 2453 4192 Χριστὸς,
2494 4121 2594 4192 τὴν
2623 4119 2886 4186 ζωοποιὸν
2915 4119 3112 4174 ἐαυτοῦ
3143 4120 3322 4190 σάρκα
3355 4115 3674 4189 παρατιθεὶς
3705 4117 3795 4178 είς

2203 4214 2451 4286 μέθεξιν;
2487 4212 2603 4277 πῶς
2629 4215 2729 4284 οὐχ
2753 4215 2958 4268 ἅπασιν
2988 4212 3248 4283 ἐναργές;
3279 4211 3422 4265 Πολὺ
3449 4211 3557 4281 γὰρ
3580 4207 3642 4279 δὴ
3671 4208 3796 4261 λίαν

2200 4309 2256 4358 ἐν
2281 4305 2552 4373 ἀμείνοσι,
2578 4305 2674 4356 καὶ
2703 4305 2762 4357 ἐν
2791 4308 2903 4368 τοῖς
2922 4305 3061 4372 ἄγαν
3088 4303 3528 4375 ὑπερκειμένοις.
3554 4300 3662 4354 Καὶ
3690 4300 3798 4368 τήν

2198 4413 2263 4464 γε
2294 4395 2390 4448 τοῦ
2419 4396 2721 4467 μυστηρίου
2746 4395 2978 4467 δύναμιν
3011 4394 3216 4466 ἐναργῆ
3248 4393 3513 4455 καθιστὰς
3538 4394 3566 4446 ὁ
3586 4391 3795 4459 Κύριος

520 4484 887 4541 stautioresac
917 4490 1246 4556 superiores.
1276 4491 1454 4554 Atque
1479 4490 1638 4559 hujus
1694 4493 1935 4563 mysterii
1988 4495 2094 4547 vim

2208 4485 2357 4558 ἡμῶν
2403 4485 2610 4556 Ἰησοῦς
2642 4487 2670 4538 6
2700 4487 2934 4557 Χριστός
2954 4503 2966 4516 ·
3000 4506 3017 4538 ι
3042 4486 3234 4556 Ἀμὴν,
3281 4486 3434 4555 φησὶ,
3465 4484 3609 4553 λέγω
3635 4483 3793 4552 ὑμῖν,

520 4575 892 4631 utdeclararet
920 4578 1182 4636 Dominus
1234 4593 1418 4636 noster
1465 4580 1623 4636 Iesus
1673 4581 1934 4645 Christus,
1973 4583 2094 4636 ait:

527 4683 546 4717 ι
577 4668 748 4722 Amen
789 4670 913 4725 dico
944 4673 1121 4738 vobis,
1152 4675 1242 4742 qui
1265 4675 1438 4728 credit
1469 4677 1519 4728 in
1556 4689 1662 4740 me,
1719 4675 1884 4729 habet
1934 4677 2096 4730 vitam

520 4768 801 4814 aeternam.
829 4761 936 4832 Ego
966 4779 1084 4818 sum
1111 4765 1268 4834 panis
1292 4765 1433 4820 vitae.
1471 4765 1663 4821 Patres
1719 4767 1884 4822 vestri
1941 4782 2098 4822 man-

522 4847 1072 4905 ducaveruntmanna
1107 4854 1157 4906 in
1179 4854 1420 4919 deserto,
1453 4863 1508 4908 et
1560 4856 1753 4910 mortui
1808 4867 1933 4910 sunt
1962 4875 1976 4910 :
2011 4856 2100 4911 hic

489 4943 606 4988 Iest
630 4936 781 5004 panis
814 4937 880 4992 de
907 4940 1044 4994 caelo
1090 4941 1446 5004 descendens,
1495 4953 1553 4996 ut
1591 4944 1637 4998 si
1691 4944 1813 5012 quis
1865 4958 1928 4998 ex
1985 4945 2100 5013 ipso

523 5026 828 5095 manducet,
863 5045 967 5084 non
1005 5032 1285 5086 moriatur.
1326 5032 1435 5102 Ego
1460 5047 1578 5087 sum
1633 5036 1788 5105 panis
1821 5036 1972 5090 vivus
2005 5036 2096 5104 qui

523 5116 589 5168 de
624 5117 762 5171 coelo
788 5121 1060 5176 descendi.
1123 5121 1178 5175 Si
1233 5125 1354 5192 quis
1412 5127 1816 5181 manducaverit
1869 5142 1935 5181 ex
1999 5129 2100 5182 hoc

525 5220 682 5274 pane,
717 5210 860 5264 vivet
897 5213 950 5265 in
984 5223 1243 5266 aeternum
1273 5231 1286 5267 :
1327 5224 1380 5269 et
1402 5218 1555 5285 panis
1607 5233 1764 5285 quem
1797 5233 1895 5289 ego
1938 5218 2096 5282 dabo.

523 5311 652 5350 caro
686 5313 801 5351 mea
835 5309 916 5354 est
949 5317 1044 5370 pro
1071 5305 1254 5358 mundi
1284 5306 1392 5360 vita
1421 5307 1489 5360 ".
1529 5326 1547 5360 ι
1580 5308 1711 5361 Nam
1744 5313 1868 5379 quia
1891 5324 1958 5362 ex
2009 5325 2102 5379 ge-

526 5402 654 5440 nere
683 5389 847 5442 lsrael
884 5393 991 5444 nati
1017 5393 1080 5447 de
1112 5409 1308 5449 manna
1337 5399 1767 5467 suppeditatione
1795 5399 1978 5454 Mosen
2006 5400 2102 5452 ad-

526 5475 884 5542 mirabantur,
921 5481 1077 5552 113
1108 5486 1253 5550 quod
1323 5503 1446 5541 cum
1493 5503 1586 5557 per
1639 5491 1913 5543 desertum
1982 5489 2102 5558 ejus

527 5569 783 5635 temporis
807 5571 1111 5632 horninibus
1146 5577 1436 5635 demissum
1463 5579 1677 5648 fuisset,
1712 5590 1893 5652 typum
1931 5583 2101 5652 gessit

2208 4582 2237 4634 6
2255 4579 2532 4634 πιστεύων
2558 4582 2638 4644 είς
2664 4581 2786 4651 ἐμὲ,
2829 4582 2944 4651 ἔχει
2983 4578 3131 4651 ζωὴν
3165 4577 3405 4632 αἰώνιον.
3447 4575 3590 4647 Ἐγώ
3615 4579 3732 4646 ειμι
3760 4579 3797 4631 ὁ

2205 4670 2370 4740 ἄρτος
2407 4673 2504 4742 τῆς
2532 4671 2698 4740 ζωῆς.
2733 4675 2794 4724 Οἱ
2827 4671 3068 4743 πατέρες
3109 4671 3265 4740 ὑμῶν
3296 4671 3497 4738 ἔφαγον
3524 4670 3585 4723 τὸ
3614 4670 3794 4740 μάννα

2201 4766 2258 4818 ἐν
2286 4768 2354 4836 τῇ
2386 4767 2579 4836 ἐρήμῳ
2606 4765 2700 4817 καὶ
2727 4763 2996 4817 ἀπέθανον
3018 4781 3030 4792 ·
3077 4757 3230 4826 οὗτός
3261 4765 3408 4818 ἐστιν
3435 4764 3463 4815 6
3492 4761 3654 4834 ἄρτος
3675 4763 3702 4813 6
3727 4764 3797 4814 ἐκ

2199 4857 2295 4911 τοῦ
2325 4858 2554 4928 οὐρανοῦ
2579 4856 2943 4921 καταὸαίνων,
2971 4857 3060 4909 ἵνα
3101 4873 3186 4920 τις
3215 4855 3273 4922 ἐξ
3303 4854 3469 4910 αὑτοῦ
3501 4855 3672 4927 φάγῃ,
3697 4854 3796 4905 καὶ

2205 4950 2280 5018 μὴ
2330 4949 2602 5022 ἀποθάνῃ.
2659 4948 2800 5016 Ἐγώ
2841 4949 2958 5019 εἰμι
2998 4951 3026 5002 6
3082 4949 3246 5020 ἄρτος
3289 4949 3318 5001 6
3369 4947 3478 5010 ζῶν
3511 4947 3541 4999 6
3578 4949 3643 5000 ἐκ
3692 4943 3794 4997 τοῦ

2201 5041 2430 5110 οὐρανοῦ
2487 5041 2752 5104 καταϐάς.
2827 5042 2956 5096 Ἐάν
3002 5059 3085 5104 τις
3129 5043 3194 5094 ἐκ
3244 5041 3436 5094 τούτου
3479 5039 3572 5093 τοῦ
3623 5039 3794 5107 ἄρτου

2204 5131 2375 5203 φάγῃ,
2417 5129 2644 5200 ζήσεται
2677 5133 2757 5193 εἰς
2777 5131 2867 5183 τὸν
2898 5131 3070 5184 αἰῶνα
3094 5148 3105 5158 ·
3132 5131 3225 5185 καί
3255 5133 3283 5184 6
3309 5134 3474 5202 ἄρτος
3503 5131 3560 5186 δὲ
3589 5132 3648 5184 ὃν
3677 5133 3797 5199 ἐγὼ

2202 5220 2378 5286 δώσω,
2431 5224 2464 5291 ή
2514 5221 2650 5290 σάρξ
2697 5221 2796 5291 μού
2851 5224 3066 5293 ἐστινὴ
3117 5223 3256 5294 ὑπὲρ
3302 5224 3399 5292 τῆς
3436 5223 3532 5276 τοῦ
3581 5223 3792 5292 κόσμου

2211 5312 2376 5383 ζωῆς.
2403 5333 2422 5364 ι
2479 5316 2695 5385 Ἐπειδὴ
2743 5316 2851 5386 γὰρ
2881 5318 2928 5368 of
2957 5315 3018 5380 ἐξ
3051 5316 3280 5386 αἵματος
3332 5316 3547 5386 Ἰσραὴλ
3586 5317 3792 5371 Μωσὲα

2208 5405 2589 5476 κατεθήπεσαν
2631 5407 2722 5459 ἐπὶ
2750 5409 2816 5477 τῇ
2847 5405 2941 5460 τοῦ
2978 5406 3153 5476 μάννα
3187 5407 3442 5478 χορηγίᾳ,
3464 5405 3791 5475 καθιεμένου

2213 5496 2311 5565 μὲν
2350 5499 2462 5560 τοίς
2489 5497 2747 5567 τηνικάδε
2802 5495 2943 5549 κατὰ
2988 5495 3086 5566 τὴν
3133 5495 3366 5568 ἔρημον·
3403 5494 3790 5566 ἀποπληροῦν-

2207 5601 2300 5646 τες
2336 5582 2966 5657 [ῖσ.ἀποπληροῦντος]
3025 5583 3081 5637 δὲ
3142 5582 3314 5639 τύπον
3365 5583 3463 5656 τῆς
3518 5580 3788 5654 μυστικῆς

600 5740 694 5797 "1
722 5742 846 5802 Cor.
878 5764 953 5813 tu,
982 5750 1169 5809 22-26.
1245 5759 1290 5794 "
1321 5755 1484 5814 llebr.
1529 5755 1693 5825 1,28,
1716 5756 1806 5813 29.
1883 5757 1929 5789 ”
1961 5756 2115 5813 Joan.
2146 5773 2219 5829 vt,
2263 5759 2454 5817 47—52.
