4080 6470
358 396 466 452 LW

1432 394 1804 451 ADVERSUS
1839 391 2239 452 NESTORlUM
2280 394 2409 450 LIB.
2450 393 2537 450 IV.

3529 392 3636 452 I98

352 513 619 582 εὐλογίας
646 528 660 542 ·
718 511 848 566 σκιά
906 512 1018 585 γὰρ
1060 516 1089 567 ὁ
1144 513 1306 586 νόμος
1335 530 1349 545 ·
1403 517 1662 590 ταύτῃτοι
1704 519 1802 572 καὶ
1844 517 1950 573 Mat

2070 517 2310 588 mysticae
2340 506 2767 572 benedictionis:
2823 515 3012 570 umbra
3065 530 3296 587 namque
3359 523 3478 572 erat
3512 516 3637 586 lex;

354 602 638 675 εὐτέχνως
676 603 705 655 6
737 601 947 674 Κύριος
976 605 1133 677 ἡμῶν
1180 606 1388 677 Ἰησοῦς
1420 609 1656 681 Χριστὸς
1686 626 1957 679 κατασμι-

350 695 549 766 κρύνει
591 695 684 747 τὸν
716 694 910 759 τύπον,
956 696 1275 766 μετασοῦὦν
1313 701 1393 762 είς
1429 698 1709 770 ἀλήθειαν.
1744 700 1820 754 υὺ
1850 701 1959 773 γάρ

354 785 434 839 τοί
464 803 639 855 φησιν
679 785 895 850 ἐκεῖνος
927 783 1070 840 εἶναι
1101 786 1224 860 [τσ.
1253 783 1355 861 ἦν]
1389 790 1419 843 6
1445 792 1546 860 τῆς
1588 788 1735 860 ζωῆς
1758 789 1957 860 -άρτος,

358 878 470 932 ἀλλ’
512 878 638 946 ἐγὼ
688 879 894 950 μᾶλλον
944 881 973 932 6
1018 880 1078 945 ἐξ
1127 880 1379 952 οὐρανοῦ,
1422 883 1516 935 καὶ
1569 880 1849 945 ζωοποιῶν
1892 881 1960 935 τά

363 973 564 1035 πάντα,
606 972 707 1025 καὶ¹
762 974 875 1035 τοῖς
907 972 1179 1026 ἐσθίουσιν
1221 974 1463 1044 ἐμαυτὸν
1502 974 1686 1039 ἐνιεὶς,
1730 974 1825 1028 καὶ
1871 973 1961 1028 διὰ

361 1064 456 1134 τῆς
502 1062 812 1133 ἐνωθείσης
855 1063 982 1132 ἐμοὶ
1024 1065 1255 1134 σαρκός·
1307 1065 1336 1117 ὂ
1376 1065 1440 1136 δὴ
1482 1066 1578 1118 καὶ
1623 1067 1959 1137 σαφέστερον

358 1153 532 1207 ἐποίει
573 1154 789 1223 λέγων·
850 1173 869 1206 ι
905 1154 1078 1225 Ἀμὴν
1125 1155 1270 1224 λέγω
1318 1158 1466 1228 ὑμῖν,
1516 1158 1610 1211 ἐὰν
1641 1157 1715 1228 μὴ
1746 1158 1957 1227 φάγητε

357 1245 457 1312 τὴν
494 1245 681 1317 σάρκα
704 1245 800 1298 τοῦ
839 1242 967 1298 Υἰοῢ
1002 1246 1097 1299 τοῦ
1124 1246 1437 1319 ἀνθρώπου,
1475 1249 1569 1303 καὶ
1602 1249 1761 1320 πίητε
1790 1247 1957 1303 αὐτοῦ

354 1335 418 1388 τὸ
447 1330 613 1405 αἷμα,
642 1337 747 1389 οὐκ
780 1336 935 1407 ἔχετε
967 1336 1113 1409 ζωὴν
1151 1340 1209 1391 ἐν
1248 1340 1460 1403 ἑαυτοῖς
1485 1358 1498 1372 ·
1545 1343 1572 1394 6
1599 1340 1825 1412 τρώγων
1855 1358 1956 1412 μου

349 1425 453 1497 τὴν
480 1427 690 1497 σάρκα,
713 1427 808 1479 καὶ
823 1427 996 1480 πίνων
1018 1444 1122 1499 μου
1144 1428 1206 1481 τὸ
1228 1423 1386 1498 αἷμα,
1412 1429 1524 1499 ἔχει
1546 1427 1691 1500 ζωὴν
1718 1431 1954 1495 αἰώνιον,

347 1513 514 1582 κάγὼ
542 1517 839 1586 ἀναστήσω
881 1518 1048 1571 αὐτὸν
1089 1520 1147 1571 ὲν
1186 1522 1251 1590 τῇ
1281 1520 1487 1594 ἐσχάτῃ
1517 1520 1719 1593 ἡμέρᾳ.
1756 1522 1821 1575 Ἠ
1851 1524 1956 1596 γὰρ

348 1607 493 1677 σάρξ
548 1624 656 1676 μου
708 1607 920 1679 ἀληθής
964 1610 1084 1663 ἐστι
1126 1608 1363 1679 βρῶσιςο
1414 1613 1508 1665 καὶ
1548 1611 1609 1665 τὸ
1649 1608 1790 1683 αἷμά
1831 1631 1953 1684 μου,

344 1698 567 1768 ἀληθής
605 1699 726 1751 ἐστι
758 1700 937 1764 πόσις,
985 1701 1044 1754 Ὁ
1076 1701 1307 1773 τρώγων
1342 1721 1443 1774 μου
1479 1704 1578 1776 τὴν
1619 1706 1828 1776 σάρκα,
1862 1707 1957 1760 καὶ

346 1791 524 1843 πίνων
563 1806 670 1861 μου
696 1790 759 1844 τὸ
790 1785 951 1862 αἷμα,
996 1793 1057 1845 ὲν
1097 1794 1222 1863 ἐμοὶ
1273 1795 1444 1863 μένει,
1487 1794 1642 1865 κάγὼ
1678 1799 1735 1850 ὲν
1781 1796 1951 1869 αὐτῷ.

2066 607 2187 661 ideo
2211 606 2505 677 prudenter
2561 603 2849 660 admodum
2908 604 3167 660 Dominus
3234 614 3422 661 noster
3479 604 3642 662 .lcsus

2061 695 2310 753 Christus
2334 706 2518 769 typum
2541 704 2883 762 extenuat,ut
2907 696 2973 750 ad
2998 698 3283 753 veritatem
3315 697 3639 754 transferat.

2063 788 2248 858 Neque
2276 789 2443 854 enim,
2471 788 2665 858 inquit,
2699 787 2789 842 ille
2813 787 2912 842 fuit
2965 789 3123 857 panis
3180 789 3327 855 vitae,
3385 790 3478 845 sed
3538 805 3642 861 ego

2062 880 2240 949 potius
2270 881 2360 947 qui
2393 879 2459 935 de
2483 879 2621 934 caelo
2651 894 2793 944 sum,
2821 889 2876 933 et
2909 881 3091 933 omnia
3128 880 3359 947 vivilico,
3393 890 3448 935 et
3478 897 3563 935 me
3589 883 3639 935 in

2063 974 2452 1029 manducantcs
2471 973 2634 1027 etiam
2667 987 2765 1042 per
2795 972 3001 1026 unitam
3023 972 3154 1026 mihi
3176 987 3396 1027 carnem
3426 974 3638 1029 insero:

2062 1065 2208 1134 quod
2247 1065 2409 1119 etiam
2442 1064 2642 1119 clarius
2682 1062 2934 1129 reddidit,
2968 1062 3156 1117 dicens
3195 1080 3209 1116 :
3253 1079 3272 1112 ι
3304 1062 3476 1116 Amen
3516 1063 3640 1116 dico

2062 1156 2237 1224 vobis,
2275 1156 2375 1210 nisi
2398 1155 2850 1210 manducaveritis
2880 1169 3097 1209 carnem
3154 1151 3275 1207 Filii
3305 1153 3562 1216 hominis,
3589 1163 3645 1208 et

2061 1245 2309 1302 biberitis
2351 1245 2467 1315 ejus
2520 1246 2859 1315 sanguinem,
2892 1260 2998 1298 non
3058 1243 3327 1299 habebitis
3374 1245 3539 1298 vitam
3586 1247 3640 1298 in

2060 1339 2235 1393 vobis.
2256 1338 2356 1404 Qui
2385 1339 2670 1393 manducat
2690 1353 2863 1392 meam
2894 1352 3138 1403 carnem,
3180 1346 3238 1391 et
3282 1336 3417 1392 bibit
3462 1350 3641 1390 meum

2060 1429 2397 1499 sanguinem,
2428 1429 2590 1484 habet
2618 1430 2783 1483 vitam
2831 1439 3115 1493 aeternam,
3147 1437 3203 1483 et
3261 1444 3362 1501 ego
3408 1429 3642 1483 resusci-

2062 1522 2187 1577 tabo
2209 1536 2329 1577 eum
2361 1523 2415 1576 in
2444 1523 2737 1578 novissimo
2757 1522 2864 1577 die.
2904 1520 3036 1575 Nam
3066 1536 3193 1577 caro
3230 1537 3349 1576 mea
3371 1536 3495 1576 vere
3555 1530 3642 1576 est

2058 1617 2233 1681 cibus,
2261 1625 2313 1671 et
2340 1614 2563 1684 sanguis
2593 1630 2745 1669 meus
2766 1629 2893 1669 vere
2922 1623 3008 1669 est
3033 1627 3212 1684 potus.
3255 1615 3357 1681 Qui
3409 1615 3639 1669 mandu-

2058 1716 2144 1763 cat
2176 1723 2348 1762 meam
2374 1721 2616 1773 carnem,
2650 1716 2700 1762 et
2722 1706 2858 1761 bibit
2887 1721 3065 1761 meum
3096 1706 3437 1775 sanguinem,
3471 1705 3523 1759 in
3554 1718 3641 1760 me

2058 1807 2264 1867 manet,
2293 1808 2345 1853 et
2379 1814 2477 1870 ego
2501 1800 2554 1853 in
2580 1813 2665 1853 eo.
2706 1797 2860 1853 Sicut
2888 1798 3035 1852 misit
3062 1812 3147 1853 me
3169 1800 3355 1853 vivens
3388 1797 3642 1863 P.iter,et

351 1880 554 1944 Καθὼς
592 1882 887 1935 ἀπέστειλέ
918 1900 984 1954 με
1018 1886 1046 1937 6
1070 1882 1180 1947 ζῶν
1207 1885 1414 1958 Πατὴρ,
1445 1886 1601 1955 κάγὼ
1633 1886 1710 1953 ζῶ
1734 1889 1822 1943 διὰ
1860 1888 1950 1942 τὸν

2054 1903 2151 1959 ego
2176 1888 2299 1944 vivo
2331 1897 2553 1958 propter
2577 1888 2824 1955 Patrem;
2862 1897 2917 1943 et
2966 1889 3055 1957 qni
3091 1890 3381 1943 manducet
3427 1903 3534 1951 me,
3584 1896 3641 1942 et

352 1973 598 2045 Πατέρα,
628 1975 726 2027 καὶ
753 1975 782 2026 6
799 1974 1033 2046 τρώγων
1056 1993 1145 2046 με,
1174 1978 1428 2041 κάκεῖνος
1451 1977 1729 2050 ζήσεται.»
1766 1979 1954 2050 Ἀθρει

354 2064 419 2135 δὴ
464 2061 562 2117 οὖν
605 2065 756 2128 ὅπως
791 2066 849 2118 ὲν
882 2068 1018 2136 ἡμῖν
1063 2068 1234 2137 μένει,
1270 2070 1363 2122 καὶ
1413 2068 1620 2139 φθορᾶς
1662 2070 1956 2139 ἀποφαίνει

357 2156 697 2225 κρείττονας,
726 2158 841 2219 τοῖς
864 2158 1160 2235 ἡμετέροις
1182 2157 1428 2229 σώμασιν
1444 2159 1716 2230 ἑγκαθιεὶς
1739 2162 1953 2229 ἑαυτὸν,

364 2246 442 2310 ὡς
472 2247 622 2319 ἔφην,
667 2249 766 2301 καὶ
815 2248 905 2301 διὰ
945 2249 1050 2319 τῆς
1091 2250 1224 2315 ιδίας
1262 2252 1485 2323 σαρκὸς,
1535 2255 1568 2324 ἢ
1616 2253 1708 2307 καὶ
1750 2253 1956 2325 ἀληθής

367 2338 489 2390 ἔστι
519 2338 730 2408 βρῶσις,
765 2340 868 2411 τῆς
896 2341 954 2392 ὲν
990 2341 1143 2412 νόμῳ
1176 2344 1355 2406 σκιᾶς,
1398 2344 1494 2396 καὶ
1515 2344 1615 2412 τῆς
1640 2346 1758 2397 κατ’
1784 2344 1959 2417 αὐτὴν

363 2429 617 2498 λατρείας
642 2432 744 2484 οὐκ
778 2431 1014 2502 ἐχούσης
1050 2432 1149 2505 τὴν
1180 2433 1461 2504 ἀλήθειαν.
1507 2436 1618 2490 Καὶ
1665 2439 1693 2490 6
1735 2437 1833 2507 μὲν
1858 2436 1954 2491 τοῦ

353 2523 660 2593 μυστηρίου
687 2523 868 2593 λόγος,
899 2524 1108 2589 ἁπλοῦς
1143 2542 1204 2579 τε
1230 2526 1327 2579 καὶ
1356 2526 1584 2599 ἀληθὴς,
1611 2528 1673 2582 οὑ
1694 2530 1959 2594 ποικίλοις

350 2613 576 2666 ἐννοιῶν
611 2616 923 2686 εὖρῆμασιν
951 2618 1034 2680 εἰς
1071 2617 1396 2690 ἀνοσιότητα
1442 2622 1954 2694 περιειργασμένος,

347 2705 567 2770 ἁπλοῦς
592 2707 671 2770 δὲ,
703 2708 779 2771 ὡς
813 2708 972 2781 ἔφην.
1012 2709 1353 2781 Πτστεύομεν
1369 2711 1479 2784 γὰρ
1503 2714 1579 2777 ὼς
1606 2713 1683 2786 τῷ
1713 2715 1957 2787 τεχθέντι

2057 1980 2173 2049 ipse
2201 1981 2345 2035 vivet
2374 1981 2442 2034 ”.
2483 1999 2501 2033 ι
2539 1978 2856 2050 Videigitur
2881 1979 3335 2049 quemadmodum
3393 1980 3445 2033 in
3483 1979 3639 2034 nobis

2057 2081 2238 2125 manet
2273 2080 2327 2126 et
2348 2073 2709 2141 corruptionis
2740 2072 2971 2127 victores
2993 2070 3177 2136 efﬁcit,
3212 2072 3337 2125 dum
3365 2086 3423 2127 se
3457 2072 3510 2126 in
3542 2087 3639 2126 no-

2056 2166 2169 2210 stra
2191 2157 2427 2211 demittit
2447 2173 2698 2227 corpora,
2727 2168 2788 2213 ut
2822 2159 2954 2222 dixi,
2982 2160 3145 2215 etiam
3171 2173 3269 2228 per
3313 2174 3467 2213 suam
3512 2175 3636 2213 car-

2056 2264 2201 2315 nem,
2229 2265 2347 2320 quze
2371 2265 2534 2306 verus
2553 2260 2637 2306 est
2669 2251 2848 2316 cibus,
2874 2266 2998 2308 cum
3023 2250 3110 2305 illa
3135 2250 3322 2320 legalis
3353 2250 3637 2316 umbra,et

2057 2343 2236 2399 cultus
2264 2344 2551 2414 peripsam
2580 2344 2884 2408 institutus,
2922 2360 3029 2400 nou
3080 2343 3281 2399 habeat
3323 2344 3634 2399 veritatem.

2056 2435 2122 2490 Et
2151 2436 2394 2508 mysterii
2427 2437 2642 2506 quidem
2663 2437 2801 2492 ratio
2836 2437 3062 2507 simplex
3092 2444 3174 2491 est
3223 2451 3288 2490 ac
3344 2450 3496 2502 vera,
3527 2452 3633 2491 non

2055 2526 2221 2581 variis
2246 2528 2633 2598 cogitationum
2648 2529 2971 2583 commentis
2987 2529 3053 2583 ad
3086 2528 3418 2599 impietatem
3438 2530 3599 2599 esqni
3614 2556 3635 2570 ο

2054 2619 2159 2674 sile
2180 2620 2631 2689 composita,sed,
2665 2629 2721 2673 ut
2750 2619 3148 2690 dixi,simplex.
3175 2619 3459 2675 Credimus
3480 2635 3635 2674 nam-

2055 2724 2162 2780 que
2193 2710 2318 2766 illud
2348 2725 2414 2765 ex
2453 2711 2563 2765 Deo
2593 2710 2753 2766 Patre
2781 2709 3177 2775 Verbum,cum
3209 2725 3269 2766 se
3297 2711 3509 2782 corpori
3536 2726 3641 2781 per

2055 2811 2298 2857 sanctam
2326 2801 2602 2872 Virginem
2633 2802 2798 2868 edito,
2820 2802 3151 2872 habentiqne
3168 2802 3483 2858 rationalem
3514 2802 3599 2856 ani
3618 2830 3634 2843 -

2056 2909 2202 2948 mam
2236 2893 2484 2959 uniisset,
2516 2908 2637 2962 qua:
2658 2893 2785 2949 unio
2822 2893 3109 2949 ineﬂ‘abllls
3157 2909 3379 2965 prorsus
3419 2909 3482 2950 ac
3519 2910 3636 2966 my-

342 2796 437 2850 διὰ
466 2799 568 2868 τῆς
596 2798 761 2867 ἁγίας
792 2800 1079 2871 Παρθένου
1128 2800 1363 2873 σώματι,
1388 2804 1580 2877 -ψυχὴν
1607 2805 1782 2876 ἔχοντι
1815 2811 1961 2878 λογι-

343 2889 473 2960 κὴν,
508 2889 723 2956 ἑνώσας
762 2892 955 2945 ἑαυτὸν
983 2894 1011 2947 6
1044 2894 1107 2946 ἐκ
1130 2893 1265 2947 Θεοῦ
1298 2895 1513 2968 Πατρὸς
1537 2898 1709 2967 Λόγος
1729 2916 1742 2930 ·
1778 2901 1956 2974 ἀπόρ-

346 2987 517 3054 ρητος
557 2984 617 3037 δέ
650 3001 778 3049 που,
829 2985 925 3038 καὶ
962 2987 1202 3059 μυστικὴ
1248 2986 1468 3052 πάντως
1500 2990 1533 3061 ἡ
1573 2989 1767 3055 ἒνωσις
1820 2994 1950 3056 ζωο-

2054 2985 2188 3039 stica
2207 2984 2329 3050 fuit,
2358 2984 2532 3054 ipsum
2565 2999 2759 3054 corpus
2784 2984 3086 3040 reddidisse
3112 2985 3409 3052 vivilicum,
3436 2987 3639 3056 quippe

347 3073 508 3124 ποιὸν
535 3072 826 3144 ἀπέφηνεν
857 3074 1009 3141 αὐτὸ,
1044 3076 1171 3147 ζωὴη
1193 3076 1336 3130 κατὰ
1369 3078 1532 3146 φύσιν
1580 3081 1843 3152 ὑπάρχων
1882 3082 1950 3148 ὡς

2056 3090 2177 3131 cum
2207 3077 2468 3139 Verbum,
2491 3086 2676 3147 utpote
2699 3075 2866 3142 Deus,
2909 3077 3015 3131 vita
3039 3078 3109 3132 sit
3129 3079 3428 3132 secundum
3460 3088 3631 3132 natu-

344 3162 507 3226 Θεὸς,
534 3163 629 3216 ἵνα
659 3165 812 3234 ἡμᾶς
842 3164 1039 3219 ἑαυτοῦ
1068 3166 1329 3237 μετόχους
1360 3169 1663 3237 ἀποτελῶν,
1711 3190 1950 3244 πνευμα-

2061 3183 2198 3234 ram,
2222 3177 2280 3222 ut
2315 3183 2416 3222 nos
2448 3184 2552 3223 non
2581 3167 2807 3237 spiritali
2834 3177 3068 3232 tantum,
3101 3182 3286 3222 verum
3320 3168 3481 3223 etiam
3509 3183 3630 3223 cor-

345 3253 522 3317 τικῶς
568 3270 629 3307 τε
662 3254 781 3325 ἅμα
811 3257 907 3309 καὶ
939 3259 1289 3327 σωματικῶς,
1333 3259 1427 3313 καὶ
1460 3261 1667 3333 φθορᾶς
1697 3266 1949 3340 ἀποφήνῃ

2056 3259 2226 3328 porali
2259 3259 2419 3314 modo
2450 3259 2532 3313 sui
2553 3259 2843 3328 participes
2860 3256 3104 3320 eB‘ectos,
3126 3257 3474 3327 corruptione
3500 3273 3636 3328 prae-

346 3346 697 3417 κρείττονας,
734 3347 829 3400 καὶ
856 3348 955 3418 τῆς
992 3349 1265 3419 ἁμαρτίας
1299 3350 1392 3404 τὸν
1434 3353 1599 3425 νόμον
1630 3355 1721 3410 τὸν
1754 3358 1812 3411 ἐν
1839 3361 1953 3423 τοῖς

351 3436 545 3507 μέλεσι
572 3438 675 3507 τῆς
714 3440 917 3508 σαρκὸς
940 3443 1265 3513 καταργήσῃ
1309 3443 1376 3496 δι’
1414 3446 1630 3511 ἑαυτοῦ,
1663 3452 1950 3522 κατέκρινε

346 3528 453 3597 τὴν
482 3528 767 3598 ἁμαρτίαν
808 3533 866 3583 ὲν
916 3532 1101 3602 σαρκὶ,
1157 3533 1299 3586 καθά
1328 3536 1655 3607 γέγραπται.
1711 3541 1951 3596 Ἀνδάνει

345 3620 429 3686 δὲ,
462 3616 646 3691 οἶμαι,
674 3625 834 3675 ταυτὶ
863 3624 985 3677 κατ’
1007 3625 1198 3677 οὐδένα
1226 3626 1429 3695 τρόπον
1450 3628 1527 3699 τῷ
1544 3630 1652 3684 τῶν
1667 3633 1804 3686 νέων
1822 3634 1951 3705 ἡμῖν

347 3710 690 3781 εὑρημάτων
716 3711 1078 3785 δογματιστῇ,
1096 3714 1152 3777 ὃς
1176 3709 1265 3767 οἷά
1284 3732 1369 3780 τις
1393 3717 1592 3789 μόσχος
1615 3721 1951 3792 ἀτιμαγέλας

347 3803 446 3855 ἐπὶ
479 3804 643 3872 μόνον
674 3806 813 3858 ἵεται
844 3807 902 3859 τὸ
932 3805 1077 3859 κατά
1121 3806 1350 3878 γνώμην
1385 3810 1553 3880 αὐτῷ,
1607 3813 1696 3871 καὶ
1719 3814 1819 3886 την
1853 3816 1948 3870 τοῦ

346 3895 669 3966 μυστηρίου
691 3896 925 3969 δύναμιν
954 3900 1410 3972 κατασμικρύνει,
1451 3901 1626 3971 λέγων
1651 3923 1665 3936 ·

417 4070 725 4144 [Ἄκουσον
772 4078 869 4130 καὶ
906 4077 989 4139 τὸ,
1020 4060 1245 4150 Κύριος,
1282 4081 1414 4133 ποτὲ
1452 4081 1572 4151 μὲν,
1606 4084 1699 4136 ἐπὶ
1726 4085 1825 4154 τῆς
1852 4087 1945 4140 ἀν-

353 4169 711 4239 θρωπότητος
743 4169 838 4221 τοῦ
865 4170 1109 4240 Χριστοῦ
1128 4182 1142 4198 ’
1177 4173 1307 4224 ποτὲ
1332 4173 1412 4240 δὲ,
1447 4175 1541 4227 ἐπὶ
1564 4175 1664 4246 τῆς
1693 4174 1947 4247 θεότητος

350 4259 519 4313 αὑτοῦ
543 4276 559 4290 ⁸
602 4261 736 4314 ποτὲ
767 4260 845 4324 δὲ,
869 4261 961 4313 ἐπ’
994 4262 1325 4333 ἀμφοτέρων
1358 4265 1629 4335 κείμενον·
1670 4284 1688 4318 ι
1724 4268 1947 4334 Ὁσάκις

345 4353 415 4405 ἂν
443 4352 674 4422 ἐσθίητε
704 4352 797 4404 τὺν
828 4353 994 4423 ἄρτον
1020 4355 1235 4418 τοῦτον,
1267 4358 1362 4409 καὶ
1391 4357 1453 4411 τὺ
1499 4360 1762 4430 ποτήριον
1786 4362 1946 4416 τοῦτο

341 4445 570 4515 πίνητε,
624 4440 717 4498 τὸν
764 4444 997 4499 θάνατον
1049 4446 1144 4500 τοῦ
1195 4449 1401 4521 Κυρίου
1455 4453 1878 4521 καταγγέλλετε.
1921 4475 1939 4508 ι

2054 3348 2346 3404 stantiores
2434 3349 2707 3412 redderet,
2781 3357 2834 3402 et
2908 3355 3167 3401 evacuata
3225 3362 3321 3418 per
3393 3348 3633 3416 seipsnm

2054 3441 2258 3510 peccati
2291 3440 2474 3510 lcgeiu
2495 3439 2753 3494 membris
2783 3439 2964 3493 carnis
2984 3439 3180 3507 posita,
3202 3440 3484 3493 damnaret
3506 3453 3633 3509 pec-

2053 3542 2233 3585 catum
2265 3532 2317 3585 in
2344 3546 2529 3593 carne,
2563 3532 2702 3586 sicut
2732 3532 2995 3600 scriptum
3028 3539 3111 3584 est
3135 3530 3329 3585 ".Sed
3362 3530 3493 3593 haec,
3528 3529 3634 3585 nisi

2053 3621 2229 3686 fallor,
2269 3631 2456 3676 nostro
2515 3636 2775 3675 novorum
2808 3632 3240 3677 eommentorum
3296 3621 3631 3692 dogmatistte

2054 3713 2199 3767 nullo
2220 3714 2377 3767 modo
2405 3712 2736 3783 placent,qui
2771 3722 3026 3785 tanquam
3059 3714 3261 3769 vitulus
3289 3721 3634 3783 contemptor

2052 3806 2402 3874 dcserturque
2458 3807 2659 3875 gregis,
2735 3807 2786 3861 in
2839 3807 2894 3860 id
2967 3806 3142 3862 solum
3226 3806 3403 3875 pergit
3488 3806 3632 3876 quod

2052 3895 2153 3949 sibi
2212 3896 2410 3965 placet,
2459 3908 2513 3951 et
2553 3896 2713 3965 hujus
2762 3896 3000 3968 mystcrii
3062 3897 3168 3950 vim
3221 3895 3514 3962 imminuit,
3545 3896 3630 3951 di-

2052 4001 2181 4041 οειιε
2213 4005 2227 4041 3

2125 4074 2392 4147 [Νεετοιι.
2430 4076 2569 4132 Audi
2597 4078 2757 4131 etiam
2788 4078 2888 4131 hoc
2943 4091 3160 4140 nomen,
3223 4074 3469 4140 Domine,
3525 4077 3631 4131 ali-

2050 4170 2269 4239 quando
2299 4168 2366 4224 de
2398 4170 2732 4224 lnnnanitate
2762 4168 2987 4235 Christi,
3021 4168 3314 4238 aliquando
3344 4169 3410 4224 de
3433 4170 3631 4224 divini-

2049 4274 2160 4321 tate
2175 4266 2314 4334 ejus,
2345 4266 2636 4337 aliquando
2667 4266 2733 4321 de
2763 4276 3000 4335 utroque
3028 4265 3288 4335 positum.
3328 4282 3348 4317 ι
3376 4264 3631 4332 Quoties.

2048 4373 2267 4430 cunque
2321 4358 2718 4414 manducabitis
2740 4372 2933 4427 panem
2961 4356 3124 4419 hunc,
3183 4365 3238 4410 et
3292 4356 3517 4411 calicem
3550 4357 3632 4411 bi-

2052 4451 2209 4517 betis,
2237 4462 2465 4507 mortem
2501 4448 2709 4505 Domini
2746 4447 3138 4502 annuntiabitis
3153 4447 3221 4501 ".
3260 4466 3277 4498 ι
3306 4446 3467 4519 115
3492 4448 3627 4503 Audi

343 4537 629 4591 Ἄκουσον
672 4539 737 4590 ὲκ
783 4537 893 4591 τῶν
945 4541 1377 4611 προηγουμένων
1416 4542 1516 4614 τὴν
1560 4544 1802 4612 ἀμαθίαν
1832 4546 1945 4602 τῶν

2054 4556 2116 4596 ex
2165 4541 2596 4610 prrecedentibus
2646 4538 2972 4609 imperitiam
3026 4538 3425 4607 objicieutium,
3484 4539 3628 4606 quod

338 4628 759 4694 ἀντιτιθέντων,
781 4628 889 4703 ’ὡς
924 4627 1157 4700 ίσχυράν
1206 4630 1643 4698 ἀναγινώσκουσι
1691 4632 1786 4687 τοῦ
1840 4653 1944 4707 μυ-

340 4717 581 4788 στηρίου
635 4717 737 4787 τὴν
790 4717 1082 4787 ὠφέλειαν,
1137 4720 1233 4772 καὶ
1277 4720 1422 4783 τίνος
1473 4723 1589 4785 τοῖς
1633 4723 1944 4795 ἀνθρώποις

340 4811 659 4883 παρέχεται
707 4811 806 4877 τὴν
848 4812 1192 4884 ἀνάμνησιν·
1250 4813 1344 4866 καὶ
1403 4815 1635 4870 ἄκουσον
1682 4817 1758 4889 μὴ
1808 4819 1943 4888 ἐμοῦ

335 4902 520 4956 ταῦτα
549 4902 826 4970 λέγοντος,
861 4903 998 4958 ἀλλὰ
1029 4905 1128 4958 τοῦ
1165 4907 1444 4979 μακαρίου
1475 4907 1692 4962 Παύλου
1710 4927 1723 4941 ·
1752 4929 1770 4961 ι
1795 4910 1947 4964 Ὁσά-

339 5011 427 5058 κις
462 4993 691 5063 ἐσθίητε
728 4994 821 5048 τὸν
853 4996 1022 5067 ἄρτον
1046 4995 1257 5051 τοῦτον.
1295 5015 1314 5048 ι
1354 4998 1470 5051 Οὔκ
1501 4994 1675 5065 εἶπεν,
1709 5001 1942 5068 Ὀσάκις

335 5085 404 5139 ἄν
437 5085 668 5157 ἐσθίητε
700 5085 798 5157 τὴν
842 5087 1074 5157 θεότητα
1103 5086 1342 5159 ταύτην·
1374 5089 1565 5153 ὁσάκις
1608 5091 1675 5143 ἂν
1722 5091 1940 5163 ἐσθίητε

334 5178 431 5229 τον
467 5178 638 5247 ἄρτον
668 5176 879 5230 τοῦτον.
902 5178 1082 5231 Βλέπε
1109 5180 1240 5249 περὶ
1271 5178 1365 5232 τοῦ
1404 5180 1653 5252 σώματος
1674 5183 1823 5253 αὐτῷ
1845 5184 1938 5237 τοῦ

334 5269 671 5324 δεσποτικοῦ
717 5270 781 5323 τὸ
827 5271 1215 5342 προκείμενον.
1268 5288 1289 5324 r
1336 5273 1562 5337 Ὁσάκις
1611 5274 1679 5328 ἂν
1721 5275 1938 5347 ἐσθίητε

334 5363 431 5414 τὸν
477 5360 648 5432 ἄρτον
695 5360 920 5424 τοῦτον,
962 5379 980 5410 ι
1022 5354 1084 5413 οὗ
1133 5364 1251 5415 ἐστι
1302 5361 1362 5415 τὸ
1410 5361 1573 5433 σῶμα
1618 5364 1934 5420 ἀντίτυπον.

338 5453 579 5523 Ἷδωμεν
608 5450 706 5506 οὖν
736 5452 883 5516 τίνος
912 5454 940 5506 6
967 5451 1228 5511 θάνατος·
1264 5473 1284 5505 ι
1333 5454 1554 5520 Ὁσάκις
1606 5454 1673 5509 ἂν
1717 5457 1937 5527 ἐσθίητε

338 5543 428 5597 τὸν
456 5544 626 5615 ἄρτον
654 5543 874 5605 τοῦτον,
908 5546 1005 5598 καὶ
1030 5545 1091 5598 τὸ
1119 5545 1380 5616 ποτήριον
1411 5544 1576 5599 τοῦτο
1600 5545 1817 5617 πίνητε,
1841 5548 1935 5600 τὸν

335 5635 576 5692 θάνατον
618 5634 717 5689 τοῦ
763 5635 977 5707 Κυρίου
1026 5635 1452 5705 καταγγέλλετε.
1485 5655 1504 5688 ι
1540 5637 1806 5691 ’Ἄκουσον
1840 5638 1934 5692 καὶ

2054 4629 2874 4701 maximamesselegantbujus
2907 4629 3151 4698 mysterii
3203 4628 3520 4694 utilitatem,
3572 4641 3628 4684 et

2053 4722 2209 4793 cujus
2227 4725 2799 4778 commemorationem
2833 4719 3141 4776 hominibus
3197 4718 3428 4774 afferat:
3464 4727 3629 4790 atque

2051 4814 2177 4868 audi
2207 4828 2314 4867 non
2344 4829 2429 4868 me
2461 4816 2575 4869 haec
2605 4814 2897 4877 dicentem,
2941 4813 3034 4867 sed
3080 4811 3299 4865 beatum
3354 4809 3579 4865 Paulum
3605 4829 3625 4870 :

2058 4921 2077 4956 ι
2113 4904 2551 4972 Quotiescunque
2581 4901 2973 4957 manducabitis
3000 4914 3191 4970 panem
3216 4900 3379 4954 hunc.
3436 4917 3457 4951 ι
3505 4899 3623 4957 Non

2050 4995 2188 5049 dixit
2226 4995 2487 5062 :Quoties
2509 4993 2903 5049 manducabitis
2917 4992 3250 5048 divinitatem
3280 4991 3450 5057 hanc;
3486 5007 3625 5062 quo~

2050 5088 2150 5142 lies
2177 5086 2575 5141 manducabitis
2599 5100 2789 5154 panem
2821 5086 2985 5141 hunc.
3009 5082 3144 5140 Vide
3163 5085 3232 5140 de
3267 5099 3496 5155 corpore
3520 5084 3625 5140 Do-

2047 5179 2248 5234 minico
2271 5179 2345 5234 illi
2376 5193 2498 5234 esse
2527 5180 2862 5248 propositum
2893 5195 2911 5233 :
2942 5194 2962 5229 ι
2999 5176 3446 5246 Quotiescunque
3468 5192 3623 5231 man-

2043 5272 2313 5329 ducabitis
2344 5286 2535 5342 panem
2594 5272 2756 5335 hunc,
2808 5288 2827 5321 ›
2867 5269 3023 5341 cujus
3066 5276 3150 5325 est
3200 5269 3374 5338 ipsum
3424 5281 3622 5336 corpus

2041 5366 2364 5436 antitypum.
2405 5364 2694 5419 Videamus
2723 5376 2854 5432 ergo
2884 5360 3044 5430 cujus
3091 5373 3273 5414 mors:
3302 5376 3320 5410 ι
3365 5358 3621 5426 Quoties-

2041 5471 2255 5527 cunque
2272 5455 2673 5512 manducabitis
2700 5467 2894 5524 panem
2923 5453 3090 5517 hunc,
3119 5458 3174 5505 et
3198 5448 3424 5504 calicem
3477 5449 3622 5505 hunc

2041 5550 2261 5616 bibetis,
2283 5559 2510 5604 mortem
2543 5546 2751 5603 Domini
2787 5545 3198 5600 annuntiabitis.
3230 5562 3249 5596 ι
3285 5542 3422 5597 Audi
3447 5542 3502 5597 in
3527 5558 3620 5598 se-

2039 5642 2331 5712 quentibus
2365 5643 2636 5712 apertius:
2678 5657 2698 5692 ι
2724 5638 2905 5696 Donec
2933 5638 3113 5696 veniat
3140 5636 3243 5693 θ’.»
3277 5634 3408 5705 Quis
3438 5645 3620 5692 autem

406 5816 456 5849 ’⁸
479 5816 641 5875 Joan.
678 5830 751 5881 γι,
795 5811 994 5875 54τ58.
1071 5814 1115 5847 ³⁷
1141 5811 1300 5870 Rom.
1333 5828 1450 5882 vm,
1481 5815 1536 5873 3.
1613 5814 1661 5848 "
1691 5814 1714 5871 l
1743 5812 1871 5874 Cor.
1898 5830 1950 5871 ιι

2054 5815 2099 5874 6.
2176 5815 2221 5851 ⁸⁸
2244 5817 2375 5876 ibid.
