4080 6418
484 370 578 429 399
1476 360 1536 416 S.
1573 358 1851 417 CYlilLlJ
1892 352 2358 411 ALEXANURINI
2399 356 2720 413 ARCIHEP.

3632 368 3741 422 ξ’.οὓ

3328 472 3357 500 ‘I’

474 480 949 541 veninVidnhunt
973 478 1167 533 Filium
1196 478 1431 533 hominis
1482 479 1787 534 venientem
1856 476 1909 530 in
1954 489 2050 528 nu-

2158 475 2217 526 ἐν
2242 477 2356 538 τοῖς
2385 476 2585 546 ἐφεξῆς
2613 477 2984 549 φανερώτερον
3006 495 3048 530 ἰ
3087 479 3282 550 Ἀχρις
3299 475 3359 535 οὗ
3399 479 3550 552 ἔλθῃ.
3590 500 3607 533 ι
3638 483 3739 545 Τίς

475 579 631 633 bilius
660 576 781 629 coeli
814 590 933 627 cum
969 573 1138 640 gloria
1172 570 1339 625 multa
1369 572 1425 625 ἐ
1463 579 1518 623 ct
1547 569 1688 638 quod
1732 567 1908 637 majus
1948 576 2052 630 est,

473 679 599 723 ante
668 667 939 736 apostolos
996 666 1259 734 propheta
1337 661 1677 717 manifestius
1744 659 2054 714 venientem

474 761 730 823 ostendit,
758 770 809 813 et
841 759 1060 821 clamat,
1097 760 1161 810 de
1189 754 1388 810 Judzeis
1452 754 1636 806 dicens
1668 766 1682 803 :
1715 767 1734 800 ς
1788 748 2056 803 Videbunt

476 852 528 906 iu
558 866 720 921 quem
759 856 1194 917 compunxerunt
1231 848 1273 899 ⁸.
1320 863 1338 896 ι
1400 842 1537 910 Quid
1581 838 1882 910 igiturillud
1911 853 2056 893 com-

477 951 732 1012 punctum
761 938 882 993 est?
915 937 1110 1002 Latus;
1144 935 1283 990 latus
1321 947 1447 989 vero
1506 930 1751 1000 corporis
1808 936 1914 995 est,
1947 943 2053 982 non

475 1030 774 1088 divinitatis
804 1028 825 1102 ]

1154 1291 1306 1348 CAP.
1341 1290 1424 1347 VI.

550 1420 755 1497 Rursus
784 1456 911 1510 ergo
948 1452 1046 1493 nos
1087 1445 1300 1506 oportet
1350 1431 1597 1487 veritatis
1645 1428 1915 1498 dogmatis
1960 1442 2056 1497 pa-

480 1534 772 1598 trocinari,
793 1533 991 1597 cttnis,
1027 1530 1109 1584 vir
1140 1527 1380 1600 egregie,
1414 1527 1595 1581 verbis
1646 1525 1931 1590 obsistere,
2000 1530 2055 1576 et

477 1641 603 1682 ante
632 1639 825 1682 cretera
846 1623 1100 1680 studiosis
1125 1622 1252 1675 illud
1281 1618 1517 1691 pra'fari,
1571 1616 1664 1671 tibi
1721 1613 2054 1685 propositum

477 1733 619 1783 esse,
649 1719 701 1771 in
727 1717 888 1785 idque
922 1725 972 1769 te
1001 1714 1284 1767 admodum
1311 1711 1432 1774 niti,
1471 1719 1529 1763 ut
1556 1709 1691 1761 duos
1745 1721 1934 1761 rursus
1968 1720 2055 1760 as-

477 1826 626 1865 seras
643 1808 911 1867 Christos.
938 1805 1132 1874 quibus
1162 1804 1389 1858 scorsim
1415 1799 1703 1857 conveniat
1730 1796 2054 1852 dominatio—

477 1902 562 1957 nis
612 1899 924 1969 appellatio.
975 1896 1127 1963 Quod
1204 1902 1384 1949 autem
1437 1890 1843 1962 imperitissime
1905 1888 1959 1942 in
2001 1888 2050 1941 id

476 1994 791 2056 contendas,
831 2006 937 2045 non
970 1987 1354 2044 mnltolahore
1404 2002 1434 2040 a
1492 1985 1647 2041 nobis
1713 1982 2048 2038 ostendetur.

477 2085 609 2138 Nam
657 2086 907 2154 agedum,
938 2096 1171 2151 expone,
1220 2094 1422 2150 qumso,
1489 2091 1777 2149 quemnam
1827 2074 2054 2130 definias

475 2177 773 2240 Christum,
807 2177 959 2245 cujus
978 2184 1031 2229 et
1090 2173 1480 2228 humanitatem
1550 2180 1605 2224 et
1642 2168 1899 2223 deitatem
1931 2180 2054 2221 esse

474 2272 611 2324 diris
637 2287 651 2323 :
683 2268 952 2338 siquidem
992 2266 1121 2320 illud
1144 2280 1207 2319 ex
1234 2264 1341 2318 Deo
1373 2262 1530 2317 Patre
1581 2259 1838 2325 Verbum,
1867 2267 2053 2328 aperte

477 2362 734 2417 fateberis
761 2360 1013 2415 eumdem
1035 2373 1157 2413 esse
1178 2358 1342 2411 etiam
1373 2355 1646 2409 hominem
1675 2351 1878 2422 :ipsius
1906 2350 2049 2405 enim

473 2468 594 2508 esse
624 2451 1012 2508 humanitatem
1041 2448 1225 2503 dixisti
1269 2462 1282 2500 :
1322 2447 1408 2501 sin
1434 2446 1583 2501 illum
1629 2458 1694 2500 ex
1732 2441 2056 2511 Virgine,ut

477 2545 592 2615 ipse
619 2544 845 2605 asseris.
872 2540 1123 2597 eumdem
1146 2537 1497 2593 nihilominus
1544 2550 1664 2590 esse
1686 2533 1849 2589 etiam
1887 2532 2051 2586 Deum

476 2636 859 2706 pronuntiasse
886 2631 1226 2688 convinceris
1255 2644 1274 2683 :
1309 2628 1476 2697 ipsius
1529 2625 1674 2680 enim
1708 2639 1833 2680 esse
1868 2622 2050 2677 dixisti

473 2725 638 2779 etiam
664 2724 944 2780 deitatem.
1003 2718 1250 2789 Undique
1311 2718 1475 2789 igitur
1525 2716 1835 2786 compulsus
1886 2715 2051 2770 etiam

475 2816 676 2870 invitus
737 2815 803 2870 ad
853 2813 1163 2876 veritatem,
1220 2825 1384 2863 unum
1449 2808 1729 2862 nobiscum
1793 2806 2054 2862 confitere

474 2904 749 2961 Christum
782 2912 836 2957 et
867 2903 1185 2967 Dominum;
1223 2900 1300 2955 sic
1318 2912 1552 2970 namque
1582 2897 1762 2955 dicere
1793 2896 2049 2953 desines:

480 3013 499 3047 ε
522 2995 657 3049 Audi
684 2995 845 3049 etiam
866 2996 966 3049 hoc
991 3007 1208 3058 nomen,
1232 2992 1509 3057 Dominus,
1538 2992 1826 3061 aliquando
1855 2992 1922 3046 de
1953 2992 2044 3046 ltu-

476 3089 737 3142 manitate
764 3086 992 3152 Christi,
1050 3085 1341 3154 aliquando
1401 3085 1469 3138 de
1524 3084 1807 3139 divinitate
1860 3083 2052 3153 ipsius,

2157 563 2214 618 δὲ
2241 567 2269 618 6
2300 568 2624 637 ἐρχόμενοςς
2664 587 2681 619 ι
2715 568 2975 637 Ὄψονται
3010 570 3101 623 τὸν
3135 570 3263 623 Υίδν
3298 570 3391 624 τοῦ
3446 572 3740 643 ἀνθρώπου

2159 658 2452 730 ἐρχόμενον
2484 661 2575 713 ἐπὶ
2605 660 2714 713 τῶν
2746 661 2989 729 νεφελῶν
3026 661 3121 716 τοῦ
3151 664 3385 734 οὐρανοῦ
3415 665 3555 734 μετὰ
3580 664 3741 735 δόξης

2159 749 2383 819 πολλῆς·
2400 752 2522 804 ικαὶ
2547 752 2608 804 τδ
2630 754 2694 821 δὴ
2722 752 2927 822 μεῖζον,
2946 754 3052 824 πρὸ
3079 755 3187 808 τῶν
3214 755 3525 809 ἀποστόλων
3549 756 3579 808 6
3609 773 3742 827 προ-

2159 843 2339 913 φήτης
2367 844 2699 916 σαφέστερον
2738 847 2828 900 τὸν
2873 848 3166 917 ἐρχόμενον
3198 846 3459 910 δείκνυσι,
3512 849 3607 901 καὶ
3646 848 3712 900 κέ

2159 946 2334 1001 κραγε
2379 932 2509 1001 περὶ
2548 934 2817 988 Ἰουδαίων
2864 934 3037 1005 βοῶν·
3072 958 3089 987 ε
3124 938 3384 1005 Ὄψονται
3432 938 3511 1000 είς
3543 937 3603 989 δν
3646 935 3709 1002 ἐξ

2160 1024 2479 1095 εκέντησαν.
2518 1044 2535 1077 ι
2572 1026 2668 1090 Τίς
2712 1022 2805 1079 οὖν
2836 1029 2985 1079 ἐστιν
3014 1030 3043 1080 6
3070 1028 3384 1097 κεντηθείς·
3426 1031 3458 1101 ἡ
3494 1029 3738 1102 πλευρά·

2160 1114 2371 1188 πλευρὰ
2402 1115 2481 1184 δέ,
2519 1116 2791 1187 σώματος,
2822 1119 2881 1171 οὐ
2914 1118 3170 1190 θεότητός
3199 1117 3386 1191 iatn]

2748 1297 3000 1353 ΚΕΦΔΛ.
3046 1300 3136 1367 ς’.

2227 1435 2319 1486 Δεῖ
2341 1433 2405 1504 δὴ
2430 1433 2591 1487 πάλιν
2621 1435 2767 1504 ἡμᾶς
2797 1436 2908 1495 τοῖς
2936 1434 3036 1504 τῆς
3066 1433 3323 1503 ἀληθείας
3345 1436 3580 1505 δόγμασι
3611 1454 3739 1491 συνο

2156 1530 2353 1593 ειπεῖν,
2384 1528 2479 1579 καὶ
2506 1529 2618 1589 τοῖς
2646 1530 2778 1591 σοῖς,
2828 1521 2873 1580 ὦ
2900 1520 3074 1591 οὗτος,
3100 1528 3485 1599 ἀντιφέρεσθαι
3519 1530 3698 1597 λόγοις
3719 1546 3733 1559 ο

2159 1621 2252 1673 καὶ
2295 1619 2400 1691 πρό
2449 1637 2513 1687 γε
2557 1619 2663 1672 τῶν
2712 1619 2887 1674 ἄλλων
2919 1622 3028 1684 τοῖς
3075 1620 3529 1693 φιλακροάμοσιν,
3557 1623 3739 1674 ἐκεῖνο

2158 1714 2369 1778 εἰπεῖν,
2416 1713 2498 1767 ὅτι
2549 1729 2627 1765 σοι
2680 1712 2878 1775 σκοπὸς
2904 1751 2918 1775 ,
2970 1712 3065 1765 καὶ
3096 1711 3181 1764 διὰ
3214 1712 3452 1781 σπουδῆς
3497 1713 3738 1767 τέθειται

2087 1829 2131 1885 η
2165 1804 2400 1876 πολλῆς,
2445 1803 2539 1857 δύο
2568 1803 2632 1874 δὴ
2660 1803 2821 1856 πάλιν
2869 1803 3148 1873 ἀποφῆναι
3191 1805 3459 1873 Χριστοὺς
3480 1845 3496 1870 ,
3531 1798 3611 1866 οἷς
3643 1805 3739 1858 καὶ

2159 1897 2265 1951 ἀνὰ
2310 1897 2477 1967 μέρος
2509 1895 2802 1965 ἀρμὸσειεν
2849 1894 2917 1948 ἂν
2952 1895 2984 1965 ἡ
3017 1894 3116 1965 τῆς
3167 1895 3488 1965 κυριότητος
3520 1894 3735 1964 κλῆσις,

2170 1984 2548 2056 ’Δμαθέστατα
2595 1983 2652 2035 δὲ
2693 1983 2788 2037 καὶ
2854 1983 2994 2053 πρός
3041 1999 3106 2051 γε
3151 1983 3309 2037 τοῦτο
3359 1982 3476 2046 ίὼν,
3526 1984 3589 2039 οὑ
3640 1985 3741 2036 σὺν

2158 2076 2343 2149 ίδρῶτι
2389 2074 2587 2148 μακρῷ
2628 2075 2761 2146 πρὸς
2812 2074 2967 2145 ἡμῶν
3017 2073 3378 2144 δειχθήσεται.
3421 2075 3558 2145 Φέρε
3605 2073 3740 2144 γὰρ,

2157 2170 2420 2241 ἐρωμένῳ
2446 2168 2672 2241 φράσον,
2705 2170 2859 2221 ποῖον
2889 2168 3000 2239 ἄρα
3024 2167 3234 2238 διορίζῃ
3261 2168 3517 2239 Χριστὸν,
3553 2162 3614 2222 οὗ
3642 2168 3741 2221 καὶ

2158 2262 2258 2333 τὴν
2288 2260 2690 2333 ἀνθρωπότητα
2716 2260 2810 2311 καὶ
2842 2258 2943 2328 μέν
2973 2275 3053 2312 τοι
3085 2258 3182 2312 καὶ
3207 2256 3306 2329 τὴν
3337 2256 3567 2328 θεότητα
3594 2254 3741 2310 εἶναι

2156 2354 2293 2422 φής’
2323 2354 2372 2405 εί
2406 2352 2505 2422 μὲν
2558 2350 2645 2403 τὸν
2674 2351 2739 2404 ἐκ
2767 2348 2899 2402 Θεοῦ
2929 2348 3141 2421 Πατρός
3173 2348 3368 2417 Λόγον,
3404 2348 3746 2420 διωμολόγη-

2156 2461 2258 2507 κας
2299 2443 2544 2515 ἐναργῶς
2576 2443 2668 2497 τὸν
2703 2441 2865 2496 αὐτὸν
2896 2436 3037 2494 εἶναι
3080 2441 3174 2494 καὶ
3214 2439 3533 2511 ἄνθρωπον·
3567 2441 3741 2494 αὐτοῦ

2154 2537 2266 2608 γὰρ
2294 2536 2430 2608 ἔφης
2458 2536 2554 2607 τὴν
2589 2534 2987 2605 ἁνθρωπότητα
3007 2548 3021 2562 ·
3059 2534 3109 2587 εί
3153 2534 3211 2588 δὲ
3239 2533 3330 2587 τὸν
3363 2535 3427 2588 ἐκ
3455 2534 3555 2603 τῆς
3591 2535 3743 2604 Παρε-

2156 2628 2309 2684 θένου
2364 2627 2508 2681 κατὰ
2558 2627 2615 2681 σέ
2640 2668 2655 2694 ,
2694 2625 2786 2680 τὸν
2829 2627 2992 2681 αὐτὸν
3036 2626 3189 2679 οὐδὲν
3225 2622 3387 2698 ἦττον
3421 2625 3604 2697 ἀλώσῃ
3643 2628 3744 2680 καὶ

2155 2719 2287 2775 Θεὸν
2318 2718 2605 2790 ἀποφήνας
2626 2736 2641 2751 ο
2688 2718 2853 2773 αὑτοῦ
2883 2720 2991 2792 γάρ
3019 2718 3157 2788 ἔφης
3186 2714 3327 2772 εἶναι
3360 2718 3455 2770 καὶ
3486 2717 3586 2788 τὴν
3615 2718 3743 2770 θεό-

2154 2826 2313 2880 τητα.
2338 2808 2681 2880 Πανταχόθεν
2708 2808 2774 2881 δὴ
2797 2806 2891 2863 οὖν
2921 2808 3347 2879 συνωθούμενος,
3377 2808 3474 2861 καὶ
3500 2807 3742 2878 ἀϐουλή-

2155 2920 2264 2968 τως
2294 2904 2375 2966 είς
2402 2900 2683 2974 ἀλήθειαν,
2715 2902 2811 2955 ἕνα
2838 2900 2959 2973 μεθ’
3001 2901 3158 2973 ἡμῶν
3202 2900 3453 2971 ὁμολόγει
3499 2901 3742 2970 Χριστὸν

2158 2998 2257 3051 καὶ
2289 2997 2515 3068 Κύριον.
2556 2994 2823 3066 Πεπαύσῃ
2850 2992 2958 3065 γάρ
2982 2992 3126 3047 οὕτω
3155 2992 3351 3062 λέγων’
3370 2992 3661 3047 «Ἄκουσον
3679 2993 3743 3047 δὲ

2158 3092 2251 3145 καὶ
2275 3091 2358 3157 τὸ,
2388 3088 2615 3160 Κύριος,
2644 3087 2776 3140 ποτέ
2802 3088 2925 3158 μέν,
2955 3086 3048 3139 ἐπὶ
3066 3086 3164 3158 τῆς
3194 3078 3612 3159 ἀνθρω’πότητος
3641 3085 3740 3140 τοῦ

474 3184 763 3254 aliquando
795 3182 860 3237 de
888 3190 1117 3247 utroque
1147 3180 1384 3246 positum
1415 3196 1472 3233 ε»
1524 3195 1648 3234 nam
1684 3179 1771 3235 ubi
1802 3194 1943 3234 unus
1968 3188 2050 3234 est

2161 3184 2432 3254 Χριστοῦ·
2467 3184 2598 3238 ποτέ
2625 3181 2704 3247 δὲ,
2734 3183 2827 3235 ἐπὶ
2852 3181 2950 3250 τῆς
2984 3169 3237 3250 θεότητος
3269 3180 3465 3233 αὑτοῦ·
3499 3180 3629 3233 ποτέ
3654 3180 3735 3247 δὲ,

476 3274 663 3341 Filius,
699 3275 969 3345 quomodo
998 3272 1178 3328 locum
1205 3272 1433 3340 habeat,
1462 3275 1527 3328 de
1560 3281 1789 3341 utroque
1828 3270 2050 3327 dicere?

474 3366 611 3432 Quid
643 3377 821 3420 autem
850 3364 1101 3434 estquod
1130 3364 1275 3418 rides
1336 3378 1431 3419 eos
1472 3363 1566 3432 qui
1617 3363 1856 3417 divinum
1917 3361 2045 3417 illud

476 3457 790 3526 mySterium
823 3465 1066 3510 nostrum
1093 3454 1453 3517 admirantur,
1474 3454 1792 3523 impiissimc
1813 3455 2005 3508 dicens
2028 3467 2046 3508 :

480 3570 500 3600 ε
539 3550 982 3618 Quotiescunque
1015 3548 1412 3603 manducabitis
1435 3562 1623 3616 panem
1655 3549 1819 3612 hunc,
1841 3552 1895 3601 et
1912 3545 2048 3600 cali-

482 3659 501 3690 ι
540 3654 654 3693 cem
675 3640 817 3693 hunc
858 3639 1073 3705 bibetis,
1096 3651 1324 3693 mortem
1348 3638 1556 3694 Domini
1585 3636 1998 3693 annuntiabitis.
2021 3654 2041 3688 ι

480 3728 638 3800 115
669 3731 805 3784 Audi
828 3745 891 3784 ex
927 3729 1355 3800 praecedentibus
1409 3730 1733 3799 imperitiam
1785 3729 2048 3797 objicien-

478 3819 779 3890 tiutn,quod
795 3822 1083 3875 maximam
1096 3835 1215 3875 esse
1229 3820 1405 3890 legant
1420 3822 1658 3893 mystcrii
1676 3821 1835 3891 hujus
1850 3818 2050 3874 utilita-

476 3924 669 3975 tem.ct
686 3914 838 3982 cujus
860 3914 1170 3968 hominibus
1188 3915 1759 3971 commemorationem
1779 3910 1995 3968 afferat.
2020 3929 2040 3963 ι

472 4005 613 4060 Nihil
647 4020 776 4075 ergo
806 4004 1008 4074 egregii
1050 4003 1215 4057 habet
1259 4004 1539 4059 incruenta
1592 4002 1680 4057 illa
1716 4003 1959 4069 victima,
1992 4012 2048 4058 et

471 4099 721 4166 exiguam
751 4097 1040 4149 admodum
1066 4094 1350 4149 utilitatem
1375 4094 1553 4161 affert,
1583 4104 1638 4148 et
1667 4094 1913 4149 utilitatis
1937 4094 2044 4149 vim

470 4189 772 4244 continebit
804 4202 972 4257 usque
1002 4202 1065 4242 eo
1095 4187 1375 4253 duntaxat,
1408 4197 1465 4241 ut
1494 4187 1874 4243 annuutiemus
1903 4202 2049 4242 mor-

473 4292 578 4337 tem
608 4280 866 4345 hominis,
899 4290 956 4334 et
984 4281 1142 4334 unius
1175 4296 1206 4334 e
1235 4290 1420 4336 nostro
1452 4292 1677 4333 numero
1713 4292 2044 4333 commemo-

473 4373 736 4427 rationem
768 4370 1051 4427 faciamus.
1081 4370 1341 4426 Mentitur
1370 4385 1500 4441 ergo
1533 4369 1662 4423 dum
1702 4370 1829 4423 illud
1868 4368 2044 4421 viviti-

470 4478 592 4518 cum
624 4462 753 4518 dicit
783 4462 873 4532 qui
908 4463 1124 4517 mentiri
1159 4477 1265 4517 non
1302 4460 1472 4525 novit,
1506 4461 1609 4515 hoc
1645 4469 1730 4514 est
1752 4458 1997 4514 Christus
2027 4475 2041 4512 :

2157 3276 2245 3330 ἐπ’
2278 3276 2604 3347 ἀμφοτέρων
2642 3275 2921 3344 κείμενονν
2957 3291 2975 3323 ι
3003 3271 3132 3326 ἔνθα
3158 3277 3265 3342 γάρ
3289 3271 3414 3335 Υἱὸς
3448 3266 3551 3336 εἷς,
3585 3275 3741 3326 ποῖον

2157 3365 2223 3421 ἂν
2270 3367 2383 3437 έχοι
2423 3368 2588 3418 τόπον
2637 3365 2719 3432 τὸ,
2750 3364 2837 3417 ἐπ’
2874 3365 3077 3433 ἀμφοῖν
3122 3366 3327 3430 εἰπείν;
3361 3365 3741 3435 Καταμειδιᾷς

2155 3459 2212 3512 δὲ
2267 3458 2495 3513 ἀνθότου
2542 3456 2654 3510 τῶν
2695 3456 2757 3510 τὸ
2791 3455 2934 3509 θεῖον
2978 3454 3134 3526 ἡμῶν
3166 3455 3591 3525 τεθαυμακότων
3637 3473 3743 3526 μυ-

2159 3551 2404 3622 στήριον,
2445 3547 2789 3602 ἀνοσιώτατα
2834 3547 3039 3616 λέγων·
3079 3565 3098 3598 ε
3139 3547 3363 3610 Ὁσάκις
3405 3548 3471 3601 ἂν
3520 3547 3743 3617 ἐσθίητε

2163 3661 2180 3695 ι
2208 3642 2298 3694 τὸν
2314 3640 2477 3712 ἄρτον
2495 3640 2705 3705 τοῦτον,
2735 3639 2829 3693 καλ⁸
2858 3639 2919 3691 τὸ
2944 3639 3201 3710 ποτήριον
3230 3639 3391 3692 τοῦτο
3408 3639 3619 3709 πίνητε,
3644 3638 3741 3693 τὸν

2163 3754 2181 3786 ι
2195 3733 2427 3788 θάνατον
2443 3732 2538 3786 τοῦ
2557 3731 2765 3803 Κυρίου
2784 3732 3181 3802 καταγγέλλετε
3201 3750 3250 3798 ς»
3263 3733 3526 3785 ’Ἄκουσον
3542 3734 3607 3786 ἐκ
3628 3732 3744 3786 τῶν

2156 3826 2587 3899 προηγουμένων
2629 3824 2731 3896 τὴν
2789 3824 3029 3894 ἀμαθίαν
3081 3824 3190 3878 τῶν
3252 3823 3599 3891 ἀντιθέντων,
3659 3823 3743 3888 ὡς

2158 3917 2387 3989 ἰσχυρὰν
2449 3916 2883 3985 ἀναγινώσκουσι
2929 3914 3022 3969 τοῦ
3083 3914 3385 3986 μυστηρίου
3443 3915 3544 3987 τὴν
3593 3914 3744 3983 ὠφέ-

2154 4011 2324 4076 λειαν,
2380 4009 2476 4064 καὶ
2542 4009 2688 4070 τίνος
2740 4009 2853 4070 τοῖς
2915 4006 3226 4077 ἀνθρώποις
3285 4006 3586 4075 παρέχεται
3634 4004 3739 4076 τὴν

2155 4104 2485 4174 ἀνάμνησιν.
2523 4119 2542 4152 ι
2579 4100 2750 4155 Οὐδὲν
2779 4096 2873 4153 οὖν
2898 4100 3005 4172 ἄρα
3034 4099 3097 4152 τὸ
3126 4096 3404 4169 ἐξαίρετον
3433 4099 3533 4167 τῆς
3575 4098 3740 4152 ἀναι-

2158 4197 2368 4266 μάκτου
2416 4194 2606 4257 Θυσίας
2627 4235 2642 4260 ,
2674 4192 2861 4263 ὄνησις
2891 4192 2949 4246 δέ
2995 4191 3191 4262 κομιδῆ
3241 4190 3472 4263 σμικρὰ,
3502 4190 3599 4244 καὶ
3634 4192 3738 4261 τῆς

2154 4287 2424 4358 ὠφελείας
2453 4285 2551 4357 τὴν
2594 4285 2827 4355 δύναμιν
2881 4285 3228 4356 περιποιήσει
3254 4285 3396 4355 τάχα
3429 4301 3533 4338 που
3570 4284 3739 4355 μέχρι

2154 4379 2220 4450 δὴ
2269 4378 2432 4448 μόνου
2478 4378 2571 4431 τοῦ
2616 4377 2971 4446 καταγγεῖλαι
3020 4377 3109 4431 τὸν
3156 4375 3447 4447 ἀνθρώπου
3483 4375 3736 4443 θάνατον,

2157 4469 2253 4523 καὶ
2285 4469 2394 4522 τῶν
2420 4468 2544 4522 καθ’
2570 4469 2721 4540 ἡμᾶς
2762 4469 2879 4533 ἐνὸς
2910 4468 3239 4540 ποιήσασθαι
3279 4468 3379 4539 τὴν
3405 4468 3735 4538 ἀνάμνησιν.

468 4557 676 4626 decepti
701 4571 799 4611 nos
830 4556 993 4611 etiam
1024 4570 1233 4620 sumus,
1267 4570 1457 4609 vanam
1503 4556 1568 4609 de
1613 4552 1704 4608 illo
1735 4551 2045 4621 opinionem

2162 4561 2371 4618 Οὐκοῦν
2408 4538 2750 4630 διαψεῦδεται
2783 4538 3049 4625 ζωοποιὸν
3090 4560 3220 4613 αὐτὸ
3264 4538 3457 4627 λέγων,
3486 4560 3516 4613 6
3541 4559 3739 4628 ψεύδε-

468 4649 761 4718 habentes;
792 4663 936 4705 nunc
974 4650 1136 4703 etiam
1173 4663 1297 4704 sero
1334 4648 1418 4701 vix
1457 4648 1672 4702 tandem
1712 4648 1779 4701 ad
1808 4646 2053 4702 veritatis

470 4744 833 4799 inventionem
864 4744 1108 4814 perducti
1128 4756 1336 4807 sumus,
1362 4740 1447 4795 ubi
1484 4741 1534 4793 in
1566 4750 1690 4795 tuos
1720 4743 1817 4795 ltus
1840 4755 2053 4796 sermo-

468 4849 567 4890 nes
614 4834 924 4889 incidimus.
976 4833 1083 4887 Sed
1138 4833 1234 4886 tibi
1280 4835 1419 4886 hanc
1466 4833 1794 4888 sententiam
1832 4828 2055 4902 eligenti

467 4927 843 4999 propheticum
891 4926 1019 4981 illud
1053 4939 1085 4977 a
1134 4923 1290 4979 nobis
1328 4923 1597 4979 referetur
1644 4945 1658 4981 :
1696 4945 1714 4979 ι
1756 4926 1895 4983 Ecce
1944 4942 2051 4983 non

467 5031 592 5078 sunt
618 5023 760 5078 oeuli
786 5024 864 5078 tui
897 5038 1074 5092 neque
1106 5036 1202 5076 cor
1230 5031 1378 5074 tuum
1405 5021 1602 5073 bonum
1626 5019 1667 5074 ³,
1704 5038 1722 5072 ι
1751 5018 1865 5075 Non
1902 5019 2047 5074 enim

469 5109 740 5180 intelligit,
776 5112 900 5165 dum
938 5109 1326 5164 annuntiamus
1356 5107 1556 5162 Christi
1597 5121 1848 5177 mortem,
1882 5119 1937 5163 et
1967 5108 2049 5163 in-

469 5216 631 5269 super
669 5202 787 5271 ejns
822 5198 1277 5257 resurrectionem
1322 5200 1666 5266 confitemur,
1695 5210 1749 5255 et
1784 5217 1851 5255 ex
1882 5216 1944 5255 ea
1988 5216 2047 5257 re

469 5292 855 5363 perfectionem
889 5292 1012 5347 fidei
1035 5293 1442 5361 consequimur,
1468 5293 1663 5349 deinde
1684 5293 1878 5349 divinae
1905 5294 2053 5349 illius

468 5396 673 5443 natura:
702 5384 996 5455 participes
1030 5382 1207 5440 ell‘ccti
1232 5384 1277 5451 ⁸,
1306 5386 1640 5441 consortium
1674 5387 1902 5443 unitatis
1935 5387 2052 5458 ejus

467 5478 843 5547 adipiscimur,
892 5475 1210 5546 spiritaliter
1254 5479 1417 5534 simul
1445 5488 1501 5533 et
1536 5480 1897 5550 corporaliter
1924 5494 2054 5534 san-

467 5567 692 5624 ctilicari
761 5581 827 5623 ac
860 5566 1143 5624 vivilicari.
1187 5587 1206 5621 ι
1250 5568 1477 5641 Oportet
1510 5572 1655 5627 enim
1698 5570 2053 5641 corruptibile

2158 4656 2283 4709 σθαι
2315 4654 2390 4726 μὴ
2424 4653 2603 4720 ειδὼς,
2635 4653 2884 4707 τουτέστι
2907 4653 3141 4724 Χριστός
3159 4669 3174 4685 ·
3200 4650 3650 4723 πεφενακίσμεθα
3672 4651 3735 4706 es

2155 4749 2250 4802 καὶ
2276 4749 2459 4819 ἡμεῖς,
2491 4746 2705 4801 εἰκαίαν
2751 4745 2963 4815 ἔχοντες
2990 4744 3078 4798 ἐπ’
3104 4742 3253 4814 αὐτῷ
3281 4742 3380 4814 τὴν
3404 4741 3592 4807 δόξαν
3630 4759 3736 4795 πε·-

2155 4840 2512 4912 ποδηγήμεθα
2536 4839 2593 4892 δὲ
2625 4839 2720 4893 νῦν
2753 4836 2854 4906 ὀψέ
2880 4854 3009 4890 ποτε
3035 4836 3130 4890 καὶ
3155 4835 3310 4906 μόλις
3337 4835 3420 4897 είς
3472 4833 3735 4905 ἀληθείας

2156 4932 2407 5004 εὕρεσιν,
2463 4931 2703 4984 τουτοισὶ
2755 4933 2869 4993 τοῖς
2923 4931 3034 4991 σοῖς
3093 4926 3477 4999 περιτυχόντες
3528 4926 3731 4994 λόγοις.

2172 5025 2335 5079 Ἀλλά
2363 5042 2447 5077 σοι
2479 5025 2634 5078 ταυτὶ
2664 5024 2885 5093 φρονεῖν
2912 5021 3193 5093 ᾑρημένῳ,
3227 5021 3366 5090 πρὸς
3390 5017 3549 5090 ἡμῶν
3579 5018 3732 5087 εἴρη-

2156 5135 2245 5172 ται
2271 5117 2333 5170 τὺ
2355 5117 2444 5170 διὰ
2475 5117 2575 5186 τῆς
2605 5117 2883 5186 προφήτου
2913 5113 3099 5183 φωνῆς
3119 5128 3133 5143 ⁸
3176 5130 3195 5165 ο
3219 5112 3348 5166 Ἰδοὺ
3381 5113 3483 5166 οὐκ
3510 5111 3650 5165 είσὶν
3678 5109 3731 5163 οἱ

2155 5207 2425 5279 ὀφθαλμοί
2472 5224 2588 5272 σου,
2638 5205 2760 5259 οὐδέ
2798 5207 2831 5274 ή
2864 5204 3061 5276 καρδία
3106 5221 3201 5257 σου
3238 5202 3397 5273 καλή.
3438 5222 3456 5254 ι
3503 5202 3731 5272 Συνίησι

2149 5304 2260 5375 γὰρ
2285 5302 2559 5372 οὐδαμῶς,
2609 5301 2692 5354 ὃτι
2742 5299 2834 5353 τὸν
2869 5299 3100 5354 θάνατον
3134 5297 3595 5366 καταγγέλλοντες
3629 5295 3725 5349 τοῦ

2151 5394 2411 5467 Χριστοῦ,
2461 5392 2992 5465 πῳσομολογοῦντες
3037 5390 3095 5445 δέ
3138 5393 3238 5462 τὴν
3274 5389 3593 5454 ἀνάστασιν,
3633 5390 3728 5442 καὶ

2149 5486 2249 5559 τὴν
2300 5488 2359 5540 ἐν
2407 5486 2590 5540 πίστει
2638 5484 2917 5538 τελείωσιν
2958 5482 3047 5537 διὰ
3092 5482 3282 5535 τούτου
3330 5479 3724 5553 κερδαίνοντες,

2152 5571 2274 5631 εἶτα
2299 5577 2397 5648 τῆς
2427 5576 2579 5639 θείας
2609 5574 2776 5629 αὐτοῦ
2799 5572 3013 5643 φύσεως
3038 5571 3282 5627 κοινωνοὶ
3307 5569 3612 5640 γεγονότες,
3633 5566 3728 5620 καὶ

549 5789 564 5818 ‘
593 5790 784 5846 Matth.
817 5795 1073 5863 xxtv,30.
1147 5798 1167 5830 ³
1199 5796 1430 5853 Zachar.
1468 5812 1564 5863 xtl,
1599 5797 1685 5854 l0.
1764 5798 2005 5857 ἰοί-ειη.
2037 5802 2287 5873 xxtt,47.
2365 5799 2387 5835 ⁵
2416 5799 2457 5855 ll
2485 5799 2603 5855 Pet.
2634 5813 2675 5863 ι,
2710 5797 2767 5852 4ο
