4080 6428
304 412 408 475 ξθί

1338 417 1716 476 ADVERSUS
1755 418 2162 480 NESTORIUM
2203 426 2333 482 LIB.
2382 427 2443 481 Υ.

3458 441 3568 498 τος

295 531 392 585 διὰ
419 527 515 583 τοῦ
560 528 895 599 μεταλακείν
927 528 1036 601 τῆς
1058 532 1194 603 πρὸς
1226 532 1391 587 αὑτὸν
1419 536 1687 606 ἑνότητος,
1731 553 1875 590 πνευι

1998 541 2103 597 hoc
2132 542 2357 600 induere
2379 545 2859 615 incorruptionem,
2891 556 2943 602 ct
2965 549 3190 605 mortale
3217 551 3317 605 hoc
3341 551 3566 609 induere

298 621 556 692 ματικῶς
590 637 651 673 τε
686 621 805 691 an:
839 623 934 675 καὶ
983 624 1314 693 σωματικῶς
1364 624 1740 697 ἁγιαζόμεθα,
1792 628 1888 682 καὶ

294 710 744 782 ζωοποιούμεθα.
797 732 816 763 ι
848 716 944 766 Δεῖ
975 714 1082 785 γὰρ
1109 714 1170 767 τὸ
1203 715 1442 787 φθαρτὸν
1470 717 1629 771 τοῦτο
1662 718 1890 773 ἐνδύσα-

300 807 429 860 σθαι
470 805 815 876 ἀφθαρσίαν,
866 808 963 861 καὶ
1008 808 1068 861 τὸ
1115 807 1309 878 θνητὸν
1357 808 1516 864 τοῦτο
1567 809 1889 867 ἐνδύσασθαι

302 897 632 951 ἀθανασίαν.
666 898 943 969 »Ἄμφιον
961 899 1019 953 δὲ
1048 898 1110 952 τὸ
1143 897 1204 965 ἐξ
1225 900 1458 972 οὐρανοῦ
1488 902 1581 955 καλ⁵
1610 900 1889 971 ἄφθαρτον

306 990 394 1042 καὶ
421 987 734 1053 ἀθανασίας
759 990 1123 1060 ὲμποιητικὸν
1148 992 1378 1059 γέγονεν
1406 994 1539 1063 ἡμῖν
1561 995 1590 1046 6
1610 993 1850 1064 Χριστός
1870 1008 1883 1021 ’

304 1082 392 1134 καὶ
428 1081 772 1134 πιστώσεται
806 1081 1036 1152 γράφων
1075 1084 1105 1134 6
1139 1082 1430 1153 ἱερώτατος
1472 1084 1683 1149 Παῦλος
1704 1100 1717 1114 ο
1756 1085 1886 1138 ποτὲ

298 1173 435 1244 μὲν,
487 1173 572 1225 ὅτι
632 1190 652 1223 ι
693 1172 1020 1226 Ἐνδύσασθε
1069 1175 1160 1227 τὸν
1206 1173 1413 1245 Κύριον
1462 1176 1620 1245 ἡμῶν
1680 1176 1885 1246 Ἰησοῦν

295 1265 537 1336 Χριστόν
558 1279 573 1293 ⁸
610 1282 631 1315 ι
665 1263 761 1318 ὁτὲ
789 1264 849 1317 δὲ
876 1260 969 1329 αὖ,
1003 1283 1024 1316 ‹
1062 1265 1218 1318 Ὅσοι
1246 1265 1357 1335 γὰρ
1386 1267 1466 1329 είς
1492 1266 1730 1337 Χριστὸν
1761 1266 1888 1320 ἐσα-

294 1355 591 1426 πτίσθητε,
626 1354 867 1425 Χριστὸν
898 1354 1241 1422 ἐνεδύσασθε,
1278 1377 1297 1407 ι
1324 1356 1415 1410 τὸν
1446 1356 1772 1429 θεοπρεπῶς
1796 1357 1884 1411 λέ-

291 1465 460 1517 γοντα
494 1447 593 1501 καὶ
624 1446 863 1517 ἀληθῶς·
902 1465 921 1499 ι
960 1448 1102 1517 Ἐγώ
1133 1450 1249 1519 είμι
1298 1450 1333 1519 ή
1364 1449 1662 1513 ἀνάστασις
1704 1449 1799 1504 ιιαι⁵
1848 1451 1882 1519 ἡ

284 1538 429 1609 ζωή.
466 1556 488 1590 ι
540 1537 688 1607 Πρὸς
720 1536 785 1608 δὴ
815 1537 884 1591 τὰ
917 1537 1099 1591 τοιάδε
1131 1537 1458 1600 καταδείσας
1489 1537 1660 1603 οὐδὲν,
1693 1537 1882 1608 βδελυ-

287 1631 551 1702 ρωτέραν
581 1629 668 1682 ἔτι
701 1613 802 1700 τὴν
831 1628 1148 1705 δυσφημίαν
1190 1628 1502 1697 ἀποφαίνει,
1529 1627 1842 1699 προστιθείς
1863 1645 1880 1659 ο

286 1724 593 1794 ΓΑκουσον
630 1720 707 1791 μὴ
736 1719 872 1790 ἐμοῦ
900 1719 1075 1773 ταῦτα
1099 1719 1369 1789 λέγοντος,
1405 1720 1543 1774 ἀλλὰ
1578 1718 1672 1773 τοῦ
1705 1736 1880 1790 μακα-

1994 631 2450 691 immortalitatem
2471 636 2514 688 ⁸.
2556 654 2578 690 ι
2626 633 3002 693 lndumentum
3036 650 3217 695 autem
3245 643 3311 696 de
3340 642 3478 697 caelo
3510 654 3568 700 et

1992 722 2402 796 iucorrnptibile
2429 735 2484 783 et
2515 728 2973 787 immortalitatem
3009 730 3248 789 efﬁciens
3275 733 3449 790 factus
3480 744 3568 791 est

1992 817 2146 872 nobis
2171 817 2451 885 Christus;
2484 821 2625 889 quod
2655 821 3003 878 beatissimus
3036 822 3236 878 Paulus
3258 825 3560 889 confirmat.

1990 921 2134 963 nunc
2155 910 2369 978 quidem
2393 911 2640 967 scribens
2673 929 2685 964 :
2721 930 2741 964 ι
2769 913 2977 969 induite
3006 913 3291 969 Dominum
3319 926 3562 971 nostrum

1986 994 2171 1052 Jesum
2213 998 2487 1055 Christum
2525 1002 2581 1067 ';
2627 1021 2647 1053 ι
2697 1019 2839 1058 nunc
2871 1018 3003 1059 vero
3048 1022 3063 1059 :
3105 1023 3125 1056 ι
3156 1005 3474 1075 Quicunque
3509 1007 3563 1060 in

1986 1085 2262 1144 Christum
2291 1091 2542 1160 baptizati
2572 1093 2731 1159 estis,
2755 1093 3033 1150 Christum
3074 1095 3326 1151 induistis
3351 1097 3412 1163 ";
3444 1116 3464 1150 ι
3498 1096 3565 1151 ιι-

1988 1178 2096 1234 lum
2129 1182 2221 1251 qui
2263 1182 2518 1240 divinitus
2543 1198 2780 1256 vereque
2816 1187 2989 1243 dicit:
3026 1206 3045 1239 ι
3081 1187 3192 1257 Ego
3222 1202 3342 1243 sum
3383 1202 3565 1244 resur-

1987 1271 2156 1327 rectio
2183 1281 2238 1329 et
2261 1274 2368 1330 vita
2393 1275 2436 1330 ⁸.
2474 1276 2591 1332 »Δὰ
2615 1278 2730 1333 haec
2758 1277 2891 1333 nihil
2909 1279 3144 1345 veritus,
3180 1279 3564 1335 exsecrabilio-

1985 1377 2099 1417 rem
2129 1364 2292 1420 etiam
2322 1366 2707 1437 blasphemiam
2737 1369 3004 1435 enuntiat,
3049 1370 3309 1441 adjiciens
3340 1390 3352 1425 :
3385 1370 3561 1444 [Audi

1985 1469 2090 1507 non
2124 1471 2207 1510 me
2228 1456 2341 1512 hazc
2374 1458 2666 1533 dicentem,
2699 1461 2793 1515 sed
2820 1461 3035 1516 beatum
3067 1460 3288 1515 Paulum
3323 1481 3338 1519 :
3371 1478 3389 1512 ι
3415 1459 3561 1528 Quo-

1987 1546 2299 1616 tiescunque
2352 1551 2744 1607 manducabitis
2786 1566 2979 1621 panem
3023 1552 3190 1617 hunc,
3229 1570 3247 1602 ι
3292 1550 3446 1619 cujus
3475 1561 3560 1607 est

1984 1634 2156 1704 ipsum
2185 1651 2378 1705 corpus
2403 1640 2723 1711 antitypum.
2750 1642 2868 1698 iam
2905 1643 3066 1714 igitur
3089 1642 3372 1698 videmnus
3402 1644 3558 1712 cujus

1981 1735 2063 1779 est
2081 1741 2278 1781 morsu
2303 1727 2744 1803 Quotiescunque
2760 1734 3170 1791 ‘manducabitis
3183 1749 3377 1805 panem
3391 1734 3556 1801 hunc,

293 1815 411 1885 ρίου
460 1812 711 1866 Παύλου·
769 1830 788 1864 ι
829 1812 1053 1875 Ὁσάκις
1098 1812 1144 1865 δ’
1188 1812 1256 1866 ἂν
1308 1811 1529 1881 ἐσθίητε
1574 1811 1665 1865 τὸν
1712 1812 1875 1883 ἄρτον

1981 1825 2037 1868 et
2068 1816 2292 1872 calicem
2326 1819 2470 1875 hunc
2497 1821 2720 1889 hibetis,
2745 1832 2974 1879 mortem
3018 1823 3230 1880 Domini
3260 1824 3556 1880 annuntia-

296 1875 502 1968 τοῦτον,
534 1923 556 1955 ι
604 1896 670 1956 οὗ
718 1905 839 1956 ἐστι
884 1904 946 1956 τὸ
976 1903 1137 1973 σῶμα
1167 1875 1475 1957 ἀντίτυπον..
1512 1875 1875 1973 ’Ἱδωμενόὖν

1987 1904 2112 1958 bitis
2143 1925 2156 1961 :
2190 1926 2210 1959 ι
2236 1909 2360 1963 audi
2386 1875 2633 1966 etiamin
2652 1875 3558 1985 Βὸῆξο

294 1996 404 2049 ἀῶ
441 1995 639 2048 τούτου
687 1996 834 2055 τίνος
863 1995 892 2046 6
935 1992 1184 2057 θάνατος.
1234 2012 1254 2044 ι
1295 1993 1517 2056 ὐσάκις
1549 1993 1615 2047 ἂν
1659 1992 1877 2064 ἐσθίητε

299 2091 388 2143 τὸν
414 2090 580 2160 ἄρτον
600 2086 814 2151 τοῦτον,
846 2084 1026 2138 καὶτὸ
1060 2087 1318 2154 ποτήριον
1349 2084 1508 2138 τοῦτο
1538 2084 1751 2156 πίνητε,
1786 2088 1879 2139 τὸν

302 2181 531 2235 θάνατον
556 2179 653 2232 τοῦ
682 2177 893 2249 Κυρίου
923 2176 1323 2245 καταγγέλλετε
1344 2194 1358 2209 ο
1395 2196 1414 2228 ι
1447 2176 1680 2231 ἄκουσον
1703 2177 1798 2232 καὶ
1820 2179 1878 2229 ὲν

308 2274 421 2333 τοῖς
458 2270 647 2341 ἑφεξῆς
694 2268 1113 2339 φανερώτερον,
1162 2286 1183 2320 ι
1216 2270 1409 2340 ’Δχρις
1440 2262 1502 2321 οὖ
1536 2270 1684 2339 ἔλθη.
1722 2288 1741 2320 ι
1783 2270 1878 2333 Τίς

306 2356 406 2414 οὖν
434 2362 463 2413 6
487 2361 809 2431 ἐρχόμενοςς
850 2377 871 2411 ι
907 2361 1169 2430 Ὄψονται
1195 2359 1288 2412 τὸν
1317 2359 1442 2412 Υίὸν
1466 2359 1560 2412 τοῦ
1587 2358 1876 2430 ἀνθρώπου

300 2453 595 2523 ἐρχόμενον
627 2454 723 2507 ἐπὶ
747 2453 860 2505 τῶν
891 2452 1132 2522 νεφελῶν
1153 2449 1249 2504 τοῦ
1277 2449 1509 2522 οὐρανοῦ
1555 2451 1694 2521 μετά
1720 2448 1878 2521 δόξης

292 2543 535 2614 πολλῆςο
578 2563 598 2594 ι
633 2544 731 2596 καὶ
768 2543 831 2596 τὸ
871 2543 935 2614 δὴ
971 2541 1180 2613 μεῖζον,
1233 2543 1263 2594 6
1303 2543 1587 2614 προφήτης
1627 2541 1733 2611 πρὸ
1765 2539 1877 2593 τῶν

283 2633 609 2688 ἀποστόλων
643 2634 980 2704 σαφέστερον
1004 2634 1096 2687 τὸν
1123 2633 1419 2705 ἐρχόμενον
1462 2632 1706 2687 δείκνυσι
1732 2671 1748 2695 ,
1780 2629 1877 2685 καὶ⁵

279 2727 536 2798 κέκραγε
563 2728 696 2797 περὶ
731 2726 1007 2781 Ἰουδαίων
1043 2726 1180 2797 βοῶν
1200 2744 1214 2756 ’
1248 2746 1267 2779 ι
1302 2726 1562 2797 Ὄψονται
1592 2727 1672 2789 είς
1697 2724 1756 2779 δν
1784 2723 1874 2789 ἐξ·

274 2820 617 2891 εκέντησαν.
653 2838 674 2871 ι
712 2819 811 2882 Τίς
854 2817 948 2874 οὖν
978 2822 1127 2874 ἐστιν
1153 2823 1181 2875 6
1215 2820 1531 2891 κεντηθείς;
1565 2822 1600 2891 ή
1629 2819 1872 2892 πλευρά⁶

280 2911 503 2982 πλευρὰ
536 2911 595 2964 δὲ
626 2910 901 2982 σώματος,
930 2913 992 2966 οὐ
1018 2912 1271 2987 θεότητος
1300 2912 1483 2985 ὲστι.]
1512 2913 1731 2986 Σμικρὰ
1760 2930 1875 2968 τοι·

281 3002 517 3073 γαροῦν,
554 3003 636 3066 ὡς
684 3002 843 3075 ἔφην,
872 3004 973 3074 τῆς
1001 3005 1340 3076 ἀναιμάκτου
1387 3005 1574 3069 θυσίας
1600 3007 1635 3076 η
1666 3005 1871 3075 ὄνησις,

284 3097 369 3150 ὅτι
395 3097 547 3166 τάχα
572 3111 680 3148 που
711 3094 788 3167 μὴ
821 3097 1048 3164 γέγονεν
1077 3097 1301 3167 ἐφικτὸν
1319 3095 1455 3167 ὁμοῦ
1486 3099 1553 3167 τῇ
1586 3097 1754 3167 σαρκὶ
1780 3097 1876 3150 καὶ⁹

281 3194 384 3263 τὴν
428 3193 531 3257 τῆς
574 3181 829 3263 θεότητος
877 3190 1222 3245 δαπανᾶσθαι
1274 3191 1467 3261 φύσιν·
1519 3191 1602 3243 ὅτι
1648 3190 1722 3261 μή
1765 3189 1874 3245 τῶν

276 3285 595 3355 ἀμηχάνων
619 3283 1068 3355 κεκρατήκαμεν,
1094 3282 1312 3338 ἐδεστὸν
1338 3282 1552 3353 ἔχοντες
1585 3281 1791 3354 γυμνὸν
1813 3282 1875 3336 τὺ

274 3376 609 3447 ἀσώματον.
652 3375 1040 3446 Ἐπιλελῆσθαι
1085 3374 1144 3428 δέ
1197 3393 1287 3446 μοι
1310 3374 1513 3440 δοκεῖς,
1549 3375 1626 3439 ὡς
1671 3375 1875 3446 ἥκιστα

281 3470 385 3539 μὲν
434 3466 697 3537 θεότητος
732 3465 895 3535 φύσις
923 3468 1043 3520 ἐστὶ
1071 3466 1133 3519 τὸ
1165 3465 1529 3537 προκείμενον
1578 3466 1636 3518 ὲν
1686 3464 1875 3533 ἁγίαις

276 3557 595 3627 τραπέζαις
624 3555 986 3627 Ἐκκλησιῶν,
1005 3554 1144 3626 πλὴν
1175 3555 1306 3609 ἴδιον
1331 3553 1490 3625 σῶμα
1517 3553 1612 3607 τοῦ
1634 3555 1701 3607 ὲκ
1734 3552 1872 3607 Θεοῦ

276 3648 504 3716 Βατρὺς
558 3646 762 3714 φύντος
801 3645 999 3712 Λόγου,
1029 3643 1162 3708 Θεὸς
1184 3644 1242 3697 δὲ
1268 3645 1430 3713 φύσει
1478 3645 1572 3697 καὶ
1600 3643 1816 3715 ἀληθῶς
1844 3646 1873 3698 6

275 3736 484 3805 Λόγος.
510 3735 583 3787 Τί
610 3735 795 3788 τοίνυν
827 3734 1075 3797 ἃπαντας
1103 3734 1218 3807 μον.
1249 3718 1492 3807 ἅπαντα]
1513 3737 1754 3805 συγχεῖς,
1778 3736 1873 3788 καὶ⁸

275 3828 568 3890 ἀσυνέτως
592 3826 888 3896 διακυκᾷς,
913 3826 1008 3879 τὸν
1038 3826 1202 3897 ἄρτον
1235 3826 1368 3896 ἡμῖν
1394 3825 1487 3878 τὸν
1524 3826 1585 3889 ἐξ
1617 3824 1870 3896 οὐρανοῦ,

277 3919 378 3972 καὶ
406 3918 562 3990 ζωὴν
590 3917 802 3970 διδόντα
828 3916 909 3987 τῷ
936 3917 1131 3988 κόσμῳ
1154 3916 1439 3987 μονονουχὶ
1466 3916 1558 3970 καὶ
1578 3915 1869 3985 διαγελῶν,

281 4011 363 4063 ὅτι
395 4011 475 4079 μὴ
509 4009 712 4079 θεότης
732 4008 1051 4079 ὠνόμασται
1076 4008 1166 4061 διὰ
1191 4007 1292 4078 τῆς
1322 4007 1429 4061 τῶν
1456 4006 1735 4087 θεηγόρων
1759 4024 1875 4076 φωσ-

291 4100 405 4169 νῆς,
428 4100 598 4171 σῶμα
618 4100 680 4153 δὲ
717 4100 920 4169 μᾶλλον
949 4099 1044 4152 τοῦ
1075 4098 1143 4152 δι’
1178 4101 1329 4170 ἡμᾶς
1361 4098 1868 4170 ἐνηνθρωπηκότος,

291 4194 585 4257 τουτέστιν,
629 4190 726 4244 τοῦ
775 4193 842 4243 ὲκ
888 4189 1027 4243 Θεοῦ
1082 4190 1297 4260 Πατρδς
1345 4189 1557 4259 Λόγους
1611 4189 1777 4260 Σῶμα
1813 4190 1871 4244 δὲ

285 4282 621 4336 Δεσποτικὸν
648 4280 879 4336 ἀνθότου
906 4282 994 4352 δὴ,
1024 4281 1254 4353 φράσον,
1284 4279 1574 4351 ὀνομάζεις
1616 4279 1785 4347 ὅλως,
1822 4282 1871 4334 εἰ

285 4374 359 4444 μὴ
395 4374 543 4427 θεῖον
572 4368 737 4426 οἶσθα
782 4372 877 4425 καὶ
919 4371 1077 4426 Θεοῦ.
1146 4371 1319 4425 Δοῦλα
1359 4372 1469 4441 γὰρ
1507 4371 1725 4425 ἅπαντα
1771 4367 1869 4423 τοῦ

278 4465 673 4536 πεποιηκότος.
716 4462 876 4515 Ἀλλὰ
904 4461 1014 4533 γὰρ
1033 4461 1133 4515 οὐκ
1163 4461 1339 4533 ὀρθῶς
1362 4461 1476 4533 ἔχει
1507 4477 1592 4513 σοι
1628 4460 1700 4515 τὰ
1726 4459 1870 4514 κατὰ

1983 1992 2184 2049 veniat.
2215 2015 2236 2048 ι
2269 1998 2400 2065 Quis
2431 2011 2613 2058 autem
2654 2004 2842 2059 venit?
2874 2022 2894 2057 ι
2924 2005 3191 2061 Videbunt
3221 2005 3417 2061 Filium
3456 2007 3556 2062 bo-

1986 2086 2148 2142 minis
2199 2091 2506 2146 venientem
2566 2094 2621 2148 in
2674 2096 2910 2151 nubibus
2961 2096 3081 2152 coeli
3141 2112 3262 2152 cum
3308 2097 3556 2153 claritate

1986 2190 2177 2246 magna
2211 2197 2226 2233 :
2262 2198 2281 2231 ι
2313 2190 2390 2245 et,
2438 2185 2582 2253 quod
2618 2184 2793 2255 majus
2820 2195 2923 2250 est,
2956 2194 3082 2243 ante
3114 2187 3384 2258 apostolos
3430 2203 3557 2258 pro-

1985 2266 2146 2333 pheta
2178 2269 2515 2327 tnaniiestius
2543 2274 2848 2330 venientem
2871 2276 3131 2342 ostendit,
3163 2286 3218 2333 et
3247 2277 3464 2343 clamat,
3489 2278 3556 2333 de

1982 2352 2183 2412 Judaeis
2202 2359 2389 2417 dicens
2414 2379 2429 2416 :
2465 2380 2485 2415 ι
2519 2362 2790 2421 Videbunt
2812 2367 2864 2422 in
2889 2362 3551 2438 quem‘cnmpunxerunta

1984 2441 2263 2510 Quodnam
2296 2449 2463 2520 igitur
2494 2453 2623 2508 illud
2656 2465 3038 2525 compunctum
3075 2457 3203 2514 est?
3232 2457 3435 2515 Latus:
3474 2458 3556 2513 la-

1986 2544 2070 2593 tus
2090 2552 2220 2595 vero
2243 2544 2489 2613 corporis
2503 2556 2608 2610 est,
2626 2561 2731 2602 non
2766 2549 3114 2622 divinitatis.]
3135 2550 3342 2622 Exigua
3365 2560 3446 2607 est
3459 2550 3556 2621 igi-

1986 2637 2092 2695 tur,
2127 2631 2288 2703 116
2310 2644 2367 2689 ut
2392 2636 2522 2702 dixi,
2542 2637 2842 2696 incruentas
2857 2641 3050 2698 hostia:
3063 2643 3290 2712 utilitas,
3310 2645 3437 2715 quia
3471 2646 3561 2699 ni-

1984 2721 2181 2777 mirum
2207 2723 2288 2778 fns
2319 2740 2424 2781 non
2447 2738 2529 2782 est
2557 2736 2616 2783 ut
2638 2730 2803 2785 simul
2831 2745 2953 2787 cum
2981 2748 3144 2790 carne
3171 2736 3331 2791 etiam
3360 2737 3559 2792 divini-

1985 2810 2113 2865 tatis
2158 2821 2356 2869 natura
2389 2826 2969 2889 consumaturmeque
3002 2835 3066 2877 ea
3103 2823 3411 2881 obtinemus
3437 2841 3557 2896 qua!
3653 2888 3661 2895 ,

1982 2910 2109 2957 sunt
2152 2902 2529 2974 impossibilia,
2565 2918 2623 2963 ut
2654 2911 2768 2979 ipsa
2812 2911 3131 2981 incorporea
3173 2926 3367 2970 natura
3411 2918 3557 2972 nuda

1981 3006 2283 3049 vescamur.
2331 2996 2438 3052 Sed
2478 2997 2678 3054 oblitus
2727 3000 2859 3055 mihi
2892 3002 3087 3058 videris
3127 3004 3268 3058 haud
3307 3014 3575 3061 naturam

1981 3085 2283 3142 divinitatis
2342 3088 2396 3142 id
2440 3102 2563 3144 esse
2615 3089 2765 3160 quod
2827 3092 2879 3145 in
2927 3094 3132 3148 sanctis
3186 3093 3553 3152 Ecclesiarum

1901 3221 1949 3285 ο
1980 3177 2180 3233 mensis
2210 3180 2548 3249 proponitur,
2585 3182 2678 3236 sed
2730 3184 3007 3252 proprium
3049 3199 3247 3255 corpus
3281 3187 3442 3243 Verbi
3485 3203 3553 3244 ex

1978 3267 2140 3325 Patre
2169 3272 2358 3341 geniti,
2390 3274 2533 3341 quod
2567 3270 2801 3327 Verbum
2824 3288 2892 3328 ex
2921 3284 3113 3331 natura
3158 3287 3213 3331 et
3248 3292 3377 3334 vere
3406 3279 3547 3334 Deus

1973 3372 2080 3419 est.
2134 3362 2244 3418 Cur
2287 3365 2455 3435 igitur
2498 3365 2678 3420 omnia
2714 3367 3023 3435 confundis,
3075 3368 3553 3444 imprudenterque

1970 3455 2288 3521 permisces,
2316 3469 2511 3524 panem
2560 3455 2712 3511 illum
2745 3457 2812 3513 de
2855 3457 3016 3524 caelo,
3046 3468 3104 3514 et
3136 3460 3303 3516 vitam
3351 3466 3551 3520 mundo

1973 3546 2189 3602 dantem
2227 3549 2614 3618 propemodum
2648 3548 2813 3603 etiam
2855 3544 3126 3618 deridens,
3165 3556 3307 3623 quod
3343 3557 3552 3612 theolo-

1973 3653 2160 3709 gorum
2190 3655 2325 3695 voce
2354 3655 2461 3695 non
2495 3640 2567 3696 sit
2594 3640 2849 3697 divinitas
2876 3655 3272 3713 nuncupatum,
3308 3650 3403 3703 sed
3431 3664 3555 3704 cor-

1972 3743 2073 3797 pus
2099 3730 2284 3800 potius
2323 3731 2468 3786 illius
2497 3734 2589 3802 qui
2627 3742 2849 3803 propter
2895 3749 2993 3790 nos
3030 3746 3114 3791 est
3157 3738 3318 3793 homo
3352 3738 3550 3809 factus,

1973 3816 2078 3873 hoc
2105 3826 2210 3883 est,
2236 3820 2382 3875 illius
2403 3836 2469 3874 ex
2494 3822 2654 3894 Patre
2681 3823 2884 3877 Verbi?
2906 3822 3023 3878 Jam
3058 3840 3189 3882 vero
3219 3828 3369 3883 dicas
3390 3830 3551 3886 velim

1972 3921 2135 3977 quam
2169 3910 2238 3963 ob
2264 3923 2482 3965 causam
2511 3910 2733 3965 omnino
2764 3926 2967 3982 corpus
3003 3913 3340 3971 Dominicum
3359 3933 3548 3986 vocas,

1972 4000 2019 4054 si
2055 4014 2160 4053 non
2188 4000 2428 4054 divinum
2456 4015 2578 4055 esse
2607 4001 2768 4068 nosti,
2806 4017 2871 4057 ac
2900 4003 3070 4073 ipsius
3103 4005 3230 4073 Dei;
3268 4024 3393 4064 nam
3431 4024 3550 4066 ser-

1970 4092 2127 4146 viunt
2150 4091 2368 4160 quidem
2388 4091 2567 4145 omnia
2594 4091 2935 4149 Conditori’.
2962 4093 3068 4150 Sed
3094 4097 3238 4152 enim
3270 4113 3374 4153 non
3404 4109 3551 4156 recte

1971 4183 2175 4239 habent
2210 4197 2333 4254 qua:
2381 4184 2437 4238 in
2474 4183 2657 4238 animo
2686 4199 2894 4253 versas,
2923 4198 2980 4244 et
3017 4188 3194 4259 ipsum
3236 4190 3552 4249 Emmanuel

1972 4271 2247 4328 hominem
2278 4287 2402 4328 esse
2422 4272 2695 4329 Deiferum
2717 4289 2943 4344 prorsus
2967 4279 3168 4334 credis.
3198 4270 3400 4338 Deinde
3427 4298 3552 4339 sen-

1973 4363 2160 4419 tentiis
2187 4378 2253 4419 ac
2289 4364 2495 4428 verbis,
2534 4377 2655 4433 quae
2694 4379 2816 4421 cum
2860 4367 3062 4437 pietate
3089 4369 3375 4439 conjuncta
3399 4383 3547 4441 sunt,

1971 4454 2196 4510 omnino
2235 4455 2518 4525 neglectis,
2571 4455 2720 4510 illum
2768 4458 3012 4515 veritatis
3053 4476 3270 4517 sacrum
3314 4464 3550 4520 admini-

273 4557 367 4610 τὸν
397 4554 555 4618 νοῦν,
603 4553 891 4624 ἄνθρωπον
925 4552 983 4605 δὲ
1019 4547 1156 4605 εῖναι
1188 4552 1564 4614 πεπίστευκας
1609 4550 1869 4622 θεοφόρον

1977 4556 2147 4604 strum
2165 4546 2300 4619 (30),
2318 4547 2468 4603 illum
2491 4547 2790 4619 sapientem
2815 4551 3168 4608 architectum
3190 4562 3247 4608 et
3271 4554 3549 4611 doctorem

274 4646 468 4710 ἁπλῶς
496 4646 593 4699 τὸν
634 4642 1008 4716 Ἐμμανουήλ.
1036 4638 1170 4697 Εἶτα
1199 4642 1311 4697 τῶν
1337 4644 1419 4706 είς
1460 4641 1744 4695 εὐσέϐειαν
1780 4642 1871 4694 ὲν-

278 4739 438 4791 νοιῶν
486 4753 549 4789 τε
584 4736 684 4789 καὶ
731 4735 908 4803 λόγων
941 4735 1241 4806 ἀφειδήσας
1295 4733 1596 4803 παντελῶς,
1639 4736 1735 4789 τὸν
1769 4734 1870 4806 τῆς

275 4827 540 4898 ἀληθείας
571 4826 882 4897 ίερουργὸν,
919 4825 1023 4880 τὸν·
1060 4825 1222 4895 σοφὸν
1267 4825 1624 4897 ἀρχιτέκτονα
1661 4825 1757 4879 καὶ
1791 4824 1870 4878 δι-

273 4921 554 4976 δάσκαλον
583 4918 700 4972 τῶν
729 4917 923 4984 ἐθνῶν,
939 4917 1032 4971 τὺν
1065 4918 1209 4990 ἱερὸν
1229 4917 1449 4989 ἀληθῶς
1470 4917 1566 4971 καὶ
1590 4916 1866 4987 πάνσοφον

273 5013 495 5067 Παῦλον
569 5010 797 5066 ἔσεσθαί
859 5018 943 5063 σοι
1017 5010 1370 5082 συλλήπτορα
1438 5010 1868 5080 συκοφαντοῦντι

273 5107 614 5178 προσδοκᾷς,
644 5105 747 5174 τῆς
774 5106 856 5167 είς
885 5103 1015 5157 εὐθὺ
1044 5106 1140 5158 καὶ
1163 5103 1546 5173 δοκιμωτὰτης
1575 5104 1868 5174 ἀποφέρων

264 5199 412 5264 ὀδοῦ,
449 5198 567 5251 τῶν
597 5195 781 5266 ὀρθῶς
812 5212 875 5248 τε
920 5195 1012 5249 καὶ
1047 5192 1354 5265 ἀκιὸδήλως
1395 5194 1700 5264 εἰρημένων
1736 5197 1865 5263 παρ’

266 5292 437 5347 αὑτοῦ
464 5291 572 5361 τὴν
601 5287 859 5357 δύναμιν.
890 5286 1118 5357 Ἴδωμεν
1157 5286 1299 5358 γὰρ,
1328 5285 1514 5355 φησὶν,
1543 5285 1651 5338 ἀπὸ
1674 5285 1864 5337 τούτου

1973 4638 2239 4709 gentium,
2264 4653 2480 4694 sacrum
2510 4653 2701 4695 revera
2733 4649 2791 4694 et
2824 4630 3282 4709 sapientissimum
3319 4644 3548 4702 Paulum

1974 4727 2069 4783 tibi
2113 4727 2468 4783 calumnianti
2496 4727 2636 4792 fore,
2661 4729 3037 4785 auxiliatorem
3071 4740 3250 4801 putas,
3282 4735 3409 4789 dum
3436 4736 3548 4791 vim

1970 4833 2158 4874 eorum
2182 4833 2303 4889 qua:
2324 4828 2451 4875 sunt
2468 4819 2536 4873 ab
2556 4833 2624 4874 eo
2650 4827 2796 4876 recte
2815 4821 3136 4892 sincereque
3151 4822 3320 4891 dicta,
3337 4840 3368 4879 a
3396 4836 3550 4884 recta

1971 4918 2307 4986 probataque
2326 4916 2410 4971 via
2428 4916 2737 4986 detorques.
2760 4918 3047 4974 Videamus
3065 4920 3236 4987 enim,
3264 4922 3467 4993 inquit;
3482 4940 3548 4980 ex

1974 5008 2100 5072 hoc,
2134 5007 2291 5078 cujus
2320 5006 2393 5062 sit
2434 5021 2581 5061 mors
2610 5024 2623 5060 :
2655 5026 2674 5058 ι
2713 5007 2896 5064 Donec
2924 5009 3143 5079 veniat;
3186 5030 3206 5064 ι
3231 5016 3357 5083 quis
3385 5028 3549 5083 porro

1974 5108 2058 5153 est
2080 5100 2172 5167 qui
2202 5098 2389 5152 venit!
2417 5095 2718 5153 «Videbunt
2749 5099 2801 5154 in
2835 5115 2997 5171 quem
3028 5114 3480 5173 compunxerunt.
3519 5123 3540 5156 ι

1975 5189 2168 5246 Veniet
2193 5190 2355 5257 igitur
2380 5189 2426 5244 is
2449 5190 2539 5259 qui
2569 5204 2636 5244 ex
2663 5175 2897 5246 huniana
2940 5192 3250 5249 conditione
3288 5193 3548 5249 sustinuit

1977 5289 2229 5344 mortem,
2246 5289 2302 5333 et
2319 5279 2577 5335 divinitus
2602 5282 2920 5347 resurrexit,
2944 5282 3038 5352 qui
3060 5282 3113 5337 in
3142 5283 3338 5339 caelum
3360 5282 3543 5347 rediit,

339 5449 364 5482 '
398 5448 585 5503 [Cr—rt.
613 5461 706 5510 xv,
734 5444 827 5500 55.
904 5445 927 5476 ⁸
956 5443 1115 5497 Rom.
1152 5455 1276 5507 xttt,
1306 5441 1394 5496 14.
1471 5442 1492 5472 ’⁷
1549 5441 1725 5496 Galnt.
1758 5457 1842 5502 ιιι.
1873 5450 1875 5464 ‘

2041 5438 2236 5494 ‘Joan.
2279 5456 2354 5495 xi.
2392 5439 2483 5492 25.
2558 5442 2579 5473 ’
2613 5439 2754 5495 Psal.
2779 5455 2965 5504 cxvttl,
2994 5439 3086 5495 91.

1543 5593 1703 5648 ΑΝΤ.
1742 5590 2013 5648 AGELLII
2052 5590 2143 5645 ΝΟ
2154 5591 2282 5647 ΠΕ.

335 5738 451 5813 (39)
494 5736 986 5813 Veritatis-sacrum
1012 5729 1567 5813 adrninistf‘umaNam
1600 5732 1652 5785 in
1675 5741 1858 5813 extre-

271 5802 358 5865 ma
384 5802 636 5879 Epistola
658 5805 725 5857 ad
758 5802 1059 5864 Romanos,
1086 5802 1515 5857 sanctiﬁcantem
1562 5816 1658 5857 seu
1687 5802 1856 5858 sacri-

608 5897 888 5958 Parnm.
935 5892 1030 5954 Gs
1043 5937 1057 5952 .
1111 5893 1384 5953 LXXVI.

1967 5731 2218 5806 ﬁcantem
2252 5732 2599 5806 Evapgelinm
2614 5746 2692 5806 3e
2731 5731 2903 5806 ipsum
2938 5731 3076 5789 dixit
3103 5731 3416 5802 Apostolus.
3441 5731 3544 5806 hoc

1961 5810 2065 5868 est,
2099 5798 2484 5872 ἱερουργοῦντα
2518 5800 2575 5853 τὸ
2614 5798 2964 5868 Εὐαγγέλιον.

3151 5892 3183 5952 7
