4080 6414
511 393 614 449 205

1543 394 1596 446 S.
1642 392 1905 447 CVBIIJJ
1947 390 2415 446 ALEXANDIHM
2457 391 2774 450 AHCIIIEP.

3667 394 3774 453 206

513 509 602 574 qui
625 507 784 561 etiam
812 504 1099 559 inen‘abilis
1121 504 1342 561 deitatis
1364 517 1590 577 augusta
1622 507 1916 561 decoratur
1938 507 2082 569 sede.

2194 508 2340 569 τίνος
2375 509 2402 560 6
2436 508 2687 570 θάνατος.
2738 527 2754 558 ι
2790 511 2982 580 Ἀχρις
3013 504 3074 563 οῦ
3118 510 3268 584 ἔλθῃ.
3308 531 3327 564 ι
3359 513 3452 576 Τίς
3476 513 3532 566 δέ
3561 517 3708 567 ἐστιν
3744 516 3775 566 6

509 610 561 653 et
611 615 730 653 cum
781 597 941 651 Patre
983 597 1253 664 considet,
1300 598 1783 655 circumstantibus
1830 598 2084 652 nimirum

509 691 890 759 Seraphim,et
918 690 1188 758 supremis
1243 691 1351 746 illis
1399 689 1722 755 Virtutibus,
1779 703 2085 744 mensuram

506 799 618 840 suae
648 783 948 844 servitutis,
981 798 1085 851 qua
1119 782 1190 836 illi
1227 782 1614 850 subjectisunt,
1651 795 1754 834 non
1792 779 2089 850 ignoranti-

509 877 628 941 bus,
662 876 914 956 omnibus
939 875 1102 927 etiam
1140 873 1504 928 Potestatibus
1533 871 1680 925 illum
1713 871 2082 934 adorantibus,

513 966 813 1020 Virtutibus
860 965 1024 1018 etiam
1075 981 1136 1018 ne
1184 963 1645 1018 Dominationibus
1687 980 1702 1016 :
1753 981 1771 1014 ι
1810 963 1907 1029 ipsi
1940 962 2084 1016 enim

505 1074 667 1111 omne
685 1072 822 1125 genu
843 1055 1109 1119 ﬂectetur,
1125 1057 1366 1109 etotnnis
1384 1055 1558 1122 lingua
1577 1053 1939 1118 conﬁtebitur,
1959 1055 2086 1123 quia

510 1150 767 1202 Dominus
799 1147 977 1211 Jesus,
1007 1146 1057 1198 in
1084 1146 1304 1214 gloriam
1332 1146 1423 1199 Dei
1447 1145 1622 1200 Patris
1652 1145 1724 1211 ‘°;
1753 1163 1770 1196 ι
1805 1154 1860 1198 et
1886 1145 2083 1209 veniet,

507 1249 565 1291 ut
599 1239 733 1301 dixi,
766 1252 869 1289 non
901 1238 951 1288 in
987 1245 1167 1288 nostra
1197 1235 1500 1289 humilitate
1528 1244 1877 1303 conspectus,
1909 1233 2002 1288 sed
2033 1234 2084 1286 in

505 1330 672 1400 gloria
700 1327 1021 1390 divinitatis,
1057 1326 1194 1380 coelo
1254 1326 1574 1393 superisque
1630 1323 1916 1392 Spiritibus
1962 1338 2084 1378 eum

503 1417 848 1486 stipantibus,
879 1425 932 1468 et
957 1415 1054 1484 ipsi
1084 1424 1139 1466 ut
1168 1416 1297 1478 Deo,
1343 1430 1404 1467 ac
1437 1413 1593 1482 Regi,
1631 1423 1684 1466 et
1709 1415 2085 1468 universorum

505 1510 733 1564 Domino
780 1507 1176 1562 assistentibus.
1230 1505 1286 1560 Si
1344 1506 1509 1576 igitur
1543 1522 1646 1560 non
1693 1507 1858 1560 estin
1901 1521 2084 1569 carne,

506 1606 608 1657 hoc
640 1611 744 1665 est,
775 1617 880 1655 non
916 1601 1076 1653 homo
1109 1599 1310 1654 factum
1353 1609 1436 1654 est
1483 1599 1574 1654 Dei
1609 1598 1789 1653 Patris
1825 1599 2088 1663 Verbum,

505 1693 598 1749 sed
663 1694 823 1747 homo
879 1691 1093 1755 Deifer,
1162 1690 1303 1744 latus
1357 1705 1675 1759 corporeum
1736 1691 1978 1755 habens,
2034 1700 2089 1744 et

509 1784 666 1854 117
723 1783 1198 1852 compunctionem
1245 1781 1431 1837 lateris
1464 1798 1675 1851 passus,
1720 1787 1990 1853 quomodo
2034 1785 2087 1838 in

2192 599 2518 668 ἐρχόμενος;
2559 619 2575 649 ι
2618 602 2877 668 Ὄψονται
2909 602 2988 664 εἰς
3033 603 3090 655 ὃν
3141 603 3521 675 ἐξεκέντησαν.
3561 624 3578 656 ι
3616 605 3777 669 Ἥξει

2190 693 2392 756 τοίνυν,
2441 696 2470 744 6
2517 692 2802 755 πεπονθὼς
2841 694 2939 762 μὲν
2979 694 3070 746 τὸν
3120 695 3349 748 θάνατον
3392 697 3775 767 ἀνθρωπίνως,

2192 783 2560 853 ἐγηγερμένος
2595 784 2651 836 δὲ
2683 783 2877 846 Θεῖκῶς
2898 802 2910 814 ·
2955 786 3324 855 άναφοιτήσας
3353 786 3409 840 δὲ
3445 789 3538 840 καὶ
3573 791 3652 850 εἱς
3679 790 3777 840 οὑ-

2195 875 2393 942 ρανοὺς
2416 915 2428 935 ,
2453 873 2510 936 ὃς
2549 877 2640 926 καὶ
2669 876 2781 935 τοῖς
2805 873 2906 943 τῆς
2933 876 3177 945 ὰρῤήτου
3203 875 3458 946 θεότητος
3486 877 3779 948 ἐναϐρύνε-

2191 980 2280 1016 ται
2309 961 2525 1026 Θώκοις,
2564 965 2656 1015 καὶ
2690 964 2999 1033 συνεδρεύει
3033 963 3112 1034 τῷ
3147 965 3348 1034 Πατρὶ,
3387 964 3778 1034 περιεστώτων

2192 1056 2249 1108 ὲν
2282 1055 2466 1125 κύκλῳ
2497 1056 2739 1125 δηλονότι
2769 1057 2877 1109 τῶν
2904 1057 3156 1127 Σεραφὶμ
3181 1099 3194 1123 ,
3230 1058 3322 1109 καὶ
3370 1057 3479 1110 τῶν
3509 1059 3778 1111 ἀνωτάτω

2190 1145 2504 1212 Δυνάμεων,
2534 1145 2633 1196 οὐκ
2653 1144 2962 1212 άγνοουσῶν
2985 1143 3085 1212 τῆς
3117 1143 3207 1196 ὑπ’
3241 1143 3421 1195 αὐτῶν
3444 1142 3686 1205 δουλείας
3714 1142 3780 1193 τὸ

2194 1236 2415 1304 μέτρον·
2441 1235 2852 1306 προσκυνούσης
2877 1253 2933 1288 τε
2962 1235 3111 1305 αὺτῴ
3139 1236 3233 1290 καὶ
3250 1235 3525 1299 Ἐξουσίας
3551 1235 3780 1299 ἁπάσης

2191 1327 2483 1396 Δυνάμεώς
2523 1343 2582 1378 τε
2618 1328 2712 1379 καὶ
2762 1327 3134 1397 κυριότητοςο
3177 1346 3194 1377 t
3235 1326 3446 1396 κάμψει
3480 1327 3588 1395 γάρ
3620 1323 3778 1394 αὐτῷ

2193 1421 2300 1471 πᾶν
2339 1417 2489 1485 γόνυ,
2548 1417 2643 1470 καὶ
2691 1419 2840 1470 πάσα
2880 1417 3103 1484 γλῶσσα
3155 1417 3646 1492 ἐξομολογήσεται,
3687 1417 3778 1468 ὅτι

2193 1513 2398 1582 Κύριος
2414 1509 2639 1581 Ἰησοῦς,
2665 1513 2745 1573 είς
2773 1510 2930 1575 δόξαν
2958 1509 3093 1562 Θεοῦ
3117 1508 3558 1580 Πατρός.›⁹Ἠξει
3582 1507 3660 1571 δὲ,
3696 1509 3777 1570 ὡς

2192 1602 2350 1673 ἔφην,
2377 1604 2475 1655 οὐκ
2503 1602 2559 1654 ἔν
2586 1620 2648 1670 γε
2674 1605 2740 1672 τῇ
2775 1601 2896 1654 καθ’
2934 1604 3082 1671 ἡμᾶς
3118 1601 3564 1671 σμικροπρεπείᾳ
3591 1600 3779 1669 φαινό-

2197 1712 2375 1766 μενος,
2408 1695 2466 1746 ὲν
2507 1694 2728 1764 εὐκλείᾳ
2756 1693 2811 1746 δὲ
2855 1693 3056 1762 μᾶλλον
3086 1696 3152 1764 τῇ
3184 1692 3658 1764 θεοπρεπεστάτῃ,
3685 1691 3779 1742 δο-

2196 1786 2559 1857 ρυφοροῦντος
2592 1785 2826 1855 οὐρανοῦ
2861 1785 2954 1838 καὶ
3000 1785 3110 1838 τῶν
3160 1786 3271 1840 άνω
3325 1784 3646 1854 πνευμάτων
3694 1783 3777 1845 ὡς

505 1880 632 1933 sede
675 1889 942 1944 suprema:
996 1873 1296 1929 divinitatis
1341 1873 1696 1942 conspicitur,
1729 1873 1877 1928 velut
1925 1890 2082 1942 quar-

2190 1877 2310 1946 Θεῷ
2341 1893 2396 1930 τε
2426 1876 2518 1929 καὶ
2547 1874 2786 1937 Βασιλεῖ,
2816 1875 2909 1928 καὶ
2936 1873 3014 1944 τῷ
3043 1875 3151 1926 τῶν
3179 1873 3319 1927 ὅλων
3342 1875 3590 1946 Δεσπότῃ
3621 1890 3771 1943 παρ-

506 1981 592 2025 tus
641 1968 796 2024 nobis
853 1967 996 2020 Deus
1033 1966 1254 2032 quidam
1311 1979 1502 2020 recens
1543 1974 1662 2034 post
1687 1975 1932 2020 sanctam
1965 1965 2086 2020 Tri-

504 2063 725 2118 nitatem
791 2056 1208 2114 eﬂ‘ectus?Non
1279 2057 1470 2111 horres
1543 2057 1726 2112 dicere
1810 2056 2083 2126 vulgarem

504 2155 800 2218 hominem,
826 2160 1092 2206 creaturae
1119 2149 1322 2204 cultum
1349 2148 1712 2203 exhibendum
1737 2146 2087 2218 excogitans?

503 2244 742 2322 Ergone
773 2241 1048 2298 veteribus
1095 2241 1305 2310 laqueis
1339 2241 1642 2295 detinemur
1671 2240 1695 2293 ?
1727 2254 1929 2309 ergone
1976 2238 2086 2292 Deo

503 2337 756 2408 injuriam
805 2334 990 2388 intulit
1039 2341 1096 2387 et
1143 2333 1426 2387 nobiscum
1476 2346 1663 2385 errore
1718 2331 1944 2386 seducta
2000 2339 2086 2384 est

500 2437 683 2484 sancta
733 2425 821 2481 illa
885 2422 1174 2478 multitudo
1225 2436 1582 2492 supernorum
1642 2421 1985 2492 spirituum?
2025 2420 2082 2476 Si

504 2522 670 2576 veteri
725 2532 912 2574 errore
966 2515 1178 2572 liberati
1235 2529 1424 2570 sumus
1470 2515 1526 2569 in
1583 2528 1650 2569 eo
1698 2513 1840 2584 quod
1878 2515 2086 2570 servire

503 2621 769 2667 creaturae
802 2617 1060 2676 tauquam
1119 2619 1230 2659 rem
1290 2604 1510 2676 impiam
1547 2605 1935 2671 recusavimus,
1988 2619 2086 2662 cur

504 2716 602 2756 nos
647 2701 700 2754 in
737 2707 916 2754 vetera
962 2696 1190 2751 erimina
1235 2695 1479 2763 conjicis,
1512 2705 1569 2751 et
1593 2696 1762 2751 eﬁicis
1779 2696 2079 2751 hominico.

505 2793 620 2849 las?
641 2791 751 2848 Nos
774 2792 918 2846 enim
944 2790 1146 2845 scimus
1173 2799 1225 2843 et
1242 2789 1516 2844 credimus
1538 2787 1667 2844 illud
1696 2802 1762 2842 ex
1789 2788 1897 2843 Deo
1921 2785 2084 2843 Patre

508 2884 738 2938 Verbum
796 2895 1012 2936 carnem
1071 2891 1128 2935 et
1174 2879 1494 2951 sanguinem
1528 2879 1898 2948 assumpsisse
1934 2896 1948 2933 :
1985 2881 2083 2934 sed

503 2976 629 3045 quia
685 2974 985 3045 permansit
1038 2971 1201 3035 idem,
1255 2986 1447 3040 nempe
1498 2971 1661 3034 Deus,
1712 2984 1865 3024 suam
1919 2985 2082 3040 supra

501 3069 682 3125 omnia
713 3064 1227 3121 excellentissimam
1279 3063 1596 3134 dignitatem
1642 3063 1879 3118 servavit
1918 3065 2082 3118 etiam

501 3175 623 3215 cum
643 3157 865 3229 perinde
885 3171 948 3210 ac
981 3169 1080 3211 nos
1128 3164 1275 3211 esset
1320 3153 1376 3208 in
1422 3169 1610 3211 carne.
1660 3153 1832 3209 Porro
1855 3171 1977 3210 cum
2011 3156 2081 3210 sit

502 3254 643 3308 Deus
699 3247 1052 3304 nihilominus
1082 3247 1183 3302 hoe
1216 3257 1457 3315 tempore
1515 3261 1678 3316 quam
1714 3246 1881 3302 fuerit
1927 3247 2078 3315 olim,

500 3344 749 3415 quamvis
797 3343 958 3396 homo
1013 3339 1211 3402 factus,
1248 3347 1428 3392 tamen
1463 3339 1708 3394 serviens
1736 3327 1839 3394 sibi
1882 3340 2079 3394 caelum

503 3437 687 3502 habet,
726 3435 1160 3500 adorantemque
1192 3441 1392 3485 terram
1421 3448 1434 3497 ;
1476 3432 1739 3500 scriptum
1771 3442 1856 3486 est
1884 3432 2027 3486 enim
2065 3448 2078 3484 :

508 3543 527 3577 ι
562 3523 746 3579 Laude
802 3521 1020 3577 Domini
1053 3520 1213 3589 plena
1271 3529 1355 3576 est
1408 3529 1602 3585 terra;
1641 3522 1860 3590 operuit
1913 3521 2083 3576 caalos

503 3617 671 3688 gloria
715 3626 823 3680 tua,
864 3613 1090 3669 Domine
1123 3613 1188 3664 “.
1227 3631 1245 3664 ι
1289 3610 1370 3666 Tu
1399 3627 1529 3668 vero
1561 3628 1592 3668 ο
1649 3614 1922 3669 contrario
1956 3629 2081 3669 eum

504 3709 595 3777 qui
651 3714 802 3760 tanta
829 3714 913 3758 est
963 3711 1015 3758 et
1051 3711 1260 3757 natura:
1292 3711 1347 3757 et
1381 3703 1567 3772 gloria:
1608 3703 1980 3773 amplitudine,
2015 3717 2082 3756 ex

502 3799 670 3854 nimia
721 3796 937 3850 inscitia
995 3809 1104 3850 non
1165 3795 1350 3860 vides;
1380 3795 1564 3850 dixisti
1605 3796 1748 3850 enim
1786 3793 1960 3861 :Quis
1999 3805 2083 3850 est

503 3891 592 3960 qui
634 3890 783 3945 venit
811 3888 834 3942 ?
866 3905 885 3938 ι
913 3887 1181 3941 Videbunt
1207 3886 1400 3941 Filium
1428 3886 1664 3943 hominis
1691 3889 1994 3941 venientem
2029 3886 2080 3940 in

503 3983 738 4038 nubibus
761 3982 884 4037 ea-li
914 3981 1006 4046 ης
1056 3999 1074 4033 ι
1138 3989 1392 4050 tanquam
1445 3982 1655 4036 scilicet
1719 3991 1967 4035 metuens
2015 3994 2083 4033 ne

502 4074 624 4144 quis
673 4073 942 4128 diﬂideret
1006 4072 1204 4126 dicenti
1246 4072 1443 4128 Filium
1498 4071 1736 4128 hominis
1789 4087 1913 4127 eum
1961 4086 2083 4126 esse

502 4166 596 4238 qui
623 4166 805 4230 venit,
836 4174 889 4220 et
911 4165 1225 4235 prophetico
1255 4166 1567 4221 testimonio
1594 4166 1891 4220 conlirmas
1923 4179 2085 4234 argu-

503 4265 768 4312 mentum.
805 4253 1075 4325 Scriptnm
1131 4271 1252 4312 esse
1305 4271 1540 4325 namque
1587 4255 1668 4310 ais
1700 4273 1712 4308 :
1745 4274 1763 4306 ι
1810 4254 2084 4310 Videbunt

505 4350 558 4403 iu
589 4361 748 4419 quem
771 4357 1210 4418 eompunxerunt
1240 4347 1283 4378 ¹³
1313 4364 1330 4414 ;
1377 4364 1398 4397 ι
1425 4354 1482 4400 et
1510 4345 1651 4414 quod
1685 4355 1944 4414 praeterea
1967 4343 2082 4413 ipse

505 4440 702 4507 putasti
752 4453 873 4495 esse
924 4439 990 4493 ad
1038 4439 1443 4506 eoarguendum
1503 4435 1730 4500 ﬁrmius,
1766 4435 2079 4502 impruden-

2189 1966 2520 2036 εστηκότων.
2563 1966 2732 2034 Εἴπερ
2778 1959 2870 2018 οῦν
2921 1965 3069 2016 ἐστιν
3117 1965 3217 2016 οὑκ
3248 1966 3306 2016 ὲν
3343 1965 3507 2034 σαρκὶ⁸
3541 1963 3767 2033 μᾶλλον,

2187 2059 2356 2127 ήγουν
2387 2056 2674 2128 ἄνθρωπος
2702 2054 2941 2125 γεγονὼς
2965 2059 2993 2108 6
3023 2055 3117 2108 τοῦ
3155 2054 3291 2108 Θεοῦ
3326 2055 3544 2126 Πατρδς
3572 2055 3769 2121 Λόγος,

2186 2152 2471 2222 ἄνθρωπος
2515 2151 2572 2202 δὲ
2598 2151 2868 2221 Θεοφόρος
2902 2150 3146 2222 πλευρὰν
3189 2149 3328 2220 ἔχων
3356 2149 3608 2219 σώματος
3630 2192 3644 2215 ,
3673 2150 3771 2204 καὶ

2189 2243 2486 2311 ὑπομείνας
2519 2241 2618 2312 τὴν
2652 2241 3013 2309 διακέντησιν,
3065 2241 3181 2304 πῶς
3211 2242 3269 2292 ὲν
3302 2239 3516 2310 θρόνοις
3543 2241 3766 2310 ὁρᾶται,

2186 2336 2285 2406 τῆς
2303 2334 2566 2387 ἀνωτάτω
2592 2332 2842 2400 θεότητος
2867 2331 3125 2402 τέταρτος
3143 2331 3333 2402 ὥσπερ
3360 2346 3442 2394 τις
3468 2333 3602 2402 ἡμῖν
3627 2334 3771 2402 μετὰ

2185 2429 2286 2498 τὴν
2333 2427 2492 2495 ἁγίαν
2527 2425 2733 2496 Τριάδα
2780 2425 3092 2495 πρόσφατος
3121 2424 3252 2487 Θεὸς
3281 2425 3767 2494 άναδεδειγμένοςς

2187 2517 2261 2571 Οὐ
2315 2517 2740 2583 καταπέφρικας
2796 2514 2973 2567 κοινὸν
3023 2514 3333 2585 ἄνθρωπον,
3366 2516 3432 2585 τῇ
3478 2516 3657 2568 κτίσει
3706 2517 3770 2568 τὸ

2187 2608 2352 2671 σέϐας
2378 2607 2639 2672 ὲπινοῶνς
2675 2603 2786 2677 ἆρα
2811 2609 2923 2670 τοῖς
2969 2607 3221 2678 ἀρχαίοις
3272 2606 3608 2677 ὲνισχήμεθα
3643 2605 3768 2677 βρόσ

2185 2717 2330 2772 χοις;
2368 2695 2479 2770 ἆρα
2507 2698 2909 2768 πεπαρῴνηκεν
2955 2700 3033 2760 είς
3082 2697 3238 2760 Θεὸν,
3277 2698 3371 2751 καὶ
3419 2697 3766 2767 πεπλάνηται

2187 2789 2308 2861 μεθ’
2339 2788 2520 2859 ἡμῶν,
2552 2789 2584 2858 ἡ
2617 2789 2748 2855 ἁγία
2778 2787 2886 2839 τῶν
2917 2787 3030 2841 ἂνω
3056 2788 3390 2858 πνευμάτων
3416 2787 3667 2857 πληθύς;
3705 2789 3769 2842 Εἰ

2182 2883 2283 2951 τῆς
2317 2880 2550 2952 ἀρχαίας
2593 2880 2809 2949 ἀπάτης
2844 2879 3299 2950 ἐκλελυτρώμεθα
3325 2921 3339 2946 ,
3375 2879 3436 2932 τὸ
3470 2883 3536 2949 τῇ
3586 2881 3767 2932 κτίσει

2183 2971 2568 3042 λατρεύεινώς
2589 2969 2849 3033 δυσσεϐὲς
2875 2970 3328 3041 παραιτούμενοι,
3360 2972 3411 3022 τί
3435 2970 3596 3023 πάλιν
3618 2970 3770 3040 ἡμᾶς

2183 3067 2295 3127 τοῖς
2338 3063 2588 3134 ἀρχαίοις
2632 3049 2976 3132 ἓγκλήμασιν
3010 3063 3174 3125 ἐνιεὶς
3205 3063 3528 3132 ἀποφαίνεις
3561 3062 3774 3132 ἀνθρω-

2188 3155 2500 3226 πολάτρας;
2548 3155 2742 3224 Ἡμεῖς
2775 3154 2876 3224 μὲν
2911 3153 3020 3225 γάρ
3056 3155 3216 3223 ίσμεν
3267 3144 3371 3207 καὶ⁵
3393 3152 3772 3205 πεπιστεύκα-

2189 3264 2308 3317 μεν,
2337 3247 2418 3298 ὅτι
2453 3245 2675 3313 γέγονεν
2702 3249 2760 3298 ὲν
2788 3245 3092 3317 προσλήψει
3131 3246 3335 3316 σαρκός
3377 3262 3438 3298 τε
3469 3246 3564 3299 καὶ
3593 3246 3771 3315 αἷμα-

2185 3356 2274 3402 τος
2301 3339 2329 3390 6
2359 3340 2423 3391 ὲκ
2455 3337 2591 3390 Θεοῦ
2623 3337 2837 3408 Πατρός
2867 3338 3038 3405 Λόγος
3061 3354 3074 3366 ·
3121 3337 3311 3409 ἐπειδὴ
3361 3337 3419 3390 δὲ
3455 3337 3773 3407 μεμένηκεν

2184 3432 2212 3482 6
2243 3432 2408 3492 αὐτὸς
2472 3429 2716 3498 δηλονότι
2757 3429 2910 3492 Θεὸς,
2958 3431 3057 3499 τῆς
3104 3429 3331 3499 ἐνούσης
3374 3429 3516 3482 κατὰ
3546 3429 3774 3483 πάντων

2185 3518 2461 3590 ὑπεροχῆς
2491 3517 2550 3571 τὺ
2579 3517 2798 3587 ἀξίωμα
2825 3517 3150 3571 διεσώσατο·
3208 3518 3412 3590 καίπερ
3461 3517 3536 3571 ὢν
3585 3518 3774 3588 σάρκα

2186 3609 2266 3681 [ὲν
2295 3608 2482 3682 σαρκὶ]
2513 3610 2634 3663 καθ’
2662 3612 2834 3679 ἡμᾶς.
2867 3610 2998 3674 Θεὸς
3021 3609 3076 3663 δὲ
3100 3609 3382 3679 ὑπάρχων,
3401 3610 3554 3662 οὐδὲν
3576 3607 3772 3682 ἦττον,

2185 3703 2217 3772 ἢ
2251 3702 2418 3756 πάλαι
2465 3704 2559 3755 καὶ
2590 3701 2704 3766 νῦν,
2755 3703 2856 3756 κᾶν
2888 3705 2936 3756 εί
2970 3704 3193 3771 γέγονεν
3220 3703 3528 3772 ἄνθρωπος,
3559 3702 3776 3774 λάτρην

2184 3796 2297 3865 ἔχει
2328 3797 2419 3847 τὸν
2442 3795 2670 3866 οὐρανὸν
2702 3795 2794 3848 καὶ
2829 3795 3242 3865 προσκυνοῦσαν
3266 3794 3362 3866 τὴν
3393 3795 3499 3865 γῆν
3520 3809 3533 3824 ⁸
3562 3796 3779 3865 γέγραο

2187 3903 2319 3941 πται
2344 3887 2472 3958 γὰρ,
2508 3889 2590 3940 ὃτι
2626 3909 2643 3940 ι
2685 3889 2794 3960 Τῆς
2828 3890 3089 3953 αἰνέσεως
3117 3889 3324 3960 Κυρίου
3355 3891 3571 3960 πλήρης
3599 3893 3632 3960 ἡ
3665 3890 3769 3960 γῆ·

2185 3978 2456 4048 ἐκάλυψεν
2504 3980 2769 4048 οὐρανοὺς
2796 3982 2828 4050 ὴ
2860 3982 3029 4051 ἀρετή
3063 3997 3178 4044 σου,
3219 3980 3414 4051 Κύριε.
3455 3999 3472 4031 ι
3507 3981 3579 4033 Συ
3610 3980 3667 4032 δὲ
3697 3979 3772 4051 δὴ

2187 4072 2347 4126 πάλιν
2383 4071 2472 4124 τὸν
2502 4071 2675 4133 οὕτως
2727 4071 2919 4142 ἔχοντα
2969 4071 3182 4140 φύσεώς
3225 4089 3285 4124 τε
3328 4073 3421 4125 καὶ
3467 4069 3655 4140 δόξης,
3700 4074 3772 4124 ὲκ

2185 4162 2388 4233 πολλῆς
2419 4163 2558 4230 ἄγαν
2582 4161 2933 4234 άὸελτηρίας,
2966 4162 3064 4232 οὐχ
3097 4164 3249 4232 ὁρᾷς,
3283 4162 3463 4232 Ἐφης
3491 4163 3600 4232 γὰρ
3627 4161 3708 4221 τίς
3737 4164 3771 4214 ὁ

2185 4253 2505 4323 ἐρχόμενοςς
2559 4271 2576 4303 ι
2611 4253 2869 4322 Ὄψονται
2919 4253 3010 4306 τὸν
3046 4255 3174 4307 Υίὸν
3204 4253 3297 4306 τοῦ
3337 4253 3631 4323 ἀνθρώπου
3672 4255 3771 4322 ἐρ-

2185 4345 2412 4414 χόμενον
2443 4345 2532 4396 ἐπὶ
2562 4344 2671 4397 τῶν
2697 4345 2936 4413 νεφελῶν
2966 4345 3060 4398 τοῦ
3095 4344 3325 4414 οὐρανοῦ
3349 4361 3360 4375 ·
3400 4363 3418 4395 ›
3452 4343 3642 4412 ὥσπερ
3677 4343 3772 4395 δε-

2185 4434 2312 4496 διὼς
2343 4434 2418 4504 μὴ
2449 4435 2559 4506 ἄρα
2579 4453 2661 4499 τις
2690 4436 3046 4508 ἀπιστήσειεν
3077 4437 3204 4489 Υίὺν
3234 4435 3522 4507 ἀνθρώπου
3551 4435 3771 4502 λέγοντι

503 4533 716 4587 tissime
746 4530 1006 4600 adjiciens
1037 4549 1049 4584 :
1077 4530 1342 4597 Quidnam
1383 4536 1488 4594 est,
1547 4526 1750 4595 inquis,
1779 4526 1910 4580 illud
1933 4541 2079 4580 cont-

2187 4525 2276 4577 τὸν
2312 4527 2625 4596 ἐρχόμενον.
2668 4529 2776 4580 Καὶ
2832 4532 3146 4600 προφητικῇ
3203 4529 3478 4598 μαρτυρίᾳ
3521 4527 3771 4598 βεδαιοῖς

503 4632 762 4694 punctum
794 4620 818 4674 ‘i
845 4620 1009 4675 Latus
1037 4621 1216 4685 ;latus
1261 4633 1390 4674 vero
1441 4615 1688 4684 corporis
1713 4623 1817 4678 est,
1854 4629 1921 4668 an
1944 4614 2080 4670 divio

503 4713 730 4770 uitatis?
757 4711 861 4772 Sed
890 4711 934 4766 si
961 4712 1256 4780 quiessent
1305 4708 1397 4777 qui
1424 4707 1688 4771 dicerent,
1714 4705 1810 4758 Dei
1839 4703 2076 4760 Verbum

504 4819 608 4859 non
671 4803 872 4857 factum
930 4801 1100 4855 fuisse
1155 4800 1426 4856 hominem
1487 4797 1662 4852 nostri
1695 4795 1948 4859 similem,
1984 4797 2076 4849 sed

502 4897 568 4950 ad
594 4895 839 4952 homines
856 4894 944 4962 qui
977 4900 1104 4948 sunt
1139 4893 1192 4946 in
1217 4891 1379 4944 terris
1438 4888 1723 4943 advenisse
1750 4888 1887 4942 nuda
1922 4903 2075 4942 usum

503 4988 804 5054 divinitate,
858 4995 951 5042 aut
1003 4987 1069 5039 ad
1103 4985 1275 5039 visum
1334 4998 1397 5036 ac
1420 4983 1681 5051 speciem,
1724 4991 1779 5035 et
1824 4992 2073 5051 tanquam

504 5081 555 5133 in
589 5080 800 5144 umbra,
837 5087 895 5133 ut
939 5076 1265 5145 quibusdam
1326 5073 1506 5140 impiis
1549 5073 1821 5127 haereticis
1876 5074 2078 5128 sentire

503 5168 677 5221 visutn
741 5177 847 5230 est,
882 5165 1111 5218 haberes
1173 5161 1407 5228 aliquam
1469 5160 1732 5229 ejusmodi
1793 5162 2079 5215 ratiocina-

504 5257 665 5310 tionis
724 5251 1101 5309 construendre
1148 5249 1487 5304 occasionem
1544 5248 1683 5302 haud
1742 5249 2076 5303 absurdam:

496 5348 608 5416 jam
669 5362 796 5400 vero
843 5359 964 5397 cum
1024 5340 1331 5409 praedicatio
1391 5339 1632 5392 veritatis
1686 5340 1971 5408 perspicue
2027 5349 2083 5393 et

501 5439 780 5492 evidenter
814 5436 988 5503 ipsum
1022 5431 1115 5484 Dei
1150 5429 1382 5485 Verbum
1414 5445 1630 5483 carnem
1670 5429 1873 5484 factum
1910 5432 2076 5496 dicat,

499 5539 554 5583 ct
581 5527 745 5579 fuisse
774 5522 943 5577 nostri
975 5521 1224 5585 similem,
1258 5527 1313 5573 et
1334 5519 1524 5572 Filium
1555 5521 1808 5584 hominis,
1838 5531 1891 5574 et
1917 5538 2079 5576 carne

503 5627 722 5684 propter
753 5630 850 5668 nos
883 5629 1118 5682 passum,
1153 5614 1337 5681 sicque
1365 5623 1645 5665 venturum
1693 5622 1748 5665 ut
1783 5617 1834 5667 in
1879 5616 2074 5667 corlum

538 5788 580 5820 “
611 5787 842 5856 Philipp.
877 5803 936 5852 tt,
972 5787 1054 5852 lt),
1085 5789 1168 5844 il.

2186 4617 2286 4686 τὴν
2322 4617 2622 4684 ἀπόδειξιν·
2656 4620 2966 4690 γεγράφθαι
3007 4621 3114 4692 γάρ
3149 4622 3290 4691 φής’
3329 4638 3346 4670 ι
3384 4620 3645 4689 Ὄψονται
3681 4621 3767 4683 είς

2191 4701 2249 4753 ὃν
2297 4702 2691 4775 ὲξεκέντησαν’
2729 4726 2747 4758 ι
2805 4709 2901 4761 καὶ
2933 4709 2994 4760 τὸ
3027 4709 3118 4761 ἐπὶ
3157 4708 3383 4771 τούτων,
3441 4708 3629 4780 ὥσπερ
3668 4705 3766 4762 οὖν

2185 4794 2399 4866 ᾠήθης,
2458 4798 2537 4859 είς
2591 4799 2846 4868 ἐλέγχους
2906 4795 3322 4873 εὐσθενέστερον
3373 4801 3762 4855 άσυνετώτατα

2188 4888 2501 4957 προστιθείς
2523 4907 2534 4918 ·
2570 4891 2665 4954 Τίς
2697 4889 2788 4944 οὖν
2824 4893 2940 4944 ἐστι
2964 4933 2978 4956 ,
3032 4893 3215 4963 φησὶν,
3259 4897 3287 4947 6
3337 4893 3650 4964 κεντηοείςς
3697 4895 3762 4947 Ἦ

2187 4976 2423 5047 πλευρά·
2480 4979 2688 5049 πλευρὰ
2742 4982 2798 5034 δὲ
2853 4981 3104 5054 σώματός
3166 4987 3336 5050 ἐστιν,
3390 4985 3422 5052 ἤ
3469 4985 3760 5054 θεότητος;

2196 5070 2333 5122 Ἀλλ’
2370 5075 2418 5124 εἰ
2469 5073 2566 5142 μὲν
2611 5069 2751 5144 ἦσαν
2795 5077 2940 5139 τινὲς
2967 5080 3014 5130 oi
3047 5077 3315 5146 λέγοντες,
3366 5079 3442 5140 ὡς
3466 5080 3527 5132 οὐ
3565 5079 3762 5146 γέγονε

2185 5163 2306 5215 καθ’
2355 5164 2503 5232 ἡμᾶς
2530 5163 2817 5235 ἄνθρωπος
2854 5169 2883 5220 6
2912 5168 3006 5220 τοῦ
3037 5170 3172 5223 Θεοῦ
3199 5171 3369 5238 Λόγος
3389 5185 3402 5199 °
3430 5171 3764 5240 ὲπεφοίτησε

2183 5253 2238 5304 δὲ
2271 5255 2384 5316 τοῖς
2412 5255 2503 5306 ἐπὶ
2531 5255 2654 5323 γῆς,
2696 5259 2878 5327 γυμνῇ
2907 5261 2970 5328 τῇ
3003 5259 3215 5330 Θεότητι
3258 5259 3560 5330 χρώμενος,
3592 5261 3764 5330 ἤγουν

2183 5345 2240 5395 ἐν
2267 5343 2483 5413 δοκήσει
2512 5347 2604 5398 καὶ
2641 5347 2714 5407 ὡς
2753 5349 2808 5401 ὲν
2845 5351 2990 5418 σκιᾷ,
3041 5350 3181 5403 καθά
3214 5355 3431 5420 φρονεῖν
3465 5351 3609 5416 ἕδοξέ
3647 5367 3762 5403 τισι

2180 5436 2289 5487 τῶν
2343 5437 2572 5489 ἀνοσίων
2617 5440 2929 5506 αἱρετικῶν,
2979 5437 3046 5512 ἦν
3093 5443 3158 5495 ἄν
3213 5459 3294 5494 σοι
3343 5444 3611 5512 πρόφασις
3659 5446 3762 5512 τῆς

2181 5527 2393 5578 τοιᾶσδε
2432 5527 2538 5579 τῶν
2587 5528 2760 5594 λόγων
2809 5533 3175 5600 κατασκευῆς,
3216 5535 3314 5585 οὐκ
3345 5535 3449 5599 ἔξω
3490 5537 3760 5603 τρέχουσαι

2182 5633 2274 5666 του
2323 5634 2527 5678 εικοτος
2553 5635 2562 5644 ·

2617 5620 2799 5689 ἐπειδὴ
2836 5622 2889 5672 δὲ
2942 5623 2999 5673 τὸ
3037 5624 3134 5691 τῆς
3185 5626 3439 5696 ἀληθείας
3472 5629 3756 5695 κήρυγμα,

1249 5789 1287 5818 ιι
1319 5786 1625 5852 llahac.ttt,
1657 5788 1707 5841 5.
1789 5792 1830 5821 ¹¹
1862 5789 2050 5845 Matth.
2096 5806 2240 5856 xxiv,
2282 5794 2368 5847 '50.
2452 5795 2493 5824 ¹³
2518 5793 2875 5865 Z1chur.xu,
2914 5800 2998 5852 10.
