4080 6420
365 407 481 470 ἓοδ

1446 409 1814 464 ADVERSUS
1855 406 2255 464 NESTORIUM
2291 407 2418 463 LIB.
2466 406 2531 464 ν.

3529 411 3636 465 206

371 527 567 594 σαφῶς
596 542 657 578 τε
688 524 784 579 καὶ
816 524 1067 597 ἱναργῶς
1093 526 1184 579 τὸν
1206 525 1299 579 τοῦ
1323 525 1456 579 Θεοῦ
1489 528 1659 596 Λόγον
1696 530 1873 599 σάρκα
1897 545 1956 581 τε

2064 528 2328 595 ascendit,
2359 539 2417 582 ut
2451 526 2625 599 angeli
2667 539 2798 581 voce
2851 534 3102 582 testatum
3145 535 3228 582 est
3259 527 3323 594 ιδ,
3370 541 3633 596 quosnam

366 614 653 686 γενέσθαι,
690 616 862 687 φησὶ,
898 618 1243 689 χρηματίσαι
1284 619 1342 671 δὲ
1372 619 1496 672 καθ’
1528 621 1675 690 ἡμᾶς
1704 620 1798 673 καὶ
1828 620 1958 674 Υίὸν

366 705 693 777 ἀνθρώπου,
721 709 814 760 καὶ
845 707 1043 761 παθεῖν
1075 708 1215 778 ὑπὲρ
1242 707 1395 777 ἡμῶν
1427 709 1591 778 σαρκί
1615 724 1629 737 ·
1667 707 1959 776 ἀφίξεσθαι

364 799 424 853 δὲ
452 799 552 851 καὶ
580 798 760 862 οὓτως
792 801 983 863 αὑτὸν,
1004 800 1080 864 ὡς
1107 800 1448 870 ἀναϐέϐηκεν
1472 803 1552 863 είς
1584 801 1675 853 τὸν
1706 801 1956 872 οὐρανόνο

372 888 515 962 [ut]
551 892 698 945 κατά
731 891 832 962 τὴν
864 891 960 945 τοῦ
990 891 1225 959 ἀγγέλου
1256 893 1461 960 φωνὴν,
1495 891 1631 962 πρὸς
1661 892 1810 954 τινας
1842 892 1957 946 δια-

372 983 709 1051 τεινόμενος,
743 982 868 1036 είπέ
899 999 1010 1052 μοι,
1038 984 1131 1036 καὶ
1153 983 1251 1052 τὴν
1277 983 1419 1045 τίνος
1448 983 1608 1048 δόξαν
1631 984 1960 1055 κατακιϐδη-

370 1073 546 1127 λεύων
576 1074 655 1133 ὡς
683 1073 878 1144 ἀμαθῆ
908 1075 1004 1126 καὶ
1031 1073 1329 1144 ἀσύφηλον,
1358 1074 1644 1144 ἄνθρωπον
1672 1075 1802 1145 ἡμῖν
1824 1076 1961 1127 ἀπο-

369 1165 541 1233 φῆναι
589 1164 921 1230 φι).ονεικείς
958 1164 1051 1217 τὸν
1096 1166 1427 1235 ἐρχόμενον,
1472 1166 1715 1237 πλευρὰν
1763 1167 1960 1237 ἔχοντα

371 1256 732 1326 σωματικὴν,
763 1256 863 1324 τὴν
896 1259 963 1327 τῇ
997 1255 1168 1329 λόγχῃ
1195 1256 1655 1328 διανενυγμένην;
1689 1258 1849 1314 una
1878 1277 1958 1313 σοι

370 1346 599 1408 σκοπὸς,
641 1346 719 1409 ὡς
750 1346 909 1418 ἔφην,
940 1348 1225 1417 ἄνθρωπον
1255 1350 1387 1418 ἡμῖν
1408 1348 1700 1420 Θεοφόρον,
1720 1351 1814 1403 καὶ
1838 1351 1960 1423 οὐχ).

360 1440 430 1510 δὴ
480 1438 692 1509 μᾶλλον
733 1438 868 1491 Θεὸν
897 1440 1358 1509 ὲνηνθρωπηκότα
1387 1480 1401 1504 ,
1441 1440 1842 1510 παρακομίζειν
1880 1444 1959 1504 είς

362 1532 538 1600 μέσον
573 1530 669 1583 τὸν
708 1512 1083 1600 Ἐμμανουήλ..
1118 1532 1313 1600 Γέγονε
1347 1531 1456 1602 γὰρ
1488 1531 1773 1603 ἄνθρωπος
1804 1535 1833 1587 ὁ
1864 1533 1957 1586 τοῦ

2062 632 2361 688 oppugnas,
2417 619 2505 673 dic
2553 618 2704 683 mihi,
2763 620 2984 690 cnjnsve
3027 620 3333 688 opinionem
3380 628 3635 689 tanquam

2063 710 2282 765 stultam
2309 718 2366 765 et
2397 709 2632 778 ineptam
2672 710 2965 779 improbas,
2996 723 3119 764 cum
3165 725 3288 765 eum
3336 710 3429 779 qui
3462 710 3632 774 venit,

2064 803 2338 858 hominem
2362 816 2486 857 esse
2520 802 2677 857 nobis
2731 802 2894 873 118
2947 801 3234 857 ostendere
3263 801 3471 866 niteris,
3510 814 3638 856 cor-

2064 908 2285 964 poreum
2309 894 2453 949 latus
2486 895 2774 949 habentem
2822 894 3008 949 lancea
3064 893 3493 963 compunctum?
3529 890 3640 947 Sed

2069 984 2163 1039 tibi
2200 987 2534 1055 propositum
2568 994 2671 1051 est,
2699 994 2756 1039 ut
2804 985 2936 1050 dixi,
2974 985 3148 1055 ipsum
3184 984 3500 1039 Emmanuel
3538 986 3639 1038 ho-

2064 1079 2264 1133 minem
2296 1079 2454 1135 nobis
2489 1079 2757 1133 Deiferum
2784 1079 2838 1132 in
2871 1078 3107 1133 medium
3154 1080 3475 1147 producere;
3528 1092 3635 1133 non

2062 1169 2229 1225 Deum
2279 1171 2552 1227 hominem
2600 1172 2840 1227 factum:
2876 1186 2999 1226 nam
3053 1172 3226 1242 ipsum
3262 1171 3353 1227 Dei
3401 1171 3638 1226 Verbum

2064 1258 2264 1313 factum
2318 1272 2398 1315 est
2454 1262 2616 1316 homo
2647 1281 2661 1316 :
2694 1264 2915 1332 haecque
2950 1263 3082 1317 fides
3119 1278 3243 1317 cum
3290 1263 3461 1318 sacris
3491 1262 3632 1317 divi-

2065 1350 2256 1419 nisque
2277 1349 2501 1407 Litteris
2529 1353 2801 1422 congroit,
2834 1362 2891 1408 et
2938 1352 3248 1423 apostolicae
3274 1351 3636 1421 evangelicae-

2064 1452 2170 1507 que
2220 1439 2523 1494 traditionis
2570 1457 2765 1511 secpns
2818 1442 2870 1496 in
2929 1443 3030 1498 hoc
3076 1443 3250 1512 ipsum
3308 1442 3501 1497 tendit.
3554 1438 3637 1495 Tu

2063 1544 2196 1583 vero
2230 1544 2421 1586 rursus
2466 1531 2573 1588 alio
2617 1547 2834 1603 quoque
2858 1534 3019 1590 modo
3051 1535 3208 1591 nobis
3234 1542 3484 1605 portenta
3515 1547 3641 1589 ver-

356 1619 503 1673 Θεοῦ
530 1619 707 1687 Λόγος
727 1634 742 1648 ’
773 1619 867 1672 καὶ
898 1619 1084 1683 πίστις
1103 1619 1197 1690 ἥδε
1226 1622 1345 1682 ταῖς
1376 1623 1547 1692 ἱεραῖς
1568 1638 1629 1674 τε
1657 1622 1754 1675 καὶ
1783 1622 1956 1686 θείαις

2065 1614 2259 1674 borum
2290 1636 2501 1677 narras.
2552 1621 2790 1679 Simulas
2812 1626 2957 1680 enim
3000 1640 3098 1683 eos
3131 1626 3527 1697 reprehendere
3543 1626 3640 1695 qui

360 1707 754 1777 ουμϐαίνουσα
786 1707 1032 1777 Γραφαῖς
1054 1747 1068 1770 ,
1118 1708 1211 1761 καὶ
1237 1708 1342 1779 τῆς
1369 1708 1737 1779 ἀποστολικῆς
1764 1727 1826 1763 τε
1864 1711 1956 1764 καὶ

2062 1714 2247 1768 carnis
2287 1714 2698 1786 divinitatisque
2758 1727 3010 1771 naturam
3037 1718 3089 1772 in
3112 1733 3276 1772 unam
3310 1718 3642 1788 permiscent

360 1799 742 1868 εὐαγγελικῆς
802 1798 1153 1868 παραδόσεως
1206 1797 1430 1861 σκοπὸς,
1485 1799 1566 1861 εἰς
1613 1799 1747 1852 αὐτὸ
1797 1798 1956 1853 τοῦτο

2063 1804 2380 1867 essentiam.
2407 1802 2624 1860 tametsi
2656 1819 2817 1861 nemo
2857 1806 2953 1872 sit,
2998 1815 3058 1860 ut
3111 1807 3331 1877 opinor,
3394 1806 3487 1877 qui
3533 1806 3638 1862 ista

365 1890 731 1944 συντείνεται.
783 1889 856 1941 Σὺ
890 1889 947 1941 δὲ
982 1888 1047 1958 δὴ
1088 1887 1273 1953 πάλιν,
1308 1888 1405 1941 καὶ
1437 1888 1560 1941 καθ’
1606 1888 1791 1959 ἕτερον
1819 1890 1953 1960 ἡμῖν

2062 1892 2366 1955 confundat.
2406 1905 2502 1949 aut
2522 1895 2666 1952 inter
2687 1912 2747 1952 se
2769 1899 3142 1953 commisceat.
3168 1898 3356 1969 Itaque
3383 1898 3522 1954 dicis
3552 1916 3567 1951 :

365 1981 638 2054 τερατεύῃ
685 1982 927 2053 τρόπον’
964 1982 1189 2053 σκήπτπ
1232 1982 1333 2052 μὲν
1381 1983 1491 2053 γὰρ
1539 1985 1797 2055 ἐπιτιμᾷν
1829 1985 1943 2047 τοῖς
1984 1986 2064 2048 εἰς
2111 1987 2241 2055 μίαν
2306 1988 2708 2060 καιτακιρνῶσιν
2758 1985 2967 2057 οὐσίαν,
3028 1991 3128 2063 τήν
3156 2007 3216 2044 τε
3246 1991 3350 2061 τῆς
3396 1989 3635 2061 σαρκὸς,

370 2078 465 2131 καί
506 2079 608 2145 τὴν
650 2077 752 2147 τῆς
786 2076 1041 2148 θεότητος
1073 2077 1268 2147 φύσιν·
1307 2078 1482 2131 καίτοι
1551 2078 1784 2148 μηδενὸς
1826 2077 1980 2142 ὄντος
2016 2079 2156 2133 ὥστε
2195 2078 2372 2152 οἶμαι,
2419 2083 2581 2136 ταυτὶ
2625 2084 2966 2154 συγχέοντος,
3015 2086 3153 2155 μήτε
3213 2083 3321 2155 μὴν
3385 2082 3638 2154 ἀλλήλοις

376 2175 755 2246 συμφύροντος
776 2189 791 2204 ·
827 2175 924 2227 καὶ
954 2173 1019 2243 δὴ
1054 2177 1151 2228 καὶ
1180 2176 1286 2246 φής
1313 2193 1328 2205 ’
1366 2188 1379 2193 ’
2478 2176 2483 2191 '

455 2268 622 2339 [Διατξ
655 2268 735 2331 δὲ,
790 2267 888 2319 καὶ
932 2266 1008 2329 ὡς
1048 2266 1250 2336 ἀρτίως
1279 2267 1572 2336 ἠκούομεν,
1622 2267 1949 2338 ἀμφοτέροιν

2126 2262 2369 2320 Nssron.
2401 2263 2551 2335 [Cur
2579 2273 2759 2321 autem
2792 2266 2978 2331 etiam,
3008 2274 3067 2319 ut
3098 2265 3258 2334 paulo
3290 2275 3416 2321 ante
3448 2268 3637 2323 audie-

384 2359 530 2414 κατά
559 2359 614 2411 σὲ
638 2358 1002 2427 κεκραμένων
1021 2395 1036 2419 ,
1068 2357 1097 2408 ό
1131 2356 1338 2427 Κύριος
1371 2358 1469 2428 τὴν
1512 2357 1605 2411 τοῦ
1651 2360 1950 2430 μυστηρίου

2062 2351 2270 2416 bamus,
2315 2352 2363 2406 si
2392 2362 2643 2423 utraque,
2676 2364 2733 2407 ut
2783 2363 2838 2407 tu
2865 2353 3130 2423 opinaris,
3160 2355 3447 2411 commista
3478 2366 3636 2424 sunt,

376 2450 607 2520 δύναμιν
638 2451 752 2512 τοῖς
791 2447 1067 2519 μαθηταῖς
1094 2448 1438 2519 παραδιδοὺς,
1485 2448 1628 2503 οὕτω
1651 2450 1814 2519 (mai;
1865 2450 1956 2503 λα-

2062 2445 2323 2500 Dominus
2353 2454 2543 2500 noster
2584 2461 2706 2501 cum
2743 2446 2986 2516 mysterii
3046 2447 3152 2501 vim
3201 2448 3482 2519 discipulis
3526 2458 3639 2505 tra-

371 2539 486 2592 ϐὼν
513 2540 607 2591 τὸν
643 2540 832 2607 ἄρτον,
862 2538 957 2591 καὶ
982 2538 1405 2609 εὐχαριστήσας,
1437 2538 1603 2592 ἔδωκε
1633 2542 1747 2603 τοῖς
1775 2540 1952 2610 μαθη-

2062 2538 2228 2601 deret,
2274 2538 2355 2592 sic
2400 2538 2532 2592 dicit
2564 2557 2579 2593 :
2615 2555 2635 2588 ι
2670 2538 2932 2607 Accipite,
2955 2539 3224 2594 comedite
3267 2553 3456 2595 omnes
3489 2562 3501 2596 :
3536 2542 3640 2597 hoc

364 2633 491 2693 ταῖς
523 2628 716 2694 αὐτοῦ,
743 2628 922 2697 λέγων
941 2646 954 2659 ο
988 2648 1007 2680 ι
1040 2629 1268 2688 Λάϐετε,
1303 2630 1506 2699 φάγετε
1532 2630 1769 2692 πάντες·
1796 2630 1955 2684 τοῦτο

2062 2635 2145 2680 est
2172 2626 2316 2679 enim
2345 2640 2542 2695 corpus
2567 2641 2740 2680 meum
2767 2627 2855 2681 “7
2886 2645 2907 2678 ι
2931 2642 3031 2682 cur
3066 2643 3171 2683 non
3197 2629 3329 2684 dixit
3360 2647 3374 2684 :
3417 2628 3530 2685 Hoc
3556 2640 3639 2686 est

362 2721 487 2791 γάρ
522 2719 627 2790 μού
658 2722 780 2773 ἐστι
807 2720 870 2772 τὸ
897 2720 1112 2789 σῶμα.»
1146 2721 1296 2774 Διατί
1331 2722 1405 2791 μὴ
1434 2718 1577 2785 εἷπε,
1607 2720 1777 2775 Τοῦτό
1807 2723 1956 2775 ἐστιν

361 2814 398 2883 ἡ
435 2811 642 2882 θεότης
683 2812 846 2881 μουή
877 2810 1019 2881 ὑπὲρ
1052 2810 1206 2881 ὑμῶν
1231 2810 1517 2882 κλωμένη;
1554 2813 1665 2866 Καὶ
1706 2813 1867 2866 πάλιν
1896 2813 1958 2866 τὸ

362 2903 637 2973 ποτήριον
687 2901 797 2955 τῶν
847 2900 1165 2973 μυστηρίων
1210 2901 1403 2966 διδοὺς,
1446 2903 1546 2956 οὐκ
1596 2900 1751 2957 εἷπε·
1788 2905 1959 2959 Τοῦτό

358 2995 516 3047 ἐστιν
538 2995 574 3063 ἡ
600 2992 849 3064 θεότηςὴ
880 2994 1019 3064 ὑπὲρ
1049 2994 1203 3064 ὑμῶν
1228 2994 1552 3065 ἐκχεομένηο
1573 2995 1729 3058 ἀλλὰ,
1751 3015 1769 3047 ι
1789 2997 1959 3051 Τοῦτό

360 3087 483 3139 ἔστι
516 3084 584 3137 τὸ
615 3078 760 3154 αἷμά
810 3100 912 3154 μου
956 3085 1020 3137 τὸ
1059 3086 1197 3156 ὑπὲρ
1243 3083 1399 3155 ὑμῶν
1444 3085 1838 3157 ἐκχυνόμενον,
1879 3089 1960 3152 εἰς

364 3177 572 3244 ἄφεσιν
600 3175 913 3246 ἁμαρτιῶν.
954 3175 1002 3249 ι]
1673 3205 1676 3209 ~

981 3289 1210 3342 ΚΕΦΑΛ
1222 3333 1235 3345 .
1277 3288 1353 3343 Z'.

438 3420 570 3472 Ὅτι
602 3418 707 3490 μὲν
723 3417 819 3472 οὖν
845 3417 1042 3490 εὔηθες
1062 3421 1264 3491 κομιδῆ
1288 3423 1349 3474 τὸ
1370 3424 1754 3495 ἀντιτετάχθαι
1781 3425 1959 3479 δοκεῖν

360 3513 479 3571 τοῖς
514 3509 621 3562 οὐκ
654 3504 806 3563 οὖσιν
843 3508 981 3573 ὅλως
1001 3552 1016 3576 ,
1056 3511 1149 3563 καὶ
1179 3508 1500 3578 ἁντεξάγειν
1530 3512 1653 3580 εἰκῆ
1680 3552 1696 3577 ,
1735 3512 1961 3583 δεχομέ-

2061 2714 2316 2769 divinitas
2346 2730 2462 2769 mea
2497 2730 2617 2785 quae
2642 2730 2741 2784 pro
2768 2717 2922 2772 vobis
2946 2714 3217 2787 frangitur
3244 2720 3268 2773 ?
3296 2721 3640 2793 Rursumque

2061 2820 2185 2861 cum
2237 2807 2487 2875 poculum
2537 2807 2923 2879 mysteriorum
2963 2808 3139 2875 daret,
3166 2824 3273 2864 non
3302 2810 3437 2865 dixit
3470 2829 3485 2866 :
3524 2811 3639 2867 Hoc

2063 2907 2147 2953 cst
2174 2899 2429 2951 divinitas
2458 2912 2581 2966 quae
2620 2912 2722 2967 pro
2766 2898 2919 2953 vobis
2942 2897 3258 2965 effunditur,
3292 2900 3391 2956 sed
3427 2918 3442 2955 :
3482 2917 3504 2953 ι
3535 2900 3637 2957 Hic

2062 2999 2148 3044 est
2186 2991 2407 3058 sanguis
2430 3003 2582 3043 meus
2604 2989 2696 3057 qui
2724 3002 2823 3059 pro
2848 2989 3001 3045 vobis
3040 2989 3341 3046 effunditur
3360 2993 3414 3046 in
3445 2993 3638 3048 remis-

2064 3081 2268 3137 sionem
2295 3091 2635 3151 peccatorum
2671 3080 2735 3135 “.
2767 3079 2822 3152 ι]

2744 3276 2899 3334 CAP.
2935 3275 3046 3334 VII.

2128 3411 2398 3482 Perquam
2433 3413 2655 3468 stultum
2707 3426 2841 3471 sane
2889 3426 3012 3470 esse
3056 3414 3123 3468 iis
3176 3416 3449 3472 adversari
3497 3418 3637 3476 velle

2059 3505 2148 3576 qui
2167 3505 2298 3560 nulli
2333 3514 2478 3571 sunt,
2503 3514 2555 3561 et
2579 3504 2776 3562 frustra
2798 3506 3142 3575 contendere,
3171 3506 3335 3578 idque
3365 3510 3433 3565 ad
3460 3524 3634 3581 oppu-

361 3618 495 3663 νους
520 3602 608 3663 εἰς
634 3600 957 3653 ἀντίστασιν
1013 3600 1078 3653 τὸ
1117 3599 1308 3671 μηδενί
1353 3616 1457 3653 που
1488 3601 1634 3671 τάχα
1677 3602 1889 3668 δοκοῦν,
1922 3603 1956 3675 ἢ

2062 3598 2331 3669 gnandum
2365 3612 2581 3653 sumere
2625 3601 2769 3668 quod
2828 3598 3062 3656 fortasse
3119 3601 3325 3657 nemini
3387 3618 3629 3673 unquam

363 3694 614 3760 φρονεῖν,
646 3690 680 3760 ἦ
708 3689 913 3758 λέγειν,
946 3691 1066 3754 πῶς
1095 3692 1193 3763 οὐχ
1225 3692 1431 3747 ἀπασιν
1455 3693 1720 3764 ὲναργέςς
1750 3694 1814 3747 Ei
1846 3694 1956 3765 γὰρ

2062 3700 2154 3744 aut
2175 3692 2399 3756 sentire,
2434 3701 2531 3746 aut
2557 3690 2736 3760 eloqui
2794 3691 2971 3747 visunt
3001 3700 3107 3759 est,
3138 3694 3486 3763 perspicuum
3517 3709 3636 3750 om-

359 3780 430 3850 δή
478 3798 564 3843 τις
608 3780 785 3832 ἕλοιτο
815 3782 1172 3850 φιλονεικεῖν,
1224 3785 1306 3837 ὅτι
1348 3784 1425 3855 μὴ
1459 3783 1623 3846 ἵππος
1665 3784 1783 3836 ἐστὶ
1815 3782 1956 3837 κατά

2062 3782 2218 3837 nibus
2263 3796 2384 3836 esse
2417 3781 2538 3851 quis
2569 3780 2776 3852 neget?
2809 3779 2945 3837 Nam
2989 3782 3037 3837 si
3071 3786 3195 3851 quis
3240 3784 3372 3839 velit
3408 3794 3635 3842 conten-

363 3869 533 3940 φύσιν
560 3870 593 3922 ό
630 3869 797 3938 βοῦς,
836 3871 974 3942 μήτε
1006 3871 1115 3941 μὴν
1154 3874 1182 3926 ό
1219 3873 1506 3944 ἄνθρωπος
1564 3875 1761 3941 ῖππος,
1800 3873 1956 3927 τοῦτο

2062 3870 2203 3926 tiose
2247 3869 2489 3925 refutare
2517 3872 2710 3925 bovem
2753 3884 2862 3925 non
2911 3884 3035 3926 esse
3078 3886 3145 3925 ex
3179 3882 3370 3927 natura
3409 3888 3633 3943 equum,

363 3963 614 4031 φρονεῖν,
642 3961 676 4031 ἢ
708 3961 890 4028 λέγειν
921 3962 1253 4033 ἀνεχομένου
1279 3964 1528 4035 μηδενὸς,
1558 3965 1677 4029 πῶς
1704 3967 1765 4019 οὐ
1793 3983 1956 4021 κατα-

2062 3975 2233 4031 neque
2259 3959 2536 4016 hominem
2592 3973 2814 4031 equum,
2870 3961 3085 4016 nemine
3127 3961 3179 4019 id
3224 3963 3497 4019 sentiente
3538 3976 3635 4020 aut

367 4053 665 4119 γέλαστος,
696 4053 794 4106 καὶ
823 4055 960 4125 πρός
986 4071 1053 4122 γε
1081 4054 1254 4126 τούτῳ
1288 4056 1661 4126 είκαιόμυθος,
1706 4059 1787 4120 είς
1814 4058 1956 4129 ἀέρα

2062 4053 2290 4129 dicente,
2324 4068 2507 4108 nonne
2550 4052 2623 4107 sit
2656 4052 2940 4120 ridiculus,
2994 4064 3048 4110 et
3099 4065 3361 4128 praeterea
3405 4071 3635 4129 nugator

372 4142 589 4215 δαίρων,
634 4143 733 4197 καὶ
775 4144 1065 4198 πυκτεύων
1108 4147 1194 4198 ἐπ’
1224 4146 1441 4217 ἀδήλοις
1463 4188 1479 4212 ,
1532 4149 1626 4200 καὶ
1658 4149 1745 4201 ἐπ’
1779 4148 1956 4202 οὐδενὶ

2062 4158 2247 4210 vanus,
2279 4157 2459 4198 aerem
2519 4144 2837 4209 verberans,
2875 4155 2933 4202 et
2966 4162 3212 4218 pugnans
3250 4149 3304 4204 in
3333 4149 3626 4218 incertum,

370 4235 478 4288 τῶν
520 4236 908 4306 προκειμένων
942 4236 1177 4307 ἱδρῶτας
1225 4238 1402 4309 ἐαυτῷ
1449 4239 1546 4292 καὶ⁷
1594 4240 1787 4303 πόνους
1830 4241 1953 4293 ἐπι-ι

2062 4248 2112 4291 et
2137 4235 2283 4291 nulla
2348 4251 2409 4291 re
2464 4237 2739 4306 proposita
2796 4237 2900 4293 sibi
2953 4239 3236 4296 molestias
3290 4256 3356 4297 ac
3414 4242 3632 4299 labores

365 4326 540 4392 νοῶν;
571 4329 791 4398 Χρῆναι
820 4328 931 4399 γὰρ
958 4328 1141 4398 ἔγωγὲ
1164 4346 1307 4400 φημι
1362 4330 1795 4401 προῦποκεῖσθαί
1817 4348 1869 4384 τι
1894 4331 1955 4384 τὸ

2062 4341 2337 4382 assumens
2361 4327 2385 4381 ?
2408 4325 2672 4396 Oportere
2692 4328 2836 4383 enim
2864 4330 3112 4400 equidem
3147 4340 3300 4402 puto,
3332 4333 3485 4402 prius
3512 4348 3634 4403 pro-

361 4418 799 4489 ὡμολογημένον
818 4434 833 4447 °
871 4420 938 4471 ἵν’
969 4421 1028 4472 ἐν
1062 4420 1254 4490 κόσμῳ
1287 4420 1351 4492 δὴ
1385 4420 1506 4474 τότε
1532 4421 1602 4475 τά
1631 4424 1762 4493 παρ’
1794 4422 1954 4493 ἡμῶν

2062 4418 2295 4488 positum
2344 4433 2467 4474 esse
2524 4418 2726 4490 aliquid
2758 4420 2812 4475 in
2839 4421 3114 4489 confesso,
3167 4431 3227 4479 ut
3281 4423 3387 4479 rite
3447 4434 3560 4477 tum
3599 4439 3631 4479 a

357 4479 754 4576 ἀντεπάγοιτο.
787 4510 936 4579 Πλὴν
967 4511 1144 4563 ἐκεῖνο
1169 4479 1351 4582 ὦμεν.
1393 4511 1513 4584 [ἵσ.
1546 4479 1790 4584 εἴπωμεν
1903 4516 1951 4568 εἰ

2062 4479 2217 4564 nobis
2276 4508 2533 4565 refutatio
2615 4479 3420 4584 subiungatur;verutntamen
3499 4513 3634 4569 illud

360 4599 465 4668 μὲν
493 4600 607 4670 γάρ
638 4616 722 4664 τις
752 4596 820 4670 ἦν
850 4602 879 4653 ό
907 4601 1075 4669 φάναι
1106 4602 1340 4671 τολμῶν,
1389 4606 1471 4667 εἰς
1515 4604 1615 4675 τὴν
1663 4605 1807 4659 κατὰ
1837 4605 1956 4675 (51)

2062 4599 2344 4654 dicendum
2409 4600 2624 4655 videtur
2656 4620 2670 4656 :
2702 4617 2826 4657 nam
2862 4603 2907 4659 si
2934 4611 3078 4661 esset
3107 4603 3198 4673 qui
3236 4603 3420 4658 dicere
3459 4604 3630 4659 aude-

356 4688 457 4742 τοῦ
510 4687 770 4758 σώματος
819 4682 1291 4760 μεταπεποιῆσθαι
1344 4690 1505 4759 φύσιν
1560 4693 1650 4747 τὸν
1702 4694 1766 4746 ὲκ
1815 4690 1949 4746 θεοῖ

2062 4698 2161 4756 ret,
2190 4691 2363 4761 ipsum
2389 4689 2488 4747 Dei
2527 4690 2765 4748 Verbum
2817 4694 2872 4748 in
2929 4693 3173 4765 corporis
3225 4704 3474 4750 naturam
3507 4709 3633 4752 esse

362 4779 563 4846 Λόγον,
615 4779 913 4849 ὲπαιτιῷτό
937 4798 1023 4844 τις
1069 4782 1134 4834 ἂν
1169 4782 1264 4836 καὶ
1295 4781 1440 4853 μάλα
1474 4783 1720 4849 εἰκότως,
1754 4784 1837 4836 ὄτι
1875 4784 1949 4855 μὴ

359 4869 569 4951 μᾶλλον
601 4868 710 4939 ἔφη
736 4869 797 4922 τὸ
828 4869 990 4940 σῶμα
1022 4871 1226 4935 διδους·
1262 4872 1494 4938 Λάϐετε,
1532 4873 1758 4941 φάγετε,
1791 4874 1949 4927 τοῦτό

360 4961 464 5031 μού
491 4963 649 5013 ἐστιν
670 4962 705 5032 ἡ
729 4960 924 5034 θεότης
954 4964 989 5034 ἡ
1018 4964 1159 5034 ὑπὲρ
1186 4964 1345 5037 ὑμῶν
1371 4964 1650 5037 κλωμένη,
1670 4969 1762 5019 καὶ
1789 4966 1950 5020 τοῦτό

357 5055 511 5107 ἐστιν
543 5054 608 5107 οὐ
639 5054 703 5106 τὸ
729 5048 873 5124 αἷμά
897 5071 1001 5125 μου
1038 5054 1262 5124 μᾶλλον,
1293 5050 1411 5108 ἀλλ’
1444 5057 1479 5127 ἡ
1519 5054 1711 5128 θεότης
1738 5058 1770 5127 ἡ
1808 5057 1950 5126 ὑπὲρ

357 5145 517 5216 ὑμῶν
549 5148 881 5218 ἑκχεομένη.
922 5146 1138 5217 Ἐπειδὴ
1171 5147 1230 5200 δὲ
1256 5146 1389 5211 Θεὸς
1423 5145 1501 5200 ὣν
1532 5149 1561 5201 ὁ
1593 5148 1791 5217 Λόγος,
1821 5149 1952 5201 ῑδιον

352 5237 662 5306 ἐποιήσατο
690 5237 855 5308 σῶμα
890 5238 950 5291 τὸ
979 5240 1041 5290 ὲκ
1068 5237 1344 5305 γυναικὸς,
1406 5238 1713 5303 ἀλλοίωσιν,
1750 5238 1782 5309 ἦ
1825 5255 1951 5309 τρο-

354 5345 468 5399 πην
523 5330 788 5401 οὐδεμίαν
839 5328 1314 5399 ὑπομεμενηκὼς,
1364 5329 1479 5395 πῶς
1525 5332 1624 5383 οὐκ
1670 5330 1775 5383 ἔδει
1816 5329 1953 5400 πρὸς

428 5490 475 5519 ιδ
506 5490 633 5540 Act.
661 5487 814 5551 1,“.
889 5486 933 5519 "
964 5485 1153 5540 Matth.
1195 5484 1452 5544 xxvr.26.
1533 5485 1574 5515 “
1610 5484 1738 5538 ibid.
1762 5484 1853 5538 27.

2059 4792 2347 4849 mutatum,
2380 4794 2661 4840 accusaret
2681 4785 2966 4855 quispiam,
2996 4795 3052 4841 et
3076 4785 3291 4860 quidem
3310 4785 3454 4856 iure,
3486 4787 3634 4857 quod

2062 4890 2171 4930 non
2207 4876 2433 4931 dixisset
2472 4891 2592 4930 cum
2650 4890 2849 4944 corpus
2894 4876 3049 4933 daret
3078 4892 3092 4931 :
3121 4877 3383 4947 Accipite,
3406 4878 3633 4934 mandu-

2057 4975 2200 5032 cate,
2224 4967 2326 5021 hoc
2353 4975 2437 5021 est
2465 4980 2582 5021 mea
2625 4966 2883 5023 divinitas
2916 4982 3039 5036 qua:
3103 4981 3202 5037 pro
3233 4967 3389 5023 vobis
3430 4966 3634 5037 frangi-

2063 5067 2169 5123 tur,
2202 5057 2374 5112 ethoc
2396 5065 2613 5112 estnon
2638 5057 2858 5127 sanguis
2901 5071 3077 5124 meus,
3110 5058 3203 5112 sed
3226 5056 3482 5111 divinitas
3510 5071 3633 5126 quae

2058 5161 2158 5216 pro
2212 5146 2365 5201 vobis
2426 5144 2721 5203 effunditur
2748 5164 2762 5200 :
2789 5161 2932 5202 nunc
2975 5162 3105 5203 vero
3140 5161 3263 5202 cum
3293 5146 3467 5217 ipsum
3496 5143 3634 5199 Ver-

2060 5237 2209 5303 bum,
2246 5238 2389 5308 quod
2429 5237 2570 5293 Deus
2597 5246 2735 5304 erat,
2763 5239 3040 5309 proprium
3077 5238 3186 5292 sibi
3228 5237 3421 5292 fecerit
3472 5234 3634 5307 119

2060 5343 2257 5398 corpus
2289 5338 2470 5384 natum
2493 5344 2559 5385 ex
2606 5330 2853 5411 muliere,
2895 5344 3071 5403 neque
3096 5329 3260 5384 ullam
3302 5338 3393 5384 aut
3432 5327 3634 5384 altera-

1600 5636 1794 5689 -ANT.
1841 5634 2107 5689 AGlzLLll
2149 5634 2377 5689 ΝΟΤΑι.

422 5796 538 5870 (51)
565 5794 893 5866 Praepositio
926 5793 1069 5847 κατὰ
1108 5793 1320 5846 videtur
1347 5803 1701 5860 supervacua.
