4080 6416
474 384 579 440 9οῚ

1470 378 1526 432 S.
1569 378 1835 436 CYRILLI
1876 378 2341 436 ALEXANDRINI
2381 382 2698 439 ARCHIEP.

3624 387 3730 444 208

479 501 700 561 tionem,
735 506 826 549 aut
875 495 1232 550 mulationem
1279 494 1582 566 pertulerit,
1636 496 1908 566 quomodo
1948 511 2052 552 non

2158 499 2305 568 ἡμᾶς
2350 500 2413 552 οὐ
2463 499 2864 569 ψευδοεποῦντα
2919 500 3118 569 λέγειν,
3148 500 3229 556 δτι
3273 504 3319 554 t‘
3349 502 3580 567 Λάϐετε,
3633 506 3733 573 φά-

477 604 688 659 αιηιιιιηι
768 587 869 641 fuit
933 587 1052 642 sine
1110 587 1218 642 ullo
1277 588 1556 642 mendacio
1608 587 1762 642 nobis
1819 588 2052 643 dicere:

392 723 395 726 .
482 697 500 729 ι
532 679 796 748 Accipite,
827 679 1118 744 comedite,
1145 680 1248 734 hoc
1272 689 1356 735 est
1384 694 1583 749 corpus
1613 695 1790 734 meum
1817 680 1840 732 ?
1871 697 1890 730 ι
1917 678 2052 734 Cum

479 779 658 824 autem
719 778 864 824 esset
914 770 1026 823 vita
1069 778 1326 840 tanquam
1377 769 1542 834 Deus,
1575 770 1740 823 vitam
1776 769 1938 823 simul
1999 780 2056 823 et

477 860 750 914 viviﬂcum
783 859 914 913 illud
963 858 1162 914 eﬂ‘ecit.
1213 858 1384 928 igitur
1408 860 1454 914 si
1489 859 1764 929 paululum
1811 859 1879 912 ad
1911 858 2054 913 veri-

481 959 648 1004 tatem
669 949 970 1018 aspexeris,
993 958 1045 1005 te
1075 951 1189 1019 ipse
1225 953 1292 1004 de
1325 949 1762 1019 supervacuitate
1786 951 2054 1005 sermonis

479 1041 781 1106 accusabis,
863 1055 988 1110 cum
1059 1041 1257 1111 ubique
1328 1044 1569 1112 nugeris,
1647 1050 1702 1096 et
1767 1041 2053 1096 adversum

481 1132 732 1203 dogmata
758 1132 977 1202 pietatis
1009 1143 1156 1187 tuum
1184 1135 1326 1188 hunc
1349 1134 1710 1188 adulteratum
1743 1133 2054 1189 molestum-

480 1237 585 1291 que
609 1238 913 1278 sermonem
965 1224 1339 1294 imprudenter
1377 1239 1639 1295 opponas.

739 1355 1142 1446 TOMUS
1217 1358 1792 1462 QUINTUS.

549 1504 824 1559 Gloriatur
879 1504 1070 1559 beatus
1099 1503 1300 1559 Paulus
1331 1504 1398 1558 de
1427 1503 1630 1559 Christi
1691 1505 2054 1574 passionibus,

478 1606 532 1650 et
563 1598 640 1650 ait
691 1609 836 1650 nunc
876 1595 1091 1663 quidem
1122 1613 1136 1650 :
1169 1612 1186 1646 ι
1227 1594 1356 1649 Mihi
1383 1595 1527 1651 absit
1577 1596 1821 1667 gloriari,
1865 1597 1966 1652 nisi
1999 1598 2054 1653 in

479 1701 643 1742 cruce
666 1686 892 1753 Christi,
931 1701 1026 1756 per
1067 1701 1226 1756 quem
1296 1689 1427 1742 mihi
1474 1687 1707 1742 mundus
1765 1689 2057 1746 cruciﬁxus

479 1790 584 1846 est,
605 1789 660 1835 et
681 1795 782 1850 ego
814 1782 1013 1835 mundo
1052 1780 1131 1846 ¹⁷;

2158 606 2304 656 γετε,
2351 590 2513 644 τοῦτό
2542 591 2644 661 μού
2678 592 2793 643 ἐστι
2819 591 2880 644 τὸ
2914 592 3106 662 σῶμα;
3147 611 3166 644 ι
3202 593 3324 664 Ζωὴ
3369 594 3427 647 δὲ
3471 594 3736 666 ὑπάρχων

2156 681 2232 744 ὡς
2268 681 2421 745 Θεὸς,
2453 680 2598 752 ζωὴν
2628 682 2721 734 καὶ
2765 681 3030 746 ζωοποιόν
3055 684 3338 756 ἀπέφηνεν
3363 686 3514 738 αὐτό.
3545 687 3734 756 Βραχὺ

2154 774 2446 845 τοιγαροῦν
2490 774 2779 843 ἀναμύσας
2825 775 2964 846 πρὸς
2995 776 3055 829 τδ
3101 777 3322 848 ἀληθὲς,
3374 774 3735 846 αύτδ,οῖμαι,

2157 865 2298 918 κατὰ
2350 864 2577 918 σεαυτοῦ
2626 865 2687 918 τὸ
2743 866 2993 936 περιττὸν
3040 871 3121 932 είς
3175 869 3367 937 λόγους
3431 869 3733 940 καθοριεῖς,

2159 954 2496 1026 βατταρίζων
2561 957 2871 1026 πανταχοῦ,
2938 959 3034 1012 καὶ
3104 962 3218 1024 τοῖς
3288 962 3389 1030 τῆς
3451 959 3737 1020 εὐσεϐείας

2155 1048 2425 1118 δόγμασιν
2460 1050 2736 1112 ἀσυνέτως
2761 1051 3085 1116 ἁντανιστάς
3119 1053 3212 1107 τὸν
3249 1054 3580 1124 παράσημον
3610 1071 3736 1106 τουο

2156 1139 2271 1193 τονὶ
2307 1141 2403 1193 καὶ
2435 1140 2651 1211 ἀτερπῆ
2691 1159 2784 1196 σου
2817 1142 2996 1211 λόγον.

2441 1352 2824 1437 ΤΟΜΟΣ
2886 1351 3466 1438 ΠΕΜΠΤΟΣ.

2243 1504 2691 1575 Ἐπισεμνύνεται
2734 1505 2832 1574 μὲν
2860 1507 2888 1558 ὁ
2926 1506 3212 1568 Θεσπέσιος
3238 1505 3450 1569 Παῦλος
3487 1509 3601 1568 τοῖς
3633 1523 3739 1558 πα-

2159 1595 2366 1666 θήμασι
2432 1596 2528 1650 τοῦ
2593 1597 2869 1668 Χριστοῦ,
2936 1598 3028 1651 καί
3083 1615 3249 1666 φησι,
3307 1597 3395 1650 ὁτὲ
3444 1598 3584 1668 μὲν,
3652 1599 3736 1650 ὅτι

3780 1209 3793 1255 l

2165 1707 2182 1740 ι
2207 1689 2494 1758 Ἐμοὶ“μὲν
2529 1689 2630 1761 [δὲ]
2667 1692 2741 1760 μὴ
2772 1691 2984 1760 γένοιτο
3008 1691 3332 1760 καυχᾶσθαι,
3363 1693 3411 1743 εί
3452 1691 3526 1762 μὴ
3567 1693 3624 1744 έν
3659 1691 3740 1762 τῷ
3775 1751 3784 1758 _

1173 1795 1364 1852 inuno
1407 1795 1637 1834 rursus:
1673 1799 1691 1832 ι
1751 1780 1865 1835 Νοη
1909 1782 2052 1836 enim

2162 1777 2382 1848 σταυρῷ
2405 1779 2497 1831 τοῦ
2520 1780 2779 1850 Χριστοῦ,
2804 1781 2870 1832 δι’
2901 1774 2962 1833 οὗ
2991 1782 3114 1850 ίιμοὶ⁵
3145 1781 3348 1850 κόσμος
3373 1782 3737 1852 ἐσταύρωται,

479 1845 741 1927 erubesco
774 1870 1124 1942 Evangelium
1148 1889 1163 1939 ;
1185 1846 1366 1927 'virtus
1391 1873 1535 1926 enim
1580 1873 1670 1928 Dei
1715 1883 1799 1927 est
1829 1874 1881 1927 in
1911 1873 2052 1926 salu-

2157 1845 2313 1934 κάγῶ
2475 1845 2692 1939 κόσμῳ·
2737 1889 2755 1921 ι
2783 1870 2871 1923 ότὲ
2930 1870 2986 1923 δὲ
3013 1845 3079 1923 αὖ
3105 1887 3118 1900 ’
3157 1889 3175 1921 ι
3204 1845 3280 1924 Oti
3331 1871 3438 1942 γὰρ
3471 1845 3740 1941 ἐπαισχύ-

481 1972 584 2017 tem
636 1963 782 2017 omni
826 1962 1094 2027 credenti,
1130 1959 1319 2016 Judan
1375 1963 1604 2032 primum
1626 1973 1681 2018 et
1709 1964 1897 2019 Graeco
1929 1964 1992 2018 ⁸³.
2029 1983 2048 2016 ι

477 2055 652 2124 Atque
686 2055 738 2109 in
769 2056 912 2110 hunc
953 2056 1170 2110 modum
1215 2054 1305 2110 ille
1337 2056 1419 2108 vir
1459 2055 1662 2124 Spiritu
1719 2056 1809 2112 Dei
1861 2056 2054 2126 plenus

475 2161 529 2201 et
554 2148 653 2202 sibi
685 2147 1025 2202 sentiendum
1062 2147 1340 2212 censebat,
1367 2155 1421 2204 et
1450 2157 1678 2203 caeteros
1706 2140 2048 2205 itn‘bueudos.

477 2237 663 2308 Neque
712 2237 859 2291 enim
916 2237 1032 2292 hac
1083 2236 1290 2292 frustra
1342 2240 1585 2308 scripsit,
1641 2240 1735 2292 sed
1791 2249 1848 2294 ut
1897 2242 2054 2295 nobis

478 2327 855 2398 persuaderet,
901 2337 960 2382 ut
991 2328 1364 2398 integritatem
1390 2330 1511 2400 ejus
1555 2346 1675 2400 qua:
1719 2331 1772 2384 in
1818 2330 1910 2386 illo
1938 2343 2058 2388 erat

480 2419 600 2472 ﬁdei
659 2417 942 2472 studentes
999 2417 1266 2482 aemulari,
1323 2418 1390 2474 de
1461 2417 1664 2474 Christi
1713 2421 2056 2488 passionibus

477 2510 789 2580 gloriemur.
815 2507 920 2563 Sed
949 2508 1190 2563 nonnulli
1218 2509 1282 2564 de
1299 2523 1462 2564 cruce
1484 2508 1686 2565 Christi
1703 2511 2053 2576 erubescunt,

478 2611 533 2657 et
559 2601 874 2656 doctoribus
902 2601 993 2669 qui
1030 2615 1125 2668 per
1146 2601 1332 2655 orbem
1387 2611 1657 2656 terrarum
1700 2603 2051 2668 exstiterunt,

478 2697 603 2765 quia
657 2693 930 2750 contraria
978 2694 1188 2748 sentire
1234 2691 1463 2757 malunt,
1510 2694 1673 2763 impie
1724 2693 2054 2759 resistendo,

476 2787 680 2844 Christi
729 2787 1010 2857 passiones
1054 2784 1445 2856 propemodum
1501 2783 1733 2840 irrident
1762 2785 1970 2849 miseri,
1999 2796 2054 2840 et

477 2881 805 2935 erubescunt
829 2877 1035 2933 Christi
1083 2875 1463 2946 Evangelium,
1500 2890 1621 2930 cum
1654 2877 1874 2931 Judaica
1915 2878 2051 2931 stul-

479 2971 594 3024 titia
629 2971 902 3032 laborent,
952 2977 1007 3024 et
1049 2967 1157 3022 illis
1187 2964 1330 3020 nulla
1376 2982 1442 3021 ex
1472 2975 1630 3036 parte
1678 2968 1790 3022 sint
1839 2967 2053 3022 inscitia

478 3061 786 3116 inferiores.
843 3059 989 3115 Crux
1047 3073 1281 3127 namque
1349 3057 1647 3113 Salvatoris
1721 3058 1891 3112 nostri
1946 3057 2052 3113 illis

2159 1976 2320 2029 νομαι
2344 1959 2402 2012 τὸ
2418 1961 2768 2030 Εύαγγέλιον·
2797 1963 3029 2033 δύναμις
3057 1964 3165 2033 γὰρ
3193 1963 3329 2018 Θεοῦ
3360 1966 3508 2017 ἐστιν
3533 1965 3610 2026 είς
3635 1981 3742 2016 σω-

2155 2052 2351 2123 τηρίαν
2384 2055 2550 2106 παντὶ
2574 2053 2652 2124 τῷ
2683 2055 3012 2116 πιστεύοντι,
3060 2055 3296 2125 Ἰουδαίῳ
3322 2072 3379 2109 τε
3413 2055 3616 2127 πρώτῳ
3645 2057 3742 2108 καὶ

2161 2141 2402 2211 Ἕλληνι.
2442 2161 2460 2194 ι
2513 2143 2648 2195 Ἀλλ’
2684 2139 2783 2197 ὦδε
2823 2145 2920 2214 μὲν
2952 2147 2981 2197 ό
3005 2145 3455 2216 Πνευματοφόρος
3486 2146 3641 2216 ἠξίου
3679 2164 3740 2199 τε

2159 2235 2378 2302 φρονεῖν
2413 2234 2595 2299 αὐτὸς,
2628 2236 2721 2288 καὶ
2769 2235 2875 2307 μὴν
2923 2237 3015 2289 καί⁵
3048 2237 3272 2306 ἑτέρους
3335 2240 3736 2306 μυσταγωγεῖν.

2158 2320 2408 2392 Γέγραφε
2440 2322 2549 2392 γάρ
2585 2325 2646 2375 ού
2673 2323 2870 2393 μάτην,
2906 2324 3022 2377 ἀλλ’
3059 2325 3145 2378 ἵνα
3174 2327 3322 2396 ἡμᾶς
3346 2327 3617 2396 ἀναπείσῃ
3641 2327 3740 2394 τῆς

2157 2413 2382 2484 ἐνούσης
2406 2415 2554 2486 αύτῷ
2572 2415 2809 2478 πίστεως
2832 2416 2929 2487 τὴν
2946 2416 3213 2488 ὀρθότητα
3236 2417 3431 2489 ζηλοῦν
3461 2407 3741 2488 ᾑρημένος

2162 2504 2270 2575 [Ton
2304 2507 2632 2579 ᾑρημένους]
2701 2511 2814 2571 τοῖς
2865 2508 3104 2580 Χριστοῦ
3149 2509 3467 2581 παθήμασιν
3508 2513 3742 2584 ἐναϐρύ-

2159 2598 2362 2652 νεσθαι.
2395 2599 2792 2670 Ἀπερυθριῶσι
2812 2599 2868 2653 δέ
2887 2617 3030 2664 τινες
3045 2601 3124 2670 τῷ
3142 2604 3378 2672 σταυρῷ,
3402 2603 3625 2665 καὶτοῖς
3645 2621 3741 2671 γε-

2156 2691 2340 2758 γονόσι
2364 2694 2477 2754 τοῖς
2512 2691 2622 2762 [ῖσ.
2647 2691 2769 2762 τῆς]
2803 2693 2890 2760 ὑφ’
2919 2693 3054 2762 ἡλίῳ
3075 2696 3480 2762 μυπαγωγοίς,
3505 2696 3742 2758 ἀνοσίως

2160 2783 2708 2854 ἀντανιστάμενοιδιά
2722 2783 2817 2838 τοῦ
2837 2787 3050 2855 φρονεῖν
3071 2785 3285 2838 ἑλέσθαι
3309 2788 3377 2839 τά
3393 2787 3626 2850 ἐναντία,
3651 2805 3742 2856 μου

2159 2877 2364 2945 νονουχὶ
2387 2875 2810 2946 καταμειδιῶσιν
2834 2877 2883 2929 οἱ
2916 2877 3142 2940 τάλανες
3164 2878 3269 2931 τῶν
3292 2879 3527 2948 Χριστοῦ
3567 2881 3742 2947 παθη·-

2159 2967 2366 3036 μάτων,
2397 2967 2742 3036 αἱσχύνονταί
2761 2985 2816 3020 τε
2851 2969 2911 3020 τὸ
2930 2968 3280 3036 Εύαγγέλιον,
3323 2969 3616 3039 Ἰουδαῖκὴν
3648 2988 3740 3022 νο-

2157 3059 2376 3122 σοῦντες
2393 3058 2652 3128 ἀμαθίαν,
2681 3060 2884 3129 καὶτῆς
2912 3061 3136 3114 ἐκείνων
3158 3062 3486 3133 ἀσελτηρίας
3512 3063 3630 3116 κατ’
3650 3066 3742 3116 ού-

477 3154 617 3208 l’acta
654 3165 737 3208 est
757 3151 1074 3207 scandalum
1110 3169 1122 3203 :
1167 3153 1350 3219 itaque
1377 3165 1500 3205 cum
1534 3149 1686 3204 illum
1713 3150 1836 3204 vita:
1867 3159 2051 3206 aucto-

2155 3149 2278 3202 δένα
2300 3149 2498 3220 τρόπον
2533 3151 2852 3220 ἡττώμενοι.
2894 3152 3088 3220 Γέγονε
3111 3154 3219 3223 γὰρ
3237 3154 3418 3218 αὐτοῖς
3441 3156 3740 3209 σκάνδαλον

477 3261 591 3301 rem
628 3245 865 3315 legisque
896 3242 1057 3296 linem
1111 3241 1256 3311 ligno
1305 3240 1555 3296 sufﬁxum
1616 3241 1881 3305 viderent,
1923 3259 2056 3314 qua-

481 3339 686 3392 tiebant
713 3335 973 3403 adversus
998 3347 1120 3387 eum
1153 3347 1320 3395 exosa
1351 3332 1460 3388 Deo
1489 3333 1690 3404 capita,
1722 3334 1867 3388 nullo
1897 3336 2056 3389 modo

479 3429 644 3484 Deum
679 3442 868 3482 revera
897 3440 1018 3481 esse
1041 3425 1328 3480 credentes
1361 3426 1453 3494 qui
1483 3425 1644 3480 homo
1683 3426 1860 3482 factus
1890 3436 2052 3492 esset,

479 3528 643 3588 atque
687 3516 753 3571 ad
805 3513 1231 3571 exinanitionem
1279 3514 1792 3581 descendisset;sed
1830 3516 1930 3569 rati
1957 3532 2053 3585 po-

482 3611 588 3664 tius
633 3621 796 3663 unum
853 3605 1220 3676 promiscuee
1255 3615 1442 3659 nostro
1499 3619 1723 3660 numero
1781 3606 2053 3661 hominem

480 3702 629 3758 illum
658 3714 797 3764 esse,
825 3709 880 3754 et
907 3707 1162 3768 tanquam
1198 3712 1263 3752 ex
1295 3697 1438 3752 malo
1467 3697 1645 3753 cordis
1679 3697 1763 3752 sui
1797 3699 2056 3753 thesauro

478 3793 815 3866 proferentes
843 3789 983 3845 mala
1015 3791 1080 3857 ",
1115 3789 1370 3844 dicebant
1403 3806 1416 3842 :
1461 3807 1480 3842 ‹
1512 3789 1613 3856 Qui
1647 3789 1886 3846 destruis
1922 3799 2054 3845 tem-

476 3888 622 3958 plum
677 3884 791 3949 Dei,
821 3892 874 3938 et
910 3883 964 3937 in
1012 3881 1186 3937 tribus
1240 3880 1430 3937 diebus
1454 3880 1694 3936 aediﬁcas
1720 3880 1870 3948 illud,
1903 3880 2051 3936 salva

477 3981 819 4049 temetipsum
845 3996 859 4034 :
883 3979 927 4034 si
944 3976 1112 4033 Filius
1137 3976 1231 4032 Dei
1261 3992 1341 4042 es,
1366 3979 1638 4034 descende
1660 3977 1727 4032 de
1749 3992 1910 4032 cruce
1927 3977 1992 4031 ὀ.
2027 3995 2046 4030 ι

474 4073 541 4129 Et
590 4076 825 4128 iterum:
862 4091 880 4123 ι
923 4070 1074 4125 Alios
1118 4070 1295 4126 salvos
1333 4071 1482 4136 fecit,
1544 4071 1782 4140 seipsum
1818 4086 1924 4126 non
1952 4086 2048 4141 po-

477 4175 581 4221 test
612 4165 818 4220 salvum
879 4161 1101 4216 facere:
1136 4161 1179 4216 si
1241 4176 1334 4215 rex
1394 4161 1556 4216 lsrael
1605 4169 1710 4226 est,
1760 4162 2052 4216 descendat

475 4271 618 4310 nunc
649 4255 712 4308 de
736 4266 915 4315 cruce,
941 4261 996 4305 et
1023 4253 1307 4306 credemus
1339 4251 1499 4320 120
1531 4251 1582 4305 in
1609 4268 1733 4306 eum
1761 4253 1830 4309 “.
1874 4273 1892 4305 ι
1931 4252 2046 4308 Non

474 4347 618 4403 enim
688 4345 858 4409 illum,
897 4352 956 4396 ut
993 4343 1149 4398 modo
1203 4344 1333 4407 dixi,
1395 4341 1563 4396 Deum
1609 4358 1732 4398 esse
1786 4345 2050 4414 putabant

472 4439 774 4494 secundum
835 4444 1108 4503 naturam,
1160 4450 1338 4504 neque
1379 4435 1471 4488 Dei
1499 4444 1552 4488 et
1580 4435 1757 4490 Patris
1788 4452 1913 4492 vere
1956 4437 2048 4492 Fi-

474 4531 629 4596 lium,
666 4531 760 4584 sed
784 4529 850 4583 de
884 4543 944 4584 se
976 4527 1294 4598 praedicare,
1341 4533 1396 4580 et
1442 4526 1704 4581 audacter
1732 4525 2049 4584 'divinitatis
2081 4511 2130 4570 θ

472 4622 782 4692 Opinionem
830 4619 931 4674 sibi
978 4631 1256 4689 arrogare.
1319 4614 1506 4684 Itaque
1554 4630 1697 4672 nunc
1756 4617 2046 4673 dicebant:

478 4732 497 4765 ε
535 4715 609 4769 De
642 4712 788 4768 bono
813 4725 977 4780 opere
1003 4724 1110 4765 non
1134 4707 1436 4778 lapidamus
1467 4717 1542 4772 te,
1581 4707 1677 4763 sed
1700 4709 1766 4764 de
1794 4709 2049 4780 blasphe-

473 4805 604 4868 mia,
625 4802 748 4872 quia
779 4811 832 4856 tu
861 4802 1020 4856 homo
1039 4815 1160 4856 cum
1180 4799 1278 4864 sis,
1301 4797 1438 4853 facis
1469 4799 1698 4869 teipsum
1726 4798 1895 4858 Deum
1908 4803 1983 4869 “;
2015 4821 2034 4856 ι

473 4908 618 4950 nunc
677 4893 744 4948 ad
787 4893 1017 4948 Pilatum
1061 4890 1423 4956 adducebant,
1479 4899 1535 4946 et
1584 4891 1828 4963 cruciﬂgi
1887 4908 2046 4964 roga-

471 4990 601 5044 bant
623 4987 668 5020 ⁸³
696 5001 710 5052 ;
757 4986 950 5041 deinde
976 4998 1097 5040 cum
1126 4982 1196 5038 ab
1218 4996 1284 5036 eo
1309 4992 1754 5051 exposcerentur,
1794 4993 1852 5038 ut
1886 4993 2048 5040 tanta:

469 5078 728 5132 adversus
753 5091 878 5132 eum
913 5071 1304 5130 malevolentia:
1338 5088 1534 5128 causas
1574 5073 1870 5144 edicerent,
1903 5075 2047 5133 illico

470 5164 822 5229 accusabant,
855 5173 912 5219 et
957 5163 1268 5218 clamabant
1306 5162 1548 5218 dicentes
1581 5181 1595 5217 :
1625 5183 1643 5216 ι
1680 5164 1814 5230 Quia
1848 5165 2043 5221 Filium

469 5257 564 5312 Dei
588 5271 646 5311 se
680 5256 808 5310 fecit
832 5254 898 5307 “.
931 5272 952 5306 ι
984 5251 1181 5306 Verum
1240 5265 1370 5306 ecce
1411 5253 1512 5307 hoc
1549 5268 1764 5324 quoque
1798 5265 2042 5325 tempore

469 5364 573 5404 non
590 5349 657 5403 ab
685 5345 962 5412 lsraelitis,
987 5355 1162 5412 neque
1191 5358 1220 5398 a
1245 5342 1587 5400 multitudine
1620 5345 2038 5416 Pharisaeorum,

539 5488 580 5519 "
605 5483 783 5539 Galat.
820 5498 892 5549 vi,
933 5483 1022 5550 M,
1101 5479 1142 5513 ⁸⁸
1176 5482 1334 5539 Rom.
1378 5499 1415 5545 ι,
1450 5484 1540 5540 16.

467 5555 557 5612 55.
633 5555 680 5588 ³³
704 5552 859 5608 .loan.
891 5569 1008 5618 xix,
1036 5552 1089 5606 6.
1165 5554 1212 5584 "
1249 5552 1382 5609 lbid.
1409 5552 1463 5607 7.

1617 5489 1660 5518 ¹⁹
1697 5486 1890 5542 Matth.
1925 5504 2018 5553 χιι,
2065 5489 2154 5544 55.

2154 3245 2182 3294 ὁ
2211 3240 2303 3294 τοῦ
2333 3241 2580 3312 Σωτῆρος
2613 3244 2864 3313 σταυρὸς·
2895 3245 2989 3296 xal
3019 3243 3150 3312 γοῦν
3173 3245 3250 3314 τῷ
3277 3245 3419 3315 ξύλῳ
3451 3249 3741 3318 προσηλω-

2156 3333 2314 3387 θέντα
2347 3333 2632 3401 βλέποντες
2650 3335 2741 3386 τὸν
2768 3336 2864 3404 τῆς
2893 3335 3036 3403 ζωῆς
3073 3337 3331 3407 ἀρχηγὸν,
3355 3337 3415 3390 τὸ
3443 3338 3535 3390 τοῦ
3570 3341 3743 3407 νόμου

2154 3423 2322 3487 τέλος,
2359 3423 2532 3475 ἔσειον
2580 3424 2676 3492 μὲν
2716 3425 2800 3476 ἐπ’
2834 3423 2983 3493 αύτῴ
3003 3424 3103 3487 τὰς
3154 3426 3428 3496 θεομισεῐς
3472 3429 3740 3496 κεφαλὰς,

2154 3517 2214 3569 ού
2239 3518 2371 3570 Θεὸν
2406 3512 2544 3570 εἶναι
2568 3517 2915 3580 πιστεύοντες
2938 3518 3156 3588 ἀληθῶς
3187 3519 3650 3590 ὲνηνθρωπηκότα
3680 3540 3741 3574 τε

2155 3608 2248 3661 καὶ
2276 3606 2608 3676 καθιγμένον
2638 3611 2717 3671 είς
2750 3610 2998 3674 κένωσιν,
3031 3609 3268 3680 οἰόμενοι
3296 3609 3352 3662 δὲ
3387 3610 3606 3679 μᾶλλον,
3643 3612 3743 3664 ἕνα

2153 3701 2262 3754 τῶν
2306 3701 2428 3754 καθ’
2467 3703 2612 3771 ἡμᾶς
2666 3701 2950 3772 ἄνθρωπον
3005 3701 3191 3765 άπλῶς
3227 3702 3493 3772 ὑπάρχειν
3537 3705 3733 3756 αὐτόν·

2155 3793 2394 3862 ἔφασκον
2423 3793 2506 3855 δὲ,
2553 3793 2626 3856 ὡς
2657 3795 2720 3846 ὲκ
2756 3793 2992 3862 πονηροῦ
3032 3793 3308 3864 θησαυροῦ
3356 3796 3454 3865 τῆς
3505 3795 3739 3864 καρδίας

2154 3886 2331 3938 αὐτῶν
2366 3887 2731 3957 προφέροντες
2777 3885 2845 3938 τά
2885 3887 3124 3957 πονηρά·
3169 3905 3186 3936 ι
3237 3887 3294 3939 Ὀ
3330 3888 3611 3940 καταλύων
3640 3889 3740 3941 τόν

2153 3979 2277 4031 ναὸν
2306 3979 2398 4032 τοῦ
2429 3979 2584 4040 Θεοῦ,
2622 3979 2713 4031 καὶ
2738 3981 2794 4031 ὲν
2835 3980 3014 4047 τρισὶν
3045 3979 3277 4050 ἡμέραις
3309 3979 3607 4049 οἰκοδομῶν
3637 3983 3740 4032 αύ-

2151 4068 2264 4131 τὸν,
2299 4067 2474 4120 σῶσον
2516 4068 2759 4121 σεαυτόν·
2793 4070 2840 4120 εἰ
2875 4068 2998 4131 Υἱὸς
3038 4063 3088 4120 εἴ
3114 4069 3209 4121 τοῦ
3243 4069 3398 4127 Θεοῦ.
3438 4072 3530 4123 καὶ
3563 4073 3737 4124 κατὰ·

2153 4159 2279 4230 ϐηθι
2306 4161 2413 4213 ἀπὸ
2439 4159 2530 4212 τοῦ
2566 4159 2821 4229 σταυροῦ.
2855 4179 2871 4210 ι
2901 4161 3008 4212 Καὶ
3043 4161 3205 4213 πάλιν
3226 4177 3238 4190 ·
3270 4180 3287 4210 ‹
3329 4162 3552 4224 Ἄλλους
3592 4162 3733 4213 ἔσω.

2154 4269 2264 4316 σεν,
2311 4251 2503 4304 ἑαυτὸν
2535 4251 2595 4302 ού
2630 4249 2852 4304 δύναται
2890 4251 3099 4305 σῶσαι·
3139 4255 3186 4305 εί
3231 4252 3481 4320 βασιλεὺς
3520 4253 3736 4322 Ἰσραήλ

2151 4345 2290 4405 ἔστι,
2339 4341 2630 4395 καταϐάτω
2667 4340 2762 4394 νῦν
2800 4343 2907 4394 ἀπὸ
2953 4344 3048 4396 τοῦ
3076 4343 3332 4412 σταυροῦ,
3377 4345 3470 4397 καὶ
3512 4345 3734 4396 πιστεύ-

2152 4451 2316 4504 σομεν
2374 4435 2458 4486 ἐπ’
2508 4433 2689 4486 αὐτόν.
2725 4452 2742 4484 ι
2777 4435 2851 4486 Oti
2895 4436 3003 4505 γάρ
3025 4452 3128 4498 τοι,
3165 4436 3415 4506 καθάπερ
3477 4436 3609 4506 ἔφην
3638 4437 3737 4506 ἀρ-

2153 4525 2303 4588 τίως,
2338 4523 2469 4576 Θεὸν
2509 4523 2676 4594 ᾤοντο
2707 4523 2848 4577 κατά
2882 4523 3042 4592 φύσιν
3070 4525 3337 4596 ὑπάρχειν
3384 4525 3568 4590 αὑτὸν,
3604 4525 3732 4578 οῦτε

2155 4617 2262 4686 μὴν
2293 4616 2417 4670 Υίὸν
2443 4616 2658 4688 άληθῶς
2686 4618 2778 4671 τοῦ
2812 4618 2947 4671 Θεοῦ
2975 4619 3068 4672 καὶ
3105 4618 3339 4688 Πατρός·
3390 4617 3736 4689 περιαυτίζε-

2153 4707 2274 4760 σθαι
2304 4707 2360 4761 δὲ
2413 4707 2612 4777 μᾶλλον
2661 4709 2752 4760 καὶ
2781 4708 2879 4778 τὴν
2921 4709 3017 4779 τῆς
3060 4708 3311 4779 θεότητος
3361 4708 3517 4774 δόξαν
3552 4709 3734 4776 ἑαυτῷ

2161 4801 2491 4871 προσνέμειν
2547 4801 2880 4871 ἀποτολμᾷν.
2929 4800 3241 4871 Τοιγάρτοι,
3297 4801 3427 4853 ποτὲ
3465 4800 3562 4870 μὲν
3608 4800 3734 4866 ἔφαο

2154 4908 2315 4944 σκον’
2352 4909 2369 4942 ι
2405 4893 2540 4962 Περὶ
2586 4890 2754 4944 καλοῦ
2801 4891 2963 4962 ἔργου
2999 4893 3060 4944 ού
3117 4890 3409 4962 λιθάζομέν
3461 4907 3542 4954 σε,
3594 4891 3732 4944 ἀλλά

2153 4985 2282 5054 περὶ
2317 4984 2686 5056 βλασφημίας,
2721 4988 2806 5039 ὅτι
2839 4986 2902 5038 σὺ
2933 4984 3217 5056 ἄνθρωπος
3245 4984 3342 5046 ὢν,
3379 4986 3552 5047 ποιεῖς
3575 4999 3734 5036 σεαυ-

2148 5072 2240 5126 τδν
2267 5072 2419 5128 Θεόν.
2457 5093 2476 5125 ι
2511 5075 2646 5126 Ποτὲ
2680 5073 2736 5127 δὲ
2767 5073 2981 5144 Πιλάτῳ
3012 5074 3310 5144 προσῆγον,
3335 5072 3430 5126 καὶ
3464 5071 3731 5142 σταυροῦ-

2152 5166 2276 5218 σθαι
2311 5164 2674 5235 παρεκάλουν.
2705 5160 2838 5219 Εἶτα
2861 5165 2960 5235 τῆς
2983 5165 3070 5216 ἐπ’
3097 5163 3244 5234 αὑτῷ
3277 5162 3599 5232 σκαιότητος
3631 5162 3732 5223 τὰς

2149 5258 2328 5319 αἰτίας
2369 5258 2542 5309 εἰπεῖν
2591 5255 2988 5328 ἐξαιτούμενοι,
3037 5256 3376 5326 κατηγόρουν
3417 5254 3600 5316 εὐθὺς,
3635 5254 3732 5306 καὶ

2149 5350 2646 5421 κατακεκράγησαν
2700 5350 2808 5419 (32)
2852 5349 3124 5418 λέγοντες,
3179 5368 3197 5399 ι
3235 5349 3360 5401 Ὀτι
3408 5346 3536 5398 Υἱδν
3589 5344 3728 5397 Θεοῦ

2962 5491 3005 5522 ²¹
3040 5489 3171 5544 ibid.
3212 5489 3305 5543 42.
3407 5488 3453 5518 ⁸²
3483 5485 3635 5541 Juau.
3668 5500 3725 5550 x,

2250 5491 2296 5520 ¹⁰
2338 5491 2530 5546 Matth.
2567 5507 2736 5557 xxvii,
2766 5490 2855 5546 40.

1705 5663 1890 5733 ,ANT.
1929 5665 2201 5721 AGELLll
2246 5668 2473 5722 NOT/E.

540 5777 652 5849 (ὅτ)
679 5776 926 5832 Fortasse
961 5779 1266 5849 legendum,
1296 5779 1768 5846 κατακεκράγαςι.
