4080 6428
404 367 511 424 209

1478 365 1851 421 ADVERSUS
1891 363 2301 419 NESTORIUM
2341 363 2466 419 LIB.
2502 365 2562 419 Υ.

3582 367 3686 422 illi

404 489 599 542 ἑαυτὸν
629 489 913 559 ἐποίησεν.
959 507 979 540 ι
1024 487 1163 543 Ἀλλ’
1196 489 1304 543 ίδοῦ
1337 487 1402 560 δὴ
1434 489 1527 542 καὶ⁵
1554 488 1648 542 νῦν
1673 489 1733 541 ού
1761 488 1914 559 παρά
1944 505 2005 556 γε

2115 487 2204 541 sed
2259 488 2326 542 ab
2373 487 2440 542 iis
2473 489 2564 558 qui
2607 489 2854 543 videnlur
2889 504 3013 546 esse
3044 489 3363 556 Christiani,
3397 497 3452 542 et
3483 489 3532 542 in
3571 504 3682 540 ma-

401 582 514 634 τῶν
547 579 606 645 ἐξ
647 581 896 653 Ἰσραὴλ,
926 580 1054 635 οὗτε
1095 583 1202 652 μὴν
1235 582 1333 651 τῆς
1377 581 1486 634 τῶν
1512 580 1824 650 Φαρισαίων
1872 579 2008 649 πλη-

403 672 556 736 θύος,
595 672 714 727 ἀλλ’
750 675 816 727 ὲκ
866 674 980 727 τῶν
1006 673 1309 728 δοκούντων
1342 669 1482 727 εἶναι
1513 673 1876 746 Χριστιανῶν,
1913 674 2007 726 καὶ⁹

399 760 762 831 τεταγμένων
793 764 852 816 ὲν
881 761 1248 830 διδασκάλοις,
1284 764 1378 816 καὶ
1402 766 1460 817 ὲν
1483 767 1597 828 τοῖς
1617 765 1716 836 τὴν
1745 764 1894 818 Θείαν
1920 765 2008 818 λα-

401 851 596 922 χοῦσιν
630 854 970 924 ἱερουργίαν,
1000 854 1070 908 τὰ
1093 849 1187 908 ῐσα
1215 857 1444 926 πάσχων
1473 857 1685 926 ὁρᾶται.
1733 857 2006 909 Ἀπιστεῖ-

403 962 492 997 ται
519 945 655 1016 γάρ,
688 947 773 1000 ὅτι
815 947 911 1001 καὶ
943 947 1077 1012 Θεὸς
1109 950 1247 1002 κατά
1285 949 1447 1019 φύσιν
1493 949 1664 1014 ἐστὶν,
1692 945 1774 1013 εἷς
1820 965 1880 1003 τε
1912 949 2006 1002 καὶ

407 1038 570 1107 μόνος
600 1041 698 1093 καὶ
732 1039 953 1110 ἀληθῶς
986 1040 1116 1104 Υίδς
1149 1041 1243 1094 τοῦ
1281 1040 1416 1094 Θεοῦ
1465 1041 1561 1094 καὶ
1597 1043 1832 1112 Πατρός.
1867 1040 2007 1112 Πρό-

405 1147 572 1198 ςασις
596 1131 657 1183 δὲ
695 1131 800 1200 τῆς
835 1133 923 1183 ἐπ’
955 1129 1104 1201 αύτῷ
1124 1131 1188 1202 δὴ
1223 1131 1398 1201 τούτῳ
1429 1132 1750 1195 δυσϐουλίας
1801 1134 2002 1196 αὐτοῖς,

403 1224 463 1279 τὸ
492 1221 691 1275 παθεῖν
718 1221 940 1276 ἑλέσθαι
967 1223 1133 1295 σαρκὶ
1161 1225 1254 1276 τὸν
1285 1223 1350 1277 δι’
1381 1227 1530 1294 ἡμᾶς
1575 1224 1803 1278 θάνατον
1831 1242 1844 1255 ο
1883 1225 2004 1278 καί-

403 1333 485 1366 τοι
513 1314 607 1367 διὰ
638 1314 802 1368 τοῦτο
844 1315 1178 1385 καθιγμένον
1217 1319 1298 1380 είς
1343 1316 1574 1370 κένωσιν
1620 1316 2004 1388 οἰκονομικῶς,

403 1407 494 1459 ἵνα
527 1407 626 1458 καὶ
677 1405 868 1459 παθὼν
906 1407 1048 1478 ὑπὲρ
1089 1408 1249 1478 ἡμῶν
1279 1410 1466 1480 σαρκὶ,
1523 1410 1853 1483 καταργήσῃ
1907 1409 2004 1462 τοῦ

396 1498 644 1552 θανάτου
696 1499 760 1551 τὸ
810 1500 1035 1570 κράτος,
1074 1501 1169 1555 ἀτε
1218 1501 1283 1572 δὴ
1337 1501 1600 1572 ὑπάρχων
1652 1503 1791 1554 κατά
1844 1502 2006 1570 φύσιν

397 1587 539 1658 ζωὴ,
580 1588 673 1640 καὶ
695 1590 760 1641 ὲκ
782 1586 927 1659 ζωῆς
952 1591 1162 1658 ἀναφὺς
1195 1591 1289 1644 τοῦ
1319 1590 1455 1644 Θεοῦ
1477 1593 1570 1645 καὶ
1595 1592 1824 1661 Πατρός.
1863 1595 2006 1646 Κατ-

395 1676 741 1748 ηῤῥὼστησε
805 1679 915 1748 γὰρ
981 1680 1014 1750 ὴ
1069 1679 1360 1751 ἀνθρώπου
1410 1680 1572 1749 φύσις
1621 1683 1722 1752 τὴν
1770 1681 2000 1751 φθορὰν,

395 1769 475 1830 ὡς
501 1771 566 1820 ὲν
591 1769 821 1840 ἀπαρχῇ
847 1769 942 1822 καὶ
974 1771 1101 1841 ῥίζῃ
1125 1773 1192 1841 τῇ
1217 1770 1432 1844 πρώτῃ,
1466 1771 1764 1838 τουτέστιν,
1811 1772 1999 1842 ’Λδάμη

2108 580 2399 646 gistrorum
2439 596 2666 636 numero
2713 592 3026 648 censentur,
3066 594 3121 638 et
3165 597 3351 638 eorum
3387 581 3478 650 qui
3513 578 3685 635 sortiti

2108 680 2236 725 sunt
2296 671 2464 726 divini
2511 674 2804 728 sacerdotii
2871 690 3087 739 munus,
3148 675 3336 730 eadem
3418 673 3690 728 sustinere

2107 764 2460 834 conspicitur.
2516 762 2630 818 Non
2685 765 2828 819 enim
2860 765 3001 822 Deus
3044 780 3167 821 esse
3199 767 3493 821 secundum
3533 773 3686 818 natu-

2109 871 2249 921 ram,
2270 865 2323 909 et
2346 871 2486 910 unus
2513 869 2564 914 et
2591 857 2738 912 solus
2760 867 2814 911 et
2839 872 2962 913 vere
2987 857 3078 912 Dei
3105 867 3159 912 et
3182 857 3355 912 Patris
3381 856 3550 910 Filius
3570 869 3684 910 cre—

2109 947 2253 1001 ditur
2287 963 2301 1002 :
2333 962 2632 1018 eorumque
2658 949 2709 1003 in
2748 951 2851 1004 hac
2877 965 2934 1004 re
2966 949 3206 1018 perﬁdiae
3226 963 3392 1004 causa
3421 957 3501 1001 est
3546 945 3687 1015 quod

2107 1049 2337 1095 mortem
2366 1050 2586 1110 pr0pter
2612 1056 2708 1096 nos
2745 1057 2910 1096 carne
2963 1043 3072 1110 pati
3108 1040 3363 1104 voluerit,
3432 1037 3687 1107 quamvis

2107 1145 2169 1186 ea
2202 1132 2268 1186 de
2299 1147 2463 1188 causa
2490 1133 2886 1204 dispensatorie
2919 1134 2983 1188 ad
3013 1112 3434 1188 exinanitiouem
3468 1133 3688 1184 descen-

2108 1219 2248 1273 derit
2294 1219 2361 1280 ".
2420 1229 2480 1275 ut
2525 1237 2691 1276 carne
2739 1237 2838 1292 pro
2899 1223 3054 1278 nobis
3113 1237 3323 1292 passus,
3386 1223 3690 1276 destrueret

2109 1312 2298 1365 mortis
2329 1313 2613 1380 imperium
2647 1317 2716 1378 ",
2756 1324 2938 1383 utpote
2967 1331 3090 1369 eum
3147 1317 3252 1368 vita
3313 1324 3456 1368 esset
3497 1327 3690 1366 secun-

2109 1398 2235 1452 dum
2261 1409 2534 1466 naturam,
2572 1411 2625 1456 et
2646 1417 2712 1457 ex
2749 1404 2876 1469 vita,
2902 1404 3002 1458 hoc
3036 1415 3138 1469 est,
3166 1405 3280 1472 ipso
3308 1403 3418 1457 Deo
3448 1418 3512 1456 ac
3531 1403 3690 1456 Patre

2107 1492 2325 1546 editus:
2360 1492 2638 1548 hominum
2679 1496 2876 1564 quippe
2921 1508 3114 1552 natura
3148 1505 3404 1567 tanquam
3437 1497 3488 1550 in
3537 1495 3689 1548 initio

2109 1582 2392 1652 primaque
2441 1587 2644 1650 radice,
2696 1588 2798 1641 hoc
2845 1589 3008 1642 estin
3059 1590 3250 1653 Adam,
3320 1588 3687 1656 corruptionis

2109 1674 2298 1727 morbo
2349 1673 2723 1730 laboraverat.
2781 1674 2880 1730 Ubi
2932 1676 3073 1730 enim
3128 1691 3225 1744 per
3268 1672 3687 1729 iuobedientiam

2110 1763 2469 1832 legislaturem
2497 1777 2552 1821 et
2577 1767 2744 1822 Deum
2769 1767 3012 1833 oﬂentlit,
3068 1778 3121 1822 et
3142 1769 3231 1838 qui
3266 1768 3411 1820 illum
3464 1775 3520 1820 ut
3549 1774 3691 1819 esset

412 1856 644 1926 Ἐπειδὴ
677 1857 788 1927 γὰρ
823 1858 1236 1930 προσκέκρουκε
1260 1859 1349 1912 διὰ
1377 1862 1475 1930 τῆς
1499 1862 1786 1931 παρακοῆς
1815 1861 1890 1930 τῷ
1919 1879 2005 1914 νο-

2115 1857 2462 1926 produxeral,
2521 1860 2707 1913 statim
2759 1862 2858 1915 sub
2917 1861 3206 1915 maledicto
3259 1859 3380 1924 fuit,
3427 1866 3480 1912 et
3529 1858 3687 1910 morti

407 1948 616 2019 μοθέτῃ
651 1949 750 2002 καὶ
779 1949 899 2020 Θεῷ
939 1951 1079 2020 (33),
1113 1952 1204 2003 καὶ
1231 1953 1627 2021 παρενεγκόντι
1655 1953 1789 2023 πρὸς
1829 1953 2008 2025 ῦπαρ-

407 2041 512 2104 ξιν,
557 2041 836 2111 ἐπάρατος
868 2037 936 2112 ἦν
967 2043 1154 2108 εὐθὺς,
1186 2043 1278 2096 καὶ
1325 2043 1559 2096 Θανάτου
1611 2044 1840 2116 κάτοχος
1864 2063 1878 2076 ·
1912 2047 2007 2100 καὶ

414 2131 806 2199 βεϐασίλευκεν
843 2133 872 2184 6
913 2132 1142 2196 θάνατος
1173 2135 1279 2187 ἀπὸ
1325 2119 1506 2206 ’Δδάμ
1545 2137 1706 2209 μέχρι
1740 2139 2003 2204 Μωσέως,

419 2224 798 2293 ὲκτεινομένης
832 2225 915 2286 είς
961 2223 1110 2278 ἅπαν
1144 2226 1204 2278 τὸ
1235 2226 1292 2292 ἐξ
1330 2228 1494 2280 αὑτοῦ
1537 2229 1759 2299 σπέρμα
1800 2247 1858 2283 τε
1913 2231 2009 2284 καὶ

426 2316 602 2381 γένος,
632 2319 726 2386 τῆς
754 2318 850 2369 ἐπὶ
897 2317 1034 2388 τῷδε
1066 2318 1240 2389 δίκης.
1291 2320 1476 2390 Ῥίζης
1505 2322 1614 2394 γὰρ
1653 2322 1843 2395 ῶσπερ
1875 2325 2010 2378 ἀνα-

425 2406 619 2474 φύντες
661 2407 938 2479 φθαρτῆς,
977 2409 1210 2480 φθαρτοὶ
1247 2412 1342 2464 καὶ
1389 2414 1570 2482 ἡμεῖς,
1621 2415 1712 2466 καὶ
1753 2417 1866 2478 τοῖς
1914 2415 2010 2468 τοῦ

417 2498 647 2552 Θανάτου
718 2500 941 2570 βρόχοις
993 2502 1344 2572 ὲνισχημένοι
1400 2504 1746 2576 διετελοῦμεν
1800 2509 1848 2559 οἱ
1902 2507 2010 2560 δεί-

411 2589 578 2642 λαιοι.
623 2591 849 2662 Ἐπειδὴ
876 2592 933 2645 δὲ
978 2594 1193 2664 χρηστὰ
1237 2596 1366 2664 περὶ
1411 2597 1568 2666 ἡμῶν
1601 2599 1629 2650 6
1678 2598 2012 2671 δημιουργὸς

406 2684 709 2752 ἐσκέψατο,
751 2685 848 2738 καὶ
876 2685 1234 2758 ἀνῃρημένης
1263 2689 1359 2758 τῆς
1392 2689 1597 2762 φθορᾶς
1626 2693 2012 2763 ἀναστοιχειῶ-

405 2793 503 2828 σαι
549 2776 689 2847 πρὸς
740 2777 800 2830 τὸ
839 2777 934 2828 ἀπ’
983 2777 1160 2848 ἀρχῆς
1203 2779 1302 2850 τὴν
1345 2780 1634 2852 ἀνθρώπου
1673 2784 1834 2852 φύσιν
1883 2785 2011 2855 ἡθέο

402 2867 542 2938 λησε
572 2884 587 2897 ·
646 2867 807 2938 ῥίζαν
855 2867 1049 2939 ῶσπερ
1090 2871 1221 2938 ἡμῖν
1266 2871 1541 2944 ὲπήνθησε
1580 2875 1859 2946 δευτέραν,
1914 2878 2014 2930 οὐκ

405 2959 761 3029 ἀνεχομένην
793 2959 1120 3030 κρατεῖσθαι
1148 2961 1385 3033 Θανάτῳ,
1412 2967 1502 3018 τὸν
1529 2967 1622 3018 ἕνα
1667 2968 1872 3039 Κύριον
1908 2970 2013 3040 Ἰη-

407 3047 542 3100 σοῦν
576 3048 671 3101 τὸν
695 3049 954 3119 Χριστὸν,
987 3049 1256 3114 τουτέστι,
1296 3051 1387 3105 τὸν
1419 3054 1483 3106 ὲκ
1511 3056 1609 3124 τῆς
1640 3055 1827 3118 ούσίας
1853 3055 2012 3109 αὐτοῦ

404 3140 547 3194 Θεδν
584 3141 786 3209 Λόγον,
818 3141 940 3196 καθ’
986 3143 1137 3214 ἡμᾶς
1171 3144 1464 3215 γενόμενον
1495 3146 1807 3219 ἄνθρωπον,
1853 3147 2009 3216 γενό-

409 3257 579 3311 μενον
599 3239 664 3292 ἐκ
688 3241 969 3306 γυναικός.
1001 3240 1079 3292 Οὐ
1105 3240 1214 3312 γάρ
1243 3259 1323 3296 τοι
1353 3242 1627 3314 Θεοφόρον
1659 3237 1797 3295 εἶναί
1831 3259 2009 3313 φαμεν

405 3331 711 3402 ἄνθρωπον
759 3332 969 3397 ἁπλῶς,
1011 3332 1146 3386 ἀλλά
1191 3335 1516 3404 αὐτόχρημα
1560 3334 1703 3388 κατά
1754 3335 2012 3407 ἀλήθειαν

407 3424 506 3476 τὸν
540 3425 610 3475 ἐκ
661 3423 799 3476 Θεοῦ
845 3425 1020 3493 Λόγον
1064 3425 1309 3496 ἡνῶσθαι
1362 3428 1548 3498 σαρκὶ,
1584 3429 1673 3482 ἵνα
1721 3429 1820 3501 τὴν
1876 3428 2014 3482 ἰδίαν

406 3517 598 3588 ψυχὴν
632 3517 898 3581 τεθεικὼς
933 3518 1074 3590 ὑπὲρ
1105 3519 1286 3587 ἡμῶν,
1313 3519 1408 3573 καὶ
1447 3519 1571 3584 δοὺς
1595 3519 1672 3591 τῷ
1706 3520 1924 3592 θανάτῳ
1954 3521 2016 3575 τὸ

409 3607 622 3663 ἑαυτοῦ
663 3607 825 3678 σῶμα
867 3609 938 3662 δι’
966 3611 1115 3682 ἡμᾶς
1147 3611 1529 3681 οἰκονομικῶς,
1599 3607 1718 3666 εἶτα
1768 3616 2017 3685 κρεῖττον

411 3701 552 3754 αὐτὸ
585 3701 688 3770 τῆς
730 3701 939 3772 φθορᾶς
976 3703 1268 3772 ἀποφήνας
1289 3702 1380 3756 διὰ
1423 3703 1523 3773 τῆς
1557 3705 1621 3757 ὲκ
1651 3707 1862 3774 νεκρῶν
1885 3706 2017 3759 ἀνα-

387 3864 390 3866 γ
417 3791 693 3856 στάσεως,
725 3791 1150 3864 πληροφορήσας
1175 3795 1283 3864 [Ῑσ.
1318 3793 1735 3866 πληροφορήσῃ]
1767 3794 2017 3866 σύμπαν-

412 3903 516 3949 τας
549 3886 685 3948 τοὺς
715 3887 796 3948 είς
827 3885 992 3938 αὐτὸν
1039 3885 1418 3950 πιστεύοντας,
1453 3887 1535 3939 ὅτι
1571 3887 1668 3940 καὶ
1703 3889 1854 3958 ἡμᾶς
1892 3889 2020 3956 ἐγε-

416 3979 525 4047 ρεῖ,
553 3977 655 4030 καὶ
680 3976 945 4047 ἀμείνους
971 3978 1243 4048 ἀποφανεῖ
1270 3978 1380 4032 τῶν
1404 3979 1497 4031 τοῦ
1522 3979 1754 4033 θανάτου
1779 3980 2016 4050 δεσμῶν,

422 4067 515 4119 καὶ
547 4067 655 4136 τῆς
687 4066 897 4139 φθορᾶς
937 4067 1163 4136 ἀρκύων
1203 4069 1360 4137 ὀλίγα
1409 4069 1860 4139 πεφροντικότας.
1905 4071 2021 4123 Ἐν-

2109 1947 2388 2015 subjectus
2421 1969 2434 2004 :
2467 1961 2521 2005 et
2571 1952 2814 2022 regnavit
2874 1967 3023 2006 mors
3079 1954 3146 2006 ah
3177 1952 3349 2006 Adam
3406 1964 3576 2019 usque
3621 1950 3688 2003 ad

2109 2039 2290 2096 Mosen
2324 2043 2392 2106 ’⁷,
2430 2041 2550 2096 eum
2594 2041 2713 2110 ejus
2761 2043 3007 2097 criminis
3064 2057 3224 2112 poena
3273 2043 3324 2095 in
3379 2041 3687 2095 universum

2110 2148 2175 2188 ex
2215 2134 2304 2188 illo
2333 2149 2517 2189 semen
2545 2149 2607 2188 ac
2628 2149 2798 2204 genus
2827 2134 3215 2192 extenderetur
3247 2152 3259 2187 :
3289 2149 3410 2187 nam
3444 2131 3590 2188 velut
3616 2146 3683 2185 ex

2111 2237 2366 2297 corrupta
2423 2227 2607 2281 radice
2641 2226 2776 2292 nati,
2834 2225 3226 2294 eorruptihiles
3258 2225 3360 2294 ipsi
3391 2237 3605 2293 quoque.
3634 2231 3691 2277 et

2112 2324 2306 2378 mortis
2363 2321 2575 2390 laqueis
2631 2319 2911 2377 constricti
2973 2317 3424 2389 permanebamus
3485 2315 3690 2370 miseri.

2111 2415 2304 2471 Postea
2341 2429 2470 2469 vero
2519 2428 2680 2482 quam
2738 2415 2805 2467 de
2835 2413 2993 2466 nobis
3021 2411 3110 2466 ille
3164 2411 3413 2465 conditor
3467 2407 3690 2462 meliora

2112 2508 2461 2578 cogitavit,et
2494 2506 2846 2575 corruptione
2893 2503 3104 2560 sublata
3146 2503 3405 2568 hominis,
3440 2511 3693 2556 naturam

2114 2599 2414 2654 reformare
2442 2598 2508 2652 ad
2545 2597 2786 2668 priorem
2818 2606 3020 2651 statum
3051 2595 3239 2658 voluit,
3276 2594 3513 2649 radicem
3562 2608 3698 2663 quo-

2114 2689 2404 2745 dammodo
2442 2689 2600 2743 nobis
2633 2688 2857 2743 alteram
2891 2686 3138 2756 protulit,
3163 2701 3283 2755 quae
3328 2684 3499 2739 teneri
3522 2693 3698 2740 morte

2115 2797 2221 2835 non
2259 2788 2462 2849 posset,
2523 2779 2694 2845 illum,
2726 2780 2968 2848 inquam,
3001 2793 3166 2830 unum
3199 2776 3482 2831 Dominum
3514 2774 3698 2828 Iesum

2114 2873 2414 2938 Christum,
2449 2873 2553 2926 hoc
2579 2882 2680 2936 est,
2720 2871 2870 2924 illum
2924 2885 2988 2924 ex
3023 2869 3191 2938 ipsius
3236 2868 3471 2922 essentia
3528 2865 3698 2920 Deum

2116 2963 2356 3016 Verbum
2419 2962 2485 3014 ad
2523 2971 2765 3015 nostram
2815 2959 3226 3014 similitudinem
3274 2955 3476 3011 factum
3522 2954 3702 3010 horni-

2117 3069 2265 3116 nem,
2299 3052 2505 3106 factum
2550 3067 2618 3106 ex
2677 3051 2906 3104 muliere
2925 3050 2992 3104 ".
3026 3047 3210 3119 Neque
3244 3047 3387 3102 enim
3426 3046 3700 3102 Deilerum

2117 3159 2238 3200 esse
2265 3144 2538 3198 hominem
2576 3142 2887 3212 promiscue
2927 3139 3186 3204 dicimus,
3219 3139 3310 3192 sed
3353 3136 3481 3191 illud
3526 3137 3701 3207 ipsum

2115 3237 2413 3292 secundum
2474 3235 2762 3290 veritatem
2809 3248 2876 3286 ex
2929 3233 3039 3287 Deo
3097 3229 3328 3286 Verbum
3364 3230 3516 3284 carni
3578 3230 3707 3284 uni-.

2118 3339 2228 3384 tum
2258 3329 2448 3392 fuisse,
2477 3334 2535 3382 ut
2568 3325 2791 3396 propria
2808 3324 2992 3378 anima
3010 3335 3110 3392 pro
3139 3321 3292 3376 nobis
3319 3320 3586 3390 posita,et
3607 3334 3706 3375 suo

2116 3437 2347 3491 corpore
2408 3420 2619 3475 ratione
2674 3415 3071 3488 dispensatoris
3121 3414 3283 3470 morti
3333 3421 3555 3483 propter
3607 3426 3707 3469 nos

2122 3513 2276 3582 121
2303 3509 2486 3566 oblato
2515 3527 2530 3577 ;
2565 3508 2765 3564 deinde
2813 3522 2910 3576 per
2967 3503 3425 3560 resurrectionem
3455 3517 3522 3557 ex
3554 3517 3704 3558 mor-

2119 3605 2228 3660 tuis
2263 3604 2474 3660 victore
2505 3599 2871 3671 corruptionis
2899 3597 3117 3661 eﬂ‘ecto,
3139 3597 3392 3652 omnibus
3425 3597 3477 3649 in
3511 3610 3571 3651 se
3593 3609 3708 3650 cre-

2121 3697 2376 3754 dentibus
2409 3695 2574 3770 Iﬁdem
2619 3694 2849 3758 faceret,
2902 3691 3019 3746 fore
3050 3700 3108 3745 ut
3138 3705 3236 3746 nos
3271 3689 3434 3745 etiam
3487 3687 3708 3749 excitet,

2122 3804 2186 3846 ac
2219 3789 2411 3844 mortis
2447 3787 2680 3841 vinculis
2710 3784 2901 3841 reddat
2930 3782 3206 3848 fortiores,
3243 3788 3297 3833 et
3345 3776 3708 3847 corruptionis

2124 3884 2261 3938 retia
2297 3879 2768 3950 parvipendentcs.
2803 3875 2915 3930 Hac
2940 3875 3009 3930 de
3034 3888 3202 3929 causa
3236 3871 3452 3926 beatum
3490 3882 3709 3940 quoque

2122 3974 2350 4029 Paulum
2380 3980 2512 4042 puto
2543 3969 2758 4041 plurimi
2782 3967 2976 4024 fecisse
3013 3975 3070 4021 et
3107 3962 3347 4018 maxime
3375 3961 3702 4016 admiratum

2125 4066 2296 4121 fuisse
2321 4063 2417 4118 Dei
2441 4073 2496 4118 et
2522 4061 2704 4116 Patris
2741 4060 2795 4114 in
2829 4073 2928 4114 nos
2977 4056 3325 4112 charitatem.
3375 4051 3522 4106 Dixit
3560 4051 3704 4105 enim

425 4155 615 4209 τεῦθεν
647 4151 805 4226 οἶμαί
829 4173 933 4209 που
970 4157 1066 4210 καὶ
1087 4157 1178 4210 τὸν
1212 4157 1499 4213 θεσπέσιον
1527 4160 1738 4213 Παῦλον
1771 4161 1828 4212 ἐν
1860 4161 2011 4214 παντῖ

2127 4159 2231 4214 hoc
2261 4159 2464 4212 modo:
2495 4172 2514 4206 ι
2553 4153 2692 4221 Quid
2724 4166 2857 4222 ergo
2892 4150 3133 4206 dicemus
3170 4147 3239 4201 ad
3273 4146 3388 4200 haec
3417 4143 3442 4198 τ
3480 4142 3536 4198 Si
3573 4143 3711 4198 Deus

427 4248 706 4301 ποιεῖσθαι
751 4248 896 4320 λόγῳ
946 4249 1041 4303 καὶ
1072 4250 1332 4322 θαύματι,
1364 4253 1459 4305 τοῦ
1494 4251 1632 4305 Θεοῦ
1679 4255 1773 4305 καὶ
1810 4255 2011 4324 Πατρδς

2126 4263 2226 4321 pro
2272 4247 2450 4316 nobis,
2499 4246 2622 4318 quis
2675 4252 2865 4300 contra
2901 4256 2998 4297 nos
3031 4239 3056 4295 Τ
3087 4238 3181 4309 qui
3209 4237 3426 4307 proprio
3453 4234 3591 4289 Filio
3613 4249 3712 4288 suo

423 4342 524 4409 τὴν
550 4344 635 4405 είς
657 4343 808 4413 ἡμᾶς
835 4342 1081 4413 ἀγάπην.
1119 4344 1264 4413 Ἔφη
1303 4345 1412 4416 γὰρ
1438 4337 1542 4398 ὦδε
1566 4361 1579 4375 ο
1617 4366 1634 4396 ι
1661 4345 1725 4398 Τί
1753 4341 1846 4400 οὖν
1873 4345 2011 4417 ἐροῦ-

2130 4356 2236 4397 non
2266 4338 2531 4411 pepercit,
2564 4337 2658 4393 sed
2687 4351 2786 4406 pro
2803 4334 2962 4390 nobis
2986 4331 3238 4388 omnibus
3264 4327 3487 4383 tradidit
3511 4327 3711 4395 ipsum,

429 4450 534 4502 μεν
569 4433 714 4504 πρὸς
755 4433 964 4500 ταῦτα;
1023 4435 1088 4488 Ei
1131 4437 1160 4488 6
1208 4435 1342 4499 Θεὸς
1371 4437 1511 4509 ὑπὲρ
1555 4437 1734 4508 ἡμῶν,
1771 4439 1856 4512 τίς
1899 4437 2011 4492 καθ

2130 4431 2402 4502 quomodo
2434 4445 2541 4486 non
2569 4429 2732 4485 etiam
2769 4441 2892 4481 cum
2939 4425 3056 4495 ipso
3111 4422 3291 4476 omnia
3336 4417 3492 4474 nobis
3543 4417 3712 4470 dona-

425 4525 633 4593 ἡμῶν;
661 4526 720 4588 ὃς
750 4542 814 4594 γε
847 4525 944 4579 τοῦ
977 4527 1110 4580 ίδίου
1142 4527 1271 4582 Υἱοῦ
1308 4529 1406 4582 οὐκ
1442 4529 1718 4596 ἐφείσατο,
1743 4509 1857 4584 ἀλλ’
1889 4529 2011 4600 ὑπὲκ

2134 4527 2217 4583 bit
2246 4525 2291 4557 ”
2317 4524 2341 4578 ?
2378 4544 2397 4578 ι
2432 4522 2694 4590 Quamvis
2728 4519 2875 4575 enim
2907 4511 3290 4585 quamplurimi
3321 4509 3568 4564 homines
3599 4521 3716 4576 gra-

425 4615 595 4684 ήμῶν
641 4615 863 4669 πάντων
917 4617 1236 4688 παρέδωκεν
1266 4619 1449 4684 αὑτὸν,
1486 4621 1603 4684 πῶς
1643 4621 1765 4691 οὐχὶ
1807 4621 1903 4674 καὶ
1928 4622 2011 4674 oin

2135 4618 2207 4672 tia
2257 4625 2314 4672 et
2363 4616 2652 4684 adoptione
2691 4611 2861 4666 simus
2889 4605 2981 4660 lilii
3011 4603 3224 4676 (vocati
3258 4613 3489 4668 namque
3527 4610 3716 4651 sumus

424 4706 584 4775 αύτῴ
609 4707 680 4760 τά
715 4708 899 4762 πάντα
951 4711 1084 4780 ἡμῖν
1127 4712 1451 4782 χαρίσεται;
1495 4730 1512 4761 ι
1547 4713 1739 4765 Καίτοι
1787 4711 2007 4766 πλεῖστο

2135 4709 2231 4771 dii,
2265 4715 2320 4761 et
2363 4705 2458 4760 ﬁlii
2490 4702 2703 4758 Excelsi
2748 4713 2938 4756 omnes
2963 4696 3067 4767 ³⁸),
3103 4706 3244 4750 unus
3276 4699 3454 4744 tamen
3487 4697 3542 4742 et
3567 4688 3716 4742 solus

431 4799 540 4868 μὲν
569 4799 710 4863 ὅσοι,
741 4800 927 4871 χάριτί
1047 4777 1158 4855 καί-
1180 4777 1320 4856 κατά
1351 4802 1500 4856 θέσιν
1542 4803 1649 4856 υἱοί
1669 4821 1682 4834 ι
1713 4802 2011 4874 κεκλήμεθι

2135 4800 2226 4854 ille
2253 4807 2339 4854 est
2369 4797 2665 4853 secundum
2714 4799 2990 4852 naturam,
3046 4785 3269 4856 ejusque
3321 4781 3593 4853 proprius,
3628 4777 3718 4832 ille

427 4860 545 4958 γὰρ
577 4860 716 4952 θεοὶ,
742 4860 858 4943 "xci.
896 4891 1005 4943 υἱοὶ
1047 4891 1304 4960 Ὑψίστου
1341 4891 1569 4954 πάντες·
1603 4886 1683 4954 εἷς
1721 4891 1777 4944 δὲ
1809 4860 1902 4945 καί
1933 4891 2011 4961 μό·

2135 4888 2390 4944 nimirum
2427 4900 2496 4940 ex
2530 4884 2646 4954 ipso
2680 4880 2824 4935 Deus
2859 4877 3122 4942 Verbum,
3179 4887 3244 4928 eo
3306 4883 3520 4942 quoque
3581 4877 3719 4922 tem-
3759 4860 3804 4884 "

428 4997 525 5044 νος
571 4983 602 5035 6
654 4981 799 5035 κατὰ
852 4981 1017 5052 φύσιν
1049 4984 1144 5037 καὶ
1179 4984 1307 5047 ἴδιος
1348 4983 1540 5048 αὐτοῦ,
1582 4984 1879 5048 τουτέστιν,
1915 4986 1944 5036 6
1971 4984 2011 5036 éi

2139 4994 2269 5051 pore
2295 4994 2416 5035 cum
2443 4977 2618 5032 factus
2646 4984 2730 5030 est
2758 4986 2908 5027 caro.
2948 4969 3040 5027 Sic
3078 4982 3311 5037 namque
3343 4966 3518 5034 ipsum
3551 4961 3716 5015 etiam

3277 5123 3321 5154 '°
3348 5118 3489 5175 Psal.
3528 5131 3718 5181 Lxxxt,

505 5138 556 5168 "
599 5133 835 5202 Philipp.
880 5149 939 5196 ιι,
978 5135 1030 5190 7.
1110 5135 1156 5167 ’⁸
1188 5133 1351 5191 Hebr.
1388 5151 1448 5197 ιι,
1487 5134 1574 5189 ιι.
1636 5136 1679 5168 ⁸⁷
1713 5133 1871 5189 Rom.
1908 5149 1960 5201 v,
1997 5134 2011 5187 l

467 5208 505 5262 6
535 5224 550 5262 ;
579 5205 748 5261 Joau.
789 5220 843 5262 χ.
885 5205 974 5258 54.

2162 5133 2208 5165 ³⁸
2237 5133 2412 5188 Galat.
2447 5147 2518 5196 tv,
2545 5128 2600 5183 Ιι.
2677 5127 2722 5158 ²⁹
2763 5127 2921 5182 Rom.
2945 5139 3065 5191 vttt,
3108 5123 3196 5176 51.

535 5221 748 5272 ;Joau.
789 5221 843 5271 ι,
885 5221 974 5258 os.

1717 5353 1876 5410 ANT.
1919 5352 2194 5410 AGELLII
2232 5351 2464 5409 ΝΟΤᾸΞ.

2141 5513 2223 5567 his
2260 5527 2378 5580 qua!
2423 5517 2610 5564 contra
2665 5506 2866 5576 Pelagii
2915 5504 3198 5580 Opiniones
3253 5508 3512 5580 ιιιιειιίιηι,
3558 5509 3611 5550 et
3669 5498 3720 5549 in

2139 5568 2488 5650 processione
2527 5581 2760 5648 Spiritus
2796 5568 3013 5650 Tsancii,
3055 5588 3218 5643 quem
3253 5568 3291 5624 ξι
3328 5568 3464 5649 Filio
3508 5583 3720 5650 ιιιιοςιιιυ

2141 5639 2432 5721 procedere
2463 5639 2661 5706 asserit
2693 5659 2750 5701 ut
2785 5639 3138 5716 Augustinus,
3174 5653 3229 5696 ut
3261 5642 3538 5706 superiore
3584 5639 3722 5691 libro

2143 5725 2420 5779 disseruit.

511 5520 632 5589 (35)
664 5517 737 5571 De
801 5523 1028 5589 peccato
1070 5513 1299 5589 originis
1344 5513 1416 5589 ita
1469 5520 1658 5589 aperte
1701 5511 1940 5576 disserit,
1972 5523 2032 5589 ut

434 5580 559 5649 fere
586 5580 952 5657 Augustinum
983 5580 1452 5657 legere—videaris,
1483 5580 1573 5651 qui
1611 5580 1917 5657 ejusmtate
1947 5581 2028 5635 vi-

436 5668 556 5726 xit;
597 5651 764 5729 ith'ue
794 5672 900 5711 non
929 5651 1105 5729 solum
1140 5653 1191 5729 i_u
1236 5655 1345 5729 hoc
1368 5657 1617 5719 dogmate
1653 5651 1835 5705 videre
1879 5651 2029 5729 licet,

437 5721 743 5790 rnaiiuta'm
796 5729 936 5781 inter
969 5726 1109 5779 duos
1159 5724 1257 5777 hos
1311 5721 1502 5775 Patres
1550 5736 1671 5776 esse
1716 5721 2034 5774 consensio-

438 5823 592 5867 nem,
629 5815 815 5854 verum
874 5796 1037 5850 etiam
1076 5796 1129 5850 iu
1176 5794 1358 5848 multis
1387 5794 1526 5856 aliis,
1558 5808 1619 5846 ac
1670 5790 1937 5860 praecipue
1979 5793 2031 5845 ιιι
