4080 6414
448 331 548 390 211

1440 326 1496 381 S.
1540 325 1810 381 CYBILLI
1856 322 2320 382 ALEXANDRlNI
2365 332 2684 392 ARCHlEP.

3606 325 3715 382 σιξ

451 467 549 521 pro
598 452 852 507 omnibus
881 450 1066 505 datum
1111 449 1369 513 dicimus,
1418 459 1476 503 ut
1532 451 1646 517 ipse
1699 450 1857 517 plane
1898 446 2018 500 ait:

2144 454 2294 507 ιύτοῦ
2327 454 2458 519 Θεὸς
2501 458 2695 525 Λόγος,
2732 458 2826 509 καὶ
2857 457 2947 507 ὅτε
2991 453 3185 521 γέγονε
3217 449 3373 520 σάρξ.
3413 446 3571 501 Οὕτω
3602 446 3718 515 γάρ

456 563 475 595 ι
511 543 600 598 Sic
630 542 771 598 Deus
802 542 989 596 dilexit
1019 541 1298 605 mundum,
1332 548 1390 594 ut
1416 539 1612 595 Filium
1641 555 1797 594 suum
1835 540 2023 605 unige-

452 634 624 687 nitum
677 634 852 697 daret,
895 643 951 687 ut
1002 634 1181 689 omnis
1216 634 1307 703 qui
1356 634 1533 688 credit
1576 633 1628 686 in
1674 631 1870 699 ipsum,
1920 644 2024 684 non

450 734 660 792 pereat,
702 725 795 780 sed
837 724 1036 780 habeat
1068 725 1234 779 vitam
1262 736 1518 778 aeternam
1545 724 1608 776 ³⁸.
1642 740 1661 775 ι
1707 721 2028 791 Unigenitus

440 824 536 870 ‘est
572 832 701 887 ergo
733 816 827 873 ille
855 820 1014 873 datus
1048 835 1061 872 :
1096 832 1217 872 nam
1251 818 1426 872 solum
1454 826 1538 872 est
1577 831 1641 871 ex
1694 814 1787 869 Dei
1822 812 2028 867 Patris-

453 922 561 977 que
588 917 771 962 natum
820 910 1059 965 essentia
1093 908 1220 963 illud
1253 923 1317 963 ex
1347 924 1411 964 eo
1448 917 1501 962 et
1550 906 1602 961 in
1651 921 1718 961 eo
1764 905 2026 960 Verbum.

455 997 565 1054 Sed
597 1000 721 1068 quia
760 999 963 1055 factum
1014 1010 1097 1055 est
1140 1001 1324 1065 homo,
1373 1015 1437 1055 ea
1491 998 1559 1054 de
1613 1013 1776 1054 causa
1824 997 1876 1052 in
1906 1012 2028 1051 eum

456 1090 755 1155 credimus,
779 1091 924 1147 illius
948 1093 1243 1147 secundum
1294 1108 1514 1147 carnem
1561 1091 1767 1145 obitam
1800 1099 2029 1144 mortem

457 1183 949 1246 annuntiantes,et
985 1183 1141 1238 simul
1178 1184 1629 1239 resurrectionem
1656 1182 1978 1238 conﬁtentes
2013 1199 2029 1248 ;

458 1273 707 1327 eumdem
755 1274 990 1328 scientes
1020 1285 1072 1328 et
1120 1283 1247 1329 ante
1295 1275 1493 1329 saecula
1524 1272 2031 1340 Filium,etextre~

456 1364 563 1418 mis
593 1366 927 1432 temporibus
961 1366 1359 1435 dispetfsatorie
1393 1366 2035 1436 hominem,passumque

455 1465 678 1524 propter
703 1472 801 1512 nos
839 1468 1064 1512 mortem
1100 1473 1285 1525 carne,
1312 1469 1368 1514 et
1397 1459 1691 1513 excitatum
1719 1472 1749 1511 a
1780 1458 2032 1514 mortuis.

459 1544 568 1603 Sed
616 1548 801 1605 nescio
823 1551 1093 1619 quomodo
1125 1552 1213 1606 hic
1246 1549 1557 1606 Iudaeorum
1586 1550 1828 1606 stultitia:
1854 1559 2035 1620 patro-

458 1653 562 1695 nus
590 1642 795 1698 nostris
834 1643 1015 1699 verbis
1058 1643 1409 1714 indignatur;
1446 1660 1572 1699 nam
1606 1658 1819 1698 rursum
1860 1642 2032 1697 dixit:

528 1905 766 1962 Nssron.
798 1907 975 1979 [Quod
1013 1909 1065 1962 in
1113 1909 1396 1964 nativitate
1436 1923 1501 1961 ex
1532 1908 1731 1963 Christi
1773 1908 2040 1976 genitrice

459 1994 683 2064 Virgine
713 1997 896 2052 divina
928 1998 1210 2066 Scriptura
1239 2010 1405 2069 ponat
1437 1998 1559 2053 Filii
1602 2010 1820 2062 nemen,
1852 1997 2036 2053 decla-

457 2088 720 2142 ravimus.
746 2088 885 2142 Audi
912 2089 1046 2158 jam,
1081 2090 1206 2145 etin
1249 2100 1446 2156 morte,
1486 2089 1658 2144 sicubi
1695 2090 1910 2145 tandem
1948 2088 2039 2143 Dei

459 2191 658 2231 nomen
681 2185 763 2231 est
788 2178 1043 2247 positum,
1074 2187 1129 2232 ut
1155 2179 1465 2248 passibilem
1488 2178 1654 2233 Deum
1678 2179 1998 2233 inducamus
2023 2193 2040 2232 :

465 2285 487 2318 ι
521 2266 655 2322 Cum
697 2267 901 2323 inimici
931 2283 1196 2334 essemus,
1241 2269 1435 2340 inquit,
1474 2268 1812 2324 reconciliati
1853 2283 2043 2325 sumus

460 2356 574 2413 Deo
599 2373 697 2428 per
725 2368 954 2413 mortem
980 2359 1104 2415 Filii
1127 2359 1242 2430 ejus
1264 2361 1329 2414 ³¹.
1370 2354 1403 2413 »³
1426 2361 1544 2416 Non
1585 2362 1741 2427 dixit,
1774 2378 1872 2433 per
1898 2377 2044 2418 mor-

462 2459 570 2505 tem
600 2449 695 2506 Dei
726 2448 937 2521 Verbi.]

1133 2590 1286 2649 CAP.
1329 2592 1370 2647 Ι.

537 2700 735 2756 Verum
763 2718 898 2757 sane
933 2704 1192 2774 scriptum
1230 2704 1361 2760 illud
1388 2712 1509 2758 est:
1544 2722 1563 2756 ι
1604 2702 1791 2759 Justus
1822 2703 1962 2774 perit
1988 2703 2041 2758 in

460 2791 669 2862 iustitia
697 2809 791 2849 sua
816 2794 881 2848 ³³.
921 2811 940 2845 ι
979 2793 1112 2848 Nam
1141 2794 1304 2848 etiam
1340 2795 1555 2848 tirmum
1584 2794 1905 2864 quandoque
1934 2793 2046 2848 ani-

465 2900 639 2951 mum,
675 2885 743 2939 ab
777 2899 841 2940 eo
869 2888 1012 2955 quod
1040 2900 1251 2956 aequum
1287 2894 1390 2951 est,
1423 2886 1619 2939 avertit
1654 2885 1819 2940 homo
1851 2886 1916 2939 ad
1948 2900 2044 2941 uo-

464 2979 694 3033 cendum
714 2978 1329 3050 compositus(54),cum
1349 2977 1596 3033 utilitatis
1616 2979 1847 3048 speciem
1867 2978 2045 3033 laten-

466 3080 550 3126 ter
579 3071 776 3128 induit.
813 3070 973 3127 Putat
1015 3071 1160 3126 enim
1197 3072 1340 3126 haud
1383 3071 1731 3127 mediocriter
1772 3086 1831 3128 se
1874 3071 2045 3142 pieta-

464 3173 574 3219 tem
615 3163 813 3232 colere,
850 3164 974 3219 dum
1006 3163 1059 3219 id
1091 3163 1416 3220 conﬁrmare
1445 3163 1638 3218 nititur
1665 3164 1808 3233 quod
1854 3178 2043 3219 omnes

464 3258 794 3316 conﬁtentur
827 3274 842 3312 :
869 3266 924 3313 et
954 3257 1060 3313 hac
1090 3259 1157 3311 de
1186 3270 1350 3311 causa
1378 3254 1511 3311 dicit
1540 3255 1688 3310 illum
1712 3268 1779 3308 ex
1805 3254 1914 3310 Deo
1942 3254 2043 3310 Pa-

464 3361 551 3406 tre
601 3348 801 3405 Filium
864 3365 932 3405 ex
984 3359 1175 3403 natura
1237 3363 1335 3403 sua
1396 3347 1556 3417 longe
1614 3360 1644 3400 α
1700 3345 2047 3418 passionibus

464 3444 677 3511 abesse,
716 3442 875 3513 122
898 3452 953 3498 ει
981 3442 1178 3498 tentari
1212 3452 1387 3496 morte
1414 3451 1474 3495 ut
1503 3441 1668 3497 Deum
1701 3439 1850 3496 nullo
1880 3441 2045 3496 modo

465 3553 652 3609 posse,
678 3553 802 3592 nam
832 3539 949 3607 ipsa
971 3536 1083 3591 vita
1114 3536 1300 3607 utique
1327 3535 1509 3605 aliquo
1537 3536 1697 3592 modo
1722 3543 2042 3590 moreretur.

468 3629 577 3687 Sed
618 3639 881 3701 repugnat
913 3637 1091 3685 tamen
1119 3628 1281 3684 etiam
1309 3643 1451 3682 nunc
1475 3626 1728 3683 Ecclesiae
1757 3626 2044 3698 dogmatis,

467 3721 615 3777 illam
644 3720 922 3790 Unigeniti
961 3734 1084 3775 cum
1120 3734 1286 3776 carne
1319 3718 1776 3790 dispensationem
1822 3717 2049 3775 omnino

469 3822 848 3877 contemnens,
883 3821 939 3867 et
968 3812 1101 3867 tanti
1150 3812 1397 3883 mysterii
1442 3811 1862 3882 profunditatem
1897 3807 2048 3865 nullo

467 3901 630 3956 modo
658 3901 1032 3956 considerans.
1076 3900 1239 3956 Certe
1281 3900 1326 3957 si
1370 3900 1455 3956 vel
1488 3899 1589 3970 ipsi
1634 3899 2049 3971 exquireremus

466 3992 773 4063 qualisnam
814 3993 885 4048 sit
914 3992 1004 4047 illa
1046 3990 1208 4049 Verbi
1253 4002 1467 4061 natura,
1500 3992 1585 4048 vel
1614 3993 1659 4048 si
1700 3990 1823 4047 aliis
1853 4005 2048 4062 rogan-

467 4082 613 4137 tibus
658 4097 722 4138 ac
776 4080 991 4138 discere
1049 4081 1389 4151 cupientibus
1436 4095 1856 4151 exponeremus,
1904 4088 2051 4136 esset

467 4169 656 4241 procul
721 4170 883 4226 dubio
951 4187 1288 4243 consequens
1352 4188 1417 4229 ac
1472 4174 1887 4235 necessarium,
1952 4186 2052 4242 per

468 4277 661 4318 omnes
698 4263 975 4330 sapientes
1008 4278 1273 4335 verasque
1311 4264 1612 4319 sententias
1648 4263 1892 4319 studiose
1924 4274 2050 4331 per-

469 4351 758 4414 currendo,
798 4353 1002 4407 nullum
1033 4369 1153 4409 esse
1179 4356 1336 4411 morti
1365 4354 1430 4407 ad
1467 4352 1613 4407 illam
1642 4367 1918 4408 accessum
1944 4393 1958 4419 ,
1992 4362 2052 4408 et

2126 542 2291 595 αὐτὸν
2330 547 2425 598 καὶ
2468 546 2609 617 ὑπὲρ
2643 547 2860 600 πάντων
2886 541 3131 597 δεδόσθαι
3185 540 3389 609 φαμὲν,
3428 536 3574 591 καθά
3617 535 3715 587 καὶ

2128 636 2291 700 αὐτός
2324 638 2427 690 πού
2457 656 2621 708 φησιν
2645 654 2657 667 ’
2696 656 2715 688 ι
2752 636 2908 689 Οὕτω
2938 635 3046 705 γάρ
3074 632 3364 703 ἠγάπησεν
3398 631 3427 682 ὁ
3459 628 3592 691 Θεὸς
3620 626 3713 679 τὸν

2131 728 2356 799 κόσμον,
2387 729 2530 783 ὥστε
2571 730 2663 782 τὸν
2693 729 2821 782 Υἰδν
2862 726 3028 782 αὐτοῦ
3063 726 3156 779 τὸν
3194 725 3456 795 μονογενῆ
3487 720 3713 778 ἔδωκεν.

2131 820 2218 873 ἵνα
2251 822 2357 885 πᾶς
2387 823 2415 874 6
2447 818 2724 874 πιστεύων
2743 821 2822 882 εἰς
2851 819 3013 872 αὐτὸν
3045 818 3120 888 μὴ
3150 815 3440 884 ἀπόληται,
3474 812 3587 866 ἀλλ’
3614 810 3715 881 ἔχῃ

2132 910 2279 982 ζωὴν
2311 911 2548 965 αἰώνιον.
2591 931 2607 959 ι
2648 910 2959 980 Μονογενὴς
2992 908 3092 981 μὲν
3112 903 3207 962 οὖν
3233 909 3262 961 6
3297 906 3475 968 δοθείς
3496 921 3509 935 ο
3537 904 3714 970 ἀνέφυ

2132 1003 2242 1073 γὰρ
2276 1003 2435 1073 μόνος
2469 1006 2533 1057 ὲκ
2577 1005 2676 1074 τῆς
2703 1003 2795 1057 τοῦ
2827 1003 2963 1055 Θεοῦ
3003 1002 3096 1055 καὶ
3124 1000 3338 1070 [ἰατρὸς
3374 998 3562 1061 οὐσίας
3595 998 3625 1048 ὁ
3655 995 3716 1060 ἐξ

2132 1094 2296 1148 αὐτοῦ
2325 1111 2383 1146 τε
2414 1096 2509 1147 καὶ
2536 1096 2595 1147 ἐν
2624 1092 2773 1164 αύτῷ
2809 1094 3000 1162 Λόγος.
3044 1090 3266 1160 Ἐπειδὴ
3290 1090 3347 1142 δὲ
3377 1088 3602 1156 γέγονεν
3624 1085 3718 1139 άν·

2135 1187 2375 1257 θρωπος.
2398 1185 2573 1258 ταύτῃ
2602 1203 2682 1240 τοι
2710 1184 2809 1256 τὴν
2847 1188 2928 1248 εἰς
2965 1184 3128 1238 αὑτὸν
3163 1180 3467 1251 ποιούμεθα
3510 1179 3716 1241 πίστιν,

2132 1278 2227 1333 τὸν
2259 1278 2403 1332 κατά
2434 1277 2612 1348 σάρκα
2644 1277 2875 1331 θάνατον
2904 1275 3068 1329 αὐτοῦ
3108 1272 3592 1340 καταγγέλλοντες,
3625 1270 3722 1321 καὶ

2135 1369 2522 1440 ὁμολογοῦντες
2569 1368 2666 1438 τὴν
2699 1369 2998 1422 ἀνάστασιν
3020 1382 3031 1393 ·
3064 1366 3154 1419 τὸν
3191 1363 3353 1418 αὐτὸν
3392 1362 3593 1424 εἰδότες
3624 1359 3720 1412 καὶ

2136 1459 2466 1531 προαιώνιον
2500 1458 2648 1522 Υἱὸν,
2680 1458 2775 1512 καὶ
2804 1459 2863 1512 ὲν
2906 1458 3157 1527 ἐσχάτοις
3189 1456 3402 1524 καιροῖς
3431 1450 3721 1521 ἄνθρωπον

2137 1552 2519 1623 οἰκονομικῶς,
2563 1551 2803 1606 παθόντα
2847 1567 2908 1602 τε
2950 1549 3115 1620 σαρκὶ
3158 1546 3224 1601 δι’
3256 1547 3402 1617 ἡμᾶς
3434 1544 3525 1598 τὸν
3552 1543 3721 1597 θάνα-

2137 1660 2248 1708 τον,
2281 1643 2376 1697 καί
2398 1642 2766 1714 ἐγηγερμένον
2791 1644 2856 1695 ὲκ
2876 1640 3106 1710 νεκρῶν.
3146 1638 3287 1691 Ἀλλ’
3322 1639 3423 1690 οὐκ
3449 1630 3545 1689 οἷδ’
3571 1636 3722 1696 ὅπως

2139 1739 2252 1800 τοῖς
2285 1739 2415 1808 παρ’
2449 1737 2605 1807 ἡμῶν
2650 1735 2981 1805 ὲπασχάλλει
3010 1733 3193 1800 λόγοις
3230 1734 3260 1784 ό
3304 1732 3402 1801 τῆς
3446 1727 3721 1783 Ἰουδαίων

2143 1828 2385 1899 ἀμαθίας
2415 1830 2713 1899 συνήγορος
2733 1844 2746 1858 ·
2778 1826 2885 1895 ἔφη
2924 1824 3032 1894 γὰρ
3062 1823 3225 1878 πάλιν
3245 1840 3258 1852 ·

2213 1919 2359 1992 [Ὅτι
2400 1920 2498 1990 μὲν
2522 1915 2615 1973 οὖν
2639 1919 2733 1972 ἐπὶ
2762 1919 2864 1985 τῆς
2905 1919 3209 1985 γεννήσεως
3234 1913 3334 1982 τῆς
3366 1914 3429 1964 ὲκ
3460 1911 3563 1978 τῆς
3585 1909 3724 1979 Χρι-

2143 2012 2398 2065 στοτόκου
2446 2010 2719 2082 Παρθένου
2746 2008 2929 2079 τίθησι
2973 2007 3052 2070 τὸ,
3088 2006 3239 2067 Υἱός,
3275 2006 3307 2074 ἡ
3341 2002 3463 2056 θεία
3507 2001 3722 2072 Γρασὴ.

2140 2104 2543 2175 δεδηλώκαμεν.
2579 2104 2846 2155 ’Δκουσον
2889 2100 2947 2152 δὲ
2981 2098 3075 2151 καὶ
3124 2096 3217 2149 ἐπὶ
3243 2094 3338 2157 τοῦ
3378 2093 3633 2154 θανάτου,
3674 2092 3726 2143 εἰ

2141 2198 2259 2250 ἐστι
2304 2196 2434 2248 ποτὲ
2471 2194 2723 2263 κείμενος
2766 2192 2795 2244 6
2827 2190 2979 2254 Θεός,
3025 2188 3114 2241 ἴνα
3162 2184 3405 2254 παθητὸν
3448 2183 3540 2236 τὸν
3589 2182 3727 2234 Θεὸν

2141 2286 2559 2354 εἰσαγάγωμεν·
2592 2302 2614 2334 ι
2666 2282 2906 2351 Ἐχθροὶ,
2941 2279 3142 2349 φησιν,
3189 2276 3338 2337 ὅντες
3381 2272 3728 2344 κατηλλάγη-

2146 2393 2246 2447 μεν
2273 2374 2352 2445 τῷ
2375 2374 2494 2445 Θεῷ
2518 2372 2605 2425 διὰ
2630 2370 2726 2425 τοῦ
2761 2370 2992 2423 θανάτου
3021 2366 3117 2420 τοῦ
3151 2363 3283 2418 Υἰοῦ
3316 2361 3505 2418 αὐτοῦ.
3553 2381 3572 2414 ι
3613 2359 3731 2413 Οὐκ

2143 2467 2288 2534 εἷπε,
2314 2467 2405 2521 διά
2428 2466 2521 2520 τοῦ
2557 2465 2787 2519 θανάτου
2812 2460 2908 2516 τοῦ
2935 2459 3070 2515 Θεοῦ
3107 2455 3339 2527 Λόγου.]

2743 2599 2993 2652 ΚΕΦΔΔ.
3038 2599 3117 2649 A'.

2228 2718 2456 2790 Ἀληθὲς
2487 2718 2566 2770 ὃτι
2594 2714 2736 2768 κατά
2763 2712 2824 2766 τὸ
2856 2708 3245 2784 γεγραμμένον
3271 2704 3416 2758 ἐστί·
3452 2724 3469 2755 ι
3510 2704 3734 2764 Δίκαιος

2145 2811 2521 2882 ἀπολλύμενος
2569 2810 2625 2861 ὲν
2675 2805 2867 2876 δικαίῳ
2913 2799 3103 2857 αὐτοῦ.
3142 2819 3162 2853 ι
3204 2796 3498 2869 ’Δποφέρει
3544 2795 3604 2849 δὲ
3634 2792 3737 2849 τοῦ

2145 2906 2375 2969 εἰκότος,
2407 2900 2619 2955 καὶτὸν
2661 2895 2720 2954 εὖ
2762 2895 3035 2969 βεϐηκότα
3083 2892 3229 2955 νοῦν,
3256 2891 3356 2961 τὴν
3397 2887 3489 2942 τοῦ
3525 2886 3741 2956 συμφέ-

2148 3012 2334 3071 ροντος
2367 2994 2587 3064 δόκησιν
2614 2989 2926 3062 ὑποτρέχων
2964 2985 3075 3040 ἔσθ’
3100 2987 3210 3046 ὅτε,
3243 2984 3303 3038 τὸ
3331 2980 3575 3050 πεφυκὸς
3610 2978 3733 3032 ἀδι-

2148 3090 2285 3143 κεῖν.
2319 3086 2504 3140 Οῐεται
2539 3083 2637 3154 μὲν
2665 3080 2775 3152 γάρ
2803 3076 2862 3134 οὗ
2906 3077 3145 3150 μετρίως
3175 3074 3438 3137 εὐσεϐεῖν,
3472 3070 3535 3123 τὸ
3564 3071 3738 3122 πᾶσιν

2148 3176 2579 3251 ὁμολογούμενον
2601 3172 2892 3246 κρατύνειν
2913 3168 3227 3240 ὲπιχειρῶνο
3245 3166 3419 3235 ταύτῃ
3431 3180 3513 3217 τοι
3530 3161 3734 3229 λέγων,

2146 3272 2227 3327 ὅτι
2255 3269 2397 3324 κατά
2447 3266 2611 3338 φύσιν
2661 3264 2796 3319 ἰδίαν
2827 3260 3085 3316 ὲπέκεινά
3116 3259 3175 3312 τέ
3220 3261 3336 3311 ἔστι
3395 3253 3608 3315 παθῶν,
3637 3253 3739 3306 καὶ

2148 3361 2381 3417 θανάτου
2410 3359 2678 3430 κρείττων
2705 3356 2779 3421 ὡς
2796 3355 2942 3418 Θεὸς
2970 3356 2998 3408 ό
3030 3354 3095 3406 ὲκ
3123 3349 3257 3405 Θεοῦ
3299 3347 3509 3418 Πατρός
3536 3346 3736 3414 Λόγος·

2146 3452 2368 3522 τεθναίη
2395 3452 2503 3522 γάρ
2527 3449 2593 3503 ἂν
2617 3447 2762 3502 κατά
2788 3463 2912 3500 τινα
2933 3446 3135 3518 τρόπον
3160 3445 3194 3513 ἡ
3227 3441 3340 3512 ζωή
3364 3458 3377 3472 ·
3403 3435 3744 3511 προσκρούει

2149 3560 2214 3613 γε
2246 3542 2350 3615 μὴν
2372 3541 2526 3596 οὐδὲν
2555 3535 2720 3611 ἦττον
2750 3538 2845 3592 καὶ
2886 3535 2982 3590 νῦν
3010 3538 3123 3601 τοῖς
3163 3535 3263 3605 τῆς
3298 3531 3623 3601 Ἐκκλησίας
3650 3529 3745 3583 δό-

2148 3652 2347 3705 γμασι,
2374 3633 2475 3704 τῆς
2507 3633 2646 3704 μετὰ
2675 3630 2877 3703 σαρκὸς
2907 3627 3220 3700 οἰκονομίας
3252 3623 3345 3680 τοῦ
3392 3620 3746 3690 Μονογενοῠς

2148 3729 2228 3792 εἰς
2260 3727 2407 3781 ἅπαν
2454 3722 2790 3797 ὴφειδηκὼς,
2842 3722 2938 3776 καὶ
2968 3720 3063 3775 τοῦ
3106 3719 3407 3793 μυστηρίου
3445 3716 3507 3770 τὸ
3566 3713 3742 3786 βάθος

2149 3821 2272 3873 κατ’
2305 3818 2496 3873 οὐδένα
2539 3816 2741 3888 τρόπον
2768 3814 2986 3869 ὲννοῶν.
3018 3814 3082 3867 Εἰ
3120 3815 3217 3883 μὲν
3239 3808 3547 3878 ἐξετάζοιτο
3590 3804 3739 3877 πρὸς

2149 3906 2310 3980 ἡμῶν
2341 3907 2503 3961 ὁποία
2521 3906 2606 3967 τίς
2638 3906 2785 3957 ἐστιν
2816 3905 2849 3975 ἡ
2874 3900 2970 3957 τοῦ
2992 3900 3165 3970 Λόγου
3194 3898 3375 3969 φύσις,
3401 3899 3569 3969 ἧγουν
3594 3896 3743 3964 ἐρω-

2153 4001 2335 4074 μένοις
2377 3998 2472 4053 καί.
2520 3996 2821 4066 ἁναμαθεϊν
2867 3994 3141 4049 ἐθέλουσιν
3182 3991 3409 4063 ἑτέροις,
3450 3988 3597 4060 ἡμᾶς
3648 3985 3738 4050 ἐξ·

2151 4087 2402 4163 ηγεῖσθαι
2432 4087 2538 4161 χρή
2562 4104 2577 4119 ·
2617 4084 2686 4158 ἦν
2715 4086 2779 4157 δή
2816 4101 2919 4138 που
2953 4083 3170 4148 πάντως
3197 4080 3488 4137 ἀκόλουθόν
3530 4096 3590 4133 τε
3641 4080 3745 4131 καὶ

2151 4185 2472 4253 ἀναγκαῖον,
2511 4178 2600 4233 διὰ
2632 4179 2814 4249 πάσης
2842 4177 3049 4241 ἑννοίας
3089 4172 3260 4244 σοφῆς
3289 4189 3350 4226 τε
3381 4171 3477 4225 καὶ
3501 4165 3747 4238 ἀληθοῦς

2155 4276 2295 4329 ἰέναι
2342 4269 2766 4335 σπουδάζοντας,
2818 4267 3114 4340 ἀπρόσιτον
3161 4261 3331 4334 αὐτὴν
3383 4259 3463 4330 τῷ
3520 4258 3747 4326 θανάτῳ

2152 4364 2439 4426 δεικνύειν,
2471 4364 2564 4416 καὶ
2592 4359 2779 4415 παθῶν
2809 4361 2888 4423 εἰς
2915 4359 3061 4415 ἅπαν
3099 4354 3545 4429 ἀπηλλαγμένην.
3583 4349 3746 4404 Ἐπεὶ

469 4441 524 4495 in
548 4443 857 4498 universum
882 4460 910 4496 a
935 4444 1279 4514 passionibus
1299 4458 1419 4498 esse
1440 4452 1703 4498 remotam
1733 4444 2041 4497 ostendere.

2152 4460 2209 4513 δὲ
2237 4460 2266 4513 6
2287 4458 2387 4528 τῆς
2425 4454 2894 4527 ὲνανθρωπήσεως
2923 4451 3125 4525 τρόπος
3158 4450 3373 4503 δίδωσιν
3400 4445 3547 4517 αύτῷ
3574 4444 3636 4497 τό
3673 4461 3744 4511 γε

471 4532 742 4599 Quoniam
780 4551 909 4590 vero
938 4537 1129 4591 modus
1153 4551 1261 4606 quo
1285 4535 1376 4589 ille
1405 4533 1580 4589 factus
1611 4544 1692 4589 est
1724 4535 1905 4598 homo,
1934 4533 2050 4587 eﬂi-

470 4625 581 4690 cit,
636 4626 779 4696 quod
836 4626 903 4681 ad
954 4627 1194 4681 rationes
1237 4624 1659 4695 dispensationis
1707 4625 1933 4689 attinet,
1993 4632 2052 4678 ut

468 4714 684 4770 etiamsi
725 4729 893 4771 carne
920 4702 1080 4773 ‘mori
1111 4717 1262 4785 velit,
1317 4716 1453 4771 nihil
1500 4717 1553 4771 in
1589 4718 1805 4786 propria
1859 4725 2050 4771 natura

469 4808 749 4877 patiatur;
781 4824 881 4864 cur
912 4826 1011 4865 nos
1037 4810 1238 4879 spolias
1268 4810 1651 4879 pulcherrimis
1675 4809 2053 4882 ornamentis}

468 4900 680 4956 Audisti
716 4918 954 4973 namque
982 4903 1248 4960 dicentem
1279 4918 1293 4955 :
1336 4921 1356 4954 ι
1384 4901 1581 4957 Pastor
1610 4903 1785 4959 bonus
1813 4905 2051 4959 animam

470 5007 628 5046 suam
668 4994 822 5062 ponit
862 5010 962 5064 pro
992 4996 1186 5050 ovibus
1217 4994 1284 5050 “.
1326 5013 1344 5046 ι
1379 4993 1549 5064 Igitur
1604 4996 1817 5049 etiamsi
1862 5011 2053 5065 passus

471 5099 594 5141 esse
622 5086 856 5152 dicatur,
886 5086 1274 5157 impassibilem
1309 5088 1557 5142 novimus
1596 5096 1658 5141 ut
1708 5086 1896 5155 Deum,
1930 5102 2055 5157 pas-

476 5191 595 5230 sum
633 5191 757 5232 vero
794 5192 915 5233 esse
955 5185 1182 5232 mortem
1220 5178 1613 5246 dispensatorie
1642 5194 1737 5233 sua
1778 5193 1944 5234 carne
1972 5179 2055 5234 di-

469 5269 667 5334 cimus,
700 5279 776 5335 ut,
838 5282 1011 5325 morte
1079 5268 1309 5334 calcata,
1352 5281 1406 5325 et
1451 5286 1739 5341 resurgens
1782 5283 2057 5341 quatenus

2152 4544 2287 4621 ἦκον
2313 4549 2393 4612 εἰς
2417 4548 2543 4610 τοὺς
2568 4545 2669 4616 τῆς
2696 4542 3009 4613 οἰκονομίας
3032 4540 3246 4609 λόγους,
3271 4538 3333 4591 τὸ
3361 4535 3464 4590 κᾶν
3492 4537 3541 4588 εἰ
3562 4534 3751 4586 ⁴ἕλοιτο

2153 4638 2407 4693 τεθνάναι
2455 4636 2639 4708 σαρκὶ,
2677 4634 2841 4705 μηδὲν
2890 4634 2968 4696 εἰς
3019 4631 3154 4683 ἰδίαν
3192 4628 3482 4698 ὑπομεῖναι
3535 4624 3741 4692 φύσιν·

2144 4720 2207 4785 ’τί
2235 4730 2344 4784 τῶν
2372 4728 2674 4782 καλλίστων
2704 4727 2852 4797 ἡμᾶς
2905 4722 3243 4794 αὐχημάτων
3276 4719 3625 4786 ἀποστερεϊς;
3655 4716 3748 4766 Διο

2160 4821 2370 4875 επύθου
2402 4820 2511 4888 γάρ
2533 4816 2801 4885 λέγοντος,
2833 4835 2850 4866 ι
2875 4813 2933 4867 '0
2958 4814 3163 4884 ποιμὴν
3188 4813 3216 4865 ό
3246 4810 3409 4873 καλὸς
3437 4808 3532 4879 τὴν
3561 4806 3749 4877 ψυχὴν

2157 4913 2355 4968 ἑαυτοῦ
2406 4914 2620 4979 τίθησιν
2662 4908 2805 4979 ὑπὲρ
2838 4905 2949 4959 τῶν
2988 4904 3299 4975 προόάτων.
3335 4920 3354 4953 ι
3395 4898 3605 4955 Οὐκοῦν
3635 4897 3746 4949 κᾶν

2158 5006 2206 5059 εἰ
2236 5003 2448 5070 λέγοιτο
2479 5001 2693 5062 παθεῖν,
2721 4997 2906 5067 άπαθῆ
2938 4996 3037 5068 μὲν
3060 4997 3220 5065 ἴσμεν
3240 4993 3316 5058 ὡς
3355 4993 3510 5055 Θεδν,
3537 5006 3744 5043 πεπον-

2159 5095 2315 5149 θέναι
2346 5093 2401 5146 δέ
2428 5110 2607 5162 φαμεν
2640 5087 3000 5161 οἰκονομικῶς
3034 5087 3144 5158 ἰδίᾳ
3175 5087 3343 5157 σαρκὶ
3370 5085 3461 5138 τὸν
3489 5083 3744 5144 θάνατον,

2159 5188 2250 5240 ἵνα
2284 5186 2531 5255 πατήσας
2563 5183 2743 5247 αὐτὸν,
2775 5182 2869 5235 κα)⁵
2898 5176 3291 5250 ἐγηγερμένος,
3322 5174 3459 5229 καθὸ
3495 5173 3743 5241 πέφυκεν

2160 5272 2297 5329 εἰναι
2324 5277 2437 5345 ζωὴ
2460 5275 2553 5328 καὶ
2580 5272 2863 5336 ζωοποιὺς.
2887 5264 3356 5340 μεταστοιχειώση
3378 5263 3513 5335 πρὸς
3537 5259 3749 5331 ἀφθαρ-

542 5425 584 5455 ³¹
621 5422 781 5478 Joan.
818 5439 902 5489 ιιι,
947 5424 1036 5477 16.
1114 5423 1158 5454 ³⁹
1189 5425 1344 5480 Rom.
1380 5442 1433 5492 ν,
1466 5428 1551 5483 10.
1633 5430 1678 5460 ³³
1722 5431 1899 5485 Eccle.
1945 5449 2041 5494 vn.

2152 5471 2164 5484 .
2222 5430 2457 5485 ~“Juau.
2480 5447 2532 5494 ι,
2566 5431 2651 5483 Η.

1746 5585 1903 5639 ANT.
1938 5585 2206 5641 AGELLII
2244 5585 2476 5640 ΝΟΤᾹΞ.

543 5738 655 5806 {36)
687 5737 871 5794 Melius
923 5738 1152 5797 fortasse
1196 5751 1519 5804 verteretur,
1551 5744 1687 5807 quod
1726 5756 1909 5800 suapte
1948 5755 2135 5798 natura
2169 5748 2384 5798 noxium
2420 5755 2510 5798 cst.
