4080 6452
396 325 508 382 913

1459 322 1833 372 Αυνιιιδυδ
1871 316 2273 369 nantttLM
2317 315 2446 369 LlD.
2496 316 2555 368 ν.

3544 321 3652 375 214

393 443 523 494 σίαν
553 439 616 492 τὸ
645 438 862 508 Θανάτῳ
910 437 1368 509 τυραννούμενον,
1401 437 1665 500 τουτέστι,
1703 437 1762 489 τὸ
1796 435 1976 504 σῶμα.

2097 445 2276 505 suapte
2311 445 2503 490 natura
2546 437 2652 488 vita
2684 446 2766 490 est
2793 451 2853 490 ac
2886 436 3193 499 vivificans,
3233 435 3551 491 refortttaret
3587 440 3652 490 ad

390 534 558 586 υῦτω
585 547 646 583 τε
681 531 775 582 καὶ
819 533 898 592 είς
929 533 1077 600 ἡμᾶς
1105 532 1137 601 ἡ
1172 529 1264 583 τοῦ
1305 529 1726 599 κατορθώματος
1767 527 1982 596 διατρέ-

390 642 476 695 χει
510 624 768 693 δύναμις,
814 624 898 685 είς
940 623 1087 676 ἆπαν
1135 624 1484 690 ἐκτεινομένη
1538 621 1595 672 τὸ
1642 619 1821 686 γένος.
1873 617 1981 671 Καὶ

388 716 527 785 γοῦν
564 719 593 769 ό
627 715 918 776 θεσπέσιος
962 712 1172 776 Παῦλος
1195 733 1206 744 ·
1247 731 1265 764 ι
1315 713 1455 780 Ἐγὼ
1482 713 1570 766 διὰ
1606 713 1793 782 νόμου,
1826 713 1978 782 φησὶ,

388 809 546 876 νόμῳ
588 804 888 866 ἀπέθανον,
925 804 1014 858 ἵνα
1039 803 1155 873 Θεῷ
1202 805 1353 871 ζήσω
1379 821 1392 833 ·
1424 803 1644 874 Χριστῷ
1689 802 1981 856 συνεσταύ-

397 910 601 962 ρωμαι.
633 892 722 945 Ζῶ
743 892 820 953 δὲ,
847 891 1032 944 οὐκέτι
1071 891 1200 959 ἐγὼ,
1239 892 1304 962 ζῇ
1336 892 1391 944 δὲ
1415 893 1474 944 ὲν
1500 893 1625 962 ἐμοὶ
1649 893 1677 943 ὁ
1709 891 1943 961 Χριστός
1965 910 1977 922 ο

395 981 438 1052 ᾧ
469 985 528 1036 δὲ
585 984 687 1038 νῦν
718 983 820 1048 ζῶ,
856 986 914 1036 ὲν
964 984 1145 1036 πίστει
1189 983 1285 1048 ζῶ,
1317 986 1374 1038 ὲν
1409 983 1573 1054 σαρκὶ
1601 987 1669 1053 τῇ
1715 984 1808 1036 τοῦ
1848 983 1979 1036 Υἱοῦ

395 1077 486 1130 τοῦ
513 1075 656 1132 Θεοῦ
682 1075 781 1128 τοῦ
810 1075 1196 1144 ἀγαπήσαντός
1237 1092 1325 1145 με,
1359 1076 1452 1128 καὶ
1482 1075 1815 1145 παραδόντος
1851 1077 1980 1128 ἐαυ-

394 1171 483 1220 τὸν
525 1169 670 1239 ὑπὲρ
697 1166 859 1237 ἐμοῦ.
888 1167 1001 1220 Οὐκ
1029 1167 1205 1220 ἀθετῶ
1231 1168 1328 1237 τὴν
1358 1169 1517 1237 χάριν
1535 1168 1629 1220 τοῦ
1660 1167 1816 1221 Θεοῦ.
1854 1187 1872 1220 ι
1907 1169 1983 1220 Ού

391 1259 500 1330 γάρ
551 1257 634 1309 ἐτι
668 1256 770 1326 τὴν
822 1257 960 1310 ἰδίαν
1001 1256 1276 1328 διαζῶμεν
1307 1257 1473 1329 ζωὴν,
1508 1259 1606 1330 τὴν
1651 1259 1889 1330 Χριστοῦ
1927 1260 1984 1314 δὲ

395 1349 626 1418 μᾶλλον,
674 1349 771 1400 καὶ
824 1347 975 1400 ἐστιν
1022 1347 1244 1421 ἀληθὲς,
1272 1350 1346 1412 ὡς
1382 1370 1398 1399 ι
1431 1346 1525 1414 Εἷς
1573 1351 1712 1422 ὑπὲρ
1769 1353 1984 1405 πάντων

387 1439 698 1502 ἀπέθανεν,
735 1440 822 1492 ῐνα
850 1440 902 1492 oi
933 1439 1134 1502 ζῶντες
1166 1441 1362 1510 μηκέτι
1388 1443 1600 1504 ἑαυτοῖς
1630 1442 1814 1507 ζῶσιν,
1850 1443 1986 1498 ἀλλὰ

387 1533 469 1602 τῷ
507 1533 655 1604 ὑπὲρ
686 1532 869 1585 αὐτῶν
914 1532 1268 1596 ἀποθανόντι,
1312 1535 1406 1588 καὶ
1451 1535 1750 1605 ἐγερθέντι.
1789 1556 1807 1588 ι
1852 1538 1988 1608 Πρὶν

391 1625 496 1692 μὲν
518 1625 633 1694 γὰρ
657 1624 790 1692 ἡμῖν
828 1623 1138 1693 ἐπιλάμψαι
1162 1624 1254 1677 τὸν
1296 1626 1558 1696 μονογενῆ
1589 1626 1684 1679 τοῦ
1725 1627 1858 1680 Θεοῦ
1893 1627 1988 1681 Λό-

387 1731 511 1780 γον,
549 1713 770 1784 ἀμαθίᾳ
801 1714 897 1768 καί⁵
939 1714 1118 1784 σκότῳ
1162 1717 1585 1786 κεκρατημένοι,
1623 1719 1837 1772 καὶτὸν
1883 1719 1985 1790 τῆς

390 1807 673 1876 ἁμαρτίας
706 1806 924 1876 ἔχοντες
957 1805 1142 1874 ζυγὸν,
1169 1807 1261 1862 καὶ
1285 1808 1618 1874 ἀνάπτοντες
1647 1812 1878 1875 ἀνοσίως
1914 1815 1978 1882 τῇ

391 1899 576 1952 κτίσει
603 1899 667 1950 τὸ
701 1897 887 1962 σέϐας,
921 1897 1073 1968 παρὰ
1101 1897 1192 1950 τὸν
1221 1899 1448 1970 κτίστην
1475 1902 1571 1955 καὶ
1599 1903 1851 1974 ποιητὴν,
1890 1906 1982 1956 καί

395 1993 504 2043 πᾶν
529 1986 676 2052 εἶδος
707 1988 1047 2059 φαυλότητος
1086 1989 1507 2062 ἀνεπιπλήκτως
1554 1993 1981 2062 ἐπιτηδεύοντες,

398 2082 456 2132 ἐν
505 2081 791 2134 διαστάσει
851 2078 1193 2149 διετελοῦμεν
1241 2082 1290 2132 οί
1338 2081 1589 2146 τάλανες,
1637 2084 1808 2154 ἐχθρά
1851 2102 1984 2154 φρο-

405 2173 621 2234 νοῦντες
665 2170 838 2241 αὐτῷ.
892 2169 1338 2242 Κατηλλάγμεθα
1385 2173 1441 2225 δὲ
1482 2173 1569 2226 διὰ
1608 2174 1702 2227 τοῦ
1753 2175 2007 2230 θανάτου.

413 2263 506 2316 τοῦ
563 2261 686 2314 Tisia
755 2262 963 2324 αὑτοῦ,
1025 2262 1168 2316 καθὰ
1222 2263 1554 2333 γέγραπται.
1606 2268 1678 2320 Σὺ
1715 2267 1772 2319 δὲ
1826 2269 1986 2321 πάλιν

413 2356 475 2407 ὲν
525 2355 730 2424 σμικρῷ
781 2353 1079 2422 πεποίησαι
1125 2353 1286 2426 λόγῳ,
1335 2357 1396 2408 τὸ
1439 2357 1670 2428 ἀληθές·
1709 2361 1802 2412 καὶ
1853 2361 1989 2430 ἀχά-ο

408 2445 552 2498 λινον
605 2447 683 2508 είς
738 2443 1016 2515 ὲξιτηλίαν
1065 2446 1381 2515 ἀποφαίνων
1429 2449 1562 2519 ἡμῖν
1616 2450 1707 2502 τὸν
1759 2451 1986 2504 σεαυτοῦ

402 2537 600 2606 λόγον,
667 2536 1043 2608 κατηλλόιχθαι
1107 2537 1213 2610 φὴς
1280 2539 1358 2610 τῷ
1427 2540 1545 2610 Θεῷ
1593 2543 1684 2595 τὸν
1750 2543 1986 2614 κόσμον,

396 2630 462 2682 οὐ
497 2629 590 2684 διά
629 2646 694 2698 γε
725 2629 822 2682 τοῦ
850 2629 1209 2698 Μονογενοῦς,
1255 2631 1522 2697 τουτέστι,
1559 2633 1650 2687 τοῦ
1685 2635 1750 2687 ἐκ
1779 2635 1990 2706 [ἰατρὸς

397 2721 605 2788 φύντος
638 2721 834 2789 Λόγου.
880 2721 1121 2774 Ἀκούων
1161 2721 1217 2774 δὲ
1267 2721 1499 2776 θάνατον
1531 2725 1622 2776 τοῦ
1676 2725 1827 2791 Υἰοῦ,
1874 2722 1992 2780 εἶτα

397 2811 742 2884 βασανίζων,
781 2813 858 2877 ὼς
899 2813 1022 2878 οἴει,
1073 2812 1283 2876 λεπτῶς
1331 2815 1432 2878 τὰς
1462 2815 1554 2868 τοῦ
1587 2815 1849 2890 θεηγόρου
1881 2836 1991 2888 φω-

396 2907 522 2968 νὰς,
563 2905 630 2957 οὐ
665 2904 988 2968 κατέδεισας
1025 2907 1234 2958 εἰπεῖν·
1273 2903 1408 2976 [Οὐκ
1458 2905 1584 2976 ἔφη,
1632 2907 1720 2960 διὰ
1761 2908 1854 2961 τοῦ
1895 2909 1995 2961 θα-

397 2997 571 3049 νάτου
599 2995 697 3048 τοῦ
731 2995 866 3048 Θεοῦ
906 2996 1130 3066 Λόγου.]
1166 2993 1298 3049 Εἶτα
1328 2995 1444 3060 πῶς
1471 2992 1561 3068 ἦν,
1596 2998 1718 3050 είπέ
1757 3016 1869 3068 μοι,
1905 3017 1989 3053 σο-

400 3087 538 3181 φὺς,
606 3085 809 3176 μᾶλλον
873 3086 932 3140 δὲ
996 3087 1113 3150 πῶς
1166 3087 1264 3157 οὐχ
1323 3088 1542 3159 ἁπάσης
1601 3089 1997 3160 ἐμϐροντησίας
2024 3127 2067 3181 C

400 3178 668 3247 ἔμπλεως
694 3180 723 3232 ό
750 3173 964 3232 ’τοιόσδε
998 3179 1189 3246 λόγος;
1217 3178 1444 3246 Θανάτῳ
1474 3179 1582 3251 γὰρ
1608 3182 1835 3251 κάτοχον
1865 3185 1998 3235 ἀπο-

402 3268 586 3339 φῆναι
625 3269 728 3340 τὴν
758 3267 924 3340 ζωὴν,
962 3269 1081 3332 πῶς
1116 3266 1185 3340 ἦν
1218 3270 1541 3338 ἀκόλουθον;
1582 3273 1703 3324 είπέ
1735 3290 1826 3343 μοι
1854 3291 1866 3305 ·
1906 3275 1999 3326 καὶ

401 3363 510 3430 τῆς
536 3361 611 3413 τά
635 3347 816 3414 πάντα
845 3361 1218 3432 ζωογονούσης
1249 3363 1467 3432 φύσεως
1499 3365 1872 3435 κατηγορῆσαι
1901 3365 1999 3436 τὴν

405 3452 651 3524 φθορὰν,
685 3452 804 3515 πῶς
849 3453 949 3506 οὐκ
995 3453 1344 3525 ἀπόπληκτον
1381 3455 1597 3526 κομιδῇ,
1638 3455 1733 3508 καὶ
1780 3456 1876 3526 τῆς
1919 3458 1998 3518 είς

403 3545 565 3615 λῆξιν
595 3544 840 3614 ἡκούσης
870 3545 1184 3616 δυσφημίας
1227 3545 1506 3616 ἐπίϐλημα
1536 3546 1649 3616 (55)
1669 3548 1880 3616 γένοιτ’
1908 3549 1996 3614 ἂν,

404 3637 509 3689 καὶ
543 3635 696 3703 μάλα
729 3636 986 3702 είκότως;
1019 3636 1226 3691 Οὐκοῦν
1258 3637 1458 3708 ἥκιστα
1489 3638 1588 3708 μὲν
1617 3638 1736 3701 ταῖς
1776 3641 1892 3702 σαῖς
1920 3641 2000 3701 είς

403 3728 574 3781 τοῦτο
599 3729 996 3798 περιεργείαις,
1026 3729 1199 3799 ἡγουν
1219 3729 1622 3799 εἰκαιομυθίαις
1642 3732 1670 3782 ὁ
1697 3731 1808 3784 τῶν
1829 3731 1999 3799 ἁγίων

406 3822 608 3874 Ξπεται
639 3821 800 3885 νοῦς’
834 3819 942 3876 οἶδε
970 3823 1048 3888 δὲ,
1086 3819 1194 3876 οἶδε
1247 3822 1489 3876 παθόντα
1539 3823 1706 3893 σαρκὶ
1747 3823 1814 3875 δι’
1853 3825 2000 3893 ἡμᾶς

402 3912 502 3966 τόν
528 3914 632 3966 τοῦ
692 3913 828 3967 Θεοῦ
867 3916 1061 3982 Λόγον,
1109 3917 1204 3968 καὶ
1245 3914 1326 3986 τῷ
1359 3915 1574 3986 Θανάτῳ
1601 3915 1697 3969 τοῦ
1733 3916 1864 3970 ίδίου
1898 3913 2001 3968 σώ-

410 4017 588 4070 ματος
631 4002 936 4072 κεκληκότα
958 4003 1049 4056 τὸν
1079 4003 1282 4074 κόσμον
1307 4005 1388 4066 είς
1417 4003 1711 4073 διαλλαγὰς
1742 4005 1841 4068 τὰς
1864 4005 2000 4076 πρός

411 4093 475 4157 γὲ
504 4107 657 4160 φημι
683 4091 775 4143 τὸν
799 4093 858 4144 ὲν
877 4094 988 4156 τοῖς
1010 4091 1258 4162 οὐρανοῖς
1291 4094 1529 4165 Πατέρα.
1568 4095 1676 4147 Καὶ
1715 4095 1848 4162 γοῦν
1893 4094 1998 4164 ἔφη

414 4199 518 4233 που
550 4181 692 4250 πρὸς
725 4182 821 4234 ἕνα
851 4184 960 4236 τῶν
983 4183 1154 4250 ἁγίων
1175 4184 1430 4253 μαθητῶν
1453 4185 1580 4248 τοὺς
1598 4184 1785 4252 λόγους
1815 4184 2000 4238 ποιού-

411 4289 608 4342 μενος·
664 4290 684 4322 t
743 4271 881 4339 Ἐγώ
932 4277 1050 4343 είμι
1095 4273 1299 4344 ήόδὸς,
1344 4275 1437 4327 καὶ
1487 4276 1519 4344 ἡ
1570 4274 1795 4344 ἀλήθεια
1839 4275 1933 4328 καὶ
1965 4276 1998 4344 ἡ

407 4364 550 4434 ζωὴ,
586 4363 684 4414 καὶ
717 4361 891 4424 οὐδεὶς
921 4362 1138 4433 ἔρχεται
1186 4363 1320 4432 πρὸς
1356 4363 1447 4416 τὸν
1476 4364 1694 4433 Πατέρα
1724 4365 1772 4416 εἰ
1814 4362 1890 4432 μὴ
1932 4361 2000 4414 δι’

2086 528 2543 595 incorruptionem
2573 528 2623 582 id
2658 528 2798 597 quod
2826 529 3014 582 mortis
3044 529 3324 600 tyrannide
3349 528 3652 592 tenebatur,

2086 617 2135 671 id
2167 627 2250 673 est
2281 632 2497 688 corpus.
2529 615 2606 672 Ita
2641 619 2693 672 in
2724 633 2822 672 nos
2855 619 2998 687 ipsos
3027 634 3238 689 quoque
3263 621 3342 674 vis
3371 619 3488 690 ejus
3527 636 3656 690 ope-

2086 711 2161 764 ris
2192 711 2451 774 recurrit,
2495 711 2616 764 dum
2653 710 2707 765 in
2756 710 3066 765 universum
3112 726 3281 780 genus
3325 713 3654 766 extenditur.

2085 803 2152 856 Et
2199 813 2349 858 certe
2392 803 2582 860 beatus
2617 801 2817 859 Paulus
2847 803 2924 858 ait
2957 820 2971 856 :
3005 822 3024 854 ι
3051 803 3162 872 Ego
3203 819 3299 873 per
3333 804 3505 874 legem
3554 805 3656 875 legi

2086 906 2331 951 mortuus
2360 883 2501 960 sum,
2545 905 2602 949 ut
2645 896 2820 950 vivam
2853 897 3003 950 Deo:
3054 896 3269 950 Christo
3312 897 3471 951 simul
3507 899 3657 953 cruci

2086 988 2328 1042 conﬁxus
2360 1003 2499 1041 sum.
2546 987 2672 1042 Vivo
2696 997 2895 1053 autem,
2919 987 3026 1057 jam
3061 1002 3166 1040 non
3193 1001 3324 1056 ego,
3361 989 3491 1042 vivit
3530 1002 3660 1044 vero

2087 1079 2142 1134 in
2175 1093 2259 1134 me
2283 1079 2550 1136 Christus.
2582 1079 2733 1145 Quod
2759 1093 2886 1134 vero
2927 1093 3069 1133 nune
3103 1079 3245 1144 vivo,
3285 1079 3337 1132 in
3383 1079 3486 1134 ﬁde
3514 1081 3660 1144 vivo,

2087 1171 2140 1224 in
2173 1185 2339 1224 carne
2377 1170 2464 1224 illa
2494 1170 2614 1225 Filii
2649 1170 2779 1236 Dei,
2815 1171 2909 1239 qui
2961 1171 3152 1225 dilexit
3197 1186 3309 1235 me,
3346 1181 3401 1226 et
3447 1172 3665 1226 tradidit

2087 1264 2436 1331 semetipsum
2478 1277 2576 1332 pro
2615 1277 2719 1316 me.
2755 1262 2868 1317 Non
2911 1262 3105 1328 abjicio
3141 1264 3370 1332 gratiam
3421 1262 3513 1316 Dei
3533 1263 3597 1314 ³³.
3639 1281 3656 1314 ι

2086 1353 2201 1407 Non
2227 1354 2370 1409 enim
2393 1355 2503 1424 jam
2530 1356 2743 1424 prapria
2775 1355 3004 1409 vivimus
3029 1356 3156 1417 vita,
3195 1355 3291 1409 sed
3322 1355 3543 1416 Christi,
3574 1368 3665 1408 ve-

2089 1460 2315 1514 rumque
2359 1445 2484 1500 illud
2524 1455 2628 1511 est,
2661 1464 2680 1496 (
2717 1447 2896 1502 Unum
2931 1461 3030 1515 pro
3076 1446 3328 1500 omnibus
3369 1456 3660 1506 mortuum,

2087 1547 2146 1590 ut
2185 1536 2276 1606 qui
2307 1537 2514 1600 vivunt,
2547 1553 2651 1591 non
2678 1537 2790 1606 jam
2831 1537 2932 1592 sibi
2976 1539 3172 1600 vivant,
3216 1536 3310 1591 sed
3357 1536 3407 1591 ei
3439 1537 3528 1604 qui
3568 1550 3666 1604 pro

2090 1625 2220 1693 ipsis
2261 1634 2506 1679 mortuus
2560 1634 2661 1691 est,
2697 1635 2752 1680 et
2798 1627 3186 1682 resurrexit“.
3239 1644 3258 1679 ι
3309 1625 3468 1680 Prius
3519 1626 3662 1679 enim

2090 1733 2251 1787 quam
2289 1717 2570 1787 aﬁulgeret
2630 1719 2784 1773 nobis
2834 1719 2962 1772 illud
3005 1719 3340 1788 unigenitum
3398 1718 3489 1772 Dei
3533 1717 3663 1771 Ver-

2089 1810 2255 1875 bum,
2306 1810 2520 1865 inscitia
2573 1819 2627 1864 et
2683 1811 2920 1864 tenebris
2959 1810 3312 1875 tenebamur,
3357 1817 3411 1862 et
3459 1809 3662 1878 peccati

2083 1901 2215 1972 jugo
2246 1901 2440 1972 pressi,
2490 1910 2545 1956 et
2576 1909 2839 1955 creatum
2885 1901 3088 1954 cultum
3126 1900 3287 1968 impie
3332 1900 3659 1964 tribuentes,

2091 1992 2280 2046 relicto
2302 2001 2549 2046 creature
2577 1999 2737 2059 atque
2771 1989 2984 2057 opiﬁce,
3020 1999 3071 2044 et
3100 2004 3263 2043 omne
3303 1987 3664 2056 improbitatis

2092 2099 2260 2152 genus
2287 2084 2458 2139 libere
2489 2092 2779 2148 sectantes,
2813 2084 2866 2136 in
2901 2082 3170 2137 discordia
3205 2081 3389 2135 miseri
3430 2080 3665 2149 degeba-

2095 2193 2236 2240 mus,
2269 2191 2389 2246 quae
2427 2175 2500 2230 illi
2537 2174 2754 2228 inimica
2783 2182 2940 2229 erant
2969 2182 3319 2242 expetentes;
3352 2170 3445 2226 sed
3475 2184 3668 2224 recon-

2093 2267 2260 2321 ciliati
2301 2282 2489 2321 sumus
2527 2280 2624 2335 per
2671 2273 2898 2319 mortem
2949 2263 3068 2318 Filii
3118 2264 3256 2332 ejus,
3308 2273 3364 2316 ut
3406 2262 3666 2331 scriptum

2094 2362 2266 2417 est".
2304 2360 2384 2415 Tu
2427 2375 2556 2414 vero
2584 2369 2803 2422 contra,
2842 2358 3047 2412 minimi
3092 2356 3224 2411 facis
3257 2356 3578 2418 veritatem,
3613 2364 3669 2408 et

2098 2464 2245 2509 tuum
2274 2466 2579 2510 sermonem
2612 2450 2676 2505 ad
2714 2450 3006 2504 vanitatem
3034 2448 3297 2504 eﬁ‘renato
3332 2463 3494 2502 cursu
3532 2461 3669 2515 prte-

2095 2547 2312 2615 cipitem
2344 2543 2644 2613 proferens,
2678 2542 2933 2596 mundum
2969 2555 3088 2595 esse
3125 2541 3236 2595 Deo
3266 2539 3667 2595 reconciliatum

2099 2638 2320 2701 asseris,
2354 2635 2511 2706 123
2546 2649 2648 2688 non
2681 2643 2860 2688 tamen
2889 2647 2984 2702 per
3025 2631 3392 2701 Unigenitum,
3419 2632 3519 2685 hoc
3552 2641 3669 2695 est,

2097 2743 2195 2798 per
2226 2727 2460 2782 Verbum
2485 2740 2554 2779 ex
2577 2723 2737 2778 Patre
2767 2723 3025 2792 genitum.
3054 2721 3159 2776 Sed
3190 2719 3414 2774 audiens
3443 2727 3670 2775 mortem

2099 2817 2242 2885 Filii,
2270 2817 2462 2873 deinde
2492 2815 2672 2870 verbis
2716 2813 2957 2882 Apostoli
2990 2813 3280 2877 subtiliter,
3320 2820 3380 2864 ut
3424 2811 3538 2880 ipse
3577 2824 3674 2878 pu-

2103 2921 2205 2973 tas,
2240 2906 2586 2970 examinatis,
2620 2919 2727 2957 non
2750 2918 2810 2957 es
2844 2902 3046 2957 veritus
3076 2902 3259 2956 dicere
3291 2917 3303 2954 :
3347 2900 3486 2972 [Non
3516 2900 3671 2965 dixit,

2102 3015 2199 3068 per
2237 3008 2464 3052 mortem
2509 2995 2602 3050 Dei
2645 2991 2858 3064 Verbi.]
2889 2993 3048 3062 Atqui
3095 2990 3364 3061 quomodo
3409 2991 3673 3060 ejusmodi

2103 3090 2280 3144 oratio
2308 3088 2601 3158 prudenter
2628 3083 2808 3140 eﬁ‘erri
2855 3082 3157 3153 potuisset?
3205 3083 3314 3136 imo
3363 3097 3491 3135 vero
3537 3098 3674 3150 qttn-

2103 3180 2260 3235 modo
2308 3193 2412 3232 non
2458 3190 2682 3232 summa:
2735 3174 2926 3229 fuisset
2969 3173 3194 3228 insania:
3239 3172 3438 3242 plena?
3501 3172 3676 3240 ipsam

2098 3273 2244 3328 enim
2281 3271 2446 3324 vitam
2478 3269 2637 3324 morti
2673 3266 2963 3322 obnoxiam
2989 3264 3191 3330 dicere,
3238 3263 3508 3334 quomodo
3542 3263 3676 3315 fuis-

2099 3373 2204 3430 set,
2237 3377 2366 3432 rogo
2398 3371 2471 3426 te,
2499 3356 2879 3426 consequens?
2917 3365 2970 3410 et
3017 3354 3087 3410 de
3132 3365 3324 3409 natura
3367 3354 3679 3408 viviﬁcante

2098 3455 2300 3521 omnia,
2317 3451 2714 3522 corruptionem
2731 3448 3034 3511 enuntiare,
3048 3447 3318 3516 quomodo
3333 3461 3436 3500 non
3455 3461 3679 3501 summa:

2100 3544 2381 3601 dementiae
2403 3541 2572 3597 fuisse
2607 3549 2661 3596 et
2688 3553 2913 3595 summie
2944 3537 3290 3607 blasphemiae
3331 3537 3534 3591 crimen
3559 3535 3680 3606 jure

2099 3633 2452 3692 censeretur?
2471 3630 2587 3686 Non
2605 3645 2736 3701 ergo
2763 3629 2873 3685 tuis
2891 3629 2944 3684 in
2964 3629 3065 3684 hac.
3089 3644 3148 3684 re
3170 3628 3578 3690 subtilitatibus,
3599 3625 3678 3681 vel

2100 3726 2254 3781 vanis
2283 3723 2667 3795 nugationibus
2689 3763 2704 3788 ,
2739 3733 3050 3776 sanctorum
3085 3721 3323 3774 virorum
3353 3719 3564 3772 animus
3595 3734 3684 3770 as-

2100 3817 2236 3874 senti
2246 3827 2352 3882 tur,
2368 3815 2460 3871 sed
2489 3812 2742 3883 intelligit
2767 3827 2991 3882 prorsus
3011 3811 3104 3867 Dei
3129 3810 3361 3865 Verbum
3379 3824 3543 3863 carne
3559 3825 3682 3877 pro-

2100 3919 2220 3982 pter
2245 3923 2342 3962 nos
2368 3921 2618 3976 passum;
2643 3914 2697 3960 et
2719 3913 2890 3958 morte
2928 3903 3129 3973 proprii
3152 3901 3398 3971 corporis
3420 3899 3678 3953 mundum

2100 4003 2167 4054 ad
2198 3996 2650 4054 reconciliandam
2683 4009 2806 4048 cum
2835 3993 2996 4048 Patre
3033 3993 3123 4060 qui
3172 3991 3226 4045 in
3275 3990 3428 4045 caelis
3463 4000 3545 4062 est
3587 4005 3679 4056 pa-

2100 4106 2239 4154 cem,
2271 4101 2515 4142 vocasse.
2543 4086 2728 4154 Itaque
2756 4100 2879 4138 cum
2909 4083 3192 4153 quemdam
3224 4097 3254 4136 e
3285 4082 3483 4135 sanctis
3525 4081 3682 4134 disci-

2103 4181 2240 4252 pulis
2272 4178 2657 4248 alloqueretur,
2688 4174 2823 4228 dixit
2851 4191 2864 4230 :
2911 4192 2930 4226 ι
2964 4173 3076 4244 Ego
3105 4187 3222 4227 sum
3253 4173 3367 4234 via,
3398 4171 3596 4226 veritas
3626 4179 3679 4224 et

2101 4273 2294 4336 vita,et
2313 4283 2472 4324 nemo
2485 4267 2716 4323 venitad
2746 4265 2960 4320 Patrem
2989 4265 3090 4320 nisi
3115 4279 3210 4333 per
3231 4279 3314 4319 me
3336 4263 3400 4316 ³⁸.
3430 4282 3447 4312 ι
3467 4262 3680 4318 Veritas

2104 4371 2287 4415 autem
2312 4369 2367 4414 et
2391 4360 2499 4412 vita
2532 4368 2588 4413 et
2636 4357 2721 4411 via
2774 4359 3021 4427 quisnam
3070 4356 3141 4409 sit
3189 4355 3346 4418 alius,
3387 4354 3489 4406 nisi
3549 4352 3679 4409 illud

409 4453 572 4523 ἐμοῦ.
621 4471 641 4503 ι
693 4453 947 4523 Ἀλήθεια
978 4453 1056 4514 δὲ,
1089 4454 1179 4506 καὶ
1214 4453 1348 4525 ζωὴ,
1380 4455 1472 4507 καὶ
1499 4455 1635 4519 ὁδὸς,
1669 4455 1752 4518 τίς
1793 4454 1859 4508 ἂν
1889 4455 1994 4506 ἕτε-

2112 4453 2348 4508 Verbum
2379 4465 2444 4503 ex
2469 4448 2630 4504 Patre
2655 4453 2920 4519 genitum,
2963 4447 3174 4502 tametsi
3209 4445 3376 4499 nostri
3407 4443 3578 4498 simile
3611 4443 3684 4496 sit

409 4562 508 4616 ρος
535 4547 647 4612 εἴη,
686 4545 839 4613 παρά
882 4562 946 4611 γε
973 4545 1065 4598 τὸν
1111 4547 1174 4598 ὲκ
1215 4545 1349 4598 Θεοῦ
1377 4546 1549 4616 φύντα
1596 4547 1786 4615 Λόγον,
1825 4549 1874 4599 εί
1913 4547 2006 4600 καὶ

405 4636 610 4702 γέγονε
646 4634 768 4687 καθ’
801 4637 948 4705 ἡμᾶς
980 4636 1194 4708 μορφὴν
1225 4636 1410 4690 δούλου
1450 4636 1650 4690 λαὸών.
1689 4638 1808 4690 Ὀτι
1838 4636 1893 4689 δὲ
1937 4636 2003 4689 δι’

405 4725 581 4779 αὑτοῦ
614 4725 766 4788 θείας
814 4726 1031 4795 φύσεως
1077 4728 1506 4799 άποδεδείγμεθα
1537 4729 1802 4792 κοινωνοὶ,
1835 4729 1929 4780 καὶ
1956 4731 2004 4780 οί

407 4817 548 4868 ποτὲ
607 4816 764 4878 ὄντες
815 4819 1068 4889 μακρὰν,
1126 4819 1431 4890 γεγόναμεν
1478 4821 1666 4888 ἐγγὺς,
1728 4821 2006 4888 ὲνούμενοι

409 4907 689 4976 οχετικῶς
725 4907 792 4959 δι’
825 4907 990 4960 αὐτοῦ
1018 4909 1096 4979 τῷ
1137 4909 1332 4977 Πατρὶ,
1365 4911 1458 4962 καὶ
1498 4911 1604 4979 μὴν
1635 4911 1727 4962 καὶ
1758 4909 2006 4979 ἀλλήλοις

405 5004 488 5063 ὡς
543 5003 604 5054 ἐν
644 4999 827 5052 πίστει
876 5001 975 5070 μιᾷ
1021 4999 1114 5051 καὶ
1153 4998 1424 5068 όμοψυχίᾳ
1471 4998 1560 5050 διὰ
1602 4999 1662 5050 τὸ
1712 4997 1828 5062 ἐνὸς
1877 5015 2006 5067 μετ-

406 5093 716 5164 εσχηκέναι
747 5091 1080 5161 πνεύματος,
1113 5089 1274 5150 αὐτὸς
1307 5087 1659 5150 πιστώσεται,
1679 5087 1850 5156 λέγων
1874 5089 2008 5160 πρὸς

2113 4544 2313 4599 factum
2353 4542 2496 4597 servi
2545 4539 2716 4595 forma
2748 4538 3045 4609 suscepta?
3081 4536 3213 4590 Esse
3246 4545 3422 4588 autem
3461 4547 3557 4585 nos
3588 4547 3684 4600 per

2113 4638 2289 4708 ipsum
2319 4633 2540 4688 eﬁ'ectos
2571 4633 2764 4686 divinze
2788 4639 2996 4684 natura:
3031 4635 3310 4681 consortes
3338 4624 3403 4689 ”,
3432 4633 3485 4676 et
3511 4621 3683 4675 factos

2114 4742 2281 4798 prope
2319 4727 2409 4795 qui
2451 4726 2606 4792 longe
2637 4721 2765 4776 olim
2812 4733 3050 4782 eramus,
3086 4718 3208 4770 dum
3243 4730 3337 4784 per
3371 4715 3544 4781 ipsum
3579 4709 3682 4763 Pa-

2115 4819 2182 4872 tri
2208 4832 2304 4887 per
2334 4817 2584 4872 aﬂ'ectum
2613 4822 2668 4867 et
2695 4810 3066 4867 habitudinem
3089 4847 3104 4872 ,
3138 4816 3297 4874 atque
3340 4805 3502 4858 etiam
3546 4803 3687 4856 inter

2113 4925 2212 4966 nos
2237 4925 2334 4978 per
2361 4922 2524 4962 unam
2556 4905 2714 4960 ﬁdem
2738 4913 2792 4958 et
2817 4901 3162 4957 concordiam
3188 4899 3426 4961 unimur,
3451 4911 3516 4950 eo
3542 4895 3685 4964 quod
3743 4896 3752 4906 '

2113 5015 2301 5055 sumus
2341 5000 2498 5052 unius
2529 4997 2750 5068 spiritus
2786 4993 2912 5048 facti
2945 4992 3254 5063 participes,
3286 4991 3397 5060 ipse
3422 4986 3578 5042 ﬁdem
3607 4983 3686 5038 fa-

2117 5091 2244 5156 ciet,
2269 5089 2455 5144 dicens
2487 5088 2552 5142 ad
2591 5087 2805 5142 Patrem
2847 5099 2912 5139 ac
2943 5083 3110 5136 Deum
3140 5082 3230 5150 qui
3275 5088 3359 5134 est
3403 5077 3457 5131 in
3489 5075 3639 5130 cmlis
3669 5088 3686 5128 :

489 5275 536 5304 ³⁵
574 5271 755 5326 Galat.
800 5286 862 5334 tt,
903 5269 1092 5324 19-21.
1169 5268 1214 5299 ³⁸
1246 5267 1288 5320 ll
1329 5267 1454 5323 Cur.
1486 5284 1536 5332 ν,
1579 5267 1662 5322 15,
1731 5269 1774 5298 ⁸⁷
1818 5267 1973 5321 Rom.

2097 5267 2186 5322 10.
2262 5267 2306 5298 ³⁸
2346 5265 2504 5322 Joan.
2535 5281 2646 5331 xw,
2679 5265 2730 5318 6.
2812 5263 2855 5296 ³⁸
2886 5261 2928 5317 Il
2968 5262 3110 5318 Petr.
3147 5277 3186 5325 t,
3225 5260 3280 5314 4.

1704 5419 1860 5475 ΑΝΤ.
1903 5419 2177 5477 AGELLH
2220 5418 2454 5474 NOTAE.

494 5586 610 5654 (55)
647 5583 807 5636 Forte
856 5582 1160 5650 ἐπίκλημα,
1193 5579 1293 5654 hoc
1336 5591 1418 5654 est
1462 5581 1700 5654 crimen;
1732 5580 1890 5654 haud
1919 5579 2002 5632 in-

417 5650 575 5710 sueta
612 5655 820 5706 adituri
853 5669 979 5714 vos,
1012 5669 1116 5719 qna
1165 5653 1332 5719 ntitnr
1369 5651 1418 5701 in
1462 5650 1559 5702 hnc
1604 5650 2003 5715 signiﬁcatione

419 5730 527 5781 hoc
563 5730 753 5779 eodem
803 5713 975 5790 libro,
1010 5713 1132 5792 pag.
1184 5713 1304 5787 132,
1336 5719 1616 5790 ἐπίκλημα
1658 5713 1714 5773 δὲ
1771 5720 2002 5771 ποιεῖταί

2109 5596 2250 5631 τισιν
2278 5579 2351 5642 ὡς
2379 5579 2476 5647 τῆς
2524 5576 2780 5646 ἀληθείας
2833 5574 3204 5644 κατειρηκόσι,
3238 5571 3552 5647 (ιιιίίξιιεάιιηι
3592 5586 3692 5640 pra

2111 5652 2328 5702 crimine
2364 5643 2541 5717 objicit
2569 5643 2719 5713 quasi
2749 5643 3294 5699 adversus"vernalem
3318 5643 3572 5698 dixerint.
3632 5687 3641 5695 .
