4080 6440
505 290 610 350 215

1499 313 1554 360 s.
1598 294 1872 364 cum?”
1915 312 2380 376 ALEXANnnINI
2425 319 2745 378 ARCHIEP.

513 430 530 462 ς
574 412 688 466 Non
728 428 823 483 pro
862 416 946 471 his
989 425 1194 472 tantum
1250 436 1402 493 rogo,
1446 425 1538 478 sed
1576 428 1737 481 etiam
1763 445 1858 498 pro
1890 431 1954 486 iis
2000 449 2066 501 qu

2193 439 2283 491 τὸν
2305 443 2362 492 ἐν
2391 442 2640 511 οὐρανοῖς
2675 444 2892 514 Πατέρα
2923 445 3012 496 καί
3041 444 3173 497 Θεόν
3197 460 3208 472 '
3246 462 3263 494 ι
3309 444 3382 496 Οὐ
3416 463 3478 498 πε
3491 447 3537 517 ρί
3567 451 3751 502 τούτων

506 507 856 561 crediderunt
897 521 1115 580 propter
1169 528 1476 570 sermonem
1525 533 1712 572 eorum
1759 522 1810 573 in
1867 538 1972 584 mc,
2027 535 2083 578 ut

505 607 697 649 omnes
725 612 888 654 unum
921 601 1054 664 sint,
1091 601 1234 657 sicut
1268 614 1346 670 tu,
1384 605 1568 672 Pater,
1604 609 1656 662 in
1685 624 1791 675 me,
1828 620 2000 680 etego
2029 613 2081 666 in

508 696 580 749 te,
611 695 668 738 ut
703 693 864 742 etiam
903 689 1006 760 ipsi
1050 691 1101 746 in
1154 695 1308 750 nobis
1345 683 1508 750 unum
1558 699 1705 752 sint:
1755 712 1814 753 ut
1853 704 2084 758 mundus

504 778 715 841 credat,
750 780 874 848 quia
907 790 961 835 tu
995 798 1079 837 me
1114 786 1331 842 misisti.
1364 787 1429 842 Et
1457 805 1557 859 ego
1584 791 1884 846 claritatem
1921 810 2080 862 quam

505 868 698 924 dedisti
733 872 886 934 mihi,
942 875 1063 930 dedi
1111 879 1212 943 eis,
1275 889 1332 932 ut
1387 880 1499 934 sint
1551 898 1740 946 unum,
1795 885 1935 937 sicut
1986 900 2084 940 nos

466 968 473 976 '
503 977 692 1028 unum,
731 974 786 1018 et
813 980 912 1034 ego
942 967 995 1020 in
1036 968 1134 1034 eis,
1163 979 1218 1022 et
1247 981 1299 1023 tu
1336 971 1389 1024 in
1427 986 1531 1037 me,
1580 985 1637 1026 ut
1672 974 1782 1026 sint
1823 989 2081 1027 consum-

502 1053 633 1107 mati
670 1055 722 1108 in
759 1071 922 1110 unum
949 1057 1014 1112 ⁵ο.
1063 1078 1082 1111 ι
1136 1057 1377 1130 lntellige
1414 1062 1578 1129 igitur
1611 1063 1753 1132 quod
1803 1065 1918 1133 ipse
1957 1066 2080 1134 qui-

502 1144 624 1198 dem
671 1147 724 1199 in
771 1163 871 1202 suo
921 1149 1080 1204 Patre
1126 1152 1194 1204 sit
1242 1153 1580 1221 naturaliter,
1640 1156 1905 1209 mediator
1953 1169 2081 1210 vero

501 1247 663 1303 atque
715 1239 1032 1294 conciliator
1082 1243 1425 1311 constitutus,
1479 1261 1544 1301 eo
1585 1248 1727 1316 quod
1780 1248 1955 1304 factus
1999 1259 2081 1305 est

499 1325 656 1378 nobis
688 1327 900 1383 similis.
938 1328 992 1383 In
1036 1332 1188 1386 nobis
1229 1341 1334 1397 est,
1384 1345 1493 1388 tum
1535 1352 1630 1405 per
1665 1353 1816 1392 suam
1860 1354 2076 1395 carnem

500 1431 622 1485 qua:
654 1433 752 1472 nos
784 1420 1022 1476 viviticat
1054 1425 1104 1478 in
1165 1428 1376 1492 spiritu,
1428 1437 1540 1482 tum
1590 1444 1688 1498 per
1743 1434 2076 1487 consortium

498 1507 808 1563 sanctitatis
861 1509 999 1578 ejus,
1039 1513 1292 1569 nimirum
1346 1531 1465 1570 eam
1501 1532 1620 1586 quae
1673 1535 1769 1587 per
1817 1520 2076 1588 Spiritum

497 1606 747 1650 sanctum
787 1600 1103 1668 acquiritur.
1142 1603 1382 1657 Postulat
1415 1617 1592 1661 autem
1619 1625 1647 1660 a
1689 1607 1850 1662 Patre
1896 1610 2077 1680 gloria:

497 1699 563 1740 ac
601 1688 812 1742 decoris
838 1689 975 1754 loco,
1010 1702 1068 1746 ut
1091 1710 1244 1750 suam
1273 1697 1429 1752 nobis
1458 1711 1703 1755 naturam
1735 1704 2073 1772 perspicuam

2186 529 2242 582 δέ
2280 531 2466 600 ἐρωτῶ
2519 535 2697 602 μόνον,
2734 533 2868 585 ἀλλὰ
2903 534 2996 586 καὶ
3043 534 3170 603 περὶ
3216 533 3323 585 τῶν
3373 537 3751 590 πιστευσάντων

2185 620 2274 674 διὰ
2322 621 2416 674 τοῦ
2450 622 2606 690 λόγου
2652 623 2832 676 αὐτῶν
2876 625 2955 687 εἰς
2997 624 3116 693 ἐμὲ,
3157 625 3241 676 τνα
3292 641 3493 687 παντες
3535 626 3591 677 ἓν
3637 622 3750 691 ὦσι,
3803 690 3805 692 η

2186 710 2371 775 καθὼς
2395 714 2478 776 σὺ,
2507 714 2711 784 Πάτερ,
2743 716 2798 766 ἐν
2822 715 2962 781 ἐμοὶ,
2989 714 3144 783 κάγὼ
3173 717 3230 767 ἐν
3259 732 3360 768 σοι’
3382 717 3467 770 ἵνα
3496 720 3586 772 καὶ
3611 720 3752 773 αιδτοί

2185 803 2242 855 ἐν
2279 805 2414 875 ἡμῖν
2447 805 2505 856 ἓν
2541 799 2694 868 ὦσιν,
2729 805 2816 857 ἵνα
2847 807 2876 857 6
2907 805 3111 875 κόσμος
3144 807 3431 877 πιστεύσῃ.
3468 809 3546 862 ὅτι
3591 810 3651 862 σύ
3693 829 3754 880 με

2184 895 2546 960 ἀπέστειλαςο
2597 896 2753 964 κάγὼ
2795 898 2895 966 τὴν
2928 896 3086 962 δόξαν
3117 899 3183 968 ἢν
3229 899 3470 963 δέδωκάς
3519 919 3626 970 μοι,
3673 904 3753 955 δέ-

2183 987 2330 1040 δωκα
2365 989 2568 1051 αὐτοῖς,
2602 989 2688 1041 ἵνα
2719 981 2850 1041 ὦσιν
2885 988 2962 1050 ἓν,
3005 987 3189 1052 καθὼς
3221 991 3384 1060 ἡμεῖς
3417 989 3494 1055 ἒν,
3525 993 3674 1062 κάγὼ
3702 998 3755 1047 ἐν

2183 1080 2386 1142 αὐτοῖς,
2420 1081 2606 1133 καὶσὺ
2659 1081 2716 1133 ἐν
2762 1080 2905 1150 ἐμοὶ,
2955 1081 3040 1132 ἵνα
3084 1073 3187 1132 ὦσι
3230 1081 3636 1151 τετελειωμένοι
3681 1088 3754 1146 εἰς

2182 1170 2260 1224 ἓν.
2305 1189 2322 1220 ι
2358 1169 2521 1228 Σύνες
2552 1165 2644 1224 οὖν
2676 1172 2844 1234 ὅπως,
2895 1171 3053 1234 αὐτὸς
3101 1171 3201 1240 μὲν
3252 1171 3364 1223 ἔστι
3418 1174 3652 1240 φυσικῶς
3699 1177 3751 1226 ἐν

2181 1262 2259 1332 τῷ
2297 1262 2410 1332 ἰδίῳ
2459 1263 2656 1332 Πατρί,
2702 1262 2929 1332 μεσίτης
2970 1262 3026 1314 δέ
3072 1262 3163 1314 καί
3203 1261 3530 1333 διαλλακτὴς
3571 1267 3753 1318 ἀποδε-

2179 1353 2460 1423 δειγμένος
2487 1353 2573 1406 διὰ
2612 1353 2704 1407 τοῦ
2738 1354 3010 1423 γενέσθαι,
3031 1353 3152 1406 καθ’
3181 1355 3329 1422 ἡμᾶς
3349 1369 3361 1382 ’
3383 1355 3442 1406 ἐν
3465 1357 3593 1424 ἡμῖν
3623 1359 3750 1420 ἐστι,

2179 1445 2267 1500 διά
2299 1463 2357 1498 τε
2390 1446 2488 1515 τῆς
2523 1434 2659 1508 ἰδίας
2701 1447 2901 1516 σαρκὸς
2935 1443 3307 1516 ζωοποιούσης
3335 1447 3482 1515 ἡμᾶς
3511 1447 3567 1498 ἐν
3602 1447 3754 1498 πνευ-

2183 1554 2334 1607 ματι,
2367 1539 2459 1590 καὶ
2488 1537 2576 1591 διὰ
2621 1537 2714 1590 τοῦ
2759 1538 3081 1608 μεταλαχεῖν
3117 1538 3220 1608 τῆς
3250 1539 3534 1606 ἁγιότητος
3573 1537 3751 1600 αὑτοῦ,

2178 1627 2335 1697 δῆλον
2367 1629 2422 1680 δὲ
2464 1629 2546 1682 ὃτι
2596 1629 2755 1682 πάλιν
2793 1631 2892 1700 τῆς
2937 1629 3024 1683 διὰ
3073 1630 3168 1682 τοῦ
3217 1631 3374 1698 ἁγίου
3427 1629 3750 1699 Πνεύματος.

2179 1722 2331 1772 Λίτεῖ
2364 1721 2417 1774 δέ
2459 1721 2534 1783 ὡς
2567 1720 2724 1786 δόξαν
2756 1722 2902 1792 παρὰ
2954 1721 3167 1792 Πατρδς
3197 1720 3258 1774 τὸ
3301 1719 3400 1790 τὴν
3450 1720 3582 1773 ἰδίαν
3626 1723 3753 1790 ἡμῖν

495 1775 685 1839 faciat,
721 1779 864 1847 quod
900 1781 1110 1836 scilicet
1161 1784 1229 1838 sit
1278 1787 1606 1854 vivificator,
1637 1800 1690 1844 et
1729 1795 2066 1863 corruptione

2178 1813 2383 1883 ἐναργῆ
2426 1813 2764 1881 καταστῆσαι
2806 1813 2989 1882 φύσιν,
3020 1814 3102 1867 ὅτι
3140 1830 3199 1866 τε
3231 1815 3316 1883 εἴη
3354 1813 3634 1877 ζωοποιδς,
3666 1817 3754 1868 καὶ
3855 1821 3860 1825 ’

494 1869 744 1936 superior
773 1881 1028 1941 tanquam
1066 1877 1224 1941 Deus,
1269 1879 1449 1948 itaque
1488 1897 1676 1937 rursus
1699 1885 1833 1938 dixit
1869 1904 1880 1939 :
1913 1907 1930 1940 ι
1966 1887 2074 1956 Ego

496 1968 549 2013 te
573 1960 862 2016 clarilicavi
895 1979 1058 2032 super
1099 1976 1321 2033 terram,
1355 1973 1516 2044 124.
1543 1990 1678 2045 upus
1699 1981 2072 2034 consummavi

493 2053 635 2121 quod
667 2053 862 2110 dedisti
897 2057 1030 2111 mihi
1075 2070 1129 2112 ut
1169 2060 1362 2115 faciam
1397 2083 1410 2117 :
1441 2075 1497 2120 et
1536 2083 1677 2121 nunc
1707 2069 1941 2124 clarifica
1990 2088 2074 2126 me

493 2151 570 2205 tu,
609 2143 788 2212 Pater,
832 2151 972 2216 apud
1006 2152 1345 2221 temetipsum
1369 2194 1384 2219 ,
1428 2156 1671 2213 claritate
1713 2177 1874 2228 quam
1912 2163 2070 2217 habui

493 2245 786 2306 antequam
821 2243 1051 2298 mundus
1080 2244 1253 2310 fieret,
1302 2249 1441 2317 apud
1475 2259 1523 2303 te
1554 2251 1616 2304 ".
1655 2271 1674 2304 ι
1711 2252 1857 2322 Opus
1891 2264 2071 2308 autem

493 2343 929 2386 consummatum
955 2348 1148 2390 sumus
1173 2351 1292 2401 nos,
1325 2346 1580 2408 tanquam
1607 2343 1656 2396 in
1683 2346 1795 2412 ipso
1819 2353 1872 2398 ct
1896 2347 2070 2414 primo

493 2418 776 2478 vincentes
815 2427 1254 2495 corruptionem,
1290 2438 1346 2483 et
1373 2430 1646 2487 calcantes
1673 2436 1864 2491 mortis
1897 2437 2070 2507 impe-

494 2509 660 2576 rium,
709 2514 909 2570 revixit
962 2519 1106 2572 enim
1162 2534 1227 2575 ex
1277 2523 1529 2587 mortuis,
1567 2525 1848 2582 universos
1899 2529 1952 2582 in
2013 2542 2072 2584 se

493 2606 798 2661 continens.
829 2606 934 2664 Sed
968 2617 1020 2663 tu
1051 2611 1164 2668 haec
1196 2616 1359 2670 verba
1396 2615 1448 2670 in
1477 2615 1634 2670 aliam
1662 2618 1891 2675 fortasse
1915 2621 2070 2676 intel-

494 2692 771 2764 ligentiam
808 2699 1159 2770 detorquens,
1205 2721 1308 2758 non
1341 2709 1406 2760 de
1432 2707 1541 2762 Deo
1570 2709 1746 2765 Verbo
1772 2711 1888 2766 haec
1913 2712 2072 2768 intel-

493 2783 706 2856 ligenda
736 2805 950 2858 censes,
986 2796 1078 2848 sed
1110 2795 1292 2850 abillo
1323 2797 1597 2862 auferens,
1632 2812 1686 2855 et
1723 2803 1948 2858 seorsim
1983 2820 2070 2860 se-

491 2892 692 2947 parans
719 2895 841 2934 eum
874 2883 964 2950 qui
991 2894 1072 2938 est
1095 2886 1161 2940 de
1195 2896 1379 2942 sancta
1416 2888 1636 2961 Virgine
1667 2894 1910 2960 genitus,
1949 2902 2068 2949 tan-

491 2983 652 3035 quam
693 2969 856 3023 alium
889 2973 1080 3038 filium,
1111 2976 1185 3030 illi
1219 2978 1333 3034 hac
1376 2979 1501 3034 talia
1539 2983 1831 3038 convenire
1863 2993 1912 3038 et
1954 2985 2069 3054 ipse

490 3056 744 3126 allirmas,
795 3070 852 3117 et
905 3064 1024 3119 aliis
1057 3076 1109 3119 et
1157 3067 1321 3122 etiam
1361 3072 1689 3139 persuadere
1735 3075 1983 3144 conaris,
2012 3084 2069 3130 ut

486 3148 678 3202 eadem
715 3161 888 3206 tecum
917 3163 974 3207 et
1004 3155 1242 3210 sentiant
1275 3166 1330 3212 et
1359 3160 1667 3229 loquantur.
1698 3163 1772 3217 Ac
1803 3166 1960 3233 plane
1989 3165 2067 3218 di-

484 3250 600 3305 ces,
633 3241 971 3310 unigenitum
1013 3245 1102 3302 Dei
1132 3245 1392 3315 Verbum,
1414 3267 1537 3306 cum
1574 3254 1644 3307 sit
1677 3255 1932 3311 Dominus
1954 3256 2070 3327 glo-

485 3331 604 3395 rite,
637 3347 912 3402 nunquam
944 3345 1198 3406 tanquam
1235 3339 1419 3410 gloria:
1451 3343 1688 3412 inopem,
1723 3345 1868 3400 illam
1903 3363 1932 3401 a
1968 3348 2069 3404 Pa-

486 3427 572 3479 ‘are
598 3423 765 3479 fuisse
799 3429 1119 3496 petiturum.
1158 3431 1360 3502 Accipe
1403 3435 1567 3504 igitur
1597 3438 1758 3493 etiam
1789 3455 1817 3493 a
1866 3443 2062 3497 nobis:

488 3513 534 3567 si
567 3529 672 3569 non
719 3516 896 3586 ipsum
928 3533 1053 3575 esse
1083 3521 1218 3576 dicis
1246 3522 1396 3578 illum
1422 3542 1487 3580 ex
1513 3526 1620 3583 lleo
1649 3532 1940 3587 secundum
1972 3549 2068 3586 na-

489 3615 665 3660 turam
689 3605 884 3662 Filium
915 3611 1271 3681 unigenitum,
1307 3618 1398 3686 qui
1428 3618 1479 3672 in
1523 3620 1607 3674 his
1633 3623 1811 3677 verbis
1839 3623 2065 3693 gloriam

484 3698 519 3748 1|
549 3693 712 3752 Patre
743 3701 994 3767 postulet,
1045 3704 1167 3771 quis
1219 3720 1350 3776 ergo
1395 3708 1482 3763 ille
1523 3721 1642 3765 erat
1669 3713 1763 3782 qui
1802 3713 2061 3770 dicebat:

492 3805 516 3840 c
571 3786 826 3846 Clariﬁca
886 3807 972 3848 me
1029 3794 1277 3852 claritate
1329 3814 1488 3867 quam
1549 3803 1713 3858 habui
1771 3817 2064 3876 antequatn

490 3881 722 3937 mundus
755 3883 930 3950 fieret,
964 3887 1102 3956 apud
1141 3889 1239 3943 te?
1280 3908 1299 3941 ›
1333 3890 1427 3948 Dic
1458 3907 1589 3965 ergo
1621 3895 1755 3950 mihi
1775 3936 1789 3962 ,
1829 3912 2062 3966 quonam

485 3977 646 4034 modo
679 3978 770 4035 ille
800 3995 866 4035 ex
893 3993 1080 4038 sancta
1100 3982 1341 4054 Virgine,
1371 3988 1552 4054 homo,
1586 3997 1645 4044 ut
1683 4000 1736 4044 tu
1771 3991 2025 4063 intelligis
2045 4034 2061 4060 ,

482 4073 710 4126 seorsim
780 4077 1014 4144 positus,
1059 4087 1183 4134 ante
1232 4081 1489 4134 mundum
1541 4083 1701 4136 erat?
1748 4083 1939 4139 Annon
1985 4084 2064 4140 illi

481 4163 800 4220 sucularum
843 4169 1113 4223 conditori
1153 4172 1406 4226 convenit
1453 4175 1652 4229 mundo
1699 4176 2060 4247 antiquiorem

481 4253 683 4310 habere
732 4257 1162 4325 subsistentiam,
1219 4271 1276 4317 et
1324 4261 1471 4319 Patri
1515 4269 1883 4322 cumternam?
1914 4281 2062 4326 certe

479 4363 645 4403 nemo
690 4364 858 4404 sanus
903 4353 1183 4409 dubitarit.
1243 4353 1470 4419 Quando
1519 4371 1648 4426 ergo
1705 4360 2058 4430 semetipsum

2177 1903 2382 1974 φθορᾶς
2437 1904 2676 1974 ἀμείνων
2718 1904 2792 1968 ὡς
2840 1906 2992 1969 Θεός.
3053 1907 3163 1959 Καὶ
3213 1905 3347 1974 γοῦν
3397 1905 3501 1975 ἔφη
3562 1907 3748 1960 πάλιν·

2180 2014 2198 2046 α
2247 1995 2388 2063 Ἐγώ
2420 2013 2477 2047 σε
2516 1996 2741 2058 ἐδόξασα
2763 1997 2854 2049 ἐπὶ
2883 1997 2984 2064 τῆς
3010 1999 3133 2066 γῆς,
3167 1996 3225 2048 τὸ
3257 1996 3417 2066 ἔργον
3449 1997 3750 2061 τελειώσας,

2173 2086 2200 2137 ὃ
2230 2087 2467 2150 δέδωκάς
2510 2105 2600 2156 μοι
2635 2087 2721 2140 ἵνα
2768 2088 2980 2157 ποιήσω
3001 2102 3013 2114 ⁸
3065 2088 3160 2140 καὶ
3194 2087 3288 2140 νῦν
3317 2088 3541 2152 δόξασόν
3575 2105 3639 2158 με
3671 2089 3748 2145 σὺ.

2140 2205 2144 2210 -
2175 2179 2380 2248 Πάτερ,
2411 2179 2560 2247 παρὰ
2610 2179 2818 2248 σεαυτῷ
2849 2182 2912 2250 τῇ
2945 2177 3070 2250 δόξῃ
3208 2175 3353 2248 εἶχον
3402 2179 3510 2250 πρὸ
3540 2177 3632 2230 τοῦ
3668 2179 3754 2230 τὸν

2176 2269 2382 2338 κόσμον
2413 2265 2575 2331 εἶναι,
2615 2270 2766 2340 παρὰ
2801 2270 2904 2322 σοί.
2945 2290 2962 2322 ο
3010 2271 3211 2340 Ἔργον
3244 2270 3300 2323 δὲ
3339 2270 3753 2340 τετελειωμένον

2174 2357 2338 2426 ἐσμὲν
2365 2360 2544 2428 ἡμεῖς,
2574 2359 2648 2422 ὼς
2682 2360 2740 2411 ἐν
2768 2358 2917 2428 αὐτῷ
2959 2358 3052 2412 καὶ
3083 2357 3286 2429 πρώτῳ
3322 2359 3587 2421 νικῶντες
3630 2358 3753 2426 φθο-

2176 2450 2293 2520 ρὰν,
2338 2451 2518 2502 καὶτὸ
2554 2449 2648 2503 τοῦ
2691 2449 2924 2504 θανάτου
2957 2449 3253 2514 πατοῦντες
3289 2453 3531 2520 κράτοςο
3568 2449 3760 2504 ἀνεϐίω

2170 2541 2278 2610 γὰρ
2327 2541 2392 2592 ἐκ
2429 2540 2658 2611 νεκρῶν,
2690 2541 2899 2603 πάντας
2947 2539 3084 2609 ἔχων
3131 2541 3188 2593 ἐν
3234 2542 3445 2611 ἐαυτῷ.
3493 2540 3632 2593 Ἀλλ’
3675 2541 3755 2608 ἐφ’

2171 2631 2363 2702 ἐτέρας
2394 2633 2522 2695 ἴσως
2553 2634 2763 2695 ἐννοίας
2817 2631 3168 2702 ἁποκομίζων
3202 2633 3264 2686 τὸ
3297 2634 3614 2704 εἰρημένον,
3660 2635 3756 2687 οὐκ

2169 2724 2260 2776 ἐπί
2307 2741 2368 2791 γε
2415 2723 2502 2775 τοῦ
2541 2724 2676 2777 Θεοῦ
2725 2725 2901 2792 Λόγου
2947 2726 3106 2778 ταυτὶ
3151 2725 3215 2794 δὴ
3274 2726 3476 2795 χρῆναι
3525 2724 3753 2780 νοεῖσθαι

2170 2813 2349 2884 φαμέν
2385 2814 2494 2885 [ἵσ.
2528 2813 2632 2883 φὴς
2659 2814 2812 2885 μέν]·
2847 2815 3140 2886 ἀποφέρων
3170 2817 3225 2869 δέ
3271 2817 3442 2870 αὑτοῦ
3469 2819 3563 2870 καὶ
3591 2818 3753 2879 τιθεὶς

2168 2905 2269 2959 ἀνά
2300 2905 2463 2976 μέρος
2491 2907 2584 2959 τὸν
2633 2909 2698 2960 ἐκ
2722 2907 2820 2975 τῆς
2844 2907 3006 2974 ἁγίας
3036 2907 3318 2976 Παρθένου
3356 2910 3752 2980 γεγεννημένον

2168 2996 2244 3059 ὡς
2287 2998 2472 3066 ἓτερον
2502 2999 2637 3061 υἰδν,
2673 2996 2821 3067 αὐτῷ
2870 2997 2938 3050 τὰ
2985 2997 3164 3051 τοιάδε
3208 2999 3449 3069 πρέπειν
3491 3017 3553 3052 τε
3601 2999 3754 3062 αὐτὸς

2168 3088 2485 3154 διαόεόαιοῖ,
2525 3089 2618 3142 καὶ
2651 3089 2756 3160 μὴν
2785 3089 2879 3141 καί.
2917 3089 3135 3160 ἐτέρους
3163 3091 3487 3145 ἀναπείθειν
3541 3091 3754 3163 ἐπείγῃ.

2169 3179 2344 3234 ταῦτά
2382 3181 2492 3253 [τοι.
2542 3181 2737 3254 ταυτά]
2779 3200 2862 3236 σοι
2909 3185 3127 3254 φρονεῖν
3169 3183 3264 3236 καὶ
3312 3182 3525 3254 λέγέιν.
3588 3185 3755 3254 Ἐρεῖς

2169 3273 2224 3326 δέ
2251 3291 2354 3327 που
2386 3273 2620 3339 πάντως,
2654 3275 2736 3328 ὅτι
2764 3274 2866 3345 τῆς
2889 3275 3046 3345 δόξης
3068 3274 3270 3345 Κύριος
3295 3275 3378 3330 ὣν
3410 3273 3754 3363 όθμονογενὴς

2168 3365 2262 3419 τοῦ
2288 3365 2423 3419 Θεοῦ
2457 3367 2650 3434 Λόγος,
2681 3367 2782 3420 οὐκ
2822 3368 2888 3421 ἂν
2920 3367 2996 3431 ὼς
3023 3367 3180 3437 δόξης
3220 3369 3493 3440 ὑπάρχων
3523 3367 3753 3435 ἐπιδεὴς.

2168 3458 2400 3528 ἐζήτησε
2431 3456 2530 3529 τὴν
2561 3458 2713 3527 παρὰ
2755 3459 2990 3530 Πατρός.
3025 3460 3220 3512 ’Δκουε
3260 3461 3450 3513 τοίνυν
3490 3461 3585 3513 καὶ
3626 3456 3756 3528 πρὸς

2167 3549 2199 3617 ἡ
2212 3547 2353 3617 μῶν·
2387 3548 2435 3600 εἰ
2467 3547 2542 3618 μὴ
2583 3547 2746 3601 αὐτὸν
2777 3543 2916 3601 εἶναι
2955 3548 3061 3620 φὴς
3090 3548 3182 3600 τὸν
3217 3550 3280 3601 ἐκ
3308 3549 3454 3602 Θεοῦ
3494 3549 3637 3603 κατά
3665 3548 3759 3616 φύ-

2168 3658 2253 3694 σιν
2283 3640 2413 3693 Υίδν
2451 3641 2734 3710 μονογενῆ,
2774 3639 2933 3707 δόξαν
2977 3643 3035 3693 ἐν
3063 3639 3272 3702 τούτοις
3307 3640 3578 3694 αἰτοῦντα
3614 3638 3759 3708 παρὰ

2166 3734 2259 3787 τοῦ
2291 3733 2539 3803 Πατρὸς,
2576 3731 2660 3795 τίς
2696 3728 2765 3804 ἦν
2798 3733 2827 3785 6
2856 3732 3050 3801 λέγων,
3093 3752 3112 3786 r
3149 3730 3394 3797 Δόξασόν
3437 3751 3508 3804 με
3539 3736 3604 3805 τῇ
3639 3731 3762 3802 δόξῃ

2166 3819 2199 3896 ᾗ
2225 3820 2370 3895 εἶχον
2398 3824 2504 3895 πρὸ
2527 3823 2622 3878 τοῦ
2660 3823 2752 3876 τὸν
2781 3824 2984 3894 κόσμον
3013 3821 3174 3890 εἶναι,
3221 3825 3384 3894 παρὰ
3425 3825 3545 3890 σοις
3586 3843 3604 3876 ι
3641 3823 3762 3885 Πῶς

2164 3912 2277 3978 οὖν,
2310 3915 2432 3967 εἰπέ
2469 3931 2578 3983 μοι,
2606 3913 2942 3984 προκόσμιος
2968 3915 2996 3967 6
3019 3917 3084 3969 ἐκ
3117 3917 3216 3984 τῆς
3260 3916 3438 3984 ἁγίας
3482 3916 3763 3986 Παρθένου

2164 4006 2305 4060 κατὰ
2335 4006 2392 4059 σὲ
2422 4005 2712 4076 νοούμενος
2739 4005 3024 4074 ἄνθρωπος
3055 4005 3274 4072 ἰδικῶςς
3319 4006 3455 4078 ’Ap‘
3479 4007 3602 4077 οὐχὶ
3630 4004 3757 4076 πρέο

2163 4113 2254 4149 ποι
2287 4096 2353 4149 ἂν
2386 4097 2462 4166 τῷ
2504 4095 2612 4148 τῶν
2644 4094 2856 4148 αἰώνων
2884 4094 3221 4165 δημιουργῷ,
3253 4095 3337 4160 τὸ,
3375 4096 3761 4168 πρεσϐυτέραν

2162 4185 2308 4255 ἔχειν
2354 4185 2448 4237 τοῦ
2497 4185 2705 4254 κόσμου
2753 4183 2852 4253 τὴν
2899 4181 3152 4253 ὓπαρξιν,
3207 4185 3304 4236 καὶ
3363 4185 3641 4238 συναῖδιον
3682 4180 3757 4250 τῷ

2163 4276 2367 4347 Πατρί;
2397 4274 2511 4329 ἀλλ’
2542 4277 2643 4328 οὐκ
2686 4275 2753 4328 ἂν
2783 4275 3077 4328 ἐνδοιάσειέ
3126 4291 3208 4338 τις
3255 4275 3370 4328 τῶν
3419 4274 3484 4331 εὖ
3545 4278 3758 4347 φρονεῖν

2162 4365 2450 4419 εἰωθότων.
2483 4365 2610 4418 Ὅτε
2636 4364 2814 4418 τοίνυν
2843 4365 3033 4419 ἑαυτὸν
3062 4365 3343 4420 κεκένωκε
3387 4367 3610 4439 μορφὴν
3637 4365 3755 4420 δού-

479 4440 800 4506 exinanivit,
827 4443 1058 4499 formam
1095 4447 1234 4500 servi
1267 4447 1538 4517 accipiens
1556 4448 1640 4516 “,
1678 4458 1790 4504 tum
1827 4451 2059 4521 denique

2167 4456 2253 4509 λου
2291 4455 2492 4519 λαόὼν,
2531 4456 2650 4510 τότε
2680 4456 2766 4527 δὴ,
2798 4456 2920 4510 τότε
2954 4458 3048 4511 καὶ
3081 4459 3160 4520 εἰς
3209 4457 3314 4528 τὴν
3343 4459 3583 4513 ἐνοῦσαν
3612 4456 3762 4527 αὑτῷ

477 4532 641 4586 etiam
676 4533 740 4588 ad
765 4549 884 4589 eam
921 4536 1146 4604 gloriam
1175 4554 1295 4608 quae
1325 4540 1428 4595 sibi
1467 4541 1764 4595 secundum
1811 4551 2057 4597 naturam

478 4625 672 4691 inerat,
699 4641 820 4681 eum
856 4629 1004 4683 unita
1032 4631 1131 4685 sibi
1171 4646 1385 4700 quoque
1424 4646 1589 4687 carne
1635 4631 1814 4686 redire
1844 4633 2054 4697 volens,

475 4727 779 4784 opportune
829 4717 1060 4774 dixitu
1101 4720 1351 4776 Clarifica
1416 4737 1502 4776 me
1563 4731 1640 4786 tu,
1700 4721 1882 4789 Pater,
1915 4724 2054 4792 apud

477 4806 816 4879 temetipsum
841 4809 1088 4864 claritate
1135 4827 1296 4881 quam
1343 4814 1507 4867 habui
1550 4814 1859 4882 priusquam
1893 4829 2052 4869 mun-

473 4903 574 4953 dus
607 4909 771 4964 esset,
800 4904 940 4972 apud
969 4914 1046 4970 te;
1089 4914 1148 4957 ut
1189 4903 1424 4959 mundus
1473 4906 1660 4961 credat
1703 4907 1826 4975 quia
1878 4917 1933 4962 tu
1967 4923 2052 4962 me

473 4987 692 5042 misisti.
733 4988 797 5043 Et
824 5006 924 5062 ego
951 4993 1252 5048 claritatem
1285 5009 1451 5062 quam
1492 4994 1689 5050 dedisti
1735 4997 1889 5061 mihi,
1926 4996 2047 5052 dedi

469 5079 572 5141 eis,
607 5089 666 5133 ut
689 5080 799 5135 sint
829 5098 1016 5149 unum,
1055 5084 1198 5139 sicut
1230 5101 1328 5138 nos
1361 5101 1550 5141 unum.
1585 5085 1698 5156 Ego
1726 5087 1778 5141 in
1811 5088 1960 5156 ipsis,
1993 5100 2048 5143 et

471 5175 526 5219 tu
559 5169 610 5220 in
649 5183 773 5236 me;
823 5181 881 5225 ut
921 5171 1032 5226 sint
1073 5176 1430 5229 consummati
1477 5176 1530 5229 in
1576 5193 1742 5232 unum
1769 5177 1832 5231 “.
1877 5194 1898 5230 ι
1946 5177 2048 5232 Per

471 5258 646 5326 ipsum
685 5261 850 5330 igitur
879 5263 1371 5319 reconciliationem
1413 5269 1720 5336 accepimus
1749 5287 1762 5323 :
1799 5270 1870 5324 ita
1901 5271 2046 5324 enim

468 5365 604 5419 opus
626 5355 1021 5409 consummavit
1057 5357 1199 5424 quod
1237 5357 1383 5412 dedit
1417 5359 1515 5429 ipsi
1567 5362 1630 5414 ad
1667 5377 2050 5416 consumman-

469 5443 594 5496 dum
634 5444 812 5499 Pater.
855 5447 1197 5502 Assertorem
1242 5463 1484 5505 meorum
1523 5453 1813 5508 verborum
1856 5470 2046 5508 rursus

467 5531 651 5588 citabo
679 5535 894 5589 beatum
921 5535 1146 5592 Paulum
1168 5540 1238 5594 ita
1268 5542 1598 5598 scribentem
1631 5545 1697 5598 ad
1726 5557 1949 5601 vocatos
1977 5561 2042 5600 ex

2162 4546 2305 4601 κατὰ
2332 4547 2491 4615 φύσιν
2519 4547 2880 4617 ἀναφοιτῆσαι
2909 4545 3066 4611 δόξαν
3099 4545 3326 4612 ἐθέλων,
3362 4550 3460 4602 καὶ
3492 4549 3634 4620 μετὰ
3662 4547 3760 4615 τῆς

2159 4639 2451 4710 ένωθείσης
2479 4638 2626 4709 αὐτῷ
2653 4638 2852 4709 σαρκὸς
2893 4639 2985 4692 ἐπὶ
3011 4637 3203 4709 καιροῦ
3239 4657 3418 4710 φησι·
3456 4661 3476 4693 ‹
3527 4639 3760 4708 Δόξασόν

2160 4746 2226 4800 με
2274 4731 2359 4794 σὺ,
2397 4730 2600 4800 Πάτερ,
2643 4730 2795 4799 παρὰ
2841 4729 3052 4800 σεαυτῷ
3083 4731 3150 4800 τῇ
3185 4729 3316 4802 δόξῃ
3453 4729 3606 4804 εἶχον
3654 4731 3758 4800 πρὸ

2153 4817 2248 4871 τοῦ
2283 4819 2373 4872 τὸν
2413 4819 2616 4888 κόσμον
2663 4813 2805 4871 εἶναι
2851 4817 3002 4888 παρὰ
3053 4819 3154 4882 σοὶ,
3188 4819 3276 4871 ἵνα
3329 4822 3360 4873 6
3387 4821 3624 4889 οκόσμος
3666 4837 3756 4872 πι-

2161 4909 2360 4980 στεύσῃ
2394 4911 2477 4963 ὅτι
2508 4908 2571 4962 σύ
2606 4925 2674 4978 με
2713 4908 3071 4972 ἀπέστειλας·
3109 4908 3264 4976 κάγὼ
3310 4911 3418 4980 τὴν
3467 4912 3631 4978 δόξαν
3676 4911 3741 4980 ἦν

2154 5001 2392 5062 δέδωκάς
2429 5017 2540 5070 μοι,
2591 4999 2799 5052 δέδωκα
2847 5001 3050 5064 αὐτοῖς,
3102 5001 3189 5053 ἴνα
3233 4993 3376 5055 ὦσιν
3432 5002 3516 5066 ἓν,
3569 5000 3754 5064 καθὼς

2153 5093 2317 5162 ἡμεῖς
2347 5092 2440 5144 ἓν·
2491 5091 2602 5160 ἐγὼ
2637 5093 2694 5144 ἐν
2737 5092 2918 5154 αὐτοῖς
2964 5091 3059 5144 καὶ
3103 5092 3166 5144 σὺ
3219 5093 3280 5146 ἐν
3323 5094 3492 5164 ἐμοὶ,
3530 5095 3622 5148 ἵνα
3654 5087 3755 5146 ὦσι

2151 5181 2562 5252 τετελειωμένοι
2596 5184 2676 5244 εἰς
2708 5181 2786 5234 ἐν.
2819 5201 2836 5233 ι
2863 5182 2939 5234 Δι’
2968 5182 3132 5235 αὐτοῦ
3162 5185 3468 5254 τοιγαροῦν
3490 5184 3594 5256 τὴν
3626 5199 3754 5237 κατ-

2151 5273 2393 5344 αλλαγὴν
2421 5274 2757 5344 ἐσχήκαμεν·
2788 5275 3106 5328 τετελείωκε
3139 5275 3248 5344 γὰρ
3283 5275 3438 5329 οὕτω
3472 5277 3535 5330 τὸ
3569 5277 3752 5347 ἔργον,

2149 5365 2178 5418 6
2201 5365 2430 5419 δέδωκεν
2459 5364 2608 5435 αὐτῷ
2636 5367 2716 5428 είς
2739 5366 3014 5419 τελείωσιν
3060 5369 3088 5420 6
3134 5367 3352 5438 Πατήρ.
3388 5369 3754 5439 Συλλήπτορα

2101 5466 2109 5474 ·
2148 5453 2206 5506 δὲ
2247 5456 2356 5509 τῶν
2386 5455 2536 5525 ἐμῶν
2566 5455 2739 5522 λόγων
2767 5458 3066 5526 ποιήσομαι
3113 5455 3279 5509 πάλιν
3320 5457 3420 5510 τὸν
3455 5458 3754 5528 ἱερώτατον

2150 5545 2382 5613 Παῦλον,
2413 5547 2510 5600 ὡδὶ
2535 5548 2848 5618 γεγραφότα
2878 5550 2987 5613 τοῖς
3025 5549 3084 5613 ἐξ
3133 5548 3310 5604 ἐθνῶν
3340 5551 3718 5623 κεκλημένοις
3737 5563 3750 5578 ⁸

544 5706 588 5735 ³ο
626 5705 784 5761 Joan.
829 5724 956 5776 xvn,
1001 5712 1191 5769 ‘20-‘25.
1270 5716 1312 5748 ¹⁵¹
1357 5718 1483 5772 ibid.
1519 5720 1549 5774 6
1582 5721 1633 5774 ὃ.
1713 5724 1757 5752 ³⁸³
1786 5721 2020 5791 Philipp.
2058 5739 2115 5790 ll,
2156 5724 2208 5781 6.
2287 5726 2328 5756 "
2355 5723 2512 5779 Joan.
2547 5739 2680 5789 xvn,
2711 5723 2962 5789 5,2I35.
