4080 6428
333 377 450 437 217

1402 376 1776 432 Αῡνειιδιδ
1815 377 2227 433 δεδτοιιιωι
2268 375 2394 429 LIB.
2437 377 2501 430 ν.

3507 376 3615 432 218

338 521 361 554 ι
400 500 542 554 Νυνὶ
569 499 626 551 δὲ
652 500 710 552 ὲν
736 499 962 569 Χριστῷ
1001 499 1176 568 Ἰησοῦ
1213 500 1373 569 ὑμεῖς
1404 499 1453 552 οἰ
1489 500 1615 552 ποτὲ
1649 499 1798 562 ὄντες
1832 516 1921 568 μα-

2035 499 2330 568 gentibus:
2363 517 2382 550 ι
2430 497 2582 554 Nunc
2629 506 2808 552 autem
2855 497 2907 552 in
2957 497 3174 552 Christo
3215 495 3342 550 Jesu
3393 511 3486 550 vos
3525 493 3613 564 qui

330 590 503 661 κράν,
546 587 846 658 ἐγενήθητε
881 590 1049 657 ἐγγὺς
1091 591 1146 641 ὲν
1183 589 1263 659 τῷ
1313 589 1508 658 αἵματι
1540 589 1634 641 τοῦ
1670 589 1930 658 Χριστοῦ.

329 683 512 746 Αὐτὸς
542 682 651 749 γάρ
677 682 826 732 ἐστιν
858 681 892 751 ἡ
928 682 1115 751 εἰρήνη
1159 679 1336 748 ἡμῶν,
1381 683 1408 733 ὁ
1439 681 1671 749 ποιήσας
1710 682 1777 732 τὰ
1826 681 1934 749 ἀμ-

333 776 543 844 φότερα
585 774 682 825 ἓν·
729 774 824 825 καὶ
853 773 915 825 τὸ
948 774 1261 844 μεσότοιχον
1305 773 1396 824 τοῦ
1444 771 1700 842 φραγμοῦ
1744 771 1931 835 λύσας,

335 867 431 936 τὴν
473 865 686 935 ἔχθραν
731 867 789 916 ὲν
819 868 884 934 τῇ
920 867 1086 929 σαρκὶ
1132 864 1316 928 αὐτοῦ,
1349 863 1442 917 τὸν
1487 865 1651 933 νόμον
1692 863 1800 916 τῶν
1844 865 1932 916 ἐν·

340 957 502 1010 τολῶν
537 958 597 1007 ὲν
649 956 884 1026 δόγμασι
931 958 1310 1028 καταργήσας,
1351 957 1436 1008 ἵνα
1471 956 1597 1021 τοὺς
1640 955 1734 1008 δύο
1773 956 1930 1025 κτίσῃ

338 1051 392 1100 ἐν
428 1047 590 1116 αύτῴ
626 1048 706 1109 είς
756 1047 854 1100 ἕνα
902 1047 1088 1100 καινὸν
1138 1047 1444 1115 ἄνθρωπον,
1485 1047 1653 1099 ποιῶν
1685 1049 1928 1117 εἰρήνην,

335 1142 424 1192 καὶ
461 1137 894 1209 ἀποκαταλλάξῃ
945 1139 1071 1201 τοὺς
1117 1140 1458 1208 ἀμφοτέρους
1504 1141 1558 1190 ὲν
1605 1139 1683 1190 ἐνὶ
1719 1138 1931 1207 σώματι

331 1230 406 1298 τῷ
442 1229 566 1298 Θεῴ
597 1229 689 1282 διὰ
720 1229 815 1282 τοῦ
866 1229 1122 1299 σταυροῦ,
1159 1229 1486 1284 ἀποκτείνας
1512 1228 1610 1300 τὴν
1643 1228 1840 1299 ἔχθραν
1873 1232 1928 1280 ὲν

330 1323 500 1392 αὐτῷ.
547 1321 661 1374 Καὶ
715 1320 887 1374 ἐλθὼν
941 1320 1334 1390 εὐηγγελίσατο
1374 1321 1597 1391 εἰρήνην
1643 1319 1770 1388 ὑμῖν
1817 1321 1928 1380 τοῖς

329 1417 580 1486 μακρὰν,
635 1414 734 1467 καὶ
787 1415 900 1476 τοῖς
950 1413 1143 1481 ἐγγύς.
1186 1433 1205 1465 ›
1241 1412 1350 1466 Καὶ
1383 1413 1487 1482 μὴν
1514 1412 1609 1465 καὶ
1664 1410 1926 1482 ἑτέρωθιο

329 1526 348 1556 ι
407 1504 818 1567 Δικαιωθέντες
871 1498 964 1556 οὖν
1019 1505 1084 1556 ὲκ
1135 1504 1402 1566 πίστεως,
1455 1503 1680 1572 εἰρήνην
1728 1501 1925 1571 ἔχομεν

324 1599 466 1668 πρὸς
519 1598 616 1650 τὸν
669 1596 803 1649 Θεὸν
852 1595 940 1648 διὰ
970 1594 1065 1648 τοῦ
1115 1594 1321 1664 Κυρίου
1371 1593 1529 1664 ήμῶν
1585 1592 1757 1663 Ἰησοῦ
1789 1593 1922 1662 Χρι-

326 1688 478 1742 στοῦ.
528 1708 547 1738 ι
584 1687 800 1740 Οὐκοῦν
835 1685 1265 1756 κατηλλάγμεθα
1313 1683 1391 1753 τῷ
1439 1681 1558 1753 Θεῷ
1607 1684 1700 1736 καὶ
1747 1681 1924 1753 Πατρὶ

324 1784 415 1836 διὰ
461 1779 564 1834 τοῦ
621 1779 860 1832 θανάτου
894 1777 988 1830 τοῦ
1040 1775 1169 1828 Υἱοῦ
1225 1773 1412 1836 αὐτοῦ,
1451 1775 1920 1845 καταργήσαντος,

2042 591 2208 644 eratis
2255 591 2446 660 longe,
2497 590 2622 644 facti
2669 590 2800 644 estis
2850 604 3016 657 prope
3060 591 3111 642 in
3151 588 3416 654 sanguine
3452 587 3616 641 Chri-

2040 684 2130 736 sti.
2194 682 2310 750 Ipse
2363 691 2446 736 est
2483 682 2624 736 enim
2681 697 2782 748 pax
2826 691 3031 744 nostra,
3073 681 3162 748 qui
3218 680 3343 732 fecit
3389 691 3620 745 utraque

2041 792 2242 838 unum;
2306 785 2359 828 et
2420 775 2652 827 medium
2721 774 2979 843 parietem
3044 773 3291 826 maceriae
3357 779 3615 835 solvens,

2039 863 2352 917 inimicitias
2415 865 2466 917 in
2543 878 2707 916 carne
2781 878 2917 925 sua,
2999 862 3164 930 legem
3236 867 3615 916 mandatorum

2037 956 2090 1009 itt
2155 955 2388 1009 decretis
2447 971 2752 1020 evacuans,
2812 963 2873 1008 ut
2929 957 3066 1007 duos
3125 955 3321 1008 condat
3378 955 3430 1006 in
3502 954 3618 1022 ipso

2036 1048 2088 1100 itt
2123 1063 2284 1100 unum
2320 1063 2514 1100 novum
2563 1049 2860 1112 hominem,
2910 1047 3114 1101 laciens
3167 1061 3377 1114 pacem,
3439 1057 3492 1098 et
3533 1059 3619 1099 re-

2035 1139 2285 1193 conciliet
2327 1139 2482 1209 125
2512 1139 2700 1192 ambos
2735 1140 2785 1192 in
2815 1153 2921 1192 uno
2945 1151 3177 1206 corpore
3217 1138 3324 1190 Deo
3357 1153 3457 1202 per
3491 1151 3617 1188 cru-

2033 1245 2173 1294 cem,
2211 1231 2546 1285 interficiens
2591 1229 2900 1284 inimicitias
2947 1231 2998 1282 in
3041 1229 3351 1295 semetipso.
3411 1227 3476 1279 Et
3524 1241 3618 1278 ve-

2033 1321 2188 1376 niens
2228 1321 2618 1388 evangelizavit
2665 1335 2849 1388 pacem
2900 1320 3052 1373 vobis
3078 1319 3167 1386 qui
3217 1318 3376 1384 longe
3417 1315 3613 1380 fuistis,

2029 1424 2084 1468 et
2123 1414 2212 1481 qui
2250 1428 2416 1482 prope
2447 1412 2510 1466 “.
2544 1431 2560 1464 ι
2585 1412 2887 1478 Quinetiam
2927 1411 3054 1464 alibi
3089 1427 3102 1463 :
3141 1428 3158 1460 ι
3188 1409 3476 1462 Justilicati
3511 1407 3612 1474 ἱεὶς

2033 1513 2120 1558 tur
2141 1519 2208 1558 ex
2233 1505 2355 1569 lide,
2388 1519 2573 1574 pacem
2612 1505 2871 1558 habemus
2897 1503 2965 1557 ad
3005 1503 3168 1556 Deum
3208 1517 3302 1570 per
3329 1499 3613 1554 Dominum

2030 1604 2276 1651 nostrum
2329 1594 2512 1650 Jesum
2562 1596 2839 1650 Christum
2883 1595 2949 1647 “.
2989 1613 3008 1646 ›
3058 1593 3225 1664 Igitur
3276 1591 3613 1646 reconciliati

2025 1705 2214 1744 sumus
2263 1688 2376 1744 Deo
2409 1701 2466 1744 et
2511 1689 2658 1744 Patri
2708 1704 2802 1757 per
2855 1697 3082 1741 mortem
3139 1684 3257 1739 Filii
3311 1683 3444 1751 ejus,
3486 1698 3616 1736 eva-

2027 1789 2225 1835 cuante
2259 1795 2323 1835 eo
2357 1781 2437 1834 vel
2467 1780 2827 1834 iuterliciente
2862 1779 3174 1832 inimicitias
3209 1778 3260 1829 in
3288 1791 3451 1829 carne
3493 1789 3613 1839 Sua,

330 1877 499 1946 ήγουν
525 1869 952 1932 ἀποκτείναντος
987 1869 1087 1938 τὴν
1116 1867 1313 1938 ἔχθραν
1345 1869 1401 1919 ὲν
1432 1869 1496 1937 τῇ
1533 1867 1696 1936 σαρκί
1736 1864 1919 1927 αὑτοῦ,

2027 1871 2175 1942 iuxta
2209 1886 2487 1926 sacrarum
2518 1871 2848 1924 Litterarum
2882 1869 3062 1922 ﬁdem.
3105 1867 3182 1920 'I‘u
3230 1881 3358 1920 vero
3393 1865 3612 1933 dispen-

331 1966 474 2020 κατά
516 1981 583 2032 γε
625 1962 727 2033 τὴν
769 1962 955 2015 πίστιν
992 1960 1101 2014 τῶν
1151 1959 1312 2030 ἱερῶν
1338 1957 1707 2028 Γραμμάτων.
1745 1958 1922 2008 ’Δναι-

339 2059 449 2130 ρεῖς
475 2057 534 2109 δὲ
565 2056 695 2117 τοὺς
723 2053 921 2120 λόγους
960 2052 1062 2121 τῆς
1094 2049 1405 2120 οἰκονομίας
1454 2048 1635 2111 αὐτὸς,
1665 2047 1759 2101 καὶ
1791 2049 1922 2116 ὁμο-

337 2150 511 2217 λογεῖν
545 2148 644 2200 οὐκ
683 2144 878 2209 ἀξιοῖς,
914 2145 998 2196 ὅτι
1039 2143 1204 2212 σαρκὶ
1234 2139 1502 2194 πέπονθεν
1539 2139 1679 2210 ὑπὲρ
1710 2137 1866 2208 ήμῶν
1896 2138 1924 2189 ὁ

345 2239 443 2293 τοῦ
475 2237 602 2292 Θεοῦ
633 2239 828 2303 Λόγος,
866 2232 1260 2304 εὑρεσιλογίαις
1293 2231 1434 2283 τισὶν
1468 2230 1747 2291 ἀσυνέτοις
1779 2227 1924 2299 χρὼ-

355 2345 545 2401 μενος’
595 2327 767 2381 κοινὸν
813 2325 923 2396 γὰρ
967 2325 1138 2394 ὄνομα
1183 2323 1286 2393 φὴς
1332 2321 1410 2390 τῷ
1462 2323 1526 2374 ὲκ
1577 2320 1714 2373 Θεοῦ
1767 2320 1925 2388 φύντι

342 2425 519 2493 Λόγῳ,
551 2423 638 2474 καὶ
677 2422 812 2489 ἡμῖν
838 2419 1044 2481 αὐτοῖς,
1066 2417 1147 2480 τὸ,
1178 2415 1326 2477 Υἱός.
1363 2410 1496 2466 Εἶτα
1529 2413 1636 2464 τῶν
1668 2413 1748 2475 εἰς
1777 2413 1922 2481 ἡμᾶς

335 2514 636 2581 γεγονότων
674 2509 922 2578 ἀγαθῶν,
960 2507 1134 2576 ἀεργῆ
1170 2505 1432 2567 καθιστὰς
1475 2503 1586 2567 τὸν,
1621 2503 1686 2556 δι’
1731 2497 1791 2555 οὒ
1836 2521 1922 2555 σε-

332 2604 598 2674 σὼσμεθα
643 2602 778 2654 Θεὸν
809 2600 1001 2667 Λόγον,
1032 2597 1107 2660 ὡς
1156 2596 1325 2666 ἑτέρῳ
1359 2596 1488 2665 παρ’
1515 2593 1676 2648 αὑτὸν
1711 2593 1806 2644 καὶ
1834 2593 1926 2645 ἰδι-

324 2695 440 2757 κῶς
473 2693 755 2763 νοουμένῳ
781 2691 891 2744 τῶν
920 2689 1044 2741 καθ’
1076 2689 1219 2757 ήμᾶς
1250 2687 1350 2749 ἐνί,
1381 2688 1449 2738 τὰ
1479 2687 1561 2754 ἐφ’
1595 2679 1675 2746 οἷς
1711 2683 1926 2749 δοξάζε-

321 2804 415 2838 ται
445 2780 915 2855 προσνενεμηκὼς
946 2778 1131 2846 ἀλώσῃ
1179 2777 1385 2845 σαφῶς.
1431 2776 1546 2828 Οἴει
1574 2775 1630 2827 δέ
1676 2791 1758 2826 σοι
1792 2773 1926 2842 πρὸς

324 2876 611 2940 ἀπόδειξιν
641 2869 719 2928 ὧν
756 2873 892 2941 ἔφην
913 2871 1023 2942 [Ion
1049 2869 1232 2939 ἐφης],
1257 2869 1352 2921 καὶ
1385 2868 1488 2938 μὴν
1519 2867 1611 2920 καὶ
1643 2866 1916 2936 πεφρόνη-

321 2984 428 3029 κας
457 2967 565 3018 οὐκ
587 2964 788 3034 ὀρθῶς,
814 2962 1150 3031 ἀποχρήσειν
1178 2955 1236 3012 εὖ
1271 2959 1419 3028 μάλα
1447 2959 1544 3028 τὴν
1575 2957 1916 3027 ὁμωνυμίαν·

321 3057 422 3110 οὐκ
452 3055 660 3108 ἐννοῶν
687 3054 771 3106 ὅτι
800 3051 905 3106 κάν
938 3053 1050 3114 τοῖς
1085 3049 1226 3103 κατὰ
1269 3049 1431 3116 φύσιν
1462 3043 1601 3100 εἷναί
1634 3065 1686 3099 τι
1731 3045 1926 3116 λαχοῦ-

2025 1963 2251 2019 satiouis
2285 1964 2526 2017 rationes
2575 1961 2806 2024 evertis,
2856 1969 2911 2013 et
2963 1973 3183 2012 recusas
3232 1956 3484 2012 conﬁteri
3521 1956 3613 2009 Dei

2026 2055 2260 2110 Verbum
2304 2068 2402 2122 pro
2441 2053 2598 2107 nobis
2630 2068 2793 2106 carne
2832 2065 3071 2118 passum,
3115 2047 3440 2102 commentis
3485 2047 3610 2115 qui-

2025 2148 2254 2202 busdam
2294 2145 2560 2215 imperitis
2589 2160 2718 2199 usus
2747 2162 2760 2196 :
2788 2157 2982 2198 nomen
3009 2143 3150 2197 enim
3184 2137 3514 2202 Filii,Verbo
3543 2153 3613 2193 ex

2028 2237 2138 2293 Deo
2171 2237 2354 2308 genito
2406 2252 2469 2291 ac
2506 2237 2661 2291 nobis
2716 2235 2843 2305 ipsis
2901 2247 3190 2289 commune
3241 2244 3365 2285 esse
3418 2229 3603 2284 dicis:

2028 2331 2224 2384 deinde
2254 2334 2516 2383 bonorum
2557 2329 2608 2381 in
2647 2342 2748 2383 nos
2793 2327 3113 2381 collatorum
3147 2323 3296 2378 illum
3347 2337 3468 2377 esse
3508 2337 3609 2376 au-

2027 2410 2233 2476 Ctorem
2293 2435 2514 2489 negans,
2573 2434 2668 2488 per
2727 2431 2886 2486 quem
2926 2414 3116 2468 salvati
3176 2428 3388 2478 sumus,
3443 2413 3611 2466 Deum

2032 2513 2288 2575 Verbum,
2321 2520 2574 2581 tanquam
2599 2510 2752 2564 alteri
2787 2509 2854 2562 ab
2881 2508 2970 2562 illo
2993 2519 3047 2562 et
3076 2508 3305 2562 seorsim
3334 2505 3614 2560 intellecto

2030 2605 2120 2657 uni
2155 2619 2217 2658 ex
2250 2612 2438 2658 nostro
2469 2617 2714 2666 numero,
2746 2616 2806 2655 ea
2849 2608 3071 2670 propter
3103 2614 3222 2668 qua:
3255 2597 3609 2666 gloriﬁcatur,

2031 2697 2270 2750 tribuere
2310 2707 2495 2765 aperte
2526 2692 2948 2762 deprehenderis
2975 2710 2988 2746 :
3023 2705 3085 2745 ac
3114 2700 3270 2761 putas
3297 2691 3362 2742 ad
3391 2703 3452 2742 ea
3477 2703 3611 2743 con-

2031 2787 2290 2840 tirmauda
2321 2801 2439 2854 qua:
2466 2785 2670 2848 dixisti,
2701 2795 2755 2838 et
2794 2798 2912 2852 qua:
2955 2797 3060 2836 non
3095 2790 3244 2837 recte
3288 2781 3478 2842 sentis,
3515 2779 3609 2832 tibi

2028 2878 2164 2932 satis
2208 2891 2479 2945 superque
2535 2875 2771 2928 futuram
2817 2877 2987 2942 ipsam
3027 2873 3456 2943 homonymiam;
3504 2884 3611 2922 non

2030 2970 2319 3024 advertens
2348 2969 2514 3021 etiam
2551 2967 2594 3020 si
2635 2981 2756 3018 cum
2790 2965 2855 3018 iis
2889 2980 3005 3033 quae
3035 2963 3330 3017 secundum
3362 2971 3609 3014 naturam

2031 3063 2230 3116 habent
2279 3067 2336 3113 ut
2369 3060 2478 3112 sint
2513 3056 2736 3125 aliquid,
2794 3055 3061 3109 nonnullae
3104 3054 3225 3106 aliae
3279 3067 3366 3106 res
3419 3052 3610 3105 eodem

324 3163 432 3209 σιν,
471 3142 790 3214 ὁμωνύμως
819 3141 982 3212 ἕτερα
1011 3140 1238 3208 λέγηται
1267 3137 1374 3190 τῶν
1423 3136 1591 3189 όντων
1620 3135 1762 3198 τινὰ,
1804 3135 1921 3204 οὐχὶ

2031 3151 2250 3204 nomine
2284 3157 2565 3210 vocentur,
2604 3163 2711 3200 nou
2756 3161 2819 3200 ca
2866 3148 2934 3199 de
2975 3160 3138 3198 causa
3181 3144 3266 3196 illa
3296 3143 3609 3210 expellenda

320 3237 532 3306 ταύτης
574 3235 741 3288 ἕνεκα
785 3233 884 3302 τῆς
919 3231 1098 3293 αἰτίας
1145 3229 1407 3296 ὲξωστέον
1439 3227 1508 3280 τὰ
1557 3227 1701 3280 κατὰ
1734 3225 1916 3294 φύσιν,

320 3326 715 3400 περιτιθέντας
740 3325 827 3378 ἀεὶ
865 3323 932 3377 τά
975 3322 1174 3386 αὐτῶν,
1211 3324 1324 3384 τοῖς
1357 3321 1499 3375 κατά
1546 3320 1717 3382 θέσιν,
1763 3319 1796 3390 ἢ
1832 3319 1922 3390 μί-

325 3438 519 3493 μησιν.
556 3421 654 3471 Δεῖ
682 3417 762 3483 δὲ,
797 3411 977 3486 οἶμαι,
1009 3415 1108 3479 τὰς
1130 3413 1236 3467 τῶν
1255 3414 1548 3484 δρωμένων
1581 3413 1668 3467 ἀεὶ
1694 3413 1922 3482 δοκιμά-

322 3513 516 3579 ζεσθαι
567 3509 785 3579 φύσεις,
821 3508 914 3561 καὶ
952 3503 1035 3570 οἷς
1085 3508 1151 3560 ἂν
1184 3505 1421 3576 μάλιστα
1455 3505 1656 3576 πρέποι
1691 3503 1920 3575 προσνέ-

324 3623 452 3676 μειν
501 3604 669 3657 αὑτά.
705 3596 854 3664 Οίον,
893 3599 1027 3671 φέρε
1078 3601 1273 3660 εἰπεῖν,
1313 3596 1444 3659 Θεὸς
1476 3595 1786 3666 ὠνόμασται
1830 3593 1924 3647 καὶ

320 3700 442 3752 ἐστι
485 3695 638 3751 κατὰ
684 3693 943 3765 ἀλήθειαν
992 3691 1021 3742 ὁ
1065 3692 1288 3760 Πατήρ·
1333 3707 1350 3740 ι
1404 3689 1491 3754 Ἐξ
1525 3687 1690 3742 αὑτοῦ
1723 3688 1780 3740 δὲ
1828 3687 1923 3739 καὶ

321 3794 482 3844 πᾶσα
515 3787 751 3859 πατριὰ,
792 3786 849 3840 ἐν
885 3801 947 3837 τε
998 3781 1214 3854 οὐρανῷ
1262 3781 1356 3834 καὶ
1401 3779 1495 3832 ἐπὶ
1527 3778 1629 3848 γῆς
1658 3776 1920 3845 ὀνομάζε-

317 3901 438 3947 ται,
475 3901 494 3933 ι
539 3881 688 3934 κατὰ
725 3879 786 3931 τὸ
824 3874 1228 3948 γεγραμμένον.
1281 3873 1420 3926 Ἀλλ’
1456 3873 1565 3924 εἰσὶ
1618 3870 1711 3922 καὶ
1739 3869 1920 3938 ἕτεροι

326 3972 587 4046 σαρκικοί
640 3987 703 4022 τε
759 3969 891 4038 ἡμῖν
939 3967 1035 4019 καὶ
1083 3967 1444 4034 πνευματικοὶ
1495 3961 1748 4030 πατέρες.
1788 3955 1916 4029 Ἆρ’

332 4063 439 4126 οὖν.
471 4067 525 4118 ετ
548 4083 607 4117 τι
628 4062 845 4130 λέγοιτο
871 4059 980 4112 τῶν
1014 4058 1502 4128 θεοπρεπεστάτων
1531 4053 1659 4123 περὶ
1674 4049 1918 4118 τοῦιθεοῦ

336 4156 425 4208 καὶ
466 4154 731 4224 Πατρὸς,
793 4148 1086 4222 ἀρμόσειεν
1127 4147 1192 4199 ἂν
1244 4145 1340 4198 καὶ
1401 4146 1512 4205 τοῖς
1568 4139 1710 4194 κατὰ
1772 4137 1921 4190 θέσιν

328 4249 424 4318 τὴν
453 4246 630 4315 αὐτὴν
676 4241 875 4312 ἐκείνῳ
919 4237 1145 4308 λαχοῦσι
1179 4235 1390 4304 κλῆσιν,
1427 4235 1520 4287 καὶ
1563 4233 1591 4285 ὁ
1633 4230 1734 4300 τῆς
1776 4231 1923 4299 ὁμω-

325 4339 521 4409 νυμίας
578 4337 788 4407 τρόπος
830 4333 938 4386 τῶν
979 4329 1129 4400 αὑτῷ
1187 4329 1281 4381 καὶ
1328 4327 1472 4397 μόνῳ
1533 4320 1918 4396 πρεπωδεστά-

318 4446 429 4482 των
474 4426 736 4494 ἐξώσειεν
791 4423 856 4476 ἂν
905 4420 1107 4485 αύτόν;
1158 4419 1353 4489 Καίτοι
1401 4416 1520 4479 πῶς
1568 4415 1667 4484 οὐχ
1717 4414 1920 4467 ἆπασιν

2029 3256 2149 3296 esse
2191 3255 2309 3310 quae
2347 3247 2473 3294 sunt
2511 3241 2805 3291 secundum
2840 3243 3086 3289 naturam
3128 3233 3339 3288 illorttm
3367 3234 3609 3302 propria,

2030 3331 2097 3385 iis
2130 3344 2341 3397 semper
2385 3329 2673 3383 tribuendo
2705 3343 2823 3396 qua:
2867 3342 2932 3380 ex
2965 3325 3232 3395 positione
3266 3332 3359 3377 aut
3387 3339 3453 3378 ex
3486 3323 3610 3377 imi-

2031 3423 2234 3476 tatione
2281 3421 2535 3477 dicuntur
2576 3439 2589 3475 :
2639 3421 2732 3474 sed
2766 3427 3000 3489 oportet,
3051 3428 3108 3472 ut
3160 3417 3371 3486 opinor,
3419 3431 3608 3469 eorum

2027 3526 2148 3586 qua:
2175 3519 2438 3580 geruntur
2471 3509 2679 3579 exquiri
2708 3519 2955 3574 naturas,
2985 3515 3037 3561 el
3061 3522 3122 3561 ea
3151 3506 3350 3575 quibus
3379 3504 3612 3557 maxime

2028 3601 2303 3664 convenit,
2337 3601 2654 3656 attribuere.
2691 3600 2852 3655 Verbi
2889 3599 3086 3665 gratia,
3115 3597 3276 3651 Pater
3311 3598 3425 3666 ipse
3452 3607 3533 3650 est
3557 3603 3612 3649 et

2029 3694 2336 3762 appellatur
2367 3693 2546 3746 Deus:
2582 3710 2600 3757 ᾳ
2631 3691 2708 3745 Ex
2748 3693 2862 3760 ipso
2893 3701 3072 3743 autem
3103 3690 3265 3743 etiam
3295 3688 3472 3741 onmis
3514 3703 3604 3754 pa-

2028 3783 2257 3836 teruitas
2284 3781 2334 3836 in
2362 3781 2498 3836 caelo
2519 3789 2575 3834 et
2605 3781 2656 3834 in
2692 3790 2831 3834 terra
2859 3780 3192 3841 nominatur,
3223 3798 3242 3831 ι
3273 3789 3330 3830 ιιι
3351 3779 3611 3843 scriptum

2027 3884 2112 3929 est
2136 3871 2226 3926 "'.
2265 3871 2402 3925 Sunt
2429 3887 2556 3925 vero
2580 3872 2740 3925 nobis
2773 3871 2863 3924 alii
2889 3880 2944 3925 et
2978 3870 3223 3923 carnales
3252 3879 3306 3922 et
3338 3869 3612 3934 spiritales

2027 3973 2231 4032 patres.
2258 3961 2398 4015 Num
2423 3963 2586 4031 igitur
2616 3962 2659 4015 si
2686 3961 2815 4029 quid
2845 3975 2909 4013 ex
2935 3962 3016 4013 his
3045 3975 3163 4028 qum
3190 3959 3420 4011 maxime
3445 3957 3610 4009 Deum

2027 4055 2240 4118 decent,
2279 4054 2345 4108 de
2382 4053 2492 4107 Deo
2537 4067 2601 4107 ac
2652 4050 2808 4105 Patre
2852 4053 3088 4116 dicatur,
3140 4051 3278 4104 idem
3328 4053 3608 4105 conveniet

2027 4146 2093 4200 iis
2132 4146 2221 4214 qui
2264 4145 2558 4200 secundmn
2599 4144 2923 4212 positionem
2960 4144 3206 4195 eamdem
3235 4155 3358 4194 cum
3383 4141 3471 4194 illo
3496 4155 3613 4194 sor-

2025 4237 2108 4292 titi
2140 4244 2268 4291 sunt
2292 4235 2728 4305 appellationem,
2760 4243 2814 4287 et
2840 4234 3202 4304 bomnuymia:
3230 4243 3413 4300 tropus
3437 4233 3608 4299 ipsutn

2028 4329 2094 4384 iis
2125 4328 2377 4397 spoliabit
2421 4342 2540 4396 qua:
2589 4325 2662 4380 illi
2711 4335 2764 4379 et
2811 4324 2910 4380 soli
2965 4323 3199 4378 maxime
3242 4323 3611 4378 conveniunt!

2028 4421 2186 4489 Atqui
2223 4419 2496 4488 quomodo
2531 4432 2640 4471 non
2695 4417 2766 4471 sit
2814 4416 3066 4470 omnibus
3102 4416 3466 4484 perspicumn,
3515 4415 3610 4467 ab-

317 4520 581 4589 ἐναργὲς,
616 4518 692 4580 ὡς
733 4513 962 4568 ἔκτοπόν
1011 4528 1072 4563 τε
1118 4511 1212 4563 καὶ
1257 4508 1464 4577 ἀπηχὲς
1510 4506 1591 4570 τὸ,
1623 4499 1728 4558 ὧδέ
1770 4519 1920 4562 τινας

2027 4510 2250 4565 surdum
2283 4524 2404 4563 esse
2429 4519 2482 4562 et
2504 4508 2766 4563 absonum
2793 4509 3004 4577 aliquos
3027 4522 3057 4561 e
3087 4509 3288 4560 nostris
3309 4509 3387 4562 sic
3410 4507 3610 4560 sentire

315 4610 427 4663 τῶν
480 4611 540 4660 ὲν
593 4609 725 4677 ήμῖν
764 4603 982 4658 ἑλέσθαι
1015 4604 1254 4678 φρονεῖν,
1301 4599 1334 4669 ἥ
1373 4598 1588 4666 λέγειν;
1625 4595 1691 4648 Τί
1736 4595 1919 4648 τοίνυν

314 4706 454 4772 ἡμῖν
505 4701 611 4770 τὴν
660 4697 981 4768 ὁμωνυμίαν
1031 4691 1314 4759 ἀειλογῶν,
1365 4691 1456 4743 τὸν
1502 4687 1663 4758 φύσει
1709 4703 1769 4740 τε
1824 4687 1919 4739 καὶ

317 4793 544 4861 ἀληθῶς
584 4789 875 4860 ἀτιμάζεις
909 4786 1073 4850 Υἱόν;
1104 4785 1212 4836 τῶν
1245 4785 1322 4845 εἰς
1354 4782 1504 4852 ἡμᾶς
1538 4777 1913 4850 εὐεργετημά-

315 4885 428 4938 τῶν
457 4883 569 4948 ἔξω
601 4897 662 4933 τε
687 4879 878 4944 τιθεὶς,
913 4878 1009 4931 καί¹
1039 4875 1317 4944 ἀλλότριον
1357 4871 1674 4941 ἀποφαίνων
1694 4887 1707 4900 ·
1737 4870 1915 4923 καίτοι

317 4976 438 5029 δέον
481 4971 768 5038 συλλέγειν
803 4971 881 5032 εἰς
908 4968 1102 5021 ἕνωσιν
1138 4965 1174 5019 ἃ
1211 4964 1420 5033 διιστᾷν
1461 4961 1770 5031 ὁλοτρόπως
1815 4960 1916 5013 οὐκ

317 5066 611 5138 ἐρυθριᾷς,
644 5063 741 5115 ἕνα
768 5078 827 5114 τε
857 5062 999 5113 νοεῖν
1047 5057 1185 5128 μετά
1213 5055 1311 5123 τῆς
1354 5055 1491 5117 ἰδίας
1519 5051 1681 5105 αὐτοῦ
1716 5050 1917 5120 σαρκὸς

315 5163 407 5214 τὸν
444 5161 513 5212 ὲκ
540 5155 682 5210 Θεοῦ
717 5152 929 5222 Πατρὸς
964 5149 1156 5218 Λόγον.
1204 5146 1447 5217 ἰδρῶτος
1479 5145 1589 5215 γὰρ
1631 5140 1775 5196 οὕτω
1811 5159 1917 5212 μα-

312 5252 454 5324 κροῦ
487 5249 690 5304 σαυτὸν
717 5243 1071 5309 ἀπαλλάξεις,
1101 5239 1239 5311 ὀρθά
1263 5255 1323 5290 τε
1348 5233 1728 5306 πεφρονηκὼς,
1759 5234 1915 5287 ἐπαι-

312 5344 524 5414 νεθήσῃ
557 5339 748 5393 λοιπόν
770 5354 786 5369 ⁶
819 5338 916 5390 καί⁸
945 5336 1148 5404 ἥκιστα
1193 5332 1292 5402 μὲν
1337 5329 1587 5400 παθητὴν
1615 5329 1761 5396 ἐρεῖς
1810 5326 1912 5396 τὴν

313 5434 553 5502 θεότητα
585 5430 680 5484 τοῦ
725 5423 1074 5494 Μονογενοῦς
1099 5439 1113 5452 ⁸
1158 5421 1516 5493 ὁμολογήσεις
1558 5416 1616 5470 δὲ
1647 5417 1744 5469 σὺν
1779 5416 1913 5486 ἡμῖν

309 5529 395 5581 ὅτι
431 5527 549 5594 ζωὴ
577 5505 676 5577 καὶ
706 5520 969 5588 ζωοποιὸς
1004 5516 1146 5570 κατά
1179 5515 1341 5584 φύσιν
1377 5513 1516 5577 ἐστὶ,
1550 5509 1646 5564 καὶ
1682 5507 1790 5579 μὴν
1817 5507 1912 5560 καὶ

313 5615 520 5679 παντὸς
564 5613 827 5668 ἐπέκεινα
865 5608 1094 5672 πάθους.
1141 5602 1275 5660 Εἶτα
1314 5603 1590 5674 παθούσης
1640 5603 1737 5675 τῆς
1775 5603 1910 5655 ἑνω-

383 5795 431 5830 δδ
450 5793 652 5865 Epltcs.
694 5810 728 5848 tl
778 5794 958 5846 15-17.
1042 5791 1085 5822 ⁸⁵
1127 5790 1279 5843 Ιῖυιιι.
1316 5803 1367 5845 v,
1401 5787 1441 5838 l.

2022 4618 2088 4657 ac
2121 4601 2265 4670 loqui
2299 4599 2478 4654 velle?
2507 4599 2618 4655 Cur
2655 4590 2818 4670 igitur
2846 4600 3003 4654 nobis
3030 4599 3430 4667 b0tuouymiam
3466 4599 3607 4651 assi-

2021 4696 2125 4748 due
2153 4701 2429 4760 repetens,
2461 4690 2610 4744 illum
2636 4706 2701 4745 ex
2728 4701 2921 4744 natura
2958 4705 3196 4759 vereque
3223 4689 3417 4743 Filimn
3444 4689 3608 4742 dede-
3651 4701 3662 4706 ‘

2019 4798 2198 4848 coras,
2225 4791 2282 4835 ut
2308 4780 2698 4836 beneﬁciorum
2730 4781 2781 4833 in
2810 4795 2909 4835 nos
2946 4779 3269 4834 collatorum
3302 4794 3407 4833 nou
3440 4780 3607 4836 fuisse

2019 4875 2173 4928 illum
2202 4881 2480 4929 auctorem
2498 4887 2735 4938 asseras,
2771 4880 2825 4925 et
2858 4872 3091 4926 alienum
3114 4873 3450 4941 pronunties,
3479 4887 3604 4926 cum

2020 4966 2279 5036 colligere
2309 4965 2363 5020 in
2398 4965 2652 5019 unionem
2685 4965 2930 5028 deberes,
2963 4979 3084 5032 quae
3117 4965 3340 5020 onmiuo
3366 4965 3610 5020 dividere

2024 5072 2130 5112 non
2171 5055 2472 5120 erubescis,
2502 5066 2557 5110 et
2587 5071 2751 5109 unum
2785 5054 3086 5125 intelligere
3113 5072 3235 5109 cum
3270 5056 3438 5125 ipsius
3483 5071 3604 5124 pro—

2025 5149 2144 5216 pria
2179 5163 2346 5203 carne
2381 5147 2555 5216 ipsum
2591 5162 2655 5201 ex
2686 5148 2795 5202 Deo
2827 5147 2988 5201 Patre
3012 5146 3282 5202 Verbum?
3313 5147 3420 5200 Hoc
3452 5163 3606 5199 nam-

2022 5255 2127 5310 que
2177 5240 2220 5294 si
2269 5239 2457 5305 l'acies,
2502 5248 2552 5294 te
2587 5239 2763 5308 ipsum
2811 5239 2981 5294 multo
3026 5239 3209 5294 labore
3247 5238 3518 5300 liberabis,
3549 5249 3604 5291 et

2015 5332 2242 5401 posthac
2278 5341 2425 5386 recte
2457 5332 2700 5386 sentiens
2732 5331 3059 5394 laudaberis,
3099 5346 3271 5398 neque
3306 5329 3413 5383 ullo
3443 5332 3605 5385 modo

2012 5423 2352 5478 divinitatem
2397 5423 2558 5495 126
2604 5421 2879 5492 Unigeniti
2924 5422 3231 5490 passibilem
3281 5421 3451 5486 dices,
3506 5423 3600 5477 sed

2013 5515 2293 5570 nobiscum
2346 5513 2603 5571 fateberis
2633 5514 2782 5568 illum
2824 5524 2882 5568 et
2929 5515 3092 5567 vitam
3133 5523 3190 5567 et
3232 5514 3598 5570 viviﬁcantem

2012 5619 2080 5659 ex
2126 5613 2318 5659 natura
2343 5617 2486 5672 esse,
2515 5614 2676 5675 atque
2698 5603 2865 5660 etiam
2894 5603 3050 5672 longe
3079 5603 3146 5658 ab
3172 5605 3317 5659 omni
3343 5603 3598 5674 passione

1525 5785 1586 5813 "'
1627 5783 1819 5850 liplu's.
1865 5799 1946 5840 ιιι.
1982 5782 2068 5836 15.
