4080 6422
483 331 593 386 2⁸9

1524 330 1584 386 S.
1626 331 1901 388 CYBILLI
1943 331 2412 387 ALEXANDRINI
2450 332 2773 389 ARCHIEP.

3648 328 3754 385 290

487 458 777 500 remotum.
820 443 1025 501 Deinde
1070 460 1194 501 cum
1229 460 1387 515 passa
1421 458 1568 502 esset
1596 449 1693 517 ipsi
1730 451 1875 503 unita
1922 466 2074 514 caro,

2180 449 2364 520 θείσης
2396 449 2545 520 αὐτῷ
2576 449 2799 522 σαρκὸς,
2835 446 3017 520 χάριτι
3047 447 3206 513 Θεοῦ,
3250 445 3391 502 κατά
3423 444 3485 499 τὺ
3511 461 3758 517 γεγραμ-

486 539 659 608 gratia
688 537 806 604 Dei,
831 539 970 592 sicut
999 538 1263 607 scriptum
1290 549 1393 599 est,
1421 555 1520 608 pro
1547 541 1801 595 onmihus
1836 542 2072 611 gustavit

486 643 715 688 mortem
745 631 792 662 “
821 650 835 686 :
873 639 932 685 ut
964 646 1086 686 cum
1121 631 1380 700 templum
1415 647 1572 685 suum
1601 641 1773 686 morte
1797 647 1917 701 quae
1956 649 2072 686 om-

488 736 582 777 nes
609 722 699 790 qui
732 721 785 776 in
820 721 982 776 terris
1020 730 1149 776 sunt
1191 722 1419 785 vicerat,
1460 722 1656 776 fortius
1696 738 1761 776 ac
1802 724 2072 791 potentius

488 812 834 876 reddidisset,
876 813 1131 883 primitiae
1165 813 1546 866 dormientium
1571 822 1717 867 esset
1741 812 1832 879 “',
1860 824 1913 868 et
1957 816 2071 882 pri-

488 904 793 973 mogcnitus
832 919 900 959 ex
940 905 1168 958 mortuis
1192 904 1279 970 ";
1334 905 1753 958 transmittendo
1793 914 1973 959 autem
2018 907 2071 961 in

487 1007 585 1046 nos
635 1008 852 1062 quoque
895 1008 1014 1048 eam
1064 995 1295 1061 gratiam
1344 1005 1602 1060 tanquam
1650 1010 1790 1049 unus
1830 1009 1896 1050 ac
1925 995 2073 1051 solus

488 1082 656 1137 Filius
681 1092 736 1137 et
759 1094 1050 1153 antequam
1075 1092 1221 1139 esset
1246 1084 1407 1137 homo
1429 1083 1626 1148 factus,
1645 1095 1700 1138 et
1721 1095 2071 1156 posteaquam

486 1181 571 1225 est
612 1172 806 1236 factus,
849 1172 1099 1227 Salvator
1144 1172 1533 1242 appellaretur.
1583 1183 1640 1230 et
1697 1175 2071 1231 universorum

489 1262 751 1318 liberator
792 1282 807 1319 :
842 1279 1076 1334 cumque
1121 1281 1151 1318 a
1196 1274 1452 1335 peccato,
1492 1274 1550 1319 ut
1596 1266 1729 1332 dixi,
1786 1267 2073 1323 liberasset

486 1370 676 1409 omnes
699 1356 791 1423 qui
816 1354 867 1408 in
890 1370 1015 1409 eum
1043 1356 1354 1422 crederent,
1378 1371 1486 1426 pax
1511 1357 1663 1412 fieret
1686 1358 1755 1412 iis
1774 1359 1864 1428 qui
1896 1358 2071 1427 longe,

484 1452 540 1498 et
571 1446 635 1499 iis
659 1446 751 1515 qui
791 1461 979 1516 prope,
1028 1447 1394 1503 reconciliatis
1428 1463 1525 1517 per
1557 1462 1617 1503 se
1647 1448 1823 1517 ipsum
1869 1448 1979 1503 Deo
2011 1465 2074 1504 ac

487 1533 631 1605 Patri
662 1536 727 1590 iis
760 1537 852 1606 qui
887 1536 1018 1590 olim
1053 1546 1324 1592 creatura:
1364 1539 1690 1603 servierant,
1732 1549 1785 1595 et
1825 1554 1919 1609 per
1947 1556 2071 1610 pec-

487 1638 667 1680 catum
709 1628 815 1682 Deo
837 1627 1081 1681 omnium
1114 1629 1321 1697 optimo
1347 1639 1501 1683 erant
1529 1628 1839 1685 inimici.At
1868 1646 1995 1685 vero
2019 1633 2070 1685 in

2177 540 2355 610 μένον.
2382 541 2518 613 ὑπὲρ
2544 541 2745 604 παντὸς
2767 540 3028 608 ἐγεύσατο
3058 541 3290 595 θανάτου
3310 556 3324 570 ·
3350 538 3459 604 ἵνα,
3489 535 3584 590 τοῦ
3620 537 3758 590 πάν-

2171 649 2270 696 τας
2319 631 2660 700 νενικηκότος
2700 632 2828 695 τοὺς
2871 632 2964 685 ἐπὶ
2990 631 3088 702 τῆς
3137 630 3242 701 γῆς
3273 629 3364 683 τὸν
3409 628 3603 683 ἑαυτοῦ
3626 627 3758 681 ναὸν

2173 725 2457 794 ἀποφήνας
2511 716 2817 794 κρείττονα,
2871 722 3186 795 χρηματίσῃ
3238 723 3339 801 μὲν
3388 718 3610 791 ἀπαρχὴ
3647 720 3759 772 τῶν

2174 815 2606 885 κεκοιμημένων,
2625 814 2718 867 καὶ
2750 812 3092 884 πρωτότοκος
3114 813 3178 865 ὲκ
3206 810 3444 880 νεκρῶν·
3467 809 3762 880 παραπέμ-

2175 924 2291 960 πων
2314 905 2372 959 se
2398 906 2492 958 καὶ
2529 907 2607 968 είς
2632 905 2777 975 ἡμᾶς
2810 905 2910 976 τὴν
2943 904 3126 975 χάριν,
3166 902 3241 965 ὡς
3262 896 3343 965 εἷς
3377 918 3437 955 τε
3464 902 3559 954 καὶ
3596 901 3759 970 μόνος

2175 997 2434 1068 ὑπάρχων
2457 997 2584 1060 Υἱὸς
2612 996 2705 1049 καὶ
2738 995 2846 1067 πρὸ
2877 995 2974 1066 τῆς
3002 993 3485 1066 ὲνανθρωπήσεως,
3515 993 3608 1047 καὶ
3634 991 3759 1063 μετ’

2182 1090 2351 1158 αὐτὴν
2399 1089 2479 1141 ἔτι
2525 1088 2715 1159 Σωτὴρ
2769 1087 3134 1159 ὀνομάζηται,
3182 1088 3276 1142 καὶ
3322 1084 3599 1156 λυτρωτὴς
3646 1083 3762 1138 τῶν

2173 1182 2311 1235 ὅλων
2330 1198 2343 1210 ·
2370 1176 2491 1234 εἶτα
2514 1182 2611 1250 τῆς
2647 1181 2937 1251 ἁμαρτίας,
2966 1180 3041 1244 ώς
3084 1180 3239 1250 ἔφην,
3264 1177 3563 1247 ἐλευθερῶν
3584 1176 3762 1230 ἀπανο

2172 1289 2270 1337 τας
2317 1274 2442 1335 τοὺς
2489 1275 2570 1336 είς
2623 1272 2786 1326 αὐτὸν
2842 1271 3219 1334 πιστεύοντας.
3277 1271 3468 1342 εἰρήνη
3526 1270 3761 1338 γένηται

2173 1367 2285 1429 τοῖς
2322 1363 2559 1434 μακρὰν,
2596 1364 2691 1417 καὶ
2719 1366 2832 1427 τοίς
2878 1364 3065 1431 ἐγγὺς,
3103 1361 3482 1416 καταλλάττων
3516 1359 3580 1412 δι’
3626 1361 3763 1412 ἑαυ-

2172 1458 2267 1511 τοῦ
2313 1458 2391 1529 τῷ
2421 1457 2540 1530 Θεῷ
2583 1458 2677 1512 καὶ
2714 1459 2889 1529 [Iath
2926 1460 3056 1522 τοὺς
3098 1458 3267 1512 παλαι
3305 1458 3372 1526 τῇ
3401 1454 3578 1507 κτίσει
3601 1453 3764 1506 λελα-

2173 1551 2490 1619 τρευκότας,
2541 1551 2634 1604 καὶ
2684 1549 2773 1603 διὰ
2820 1550 2920 1620 τῆς
2959 1549 3228 1620 ἁμαρτίας
3278 1547 3629 1619 ὲχθρεύοντας
3678 1544 3762 1614 τῷ

2175 1640 2476 1711 παναγάθῳ
2518 1640 2661 1711 Θεῷ.
2726 1641 2864 1695 Ἀλλ’
2902 1642 2981 1703 είς
3020 1640 3186 1695 δυάδα
3232 1638 3395 1693 πάλιν
3428 1637 3557 1690 υἱῶν
3587 1654 3762 1690 κατα-

487 1715 623 1769 duos
656 1717 849 1771 iterum
902 1717 1038 1773 filios
1074 1718 1319 1772 dividens
1353 1736 1516 1772 unum
1569 1720 1851 1775 Dominum
1886 1719 2069 1776 Jesutn

2180 1731 2417 1803 μερίζων
2446 1733 2537 1786 τὸν
2573 1733 2671 1786 ἕνα
2714 1732 2921 1805 Κύριον
2971 1732 3180 1804 Ἰησοῦν
3214 1730 3469 1803 Χριστὸν,
3506 1723 3608 1783 ὧδέ
3652 1729 3759 1782 πού

487 1806 789 1871 Christum,
822 1809 904 1861 sic
940 1807 1053 1863 fere
1082 1808 1214 1863 dicit
1245 1828 1259 1864 :

558 1917 796 1972 Νεετοιι.
832 1921 852 1989 [
868 1921 1004 1974 Audi
1034 1922 1195 1975 etiam
1220 1919 1364 1974 aliud
1389 1920 1630 1987 ipsorum
1664 1923 2072 1979 testiinonium:

490 2025 510 2057 ι
547 2007 601 2061 Si
635 2009 779 2062 enim
815 2012 1213 2078 cognovissent,
1252 2030 1526 2084 nunquam
1561 2016 1846 2072 Dominum
1889 2021 2076 2089 gloriae

484 2100 885 2155 crucifixissent
907 2101 975 2156 “'.
1006 2122 1025 2155 ι
1060 2104 1198 2159 Ecce
1231 2103 1518 2161 Dominum
1557 2107 1740 2177 gloria:
1770 2111 1920 2165 dicit.
1955 2110 2075 2165 Non

485 2194 567 2246 sic
603 2193 840 2262 appellat
867 2193 1282 2264 humanitatem,
1308 2198 1402 2253 sed
1439 2199 1796 2254 divinitatem.
1835 2201 1947 2256 Hoc
1980 2218 2078 2257 au—

487 2293 593 2336 tem
620 2296 703 2339 est
742 2285 1022 2341 hominum
1057 2303 1323 2342 summam
1358 2289 1503 2344 illam
1527 2291 1932 2360 copulationem
1964 2294 2077 2350 dis-

488 2374 840 2430 trahentium.
885 2374 1019 2430 Cum
1063 2379 1207 2432 enim
1246 2378 1403 2442 dicis,
1439 2378 1582 2433 hunc
1609 2396 1717 2433 non
1743 2395 1864 2433 esse
1895 2380 2076 2433 Domi-

486 2468 637 2532 num,
664 2466 813 2520 illum
836 2481 982 2531 esse,
1005 2478 1058 2520 tu
1085 2468 1284 2521 nudum
1318 2469 1591 2523 hominem
1620 2470 1754 2524 facis
1777 2470 2072 2525 Christum.

488 2557 625 2622 Quid
651 2571 781 2627 ergo
800 2558 901 2612 sub
917 2558 1292 2612 ecclesiastica
1322 2574 1553 2629 persona
1588 2561 1744 2621 dicis.
1784 2561 2076 2616 haereticis?

488 2646 825 2702 Dominosoe
863 2659 947 2703 est
976 2649 1145 2703 etiam
1178 2649 1296 2719 ipse
1327 2653 1511 2717 homo,
1548 2666 1616 2704 an
1654 2652 1858 2706 secus?
1881 2654 1925 2705 si
1956 2654 2076 2719 qui-

489 2742 611 2797 dem
643 2740 923 2808 Dominus,
956 2742 1368 2799 communicant
1398 2743 1539 2797 inter
1554 2760 1612 2797 se
1641 2745 2071 2814 qumdicnntur;

491 2834 577 2886 sin
607 2834 808 2899 minus,
841 2834 948 2887 noli
981 2846 1036 2887 tu
1069 2850 1191 2888 cum
1241 2839 1439 2890 nudum
1479 2852 1542 2891 ac
1568 2836 1868 2908 simplicem
1900 2838 2070 2891 homi.

492 2937 615 2976 nem
642 2920 917 2979 Christum
949 2922 1139 2990 facias,
1179 2924 1310 2980 mihi
1343 2927 1444 2981 hoc
1471 2928 2071 2999 prohrumimpingere.

414 3017 463 3068 ο
491 3011 696 3067 Βιιὶηὰε
722 3014 851 3068 dicit
879 3035 894 3070 :
924 3015 1220 3071 Audiamus
1248 3017 1464 3072 beatum
1489 3018 1718 3073 Paulum
1753 3031 1939 3090 aperte
1964 3022 2072 3076 cla-

2179 1841 2343 1895 φησιν
2363 1842 2376 1856 ·

2249 1934 2539 2006 [Ἄκουσον
2582 1936 2676 1990 καὶ
2716 1936 2816 2007 τὴν
2847 1934 3018 2006 ἀλλην
3048 1934 3228 1988 αὐτῶν
3275 1933 3598 2004 μαρτυρίαν.
3635 1952 3655 1983 ι
3694 1933 3761 1985 Εἰ

2177 2029 2285 2099 γάρ
2321 2027 2583 2097 ἔγνωσαν,
2623 2028 2724 2081 οὐκ
2760 2026 2827 2081 ἂν
2863 2027 2952 2081 τὸν
3001 2026 3207 2097 Κύριον
3237 2029 3334 2096 τῆς
3364 2025 3519 2094 δόξης
3558 2024 3755 2078 ἐσταύ-

2179 2136 2383 2192 ρωσαν.
2423 2138 2441 2170 ι
2483 2120 2614 2173 ’ἰδοὺ
2641 2119 2844 2189 Κύριον
2868 2118 2966 2189 τῆς
2991 2116 3147 2189 δόξης
3173 2118 3341 2185 λέγει.
3375 2117 3450 2170 Οὐ
3479 2115 3633 2169 καλεῖ
3658 2114 3759 2185 τὴν

2179 2210 2596 2281 ἀνθρωπότητα,
2632 2210 2768 2263 ἀλλά
2802 2209 2902 2279 τὴν
2949 2208 3199 2279 θεότητα.
3232 2208 3402 2261 Τοῦτο
3428 2208 3487 2261 δέ
3517 2210 3630 2261 ἐστι
3660 2209 3760 2261 καὶ

2175 2300 2531 2355 διασπώντων
2577 2301 2676 2373 τὴν
2711 2303 3024 2375 οσυνὰφειαν
3068 2299 3168 2371 τὴν
3205 2299 3442 2370 ἀκριὸῆο
3490 2301 3619 2354 ὅταν
3648 2301 3762 2369 γὰρ

2176 2393 2355 2460 λέγεις
2398 2394 2479 2446 ὅτι
2522 2388 2675 2456 οὗτος
2716 2393 2815 2463 μὲν
2862 2393 2965 2445 οὐκ
3010 2390 3128 2444 ἔστι
3178 2390 3402 2462 Κύριος,
3452 2392 3658 2453 ἐκεῖνος
3701 2388 3763 2441 δὲ

2177 2483 2403 2553 Κύριος,
2441 2486 2506 2538 σὺ
2549 2483 2705 2553 ψιλὸν
2732 2482 3021 2554 ἄνθρωπον
3050 2484 3222 2545 ποιεῖς
3265 2482 3355 2535 τὸν
3389 2480 3643 2551 Χριστόν.
3696 2466 3773 2532 Τί

2174 2569 2268 2627 οὖν
2302 2574 2480 2643 λέγεις
2518 2576 2577 2628 ὲν
2620 2572 3058 2644 ἐκκλησιαστικῷ
3096 2571 3449 2643 προσωπείῳ,
3483 2567 3762 2639 αίρετικέ;

2178 2666 2380 2737 Κύριος
2411 2667 2506 2719 καὶ
2535 2668 2563 2718 ό
2605 2665 2912 2736 ἄνθρωπος,
2948 2662 2982 2734 ἢ
3014 2662 3117 2728 οὓς
3169 2662 3230 2715 Ei
3279 2661 3378 2731 μὲν
3414 2655 3506 2714 οὖν
3536 2657 3760 2728 Κύριος,

2178 2759 2425 2812 κοινωνεί
2458 2755 2526 2810 τά
2554 2756 2823 2827 λεγόμενα
2853 2755 2967 2825 (56)
2989 2770 3002 2783 ·
3044 2757 3092 2808 εί
3131 2754 3188 2808 δὲ
3229 2754 3291 2807 οὐ
3323 2752 3548 2823 Κύριος,
3586 2749 3663 2821 μὴ
3698 2749 3762 2803 σὺ

2174 2848 2329 2916 ψιλὸν
2355 2848 2641 2918 ἄνθρωπον
2669 2847 2759 2900 τὸν
2792 2846 3027 2920 Χριστὸν
3061 2845 3251 2910 ποιῶν,
3293 2845 3418 2915 ἐμοὶ
3461 2840 3761 2914 πρόστριῦε

2173 2942 2265 2995 τὸν
2295 2938 2618 3011 όνειδισμόν.
2654 2934 2788 2992 Εἷτά
2830 2955 2997 3007 φησιν
3019 2953 3035 2968 ο
3076 2937 3421 3006 ’Δκούσωμεν
3447 2932 3541 2987 τοῦ
3582 2948 3761 3003 μακα-

2178 3034 2294 3105 ρίου
2324 3032 2538 3086 Παύλου
2569 3029 2819 3102 φανερῶς
2852 3028 3207 3104 κεκραγότος,
3243 3027 3326 3089 τίς
3364 3027 3512 3079 ἐστιν
3535 3024 3565 3076 ό
3598 3040 3765 3077 σταυ-

492 3118 750 3171 mautem,
802 3108 1047 3175 quisnam
1095 3110 1166 3163 sit
1213 3109 1306 3165 ille
1358 3109 1673 3166 cruciﬁxus.
1726 3114 1864 3166 Audi
1913 3114 2076 3183 igitur

2183 3124 2396 3196 ρωθείς.
2454 3125 2721 3178 ’Δκουσον
2771 3123 2951 3177 τοίνυν
3002 3117 3357 3193 φανερώτατα
3400 3116 3502 3184 τῆς
3546 3116 3762 3185 φωνῆς’

491 3198 834 3265 apertissime
864 3200 979 3268 ejus
1010 3215 1198 3256 vocem
1230 3222 1243 3257 :
1277 3220 1296 3254 ι
1330 3200 1545 3257 Etenim
1578 3204 1873 3257 crucifixus
1911 3214 1993 3258 est
2012 3218 2079 3258 ex

493 3289 831 3353 inﬁrmitate,
866 3291 960 3346 sed
997 3292 1129 3346 vivit
1172 3307 1242 3347 ex
1289 3294 1493 3348 virtute
1538 3293 1629 3348 Dei
1658 3294 1725 3348 ⁸⁸.
1761 3312 1779 3345 ο
1819 3293 1874 3348 Si
1905 3296 2081 3349 cruci-

493 3380 635 3434 liaus
654 3391 823 3437 estex
844 3382 1179 3448 infirmitate,
1198 3384 1322 3454 quis
1343 3383 1650 3441 infirmatus
1669 3396 1772 3453 est,
1796 3385 2083 3442 heretico?

494 3472 655 3528 illene
685 3472 829 3530 Deus
861 3474 1094 3530 Verbum
1113 3475 1171 3550 τ]

1162 3655 1313 3714 CAP.
1355 3658 1417 3714 Il.

565 3805 765 3863 Fertur
794 3809 848 3864 in
886 3810 1157 3866 absurdas
1200 3813 1523 3877 sententias,
1570 3824 1625 3868 et
1678 3816 1730 3868 in
1778 3815 2083 3885 improbum

493 3914 735 3965 sensum,
783 3903 891 3955 vim
942 3903 1190 3973 mysterii
1241 3903 1388 3959 nullo
1442 3908 1601 3961 modo
1653 3907 1980 3983 intelligens,
2026 3917 2086 3962 ut

496 3991 625 4046 mihi
657 3993 887 4056 videtur,
923 3995 1017 4048 sed
1048 4009 1143 4048 sua
1172 4006 1478 4050 commenta
1511 3998 1709 4067 ubique
1741 4013 1995 4068 sequens,
2023 4014 2087 4054 ac

495 4081 727 4139 fortasse
781 4096 1048 4153 metuens,
1104 4102 1173 4143 ne
1219 4089 1495 4158 quidpiam
1548 4092 1689 4160 quod
1736 4102 1941 4148 rectum
1988 4102 2084 4147 aut

496 4189 683 4228 verum
715 4176 807 4237 sit.
843 4177 923 4230 vel
955 4177 1177 4240 sentire.
1214 4180 1295 4233 vel
1323 4180 1501 4250 eloqui
1532 4184 1904 4240 convincatur.
1940 4184 2085 4254 Obji-

496 4266 567 4316 t'il
596 4265 742 4318 enim
768 4267 971 4329 sibi,ut
1003 4266 1117 4336 ipse
1150 4268 1776 4338 fingit,orthodoxorum
1808 4275 2085 4328 hominum

497 4372 658 4411 voces
700 4373 715 4409 :
762 4358 855 4412 sed
905 4361 1085 4414 denuo
1134 4361 1222 4415 illa
1266 4378 1467 4431 ponere
1508 4363 1931 4432 deprehenditur
1967 4381 2086 4433 qua-

2187 3234 2207 3268 ι
2244 3218 2354 3269 Καὶ
2382 3216 2492 3287 γὰρ
2515 3215 2856 3288 ἐσταυρώθη,
2887 3217 3073 3286 φησιν,
3106 3215 3163 3283 ἑξ
3195 3212 3499 3275 ἀσθενείας,
3534 3207 3672 3264 ἀλλά
3696 3204 3766 3279 ζῇ

2180 3309 2247 3362 ἐκ
2289 3307 2569 3377 δυνάμεως
2614 3308 2774 3364 Θεοῦ.
2818 3327 2836 3359 ι
2881 3309 2944 3362 Εί
2984 3305 3307 3378 ἐσταυρώθη
3357 3305 3415 3371 ἐξ
3456 3301 3768 3369 ἀσθενείας,

2179 3399 2265 3463 τίς
2296 3398 2614 3471 ἠσθένησεν,
2645 3400 2924 3472 αίρετικέε
2959 3402 2987 3453 ό
3018 3399 3150 3463 Θεὸς
3178 3397 3348 3465 Λόγος
3366 3396 3409 3470 ς]

2795 3663 3046 3718 suam.
3089 3663 3160 3721 B'.
3216 3643 3224 3651 ’

2267 3816 2691 3888 Ἀποκομίξεται
2752 3817 2832 3879 είς
2893 3816 3101 3880 ἑννοίας
3168 3814 3469 3880 ἐκτύπους,
3534 3813 3629 3868 καὶ
3685 3815 3773 3879 είς

2184 3909 2440 3979 ἀδόκιμον
2495 3908 2643 3976 νοῦν,
2700 3907 2801 3979 τὴν
2851 3906 2944 3961 τοῦ
3010 3907 3309 3979 μυστηρίου
3367 3905 3597 3977 δύναμιν
3644 3896 3772 3960 κατ’

2182 4001 2374 4055 οὐδένα
2410 4000 2611 4073 τρόπον
2651 4001 2875 4066 συνιεὶς,
2934 3998 3011 4063 ὥς
3053 4016 3115 4067 γε
3173 4016 3266 4070 μοι
3305 3999 3576 4068 φαίνεται,
3626 3996 3774 4068 μᾶλα

2184 4093 2274 4146 λον
2320 4092 2378 4146 δέ
2425 4108 2507 4145 τοι
2565 4091 2713 4155 ίδίοις
2768 4090 3082 4161 σκέμμασιν
3149 4087 3416 4159 ἑπόμενος
3465 4086 3772 4158 πανταχοῦ,

2185 4186 2278 4239 καὶ
2324 4182 2465 4254 τάχα
2516 4200 2617 4236 που
2670 4182 2878 4245 δεδιὼς,
2941 4180 3016 4252 μὴ
3068 4180 3177 4249 ἀρα
3228 4196 3282 4233 τι
3330 4180 3439 4232 τῶν
3489 4181 3569 4243 είς
3609 4178 3776 4250 ὀρθό-

2185 4291 2356 4344 τητα,
2401 4273 2435 4344 ἢ
2478 4271 2755 4341 ἀλήθειαν,
2802 4271 2835 4343 ἢ
2885 4271 3265 4342 πεφρονηκὼς,
3314 4269 3347 4340 ῆ
3387 4269 3581 4338 λέγων,
3632 4268 3771 4339 ἀλῷ.

2200 4362 2577 4433 Ἀντανίστησι
2631 4364 2730 4434 μὲν
2771 4363 2879 4434 γὰρ
2927 4362 3125 4434 ἑαυτῷ,
3167 4361 3417 4430 καθάπερ
3451 4355 3547 4413 οὖν
3575 4358 3774 4422 οἴεται,

497 4463 658 4501 nemo
694 4460 836 4503 recte
886 4452 1032 4505 circa
1086 4452 1245 4507 fidem
1283 4454 1591 4519 ingrediens
1640 4459 1866 4508 alterunt
1903 4458 2077 4509 dicere

2185 4452 2283 4514 τὰς
2339 4451 2446 4503 τῶν
2494 4451 2791 4523 ὀρθοδόξων
2844 4450 3048 4521 φωνὰς,
3109 4450 3500 4519 καταφιιιρᾶται
3552 4447 3608 4500 δὲ
3658 4447 3775 4499 πά-

496 4548 794 4607 pateretur.
842 4541 977 4596 Nam
1015 4544 1299 4599 Dominum
1335 4546 1520 4615 gloria:
1565 4546 1723 4616 127
1770 4546 1918 4599 illum
1958 4561 2084 4600 cru-

497 4630 719 4683 cifixum
748 4646 867 4685 esse
909 4634 1162 4699 dicimus,
1194 4644 1251 4689 et
1284 4645 1367 4690 est
1402 4639 1697 4691 secundum
1733 4636 2015 4690 veritatem
2066 4653 2080 4689 :

500 4721 593 4776 sed
622 4735 744 4774 cum
778 4722 1112 4777 individuum
1155 4735 1207 4781 et
1238 4738 1406 4780 unum
1440 4742 1562 4780 cum
1600 4727 1746 4780 unita
1790 4727 1889 4780 sibi
1918 4741 2085 4782 carne

498 4811 681 4864 anima
721 4814 966 4869 rationali
1010 4816 1234 4883 praedita
1269 4819 1447 4887 ipsum
1498 4819 1588 4871 Dei
1636 4818 1870 4873 Verbum
1919 4834 2086 4886 agno-

502 4916 755 4969 scamtts,
794 4904 967 4973 ipsum
1008 4920 1130 4959 esse
1176 4906 1405 4962 dicimus
1448 4909 1539 4976 qui
1594 4909 1793 4978 proprii
1842 4909 2085 4977 corporis

502 5001 763 5061 tanquam
805 4995 1216 5049 immaculatum
1273 4997 1623 5061 sacrificium,
1672 5008 1727 5053 et
1770 4998 2086 5053 odoratissi-

506 5095 648 5133 mam
687 5081 922 5137 hostiam
952 5098 1012 5137 se
1047 5083 1226 5153 ipsum
1272 5085 1383 5139 Deo
1413 5095 1467 5140 et
1505 5085 1650 5140 Patri
1680 5086 1894 5149 obtulit,
1927 5104 1991 5141 ac
2031 5086 2088 5140 li-

503 5189 611 5243 gno
637 5176 778 5245 quod
807 5176 1093 5230 adversum
1118 5190 1216 5230 nos
1236 5186 1352 5231 erat
1378 5177 1799 5249 chirographum
1832 5177 2085 5235 aﬂixit".

502 5268 667 5324 Certe
694 5281 791 5336 per
820 5280 1009 5322 vocem
1044 5266 1213 5324 David
1245 5282 1368 5323 eum
1404 5269 1670 5325 dicentem
1698 5272 1886 5325 audire
1916 5270 2041 5325 licet
2067 5289 2081 5324 :

2189 4541 2270 4594 ’λιν
2315 4542 2500 4595 ἐκεῖνα
2550 4542 2742 4607 τιθεὶς,
2797 4542 2833 4596 ἃ
2882 4543 3073 4615 μηδεὶς
3120 4540 3341 4595 πώποτε
3389 4540 3497 4593 τῶν
3541 4538 3778 4609 ὀρθοπο-

2187 4633 2295 4687 δεῖν
2343 4633 2610 4687 εἰωθότων
2670 4635 2798 4705 περὶ
2841 4635 2940 4707 τὴν
2997 4634 3201 4699 πίστιν,
3254 4632 3357 4686 κᾶν
3398 4632 3525 4700 γοῦν
3581 4631 3778 4698 ἑτέρου

2188 4726 2435 4794 λέγοντος
2468 4725 2758 4795 ἀνάσχοιτο
2803 4726 2887 4779 ἀν.
2944 4724 3148 4796 Κύριον
3201 4725 3300 4795 μὲν
3332 4725 3437 4794 γὰρ
3472 4724 3572 4793 τῆς
3611 4720 3780 4791 δόξης

2187 4817 2279 4870 τὸν
2323 4817 2740 4887 ἐσταυρωμένον
2782 4812 2920 4869 εἷναί
2949 4832 3147 4886 φαμεν,
3182 4815 3275 4869 καὶ
3310 4814 3427 4868 ἔστι
3468 4813 3607 4865 κατά
3636 4811 3778 4881 ἀλή-

2191 4907 2371 4961 θειαν
2419 4892 2728 4978 ἀδιαίρετον
2771 4906 2828 4959 δὲ
2862 4908 2956 4960 καὶ
2998 4907 3095 4960 Eva
3142 4905 3285 4977 μετά
3330 4904 3431 4974 τῆς
3475 4901 3778 4971 ἑνωθείσης

2192 4996 2343 5069 αὐτῷ
2372 4998 2575 5069 σαρκὸς
2617 4997 2798 5069 ψυχὴν
2835 4998 3068 5069 ἐχούσης
3119 4997 3219 5068 τὴν
3264 4995 3490 5065 λογικὴν
3534 4994 3625 5047 τὸν
3671 4992 3776 5046 τοῦ

2192 5088 2327 5142 Θεοῦ
2374 5089 2546 5156 Λόγον
2575 5087 3059 5156 ἐπιγινώσκοντες,
3100 5087 3263 5141 αὐτὸν
3297 5081 3435 5139 εἶναί
3462 5101 3645 5154 φαμεν
3676 5083 3778 5136 τὸν

2191 5178 2284 5233 τοῦ
2326 5179 2456 5233 ίδίου
2483 5178 2734 5250 σώματος
2768 5179 2844 5243 ὡς
2874 5179 3107 5250 ἄμωμον
3140 5180 3355 5250 ἱερεῖον,
3394 5176 3489 5230 καὶ
3525 5173 3780 5245 εὐοσμῶ-

2192 5287 2354 5324 τατον
2380 5270 2549 5341 θῦμα,
2570 5270 3022 5342 προσκομίσαντα
3053 5270 3152 5342 μὲν
3186 5269 3399 5333 ἑαυτὸν,
3421 5267 3500 5339 τῷ
3526 5266 3645 5337 Θεῷ
3676 5268 3779 5320 καὶ

546 5418 595 5451 δ’
635 5420 803 5475 Hebr.
829 5435 890 5484 η,
925 5420 981 5477 9.
1059 5422 1127 5453 ⁸⁸⁸
1158 5423 1175 5477 1
1207 5422 1333 5478 Cor.
1363 5438 1453 5490 xv,
1481 5423 1572 5480 20.
1642 5425 1687 5458 "
1720 5426 1927 5481 Coloss.
1974 5441 2011 5493 t,
2055 5426 2077 5479 1

2217 5423 2299 5477 ⁸⁸1
2332 5424 2455 5479 Cor.
2489 5440 2552 5488 tt,
2579 5425 2632 5478 8.
2709 5424 2753 5457 δ’
2787 5425 2826 5478 ll
2854 5425 2979 5480 Cor.
3010 5424 3201 5487 no.4.
3279 5422 3328 5455 ”
3353 5422 3560 5477 Coloss.
3593 5436 3653 5483 tt,
3679 5418 3772 5476 ιι.

1777 5578 1938 5633 ANT.
1986 5577 2256 5635 ACELI."
2300 5578 2532 5633 NOTAE.

588 5730 703 5801 ('56)
746 5731 967 5788 inferius
1015 5749 1134 5806 pag.
1192 5733 1291 5790 H9
1339 5735 1494 5801 dixit,
1552 5735 1763 5807 συνᾴδει
1820 5735 1887 5789 τά
1939 5735 2077 5806 λεγόι

2180 5753 2224 5801 1,
2251 5736 2584 5790 consentiunt
2614 5751 2729 5805 qua
2759 5735 3028 5789 dicuntur.
