4080 6474
324 341 475 444 22!-

1406 388 1795 448 ADVEBEUS
1834 389 2241 449 NESTOlilUM
2284 394 2413 451 LIB.
2461 395 2521 449 V.

3515 402 3625 458 221

327 498 519 568 Πατρί
543 513 557 527 ·
598 497 1042 568 προσηλώσαντα
1093 501 1149 553 δὲ
1186 501 1263 570 τῷ
1292 500 1468 570 ξύλῳ,
1516 502 1577 555 τὸ
1607 503 1730 556 καθ’
1777 504 1927 573 ἡμῶν

2044 525 2062 557 ι
2102 505 2440 563 Sacriiirinm
2479 521 2531 565 et
2566 511 2890 567 oblationem
2937 515 3182 579 noluisti,
3216 529 3412 584 corpus
3442 528 3624 571 autem

328 589 732 660 χειρόγραφον.
764 588 927 642 Ἐστι
966 590 1100 659 γοῦν
1135 593 1363 663 ἀκοῦσαι
1406 594 1657 662 λέγοντος
1695 594 1786 647 διὰ
1819 612 1931 663 φω-

331 681 435 748 νῆς
462 680 565 732 τοῦ
598 680 802 734 Δαϐίδ·
847 700 866 734 ι
895 683 1102 736 Θυσίαν
1129 685 1223 737 καὶ
1255 686 1572 756 προσφορὰν
1605 688 1705 739 οὑκ
1734 684 1931 757 ἠθέλη-

338 788 455 835 σας,
496 771 667 841 σῶμα
697 772 757 826 δὲ
810 775 1135 845 κατηρτίσω
1186 791 1307 845 μοι·
1355 776 1788 847 ὁλοκαυτώματα
1836 777 1932 830 καὶ

210 870 237 891 '
346 863 461 935 περὶ
524 865 818 936 ἁμαρτίας
861 867 964 919 οὑκ
1010 868 1342 937 ηὑδόκησας,
1382 871 1506 922 τότε
1547 866 1733 923 εἷπον·
1792 870 1925 922 Ἰδοὺ

350 956 483 1024 ἧκον
514 956 579 1008 ὲν
607 956 866 1024 κεφαλίδι
897 955 1104 1026 βιϐλίου
1135 957 1445 1028 γέγραπται
1471 958 1603 1030 περὶ
1646 958 1803 1028 ἐμοῦ,
1835 958 1929 1012 τοῦ

350 1048 591 1117 ποιῆσαι,
614 1050 646 1101 0
669 1049 829 1113 Θεὸς,
867 1049 930 1101 τὺ
960 1049 1175 1120 θέλημά
1206 1066 1354 1103 σου.»
1377 1050 1795 1121 Ἀπρακτοὺσης
1827 1050 1930 1121 Ιἤδη

342 1137 437 1206 τῆς
476 1139 627 1192 κατά
662 1138 833 1206 νόμον
867 1139 1109 1209 ἐντολῆς,
1150 1139 1245 1192 καὶ
1287 1139 1600 1210 τελειούσης
1630 1139 1804 1203 οὐδὲν,
1836 1139 1934 1193 καὶ

343 1229 706 1300 ἀνεθελήτους
758 1230 977 1300 ἔχοντος
1019 1230 1113 1284 τοῦ
1155 1224 1311 1284 Θεοῦ’
1340 1232 1431 1284 καὶ
1469 1231 1682 1302 Πατρὸς
1720 1231 1820 1294 τὰς
1863 1230 1930 1283 δι’

341 1320 597 1389 αἱμάτων
626 1321 859 1387 θυσίας,
896 1321 1061 1392 σῶμα
1104 1321 1465 1393 κατηρτίσθαι
1522 1322 1685 1391 φησὶν
1731 1321 1929 1391 ἐαυτῷ,

340 1410 426 1464 ἵνα
463 1411 575 1481 τῆς
630 1413 893 1467 ἁπάντων
924 1414 1199 1483 σωτηρίας
1247 1413 1344 1466 καὶ
1377 1414 1524 1483 ζωῆς
1571 1413 1931 1483 ἀντάλλαγμα

331 1503 459 1566 δοὺς
486 1501 670 1573 αὑτῷ,
706 1505 918 1566 πάντας
969 1503 1240 1572 ἐξέληται,
1271 1505 1364 1557 καὶ
1402 1504 1636 1558 θανάτου
1667 1504 1760 1558 καὶ
1803 1504 1933 1574 φθο-

334 1596 458 1665 ρᾶς.
503 1594 604 1648 καὶ
656 1594 797 1664 πρός
826 1611 891 1661 γε
937 1595 1115 1666 τούτῳ
1143 1595 1237 1648 καὶ
1270 1596 1578 1666 ἁμαρτιῶν.
1621 1595 1794 1649 Αὑτὸν
1836 1594 1930 1650 οῦν

335 1688 443 1757 ἄρα
480 1688 671 1757 φαμὲν
699 1688 793 1741 τὸν
823 1689 890 1741 ἑκ
919 1688 1058 1742 Θεοῦ
1092 1688 1307 1758 Πατρὸς
1353 1689 1525 1757 Λόγον
1573 1687 1789 1742 ἑλέσθαι
1834 1690 1930 1743 καὶ

339 1778 536 1831 παθεῖν
576 1778 726 1848 ὑπὲρ
751 1777 911 1847 ἡμῶν
941 1779 1127 1849 σαρκὶ,
1165 1778 1308 1832 κατὰ
1335 1778 1435 1842 τὰς
1464 1780 1707 1848 Γραφάς.
1737 1778 1926 1844 Οὕτως

340 1874 481 1942 ἡμᾶς
520 1870 1045 1941 μεμιίσταγώγηκεν
1077 1874 1104 1923 0
1135 1870 1422 1940 ἱερώτατος
1448 1871 1677 1935 Παῦλος·
1700 1890 1718 1923 ι
1749 1870 1846 1935 ’⁸ος
1872 1873 1929 1925 ὲν
1964 1858 2004 1912 Β

346 1967 526 2036 μορφῇ
577 1963 720 2017 Θεοῦ
778 1963 1065 2034 ὑπάρχων,
1099 1966 1198 2029 οὐχ
1237 1965 1533 2035 ἁρπαγμὸν
1585 1966 1832 2036 ἡγήσατο
1869 1965 1931 2018 τὸ

344 2052 478 2109 εἶναι
518 2054 615 2109 ἴσα
638 2055 795 2125 Θεῷ·
828 2055 946 2109 ἀλλ’
987 2056 1179 2109 ἑαυτὸν
1213 2056 1469 2123 ὲκένωσε,
1506 2057 1721 2127 μορφὴν
1744 2056 1929 2111 δούλου

346 2149 548 2213 λαϐὼν,
572 2151 631 2202 ὲν
658 2148 976 2220 ὁμοιώματι
1007 2148 1310 2221 ἀνθρώπων
1335 2151 1650 2219 γενόμενος,
1678 2150 1771 2201 καὶ
1800 2151 1926 2219 σχή-

362 2258 489 2309 ματι
534 2240 770 2309 εὑρεθεὶς
805 2241 883 2304 ὠς
937 2241 1245 2312 ἄνθρωπος.
1297 2242 1690 2295 Ἐταπείνωσεν
1739 2242 1931 2296 ἑαυτὸν

360 2334 640 2402 γενόμενος
667 2334 915 2403 ὑπήκοος
942 2312 1106 2405 μέχρι
1134 2335 1390 2398 θανάτου,
1421 2337 1654 2390 θανάτου
1681 2337 1737 2390 δὲ
1770 2355 1931 2391 σταυ-

355 2424 453 2493 ροῦ
478 2440 493 2454 ·
514 2424 591 2477 διὸ
609 2426 701 2477 καὶ
726 2427 756 2477 0
787 2424 923 2488 Θεὸς
946 2426 1112 2480 αὑτὸν
1142 2427 1525 2497 ὑπερύψωσεν.
1561 2446 1581 2479 ι
1620 2429 1811 2500 Ἀθρει
1841 2429 1927 2499 δὴ,

342 2517 493 2579 ὅπως
512 2516 544 2568 0
578 2518 636 2569 έν
668 2519 855 2588 μορφῇ
881 2517 979 2569 τοῦ
1009 2516 1146 2571 Θεοῦ
1178 2519 1272 2571 καὶ
1309 2519 1522 2590 Πατρός
1556 2520 1821 2591 ὑπάρχων
1853 2521 1929 2585 ὡς

333 2607 493 2671 Θεὸς,
527 2610 560 2661 0
595 2608 890 2678 χαρακτὴρ
924 2608 1025 2677 τῆς
1058 2608 1410 2672 ὑποστάσεως
1445 2610 1632 2671 αὑτοῦ,
1671 2612 1764 2663 καὶ
1806 2611 1928 2664 κατ’

331 2699 529 2753 οὐδένα
559 2700 769 2766 τρόπον
796 2700 1302 2770 μειονεκτοὺμενος,
1331 2702 1539 2772 ἰσότητι
1558 2705 1625 2774 τῇ
1648 2704 1788 2757 κατά
1820 2706 1928 2758 πᾶν

324 2790 534 2856 ὁτιοῦν,
563 2791 833 2860 ὑπάρχων
868 2807 927 2843 τε
974 2791 1070 2843 καὶ
1104 2791 1414 2860 νοούμενος,
1445 2793 1758 2846 κεκένωκεν
1798 2794 1926 2846 ἑαυ-

320 2881 443 2941 τὸν,
475 2880 577 2934 καὶ
620 2880 868 2951 καθῆκεν
902 2881 1094 2935 ἑαυτὸν
1133 2882 1276 2934 έκὼν
1302 2884 1382 2944 είς
1413 2883 1762 2937 ταπείνωσιν.
1795 2881 1931 2938 Εἶτα

321 2973 414 3035 τίς
446 2971 517 3025 ἂν
544 2971 634 3041 εἴη
666 2974 879 3043 φράσον
918 2974 948 3025 0
979 2976 1080 3043 τῆς
1110 2976 1393 3036 κενώσεως
1425 2975 1648 3044 τρόπος,
1674 2976 1929 3028 τεταπεί-

248 3076 255 3077 ’
326 3079 502 3115 νωται
545 3062 604 3115 δὲ
642 3064 816 3127 ὅπως,
873 3063 1092 3133 μορφὴν
1136 3063 1325 3117 δούλου
1359 3063 1564 3129 λαϐὼν,
1620 3065 1716 3118 καὶ
1767 3066 1928 3137 μέχρι

328 3153 570 3207 θανάτου
607 3151 852 3221 γεγονὼς
886 3154 1171 3224 ὑπήκοος,
1206 3154 1437 3208 θανάτου
1472 3155 1529 3207 δὲ
1570 3153 1926 3225 σταυροῦ.ἶ“Η

328 3246 429 3315 οὑχ
462 3245 678 3298 ἅπασιν
714 3247 964 3316 ἐναργὲς,
999 3247 1080 3298 ὅτι
1112 3247 1467 3299 ταπεινοῦται
1499 3246 1559 3298 τὸ
1598 3247 1822 3316 ὑψηλὸν,
1862 3248 1921 3301 οὑ

328 3335 391 3387 τὺ
413 3333 639 3387 οἴκοθέν
689 3351 750 3387 τε
799 3336 896 3388 καὶ
931 3336 1180 3404 φυσικῶς
1230 3338 1287 3388 ὲν
1344 3337 1535 3404 ὑφέσει
1569 3353 1628 3390 τε
1681 3337 1925 3407 ὑπάρχον

327 3429 425 3481 καὶ
447 3427 972 3496 τεταπεινωμένον;
1000 3427 1253 3481 κενοῦται
1297 3428 1375 3492 δὲ,
1411 3423 1588 3499 οἶμαι,
1619 3429 1680 3482 τὸ
1720 3428 1927 3499 πλῆρες

328 3520 606 3590 ὑπάρχον,
638 3519 736 3571 καὶ
764 3519 1091 3589 δεδεημένον
1119 3520 1271 3572 οὐδέν
1296 3535 1311 3549 °
1351 3519 1567 3589 δέχεται
1601 3521 1695 3573 καὶ¹
1736 3520 1925 3573 δούλου

330 3611 578 3683 μορφὴν,
609 3610 676 3662 τὸ
712 3610 819 3678 πρὸ
844 3610 1019 3678 αὑτῆς
1054 3609 1337 3680 ἐλεύθερον
1362 3612 1505 3664 κατὰ
1544 3610 1706 3679 φύσιν
1726 3628 1741 3642 ο
1777 3611 1927 3683 εὑρί-

328 3721 526 3757 σκεται
562 3703 622 3756 δὲ
671 3702 770 3756 καὶ
800 3702 1088 3773 ἄνθρωπος
1123 3704 1151 3755 0
1187 3703 1262 3773 μὴ
1293 3704 1453 3756 τοῦτο
1497 3704 1759 3776 ὑπάρχων
1793 3705 1925 3776 πρὶν

324 3798 417 3851 ὅτε
448 3797 555 3849 οὑκ
582 3792 653 3866 ἦν
673 3793 943 3866 εὑρεθείς.
961 3794 1059 3858 Τίς
1081 3790 1172 3848 οὖν
1201 3795 1309 3866 ἄρα
1329 3796 1475 3848 ἐστὶν
1497 3799 1525 3850 0
1551 3796 1752 3867 ὑψηλὸς
1780 3795 1937 3863 κατὰ,

324 3888 493 3959 φύσιν
540 3888 640 3942 καὶ
693 3887 887 3951 καθεὶς
930 3887 1123 3941 ἑαυτὸν
1155 3889 1236 3949 εἰς
1276 3888 1648 3950 ταπείνωσιν;
1679 3889 1765 3952 τίς
1804 3889 1863 3943 δὲ
1895 3892 1925 3943 0

327 3982 570 4052 πλήρης,
602 3979 691 4033 ἵνα
713 3978 903 4049 νοῆται
934 3979 1346 4050 κεκενωμένος;
1373 3980 1458 4043 τίς
1487 3983 1515 4034 ὁ
1543 3981 1653 4034 τῶν
1681 3983 1782 4053 τῆς
1801 3981 1925 4035 δου-

334 4075 478 4138 λείας
506 4074 780 4128 ἐπέκεινα
815 4072 1052 4143 μέτρων,
1089 4073 1178 4126 ἴνα
1209 4073 1436 4143 λέγηται
1482 4073 1700 4146 μορφὴν
1733 4074 1922 4128 δούλου

339 4163 542 4230 λαὸεἰν;
589 4166 679 4228 τίς
727 4165 830 4218 οὑκ
859 4163 937 4217 ὢν
960 4164 1251 4235 πρότερον,
1297 4164 1417 4218 καθ’
1461 4167 1608 4236 ἡμᾶς
1638 4166 1924 4237 ἄνθρωπος

335 4256 487 4311 τοῦτο
523 4256 802 4329 εὑρῆσθαι
825 4255 1083 4325 λέγεται;
1117 4259 1272 4310 ταυτὶ
1316 4256 1422 4325 γὰρ
1448 4252 1606 4327 οἶμαι
1650 4257 1759 4311 τῶν
1799 4258 1922 4311 καθ’

330 4347 481 4417 md;
509 4348 596 4400 ἑνὶ
616 4346 716 4417 καὶ,
734 4344 919 4416 ἀνθρώ
930 4364 1010 4416 περ
1030 4345 1194 4415 κοινῷ
1228 4346 1556 4417 προσνέμειν
1584 4349 1920 4419 ἀποτολμᾷν,

327 4436 527 4506 εῦηθες
566 4437 634 4491 ἂν
682 4436 793 4506 εἴη,
821 4436 1046 4505 καὶτῆς
1092 4437 1318 4490 ἁπασῶν
1366 4439 1602 4509 ἐσχάτης
1633 4441 1925 4502 ἀσυνεσίας

2037 600 2311 668 pcrfecisti
2366 603 2497 656 mihi
2556 622 2569 657 :
2620 605 2931 660 holocausta
2976 618 3032 662 et
3088 624 3185 678 pro
3232 617 3458 677 peccato
3517 624 3623 664 non

2033 691 2350 761 placuerunt
2394 696 2512 759 tibi,
2549 708 2678 750 tunc
2720 698 2829 751 dixi
2874 715 2890 753 :
2932 700 3071 753 Ecce
3120 700 3300 763 venio,
3341 701 3392 754 in
3446 702 3627 769 capite

2031 782 2152 836 libri
2178 784 2441 853 scriptum
2467 796 2551 839 est
2574 790 2764 853 deme,
2782 799 2837 841 ut
2866 788 3083 854 faciam,
3102 790 3267 854 Deus,
3291 790 3621 844 voluntatem

2036 881 2178 927 tuam
2207 876 2277 929 ¹¹.
2318 893 2338 926 ι
2374 874 2515 929 Nihil
2551 890 2746 946 agente
2783 877 2894 946 jam
2954 878 3089 947 legis
3128 881 3383 933 mandato
3409 888 3464 934 et
3486 880 3615 934 nihil

2034 965 2369 1033 periit-.ieute,
2407 978 2464 1021 et
2506 967 2611 1021 Deo
2643 984 2707 1022 ac
2740 967 2903 1022 Patre
2943 969 3056 1037 jam
3100 970 3316 1023 nolente
3363 979 3621 1024 cruentas

2034 1054 2259 1121 hostias,
2310 1072 2505 1125 corpus
2552 1057 2653 1111 sibi
2690 1058 2991 1125 perfectum
3030 1059 3183 1125 dicit,
3230 1070 3308 1125 ut,
3342 1061 3520 1128 seipso
3566 1060 3617 1114 in

2030 1146 2270 1215 pretium
2305 1146 2498 1203 salutis
2529 1162 2593 1203 ac
2638 1149 2762 1202 vitae
2810 1149 3190 1204 universormu
3234 1150 3381 1214 dato,
3427 1163 3619 1203 omnes

2032 1248 2089 1293 et
2113 1253 2144 1292 a
2179 1240 2370 1293 mortis
2396 1242 2770 1309 corruptione,
2821 1251 2875 1297 et
2912 1241 3138 1308 insuper
3171 1256 3199 1294 a
3234 1234 3472 1310 peccatis
3504 1242 3618 1295 eri-

2033 1339 2207 1398 peret.
2254 1328 2434 1396 Ipsum
2468 1328 2632 1399 igitur
2662 1330 2898 1384 dicimus
2940 1344 3007 1383 ex
3050 1330 3159 1383 Deo
3192 1328 3353 1383 Patre
3385 1327 3618 1382 Verbum

2035 1422 2270 1476 voluisse
2296 1422 2456 1475 etiam
2482 1436 2579 1490 pro
2609 1421 2764 1477 nobis
2788 1436 2952 1476 carne
2974 1422 3109 1490 pati,
3135 1422 3438 1476 secundum
3466 1420 3614 1474 Scri-

2033 1522 2219 1581 pturas
2245 1512 2313 1573 ’8.
2345 1512 2437 1567 Sic
2494 1528 2592 1568 nos
2618 1513 2809 1568 imbuit
2836 1513 3181 1567 beatissimus
3200 1513 3397 1567 Paulus
3429 1530 3442 1565 :
3467 1530 3486 1563 ι
3511 1511 3615 1578 Qui

2033 1617 2154 1658 cum
2190 1601 2248 1656 in
2292 1601 2464 1656 forma
2502 1601 2593 1656 Dei
2639 1612 2809 1671 esset,
2856 1616 2963 1656 non
3014 1604 3257 1672 rapinam
3312 1602 3613 1656 arbitratus

2032 1706 2114 1749 est
2147 1710 2266 1750 esse
2292 1709 2351 1749 se
2391 1694 2653 1763 aequalem
2693 1695 2803 1749 Deo
2843 1711 2858 1749 :
2904 1696 3000 1750 sed
3036 1694 3386 1761 semetipsum
3431 1694 3617 1747 exina-

2032 1785 2192 1852 nivit,
2222 1785 2451 1840 formam
2481 1786 2623 1840 servi
2655 1786 2952 1856 accipiens,
2989 1786 3042 1839 in
3074 1785 3483 1840 similitudinem
3516 1784 3614 1838 ho-

2033 1880 2241 1933 minum
2275 1877 2469 1942 factus,
2502 1887 2556 1932 et
2592 1877 2779 1932 habitu
2823 1878 3076 1932 inventus
3116 1887 3173 1932 ut
3205 1878 3385 1931 homo.
3427 1874 3618 1931 Humi-

2034 1966 2185 2022 liavit
2205 1969 2556 2038 semetipsum
2584 1968 2760 2024 factus
2786 1970 3044 2025 obediens
3071 1984 3240 2038 usque
3266 1969 3332 2022 ad
3358 1978 3615 2031 mortem,

2033 2070 2265 2114 mortem
2299 2070 2477 2115 autem
2508 2061 2707 2116 crucis.
2737 2060 2967 2129 Propter
2990 2061 3132 2130 quod
3162 2071 3218 2113 et
3244 2057 3385 2113 Deus
3409 2059 3618 2113 exalta-

2033 2152 2111 2206 vit
2138 2151 2287 2205 illum
2309 2152 2378 2205 ⁸³.
2417 2170 2436 2203 ι
2466 2151 2764 2217 Considera
2783 2152 2967 2221 igitur,
2989 2162 3044 2205 ut
3063 2153 3107 2205 is
3126 2152 3215 2219 qui
3244 2151 3295 2204 iu
3320 2150 3491 2204 forma
3517 2149 3615 2204 Dei

2032 2253 2087 2296 et
2119 2242 2297 2296 Patris
2318 2254 2438 2295 erat
2468 2250 2652 2310 utpote
2678 2241 2842 2307 Deus,
2874 2241 2962 2294 ille
2993 2246 3277 2294 character
3313 2256 3407 2293 seu
3447 2240 3615 2308 ﬁgura
3672 2286 3677 2293 .

2033 2334 2351 2388 substantiae
2394 2334 2511 2403 ejus
2552 2334 2621 2397 ⁵⁸,
2657 2341 2712 2387 et
2752 2334 2842 2402 qui
2887 2331 3032 2386 nullo
3074 2332 3234 2387 modo
3268 2332 3443 2386 minor
3478 2344 3618 2398 erat,

2032 2441 2154 2480 cum
2197 2440 2295 2495 per
2321 2427 2502 2480 omnia
2535 2426 2607 2481 sit
2637 2436 2692 2481 et
2728 2424 3064 2494 intelligatur
3093 2423 3342 2493 atqualis,
3368 2424 3618 2478 exinani-

2032 2518 2167 2571 verit
2198 2517 2571 2585 semetipsum,
2597 2526 2653 2571 et
2686 2516 2741 2570 in
2774 2516 3138 2570 humilitatem
3168 2524 3359 2584 Sponte
3378 2515 3615 2570 demise-

2032 2610 2125 2663 rit.
2154 2607 2274 2664 Jam
2310 2610 2560 2677 quisnam
2602 2609 2673 2663 sit
2716 2607 3105 2662 exinanitionis
3140 2608 3354 2671 modus,
3383 2623 3616 2675 expone,

2030 2701 2301 2771 quomodo
2327 2702 2492 2755 etiam
2542 2701 2613 2755 sit
2654 2700 2971 2755 humiliatus
3019 2698 3251 2753 formam
3287 2700 3429 2753 servi
3473 2701 3620 2754 acci-

2029 2798 2202 2863 piens,
2230 2802 2285 2847 et
2318 2806 2491 2861 usque
2518 2792 2583 2845 ad
2618 2800 2848 2846 mortem
2882 2790 3060 2843 factus
3079 2789 3355 2855 obediens,
3388 2800 3615 2843 mortem

2030 2897 2209 2938 autem
2249 2884 2447 2937 crucis.
2486 2882 2679 2937 Annon
2738 2890 2827 2937 est
2867 2881 3119 2935 omnibus
3148 2882 3393 2946 evidens,
3437 2881 3490 2934 id
3521 2880 3622 2934 hu-

2030 2978 2227 3031 miliari
2262 2976 2406 3045 quod
2450 2974 2684 3029 sublime
2726 2974 2818 3039 sit,
2866 2989 2972 3028 non
3006 2975 3152 3042 quod
3190 2975 3520 3026 intrinsecus
3563 2981 3621 3027 et

2027 3085 2092 3123 ex
2127 3079 2320 3121 natura
2343 3066 2675 3120 submissum
2704 3074 2760 3117 et
2801 3064 3047 3119 humile?
3072 3066 3146 3127 id,
3180 3065 3281 3117 nisi
3312 3063 3489 3129 fallor,
3523 3074 3585 3119 ex

2032 3161 2248 3220 inaniri,
2285 3158 2428 3226 quod
2473 3158 2688 3226 plenum
2731 3156 2821 3221 sit,
2875 3165 2929 3211 et
2974 3156 3173 3210 nullius
3214 3156 3290 3209 rei
3340 3154 3621 3224 indigeat?

1981 3229 1998 3250 ⁸
2032 3250 2160 3304 illud
2190 3250 2354 3304 etiam
2394 3249 2643 3316 accipere
2669 3248 2810 3301 servi
2848 3247 3102 3311 formam,
3132 3247 3276 3315 quod
3307 3255 3434 3301 ante
3470 3246 3616 3300 illam

2030 3345 2194 3399 {tuerit
2224 3343 2522 3398 secundum
2558 3351 2809 3397 naturam
2840 3336 3110 3398 liberum?
3137 3343 3289 3396 illum
3316 3345 3480 3398 etiam
3519 3342 3618 3396 ho-

2030 3432 2229 3485 minem
2280 3431 2539 3492 inveniri,
2568 3432 2659 3500 qui
2711 3431 2764 3484 id
2812 3446 2918 3487 non
2950 3442 3068 3486 erat
3114 3433 3426 3510 priusquam
3474 3432 3619 3487 esset

2029 3521 2321 3576 inventus?
2347 3522 2479 3589 Quis
2505 3537 2636 3594 ergo
2672 3522 2763 3578 ille
2790 3532 2874 3578 est
2905 3525 3201 3578 secundum
3245 3536 3493 3578 naturam
3525 3540 3618 3578 su-

2028 3614 2232 3678 blimis,
2265 3615 2357 3685 qui
2398 3630 2457 3671 se
2502 3616 2676 3685 ipsum
2715 3616 2783 3670 ad
2827 3615 3191 3671 humilitatem
3231 3615 3464 3682 dejecit?
3495 3617 3628 3688 quis,

2026 3705 2191 3762 etiam
2243 3706 2455 3774 plenus,
2485 3713 2544 3759 ut
2572 3706 2882 3761 exinanitus
2933 3720 3053 3761 esse
3087 3704 3460 3775 intelligatur?
3494 3706 3617 3774 quis

2029 3797 2172 3851 ultra
2211 3798 2492 3852 servitutis
2530 3797 2695 3866 128
2744 3811 3054 3861 mensuras,
3103 3806 3162 3851 ut
3211 3797 3426 3851 dicatur
3470 3796 3614 3850 servi

2028 3888 2259 3944 formam
2291 3888 2608 3957 accepisse?
2633 3888 2758 3958 quis
2793 3902 2913 3942 cum
2947 3886 3110 3940 homo
3143 3886 3294 3955 prius
3326 3884 3496 3939 nostri
3536 3884 3614 3937 si-

2030 3981 2176 4036 milis
2208 3993 2312 4034 non
2343 3989 2510 4046 esset,
2546 3979 2599 4033 id
2628 3980 2881 4033 inventus
2909 3992 3031 4032 esse
3064 3975 3304 4031 dicitur?
3328 3977 3445 4030 haec
3466 3975 3613 4031 enim

2030 4074 2122 4128 uni
2156 4087 2225 4129 ex
2259 4083 2449 4127 nostro
2475 4087 2705 4127 numero
2731 4081 2784 4128 et
2815 4072 3022 4140 vulgari
3056 4071 3259 4126 homini
3294 4070 3494 4125 audere
3514 4071 3615 4124 tri-

2029 4166 2219 4229 buere,
2271 4168 2495 4221 stultum
2547 4166 2640 4229 sit,
2677 4174 2733 4220 et
2775 4174 3035 4219 extremae
3071 4165 3312 4219 omnium
3363 4164 3615 4217 amentia:

2028 4274 2221 4314 revera
2269 4258 2486 4328 plenum
2532 4276 2547 4312 :
2593 4258 2915 4313 convenient
2960 4266 3139 4311 autem
3196 4256 3477 4326 aptissime
3534 4254 3613 4308 illi

2031 4366 2298 4419 supremae
2336 4358 2562 4405 naturae.
2606 4350 2713 4405 Sed
2747 4349 2877 4404 illud
2911 4349 3003 4404 Dei
3037 4351 3275 4406 Verbum
3324 4365 3389 4403 ex
3443 4350 3613 4403 nimia

2032 4457 2160 4511 erga
2212 4458 2309 4497 nos
2359 4442 2693 4525 benignitate
2723 4451 2887 4512 atque
2939 4442 3225 4497 clementia
3275 4441 3473 4495 obtulit
3514 4456 3614 4512 pro

323 4531 633 4600 δπίμεστον
671 4528 921 4598 ἀληθῶς·
954 4528 1188 4598 ἁρμόσει
1214 4529 1258 4582 δ’
1295 4530 1359 4583 ἂν
1398 4533 1492 4583 καὶ
1518 4532 1663 4600 μάλα
1700 4532 1926 4596 εἰκότως

2032 4534 2187 4586 nobis
2226 4535 2502 4602 proprium
2535 4548 2757 4602 corpus,
2792 4543 2848 4587 et
2888 4544 3108 4602 accepta
3151 4532 3290 4585 servi
3328 4533 3498 4584 t'orma
3532 4531 3614 4605 {a-

322 4625 390 4692 τῇ
419 4620 724 4691 ὑπερτάτῳ
760 4618 944 4686 φύσει.
987 4618 1128 4672 Ἀλλ’
1153 4622 1181 4673 0
1219 4621 1316 4690 μὲν
1338 4620 1433 4673 τοῦ
1458 4622 1590 4673 Θεοῦ
1625 4621 1817 4689 Λόγος,
1857 4622 1922 4675 ὲκ

320 4712 535 4781 πολλῆς
563 4714 709 4779 ἄγαν
731 4711 831 4780 τῆς
853 4714 933 4774 είς
959 4712 1111 4781 ἡμᾶς
1132 4712 1468 4782 ἡμερότητος
1489 4713 1586 4765 καὶ
1611 4712 1803 4780 φιλανθ
1814 4730 1920 4783 ρω-

326 4807 463 4867 πίας
494 4805 944 4875 προσκεκόμικεν
974 4803 1116 4875 ὑπὲρ
1148 4804 1307 4876 ἡμῶν
1340 4805 1401 4857 τὺ
1435 4804 1565 4859 ἴδιον
1598 4805 1756 4875 σῶμα
1776 4848 1791 4871 ,
1828 4806 1923 4858 καὶ

328 4897 552 4967 μορφὴν
594 4896 785 4949 δούλου
814 4894 1019 4960 λαϐὼν,
1055 4896 1278 4964 γέγονεν
1309 4896 1549 4966 ὑπήκοος
1568 4896 1646 4967 τῷ
1671 4897 1790 4968 Θεῷ
1827 4898 1923 4950 καὶ

325 4987 507 5058 Πατρὶ
542 4986 713 5057 μέχρι
747 4986 1006 5051 θανάτου,
1034 4987 1129 5039 καὶ
1157 4986 1259 5039 οὑκ
1286 4986 1594 5056 ἀπόϐλητον
1622 4987 1920 5057 ἐποιήσατο

322 5078 384 5132 τὺ
412 5077 620 5130 παθεῖν
654 5076 875 5129 ἑλέσθαι
911 5076 1096 5147 σαρκὶ,
1131 5077 1308 5128 καίτοι
1347 5076 1444 5146 τὴν
1473 5076 1635 5144 φύσιν
1658 5077 1919 5146 ὑπάρχων

320 5171 550 5242 ἀπαθὴς
574 5171 653 5233 ὡς
686 5170 819 5232 Θεός
845 5186 858 5198 ·
884 5170 1188 5239 ὲπερυθριᾷ
1214 5184 1277 5236 γε
1309 5167 1412 5239 μὴν
1438 5167 1713 5230 ἀσυνέτως
1735 5168 1920 5219 οὑτοσὶ

318 5266 436 5327 τοῖς
468 5261 620 5330 ὑπὲρ
672 5259 833 5331 ήμῶν
877 5259 1371 5328 θεοπρεπεστάτοις
1401 5258 1566 5311 αὑτοῦ
1607 5258 1914 5326 σκέμμασι,

319 5356 418 5408 καὶ
452 5354 629 5424 τιμᾷν
662 5352 942 5421 οἰόμενος,
978 5349 1182 5403 ἀδικεί’
1233 5351 1498 5421 ἀποφέρει
1538 5346 1636 5416 μὲν
1665 5348 1775 5419 γὰρ
1823 5346 1916 5400 τοῦ

319 5447 522 5501 παθεῖν
548 5444 739 5507 αὑτὸν,
769 5446 947 5496 καίτοι
973 5440 1201 5513 μηδενὸς
1229 5442 1415 5513 ἑτέρου
1443 5441 1635 5494 παθεῖν
1662 5441 1918 5507 λέγοντος

316 5541 398 5602 είς
434 5538 581 5591 ἰδίαν
617 5535 782 5604 φύσιν
804 5549 817 5563 ’
859 5535 962 5587 οὑκ
1009 5533 1321 5587 αἰσθάνεται
1347 5533 1404 5586 δὲ
1443 5534 1526 5585 ότι
1560 5533 1788 5602 Σωτῆρα
1822 5531 1916 5585 καὶ

316 5627 629 5699 Δυτρωτὴν
654 5627 758 5679 οὐκ
781 5626 1003 5696 ἐφίησιν
1028 5624 1192 5677 αὑτὸν
1218 5623 1596 5695 ὁμολογεῖσθαι
1623 5622 1730 5676 τῶν
1752 5623 1911 5687 ὅλων,

2029 4637 2147 4680 ctus
2180 4634 2264 4679 est
2308 4625 2417 4678 Deo
2447 4635 2500 4678 et
2546 4622 2691 4676 Patri
2724 4623 2983 4678 obediens
3016 4638 3189 4689 usque
3227 4623 3292 4675 ad
3336 4633 3561 4675 mortem
3593 4638 3608 4674 :

2030 4730 2128 4768 nec
2163 4713 2536 4779 refugientium
2568 4711 2780 4765 censuit
2806 4711 3096 4780 quominus
3127 4723 3289 4762 carne
3320 4724 3417 4776 pro
3453 4708 3612 4761 nobis

2029 4805 2138 4874 pati
2197 4803 2374 4868 vellet,
2409 4802 2656 4870 quamvis
2683 4809 2742 4854 ut
2776 4801 2918 4855 Deus
2948 4806 3093 4853 esset
3124 4799 3420 4852 secundum
3451 4807 3611 4851 natu-

2032 4910 2144 4948 ram
2185 4891 2551 4962 impassibilis.
2610 4890 2717 4944 iste
2763 4904 2894 4944 vero
2925 4889 3091 4943 stulte
3136 4888 3201 4942 de
3248 4886 3449 4941 divinis
3493 4885 3611 4954 ejus

2026 4997 2249 5058 propter
2292 4998 2391 5039 nos
2422 4981 2665 5037 consiliis
2694 4982 2985 5047 erubescit,
3038 4989 3093 5034 et
3135 4993 3296 5046 quem
3344 4978 3612 5031 honorare

2023 5094 2085 5133 sc
2112 5076 2412 5141 existimat,
2448 5073 2612 5128 allicit
2661 5073 2859 5143 injuria
2893 5091 2908 5126 :
2943 5088 3065 5126 nam
3100 5087 3127 5125 a
3162 5071 3413 5140 passione
3460 5069 3608 5123 illum

2024 5170 2237 5235 eximit,
2274 5166 2487 5221 tametsi
2539 5179 2700 5220 nemo
2749 5165 2897 5218 illum
2936 5164 2987 5217 in
3025 5178 3121 5217 sua
3158 5174 3348 5214 natura
3387 5174 3606 5229 passum

2026 5263 2206 5317 dicat:
2240 5275 2340 5314 nec
2372 5260 2535 5313 sentit
2573 5272 2632 5312 se
2665 5258 2953 5326 prohibere
2985 5270 3055 5309 ne
3084 5254 3235 5306 illum
3267 5238 3606 5304 salvatorem

2025 5364 2079 5409 et
2109 5352 2519 5418 Redempturem
2546 5350 2918 5400 universorum
2954 5346 3331 5406 conliteamur,
3356 5338 3401 5392 si
3442 5340 3486 5392 is
3512 5352 3610 5406 per
3720 5418 3723 5421 Δ

2027 5459 2187 5512 quem
2222 5441 2435 5505 salvati,
2468 5450 2521 5494 et
2552 5453 2646 5506 per
2677 5445 2829 5505 cujus
2859 5433 3222 5488 venerandam
3266 5443 3483 5484 crucem
3524 5443 3610 5482 rc-

2025 5533 2225 5602 dempti
2271 5548 2478 5595 sunms,
2511 5531 2647 5584 alter
2680 5530 2748 5583 ab
2780 5528 2871 5580 illo
2908 5528 2979 5579 sit
3018 5524 3232 5593 proprie
3260 5536 3323 5576 ac
3373 5518 3605 5576 seorsim

2024 5623 2193 5679 Filius
2222 5633 2281 5678 et
2308 5623 2584 5678 Dominus.
2620 5620 2697 5675 Ac
2719 5619 2763 5674 si
2793 5627 2875 5673 est
2904 5619 3065 5670 homo
3108 5613 3359 5684 simplex,
3392 5620 3448 5666 et
3491 5625 3608 5695 n‘on

414 5804 460 5837 ⁵⁸
486 5804 642 5860 Psal.
674 5818 865 5869 xxxix,
902 5803 1005 5856 7-9
1034 5819 1049 5868 ;
1076 5799 1237 5854 Hebr.
1283 5816 1337 5863 x,
1374 5799 1488 5854 5-7.
1582 5796 1626 5828 ”
1665 5797 1853 5853 lPetr.
1893 5813 1927 5852 Il

2043 5840 2056 5851 .
2132 5798 2178 5830 ⁸³
2204 5766 2439 5866 Philipp.
2471 5813 2536 5859 tt.
2567 5795 2685 5851 6-9.
2763 5793 2809 5828 “
2842 5791 3007 5849 Hebr.
3040 5807 3078 5851 ι,
3113 5792 3168 5846 ὅ.

1012 6084 1047 6115 κ
