4080 6420
496 351 602 410 915
1500 349 1556 405 S.
1593 350 1867 406 CYRIILI
1909 348 2376 404 ALHKANDBINI
2413 350 2740 408 ARCHIEI‘.
3659 348 3771 405 εει

498 469 552 523 in
591 471 823 525 humana
855 468 1025 523 forma
1063 466 1237 535 ipsum
1271 479 1332 518 ex
1373 463 1480 517 Deo
1517 465 1676 520 Patre
1715 465 1944 519 Verbum
1978 482 2058 535 apt

2181 465 2337 535 εἴπερ
2370 467 2520 519 ἐστὶν
2543 467 2732 538 ἕτερος
2755 464 2887 536 παρ’
2917 442 3081 518 αύτδν
3113 461 3316 527 ίδικῶς,
3352 461 3444 515 καὶ
3468 461 3571 514 ἀνά
3600 463 3770 534 μέρος

499 562 697 628 paruit,
727 561 972 629 prodeat,
1009 556 1258 611 ostendat
1285 566 1341 609 et
1379 555 1432 607 itt
1463 558 1633 609 forma
1665 558 1838 625 ipsum
1871 570 1991 609 esse
2025 572 2055 610 e

2190 559 2310 620 Υίδς
2334 559 2427 610 καὶ
2453 558 2676 627 Κύριος,
2698 560 2726 611 6
2745 557 2812 610 δι’
2846 549 2906 610 οὗ
2936 555 3274 626 σεσώσμεθα,
3307 555 3402 607 καὶ
3428 553 3769 626 ἐκλελυτρώ-

495 653 806 720 wqualitate
836 649 1013 704 Patris
1037 648 1053 718 (
1079 664 1182 700 non
1215 648 1358 700 enim
1385 650 1628 716 rapinam
1661 646 1958 701 arbitratus
1995 664 2054 700 es

2184 650 2322 718 μεθα
2358 650 2444 702 διὰ
2490 649 2587 702 τοῦ
2621 649 2806 718 τιμίου
2845 645 3105 717 σταυροῦ.
3145 646 3255 698 Καὶ
3301 647 3458 714 εἴπερ
3492 643 3638 698 ἐστὶν
3671 644 3770 698 ἄνα

493 759 619 799 esse
662 761 721 798 se
753 743 1015 812 aequalem
1062 738 1231 807 Deo),
1259 748 1310 791 et
1368 749 1626 804 praeterea
1676 737 1814 790 servi
1851 737 2076 790 formam

493 838 791 904 accepisse,
818 846 1073 903 tanquam
1104 847 1208 884 non
1253 829 1501 884 habuerit
1546 829 1858 894 alitptando,
1908 840 1960 881 et
1984 845 2079 882 ex-

494 928 762 980 manitttm
827 925 1017 988 fuisse,
1053 933 1110 975 ut
1156 921 1246 990 qui
1300 920 1351 972 in
1393 919 1606 986 propria
1649 928 1837 970 natura
1904 919 2077 983 pleni-

494 1017 737 1071 tudinem
785 1016 1058 1070 habuerit.
1103 1011 1236 1066 Nam
1272 1011 1460 1065 beatus
1496 1009 1693 1063 Paulus
1723 1010 1870 1062 illum
1904 1009 1992 1077 qui
2024 1009 2074 1062 itt

492 1105 664 1159 forma
704 1107 837 1160 etin
887 1106 1199 1174 aequalitate
1249 1102 1424 1156 Patris
1460 1111 1600 1166 erat,
1651 1101 1851 1155 factum
1908 1101 2077 1155 fuisse

491 1199 565 1254 illi
603 1198 939 1251 obedientem
975 1196 1102 1249 dicit
1133 1197 1294 1250 etiam
1341 1209 1508 1261 usque
1539 1195 1604 1246 ad
1640 1201 1886 1256 mmtem,
1929 1209 2074 1246 mor-

491 1300 599 1344 tem
631 1297 809 1340 autem
846 1289 1044 1340 crucis.
1079 1289 1159 1338 Au
1205 1301 1311 1339 non
1354 1285 1634 1353 perspicua
1668 1294 1748 1336 est
1782 1285 2076 1337 sententia-

488 1396 606 1434 rum
633 1380 748 1448 ejus
775 1377 1126 1431 absurditas?
1151 1377 1282 1431 Cum
1308 1391 1435 1430 vero
1463 1375 1652 1429 beatus
1677 1374 1872 1429 Paulus
1900 1377 2074 1444 ipsum

487 1471 805 1524 cruciﬁxum
829 1468 1015 1538 gloria:
1051 1467 1334 1521 Dominum
1362 1464 1674 1534 appellet”,
1706 1479 1862 1517 nemo
1893 1465 2076 1532 utique

486 1569 711 1623 asseret,
748 1575 855 1612 non
891 1557 1042 1612 illum
1080 1556 1264 1610 dicere
1294 1555 1711 1614 humanitatem,
1750 1554 1845 1606 sed
1872 1553 2073 1606 divini-

489 1659 674 1705 tatem.
706 1649 881 1705 Unum
906 1649 1050 1703 enim
1085 1647 1316 1700 fatemur
1347 1647 1647 1709 Christum,
1680 1657 1732 1699 et
1763 1644 1978 1709 Filium,
2021 1654 2075 1699 et

491 1743 778 1796 Dominum
807 1741 994 1809 gloria:
1026 1740 1196 1806 ipsum
1229 1753 1295 1792 ex
1332 1739 1438 1791 Deo
1485 1738 1641 1790 Patre
1672 1736 1907 1790 Verbum
1948 1752 2073 1804 pro-

485 1843 605 1902 pter
631 1848 728 1885 nos
753 1831 1024 1885 hominem
1055 1831 1278 1894 factum,
1315 1839 1366 1882 et
1393 1845 1552 1882 carne
1577 1838 1795 1898 propter
1828 1845 1925 1883 nos
1950 1845 2072 1894 pas-

484 1938 626 1988 sum,
677 1922 972 1975 secundum
1016 1919 1348 1988 Scripturas.
1390 1919 1770 1973 Verumtamen
1813 1920 1953 1973 haud
1997 1920 2073 1973 le—

484 2012 623 2063 viter
654 2011 979 2063 criminatus
1016 2024 1108 2063 eos
1157 2011 1248 2078 qui
1307 2011 1412 2063 Dco
1461 2010 1638 2063 Verbo
1687 2011 2068 2065 dominationis

485 2112 680 2151 namen
720 2099 984 2161 tribuunt,
1016 2111 1066 2151 et
1095 2101 1160 2151 ab
1193 2101 1528 2154 humanitate
1555 2101 1683 2153 illud
1715 2101 1988 2162 auferunt,
2013 2110 2069 2154 ut

484 2192 575 2259 qui
605 2207 895 2255 summam,
936 2203 994 2246 ut
1020 2194 1131 2260 ipse
1168 2192 1318 2255 dicit,
1344 2192 1738 2261 copulatiouem
1765 2192 2066 2245 distrahere

485 2281 681 2342 velint;
706 2281 857 2346 quasi
883 2295 1069 2334 eorum
1100 2295 1220 2348 quae
1241 2279 1613 2343 dixitoblitus,
1640 2277 1788 2331 illum
1813 2293 1976 2332 unum
2013 2279 2064 2332 in

483 2374 588 2425 duo
622 2372 924 2426 distrahere
965 2372 1390 2441 deprehenditur
1424 2372 1588 2425 etiam
1631 2372 1697 2425 de
1734 2370 1821 2424 illa
1855 2386 2063 2426 summa

485 2461 646 2531 129
679 2463 1036 2527 copulatione,
1067 2474 1118 2516 ut
1150 2463 1262 2530 ipse
1290 2463 1442 2525 dicit,
1479 2477 1666 2531 parum
1705 2477 1912 2517 curare.
1931 2461 2062 2517 Nam

482 2554 731 2620 imperite
763 2565 913 2617 rogat
940 2573 953 2606 :
984 2555 1315 2608 DontinltSne
1368 2562 1451 2607 est
1475 2554 1634 2608 etiam
1661 2553 1841 2618 homo,
1873 2569 1940 2606 an
1972 2569 2058 2608 se-

482 2661 581 2698 cus
603 2645 624 2697 ?
648 2647 689 2696 si
719 2647 935 2712 quidem
973 2658 1053 2699 est
1085 2646 1362 2708 Dominus,
1396 2661 1514 2714 quae
1543 2645 1797 2699 dicuntur
1828 2661 2061 2700 consen-

487 2731 647 2782 tiunt.
675 2732 812 2799 Ergo
837 2732 904 2795 si,
946 2744 1001 2783 ut
1037 2744 1124 2786 tua
1161 2734 1322 2787 habet
1357 2733 1547 2787 inscita
1607 2721 1924 2799 sciscitatio,
1956 2735 2060 2789 Do-

481 2821 661 2874 minus
685 2831 770 2875 est
797 2823 968 2890 ipsum
995 2822 1230 2876 Verbum
1256 2824 1486 2877 seorsim
1530 2840 1593 2877 ac
1612 2827 1849 2894 proprie,
1877 2826 2060 2881 Βοιιιί-

480 2928 581 2966 nus
603 2914 765 2967 etiam
799 2915 912 2982 ipse
945 2914 1237 2979 homo,duo
1263 2915 1448 2982 procul
1476 2915 1638 2970 dubio
1661 2925 1824 2970 erunt
1853 2918 2055 2972 dotuini
2101 2925 2108 2932 '

480 3018 542 3060 ac
563 3005 676 3058 ﬁlii.
706 3004 862 3059 Nullo
887 3021 1016 3074 ergo
1038 3007 1196 3061 modo
1225 3007 1304 3060 vis
1334 3015 1440 3061 tua:
1485 3008 1644 3063 istius
1701 3023 1928 3063 summa:
1963 3024 2056 3063 co-

479 3093 773 3160 pulatiouis
817 3093 1164 3148 credentibus
1193 3095 1435 3164 proderit
1475 3107 1625 3151 certe
1655 3097 1719 3149 ad
1751 3096 2055 3167 intelligen-

2180 742 2398 811 θρωπος
2432 741 2640 803 ἁπλῶς,
2683 741 2778 793 καὶ
2827 741 2944 808 ούχὶ
2991 738 3056 808 δὴ
3102 738 3301 807 μᾶλλον
3349 740 3406 790 ἐν
3448 735 3772 807 ἀνθρωπείᾳ

2183 835 2362 901 μορφῇ
2406 832 2664 900 πεφηνὼς
2702 835 2729 884 6
2780 833 2842 883 ὲκ
2888 830 3022 882 Θεοῦ
3075 830 3286 898 Πατρὸς
3333 829 3524 896 Λόγος,
3557 829 3765 898 ἡκέτω,

2177 922 2460 984 δεικνύτω,
2493 923 2587 974 καὶ
2622 923 2680 973 ἐν
2714 923 2892 991 μορφῇ
2934 919 3027 972 τοῦ
3065 919 3276 990 Πατρδς
3316 919 3628 986 ὑπάρχοντα
3658 921 3765 968 αύ-

2179 1011 2287 1070 τδν,
2338 1014 2428 1064 καὶ
2472 1013 2656 1080 μέντοι
2709 1013 2802 1064 καὶ
2853 1013 2909 1062 ἐν
2944 1009 3148 1078 ἰσότητι
3176 1026 3189 1040 ·
3224 1009 3286 1060 οὐ
3322 1007 3432 1078 γάρ
3466 1008 3768 1078 ἁρπαγμὸν

2176 1105 2423 1173 ἡγήσατο
2457 1104 2519 1156 τὸ
2553 1100 2692 1156 εἶναι
2725 1101 2819 1156 ῐσα
2866 1102 2985 1170 Θεῷ
3007 1119 3021 1134 ’
3051 1102 3144 1154 καὶ
3194 1100 3420 1171 προσέτι
3455 1099 3630 1169 τούτῳ
3660 1099 3768 1169 τὴν

2176 1193 2270 1246 τοῦ
2299 1194 2486 1247 δούλου
2515 1194 2748 1248 λαϐόντα
2771 1192 3004 1263 μορφὴν,
3026 1191 3102 1253 ώς
3123 1192 3223 1244 ούκ
3249 1191 3443 1261 ἔχοντά
3471 1208 3600 1244 ποτε
3625 1208 3638 1221 ο
3664 1192 3768 1244 καὶ

2179 1289 2237 1340 tv
2261 1285 2486 1339 κενώσει
2513 1285 2902 1356 γεγενημένον,
2928 1285 3003 1348 ὡς
3035 1285 3091 1337 ἐν
3121 1284 3225 1354 ίδία
3254 1283 3410 1352 φύσει
3436 1284 3670 1354 λαχόντα
3698 1284 3767 1336 τὸ

2176 1377 2401 1447 πλῆρες.
2441 1378 2498 1431 '0
2527 1378 2720 1446 γάρτοι
2765 1375 3058 1437 θεσπέσιος
3090 1375 3323 1439 Παῦλος,
3368 1376 3459 1428 τον
3491 1379 3546 1429 ἐν
3573 1379 3761 1446 μορφῇ

2177 1468 2270 1521 καὶ⁸
2299 1468 2504 1537 ἰσότητι
2550 1468 2644 1522 τοῦ
2699 1467 2836 1521 Θεοῦ
2903 1467 2999 1520 καὶ
3036 1468 3270 1538 Πατρός,
3298 1466 3548 1535 γενέσθαι
3591 1467 3766 1535 φησὶν

2176 1561 2416 1630 ὑπήκοον
2445 1561 2592 1629 αὐτῷ
2625 1559 2718 1612 καὶ
2755 1560 2917 1630 μέχρι
2950 1559 3203 1621 θανάτου,
3236 1559 3469 1612 Θανάτου
3502 1558 3557 1611 δὲ
3593 1575 3762 1612 σταυ-

2177 1652 2291 1722 ροῦ.
2325 1649 2449 1722 'Ap‘
2496 1654 2595 1704 οὐκ
2631 1650 2863 1722 ἐναργὴς
2898 1652 2930 1720 ή
2968 1651 3075 1703 τῶν
3124 1651 3345 1704 ἐννοιῶν
3375 1650 3612 1713 ἀτοπίας
3642 1648 3756 1702 Κύ-

2177 1760 2289 1813 ριον
2327 1743 2384 1796 δέ
2422 1744 2520 1812 τῆς
2546 1743 2706 1812 δόξης
2759 1742 3121 1812 ὀνομάζοντος
3151 1744 3285 1812 ἡμῖν
3335 1740 3430 1794 τοῦ
3481 1741 3763 1811 μακαρίου

2177 1835 2388 1888 Παύλου
2428 1836 2519 1887 τὸν
2545 1834 2985 1905 ἐσταυρωμένον,
3011 1832 3146 1903 φαίη
3179 1832 3245 1885 ἂν
3269 1831 3466 1894 ούδείς·
3496 1831 3572 1884 Οὐ
3603 1830 3758 1899 λέγει

2173 1927 2272 1997 τὴν
2303 1926 2716 1995 ἀνθρωπότητα,
2744 1924 2879 1978 ἀλλά
2903 1923 3001 1994 τὴν
3024 1924 3274 1991 θεότητα.
3308 1923 3444 1975 Ἕνα
3470 1920 3582 1992 γὰρ
3616 1921 3752 1990 όμο-

2173 2017 2438 2086 λογοῦμεν
2488 2017 2725 2087 Χριστὸν
2764 2017 2860 2069 καὶ
2894 2016 3047 2077 Υίον,
3079 2015 3174 2068 καὶ
3212 2016 3311 2085 τῆς
3342 2013 3502 2083 δόξης
3547 2011 3762 2084 Κύριον

2170 2108 2262 2162 τὸν
2282 2111 2344 2162 ἐκ
2361 2108 2495 2161 Θεοῦ
2527 2108 2738 2178 Πατρός
2758 2109 2929 2174 Λόγον
2956 2105 3459 2177 ὲνανθρωπήσαντα
3487 2105 3554 2158 δι’
3580 2107 3754 2176 ἡμᾶς,

2171 2198 2410 2251 παθόντα
2433 2214 2491 2249 τε
2521 2197 2661 2268 ὑπὲρ
2684 2197 2840 2267 ἡμῶν
2866 2198 2960 2250 καὶ
2985 2196 3172 2267 σαρκὶ,
3204 2197 3345 2250 κατὰ
3373 2194 3474 2258 τὰς
3505 2196 3544 2246 Γ
3551 2195 3749 2266 ραφάς.

2170 2290 2315 2359 Πλὴν
2343 2291 2404 2342 ού
2437 2289 2668 2359 μετρίως
2691 2289 3144 2356 καταιτιώμενος,
3175 2287 3246 2349 ώς
3273 2286 3372 2356 τὴν
3401 2286 3602 2356 ἀκριϐῆ
3629 2302 3758 2338 συν·

2167 2382 2380 2446 άφειαν,
2414 2378 2557 2432 καθά
2586 2395 2751 2447 φησιν
2782 2377 2968 2439 αὐτὸς,
3008 2377 3241 2445 διασπᾷν
3285 2374 3586 2436 ἐθέλοντας.
3623 2375 3753 2434 τοὺς

2166 2469 2540 2539 ἀπονέμοντας
2576 2469 2674 2538 μὲν
2707 2467 2785 2537 τῷ
2831 2467 2950 2537 Θεῷ
2994 2468 3154 2536 Λόγῳ
3185 2467 3243 2518 τὸ
3280 2467 3379 2535 τῆς
3425 2464 3755 2536 κυριότητος

2165 2559 2355 2630 ὄνομα,
2380 2560 2480 2628 τῆς
2503 2576 2567 2628 γε
2603 2558 2708 2629 μὴν
2741 2557 3159 2628 ἀνθρωπότητος
3189 2557 3562 2627 ἀποφέροντας
3598 2555 3758 2624 αὐτῷ

2165 2650 2274 2723 [ῑσ.
2303 2649 2480 2721 abte],
2523 2649 2775 2718 καθάπερ
2802 2650 2881 2710 είς
2928 2647 3099 2718 λήθην
3129 2641 3204 2699 ὧν
3246 2647 3351 2716 ἔφη
3380 2646 3582 2710 πεσὼν,
3625 2645 3750 2698 δια-

2167 2744 2308 2812 σπᾷν
2335 2743 2416 2804 είς
2445 2740 2540 2794 δύο
2568 2741 2961 2810 καταφωρᾶται
2988 2738 3078 2790 τὸν
3107 2740 3223 2803 ἓνα,
3248 2738 3342 2792 καὶ
3362 2739 3460 2806 τῆς
3482 2736 3750 2806 ἀκριϐοῦς

2162 2837 2284 2888 κατ’
2330 2835 2492 2888 αὑτὸν
2533 2833 2825 2900 συναφείας
2878 2833 3032 2900 ὀλίγα
3083 2831 3482 2902 πεφροντικώς.
3537 2831 3753 2899 Ἐρωτᾷ

2164 2925 2272 2996 γάρ
2302 2925 2559 2993 ἀμαθῶςο
2597 2922 2801 2992 Κύριος
2835 2923 2929 2975 καὶ
2965 2925 2992 2976 6
3023 2921 3329 2993 ἄνθρωπος,
3363 2921 3396 2988 ἢ
3426 2918 3521 2984 ob;
3559 2921 3607 2972 εί
3646 2918 3756 2987 μὲν

2162 3009 2254 3067 οὖν
2282 3015 2506 3082 Κύριος.
2548 3012 2765 3082 συνᾴδει
2817 3011 2886 3064 τὰ
2927 3011 3217 3080 λεγόμενα.
3254 3009 3484 3073 Οὐκοῦν,
3520 3011 3569 3062 εἰ
3603 3007 3746 3060 κατὰ

2162 3102 2259 3171 τὴν
2285 3102 2380 3171 σὴν
2407 3100 2663 3153 ἀσύνετον
2688 3099 2902 3164 πεῦσιν,
2927 3099 3126 3169 Κύριος
3163 3100 3258 3168 μὲν
3287 3100 3315 3150 ό
3338 3099 3504 3161 Λόγος
3537 3096 3748 3158 ίδικῶς,

483 3186 610 3239 dum
645 3201 809 3238 unum
866 3185 1140 3241 Christum
1203 3197 1258 3242 et
1315 3189 1601 3243 Dominum
1634 3199 1689 3245 et
1723 3189 1912 3244 Filium
1935 3207 2056 3246 cum

2162 3193 2364 3263 Κύριος
2399 3192 2453 3244 δὲ
2497 3193 2590 3244 καὶ
2622 3193 2649 3244 6
2682 3189 2988 3261 ἄνθρωπος,
3018 3188 3108 3241 δύο
3141 3207 3242 3241 που
3285 3189 3500 3250 πάντως
3521 3187 3588 3239 ὀἱ
3642 3185 3747 3238 κύ-

478 3276 630 3329 unita
656 3277 758 3330 sibi
791 3292 972 3330 carne.
1009 3276 1294 3346 Proposita
1349 3294 1581 3349 namque
1641 3291 1697 3335 et
1734 3282 1784 3334 in
1822 3284 2056 3337 medium

2164 3300 2288 3352 ριοι,
2319 3283 2413 3333 καὶ
2440 3281 2565 3334 υἱοί.
2598 3283 2811 3348 Ὀνήσει
2838 3279 2901 3348 δὴ
2931 3275 3021 3331 οὖν
3046 3278 3144 3346 τῆς
3167 3276 3425 3346 ἀκριϐοῦς
3448 3276 3748 3344 συναφείας

478 3367 689 3437 prolata
720 3366 1092 3422 Emmanuelis
1147 3384 1401 3436 persona,
1474 3371 1588 3425 sive
1618 3372 1739 3439 quis
1779 3373 2055 3428 hominem

2162 3369 2448 3440 ἡδύναμις
2483 3369 2602 3420 κατ’
2638 3367 2828 3420 οὐδένα
2875 3367 3073 3436 τρόπον
3117 3368 3243 3428 τοὺς
3285 3365 3748 3426 πεπιστευκότας,

479 3459 645 3524 dicat,
682 3459 858 3526 ipsum
893 3472 956 3512 ex
991 3459 1096 3513 Deo
1145 3458 1304 3514 Patre
1337 3459 1569 3514 Verbum
1628 3463 1852 3518 formam
1915 3466 2056 3520 servi

2162 3462 2238 3524 εἴς
2264 3478 2325 3528 γε
2357 3461 2416 3512 τὸ
2454 3459 2652 3529 χρῆναι
2681 3462 2819 3512 νοεῖν
2861 3458 2959 3510 ’ἐνα
3005 3457 3240 3528 Χριστὸν
3276 3458 3370 3510 καὶ
3401 3456 3606 3527 Κύριον
3647 3457 3748 3509 καὶ

480 3548 784 3615 sumpsisse
811 3548 1249 3616 intelligimus,et
1273 3565 1337 3605 ex
1375 3555 1645 3608 mensuris
1671 3555 2058 3612 exinanitionis

2162 3552 2287 3606 Υίὸν
2313 3553 2449 3622 μετὰ
2476 3551 2575 3619 τῆς
2605 3549 2899 3620 ἐνωθείσης
2935 3548 3082 3619 αὐτῷ
3114 3549 3334 3619 σαρκός.
3368 3547 3747 3618 Προκειμένου

478 3637 748 3692 declarari
782 3639 1043 3703 dicimus;
1081 3641 1194 3696 sive
1245 3644 1406 3696 etiam
1465 3644 1631 3698 Deum
1693 3647 2054 3714 unigenitum,

478 3731 727 3784 eumdem
761 3747 882 3785 esse
909 3733 1181 3787 credimus
1201 3734 1470 3788 hominem
1497 3736 1608 3804 jam
1649 3737 1848 3792 factum
1889 3749 1943 3792 et
1968 3739 2051 3792 in-

475 3829 780 3874 carnatum.
817 3821 922 3874 Sed
960 3823 1125 3886 enim,
1158 3824 1370 3890 utdixi,
1409 3825 1498 3878 ttni
1547 3842 1613 3881 ac
1666 3828 1765 3883 soli
1822 3829 2051 3892 homini,

477 3921 532 3964 et
567 3910 836 3965 intellecto
857 3913 1080 3966 seorsim
1112 3916 1180 3967 ab
1215 3915 1303 3968 illo
1319 3931 1382 3970 ex
1404 3915 1564 3972 Patre
1594 3917 1769 3973 Verbo
1806 3920 2053 3978 tribuens

475 4001 617 4056 illius
645 4015 764 4084 cum
783 4016 949 4092 carne
996 4003 1413 4074 dispensationis
1437 4024 1624 4076 opera,
1679 4019 1731 4064 et
1763 4012 1934 4082 ipsum
1958 4029 2052 4067 su-

473 4092 736 4148 stinuisse
765 4109 862 4163 pro
918 4096 1074 4150 nobis
1128 4113 1343 4153 crucem
1372 4101 1584 4164 asserit,
1633 4112 1687 4157 et
1715 4118 1836 4159 esse
1867 4106 2052 4175 glorize

475 4184 758 4238 Dominum
793 4185 1042 4250 aﬁirmat,
1067 4197 1121 4241 et
1152 4204 1416 4258 supremae
1447 4192 1687 4245 omnium
1722 4202 1928 4249 naturae
1960 4212 2052 4251 or-

471 4285 724 4327 namenta
771 4277 926 4330 nudae
980 4287 1247 4332 creaturae
1293 4280 1678 4348 circumponit.
1729 4283 1817 4337 Ait
1865 4287 2044 4340 enim:

472 4360 793 4434 [Audiamus
868 4367 1082 4424 beatum
1146 4366 1370 4422 Paulum
1450 4380 1632 4438 aperte
1697 4373 2047 4438 clamantem,

2157 3644 2265 3714 γὰρ
2292 3644 2386 3696 καὶ
2417 3640 2842 3710 παρενεχθέντος
2879 3641 2960 3703 είς
2995 3640 3158 3710 μέσον
3189 3639 3283 3692 τοῦ
3323 3639 3614 3709 προσώπου
3645 3639 3746 3690 τοῦ

2170 3733 2537 3806 Ἐμμανουὴλ,
2562 3733 2664 3786 κᾶν
2694 3733 2746 3786 εί
2764 3749 2847 3795 τις
2885 3731 3172 3803 ἄνθρωπον
3203 3731 3371 3799 λέγοι,
3397 3730 3488 3783 τὸν
3511 3732 3573 3783 ἐκ
3601 3728 3746 3782 Θεοῦ

2158 3829 2372 3899 Πατρὸς
2399 3827 2571 3894 Λόγον
2615 3824 2830 3895 μορφὴν
2875 3823 3064 3877 δούλου
3099 3823 3334 3876 λαϐόντα
3365 3819 3612 3891 νοοῦμεν,
3645 3823 3746 3874 καὶ

2155 3925 2218 3977 ἐκ
2246 3923 2355 3976 τῶν
2397 3921 2492 3990 τῆς
2522 3918 2804 3981 κενώσεως
2837 3917 3054 3988 μέτρων
3096 3915 3386 3986 δηλοῦσθαί
3435 3932 3619 3984 φαμεν
3641 3930 3657 3943 °
3690 3917 3748 3969 εἰ

2153 4013 2209 4066 δὲ
2243 4013 2306 4084 δὴ
2325 4011 2416 4064 καὶ
2445 4009 2577 4062 Θεὸν
2607 4007 2890 4078 μονογενῆ,
2919 4005 3009 4058 τὸν
3038 4006 3200 4060 αὐτὸν
3219 4001 3358 4058 εἶναι
3388 4002 3746 4068 πιστεύοντες
3801 4023 3804 4025 λ

2155 4105 2264 4178 [ια.
2297 4099 2646 4172 πιστεύομεν]
2684 4098 3147 4171 ἐνηνθρωπηκότα
3189 4113 3248 4150 τε
3279 4097 3381 4167 ἥδη
3416 4095 3512 4148 καὶ
3541 4111 3744 4166 σεσαρ-

2153 4197 2420 4266 κωμένον.
2462 4193 2622 4246 Ἀλλά
2651 4192 2780 4264 γάρ,
2813 4191 2890 4254 ώς
2923 4191 3080 4260 ἔφην,
3107 4190 3185 4242 ἐνὶ
3211 4188 3275 4258 δὴ
3304 4188 3399 4241 καὶ
3433 4188 3597 4258 μόνῳ,
3641 4189 3748 4242 καὶ

2156 4285 2340 4347 ίδικῶς
2373 4283 2653 4353 νοουμένῳ
2681 4281 2833 4351 παρὰ
2856 4281 2948 4334 τὸν
2991 4281 3054 4333 ἐκ
3080 4277 3293 4349 [ἰατρὸς
3326 4278 3497 4344 Λόγον
3529 4275 3738 4346 ἀνθρώ-

2154 4395 2261 4446 πῳ,
2289 4374 2614 4445 προσνέμων
2647 4372 2748 4442 τῆς
2783 4371 2922 4442 μετά
2951 4369 3152 4440 σαρκὸς
3175 4368 3488 4438 οἰκονομίας
3510 4366 3576 4420 τά
3604 4363 3740 4421 κατ-

471 4455 721 4524 quisnam
750 4457 819 4511 sit
851 4457 938 4512 ille
962 4459 1255 4513 cruciﬁxus
1288 4479 1300 4514 :
1357 4459 1569 4514 Etenim
1615 4465 1906 4518 cruciﬁxus
1962 4479 2045 4522 est

2162 4468 2468 4541 apﬁcbpata,
2518 4466 2612 4519 καὶ
2659 4465 2821 4520 αὐτὸν
2859 4464 3000 4535 ὑπὲρ
3049 4462 3207 4534 ἡμῶν
3258 4461 3548 4532 ὑπομεῖναί
3597 4476 3750 4530 φησι,

466 4559 531 4598 ex
557 4546 888 4612 inﬁrmitate,
913 4552 1005 4603 sed
1041 4550 1170 4602 vivit
1195 4565 1260 4602 ex
1296 4550 1496 4604 virtute
1532 4550 1671 4624 Dci.]
1723 4555 1854 4620 Quis
1891 4559 2042 4612 inﬁr-

468 4645 644 4691 matus
678 4648 780 4703 est,
814 4640 1105 4695 haeretice?
1149 4642 1310 4696 illene
1385 4643 1524 4698 Deus
1582 4644 1818 4700 Verbum
1846 4648 2043 4705 Hnﬁr-

466 4729 672 4782 mitatis
699 4731 914 4798 quidem
949 4733 1128 4787 omnis
1163 4749 1384 4802 prorsus
1413 4750 1608 4804 expers
1637 4752 1666 4789 a
1723 4740 1877 4795 nobis
1919 4757 2037 4797 cre—

464 4820 609 4872 ditur
637 4820 762 4872 illtnl
798 4836 861 4874 ex
902 4823 1008 4876 Deo
1054 4823 1210 4877 Patre
1262 4825 1524 4880 Verbum.
1593 4828 1714 4895 Ipse
1758 4843 1842 4885 est
1894 4835 2039 4888 enim

467 4909 723 4966 Dominus
739 4913 1026 4968 Virtutum.
1053 4914 1157 4967 Sed
1184 4926 1360 4970 tamen
1387 4917 1513 4970 illud
1545 4934 1783 4987 expone;
1817 4927 2041 4981 metuis-

464 5015 530 5052 ne
562 5003 627 5055 de
653 5018 719 5058 eo
753 5005 1085 5059 inﬁrmitatis
1108 5021 1302 5060 nomen
1335 5009 1606 5076 accipere?
1625 5027 1784 5080 quant
1812 5015 1883 5068 ob
1908 5033 2039 5070 cau-

464 5093 613 5145 smn?
651 5109 772 5147 cum
812 5095 899 5149 illa
925 5111 1019 5163 per
1051 5111 1269 5149 carnem
1307 5097 1814 5166 dispensatioillum
1835 5107 2039 5162 eximat

463 5185 530 5238 ab
566 5186 780 5255 injuria,
815 5187 1029 5241 etiamsi
1086 5187 1362 5256 quidpiam
1386 5204 1574 5258 passus
1599 5208 1718 5248 esse
1737 5196 1947 5252 dicatur
1969 5215 2036 5254 ex

466 5277 550 5330 his
571 5291 742 5346 quaea
777 5285 967 5330 natura
994 5279 1164 5348 ipsius
1193 5287 1246 5332 et
1269 5279 1440 5348 gloria
1488 5294 1614 5337 sunt
1652 5285 1866 5340 aliena?
1901 5287 2035 5354 Nam

463 5367 507 5420 si
531 5381 652 5420 cum
679 5367 826 5420 dives
870 5377 1035 5431 esset,
1083 5384 1288 5438 pauper
1320 5370 1492 5425 lactus
1522 5384 1606 5427 est
1639 5375 1685 5407 '°
1709 5414 1724 5442 ,
1781 5387 1836 5432 et
1863 5378 2037 5436 lactus

463 5465 548 5510 est
575 5455 748 5510 nostri
774 5457 967 5512 similis
1003 5457 1174 5511 forma
1210 5459 1350 5512 servi
1373 5471 1640 5528 suscepta,
1694 5465 1905 5519 etiamsi
1956 5469 2038 5522 di-

466 5547 939 5606 caturinlirmatus
971 5565 1035 5605 ex
1078 5548 1434 5616 hmnanitate,
1487 5554 1620 5609 nihil
1657 5556 1875 5616 absurdi
1932 5572 2034 5628 est,

538 5729 584 5760 "
617 5727 782 5783 lCor.
824 5745 884 5786 lt.
927 5732 980 5786 8.
1055 5733 1100 5765 "
1131 5732 1170 5786 11
1213 5732 1338 5788 Cor.
1372 5749 1486 5800 vttt,
1522 5737 1571 5791 9.

2151 4561 2402 4632 σταυρὸν,
2421 4556 2558 4612 εἶναι
2597 4575 2654 4611 τε
2683 4558 2780 4628 τῆς
2812 4556 2969 4626 δόξης
2996 4551 3435 4607 διαϐεϐαιοῦνται
3466 4551 3574 4622 Ιίσ.
3610 4551 3731 4604 δια-

2149 4651 2463 4707 ϐεϐαιοῦται
2496 4651 2513 4722 ]
2541 4649 2771 4721 Κύριον,
2798 4647 2993 4718 γυμνῷ
3019 4645 3276 4713 κτίσματι
3306 4643 3602 4714 περιτιθεὶς
3632 4643 3740 4712 τῆς

2148 4746 2408 4800 ἀνωτάτω
2435 4742 2649 4810 φύσεως
2680 4739 2750 4793 τὰ
2773 4736 3242 4810 αὐχήματα.Φησὶ
3261 4737 3386 4806 γάρ·
3419 4733 3730 4806 [Ἃκούσω-

2151 4854 2250 4906 μεν
2276 4833 2368 4887 τοῦ
2417 4831 2688 4903 μακαρίου
2721 4830 2938 4884 Παύλου
2975 4828 3227 4898 φανερῶς
3263 4827 3615 4894 κεκραγότος,
3646 4826 3731 4888 τίς

2144 4931 2290 4981 ἐστιν
2327 4927 2356 4978 6
2385 4923 2820 4993 ἐσταυρωμένος·
2853 4921 2964 4974 Καὶ
2997 4920 3107 4990 γάρ
3134 4917 3456 4988 ἐσταυρώθη
3487 4916 3545 4982 ἐξ
3571 4915 3732 4990 ἀσθε-

2142 5018 2312 5080 νείας,
2347 5015 2484 5069 ἀλλά
2521 5015 2586 5084 ζῇ
2628 5015 2694 5067 ἐκ
2726 5013 3010 5083 δυνάμεως
3044 5009 3232 5083 Θεοῦ]
3265 5010 3360 5072 Τίς
3385 5010 3728 5080 ἡσθένησεν;

2140 5110 2168 5162 ό
2196 5105 2850 5176 ΘεὸςΛόγοςβὶρετικές
2890 5102 3200 5164 Ἀσθενείας
3258 5101 3355 5170 μὲν
3389 5096 3482 5154 οὖν
3510 5099 3730 5170 ἀπάσης

2143 5201 2408 5272 ἀμέτοχος
2456 5198 2736 5261 παντελῶς
2769 5199 2798 5250 6
2839 5197 2905 5250 ἐκ
2950 5193 3088 5248 Θεοῦ
3133 5193 3346 5263 Πατρός
3378 5193 3548 5260 Λόγος
3591 5192 3730 5261 πρὸς

2142 5291 2300 5362 ἡμῶν
2333 5288 2474 5344 εἶναι
2502 5289 2835 5345 πιστεύεται.
2863 5288 3035 5350 Αὐτὸς
3063 5287 3172 5354 γάρ
3203 5287 3348 5338 ἐστιν
3381 5287 3408 5338 6
3432 5285 3536 5338 τῶν
3567 5285 3730 5337 δυνά-

2149 5399 2295 5451 μεων
2323 5380 2548 5451 Κύριος.
2580 5380 2726 5451 Πλὴν
2750 5381 2925 5432 ἐκεῖνο
2965 5377 3202 5447 φράσονο
3233 5375 3410 5438 δέδιας
3443 5376 3528 5426 ἐπ’
3558 5372 3732 5429 αύτοῦ.

2144 5473 2205 5523 τὸ
2246 5471 2344 5541 τῆς
2381 5471 2662 5534 ἀσθενείας
2701 5471 2874 5540 ὄνομα
2901 5469 3116 5532 λαϐεῖν;
3151 5467 3239 5519 διὰ
3293 5467 3452 5520 ποίαν
3501 5465 3723 5528 αἰτίανς

2147 5564 2324 5617 καίτοι
2371 5565 2469 5634 τῆς
2505 5564 2642 5634 μετά
2677 5562 2878 5634 σαρκὸς
2914 5559 3229 5631 οἰκονομίας
3269 5559 3360 5613 τοῦ
3394 5555 3724 5626 κατεψὲχθαι
