4080 6428
325 373 442 430 225

1399 378 1770 435 ADVERSUS
1809 377 2218 434 NES'I'ORIUM
2261 378 2389 433 LIB.
2434 379 2498 433 ι’.

3497 383 3605 436 9.26

327 497 444 547 δεῖν
466 492 574 557 ἔξω
594 492 834 563 τιθείσης
865 493 1050 558 got-6v,
1076 495 1178 548 κᾶν
1202 498 1250 549 εἰ
1282 497 1490 565 λέγοιτό
1516 517 1566 552 τι
1597 500 1786 551 παθεῖν
1811 498 1916 550 τῶν

2023 508 2078 551 ιιι
2106 499 2249 550 ἱΙΙιιιιι
2280 502 2368 566 qui
2400 500 2547 551 dives
2570 509 2706 564 erat,
2728 514 3013 568 pauperem
3038 499 3236 554 factum
3263 501 3603 565 consideres,

324 584 432 636 ὃσα
463 584 586 635 ἐστὶ
614 582 766 652 παρά
812 601 878 652 γε
917 585 1017 654 τὴν
1054 585 1218 638 αὑτοῦ
1255 586 1418 654 φύσιν
1446 605 1503 640 τε
1527 589 1618 640 καὶ
1653 589 1808 654 δόξαν
1831 606 1843 617 ο
1872 589 1921 640 εἰ

325 677 439 746 γὰρ
467 675 732 737 πλούσιος
773 674 851 729 ὢν
885 677 1221 746 ὲπτώχευσε,
1261 681 1354 732 καὶ
1387 681 1575 748 γέγονε
1621 681 1740 734 καθ’
1773 681 1924 749 ἡμᾶς

330 767 552 836 μορφὴν
577 765 766 819 δούλου
795 767 1002 827 λαϐὼν,
1032 768 1132 821 κᾶν
1153 771 1200 821 εἰ
1223 770 1519 840 ἀσθενῆσαι
1544 771 1754 839 λέγοιτο
1785 771 1924 823 κατὰ

329 858 388 909 τὸ
414 856 794 926 ἀνθρώπινον,
829 860 892 911 τὸ
941 861 1168 922 ἀπεικὸς
1200 862 1374 923 οὐδὲν,
1407 863 1492 914 ἵνα
1535 862 1922 932 πτωχεύσαντα

335 948 544 1019 θεωρῇς
569 949 663 1001 τὸν
713 949 991 1016 πλούσιον,
1036 953 1093 1003 ὲν
1123 952 1451 1005 ταπεινώσει
1487 955 1578 1006 τὸν
1609 953 1832 1021 ὑψηλὸν,
1864 956 1920 1005 ἐν

333 1042 393 1108 τῇ
423 1039 548 1090 καθ’
590 1040 742 1109 ἡμᾶς
793 1040 1052 1112 ἀσθενείᾳ
1089 1042 1180 1094 τὸν
1213 1043 1322 1097 τῶν
1353 1045 1635 1112 δυνάμεων
1691 1043 1911 1114 Κύριον.

333 1130 729 1200 Τεθαύμασται
759 1131 817 1183 δὲ,
848 1134 943 1185 καὶ
965 1133 1055 1186 διὰ
1084 1134 1242 1188 τοῦτο
1270 1136 1331 1188 τὸ
1359 1136 1488 1206 περί
1513 1133 1678 1188 αὑτοῦ
1709 1135 1915 1204 μυστή-

330 1235 464 1288 ριον.
502 1219 634 1282 Πῶς
680 1220 791 1290 γὰρ
822 1223 915 1274 καὶ
970 1223 1224 1284 πεινῆσαι
1267 1224 1504 1292 λέγεται,
1553 1225 1728 1278 καίτοι
1773 1223 1917 1291 ζωῆς

325 1312 488 1380 ἄρτος
518 1312 793 1381 ὑπάρχων
834 1313 1018 1378 αὑτὸς,
1049 1316 1143 1366 καί⁵
1178 1316 1241 1367 ὲκ
1275 1314 1367 1367 τοῦ
1399 1315 1628 1384 οὐρανοῦ
1652 1315 1916 1378 καταϐάς,

324 1402 416 1454 καί
451 1401 604 1472 ζωὴν
633 1403 812 1466 διδοὺς
836 1403 913 1474 τῷ
948 1405 1173 1474 κόσμῳ;
1207 1405 1327 1458 τίνα
1359 1405 1560 1477 τρόπον
1590 1405 1917 1458 κεκοπίακεν

2028 591 2174 642 illum
2213 591 2582 643 suhlimem‘in
2621 592 2941 656 humilitate,
2993 593 3143 645 illum
3194 593 3452 645 virtutum
3494 593 3601 646 Do-

2032 683 2311 735 tninumiu
2350 694 2538 736 nostra
2578 684 2908 738 inﬁrmitate.
2973 683 3146 738 l-labet
3199 693 3377 739 autem
3438 685 3602 736 etiam

2027 774 2127 825 hac
2149 787 2216 825 ex
2270 782 2421 837 parte
2459 772 2876 828 admirationem
2923 774 3044 842 ejus
3090 776 3424 844 mysterium.
3469 773 3603 827 Nam

2025 865 2296 931 quomodo
2326 865 2534 918 esurire
2568 867 2781 928 dicitur,
2811 882 2932 920 cum
2970 867 3082 934 ipse
3141 867 3211 920 sit
3266 867 3420 934 panis
3456 866 3599 928 vitae,

2024 963 2124 1006 ete
2150 953 2287 1007 ccelo
2318 956 2682 1018 descenderit,
2716 965 2770 1008 et
2804 956 2968 1009 vitam
3002 957 3092 1008 det
3119 955 3318 1007 mundo
3348 953 3438 1005 '7?
3473 968 3604 1020 quo-

2026 1041 2184 1095 modo
2211 1041 2466 1109 fatigatus
2498 1052 2667 1096 estex
2693 1044 2906 1109 itinere,
2942 1047 3033 1112 qui
3088 1058 3186 1098 suo
3224 1043 3428 1112 Spiritu
3476 1043 3603 1096 soli-

2025 1131 2120 1186 dat
2148 1132 2317 1186 cmlos
2347 1133 2393 1165 ⁸⁸
2420 1133 2442 1185 ?
2471 1133 2575 1188 Sed
2602 1150 2707 1188 non
2762 1135 2926 1196 feres.
2982 1144 3040 1188 ut
3076 1134 3369 1188 verisimile
3423 1142 3524 1195 est,
3558 1133 3604 1186 si

2026 1223 2138 1278 haac
2168 1224 2232 1278 de
2263 1224 2378 1292 ipso
2409 1221 2702 1294 Unigenito
2757 1226 3028 1284 dicantur.
3079 1225 3238 1294 130
3301 1223 3465 1292 Atqui
3512 1234 3602 1276 tua

2024 1314 2188 1368 verba
2211 1316 2481 1371 curiosius
2504 1317 2785 1387 inquirens
2808 1320 3044 1385 reperio,
3102 1320 3154 1372 in
3187 1317 3383 1387 quibus
3411 1326 3600 1384 aperte

2023 1405 2179 1468 dicis,
2216 1416 2469 1476 tauquam
2500 1423 2564 1462 ex
2601 1424 2829 1478 persona
2869 1409 3174 1481 Uuigeniti}:

317 1496 384 1547 ὲκ
406 1495 510 1564 τῆς
545 1495 875 1567 ὁδοιπορίας,
909 1499 938 1549 ό
961 1498 1038 1568 τῷ
1085 1499 1199 1568 ἰδίῳ
1234 1500 1512 1570 Πνεύματι
1549 1500 1787 1570 στερεῶν
1845 1498 2140 1569 οὑρανούςΙ;
2178 1500 2317 1553 Ἀλλ’
2355 1503 2455 1556 οὑκ
2483 1502 2646 1574 ἀνέξῃ
2682 1505 2824 1558 κατὰ
2847 1505 2908 1558 τὸ
2971 1507 3137 1570 εἰκὸς,
3169 1508 3219 1558 εἰ
3280 1505 3409 1578 περί
3433 1505 3598 1559 αὑτοῦ

292 1589 539 1663 ,λέγοιτο
559 1590 721 1642 ταυτί
743 1591 839 1643 τοῦ
864 1592 1225 1659 Μονογενοῦς,
1252 1594 1430 1648 καίτοι
1448 1597 1573 1658 τοὺς
1642 1597 1766 1659 σοὺς
1833 1595 2366 1668 πολυπραγμονήσας
2404 1598 2596 1667 λόγους
2620 1600 2860 1671 εὑρίσκω
2887 1601 3149 1670 λέγοντας
3176 1603 3381 1672 σαφῶς,
3414 1603 3489 1666 ὡς
3534 1603 3600 1656 ὲκ

321 1680 624 1750 προσώπου
659 1680 755 1733 τοῦ
788 1681 1146 1748 Μονογενοῦς·

391 1774 548 1846 [¹Ὀτι
587 1775 775 1845 μορφὴ
799 1775 935 1828 Θεοῦ
963 1777 1248 1848 ὑπάρχων,
1276 1779 1490 1849 μορφὴν
1516 1780 1916 1852 περιϐέϐλημαι

2092 1775 2329 1831 Nes'ron.
2354 1775 2554 1848 [Quod,
2585 1794 2706 1833 cum
2729 1779 2832 1833 sim
2861 1780 2954 1834 Dei
2974 1781 3170 1847 forma,
3201 1785 3342 1838 servi
3370 1785 3596 1842 formam

327 1866 510 1919 δούλου
533 1882 546 1895 ·
583 1868 670 1919 ὅτι
693 1867 829 1929 Θεὸς
860 1868 1032 1935 Λόγος
1063 1866 1158 1930 ὣν,
1187 1872 1243 1922 ἐν
1278 1871 1442 1940 σαρκὶ
1466 1871 1810 1941 καθορῶμαι·
1833 1873 1913 1924 ὅτι

327 1958 605 2021 δεσπόζων
637 1957 735 2008 τοῦ
779 1959 1003 2022 παντὸς,
1055 1959 1428 2028 πτωχεύοντος
1469 1960 1535 2012 δι’
1566 1963 1712 2030 ἡμᾶς
1760 1979 1915 2031 περι-

331 2049 602 2117 ϐέϐλημαι
654 2049 979 2118 πρόσωπον·
1022 2051 1106 2103 ὅτι
1158 2051 1356 2103 πεινῶν
1408 2052 1617 2121 ὁρατῶς
1640 2095 1653 2119 ν
1696 2054 1913 2124 Χορητῶ

334 2144 444 2203 τοῖς
477 2141 700 2193 πεινῶσι
731 2141 989 2212 τροφήνῖ.

937 2280 1193 2335 ΚΕΦΑΛ.
1236 2282 1309 2336 Γ’.

413 2417 539 2480 Πῶς
561 2413 664 2481 οὖν,
693 2416 839 2481 εἰπὲ,
869 2415 931 2468 τὸ
962 2417 1062 2485 τῆς
1091 2415 1372 2478 ἀσθενείας
1394 2415 1565 2484 ὄνομα
1589 2415 1794 2478 δεδιὼς,
1819 2416 1912 2468 καὶ

329 2508 682 2578 ἀποκομίζων
711 2507 904 2571 αὑτοῦ,
937 2507 1042 2560 κᾶν
1069 2510 1096 2561 6
1121 2508 1222 2576 τῆς
1258 2509 1572 2576 οἰκονομίας
1605 2508 1678 2577 μὴ
1717 2507 1905 2576 βούλη-

323 2618 417 2654 ται
455 2601 633 2669 λόγος,
675 2602 840 2654 αὑτὸν
887 2601 1024 2669 ἔφης
1073 2603 1262 2670 πεινῇν
1314 2601 1411 2670 μὲν
1468 2599 1699 2668 ὁρατῶς,
1745 2600 1912 2669 ἦγουν

319 2693 712 2767 ἀνθρωπίνως,
759 2692 1019 2761 χορηγεῖν
1063 2689 1118 2741 δὲ
1152 2689 1349 2750 θεῖκῶς
1386 2690 1496 2750 τοῖς
1530 2687 1752 2739 πεινῶσι
1786 2704 1910 2757 τροο

319 2786 458 2855 φήν;
515 2780 646 2854 *Δρ*
699 2783 801 2834 οὑκ
851 2780 1136 2842 ἀσθενείας
1172 2779 1369 2850 τρόπον
1415 2775 1555 2830 εἶναι
1593 2779 1697 2847 φὴς
1729 2777 1814 2839 τὸ,
1853 2779 1912 2830 ὲν

317 2875 498 2946 ἐνδείᾳ
532 2873 796 2943 γενέσθαι
819 2875 1050 2942 τροφῆς,
1087 2873 1178 2923 καὶ
1221 2872 1474 2940 πεινῆσαι
1504 2869 1757 2936 λέγεσθαι
1789 2869 1910 2922 καθ’

313 2971 498 3038 ήμᾶςς
549 2967 716 3019 Ἀλλά
751 2968 865 3027 τοῖς
920 2963 1160 3016 ἐθέλουσι
1212 2962 1522 3032 φιλοψογεῖν
1569 2960 1910 3025 ἀντιτάξεται

314 3061 556 3128 γενικῶς
594 3057 708 3129 [Ion
734 3056 1021 3128 γεννικῶς]
1055 3057 1154 3124 τῆς
1188 3055 1541 3124 οἰκονομίαςὸ
1565 3054 1782 3122 τρόπος.
1821 3053 1912 3104 Δεῖ

2017 1867 2165 1921 indui
2198 1884 2214 1919 :
2251 1869 2418 1936 quod,
2447 1884 2569 1924 cum
2607 1871 2707 1925 sim
2727 1870 2868 1924 Deus
2894 1869 3149 1936 Verbum,
3181 1875 3235 1927 in
3269 1890 3431 1930 carne
3465 1892 3598 1932 con-

2014 1957 2253 2024 spicior:
2284 1959 2450 2027 quod,
2483 1973 2603 2012 cum
2637 1961 3009 2018 universitatis
3031 1962 3130 2015 sim
3165 1961 3447 2026 Dominus.
3469 1981 3595 2035 per-

2013 2062 2199 2102 sonam
2227 2049 2476 2116 pauperis
2493 2059 2711 2118 propter
2743 2065 2840 2104 vos
2881 2051 3071 2105 indui:
3107 2054 3272 2121 quod,
3327 2071 3446 2107 cum
3471 2072 3596 2110 esu-

2015 2140 2149 2193 riam
2197 2139 2504 2206 visibiliter,
2546 2142 2913 2196 esurientibus
2953 2142 3135 2197 cibum
3188 2145 3592 2218 subministro.]

2649 2276 2800 2331 CAP.
2861 2278 2941 2331 ΙΙΙ.

2083 2410 2364 2477 Quomodo
2399 2412 2575 2481 igitur,
2617 2429 2824 2482 quasso,
2858 2430 2978 2469 cum
3017 2417 3351 2472 inﬁrmitatis
3390 2435 3587 2475 nomen

2013 2511 2244 2569 metuas,
2277 2512 2333 2557 et
2387 2504 2455 2559 ab
2490 2519 2555 2559 eo
2610 2504 2861 2569 auferas,
2911 2508 3122 2563 etiamsi
3177 2510 3595 2578 dispensationis

2013 2593 2151 2648 ratio
2180 2603 2464 2662 repugnet,
2491 2595 2663 2664 ipsum
2696 2596 2832 2650 dicis
2877 2599 3086 2653 esurire
3142 2601 3428 2655 visibiliter
3497 2619 3592 2658 seu

2012 2685 2344 2750 humanitus,
2396 2686 2812 2743 subministrare
2866 2699 3046 2745 tamen
3102 2692 3363 2749 divinitus
3411 2695 3592 2751 cibum

2011 2775 2412 2831 esurientibus?
2438 2779 2518 2832 An
2548 2793 2678 2834 vero
2706 2781 3037 2836 inﬁrmitatis
3069 2798 3238 2853 genus
3264 2800 3385 2841 esse
3427 2804 3593 2858 negas

2012 2867 2154 2936 quod
2187 2868 2307 2922 cibo
2336 2868 2588 2938 indiguit,
2645 2872 2866 2938 etquod
2911 2874 3122 2928 esurire
3163 2875 3360 2930 dicitur
3406 2889 3594 2934 nostro

2013 2958 2200 3012 more?
2228 2959 2334 3012 Sed
2362 2961 2672 3029 vituperare
2710 2963 3016 3018 volentibus
3040 2965 3150 3034 ipse
3172 2967 3592 3034 dispensationis

2012 3049 2203 3102 modus
2225 3048 2437 3104 fortiter
2466 3051 2709 3106 obsistet.
2743 3052 3001 3121 Cogitnur
3029 3069 3157 3124 ergo
3207 3057 3290 3111 vel
3345 3059 3389 3111 si
3441 3060 3592 3114 illum

315 3155 497 3206 τοίνυν
532 3154 708 3221 ἡμᾶς,
746 3152 779 3221 ἢ
830 3150 1048 3202 πάντων
1096 3148 1257 3200 αὑτὸν
1289 3147 1396 3199 τῶν
1450 3145 1802 3214 ἀνθρωπίνως
1846 3159 1937 3195 τεί

2014 3141 2078 3194 ab
2094 3141 2342 3196 omnibus
2371 3157 2489 3210 quae
2519 3157 2584 3197 ex
2621 3143 2855 3198 humana
2889 3145 3202 3201 conditione
3229 3156 3285 3202 et
3307 3149 3594 3206 humiliter

316 3245 408 3296 καὶ
455 3241 900 3313 σμικροπρεπῶς
954 3239 1259 3310 εἰρημένων
1302 3237 1770 3305 ἁποκομίζοντας,
1815 3236 1908 3287 ἀν·-

316 3335 526 3406 θρὼπῳ
578 3333 723 3404 ψιλῷ
779 3331 1116 3402 περιτιθέναι
1166 3329 1235 3383 τὰ
1291 3329 1468 3382 τοιάδε
1520 3327 1630 3380 τῶν
1687 3325 1904 3378 παθῶν·

315 3431 485 3496 ᾕγουν
514 3423 930 3493 ὲννενοηκότας,
967 3424 1050 3475 ὅτι
1077 3421 1207 3484 Θεὸς
1237 3419 1332 3480 ὣν,
1365 3420 1556 3489 γέγονε
1586 3417 1706 3471 καθ’
1738 3418 1906 3486 ἡμᾶς,

315 3517 508 3588 ἀπαθῆ
545 3518 649 3587 μὲν
694 3517 960 3586 ὑπάρχειν
1000 3513 1162 3568 αὑτὸν
1190 3513 1496 3583 ὁμολογεῖν,
1529 3510 1673 3564 κατά
1717 3525 1779 3577 γε
1813 3508 1909 3578 τὴν

314 3612 415 3681 τῆς
450 3610 717 3680 θεότητος
749 3606 946 3677 φύσινο
989 3605 1182 3659 παθεῖν
1225 3605 1282 3658 δὲ
1322 3603 1458 3674 πρὸς
1503 3602 1677 3673 τούτῳ
1705 3601 1904 3668 λέγειν,

315 3703 415 3772 τὴν
455 3701 604 3772 ὑπὲρ
635 3699 796 3770 ἡμῶν
825 3697 1134 3762 ἀσθένειαν,
1165 3697 1307 3749 κατὰ
1336 3695 1398 3748 τὸ
1427 3694 1787 3764 ἀνθρώπινον,
1813 3698 1907 3748 καὶ

314 3793 463 3846 κατά
514 3809 582 3861 γε
636 3791 735 3861 τὴν
773 3790 953 3861 σάρκα
989 3788 1161 3859 τρημί.
1218 3787 1372 3839 Ἐπεὶ
1413 3786 1618 3856 φράσον
1661 3787 1909 3856 ἐρομένῳ

317 3885 504 3948 πάλιν,
535 3880 928 3952 ὲσταυρῶσθαί
965 3896 1129 3950 φησιν
1173 3879 1334 3931 αὑτὸν
1365 3878 1422 3943 ἐξ
1456 3877 1741 3939 ἀσθενείας
1764 3881 1791 3931 ὁ
1821 3877 1909 3930 θε-

321 3975 543 4036 σπέσιος
579 3972 796 4034 Παῦλος
817 3986 830 3999 ⁸
864 3970 1135 4040 ἀποφέρει
1163 3969 1219 4022 δὲ
1246 3968 1406 4031 αὐτὸς
1436 3967 1530 4020 τοῦ
1572 3967 1706 4020 Θεοῦ
1733 3968 1907 4035 Λόγου

335 4066 390 4115 τι
412 4065 624 4135 χρῆμα.
650 4062 870 4134 μικρὸν,
895 4057 1052 4132 οἶμαί
1088 4078 1214 4124 που,
1243 4060 1336 4114 καί¹
1364 4059 1620 4122 δυσκλεὲς
1651 4055 1788 4112 εἷναι
1819 4060 1907 4112 λέ-

331 4172 456 4219 γων,
482 4158 578 4208 καὶ
612 4155 718 4207 οὑκ
744 4153 892 4217 ἄξιον
931 4151 1096 4205 αὑτοῦ
1121 4168 1134 4181 °
1181 4151 1368 4221 ἓτερος
1402 4146 1494 4203 οῦν
1531 4151 1656 4220 παρ’
1691 4150 1853 4202 αὑτὸν
1882 4151 1910 4201 6

326 4247 764 4316 ἐσταυρωμένος,
795 4244 852 4295 ὃν
883 4243 978 4295 καὶ
1005 4243 1101 4311 τῆς
1138 4241 1296 4310 δόξης
1321 4240 1524 4309 Κύριον
1551 4241 1578 4292 ό
1611 4240 1749 4302 θεῖος
1778 4241 1908 4309 ἡμῖν

321 4337 688 4408 μυσταγωγὸς
740 4333 1042 4396 ἀποκαλεῖ,
1087 4333 1297 4401 λέγων·
1330 4351 1347 4383 ι
1393 4331 1454 4384 Εἰ
1494 4331 1602 4402 γάρ
1640 4331 1905 4400 ἔγνωσαν,

315 4430 415 4481 οὑκ
449 4429 514 4480 ἂν
541 4426 638 4479 τὸν
666 4425 873 4495 Κύριον
898 4423 998 4493 τῆς
1028 4423 1186 4490 δόξης
1214 4421 1589 4492 ἐσταύρωσαν.
1616 4441 1634 4472 ι
1659 4419 1727 4473 τΔ
1740 4424 1786 4491 ρ’
1815 4417 1908 4474 οῦν

315 4521 608 4592 μεμένηκε
649 4517 750 4586 τῆς
784 4515 941 4585 δόξης
983 4514 1189 4584 Κύριος
1224 4515 1252 4566 6
1282 4511 1550 4583 ἠθετικὼς
1600 4512 1710 4584 [ἴον.
1746 4513 1908 4583 ἡσθε-

310 4611 548 4684 νηκὼς].
584 4611 680 4663 καί
709 4610 770 4661 τὸ
793 4605 1050 4670 δυσκλεὲς
1071 4607 1135 4675 δὴ
1164 4606 1343 4670 τοῦτο,
1371 4605 1466 4658 καὶ
1497 4605 1908 4676 σμικροπρεπὲς

313 4704 627 4774 ὑπομείνας
658 4699 874 4765 πάθος;
917 4699 994 4751 Εἰ,
1034 4697 1132 4767 μὲν
1166 4693 1258 4751 οὖν
1292 4697 1618 4766 μεμένηκεν,
1651 4696 1906 4765 οὐδεμίαν

313 4796 426 4865 ἔχει
455 4792 555 4845 τοῦ
584 4787 932 4843 ἀσθενείσθαι
959 4784 1184 4856 ζημίαν.
1218 4784 1339 4847 Πῶς
1369 4780 1461 4837 οὖν
1493 4783 1670 4845 δέδιας
1696 4785 1786 4837 τὸν
1811 4783 1906 4836 τοῦ

313 4885 451 4939 Θεοῦ
481 4883 664 4950 Λόγον
690 4883 749 4933 ὲν
775 4879 988 4941 τούτοις
1025 4877 1282 4945 γενέσθαι
1306 4877 1486 4946 λέγειν
1509 4876 1868 4946 οἰκονομικῶς
1889 4893 1904 4941 ;

319 4979 376 5029 Εἰ
409 4977 472 5030 δὲ
505 4971 826 5028 ἀπώλισθεν
852 4969 1070 5040 ἀληθῶς
1094 4967 1186 5022 τοῦ
1217 4968 1482 5039 ὑπάρχειν
1517 4967 1597 5020 έτι
1621 4967 1721 5037 τῆς
1749 4967 1907 5037 δόξης

315 5071 548 5141 Κύριος,
581 5059 690 5118 ὧδέ
727 5080 786 5116 τε
825 5062 969 5132 ἔχειν
997 5061 1155 5114 τοῦτο
1203 5059 1604 5114 διαϐεϐαιοῦταί
1645 5077 1748 5123 τις,
1775 5059 1906 5112 δυσ-

317 5160 540 5221 σεϐείας
582 5158 684 5226 τῆς
729 5155 994 5208 ἀνωτάτω
1040 5153 1134 5206 καὶ
1167 5152 1312 5222 μάλα
1371 5153 1596 5215 εἰκότως
1645 5152 1909 5221 ὑπομενεί

318 5257 410 5324 τὴν
437 5253 695 5325 γραφήν·
729 5248 1017 5317 ιΚάμπτει
1044 5248 1150 5318 γὰρ
1172 5245 1319 5317 αὐτῷ
1341 5247 1448 5299 πᾶν
1463 5244 1612 5313 γόνυ,
1639 5245 1730 5296 καί¹
1757 5243 1906 5296 πᾶσα

320 5349 546 5417 γλῶσσα
601 5343 1078 5413 ἐξομολογήσεται,
1128 5339 1210 5392 ὅτι
1261 5337 1463 5408 Κύριος
1529 5335 1734 5415 Ἰησοῦς
1775 5335 1910 5404 Χρι-

317 5441 445 5503 στὸς
494 5439 577 5501 εἰς
621 5435 784 5501 δόξαν
821 5433 958 5487 Θεοῦ
995 5431 1228 5502 Πατρός.
1267 5449 1286 5481 ›
1339 5427 1749 5499 Κατευρύνεται
1799 5425 1907 5496 γὰρ

317 5531 542 5600 ἀπάσης
592 5531 692 5598 τῆς
744 5528 838 5580 ὑπ’
873 5523 1105 5595 οὐρανὸν
1153 5524 1185 5592 ἡ
1233 5520 1358 5586 δόξα
1406 5519 1666 5591 Χριστοῦ,
1711 5518 1910 5571 παθόν-

315 5642 405 5688 τκ
455 5622 604 5692 ὑπὲρ
652 5619 810 5690 ἡμῶν
846 5617 1045 5687 σαρκὶ,
1106 5613 1249 5666 καθᾶ
1307 5612 1622 5672 πλειστάκις
1678 5611 1909 5679 εἰρήκα-

397 5797 443 5826 ⁶⁷
459 5799 624 5857 Joan.
650 5813 721 5862 v1,
753 5797 942 5851 53-51.
1050 5793 1094 5824 ⁸⁸
1117 5792 1218 5846 Joh
1247 5807 1392 5858 XXVI,
1441 5793 1520 5844 l5.

2010 3234 2152 3287 dicta
2177 3243 2322 3299 sunt,
2345 3237 2586 3290 eximere
2607 3236 2878 3302 volumus,
2899 3239 3042 3292 nudo
3066 3239 3270 3293 homini
3303 3241 3401 3295 has
3458 3258 3586 3312 pas-

2008 3327 2189 3382 siones
2218 3327 2494 3382 tribuere:
2522 3329 2604 3383 vel
2638 3329 2681 3384 si
2708 3330 3014 3398 cogitamus
3067 3330 3242 3392 illum,
3277 3347 3399 3386 cum
3453 3333 3594 3390 Deus

2008 3417 2379 3481 esset,l‘actum
2411 3434 2529 3475 esse
2552 3423 2720 3476 nostri
2753 3421 3008 3486 similem,
3039 3421 3291 3478 conﬁteri
3317 3439 3438 3480 esse
3465 3426 3590 3494 qui-

2010 3510 2130 3564 dem
2161 3511 2515 3578 impatibilem
2539 3525 2604 3566 ex
2625 3521 2816 3566 natura
2847 3513 3170 3579 divinitatis,
3213 3516 3304 3569 sed
3327 3527 3590 3584 praeterea

2010 3601 2193 3657 dicere
2224 3617 2442 3670 passum
2463 3618 2583 3658 esse
2611 3619 2708 3672 pro
2739 3603 2892 3658 nobis
2947 3604 3323 3662 inﬁrmitatem
3371 3623 3435 3662 ex
3492 3609 3592 3662 hu-

2010 3706 2170 3745 mana
2201 3692 2423 3758 natura,
2451 3693 2704 3748 nimirum
2723 3708 2788 3747 ex
2812 3695 3122 3750 conditione
3149 3701 3346 3754 carnis.
3368 3699 3587 3768 Alioqui

2009 3798 2219 3854 expone
2245 3785 2479 3853 roganti,
2505 3785 2549 3839 si
2569 3785 2765 3853 placet.
2825 3783 3158 3840 Crucilixum
3201 3788 3350 3841 illum
3389 3804 3455 3844 ex
3507 3791 3593 3844 in-

2011 3873 2264 3928 ﬁrmitate
2291 3874 2422 3928 dicit
2445 3875 2634 3928 beatus
2662 3873 2863 3929 Paulus
2889 3875 2968 3939 ";
3002 3886 3222 3930 amovet
3257 3886 3439 3929 autem
3475 3878 3592 3947 ipse

2010 3965 2147 4020 hanc
2180 3981 2291 4020 rem
2315 3981 2344 4019 a
2371 3965 2479 4020 Deo
2515 3967 2714 4029 Verbo,
2742 3967 2883 4034 quod
2906 3967 3152 4035 exiguam
3186 3980 3307 4020 esse
3347 3977 3402 4020 et
3426 3968 3587 4022 vilem

2009 4057 2176 4121 dicat,
2207 4067 2344 4112 eteo
2372 4058 2840 4126 indignam.Alius
2871 4074 3001 4128 ergo
3028 4061 3132 4114 erit
3161 4061 3226 4115 ab
3252 4076 3317 4116 eo
3354 4062 3443 4116 ille
3463 4078 3590 4116 cru-

2009 4147 2223 4208 ciﬁxus,
2254 4162 2412 4215 quem
2441 4149 2605 4201 etiam
2633 4148 2819 4218 gloriae
2875 4149 3166 4204 Dominum
3220 4151 3435 4206 divinus
3502 4152 3592 4207 ille

2010 4226 2550 4308 magistenappellat,
2587 4240 2806 4313 dicens:
2844 4259 2862 4293 ι
2902 4240 2956 4296 Si
2985 4243 3130 4296 enim
3180 4245 3588 4313 cognovissent,

2009 4343 2281 4398 nunquam
2315 4329 2602 4384 Dominum
2634 4310 2820 4399 gloriae
2848 4333 3254 4388 cruciﬁxissent
3283 4335 3349 4389 ‘°.
3393 4355 3413 4389 ι
3449 4335 3588 4392 Num

2011 4434 2141 4490 ergo
2159 4421 2358 4474 mansit
2387 4421 2648 4477 Dominus
2669 4423 2853 4490 gloria:
2913 4425 3005 4494 qui
3048 4425 3354 4481 inﬁrmatus
3383 4437 3484 4493 est,
3536 4437 3592 4484 et

2015 4511 2104 4581 qui
2132 4511 2623 4567 adeoiudecentem
2675 4523 2728 4567 et
2755 4515 3011 4569 humilem
3068 4516 3378 4584 passionem
3425 4520 3589 4573 susti-

2015 4603 2174 4657 nuit?
2201 4601 2256 4656 Si
2290 4603 2506 4667 mansit,
2541 4601 2739 4657 uullam
2768 4620 2833 4658 ex
2863 4620 2928 4659 eo
2953 4605 3094 4674 quod
3133 4604 3437 4662 inﬁrmatus
3482 4618 3585 4675 est,

2009 4693 2276 4762 jaCluram
2302 4692 2449 4747 fecit.
2483 4692 2594 4746 Cur
2623 4707 2750 4762 ergo
2781 4694 2975 4748 metuis
3005 4693 3208 4760 dicere,
3232 4694 3324 4750 Dei
3356 4694 3587 4752 Verbum

2014 4785 2080 4838 ad
2111 4785 2224 4838 haec
2254 4783 2646 4852 dispensatoria
2667 4783 2879 4838 ratione
2927 4784 3314 4840 descendisse?
3360 4785 3455 4842 Sin
3501 4804 3588 4842 re-

2014 4890 2142 4929 vera
2176 4875 2410 4944 perdidit
2443 4890 2511 4930 ne
2544 4885 2688 4932 esset
2725 4875 2863 4929 ultra
2887 4888 2980 4929 rex
3023 4875 3228 4944 gloriae,
3259 4886 3314 4931 et
3367 4878 3445 4934 sic
3474 4895 3588 4934 rem

2013 4983 2074 5026 se
2129 4969 2331 5024 habere
2385 4969 2654 5037 quispiam
2714 4968 2945 5032 asserit,
3011 4983 3237 5024 summa
3298 4971 3590 5039 impietatis

2013 5060 2217 5117 crimen
2247 5060 2441 5116 merito
2469 5061 2780 5116 sustinebit.
2822 5077 2840 5112 ι
2873 5059 3137 5115 Flectitur
3169 5061 3313 5114 enim
3341 5061 3442 5130 ipsi
3473 5078 3585 5116 om-

2014 5166 2083 5207 ne
2109 5167 2272 5222 genu,
2304 5159 2360 5206 et
2382 5153 2568 5207 omnis
2593 5153 2773 5220 lingua
2826 5151 3175 5207 conﬁtebitur
3221 5152 3346 5221 quia
3403 5153 3585 5205 Domi-

2019 5259 2123 5298 nus
2155 5241 2313 5298 Jesus
2339 5242 2611 5312 Christus,
2653 5243 2706 5298 in
2745 5243 2970 5313 gloriam
3010 5243 3103 5298 Dei
3128 5241 3303 5296 Patris
3326 5241 3390 5294 “.
3433 5260 3452 5293 ι
3489 5241 3589 5296 Per

2013 5336 2327 5390 universum
2357 5337 2501 5389 enim
2541 5336 2726 5390 orbem
2786 5343 3052 5389 terrarum
3120 5331 3378 5387 dilatatur
3417 5333 3586 5401 gloria

2013 5424 2348 5495 Cbristi,qui
2381 5441 2569 5496 passus
2597 5437 2681 5482 est
2733 5442 2832 5496 pro
2890 5427 3046 5481 nobis
3103 5440 3290 5487 carne,
3349 5434 3405 5479 ut
3447 5440 3588 5494 saepe

2015 5518 2268 5573 diximus.
2293 5519 2427 5572 Cum
2465 5519 2626 5588 igitur
2659 5520 2814 5573 audis
2843 5519 3116 5573 hominem
3161 5517 3364 5587 Spiritu
3398 5527 3588 5569 sancto

2016 5609 2464 5676 plenumdirere:
2505 5630 2523 5661 ‹
2563 5611 2869 5665 Cruciﬁxus
2903 5620 2986 5665 est
3019 5627 3082 5663 ex
3113 5611 3453 5675 inﬁrmitate,
3491 5609 3584 5662 sed

1599 5790 1644 5820 ’θ
1678 5787 1716 5839 ll
1742 5788 1870 5841 Cur.
1905 5803 2025 5852 Mil,
2053 5787 2106 5841 4.
2164 5789 2208 5818 ⁶⁰
2238 5787 2255 5840 l
2289 5787 2415 5843 Cor.
2446 5789 2580 5853 ιι,8.
2659 5790 2700 5820 δε
2739 5787 2966 5858 Philipp.
3014 5806 3074 5855 ιι,
3108 5792 3193 5844 10.
