4080 6428
575 343 680 398 εει

1569 352 1623 402 S.
1668 347 1940 404 CYlllLlJ
1986 350 2454 404 ALEXANDRINI
2498 351 2821 407 ARCHIEP.

3718 369 3814 424 2‘28
3865 425 3868 427 .

575 459 709 511 vivit
730 471 795 510 ex
824 457 1020 512 virtute
1055 458 1182 525 Dei;
1220 479 1237 510 ι
1269 460 1355 529 pie
1376 461 1580 516 dictum
1606 461 2016 532 intellige.Natu
2036 479 2138 532 pas

2267 480 2384 531 μεν.
2440 465 2606 517 Ὅταν
2660 461 2752 518 οὖν
2794 465 3034 536 ἀκούσῃς
3089 466 3181 519 τοῦ
3248 469 3684 543 Πνευματοφόρου
3739 477 3816 531 λέ.

575 563 696 601 Sum
728 550 861 603 dicit
887 552 1218 614 humanitus.
1250 557 1502 621 quamvis
1534 565 1781 608 naturam
1807 556 1960 625 131
1989 559 2157 611 babe-

573 651 653 692 ret
685 657 908 708 prorsus
933 658 960 694 a
985 645 1243 710 patiendo
1277 659 1560 699 remotam.
1596 649 1840 716 Cumque
1865 650 1945 702 sie
1974 664 2033 703 sc
2059 651 2157 704 ba-

571 731 743 795 beret,
771 734 1035 788 inlirmari
1069 752 1286 790 carnem
1308 740 1585 802 sustinuit,
1607 749 1659 790 et
1690 741 2153 795 lmmanitusmori

569 839 691 878 eum
724 827 1102 890 sustinuisset,
1140 831 1401 883 divinitus
1453 833 1806 891 revixit,eum
1829 831 1943 898 ipse
1995 847 2153 886 suum

573 915 899 971 viviﬁeasset
928 921 1205 987 templum,
1232 933 1415 989 utpote
1447 923 1616 976 virtus
1664 921 1858 974 Patris.
1891 923 2050 976 Certe
2072 925 2154 977 in-

568 1007 878 1075 stantejam
918 1019 1160 1079 tempore
1179 1028 1286 1081 quo
1315 1029 1530 1066 crucem
1561 1030 1656 1082 pro
1688 1015 1842 1066 nobis
1876 1025 1991 1068 erat
2023 1018 2152 1069 sub.

573 1099 771 1165 iturus,
804 1103 994 1158 abiens
1034 1107 1233 1167 oravit,
1275 1107 1496 1159 dicens:
1536 1126 1552 1156 ι
1586 1106 1845 1172 Pater,'si
1889 1108 2148 1175 possibile

568 1201 672 1255 est,
703 1201 944 1246 transeat
984 1210 1012 1246 a
1055 1211 1140 1249 nte
1194 1196 1332 1249 calix
1362 1197 1482 1249 iste.
1523 1215 1540 1245 ι
1579 1196 1794 1264 Adjecit
1815 1199 1981 1252 etiam
2022 1200 2151 1252 illud

570 1284 635 1333 ad
671 1283 828 1336 linem
858 1286 1124 1340 oratiunis
1161 1305 1174 1339 :
1223 1306 1241 1338 ι
1284 1287 1672 1341 Verumtamen
1719 1304 1822 1343 non
1858 1290 2002 1345 sicut
2049 1306 2151 1357 ego

569 1371 710 1431 volo.
738 1374 830 1426 sed
863 1375 1002 1428 sicut
1038 1385 1089 1429 tu
1117 1379 1184 1429 δ’.
1218 1394 1237 1428 ι
1277 1376 1540 1442 Quoniam
1566 1394 1696 1432 vero
1724 1380 1914 1444 semel,
1959 1396 2150 1449 quam-

567 1478 646 1515 vis
687 1466 1033 1533 omnipotens
1071 1466 1301 1523 Verbum
1338 1485 1401 1523 ac
1433 1472 1573 1525 Deus
1599 1482 1762 1535 esset,
1795 1484 2036 1527 nostram
2065 1475 2149 1528 in-

568 1554 881 1610 firmitatem
916 1559 1101 1614 subire
1124 1563 1332 1626 statuit,
1365 1562 1491 1616 facti
1534 1578 1756 1617 causam
1784 1572 1841 1617 ut
1875 1565 2144 1630 redderet,

564 1661 778 1701 summo
809 1650 1231 1718 dispensationis
1261 1652 1486 1706 consilio
1516 1654 1591 1706 ait
1624 1671 1636 1706 :
1671 1673 1716 1724 ,ι
1753 1654 1991 1723 Spiritus
2027 1655 2148 1724 qui-

564 1740 686 1793 dem
720 1753 1020 1811 promptus,
1047 1759 1176 1799 caro
1206 1753 1386 1800 autent
1425 1747 1636 1801 infirma
1663 1747 1726 1800 ⁸³.
1770 1767 1788 1800 ι
1849 1747 2143 1804 Considera

564 1833 728 1901 igitur
757 1843 815 1887 ut
839 1836 970 1923 nihil
1007 1837 1118 1906 ipse
1147 1837 1414 1905 deiectus,
1451 1853 1633 1908 neque
1678 1840 1842 1895 etiam
1909 1840 2144 1897 infirmi-
2178 1813 2219 1868 Β

563 1935 728 1980 tatem
757 1929 811 1982 in
844 1944 995 1983 suam
1031 1941 1277 1984 naturam
1303 1932 1623 2000 suscipiens,
1661 1934 1932 1989 concessit
1990 1936 2144 1990 carni

559 2028 658 2082 per
691 2031 816 2069 suas
848 2019 1093 2087 proprias
1123 2019 1266 2089 leges
1299 2034 1561 2090 pergere:
1619 2032 1674 2076 et
1727 2022 1899 2091 ipsius
1938 2038 2001 2078 ea
2059 2039 2146 2080 res

558 2105 778 2175 dicitur,
823 2120 1107 2178 propterea
1135 2111 1276 2179 quod
1315 2113 1592 2182 proprium
1620 2124 1705 2169 est
1748 2115 1867 2185 ejus
1920 2130 2140 2185 corpus.

559 2196 726 2266 Igitur
755 2200 1026 2256 hominem
1057 2204 1274 2272 quidem
1308 2207 1482 2274 ipsmn
1530 2206 1684 2260 nobis
1738 2208 1979 2262 ostendit
2026 2209 2142 2278 ipsa

558 2288 740 2340 carnis
780 2289 1091 2355 inlirmitas,
1140 2293 1232 2345 sed
1269 2293 1434 2346 Deum
1500 2295 1834 2350 inﬁrmitatis
1894 2297 2140 2376 ignarum

558 2379 874 2446 agnovimus
908 2383 958 2433 in
987 2398 1052 2435 eo
1077 2385 1218 2451 quod
1245 2395 1472 2439 mortem
1508 2387 1650 2440 haud
1711 2397 1793 2442 est
1828 2404 2139 2458 perpessus,

557 2480 667 2522 eta.
717 2471 935 2538 proprio
987 2488 1216 2542 corpore
1258 2477 1660 2544 corruptionem
1744 2480 1959 2548 repulit.
2023 2480 2140 2536 Vita

561 2572 794 2626 namque
811 2569 893 2613 est
929 2569 984 2615 et
1011 2563 1184 2617 virtus
1207 2563 1409 2619 Patris.
1446 2565 1578 2620 Nam
1611 2570 1754 2635 quod
1787 2570 1928 2623 illam
1973 2570 2024 2624 in
2057 2571 2141 2626 his

559 2653 722 2703 rclms
757 2652 1131 2708 infirmitatem
1166 2658 1430 2711 iusuetam
1460 2659 1562 2713 sibi
1592 2669 1646 2714 et
1699 2662 2137 2729 involunlariam,

558 2738 752 2794 fecerit
787 2743 1150 2798 voluntariam
1192 2747 1242 2800 itt
1273 2746 1365 2800 Dei
1397 2759 1449 2801 ct
1475 2749 1648 2804 Patris
1670 2751 2030 2820 beoeplacilo,
2078 2763 2139 2806 ut

558 2833 762 2885 salvum
789 2833 990 2890 faceret
1019 2841 1205 2891 orbem
1245 2849 1533 2902 terrarum,
1596 2841 1813 2896 docebit
1853 2843 1966 2914 ipse
2013 2861 2136 2899 cum

557 2924 688 2976 dicit
725 2940 736 2974 :
770 2943 787 2974 ι
826 2925 959 2991 Quia
1001 2927 1251 2982 descendi
1278 2931 1343 2984 de
1375 2933 1535 2996 cwlu,
1574 2950 1679 2987 non
1707 2945 1769 2986 ut
1800 2935 1990 2988 faciam
2040 2952 2137 2990 vo-

556 3011 822 3068 luntatem
880 3031 1081 3082 meam,
1139 3021 1233 3072 sed
1298 3023 1628 3076 voluntatem
1691 3025 1809 3093 ejus
1850 3027 1940 3094 qui
1991 3028 2138 3082 misit

557 3122 641 3160 me
675 3125 689 3162 ε
724 3119 782 3161 ιιι
802 3124 963 3164 omne
986 3114 1126 3179 quod
1149 3114 1340 3168 dedisti
1371 3117 1524 3181 mihi,
1567 3133 1673 3170 non
1705 3120 1924 3188 perdam
1953 3135 2016 3174 es
2045 3139 2129 3186 eo,

554 3199 646 3253 sed
675 3203 990 3257 resuscitem
1020 3204 1151 3257 illud
1203 3206 1254 3259 in
1303 3208 1599 3263 novissimo
1663 3208 1751 3263 die
1797 3210 1862 3266 “.
1905 3230 1922 3262 ι
1967 3213 2130 3283 Atqui

554 3307 792 3361 quonam
825 3296 1008 3359 modo,
1041 3297 1084 3351 si
1117 3299 1335 3367 quidem
1367 3300 1504 3353 bona
1542 3312 1626 3354 est
1658 3299 1838 3357 Patris
1861 3305 2133 3369 voluntas,

555 3381 780 3436 alteram
812 3393 989 3439 tamen
1012 3386 1201 3453 procul
1235 3387 1401 3442 dubio
1424 3390 1618 3444 bonam
1653 3394 1926 3461 propriatn
1947 3408 2005 3448 se
2037 3396 2128 3449 ha-

553 3471 688 3528 bere
709 3476 777 3528 ab
825 3475 915 3528 illa
944 3477 1215 3532 diversam
1242 3479 1574 3535 voluntatem
1602 3483 1735 3537 dicit
1766 3483 1981 3540 Filius?
2001 3486 2135 3540 Nam

555 3563 599 3615 si
632 3565 811 3619 minus
840 3576 922 3620 est
953 3569 1146 3634 bonus,
1192 3571 1468 3638 quomodo
1512 3573 1687 3642 imago
1730 3576 1842 3644 jam
1875 3589 1927 3631 et
1967 3578 2135 3648 ligura

555 3653 970 3721 ejuscreditur?
1000 3660 1268 3726 quomodo
1305 3661 1430 3714 item
1464 3677 1595 3717 vere
1631 3665 1772 3718 dicet
1803 3682 1816 3717 :
1873 3684 1891 3716 ι
1939 3667 2048 3736 Ego
2084 3681 2137 3723 et

559 3744 717 3799 Pater
749 3764 911 3802 unum
939 3751 1230 3805 sumus“?
1261 3771 1278 3803 ι
1309 3762 1362 3806 et
1393 3771 1406 3807 :
1451 3773 1469 3805 ι
1513 3756 1612 3821 Qui
1672 3757 1806 3812 vidit
1851 3773 1965 3824 me,
2002 3760 2138 3813 vidit

551 3847 607 3891 et
634 3837 849 3893 Patrem
886 3841 970 3895 “?
1009 3860 1028 3892 ι
1064 3841 1251 3912 Neque
1276 3846 1417 3899 enim
1447 3849 1730 3916 quisquam
1769 3850 1820 3902 in
1876 3849 2018 3904 haud
2040 3853 2134 3906 bo-

555 3943 624 3979 no
655 3929 830 3983 videat
862 3944 985 3984 eum
1020 3933 1114 4001 qui
1139 3948 1202 3987 es
1233 3945 1425 3989 natura
1457 3939 1525 3990 sit
1553 3938 1746 3992 bonus.
1777 3940 1940 4009 Atqui
1964 3942 2138 3997 bonus

553 4017 722 4073 Filius
742 4035 810 4075 ex
842 4022 984 4078 bono
1018 4035 1241 4079 exortus
1273 4037 1358 4080 est
1381 4025 1562 4091 Patre,
1594 4041 1785 4099 estque
1818 4031 1933 4098 ejus
1955 4033 2136 4102 imago

553 4108 698 4163 nulla
729 4111 785 4163 in
818 4127 876 4166 re
905 4113 973 4166 ab
994 4128 1059 4168 eo
1087 4116 1330 4172 varians.
1355 4117 1599 4182 Quanam
1638 4121 1799 4190 igitur
1857 4123 2136 4179 voluntate

553 4201 736 4255 reliCta
772 4220 932 4272 quant
969 4220 1120 4262 suam
1150 4225 1272 4264 esse
1309 4211 1529 4278 fatetur,
1582 4212 1758 4268 Patris
1789 4215 2124 4272 voluntatem

549 4306 609 4346 se
639 4292 831 4348 fecisse
869 4297 1034 4352 dicit?
1067 4297 1304 4370 Prom-ite
1359 4304 1540 4356 carnis
1596 4315 1771 4359 morte
1807 4305 2134 4361 liberaturus

549 4397 665 4439 erat
692 4403 814 4442 mox
843 4403 940 4444 eos
984 4406 1013 4445 a
1044 4406 1216 4448 morte
1246 4397 1338 4465 qui
1375 4395 1448 4448 illi
1479 4405 1633 4448 erant
1667 4395 1910 4460 obnoxii,
1947 4397 1999 4450 id
2049 4408 2132 4450 est

2261 569 2480 618 γοντος·
2532 574 2549 604 ι
2588 554 2942 625 Ἐσταυρώθη
3000 554 3059 620 ἐξ
3109 556 3436 622 ἀσθενείας,
3477 561 3607 614 ἀλλὰ
3654 563 3715 635 ζῇ
3758 568 3816 621 ἐκ

2258 645 2539 715 δυνάμεως
2582 647 2740 712 Θεοῦ,
2784 667 2802 699 ι
2847 648 3003 712 σύνες
3043 650 3300 713 εὐσεϐῶς.
3348 653 3672 708 Πεπονθέναι
3719 658 3818 728 γὰρ

2259 738 2617 807 ἀνθρωπίνως
2669 741 2832 808 φησὶν
2889 740 3073 803 αὐτὸν,
3106 743 3282 794 καίτοι
3335 743 3431 814 τὴν
3489 745 3643 812 φύσιν
3678 748 3815 817 ἔχον-

2257 845 2325 879 τα
2374 828 2466 881 τοῦ
2517 830 2711 882 παθεῖν
2759 831 3016 884 ἐπέκεινα
3076 833 3376 896 παντελῶς.
3422 837 3596 905 Ἔχων
3630 839 3685 890 δὲ
3735 842 3818 894 οῦ-

2256 931 2384 979 τως,
2417 916 2749 986 ἀσθενούσης
2801 919 3058 988 ἠνέσχετο
3102 922 3199 989 τῆς
3253 924 3473 992 σαρκὸς,
3515 927 3602 977 καὶ
3649 929 3816 982 παθών

2255 1004 2612 1072 ἀνθρωπίνως
2650 1006 2710 1057 τὸ
2738 1007 3052 1070 ἀποθανεῖν,
3086 1009 3287 1062 ἀνεϐίω
3322 1011 3537 1076 θεῖκῶς,
3566 1014 3818 1087 ζωοποιή-

2256 1112 2354 1158 σας
2383 1096 2475 1148 τὸν
2520 1095 2716 1148 ἑαυτοῦ
2749 1097 2874 1148 ναὸν
2904 1098 3087 1162 αὐτὸς,
3118 1099 3194 1162 ὡς
3222 1100 3450 1170 δύναμις
3475 1104 3566 1155 τοῦ
3596 1106 3814 1176 Πατρός.

2256 1185 2364 1237 Καὶ
2394 1185 2524 1252 γοῦν
2571 1187 2922 1255 ἐνεστηκότος
2968 1188 3068 1258 ἤδη
3113 1188 3206 1241 τοῦ
3244 1190 3459 1261 καιροῦ,
3492 1193 3610 1245 καθ’
3636 1195 3691 1246 ὃν
3721 1197 3817 1250 ἔδει

2253 1278 2346 1328 τὸν
2392 1280 2532 1348 ὑπὲρ
2564 1278 2721 1349 ἡμῶν
2771 1282 3062 1349 ὑπομεῖναι
3106 1283 3356 1354 σταυρὸν,
3397 1285 3641 1339 ἀπελθὼν
3668 1305 3818 1358 προσο

2253 1370 2490 1439 ηύξατο,
2539 1371 2710 1438 λέγων
2739 1389 2750 1399 ·
2809 1391 2825 1422 ι
2879 1374 3082 1442 Πάτερ,
3136 1378 3183 1427 εἰ
3231 1376 3474 1443 δυνατὸν,
3523 1379 3816 1448 παρελθέτω

2253 1464 2346 1514 ἀπ’
2375 1464 2507 1532 ἐμοῦ
2538 1464 2600 1515 τὸ
2631 1466 2884 1533 ποτήριον
2912 1468 3090 1522 τοῦτο.
3130 1486 3148 1517 ι
3191 1469 3503 1538 Προσετίθει
3537 1470 3592 1523 δὲ
3622 1471 3815 1535 τούτοις

2250 1553 2341 1605 ἐπὶ
2369 1555 2512 1607 τέλει
2538 1555 2637 1623 τῆς
2674 1558 2983 1627 προσευχῆς
3003 1575 3017 1591 ο
3057 1577 3076 1609 ‹
3118 1559 3264 1629 Πλὴν
3296 1560 3394 1629 οὐχ
3420 1560 3494 1625 ὡς
3538 1562 3645 1630 ἐγὼ
3661 1562 3810 1629 θέλω,

2249 1647 2365 1699 ἀλλ’
2396 1647 2470 1712 ὡς
2516 1649 2601 1702 σύ.
2640 1668 2656 1698 ι
2706 1651 2926 1720 Ἐπειδὴ
2961 1652 3016 1704 δὲ
3052 1651 3219 1719 ἅπαξ,
3242 1653 3420 1707 καίτοι
3453 1656 3723 1726 παναλκὴς
3747 1657 3814 1710 ὣν

2248 1739 2422 1807 Λόγος
2457 1742 2550 1794 καὶ
2596 1741 2752 1805 Θεὸς,
2785 1743 2879 1795 καὶ
2921 1745 2978 1795 ὲν
3007 1745 3073 1814 τῇ
3101 1743 3225 1797 καθ’
3255 1747 3405 1815 ἡμᾶς
3439 1747 3688 1818 ἀσθενείᾳ
3730 1765 3812 1815 γε·

2250 1832 2438 1885 νέσθαι
2463 1832 2797 1903 νενόμισται,
2823 1833 2922 1905 τὴν
2952 1834 3045 1888 τοῦ
3074 1835 3397 1906 πράγματος
3429 1838 3603 1890 αἰτίαν
3643 1839 3812 1893 ἀποδι-

2250 1921 2394 1985 δοὺς,
2425 1923 2896 1992 οἰκονομικώτατά
2930 1942 3099 1994 φησι·
3149 1945 3168 1976 ι
3206 1927 3279 1978 Τὸ
3314 1927 3414 1996 μὲν
3448 1927 3659 1998 πνεῦμα
3688 1931 3807 2000 πρό-

2251 2011 2442 2082 θυμον,
2481 2013 2513 2082 ἡ
2555 2013 2613 2065 δὲ
2667 2013 2802 2083 σὰρξ
2843 2015 3094 2086 ἀσθενής.
3136 2035 3154 2067 ι
3206 2015 3395 2087 Ἀθρει
3437 2017 3500 2088 δὴ
3548 2015 3638 2073 οὗν
3680 2021 3810 2086 ὅπως

2249 2105 2400 2157 οὐδὲν
2434 2106 2699 2173 καθυφεὶς
2745 2107 2929 2171 αὐτὸς,
2963 2107 3084 2160 οὕτε
3136 2108 3244 2178 μὴν
3278 2111 3358 2172 εἰς
3402 2110 3538 2164 ἰδίαν
3583 2112 3733 2180 φύσιν
3758 2113 3810 2165 τὸ

2249 2194 2548 2264 ἀσθενῆσαι
2596 2195 2806 2257 παθὼν,
2854 2196 3247 2268 συγκεχώρηκε
3292 2202 3356 2269 τῇ
3401 2203 3564 2271 σαρκὶ
3609 2204 3696 2254 καὶ
3734 2203 3808 2255 διὰ

2248 2287 2356 2340 τῶν
2380 2288 2598 2341 οἰκείων
2626 2287 2735 2359 [τσ.
2773 2287 2941 2360 ἰδίων]
2985 2289 3119 2341 ἰέναι
3151 2290 3367 2359 νόμων
3419 2293 3512 2346 καὶ
3556 2293 3710 2346 αὑτοῦ
3757 2293 3808 2346 τὸ

2249 2381 2438 2451 χρῆμα
2474 2380 2713 2445 λέγεται,
2743 2379 2912 2432 διάτοι
2941 2380 3001 2433 τὸ
3033 2380 3161 2434 ἴδιον
3194 2377 3332 2434 εἶναι
3358 2385 3419 2436 τὸ
3449 2383 3605 2454 σῶμα
3639 2383 3805 2437 αὐτοῦ.

2248 2470 2457 2524 υύκοῦν
2521 2472 2806 2541 ἄνθρωπον
2860 2472 2959 2541 μὲν
3021 2474 3149 2541 ἡμῖν
3213 2474 3495 2546 ἀπέφηνεν
3543 2475 3697 2528 αὑτὸν
3757 2473 3810 2526 τὸ

2246 2561 2544 2632 ἀσθενῆσαι
2593 2563 2733 2616 κατά
2765 2563 2864 2633 τὴν
2906 2562 3106 2634 σάρκα,
3139 2565 3274 2618 Θεόν
3319 2583 3384 2632 γε
3436 2566 3544 2636 μὴν
3585 2566 3806 2620 ἀσθενεῖν

2245 2654 2344 2706 οὐκ
2388 2654 2564 2706 εἰδότα
2603 2655 2662 2706 τὸ
2700 2654 2774 2723 μὴ
2813 2655 3146 2724 ἀνασχέσθαι
3186 2656 3444 2722 θανάτου,
3498 2659 3591 2711 καὶ
3624 2659 3806 2711 ἀποσο·

2247 2745 2409 2814 δῆσαι
2443 2748 2542 2816 τὴν
2574 2746 2782 2816 φθοράν
2811 2746 2903 2798 τοῦ
2934 2747 3063 2799 ἰδίου
3097 2750 3371 2817 σώματος.
3410 2751 3532 2820 Ζωὴ
3562 2750 3665 2820 γάρ
3704 2751 3804 2801 ἐστι

2247 2837 2338 2888 καὶ
2380 2837 2609 2906 δύναμις
2654 2837 2747 2890 τοῦ
2779 2838 3009 2906 Πατρός.
3039 2838 3161 2892 ’Ότι
3199 2841 3306 2911 γὰρ
3350 2842 3595 2911 ἀσυνήθη
3639 2857 3692 2891 τε
3723 2837 3803 2891 καὶ

2243 2929 2565 2998 ἀνεθέλητον
2604 2926 2770 2982 οὖσαν
2800 2929 2950 2999 αὐτῷ
2976 2931 3074 3000 τὴν
3100 2930 3156 2983 ἐν
3185 2949 3245 2998 γε
3279 2933 3492 2996 τούτοις
3519 2932 3800 2992 ἀσθένειαν,

2243 3021 2545 3090 ἐποιήσατο
2605 3020 2836 3090 θελητὴν
2884 3022 2941 3073 ὲν
2989 3022 3209 3096 εὐδοκία
3263 3022 3360 3075 τοῦ
3412 3023 3547 3077 Θεοῦ
3589 3023 3676 3076 καὶ
3708 3022 3800 3073 Πα-

2241 3112 2390 3180 τρδς,
2420 3113 2504 3165 ἵνα
2539 3114 2688 3184 σώσῃ
2718 3117 2816 3184 τὴν
2851 3117 2942 3168 ὑπ’
2981 3117 3230 3187 οὐρανὸν,
3279 3117 3488 3184 διδάξει
3525 3117 3690 3184 λέγων
3713 3114 3800 3165 αὑ-

2239 3205 2360 3268 τός·
2399 3223 2419 3255 ι
2462 3206 2585 3258 Ὅτι
2637 3207 2990 3278 καταϐέϐηκα
3035 3209 3100 3260 ὲκ
3143 3207 3238 3260 τοῦ
3277 3207 3545 3279 ούρανοῦ,
3593 3206 3684 3274 οὐχ
3726 3205 3802 3255 ἴνα

2240 3296 2378 3349 ποιῶ
2407 3297 2467 3349 τὸ
2499 3297 2709 3367 θέλημα
2741 3299 2802 3352 τὸ
2832 3299 2985 3368 ἐμὸν,
3019 3299 3156 3353 ἀλλά
3198 3300 3258 3352 τὸ
3309 3299 3525 3371 θέλημα
3561 3297 3651 3350 τοῦ
3677 3295 3801 3363 πέμ-

2236 3386 2437 3454 ψαντός
2473 3405 2539 3457 με
2561 3405 2572 3416 ·
2609 3389 2692 3440 ἵνα
2737 3391 2846 3441 πᾶν
2881 3389 2908 3441 ὃ
2937 3389 3174 3452 δέδωκάς
3223 3406 3312 3458 μοι
3365 3389 3441 3460 μὴ
3481 3387 3718 3442 ἀπολέσω
3750 3382 3801 3446 ἐξ

2238 3477 2425 3541 αὑτοῦ,
2454 3478 2590 3531 ἀλλά
2629 3480 2919 3550 ἀναστήσω
2953 3481 3087 3533 αὐτὸ
3122 3482 3178 3532 ὲν
3213 3483 3278 3550 τῇ
3309 3481 3516 3550 ἐσχάτῃ
3555 3477 3744 3548 ἡμέρᾳ.
3779 3491 3794 3523 ³

2239 3567 2430 3620 Καίτοι
2485 3567 2634 3631 πῶς,
2687 3571 2846 3641 εἰπερ
2898 3573 3045 3624 ἐστὶν
3093 3571 3299 3639 ἀγαθὸν
3349 3573 3413 3624 τὸ
3466 3571 3673 3640 θέλημα
3717 3565 3798 3618 τοῦ

2239 3660 2472 3730 Πατρός,
2521 3661 2723 3728 ἀγαθὸν
2766 3663 2822 3715 δὲ
2870 3664 3086 3726 πάντως
3129 3665 3259 3716 ἴδιον
3304 3663 3456 3735 ἔχειν
3495 3664 3588 3715 καὶ
3633 3662 3799 3728 ἕτερον

2237 3750 2390 3820 παρὰ
2423 3749 2581 3802 τοῦτο
2628 3749 2841 3822 θέλημά
2888 3769 3053 3822 ερησιν
3102 3753 3295 3806 ἑαυτὸν
3338 3755 3370 3806 ό
3418 3752 3574 3816 Υίός;
3621 3751 3680 3802 Εἰ
3707 3747 3800 3815 γὰρ

2241 3842 2314 3911 μὴ
2347 3841 2496 3893 ἔστιν
2524 3843 2748 3909 ἀγαθὸς.
2785 3843 2899 3906 πῶς
2928 3843 3090 3896 εἰκὼν
3118 3844 3198 3897 ἔτι
3225 3845 3317 3898 καὶ
3343 3842 3632 3915 χαρακτὴρ
3655 3835 3799 3892 αὑτοῦ

2238 3935 2582 3999 πιστεύεται;
2622 3935 2738 3998 πῶς
2765 3935 2821 3988 δὲ
2855 3936 3142 4006 ἀληθεύσει
3184 3935 3392 4003 λέγων·
3440 3955 3459 3987 ι
3511 3932 3647 4001 Ἐγὼ
3672 3926 3803 3981 καὶὸ

2237 4027 2427 4097 Πατὴρ
2458 4029 2518 4080 ἓν
2546 4029 2745 4098 ὲσμεν;
2784 4046 2800 4076 ι
2833 4028 2960 4080 καίο
2995 4045 3012 4078 t
3061 4027 3118 4080 Ὀ
3147 4026 3414 4095 ἑωρακὼς
3449 4027 3569 4098 ἐμὲ,
3610 4021 3802 4094 ἑώρακε

2234 4121 2328 4173 τὸν
2376 4120 2628 4189 Πατέρα;
2671 4140 2688 4171 ι
2725 4121 2799 4173 Οὐ
2848 4121 2957 4190 γὰρ
2987 4119 3044 4172 ἔν
3085 4136 3148 4186 γε
3194 4117 3269 4187 τῷ
3306 4121 3386 4190 μὴ
3418 4117 3628 4188 ἀγαθῷ,
3681 4129 3800 4166 κατ-

2235 4213 2473 4280 αθρήσαι
2497 4228 2579 4272 τις
2614 4210 2680 4264 ἂν
2722 4210 2812 4262 τὸν
2845 4209 3046 4278 ἀγαθὸν
3095 4208 3238 4262 κατὰ
3268 4212 3451 4278 φύσιν.
3513 4207 3665 4264 Ἀλλά
3705 4202 3798 4273 μὴν

2235 4302 2435 4368 ἀγαθὸς
2467 4305 2494 4354 ό
2520 4302 2666 4365 Υἱὸς,
2703 4301 2762 4365 ἐξ
2806 4301 3014 4370 ἀγαθοῦ
3064 4301 3271 4372 πέφηνε
3304 4301 3402 4355 τοῦ
3452 4299 3680 4370 Πατρὸς,
3715 4292 3795 4345 καὶ

2235 4395 2382 4445 ἐστιν
2426 4392 2588 4445 εἰκὼν
2616 4394 3037 4463 ἀπαράλλακτος
3083 4393 3246 4447 αὐτοῦ
3291 4393 3435 4446 κατὰ
3467 4394 3574 4446 πᾶν
3615 4385 3796 4442 ὁτιοῦν.

550 4493 666 4532 nos.
711 4479 817 4534 Sed
852 4482 954 4536 hoc
979 4483 1154 4552 ipsum
1185 4488 1319 4540 mori
1344 4502 1512 4540 carne
1563 4496 1716 4553 turpe
1745 4496 1885 4549 erat,
1917 4498 1973 4540 et
2001 4489 2127 4552 sibi,

2243 4487 2392 4537 Ποῖον
2443 4480 2536 4538 οὖν
2585 4485 2692 4568 ἀρα
2745 4485 2957 4556 θέλημα
3006 4485 3222 4556 παρεὶς,
3280 4484 3418 4554 ὅπερ
3467 4480 3604 4535 εἷναί
3653 4491 3798 4572 φησιν

548 4568 731 4636 utjatu
763 4573 897 4639 dixi,
923 4575 1192 4630 insuetum
1232 4589 1288 4631 et
1343 4577 1756 4648 refugiendum:
1803 4578 1853 4632 id
1914 4595 2128 4648 quoque

549 4671 729 4715 nostra
763 4680 926 4720 causa
958 4669 1213 4722 sustinuit
1273 4670 1324 4722 in
1367 4670 1702 4738 beneplacito
1736 4669 1932 4724 Patris.
1967 4669 2125 4739 132

548 4751 778 4810 Noverat
808 4757 952 4811 enim
981 4762 1187 4828 optime
1219 4763 1262 4814 si
1293 4771 1515 4831 propter
1551 4761 1732 4816 carnis
1783 4777 1893 4816 sua:
1921 4765 2126 4830 passio-

549 4863 644 4900 nes
679 4850 950 4904 modicum
985 4852 1480 4922 fuissetinglorius,
1511 4867 1573 4907 se
1615 4866 1801 4906 omnes
1830 4853 1894 4905 ad
1921 4863 2120 4908 statum

549 4938 705 5004 longe
732 4945 1162 5008 praistantiorem
1203 4944 1982 4999 transferendoliberaturum.
2008 4965 2026 4996 ι
2065 4946 2122 4999 Si

549 5031 669 5098 quis
697 5033 839 5086 enim
867 5034 918 5087 in
949 5034 1190 5100 Christo,
1227 5051 1361 5088 nova
1390 5045 1636 5089 creatura
1665 5057 1678 5090 :
1712 5043 1890 5090 vetera
1937 5047 2124 5091 trans-

550 5122 748 5190 ierunt,
817 5142 943 5181 ecce
971 5127 1110 5182 facta
1131 5137 1256 5180 sunt
1300 5127 1481 5180 omnia
1535 5142 1693 5194 nova,
1734 5147 1752 5179 ι
1797 5129 1934 5182 sicut
1983 5130 2125 5184 scri-

549 5227 698 5285 ptum
729 5227 812 5272 est
845 5219 911 5271 ⁶⁷.
974 5220 1240 5272 Divinitus
1298 5217 1461 5283 igitur
1498 5220 1770 5287 inSpirata:
1830 5218 2126 5290 Scriptum

549 5311 822 5363 Christum
851 5326 1018 5363 unum
1049 5320 1102 5362 et
1135 5308 1332 5360 Filium
1359 5319 1414 5361 et
1440 5309 1724 5363 Dominum
1762 5311 1960 5365 mundo
1983 5327 2119 5378 pra:-

548 5396 754 5463 dicant,
795 5413 849 5452 et
875 5403 1045 5466 ipsum
1081 5413 1202 5451 esse
1225 5409 1471 5450 asserunt
1509 5399 1656 5452 illum
1711 5402 1893 5469 gloria:
1949 5399 2123 5452 Domi-

553 5508 710 5557 num;
746 5495 1003 5558 illumque
1030 5501 1247 5558 prOptcr
1283 5506 1380 5543 nos
1410 5508 1437 5543 a
1471 5490 1669 5546 Iudicis
1694 5494 1867 5546 illatas
1900 5493 2124 5557 injurias

555 5587 853 5637 voluntarie
881 5584 1222 5646 sustinuisse,
1251 5594 1585 5652 mortemque
1620 5587 1670 5636 ιιι
1723 5577 1870 5654 ligno
1908 5586 2122 5652 dispen-

623 5763 668 5792 ⁸¹
700 5762 889 5814 Matth.
923 5779 1070 5829 XXVI,
1105 5765 1194 5819 59.
1269 5764 1313 5798 ⁸³
1342 5765 1469 5819 ibid.
1493 5765 1581 5817 41.

1691 5766 1733 5795 ⁸⁸
1757 5763 1910 5817 Joau.
1946 5780 2014 5816 Vl.
2046 5764 2230 5816 58-51.

2237 4576 2456 4636 ἑαυτοῦ,
2489 4565 2828 4646 πεπραχέναι
2866 4576 2999 4646 φησί
3031 4576 3092 4628 τὸ
3138 4574 3231 4627 τοῦ
3279 4575 3532 4643 Πατρός;
3585 4565 3796 4638 Ἔμελλε

2233 4669 2312 4738 τῷ
2353 4668 2572 4737 θανάτῳ
2600 4669 2697 4736 τῆς
2747 4669 2879 4731 ἰδίας
2922 4667 3122 4739 σαρκὸς
3169 4667 3541 4720 ἀπαλλάττειν
3585 4661 3795 4714 θανάτου

2231 4764 2356 4824 τοὺς
2385 4760 2475 4811 ὑπ’
2505 4759 2670 4814 αὑτοῦ
2708 4760 3019 4827 γεγονότας,
3049 4759 3326 4811 τουτέστιν
3359 4759 3528 4829 ἡμᾶς.
3578 4752 3707 4806 Ἀλλ’
3737 4743 3797 4816 ἦν

2231 4852 2292 4904 τὸ
2322 4851 2575 4905 τεθνάναι
2610 4852 2775 4920 σαρκὶ
2823 4850 3104 4913 δυσκλεὲς,
3134 4848 3407 4920 ἀσύνηθες
3436 4866 3518 4910 τε,
3549 4847 3623 4908 ὡς
3651 4843 3796 4911 ἔφην.

2233 4946 2325 4997 καὶ
2357 4945 2744 5014 ἀπηχθημένον
2777 4943 2944 5014 αὐτῷ.
2997 4942 3418 5013 ’Υπομεμένηκε
3447 4941 3506 4993 δὲ
3546 4931 3797 4990 καὶτοῦτο

2230 5035 2295 5088 δι’
2327 5036 2472 5105 ἡμᾶς
2507 5037 2563 5086 ἐν
2597 5034 2815 5106 εὐδοκία
2840 5034 2934 5087 τοῦ
2966 5035 3198 5104 Πατρός.
3224 5033 3378 5104 ’ῌδει
3414 5031 3547 5100 γὰρ,
3571 5029 3681 5098 ᾔδει
3715 5021 3798 5074 καὶ

2236 5125 2380 5196 μάλα
2412 5125 2618 5195 σαφῶς,
2657 5125 2743 5178 ὅτι
2780 5125 2890 5178 τῶν
2919 5125 3020 5194 τῆς
3055 5125 3256 5196 σαρκὸς
3285 5124 3452 5176 ἕνεκα
3485 5118 3668 5174 παθῶν
3696 5111 3800 5166 ἀδο-

2232 5219 2403 5289 ξήσας
2435 5218 2633 5289 βραχὺ,
2669 5217 2925 5271 διασώσει
2954 5217 3298 5287 σύμπαντας,
3330 5216 3425 5267 ἐπὶ
3451 5213 3513 5266 τὸ
3545 5201 3798 5304 ἀσυγκρί-

2231 5327 2338 5372 τως
2388 5311 2608 5381 ἄμεινον
2661 5309 2940 5378 μεθιστὰς.
2982 5328 3000 5360 ‹
3046 5309 3110 5360 Εἰ
3155 5325 3240 5370 τις
3291 5307 3401 5376 γὰρ
3461 5307 3518 5356 ὲν
3568 5303 3797 5370 Χριστῷ.

2232 5403 2391 5473 καινὴ
2429 5404 2636 5466 κτίσιςο
2671 5402 2739 5454 τά
2784 5403 2984 5471 ἀρχαῖα
3015 5397 3314 5469 παρῆλθεν,
3356 5397 3463 5448 ἰδοὺ
3511 5395 3692 5462 γέγονε
3736 5385 3800 5437 τὰ

2233 5493 2409 5545 πάντα
2458 5495 2639 5556 καινὰ,
2686 5512 2702 5541 ι
2748 5493 2888 5544 καθά
2920 5491 3247 5559 γέγραπται.
3410 5489 3507 5556 μὲν
3551 5480 3638 5534 οὖν
3686 5477 3798 5529 θεά-

2235 5601 2486 5635 πνευστοι
2519 5585 2748 5651 Γραξςαὶ,
2786 5582 3016 5650 Χριστὸν
3049 5582 3144 5634 ἕνα
3174 5582 3266 5632 καὶ
3298 5579 3425 5630 Υἰὸν
3474 5577 3565 5629 καὶ
3611 5575 3797 5638 Κυριυν

3306 5757 3347 5787 ⁶⁷
3388 5755 3426 5808 ll
3467 5755 3587 5807 Cor.
3630 5766 3675 5808 γ.
3719 5741 3792 5796 l7-

2344 5764 2385 5793 "
2421 5761 2551 5814 Jaztn
2590 5777 2700 5824 xn',
2733 5761 2819 5815 50.
2918 5761 2960 5789 ⁸⁸⁸
2994 5761 3122 5813 ibid.
3152 5761 3202 5812 9.
