4080 6418
339 354 448 416 119
1412 357 1788 414 ADVEREUS
1826 358 2230 414 NESTORIUM
2272 358 2403 413 LIB.
2450 358 2508 412 ν.
3509 362 3616 414 230

336 474 416 547 τῷ
450 474 643 547 κόσμῳ
690 475 1145 549 διακηρὺττουσι,
1177 476 1269 529 καὶ
1300 470 1647 559 αὐτὸνιεῖναί
1683 492 1814 544 φασι
1841 476 1933 530 τὸν

2040 476 2246 529 satorie
2280 474 2589 543 pertulisse,
2619 488 2725 528 non
2748 480 2803 527 ut
2832 473 3107 528 nobiscum
3140 482 3447 530 remaneret
3471 491 3617 530 mor-

332 567 437 636 τῆς
462 565 623 637 δόξης
656 566 867 637 Κύριον
890 583 907 598 ο
933 568 1029 620 καὶ
1062 565 1160 629 τὰς
1193 567 1257 618 ἐκ
1285 565 1394 618 τῶν
1441 565 1710 618 Ἰουδαίων
1738 583 1932 635 παροι-

2040 572 2180 627 Luus,
2201 566 2317 627 sed,
2339 574 2397 616 ttt
2422 578 2613 618 everso
2644 562 2737 617 illo
2764 564 3012 617 omnibus
3038 563 3438 632 inexpugnabili
3466 579 3611 618 more

334 660 457 722 νίας
500 659 741 712 ἐθελοντὶ
769 661 1064 730 ὑπομεῖναι
1104 658 1173 711 δι’
1204 659 1348 728 ἡμᾶς
1371 674 1383 686 ·
1418 656 1710 727 ἀνατλῆναί
1740 674 1798 709 τε
1838 656 1931 710 τὸν

2040 657 2370 724 Lisimperio.
2407 667 2659 711 naturam
2686 657 2922 711 hominis
2943 657 3008 710 ad
3032 657 3493 725 incorruptionem
3526 673 3614 713 re-

337 753 430 805 ἐπὶ
466 749 629 816 ξύλου
665 751 903 805 θάνατον
940 750 1320 821 οἰκονομικῶς,
1355 750 1453 819 οὐχ
1486 750 1572 802 ἵνα
1614 749 1731 818 μεθ’
1772 747 1931 819 ἡμῶν

2040 760 2275 804 vocaret.
2306 747 2450 804 Deus
2484 749 2626 814 enim
2654 758 2772 802 erat
2810 749 2864 801 iit
2887 762 3072 803 carne.
3108 748 3214 801 lste
3237 762 3364 802 vero
3395 763 3609 801 rursum

343 839 613 912 ἀπομείνῃ
652 840 870 912 νεκρὸς,
923 840 1040 894 ἀλλ’
1074 840 1162 893 ἴνα
1203 839 1265 891 τὸ
1298 840 1432 892 πᾶσι
1461 838 1796 908 δυσάντητον
1837 835 1934 891 τοῦ

2040 841 2359 896 occasiones
2384 857 2545 894 unum
2575 841 2630 893 in
2661 841 2766 895 duo
2792 839 3062 893 dividendi
3089 838 3323 906 undique
3369 838 3472 892 sibi
3493 837 3611 892 col-

347 934 575 988 θανάτου
608 931 929 994 καταλύσας
960 931 1184 1001 κράτος,
1221 929 1531 1001 ἀνακομίσῃ
1557 929 1694 1000 πρὸς
1719 927 1933 999 ἀφθαρ-

2040 932 2208 1000 ligere
2243 932 2496 994 moliens.
2528 931 2728 998 frustra
2767 931 2852 985 his
2882 938 3143 1000 repugnat
3164 930 3256 999 qui
3297 929 3426 984 nulli
3456 938 3608 991 sunt,

348 1024 461 1078 σίαν
508 1023 613 1094 τὴν
652 1023 947 1095 ἀνθρώπου
987 1022 1169 1091 φύσιν.
1217 1020 1348 1084 Θεὸς
1391 1020 1501 1090 γὰρ
1531 1015 1600 1091 ἦν
1646 1022 1705 1073 ὲν
1750 1020 1934 1090 σαρκί.

2040 1023 2303 1092 quosdam
2335 1025 2500 1077 etiam
2531 1023 2857 1077 criminatur
2887 1022 3042 1090 quasi
3099 1023 3367 1076 adversus
3412 1025 3613 1076 verita-

342 1115 543 1167 Οὑτοσὶ
580 1114 641 1168 δὲ
681 1114 849 1167 πάλιν
878 1112 1135 1183 ἀφορμὰς
1184 1110 1279 1164 τοῦ
1326 1112 1581 1182 διορίζειν
1610 1113 1690 1174 είς
1723 1110 1815 1164 δύο
1842 1111 1935 1164 τὸν

2040 1123 2147 1168 tem
2172 1114 2429 1179 dixerint,
2462 1123 2517 1167 et
2545 1113 2746 1169 Christi
2782 1113 3024 1182 mysterii
3047 1114 3314 1168 rationem
3343 1113 3615 1166 adultera-

339 1206 434 1258 ἕνα
471 1205 819 1276 πανταχόθεν
847 1203 1029 1274 ἑαυτῷ
1062 1202 1406 1274 συναγείρειν
1443 1202 1758 1272 ἐπιχειρῶν,
1786 1205 1936 1255 ἀντι-

2043 1206 2168 1267 rint.
2203 1204 2387 1274 Itaque
2408 1207 2538 1261 dicit
2569 1220 2583 1256 :
2619 1237 2633 1246 -

337 1297 569 1368 φέρεται
621 1297 724 1366 μὲν
756 1296 880 1366 είκῆ
910 1297 1023 1359 τοῖς
1064 1294 1163 1347 οὑκ
1191 1290 1343 1347 οὖσιν
1375 1293 1532 1358 ὅλως,
1604 1294 1882 1365 ἐπίκλημα
1910 1294 1969 1348 δὲ
2042 1296 2279 1350 ποιεῖταί
2328 1314 2470 1350 τισιν
2514 1298 2589 1361 ὡς
2626 1296 2727 1366 τῆς
2775 1295 3036 1368 ἀληθείας
3086 1298 3461 1370 κατειρηκόσι,
3515 1294 3611 1352 καὶ

334 1387 788 1458 παρασημαίνειν
820 1385 1063 1439 ἐθέλουσι
1100 1384 1194 1438 τοῦ
1231 1386 1532 1455 μυστηρίου
1568 1384 1658 1438 τὸν
1703 1388 1924 1456 τρόπον,
1964 1386 2056 1439 καί
2086 1401 2274 1457 φησιν’
2851 1379 2856 1385 ’
3586 1376 3596 1385 ’

414 1473 659 1546 [Ἡδέως
686 1479 753 1531 ἂν
783 1477 1019 1531 ἐνταῦθα
1046 1476 1155 1530 τῶν
1177 1477 1470 1548 αἱρετικῶν
1498 1476 1800 1547 ἐπυθόμην,
1822 1476 1930 1530 τῶν

2103 1476 2341 1533 Ples-ron.
2377 1476 2659 1549 [Libenter
2686 1478 2789 1533 hoc
2828 1477 2946 1533 loco
2981 1478 3611 1550 basreticosinterrogem

332 1591 435 1645 την
459 1573 565 1643 τῆς
613 1571 886 1639 θεότητος,
924 1570 1020 1622 καὶ
1047 1571 1146 1638 τῆς
1188 1567 1606 1639 ἀνθρωπότητος
1635 1567 1816 1635 φύσιν,
1852 1570 1932 1631 είς

2040 1567 2124 1635 [ιυί
2161 1567 2461 1621 divinitatis
2501 1567 2968 1638 humanitatisque
3000 1580 3251 1624 naturam
3321 1571 3373 1624 in
3446 1587 3612 1626 unam

340 1664 470 1735 μίαν
521 1659 985 1731 κατακιρνώντων
1018 1659 1230 1725 οὐσίαν,
1289 1659 1374 1722 τίς
1424 1660 1573 1712 ἐστιν
1625 1658 1858 1712 ἐνταῦθα
1903 1659 1933 1710 6

2040 1659 2387 1714 commiscent
2407 1659 2723 1721 essentiam,
2751 1660 3000 1728 quisnam
3029 1660 3101 1714 sit
3128 1660 3221 1729 qui
3257 1676 3401 1714 nunc
3428 1677 3456 1713 a
3483 1677 3613 1732 pro-

340 1754 494 1827 παρά
544 1753 644 1807 τοῦ
691 1752 957 1826 προδότου
976 1754 1092 1829 τοῖς
1152 1751 1430 1814 Ἰουδαίοις
1470 1750 1929 1822 παραδιδόμενος·

2040 1747 2210 1802 ditore
2245 1746 2446 1802 Judteis
2488 1748 2739 1802 traditur.
2776 1747 2837 1802 Si
2868 1748 3016 1801 enim
3048 1748 3330 1803 amborum
3357 1758 3439 1804 est
3473 1749 3614 1803 facta

341 1847 388 1900 εἰ
407 1846 525 1917 γάρ
549 1845 756 1916 κρᾶσις
783 1843 1110 1915 ἀμφοτέρων
1130 1841 1446 1912 γεγένηται,
1473 1842 1757 1912 ἀμφότερα
1782 1839 1932 1910 παρὰ

2040 1837 2359 1902 commistio,
2393 1838 2555 1894 ambo
2578 1838 2793 1893 simula
2840 1836 3044 1893 ludatis
3069 1841 3284 1893 detenta
3339 1849 3487 1906 sunt,
3560 1850 3617 1895 et

340 1936 450 1990 τῶν
503 1934 781 1989 Ἰουδαίων
809 1932 1242 2002 συγκατεσχέθη,
1270 1931 1367 1986 καὶ¹
1402 1934 1431 1985 6
1457 1931 1588 1995 Θεὸς
1621 1931 1814 2000 Λόγος,
1841 1932 1934 1985 καὶ

2040 1930 2177 1987 Deus
2204 1929 2462 1995 Verbum,
2483 1939 2539 1985 et
2570 1931 2926 1986 humanitatis
2955 1940 3168 1985 natura.
3196 1929 3331 1997 Quis
3365 1947 3497 1988 vero
3529 1941 3616 2015 est

343 2031 378 2099 η
407 2029 513 2098 τῆς
551 2024 977 2096 ἀνθρωπότητος
1018 2026 1204 2093 φύσις.
1243 2024 1339 2086 Τίς
1375 2024 1432 2077 δέ
1463 2025 1612 2077 ἐστιν
1650 2026 1678 2077 6
1708 2025 1802 2077 καὶ
1832 2024 1933 2093 τὴν

2040 2022 2234 2077 eadem
2265 2022 2499 2091 passus?
2521 2020 2700 2093 Cogor
2766 2021 3150 2079 humilioribus
3186 2022 3372 2077 verbis
3398 2023 3499 2087 uti,
3556 2030 3617 2077 ut

350 2118 563 2188 σφαγὴν
586 2115 924 2186 ὑπομείνας;
979 2115 1386 2184 Ἀναγκάζομαι
1412 2114 1721 2185 χρήσασθαι
1748 2132 1933 2169 κατω-

355 2192 534 2279 τὲροις
556 2206 754 2275 λόγοις,
789 2205 867 2268 ὡς
901 2206 1038 2258 πᾶσι
1068 2204 1319 2273 γενέσθαι
1347 2204 1409 2258 τὸ
1435 2205 1727 2275 λεγόμενον
1754 2205 1930 2276 δῆλον.

362 2300 502 2370 Περὶ
528 2298 637 2351 τίνα
675 2297 748 2351 τὰ
791 2297 893 2367 τῆς
920 2296 1193 2367 πράξεως,
1240 2298 1362 2352 εἰπέ
1409 2315 1520 2368 μοι,
1555 2298 1931 2369 συμϐέϐηκεν;

361 2390 426 2444 El
456 2390 555 2459 μὲν
589 2388 692 2458 γὰρ
742 2388 874 2458 περὶ
899 2387 998 2458 τὴν
1028 2388 1129 2457 τῆς
1161 2388 1414 2461 θεότητος
1458 2391 1641 2459 φύσιν,
1670 2390 1786 2453 πῶς
1825 2391 1932 2462 ἀμ-

352 2478 553 2548 φότερα
597 2476 900 2546 συγκιρνᾷν
950 2476 1319 2548 κατατολμᾷς.
1363 2478 1472 2531 Καὶ
1514 2476 1625 2551 [τον.
1658 2477 1731 2550 εἰ]
1766 2477 1936 2549 μεμέ-

344 2584 515 2638 νηκεν
546 2567 576 2618 6
610 2566 750 2630 Θεὸς
784 2568 1159 2637 ἀκατάσχετος
1199 2570 1312 2631 τοῖς
1370 2568 1664 2634 Ἰουδαίοις,
1713 2571 1808 2623 καὶ
1836 2571 1935 2639 τῆς

339 2658 566 2729 σφαγῆς
597 2658 663 2710 οὐ
712 2657 1081 2729 κεκοινώνηκε
1115 2660 1180 2729 τῇ
1225 2659 1408 2730 σαρκὶ,
1449 2658 1631 2725 πόθεν,
1680 2660 1798 2714 είπέ
1822 2678 1939 2731 μοι,

336 2749 711 2819 παρεισάγεις
743 2749 845 2822 τὴν
884 2751 1084 2821 κρᾶσιν
1106 2748 1146 2819 ς]

967 2920 1218 2974 ΚΕΦΑΛ.
1260 2924 1335 2975 Δ’.

410 3010 476 3064 Εἰ
507 3011 610 3081 μὲν
642 3004 736 3063 οὖν
763 3009 906 3073 τινές
936 3011 1074 3062 εἰσιν
1090 3011 1138 3062 οἰ
1168 3011 1266 3079 τὴν
1301 3011 1409 3064 τῶν
1430 3012 1645 3081 φύσεων
1664 3014 1744 3078 είς
1771 3015 1939 3088 ἀλλή-

2033 2113 2284 2168 omnibus
2311 2113 2453 2182 quod
2511 2113 2741 2167 dicimus
2766 2113 3111 2182 perspicuum
3144 2111 3257 2167 ﬁat.
3306 2112 3363 2167 ln
3424 2129 3611 2183 quem,

2033 2220 2165 2274 rogo
2185 2214 2258 2270 te,
2292 2204 2462 2274 ipsius
2491 2212 2657 2274 gestae
2688 2203 2772 2257 rei
2813 2202 3014 2256 cecidit
3045 2203 3223 2258 actio?
3275 2201 3331 2257 Si
3364 2204 3416 2257 in
3444 2204 3613 2274 ipsam

2036 2295 2330 2351 divinitatis
2387 2305 2657 2355 naturam,
2713 2295 2983 2364 quomodo
3031 2303 3327 2364 utrumque
3382 2295 3614 2350 commi-

2035 2401 2187 2443 scere
2216 2387 2418 2443 audes?
2446 2388 2503 2442 Si
2543 2386 2902 2441 mansitDeus
2935 2387 3005 2440 ita
3037 2395 3152 2441 uta
3205 2384 3406 2441 Iudaeis
3442 2387 3613 2442 teneri

2034 2494 2143 2533 non
2173 2488 2380 2548 posset,
2407 2487 2464 2533 et
2495 2478 2549 2532 in
2573 2478 2737 2534 caedis
2777 2478 3128 2548 perpessione
3178 2478 3376 2538 nullam
3428 2478 3618 2533 habuit

2034 2587 2156 2628 cum
2181 2588 2347 2628 carne
2361 2573 2697 2635 societatem,
2719 2569 3615 2642 undenam,rogo,commistionem

2037 2664 2248 2720 inducis
2264 2662 2307 2735 ἲ]

2696 2884 2847 2940 CAP.
2884 2884 2976 2943 IV.

2112 3017 2168 3073 Si
2205 3019 2298 3088 qui
2341 3028 2466 3073 sunt
2497 3018 2587 3087 qui
2619 3027 2935 3072 naturarum
2972 3016 3173 3072 factum
3212 3017 3350 3072 inter
3383 3033 3444 3072 se
3482 3033 3616 3075 con-

340 3119 440 3167 Αας
468 3104 742 3174 ἀνάχυσιν
763 3101 1094 3171 γεγενῆσθαι
1125 3103 1397 3172 λέγοντες,
1423 3106 1518 3159 καὶ
1536 3106 1626 3159 τὸν
1649 3108 1938 3177 ἀνέφικτον

2043 3108 2315 3165 fusionem
2354 3111 2558 3173 dicant,
2593 3108 2864 3177 Verbique
2915 3120 3166 3163 naturam
3218 3110 3615 3179 impossibilem

340 3196 645 3265 ὑπομεῖναι
696 3193 933 3264 φυρμὸν,
977 3193 1072 3247 καὶ
1111 3193 1210 3264 τὴν
1244 3196 1326 3258 είς
1359 3195 1539 3265 σάρκα
1572 3197 1780 3267 τροπὴν
1827 3216 1933 3253 πα-

340 3287 461 3342 θεῖν
495 3285 764 3341 δύνασθαι
814 3284 1203 3356 διατεινόμενοι
1252 3286 1353 3357 τὴν
1392 3287 1488 3340 τοῦ
1536 3288 1711 3356 Λόγου
1747 3290 1932 3358 φύσιν,

338 3379 517 3451 ἤγουν
544 3380 630 3441 είς
659 3377 893 3448 θεότητα
927 3376 1316 3448 μεταχωρῖψαί
1355 3395 1488 3431 ποτε
1518 3378 1617 3449 τὴν
1649 3380 1937 3434 ένωθείσαν

339 3468 498 3539 αὐτῷ
551 3467 757 3539 σάρκα,
807 3469 1214 3540 διημαρτήκασι
1260 3468 1550 3539 τάληθοῦς,
1592 3471 1688 3524 καὶ
1742 3471 1938 3542 φρενὸς

338 3557 453 3623 ἔξω
494 3558 786 3627 γεγονότες
816 3557 1005 3628 ὀρθῆς,
1045 3557 1246 3627 μᾶλλον
1284 3557 1340 3610 δὲ
1372 3557 1471 3629 τὴν
1512 3559 1739 3613 ἁπασῶν
1771 3560 1936 3629 ἐσχά-

335 3665 445 3719 την
471 3646 763 3709 νοσοῦντες
792 3648 1214 3718 ὲμὸροντησίαν,
1239 3646 1562 3701 ἀκούσονται
1583 3647 1719 3718 πρὸς
1745 3649 1899 3719 ἡμῶν
1918 3664 1933 3680 ⁸

346 3758 366 3792 ι
408 3738 700 3794 Πλανᾶσθε
737 3737 813 3809 μὴ
848 3738 1048 3801 ειδότες
1075 3738 1176 3799 τὰς
1203 3738 1444 3808 Γραφάς,
1480 3738 1614 3809 μηδὲ
1638 3738 1736 3810 τὴν
1778 3740 1936 3793 δύνα-

341 3848 443 3902 μιν
466 3829 569 3885 τοῦ
599 3828 760 3883 Θεοῦ.
803 3847 822 3880 ›
865 3828 1224 3901 ’Λκράδαντος
1251 3827 1361 3899 γάρ
1403 3830 1437 3897 ή
1469 3827 1563 3881 τοῦ
1592 3828 1729 3882 Θεοῦ
1761 3830 1935 3897 Λόγου

338 3921 531 3990 φύσις,
572 3921 668 3976 καὶ
711 3918 925 3990 τροπῆς
973 3919 1076 3972 οὐκ
1119 3914 1258 3972 οἶδεν
1311 3918 1668 3988 ἀποσκίασμα
1711 3918 1931 3973 παθεῖν·

346 4011 510 4080 σαρκὶ
537 4008 603 4062 δὲ
630 4009 730 4061 καὶ
759 4007 952 4077 αἵματι
985 4006 1421 4076 κεκοινωνηκὼς,
1457 4007 1552 4060 καὶ
1585 4007 1937 4079 μετεσχηκὼς

354 4104 549 4174 ὸμιιιως
569 4103 712 4174 ἡμῖν
738 4101 848 4154 τῶν
873 4099 1074 4165 αὐτῶν,
1101 4098 1247 4153 καθά
1272 4098 1602 4169 γέγραπται,
1630 4099 1937 4168 μεμένηκεν

352 4195 382 4248 6
399 4194 579 4257 αὑτός.
604 4194 667 4248 Ei
690 4192 750 4246 δὲ
783 4190 1030 4247 ἀπασοῦν
1054 4208 1139 4254 τις
1164 4189 1273 4243 τῶν
1298 4193 1410 4253 τοῖς
1440 4191 1604 4261 ἱεροῖς
1635 4189 1937 4259 ἐντεθραμ-

349 4286 526 4355 μένων
564 4284 904 4355 Γράμμασιν
942 4280 1348 4352 ἀπηχθημένων
1377 4280 1488 4352 lla.
1525 4277 1937 4350 ἀπηχθημένον]

344 4379 588 4431 ποιεῖται
602 4377 686 4442 τὸ,
711 4376 816 4429 κᾶν
845 4373 978 4444 γοῦν
994 4373 1224 4428 ἀκοῦσαι
1254 4374 1435 4440 μόνον,
1468 4372 1560 4425 ἐπὶ
1580 4370 1673 4425 τοῦ
1697 4373 1937 4439 Μονογε-

342 4466 472 4532 νοῦς
498 4440 826 4538 πεπρᾶχθαι
851 4440 952 4537 τὴν
970 4464 1201 4537 τροπὴν,
1230 4464 1370 4518 τίτά
1388 4463 1560 4529 οὕτως
1589 4463 1812 4533 αἰσχρὰ,
1844 4463 1938 4517 καὶ
1968 4440 2014 4495 Ῑ)

342 4561 448 4631 μ.ιᾲ
471 4561 540 4630 τῇ
583 4559 736 4630 παρὰ
756 4558 975 4612 πάντων
1017 4557 1185 4628 ψήφῳ
1220 4555 1663 4624 κατεγνωσμένα,
1686 4556 1778 4610 καὶ
1802 4555 1938 4609 ἀπό-

339 4650 525 4720 ϐλητα
553 4649 861 4714 παντελῶς,
892 4650 970 4713 ὡς
995 4648 1172 4719 ἀληθῆ
1213 4648 1308 4701 καὶ
1336 4648 1600 4719 εἰρημένα
1628 4647 1936 4718 δεχόμενος,

341 4741 520 4811 πειρᾷ
545 4740 860 4810 διατέμνειν
886 4741 979 4794 τὸν
1002 4740 1323 4812 ἀμέριστον,
1358 4739 1449 4792 καὶ
1478 4738 1637 4792 τοῦτο
1677 4739 1816 4809 μετὰ
1841 4738 1939 4809 τὴν

342 4833 585 4898 {me};
617 4833 683 4886 Et
711 4831 818 4902 γὰρ
840 4831 905 4902 δὴ
939 4831 1082 4885 κατά
1110 4831 1370 4901 ἀλήθειαν
1395 4830 1537 4883 ἕλοιο
1570 4829 1759 4901 μαθεῖν
1783 4829 1868 4892 τίς
1915 4830 1944 4883 6

347 4923 503 4993 παρά
542 4922 642 4976 τοῦ
678 4924 941 4994 προδότου
991 4925 1104 4986 τοῖς
1162 4923 1435 4987 Ἰουδαίοις
1492 4923 1941 4993 παραδιδόμενος,

347 5015 444 5066 καὶ
475 5013 581 5081 τὴν
623 5012 839 5083 σφαγὴν
870 5013 1190 5083 ὑπομείνας,
1232 5013 1444 5085 ἀκούσῃ
1491 5014 1711 5081 σαφῶς·
1760 5013 1818 5066 Ὀ
1859 5007 1941 5077 εἷς

346 5104 447 5157 καὶ
481 5103 648 5172 μόνος
680 5103 938 5174 Χριστὸς,
970 5104 1067 5157 καὶ
1095 5103 1243 5165 Υίὸς,
1278 5104 1374 5155 xui.
1416 5102 1640 5174 Κύριος,
1671 5103 1940 5168 τουτέστι,

347 5194 572 5266 μορφὴν
596 5194 788 5247 δούλου
815 5192 997 5247 λαϐὼν
1028 5195 1057 5247 6
1088 5195 1152 5246 ἐκ
1188 5192 1323 5247 Θεοῦ
1356 5193 1549 5261 Λόγος,
1585 5193 1940 5265 ὲνανθρωπή-

346 5303 451 5349 σας
484 5302 548 5340 τε
598 5286 696 5339 καὶ
738 5286 1182 5354 σεσαρκωμένος.
1224 5284 1480 5355 Πέπρατο
1515 5284 1614 5355 μὲν
1644 5283 1753 5354 γὰρ
1791 5284 1943 5354 παρά

344 5374 446 5428 τοῦ
493 5374 762 5447 προδότου
792 5377 905 5438 τοῖς
962 5374 1234 5429 Ἰουδαίων
1279 5372 1648 5443 καθηγηταῖς·
1679 5373 1776 5427 καὶ
1812 5390 1943 5427 κατ-

344 5466 533 5536 είχετο
569 5465 671 5536 μὲν
714 5464 1093 5536 ἀνθρωπίνως,
1145 5466 1227 5517 ὅτι
1253 5466 1346 5518 καὶ
1383 5465 1670 5534 ἄνθρωπος
1700 5461 1768 5535 ἦν
1800 5465 1938 5535 μετά

342 5557 441 5612 τοῦ
471 5561 662 5630 μεῖναι
689 5558 821 5621 Θεός
840 5574 851 5585 ·
888 5557 1091 5627 ἤλεγχε
1117 5556 1172 5608 δὲ
1220 5556 1417 5620 θεῖκῶς
1445 5556 1553 5609 τῶν
1597 5556 1935 5625 κατεχόντων

418 5730 689 5788 “Matth.
734 5746 869 5795 χιιι,
902 5730 995 5795 29,
1074 5730 1118 5762 ”
1147 5728 1263 5783 Jac.
1298 5746 1337 5793 ι,
1372 5730 1455 5783 l7.
1533 5731 1578 5761 νο
1617 5731 1779 5786 Hebr.
1812 5747 1872 5791 tt.
1923 5730 2002 5784 l1.

2038 3199 2362 3256 sustinuisse
2383 3200 2713 3264 mistionem,
2746 3208 2800 3254 et
2840 3201 2893 3253 in
2953 3214 3171 3253 carnem
3221 3201 3486 3254 demutari
3513 3219 3617 3272 po-

2039 3289 2207 3344 tuisse
2223 3289 2573 3355 contendant,
2606 3288 2687 3343 vel
2718 3290 2923 3342 unitam
2953 3288 3027 3342 illi
3062 3304 3280 3343 carnem
3316 3292 3530 3346 tandem
3564 3293 3617 3347 in

2037 3382 2372 3438 divinitatem
2455 3381 2737 3446 transisse,
2803 3381 2838 3434 ii
2893 3382 3152 3436 aberrant
3224 3396 3254 3435 a
3304 3396 3456 3444 vero,
3488 3392 3545 3437 et
3587 3397 3615 3435 τι

2038 3485 2189 3529 recto
2229 3486 2387 3528 sensu
2440 3472 2599 3542 longe
2632 3472 2848 3538 remoti,
2899 3471 3010 3528 imo
3054 3487 3183 3528 vero
3245 3482 3488 3527 extrema
3523 3473 3619 3527 de-

2038 3564 2238 3618 mentia
2288 3564 2619 3629 laborantes,
2676 3563 2902 3617 audiant
2966 3578 2995 3616 a
3040 3562 3244 3617 nobis:
3309 3582 3329 3615 ‹
3369 3562 3607 3632 Erratis,

2038 3654 2341 3708 nescientes
2389 3652 2725 3722 Scripturas,
2800 3666 2973 3721 neque
3023 3652 3278 3707 virtutem
3338 3655 3433 3709 Dei
3471 3653 3539 3709 ⁸⁸.
3594 3674 3614 3707 ι

2037 3739 2360 3796 Inconcussa
2428 3741 2713 3797 estenim
2772 3741 2863 3795 illa
2920 3742 3015 3798 Dei
3083 3740 3248 3799 Verbi
3305 3752 3520 3808 natura,
3564 3757 3621 3799 et

2037 3833 2429 3889 vicissitudinis
2470 3833 2944 3889 obumbrationem
3017 3834 3128 3903 pati
3180 3836 3359 3889 nescit
3407 3834 3493 3887 ”:
3523 3837 3623 3892 sed

2042 3924 2198 3994 133
2247 3938 2367 3978 cum
2425 3923 2574 3977 carni
2627 3930 2682 3977 et
2729 3924 2976 3992 sanguini
3034 3925 3522 3989 commutticasset,
3565 3936 3623 3982 et

2037 4016 2352 4069 eorumtlem
2388 4013 2645 4067 similiter
2671 4028 2736 4067 ac
2767 4028 2866 4067 nos
2895 4015 3166 4083 particeps
3197 4025 3342 4070 esset
3369 4015 3616 4081 eﬂ‘ectus,

2038 4112 2099 4157 ut
2126 4103 2387 4170 scriptum
2426 4113 2508 4156 est
2534 4103 2605 4167 ⁷ο,
2647 4103 2847 4157 mansit
2883 4104 3047 4157 idem.
3097 4103 3250 4170 Quod
3292 4105 3341 4160 si
3389 4107 3619 4177 quisque

2039 4195 2094 4248 in
2123 4193 2296 4246 sacris
2340 4191 2561 4248 Litteris
2599 4192 2858 4248 educatus
2888 4194 3043 4249 nefas
3084 4204 3238 4264 putat
3271 4196 3356 4250 vel
3395 4198 3618 4254 auribus

2041 4292 2248 4337 tantum
2293 4284 2562 4352 accipere,
2612 4284 2666 4338 in
2706 4284 2796 4340 illo
2854 4285 3141 4356 Unigeuito
3199 4286 3364 4342 ullam
3416 4286 3616 4345 factam

2041 4390 2164 4431 esse
2212 4377 2590 4443 mutationem,
2647 4393 2744 4432 cur
2797 4387 2904 4433 tam
2961 4389 3145 4449 turpes
3199 4381 3521 4446 sententias,
3563 4391 3620 4437 et

2043 4467 2204 4522 unico
2241 4467 2310 4520 ah
2349 4468 2605 4523 omnibus
2660 4467 2920 4539 suffragio
2965 4469 3252 4524 damnatas
3293 4480 3343 4524 et
3393 4472 3619 4528 omnino

2044 4556 2301 4626 reiectas,
2337 4567 2592 4628 tauquam
2639 4574 2794 4614 veras
2826 4574 2890 4613 ac
2936 4558 3174 4628 prolatas
3220 4561 3523 4629 accipiens,
3559 4563 3620 4616 il-

2042 4647 2157 4702 lum
2206 4648 2587 4717 impartibilem
2644 4649 2886 4704 dividere
2947 4650 3112 4702 etiam
3168 4658 3293 4718 post
3367 4651 3619 4706 unionem

2045 4738 2305 4793 conaris?
2350 4738 2481 4793 Nam
2525 4740 2569 4793 si
2619 4753 2748 4794 vere
2800 4740 3015 4794 discere
3065 4740 3253 4809 cupias
3286 4742 3538 4810 quisnam
3590 4758 3621 4798 a

2045 4828 2323 4897 proditore
2348 4827 2552 4885 Judasis
2602 4830 2832 4884 traditus
2876 4829 3060 4895 fuerit,
3108 4840 3164 4884 et
3208 4832 3410 4886 eisdem
3456 4834 3623 4889 susti-

2048 4918 2251 4983 nuerit,
2282 4918 2431 4974 clare
2461 4920 2684 4974 audies:
2713 4918 2806 4973 Ille
2832 4934 2971 4974 unus
3002 4931 3053 4975 et
3087 4920 3237 4975 solus
3270 4919 3542 4989 Christus,
3568 4934 3623 4979 et

2044 5008 2236 5074 Filius,
2268 5020 2324 5066 et
2353 5010 2637 5078 Dominus,
2674 5012 2779 5066 hoc
2815 5021 2899 5066 est
2921 5054 2935 5078 ,
2971 5011 3100 5067 illud
3144 5028 3210 5066 ex
3248 5013 3358 5068 Deo
3386 5012 3619 5069 Verbum

2045 5100 2190 5168 quod
2216 5100 2361 5154 servi
2390 5101 2617 5155 formam
2667 5103 2900 5170 accepit,
2937 5111 2994 5156 et
3026 5103 3185 5157 homo
3216 5104 3413 5158 factum
3460 5113 3543 5158 est
3568 5116 3624 5159 et

2049 5190 2412 5246 incarnatum.
2443 5191 2703 5247 Venditus
2729 5205 2812 5259 est
2856 5195 3000 5248 enim
3030 5210 3060 5247 a
3090 5195 3366 5263 proditore
3393 5197 3622 5250 ducibus

2044 5280 2352 5337 Judaeorttm
2384 5292 2438 5336 et
2463 5284 2698 5337 humana
2734 5284 3042 5339 conditione
3069 5286 3353 5339 tenebatur
3377 5286 3618 5354 quidem,

2047 5389 2171 5428 naut
2199 5383 2254 5429 et
2284 5375 2444 5429 homo
2480 5387 2595 5429 erat
2635 5377 2706 5429 ita
2740 5385 2799 5428 ut
2838 5376 2994 5429 simul
3027 5386 3269 5429 maneret
3308 5375 3446 5430 Deus
3480 5395 3493 5430 :
3524 5379 3619 5433 sed

2046 5475 2224 5519 tamen
2254 5480 2319 5520 ex
2369 5467 2548 5519 divina
2592 5467 2906 5520 conditione
2943 5468 3189 5533 coarguit
3230 5482 3417 5519 eorum
3464 5468 3619 5522 inlir-

2045 5556 2285 5610 mitatem
2317 5571 2348 5609 a
2399 5558 2594 5626 quibus
2647 5557 2948 5611 tenebatur.
3000 5556 3167 5625 quue
3215 5557 3369 5613 nobis
3408 5560 3619 5632 perspi-
