4080 6414
470 343 569 400 2η

511 383 524 400 ι

511 383 524 400 ι

1503 339 1560 389 S.
1604 334 1879 390 CYlllUJ
1924 334 2390 390 ALEXANDRINI
2433 334 2752 390 ARCHIEP.

3629 341 3738 398 93!

473 473 633 512 cuum
669 454 796 508 facit
844 455 1034 508 beatus
1063 453 1398 524 evangelista
1430 451 1668 508 Joannes
1698 454 1791 522 qui
1829 455 1880 506 in
1918 455 2060 507 hunc

2165 454 2325 506 αὑτὸν
2373 454 2472 524 τὴν
2522 453 2825 506 ἀσθένειαν.
2885 452 2991 504 Καὶ
3033 451 3192 505 τοῦτο
3243 453 3373 522 ἡμῖν
3421 453 3744 524 καθίστησιν

472 549 690 603 modum
735 546 990 614 scripsit:
1035 565 1054 597 ι
1089 543 1256 600 Judas
1297 561 1427 614 ergo
1456 561 1578 600 cum
1623 544 1923 613 accepisset
1965 557 2054 596 co-

473 642 706 698 hortem.
748 649 801 692 et
854 655 882 690 a
933 638 1282 706 pontificibus
1327 649 1379 692 et
1425 637 1712 692 Phariszeis
1757 636 2056 700 ministros,

474 733 620 786 venit
657 731 784 782 illuc
813 744 938 783 cum
969 729 1194 783 laternis
1244 738 1298 784 et
1345 729 1554 783 facibus
1585 739 1638 782 et
1673 729 1861 782 armis.
1905 727 2061 781 Jesus

472 834 602 888 ergo
647 820 826 872 sciens
857 820 1037 872 omnia
1071 833 1190 887 qua:
1231 830 1456 872 ventura
1489 827 1649 871 erant
1703 832 1865 886 super
1901 831 2057 882 eum,

475 913 740 978 processit
785 919 840 964 et
879 909 1017 962 dixit
1061 912 1180 963 eis:
1225 908 1397 975 Quem
1438 909 1722 977 quaeritis?
1770 908 2061 976 respOnde-

477 1010 604 1051 runt
635 1002 686 1053 ei
721 1015 735 1050 :
769 998 951 1054 Jesum
1001 997 1364 1053 Nazarenam.
1414 997 1557 1051 Dicit
1594 1000 1673 1053 eis
1703 997 1897 1053 Jesus:
1949 998 2061 1068 Ego

477 1107 620 1144 sum.
659 1090 847 1146 Stabat
883 1101 936 1145 et
965 1088 1134 1144 Judas
1166 1089 1256 1157 qui
1292 1091 1539 1144 tradebat
1570 1106 1714 1154 eum,
1756 1105 1876 1144 cum
1903 1089 2057 1160 ipsis.

478 1181 550 1236 Ut
575 1197 703 1250 ergo
742 1182 878 1234 dixit
907 1182 1009 1242 eis,
1045 1181 1154 1248 Ego
1189 1196 1330 1244 sum,
1369 1182 1618 1234 abierunt
1652 1194 1972 1244 retrorsum,
2007 1189 2062 1234 et

477 1273 791 1324 ceciderunt
824 1271 876 1324 in
919 1281 1120 1324 terram
1145 1271 1212 1326 ⁷⁸.
1253 1289 1270 1320 ι
1301 1273 1470 1324 Audis
1504 1281 1562 1324 ut
1600 1271 1854 1325 collectos
1886 1287 1914 1325 a
1945 1285 2064 1340 pro-

478 1360 652 1415 ditore
701 1361 901 1415 milites
936 1363 1202 1416 adversus
1244 1377 1395 1414 suam
1450 1362 1677 1428 gloriam
1725 1363 1907 1416 extolli
1956 1378 2061 1416 non

476 1455 642 1507 sinat.
673 1452 804 1506 Nam
838 1467 895 1506 se
930 1453 1102 1522 ipsum
1133 1451 1347 1515 obtulit,
1379 1454 1564 1506 dicens
1598 1471 1611 1506 :
1652 1471 1669 1503 ι
1715 1453 1823 1522 Ego
1854 1469 2002 1518 sum;
2038 1471 2055 1503 ι

480 1545 556 1597 illi
591 1559 718 1597 vero
752 1545 818 1597 ad
852 1545 1021 1598 solam
1062 1544 1179 1610 ejus
1215 1560 1402 1599 vocem
1447 1546 1634 1598 fractis
1673 1546 1879 1599 viribus
1910 1547 2060 1600 abie-

481 1647 606 1689 runt
649 1648 972 1691 retrorsum.
1015 1635 1129 1690 Non
1178 1635 1345 1690 fuisse
1391 1649 1570 1689 autem
1623 1653 1807 1690 eorum
1857 1637 2062 1692 viribus

478 1725 731 1781 effectum
760 1738 818 1781 ut
847 1743 971 1781 eum
1003 1737 1269 1790 tenerent,
1310 1731 1403 1782 sed
1433 1743 1556 1781 cum
1593 1735 1801 1796 tempus
1835 1736 1889 1780 et
1922 1742 2060 1797 opus

480 1817 583 1871 fuit
611 1828 840 1872 mortem
873 1828 1065 1886 sponte
1097 1833 1193 1886 pro
1236 1819 1395 1873 nobis
1431 1819 1738 1881 admisisse,
1770 1817 2062 1871 conﬁrma-

479 1905 557 1959 vit
595 1906 825 1960 dicens:
887 1923 906 1956 ι
949 1904 1232 1974 Tanquam
1281 1905 1345 1958 ad
1393 1904 1655 1958 latronem
1703 1903 1894 1957 existis
1937 1918 2062 1956 cum

479 1995 670 2065 gladiis
709 2004 764 2049 et
832 1993 1068 2049 fustibus
1115 1995 1574 2064 comprehendere
1625 2007 1756 2047 me:
1825 1992 2064 2061 quotidie

481 2088 534 2140 in
566 2086 763 2156 templo
815 2087 1066 2141 sedebam
1114 2086 1339 2148 docens,
1385 2096 1440 2138 et
1489 2099 1592 2138 non
1652 2101 1738 2136 me
1789 2084 2061 2140 tenuistis.

482 2178 594 2234 Hoc
625 2187 805 2232 autem
842 2187 1012 2232 totum
1056 2177 1254 2230 factum
1299 2187 1382 2231 est
1414 2187 1471 2230 ut
1521 2176 1874 2245 implerentur
1915 2175 2066 2229 Scri-

482 2278 652 2336 pturae
683 2269 1068 2338 prophetarum
1096 2269 1162 2318 ".
1205 2286 1223 2318 ι
1265 2268 1416 2334 Quod
1442 2267 1583 2320 enim
1636 2266 1758 2320 olim
1799 2266 2064 2336 praedixe-

486 2369 570 2412 rat
604 2373 696 2427 per
727 2358 1024 2426 pr0phetas
1056 2367 1273 2411 sanctos
1297 2397 1311 2421 ,
1348 2359 1448 2410 hoc
1485 2356 1722 2424 implevit
1755 2370 1876 2409 eum
1907 2368 1966 2408 se
1999 2353 2064 2407 ad

484 2448 905 2501 exiuanitionem
937 2446 1132 2515 dejecit
1165 2447 1251 2500 ille
1276 2446 1366 2514 qui
1411 2459 1574 2515 supra
1603 2459 1816 2498 omnem
1853 2452 2066 2498 creatu-

487 2555 602 2593 ram
640 2549 780 2599 erat,
817 2548 870 2591 et
904 2538 1091 2590 habitu
1127 2537 1375 2590 inventus
1411 2547 1494 2590 est
1529 2545 1585 2588 ut
1629 2535 1810 2601 homo,
1842 2533 1930 2588 ille
1973 2533 2064 2602 qui

487 2630 541 2683 in
571 2629 742 2681 forma
773 2639 893 2681 erat
921 2638 975 2681 et
1009 2627 1320 2694 {equalitate
1351 2624 1528 2679 Patris
1548 2625 1613 2678 ⁷³.
1645 2623 1757 2678 Cur
1783 2638 1913 2694 ergo
1941 2624 2068 2678 sim-

488 2719 772 2790 pliciorum
809 2716 966 2788 134
1004 2718 1226 2770 auribus
1253 2716 1524 2770 mistionis
1559 2730 1752 2769 nomen
1776 2713 2066 2771 obtrudere

489 2808 738 2871 moliens,
791 2806 1109 2860 miraculum
1169 2805 1339 2860 violas
1399 2805 1542 2859 illius
1582 2821 1702 2858 cum
1739 2820 1901 2859 carne
1947 2805 2059 2859 dis-

491 2898 870 2968 pensationis?
907 2913 1083 2966 neque
1131 2897 1273 2950 enim
1319 2897 1507 2950 attinet
1541 2897 1734 2950 acerbe
1779 2905 1834 2950 et
1878 2911 2068 2966 aspere

489 2992 541 3046 in
595 2991 826 3046 medium
882 2990 1264 3058 irrumpentem
1341 2988 1544 3050 dicere,
1584 2985 1724 3040 Num
1757 2987 1927 3056 ipsum
1975 2988 2065 3042 Dei

492 3083 723 3138 Verbum
763 3082 1039 3136 detentum
1075 3080 1200 3134 est?
1248 3095 1372 3133 num
1419 3079 1618 3133 caedem
1651 3093 1902 3148 perpessa
1949 3079 2064 3148 ipsa

487 3173 786 3228 divinitatis
809 3171 1045 3225 natura?
1080 3171 1366 3223 Enimvero
1416 3184 1518 3222 non
1550 3184 1614 3222 ex
1649 3169 1816 3221 nimia
1852 3169 2066 3237 imperi-

487 3266 560 3319 tia
587 3276 637 3319 te
671 3266 785 3318 haec
819 3263 1024 3328 dicere,
1051 3263 1177 3314 hinc
1203 3261 1400 3325 disces,
1465 3271 1519 3314 et
1542 3261 1759 3329 quidem
1789 3259 2063 3313 facillime.

487 3339 901 3410 ConSummatos
929 3366 1049 3405 esse
1081 3352 1309 3403 dicimus
1342 3361 1557 3404 sanctos
1589 3361 1874 3420 martyres,
1911 3365 2068 3419 para—

492 3459 575 3503 tos
599 3447 778 3501 omnia
822 3447 1001 3514 potius
1051 3444 1278 3513 perpeti,
1311 3455 1367 3498 ut
1407 3446 1606 3498 bonum
1637 3453 1910 3498 certamen
1947 3459 2067 3499 cer-

491 3548 699 3600 tantes,
746 3551 962 3589 cursum
1019 3543 1496 3598 consnmmantes,
1558 3535 1716 3586 tidem
1760 3541 2065 3595 servantes.

489 3631 723 3684 debitam
776 3631 1001 3682 sincera:
1059 3630 1108 3680 in
1159 3627 1438 3680 Christum
1485 3626 1757 3681 dilectioni
1809 3641 2065 3682 coronam

488 3731 951 3788 consequerentur
981 3721 1044 3771 ".
1083 3719 1136 3772 Si
1166 3719 1288 3787 quis
1316 3719 1477 3787 igitur
1513 3719 1736 3788 prodeat
1772 3729 1826 3774 et
1866 3727 2017 3789 roget
2050 3735 2064 3771 :

489 3813 623 3866 Cum
671 3823 981 3865 sanctorum
1042 3824 1267 3878 corpora
1326 3810 1467 3862 ferro
1522 3811 1918 3875 lacerabantur,
1975 3818 2070 3864 aut

487 3902 946 3956 consumebantur
981 3900 1111 3969 igni,
1144 3909 1242 3952 aut
1277 3915 1396 3953 cum
1434 3900 1668 3969 primum
1716 3901 2070 3956 tradebantur

491 3995 862 4057 incarcerem,
908 4009 1033 4045 num
1073 3990 1233 4045 simul
1281 4008 1404 4046 cum
1447 3990 1763 4060 corporibus
1796 3992 2068 4046 constrin-

490 4086 756 4154 gebantur
809 4083 1049 4137 animaz?
1099 4098 1223 4136 num
1273 4085 1436 4136 etiam
1491 4083 1593 4138 illae
1645 4083 1754 4153 igni
1809 4099 1872 4139 ac
1923 4082 2069 4138 ferro

491 4175 960 4230 conﬁciebantur?
1023 4187 1171 4230 certe
1224 4175 1456 4230 dicimus
1502 4190 1597 4230 eas
1655 4191 1684 4228 a
1747 4177 2069 4244 corporibus

489 4268 695 4321 alienas
740 4266 930 4333 fuisse,
981 4281 1104 4320 cum
1153 4268 1286 4321 nihil
1335 4268 1599 4337 ejusmodi
1661 4268 1977 4337 injuriarum
2015 4268 2067 4322 in

488 4376 643 4417 suam
675 4361 1011 4430 susciperent
1057 4360 1484 4415 naturannNum
1519 4360 1701 4428 igitur,
1731 4374 1937 4428 quieso,
1969 4361 2070 4414 hac

2158 545 2386 615 ἐναργὲς
2435 547 2463 597 6
2511 544 2798 606 Θεσπέσιος
2865 543 3257 612 εύαγγελιστὴς
3326 545 3597 613 Ἰωάννης,
3647 546 3747 598 ὡδὶ

2157 633 2450 705 γεγραφώς
2476 651 2488 663 ·
2531 653 2549 686 ι
2598 635 2656 686 '0
2680 630 2775 686 οὖν
2807 633 3006 695 Ἰούδας
3029 633 3210 686 λαϐὼν
3235 633 3334 704 τὴν
3368 636 3617 704 σπεῖραν,
3651 636 3749 688 καὶ

2160 728 2225 778 ἐκ
2249 725 2359 778 τῶν
2388 725 2711 795 ἀρχιερέων,
2748 726 2842 778 καὶ
2881 727 2944 778 ὲκ
2972 725 3080 777 τῶν
3105 726 3413 795 Φαρισαίων
3440 725 3745 796 ὑπηρέτας,

2161 816 2383 886 ἔρχεται
2411 817 2530 868 ἐκεῖ
2565 817 2702 885 μετὰ
2733 816 2918 883 φανῶν
2954 816 3046 868 καὶ
3075 816 3375 885 λαμπάδων
3411 817 3505 869 καὶ
3543 817 3746 870 ὅπλων.

2172 905 2384 975 Ἰησοῦς
2413 904 2637 966 δὲείδὼς
2659 906 2838 958 πάντα
2868 906 2938 957 τά
2972 905 3244 974 ἐρχόμενα
3297 907 3384 958 ἐπ’
3434 906 3618 969 αὑτὸν,
3655 907 3748 971 ἑξ·-

2160 992 2508 1050 ελθὼν.εἴπεν
2524 997 2723 1059 αὐτοῖς’
2743 995 2876 1048 Τίνα
2896 996 3108 1066 ζητεῖτε
3126 1013 3140 1061 ;
3159 996 3564 1069 Ἀπεκρίθησαν
3576 999 3747 1066 αὐτῷ’

2175 1089 2381 1158 Ἰησοῦν
2402 1089 2491 1141 τὸν
2519 1088 2856 1158 Ναζωραῖον.
2884 1090 3046 1156 Λέγει
3078 1093 3261 1152 αὐτοῖς
3296 1092 3324 1142 6
3343 1091 3571 1160 Ἰησοῦς
3603 1091 3747 1158 Ἐγώ

2159 1181 2296 1249 εἰμι.
2335 1179 2593 1248 Εἱστήκει
2635 1179 2728 1231 καὶ
2776 1177 2973 1241 Ἰούδας
3006 1182 3034 1232 6
3078 1179 3400 1248 παραδιδοὺς
3427 1179 3590 1234 αὑτὸν
3627 1181 3746 1248 μετ’

2160 1267 2362 1323 αὐτῶν.
2398 1268 2485 1331 Ὦς
2518 1264 2610 1321 οὖν
2640 1263 2794 1320 εἶπεν
2820 1268 3026 1333 αὐτοῖς,
3053 1268 3132 1320 ὅτι
3159 1267 3302 1336 Ἐγώ
3334 1272 3469 1338 εἰμι,
3503 1269 3747 1339 ἀπῆλθον

2161 1361 2241 1421 είς
2273 1357 2340 1410 τά
2391 1358 2584 1421 ὀπίσω,
2630 1358 2723 1410 καὶ
2761 1357 2958 1409 ἔπεσον
3000 1359 3194 1428 χαμαί.
3237 1379 3256 1411 ι
3303 1358 3564 1423 Ἀκούεις,
3595 1361 3746 1419 ὅπως

2163 1448 2697 1518 κατασοϐαρεύεσθαι
2754 1448 2851 1517 μὲν
2894 1447 2998 1516 τῆς
3040 1448 3173 1520 παρ’
3225 1448 3374 1519 αὐτῷ
3424 1449 3601 1519 δόξης,
3631 1439 3746 1504 ὀὐκ

2163 1542 2226 1609 ὲᾷ
2251 1540 2374 1602 τοὺς
2403 1540 2551 1610 παρά
2578 1539 2670 1591 τοῦ
2705 1537 2966 1606 προδότου
3000 1539 3446 1607 συνειλεγμένους
3470 1556 3484 1569 ’
3515 1557 3748 1611 προσκε.

2163 1629 2359 1697 κόμικε
2411 1629 2511 1697 μὲν
2557 1627 2663 1698 γάρ
2695 1628 2908 1692 ἑαυτὸν,
2945 1627 3026 1691 τὸ,
3064 1645 3082 1679 ι
3137 1627 3276 1695 Ἐγώ
3306 1629 3419 1698 εἰμι
3467 1647 3485 1679 ι
3530 1629 3742 1696 λέγων·

2164 1719 2213 1770 oi
2239 1718 2294 1770 δὲ
2325 1718 2416 1770 καὶ
2453 1718 2589 1786 πρὸς
2619 1718 2786 1788 μόνην
2816 1718 3176 1787 ἀτονήσαντες
3207 1719 3306 1788 τὴν
3333 1716 3746 1792 φωνὴν,’ἀπῆλσ

2093 1793 2134 1848 Β
2164 1808 2254 1860 θον
2291 1810 2369 1870 εἰς
2413 1807 2482 1860 τὰ
2509 1807 2704 1862 ὀπίσω.
2747 1826 2765 1858 ι
2803 1809 2925 1860 Ὅτι
2964 1808 3020 1861 δὲ
3053 1808 3174 1877 οὐχὶ
3211 1809 3311 1878 τῆς
3343 1811 3520 1865 αὐτῶν
3563 1813 3746 1882 ἰσχύος

2163 1901 2324 1972 ἔργον
2352 1897 2420 1972 ἧν
2443 1902 2505 1954 τὸ
2552 1904 2849 1970 κατασχεῖν
2878 1901 3059 1967 αὑτὸν,
3091 1903 3205 1955 ἀλλ’
3236 1904 3312 1966 ὡς
3357 1905 3417 1958 ὲν
3441 1907 3618 1978 καιρῷ
3649 1907 3746 1961 καὶ

2151 1993 2324 2063 ,χρείᾳ
2354 1993 2447 2046 τὸν
2479 1991 2621 2061 ὑπὲρ
2660 1991 2815 2062 ἡμῶν
2859 1991 3088 2046 θάνατον
3117 1994 3354 2047 ἑποιείτο
3385 1996 3744 2067 παραδεκτδν.

2165 2082 2625 2155 πεπληροφόρηκε
2655 2082 2861 2149 λέγων’
2909 2101 2926 2133 ι
2987 2084 3074 2147 Ὠς
3123 2085 3215 2136 ἐπὶ
3257 2083 3457 2158 λῃστὴν
3491 2085 3745 2157 ἐξήλθετε

2168 2172 2304 2242 μετά
2339 2171 2624 2243 μαχαιρῶν
2669 2173 2762 2226 καὶ
2797 2172 2966 2236 ξύλων
2997 2173 3277 2228 συλλαϐεῖν
3310 2192 3376 2244 με
3397 2192 3412 2207 ·
3457 2176 3579 2230 καθ’
3608 2180 3746 2248 ἡμέ-

2169 2277 2265 2331 ραν
2297 2263 2354 2313 ὲν
2389 2261 2464 2331 τῷ
2493 2260 2622 2332 ἱερῷ
2650 2261 2990 2334 ἐκαθεζόμην
3013 2263 3298 2329 διδάσκων,
3330 2266 3424 2319 καὶ
3453 2267 3552 2319 ούκ
3580 2269 3747 2337 ὲκρα-

2165 2353 2364 2422 τήσατέ
2402 2369 2490 2423 με.
2544 2352 2715 2406 Τοῦτο
2752 2354 2810 2407 δὲ
2849 2355 2970 2407 ὅλον
3003 2355 3224 2424 γέγονεν
3257 2357 3342 2409 ῐνα
3385 2358 3746 2428 πληρωθῶσιν

2165 2446 2222 2496 αἱ
2265 2445 2304 2496 Γ
2308 2445 2478 2514 ραφαῖ⁵
2515 2445 2623 2498 τῶν
2675 2447 2986 2517 προφητῶν.
3025 2467 3042 2499 ι
3089 2449 3155 2501 Ὃ
3200 2449 3308 2516 γὰρ
3347 2449 3512 2502 πάλαι
3560 2452 3748 2520 προεί-

2169 2551 2302 2604 ρηκε
2339 2535 2425 2587 διὰ
2455 2538 2750 2608 προφητῶν
2784 2538 2973 2606 ἁγίων,
3008 2539 3167 2592 τοῦτο
3195 2539 3524 2611 πεπλήρωκε
3556 2541 3749 2605 καθεὶς

2165 2624 2354 2676 ἑαυτὸν
2405 2626 2485 2686 είς
2529 2627 2758 2680 κένωσιν
2807 2630 2836 2681 6
2883 2629 3024 2697 ὑπὲρ
3061 2631 3239 2683 πᾶσαν
3272 2632 3371 2699 τὴν
3405 2630 3600 2695 κτίσιν,
3651 2632 3747 2684 καὶ

2169 2717 2410 2786 σχήματι
2461 2717 2705 2787 εὑρεθεὶς
2755 2719 2830 2783 ὠς
2881 2721 3185 2790 ἄνθρωπος,
3235 2724 3262 2774 6
3300 2723 3356 2774 ὲν
3410 2725 3592 2795 μορφῇ
3651 2725 3747 2775 καὶ

2171 2805 2377 2875 ἰσότητι
2438 2805 2531 2858 τοῦ
2573 2807 2806 2877 Πατρός.
2894 2809 3141 2863 Ἀνθότου
3201 2810 3266 2881 δὴ
3319 2807 3411 2865 οὖν
3465 2815 3584 2876 ταῖς
3635 2813 3745 2866 τῶν

2166 2896 2552 2968 ἁπλουστέρων
2576 2898 2790 2962 ἀκοαῖς,
2824 2900 2884 2952 τὸ
2917 2902 3014 2970 τῆς
3047 2903 3295 2973 κράσεως
3325 2904 3492 2973 ὄνομα
3520 2922 3745 2977 παρεισ-

2170 2989 2376 3056 κρίνειν
2433 2990 2766 3060 ἐπιχειρῶν,
2810 2991 2922 3062 ,τῆς
2981 2995 3116 3062 μετά
3171 2995 3370 3063 σαρκὸς
3439 2997 3748 3066 οἰκονομίας

2169 3080 2372 3141 ἀδικεῖς
2415 3081 2476 3133 τὸ
2519 3080 2737 3152 θαῦμα;
2778 3085 2836 3136 ού
2870 3085 2978 3155 γάρ
3009 3103 3090 3137 τοι
3140 3090 3407 3156 προσήκει
3443 3089 3650 3158 πικρῶς
3685 3107 3747 3142 τε

2171 3173 2266 3224 καὶ
2299 3172 2522 3242 ἀπηνῶς
2557 3174 2636 3236 είς
2681 3175 2843 3245 μέσον
2886 3178 3020 3229 ίέναι
3070 3177 3296 3245 λέγοντα
3318 3195 3330 3208 ·
3367 3173 3513 3250 *Λρα
3555 3181 3584 3230 6
3612 3181 3748 3244 Θεὸς

2168 3262 2338 3329 Λόγος
2368 3263 2668 3333 κατεσχέθη
2694 3283 2708 3330 ;
2743 3261 2853 3332 ἆρα
2882 3267 2982 3336 τὴν
3015 3267 3230 3338 σφαγὴν
3263 3268 3555 3339 ὑπέμεινεν
3584 3273 3617 3343 ἠ
3647 3273 3750 3342 τῆς

2169 3352 2422 3422 θεότητος
2471 3353 2668 3422 φύσις;
2723 3355 2846 3408 Ὅτι
2904 3357 3004 3410 οὐκ
3059 3357 3168 3429 [Ion
3203 3359 3324 3412 Ὀτι
3375 3358 3454 3432 δὲ]
3491 3361 3550 3427 ὲξ
3584 3362 3749 3434 ἀκρι-

2169 3441 2296 3505 ϐοῦς
2329 3442 2567 3512 ἀμαθίας
2601 3445 2668 3498 τὰ
2700 3447 2875 3499 τοιάδε
2914 3448 3041 3517 φὴς,
3078 3449 3325 3503 ἐντεῦθεν
3361 3452 3483 3522 εῖσῃ
3518 3469 3600 3506 τοι
3650 3456 3750 3508 καὶ

2173 3531 2317 3601 μάλα
2337 3533 2552 3604 ῥᾳδίως.
2587 3535 2980 3590 Τετελειῶσθαί
3013 3556 3191 3608 φαμεν
3219 3543 3346 3605 τοὺς
3375 3543 3566 3610 ἁγίους
3597 3544 3750 3614 μάρο

2168 3639 2372 3693 τυρας,
2438 3626 2613 3679 πάντα
2666 3627 2856 3681 παθεῖν
2907 3630 3234 3700 ἑλομένους,
3291 3633 3377 3685 ἵνα
3429 3634 3518 3687 τὸν
3583 3637 3753 3690 καλὸν

2170 3714 2357 3782 ἀγῶνα
2401 3717 2823 3786 ἀγωνισάμενοι,
2874 3721 2964 3774 τὸν
3017 3721 3216 3794 δρόμον
3259 3723 3594 3789 τελέσαντες,
3649 3727 3754 3796 τὴν

2170 3808 2350 3860 πίστιν
2374 3811 2734 3879 τηρήσαντες,
2766 3812 2858 3865 τὸν
2887 3813 2987 3882 τῆς
3022 3817 3102 3878 εἰς
3139 3817 3372 3887 Χριστὸν
3394 3819 3753 3889 γνησιότητος

2169 3900 2540 3970 ἀναδήσωνται
2573 3901 2853 3972 στέφανον.
2891 3901 3017 3977 Ἆρ’
3049 3903 3141 3961 οὖν
3175 3908 3228 3960 ετ
3255 3922 3338 3971 τις
3372 3909 3546 3981 έροιτο
3575 3927 3754 3982 προσ-

2174 3991 2268 4046 ιών
2295 4009 2311 4023 ·
2349 3994 2476 4047 Ὅτε
2523 3995 2592 4048 τὰ
2639 3995 2746 4048 τῶν
2794 3997 2966 4065 ἁγίων
3000 3999 3227 4071 σώματα
3262 4001 3462 4074 σιδήρῳ
3496 4003 3754 4069 κατεξαί-

2170 4101 2341 4149 νοντο,
2379 4087 2546 4156 ἤγουν
2588 4086 2952 4157 δεδαπάνηντο
2985 4092 3136 4161 πυρὶ,
3181 4091 3212 4162 ἢ
3248 4094 3339 4145 καὶ
3376 4094 3458 4145 ὅτι
3493 4090 3602 4163 [ισ.
3632 4092 3748 4165 ὅτε]

2171 4180 2268 4249 τὴν
2312 4179 2486 4249 ἀρχὴν
2535 4179 2810 4249 δεσμῶται
2854 4181 3159 4248 γεγόνασιν,
3207 4179 3316 4253 ἆρα
3366 4187 3477 4246 τοῖς
3529 4189 3748 4253 σώμασι

2173 4269 2679 4339 συγκατείρχθησαν
2710 4273 2765 4322 at
2803 4270 2972 4340 ψυχαί
2991 4292 3006 4338 ;
3039 4269 3149 4342 ἆρα
3177 4275 3431 4341 γεγόνασι
3465 4277 3558 4328 καὶ
3588 4272 3747 4330 αὗται

2173 4359 2342 4428 πυρὸς
2371 4359 2529 4428 ἔργον
2563 4363 2656 4413 καὶ
2689 4361 2905 4430 ξίφουςς
2951 4366 3127 4417 καίτοι
3160 4367 3338 4436 φαμὲν
3370 4369 3537 4431 αύτάς
3569 4368 3748 4422 ἀπαλ-

488 4456 553 4507 de
581 4468 740 4507 causa
780 4463 1030 4520 expertes
1063 4462 1223 4506 erunt
1245 4464 1590 4512 coronarum,
1622 4449 1747 4516 quia
1775 4463 2062 4516 corporum

2171 4449 2460 4504 λάττεσθαι
2492 4452 2602 4504 τῶν
2634 4455 2921 4524 σωμάτων,
2947 4456 3056 4509 τῶν
3085 4457 3342 4512 τοιούτων
3370 4460 3562 4512 αἰκιῶν
3594 4460 3749 4512 οὐδὲν

488 4547 748 4616 supplicia
783 4560 888 4600 n0n
927 4557 1054 4600 sunt
1081 4542 1394 4614 perpessae?
1424 4542 1587 4611 Atqui
1619 4541 1929 4611 praadicatio
1965 4556 2052 4594 ve-

493 4640 667 4694 ritatis
697 4655 801 4693 non
840 4653 938 4691 eas
967 4637 1207 4692 excludit
1251 4651 1280 4688 a
1313 4635 1582 4704 passione,
1614 4649 1738 4688 cum
1784 4648 1878 4688 sua
1917 4634 2065 4703 ipso-

489 4749 607 4785 rum
644 4744 870 4798 corpora
902 4731 1013 4782 sint
1051 4741 1230 4794 passa,
1267 4742 1370 4780 non
1415 4727 1664 4780 aliorum.
1722 4725 1955 4779 Stultum
1987 4735 2069 4779 est

491 4819 654 4886 igitur
693 4815 932 4870 studiose
974 4813 1308 4882 percontari,
1347 4828 1474 4866 num
1525 4812 1828 4866 divinitatis
1874 4822 2066 4866 natura

489 4922 593 4958 una
623 4920 745 4958 cum
783 4917 947 4956 carne
987 4905 1062 4957 sit
1101 4905 1321 4967 tradita,
1353 4909 1447 4956 aut
1481 4903 1658 4956 vincta
1699 4903 1925 4958 nexibus
1970 4901 2066 4957 Ju-

489 4997 752 5060 dacorum,
799 5004 895 5047 aut
934 4997 1135 5048 caedem
1184 4994 1354 5064 ipsam
1400 5007 1704 5062 perpessa:
1741 4993 1836 5048 sed
1883 4994 2066 5064 pietati

492 5086 671 5156 potius
719 5089 977 5141 convenit
1020 5087 1292 5156 cogitare,
1341 5084 1577 5140 Verbum
1635 5088 1810 5156 ipsum
1846 5088 2069 5142 omnino

490 5179 594 5234 sibi
621 5179 837 5247 quidem
891 5187 1145 5246 tanquam
1195 5177 1440 5246 proprias
1481 5177 1756 5232 vindicare
1791 5179 2068 5248 passiones

491 5284 610 5339 quae
644 5271 794 5323 carni
835 5269 1168 5334 acciderunt,
1199 5269 1293 5322 sed
1336 5268 1598 5323 mansisse
1643 5280 1822 5325 tamen
1865 5271 2068 5341 impas-

490 5362 644 5416 sibile
679 5372 934 5430 tanquam
972 5363 1160 5428 Deum,
1204 5371 1454 5415 caeterum
1497 5363 1634 5416 haud
1684 5366 1800 5417 sine
1831 5366 2069 5433 patiente

491 5467 737 5522 corpore.
770 5452 866 5507 llic
899 5468 1027 5507 vero
1069 5453 1230 5508 rebus
1284 5463 1435 5506 tanta
1485 5469 1604 5506 cum
1661 5455 2066 5524 dispensatione

492 5543 676 5612 gestis,
733 5545 1086 5600 absurditatis
1152 5545 1359 5600 crimen
1415 5545 1678 5608 inurens,
1737 5554 1788 5597 et
1845 5559 2062 5598 sursum

2167 4547 2248 4607 είς
2294 4544 2430 4598 ἰδίαν
2479 4546 2857 4616 ὑπομενούσας
2893 4548 3073 4616 φύσιν.
3123 4545 3248 4620 Ἆρ’
3293 4547 3408 4618 οὖν,
3462 4551 3581 4603 είπέ
3630 4567 3745 4620 μοι,

2167 4633 2372 4704 ταύτης
2421 4633 2582 4688 ἕνεκα
2628 4637 2727 4707 τῆς
2777 4638 2952 4700 αἰτίας
3003 4637 3259 4708 ἀμέτοχοι
3305 4639 3414 4692 τῶν
3466 4641 3744 4707 στεφάνων

2169 4725 2276 4780 εἷεν
2327 4726 2410 4791 ἂν,
2445 4727 2526 4780 ὅτι
2576 4729 2648 4798 μὴ
2703 4729 3002 4784 πεπόνθασι
3043 4731 3110 4784 τὰ
3142 4731 3371 4800 σώματα
3401 4731 3510 4802 [Ισ.
3555 4731 3739 4800 σώμαι

2167 4815 2312 4888 τος];
2357 4817 2496 4869 Ἀλλ’
2523 4818 2551 4870 ὅ
2580 4833 2644 4886 γε
2671 4818 2769 4888 τῆς
2793 4819 3049 4888 ἀληθείας
3074 4820 3249 4888 λόγος,
3279 4821 3376 4873 οὐκ
3411 4821 3515 4888 ἔξω
3558 4822 3741 4890 τιθησι

2168 4906 2262 4958 τοῦ
2296 4905 2485 4959 παθεῖν
2535 4905 2731 4969 αὐτούς
2766 4907 2877 4978 [Ισ.
2918 4909 3141 4981 αὑτάς]·
3183 4909 3484 4963 πεπόνθασι
3513 4909 3618 4979 γάρ
3676 4911 3745 4964 τὰ

2169 4995 2371 5059 αὐτῶν,
2418 4998 2511 5049 καὶ
2559 4996 2620 5048 ού
2668 4997 2737 5050 τά
2785 4999 2987 5068 ἐτέρων
3021 4999 3289 5068 σωμάτων
3324 4997 3433 5070 [ιον.
3473 4997 3742 5070 amputa].

2182 5086 2416 5156 ’Δμαθὲς
2437 5084 2666 5158 οὖν,ᾶρα
2694 5089 2754 5142 τὸ
2780 5089 3234 5143 διαπυνθάνεσθαι
3265 5091 3461 5158 φιλεῖν,
3494 5092 3542 5142 εἰ
3569 5105 3748 5158 παρα-

2169 5180 2377 5232 δέδοται
2434 5182 2574 5249 μετὰ
2620 5181 2720 5250 τῆς
2774 5181 2975 5252 σαρκὸς
3025 5184 3058 5252 ἡ
3116 5175 3214 5252 τῆς
3263 5183 3517 5254 θεότητος
3562 5181 3746 5251 φύσις,

2169 5272 2339 5341 ἤγουν
2369 5272 2626 5342 ὲνεσχέθη
2657 5277 2766 5336 τοῖς
2810 5274 3076 5328 Ἰουδαίων
3108 5274 3341 5345 βρόχοις,
3374 5277 3406 5346 ἢ
3441 5276 3535 5330 καὶ
3577 5275 3748 5344 αὐτὴν

2170 5362 2428 5431 ὑπέμεινε
2459 5364 2556 5430 τὴν
2597 5365 2814 5434 σφαγήν
2839 5381 2851 5392 ·
2905 5365 3125 5428 εὐσεϐὲς
3177 5367 3236 5419 δὲ
3274 5368 3473 5438 μᾶλλον
3524 5369 3746 5430 ἐννοεῖν,

2167 5456 2248 5507 ὃτι
2279 5457 2454 5524 πάντη
2477 5476 2533 5512 τε
2553 5459 2644 5510 καὶ
2677 5461 2894 5522 παντως
2926 5461 3267 5514 οἰκειώσεται
3300 5464 3398 5532 μὲν
3427 5463 3452 5514 ό
3480 5463 3648 5530 Λόγος
3678 5464 3748 5516 τά

2167 5551 2232 5615 τῇ
2292 5548 2396 5617 ίδίξι
2461 5553 2622 5616 σαρκὶ
2679 5551 3062 5620 συμϐεϐηκότα
3119 5553 3301 5622 πάθη’
3360 5553 3634 5623 μεμένηκε
3689 5553 3750 5606 δὲ

569 5724 606 5756 ¹¹
639 5722 1118 5790 Joan.xvttt,:5-b.
1197 5729 1241 5759 τ’
1275 5727 1460 5782 Matth.
1499 5727 1860 5792 xxvt,55-56.
1939 5727 1982 5758 ⁷³
2020 5725 2250 5796 Philipp.
2293 5744 2352 5791 ll,
2388 5729 2500 5781 6-3.
2577 5730 2623 5759 7"
2651 5731 2689 5782 ll
2729 5729 2966 5783 Timoth.
3009 5747 3076 5796 Ir,
3118 5732 3169 5794 7,
3214 5734 3266 5788 8.
