4080 6418
480 368 590 428 935

1518 358 1574 412 S.
1621 357 1892 413 CYltII.L|
1936 354 2407 414 ALEXANDRINI
2447 352 2767 412 ARCHIEP.

3658 351 3767 408 235

484 484 743 540 videbunt
799 497 956 552 reges
1014 493 1068 535 et
1127 485 1505 547 consurgent:
1558 479 1704 532 hunc
1770 477 2070 530 adorabunt

2187 479 2490 549 προϐάτων,
2521 479 2594 541 t'o;
2643 475 2849 547 ποιμὴν
2881 474 3117 544 ἀγαθός·
3163 475 3223 528 ὃν
3276 473 3626 538 ἐϐδελύξαντο
3668 473 3768 541 μὲν

485 576 762 648 principes
812 583 1068 644 tanquam
1118 572 1316 637 Deum,
1350 571 1559 627 scilicet
1585 570 1676 641 qui
1721 569 1786 624 ad
1820 568 2071 623 exinani-

485 670 688 725 tionem
728 685 786 722 se
822 667 1112 736 deiecerit,
1146 673 1205 719 ιιι
1249 679 1442 736 passus
1487 678 1651 719 carne
1685 672 1928 718 servaret
1979 678 2073 715 or.

484 761 607 819 bem
633 771 929 815 terrarum.
967 757 1065 814 llic
1100 757 1191 813 ille
1222 767 1306 812 est
1341 757 1426 811 cui
1464 770 1562 825 pro
1588 755 1743 810 nobis
1765 755 1950 824 spinea
1980 769 2074 805 co-

487 868 621 910 rona
653 852 753 908 fuit
790 852 1180 922 circumposita
1210 867 1223 904 :
1253 849 1342 905 hic
1370 864 1474 903 non
1504 847 1642 903 alius
1663 847 1754 916 qui
1788 862 1854 901 ex
1891 846 2076 900 Imma-

489 949 662 1004 nitate
690 945 911 1016 quidem
943 944 1237 999 crucitixus
1265 951 1369 1005 est,
1395 949 1449 996 et
1470 941 1604 996 dixit
1631 956 1644 992 :
1676 959 1694 992 ι
1735 939 1876 994 Deus
1899 953 2072 1004 meus,

489 1039 632 1096 Deus
678 1054 852 1102 meus,
887 1038 1074 1107 utquid
1120 1051 1205 1090 tne
1243 1034 1578 1105 dereliquisti
1601 1033 1687 1087 “?
1719 1052 1738 1084 ι
1770 1031 1865 1086 sed
1898 1048 1962 1085 ex
1991 1031 2069 1086 di-

486 1134 714 1188 vinitate
741 1132 984 1187 cohibuit
1021 1129 1152 1184 solis
1197 1129 1397 1189 lumen.
1431 1138 1489 1183 et
1539 1127 1592 1180 in
1633 1127 1720 1180 die
1767 1125 1941 1180 media
1981 1139 2077 1179 no-

488 1236 629 1282 ctem
657 1223 858 1294 posuit,
884 1237 951 1276 ne
991 1222 1139 1274 illum
1164 1219 1470 1287 simplicem
1511 1219 1810 1283 hominem,
1833 1217 1997 1284 nuda,
2020 1226 2076 1270 ut

490 1329 546 1376 tu
569 1314 1176 1386 asseris,conjunctione
1197 1311 1358 1383 136
1375 1310 1739 1375 nobilitatum,
1760 1325 1864 1379 qua
1887 1322 2078 1378 nempe

487 1428 611 1470 eum
657 1411 748 1466 illo
777 1425 842 1466 ex
873 1407 985 1464 Deo
1004 1407 1200 1477 .Verbo
1227 1407 1299 1461 sit
1327 1404 1613 1474 copulatus
1633 1443 1649 1468 ,
1695 1404 2075 1464 conli:eamur,

488 1503 584 1560 sed
622 1503 788 1558 Deum
833 1511 956 1555 esse
1002 1497 1314 1558 credamus,
1357 1493 1412 1547 in
1446 1501 1631 1546 nostra
1667 1492 1882 1560 specie,
1927 1498 1980 1542 et
2023 1486 2076 1540 in

488 1594 665 1650 forma
693 1590 857 1656 servi,
882 1601 1155 1644 memores
1181 1583 1329 1641 illum
1353 1600 1452 1654 per
1487 1597 1673 1639 vocem
1701 1582 1976 1652 propheta:
1999 1579 2080 1634 di-

489 1689 682 1743 xisse:
723 1701 742 1735 ι
783 1682 849 1737 Ει
883 1681 1106 1736 induam
1152 1677 1352 1734 caelum
1399 1676 1670 1738 tenebris,
1711 1683 1764 1728 ct
1796 1689 1989 1742 ponam
2023 1680 2080 1724 ut

490 1792 710 1835 saccum
741 1773 1125 1830 vestimentum
1156 1768 1275 1838 ejus
1295 1769 1362 1822 ⁸⁸.
1397 1787 1416 1821 ι
1452 1769 1571 1838 lpse
1604 1768 1747 1822 enim
1777 1769 1866 1833 qui
1903 1765 2080 1834 loque-

2175 572 2244 622 τὰ
2289 570 2440 641 ἔθνη,
2474 569 2650 623 δοῦλοι
2681 568 2738 623 δέ
2784 567 2879 622 ut
2910 567 3186 639 ὑπηρέται
3219 565 3562 637 ῥαπίσμασιν
3607 563 3769 633 ὓϐριο

2178 679 2278 716 σαν
2305 702 2320 726 ,
2353 665 2454 733 τῆς
2490 662 2600 716 τῶν
2642 660 2953 732 Φαρισαίων
2993 659 3235 730 πληθύος
3287 657 3517 720 ἀνοσίως
3548 657 3769 726 ἐμπαρ-

2175 755 2430 826 οινούσης
2457 755 2627 827 αύτῷ.
2657 754 2858 808 Τοῦτον
2883 753 3106 823 ὄψονται
3135 750 3376 822 βασιλεῖς
3403 750 3501 804 καὶ
3532 749 3772 818 ἀναστή-

2179 866 2393 904 σονται’
2448 855 2626 921 τούτῳ
2671 851 3151 922 προσκυνήσουσιν
3197 849 3489 919 ἄρχοντες,
3538 847 3614 908 ὡς
3646 842 3773 914 Θεῷ

2175 943 2422 1014 δηλονότι
2455 942 2772 1013 καθιγμένῳ
2795 942 2932 1011 πρὸς
2957 941 3212 1006 κένωσιν,
3242 943 3331 995 ἴνα
3361 939 3548 994 παθὼν
3578 939 3768 1009 σαρκὶ,

2154 1036 2416 1108 διασώσῃ
2460 1037 2559 1106 τὴν
2601 1037 2694 1089 ὑπ’
2728 1035 2980 1107 οὐρανόν.
3018 1029 3190 1099 Οὗτος
3232 1037 3261 1088 6
3305 1035 3446 1103 ὑπὲρ
3478 1032 3638 1104 ἡμῶν
3675 1032 3773 1085 τὸν

2177 1131 2470 1185 ἀκάνθινον
2503 1130 2888 1200 περικείμενος
2925 1128 3188 1198 στέφανον
3210 1144 3223 1158 ³
3251 1120 3426 1192 οὗτος,
3457 1127 3558 1181 οὐκ
3586 1126 3772 1188 ἀλλος,

2177 1225 2206 1278 6
2255 1223 2662 1293 σταυρούμενος
2697 1223 2798 1293 μὲν
2829 1221 3192 1294 ἀνθρωπίνως
3240 1222 3335 1274 καὶ
3363 1220 3537 1288 λέγων
3559 1236 3573 1248 '
3612 1238 3630 1270 ι
3665 1218 3775 1271 Θεέ

2181 1332 2309 1387 μου,
2342 1314 2444 1368 Θεέ
2482 1331 2609 1384 μου,
2656 1313 2746 1368 ἴνα
2778 1313 2831 1366 τί
2861 1329 2930 1382 με
2960 1312 3360 1380 ἐγκατέλιπες;
3402 1330 3420 1361 ι
3463 1309 3775 1364 συστέλλων

2178 1406 2236 1461 δὲ
2285 1405 2486 1470 θεῖκῶς
2534 1404 2626 1459 τοῦ
2674 1405 2831 1476 ἡλίου
2881 1404 2941 1458 τὸ
2988 1403 3127 1473 φῶς,
3158 1407 3254 1458 καὶ
3286 1406 3346 1457 ἐν
3392 1405 3574 1476 ἡμέρᾳ
3627 1405 3778 1474 μέσῃ

2179 1499 2352 1555 νύκτα
2398 1500 2570 1562 τιθεὶς
2593 1540 2607 1564 ,
2627 1500 2734 1552 ·ἱ’να
2768 1498 2843 1570 μὴ
2869 1498 3158 1569 ἄνθρωπον
3187 1497 3379 1561 ἁπλῶς
3419 1497 3551 1568 ψιλῇ
3579 1539 3593 1562 ,
3625 1498 3779 1549 κατά

2183 1595 2264 1658 σὲ,
2297 1595 2561 1665 συναφείᾳ
2592 1593 2978 1663 τετιμημένον,
3001 1595 3066 1662 τῇ
3099 1591 3238 1661 πρός
3277 1607 3368 1658 γε,
3397 1591 3559 1659 φημὶ,
3581 1591 3674 1644 τὸν
3705 1593 3778 1644 ἐκ

2180 1687 2316 1741 Θεοῦ
2338 1688 2530 1755 Λόγον,
2562 1684 2918 1755 ὁμολογῶμεν
2950 1684 3114 1736 αὐτόν
3131 1701 3142 1712 ⁸
3160 1683 3292 1735 Θεὸν
3313 1683 3370 1735 δὲ
3393 1684 3595 1753 μᾶλλον
3625 1678 3774 1736 εἶναι

2184 1779 2589 1848 πιστεύσωμεν,
2623 1779 2681 1832 ἐν
2709 1777 2841 1829 εῖδει
2874 1775 2952 1846 τῷ
2986 1776 3106 1829 καθ’
3143 1778 3315 1844 ἡμᾶς,
3352 1778 3448 1829 καὶ
3477 1779 3535 1829 ὲν
3563 1780 3627 1846 τῇ
3672 1777 3773 1829 τοῦ

489 1873 652 1928 batur
683 1869 858 1934 adest,
883 1875 938 1921 et
962 1865 1105 1935 quod
1127 1863 1256 1919 olim
1281 1871 1341 1916 ut
1363 1861 1502 1916 Deus
1528 1858 1642 1914 fore
1671 1856 2076 1926 pl‘tl‘ttllltltat'll,

2187 1871 2371 1926 δούλου
2425 1871 2632 1941 μορφῇ,
2681 1867 3024 1938 μεμνημένοι
3053 1867 3142 1919 διὰ
3177 1867 3362 1938 φωνῆς
3387 1868 3547 1935 ἁγίου
3581 1867 3774 1934 λέγον-

488 1978 591 2021 suo
618 1972 862 2031 tempore
891 1956 1154 2028 implevit,
1193 1953 1488 2010 crucifixus
1510 1951 1842 2006 humanitus.
1863 1948 2076 2002 Caelum

488 2069 726 2125 namque
786 2049 1175 2122 propemodum
1239 2045 1479 2100 tenebris
1543 2053 1794 2111 tanquam
1868 2038 2076 2106 lugubri

487 2157 640 2204 veste
684 2159 745 2200 se
777 2143 950 2198 induit
978 2157 994 2208 ;
1022 2140 1104 2196 sol
1137 2139 1328 2204 etiam,
1359 2152 1482 2192 cum
1538 2138 1814 2191 radiorum
1856 2147 2076 2188 suorum

490 2239 756 2309 fulgorem
791 2249 896 2290 non
939 2233 1078 2288 ultra
1113 2231 1181 2287 iis
1214 2232 1390 2295 daret,
1430 2228 1520 2296 qui
1559 2228 1817 2281 adversus
1864 2225 2081 2278 univer-

491 2347 677 2388 sorum
709 2327 992 2383 Dominum
1023 2340 1086 2378 ue
1117 2325 1280 2377 Deutn
1321 2321 1633 2390 petulanter
1660 2318 1924 2372 insultare
1960 2315 2078 2369 ausi

491 2423 728 2483 fuerant,
764 2417 1020 2472 tenebras
1068 2413 1252 2468 animo
1299 2412 1513 2465 illorum
1571 2424 1636 2464 ac
1689 2408 1856 2464 tuenti
1903 2406 2082 2463 ollul-

492 2514 702 2572 dendas
730 2509 1135 2580 prmnuntiavit.
1171 2504 1361 2559 Psallit
1387 2504 1532 2557 enim
1565 2505 1632 2557 de
1662 2503 1794 2572 ipsis
1825 2501 2080 2557 nimirum

492 2609 657 2663 etiam
685 2606 874 2659 beatus
908 2601 1115 2655 David:
1156 2618 1173 2650 ι
1221 2595 1595 2653 Obscurentur
1623 2595 1767 2651 oculi
1793 2609 1979 2650 eorum
2017 2609 2084 2650 ne

493 2701 732 2761 videant,
763 2707 816 2751 et
837 2697 1056 2750 dorsum
1090 2707 1276 2746 eorum
1313 2704 1531 2758 semper
1577 2690 1799 2745 incurva
1822 2689 1889 2743 ⁸³.
1923 2708 1941 2738 ι
1988 2687 2080 2742 Di-

495 2801 711 2863 ruptunt
749 2800 832 2843 est
855 2789 1018 2842 etiam
1050 2788 1224 2838 velum
1278 2782 1487 2853 templi,
1529 2791 1587 2836 ut
1619 2781 1671 2837 in
1704 2798 1827 2837 eum
1858 2781 2083 2836 creden-

492 2888 641 2942 tibus
668 2886 941 2953 detegeret
983 2880 1094 2948 jam
1146 2877 1344 2932 Sancta
1379 2887 1728 2942 sanctorum,
1786 2885 1838 2929 et
1893 2873 2082 2928 intima

495 2981 584 3036 illa
614 2977 912 3050 penetralia
949 2976 1348 3029 demonstraret
1385 2986 1397 3022 :
1447 2978 1706 3037 tanquam
1745 2982 1850 3021 non
1907 2967 2085 3020 adhuc

495 3073 731 3128 habente
763 3078 962 3122 statum
993 3066 1179 3133 priore
1207 3063 1296 3116 illo
1329 3059 1702 3124 tabernaculo,
1728 3059 1824 3114 sed
1854 3058 1966 3128 jam
1999 3074 2084 3112 re-

493 3167 667 3221 velata
697 3172 1008 3217 sanctorum
1047 3159 1128 3213 via
1153 3157 1220 3222 ⁸⁸,
1263 3156 1522 3212 nimirum
1557 3155 1647 3210 illa
1690 3169 1810 3225 qua:
1843 3154 1992 3209 ducit
2029 3153 2082 3206 in

495 3258 697 3313 Sancta
733 3263 1063 3310 sanctorum.
1119 3248 1319 3305 Sancta
1359 3248 1505 3303 enim
1537 3255 1656 3302 erat
1687 3244 1874 3317 procul
1920 3244 2085 3298 dubio

495 3351 613 3419 ipsa
645 3347 725 3402 lex
755 3359 994 3415 quoque,
1037 3343 1235 3413 quippe
1269 3354 1390 3412 quae
1410 3338 1639 3408 iustitia:
1689 3351 1806 3393 erat
1856 3337 2084 3402 arbitra,

493 3453 552 3496 et
586 3441 906 3510 pmdagogus
947 3437 1013 3490 ad
1067 3435 1343 3490 Christum
1369 3431 1460 3486 “z
1508 3433 1604 3486 sed
1649 3430 1802 3502 longe
1846 3429 2088 3484 sanctior

498 3532 822 3600 intelligitur
857 3530 944 3583 illa
979 3530 1031 3583 in
1077 3526 1295 3581 Christo
1327 3527 1459 3588 vita,
1491 3534 1544 3580 et
1577 3525 1669 3578 illo
1696 3527 1762 3593 _in
1795 3524 2003 3577 umbris
2033 3531 2088 3576 et

495 3623 686 3694 ﬁguris
711 3622 853 3676 cultu
881 3619 1223 3690 praestantior
1254 3633 1318 3672 ac
1348 3617 1538 3671 melior
1567 3617 1611 3671 is
1645 3617 1736 3687 qui
1779 3617 1831 3670 in
1888 3615 2083 3685 spiritu

495 3726 552 3772 et
585 3716 814 3769 veritate
842 3712 1150 3766 exhibetur.
1187 3711 1268 3763 An
1309 3724 1439 3764 vero
1470 3723 1577 3763 non
1615 3709 1796 3763 divina
1833 3719 1888 3762 et
1921 3723 2085 3776 supra

497 3808 733 3864 hominis
794 3819 1040 3859 naturam
1071 3802 1336 3872 ejusmodi
1374 3810 1501 3856 sunt
1533 3800 1743 3870 opera?
1773 3815 1952 3855 nonne
1995 3815 2088 3853 sa-

495 3901 692 3958 lutaris
733 3899 820 3954 illa
868 3897 1050 3968 passio
1095 3896 1405 3951 versatilem
1458 3895 1606 3949 illutn
1642 3895 1880 3966 gladium
1930 3893 2088 3946 cohi-

494 3997 634 4062 imit,
683 4007 738 4050 et
794 3994 1068 4049 hominem
1123 4007 1313 4047 rursus
1360 3991 1412 4044 in
1466 3989 1776 4060 paradisum
1831 3986 2088 4042 induxit?

497 4087 645 4144 Dixit
675 4088 818 4143 enim
872 4084 1125 4141 Christus
1154 4083 1312 4139 simul
1344 4097 1607 4152 suSpenso
1653 4081 1845 4135 latroni
1883 4098 1897 4134 :
1929 4097 1948 4131 ι
1979 4077 2089 4133 llo-

499 4182 588 4236 die
621 4193 830 4234 mecum
864 4178 975 4232 eris
1008 4177 1062 4230 in
1102 4175 1353 4246 paradiso
1378 4174 1444 4228 ⁸⁸.
1487 4192 1506 4226 ι
1545 4171 1736 4228 Nonne
1766 4171 1969 4227 aﬂ‘ulsit
2003 4171 2088 4226 his
2119 4169 2126 4176 ’

497 4271 591 4342 qui
619 4271 673 4325 itt
701 4268 944 4324 tenebris
969 4278 1150 4328 erant,
1179 4282 1302 4322 cum
1327 4274 1598 4338 potestate
1630 4265 1952 4327 inclamans,
1984 4263 2088 4318 lte-

497 4361 868 4420 velamini"?
912 4358 1206 4414 Evacuavit
1257 4359 1405 4414 enim
1458 4356 1666 4412 inferos
1719 4367 1777 4410 ut
1831 4355 1994 4420 Dens,
2036 4361 2091 4408 et

497 4471 618 4523 eos,
662 4456 752 4526 qui
782 4455 854 4510 ibi
885 4463 1064 4515 erant,
1115 4467 1144 4506 a
1199 4452 1431 4506 vinculis
1472 4449 1735 4506 relaxavit
1761 4448 1828 4501 ⁸⁸.
1867 4448 1932 4501 Et
1976 4449 2092 4517 ipse

2180 1982 2273 2028 τος
2295 1981 2309 1994 ο
2349 1983 2367 2016 ι
2407 1963 2519 2016 Καὶ
2547 1961 2754 2015 ἐνδύσω
2783 1961 2873 2013 τὸν
2903 1960 3132 2031 οὐρανὸν
3157 1960 3370 2023 σκότος,
3395 1961 3488 2012 καὶ
3518 1959 3668 2030 θήσω
3697 1960 3774 2023 ὡς

2184 2058 2390 2112 σάκκον
2417 2056 2478 2109 τὸ
2508 2052 2861 2126 περιϐόλαιον
2908 2051 3096 2106 αὑτοῦ.
3138 2071 3155 2102 ι
3195 2052 3368 2114 Αὐτὸς
3402 2054 3510 2122 γάρ
3541 2053 3568 2104 6
3595 2052 3775 2105 λαλῶν

2183 2149 2438 2219 πάρεστι,
2490 2146 2586 2199 καὶ
2632 2144 2661 2198 δ
2703 2144 2874 2198 πάλαι
2924 2142 3355 2213 προμεμήνυκεν
3397 2143 3654 2210 ἐσόμενον
3696 2142 3776 2205 ὡς

2182 2240 2338 2304 Θεὸς,
2371 2239 2661 2309 ἐπλήρωσε
2688 2235 2832 2289 κατὰ
2861 2235 3089 2306 καιροὺς
3118 2233 3478 2305 ἀνθρωπίνως
3507 2234 3776 2306 σταυρού-

2186 2347 2367 2403 μενος.
2413 2329 2718 2400 Μονονουχ)⁵
2760 2326 2871 2398 γὰρ
2923 2325 3181 2380 πενθικὸν
3231 2326 3446 2396 ἱμάτιον
3479 2329 3508 2380 6
3541 2326 3775 2398 οὐρανὸς

2182 2425 2276 2478 τὸν
2308 2424 2499 2476 σκότον
2534 2421 2805 2492 ὑπέσχετο
2825 2436 2838 2448 ·
2871 2420 2900 2473 6
2928 2419 3081 2489 ἣλιος
3109 2418 3166 2471 δέ
3193 2417 3304 2470 τῶν
3328 2417 3561 2472 ἀκτίνων
3590 2417 3650 2471 τδ
3681 2417 3778 2471 σέ-

2184 2518 2281 2577 λας
2307 2515 2491 2569 οὐκέτι
2529 2513 2704 2577 διδοὺς
2731 2515 2842 2575 τοῖς
2871 2511 3274 2581 ἐμπαροινῆσαι
3301 2508 3662 2580 τετολμηκόσι
3696 2507 3775 2578 τῷ

2184 2610 2292 2664 τῶν
2321 2611 2458 2663 ὅλων
2483 2608 2732 2680 Δεσπότῃ
2759 2607 2854 2661 καὶ
2880 2605 3021 2675 Θεῷ,
3039 2604 3132 2657 τὸν
3161 2607 3240 2668 είς
3272 2603 3397 2657 νοῦν
3428 2603 3522 2657 καὶ
3543 2603 3775 2674 καρδίαν

2186 2706 2447 2774 ἐσόμενον
2493 2703 2678 2766 αὐτοῖς
2723 2701 3268 2772 προκαταμεμήνυκε
3303 2699 3514 2752 σκότον.
3567 2696 3774 2750 Ψάλλει

2185 2800 2296 2867 γάρ
2326 2813 2428 2849 που
2452 2795 2548 2850 καὶ
2571 2796 2600 2848 6
2633 2775 2904 2864 μακάριος
2930 2792 3098 2846 Δαϐὶδ
3131 2791 3262 2862 περὶ
3296 2789 3509 2843 αὐτῶν·
3541 2808 3558 2839 ι
3582 2788 3773 2841 Σκοτι-

2188 2888 2474 2958 σθήτωσαν
2504 2887 2555 2939 οἱ
2601 2884 2873 2955 ὀφθαλμοὶ
2903 2881 3103 2946 αὐτῶν,
3137 2880 3231 2934 τοῦ
3275 2881 3350 2952 μὴ
3383 2879 3625 2950 βλέπειν,
3673 2878 3775 2931 καὶ

2185 2980 2278 3033 τὸν
2325 2979 2494 3033 νῶτον
2533 2977 2714 3031 αὐτῶν
2759 2975 3054 3038 διαπαντὸς
3091 2973 3438 3044 σύγκαμψον.
3473 2993 3492 3024 ι
3537 2973 3772 3046 Διερρή-

2185 3088 2350 3141 γνυτο
2398 3071 2456 3124 δὲ
2505 3070 2598 3124 καὶ
2644 3069 2706 3123 τὸ
2740 3068 3149 3138 καταπέτασμα
3194 3067 3288 3121 τοῦ
3339 3066 3494 3132 ναοῦ,
3542 3070 3654 3130 τοῖς
3695 3069 3776 3130 εἰς

2189 3165 2352 3219 αὑτὸν
2411 3165 2762 3218 πιστεύουσιν
2799 3161 3140 3240 ἐκκαλύπτον
3187 3161 3288 3233 ῆδη
3336 3160 3406 3214 τὰ
3441 3161 3615 3228 Ἀγια
3664 3159 3778 3212 τῶν

2191 3258 2384 3326 ἁγίων,
2431 3256 2526 3309 καὶ
2569 3255 2635 3309 τὰ
2677 3256 2934 3308 ἐσωτάτω
2981 3253 3261 3309 δεικνύον·
3317 3255 3392 3318 ὡς
3437 3253 3623 3307 οὐκέτι
3675 3254 3779 3322 μὲν

2189 3349 2420 3420 ἐχούσης
2456 3348 2644 3402 στάσιν
2666 3347 2763 3418 τῆς
2795 3346 3020 3418 πρώτης
3051 3346 3277 3418 σκηνῆς,
3306 3344 3780 3417 πεφανερωμένης

2187 3441 2244 3494 δὲ
2281 3440 2383 3514 ῆδη
2410 3441 2509 3512 τῆς
2541 3439 2650 3492 τῶν
2686 3439 2856 3508 ἁγίων
2885 3437 3030 3501 ὀδοῦ,
3060 3437 3220 3508 δῆλον
3257 3438 3312 3491 δὲ
3345 3439 3424 3492 ὃτι
3460 3437 3558 3507 τῆς
3591 3438 3671 3498 είς
3709 3436 3784 3488 τὰ

2192 3534 2360 3601 Ἅγια
2394 3533 2504 3586 τῶν
2532 3532 2725 3600 ἁγίωνο
2760 3532 2916 3598 ἇγιος
2945 3530 3043 3600 μὲν
3076 3530 3185 3601 γὰρ
3215 3527 3660 3600 ὁμολογουμένως
3683 3527 3783 3580 καὶ

2190 3628 2219 3679 6
2247 3625 2408 3695 νόμος
2441 3620 2530 3695 ἦν,
2565 3625 2648 3677 ὅτι
2683 3624 2776 3676 ml.
2798 3622 3146 3692 δικαιοσύνης
3174 3621 3459 3692 πρύτανις,
3497 3619 3691 3688 γέγονε
3722 3620 3782 3670 δὲ

2192 3719 2287 3772 καὶ
2347 3717 2697 3785 παιδαγωγὸς
2757 3717 2837 3779 είς
2888 3715 3156 3785 Χριστόν·
3214 3715 3491 3783 ἀγιωτέρα
3547 3729 3610 3781 γε
3671 3711 3783 3782 μὴν

2189 3809 2540 3880 ἁσυγκρίτως
2586 3810 2618 3880 ἠ
2655 3810 2711 3860 ἐν
2745 3807 2967 3879 Χριστῷ
3015 3810 3216 3860 νοεῖται
3266 3807 3379 3878 ζωὴ
3408 3847 3421 3870 ,
3455 3805 3549 3859 καὶ
3582 3803 3682 3874 τῆς
3723 3807 3782 3857 ἐν

2192 3905 2422 3976 σκηναῖς
2451 3901 2469 3974 [
2495 3903 2582 3956 ισ.
2620 3899 2844 3972 σκιαῖς]
2875 3902 2968 3954 καὶ
2995 3900 3184 3965 τύποις
3212 3900 3468 3970 λατρείας
3506 3915 3783 3971 προφερε-

2192 3996 2362 4067 στέρα
2405 4010 2465 4047 τε
2511 3992 2606 4046 καὶ
2653 3993 2710 4044 ἐν
2761 3991 3042 4062 ἀμείνοσιν
3087 3992 3120 4062 ἡ
3166 3993 3223 4043 ἐν
3262 3989 3537 4060 πνεύματί
3577 4006 3636 4042 τε
3687 3990 3788 4043 καὶ

2189 4089 2442 4162 ἀληθεία.
2473 4085 2623 4158 Ἆρα
2666 4085 2790 4156 οὐχὶ
2834 4084 3152 4156 θεοπρεπῆ,
3188 4083 3287 4138 καὶ
3321 4084 3462 4155 ὑπὲρ
3488 4081 3785 4154 ἀνθρώπου

2190 4182 2355 4251 φύσιν
2402 4178 2471 4232 τά
2499 4177 2679 4232 τοιάδε
2723 4175 2830 4230 τῶν
2864 4174 3310 4246 κατορθωμάτων
3336 4171 3445 4228 εἷεν
3475 4175 3574 4238 av;
3604 4174 3677 4226 Ού
3714 4173 3784 4225 τὸ

2193 4274 2460 4340 σωτήριον
2490 4268 2664 4330 πάθος
2713 4264 3069 4336 δεδυσώπηκε
3118 4266 3218 4336 μὲν
3255 4265 3355 4337 τὴν
3400 4262 3784 4336 στρεφομένην

2196 4361 2493 4431 ῥομφαίαν,
2528 4359 2882 4429 είσκεκόμικε
2917 4358 2973 4412 δὲ
3013 4357 3179 4412 πάλιν
3227 4358 3287 4411 ἐν
3335 4357 3412 4428 τῷ
3467 4355 3791 4428 παραδείσῳ

2192 4452 2285 4505 τὸν
2337 4451 2657 4523 ἀνθρωπον;
2697 4451 2841 4521 Ἔφη
2877 4450 2987 4522 γὰρ
3016 4451 3044 4502 6
3073 4449 3306 4520 Χριστὸς
3353 4448 3433 4520 τῷ
3464 4465 3774 4518 συγκρεμα-

498 4557 618 4606 erat
655 4548 748 4618 qui
807 4546 935 4600 olim
998 4545 1062 4599 ad
1119 4542 1575 4613 patientissimum
1628 4539 1731 4595 Job
1789 4539 2085 4594 clamavit:

2201 4543 2346 4614 μένῳ
2377 4544 2575 4615 λῃστῇ·
2613 4561 2632 4594 ι
2668 4542 2919 4613 Σήμερον
2950 4542 3066 4613 μετ’
3098 4540 3233 4612 ἐμοῦ
3270 4541 3368 4612 ἔσῃ
3401 4544 3460 4594 ἐν
3489 4540 3567 4611 τῷ
3601 4556 3794 4610 παρα-

503 4661 524 4694 ι
567 4639 773 4695 Venisti
804 4638 873 4694 ad
907 4637 1132 4691 fmnlum
1175 4637 1366 4702 maris,
1404 4644 1460 4689 et
1497 4635 1551 4688 in
1593 4633 1876 4704 profundis
1903 4632 2086 4702 abyssi

499 4728 900 4788 deambulasti?
934 4729 1340 4798 Aperiunturne
1391 4725 1488 4780 tibi
1532 4734 1679 4779 metu
1725 4734 1895 4793 porta:
1939 4738 2087 4776 mor-

503 4827 610 4887 tis,
667 4834 720 4876 et
772 4822 1038 4890 janitores
1087 4818 1308 4886 inferni,
1343 4828 1396 4874 te
1442 4827 1759 4887 conspecto,
1797 4827 1922 4870 sunt
1980 4824 2090 4870 tcr-

500 4913 687 4970 riti”?
743 4932 764 4966 ι
797 4914 906 4968 Cur
950 4913 1116 4982 igitur
1160 4926 1248 4966 res
1293 4911 1430 4965 adeo
1478 4910 1692 4964 divinas
1730 4907 1821 4962 uni
1866 4923 1934 4963 ex
1986 4921 2086 4962 no-

472 5019 614 5110 ³ιιι-υ
648 5022 876 5062 numero
908 5017 959 5060 et
993 5005 1196 5059 homini
1246 5003 1419 5058 solum
1454 5001 1692 5056 tribuere
1735 5016 1844 5056 non
1893 5003 2088 5056 erube-

474 5093 655 5158 iscis‘!
706 5097 883 5170 Ipsum
935 5111 1170 5166 namque
1229 5095 1322 5148 Dei
1355 5093 1614 5159 Verbum,
1667 5104 1888 5164 accepta
1939 5094 2085 5148 servi

503 5199 698 5259 lorma,
727 5207 849 5246 cum
883 5189 1033 5245 carni
1066 5198 1122 5243 et
1151 5187 1402 5258 sanguini
1446 5189 1924 5254 communicasset,
1954 5205 2086 5258 pro-

503 5288 680 5358 prium
709 5300 905 5354 corpus
922 5293 1141 5352 propter
1159 5297 1257 5336 nos
1277 5281 1434 5335 morti
1456 5281 1586 5336 dare
1605 5295 1708 5335 non
1732 5280 2015 5352 refugisse,
2037 5291 2091 5335 et

502 5398 626 5436 cum
649 5390 793 5436 esset
813 5395 878 5434 ex
902 5388 1095 5432 natura
1115 5375 1456 5446 impatibilis,
1477 5391 1641 5431 carne
1656 5392 1874 5448 passum
1894 5391 2090 5446 sponte

509 5471 666 5544 137
691 5472 876 5536 fuisse,
903 5472 1061 5525 tidem
1086 5469 1246 5524 faciet
1275 5471 1460 5524 beatus
1483 5467 1682 5523 Paulus
1703 5483 1825 5524 cum
1854 5469 2046 5524 scribit
2073 5486 2087 5520 :

511 5563 778 5620 «Gratias
827 5571 1048 5633 agentes
1101 5563 1275 5627 Patri,
1327 5560 1418 5630 qui
1472 5575 1568 5616 nos
1617 5559 1810 5631 dignos
1860 5559 1984 5612 fecit
2037 5559 2089 5612 in

564 5744 611 5776 “
647 5742 836 5797 Matth.
870 5757 1037 5806 xxvtt,
1064 5741 1151 5796 46.
1228 5742 1275 5774 ⁸¹
1303 5740 1402 5795 Isa.
1441 5757 1488 5802 ι,,
1517 5742 1571 5794 3.
1648 5739 1694 5770 ⁸³
1725 5737 1866 5794 Psal.
1897 5754 2089 5803 uvm,
2111 5738 2201 5793 ει.

511 5815 598 5870 65.

2195 4638 2378 4709 δείσῳ.
2415 4657 2432 4688 ι
2465 4639 2580 4690 Ούκ
2614 4635 2899 4705 ἐπέλαμψε
2930 4637 3041 4698 τοῖς
3066 4635 3124 4688 ἐν
3156 4635 3354 4704 σκότῳ,
3388 4633 3506 4704 μετ’
3537 4631 3794 4698 ἐξουσίας

2196 4730 2486 4799 ἐπιφωνῶν
2538 4728 2597 4781 τὸ
2622 4771 2636 4795 ,
2689 4727 3171 4798 ⁹Ανακαλύφθητε;
3219 4727 3509 4780 Κεκένωκε
3546 4726 3655 4795 γὰρ
3693 4725 3793 4776 τὸν

2195 4825 2330 4897 ᾅδην
2357 4823 2432 4886 ὼς
2460 4822 2615 4885 Θεὸς,
2650 4823 2744 4874 καὶ
2773 4820 2991 4891 δεσμῶν
3021 4820 3190 4888 ἀνῆκε
3216 4818 3344 4881 τοὺς
3377 4819 3433 4870 ἐν
3463 4815 3613 4886 αὐτῷ
3632 4833 3645 4845 ⁸
3691 4815 3794 4869 καὶ

2198 4916 2364 4978 αὐτὸς
2391 4911 2458 4986 ἦν
2481 4915 2510 4965 6
2543 4914 2710 4967 πάλαι
2741 4912 2880 4984 βοῶν
2905 4913 3042 4984 πρὸς
3073 4912 3164 4964 τὸν
3183 4909 3628 4980 τληπαθέστατον
3645 4906 3798 4959 Ἰὼϐ·

2204 5006 2438 5072 «Ἦλθες
2471 5009 2565 5061 ἐπὶ
2588 5005 2768 5077 πηγὴν
2801 5006 3100 5075 Θαλάσσης,
3131 5006 3189 5056 ἐν
3221 5003 3276 5056 δὲ
3313 5001 3516 5072 ἴχνεσιν
3547 5001 3799 5056 ἀϐύσσου

2198 5099 2615 5172 περιεπάτησας
2637 5095 3006 5165 ;Ἀνοίγονταί
3044 5113 3124 5148 σοι
3150 5095 3302 5165 φόϐῳ
3330 5092 3495 5146 πύλαι
3532 5093 3767 5146 θανάτου
3789 5138 3804 5158 ,

2198 5193 2438 5265 πυλωροὶ
2467 5191 2524 5245 δέ
2555 5191 2681 5262 ᾅδου
2716 5181 2924 5252 ἰδόντες
2953 5205 3012 5241 σε
3041 5185 3321 5258 ἔπτηξανς
3365 5205 3382 5238 ι
3416 5185 3482 5238 Τί
3510 5185 3696 5238 τοίνυν
3726 5187 3806 5238 τὰ

2198 5287 2279 5338 ἔτι
2310 5283 2420 5356 [ίσ.
2454 5283 2622 5353 οὕτω]
2651 5282 2936 5354 θεοπρεπῆ
2966 5279 3076 5334 τῶν
3106 5279 3227 5334 καθ’
3255 5279 3404 5350 ἡμᾶς
3447 5277 3526 5330 ἐνὶ
3571 5276 3666 5328 καὶ
3695 5275 3790 5327 ἀν-

2199 5378 2404 5450 θρώπῳ
2432 5378 2581 5449 μόνῳ
2604 5378 2928 5449 προσνέμων
2961 5375 3063 5428 οὐκ
3087 5371 3348 5445 ἐρυθριᾷς
3369 5389 3384 5436 ;
3408 5371 3531 5424 ’Ὁτι
3568 5369 3675 5438 γὰρ
3701 5369 3770 5422 αύ
3787 5401 3810 5407 -

2200 5472 2290 5535 τὸς
2321 5473 2349 5525 ό
2386 5469 2479 5524 τοῦ
2508 5470 2645 5523 Θεοῦ
2672 5470 2864 5538 Λόγος,
2901 5467 3118 5540 μορφὴν
3143 5465 3330 5521 δούλου
3363 5463 3566 5524 λαϐὼν,
3592 5479 3655 5515 σα
3667 5461 3802 5530 ρκός

2200 5579 2260 5615 τε
2292 5563 2384 5616 καὶ
2413 5561 2643 5633 αἵματος
2685 5558 3102 5630 κεκοινωνηκὼς
3123 5597 3139 5623 ,
3178 5558 3448 5628 ἠνέσχετο
3482 5555 3581 5626 μέν
3609 5551 3802 5604 δοῦναι

2280 5740 2325 5769 ⁸⁸
2351 5737 2510 5791 llchr.
2549 5754 2625 5805 II,
2657 5697 2748 5795 8..
2792 5739 2837 5771 "
2871 5736 3053 5793 Galat.
3087 5751 3173 5804 ιιι,
3207 5734 3299 5789 24.
3377 5732 3424 5766 ⁸⁸
3459 5729 3590 5786 Luc.
3634 5743 3799 5794 xxnls

677 5815 719 5844 ⁸⁷
753 5818 854 5867 lsa.
890 5815 1154 5879 uix/l9.
1233 5814 1277 5845 ⁸⁸
1310 5816 1325 5868 ι
1362 5814 1502 5867 l’ctr.
1546 5829 1626 5879 ιιι,
1669 5811 1754 5865 l0.
1831 5809 1875 5840 ⁸³
1906 5809 2008 5863 Job
2074 5827 2085 5862 ι

2193 5824 2306 5874 \‘tll,
2353 5809 2439 5874 Π,
2488 5811 2572 5864 18.
