4080 6420
469 387 576 445 23-9

1501 379 1558 434 S.
1599 377 1868 435 CVRIILI
1912 373 2383 430 ALEXANDle
2427 373 2748 430 ARCHIEP.

3648 367 3758 425 250

470 503 756 560 suscitavit
810 502 985 566 Deus,
1049 498 1140 571 qui
1199 496 1464 563 cernitur,
1529 496 1619 564 qui
1681 493 1856 547 oculis
1921 493 2063 546 vide-

2173 492 2386 562 ’Λρειε.
2440 490 2714 553 ιΤούτον,
2764 489 2939 559 φησὶ,
2989 487 3080 541 τιν
3138 486 3347 557 Ἰησοῦν
3382 484 3678 555 ἀνέστησεν
3730 487 3760 538 6

472 609 562 652 tur
585 596 653 660 υ,
691 613 710 645 ι
746 593 836 662 qui
884 593 1030 660 ligno
1067 590 1296 644 sullixus
1316 588 1387 652 “,
1416 587 1506 656 qui
1557 584 1803 639 manibus
1831 581 2056 637 Tlmma:

471 695 844 761 contrectatus
868 682 1049 744 fuit",
1075 683 1166 752 qui
1210 683 1276 734 ad
1304 683 1476 749 ipsum
1500 675 1789 733 clamavit:
1817 695 1834 726 ι
1871 674 2058 745 l’alpa,

471 783 599 850 quia
639 778 864 850 spiritus
911 790 1131 832 carnem
1163 785 1218 829 et
1258 788 1380 827 ossa
1428 787 1532 826 non
1580 771 1766 840 habet,
1803 771 1942 827 sicut
1975 785 2060 822 me

474 871 672 924 videtis
703 869 908 922 habere
929 867 1017 932 ⁹¹;
1049 883 1066 916 ι
1104 865 1295 932 bisque
1325 875 1620 932 persuasus
1651 859 1951 930 discipulus
1973 857 2061 912 illc

479 963 721 1025 vocibus,
753 969 806 1015 et
837 957 1270 1013 contrectatione
1303 955 1550 1008 crucifixi
1579 953 1826 1022 corporis
1862 953 1930 1006 de
1967 964 2058 1006 re-

478 1055 823 1110 surrectione
858 1051 1060 1106 certior
1097 1051 1289 1109 factus.
1325 1047 1724 1102 admirabilium
1743 1058 1937 1099 rerum
1982 1043 2062 1097 ef-

480 1147 740 1202 fectorem
801 1144 968 1198 Deum
1014 1141 1395 1210 glorilicabat:
1431 1159 1448 1190 ι
1485 1138 1746 1192 Dominus
1790 1149 1968 1203 meus,
2007 1143 2064 1188 et

481 1240 622 1294 Deus
649 1252 825 1300 meus,
854 1235 949 1290 tibi
987 1234 1157 1304 gloria
1185 1232 1270 1287 ":
1307 1249 1326 1282 ι
1364 1246 1471 1285 non
1507 1229 1650 1299 quod
1680 1227 2064 1283 eontrectaba-

480 1341 567 1384 tur
621 1325 898 1398 appellans
939 1325 1147 1389 Deum;
1206 1336 1380 1391 neque
1431 1321 1578 1375 enim
1632 1319 2064 1374 contrectatione

479 1421 735 1474 divinitas
773 1418 1073 1472 invenitur.
1111 1415 1177 1469 Et
1209 1423 1324 1482 post
1360 1413 1468 1466 alia
1500 1427 1518 1466 :
1549 1411 1629 1465 De
1669 1411 1772 1464 hoc
1809 1409 2062 1479 palpabili

477 1514 640 1566 etiam
693 1511 886 1566 Petrus
937 1509 1254 1563 clamabat:
1289 1525 1308 1558 ι
1344 1505 1498 1560 lluuc
1539 1503 1724 1559 Jesum
1780 1503 2065 1558 suscitavit

481 1603 699 1658 Dt‘JIS".
733 1621 751 1653 ι
777 1631 846 1642 -
891 1619 908 1652 ι
933 1599 1164 1654 Dextera
1189 1599 1354 1668 igitur
1381 1597 1470 1651 Dei
1517 1596 1787 1650 exaltatus
1808 1593 1878 1649 ⁸⁸.
1923 1612 1941 1646 ι
1971 1592 2065 1648 De-

481 1706 630 1748 stem
661 1703 840 1745 autem
875 1706 1030 1761 opem
1063 1689 1268 1743 ferente
1293 1688 1434 1742 Deus
1469 1684 1702 1740 Verbum
1731 1683 2062 1754 nouiudige—

481 1791 607 1852 Ilat,
635 1783 778 1857 At'i.]

1127 1915 1276 1971 CAP.
1327 1913 1410 1968 Vl.

547 2057 792 2113 Suseilat
809 2053 1028 2124 quidem
1050 2050 1219 2105 Filius
1241 2060 1505 2113 mortuos,
1526 2060 1758 2117 eumque
1783 2056 2065 2116 mortepo-

479 2154 765 2207 tcutiorcm
788 2147 1115 2202 coulitemur
1135 2187 1147 2210 ,
1179 2157 1451 2197 memores
1478 2141 1624 2194 illum
1649 2139 1864 2195 disertis
1886 2140 2065 2193 verbis

480 2245 728 2299 dixisse:
768 2258 788 2292 ι
824 2239 934 2307 Ego
967 2254 1087 2290 sum
1117 2236 1456 2289 resurrectio
1495 2243 1550 2288 et
1589 2233 1698 2286 vita
1714 2231 1793 2296 ”;
1826 2249 1846 2283 ι
1884 2241 2064 2284 tamen

481 2349 604 2387 eum
626 2332 818 2388 beatus
849 2329 1041 2382 Petrus
1068 2327 1225 2380 uobis
1253 2326 1563 2390 annuntiat,
1589 2323 1777 2378 dicens
1811 2343 1824 2376 :
1863 2339 1882 2372 ι
1910 2319 2065 2375 llnnc

479 2424 664 2481 .lcsum
709 2422 995 2477 suscitavit
1032 2418 1196 2484 Deus,
1229 2436 1249 2469 ι
1286 2417 1464 2487 ipsum
1514 2429 1635 2471 esse
1673 2415 1949 2470 credimus
1975 2411 2066 2468 Je-

481 2534 624 2583 sum,
675 2515 805 2570 illud
847 2514 990 2582 quod
1042 2511 1205 2565 homo
1249 2509 1447 2563 factum
1496 2517 1582 2562 est
1612 2505 1874 2561 Verbum.
1923 2504 2068 2570 Quo-

484 2610 644 2664 modo
669 2621 801 2677 ergo
833 2605 1155 2660 suscitatum
1190 2603 1365 2671 ipsum
1406 2615 1435 2653 a
1471 2599 1634 2654 Patre
1659 2599 1947 2669 quisquam
1979 2598 2066 2653 di-

479 2711 591 2765 cat,
617 2711 672 2756 et
713 2701 833 2769 ejus
876 2698 1066 2752 dextra
1115 2692 1454 2748 exaltatum?
1497 2692 1613 2746 haec
1669 2704 1903 2760 namque
1936 2698 2068 2759 puto

481 2793 724 2863 apertius
776 2789 1102 2845 declaranda
1156 2799 1281 2858 esse
1334 2785 1402 2839 iis
1455 2784 1548 2853 qui
1608 2782 1911 2853 intelligere
1974 2797 2066 2836 ne-

482 2896 710 2954 queunt,
745 2894 827 2947 ut,
860 2878 1109 2936 scandali
1141 2879 1438 2953 occasione
1483 2874 1722 2939 sublata,
1760 2884 1965 2930 rectam
2011 2885 2062 2929 et

481 2989 682 3033 certam
718 2975 965 3030 veritatis
994 2971 1138 3025 viam
1185 2969 1499 3022 reddamus.
1546 2965 1704 3022 Dedit
1740 2979 1874 3035 ergo
1907 2965 2064 3019 morti

481 3072 758 3142 proprium
780 3080 977 3135 corpus
1002 3063 1069 3116 ad
1095 3062 1365 3116 modicum
1386 3069 1596 3130 tempus
1620 3075 1637 3116 :
1666 3076 1685 3110 ι
1712 3057 1898 3114 Gratia
1919 3073 2070 3112 nam-

479 3179 585 3233 que
612 3161 727 3225 Dei,
756 3179 776 3212 ι
808 3173 866 3212 ιιι
896 3159 1075 3227 inquit
1114 3155 1332 3219 Paulus,
1365 3171 1384 3204 ι
1408 3167 1505 3222 pro
1530 3151 1785 3208 omnibus
1828 3153 2067 3222 gustavit

479 3265 712 3309 mortem
739 3252 783 3307 ι.
814 3268 832 3302 ι
879 3248 1082 3304 Deinde
1115 3261 1238 3302 cum
1269 3247 1387 3314 ipse
1425 3253 1573 3302 esset
1619 3244 1709 3299 illa
1741 3244 2061 3300 vivilicatrix

481 3343 574 3396 Dei
623 3341 908 3409 Patrisque
955 3338 1152 3392 dextra
1196 3345 1358 3404 atque
1385 3335 1648 3404 potentia,
1690 3343 1864 3390 morte
1903 3343 2067 3404 atque

477 3433 826 3502 corruptione
865 3427 1134 3484 valentius
1183 3426 1314 3481 illud
1362 3423 1585 3491 effecit;
1625 3424 1693 3479 ad
1734 3425 1897 3494 idque
1941 3439 2058 3480 cre-

479 3528 714 3582 deudmu
761 3523 1001 3592 locuples
1043 3519 1203 3574 nobis
1239 3519 1357 3588 ipse
1393 3518 1551 3573 testis
1593 3517 1719 3582 erit,
1761 3519 1950 3572 dicens
1978 3515 2066 3570 .lu-

479 3622 652 3674 ila-is:
689 3635 708 3668 ε
742 3616 951 3670 Solvite
1000 3613 1259 3682 templum
1295 3612 1420 3676 hoc,
1451 3619 1505 3666 et.
1556 3611 1607 3664 in
1656 3610 1828 3665 tribus
1875 3612 2066 3665 diebus

479 3711 734 3766 excitabo
792 3707 989 3762 illud’.
1039 3723 1058 3756 ι
1136 3703 1378 3770 Intellige
1426 3716 1558 3774 ergo
1604 3703 2066 3772 quemadmodqu

481 3817 639 3855 Stilllll
687 3817 746 3854 se
775 3797 1036 3868 templum
1070 3794 1431 3850 excitaturum
1480 3794 1784 3864 pollicetur,
1816 3793 2066 3864 quamvis

479 3894 624 3949 Deus
651 3908 715 3947 ac
741 3889 905 3945 Pater
929 3889 1144 3943 dicatur
1174 3888 1477 3941 excitasse:
1507 3887 1696 3942 dextra
1725 3900 1978 3955 namque,
2008 3892 2067 3938 ut

475 3985 613 4052 dixi,
666 3995 723 4039 et
781 3981 1028 4053 potentia
1081 3979 1262 4034 Patris
1313 3977 1400 4032 illa
1446 3977 1769 4034 vivilicatris
1813 3987 1898 4034 est
1951 3978 2066 4048 ipse

477 4077 665 4132 Filius.

554 4168 715 4240 139
770 4167 954 4237 Itaque
986 4165 1200 4221 etiamsi
1235 4162 1405 4218 divini
1437 4162 1582 4218 illius
1605 4161 1794 4231 templi
1824 4159 2068 4216 viviﬁca-

479 4263 681 4317 tionem
728 4260 944 4315 edicere
987 4256 1154 4312 Pater
1195 4257 1448 4318 dicatur,
1505 4254 1685 4309 etlecit
1734 4265 1914 4308 tamen
1971 4269 2070 4324 per

479 4357 719 4423 Filium;
755 4353 1111 4422 vicissimque
1153 4350 1370 4406 etiamsi
1416 4348 1560 4402 illam
1605 4347 1777 4402 Filius
1819 4345 2068 4403 ellecisse

478 4453 746 4515 videatur,
790 4463 894 4502 non
929 4455 1109 4501 tamen
1149 4445 1288 4498 citra
1336 4443 1551 4497 Patrem
1594 4440 1644 4492 iu
1681 4439 1886 4509 Spiritu
1915 4455 1930 4493 :
1959 4455 2064 4494 una

477 4543 623 4598 enim
665 4538 967 4597 divinitatis
1010 4548 1204 4593 natura
1244 4537 1299 4590 in
1327 4535 1504 4589 tribus
1533 4535 1770 4602 propriis
1802 4535 2063 4603 hyposta-

2163 582 2298 644 Θεὸς
2321 581 2415 634 τὸν
2447 581 2795 650 φαινόμενον,
2824 580 3013 633 τοῦτον
3042 578 3134 632 τὸν
3166 578 3443 649 δρώμενον
3465 577 3701 648 ὄμμασι,
3732 597 3752 628 ι

2167 673 2259 726 τὸν
2305 673 2449 743 ξύλῳ
2491 671 2941 743 προσηλωοέντα,
2971 672 3066 724 τὸν
3094 673 3216 733 ταῖς
3244 670 3342 723 τοῦ
3375 671 3550 741 Θωμᾶ
3591 670 3762 739 ψηλαι

2173 764 2415 835 φηοέντα
2439 765 2616 836 χερσὶ,
2648 763 2742 817 τὸν
2769 763 2911 834 πρὸς
2939 764 3105 818 αὑτὸν
3133 763 3447 833 κεκραγότα
3466 777 3480 791 ⁸
3515 781 3532 814 ι
3570 762 3761 832 Ψηλά-

2167 873 2365 926 φησον,
2395 856 2478 909 ὅτι
2516 855 2739 927 πνεῦμα
2771 857 2949 926 σάρκα
2979 856 3072 910 καὶ
3101 856 3266 910 ὀστέα
3293 857 3395 910 οὐκ
3420 856 3555 926 ἔχει,
3576 854 3762 920 καθὼς

2164 948 2266 1018 ἐμὲ
2286 947 2543 1021 θεωρεῖτε
2562 948 2756 1020 ἔχοντα
2773 965 2787 981 ο
2804 968 2823 1000 ι
2850 949 2946 1004 καὶ
2959 948 3187 1013 ταύταις
3205 949 3452 1013 πεισθεὶς
3465 951 3496 1002 6
3511 949 3762 1020 μαθητὴς

2161 1043 2281 1103 ταῖς
2309 1042 2540 1109 φωναῖς,
2565 1040 2662 1094 καὶ
2693 1043 2760 1112 τῇ
2794 1041 3111 1113 ψηλαφήσει
3145 1040 3437 1113 [περὶτῆς]
3470 1041 3563 1094 τοῦ
3597 1057 3763 1094 σταυ-

2165 1133 2432 1202 ρωθέντος
2474 1131 2726 1204 σώματος
2762 1134 3008 1198 πεισθεὶς
3041 1133 3424 1196 ἀναστάσεως,
3456 1133 3550 1186 τὸν
3573 1151 3755 1203 παραυ

2161 1224 2438 1292 δοξοποιὺν
2459 1225 2758 1294 ἐδοξολὸγει
2777 1225 2911 1279 Θεόν
2931 1241 2949 1260 ο
2982 1244 3000 1278 ι
3020 1226 3081 1279 ὐ
3101 1225 3308 1298 Κύριός
3334 1243 3438 1296 μου
3457 1226 3556 1280 καὶ
3575 1228 3604 1280 6
3620 1226 3760 1288 Θεός

2166 1334 2290 1388 μου,
2311 1316 2438 1382 δόξα
2466 1335 2550 1371 σοι
2567 1331 2583 1346 '
2599 1337 2616 1368 ι
2637 1319 2698 1370 ού
2723 1318 2786 1371 τὺ
2801 1317 3128 1390 ψηλαφηοέν
3150 1317 3580 1389 προσαγορεύων
3597 1318 3760 1371 Θεὸνσ

2164 1409 2286 1462 οὐδὲ
2327 1411 2439 1478 γὰρ
2488 1409 2809 1481 ψηλαφήσει
2857 1409 3051 1481 Θεότης
3091 1409 3428 1480 εὑρίσκεται.
3469 1412 3576 1464 Kal
3627 1411 3764 1478 μεθ’

2163 1501 2359 1570 ἔτερα,
2411 1500 2548 1573 Περὶ
2595 1500 2691 1555 τοῦ
2723 1500 3052 1573 ψηλαφητού
3103 1500 3295 1554 τούτου
3343 1503 3439 1555 καὶ
3481 1503 3510 1554 6
3557 1503 3764 1572 Πέτρος

2165 1594 2314 1648 ἐῦὁα.
2347 1593 2580 1647 «Τοῦτον
2607 1594 2704 1647 τὸν
2733 1595 2944 1666 Ἰησούν
2969 1594 3268 1665 ἀνέστησεν
3291 1597 3322 1648 6
3341 1594 3528 1658 Θεός.»
3556 1626 3623 1636 —-
3647 1597 3760 1666 (Γῇ

2163 1684 2316 1755 δεξιᾷ
2347 1680 2441 1739 οὖν
2468 1685 2564 1739 τοῦ
2587 1685 2723 1740 Θεοῦ
2759 1685 3013 1756 ὑψωθείς.
3044 1703 3062 1735 ι
3090 1687 3284 1752 Δεξιᾶς
3308 1687 3365 1740 δὲ
3400 1686 3702 1760 βοηθούσης
3725 1689 3758 1740 6

2164 1777 2297 1840 Θεὸς
2327 1777 2500 1847 Λόγος
2521 1778 2624 1832 οὐκ
2647 1777 2900 1850 ἔχρῃζεν,
2931 1779 3141 1850 ’Λρειε.

2773 1914 3028 1970 ΚΕΦΛΛ.
3070 1913 3158 1984 (τ’.

2251 2049 2528 2121 ’Λνξστησι
2563 2051 2662 2123 μὲν
2707 2053 2736 2106 6
2781 2052 2910 2118 Υἱὸς
2941 2054 3066 2116 τοὺς
3094 2053 3324 2123 νεκροὺς
3344 2097 3359 2121 ,
3395 2055 3491 2107 καὶ
3520 2054 3756 2109 θανάτου

2168 2141 2454 2212 κρείττονα
2488 2143 2670 2213 φαμὲν
2701 2143 2968 2216 ὑπάρχειν
3012 2144 3177 2199 αὐτόν
3201 2161 3216 2176 ·
3266 2145 3596 2217 μεμνήμεθα
3641 2146 3760 2217 γάρ

2167 2233 2472 2302 ἀναφανδὸν
2503 2235 2786 2307 εἰρηκότος
2807 2252 2821 2267 ⁸
2851 2255 2870 2290 ι
2893 2237 3039 2306 Ἑγὼ
3062 2239 3178 2308 ειμι
3210 2239 3244 2308 ἡ
3277 2237 3579 2301 ἀνάστασις
3603 2239 3700 2291 καὶ
3719 2239 3757 2309 ἠ

2167 2322 2281 2394 ζωή
2303 2340 2318 2353 ·
2356 2343 2376 2377 ι
2411 2325 2556 2396 πλὴν
2583 2327 2710 2380 ὅταν
2738 2328 2873 2398 ἡμῖν
2906 2328 2936 2381 6
2963 2327 3251 2392 θεσπέσιος
3287 2328 3493 2396 Πέτρος
3521 2329 3762 2397 εὐαγγεο

2167 2413 2406 2488 λίζηται,
2446 2416 2655 2486 λέγων·
2715 2437 2733 2470 ι
2765 2419 2966 2474 Τοῦτον
2996 2421 3086 2474 τὸν
3127 2421 3338 2492 Ἰησοῦν
3382 2423 3683 2495 ἀνέστησεν
3729 2425 3763 2476 6

2167 2507 2322 2574 Θεὸς,
2346 2527 2365 2560 ι
2389 2510 2554 2564 αὑτὸν
2581 2506 2721 2566 εἶναι
2749 2513 3084 2586 πιστεύομεν
3122 2514 3331 2586 Ἰησοῦν
3363 2517 3454 2570 τὸν
3479 2515 3764 2588 ἐνανθρωο

2163 2605 2421 2676 πήσαντα
2449 2606 2642 2674 Λόγον.
2673 2606 2799 2670 Πῶς
2826 2601 2919 2660 οὖν
2948 2606 3248 2679 ἐγηγέρθαι
3288 2609 3420 2680 φαίη
3450 2625 3535 2672 τις
3561 2609 3629 2663 ἂν
3658 2610 3764 2664 αὖ·

2167 2695 2260 2750 τὸν
2307 2697 2463 2769 παρὰ
2493 2697 2586 2751 τοῦ
2621 2698 2855 2766 Πατρὸς,
2887 2698 3138 2768 ὑψῶσθαί
3169 2717 3228 2752 τε
3261 2702 3328 2770 τῇ
3363 2701 3530 2754 αὑτοῦ
3569 2700 3759 2771 δεξιᾷς

2167 2792 2368 2860 χρῆναι
2397 2789 2508 2860 γὰρ
2554 2783 2710 2860 οἶμαι
2749 2790 2920 2843 ταυτϊ
2947 2789 3366 2861 διατρανοῦσθαι
3419 2792 3608 2862 σαφῶς
3643 2795 3761 2856 τοῖς

2167 2881 2270 2934 οὐκ
2293 2880 2480 2952 έχουσι
2501 2884 2663 2947 νοεῖν,
2683 2883 2773 2936 ἵνα
2794 2883 2890 2936 καὶ
2913 2883 3014 2952 τὴν
3033 2883 3130 2936 τοῦ
3157 2885 3460 2938 σκανδάλου
3482 2886 3763 2956 πρόφασιν

2168 2971 2590 3040 άποκείραντες,
2613 2971 2786 3043 ὀρθὴν
2812 2972 2910 3025 καλ⁵
2936 2973 3353 3044 άπλανεστάτην
3381 2976 3481 3046 τὴν
3503 2976 3605 3046 τῆς
3629 2978 3764 3049 ἀλη-

2167 3060 2322 3125 Θείας
2346 3064 2722 3134 ἀποφήνωμεν
2741 3063 2882 3118 ὁδόν.
2908 3064 3120 3118 Δέδωκε
3155 3066 3334 3119 τοίνυν
3355 3067 3417 3120 τὸ
3446 3069 3575 3122 ῖδιον
3599 3069 3764 3138 σῶμα

2165 3152 2245 3222 τῷ
2271 3152 2488 3225 θανάτῳ
2519 3157 2656 3226 πρὸς
2691 3155 2866 3228 βραχύ
2887 3173 2900 3187 ³
2945 3175 2964 3209 ι
3000 3158 3200 3229 Χάριτι
3233 3160 3346 3231 γὰρ
3377 3160 3535 3227 Θεοῦ,
3558 3180 3577 3214 ι
3613 3163 3763 3216 καθά

2094 3273 2138 3335 C
2171 3262 2336 3335 φησιν
2364 3249 2394 3300 6
2422 3247 2652 3312 Παῦλος,
2683 3268 2700 3298 ι
2733 3249 2876 3320 ὑπὲρ
2917 3250 3119 3314 παντὸς
3154 3251 3421 3319 ἐγεύσατο
3447 3251 3703 3308 θανάτου.
3736 3275 3754 3305 ι

2171 3332 2306 3389 Εἶτα
2337 3337 2599 3408 ὑπάρχων
2645 3338 2810 3403 αὐτὸς
2840 3341 2874 3410 ἡ
2926 3339 3192 3406 ζωοποιδς
3227 3343 3321 3396 τοῦ
3353 3343 3489 3396 Θεοῦ
3519 3345 3612 3398 καὶ
3643 3345 3761 3397 Πα-

2167 3427 2297 3498 τρὸς
2316 3428 2467 3493 δεξιὰ
2499 3431 2596 3484 καὶ
2615 3430 2866 3502 δύναμις,
2894 3431 3104 3504 φθορᾶς
3127 3435 3222 3488 καὶ
3249 3435 3483 3488 θανάτου
3510 3440 3764 3503 κρεῖττον

2168 3517 2454 3588 ἀπέφηνεν
2488 3520 2650 3572 αὐτου
2689 3522 2783 3574 καὶ
2810 3523 2947 3592 πρός
2977 3541 3038 3590 γε
3063 3522 3223 3578 τοῦτο
3249 3527 3396 3596 ἡμᾶς
3427 3525 3764 3581 πιστώσεται

2168 3606 2342 3676 λέγων
2376 3609 2516 3675 πρὸς
2561 3611 2849 3676 Ἰουδαίους
2870 3629 2883 3643 ο
2941 3631 2958 3664 ι
2991 3614 3208 3670 Λύσατε
3261 3617 3355 3670 τὸν
3379 3619 3506 3671 ναὸν
3543 3619 3761 3684 τοῦτον,

2167 3698 2264 3752 καὶ
2310 3700 2369 3753 ἐν
2417 3702 2600 3773 τρισὶν
2645 3704 2885 3774 ἡμέραις
2934 3705 3114 3776 ἐγερῶ
3167 3707 3354 3762 αὐτόν.
3393 3727 3413 3761 ι
3465 3710 3630 3774 Σύνες
3667 3709 3764 3765 οὖν

2169 3796 2322 3860 ὅπως
2357 3796 2522 3861 αὐτὸς
2556 3798 2794 3869 ἐγείρειν
2826 3800 2918 3852 τὸν
2953 3801 3147 3854 ἐαυτοῦ
3177 3802 3306 3856 ναὸν
3338 3804 3763 3872 ἐπαγγέλλεται,

2171 3887 2352 3943 καίτοι
2380 3887 2478 3941 τοῦ
2523 3888 2659 3942 Θεοῦ
2710 3891 2808 3943 καὶ
2849 3891 3063 3962 [ἰατρὸς
3091 3893 3398 3963 ἀναστῆσαι
3423 3895 3760 3965 λεγομένου’

2169 3979 2320 4045 δεξιὰ
2342 3979 2474 4054 γὰρ,
2499 3981 2575 4044 ὼς
2602 3981 2762 4052 ἔφην,
2801 3983 2921 4036 ἐστὶ
2957 3983 3053 4036 καὶ
3078 3982 3308 4055 δύναμις
3336 3983 3432 4038 τοῦ
3476 3985 3690 4058 Πατρδς
3729 3991 3763 4057 ἡ

2168 4071 2453 4141 ξωοποιὸς,
2480 4073 2510 4126 6
2537 4073 2684 4138 Υἱός.

2241 4167 2406 4220 Ὥστε
2433 4167 2538 4221 κᾶν
2566 4169 2811 4238 ἐνεργεῖν
2833 4169 2861 4221 6
2886 4169 3078 4240 Πατὴρ
3105 4168 3330 4238 λέγηται
3359 4170 3459 4242 τὴν
3487 4170 3579 4224 τοῦ
3613 4171 3764 4225 οεῖςυ

2167 4258 2299 4314 ναοῦ
2337 4257 2689 4329 ζὼοποίησιν,
2732 4260 3006 4330 ἐνήργηκε
3040 4261 3108 4314 δι’
3143 4260 3306 4314 Υἱοῦο
3354 4261 3458 4318 κᾶν
3490 4263 3540 4315 εί
3585 4262 3765 4332 ὁρῷτο

2168 4351 2330 4404 πάλιν
2359 4352 2388 4404 6
2426 4351 2553 4414 Υἱὸς
2584 4352 2907 4422 ἐνεργήσας,
2939 4353 3053 4406 ἀλλ’
3080 4354 3140 4406 ού
3169 4354 3293 4425 δίχα
3330 4354 3425 4408 τοῦ
3455 4356 3670 4426 Πατρὸς
3701 4357 3764 4410 ἐν

2170 4441 2472 4511 Πνεύματι.
2525 4442 2642 4496 Μία
2692 4443 2803 4512 γὰρ
2855 4445 2888 4513 ἡ
2938 4443 3193 4514 Θεότητος
3247 4445 3448 4514 φύσις,
3493 4449 3550 4500 ἐν
3579 4450 3767 4518 τρισὶν

2169 4534 2534 4588 ὑποστάσεσιν
2562 4535 2756 4599 ίδικαῖς
2785 4537 3076 4607 νοουμένη,
3104 4539 3199 4592 καὶ
3220 4540 3319 4609 τὴν
3341 4541 3426 4610 ἐφ’
3448 4541 3618 4596 ἅπασι
3647 4547 3766 4607 τοῖς

477 4634 628 4689 sibus
680 4632 1026 4700 intelligitur,
1077 4636 1132 4684 et
1184 4628 1237 4682 in
1283 4625 1538 4682 omnibus
1601 4624 1762 4677 rebus
1807 4624 2063 4693 gerendis

2168 4627 2470 4697 δρωμένοις
2500 4627 2718 4697 κίνησίν
2750 4645 2810 4680 τε
2848 4631 2942 4682 καὶ
2975 4631 3258 4702 ἐνέργειαν
3307 4633 3527 4703 ἔχουσα,
3562 4637 3766 4706 νοητὴν

477 4735 682 4780 motum
726 4724 889 4778 habet
915 4731 1080 4792 atque
1115 4719 1515 4790 operationem,
1557 4715 1858 4784 Spiritalem
1896 4717 2061 4769 nimi-

481 4835 598 4872 rum
638 4827 692 4870 et
722 4816 830 4870 Deo
866 4815 1107 4884 dignam.
1153 4811 1500 4879 concedebat
1541 4827 1672 4880 ergo
1705 4825 1903 4876 corpus
1935 4823 2062 4876 pro-

479 4911 609 4978 pria:
653 4918 859 4962 natura:
907 4907 1134 4976 legibus,
1166 4914 1222 4958 et
1275 4904 1466 4957 mortis
1500 4903 1861 4971 gustationem
1911 4904 2064 4957 exci-

479 4999 681 5068 piebat,
719 4999 881 5066 idque
910 5011 1035 5050 cmn
1067 4997 1275 5048 unitum
1321 4991 1450 5047 illud
1486 4991 1720 5046 Verbum
1760 5001 2062 5062 Opportune

481 5091 590 5161 pati
620 5092 860 5155 sineret;
894 5089 988 5143 sed
1018 5088 1066 5140 vi
1099 5087 1278 5139 divina
1314 5085 1450 5138 uniti
1491 5085 1594 5140 sibi
1631 5087 1928 5140 secundum
1959 5086 2060 5157 by-

480 5182 740 5250 postasim
776 5179 940 5234 Verbi
980 5176 1378 5232 viviﬁcabatur.
1411 5175 1606 5229 Totum
1639 5177 1802 5244 igitur
1833 5177 2054 5231 Elimia-

480 5277 605 5328 nuel
648 5272 1017 5343 intelligimus,
1055 5269 1200 5337 quod
1254 5279 1339 5324 est
1385 5266 1822 5336 interpretatum,
1860 5268 2061 5324 Nobis-

479 5384 598 5420 cum
631 5367 792 5430 Deus,
822 5379 944 5418 cum
973 5364 1189 5418 beatum
1222 5360 1440 5416 Petrum
1467 5362 1738 5416 dicentem
1772 5364 2060 5418 audimus:

484 5479 502 5511 ι
541 5460 693 5515 lluue
731 5457 916 5514 Jesum
954 5455 1235 5512 suscitavit
1267 5454 1443 5517 Dens;
1475 5472 1494 5506 ι
1523 5455 1741 5508 etiamsi
1794 5455 1942 5510 illum
1980 5457 2061 5508 vi-

479 5553 688 5608 sibilem
719 5552 871 5606 dicas
899 5558 954 5605 et
987 5549 1130 5618 ligno
1177 5547 1452 5615 suﬂixum,
1507 5546 1656 5603 illum
1685 5546 1910 5604 Thalna:
1946 5563 2064 5604 tua-

549 5759 594 5790 θ’
628 5756 729 5809 Act
785 5768 905 5816 xm,
937 5752 1025 5807 '50.

480 5829 685 5882 “Ps-al.
712 5840 874 5890 cxvu,
909 5825 991 5876 ib.
1066 5821 1295 5877 '"Joan.
1326 5837 1398 5884 ιιι,
1425 5821 1513 5873 ‘23.
1595 5820 1609 5848 ¹
1654 5819 1814 5874 Ilcbr.
1859 5836 1918 5884 ιι,
1948 5823 2003 5876 9.

2169 4718 2415 4786 δηλονότι
2454 4720 2550 4772 καὶ
2595 4720 2902 4792 θεοπρεπῆ.
2937 4722 3146 4776 Οὐκοῦν
3192 4724 3507 4797 παρεχώρει
3557 4727 3657 4798 μὲν
3696 4731 3764 4781 τὸ

2170 4809 2328 4880 σῶμα
2355 4813 2470 4874 τοῖς
2496 4810 2598 4880 τῆς
2631 4811 2766 4875 ιδίας
2798 4811 3014 4881 φύσεως
3044 4813 3253 4883 νόμοις,
3286 4820 3379 4870 καὶ
3405 4817 3505 4888 τὴν
3537 4820 3631 4872 τοῦ
3663 4819 3759 4872 Θαο

2169 4904 2332 4959 νάτου
2361 4904 2552 4964 γεῦσιν
2580 4905 2816 4974 ἐδέχετο,
2835 4907 2926 4960 καὶ
2951 4906 3112 4962 τοῦτο
3141 4911 3334 4964 παθεῖν
3357 4911 3580 4980 ἐφέντος
3608 4915 3768 4986 αὐτῷ

2169 4995 2454 5065 χρησίμως
2487 4993 2582 5048 τοῦ
2625 4995 2923 5061 ἐνωοέντος
2954 4998 3163 5066 Λόγου·
3199 4999 3318 5071 Θείᾳ,
3348 5018 3409 5070 γε
3447 5004 3556 5074 μὴν
3590 5005 3766 5067 egw-

2169 5089 2374 5141 ποιεῖτο
2401 5088 2632 5158 δυνάμει
2664 5092 2732 5161 τῇ
2779 5089 2876 5142 τοῦ
2927 5091 3222 5155 ἐνωθέντος
3261 5095 3412 5164 αὐτῴ
3461 5096 3584 5149 καθ’
3621 5098 3766 5150 ὑπό-

2169 5197 2357 5233 στασιν
2387 5180 2585 5249 Λόγου.
2613 5181 2773 5234 Ὀλον
2802 5179 2896 5237 οὖν
2936 5182 3165 5253 νοοῦμεν
3194 5186 3286 5238 τὸν
3324 5188 3694 5258 Ἐμμανουήλ,
3733 5193 3768 5246 ὃ

2165 5274 2282 5324 ἐστι
2307 5271 2868 5344 μεθερμηνευόμενον,
2885 5278 3024 5331 Μεθ’
3040 5277 3211 5346 ἡμῶν
3227 5283 3260 5332 ὀ
3280 5279 3445 5346 Θεὸς,
3460 5281 3588 5334 ὅταν
3603 5283 3772 5335 ἁκού-

2170 5381 2353 5440 σωμεν
2386 5364 2634 5434 λέγοντος
2661 5366 2757 5420 τοῦ
2788 5368 3078 5424 θεσπεσίου
3110 5371 3350 5438 Πέτρου·
3391 5392 3411 5424 ι
3438 5372 3640 5426 Τοῦτον
3667 5374 3770 5428 τὸν

2182 5455 2388 5525 Ἰησοῦν
2417 5459 2718 5528 ἀνέστησεν
2752 5461 2782 5512 6
2811 5460 2946 5524 Θεός
2967 5479 2982 5493 ο
3008 5479 3026 5513 ι
3073 5463 3178 5515 κᾶν
3216 5463 3308 5516 τὸν
3348 5464 3626 5534 ὁρώμενον
3667 5465 3767 5517 λέ-

2169 5565 2294 5620 γῃς,
2324 5551 2417 5603 καὶ
2448 5550 2873 5623 προσηλωθέντα
2897 5553 2976 5624 τῷ
3003 5552 3166 5622 ξύλῳ,
3192 5555 3284 5609 τὸν
3315 5559 3434 5619 ταῖς
3460 5553 3552 5608 τού
3586 5558 3766 5626 θωμᾶ

1125 5750 1170 5782 ⁸³
1207 5751 1325 5803 Act.
1357 5764 1407 5812 ν,
1449 5749 1537 5803 30.
1614 5748 1662 5781 9‘
1700 5746 1854 5802 Joan.
1894 5750 2063 5812 κν,ἳί

1142 5821 1295 5876 Joan.
1326 5837 1398 5876 ιιι.
1425 5821 1513 5873 ‘23.
1595 5820 1609 5848 ¹
1654 5819 1814 5874 Ilcbr.
1859 5836 1918 5876 ιι.
1948 5823 2003 5876 9.

2177 5751 2222 5781 ³³
2254 5749 2553 5876 [nuntiam
2591 5753 2677 5808 '59.
2758 5755 2802 5786 ³³⁸
2839 5755 2998 5809 Joau.
3046 5727 3258 5821 μίξις.
3338 5759 3383 5790 θ’
3413 5762 3534 5814 Act.
3578 5777 3588 5813 ι
3627 5761 3756 5823 ,ξἰ.

2167 5837 2286 5876 ean.
2325 5839 2384 5876 ιι.
2486 5861 2498 5876 .

2199 5858 2286 5892 till.
2325 5858 2384 5887 ΙΙ,
2421 5858 2498 5876 ΙΙΙ.
