4080 6422
348 392 449 449 2i!

1431 404 1802 464 ADVERSUS
1841 405 2248 465 NESTORIUM
2292 405 2421 462 LIB.
2467 404 2530 461 ν.

3527 402 3639 457 2.52

343 512 746 585 ψηλαφηθέντα
765 514 978 587 χερσὶν,
995 516 1148 571 οὐδὲν
1166 512 1330 590 ἧττον
1347 520 1511 589 ἡμεῖς
1531 522 1952 593 σεσαρκωμὲνον

2070 523 2217 578 nibus
2250 516 3055 586 contrectatam,“nihilominus
3086 518 3216 576 illud
3250 535 3315 575 ex
3349 516 3457 574 Deo
3478 518 3640 573 Patre

343 602 586 675 νοοῦμεν
618 604 712 658 τὸν
755 606 820 657 ὲκ
851 604 991 667 Θεοῦ
1027 607 1240 679 [ἰατρὸς
1270 608 1463 678 Λόγον,
1505 611 1603 664 ἕνα
1633 629 1694 665 τε
1728 613 1823 666 καὶ
1856 613 1948 666 τὸν

2058 613 2290 669 Verbum
2314 612 2672 683 intelligimus
2698 612 3062 679 incarnatum,
3096 625 3376 680 unumque
3408 618 3461 665 et
3483 626 3640 665 eum-

344 696 517 749 αὑτὸν
554 696 933 769 ὁμολογοῦμεν
979 699 1128 754 Υίόν.
1173 699 1433 770 Ἀόρατος
1479 703 1591 776 γὰρ
1640 704 1740 775 τὴν
1788 703 1952 774 φύσιν

2070 708 2176 763 lem
2217 707 2410 763 Filium
2468 707 2795 762 confitemur
2868 707 3001 762 Cum
3042 707 3186 761 enim
3241 721 3339 776 per
3389 715 3639 760 naturam

351 789 643 860 ὅπάρχων,
673 789 905 858 γέγονεν
930 792 1149 863 ὁρατὸς,
1178 793 1262 846 ὅτι
1291 793 1389 849 καὶ
1420 794 1552 848 ἴδιον
1593 791 1662 867 ἦν
1690 795 1857 850 αὐτοῦ
1890 796 1953 849 τὸ

355 879 635 951 ὁρώμενον
687 880 873 952 σῶμα.
922 883 1131 939 Ψάλλει
1159 885 1292 954 γοῦν
1319 887 1348 940 6
1386 884 1530 951 θεῖος
1575 888 1708 958 ἡμῖν
1750 886 1949 942 Δαϐίδ-

363 989 381 1023 t
412 972 477 1024 ὐ
509 971 650 1034 Θεὸς
676 973 941 1044 ὲμνρανῶς
971 975 1114 1047 ἥξει,
1141 977 1170 1030 6
1193 975 1328 1040 Θεὸς
1352 977 1534 1049 ἡμῶν,
1552 979 1653 1031 καὶ
1681 978 1744 1032 οὐ
1776 994 1955 1050 παρα-

357 1064 726 1135 σιωπήσεται.
753 1084 773 1117 ι
812 1066 923 1119 Καὶ
957 1066 1066 1139 μὴν
1100 1068 1194 1121 καὶ
1226 1069 1255 1121 6
1290 1069 1564 1141 μακάριος
1599 1069 1950 1142 Ἀϐϐακούμ·

360 1184 376 1210 ι
411 1158 473 1212 Ὀ
496 1156 637 1221 Θεὸς
674 1157 743 1211 ὲκ
770 1157 990 1230 Θαιμᾰν
1015 1158 1155 1230 ἥξει,
1184 1162 1279 1215 καὶ
1305 1163 1335 1215 ό
1357 1160 1548 1230 “Arta;
1580 1160 1641 1225 ἐξ
1667 1161 1828 1234 ὅρους
1856 1178 1953 1216 καο

352 1248 585 1303 τασκίου
613 1248 860 1314 δασέωςο
877 1270 896 1303 ι
925 1246 1095 1315 Οὗτος
1123 1252 1389 1324 ὑπάρχων
1413 1253 1509 1308 καὶ
1527 1254 1764 1326 ἀναφὴς,
1785 1254 1957 1319 ἁπτὸς

351 1341 615 1409 γενέσθαι
645 1343 870 1411 λέγεται
898 1343 989 1398 διὰ
1010 1344 1073 1398 1:6
1092 1345 1298 1416 ,ὲνωθὲν
1323 1345 1474 1417 αὐτῷ
1520 1347 1683 1418 σῶμα
1702 1366 1714 1379 ο
1752 1348 1956 1419 γράφει

352 1431 489 1500 γοῦν
531 1435 563 1486 6
601 1433 826 1497 Λουκᾶς
850 1449 864 1463 ⁸
903 1454 923 1486 ι
966 1435 1296 1510 Ἐπειδήπερ
1355 1436 1543 1491 πολλοὶ
1591 1439 1957 1510 ἐπεχείρησαν

353 1525 738 1593 ἀνατάξασθαε
773 1526 1031 1598 διήγησιν
1060 1530 1190 1600 περὶ
1222 1530 1335 1582 τῶν
1369 1529 1956 1613 πεπληροφορημένων

354 1619 497 1688 ἡμῖν
538 1618 919 1689 πραγμάτων,
949 1617 1135 1682 καθὼς
1171 1619 1478 1691 παρέδοσαν
1500 1623 1634 1692 ἡμῖν
1663 1625 1715 1675 οἱ
1738 1623 1833 1677 ἀπ’
1859 1624 1957 1696 ἀρ·
1993 1622 2002 1630 ’

353 1709 462 1778 χῆς
497 1710 778 1765 αὐτόπται
821 1710 915 1763 καὶ
950 1710 1222 1783 ὑπηρέται
1255 1713 1537 1785 γενόμενοι
1570 1713 1664 1767 τοῦ
1706 1713 1866 1784 λόγου
1889 1731 1902 1744 ο
1930 1734 1949 1768 ι

356 1803 455 1856 καὶ
488 1803 636 1874 πρός
667 1820 736 1872 γε
770 1803 926 1856 τοῦτό
956 1821 1122 1875 φησιν
1160 1806 1189 1858 6
1224 1804 1387 1875 σοφὸς
1425 1806 1706 1879 Ἰωάννης·
1747 1826 1765 1859 ι
1793 1809 1858 1861 "0
1887 1802 1957 1880 ἦν

2053 809 2200 855 esset
2238 799 2545 866 invisibilis,
2593 800 2767 855 factus
2814 806 2899 855 est
2933 798 3180 864 visibilis,
3217 810 3282 853 eo
3327 797 3471 867 quod
3520 796 3643 850 visi-
3715 815 3719 820 ν

2056 892 2164 949 bile
2198 892 2327 948 illud
2368 907 2565 963 corpus
2592 892 2870 963 proprium
2908 891 3026 961 ejus
3056 900 3196 947 eral.
3227 889 3414 960 Itaque
3450 889 3641 944 beatus

2059 982 2227 1039 David
2269 985 2451 1055 psallit
2481 1003 2496 1041 :
2531 1003 2550 1037 ι
2584 984 2726 1040 Deus
2773 983 3060 1040 manifeste
3104 983 3306 1046 veniet,
3351 980 3490 1036 Deus
3538 995 3639 1034 no-

2055 1088 2191 1142 ster,
2229 1086 2288 1134 et
2323 1092 2430 1134 non
2463 1077 2640 1134 silebit
2666 1077 2716 1147 ³;
2750 1096 2774 1131 ι
2804 1087 2965 1147 atque
2994 1076 3163 1133 etiam
3215 1076 3407 1132 beatus
3461 1074 3639 1129 [laba-

2056 1183 2191 1223 cuc:
2214 1185 2233 1220 t
2260 1167 2404 1224 Deus
2431 1169 2505 1223 de
2521 1167 2765 1223 Theman
2794 1167 2997 1232 veniet,
3026 1176 3079 1222 et
3105 1166 3340 1223 Sanctus
3372 1166 3438 1221 de
3461 1174 3643 1220 monte

2057 1260 2347 1326 umbroso,
2374 1257 2647 1315 condenso
2667 1260 2710 1313 δ.
2734 1278 2752 1311 ι
2801 1258 2899 1314 llic
2926 1274 3049 1315 cum
3081 1267 3230 1315 esset
3254 1257 3418 1315 etiam
3445 1255 3639 1327 impal-

2059 1351 2275 1422 pabilis,
2320 1362 2541 1422 propter
2572 1352 2781 1408 unitum
2829 1350 2932 1407 sibi
2978 1365 3176 1421 corpus
3216 1348 3504 1420 palpabilis
3559 1348 3640 1404 fa-

2058 1454 2176 1499 ctus
2210 1459 2333 1500 esse
2374 1444 2593 1499 dicitur.
2628 1442 2809 1499 Lucas
2845 1453 2998 1500 certe
3050 1442 3283 1498 scribit:
3318 1459 3338 1497 ι
3370 1441 3637 1509 Quoniam
3666 1501 3677 1511 ,

2058 1537 2273 1605 quidem
2308 1536 2484 1591 .multi
2532 1538 2714 1592 conati
2766 1546 2895 1592 sunt
2953 1535 3215 1591 ordinare
3270 1535 3639 1589 narrationem

2058 1643 2179 1697 qua:
2214 1626 2266 1680 in
2300 1627 2461 1683 nobis
2493 1628 2775 1696 completa:
2820 1636 2950 1682 sunt
2975 1639 3182 1690 rerum,
3225 1625 3370 1681 sicut
3399 1623 3642 1679 tradide-

2062 1730 2187 1773 runt
2225 1718 2378 1774 nobis
2410 1718 2502 1788 qui
2536 1719 2606 1775 ab
2635 1718 2792 1773 initio
2833 1717 2934 1788 ipsi
2969 1717 3248 1781 viderunt,
3302 1725 3356 1771 et
3404 1711 3642 1770 'ministri

2063 1808 2280 1863 fuerunt
2322 1806 2651 1863 sermonis'.
2686 1825 2706 1860 ι
2761 1807 2958 1863 Adbaec
3006 1807 3083 1861 ait
3140 1807 3332 1861 beatus
3363 1803 3642 1860 Joannes:

359 1893 454 1948 ἀπ’
494 1895 704 1966 ἀρχῆς,
748 1894 777 1948 ὃ
803 1896 1148 1967 ἀκηκόαμεν.
1176 1896 1205 1950 ὃ
1239 1896 1570 1970 ἑωράκαμεν
1616 1902 1730 1964 τοῖς
1759 1899 1960 1971 ὀφθαλ-

2072 1919 2091 1953 ι
2123 1899 2277 1968 Quod
2321 1900 2422 1955 fuit
2467 1900 2537 1955 ab
2576 1899 2752 1966 initio,
2790 1901 2933 1970 quod
2962 1899 3288 1965 audivimus;
3320 1896 3465 1968 quod
3503 1897 3644 1951 vidi-

366 1989 487 2057 μᾶς
513 1987 702 2059 ἡμῶν,
726 1986 757 2040 6
775 1986 1146 2060 ἐθεασάμεθα,
1177 1990 1269 2043 καὶ
1293 1991 1351 2044 at
1381 1993 1562 2063 χεῖρες
1580 1991 1737 2064 ἡμῶν
1762 1993 1964 2065 ἐψηλά-

366 2098 545 2152 φησαν
578 2081 713 2152 περὶ
746 2080 843 2135 τοῦ
875 2081 1052 2151 Λόγου
1081 2083 1180 2153 τῆς
1223 2082 1391 2154 ζωῆς,
1424 2085 1517 2139 καὶ
1542 2087 1576 2157 ἠ
1606 2085 1722 2157 ζωὴ
1768 2087 1962 2155 ἐφανε-

378 2171 545 2243 ρώθη,
572 2174 668 2227 καὶ
710 2172 1048 2245 ἑωράκαμεν
1085 2177 1178 2229 καὶ
1212 2177 1624 2249 μαρτυροῦμεν,
1656 2180 1751 2231 καὶ
1780 2179 1965 2246 ἀπαγ-

382 2262 637 2333 γέλλομεν
669 2264 809 2334 ὑμῖν
835 2264 939 2337 τὴν
969 2264 1112 2336 ζωὴν
1162 2267 1264 2337 τὴν
1293 2264 1531 2332 αἰώνιον,
1563 2268 1688 2338 ἥτις
1727 2264 1797 2340 ἧν
1826 2268 1965 2340 πρὸς

388 2357 480 2411 τὸν
507 2358 711 2429 Πατέρα
759 2358 858 2412 καὶ
905 2357 1227 2431 ἐφανερώθη
1259 2361 1414 2431 ἡμῖν.
1445 2379 1465 2412 ι
1508 2360 1648 2414 Ἀλλ’
1673 2362 1722 2414 ει
1759 2362 1835 2433 μὴ
1868 2362 1965 2431 γέ-

382 2465 536 2514 γονεν
558 2449 727 2514 ἁπτός
756 2466 819 2503 τε
853 2451 949 2503 καὶ
981 2449 1195 2522 ὁρατὸς,
1232 2450 1308 2515 ὡς
1339 2450 1471 2506 ἴδιον
1504 2452 1646 2524 ἔχων
1668 2452 1732 2506 τὸ
1761 2452 1964 2507 ὑποπί-

371 2558 509 2595 πτον
529 2541 642 2614 ἁφῇ
669 2542 766 2595 καὶ
791 2543 984 2613 ὁράσει
1016 2542 1194 2614 σῶμα,
1228 2543 1348 2608 πῶς
1372 2543 1642 2600 αὐτόπται
1669 2543 1764 2599 τοῦ
1790 2546 1965 2615 Λόγου

369 2632 661 2703 γεγόνασιν
676 2634 728 2687 οί
747 2635 1016 2703 πάνσοφοι
1038 2635 1280 2705 μαθηταί
1299 2652 1325 2705 ;ν
1336 2635 1461 2700 Πῶς
1475 2635 1534 2689 δὲ
1548 2636 1640 2690 καὶ
1654 2635 1964 2703 τεθέανται,

364 2724 813 2796 καὶψηλαφῆσαί
834 2742 969 2794 φασι
996 2725 1090 2779 τὸν
1108 2704 1283 2796 Λόγον
1301 2704 1399 2796 τῆς
1416 2726 1587 2799 ζωῆς,
1603 2729 1725 2799 ἥτις
1739 2723 1809 2799 ἦν
1829 2729 1966 2799 πρὸς

362 2818 456 2871 τὸν
489 2817 738 2889 Πατέρα,
772 2819 871 2878 καὶ,
898 2817 1225 2891 ἐφανερώθη
1261 2819 1424 2891 ἠμῖνς
1455 2819 1659 2873 Τοῦτον
1679 2816 1772 2874 οὖν
1802 2821 1968 2876 αὑτὸν

361 2907 457 2961 τὸν
472 2908 654 2960 ἁπτόν
672 2925 732 2960 τε
759 2908 858 2962 καὶ
885 2909 1108 2975 ὁρατὸν,
1124 2908 1217 2961 τὸν
1237 2908 1316 2980 τῷ
1346 2907 1489 2979 ξύλῳ
1516 2910 1963 2982 προσηλωμένον,

360 3001 588 3068 ἐπέγνω
634 2999 739 3070 μὲν
762 3001 792 3054 6
834 2999 1060 3071 Θωμᾶς,
1087 2999 1362 3070 ὡμολόγει
1395 3000 1453 3054 δὲ
1482 3001 1578 3054 καὶ
1612 3001 1759 3071 μάλα
1791 2999 1966 3073 ὀρθῶς

359 3092 504 3146 Θεὸν
553 3092 653 3145 καὶ
702 3091 932 3162 Κύριον.
983 3092 1129 3163 Ἔφη
1181 3091 1292 3164 γὰρ
1343 3091 1538 3156 εὐθύς·
1578 3110 1597 3143 ι
1657 3091 1716 3146 '0
1762 3092 1967 3163 Κύριός

364 3201 474 3254 μου
502 3185 603 3238 καὶ
630 3186 662 3238 ὁ
693 3184 828 3248 Θεός
847 3201 948 3256 μου
966 3199 1011 3238 ἰ
1037 3180 1158 3238 εἶτα
1187 3185 1325 3257 πρὸς
1344 3184 1509 3239 αὐτδν
1527 3187 1555 3238 6
1577 3185 1779 3256 Κύριος
1808 3184 1966 3255 ἡμῶν

376 3277 594 3349 Ἰησοῦς
623 3276 866 3349 Χριστός
891 3292 907 3305 ο
944 3296 963 3329 ι
994 3277 1120 3330 Ὅτι
1142 3275 1398 3349 ἑώρακάς
1428 3294 1526 3348 με,
1549 3277 1925 3341 πεπίστευκας
1948 3293 1963 3309 °

365 3371 641 3442 μακάριοι
671 3372 722 3424 οἱ
760 3371 835 3442 μὴ
883 3368 1217 3442 ἑωρακότες,
1263 3370 1359 3425 καὶ
1404 3369 1823 3432 πιστεύσαντες.
1847 3387 1867 3420 ›
1901 3369 1967 3422 Τί

361 3466 792 3529 πιστεύσαντες,
824 3463 949 3518 εἰπέ
976 3481 1070 3535 μοι
1090 3480 1107 3530 ;
1130 3458 1280 3536 *Δρα
1297 3464 1398 3534 οὐχ
1423 3463 1507 3517 ὅτι
1527 3462 1662 3527 Θεὸς
1680 3461 1757 3515 ὢν
1782 3462 1966 3532 φύσει,

361 3560 457 3613 τὸν
487 3558 629 3613 τδιον
655 3559 724 3612 ἐκ
757 3557 970 3629 νεκρῶν
994 3556 1263 3627 ἀνέστησε
1293 3554 1457 3622 ναόν;
1484 3553 1679 3609 Καίτοι
1712 3554 1830 3618 πῶς
1860 3555 1970 3624 ἁμ-

362 3650 598 3720 φίλογον
646 3649 711 3704 τὸ
759 3649 998 3720 πρᾶγμά
1030 3649 1216 3714 ὲστινς
1252 3646 1393 3701 Ἀλλ’
1415 3648 1443 3701 6
1480 3646 1717 3719 χρηστὸς
1746 3646 1931 3700 οὑτοσὶ
1952 3686 1967 3712 ,

365 3742 664 3813 μονονουχὶ
725 3742 847 3806 ταῖς
900 3739 997 3794 τοῦ
1058 3737 1306 3811 μαθητοῦ
1361 3741 1567 3809 φωναῖς
1623 3736 1971 3810 ὲπερυθριῶν

362 3829 651 3898 ἀσυνέτως
674 3873 691 3898 ,
716 3834 833 3905 Οὐχ
876 3832 1224 3905 ὡμολόγησε,
1270 3832 1461 3903 φησὶν.
1508 3830 1695 3899 αὑτὸν,
1741 3831 1826 3885 ὅτι
1875 3831 1973 3886 καὶ⁹

363 3926 579 3998 Κύριος
624 3927 727 3980 καὶ
759 3924 895 3989 Θεός
945 3926 1094 3978 ἐστιν
1129 3926 1160 3979 6
1199 3922 1548 3995 πρωτότοκος
1600 3924 1666 3977 ὲκ
1718 3921 1967 3995 νεκρῶν·

368 4015 727 4088 παρατρέπει
768 4013 826 4067 δὲ
861 4012 1065 4081 μᾶλλον
1093 4013 1186 4067 ἐπὶ
1216 4012 1279 4066 τὸ
1311 4011 1463 4082 αὑτῴ
1500 4009 1691 4065 δοκοῦν
1733 4010 1832 4084 τὴν
1876 4009 1971 4065 τοῦ

375 4109 527 4177 λόγου
547 4108 812 4178 δύναμιν,
839 4105 936 4160 καί
967 4121 1154 4176 φησιν,
1178 4105 1261 4158 ὅτι
1288 4103 1381 4157 τὸν
1409 4101 1837 4174 παραδοξοποιὸν
1866 4102 1974 4156 ἐδο-

374 4202 581 4271 ξολόγει
602 4198 765 4265 Θεὸν,
791 4198 968 4268 λέγων
984 4215 1032 4250 ⁸(
1050 4198 1111 4251 '0
1136 4196 1338 4269 Κύριός
1364 4214 1464 4268 μου
1484 4196 1587 4251 καὶ
1604 4195 1631 4248 6
1651 4194 1782 4260 Θεός
1810 4213 1968 4266 μου.»

370 4293 729 4365 Προσεπάγει
757 4291 818 4346 δὲ
860 4290 1108 4354 τούτοις·
1137 4290 1212 4345 Οὐ
1245 4291 1307 4343 τὸ
1332 4282 1659 4361 ψηλαφηθὲν
1701 4305 1973 4360 προσαγο-

367 4387 553 4460 ρεύων
581 4386 752 4441 Θεόν·
779 4384 847 4438 οὐ
881 4383 993 4454 γὰρ
1035 4382 1353 4454 ψηλαφήσει
1397 4381 1603 4454 Θεότης
1633 4381 1971 4451 εὑρίσκεται.

378 4481 685 4551 Ἐπιτιμᾷς
722 4472 819 4532 οὖν
850 4460 929 4547 τῷ
991 4474 1235 4547 μαθητῇ,
1284 4474 1407 4529 εἰπέ
1458 4492 1590 4545 μοι,
1640 4474 1844 4544 Κύριον
1880 4473 1976 4527 καὶ⁹

2068 2006 2188 2046 mus
2221 1990 2392 2045 oculis
2437 1992 2659 2055 nostris,
2703 1989 2846 2060 quod
2894 1990 3294 2059 perspeximus,
3346 1996 3401 2042 et
3451 2000 3645 2041 manus

2068 2092 2268 2138 nostrm
2295 2093 2767 2140 contrectaverunt
2808 2085 2875 2140 de
2905 2083 3086 2141 Verbo
3119 2085 3267 2149 vitae,
3300 2093 3355 2139 et
3386 2084 3494 2137 vita
3529 2097 3645 2135 ma-

2067 2174 2315 2231 nifestata
2343 2184 2448 2240 est,
2483 2182 2538 2230 et
2565 2175 2881 2231 vidimuset
2922 2164 3207 2240 testamur,
3244 2185 3302 2231 et
3346 2173 3641 2230 annuntia-

2068 2282 2188 2322 mus
2216 2267 2370 2322 vobis
2395 2267 2560 2323 vitam
2605 2280 3049 2339 mternam,.qu:e
3070 2277 3191 2324 erat
3216 2269 3365 2336 apud
3401 2265 3643 2330 Patrem,

2066 2370 2121 2415 et
2170 2359 2427 2429 apparuit
2470 2358 2626 2439 nobis
2649 2360 2770 2414 ’.ηις
2805 2358 3065 2426 Sed,-nisi
3124 2357 3316 2414 fuisset
3368 2357 3647 2428 palpabilis

2067 2463 2232 2524 atque
2287 2452 2553 2517 visibilis.
2609 2460 2797 2524 utpote
2847 2467 3049 2523 corpus
3098 2455 3377 2523 proprium
3442 2452 3649 2507 habens

2070 2543 2233 2599 tactui
2279 2543 2527 2613 visuique
2561 2543 2890 2612 subjectum,
2937 2542 3212 2612 quomodo
3257 2538 3645 2609 sapientissimi

2068 2636 2143 2693 illi
2175 2636 2425 2706 discipuli
2471 2636 2733 2691 vidissent
2762 2634 3021 2698 Verbum,
3054 2631 3330 2704 quomodo
3377 2631 3542 2686 etiam
3587 2644 3648 2685 se

2068 2731 2409 2802 perspexisse
2443 2739 2501 2793 et
2546 2736 2918 2785 contrectasse
2949 2727 3195 2783 dicerent
3222 2726 3458 2782 Verbum
3496 2725 3644 2789 vitae,

2067 2837 2189 2893 qua:
2229 2830 2349 2876 erat
2390 2821 2531 2891 apud
2580 2820 2814 2883 Patrem,
2862 2828 2917 2874 et
2950 2820 3202 2890 apparuit
3250 2819 3453 2874 nobis?
3495 2816 3649 2873 Hunc

2070 2912 2233 2981 igitur
2265 2911 2440 2981 ipsmn
2483 2910 2934 2966 contrectabilem
2978 2917 3142 2979 atque
3183 2909 3472 2971 visibilem,
3507 2909 3650 2964 hunc

2067 3003 2160 3073 qui
2184 3001 2329 3071 ligno
2353 3000 2585 3057 suﬂixus
2600 3002 2798 3066 fuerat,
2831 3000 3069 3055 Thomas
3095 3000 3335 3070 agnovit,
3369 3014 3433 3053 ac
3455 3000 3648 3054 rectis-

2069 3095 2207 3150 sime
2263 3093 2429 3148 Deum
2487 3106 2551 3147 ac
2606 3090 2891 3147 Dominum
2940 3089 3214 3146 fatebatur
3254 3107 3270 3146 :
3315 3088 3457 3144 dixit
3503 3090 3648 3144 enim

2070 3183 2328 3239 continuo
2357 3179 2555 3254 ειω
2583 3199 2601 3233 ι
2631 3178 2889 3235 Dominus
2912 3193 3092 3245 meus,
3111 3189 3166 3234 et
3190 3177 3330 3234 Deos
3353 3193 3505 3233 meus
3526 3179 3547 3209 '
3574 3195 3590 3244 ;
3622 3196 3645 3230 ι

2069 3274 2266 3330 deinde
2307 3258 2375 3328 ad
2430 3272 2583 3328 illtnu
2618 3270 2889 3326 Dominus
2912 3276 3103 3327 noster
3147 3268 3307 3324 lesus
3347 3269 3646 3325 Christus:

2074 3382 2096 3417 ι
2126 3363 2284 3430 Quia,
2335 3362 2530 3433 inquit,
2587 3360 2770 3417 vidisti
2827 3373 2936 3426 me,
2997 3357 3280 3414 credidisti
3315 3376 3330 3414 :
3361 3359 3506 3413 beati
3555 3359 3647 3427 qui

2072 3474 2176 3512 non
2207 3455 2477 3522 viderunt,
2504 3464 2559 3510 et
2586 3452 3001 3509 crediderunt“.
3025 3471 3045 3506 ι
3069 3450 3236 3518 Quid,
3262 3466 3390 3521 rogo
3424 3460 3650 3516 tepere-

2071 3547 2361 3603 didernnt.?
2393 3561 2573 3602 nonne
2603 3544 2770 3615 quod,
2798 3558 2921 3599 cum
2964 3542 3108 3598 Deus
3138 3550 3287 3597 esset
3317 3557 3385 3596 ex
3436 3552 3651 3607 natura,

2072 3640 2640 3712 propriumtemplum
2689 3637 2948 3693 excitavit
2997 3650 3029 3691 a
3077 3636 3344 3692 mortuis?
3381 3636 3545 3707 Atqui
3589 3653 3651 3691 ea

2074 3748 2162 3789 res
2209 3732 2339 3803 quid
2384 3731 2751 3800 ambiguitatis
2807 3730 3011 3786 habet?
3065 3728 3172 3785 Sed
3217 3729 3308 3786 hic
3355 3731 3528 3785 bonus
3572 3729 3658 3784 vir

2074 3825 2459 3897 propemodum
2521 3824 2590 3878 de
2650 3821 2900 3893 discipuli
2953 3822 3183 3876 vocibus
3232 3820 3399 3875 stulte
3448 3821 3652 3875 erube—

2073 3933 2254 3982 scens,
2289 3932 2398 3972 non
2421 3914 2705 3970 confessus
2733 3923 2838 3980 est,
2863 3913 3060 3982 inquit,
3092 3911 3380 3966 Dominum
3406 3920 3461 3967 et
3486 3911 3651 3966 Deum

2073 4024 2195 4067 esse
2228 4008 2375 4063 illum
2407 4004 2827 4078 primogenitum
2865 4019 2932 4059 ex
2968 4002 3235 4069 mortuis;
3271 4001 3364 4055 sed
3399 4003 3501 4056 vim
3535 4018 3653 4058 ser-

2075 4100 2251 4156 monis
2280 4099 2542 4168 pervertit
2575 4098 2642 4152 ad
2683 4110 2839 4152 suam
2886 4092 3224 4163 opinionem.
3261 4103 3315 4148 et
3355 4093 3459 4158 ait,
3485 4093 3651 4156 Deum

2075 4189 2475 4245 admirabilium
2520 4203 2744 4258 operum
2780 4184 3091 4241 ell'ectorem
3136 4182 3497 4253 gloriﬁcasse,
3531 4199 3653 4238 cum

2075 4282 2212 4339 dixit
2242 4299 2257 4338 :
2286 4300 2310 4337 ι
2340 4280 2601 4336 Dominus
2628 4293 2803 4342 metis,
2833 4287 2887 4333 et
2919 4276 3061 4332 Deus
3102 4291 3277 4334 meus.
3309 4296 3337 4331 »η
3362 4275 3456 4331 llis
3488 4276 3654 4332 etiam

2076 4374 2268 4445 adjicit
2295 4392 2311 4431 :
2341 4373 2471 4431 Non
2493 4372 2635 4444 quod
2671 4371 3114 4428 contreclabatttt'
3153 4368 3431 4440 appellans
3462 4367 3657 4432 Deum,

2077 4485 2183 4525 non
2235 4466 2381 4523 enim
2426 4463 2865 4521 contrectatione
2913 4461 3170 4518 divinitas
3219 4459 3510 4515 invenitur.
3550 4459 3656 4513 Ac-

363 4573 507 4627 Θεδν
559 4548 887 4640 όνομάξοντι
914 4569 1006 4622 τὸν
1037 4567 1304 4639 Χριστόν;
1345 4566 1538 4620 Καίτοι
1567 4566 1806 4638 δέδειχεν
1841 4567 1967 4638 ἡμῖν

2076 4574 2307 4618 cusasue
2332 4557 2678 4628 discipulum,
2725 4555 2823 4612 die
2846 4553 3002 4621 mihi,
3044 4552 3191 4624 quod
3225 4550 3503 4607 Christum
3550 4548 3657 4603 llo-

363 4662 582 4735 ἀρτίως
604 4664 637 4715 6
667 4659 849 4728 λόγος,
892 4659 977 4713 ὅτι
1007 4657 1141 4722 Θεὸς
1171 4656 1248 4711 ὣν
1284 4657 1427 4712 κατὰ
1463 4655 1625 4726 φύσιν
1668 4657 1696 4709 6
1734 4657 1977 4726 Μονογε-

366 4753 492 4824 Vh“
517 4751 740 4823 ἀναφὴῖ
773 4751 867 4805 καὶ
896 4750 1148 4822 ἀόρατος»
1190 4748 1363 4814 ἁπτὸς
1392 4748 1586 4819 γέγονε
1627 4749 1723 4803 καὶ
1754 4747 1973 4819 ὁρατός.

367 4847 554 4901 Ὅταν
586 4845 646 4898 δὲ
677 4843 871 4915 λέγῃςο
901 4842 978 4897 Οὐ
1006 4840 1117 4914 γὰρ
1146 4840 1459 4913 ψηλαφήσει
1501 4841 1706 4913 Θεότης
1722 4840 1977 4915 εὑρίσκε-

366 4954 487 5003 ται,
520 4935 693 4992 πάλιν
720 4910 901 4988 ἐκεῖνο
925 4910 1191 5007 ὲροῦμεψ
1224 4931 1290 4985 Τί
1322 4910 1723 5002 παρωσάμενος
1753 4910 1856 5001 τὴν
1897 4931 1977 4984 0i-

370 5028 668 5101 κονομίαν,
694 5026 771 5092 ὡς
801 5026 934 5097 περὶ
958 5025 1174 5096 γυμνῆς
1201 5022 1426 5095 διαλέγῃ
1454 5022 1743 5107 θεότητος;
1772 5025 1852 5086 εἰς
1880 5021 1979 5093 λή-

368 5124 478 5193 θην
518 5121 582 5175 δὲ
623 5119 818 5190 ὥσπερ
862 5115 1166 5188 ἐληλακὼς,
1207 5117 1289 5170 ὅτι
1317 5116 1409 5169 καὶ
1438 5114 1751 5187 ὲσαρκώθηρ
1776 5113 1868 5167 καὶ
1897 5115 1980 5167 ὲν-

352 5212 746 5285 .ηνθρώπησεν
772 5212 801 5263 6
819 5209 1031 5281 ἀναφὴς
1058 5207 1154 5262 καὶ
1179 5207 1493 5278 ἀσώματος,
1518 5208 1620 5259 οὐκ
1646 5206 1818 5279 ἀνέχῃ
1830 5198 1977 5274 ,Θεὸν

367 5299 760 5373 ὀνομαζούσης
785 5299 950 5354 αὐτὸν
978 5299 1077 5369 τῆς
1103 5297 1467 5351 θεοπνεύστου
1498 5297 1742 5367 Γραφῆς,
1774 5295 1863 5350 διὰ
1891 5313 1976 5351 τοι

369 5393 439 5446 τὸ
472 5389 865 5462 ἑψηλαφῆσθαι
895 5390 1084 5462 σαρκὶ,
1111 5381 1292 5458 ὦφθαί
1324 5405 1383 5441 τε
1413 5387 1616 5458 ὁμοίως
1650 5389 1764 5451 τοῖς
1796 5387 1975 5456 ἁγίοις

368 5483 707 5546 ἀποστόλοις
728 5499 745 5549 ς
780 5483 922 5537 Ἀλλ’
948 5484 1115 5554 ἡμεῖς
1142 5498 1227 5549 γε,
1255 5473 1301 5534 ὧ
1317 5481 1437 5542 τᾶν,
1459 5479 1597 5550 ὁμοῦ
1621 5478 1700 5550 τῷ
1722 5478 1977 5550 μακαρίῳ

370 5575 579 5646 Θωμᾷ,
603 5573 697 5628 τὸν
719 5573 798 5645 τῷ
818 5574 964 5646 ξύλῳ
992 5568 1444 5643 προσηλωμένον,
1464 5571 1557 5624 τὸν
1579 5569 1977 5643 ψηλαφηθέντα

373 5668 596 5739 κερσὶν,
622 5665 942 5738 ἑωραμένον
975 5682 1037 5718 τε
1066 5666 1180 5728 τοῖς
1207 5662 1571 5732 ἀνθρωπίνοις
1595 5663 1829 5733 ὄμμασι,
1859 5664 1979 5726 ταῖς

456 5839 476 5871 ³
506 5845 657 5931 i‘Sal.
692 5847 911 5915 ath,3.
998 5845 1017 5876 ⁸
1060 5842 1259 5900 llabat‘.
1303 5858 1381 5911 ιιι,
1412 5844 1464 5898 5.
1547 5842 1566 5872 ³
1598 5840 1726 5896 Luc.
1764 5857 1802 5910 ι,
1843 5841 1890 5910 ι,
1918 5843 1971 5896 2.

2082 4652 2288 4710 ιιιὶιιιιιιι
2321 4664 2387 4706 ac
2413 4648 2582 4703 Deum
2613 4646 2888 4717 appellet?
2932 4646 3094 4714 Atqui
3126 4643 3377 4713 proximo
3408 4656 3661 4698 sermone

2079 4745 2512 4801 demonstratum
2564 4748 2678 4806 est,
2731 4739 2878 4793 illum
2924 4735 3298 4805 unigenitum,
3343 4748 3465 4789 cum
3517 4743 3664 4789 esset

2078 4835 2376 4893 secundum
2410 4843 2658 4888 naturam
2682 4830 2845 4895 Deus,
2877 4827 3241 4900 impaipabilis
3264 4835 3325 4881 et
3350 4825 3661 4890 invisibilis,

2081 4927 2404 5004 palpabilem
2433 4939 2556 4980 esse
2590 4921 2791 4978 factum
2838 4929 2893 4976 et
2924 4919 3211 4975 visibilem.
3248 4917 3383 4974 Cum
3422 4931 3553 4973 vero
3584 4917 3664 4971 di-

2086 5022 2167 5078 cis
2197 5016 2359 5078 :.Non
2392 5016 2540 5072 enim
2576 5012 3016 5068 contrectatione
3052 5010 3325 5064 Divinitas
3365 5007 3663 5073 invenitur,

2086 5112 2217 5169 illud
2245 5125 2277 5164 e
2309 5105 2587 5164 contrario
2613 5104 2860 5161 dicemus
2888 5119 2901 5156 :
2934 5102 3098 5171 Quid,
3131 5100 3543 5172 dispensatione
3584 5114 3667 5153 re-

2079 5203 2538 5273 jecta,,tanquam
2555 5196 2624 5253 de
2651 5193 2798 5251 nuda
2821 5193 3111 5250 divinitate
3133 5192 3363 5248 disseris
3383 5228 3401 5254 ,
3434 5199 3490 5246 et
3511 5188 3669 5259 quasi

2084 5294 2283 5350 oblitus
2316 5303 2372 5349 et
2410 5291 2754 5349 incarnatum
2800 5286 2993 5354 luisse,
3043 5293 3100 5341 et
3149 5283 3422 5340 hominem
3464 5280 3663 5335 factum

2085 5382 2660 5454 illumimpalpabilem
2691 5388 2747 5437 et
2772 5381 3175 5448 incorporeum,
3211 5389 3398 5431 sacras
3427 5372 3668 5427 Litteras

2087 5493 2195 5533 non
2225 5476 2465 5531 sustines
2493 5488 2616 5543 qua:
2655 5471 2809 5526 illum
2844 5469 3012 5525 Deum
3055 5467 3352 5539 appellant,
3375 5460 3664 5536 propterea

2085 5570 2232 5640 quod
2259 5581 2426 5624 carne
2463 5566 2535 5622 sit
2561 5571 2950 5627 contrectatus,
2979 5569 3034 5615 et
3064 5560 3215 5618 visus
3254 5557 3327 5612 sit
3359 5557 3490 5612 item
3533 5570 3663 5611 san-

2088 5664 2192 5717 ctis
2220 5657 2517 5730 apostolis?
2550 5656 2657 5712 Sed
2709 5669 2829 5721 nos,
2872 5669 2906 5709 ο
2951 5654 3034 5713 vir
3061 5650 3299 5722 egregie,
3333 5650 3494 5706 simul
3535 5662 3659 5704 cum

2052 5845 2070 5870 ’δ
2104 5839 2307 5897 Ηυιιιι.
2345 5852 2383 5905 ι,
2447 5838 2499 5893 2.
2543 5838 2595 5923 .7
2629 5836 2783 5893 Joau.
2814 5849 2902 5901 xx,
2935 5833 3028 5902 ‘28,
3065 5833 3155 5888 εἶθ.
3233 5832 3253 5862 ⁸
3288 5830 3418 5886 ibid.
