4080 6414
497 391 606 445 245

1607 377 1887 459 crtum
1923 399 2394 458 ALEXANDRINI
2436 404 2758 460 AHCHIEP.

3666 413 3770 466 ΞΗ

495 510 655 565 beato
690 511 915 578 Thoma,
964 517 1110 571 illunt
1149 520 1296 590 ligno
1327 525 1602 590 suﬂixum,
1641 527 1792 581 illum
1834 526 2051 579 manibu

2189 526 2339 598 αύτῷ
2390 531 2729 599 πρεπούσαις
2779 529 3079 620 εύῖημίαις
3115 530 3502 598 στεφανοῦντές
3550 547 3768 599 σαμε-ι·

494 611 914 669 υοιιιτεοισιιιιιι,
963 623 1429 686 conspectumque
1457 620 1711 672 immanis
1752 619 1946 681 oculis,
1995 619 2077 671 di-

495 692 613 754 guis
636 693 885 752 laudibus
907 699 1242 759 honorantes
1266 706 1496 761 dicimus
1527 731 1537 764 :
1569 727 1586 759 ι
1614 709 1876 761 Dominus
1903 725 2076 776 mens,

491 791 546 836 et
571 782 712 839 Deus
745 802 917 843 meus.
954 809 972 842 ι
1013 793 1090 848 Ac
1127 795 1170 849 si
1199 797 1470 867 quispiam
1505 801 1670 863 dicat,
1710 802 1798 854 Dei
1844 801 2074 854 Verbum

489 889 656 931 carne
688 882 901 948 propria
945 899 1188 954 passum,
1233 904 1356 944 eum
1395 891 1619 962 dignum
1657 910 1774 947 esse
1810 895 2076 962 approba-

494 965 660 1034 tione,
695 980 748 1023 et
778 988 805 1024 a
844 989 971 1028 vero
1021 992 1182 1032 sensu
1220 981 1441 1036 minime
1495 984 1772 1048 aberrare,
1825 1002 1946 1038 eum
1997 986 2076 1039 sic

490 1073 707 1127 quoque
759 1063 890 1116 illud
939 1070 1200 1122 manserit
1251 1071 1572 1140 impatibile,
1621 1091 1832 1129 rursum
1883 1093 1948 1129 ex
1993 1077 2076 1133 Itis

489 1163 610 1211 qua:
653 1150 763 1219 ipse
803 1155 1095 1224 scripsisti,
1132 1169 1224 1214 aut
1263 1161 1446 1217 dixisti
1502 1165 1554 1219 in
1596 1165 1859 1222 Ecrlesiis
1905 1184 2074 1222 cuna-

488 1238 588 1292 ltor
619 1245 926 1300 ostendere.
965 1246 1288 1307 Laudandos
1339 1270 1571 1326 namque
1617 1272 1807 1313 censes
1853 1273 2073 1317 sanctos

487 1329 675 1387 Patres
708 1345 924 1392 nostros
969 1339 1098 1394 olitn
1145 1342 1199 1397 in
1235 1343 1416 1401 Nicaea
1456 1349 1735 1417 collectos,
1770 1361 1827 1407 ιιι
1855 1355 1946 1423 qui
1984 1370 2073 1409 ac-

487 1435 732 1480 ruratam
781 1438 836 1483 et
882 1432 1122 1502 undique
1167 1438 1458 1507 expolitam
1489 1441 1638 1498 Fidei
1672 1444 2069 1502 confessionem

484 1518 784 1586 ediderint;
819 1525 913 1577 sed
945 1539 1049 1580 non
1077 1527 1151 1582 ita
1183 1539 1242 1584 ut
1274 1531 1351 1585 illi
1375 1534 1570 1601 sentis,
1603 1537 1826 1592 minime
1855 1557 1868 1592 :
1896 1555 2072 1610 neque

484 1609 666 1663 animo
696 1610 748 1666 in
772 1616 1018 1671 veritatis
1044 1618 1318 1690 dogmatis
1353 1623 1458 1680 fixo
1482 1641 1629 1683 recte
1659 1629 1865 1699 ingredi
1893 1633 2074 1702 cupis,

490 1714 508 1744 σ
539 1701 634 1752 sed
681 1701 960 1759 claudicas
1006 1711 1408 1777 quodammodo
1454 1717 1719 1774 ambabus
1759 1701 2070 1793 suffragini-

486 1788 606 1854 bus,
641 1810 659 1843 ι
716 1805 769 1848 ιιι
824 1808 909 1854 est
950 1802 1256 1870 scriptum’
1291 1816 1389 1861 :et
1441 1821 1603 1865 recte
1647 1813 1748 1868 via:
1793 1788 2066 1871 amatores

483 1881 860 1951 imprudenter
925 1892 1220 1965 objurgans
1251 1939 1264 1962 ,

483 1971 638 2045 141
673 1986 928 2048 tauquam
976 1999 1164 2042 verum
1217 1991 1550 2061 continuas;
1582 1996 1690 2051 imo
1725 2014 1854 2054 vero
1893 2018 1959 2056 ne
2009 2005 2062 2058 iu

477 2065 547 2119 iis
580 2069 794 2136 quidem
835 2087 958 2142 quae
996 2077 1206 2144 dixisti,
1239 2088 1667 2149 permanendum
1716 2099 1908 2160 putas;
1941 2111 2062 2150 nam

475 2158 698 2216 invenio
725 2174 776 2216 te
805 2168 870 2219 de
900 2172 1107 2226 sanctis
1134 2171 1385 2230 Patt'ibus
1409 2178 1590 2235 dicere
1623 2204 1635 2237 :

549 2251 792 2310 Nasvon.
847 2256 1156 2330 [Quoniam
1192 2282 1320 2322 vero
1363 2269 1408 2323 si
1439 2271 1743 2339 dixissent,
1777 2277 2064 2336 Credimus

477 2346 531 2398 in
583 2363 747 2402 unum
807 2350 972 2407 Deum
1029 2355 1298 2424 Verbum,
1335 2359 1574 2418 futurum
1631 2376 1748 2421 erat
1800 2378 1858 2423 ut
1914 2387 2062 2427 mors

475 2437 672 2494 divinae
711 2452 917 2498 natura:
967 2448 1330 2516 tribueretur,
1370 2453 1488 2509 ideo
1541 2473 1739 2513 nomen
1784 2462 2062 2532 accipiunt

475 2545 768 2587 commune
793 2577 806 2600 ,
851 2552 1080 2609 nempe,
1118 2541 1276 2598 Jesus
1311 2545 1591 2613 Christus,
1621 2560 1678 2604 ut
1703 2561 1757 2606 et
1789 2566 2059 2610 mortuum

473 2622 624 2677 illum
653 2627 1018 2695 signiﬁcarent
1043 2673 1059 2699 ,
1097 2643 1150 2690 ct
1176 2636 1325 2690 illum
1357 2654 1461 2694 non
1505 2652 1796 2699 mortuttm.
1832 2645 1929 2700 His
1963 2651 2062 2702 ad-

463 2714 585 2784 jicit
617 2732 636 2770 :
667 2718 851 2791 itaque
881 2726 1104 2793 perinde
1137 2744 1201 2784 ac
1218 2731 1262 2785 si
1293 2733 1414 2800 quis
1439 2733 1623 2792 dicat:
1657 2734 1751 2791 ille
1783 2738 1944 2797 homo
1977 2754 2058 2798 est

475 2817 741 2878 mortuus,
789 2819 1036 2884 quamvis
1080 2822 1263 2876 anima
1317 2825 1391 2878 sit
1452 2826 1820 2900 immortalis;
1877 2842 2058 2890 tamen

470 2901 596 2968 quia
634 2918 828 2960 nomen
864 2907 1002 2964 dixit
1051 2913 1195 2982 quod
1245 2915 1517 2986 signiﬁcat
1549 2920 1685 2976 duas
1719 2932 1976 2991 naturas,
2006 2937 2061 2983 et

470 3006 667 3063 corpus
695 2999 838 3066 quod
873 3003 1105 3058 moritur
1137 3017 1192 3061 et
1222 3010 1459 3065 animam
1515 3012 1904 3082 immortalem,
1937 3019 2060 3075 ideo

471 3082 602 3138 nihil
630 3095 714 3141 est
744 3090 968 3158 periculi
997 3093 1048 3147 itt
1078 3109 1140 3150 ea
1165 3111 1298 3154 voce
1335 3117 1348 3153 :
1393 3111 1687 3174 utrumque
1717 3105 1864 3161 enim
1896 3123 2059 3162 voca-

2189 639 2205 667 ι
2230 619 2287 671 Ὀ
2321 619 2522 686 Κύριός
2563 638 2664 689 μου
2701 619 2795 674 καὶ
2825 619 2859 672 ό
2886 620 3017 683 Θεός
3055 638 3210 690 μου.»
3244 622 3366 674 ’Ότι
3396 621 3450 674 δὲ
3487 622 3587 673 κᾶν
3617 623 3668 672 εἴ
3688 639 3772 684 τις

2181 710 2326 778 λέγοι
2360 714 2524 781 σαρκὶ
2554 715 2619 784 τῇ
2652 713 2759 784 ἰδία
2794 712 2985 768 παθεῖν
3014 713 3105 765 τὸν
3137 712 3231 766 τοῦ
3266 713 3401 766 Θεοῦ
3435 713 3628 781 Λόγον,
3670 715 3769 770 οὐκ

2181 806 2246 858 ἂν
2280 806 2603 876 ἀμοιρήσειε
2637 807 2731 859 τοῦ
2761 807 2855 859 καὶ
2889 805 3229 859 ἐπαινεῖσθαι
3262 805 3392 870 δεῖν,
3423 806 3520 858 καὶ
3552 807 3768 873 φρονεῖν

2181 895 2402 950 ἑλέσθαι
2431 898 2500 949 τὰ
2535 896 2710 966 ἀληθῆ
2754 897 3056 968 (μεμένηκε
3093 896 3202 967 γὰρ
3250 899 3348 949 καὶ
3391 895 3564 958 οῦτως
3622 897 3770 947 ἀπα-

2180 988 2326 1059 θὴς),
2361 988 2700 1058 πειράσομαι
2732 987 3046 1053 καταδεῖξαι
3075 989 3258 1052 πάλιν,
3288 989 3346 1054 ὲξ
3379 983 3454 1041 ὦν
3484 987 3773 1058 γέγραφας

2177 1079 2359 1142 αὐτὸς,
2390 1079 2558 1149 ἧγουν
2587 1078 2797 1149 ἔφηςὲν
2839 1079 3213 1150 Ἐκκλησίαις.
3249 1079 3505 1132 Ἐπαίνου
3532 1080 3630 1148 μὲν
3658 1080 3770 1148 γὰρ

2176 1171 2347 1237 ἀξιοῖς
2388 1173 2513 1235 τοὺς
2542 1171 2732 1239 ἀγίους
2765 1172 3016 1243 Πατέρας
3054 1171 3238 1242 ἡμῶν,
3279 1173 3405 1234 τοὺς
3436 1172 3492 1223 έν
3523 1171 3586 1240 γέ
3621 1187 3768 1242 φημι

2173 1267 2240 1334 τῇ
2291 1264 2545 1317 Νικαέων
2607 1263 2748 1317 κατά
2809 1265 3036 1332 καιροὺς
3097 1263 3641 1334 συναγηγερμένους,
3690 1263 3771 1325 ὡς

2167 1358 2378 1428 ’ἀκριϐῆ
2405 1358 2498 1410 καὶ
2523 1355 3009 1428 τετορὶν]ευμένην
3058 1355 3157 1426 τῆς
3194 1356 3431 1419 πίστεως
3478 1357 3612 1425 ἡμῖν
3663 1353 3768 1426 τὴν

2173 1449 2464 1519 ὁμολογίαν
2513 1445 2572 1502 εῦ
2622 1451 2767 1519 μάλα
2807 1450 3218 1519 πεποιημένους
3249 1466 3261 1479 ·
3302 1447 3656 1519 πεφρόνηκάς
3699 1464 3768 1516 γε

2176 1541 2284 1612 μὴν
2324 1541 2383 1595 ού
2415 1541 2484 1594 τὰ
2528 1540 2755 1594 ἐκείνων
2802 1541 3000 1593 ποθέν·
3035 1539 3158 1593 οὗτε
3197 1539 3304 1611 μὴν
3338 1543 3453 1603 τοῖς
3485 1539 3584 1610 τῆς
3628 1540 3767 1610 ἀλτΓ

2174 1634 2323 1697 θείας
2373 1635 2643 1703 δίγμασιν
2681 1634 2963 1703 ἐνερείσας
3021 1633 3114 1686 τὸν
3177 1632 3324 1698 νοῦν,
3374 1631 3512 1703 ὀρθὰ
3558 1631 3767 1702 βαίνειν

2173 1724 2492 1795 ἐπιθυμεῖς,
2548 1743 2565 1775 ι
2601 1723 2862 1794 χωλεύεις
2892 1723 2962 1777 ’δὲ
3007 1722 3196 1794 ὥσπερ
3243 1723 3590 1794 ἀμφοτέραις
3638 1724 3767 1786 ταῖς

2175 1817 2404 1886 ἰγνύαις,
2438 1835 2457 1869 ι
2497 1816 2638 1869 κατά
2666 1815 2728 1869 τὸ
2756 1814 3146 1888 γεγραμμένον
3166 1831 3179 1846 ·
3205 1817 3319 1879 τοῖς
3345 1815 3444 1886 μὲν
3467 1815 3568 1885 τῆς
3605 1813 3767 1886 ὀρθό-

1345 1903 1487 1968 qtlod
1557 1903 1651 1958 tibi
1719 1906 1819 1976 ipsi
1888 1908 2057 1978 placet

2171 1926 2334 1980 τητος
2378 1910 2636 1979 ἐρασταῖς
2695 1907 2974 1970 ἀσυνέτως
3025 1907 3322 1978 ἐπιτιμῶν,
3369 1907 3654 1978 κρατύνων
3697 1923 3765 1975 γε

2171 2002 2280 2073 μὴν
2309 2001 2385 2064 ὡς
2415 2000 2612 2071 ἀληθὲς
2640 1999 2702 2052 τὸ
2733 1999 2882 2070 αύτῷ
2929 2015 3010 2052 σοι
3042 1999 3234 2053 δοκοῦν
3253 2016 3267 2031 ⁸
3306 2000 3508 2069 μᾶλλον
3549 1999 3605 2053 δὲ
3637 1998 3764 2052 οὐδὲ

2167 2085 2248 2155 οἷς
2271 2091 2431 2154 αὐτὸς
2455 2091 2590 2161 ἔφης
2616 2090 2878 2160 ἐμμένειν
2905 2089 3099 2154 ἀξιῶν·
3123 2090 3365 2161 εὑρίσκω
3395 2089 3504 2163 γὰρ
3532 2089 3765 2158 λέγοντα

2169 2181 2295 2252 περί
2323 2181 2432 2234 τῶν
2453 2181 2626 2244 ἀγίιον
2648 2179 2908 2250 Πατέρων
2922 2196 2936 2210 ·

2237 2270 2494 2344 [Ἐπειδὴ
2545 2271 2654 2342 γὰρ
2705 2269 2814 2342 [ἵσ.
2846 2271 2918 2342 εἰ]
2954 2272 3261 2348 εἰρήκασιν,
3291 2271 3372 2324 ὅτι
3421 2270 3764 2341 Πιστεύομεν

2167 2365 2247 2428 είς
2277 2364 2373 2417 ἕνα
2393 2363 2528 2417 Θεὸν
2557 2364 2750 2432 Λόγον,
2781 2363 3005 2433 ἔμελλεν
3034 2365 3062 2416 6
3103 2362 3333 2426 θάνατος
3358 2365 3424 2435 τῇ
3461 2363 3581 2435 θείᾳ.
3612 2363 3764 2432 λογί-

2167 2455 2358 2520 ζεσθαι
2383 2455 2566 2526 φύσει,
2589 2457 2760 2526 ῦνομα
2791 2456 3036 2525 δέχονται
3065 2455 3244 2509 κοινὸν
3274 2456 3356 2523 τὺ,
3384 2457 3620 2527 Χριστὸς
3653 2457 3765 2528 ’ἰη-

2167 2549 2316 2615 σοῦς,
2344 2550 2431 2604 ἵνα
2456 2550 2552 2602 καὶ
2583 2549 2674 2602 τὸν
2701 2548 3048 2602 ἀποθανόντα
3078 2549 3384 2619 σημάνωσι,
3418 2549 3512 2602 καὶ
3544 2548 3637 2600 τὸν
3681 2549 3762 2619 μὴ

2165 2643 2525 2698 ἀποθανόντα.
2547 2643 2918 2712 Προσεπάγεί
2937 2641 3005 2694 δὲ
3022 2647 3254 2706 τούτοις
3275 2658 3288 2670 ·
3317 2641 3480 2696 Ὥστε
3503 2640 3556 2694 εί
3572 2658 3658 2704 τις
3673 2640 3765 2695 λέ-

2163 2753 2270 2806 γοι,
2310 2735 2368 2790 ’0
2392 2737 2537 2790 δεῖνα
2557 2735 2842 2806 ἄνθρωπος
2874 2733 3137 2798 ἀπέθανε,
3169 2733 3346 2786 καίτοι
3377 2735 3410 2804 ἡ
3441 2732 3588 2805 ψυχὴ
3627 2733 3770 2788 ἀθά-

2165 2827 2320 2892 νατός
2366 2830 2534 2890 ἐστιν,
2576 2826 2692 2880 ἀλλ’
2715 2825 2906 2894 ἐπειδὴ
2937 2824 2996 2877 τὸ
3026 2824 3199 2894 ὄνομα
3233 2819 3354 2877 εἷπε
3386 2825 3448 2878 τὸ
3491 2827 3762 2894 σημαῖνον

2162 2918 2262 2982 τὰς
2287 2917 2379 2971 δύο
2409 2918 2622 2988 φύσεις,
2651 2917 2746 2969 καὶ
2775 2915 2836 2969 τὸ
2868 2915 3030 2986 σῶμα
3059 2915 3122 2968 τὸ
3143 2914 3506 2986 ἀποθνῆσκον,
3539 2917 3633 2968 καὶ
3657 2917 3762 2988 τὴν

2161 3007 2342 3080 ψυχὴν
2373 3007 2472 3079 τὴν
2518 3005 2807 3071 ἀθάνατον,
2837 3005 2937 3058 οὐκ
2967 3003 3079 3074 ἔχει
3109 3002 3359 3057 κίνδυνον
3383 3004 3416 3073 ἡ
3445 3003 3627 3072 φωνή·
3664 3002 3761 3056 ἀνο

2163 3101 2381 3173 θρωπος
2415 3099 2525 3171 γὰρ
2571 3097 2821 3152 καλεῖται
2855 3096 3172 3168 ἀμφότερα,
3206 3095 3300 3152 καὶ
3338 3093 3406 3148 τδ
3445 3093 3626 3164 σῶμα,
3661 3094 3761 3145 καὶ

469 3183 558 3228 tur
603 3177 792 3245 homo,
838 3192 892 3236 et
921 3198 1119 3255 corpus
1170 3197 1224 3244 et
1278 3193 1459 3247 anima
1501 3212 1516 3261 ;
1555 3195 1628 3250 ita
1682 3195 1852 3268 igitur
1902 3200 2057 3256 etiam

2173 3193 2377 3266 ἡψυχὴ
2402 3210 2414 3223 ·
2437 3191 2584 3245 οὕτω
2613 3191 2808 3244 τοίνυν.
2831 3190 2926 3243 καὶ
2950 3191 2979 3242 6
3014 3188 3186 3258 μέγας
3214 3188 3421 3250 ἐκεῖνος
3462 3183 3623 3255 χορὸς
3649 3183 3761 3255 ἔφη

471 3283 696 3336 magnus
719 3270 808 3363 ilic
841 3275 1041 3330 chorus
1067 3277 1135 3333 de
1163 3279 1382 3337 Christo
1415 3285 1573 3340 dixit.
1603 3284 1624 3358 ]

1102 3413 1255 3468 CAP.
1298 3416 1404 3472 VII.

539 3542 672 3594 Cum
729 3544 834 3597 illis
869 3546 1145 3603 Christum
1206 3553 1391 3608 Jesum
1445 3556 1732 3627 dixerunt,
1766 3579 1869 3619 non
1921 3566 2058 3623 duos

471 3634 609 3686 titius
649 3636 876 3689 seorsim
905 3676 919 3700 ,
948 3639 1040 3708 qui
1075 3657 1364 3700 commune
1399 3647 1662 3705 haberent
1695 3654 1797 3710 hoc
1828 3672 2048 3727 nomen,

461 3724 719 3781 Christus
746 3725 942 3796 Jesus,
972 3733 1065 3787 sed
1091 3733 1220 3789 illud
1250 3751 1315 3791 ex
1355 3737 1462 3794 Deo
1510 3742 1746 3800 Verbum
1782 3724 2055 3805 hominem

468 3815 672 3871 factum
700 3819 1068 3890 signiﬁcasse,
1105 3840 1529 3898 repugnatur-um
1568 3836 1659 3905 qui
1694 3841 1869 3908 sapiat
1907 3852 2057 3900 certe

467 3919 599 3976 puto
646 3910 922 3967 nemiuem
953 3929 966 3966 :
996 3930 1059 3971 ac
1093 3929 1290 3986 praeter
1327 3937 1387 3976 ea
1431 3941 1551 3993 qua:
1589 3927 1699 3998 jam
1736 3931 1877 3987 dicta
1905 3944 2052 4000 sunt,

467 4001 567 4054 hac
593 4001 658 4056 de
701 4017 758 4057 re
787 4004 936 4072 plura
963 4007 1140 4063 adhuc
1176 4010 1381 4069 referre
1419 4017 1580 4072 verba
1603 4061 1618 4084 ,
1650 4037 2050 4092 supervacuum

465 4091 556 4154 sit,
590 4094 806 4162 opinor.
847 4093 1228 4156 Verumtamen
1291 4106 1336 4160 si
1383 4106 1449 4161 iis
1495 4123 1616 4179 qua:
1665 4091 1806 4167 dicta
1865 4126 1993 4170 sunt
2023 4132 2054 4173 a

467 4183 657 4247 nobis,
715 4190 1028 4256 persuaderi
1087 4193 1180 4248 tibi
1238 4212 1342 4251 non
1405 4209 1582 4268 potest
1635 4213 1693 4258 ut
1756 4207 2047 4280 intelligas,

463 4274 679 4331 etiamsi
719 4278 965 4338 dicamus
1017 4283 1191 4353 ipsum
1252 4288 1348 4345 Dei
1387 4291 1644 4360 Verbum,
1679 4309 1904 4370 prepter
1930 4274 2052 4357 'nos

462 4381 625 4422 carne
665 4382 914 4438 passum,
946 4372 1297 4434 nihilominus
1329 4381 1457 4436 illud
1489 4399 1518 4437 a
1549 4386 1706 4442 nobis
1756 4389 2051 4460 impatihile

463 4467 718 4527 tanquam
749 4459 917 4519 Deum
954 4469 1200 4535 servari,
1235 4471 1426 4526 saltem
1466 4474 1573 4529 tuis
1602 4477 1823 4534 vocibus
1840 4459 2050 4551 largire

2167 3285 2300 3356 περὶ
2332 3281 2618 3356 Χριστοῦ]

2770 3419 3023 3474 ΚΕΦΑΛ.
3063 3419 3137 3471 Ζ’.

2235 3545 2357 3618 Ὅτι
2407 3563 2506 3633 μὲν
2549 3559 2784 3632 Χριστὸν
2844 3557 3053 3629 Ἰησοῦν
3108 3557 3507 3627 ὀνομάσαντες,
3543 3555 3604 3607 ού
3648 3553 3749 3609 δύο

2163 3657 2257 3711 καὶ
2285 3656 2389 3710 ἀνά
2431 3655 2596 3727 μέρος
2626 3653 2795 3716 υἱοὺς,
2835 3650 3022 3704 καινδν
3053 3649 3276 3719 ἔχοντας
3315 3647 3485 3749 όνομα
3509 3647 3590 3749 τὸ,
3620 3647 3760 3749 ξριῖ

2162 3748 2286 3812 στὸς
2324 3747 2554 3819 Ἰησοῦς,
2584 3744 3047 3816 ὲνηνθρωπηκότα
3072 3742 3129 3795 δὲ
3166 3741 3380 3844 μᾶλλονν
3396 3740 3488 3793 τὸν
3515 3739 3758 3844 ὲκῂΘεοῦ

2160 3839 2334 3907 Λόγον
2391 3835 2917 3907 κατασημαίνουσιν,
2971 3832 3248 3902 ἀνταίρειν
3327 3826 3485 3902 οἶμαι
3540 3828 3652 3881 τῶν
3695 3826 3757 3882 εὖ

2161 3928 2503 4002 φρονούντων
2541 3926 2771 3981 οὐδένα·
2803 3924 2898 3978 καὶ
2927 3923 3009 3986 τὸ,
3051 3921 3131 3975 ἔτι
3179 3922 3427 3993 μακροὺς
3468 3919 3598 3988 περὶ
3633 3919 3759 3972 τούς-

2157 4039 2266 4077 των
2303 4021 2452 4094 ἡμᾶς
2495 4018 2813 4087 ἀντεξάγειν
2849 4016 3043 4084 λόγους
3073 4015 3211 4114 πρὸς
3238 4017 3371 4114 τοῖς.
3390 4013 3758 4114 ﬁda-75?“?

2161 4113 2364 4185 μένοις,
2397 4109 2652 4184 περιττὸν
2680 4104 2834 4179 οἶμαι
2867 4123 2992 4161 που.
3022 4105 3173 4176 Πλὴν
3205 4107 3253 4159 εἰ
3285 4107 3400 4170 τοῖς
3425 4103 3564 4176 πρὸς
3591 4103 3756 4174 ἡμῶν

2157 4208 2258 4260 οὐκ
2292 4205 2565 4275 ἀναπείθῃ
2596 4203 2798 4271 λόγοις,
2828 4199 2909 4264 εἰς
2934 4217 2999 4270 γε
3038 4199 3101 4252 τὸ
3135 4199 3354 4299 ἑλέσθαι
3394 4200 3634 4299 ιρρονεῖν,
3670 4197 3755 4299 ὅτι

2158 4300 2264 4353 κᾶν
2307 4298 2557 4368 λέγωμεν
2605 4294 2772 4366 σαρκὶ
2824 4291 3157 4348 πεπονθέναι
3203 4292 3272 4346 δι’
3311 4293 3468 4364 ἡμᾶς
3516 4292 3608 4345 τὸν
3651 4291 3750 4343 τοῦ

2157 4390 2294 4446 Θεοῦ
2342 4390 2538 4457 Λόγον,
2587 4387 2776 4458 ἀπαθῆ
2824 4387 2918 4442 καὶ
2963 4386 3109 4440 οὕτω
3145 4385 3424 4458 τηροῦμεν
3474 4384 3638 4439 αὐτὸν
3673 4383 3755 4446 ὡς

2157 4484 2290 4539 Θεόν
2310 4501 2325 4515 ο
2361 4482 2463 4536 κᾶν
2496 4481 2627 4551 γοῦν
2657 4481 2779 4544 ταῖς
2813 4479 3045 4533 σεαυτοῦ
3079 4477 3306 4550 χαρίζου
3340 4480 3565 4547 φωναῖς,
3598 4476 3661 4529 τὸ
3690 4472 3752 4528 εὖ

461 4559 518 4599 ιιι
556 4562 703 4607 recte
744 4555 969 4624 prolatae
1008 4561 1314 4618 videantur.
1374 4562 1526 4620 Sicut
1558 4568 1702 4621 enim
1734 4570 1826 4640 qui
1868 4572 2048 4628 homi-

2164 4547 2731 4647 πεποιῆσθαι-δοκεῖν.
2760 4573 2975 4643 Ὥσπερ
3010 4547 3118 4643 γὰρ
3221 4570 3508 4642 ἄνθρωπον
3554 4568 3750 4636 εἰπὼν,

462 4657 582 4694 num
609 4643 780 4710 dixit,
813 4645 972 4701 simul
1005 4664 1128 4704 cum
1162 4667 1394 4720 corpore
1423 4656 1747 4728 signiﬁcavit
1780 4662 2044 4732 animam,

458 4736 708 4802 quamvis
740 4737 854 4792 haec
906 4751 1153 4796 naturam
1196 4745 1390 4801 habeat
1434 4750 1502 4805 ab
1533 4766 1599 4806 eo
1624 4752 1926 4825 diversam,
1971 4759 2047 4818 ita

462 4834 542 4890 ιιι,
568 4827 784 4885 etiamsi
815 4846 1011 4898 corpus
1047 4835 1281 4893 fortasse
1329 4840 1561 4910 alicujus
1617 4857 1892 4906 mortuum
1923 4867 2047 4911 esse

459 4916 706 4984 dicatur,
743 4932 890 4979 totus
919 4924 968 4977 id
1010 4927 1170 4982 homo
1216 4945 1408 4999 passus
1451 4950 1557 4989 non
1602 4939 1838 4996 absurde
1880 4943 2042 5000 intel-

459 5007 694 5078 ligatur,
725 5017 974 5082 quamvis
1012 5019 1248 5073 animant
1306 5023 1503 5078 habeat
1558 5029 1696 5082 haud
1748 5036 1906 5088 morti
1949 5038 2047 5091 ob-

459 5104 674 5159 noxiam
715 5104 760 5138 ⁸ο
799 5122 814 5170 ;
851 5107 930 5162 sic
974 5123 1034 5163 se
1083 5125 1168 5164 res
1214 5113 1376 5168 habet
1423 5117 1473 5170 in
1516 5121 1758 5177 omnium
1801 5137 2043 5184 nostrum

459 5191 742 5250 salvatore
790 5195 1031 5254 Christo.
1084 5199 1219 5255 Nam
1268 5205 1390 5274 quia
1438 5207 1569 5262 illud
1612 5224 1680 5264 ex
1724 5211 1837 5268 Deo
1884 5215 2044 5274 Patre

460 5283 731 5352 Verbum,
777 5298 836 5344 ut
877 5305 1020 5358 saepe
1061 5292 1336 5358 diximus,
1393 5300 1663 5370 particeps
1720 5303 1818 5360 i‘uit
1861 5310 2042 5365 carnis

455 5392 510 5432 ct
552 5382 832 5451 sanguinis
897 5385 1149 5440 similiter
1185 5401 1250 5441 ac
1291 5404 1390 5445 nos
1415 5430 1427 5454 ,
1461 5402 1516 5447 et
1551 5409 1750 5465 corpus
1797 5399 1925 5454 illttd
1973 5419 2040 5459 ex

457 5484 646 5527 sancta
682 5473 908 5546 Virgine
936 5475 1040 5530 sibi
1076 5479 1352 5547 proprium
1391 5482 1555 5549 fecit,
1584 5497 1638 5541 et
1665 5491 1737 5544 ita
1778 5492 1919 5548 lilius
1947 5495 2044 5549 lto-

460 5566 623 5620 niinis
649 5575 732 5620 est
764 5566 939 5622 factus
970 5584 984 5633 ;
1019 5569 1120 5625 hac
1150 5571 1215 5625 de
1241 5587 1430 5640 causa,
1457 5587 1667 5635 mortua
1697 5580 1814 5650 ejus
1853 5602 2039 5653 carne,

457 5669 600 5711 venae
655 5657 801 5712 illius
845 5658 1060 5716 unionis
1111 5663 1248 5720 ratio
1308 5667 1617 5736 passionem
1667 5673 1768 5745 ipsi
1829 5679 2038 5748 tribuit,

530 5827 552 5858 ⁹
577 5834 644 5889 ιιι
682 5835 818 5909 Rrg.
861 5853 1017 5910 svnt,
1050 5841 1137 5897 2i.
1221 5844 1262 5875 ¹⁰
1291 5843 1454 5903 Hebr.
1488 5863 1547 5916 ιι,
1582 5850 1667 5906 15.

2162 4671 2503 4739 συνεσήμανε
2537 4665 2616 4736 τῷ
2642 4665 2856 4736 σώματι
2890 4665 2983 4735 τὴν
3013 4663 3212 4734 ψυχὴν,
3242 4663 3420 4717 καίτοι
3453 4664 3550 4734 τὴν
3585 4661 3752 4730 φύσιν

2157 4764 2514 4836 ὑπάρχουσαν
2555 4759 2824 4830 ἑτεροφυᾶ
2864 4757 2994 4828 παρ’
3031 4757 3184 4820 αὐτὸ,
3230 4756 3333 4810 κάν
3362 4757 3411 4809 εἰ
3443 4754 3659 4824 λέγοιτο
3687 4754 3752 4807 τὸ

2154 4857 2250 4915 τοῦ
2295 4857 2466 4918 δεῖνος
2502 4853 2662 4924 σῶμα
2691 4851 2854 4922 τυχὸν
2900 4850 3216 4914 ἀποθανεῖν,
3259 4848 3399 4912 ὅλως
3446 4846 3604 4901 τοῦτο
3652 4863 3746 4898 πε-

2155 4949 2369 5011 πονθὼς
2399 4949 2427 5000 6
2472 4945 2759 5014 ἅνθρωπος
2802 4943 2962 4996 νοοῖτ’
3000 4941 3066 4996 ἂν
3115 4941 3372 5004 εἰκότως,
3421 4939 3602 4992 καίτοι
3644 4938 3733 4991 θα-

2156 5045 2321 5099 νόιτου
2353 5043 2452 5094 οὐκ
2484 5039 2622 5109 ἔχων
2660 5036 2917 5107 δεκτικὴν
2955 5035 3054 5105 τὴν
3093 5033 3303 5104 ψυχήν·
3337 5032 3482 5085 οὓτω
3523 5032 3618 5085 καὶ
3655 5031 3746 5084 ὲπῖ

2153 5135 2250 5190 τοῦ
2285 5135 2504 5188 πάντων
2533 5129 2692 5201 ἡμῶν
2730 5130 2984 5200 Σωτῆρος
3021 5128 3282 5196 Χριστοῦ.
3319 5124 3539 5194 Ἐπειδὴ
3581 5123 3690 5194 γὰρ
3721 5124 3754 5176 6

2153 5229 2219 5282 ἐκ
2243 5226 2379 5281 Θεοῦ
2409 5222 2619 5294 [ἰατρὸς
2653 5222 2846 5290 Λόγος,
2873 5219 3018 5273 καθά
3060 5217 3384 5280 πλειστάκις
3415 5217 3744 5287 εἰρήκαμεν,

2155 5319 2494 5390 μετέσχηκεν
2524 5315 2757 5388 αἵματος
2785 5315 2880 5366 καὶ
2909 5312 3114 5383 σαρκὸς
3144 5307 3548 5382 παραπλησίως
3585 5307 3750 5377 ἡμῖν,

2152 5409 2315 5478 σῶμά
2339 5427 2399 5462 τε
2433 5409 2564 5462 ῐδιον
2599 5407 2897 5475 ἐποιήσατο
2925 5403 2986 5457 τὸ
3016 5404 3081 5455 ὲκ
3111 5402 3211 5473 τῆς
3243 5401 3408 5502 ἀγίας
3438 5397 3745 5502 Παρθένου,

2149 5502 2529 5574 κεχρημάτικέ
2578 5516 2638 5552 τε
2683 5497 2828 5551 οὕτω
2863 5495 2957 5548 καὶ
3007 5494 3120 5557 υἱὸς
3172 5489 3490 5563 ἀνθρώπου·
3534 5489 3748 5559 ταύτης

2147 5593 2312 5647 ἕνεκα
2359 5593 2461 5662 τῆς
2509 5591 2692 5654 αἰτίας
2729 5586 3113 5657 ἀποθανούσης
3147 5584 3312 5639 αὐτοῦ
3360 5584 3459 5654 τῆς
3499 5580 3743 5653 σαρκὸς,

2149 5686 2299 5758 αύτῷ
2331 5687 2430 5758 μὲν
2461 5686 2522 5740 τὸ
2553 5683 2728 5749 πάθος
2753 5686 2781 5739 6
2813 5681 2914 5753 τῆς
2942 5679 3178 5752 ἀληθοῦς
3222 5677 3473 5748 ένότητος
3503 5675 3743 5730 ἀνάπτει
3778 5722 3780 5724 ,
