4080 6428
369 389 479 446 £35

1451 385 1828 443 ADVERSUS
1864 383 2274 441 NESTORIUM
2321 383 2450 440 LIB.
2496 383 2558 440 V.

3553 379 3662 436 246

368 505 554 569 λόγος’
589 499 695 567 ἔξω
724 517 790 569 γε
827 501 937 571 μὴν
971 495 1080 554 οἶδε
1115 501 1470 573 μεμενηκότα
1503 502 1597 556 τοῦ
1632 500 1850 566 παθεῖν,
1883 500 1968 554 ὃτι

2081 498 2321 567 quamvis
2371 497 2501 552 illud
2553 507 2711 552 extra
2747 495 3056 564 passionem
3112 495 3379 574 mansisse
3429 497 3663 556 noverit.

366 597 460 649 καὶ
494 595 630 656 Θεός
661 593 778 646 ἐστι
818 593 964 646 κατὰ
998 596 1163 662 φύσιν
1207 594 1301 646 καὶ
1337 593 1474 664 ζωή.
1515 593 1626 648 Καὶ
1655 593 1787 663 γοῦν
1815 593 1845 646 ό
1879 581 1968 645 θε-

366 684 597 746 σπέσιος
629 683 839 752 Πέτρος
864 683 1124 755 τοιαύτην
1144 685 1276 754 ἡμῖν
1299 684 1624 755 παρατιθεὶς
1666 684 1768 756 τὴν
1802 702 1972 754 μυστ-

369 775 638 844 αγωγίαν,
682 768 787 828 ὧδέ
831 776 907 847 πή
950 793 1084 847 φησι
1123 777 1254 846 περὶ
1292 775 1454 829 αὐτοῦ
1481 779 1594 841 τοῖς
1623 775 1979 830 πιστεύουσιν

375 870 444 929 είς
479 866 686 920 αὐτόν’
724 884 746 919 ι
781 867 880 921 Ὃν
913 867 1015 920 οὐκ
1060 868 1260 932 ειδότες
1301 868 1555 937 ἀγαπᾶτε
1579 885 1592 899 ·
1625 870 1707 932 είς
1751 867 1810 921 ὃν
1847 867 1971 939 ἄρτι

378 961 442 1029 μή
491 958 756 1029 ὁρῶντες,
782 958 1136 1023 πιστεύοντες
1162 960 1241 1022 δὲ,
1275 959 1606 1029 ἀγαλλιᾶσθε
1637 961 1783 1031 χαρᾷ
1813 960 1972 1014 ἀνεκρ

375 1051 590 1122 λαλήτῳ
619 1052 719 1104 καὶ
757 1051 1148 1122 δεδοξασμένῃ,
1181 1053 1538 1124 κομιζόμενοι
1592 1051 1654 1105 τὸ
1687 1052 1841 1114 τέλος
1870 1051 1971 1120 τῆς

372 1145 642 1206 πίστεως,
692 1144 975 1214 σωτηρίαν
1020 1144 1232 1215 ψυχῶν.
1281 1146 1418 1216 Περὶ
1459 1141 1526 1218 ἧς
1576 1144 1855 1215 σωτηρίας
1885 1143 1974 1207 ἐξ·

370 1230 654 1303 εζητησαν
690 1233 789 1286 καὶ
817 1231 1194 1304 ἐξηρεύνησαν
1215 1234 1515 1305 προφῆται,
1544 1235 1592 1287 oi
1619 1233 1747 1304 περὶ
1771 1234 1869 1304 τῆς
1891 1233 1972 1297 είς

368 1325 518 1393 ἡμᾶς
550 1326 780 1396 χάριτος
825 1324 1331 1396 προφητεύσαντες,
1359 1326 1691 1398 ἐρευνῶντες
1717 1327 1797 1389 είς
1827 1325 1968 1391 τίνα,

365 1415 398 1486 ἢ
434 1419 592 1469 ποῖον
625 1417 821 1488 καιρὸν
847 1417 1040 1487 ἐδήλου
1063 1417 1126 1470 τὸ
1155 1418 1214 1471 ἐν
1237 1419 1422 1482 αὐτοῖς
1449 1417 1680 1489 Πνεῦμα
1708 1416 1971 1489 Χριστοῦ,

365 1508 906 1580 προμαρτυρόμενον
933 1509 1002 1564 τὰ
1038 1510 1120 1572 εἰς
1141 1509 1378 1580 Χριστὸν
1400 1509 1723 1582 παθήματα,
1751 1509 1848 1563 καὶ
1873 1510 1973 1573 τὰς

369 1601 514 1670 μετᾶ
529 1600 710 1654 ταῦτα
737 1601 930 1666 δόξας·
958 1597 1042 1665 οἷς
1063 1601 1451 1672 ἀπεκαλύφθη,
1487 1602 1567 1656 ὅτι
1594 1602 1692 1673 οὐχ
1733 1603 1969 1666 ἑαυτοῖς,

365 1693 503 1763 ἡμῖν
527 1692 588 1746 δὲ
616 1691 911 1762 διηκόνων
961 1691 1125 1757 αὐτὰ,
1169 1691 1207 1746 ἃ.
1246 1692 1342 1747 νῦν
1375 1694 1509 1765 ἡμῖν
1553 1692 1836 1765 ἀνηγγέλη
1885 1693 1974 1746 διὰ

370 1784 476 1838 τῶν
527 1785 1058 1855 εὐαγγελισαμένων
1102 1785 1250 1856 ἡμᾶς
1295 1785 1433 1855 (38),
1494 1785 1779 1856 Πνεύματι
1830 1785 1973 1856 ἁγίῳ

371 1878 745 1933 ἀποσταλέντι
778 1854 1160 1948 ἀπ’ίούρανοῦ,
1185 1879 1265 1941 είς
1356 1854 1718 1948 ἐπιθυμοῦσιν
1749 1854 1974 1945 ἄγγελοι
2008 1854 2051 1910 Β

375 1971 727 2044 παρακύψαι.
751 1990 770 2022 ι
793 1968 1056 2033 ιἈκούεις
1087 1971 1234 2034 ὅπως
1266 1971 1327 2024 τὸ
1356 1968 1584 2041 Πνεῦμα
1603 1967 1843 2042 Χριστοῦ
1879 1967 1976 2022 καὶ

379 2066 439 2118 ἐν
477 2067 591 2128 τοῖς
634 2065 817 2132 ἁγίοις
863 2064 1178 2137 προφήταις
1205 2059 1294 2134 ἦν,
1345 2062 1875 2134 προανακεκράγασι
1918 2061 1975 2113 δέ

385 2157 455 2209 τα
491 2158 565 2220 εἱς
597 2157 834 2228 Χριστὸν
863 2157 1188 2228 παθήματα,
1238 2155 1334 2208 καὶ
1365 2155 1464 2218 τὰς
1502 2157 1640 2225 μετὰ
1678 2153 1852 2207 ταῦτα
1885 2153 1976 2206 δό-

397 2245 662 2319 ξαςς*ᾼρ’
701 2243 799 2302 οῦν
834 2249 908 2312 ὼς
951 2247 1241 2321 ἄνθρωπον
1271 2247 1457 2311 ἁπλῶς
1492 2247 1634 2314 ὑπὲρ
1677 2244 1837 2316 ἡμῶν
1879 2261 1978 2298 πε-

401 2341 628 2394 πονθότα
666 2340 742 2411 τῷ
791 2341 987 2412 κόσμῳ
1018 2339 1504 2410 διακηρύττοντεςς
1537 2340 1632 2392 καὶ
1663 2337 1824 2392 τοῦτό
1857 2339 1975 2392 ἐστι

393 2434 454 2487 τὸ
481 2437 776 2504 μυστήριον
813 2433 876 2486 τὸ
902 2434 991 2486 διὰ
1021 2432 1130 2485 τῶν
1166 2432 1337 2500 ἁγίων
1363 2429 1524 2501 ἡμῶν
1551 2427 1870 2484 ἀποστόλων
1914 2445 1976 2483 τε

384 2528 481 2580 καὶ
511 2527 920 2596 εὖαγγελιστῶν
969 2528 1032 2579 ἐν.
1071 2527 1252 2582 πίστει
1299 2524 1694 2598 δεδωρημένον,
1745 2524 1841 2578 καὶ
1893 2525 1977 2587 εις

379 2620 556 2676 ταῦτα
604 2619 932 2690 παρακύψαι
966 2621 1136 2688 φησὶν
1173 2617 1462 2688 ἐπιθυμεὶκ)
1489 2618 1620 2681 τοὺς
1664 2617 1974 2686 ἀγγέλουςς

375 2708 577 2764 Καίτοι
606 2709 725 2772 πῶς
756 2709 861 2763 οὐκ
889 2708 1198 2778 ἀπόϐλητος
1223 2707 1309 2778 εἴη
1340 2707 1428 2773 ἂν,
1449 2707 1480 2760 6
1510 2705 1674 2777 μέχρι
1703 2705 1768 2776 δὴ
1799 2705 1977 2775 μόνων

373 2799 490 2854 τῶν
516 2799 621 2868 τῆς
652 2799 1079 2870 ἀναρωπότητος
1107 2797 1248 2870 ὅρων
1275 2798 1376 2870 τὴν
1407 2797 1500 2852 τοῦ
1547 2797 1852 2869 μυστηρίου
1885 2797 1981 2850 δύ-

375 2907 546 2962 ναμιν
581 2889 930 2945 κατακλείειν
973 2888 1305 2961 ἐπιχειρῶν;
1346 2889 1519 2954 Αὐτὸς
1569 2909 1587 2941 ι
1617 2890 1645 2943 6
1684 2890 1743 2942 ἐν
1792 2890 1976 2960 μορφῇ

374 2983 476 3039 τοῦ
504 2983 648 3037 Θεοῦ
682 2983 778 3037 καὶ
811 2981 1024 3054 Πατρός
1073 2981 1337 3052 ὑπάρχων
1369 2979 1501 3043 Θεὸς
1547 2978 1722 3047 Λόγος
1747 3019 1767 3044 ,
1815 2979 1978 3034 κεκέ-

376 3091 558 3130 νωκεν
603 3073 822 3138 ἑαυτὸν,
852 3072 1069 3144 μορφὴν
1097 3071 1284 3125 δούλου
1323 3069 1528 3137 λαϐὼν,
1560 3072 1656 3124 καὶ
1693 3071 1797 3143 τὴν
1838 3070 1982 3126 κατὰ

2072 610 2195 649 cum
2229 601 2285 650 et
2314 592 2455 648 Deus
2481 592 2554 648 sit
2577 593 2875 648 secundum
2905 599 3178 655 naturam,
3207 599 3262 644 et
3292 587 3424 643 vita.
3475 587 3664 657 Itaque

2073 687 2265 742 beatus
2320 685 2520 741 Petrus
2551 699 2678 741 cum
2733 683 3003 754 ejusmodi
3059 682 3302 754 mysterii
3357 681 3662 737 doctrinam

2074 778 2233 834 nobis
2253 785 2603 846 proponeret,
2629 776 2709 832 sic
2737 774 2852 830 fere
2878 775 2948 831 de
2969 774 3060 829 illo
3084 775 3136 828 in
3164 790 3286 829 eum
3315 773 3665 828 credentibus

2073 871 2205 924 dicit
2235 886 2251 927 :
2287 889 2315 921 ι.
2341 869 2512 937 Quem
2549 883 2673 924 eum
2705 883 2824 924 non
2844 866 3091 923 videritis
3123 866 3366 936 diligitis,
3413 866 3468 920 in
3500 880 3663 936 quem

2073 977 2219 1018 nunc
2261 977 2479 1033 quoque
2515 977 2620 1018 non
2666 963 2914 1017 videntes
2947 959 3170 1015 creditis
3193 998 3210 1026 ,
3236 960 3524 1014 credentes
3565 972 3666 1012 au-

2076 1065 2183 1111 tem
2232 1055 2520 1110 exsultatis
2563 1054 2747 1110 laetitia
2800 1052 3150 1108 inenarrabili
3190 1051 3348 1124 15.2
3376 1061 3432 1106 et
3462 1050 3664 1122 gloriﬁ-

2074 1157 2220 1211 cata,
2252 1157 2596 1218 reportantes
2624 1147 2786 1203 ﬁnem
2815 1146 2938 1201 ﬁdei
2967 1156 3182 1211 vestra,
3210 1145 3439 1200 salutem
3465 1144 3669 1196 anima-

2077 1253 2196 1292 rum
2232 1247 2557 1293 vestrarum.
2615 1237 2689 1292 De
2712 1252 2816 1308 qua
2842 1237 3073 1293 salutem
3103 1236 3480 1308 exquisierunt
3504 1243 3669 1302 atque

2075 1329 2324 1387 scrutati
2367 1339 2494 1384 sunt
2553 1331 2870 1401 prophetae,
2901 1329 2993 1399 qui
3044 1328 3110 1383 de
3170 1328 3352 1382 futura
3408 1327 3463 1380 in
3515 1325 3670 1379 vobis

2075 1423 2248 1492 gratia
2313 1423 2783 1491 proplietaverunt
2830 1439 2845 1486 ;
2900 1429 3208 1478 scrutantes
3258 1418 3312 1474 in
3370 1417 3514 1488 quod
3583 1416 3668 1471 vel

2075 1512 2235 1582 quale
2283 1521 2494 1582 tempus
2545 1510 2882 1582 signiﬁcaret
2926 1512 2996 1571 in.
3020 1510 3104 1568 eis
3146 1509 3384 1580 Spiritus
3437 1508 3667 1574 Christi,

2078 1603 2451 1670 prmnuntians
2489 1617 2553 1658 ea
2587 1603 2790 1674 qua-in
2843 1602 3065 1659 Christo
3107 1612 3240 1658 sunt
3287 1603 3570 1672 passiones
3613 1607 3671 1656 et

2077 1697 2408 1764 posteriores
2432 1679 2632 1766 glorias
2665 1712 2681 1762 ;
2713 1695 2914 1765 quibus
2944 1693 3241 1750 revelatum
3274 1703 3376 1761 est,
3405 1693 3529 1764 quia
3559 1707 3666 1748 non

2077 1784 2462 1855 sibimetipsis,
2481 1784 2638 1840 nobis
2663 1794 2849 1840 autem
2876 1783 3261 1840 ministrabant
3288 1799 3351 1839 ea
3377 1799 3498 1854 qua:
3521 1796 3670 1840 nunc

2079 1876 2234 1931 vobis
2287 1877 2531 1931 nuntiata
2563 1883 2694 1932 sunt
2723 1891 2824 1946 per
2868 1890 2966 1932 eos
3019 1876 3110 1946 qui
3149 1875 3669 1948 evangelizaverunt

2078 1967 2232 2022 vobis
2261 1967 2464 2037 Spiritu
2499 1976 2688 2023 sancto
2724 1968 2894 2024 misso
2916 1967 2984 2024 de
3015 1967 3176 2034 cotlo,
3202 1969 3254 2023 in
3291 1983 3413 2054 (λειω
3449 1967 3667 2024 deside-

2079 2071 2198 2114 rant
2222 2059 2397 2132 angeli
2429 2059 2740 2130 prospicere
2765 2059 2830 2114 ".
2875 2077 2895 2111 ι
2927 2059 3098 2114 Audis
3123 2071 3180 2114 ut
3207 2059 3442 2130 Spiritus
3463 2059 3666 2116 Christi

2078 2154 2131 2208 in
2174 2153 2376 2207 sanctis
2423 2153 2708 2222 prephetis
2751 2153 2945 2217 fuerit,
2981 2162 3147 2222 utque
3191 2152 3266 2206 illi
3316 2152 3670 2223 pradixerint

2075 2261 2171 2300 ens
2224 2259 2344 2315 qua!
2372 2244 2426 2298 in
2473 2242 2692 2300 Chrislo
2745 2254 2872 2300 sunt
2932 2245 3214 2315 passiones
3241 2253 3296 2300 et
3335 2245 3669 2314 posteriores

2077 2337 2280 2408 glorias
2312 2336 2334 2388 ?
2363 2334 2517 2392 Itane
2548 2337 2702 2406 quasi
2731 2336 3004 2392 hominem
3042 2337 3344 2408 simplicem
3387 2353 3487 2407 pro
3512 2336 3670 2393 nobis

2079 2445 2296 2500 passum
2321 2429 2440 2484 orbi
2481 2429 2840 2499 praedicarent
2867 2429 2892 2483 τ
2917 2430 3076 2500 idque
3107 2440 3194 2487 est
3219 2431 3537 2504 mysterium
3569 2445 3669 2501 per
3776 2500 3782 2505 _

2079 2530 2300 2576 sanctos
2344 2520 2617 2590 apostolos
2647 2527 2702 2578 et
2735 2521 3097 2592 evangelistas
3121 2523 3178 2578 in
3207 2521 3313 2579 ﬁde
3357 2523 3541 2578 datum
3562 2564 3576 2588 ,
3608 2532 3671 2579 et

2081 2613 2134 2668 in
2163 2614 2298 2678 haec,
2323 2613 2498 2682 inquit
2528 2612 2840 2668 desiderare
2861 2613 3080 2684 angelos
3106 2615 3469 2687 prospicere?
3501 2614 3670 2686 Atqui

2079 2705 2352 2772 quomodo
2374 2719 2481 2760 non
2521 2703 2592 2758 sit
2618 2703 2980 2772 repudiandus
3002 2705 3093 2776 qui
3128 2706 3236 2762 vim
3284 2706 3421 2762 tanti
3466 2715 3670 2778 mystc-

2081 2796 2146 2849 rii
2165 2795 2219 2850 in
2242 2795 2374 2851 solis
2399 2794 2756 2851 humanitatis
2778 2796 3028 2852 terminis
3054 2797 3380 2854 concludere
3400 2808 3628 2854 conatur
3647 2797 3672 2852 ί

2080 2885 2202 2956 lpse
2226 2905 2247 2939 ι
2276 2889 2369 2958 qui
2394 2888 2448 2942 in
2485 2884 2662 2941 forma
2687 2886 2783 2942 Dei
2811 2895 2868 2942 et
2887 2887 3064 2944 Patris
3094 2898 3214 2944 erat
3238 2889 3379 2945 Deus
3404 2889 3669 2954 Verbum.

2081 2980 2378 3036 cxinanivit
2409 2983 2758 3053 semetipsum
2780 2981 3050 3047 ,I'ormam
3087 2983 3230 3038 servi
3254 2981 3611 3051 accipiens",
3649 3001 3669 3033 ι

2082 3082 2136 3127 et
2175 3071 2324 3126 illam
2355 3072 2654 3128 secundum
2710 3087 2934 3130 carnem
2965 3075 3306 3129 nativitatem
3360 3073 3528 3131 subiit
3577 3085 3676 3143 pro

379 3169 569 3240 σάρκα
599 3167 856 3236 γέννησιν
904 3165 1290 3236 ὑπομεμένηκε
1329 3165 1396 3219 δι’
1447 3165 1596 3235 ἡμᾶς
1621 3181 1635 3195 ο
1677 3165 1844 3229 αὐτὸς
1881 3165 1977 3218 πέ-

2085 3162 2273 3244 nobis,
2315 3162 2429 3230 ipse
2472 3176 2661 3232 passus
2712 3171 2796 3218 est
2835 3176 2934 3232 pro
2990 3162 3146 3218 nobis
3204 3163 3421 3232 propria
3469 3179 3674 3230 carne,

380 3259 584 3312 πονθεν
619 3257 764 3328 ὑπὲρ
796 3256 954 3328 ἡμῶν
987 3259 1052 3327 τῇ
1099 3256 1204 3326 ἰδίᾳ.
1223 3257 1421 3327 σαρκὶ,
1453 3255 1551 3310 καὶ
1584 3255 1786 3309 ἀνεϐίω
1815 3255 1978 3311 πάλιν

376 3348 457 3412 ὡς
505 3348 680 3414 Θεὸς,
712 3347 960 3412 κενώσας
999 3347 1091 3401 τὸν
1134 3346 1290 3418 ᾅδην,
1339 3347 1436 3400 καὶ
1475 3345 1717 3418 εἰρηκὼς
1759 3350 1874 3411 τοῖς
1921 3350 1981 3402 ἐν

376 3439 638 3510 δεσμοῖς·
669 3459 686 3492 ι
711 3438 1018 3504 Ἐξέλθέτε·
1042 3437 1138 3492 καὶ
1161 3439 1274 3501 τοῖς
1300 3438 1359 3490 ὲν
1381 3436 1461 3507 τῷ
1491 3436 1675 3490 σκότει
1701 3455 1714 3467 ·
1754 3438 1982 3498 Ἄνακας

377 3527 686 3599 λύφθητε.»
712 3527 779 3582 Τί
803 3527 985 3581 τοίνυν
1023 3525 1353 3597 ἀνατρέπειν
1381 3527 1685 3596 ἐπιχειρεῖς
1713 3525 1811 3598 τὴν
1837 3525 1983 3581 οὕτω

382 3620 594 3691 σεπτὴν
628 3619 724 3673 καὶ
752 3620 1084 3689 ὰξιάγαστον
1115 3620 1452 3690 οἰκονομίαν,
1483 3618 1551 3671 δι’
1577 3614 1646 3691 ἦς
1679 3621 1775 3673 καὶ
1811 3621 1983 3674 σεσώ-

381 3711 591 3782 σμεθα,
623 3713 722 3766 καὶ
752 3712 952 3776 παντὸς
985 3713 1117 3765 εἴσω
1147 3711 1452 3782 γεγόναμεν
1480 3708 1688 3778 ἀγαθοῦ
1709 3727 1730 3777 ;Δ
1763 3710 1829 3762 Τί
1873 3712 1983 3782 γὰρ

381 3805 449 3858 δι’
475 3805 655 3876 αὐτῆς
685 3804 1081 3875 ἐκερδὰναμεν,
1111 3803 1234 3876 εἴσῃ
1251 3819 1333 3856 τοι
1361 3802 1456 3857 καὶ
1482 3801 1628 3874 μάλα
1656 3802 1865 3872 σαφῶς,
1887 3802 1984 3856 ὡδὶ

379 3895 728 3968 γεγραφότος
755 3895 849 3948 τοῦ
881 3895 1154 3966 μακαρίου
1191 3893 1406 3947 Παύλου
1428 3907 1440 3919 ·
1483 3913 1501 3946 ι
1531 3895 1642 3948 Καὶ
1669 3896 1820 3965 ἡμᾶς
1852 3911 1983 3948 ποτε

381 3987 550 4052 εντας
597 3987 1192 4058 ἀπηλλοτριωμένους,
1246 3987 1341 4040 καὶ
1390 3985 1622 4057 ἐχθροὺς
1666 3989 1732 4057 τῇ
1771 3986 1984 4057 διανοίᾳ

395 4081 446 4133 ἰν
468 4082 583 4144 τοῖς
627 4079 813 4150 ἔργοις
840 4082 956 4142 τοῖς
984 4081 1262 4148 πονηροῖς,
1288 4078 1406 4130 νυνὶ
1431 4077 1490 4130 δὲ
1534 4076 1986 4148 ἀποκατήλλαξεν.

395 4172 448 4222 ἐν
471 4171 554 4242 τῷ
588 4170 809 4242 σώματι
843 4171 945 4241 τῆς
992 4171 1194 4241 σαρκὸς
1229 4168 1397 4222 αὐτοῦ
1448 4169 1540 4222 διὰ
1589 4168 1684 4221 τοῦ
1719 4168 1982 4232 Θανάτου,

389 4264 748 4335 παραστῆσαι
789 4265 939 4334 ἡμᾶς
969 4264 1157 4330 ἁγίους
1180 4301 1198 4326 ,
1245 4262 1341 4316 καὶ
1370 4260 1658 4332 ἀμώμους,
1685 4260 1781 4314 καὶ
1821 4260 1984 4329 ἀνεγ-

385 4354 625 4425 κλήτους
657 4354 779 4407 κατ’
813 4353 1046 4407 ἐνώπιον
1075 4351 1263 4418 αὑτοῦ,
1293 4353 1348 4406 εἴ
1371 4369 1432 4422 γε
1479 4352 1770 4422 ἐπιμένετε
1801 4353 1869 4422 τῇ
1902 4342 1988 4404 πίξ

385 4461 530 4498 στει.
559 4463 580 4497 ι
633 4445 846 4500 Οὐκοῦν
873 4444 1088 4516 ὀνίνησι
1126 4445 1222 4514 μὲν
1251 4446 1285 4515 η
1319 4445 1502 4507 πίστις
1533 4445 1658 4507 τοὺς
1686 4443 1984 4497 ἀσάλευτον

343 4157 386 4198 Ι

2085 3263 2141 3310 et
2176 3255 2372 3310 iterum
2417 3263 2474 3308 ut
2513 3257 2655 3310 Deus
2706 3253 2928 3320 ret'iait,
2960 3253 3236 3309 evacuatis
3286 3253 3498 3318 inferis,
3548 3267 3674 3308 cum

2083 3346 2312 3402 dixisset
2339 3363 2358 3397 ι
2383 3346 2450 3401 iis
2473 3346 2565 3417 qui
2592 3346 2646 3405 in
2674 3346 2902 3402 vinculis
2929 3354 3088 3401 erant
3116 3363 3131 3400 :
3173 3345 3328 3402 Exite
3358 3364 3374 3413 ;
3411 3356 3464 3400 et
3491 3346 3558 3400 iis
3581 3346 3676 3416 qui

2086 3439 2146 3493 in
2176 3437 2416 3493 tenebris
2439 3447 2596 3492 erant
2627 3456 2652 3493 :.
2676 3437 3012 3494 Revelamini
3036 3438 3102 3492 ".
3142 3456 3161 3490 ι
3189 3437 3302 3493 Cur
3327 3437 3492 3508 igitur
3521 3451 3680 3492 ever-

2087 3541 2206 3587 tere
2241 3531 2449 3586 moliris
2497 3531 2954 3602 dispensationem
2999 3533 3136 3587 adeo
3181 3539 3464 3602 augustam
3513 3539 3679 3598 atque

2085 3621 2459 3677 admirabilem
2481 3659 2498 3686 ,
2530 3636 2626 3692 per
2655 3636 2818 3692 quam
2854 3620 2990 3676 salvi
3017 3619 3146 3676 facti
3181 3635 3400 3683 sumus,
3431 3627 3489 3674 et
3514 3633 3678 3674 omne

2086 3711 2286 3767 bonum
2338 3711 2672 3767 consecuti?
2719 3711 2858 3778 Quid
2912 3713 3056 3767 enim
3110 3711 3284 3781 ipsius
3329 3726 3433 3780 cpe
3485 3709 3676 3765 lucrati

2087 3804 2277 3869 simus,
2309 3803 2652 3874 apertissime
2676 3817 2974 3875 cognosces
2997 3818 3063 3859 ex
3089 3803 3250 3858 beato
3274 3801 3440 3857 Paulo
3474 3802 3564 3871 qui
3597 3801 3678 3859 sic

2085 3895 2304 3966 scripsit
2336 3913 2351 3950 :
2388 3913 2408 3948 ι
2448 3895 2514 3950 Et
2534 3910 2636 3952 nos
2663 3911 2786 3951 cum
2819 3910 3064 3952 essemus
3102 3895 3356 3962 alienati,
3380 3905 3435 3949 et
3471 3895 3677 3949 inimici

2086 4001 2277 4054 scusu,
2307 3987 2358 4040 in
2387 3987 2644 4056 operibus
2673 3987 2828 4041 malis
2854 4001 2873 4038 :
2902 4001 3046 4040 nunc
3085 3995 3264 4040 autem
3309 3985 3680 4040 reconciliavit

2055 4111 2058 4116 -
2089 4077 2141 4129 in
2171 4089 2398 4145 corpore
2419 4075 2601 4130 carnis
2634 4090 2747 4130 sua:
2775 4091 2872 4145 per
2899 4085 3148 4142 mortem,
3179 4086 3236 4128 ut
3260 4074 3543 4129 exhiberet
3581 4087 3678 4129 nos

2087 4175 2306 4222 sanctos
2337 4177 2393 4222 et
2437 4167 2814 4222 immaculatos
2849 4176 2911 4222 et-
2941 4167 3450 4236 irreprehensibilcs
3488 4181 3675 4221 coram

2089 4259 2205 4330 ipso
2235 4279 2250 4317 :
2287 4260 2334 4316 si
2367 4269 2544 4313 tamen
2590 4261 2921 4328 peritiattetis
2953 4262 3004 4313 in
3045 4259 3150 4315 [lde
3177 4261 3244 4312 “.
3280 4278 3299 4311 ι
3350 4259 3493 4327 Ergo
3543 4259 3676 4314 ﬁdes

2087 4351 2307 4422 quidem
2332 4351 2485 4420 juvat
2510 4366 2605 4406 eos
2649 4352 2742 4422 qui
2777 4351 2922 4406 illam
2971 4351 3182 4406 ﬁrmam
3216 4360 3681 4406 servare‘statue-

2091 4444 2199 4498 rint
2231 4460 2247 4509 ;
2279 4443 2374 4499 sed
2418 4444 2702 4513 quomodo
2733 4444 2924 4518 juvet,
2963 4443 3154 4498 beatus
3187 4441 3428 4498 Joannes
3483 4443 3680 4498 asserit

383 4537 561 4610 αὐτὴν
607 4537 900 4606 ἑλομένους
932 4538 1120 4609 τηρεῖν
1143 4553 1158 4567 ·
1191 4535 1399 4606 ὀνίνησι
1431 4535 1486 4588 δὲ
1530 4535 1673 4589 κατὰ
1706 4533 1828 4588 τίνα
1857 4539 1980 4605 τρό-

2092 4551 2213 4590 cum
2263 4536 2440 4599 dicit:
2475 4554 2495 4588 ι
2525 4537 2660 4603 Quis
2703 4546 2886 4590 autem
2925 4548 3009 4590 est
3045 4536 3137 4604 qui
3185 4535 3354 4588 vincit
3393 4534 3678 4600 mundum,

382 4641 512 4688 πον,
539 4627 568 4677 6
598 4625 878 4694 πάνσοφος
904 4626 1053 4694 ἡμᾶς
1091 4623 1345 4695 Ἰωάννης
1377 4623 1737 4689 πιστώσεται,
1773 4625 1947 4693 λέγων
1965 4641 1980 4656 °

391 4735 411 4768 ι
442 4716 544 4777 Τίς
575 4714 633 4768 δέ
667 4717 815 4767 ἐστιν
845 4715 874 4767 6
900 4714 1066 4769 νικῶν
1090 4715 1181 4769 τὸν
1210 4716 1435 4786 κόσμον,
1465 4717 1512 4768 εί
1545 4715 1622 4786 μὴ
1649 4717 1676 4769 6
1707 4715 1983 4770 πιστεύων

380 4807 467 4859 ὅτι
505 4805 720 4875 Ἰησοῦς
760 4807 912 4859 ἐστιν
961 4806 988 4859 6
1036 4805 1162 4869 Υἱὸς
1209 4805 1302 4860 τοῦ
1352 4805 1518 4873 Θεοῦ;
1550 4797 1721 4870 Οὗτός
1774 4807 1923 4862 ἐστιν
1953 4808 1983 4861 ό

380 4897 561 4951 ἐλθὼν
590 4897 659 4950 δι’
688 4896 879 4970 ῦδατος
911 4900 1006 4950 καὶ
1041 4899 1296 4969 αἵματος,
1341 4899 1550 4968 Ἰησοῦς
1583 4899 1850 4970 Χριστός’
1882 4901 1989 4954 οὐκ·

381 4991 442 5042 ὲν
477 4989 561 5059 τῷ
597 4988 753 5041 ῦδατι
787 4989 967 5059 μόνον,
991 4988 1104 5042 ἀλλ’
1128 4991 1186 5041 έν
1210 4989 1288 5061 τῷ
1319 4989 1472 5042 ὕδατι
1499 4989 1594 5043 καὶ
1633 4990 1828 5061 αἵματι
1848 5007 1861 5020 ·
1893 4993 1988 5045 καὶ

377 5083 441 5136 τὸ
489 5081 726 5150 Πνεῦμα
758 5083 904 5134 ἐστιν
937 5083 969 5151 ἡ
1000 5079 1259 5152 ἀλήθεια,
1300 5081 1382 5133 ὅτι
1427 5083 1578 5150 τρεῖς
1619 5081 2011 5153 μαρτυροῦσι,

376 5175 443 5228 τὸ
460 5173 720 5246 Πνεῦμα,
747 5172 808 5226 τὸ
838 5171 1002 5244 ὕδωρ,
1033 5173 1129 5226 καὶ
1152 5172 1212 5226 τὸ
1236 5165 1393 5242 αἷμα.
1430 5173 1540 5225 Καὶ
1573 5175 1623 5226 oi
1654 5177 1806 5244 τρεῖς
1833 5175 1894 5228 τὸ
1921 5175 1981 5228 έν

457 5357 498 5388 ¹¹
542 5355 558 5410 Ι
589 5354 740 5408 Ρυετ.
775 5371 813 5420 ι,
850 5353 1008 5410 8-12.

2093 4629 2194 4682 nisi
2219 4631 2308 4698 qui
2347 4629 2520 4684 credit
2552 4628 2698 4698 quod
2722 4627 2880 4683 Jesus
2924 4637 3010 4683 est
3049 4625 3220 4681 Filius
3263 4626 3404 4681 Dei?
3451 4625 3551 4681 llic
3595 4636 3683 4682 est

2091 4719 2182 4787 qui
2231 4718 2377 4772 venit
2407 4733 2504 4788 per
2529 4731 2723 4788 aquam
2764 4725 2818 4774 et
2837 4717 3152 4787 sanguinem
3189 4714 3349 4771 Jesus
3379 4715 3632 4772 Christus
3658 4759 3674 4775 .

2094 4826 2200 4865 non
2239 4811 2292 4865 in
2326 4825 2464 4880 aqua
2509 4809 2721 4877 solum,
2764 4810 2860 4865 sed
2909 4811 2960 4866 in
3016 4825 3159 4879 aqua
3182 4819 3236 4863 et
3269 4813 3555 4880 sanguine.
3616 4810 3682 4864 Et

2094 4901 2331 4973 Spiritus
2359 4909 2447 4957 est
2470 4901 2696 4969 veritas,
2731 4901 2857 4972 quia
2900 4910 3013 4957 tres
3049 4900 3208 4973 143
3237 4907 3364 4956 sunt
3395 4900 3488 4970 qui
3523 4900 3682 4956 testi-

2095 4993 2336 5048 monium
2371 4994 2706 5064 perhibent,
2736 4993 3005 5065 Spiritus,
3038 5003 3095 5049 et
3129 5009 3304 5065 aqua,
3337 5005 3391 5049 et
3413 4993 3634 5063 sanguis
3660 5007 3681 5048 :

2093 5097 2149 5140 et
2191 5084 2243 5140 hi
2288 5094 2401 5141 tres
2447 5101 2615 5140 unum
2671 5093 2821 5142 sunt.
2875 5085 2932 5142 Si
2983 5085 3358 5142 testimonium
3402 5084 3683 5140 hominum

2093 5177 2422 5246 accipimus,
2459 5177 2829 5232 testimonium
2879 5177 2972 5233 Dei
3024 5176 3203 5246 majus
3255 5186 3342 5231 est
3371 5191 3386 5243 ;
3415 5175 3543 5246 quia
3579 5174 3684 5230 hoc

1087 5355 1130 5390 ’ί
1161 5354 1392 5424 Philipp.
1430 5369 1488 5418 ιι,
1513 5352 1568 5421 6,
1605 5353 1655 5409 7.
1737 5354 1780 5387 ¹³
1814 5355 1913 5412 lsa.
1949 5372 2098 5422 uix,
2139 5357 2192 5412 9.
2274 5356 2318 5390 ί*
2349 5357 2559 5414 Coloss.
2593 5375 2632 5426 ι,
2665 5359 2861 5420 2L—‘23.

1664 5508 1824 5564 ANT.
1867 5509 2140 5565 AGELLll
2184 5511 2416 5569 NOTAE.

455 5687 574 5756 (38)
615 5687 710 5739 Sic
745 5686 1020 5756 habebant
1049 5684 1205 5736 codd.
1241 5685 1425 5753 (Iyrilli
1465 5685 1607 5736 Illlllt‘,
1641 5685 1817 5736 locum
1853 5687 1976 5754 I‘lpi-

379 5755 539 5810 ιιιιιιάε
571 5756 590 5808 l
619 5757 764 5809 benti
798 5755 942 5807 Petri
976 5770 1096 5820 cap.
1124 5769 1156 5804 ι.
1198 5758 1462 5806 (Exierunt
1491 5766 1543 5805 ct
1570 5756 1722 5822 vung
1753 5772 1780 5807 ιι
1811 5757 1976 5809 ιιιιιιὶιι

383 5827 607 5891 Latina.
638 5839 692 5882 ct
731 5827 891 5881 codd.
945 5825 1122 5880 ϐιωτί
1160 5824 1491 5878 ἰὐριςιιιιυιιιί
1525 5823 1680 5890 Novi,
1725 5837 1778 5879 ct
1828 5825 1973 5881 Vau-

2084 5704 2260 5768 canns
2284 5695 2455 5768 codex
2480 5693 2909 5768 antiquissimus
2938 5694 3134 5768 habent
3171 5696 3411 5768 secunda
3442 5709 3680 5768 persona

2087 5761 2368 5832 ἀνηγγέλη
2400 5762 2528 5833 ὑμῖν
2555 5775 2605 5818 cl
2634 5761 3156 5837 εὐαγγελισαμένων
3179 5765 3344 5836 ὑμᾶς.
