4080 6466
441 393 550 451 247

1438 391 1497 447 S.
1540 387 1815 445 CYRILLI
1855 384 2323 443 ALEXANDRINI
2365 385 2684 444 ARCIIIEP.

3611 383 3723 437 218

440 512 527 556 est
571 501 940 557 testimonium
989 501 1080 556 Dei
1119 500 1243 570 quia
1280 500 1610 559 testiﬁcatus
1635 510 1720 558 est
1776 501 1843 556 de
1893 500 2029 556 Filio

2132 501 2288 554 εἰσιν.
2323 501 2385 554 El
2413 501 2514 571 τὴν
2543 499 2851 573 μαρτυρίαν
2877 498 2989 552 τῶν
3015 493 3321 568 ἀνθρώπων
3346 493 3720 566 λαμϐάνομεν,

441 610 561 651 suo.
613 595 715 662 Qui
744 596 917 650 credit
956 596 1009 650 in
1043 596 1236 649 Filium
1285 596 1412 661 Dei,
1455 595 1616 650 habet
1655 594 2025 650 testimonium

444 687 496 739 in
519 701 579 740 se
601 687 718 756 ipso
743 703 758 751 ;
789 685 881 755 qui
907 700 1012 741 non
1037 687 1210 741 credit
1233 686 1361 753 Deo,
1387 687 1701 742 mendacem
1729 687 1858 742 fecit
1880 702 2024 748 eum.

441 779 533 848 qui
574 793 679 832 non
719 778 892 834 credit
927 777 979 832 in
1016 777 1384 834 testimonium
1421 777 1563 848 quod
1597 777 1922 836 testiﬁcatus
1944 787 2029 834 est

442 871 508 925 de
538 871 676 926 Filio
705 884 804 926 suo
821 870 887 926 ¹⁶.
926 889 945 922 ι
999 871 1117 938 Quo
1163 871 1324 926 modo
1370 881 1548 926 autem
1603 871 1744 928 Deus
1773 886 1839 928 ac
1869 870 2028 928 Pater

444 961 770 1018 testiﬁcatus
790 962 944 1018 sitde
964 963 1102 1018 Filio
1127 978 1226 1019 suo
1245 1006 1260 1027 ,
1285 965 1479 1021 beatus
1518 963 1756 1022 Joannes
1784 965 2026 1035 Baptista

443 1053 600 1108 nobis
633 1053 966 1120 declarabit,
997 1055 1186 1111 dicens
1213 1073 1226 1111 :
1262 1074 1282 1107 ι
1323 1055 1388 1110 Et
1416 1070 1518 1126 ego
1544 1056 1854 1112 nesciebam
1878 1073 2024 1121 eum,

443 1145 538 1199 sed
567 1147 656 1214 qui
692 1146 839 1202 misit
869 1161 956 1202 me
985 1147 1259 1218 baptizare
1298 1149 1349 1202 in
1381 1163 1554 1219 aqua.
1584 1149 1674 1204 ille
1696 1149 1832 1204 mihi
1854 1149 2022 1204 dixit:

369 1252 371 1254 ·
447 1235 621 1304 Super
678 1252 838 1308 quem
904 1240 1106 1296 videris
1165 1239 1430 1309 Spiritum
1490 1240 1910 1296 descendentem
1973 1252 2027 1296 et

447 1337 751 1384 manentem
796 1345 961 1400 super
984 1346 1106 1385 cum
1131 1371 1145 1395 ,
1169 1331 1255 1386 hic
1289 1339 1372 1387 est
1407 1331 1498 1402 qui
1537 1329 1776 1401 baptisut
1817 1332 1867 1386 in
1899 1331 2026 1402 Spi-

445 1419 548 1471 ritu
591 1429 800 1476 sancto.
855 1416 1059 1493 Et'ego
1093 1423 1196 1476 vidi
1220 1463 1234 1487 ,
1264 1433 1318 1476 et
1351 1421 1716 1478 testimonium
1758 1422 2023 1492 pcrhibui,

441 1509 570 1578 quia
609 1511 698 1566 hic
741 1520 826 1568 est
866 1512 1036 1569 Filius
1082 1514 1172 1570 Dei
1207 1513 1272 1568 ιθ.
1321 1533 1338 1567 ι
1393 1513 1789 1569 Testimonium
1847 1515 2027 1584 itaque

444 1601 758 1666 perhibetur
807 1603 1034 1660 Domino
1086 1615 1274 1660 nostro
1330 1603 1457 1662 Jesu
1509 1605 1728 1662 Christo
1763 1615 1818 1662 et
1853 1604 2027 1663 Patris

447 1707 577 1747 voce
597 1735 612 1758 ,
650 1695 790 1764 quod
832 1694 947 1764 ejus
974 1695 1143 1751 Filius
1166 1696 1237 1752 sit
1267 1706 1455 1751 natura
1476 1707 1531 1752 et
1552 1697 1848 1752 secundum
1878 1699 2023 1753 veri-

447 1791 612 1838 tatem
647 1825 654 1833 .
682 1783 1048 1862 testimonium
1094 1801 1306 1856 quoque
1337 1786 1688 1842 nihilominus
1715 1787 2027 1856 perhibetur

445 1888 584 1943 aqua
614 1883 671 1928 et
698 1856 961 1946 sanguine
983 1886 1038 1931 et
1066 1855 1272 1946 Spiritu
1305 1891 1318 1928 '.
1350 1885 1407 1932 et
1426 1888 1612 1932 sancta
1641 1855 1863 1948 quidem
1884 1893 2024 1950 aqua
2059 1855 2098 1910 Β

444 1973 664 2030 peccata
707 1965 1046 2037 credentium
1085 1968 1382 2037 abstergit,
1415 1968 1653 2024 viviﬁcat
1707 1979 1887 2026 autem
1929 1970 2027 2025 ho-

445 2053 618 2111 mines
643 2034 890 2124 qui‘suut
918 2072 1092 2130 super
1115 2069 1338 2125 terram,
1361 2073 1462 2116 suo
1489 2061 1788 2132 sanguine,
1816 2077 1880 2118 ac
1913 2061 2028 2118 Deo

443 2146 740 2217 coniungit.
794 2148 900 2205 Sed
941 2151 1068 2220 quia
1112 2161 1197 2206 est
1226 2151 1521 2208 secundum
1569 2165 1818 2208 naturam
1861 2153 2024 2220 Deus,

443 2238 608 2293 etiam
659 2241 831 2296 sancti
877 2239 1118 2312 Spiritus
1166 2258 1364 2305 munus
1422 2243 1637 2301 abundo
1693 2244 1941 2316 largitur,
1973 2256 2025 2302 et

447 2338 702 2401 tanquam
742 2334 1020 2403 proprium
1051 2335 1102 2388 in
1132 2334 1344 2390 animas
1386 2335 1725 2392 credentium
1772 2337 2024 2405 eﬁ-‘undit,

446 2429 506 2476 ut
537 2421 656 2479 illos
685 2432 800 2479 tum
832 2425 1029 2481 divina:
1064 2434 1273 2481 naturae
1312 2427 1491 2483 socios
1521 2427 1714 2484 eﬁiciat
1737 2469 1753 2495 ,
1786 2437 1900 2484 tum
1933 2444 2029 2500 spe

447 2512 750 2570 futurorum
784 2517 1048 2572 bonorum
1098 2527 1344 2574 coronet.
1394 2517 1569 2576 Unum
1601 2520 1764 2589 igitur
1799 2521 2027 2578 conﬁte-

448 2620 570 2660 mur
624 2605 816 2662 Filium
875 2607 1153 2664 Christum
1217 2607 1401 2665 Jesum
1451 2611 1771 2677 Dominum,
1807 2613 1863 2668 id
1919 2624 2028 2676 est,

448 2695 578 2750 illud
615 2696 707 2753 Dei
746 2698 980 2754 Verbum
1024 2700 1299 2756 hominem
1351 2700 1550 2758 factum
1577 2711 1632 2758 et
1667 2703 2029 2771 incarnatum,

445 2800 504 2844 ot
558 2790 704 2845 hunc
775 2792 1136 2860 cruciﬁxum,
1168 2802 1224 2849 et
1253 2805 1634 2866 resurgentem
1701 2811 1732 2850 ιι
1776 2799 2029 2863 mortuis,

447 2891 841 2952 venturumque
877 2898 976 2938 suo
1016 2893 1260 2954 tempore
1304 2885 1356 2940 in
1409 2885 1578 2956 gloria
1628 2885 1719 2941 Dei
1764 2895 1820 2941 et
1857 2887 2033 2945 Patris

447 2984 569 3024 cum
615 2973 820 3028 sanctis
847 2974 1074 3044 angelis.
1131 2975 1232 3029 Per
1265 2976 1472 3044 ipsum,
1507 2985 1712 3030 etcum
1745 2977 1888 3046 ipso,
1918 2976 2031 3034 Deo

445 3073 502 3118 ct
521 3062 665 3118 Patri
690 3065 857 3134 gloria
881 3080 1004 3120 cum
1030 3076 1220 3122 sancto
1243 3066 1447 3137 Spiritu
1477 3067 1528 3122 in
1561 3067 1782 3124 szecula.
1831 3071 2027 3127 Amen.

2131 594 2166 663 ἡ
2204 593 2482 664 μαρτυρία
2529 591 2622 646 τοῦ
2654 592 2790 646 Θεοῦ
2861 591 2942 644 ἔτι
2993 587 3194 660 μείζων
3227 585 3376 641 ἐστίν
3399 601 3412 614 '
3461 587 3544 640 ὅτι
3579 585 3722 656 αῦτη

2129 683 2278 736 ἐστὶν
2309 685 2342 754 ὴ
2377 683 2655 755 μαρτυρία
2683 682 2777 736 τοῦ
2819 680 2983 746 Θεοῦ,
3014 681 3096 732 ὅτι
3138 675 3540 749 μεμαρτύρηκε
3588 675 3724 745 περὶ

2127 771 2223 825 τοῦ
2253 771 2388 825 Υἱοῦ
2423 771 2620 826 αὐτοῦ’
2648 773 2678 826 6
2707 770 2981 827 πιστεύων
3023 771 3104 834 είς
3135 769 3228 822 τὸν
3258 768 3386 822 Υἱδν
3415 767 3510 821 τοῦ
3559 766 3720 830 Θεοῦ,

2128 863 2242 933 ἔχει
2288 861 2390 934 τὴν
2447 863 2756 936 μαρτυρίαν
2800 864 2861 918 ὲν
2902 861 3111 932 ἑαυτῷο
3142 861 3174 914 6
3214 859 3291 931 μὴ
3331 858 3608 913 πιστεύων
3640 856 3724 928 τῷ

2127 953 2271 1026 Θεῷ,
2299 954 2542 1026 ψεύστην
2577 955 2882 1026 πεποίηκεν
2921 952 3108 1019 αὐτὸν,
3151 952 3236 1005 ὅτι
3265 950 3366 1004 οὐκ
3395 951 3720 1004 ιπίστευσεν

2128 1048 2209 1110 είς
2240 1047 2341 1117 τὴν
2377 1045 2710 1117 μαρτυρίαν,
2740 1046 2808 1118 ἢν
2843 1043 3274 1117 μεμαρτύρηκεν
3305 1044 3436 1114 περὶ
3463 1041 3560 1096 τοῦ
3586 1040 3720 1095 Υίοῦ

2129 1138 2315 1193 αὐτοῦ.
2331 1158 2350 1191 ι
2375 1138 2789 1210 Μεμαρτύρηκε
2813 1139 2872 1192 δὲ
2901 1138 3025 1192 τίνα
3050 1137 3254 1209 τρόπον
3278 1137 3308 1190 6
3330 1135 3466 1200 Θεὸς
3491 1135 3587 1190 καὶ
3608 1136 3724 1188 Πα-

2126 1231 2231 1303 τὴρ
2258 1230 2336 1302 τῷ
2362 1231 2499 1302 Υίῷ,
2523 1232 2779 1303 σαφηνιεῖ
2797 1230 2972 1300 λέγων
2997 1231 3027 1284 6
3057 1228 3347 1291 θεσπέσιος
3375 1229 3510 1298 ἡμῖν
3537 1226 3722 1281 Ἰωάν-

2126 1340 2225 1394 νης
2271 1326 2299 1376 6
2344 1324 2692 1394 Βαπτιστής·
2731 1342 2750 1375 ι
2779 1321 2950 1392 Κάγὼ
2993 1321 3096 1376 οὐκ
3131 1321 3281 1392 ᾔδειν
3328 1320 3516 1382 αὑτὸν.
3547 1318 3664 1374 ἀλλ’
3691 1321 3722 1373 6

2128 1415 2356 1486 πέμψας
2383 1433 2451 1488 με
2487 1415 2772 1486 βαπτίζειν
2808 1415 2982 1478 ὕδατι,
3009 1413 3219 1478 ἐκεῖνος
3253 1430 3345 1484 μοι
3375 1407 3529 1466 εἶπεν
3548 1428 3562 1443 ·
3599 1411 3720 1479 Ἐφ’

2125 1506 2186 1560 ὃν
2215 1505 2282 1560 ἂν
2323 1506 2438 1578 ἴδῃς
2471 1507 2532 1562 τὸ
2566 1505 2794 1578 Πνεῦμα
2823 1506 3152 1560 καταϐαῖνον
3182 1504 3274 1558 καὶ
3306 1503 3468 1574 μένον
3500 1504 3584 1556 ἐπ’
3616 1504 3720 1556 αὒ-

2125 1599 2240 1665 τδν,
2284 1594 2439 1665 οὗτός
2492 1600 2641 1654 ἐστιν
2684 1601 2714 1654 6
2747 1598 3028 1671 βαπτίζων
3079 1600 3136 1652 ἐν
3189 1597 3266 1669 τῷ
3315 1595 3594 1667 Πνεῦματι
3643 1597 3723 1668 τῷ

2128 1691 2289 1763 ἁγίῳ.
2321 1691 2430 1746 Καὶ
2457 1692 2569 1762 ἐγὼ
2598 1692 2840 1765 ἑώρακα,
2873 1693 2967 1747 καὶ
2999 1690 3428 1764 μεμαρτύρηκα,
3455 1691 3538 1744 ὅτι
3562 1685 3722 1753 0616;

2127 1785 2275 1837 ἐστιν
2300 1784 2340 1846 ὁ,
2360 1784 2488 1848 Υίὸς
2519 1783 2613 1837 τοῦ
2654 1783 2814 1838 Θεοῦ.
2847 1804 2866 1838 ι
2895 1783 3274 1854 Μαρτυρεῖται
3299 1781 3478 1836 τοίνυν
3506 1780 3602 1835 καὶ
3633 1780 3723 1834 διὰ

2128 1877 2226 1946 τῆς
2269 1875 2365 1929 τοῦ
2413 1876 2629 1947 Πατρὸς
2680 1876 2867 1946 φωνῆς
2910 1876 2940 1928 6
2988 1873 3195 1946 Κύριος
3246 1872 3407 1944 ἡμῶν
3440 1871 3650 1943 Ἰησοῦς
3691 1875 3722 1926 6

2130 1967 2385 2038 Χριστὸς,
2410 1967 2492 2021 ὅτι
2529 1967 2690 2037 φύσει
2717 1984 2779 2020 τε
2813 1966 2908 2022 καὶ
2939 1965 3082 2020 κατὰ
3113 1963 3374 2037 ἀλήθειαν
3408 1964 3535 2028 Υίός
3569 1964 3721 2018 ἐστιν

2127 2060 2296 2114 αὑτοῦ
2312 2077 2325 2090 ·
2364 2063 2728 2133 μαρτυρεῖται
2754 2060 2812 2114 δὲ
2838 2059 2992 2114 οὐδὲν
3017 2053 3181 2128 ἦττον
3209 2057 3301 2112 διά
3324 2075 3384 2111 τε
3409 2056 3504 2111 τοῦ
3529 2056 3722 2121 ῦδατος

2133 2153 2223 2206 καὶ
2265 2151 2358 2205 τοῦ
2405 2153 2670 2223 αἵματος,
2718 2153 2814 2207 καὶ
2861 2151 2958 2208 τοῦ
2993 2150 3338 2222 Πνεῦματος.
3368 2150 3568 2204 ’Υδατι
3618 2150 3719 2221 μὲν

2130 2243 2209 2312 τῷ
2251 2243 2396 2315 ἁγίῳ
2421 2244 2717 2315 διασμήχει
2747 2245 2856 2298 τῶν
2889 2243 3255 2299 πιστευόντων
3281 2241 3382 2306 τὰς
3414 2241 3716 2314 ἁμαρτίας,

2138 2336 2392 2401 ζωοποιεῖ
2419 2336 2476 2390 δὲ
2509 2337 2597 2390 διὰ
2629 2336 2724 2390 τοῦ
2755 2337 2886 2390 ίδίου
2922 2336 3156 2406 αἵματος
3185 2333 3282 2390 καὶ
3308 2333 3569 2390 συνάπτει
3601 2332 3720 2404 Θεῷ

2135 2431 2262 2494 τοὺς
2291 2430 2383 2482 ἐπὶ
2411 2430 2509 2499 τῆς
2540 2431 2664 2501 γῆς.
2705 2429 2922 2501 Ἐπειδὴ
2950 2429 3006 2483 δέ
3035 2429 3151 2483 ἐστι
3195 2427 3338 2482 κατὰ
3378 2425 3539 2496 φύσιν
3563 2425 3720 2490 Θεὸς,

2137 2521 2232 2575 καὶ
2252 2522 2350 2594 τὴν
2372 2519 2465 2575 τοῦ
2493 2521 2650 2590 ἁγίου
2677 2520 2814 2574 ῐινεύ
2825 2537 2992 2590 ματος
3017 2517 3284 2592 χορηγίαν
3304 2521 3539 2574 ποιεῖται
3565 2518 3728 2573 πλουν

2139 2613 2290 2677 σίως,
2321 2613 2398 2678 ὡς
2426 2612 2556 2667 ἴδιον
2575 2613 2708 2668 αὐτὸ
2726 2615 2843 2676 ταῖς
2864 2611 2973 2666 τῶν
2992 2610 3360 2665 πιστευόντων
3387 2608 3594 2681 ὲκχέων
3616 2609 3724 2680 ψυ-

2135 2710 2258 2778 xai;
2287 2707 2438 2770 θείας
2465 2723 2526 2760 τε
2566 2705 2782 2776 φύσεως
2816 2703 3104 2767 κοινωνοὺς
3138 2700 3481 2771 ἀποφαίνων,
3513 2700 3608 2754 καὶ
3651 2703 3720 2772 τῇ

2133 2799 2248 2854 τῶν
2273 2799 2548 2870 ἐσομένων
2577 2798 2798 2868 ἀγαθῶν
2828 2797 3008 2851 ἑλπίδι
3037 2793 3339 2864 στεφανῶν.
3369 2794 3507 2848 Ἕνα
3537 2791 3722 2846 τοίνυν

2131 2889 2508 2961 ὁμολογοῦμεν.
2530 2889 2656 2943 Υίὸν
2687 2889 2921 2960 Χριστὸν
2953 2886 3161 2959 Ἰησοῦν
3189 2886 3286 2940 καὶ
3309 2884 3536 2958 Κύριον,
3561 2901 3723 2938 τουτ-

2131 2982 2273 3048 έστι,
2309 2982 2401 3037 τὸν
2430 2982 2526 3038 τοῦ
2566 2981 2703 3036 Θεοῦ
2746 2982 2920 3052 Λόγον
2955 2981 3458 3053 ὲνανΘρωπήσαντα
3497 2979 3593 3032 καὶ
3627 2996 3721 3033 σε·

2132 3074 2508 3147 σαρκωμένον,
2541 3075 2637 3129 καὶ
2677 3074 2866 3128 τοῦτον
2905 3072 3337 3145 ἐσταυρωμένον,
3368 3072 3463 3125 καὶ
3492 3073 3724 3142 ἐγηγερ-

448 3152 608 3226 μένον
633 3155 698 3208 ὲκ
729 3155 958 3225 νεκρῶν,
984 3156 1186 3227 ἥξοντα
1206 3174 1264 3212 τε
1301 3157 1442 3212 κατὰ
1467 3161 1695 3229 καιροὺς
1756 3162 1814 3215 ὲν
1845 3163 1914 3234 τῇ
1939 3161 2066 3236 δόξῃ
2102 3165 2198 3220 τοῦ
2231 3166 2366 3221 Θεοῦ
2398 3168 2494 3222 καὶ
2559 3166 2772 3237 Πατρὺς
2811 3166 2950 3236 μετά
2991 3165 3100 3219 τῶν
3128 3163 3300 3232 ἁγίων
3343 3162 3612 3232 ἀγγέλων.
3638 3160 3729 3215 Δι’

444 3249 610 3308 αὐτοῦ
642 3268 699 3304 τε
727 3268 823 3306 και
849 3254 944 3308 σὺν
967 3253 1116 3325 αὑτῷ
1137 3253 1214 3325 τῷ
1237 3253 1358 3325 Θεῷ
1383 3256 1477 3310 κα)⁸
1502 3255 1678 3328 Πατρὶ
1703 3257 1737 3327 ἡ
1763 3256 1890 3324 δόξα
1923 3259 2019 3314 σὺν
2057 3260 2200 3335 ἁγίῳ
2226 3262 2507 3336 Πνεῦματι
2536 3263 2616 3328 είς
2644 3263 2772 3328 τους
2799 3260 3024 3324 αίῶνας.
3062 3259 3251 3331 Ἀμήν.

521 3399 566 3432 ⁸³
595 3402 615 3461 Ι
648 3403 803 3462 Joan.
843 3424 898 3474 ι’,
920 3409 1075 3467 5-10.
1156 3411 1199 3444 ¹⁶
1229 3409 1387 3467 Joau.
1426 3428 1464 3479 ι,
1493 3412 1584 3479 53,
1613 3413 1703 3468 54.
