4080 6414
498 331 598 388 251

1500 334 1558 388 S.
1601 332 1876 389 CYﬂlLLI
1917 331 2384 389 ALEXANDRINI
2436 336 2752 394 AIiCHIEP.

3685 343 3793 399 252

504 447 792 502 Nobiscum
832 449 970 503 Dcus
1001 449 1065 502 ‘9.
1104 467 1122 501 t
1180 449 1322 505 Deus
1375 461 1496 507 erat
1551 453 1737 521 itaque
1785 454 1876 521 qui
1937 460 2079 505 natu:

2203 452 2771 525 μεθερμηνευόμενον,
2812 456 2954 509 Μεθ’
2991 455 3160 525 ἡμῶν
3193 459 3225 511 ό
3257 461 3403 524 Θεές
3427 476 3438 489 ’
3477 459 3608 525 Θεὸς
3638 457 3734 517 οὖν
3763 471 3792 522 ὁ

501 554 606 609 est,
639 544 790 604 velis.
820 546 982 598 nolis.

575 635 776 689 NEST.
812 637 1048 707 Angelus
1071 635 1310 704 Joseplto
1350 638 1485 691 dixit
1523 656 1536 691 :
1583 656 1602 688 ι
1649 636 1887 705 Surgeus
1912 634 2096 704 aet-ipe

504 743 726 795 puerum
759 739 813 782 et
859 739 1089 783 matrem
1134 731 1272 799 ejus,
1323 741 1375 783 et
1428 731 1550 797 fuge
1591 730 1642 783 in
1685 727 1997 795 Δῦιιγμιιιιιι,
2043 741 2097 782 et

501 831 616 873 esto
650 821 717 875 ibi
746 838 917 890 usque
941 825 1063 875 dum
1097 824 1272 876 dicam
1296 825 1389 877 tibi
1415 824 1482 878 ’°.
1506 842 1524 875 ι
1552 821 1663 876 Non
1687 822 1824 875 dixit
1851 839 1865 876 :
1899 822 2096 892 Accipe

508 914 672 966 lteum
711 926 766 968 et
797 924 1026 969 matrem
1060 914 1196 983 ejus.

576 1091 737 1146 ΟΥΕ,
772 1094 1023 1148 Attamen
1075 1094 1435 1164 archangelus
1468 1094 1686 1149 Gabriel
1733 1095 1942 1165 Virgini
1976 1095 2049 1149 ait
2077 1114 2090 1150 :

511 1198 532 1232 ι
573 1182 808 1250 Spiritus
839 1193 1062 1238 sanctus
1114 1183 1465 1252 superveniet
1493 1184 1545 1238 in
1581 1194 1655 1248 te,
1681 1195 1737 1240 ct
1771 1186 1948 1239 virtus
1997 1187 2094 1239 Al-

507 1274 701 1328 tissimi
731 1276 1078 1330 obumbrabit
1123 1278 1241 1333 tibi.
1287 1278 1410 1333 ldeo
1452 1278 1683 1348 etquod
1740 1288 1995 1332 nascetur
2025 1294 2090 1334 ex

510 1377 560 1418 te
584 1367 1043 1432 sanctum,Filius
1086 1369 1351 1426 Altissitni
1388 1370 1670 1423 vocabitur
1703 1371 1801 1423 υ.»

592 1540 790 1597 NEST.
825 1545 1117 1614 Apostolus
1167 1547 1280 1602 ait:
1319 1567 1338 1598 ‹
1377 1545 1740 1616 Semctipsum
1769 1552 2090 1621 cxiuanivit,

507 1631 738 1686 formam
770 1637 916 1689 servi
961 1638 1236 1707 accipiens
1260 1639 1305 1670 ”
1340 1657 1353 1704 ;
1396 1659 1415 1692 ι
1459 1640 1641 1704 idest,
1697 1651 1940 1696 nostrum
1988 1645 2089 1700 sibi

508 1721 736 1777 iudneus
793 1740 1009 1794 corpus,
1069 1728 1123 1781 in
1163 1744 1271 1797 quo
1331 1730 1650 1797 proticiebat
1706 1733 1967 1798 sapientia
2027 1750 2090 1788 ac

505 1821 664 1866 a-tate
691 1823 746 1867 et
793 1817 964 1885 gratia
1007 1816 1146 1885 apud
1180 1818 1347 1872 Deum
1373 1830 1426 1874 et
1460 1821 1708 1876 homines
1740 1823 1807 1889 ",
1833 1831 2088 1894 tanquant

506 1905 665 1958 homo
693 1905 1027 1962 Dominieus.

573 1994 732 2050 CYR.
767 1998 1033 2069 Quidquid
1068 1999 1266 2055 factum
1315 2013 1398 2058 est
1448 2018 1514 2059 ex
1567 2020 1759 2074 carne,
1803 2023 1932 2063 caro
1982 2020 2090 2077 est,

504 2103 678 2158 neque
712 2099 890 2145 tamen
922 2093 1045 2146 hinc
1070 2095 1356 2162 perimitur
1393 2098 1694 2154 nativitatis
1732 2101 2082 2157 miraculum.

504 2181 652 2234 Sicut
687 2181 828 2235 enim
863 2182 1005 2238 Deus
1059 2185 1322 2242 divinitus
1375 2200 1620 2257 generat,
1671 2192 1742 2246 ita
1800 2193 2087 2247 venerabi-

503 2270 566 2322 Iis
600 2286 813 2341 quoque
860 2271 1018 2343 Virgo
1052 2277 1258 2345 peperit
1292 2279 1343 2330 in
1377 2296 1541 2333 carne
1591 2281 1822 2335 Verbum
1873 2300 1938 2337 ex
1981 2283 2089 2340 Deo

503 2360 686 2416 Deum.

601 2453 802 2510 NEST.
867 2455 1061 2515 Omnis
1115 2470 1288 2516 mater
1349 2466 1870 2523 consubstantialem
1929 2487 2084 2525 suum

502 2545 678 2612 parit:
714 2563 818 2600 non
857 2559 1098 2620 estergo
1150 2554 1267 2618 ejus
1325 2566 1520 2625 mater,
1577 2559 1678 2613 nisi
1713 2559 1827 2632 ipse
1879 2571 1963 2617 est
2010 2563 2085 2619 illi

502 2640 1000 2696 consubstantialis.
1029 2642 1158 2696 Nam
1193 2649 1465 2715 quomodo
1504 2649 1574 2702 sit
1621 2661 1796 2706 mater
1829 2652 1966 2722 ejus,
1993 2657 2084 2726 qui

503 2728 775 2796 abjipsins
802 2733 1104 2788 substantia
1140 2737 1348 2794 alienus
1390 2739 1602 2796 fuerit?

571 2905 728 2960 CYR.
765 2907 950 2964 Nosex
980 2910 1197 2984 Virgine
1244 2923 1297 2970 et
1332 2932 1400 2971 ex
1433 2917 1639 2987 Spiritu
1676 2936 1864 2979 sancto
1913 2944 2079 2984 unum

503 2996 694 3052 Filium
749 3003 921 3056 edorti
977 3004 1177 3061 fuimus
1237 3009 1505 3078 conﬁteri,
1561 3019 2078 3078 consubstantialem

504 3092 660 3144 tttalri
694 3106 746 3143 ut
796 3094 961 3160 Ρειιιί,
1003 3100 1161 3152 sicuti
1203 3098 1394 3157 Patres
1425 3103 1699 3163 dixerunt.

570 3181 770 3238 NE>T.
807 3185 994 3239 Divido
1034 3199 1280 3254 naturas,
1311 3210 1472 3248 unam
1515 3196 1652 3252 facio
1684 3201 2076 3272 adorationem,

499 3275 624 3341 quia
653 3272 794 3328 Deus
829 3277 1208 3344 inseparabilis
1235 3292 1318 3335 est
1345 3283 1411 3338 ab
1446 3301 1512 3340 eo
1543 3288 1636 3358 qui
1667 3293 1931 3347 cernitur.
1957 3295 2081 3353 Ideo

500 3364 762 3418 honorem
797 3381 900 3420 non
936 3369 1139 3425 divido.

597 3456 758 3512 CYR.
823 3461 921 3525 Qui
987 3469 1214 3518 naturas
1267 3466 1478 3533 dividit,
1533 3471 1666 3528 duos
1724 3475 1856 3532 dicit
1920 3479 2078 3548 lilios,

505 3547 700 3621 luo
739 3548 1036 3621 Scriptum
1082 3570 1188 3610 non
1221 3561 1451 3616 credens
1498 3564 1702 3622 dicenti
1733 3584 1748 3622 :
1786 3587 1806 3621 ι
1843 3547 2078 3626 Verbum

502 3652 629 3693 caro
655 3639 856 3694 factum
883 3653 965 3698 est
993 3643 1060 3698 “.
1101 3665 1119 3698 ι

590 3725 791 3820 i‘iEST.
849 3729 1048 3789 Paulus
1109 3736 1239 3790 dicit
1277 3756 1296 3790 ι
1341 3743 1650 3808 pontificem
1697 3758 1750 3803 et
1775 3752 2078 3820 apostolum

502 3817 860 3877 confessionis
893 3835 1090 3880 nostrae
1124 3841 1248 3883 esse
1282 3829 1488 3901 Jesum,
1551 3839 1640 3905 qui
1699 3817 1871 3896 fidelis
1912 3853 1995 3898 est
2028 3847 2077 3899 ei

502 3911 594 3977 qui
635 3909 982 3983 fecitipsutn,
1011 3916 1102 3986 qui
1151 3931 1326 3977 semet
1375 3925 1605 3980 hostiam
1661 3930 1853 3987 obtulit
1896 3952 1994 4006 pro
2020 3952 2081 3992 se

501 4003 643 4057 haud
705 4005 885 4061 minus
950 4024 1112 4078 quam
1173 4029 1270 4082 pro
1335 4020 1546 4086 populo.
1603 4022 1780 4089 Quare
1838 4003 2076 4096 pontifex

500 4101 585 4146 est
636 4097 962 4154 constitutus
1003 4101 1053 4154 in
1085 4102 1151 4156 iis
1181 4118 1299 4173 qua:
1331 4108 1398 4161 ad
1441 4109 1604 4166 Deum
1645 4118 1917 4184 pertinent
1949 4123 2014 4176 ".
2055 4145 2074 4176 ι

2200 544 2434 614 τεχθεὶς,
2469 547 2572 598 κᾶν
2599 545 2780 618 θέλῃς,
2812 547 2916 599 κᾶν
2949 546 3024 618 μὴ
3063 547 3247 618 θέλῃς.

2269 635 2471 691 ΝΕΣΤ.
2514 638 2574 690 '0
2617 637 2850 706 ἄγγελος
2891 639 2969 710 τῷ
3009 641 3206 710 Ἰωσὴφ
3236 638 3424 696 εἶπεν·
3467 661 3485 693 ι
3529 645 3774 698 Ἀνασται

2200 729 2486 800 παράλαϐε
2535 731 2597 783 τὸ
2657 731 2870 784 παιδίον
2906 734 2999 785 καὶ
3035 736 3134 803 τὴν
3189 736 3400 807 μητέρα
3450 737 3637 799 αὐτοῦ,
3697 755 3768 790 κα

2198 820 2367 888 φεῦγε
2396 821 2476 884 είς
2505 819 2799 889 Αἴγυπτον,
2838 823 2932 876 καὶ
2957 823 3065 876 ῐσθι
3097 827 3211 878 ἐκεῖ
3239 825 3345 890 ’έως
3369 826 3434 881 ἂν
3464 829 3603 881 εἴπω
3631 845 3733 881 σοι·
3764 848 3783 882 ι

2197 910 2296 962 οὐκ
2338 905 2461 962 εἶπε
2512 911 2606 976 δὲ,
2639 912 2929 983 Παράλαϐε
2969 914 3060 967 τὸν
3103 915 3236 969 Θεὸν
3289 917 3382 970 καὶ
3427 917 3526 990 τὴν
3572 922 3790 991 μητέρα

2196 1018 2363 1055 αυτου
2373 1041 2386 1054 ο

2269 1093 2432 1146 ΚΥΡ.
2481 1095 2623 1148 Ἀλλ’
2661 1097 2690 1149 ὀ
2715 1098 3057 1168 ἀρχάγγελος
3088 1102 3331 1173 Γαϐριὴλ
3361 1104 3500 1174 πρὸς
3521 1105 3618 1176 τὴν
3640 1107 3791 1176 Παρ-

2197 1189 2349 1243 θένον
2381 1191 2568 1260 λέγει·
2611 1210 2629 1242 ι
2679 1193 2904 1263 Πνεῦμα
2947 1195 3101 1262 ἀγιον
3140 1195 3498 1249 ἐπελεύσεται
3551 1200 3644 1251 ἐπὶ
3701 1199 3786 1263 σὲ,

2196 1283 2291 1336 καὶ
2334 1283 2862 1354 δύναμις.⁹Υψίστου
2917 1287 3234 1340 ἐπισκιάσει
3287 1303 3400 1340 σοι·
3449 1288 3530 1341 διὸ
3581 1289 3675 1342 καὶ
3725 1289 3792 1342 τὸ

2195 1375 2536 1446 γεννώμενον
2587 1378 2650 1429 ὲκ
2703 1376 2796 1429 σοῦ
2855 1378 3032 1445 ἅγιον,
3095 1379 3209 1442 υίὸς
3260 1378 3520 1449 Ὑψίστου
3578 1379 3792 1452 κληθή-

2198 1486 2370 1522 σεται.
2411 1488 2427 1520 ι

2267 1559 2469 1614 ΝΕΣΤ.
2527 1559 2585 1613 ’0
2643 1562 2966 1626 Ἀπὸστολος
3016 1562 3154 1634 ἔφη·
3202 1581 3220 1614 ι
3255 1563 3478 1618 Ἑαυτὸν
3522 1563 3787 1627 ὲκένωσε,

2197 1653 2414 1724 μορφὴν
2445 1653 2633 1708 δούλου
2665 1653 2880 1708 λαϐώνο
2915 1676 2933 1706 ι
2968 1655 3105 1728 ὅπερ
3134 1656 3254 1709 ἐστὶ
3281 1657 3342 1709 τὸ
3378 1656 3648 1727 ἡμέτερον
3692 1657 3786 1709 ὲν-

2193 1744 2493 1815 δυσὰμενος
2528 1747 2707 1816 σῶμα,
2749 1746 2878 1799 ἔνθα
2911 1748 3222 1818 προέκοπτε
3270 1748 3433 1819 σοφίᾳ
3475 1749 3572 1801 καὶ
3597 1748 3790 1818 ἡλικίᾳ

2195 1836 2289 1890 καὶ
2317 1836 2498 1907 χάριτι
2533 1836 2684 1908 παρά
2728 1835 2847 1907 Θεῷ
2879 1837 2971 1890 καὶ
3015 1837 3346 1911 ἀνθρώποις,
3395 1838 3472 1902 ὼς
3503 1836 3789 1909 Κυριακὸς

2193 1929 2289 1982 ἄνθ
2299 1946 2504 1998 ρωπος.

2264 2023 2428 2076 ΚΥΡ.
2457 2021 2572 2075 Πᾶν
2599 2022 2660 2074 τὸ
2680 2021 2974 2092 γενόμενον
3007 2023 3072 2076 ὲκ
3092 2022 3194 2092 τῆς
3222 2021 3444 2092 σαρκὸς,
3473 2019 3610 2092 σάρξ
3636 2021 3786 2074 ἐστι’

2191 2113 2289 2166 οὐκ
2323 2114 2542 2184 ἀναιρεῖ
2563 2113 2617 2167 δὲ
2652 2114 2751 2183 τῆς
2793 2118 3098 2185 γεννήσεως
3149 2113 3450 2184 παράδοξον
3473 2130 3486 2142 ·
3514 2112 3588 2177 ὼς
3614 2111 3726 2184 γὰρ
3754 2113 3789 2166 ὁ

2194 2204 2326 2268 Θεὸς
2348 2204 2523 2258 τίκτει
2548 2203 2769 2271 θεῖκῶς,
2796 2203 2942 2259 οὕτω
2969 2204 3064 2258 καὶ
3098 2207 3131 2276 ἡ
3173 2204 3482 2276 θεοπρεπὴς
3503 2204 3788 2274 Παρθένος

2192 2294 2378 2346 ἔτεκεν
2404 2294 2466 2345 ἐν
2491 2294 2655 2362 σαρκὶ
2685 2295 2776 2347 τὸν
2807 2297 2871 2346 ὲκ
2904 2293 3041 2347 Θεοῦ
3076 2293 3208 2346 Θεὸν
3236 2293 3431 2362 Λόγον.

2257 2468 2459 2524 ΝΕΣΤ.
2495 2471 2652 2524 Πᾶσα
2708 2472 2894 2542 μήτηρ
2938 2469 3000 2523 τὸ
3027 2469 3315 2541 ὁμοούσιον
3362 2469 3534 2541 αὐτῆς
3565 2469 3781 2524 τίκτει·

2186 2563 2288 2616 οὐκ
2319 2562 2467 2617 ἐστιν
2514 2559 2605 2616 οὖν
2649 2562 2816 2616 αὑτοῦ
2851 2564 3056 2634 μήτηρ,
3083 2563 3130 2615 εἰ
3174 2562 3250 2633 μὴ
3287 2563 3450 2626 αὐτὸς
3489 2561 3788 2632 ὁμοούσιος

2187 2656 2362 2728 αὐτῆς
2387 2657 2623 2728 ⁹ὒπάρχει
2646 2675 2660 2689 ’
2691 2657 2806 2720 πῶς
2831 2655 2940 2728 γὰρ
2969 2656 3134 2708 αὑτοῦ
3162 2657 3344 2728 μήτηρ
3373 2655 3466 2710 τοῦ
3492 2656 3782 2726 ἀλλοτρίου

2185 2749 2283 2820 τῆς
2312 2750 2498 2815 οὐσίας
2558 2749 2729 2822 αὐτῆς
2780 2749 3120 2820 ὑπάρχοντος
3170 2747 3315 2821 [c0d.
3366 2748 3428 2802 τὸ
3488 2748 3779 2820 ἀλλότριον

2192 2840 2460 2914 ὑπᾶρχον]
2485 2859 2499 2906 ;

2256 2933 2662 3004 magnae;
2720 2934 2783 2986 ἐκ
2841 2932 3120 3004 Παρθένου
3185 2931 3281 2985 καὶ
3346 2931 3410 2984 ἐκ
3456 2930 3779 3000 Πνεύματος

2185 3026 2342 3095 ἁγίου
2373 2997 2472 3080 ινοῖ
2504 2997 2633 3079 Υίὸν
2678 2997 3037 3096 ἐδιδάχθη-μεν
3063 3023 3366 3094 ὁμολογεῖν,
3393 2997 3678 3094 ὀμοούσιον
3703 3025 3774 3094 τῇ

2107 3144 2149 3202 C
2186 3120 2356 3190 μητρὶ
2383 3118 2459 3180 ὡς
2481 3117 2557 3189 τῷ
2582 3117 2782 3189 Πατρὶ,
2808 3115 2992 3179 καθὼς
3025 3119 3074 3169 οἱ
3111 3115 3354 3186 Πατέρες
3375 3116 3682 3186 εἰρήκασιν.

2257 3210 2458 3265 ΝΕΣΤ.
2493 3208 2698 3282 Διαιρῶ
2722 3209 2821 3272 τὰς
2855 3207 3069 3277 φύσεις,
3105 3206 3210 3260 ὲνῶ
3238 3209 3337 3276 τὴν
3372 3207 3772 3278 προσκύνησιν,

2184 3301 2372 3371 ἐπειδὴ
2399 3299 2703 3372 ἀχώριστος
2754 3297 2848 3350 τοῦ
2904 3297 3229 3367 φαινομένου
3277 3296 3444 3358 Θεόςο
3477 3295 3561 3349 διά
3610 3295 3773 3350 τοῦτο

2183 3392 2244 3444 ού
2278 3389 2499 3462 χωρίζω
2525 3390 2626 3459 τὴν
2655 3388 2847 3460 τιμήν.
3749 3430 3763 3442 .

2254 3482 2420 3535 ΚΥΡ.
2465 3481 2524 3534 '0
2560 3479 2788 3551 διαιρῶν
2823 3479 2900 3550 (l)
2934 3477 3034 3542 τάς
3056 3477 3267 3547 φύσεις,
3298 3477 3392 3530 δύο
3417 3478 3567 3541 υἱοὺς
3593 3478 3771 3548 λέγει,

2187 3575 2261 3647 μὴ
2291 3575 2563 3629 πιστεύων
2583 3578 2648 3646 τῇ
2678 3575 2870 3648 Γραφῇ
2894 3573 3152 3646 λεγούσῃ,
3178 3575 3261 3626 ὅτι
3295 3592 3314 3626 ι
3353 3573 3410 3627 ’0
3434 3573 3605 3641 Λόγος
3633 3572 3778 3643 σὰρξ

2185 3667 2423 3720 ἐγένετο.
2458 3686 2476 3720 i

2215 3685 2476 3812 7:;2’l‘.’
2510 3756 2921 3826 Παῦλος-λέγει
2961 3775 2978 3808 ι
3021 3755 3286 3827 ἀρχιερέα
3331 3754 3443 3808 καὶι
3471 3754 3772 3808 ἀπόστολον

2182 3849 2281 3920 τῆς
2317 3847 2604 3920 ὁμολογίας
2658 3848 2814 3918 ἡμῶν
2856 3846 3111 3916 γενέσθαι
3157 3845 3386 3918 Ἰησοῦν,
3417 3845 3608 3898 πιστὸν
3639 3845 3770 3900 ὄντα

2180 3937 2259 4009 τῷ
2282 3937 2572 4008 ποιήσαντι
2613 3936 2807 3990 ἑαυτὸν
2839 3936 2938 4005 (2),
2965 3933 3159 3988 θυσίαν
3192 3934 3386 3988 ἑαυτὸν
3426 3933 3770 4005 προσέφερεν

2182 4030 2321 4101 ὑπὲρ
2351 4028 2546 4082 ἑαυτοῦ
2570 4028 2646 4092 ὡς
2685 4028 2827 4099 ὑπὲρ
2851 4027 2945 4080 τοῦ
2965 4026 3096 4080 λαοῦ
3113 4044 3126 4058 '
3151 4026 3274 4079 ὅθεν
3308 4026 3599 4098 ἀρχιερεὺς
3630 4026 3771 4080 καθ-

2184 4123 2397 4175 ίσταται
2434 4120 2501 4174 τὰ
2532 4120 2670 4190 πρὸς
2702 4118 2795 4172 τὸν
2822 4117 2974 4171 Θεόν.
3017 4136 3035 4169 ι

575 4183 735 4281 (ξῖῐῖ.
770 4188 969 4244 Paulus
1026 4193 1148 4247 ait:
1189 4214 1208 4246 ι
1249 4197 1502 4256 Christus
1537 4183 1705 4260 semel
1747 4210 1962 4267 oblatus
2011 4216 2078 4269 ad

2250 4214 2418 4268 KTP.
2451 4183 2663 4275 Παῦλος
2691 4211 2870 4278 λέγει’
2903 4228 2922 4261 ι
2953 4209 3191 4281 Χριστὸς
3214 4208 3358 4272 ἀπαξ
3385 4206 3770 4280 προσενεχθεὶς

501 4275 792 4330 multorum
839 4281 1160 4348 perferenda
1185 4298 1426 4355 peccata,
1474 4296 1709 4350 secundo
1741 4299 1856 4351 sine
1883 4316 2076 4367 pecca-

2184 4307 2259 4368 είς
2283 4303 2343 4357 τὸ
2373 4304 2582 4357 πολλῶν
2615 4275 2926 4370 ἀνενεγκεῖν
2951 4275 3246 4374 ἁμαρτίας,
3281 4302 3346 4354 ἐκ
3378 4275 3769 4371 δενυτέρουχωο

501 4373 556 4420 ιο
580 4371 859 4438 apparebit
893 4372 958 4426 “.
996 4392 1013 4426 ι
1046 4373 1215 4430 Item:
1255 4397 1273 4428 ι
1319 4378 1420 4444 Qui
1463 4397 1743 4451 peccatum
1780 4404 1886 4443 non
1928 4392 2074 4456 fecit,

2184 4397 2266 4466 ρὶς
2296 4396 2568 4466 ἁμαρτίας
2603 4394 2921 4465 ὀφθήσεται.
2964 4371 3130 4448 »Ἵιίέιι
3172 4393 3362 4446 πάλιν·
3407 4411 3425 4444 ι
3467 4391 3771 4461 Ἀμαρτίαν

499 4474 602 4515 nec
638 4461 795 4517 dolus
838 4474 954 4518 erat
1009 4467 1060 4520 in
1099 4482 1196 4522 ore
1221 4470 1342 4539 ejus
1377 4473 1443 4526 ".
1480 4492 1499 4525 ι
1536 4475 1599 4529 Et
1626 4492 1693 4531 en
1731 4479 1846 4548 ipse
1903 4496 2078 4537 semet

2184 4461 2281 4540 οὐκ
2314 4461 2589 4556 ἐποίησεν,
2625 4461 2893 4549 καὶ-δόλος
2919 4486 3017 4557 οὐχ
3046 4486 3292 4555 ὑπῆρχεν
3327 4485 3386 4536 ὲν
3418 4482 3496 4554 τῷ
3535 4482 3771 4551 στόματι

499 4568 598 4622 pro
655 4555 812 4611 nobis
844 4557 1021 4613 oden.
1060 4558 1272 4617 Videsis
1312 4563 1497 4634 itaque
1543 4571 1688 4639 quod
1731 4588 1836 4627 non
1885 4589 1983 4644 pro
2019 4589 2078 4630 se

2187 4576 2392 4630 αὑτοῦ·
2448 4555 2596 4630 ικαὶ
2654 4577 2762 4654 ῐᾷοὺ
2803 4555 3209 4640 αύτὸςνήὲαυτὸν
3267 4575 3569 4648 προσφέρει
3621 4572 3772 4643 ὑπὲρ

499 4644 614 4714 ipso
635 4660 692 4700 se
713 4650 926 4716 obtulit,
959 4653 1052 4708 sed
1082 4669 1182 4724 pro
1203 4657 1418 4726 populo.

2184 4667 2342 4738 ἡμῶν
2366 4685 2378 4697 ·
2415 4667 2488 4721 ἴδε
2531 4663 2623 4723 οὖν
2657 4644 2756 4738 ούχ
2805 4668 2945 4740 ὑπὲρ
2989 4666 3182 4730 ἑαυτοῦ
3241 4669 3543 4738 ἀνήνεγκεν
3577 4664 3768 4727 αὑτὸν,

2183 4760 2296 4814 ἀλλ’
2322 4761 2463 4830 ὑπὲρ
2493 4759 2588 4813 τοῦ
2617 4760 2770 4815 λαοῦ.

568 4822 767 4880 NEST.
813 4825 946 4882 Cum
1001 4828 1118 4899 ipse
1161 4832 1353 4889 dicat:
1392 4853 1411 4887 ι
1454 4835 1557 4903 Qui
1591 4839 1878 4895 manducat
1901 4857 2075 4900 meam

2257 4822 2456 4904 NEET'.
2512 4851 2687 4905 Αὐτοῦ
2735 4852 3006 4922 λέγοντος·
3045 4870 3064 4902 ι
3118 4850 3178 4931 το
3227 4849 3456 4922 τρώγων
3508 4865 3607 4918 μου
3663 4847 3768 4916 τὴν

497 4929 738 4982 carnem,
789 4930 842 4974 et
881 4920 1016 4975 bibit
1051 4937 1228 4978 meum
1277 4929 1615 4998 sanguinem.
1671 4933 1814 4988 vivet
1858 4945 2076 5004 propter

2185 4940 2384 5006 σάρκα,
2425 4939 2523 4998 καὶ
2564 4941 2732 4993 πίνων
2779 4920 2878 5012 μου
2913 4941 2976 4994 τὸ
3020 4923 3181 5010 αἷμα,
3231 4920 3456 5011 ζήσεται
3485 4937 3556 4991 δι’
3602 4934 3767 5005 ἐμοῦ,

415 5038 418 5040 ~
496 5023 605 5073 me,
643 5010 900 5082 sicutego
925 5011 1304 5087 vivopropter
1327 5033 1473 5085 eum,
1501 5021 1591 5090 qui
1627 5038 1710 5076 me
1760 5026 1925 5091 misit,
1968 5027 2074 5082 Pa-

2184 5029 2363 5092 καθὼς
2399 5027 2511 5098 ἐγὼ
2559 5030 2636 5094 ζῶ
2665 5030 2752 5084 διὰ
2783 5010 2882 5085 τὸν
2915 5010 3314 5085 ἀποστείλαντά
3354 5046 3421 5099 με
3458 5027 3698 5097 Πατέρα.
3739 5045 3762 5079 ι

564 5185 613 5261 1-0-
633 5183 733 5261 [βε.
768 5202 839 5241 νη
866 5230 879 5250 ο
915 5193 1004 5248 14,
1109 5194 1155 5227 ’θ
1185 5190 1369 5248 Matth.
1408 5210 1468 5261 Il,
1501 5196 1581 5250 l3.

1694 5200 1737 5231 "
1773 5199 1906 5256 Luc.
1950 5219 1985 5264 ι,
2023 5205 2111 5260 55.

496 5252 546 5286 "
572 5255 736 5324 Hebr.
764 5261 902 5326 ιιι,1.
981 5263 1026 5294 ’⁸
1061 5263 1223 5319 Hebr.
1256 5279 1334 5330 ιιι,
1357 5263 1447 5320 28.

2213 5209 2259 5239 ²²
2286 5206 2581 5279 Philipp",
2613 5209 2667 5264 7.

1531 5269 1572 5297 ³⁷
1604 5267 1618 5320 l
1663 5268 1805 5325 Petr.
1833 5287 1892 5337 ιι,
1915 5273 2006 5329 22.

2780 5210 2825 5243 ⁸³
2857 5210 2986 5266 Luc.
3021 5225 3078 5277 ιι,
3108 5209 3198 5265 5‘2.
3301 5208 3349 5240 "’
3387 5207 3545 5263 Joan.
3585 5223 3634 5273 t,
3675 5208 3766 5262 Η.

2167 5429 2280 5484 buit
2319 5429 2685 5504 calumniandi
2717 5429 3049 5504 catholicos,
3078 5429 3169 5504 qui
3199 5436 3516 5504 naturarum
3579 5426 3771 5504 quali-

2167 5510 2332 5553 tatem
2397 5501 2708 5556 tuebantur.
2776 5500 2915 5554 Hinc
2973 5497 3236 5554 mentium
3311 5498 3572 5560 tenebrat,
3633 5497 3768 5549 hinc

2168 5587 2356 5623 vocum
2375 5571 2684 5634 abusiones,
2710 5572 2835 5625 hinc
2865 5571 2994 5624 rixa:
3013 5569 3275 5638 proximae
3307 5568 3573 5638 interdum
3601 5565 3764 5638 λογο-

2169 5640 2412 5710 μαχίαις.
2454 5641 2791 5712 Quanquam
2825 5635 3099 5712 reapseiin
3127 5650 3273 5694 secta
3313 5635 3746 5712 lliouophysittea

2168 5709 2277 5765 non
2304 5709 2677 5781 imaginarius,
2711 5713 2803 5766 sed
2837 5711 3085 5781 capitalis
3120 5724 3277 5766 error
3309 5710 3458 5764 latet.

2241 5781 2318 5852 (ἓ)
2350 5780 2430 5835 Ita
2465 5781 2582 5838 cod.
2628 5797 2726 5852 pro
2756 5780 2942 5838 αὐτόν.

567 5415 840 5492 (l)Neg_at
884 5417 1118 5491 Cyrillus
1173 5437 1232 5477 se
1275 5423 1514 5478 dividere
1563 5424 1764 5478 Christi
1813 5436 2054 5492 naturas.

494 5490 815 5560 nonhquod
846 5490 1007 5543 unam
1045 5501 1292 5546 naturam
1339 5495 1524 5547 credat
1559 5495 1705 5560 (nam
1735 5497 1868 5550 duas
1892 5490 2056 5552 etiam

493 5556 547 5610 in
587 5556 749 5639 libro.
781 5557 855 5612 Da
892 5563 1251 5639 incarnatione
1308 5561 1538 5639 Domini,
1567 5556 1708 5634 'cap.
1745 5567 1814 5639 ὃς
1849 5566 1924 5639 [iu
1955 5569 2060 5635 ﬁne

491 5627 779 5707 σιραίου-ξε
803 5630 954 5703 tomi]
977 5647 1098 5707 esse
1121 5634 1249 5702 ait),
1281 5636 1373 5707 sed
1402 5635 1524 5707 quia
1551 5627 1819 5702 persouali
1850 5627 2058 5707 ‘copula

493 5695 672 5771 unitas
697 5695 954 5755 aliirmatf
980 5700 1097 5757 Jam
1141 5695 1458 5759 vocabului'n
1487 5695 1776 5771 diuisiouir,
1804 5723 1831 5758 a
1868 5695 2060 5763 Nesto-

497 5764 663 5823 rianis
692 5783 855 5838 prave
897 5773 1220 5842 adhibitum,
1258 5789 1447 5832 ansam
1492 5764 1876 5847 Molitijitij'Sitis
1919 5795 2058 5848 prac-
