4080 6496
365 414 476 468 253

1559 419 1670 475 DIA
1683 421 1866 477 LOGU
1879 422 1916 477 S
1955 422 2100 479 CUM
2141 424 2182 479 Ν
2195 425 2507 484 ES'l'Ol'llO.

3570 434 3675 491 2’34

361 527 499 580 Τίνα
532 522 627 582 οῦν
655 528 864 593 ἐσθίεις
885 573 900 598 ,
927 533 1176 602 αἰρετικέ
1203 553 1216 600 ;
1245 537 1344 603 τὴν
1385 537 1638 610 θεότητα,
1671 540 1724 610 ἢ’
1746 542 1846 608 τὴν
1881 541 1945 595 ἀν

2046 596 2048 600 ,
2083 556 2219 599 trem
2251 545 2319 601 ⁸⁸.
2382 548 2524 614 Quid
2559 564 2688 615 ergo
2735 551 3068 617 manducas,
3106 567 3139 608 ο
3187 551 3482 607 hmretice?
3535 553 3673 606 divi-

362 618 738 689 θρωπότητα;
773 623 890 675 Οὐκ
950 621 1072 678 εἶπε
1125 626 1235 698 γὰρ
1278 628 1306 680 6
1338 629 1597 698 Χριστὸς,
1633 632 1690 684 '0
1737 632 1968 702 τρώγων

364 727 468 780 μου
506 709 609 781 τὴν
641 710 903 784 θεότῃτα,
937 715 1074 772 ἀλλὰ
1110 717 1247 788 ,Τὴν
1277 721 1478 792 σάρκα.

431 801 602 856 ΚΥΡ.
649 805 796 874 Ἐγὼ
854 808 957 878 μὲν
1015 810 1195 864 πίστει
1259 813 1661 886 μεταλαμϐάνω
1715 819 1815 888 τὴν
1871 818 1966 872 τοῦ

368 894 636 948 ζςιιοποιοῦ
678 898 861 965 Λόγου
892 899 1267 964 ζωοποιοῦσαν
1309 905 1486 977 σάρκα
1507 922 1524 937 ⁸
1565 907 1688 962 ὅθεν
1721 912 1748 962 6
1775 910 1966 982 Σωτὴρ

535 1005 556 1037 ε
606 984 677 1040 Ol
720 989 1002 1056 ἐσθίοντες
1050 997 1113 1047 ὲκ
1151 994 1342 1049 τούτου
1393 998 1488 1051 τοῦ
1540 1000 1727 1071 ἄρτου,
1770 1003 1830 1054 οὐ
1887 1005 1964 1074 μὴ

367 1079 679 1140 γεύσωνται
711 1082 949 1140 θανάτου
981 1089 1072 1150 ἐίς
1116 1091 1208 1144 τὸν
1242 1092 1416 1145 αἰῶνα
1439 1108 1452 1120 ·
1495 1112 1514 1144 ι
1551 1095 1600 1147 οἱ
1635 1095 1691 1149 δὲ
1727 1097 1965 1162 ἀναξίως

365 1171 904 1244 μεταλαμϐάνοντες,
939 1178 1025 1234 διὰ
1051 1180 1151 1252 τῆς
1184 1182 1468 1248 ἀπειθείας
1508 1187 1889 1258 κριθήσονται.
1982 1198 1995 1205 '

431 1262 643 1318 ΝΕΣΤ.
681 1285 699 1315 ι
726 1266 936 1338 Κύριος
962 1271 1277 1326 ἀπέσταλκέ
1317 1292 1384 1344 με
1415 1276 1509 1329 καὶ
1531 1275 1591 1329 τὸ
1613 1278 1839 1350 Πνεῦμα
1866 1282 1963 1334 αὑ-

357 1354 490 1406 τοῦο
553 1356 789 1429 Πνεῦμα
844 1361 1054 1432 Κυρίου
1108 1365 1198 1419 ἐπ’
1247 1367 1368 1437 ἐμὲ,
1410 1362 1470 1422 οὗ
1518 1370 1727 1424 εἵνεκεν
1777 1372 1960 1442 ἔχρισὲ

354 1465 458 1518 με·
496 1468 516 1500 ι
554 1452 653 1503 καὶ
704 1452 793 1505 διὰ
836 1454 995 1509 τοῦτό
1023 1475 1223 1529 φησιν·
1266 1479 1283 1510 ι
1315 1461 1645 1532 Ἔχρισένσε
1680 1467 1709 1518 6
1735 1466 1891 1533 Θεὸς,
1930 1469 1960 1521 6

347 1539 485 1604 Θεός
519 1558 644 1606 σου,
673 1542 856 1598 ἔλαιον
904 1548 1286 1615 ἀγαλλιάσεως
1317 1554 1469 1624 παρὰ
1516 1557 1642 1618 τοὺς
1693 1561 1958 1629 μετόχους

350 1648 482 1685 σουο
535 1653 556 1685 ι
590 1636 707 1690 νόει
765 1633 860 1691 οῦν
905 1641 999 1694 τὸν
1043 1642 1359 1714 χρισθέντα,
1405 1646 1662 1716 ὁμολόγει
1713 1649 1804 1702 τὸν
1839 1651 1958 1720 χρί-

353 1742 542 1788 σαντα,
579 1729 678 1782 καὶ
711 1732 1011 1802 προσκύνει
1045 1735 1136 1789 τὸν
1169 1738 1296 1790 ναὸν
1329 1738 1416 1792 διὰ
1442 1739 1532 1793 τὸν
1550 1741 1608 1794 ἐν
1632 1742 1785 1813 αὐτῷ
1824 1761 1954 1798 κατ-

355 1835 605 1872 οικουντα
615 1863 627 1874 .
713 1847 718 1850 “

2075 637 2320 701 nitatem,
2349 653 2415 691 an
2450 640 3005 698 humanitatemmou
3047 646 3192 698 enim
3220 644 3625 700 dixitChristus
3653 663 3668 698 :

2074 725 2173 792 Qui
2212 729 2502 784 mandueat
2530 747 2704 786 meam
2729 733 3088 801 divinitatem,
3119 737 3237 800 sed,
3281 751 3522 790 carnem.

2141 818 2300 872 CVR.
2337 819 2447 886 Ego
2477 821 2581 876 ﬁde
2612 822 2814 891 recipio
2859 824 3187 880 viviticantis
3220 823 3384 880 Verbi
3417 840 3662 881 carnem.

2069 909 2224 965 Unde
2249 908 2508 966 Servatur
2532 913 2642 967 ait:
2687 933 2706 966 ι
2739 913 2839 981 Qui
2881 916 3211 972 manducant
3255 931 3321 971 ex
3365 917 3467 972 hoc
3502 932 3669 987 pane,

2069 1019 2173 1057 non
2209 1007 2501 1074 gustabunt
2549 1017 2781 1061 mortem
2816 1008 2868 1061 in
2925 1020 3190 1063 aeternum
3227 1010 3296 1062 ”.
3339 1027 3358 1060 ι
3390 1008 3490 1076 Qui
3533 1025 3666 1062 vero

2067 1096 2284 1166 indigne
2351 1106 2594 1163 sumunt,
2661 1107 2884 1168 propter
2939 1099 3380 1155 incredulitatem
3453 1099 3664 1170 judica-

2068 1191 2288 1244 buntur.

2135 1280 2336 1337 NEST.
2374 1299 2392 1332 ι
2438 1281 2695 1337 Dominus
2725 1283 2874 1339 misit
2928 1299 3014 1338 me
3058 1290 3114 1337 et
3165 1283 3400 1354 Spiritus
3447 1282 3565 1351 ejus
3590 1284 3656 1338 ".

2065 1371 2305 1439 Spiritus
2357 1371 2569 1427 Domini
2623 1388 2789 1443 super
2847 1389 2952 1439 tne,
3017 1383 3238 1443 propter
3296 1375 3439 1443 quod
3503 1374 3659 1428 unxit

2064 1477 2150 1516 me
2167 1463 2234 1516 “.
2261 1479 2282 1513 ι
2311 1462 2540 1532 Ideoque
2569 1462 2703 1518 dixit
2732 1481 2745 1517 :
2785 1482 2807 1516 ι
2853 1464 3017 1520 Unxit
3042 1474 3095 1519 te
3141 1465 3301 1528 Deus,
3335 1465 3473 1521 Deus
3503 1472 3653 1529 tuus,

2062 1555 2182 1610 oleo
2213 1551 2412 1610 lz'etitia:
2463 1572 2572 1624 pra
2606 1558 2953 1612 consortibus
2985 1559 3093 1613 tuis
3122 1559 3222 1611 ".i
3253 1558 3496 1630 Intellige
3519 1575 3650 1630 ergo

2063 1656 2310 1709 unctum,
2330 1645 2591 1700 conﬁtere
2615 1651 2922 1715 uugcn'lem,
2959 1649 3126 1703 adora
3146 1647 3403 1720 templum
3431 1659 3654 1719 propter

2063 1748 2186 1788 eum
2223 1734 2314 1803 qui
2351 1734 2402 1788 in
2430 1735 2548 1805 ipso
2587 1735 2816 1790 habitat.

425 1909 590 1963 ΚΥΡ.
636 1910 785 1980 Ἐγὼ
819 1914 884 1966 ἐκ
919 1915 1239 1986 Πνεῦματος
1276 1919 1435 1988 ἁγίου
1475 1923 1568 1975 καὶ
1595 1925 1815 1995 Μαρίας
1852 1928 1945 1998 τῆς

2125 1911 2288 1967 CYR.
2347 1911 2457 1982 Ego
2499 1927 2563 1968 ex
2601 1926 2792 1967 sancto
2841 1913 3047 1986 Spiritu
3097 1924 3150 1970 et
3199 1914 3373 1970 Maria
3431 1917 3652 1986 Virgine

360 2002 637 2072 Παρθένου
661 2005 759 2058 ἕνα
799 2005 929 2060 Υίδν
961 2009 1026 2062 ἐκ
1063 2008 1154 2063 δύο
1181 2012 1428 2082 ὁμολογῶ
1453 2032 1467 2047 ο
1504 2017 1597 2070 τὸν
1627 2018 1721 2071 ἕνα
1751 2021 1830 2084 εἰς
1859 2021 1953 2074 δύο

355 2094 416 2146 οὗ
449 2095 667 2167 διαιρῶ.

431 2185 627 2241 ΝΕΣΤ.
661 2190 792 2254 Πῶς
825 2192 1048 2261 ἀγνοεῖν
1101 2193 1282 2264 λέγεις
1313 2198 1410 2269 τὴν
1436 2198 1605 2272 ὥραν,
1643 2201 1710 2273 ἠν
1739 2205 1766 2257 6
1823 2205 1951 2268 Υξδς

370 2276 470 2329 οὐκ
501 2275 653 2346 οἶδεν,
699 2283 746 2335 εί
800 2284 879 2355 μὴ
933 2287 1094 2356 μόνος
1129 2291 1157 2342 6
1213 2292 1438 2362 Πατήρ;
1494 2297 1563 2348 Ἢ
1625 2296 1743 2362 πῶς
1794 2299 1950 2363 εἰδὼς

372 2371 612 2440 ἀρνεῖται
645 2372 781 2445 [οιηι.
830 2377 1114 2452 ἄρχεται];
1150 2384 1217 2435 Ἢ
1251 2385 1324 2454 μὴ
1371 2386 1547 2452 εἰδὼς,
1589 2389 1946 2463 πῶςξὲκλήθη

363 2464 524 2554 copia
579 2467 667 2518 καὶ
719 2468 957 2538 δύναμις
1004 2472 1142 2526 Θεοῦ
1198 2476 1225 2527 6
1275 2479 1376 2548 τῆς
1428 2480 1653 2548 ἀγνοίας
1705 2484 1948 2554 μετέχων

361 2553 505 2624 (μά.
542 2557 632 2610 τὸν
667 2560 896 2628 ἀγνοίας
925 2565 1229 2636 μετέχοντα
1255 2569 1478 2641 τόπον);

418 2735 587 2790 ΚΥΡ.
616 2740 734 2792 Οὐκ
788 2743 975 2810 ἀγνοεῖ
1005 2747 1033 2796 6
1059 2745 1186 2808 Υίὸς
1223 2748 1318 2801 τοῦ
1364 2749 1502 2803 Θεοῦ
1532 2751 1632 2822 τὴν
1667 2751 1840 2824 ὤραν,
1876 2751 1946 2805 τὰ

341 2825 523 2880 πάντα
555 2828 720 2915 εἰδὼς
765 2834 859 2884 καὶ
889 2833 1028 2904 ἔχων
1058 2839 1114 2889 ἐν
1149 2823 1328 2912 ἑαυτῷ
1360 2841 1452 2894 τὸν
1477 2823 1727 2915 Πατέρα,
1763 2845 1946 2909 καθὼς

338 2917 501 3010 αῦτὸς
531 2914 693 2974 εἶπεν
718 2938 730 2950 ·
776 2942 795 2973 ι
835 2925 1025 2988 Οὐδεὶς
1056 2929 1316 2997 γινώσκει
1347 2934 1439 2988 τὸν
1467 2914 1709 3006 Πατέρα,
1740 2939 1789 2991 εί
1817 2938 1892 3010 μὴ
1918 2941 1946 2992 6

335 3006 506 3072 Υἱός·
560 3030 580 3062 ›
620 3015 788 3084 μόνος
817 3015 917 3088 τὴν
965 3020 1128 3087 φύσιν
1154 3023 1249 3076 τοῦ
1294 3025 1510 3096 Πατρὶς
1536 3030 1796 3096 γινώσκει
1844 3029 1944 3100 τὴν

334 3104 445 3172 πρὸ
473 3106 724 3171 πάντων,
762 3110 855 3163 καὶ
895 3112 957 3165 τὸ
983 3114 1139 3178 τέλος
1168 3116 1262 3169 τοῦ
1308 3119 1506 3183 αἰῶνος
1536 3122 1728 3190 ἀγνοεῖ
1757 3124 1784 3175 6
1815 3122 1944 3188 Υἱὸς

330 3194 426 3247 τοῦ
457 3195 640 3260 Θεοῦ;
699 3200 789 3270 Μὴ
828 3203 1074 3269 γένοιτοο
1110 3207 1225 3260 ἀλλ’
1255 3209 1443 3276 ἀγνοεῖ
1475 3210 1576 3280 μὲν
1607 3213 1634 3264 6
1675 3214 1816 3266 κατὰ
1845 3213 1936 3284 χά-

335 3306 424 3358 ριν
452 3290 608 3358 Υἱὸς,
651 3293 712 3344 οὐ
763 3294 946 3363 μέντοι
982 3313 1046 3364 γε
1094 3301 1122 3351 6
1158 3301 1302 3353 κατὰ
1333 3300 1529 3370 φύσινο
1586 3303 1728 3358 κατά
1778 3306 1942 3377 χάριν

330 3379 498 3449 ἡμεῖς
529 3384 706 3452 ἐσμεν
749 3385 1077 3452 ἀγνοοῦντες
1114 3389 1176 3442 τὸ
1214 3393 1345 3456 πᾶν,
1371 3393 1469 3446 καὶ
1509 3394 1678 3466 μηδὲν
1712 3395 1941 3450 ἐπιστά-

332 3490 486 3543 μενοι
519 3477 656 3546 περὶ
689 3477 756 3531 τὰ
786 3479 913 3549 τέλη
941 3481 1037 3534 τοῦ
1059 3483 1276 3548 αἰῶνος.

401 3564 614 3620 ΝΕΣΤ.
641 3568 892 3634 Φυσικῶς
925 3572 1204 3644 πεινῶμεν
1230 3576 1326 3629 καὶ
1349 3575 1595 3649 διψῶμεν
1621 3581 1716 3634 καὶ
1741 3580 1944 3635 καθεύ-

324 3651 516 3723 δομεν,
557 3656 621 3708 οὺ
650 3656 846 3730 γνώμῃ
882 3660 1043 3715 τοῦτο
1077 3665 1402 3734 πάσχοντες,
1443 3667 1561 3722 ἀλλ’
1587 3669 1808 3742 ἀνάγκῃ
1837 3672 1939 3742 φύ-

325 3761 469 3810 σεως
520 3747 916 3820 ὑποκείμενον
951 3753 1006 3804 τί
1035 3750 1168 3820 οῦν;
1201 3756 1560 3830 εὑρεθήσεται
1612 3759 1744 3825 Θεὸς
1770 3764 1939 3832 ἀναγ-

322 3841 620 3903 καστικοῖς
653 3841 845 3911 νόμοις
871 3843 1276 3914 ὲξακολουθῶνς
1311 3850 1404 3920 Μὴ
1428 3850 1660 3918 γένοιτο.

397 3931 575 3985 ΚΥΡ.
615 3933 811 4003 Ἡμεῖς
841 3935 940 4006 μὲν
981 3939 1226 4004 φυσικῶς
1254 3941 1532 4012 πεινῶμεν
1571 3945 1666 3997 καὶ
1692 3943 1936 4017 διψῶμεν

331 4025 422 4076 καὶ
449 4024 823 4096 καθεύδομεν,
849 4029 911 4080 οὺ
932 4029 1151 4102 γνώμῃ,
1177 4032 1296 4085 ἀλλ’
1327 4033 1544 4106 ἀνάγκῃ
1572 4035 1790 4106 φύσεως
1817 4037 1934 4092 δου-

336 4113 580 4179 λεύοντες
605 4134 619 4146 ·
669 4118 833 4182 αὐτὸς
871 4120 930 4173 δὲ
979 4122 1080 4174 οὐκ
1112 4123 1349 4199 ἀνάγκῃ,
1387 4125 1526 4180 ἀλλὰ
1570 4127 1800 4200 γνὼμῃο
1839 4131 1934 4183 καὶ

339 4206 442 4277 γὰρ
469 4209 533 4262 ὲκ
566 4211 737 4263 πέντε
775 4212 957 4283 ἄρτων
985 4217 1460 4288 πεντακισχιλίους
1488 4219 1806 4291 ὲχόρτασεν,
1837 4222 1934 4275 καί

331 4298 389 4364 ἐξ
416 4302 563 4355 ἑπτά
594 4301 763 4356 πάλιν
793 4306 1268 4378 τετρακισχιλίους
1293 4326 1306 4339 ·
1341 4310 1503 4374 αὐτὸς
1541 4307 1696 4365 εἶπεν
1721 4329 1735 4343 ο
1767 4331 1785 4364 ι
1823 4312 1930 4366 Οὐ-

324 4395 435 4457 δεὶς
471 4395 753 4465 λαμϐάνει
782 4399 884 4468 τὴν
922 4397 1105 4470 ψυχήν
1153 4418 1254 4470 μου
1305 4403 1401 4456 ἀπ’
1432 4403 1590 4472 ἐμοῦ,
1635 4403 1751 4458 ἀλλ’
1801 4406 1933 4459 ὅταν

323 4485 466 4540 θέλω
504 4487 777 4557 λαμϐάνω
804 4490 1006 4560 αὑτήψ
1048 4509 1066 4541 ι
1097 4492 1272 4557 οὐδεὶς
1298 4493 1355 4546 δὲ
1387 4493 1676 4567 ἄνθρωπος
1706 4495 1931 4550 δύναται

318 4578 486 4632 τοῦτο
527 4581 785 4652 ποιῆσαι,
820 4585 868 4635 εἰ
903 4583 980 4654 μὴ
1005 4584 1036 4636 6
1064 4585 1225 4653 μόνος
1251 4587 1511 4657 Χριστός.

397 4846 611 4901 ΝΕΣΤ.
655 4847 854 4918 Λέγεις
886 4850 969 4903 ὅτι
1021 4850 1222 4906 ἔπαθεν
1269 4855 1296 4907 6
1335 4854 1464 4916 Υἱός
1491 4871 1505 4921 ;
1536 4854 1780 4910 ’Έπαθεν
1834 4855 1928 4911 οὖν

321 4939 420 4992 καὶ
445 4941 476 4992 6
509 4940 707 5012 Πατήρ
727 4957 742 4970 ·
779 4941 912 4996 εἰδὲ
935 4943 1116 5012 λέγεις
1157 4946 1240 4998 ὅτι
1268 4947 1296 4998 6
1327 4947 1517 5018 Πατὴρ
1555 4950 1656 5002 οὐκ
1701 4948 1925 5016 ἔπαθεν,

322 5033 674 5104 ἑτεροούσιον
703 5034 869 5089 αὑτοῦ
901 5037 1211 5107 πεποίηκας
1231 5039 1324 5092 τὸν
1350 5040 1499 5094 Υἰόν.

391 5124 564 5177 ΚΥΡ.
609 5123 751 5176 Οὔτε
800 5125 893 5179 τὸν
925 5127 1148 5200 Πατέρα
1190 5130 1335 5198 λέγω
1367 5131 1631 5204 παθητὸν,
1672 5132 1796 5186 οὔτε
1829 5133 1920 5186 τὸν

317 5215 452 5269 Υξὸν
484 5216 678 5287 ἀπαθῆ
705 5233 718 5247 ⁸
747 5218 863 5271 ἀλλ’
881 5220 1090 5284 ἀπαθὲς
1115 5222 1216 5292 μὲν
1247 5223 1308 5276 τὸ
1333 5223 1510 5290 Θεῖον,
1536 5227 1618 5278 ὅτι
1650 5226 1746 5279 καὶ
1769 5226 1918 5280 ἀσώ-

319 5324 496 5377 ματον
525 5326 539 5338 ·
569 5307 818 5379 παθητὸς
846 5309 904 5362 δὲ
934 5310 963 5362 6
993 5308 1197 5382 Κύριος
1229 5311 1318 5366 διὰ
1343 5311 1443 5383 τὴν
1477 5315 1678 5386 σάρκα.

384 5483 436 5536 Ν
444 5484 595 5539 EST.
646 5485 789 5555 Ἐγὼ
816 5486 874 5540 οὐ
910 5487 1058 5556 λέγω
1078 5487 1171 5554 τὸν
1189 5488 1362 5558 Λόγον
1395 5489 1576 5561 σάρκα
1601 5491 1918 5562 γενόμενον,

310 5574 438 5628 οὐδὲ
477 5577 722 5631 παθόντα
748 5598 761 5609 ·
796 5579 1010 5644 ἀπαθὲς
1040 5581 1148 5652 γὰρ
1170 5580 1231 5634 τὺ
1255 5581 1431 5648 Θεῖον,
1454 5583 1545 5635 καὶ
1571 5581 1761 5636 παθῶν
1784 5575 1919 5637 ἀνώ-

381 5783 429 5812 ⁸⁵
462 5780 626 5838 Joau.
656 5783 883 5859 @157.“
930 5785 978 5859 ξθ
1004 5784 1157 5840 Joan.
1189 5804 1260 5850 vt,
1295 5789 1381 5844 59.
1465 5788 1509 5859 37°
1541 5789 1642 5844 lsa.
1674 5806 1860 5851 XLVIII,
1896 5791 1945 5846 1(

2059 5792 2102 5824 ³¹
2142 5791 2245 5848 lsa.
2275 5809 2385 5856 ut,
2421 5794 2440 5848 Ι
2485 5811 2498 5859 ;
2533 5793 2662 5849 Luc.
2702 5811 2774 5856 tv,
2828 5795 2909 5850 IS.

307 5852 476 5912 llarc.
523 5869 644 5921 xm,
680 5853 769 5909 52.
848 5855 894 5887 ³⁸
924 5853 1086 5911 Jouu.
1119 5874 1169 5925 κ,
1203 5859 1290 5913 '58.
1373 5860 1416 5891 ³⁵
1449 5858 1636 5915 Μειειίι.
1677 5878 1747 5924 .u,
1781 5861 1869 5915 ‘27.

2046 5861 2191 5919 llarc.
2226 5879 2297 5927 vr,
2336 5852 2422 5919 ιί.
2487 5852 2545 5897 ’³⁷
2575 5852 2882 5931 ΜειιιΙιξχν,
2917 5865 3006 5921 56.

2059 2020 2223 2058 unum
2279 2003 2477 2058 Filium
2511 2019 2580 2059 ex
2636 2006 2849 2061 duobus
2901 2005 3187 2061 conﬁteor.
3224 2005 3400 2061 Unum
3428 2008 3479 2062 in
3513 2009 3650 2064 duos

2058 2111 2163 2149 non
2202 2095 2402 2151 divido.

2125 2185 2326 2241 NEST.
2367 2186 2648 2254 Quomodo
2682 2185 2902 2259 (illum)
2934 2187 3184 2257 ignorare
3237 2189 3376 2244 dicis
3425 2190 3644 2252 horam,

2053 2295 2216 2346 quam
2281 2294 2472 2347 reapse
2522 2280 2693 2334 Filius
2753 2279 3002 2346 nescivit,
3049 2279 3215 2334 Pater
3259 2291 3444 2336 autem
3495 2285 3645 2337 solus

2053 2369 2209 2424 scivit
2235 2369 2325 2422 ”?
2369 2371 2475 2424 Aut
2506 2372 2800 2440 quomodo,
2846 2371 2892 2424 si
2920 2369 3087 2424 Filius
3113 2369 3295 2438 scivit,
3319 2372 3370 2425 id
3400 2373 3650 2442 negavit?

2057 2459 2150 2515 Vel
2179 2462 2224 2516 si
2271 2477 2460 2517 revera
2503 2463 2756 2526 nescivit,
2796 2461 3067 2532 quomodo
3109 2462 3407 2530 appellatus
3441 2474 3524 2517 est
3551 2478 3635 2518 sa-

2053 2552 2252 2619 pientia
2286 2566 2350 2608 ac
2377 2555 2548 2610 virtus
2583 2553 2698 2617 Dei,
2728 2554 2774 2608 is
2802 2553 2892 2623 qui
2912 2550 3144 2606 inscitiae
3161 2563 3374 2621 partem
3405 2553 3643 2625 aliquant
3699 2575 3710 2581 -

2052 2643 2283 2699 habuit?

2128 2741 2290 2799 CVR.
2331 2740 2447 2796 Non
2488 2742 2703 2810 ignorat
2729 2741 2822 2795 Dei
2861 2741 3030 2797 Filius
3069 2742 3258 2796 horam
3283 2780 3299 2804 ,
3331 2739 3424 2810 qui
3453 2739 3642 2793 omnia

2052 2839 2202 2891 novit
2229 2832 2503 2904 habetque
2526 2835 2577 2887 in
2629 2849 2686 2888 se
2728 2834 2844 2900 ipso
2887 2833 3102 2888 Patrem
3131 2834 3199 2898 “,
3251 2844 3311 2887 ut
3359 2832 3475 2901 ipse
3518 2831 3640 2886 ait:

2053 2949 2069 2980 ι
2106 2929 2273 2983 Nemo
2301 2927 2451 2981 novit
2479 2926 2693 2979 Patrem
2722 2927 2822 2978 nisi
2847 2923 3102 2980 Filius”.
3143 2944 3162 2978 ι
3207 2923 3366 2979 Solus
3398 2924 3515 2993 ipse
3542 2938 3642 2977 ua—

2051 3033 2224 3074 turam
2251 3019 2430 3074 Patris
2465 3019 2746 3088 cognoscit
2803 3034 2922 3088 qua:
2960 3029 3043 3075 est
3069 3029 3195 3073 ante
3219 3016 3428 3082 omnia,
3459 3015 3642 3070 srcculi

2048 3127 2175 3166 vero
2199 3112 2360 3166 linem
2387 3109 2557 3164 Filius
2579 3110 2669 3162 Dei
2698 3109 2956 3179 ignorat?
2985 3108 3175 3162 Absit!
3203 3108 3427 3177 Ignorat
3455 3105 3643 3174 utique

2049 3207 2098 3260 is
2142 3205 2231 3273 qui
2268 3202 2566 3258 secundum
2604 3202 2832 3272 gratiam
2861 3209 2946 3256 est
3005 3200 3169 3266 ﬁlius,
3229 3215 3336 3255 non
3397 3197 3643 3268 profecto

1971 3271 2011 3321 C
2053 3271 2285 3366 illerqui
2317 3271 2623 3350 secundum
2667 3303 2943 3350 naturam.
2988 3291 3160 3348 Porro
3191 3291 3486 3347 secundum
3513 3305 3641 3360 gra-

2053 3390 2182 3443 tiam
2220 3402 2319 3442 nos
2358 3400 2568 3450 sumus,
2598 3387 2688 3454 qui
2739 3383 2982 3438 {truditus
3030 3385 3365 3454 ignoramus,
3399 3381 3642 3452 nihilque

2049 3481 2115 3536 ad
2158 3480 2318 3534 ﬁnem
2338 3478 2518 3535 surculi
2542 3477 2820 3547 pertinens
2861 3478 3089 3532 scimus.

2118 3571 2323 3628 NEST.
2358 3568 2693 3626 Naturaliter
2724 3568 3020 3646 esurimus,
3045 3569 3288 3633 sitimus,
3322 3575 3487 3638 atque
3514 3566 3643 3620 dur-

2049 3665 2269 3730 mimus,
2331 3662 2476 3718 haud
2529 3661 2827 3717 deliberate
2882 3662 2934 3716 id
2988 3668 3230 3732 agentes,
3285 3659 3380 3714 sed
3433 3669 3642 3712 natura;

2048 3757 2375 3812 necessitate
2402 3767 2654 3824 cogente.
2683 3753 2823 3820 Quid
2867 3754 3042 3824 ergo?
3070 3751 3210 3807 Num
3239 3753 3380 3806 Deus
3418 3765 3640 3820 compe-

2050 3850 2222 3904 rietur
2254 3846 2580 3916 cogentibus
2614 3845 2824 3916 legibus
2855 3844 3280 3916 obtemperare?
3309 3843 3498 3899 Absit!

2115 3937 2279 3995 CVR.
2313 3938 2420 3992 Nos
2437 3936 2656 4007 quidem
2701 3937 3028 3993 naturaliter
3067 3937 3361 3999 esurimus,
3398 3934 3636 4002 sitimus,

2044 4043 2204 4100 atque
2232 4030 2555 4092 dormimus,
2595 4043 2700 4082 nou
2728 4040 2939 4096 sponte,
2961 4027 3057 4082 sed
3088 4037 3298 4081 natura:
3323 4025 3636 4079 necessitati

2044 4119 2524 4190 servienteszipse
2578 4133 2711 4173 vero
2757 4133 2862 4171 uou
2908 4126 3165 4182 coactus,
3199 4117 3293 4170 sed
3339 4126 3531 4184 sponte
3585 4116 3635 4167 id

2042 4211 2449 4280 experiebatur.
2485 4208 2631 4265 Idem
2668 4210 2870 4280 quippe
2898 4217 2984 4264 est
3015 4209 3108 4278 qui
3144 4209 3386 4277 quinque
3405 4205 3638 4274 panibus

2041 4299 2281 4368 quinque
2339 4296 2508 4352 millia
2571 4297 2849 4352 hominum
2914 4297 3182 4352 saturavit
3211 4294 3276 4358 ³⁸,
3332 4305 3383 4350 et
3438 4311 3630 4349 rursus

2041 4400 2246 4458 septem
2295 4389 2525 4460 panibus
2589 4389 2757 4444 millia
2825 4397 3059 4460 quatuor
3089 4389 3158 4443 ⁸⁷.
3223 4387 3367 4441 Idem
3423 4387 3560 4441 dixit
3615 4403 3633 4441 :

2046 4503 2063 4533 ι
2105 4480 2277 4538 Nemo
2302 4481 2443 4537 tollit
2488 4481 2726 4537 animam
2762 4497 2938 4536 meam
2967 4497 2996 4536 a
3029 4495 3135 4546 me,
3160 4479 3278 4544 sed,
3321 4493 3442 4533 cum
3490 4476 3632 4540 volo,

2039 4587 2160 4626 eam
2220 4581 2470 4643 pono;et
2528 4587 2744 4636 rursus,
2780 4588 2904 4627 cum
2954 4572 3100 4636 volo,
3147 4585 3303 4625 sumo
3357 4583 3476 4622 eam
3509 4567 3576 4622 ⁸⁸.
3609 4584 3630 4619 ι

1965 4627 2009 4683 D
2040 4627 2236 4720 Nullus
2280 4675 2460 4718 autem
2517 4664 2622 4719 hoc
2665 4678 2828 4734 agere
2882 4673 3062 4734 potest
3103 4663 3285 4727 homo,
3337 4660 3440 4714 nisi
3495 4674 3636 4715 unus

2035 4755 2308 4809 Christus.

2111 4842 2312 4898 NEST.
2364 4843 2462 4900 Ais
2505 4843 2703 4899 Filium
2736 4859 2956 4915 passum
2999 4842 3395 4899 esseiPassus
3450 4843 3638 4911 itaque

2034 4936 2196 4989 etiam
2224 4933 2384 4990 Pater
2417 4944 2522 4989 εει.
2549 4934 2702 5001 Quod
2726 4935 2771 4990 si
2803 4949 2964 5005 negas
2991 4933 3208 4988 Patrem
3232 4947 3353 4988 esse
3371 4946 3626 5002 passum,

2035 5031 2266 5082 diversae
2295 5027 2364 5082 ab
2387 5042 2453 5082 eo
2479 5028 2797 5082 substantiae
2838 5027 3036 5082 Filium
3071 5042 3194 5082 esse
3225 5027 3447 5083 asseris.

2104 5120 2266 5176 CYl't.
2300 5119 2489 5189 Neque
2533 5118 2748 5176 Patrem
2783 5119 3097 5190 passibilem
3131 5122 3278 5184 dico,
3313 5134 3492 5190 neque
3537 5116 3631 5170 Fi-

2030 5212 2158 5266 lium
2187 5213 2616 5282 impassibilem:
2654 5215 2750 5268 sed
2775 5212 3126 5284 impassibilis
3165 5211 3463 5288 estdeitas,
3499 5213 3628 5283 quia

2029 5305 2388 5375 incorporea;
2426 5305 2700 5373 passibilis
2745 5321 2873 5361 vero
2919 5302 3184 5360 Dominus
3235 5312 3460 5380 prepter
3505 5317 3630 5356 car-

2027 5413 2171 5451 "13:".

2093 5486 2296 5542 NEST.
2329 5489 2441 5558 Ego
2469 5505 2575 5544 non
2599 5489 2686 5544 aio
2713 5487 2952 5544 Verbum
2981 5488 3188 5544 factum
3229 5501 3351 5543 esse
3371 5501 3617 5549 carnem,

2027 5594 2201 5648 ηνίιιιο
2257 5594 2522 5649 passum;
2557 5589 2644 5635 est
2695 5579 2838 5636 enim
2900 5578 3259 5650 impassihilis
3308 5577 3524 5645 deitas;
3565 5588 3621 5633 et

3005 5796 3048 5828 "
3076 5795 3224 5852 Psal.
3265 5809 3409 5857 thv,
3445 5790 3534 5846 28.
3569 5789 3616 5824 ⁸⁸

3111 5866 3155 5898 ³⁸
3187 5866 3344 5924 Joau.
3391 5880 3444 5929 κ,
3485 5861 3560 5917 18.
