4080 6416
507 339 611 394 255
1521 339 1578 396 S.
1621 338 1896 396 CYRILLI
1939 343 2409 405 ALEXANDRINI
2456 352 2777 409 ARCHIEP.
3690 357 3794 411 956

507 454 755 523 superior
775 452 994 508 cuilibet
1013 453 1252 523 passioni
1281 464 1386 520 esl,
1413 471 1498 513 res
1529 457 1899 529 impassibilis.
1928 461 2093 516 Porro

2199 483 2358 536 τερος
2394 470 2424 522 ὁ
2447 469 2694 541 ἀπαθής·
2732 468 2956 542 παθητὴ
3003 469 3058 526 δὲ
3093 471 3228 544 σάρξ
3261 471 3355 524 καὶ
3383 469 3552 542 θνητὴ
3582 470 3794 540 ἀνθρω-

507 545 778 616 passibilis
812 556 894 600 est
919 561 1066 612 caro,
1094 556 1149 600 et
1181 547 1426 602 mortalis
1467 547 1702 603 humana
1729 560 1948 604 natura.
2201 561 2334 629 πίνη
2365 560 2549 629 φύσις.

574 634 1093 692 CYR.Contitemnr
1149 654 1249 696 nos
1292 654 1510 709 quoque
1553 641 1946 710 impassibilem
1975 658 2098 700 esse

2273 645 2434 699 ΚΥΙ).
2481 646 2884 718 Ὀμολογοῦμεν
2919 649 3014 702 καὶ
3060 649 3222 719 ἡμεῖς
3253 650 3466 714 ἀπαθὲς
3505 649 3566 704 τὸ
3615 651 3794 714 Θεῖον,

505 727 760 782 deitatem
794 745 811 795 ;
842 729 935 784 sed
959 739 1142 784 tamen
1189 731 1242 784 in
1292 746 1459 786 carne
1515 732 1824 802 passionem
1858 736 2095 803 excepit.

2196 738 2286 792 διὰ
2316 739 2375 791 δὲ
2407 738 2510 809 τῆς
2558 741 2762 812 σαρκὸς
2807 741 3132 807 κατεδέξατο
3180 743 3352 807 πάθος
3377 759 3393 773 ο
3436 742 3580 804 ὅθεν.
3613 763 3630 795 ι
3663 746 3799 815 Χρι-

511 819 663 874 Unde
686 821 814 876 illud
844 839 859 876 :
890 840 909 874 ι
947 823 1165 876 Christo
1196 839 1294 894 pro
1325 825 1482 879 nobis
1507 825 1559 878 in
1593 839 1757 879 carne
1790 827 2032 895 passo".
2068 845 2087 878 ι

2198 829 2326 884 στοῦ
2366 831 2632 896 παθόντος
2679 833 2844 903 σαρκὶ
2874 834 3014 904 ὑπὲρ
3064 834 3221 906 ὴμῶν
3247 851 3261 866 ο
3299 855 3317 885 ι
3353 835 3416 888 τὸ
3443 835 3524 899 δὲ,
3551 837 3793 906 Χριστος

507 911 706 964 Christi
768 922 947 968 autem
988 915 1309 968 vocabulum
1374 915 1517 969 haud
1568 915 1806 969 alienum
1847 916 1957 988 Deo
1984 927 2088 974 est.

2194 923 2295 976 οὐκ
2326 923 2608 993 ἀλλότριον
2650 925 2786 978 Θεοῦ
2829 925 3002 996 ὄνομα
3022 942 3034 954 °
3063 927 3092 978 ό
3126 926 3234 998 γὰρ
3255 927 3556 992 ἀπόστολος
3585 929 3798 992 nam;

508 1001 799 1069 Apostolus
851 1004 998 1058 enim
1049 1005 1248 1059 Paulus
1291 1006 1463 1060 dicit:
1504 1023 1524 1058 ι
1574 1006 1650 1061 Ex
1687 1007 1885 1076 quibus
1938 1007 2097 1063 Chri-

2206 1029 2423 1083 φησιν·ι
2459 1013 2549 1078 Ἐξ
2579 1008 2654 1068 ῶν
2682 1016 2711 1068 ό
2736 1016 2987 1087 Χριστὸς,
3015 1018 3044 1071 ὁ
3075 1017 3150 1070 ῶν
3173 1020 3268 1072 ἐπὶ
3291 1021 3507 1074 πάντων
3535 1020 3666 1084 Θεὸς
3696 1020 3793 1073 εὑ·

512 1102 651 1156 stns,
717 1092 810 1160 qui
870 1103 956 1146 est
1007 1111 1172 1166 super
1223 1099 1408 1153 omnia
1466 1095 1608 1156 Deus
1673 1100 1990 1157 benedictus
2042 1102 2098 1156 in

1673 1100 1990 1157 benedictus
2042 1102 2098 1156 in
2204 1103 2431 1175 λογητδς
2460 1105 2541 1170 εἰς
2569 1106 2697 1171 τοὺς
2725 1108 2952 1173 αἰῶνας.
2995 1109 3234 1182 Ἀμήν..)

512 1181 709 1236 saecula
733 1183 798 1235 δ’.
827 1184 1018 1240 Amen.
1071 1205 1090 1239 ›

519 1393 3789 1451 W

861 1573 1210 1706 ΤΟΥ
1311 1569 1894 1705 ΑΥΤΟΥ
1971 1568 2494 1707 ΑΓΙΟΥ
2575 1576 3442 1717 ΚΥΡΙΛΑΟΥ

1561 1807 2137 1862 ΛΡΧΙΕΠΙΣΚΟΠΟΥ
2172 1765 2698 1892 λΑεΞΑΝΔΡειΛε

1956 1971 2328 2060 ΛΟΓΟΣ

658 2155 830 2207 ΚΑΊἈ
878 2155 1010 2209 NN
1048 2155 1160 2208 ΜΗ
1194 2155 1706 2210 ΒΟΥΛΟΜΕΝΩΝ
1742 2157 2187 2212 ΟΜΟΛΟΓΕΙΝ
2228 2157 2608 2214 ΘΕΟΤΟΚΟΝ
2645 2158 2791 2214 ΤΗΝ
2823 2162 3063 2216 ΑΓΙΑΝ
3097 2161 3490 2216 ΠΑΡΘΕΝΟΝ
3521 2160 3623 2232 (Ι).

1183 2487 1325 2604 EJ
1349 2489 1819 2606 USDEM
1915 2490 2436 2606 SANCTI
2522 2489 3113 2681 CYIilLLl

1643 2708 2166 2768 ARCIIIEPISCOPI
2207 2710 2683 2768 ALEXANDRINI

743 3078 1134 3140 ADVERSUS
1189 3078 1578 3139 NOLENTES
1627 3080 2033 3141 CONFITERI
2081 3079 2435 3142 SANCTAM
2488 3079 2872 3142 VIRGINEM
2917 3081 3098 3142 ESSE
3148 3081 3561 3142 DEll’AliAM.

807 3252 956 3315 (Ang.
984 3251 1097 3312 ΜΑΙ,
1126 3251 1252 3302 Bibl.
1310 3263 1436 3302 nova
1471 3252 1580 3300 PP.
1620 3250 1680 3309 ll,
1709 3250 1788 3312 75,
1824 3263 1887 3300 ex
1935 3251 2046 3300 cod.
2081 3249 2194 3300 Val.
2219 3249 2262 3301 Δ
2291 3249 2426 3311 ιιδι,
2450 3250 2478 3298 f.
2511 3249 2617 3311 ιδι,
2647 3254 2702 3301 ef.
2726 3251 2833 3300 cod.
2873 3249 3040 3302 Ollob.
3073 3251 3112 3299 B
3139 3250 3219 3311 50,
3264 3250 3295 3300 f.
3320 3250 3454 3313 566.)

2077 3430 2149 3444 α-

572 3551 762 3624 lub
805 3553 855 3606 l.
897 3551 1101 3609 Norunt
1126 3553 1318 3610 medici
1350 3553 1704 3624 prmeaventia
1735 3554 1949 3610 morbos
1980 3552 2076 3606 ad-
2112 3558 2153 3614 Β

2250 3557 2318 3604 α’.
2355 3551 2564 3604 Ἴσασιν
2585 3547 2783 3619 ἰατρῶν
2807 3548 2991 3611 παῖδες
3014 3545 3434 3618 προφυλακτικὰ
3454 3545 3564 3598 τῶν
3587 3545 3793 3600 παθῶν

494 3642 730 3714 jutoria;
791 3643 991 3698 etenim
1049 3646 1246 3714 pra-via
1300 3656 1417 3700 arte
1463 3655 1712 3700 avertunt
1767 3645 2084 3715 impendens

2188 3641 2529 3713 βοηθήματα,
2588 3644 2654 3711 τῇ
2709 3642 2876 3714 τέχνῃ
2921 3639 3442 3711 προαναστέλλοντες
3495 3637 3594 3709 τὴν
3653 3639 3792 3709 μέλ-

500 3735 781 3800 damnum,
812 3744 866 3788 et
902 3735 1240 3791 diversarum
1266 3737 1658 3792 medicinarum
1691 3737 2086 3806 compositione

2185 3738 2382 3790 λουσαν
2407 3736 2636 3807 βλάϐην,
2664 3737 2759 3789 καὶ
2787 3738 2851 3805 τῇ
2879 3735 2987 3789 τῶν
3013 3735 3288 3806 διαφόρων
3319 3735 3629 3804 φαρμάκων
3660 3751 3789 3786 συν.

501 3826 814 3881 morbormu
851 3827 1072 3882 vincunt
1103 3830 1387 3884 smvitiam.
1428 3828 1738 3884 Praevidcnt
1783 3829 1946 3884 etiam
1983 3843 2085 3898 gu-

2187 3830 2335 3882 θὲσει
2361 3829 2461 3900 τὴν
2486 3828 2596 3880 τῶν
2632 3827 2822 3881 παθῶν
2852 3828 3112 3891 νικῶντες
3144 3826 3472 3898 ἀγριότητα*
3507 3827 3792 3896 προορῶσι

500 3918 816 3973 hernaturcs
861 3935 1236 3988 smpcnumero
1280 3931 1564 3976 ventorum
1616 3920 1942 3977 mutationes
1985 3936 2085 3976 usu

2187 3923 2282 3975 καὶ
2311 3921 2645 3993 κυϐερνῆται
2689 3919 2953 3982 πολλάκις
2983 3918 3080 3981 τάς
3107 3917 3215 3970 τῶν
3252 3917 3579 3986 πνευμάτων
3615 3933 3790 3986 μετα-

499 4011 699 4076 edocti,
743 4020 798 4064 et
844 4011 1097 4066 idoneum
1143 4014 1370 4082 tempori
1417 4014 1742 4070 adhibentes
1777 4013 2085 4077 consilium,

2187 4014 2353 4078 ϐολὰς
2379 4013 2485 4068 ὑπὸ
2515 4014 2614 4083 τῆς
2647 4012 2940 4082 συνηθείας
2959 4009 3340 4081 ὁδηγούμενοι,
3370 4010 3464 4062 καὶ
3489 4007 3588 4079 τὴν
3610 4025 3785 4078 προσ-

503 4101 799 4155 immunem
828 4101 1112 4172 naufragio
1143 4113 1311 4158 ratem
1347 4121 1468 4160 cum
1507 4104 1600 4159 Dei
1629 4105 1832 4160 auxilio
1864 4120 2086 4160 conser-

2189 4110 2432 4179 ήκουσαν
2469 4108 2536 4177 τῇ
2577 4105 2738 4177 χρείᾳ.
2771 4103 3090 4174 ποιούμενοι
3122 4103 3404 4172 πρόνοιαν,
3437 4101 3796 4170 ἁναυάγητον

503 4199 656 4245 vant.
706 4190 898 4248 Parem
943 4195 1242 4250 animarum
1297 4209 1607 4253 nostrarum
1659 4211 1852 4266 gerens
1899 4212 2086 4252 curam

2187 4199 2249 4252 τὸ
2284 4198 2492 4268 σκάφος
2532 4200 2599 4269 τῇ
2649 4196 2745 4250 τοῦ
2793 4196 2930 4250 Θεοῦ
2971 4196 3262 4268 συνεργείᾳ
3297 4193 3789 4263 διαφυλάττουσιν·

505 4279 668 4348 Deus,
718 4284 960 4352 prmdicit
1017 4287 1174 4342 nobis
1236 4288 1592 4343 lentationum
1653 4287 1974 4354 periculum,
2027 4298 2089 4341 ut

2186 4289 2462 4360 τοσαύτην
2504 4289 2614 4342 τῶν
2654 4288 2944 4361 ἡμετέρων
2969 4289 3162 4360 ψυχῶν
3209 4290 3238 4341 ὁ
3279 4286 3413 4350 Θεὸς
3455 4283 3795 4354 ποιούμενος

501 4374 701 4429 damno
715 4385 840 4430 ante
851 4378 1284 4446 experimentum
1301 4381 1516 4450 cognito
1531 4378 1688 4450 hujus
1702 4379 1994 4434 discrimen
2010 4387 2090 4433 tu-

2191 4381 2469 4454 πρόνοιαν,
2510 4380 2768 4453 προλέγει
2817 4380 2926 4434 τῶν
2967 4378 3294 4452 πειρασμῶν
3324 4379 3457 4449 ἡμῖν
3482 4375 3573 4429 τὸν
3601 4375 3794 4429 κίνδυ-

503 4473 558 4516 ιο
585 4464 836 4521 vitemus.
853 4465 1167 4524 Novitcnim
1188 4469 1328 4526 Deus
1342 4482 1537 4526 cuncta
1555 4481 1846 4541 antequam
1874 4470 2086 4536 flant“;

2189 4489 2300 4538 vov,
2362 4472 2449 4525 ἶνα
2503 4471 2768 4542 μαθόντες
2819 4472 2927 4543 πρὸ
2983 4474 3084 4542 τῆς
3139 4470 3336 4541 πείρας
3390 4468 3490 4540 τὴν
3550 4465 3792 4538 βλάϐην,

505 4558 647 4612 haud
680 4558 990 4627 conjectura
1028 4603 1044 4628 ,
1081 4570 1141 4614 ut
1181 4555 1426 4630 prmdicti
1469 4562 1738 4626 homines,
1783 4561 1913 4632 quid
1957 4560 2090 4616 utile

2189 4563 2448 4632 ἀσφαλῶς
2479 4563 2571 4616 τὸν
2597 4562 2662 4615 ἐκ
2694 4561 2899 4632 ταύτης
2939 4560 3294 4630 διαφύγωμεν
3324 4558 3586 4613 κίνδυνον.
3626 4554 3796 4612 Οἶδεν

501 4648 575 4702 sit
605 4659 896 4720 reputans;
934 4652 1029 4706 sed
1065 4652 1386 4722 prmvisione
1415 4654 1523 4708 Deo
1550 4652 1713 4723 digna
1756 4667 1846 4708 res
1877 4652 2090 4707 futuras

2190 4653 2299 4725 γὰρ
2331 4651 2399 4706 τὰ
2427 4651 2605 4704 πάντα
2637 4651 2762 4720 πρὶν
2783 4651 3051 4720 γενέσεως
3078 4649 3280 4713 αὐτῶν,
3311 4650 3374 4700 οὐ
3402 4641 3600 4720 στόχιξι,
3619 4645 3796 4700 καθά-

499 4755 853 4810 cognoscens.
903 4742 996 4798 Sic
1039 4744 1207 4816 etiam
1253 4743 1449 4814 judicii
1498 4752 1628 4798 ante
1671 4752 1883 4813 tempus
1934 4743 2091 4800 nobis

2191 4763 2298 4816 περ
2323 4746 2520 4798 ἐκεῖνοι
2551 4745 2612 4796 τὸ
2642 4744 2918 4815 χρήσιμον
2948 4741 3325 4812 λογιζόμενος,
3359 4739 3496 4793 ἀλλὰ
3528 4737 3791 4807 προγνώ-

500 4833 763 4902 supplicia
816 4834 1167 4898 monstravit,
1217 4843 1277 4889 ut
1329 4833 1592 4888 malorum
1643 4835 1839 4890 timore
1867 4835 2087 4904 eruditi,

2191 4854 2275 4890 σει
2307 4836 2603 4906 θεοπρεπεί
2640 4832 2928 4902 γινώσκων
2957 4833 3025 4886 τά
3055 4832 3318 4904 μέλλοντα
3339 4846 3351 4858 ·
3387 4829 3531 4882 οὕτω
3559 4830 3653 4882 καὶ
3681 4832 3793 4900 τῆς

504 4926 696 4978 horum
743 4925 901 4982 facile
950 4927 1355 4996 perpessionem
1388 4926 1680 4994 fugiamus.
1721 4907 1909 4997 Neque
1961 4942 2089 4983 vero

2192 4925 2427 4996 κρίσεως
2472 4925 2605 4995 ἡμῖν
2649 4923 2896 4990 ἐπέδειξε
2932 4923 3038 4995 πρὸ
3081 4922 3276 4994 καιροῦ
3314 4922 3386 4974 τὰ
3421 4920 3790 4990 κολαστήρια,

502 5015 682 5071 secius
711 5031 873 5086 quam
904 5027 1029 5072 ante
1065 5016 1207 5070 dicta
1238 5015 1488 5087 praedixit
1515 5015 1767 5071 Christus
1803 5016 1848 5048 δ’
1874 5018 2088 5074 futuros

2193 5018 2270 5081 ῶς
2306 5015 2373 5072 ἂν
2418 5017 2496 5088 τῷ
2527 5017 2677 5088 φόϐῳ
2708 5015 2818 5070 τῶν
2866 5015 3058 5071 δεινῶν
3101 5013 3506 5076 παιδευθέντες,
3557 5011 3658 5082 τὴν
3716 5011 3793 5064 ὲκ

573 5192 619 5226 ⁹⁹
654 5193 671 5248 l
701 5193 849 5248 Petr.
883 5211 954 5260 tv,
985 5195 1033 5250 ι.
1114 5193 1159 5225 ⁸⁸
1192 5193 1347 5248 Rom.
1379 5209 1456 5259 Ix,
1490 5193 1543 5248 5.
1581 5194 1620 5225 “
1661 5194 1792 5249 Dan.
1832 5210 1950 5260 nn,
1985 5194 2072 5248 l2.
2151 5194 2196 5226 “
2230 5193 2419 5248 Matth.
2455 5207 2606 5258 xxiv,
2646 5192 2736 5248 θλ.

576 5351 804 5424 (1)-ᾼείι
834 5351 900 5424 de
928 5350 1155 5418 Deipara
1179 5347 1412 5424 Cyrillus
1431 5351 1592 5424 etiam
1625 5350 1926 5424 sermouel
1955 5364 2086 5424 conf
2191 5349 2440 5424 homines
2490 5349 2858 5424 beatissimam
2895 5348 3302 5424 Mariamomni
3337 5348 3492 5424 laude
3533 5350 3797 5402 cumula-

507 5419 594 5474 ιι·ιὶ
635 5419 984 5482 Nestorium,
1023 5419 1235 5474 necnon
1277 5419 1331 5473 in
1377 5419 1605 5489 cpistola
1672 5421 1974 5488 dogmatica
2016 5421 2083 5475 ad
2191 5431 2339 5486 runt,
2373 5421 2444 5475 ita
2477 5421 2715 5489 perversi
2739 5421 2939 5489 quique
2968 5419 3205 5489 hwretici
3230 5434 3352 5489 eam
3382 5419 3792 5489 vituperaruut,

507 5491 798 5562 Egyptios
824 5490 1138 5562 monachos,
1172 5504 1292 5556 qua:
1319 5499 1403 5562 est
1435 5488 1487 5543 in
1521 5489 1712 5544 ordine
1735 5491 2082 5559 epistolarum
2192 5504 2389 5558 nempe
2439 5500 2636 5560 praeter
2683 5488 3346 5562 Nestorinm,_Manicha:i
3391 5499 3445 5542 et
3500 5488 3790 5562 lcouocla-

508 5557 700 5629 prima.
748 5557 1033 5629 Magnifice
1085 5573 1213 5612 vero
1265 5559 1521 5622 celebrat,
1555 5568 1610 5614 et
1665 5557 1826 5614 tertio
1870 5574 2088 5629 quoque
2192 5557 2586 5629 size,’utnovis
2606 5575 2706 5614 nos
2739 5560 3082 5614 documentis
3103 5557 3530 5629 demonstraturi
3563 5572 3783 5629 sumus.

510 5627 674 5684 verbo
706 5627 942 5696 appellat
972 5627 1278 5696 Detpnram,
1311 5631 1362 5684 in
1394 5629 1640 5684 oratione
1671 5630 1850 5700 habita
1888 5627 2082 5699 Ephesi
2193 5628 2331 5684 Nam
2389 5630 2518 5700 quid
2578 5631 2908 5700 recentiores
2961 5630 3126 5683 etiam
3182 5628 3402 5681 Lutheri
3456 5640 3510 5680 et
3564 5627 3786 5700 Calvini

509 5716 692 5768 curam
742 5700 966 5768 synodo.
1000 5700 1149 5753 Adde
1180 5701 1354 5753 locum
1409 5700 1672 5753 orationis
1706 5700 1729 5752 l
1769 5699 1842 5752 De
1867 5698 1970 5766 ﬁde
2016 5701 2086 5752 ad
2195 5710 2358 5756 secta
2408 5698 2667 5754 adversus
2700 5699 2758 5754 Β.
2792 5699 2972 5753 Maria:
3018 5701 3277 5756 honorem
3324 5700 3427 5754 sinl
3479 5713 3643 5763 ausae,
3695 5698 3786 5752 di-

515 5765 853 5840 Ilcgiuas,'p.
892 5769 958 5824 47
992 5783 1112 5840 sqq.
1156 5771 1322 5828 l’orro
1369 5779 1426 5826 ut
1467 5769 1755 5825 orthodoxi
1807 5765 2089 5840 sanctique
2195 5787 2318 5828 cere
2360 5771 2742 5840 prOpemodunt
2767 5769 2920 5826 nefas
2947 5783 3048 5826 cst.
