4080 6480
456 375 563 433 259

1464 372 1520 426 S.
1561 367 1835 428 CYRILLI
1881 366 2355 423 ALEXANDRINI
2398 366 2724 422 ARtZIllEP.

3639 364 3748 419 260

453 487 617 546 ratio.
651 486 784 541 Cum
815 498 945 554 ergo
978 482 1135 540 audis
1168 482 1488 554 Apostolum
1521 484 1788 538 dicentem
1830 499 1844 535 :
1890 502 1906 534 ι
1941 481 2042 536 Ex-

2153 482 2334 535 τοίνυν
2358 482 2602 553 ἀκούσῃς
2623 483 2718 536 τοῦ
2747 482 3074 538 Ἀποστόλου
3099 482 3371 552 λέγοντος’
3405 500 3422 533 t
3447 482 3750 551 Προσδεχόοι

458 590 768 652 spectantes
798 576 1011 632 beatam
1042 591 1216 646 spem,
1243 590 1300 633 et
1329 576 1829 633 manifestationem
1866 574 2053 646 gloria:

432 675 637 746 ,ωειεωί
668 673 761 725 Dei
787 688 850 726 ac
879 672 1190 727 Servatoris
1220 673 1393 725 nostri
1423 669 1552 726 Jesu
1583 670 1788 726 Christi
1814 669 1914 744 "3,»
1945 683 2051 722 non

458 779 510 822 te
539 768 700 836 pudet
739 780 1002 832 separare
1034 779 1065 818 a
1099 765 1276 821 Verbo
1306 762 1494 819 Jesum
1521 762 1543 814 ?
1570 763 1688 816 Non
1721 764 1865 816 enim
1893 761 2048 825 dixit,

458 861 633 928 magni
666 859 758 913 Dei
799 859 853 912 iu
878 857 1003 912 Jesu
1029 857 1276 924 Christo,
1302 857 1396 913 sed
1423 857 1672 911 eumdem
1703 865 1760 910 et
1798 853 1966 909 Deum
1997 863 2054 910 et

454 953 637 1010 Jesum
689 951 1008 1022 praedicavit

458 1045 985 1099 tttauiiestatioucm.

526 1139 582 1192 4.
626 1137 902 1191 Interdum
956 1151 1088 1191 vero
1134 1135 1200 1188 iis
1247 1135 1411 1188 etiam
1463 1147 1583 1202 quae
1623 1138 1751 1185 sunt
1802 1132 2052 1184 humana:

458 1238 668 1280 natura:
708 1224 950 1294 propria,
988 1223 1078 1276 Dei
1125 1222 1545 1292 appellationem
1591 1220 1842 1274 attribuit
1869 1221 2052 1276 divina

459 1317 764 1384 Scriptura.
809 1312 946 1366 Nam
985 1327 1110 1366 cum
1157 1311 1473 1365 Servatoris
1509 1311 1693 1379 passio
1724 1312 1791 1364 de
1835 1309 2053 1365 deitatis

457 1418 649 1464 natura
696 1404 922 1475 intelligi
955 1418 1184 1474 prorsus
1235 1413 1494 1474 nequeat,
1527 1411 1691 1472 atque
1729 1401 1785 1456 iu
1826 1417 2055 1472 corpore

459 1497 830 1553 tantummodo
850 1496 1136 1565 passiones
1158 1505 1392 1563 peracta:
1414 1493 1651 1558 fuerint;
1676 1492 2050 1562 attamenquia

455 1606 578 1645 eum
615 1606 679 1644 eo
702 1599 789 1644 est
819 1587 1169 1657 inseparabili
1211 1587 1543 1642 adunatione
1571 1585 1772 1650 deitas,
1818 1603 1836 1636 σ
1864 1584 1920 1638 Si
1955 1600 2049 1638 co-

453 1680 830 1752 gnovissent,»
865 1677 1041 1746 inquit
1067 1677 1381 1746 Apostolus,
1421 1692 1731 1747 «nunquam
1763 1674 2049 1730 Dominum

454 1773 640 1843 gloria:
675 1770 1077 1824 cruciﬁxisseut
1110 1767 1176 1822 ⁸⁸.
1220 1785 1239 1821 δ
1281 1766 1471 1822 Videu’
1511 1767 1806 1838 quomodo,
1848 1767 2051 1819 aduna-

1061 968 1077 1005 :
1123 950 1351 1019 ideoque
1403 949 1616 1004 unicam
1663 962 1877 1018 quoque
1919 947 2054 1001 dixit

2158 592 2311 646 μενοι
2333 577 2432 646 τὴν
2469 577 2749 647 μακαρίαν
2777 576 2996 639 ἐλπίδα,
3028 577 3123 630 καὶ
3153 577 3254 647 τὴν
3285 576 3609 644 ἐπιφάνειαν
3647 576 3749 646 τῆς

2154 667 2314 740 δόξης
2351 667 2445 720 τοῦ
2499 670 2740 738 μεγάλου
2779 667 2916 721 Θεοῦ
2946 668 3040 722 καὶ
3074 667 3327 740 Σωτῆρος
3371 667 3528 737 ἡμῶν
3569 666 3746 736 Ἰησοῦ

2154 763 2398 834 Χριστοῦ
2423 779 2437 793 ⁸
2481 759 2612 835 »ἆρ’
2637 765 2739 818 ούκ
2771 763 3032 835 ἐρυθριᾷς
3052 761 3280 833 διαιρῶν
3317 761 3412 814 τοῦ
3443 760 3618 829 Λόγου
3657 760 3748 813 τὸν

2167 854 2413 925 Ἰησοῦν;
2459 857 2532 909 Ού
2576 855 2686 927 γάρ
2716 852 3027 920 εἷπεν,·τοῦ
3079 854 3318 925 μεγάλου
3374 851 3512 907 Θεοῦ
3550 851 3644 904 τοῦ
3691 853 3750 903 ὲν

2167 947 2343 1019 Ἰησοῦ
2385 948 2631 1018 Χριστῷ,
2676 947 2814 1001 άλλὰ
2844 947 2947 1000 Τὸν
2987 945 3153 999 αὑτὸν
3203 945 3336 998 Θεὸν
3382 945 3477 997 καὶ
3537 941 3750 1012 Ἰησοῦν

2153 1038 2421 1110 ἐκήρυξεν
2440 1058 2451 1069 ·
2481 1039 2562 1092 διὸ
2589 1043 2684 1092 καὶ
2721 1039 2849 1109 μίαν
2875 1039 2974 1109 τὴν
3004 1037 3329 1106 ἐπιφάνειαν
3357 1037 3600 1106 εἴρηκεν.

2230 1132 2296 1185 δ’.
2327 1132 2485 1185 Ἐστι
2511 1131 2567 1184 δὲ
2603 1132 2692 1185 ὅτε
2717 1133 2812 1184 καὶ
2835 1130 2906 1184 τὰ
2930 1131 3028 1200 τῆς
3061 1129 3482 1201 ἀνθρωπότητος
3511 1127 3640 1190 ἴδια,
3679 1131 3748 1197 τῇ

2153 1223 2246 1277 τοῦ
2274 1224 2409 1278 Θεοῦ
2451 1225 2795 1296 προσηγορίᾳ
2838 1226 2872 1295 ἡ
2913 1223 3032 1277 θεία
3063 1223 3325 1294 κηρύττει
3374 1223 3602 1292 Γραφή·
3649 1221 3749 1274 τοῦ

2154 1313 2264 1383 γάρ
2291 1314 2562 1384 σωτηρίου
2594 1314 2800 1377 πάθους
2821 1317 2888 1385 τῇ
2911 1315 3007 1383 τῆς
3032 1314 3284 1382 θεότητος
3309 1312 3467 1381 φύσει
3494 1310 3752 1380 οὐδαμῶς

2155 1406 2396 1460 νοεῖσθαι
2444 1407 2768 1475 δυναμένου,
2818 1410 2897 1470 εἰς
2931 1406 2986 1460 δὲ
3022 1406 3081 1458 τὸ
3118 1405 3278 1474 σῶμα
3311 1404 3589 1466 παντελῶς
3640 1403 3751 1456 τῶν

2155 1497 2498 1568 παθημάτων
2516 1497 2921 1568 γεγενημένων,
2949 1497 3039 1551 διά
3062 1497 3124 1549 τὸ
3164 1497 3404 1549 συνεῖναι
3428 1495 3754 1564 άχωρίστως

2156 1589 2278 1644 καθ’
2299 1591 2494 1642 ἕνωσιν
2515 1589 2665 1658 αὐτῷ
2693 1591 2791 1660 τὴν
2814 1589 3064 1654 θεότητα,
3103 1608 3120 1639 t
3145 1590 3206 1642 Εἰ
3233 1589 3477 1657 ἔγνωσαν
3495 1607 3543 1649 ,ι
3579 1587 3752 1655 φησιν

2154 1683 2182 1736 ὁ
2221 1682 2566 1745 Ἀπόστολος,
2605 1701 2622 1731 ι
2644 1681 2745 1734 ούκ
2783 1679 2850 1734 ἂν
2884 1680 2974 1733 τὸν
3005 1679 3211 1751 Κύριον
3237 1680 3334 1749 τῆς
3362 1678 3521 1747 δόξης
3546 1675 3752 1730 ἐσταύ-

2161 1790 2362 1844 ρωσαν.
2391 1793 2409 1824 ι
2451 1773 2614 1843 Ὁρᾷς
2637 1773 2782 1835 ὅπως
2819 1770 3137 1839 κοινολογεί,
3168 1771 3266 1840 τῆς
3296 1766 3540 1830 ἑνώσεως
3564 1765 3748 1835 χάριν,

456 1866 620 1918 tionis
649 1877 834 1926 causa,
866 1876 1212 1916 communem
1239 1859 1370 1914 facit
1404 1857 1472 1913 de
1503 1859 1723 1913 Christo
1749 1857 2043 1913 confessio-

2154 1865 2254 1934 τὴν
2307 1865 2388 1928 είς
2432 1864 2522 1916 τὸν
2578 1864 2815 1931 Χριστὸν
2875 1863 3167 1932 ὁμολογίαν
3215 1864 3316 1931 τῆς
3380 1857 3752 1925 ἀποστολικῆς

455 1973 578 2010 nem
609 1955 918 2024 apostolicae
963 1954 1228 2008 doctrina:
1253 1951 1472 2008 sermo?
1498 1949 1616 2005 Non
1647 1952 1792 2006 enim
1822 1948 2054 2019 simplex

456 2046 618 2100 homo
640 2042 938 2114 aliquando
965 2042 1067 2097 fuit
1099 2041 1284 2107 Jesus,
1315 2051 1444 2096 ante
1470 2040 1565 2096 Dei
1594 2056 1717 2095 cum
1751 2040 1868 2110 ipso
1900 2053 2057 2093 com-

454 2139 765 2192 muuionem
809 2148 861 2192 et
909 2135 1339 2203 adunatiouem;
1384 2134 1482 2190 sed
1536 2134 1681 2191 idem
1712 2132 1974 2198 Verbum,
2002 2133 2053 2186 in

453 2231 624 2300 ipsam
685 2232 900 2284 beatam
951 2227 1233 2300 Virginem
1296 2229 1558 2290 veniens,
1615 2226 1893 2296 proprium
1951 2223 2054 2279 sibi

456 2324 713 2392 templum
747 2339 813 2378 ex
851 2320 1093 2391 Virginis
1122 2321 1425 2375 substantia
1453 2319 1709 2390 sumpsit,
1745 2316 2054 2388 prodiitque

453 2433 515 2468 ex
538 2432 601 2468 ea
627 2417 788 2468 homo
813 2414 1033 2483 quidem
1057 2421 1326 2480 quatenus
1351 2412 1700 2477 cernebatur,
1727 2409 2056 2466 intrinsecus

453 2517 634 2562 autem
682 2519 846 2561 verus
879 2505 1152 2560 exsistens
1193 2503 1338 2558 Deus
1381 2521 1395 2558 :
1446 2504 1677 2573 ideoque
1721 2503 1884 2558 etiam
1933 2513 2056 2573 post

453 2611 692 2670 partum,
723 2598 990 2669 virginem
1018 2597 1367 2652 conservavit
1389 2605 1670 2665 parentem
1699 2609 1877 2664 suam,
1909 2596 2053 2666 quod

452 2694 661 2748 dealio
696 2693 920 2747 nemine
968 2702 1282 2746 sanctorum
1323 2690 1592 2744 usuvenit.
1625 2688 1759 2744 Nam
1793 2693 1920 2760 quia
1965 2691 2052 2746 isti

452 2796 646 2840 natura
683 2784 930 2838 homines
961 2794 1140 2849 erant,
1189 2783 1479 2835 humanam
1528 2795 1824 2850 paremquc
1863 2795 2054 2836 omnes

453 2879 792 2933 nativitatem
845 2877 1022 2931 sortiti
1070 2869 1218 2931 sunt.
1282 2873 1376 2929 Ille
1424 2883 1629 2937 autem.
1680 2873 1809 2944 quia
1860 2884 2053 2927 natura

453 2971 597 3026 Deus
623 2979 763 3037 erat,
797 2975 1074 3037 assumpta
1099 2968 1264 3022 etiam
1291 2966 1558 3022 extremis
1595 2965 1933 3033 temporibus
1955 2965 2053 3018 bu-

451 3064 737 3126 manitate,
785 3076 979 3116 novam
1015 3075 1126 3129 pra:
1161 3059 1382 3130 reliquis
1413 3057 1668 3113 omnibus
1714 3057 2052 3111 nativitatem

457 3173 570 3228 prae
604 3171 661 3211 se
717 3155 858 3209 tulit.
908 3154 1050 3225 Ergo
1094 3163 1240 3208 ret-te
1287 3161 1342 3206 et
1393 3149 1623 3219 Deipara
1672 3160 1726 3203 et
1775 3148 2053 3219 virginalis

452 3259 648 3313 tnater,
675 3251 828 3304 beata
857 3247 972 3302 hate
1001 3245 1126 3316 jure
1149 3245 1357 3314 optimo
1386 3244 1613 3298 dicenda
1636 3252 1738 3296 est.
1767 3239 1882 3295 Non
1903 3244 2048 3296 enim

452 3341 616 3397 homo
645 3341 876 3410 simplex
909 3348 1049 3405 erat,
1085 3353 1248 3408 quem
1275 3338 1389 3406 ipsa
1418 3336 1659 3406 perperit
1690 3332 1870 3390 Jesus.

520 3523 578 3578 5.
619 3521 720 3588 Qui
749 3519 894 3574 enim
923 3518 974 3572 id
1006 3515 1200 3572 ﬁeret?
1235 3515 1506 3584 siquidem
1535 3514 1602 3566 ad
1638 3512 1799 3582 hujus
1826 3527 2047 3582 operam

451 3629 515 3670 ac
543 3622 867 3682 potestatem
902 3609 994 3662 illa
1029 3607 1193 3662 etiam
1237 3621 1358 3676 qua:
1398 3613 1524 3658 ante
1568 3607 1859 3659 adventum
1902 3603 2046 3659 facta

453 3703 696 3764 fuerunt,
727 3701 911 3755 divina
946 3697 1231 3766 Scriptura
1271 3694 1462 3750 reiert.
1498 3694 1635 3750 Ecce
1671 3697 1815 3749 enim
1855 3697 2046 3751 beatus

451 3793 751 3866 discipulus
783 3791 952 3846 Judas
992 3805 1185 3860 magna
1222 3804 1352 3843 voce
1391 3789 1544 3842 nobis
1577 3790 1716 3842 hanc
1759 3788 1920 3842 ﬁdem
1958 3789 2043 3842 in-

450 3891 670 3946 clamat.
714 3886 852 3942 Nam
886 3901 1091 3951 rerum,
1121 3900 1242 3953 quae
1284 3883 1469 3938 multis
1497 3885 1747 3939 aetatibus
1784 3895 1912 3939 ante
1944 3901 2042 3939 na-

451 3983 717 4040 tivitatem
741 3995 806 4035 ex
834 3977 1056 4048 Virgine
1085 3989 1223 4032 acta:
1251 3987 1398 4040 sunt,
1431 3977 1638 4031 faciens
1685 3979 2040 4045 mentionem,

448 4078 529 4134 sic
555 4076 632 4130 ait
656 4093 670 4130 :
696 4092 715 4126 ι
740 4073 1100 4130 Commonere
1130 4080 1310 4125 autem
1343 4085 1438 4124 vos
1466 4071 1606 4136 volo,
1641 4072 1880 4126 scientes
1910 4070 2043 4125 alio-

451 4171 540 4242 qui
561 4169 766 4235 omnia,
797 4166 1058 4236 quoniam
1085 4162 1246 4220 Jesus
1279 4165 1532 4234 pOpttittttl
1557 4165 1622 4219 de
1647 4177 1791 4220 terra
1815 4163 2039 4235 Aﬁgypti

448 4265 687 4328 salvaus,
712 4262 952 4316 secundo
985 4273 1080 4315 eos
1114 4259 1204 4326 qui
1239 4274 1343 4312 non
1375 4257 1726 4314 crediderunt
1766 4260 1994 4328 perdidit
2021 4276 2038 4326 ς

361 4383 363 4386 έ
447 4354 672 4425 angelos
709 4367 837 4407 vero
879 4351 970 4420 qui
1010 4367 1115 4404 non
1149 4358 1504 4404 servaverunt
1556 4364 1715 4404 suum
1761 4350 2039 4418 principa-

2156 1957 2504 2020 διδασκαλίας
2533 1958 2562 2010 ὁ
2607 1957 2798 2024 λόγοςς
2849 1953 2928 2010 Οὐ
2973 1954 3082 2024 γάρ
3123 1951 3410 2024 ἄνθρωπος
3457 1950 3555 2020 μὲν
3591 1946 3751 2016 ψιλὸς

2171 2049 2378 2120 Ἰησοῦς
2409 2049 2650 2121 ὑπῆρξέν
2681 2065 2810 2102 ποτε
2842 2047 2949 2116 πρὸ
2977 2047 3079 2117 τῆς
3104 2045 3198 2099 τοῦ
3237 2043 3374 2098 Θεοῦ
3406 2043 3546 2112 πρὸς
3583 2041 3751 2095 αὐτὸν

2158 2141 2445 2206 κοινωνίας
2495 2159 2552 2195 τε
2603 2144 2696 2194 καὶ
2750 2139 3019 2204 ὲνώσεως,
3056 2139 3170 2192 ἀλλ’
3202 2137 3366 2200 αὐτὸς
3413 2137 3442 2188 ὸ
3480 2133 3656 2202 Λόγος
3688 2135 3752 2188 ἐν

2157 2234 2294 2304 αὐτῇ
2323 2236 2388 2304 τῇ
2423 2233 2670 2304 μακαρίᾳ
2702 2231 2966 2304 Παρθένῳ
2993 2229 3306 2300 γενόμενος,
3341 2229 3432 2280 τὸν
3461 2225 3591 2279 ἴδιον
3618 2224 3749 2276 ναὸν

2157 2325 2336 2396 ἐαυτῷ
2398 2328 2462 2378 ὲκ
2516 2326 2614 2394 τῆς
2670 2324 2858 2386 οὐσίας
2909 2323 3009 2394 τῆς
3048 2320 3323 2392 Παρθένου
3377 2318 3593 2382 ἔλαϐεν,
3653 2318 3752 2370 καὶ

2158 2417 2426 2490 προῆλθεν
2470 2416 2529 2482 ἐξ
2559 2417 2729 2488 αὐτῆς
2756 2415 3043 2486 ἄνθρωπος
3071 2415 3170 2485 μὲν
3201 2414 3401 2480 ἔξωθεν
3435 2408 3755 2481 θεωρούμε-

2157 2529 2270 2575 νος,
2312 2509 2524 2563 ένδοθεν
2569 2510 2625 2563 δὲ
2678 2508 2812 2573 Θεὸς
2863 2508 3129 2580 ὑπάρχων
3180 2507 3470 2578 ἁληθινός’
3527 2505 3608 2559 διὸ
3652 2505 3754 2558 καὶ

2159 2602 2298 2672 μετὰ
2321 2601 2380 2654 τὸ
2402 2601 2680 2672 τεχθῆναι,
2710 2601 2980 2670 παρθένον
2993 2601 3095 2672 τὴν
3121 2599 3388 2654 τεκοῦσαν
3418 2600 3752 2670 τετήρηκεν,

2155 2696 2292 2768 ὅπερ
2355 2694 2443 2747 ἐπ’
2504 2693 2722 2758 ούδενὸς
2780 2694 2890 2747 τῶν
2945 2693 3123 2748 ἄλλων
3184 2693 3359 2762 ἁγίων
3427 2692 3749 2761 γεγένηται.

2168 2787 2388 2860 Ἐπειδὴ
2421 2787 2530 2858 γὰρ
2570 2789 2771 2841 ἐκεῖνοι
2818 2786 2920 2858 τὴν
2954 2785 3119 2856 φύσιν
3166 2785 3414 2856 ὑπῆρχον
3443 2784 3750 2855 ἄνθρωποι,

2155 2879 2505 2950 ἀνθρωπίνην
2559 2878 2655 2932 καὶ
2690 2879 2812 2948 τσην
2851 2877 2954 2950 τὴν
2988 2878 3205 2947 γένεσιν
3240 2878 3433 2947 ἔλαχον
3481 2875 3748 2937 ἅπαντες.

2138 2966 2308 3036 Οὗτος
2337 2973 2393 3026 δὲ
2414 2970 2604 3042 ἐπειδὴ
2625 2971 2766 3024 κατὰ
2794 2969 2958 3038 φύσιν
2974 2971 3219 3041 ὑπῆρχεν
3242 2969 3398 3034 Θεὸς,
3423 2968 3753 3041 προσλαϐὼν

2155 3067 2213 3118 ὲν
2259 3066 2435 3137 χρόνῳ
2475 3066 2690 3135 ἐσχάτῳ
2731 3064 2826 3118 καὶ
2865 3064 2928 3118 τὸ
2970 3063 3332 3136 ἀνθρώπινον,
3385 3063 3544 3134 ξένην
3593 3063 3753 3132 παρὰ

2155 3157 2366 3219 πάντας
2419 3155 2518 3227 τὴν
2571 3158 2634 3208 ὲκ
2675 3157 2774 3227 τῆς
2803 3154 3082 3225 Παρθένου
3133 3154 3350 3224 γένεσιν
3402 3153 3750 3218 ἐπεδείξατοο

2153 3246 2351 3300 οὐκοῦν
2389 3248 2616 3310 εἰκότως
2663 3247 2758 3300 καί⁵
2781 3245 3046 3310 Θεοτόκος
3090 3247 3184 3300 καὶ
3228 3245 3672 3318 παρθενομήτωρ
3711 3246 3750 3318 ἠ

2155 3340 2406 3410 μακαρία
2433 3338 2660 3402 δικαίως
2688 3337 2755 3391 ἂν
2779 3338 3018 3407 λέγοιτο·
3043 3338 3105 3392 οὐ
3128 3338 3240 3410 γὰρ
3265 3337 3553 3409 ἄνθρωπος
3588 3338 3752 3409 ψιλὸς

2149 3427 2217 3503 ἦν
2249 3435 2278 3486 ὁ
2305 3431 2518 3502 τεχθεὶς
2549 3431 2608 3498 ἐξ
2642 3430 2817 3500 αὐτῆς
2869 3430 3100 3502 Ἰησοῦς.
3417 3410 3430 3422 ’

2221 3525 2282 3579 ε’.
2328 3525 2454 3589 Πῶς
2479 3526 2618 3596 γάρ;
2646 3526 2782 3579 ὅπου
2809 3525 2906 3578 καὶ
2935 3526 3042 3598 πρὸ
3071 3526 3170 3598 τῆς
3203 3526 3749 3599 ιπιδημίαξγεγενη-

2151 3619 2312 3690 μένα,
2336 3623 2402 3690 τῇ
2428 3618 2618 3672 τούτου
2652 3619 2907 3690 ἐνεργείᾳ.
2935 3620 3029 3674 καὶ
3059 3619 3280 3691 ἐξουσίᾳ
3315 3623 3348 3691 ὴ
3375 3620 3496 3676 θεία
3531 3638 3745 3692 προσα-

2147 3710 2376 3781 ναφέρει
2401 3711 2593 3781 Γραφή
2616 3727 2629 3742 ο
2662 3712 2758 3764 καὶ
2781 3712 2912 3780 γοῦν
2956 3711 3160 3776 Ἰούδας
3191 3715 3218 3766 ὁ
3256 3713 3530 3785 μακάριος
3560 3713 3746 3786 μαθη-

2145 3803 2243 3872 τὴς
2299 3801 2699 3872 μεγαλοφώνους
2736 3806 2870 3875 ἡμῖν
2905 3804 3004 3876 τὴν
3041 3807 3297 3878 τοιαύτην
3358 3808 3744 3878 παραδέδωκεν

2087 3967 2090 3969 Δ
2146 3897 2326 3947 πίστιν
2353 3911 2365 3924 ο
2403 3896 2509 3947 τῶν
2544 3895 2652 3966 γὰρ
2685 3896 2791 3966 πρὸ
2818 3897 3028 3953 πολλῶν
3051 3899 3252 3967 γενεῶν
3284 3901 3384 3972 τῆς
3429 3903 3496 3954 ὲκ
3523 3903 3741 3973 Παρθέ-

2145 4005 2237 4041 νου
2272 3989 2498 4058 προόδου
2529 3991 2900 4060 μεμνημένος,
2930 3991 3074 4047 οὕτω
3104 3994 3303 4066 φησίν·
3341 4015 3359 4046 σ
3394 3995 3742 4068 ’Υπομνῆσαι

2143 4080 2202 4134 δὲ
2235 4081 2380 4151 ὑμᾶς
2415 4081 2700 4152 βούλομαι,
2739 4083 2950 4147 εἰδότας
2997 4084 3234 4153 ἅπαντα,
3279 4088 3362 4142 ὅτι
3407 4087 3613 4160 Ἰησοῦς
3654 4090 3736 4160 (Ι)

2142 4171 2268 4226 λαὸν
2304 4175 2368 4226 ὲκ
2393 4173 2498 4243 γῆς
2532 4174 2811 4241 Αἰγύπτου
2841 4176 3042 4244 σώσας,
3082 4179 3145 4232 τὸ
3187 4179 3443 4251 δεύτερον
3486 4183 3615 4248 τοὺς
3657 4184 3736 4252 μὴ

2143 4265 2544 4328 πιστεύσαντας
2576 4267 2860 4321 ἀπώλεσεν
2881 4285 2893 4298 '
2928 4270 3194 4339 ἀγγέλους
3228 4289 3287 4325 τε
3309 4275 3437 4336 τοὺς
3465 4273 3538 4344 μὴ
3564 4275 3738 4346 τηρή-

2145 4374 2347 4420 σαντας
2387 4359 2488 4428 τὴν
2519 4358 2730 4412 ἑαυτῶν
2763 4361 2962 4433 ἀρχὴν,
3006 4363 3142 4416 ἀλλὰ
3178 4364 3628 4436 άπολ[ε“ξιπόντας
3671 4368 3738 4422 τὸ

451 4462 580 4513 ιιιιιι,
634 4446 728 4501 sed
784 4445 1062 4516 proprium
1115 4444 1447 4499 domicilium
1495 4441 1931 4510 dereliquerunt,
1985 4444 2036 4496 iu

2148 4450 2276 4504 [διον
2311 4453 2654 4523 οἰκητήριον,
2682 4456 2763 4518 εἰς
2788 4457 2972 4527 κρίσιν
2999 4457 3243 4529 μεγάλης
3279 4460 3491 4531 ἡμέρας
3514 4460 3739 4530 δεσμοῖς

440 4539 708 4608 judicium
745 4537 925 4606 magni
968 4537 1099 4601 diei,
1141 4534 1372 4589 vinculis
1417 4535 1640 4590 aeternis
1665 4531 1767 4590 sub
1805 4533 2039 4603 caligine

2148 4542 2335 4606 ἀϊδίοις
2362 4543 2467 4597 ὑπὸ
2491 4543 2654 4614 ζόφον
2680 4549 3004 4618 τετήρηκεν.
3030 4569 3047 4600 ι
3085 4549 3147 4602 Ei
3187 4550 3245 4604 δὲ
3273 4552 3558 4623 ἄνθρωπον
3579 4554 3740 4622 ψιλὸν

449 4633 740 4689 reservavit
766 4633 834 4685 ⁸³.
862 4650 881 4683 ι
920 4629 1071 4697 Quod
1103 4629 1148 4684 si
1199 4627 1502 4696 simplicem
1554 4626 1829 4680 hominem
1877 4627 2034 4682 beata

2148 4633 2328 4689 ἔτεκεν
2363 4637 2396 4707 ή
2432 4640 2679 4708 μακαρία
2719 4641 2997 4712 Παρθένος
3042 4644 3133 4697 τὸν
3183 4645 3412 4716 Ἰησοῦν,
3454 4647 3646 4701 τοῦτον
3675 4649 3737 4703 δέ

451 4725 612 4793 Virgo
645 4723 1169 4793 peperissetlesum,
1201 4719 1343 4773 hunc
1372 4727 1554 4771 autem
1583 4716 1717 4771 dicit
1741 4716 2035 4786 discipulus

444 4821 511 4870 de
541 4816 920 4885 Egyptiorum
963 4828 1122 4867 manu
1171 4806 1428 4862 lsraelem
1479 4806 1814 4870 liberavisse,
1858 4822 2031 4878 popu-

445 4915 662 4978 luinque
692 4923 788 4978 per
815 4911 1092 4964 desertum
1125 4904 1454 4968 ductavisse,
1496 4903 1626 4972 quin
1660 4911 1716 4958 et
1753 4912 2034 4971 portento-

511 5087 554 5119 ⁵⁷
589 5081 694 5142 Tit.
723 5101 789 5153 ιι,
823 5087 904 5142 ιὸς
965 5083 1024 5116 ⁴¹¹
1055 5081 1225 5137 lCor.
1272 5097 1330 5146 u,
1364 5079 1419 5134 8.
1498 5080 1542 5111 δ’
1584 5079 1708 5136 Jud.
1740 5079 1795 5135 6.

511 5263 586 5334 (l)
626 5262 1033 5334 Animadverte
1059 5261 1295 5334 primum
1343 5258 1580 5334 cit_ari'__a
1619 5257 1820 5334 Cyrillo
1851 5257 2022 5334 dudm.

442 5325 763 5402 Epis'lolam,
816 5325 1141 5402 quodgja'cit
1177 5329 1359 5402 etiam
1411 5331 1463 5381 in
1513 5325 1924 5402 Prosphonctico
1954 5329 2023 5380 ad

443 5397 908 5469 Titeodost'unt,'p.
957 5399 1044 5453 77.
1099 5399 1300 5453 Deinde
1357 5415 1453 5469 pro
1507 5401 1776 5453 communi
1836 5397 2024 5453 Graeca

440 5477 672 5528 lectione
708 5472 931 5543 Κύριος,
970 5474 1197 5524 observa
1245 5470 1570 5543 vocabulum
1612 5469 1839 5543 Ἰησοῦς,
1875 5471 2018 5543 quod

442 5549 602 5599 habet
633 5539 820 5610 reapse
843 5543 1088 5610 vulgatus
1118 5541 1579 5610 nostequatinus,
1615 5539 1947 5610 suiIragante
1967 5541 2017 5593 ei

438 5633 561 5669 cum
593 5609 794 5684 Cyrillo
841 5609 1240 5684 etiaiuicodice
1417 5611 1766 5684 principe_ac
1794 5609 2017 5684 :ceiebl'i

443 5679 722 5744 Vaticano,
743 5693 797 5735 et
829 5683 1098 5735 nonnullis
1122 5682 1242 5736 aliis
1263 5681 1356 5736 Gr.
1392 5681 1531 5751 apud
1563 5679 1627 5734 cl.
1660 5679 2016 5734 Scholtziutn.

443 5755 610 5808 Porro
643 5754 684 5805 si
707 5751 834 5806 Jesu
881 5768 976 5820 pro
1000 5752 1184 5816 Jnsue,
1215 5765 1274 5805 ut
1314 5752 1551 5806 nonnulli
1587 5752 1900 5804 exiStimant
1927 5767 2019 5819 po-

443 5829 607 5889 nitur,
648 5825 694 5878 is
731 5826 947 5891 quidem
999 5827 1127 5887 dux,
1167 5827 1333 5894 ligura
1379 5822 1588 5878 Domini
1621 5821 1748 5875 Jesu
1792 5825 2020 5876 creden-

2142 4743 2307 4795 φησιν
2338 4729 2364 4781 ό
2395 4729 2664 4800 μαθητὴς,
2688 4731 2787 4801 τῆς
2810 4733 3126 4800 Αἰγυπτίων
3165 4734 3348 4807 χειρὸς
3377 4736 3470 4790 τὸν
3515 4738 3737 4809 Ἰσραὴλ

2141 4818 2607 4891 ἐλευθερώσαντα,
2656 4823 2751 4875 καὶ
2789 4824 3094 4894 ἡγούμενον
3131 4826 3228 4879 τοῦ
3280 4827 3411 4881 λαοῦ
3456 4830 3597 4883 κατὰ
3635 4830 3737 4901 τὴν

2139 4907 2236 4978 ἒρη
2247 4927 2365 4978 μον,
2385 4909 2444 4973 ὃς
2461 4911 2557 4964 καὶ
2575 4911 2685 4965 τῶν
2704 4929 2760 4965 τε
2768 4913 3088 4986 ραστ[ε]ίων
3108 4917 3353 4972 ἐπετέλει
3368 4918 3434 4974 τὰ
3451 4919 3729 4991 θαύματα,

2131 5258 2364 5346 dusest.
2394 5259 2729 5346 Quanquam
2772 5277 2964 5346 reapse
3005 5266 3239 5346 Moyses,
3271 5286 3375 5326 non
3400 5271 3597 5346 iJosue,
3634 5292 3741 5346 po-

2133 5330 2316 5410 pulum
2350 5345 2412 5383 ex
2457 5328 2964 5410 rEgyptqgipdit;
3008 5328 3297 5410 multoque
3341 5328 3519 5402 minus
3558 5328 3732 5405 Iosue

2136 5399 2362 5486 rebelles
2393 5405 2622 5486 angelos
2646 5399 2955 5486 adni-nferos
2990 5399 3242 5486 detrusii.
3275 5399 3511 5486 Plurimi
3535 5399 3729 5486 igitur:

2129 5470 2547 5552 utnnunc‘etiam
2569 5470 2838 5552 gyri-llus,
2867 5487 3015 5552 re_ct0
3046 5493 3106 5533 ac
3139 5482 3420 5550 primitivo
3445 5470 3606 5539 sensu
3634 5470 3726 5540 iii-

2131 5539 2521 5626 tellig_unt"bic
2569 5539 2872 5626 Dominum
2907 5539 3261 5626 legium-qui
3307 5555 3484 5623 angeli
3535 5539 3720 5625 specie

2129 5613 2326 5696 populo
2381 5609 2603 5696 llebrmo
2635 5614 2770 5696 dux
2801 5615 2920 5671 fuit.
2969 5609 3332 5696 Nisi'potius,
3379 5609 3724 5696 quodlideu't

2129 5681 2528 5770 quodai‘nmpdo
2562 5693 3012 5770 ἐείκοσι-δοθείη
3054 5681 3246 5750 τειὲτηί
3293 5681 3454 5752 Verbi
3497 5681 3726 5770 angelus

2130 5757 2234 5804 dux
2281 5755 2729 5818 repraesentabat.
