4080 6448
475 339 585 399 225

1478 339 1538 396 S.
1577 337 1851 396 CYRILLI
1892 333 2366 392 ALEXANDRINI
2408 333 2730 391 ARCIIIEP.

3642 331 3754 386 εει

473 478 590 518 eam
624 460 930 518 Altissimus
957 462 1024 516 ιδ.
1055 479 1074 514 ι
1107 459 1221 517 l-loc
1247 475 1375 516 vero
1402 461 1534 531 quid
1575 462 1722 517 aliud
1758 459 2054 531 signiﬁcat,

2165 458 2382 530 θρωπος
2425 458 2533 528 (1)·
2573 456 2666 510 καί
2714 453 3005 524 ἄνθρωπος
3051 448 3319 521 ἐγεννὴθη
3345 449 3402 501 ὲν
3442 449 3584 520 αὐτῇ
3609 489 3626 514 ,
3661 451 3760 518 καὶ

473 557 574 612 nisi
609 557 856 610 eumdem
887 570 1007 611 esse
1038 554 1209 611 Deum
1255 565 1312 610 et
1357 555 1676 610 hominem?
1707 554 1915 608 Etenim
1968 554 2065 608 ho-

474 648 700 710 minem,
746 646 1019 717 simulque
1049 646 1408 712 Altissimum,
1439 647 1891 714 fundatoremque
1925 643 2064 700 fate-

472 749 580 792 tur.
613 737 800 809 Neque
827 739 1030 805 secius,
1065 738 1117 793 in
1149 737 1258 793 alio
1282 751 1497 808 quoque
1529 736 1734 808 psalmo
1771 735 2062 790 indivisum

471 830 698 884 unitatis
725 844 1034 885 sermonem
1063 829 1320 896 retinens,
1358 829 1593 885 hominis
1617 827 1968 898 proprietatis
1995 825 2063 880 ad

475 920 641 976 Deum
672 923 799 977 item
845 921 1078 978 Verbum
1121 920 1327 977 referre
1357 920 1711 990 comperitur,
1743 917 1887 974 haud
1912 917 2067 986 equi-

472 1015 596 1070 dem
624 1014 1055 1069 substantiarum
1097 1011 1468 1069 confusionem
1506 1013 1788 1075 invehens,
1819 1011 1914 1066 sed
1939 1010 2068 1066 sub-

471 1106 797 1161 stantiarum
827 1105 1176 1160 adunationis
1219 1105 1485 1160 rationem
1535 1105 1760 1159 habens.
1811 1101 1905 1158 Sic
1931 1117 2068 1170 ergo

471 1200 549 1252 ait
583 1201 634 1254 in
666 1213 788 1254 xmv
823 1199 1032 1268 psalmo
1060 1215 1074 1252 :
1107 1218 1125 1250 ι
1160 1198 1329 1253 Sedes
1369 1207 1480 1264 tua,
1523 1197 1690 1264 Deus,
1721 1198 1774 1252 in
1805 1195 2064 1252 malum

470 1291 656 1346 saeculi
687 1309 700 1345 :
741 1293 891 1359 virga
917 1289 1263 1355 directiouis,
1300 1289 1455 1358 virga
1484 1289 1633 1360 regni
1667 1289 1743 1343 tui
1776 1305 1794 1344 :
1824 1275 2064 1342 dilexisti

463 1381 752 1450 justitiam,
791 1390 847 1436 et
885 1380 1050 1436 odisti
1081 1380 1427 1450 iniquitatem
1462 1398 1476 1434 :
1505 1388 1802 1450 propterea
1831 1381 1988 1433 unxit
2014 1387 2066 1432 te

470 1476 635 1540 Deus,
656 1473 797 1529 Deus
819 1483 962 1537 tuus,
977 1473 1097 1528 oleo
1119 1473 1319 1528 laetitizc
1340 1487 1450 1542 pra:
1468 1472 1817 1528 consortibus
1841 1470 2024 1528 tuis”.
2041 1487 2061 1521 ι

471 1563 668 1620 Viden’
698 1566 972 1634 quomodo
990 1563 1159 1619 Deum
1193 1561 1433 1619 Verbum
1466 1561 1770 1633 appellans,
1789 1560 2066 1630 Deumque

470 1666 524 1712 et
574 1669 755 1727 regem
790 1655 1082 1722 conﬁtens,
1132 1670 1308 1725 neque
1350 1663 1531 1710 tamen
1573 1653 1842 1719 dividens,
1892 1666 2066 1722 neque

473 1746 702 1801 alteram
743 1761 1034 1816 personam
1084 1747 1139 1802 in
1185 1762 1309 1802 cum
1351 1747 1664 1810 conferens,
1712 1745 2066 1802 nihilominus

2175 549 2338 613 αὐτὸς
2371 549 2730 618 ἐθεμελίωσεν
2757 545 2927 615 αὐτὴν
2949 547 2977 598 6
3005 544 3268 612 ’Υψιστος
3291 559 3304 572 ·
3335 562 3354 594 ι
3384 540 3540 594 τοῦτο
3564 542 3674 613 γὰρ
3705 542 3760 594 τί

2172 641 2240 695 ἂν
2269 642 2354 713 εῐη
2393 640 2606 712 ἕτερον,
2641 638 2755 693 ἀλλ’
2795 637 2829 709 ἢ
2865 638 2948 690 ὅτι
2991 636 3155 698 αὐτὸς
3189 635 3426 706 ὑπάρχει
3463 633 3615 698 Θεὸς,
3662 634 3763 687 καί

2172 732 2490 805 άνθρωποςς
2530 730 2854 802 ’Λνθρωπον
2869 728 2999 800 γὰρ,
3023 729 3119 782 καί
3147 728 3434 796 ’Υψιστον,
3473 729 3568 780 καί
3597 726 3763 797 θεμεο

2171 823 2370 894 λιωτὴν
2411 822 2502 876 τὸν
2536 821 2696 875 αὐτὸν
2729 821 3081 892 ὡμολόγησεν
3106 837 3120 850 ·
3167 819 3322 872 οὐδὲν
3355 819 3412 872 δὲ
3455 811 3618 890 ἦττον
3666 819 3764 872 καί

2171 915 2230 968 ἐν
2252 913 2426 984 ἑτέρῳ
2457 912 2658 984 ψαλμῷ
2700 912 3010 983 ἀδιαίρετον
3042 911 3144 983 τῆς
3177 904 3427 974 ἐνὼσεως
3473 909 3765 980 φυλάττων

2170 1005 2264 1061 τὸν
2285 1005 2466 1073 λόγον,
2499 1005 2568 1059 τὰ
2592 1005 2691 1076 τῆς
2724 1004 3148 1076 ἀνθρωπότητος
3174 1004 3283 1057 ῐδια
3307 1002 3382 1067 ὡς
3417 1003 3567 1073 αὐτῷ
3597 1003 3764 1056 πάλιν

2170 1099 2250 1170 τῷ
2272 1097 2393 1170 Θεῷ
2441 1098 2601 1170 Λόγῳ
2628 1097 2920 1169 ἀναφέρων
2953 1096 3290 1168 εὑρίσκεται,
3317 1096 3378 1148 οὑ
3418 1095 3528 1148 τῶν
3556 1095 3762 1148 οὐσιῶν

2173 1190 2439 1262 σύγχυσιν
2472 1189 2865 1262 ἐργαζόμενος,
2911 1188 3051 1242 ἀλλά
3086 1189 3186 1258 τῆς
3223 1187 3472 1251 ἐνὼσεως
3513 1187 3622 1241 τῶν
3662 1188 3758 1239 οὐ·

2173 1282 2306 1337 σιῶν
2355 1280 2739 1352 ἐπιγινώσκων
2767 1282 2859 1335 τὸν
2904 1281 3094 1350 λόγον·
3153 1279 3301 1349 λέγει
3327 1278 3618 1349 τοιγαροῦν
3661 1278 3759 1333 οὐ·

2171 1391 2280 1439 τως
2307 1375 2367 1428 ἐν
2401 1375 2484 1446 μδν
2517 1373 2751 1445 ψαλμῷ·
2791 1393 2808 1425 ι
2849 1372 2906 1427 '0
2939 1372 3127 1444 θρόνος
3163 1389 3282 1437 σου,
3314 1372 3342 1424 6
3369 1369 3521 1436 Θεὸς,
3559 1371 3638 1435 εἰς
3663 1370 3761 1424 τὸν

2171 1465 2347 1523 αἰῶνα
2377 1465 2476 1520 τοῦ
2519 1465 2716 1529 αἰῶνος
2737 1479 2751 1494 ·
2789 1464 2987 1536 ῥάϐδος
3030 1463 3330 1532 εὐθύτητος
3360 1463 3394 1532 ή
3432 1460 3626 1534 ῥάϐδος
3655 1461 3762 1531 τῆς

2173 1557 2453 1629 βασιλείας
2485 1576 2578 1612 σου
2599 1574 2613 1587 ·
2638 1557 2936 1628 ἠγάπησας
2956 1554 3329 1623 δικαιοσύνην,
3358 1553 3452 1607 καί
3485 1552 3759 1622 ἐμίσησας

2172 1651 2389 1707 ἀδικίαν
2407 1668 2419 1681 ·
2450 1651 2539 1705 διὰ
2561 1649 2720 1704 τοῦτο
2742 1649 2960 1720 ἔχρισέν
2983 1665 3041 1702 σε
3060 1646 3214 1710 Θεὸς,
3239 1648 3266 1699 6
3283 1645 3415 1708 Θεός
3434 1661 3554 1708 σου,
3573 1642 3759 1697 ἔλαιον

2171 1743 2548 1813 ἀγαλλιάσεως
2583 1742 2737 1816 παρά
2771 1743 2900 1806 τοὺς
2939 1741 3200 1814 μετόχους
3233 1756 3349 1792 σου.
3374 1757 3392 1790 ι
3413 1737 3576 1808 Ὁρᾷς
3606 1736 3760 1798 ὅπως

479 1843 705 1889 unctum
731 1835 909 1890 dixit?
956 1834 1246 1906 Espliceut
1287 1836 1445 1892 nobis
1489 1836 1656 1905 igitur
1693 1834 1822 1906 quid
1855 1835 1927 1890 sit
1966 1834 2060 1890 hoc

2171 1835 2264 1892 τὸν
2292 1837 2464 1906 Λόγον
2499 1836 2831 1907 θεολογήσας
2855 1835 2960 1906 (2),
2987 1833 3121 1887 Θεόν
3153 1849 3213 1885 τε
3233 1831 3327 1885 καί
3361 1829 3588 1901 βασιλέα
3621 1830 3757 1898 ὁμο·

469 1925 690 1980 effatum
715 1941 730 1990 ;
753 1934 807 1979 et
828 1927 1102 1995 quomodo
1128 1923 1387 1990 Verbum,
1415 1941 1538 1980 cum
1573 1923 1714 1980 Deus
1747 1933 1916 1990 esset,
1957 1939 2062 1978 un-

469 2027 618 2071 ctqu
645 2017 846 2076 fuerit:
881 2017 984 2071 nisi
1014 2017 1139 2087 quia
1179 2031 1401 2087 prorsus
1449 2017 1588 2071 idem
1617 2027 1759 2082 erat,
1795 2017 1888 2086 qui
1920 2016 2063 2072 servi

471 2108 700 2164 formam
727 2108 831 2164 sibi
856 2108 1128 2172 induerat,
1156 2108 1241 2162 cui
1268 2118 1322 2163 et
1354 2107 1592 2163 chrisma
1617 2108 1898 2173 suscipere
1926 2123 2064 2164 cou-

469 2200 941 2254 venientissimum
968 2197 1094 2253 fuit?
1127 2199 1282 2266 Quod
1304 2199 1349 2254 si
1378 2197 1517 2254 forte
1543 2198 1809 2265 dixerint,
1833 2209 2060 2269 propter

469 2306 624 2344 suam
664 2290 718 2345 in
759 2290 1017 2356 homine,
1054 2301 1113 2345 ut
1149 2291 1248 2361 ipsi
1296 2290 1734 2356 hallucinantur,
1788 2289 2064 2346 inhabita-

474 2383 699 2448 tionem,
721 2382 886 2439 Verbi
908 2397 1196 2454 personam
1219 2382 1535 2438 chrismatis
1558 2383 1732 2438 instar
1755 2384 2062 2450 exstitisse;

474 2475 527 2529 hi
561 2476 742 2530 sciant
769 2475 956 2541 velim,
991 2475 1442 2530 inhabitationem
1477 2490 1582 2530 non
1623 2476 1690 2531 de
1715 2476 1935 2534 Christo
1969 2475 2064 2532 sed

471 2567 538 2622 de
575 2568 857 2637 prophetis
895 2568 1126 2638 aliisque
1169 2569 1373 2623 sanctis
1415 2567 1520 2624 dici
1563 2585 1579 2624 :
1615 2569 1903 2638 pmdictas
1937 2583 2066 2624 vero

472 2659 778 2713 locutiones
801 2675 1128 2728 tuagnopere
1145 2661 1414 2716 excedere
1432 2661 1850 2722 iuhabitatiouis
1875 2661 2064 2717 termi-

473 2763 572 2803 nos
603 2749 718 2803 sive
747 2749 882 2802 vim.
912 2747 1101 2821 lue
1127 2749 1268 2821 Ergo
1293 2752 1396 2805 etsi
1424 2748 1636 2805 Deusin
1665 2751 1868 2807 sanctis
1891 2753 2068 2806 omni-

473 2843 574 2896 bus
601 2841 828 2905 habitat,
854 2842 1017 2912 hique
1035 2842 1360 2897 sanctiﬁcati
1387 2851 1517 2898 sunt
1541 2851 1595 2896 et
1615 2843 1781 2908 llltCli,
1798 2857 1957 2898 nemo
1987 2852 2068 2898 ta-

473 2947 600 2986 men
645 2947 799 3001 mque
847 2947 910 2987 ac
945 2933 1060 3003 ipse
1091 2933 1463 2988 sanctiﬁcatus
1495 2943 1799 3003 unctusque
1841 2933 2063 2989 dicitur.

471 3023 530 3079 Si
557 3038 687 3094 ergo
720 3025 832 3090 isti,
858 3026 924 3078 ad
953 3030 1269 3080 sanctorum
1299 3025 1740 3091 similitudinem,
1768 3028 1820 3082 in
1845 3025 2067 3082 Christo

471 3131 690 3187 quoque
727 3116 1063 3173 inhabitasse
1098 3117 1270 3174 Deum
1299 3118 1476 3183 aiunt,
1512 3119 1783 3175 constabit
1811 3117 2064 3174 omnibus

471 3212 710 3281 ipsorum
758 3211 1158 3284 irreligiositas,
1205 3215 1274 3269 ab
1321 3213 1618 3285 apostolica
1659 3214 1909 3270 doctrina
1951 3223 2064 3268 toto

468 3306 610 3361 calo
643 3306 928 3360 abcrrans.

542 3504 599 3561 8.
632 3505 848 3561 Etenim
870 3506 936 3560 de
957 3504 1237 3576 prophetis
1264 3505 1594 3572 Christoque
1617 3504 1898 3562 disserens
1925 3503 2064 3560 Pau-

472 3595 582 3662 lus,
617 3597 910 3652 immanem
953 3595 1113 3666 bilius
1151 3597 1220 3651 ab
1259 3596 1368 3651 illis
1417 3597 1780 3651 dill‘erentism
1821 3613 1921 3652 nos
1961 3599 2060 3654 do-

473 3698 584 3753 cet,
611 3687 750 3757 ejus,
789 3688 1037 3757 inquam,
1065 3688 1156 3757 qui
1179 3697 1376 3744 unctus
1393 3691 1615 3745 dicitur.
1651 3689 1901 3759 Namque
1920 3692 2062 3746 hunc

475 3781 694 3852 quidem
722 3789 777 3835 et
806 3780 1001 3834 Filium
1044 3791 1098 3835 et
1124 3779 1306 3836 Patris
1329 3781 1702 3850 splendorem,
1736 3791 1793 3838 et
1831 3784 2060 3853 figurant

475 3875 791 3930 substantiae
841 3874 1048 3944 ipsius,
1103 3873 1227 3929 illos
1280 3883 1461 3929 autem
1505 3876 1802 3946 prophetas
1843 3883 2057 3930 tantum

476 3964 713 4034 appellat
745 3982 760 4018 :
795 3965 1104 4034 mirumque
1150 3975 1256 4030 est,
1297 3967 1440 4034 quod
1479 3966 1624 4022 inter
1662 3977 1742 4021 tot
1781 3966 2058 4032 sublimia,

476 4059 750 4113 unctionis
790 4073 1006 4128 quoque
1057 4059 1198 4113 idem
1243 4058 1374 4115 facit
1420 4061 1774 4115 mentionem.
1811 4077 1831 4112 ι
1875 4059 2066 4114 Multi-

475 4147 670 4203 [ariam
705 4151 872 4214 enim,
920 4149 1119 4219 inquit,
1170 4151 1471 4222 multisque
1518 4153 1694 4207 modis
1745 4151 1874 4207 olim
1915 4152 2059 4206 Dens

477 4241 689 4294 locutus
715 4240 962 4309 patribus
990 4256 1086 4311 per
1119 4243 1438 4311 prophetas,
1473 4243 1791 4298 novissimis
1825 4243 1912 4298 his
1939 4245 2058 4298 die-

474 4333 574 4386 bus
596 4330 808 4385 locutus
829 4340 914 4385 est
931 4331 1088 4386 nobis
1105 4346 1202 4401 per
1222 4332 1438 4394 Filium,
1463 4349 1621 4402 quem
1646 4333 2058 4388 constituithse-

475 4420 660 4477 redem
709 4420 1132 4486 universorum,
1178 4437 1273 4492 per
1335 4436 1496 4490 quem
1537 4419 1882 4474 fecitszecula
1915 4435 1930 4472 :
1965 4422 2055 4489 qui

2165 1925 2426 1996 λογήσας,
2449 1927 2511 1980 οὐ
2539 1924 2749 1989 διελὼν,
2769 1925 2890 1978 οὐδὲ
2911 1924 3000 1978 ἐτε
3010 1939 3102 1996 ρον
3121 1921 3416 1992 πρόσωπον
3437 1916 3758 1986 εἰσενέγκας

2164 2020 2336 2091 αὐτῷ,
2366 2020 2461 2074 καί
2490 2019 2553 2072 τὸ
2603 2017 2893 2090 κεχρίσθαι
2925 2017 3179 2088 εῐρηκεν;
3221 2014 3544 2082 Δεγέτωσαν
3570 2006 3665 2066 οῦν
3703 2009 3758 2062 τί

2165 2109 2312 2162 ἐστιν
2331 2109 2393 2162 τὸ
2421 2108 2718 2178 λεγόμενον
2738 2123 2753 2139 ο
2786 2107 2904 2171 πῶς
2923 2107 2980 2160 δὲ
3005 2106 3137 2169 Θεὸς
3163 2104 3238 2157 ῶν
3264 2106 3292 2157 6
3318 2103 3489 2172 Λόγος
3516 2102 3757 2172 ἐχρίετο,

2165 2200 2280 2256 ἀλλ’
2321 2201 2354 2272 ἢ
2388 2201 2608 2265 πάντως
2629 2201 2712 2254 ὅτι
2741 2199 2906 2263 αὐτὸς
2927 2194 2994 2270 ἦν
3016 2199 3044 2250 ὁ
3066 2197 3162 2268 τὴν
3189 2195 3282 2250 τοῦ
3315 2194 3502 2249 δούλου
3540 2193 3761 2264 μορφὴν

2167 2287 2608 2365 ὲνδυσάμενος,ᾖ
2638 2292 2732 2345 καὶ
2762 2291 2822 2345 τὸ
2851 2290 3062 2362 χρίσμα
3081 2287 3382 2359 λαμϐάνειν
3413 2287 3498 2356 είη
3528 2285 3592 2338 ἂν
3625 2301 3759 2354 πρε-

2167 2383 2550 2451 πωδέστατον;
2599 2383 2721 2437 Κᾶν
2764 2381 2875 2455 γὰρ
2920 2382 3155 2450 λέγωσιν
3192 2379 3282 2434 διά
3332 2377 3431 2449 τὴν
3470 2377 3608 2448 πρὸς
3662 2377 3761 2429 τὸν

2167 2473 2455 2548 ἄνθρωπον
2481 2475 2779 2546 ἐνοίκησιν,
2809 2474 2885 2539 ὡς
2910 2473 3067 2528 αὐτοί
3091 2472 3426 2539 πλανῶνται,
3457 2470 3550 2524 τοῦ
3579 2471 3759 2537 Λόγου

2169 2569 2462 2640 πρόσωπον
2483 2569 2544 2624 τὸ
2568 2571 2780 2642 χρίσμα
2800 2568 3077 2638 λέγεσθαι,
3104 2565 3528 2638 μανθανέτωσαν
3562 2564 3758 2632 ὅτιπερ

2166 2660 2439 2732 ἐνοίκησις
2470 2662 2573 2714 οὐκ
2619 2661 2715 2714 ἐπὶ
2761 2660 2856 2714 τοῦ
2893 2659 3155 2732 Χριστοῦ,
3190 2658 3308 2714 ἀλλ’
3340 2659 3436 2711 ἐπὶ
3479 2656 3587 2709 τῶν
3620 2672 3761 2726 προ-

2167 2751 2357 2821 φητῶν
2380 2752 2477 2806 καὶ
2502 2750 2613 2805 τῶν
2643 2751 2820 2806 ἄλλων
2849 2751 3019 2822 ἁγίων
3039 2751 3282 2820 λέγεται,
3307 2750 3401 2803 καὶ
3431 2747 3759 2820 ὑπερϐαίνει

2168 2843 2375 2915 σφόδρα
2405 2843 2533 2908 τοὺς
2558 2843 2654 2914 τῆς
2676 2843 3006 2915 ἐνοικήσεως
3034 2844 3194 2915 ὄρους
3214 2843 3277 2897 τὸ
3299 2842 3619 2912 λεγόμενον·
3656 2841 3761 2895 καί

2166 2935 2297 3004 γοῦν
2355 2936 2740 3008 ἐνοικήσαντος
2769 2936 2863 2990 τοῦ
2913 2937 3049 2990 Θεοῦ
3087 2937 3147 2990 ἐν
3189 2939 3301 3001 τοῖς
3341 2935 3516 3005 ἁγίοις
3563 2935 3756 3000 πᾶσιν,

2167 3027 2546 3098 ἁγιαζομένων
2585 3045 2645 3082 τε
2674 3029 2770 3082 καί
2795 3029 3120 3100 χρωμένων,
3151 3029 3212 3083 οὐ
3234 3029 3454 3098 λέγεται
3485 3029 3560 3092 ὡς
3589 3028 3759 3092 αὐτὸς

2169 3119 2530 3189 ἀγιαζόμενος
2560 3119 2594 3190 ἢ
2630 3119 2950 3192 χριόμενος·
2977 3121 3025 3174 εἰ
3059 3121 3160 3192 μὲν
3187 3117 3281 3174 οὖν
3311 3121 3432 3175 καθ’
3460 3120 3760 3191 ἐμοιότητα.

2167 3209 2277 3264 τῶν
2313 3211 2508 3279 ἁγίων,
2543 3211 2640 3265 καί
2677 3211 2764 3265 ἐπ’
2808 3210 2974 3265 αὑτοῦ
3013 3213 3113 3284 τὴν
3149 3211 3428 3283 ἐνοίκησιν
3475 3212 3757 3280 λέγουσιν,

2165 3300 2389 3372 ἔκδηλος
2416 3302 2450 3373 ἡ
2484 3301 2714 3358 ἀσέϐεια
2736 3303 2906 3358 πᾶσιν
2934 3302 3110 3369 ἔσται,
3135 3304 3232 3357 καί
3258 3305 3356 3375 τῆς
3385 3302 3760 3374 ἀποπολικῆς

2163 3393 2516 3458 διδασκαλίας
2549 3394 2833 3459 παντελῶς
2865 3395 3144 3466 ἀλλοτρία.

2233 3511 2304 3574 η’.
2345 3504 2483 3576 Περί
2518 3505 2618 3576 μὲν
2642 3506 2752 3577 γὰρ
2780 3506 2887 3561 τῶν
2915 3508 3236 3579 προφητῶν,
3260 3508 3354 3562 καί
3377 3508 3472 3561 τοῦ
3507 3507 3756 3579 Χριστοῦ

2163 3597 2546 3666 διαλεγόμενος
2564 3599 2592 3651 6
2616 3598 2851 3662 Παῦλος,
2879 3599 3208 3671 ἀσύγκριτον
3238 3600 3431 3654 τούτου
3454 3600 3591 3672 πρὸς
3612 3601 3759 3654 ὲκεί-

2163 3704 2288 3750 νους
2319 3687 2585 3758 διαφορὰν
2607 3689 2754 3759 ἡμᾶς
2779 3687 3042 3753 ἐδίδαξεν,
3067 3689 3214 3758 λέγω
3241 3689 3304 3761 δὴ
3325 3688 3421 3743 τοῦ
3454 3689 3759 3760 λεγομένου

2162 3777 2475 3849 κεχρῖσθαι·
2517 3778 2609 3831 τὸν
2634 3779 2736 3850 μὲν
2762 3781 2890 3852 γάρ,
2919 3780 3048 3834 Υίὸν
3071 3782 3167 3835 καὶ
3194 3780 3292 3835 τοῦ
3331 3781 3542 3852 Πατρὸς
3574 3781 3758 3835 ἀπαύ-

2162 3886 2356 3942 γασμα
2386 3871 2482 3924 καὶ
2521 3873 2852 3943 χαρακτῆρα
2876 3873 2980 3944 τῆς
3009 3874 3366 3938 ὑποστάσεως
3395 3873 3562 3928 αὐτοῦ
3581 3890 3595 3903 ο
3624 3875 3755 3938 τοὺς

2159 3962 2240 4026 δέ,
2277 3963 2565 4033 προφήτας
2597 3963 2884 4034 ὠνόμασεν
2907 3983 2922 3997 ι
2951 3965 3044 4018 καὶ
3081 3965 3143 4018 τό
3188 3983 3252 4033 γε
3288 3965 3628 4038 θαυμαστὸν,
3670 3967 3759 4019 ὅτι

2164 4053 2306 4124 μετά
2338 4054 2548 4110 τούτων
2583 4056 2693 4109 τῶν
2725 4056 2971 4128 ὑψηλῶν,
3005 4057 3100 4112 τοῦ
3141 4060 3444 4132 χρίσματος
3470 4060 3564 4113 καὶ
3587 4057 3758 4124 αὐτὸς

2158 4144 2601 4217 ὲίινηίιόνεὶυσεν·
2653 4168 2671 4199 ι
2705 4149 3039 4222 Πολυμερῶς
3069 4143 3203 4224 γάρ,
3236 4151 3422 4222 φησὶν,
3450 4152 3544 4204 καί
3583 4149 3754 4203 πολυ-

2159 4240 2378 4311 τρόπως
2406 4241 2578 4295 πάλαι
2613 4243 2641 4295 6
2676 4242 2808 4306 Θεὸς
2832 4243 3074 4315 λαλήσας
3104 4247 3216 4307 τοῖς
3246 4245 3518 4316 πατράσιν
3551 4245 3608 4297 ἐν
3636 4246 3752 4306 τοίς

2159 4331 2492 4401 προφήταις,
2525 4333 2614 4385 ἐπ’
2647 4334 2890 4404 ἐσχάτων
2927 4335 3036 4389 τῶν
3059 4335 3284 4408 ἡμερῶν
3318 4335 3523 4390 τούτων
3557 4334 3753 4404 ἐλάλη-

2162 4437 2254 4474 σεν
2283 4423 2415 4491 ἡμῖν
2441 4424 2501 4476 ἐν
2528 4423 2665 4494 Υίῷ,
2687 4424 2747 4477 ὃν
2768 4426 2931 4497 ἔθηκε
2961 4427 3302 4498 κληρονόμον
3328 4429 3566 4490 πάντων,
3597 4426 3666 4479 δι’
3688 4418 3752 4478 οὗ

473 4525 597 4566 cum
634 4511 706 4566 sit
737 4511 995 4581 splendor
1024 4511 1210 4580 gloriae
1248 4521 1302 4566 et
1354 4514 1523 4582 ﬁgura
1569 4512 1886 4567 substantia:
1914 4513 2052 4581 ejus,

2165 4513 2386 4582 ἐποίησε
2424 4516 2549 4579 τοὺς
2578 4515 2780 4581 αἰῶνας
2799 4535 2815 4551 ο
2843 4517 2902 4582 ὃς
2933 4518 3011 4571 ῶν
3038 4517 3383 4589 ἀπαύγασμα
3425 4517 3524 4587 τῆς
3565 4517 3694 4587 δόξη
3715 4536 3751 4582 :,

473 4609 808 4671 portansque
840 4602 1021 4657 omnia
1053 4604 1218 4656 verbo
1259 4603 1480 4656 virtutis
1509 4617 1640 4666 suae,
1691 4613 1814 4668 post
1853 4617 2043 4672 purga-

473 4691 674 4748 tionem
704 4703 1051 4763 peccatorum
1081 4694 1300 4760 iactam,
1319 4693 1568 4749 consedit
1591 4693 1646 4748 in
1676 4695 1906 4749 dextera
1933 4710 2051 4748 rna-

459 4780 681 4850 jestatis
711 4782 764 4836 in
787 4783 1016 4838 excelsis
1044 4784 1112 4837 ".
1150 4802 1168 4835 ι
1199 4783 1268 4838 Ει
1311 4783 1474 4852 paulo
1520 4793 1643 4853 post
1683 4785 1758 4839 ait
1787 4799 1802 4834 :
1839 4802 1859 4837 ι
1892 4785 1955 4838 Ει
1984 4786 2052 4840 ad

471 4874 695 4944 angelos
724 4875 943 4943 quidem
978 4875 1111 4930 dicit
1143 4894 1156 4930 :
1190 4876 1292 4942 Qui
1327 4877 1457 4930 facit
1486 4875 1708 4946 angelos
1725 4893 1855 4945 suos
1886 4878 2053 4947 spiri-

475 4975 578 5030 tus,
618 4975 672 5021 et
706 4967 988 5022 ministros
1030 4982 1159 5023 suos
1207 4969 1482 5022 ilaumtam
1519 4969 1692 5038 ignis;
1743 4971 1810 5024 ad
1849 4968 2047 5024 Filium

470 5070 653 5114 autem
697 5073 712 5109 :
745 5059 1000 5114 Throuus
1053 5068 1195 5120 tuus.
1233 5058 1410 5124 Deus,
1447 5061 1499 5114 iu
1531 5061 1790 5116 malum
1820 5061 2002 5118 saeculi
2034 5079 2049 5127 ;

473 5149 621 5220 virga
651 5149 942 5219 mquitatis,
976 5151 1126 5221 virga
1168 5151 1320 5221 regni
1357 5152 1456 5205 tui.
1492 5151 2050 5222 Dilexistijustitiam,

472 5251 527 5294 et
553 5241 715 5295 odisti
743 5241 1086 5310 iniquitatem
1113 5258 1126 5293 :
1163 5253 1449 5312 propterea
1478 5244 1636 5296 unxit
1663 5256 1713 5299 te
1748 5246 1887 5299 Deus
1913 5245 2053 5299 Deus

477 5340 600 5388 tuus
648 5331 772 5388 oleo
821 5332 1210 5389 exsultationis
1237 5349 1348 5404 prae
1397 5336 1756 5406 participibus
1798 5338 1992 5392 tuis".
2027 5355 2046 5388 ι

543 5506 593 5541 ⁸⁸
630 5508 769 5563 Psal.
804 5525 1025 5578 uxxvr,
1051 5510 1106 5567 5.
1182 5512 1229 5544 "
1262 5512 1406 5569 Psal.
1445 5528 1589 5579 κων,
1625 5515 1676 5578 7,
1704 5515 1753 5568 8.
1838 5516 1886 5548 ”
1918 5514 2088 5574 llehr.
2123 5535 2162 5583 ι,
2201 5517 2316 5573 1-7.

551 5686 718 5764 (l)_lta
747 5689 1212 5764 interpungiturin
1238 5700 1468 5764 utroque
1485 5693 1670 5764 Cyrilli
1689 5695 1895 5762 codice,
1923 5709 2048 5750 ncc-

483 5770 588 5812 nou
617 5762 669 5814 in
702 5761 941 5819 editione
970 5759 1225 5819 Vaticana
1246 5759 1544 5820 lliblioruni
1565 5759 1898 5821 Graecorum.

2158 4605 2252 4658 καὶ
2280 4607 2571 4678 χαρακτὴρ
2602 4607 2704 4674 τῆς
2741 4609 3093 4673 ὑποστάσεως
3138 4609 3328 4672 αὐτοῦ,
3367 4609 3548 4682 φέρων
3588 4625 3650 4662 τε
3682 4608 3755 4661 si

2164 4698 2346 4752 πάντα
2367 4697 2446 4768 τῷ
2475 4700 2683 4770 ῥήματι
2711 4700 2812 4772 τῆς
2847 4701 3134 4772 δυνάμεως
3179 4701 3369 4766 αὐτοῦ,
3405 4700 3755 4771 καθαρισμὸν

2159 4790 2269 4842 τῶν
2301 4790 2588 4861 ἁμαρτιῶν
2634 4793 3028 4864 ποιησάμενος,
3075 4793 3332 4847 ἐκάθισεν
3360 4797 3418 4847 ὲν
3450 4792 3602 4862 δεξιᾷ
3648 4793 3756 4861 τῆς

2163 4882 2565 4953 μεγαλωσύνης
2595 4885 2653 4936 ὲν
2685 4883 2929 4955 ὑψηλοῖς.
2974 4903 2992 4936 ι
3045 4885 3157 4940 Καὶ
3206 4885 3326 4955 μετ’
3356 4885 3514 4954 ὀλίγα
3546 4885 3717 4955 φησίν
3741 4903 3757 4916 ο

2165 4993 2184 5024 ι
2220 4975 2329 5027 Καὶ
2362 4976 2501 5047 πρὸς
2539 4977 2637 5046 μὲν
2670 4978 2798 5040 τοὺς
2832 4977 3100 5046 ἀγγέλους
3132 4977 3282 5046 λέγει
3303 4994 3316 5009 ·
3347 4977 3405 5030 ὐ
3427 4976 3598 5030 ποιῶν
3627 4978 3761 5041 τοὺς

2158 5067 2426 5136 ἀγγέλους
2454 5068 2623 5122 αὑτοῦ
2657 5068 2966 5140 πνεύματα,
3004 5070 3100 5124 καὶ
3129 5069 3257 5133 τοὺς
3283 5068 3634 5138 λειτουργοὺς
3659 5068 3761 5119 αὑ-

2160 5159 2254 5212 τοῦ
2287 5160 2458 5233 πυρὸς
2492 5161 2694 5230 φλόγα·
2729 5162 2869 5234 πρὸς
2897 5161 2954 5215 δέ
2979 5163 3070 5215 τὸν
3092 5163 3251 5216 Υίόν·
3297 5161 3354 5215 Ὀ
3382 5160 3569 5232 θρόνος
3602 5176 3699 5212 σου
3733 5163 3762 5213 ὁ

2161 5250 2315 5314 Θεὸς,
2343 5254 2422 5315 εἰς
2455 5253 2544 5306 τὸν
2576 5253 2751 5307 αἰῶνα
2775 5253 2872 5306 τοῦ
2903 5253 3102 5317 αἰῶνος
3121 5269 3135 5284 ο
3171 5253 3368 5324 ῥάϐδος
3394 5251 3690 5322 εὐθύτητος
3723 5254 3758 5321 ὴ

2163 5339 2360 5409 ῥάϐδος
2400 5343 2498 5413 τῆς
2543 5343 2821 5414 βασιλείας
2854 5362 2950 5398 σου
2974 5362 2988 5377 ο
3039 5346 3338 5418 ἠγάπησας
3377 5345 3756 5417 δικαιοσύνην,

2396 5519 2440 5550 ετ
2480 5519 2609 5573 ibid.
2648 5520 2703 5587 8,
2735 5520 2789 5576 9.

2233 5696 2307 5765 (‘2)
2338 5695 2512 5750 Simili
2559 5695 2833 5750 locutione
2884 5697 3054 5752 utitur
3105 5695 3367 5752 Eusebius
3416 5697 3468 5752 in
3509 5699 3748 5758 secundo

2159 5765 2512 5834 Tltwplmuiw
2551 5767 2872 5836 fragmento.
