4080 6416
270 320 401 378 265

1391 313 1581 383 QUOD
1620 314 1681 370 B.
1727 312 1944 379 MARIA
1984 308 2090 367 SIT
2134 309 2455 367 DEIPARA.

3444 307 3551 363 ἔτι

273 443 385 499 καὶ
424 438 700 512 ἐμίσησας
722 436 940 492 ἀδικίαν
963 448 976 465 ·
1008 434 1097 490 διὰ
1122 432 1278 488 τοῦτο
1307 431 1521 505 ἔχρισέν
1554 450 1612 486 σε
1635 434 1664 487 6
1692 432 1825 496 Θεὸς
1849 433 1877 486 6

1989 429 2179 487 Cet-uls
2230 443 2396 498 quam
2457 425 2632 481 aliena
2680 422 2751 477 sit
2797 436 2827 478 a
2876 421 3094 479 Christo
3139 421 3553 480 inhabitationis

269 534 423 598 Θεὸς
472 548 573 586 σου
621 529 801 583 ἔλαιον
848 526 1225 597 ἀγαλλιάσεως
1259 524 1411 595 παρά
1438 526 1564 589 τοὺς
1612 523 1877 595 μετόχους

272 641 404 678 σου.
436 641 460 675 ι
500 621 742 691 Θεωρεῖς
789 617 866 683 ὡς
898 616 1105 689 σφόδρα
1145 614 1425 685 ἀλλότριος
1471 614 1566 668 ἐπὶ
1600 612 1697 668 τοῦ
1741 615 1879 687 Χρι-

274 710 416 766 στοῦ
448 711 480 764 6
512 709 616 778 τῆς
642 707 972 778 ἐνοικήσεως
1002 705 1128 775 ὄρος
1144 720 1161 767 ;
1193 703 1256 756 Ei
1282 702 1339 756 δὲ
1366 698 1614 770 λέγουσιν
1641 700 1878 756 ἐνταῦθα

275 801 381 874 τὴν
406 800 696 870 ἐνοίκησιν
729 798 805 869 μὴ
837 798 952 859 τοῖς
979 795 1152 864 ἁγίοις
1172 792 1392 864 ὁμοίως,
1424 791 1562 846 ἀλλά
1586 790 1709 846 καθ’
1740 791 1877 847 tvm-

288 912 370 948 σιν
402 892 502 945 τὸν
539 890 719 958 Λόγον
754 888 892 959 πρὸς
920 884 1207 957 ἄνθρωπον
1234 886 1299 937 ὲκ
1338 883 1437 954 τῆς
1473 883 1751 955 Παρθένου
1787 900 1877 937 τε-

290 986 488 1056 χθέντα
515 979 885 1051 γεγενῆσθαι,
930 979 991 1032 οὐ
1022 975 1243 1031 δυνατὸν
1279 975 1378 1048 μὲν
1424 974 1564 1045 μετά
1596 974 1695 1046 τὴν
1743 974 1882 1030 ἀπο·

287 1075 485 1147 κύησιν
534 1074 739 1126 ἕνωσιν
786 1069 967 1141 ἀληθῆ
1015 1067 1291 1137 λέγεσθαι,
1325 1065 1441 1120 ἀλλ’
1493 1064 1526 1137 ἢ
1584 1065 1744 1137 μόνον
1780 1065 1879 1139 τὴν

286 1166 428 1220 κατά
454 1163 623 1236 χάριν
655 1163 753 1217 καὶ
789 1162 1025 1234 μετοχὴν
1056 1159 1151 1214 τοῦ
1185 1158 1341 1225 Θεοῦ,
1372 1158 1449 1221 ὡς
1489 1158 1548 1212 ὲν
1574 1161 1684 1222 τοῖς
1705 1158 1879 1229 ἁγίοις

286 1257 452 1312 πάλιν
485 1256 731 1325 ἐγένετο.

350 1350 418 1403 θ’.
443 1350 514 1404 Εἰ
537 1349 597 1401 δὲ
624 1344 864 1402 ἐνταῦθα
888 1346 987 1418 τὴν
1015 1345 1291 1417 ἐνοίκησιν
1307 1343 1506 1399 ἕνωσιν
1530 1340 1668 1399 εἶναι
1692 1342 1881 1414 λέγου-

278 1460 387 1508 σιν,
409 1441 515 1495 οὐκ
555 1443 619 1494 ἐν
645 1443 715 1512 τῇ
755 1439 1042 1511 Παρθένῳ,
1077 1437 1213 1493 ἀλλά
1250 1437 1388 1510 μετά
1430 1438 1490 1491 τὸ
1528 1437 1785 1509 τεχθῆναι
1821 1436 1879 1504 ἐξ

276 1530 482 1601 αὐτῆς,
513 1530 655 1600 φέρε
698 1531 793 1583 καὶ
833 1527 979 1581 οὕτω
1003 1527 1064 1581 τὸ
1095 1526 1385 1598 λεγόμενον
1414 1525 1780 1597 ἐξετάσωμεν.
1813 1526 1879 1581 Ei

279 1622 368 1676 διὰ
391 1622 555 1675 τοῦτο
581 1622 665 1684 είς
693 1620 755 1674 τὸ
790 1619 885 1673 τοῦ
916 1619 1090 1686 Λόγου
1121 1618 1419 1691 πρόσωπον
1449 1617 1509 1671 τὸ
1538 1618 1748 1689 χρίσμα
1809 1618 1885 1673 εί-

291 1713 487 1785 ρῆσθαι
523 1711 810 1781 λέγουσιν,
846 1710 935 1765 διά
984 1710 1047 1764 τὸ
1094 1709 1459 1779 συνεῖναικαι
1504 1708 1767 1779 ἡνῶσθαι,
1801 1709 1880 1772 ὡς

1984 519 2277 577 deﬁnitio?
2310 519 2463 588 Quod
2492 517 2538 573 si
2572 518 2656 572 hic
2690 516 2874 572 dicant
2907 514 3359 571 inhabitationem
3410 516 3551 571 haud

1983 624 2241 684 tanquam
2271 613 2323 666 in
2355 611 2562 667 sanctis
2590 648 2606 675 ,
2662 610 2754 664 sed
2802 622 2922 661 eam
2964 621 3083 677 qua:
3109 606 3251 662 facta
3292 607 3457 663 fuerit
3484 620 3553 662 ex

1981 704 2363 775 conjunctione
2388 703 2551 760 Verbi
2583 717 2704 759 cum
2744 700 2969 757 homine
3020 702 3086 755 de
3134 699 3358 772 Virgine
3401 715 3553 765 nato,

1982 798 2376 867 respondemus
2403 796 2602 851 nullam
2632 795 2802 852 licere
2830 804 2953 863 post
2982 803 3201 862 partum
3230 796 3412 851 dicere
3470 797 3554 849 la-

1986 898 2131 946 ctam
2162 888 2626 957 conjunctionem.
2659 887 2762 941 nisi
2784 900 2909 942 eam
2928 901 3049 957 quae
3087 900 3152 942 ex
3181 888 3351 956 gratia
3378 893 3434 941 et
3462 887 3556 940 Dei

1980 980 2396 1053 participatione
2419 980 2498 1047 lit,
2545 979 2854 1050 cuiusmodi
2884 995 3074 1037 rursus
3114 979 3202 1036 aio
3247 978 3391 1033 illam
3428 994 3557 1035 sau-

1980 1080 2191 1128 ctorum
2214 1086 2334 1128 eum
2364 1070 2475 1128 Deo
2501 1069 2691 1128 fuisse.

2048 1334 2104 1391 9.
2132 1334 2285 1402 Quod
2321 1334 2364 1390 si
2409 1333 2675 1389 vocabulo
2723 1332 3077 1388 habitationis
3119 1331 3556 1401 coniunctionem

1979 1425 2287 1497 intelligunt
2304 1441 2406 1482 non
2424 1425 2568 1479 illam
2586 1426 2727 1495 intra
2747 1425 3025 1496 Virginem
3052 1426 3271 1490 factam,
3296 1427 3389 1481 sed
3410 1433 3560 1495 post-

1979 1517 2313 1588 quamlesus
2338 1519 2406 1573 de
2434 1518 2550 1588 ipsa
2581 1528 2741 1573 natus
2768 1519 2965 1582 fuerat,
2999 1531 3119 1588 age,
3160 1519 3212 1572 id
3240 1532 3455 1587 quoque
3486 1518 3556 1572 ad

1983 1611 2243 1665 trutinam
2274 1612 2671 1679 expendamus.
2708 1611 2767 1667 Si
2801 1612 3007 1667 idcirco
3030 1611 3096 1667 de
3127 1609 3292 1665 Verbi
3321 1626 3555 1681 persona

1982 1693 2298 1757 unctionem
2326 1702 2676 1772 praedicatam
2702 1703 2875 1765 aiunt.
2901 1704 3030 1773 quia
3061 1702 3410 1771 coniunctum
3437 1704 3560 1757 uni-

294 1805 437 1858 αὐτοί
466 1821 632 1874 φασι,
660 1802 744 1873 τῷ
772 1801 1049 1873 ἀνθρώπῳ
1072 1801 1161 1855 τὸν
1184 1801 1377 1870 Λόγον,
1402 1801 1617 1864 πάντως
1644 1800 1727 1854 ὃτι
1759 1800 1878 1871 μεθ’

1989 1801 2213 1861 tumque
2242 1793 2427 1858 fuerit,
2459 1800 2520 1847 ut
2542 1792 2644 1863 ipsi
2676 1794 2851 1864 aiunt,
2904 1794 3111 1849 homini
3165 1794 3418 1861 Verbum,
3444 1809 3562 1850 om-

294 1897 480 1950 ’ἐνωσιν
523 1895 697 1950 αὑτὸν
750 1894 1038 1965 κεκρίσθαι
1083 1894 1261 1955 λέγειν
1288 1893 1347 1956 ἐξ
1367 1892 1615 1964 ἀνάγκης
1647 1893 1881 1971 ἀπαιτη-

299 1985 547 2057 θήσονται
572 2002 588 2015 ·
623 1986 718 2039 τὸν
747 1986 859 2056 γὰρ
900 1985 1034 2038 Θεὸν
1068 1984 1240 2053 Λόγον
1287 1986 1315 2039 ὁ
1350 1986 1658 2056 προφήτης,
1692 1984 1772 2037 ἔτι
1816 2002 1878 2053 γε

305 2081 406 2151 μὴν
427 2080 518 2134 καὶ
541 2080 572 2131 ὁ
612 2077 943 2141 ’Λπόστολος
975 2076 1329 2147 θεολογήσας,
1368 2074 1519 2147 αὐτῷ
1550 2076 1646 2132 καὶ
1672 2076 1733 2130 τδ
1763 2077 1881 2147 χρῖ-

311 2186 420 2240 σμα
452 2168 697 2241 φανερῶς
721 2168 1022 2238 ἀνέθηκεν.
1060 2166 1123 2221 Εἰ
1179 2168 1361 2221 τοίνυν
1398 2167 1484 2220 διά
1527 2167 1625 2239 τὴν
1665 2168 1880 2233 ἕνωσιν,

315 2262 407 2314 καὶ
429 2261 488 2314 τδ
518 2264 753 2315 συνεῖναι
776 2260 942 2315 αὐτὸν
962 2259 1042 2330 τῷ
1065 2258 1357 2330 ἀνθρώπῳ,
1382 2258 1445 2311 τὸ
1474 2258 1566 2312 τοῦ
1589 2257 1879 2330 ἀνθρώπου

317 2352 391 2423 τῷ
425 2354 574 2423 Λόγῳ
612 2352 1022 2425 προσάπτουσιν
1057 2354 1105 2404 οἱ
1153 2351 1322 2419 ἅγιοι,
1356 2350 1497 2420 μετά
1537 2351 1637 2421 τὴν
1684 2351 1881 2406 ἓνωσιν

308 2444 437 2496 αὐτὸ
463 2444 519 2496 τὸ
542 2444 755 2515 χρίσμα
789 2441 1125 2513 γεγενῆσθαι
1156 2442 1374 2505 πάντως
1412 2441 1840 2512 ὁμολογήσουσιν
1865 2458 1878 2472 ⁸

295 2538 345 2589 εἱ
372 2536 428 2589 δὲ
466 2536 611 2605 μετὰ
638 2539 742 2606 τὴν
781 2537 980 2590 ἕνωσιν
1016 2535 1322 2606 κέχρισται,
1358 2534 1456 2605 τὴν
1491 2534 1547 2587 δὲ
1592 2534 1786 2588 ἕνωσιν
1818 2534 1880 2586 οὑ

287 2629 574 2700 βούλονται
629 2630 819 2698 λέγειν
853 2628 985 2698 πρὶν
1034 2629 1101 2680 ὲκ
1131 2626 1232 2696 τῆς
1272 2624 1552 2696 Παρθένου
1586 2623 1882 2695 τεχθῆναι,

284 2721 408 2774 οὐδὲ
457 2719 835 2793 Χριστοτόκος
863 2719 1049 2772 οὐκέτι
1099 2716 1238 2787 πρὸς
1293 2714 1472 2769 αὐτῶν
1525 2716 1558 2785 ἡ
1605 2713 1884 2786 Παρθένος

1981 1883 2114 1938 ιιίιιο
2152 1892 2277 1952 post
2321 1884 2764 1951 coniunctionem
2802 1886 2974 1955 ipsum
3009 1895 3226 1940 unctum
3259 1884 3423 1940 fuisse
3480 1885 3563 1938 di-

1980 1989 2106 2030 cere
2138 1976 2450 2031 neccssario
2477 1985 2760 2046 cogentur.
2789 1975 2925 2030 Nam
2961 1974 3127 2031 Deum
3157 1975 3392 2032 Verbum
3428 1992 3557 2047 pro-

1982 2065 2166 2134 pheta,
2200 2080 2299 2121 nec
2329 2080 2434 2120 non
2465 2066 2756 2135 Apostolus
2806 2062 3112 2136 theologico
3158 2080 3409 2121 sermone
3459 2067 3556 2121 de-

1981 2158 2248 2224 scribens,
2269 2157 2446 2213 eidem
2465 2158 2626 2213 etiam
2650 2158 2962 2231 unctionem
2986 2157 3271 2213 manifeste
3288 2158 3555 2213 attribuit.

1983 2248 2041 2304 Si
2077 2247 2218 2302 forte
2258 2248 2426 2318 igitur
2467 2257 2690 2319 propter
2729 2246 3193 2317 coniunctionem,
3238 2256 3292 2302 et
3337 2258 3561 2318 propter

1982 2340 2100 2409 eius
2136 2355 2259 2395 cum
2284 2340 2508 2395 homine
2532 2340 3001 2405 coexsistentiam,
3050 2340 3193 2409 quod
3215 2349 3298 2393 est
3327 2340 3562 2395 hominis

1982 2432 2262 2501 proprium
2293 2430 2472 2487 Verbo
2493 2433 2907 2487 accommodant
2946 2430 3191 2500 praedicti
3217 2433 3416 2496 sancti,
3452 2432 3561 2485 uti-

1984 2536 2093 2591 que
2118 2530 2241 2591 post
2272 2522 2709 2590 coniunctionem
2758 2523 2933 2591 ipsum
2956 2522 3193 2577 chrisma
3218 2522 3418 2577 factum
3442 2536 3565 2577 esse

1984 2628 2210 2679 prorsus
2244 2613 2671 2668 conﬁtebuntur.
2698 2612 2838 2669 ‘Jam
2871 2614 2915 2669 si
2959 2626 3081 2685 post
3120 2616 3563 2684 coniunctionem

1983 2702 2143 2760 Jcsns
2171 2714 2369 2760 unctus
2400 2705 2519 2771 fuit,
2553 2706 2992 2776 coniunctionem
3026 2717 3207 2762 autem
3235 2708 3435 2763 nullam
3482 2710 3567 2764 di-

280 2788 801 2875 όμολογηθήσεταιο
857 2802 907 2854 εἰ
958 2801 1069 2871 γὰρ
1117 2798 1506 2869 Χριστοτόκος,
1540 2797 1759 2865 πάντως
1802 2797 1884 2851 ὅτι

1991 2813 2120 2853 cere
2159 2797 2350 2853 volunt
2400 2806 2529 2853 ante
2586 2799 2708 2868 eius
2736 2814 2803 2853 ex
2847 2797 3069 2870 Virgine
3107 2811 3287 2855 ortum
3319 2840 3335 2866 ,
3382 2803 3567 2873 sequi-

278 2896 379 2949 καὶ
407 2893 680 2957 Θεοτόκος
698 2910 715 2924 ³
749 2894 797 2945 εἰ
831 2891 887 2945 δὲ
917 2892 978 2945 οὐ
1016 2889 1298 2955 Θεοτόκος,
1330 2889 1451 2942 οὐδὲ
1481 2889 1844 2959 Χριστοτόκος
1866 2928 1882 2943 .

1990 2897 2077 2943 tur
2131 2895 2191 2943 ut
2243 2889 2332 2943 isti
2396 2903 2462 2943 ne
2533 2888 2928 2959 Christiparam
2998 2891 3216 2959 quidem
3271 2890 3563 2964 Virginem

273 2988 345 3040 Et
371 2987 485 3058 γὰρ
513 2986 579 3039 τὸ
609 2985 827 3057 χρίσμα
862 2984 1001 3055 μετὰ
1033 2982 1131 3053 τὴν
1160 2981 1486 3046 ἓνωσιν,καὶ
1512 2980 1601 3034 διά
1621 2978 1777 3033 τοῦτο
1807 2981 1884 3045 είς

1989 2980 2373 3035 contiteantur.
2418 2978 2552 3032 Nam
2611 2979 2656 3033 si
2690 2978 3054 3048 Christipara,
3094 2996 3323 3049 prorsus
3357 2993 3411 3038 ct
3440 2982 3568 3038 Dei-

270 3075 340 3130 τὺ
364 3075 462 3129 τοῦ
496 3074 682 3143 Λόγου
711 3073 1006 3145 πρόσωπον
1031 3072 1188 3126 τοῦτο
1209 3071 1454 3140 λέγεται,
1476 3071 1576 3142 τὴν
1601 3071 1658 3125 δὲ
1690 3070 1884 3125 ἕνωσιν

1991 3087 2123 3143 para
2180 3088 2194 3124 :
2262 3070 2308 3126 si
2365 3071 2543 3125 minus
2608 3070 2869 3141 Deipara,
2900 3072 3088 3140 utique
3127 3088 3226 3127 nec
3260 3073 3570 3145 Christipa-

270 3168 431 3239 μετά
464 3169 571 3240 τὴν
598 3170 667 3222 ὲκ
691 3164 1109 3238 τῆςκΠαρθένου
1141 3164 1398 3237 γέννησιν
1429 3162 1757 3235 γεγενῆσθαι
1793 3163 1884 3216 λέ-

1993 3182 2074 3220 ra.
2124 3161 2261 3218 Nam
2329 3164 2372 3218 si
2407 3164 2595 3218 unctio
2658 3173 2782 3233 post
2807 3165 3247 3239 coniunctionem
3274 3166 3394 3233 fuit,
3436 3182 3567 3237 pro-

268 3276 502 3330 γουσιν,
533 3259 661 3313 οὐδὲ
704 3258 1075 3331 Χριστοτόκος
1107 3256 1292 3310 οὐκέτι
1334 3255 1690 3328 εὑρεθήσεται
1709 3273 1723 3286 ·
1755 3256 1804 3309 εἰ
1830 3254 1884 3308 δὲ

1990 3268 2280 3329 ptereaque
2311 3256 2361 3310 in
2389 3255 2553 3313 Verbi
2582 3270 2870 3325 personam
2902 3272 2965 3311 ea
2996 3266 3302 3325 reputatur,
3338 3252 3567 3327 canina;

268 3353 684 3425 XQt_GTO‘:6xO§,
711 3352 809 3405 καὶ
830 3350 1095 3414 Θεοτόκος
1114 3348 1254 3403 ἰτοῦ
1284 3346 1396 3419 γάρ
1435 3347 1741 3420 χρίσματος
1781 3346 1884 3419 πρὸ

1991 3349 2225 3404 ctionem
2261 3355 2445 3403 autem
2482 3358 2602 3418 post
2637 3348 2980 3403 nativitatem
3013 3363 3077 3404 ex
3106 3347 3332 3417 Virgine
3368 3349 3567 3405 factam

271 3422 669 3518 τῆξὲνώσεως
701 3442 782 3516 μὴ
812 3443 1117 3516 δυναμένου
1149 3442 1411 3508 νοεῖσθαι,
1444 3444 1492 3496 εἰ
1522 3441 1884 3514 Χριστοτόκος

1991 3441 2197 3505 dicunt,
2221 3455 2288 3495 ne
2321 3438 2712 3509 Christiparam
2742 3440 2961 3511 quidem
2991 3455 3112 3496 esse
3141 3442 3567 3509 compcriemus.

1993 3520 2250 3585 Secus'si
2304 3529 2642 3601 Christipara
2680 3542 2786 3597 est,
2846 3546 2978 3587 sane
3021 3541 3077 3587 et
3127 3532 3383 3602 Deipara.
3434 3533 3569 3589 Cum

1990 3622 2133 3676 enim
2154 3622 2337 3677 unetio
2359 3631 2487 3677 ante
2514 3621 2951 3692 cnniunctionem
2978 3624 3206 3696 cogitari
3230 3640 3338 3680 non
3365 3627 3572 3696 possit,

1992 3715 2036 3766 si
2065 3711 2414 3782 Christlpara
2447 3720 2532 3767 est
2558 3712 2749 3782 Virgo,
2801 3714 3058 3783 intraque
3105 3729 3225 3769 eam
3257 3715 3572 3784 coniunctio

1992 3803 2139 3859 facta
2181 3804 2319 3869 fuit,
2351 3819 2411 3857 ea
2465 3819 2585 3858 cum
2638 3819 2745 3859 non
2790 3806 3064 3860 hominem
3093 3844 3109 3870 ,
3145 3815 3204 3859 ut
3244 3805 3338 3861 isti
3366 3808 3521 3862 aiunt
3554 3846 3572 3873 ,

1993 3896 2086 3950 sed
2117 3895 2332 3949 unitum
2370 3893 2547 3950 Verbo
2570 3894 2847 3950 Christum
2878 3896 3422 3966 pepererit,Deipara
3446 3898 3575 3968 iure

1994 3987 2253 4051 dicetur;
2294 3986 2598 4054 siquidem,
2640 3994 2699 4040 ut
2726 3995 2885 4041 antea
2921 3987 3121 4041 dictum
3163 3997 3289 4053 est,
3333 3987 3402 4043 de
3446 4003 3573 4043 vera

1995 4078 2354 4143 adunatione,
2382 4091 2488 4131 non
2522 4086 2703 4131 autem
2737 4078 2803 4133 de
2849 4077 2939 4131 illa
2994 4093 3116 4148 qua:
3164 4078 3216 4133 in
3249 4080 3459 4135 sanctis
3494 4080 3573 4145 lit,

1994 4169 2311 4237 loquuntur.
2346 4166 2462 4223 Hoc
2494 4178 2674 4222 autem
2704 4168 2959 4235 dicimus,
2989 4169 3114 4239 quia
3148 4168 3263 4225 ﬁeri
3297 4172 3495 4240 nequit
3519 4179 3580 4225 ut

1993 4278 2123 4318 vera
2159 4264 2419 4319 adunatio
2448 4272 2565 4333 post
2612 4264 2954 4320 nativitatem
2997 4265 3229 4321 dicatur.
3286 4263 3394 4320 Nos
3448 4281 3579 4320 vero

272 3541 309 3611 η
350 3538 669 3610 Παρθένος,
711 3537 771 3590 ὲν
800 3536 942 3607 αὐτῇ
1000 3533 1065 3606 δὴ
1111 3532 1510 3606 τῆςνὲνὼσεως
1551 3533 1885 3605 γενομένης,

270 3630 473 3685 οὐκέτι
504 3628 826 3699 ἄνθρωπον,
853 3627 930 3690 ὡς
958 3626 1112 3680 αὐτοί
1151 3642 1338 3695 φασιν,
1366 3623 1483 3678 ἀλλ’
1516 3625 1790 3679 ἐνωθέντσ.
1809 3624 1888 3695 τῷ

274 3719 447 3791 Λόγῳ
469 3719 818 3790 γεννήσασα,
846 3716 1107 3780 Θεοτόκος
1135 3714 1357 3780 δικαίως
1381 3713 1446 3768 ἂν
1468 3714 1703 3783 λέγοιτο·
1728 3714 1781 3767 εί
1800 3732 1886 3784 γε,

278 3810 474 3874 καθὼς
506 3796 828 3882 ἔμπροσθεν
854 3807 1094 3880 εἴρηται,
1124 3805 1221 3878 τὴν
1255 3806 1450 3860 ἒνωσιν
1484 3806 1679 3877 ἀληθῆ,
1702 3807 1799 3859 καὶ
1825 3807 1887 3859 οὐ

282 3899 550 3970 καθάπερ
592 3901 656 3953 ὲν
698 3900 814 3963 τοῖς
854 3896 1032 3966 ἁγίοις
1089 3895 1363 3966 λέγουσιν.
1400 3893 1573 3975 Τοῦτο
1596 3895 1654 3949 δέ
1684 3912 1884 3966 φαμεν,

291 3989 372 4040 ὃτι
402 3990 466 4042 οὐ
493 3986 732 4041 δυνατὸν
763 3986 960 4042 ἕνωσιν
990 3984 1164 4056 ἀληθῆ
1186 3984 1366 4054 λέγειν
1399 3984 1536 4055 μετά
1567 3984 1666 4056 τὴν
1693 3984 1890 4056 γέννη-

306 4091 414 4127 σιν*
450 4079 622 4148 ἡμεῖς
673 4076 732 4129 δὲ
763 4077 867 4129 οὐκ
911 4074 1203 4146 ἄνθρωπον
1253 4073 1373 4146 Θεῷ
1420 4075 1712 4142 ἑνωθέντα,
1753 4074 1892 4128 ἀλλά

307 4165 432 4221 Θεὺν
456 4169 527 4222 τά
554 4167 887 4239 ἀνθρώπινα
918 4166 1361 4239 προσλαϐόμενον
1381 4166 1606 4238 οἴδαμεν
1628 4167 1719 4221 τὸν
1751 4168 1888 4237 Χρι-

304 4259 441 4324 στὸν,
471 4260 627 4329 λέγω
672 4260 739 4332 δὴ
778 4260 961 4329 σῶμα,
1009 4258 1105 4313 καὶ
1128 4259 1333 4330 ψυχὴν,
1383 4260 1474 4313 καὶ
1516 4256 1642 4312 νοῦν
1669 4257 1892 4322 τελείως

297 4353 466 4422 χωρὶς
520 4350 810 4421 ἁμαρτίας
854 4349 1119 4407 ἑνοῦσθαι
1158 4352 1233 4421 τῇ
1288 4347 1421 4420 ἀγίᾳ
1475 4349 1755 4421 Παρθένῳ.
1792 4351 1884 4405 Διά

1998 4370 2101 4409 non
2138 4355 2415 4410 hominem
2470 4354 2580 4410 Deo
2620 4356 2852 4423 unitum,
2885 4355 2980 4411 sed
3027 4355 3194 4410 Deum
3245 4357 3335 4425 qui
3382 4357 3577 4411 huma-
3674 4340 3683 4349 ’

290 4440 453 4495 τοῦτο
488 4443 600 4495 κᾶν
634 4440 927 4513 ἄνθρωπον
957 4440 1199 4512 ἀκούσῃς
1229 4439 1322 4493 τὸν
1353 4439 1588 4510 Χριστὸν
1625 4440 1884 4512 ὀνομαζό-

1998 4447 2219 4502 nitatem
2251 4447 2562 4516 assumpsit,
2599 4448 2690 4518 qui
2719 4458 2936 4517 corpus,
2976 4447 3292 4518 inquam,ct
3337 4449 3576 4502 animum

292 4549 484 4602 μενον,
522 4531 601 4602 μὴ
635 4529 995 4583 ὲπιλανθάνου
1025 4531 1106 4584 ὅτι
1136 4531 1230 4585 καὶ
1270 4530 1402 4595 Θεὸς
1432 4532 1685 4600 γέγονεν⁹
1717 4532 1884 4599 οὕτως

2001 4553 2066 4593 ac
2098 4548 2334 4593 mentem
2367 4538 2606 4609 perfecte
2638 4541 2690 4594 in
2737 4550 2924 4595 sancta
2979 4539 3201 4610 Virgine
3229 4539 3333 4593 sibi
3377 4541 3574 4607 univit,

290 4623 673 4692 ἐπιστάμενος
699 4624 730 4675 6
786 4622 1059 4694 μακάριος
1083 4620 1321 4689 Παῦλος,
1356 4623 1488 4676 ποτὲ
1517 4623 1573 4677 δὲ
1600 4623 1737 4678 Θεὸν
1763 4626 1894 4696 ἐκή-

290 4731 531 4786 ρυττεν·
571 4733 590 4765 ι
627 4714 961 4785 Μνημόνευε
1012 4714 1145 4784 γὰρ,
1181 4714 1367 4783 φησὶν,
1415 4713 1620 4784 Ἰησοῦν
1655 4716 1919 4798 Χριστὸν.

291 4806 686 4878 ἐγηγερμένον
715 4807 781 4859 ὲκ
809 4804 1044 4877 νεκρῶν,
1077 4805 1172 4860 καὶ
1197 4808 1262 4859 ἐκ
1303 4805 1617 4877 σπέρματος
1646 4807 1830 4860 Δαϐίδ.
1866 4826 1885 4860 ι

290 4898 403 4952 Καὶ
432 4897 610 4952 πάλιν
629 4912 647 4927 ⁸
687 4914 706 4948 ι
730 4896 789 4950 '0
818 4897 877 4950 δὲ
898 4897 1033 4960 Θεὸς
1059 4898 1153 4951 καὶ
1181 4897 1276 4951 τὸν
1294 4899 1500 4969 Κύριον
1529 4897 1774 4968 ἤγειρεν,
1799 4898 1896 4951 καὶ

290 4990 443 5060 ἡμᾶς
478 4987 759 5059 ὲξεγείρει
790 4987 879 5043 διὰ
918 4989 1019 5059 τῆς
1052 4988 1338 5058 δυνάμεως
1377 4987 1564 5041 αὐτοῦ.
1593 5007 1612 5039 ι
1650 4987 1895 5053 Ἀκούεις

292 5082 385 5134 τὸν
411 5082 482 5136 ἑκ
509 5080 838 5153 σπέρματος
868 5079 1055 5147 Δασὶδ,
1073 5079 1169 5135 καὶ
1188 5081 1256 5134 ἐκ
1280 5078 1493 5151 νεκρῶν
1519 5070 1894 5151 ἐγηγερμένον

289 5171 485 5241 σαφῶς
515 5170 971 5243 κηρυττόμενονς

362 5438 418 5498 ι’.
450 5439 592 5493 Ὅτε
627 5438 813 5493 τοίνυν
846 5437 1097 5510 ἐναργῶς
1126 5402 1527 5512 ἀποδέδεικται,
1548 5444 1650 5499 οὐκ
1678 5444 1897 5519 ἀνθρω-

287 5550 412 5601 πης,
443 5531 529 5595 ὡς
562 5533 773 5584 ἐκεῖνοι
806 5529 1141 5601 νομίζουσιν,
1172 5530 1288 5585 ἀλλ’
1324 5533 1353 5584 6
1395 5534 1566 5600 ἀΐδιος
1617 5535 1712 5590 τοῦ
1746 5536 1889 5593 Θεοῦ

359 5718 411 5754 ⁸³
443 5718 489 5774 ll
522 5715 676 5773 Tim.
714 5730 775 5780 tr,
806 5713 858 5768 8.
937 5714 982 5747 ⁵³
1010 5713 1052 5768 ll
1071 5713 1199 5769 Cor.
1241 5731 1314 5779 tv,
1345 5715 1433 5771 l6.

703 5808 981 5874 PATROL.
1025 5808 1139 5869 Gn.
1182 5808 1442 5871 LXXVI.

2006 4633 2154 4689 hunc
2187 4634 2468 4688 Christum
2504 4648 2626 4688 esse
2651 4635 2876 4689 scimus.
2912 4635 3202 4700 Propterea
3233 4632 3447 4688 etiamsi
3479 4635 3579 4688 ho-

2002 4725 2201 4779 minem
2235 4721 2476 4778 audieris
2500 4722 2776 4778 Christum
2808 4722 3098 4789 nominari,
3139 4738 3205 4778 ne
3234 4723 3580 4780 obliviscaris

1999 4817 2249 4871 eumdem
2284 4824 2339 4870 et
2366 4816 2536 4893 Deum
2564 4830 2705 4871 esse.
2738 4814 2833 4870 Rei
2858 4815 3024 4885 probe
3053 4816 3304 4870 conscius
3337 4815 3539 4870 Paulus
3561 4855 3579 4880 ,

1998 4907 2157 4963 modo
2186 4907 2360 4976 ipsum
2398 4908 2566 4963 Deum
2591 4908 2962 4979 proclamabat
2992 4924 3005 4960 :
3046 4928 3064 4960 ι
3096 4906 3370 4965 Memento
3393 4909 3567 4974 enim,

2000 4998 2195 5067 inquit,
2225 4994 2410 5053 Jesum
2444 4996 2721 5054 Christum
2770 4997 3092 5053 suscitatum
3141 5013 3207 5053 ex
3243 4999 3499 5063 mortuis,
3527 5007 3585 5054 et

1999 5088 2065 5143 de
2115 5090 2320 5144 semine
2376 5089 2592 5145 Davidis
2647 5089 2851 5163 luf
2885 5099 3062 5145 ortum
3101 5089 3169 5143 ⁸⁸.
3219 5089 3578 5158 Rursusque:

2007 5198 2026 5232 ι
2063 5180 2207 5236 Deus
2241 5189 2422 5236 autem
2448 5182 2540 5250 qui
2574 5180 2861 5237 Dominum
2892 5182 3200 5245 suscitavit,
3233 5196 3335 5236 nos
3366 5194 3582 5250 quoque

2000 5272 2199 5327 virtute
2229 5288 2324 5328 sua
2358 5274 2586 5328 suscitat
2631 5273 2700 5332 η.
2764 5292 2784 5326 ι
2822 5273 3017 5328 Audin‘
3054 5274 3203 5328 illum
3255 5271 3325 5326 de
3368 5272 3581 5328 semine

2002 5361 2246 5428 Davidis,
2278 5371 2333 5418 et
2362 5379 2427 5419 ex
2456 5365 2687 5420 mortuis
2713 5365 3034 5420 suscitatum
3074 5360 3443 5433 proclamari?

2077 5452 2164 5505 10.
2198 5453 2330 5509 Cum
2362 5454 2545 5525 itaque
2586 5455 3015 5510 demonstratum
3048 5453 3329 5508 evidenter
3366 5451 3436 5506 sit
3467 5467 3578 5507 non

2003 5544 2300 5616 hominem,
2333 5555 2393 5601 ut
2425 5546 2511 5602 isti
2540 5555 2753 5618 putant,
2776 5546 2871 5603 sed
2898 5545 3288 5616 sempiternum
3323 5540 3415 5601 Dei
3444 5540 3591 5622 Ver-3

3145 5828 3179 5885 9
