4080 6414
523 329 627 386 367

1519 321 1576 378 S.
1613 321 1889 381 εῖῐιιιιι
1928 319 2399 378 ALEXANDRINI
2437 323 2761 382 ARCHIEP.

3689 328 3797 386 268

526 444 652 498 bum
681 439 1038 495 humanatum
1066 448 1129 491 ex
1170 434 1390 506 Virgine
1420 436 1714 505 prodiisse,
1754 438 2014 490 recedant
2047 434 2101 490 hi

2210 436 2380 504 Λόγος
2406 438 2840 509 ἐνανθρωπήσας
2870 437 3020 492 ἐστὶν
3053 438 3082 491 ό
3125 438 3188 491 ἐκ
3216 436 3312 507 τῆς
3346 435 3630 508 Παρθένου
3656 454 3795 503 προσ

524 536 591 590 ab
622 547 811 589 errore
826 546 944 595 suo,
968 527 1319 586 etJudaicam
1343 527 1614 584 insaniam
1636 529 1910 584 omittant.
1946 547 1965 579 ι
1990 527 2103 584 Nisi

522 626 665 681 enim
694 623 943 679 conversi
980 621 1203 687 fuerint,
1237 619 1479 692 gladium
1518 635 1676 676 suum
1704 620 1973 676 adversus
2003 634 2100 675 eos

521 715 928 788 splendil‘tcabit
960 712 1334 769 Dominus'h
1363 711 1495 767 Nam
1540 712 1684 783 quod
1714 711 1931 768 illorum
1949 710 2102 767 blas-

519 809 792 882 phemiam
842 809 961 863 sine
989 806 1096 862 fine
1132 820 1241 862 non
1272 806 1343 861 sit
1365 805 1697 876 perlaturus,
1713 812 1769 859 et
1795 804 1940 875 quod
1965 819 2105 860 nou-

520 903 625 959 nisi
657 900 1073 973 longnnimitate
1100 914 1196 955 sua
1253 913 1398 955 nunc
1442 897 1610 953 etiam
1666 897 1927 969 patiatur,
1979 897 2105 952 audi

518 992 648 1062 quid
674 1006 771 1062 per
796 992 1012 1046 beatum
1039 990 1362 1061 prophetam
1390 988 1558 1051 dicat,
1581 996 1634 1041 ut
1663 987 1923 1044 ultionem
1947 1002 2102 1043 suam

518 1091 642 1153 post
672 1081 933 1137 toleratos
962 1081 1054 1136 diu
1100 1080 1242 1146 illos,
1300 1079 1391 1149 qui
1433 1080 1485 1134 in
1539 1078 1744 1134 malitia
1784 1092 2102 1149 persevera-

518 1183 667 1242 runt,
700 1174 1036 1230 demonstret
1069 1188 1084 1225 :
1118 1190 1138 1225 ι
1174 1171 1366 1237 'I‘acni,
1412 1171 1626 1243 inquit,
1674 1172 1770 1227 sed
1806 1187 1933 1226 num
1976 1187 2103 1238 per-

516 1277 683 1338 petuo
705 1265 897 1321 tacebo
930 1278 994 1319 ac
1046 1263 1337 1319 tolerabo?
1385 1263 1608 1319 Patiens
1639 1264 1712 1319 fui
1746 1263 2103 1332 parturientis

518 1363 711 1415 instar.
748 1356 902 1412 Nunc
950 1355 1229 1426 dissipabo
1257 1365 1312 1410 et
1351 1355 1645 1412 exsiccabo
1683 1355 1868 1424 simul,
1916 1357 2103 1412 deser-

517 1454 643 1509 taho
676 1460 887 1508 montes
909 1458 964 1505 et
996 1449 1186 1517 colles,
1221 1458 1275 1506 et
1288 1464 1451 1506 omne
1478 1465 1703 1521 gramen
1727 1449 1947 1505 illorum
1976 1465 2101 1504 are-

515 1545 732 1612 faciam,
767 1557 964 1615 ponam
1000 1539 1223 1596 flumina
1260 1541 1313 1595 in
1345 1540 1586 1609 insulas,
1636 1549 1693 1596 et
1734 1540 1957 1612 paludes
2006 1555 2102 1595 ex-

514 1650 767 1693 arescere
808 1633 1003 1690 faciam
1050 1632 1118 1688 “.
1160 1650 1180 1685 ι
1230 1630 1417 1703 Neque
1458 1647 1617 1689 secus
1646 1632 2099 1703 przeclarissimus

528 1725 812 1798 llymnista
842 1723 1078 1779 celerem
1112 1722 1402 1791 impiorum
1442 1722 1743 1793 perniciem
1772 1721 1890 1777 fore
1918 1722 2094 1787 docet,

2210 527 2405 595 ἐλθὼν,
2441 529 3005 599 μεταγινωσκέτωσαν
3027 532 3075 583 οί
3105 529 3539 601 πεπλανημένοι,
3571 531 3667 583 καὶ
3694 529 3797 599 τῆς

2222 620 2518 690 Ἰουδαϊκῆς
2555 620 2742 686 ἀνοίας
2783 621 3136 692 ληγέτωσαν·
3180 639 3199 674 ι
3237 622 3366 675 Ἐἀν
3396 620 3507 691 γὰρ
3555 620 3631 691 μὴ
3676 620 3799 673 ἐπι-

2209 711 2543 784 στραφῶσιν,
2578 712 2677 783 τὴν
2728 714 3008 784 ῥομφαίαν
3060 712 3227 766 αὑτοῦ
3263 712 3384 767 κατ’
3428 712 3612 766 αὐτῶν
3646 712 3798 765 στιλ-

2208 803 2374 857 ϐὡσει
2409 802 2634 874 Κύριος.
2669 821 2688 854 ι
2719 803 2845 857 Ὀτι
2870 801 2980 873 γάρ
2996 804 3097 857 οὐκ
3120 806 3199 869 είς
3224 804 3376 868 τέλος
3408 804 3589 857 αὐτῶν
3610 803 3801 870 ἀνέξε·

2204 913 2296 950 ται
2350 893 2840 967 βλασφημούντων,
2882 896 2977 949 καὶ
3008 896 3097 951 διά
3139 894 3526 971 μακροθυμίαν
3564 895 3646 949 ἔτι
3701 896 3801 949 καὶ

2207 987 2304 1042 νῦν
2342 987 2599 1058 ἀνέχεται
2655 986 3121 1058 βλασφημούντων
3145 1028 3160 1053 ,
3209 987 3376 1043 ἄκουε
3405 987 3458 1040 τι
3507 1004 3674 1059 φησιν
3706 988 3801 1041 διὰ

2205 1079 2299 1134 τοῦ
2332 1081 2608 1153 μακαρίου
2659 1082 2966 1153 προφήτου,
3011 1081 3117 1152 τὴν
3148 1081 3213 1134 ἐκ
3256 1079 3356 1151 τῆς
3409 1080 3606 1150 ἀνοχῆς
3655 1080 3800 1151 πρὸς

2206 1175 2332 1239 τοὺς
2371 1174 2733 1245 ἐπιμένοντας
2772 1176 2839 1244 τῇ
2879 1172 3052 1244 κακία
3106 1171 3458 1244 ἐπαγομένην
3506 1172 3796 1242 ἐκδίκησιν

2203 1268 2378 1339 δηλῶν
2397 1284 2412 1299 θ
2451 1287 2470 1319 ι
2506 1266 2844 1337 Ἑσιώπησα,
2875 1264 3032 1334 φησί·
3064 1263 3141 1335 μὴ
3166 1265 3262 1318 καὶ
3283 1264 3373 1318 ἀεὶ
3410 1264 3793 1335 σιωπήσομαι,

2205 1360 2299 1413 καὶ
2325 1357 2622 1429 ἀνέξομαι;
2658 1358 3043 1429 Ἑκαρτέρησα
3079 1355 3155 1420 ὡς
3182 1358 3216 1427 ή
3261 1356 3528 1409 τίκτουσα
3591 1354 3798 1424 ἐκστήο

2205 1467 2285 1505 σω
2326 1451 2419 1505 καὶ
2451 1448 2671 1520 ξηρανῶ
2705 1448 2843 1519 ἀμα,
2896 1447 2991 1501 καὶ
3041 1445 3321 1518 ἐρημώσω
3357 1445 3460 1516 ὅρη
3506 1445 3603 1498 καὶ
3666 1443 3800 1513 βου-

2204 1543 2348 1607 νοὺς,
2372 1543 2469 1596 καὶ
2495 1542 2674 1596 πάντα
2697 1540 2787 1596 τὸν
2815 1540 3010 1613 χόρτον
3033 1538 3214 1593 αὐτῶν
3241 1536 3463 1609 ξηρανῶ
3482 1552 3495 1565 ’
3519 1537 3612 1590 καὶ
3639 1535 3800 1606 θήσω

2204 1634 2484 1705 ποταμοὺς
2536 1635 2614 1696 είς
2662 1633 2883 1703 νήσους,
2916 1632 3014 1684 καὶ⁵
3044 1629 3142 1700 ἒλη
3188 1629 3428 1700 ξηρανῶ.
3476 1647 3495 1681 ι
3535 1627 3702 1682 Ούδέν
3735 1625 3797 1679 δὲ

2200 1722 2363 1799 ἦττον
2392 1726 2488 1779 καὶ
2514 1726 2543 1779 ὁ
2571 1724 2846 1787 θειότατος
2873 1721 3153 1792 ’Υμνῳδὸς
3190 1722 3412 1791 ταχεῖαν
3442 1718 3552 1772 τῶν
3578 1715 3798 1771 ἀσεϐῶν

513 1796 615 1874 etsi
646 1831 740 1873 eos
774 1815 1055 1886 aliquanto
1097 1823 1342 1885 tempore
1380 1824 1603 1888 propter
1638 1814 1734 1870 Dei
1772 1813 2101 1886 longanimi-

2210 1796 2446 1874 διδάσκει
2478 1816 2576 1887 τὴν
2608 1815 2914 1881 ἀπώλειαν,
2946 1813 3049 1869 κάν
3083 1813 3225 1886 πρὸς
3249 1812 3435 1881 ὀλίγον
3464 1810 3552 1865 διά
3584 1826 3799 1882 μακρο-

515 1920 682 1964 tatem
713 1907 976 1963 valituros
1006 1906 1084 1962 ait
1111 1927 1129 1960 .-
1162 1923 1181 1959 ι
1216 1904 1335 1961 Vidi
1360 1907 1506 1961 enim
1535 1906 1760 1976 impium
1787 1905 2099 1976 superexal-

513 2008 707 2066 latum,
752 2008 806 2054 et
837 1998 1108 2054 elevatum
1137 1995 1278 2051 sicut
1318 1996 1511 2051 cedros
1546 1996 1738 2052 Libani
1778 2012 1791 2048 :
1826 2003 1881 2051 et
1921 2005 2101 2051 trans-

513 2091 611 2161 ivi,
646 2098 703 2147 et
763 2103 893 2145 ecce
930 2103 1037 2143 non
1079 2096 1198 2143 erat
1238 2104 1253 2141 :
1289 2087 1515 2157 quaesivi
1558 2101 1681 2144 eum
1710 2126 1726 2154 ,
1769 2095 1826 2144 et
1861 2100 1970 2142 non
2014 2095 2101 2151 est

512 2184 765 2239 inventus
796 2180 949 2239 locus
980 2180 1098 2251 eius
1129 2181 1196 2234 ".
1243 2200 1264 2234 ι

586 2275 676 2329 Η.
712 2273 839 2330 Ηιεε
866 2273 1011 2328 enim
1058 2281 1114 2328 et
1162 2271 1267 2328 alia
1323 2270 1633 2342 huiusmodi
1686 2271 1996 2327 communia
2036 2271 2104 2327 iis

513 2367 769 2423 omnibus
794 2375 943 2431 sunt,
972 2365 1068 2437 qui
1126 2374 1288 2419 recta:
1330 2364 1463 2419 ﬁdei
1504 2365 1816 2435 dispergere
1855 2363 2105 2418 nituntur

513 2457 677 2525 ovile,
706 2454 869 2513 sicuti
902 2464 960 2511 et
1008 2453 1395 2525 praedictarum
1442 2453 1725 2508 haereseon
1776 2453 1962 2517 exitus
2009 2468 2103 2509 os-

513 2550 709 2607 tendit.
742 2547 880 2614 Quid
903 2546 1051 2601 enim
1080 2546 1312 2616 profecit
1356 2544 1473 2600 Arii
1527 2545 1677 2616 impii
1723 2544 1921 2601 error?
1963 2544 2104 2612 Quid

516 2640 795 2708 Eunomii,
822 2647 878 2695 et
910 2639 1124 2694 illorum
1156 2637 1248 2708 qni
1281 2638 1335 2693 in
1380 2646 1632 2693 sanctum
1665 2635 1930 2707 Spiritum
1959 2637 2107 2691 hlas—

515 2733 865 2805 phemarunt,
892 2740 949 2787 et
1010 2728 1164 2785 Pauli
1220 2729 1646 2794 Samosatensis,
1683 2738 1740 2785 et
1776 2728 2107 2801 Apollinaris

518 2823 729 2880 insania
756 2823 781 2877 ?
808 2822 1019 2894 Quippe
1048 2821 1104 2876 bi
1138 2835 1331 2877 omnes
1358 2830 1414 2877 et
1457 2822 1513 2876 in
1554 2822 1817 2893 prazsenti
1853 2822 2107 2893 turpissi-

519 2932 668 2972 mum
698 2916 858 2970 tinem
887 2914 1034 2969 nacti
1083 2922 1234 2977 sunt,
1284 2921 1448 2984 atque
1501 2913 1895 2969 ecclesiasticis
1930 2915 2104 2984 septis

521 3011 680 3083 ejecti
714 3010 970 3075 fuerunt,
998 3017 1054 3063 et
1084 3018 1238 3063 extra
1284 3008 1564 3062 caelestem
1614 3005 2106 3077 primogenitorum

2204 1909 2407 1981 θυμίαν
2439 1907 2575 1961 Θεοῦ
2620 1905 2915 1978 ίσχύσωσιν
2940 1922 2954 1936 ’
3006 1925 3027 1958 ι
3068 1906 3206 1959 Ἰδον
3238 1903 3362 1975 ,γὰρ
3409 1901 3587 1972 ἀσεϐῆ
3620 1902 3798 1971 ὕπερ-

2208 2000 2344 2069 υψού
2356 2018 2538 2071 μενον,
2572 2000 2666 2053 καὶ
2692 2000 3056 2071 ἐπαιρόμενον
3083 1998 3160 2062 ὡς
3189 1998 3289 2062 τάς
3310 1996 3536 2068 κέδρους
3567 1993 3661 2048 τοῦ
3698 1994 3800 2048 Λι-

2205 2093 2371 2147 ϐάνου
2392 2109 2406 2123 ο
2439 2094 2535 2147 καὶ⁵
2554 2091 2857 2163 παρῆλθον,
2890 2090 2987 2146 καὶ
3021 2089 3130 2143 ἰδοὺ
3158 2090 3259 2143 οὐκ
3290 2082 3391 2159 ἦν’
3424 2087 3519 2139 καὶ
3547 2085 3801 2156 ἐζήτησα

2204 2184 2391 2250 αὑτὸν,
2420 2186 2516 2239 καὶ
2536 2185 2634 2255 ούχ
2665 2184 2869 2255 εὑρέθη
2890 2186 2919 2239 ὁ
2946 2184 3111 2248 τόπος
3141 2179 3330 2235 αὐτοῦ.
3362 2198 3384 2232 ι

2278 2284 2369 2334 ια’.
2394 2277 2577 2332 Ταῦτα
2598 2278 2708 2348 γάρ
2737 2277 2833 2332 καὶ
2855 2277 2925 2331 τά
2949 2275 3176 2330 τοιαῦτα
3197 2272 3355 2327 κοινά
3383 2271 3601 2326 πάντων
3623 2270 3801 2329 ἐστὶν,

2204 2370 2320 2423 ὅσοι
2348 2369 2472 2441 ,τῆς
2522 2369 2808 2433 εὐσεϐείας
2864 2366 3276 2440 διασκορπίζειν
3329 2361 3675 2435 ἐπιχειροῦσι
3737 2361 3808 2412 τὸ

2208 2463 2480 2534 ποίμνιον,
2510 2460 2703 2533 ὥσπερ
2750 2456 2846 2515 οὖν
2877 2461 2975 2515 καὶ
3028 2459 3138 2513 τῶν
3180 2455 3595 2530 προειρημένων
3643 2452 3808 2525 αἱρέ-

2209 2571 2348 2608 σεων
2376 2553 2438 2609 τὸ
2463 2554 2617 2617 τέλος
2651 2552 2949 2617 ἐπέδειξεν.
2986 2550 3053 2605 Τί
3084 2550 3194 2623 γάρ
3220 2548 3431 2620 ὤνησεν
3456 2548 3555 2618 τῆς
3583 2546 3803 2617 Ἀρείου

2209 2645 2528 2710 δυσσεϐείας
2557 2647 2592 2717 ή
2627 2644 2840 2717 πλάνης
2897 2643 2950 2700 τί
2991 2643 3048 2698 δὲ
3070 2645 3104 2713 ή
3140 2640 3434 2712 Εὑνομίου,
3470 2638 3565 2693 καὶ⁸
3598 2637 3710 2691 τῶν
3740 2637 3810 2690 τὸ

2209 2738 2438 2810 Πνεῦμα
2468 2738 2529 2793 τὸ
2571 2737 2726 2807 ἅγιον
2758 2735 3225 2808 βλασφημούντων
3246 2776 3262 2801 ,
3299 2733 3393 2786 καὶ
3420 2731 3514 2786 τού
3546 2731 3809 2801 Σαμοσαο

2207 2832 2345 2899 τέως
2395 2830 2631 2895 Παύλου,
2662 2830 2758 2883 καὶ
2793 2827 2889 2882 τοῦ
2935 2826 3281 2897 καλουμένου
3331 2822 3710 2893 Ἀπολιναρίου
3765 2822 3803 2890 ἡ

2211 2922 2611 2996 παραφροσύνη
2636 2940 2651 2989 ;
2679 2921 2888 2984 Πάντες
2923 2919 3034 2990 γάρ
3057 2914 3206 2973 οὗτοι
3239 2916 3335 2970 καὶ
3364 2917 3423 2969 ἐν
3452 2914 3531 2985 τῷ
3563 2913 3813 2985 παρόντι

2212 3016 2580 3071 ἐπονείδιστον
2602 3013 2757 3077 τέλος
2797 3012 3125 3083 ἐσχήκασιν,
3155 3009 3251 3064 καὶ
3279 3006 3388 3062 τῶν
3417 3006 3815 3079 ἐκκλησιαστι-

520 3102 820 3159 Ecclesiam
850 3097 1204 3171 projicientur
1230 3113 1246 3164 ;
1273 3095 1438 3153 deleti
1471 3106 1601 3152 sunt
1639 3096 1705 3151 de
1740 3096 1885 3152 libro
1915 3099 2103 3153 viven-

2214 3110 2326 3166 κῶν
2382 3106 2685 3180 περιϐόλων
2720 3103 3061 3173 ἐξώσθησαν,
3093 3102 3188 3157 καὶ
3232 3101 3331 3172 τῆς
3373 3101 3432 3153 ἐν
3462 3100 3708 3170 οὐρανοῖς
3744 3099 3815 3153 δὲ

522 3196 656 3250 tium
684 3191 751 3259 “,
796 3199 852 3247 et
891 3204 1014 3246 cum
1064 3188 1229 3257 justis
1282 3204 1391 3244 non
1440 3189 1773 3244 scribentur.
1820 3186 1965 3243 Idem
2011 3189 2112 3245 hos

521 3298 741 3357 quoque
774 3289 958 3338 manet
1003 3281 1168 3347 (iiiis;
1219 3280 1325 3336 nisi
1382 3280 1525 3335 forte
1581 3280 1768 3335 statim
1816 3281 2109 3335 amentiam

524 3391 677 3433 suam
706 3380 1067 3446 agnoscentes
1099 3409 1114 3437 ,
1170 3370 1301 3426 illuc
1358 3370 1505 3426 unde
1551 3370 1874 3427 exciderunt
1911 3371 2111 3427 reverti

408 3476 417 3481 ’
527 3467 857 3540 satcgerint,
901 3466 937 3520 ii
973 3463 1282 3536 praesertim
1321 3462 1415 3533 qui
1459 3477 1752 3534 pravarum
1792 3464 2111 3536 Opinionum

526 3569 779 3615 auctores
810 3554 973 3627 primi
1031 3555 1389 3611 exstiterunt.
1431 3554 1672 3611 Audient
1715 3557 1862 3611 enim
1914 3571 2111 3627 prope-

527 3650 746 3707 modum
782 3648 978 3703 horum
1009 3645 1208 3717 singuli
1244 3645 1514 3703 dicentem
1549 3646 1653 3703 sibi
1699 3647 2055 3703 Servatorem
2088 3664 2101 3700 :

532 3762 552 3796 ι
597 3738 1064 3810 Quemadmodum
1098 3736 1481 3794 vestimentum
1529 3752 1726 3795 cruore
1766 3738 2110 3809 inquinatum

527 3849 634 3889 non
666 3830 1042 3898 mundabitur,
1094 3828 1175 3885 sic
1221 3843 1292 3884 ne
1339 3838 1393 3884 tu
1439 3829 1659 3900 quidem
1691 3830 1927 3887 mundus
1952 3831 2108 3900 eris;

525 3925 653 3999 quia
686 3923 960 3994 regionem
989 3936 1166 3977 meam
1192 3922 1438 3989 vastasti,
1463 3921 1720 3993 populum
1750 3938 1931 3980 meum
1970 3925 2114 3981 occi-

523 4014 674 4079 disti,
730 4028 836 4067 non
890 4011 1236 4081 permanebis
1287 4010 1342 4065 in
1394 4020 1663 4067 aeternum
1705 4023 1918 4085 tempus
1949 4014 2017 4071 “.
2084 4034 2104 4069 ι

522 4104 633 4162 Nos
663 4118 793 4161 vero
830 4104 920 4174 qui
948 4102 1106 4157 tidem
1139 4110 1383 4158 nostram
1432 4117 1597 4175 super
1643 4105 1906 4162 immobili
1952 4113 2108 4179 petra

523 4197 773 4253 stabilem
801 4194 1211 4261 mdilicnvimus,
1262 4194 1331 4250 ad
1365 4196 1523 4250 linem
1561 4212 1733 4268 usque
1780 4199 2112 4271 religiosita-

526 4300 631 4345 tem
663 4301 846 4343 veram
876 4300 1261 4341 conservemus
1282 4324 1300 4354 ,
1338 4284 1645 4341 nullatenus
1683 4286 1752 4342 ab
1779 4290 2109 4345 adversariis

525 4379 757 4443 turbati,
809 4378 904 4434 sed
953 4391 1082 4449 erga
1143 4377 1434 4433 Dominum
1488 4377 1855 4446 charitatem,
1891 4380 2108 4438 invicta:

2212 3202 2323 3261 τῶν
2371 3199 2733 3273 πρωτοτόκων
2769 3194 3096 3267 Ἑκκλησίας
3145 3192 3253 3257 ἐξω
3294 3192 3617 3264 ριφήσονται
3643 3206 3657 3220 ·
3707 3189 3813 3255 ἐξ·

2212 3293 2551 3366 ηλείφθησαν
2574 3291 2688 3362 γὰρ
2716 3290 2782 3342 ἐκ
2806 3287 2991 3360 βίϐλου
3015 3285 3257 3353 ζώντων,
3289 3286 3383 3339 καὶ
3413 3284 3551 3356 μετά
3574 3283 3815 3338 δικαίων

2211 3388 2311 3440 ούκ
2331 3384 2799 3455 ἐγγραφήσονται.
2825 3379 2899 3434 Τὸ
2919 3377 2977 3431 δέ
3005 3377 3137 3431 αὐτὸ
3161 3376 3255 3431 καὶ
3282 3375 3504 3439 τούτους
3524 3374 3775 3441 ἐκδέξετα
3795 3397 3816 3429 ι

2211 3475 2385 3541 τέλος,
2413 3475 2462 3527 εί
2495 3471 2569 3543 μὴ
2600 3471 2711 3543 ἀρα
2742 3470 2937 3523 θᾶττον
2964 3466 3065 3538 τῆς
3108 3466 3293 3529 ἀνοίας
3320 3465 3576 3528 λαϐόντες
3602 3463 3813 3533 αἴσθη-

2214 3583 2321 3631 σιν,
2348 3562 2667 3618 ἐπανελθεῖν
2694 3559 2816 3616 ὅθεν
2845 3559 3113 3625 ἐξέπεσαν
3142 3557 3539 3622 σπουδάσωσιν,
3566 3554 3658 3608 καὶ
3691 3556 3815 3625 μά-

2211 3659 2370 3713 λιστα
2402 3658 2527 3719 τοὺς
2560 3653 2838 3726 ἀρχηγοὺς
2866 3651 2967 3722 τῆς
2989 3647 3407 3719 κακοφροσύνης
3434 3645 3765 3718 γενομένους
3792 3664 3810 3678 ο

2211 3747 2537 3804 ἀκούσονται
2560 3745 2670 3816 γὰρ
2704 3743 2991 3815 μονονουχὶ
3028 3740 3125 3795 καὶ
3154 3740 3362 3794 τούτων
3388 3738 3622 3813 ἕκαστος
3648 3737 3815 3807 παρά

2209 3841 2305 3897 τοῦ
2361 3840 2646 3912 Σωτῆρος·
2694 3854 2713 3889 ι
2741 3838 2838 3890 ‘Ov
2868 3834 3073 3906 τρόπον
3126 3833 3340 3903 ἱμάτιον
3368 3832 3426 3887 ἐν
3454 3830 3654 3900 αἵματι
3706 3848 3807 3883 πε-

2212 3933 2489 4006 φυρμένον
2523 3933 2629 3985 οὐκ
2678 3929 2833 3984 ἐσται
2889 3924 3152 3998 καθαρὸν,
3201 3923 3376 3989 οὕτως
3411 3923 3533 3977 ούδέ
3583 3923 3648 3976 σὺ
3699 3921 3816 3994 ἐστι

2210 4026 2478 4096 καθαρόςο
2514 4022 2651 4078 διότι
2683 4022 2782 4094 τὴν
2811 4022 2914 4091 γῆν
2949 4037 3051 4092 μου
3083 4016 3394 4080 ἀπώλεσας,
3423 4015 3519 4069 καὶ
3547 4014 3637 4068 τὸν
3665 4014 3813 4069 λαόν

2214 4137 2317 4192 μου
2351 4118 2714 4179 ἀπέκτεινας·
2761 4114 2823 4167 ού
2874 4112 2951 4185 μὴ
2986 4110 3175 4182 μείνῃς
3205 4110 3286 4173 είς
3328 4108 3421 4185 τὸν
3460 4106 3630 4161 αἰῶνα
3669 4107 3817 4178 χρόα

2211 4228 2324 4268 νον.
2355 4229 2375 4264 ι
2412 4211 2607 4281 Ἡμεῖς
2628 4209 2686 4263 δέ
2734 4207 2784 4261 oi
2806 4205 2904 4277 τὴν
2923 4202 3134 4262 ἑαυτῶν
3163 4201 3346 4256 πίστιν
3359 4201 3452 4254 ἐπὶ
3468 4200 3565 4271 τήν
3579 4200 3813 4271 ἀρραγῆ

2213 4302 2423 4372 πέτραν
2469 4299 2931 4371 οἰκοδομήσαντες
2967 4296 3216 4369 βεϐαίαν,
3269 4294 3433 4367 μέχρι
3476 4293 3665 4357 τέλους
3699 4293 3814 4366 τὴν

2206 4391 2495 4446 εὐσέϐειαν
2523 4390 2980 4461 διαφυλάξωμεν,
3019 4388 3286 4462 μηδαμῶς
3328 4388 3437 4441 ὑπὸ
3484 4386 3593 4441 τῶν
3642 4388 3814 4441 ἐναν-

522 4454 816 4529 armatura:
845 4470 1330 4536 instarhabentes,
1362 4470 1417 4524 in
1467 4470 1585 4539 ipso
1642 4485 1860 4543 semper
1905 4470 2103 4544 glorie-

2211 4485 2342 4539 τίων
2377 4454 2788 4555 θορυϐούμενοι,
2812 4454 2950 4537 ἀλλά
2967 4454 3184 4554 ἐιέ
3198 4480 3290 4535 τὸν
3324 4478 3540 4552 Κύριον·
3572 4479 3816 4549 ἀγάπην

522 4579 664 4631 mur,
681 4564 957 4634 propheta:
974 4564 1139 4618 verba
1164 4561 1547 4629 decantantes,
1570 4572 1625 4618 et
1654 4563 2101 4621 adversariorum

520 4656 912 4729 ignobilitatem
936 4654 1264 4709 irridentes:
1307 4672 1325 4705 ι
1357 4652 1647 4709 Nobiscum
1677 4654 1839 4711 Deus.
1870 4653 2099 4724 Scitote,

519 4748 725 4820 populi,
761 4756 817 4803 et
843 4745 1263 4817 deprimamini;
1291 4747 1384 4818 qui
1416 4747 1664 4803 valuistis
1686 4787 1702 4813 ,
1749 4757 1942 4819 postea
1970 4753 2103 4808 estis

427 4835 435 4910 ξ
518 4839 761 4910 depressi
792 4857 805 4893 :
841 4845 896 4893 et
931 4839 976 4893 si
1015 4838 1213 4894 iterum
1246 4838 1733 4909 valueritis,a3que
1759 4840 2052 4898 vincemini
2082 4860 2097 4911 ;

518 4940 573 4983 et
603 4931 647 4983 si
673 4928 802 4997 quid
830 4926 1266 4982 deliberaveritis
1289 4967 1303 4993 ,
1336 4928 1632 4984 consilium
1663 4939 1906 4985 vestrum
1937 4932 2100 4989 dissi-

520 5019 666 5091 pabit
701 5018 993 5086 Dominus;
1037 5026 1092 5072 et
1138 5033 1299 5087 quem
1332 5033 1639 5075 sermonem
1683 5022 2002 5093 loquemini,
2061 5025 2105 5081 is

518 5110 658 5181 apud
707 5125 804 5165 vos
846 5123 954 5163 non
997 5108 1337 5177 permanebit
1374 5127 1390 5179 ;
1447 5111 1575 5181 quia
1619 5113 1761 5172 Deus
1808 5116 2092 5173 nobiscum

518 5213 602 5258 est
630 5203 696 5258 ".
738 5222 756 5257 ι

592 5298 678 5352 ιε.
710 5295 819 5353 Sed
851 5308 1001 5361 ecce,
1040 5297 1093 5351 hi
1128 5296 1337 5363 dicunt,
1366 5298 1655 5370 Apostolus
1685 5313 1873 5371 aperte
1917 5305 2092 5372 ipsum

520 5387 795 5443 hominem
829 5385 1140 5441 confitetur.
1191 5384 1441 5458 Namque
1473 5390 1539 5444 ad
1572 5388 1918 5449 Timotheum
1950 5397 2091 5451 scri-

517 5479 652 5534 bens
686 5478 765 5534 sic
793 5477 869 5531 ait
892 5491 917 5535 a
945 5492 963 5526 ι
1004 5473 1175 5532 llomo
1202 5475 1455 5536 Christus
1481 5478 1641 5539 Jesus
1663 5483 1731 5543 “.
1775 5502 1795 5537 ο
1828 5484 1944 5542 Hoc
1966 5488 2096 5545 dum

583 5658 627 5735 ξι
664 5657 804 5711 [’sal.
834 5658 1047 5735 πίῃ-1⁸5.
1097 5658 1197 5735 __‘_‘
1223 5659 1342 5735 __l‘s_a.
1369 5677 1502 5727 xm,
1550 5665 1634 5735 14,
1670 5668 1756 5724 15.

519 5730 564 5761 ⁸⁵
591 5727 691 5783 lsa.
726 5740 843 5792 vttt,
868 5727 1018 5785 8-10.
1095 5727 1138 5759 "
1170 5731 1187 5783 Ι
1222 5730 1361 5785 'l‘im.
1396 5750 1456 5799 ll,

1873 5672 1916 5702 ⁶²
1946 5670 2088 5728 Psal.
2125 5688 2310 5741 xxxvr,
2339 5676 2428 5743 55,
2464 5676 2553 5733 36.

2212 4575 2377 4630 ὅπλον
2433 4574 2691 4646 ἀνίκητον
2734 4573 2975 4645 ἔχοντες,
3033 4575 3092 4628 ἐν
3140 4571 3291 4643 αύτῷ
3341 4567 3683 4658 καθχιῖψεθα
3715 4570 3817 4623 διὰ

2213 4668 2454 4733 παντὸς,
2497 4666 2749 4737 λέγοντες
2798 4666 2868 4722 τά
2923 4665 3018 4720 τοῦ
3052 4666 3333 4738 προφήτου
3389 4664 3649 4736 ῥήματα,
3706 4664 3815 4716 καὶ

2212 4760 2480 4835 γελῶντες
2541 4758 2651 4812 τῶν
2710 4759 2970 4813 ἐναντίων
3025 4756 3124 4828 τήν
3209 4756 3524 4810 εὐτέλειαν
3582 4774 3601 4807 ι
3658 4754 3812 4809 Μεθ’

2211 4852 2370 4923 ἡμῶν
2394 4854 2423 4905 ὁ
2451 4850 2584 4913 Θεός
2604 4867 2618 4882 ·
2651 4849 2846 4918 γνῶτε,
2888 4848 3039 4919 ἔθνη,
3086 4847 3181 4902 καὶ
3214 4846 3472 4919 ήττᾶσθε,
3516 4845 3813 4915 ίσχυκότες

2211 4944 2445 5015 ἡττᾶσθε
2470 4960 2483 4973 ·
2521 4941 2617 4996 ἐὰν
2650 4942 2759 5012 γάρ
2802 4941 2965 4996 πάλιν
3007 4939 3297 5011 ίσχύσητε,
3343 4936 3507 4992 πάλιν
3554 4935 3817 5008 ἡττηθή-

2215 5034 2407 5090 σεσθε·
2465 5033 2559 5089 καὶ
2626 5033 2721 5088 ἐὰν
2758 5031 3150 5104 βουλεύσησθε,
3211 5028 3405 5101 βουλὴν
3449 5025 3816 5083 διασκεδάσει

2212 5127 2449 5198 Κύριοςο
2478 5127 2572 5180 καὶ
2606 5128 2762 5195 λόγον
2796 5127 2855 5180 ὃν
2882 5126 2976 5180 ἐάν
3008 5125 3304 5196 λαλήσητε,
3346 5123 3406 5176 ού
3451 5121 3528 5193 μὴ
3558 5120 3821 5194 ἐμμείνῃ

2211 5219 2271 5272 ἐν
2307 5220 2435 5290 ύμῖν
2458 5236 2470 5250 ·
2500 5219 2583 5272 ὅτι
2616 5219 2733 5289 μεθ’
2770 5217 2930 5289 ήμῶν
2958 5217 3162 5289 Κύριος
3187 5218 3217 5270 ὁ
3244 5215 3399 5279 Θεός.
3440 5232 3459 5265 ι
3528 5200 3539 5205 ’

2288 5309 2374 5380 ιβ’.
2424 5311 2563 5364 Ἀλλ’
2589 5311 2721 5374 ἰδοὺ,
2756 5310 2945 5381 φασιν,
2978 5312 3006 5365 ὁ
3046 5308 3367 5372 Ἀπόστολος
3412 5303 3667 5376 φανερῶς
3696 5303 3818 5356 αὐ-

2211 5401 2303 5455 τὸν
2330 5402 2616 5474 ἄνθρωπον
2646 5402 3025 5474 ὡμολόγησεν.
3053 5399 3305 5471 Τιμοθέῳ
3333 5398 3443 5470 γάρ
3462 5394 3816 5450 ἐπιστέλλων

2211 5491 2354 5548 οὕτω
2380 5494 2563 5567 φησίν
2608 5513 2627 5546 ι
2655 5492 2978 5565 Ἀνθρωπος
3019 5492 3256 5565 Χριστὸς
3300 5487 3531 5563 Ἰησοῦς.
3570 5506 3588 5540 ι
3622 5485 3820 5543 Τοῦτο

2663 5678 2710 5711 ⁸³
2733 5677 2880 5735 Psal.
2908 5692 3102 5746 vam,
3135 5675 3231 5732 29.
3341 5673 3386 5708 “
3414 5627 3665 5732 Ιεοῗιιν,
3703 5669 3815 5728 19.
