4080 6436
316 339 437 396 269

1441 333 1632 403 QUOD
1675 335 1736 393 Β.
1773 333 1996 390 MARIA
2037 332 2147 390 SIT
2185 331 2505 389 DEIPARA.

3497 338 3607 395 2'70

313 456 378 519 δὲ
423 451 697 521 λέγοντες,
728 449 841 505 τῶν
888 449 1300 522 ἀκεραιοτέρων
1330 448 1581 505 δοκοῦσιν
1626 450 1919 522 ταράττειν

2027 448 2194 515 alunt,
2231 447 2630 519 simpliciorum
2663 449 2919 505 ridentur
2944 457 3186 505 mentem
3221 450 3468 506 turbare.
3499 453 3606 508 Sed

311 544 412 599 τὸν
452 543 615 599 νοῦν·
646 543 698 595 εί
745 542 858 613 γάρ
886 559 972 608 τις
1006 544 1246 607 συνετῶς
1289 542 1369 614 τῷ
1416 541 1766 614 ἀποστολικῷ
1800 545 1927 596 ἐπι-

312 635 510 691 ϐάλλει
557 633 732 707 ῥητῷ,
807 636 876 688 ὲκ
926 634 1120 689 τούτου
1174 634 1411 706 μάλιστα
1464 634 1559 689 τοῦ
1609 632 1778 705 ῥητοῦ
1826 633 1925 705 τῆς

313 727 586 790 ἀσεϐείας
646 725 832 780 αὐτῶν
879 726 1345 797 καταψηφίσεται.
1409 724 1576 778 Ἀλλά
1630 723 1704 795 μὴ
1751 722 1925 787 οὕτως

318 816 852 891 ἀκρωτηριάζωμεν
900 815 1003 889 τὴν
1053 816 1228 882 λέξιν,
1263 816 1381 871 ἀλλ’
1423 815 1606 885 ὀλίγον
1657 813 1773 868 τῶν
1822 813 1925 885 ἐμ-

326 908 565 982 προσθεν
586 906 1047 979 ἐπιμνησθέντες,
1070 908 1241 980 ὀρθὴν
1268 908 1369 978 τῆς
1396 905 1709 977 οἰκονομίας
1733 904 1922 959 ἐντεῦ-

326 1004 415 1056 θεν
440 1001 547 1072 τὴν
578 999 880 1072 ὁμολογίαν
911 1000 1105 1071 νοῆσαι
1136 999 1508 1072 δυνησόμεθα.
1540 998 1605 1052 Τί
1635 993 1729 1053 οὖν
1758 1012 1925 1067 φησιν

322 1094 353 1146 ὁ
375 1091 656 1163 μακάριος
679 1087 930 1156 Παῦλος;
966 1108 984 1140 ι
1012 1083 1106 1154 Εἷς
1127 1089 1281 1153 Θεὸς,
1304 1108 1324 1142 ι
1353 1090 1519 1160 φησὶν
1540 1087 1784 1159 περὶτοῦ
1812 1088 1925 1141 Πα⁶

323 1186 475 1258 τρὸς·
507 1184 611 1238 καὶ
641 1185 753 1257 εἴη·
772 1184 904 1256 περὶ
928 1184 1025 1239 τοῦ
1050 1183 1202 1238 Υίοῦ·
1228 1202 1249 1235 ι
1274 1178 1372 1248 Εἷς
1401 1183 1498 1238 καὶ
1521 1183 1767 1254 Μεσίτης
1787 1182 1924 1236 Θεοῦ

322 1277 416 1330 καὶ
441 1273 785 1347 ἀνθρώπων.
813 1293 832 1326 ι
863 1273 925 1328 Et
957 1274 1088 1345 γὰρ,
1119 1275 1304 1345 φησὶν,
1339 1276 1435 1328 καὶ
1464 1274 1686 1342 γέγονεν
1714 1272 1927 1344 ἄνθρω-

322 1384 443 1432 τως,
476 1366 600 1422 ἀλλ’
629 1367 696 1419 οὐ
730 1364 820 1420 διὰ
865 1365 1026 1419 τοῦτο
1062 1365 1158 1419 δύο
1190 1365 1358 1419 αὐτὸν
1411 1363 1742 1419 ὑποπτεύειν
1773 1364 1925 1434 ὀφεί-

315 1459 521 1530 λομεν·
559 1457 763 1529 ὥσπερ
802 1457 912 1530 γὰρ
950 1456 1086 1520 Θεὸς
1138 1452 1208 1528 ἦν
1252 1457 1363 1529 πρὸ
1391 1456 1496 1528 τῆς
1542 1457 1845 1527 ἐπιδημίας
1891 1457 1924 1510 ὁ

316 1548 518 1617 Λόγος,
551 1547 706 1602 οὕτω
741 1547 838 1601 καὶ
866 1546 1157 1618 γενόμενος
1184 1546 1492 1619 ἄνθρωπος,
1521 1548 1619 1601 καὶ¹
1668 1545 1923 1617 μεσιτεύ-

319 1652 419 1700 σας
441 1635 541 1689 καὶ
569 1637 640 1705 τῇ
663 1633 957 1706 ἀνθρώπου
990 1633 1175 1705 φύσει,
1207 1631 1288 1697 εἷς
1311 1635 1473 1690 πάλιν
1487 1636 1635 1688 ἐστίν
1653 1650 1668 1666 ο
1700 1635 1790 1690 διὰ
1814 1636 1925 1705 γὰρ

321 1726 477 1781 τοῦτο
500 1725 760 1798 Μεσίτην
787 1725 951 1780 αὐτὸν
974 1726 1164 1797 εἴρηκε
1195 1724 1334 1778 Θεοῦ
1369 1726 1464 1778 καὶ
1489 1722 1817 1796 ἀνθρώπων,
1844 1723 1923 1788 ὡς

2027 540 2172 596 enim
2208 541 2253 596 si
2284 540 2408 610 quis
2441 539 2668 596 cordate
2710 541 3068 611 apostolicum
3119 543 3322 598 dictum
3357 546 3607 599 conside-

2027 641 2135 696 ret,
2167 633 2219 687 vi
2244 633 2411 701 hujus
2431 635 2671 690 maxime
2699 634 2851 699 dieti,
2890 636 3354 707 irreligiositatem
3388 637 3605 694 illorum

2027 726 2333 781 damnabit.
2369 725 2625 782 Profecto
2668 727 2812 782 haud
2845 728 2960 783 haec
2990 730 3149 784 nobis
3189 728 3395 785 locutio
3439 729 3610 786 veluti

2028 816 2218 872 mutila
2250 816 2568 887 accipienda
2599 817 2681 873 sic
2703 827 2810 882 est,
2844 818 2939 873 sed
2968 817 3129 888 paulo
3158 826 3307 874 retro
3334 819 3609 875 dictorum

2027 909 2096 965 ab
2123 908 2391 980 Apostolo
2425 923 2727 975 memores,
2782 917 2990 965 rectam
3033 909 3161 966 inde
3209 911 3612 966 incarnationis

2025 998 2430 1057 confessionem
2459 1000 2761 1069 intelligere
2791 997 2999 1053 licebit.
3036 997 3177 1064 Quid
3204 1012 3333 1068 ergo
3376 998 3452 1051 ait
3483 999 3603 1052 bea-

2025 1100 2114 1143 tus
2145 1088 2388 1145 Paulus?
2427 1107 2444 1141 t
2471 1088 2629 1144 Unus
2655 1090 2820 1155 Deus,
2860 1108 2879 1142 ι
2915 1089 3096 1159 inquit
3126 1089 3192 1143 de
3230 1087 3434 1155 Patre;
3467 1097 3608 1142 esto.

2027 1177 2102 1234 De
2120 1177 2260 1233 Filio
2293 1196 2307 1232 :
2343 1198 2363 1231 ι
2391 1178 2541 1236 Unus
2566 1188 2620 1234 et
2653 1180 2925 1235 Mediator
2952 1178 3048 1234 Dei
3072 1188 3129 1234 et
3159 1178 3440 1233 hominum
3470 1177 3541 1232 "’.
3587 1198 3605 1228 ι

2029 1267 2146 1323 Etsi
2190 1268 2357 1333 enim,
2408 1268 2607 1334 inquit,
2659 1268 2839 1324 factus
2883 1276 2967 1325 est
3003 1268 3208 1333 homo,
3272 1283 3380 1323 non
3431 1275 3612 1322 tamen

2028 1359 2238 1415 idcirco
2279 1362 2417 1415 duos
2465 1360 2640 1430 ipsum
2699 1360 2970 1430 suspicari
3039 1361 3322 1416 debemus.
3369 1359 3616 1428 Namque

2027 1451 2103 1507 uti
2131 1459 2252 1507 erat
2285 1459 2412 1506 ante
2444 1467 2605 1507 suum
2638 1453 2930 1508 adventum
2962 1451 3204 1508 Verbum
3241 1451 3384 1508 Deus
3407 1492 3423 1518 ,
3450 1452 3532 1508 sic
3560 1463 3614 1506 et

2026 1545 2193 1600 homo
2220 1543 2419 1608 factus,
2445 1554 2500 1600 et
2533 1546 2785 1600 humnt
2812 1553 3019 1600 natura;
3045 1544 3439 1612 interveniens,
3471 1560 3613 1598 unus

2026 1641 2205 1694 adhuc
2228 1649 2338 1696 est.
2371 1640 2497 1695 Ideo
2527 1639 2884 1696 Mediatorem
2922 1639 3103 1709 ipsum
3126 1639 3220 1693 Dei
3252 1646 3307 1694 et
3334 1631 3613 1695 hominum

2027 1732 2183 1797 dixit,
2237 1732 2363 1800 quia
2405 1748 2473 1787 ex
2523 1743 2758 1802 utraque
2808 1731 3113 1789 substantia
3160 1746 3298 1786 unus
3330 1740 3434 1787 est.
3471 1727 3608 1784 Nam

326 1819 383 1885 ἐξ
408 1818 752 1889 ἀμφοτέρων
778 1817 890 1871 τῶν
935 1816 1137 1871 οὐσιῶν
1181 1816 1279 1870 ἕνα
1311 1816 1473 1871 ὄντα·
1506 1816 1568 1870 τὸ
1617 1816 1727 1888 γάρ
1766 1832 1925 1870 τινων

2035 1823 2177 1891 quod
2208 1823 2350 1878 inter
2383 1823 2566 1890 aliqua
2615 1823 2862 1879 medians
2903 1831 2988 1879 est
3016 1863 3031 1887 ,
3079 1829 3369 1891 utramque
3406 1827 3612 1890 partem

331 1907 616 1979 μεσιτεῦον
671 1906 1008 1978 ἀμφοτέρων
1054 1906 1236 1977 ἔχεται
1278 1907 1520 1970 πάντως.
1558 1908 1716 1961 Ἐστι
1742 1906 1922 1961 τοίνυν

329 2002 564 2073 Μεσίτης
589 1999 753 2065 Θεοῦ,
782 2000 872 2055 διὰ
901 2001 963 2054 τὸ
997 2000 1101 2070 τῆς
1128 2001 1300 2071 αὐτῆς
1329 2001 1517 2066 οὐσίας
1546 2001 1814 2072 ὑπάρχειν
1847 1999 1926 2071 τῷ

334 2092 502 2165 Πατρί
521 2108 535 2121 ’
568 2091 688 2146 ἔστι
721 2091 781 2145 δὲ
810 2092 976 2146 πάλιν
1000 2092 1094 2146 καὶ
1118 2091 1426 2163 ἀνθρώπων
1447 2092 1715 2163 Μεσίτης,
1743 2092 1835 2145 διά
1864 2092 1926 2145 τὸ

338 2183 430 2236 καὶ
452 2186 547 2254 τῆς
593 2181 952 2253 ἀνθρωπείας
999 2184 1403 2253 μετεσχηκέναι
1444 2182 1661 2252 φύσεως
1702 2181 1926 2245 τελείως

347 2274 505 2345 χωρὶς
531 2272 810 2345 ἁμαρτίας
836 2272 937 2344 (1).
959 2274 1283 2347 ’Ἄνθρωπον
1300 2272 1394 2329 οὖν
1424 2275 1591 2329 αὐτὸν
1618 2275 1748 2328 ὅταν
1774 2273 1926 2343 λέγει

348 2366 571 2436 Χριστὸν
607 2363 840 2435 Ἰησοῦν,
891 2364 971 2437 μὴ
1008 2365 1102 2420 διά
1146 2367 1306 2420 τοῦτο
1356 2366 1923 2437 σκανδαλιζέσθωσαν,

336 2444 461 2513 ἀλλ’
493 2456 854 2511 ὲννοείτωσαν
888 2458 1054 2512 αὐτὸν
1098 2458 1194 2512 καὶ
1235 2458 1442 2530 Κύριον
1474 2458 1569 2512 καὶ
1621 2457 1755 2511 Θεὸν
1807 2458 1918 2511 ὀνο-

327 2548 634 2620 μαζόμενον
660 2545 804 2619 μετά
846 2547 944 2601 τοῦ
991 2547 1088 2601 καὶ
1114 2548 1351 2620 Χριστὸν
1390 2548 1556 2602 πάλιν
1604 2547 1787 2617 λέγειν
1829 2547 1926 2600 καὶ⁹

337 2638 575 2710 Ἰησοῦν
629 2638 990 2693 ἀκουέτωσαν
1050 2638 1163 2709 γὰρ
1226 2639 1392 2693 αὑτοῦ
1442 2639 1547 2694 τοῦ
1597 2639 1924 2693 Ἀποστόλου

316 2731 485 2786 τοῦτο
512 2732 771 2805 φανερῶς
800 2730 948 2785 οὕτω
976 2730 1374 2802 κηρύττοντος·
1412 2749 1432 2783 ι
1468 2718 1921 2804 Προσδεχόμενοι,

312 2827 476 2896 φησι,
502 2825 609 2894 τὴν
641 2824 927 2895 μακαρίαν
960 2822 1178 2887 ἐλπίδα,
1213 2824 1310 2875 καὶ
1341 2824 1665 2892 ἐπιφάνειαν
1698 2824 1798 2894 τῆς
1836 2824 1919 2878 δό-

2028 1914 2339 1983 participat.
2377 1913 2571 1987 Iug
2599 1913 2697 1968 Est
2724 1929 2855 1984 ergo
2898 1912 2994 1968 Dei
3024 1913 3311 1976 Mediator,
3349 1921 3617 1980 quatenus

2027 2005 2274 2075 ejusdem
2303 2018 2366 2057 ac
2405 2005 2563 2059 Pater
2591 2004 2922 2060 substantia:
2958 2015 3042 2060 est
3078 2021 3091 2057 :
3142 2013 3229 2059 est
3279 2001 3410 2056 item
3443 2001 3615 2055 homi-

2029 2112 2155 2150 num
2214 2111 2431 2166 quoque
2458 2096 2772 2166 Mediatorq,
2813 2106 3082 2166 quatenus
3107 2092 3614 2157 humanametiam

2028 2162 2277 2243 naturam
2306 2162 2549 2258 perfecte
2596 2162 2893 2258 participat
2936 2189 3146 2257 absque
3178 2192 3427 2257 peccato.
3477 2183 3611 2238 Cum

2027 2292 2159 2348 ergo
2209 2278 2506 2350 Apostolus
2556 2280 2834 2335 hominem
2884 2280 3018 2335 dicit
3070 2279 3350 2334 Christum
3389 2274 3613 2335 Jesum,

2029 2381 2263 2426 caveant
2314 2386 2385 2425 ne
2441 2379 2732 2440 propterea
2787 2370 3105 2427 scandalum
3152 2369 3473 2439 patiantur,
3520 2367 3612 2420 sed

2032 2468 2289 2530 reputent
2317 2462 2610 2531 ipsummet
2642 2469 2698 2515 et
2740 2462 2907 2516 Deum
2932 2470 2987 2515 et
3017 2460 3300 2514 Dominum
3330 2459 3611 2529 appellari.

2028 2553 2303 2622 simulque
2341 2552 2509 2609 etiam
2537 2552 2818 2608 Christum
2845 2551 3146 2620 Jesumque
3197 2552 3327 2607 dici.
3380 2552 3616 2606 Audiaut

2026 2645 2171 2699 enim
2196 2643 2448 2700 eumdem
2481 2643 2802 2711 Apostolum
2833 2644 2940 2698 hoc
2963 2654 3156 2714 aperte
3182 2632 3573 2713 praedicantem
3601 2659 3613 2693 :

2032 2754 2052 2787 ι
2090 2733 2716 2804 Exspectantes,inquit,
2752 2733 2968 2788 beatam
2994 2747 3169 2802 spem,
3217 2739 3273 2787 et
3299 2729 3620 2785 manifestu-

2026 2829 2229 2883 tionem
2257 2826 2447 2897 gloriae
2478 2827 2658 2895 magni
2708 2826 2804 2880 Dei
2840 2833 2897 2880 et
2921 2823 3232 2885 Servatoris
3272 2824 3449 2878 nostri
3491 2823 3617 2878 Jesn

310 2915 418 2985 ξης
439 2915 541 2969 τοῦ
566 2914 815 2986 μεγάλου
836 2912 974 2967 Θεοῦ
1000 2912 1105 2977 καὶ,
1125 2913 1377 2983 Σωτῆρος
1402 2913 1559 2984 ἡμῶν
1596 2913 1771 2985 Ἰησοῦ
1797 2915 1928 2985 Χρι-

308 3007 477 3073 στοῦ,
503 3008 566 3070 ὃς
608 3007 817 3061 ἔδωκεν
852 3005 1046 3061 ἑαυτὸν
1076 3003 1220 3075 ὑπὲρ
1256 3003 1434 3074 ἡμῶν.
1472 3023 1491 3055 ι

410 3104 483 3167 γ’.
542 3098 710 3169 Ὁρᾷς
739 3098 890 3160 ὅπως
917 3098 1034 3150 ἐκεῖ
1065 3095 1165 3165 μὲν
1201 3094 1491 3167 ἄνθρωπον
1535 3095 1775 3167 Χριστὸν
1812 3096 1922 3167 Ἰη-

306 3188 452 3245 σοῦν
482 3189 642 3257 λέγει
680 3187 772 3240 τὸν
807 3187 948 3259 ὑπὲρ
1000 3186 1222 3240 πάντων
1271 3186 1467 3241 ἑαυτὸν
1511 3186 1802 3252 δεδωκότα,
1839 3189 1925 3242 ὲν-

300 3280 502 3336 ταῦθα
551 3279 612 3332 δὲ
668 3279 851 3350 μέγαν
901 3278 1036 3332 Θεὸν
1082 3277 1321 3349 Χριστὸν
1365 3277 1594 3348 Ἰησοῦν,
1638 3278 1732 3332 τὸν
1763 3278 1924 3333 δόντα

305 3374 492 3430 πάλιν
526 3373 728 3427 ἑαυτὸν
764 3371 908 3444 ὑπὲρ
945 3370 1139 3443 ήμῶν;
1179 3371 1355 3443 Διπλῆ
1384 3371 1494 3444 γὰρ
1528 3371 1763 3427 ἐνταῦθα
1806 3373 1924 3426 κατ’

306 3467 533 3531 αὐτῶν,
575 3465 782 3537 μᾶλλον
815 3464 958 3535 ὑπὲρ
990 3462 1194 3529 αὐτῶν,
1244 3464 1295 3517 εἰ
1344 3462 1582 3518 ἐθέλοιεν
1617 3465 1923 3535 μεταγινώο

309 3578 501 3622 caestv,
532 3558 767 3627 γέγονεν
795 3558 831 3628 ἡ
861 3557 1163 3624 ἀπόδειξις,
1194 3555 1286 3610 διὰ
1327 3556 1390 3610 τὸ
1438 3556 1621 3626 λέγειν
1669 3558 1763 3612 καὶ
1792 3559 1926 3612 Θεὸν

308 3652 417 3705 καὶ
445 3649 668 3720 Κύρων
708 3646 939 3720 Ἰησοῦν,
971 3646 1030 3700 ὃν
1051 3648 1234 3700 ἐκεῖσε
1266 3646 1558 3717 ἄνθρωπον
1581 3647 1797 3719 εἴρηκε,
1827 3650 1926 3702 καὶ

310 3745 409 3801 διὰ
431 3742 535 3797 τοῦ
571 3744 635 3796 ὲν
682 3739 1020 3812 ἀμφοτέροις
1058 3739 1254 3793 ἑαυτὸν
1287 3739 1431 3810 ὑπὲρ
1465 3738 1623 3810 ἡμῶν
1653 3739 1928 3794 δεδωκότα

2027 2917 2256 2982 Christi,
2292 2916 2387 2987 qui
2417 2916 2570 2971 dedit
2596 2916 2956 2987 semetipsum
2985 2930 3082 2986 pro
3115 2915 3273 2971 nobis
3314 2915 3381 2968 “.
3418 2933 3436 2966 ι

2103 3092 2193 3147 λιῦ.
2240 3091 2428 3148 Viden’
2462 3093 2736 3162 quomodo
2770 3092 2882 3150 illic
2911 3093 3130 3164 quidem
3159 3093 3434 3149 hominem
3460 3094 3619 3149 Chri-

2028 3192 2174 3241 stum
2197 3182 2384 3242 Jesum
2415 3184 2548 3240 dicit
2580 3199 2702 3239 eum
2734 3186 2827 3255 qui
2846 3201 2944 3256 pro
2965 3186 3223 3242 omnibus
3250 3188 3486 3257 seipsum
3511 3195 3622 3241 tru-

2026 3277 2195 3342 didit,
2227 3276 2318 3331 hic
2357 3288 2542 3332 autem
2584 3290 2843 3346 magnum
2882 3276 3050 3332 Deum
3094 3276 3371 3333 Christum
3406 3276 3617 3343 Iesum,

2025 3370 2118 3440 qui
2158 3369 2397 3438 seipsum
2431 3369 2560 3423 item
2595 3384 2695 3438 pro
2747 3369 2904 3423 nobis
2948 3368 3201 3429 dedidit?
3239 3368 3444 3439 Duplex
3472 3371 3617 3425 enim

2028 3462 2158 3518 hinc
2204 3469 2395 3516 contra
2450 3461 2619 3531 ipsos,
2662 3461 2773 3516 imo
2822 3461 3001 3531 potius
3049 3476 3148 3531 pro
3190 3461 3346 3530 ipsis,
3394 3462 3440 3517 si
3487 3462 3620 3517 resi-

2028 3552 2248 3623 piscere
2272 3552 2465 3618 velint,
2496 3552 2556 3607 fit
2595 3554 3016 3621 demonstratio,
3046 3553 3174 3608 dum
3207 3553 3337 3609 dicit
3369 3562 3425 3607 et
3453 3553 3618 3608 Deum

2029 3654 2081 3699 et
2111 3644 2401 3700 Dominum
2431 3643 2640 3709 Jesum,
2686 3659 2851 3715 quem
2898 3644 3008 3699 illic
3042 3643 3318 3699 hominem
3368 3643 3618 3706 dixerat,

1950 3152 1995 3212 C

2029 3738 2269 3808 dumque
2298 3737 2562 3792 ambobus
2592 3738 2644 3791 in
2678 3738 2814 3793 locis
2857 3737 3036 3807 ipsum
3073 3753 3171 3808 pro
3220 3736 3381 3793 nobis
3427 3746 3622 3806 sponte

314 3837 647 3908 σημαίνειν.
698 3853 717 3886 ι
762 3833 1087 3904 Ἀνθρωπος
1130 3832 1261 3903 γὰρ,
1312 3832 1501 3901 φησὶν,
1543 3831 1780 3903 Χριστὸς
1824 3833 1927 3902 Ἰη-

318 3930 470 3996 σοῦς,
515 3931 546 3982 ὀ
573 3928 706 3990 δοὺς
733 3925 928 3979 ἑαυτὸν
961 3924 1105 3997 ὑπὲρ
1134 3923 1357 3978 πάντων
1385 3924 1727 3996 ἀντίλυτρον.
1767 3944 1787 3978 ι
1814 3925 1925 3979 Καὶ

327 4023 487 4077 πάλιν
509 4038 524 4050 ·
562 4041 583 4072 ι
624 4017 1062 4091 Προσδεχόμενοι
1098 4017 1198 4088 τὴν
1249 4016 1528 4088 μακαρίαν
1564 4016 1779 4080 ἐλπίδα,
1832 4034 1936 4074 κιιο,

333 4114 426 4185 τὴν
466 4113 805 4183 ἐπιφάνειαν
837 4110 941 4179 τῆς
993 4109 1153 4179 δόξης
1185 4107 1280 4162 τοῦ
1354 4108 1593 4179 μεγάλου
1642 4108 1777 4161 Θεοῦ
1820 4111 1928 4163 ’καὶ

330 4208 585 4279 Σωτῆρος
617 4205 783 4277 ἡμῶν
842 4200 1019 4273 Ἰησοῦ
1070 4200 1331 4274 Χριστοῦ,
1383 4201 1441 4264 δς
1487 4200 1690 4255 ἔδωκεν
1736 4199 1928 4255 ἑαυτὸν

326 4300 463 4372 ὑπὲρ
494 4298 690 4370 ἡμῶν,
714 4296 805 4351 ἴνα
841 4295 1194 4366 λυτρώσηται
1224 4294 1372 4365 ἡμᾶς
1400 4292 1510 4347 ἀπὸ
1543 4292 1726 4364 πάσης
1747 4295 1928 4363 ἀμαρ‹

321 4394 465 4458 τίας,
500 4392 602 4445 καὶ
650 4388 931 4461 καθαρίσῃ
962 4386 1143 4457 ἐαυτῷ
1184 4386 1313 4439 λαὸν
1342 4383 1657 4456 περιούσιον
1697 4385 1798 4457 (2),
1830 4387 1932 4465 (q-

2029 3843 2089 3885 se
2125 3830 2417 3885 tradidisse
2446 3830 2739 3900 significat.
2775 3848 2794 3881 ι
2823 3828 2999 3885 Homo
3024 3830 3193 3894 enim,
3229 3829 3429 3897 inquit,
3460 3829 3621 3883 Chri-

2030 3932 2147 3975 stus
2177 3919 2358 3986 Jesus,
2391 3921 2485 3991 qui
2516 3922 2665 3976 dedit
2697 3922 2937 3990 seipsum
2972 3935 3072 3991 pro
3119 3922 3375 3975 omnibus
3407 3922 3620 3974 redem-

2016 4013 2271 4091 ptionem
2305 4015 2370 4068 ⁸³.
2411 4032 2430 4064 ι
2468 4013 2789 4082 Rursusque
2833 4028 2847 4064 :
2886 4030 2905 4064 ι
2968 4012 3360 4080 Exspectantes
3402 4012 3617 4066 beatam

2030 4121 2207 4176 spem,
2231 4116 2288 4160 et
2319 4105 2815 4160 manifestationem
2842 4104 3032 4174 gloriae
3062 4103 3243 4173 magni
3269 4101 3368 4157 Dei
3408 4111 3464 4157 et
3493 4101 3620 4157 Ser-

2029 4182 2240 4252 vatoris
2288 4197 2458 4253 nostri
2497 4195 2624 4253 Jesu
2669 4196 2909 4261 Christi,
2946 4196 3038 4266 qui
3068 4196 3217 4251 dedit
3261 4194 3619 4267 semetipsum

2030 4305 2128 4360 pro
2150 4289 2325 4354 nobis,
2363 4297 2423 4344 ut
2478 4291 2627 4345 omni
2662 4304 2763 4345 nos
2796 4299 3021 4358 peccato
3068 4289 3402 4354 redimeret,
3456 4304 3620 4343 mun-

2032 4384 2293 4452 daretque
2333 4383 2437 4438 sibi
2491 4381 2749 4452 populum
2806 4380 3183 4450 peculiarem,
3243 4379 3613 4435 azmulatoreni

318 4484 504 4555 λωτὴν
534 4481 723 4537 καλῶν
761 4480 962 4552 ἔργων.
1001 4499 1020 4531 ι
1050 4479 1113 4533 Εἰ
1137 4478 1193 4532 δὲ
1221 4477 1511 4550 ἄνθρωπος
1546 4480 1666 4533 κατ’
1686 4478 1925 4543 ἐκείνους

2034 4474 2302 4530 bonorum
2338 4488 2563 4544 operum
2583 4474 2651 4528 "°.
2688 4491 2708 4525 ι
2732 4472 2885 4539 Quod
2909 4475 2954 4528 si
2984 4473 3201 4528 nonnisi
3243 4472 3406 4526 homo
3443 4479 3527 4525 est
3565 4471 3618 4522 in

319 4576 491 4648 μόνον
524 4571 772 4645 Χριστὸς
832 4568 1064 4640 Ἰησοῦς,
1096 4570 1125 4621 ὁ
1164 4567 1288 4631 δοὺς
1321 4567 1515 4622 ἑαυτὸν
1556 4568 1699 4639 ὑπὲρ
1744 4568 1924 4639 ἡμῶν,

318 4669 418 4723 καὶ
448 4663 965 4737 πριποιησάμενος
999 4661 1151 4731 ἡμᾶς
1187 4657 1367 4730 ἑαυτῷ
1410 4659 1540 4713 λαὸν
1588 4659 1926 4729 περιούσιον,

319 4752 608 4826 ἀνθρώπῳ
659 4752 772 4823 ἄρα
812 4749 1154 4821 λατρεύομεν
1185 4747 1587 4819 παραπλησίως
1630 4749 1744 4812 τοῖς
1777 4748 1926 4802 Elius-

322 4863 431 4913 σιν,
465 4846 565 4900 καὶ
586 4847 656 4916 τῇ
686 4843 864 4898 κτίσει
893 4842 1080 4895 λοιπὸν
1108 4840 1210 4911 τὴν
1241 4842 1579 4912 Δεσποτικὴν
1610 4840 1929 4897 αὐθεντείαν

322 4936 722 5004 ἀποδιδόαμεν.
773 4933 916 4988 Ἀλλ’
971 4934 1073 4988 οὐκ
1119 4934 1269 4988 ἔστιν
1311 4931 1516 4998 οὕτως,
1571 4932 1646 5003 μὴ
1696 4932 1927 5000 γένοιτο,

529 5025 766 5099 [Κύριον
809 5024 905 5078 καὶ
960 5022 1094 5077 Θεὸν
1140 5020 1584 5091 ὲπιγινὼσκομεν
1651 5020 1742 5074 τὸν
1793 5020 1928 5091 Χριο

324 5119 489 5172 στύψ
538 5117 738 5185 γέγονε
789 5113 888 5185 μὲν
944 5112 1053 5182 γὰρ
1095 5110 1382 5182 ἄνθρωπος
1442 5109 1510 5162 δι’
1562 5110 1711 5179 ἡμᾶς
1754 5111 1781 5161 ὁ
1826 5106 1923 5160 τοῦ

405 5292 659 5349 "lTim.
697 5306 760 5357 tt,
793 5291 848 5345 5.
928 5288 972 5320 ⁸⁸
1002 5285 1108 5342 Tit.
1147 5303 1207 5351 ιι,
1244 5285 1327 5338 l3.

409 5478 486 5549 (Ι)
526 5472 1010 5549 ιιειηηριιίοιιι-ιιιιι.
1038 5478 1092 5523 et
1135 5467 1491 5539 theologicam
1539 5464 1784 5520 vocabuli
1817 5481 1928 5520 me-

329 5541 518 5603 diator
547 5541 971 5614 explicationem
998 5541 1010 5593 !

396 5620 490 5690 ,(2)
527 5604 852 5690 Περιούσιον
894 5608 1219 5690 peculiarem
1267 5609 1596 5690 interpretor
1638 5620 1762 5690 eum
1801 5604 1928 5690 divo

339 5673 697 5757 llieronyn'io,
731 5673 909 5758 ‘cnjus'
945 5680 1369 5758 diSputationem
1390 5673 1479 5758 _de
1509 5677 1614 5758 hoc
1662 5673 1928 5758 vocabulo

340 5761 506 5817 refert
529 5745 596 5814 ἐι
641 5745 820 5827 ipsius
851 5745 1266 5811 commentariis
1314 5747 1652 5806 Sabaterius.
1682 5745 1926 5802 Caetero-

2034 4580 2223 4620 eorum
2248 4565 2519 4622 sententia
2549 4564 2800 4621 Christus
2824 4562 3005 4629 Jesus,
3039 4563 3133 4632 qui
3161 4562 3387 4617 tradidit
3407 4571 3614 4635 semet~

2037 4657 2210 4727 ipsum
2238 4671 2336 4728 pro
2364 4656 2641 4720 omnibus,
2679 4655 2894 4724 sibique
2925 4669 3024 4710 nos
3054 4654 3185 4708 fecit
3217 4651 3477 4723 pepulum
3520 4668 3617 4721 pe-

2038 4746 2322 4811 culiarem,
2373 4746 2585 4802 homini
2614 4746 2822 4815 utique,
2869 4759 2975 4799 non
3008 4760 3169 4800 secus
3192 4753 3359 4814 atque
3386 4744 3617 4804 ethnici.

2041 4836 2263 4901 cultum,
2288 4836 2632 4903 exhibemus,
2668 4847 2722 4890 et
2771 4846 3038 4891 creatura:
3085 4835 3343 4904 deinceps
3369 4833 3615 4890 Domini-

2041 4942 2164 4981 cam
2197 4927 2517 4998 dignitatem
2564 4927 2939 4982 attribuimus.
2977 4926 3368 4983 Verumtamen
3408 4942 3514 4981 non
3550 4927 3623 4982 ita

2038 5034 2098 5075 se
2123 5033 2211 5075 res
2244 5020 2427 5084 habet,
2458 5020 2633 5074 absit!
2683 5020 2780 5075 sed
2818 5019 3133 5091 [Dominum
3157 5035 3223 5076 ac
3250 5021 3420 5076 Deum
3452 5034 3622 5091 agno-

2037 5109 2240 5163 scimus
2270 5108 2570 5164 Christum.
2604 5104 2861 5165 Profecto
2899 5109 3100 5164 faetum
3152 5119 3236 5165 est
3262 5119 3488 5183 propter
3524 5124 3626 5165 nos

1406 5285 1449 5316 ⁶⁹
1486 5281 1502 5335 l
1538 5276 1681 5337 Tim.
1718 5298 1778 5347 ιι,
1806 5281 1858 5334 5.
1934 5280 1981 5314 "°
2012 5281 2123 5338 Tit.
2152 5299 2215 5348 ιι,
2246 5283 2336 5349 15,
2380 5284 2468 5338 Η.

2038 5466 2129 5535 qui
2155 5467 2514 5521 abundantem
2556 5466 2985 5537 interpretantur
3009 5466 3348 5537 etymologiae
3391 5466 3498 5521 vim
3532 5482 3621 5522 se-

2038 5477 2129 5535 qui
2155 5477 2514 5521 abundantem
2557 5477 2985 5537 interpretantur
3009 5477 3348 5589 etimologtm
3391 5477 3498 5521 Vim
3532 5482 3621 5522 se-

1947 5591 1955 5599 ,
2036 5547 2266 5605 quentes
2307 5538 2548 5608 Lucifer,
2581 5540 2934 5608 Augustinus,
2969 5546 3023 5591 et
3076 5537 3454 5608 Ambrosiaster
3502 5538 3624 5592 loco

2034 5608 2315 5676 praedicto.
2343 5606 2554 5676 Vulgati
2590 5606 2750 5663 lectio
2795 5606 3166 5676 acceptqbilem
3213 5608 3304 5661 vix
3338 5607 3560 5663 dissidet
3588 5623 3618 5662 a

2037 5675 2352 5749 Symmachi
2383 5675 2567 5748 sensu,
2604 5693 2767 5749 quem
2795 5676 2939 5733 idem
2966 5675 3327 5748 Hieronymus
3360 5677 3551 5735 refert.
