4080 6440
450 323 550 374 2⁸11

1479 319 1537 376 S.
1578 317 1851 375 CYRILLI
1884 315 2366 374 ALEXANDRINI
2406 318 2732 378 ARCHIEP.

3610 325 3720 382 279

451 438 614 493 homo
639 435 730 491 Dei
766 434 1025 501 Verbum,
1058 434 1307 490 humanae
1341 444 1549 492 natura;
1584 437 2026 503 eommunieans,

2144 436 2271 490 Θεοῦ
2321 437 2494 506 Λόγος
2518 476 2533 502 ,
2589 437 2875 509 μετασχὼν
2920 439 3021 507 τῆς
3074 439 3425 512 ἀνθρωπείας
3483 438 3721 509 φύσεως,

454 536 747 598 natumque
793 536 898 592 est,
927 527 997 582 ob
1033 542 1189 583 suam
1234 526 1561 584 ineffabilem
1610 542 1738 600 erga
1778 528 2031 583 homines

451 620 799 686 charitatem,
829 633 949 673 eum
974 633 1038 673 ea
1067 627 1262 673 natura
1286 633 1351 674 es
1391 630 1579 676 sancta
1625 629 1681 676 et
1716 621 2028 691 nuptiarum

449 722 672 780 experte
702 709 919 782 Virgine
945 725 960 763 :
989 710 1084 765 sed
1117 719 1298 767 tamen
1331 711 1412 768 sic
1439 712 1604 767 etiam
1647 712 1786 768 Deus
1833 721 2027 782 suapte

450 811 644 859 natura
673 812 815 871 erat,
847 810 904 858 et
946 801 1046 858 Dei
1089 803 1276 859 Filius.
1333 803 1480 861 lianc
1511 805 1675 876 igitur
1710 806 1780 861 ob
1806 821 2028 862 causam

448 908 504 953 et
533 898 697 954 homo
747 907 997 962 vocatur,
1054 904 1110 951 et
1153 896 1316 952 simul
1378 908 1609 953 vocatur
1669 898 1808 954 Deus
1837 938 1853 965 ,
1903 913 2028 954 cum

450 990 520 1044 sit
552 1003 696 1045 unus
748 989 1002 1059 idemque
1037 987 1138 1044 sub
1188 997 1421 1059 utraque
1463 987 1823 1059 appellatione
1868 989 2029 1047 Chri-

449 1080 616 1153 stus.]

523 1172 609 1226 l4.
646 1171 800 1239 Quod
835 1173 977 1228 enim
1001 1171 1144 1227 haud
1168 1171 1541 1236 hominem,ut
1573 1171 1660 1227 isti
1692 1171 2027 1237 fabulantur,

448 1260 650 1318 Paulus
674 1263 953 1318 Christum
984 1263 1386 1332 praedicaverit,
1419 1264 1544 1319 audi
1586 1263 1641 1318 in
1671 1263 1911 1333 Epistoia
1961 1264 2030 1320 ad

448 1350 759 1407 Corinthios
787 1351 1056 1406 dicentem
1085 1368 1098 1405 :
1130 1369 1150 1403 ι
1174 1350 1288 1407 Non
1309 1354 1452 1406 enim
1491 1352 1855 1422 nosmetipsos
1892 1368 2032 1423 prte-

449 1444 716 1507 dicamus,
744 1444 839 1498 sed
862 1442 1049 1498 Jesum
1072 1444 1357 1499 Christum
1380 1443 1690 1510 Dominum,
1721 1459 1821 1500 nos
1844 1454 2028 1501 autem

449 1551 635 1593 servos
664 1546 877 1592 vestros
905 1546 1123 1607 propter
1146 1535 1331 1593 Iesum
1358 1539 1426 1590 ".
1456 1555 1474 1589 ι
1503 1536 1695 1593 Viden’
1719 1539 2031 1607 apostolicae

449 1626 738 1682 sententia
760 1625 1039 1680 deiinitam
1072 1626 1388 1681 notionem?
1409 1625 1593 1682 Jesum
1614 1626 2028 1693 Cbristum,ait,

452 1719 739 1775 Dominum
766 1759 779 1784 ,
819 1726 1034 1773 nosmet
1066 1727 1248 1773 autem
1286 1732 1476 1774 servos
1514 1718 1897 1788 praedicamus.
1946 1717 2027 1772 Ad

2138 528 2234 582 καὶ
2302 529 2628 600 γεγέννηται
2692 530 2783 586 διὰ
2838 531 3252 603 φιλανθρωπίαν
3312 533 3522 602 ἄφατον
3583 535 3726 602 μετά

2133 619 2341 690 ταύτης
2378 621 2443 674 ἐκ
2485 621 2587 691 τῆς
2619 622 2779 691 ἁγίας
2821 625 2917 677 καὶ
2962 625 3344 696 ἀπειρογάμου
3399 624 3718 695 Παρθένουσ

2131 711 2250 765 ἀλλ’
2295 706 2366 783 ἦν
2408 715 2504 767 καὶ
2545 712 2689 766 οὑτω
2730 715 2874 768 κατὰ
2918 715 3082 784 φύσιν
3123 716 3256 781 Θεὸς
3295 717 3391 770 καὶ
3441 716 3537 770 τοῦ
3585 717 3725 771 Θεοῦ

2132 803 2293 867 Υίός’
2345 804 2433 859 διὰ
2483 803 2690 875 ταύτην
2732 806 3024 877 τοιγαροῦν
3072 806 3172 878 τὴν
3230 807 3415 861 αίτίαν
3472 809 3726 863 καλεῖται

2131 896 2224 949 καὶ⁵
2259 895 2568 967 ἄνθρωπος,
2594 897 2841 951 καλεῖται
2866 899 2925 952 δέ
2953 899 3047 952 καὶ
3078 898 3232 964 Θεὸς,
3264 894 3347 963 εἷς
3376 900 3471 953 καὶ
3503 902 3533 953 6
3560 900 3727 964 αὐτὸς

2133 988 2393 1060 ὑπάρχων
2422 990 2481 1043 ἐν
2515 989 2753 1061 ἑκατέρα
2786 991 3132 1063 προσηγορία
3165 992 3561 1065 Χριστός(1).]
3616 1006 3621 1011 ’

2208 1162 2290 1217 ιδ’.
2332 1163 2454 1217 ὀτι
2485 1164 2595 1235 γάρ
2622 1163 2724 1218 οὑκ
2753 1163 3062 1236 ἄνθρωπον,
3092 1164 3170 1229 ὠς
3201 1160 3351 1221 οῦτοι
3392 1166 3726 1237 μυθολογοῦ-

2134 1271 2239 1316 σιν.
2274 1256 2304 1308 6
2339 1254 2554 1318 Παῦλος
2583 1256 2852 1329 ἐκήρυττε
2897 1255 2990 1311 τὸν
3030 1257 3287 1328 Χριστὸν,
3320 1258 3486 1313 ἄκουε
3521 1260 3724 1331 Κοριν-

2134 1346 2269 1409 θίοις
2301 1346 2711 1413 ἐπιστέλλοντος
2744 1347 2910 1402 αὑτοῦ
2959 1350 3056 1402 καὶ
3103 1349 3388 1418 λέγοντος*
3427 1371 3447 1404 ι
3499 1353 3574 1405 Oti
3614 1352 3729 1424 γὰρ

2133 1436 2363 1499 ἑαυτοὺς
2391 1435 2766 1507 κηρύσσομεν,
2815 1437 2953 1493 ἀλλὰ
2993 1438 3202 1509 Ἰησοῦν
3228 1441 3465 1512 Χριστὸν
3494 1442 3727 1513 Κύριον,

2133 1527 2358 1589 ἑαυτοὺς
2386 1527 2444 1581 δὲ
2491 1526 2713 1591 δούλους
2753 1528 2908 1600 ὑμῶν
2950 1529 3041 1584 διὰ
3085 1529 3320 1600 Ἰησοῦν.
3359 1550 3378 1582 s
3429 1533 3593 1603 Ὁρᾷς
3626 1533 3731 1603 τῆς

2134 1617 2504 1689 άποστολικῆς
2545 1619 2769 1690 γνώμης
2831 1620 2924 1674 τὸν
2977 1622 3141 1692 ὃρον;
3208 1623 3418 1693 Ἰησοῦν
3467 1625 3730 1692 Χριστὸν,

2134 1710 2322 1779 φησὶν,
2360 1710 2596 1782 Κύριον’
2653 1714 2880 1776 ἑαυτοὺς
2947 1713 3005 1767 δὲ
3055 1714 3277 1778 δούλους
3344 1716 3723 1789 κηρύσσομεν.

449 1809 724 1864 Romanos
759 1809 885 1863 item
920 1808 1162 1864 scribens
1184 1810 1299 1863 ait:
1337 1826 1357 1861 ι
1397 1809 1473 1864 Ex
1499 1810 1697 1879 quibus
1727 1809 2022 1864 secundum

2144 1778 2461 1872 Ῥωμαίοις⁷
2484 1803 2541 1857 δὲ
2590 1804 2753 1857 πάλιν
2782 1804 3117 1859 ἐπιστέλλων
3148 1806 3293 1860 οὑτω
3327 1778 3526 1878 φησιν·
3565 1778 3611 1861 ι’
3636 1810 3732 1874 Ἐξ

449 1912 668 1954 carnem
698 1897 972 1963 Christus,
999 1898 1091 1967 qui
1133 1907 1222 1951 est
1245 1912 1412 1968 super
1446 1898 1628 1953 omnia
1682 1898 1824 1954 Deus
1860 1897 2025 1953 bene-

2128 1885 2205 1945 ὧν
2236 1895 2264 1946 6
2294 1893 2527 1964 Χριστὸς
2555 1894 2614 1948 τὸ
2663 1895 2806 1949 κατὰ
2840 1897 3040 1967 σάρκα,
3074 1900 3103 1951 6
3131 1896 3206 1951 ὢν
3224 1898 3329 1979 ’ἐπὶ
3359 1902 3575 1955 πάντων
3595 1901 3735 1966 Θεὸς

408 1976 413 1983 ’
449 1990 626 2042 dictus
655 1987 709 2042 in
737 1986 958 2043 saecula.
994 1986 1168 2041 Amen
1190 1987 1260 2041 ".
1302 2005 1322 2040 ι
1367 1987 1522 2054 Quod
1557 1987 1603 2043 si
1634 1986 1711 2041 uti
1750 1986 2026 2041 hominem

2144 1981 2431 2052 εὐλογητὸς
2469 1985 2552 2045 είς
2591 1986 2720 2048 τοὺς
2765 1985 2970 2049 αίῶνας
2994 2003 3008 2017 ο
3045 1976 3231 2058 ἀμήν(
3255 2007 3274 2040 ι
3315 1990 3378 2043 Ei
3412 1990 3469 2044 δὲ
3519 1990 3738 2061 ἄνθρω-

447 2080 725 2136 Christum
750 2079 1132 2149 reputavisset,
1162 2079 1455 2135 dicendum
1491 2080 1559 2135 ab
1583 2093 1650 2135 eo
1680 2078 1862 2135 fuerat
1902 2097 1918 2110 -
1946 2078 2025 2132 Ex

2144 2089 2232 2125 πον
2264 2071 2531 2141 ἠπίστατο
2559 2074 2651 2127 τὸν
2678 2076 2933 2148 Χριστὸν,
2962 2076 3068 2131 ἔδει
3098 2079 3301 2147 λέγειν,
3333 2081 3421 2147 Ἐξ
3434 2077 3507 2135 ὧν
3536 2084 3566 2135 6
3592 2084 3738 2155 Xpt-

450 2175 648 2243 quibus
698 2172 995 2228 secundum
1024 2186 1248 2228 carnem
1291 2171 1568 2237 Christus,
1617 2172 1671 2225 in
1715 2187 1821 2241 quo
1868 2184 2033 2241 super

2144 2162 2257 2225 πὸς
2287 2161 2348 2214 τὸ
2385 2164 2526 2217 κατὰ
2558 2164 2759 2236 σάρκα,
2798 2168 2857 2219 ἐν
2896 2160 2940 2233 ᾧ
2967 2169 2996 2220 6
3028 2168 3123 2220 ἐπὶ
3154 2170 3371 2225 πάντων
3409 2172 3545 2236 Θεός
3565 2187 3580 2202 ⁸
3631 2172 3737 2227 νῦν

448 2266 633 2322 omnia
682 2266 845 2321 Deus.
881 2264 1034 2321 Nunc
1071 2279 1201 2320 vero
1230 2280 1339 2318 non
1386 2264 1461 2319 ita
1507 2265 1670 2329 dixit,
1729 2265 1823 2320 sed
1864 2266 2030 2319 Deum

2144 2253 2191 2305 5s
2225 2252 2384 2307 τοῦτο
2434 2255 2534 2325 μὲν
2564 2256 2665 2308 οὑκ
2714 2258 2924 2329 εἴρηκε,
2979 2258 3113 2312 Θεὸν
3144 2260 3201 2313 δὲ
3246 2261 3337 2314 τὸν
3368 2262 3607 2333 Χριστὸν
3635 2265 3738 2318 ἐπὶ

450 2370 614 2425 super
633 2354 817 2411 omnia
833 2352 1108 2409 Christum
1139 2368 1331 2422 magna
1367 2368 1499 2407 voce
1523 2352 1846 2407 declaravit.
1872 2351 2033 2425 [illud

2144 2345 2359 2399 πάντων
2403 2346 2808 2417 μεγαλοφὼνως
2842 2350 3145 2421 ἀπέφηνεν.
3206 2351 3305 2424 [οὑ
3340 2355 3449 2425 μὴν
3479 2355 3560 2421 δὲ,
3590 2355 3739 2410 ἀλλά

451 2448 675 2517 insuper
714 2444 1149 2508 consideremus,
1185 2443 1331 2513 quod
1373 2442 1476 2498 nisi
1511 2444 1680 2499 Deum
1710 2459 1819 2498 una
1846 2452 1901 2498 et
1929 2445 2028 2499 ho-

452 2539 652 2593 minem
694 2544 1002 2606 reputasset
1053 2536 1334 2591 Christum
1391 2536 1546 2590 divus
1596 2535 1892 2604 Apostolus
1928 2551 2033 2592 non

451 2632 683 2687 dixisset
706 2648 725 2683 ι
760 2630 1059 2685 secundum
1088 2642 1331 2683 carnem.
1371 2646 1388 2678 ι
1419 2626 1533 2682 Hoc
1559 2629 1705 2682 enim
1743 2629 2037 2684 manifeste

453 2726 522 2779 de
541 2738 609 2780 eo
639 2722 731 2793 qui
760 2735 869 2789 non
892 2719 1066 2775 solum
1094 2727 1180 2773 est
1204 2719 1392 2784 homo,
1424 2721 1522 2774 sed
1547 2718 1613 2773 de
1638 2732 1704 2773 eo
1730 2719 1820 2788 qui
1852 2727 1908 2774 et
1932 2719 2037 2775 alia

452 2813 689 2883 quadam
712 2810 1034 2866 substantia:
1070 2809 1282 2863 ratione
1309 2808 1582 2873 subsistit,
1613 2809 1846 2876 dicitur;
1878 2811 2036 2866 sicuti

454 2914 646 2973 reapse
676 2901 925 2957 addidit:
950 2916 968 2952 ι
1006 2899 1098 2970 qui
1130 2908 1213 2955 est
1239 2913 1400 2969 super
1421 2900 1603 2954 omnia
1622 2898 1819 2957 Deus.»
1853 2901 2041 2971 Dupli-

454 3009 574 3049 cem
599 2991 810 3048 scilicet
845 2990 949 3045 hoc
975 2990 1095 3045 ioco
1144 2989 1226 3043 de.
1257 2988 1555 3045 Servatore
1593 3000 1785 3045 nostro
1814 2992 2041 3061 protulit

453 3083 872 3148 confessionem,
903 3089 953 3136 et
983 3080 1113 3150 quid
1134 3080 1206 3137 sit
1234 3081 1536 3136 secundum
1563 3097 1788 3139 carnem
1808 3084 2037 3140 demon-

452 3189 657 3242 strans,
688 3185 744 3233 et
767 3174 930 3231 simul
960 3172 1129 3229 Deum
1167 3171 1518 3245 praedicans.]
1545 3171 1683 3228 Nam
1719 3189 1815 3229 rex
1854 3180 2032 3230 terre-

453 3286 579 3336 nus,
611 3272 657 3325 si
690 3267 833 3323 forte
881 3265 1178 3335 aliquando
1238 3264 1291 3320 in
1326 3265 1568 3321 consulis
1610 3264 1781 3335 ﬁgura
1816 3265 2037 3333 prodire

455 3362 605 3425 velit,
633 3375 742 3416 non
776 3358 982 3415 ideirco
1011 3371 1104 3412 rex
1132 3370 1254 3412 esse
1283 3354 1481 3410 desinit
1503 3394 1519 3421 ,
1567 3370 1746 3425 neque
1791 3358 2033 3426 priorem

455 3453 776 3524 dignitatem
808 3448 1030 3525 amittit,
1070 3445 1165 3503 sed
1211 3461 1352 3502 unus
1380 3447 1632 3517 idemque
1683 3456 1791 3513 est,
1838 3456 2038 3518 praeter

458 3545 665 3614 regiam
715 3539 1059 3596 consularem
1091 3552 1310 3607 quoque
1342 3538 1661 3607 dignitatem
1694 3538 1903 3595 habens
1933 3557 1948 3595 :
1982 3548 2039 3595 et

456 3638 502 3690 si
532 3632 800 3703 quispiam
840 3629 986 3685 hunc
1014 3627 1208 3702 ιιωι
1241 3643 1424 3700 regem
1466 3629 1731 3695 nominet,
1774 3630 1924 3686 novit
1964 3631 2037 3687 si-

457 3724 572 3779 mul
605 3722 854 3778 eumdem
910 3735 1033 3777 esse
1079 3722 1171 3790 qui
1219 3720 1462 3776 consulis
1521 3720 1708 3775 habitu
1752 3733 1981 3777 ornatur
2018 3740 2034 3776 :

406 3810 425 3819 '
457 3817 808 3883 vicissimque
841 3812 888 3867 si
935 3811 1214 3868 consulem
1265 3812 1439 3880 ipsum
1481 3810 1874 3881 appellaverit,
1926 3828 2038 3869 non

460 3906 677 3977 ignorat
731 3905 879 3960 hunc
932 3900 1184 3957 eumdem
1223 3915 1344 3957 esse
1395 3915 1599 3971 regem.
1639 3900 1731 3956 Sic
1777 3901 2039 3961 Dominus

460 4006 645 4054 noster
673 3994 837 4051 Jesus
867 3993 1125 4050 Christus
1148 4001 1268 4047 erat
1298 3992 1518 4063 quidem
1547 3991 1644 4047 Dei
1674 3994 2038 4059 sempiternus

460 4091 649 4156 Filius,
701 4086 846 4144 Deus
916 4101 1078 4142 verus
1126 4084 1437 4151 exsistcns;
1512 4094 1787 4157 assumpta
1854 4094 2037 4142 autem

458 4182 749 4255 postremis
770 4178 1102 4250 temporibus
1117 4178 1281 4234 etiam
1304 4178 1669 4243 humanitate,
1686 4194 1823 4234 unus
1864 4179 2037 4234 idem-

460 4289 567 4345 que
599 4282 704 4344 est,
730 4272 845 4329 sive
877 4271 1040 4342 Deus,
1090 4271 1206 4329 sive
1246 4272 1432 4353 homo,
1476 4270 1592 4327 sive
1643 4269 1804 4328 Jesus
1848 4272 2037 4342 appel-

462 4367 625 4423 ietur.

2137 2454 2199 2505 γε
2240 2438 2462 2492 κάκεῖνο
2504 2439 2947 2512 διασκεψώμεθα,
2994 2443 3070 2506 ὡς
3114 2445 3164 2497 εί
3209 2446 3286 2516 μὴ
3319 2446 3452 2499 Θεὸν
3488 2447 3605 2515 ἅμα
3636 2452 3742 2503 καὶ

2140 2527 2426 2600 ἄνθρωπον
2486 2530 2758 2601 ἠπίστατο
2820 2531 2912 2585 τὸν
2970 2532 3206 2601 Χριστὸν
3267 2538 3296 2589 6
3368 2535 3512 2600 θεῖος
3569 2540 3739 2594 Ἀπό-

2141 2619 2350 2686 στολος,
2376 2621 2478 2673 οὑκ
2526 2620 2593 2674 ἂν
2624 2620 2809 2690 ἔλεγεν
2837 2622 2904 2675 τὸ
2934 2623 3087 2676 κατὰ
3137 2624 3367 2693 odpxa'
3417 2629 3577 2683 τοῦτο
3619 2633 3738 2705 γὰρ

2141 2711 2390 2779 φανερῶς
2438 2712 2532 2764 ἐπὶ
2585 2710 2678 2764 τοῦ
2731 2711 2808 2783 μὴ
2860 2713 3022 2783 μόνον
3068 2716 3395 2788 ἀνθρώπου,
3450 2721 3586 2774 ἀλλὰ
3635 2727 3739 2778 καὶ

2142 2801 2264 2856 καθ’
2306 2802 2493 2876 ἔτερόν
2542 2819 2595 2855 τι
2632 2803 2731 2874 τὴν
2776 2804 2962 2859 οὐσίαν
3016 2806 3169 2872 ὄντος
3223 2808 3476 2877 λέγεται·
3538 2812 3741 2886 ὥσπερ

2141 2890 2234 2949 οὖν
2287 2895 2384 2948 καὶ
2429 2896 2730 2966 ἐπήγαγεν,
2761 2900 2795 2950 ὀ
2834 2897 2920 2953 ὢν
2948 2896 3314 2955 ἐπιστάντων
3343 2905 3506 2969 Θεός’
3534 2905 3740 2975 διπλῆν

2144 2987 2252 3059 γάρ
2301 2986 2536 3041 ἐνταῦθα
2590 2987 2691 3053 τὴν
2742 2989 2999 3060 περὶτοῦ
3043 2992 3297 3064 Σωτῆρος
3337 2995 3494 3066 ήμῶν
3539 2997 3741 3068 ὁμολο-

2143 3079 2269 3146 γίαν
2312 3078 2682 3147 παραδέδωκε,
2740 3081 2835 3134 καὶ
2881 3081 2945 3134 τὸ
3000 3083 3142 3136 κατὰ
3187 3086 3367 3156 σάρκα
3419 3089 3735 3156 ἐπιδείξας,

2143 3166 2237 3221 καὶ
2266 3166 2399 3221 Θεὸν
2430 3168 2779 3240 άνακηρύξας
2817 3171 2942 3243 (2).]
2981 3173 3188 3244 Ὂνπερ
3218 3176 3326 3246 γὰρ
3349 3178 3549 3251 τρόπον
3578 3183 3607 3234 6
3638 3183 3740 3238 ἐπὶ

2144 3259 2247 3329 γῆς
2281 3259 2553 3329 βασιλεὺς,
2595 3263 2649 3315 εἴ
2693 3278 2821 3316 ποτε
2867 3266 2927 3317 ἐν
2981 3265 3189 3319 ὑπάτου
3245 3272 3484 3340 σχήματι
3532 3272 3738 3344 προελ-

2145 3353 2256 3406 θεῖν
2286 3353 2596 3426 βουληθείη,
2642 3357 2705 3409 ού
2733 3356 2820 3410 διὰ
2846 3356 3005 3412 τοῦτο
3032 3359 3126 3413 τοῦ
3177 3356 3314 3415 εἶναι
3342 3362 3596 3431 βασιλεὺς
3632 3364 3742 3419 πέ-

2146 3462 2372 3509 παυται,
2400 3445 2526 3500 οὔτε
2567 3447 2674 3517 μὴν
2711 3449 2809 3518 τὴν
2836 3450 3109 3522 προτέραν
3141 3451 3462 3509 αὑθεντείαν
3507 3455 3739 3509 ἀπώλε-

2147 3553 2261 3601 σεν,
2293 3537 2406 3590 άλλί
2437 3534 2520 3601 ε’ἴς
2547 3539 2641 3592 καὶ
2667 3540 2695 3591 6
2723 3540 2885 3604 αὑτὸς
2914 3542 3152 3614 ὑπάρχει
3192 3544 3329 3615 πρὸς
3366 3548 3434 3617 τῇ
3484 3545 3741 3619 βασιλείᾳ

2147 3628 2241 3682 καὶ
2267 3627 2328 3681 τὸ
2367 3628 2467 3698 τῆς
2502 3629 2767 3694 ὑπατείας
2796 3632 2936 3702 ἔχων
2956 3649 2970 3666 σ
3003 3634 3108 3687 κᾶν
3137 3635 3191 3688 ετ
3218 3652 3300 3699 τις
3344 3636 3600 3707 ὀνομάσοι
3631 3638 3738 3708 βα-

2150 3719 2321 3786 σιλέα,
2374 3716 2514 3775 οἶδεν
2556 3722 2631 3785 ὡς
2679 3723 2840 3788 αὑτός
2883 3727 3031 3778 ἐστιν
3074 3728 3104 3779 6
3153 3728 3247 3781 καὶ
3277 3727 3336 3780 τὸ
3376 3726 3470 3780 τοῦ
3520 3729 3740 3783 ὑπάτου

2149 3815 2336 3886 σχῆμα
2369 3813 2857 3886 περιθαλλόμενοςο
2899 3815 2994 3868 καὶ
3026 3815 3184 3870 πάλιν
3214 3833 3270 3870 τε
3313 3820 3359 3869 εί
3403 3815 3610 3872 ὑπατον
3642 3817 3741 3872 τὸν

2148 3905 2309 3960 αὑτὸν
2338 3905 2614 3975 ὀνομάσοι,
2645 3904 2736 3959 τὸν
2773 3905 2935 3959 αὑτὸν
2963 3902 3104 3960 οἶδεν
3150 3908 3245 3960 καὶ
3291 3907 3519 3978 βασιλέα
3555 3908 3744 3979 ὑπάρ-

2149 4014 2312 4067 χοντα
2370 3996 2447 4067 (5)
2473 4015 2485 4026 ·
2504 3996 2680 4061 οὑτως
2712 3999 2740 4051 6
2765 3998 2970 4067 Κύριος
3004 3999 3160 4069 ἡμῶν
3184 3997 3407 4069 κἸησοῦς
3438 4001 3467 4054 6
3496 4001 3739 4071 Χριστὸς

2146 4082 2215 4156 ἦν
2257 4086 2355 4156 μὲν
2386 4084 2475 4139 ἀεὶ
2499 4085 2592 4139 τοῦ
2620 4084 2757 4138 Θεοῦ
2797 4085 2946 4153 Υἱὸς,
2977 4086 3109 4149 Θεὸς
3150 4087 3413 4158 ὑπάρχων
3434 4087 3737 4156 άληθινὸς,

2148 4179 2472 4252 προσλαϐὼν
2500 4179 2557 4232 δέ
2597 4182 2656 4234 ἐν
2700 4178 2946 4250 ὑστέροις
2972 4180 3184 4251 χρόνοις
3224 4181 3320 4234 καὶ
3360 4182 3420 4235 τὸ
3452 4180 3738 4252 ἀνθρώπι-

2148 4290 2260 4337 νον,
2306 4266 2387 4335 εἷς
2435 4272 2531 4325 καὶ
2570 4272 2599 4324 6
2646 4270 2809 4334 αὑτὸς
2857 4270 3111 4342 ὑπάρχει,
3156 4270 3259 4326 κᾶν
3300 4271 3432 4336 Θεὸς
3481 4274 3740 4344 λέγηται,

2150 4367 2253 4419 κᾶν
2281 4363 2587 4433 ἄνθρωπος,
2621 4361 2722 4417 κᾶν
2764 4362 2989 4434 Ἰησοῦς.

536 4462 622 4516 15.
656 4460 785 4528 Quae
818 4476 939 4516 cum
977 4461 1046 4515 ita
1083 4459 1425 4525 sevitabeant,
1482 4458 1663 4529 agesis
1701 4457 2036 4514 Dominicum

2223 4462 2303 4508 ιε’.
2347 4453 2565 4508 Τούτων
2592 4453 2649 4507 δέ
2682 4454 2854 4518 οὑτως
2885 4455 3139 4525 ἐχόντων,
3170 4455 3302 4527 φέρε
3351 4456 3446 4509 καὶ
3488 4456 3588 4526 τὴν
3618 4456 3744 4510 Κυ-

462 4567 677 4623 quoque
699 4552 916 4607 eifatum
951 4554 1002 4606 in
1044 4552 1281 4607 medium
1307 4552 1693 4620 producamus,
1729 4548 1886 4620 cujus
1906 4564 2043 4618 prat-

2155 4545 2349 4620 ριακὴν
2379 4547 2459 4611 είς
2506 4546 2669 4615 μέσον
2703 4547 3248 4618 φωνὴνκάγάγωμεν,
3278 4549 3363 4617 ἐφ’
3397 4549 3464 4619 ῆν
3495 4548 3741 4618 μάλιστα

461 4645 622 4713 cipue
677 4659 841 4699 causa
896 4643 1157 4699 audacius
1211 4642 1369 4699 nobis
1437 4643 1645 4697 instant
1705 4642 2036 4707 adversarii;

2149 4638 2243 4692 καὶ
2275 4637 2610 4710 θρασύτερον
2642 4640 2777 4709 ἡμῖν
2804 4637 3117 4707 ἐφίστανται
3149 4638 3418 4707 λέγοντες,
3449 4639 3525 4702 ὡς
3566 4639 3742 4705 αὑτὸς

464 4750 659 4807 nempe
681 4736 823 4804 quod
855 4736 1045 4806 ipsein
1072 4734 1400 4805 evangelicis
1435 4733 1915 4805 praedicationibus
1947 4734 2036 4789 bo-

2146 4735 2205 4788 ἐν
2246 4736 2358 4798 τοῖς
2399 4733 2777 4802 εὑαγγελικοίς
2819 4732 3171 4804 κηρύγμασιν
3216 4731 3505 4804 ἄνθρωπον
3534 4734 3742 4788 ἑαυτὸν

465 4829 666 4883 minem
689 4843 748 4883 se
767 4827 1053 4885 confessus
1079 4829 1152 4883 sit
1190 4828 1423 4883 dicens:
1467 4845 1488 4878 ι
1515 4826 1624 4881 Cur
1662 4840 1748 4881 me
1800 4826 2036 4896 quaeritis

2145 4826 2499 4896 ὡμολόγησεν
2519 4822 2701 4892 λέγων
2719 4840 2732 4853 ·
2776 4842 2795 4875 ι
2833 4824 2900 4876 Τί
2930 4841 2997 4894 με
3030 4824 3245 4894 ζητεῖτε
3272 4826 3614 4890 ἀποκτεῖναι,
3643 4826 3740 4880 ἄν.

462 4920 734 4984 occidere,
797 4921 1070 4975 hominem
1144 4918 1236 4986 qui
1295 4918 1580 4974 veritatem
1631 4917 1785 4973 vobis
1830 4917 2036 4974 locutus

2149 4918 2367 4990 θρωπον
2392 4918 2451 4981 ὃς
2479 4918 2578 4989 τὴν
2600 4917 2858 4987 ἀλήθειαν
2902 4918 3031 4989 ὑμῖν
3073 4917 3379 4987 λελάληκα;
3417 4936 3435 4969 ι
3469 4919 3530 4971 Εἰ
3557 4918 3615 4971 δέ
3645 4935 3739 4982 τις

466 5028 582 5067 sum
612 5012 691 5066 ⁷³2
721 5031 739 5063 ι
765 5012 872 5068 Sed
896 5011 1041 5067 enim
1070 5009 1253 5079 siquis
1285 5008 1531 5063 veritatis
1562 5009 1840 5064 studiosus
1871 5023 2036 5063 evan-

2151 5008 2463 5079 φιλαλήθως
2493 5010 2603 5072 τοῖς
2631 5008 3006 5077 εὐαγγελικοῖς
3033 5008 3312 5063 ἐπιϐάλλει
3333 5010 3573 5081 χωρίοις,
3598 5008 3738 5064 ἔνθα

536 5187 578 5219 ⁷³
615 5186 657 5240 li
695 5187 823 5243 Cor.
868 5202 941 5252 tv,
973 5185 1028 5239 5.
1104 5186 1148 5215 ⁷¹
1192 5182 1350 5237 Rom.
1381 5198 1455 5250 ts,
1492 5183 1541 5238 5.
1622 5184 1668 5215 ⁷⁸
1702 5181 1856 5239 Joan.
1893 5199 2011 5248 vttt,
2045 5183 2135 5239 40.

2141 5360 2533 5417 inveniremus.

2212 5428 2288 5502 (2)
2318 5430 2499 5502 ilunc_
2525 5443 2741 5501 quoque
2783 5425 2971 5501 Cyrilli
3017 5436 3250 5502 tractum
3303 5426 3515 5502 recitat,
3554 5434 3608 5502 et
3631 5439 3743 5479 suo

2137 5497 2453 5574 testimonio
2474 5497 2606 5574 facit
2629 5497 3506 5574 a'uthen'tieutnJustinianusioeo
3533 5497 3739 5574 citato.

2214 5569 2287 5641 (3)
2316 5572 2453 5643 Apte
2500 5571 2676 5643 utitur
2722 5572 2825 5625 hac
2869 5570 3226 5643 similitudine
3264 5566 3527 5643 Cyriiius,
3571 5566 3745 5643 cujus

464 5658 595 5697 vero
624 5633 781 5712 nobis
829 5642 1076 5712 contigit,
1118 5652 1176 5693 ut
1222 5633 1408 5712 Gyriili
1445 5633 1623 5712 simul
1666 5656 1821 5710 opus,
1858 5642 2032 5708 deque
2136 5633 2294 5712 relate
2325 5633 2503 5712 adhuc
2534 5641 2894 5711 imperatores
2918 5640 3285 5705 consulatum,
3308 5633 3441 5693 'cutn
3481 5636 3561 5692 eis
3592 5633 3739 5688 libe-

464 5727 532 5768 eo
574 5706 752 5783 regale
802 5706 1281 5768 ac'ccrtissitnuzn'
1322 5707 1615 5765 Justiniani
1664 5706 2031 5767 testimonium
2136 5711 2248 5777 bat,
2298 5709 2547 5767 adibant.

536 5368 613 5437 (l)
642 5364 947 5437 Reeitatur_
970 5361 1058 5437 hic
1085 5369 1289 5437 tractus
1337 5358 1653 5437 nominatim
1689 5376 1751 5415 ex
1782 5362 1883 5437 hoc
1928 5359 2036 5431 Cy-

466 5428 571 5489 rilii
596 5428 850 5490 sermone
872 5449 900 5484 a
924 5430 1228 5486 .iustiniano
1259 5430 1387 5498 imp.
1412 5429 1463 5482 in
1485 5428 1739 5484 Tractatu
1755 5431 1819 5483 ad
1850 5428 2038 5485 mona-

466 5505 597 5559 chos
623 5504 1020 5559 AleXantirinos
1061 5500 1486 5571 MuttOpltysilas,
1513 5515 1671 5571 quem
1708 5514 1819 5571 nos
1863 5500 2038 5555 edidi-

465 5590 585 5629 mus
618 5573 951 5637 Script..vet.
980 5583 1019 5625 ι.
1057 5569 1168 5633 Vil,
1203 5568 1355 5635 cujus
1378 5571 1505 5639 ,vide
1531 5568 1593 5639 'p.
1622 5570 1748 5625 506.
1783 5569 2036 5625 Fciiciter
