4080 6418
286 427 402 484 επ

1414 426 1604 497 QUOD
1642 429 1704 487 Β.
1751 430 1966 488 MARIA
2011 433 2118 489 SIT
2159 430 2479 491 DEIPARA.

3440 412 3449 417 ’
3468 431 3574 488 ert

287 545 457 600 τοῦτο
476 543 780 616 λελάληκεν
804 546 834 599 6
857 545 1073 618 Σωτὴρ,
1106 547 1312 620 σφόδρα
1355 550 1770 619 καταγνώσεται
1796 552 1895 621 τῆς

2020 553 2200 624 ςθιίοοε
2230 554 2398 609 adibit
2449 552 2616 619 locos,
2672 550 2759 608 hic
2812 549 2903 606 ubi
2952 549 3211 605 Servator
3244 547 3332 621 ita
3365 547 3581 605 locutus

287 634 635 705 zamtéxvou
676 632 910 706 γνώμης
952 635 1154 704 αὐτῶν,
1186 638 1279 690 καὶ
1328 637 1776 709 φιλεγκλήμονας
1815 639 1894 691 δι-

286 727 469 789 καίως
516 724 861 778 ἀποκαλέσει
910 726 1007 779 καὶ
1071 727 1446 795 συκοφάντας’
1499 728 1740 782 τοσαῦτα
1784 728 1895 798 γάρ

287 818 598 887 λελάληκεν
625 817 736 889 πρὸ
759 816 970 886 ταύτης
995 817 1099 888 τῆς
1121 818 1338 884 λέξεως,
1364 818 1496 873 Θεὸν
1533 818 1727 873 ἑαυτὸν
1755 819 1896 873 ἀπο-

299 910 508 979 φαίνων
567 910 668 963 καὶ
714 909 853 963 Θεοῦ
904 909 1052 976 Υἱὸν,
1097 910 1174 973 ὡς
1217 911 1310 963 καὶ
1354 910 1551 975 αὐτοὺς
1601 910 1724 964 τότε
1771 911 1898 975 τοὺς

314 1001 636 1068 Ἰουδαίους,
691 1000 927 1071 ἐπείπερ
985 1000 1326 1070 ὲτύφλωττον
1387 1004 1489 1073 τῆς
1546 1002 1788 1065 διανοίας
1834 1001 1899 1056 τὸ

299 1095 472 1166 ὄμμα,
501 1094 599 1148 διὰ
627 1092 793 1147 τοῦτο
824 1093 1062 1163 μάλιστα
1099 1092 1385 1164 βούλεσθαι
1419 1094 1581 1147 αὑτὸν
1612 1095 1856 1163 ἀναιρεῖν
1880 1131 1893 1146 .

304 1188 416 1240 Καὶ
444 1186 631 1241 πάντα
672 1186 862 1238 ἐκεῖνα
909 1187 1090 1256 σιωπῇ
1115 1183 1519 1255 παραδιδόντες,
1567 1185 1773 1257 ταύτην
1801 1186 1899 1256 ἀρ-

300 1280 536 1344 πάζουσι
566 1278 669 1346 τὴν
697 1276 865 1342 λέξιν,
895 1278 1080 1348 ὅμοιόν
1111 1294 1160 1331 τι
1185 1276 1468 1341 ποιοῦντες
1495 1281 1608 1340 τοῖς
1636 1278 1758 1331 τότε
1801 1279 1901 1331 Φα-

302 1372 540 1442 ρισαίοις
559 1386 577 1398 ο
606 1369 854 1422 κάκεῖνοι
885 1368 1001 1439 γάρ
1026 1366 1329 1421 διδάσκοντι
1353 1367 1432 1437 τῷ
1463 1368 1676 1437 Σωτῆρι
1727 1382 1900 1437 προσ-

296 1464 517 1534 έμενον,
552 1463 617 1515 ού
651 1459 933 1515 πιστεύειν
961 1459 1237 1522 ἐθέλοντες
1262 1460 1356 1513 καὶ
1376 1459 1742 1525 διδάσκεσθαι,
1766 1458 1901 1513 ἀλλά

296 1552 579 1624 θηρεῦσαί
610 1569 666 1604 τι
698 1552 763 1603 ὲκ
806 1549 899 1603 τοῦ
948 1549 1219 1620 στόματος
1246 1548 1414 1602 αὐτοῦ
1459 1548 1795 1619 βουλόμενοι,
1825 1548 1903 1612 ὼς

299 1648 328 1698 6
353 1642 767 1713 εὐαγγελιστὴς
815 1642 1056 1710 ἱστορεῖ·
1107 1639 1297 1711 ὥσπερ
1344 1639 1441 1692 οὖν
1479 1641 1573 1693 καὶ
1620 1630 1765 1693 οὗτοι
1807 1638 1903 1694 νῦν

307 1733 806 1802 ἀναγινώσκουσιν,
838 1729 1040 1801 μᾶλλον
1060 1728 1115 1781 δὲ
1152 1726 1609 1800 περιεργάζονται
1630 1727 1728 1791 τὰς
1756 1725 1906 1789 θείας

311 1827 553 1899 Γμιςρὰς,
588 1826 678 1878 ἵνα
717 1841 772 1875 τι
806 1822 1139 1891 κατηγορεῖν
1184 1808 1420 1890 εὕρωσιν
1444 1818 1539 1872 τοῦ
1582 1816 1683 1890 τὴν
1726 1817 1906 1888 ψυχὴν

316 1920 451 1992 ὑπὲρ
495 1916 687 1972 αὐτῶν
729 1913 1063 1976 τεθεικύτος.

390 2103 484 2161 ις’.
498 2094 633 2148 Τίδὲ
651 2093 711 2145 ὲν
727 2093 839 2155 τοῖς
856 2090 962 2161 πρὸ
976 2088 1179 2159 ταύτης
1193 2089 1290 2158 τῆς
1310 2089 1496 2159 φωνῆς
1513 2088 1718 2157 ἔλεγεν,
1739 2106 1911 2145 κατα-

329 2190 601 2259 νοήσωμεν
619 2202 665 2237 ἰ
689 2184 750 2238 Ὃ
766 2185 959 2253 Πατήρ
984 2199 1107 2262 μου,
1131 2183 1318 2253 φησὶν,
1336 2181 1439 2243 ἕως
1453 2183 1578 2252 ἀρτι
1598 2181 1909 2253 ἐργάζεται,

340 2276 823 2349 ιάγὼὲρτάζομαι.
853 2293 873 2327 ι
902 2274 1016 2327 Καὶ
1039 2272 1258 2343 Πατέρα
1286 2272 1417 2325 ίδιον
1445 2271 1630 2341 ἔλεγεν
1648 2272 1740 2326 τὸν
1755 2273 1909 2340 Θεὸν,

340 2373 449 2426 ἴσον
468 2370 646 2423 ἑαυτὸν
672 2367 848 2422 ποιῶν
866 2364 947 2437 τῷ
968 2364 1110 2436 Θεῷ,
1131 2364 1201 2419 τὰ
1225 2363 1366 2417 αὐτὰ
1396 2363 1476 2435 τῷ
1518 2364 1696 2433 Πατρὶ
1741 2381 1915 2436 παρα-

332 2463 566 2535 πλησίως
592 2462 653 2531 δη
662 2459 1037 2532 μιουργοῦντα
1054 2493 1072 2512 .
1108 2476 1128 2510 t
1173 2458 1240 2510 ’Δ
1266 2456 1376 2528 γὰρ
1403 2456 1470 2510 ἂν
1514 2455 1723 2519 ἐκεῖνος
1746 2457 1911 2520 ποιεῖ,

319 2556 487 2613 ταῦτα
519 2555 617 2608 καὶ
663 2556 694 2607 6
721 2553 851 2615 Υἱὸς
897 2550 1105 2622 ὁμοίως
1143 2551 1308 2603 ποιεῖ.
1348 2567 1368 2600 ι
1426 2548 1557 2613 Καὶ,
1600 2567 1620 2600 ι
1654 2548 1775 2602 Ὅτι
1815 2546 1915 2618 τὴν

315 2648 501 2717 κρίσιν
543 2645 701 2716 αὐτῷ
744 2645 932 2698 πᾶσαν
979 2642 1215 2696 δέδωκεν
1257 2642 1287 2694 6
1329 2641 1540 2712 Πατὴρ,
1576 2640 1663 2694 ἵνα
1713 2639 1916 2704 πάντες

308 2740 517 2810 τιμῶσι
541 2738 638 2790 τὸν
675 2736 830 2801 Υίὸν,
863 2734 1050 2796 καθὼς
1089 2732 1291 2804 τιμῶσι
1327 2732 1420 2786 τὸν
1451 2732 1691 2803 Πατέρα.
1729 2751 1749 2784 ι
1779 2732 1913 2798 Καὶ,

311 2851 334 2884 ε
369 2831 645 2901 Ἔρχεται
676 2825 821 2897 ὥρα.
854 2825 950 2879 καὶ
988 2823 1085 2878 νῦν
1114 2826 1287 2887 ἐστιν,
1315 2824 1405 2876 ὅτε
1435 2825 1486 2876 oi
1525 2823 1712 2894 νεκροὶ
1749 2822 1915 2876 ἀκού-

307 2938 497 2977 σουσιν
525 2922 634 2990 τῆς
664 2919 855 2989 φωνῆς
895 2916 991 2971 τοῦ
1036 2916 1167 2970 Υίοῦ
1215 2916 1315 2970 τοῦ
1360 2914 1685 2988 ἀνθρώπου·
1724 2915 1818 2968 καὶ
1865 2917 1916 2969 oi

301 3013 659 3075 ἀκούσαντες
699 3011 982 3082 ζήσουσιν.
1023 3026 1041 3058 ι
1079 3004 1210 3061 Εἶτα
1257 3008 1344 3061 ἵνα
1395 3006 1471 3077 μὴ
1520 3006 1591 3058 τὰ
1636 3005 1915 3077 θεοπρεπῆ

301 3106 490 3160 ταῦτα
514 3103 818 3165 ἀκούοντες
847 3099 1307 3163 σκανδαλίζωνται
1353 3098 1442 3153 διὰ
1464 3098 1565 3169 τὴν
1606 3096 1810 3168 σάρκα,
1836 3097 1919 3150 ὅτι

302 3199 612 3269 ἄνθρωπος
642 3193 925 3265 ὁρώμενος
962 3191 1191 3245 τοιαῦτα
1213 3189 1537 3260 ἐφθέγγετο,
1567 3187 1694 3259 ἑξῆς
1718 3186 1918 3252 ἐπάγει

306 3266 433 3363 μετῖ
456 3290 644 3355 ὀλίγα,
678 3285 774 3340 καί
806 3301 991 3355 φησιν,
1019 3285 1101 3338 ὅτι
1130 3284 1259 3346 Υἱὸς
1287 3281 1580 3355 ἀνθρώπου
1605 3279 1753 3335 ἐστίν
1774 3317 1790 3333 .
1826 3278 1919 3350 Μὴ
1947 3266 1989 3325 C

304 3381 641 3453 θαυμάζετε
669 3380 854 3442 τοῦτο,
882 3379 979 3433 καὶ
1003 3376 1114 3448 γὰρ
1148 3376 1245 3430 καὶ
1269 3374 1475 3446 ταύτης
1497 3376 1596 3446 τῆς
1623 3373 1922 3453 εἰρημένης

306 3444 533 3545 φωνῆς,
578 3472 666 3524 ὅτι
693 3470 744 3522 οἱ
771 3444 1109 3531 ἀκούσαντες
1132 3467 1409 3538 ζήσουσινθ
1432 3444 1459 3518 ἡ(
1495 3444 1757 3535 Ἔρχεται
1779 3444 1922 3534 ὥραξ

306 3566 400 3619 ὅτε
431 3562 538 3616 καὶ
568 3563 777 3623 πάντες
805 3561 856 3613 οἱ
898 3560 957 3613 ὲν
989 3561 1102 3622 τοῖς
1137 3558 1423 3630 μνημείοις
1451 3556 1795 3621 ἀκούσονται,
1830 3555 1926 3610 καὶ

313 3654 700 3728 πορεύσονται
726 3655 777 3706 οἱ
823 3652 893 3705 τά
937 3651 1118 3720 ἀγαθά
1148 3652 1474 3721 ποιήσαντες
1520 3649 1601 3713 είς
1629 3649 1924 3702 ἀνάστασιν

312 3750 491 3821 ζωῆς,
527 3751 579 3802 οἱ
611 3748 672 3801 δὲ
714 3747 785 3800 τά
810 3745 993 3816 φαῦλα
1030 3744 1337 3816 πράξαντες
1362 3746 1443 3808 εἰς
1468 3743 1765 3798 ἀνάστασιν
1805 3742 1927 3814 κρί-

318 3855 486 3905 σεως*
521 3860 541 3893 ι
570 3839 639 3892 τὸ
661 3838 764 3909 μὲν
793 3838 905 3908 γάρ
940 3836 1207 3909 πρότερον
1258 3835 1570 3909 εἰρημένον,
1603 3836 1685 3889 ὅτι
1716 3854 1735 3887 t
1767 3834 1919 3907 ἔρχεο

319 3952 411 3990 ται
437 3934 588 4004 ὥρα,
620 3931 720 3983 καὶ
760 3930 857 3985 νῦν
902 3933 1087 3984 ἐστιν·
1127 3948 1146 3981 ι
1184 3929 1279 3982 καὶ
1318 3928 1413 3992 τὸ,
1452 3947 1471 3979 ι
1510 3928 1561 3981 oi
1598 3926 1929 3990 ἀκούσαντες

334 4026 615 4098 ζήσονται,
652 4041 674 4076 ι
708 4023 842 4093 περὶ
883 4021 995 4076 τῶν
1037 4020 1182 4075 κατά
1223 4019 1317 4077 τὸν
1345 4018 1538 4091 καιρὸν
1565 4020 1774 4073 ἐκεῖνον
1800 4020 1931 4073 ἀνα-

344 4119 582 4173 στάντων
626 4116 845 4188 νεκρῶν
866 4113 1156 4186 εἰρῆσθαιο
1196 4111 1345 4177 τὸδὲ,
1378 4129 1399 4163 ε
1428 4111 1630 4174 πάντες
1650 4111 1700 4164 οἱ
1734 4111 1793 4163 ἐν
1819 4110 1929 4169 τοῖς

337 4212 652 4283 μνημείοις,
689 4228 712 4262 ι
745 4210 848 4281 τὴν
864 4206 1237 4278 ἀναστάσιμον
1260 4206 1356 4277 τῆς
1379 4204 1593 4270 ἐνδόξου
1628 4203 1931 4276 παρουσίας

330 4304 496 4357 αὐτοῦ
545 4301 848 4374 σημαίνειν
890 4300 1127 4371 ἡμέραν.
1170 4299 1280 4352 Καὶ
1329 4298 1449 4368 μετ’
1495 4295 1651 4367 ὀλίγα
1678 4296 1737 4350 δὲ
1769 4295 1932 4349 πάλιν

326 4397 539 4467 φησίνο
597 4413 620 4447 ι
687 4392 832 4463 Ἐγώ
875 4395 991 4465 ειμι
1033 4393 1062 4446 ὁ
1109 4392 1274 4463 ἄρτος
1316 4392 1415 4462 τῆς
1468 4391 1634 4463 ζωῆς.
1687 4409 1709 4442 ι
1771 4389 1934 4444 Ἀλλά

321 4488 507 4544 ταῦτα
572 4487 787 4552 πάντα,
845 4484 1035 4556 ὥσπερ
1083 4485 1186 4539 οὐκ
1239 4483 1564 4548 ἀκούοντες,
1622 4482 1825 4554 μᾶλλον
1875 4482 1933 4535 δὲ

1995 657 2098 712 est,
2128 660 2455 717 magnopere
2481 644 2761 700 damnabit
2783 643 3113 698 malitiosam
3139 642 3578 703 adversariorum

1996 739 2323 796 sententiam
2357 752 2563 809 eosque
2588 736 2929 791 cavillatores
2960 750 3023 790 ac
3055 735 3422 807 sycophantas
3454 732 3582 804 jure

1997 833 2301 900 meritoque
2328 828 2654 900 appellabit:
2691 827 2817 883 talia
2842 827 2986 881 enim
3009 841 3073 881 ac
3108 834 3256 880 tanta
3283 834 3411 880 ante
3429 827 3573 880 hanc

1997 924 2287 981 dictionem
2315 921 2561 977 elocutus
2595 919 2796 983 fuerat,
2826 917 2992 973 Deum
3027 931 3087 972 se
3106 915 3487 971 demonstrans
3528 923 3584 969 et

1998 1014 2092 1071 Dei
2123 1014 2341 1078 Filium,
2378 1022 2437 1068 ut
2471 1013 2569 1083 ipsi
2606 1010 2746 1066 illius
2775 1008 3036 1080 temporis
3083 1005 3276 1072 Judaei,
3324 1005 3581 1076 quoniam

2001 1108 2197 1162 mentis
2230 1106 2447 1162 oculum
2471 1114 2804 1159 excaecatum
2823 1101 3106 1171 gerebant,
3163 1099 3234 1155 ob
3272 1114 3335 1154 ea
3364 1098 3587 1169 elbquia

2000 1196 2239 1252 maxime
2264 1194 2465 1250 vellent
2495 1193 2646 1247 illum
2699 1190 2968 1246 occidere.
3023 1187 3115 1242 lati
3158 1201 3326 1258 porro
3377 1185 3583 1257 egregii

2001 1286 2295 1344 adversarii
2321 1294 2514 1341 cuncta
2550 1283 2638 1338 illa
2666 1280 2882 1337 silentio
2903 1286 3229 1349 prementes,
3253 1279 3394 1332 hanc
3415 1291 3576 1330 unam

2003 1376 2104 1433 sibi
2143 1377 2359 1447 rapiunt
2388 1375 2701 1441 dictionem,
2740 1373 2883 1428 haud
2935 1371 3092 1426 aliter
3144 1384 3204 1426 se
3262 1384 3424 1439 quam
3450 1369 3583 1423 olim

2003 1467 2262 1524 Pharisaei
2300 1475 2584 1538 gerentes:
2618 1479 2853 1535 namque
2889 1476 2944 1518 et
2976 1463 3031 1518 hi
3060 1462 3274 1518 docenti
3307 1460 3586 1516 Servatori

2008 1550 2532 1622 attendebant,‘non
2556 1556 2683 1626 quia
2716 1555 2938 1610 credere
2990 1561 3085 1607 aut
3112 1552 3327 1607 edoceri
3365 1551 3584 1616 vellent,

2006 1653 2103 1709 sed
2131 1652 2257 1723 quia
2291 1659 2508 1719 captare
2533 1646 2738 1717 aliquid
2754 1661 2819 1701 ex
2845 1646 2962 1714 ejus
2981 1658 3077 1699 ore
3099 1643 3354 1709 avebant,
3384 1649 3445 1723 ut
3461 1656 3588 1696 nar-

2007 1720 2440 1813 ratevangelista
2469 1738 2539 1794 τι.
2565 1738 2655 1794 Sic
2681 1736 2950 1809 igituristi
2982 1749 3200 1805 quoque
3227 1747 3371 1788 nunc
3404 1720 3592 1803 legunt

2008 1835 2093 1890 vel
2121 1835 2301 1904 potius
2326 1834 2541 1889 curiose
2576 1831 2839 1901 indagant
2891 1827 3104 1882 divinas
3134 1825 3465 1894 Scripturas,
3533 1831 3594 1877 ut

2013 1942 2203 1982 ansam
2239 1926 2472 1995 aliquam
2490 1922 2785 2001 accusandi
2813 1920 2966 1974 illum
3008 1917 3290 1974 inveniant
3320 1915 3410 1995 qui
3432 1928 3587 1969 suam

2011 2036 2111 2092 pro
2141 2018 2276 2090 ipsis
2310 1992 2547 2072 animam
2580 2014 2778 2084 posuit.
3394 1992 3395 1995 “

2084 2112 2172 2169 16.
2217 2109 2485 2177 Quidnam
2535 2121 2664 2161 vero
2721 2111 2846 2160 ante
2888 2103 3203 2174 praedictam
3262 2098 3589 2155 locutionem

2015 2203 2236 2268 dixerit,
2265 2201 2644 2258 observemus.
2686 2216 2705 2249 ι
2737 2196 2900 2251 Pater
2965 2209 3139 2262 meus,
3179 2191 3377 2262 inquit,
3425 2202 3596 2258 usque

2014 2297 2194 2353 adhuc
2220 2302 2497 2365 operatur,
2524 2300 2694 2362 etego
2714 2303 2934 2360 operor.
2961 2306 2980 2340 ι
3013 2286 3225 2342 Patrem
3246 2298 3403 2341 suum
3426 2281 3594 2335 Deum

2018 2388 2170 2453 dicit,
2200 2370 2387 2456 parem
2418 2397 2478 2438 se
2502 2381 2710 2437 faciens
2735 2379 2865 2446 Deo,
2892 2377 3082 2433 eadem
3119 2390 3239 2446 quae
3286 2372 3450 2427 Pater
3478 2370 3594 2440 pari

2015 2479 2176 2536 modo
2205 2485 2505 2534 creantem.
2530 2472 2667 2527 Nam
2690 2491 2708 2525 ι
2735 2470 2864 2539 Quae
2883 2469 2973 2525 ille
2995 2468 3143 2533 facit,
3159 2465 3413 2522 eademet
3428 2462 3597 2520 Filius

2017 2571 2275 2627 similiter
2301 2566 2434 2622 facit
2455 2566 2524 2618 ⁷⁸.
2554 2585 2572 2616 ι
2607 2562 2832 2632 Insuper
2859 2577 2873 2615 :
2901 2579 2919 2612 ι
2964 2558 3116 2626 Quod
3149 2572 3313 2613 omne
3333 2553 3597 2627 judicium

2018 2663 2120 2733 ipsi
2149 2661 2314 2717 Pater
2347 2654 2706 2722 commiserit,
2732 2661 2792 2708 ut
2844 2666 3038 2708 omnes
3089 2648 3455 2706 honoriﬁcent
3503 2644 3597 2700 Fi-

2018 2756 2173 2819 lium,
2206 2753 2365 2807 sicuti
2394 2748 2612 2804 Patrem
2646 2743 3007 2799 honoriﬁcam
3033 2741 3101 2796 ⁷⁸.
3134 2758 3153 2792 ι
3180 2737 3313 2794 Item
3349 2754 3363 2790 :
3395 2755 3415 2790 ι
3446 2736 3597 2804 Quod

2018 2847 2168 2903 venit
2188 2846 2343 2910 hora,
2364 2850 2416 2896 et
2443 2854 2585 2894 nunc
2608 2846 2712 2901 est,
2734 2850 2856 2890 eum
2913 2831 3113 2888 mortui
3161 2831 3385 2885 audient
3412 2842 3598 2883 vocem

2020 2936 2142 2991 Filii
2175 2933 2444 2996 hominis;
2480 2938 2535 2984 et
2556 2928 2647 2997 qui
2681 2924 2973 2988 audierint,
2996 2924 3189 2985 vivent
3226 2923 3295 2976 '".
3328 2939 3346 2972 ι
3374 2919 3601 2993 Deinde,

2020 3044 2092 3084 ne
2121 3029 2238 3082 haec
2291 3025 2401 3080 Deo
2458 3030 2666 3077 tantum
2725 3017 2888 3088 digna
2941 3015 3245 3079 audientes,
3288 3020 3604 3084 paterentur

2021 3118 2336 3178 scandalum
2362 3123 2583 3187 propter
2610 3110 2730 3182 ejus
2783 3123 3025 3172 carnem,
3073 3105 3199 3176 quia
3258 3106 3313 3158 in
3365 3103 3600 3157 humana

2024 3212 2198 3269 forma
2228 3209 2353 3265 talia
2385 3207 2615 3270 diceret,
2641 3198 2813 3275 paulo~
2832 3209 2954 3271 post
3004 3196 3232 3261 addidit,
3278 3194 3490 3256 dicens,
3543 3205 3605 3245 se

2023 3304 2221 3363 Filium
2253 3299 2490 3357 hominis
2519 3312 2641 3354 esse
2666 3296 2730 3349 ⁷⁸.
2761 3292 2950 3362 Neque
2980 3286 3288 3352 miremini,
3322 3283 3466 3353 quod
3510 3280 3602 3350 qui

2024 3397 2168 3452 hanc
2202 3405 2391 3448 vocem
2416 3388 2711 3455 audierint,
2748 3383 2941 3440 victuri
2987 3380 3135 3439 sint:
3168 3395 3188 3430 ι
3248 3375 3412 3431 Venit
3470 3374 3604 3429 hora

2025 3501 2147 3543 cum
2178 3498 2368 3540 omnes
2396 3481 2488 3552 qui
2520 3480 2573 3535 in
2595 3475 2962 3534 monumentis
2992 3471 3201 3542 iacent,
3254 3467 3520 3523 audient:
3553 3472 3613 3518 et
3690 3484 3715 3491 τ

2025 3574 2324 3655 procedent
2381 3571 2475 3642 qui
2509 3569 2649 3624 bona
2681 3568 2931 3623 fecerunt
2959 3565 3013 3619 in
3040 3558 3496 3617 resurrectionem
3533 3553 3610 3608 vi~

2028 3647 2175 3734 tamet
2198 3666 2288 3738 qui
2320 3663 2462 3721 mala
2480 3668 2708 3732 egerunt
2728 3660 2781 3715 in
2807 3654 3266 3715 resurrectionem
3287 3648 3480 3720 iudicii
3497 3647 3603 3701 ⁷⁸.»

2025 3756 2162 3814 Nam
2195 3757 2345 3828 prius
2381 3755 2607 3819 dictum,
2626 3769 2645 3803 ι
2670 3749 2815 3821 quod
2842 3748 2990 3803 venit
3018 3746 3175 3809 hora,
3194 3751 3248 3799 et
3273 3755 3417 3796 nunc
3434 3746 3517 3794 est
3541 3755 3556 3804 ;
3586 3754 3629 3789 v-

2027 3860 2082 3908 et
2105 3851 2277 3907 illud:
2337 3866 2358 3901 ι
2399 3846 2492 3918 qui
2522 3845 2795 3900 audierint
2827 3843 3029 3903 vivent,
3068 3837 3193 3892 t'de
3245 3833 3351 3888 illis
3381 3832 3471 3902 qui
3522 3829 3613 3884 illo

2031 3950 2275 4012 tempore
2317 3934 2737 3993 resurrexerunt
2761 3930 2990 3987 mortuis
3016 3929 3219 3982 dictum
3250 3923 3371 3978 fuit.
3431 3918 3613 3974 Verba

2030 4011 2213 4087 autem
2248 4045 2264 4084 :
2306 4047 2325 4081 ι
2361 4041 2552 4084 omnes
2574 4024 2667 4095 qui
2694 4024 2749 4078 in
2768 4018 3133 4078 monumentis
3160 4016 3365 4086 iacent,
3408 4031 3428 4065 ι
3467 4011 3613 4066 diem

2030 4120 2303 4193 generalis
2329 4114 2751 4173 resurrectionis
2809 4121 2863 4167 et
2886 4111 3138 4182 gloriosae
3158 4106 3361 4165 Christi
3398 4104 3614 4175 apparia

2034 4213 2197 4270 tionis
2218 4210 2548 4281 signiﬁcant.
2577 4206 2647 4261 Et
2671 4204 2831 4275 paulo
2864 4209 2984 4273 post
3013 4214 3206 4255 rursus
3240 4197 3412 4252 dicit:
3456 4213 3475 4247 ι
3500 4193 3610 4263 Ego

2033 4317 2153 4359 sum
2179 4301 2333 4371 panis
2356 4301 2480 4353 vitae
2503 4294 2575 4352 ⁸ο.
2617 4313 2636 4348 ι
2664 4293 3055 4349 Verumtamen
3103 4289 3222 4344 haec
3252 4285 3457 4350 omnia,
3518 4297 3615 4338 ceu

2034 4411 2141 4451 non
2171 4394 2472 4457 audientes,
2506 4388 2591 4444 vel
2636 4387 2815 4459 potius
2844 4383 3209 4441 voluntariam
3276 4377 3614 4435 surdidatem

2036 4486 2377 4557 proﬁtentes,
2414 4481 2791 4535 transmittunt
2815 4493 2829 4544 ;
2860 4475 3003 4529 hanc
3029 4486 3191 4527 unam
3217 4483 3348 4524 vero
3370 4465 3615 4522 voculant

322 4579 835 4650 ἐθελοκωφοῦντες,
851 4576 1316 4649 παραπέμπονται
1335 4593 1349 4607 ο
1373 4573 1579 4646 ταύτην
1604 4574 1663 4627 δὲ
1705 4575 1803 4646 τὴν
1830 4591 1919 4643 (pro

2039 4594 2159 4650 qua:
2176 4578 2291 4632 ait:
2332 4594 2351 4627 ι
2376 4573 2531 4629 Nunc
2565 4580 2745 4627 autem
2772 4566 3014 4640 quaeritis
3041 4579 3127 4619 me
3157 4561 3486 4627 interﬁcere,
3519 4560 3619 4613 ho-

322 4680 423 4748 νην
453 4675 564 4745 τὴν
586 4673 881 4741 λέγουσαν,
929 4689 949 4719 α
1001 4670 1119 4724 Νῦν
1157 4669 1214 4722 δὲ
1255 4668 1472 4738 ζητεῖτέ
1501 4684 1567 4738 με
1589 4667 1929 4733 ἀποκτεῖναι,

321 4768 633 4838 ἄνθρωπον
670 4764 732 4828 ὃς
770 4763 868 4835 τὴν
914 4762 1174 4834 ἀλήθειαν
1221 4761 1349 4833 ὑμῖν
1393 4759 1689 4831 λελάληκα,
1722 4778 1740 4811 ι
1785 4775 1935 4828 περι-

325 4858 602 4929 φέρουσιν
649 4854 787 4926 πρὺς
829 4854 891 4907 τὸ
936 4852 1047 4906 τῶν
1088 4851 1495 4922 ἀκεραιοτέρων
1551 4849 1933 4920 διαταράττειν

324 4952 417 5005 τὴν
447 4948 611 5006 νοῦν.
662 4947 863 5020 Ἐχρῆν
891 4946 951 4999 δὲ
978 4946 1198 5010 αὐτοὺς,
1228 4943 1388 5015 εἴπερ
1412 4939 1552 5014 ἦσαν
1576 4942 1748 5013 ὀρθοὶ,
1776 4939 1936 4995 τοῦτο

328 5039 677 5111 λογίζεσθαι,
712 5039 796 5091 ὅτι
837 5054 943 5109 περ
971 5039 1001 5090 6
1028 5036 1097 5090 τά
1132 5036 1506 5107 προειρημένα
1541 5035 1804 5105 λαλήσας,
1844 5033 1935 5087 αύ-

326 5136 419 5198 τὸς
450 5133 560 5187 καὶ
581 5130 795 5203 ταύτην
821 5130 1013 5201 εἴρηκε
1037 5128 1135 5200 τὴν
1163 5128 1368 5200 φωνὴν,
1396 5128 1491 5181 καὶ
1523 5128 1599 5198 μὴ
1623 5126 1709 5180 διὰ
1734 5126 1938 5198 ταύτην

324 5226 437 5279 τῶν
466 5221 755 5278 τοσούτων
791 5221 983 5292 ὥσπερ
1014 5219 1539 5290 ἐπιλανθανομένους
1586 5217 1937 5281 σκανδαλίζει

328 5318 496 5371 σθαι·
531 5317 784 5369 κάκεῖνοι
810 5313 922 5384 γὰρ
964 5311 1251 5384 ἄνθρωπον
1271 5312 1525 5384 ὁρῶντες,
1563 5313 1658 5365 καὶ
1688 5312 1787 5375 τὰς
1824 5311 1942 5364 θεο-

2040 4673 2241 4725 minem
2274 4667 2365 4738 qui
2397 4666 2678 4723 veritatem
2711 4661 2864 4716 vobis
2892 4658 3106 4712 locutus
3129 4668 3302 4717 sum,»
3329 4650 3620 4708 circumfe-

2041 4769 2171 4818 runt
2196 4758 2262 4814 ad
2294 4754 2689 4828 perturbandas
2713 4748 3101 4819 simpliciorum
3159 4750 3391 4799 mentes.
3449 4742 3624 4811 Opor-

2042 4862 2183 4910 teret
2213 4858 2393 4906 autem
2426 4846 2569 4911 illos,
2621 4843 2667 4900 si
2723 4841 2857 4897 recti
2922 4845 3129 4903 essent,
3182 4836 3283 4892 hoc
3341 4845 3622 4904 reputare,

2034 4959 2243 5017 nempe
2272 4942 2365 5015 qui
2393 4939 2673 5011 superiora
2699 4936 2931 5001 dixerat,
2963 4930 3213 4987 eumdem
3276 4929 3422 4984 hanc
3460 4927 3623 4983 etiam

2045 5036 2338 5108 protulisse
2368 5030 2651 5095 voculam;
2681 5039 2856 5097 neque
2884 5021 3044 5093 hujus
3068 5035 3254 5086 causa,
3276 5027 3353 5073 tot
3378 5016 3468 5071 ilia
3509 5026 3625 5070 lan-

2046 5106 2207 5199 taque
2238 5126 2457 5189 oblitos,
2491 5116 2872 5177 seandalizari.
2900 5112 3034 5167 Nam
3060 5119 3114 5167 et
3143 5106 3313 5165 Judaei
3350 5106 3623 5187 hominem

2045 5196 2329 5283 videntes,
2345 5225 2395 5272 et
2427 5214 2539 5269 Deo
2562 5211 2754 5281 dignas
2776 5203 3078 5263 locutiones
3101 5200 3289 5255 audire
3314 5212 3417 5252 non
3445 5196 3626 5249 feren-

2050 5322 2150 5378 tes,
2179 5310 2391 5366 dicebar
2414 5318 2473 5366 ιε
2507 5324 2525 5356 ‹
2556 5303 2746 5358 Nonne
2771 5300 2859 5354 hic
2885 5305 2969 5352 est
2999 5293 3222 5362 Josephi
3270 5288 3431 5353 ﬁlius,
3475 5286 3628 5356 cujus

329 5410 577 5481 πρεπεῖς
599 5406 785 5477 φωνάς
817 5404 1040 5462 ἀκούειν
1061 5405 1162 5458 οὐκ
1180 5406 1517 5475 ἀνεχόμενοι,
1548 5405 1752 5473 ἔλεγονο
1789 5422 1811 5456 ι
1829 5404 1919 5472 Οὐ]

2050 5418 2151 5459 nos
2179 5412 2388 5474 patrem
2426 5405 2763 5464 matremque
2788 5389 3038 5445 novimus
3071 5384 3155 5437 ⁸ίῖ
3188 5401 3207 5434 ι
3238 5381 3531 5447 Denuuque
3562 5378 3628 5431 ad

331 5492 500 5562 οὗτός
527 5500 680 5550 ἐστιν
706 5499 735 5551 ὁ
776 5498 896 5560 υίὸς
932 5495 1154 5565 Ἰωσὴφ,
1190 5490 1252 5549 οὗ
1280 5497 1440 5566 ἡμεῖς
1466 5495 1686 5567 οἴδαμεν
1710 5497 1803 5549 τὸν
1835 5512 1941 5548 πα-

2050 5470 2197 5551 eum—
2234 5495 2582 5549 accesserunt
2635 5486 2928 5541 dicentes:
2986 5497 3005 5530 ‹
3039 5476 3208 5543 Quem
3256 5472 3487 5541 tcipsum
3544 5470 3628 5523 fu-

332 5594 475 5664 τέρα
497 5608 515 5659 ;
548 5611 568 5644 ι
606 5590 719 5643 Καὶ
742 5590 903 5643 πάλιν
943 5587 1095 5658 αὐτῷ
1127 5587 1438 5659 προσῄεσαν
1462 5587 1708 5655 λέγοντες
1728 5605 1742 5618 ’
1767 5606 1786 5638 ι
1813 5586 1919 5640 Τίνι

2053 5580 2231 5643 eis"?
2256 5603 2275 5638 ι
2306 5587 2374 5640 Et
2400 5595 2591 5639 rursus
2620 5596 2634 5635 :
2669 5596 2689 5631 ι
2744 5570 3144 5645 Quinquaginta
3172 5581 3345 5623 annos
3394 5568 3630 5621 nondum

420 5794 468 5827 "
494 5792 630 5847 Luc.
674 5807 751 5857 XI,
787 5790 880 5846 5d.
961 5790 1009 5821 ⁷⁸
1032 5788 1187 5843 Junn.
1223 5806 1273 5852 v,
1316 5792 1501 5846 17-19.
1580 5792 1624 5823 ⁷⁸
1657 5791 1791 5847 Ι-οτιη
1853 5809 1902 5859 v,

2020 5833 2027 5846 .
2106 5787 2149 5825 ’⁷
2176 5790 2305 5846 ibid.
2341 5788 2432 5845 ‘23.

352 5866 447 5923 55.
523 5865 566 5896 "
599 5862 736 5919 ibid.
768 5864 857 5918 4'2.
940 5859 984 5893 ⁸³
1006 5859 1159 5915 Joatt.
1189 5878 1303 5927 νιιι,
1337 5863 1425 5917 55.

2513 5786 2560 5820 ⁷⁸
2586 5786 2713 5842 ibid.
2747 5782 2813 5838 27
2891 5782 2934 5815 τ’
2966 5781 3097 5836 ibid.
3133 5776 3221 5835 29.
3302 5774 3347 5809 ³ο
3377 5773 3532 5833 50am.
3562 5787 3632 5840 vt,
