4080 6470
463 427 570 482 θ’ἵῦ

1493 427 1553 483 S.
1594 426 1871 484 CYRlLLl
1910 424 2380 482 ALEXANDRINI
2422 416 2745 482 ARCHIEP.

3637 418 3745 474 2/6

465 556 524 596 es
557 549 733 606 natus,
751 549 805 594 et
834 539 1199 595 Abrahamum
1230 541 1533 611 cognovisti
1559 543 1651 597 "1'
1687 563 1706 596 ι
1743 542 1887 598 Sane
1911 556 2047 611 opus

2159 543 2379 596 σεαυτὸν
2432 543 2646 605 ﬂoreis;
2695 557 2712 589 ι
2769 535 2881 589 Καὶ
2920 531 3114 588 πάλιν·
3172 549 3190 585 ι
3246 531 3592 603 Πεντήκοντα
3647 532 3746 604 ἐτη

461 638 608 684 esset
638 630 911 699 praedictis
974 632 1345 700 acquiescere,
1402 647 1578 702 neque
1627 634 1860 689 ulterius
1895 633 2049 703 quid-

467 737 630 784 quam
659 723 959 791 requirere.
1023 723 1157 777 Nam
1185 724 1276 794 qui
1313 735 1461 780 recto
1495 726 1778 780 ratiocinio
1821 727 1897 781 uti
1933 736 2047 781 stu-

470 815 601 866 dent
625 813 676 866 in
707 812 1016 866 divinarum
1058 813 1462 883 Scripturarum
1495 814 1728 879 acroasi,
1774 813 1917 870 bona
1947 815 2051 870 ﬁde

462 905 664 969 dicent,
697 905 1174 974 nibilrepugnare,
1213 906 1377 960 Deum
1434 904 1616 977 144i
1664 905 1823 960 simul
1859 916 1915 960 et
1955 906 2052 959 ho-

465 997 688 1063 minem,
720 1013 842 1052 curn
870 997 1210 1066 loquebatur,
1241 998 1402 1052 modo
1429 1013 1488 1052 se
1517 997 1706 1063 Deum,
1740 998 1902 1051 modo
1954 999 2048 1052 ho-

468 1089 665 1143 minem
690 1103 749 1143 se
783 1089 1117 1154 nominasse,
1148 1089 1278 1158 quin
1321 1097 1440 1143 utra
1479 1103 1546 1143 ex
1594 1090 1678 1144 his
1722 1088 2048 1160 appellatio-

468 1181 624 1236 nibus
653 1181 880 1236 alteram
911 1181 1172 1236 destruat.
1822 1172 1839 1183 ’

538 1360 626 1412 Π.
660 1359 802 1414 Sane
819 1371 871 1414 et
904 1359 1123 1414 aliunde
1153 1373 1379 1415 cernere
1403 1358 1552 1424 licet,
1588 1359 1866 1416 Christum
1902 1360 2051 1415 haud

466 1451 537 1504 ita
566 1437 972 1522 intelligendum
1021 1467 1148 1507 csse
1186 1453 1488 1516 hominem,
1512 1461 1572 1505 ut
1616 1454 1847 1507 istorum
1871 1452 2052 1521 Opinio

467 1543 587 1596 fert.
615 1541 907 1612 Postquam
929 1541 1100 1597 Judaei
1136 1542 1347 1596 facinus
1379 1542 1506 1595 illud
1529 1541 1917 1612 patrarunt,de
1945 1555 2053 1610 quo

465 1651 587 1687 cum
610 1635 714 1689 illis
752 1651 891 1688 nunc
917 1635 1180 1690 Dominus
1237 1637 1567 1704 expostulat,
1627 1635 2052 1698 salutarem,in-

463 1740 648 1793 quam,
671 1726 998 1792 passionem,
1017 1727 1060 1780 si
1080 1736 1334 1795 tanquam
1365 1725 1598 1779 hominis
1615 1726 1885 1780 occisores
1903 1725 2051 1777 dam-

466 1815 579 1868 nati
613 1815 862 1882 fuissent,
898 1825 1026 1871 tunc
1063 1816 1202 1870 haud
1233 1832 1395 1870 sensu
1443 1832 1661 1872 cassum
1716 1814 1854 1868 foret
1909 1814 2048 1883 quod

2164 632 2317 688 οὔπω
2344 633 2510 704 ἔχεις,
2547 631 2643 685 καὶ
2705 625 2956 697 ’Δϐραὰμ
2985 623 3310 694 γινώσκεις;
3364 643 3382 676 ι
3429 625 3538 677 Καὶ
3576 623 3745 694 ἐχρῆν

2158 726 2258 794 μὲν
2309 727 2420 787 τοῖς
2467 724 2568 793 ἠδη
2605 717 3026 792 προειρημένοις
3061 715 3374 786 ἀρκεῖσθαι,
3427 715 3523 768 καὶ
3578 714 3746 785 μηδὲν

2155 817 2316 870 πλέον
2355 813 2634 884 ἐπιζητεῖν
2653 829 2668 843 ο
2699 809 2887 880 οίδγὰρ
2917 806 3176 877 λογισμὸν
3203 805 3360 876 ὀρθὸν
3396 804 3543 875 ἔχειν
3580 823 3744 859 σπου-

2153 906 2407 971 δάςοντες
2437 905 2567 974 περὶ
2599 904 2699 970 τὴν
2725 900 2834 953 τῶν
2873 899 3034 953 θείων
3062 899 3100 950 Γ
3109 896 3297 968 ραφῶν
3335 897 3621 968 ἀκρόασιν,
3652 896 3747 949 εὑ-

2153 995 2450 1066 γνωμόνως
2477 993 2744 1058 λέξουσιν,
2785 991 2860 1052 ὡς
2893 989 3047 1044 οὐδὲν
3084 988 3285 1042 ἄτοπον
3320 988 3406 1057 εἴη
3448 986 3582 1039 Θεὸν
3607 986 3744 1057 ὁμοῦ

2154 1087 2249 1141 ml.
2280 1085 2566 1157 ἄνθρωπον
2600 1084 2748 1149 ὄντα,
2796 1083 2884 1136 ὅτε
2923 1079 3240 1150 λελάληκεν,
3275 1079 3407 1132 ποτὲ
3457 1080 3554 1149 μὲν
3587 1077 3745 1144 Θεὸν,

2156 1179 2288 1233 ποτὲ
2325 1179 2383 1232 δὲ
2431 1177 2716 1249 ἄνθρωπον
2750 1172 3136 1246 ὀνομάζεσθαι,
3176 1170 3432 1240 οὐδαμῶς
3475 1170 3746 1242 ἑκατέρας

2156 1271 2528 1343 προσηγορίας
2553 1270 2653 1340 τὴν
2686 1269 2879 1340 ἑτέραν
2910 1265 3230 1336 ἀθετούσης.

2228 1363 2316 1426 ιζ’.
2367 1361 2587 1432 Ἐπειδὴ
2619 1360 2676 1414 δὲ
2708 1359 2882 1412 ἔνεστι
2916 1358 3010 1410 καὶ
3044 1356 3310 1426 ἑτέρωθεν
3338 1354 3498 1408 τοῦτο
3520 1354 3748 1425 θεωρεῖ-

2156 1455 2312 1520 σθαι,
2348 1455 2423 1518 ὡς
2455 1455 2555 1507 οὐκ
2586 1453 2876 1524 ἄνθρωπος
2925 1450 3167 1504 νοεῖσθαι
3212 1449 3298 1502 διά
3335 1447 3494 1502 τοῦτο
3537 1449 3747 1518 ὀφείλει

2155 1545 2294 1598 κατά
2322 1545 2421 1615 τὴν
2454 1543 2661 1598 τούτων
2712 1543 3005 1596 ὑπόνοιανο
3065 1539 3202 1611 μετά
3249 1539 3312 1592 τὸ
3359 1538 3564 1609 πρᾶξαι
3619 1540 3750 1601 τοὺς

2167 1637 2451 1698 Ἰουδαίους
2485 1635 2666 1700 τοῦτο,
2699 1635 2834 1704 ὅπερ
2878 1631 3111 1687 ἐνταῦθα
3152 1632 3352 1694 αὐτοὺς
3401 1631 3682 1700 ἐμέμφετο
3720 1632 3750 1683 ό

2156 1729 2382 1803 Κύριος,
2419 1728 2562 1796 λέγω
2600 1727 2665 1798 δὴ
2697 1727 2758 1780 τὸ
2795 1728 3063 1798 σωτήριον
3096 1724 3286 1791 πάθος,
3328 1727 3377 1777 εί
3410 1725 3519 1795 ἄρα
3548 1724 3624 1787 ὡς
3656 1723 3750 1778 ἂν·

2156 1821 2372 1892 θρωπον
2417 1820 2839 1880 ἀποκτείναντες
2875 1817 3304 1886 κατεκρίθησαν,
3353 1815 3476 1868 τότε
3523 1813 3633 1886 γὰρ
3679 1814 3750 1868 ἂν

465 1908 532 1961 ab
566 1907 672 1962 illis
705 1908 1003 1962 dicebatur.
1029 1907 1132 1962 Sed
1160 1922 1284 1962 cum
1323 1917 1580 1976 tanquam
1599 1908 1743 1975 llege
1772 1921 1835 1960 ac
1868 1905 2050 1960 Domi-

2159 1891 2407 1982 δυνηθείη
2443 1910 2601 1977 λόγον
2629 1909 2772 1979 ἔχειν
2811 1910 2872 1961 τὸ
2916 1909 3004 1960 ὑπ’
3037 1907 3217 1961 αὐτῶν
3245 1907 3568 1976 λεγόμενον’
3603 1909 3652 1959 εί
3690 1907 3750 1960 δὲ

469 2015 539 2053 no
561 2000 741 2055 occiso
775 1999 1014 2054 damnati
1050 1999 1273 2062 fuerint,
1303 1999 1644 2068 exploratum
1697 1999 1755 2052 lit
1786 1997 2049 2051 adversa-

464 2090 575 2143 rios
604 2098 818 2143 nostros
841 2089 1063 2143 stultam
1091 2089 1192 2143 sibi
1223 2091 1536 2158 opinionem
1569 2105 1807 2155 creasse,
1837 2105 1959 2142 cum
1988 2087 2051 2142 il-

464 2181 574 2233 lum
605 2180 920 2234 existimant
945 2196 1153 2234 merum
1189 2196 1309 2236 esse
1336 2182 1631 2247 hominem,
1683 2182 1894 2235 etiamsi
1923 2181 2053 2235 Ver-

463 2273 590 2326 L-um
625 2272 676 2326 in
711 2271 825 2340 ipso
853 2272 1099 2326 habitare
1122 2272 1324 2324 dicant.
1345 2270 1506 2325 Certe
1538 2271 1730 2340 beatus
1759 2270 1958 2324 Paulus
1984 2269 2051 2324 de

465 2363 912 2431 cruciﬁgentibus
937 2363 1184 2432 loquens,
1214 2362 1429 2417 Domini
1482 2364 1756 2417 occisores
1805 2362 1925 2417 illos
1972 2377 2053 2416 re-

466 2463 787 2522 przesentat,
817 2455 902 2509 his
925 2456 1104 2509 verbis
1141 2463 1332 2508 utens:
1357 2474 1375 2505 ι
1402 2452 1535 2506 Nam
1569 2455 1612 2508 si
1643 2454 2049 2524 cognovissent,

467 2561 746 2614 nunquam
789 2548 1076 2601 Dominum
1131 2546 1317 2616 gloria:
1377 2546 1870 2601 crucilixissent".
1929 2565 1948 2598 ι
1987 2545 2053 2600 Ει

469 2639 582 2704 ipse
609 2653 827 2707 quoque
866 2637 1126 2692 Dominus
1153 2639 1204 2691 in
1233 2638 1402 2692 vineae
1428 2639 1681 2707 parabola
1710 2638 1781 2690 ait
1815 2648 2054 2708 patrem-

469 2730 703 2782 familias
750 2730 966 2783 misisse
1024 2743 1215 2784 servos
1265 2745 1392 2783 suos
1441 2729 1506 2782 ad
1554 2728 1840 2799 agricolas.
1895 2731 1961 2783 At
1999 2730 2050 2783 hi

479 2841 496 2872 ι
528 2820 693 2874 alium
726 2822 943 2890 quidem
975 2823 1358 2886 vcrhcrarnnt,
1381 2822 1578 2891 inquit,
1631 2821 1794 2875 alium
1841 2822 2054 2877 occide-

469 2923 620 2976 runt,
653 2915 818 2968 alium
844 2914 1108 2985 lapidibus
1134 2915 1455 2980 obruerunt,
1496 2933 1513 2966 ι
1540 2913 1790 2982 agricola:
1818 2913 2049 2967 scilicet.

470 3001 752 3062 Postremo
785 3006 1000 3062 misisse
1025 3006 1155 3060 dicit
1180 3005 1370 3068 lilium,
1404 3021 1511 3074 quo
1545 3005 1662 3058 viso
1689 3003 1940 3074 agricola:
1966 3004 2052 3056 in-

472 3106 553 3149 tra
581 3111 639 3151 se
669 3097 957 3151 dixerunt:
995 3116 1014 3149 ι
1052 3097 1150 3151 Hic
1179 3106 1263 3151 est
1293 3098 1486 3160 hmres,
1516 3098 1713 3158 venite,
1738 3096 2053 3152 occidantus

468 3201 615 3252 eum,
660 3188 885 3258 ejusque
919 3188 1288 3244 hcereditatem
1323 3203 1653 3257 occupemus
1691 3206 1703 3242 :
1755 3196 1918 3256 atque
1977 3187 2050 3241 ita

469 3295 594 3332 eum
659 3282 1111 3348 comprehensum
1173 3289 1227 3334 et
1296 3281 1450 3334 vinea
1501 3280 2055 3349 ejectumintereme-

469 3371 683 3424 runt”.
715 3391 733 3423 ι
770 3371 976 3440 Siergo
995 3374 1286 3443 Apostolus
1309 3373 1527 3443 quidem
1558 3374 1741 3443 gloria:
1766 3373 2054 3428 Dominum

469 3462 761 3517 conﬁtetur
790 3478 913 3518 eum
933 3466 1025 3534 qui
1056 3467 1348 3520 cruciﬁxus
1378 3466 1519 3529 fuit;
1555 3466 1670 3536 ipse
1701 3477 1877 3520 autem
1925 3466 2057 3521 Ser-

470 3567 630 3612 vator
663 3559 958 3628 prophetas
989 3559 1208 3629 quidem
1242 3573 1526 3614 servorum
1561 3561 1848 3614 missorum
1881 3557 2056 3610 nomi-

473 3662 544 3700 ne
567 3647 814 3702 denotari
847 3651 1037 3714 docet,
1069 3653 1421 3719 semetipsum
1455 3665 1584 3707 vero
1619 3651 1815 3705 Filium
1844 3647 2058 3703 Domini

478 3753 757 3798 servorum
785 3741 1020 3809 illorum;
1057 3745 1179 3811 quis
1204 3744 1307 3806 iam
1328 3745 1558 3800 ulterius
1583 3745 1726 3799 ausit
1754 3745 1936 3798 dicere
1959 3744 2058 3796 ho-

480 3831 680 3885 minem
714 3832 862 3888 illum
893 3835 1060 3890 fuisse
1086 3837 1175 3906 qui
1211 3838 1408 3905 aiebat,
1444 3858 1462 3890 ι
1491 3837 1644 3892 Nunc
1681 3851 1769 3892 me
1817 3835 2060 3905 quaeritis

479 3925 750 3993 occidere,
786 3945 804 3978 ι
839 3937 894 3981 et
918 3943 1024 3982 non
1053 3931 1234 3999 potius
1264 3931 1619 3986 humanatum
1649 3928 1857 3982 Deum?
1912 3926 2059 3981 Prm-

479 4019 671 4074 sertint
719 4019 845 4090 quia
881 4021 990 4077 Deo
1029 4022 1186 4092 digna
1217 4039 1402 4092 opera,
1463 4024 1563 4077 sub
1615 4021 1848 4075 hominis
1905 4020 2061 4074 titulo

474 4113 793 4180 praedicata,
850 4114 1033 4168 audiet
1054 4124 1335 4169 eventura.
1375 4135 1394 4167 ι
1429 4113 1589 4169 Venit
1614 4115 1760 4168 enim
1805 4115 1960 4180 hora,
2005 4119 2062 4168 et

479 4214 626 4254 nunc
663 4209 764 4268 est,
788 4217 909 4256 cum
941 4205 1138 4258 mortui
1160 4206 1382 4260 audient
1408 4221 1594 4260 vocem
1630 4204 1752 4260 Filii
1785 4205 2057 4272 hominis;

478 4295 535 4341 et
561 4287 652 4356 qui
685 4290 1176 4356 audierint,vivent
1197 4293 1277 4358 8';
1318 4311 1336 4344 ι
1377 4303 1433 4348 et
1461 4310 1474 4346 :
1513 4310 1531 4343 ι
1555 4294 1690 4349 Cum
1716 4295 1946 4358 venerit,
1974 4294 2060 4348 in-

480 4379 618 4446 quit,
652 4378 824 4434 Filius
870 4381 1102 4438 hominis
1123 4384 1173 4438 in
1208 4399 1433 4454 regnum
1459 4400 1635 4449 suum,
1659 4394 1714 4438 et
1744 4398 1934 4438 omnes
1965 4399 2063 4437 an-

477 4472 578 4541 geli
606 4472 723 4542 ejus
748 4489 870 4528 cum
895 4491 981 4542 eo,
1014 4485 1142 4532 tunc
1169 4477 1384 4532 sedebit
1413 4478 1463 4530 in
1489 4477 1684 4532 throno
1711 4477 1896 4545 gloria:
1928 4491 2060 4541 suae,

474 4564 674 4632 justam
699 4567 765 4622 de
789 4569 1039 4626 omnibus
1057 4571 1377 4625 sententiam
1404 4568 1583 4624 ferens
1598 4569 1642 4599 ⁸⁷
1666 4584 1680 4633 ;
1703 4587 1720 4621 i
1749 4580 1824 4633 et,
1853 4587 1871 4620 ι
1892 4567 2062 4624 Nemo

480 4658 723 4712 ascendit
748 4660 800 4713 in
825 4660 1048 4726 coelum,
1079 4662 1183 4719 nisi
1215 4661 1308 4733 qui
1336 4662 1402 4718 de
1452 4659 1590 4716 caelo
1648 4660 1929 4716 descendit
1969 4660 2060 4715 Fi-

479 4746 583 4802 lius
613 4749 848 4806 hominis
875 4750 942 4806 ⁹⁸.
981 4770 1001 4802 ›

550 5013 840 5070 l8.Audin'
863 5015 1146 5071 manifeste
1166 5015 1331 5070 Deum
1366 5014 1600 5072 Verbum
1618 5018 1850 5074 hominis
1872 5022 2058 5091 appel-

477 5107 701 5174 latione,
761 5121 981 5180 propter
1028 5127 1181 5166 suam
1235 5127 1358 5165 cum
1436 5127 1600 5169 carne
1649 5116 2056 5186 adunattonem,

478 5198 1007 5253 nominatum?Nam
1040 5199 1163 5269 quis
1219 5199 1358 5256 alius
1407 5201 1473 5256 de
1516 5203 1660 5258 caelo
1711 5205 2059 5264 descendisse

479 5291 746 5360 putandus
779 5291 899 5346 est?
926 5289 1042 5345 Noli
1077 5293 1259 5362 itaque
1297 5293 1499 5350 diutius
1566 5297 1881 5352 scandalum
1921 5301 2057 5368 pati,

476 5398 599 5437 cum
626 5382 671 5438 is
718 5384 834 5438 ait:
872 5401 890 5434 ι
924 5381 1079 5438 Nunc
1112 5399 1198 5438 me
1224 5385 1465 5453 quaeritis
1494 5390 1761 5456 occidere,
1786 5391 2061 5447 hominem

476 5475 566 5539 qui
596 5475 879 5529 veritatem
911 5476 1063 5531 vobis
1097 5477 1204 5530 dixi
1231 5479 1298 5532 ⁸⁹ε
1337 5498 1357 5532 ι
1399 5481 1490 5535 sed
1525 5481 1912 5539 incarnationis
1941 5501 2059 5556 my-

477 5569 706 5622 sterium
736 5577 1016 5636 reputans,
1046 5569 1134 5639 pie
1170 5573 1373 5628 dictum
1398 5575 1643 5631 admitte.
1675 5574 1925 5647 Namque
1970 5578 2056 5633 his

2153 2004 2229 2066 ὡς
2259 2003 2402 2055 κατὰ
2427 2000 2696 2053 Δεσπότου
2714 2000 2808 2052 καὶ
2824 2001 3029 2069 Κυρίου
3052 1997 3424 2068 τολμήσαντες
3455 1997 3751 2052 κατεδικάο

2154 2095 2383 2166 σθησαν,
2417 2093 2575 2164 δῆλον
2624 2093 2701 2156 ὼς
2738 2093 2973 2162 ματαίαν
3023 2091 3278 2144 ὑπόνοιαν
3315 2091 3527 2152 ἑαυτοῖς
3571 2089 3752 2143 ἐπλά-

2156 2205 2339 2253 σαντο,
2372 2189 2660 2258 ἄνθρωπον
2697 2185 3019 2256 νομίσαντες
3071 2179 3231 2247 εἶναι,
3265 2183 3368 2237 κᾶν
3399 2185 3630 2236 ἐνοικεῖν
3665 2183 3752 2246 είς

2155 2281 2317 2334 αὐτὸν
2341 2281 2430 2332 τὸν
2459 2280 2630 2346 Λόγον
2664 2278 2916 2344 λέγωσιν.
2962 2275 3021 2330 '0
3050 2275 3148 2346 μὲν
3175 2270 3268 2328 οὖν
3302 2275 3570 2345 μακάριος
3599 2271 3755 2326 Παῦ-

2152 2373 2244 2435 λος
2268 2373 2397 2442 περὶ
2428 2370 2538 2422 τῶν
2565 2368 2997 2440 σταυρωσάντων
3025 2367 3429 2437 διαλεγόμενος,
3463 2365 3756 2436 κυριοκτό-

2153 2478 2278 2525 νους
2337 2461 2536 2522 αὐτοὺς
2598 2458 2849 2528 ἐναργῶς
2909 2457 3260 2528 παρίστησιν,
3293 2454 3757 2521 αὑταῖς’λέξεσιν

2153 2553 2384 2623 γράφων
2422 2551 2630 2615 οὕτως’
2675 2569 2693 2601 ι
2741 2550 2804 2602 Εἰ
2841 2549 2951 2618 γὰρ
2984 2550 3249 2616 ἔγνωσαν,
3281 2548 3381 2600 οὐκ
3416 2546 3481 2600 ἂν
3504 2547 3597 2599 τὸν
3629 2547 3756 2600 Κύ-

2158 2662 2271 2716 ριον
2304 2645 2404 2715 τῆς
2439 2643 2597 2713 δόξης
2641 2640 3014 2711 ἐσταύρωσαν.
3063 2659 3082 2692 ι
3120 2639 3228 2692 Καὶ
3264 2639 3427 2701 αὐτὸς
3453 2638 3511 2691 δὲ
3540 2637 3755 2708 Κύριος

2155 2740 2210 2791 ὲν
2242 2740 2309 2808 τῇ
2354 2735 2448 2789 τοῦ
2484 2734 2804 2804 ἀμπελῶνος
2844 2732 3127 2804 παραϐολῇ
3163 2723 3566 2784 ἀπεσταλκέναι
3613 2730 3757 2800 φησὶ

2152 2829 2244 2882 τὸν
2270 2828 2660 2896 οἰκοδεσπότην
2683 2827 2807 2888 τοὺς
2836 2823 3058 2886 δούλους
3081 2822 3245 2876 αὐτοῦ
3268 2822 3402 2892 πρὸς
3424 2823 3549 2884 τοὺς
3572 2837 3757 2892 γεωρ-

2154 2923 2284 2992 γούς
2307 2942 2320 2954 ο
2357 2942 2375 2974 ‹
2401 2924 2494 2975 καὶ
2513 2921 2572 2974 ὃν
2602 2922 2701 2990 μὲν
2732 2920 2964 2989 ἔδειραν,
2995 2919 3180 2989 φησὶν,
3215 2917 3275 2970 ὃν
3307 2917 3366 2970 δὲ
3397 2917 3754 2980 ἀπέκτειναν,

2154 3016 2212 3069 ὃν
2261 3014 2664 3082 ἐλιθοϐόλησαν,
2699 3031 2717 3063 ι
2743 3012 2792 3064 οἱ
2815 3011 3053 3080 γεωργοὶ
3103 3009 3384 3079 δηλονότι⁹
3435 3005 3662 3077 ὕστερον
3691 3005 3757 3060 δὲ

2154 3104 2559 3160 ἀπεσταλκέναι
2610 3103 2776 3173 φησὶν
2818 3101 2980 3156 αὑτὸν
3020 3100 3110 3153 τὸν
3156 3099 3293 3164 υἱὸν,
3339 3098 3398 3151 ὃν
3429 3098 3478 3150 oi
3513 3097 3760 3168 γεωργοὶ

2157 3198 2484 3268 θεασάμενοι
2519 3191 2673 3249 εἷπον
2723 3193 2860 3264 πρὸς
2908 3191 3176 3255 ἑαυτούς’
3233 3209 3252 3242 ι
3309 3182 3478 3252 Οὗτός
3525 3191 3672 3242 ἐστιν
3721 3189 3759 3241 ὁ

2159 3289 2515 3359 κληρονόμος,
2535 3286 2710 3348 δεῦτε,
2749 3283 3164 3353 ἀποκτείνωμεν
3192 3281 3375 3347 αὐτὸν,
3407 3281 3503 3334 καὶ
3531 3279 3759 3350 σχῶμεν

2159 3379 2325 3434 αὑτοῦ
2350 3379 2451 3446 τὴν
2477 3375 2877 3448 κληρονομίαν·
2904 3374 3001 3428 καὶ
3028 3372 3284 3436 λαϐόντες
3309 3371 3474 3425 αὐτὸν
3496 3370 3762 3436 ἐξέϐαλον

2160 3471 2264 3534 ἔξω
2306 3470 2402 3523 τοῦ
2447 3469 2794 3539 ἀμπελῶνος,
2830 3468 2924 3519 καὶ
2966 3466 3315 3518 ἀπέκτειναν.
3361 3481 3380 3515 ι
3419 3464 3482 3516 El
3514 3462 3694 3516 τοίνυν
3724 3462 3760 3514 ὁ

2165 3564 2267 3634 μὲν
2298 3560 2622 3626 Ἀπόστολος
2639 3559 2846 3629 Κύριον
2884 3557 2983 3627 τῆς
3013 3555 3173 3624 δόξης
3215 3555 3308 3608 τὸν
3337 3551 3760 3624 ἐσταυρωμένον

2161 3653 2432 3724 ὁμολογεῖ,
2465 3651 2627 3714 αὐτὸς
2656 3651 2713 3702 δὲ
2742 3651 2770 3702 ὁ
2802 3647 2992 3718 Σωτὴρ
3026 3647 3153 3710 τοὺς
3193 3646 3295 3715 μὲν
3325 3646 3610 3716 προφήτας
3631 3643 3759 3697 δού-

2159 3745 2286 3808 λους
2320 3742 2768 3811 ἀπεσταλμένους
2800 3740 3064 3804 διδάσκει,
3099 3739 3290 3792 ἑαυτὸν
3333 3737 3390 3790 δὲ
3418 3737 3514 3790 τοῦ
3547 3736 3758 3790 Δεσπό-

2160 3852 2256 3888 του
2277 3833 2386 3886 τῶν
2413 3832 2615 3885 δούλων
2647 3831 2798 3896 Υίὸν,
2829 3830 2912 3893 τίς
2941 3831 3022 3882 ἔτι
3048 3828 3312 3898 τολμήσει
3335 3827 3519 3896 λέγειν
3551 3827 3627 3890 ὡς
3657 3827 3755 3881 ἀν-

2164 3925 2382 3998 θρωπος
2412 3921 2480 3996 ἧν
2521 3925 2550 3976 ὁ
2599 3922 2795 3991 λέγων,
2832 3940 2850 3972 ι
2887 3911 3003 3974 Νὕν
3040 3920 3098 3974 δὲ
3126 3917 3341 3990 ζητεῖτέ
3379 3936 3447 3986 με
3487 3919 3756 3972 ἀποκτεῖ-

2162 4035 2271 4083 ναι,
2311 4037 2330 4069 ι
2369 4017 2464 4070 καὶ
2497 4016 2619 4086 οὐχ).
2673 4014 2875 4083 μᾶλλον
2925 4011 3060 4076 Θεὸς
3106 4008 3583 4081 ὲνηνθρωπηκὼς;
3639 4009 3757 4062 Καὶ

2167 4110 2383 4184 μάλισθ’
2414 4110 2545 4164 ὅταν
2592 4109 2688 4161 καὶ
2720 4107 2790 4160 τὰ
2828 4103 3113 4175 θεοπρεπῆ
3166 4101 3304 4174 ἔργα
3347 4104 3416 4173 τῇ
3460 4099 3756 4171 ἀνθρώπου

2165 4203 2508 4276 προσηγορίᾳ
2562 4200 2835 4272 λεγόμενα
2889 4196 3066 4270 ἀκούῃ
3129 4194 3394 4262 μέλλοντα
3457 4192 3708 4262 γίνεσθαι
3738 4208 3756 4223 ο

2169 4316 2189 4348 ι
2238 4297 2500 4366 Ἔρχεται
2532 4292 2642 4363 γὰρ
2670 4291 2811 4362 ὥρα,
2846 4290 2940 4344 καὶ
2990 4287 3085 4341 νῦν
3131 4287 3303 4353 ἔστιν,
3349 4287 3438 4339 ὅτε
3479 4285 3529 4338 οἱ
3568 4285 3763 4354 νεκροὶ

2162 4387 2486 4444 ἀκούσουσιν
2513 4386 2610 4456 τῆς
2647 4383 2833 4454 φωνῆς
2865 4380 2958 4436 τοῦ
2989 4379 3122 4435 Υίοῦ
3156 4378 3250 4432 τοῦ
3285 4375 3573 4449 ἀνθρώπου
3595 4391 3609 4407 ·
3657 4378 3764 4430 καὶ

2163 4481 2212 4532 οί
2243 4476 2577 4538 ἀκούσαντες
2615 4477 2860 4546 ζήσουσι.
2905 4492 2923 4527 ι
2950 4474 3080 4539 Καὶ,
3115 4489 3134 4524 ι
3175 4471 3345 4525 Ὅταν
3381 4467 3533 4540 ἔλθῃ,
3563 4466 3761 4537 φησὶν,

2164 4575 2193 4627 ό
2239 4571 2367 4636 Υίὸς
2407 4570 2503 4625 τοῦ
2550 4567 2840 4640 ἀνθρώπου
2886 4566 2946 4619 ὲν
2993 4566 3062 4635 τῇ
3119 4561 3365 4633 βασιλείᾳ
3417 4559 3613 4624 αὑτοῦ,
3659 4559 3766 4613 καὶ

2166 4664 2366 4726 πάντες
2384 4665 2432 4715 οἱ
2453 4659 2678 4730 ἄγγελοι
2708 4659 2827 4728 μετ’
2849 4655 3038 4719 αὑτοῦ,
3059 4653 3180 4706 τότε
3203 4652 3418 4706 καθίσει
3440 4650 3533 4704 ἐπὶ
3559 4649 3761 4720 θρόνου

2167 4755 2325 4825 δόξης
2357 4753 2545 4817 αὑτοῦ,
2573 4751 2674 4820 τὴν
2697 4747 2915 4802 δικαίαν
2948 4746 3153 4800 ἅπασιν
3178 4743 3456 4814 ἐπιφέρων
3482 4741 3684 4812 κρίσιν.
3733 4760 3755 4795 ι

2169 4847 2302 4911 Καὶ,
2344 4863 2363 4896 ι
2404 4843 2596 4907 Οὐδεὶς
2634 4839 2976 4911 ἀναϐέϐηκεν
3006 4838 3086 4901 είς
3122 4837 3214 4889 τὸν
3248 4834 3497 4907 οὐρανὸν,
3524 4834 3573 4886 εί
3605 4833 3681 4905 μὴ
3727 4835 3764 4888 ὁ

2170 4941 2235 4993 ὲκ
2272 4937 2368 4992 τοῦ
2399 4933 2630 5008 ούρανοῦ
2661 4932 2927 4997 καταϐὰς,
2959 4933 2987 4984 ό
3017 4929 3144 4992 Υἱὸς
3172 4927 3266 4980 τοῦ
3295 4923 3606 4996 ἀνθρώπου.
3657 4943 3677 4976 ι

2239 5036 2330 5100 ιη’.
2385 5024 2626 5087 Ἀκούεις
2656 5021 2908 5092 φανερῶς
2951 5021 3043 5073 τὸν
3068 5017 3201 5070 Θεὸν
3229 5017 3402 5085 Λόγον
3431 5017 3498 5086 τῇ
3543 5013 3760 5085 ἀνθρώ-

2166 5138 2268 5174 που
2296 5116 2638 5190 προσηγορίᾳ
2666 5113 2754 5167 διὰ
2777 5111 2876 5184 τὴν
2903 5111 3040 5182 πρὸς
3064 5109 3161 5180 τὴν
3190 5109 3369 5178 σάρκα
3397 5107 3592 5160 ἕνωσιν
3630 5106 3758 5158 ὀνο-

2170 5213 2502 5285 μαζόμενον;
2549 5209 2645 5271 Τίς
2681 5207 2792 5278 γὰρ
2835 5204 2902 5259 ἂν
2933 5203 3018 5272 εῐη
3050 5201 3240 5272 ἕτερος
3268 5200 3333 5252 ὲκ
3375 5197 3469 5251 τοῦ
3517 5196 3758 5268 οὐρανοῦ

2169 5303 2412 5365 καταϐάς
2435 5320 2449 5367 ;
2469 5299 2683 5370 Μηκέτι
2713 5293 2804 5350 οὖν
2837 5291 3353 5358 σκανδαλίζου,ὃταν
3382 5288 3562 5358 λέγει·
3591 5307 3609 5339 ι
3637 5286 3759 5342 Νῦν

2167 5397 2225 5450 δὲ
2257 5393 2468 5464 ξητείτὲ
2504 5409 2570 5464 με
2606 5392 2948 5452 ἀποκτεῖναι,
2973 5384 3261 5455 ἄνθρωπον
3287 5382 3344 5444 ὃς
3375 5380 3472 5452 τὴν
3497 5378 3755 5451 ἀλήθειαν

2169 5489 2300 5558 ὑμῖν
2355 5486 2662 5556 λελάληκαο
2699 5501 2718 5533 ι
2767 5480 2881 5534 ἀλλ’
2922 5474 3118 5530 ἐννοῶν
3153 5474 3250 5545 τὴν
3293 5471 3625 5543 οἰκονομίαν,
3665 5469 3757 5521 εὖ-

2169 5577 2342 5642 σεϐὦς
2406 5577 2562 5646 δέχου
2619 5574 2682 5627 τὸ
2729 5571 3052 5640 λεγόμενον·
3117 5567 3182 5618 ὲκ
3236 5561 3444 5617 τούτων
3486 5562 3594 5632 γὰρ
3649 5559 3755 5630 τῆς

549 5773 594 5802 ⁸³
621 5770 777 5847 {oar}.
815 5788 932 5839 vtlt,
966 5774 1068 5847 57,
1131 5776 1177 5808 ⁸³
1206 5776 1368 5833 lCor.
1404 5794 1464 5847 ll,
1500 5780 1551 5834 8.
1629 5781 1673 5812 ⁸⁵
1714 5780 1902 5835 Matth.
1954 5798 2041 5837 χχι

2159 5813 2186 5834 τ.
2219 5821 2226 5830 ς
2265 5781 2308 5812 ⁸⁸
2338 5778 2491 5834 Joan.
2530 5794 2584 5843 v,
2623 5775 2712 5830 9.5.
2791 5773 2832 5804 ⁸⁷
2862 5742 3199 5828 Mattb.xxv,
3231 5760 3317 5817 51.
3392 5741 3442 5792 λθ
3467 5755 3621 5814 Joan.
3663 5770 3747 5821 ιιι,

484 5840 569 5895 l3.
647 5841 690 5875 '9
725 5840 878 5899 Joan.
907 5861 1017 5910 vm,
1048 5846 1136 5899 40.
