4080 6470
353 422 466 479 ’.ΓΠ
1483 428 1675 498 QUOD
1712 430 1773 485 B.
1813 430 2031 487 MARIA
2073 431 2182 489 SIT
2224 433 2543 490 DElPARA.
3542 439 3649 501 278

355 541 614 607 ἐνὼσεως
642 544 888 615 μάλιστα
923 547 956 618 ἡ
986 547 1264 620 οἰκονομία
1288 550 1601 608 δείκνυταιο
1635 555 1731 610 καὶ
1758 555 1841 610 ὅτι
1864 555 1966 611 κᾶν

2072 557 2256 612 verbis
2304 556 2521 613 unionis
2540 557 2891 628 potissimum
2922 558 3260 628 dispensatio
3287 573 3649 620 monstratur:

352 632 649 704 ἄνθρωπος
680 635 1039 709 ὀνομάζηται,
1075 639 1137 693 ού
1174 641 1299 713 δίχα
1342 644 1443 714 τῆς
1477 644 1729 718 θεότητος
1757 648 1963 717 ὀφείλει

2069 658 2121 704 et
2156 649 2318 717 quod,
2340 650 2554 705 etiamsi
2595 650 2759 707 homo
2798 651 3120 721 appelletur,
3146 668 3253 709 non
3312 663 3494 710 tamen
3520 655 3651 713 abs-

352 732 692 788 καθ’ἐαυτὸν
709 736 1098 808 ὀνομάζεσθαι.
1122 742 1220 806 Τίς
1248 740 1360 814 γὰρ
1379 740 1643 814 τολμήσει
1663 739 1846 809 λέγειν
1872 739 1965 795 ἀν-

2069 749 2170 805 que
2193 735 2478 793 divinitate
2523 752 2768 794 seorsum
2827 754 2925 809 per
2962 754 3021 795 se
3057 742 3221 798 homo
3283 754 3649 815 nuncupatur.

353 827 602 897 θρωπον.
630 828 730 882 καὶ
755 829 935 887 ταῦτα
946 832 1267 903 ἐνεργήσειν
1284 833 1354 889 τὰ
1368 834 1742 906 προειρημένα
1760 849 1775 899 ;
1819 832 1966 900 λέγω

2069 827 2197 895 Quis
2235 829 2381 885 enim
2404 831 2565 885 ausit
2590 831 2772 887 dicere
2802 831 3097 901 hominem,
3136 849 3228 904 qui
3254 836 3433 904 qualia
3486 852 3650 907 supra

348 914 418 986 δὴ
445 914 548 987 τὴν
559 914 621 983 ἐξ
633 918 694 971 οὐ
702 920 870 989 ρανοῦ
892 922 1193 993 μέλλουσαν
1205 923 1427 978 ἔσεσθαι
1446 924 1754 996 παρουσίαν
1774 921 1963 991 αὑτοῦ,

2069 919 2215 1002 dicta
2237 931 2363 976 sunt
2392 921 2688 979 effecturos
2717 923 2836 978 sit?
2875 922 3119 979 futurum
3144 925 3397 982 videlicet
3418 927 3487 982 de
3514 928 3653 983 ctelo

353 1008 454 1060 καὶ
488 1008 594 1080 τὴν
636 1011 767 1081 περί
797 1012 1021 1067 πάντων
1051 1014 1266 1069 δικαίαν
1289 1015 1502 1086 κρίσιν·
1524 1015 1617 1069 τοῦ
1643 1014 1964 1087 ίεροψὰλτου

2069 1012 2353 1068 adventum
2384 1013 2520 1081 ejus,
2548 1014 2870 1086 justumque
2923 1018 2989 1073 de
3024 1018 3278 1076 omnibus
3335 1019 3650 1076 faciendum

356 1098 603 1169 μάλιστα
617 1101 788 1156 Δαϐὶδ
807 1103 1027 1174 ᾅδοντος
1046 1122 1057 1134 ·
1094 1124 1113 1158 ι
1137 1107 1228 1159 Σοὶ
1243 1106 1445 1177 πρέπει
1480 1105 1670 1177 ὕμνος,
1684 1108 1712 1158 ὁ
1734 1102 1890 1171 Θεὸς,
1904 1107 1963 1159 ἐν

2069 1102 2345 1170 iudicium.
2381 1105 2518 1161 Cum
2570 1109 2870 1177 pratsertim
2931 1115 3123 1166 sacer'
3152 1100 3436 1181 psalmista
3481 1111 3651 1168 David

357 1191 523 1260 Σιὼν,
555 1193 656 1247 καὶ
684 1194 768 1247 σοὶ
814 1194 1215 1268 ἀποδοθήσεται
1243 1197 1382 1269 εὐχὴ
1407 1199 1467 1251 ἐν
1516 1197 1894 1270 Ἰερουσαλήμ.
1939 1214 1958 1248 ι

362 1285 711 1340 Είσάκουσον
750 1288 1102 1360 προσευχῆς·
1123 1289 1305 1360 «Πρὸς
1340 1290 1400 1343 σὲ
1444 1290 1595 1343 πᾶσα
1632 1290 1770 1361 σὰρξ
1785 1289 1959 1358 ἣξει.»

361 1376 425 1430 Τί
451 1378 566 1448 γὰρ
592 1377 785 1449 ἕτερόν
818 1379 968 1434 ἐστιν
999 1380 1181 1448 τοῦτο,
1212 1381 1329 1435 ἀλλ’
1362 1382 1395 1453 ἥ
1426 1383 1564 1453 ὅπερ
1590 1382 1683 1436 τὸν
1711 1381 1838 1435 Υίόν
1869 1380 1962 1436 τοῦ

352 1467 660 1541 ἀνθρώπου
694 1471 946 1542 ποιήσειν
980 1474 1416 1545 μεμαθήκαμεν;
1453 1493 1472 1525 ι
1513 1474 1649 1527 Τότε
1688 1473 1819 1545 γὰρ,
1862 1491 1965 1545 φη-

355 1560 469 1623 σὶν,
517 1559 744 1613 καθίσει
776 1560 872 1631 ent
909 1560 1101 1634 θρόνου
1127 1561 1287 1634 δόξης
1327 1562 1518 1633 αὑτοῦ,
1557 1564 1655 1619 καὶ
1690 1563 1966 1636 συναχθή-

358 1667 549 1703 σονται
586 1650 913 1723 ἔμπροσθεν
964 1653 1130 1708 αὐτοῦ
1170 1656 1349 1709 πάντα
1397 1655 1466 1708 τὰ
1506 1654 1660 1727 ἔθνη.
1718 1675 1738 1708 ι
1802 1656 1964 1727 Ὁρᾷς

357 1742 513 1805 ὅπως
536 1741 640 1797 τοῦ
668 1743 840 1798 Δαϐὶδ
870 1744 948 1811 ὡς
994 1745 1135 1818 πρὸς
1177 1746 1310 1800 Θεὸν
1338 1747 1611 1817 λέγοντος,
1650 1766 1669 1800 ι
1713 1748 1858 1819 Πρὸς
1904 1750 1965 1801 σὲ

364 1836 514 1888 πᾶσα
541 1834 691 1905 σὰρξ
716 1835 862 1907 ἥξει,
904 1856 925 1889 ι
960 1840 1040 1902 εἰς
1078 1839 1169 1893 τὸν
1208 1839 1338 1893 Υἰὸν
1370 1840 1464 1893 τοῦ
1490 1839 1780 1911 ἀνθρώπου
1804 1841 1965 1895 τοῦτο

2065 1208 2272 1250 canat:
2343 1214 2362 1248 ι
2420 1197 2497 1253 Te
2521 1199 2677 1255 decet
2714 1200 2971 1270 hymnus,
3038 1203 3199 1270 Deus,
3228 1190 3289 1259 in
3343 1203 3548 1270 Sione;
3592 1212 3656 1259 et

2067 1287 2162 1342 tibi
2190 1286 2452 1343 otl‘eretur
2482 1291 2657 1346 oratio
2681 1292 2736 1346 in
2763 1290 3061 1348 Jerusalem
3089 1295 3157 1348 ³⁸.
3197 1314 3216 1346 ι
3274 1296 3414 1350 Audi
3449 1292 3656 1351 oratio-

2065 1396 2235 1436 nem:
2276 1400 2294 1434 ι
2333 1382 2416 1437 Ad
2464 1391 2516 1437 te
2575 1384 2754 1439 omnis
2806 1400 2936 1440 caro
2988 1387 3255 1442 veniet“.
3291 1407 3310 1441 ι
3347 1388 3485 1455 Quid
3508 1390 3654 1445 enim

2065 1472 2171 1527 hoc
2201 1472 2467 1537 aliudest,
2504 1489 2665 1544 quam
2690 1474 2845 1545 quod
2876 1474 3080 1531 Filium
3115 1477 3352 1533 hominis
3387 1478 3655 1533 facturum

2065 1577 2188 1619 esse
2211 1564 2535 1620 didicimus?
2570 1584 2587 1617 ι
2644 1566 2798 1622 Tunc
2861 1568 3029 1635 enim,
3085 1569 3280 1638 inquit,
3335 1569 3545 1625 sedebit
3602 1569 3656 1624 in

2067 1654 2263 1708 throno
2294 1654 2477 1724 gloriae
2508 1671 2645 1723 suae,
2677 1666 2733 1711 et
2763 1659 3257 1728 eongregabuntur
3302 1674 3486 1715 coram
3539 1660 3661 1728 ipso
3743 1683 3751 1692 -

2065 1759 2257 1801 Omnes
2287 1755 2476 1816 gentes
2505 1748 2571 1801 θ’.
2612 1767 2630 1799 ι
2656 1748 2871 1813 Viden’,
2896 1750 3173 1820 quomodo
3196 1766 3318 1806 cum
3352 1751 3518 1806 David
3547 1750 3659 1805 Deo

2067 1834 2314 1890 dixerit:
2366 1856 2383 1888 ι
2416 1837 2497 1889 Ad
2528 1848 2578 1894 te
2610 1840 2789 1894 onmis
2842 1854 2971 1894 caro
3028 1841 3229 1906 veniet,
3288 1859 3309 1892 ι
3372 1856 3485 1895 rem
3519 1839 3659 1893 hanc

364 1926 715 1998 πληροῦσθαι
742 1929 940 1999 μέλλον
968 1931 1376 2000 ἀποδέδεικται;
1404 1932 1536 1996 Θεὸς
1558 1928 1650 1986 οὖν
1681 1933 1831 1987 ἐστιν
1856 1933 1963 2004 ἄρα

2072 1925 2124 1978 in
2154 1923 2290 1981 Filio
2315 1926 2547 1980 hominis
2594 1928 2801 1982 exitum
2845 1929 3158 1984 habituram
3222 1930 3656 1983 demonstratum

362 2019 804 2091 ἐνανθρωπήσας
834 2022 863 2074 ὁ
891 2021 957 2074 ἐκ
995 2022 1217 2092 Μαρίας
1241 2021 1476 2093 τεχθεὶς,
1506 2022 1617 2077 τῶν
1644 2022 1804 2078 θείων
1832 2023 1969 2094 ἡμῖν

367 2109 603 2180 Γραφῶν
632 2109 794 2163 τοῦτο
829 2110 922 2165 διὰ
953 2112 1167 2166 πολλῶν
1207 2114 1538 2179 ἀποδείξεων
1575 2113 1825 2187 ἐναργῶς
1867 2116 1969 2185 ἐμ-

376 2202 699 2269 φαινουσῶν.
739 2202 1009 2268 Θεοτόκος
1046 2204 1103 2259 δὲ
1146 2206 1362 2270 πάντως
1401 2207 1495 2261 καί⁸
1537 2205 1676 2277 αὕτη
1714 2209 1746 2278 ή
1779 2207 1969 2260 καλλι-

384 2293 667 2365 πάρθενος,
696 2294 802 2350 κᾶν
841 2287 992 2348 οὗτοι
1032 2295 1107 2368 μὴ
1156 2296 1485 2367 βούλωνταιο
1518 2299 1566 2351 εί
1601 2300 1712 2368 γὰρ
1755 2296 1970 2369 ἅνθρω-

384 2402 487 2448 πος
514 2381 581 2456 ἦν
606 2387 634 2438 ὁ
658 2385 713 2450 ἐξ
757 2386 935 2458 αὐτῆς
978 2387 1262 2458 προελθὼν
1300 2386 1509 2455 Ἰησοῦς
1556 2388 1814 2460 Χριστὸς,
1852 2388 1969 2453 πῶς

373 2480 405 2531 ὁ
443 2477 653 2541 Παῦλος
693 2479 969 2543 Γαλάταις
1018 2480 1353 2535 ἐπιστέλλων
1386 2481 1625 2552 ἔγραφε·
1666 2500 1685 2532 ι
1746 2480 1966 2544 Παῦλος

365 2569 688 2635 ἀπόστολος,
738 2571 842 2623 οὐκ
891 2572 988 2625 ἀπ’
1022 2571 1353 2644 ἀνθρώπων,
1386 2572 1506 2626 οὐδὲ
1539 2573 1606 2627 δι’
1650 2571 1966 2644 ἀνθρώπου,

362 2659 504 2714 ἀλλά
530 2659 622 2713 διὰ
659 2660 840 2731 Ἰησοῦ
873 2661 1150 2732 Χριστοῦ;
1189 2681 1206 2714 ι
1240 2663 1409 2735 Δῆλον
1440 2663 1516 2725 ὡς
1546 2663 1648 2716 οὐκ
1680 2663 1970 2735 ἄνθρωπος

365 2753 549 2821 μόνον,
592 2752 737 2806 ἀλλά
777 2752 911 2816 Θεὸς
955 2753 1397 2826 ἐνηνθρωπηκώς
1437 2754 1607 2810 ἐστιν.
1654 2755 1747 2827 Μὴ
1788 2755 1969 2809 τοίνυν

364 2841 920 2906 σκανδαλιζέσθωσαν
990 2842 1086 2895 ἐπὶ
1148 2846 1269 2906 ταῖς
1328 2843 1609 2908 τοιαύταις
1666 2847 1875 2913 φωναῖς
1917 2847 1970 2899 οἰ

360 2926 709 2999 ἀπαίδευτοι,
758 2932 898 2987 ἀλλά
934 2934 1378 2988 διδασκέσθωσαν
1424 2935 1520 2988 τοῦ
1571 2935 1717 2990 θείου
1760 2953 1970 3007 μυστη-

363 3025 479 3096 ρίου
506 3024 611 3095 τὴν
642 3024 989 3095 οἰκονομίαν,
1021 3025 1117 3078 καὶ
1155 3024 1638 3095 προσκυνείτωσαν
1664 3026 1851 3080 λοιπὸν
1876 3027 1968 3080 τὸν

358 3115 603 3186 Χριστὸν
664 3114 808 3187 μετά
864 3114 972 3167 τῶν
1019 3114 1271 3184 ἀγγέλων
1321 3116 1419 3170 καὶ¹
1476 3115 1650 3170 αὐτοί.
1718 3133 1738 3167 ι
1798 3118 1968 3171 Ὅταν

361 3210 492 3279 γὰρ,
523 3207 722 3279 φησὶν,
756 3206 1035 3279 εἰσαγάγῃ
1061 3207 1154 3261 τὸν
1174 3207 1530 3278 Πρωτότοκον
1564 3210 1647 3272 εἰς
1665 3207 1765 3281 τὴν
1793 3209 1967 3262 οἰκου-

2071 2016 2180 2071 sit?
2203 2016 2341 2071 Deus
2365 2026 2447 2071 est
2478 2018 2640 2087 igitur
2666 2018 2995 2074 humanatus
3023 2034 3183 2087 quem
3220 2017 3386 2073 Maria
3423 2019 3655 2088 peperit,

2071 2107 2267 2162 divinis
2298 2109 2452 2163 nobis
2497 2110 2799 2180 Scripturis
2851 2126 2965 2165 rem
3027 2113 3168 2166 hanc
3210 2120 3655 2181 argumentorum

2070 2199 2420 2255 multitudine
2440 2201 2722 2257 evidenter
2746 2203 3182 2259 ostendentibus.
3210 2203 3444 2272 Deipara
3474 2211 3655 2257 autem

2070 2292 2292 2345 omnino
2308 2301 2392 2347 est
2422 2292 2535 2361 ipsa
2568 2308 2783 2362 quoque
2813 2295 3029 2366 egregia
3070 2294 3258 2365 Virgo,
3294 2294 3652 2363 quantumvis

2070 2380 2160 2436 isti
2191 2383 2384 2438 nolint.
2416 2382 2551 2438 Nam
2568 2384 2613 2438 si
2657 2385 2819 2441 homo
2846 2386 3036 2441 fuisset
3064 2387 3155 2454 qui
3187 2401 3254 2441 ex
3306 2386 3422 2455 ipsa
3460 2386 3661 2455 prodiit

2070 2471 2224 2528 Jesus
2258 2473 2530 2541 Christus,
2561 2475 2832 2543 quomodo
2867 2474 3067 2531 Paulus
3093 2477 3145 2531 in
3180 2476 3421 2547 Epistola
3454 2475 3522 2531 ad
3550 2474 3659 2531 Ga—

2071 2565 2207 2622 latas
2241 2568 2550 2637 scripsisset
2577 2584 2597 2621 :
2633 2586 2650 2619 ι
2683 2553 2884 2624 Paulus
2921 2569 3218 2639 aposwlus,
3242 2586 3352 2625 non
3385 2570 3453 2625 ab
3476 2568 3660 2623 homi-

2070 2661 2253 2726 nibus,
2279 2676 2454 2732 neque
2475 2678 2571 2732 per
2624 2664 2926 2729 hominem,
2982 2664 3079 2719 sed
3141 2679 3237 2733 per
3284 2661 3469 2719 Jcsum
3500 2661 3661 2719 Chri-

2072 2761 2213 2808 stum
2236 2753 2318 2807 ”?
2353 2772 2374 2806 ι
2407 2753 2571 2809 Plane
2593 2764 2737 2822 patet
2769 2770 2874 2810 non
2904 2770 3027 2811 esse
3085 2755 3366 2811 hominem
3422 2763 3660 2810 tantum-

2072 2850 2251 2913 modo,
2274 2849 2367 2904 sed
2396 2850 2560 2903 Deum
2589 2851 2969 2905 humanatum.
3033 2849 3110 2903 Ne
3156 2861 3287 2918 ergo
3332 2846 3663 2901 hisvocihus

2071 2938 2502 2993 scandalizentur
2538 2940 2875 3005 indocti,sed
2907 2939 3071 2994 divini
3112 2938 3352 3010 mysterii
3376 2930 3663 3005 dispensa-
3775 2963 3797 2972 -

2073 3030 2275 3085 tionem
2306 3030 2540 3096 discant,
2573 3031 2909 3099 ederentque
2932 3054 2945 3057 Α
2978 3031 3235 3097 deinceps
3273 3028 3548 3084 Christum
3604 3038 3661 3082 et

2071 3119 2173 3189 ipsi
2204 3135 2325 3175 cum
2369 3120 2592 3190 angelis.
2633 3118 2836 3193 144]
2872 3139 2892 3173 ι
2937 3119 3071 3175 Cum
3116 3118 3284 3183 enim,
3328 3118 3524 3188 inquit,
3582 3118 3661 3171 in-

2073 3211 2307 3267 traducit
2347 3208 2774 3282 Primogenitum
2808 3212 2858 3264 in
2896 3210 3179 3274 mundum,
3242 3209 3417 3263 dicit:
3454 3208 3521 3262 Et
3570 3207 3663 3262 ad-

365 3300 574 3371 μένην,
620 3299 811 3368 λέγει·
854 3301 966 3353 Καὶ
995 3300 1536 3372 προσκυνησάτωσαν
1570 3300 1719 3373 αὐτῷ
1766 3302 1966 3366 πάντες

2069 3314 2229 3361 orent
2255 3319 2379 3359 eum
2402 3304 2579 3375 angeli
2609 3302 2789 3370 Dei”;
2823 3322 2843 3355 ι
2871 3312 2925 3358 et
2955 3317 3001 3357 τι
3021 3301 3079 3357 in
3114 3300 3476 3357 nomineJesu
3497 3316 3661 3356 omne

359 3392 588 3462 ἄγγελοι
604 3392 749 3446 Θεοῦ
767 3409 781 3422 ·
811 3411 830 3444 ι
855 3394 970 3458 καὶ,
990 3412 1008 3445 ι
1034 3394 1121 3446 Ἐν
1134 3391 1211 3463 τῷ
1221 3394 1514 3465 όνόματιδὲ
1530 3394 1707 3466 Ἰησοῦ
1727 3394 1969 3466 Χριστοῦ

360 3487 470 3539 πᾶν
502 3489 641 3554 γόνυ
673 3484 888 3556 κάμψει
918 3485 1262 3556 ἐπουρανίων
1307 3485 1404 3539 καὶ
1449 3486 1706 3555 ἐπιγείων
1735 3487 1831 3541 καὶ
1872 3504 1973 3541 κα·-

358 3573 697 3646 ταχθονίωψ
744 3576 842 3627 καὶ
891 3576 1045 3629 πᾶσα
1077 3575 1301 3645 γλῶσσα
1348 3577 1831 3650 ἐξομολογήσεται,
1885 3580 1968 3634 ὅτι

360 3666 574 3738 Κύριος
621 3666 839 3736 Ἰησοῦς
882 3668 1124 3738 Χριστὸς
1165 3670 1245 3733 είς
1278 3667 1439 3737 δόξαν
1485 3669 1623 3723 Θεοῦ
1667 3671 1902 3744 Πατρός.
1943 3691 1964 3725 ι

359 3758 888 3828 Μνημονευέτωσαν
922 3759 1162 3830 Χριστὸν
1207 3760 1414 3830 Ἰησοῦν
1441 3761 1647 3833 Κύριον
1677 3763 1973 3833 ὁμολογού-

363 3865 553 3919 μενον,
604 3851 709 3903 καὶ
755 3848 833 3920 μὴ
862 3849 1323 3921 ταραττέσθωσαν
1367 3853 1497 3907 ὅταν
1543 3851 1834 3924 ἄνθρωπον
1879 3853 1972 3909 διά

360 3940 458 4012 τήν
498 3941 827 4012 οἰκονομίαν
870 3941 1164 3996 ἀκούωσιν.

436 4033 521 4088 ιθ’.
567 4032 1068 4089 Οὕτωίνοείτωσαν
1095 4036 1192 4088 καὶ
1231 4034 1302 4089 τὰ
1329 4035 1419 4090 διά
1445 4053 1567 4090 τινα
1612 4037 1804 4108 χρείαν
1830 4036 1864 4109 ἧ
1892 4039 1969 4092 οῖ-

376 4126 629 4197 κονομίαν
656 4125 793 4199 περὶ
813 4126 980 4181 αὐτοῦ
1006 4127 1278 4199 εἰρημένα
1294 4145 1310 4160 ·
1335 4125 1447 4183 οἶόν
1471 4130 1620 4183 ἐστιν
1651 4129 1746 4184 καὶ
1770 4129 1832 4183 τὸ
1862 4130 1969 4193 ὑπὸ

370 4220 574 4290 Πέτρου
628 4220 732 4274 τοῦ
785 4219 1087 4275 ἀποστόλου
1138 4220 1467 4292 λεγόμενον·
1503 4240 1523 4274 ι
1572 4220 1781 4293 Ἰησοῦν
1832 4220 1962 4293 γὰρ,

364 4314 557 4383 φησὶν,
580 4313 683 4367 τὸν
704 4310 1034 4385 Ναζωραῖον
1056 4311 1229 4382 ἄνδρα
1248 4312 1707 4383 ἀποδεδειγμένον
1736 4311 1845 4367 ἀπὸ
1868 4311 1965 4366 τοῦ

360 4404 496 4459 Θεοῦ
529 4407 615 4470 εἰς
644 4405 820 4475 ὑμᾶς,
856 4422 877 4457 ι
912 4404 1051 4475 πρὸς
1090 4404 1382 4469 Ἰουδαίους
1405 4404 1791 4476 διαλεγόμενος
1813 4408 1841 4460 ὁ
1863 4405 1968 4458 Πέ-

358 4513 489 4568 τρος
509 4515 525 4529 ·
561 4496 677 4567 χρὴ
703 4496 814 4568 γὰρ
838 4495 933 4550 τὸν
956 4498 1072 4559 τοῖς
1106 4494 1273 4560 θείοις
1304 4496 1501 4565 Λόγοις
1539 4496 1960 4567 ἐντυγχάνοντα,

356 4593 455 4645 καὶ
498 4590 577 4645 τὰ
607 4589 884 4661 πρόσωπα
913 4586 1168 4658 θεωρεῖν,
1213 4589 1311 4643 καὶ
1352 4588 1446 4644 τὸν
1489 4588 1706 4660 χρόνον,
1738 4590 1832 4642 καὶ
1874 4588 1962 4641 διὰ

2072 3408 2209 3464 genu
2240 3391 2489 3447 ﬂectatur
2539 3393 2870 3458 cmlestium,
2924 3393 3266 3448 terrestrium
3303 3401 3359 3447 et
3413 3390 3658 3449 inferno-

2072 3499 2232 3539 rum:
2267 3485 2516 3540 etomuis
2538 3484 2719 3555 lingua
2748 3485 3071 3540 conﬁteatur
3128 3470 3415 3539 Dominum
3471 3482 3657 3539 Jesum

2070 3576 2349 3631 Christum
2383 3576 2438 3632 in
2460 3576 2629 3646 gloria
2658 3590 2781 3632 esse
2825 3575 2922 3633 Dei
2954 3575 3129 3630 Patris
3156 3575 3227 3632 ".
3261 3593 3281 3627 ι
3310 3572 3660 3629 Meminerint

2071 3668 2345 3724 Christum
2383 3666 2565 3723 Iesum
2596 3667 2868 3723 communi
2914 3668 3179 3724 consensu
3238 3664 3543 3748 Dominum.
3575 3665 3660 3721 di-

2070 3769 2240 3827 ctum,
2279 3774 2458 3831 neque
2496 3760 2914 3824 conturbentur,
2955 3775 3079 3815 cum
3116 3773 3240 3815 eum
3273 3758 3546 3814 hominem
3574 3770 3658 3814 se-

2070 3852 2307 3907 cundum
2335 3849 2799 3923 dispensationem
2836 3858 3089 3906 vocatum
3120 3848 3368 3904 audiunt.

2144 4027 2231 4083 i9.
2262 4026 2355 4082 Sic
2407 4037 2462 4083 et
2516 4028 2634 4082 alia:
2666 4025 2966 4082 locutiones
2997 4023 3362 4097 intelligenda:
3385 4031 3514 4080 sunt
3554 4038 3659 4091 pro

2072 4121 2149 4175 rei
2186 4130 2328 4175 natat
2362 4136 2460 4175 usu
2490 4130 2545 4174 et
2584 4118 2993 4188 dispensatione
3048 4118 3228 4182 dictae,
3272 4116 3436 4172 veluti
3490 4118 3657 4170 etiam

2071 4212 2219 4269 Petri
2247 4212 2374 4268 illud
2402 4209 2635 4282 apostoli
2665 4208 2884 4264 eﬂ‘atum
2907 4217 3027 4264 est:
3057 4225 3075 4260 ι
3099 4206 3283 4264 Jesum
3315 4206 3463 4262 enim
3482 4203 3659 4261 Naza-

2070 4321 2261 4360 renum
2321 4303 2498 4358 virum
2542 4303 2899 4371 approbatum
2943 4316 2971 4354 a
3039 4301 3150 4355 Deo
3193 4300 3334 4354 inter
3367 4297 3493 4365 vos,’
3528 4315 3546 4350 ι
3581 4298 3658 4352 ait

2071 4394 2284 4451 Judaeos
2315 4393 2595 4463 alloquens
2618 4391 2814 4448 Petrus
2853 4392 2920 4446 “.
2949 4390 3174 4463 Oportet
3196 4390 3340 4445 enim
3366 4390 3434 4445 ab
3456 4405 3541 4455 eo,
3562 4390 3655 4459 qui

2071 4487 2270 4544 divinis
2300 4487 2524 4542 Litteris
2555 4487 2747 4554 utitur,
2773 4495 2829 4542 et
2847 4501 3107 4556 personas
3136 4484 3392 4552 spectari,
3415 4491 3472 4538 et
3524 4492 3656 4537 tem-

2073 4596 2194 4651 pus,
2223 4589 2277 4635 et
2303 4595 2463 4650 quam
2496 4579 2564 4634 oh
2595 4593 2814 4634 causam
2848 4577 3078 4646 quodvis
3107 4577 3346 4641 dicatur,
3382 4574 3642 4644 reputari.

358 4684 528 4737 ποεαν
559 4655 753 4736 αἰτίαν
778 4681 1014 4734 ἕκαστον
1031 4655 1287 4751 εἴρηται,
1308 4655 1625 4748 λογίζεσθαι
1647 4698 1659 4711 ο
1685 4678 1829 4733 οὕτω
1854 4679 1965 4751 γὰρ

2074 4675 2166 4729 Sic
2188 4674 2335 4729 enim
2359 4672 2590 4742 singulis
2618 4669 2778 4725 dictis
2794 4658 3205 4723 convenientem
3236 4666 3652 4721 accommodare

360 4775 587 4843 ἑκάστῳ
622 4769 778 4843 ῥητῷ
804 4770 907 4840 τὴν
930 4769 1250 4840 πρέπουσαν
1283 4770 1599 4841 ἐφαρμόσαι
1622 4768 1858 4841 θεωρίαν
1883 4786 1970 4834 τις

360 4868 425 4938 τῇ
459 4864 560 4920 τοῦ
612 4862 935 4933 [Ινεύματος
967 4860 1263 4933 δυνήσεται
1312 4844 1517 4932 χάριτι.
1569 4861 1723 4915 Ἐπεὶ
1744 4854 1838 4915 οὖν
1871 4860 1969 4914 καὶ

360 4958 519 5013 τοῦτο
562 4956 630 5010 τὸ
686 4952 854 5027 ῥητὸν
903 4954 1102 5006 ἐκεῖνοι
1152 4951 1293 5023 πρὸς
1336 4951 1595 5006 σύστασιν
1644 4954 1745 5023 τῆς
1788 4950 1969 5006 αὐτῶν

362 5048 693 5113 δυσσεϐείας
706 5045 1132 5119 προϐάλλονται,
1159 5045 1394 5117 εῐδωμεν
1410 5044 1466 5098 τί
1493 5045 1692 5117 δήποτε
1709 5046 1738 5098 ὁ
1762 5045 1968 5117 Πέτρος

360 5141 731 5212 οἰκονομῆσαι
767 5137 1116 5210 βουλόμενος,
1139 5136 1284 5192 οὕτω
1310 5136 1608 5210 λελάληκεν
1627 5153 1640 5166 ⁸
1677 5137 1881 5208 μᾶλλον
1905 5137 1962 5191 δὲ

357 5236 525 5290 αὑτὸν
570 5230 1028 5304 ἐπερωτήσωμεν
1059 5229 1159 5301 τὴν
1190 5228 1371 5284 αἰτίαν
1404 5228 1658 5298 ἀγγεῖλαι
1691 5231 1846 5301 ἡμῖν,
1891 5229 1961 5283 δι’

362 5329 424 5397 iga
460 5325 617 5380 οὕτω
659 5323 845 5394 λέγειν
879 5322 1131 5395 προήχθη
1152 5340 1167 5354 θ
1196 5321 1250 5375 τί
1282 5319 1412 5394 φὴς,
1442 5313 1488 5375 ὦ
1518 5320 1796 5392 μακάριε;
1834 5322 1963 5376 Ἀν-

361 5417 591 5483 θρωπον
623 5413 920 5485 κηρύττεις
947 5414 1039 5468 τὸν
1065 5411 1325 5485 Χριστὸν,
1353 5411 1450 5465 καὶ
1474 5410 1650 5483 τούτῳ
1678 5406 1961 5466 πιστεύειν

358 5509 513 5579 ἡμᾶς
560 5504 916 5570 ἀναπείθεις,
965 5504 1055 5559 ἵνα
1089 5503 1354 5574 κτίσματι
1380 5502 1667 5575 λατρεύειν
1705 5502 1958 5574 διδάξῃς;

361 5600 475 5653 Καὶ
508 5598 623 5668 μὴν
650 5597 842 5667 ἕτερος
870 5594 1171 5659 ἀπόστολος
1212 5592 1490 5666 μέμφεται
1519 5594 1646 5658 τοὺς
1676 5595 1744 5664 τῇ
1784 5595 1960 5648 κτίσει

433 5811 481 5844 ’⁸
509 5806 662 5861 Psal.
688 5818 833 5867 utr,
856 5802 913 5857 2.
990 5803 1035 5834 ⁹¹
1068 5799 1196 5856 ibid.
1231 5800 1285 5854 3.
1328 5800 1372 5832 ⁹¹
1407 5799 1596 5856 Matth.
1627 5813 1753 5863 xxv,
1787 5799 1874 5869 5|,
1903 5800 1991 5856 52.

366 5882 414 5917 ’⁸
439 5883 564 5938 Att.
623 5894 681 5943 ιι,
716 5874 810 5929 22.
888 5874 932 5907 ⁸⁷
961 5872 1118 5928 Betti.
1162 5887 1199 5941 ι,
1228 5871 1299 5926 25
1329 5888 1344 5939 ;
1382 5872 1502 5928 Act.
1529 5886 1641 5940 xw,
1666 5870 1752 5923 14.

2072 4779 2292 4821 sensum
2326 4762 2591 4832 quispiam
2628 4774 2749 4815 cum
2780 4757 3019 4824 Spiritus
3055 4757 3232 4827 gratia
3265 4756 3487 4826 poterit.
3512 4754 3671 4822 Quia:

2072 4857 2238 4928 igitur
2269 4857 2409 4910 hanc
2437 4866 2655 4924 quoque
2684 4851 3014 4906 locutionem
3046 4848 3121 4903 illi
3155 4849 3223 4903 ad
3255 4846 3653 4917 suaeirrcligio-

2070 4949 2248 5004 sitatis
2271 4946 2739 5003 conﬁrmationem
2769 4942 3057 5010 objiciunt,
3081 4942 3365 4996 videamus
3392 4939 3652 5010 quidnam

2071 5042 2269 5098 Petrus
2291 5040 2448 5109 juxta
2478 5036 2901 5109 dispensationis
2942 5033 3160 5105 regulas
3193 5032 3502 5105 signiﬁcare
3555 5046 3653 5085 vo-

2070 5133 2210 5198 lens,
2242 5133 2314 5187 ita
2346 5131 2562 5186 locutus
2587 5130 2682 5185 sit.
2729 5127 2841 5182 lmo
2879 5140 3007 5181 vero
3039 5125 3108 5181 ab
3132 5139 3198 5180 eo
3241 5137 3549 5190 quaeramus
3593 5126 3656 5174 ut

2070 5240 2171 5280 nos
2194 5225 2405 5288 doceat,
2426 5235 2673 5292 quaenam
2705 5233 2828 5273 eum
2847 5231 3011 5273 causa
3054 5216 3119 5271 ad
3147 5216 3200 5271 id
3230 5214 3454 5270 .dictum
3481 5213 3652 5281 impu-

2067 5314 2211 5370 lerit.
2239 5313 2379 5381 Quid
2407 5313 2512 5380 ais,
2544 5327 2577 5367 o
2606 5309 2801 5367 beate?
2840 5307 3124 5364 Hominem
3186 5304 3447 5375 praedicas
3489 5302 3652 5357 Chri-

2066 5416 2233 5473 stum,
2266 5417 2429 5479 atque
2457 5416 2513 5459 ut
2543 5405 2669 5459 huic
2697 5405 2982 5459 credamus
3006 5400 3226 5465 suades,
3254 5405 3314 5452 ut
3340 5405 3646 5452 creaturam

2066 5501 2295 5556 adorare
2324 5514 2423 5553 nos
2451 5495 2684 5553 doceas?
2706 5494 2867 5564 Atqui
2899 5494 3037 5548 alius
3077 5489 3369 5561 Apostolus
3396 5487 3648 5555 increpat

2064 5607 2180 5660 eos,
2208 5591 2300 5662 qui
2323 5599 2587 5646 creatura:
2620 5586 2825 5644 cultum
2845 5585 3031 5641 volunt
3051 5583 3310 5641 exhibere
3326 5579 3394 5638 ⁸⁷.
3419 5577 3650 5635 Praeter-

2070 5801 2113 5833 ’³
2151 5796 2323 5855 Galat.
2356 5814 2393 5863 ι,
2426 5798 2473 5852 1.
2550 5795 2594 5828 ”'
2619 5792 2779 5851 llcbr.
2812 5808 2850 5859 1,
2877 5791 2930 5848 6.
3007 5791 3051 5863 ξ’
3078 5786 3308 5857 Philipp.
3333 5801 3393 5853 ll,
3429 5783 3514 5849 lO,
3561 5781 3648 5836 Η.
