4080 6460
496 419 602 478 279

1496 421 1556 478 S.
1598 422 1875 479 CYRILLI
1913 425 2388 490 ALEXANDRINI
2427 434 2751 494 ARCHIEP.

3663 438 3774 497 280

499 556 563 597 ea
619 520 890 611 quomodo
919 541 1037 613 ipse
1061 557 1088 597 ο
1109 540 1329 599 Christo
1365 542 1752 615 interrogatus,
1777 558 2070 614 quemnam

2182 551 2469 626 λατρεύειν
2498 554 2781 625 ἐθέλοντας
2804 601 2818 613 .
2842 553 2979 615 Εἶτα
3004 560 3119 626 πῶς
3143 561 3308 628 αὐτὸς
3321 561 3620 636 ἐρωτηθεὶς
3642 581 3716 618 πα
3726 564 3775 635 ρ’

496 634 842 690 existimares
869 648 991 690 esse
1019 632 1214 689 Filium
1242 636 1498 701 hominis.
1534 638 1861 708 respondisti
1895 656 1911 696 :
1953 659 1972 692 ι
1998 641 2078 696 Tu

495 740 556 781 es
584 723 753 779 Filius
767 726 858 780 Dei
888 726 1146 781 viventis?
1171 746 1190 779 ι
1235 727 1500 798 siquidem
1522 744 1587 785 ea
1623 739 1751 785 tunc
1783 730 2080 804 interroga-

496 816 573 869 tio
601 815 667 869 iis
701 817 791 881 qui
829 832 933 871 non
959 818 1094 873 satis
1122 819 1543 888 dispensationis
1567 824 1885 894 mysterium
1920 840 2080 881 nove-

494 915 639 969 rant,
690 903 920 960 fortasse
992 906 1226 978 aliquam
1296 907 1605 979 hujusmodi
1686 913 2075 982 cogitationem

493 996 720 1064 injicere
746 1007 981 1066 poterat,
1014 1014 1207 1069 nempe
1242 1008 1300 1055 ut
1338 1015 1461 1055 eum
1496 1002 1773 1059 hominem
1806 1019 1929 1060 esse
1976 1023 2078 1061 ex-

492 1092 801 1148 istimarent
832 1112 843 1146 :
876 1112 894 1145 ι
934 1095 1232 1160 Quemnam
1264 1096 1430 1160 enim,
1468 1098 1563 1160 ait,
1596 1098 1842 1155 homines
1890 1100 2078 1159 dicunt

491 1200 611 1239 esse
634 1185 826 1241 Filium
858 1187 1093 1242 hominis
1115 1188 1204 1241 "?
1231 1207 1248 1240 ι
1287 1187 1438 1243 Tunc
1470 1189 1634 1259 igitur
1689 1206 1813 1246 cum
1860 1193 2076 1251 audires

493 1276 666 1343 ipsum
697 1292 816 1332 esse
850 1277 1044 1331 Filium
1069 1280 1329 1343 hominis,
1360 1279 1454 1334 Dei
1479 1279 1677 1335 Filium
1707 1296 1829 1337 esse
1856 1296 2075 1351 respon-

489 1367 652 1433 disti;
698 1383 840 1422 nunc
878 1383 1031 1432 vero,
1068 1380 1189 1438 post
1243 1379 1321 1424 tot
1356 1370 1588 1426 aliorum
1636 1373 1808 1427 visam
1834 1374 2070 1429 miracu-

490 1460 658 1511 !orum
693 1459 1011 1528 potentiam,
1046 1470 1328 1529 postquam
1390 1462 1562 1517 beata:
1602 1460 1842 1530 ejusdem
1894 1479 2069 1519 resur-

489 1551 748 1605 rectionis
763 1561 819 1607 et
847 1553 899 1606 in
932 1553 1129 1608 coelum
1164 1555 1369 1610 reditus
1400 1556 1553 1611 testis
1590 1555 1763 1623 fuisti,
1794 1559 2068 1614 hominem

386 1664 391 1667 ·
488 1643 664 1712 ipsum
706 1644 878 1699 dicis?

556 1734 649 1789 20.
686 1732 798 1791 Nec
832 1738 1121 1807 quisquam
1154 1739 1453 1807 existimet,
1478 1744 1783 1797 tuncctiam
1813 1751 2067 1813 tanquam

486 1826 553 1879 de
581 1828 799 1883 homine
815 1831 1056 1900 potuisse
1085 1832 1150 1887 de
1177 1834 1268 1889 illo
1297 1832 1501 1899 dicere,
1554 1853 1573 1886 ι
1608 1834 1687 1890 Tu
1715 1851 1775 1891 es
1815 1835 2077 1892 Christus”

2185 645 2377 713 αὐτοῦ,
2412 648 2538 703 τίνα
2578 650 2832 722 ἐνόμιζες
2864 648 3006 707 εῖναι
3040 653 3133 708 τὸν
3165 654 3295 708 Υίὸν
3328 654 3425 709 τοῦ
3458 654 3774 726 ἀνθρώπου,

2181 737 2510 813 ἀπεκρίθης,
2541 760 2562 794 ι
2596 742 2669 797 Σὺ
2700 739 2754 797 εἴ
2774 744 3193 810 όΥίδςτοῦΘεοῦ
3215 745 3310 800 τοῦ
3330 744 3564 813 ζῶντοςς
3599 768 3619 801 ι
3644 747 3772 801 καί-

2179 843 2259 882 τοι
2291 830 2414 883 τότε
2448 834 2481 903 η
2515 831 2708 898 πεῦσις
2731 837 2845 899 τοίς
2876 835 2952 907 μὴ
3002 836 3209 908 σφόδρα
3241 837 3407 891 εἰδόσι
3436 835 3536 907 τῆς
3565 838 3774 891 οίκονο-

2182 920 2314 989 μίας
2339 922 2400 975 τὸ
2443 925 2766 995 μυστήριον,
2822 925 2962 997 τάχα
2991 926 3086 980 καί
3113 930 3235 980 τινα
3266 925 3527 997 τοιαύτην
3556 925 3771 979 ἔννοιαν

2179 1011 2427 1081 ἐμποιεῖν
2461 1014 2717 1083 ἠδύνατο,
2750 1014 2897 1083 λέγω
2925 1015 2990 1088 δὴ
3015 1016 3076 1069 τὸ
3099 1013 3388 1087 ἀνθρωπον
3418 1015 3583 1069 αὐτὸν
3612 1016 3772 1086 νομί-

2180 1118 2303 1157 σαι*
2335 1123 2353 1156 ι
2385 1101 2521 1160 Τίνα
2547 1107 2677 1177 γὰρ,
2707 1106 2915 1175 ἔλεγεν,
2944 1108 2993 1160 oi
3026 1107 3308 1178 ἄνθρωποι
3340 1106 3594 1176 λέγουσιν
3622 1102 3769 1163 εἶναι

2176 1197 2266 1251 τὸν
2304 1197 2432 1250 Υίδν
2461 1197 2557 1252 τοῦ
2604 1197 2931 1269 ἀνθρὡπου;
2968 1218 2986 1252 ι
3031 1199 3142 1252 Kal
3186 1199 3308 1252 τότε
3358 1199 3458 1269 μὲν
3501 1199 3633 1253 Υίδν
3662 1200 3765 1253 ἀν-

2176 1285 2395 1357 θρώπου
2423 1287 2638 1343 ἀκούων
2664 1289 2848 1353 αὑτὸν,
2884 1290 2975 1343 τὸν
2998 1289 3126 1343 Υίδν
3147 1288 3242 1342 τοῦ
3271 1289 3407 1343 Θεοῦ
3437 1289 3602 1343 αὑτὸν
3622 1287 3766 1343 εἶναι

2174 1375 2391 1446 ἔλεγες·
2428 1378 2523 1432 νῦν
2546 1379 2603 1433 δὲ
2632 1380 2771 1451 μετὰ
2799 1381 2861 1434 τὸ
2894 1379 3069 1436 ἄλλων
3112 1380 3322 1433 πολλῶν
3363 1380 3607 1450 σημείων
3634 1380 3767 1435 θεά-

2177 1469 2372 1524 σασθαι
2400 1470 2630 1543 δύναμιν
2654 1513 2670 1538 ,
2726 1473 2866 1543 μετά
2912 1472 2975 1525 τὸ
3014 1473 3110 1526 καὶ⁵
3140 1473 3240 1543 τῆς
3288 1473 3564 1543 μακαρίας
3592 1472 3761 1527 αὑτοῦ

2173 1561 2561 1627 ἀναστάσεως,
2599 1563 2689 1617 καὶ
2719 1564 2819 1633 τῆς
2864 1564 2945 1627 εἰς
2982 1563 3211 1633 οὐρανὸν
3250 1562 3437 1616 ἀνόδου
3484 1563 3543 1615 ὲν
3590 1562 3762 1635 πείρα

2172 1654 2447 1722 γενέσθαι,
2479 1654 2768 1727 ἄνθρωπον
2792 1655 2957 1708 αὐτὸν
2982 1650 3123 1708 εἶναι
3149 1653 3356 1724 λέγεις

2242 1751 2313 1797 κ’.
2355 1742 2465 1797 Kal
2498 1746 2572 1816 μή
2604 1761 2689 1808 τις
2715 1743 2913 1799 οἰέσθω
2944 1744 3207 1798 δύνασθαι
3239 1745 3334 1798 καὶ
3356 1744 3477 1798 τότε
3508 1743 3584 1807 ὼς
3625 1743 3760 1814 περὶ

2169 1834 2459 1907 ἀνθρώπου
2493 1835 2673 1904 λέγειν
2702 1835 2867 1889 αὐτὸν
2892 1835 2973 1902 τὸ,
3017 1853 3036 1886 ι
3067 1835 3141 1889 Σὺ
3174 1831 3225 1888 εἴ
3247 1837 3276 1888 6
3304 1834 3540 1907 Χριστὸς
3565 1835 3594 1888 6
3626 1834 3760 1898 Υἱὸς

486 1920 578 1988 qui
611 1931 671 1973 es
710 1920 881 1976 Filius
916 1923 1009 1976 Dei
1055 1924 1310 1993 viventis,
1352 1944 1370 1977 ι
1420 1927 1857 1998 quandoquidem
1894 1930 2065 1985 sancti

2174 1924 2266 1980 τοῦ
2296 1925 2432 1979 Θεοῦ
2463 1925 2558 1981 τοῦ
2588 1925 2792 1991 ζῶντος
2817 1968 2831 1992 ,
2866 1945 2885 1978 ι
2920 1926 2996 1990 ὡς
3024 1927 3120 1980 καὶ
3152 1926 3260 1981 τῶν
3287 1926 3457 1995 ἁγίων
3485 1943 3761 1997 χρηματι-

485 2029 703 2084 quoque
727 2015 973 2070 homines
1002 2015 1093 2069 lilii
1125 2017 1213 2072 Dei
1243 2028 1387 2072 sunt.
1414 2017 1531 2073 Non
1555 2020 1700 2074 enim
1751 2020 2073 2090 simpliciter

485 2107 641 2171 dixit,
671 2105 749 2160 Tu
771 2120 830 2161 es
854 2106 1023 2162 Filius
1057 2106 1178 2171 Dei;
1209 2110 1326 2176 sed,
1363 2129 1381 2162 ι
1425 2108 1503 2164 Tu
1536 2127 1617 2176 es,
1640 2113 1731 2181 qui
1761 2111 1931 2168 Filius
1975 2111 2071 2168 Dei

487 2213 569 2255 es.
604 2217 623 2250 ι
669 2198 1163 2275 Namque_articuli
1194 2200 1415 2271 (Graeci)
1460 2202 1692 2273 atljcho
1743 2218 1909 2258 unum
1973 2203 2070 2259 de-

485 2300 757 2347 monstrat
783 2292 1120 2362 unicumque
1142 2306 1328 2347 verum
1370 2292 1566 2348 Filium
1602 2294 1945 2351 confessione
1976 2295 2071 2351 Pe-

483 2386 552 2438 tri
586 2384 848 2440 denotari.
910 2384 1046 2441 Huic
1082 2386 1297 2439 demum
1359 2386 1646 2455 objectioni
1708 2387 1822 2456 ipse
1880 2386 2070 2444 beatus

482 2476 677 2532 Petrus
711 2477 795 2532 bis
814 2476 926 2532 fere
956 2478 1135 2533 verbis
1167 2478 1297 2532 mihi
1346 2478 1559 2533 videtur
1591 2494 1882 2534 occurrere
1927 2495 1939 2533 :
1990 2478 2070 2533 Ne

485 2585 574 2625 me
609 2570 684 2625 ita
721 2570 957 2625 locutum
985 2570 1208 2638 putetis,
1262 2570 1419 2640 quasi
1459 2584 1598 2625 unus
1656 2570 1722 2625 de
1788 2570 1941 2626 vobis
1996 2569 2070 2625 sit

486 2664 651 2719 homo
676 2662 946 2719 Christus.
978 2662 1131 2729 [laud
1180 2662 1231 2717 id
1284 2662 1536 2732 equidem
1604 2663 1748 2725 dico,
1805 2663 1899 2719 sed
1950 2676 2066 2718 rem

484 2756 679 2809 miram
731 2767 786 2811 et
831 2755 1160 2824 insperatam
1221 2756 1486 2824 prudente
1560 2769 1813 2810 sermone
1863 2754 2063 2813 revelo.

483 2846 744 2911 Quaenam
779 2861 906 2901 vero
926 2848 1039 2902 hmc
1070 2848 1186 2903 est?
1212 2846 1450 2917 Spiritus
1512 2847 1903 2903 descendentis
1956 2848 2067 2903 ἣτις

483 2954 614 3008 εισι-ε
634 2938 841 3003 audito,
868 2937 1179 2994 Iudaeorum
1229 2940 1459 3008 populus
1495 2940 1562 2994 ad
1598 2955 1697 2996 nos
1726 2943 1965 2996 accurrit
1994 2943 2062 2996 ”.

481 3030 626 3101 Ergo
686 3032 939 3087 idoneum
996 3030 1242 3100 piscandi
1297 3032 1544 3088 homines
1600 3044 1812 3103 tempus
1849 3042 2063 3101 nactus,

483 3139 661 3195 neque
697 3131 872 3178 tamen
897 3124 1087 3178 valens
1139 3123 1427 3179 manifesto
1468 3125 1783 3195 directoque
1814 3140 2067 3181 sermone

479 3215 755 3271 Christum
785 3215 949 3271 Deum
980 3217 1300 3286 praedicare,
1358 3216 1481 3285 quia
1541 3216 1614 3270 illi
1647 3216 1856 3272 scilicet
1904 3215 2065 3286 paulo
2089 3255 2135 3314 Ο

481 3318 611 3361 ante
636 3308 779 3362 hunc
803 3308 1210 3373 crucillxerant,
1270 3307 1670 3376 molestumque
1731 3309 1839 3363 illis
1876 3307 2064 3379 hujus-

368 3453 375 3459 ,
482 3400 624 3454 modi
673 3400 945 3467 negotium
1005 3399 1314 3464 accidisset,
1376 3399 1512 3467 celo,
1557 3401 1752 3470 inquit,
1798 3399 2067 3454 sermonis

481 3492 725 3557 hamum,
761 3491 923 3546 sicuti
961 3490 1017 3543 fit
1046 3489 1258 3558 objecta
1283 3490 1519 3560 piscibus
1554 3505 1704 3559 esca,
1738 3490 1840 3547 sub
1871 3493 2064 3546 horum

479 3583 773 3637 verborum
815 3580 1137 3646 humilitate,
1160 3591 1214 3636 et
1240 3578 1423 3636 Jesum
1449 3579 1797 3635 Nazarenum
1840 3582 2067 3637 nomino

482 3685 646 3745 atque
690 3673 1033 3740 crucifixum,
1069 3682 1120 3729 et
1151 3676 1295 3745 quod
1333 3675 1476 3731 Deus
1523 3674 1698 3742 ipsum
1748 3688 1779 3729 e
1837 3675 2067 3729 mortuis

482 3765 846 3831 suscitaverit;
872 3773 1033 3835 atque
1062 3765 1134 3819 ita
1166 3781 1273 3820 non
1303 3765 1423 3820 sine
1455 3764 1722 3819 velamine
1755 3764 1944 3835 iugero
1966 3780 2067 3822 nec

482 3861 601 3915 sine
624 3869 741 3914 arte
770 3861 1003 3930 quadam
1043 3857 1401 3928 theologicam
1440 3857 1586 3913 illius
1650 3857 1922 3913 notitiam.
1975 3858 2067 3913 Et-

481 3953 628 4008 enim
656 3951 872 4007 Davidis
912 3951 1077 4006 verba
1114 3951 1168 4006 in
1202 3959 1441 4005 mentem
1474 3950 1607 4021 ipsis
1656 3965 1874 4017 revoco,
1926 3965 2067 4020 quo-

481 4043 629 4098 niam
653 4044 753 4098 viri
785 4042 1139 4123 illiuspotius
1192 4041 1413 4097 oracula
1456 4041 1575 4097 sine
1631 4041 1944 4111 suspicione
1977 4043 2067 4096 ad-

481 4135 803 4199 mittebant;
867 4150 1072 4204 perque
1135 4147 1196 4187 ea
1261 4148 1388 4188 mox
1472 4133 1656 4190 omnia
1722 4133 1818 4188 Dei
1877 4132 2065 4187 virtuti

483 4210 745 4291 attribui),
780 4235 837 4279 ut
867 4226 945 4280 sic
987 4225 1246 4294 paulatim
1281 4223 1495 4280 Iudaeos
1543 4223 1740 4279 faciam
1769 4223 2065 4280 salutarem

482 4320 781 4374 doctrinam
823 4319 1100 4387 recipere:
1134 4334 1241 4389 quo
1267 4316 1433 4383 facto,
1464 4317 1639 4386 lisque
1688 4317 1755 4370 ad
1802 4330 2068 4385 compun-

483 4412 719 4467 ctionem
757 4411 1055 4478 conversis,
1080 4410 1416 4465 manifestius
1441 4409 1635 4464 deinde
1680 4407 1851 4462 Deum
1886 4407 2067 4477 ipsum

483 4506 801 4559 demonstro
856 4519 954 4574 per
1004 4501 1166 4570 hujus
1214 4501 1472 4570 baptismi
1547 4498 1600 4553 in
1679 4498 1798 4568 ejus
1849 4499 2069 4553 nomine

2173 2016 2376 2082 ξόντων
2404 2016 2539 2071 υἱῶν
2557 2017 2715 2071 Θεοῦσ
2741 2017 2803 2070 οὐ
2823 2017 2936 2089 γὰρ
2961 2016 3148 2081 ἁπλῶς
3173 2013 3349 2081 εἶπεν,
3375 2017 3448 2069 Σὺ
3472 2016 3600 2079 Tib;
3619 2015 3759 2071 Θεοῦ

2172 2105 2242 2175 εἴ,
2268 2109 2426 2177 ἀλλά,
2446 2129 2464 2163 ι
2483 2110 2555 2164 Σὺ
2570 2104 2620 2163 εἴ
2646 2112 2674 2164 6
2696 2110 2828 2173 Υἱὸς
2859 2108 2953 2163 τοῦ
2984 2108 3141 2163 Θεοῦ·
3175 2128 3194 2161 ι
3219 2111 3253 2181 ἠ
3287 2110 3397 2181 γὰρ
3425 2107 3521 2162 τοῦ
3550 2108 3762 2181 ἄρθρου

2172 2202 2457 2276 προσθήκη
2495 2202 2573 2274 (1)
2608 2202 2848 2257 δείκνυσι
2879 2202 2971 2257 τὸν
2997 2201 3095 2255 ἕνα
3143 2202 3239 2256 καὶ
3279 2201 3441 2273 μόνον
3499 2200 3764 2271 ἀληθινὸν

2171 2295 2301 2349 Υίδν
2333 2295 2669 2367 ὁμολογῆσαι
2695 2295 2788 2349 τὸν
2816 2295 3042 2367 Πέτρον.
3076 2294 3224 2367 Πρὸς
3264 2293 3438 2347 ταῦτα
3483 2291 3542 2346 δὲ
3580 2292 3766 2346 τοιού-

2169 2403 2285 2451 τοις
2326 2372 2615 2459 μονονουχὶ
2648 2387 2812 2451 αὐτὸς
2837 2388 2865 2441 6
2901 2386 3171 2459 μακάριος
3204 2385 3411 2457 Πέτρος
3441 2385 3767 2456 ἀπήντησεν

2168 2479 2236 2533 ἂν
2276 2482 2548 2552 ῥήμασιν’
2581 2480 2673 2551 Μὴ
2718 2478 2881 2534 τοῦτο
2925 2478 3189 2551 νομίσητέ
3226 2495 3293 2550 με
3326 2477 3641 2549 εἰρηκέναι,
3673 2476 3765 2530 ὅτι

2170 2588 2277 2641 περ
2324 2571 2611 2644 ἅνθρωπος
2654 2570 2778 2625 καθ’
2807 2572 2955 2642 ἡμᾶς
2987 2565 3068 2635 εἷς
3105 2572 3253 2624 ἐστιν
3307 2570 3337 2623 6
3380 2570 3617 2642 Χριστός
3639 2586 3655 2601 ·
3692 2569 3762 2623 ού

2168 2661 2326 2715 τοῦτό
2361 2663 2510 2715 ἐστιν
2537 2663 2565 2717 ὅ
2598 2679 2778 2733 φημι·
2813 2664 3045 2733 πρᾶγμα
3072 2662 3128 2716 δέ
3155 2679 3208 2715 τι
3236 2661 3508 2732 οίκονομῶ
3539 2661 3762 2732 θαυμα-

2172 2755 2318 2818 στὸν,
2344 2755 2440 2808 καὶ
2469 2753 2806 2825 παράδοξον*
2837 2755 2934 2807 καὶ
2964 2757 3118 2807 ποῖον
3145 2752 3305 2807 τοῦτό
3333 2756 3483 2819 ὲστι;
3511 2755 3590 2824 Τῇ
3618 2751 3764 2808 καθ-

2168 2846 2275 2918 όδῳ
2302 2846 2395 2900 τοῦ
2429 2847 2571 2902 Πνεύ
2582 2864 2751 2918 ματος
2782 2846 3142 2919 περιηχηθεὶς
3165 2846 3276 2900 τῶν
3316 2847 3635 2901 ’Ῑουδαίωνό
3665 2845 3767 2917 δῆ-

2172 2953 2301 3007 μος,
2363 2937 2701 3008 συνέδραμεν
2767 2937 2906 3009 πρὸς
2954 2939 3131 3008 ἡμᾶς·
3192 2936 3369 3008 εὑρὼν
3419 2933 3513 2991 οὖν
3564 2935 3765 3007 καιρὸν

2169 3029 2357 3093 ἀλείας
2403 3029 2707 3100 ἀνθρώπων
2744 3025 2883 3083 εἶναι
2929 3029 3084 3095 τότε,
3134 3025 3252 3083 εἶτα
3282 3028 3538 3099 φανερῶς
3571 3029 3766 3094 αὐτοῖς

2168 3121 2263 3174 καὶ
2288 3121 2383 3174 ἀπ’
2412 3120 2628 3184 εὐθείας
2654 3121 2716 3173 ού
2748 3120 3048 3192 δυνάμενος
3077 3121 3170 3174 τὸν
3196 3121 3434 3192 Χριστὸν
3461 3119 3603 3173 Θεδν
3622 3119 3765 3173 ἀνα-

2169 3212 2492 3284 κηρύττειν,
2526 3213 2760 3284 ὲπείπερ
2803 3213 2965 3266 αὑτὸν
2995 3213 3102 3284 πρὸ
3134 3212 3316 3281 ὀλίγου
3342 3210 3767 3283 σταυρώσαντες

2168 3300 2331 3376 ἦσαν,
2350 3305 2445 3358 καὶ
2472 3304 2611 3376 βαρὺ
2634 3306 2819 3369 αὐτοῖς
2839 3304 2927 3359 διὰ
2954 3304 3113 3358 τοῦτο
3133 3304 3193 3359 τὸ
3221 3306 3454 3377 πρᾶγμα
3481 3303 3766 3375 ἐφαίνετο,

2170 3396 2401 3468 κρύπτω
2430 3397 2497 3450 τὸ
2526 3397 2824 3469 ἄγκιστρον
2853 3396 2947 3451 τοῦ
2981 3396 3175 3466 λόγου,
3221 3396 3476 3468 καθάπερ
3524 3397 3617 3450 ἐπὶ
3647 3392 3770 3450 τῶν

2171 3488 2372 3560 ίχθύων
2415 3491 2483 3561 τῇ
2529 3490 2741 3561 τροφῇ,
2776 3490 2892 3553 τοῖς
2925 3487 3350 3560 ταπεινωτέροις
3390 3487 3603 3552 τούτοις
3655 3488 3765 3559 ῥή-

2173 3599 2343 3653 μασι,
2395 3581 2491 3635 καὶ
2542 3580 2635 3633 τὸν
2687 3578 2893 3651 Ἰησοῦν
2941 3580 3266 3652 Ναζωραῖον
3324 3579 3606 3649 ὀνομάζω,
3662 3581 3771 3634 καὶ

2169 3672 2613 3744 ἐσταυρωμένον,
2649 3672 2745 3725 καὶ
2772 3672 2858 3725 ὅτι
2888 3673 2915 3725 6
2943 3672 3077 3735 Θεὸς
3108 3672 3333 3742 ἡγειρεν
3371 3670 3535 3724 αὐτὸν
3566 3671 3631 3723 ὲκ
3673 3687 3771 3723 νε-

2170 3766 2340 3837 κρῶν,
2399 3765 2496 3818 καὶ
2544 3763 2689 3817 οὕτω
2749 3764 3183 3835 κεκαλυμμένως
3230 3763 3469 3833 εἰσφέρω
3520 3763 3616 3815 καὶ
3662 3761 3771 3834 τὴν

2170 3855 2450 3925 θεολογίαν
2501 3853 2706 3920 αὐτοῦ,
2748 3856 2844 3910 xal
2888 3855 3095 3925 ταύτην
3145 3855 3285 3925 μετά
3331 3870 3476 3918 τινος
3526 3853 3764 3924 τέχνης·

2168 3948 2299 4012 τοὺς
2336 3948 2443 4021 γὰρ
2470 3946 2637 4002 Δασὶδ
2687 3947 2888 4011 αὐτοὺς
2933 3947 3342 4018 ὑπομιμνῄσκω
3368 3945 3583 4015 λόγους,
3616 3945 3777 3998 ἐπεί-

2171 4058 2278 4113 περ
2316 4042 2385 4095 τὰ
2424 4039 2639 4094 ἐκείνου
2675 4039 2875 4111 μᾶλλον
2904 4039 3234 4102 ἀνυπόπτως
3264 4037 3530 4109 ἐδέχοντο,
3557 4036 3655 4092 καὶ
3694 4037 3773 4092 δι’

2171 4133 2399 4187 ἐκείνων
2443 4133 2610 4187 πάλιν
2657 4134 2724 4204 τῇ
2771 4131 2868 4186 τοῦ
2915 4129 3052 4185 Θεοῦ
3096 4129 3326 4202 δυνάμει
3370 4130 3431 4183 τὸ
3482 4130 3592 4184 πᾶν
3636 4130 3779 4185 ἀνα-

2170 4224 2363 4297 τίθημι
2384 4265 2399 4291 ,
2434 4225 2523 4279 ἴνα
2550 4225 2695 4279 οὕτω
2732 4225 2873 4279 κατὰ
2906 4223 3103 4295 μικρὸν
3128 4223 3328 4287 αὐτοὺς
3360 4221 3773 4289 καταδέξασθαι

2172 4317 2384 4386 ποιήσω
2406 4315 2468 4368 τὸ
2498 4314 2770 4386 σωτήριον
2799 4314 3094 4385 κήρυγμα’
3120 4305 3182 4367 οὖ
3211 4312 3277 4384 δὴ
3311 4314 3630 4383 γενομένου,
3664 4313 3776 4366 καὶ

2171 4407 2251 4469 είς
2294 4404 2589 4471 κατάνυξιν
2645 4405 2912 4460 ἐλθόντων
2958 4404 3160 4472 αὐτῶν,
3216 4404 3602 4476 φανερώτερόν
3640 4420 3774 4469 πως

2173 4498 2340 4552 αὐτὸν
2368 4497 2556 4551 λοιπὸν
2582 4497 2716 4551 Θεδν
2751 4496 3006 4565 ἐπιδείξω
3030 4496 3117 4552 διὰ
3138 4500 3238 4569 τῆς
3263 4496 3359 4550 τοῦ
3389 4496 3779 4567 βαπτίσματος

483 4594 798 4651 conferendi
834 4594 1208 4661 indictiouem,
1233 4594 1432 4648 docens
1458 4589 1620 4647 simul
1646 4591 1698 4646 vi
1750 4589 1910 4661 hujus
1945 4590 2063 4646 fieri

2174 4591 2363 4646 τούτου
2385 4592 2466 4656 είς
2488 4591 2551 4645 τὸ
2567 4591 2741 4663 ὄνομα
2754 4591 2921 4646 αὐτοῦ
2951 4592 3331 4665 προστάξεως,
3357 4591 3555 4662 ἄφεσιν
3578 4591 3777 4663 ἁμαρ-

483 4700 827 4759 peccatorum
849 4687 1252 4744 remissionem.

555 4778 646 4837 2|.
674 4776 842 4834 Porro
872 4777 1245 4833 animadverte
1274 4775 1625 4846 apostolicam
1696 4775 2062 4845 prudentiam.

490 4888 510 4922 ι
552 4868 736 4925 Jesum
769 4869 901 4925 dicit
938 4867 1496 4931 Nazarenum,virutn
1523 4866 1880 4935 approbatum
1908 4883 1935 4922 a
1958 4869 2066 4923 Deo

486 4960 630 5014 inter
659 4975 753 5015 vos
784 4961 1079 5016 virtutibus
1119 4968 1167 5015 et
1203 4956 1396 5030 ιήωί
1413 4957 1675 5028 prodigiis
1708 4967 1871 5029 atque
1897 4961 2068 5032 signis

486 5067 610 5121 qua:
649 5066 744 5121 per
774 5067 895 5107 eum
925 5051 1053 5106 fecit
1084 5049 1227 5104 Deus
1256 5049 1308 5103 in
1340 5048 1519 5103 medio
1576 5049 1740 5104 vestri
1767 5050 1806 5105 ί.
1841 5069 1860 5103 ι
1913 5051 1979 5105 Et
2037 5067 2066 5105 a

486 5141 598 5198 Deo
633 5144 988 5213 approbatum
1013 5142 1165 5207 dicit,
1193 5152 1244 5196 ct
1282 5142 1448 5196 Deum
1485 5141 1596 5196 hmo
1621 5156 1718 5211 per
1744 5142 1892 5197 illum
1922 5146 2066 5214 egis-

486 5251 570 5301 se,
607 5247 663 5291 ut
705 5235 865 5291 Patre
897 5235 1178 5290 nominato
1208 5234 1562 5303 persuaderet
1594 5234 1698 5289 illis
1751 5249 1858 5305 quo
1888 5236 2067 5307 ipsum

486 5340 703 5395 quoque
749 5323 931 5380 Jesum
963 5333 1127 5392 atque
1183 5322 1299 5391 ejus
1340 5337 1504 5393 opera
1540 5324 1913 5390 admitterent,
1970 5341 2069 5381 ceu

487 5415 601 5480 illo,
634 5417 684 5471 id
712 5424 795 5471 est
815 5413 992 5479 Patre,
1020 5414 1336 5485 baecagente
1354 5426 1448 5483 per
1469 5413 1697 5469 Filium:
1724 5433 1742 5466 ι
1764 5413 1895 5481 Quae
1912 5414 2066 5479 fecit,

488 5508 584 5573 ait,
615 5522 713 5579 per
748 5506 924 5575 ipsum
960 5506 1120 5561 Deus.
1152 5525 1173 5559 ι
1200 5506 1400 5562 Deinde
1437 5517 1736 5562 memorata
1772 5521 1957 5573 cruce,
1987 5521 2071 5563 re-

560 5687 608 5723 “
636 5686 826 5741 Matth.
862 5700 975 5753 va,
1012 5687 1099 5743 15.
1173 5689 1218 5722 θ’
1242 5688 1362 5743 Act.
1394 5705 1451 5757 ιι,
1486 5688 1519 5743 6
1547 5700 1699 5759 seqq.
1780 5689 1796 5719 ί
1821 5686 1952 5744 ibid.
1979 5686 2071 5743 22.

2176 4685 2306 4739 τιῶν
2355 4685 2538 4748 αὐτοῖς
2581 4683 2774 4738 τούτου
2810 4684 3132 4757 χαρίζεσθαι
3178 4684 3480 4757 δυναμένου
3519 4683 3773 4750 διδάξας.

2244 4777 2351 4832 κα’.
2393 4778 2503 4832 Kal
2527 4778 2629 4850 ὅρα
2658 4776 2873 4832 σύνεσιν
2904 4761 3271 4849 ἀποστολικήν
3292 4795 3306 4808 ·
3344 4796 3365 4829 r
3401 4772 3633 4847 Ἰησοῦν,
3666 4792 3779 4844 φη-

2177 4872 2284 4937 σὶν,
2312 4869 2402 4923 τὸν
2447 4869 2790 4942 Ναζωραῖον,
2823 4870 2992 4943 ἄνδρα
3032 4869 3489 4941 ἀποδεδειγμένον
3517 4869 3626 4923 ἀπὸ
3664 4867 3773 4921 τοῦ

2175 4961 2312 5015 Θεοῦ
2337 4961 2417 5025 είς
2448 4962 2594 5031 ὑμᾶς
2619 4961 2882 5033 δυνάμεσι
2910 4962 3006 5016 καὶ
3030 4961 3221 5033 τέρασι
3260 4961 3351 5013 καὶ
3387 4959 3659 5031 σημείοις,
3681 4951 3774 5022 οἷς

2178 5053 2435 5123 ἐποίησεν
2463 5052 2531 5105 δι’
2556 5052 2726 5107 αὑτοῦ
2757 5056 2786 5107 6
2812 5054 2945 5118 Θεὸς
2973 5054 3031 5109 ἐν
3067 5053 3218 5125 μέσῳ
3252 5050 3430 5124 ὑμῶν.
3469 5070 3488 5102 ι
3518 5049 3629 5103 Kal
3654 5048 3774 5103 ἀπὸ

2176 5147 2312 5201 Θεοῦ
2367 5147 2816 5219 ἀποδεδειγμένον
2848 5149 3017 5218 λέγει,
3050 5147 3145 5202 καὶ
3192 5146 3286 5201 τὸν
3324 5145 3458 5200 Θεὸν
3484 5142 3660 5198 ταῦτα
3697 5143 3772 5197 δι’

2179 5239 2344 5294 αὑτοῦ
2373 5241 2746 5312 ὲνεργήσαντα
2772 5283 2785 5305 ,
2816 5241 2905 5295 ἵνα
2930 5242 2996 5313 τῇ
3038 5239 3133 5294 τοῦ
3162 5237 3376 5311 Πατρδς
3420 5236 3776 5309 προσηγορίᾳ

2181 5330 2345 5401 πείσῃ
2365 5331 2585 5397 αὐτοὺς,
2609 5331 2705 5385 καὶ
2723 5331 2884 5385 αὐτὸν
2898 5331 2989 5385 τὸν
3004 5328 3214 5402 Ἰησοῦν
3235 5329 3327 5382 καὶ
3349 5327 3420 5385 τὰ
3441 5327 3579 5400 ἔργα
3596 5326 3771 5381 αὐτοῦ

2179 5422 2596 5488 καταδέξασθαι,
2629 5424 2705 5487 ὡς
2734 5423 2944 5477 ἐκείνου
2971 5422 3039 5476 δι’
3069 5420 3237 5477 αὑτοῦ
3261 5419 3433 5474 ταῦτα
3462 5417 3767 5481 ποιοῦντος,

2178 5511 2321 5581 λέγω
2350 5512 2413 5584 δὴ
2443 5513 2537 5568 τοῦ
2572 5516 2817 5587 Πατρός’
2855 5534 2873 5567 ι
2904 5508 2999 5579 Ui;
3020 5514 3275 5585 ἐποίησεν
3309 5512 3436 5583 γὰρ,
3471 5510 3661 5582 φησιν,
3698 5506 3771 5562 δι’

561 5851 640 5924 (l)
678 5849 825 5907 lianc
871 5851 1279 5923 significativam
1335 5852 1440 5906 vim
1481 5850 1641 5907 habet
1695 5848 1798 5905 hoc
1851 5848 1969 5905 loco
2009 5847 2229 5905 Grtccus
2267 5847 2523 5903 articulus
2568 5856 2572 5865 ‘
