4080 6432
410 5735 434 5806 l

453 394 562 452 283

1487 401 1548 456 8.
1587 396 1868 454 CYRILLI
1906 397 2375 455 ALEXANDRINI
2413 401 2732 460 ARCHIEP.

3623 400 3732 458 284

532 517 622 570 25.
671 514 792 570 Jam
836 517 882 572 si
931 516 1113 574 dicere
1169 531 1423 592 pergant,
1458 538 1696 592 quonam
1743 521 2040 592 Scriptura:

2215 531 2321 591 κγ’.
2368 525 2430 577 Εἰ
2461 523 2517 577 δὲ
2548 523 2860 593 ἐπιμένοιεν
2897 521 3173 591 λέγοντες,
3208 520 3317 576 Ποῦ
3362 522 3460 592 τῆς
3504 519 3735 592 Γραφῆς

461 606 580 662 loco
615 606 773 678 Virgo
804 609 1102 679 appelletur
1127 611 1387 683 Deipara,
1445 615 1668 669 audiant
1696 616 1796 670 hoc
1821 615 2036 684 perspi-

462 713 564 752 rue
596 701 931 756 nuntiantem
970 706 1286 772 pastoribus
1319 707 1590 776 angelum,
1622 707 2036 776 dicentemque:

473 810 491 842 ι
527 791 664 858 Quia
699 803 857 848 natus
883 807 968 848 est
999 798 1152 852 vobis
1175 798 1333 853 hodie
1353 797 1620 864 Salvator,
1649 800 1739 870 qui
1770 810 1848 854 est
1883 799 2043 856 Chri-

463 894 582 938 slus
612 882 875 941 Dominus
899 889 943 941 τ.
984 906 1002 941 ι
1029 888 1145 943 Non
1179 891 1330 956 dicit,
1353 891 1450 957 Qui
1487 892 1591 946 erit
1616 891 1899 954 Dominus,
1932 891 2039 959 vel,

461 973 516 1027 lu
553 992 661 1045 quo
684 977 946 1033 Dominus
978 980 1318 1036 habitaturus
1335 983 1427 1046 sit,
1455 983 1604 1046 sed,¢
1634 983 1838 1050 Quiest
1858 985 2040 1039 Domi-

462 1082 585 1121 nus.
613 1087 633 1119 ι
669 1068 744 1122 En
783 1069 947 1138 igitur
977 1071 1261 1125 Dominmn
1291 1075 1579 1130 manifeste
1607 1076 2043 1146 eum,quinatus

460 1169 597 1224 erat,
623 1162 872 1233 __angelus
932 1164 1166 1222 nuntiat.
1226 1164 1430 1219 Deinde
1491 1175 1749 1235 tanquam
1824 1169 2039 1238 signum

459 1252 740 1317 spectandi
786 1269 907 1307 mox
932 1253 1145 1309 Domini
1182 1256 1310 1324 ipsis
1345 1257 1634 1323 exhibens,
1671 1279 1689 1310 ι
1731 1257 2040 1325 Invenietis,

466 1341 662 1410 inquit,
702 1343 1025 1399 infantulum
1062 1345 1250 1402 fasciis
1294 1348 1597 1404 involutum
1639 1361 1698 1406 et
1734 1352 1786 1406 in
1813 1353 2040 1424 praesepi

462 1434 697 1500 positum
719 1434 760 1490 ⁸.
791 1453 809 1486 ι
838 1434 993 1489 Paria
1024 1437 1214 1507 angelo
1237 1439 1429 1495 Petrus
1460 1457 1676 1512 quoque
1709 1443 2037 1510 prazdicans,

460 1541 586 1578 cum
620 1526 686 1578 ad
726 1526 1040 1582 Cornelium
1086 1532 1341 1596 accessit,
1371 1533 1586 1588 aiebat:
1623 1553 1641 1586 σ
1677 1534 1914 1588 Verbum
1943 1535 2044 1590 mi-

462 1617 536 1670 sit
593 1616 717 1672 filiis
762 1617 979 1674 Israelis
1006 1661 1022 1687 ,
1077 1637 1265 1691 pacem
1306 1625 1561 1680 nuntians
1605 1641 1702 1695 per
1764 1627 2042 1681 Christum

461 1705 670 1762 Jesum.
716 1706 814 1764 llic
843 1720 926 1765 est
963 1713 1207 1767 omnium
1264 1713 1528 1770 Dominus
1557 1717 1598 1769 ⁸.
1639 1735 1655 1769 ι
1687 1717 1883 1772 Cernis
1912 1732 2045 1787 quo-

462 1796 624 1851 modo
687 1798 933 1865 verbum,
965 1802 1308 1870 prosalutari
1353 1805 1756 1873 praedicatione.
1807 1822 1903 1874 per
1948 1804 2030 1862 Je-

2145 615 2406 680 Θεοτόκος
2436 618 2466 686 ἡ
2497 614 2771 685 Παρθένος
2799 613 3112 683 ὠνόμασται
3133 632 3148 680 ;
3172 613 3524 666 ἀκουέτωσαν
3544 612 3734 680 σαφῶς

2144 705 2303 758 τοῦτο
2342 705 2436 758 τοῦ
2468 707 2699 775 ἀγγέλου
2745 709 2859 767 τοῖς
2906 706 3162 775 ποιμέσιν
3213 704 3732 773 εὐαγγελιζομένου,

2145 801 2239 851 καὶ
2268 797 2518 866 λέγοντος
2545 836 2559 860 ,
2595 816 2614 849 ι
2651 799 2773 850 Ὀτι
2816 797 3009 866 ἐτέχθη
3044 797 3175 866 ὐμῖν
3221 798 3462 867 σήμερον
3495 795 3689 864 Σωτὴρ
3715 833 3732 856 ,

2144 891 2200 954 ὃς
2229 893 2374 944 ἐστιν
2405 890 2637 960 Χριστὸς
2663 888 2885 960 Κύριος·
2917 910 2934 942 ι
2967 891 3029 943 οὐ
3058 890 3209 957 λέγει
3231 890 3417 952 δέ,⁶“ος
3445 888 3598 940 ἔσται
3619 887 3734 940 Κύ-

2146 984 2352 1055 ριος,ἦ,
2390 984 2476 1035 Ἐν
2498 977 2542 1050 ᾧ
2569 983 2815 1050 όΚύριος
2836 983 3142 1052 ἐνοικήσειν
3172 980 3377 1051 μέλλει,
3408 979 3544 1041 ἀλλ’,
3577 998 3594 1028 ι
3631 978 3732 1040 ὐς

2145 1080 2290 1131 ἐστιν
2313 1075 2536 1146 Κύριος.
2572 1096 2590 1128 ι
2658 1075 2789 1128 Ἰδοὺ
2820 1075 2998 1128 τοίνυν
3024 1074 3229 1145 Κύριον
3251 1071 3504 1142 φανερῶς
3532 1071 3624 1123 τὸν
3646 1087 3737 1122 τε-

2146 1168 2341 1238 χθέντα
2373 1170 2401 1221 6
2428 1168 2660 1236 ἄγγελος
2706 1166 3157 1236 εὐαγγελίζεταιο
3207 1161 3327 1218 εἶτα
3363 1165 3458 1218 καὶ
3503 1165 3735 1234 σημεῖον

2145 1259 2333 1329 ὧσπερ
2379 1261 2564 1323 αὐτοῖς
2614 1261 2714 1330 τῆς
2773 1260 2866 1314 τοῦ
2897 1261 3108 1332 Κυρίου
3166 1258 3293 1322 θέας
3335 1259 3738 1329 παρεχόμενος,

2150 1370 2167 1402 ι
2199 1352 2494 1422 Εὐρήσετε,
2548 1353 2740 1421 φησὶν,
2797 1352 2996 1422 βρέφος
3039 1351 3576 1422 ἐσπαργανωμένον,
3636 1349 3739 1402 καὶ

2145 1445 2394 1514 κείμενον
2424 1445 2482 1498 ἐν
2511 1445 2766 1515 φάτνῃῃ
2805 1443 3176 1513 Παραπλήσιά
3198 1460 3257 1496 τε
3289 1442 3366 1512 τῷ
3392 1442 3610 1510 ἀγγέλῳ
3641 1443 3741 1494 καὶ

2143 1536 2170 1587 6
2195 1536 2396 1606 Πέτρος
2418 1536 2724 1606 κηρύττων,
2744 1537 2832 1589 ὅτε
2851 1537 2987 1606 πρὸς
3013 1535 3104 1589 τὸν
3127 1534 3428 1605 Κορνήλιον
3453 1533 3736 1603 εἰσῆλθεν,

2145 1627 2360 1695 ἐλεγενσ
2411 1647 2428 1680 ι
2466 1627 2570 1679 Τὸν
2605 1626 2762 1691 λόγον
2798 1626 3122 1678 ἀπέστειλεν
3166 1628 3278 1687 τοῖς
3309 1627 3445 1688 υἱοῖς
3492 1623 3735 1694 Ἰσραὴλ,

2145 1715 2633 1787 εὐαγγελιζόμενος
2671 1717 2897 1787 εἰρήνην
2926 1717 3014 1770 διὰ
3049 1715 3227 1783 Ἰησοῦ
3267 1714 3508 1786 Χριστοῦ
3529 1731 3543 1746 ο
3575 1706 3740 1777 οὗτός

2148 1811 2264 1862 ἐστι
2299 1809 2502 1880 Κύριος
2551 1809 2789 1863 πάντων.
2824 1827 2842 1860 ι
2893 1809 3055 1878 Ὀρᾷς
3096 1808 3213 1872 πῶς
3258 1807 3349 1860 τὸν
3397 1807 3576 1876 λόγον,
3613 1805 3739 1859 ἀντὶ

460 1902 581 1940 sum
627 1887 905 1943 Christum
947 1891 1173 1946 missum
1219 1892 1388 1947 fuisse
1438 1895 1612 1948 dicit?
1669 1895 1882 1968 144m
1934 1897 2039 1951 De-

2149 1899 2240 1951 τοῦ
2280 1899 2342 1951 τὸ
2378 1877 2648 1968 σωτήριον
2695 1877 3079 1968 κήρυγμα,διά
3119 1897 3294 1966 Ἰησοῦ
3344 1897 3582 1969 Χριστοῦ
3626 1897 3740 1953 ἀπο

462 1987 881 2049 nnoustransque
922 1982 1051 2046 illis.
1093 1983 1346 2052 quisnam
1381 1994 1522 2039 esset
1553 1984 1714 2041 Jesus
1763 1988 2041 2054 Christus,

466 2088 485 2120 ι
535 2070 632 2126 Hic
661 2081 765 2137 est,
823 2075 919 2140 ait,
957 2079 1200 2129 onmium
1236 2077 1519 2132 Dominus.
1567 2097 1585 2129 ι
1629 2077 1820 2134 Viden‘
1857 2079 2039 2134 infan-

462 2165 634 2220 tulum
677 2176 787 2221 tum
835 2170 902 2223 ab
936 2169 1128 2242 angelo
1161 2180 1271 2225 tum
1301 2187 1330 2225 ο
1373 2170 1536 2227 Petro
1581 2172 1869 2228 Dominum
1898 2175 2044 2228 dici?

465 2257 608 2328 Ergo
642 2258 871 2328 Deipara
907 2263 1132 2316 omnino
1183 2272 1267 2317 est
1322 2280 1445 2332 qua:
1493 2265 1777 2319 Dominum
1811 2268 2042 2336 peperit.

459 2349 553 2404 Sic
606 2349 776 2419 ipsam
830 2351 994 2406 etiam
1047 2353 1194 2407 beati
1245 2353 1500 2423 Baptista:
1561 2363 1784 2421 mater,
1836 2359 2044 2426 Spiritu

458 2451 651 2497 sancto
684 2451 955 2512 permota,
985 2445 1297 2514 appellavit.
1332 2465 1349 2497 ι
1382 2447 1607 2514 Ilepleta
1642 2458 1725 2503 est
1756 2451 1922 2515 enim,
1959 2451 2043 2504 in-

460 2534 582 2603 quit
616 2534 924 2602 Scriptura,
959 2535 1238 2590 Elisabeth
1271 2537 1476 2607 Spiritu
1530 2549 1741 2608 sancto,
1779 2551 1834 2596 et
1862 2541 2047 2597 excla-

464 2623 998 2680 Inavit:Beuedicta
1044 2637 1098 2682 tu
1142 2629 1283 2684 inter
1318 2630 1600 2698 mulieres,
1639 2641 1695 2688 et
1731 2636 2046 2689 benedictus

463 2717 676 2772 fructus
719 2719 930 2773 ventris
974 2719 1074 2774 tui.
1143 2721 1207 2775 Et
1238 2724 1380 2778 unde
1418 2723 1521 2779 hoc
1569 2727 1720 2793 mihi,
1766 2735 1823 2781 ut
1871 2739 2046 2784 mater

464 2809 682 2863 Domini
729 2812 834 2865 mei
869 2811 1053 2865 veniat
1083 2813 1150 2868 ad
1199 2814 1321 2868 me?
1360 2833 1378 2868 ι
1415 2815 1546 2882 Quis
1579 2817 1691 2885 jam
1730 2821 1864 2874 adeo
1895 2820 2043 2875 insa-

463 2903 601 2964 niat,
647 2910 705 2956 ut
743 2902 879 2956 nolit
920 2919 1045 2958 cum
1091 2904 1402 2975 Evangeliis
1437 2909 1722 2977 Deiparam
1771 2912 2046 2979 appellare

461 3004 705 3048 sanctam
736 2993 1056 3064 Virginem?
1099 2996 1175 3052 Ne
1208 3012 1338 3068 ergo
1380 2999 1774 3069 simpliciorum
1822 3005 2048 3061 auribus

462 3088 585 3140 sint'
615 3085 850 3153 molesti,
877 3088 1002 3141 dum
1047 3104 1276 3158 puerum
1317 3098 1373 3144 et
1410 3090 1740 3147 infantulum
1775 3095 2043 3161 vocitant,

465 3194 534 3232 ne
569 3178 710 3233 forte
741 3179 1002 3248 paulatim
1026 3181 1341 3236 universum
1369 3198 1587 3253 quoque
1617 3185 1734 3254 ejus
1757 3189 2042 3242 adventum

458 3280 780 3341 pernegant.
824 3270 1154 3326 Nominatus
1190 3284 1278 3328 est
1316 3273 1464 3329 enim
1511 3275 1809 3334 infantulus
1842 3278 1910 3334 ab
1943 3295 2042 3334 an-

463 3363 602 3433 gelo,
637 3363 731 3419 sed
763 3363 926 3418 simul
957 3364 1245 3424 Dominus.

535 3681 631 3736 24.
667 3679 854 3748 Neque
902 3678 1004 3734 hoc
1041 3677 1159 3734 loco
1210 3693 1400 3735 rursus
1447 3680 1886 3746 obmurmurent,
1927 3696 2050 3750 pas-

462 3773 679 3829 sionem
709 3771 1034 3840 obiicientes
1058 3779 1112 3826 et
1143 3773 1623 3838 resurrectionem,
1649 3771 1706 3826 et
1729 3773 1871 3840 quod
1899 3773 2046 3829 Deus

465 3866 617 3922 illum
649 3863 1174 3930 suscitaverit;jam
1206 3864 1352 3919 enim
1399 3864 1452 3918 in
1489 3863 1925 3934 prmcedentibus
1952 3866 2048 3921 de-

464 3968 766 4013 monstrata
819 3956 926 4011 fuit
982 3957 1414 4026 dispensationis
1471 3956 1635 4011 ratio.
1689 3957 1943 4012 Attamen
2001 3958 2048 4014 si

463 4050 609 4106 forte
647 4050 814 4105 velint
857 4049 1166 4105 evidentius
1204 4051 1381 4105 adhuc
1437 4049 1673 4113 discere,
1723 4049 1847 4118 quis
1902 4060 2052 4106 esset

465 4143 557 4196 ille
583 4142 899 4208 crucitixus,
927 4141 1151 4196 audiant
1181 4142 1367 4196 mundi
1418 4140 1725 4206 doctorem,
1759 4141 1810 4195 id
1847 4140 2046 4197 Corin-

464 4234 597 4288 thiis
622 4233 956 4288 scribentem
993 4251 1051 4287 ι(
1088 4233 1200 4303 Ego
1224 4234 1394 4301 enim,
1426 4231 1624 4300 inquit,
1657 4233 1842 4303 accepi
1875 4248 1903 4286 a
1937 4232 2047 4288 Do-

465 4329 638 4392 mino,
676 4334 730 4382 et
757 4325 910 4380 vobis
945 4326 1170 4390 tradidi,
1198 4327 1458 4397 quoniam
1502 4324 1763 4379 Dominus
1791 4323 1952 4379 Jesus
1992 4325 2044 4379 in

463 4434 573 4488 qua
605 4427 763 4474 nocte
792 4418 1128 4482 tradebatur,
1151 4419 1362 4488 accepit
1385 4431 1582 4487 panem
1609 4416 1675 4483 ",
1709 4427 1790 4470 »ει
1815 4415 2041 4484 reliqua.

461 4510 660 4566 Cernis
709 4524 831 4564 eum
879 4509 971 4579 qui
1022 4523 1121 4577 pro
1173 4507 1332 4563 nobis
1381 4521 1576 4575 passus
1615 4515 1725 4572 est,
1759 4505 2044 4559 Dominum

2147 1988 2403 2042 εστάλθαι
2436 1988 2600 2058 φησίς
2632 1989 2723 2041 καὶ
2759 1988 2977 2051 δεικνὺς
3031 1989 3217 2052 αὐτοῖς
3263 1990 3347 2050 τίς
3393 1989 3480 2057 εἴη
3527 1986 3738 2055 Ἰησοῦς

2145 2080 2400 2151 Χριστὸς,
2425 2099 2441 2131 ι
2469 2073 2638 2142 Οὗτός
2666 2083 2831 2142 ἐστιν,
2857 2079 2985 2149 ἔφη,
3017 2080 3235 2132 πάντων
3257 2079 3487 2150 Κύριος.
3509 2098 3527 2130 ›
3569 2079 3738 2150 Ὁρᾷς

2143 2173 2206 2225 τὸ
2233 2171 2452 2241 βρέφος,
2482 2172 2690 2244 Κύριον
2717 2173 2809 2225 καὶ
2842 2173 2946 2226 ὑπὸ
2973 2173 3066 2227 τοῦ
3099 2173 3355 2240 ἀγγέλου,
3387 2173 3482 2226 καὶ
3512 2171 3617 2224 ὑπὸ
3639 2170 3737 2224 τοῦ

2147 2263 2354 2334 Πέτρου
2391 2264 2489 2340 [ita
2521 2273 2748 2334 uterque
2773 2265 2941 2320 codex
2959 2265 3077 2319 sine
3108 2263 3299 2336 verbo]
3322 2283 3336 2331 ;
3363 2263 3576 2317 Οὐκοῦν
3599 2263 3741 2316 Θεο-

2143 2356 2303 2418 τόκος
2334 2356 2718 2426 ἀναμφιϐόλως
2750 2357 2783 2426 ἡ
2812 2357 2906 2410 τὸν
2933 2357 3139 2425 Κύριον
3165 2358 3498 2425 γεννήσασα.
3542 2355 3738 2418 Οῦτως

2147 2449 2318 2518 αὐτὴν
2363 2449 2522 2520 καὶὴ
2576 2449 2670 2503 τοῦ
2721 2453 2995 2521 μακαρίου
3041 2450 3350 2504 Βαπτιστοῦ
3405 2453 3589 2521 μήτηρ
3628 2451 3740 2503 ὐπὸ

2147 2542 2464 2611 Πνεύματος
2488 2543 2644 2610 ἁγίου
2676 2542 2969 2612 κινουμένη
2998 2545 3470 2615 προσηγόρευσενο
3497 2564 3513 2594 ι
3541 2543 3742 2611 Ἐπλή-

2152 2633 2253 2704 σθη
2296 2633 2426 2705 γὰρ,
2464 2635 2713 2704 φησ“ιν,ή
2759 2635 3044 2690 Ἐλισὰϐετ
3079 2635 3400 2706 Πνεύματος
3441 2635 3738 2703 ἀγίου,καὶ

2147 2727 2440 2798 ἀνεϐόησεν
2461 2743 2473 2754 ’
2507 2727 2864 2798 Εὐλογημένη
2897 2728 2962 2780 σὺ
3006 2729 3065 2780 ἐν
3113 2729 3351 2796 γυναιξὶ,
3383 2728 3477 2781 καὶ
3503 2728 3742 2797 εὐλογη-

2149 2820 2308 2890 μένος
2332 2821 2360 2871 ὀ
2381 2819 2593 2889 καρπὸς
2614 2819 2710 2886 τῆς
2735 2818 2944 2881 κοιλίας
2970 2835 3084 2872 σου·
3115 2819 3209 2872 καὶ
3238 2818 3404 2871 πόθεν
3437 2835 3525 2888 μοι
3551 2817 3736 2881 τοῦτο,

2145 2911 2235 2963 ἵνα
2274 2912 2308 2978 ἡ
2362 2911 2546 2980 μήτηρ
2582 2909 2678 2963 τοῦ
2707 2910 2916 2980 Κυρίου
2957 2927 3059 2980 μου
3094 2910 3225 2981 ἔλθῃ
3261 2911 3398 2978 πρός
3436 2927 3532 2981 με;
3571 2930 3590 2962 ι
3635 2911 3740 2974 Τίς

2149 3003 2241 3054 ἐπὶ
2289 3001 2542 3056 τοσοῦτον
2585 3002 2850 3072 μέμηνεν,
2907 3001 2983 3066 ὡς
3019 3002 3092 3073 μὴ
3122 3002 3412 3072 βούλεσθαι
3449 3003 3589 3073 μετά
3625 3003 3746 3056 τῶν

2149 3094 2502 3163 Εὐαγγελίων
2548 3094 2814 3149 Θεοτόκον
2843 3095 3142 3149 ἀποκαλεῖν
3174 3097 3275 3167 τὴν
3323 3096 3485 3164 ἀγίαν
3517 3095 3737 3166 Παρθέ-

2151 3204 2273 3253 νον;
2324 3186 2414 3257 Μὴ
2438 3187 2617 3240 τοίνυν
2646 3187 2756 3240 τῶν
2779 3188 3182 3259 ἀκεραιοτέρων
3217 3189 3315 3252 τὰς
3344 3188 3514 3252 ἀκοάς
3570 3188 3744 3258 θορυ-

2153 3279 2442 3343 ϐείτωσαν,
2478 3277 2691 3333 παιδίον
2739 3280 2833 3332 καὶ
2879 3279 3078 3350 βρέφος
3106 3280 3464 3350 ὀνομάζοντες
3486 3321 3502 3346 ,
3534 3280 3618 3333 ἵνα
3661 3279 3744 3350 μὴ

2151 3367 2273 3419 κατ’
2305 3366 2486 3434 ὀλίγον
2518 3367 2614 3420 καὶ
2662 3369 2844 3420 πᾶσαν
2875 3368 3043 3421 αὐτοῦ
3085 3370 3184 3436 τὴν
3226 3370 3521 3438 ἐπιδημίαν
3568 3371 3743 3440 ἀρνή-

2154 3475 2384 3512 σωνταιο
2420 3460 2736 3530 ὠνόμασται
2789 3460 2898 3532 γὰρ
2948 3460 3152 3532 βρέφος
3198 3461 3304 3515 ὑπὸ
3334 3461 3429 3514 τοῦ
3476 3461 3745 3530 ἀγγέλου,

2151 3549 2267 3603 ἀλλ’
2299 3549 2414 3620 ἅμα
2449 3551 2543 3605 καὶ
2573 3551 2795 3623 Κύριος.

2223 3680 2322 3734 κδ’.
2362 3680 2502 3751 Μηδ’
2535 3682 2592 3733 ἐν
2617 3680 2792 3751 τούτῳ
2819 3681 2875 3734 δὲ
2903 3680 3064 3733 πάλιν
3084 3679 3522 3751 ψιθυριζέτωσαν
3547 3678 3607 3734 τ’)
3641 3681 3747 3734 πά·

2153 3772 2244 3836 θος
2279 3771 2732 3844 προϐαλλόμενοι,
2765 3773 2859 3826 καὶ
2892 3771 2992 3843 τὴν
3024 3773 3342 3835 ἀνάστασιν,
3375 3773 3476 3826 καὶ·
3496 3773 3578 3825 ὅτι
3605 3772 3744 3837 Θεὸς

2153 3864 2318 3917 αὐτὸν
2351 3864 2572 3935 ἤγειρεν
2592 3879 2604 3893 ⁸
2637 3863 2738 3934 ἤδη
2775 3864 2874 3932 μὲν
2900 3863 3010 3935 γὰρ
3035 3864 3130 3917 καὶ
3153 3865 3210 3916 ἐν
3236 3866 3349 3928 τοῖς
3373 3863 3739 3935 προλαϐοῦσιν

2153 3955 2532 4011 ἀποδέδεικται
2568 3955 2669 4026 τῆς
2711 3957 3028 4026 οἰκονομίας
3069 3957 3098 4009 6
3153 3955 3328 4024 λόγος.
3365 3955 3512 4025 Πλὴν
3561 3956 3610 4007 εἰ
3643 3955 3742 4009 καὶ

2154 4047 2536 4120 φανερώτερον
2567 4048 2862 4120 μανθάνειν
2883 4047 3185 4118 βούλονται,
3219 4048 3302 4112 τίς
3324 4050 3352 4100 6
3384 4047 3743 4120 ἐσταυρωμέ-

2153 4159 2242 4205 νος
2267 4142 2538 4212 ὑπῆρχεν,
2575 4140 2930 4193 ἀκουέτωσαν
2964 4139 3060 4193 τοῦ
3097 4140 3195 4211 τῆς
3225 4139 3552 4210 οἰκουμένης
3589 4137 3742 4191 διδα-

2155 4232 2404 4298 σκάλου,
2459 4230 2618 4286 τοῦτο
2675 4231 2991 4303 Κορινθίοις
3040 4231 3484 4294 ἐπιστέλλοντος·
3539 4249 3557 4282 ί
3596 4228 3750 4298 Ἐγὼ

2153 4324 2284 4395 γὰρ,
2311 4325 2467 4394 φησι,
2492 4323 2805 4396 παρέλαϐον
2829 4322 2937 4376 ἀπὸ
2962 4321 3059 4375 τοῦ
3081 4323 3311 4393 Κυρίου,
3330 4323 3424 4375 καὶ
3445 4320 3752 4390 παρέδωκα

2155 4418 2306 4486 ὐμίν,
2336 4417 2419 4469 ὅτι
2465 4417 2494 4469 6
2527 4416 2733 4487 Κύριος
2785 4413 2997 4485 Ἰησοῦς
3031 4417 3096 4486 τῇ
3136 4416 3294 4468 νυκτί
3401 4412 3749 4483 παρεδίδοτο,

2153 4511 2345 4566 ἔλαϐεν
2374 4512 2558 4582 ἄρτον,
2583 4531 2600 4563 ι
2624 4511 2717 4564 καὶ
2746 4511 2813 4565 τὰ
2841 4509 2989 4581 ἑξῆς.
3026 4509 3266 4579 Θεωρεῖς
3299 4508 3390 4560 τὸν
3419 4504 3559 4577 ὑπὲρ
3582 4503 3752 4575 ἡμῶν

464 4603 642 4672 palam
676 4601 1063 4672 praedicatum?
1100 4599 1251 4666 Quod
1277 4599 1320 4654 si
1353 4598 1543 4662 verba,
1571 4617 1590 4649 ‹
1632 4597 1777 4651 Deus
1810 4597 1982 4667 ipsum
2019 4612 2044 4652 e

2155 4604 2422 4670 παθόντα,
2459 4605 2665 4678 Κύριον
2712 4603 2963 4674 φανερῶς
2997 4601 3434 4674 κηρυττόμενον;
3466 4601 3528 4652 Εἰ
3563 4597 3621 4650 δὲ
3646 4599 3753 4651 καὶ

467 4695 698 4750 mortuis
732 4693 1024 4752 suscitavit
1051 4693 1153 4756 η.»
1194 4689 1526 4745 οίῐεηιίἰουιο
1561 4689 1876 4743 hominibus
1901 4697 2048 4754 sunt,

466 4767 656 4856 utpote
680 4788 747 4842 de
784 4787 1004 4842 homine
1031 4783 1200 4848 dicta,
1233 4783 1408 4852 ipsum
1442 4781 1622 4836 adhuc
1651 4781 1874 4836 audiant
1902 4782 2049 4852 Apo-

466 4881 666 4936 stolutn
702 4883 842 4936 hanc
869 4893 1086 4951 quoque
1120 4877 1485 4946 suspicionem
1523 4874 1908 4941 perimeulem.
1947 4876 2048 4931 Se-

467 4973 703 5028 cundum
726 4972 870 5028 enim
905 4968 1335 5041 dispensationis
1367 4966 1633 5019 rationem
1676 4965 1791 5020 hzec
1826 4967 1879 5020 in
1913 4981 2046 5020 san-

467 5066 574 5118 ctis
605 5064 752 5118 dicta
789 5071 916 5118 sunt
958 5058 1284 5129 Scripturis.
1321 5055 1456 5110 Nam
1489 5056 1630 5124 quod
1657 5055 1921 5112 Dominus
1955 5073 2044 5113 es-

467 5167 553 5212 set
586 5157 631 5211 is
654 5157 745 5225 qui
775 5156 828 5210 in
862 5167 1032 5209 carne
1064 5163 1259 5221 passus
1291 5157 1376 5204 est
1397 5159 1452 5202 et
1483 5149 1805 5213 resurrexit,
1837 5159 1891 5205 et
1914 5166 2042 5216 non,

468 5259 528 5302 ut
559 5248 643 5304 isti
668 5248 847 5311 aiunt,
875 5245 1039 5299 homo
1067 5239 1275 5294 habens
1302 5237 1542 5294 Verbum
1578 5239 1910 5303 inhabitans,
1945 5255 2044 5294 au-

469 5345 623 5396 diant
653 5338 883 5394 Paulum
918 5332 1184 5390 Romanis
1212 5331 1286 5386 ita
1319 5331 1386 5387 de
1424 5331 1738 5387 Abrahamo
1769 5331 2050 5388 conliden-

469 5444 554 5488 tcr
604 5433 988 5488 scribentem:
1044 5445 1064 5478 ‹
1111 5424 1228 5480 Non
1284 5426 1406 5496 ejus
1453 5441 1619 5481 causa
1676 5428 2051 5481 tantummodo

473 5526 676 5594 scripta
723 5529 852 5578 sunt
893 5519 1031 5583 haec,
1077 5517 1173 5573 sed
1221 5518 1388 5572 etiam
1442 5524 1668 5587 propter
1704 5532 1822 5581 nos,
1854 5518 2054 5588 quibus

475 5613 874 5686 reputabuntur
919 5609 1272 5666 credentibus
1306 5609 1358 5664 in
1394 5623 1541 5678 eum,
1579 5610 1671 5679 qui
1712 5604 1900 5664 Jesum
1949 5609 2057 5666 Do-

561 5843 581 5874 '
606 5839 739 5896 Luc.
774 5854 832 5908 n,
865 5839 949 5896 ll.
1028 5840 1048 5871 ⁸
1074 5839 1204 5896 ibid.
1235 5838 1318 5894 12.
1417 5840 1436 5870 ⁹
1459 5841 1580 5895 Act.
1611 5853 1662 5906 χ,
1694 5839 1781 5895 36.

2152 4699 2234 4764 τὸ,
2277 4717 2294 4750 ι
2317 4699 2376 4753 Ὀ
2404 4698 2538 4762 Θεὸς
2571 4698 2736 4752 αὐτὸν
2779 4697 3003 4768 ἤγειρεν
3035 4696 3098 4747 ἐκ
3125 4692 3356 4764 νεκρῶν,
3389 4709 3407 4741 ι
3450 4689 3752 4744 σκανδαλί-

2155 4791 2236 4855 ζει
2259 4791 2386 4853 τούς
2427 4787 2774 4857 ἀνθρώπους,
2812 4787 2888 4850 ὼς
2929 4786 3058 4856 περὶ
3088 4783 3384 4855 ἀνθρώπου
3422 4782 3752 4852 λεγόμενον,

2155 4881 2325 4935 αὐτοῦ
2355 4879 2520 4933 πάλιν
2552 4879 2645 4932 τοῦ
2678 4878 3008 4931 Ἀποστόλου
3030 4877 3125 4930 καὶ
3155 4874 3359 4946 ταύτην
3392 4874 3753 4928 ἀκουέτωσαν

2156 4970 2506 5042 ἀναιροῦντος
2534 4969 2633 5040 τὴν
2669 4969 2924 5022 ὑπόνοιαν
2946 4985 2958 4998 ·
2995 4965 3358 5036 οἰκονομικῶς
3396 4965 3504 5036 γὰρ
3533 4965 3600 5018 τὰ
3631 4981 3756 5018 τοι-

2157 5061 2294 5116 αῦτα
2312 5063 2370 5115 ἐν
2396 5063 2514 5122 ταῖς
2545 5060 2728 5128 ἁγίαις
2747 5058 3378 5132 εἴρηταιΓραφαῖς.⁶Ὀτι
3404 5057 3513 5125 γὰρ
3536 5055 3758 5128 Κύριος

2151 5150 2220 5226 ἦν
2244 5156 2269 5208 6
2285 5157 2350 5224 τῇ
2374 5153 2534 5224 σαρκί
2556 5153 2651 5208 καί⁵
2669 5152 2892 5223 πάσχων
2911 5153 3004 5206 καὶ
3020 5151 3402 5221 ἀνιστάμενος,
3415 5149 3508 5202 καὶ
3526 5149 3646 5218 οὐχ,
3666 5147 3756 5214 ὡς

2152 5245 2306 5299 αὐτοί
2324 5261 2507 5314 φασιν,
2523 5243 2806 5314 ἄνθρωπος
2820 5244 3091 5314 ἐνοίκησιν
3104 5242 3242 5312 ἔχων
3257 5239 3352 5294 τοῦ
3374 5241 3570 5309 Λόγου,
3586 5242 3760 5293 ἀκου-

2154 5338 2362 5391 έτωσαν
2379 5336 2474 5390 τοῦ
2496 5337 2708 5389 Παύλου
2724 5336 3018 5406 Ῥωμαίοις
3034 5335 3177 5388 οὐτω
3202 5334 3487 5405 παρρησίᾳ
3511 5334 3759 5402 γράφονο

2153 5447 2243 5494 τος
2261 5430 2389 5501 περὶ
2413 5428 2508 5482 τοῦ
2546 5427 2795 5499 Ἀϐραάμ
2815 5445 2828 5458 ο
2860 5449 2877 5480 ι
2903 5429 3017 5482 Οὐκ
3033 5427 3248 5500 ἐγράφη
3269 5427 3336 5481 δι’
3352 5427 3517 5479 αὐτὸν
3557 5425 3751 5496 μόνον,

2157 5522 2294 5576 ἀλλά
2311 5524 2406 5576 καὶ
2421 5522 2489 5576 δι’
2504 5523 2672 5593 ἡμᾶς,
2690 5518 2771 5584 οἷς
2789 5520 2972 5592 μέλλει
2989 5519 3303 5589 λογίζεσθαι
3321 5521 3434 5581 τοῖς
3453 5516 3753 5571 πιστεύον-

2157 5633 2242 5669 σιν
2272 5614 2365 5668 ἐπὶ
2400 5613 2492 5668 τὸν
2521 5613 2816 5685 ἐγείραντα
2850 5612 3062 5684 Ἰησοῦν
3096 5611 3190 5665 τὸν
3230 5610 3440 5682 Κύριον
3484 5608 3646 5680 ἡμῶν
3677 5609 3750 5664 ἐκ

1884 5842 1924 5871 ¹⁰
1952 5814 2155 5906 Ιιιιρ.ἰ,
2190 5838 2380 5894 ιΗ-ιὸ.
2464 5837 2545 5893 ¹¹Ι
2584 5837 2709 5894 Cor.
2749 5853 2823 5904 χι,
2853 5837 2946 5893 9.5.
3026 5838 3068 5869 "
3096 5838 3216 5892 Act.
3252 5851 3310 5904 ll,
3346 5834 3434 5888 ιιι.
