4080 6488
347 443 464 502 285
525 411 528 414 .

1470 462 1664 531 QUOD
1703 465 1763 522 Β.
1807 466 2027 524 ΜΑΒΙΛ
2069 469 2176 526 SIT
2218 469 2579 528 DEIPABA..

3533 478 3637 535 986

347 561 588 656 νεκρῶν.
627 582 646 615 ι
679 566 965 633 Ἤκουσας
1004 570 1100 626 τὸν
1132 572 1512 646 ἐγειρόμενον,
1536 580 1743 652 Κύριον
1779 601 1917 656 προσ

2023 586 2266 647 ,ηιίηυω
2318 597 2566 644 nostrum
2610 603 2640 644 e
2680 587 2912 643 mortuis
2937 589 3219 645 suscitavit
3260 590 3325 644 ³³.
3367 608 3385 642 ι
3425 591 3636 647 Audisti

344 655 801 726 αγορευόμενον;
833 660 1049 732 Μηκέτι
1079 665 1433 731 σκανδαλίζου
1461 670 1555 724 ἐπὶ
1589 675 1704 738 τοῖς
1740 655 1948 732 οἰκονο-

347 745 536 814 μικῶς
568 746 913 818 λεγομένοις.

413 933 520 980 κε’.
543 928 660 981 Καὶ
697 927 859 983 τοῦτο
877 930 932 984 δὲ
947 935 1061 996 τοῖς
1084 935 1398 1007 εἰρημένοις
1420 943 1739 1014 προσθεῖναι
1777 949 1942 1018 ἀναγ-

336 1023 502 1071 καῖον
532 1019 795 1091 ὑπάρχει,
833 1023 920 1076 ἵνα
951 1026 1024 1096 μή
1045 1043 1130 1091 τις
1162 1029 1413 1106 ὑπολάϐῃ
1438 1036 1622 1106 χάριτι
1641 1037 1738 1091 καὶ
1757 1040 1942 1108 αὐτὸν,

340 1112 609 1183 καθάπερ
639 1114 810 1182 ἡμᾶς.
849 1113 983 1169 Θεὸν
1020 1119 1115 1171 καὶ
1153 1120 1360 1193 Κύριον
1388 1125 1482 1177 καὶ
1510 1126 1638 1181 Υίὸν
1667 1146 1941 1200 προσαγο-

347 1203 672 1273 ρευόμενον.
721 1205 912 1276 Ἡμεῖς
949 1209 1048 1278 μὲν
1077 1210 1187 1280 γὰρ
1223 1215 1272 1267 εἰ
1311 1217 1407 1269 καὶ
1438 1218 1756 1291 καλούμεθα
1803 1223 1939 1287 θεοὶ,

345 1296 479 1349 ἀλλά
524 1297 692 1351 πάλιν
743 1298 1020 1370 ἀκούομεν
1066 1305 1161 1356 καὶ
1205 1306 1304 1375 τῆς
1351 1308 1637 1375 ἀσθενείας
1675 1313 1834 1384 ήμῶν
1881 1315 1942 1368 τὸ

340 1390 547 1463 μέτρον
570 1407 587 1424 ·
628 1408 650 1442 ι
692 1389 834 1458 Ἐγὼ
865 1390 974 1459 γὰρ
1004 1388 1156 1456 εἶπα,
1194 1398 1349 1465 φησὶ,
1373 1399 1498 1453 Θεοί
1533 1404 1678 1465 ἐστε,
1712 1404 1803 1456 καὶ
1832 1406 1942 1460 υἱοὶ

346 1481 642 1550 Ὑψίστου·
679 1499 699 1534 ι
732 1480 850 1534 ἀλλ’
883 1480 1090 1547 εὐθέως
1119 1485 1351 1554 ἐπάγει·
1387 1508 1406 1541 ι
1439 1489 1630 1560 Ὑμεῖς
1658 1493 1716 1546 δὲ
1745 1493 1820 1557 ὡς
1844 1494 1940 1550 ἄν-

329 1573 552 1642 θρωποι
595 1571 1009 1650 ἀποθνήσκετε·
1044 1593 1063 1625 ι
1101 1576 1197 1630 καὶ
1221 1577 1380 1648 δῆλον
1419 1579 1496 1644 ὡς
1528 1582 1626 1655 τὴν
1659 1600 1936 1655 προσηγο-

337 1668 460 1737 ρίαν
509 1667 658 1719 κατὰ
693 1665 860 1736 χάριν
894 1667 1248 1738 ἐσχήκαμεν·
1284 1671 1550 1735 αὐτὸςκδέ
1595 1676 1693 1746 οὐχ
1736 1675 1934 1744 οὕτως,

339 1756 470 1809 ἀλλά
509 1755 656 1826 μετὰ
699 1755 806 1825 τῆς
845 1755 1191 1826 θεοπρεποῦς
1249 1759 1410 1831 δόξης
1466 1764 1563 1817 καὶ
1620 1765 1719 1837 τὴν
1765 1783 1934 1838 προσ·

337 1849 565 1919 ηγορίαν
598 1846 742 1916 ἔχει.
792 1847 1058 1900 Καλεῖται
1089 1852 1200 1920 γὰρ
1247 1851 1346 1921 οὐχ
1394 1854 1578 1918 ἁπλῶς
1610 1855 1764 1921 Θεὸς,
1795 1858 1932 1913 ἀλλά

2056 693 2180 733 eum
2208 680 2298 749 qui
2335 680 2636 734 suscitatus
2669 679 2795 745 fuit,
2835 679 3127 734 Dominum
3163 682 3530 751 appellatum?
3561 682 3636 738 Ne

2052 785 2185 841 ergo
2237 786 2359 840 quae
2411 773 2710 827 secundum
2761 772 3225 841 dispensationem
3277 787 3406 832 sunt
3461 777 3630 841 dicta,

2050 861 2315 918 seandalo
2349 862 2444 918 tibi
2471 864 2601 918 sint.

2122 955 2216 1008 25.
2242 954 2352 1009 Sed
2378 964 2432 1010 et
2455 955 2600 1010 aliud
2629 955 2908 1026 praedictis
2935 958 3244 1012 necessario
3269 957 3630 1028 adjiciendum

2047 1057 2150 1114 est,
2183 1063 2252 1103 ne
2287 1049 2410 1119 quis
2451 1050 2765 1118 suspicetur
2818 1051 2997 1120 ipsum
3046 1052 3308 1121 gratiose,
3343 1053 3489 1108 sicut
3529 1067 3629 1106 no-

2045 1141 2128 1198 bis
2157 1142 2432 1204 usuvenit,
2471 1151 2526 1196 et
2563 1141 2730 1196 Deum
2781 1142 2950 1198 fuisse
2975 1143 3304 1212 appellatum
3347 1153 3397 1198 et
3444 1142 3630 1196 Domi-

2045 1247 2172 1286 num
2198 1243 2361 1300 atque
2391 1233 2610 1287 Filium.
2654 1233 2766 1289 Nos
2794 1233 2994 1303 quippe
3033 1233 3248 1287 etiamsi
3283 1233 3356 1287 dii
3390 1233 3631 1302 appelle-

2045 1341 2185 1392 mur,
2219 1324 2392 1378 nihilo
2420 1334 2599 1378 tamen
2633 1325 2813 1378 minus
2846 1324 3184 1379 inﬁrmitatis
3215 1323 3376 1379 simul
3423 1334 3629 1380 nostra:

2041 1416 2318 1470 modulum
2360 1416 2637 1471 audimus.
2673 1435 2690 1468 ι
2733 1415 2844 1486 Ego
2876 1415 3020 1470 enim
3069 1415 3220 1481 dixi,
3259 1414 3436 1483 inquit
3474 1413 3626 1469 Psalo

2040 1508 2225 1572 mista,
2249 1507 2334 1562 Dii
2380 1509 2516 1564 estis
2547 1516 2602 1563 et
2629 1507 2894 1561 Altissimi
2939 1505 3033 1560 ﬁlii
3069 1505 3133 1558 ¹⁸.
3171 1525 3188 1558 ι
3237 1506 3342 1560 Sed
3376 1505 3626 1575 protinus

2037 1598 2225 1653 addit:
2249 1616 2266 1650 ι
2289 1597 2398 1653 Vos
2418 1609 2601 1652 autem
2627 1607 2687 1651 ut
2711 1597 2961 1651 homines
2985 1607 3215 1651 mortem
3244 1597 3490 1666 patimini
3510 1597 3573 1648 ".
3596 1614 3618 1647 ι

2036 1691 2201 1748 Certe
2227 1699 2446 1746 constat
2478 1691 2576 1744 hac
2601 1704 2700 1744 nos
2733 1688 3100 1758 appellatione
3130 1687 3352 1743 nonnisi
3373 1703 3468 1756 per
3493 1703 3622 1756 gra-

2037 1782 2167 1837 tiam
2200 1781 2327 1835 frui.
2356 1779 2473 1835 Non
2500 1780 2580 1836 sic
2604 1779 2738 1848 ipse,
2775 1779 2870 1832 sed
2907 1793 3030 1832 cum
3067 1777 3229 1849 digna
3276 1778 3389 1832 Deo
3446 1776 3622 1848 gloria

2037 1888 2232 1927 nomen
2261 1887 2482 1942 quoque
2515 1872 2676 1943 gerit.
2703 1871 2944 1926 Vocatur
2967 1886 3073 1924 non
3108 1870 3434 1940 simpliciter
3456 1870 3618 1934 Deus,

341 1941 464 2002 Θεὸς
498 1939 595 1990 ἐπὶ
635 1938 884 2003 πάντων,
925 1938 1022 1992 καὶ
1056 1941 1352 2013 εὐλογητὸς
1382 1947 1464 2008 είς
1516 1947 1643 2010 τοὺς
1686 1949 1917 2013 αἰῶνας·

2036 1966 2132 2021 sed
2171 1979 2336 2034 super
2363 1964 2544 2020 omnia
2596 1962 2757 2026 Deus,
2784 1959 2859 2016 ef
2872 1963 3194 2017 benedictus
3239 1962 3291 2015 in
3321 1962 3518 2016 sarcula
3549 1961 3616 2016 ¹⁶.

342 2030 664 2112 misit-ato}:
690 2030 860 2084 πάλιν
901 2032 1000 2084 καὶ
1048 2032 1277 2106 Κύριος,
1309 2037 1412 2090 οὐκ
1461 2038 1686 2109 ὀνόματι
1743 2043 1926 2111 μόνον,

344 2123 522 2190 ῶσπερ
561 2122 750 2191 ἡμεῖς,
784 2119 925 2174 ἀλλά
977 2121 1185 2190 Κύριος
1212 2124 1314 2194 τῆς
1365 2127 1545 2198 δόξης,
1582 2131 1677 2182 καλ¹
1722 2131 1928 2203 Κύριος

351 2216 580 2275 πάντων,
623 2213 694 2276 ὠς
730 2214 762 2266 6
817 2213 1032 2283 Πέτρος
1074 2215 1345 2282 ἐδίδαξεν·
1389 2219 1682 2290 λεγόμενος
1730 2223 1787 2277 δὲ
1833 2227 1927 2280 καὶ

354 2306 498 2369 Υἱὸς,
529 2305 644 2358 οὐδὲ
682 2303 856 2359 τοῦτο
889 2305 1151 2380 καθάπερ
1181 2310 1344 2379 ἡμεῖς
1380 2311 1570 2376 ἁπλῶς
1600 2313 1742 2379 υίὸς,
1788 2317 1926 2371 ἀλλὰ

353 2398 478 2460 Υἱὸς
524 2399 698 2468 μόνος,
751 2401 849 2453 καὶ
899 2400 1156 2471 ἀληθινὸς
1204 2403 1328 2455 κατ’
1353 2404 1586 2469 οὐσίαν,
1628 2406 1705 2469 ῶς
1759 2425 1924 2480 φησιν

355 2493 630 2561 Ἰωάννης·
660 2511 678 2543 ι
704 2491 824 2546 Καὶ
855 2491 1026 2563 ἐσμὲν
1057 2495 1116 2546 ἐν
1156 2494 1236 2565 τῷ
1274 2495 1518 2567 ἀληθινῷ
1560 2497 1701 2569 Θεῷ,
1733 2502 1826 2554 καὶ
1865 2503 1924 2555 ἐν

323 2580 400 2651 τῷ
431 2579 544 2650 1⁸ίῷ
572 2582 749 2635 αὐτοῦ
766 2599 780 2612 ο
811 2575 968 2646 οὗτός
991 2584 1140 2638 ἐστιν
1167 2585 1196 2638 6
1225 2585 1484 2657 ἀληθινὸς
1509 2588 1665 2655 Θεὸς,
1689 2592 1784 2645 καὶ
1808 2592 1923 2666 ζωή

314 2671 560 2736 αίὼνιος.
585 2691 604 2724 ι
641 2673 1032 2746 Φανερώτερον
1065 2675 1122 2728 δὲ
1153 2675 1346 2730 τοῦτον
1374 2680 1402 2732 6
1431 2680 1731 2747 ἀπόστολος
1771 2685 1920 2738 Παῦ-

310 2764 400 2827 λος
423 2766 538 2818 ἀπὸ
566 2766 681 2820 τῶν
712 2765 930 2820 πολλῶν
955 2766 1179 2839 διορίζει
1210 2769 1288 2833 ὡς
1319 2771 1480 2841 μόνον
1505 2774 1598 2826 καὶ
1617 2775 1760 2830 κατὰ
1783 2777 1919 2849 ἀλή-

308 2857 463 2910 θειαν
485 2859 624 2912 Υίόν
651 2874 666 2886 ·
698 2859 856 2927 λέγει
881 2858 992 2929 γὰρ
1013 2859 1214 2925 οὕτως·
1253 2881 1271 2914 ι
1310 2863 1423 2916 Καὶ
1455 2864 1565 2936 γὰρ
1592 2867 1751 2940 εἴπερ
1781 2871 1920 2924 εἰσὶν

301 2950 600 3021 λεγόμενοι
635 2951 776 3016 θεοὶ,
813 2950 924 3005 εἴτε
969 2953 1028 3006 ἐν
1057 2953 1294 3024 οὐρανῷ,
1345 2956 1455 3010 εἴτε
1502 2959 1596 3012 ἐπὶ
1646 2964 1746 3032 τῆς
1788 2964 1915 3032 γῆς,

296 3041 497 3113 ῶσπερ
527 3043 680 3096 εἰσὶν
733 3037 851 3096 θεοὶ
904 3044 1095 3097 πολλοὶ
1151 3047 1248 3099 καλ⁹
1305 3047 1490 3118 κύριοι
1531 3049 1720 3105 πολλοὶ
1756 3053 1916 3121 λεγό-

296 3151 476 3205 μενοι·
516 3153 536 3185 ι
574 3135 752 3188 πάλιν
783 3134 874 3188 ἵνα
898 3134 1000 3206 [ita
1029 3136 1201 3192 codex
1237 3137 1493 3211 uterque]
1526 3143 1674 3212 νοῇς,
1709 3162 1728 3196 ι
1770 3145 1917 3198 Ἀλλ’

290 3230 427 3299 ἡμῖν
454 3222 547 3290 εἷς
569 3227 714 3288 Θεὸς
749 3228 778 3280 6
809 3228 1000 3300 Πατὴρ
1031 3229 1090 3294 ἐξ
1128 3223 1190 3282 οὗ
1221 3230 1290 3284 τὰ
1320 3231 1522 3296 πάντα,
1551 3233 1646 3287 καὶ
1677 3228 1761 3299 εἷς
1797 3235 1914 3295 Κύ-

291 3338 410 3394 ριος
443 3320 675 3392 Ἰησοῦς
710 3322 952 3392 Χριστὸς
975 3322 1042 3375 δι’
1072 3317 1132 3378 οὗ
1154 3323 1222 3377 τά
1257 3323 1458 3377 πάντα.
1495 3343 1513 3375 t
1555 3324 1722 3397 Ὁρᾷς
1753 3327 1830 3392 ὡς
1853 3329 1914 3382 οὐ

293 3413 441 3485 μετά
478 3415 721 3468 πάντων
745 3414 912 3477 αὐτὸς
943 3415 1148 3486 Κύριος
1178 3415 1211 3486 ἢ
1236 3416 1368 3479 Θεὸς
1402 3417 1750 3487 ὀνομάζεται,
1779 3419 1917 3474 ἀλλά

293 3509 458 3579 μόνος
482 3507 570 3578 τῷ
595 3508 786 3578 Πατρὶ
809 3507 1215 3574 συνδοξάζεται,
1243 3508 1318 3573 ὡς
1345 3509 1405 3574 ἐξ
1436 3508 1604 3564 αὐτοῦ
1637 3511 1780 3565 κατὰ
1809 3511 1910 3580 φύ-

293 3617 376 3655 σιν
411 3599 705 3670 ὑπάρχων
728 3615 744 3664 ;

357 3688 482 3757 κς’.
522 3690 752 3762 Καιρὸς
777 3689 836 3743 δὲ
865 3689 1074 3756 λοιπὸν,
1111 3691 1205 3744 καὶ
1246 3690 1348 3762 τὴν
1387 3691 1582 3763 ἐτέραν
1614 3692 1710 3754 τοῦ
1751 3695 1914 3748 Ἀπο-

293 3785 482 3838 στόλου
527 3783 860 3855 μαρτυρίαν
893 3785 975 3847 εἰς
1012 3783 1176 3854 μέσον
1199 3788 1567 3857 παραγαγεῖν,
1602 3787 1793 3840 τοῦτον
1820 3788 1912 3842 τὸν

291 3875 553 3946 ἀληθινὸν
595 3874 740 3926 Θεὸν
768 3873 924 3946 [Θεόν
955 3877 1112 3930 abest
1159 3877 1227 3931 ab
1250 3891 1360 3931 uno
1392 3893 1424 3932 e
1444 3877 1746 3949 codicibus]
1781 3879 1912 3932 Υἰὸν

300 3965 595 4020 δεικνῦσαν
623 3963 777 4033 [cod.
805 3975 1036 4034 uterque
1064 3963 1301 4039 δεικνὺς]
1329 3966 1616 4039 ἄνθρωπον
1645 3964 1786 4022 εἶναι
1819 3970 1911 4024 τὸν

311 4055 368 4106 ἐκ
410 4058 507 4126 τῆς
556 4053 1012 4125 καλλιπαρθένου
1064 4053 1368 4125 τεχθέντα·
1420 4057 1534 4128 ἔχει
1587 4057 1643 4111 δὲ
1695 4059 1904 4124 οὕτως·

318 4166 336 4198 ι
366 4149 484 4201 Ὅτε
518 4150 582 4202 δὲ
604 4143 784 4219 ἦλθεν
805 4147 867 4200 τὸ
902 4148 1182 4220 πλήρωμα
1209 4147 1306 4203 τοῦ
1339 4151 1558 4222 χρόνου,
1590 4151 1910 4217 ἐξαπέστει-

308 4240 388 4291 λεν
412 4241 441 4293 6
460 4239 604 4302 Θεὸς
633 4239 732 4292 τὸν
762 4238 892 4292 Υἱὸν
929 4239 1100 4293 αὐτοῦ
1139 4241 1434 4312 γενόμενον
1462 4243 1528 4296 ἐκ
1557 4244 1846 4312 γυναικός·
1882 4264 1902 4297 ι

303 4331 491 4401 μηδεὶς
538 4331 601 4384 δὲ
656 4329 824 4384 τοῦτο
864 4330 1047 4400 λέγειν
1093 4333 1437 4405 ἐρυθριάτω·
1487 4335 1746 4406 οὐδεμίαν
1797 4339 1907 4410 γὰρ

298 4423 456 4496 ὕϐριν
495 4423 669 4477 τοῦτο
707 4422 788 4493 τῷ
818 4423 981 4495 Λόγῳ
1010 4427 1190 4496 φέρει,
1224 4425 1639 4498 φιλανθρωπίαν
1680 4429 1737 4482 δὲ
1773 4430 1910 4498 μᾶλ-

293 4517 397 4585 λον,
431 4519 541 4571 καὶ
589 4516 758 4582 δόξαν
805 4517 898 4571 διὰ
941 4519 1103 4572 τοῦτο
1147 4519 1374 4593 ἄπειρον
1413 4520 1509 4575 καὶ
1563 4523 1902 4594 ἀμέτρητον.

2035 2056 2277 2112 Vocatur
2307 2057 2431 2110 item
2467 2056 2754 2121 Dominus,
2781 2069 2886 2110 non
2918 2054 3138 2108 nomine
3180 2062 3363 2116 tenus,
3402 2062 3462 2106 ut
3493 2066 3614 2116 nos.

2032 2151 2126 2204 sed
2167 2150 2356 2219 gloriae
2395 2149 2680 2212 Dominus,
2720 2147 3092 2216 Dominusque
3135 2146 3400 2210 omnium,
3435 2153 3490 2198 ut
3519 2145 3619 2200 Pe-

2032 2254 2148 2297 trus
2185 2243 2370 2297 docuit
2405 2242 2467 2295 ".
2502 2242 2710 2295 Dicitur
2740 2243 2904 2296 etiam
2931 2239 3136 2304 Filius;
3166 2249 3222 2292 at
3261 2254 3328 2291 ne
3355 2237 3456 2292 hoc
3489 2238 3616 2305 qui-

2029 2336 2152 2388 dem
2189 2344 2248 2389 ut
2272 2349 2372 2389 nos
2403 2332 2746 2402 simpliciter,
2792 2333 2888 2387 sed
2932 2332 3125 2386 unicus
3167 2329 3357 2393 Filius,
3391 2339 3442 2384 et
3481 2330 3615 2384 suh-

2027 2426 2362 2482 stantialiter
2417 2439 2583 2480 verus
2610 2466 2625 2491 ,
2654 2437 2715 2479 ut
2750 2425 2829 2478 ait
2860 2423 3101 2477 Joannes
3137 2437 3152 2476 :
3186 2440 3204 2472 ι
3245 2419 3310 2475 Et
3337 2436 3524 2476 sumus
3557 2421 3614 2477 in

2027 2532 2159 2572 vero
2194 2517 2326 2583 Deo,
2369 2525 2423 2570 et
2459 2517 2511 2572 in
2555 2515 2694 2570 Filio
2731 2514 2868 2584 eius.
2901 2513 3004 2569 Hic
3035 2529 3192 2570 verus
3223 2514 3368 2568 Deus
3411 2521 3516 2578 est,
3557 2523 3615 2568 et

2026 2610 2134 2664 vita
2156 2609 2456 2665 mterna”.
2501 2628 2520 2661 ι
2562 2608 2898 2663 Manifestius
2934 2619 3114 2662 autem
3161 2607 3302 2661 hunc
3334 2607 3612 2677 apostolus

2024 2703 2226 2758 Paulus
2254 2716 2284 2756 a
2316 2701 2502 2757 multis
2537 2701 2818 2766 discernit,
2850 2708 3037 2770 utpote
3065 2699 3239 2754 solum
3277 2709 3324 2752 et
3355 2713 3486 2753 vere
3519 2698 3612 2753 Fi-

2026 2793 2176 2849 lium.
2204 2795 2296 2848 Ait
2323 2795 2469 2849 enim
2499 2794 2580 2849 sic
2619 2811 2635 2848 :
2671 2812 2690 2846 ι
2727 2791 2863 2846 Nam
2894 2792 2996 2846 etsi
3037 2801 3166 2846 sunt
3211 2791 3303 2860 qui
3347 2791 3609 2845 dicuntur

2024 2881 2120 2947 dii,
2149 2883 2266 2937 sive
2296 2882 2348 2935 in
2388 2881 2548 2947 caelo,
2580 2881 2698 2937 sive
2731 2897 2898 2950 super
2931 2891 3160 2944 terram,
3211 2880 3370 2934 sicuti
3417 2895 3607 2936 revera

2022 2982 2148 3026 sunt
2199 2973 2271 3028 dii
2324 2973 2478 3027 tnulti
2500 3013 2515 3037 ,
2553 2983 2607 3026 et
2645 2972 2797 3026 multi
2831 2973 2920 3041 qui
2951 2972 3208 3026 dicuntur
3235 2971 3437 3025 domini
3469 2971 3548 3038 ";
3581 2989 3602 3024 ι

2021 3063 2203 3118 subdit
2233 3064 2614 3133 uLitrtelligas:
2640 3083 2658 3115 ι
2683 3063 2849 3117 Nobis
2886 3072 3065 3116 tamen
3094 3078 3235 3118 unus
3269 3062 3411 3116 Deus
3440 3061 3608 3116 Pater

2021 3169 2086 3210 ex
2112 3169 2222 3224 quo
2252 3155 2530 3220 omnia,et
2553 3170 2693 3209 unus
2726 3154 2992 3210 Dominus
3025 3152 3186 3208 Jesus
3225 3153 3479 3209 Christus
3509 3167 3606 3223 per

2020 3262 2180 3317 quem
2220 3249 2401 3302 omnia
2427 3248 2492 3300 ".
2537 3265 2554 3298 ι
2589 3246 2802 3313 Cernis,
2844 3247 2988 3315 quod
3032 3261 3140 3301 non
3186 3261 3308 3300 cum
3349 3246 3605 3302 erunibus

2019 3338 2135 3408 ipse
2179 3338 2444 3393 Dominus
2496 3338 2578 3391 vel
2621 3338 2764 3392 Deus
2808 3337 3148 3402 nominatur,
3177 3336 3272 3392 sed
3309 3352 3446 3391 unus
3479 3351 3604 3392 cum

2019 3431 2181 3487 Patre
2239 3430 2598 3501 gloriﬁcatur,
2659 3443 2920 3497 tauquam
2979 3444 3044 3485 ex
3103 3428 3223 3499 ipso
3276 3428 3604 3484 naturaliter

2017 3520 2325 3577 exsistens?

2084 3693 2178 3748 26.
2220 3693 2481 3763 Superest
2534 3702 2592 3748 ut
2639 3691 2786 3748 aliud
2829 3692 3075 3762 Apostoli
3125 3695 3497 3750 testimonium
3545 3693 3600 3748 in

2016 3787 2254 3839 medium
2286 3783 2652 3854 proferamus,
2689 3787 2834 3854 quod
2879 3786 3026 3840 hunc
3060 3801 3250 3841 verum
3296 3787 3464 3840 Deum
3518 3784 3602 3840 Fi-

2013 3879 2147 3932 lium
2181 3876 2422 3932 ostendit
2446 3890 2571 3931 esse
2598 3875 2898 3942 hominem,
2929 3892 3089 3946 quem
3121 3878 3341 3948 egregia
3385 3880 3600 3948 peperit

2015 3968 2202 4035 Virgo.
2233 3967 2312 4022 lta
2351 3981 2484 4022 vero
2523 3981 2584 4021 se
2625 3967 2829 4022 habet:
2877 3985 2896 4019 ι
2936 3967 3073 4021 Cum
3123 3969 3273 4022 venit
3316 3967 3600 4036 plenitudo

2015 4059 2298 4130 temporis,
2329 4057 2478 4113 misit
2520 4058 2670 4112 Deus
2716 4057 2914 4112 Filium
2946 4073 3104 4113 suum
3145 4057 3346 4112 factum
3375 4073 3442 4113 ex
3478 4075 3598 4113 mu-

2011 4152 2149 4206 liere
2173 4151 2241 4206 ²¹.
2277 4169 2296 4203 ι
2333 4149 2614 4204 Neminem
2631 4146 2814 4218 'porro
2843 4150 2948 4204 hoc
2970 4150 3156 4204 dicere
3184 4151 3415 4218 pudeat;
3449 4151 3596 4206 nulla

2009 4244 2152 4297 enim
2190 4242 2313 4298 hinc
2336 4241 2535 4312 injuria
2564 4239 2742 4296 Verbo
2775 4241 2857 4307 ﬁt,
2891 4240 3203 4311 benignitas
3238 4255 3368 4294 vero
3400 4241 3597 4315 luit

2009 4333 2188 4403 potius
2230 4331 2486 4401 patescit,
2523 4341 2577 4387 et
2616 4330 2790 4401 gloria
2831 4330 3048 4385 inﬁnita
3081 4339 3248 4401 atque
3297 4332 3594 4388 immensu—

2009 4424 2221 4479 rabilis.
2264 4422 2401 4478 Nam
2442 4423 2586 4492 quod
2637 4423 2772 4477 nihil
2819 4423 2946 4478 inde
2993 4420 3229 4477 Verbum
3279 4423 3591 4480 detrimenti

2009 4517 2211 4588 capiat,
2241 4532 2364 4572 cum
2393 4516 2469 4571 sit
2503 4516 2828 4585 intangibile
2870 4525 3065 4584 suapte
3099 4523 3317 4579 natura,
3349 4515 3595 4584 impassi-

291 4609 412 4665 Ὀτι
445 4610 568 4680 γὰρ
595 4609 756 4663 οὐδὲν
791 4611 856 4663 ἐκ
884 4608 1079 4664 τούτου
1110 4613 1139 4664 6
1162 4612 1338 4680 Λόγος
1373 4612 1695 4677 ἐόλάπτετο,
1727 4613 1902 4685 ἀψαυ-

2023 4612 2138 4677 )ἱιε,
2170 4618 2226 4664 et
2274 4608 2809 4677 ineircumscriptum
2838 4645 2854 4673 ,
2896 4608 2990 4663 sed
3017 4606 3280 4661 ineffabili
3319 4623 3416 4663 sua
3463 4623 3592 4679 erga

289 4718 411 4765 στος
447 4701 733 4771 ὑπάρχων
764 4699 864 4770 τὴν
901 4699 1063 4769 φύσιν
1099 4701 1196 4754 καὶ
1224 4702 1442 4773 ἀπαθὴς
1471 4704 1566 4757 καὶ
1593 4704 1901 4776 ἀπερίγρα-

289 4809 404 4860 φνας.
445 4792 693 4864 ἀρῤήτῳ
726 4789 784 4842 δὲ
819 4791 1206 4866 φιλανθρωπίᾳ
1250 4794 1313 4846 τὸ
1353 4796 1590 4866 πρᾶγμα
1623 4795 1898 4866 διήνυσεν,

289 4885 454 4938 ἄκουε
497 4884 670 4938 πάλιν
723 4881 890 4936 αὐτοῦ
931 4883 1024 4936 τοῦ
1049 4882 1264 4937 Παύλου
1301 4885 1460 4939 τοῦτο
1516 4886 1894 4951 διδάσκοντος·

295 4995 311 5026 ι
331 4975 558 5049 Ἰησοῦς
590 4973 857 5047 Χριστὸς,
896 4959 1084 5045 φησίν,
1108 4975 1236 5046 χθὲς
1271 4969 1371 5030 καῖ
1386 4977 1650 5047 σήμερον,
1673 4979 1701 5031 6
1736 4978 1901 5042 αὐτὸς

289 5070 375 5122 καὶ
397 5070 494 5131 εἰς
511 5064 916 5130 τοὺςαίῶνας·›
938 5065 999 5120 τὸ
1017 5066 1146 5137 γὰρ,
1170 5065 1319 5137 χθὲς,
1334 5065 1529 5133 λέγων,
1543 5068 1643 5138 τὴν
1660 5067 1900 5141 προαιώ-

285 5178 390 5215 νιον
419 5158 609 5214 αὐτοῦ
639 5157 900 5229 σημαίνει
927 5157 1115 5224 δόξαν·
1140 5157 1202 5211 τὸ
1229 5157 1288 5211 δέ
1317 5141 1579 5230 σήμερον,
1600 5159 1899 5224 ἐνεστῶτος

283 5250 494 5324 κιιροῦ
544 5251 791 5304 ποιεῖται
832 5248 1210 5319 σημαντικόν·
1247 5249 1344 5302 καὶ
1384 5249 1466 5302 ὃτι
1516 5249 1616 5302 οὐκ
1656 5249 1897 5320 ἐτράπη,

281 5345 397 5398 ἀλλ’
433 5345 527 5397 ὅτι
557 5343 590 5396 6
616 5340 784 5404 αὐτὸς
812 5340 1029 5411 ἔμεινεν
1056 5341 1150 5393 καὶ
1177 5340 1236 5393 ἐν
1269 5341 1436 5412 σαρκὶ
1462 5340 1776 5412 γενόμενος,
1803 5340 1900 5395 καὶ

284 5433 448 5490 ἔσται
509 5436 597 5496 είς
625 5432 754 5496 τοὺς
780 5431 1006 5497 αἰῶνας,
1039 5431 1345 5501 ἐπήγαγεν,
1400 5451 1417 5484 ι
1448 5435 1476 5486 6
1499 5432 1664 5496 αὐτὸς
1701 5433 1797 5487 καὶ
1818 5435 1900 5497 είς

285 5528 418 5591 τοὺς
456 5525 694 5588 αἰῶνας.
723 5543 741 5576 ι
775 5523 904 5578 Ὅτε
937 5523 1119 5577 τοίνυν
1134 5522 1308 5577 ταῦτα
1330 5523 1503 5589 οὕτως
1521 5525 1654 5596 ἔχει,
1701 5525 1898 5596 φιλαν-

291 5617 523 5690 θρωπίᾳ
570 5616 788 5690 μεγάλῃ
818 5615 918 5687 τὴν
975 5617 1058 5680 είς
1110 5617 1260 5686 ἡμᾶς
1297 5617 1522 5689 ἀγάπην
1569 5617 1894 5686 ἐνεδείξατο,

377 5824 423 5855 ¹³
450 5824 614 5878 Rom.
649 5837 723 5886 tv,
752 5822 840 5886 25,
873 5819 966 5876 24.
1046 5820 1091 5852 ¹⁸
1118 5821 1257 5877 Psal.
1293 5837 1479 5882 Lxxxt,
1512 5821 1566 5875 6.
1646 5823 1687 5854 ³⁸
1713 5823 1842 5877 ibid.
1882 5825 1935 5877 7.

2012 4703 2262 4758 homines
2298 4702 2544 4757 bonitate
2579 4700 2632 4754 id
2666 4697 2928 4763 eﬂecerit,
2965 4698 3090 4754 audi
3139 4712 3329 4754 rursus
3365 4697 3591 4754 Paulum

2014 4796 2116 4850 hoc
2167 4794 2491 4849 docentem:
2529 4810 2546 4844 ι
2585 4789 2748 4847 Jesus
2775 4791 3058 4858 Christus,
3116 4790 3332 4861 inquit,
3375 4790 3493 4846 heri
3536 4801 3593 4847 et

2009 4884 2191 4952 hodie,
2224 4884 2364 4939 idem
2381 4892 2436 4939 et
2458 4883 2511 4938 in
2547 4881 2745 4938 saecula
2777 4881 2846 4938 ”.
2879 4899 2898 4934 ›
2931 4881 3067 4936 Cum
3097 4881 3231 4936 dicit
3261 4881 3405 4949 heri,
3445 4897 3591 4938 sem-

2011 4978 2278 5048 piternam
2321 4977 2440 5046 ejus
2473 4975 2605 5031 dicit
2653 4974 2904 5045 gloriam.
2965 4973 3143 5030 Hodie
3183 4989 3314 5031 vero
3350 4990 3593 5046 praesens

2013 5079 2228 5139 tempus
2267 5069 2556 5138 signiﬁcat.
2607 5066 2675 5122 Et
2703 5066 2830 5137 quia
2876 5081 3153 5136 nunquam
3205 5077 3444 5124 mutatus
3480 5078 3589 5135 est,

2007 5157 2261 5228 idemque
2295 5159 2499 5214 mansit
2527 5159 2691 5214 etiam
2719 5173 2849 5213 caro
2880 5158 3080 5221 factus,
3105 5157 3321 5226 eritque
3357 5159 3409 5212 in
3441 5167 3594 5214 atter-

2005 5265 2159 5318 num,
2198 5250 2403 5305 addidit
2429 5268 2449 5303 ι
2491 5250 2630 5304 idem
2672 5258 2725 5304 et
2770 5249 2824 5304 in
2866 5249 3094 5306 saecula.
3141 5267 3161 5302 ι
3197 5248 3328 5315 Quae
3357 5264 3478 5303 cum
3518 5250 3590 5304 ita

2005 5343 2136 5409 sint,
2155 5357 2349 5412 magna
2380 5341 2582 5412 oppido
2611 5341 2952 5412 benignitate
2979 5340 3304 5396 charitatem
3329 5355 3456 5409 erga
3487 5354 3588 5394 nos

2005 5421 2157 5489 suam
2199 5433 2624 5501 demonstravit,
2669 5447 2840 5504 seque
2889 5431 3320 5487 communicavit
3379 5440 3590 5485 natura

2005 5536 2227 5592 nostra,
2262 5535 2461 5580 uteam
2497 5525 2788 5592 relevaret,
2822 5536 2988 5595 atque
3022 5540 3052 5578 a
3083 5522 3284 5576 diaboli
3323 5523 3590 5578 servitute

2003 5621 2353 5677 subduceret.
2392 5620 2674 5678 Neminem
2725 5635 2858 5693 ergo
2899 5623 3119 5692 pudeat,
3175 5632 3300 5672 cum
3354 5631 3584 5687 puerum

2016 5823 2240 5879 “llum.
2275 5841 2348 5890 Ix,
2390 5826 2441 5882 5.
2525 5823 2707 5878 "Act.
2739 5838 2792 5886 κ,
2832 5821 2920 5877 56.
3025 5820 3066 5852 “’
3113 5817 3315 5877 lJoan.
3375 5835 3433 5886 v,
3487 5817 3580 5872 9.0.

307 5893 347 5925 "
372 5894 393 5947 ι
421 5894 551 5950 Cor.
579 5909 700 5960 \‘lll,
736 5893 788 5947 5.
861 5893 913 5975 ι²⁰
941 5891 1070 5949 ibid.
1108 5893 1162 5948 6.
1240 5894 1300 5982 f‘
1328 5891 1502 5948 Calat.
1540 5908 1612 5958 ιν,
1655 5894 1708 5948 4.
1788 5896 1831 5926 ²²
1861 5894 1917 5949 ΙΙι

2059 5911 2176 5961 xm,
2209 5897 2262 5949 8.
