4080 6430
414 5759 437 5811 ,ὅ

483 397 587 453 287

1480 403 1539 463 Β.
1578 406 1858 466 CYRILLI
1896 409 2372 471 ALEXANDRINI
2410 415 2729 475 ARCHIEP.

3649 428 3761 487 288

492 516 601 570 dici
634 516 785 571 audit
816 526 868 572 et
896 517 1249 589 iui'antuium,
1278 529 1337 578 et
1376 524 1642 596 quidquid
1680 529 1828 584 aliud
1872 530 2061 586 huma-

2170 534 2264 586 καὶ
2302 534 2711 606 κεκοινώνηκεν
2736 534 2803 605 τῇ
2840 532 3088 607 ἡμετέρᾳ
3118 533 3299 604 φύσει,
3338 536 3429 592 ἵνα
3473 538 3757 616 ἀναστήσῃ

491 609 635 664 uitus
674 610 741 664 de
786 609 877 666 illo
914 613 1179 683 scriptum
1214 624 1318 672 est.
1352 616 1560 674 Cuncta
1595 620 1741 675 enim
1779 622 1922 677 haud
1958 625 2065 691 sui,

488 700 584 754 sed
617 702 788 756 nostri
833 717 997 759 causa
1031 706 1330 773 sustinuit,
1363 711 1506 779 quod
1560 712 1854 766 humanam
1903 724 2069 770 natu-

492 806 605 844 ram
641 793 797 849 deret
852 794 1055 864 ubique
1085 812 1438 866 conservans,
1478 817 1546 877 ne
1588 802 1726 858 forte
1765 805 2072 875 phantasite

490 876 667 932 instar
693 879 873 935 divina
905 882 1238 954 dispensatio
1265 876 1694 950 existimaretur.

560 1138 651 1195 27.
693 1139 862 1209 Igitur
893 1157 1015 1198 cum
1054 1146 1294 1203 audieris
1326 1159 1639 1221 susceptum
1675 1168 1800 1210 eum
1840 1171 1871 1211 a
1910 1157 2072 1214 beato

492 1231 728 1301 Josepho
757 1234 811 1287 in
835 1233 1132 1305 Egyptum
1147 1238 1368 1309 fugisse,
1386 1257 1472 1307 ne,
1488 1258 1695 1313 quaso,
1717 1247 2069 1318 ignominiam

494 1326 546 1378 id
592 1340 714 1381 esse
759 1337 944 1395 putes,
987 1329 1082 1383 sed
1130 1333 1312 1399 petius
1359 1337 1535 1405 cogita
1583 1338 2068 1407 dispensationem.

492 1414 605 1471 Hoc
630 1417 773 1471 enim
804 1432 910 1471 non
942 1427 1068 1472 tune
1094 1426 1469 1479 tantummodo
1494 1426 1563 1482 de
1585 1442 1652 1482 eo
1676 1430 1938 1498 scriptum
1965 1441 2069 1498 est,

490 1510 583 1561 sed
612 1509 775 1563 etiam
805 1525 929 1565 cum
961 1512 1242 1569 tricesimo
1268 1517 1445 1571 aetatis
1469 1531 1613 1573 anno
1640 1521 1937 1588 praedicare
1961 1538 2074 1579 cm-

490 1603 569 1668 pit
595 1609 650 1655 et
676 1602 895 1671 docere,
928 1618 994 1659 ac
1024 1607 1412 1663 miraculorum
1442 1611 1672 1667 virtutes
1698 1626 1938 1683 patrare,
1970 1617 2072 1673 ite-

492 1707 609 1745 rnm
637 1693 751 1747 inec
774 1695 841 1748 de
860 1710 926 1750 eo
947 1697 1146 1764 scripta
1170 1702 1552 1769 comperimus.
1584 1722 1602 1754 ι
1631 1702 1870 1760 Audiens
1890 1707 2036 1762 enim
2053 1748 2071 1776 ,

490 1788 698 1854 inquit,
732 1788 996 1846 Joannem
1035 1791 1205 1849 fuisse
1245 1794 1533 1862 traditum,
1570 1800 1796 1855 secessit
1832 1801 1884 1855 in
1918 1801 2070 1858 Gali-

2173 625 2363 692 αὐτὴν,
2390 625 2486 679 καί.
2517 625 2615 693 τῆς
2646 625 2751 679 ὑπὸ
2781 624 2872 679 τὸν
2892 624 3140 681 διάϐολον
3164 627 3452 703 ἀπαλλάξῃ
3478 631 3720 697 δουλείας
3738 674 3754 689 .

2170 715 2379 786 Μηδεὶς
2398 712 2492 769 οὖν
2526 714 2869 786 αἰσχυνέσθω
2901 716 3115 771 παιδίον
3146 718 3382 783 ἀκούων,
3415 723 3509 775 καὶ
3530 722 3753 794 βρέφος,

2172 806 2268 859 καί
2312 807 2412 859 ὅσα
2469 806 2957 880 ἀνθρωπινώτερον
3010 810 3140 879 περί
3189 809 3355 864 αὐτοῦ
3405 813 3756 884 γέγραπταιο

2174 899 2469 969 ὑπέμεινεν
2500 899 2608 971 γὰρ
2638 901 2815 954 πάντα
2846 902 2909 954 οὐ
2949 901 3019 955 δι’
3052 903 3268 969 ἑαυτὸν,
3303 904 3439 959 ἀλλά
3478 906 3546 960 δι’
3585 908 3757 979 ἡμᾶς,

2176 989 2453 1059 πανταχοῦ
2480 989 2541 1042 τὸ
2568 989 2782 1061 πρέπον
2809 990 3092 1059 φυλάττων
3129 996 3195 1065 τῇ
3220 993 3538 1068 ἀνθρωπεία
3573 999 3785 1067 φύσει,ι

2173 1082 2261 1133 ίνα
2291 1081 2366 1150 μὴ
2397 1082 2672 1149 φαντασία
2704 1084 2738 1152 ή
2767 1082 3050 1154 οἰκονομία
3074 1084 3381 1156 νομίζηται.

2247 1172 2350 1236 κζ’.
2384 1173 2595 1226 Οὐκοῦν
2628 1173 2729 1227 κάν
2753 1174 2995 1246 ἀκούσῃς
3021 1176 3104 1231 ὅτι
3138 1179 3562 1250 παραλαμϐάνει
3591 1185 3763 1238 αὐτὸν

2171 1264 2200 1316 ὁ
2239 1263 2510 1335 μακάριος
2560 1265 2777 1336 Ἰωσὴφ,
2824 1268 2920 1321 καὶ
2975 1266 3167 1336 φεύγει
3198 1271 3280 1333 εἰς
3329 1272 3626 1340 Αἴγυπτον,
3678 1276 3758 1348 μὴ

2176 1356 2439 1426 αἰσχύνην
2468 1356 2602 1410 αὐτὸ
2631 1357 2840 1427 νόμιζε,
2870 1358 2969 1430 τὴν
2995 1360 3050 1413 δέ
3076 1362 3391 1433 οἰκονομίαν
3416 1365 3590 1419 ἐννόει
3609 1384 3624 1399 ·
3661 1370 3759 1423 καὶ

2172 1448 2284 1518 γὰρ
2310 1450 2369 1500 ού
2394 1447 2517 1501 τότε
2550 1450 2709 1518 μόνον
2728 1449 2888 1503 τοῦτο
2912 1452 3039 1520 περί
3067 1452 3234 1506 αύτοῦ
3262 1454 3592 1525 γέγραπται,
3620 1458 3761 1512 ἀλλά

2174 1540 2271 1593 καὶ
2309 1540 2399 1593 ὅτε
2431 1541 2510 1603 εἰς
2541 1540 2634 1593 τὸν
2662 1540 2707 1593 λ’
2742 1541 2987 1597 ἐνιαυτὸν
3020 1542 3190 1597 ἐλθὼν
3218 1546 3423 1617 ἠρξατο
3463 1548 3765 1627 κηρύττειν

2175 1630 2270 1683 καὶ
2298 1630 2590 1696 διδάσκειν,
2627 1632 2722 1685 καὶ
2756 1633 2866 1686 τῶν
2901 1634 3225 1705 θαυμασίων
3256 1638 3500 1691 ἐπετέλει
3537 1640 3637 1711 τὴν
3667 1640 3765 1694 δύ-

2174 1740 2361 1793 ναμιν,
2393 1723 2557 1777 πάλιν
2582 1723 2809 1778 τοιαῦτα
2845 1726 2973 1795 περί
3011 1727 3178 1779 αὑτοῦ
3209 1729 3571 1799 γεγραμμένα
3600 1732 3766 1802 εὑρί-

2177 1830 2409 1884 σκομεν·
2442 1832 2460 1865 ι
2503 1813 2769 1877 Ἀκούσας
2801 1815 2934 1885 γὰρ,
2962 1816 3150 1885 φησιν.
3191 1818 3275 1871 ὅτι
3321 1818 3579 1890 Ἰωάννης
3608 1836 3758 1890 παρ-

491 1878 642 1934 heam
674 1881 772 1937 “.i
801 1882 862 1936 Et
879 1883 982 1937 alia
999 1884 1306 1953 huiusmodi
1321 1888 1727 1955 deprehendere
1749 1899 1852 1947 est.
1868 1892 2061 1949 Verum

2175 1878 2354 1975 εδόθη,
2407 1904 2758 1977 ἀνεχώρησεν
2795 1878 3001 1977 εἰς-τὴν
3024 1878 3372 1962 ΤαλιλαΓανο
3407 1928 3426 1961 ι
3464 1878 3764 1983 καί-ἔτερα.

492 1972 605 2024 haec
634 1971 777 2025 haud
810 1982 980 2037 metu,
1010 1989 1184 2045 neque
1214 1985 1340 2033 tunc
1369 1993 1546 2049 neque
1576 1991 1761 2051 postea
1793 1983 1944 2049 fecit,
1971 1985 2066 2042 sed

486 2064 612 2131 quia
642 2071 855 2135 tempus
882 2066 1135 2123 idoneum
1166 2071 1521 2139 exspectabat
1545 2073 1772 2129 salutari
1804 2076 2064 2145 passioni.

487 2153 784 2224 Oportebat
813 2158 958 2213 enim
990 2160 1167 2229 primo
1200 2162 1560 2220 inclarescere
1586 2166 2030 2234 praedicationem
2050 2207 2066 2232 ,

487 2257 543 2301 et
578 2249 757 2304 omnia
794 2264 915 2319 quae
948 2251 1268 2311 decreverat
1304 2254 1457 2320 iieri,
1495 2270 1562 2310 ac
1598 2264 1709 2311 tum
1744 2257 1959 2313 demum
1999 2261 2067 2315 ad

486 2340 782 2395 salutarem
810 2343 1119 2410 passionem
1145 2344 1361 2411 venire;
1387 2346 1530 2413 quod
1553 2354 1606 2401 et
1634 2362 1826 2417 reapse
1849 2348 2065 2405 accidit.

487 2431 641 2498 Quod
679 2441 858 2487 autem
899 2448 1004 2488 non
1046 2433 1494 2491 consternatione
1533 2437 1699 2491 animi
1735 2447 1830 2492 aut
1868 2454 2069 2507 pavore

487 2522 563 2575 ita
597 2535 658 2576 se
690 2523 938 2591 gesserit,
971 2534 1183 2580 constat
1215 2541 1281 2581 ex
1316 2528 1402 2582 his
1434 2543 1554 2597 qua:
1588 2528 1736 2597 fecit,
1768 2545 1891 2586 cum
1930 2532 2067 2587 tradi

486 2629 548 2668 se
585 2613 757 2669 noluit
791 2633 804 2669 :
844 2631 968 2671 nam
1001 2616 1205 2674 Judaeis
1238 2620 1369 2675 dare
1403 2636 1526 2676 eum
1563 2623 1898 2693 praecipitem
1938 2634 2067 2681 tunc

486 2703 816 2770 volentibus,
849 2724 869 2757 ι
905 2707 1043 2778 ipse,
1080 2709 1254 2778 inquit
1284 2713 1637 2781 evangelista,
1669 2715 1941 2771 transiens
1971 2730 2069 2785 per

486 2794 723 2861 medium
769 2797 983 2852 illorum
1028 2799 1230 2855 ibat“.
1277 2819 1295 2852 ι
1335 2803 1453 2857 Alio
1494 2803 1621 2858 item
1666 2815 1906 2876 tempore
1943 2821 2066 2862 cum

487 2886 688 2939 vellent
722 2902 846 2942 eum
882 2904 1112 2959 capere,
1149 2910 1168 2943 ι
1208 2891 1408 2959 Nemo,
1445 2895 1651 2964 inquit,
1687 2898 1873 2967 injecit
1910 2899 1961 2952 in
1999 2899 2066 2954 il-

486 2978 598 3032 lum
623 2994 838 3045 manus,
860 2982 985 3051 quia
1012 2986 1249 3039 nondum
1271 2997 1494 3041 venerat
1521 2988 1652 3043 hora
1675 2991 1793 3064 eius
1810 2992 1875 3044 ’⁵.
1910 3009 1930 3044 ι
1960 2991 2067 3047 Sed

483 3085 607 3125 cum
637 3071 837 3142 alioqui
869 3074 942 3128 sit
975 3075 1209 3132 invictus
1240 3077 1401 3145 Deus,
1434 3089 1676 3136 attamen
1709 3083 2066 3141 humanitatis

485 3178 598 3218 suae
627 3177 791 3219 causa
826 3166 1082 3231 cedebat,
1113 3177 1172 3222 ut
1202 3183 1327 3225 vere
1363 3170 1537 3227 factus
1571 3172 1735 3229 homo
1766 3176 2066 3233 videretur.

2171 1996 2229 2048 δέ
2256 1995 2485 2050 τοιαῦτα
2531 1995 2678 2049 ἔστιν
2717 1997 2900 2069 εὑρεῖν
2922 2014 2936 2029 ε
2969 1998 3084 2051 ἀλλ’
3116 2000 3176 2052 ού
3210 2001 3361 2071 φόϐῳ
3390 2001 3551 2055 τοῦτο
3579 2004 3763 2058 ἐποίει

2169 2086 2291 2139 ούδέ
2323 2087 2444 2140 τότε
2474 2088 2595 2141 οὐδὲ
2635 2087 2751 2152 νῦν,
2782 2088 2919 2142 ἀλλά
2953 2089 3045 2142 τὸν
3084 2090 3367 2161 πρέποντα
3392 2094 3584 2164 καιρὸν
3623 2098 3765 2150 άνα-

2175 2178 2351 2249 μένων
2379 2179 2474 2232 τοῦ
2523 2179 2794 2251 σωτηρίου
2826 2180 3035 2245 πάθους
3055 2199 3069 2213 ⁸
3105 2182 3213 2236 ἔδει
3240 2183 3351 2255 γάρ
3381 2186 3595 2254 πρῶτον
3641 2188 3765 2242 δια-

2171 2270 2385 2339 λάμψαι
2431 2271 2494 2323 τὸ
2542 2271 2852 2340 κήρυγμα,
2911 2273 3008 2325 καὶ
3053 2274 3233 2327 πάντα
3287 2276 3602 2331 ἐπιτελέσαι
3653 2279 3765 2335 ὅσα

2171 2358 2443 2424 ἐϐούλετο,
2465 2360 2558 2413 καὶ
2580 2359 2703 2412 τότε
2732 2361 2826 2413 καὶ
2853 2362 2947 2413 ἐπὶ
2969 2361 3031 2415 τὸ
3055 2364 3323 2435 σωτήριον
3349 2366 3521 2430 πάθος
3543 2367 3726 2423 ἐλθεῖν
3745 2388 3763 2402 ·

2170 2452 2200 2505 ὃ
2235 2451 2300 2523 δὴ
2327 2453 2423 2505 καὶ
2454 2452 2698 2521 γέγονεν.
2731 2454 2855 2506 ’Ότι
2904 2454 2961 2507 δέ
2994 2455 3054 2508 οὐ
3096 2456 3248 2528 φόϐῳ
3275 2459 3369 2525 καὶ
3396 2459 3568 2533 δειλίᾳ
3596 2462 3766 2517 τοῦτο

2172 2546 2401 2612 ἐγίνετο,
2424 2544 2584 2615 δῆλον
2606 2544 2697 2614 ἀφ’
2714 2537 2788 2599 ὧν
2814 2546 3115 2614 πεποίηκεν
3135 2549 3223 2602 ὅτε
3252 2550 3625 2622 παραδοθῆναι
3656 2554 3763 2608 οὐκ

2172 2636 2459 2690 ἐϐούλετο’
2491 2638 2584 2691 καὶ
2623 2637 2734 2709 γὰρ
2773 2638 2884 2692 τῶν
2922 2639 3196 2693 Ἰουδαίων
3235 2643 3400 2696 αὐτὸν
3429 2644 3551 2697 τότε
3584 2663 3765 2699 κατα-

2172 2730 2475 2802 κρημνίσαι
2503 2730 2873 2802 θελησάντων,
2912 2750 2931 2784 ι
2958 2734 3152 2798 Αὐτὸς,
3183 2735 3370 2804 φησὶν,
3407 2735 3635 2790 διελθὼν
3666 2739 3772 2793 διὰ

2176 2822 2343 2892 μέσου
2383 2822 2564 2875 αὐτῶν
2585 2823 2910 2899 ἐπορεύετο-ο
2946 2842 2965 2875 ι
3004 2825 3099 2878 καὶ
3128 2825 3319 2879 ἄλλοτε
3356 2826 3415 2879 δέ
3444 2828 3639 2882 πιάσαι
3658 2830 3767 2882 αὑ-

2171 2912 2263 2966 τὸν
2284 2912 2566 2978 θελόντων,
2587 2932 2606 2965 ι
2633 2914 2841 2978 Ούδείς,
2869 2916 3053 2985 φησιν,
3079 2915 3344 2970 ἐπέϐαλεν
3365 2918 3453 2971 ἐπ’
3473 2918 3635 2971 αὑτὸν
3655 2918 3775 2982 τὰς

2171 3007 2379 3074 χεῖρας,
2413 3005 2494 3058 ὅτι
2519 3005 2675 3059 οὔπω
2701 3008 2963 3078 ἐλήλυθεν
2992 3000 3367 3079 ᾑῶρααύτοῦ.
3397 3029 3415 3063 ι
3442 3010 3590 3081 Πλὴν
3616 3002 3772 3067 ἀλλὰ

2171 3096 2268 3149 καί⁵
2296 3096 2598 3169 ἀχείρωτος
2647 3094 2789 3152 εἶναι
2834 3100 3137 3170 δυνάμενος
3175 3101 3252 3165 ὡς
3274 3101 3429 3167 Θεὸς,
3470 3102 3629 3156 πάλιν
3666 3103 3773 3158 διὸ

2171 3186 2232 3240 τὸ
2261 3189 2603 3258 ἀνθρώπινον
2637 3190 3003 3262 ὑπανεχώρει,
3036 3193 3125 3247 ἵνα
3156 3194 3416 3265 φαίνηται
3449 3194 3589 3248 κατά
3616 3194 3777 3268 ἀλή-

482 3254 636 3318 Quod
673 3256 717 3311 si
755 3256 880 3326 quis
905 3258 1085 3323 dicat,
1124 3260 1236 3314 Cur
1268 3277 1375 3316 non
1416 3271 1528 3317 tum
1564 3281 1781 3335 quoque
1816 3283 1939 3323 cum
1979 3270 2061 3324 in-

2169 3278 2321 3334 θειαν
2347 3254 2641 3351 γενόμενος
2683 3254 2988 3352 ἄνθρωπος.
3023 3284 3088 3337 Εἰ
3134 3254 3192 3339 δέ
3240 3254 3389 3354 λέγοι
3416 3304 3519 3351 τις,
3551 3288 3651 3341 Διά
3697 3254 3771 3343 ἐι

483 3344 726 3400 {auritulus
766 3356 907 3410 erat,
950 3347 1177 3403 insidias
1220 3365 1316 3419 per
1355 3366 1413 3407 se
1457 3352 1573 3423 ipse
1619 3354 1930 3424 declinavit,
1970 3360 2064 3414 sed

483 3435 813 3492 admonente
849 3438 1075 3506 angelo?
1103 3442 1260 3507 sciat,
1297 3452 1407 3497 tum
1443 3460 1658 3514 quoque
1693 3462 1915 3517 operam
1948 3448 2067 3518 ejus

484 3527 877 3595 intervenisse;
910 3531 1004 3585 sed
1037 3546 1104 3586 ne
1133 3548 1195 3586 ea
1227 3549 1311 3589 res
1342 3534 1765 3605 dispensationis
1797 3540 2064 3597 rationem

485 3621 894 3687 pessumdaret,
942 3622 1124 3679 habito
1167 3626 1346 3681 :etatis
1396 3636 1646 3697 respectu
1721 3630 1925 3687 idcirco
1970 3646 2067 3703 per

484 3711 731 3781 angelum
765 3728 874 3769 rem
906 3716 1158 3787 gessisse.

549 3894 641 3953 28.
684 3896 836 3965 Quod
870 3907 1049 3953 autem
1087 3900 1310 3955 humani
1346 3899 1508 3958 oﬂicn
1543 3918 1734 3971 causa,
1766 3917 1961 3964 cuncta
1995 3909 2064 3965 ad

483 3989 903 4057 dispensationis
937 4005 1182 4045 normam
1220 3992 1509 4062 dirigeret,
1546 4010 1877 4067 carnemque
1913 4010 2068 4069 pate-

482 4089 634 4133 retur
673 4080 1035 4149 proprietates
1081 4096 1209 4137 suas
1256 4082 1666 4153 demonstrare,
1715 4091 2066 4158 persuadebit

483 4170 580 4225 tibi
618 4186 806 4227 rursus
838 4172 1068 4242 ipsemet
1099 4174 1372 4229 Christus.
1403 4173 1537 4231 Nam
1571 4194 1694 4233 cum
1726 4179 1919 4236 beatus
1953 4181 2063 4236 Ba-

481 4263 646 4332 ptista
671 4264 719 4317 ei
747 4264 992 4319 diceret:
1024 4284 1042 4317 ι
1077 4266 1189 4338 Ego
1211 4283 1349 4336 opus
1376 4270 1549 4326 habeo
1572 4287 1601 4325 a
1631 4281 1681 4327 te
1706 4273 2003 4340 baptizari,
2037 4293 2056 4327 ι

482 4355 763 4425 respondit
795 4356 846 4411 ei
881 4371 897 4410 :
938 4373 973 4408 ιο
1001 4357 1131 4413 Siue
1169 4362 1358 4427 modo;
1395 4364 1474 4418 sic
1507 4364 1651 4417 enim
1689 4373 1904 4433 oportet
1938 4380 2060 4419 om-

474 4460 602 4500 nem
629 4445 897 4514 justitiam
930 4447 1142 4517 impleri
1169 4450 1236 4504 “.
1272 4469 1291 4502 ι
1324 4451 1589 4515 Videsne,
1622 4453 1765 4520 quod
1796 4463 1851 4506 et
1882 4454 2062 4523 bapti-

2173 3369 2249 3438 μὴ
2280 3368 2377 3423 καὶ
2406 3370 2530 3423 τότε
2569 3371 2657 3423 ὅτε
2692 3371 2908 3426 παιδίον
2941 3367 3029 3443 ἦν,
3056 3372 3127 3425 δι’
3166 3375 3361 3429 ἐαυτοῦ
3398 3377 3496 3448 τὴν
3528 3378 3765 3433 ἐπιϐουο

2168 3459 2269 3531 λὴν
2318 3460 2613 3527 ἐξέκλινεν,
2674 3462 2793 3516 ἀλλ’
2834 3462 3069 3530 ἀγγέλου
3106 3466 3568 3535 χρηματίζοντοςς
3611 3484 3762 3539 μαν-

2169 3550 2399 3617 θανέτω,
2422 3553 2498 3617 ὡς
2530 3552 2625 3605 καί
2652 3553 2777 3607 τότε
2807 3552 2973 3606 αὐτοῦ
3003 3549 3071 3624 ἦν
3101 3555 3159 3608 τὸ
3187 3556 3381 3627 ἔργον·
3408 3557 3525 3611 ἀλλ’
3557 3558 3645 3613 ἵνα
3673 3559 3761 3631 μὴ

2166 3641 2266 3713 τῆς
2319 3644 2634 3715 οἰκονομίας
2673 3642 2933 3697 τοσοῦτον
2987 3645 3277 3719 παραλύσῃ
3321 3648 3413 3702 τὸν
3459 3647 3614 3717 λόγον
3661 3649 3765 3705 διὰ

2166 3732 2266 3803 τὴν
2296 3732 2536 3803 ἠλικίαν,
2578 3731 2668 3786 διὰ
2699 3729 2860 3785 τοῦτο
2901 3731 2969 3784 δι’
3000 3732 3236 3802 ἀγγέλου
3268 3734 3328 3788 τὸ
3365 3736 3600 3806 πρᾶγμα
3649 3751 3761 3789 πε-

2168 3822 2420 3893 ποίηκεν.

2237 3923 2346 3987 κη’.
2403 3917 2526 3970 Ὅτι
2572 3916 2630 3970 δὲ
2672 3915 2742 3971 τὰ
2802 3918 3085 3989 πρέποντα
3137 3917 3333 3982 σώζειν
3387 3916 3763 3989 βουλόμενος,

2166 4005 2351 4061 πάντα
2394 4007 2756 4078 οἰκονομικῶς
2786 4007 2983 4073 ἐποίει,
3011 4008 3110 4061 καὶ
3142 4008 3439 4079 συνεχώρει
3478 4011 3546 4080 τῇ
3582 4009 3765 4079 σαρκὶ

2164 4097 2432 4153 δεικνύειν
2462 4097 2532 4152 τὰ
2565 4098 2702 4169 αὐτῇ
2732 4097 3028 4164 ἀκόλουθα,
3059 4097 3467 4169 πληροφορήσει
3495 4114 3556 4151 σε
3583 4088 3762 4153 πάλιν

2165 4190 2358 4254 αὐτός’
2390 4191 2479 4244 ὅτε
2509 4190 2619 4261 γὰρ
2647 4191 2676 4243 ὁ
2712 4191 2984 4261 μακάριος
3016 4188 3328 4262 Βαπτιστὴς
3358 4188 3506 4260 αύτῷ
3539 4188 3757 4258 ἔλεγεν,

2169 4298 2190 4333 ι
2213 4281 2353 4348 Ἐγὼ
2372 4280 2557 4351 χρείαν
2590 4280 2699 4351 ἔχω
2721 4281 2826 4334 ὑπὸ
2848 4279 2942 4334 σοῦ
2965 4281 3384 4353 βαπτισθῆναι.»
3406 4280 3758 4352 ἀπεκρίνατο

2163 4371 2302 4441 πρὸς
2332 4370 2493 4424 αὐτόν
2513 4386 2527 4402 ο
2557 4388 2576 4422 ι
2605 4372 2774 4441 Ἀφες
2802 4371 2948 4443 ἄρτια
2996 4370 3140 4425 οὕτω
3186 4372 3295 4443 γὰρ
3345 4371 3556 4441 πρέπον
3594 4371 3758 4426 ἐστὶν

2163 4462 2454 4533 πληρῶσαι
2504 4466 2685 4519 πᾶσαν
2749 4463 3121 4535 δικαιοσύνην.
3151 4482 3172 4515 ι
3231 4465 3412 4536 ,Ὁρᾷς
3436 4465 3519 4517 ὅτι
3557 4464 3654 4517 καὶ
3687 4465 3760 4518 τὸ

477 4553 651 4593 sinum
684 4548 737 4594 et
768 4549 962 4597 cuncta
998 4542 1309 4612 huiusmodi
1343 4543 1517 4598 oﬂicia
1552 4545 1801 4614 prudenti
1836 4546 2059 4615 dispen-

2164 4553 2471 4625 βάπτισμα,
2508 4555 2602 4608 καὶ
2632 4555 2810 4609 πάντα
2841 4555 2909 4608 τὰ
2941 4555 3225 4626 πρέποντα
3270 4556 3570 4626 οἰκονομῶν
3604 4573 3757 4611 κατ·

476 4633 687 4688 satione
717 4635 1019 4703 receperit?
1045 4635 1271 4701 Quoties
1295 4650 1427 4705 ergo
1451 4645 1506 4691 et
1534 4651 1758 4706 puerum
1786 4647 1837 4692 et
1869 4639 2051 4695 infan-

2158 4614 2406 4716 sééxem';
2433 4614 2604 4700 Ὅταν
2651 4647 2829 4700 τοίνυν
2871 4614 3114 4719 ἀκούσῃς
3148 4647 3361 4701 παιδίον
3403 4614 3500 4701 διάί
3543 4648 3757 4719 βρέφος

477 4725 682 4790 tnlum,
723 4736 778 4781 et
814 4727 1077 4796 quidquid
1116 4728 1350 4782 humano
1391 4743 1539 4783 more
1578 4728 1645 4782 de
1683 4744 1749 4785 eo
1790 4732 2050 4800 scriptum

475 4827 591 4881 est,
626 4819 813 4883 audis,
849 4828 906 4873 ut
932 4820 1045 4889 jam
1078 4820 1349 4882 diximus,
1385 4835 1660 4889 nunquam
1691 4837 1813 4877 eum
1846 4825 2051 4894 absque

474 4911 757 4967 divinitate
794 4910 961 4966 fuisse
992 4911 1279 4965 arbitrare.
1314 4911 1448 4965 Nam
1479 4921 1531 4967 et
1563 4927 1685 4967 cum
1720 4916 1880 4971 homo
1909 4917 2048 4972 dici-

474 5010 583 5063 tur,
615 5002 754 5056 Deus
780 5016 901 5056 esse
930 5003 1360 5065 demonstratur,
1391 5010 1450 5055 ut
1479 5018 1621 5071 διξερε
1651 5020 1682 5058 a
1711 5007 1871 5062 nobis
1898 5023 2047 5062 com-

471 5092 757 5158 probatum
788 5091 907 5145 l'uit.
930 5093 1169 5146 Accedet
1195 5094 1456 5146 hactenus
1485 5093 1646 5150 dictis
1674 5097 1827 5151 teStis
1855 5098 2045 5154 beatus

470 5196 687 5253 quoque
718 5182 979 5250 Baptista,
1010 5182 1089 5237 sic
1120 5183 1187 5237 de
1220 5182 1308 5237 illo
1339 5184 1602 5253 loquens:
1629 5205 1647 5237 ι
1680 5188 1810 5243 Post
1836 5203 1922 5243 me
1949 5200 2045 5243 ve-

472 5275 550 5327 nit
577 5274 682 5339 vir,
710 5273 800 5341 qui
834 5281 962 5326 ante
994 5286 1081 5325 me
1111 5274 1284 5329 factus
1315 5286 1418 5339 est,
1447 5279 1569 5346 quia
1603 5281 1751 5347 prior
1776 5295 1861 5335 me
1889 5289 2041 5346 erat;

468 5376 524 5419 et
563 5382 663 5435 ego
702 5380 825 5420 eum
870 5364 1176 5419 nesciebam
1204 5366 1270 5420 ³⁷.
1319 5385 1339 5418 ι
1382 5367 1660 5435 Quomodo
1699 5386 1829 5439 ergo
1866 5360 2042 5426 virum

468 5471 591 5509 eum
625 5456 832 5516 dicens,
870 5455 1103 5524 priorem
1135 5471 1195 5512 se
1228 5458 1399 5512 dicit?
1460 5461 1725 5529 siquidem
1762 5462 2044 5531 dispensa-

469 5548 633 5601 tionis
658 5557 900 5615 tempore
926 5547 1041 5618 ipse
1064 5550 1213 5619 prior
1226 5551 1422 5606 beatus
1444 5551 1684 5621 Baptista
1711 5563 1872 5608 natus
1895 5569 2047 5609 com-

465 5636 857 5707 peritur..Natn
891 5654 1012 5695 cum
1044 5643 1216 5698 beata:
1248 5644 1481 5714 deiparte
1510 5644 1694 5699 Maria:
1724 5644 2045 5701 immacula-

539 5815 585 5847 “
604 5815 787 5874 Matth.
826 5820 1015 5889 "312.
1093 5820 1288 5878 "Luc.
1319 5837 1395 5888 tv,
1435 5822 1524 5878 50.

2155 4737 2250 4791 καὶ
2298 4737 2399 4791 ὅσα
2450 4735 2939 4807 ἀνθρωπινώτερον
2990 4737 3122 4808 περί
3182 4736 3349 4790 αὑτοῦ
3405 4736 3752 4810 γέγραπται,

2153 4825 2335 4888 καθὼς
2366 4826 2710 4898 προείρηται,
2746 4827 3016 4897 μηδέποτε
3046 4827 3169 4896 δίχα
3200 4829 3301 4899 τῆς
3344 4826 3601 4898 θεότητος
3640 4829 3755 4882 αὑ-

2152 4915 2241 4968 τὸν
2276 4915 2408 4969 ὄντα
2442 4915 2795 4985 ὑπολάμϐανε
2816 4929 2831 4944 ⁸
2868 4916 2960 4969 καὶ
2993 4916 3103 4987 γάρ
3147 4916 3239 4969 καί
3266 4914 3553 4985 ἄνθρωπος
3587 4914 3760 4983 λεγό-

2154 5022 2337 5075 μενος,
2370 5005 2647 5058 δείκνυται
2695 5005 2826 5070 Θεὸς
2868 5006 3152 5077 ὑπάρχων,
3193 5006 3268 5071 ὡς
3302 5006 3563 5070 πολλάκις
3602 5008 3755 5061 άπο-
3820 5062 3835 5073 κ

2151 5094 2440 5149 δέδεικται,
2473 5096 2948 5167 Ἑπιμαρτυρήσει
2978 5097 3035 5149 δὲ
3074 5096 3213 5168 πρὸς
3246 5097 3407 5150 τοῦτο
3437 5100 3553 5161 τοῖς
3587 5100 3758 5170 εἰρη-

2156 5187 2338 5257 μένοις
2371 5187 2463 5239 κα¹ι
2492 5188 2520 5238 ὁ
2559 5189 2828 5259 μακάριος
2865 5188 3175 5260 Βαπτιστὴς
3219 5187 3363 5243 οὔτω
3395 5189 3568 5259 λέγων
3610 5195 3758 5265 περὶ

2110 5296 2115 5299 '
2153 5277 2351 5332 αὐτοῦ·
2406 5297 2424 5329 ι
2469 5279 2673 5332 Ὀπίσω
2724 5296 2825 5349 μου
2873 5278 3092 5351 ἔρχεται
3126 5279 3288 5350 ἀνὴρ,
3320 5281 3380 5344 ὃς
3425 5281 3765 5352 ἔμπροσθέν.

2159 5388 2257 5440 μου
2292 5371 2534 5438 γέγονεν,
2575 5371 2658 5423 ὅτι
2712 5371 2929 5441 πρῶτός
2963 5389 3063 5441 μου
3120 5367 3215 5443 ἦν’
3253 5372 3408 5442 κάγὼ
3449 5374 3550 5427 οὐκ
3589 5374 3763 5445 ᾔδειν

2155 5463 2335 5516 αὐτόν.
2374 5481 2392 5513 ι
2423 5462 2548 5526 Πῶς
2573 5459 2666 5517 οὖν
2687 5463 2857 5535 ἄνδρα
2880 5463 3055 5527 λέγων
3080 5464 3265 5530 αὑτὸν,
3296 5465 3510 5537 πρῶτον
3537 5466 3753 5521 ἑαυτοῦ

2155 5568 2321 5622 φησιν
2350 5553 2511 5605 αὑτὸν
2534 5548 2702 5618 siuas;
2734 5554 2828 5607 καί
2853 5553 2957 5624 μὴν
2989 5554 3132 5608 κατὰ
3155 5554 3244 5609 τὸν
3271 5555 3583 5624 οἰκονομίας
3609 5555 3758 5628 χρό-

2155 5662 2242 5699 νον
2261 5645 2324 5697 αῦ
2335 5645 2421 5706 τὸς
2442 5645 2694 5715 πρῶτοςό
2715 5647 2983 5718 μακάριος
3001 5647 3314 5718 Βαπτιστὴς
3338 5648 3757 5721 γεγεννημένος

1625 5825 1671 5857 ²⁵
1697 5823 1851 5880 Joan.
1881 5838 1975 5892 vn,
2005 5823 2089 5880 50.
2172 5824 2426 5879 "Matth.
2464 5839 2545 5890 lli,
2586 5823 2774 5892 14,15.
2854 5824 3073 5881 "Joan.
3117 5840 3154 5885 ι.
3188 5824 3276 5880 ‘27.
