4080 6418
288 298 424 385 '259
504 292 525 301 ’

1420 328 1608 396 QUOD
1647 328 1706 383 Β.
1754 308 1971 383 natus
2015 326 2122 382 srr
2162 325 2494 382 DEIPARA.

3480 332 3586 386 200

298 444 667 518 εὑρίσκεται’
720 444 810 499 ὅτε
842 442 954 516 γὰρ
988 446 1017 500 6
1070 445 1313 518 Γαϐριὴλ
1340 449 1406 518 τῇ
1440 448 1677 519 θεοτόκῳ
1713 448 1898 520 Μαρίᾳ

2008 456 2120 501 tum
2149 455 2469 516 conceptum
2497 443 2717 501 Gabriel
2748 442 3046 510 nuntiabat,
3074 452 3229 501 sexto
3251 444 3365 515 jam
3397 461 3583 502 mense

295 539 407 608 τὴν
442 539 714 607 ἄχραντον
749 536 1013 609 σύλληψιν
1056 538 1473 610 εὐηγγελίζετο,
1513 540 1672 594 ἕκτον
1714 540 1899 608 ἔλεγεν

294 626 429 701 ῆδη⁶
446 630 595 700 μῆνα
617 629 716 699 τὴν
759 628 1048 683 Ἐλισάὁετ
1076 632 1222 700 ἐχειν
1253 632 1634 702 συνειληφυῖαν
1665 631 1757 686 τὸν
1791 633 1899 684 Βα-

294 722 572 791 πτιστήν.
607 720 738 785 Πῶς
760 716 856 775 οὖν
885 720 1057 791 ἄνδρα
1078 721 1273 790 λέγων,
1298 721 1514 794 πρῶτον
1544 739 1708 793 φησιν
1735 724 1899 777 αὐτὸν

294 815 509 869 ἑαυτοῦ
538 816 688 880 ὄντα,
722 818 771 869 εί
808 817 941 886 μήτι
966 816 1099 868 Θεὸν
1122 817 1372 887 φανερῶς
1402 818 1899 889 ἐνανθρωπήσαντα

290 904 472 959 αὐτὸν
513 906 824 975 ἡπίστατος
866 927 884 959 ι
920 909 1126 961 Ὀπίσω
1154 926 1259 979 μου
1291 908 1422 980 γάρ,
1456 911 1643 979 φησιν,
1680 910 1897 980 ἔρχεται

290 996 468 1066 ἀνὴρ,
516 996 580 1058 ὃς
629 996 943 1067 ἔμπροσθέν
981 1015 1083 1068 μου
1117 1000 1362 1066 γέγονεν,
1405 1000 1487 1052 ὅτι
1536 998 1752 1070 πρῶτος
1795 1018 1896 1069 μου

291 1081 362 1155 ἦν
384 1100 396 1110 ’
429 1104 451 1134 ι
491 1085 613 1148 πῶς
642 1086 699 1137 δὲ
727 1087 776 1138 εί
812 1084 1033 1158 πρῶτος
1059 1083 1126 1160 ἦν
1155 1088 1485 1161 ἔμπροσθεν,
1525 1088 1753 1162 ὕστερον
1778 1091 1900 1160 ἐγέ-

296 1193 458 1242 νετο;
502 1178 586 1248 Τῇ
647 1178 979 1250 φανερώσει,
1014 1181 1109 1233 καὶ
1159 1183 1225 1252 τῇ
1269 1181 1468 1251 γνώσει
1503 1185 1569 1254 τῇ
1610 1186 1748 1254 πρὸς
1805 1184 1899 1237 τὸν

299 1268 429 1321 λαόν
451 1286 464 1299 ·
496 1270 634 1338 πρὶν
686 1269 783 1339 μὲν
813 1270 923 1341 γάρ
955 1271 1048 1323 ἐπὶ
1091 1270 1150 1325 τὸ
1198 1271 1488 1343 κηρύττειν
1529 1274 1800 1346 παρέλθῃ,
1835 1277 1896 1329 οὐ

302 1357 514 1429 σφόδρα
545 1354 619 1429 ἦν
658 1362 776 1423 τοῖς
831 1360 1050 1424 πολλοῖς
1082 1360 1394 1433 γνώριμος·
1432 1366 1460 1417 6
1493 1362 1550 1416 δὲ
1587 1364 1899 1435 Βαπτιστὴς

297 1450 399 1520 ἥδη
436 1451 534 1504 καὶ
566 1452 892 1521 ἐκήρυττεν,
918 1453 1012 1506 καὶ
1042 1452 1331 1518 ἐϐάπτιζεν
1358 1455 1466 1525 πρὸ
1494 1454 1660 1508 αὐτοῦ
1681 1474 1693 1486 ·
1730 1455 1820 1508 ὅτε
1842 1456 1897 1509 δὲ

295 1543 493 1597 λοιπὸν
520 1538 619 1597 καὶ
650 1546 682 1597 6
714 1542 923 1614 Κύριος
958 1544 1162 1617 ἤρξατο
1194 1546 1508 1617 κηρύττειν,
1538 1548 1632 1600 καὶ
1665 1548 1733 1601 τά
1764 1546 1898 1601 θαύ-

301 1652 453 1705 ματα
478 1637 777 1699 ἐπιτελεῖν,
800 1635 1133 1707 ἔμπροσθεν,
1150 1638 1432 1690 τουτέστιν
1457 1638 1658 1708 μᾶλλον
1676 1637 1769 1692 τοῦ
1793 1638 1900 1691 Βα-

304 1726 531 1779 πτιστοῦ
572 1725 642 1779 τά
679 1729 927 1796 πρωτεῖα
954 1727 1168 1798 ἔφερεν.
1199 1728 1309 1781 Καὶ
1338 1728 1419 1781 ὅτι
1464 1728 1622 1782 τοῦτό
1655 1729 1803 1783 ἐστιν
1838 1729 1899 1783 τὸ

2005 537 2120 606 geni
2154 538 2223 592 ab
2255 535 2539 592 Elisabeth
2605 535 2903 605 Baptislam
2946 536 2998 589 in
3021 544 3176 591 utero
3194 539 3394 592 aiebat.
3434 538 3585 604 Quo-

2005 629 2165 683 modo
2203 643 2333 698 ergo
2373 640 2659 698 postquam
2701 642 2823 705 eum
2861 628 3037 681 virum
3075 629 3304 695 dixerat,
3344 631 3581 699 priorem

2005 734 2065 774 se
2096 718 2264 774 fuisse
2294 718 2625 783 allirmabat,
2656 720 2758 773 nisi
2790 719 2959 773 Deum
2990 718 3281 775 manifeste
3310 722 3585 775 humana-

2007 819 2117 865 tum
2151 812 2324 882 ipsum
2355 812 2638 866 seivisset?
2674 830 2692 863 ι
2728 810 2857 867 Post
2888 826 2973 866 me
2998 813 3141 866 enim
3161 855 3175 879 ,
3207 814 3410 882 inquit,
3437 813 3586 868 venit

2002 901 2111 966 vir,
2140 901 2230 970 qui
2260 911 2384 957 ante
2414 916 2498 957 me
2528 902 2704 959 lactus
2735 912 2838 969 est,
2868 904 2993 972 quia
3021 904 3174 973 prior
3201 919 3286 963 me
3314 915 3431 959 erat
3453 904 3519 959 ".
3558 922 3578 955 ι

2005 990 2285 1056 Quomodo
2314 1002 2515 1057 autem,
2571 992 2838 1061 siquidem
2869 1002 3025 1046 antea
3060 994 3210 1061 prior
3232 1002 3368 1058 erat,
3404 1002 3586 1062 poste-

2007 1080 2117 1134 rior
2150 1081 2325 1137 factus
2360 1082 2480 1137 est?
2518 1082 2958 1139 manifestatione
2996 1083 3188 1156 1440
3221 1084 3471 1140 videlicet
3505 1096 3588 1139 at-

2006 1185 2109 1242 que
2133 1176 2273 1244 apud
2304 1174 2556 1246 populum
2587 1176 2801 1231 notitia.
2830 1162 2968 1231 Nam
3002 1179 3319 1247 priusquam
3352 1179 3417 1233 ad
3450 1193 3586 1247 prm-

2004 1267 2291 1321 dicandum
2338 1269 2657 1332 accederet,
2700 1284 2808 1323 non
2856 1269 3145 1324 admodum
3198 1270 3381 1325 multis
3428 1282 3586 1326 notus

2005 1365 2139 1413 erat.
2175 1357 2411 1427 Baptista
2443 1374 2572 1414 vero
2602 1360 2711 1430 jam
2751 1370 2861 1414 tum
2895 1369 2951 1415 et
2986 1363 3334 1430 praedicabat,
3368 1371 3425 1416 et
3458 1373 3586 1417 ante

2005 1462 2127 1502 eum
2161 1448 2489 1517 baptizabat.
2522 1451 2783 1521 Deinceps
2815 1467 2941 1507 vero
2972 1469 3093 1507 cum
3126 1454 3288 1507 etiam
3327 1454 3586 1509 Dominus

2005 1537 2170 1606 coepit
2210 1540 2538 1608 praedicare,
2571 1550 2629 1595 et
2673 1542 2932 1596 miracula
2977 1544 3170 1608 edere,
3212 1557 3370 1609 ante,
3409 1545 3461 1599 id
3502 1554 3588 1600 est

2008 1630 2180 1699 magis
2221 1645 2381 1699 quam
2426 1630 2703 1702 Baptista,
2742 1633 3035 1703 primatum
3081 1636 3287 1692 retulit.
3331 1637 3397 1691 Et
3438 1638 3585 1706 quod

2005 1722 2251 1776 vocabuli
2281 1731 2405 1777 ante
2431 1725 2517 1778 hic
2543 1740 2737 1780 sensus
2765 1725 2857 1789 sit,
2890 1727 3011 1780 audi
3041 1728 3171 1797 quid
3198 1726 3396 1784 Joanni
3426 1729 3585 1785 dixe-

310 1816 645 1889 ἔμπροσθεν,
698 1818 866 1872 ἄκουε
911 1817 967 1869 τε
1024 1817 1160 1889 πρὸς
1209 1818 1302 1871 τὸν
1344 1818 1601 1889 Ἰωάννην
1633 1821 1685 1872 οἱ
1729 1819 1895 1874 αὐτοῦ

2004 1812 2113 1867 rint
2148 1813 2355 1883 pr0prii
2398 1814 2648 1885 discipuli
2695 1830 2711 1870 :
2760 1834 2780 1867 ι
2826 1816 3102 1888 Magister,
3141 1818 3234 1874 ille
3273 1820 3364 1888 qui
3408 1829 3586 1875 tecum

315 1910 552 1979 μαθηταὶ
610 1908 834 1977 ἔλεγονο
878 1928 897 1961 ι
929 1909 1139 1976 Ῥα66ὶ,
1188 1909 1248 1973 ὃς
1294 1906 1364 1980 ἦν
1414 1912 1555 1981 μετά
1596 1912 1689 1965 σοῦ
1736 1913 1896 1982 ἐντῷ

323 2000 580 2072 Ἰορδάνῃ,
614 1992 659 2068 ᾧ
696 2000 761 2054 σὺ
800 2000 1262 2071 μεμαρτύρηκας,
1308 2000 1384 2053 ἴδε
1430 1996 1585 2065 οὗτος
1619 2001 1893 2072 βαπτίζει,

317 2093 406 2145 καὶ
436 2093 638 2158 πάντες
667 2092 927 2163 ἔρχονται
957 2094 1094 2164 πρὸς
1125 2094 1307 2149 αὐτόν.
1340 2115 1359 2149 ι
1393 2096 1630 2170 Θεωρεῖς
1661 2098 1778 2161 πῶς
1805 2098 1896 2153 καὶ

324 2182 501 2252 ἱνδρα,
525 2184 620 2236 καὶ
657 2182 884 2253 πρῶτον
910 2184 1211 2255 ἐκήρυξενς

395 2276 491 2328 κθν.
523 2276 587 2327 Ei.
603 2280 666 2347 τῇ
699 2276 1057 2351 προλαόούσῃ
1083 2280 1465 2353 κεκαρωμένοι
1501 2281 1662 2355 μέθῃ,
1695 2281 1774 2335 ἔτι
1801 2282 1896 2335 καὶ

330 2366 419 2420 νῦν
458 2368 849 2423 ἀναϐάλλονται
896 2372 963 2442 τῇ
995 2371 1226 2443 ἀληθείᾳ
1268 2373 1555 2428 πείθεσθαι
1591 2376 1641 2428 οί
1691 2375 1898 2428 πεπλα-

324 2461 554 2530 νημένοι,
587 2461 725 2531 φέρε
763 2463 1028 2534 κάκείνην
1085 2466 1272 2528 αὐτοῖς
1315 2465 1417 2537 τὴν
1456 2468 1765 2538 μαρτυρίαν
1816 2470 1898 2532 είς

310 2550 474 2619 μέσον
518 2552 850 2624 ἀγάγωμεν,
884 2554 1024 2624 πρὸς
1065 2556 1132 2627 ἥν
1164 2556 1443 2610 ἀντειπεῖν
1489 2556 1613 2611 οὐτε
1658 2559 1812 2612 αὐτοὶ
1846 2560 1896 2612 οί

300 2640 368 2692 τά
392 2640 540 2694 αὐτὰ
553 2642 745 2705 αὐτοῖς
775 2642 1141 2715 ὑπειληφότες
1170 2644 1433 2712 Ἰουδαῖοι,
1463 2648 1558 2701 καὶ
1583 2648 1897 2718 νομίζοντες

296 2730 594 2801 ἄνθρωπον
625 2732 773 2786 εἶναι
807 2733 985 2803 ψιλὸν,
1031 2734 1217 2789 οὐκέτι
1255 2736 1633 2808 ἠδυνήθησαν·
1670 2739 1801 2792 ποία
1838 2739 1897 2792 δὲ

294 2824 432 2894 αὕτη
467 2825 659 2889 ἑστίν;
692 2826 870 2889 Αὐτός
903 2843 1038 2879 ποτε
1073 2826 1202 2890 τοὺς
1234 2828 1563 2899 Φαρισαίους
1609 2832 1638 2882 6
1691 2830 1898 2902 Κύριος

291 2915 588 2988 ἠρώτησεν
613 2916 796 2986 λέγων
815 2933 828 2947 ·
871 2936 890 2969 ι
914 2918 981 2970 Τί
1010 2917 1141 2989 ὑμῖν
1173 2918 1321 2972 δοκεῖ
1347 2919 1476 2990 περὶ
1500 2919 1593 2973 τοῦ
1625 2921 1894 2993 Χριστοῦ;

284 3009 435 3073 τίνος
470 3008 593 3073 υίὸς
626 3009 750 3061 ἐστι
774 3027 789 3075 ;
816 3029 834 3061 ι
862 3009 985 3063 Τῶν
1015 3010 1072 3064 δὲ
1108 3012 1588 3082 ἀποκριναμένων,
1618 3032 1636 3065 ι
1659 3014 1767 3067 Τοῦ
1791 3017 1897 3069 Δα⁴

285 3100 394 3155 σίδο
420 3119 440 3152 ι
461 3100 577 3171 ἔφη
602 3100 746 3173 πρὸς
774 3101 997 3165 αὐτούς·
1028 3120 1047 3153 ι
1078 3102 1202 3167 Πῶς
1223 3098 1316 3156 οὖν
1337 3104 1504 3157 Δαϐὶδ
1530 3106 1589 3159 ἐν
1616 3105 1896 3177 Πνεύματι

283 3193 451 3247 καλεῖ
464 3194 642 3248 αὐτὸν
668 3192 901 3265 Κύριον,
921 3193 1116 3264 λέγων·
1139 3191 1304 3249 Εἶπεν
1330 3197 1358 3249 6
1387 3196 1591 3266 Κύριος
1613 3197 1690 3268 τῷ
1712 3198 1900 3270 Κυρίῳ

285 3301 417 3358 μου·
453 3284 656 3340 Κάθου
689 3286 757 3339 ἐκ
786 3284 976 3352 δεξιῶν
1005 3303 1132 3355 μου,
1164 3286 1268 3351 ἕως
1300 3286 1367 3340 ἂν
1407 3286 1486 3341 θῶ
1513 3288 1640 3352 τοὺς
1672 3288 1903 3360 ἐχθρούς

284 3394 381 3430 σου
412 3374 733 3431 ὑποπόδιον
764 3375 873 3428 τῶν
923 3374 1103 3429 ποδῶν
1132 3393 1268 3443 σούς
1312 3377 1377 3431 El
1421 3376 1516 3431 οὖν
1538 3378 1703 3432 Δαεὶδ
1741 3378 1901 3433 καλεῖ

284 3464 457 3518 αὐτὸν
485 3462 733 3533 Κύριον,
762 3461 882 3526 πῶς
908 3463 1025 3527 υἱὸς
1064 3464 1228 3517 αὐτοῦ
1247 3467 1429 3534 ἐστιν;
1476 3485 1494 3518 ι
1541 3467 1705 3539 Ὁρᾷς
1736 3485 1901 3537 φανε-

290 3555 399 3627 ρῶς
432 3553 562 3618 πῶς
595 3553 812 3623 Κύριον
854 3553 947 3607 τοῦ
996 3555 1165 3609 Δαϐὶδ
1197 3557 1392 3611 ἐαυτὸν
1425 3558 1744 3625 ἀπέδειξεν;
1776 3559 1902 3621 Πῶς

286 3644 379 3703 οὖν
392 3650 424 3701 6
440 3650 512 3701 ἐκ
524 3645 858 3717 σπέρματος
880 3646 1006 3701 Δαϐ
1001 3647 1066 3713 ιδ,
1081 3646 1288 3715 Κύριος
1305 3648 1473 3703 αὐτοῦ
1491 3645 1633 3703 εἶναι
1645 3651 1898 3721 ἠδύνατο,

291 3743 389 3797 καὶ
437 3740 540 3795 τοῦ
602 3740 817 3811 πατρὸς
864 3739 1180 3812 σύνθρονος,
1216 3743 1266 3795 εί
1312 3742 1389 3814 μὴ
1437 3743 1517 3797 ὄτι
1548 3743 1683 3808 Θεὸς
1710 3739 1779 3815 ἦν
1831 3745 1901 3799 τά

293 3830 627 3902 ἀνθρώπινα
668 3829 1137 3902 περιϐαλόμενος;
1164 3833 1294 3887 Υίδν
1320 3833 1430 3906 γὰρ
1452 3833 1619 3888 Δαὸὶδ
1642 3836 1753 3909 ¹καὶ
1782 3835 1898 3890 Κύ-

301 3941 432 3994 ριον,
461 3924 562 3977 τὸν
593 3925 666 3977 ἐκ
701 3923 805 3994 τῆς
832 3924 1115 3995 Παρθένου
1141 3926 1425 3997 τεχθέντα,
1458 3928 1739 3982 τουτέστιν
1770 3931 1901 3983 ἐαυ-

309 4014 411 4076 τὸν,
426 4013 728 4079 ἀπέδειξεν
749 4029 764 4045 ο
791 4014 908 4067 ἀλλ’
933 4016 1134 4069 ἐκεῖνοι
1161 4017 1258 4087 μὲν
1283 4019 1379 4073 καὶ
1403 4018 1611 4089 ταύτην
1634 4020 1736 4091 τὴν
1762 4038 1903 4092 μαρ-

314 4106 489 4177 τυρίαν
518 4105 875 4170 ἀκούσαντες
899 4108 1314 4179 ἀνετράπησαν,
1346 4111 1443 4163 καὶ¹
1471 4110 1565 4163 τοῦ
1600 4111 1901 4179 ἀντιλέγειν

313 4196 636 4262 ἐπαύσαντο,
685 4197 766 4261 ῶς
832 4199 861 4250 6
915 4197 1308 4271 εὐαγγελιστὴς
1367 4202 1600 4272 ἱστορεῖ·
1650 4221 1668 4254 ι
1713 4203 1901 4267 Οὐδεὶς

309 4287 427 4358 γὰρ,
459 4288 664 4359 φησιν,
710 4286 951 4358 ἠδύνατο
985 4290 1353 4363 ἀποκριθῆναι
1392 4293 1543 4363 αὐτῴ
1570 4292 1748 4362 λόγον,
1781 4294 1902 4347 οὐδὲ

302 4379 608 4452 ἐτόλμησεν
646 4379 745 4433 ἀπ’
778 4380 999 4451 ἐκείνης
1037 4381 1138 4453 τῆς
1169 4381 1320 4455 ὥρας
1358 4383 1708 4456 ἐπερωτῆσαι
1738 4386 1902 4441 αὐτὸν

297 4469 509 4524 οὐκέτι.
541 4488 564 4521 ι

360 4560 429 4617 λ’.
492 4561 727 4615 Γένοιτο
778 4562 837 4616 δὲ
892 4564 990 4617 καὶ
1038 4565 1299 4631 τούτους,
1342 4567 1445 4623 κᾶν
1486 4568 1587 4640 ὀψέ
1627 4588 1757 4626 ποτε
1802 4572 1901 4643 τῆς

293 4649 487 4714 ἀνοίας
524 4650 906 4718 ἀποστάντας,
928 4654 1229 4722 ἐπιγνῶναι
1264 4657 1366 4727 τῆς
1398 4659 1682 4724 εὐσεϐείας
1710 4661 1772 4714 τὸ
1798 4666 1900 4731 κή-

296 4760 490 4814 ρυγμα
512 4760 530 4775 ο
566 4744 736 4814 ἡμεῖς
766 4742 825 4796 δὲ
862 4743 1069 4817 ταύτης
1118 4746 1375 4819 ἐχώμεθα
1411 4750 1513 4821 τῆς
1542 4752 1781 4816 πίστεως
1812 4753 1902 4808 διά

296 4837 531 4900 παντὸς,
560 4835 849 4904 ἀγαπητοί
872 4850 887 4865 ’
937 4837 1142 4910 ταύτην
1185 4841 1279 4894 καὶ
1327 4842 1386 4893 ἐν
1411 4826 1622 4913 διανοίᾳ
1654 4844 1900 4915 κατέχω-

298 4936 415 4989 μεν,
452 4920 560 4974 καὶ
607 4922 679 4991 τῇ
724 4920 944 4997 γλώττῃ
974 4927 1224 4998 φανερῶς
1265 4931 1357 4983 καὶ
1407 4930 1548 5001 μετὰ
1586 4934 1903 5004 παρρησίας

295 5011 702 5084 κηρύττωμεν,
730 5012 912 5068 πάντα
939 5016 1030 5070 διὰ
1051 5018 1256 5090 ταύτην
1276 5021 1573 5092 ὑπομένειν
1603 5025 1902 5097 προθύμως

292 5102 658 5175 ἀνεχόμενοι.
693 5104 847 5178 Αὕτη
879 5108 979 5176 μὲν
1009 5108 1116 5181 γὰρ
1148 5114 1447 5183 προφητῶν
1469 5116 1618 5170 ἐστιν
1653 5118 1901 5190 πρόρρη-

290 5206 395 5261 σις,
427 5195 769 5251 ἀποστόλων
802 5197 860 5251 δὲ
908 5200 1193 5272 κήρυγμα,
1228 5191 1323 5259 καὶ.
1366 5206 1468 5278 τῆς
1510 5209 1620 5262 τῶν
1652 5210 1899 5281 οὐρανῶν

290 5286 589 5356 βασιλείας
619 5288 906 5361 πρόξενος,
942 5291 1080 5363 αὐτη
1122 5296 1221 5365 τῆς
1250 5297 1470 5351 αἰωνίου
1502 5298 1649 5370 ζωῆς
1682 5301 1898 5371 ὁδηγὸς,

288 5382 435 5456 αὐτη
459 5383 581 5437 τῶν
621 5387 880 5454 πατέρων
909 5388 938 5441 ὁ
958 5387 1211 5454 πλοῦτος,
1233 5389 1373 5461 αὕτη
1405 5394 1497 5446 καὶ
1527 5394 1683 5466 ἡμῶν
1707 5398 1736 5449 6
1768 5396 1900 5469 άλη-

290 5474 444 5540 θινδς
471 5476 779 5549 θησαυρὸς,
824 5480 967 5552 ὑπὲρ
991 5474 1053 5534 οὗ
1081 5481 1257 5536 πάντα
1284 5487 1483 5538 πωλεῖν
1506 5487 1603 5541 καὶ
1628 5489 1895 5560 προέσθαι

291 5566 550 5622 δίκαιον·
594 5569 792 5624 τοῦτον
819 5571 876 5625 εί
923 5586 1004 5635 τις
1059 5573 1219 5644 ἡμῶν
1272 5577 1615 5647 ἀποσυλῆσαι
1655 5580 1892 5652 θελήσοι,

2003 1912 2122 1958 erat
2158 1904 2209 1958 in
2249 1903 2510 1972 Jordane,
2552 1907 2638 1960 cui
2680 1915 2735 1962 tu
2776 1908 3147 1962 testimonium
3191 1910 3411 1977 dedisti,
3456 1926 3588 1967 ecce

2004 2009 2146 2047 nunc
2184 1996 2231 2049 is
2269 1996 2530 2063 baptizat,
2564 2007 2617 2050 et
2639 1997 2703 2050 ad
2730 2011 2854 2051 eum
2892 1999 3070 2053 cuncti
3092 2000 3313 2054 veniunt
3333 2001 3398 2055 ”.
3443 2020 3461 2052 ι
3496 2001 3589 2056 Vi-

2004 2085 2134 2139 dcn’
2175 2101 2281 2155 qua
2313 2087 2527 2141 ratione
2558 2097 2612 2142 et
2644 2087 2819 2141 virum
2854 2078 2908 2142 et
2942 2087 3176 2157 priorem
3200 2090 3370 2159 ipsum
3394 2091 3589 2161 ρι’ωαί-

2003 2178 2244 2232 caverit?

2071 2268 2164 2322 20.
2207 2266 2492 2322 Postremo
2533 2268 2579 2323 si
2623 2279 2812 2323 vetere
2858 2269 3067 2339 gravati
3116 2271 3361 2340 crapula,
3408 2274 3586 2330 adhuc

2007 2358 2219 2413 veritati
2257 2360 2479 2414 credere
2513 2359 2566 2413 hi
2600 2373 2828 2414 errones
2859 2357 3278 2439 dill‘erunt,‘age
3304 2363 3413 2430 jam
3452 2364 3582 2419 illud

2003 2466 2217 2521 quoque
2265 2452 2635 2506 testimonium
2684 2452 3025 2521 proferamus
3078 2454 3131 2508 in
3181 2457 3456 2521 medium,
3498 2459 3586 2514 cui

2004 2542 2383 2598 contradicere
2425 2558 2492 2597 ne
2536 2543 2636 2613 ipsi
2679 2543 2900 2613 quidem
2948 2544 3103 2615 paria
3155 2547 3240 2602 bis
3288 2540 3585 2604 sentientes

2002 2634 2205 2702 Judaei,
2250 2645 2304 2689 et
2343 2636 2644 2707 simplicem
2689 2638 2962 2692 hominem
2998 2639 3341 2706 judicantes,
3383 2641 3585 2697 diutius

2005 2736 2319 2797 potuerunt.
2349 2726 2503 2793 Quod
2529 2743 2660 2783 vero
2691 2729 2795 2783 hoc
2825 2730 2947 2783 est?
2976 2729 3096 2796 Ipse
3124 2731 3415 2801 aliquando
3442 2732 3586 2786 Pha-

2003 2818 2191 2873 risaeos
2226 2818 2485 2873 Dominus
2520 2819 2881 2889 interrogavit
2914 2821 3103 2875 dicens
3138 2841 3151 2876 :
3195 2840 3214 2873 ι
3253 2822 3394 2888 Quid
3429 2823 3585 2877 vobis

2003 2908 2218 2962 videtur
2254 2909 2318 2962 de
2362 2907 2621 2962 Christo?
2666 2908 2947 2976 cujusnam
2996 2908 3135 2966 ﬁlius
3177 2911 3295 2966 est?
3336 2910 3583 2982 Respon-

2005 2997 2255 3052 dentibus
2274 2982 2948 3063 illis,¢l)avidis,taitillis
2981 3018 2994 3054 ε
3036 3017 3056 3051 ‹
3091 3001 3201 3055 Cur
3239 3017 3369 3073 ergo
3414 3002 3583 3058 David

1994 3070 2210 3157 'Spiritu
2261 3088 2548 3143 instinctus
2594 3096 2750 3143 vocat
2795 3103 2921 3143 eum
2973 3070 3519 3156 Dominttmfdicens
3565 3110 3581 3147 :

1927 3162 1970 3219 Ο
2005 3177 2431 3234 DixitDomiuus
2464 3178 2697 3235 Domino
2750 3194 2892 3248 meo,
2929 3180 3068 3237 Sede
3102 3196 3131 3235 a
3168 3182 3372 3238 dextris
3409 3185 3582 3251 meis,
3652 3214 3659 3217 ι

2003 3272 2174 3326 donec
2214 3287 2406 3341 ponam
2442 3271 2695 3328 inimicos
2732 3282 2853 3328 tuos
2885 3273 3183 3329 scabellum
3219 3275 3415 3345 pedum
3459 3286 3580 3334 tuo-

2003 3363 2158 3417 rum?
2187 3362 2242 3417 Si
2275 3378 2403 3432 ergo
2429 3362 2605 3418 David
2633 3373 2789 3420 vocat
2819 3379 2942 3420 eum
2974 3365 3283 3432 Dominum,
3310 3367 3585 3436 quomodo

2001 3454 2145 3509 ﬁlius
2180 3454 2297 3525 ejus
2330 3465 2415 3511 est
2441 3454 2528 3509 ὀἳ
2567 3473 2587 3507 ι
2625 3453 2810 3509 Nonne
2848 3465 3034 3525 aperte
3067 3458 3250 3521 vides,
3291 3458 3435 3527 quod
3474 3457 3584 3513 Do-

2004 3549 2207 3602 minum
2239 3556 2411 3602 semet
2438 3546 2657 3602 Davidis
2685 3545 3115 3601 demonstravit?
3140 3547 3421 3614 Quomodo
3451 3563 3583 3620 ergo

2001 3639 2095 3709 qui
2134 3639 2203 3693 de
2244 3639 2454 3694 semine
2496 3638 2716 3694 Davidis
2759 3647 2913 3705 erat,
2954 3638 3114 3710 hujus
3160 3640 3420 3697 Dominus
3462 3657 3585 3719 esse

2003 3738 2248 3800 poterat,
2289 3739 2345 3785 et
2389 3730 2561 3800 patris
2603 3730 2658 3784 in
2706 3730 2904 3785 throno
2947 3746 3261 3798 consessor,
3303 3732 3407 3788 nisi
3452 3733 3581 3803 quia

2004 3821 2147 3875 Deus
2168 3828 2282 3873 erat
2308 3819 2543 3873 humana
2568 3818 2762 3874 na‘tura
2787 3820 3193 3876 circumdatus?
3210 3821 3409 3876 Filium
3434 3825 3582 3879 enim

2005 3909 2225 3965 Davidis
2256 3924 2322 3964 ac
2355 3911 2665 3977 Dominum,
2694 3925 2816 3965 eum
2850 3927 3009 3980 quem
3039 3911 3198 3983 Virgo
3232 3913 3463 3982 peperit,
3494 3929 3587 3970 se-

2005 4004 2177 4074 ipsum
2218 4004 2489 4067 videlicet,
2532 4005 2950 4061 demonstravit.
2993 4005 3059 4059 Et
3102 4006 3178 4066 illi
3222 4007 3439 4075 quidem
3481 4008 3585 4064 hoc

2004 4096 2188 4150 audito
2230 4094 2565 4161 testimonio,
2608 4094 2883 4159 abierunt,
2925 4103 2980 4150 et
3024 4096 3451 4153 contradicendo
3487 4101 3587 4155 ab-

2005 4187 2295 4249 stiterunt,
2330 4195 2388 4239 ut
2417 4194 2606 4239 narrat
2637 4186 2994 4253 evangelista.
3027 4205 3045 4238 ι
3081 4183 3255 4242 Nemo
3285 4187 3430 4241 enim
3454 4228 3469 4254 ,
3501 4188 3584 4244 in-

2004 4281 2142 4350 quit,
2186 4287 2401 4348 poterat
2443 4280 2492 4334 ei
2538 4279 2870 4348 respondere
2911 4280 3161 4344 verbum,
3203 4294 3380 4351 neque
3421 4295 3586 4337 ausus

2005 4370 2107 4425 fuit
2148 4372 2435 4442 quisquam
2478 4386 2545 4427 ex
2590 4371 2679 4427 illa
2720 4372 2855 4427 hora
2896 4387 3022 4429 eum
3066 4372 3302 4444 amplius
3345 4372 3585 4429 interro-

1930 4498 1980 4559 Β
2007 4478 2134 4534 gare
2159 4463 2226 4518 ³¹.
2267 4481 2288 4516 ι

2077 4572 2165 4628 50.
2207 4573 2426 4630 Utinam
2465 4589 2594 4629 vero
2640 4585 2697 4630 et
2736 4575 2790 4630 hi
2835 4576 3132 4633 adversarii
3180 4586 3372 4645 DOSll‘l,
3409 4593 3587 4653 quan-

2004 4678 2170 4736 quam
2200 4680 2348 4730 sero,
2376 4665 2577 4722 omissa
2609 4666 2827 4723 vesania
2859 4681 2955 4724 sua
2990 4677 3149 4727 rectae
3182 4674 3456 4743 religionis
3486 4680 3587 4734 do-

2005 4758 2240 4814 ctrinam
2266 4760 2593 4827 agnoscant!
2621 4758 2733 4816 Nos
2752 4772 2898 4819 certe
2919 4764 3042 4820 ﬁdei
3065 4765 3188 4820 huic
3209 4766 3589 4827 adhtereamus

2005 4858 2345 4916 constanter,
2368 4864 2403 4905 ο
2423 4851 2755 4907 charissimi.
2781 4852 2933 4909 Hanc
2953 4862 3009 4909 et
3032 4865 3208 4911 mente
3231 4858 3585 4927 retineamus,

2006 4946 2062 4991 et
2102 4939 2283 4999 lingua
2323 4939 2502 5009 palam
2543 4942 2992 5014 conﬁdenterque
3028 4947 3414 5017 prmdicemus,
3452 4950 3587 5006 nihil

2006 5031 2169 5092 hujus
2201 5045 2362 5086 causa
2392 5032 2647 5089 alacriter
2674 5036 2881 5105 perpeti
2917 5046 3250 5094 recusantes.
3281 5039 3406 5097 Hec
3440 5044 3586 5098 enim

2007 5130 2093 5177 est
2116 5112 2503 5193 prophetarum
2530 5128 2832 5198 praedictio,
2857 5132 3221 5200 apostolorum
3248 5134 3583 5201 prmtlicatio,

2009 5223 2063 5270 et
2091 5216 2240 5285 regni
2274 5217 2539 5274 caelorum
2572 5220 2824 5276 donatrix
2847 5265 2862 5289 ,
2896 5222 3012 5277 haec
3041 5234 3256 5280 azternae
3284 5226 3407 5280 vita:
3436 5225 3541 5279 dux
3568 5266 3585 5290 ,

2005 5307 2121 5362 haec
2164 5318 2380 5377 patrum
2423 5310 2536 5364 dite
2576 5312 2994 5379 patrimonium,
3042 5314 3155 5368 hzec
3193 5329 3354 5369 verus
3399 5323 3585 5369 noster

2005 5399 2327 5467 thesaurus,
2363 5400 2518 5468 cujus
2549 5416 2709 5458 causa
2740 5405 2922 5461 omnia
2955 5417 3190 5462 vendere
3223 5420 3287 5460 ac
3318 5405 3586 5475 projicere

2003 5508 2215 5563 aequum
2276 5503 2376 5549 est.
2436 5494 2549 5549 Hoc
2603 5496 2649 5551 si
2700 5497 2822 5567 quis
2883 5498 3137 5553 thesauro
3193 5497 3429 5567 spoliare
3483 5513 3583 5553 nos

2002 5584 2268 5650 voluerit,
2308 5598 2431 5640 eum
2476 5596 2535 5641 ut
2577 5586 2780 5646 Christi
2827 5589 3196 5646 adversarium
3242 5604 3580 5655 aversemur,

386 5749 583 5806 "Luc.
619 5767 659 5821 t,
691 5753 778 5808 56.
858 5756 903 5790 ³⁸
924 5754 1082 5810 Joan.
1110 5769 1192 5821 ιιι,
1218 5722 1307 5812 έϐ.
1387 5760 1431 5792 ³⁸
1454 5761 1649 5817 Matth.
1684 5779 1822 5833 xm,
1856 5763 2045 5821 42-45.
2126 5768 2168 5802 ³¹
2192 5767 2323 5825 ibid.
2360 5768 2449 5823 46.
