4080 6416
1400 320 1825 396 'exrucuto
1864 340 2217 399 DUODECIM
2257 341 2588 401 CAI’I'I‘UM.

968 667 1495 756 ΕΠΙΑΥΣΙΣ
1559 669 1789 756 ΤΩΝ
1862 664 2317 757 ΔΩΔΕΚΑ
2388 658 3085 766 ΚΕΦΑΛΑΙΩΝ

1680 873 1958 925 ΡΗΘΕΙΣΑ
1993 878 2078 928 EN
2106 879 2311 945 ΕΦΕΣῼ

1131 1044 1271 1099 ΥΠΟ
1311 1046 1670 1101 ΚΥΡΙΛΛΟΥ
1707 1044 2277 1101 ΔΡΧΙΕΠῙΣΚΟΠΟΥ
2318 1045 2866 1115 ΑΛΕΞΑΝΔΡΕῙΑΣ,

446 1218 573 1290 ΐῆς
600 1217 664 1291 ὁ,
681 1238 779 1286 ,ας
809 1221 1080 1279 Evr-(560v
1108 1222 1463 1291 ἁξιωσάσης
1495 1223 1684 1278 αὐτὸν
1714 1222 2093 1294 σαφέστερον
2149 1190 2355 1289 αὐτοῖς
2383 1225 2825 1297 ἑκτρανωθῆναι
2863 1240 2889 1269 ι
2919 1228 3036 1298 τὴν
3064 1230 3291 1285 τούτων
3320 1229 3528 1285 λύσιν.

2236 1358 2265 1377 ο

965 1543 1705 1640 EXPLICATIO
1780 1545 2410 1640 DUODECIM
2487 1544 3014 1639 CAPITUM

1624 1736 1858 1789 EPHESI
1900 1736 2072 1789 PRON
2080 1736 2360 1789 UNTIATA

1130 1882 1224 1979 VA
1263 1916 1584 1978 CYRILLO
1626 1916 2223 1978 ARCHIEPISCOPO
2258 1917 2832 1984 ALEXANDRINO.

1249 2076 1308 2126 S.
1340 2074 1540 2141 Synodo
1572 2072 1836 2126 clariorem
1858 2071 2058 2125 illorum
2079 2071 2456 2125 declarationem
2476 2069 2711 2137 exigente.

370 2229 551 2293 (liuius
580 2226 695 2294 libri
738 2231 796 2276 et
840 2224 1052 2294 duorum
1096 2227 1413 2289 sequentium
1454 2222 1918 2294 interpretationem
1956 2223 2178 2294 Latinam
2219 2236 2365 2294 quam
2404 2223 2623 2294 Joannes
2653 2208 2907 2294 Au_bertu_s
2938 2220 3626 2294 a_dmisera_t.__paraphras‘lce

558 2291 865 2351 adornatam,
889 2285 1248 2350 rejecimus,'et
1267 2300 1376 2338 eam
1399 2285 1678 2349 recepimus
1710 2299 1821 2349 quae
1857 2291 2023 2335 exstat
2046 2287 2098 2335 in
2123 2285 2353 2335 Conciliis
2381 2298 2442 2334 ex
2469 2285 2692 2335 editione
2715 2286 2917 2335 Joannis
2953 2285 3194 2336 Dominici
3221 2285 3419 2349 mansii)

1961 2460 2039 2477 ﬂ

3428 2496 3463 2517 β

421 2619 444 2653 ι
483 2600 673 2655 Πάντα
693 2599 906 2656 ἐνώπια
928 2600 1043 2663 τοῖς
1064 2599 1327 2665 συνιοῦσι,
1356 2599 1451 2654 καὶ
1477 2598 1614 2671 ὀρθὰ
1640 2601 1751 2663 τοῖς
1798 2597 1945 2669 εὑρί-

2122 2592 2281 2667 155
2308 2612 2326 2646 ι
2353 2592 2601 2659 Omnia,»
2635 2605 2694 2649 ut
2723 2593 2985 2664 scriptum
3008 2603 3113 2663 est,
3151 2613 3171 2648 ι
3204 2596 3364 2651 obvia
3392 2605 3519 2651 sunt
3544 2596 3632 2650 in-

343 2707 541 2744 σκουσι
594 2690 824 2758 γνῶσιν,
871 2707 891 2740 ι
939 2688 1082 2743 κατὰ
1128 2688 1192 2742 τὸ
1242 2682 1650 2761 ¹γεγραμμένον.
1704 2687 1769 2741 Οἱ
1844 2686 1944 2758 μὲν

336 2781 457 2852 γὰρ
479 2779 599 2845 ὀξεῖ
626 2797 690 2834 τε
717 2781 814 2834 καὶ
844 2778 1078 2852 καθαρῷ
1122 2779 1362 2843 διανοίας
1399 2779 1607 2850 ὄμματι
1631 2779 1744 2842 τοῖς
1778 2778 1945 2848 ἱεροῖς

324 2874 443 2943 ’τῆς
472 2872 845 2951 θεοπνεύστου
884 2871 1110 2943 Γραφῆς
1143 2870 1634 2942 περιτυγχάνοντες
1656 2868 1860 2937 λόγοις,
1884 2865 1946 2920 τὸ

330 2963 397 3030 ἐξ
465 2964 656 3018 αὐτῶν
707 2963 923 3033 ὄφελος,
972 2961 1118 3016 θεῖον
1161 2961 1351 3033 ὥσπερ
1390 2960 1512 3015 τινὰ
1557 2961 1651 3015 καὶ
1696 2959 1947 3031 οὐράνιον

330 3055 629 3127 θησαυρὸν
657 3058 781 3119 ταῖς
800 3052 1021 3109 ’ἑαυτῶν
1046 3053 1398 3117 είσοικίζουσι
1426 3052 1624 3123 ψυχαῖς
1644 3068 1657 3082 ο
1688 3053 1737 3104 οί
1764 3050 1823 3103 δὲ
1854 3048 1945 3103 τὸν

330 3146 475 3200 νοῦν
508 3147 733 3217 ἔχοντες
757 3145 837 3216 τῷ
861 3144 1045 3215 ψεύδει
1085 3142 1536 3216 προσνενευκότα,
1566 3142 1660 3194 καὶ
1695 3142 1816 3204 ταῖς
1861 3158 1943 3193 τι-

329 3256 455 3293 νων
499 3236 935 3308 ἁθυροστομίαις
970 3235 1000 3275 ι)
1033 3232 1367 3306 ἡττώμενον,
1406 3230 1636 3303 βεϐήλου
1688 3227 1944 3302 γνώσεως

328 3328 615 3402 ἐραστήν,
642 3328 871 3382 ἐκείνων
899 3325 1113 3380 ἔσονται
1139 3322 1408 3389 κοινωνοὶ,
1442 3322 1571 3393 περὶ
1601 3313 1676 3376 ὧν
1703 3322 1731 3374 6
1762 3318 1945 3390 μακά-

332 3438 462 3494 ριος
518 3420 731 3491 γράφει
769 3416 1012 3481 Παῦλος
1054 3434 1074 3469 ι
1121 3414 1212 3469 Ἑν
1251 3408 1334 3478 οἷς
1372 3416 1400 3467 6
1446 3412 1567 3476 θεὸς
1607 3410 1702 3465 τοῦ
1750 3409 1944 3474 αἰῶνος

327 3510 541 3566 τούτου
586 3507 874 3575 ἐτύφλωσε
926 3505 997 3559 τὰ
1023 3507 1274 3575 νοήματα
1299 3501 1409 3556 τῶν
1442 3501 1713 3563 ἀπίστων,
1762 3501 1842 3562 εἰς
1882 3497 1947 3560 τὸ

334 3603 415 3672 μὴ
450 3599 707 3668 αὐγάσαι
740 3598 834 3651 τὸν
863 3595 1143 3667 φωτισμὸν
1183 3594 1277 3648 τοῦ
1318 3592 1637 3663 εὐαγγελίου
1665 3591 1766 3661 τῆς
1787 3589 1947 3660 δόξης

331 3691 434 3746 τοῦ
465 3688 740 3762 Χριστοῦ.
762 3706 793 3745 ,ι
826 3684 1219 3757 Τυφλώττουσῐ
1244 3685 1375 3756 γὰρ,
1427 3683 1523 3738 καὶ
1578 3682 1715 3735 εἰσὶν
1761 3679 1947 3750 ὁδηγοὶ

333 3781 565 3853 τυφλῶν
586 3798 603 3813 ·
626 3780 910 3851 τοιγάρτοι
930 3777 1157 3841 καὶτοῖς
1176 3776 1276 3847 τῆς
1302 3772 1579 3837 ἀπωλείας
1608 3771 1944 3844 ἐμπίπτουσι

339 3875 586 3946 βάθροις.
620 3873 713 3937 Ὠς
767 3871 878 3943 γὰρ
925 3866 1098 3933 αὐτός,
1136 3865 1239 3923 πού
1270 3882 1434 3938 φησιν
1472 3867 1501 3919 6
1524 3862 1752 3935 Σωτὴρ,
1787 3879 1807 3913 ι
1838 3860 1946 3913 Tu-

2051 2687 2439 2758 telligentibus,
2481 2694 2538 2742 et
2589 2695 2738 2742 recta
2776 2686 3178 2743 invenientibus
3213 2686 3495 2743 scientiam
3526 2688 3566 2743 '.
3605 2708 3624 2738 ο

2048 2779 2259 2834 Etenim
2318 2778 2408 2848 qui
2455 2792 2613 2834 sacra
2672 2777 2869 2834 divinte
2923 2777 3221 2847 Scriptum
3266 2779 3428 2833 verba
3472 2789 3632 2834 acuto

2048 2886 2293 2942 puroque
2355 2870 2516 2926 oculo
2570 2869 2873 2941 perlegunt,
2961 2871 3015 2925 bi
3070 2871 3213 2940 quod
3270 2871 3401 2927 utile
3456 2871 3509 2926 in
3562 2872 3632 2926 iis

2047 2962 2310 3027 occurrit,
2335 2961 2499 3016 veluti
2517 2950 2758 3015 divinum
2788 2961 3076 3031 quemdam
3103 2970 3158 3017 et
3197 2962 3474 3018 cmlestem
3510 2963 3630 3017 thc-

2047 3069 2289 3117 saurum,
2328 3054 2381 3106 in
2408 3052 2620 3108 animos
2670 3068 2797 3108 suos
2828 3055 3169 3109 recondunt:
3196 3056 3287 3124 qui
3320 3068 3448 3109 vero
3480 3070 3632 3109 men-

2047 3154 2155 3201 tem
2196 3144 2447 3200 obtinent
2495 3144 2565 3199 ad
2596 3145 2939 3200 mendacium
2982 3160 3329 3216 propensam,
3389 3148 3627 3201 nonnulc

2048 3235 2330 3305 lorumque
2352 3234 2645 3305 nugacitati
2677 3234 3063 3303 mancipatam,
3092 3249 3157 3290 ac
3181 3234 3420 3304 profante
3451 3234 3628 3290 scien-

2051 3322 2139 3377 tize
2196 3324 2436 3390 avidam,
2492 3322 2707 3378 illorum
2754 3323 2884 3377 socii
2918 3323 3309 3386 censebantur,
3339 3324 3405 3379 de
3434 3325 3634 3393 quibus

2050 3415 2460 3487 beatttsjiaulus
2501 3414 2765 3485 scriptum
2808 3414 3075 3485 reliquit:
3110 3434 3129 3468 ι
3161 3414 3216 3470 1η
3252 3416 3452 3484 quibus
3497 3416 3631 3473 deus

2048 3506 2210 3576 hujus
2259 3506 2439 3563 saeculi
2484 3507 2784 3571 excaecavit
2825 3516 3036 3562 mentes
3069 3507 3391 3574 inlidelium,
3434 3518 3491 3563 ut
3520 3525 3629 3564 non

2049 3582 2252 3668 fulgeat
2307 3597 2387 3652 eis
2418 3598 3052 3667 illuminatiO‘Evangelii
3084 3598 3269 3669 gloria:
3289 3599 3490 3655 Christi
3517 3601 3565 3655 '.
3605 3618 3625 3651 ι

2046 3686 2186 3744 Caeci
2249 3688 2394 3744 enim
2472 3698 2622 3755 sunt,
2675 3697 2732 3743 et
2802 3689 2968 3745 duces
3040 3690 3400 3746 caecorum':
3456 3706 3627 3761 quare

2048 3778 2184 3834 et'in
2218 3780 2534 3849 perditionis
2561 3780 2745 3837 foveas
2769 3790 3055 3836 corruunt.
3075 3779 3235 3847 Nam,
3266 3789 3324 3835 ut
3371 3779 3630 3837 Salvator

2050 3871 2165 3939 ipse
2212 3870 2408 3926 alicubi
2467 3880 2693 3926 monet:
2735 3890 2757 3923 ι
2822 3870 2879 3925 Si
2942 3886 3119 3926 caecus
3173 3887 3318 3927 caeco
3368 3875 3628 3928 ducatum

343 3945 472 4035 φλὸς
511 3964 728 4034 τυφλὸν
766 3962 863 4017 ἐὰν
907 3960 1100 4035 ὁδηγῇ,
1142 3958 1444 4030 ἀμφότεροι
1473 3957 1552 4021 είς
1601 3954 1793 4026 βόθρον
1840 3954 1939 4023 ἐμ-

2049 3970 2284 4032 pracstet,
2340 3962 2500 4017 ambo
2536 3962 2588 4015 in
2633 3961 2844 4017 foveam
2895 3963 3160 4018 cadent‘.
3198 3981 3218 4015 ι
3265 3963 3406 4017 Sunt
3460 3965 3628 4035 igitur

353 4058 671 4112 ﬁmﬁwat.
731 4074 750 4105 ι
805 4051 1267 4125 Καταφλυαροῦσι
1295 4051 1476 4104 τοίνυν
1504 4048 1650 4110 τινὲς
1686 4047 1794 4099 τῶν
1838 4047 1940 4115 τῆς

2046 4050 2309 4118 nonnulli,
2337 4051 2428 4120 qui
2460 4059 2650 4106 contra
2681 4052 2930 4127 veritatis
2964 4051 3212 4123 dogmata
3250 4053 3519 4123 garriunt,
3571 4063 3629 4110 et

355 4148 606 4219 ἀληθείας
650 4145 964 4216 δογμάτων,
1006 4146 1100 4199 καὶ
1143 4143 1466 4214 σκαιότητος
1512 4136 1822 4207 διαϐολικῆς
1851 4137 1942 4189 τὸν

2046 4140 2305 4197 diabolica
2331 4141 2597 4212 pravitate
2612 4140 2772 4214 15.6
2787 4152 3020 4199 mentem
3051 4143 3312 4199 imbutam
3346 4144 3627 4210 habentes,

348 4241 541 4294 οἰκεῖον
570 4239 968 4310 ἐμπλήσαντες
1010 4232 1159 4299 νοῦν,
1205 4231 1650 4306 παραχαράττειν
1688 4228 1942 4295 ἐπείγον-

345 4348 429 4386 ται
461 4332 522 4386 τὸ
548 4332 658 4400 τῆς
689 4329 952 4401 ἀληθείας
981 4328 1301 4399 μυστήριον,
1334 4323 1428 4379 καὶ
1451 4323 1548 4395 τῆς
1574 4319 1714 4393 μετὰ
1742 4317 1945 4391 σαρκὸς

340 4425 668 4496 οἰκονομίας
714 4422 812 4477 τοῦ
857 4419 1200 4489 Μονογενοῦς
1248 4418 1308 4471 οὺ
1359 4414 1598 4487 μετρίως
1656 4412 1941 4468 ποιοῦνται

335 4515 437 4589 τὴν
492 4515 885 4587 κατάῤῥησιν,
943 4530 962 4563 ι
1017 4512 1092 4583 μὴ
1139 4508 1386 4572 νοοῦντες
1431 4507 1575 4579 μήτε
1621 4505 1658 4560 ἃ
1702 4504 1941 4574 λέγουσι,

340 4609 487 4678 μήτε
518 4606 658 4675 περὶ
687 4604 837 4669 τίνος
869 4599 1328 4665 διαϐεϐαιοῦνται,
1374 4618 1393 4650 ι
1428 4597 1571 4652 κατὰ
1602 4596 1664 4649 τὸ
1697 4611 1946 4667 γεγραμ-

339 4700 535 4771 μένον.
586 4696 833 4768 Εὑρεταὶ
863 4694 921 4747 δὲ
953 4694 1053 4764 τῆς
1092 4691 1352 4762 τοιαύτης
1384 4687 1638 4751 ἀσεϐείας
1684 4686 1943 4754 γεγόνασι

335 4791 535 4847 πολλοὶ
590 4789 693 4859 μὲν
751 4788 846 4842 καὶ
896 4786 1098 4857 ἕτεροι,
1154 4783 1296 4838 κατά
1344 4783 1473 4845 τοὺς
1520 4780 1725 4834 ἄνωθεν
1783 4777 1863 4831 ἔτι
1914 4788 1937 4816 ο

334 4884 761 4957 παρῳχηκότας
807 4881 1033 4953 καιρούς
1054 4898 1068 4911 ·
1102 4879 1296 4935 νυνὶδὲ
1332 4878 1433 4951 τῆς
1461 4877 1686 4931 ἐκείνων
1732 4875 1942 4929 ἀνοσιό-

335 4993 509 5048 τητος
538 4973 699 5028 οὐδὲν
728 4972 1073 5037 ἀποδέοντες,
1106 4969 1425 5041 Νεστόριος,
1465 4967 1561 5021 καὶ
1586 4968 1636 5020 οί
1663 4967 1761 5021 σὺν
1790 4965 1940 5036 αὐτῷ

336 5067 487 5123 καςὰ
516 5066 650 5127 τοὺς
678 5063 941 5136 ἀρχαίους
970 5062 1216 5126 ἐκείνους
1244 5059 1571 5130 Φαρισαίους
1614 5058 1940 5113 ἀντανιστα-

335 5176 498 5229 μενοι
531 5156 617 5227 τῷ
646 5153 894 5226 Χριστῷ,
922 5155 1019 5208 καὶ
1049 5143 1244 5221 ἀνέδην
1272 5144 1711 5221 ἀνακεκραγότες
1733 5165 1746 5179 ο
1786 5168 1804 5201 ι
1844 5149 1941 5203 Διὰ

330 5248 383 5302 τί
417 5248 489 5301 σὺ
518 5245 813 5316 ἅνθρωπος
861 5245 938 5298 ὣν
968 5244 1143 5305 ποιεῖς
1183 5240 1375 5296 ἑαυτὸν
1428 5239 1595 5307 Θεόν;
1632 5258 1651 5291 ι
1707 5234 1816 5292 Ἦν
1845 5233 1938 5292 οὖν

2043 4233 2293 4289 veritatis
2320 4234 2649 4305 mysterium
2682 4234 2797 4291 acri
2839 4236 3018 4292 studio
3056 4237 3368 4293 adulterare
3396 4248 3625 4292 conten-

2044 4326 2200 4393 dunt,
2248 4343 2346 4382 nec
2396 4327 2741 4383 mediocriter
2786 4327 3053 4384 incarnati
3090 4328 3364 4400 Unigeniti
3395 4327 3623 4399 dispen-

2043 4419 2309 4473 sationem
2355 4418 2696 4475 insectantur
2723 4460 2739 4486 ,
2772 4438 2792 4471 ι
2827 4435 2933 4475 non
3008 4420 3393 4491 intelligentes,
3454 4413 3628 4490 nequ‘e

2044 4525 2164 4581 quac
2194 4502 2511 4579 loq’uuntur,
2561 4524 2736 4580 neque
2776 4512 2843 4566 de
2875 4511 3077 4582 quibus
3108 4510 3400 4575 afﬁrmant,
3429 4527 3448 4560 ι
3485 4511 3628 4565 sicut

2043 4604 2306 4671 scriptum
2342 4610 2427 4657 est
2448 4600 2491 4655 ⁸.
2534 4599 2851 4667 Hujusmodi
2895 4612 3076 4657 autem
3108 4601 3402 4672 impietatis
3431 4602 3626 4657 inven-

2047 4702 2191 4749 tores
2231 4695 2560 4749 exstiterunt
2613 4690 2724 4761 jam
2758 4693 2886 4749 olim
2940 4700 2996 4746 ct
3043 4692 3196 4746 multi
3249 4691 3464 4764 quid/em
3493 4691 3623 4757 alii;

2044 4799 2188 4839 nunc
2219 4798 2348 4838 vero
2407 4782 2719 4849 Nestorius,
2748 4790 2802 4836 ct
2846 4782 2939 4852 qui
2973 4797 3094 4836 cum
3124 4780 3216 4837 illo
3253 4789 3400 4847 sunt,
3433 4795 3623 4836 eorum

2046 4874 2310 4944 impietati
2370 4874 2514 4928 nulla
2567 4875 2622 4929 in
2676 4885 2831 4944 parte
2875 4874 3146 4937 cedentes,
3205 4874 3273 4931 ad
3320 4875 3623 4944 priscorum

2042 4964 2440 5020 Pharisaeorum
2471 4965 2778 5035 exemplum
2826 4965 3089 5020 adversus
3119 4964 3397 5021 Christum
3425 4979 3486 5018 se
3517 4965 3627 5018 eri-

2044 5065 2198 5126 gunt,
2220 5064 2578 5125 proterveque
2601 5056 2971 5112 vociferantur
3000 5074 3015 5111 :
3058 5074 3076 5108 ι
3118 5055 3228 5127 Οιυ·
3256 5067 3333 5122 tu,
3369 5070 3490 5111 cum
3521 5054 3620 5109 ho—

2045 5162 2134 5202 mo
2161 5147 2257 5213 sis,
2277 5145 2412 5201 lacis
2436 5146 2664 5214 teipsum
2701 5147 2867 5201 Deum
2894 5147 2960 5200 αἳ
3003 5166 3022 5199 ι
3052 5146 3180 5201 Erat
3206 5147 3392 5215 itaque
3430 5158 3622 5198 neces-

2047 5238 2274 5303 sarium,
2301 5245 2358 5291 ut
2385 5238 2645 5294 adversus
2679 5238 2890 5293 illorum
2921 5252 3201 5294 sermones
3242 5252 3341 5292 nos
3368 5234 3622 5303 accinge-

410 5425 427 5455 ³
455 5423 625 5478 Prov.
663 5437 782 5489 riu,
814 5423 869 5489 9,
903 5419 1202 5477 secundum
1233 5417 1397 5473 LXX.
1463 5418 1482 5448 '
1507 5415 1553 5472 ιι
1583 5415 1710 5471 Cor.
1748 5432 1824 5482 tv,
1848 5413 1903 5470 4.

2046 5413 2203 5473 lauh.
2235 5430 2327 5481 xv,
2356 5416 2443 5471 14.
2502 5416 2671 5472 ⁴ἰι)ὶι1.
2760 5415 2822 5471 ⁸1
2858 5415 2997 5472 Tim.
3029 5431 3069 5481 1,
3094 5415 3150 5470 7.
3209 5411 3410 5470 'Jnan.
3442 5426 3492 5470 ς.
3522 5412 3621 5470 9|.
3678 5492 3687 5497 ς

1383 5572 1561 5627 Variae
1594 5570 1858 5627 lectiones
1885 5585 1954 5627 ex
1982 5570 2172 5631 codice
2202 5569 2579 5642 Seguieriano.

412 5748 439 5777 ι
469 5735 733 5792 ὲκθεῖναι.
810 5732 841 5774 ιι
871 5731 975 5801 τῆς
1006 5743 1169 5785 τινων
1194 5725 1627 5798 ἀθυροστομίας.
1708 5734 1729 5763 ε
1770 5724 1865 5779 καὶ
1896 5722 2001 5780 ἔτι.
