4080 6440
511 311 618 367 903

1539 310 1594 364 S.
1638 307 1908 363 (lYlill.Ll
1951 307 2419 364 ALEXANDRINI
2464 308 2790 365 ARCIIIEP.

3670 314 3778 369 296

514 444 717 496 remus,
780 428 1096 498 impuraque
1145 441 1208 484 ac
1275 427 1503 498 profana
1551 431 1764 483 illorum
1835 429 2088 498 dogmata

2197 428 2485 497 ἀναγκαῖον
2532 430 2627 482 καὶ
2671 428 2821 498 ἡμᾶς
2853 426 3049 490 αὐτοὺς
3086 427 3197 490 τοῖς
3230 430 3358 499 παρ’
3397 429 3621 486 ἐκείνων
3651 435 3784 486 ἀντ-

515 521 1122 584 auatnematizarenms,
1151 533 1418 574 memores
1460 520 1551 574 Dei
1599 535 1695 588 per
1731 533 1915 573 vocem
1960 531 2089 586 pro-

514 610 690 677 phetae
722 609 984 664 dicentis:
1019 627 1038 660 ι
1074 609 1290 675 Audite,
1331 611 1665 676 sacerdotes,
1704 619 1757 664 et
1815 617 2090 663 contesta-

515 696 647 750 tnini
701 698 879 751 domui
938 695 1126 761 Jacob,
1168 699 1296 752 dicit
1323 699 1581 752 Dominus
1611 699 2012 767 omnipotens".
2065 719 2084 751 ι

515 787 580 840 Et
604 791 834 844 iterum:
871 805 890 839 ι
927 789 1275 858 lngredimini
1300 804 1395 857 per
1429 801 1612 860 portas
1646 806 1816 854 meas,
1849 800 1904 843 et
1955 790 2090 859 lapi-

515 877 609 930 des
653 878 718 929 de
767 877 850 930 via
892 878 1059 932 tollite
1087 878 1128 931 ⁸.
1157 898 1174 928 ι
1213 878 1439 946 Oportet
1491 879 1632 932 enim
1685 894 1799 943 nos,
1858 879 1948 947 qui
1997 894 2093 948 pro

515 967 762 1022 veritatis
823 970 1074 1038 dogmate
1123 979 1417 1036 certamus,
1480 970 1802 1024 offendicula
1841 986 1871 1024 e
1915 971 2094 1024 medio

515 1059 937 1124 submovcrc,ne
966 1076 1064 1126 qua
1099 1062 1308 1115 ratione
1338 1063 1516 1131 populi
1553 1065 1617 1116 ad
1648 1063 1735 1116 illa
1761 1063 2087 1133 impingam,

516 1150 610 1203 sed
641 1150 778 1204 velut
812 1168 908 1220 per
931 1152 1138 1220 planam
1177 1154 1427 1207 semitam
1458 1156 1524 1208 ad
1565 1171 1718 1209 sacra
1755 1156 1842 1210 illa
1883 1157 2093 1210 divina-

517 1257 622 1308 que
679 1244 817 1296 atria
873 1244 1307 1312 progrediantur,
1363 1245 1492 1300 illud
1555 1246 1666 1300 fere
1712 1263 1807 1316 per
1856 1246 2095 1316 singulas

516 1342 703 1400 portas
755 1335 1188 1404 ingemiuantes:
1254 1353 1273 1387 ι
1329 1335 1454 1391 llmc
1514 1349 1598 1392 est
1648 1348 1801 1408 porta
1861 1340 2091 1404 Domini,

511 1425 643 1493 justi
695 1427 972 1481 intrabunt
1023 1428 1075 1482 in
1117 1443 1237 1483 eam
1275 1430 1319 1481 ’.
1364 1448 1382 1481 ι
1415 1429 1550 1485 Cum
1599 1430 1781 1500 itaque
1815 1431 2096 1487 Nestorius

515 1517 825 1586 dogmatum
877 1521 1283 1590 peregrinorum
1319 1532 1373 1576 et
1408 1523 1690 1590 impiarttm
1730 1522 2094 1593 blasphemia-

518 1625 635 1663 rum
661 1611 874 1665 turbam
904 1612 1053 1666 libris
1088 1615 1198 1666 suis
1245 1614 1586 1681 inseruisset,
1641 1631 1745 1670 non
1798 1617 2091 1685 potuimus,

517 1701 708 1755 salutis
739 1718 950 1767 eorum,
994 1703 1085 1770 qui
1120 1702 1208 1756 illa
1243 1703 1432 1759 lecturi
1471 1717 1648 1770 erant,
1682 1721 1866 1761 curam
1896 1708 2096 1762 haben-

517 1801 622 1857 tes,
653 1795 1140 1853 anatltetnatismos
1181 1815 1286 1852 non
1332 1813 1660 1866 componere
1693 1817 1704 1851 :
1741 1814 1844 1852 non
1880 1800 2093 1867 quidvis

515 1884 846 1950 promiscue,
879 1887 1020 1954 quod
1068 1887 1122 1940 in
1160 1896 1391 1941 mentem
1429 1886 1730 1951 incidisset,
1755 1885 2093 1954 parzeueticae

515 1972 756 2038 epistolae
779 1990 940 2042 quam
977 1975 1041 2028 ad
1082 1976 1228 2028 illum
1261 1974 1580 2044 scripsimus
1621 1975 1945 2040 inserentes,
1998 1975 2091 2030 sed

516 2063 792 2131 (utn'iodo
823 2067 1100 2137 diximus)
1161 2067 1404 2136 germina
1452 2067 1687 2122 vesaniae
1743 2067 1909 2136 ipsius
1966 2081 2092 2136 per-

513 2156 720 2226 egrina,
751 2167 804 2210 et
837 2172 866 2210 a
897 2158 1113 2226 pictatis
1145 2158 1483 2226 dOgmatibus
1507 2172 1728 2227 prorsus
1763 2157 1939 2212 aliena
1972 2172 2094 2214 esse

513 2248 882 2303 ostendentes.
922 2248 1088 2318 ngre
1139 2250 1372 2304 fortasse
1423 2249 1603 2304 lerunt
1661 2249 1927 2316 nonnulli,
1975 2264 2093 2318 qua:

512 2339 833 2406 scripsimus
867 2357 880 2406 ;
912 2341 993 2394 vel
1049 2341 1194 2410 quod
1256 2358 1464 2408 eorum,
1515 2355 1635 2412 qua:
1689 2342 1890 2411 scripta
1946 2350 2092 2407 sunt,

515 2445 736 2484 sensum
776 2447 903 2486 vere
952 2448 1055 2486 non
1088 2433 1328 2502 capiant,
1362 2433 1447 2488 vel
1482 2441 1631 2488 certe
1687 2433 1828 2502 quod
1871 2433 2096 2501 impurae

516 2523 781 2578 hrereseos
811 2523 1040 2578 Nestorii
1072 2534 1502 2595 propugnatores
1533 2525 1826 2590 exsistant,
1848 2523 2097 2594 impieta-

515 2613 692 2681 tisque
727 2617 1013 2686 participes
1037 2617 1165 2681 sint,
1203 2631 1267 2670 ac
1297 2616 1483 2671 eadem
1514 2630 1636 2670 cum
1666 2615 1782 2684 ipso
1830 2614 2093 2670 sentiant.

514 2707 583 2758 At
609 2705 735 2758 nulli
765 2706 979 2761 interim
1009 2722 1073 2760 ex
1109 2707 1196 2771 iis,
1233 2706 1325 2776 qui
1377 2715 1522 2761 recte
1557 2719 1748 2774 sapere
1797 2719 2097 2759 consueve-

517 2805 662 2860 runt,
697 2797 901 2852 veritas
949 2805 1136 2866 operta
1187 2806 1291 2851 est.
1344 2796 1478 2863 Quia
1530 2810 1659 2850 vero
1709 2795 1967 2850 credibile
2036 2794 2099 2850 ﬁt

514 2903 620 2942 non
654 2889 840 2943 deesse
867 2891 1130 2960 quosdam
1162 2889 1374 2944 illorum
1401 2887 1723 2942 commentis
1752 2887 2095 2956 depravatos,

514 2979 606 3047 qui
658 2993 762 3032 non
791 2991 1174 3049 asseqnantur,
1234 2979 1527 3050 quomodo,
1584 2987 1676 3032 aut
1727 2992 1832 3047 qua
1889 2978 2098 3032 ratione

515 3067 1027 3141 (anathematismi)
1074 3069 1147 3123 illi
1179 3070 1287 3124 sint
1331 3068 1582 3132 confecti,
1632 3082 1810 3136 opera:
1863 3069 2096 3138 pretium

2194 518 2566 574 αποδύεσθαιά
2588 518 3263 588 λόγοις,ἀναθεματίσαιτε
3300 520 3481 575 αὐτῶν
3517 522 3585 575 τὰ
3608 523 3782 593 μιαρὰ

2194 608 2288 661 xui.
2339 607 2542 678 βέϐηλα
2582 608 2862 678 δόγματα,
2917 609 3302 677 μεμνημένους
3345 609 3483 664 Θεοῦ
3531 611 3786 678 λέγοντος

2193 696 2281 748 διά
2317 698 2502 765 φωνῆς
2546 698 2850 767 προφήτου·
2890 714 2909 746 ι
2959 697 3165 766 Ἰερεῖς,
3204 697 3496 763 ἀκούσατε,
3532 701 3628 752 καὶ
3657 701 3784 752 ἐπι-

2198 786 2545 859 μαρτύρασθε
2579 788 2654 858 τῷ
2701 788 2835 856 οἴκῳ
2875 787 3110 858 Ἰσραὴλ,
3157 787 3304 855 λέγει
3345 789 3548 858 Κύριος
3582 806 3785 842 παντο·-

2195 878 2440 947 κράτωρ.
2501 896 2519 928 ι
2554 878 2662 930 Καὶ
2704 877 2901 930 πάλινο
2935 895 2953 928 ι
2991 877 3294 946 Πορεύεσθε
3340 879 3429 931 διὰ
3456 879 3564 931 τῶν
3595 879 3786 933 πυλῶν

2199 987 2322 1040 μου,
2357 970 2451 1023 καὶ
2481 970 2609 1032 τοὺς
2639 969 2818 1031 λίθους
2849 971 2912 1021 ἐκ
2953 969 3049 1039 τῆς
3093 968 3217 1022 ὁδοῦ
3255 969 3598 1041 διαρῤίψατε.
3639 989 3657 1021 ι
3691 971 3786 1022 Δεῖ

2195 1061 2304 1130 γάρ
2336 1061 2484 1130 ἡμᾶς
2528 1058 2636 1113 τῶν
2670 1059 2766 1129 τῆς
2806 1059 3064 1129 ἀληθείας
3092 1059 3536 1130 ὑπεραθλοῦντας
3569 1062 3784 1132 δογμάο

2195 1168 2302 1203 των
2336 1151 2400 1204 ἐκ
2452 1149 2616 1221 μέσου
2667 1150 2942 1204 ποιεῖσθαι
2979 1151 3050 1204 τὰ
3097 1151 3393 1218 σκάνδαλα,
3441 1153 3517 1215 ὡς
3561 1149 3627 1205 ἂν
3660 1154 3785 1206 κατ’

2195 1241 2387 1295 οὐδένα
2437 1242 2638 1309 τρόπον
2685 1242 2870 1305 αὐτοῖς
2930 1242 3359 1312 προσπταίοντες
3412 1243 3460 1294 οἱ
3506 1242 3647 1307 λαοὶ,
3694 1242 3788 1297 διὰ

2196 1332 2346 1396 λείας
2380 1331 2569 1403 ὥσπερ
2612 1332 2858 1403 ἐρχοιντο
2897 1344 2920 1373 ο
2951 1333 3138 1404 τρίϐου
3186 1333 3322 1404 πρὸς
3351 1334 3450 1396 τὰς
3496 1334 3645 1404 ίεράς
3687 1335 3786 1386 καὶ

2197 1425 2346 1487 Θείας
2392 1424 2582 1488 αὐλάς,
2635 1425 2916 1494 μονονουχὶ
2965 1425 3059 1477 xui.
3110 1424 3196 1492 ἐφ’
3242 1425 3448 1496 ἑκάστῃ
3496 1425 3782 1494 λέγοντεςο

2202 1539 2218 1568 ι
2244 1519 2390 1591 Λῦτη
2434 1521 2467 1590 ἡ
2501 1519 2642 1590 πύλη
2674 1518 2767 1572 τοῦ
2802 1519 3034 1590 Κυρίου,
3073 1518 3271 1571 δίκαιοι
3301 1517 3703 1571 εἰσελεύσονται
3725 1521 3785 1571 ἐν

2197 1611 2354 1682 αὐτῇ.
2386 1630 2403 1662 ι
2445 1611 2742 1681 Νεστορίου
2793 1611 2972 1663 τοίνυν
2997 1610 3163 1674 ξένων
3192 1627 3250 1662 τε
3276 1612 3368 1662 καὶ
3400 1611 3630 1663 ἀνοσίων
3654 1611 3784 1663 δυσ-

2197 1703 2418 1772 φημιῶν
2469 1702 2624 1772 ὄχλον
2658 1704 2770 1766 τοῖς
2825 1702 2976 1765 ίδίοις
3041 1701 3291 1764 ἐνθέντος
3343 1701 3786 1770 βιϐλίοις,ἀναγ-

2126 1782 2166 1840 Β
2197 1795 2368 1858 καίως
2402 1795 2502 1864 τῆς
2539 1794 2646 1846 τῶν
2678 1794 3078 1864 ἐντευξομένων
3111 1795 3296 1856 αὐτοῖς
3320 1795 3596 1862 σωτηρίας
3621 1806 3785 1864 φρον-

2194 1888 2456 1951 τίζοντες,
2495 1885 2920 1956 συντεθείκαμεν
2965 1886 3467 1955 ἀναθεματισμοὺς,
3503 1886 3565 1938 οὐ
3600 1885 3662 1936 τὸ
3704 1886 3785 1946 είς

2196 1979 2318 2032 νοῦν
2347 1975 2481 2050 ἧκον
2509 1979 2697 2041 ἁπλῶς
2727 1978 2970 2040 ἐνθέντες
3018 1980 3082 2048 τῇ
3132 1977 3403 2047 γραφείση
3457 1977 3592 2047 πρὸς
3623 1975 3785 2029 αὑτὸν

2196 2074 2554 2141 παραινετικῇ
2586 2071 2866 2140 ἐπιστολῇ,
2899 2070 3013 2124 ἀλλ’
3038 2069 3112 2132 ὡς
3159 2070 3369 2138 ἔφημεν
3408 2070 3633 2139 ἀρτίως,
3661 2069 3785 2133 ξένα

2196 2163 2291 2216 καὶ
2322 2162 2575 2234 ἀλλότρια
2610 2163 2717 2214 τῶν
2764 2161 2860 2231 τῆς
2904 2161 3182 2223 εὐσεϐείας
3216 2159 3504 2230 δογμάτων
3544 2160 3786 2227 ἀποφαί-

2201 2272 2386 2318 νοντες
2441 2258 2539 2324 τῆς
2572 2255 2781 2307 ἐκείνου
2819 2253 3243 2324 φρενοϐλαϐείας
3276 2252 3343 2304 τὰ
3388 2253 3705 2322 γεννήματα
3739 2251 3784 2303 ί.

2211 2345 2638 2415 Ἐπασχάλλουσι
2685 2345 2740 2397 δὲ
2778 2347 2919 2414 τάχα
2969 2344 3072 2396 πού
3107 2361 3252 2406 τινες
3300 2346 3411 2406 τοῖς
3446 2342 3577 2413 παρ’
3623 2341 3788 2411 ήμῶν

2197 2436 2398 2505 λόγοις,
2449 2437 2482 2507 ἢ
2537 2437 2611 2507 μὴ
2663 2437 2936 2497 συνιόντες
2984 2434 3202 2506 ἀληθῶς
3236 2434 3343 2488 τῶν
3381 2432 3790 2504 γεγραμμένων

2195 2529 2294 2600 τὴν
2346 2528 2608 2598 δύναμιν,
2653 2527 2686 2597 ἢ
2747 2527 2844 2598 τῆς
2898 2525 3192 2598 Νεστορίου
3253 2527 3455 2596 μιαρᾶς
3517 2523 3784 2594 αἱρέσεως

2200 2621 2538 2674 ὑπασπισταὶ
2593 2619 2914 2688 γεγονότες,
2953 2619 3048 2672 καὶ
3105 2618 3454 2688 μεριζόμενοι
3504 2615 3604 2685 τὴν
3657 2616 3784 2667 ἀσέ-

2201 2715 2374 2780 ϐειαν,
2403 2715 2496 2768 καὶ
2532 2714 2600 2766 τὰ
2630 2713 2770 2767 αὑτά
2798 2711 3122 2784 φρονοῦντες
3147 2710 3358 2780 ἐκείνῳ.
3392 2708 3659 2761 Λανθάνει
3687 2707 3788 2777 μὲν

2199 2806 2292 2864 οῦν
2324 2809 2448 2863 οὐδέ
2491 2825 2611 2861 τινα
2671 2807 2778 2859 τῶν
2817 2808 2842 2845 ε
2878 2805 2946 2859 τὰ
2981 2803 3118 2874 ὀρθά
3155 2804 3372 2872 φρονεῖν
3410 2799 3682 2852 εἰωθότων
3727 2797 3788 2850 τὸ

2201 2899 2418 2970 ἀληθές.
2468 2896 2689 2966 Ἐπειδὴ
2725 2894 2782 2948 δέ
2810 2893 2978 2956 εἰκὸς,
3007 2895 3127 2954 ταῖς
3156 2890 3286 2962 παρ’
3313 2890 3536 2942 ἐκείνων
3568 2889 3787 2959 εὑρεσι-

2201 2992 2408 3059 λογίαις
2453 2986 2962 3060 παρενηνεγμένους
2999 2985 3024 3024 h
3061 2982 3136 3054 μὴ
3168 2982 3409 3036 συνιέναι
3443 2981 3616 3045 τινὰς,
3669 2978 3788 3042 πῶς

2204 3083 2298 3138 καὶ
2344 3082 2464 3134 τίνα
2491 3081 2691 3150 τρόπον
2723 3077 2996 3144 γεγόνασι,
3028 3076 3138 3129 δεῖν
3173 3074 3360 3146 ᾠήθην
3401 3073 3631 3126 ἕκαστον
3677 3071 3788 3124 τῶν

516 3174 602 3214 me
622 3160 888 3215 facturum
913 3161 1116 3231 putavi,
1143 3162 1186 3216 si
1211 3160 1450 3230 singulos
1474 3160 1708 3214 breviter
1737 3175 2094 3228 exponerem,

2203 3168 2664 3240 άναθεματισμῶν
2714 3164 3052 3240 ἑρμηνεῦσαι
3100 3166 3189 3218 διὰ
3237 3165 3503 3235 βραχέων,
3547 3163 3640 3215 xu‘t
3685 3159 3788 3233 τὴν

517 3251 845 3320 illorumque
869 3253 998 3318 vim,
1033 3260 1238 3320 quanta
1291 3249 1408 3304 lieri
1446 3259 1626 3318 posset
1684 3249 2096 3318 perspicuitate,

515 3345 788 3397 docerem.
822 3342 1026 3412 Opinor
1053 3343 1197 3397 enim
1226 3349 1477 3397 conatum
1530 3340 1671 3395 hunc
1711 3355 1814 3394 non
1872 3356 2095 3412 parvum

516 3433 812 3490 lectoribus
857 3450 1010 3489 usum
1034 3442 1090 3488 et
1123 3432 1358 3488 fructum
1399 3431 1593 3486 alierre
1616 3447 1796 3502 posse.

855 3547 1016 3620 147
1053 3544 1696 3608 ANATHEMATISMUS
1722 3544 1762 3600 1.

587 3661 643 3717 Si
669 3663 790 3732 quis
845 3679 950 3717 non
993 3662 1286 3717 confitetur
1332 3660 1737 3716 Emmanuelem
1778 3676 1902 3717 vere
1929 3660 2096 3718 Deum

515 3769 660 3818 esse,
691 3764 745 3809 et
790 3756 858 3809 ob
894 3755 945 3809 id
983 3755 1179 3808 factam
1231 3754 1506 3824 Virginem
1562 3753 1845 3825 Deiparam
1878 3754 2103 3825 (genuit

514 3845 660 3899 etiim
689 3845 772 3899 illa
823 3847 1164 3901 incarnatum
1202 3847 1294 3902 Dei
1322 3846 1501 3900 Patris
1529 3846 1763 3901 Verbum
1795 3847 2096 3902 secundum

514 3951 732 3992 carnem
751 3942 789 4007 ),
819 3942 1108 3994 anathema
1141 3938 1233 3993 sit.

1043 4050 1340 4105 Declaratio
1383 4053 1572 4121 prima.

607 4160 755 4216 Beati
783 4161 993 4228 Patres,
1028 4165 1116 4232 qui
1146 4163 1335 4220 Nicaeae
1357 4165 1486 4220 olim
1516 4176 1904 4233 convenerunt,
1939 4179 2098 4224 recta:

516 4252 917 4321 inculpataeque
964 4255 1086 4308 ﬁdei
1116 4255 1422 4310 doctrinam
1456 4269 1816 4325 exponentes,
1846 4259 1896 4312 in
1929 4274 2095 4313 unum

499 4341 685 4424 'Dcum
737 4341 951 4398 Patrem
1006 4347 1438 4415 omnipotentem
1494 4349 1737 4403 omnium
1801 4349 2095 4404 visibilium

2199 3263 2427 3333 δύναμιν
2461 3261 2642 3316 αὐτῶν
2671 3261 2747 3323 ὡς
2797 3259 2874 3314 ἐνι
2909 3257 3091 3321 καλῶς
3161 3255 3584 3329 ἀφηγήσασθαι’
3630 3253 3789 3308 ἔσται

2199 3355 2330 3425 γὰρ,
2355 3352 2431 3417 ὣς
2467 3369 2531 3421 γε
2561 3347 2737 3422 οἶμαι,
2773 3350 2832 3403 τὸ
2862 3349 3053 3421 χρῆμα
3081 3350 3192 3412 τοῖς
3229 3349 3654 3418 ἐντυγχάνουσιν
3685 3346 3792 3400 οὐκ

2199 3443 2490 3508 ἀσυντελὲς
2523 3445 2602 3506 εἰς
2633 3442 2846 3513 ὄνησιν.

2635 3551 3227 3608 ΛΝΛΘΕΜΑΤΙΣΜΟΣ
3265 3550 3341 3603 A'.

2272 3671 2338 3724 Εἴ
2365 3687 2442 3732 τις
2469 3670 2589 3738 οὐχὶ
2621 3670 2634 3708 ί
2671 3668 2946 3738 ὁμολογεῖ,
2979 3665 3112 3719 Θεὸν
3157 3661 3294 3718 εἶναι
3339 3663 3479 3716 κατά
3525 3661 3788 3732 ἀλήθειαν

2199 3762 2290 3815 τὸν
2333 3760 2701 3832 Ἐμμανουὴλ,
2736 3760 2829 3813 καὶ
2872 3757 2960 3811 διὰ
3005 3757 3162 3810 τοῦτο
3213 3756 3476 3808 Θεοτόκον
3498 3754 3595 3824 τὴν
3623 3755 3790 3820 ἁγίαν

2200 3853 2474 3924 Παρθένον
2495 3870 2508 3884 ·
2539 3851 2836 3921 γεγέννηκε
2868 3849 2977 3920 γὰρ
3004 3848 3280 3919 σαρκικῶς
3311 3849 3490 3920 σάρκα
3525 3847 3788 3915 γεγονότα.

2199 3945 2290 3999 τὸν
2325 3946 2387 3998 ἐκ
2412 3944 2546 3997 Θεοῦ
2581 3943 2790 4014 Πατρὸς
2820 3941 3014 4011 Λόγον·
3046 3941 3295 4007 ἀνάθεμα
3325 3939 3488 3994 ἔστω.

2790 4057 2956 4110 Ἐπίλ
2965 4071 3095 4122 vat;
3135 4060 3207 4108 a'.

2273 4175 2339 4229 Ot'
2379 4172 2640 4244 μακάριοι
2682 4169 2949 4242 Πατέρες,
2985 4171 3034 4222 οἱ
3062 4168 3203 4222 κατά
3235 4167 3462 4235 καιροὺς
3505 4167 3560 4217 ἐν
3592 4166 3660 4234 τῇ
3691 4163 3795 4216 Νι-

2203 4265 2382 4318 καέων
2432 4262 2584 4315 πόλει
2635 4259 3125 4330 συναγηγερμένοι,
3175 4256 3268 4310 καὶ
3315 4256 3407 4308 τὸν
3455 4255 3555 4323 τῆς
3617 4251 3795 4322 ὀρθῆς

2204 4355 2296 4408 xu‘t
2334 4352 2658 4421 ἀδιαϐλήτου
2723 4351 2959 4412 πίστεως
2993 4351 3118 4418 ὅρον
3167 4347 3472 4416 ἐκθέμενοι,
3510 4344 3795 4396 πιστεύειν

513 4444 566 4487 et
597 4434 949 4490 invisibilium
990 4434 1255 4492 factorem
1287 4452 1348 4493 se
1369 4439 1596 4492 credere
1656 4438 1889 4507 professi
1923 4448 2093 4506 sunt;

2201 4445 2410 4513 ἔφασαν
2445 4444 2523 4504 είς
2556 4440 2653 4494 ἕνα
2703 4441 2854 4504 Θεὸν,
2907 4439 3126 4510 Πατέρα
3176 4437 3618 4508 παντοκράτορα,
3655 4435 3797 4487 πάν-

513 4534 567 4578 et
594 4523 644 4578 in
673 4541 837 4580 unum
868 4527 1153 4582 Dominum
1204 4527 1388 4583 Jesum
1419 4528 1696 4584 Christum
1728 4529 1922 4584 Filium
1953 4531 2094 4600 ejus,

513 4616 643 4669 etin
669 4616 930 4687 Spiritum
951 4630 1198 4674 sanctum
1231 4638 1244 4673 :
1279 4629 1606 4683 asserentes.
1636 4622 1808 4691 ipsum
1847 4623 1990 4691 quod
2027 4638 2094 4678 ex

513 4705 626 4760 Deo
673 4706 909 4764 Verbum
955 4710 1200 4776 emicuit,
1236 4727 1332 4781 per
1365 4711 1508 4781 quod
1537 4713 1720 4767 omnia
1769 4714 1911 4768 facta
1946 4724 2096 4777 sunt,

517 4797 694 4854 lumen
757 4804 824 4856 de
871 4801 1094 4870 lumine,
1157 4805 1320 4858 Deum
1351 4820 1542 4858 verum
1573 4805 1642 4859 de
1671 4805 1782 4860 Deo
1815 4819 1966 4871 vero,
2013 4806 2094 4860 in-

514 4900 818 4956 carnatum,
845 4901 899 4947 et
933 4893 1208 4950 hospinem
1250 4909 1372 4950 esse
1414 4894 1638 4958 factum,
1685 4905 1740 4950 et
1771 4911 2015 4965 passum,
2044 4908 2098 4952 et

515 4984 903 5040 resurrexisse.
960 4985 1182 5040 Etenim
1235 5001 1360 5041 cum
1410 4986 1746 5056 unigenitum
1801 4987 1892 5040 Dei
1920 4987 2102 5043 Patris

513 5067 751 5125 Verbum
785 5082 976 5127 natura
1010 5072 1155 5130 Deus
1191 5084 1358 5138 esset,
1386 5090 1572 5131 semen
1605 5076 1859 5142 Abrahre,
1887 5085 1946 5132 ut
1968 5078 2097 5131 bea-

516 5169 599 5214 tus
625 5159 824 5218 Paulus
851 5163 983 5218 dicit
1016 5163 1081 5229 ιο,
1118 5163 1504 5233 apprehendit,
1536 5166 1868 5234 perimieque
1893 5181 1954 5220 ac
1977 5182 2097 5230 nos,

512 5253 697 5309 carnis
727 5263 782 5308 et
817 5257 1097 5325 sanguinis
1128 5254 1384 5310 eﬂ‘ectum
1434 5267 1517 5312 est
1562 5258 1857 5327 particeps.
1899 5257 2096 5313 Natum

581 5407 600 5437 ⁷
624 5408 792 5465 Amos
823 5423 905 5475 ιιι,
935 5409 1021 5462 15.
1098 5410 1118 5439 ⁸
1143 5411 1342 5466 Jerem.
1372 5427 1465 5478 vn,
1501 5413 1553 5466 3.
1631 5412 1818 5470 'Psal.
1855 5430 2021 5480 cxvn,
2059 5415 2150 5469 ΞΟ.

2205 4551 2312 4586 των
2359 4531 2567 4601 ὁρατῶν
2595 4547 2652 4582 τε
2693 4529 2786 4584 καὶ
2827 4529 3075 4602 ἀοράτων
3120 4528 3390 4598 ποιητήν·
3443 4527 3536 4579 xui.
3569 4526 3649 4587 είς
3693 4525 3796 4577 ἐνα
3859 4553 3876 4561 -

2206 4624 2409 4694 Κύριον
2447 4621 2656 4692 Ἰησοῦν
2686 4620 2942 4691 Χριστὸν,
2979 4620 3069 4672 τὸν
3103 4619 3230 4672 Υἱὺν
3265 4617 3428 4672 αὐτοῦ
3450 4633 3462 4646 ·
3497 4617 3590 4668 καὶ
3623 4618 3702 4678 εἰς
3731 4615 3795 4668 τὸ

2206 4715 2427 4784 Πνεῦμα
2463 4713 2522 4766 τὸ
2552 4713 2706 4779 ἆγιον
2729 4729 2740 4740 ·
2776 4713 2937 4765 αὐτὸν
2961 4712 3213 4779 λέγοντες
3234 4711 3324 4764 τὸν
3352 4711 3416 4762 ἐκ
3442 4706 3577 4761 Θεοῦ
3609 4724 3796 4777 πειρη-

2204 4806 2331 4861 νότα
2369 4805 2561 4874 Λόγον,
2592 4805 2683 4857 τὸν
2713 4805 2780 4858 δι’
2811 4798 2871 4856 οῦ
2916 4805 2985 4857 τὰ
3020 4804 3195 4857 πάντα
3232 4803 3466 4870 ἐγένετο,
3499 4801 3561 4853 τὸ
3591 4800 3707 4869 φῶς
3731 4801 3796 4852 τὸ

2205 4898 2268 4949 ἐκ
2299 4896 2494 4966 φωτὸς,
2530 4895 2620 4948 τὸν
2651 4897 2715 4948 ἐκ
2747 4894 2880 4948 Θεοῦ
2912 4895 3166 4964 ἀληθινοῦ
3195 4894 3327 4946 Θεὸν
3348 4892 3622 4963 ἀληθινὸν,
3655 4908 3795 4962 σαρ-

2200 4989 2446 5060 κωθῆναί
2475 5006 2535 5042 τε
2569 4989 2664 5042 καὶ
2708 4988 3151 5059 ἐνανθρωπῆσαι,
3194 4987 3388 5040 παθεῖν
3430 5003 3487 5039 τε
3533 4985 3628 5038 καὶ
3655 4987 3794 5038 ἀνα-

2201 5083 2415 5151 στῆναι.
2465 5079 2598 5143 Θεδς
2644 5080 2753 5150 γὰρ
2800 5079 2875 5133 ὢν
2908 5081 3051 5134 κατά
3096 5080 3258 5150 φύσιν
3301 5083 3329 5133 ό
3375 5078 3672 5150 μονογενὴς
3697 5076 3796 5129 τοῦ

2200 5172 2416 5243 Πατρὺς
2448 5173 2642 5240 Λόγος,
2670 5173 2983 5242 σπέρματος
3021 5173 3272 5244 ’Λόραάμ
3305 5171 3622 5233 ἐπελάϐετο,
3649 5169 3803 5222 καθά

2201 5279 2366 5332 φησιν
2394 5265 2423 5315 ὁ
2459 5265 2728 5334 μακάριος
2778 5263 3010 5330 Παῦλος,
3062 5265 3156 5317 καὶ
3207 5263 3609 5335 παραπλησίως
3655 5263 3800 5333 ἡμῖν

2256 5415 2488 5471 “Hebr.
2523 5432 2581 5480 ιι,
2623 5417 2710 5469 Η.
2807 5420 2814 5428 ’

1558 5567 1726 5623 Varla:
1763 5567 2030 5626 lectiones
2055 5584 2119 5624 ex
2153 5570 2340 5626 codice
2377 5570 2750 5641 chuieriano.
2781 5603 2788 5622 ς

579 5722 610 5763 ⁸
637 5723 1115 5782 ἀνταποδίσασθαι.
1198 5740 1219 5766 ε
1252 5726 1476 5795 ἐχοιντο.
1537 5725 1574 5800 ,ί
1609 5727 1955 5798 ἐγκλήματα.

2041 5729 2065 5768 ε
2101 5727 2288 5782 οὐδένα
2321 5727 2453 5784 τῶν.

2533 5729 2558 5768 δ
2587 5729 3053 5801 παρενηνεγμένα.
3138 5730 3154 5769 ί
3194 5733 3314 5802 οὐχ.
