4080 6482
322 464 440 519 297

1377 468 1795 526 EXPLICATIO
1840 466 2091 523 υῐοῡῐςι
2104 466 2195 521 IIM
2232 466 2313 521 CA
2326 464 2557 523 PITUSI.

3504 470 3605 525 298

328 588 601 659 μετέσχεν
627 586 880 656 αἵματος,
919 589 1014 642 καὶ
1043 590 1238 661 σαρκός
1260 607 1274 621 ·
1307 591 1627 660 γεγέννηται
1651 590 1759 667 γὰρ
1783 589 1919 643 κατὰ

2028 597 2112 642 est
2149 588 2293 640 enim
2334 588 2633 641 secundum
2664 600 2879 641 carnem
2911 601 2975 641 ex
3031 595 3218 641 sancta
3263 586 3504 658 Virgine,
3551 599 3609 643 et

324 682 519 751 σάρκα
568 682 635 732 ἐκ
672 681 773 750 τῆς
821 682 988 750 ἁγίας
1032 683 1333 754 Παρθένου,
1380 683 1793 753 καὶᾶνθρωπος
1835 682 1927 749 γέ-

276 836 286 841 ,
318 789 456 841 γονε
497 782 511 820 t
554 771 682 825 καθ’
718 775 887 842 ἡμᾶς,
931 774 1032 827 οὐκ
1062 774 1435 846 ἀπολισθήσας
1470 775 1563 829 τοῦ
1591 771 1729 828 εἶναι
1755 774 1887 837 Θεός
1909 790 1922 803 ·

319 862 408 932 μὴ
437 862 693 931 γένοιτοο
744 863 863 915 ἀλλ’
906 862 984 916 ὢν
1028 852 1165 936 ὅπερ
1205 860 1296 937 ἦν,
1349 868 1444 920 καὶ
1489 863 1814 936 μεμενηκὼς
1868 867 1926 919 ὲν

314 956 392 1024 τῇ
426 955 533 1024 τῆς
565 955 827 1027 θεότητος
853 956 1017 1024 φύσει
1042 973 1101 1009 τε
1129 959 1224 1009 καὶ
1246 958 1393 1030 δόξῃ.
1437 959 1622 1028 Φαμὲν
1648 953 1741 1011 οὖν
1766 957 1926 1011 αὐτὸν

316 1043 623 1115 ἄνθρωπον
661 1047 1015 1117 γεγενῆσθαι,
1050 1049 1111 1100 οὐ
1156 1048 1364 1120 τροπὴν
1411 1048 1782 1118 ὑπομείναντα
1828 1050 1926 1122 τὴν

322 1138 400 1198 εἰς
434 1136 584 1208 ὅπερ
629 1139 733 1191 οὐκ
772 1134 863 1202 ἦν,
910 1141 1013 1194 οὐκ
1063 1140 1383 1195 ἀλλοίωσιν·
1432 1140 1521 1194 ἀεὶ
1557 1142 1667 1212 γάρ
1707 1143 1856 1195 ἐστιν
1898 1144 1927 1195 6

325 1226 512 1292 αὑτὸς,
542 1229 646 1281 καὶ
676 1231 887 1299 τροπῆς
920 1232 1292 1303 ἀποσκίασμα’
1309 1231 1503 1285 παθεῖν
1528 1232 1629 1286 οὐκ
1652 1233 1921 1302 ἀνέχεται.

340 1319 480 1372 Ἀλλ’
514 1320 642 1372 οὐδὲ
674 1322 923 1391 φυρμὸν,
975 1325 1010 1393 ἢ
1059 1325 1345 1395 ἀνάχυσιν,
1393 1325 1426 1395 ἢ
1477 1325 1781 1396 σύγκρασιν
1825 1327 1924 1396 τῆς

323 1410 516 1475 ούσίας
561 1411 738 1465 αὐτοῦ
782 1414 921 1485 πρὸς
971 1417 1069 1487 τὴν
1117 1417 1298 1489 σάρκα
1325 1418 1651 1488 γεγενῆσθαι
1691 1415 1924 1488 διοριζό-

322 1502 468 1572 μεθα
489 1521 505 1533 ·
539 1506 728 1575 φαμὲν
759 1507 816 1559 δὲ
845 1507 871 1546 ll
909 1508 1073 1580 σαρκὶ
1106 1508 1290 1581 ψυχὴν
1323 1509 1525 1584 ἐχούσῃ
1570 1514 1668 1584 τὴν
1688 1514 1926 1585 ,λογικὴν

318 1593 571 1662 ἡνῶσθαι
601 1596 697 1649 τὸν
723 1598 897 1667 Λόγον
917 1599 1063 1671 ὑπὲρ
1099 1600 1223 1654 νοῦν
1246 1619 1305 1655 τε
1330 1603 1425 1657 καὶ
1453 1605 1800 1677 άποῤῥήτως,
1831 1606 1953 1665 καὶ,

325 1686 398 1750 ὡς
439 1687 608 1757 μόνος
636 1685 778 1743 οἶδεν
808 1691 995 1754 αὑτός.
1036 1693 1244 1748 Οὐκοῦν
1283 1696 1561 1767 μεμένηκε
1587 1698 1718 1762 Θεὸς
1744 1699 1835 1752 καὶ
1865 1699 1923 1752 ὲν

332 1779 637 1850 προσλήψει
692 1781 930 1851 σαρκός·
989 1783 1083 1837 καὶ
1128 1784 1275 1839 έστιν
1328 1780 1412 1851 εἷς
1449 1787 1577 1852 Υἱὸς
1626 1788 1722 1842 τοῦ
1761 1788 1920 1856 Θεοῦ,

335 1872 420 1922 καί
452 1865 697 1941 Πατρὸς,
737 1876 766 1926 6
791 1874 999 1946 Κύριος
1030 1876 1190 1947 ἡμῶν
1229 1875 1438 1948 Ἰησοῦς
1466 1878 1731 1950 Χριστός·
1770 1881 1798 1932 6
1827 1882 1924 1934 αύ-

2027 695 2179 747 a:que
2207 694 2269 732 ac
2295 694 2414 742 nos,
2450 679 2611 733 homo
2660 679 2862 741 factum
2913 687 3015 743 est,
3054 694 3160 734 non
3203 681 3459 735 amittens
3485 696 3607 735 esse

2029 771 2195 825 Deum
2227 771 2395 840 (absit
2416 770 2576 840 l),sed
2610 771 2878 825 exsistens
2908 772 3048 839 quod
3083 780 3219 834 erat,
3251 771 3380 825 etin
3412 771 3609 826 divini-

2028 862 2154 917 tatis
2198 874 2389 916 natura
2434 873 2489 917 et
2517 862 2687 933 gloria
2744 878 3086 932 permanens.
3140 863 3380 918 Dicimus
3417 863 3604 932 igitur,

2027 952 2201 1019 ipsum
2233 952 2362 1023 (Dei
2394 950 2667 1023 Verbum)
2712 952 2985 1006 hominem
3015 966 3135 1007 esse
3159 953 3385 1017 factum,
3413 965 3511 1006 nec
3534 955 3605 1006 ob

2027 1041 2079 1096 id
2112 1051 2292 1097 tamen
2318 1057 2530 1098 versum
2556 1043 2609 1097 in
2642 1043 2694 1097 id
2752 1044 2896 1113 quod
2928 1059 3032 1097 non
3089 1053 3231 1107 eral,
3267 1058 3373 1096 non
3404 1043 3606 1098 altera-

2027 1134 2345 1189 tumzidem
2396 1136 2541 1189 enim
2589 1150 2806 1205 semper
2843 1144 2947 1200 est,
3008 1150 3181 1203 neque
3230 1136 3608 1191 conversionis

2024 1224 2493 1281 obumbrationem
2525 1227 2632 1297 pati
2659 1227 2891 1282 sustinet
2926 1227 2988 1281 “.
3048 1226 3153 1279 Sed
3209 1242 3388 1297 neque
3439 1227 3602 1281 ullam

2025 1316 2275 1371 essentia:
2310 1316 2451 1371 illius
2481 1332 2602 1371 cum
2641 1333 2805 1372 carne
2850 1318 3311 1382 commistionem,
3347 1328 3439 1372 aut
3468 1334 3601 1373 con.

2024 1406 2316 1471 fusionem,
2353 1418 2446 1461 aut
2471 1410 2875 1464 concretionem
2907 1409 3102 1462 factam
3130 1424 3249 1464 esse
3268 1411 3563 1464 statuimus
3587 1426 3603 1473 ;

2025 1501 2321 1555 asset-imus
2369 1509 2573 1563 autem,
2639 1499 2870 1555 Verbum
2921 1501 3072 1554 carni
3122 1502 3301 1555 anima
3352 1504 3625 1572 rationali,

2024 1591 2276 1662 perfectae
2305 1603 2358 1647 et
2394 1592 2724 1658 informatar,
2794 1595 2951 1648 modo
3000 1609 3160 1664 quem
3214 1595 3386 1664 ipsum
3426 1598 3603 1650 solum

2024 1684 2174 1740 novit
2210 1686 2454 1754 (nostra:
2482 1686 2625 1740 enim
2673 1686 2870 1740 lttellliS
2926 1696 3142 1755 captum
3181 1689 3296 1744 haec
3329 1704 3414 1743 res
3441 1704 3613 1744 cxce-.

2026 1777 2169 1847 dit),
2207 1778 2422 1832 unitum
2450 1793 2592 1832 esse.
2627 1776 2823 1832 Mansit
2873 1779 3055 1849 itaque
3096 1780 3241 1836 Deus
3272 1783 3435 1835 etiam
3483 1766 3606 1850 post

2026 1868 2451 1937 assumptionem
2513 1868 2947 1937 carnis;estque
2980 1884 3120 1924 unus
3174 1867 3267 1924 Dei
3321 1879 3374 1925 et
3425 1868 3606 1926 Patris

336 1965 418 2025 τὸς
448 1966 543 2017 καὶ
573 1966 687 2037 πρὸ
718 1968 922 2032 παντὸς
949 1970 1166 2033 αἰῶνος,
1203 1970 1296 2023 καὶ
1325 1970 1539 2040 χρόνου,
1565 1971 1699 2025 καθὸ
1726 1974 1919 2026 νοεῖται

2027 1959 2196 2014 Filius
2223 1959 2483 2015 Dominus
2512 1968 2698 2013 noster
2717 1956 2878 2014 Jcsus
2916 1958 3185 2023 Christus,
3224 1958 3366 2017 i'dem
3395 1973 3449 2015 et
3480 1972 3605 2016 ante

340 2056 521 2123 Λόγος,
559 2058 659 2111 καὶ
690 2060 984 2132 χαρακτὴρ
1014 2060 1115 2130 τῆς
1146 2062 1500 2125 ὑποστάσεως
1532 2062 1718 2129 αὑτοῦ,
1751 2065 1844 2118 καὶ
1870 2067 1928 2119 ὲν

346 2149 585 2219 ἐσχάτοις
630 2154 847 2220 καιροῖς
897 2154 1258 2224 οἰκονομικῶς
1317 2155 1601 2227 ἄνθρωπος
1654 2156 1721 2209 δι’
1781 2159 1928 2229 ἡμᾶς

352 2240 598 2307 γεγονὼς.
640 2242 860 2314 Ἐπειδὴ
878 2244 937 2297 δὲ
963 2237 1252 2316 ἄναιροῦσί
1272 2263 1419 2310 τινες
1452 2247 1549 2318 τὴν
1580 2248 1721 2302 κατὰ
1747 2250 1925 2321 σάρκα

356 2330 598 2402 γέννησιν
632 2332 811 2399 αὐτοῦ,
847 2334 948 2405 τὴν
990 2336 1056 2389 ὲκ
1093 2337 1191 2408 τῆς
1234 2336 1397 2406 ἁγίας
1441 2338 1721 2410 Παρθένου
1767 2356 1927 2408 γεγε-

353 2422 581 2491 νημένην
608 2425 697 2477 ἐπὶ
732 2427 983 2498 σωτηρίᾳ
1017 2426 1126 2480 τῶν
1169 2427 1328 2491 ὅλων,
1359 2430 1460 2481 οὐκ
1496 2432 1577 2494 είς
1623 2430 1798 2502 ἀρχὴν
1828 2430 1923 2485 τοῦ

337 2506 474 2563 εἶναι
507 2512 779 2567 καλοῦσαν
808 2515 999 2582 αὐτὸν,
1030 2517 1146 2571 ἀλλ’
1177 2518 1264 2572 ἵνα
1308 2520 1456 2589 ἡμᾶς
1501 2519 1785 2592 ἀπαλλάξῃ
1832 2520 1924 2575 0a-

327 2602 510 2669 νάτου,
569 2605 669 2659 καὶ
727 2604 959 2678 φθορᾶς,
1017 2608 1262 2679 γεγονὼς
1314 2608 1437 2664 καθ’
1495 2612 1642 2681 ἡμᾶς
1676 2652 1689 2664 .
1720 2611 1924 2681 ταύτης

317 2695 488 2749 ἕνεκα
524 2699 626 2769 τῆς
650 2700 834 2764 αἰτίας
864 2703 893 2754 6
924 2700 1143 2772 πρῶτος
1171 2704 1303 2773 ἡμῖν
1351 2701 1792 2773 ἀναθεματισμὸς
1820 2721 1923 2758 κα-

312 2789 641 2861 τακέκραγε
688 2793 790 2862 μὲν
822 2794 922 2864 τῆς
958 2794 1185 2847 ἐκείνων
1220 2796 1607 2862 κακοπιστίας,
1642 2796 1703 2850 τὸ
1745 2797 1802 2850 δὲ
1832 2798 1924 2870 ὀρ-

312 2880 425 2945 θῶς
460 2882 589 2952 ἕχον
628 2883 905 2954 ὁμολογεῖ,
938 2884 1070 2938 Θεὸν
1101 2880 1239 2938 εἶναι
1273 2885 1448 2955 λέγων
1472 2886 1613 2940 κατὰ
1661 2888 1922 2960 ἀλήθειαν

305 2972 401 3025 τὸν
438 2974 809 3046 Ἐμμανουήλ
829 2993 842 3005 ·
876 2979 970 3029 καὶ
1004 2976 1091 3030 διά
1123 2977 1284 3031 τοῦτο
1312 2978 1574 3032 Θεοτόκον
1608 2981 1708 3050 τὴν
1760 2981 1921 3049 ἁγίαν

306 3064 628 3135 Παρθένον.

774 3285 1360 3342 ΑΝΑΘΕΜΛΤΙΣΜΟΣ
1401 3289 1474 3343 B'.

373 3419 454 3474 Εἴ
471 3436 562 3483 τις
591 3419 699 3489 οὐχ
725 3419 982 3489 ὁμολογεῖ
1007 3420 1174 3490 σαρκὶ
1204 3419 1325 3474 καθ’
1347 3421 1646 3475 ὑπόστασιν
1677 3423 1917 3493 ἡνῶσθαι

301 3514 397 3567 τὸν
446 3514 521 3565 ὲκ
571 3510 717 3564 Θεοῦ
771 3510 985 3582 Πατρὺς
1015 3511 1208 3580 Λόγον,
1244 3511 1340 3566 ἕνα
1385 3529 1446 3565 τε
1496 3509 1636 3566 εἷναι
1686 3515 1919 3585 Χριστὸν

307 3604 455 3675 μετὰ
508 3602 615 3672 τῆς
661 3601 798 3665 ἰδίας
833 3601 1057 3673 σαρκὸς,
1087 3602 1179 3656 τὸν
1221 3603 1385 3659 αὑτὸν
1422 3603 1665 3673 δηλονότι
1697 3606 1830 3659 Θεόν
1856 3624 1916 3659 τε

305 3697 472 3767 ὁμοῦ,
524 3695 627 3749 καὶ
665 3693 978 3766 ἄνθρωπονο
1017 3694 1265 3765 ἀνάθεμα
1294 3694 1454 3752 ἔστω.

912 3807 1227 3875 Ἕπίλυσις
1271 3808 1352 3871 β’.

394 3926 455 3979 '0
511 3923 815 3986 θετπέσιος
862 3921 1066 3992 γράφει
1104 3919 1337 3983 Παῦλος,
1384 3922 1413 3973 ὁ
1456 3919 1564 3973 τῶν
1615 3918 1773 3973 θείων
1814 3937 1917 3992 μυ-

328 4019 555 4089 στηρίων
614 4013 905 4087 ίερουργός
928 4029 940 4040 ⁸
997 4032 1015 4063 ι
1079 4010 1557 4082 Ὀμολογουμένως
1605 4011 1748 4081 μέγα
1798 4012 1914 4065 ἐστὶ

332 4112 391 4163 τὸ
414 4115 509 4182 τῆς
547 4109 847 4171 εὐσεϐείας
891 4107 1208 4179 μυστήριον·
1241 4105 1373 4168 Θεὸς
1414 4107 1471 4157 ὲν
1520 4104 1684 4174 σαρκὶ
1719 4105 1914 4172 ἐφανε-

331 4202 504 4274 ρὼθη’
556 4199 864 4270 ἐδικαιώθη
928 4201 986 4251 ὲν
1043 4197 1360 4269 πνεύματι·
1413 4195 1568 4267 ὤφθη
1621 4195 1910 4264 ἀγγέλοις·

323 4293 601 4365 ἐκηρύχθη
628 4291 846 4345 ἔθνεσιν
870 4308 883 4322 ·
915 4288 1212 4358 ἐπιστεύθη
1259 4290 1317 4340 ἐν
1352 4287 1541 4357 κόσμῳ
1567 4304 1581 4318 ·
1633 4285 1910 4359 ἀνελήφθη

316 4388 371 4440 ἐν
589 4404 608 4436 ι
651 4383 718 4436 Τί
744 4377 837 4436 οὖν
869 4372 986 4434 ἐστι
1011 4381 1089 4445 τὸ,
1129 4399 1146 4431 ι
1193 4376 1546 4449 Ἐφανερώθη
1569 4379 1624 4431 ὲν
1653 4378 1852 4450 σαρκί;
1886 4396 1903 4429 ι

310 4476 583 4540 τουτέστι,
619 4474 823 4543 Γέγονε
856 4472 996 4545 σάρξ
1020 4475 1047 4527 ό
1086 4475 1150 4527 ὲκ
1186 4473 1321 4526 Θεοῦ
1364 4473 1580 4541 Πατρὸς
1620 4472 1811 4541 Λόγος,
1849 4474 1907 4526 οὐ

306 4568 448 4621 κατὰ
480 4567 850 4638 μετάστασιν,
887 4565 921 4637 ἢ
952 4565 1179 4637 τροπὴν,
1222 4568 1325 4636 τῆς
1353 4564 1547 4618 ἑαυτοῦ
1588 4564 1805 4633 φύσεως
1830 4566 1909 4629 εἰς

2027 2067 2186 2108 omne
2216 2052 2470 2108 saeculum
2502 2061 2556 2106 et
2592 2060 2827 2119 tempus,
2865 2061 3134 2120 quatenus
3158 2053 3390 2109 Verbum
3412 2054 3606 2109 intelli-

2027 2146 2191 2216 gitur,
2228 2156 2282 2199 et
2305 2144 2474 2214 ﬁgura
2499 2143 2828 2199 substantia:
2866 2144 2982 2213 ejus
3012 2143 3079 2211 ι’,
3108 2154 3159 2197 et
3196 2145 3248 2198 in
3290 2145 3606 2201 novissimis

2028 2235 2361 2305 temporibus
2384 2233 2779 2303 dispensatoria
2808 2235 3021 2289 ratione
3049 2235 3218 2289 nostri
3244 2250 3407 2292 causa
3441 2238 3605 2293 homo

2024 2325 2221 2382 factus.
2252 2327 2387 2392 Quia
2422 2339 2551 2380 vero
2577 2324 2821 2380 nonnulli
2864 2327 3204 2382 nativitatem
3235 2328 3378 2384 illius
3406 2344 3601 2385 secun-

2025 2417 2149 2472 dum
2185 2428 2407 2470 carnem
2461 2425 2683 2483 propter
2709 2416 2949 2471 omnium
2984 2414 3237 2484 salutem,
3290 2434 3396 2489 qua
3428 2420 3604 2477 editus

2025 2516 2194 2562 estex
2225 2516 2411 2562 sancta
2442 2505 2686 2577 Virgine,
2719 2506 3026 2562 inﬁciantur
3052 2508 3203 2579 (qua!
3231 2511 3484 2566 nativitas
3504 2513 3605 2568 hoc

2025 2598 2100 2653 illi
2132 2613 2235 2654 non
2267 2600 2516 2664 contulit,
2549 2609 2608 2654 ut
2644 2608 2754 2654 tum
2789 2600 3021 2670 primum
3057 2615 3175 2655 esse
3205 2601 3486 2671 inciperet,
3510 2604 3605 2658 sed

2025 2702 2082 2746 ut
2114 2692 2268 2747 nobis
2333 2692 2532 2748 similis
2598 2693 2772 2748 lactus
2825 2711 2854 2746 a
2908 2703 3082 2748 morte
3143 2704 3197 2748 et
3254 2697 3635 2764 corruptione'

2027 2798 2125 2838 nos
2168 2784 2492 2855 liberaret):
2524 2784 2685 2856 148
2717 2794 3001 2855 propterea
3046 2787 3253 2855 primus
3299 2787 3387 2841 hic
3422 2798 3606 2842 noster

2023 2875 2510 2930 anatltematismus
2564 2876 2617 2929 in
2664 2891 2971 2945 perversam
3018 2878 3232 2933 illorum
3265 2877 3423 2933 ﬁdem
3454 2882 3604 2933 inre-

2022 2967 2169 3021 hitur
2198 2985 2211 3021 :
2244 2976 2355 3022 tum
2390 2982 2539 3033 vero,
2567 2970 2710 3038 quod
2751 2981 2912 3025 rectae
2950 2971 3070 3026 ﬁdei
3125 2982 3230 3037 est,
3292 2972 3602 3039 conﬁtetur,

2022 3055 2433 3111 Emmanuelem
2497 3058 2793 3113 secundum
2837 3060 3117 3114 veritatem
3150 3060 3319 3114 Deum
3368 3076 3491 3118 esse
3522 3063 3603 3116 di-

2022 3162 2150 3202 cens
2204 3156 2369 3217 atque
2410 3149 2531 3203 ideo
2563 3158 2809 3204 sanctam
2837 3149 3116 3221 Virginem
3153 3152 3458 3221 Deiparam.

2444 3281 3087 3341 ASATHEMATISMUS
3119 3282 3181 3338 ll.

2078 3420 2150 3485 ‘Si
2188 3420 2310 3489 quis
2337 3434 2441 3474 non
2470 3418 2780 3484 conﬁtetur,
2830 3418 2922 3473 Dei
2957 3417 3136 3475 Patris
3173 3419 3410 3476 Verbum
3448 3426 3599 3480 carni

2020 3515 2316 3567 secundum
2375 3511 2707 3583 hypostasim
2758 3510 2991 3578 unitum,
3028 3528 3303 3584 unumque
3345 3530 3448 3568 una
3474 3531 3595 3571 cum

2020 3618 2117 3658 Stta
2167 3618 2329 3658 carne
2358 3619 2481 3660 esse
2510 3604 2811 3667 Christum,
2846 3604 3097 3677 eumdem
3147 3606 3401 3662 nimirum
3430 3607 3598 3662 Deum

2002 3695 2259 3755 simulet
2290 3696 2589 3761 hominem,
2627 3695 2914 3750 anathema
2943 3695 3033 3749 sit.

2506 3809 2831 3879 Explanatio
2858 3811 3110 3864 secunda.

2090 3923 2316 3979 Divinas
2350 3923 2571 3989 Paulus,
2620 3939 2775 3979 sacer
2817 3924 2907 3978 ille
2940 3924 3244 3979 divinorum
3306 3927 3601 3996 mysterio-

2019 4030 2136 4070 rum
2173 4015 2465 4084 interpres,
2524 4014 2600 4068 ita
2651 4014 2889 4069 scribit:
2936 4033 2955 4065 ι
3018 4015 3301 4070 Manifeste
3345 4031 3592 4085 magnum

2016 4109 2365 4178 estpietatis
2422 4118 2866 4162 sacramentum:
2898 4108 3041 4164 Deus
3094 4108 3473 4167 manifestatus
3514 4121 3597 4165 est

2017 4199 2069 4253 in
2104 4198 2649 4268 carne,justiﬁcatus
2684 4208 2765 4253 est
2793 4200 2843 4253 in
2886 4200 3103 4268 spiritu,
3154 4202 3595 4270 apparuitange-

2015 4289 2105 4352 lis,
2137 4289 2463 4359 praedicatus
2480 4298 2563 4343 est
2587 4291 2860 4361 gentibus,
2899 4292 3140 4346 creditus
3181 4294 3339 4347 estin
3371 4296 3593 4356 mundo,

2014 4392 2328 4454 assumptus
2374 4392 2460 4437 est
2514 4383 2568 4436 in
2607 4382 2778 4454 gloria
2804 4381 2866 4437 ¹³.
2909 4400 2927 4434 ι
2966 4382 3104 4449 Quid
3138 4384 3299 4454 igitur
3329 4393 3411 4438 est
3452 4384 3593 4451 quod

2014 4477 2168 4542 dicit,
2206 4496 2223 4528 ι
2257 4476 2634 4531 Manifestatus
2668 4486 2751 4531 est
2797 4477 2849 4530 in
2895 4478 3112 4532 carne?
3153 4496 3170 4528 ι
3209 4477 3311 4531 hoc
3341 4487 3449 4542 est,
3497 4477 3592 4531 Dei

2012 4566 2190 4622 Patris
2212 4566 2451 4622 Verbum
2483 4583 2612 4622 caro
2656 4567 2853 4622 factum
2899 4576 3022 4621 est:
3066 4582 3171 4620 non
3208 4568 3351 4637 quod
3397 4582 3594 4623 secun-

304 4659 493 4731 σάρκα
531 4656 1084 4728 μεταπεποιημένης,
1128 4655 1203 4719 ὡς
1243 4654 1343 4726 ἠδη
1387 4653 1741 4725 προείπομεν,
1774 4654 1909 4709 ίδίαν

2021 4660 2140 4713 dum
2165 4659 2437 4728 propriam
2470 4666 2718 4712 naturam
2743 4672 3085 4722 conversum,
3121 4670 3210 4711 aut
3264 4668 3592 4712 transmuta-

302 4754 358 4807 δὲ
415 4752 635 4824 μᾶλλον
693 4748 1065 4819 ποιησάμενος
1110 4747 1289 4819 σάρκα
1336 4746 1435 4816 τὴν
1486 4748 1551 4800 ἐκ
1600 4748 1702 4817 τῆς
1751 4734 1911 4815 ἁγίας

303 4845 629 4917 Παρθένου,
672 4836 754 4904 εἷς
799 4841 895 4895 καὶ
936 4841 964 4893 ὁ
994 4838 1156 4903 αὐτὸς
1208 4838 1565 4909 χρηματίζων
1614 4838 1770 4902 Υἱός·
1805 4838 1912 4910 πρὸ

305 4936 404 5007 μὲν
430 4936 542 5006 τῆς
567 4931 1045 5003 ὲνανθρωπήσεως
1069 4931 1142 4995 ὡς
1172 4929 1413 5000 ἄσαρκος
1442 4929 1521 4983 ἔτι
1551 4930 1742 4998 Λόγος,
1772 4929 1910 5000 μετὰ

299 5027 355 5081 δὲ
383 5028 491 5100 τὴν
523 5022 949 5096 ὲνανθρώπησιν
972 5021 1052 5075 ἔτι
1078 5023 1105 5074 6
1134 5020 1296 5084 αὐτὸς
1318 5021 1375 5075 ὲν
1403 5019 1615 5090 σώματι
1636 5020 1678 5073 ι.
1699 5020 1911 5091 Ταύτῃ-

298 5119 379 5173 τοί
414 5134 617 5189 φαμεν
644 5116 737 5169 τὸν
768 5114 933 5168 αὐτὸν
961 5113 1228 5185 ὑπάρχειν
1257 5112 1391 5165 Θεόν
1418 5129 1477 5165 τε
1507 5111 1644 5182 ὁμοῦ
1689 5112 1784 5166 καὶ
1810 5113 1905 5189 ἄν·

292 5211 552 5285 θρωπον,
582 5209 647 5262 οὐ
687 5207 991 5270 διιστάντες
1035 5207 1113 5268 εἰς
1155 5203 1442 5273 ἄνθρωπον
1488 5202 1670 5268 ἰδικῶς
1709 5221 1769 5257 τε
1810 5188 1905 5259 καὶ

292 5304 587 5375 ἁναμέρος
622 5299 881 5372 κείμενον
929 5295 1029 5367 τὴν
1072 5296 1161 5347 ἐπ’
1190 5294 1339 5365 αὐτῷ
1383 5294 1638 5365 θεωρίαν,
1700 5293 1795 5347 καὶ
1825 5296 1904 5358 εἰς

292 5394 431 5449 Θεὸν
478 5394 662 5462 Λόγον
696 5389 914 5454 ίδικῶς·
946 5388 1032 5441 ἵνα
1078 5387 1151 5457 μὴ
1192 5386 1286 5439 δύο
1323 5386 1533 5456 νοῶμεν
1577 5386 1747 5451 υἱοὺς,
1788 5385 1902 5437 ἀλλ’

371 5575 416 5605 ¹⁸
442 5571 567 5628 Jac.
596 5587 640 5636 1,
673 5570 763 5625 t7.
843 5569 886 5600 "
911 5566 1076 5621 Hebr.
1112 5583 1149 5630 ι,
1175 5566 1229 5619 '5.
1312 5564 1395 5617 "l
1429 5563 1572 5618 Tim.
1604 5579 1683 5630 ιιι,
1720 5560 1801 5618 16.

2014 4762 2123 4805 tum
2176 4751 2248 4806 sit
2301 4752 2353 4805 in
2378 4766 2621 4815 carnem,
2658 4758 2718 4804 ut
2750 4751 2907 4804 modo
2955 4750 3270 4805 dicebamus
3306 4767 3321 4815 ;
3370 4750 3466 4805 sed
3498 4765 3592 4818 po-

2013 4841 2119 4895 tius
2186 4840 2327 4908 quod
2392 4853 2614 4894 carnem
2684 4854 2750 4893 ex
2805 4849 2992 4893 sancta
3041 4836 3266 4909 Virgine
3319 4849 3589 4909 sumptam

2012 4931 2285 5001 propriam
2307 4932 2407 4985 sibi
2432 4929 2642 4995 fecerit,
2663 4945 2802 4986 unus
2820 4930 3071 5000 idemque
3092 4930 3261 4987 Filius
3288 4931 3586 4987 exsistens:

2012 5034 2138 5078 ante
2181 5024 2610 5079 incarnationem
2662 5023 2879 5093 quidem
2914 5034 3167 5093 tanquam
3200 5023 3438 5079 Verbum
3467 5035 3588 5079 tan-

2012 5123 2126 5169 tum
2157 5115 2336 5169 carnis
2374 5128 2613 5184 expers;
2648 5123 2768 5184 post
2815 5116 3251 5170 incarnationem
3280 5130 3408 5171 vero
3449 5117 3589 5170 idem

2012 5208 2173 5261 etiam
2208 5208 2529 5276 incorpore.
2556 5207 2627 5261 At
2670 5209 2798 5263 hinc
2855 5217 2941 5263 est
3005 5218 3064 5263 ιιι
3120 5209 3368 5263 eumdem
3418 5206 3588 5262 Deum

2011 5296 2173 5351 simul
2209 5308 2263 5351 et
2311 5299 2583 5352 hominem
2642 5314 2763 5354 esse
2800 5300 3065 5363 dicamus,
3110 5314 3216 5353 non
3270 5299 3590 5352 divellentes

2011 5402 2133 5441 eum
2193 5389 2244 5442 in
2286 5389 2557 5444 hominem
2601 5405 2843 5446 seorsum
2874 5406 2970 5460 per
3013 5405 3071 5444 se
3113 5389 3368 5459 positum,
3421 5398 3477 5442 et
3531 5388 3585 5442 in

1374 5718 1550 5773 Varim
1583 5719 1847 5775 lectiones
1870 5733 1933 5774 ex
1968 5716 2155 5772 codice
2182 5714 2560 5786 Seguieriano.

382 5887 399 5943 ί
439 5887 677 5955 πέφηνε,
755 5883 783 5921 k
808 5880 941 5951 γάρ.
1021 5876 1039 5916 ὶ
1074 5880 1102 5930 ὁ
1134 5877 1296 5941 αὐτὸς
1328 5873 1663 5945 ἐνσώματος.

513 5984 797 6043 Parant“
838 5977 953 6039 Gtt.
1010 5973 1279 6037 LXXVI.

3194 5967 3262 6029 10
