4080 6414
526 421 626 476 109

1565 414 1622 470 S.
1666 412 1943 469 CYRILLI
1984 412 2459 469 ALEXANDRINI
2498 413 2823 471 ARCIIIEP.

3704 406 3841 481 500-

524 536 693 591 Deum
728 535 962 590 Verbum
1002 532 1296 602 sejunctim
1335 545 1432 601 per
1485 532 1544 587 Se
1578 532 2009 596 consideratum,
2056 547 2118 588 ne

2228 532 2323 585 ἕνα
2359 534 2451 586 καὶ
2479 533 2569 609 τὸν
2613 533 2777 588 αὑτὸν
2803 531 3192 604 ὁμολογοῦντες
3217 534 3307 589 τὸν
3351 534 3515 591 αὐτὸν
3551 536 3811 609 Χριστὸν,

521 631 657 684 duos
710 629 813 683 hac
875 627 1087 682 ratione
1161 624 1303 680 ﬁlios
1355 623 1884 695 intelligamus;sed
1950 639 2117 678 unum

520 718 878 787 eamdemque
909 718 1189 772 Christum
1246 725 1300 771 et
1346 714 1545 769 Filium
1591 724 1644 769 et
1688 714 1971 768 Dominum
1997 728 2119 770 esse

521 809 862 865 conﬁtentes.
883 809 985 876 Qui
1020 818 1202 862 autem
1236 808 1339 862 hoc
1364 822 1523 862 secus
1551 806 1754 860 habere
1775 806 2116 872 existimant,

521 912 615 955 aut
662 916 769 956 non
808 902 884 956 ita
927 902 1118 956 volunt
1163 903 1413 964 credere,
1473 900 1569 952 sed
1610 913 1779 951 unum
1807 897 2003 952 Filium
2063 899 2118 952 in

521 998 659 1051 duos
682 995 1104 1064 dispertiuutur,
1126 1005 1181 1050 et
1218 1009 1338 1064 qua!
1387 1006 1446 1046 re
1474 992 1588 1061 ipsa
1632 990 1921 1060 conjuncta
1969 1000 2117 1057 sunt,

446 1080 459 1089 ’
523 1104 551 1142 a
599 1103 658 1143 se
717 1087 1072 1157 disjungunt,
1140 1087 1401 1155 aiuntque
1469 1082 1743 1139 hominem
1819 1082 2118 1137 secundum

523 1181 804 1248 dignitatis
856 1180 937 1232 vel
999 1178 1340 1233 auctoritatis
1386 1175 1725 1230 consortium
1785 1174 1895 1228 Deo
1987 1187 2121 1228 con-

518 1274 763 1342 junctum
795 1286 915 1325 esse
948 1288 963 1335 ;
996 1285 1091 1324 eos
1120 1285 1149 1322 a
1178 1279 1326 1323 recta
1355 1268 1744 1338 ineulpataque
1777 1268 1880 1322 [ide
1914 1267 2120 1322 alienos

524 1365 773 1417 dicimus.
830 1360 1090 1427 Quamvis
1137 1374 1268 1429 ergo
1331 1363 1610 1428 apostolus
1673 1358 1984 1413 nominetur
2015 1360 2114 1423 η’,

525 1466 831 1525 unctusque
863 1462 917 1509 et
945 1452 1038 1507 Dei
1077 1451 1250 1507 Filius
1291 1453 1607 1522 designatus
1648 1451 1864 1505 dicatur
1899 1450 1965 1513 “‘,
2012 1467 2118 1505 non

525 1547 902 1601 erubescimus
970 1543 1452 1612 dispensationem.
1525 1540 1873 1596 Aﬂirmamns
1936 1552 2117 1595 autem

528 1639 620 1692 Dei
648 1636 826 1691 Patris
866 1635 1100 1690 Verbum
1138 1645 1268 1689 tunc
1317 1633 1534 1687 demum
1582 1633 1884 1701 apostolum
1939 1634 2118 1686 nomi-

527 1741 737 1796 natum,
785 1737 839 1784 et
862 1729 1142 1784 nobiscum
1192 1726 1494 1782 secundum
1520 1726 1915 1779 humanitatem
1962 1727 2122 1780 inun-

525 1833 671 1877 ctum
704 1837 847 1885 esse,
877 1822 1098 1889 quando
1122 1820 1316 1873 similis
1352 1816 1513 1889 149
1541 1804 1697 1871 nobis
1724 1817 1885 1871 homo
1917 1817 2115 1872 factum

2222 625 2316 678 καὶ
2348 608 2500 689 Υἱὸνξ
2533 627 2629 679 καὶ
2657 626 2886 695 Κύριον.
2918 626 3057 690 Τοὺς
3081 626 3138 679 δὲ
3165 627 3240 699 μὴ
3269 627 3442 692 οὕτως
3474 608 3619 699 ἔχειν
3655 632 3815 686 ὑπει-

2220 714 2486 786 ληφότας,
2522 717 2688 786 ἧγουν
2722 718 3000 770 πιστεύειν
3049 716 3350 783 ἐθέλοντας,
3383 720 3717 791 διορίζοντας
3752 724 3816 776 δὲ

2221 808 2301 870 είς
2323 807 2470 870 υἱοὺς
2496 807 2589 861 δύο
2613 808 2704 860 τὸν
2730 808 2848 873 ἕνα,
2884 808 2978 861 καὶ
3009 808 3318 873 διιστάντας
3347 811 3443 864 ἀπ’
3473 810 3719 882 ἀλλήλων
3743 813 3817 866 τά

2221 899 2474 970 ἡνωμένα
2520 899 2663 953 κατά
2693 899 2973 969 ἀλήθειαν,
3006 900 3316 970 φάσκοντας
3354 902 3411 956 δὲ
3452 904 3592 956 κατά
3642 904 3819 974 μόνην

2190 991 2321 1062 ιτὴν
2350 990 2528 1056 ἀξίαν,
2558 993 2678 1062 ἤτοι
2720 992 3028 1057 αὑθεντίαν,
3064 993 3356 1065 ἀνθρώπου
3390 993 3648 1063 γενέσθαι
3683 1011 3819 1049 συν-

2223 1082 2420 1151 ἀφειαν
2442 1084 2579 1153 πρὸς
2604 1084 2757 1147 Θεὸν,
2783 1084 2881 1153 τῆς
2909 1084 3095 1155 ὀρθῆς,
3119 1088 3212 1138 καὶ
3234 1086 3541 1156 ἀμωμήτου
3574 1086 3818 1149 πίστεως

2221 1172 2537 1244 ἀλλοτρίους
2569 1169 2713 1227 εἷναί
2749 1191 2953 1245 φαμεν.
2991 1174 3153 1227 Ὥστε
3211 1175 3315 1227 κᾶν
3349 1174 3645 1237 ἀπόστολος
3693 1176 3817 1227 ὀνο-

2225 1264 2485 1336 μάζηται,
2522 1266 2623 1319 κᾶν
2655 1265 2939 1337 κεκρίσθαι
2985 1264 3233 1335 λέγηται,
3268 1266 3361 1319 καὶ
3394 1266 3474 1328 είς
3518 1265 3647 1319 Υίὸν
3673 1263 3807 1335 ὡρίο

2224 1357 2347 1411 σθαι
2389 1356 2546 1419 Θεοῦ,
2573 1359 2674 1410 οὐκ
2719 1357 3089 1427 αἰσχυνόμεθα
3128 1356 3226 1428 τὴν
3251 1356 3583 1427 οἰκονομίαν.
3638 1358 3818 1410 Αὑτὸν

2220 1447 2279 1501 δέ
2312 1467 2492 1520 φαμεν
2524 1449 2614 1503 τὸν
2646 1452 2710 1502 ὲκ
2747 1449 2881 1503 Θεοῦ
2909 1449 3123 1519 Πατρὸς
3153 1450 3346 1518 Λόγον,
3387 1449 3475 1502 ὅτε
3511 1448 3632 1501 καθ’
3662 1450 3818 1519 ἡμᾶς

2221 1542 2444 1610 γέγονεν
2472 1543 2779 1613 ἄνθρωπος,
2806 1542 3127 1613 ὠνομάσθαι
3163 1541 3228 1613 δὴ
3273 1542 3394 1595 τότε
3436 1542 3529 1595 καὶ
3579 1542 3817 1595 ἀπόστο-

2222 1633 2330 1698 λον,
2363 1635 2459 1688 καὶ
2493 1634 2780 1705 κεχρῑσθαι
2819 1634 2876 1687 δὲ
2919 1633 3041 1705 μεθ’
3081 1633 3239 1704 ἡμῶν
3268 1637 3409 1687 κατά
3436 1634 3496 1687 τὸ
3535 1632 3820 1699 ἀνθρώπια-

2222 1746 2332 1782 νον.
2378 1728 2438 1782 '0
2481 1728 2591 1800 γὰρ
2623 1728 2859 1798 γεγονὼς
2909 1727 3031 1782 καθ’
3072 1729 3245 1799 ἡμᾶς,
3290 1729 3339 1780 εί
3369 1727 3460 1781 καὶ
3508 1727 3819 1798 μεμένηκεν

2221 1821 2360 1893 ὅπερ
2405 1816 2497 1892 ἦν,
2559 1822 2621 1875 οὐ
2669 1822 3017 1893 παραιτεῖται
3067 1820 3137 1873 τά
3188 1819 3366 1889 ἡμῶν.
3428 1820 3717 1891 Προσίεται
3758 1818 3817 1872 δι

524 1922 626 1969 est.
660 1911 762 1978 Qui
800 1879 946 1965 enim
1002 1909 1158 1963 nobis
1191 1879 1537 1963 assimilatas
1569 1917 1677 1972 est,
1713 1907 1840 1963 licet
1881 1908 1933 1962 id
1968 1909 2114 1977 quod

2225 1879 2442 1984 μᾶλλον,
2455 1879 2592 1982 ὁμοῦ
2622 1879 2863 1982 τοῖςπῆς
2903 1879 3321 1982 ἀνθρωπόττιτος
3369 1879 3588 1980 μέτροις
3620 1908 3689 1962 τά
3723 1908 3817 1961 ἀν-

524 2013 643 2059 erat
694 2003 976 2068 manserit,
1029 2016 1148 2070 qua:
1194 2007 1379 2054 nostra
1425 2007 1551 2054 sunt
1616 2014 1722 2053 non
1779 2009 2110 2056 aversatur:

526 2096 635 2149 imo
659 2108 788 2147 vero
831 2102 1058 2163 propter
1114 2092 1577 2162 dispensationem
1632 2106 1695 2146 ea
1746 2092 1949 2158 omnia,
1995 2107 2115 2162 qua:

527 2188 592 2240 ad
618 2188 913 2240 humanam
958 2194 1208 2238 naturam
1248 2184 1551 2252 pertinent,
1583 2197 1706 2236 cum
1751 2182 2112 2240 humanitatis

2222 2003 2471 2076 θρὼπινα
2493 2004 2581 2057 διὰ
2609 2005 2709 2075 τὴν
2745 2002 3080 2073 οἰκονομίαν,
3126 2000 3282 2055 οὐδὲν
3331 1999 3581 2055 ἐντεῦθεν
3608 2001 3689 2065 είς
3734 2002 3814 2055 οί-

2220 2097 2375 2151 κείαν
2405 2095 2764 2166 ἀδικούμενος
2788 2094 2966 2161 δόξαν,
3000 2094 3033 2165 ἦ
3067 2092 3227 2164 φύσιν
3259 2110 3272 2123 ·
3309 2092 3425 2146 ἐστι
3469 2094 3578 2164 γὰρ
3614 2092 3696 2146 ἐτι
3720 2091 3814 2148 καὶ

2219 2187 2364 2242 οὕτω
2395 2188 2550 2253 Θεὸς,
2583 2189 2678 2242 καὶ
2704 2186 2813 2240 τῶν
2839 2187 2977 2241 ὅλων
3022 2185 3248 2256 Κύριος.

527 2275 798 2332 mensuris
822 2273 989 2329 simul
1052 2273 1345 2328 admittit:
1398 2285 1576 2341 neque
1602 2271 1771 2326 ullum
1840 2272 1967 2328 hinc
2003 2282 2185 2331 tamen
2220 2280 2518 2333 secundum
2571 2278 2846 2349 propriam
2900 2287 3180 2344 naturam,
3233 2273 3317 2331 vel
3366 2274 3811 2349 gloriam,detri-

528 2371 770 2428 men'tum
818 2369 973 2440 capit
1003 2384 1017 2422 :
1056 2384 1138 2424 εει
1180 2369 1328 2424 enim
1381 2367 1563 2423 adhuc
1598 2368 1766 2423 etiam
1811 2368 1917 2425 hoc
1950 2371 2115 2428 modo
2152 2374 2294 2431 Deus
2319 2390 2383 2431 ac
2420 2375 2684 2431 Dominus
2722 2374 2993 2430 einnium.

939 2485 1587 2544 ANATIIEMATISMUS
1623 2486 1712 2545 ΙΙΙ.

601 2604 659 2659 Si
688 2604 809 2674 quis
847 2603 899 2657 in
937 2618 1045 2656 uno
1078 2601 1293 2657 Christo
1325 2612 1448 2672 post
1486 2604 1744 2658 unionem
1783 2602 1979 2658 dividit
2013 2604 2115 2675 hy-

529 2707 799 2768 postascs,
839 2696 1095 2765 ipsasque
1144 2710 1208 2748 ea
1265 2703 1474 2748 tantum
1524 2696 1918 2765 conjunctione
1978 2697 2120 2751 inter

528 2806 589 2844 se
615 2787 911 2850 connectit,
934 2802 1053 2855 qua:
1075 2794 1158 2839 est
1189 2787 1489 2841 secundum
1524 2786 1861 2856 dignitatem,
1908 2776 2018 2843 hoc
2037 2801 2121 2845 est

527 2882 932 2943 auctoritatem,
989 2877 1074 2933 vel
1131 2889 1481 2949 potestatem,
1532 2888 1589 2932 et
1650 2895 1754 2933 non
1808 2894 1874 2934 eo
1936 2882 2118 2947 potius

528 2987 815 3036 concursu,
843 2971 935 3040 qui
984 2980 1069 3025 est
1106 2970 1407 3025 secundum
1467 2971 1776 3025 naturalem
1807 2971 2063 3027 unionem
2101 2990 2114 3025 :

528 3064 817 3118 anathema
849 3062 938 3117 sit.

1082 3173 1383 3229 Dtclaralio
1418 3176 1597 3231 tertia.

600 3288 874 3346 lncarnati
934 3287 1208 3359 Unigeniti
1274 3290 1733 3356 dispensatorium
1803 3294 2119 3363 mysterium

529 3389 783 3435 accurate
805 3378 1167 3446 inquirentes,
1199 3376 1291 3429 Dei
1332 3374 1512 3431 Patris
1543 3376 1779 3431 Verbum
1807 3378 2119 3432 admirabili

531 3470 1010 3541 inexplicabiliqne
1071 3470 1253 3533 modo,
1316 3477 1510 3523 sancto
1580 3469 1797 3540 corpori
1879 3472 2120 3525 animam

533 3563 764 3619 rationis
797 3571 1103 3628 compotem
1145 3559 1364 3614 habenti
1412 3560 1622 3614 unitum
1650 3562 1881 3616 dicimus
1910 3580 1925 3630 ;
1959 3574 2123 3632 atque

532 3659 605 3712 ita
629 3670 842 3726 quoque
875 3671 1041 3723 unum
1080 3667 1202 3708 esse
1235 3652 1434 3707 Filium
1464 3653 1838 3725 intelligimus;
1859 3657 2122 3725 quemad-

533 3748 753 3805 modum
787 3748 1042 3802 nimirum
1089 3753 1143 3801 et
1186 3747 1238 3799 in
1284 3745 1443 3800 nobis
1490 3745 1621 3815 ipsis
1677 3763 1902 3803 cernere
1960 3748 2115 3803 licet:

533 3851 666 3900 sunt
694 3854 825 3896 sane
858 3839 1041 3894 anima
1093 3845 1148 3893 et
1194 3852 1393 3907 corpus
1420 3848 1627 3892 natura:
1657 3838 1904 3907 diversae,
1929 3848 1985 3895 at
2015 3841 2121 3895 duo

533 3937 650 3990 haec
685 3937 828 3988 inter
875 3946 935 3988 se
969 3930 1259 4000 conjuncta
1311 3945 1476 3984 unum
1528 3932 1732 3986 animal
1760 3935 2118 3989 constituunt.

532 4026 731 4083 Verum
772 4035 899 4081 sunt
940 4024 1031 4092 qui
1060 4024 1219 4077 aliter
1254 4022 1370 4077 hac
1405 4021 1606 4077 habere
1643 4025 1956 4092 opinantur.
1991 4024 2119 4079 Sta-

535 4128 693 4174 tuunt
742 4118 794 4173 hi
849 4118 1002 4171 nobis
1039 4117 1318 4172 ltOmittcm
1373 4129 1619 4170 seorsum
1656 4131 1750 4184 per
1779 4132 1860 4182 sc,
1886 4130 2122 4187 eumque

533 4209 628 4264 Dei
653 4207 828 4263 Patris
868 4208 1044 4263 Verbo
1085 4207 1381 4269 secundum
1416 4207 1588 4261 solam
1628 4208 1947 4278 dignitatem
2005 4208 2123 4263 sive

533 4302 919 4357 auctoritatem
973 4300 1322 4371 conjunctum
1357 4301 1547 4356 dicunt
1582 4315 1598 4364 ;
1640 4300 1936 4354 secundum
1966 4308 2124 4353 natu-

532 4394 700 4451 ralem
754 4402 958 4458 autem,
1017 4392 1120 4447 hoc
1163 4403 1269 4459 est,
1328 4407 1511 4446 veram
1539 4391 1819 4453 unionem,
1844 4401 1900 4445 et
1926 4399 1986 4444 ut
2024 4406 2123 4445 nos

534 4486 824 4553 credimus,
857 4500 1224 4556 nequaquam.
1270 4482 1407 4538 Nam
1451 4482 1527 4537 ita
1557 4483 1722 4537 etiam
1762 4479 1941 4536 divina
1973 4480 2124 4535 Scri-

533 4589 690 4650 ptura
717 4578 885 4633 dicit:
925 4597 943 4630 ι
978 4577 1043 4632 Ει
1071 4591 1298 4633 eramus
1337 4585 1529 4630 natura
1580 4573 1672 4627 lilii
1714 4575 1830 4637 ira},
1876 4573 2023 4629 sicut
2067 4582 2123 4627 et

534 4673 721 4729 caeteri
750 4673 793 4704 ¹⁸
822 4688 843 4738 ;
877 4690 898 4725 ι
934 4671 1087 4738 illud,
1119 4680 1335 4735 natura,
1385 4680 1611 4723 sumens
1652 4680 1769 4736 pro,
1828 4679 1975 4720 vero.
2016 4666 2117 4733 Qui

535 4766 719 4833 itaque
786 4763 1169 4819 subsistentias
1239 4769 1361 4831 post
1426 4759 1679 4813 unionem
1739 4757 2007 4822 dividunt,
2066 4767 2121 4812 et

534 4854 798 4923 singulas,
843 4855 945 4910 hoc
990 4864 1099 4919 est,
1158 4852 1325 4907 Deum
1372 4860 1428 4907 et
1479 4850 1777 4915 hominem,
1824 4851 2116 4920 separatim

533 4957 763 5019 ponunt,
793 4946 1066 5017 talemque
1095 4945 1309 5001 illarum
1347 4943 1594 5013 copulam
1628 4942 1968 5013 contingunt,
1998 4958 2116 5013 quae

535 5039 835 5095 secundum
909 5039 1079 5095 solam
1133 5036 1452 5106 dignitatem
1500 5037 1787 5105 contingit,
1841 5036 1917 5090 illi
1985 5035 2120 5092 duos

534 5133 759 5198 omnino
831 5131 971 5186 lilios
1041 5130 1435 5191 constituunt;
1495 5142 1617 5182 cum
1690 5137 1867 5182 tamen
1931 5127 2117 5184 divina

536 5223 820 5293 Scriptura
843 5237 1012 5278 unum
1049 5219 1246 5274 Filium
1285 5230 1339 5275 et
1378 5220 1665 5275 Dominum
1701 5235 1823 5276 esse
1861 5219 2114 5277 allii-met.

536 5312 716 5379 Quare
759 5321 884 5383 post.
931 5324 1188 5364 arcanam
1248 5310 1394 5365 illam
1448 5303 1721 5379 copulam,
1778 5311 1895 5366 sive
1944 5310 2113 5365 Deum

2659 2489 3256 2545 ΑΝΑΘΕΜΛἸῚΣΜΘΣ
3306 2489 3382 2545 Γ.

2292 2604 2360 2658 Et
2381 2621 2464 2667 τις
2488 2603 2579 2658 ἐπὶ
2600 2603 2695 2657 τοῦ
2722 2604 2841 2668 ἐνὸς
2872 2603 3111 2675 Χριστοῦ
3135 2604 3336 2675 διαιρεῖ
3353 2603 3451 2667 τάς
3483 2603 3809 2667 ὑποστάσεις

2225 2697 2364 2769 μετὰ
2382 2698 2481 2767 τὴν
2508 2698 2725 2762 ἕνωσιν,
2756 2698 2891 2769 μόνῃ
2933 2697 3220 2750 συνάπτων
3245 2697 3414 2760 αὑτάς
3447 2696 3714 2766 συναφείᾳ
3747 2699 3809 2766 τῇ

2221 2789 2364 2842 κατά
2391 2789 2488 2858 τὴν
2517 2788 2693 2854 ἀξίαν,
2733 2789 2904 2859 ἤγουν
2934 2787 3249 2852 αὐθεντίαν,
3282 2786 3315 2858 ἢ
3345 2786 3685 2852 δυναστείαν,
3718 2789 3814 2839 καὶ

2223 2882 2343 2952 οὐχὶ
2372 2882 2435 2953 δὴ
2464 2882 2662 2952 μᾶλλον
2690 2881 2910 2935 σύνοδον
2940 2880 3038 2953 τὴν
3060 2896 3095 2919 υ·
3129 2880 3250 2935 καθ’
3272 2880 3467 2933 ἕνωσιν
3494 2880 3731 2951 φυσικήν
3754 2891 3808 2917 ο·

2224 2973 2475 3044 ἀνάθεμα
2512 2974 2672 3028 ἔστω.

2816 3081 3127 3146 Ἐπίλυσις
3166 3086 3239 3151 τ’.

2150 3190 2193 3248 C
2298 3197 2410 3265 Τῆς
2438 3195 2576 3268 μετά
2622 3194 2825 3269 σαρκὸς
2867 3195 3181 3267 οἰκονομίας
3210 3194 3305 3249 τοῦ
3338 3194 3680 3263 Μονογενοῦς
3712 3212 3813 3249 πο-

2222 3288 2737 3360 λυπραγμονοῦντες
2781 3289 2842 3342 τὸ
2876 3291 3196 3360 μυστήριον,
3245 3288 3561 3361 παραδόξως
3609 3304 3670 3341 τε
3718 3291 3815 3342 καὶ

2222 3381 2552 3453 ἀπορρήτοις
2613 3381 2856 3451 ἡνῶσθαι
2915 3396 3096 3453 φαμεν
3148 3381 3292 3451 ἁγίῳ
3353 3380 3568 3451 σώματι
3627 3379 3814 3451 ψυχὴν

2223 3473 2397 3544 ἔχοντι
2421 3474 2666 3546 λογικὴν,
2712 3474 2803 3527 τὸν
2837 3476 2904 3528 ὲκ
2947 3474 3082 3528 Θεοῦ
3114 3474 3328 3546 Πατρὸς
3352 3474 3561 3542 Λόγον·
3611 3472 3708 3526 ἕνα
3751 3490 3812 3526 τι

2223 3568 2318 3619 καὶ
2362 3565 2507 3619 οὕτω
2552 3565 2783 3636 νοοῦμεν
2839 3566 2988 3630 Υίδν,
3042 3565 3295 3637 καθάπερ
3349 3565 3544 3635 ἀμέλει
3588 3566 3683 3618 καὶ
3723 3564 3813 3633 ἐφ’

2223 3657 2381 3728 ἡμῶν
2412 3658 2592 3712 αὐτῶν
2628 3659 2837 3724 ἔξεστιν
2866 3658 3018 3724 ἰδεῖν,
3046 3658 3320 3728 ἑτεροφυᾶ
3363 3656 3463 3726 μὲν
3491 3655 3570 3727 τῷ
3600 3655 3813 3726 σώματι

2222 3751 2322 3822 τὴν
2366 3750 2565 3821 ψυχὴν,
2608 3750 2747 3821 πλὴν
2792 3751 2872 3813 είς
2910 3748 2969 3803 ἓν
3017 3750 3184 3820 ἄμφω
3222 3746 3360 3813 ζῶον
3401 3745 3808 3816 συντεθειμένα.

2236 3841 2376 3895 Ἀλλ’
2423 3842 2522 3912 οὐχ
2568 3840 2711 3894 οὕτω
2755 3841 2910 3894 ταῦτ’
2941 3841 3085 3912 ἔχειν
3130 3839 3418 3894 ὐπονοοῦσί
3469 3855 3633 3902 τινες.
3684 3839 3811 3891 ’Λν-

2224 3934 2442 4006 θρωπον
2481 3933 2538 3987 δὲ
2569 3932 2878 3997 διιστάντες
2923 3935 3056 4004 ἡμῖν
3105 3931 3207 3986 ἀνά
3254 3931 3419 4002 μέρος
3462 3932 3557 3983 καὶ
3628 3929 3813 3993 ίδικῶς

2226 4023 2497 4095 συνῆφθαί
2545 4040 2708 4093 φασιν
2765 4023 2929 4077 αὐτὸν
2973 4021 3053 4093 τῷ
3101 4024 3165 4076 ὲκ
3212 4021 3348 4075 Θεοῦ
3394 4020 3605 4091 Πατρδς
3650 4019 3816 4088 φύντι

2224 4118 2382 4189 Λόγῳ
2407 4116 2551 4172 κατά
2583 4116 2754 4188 μόνην
2799 4114 2895 4186 τὴν
2942 4115 3121 4180 ἀξίαν,
3165 4115 3332 4186 ἦγουν
3366 4113 3462 4183 τὴν
3503 4113 3810 4167 αύθεντίαψ

2223 4212 2286 4265 οὐ
2326 4211 2447 4265 καθ’
2477 4211 2672 4263 ἕνωσιν
2706 4207 2961 4280 φυσικὴν,
2985 4208 3261 4261 τουτέστιν
3288 4206 3483 4278 ἀληθῆ,
3513 4207 3606 4259 καὶ
3639 4205 3815 4260 καθά-

2224 4319 2331 4371 περ
2374 4305 2534 4374 ήμεῖς
2587 4299 2938 4371 πιστεύομεν.
2969 4299 3125 4353 Οὕτω
3165 4299 3273 4370 γάρ
3320 4298 3422 4351 πού
3455 4315 3585 4368 φησι
3636 4298 3730 4351 καὶ
3776 4300 3813 4369 ἠ

2225 4393 2346 4447 θεία
2378 4393 2570 4465 Γραφή
2594 4410 2607 4424 ’
2646 4412 2664 4444 ι
2698 4392 2809 4446 Καὶ
2846 4387 2990 4463 ἦμεν
3017 4391 3184 4445 τέκνα
3216 4389 3376 4458 φύσει
3399 4390 3588 4461 ὀργῆς,
3613 4388 3689 4453 ὡς
3718 4390 3814 4442 καὶ

2225 4485 2274 4538 οί
2318 4484 2515 4549 λοιποὶ,
2569 4504 2588 4537 ι
2634 4482 2697 4537 τὸ
2728 4484 2931 4554 φύσει,
2966 4482 3087 4537 ἀντὶ
3126 4480 3255 4547 τοῦ,
3304 4480 3542 4548 ἀληθῶς,
3588 4477 3815 4549 λαμδά-

2225 4597 2411 4636 νουσα.
2448 4580 2512 4633 Οί
2560 4577 2894 4651 διαιροῦντες
2934 4576 3113 4630 τοίνυν
3155 4575 3255 4638 τὰς
3298 4573 3626 4637 ὑποστάσεις
3673 4573 3817 4642 μετά

2225 4673 2327 4744 τὴν
2354 4672 2573 4734 ἕνωσιν,
2595 4672 2688 4725 καὶ
2713 4671 2819 4724 ἀνά
2861 4669 3027 4741 μέρος
3068 4667 3305 4731 τιθέντες
3335 4665 3627 4737 ἑκατέραν,
3655 4680 3818 4718 τουτ-

2227 4766 2374 4820 έστιν
2410 4763 2700 4836 ἄνθρωπον
2752 4762 2847 4816 καὶ
2900 4761 3054 4827 Θεὸν,
3120 4759 3216 4812 καὶ
3289 4757 3631 4819 ἐπινοοῦντες
3688 4772 3818 4809 συν-

2224 4858 2421 4928 ἀφειαν
2451 4856 2634 4918 αὐτοῖς
2667 4855 2766 4926 τὴν
2800 4853 2942 4908 κατά
2966 4868 3029 4922 γε
3067 4851 3237 4923 μόνην
3268 4850 3366 4918 τὴν
3396 4849 3571 4916 ἀξίαν,
3592 4847 3685 4901 δύο
3709 4865 3816 4899 που

2226 4950 2448 5014 πάντως
2499 4948 2719 5001 ίστῶσιν
2778 4945 2959 5009 υἱούς’
3051 4941 3230 4998 καίτοι
3284 4941 3383 5013 τῆς
3454 4938 3818 4994 θεοπνεύστου

2226 5042 2450 5114 Γραφῆς
2478 5041 2574 5094 ἕνα
2599 5038 2864 5109 λεγούσης
2912 5036 3056 5099 Υίὸν,
3093 5034 3188 5088 καὶ
3220 5033 3445 5105 Κύριον.
3478 5031 3641 5084 Ὥστε
3674 5030 3822 5102 μετά

2224 5132 2325 5203 τὴν
2367 5132 2605 5203 ἄρρητον
2655 5129 2869 5193 ἕνωσιν,
2918 5126 3021 5181 κᾶν
3068 5124 3203 5179 Θεὸν
3244 5124 3519 5195 ὀνομάσῃς
3547 5123 3638 5176 τὸν
3684 5122 3823 5192 Ἐμ-

2228 5222 2489 5296 μανουὴλ,
2524 5220 2878 5293 σαρκωθέντα
2911 5236 2972 5272 τε
3005 5217 3100 5272 καὶ
3136 5215 3636 5288 ὲνανθρωπήσαντα
3663 5212 3825 5266 νοοῦ-

2226 5331 2328 5387 μεν
2350 5316 2513 5386 ήμετς
2537 5313 2628 5367 τὸν
2659 5316 2723 5367 ὲκ
2750 5310 2885 5366 Θεοῦ
2912 5310 3125 5382 Πατρὸς
3152 5308 3327 5376 Λόγον
3349 5324 3363 5339 ·
3397 5307 3502 5360 κᾶν
3525 5304 3822 5375 ἄνθρωπον

537 5406 786 5461 nomines
819 5401 1253 5469 Emmanuelem,
1304 5402 1648 5458 incarnatum
1690 5413 1746 5459 et
1790 5403 2115 5458 inhumana-

2222 5404 2408 5476 εἴπῃς,
2451 5404 2603 5458 οὐδὲν
2635 5398 2799 5475 ἦττον
2847 5401 3056 5455 ἑκείνον
3102 5397 3288 5462 αὐτὸν,
3329 5396 3386 5451 ἐν
3436 5396 3549 5450 τοῖς
3587 5394 3690 5466 τῆς
3726 5393 3824 5448 ἀν-

610 5561 677 5595 no
700 5559 864 5618 Hebr,
893 5576 975 5627 ιιι⁹
1004 5560 1055 5615 1.
1134 5561 1179 5594 ιδ
1205 5561 1348 5620 Psal.
1385 5579 1531 5631 xuv,
1561 5563 1624 5632 8;
1655 5561 1819 5618 llehr.
1852 5578 1894 5630 ι,
1922 5563 1976 5618 9.

2072 5559 2340 5631 ".Ephes.
2367 5577 2429 5628 tt,
2469 5561 2522 5616 6.
3488 5550 3567 5595 .t.
3613 5556 3629 5583 ι

1589 5719 1761 5775 Variae
1793 5718 2059 5775 lectiones
2085 5733 2153 5775 ex
2176 5718 2363 5777 codice
2394 5719 2778 5793 Seguieriauo.

594 5853 633 5882 "
663 5858 867 5927 συνόδῳ
898 5857 983 5927 τῇ.
1065 5870 1091 5898 η
1121 5858 1350 5929 φυσικῇ.
