4080 6414
154 490 161 501 ι
254 433 361 518 5m

1313 450 1725 507 EXI‘LIC.\TIO
1764 448 2120 507 DUODECIM
2161 447 2409 504 CAPITU
2422 446 2493 501 Μ.

3446 442 3553 497 502

249 577 619 649 Θρωπότητος
675 574 899 646 μέτροις
953 572 1296 643 καθηγμὲνον
1348 568 1705 641 οἰκονομικῶς
1750 570 1866 622 ἐπι-

1974 565 2201 619 ιιιιιιοῦθὶ
2246 563 2427 617 Patris
2457 561 2691 615 Verbum
2725 560 3028 630 accipimus
3061 576 3074 612 :
3118 558 3233 611 sive
3280 557 3552 611 hominem

246 668 630 738 γινώσκομεν.
672 665 962 733 Γεγονέναι
1001 665 1056 717 δέ
1089 682 1270 735 φαμεν
1306 665 1467 718 αὐτὸν
1494 671 1518 697 ο
1551 662 1722 715 ἁπτὸν
1770 660 1862 713 τὸν

245 761 482 829 ἁπιαφῆσ
538 758 739 831 ὁρατὸν
784 759 878 811 τὸν
929 759 1179 826 ἀόρατον.
1229 757 1304 809 Οὐ
1335 755 1443 826 γὰρ
1472 752 1539 827 ἦν
1583 753 1864 822 ἀλλότριον

245 852 427 907 αὐτοῦ
480 851 545 903 τὸ
603 849 807 904 ἑνωθὲν
841 850 991 919 αύτῷ
1045 848 1225 920 σῶμα,
1276 848 1305 901 ὃ
1354 848 1449 900 καὶ
1497 844 1671 899 ἁπτόν
1723 838 1864 896 εἷναί

245 960 464 1013 φαμεν,
504 943 603 995 καὶ
646 941 865 1013 ὁρατόν.
903 941 1042 1004 Τοὺς
1080 940 1136 993 δὲ
1181 938 1258 1011 μὴ
1298 937 1441 991 οὕτω
1481 935 1863 1001 πιστεύοντας,

246 1035 583 1097 διιστῶντας
621 1034 716 1098 δὲ,
764 1034 839 1098 ὡς
878 1033 1035 1105 ἔφην,
1074 1032 1173 1097 τὰς
1221 1031 1546 1094 ὑποστάσεις
1578 1028 1719 1100 μετά
1763 1027 1863 1099 τὴν

214 1118 474 1190 Ἔνωσιν,
536 1128 633 1179 καὶ
686 1125 853 1195 ψιλὴν
910 1127 1102 1189 αὑταῖς
1160 1125 1456 1194 συνάφειαν
1514 1122 1862 1184 ἐπινοοῦντας

259 1218 398 1273 κατὰ
441 1218 621 1290 μόνην
650 1220 752 1292 τὴν
803 1217 981 1282 ἀξίαν,
1031 1220 1200 1288 ἤγουν
1233 1216 1542 1281 αὐθεντίαν,
1588 1215 1865 1286 ἁλλοτριοϊ

258 1311 363 1365 τῶν
398 1310 546 1382 ὀρθὰ
589 1309 939 1381 φρονούντων
985 1319 1014 1360 ι)
1056 1311 1083 1363 ὁ
1120 1309 1478 1383 προκείμενος
1529 1307 1901 1378 ἀναθεματι-κ

258 1401 414 1473 σμός.

1964 656 2190 719 dixeris,
2232 671 2331 711 nos
2369 669 2523 723 atque
2582 654 2709 706 illml
2738 653 2912 721 ipsum
2965 652 3094 722 (Dei
3136 650 3410 719 Verbum)
3459 664 3553 720 per

1963 748 2424 818 dispensationem
2464 748 2514 801 in
2558 759 2841 800 mensuras
2870 740 3228 799 humanitatis
3252 745 3551 797 demissum

1966 843 2335 912 agnoscimus.
2412 838 2655 892 Dicimus
2732 839 2913 907 itaque
2988 837 3163 907 ipsqu
3224 836 3554 907 palpabilem

1967 932 2166 988 factum
2199 948 2340 998 esse,
2368 920 2460 1002 qui
2498 931 2858 1002 impalpabilis
2908 940 3023 997 est;
3055 939 3111 985 et
3134 931 3426 998 visibilem,
3460 931 3554 1000 qui

1971 1026 2277 1083 invisibilis.
2312 1026 2428 1079 Non
2484 1025 2628 1080 enim
2670 1025 2909 1079 alienum
2954 1034 3076 1079 erat
3132 1023 3295 1094 150
3341 1025 3409 1078 ab
3464 1024 3555 1078 illo

1972 1134 2171 1189 corpus
2228 1118 2372 1187 quod
2396 1118 2502 1172 sibi
2543 1118 2740 1183 univit,
2776 1117 2916 1186 quod
2963 1117 3152 1185 utique
3194 1115 3467 1185 palpabile
3503 1123 3558 1169 et

1980 1211 2196 1266 visibile
2240 1211 2491 1265 dicimus.
2544 1210 2652 1264 Eos
2704 1224 2857 1273 vero,
2898 1211 2989 1279 qui
3033 1209 3106 1263 ita
3160 1224 3267 1262 non
3300 1207 3556 1270 credunt,

1968 1302 2061 1359 sed
2101 1300 2486 1357 subsistentias
2531 1311 2653 1369 post
2693 1301 2970 1359 unionem,
3014 1308 3073 1353 ttt
3104 1298 3265 1353 modo
3320 1298 3556 1362 aiebam,

1968 1395 2496 1461 dividuut;eamque
2527 1391 2725 1446 nudam
2764 1392 3005 1459 ipsarum
3058 1391 3312 1445 unionem
3337 1389 3557 1458 excogi-

253 1503 396 1561 tant,
433 1508 555 1563 qua
590 1493 644 1547 in
688 1492 804 1547 sola
871 1492 1138 1563 dignitate
1194 1492 1310 1547 sive
1352 1490 1678 1546 auctoritate
1744 1488 2018 1556 consistit,
2056 1492 2377 1559 preposltus
2444 1484 2533 1540 hic
2619 1484 3107 1579 apathematismus
3141 1482 3211 1538 ab
3250 1482 3318 1538 iis
3349 1481 3557 1537 alienos

250 1601 376 1643 esse
404 1586 624 1658 judicat
665 1587 758 1657 qui
805 1601 925 1657 quae
968 1598 1113 1642 recta
1172 1594 1300 1641 sunt
1337 1586 1544 1642 sentire
1580 1592 2009 1642 consueverunt.

714 1698 1314 1753 ΔΝΑΘΕΜΑΤῙΣΜΟΣ
1350 1678 1431 1753 Δις

329 1813 393 1867 Et
422 1830 513 1877 τις
549 1811 873 1884 προσώποις
898 1813 1074 1879 δυσὶν,
1101 1813 1268 1885 ἤγουν
1290 1812 1643 1879 ὑποστάσεσι,
1673 1813 1771 1877 τάς
1800 1827 1861 1864 τε

2271 1689 2280 1699 ·
2379 1672 3024 1749 ANATHEMATISMUS
3063 1689 3152 1747 tv.

2043 1806 2102 1864 Si
2146 1808 2268 1877 quis
2316 1805 2528 1860 duabus
2573 1805 2825 1875 personis
2868 1805 2984 1860 sive
3029 1802 3416 1874 bypostasibus
3461 1817 3556 1855 cas

265 1908 320 1960 ὲν
343 1908 456 1970 τοῖς
488 1904 883 1973 εῦαγγε).ικοῖς
916 1905 1013 1959 καὶ
1043 1906 1422 1970 ἁποστολικοῖς
1454 1903 1860 1975 Συγγράμμασι

1970 1913 2126 1955 voces
2176 1895 2449 1964 attribuit,
2497 1911 2618 1966 qua:
2662 1896 2715 1949 in
2761 1894 3090 1965 evangelicis
3139 1902 3195 1949 et
3244 1891 3557 1963 apostolicis

265 1997 507 2067 διανέμει
530 1995 798 2066 φωνὰς,ῆ
824 1996 919 2049 ἐπὶ
949 1995 1175 2068 Χριστῷ
1201 1997 1356 2068 παρά
1381 1996 1491 2050 τῶν
1516 1996 1686 2066 ἀγίων
1710 1995 1867 2064 λεγο-

281 2090 459 2159 μένας,
501 2089 537 2160 ἦ
586 2090 723 2160 παρ’
757 2087 927 2142 αὐτοῦ
969 2089 1097 2161 περὶ
1131 2089 1325 2143 ἑαυτοῦ
1347 2107 1360 2120 ’
1398 2090 1495 2144 καὶ
1527 2091 1628 2152 τὰς
1663 2089 1761 2161 μὲν
1789 2087 1865 2152 ὡς

285 2179 548 2251 ἀνθρώπῳ
584 2178 739 2251 παρά
792 2179 887 2232 τὸν
920 2180 987 2232 ὲκ
1030 2178 1167 2233 Θεοῦ
1211 2180 1426 2252 Πατρὸς
1468 2180 1642 2249 Λόγον
1684 2179 1865 2243 ἰδικῶς

290 2269 559 2339 νοουμένῳ
580 2269 909 2340 προσάπτει,
945 2269 1044 2334 τὰς
1071 2270 1127 2323 δὲ
1157 2270 1232 2335 ὡς
1261 2271 1589 2344 θεοπρεπείς
1617 2270 1765 2343 μόνῳ
1788 2270 1865 2342 τῷ

288 2359 356 2412 ἐκ
378 2358 511 2412 Θεοῦ
544 2358 745 2430 Πατρὸς
776 2359 970 2431 Λόγῳ’
1013 2358 1265 2433 ἀνάθεμα
1290 2360 1451 2416 ἔστω.

855 2557 1172 2625 Ἐπίλυσις
1208 2557 1280 2613 δ’.

347 2668 439 2723 Ἕν
469 2672 658 2741 μορφῇ
702 2671 797 2724 καὶ
830 2671 1045 2743 ἰσότητι
1078 2672 1172 2727 τοῦ
1215 2672 1354 2726 Θεοῦ
1389 2673 1485 2727 καὶ
1514 2672 1727 2744 [ἰατρὸς
1759 2673 1866 2727 ὓπ-

261 2761 451 2832 ἁρχων
486 2764 515 2815 ὁ
539 2762 601 2828 ἐξ
630 2761 804 2816 αὐτοῦ
831 2763 1031 2833 Λόγος,
1062 2764 1162 2834 οὐχ
1187 2764 1480 2837 ἁρπαγμὸν
1527 2767 1773 2837 ἡγήσατο
1807 2764 1869 2818 τὸ

260 2849 405 2905 εἶναι
432 2847 532 2905 ἶσα
562 2851 714 2923 Θεῷ,
749 2851 936 2917 καθὼς
963 2852 1279 2925 γέγραπται
1300 2868 1314 2883 °
1340 2854 1548 2925 καθῆκε
1577 2855 1634 2909 δὲ
1668 2854 1868 2927 μᾶλλον

254 2944 458 2996 ἑαυτὸν
506 2946 595 3006 είς
642 2942 897 2999 ἑκούσιον
940 2945 1205 3019 κένωσιν,
1258 2946 1353 2999 καὶ
1390 2947 1867 3018 καταπεφοίτηκεν

249 3034 555 3105 ἐθελοντὴς
581 3038 643 3087 ἐν
676 3037 793 3099 τοῖς
826 3035 949 3089 καθ’
983 3037 1154 3108 ἡμᾶς,
1179 3038 1240 3119 οὐ
1268 3037 1455 3108 μεθεὶς
1477 3038 1540 3091 τὸ
1568 3033 1708 3093 εἶναι
1732 3038 1869 3111 ὅπερ

248 3129 400 3191 ἐστὶ,
453 3127 796 3199 μεμενηκὼς
828 3128 887 3181 δὲ
929 3129 1132 3200 μᾶλλον
1173 3130 1268 3184 καὶ
1297 3128 1443 3182 οὕτω
1487 3128 1642 3193 Θεὸς,
1680 3129 1776 3183 καὶ
1807 3130 1871 3182 τὸ

1972 1990 2270 2059 Scripturis
2301 1989 2502 2059 passim
2552 1996 2885 2054 occurrunt;
2923 2000 3112 2055 quave
3161 2001 3189 2039 a
3240 1986 3445 2039 sanctis
3491 1987 3558 2038 de

1967 2080 2206 2145 Christo,
2245 2080 2328 2136 vel
2377 2079 2446 2134 ab
2478 2082 2595 2150 ipso
2635 2094 2852 2150 quoque
2895 2078 3118 2134 Christo
3149 2077 3213 2132 de
3261 2076 3440 2146 seipso
3469 2078 3553 2130 di-

1969 2183 2069 2228 cta:
2100 2180 2266 2237 sunt;
2301 2180 2356 2227 et
2387 2171 2520 2227 alias
2551 2171 2770 2238 quidem
2803 2170 3012 2224 homini
3045 2167 3212 2222 veluti
3251 2181 3496 2223 seorsum
3526 2182 3556 2221 a

1969 2262 2064 2318 Dei
2106 2261 2287 2318 Verbo
2330 2263 2678 2317 considerato
2726 2260 2990 2326 ascribit;
3037 2259 3174 2315 alias
3219 2272 3377 2326 vero,
3430 2269 3554 2312 tau-

1913 2428 1917 2432 }
1969 2368 2131 2424 quam
2168 2354 2275 2409 Deo
2306 2354 2710 2420 convenientes,
2751 2352 2853 2411 soli
2888 2352 2980 2409 Dei
3012 2350 3191 2408 Patris
3215 2350 3394 2408 Verbo
3426 2352 3552 2405 ada-

1969 2457 2118 2516 ptat:
2154 2447 2441 2504 anathetna
2466 2447 2560 2503 sit.

2487 2548 2792 2616 Declaratio
2821 2570 3036 2631 quarta.

2041 2676 2135 2730 Dei
2168 2675 2346 2732 Patris
2377 2674 2613 2730 Verbum
2667 2675 2720 2729 in
2771 2673 3017 2744 ejusdem
3067 2671 3244 2729 Patris
3283 2673 3454 2727 forma
3503 2680 3560 2727 et

1970 2767 2282 2837 aequalitate
2311 2767 2603 2831 exsistens,
2650 2780 2760 2821 nou
2808 2765 3059 2839 rapinam
3106 2764 3430 2819 arbitratum
3475 2773 3560 2819 est
3662 2792 3667 2801 ι

1970 2873 2093 2914 esse
2137 2874 2196 2914 se
2239 2858 2447 2928 aequale
2487 2857 2621 2923 Deo,
2651 2866 2709 2912 ut
2734 2858 3001 2928 scriptum
3029 2864 3113 2912 est
3134 2856 3202 2922 ",
3239 2856 3333 2912 sed
3377 2856 3558 2925 potius

1970 2950 2208 3021 seipsum
2264 2960 2458 3022 sponte
2496 2949 2796 3006 exinauivit
2819 2988 2834 3014 ,
2868 2959 2926 3005 et
2967 2949 3034 3003 ad
3065 2960 3248 3005 nostra
3293 2964 3352 3004 se
3380 2949 3558 3003 demi-

1972 3041 2064 3106 sit,
2104 3056 2212 3097 non
2259 3041 2519 3097 amittens
2551 3054 2674 3095 esse
2711 3041 2854 3110 quod
2901 3049 3007 3104 est,
3047 3041 3140 3095 sed
3188 3041 3361 3110 magis
3391 3040 3554 3095 etiam

1973 3130 2076 3186 hoc
2102 3140 2261 3201 pacto
2286 3129 2427 3186 Deus
2457 3145 2806 3200 permanens,
2844 3139 2902 3186 et
2940 3130 3077 3185 nihil
3119 3145 3305 3186 eorum
3333 3146 3457 3201 quae
3488 3132 3556 3184 ad

247 3222 359 3290 τῆς
386 3219 826 3292 ἀνθρωπότητος
848 3221 952 3274 οὐκ
978 3220 1260 3292 ἀτιμάσας
1296 3221 1516 3293 μέτρον.
1543 3221 1732 3275 Πάντα
1764 3221 1867 3274 τοί-

1976 3224 2226 3278 humanae
2247 3223 2848 3281 naturaeconditionem
2881 3223 3179 3292 pertinent,
3209 3231 3554 3293 aspernatus.

247 3328 354 3365 νυν
386 3309 564 3364 αὐτοῦ
601 3310 671 3365 τά
721 3310 1004 3383 θεοπρεπῆ
1059 3314 1156 3365 καὶ
1215 3310 1555 3380 ἀνθρώπινα.
1607 3311 1718 3364 Ποῦ
1758 3311 1868 3382 γὰρ

253 3403 338 3456 ἔτι
370 3402 701 3456 κεκένωκεν
723 3402 949 3466 ἑαυτὸν,
978 3403 1028 3455 εἰ
1057 3404 1171 3466 τοῖς
1200 3402 1301 3472 τῆς
1324 3401 1744 3475 ἀνθρωπότητος
1773 3403 1869 3474 μετ

248 3512 413 3566 τροις
458 3494 854 3567 ὲπερυθριᾷιη
903 3495 1015 3547 Καὶ
1056 3495 1106 3547 εί
1154 3496 1496 3565 παρῃτεῖτοτ
1545 3494 1615 3549 τὰ
1654 3493 1869 3567 ἀνθρὼ-

254 3604 393 3641 πινα
419 3626 436 3651 ,
475 3588 563 3651 τίς
595 3587 627 3639 ὁ
662 3585 1027 3657 καταθήσαςι
1060 3586 1222 3640 αὐτὸν
1267 3586 1344 3650 ὡς
1391 3585 1452 3651 ἐξ
1495 3586 1743 3656 ἀνάγκης
1773 3587 1870 3641 καὶ

259 3677 382 3748 βίας
415 3678 504 3739 εἰς
537 3677 606 3729 τὸ
640 3675 899 3744 γενέσθαι
934 3675 1057 3729 καθ’
1101 3676 1284 3746 ἡμᾶς;
1334 3675 1521 3739 Πάσας
1551 3676 1730 3729 τοίνυν
1770 3675 1869 3738 τάς

259 3773 321 3826 ἐν
355 3774 477 3834 τοῖς
507 3768 877 3838 Εὐαγγελίοις
902 3769 1086 3838 φωνὰς
1108 3808 1122 3832 ,
1159 3768 1259 3831 τάς
1287 3785 1347 3821 τε
1378 3768 1746 3838 ἀνθρωπίνας,
1773 3767 1869 3822 καὶ

266 3865 375 3935 μὴν
399 3863 501 3915 καὶ
530 3862 637 3925 τὰς
666 3861 1023 3932 θεοπρεπεῖς,
1052 3862 1133 3914 ἐνί
1153 3862 1431 3933 προσώπῳ
1454 3858 1864 3932 προσάπτομέν.

283 3954 498 4025 Ἐπειδὴ
529 3952 635 4007 καὶ
666 3951 769 4005 ἕνα
808 3950 1139 4023 πιστεύομεν
1167 3953 1293 4006 Υἱὸν
1323 3948 1465 4006 εἶναι
1493 3952 1728 4024 Χριστὸν
1766 3953 1871 4022 ἰη-

287 4045 434 4107 σοῦν,
458 4044 747 4098 τουτέστιν
776 4044 1285 4116 ἐνανθρωπήσαντά
1310 4062 1370 4097 τε
1394 4045 1487 4098 καὶ
1513 4044 1870 4115 σεσαρκωμέ-

289 4152 373 4191 νον
398 4137 488 4190 τὸν
514 4137 615 4190 τοῦ
648 4136 793 4190 Θεοῦ
825 4136 1023 4205 Λόγον.
1053 4137 1217 4191 Ὥστε
1248 4136 1350 4191 κᾶν
1380 4136 1516 4211 λέγῃ
1550 4154 1603 4190 τι
1631 4136 1740 4190 τῶν
1777 4136 1871 4191 ἀν-

289 4224 583 4296 θρωιένων,
634 4230 757 4292 τοῖς
808 4228 910 4300 τῆς
954 4227 1380 4299 ἀνθρωπότητος
1425 4228 1590 4282 αὑτοῦ
1650 4229 1869 4301 μέτροις

283 4319 754 4391 καταλογιούμεθα
772 4319 846 4373 τὰ
868 4319 1218 4390 ἀνθρώπινα·
1247 4320 1415 4374 αὐτοῦ
1446 4319 1556 4391 γὰρ
1583 4321 1745 4375 πάλιν
1775 4320 1870 4375 καὶ

274 4411 328 4463 τὸ
351 4410 705 4481 ἀνθρώπινον
730 4428 743 4443 ’
770 4410 877 4466 κᾶν
906 4411 984 4475 ὡς
1015 4411 1148 4476 Θεὸς
1180 4411 1530 4485 διαλέγηται,
1565 4414 1699 4468 Θεὸν
1727 4409 1869 4469 εἶναι

267 4503 631 4566 πιστεύοντες
652 4502 748 4556 τὸν
773 4503 1300 4575 ὲνανθρωπήσαντα,
1326 4504 1492 4558 πάλιν
1518 4505 1593 4568 ὡς
1629 4504 1710 4557 ἐνὶ
1730 4505 1869 4575 Χρι-

1973 3315 2115 3370 Suut
2143 3316 2326 3386 itaque
2360 3315 2507 3372 illius
2538 3315 2744 3381 omnia,
2777 3331 2886 3372 non
2921 3315 3097 3371 solum
3128 3316 3333 3383 divina,
3368 3330 3555 3370 verum

1970 3408 2136 3462 etiam
2165 3408 2427 3463 humana.
2453 3408 2567 3475 Qua
2598 3408 2742 3464 enim
2774 3409 2984 3465 ratione
3012 3423 3072 3465 se
3098 3408 3271 3479 ipsum
3302 3407 3557 3463 exinani-

1971 3498 2069 3567 vit,
2101 3500 2152 3555 si
2198 3500 2452 3557 humanae
2497 3511 2706 3557 natura:
2737 3512 2923 3572 partes
2956 3501 3217 3557 erubuit?
3246 3501 3313 3557 Et
3361 3501 3406 3556 si
3453 3502 3555 3555 lm-

1974 3606 2133 3645 mana
2162 3601 2446 3647 aversatus
2482 3603 2588 3657 est,
2611 3592 2735 3663 quis
2764 3592 2911 3647 illum
2941 3601 3198 3660 tanquam
3229 3591 3558 3647 necessitate

1972 3692 2069 3738 aut
2089 3683 2144 3737 vi
2172 3684 2239 3739 ad
2265 3684 2368 3741 hoc
2397 3683 2633 3754 impulit,
2662 3691 2720 3738 ut
2745 3683 2902 3740 nobis
2922 3683 3330 3757 similislieret?
3353 3682 3555 3738 Omnes

1974 3775 2161 3842 itaque
2207 3776 2486 3848 Evangelii
2531 3791 2716 3843 voces,
2767 3778 2881 3832 sive
2934 3776 3041 3832 illa:
3085 3777 3383 3831 humanum
3425 3778 3559 3847 quid

1973 3876 2194 3933 sonant,
2226 3869 2344 3923 sive
2371 3869 2638 3933 divinum,
2675 3867 2769 3923 uni
2796 3882 3044 3938 personae
3075 3868 3366 3923 tribuimus
3391 3882 3406 3920 :
3430 3882 3556 3921 nam

1972 3968 2028 4017 et
2053 3959 2329 4016 Christum
2364 3957 2573 4022 Iesum,
2605 3958 2707 4012 hoc
2737 3966 2822 4012 est
2854 3957 3267 4011 iubumanalum
3298 3967 3354 4012 et
3380 3956 3560 4010 incar-

1973 4063 2161 4108 natum
2202 4050 2292 4105 Dei
2324 4049 2588 4113 Verbum,
2638 4064 2804 4103 unum
2844 4049 3043 4105 Filium
3092 4064 3215 4105 esse
3263 4049 3553 4105 credimus.

1973 4143 2153 4210 Quare
2182 4140 2227 4198 si
2254 4141 2381 4213 quid
2420 4139 2720 4195 humanum
2749 4138 3030 4209 prmdicat,
3065 4139 3167 4194 hoc
3198 4140 3264 4194 ad
3306 4139 3560 4194 humani-

1975 4237 2102 4292 tatis
2130 4235 2248 4304 ejus
2278 4234 2646 4291 conditionem
2678 4232 3076 4289 transferemus
3105 4231 3212 4305 (est
3242 4233 3387 4287 enim
3419 4232 3562 4287 illius

1971 4337 2029 4385 et
2077 4312 2463 4399 ipsa’quoque
2514 4324 2885 4397 humanitas);
2939 4326 2984 4380 si
3031 4339 3161 4381 vero
3200 4323 3456 4394 loquatur
3504 4336 3564 4378 ut

1974 4419 2137 4484 Deus,
2190 4420 2282 4474 uni
2333 4433 2551 4474 rursum
2603 4417 2827 4473 Christo
2873 4425 2927 4471 et
2975 4415 3114 4471 Filio
3162 4415 3563 4486 assignabimus

1973 4525 2137 4566 voces
2164 4524 2329 4580 supra
2366 4517 2617 4563 naturam
2652 4507 2912 4571 hominis,
2944 4505 3115 4561 Deum
3144 4506 3560 4561 iubumanalum

269 4594 375 4666 στῷ
418 4597 520 4650 καὶ
541 4594 667 4666 Υίῷ
690 4595 793 4656 τὰς
818 4595 960 4665 ὑπὲρ
975 4595 1267 4667 ἀνθρώπου
1280 4595 1443 4664 φύσιν
1454 4595 1867 4666 προσνεμοῦμεν

1978 4599 2128 4654 illum
2163 4614 2286 4655 esse
2333 4598 2640 4654 credentes.
2680 4597 2781 4662 Qui
2824 4611 2953 4651 vero
2995 4596 3142 4651 illum
3188 4595 3242 4649 in
3278 4596 3412 4650 duas
3442 4611 3563 4665 per-

265 4687 476 4755 φωνάς.
506 4685 580 4742 Οἱ
609 4685 670 4738 δὲ
702 4684 1017 4749 διιστάντες
1047 4687 1131 4750 εἰς
1176 4686 1271 4741 δύο
1322 4687 1612 4758 πρόσωπα,
1644 4686 1738 4740 δύο
1764 4703 1870 4739 που

262 4775 485 4839 πάντως
520 4773 841 4829 ἐπινοοῦσιν
869 4774 1043 4838 υἱούς.
1074 4776 1287 4846 ’Ὠσπερ
1316 4775 1427 4848 γάρ
1458 4776 1552 4829 τὸν
1577 4774 1700 4829 καθ’
1723 4775 1872 4845 ἡμᾶς

262 4868 557 4939 ἄνθρωπον
606 4868 711 4921 οὐκ
745 4868 829 4931 εἰς
861 4866 958 4921 δύο
1004 4868 1276 4940 πρόσωπα
1309 4867 1641 4940 διαιρεῖσθαι
1675 4869 1869 4939 θέμις,

262 4958 364 5013 κᾶν
396 4963 464 5013 ἐκ
494 4958 693 5029 ψυχῆς
717 4961 899 5012 νοοῖτο
930 4960 1026 5013 καὶ
1055 4958 1333 5031 σώματος,
1373 4960 1489 5013 ἀλλ’
1512 4954 1595 5024 εἷς
1619 4963 1759 5024 ἐστι,
1777 4960 1873 5014 καὶ

194 5113 203 5125 I
261 5051 291 5103 ό
317 5051 488 5114 αὐτὸς
520 5050 824 5122 ἄνθρωπος
849 5092 867 5117 ,
901 5049 1046 5105 οὕτω
1083 5052 1179 5105 καὶ
1217 5052 1312 5105 ἐπὶ
1358 5051 1454 5106 τοῦ
1493 5052 1861 5124 Ἐμμανουήλ.

270 5144 499 5213 Ἐπειδὴ
532 5143 649 5213 γάρ
674 5143 826 5196 ἐστιν
856 5136 938 5206 εἷς
966 5143 1095 5206 Υἱὸς
1142 5143 1238 5198 καὶ
1262 5143 1489 5214 Κύριος,
1522 5146 1552 5197 ό
1581 5161 1865 5215 σεσαρκω-

253 5234 426 5306 μένος
457 5234 567 5287 καὶ
625 5233 1062 5306 ἑνανθρωπήσας
1095 5236 1191 5289 τοῦ
1221 5234 1357 5292 Θεοῦ
1378 5237 1569 5305 Λόγος,
1600 5236 1659 5290 ἓν
1697 5237 1865 5290 αὐτοῦ

252 5329 486 5391 πάντως
504 5326 633 5380 ἐστὶ
658 5325 756 5380 καὶ
777 5327 1105 5398 πρόσωπον·
1142 5328 1239 5382 καὶ
1269 5328 1420 5399 αὐτῷ
1445 5329 1863 5401 προσνεμοῦμεν

356 5503 380 5535 ⁸
403 5503 652 5575 Philipp.
682 5517 749 5571 tt,
778 5502 834 5567 6,
864 5504 920 5558 7.

1974 4706 2138 4746 sonas
2164 4691 2431 4758 dividunt,
2479 4690 2794 4744 necessario
2834 4688 2968 4743 duos
3007 4701 3224 4756 quoque
3254 4687 3393 4743 ﬁlios
3428 4703 3530 4742 con
3559 4719 3564 4724 -

1976 4783 2204 4850 ﬁngunt.
2252 4779 2407 4835 Sicut
2447 4780 2595 4835 enim
2639 4780 2803 4834 homo
2847 4793 2915 4834 ex
2965 4779 3122 4833 nobis
3149 4778 3398 4848 quilibet,
3438 4780 3566 4833 licet

1980 4874 2134 4944 151
2174 4888 2240 4929 ex
2273 4873 2456 4927 anima
2492 4882 2546 4928 et
2576 4887 2804 4943 corpore
2844 4871 3178 4927 constitutus
3206 4870 3562 4942 intelligatur,

1978 4981 2084 5020 non
2116 4965 2388 5035 geminus,
2432 4965 2527 5019 sed
2563 4979 2705 5020 unus
2749 4973 2804 5020 et
2839 4965 2981 5019 idem
3022 4964 3186 5019 homo
3230 4973 3313 5020 est
3346 4983 3360 5019 :
3396 4965 3468 5018 ita
3498 4965 3565 5016 de

1977 5037 2333 5111 Enunaituele
2378 5071 2597 5126 quoque
2650 5057 2806 5112 nobis
2868 5057 3215 5126 cogitandum
3262 5065 3367 5111 est.
3426 5055 3563 5122 Quia

1976 5161 2211 5217 namque
2246 5146 2341 5202 Dei
2374 5145 2608 5201 Verbum
2658 5146 2999 5200 incarnatum
3034 5154 3089 5201 et
3131 5147 3295 5200 homo
3338 5145 3561 5207 factum,

1976 5254 2117 5294 unus
2151 5247 2237 5294 est
2260 5239 2429 5294 Filius
2462 5246 2518 5294 et
2554 5238 2837 5305 Dominus,
2884 5253 2990 5292 una
3036 5238 3199 5293 etiam
3227 5235 3452 5292 omnino
3478 5241 3566 5289 est

1976 5331 2147 5400 ipsius
2168 5344 2395 5401 persona
2428 5349 2441 5385 :
2475 5331 2634 5400 eique
2658 5330 2960 5385 tribuemus
2991 5339 3046 5382 et
3075 5329 3310 5383 humana
3344 5336 3564 5400 propter

1337 5656 1512 5713 Variae
1537 5658 1799 5714 lectiones
1817 5673 1883 5714 ex
1912 5659 2100 5715 codice
2130 5657 2503 5730 Seguieriauo.

338 5815 763 5895 0‘xqﬂqyuévov
790 5813 1148 5895 οἰκονομικῷς
1171 5814 1612 5895 ἐπιγινώσκομεν
1645 5814 1951 5895 γεγονέναι,
1991 5819 2174 5889 φαμὲν
2219 5821 2398 5877 τοίνυν
2442 5822 2625 5876 αὐτόν.
2708 5832 2734 5872 P
2768 5826 2985 5895 φρονεῖν
3033 5824 3318 5879 εἰωθότων.
3401 5835 3426 5878 tt
3464 5826 3561 5878 ἐπ-

260 5884 551 5960 ηρυθρίαί
600 5884 642 5926 ’τ
672 5884 992 5956 παραιτεῖτο
1091 5894 1112 5921 ⁵
1134 5884 1477 5957 κατωθήσας.
1515 5884 1859 5958 καταδήσας.
