4080 6436
546 479 649 535 30')

1530 475 1585 528 S.
1628 472 1901 529 CVRILLI
1948 473 2416 530 ALEXANDRINI
2460 474 2780 531 ARCHIEP.

3707 484 3815 536 305

547 593 689 646 illius
717 604 838 642 cum
873 601 1035 641 carne
1074 585 1561 657 dispensationem,
1594 598 1645 641 et
1681 588 1860 641 divina
1898 598 2118 658 propter

2236 588 2291 641 τά
2333 606 2389 640 τε
2434 588 2751 660 ἀνθρώπινα
2782 590 2867 643 διὰ
2893 590 2992 662 τὴν
3028 593 3344 665 οἰκονομίαν
3375 596 3474 667 τὴν
3507 599 3644 668 μετὰ
3674 617 3815 672 σαρ-

547 680 975 751 inexplicabilem
1032 679 1274 747 ejusdem
1325 694 1389 731 ex
1465 678 1623 733 Patre
1686 680 2114 748 generationem.

541 777 807 830 Ca-terum
847 772 937 842 qui
989 771 1499 828 illuminhominem
1517 772 1808 839 separatim
1847 771 2115 837 dividunt,

543 874 796 932 tanquam
844 862 931 930 qui
975 860 1114 931 alius
1161 874 1189 913 a
1241 858 1333 913 Dei
1376 860 1554 913 Verbo
1610 861 1680 912 sil
1735 859 1924 922 Filius,
1973 869 2027 913 et
2066 861 2117 914 in

542 956 711 1007 Dettttt
754 968 1022 1019 seorsum,
1078 962 1331 1022 tanquam
1366 952 1456 1021 qui
1503 950 1641 1004 alius
1692 952 1759 1006 sit
1796 952 1958 1016 filius,
1987 951 2122 1007 duos

546 1046 683 1099 tilios
746 1054 1072 1109 asserentes,
1119 1043 1375 1111 propositi
1442 1044 1882 1098 anathematismi
1934 1046 2121 1100 virtuti

545 1138 740 1191 merito
766 1135 1090 1190 subdantur.

991 1250 1644 1309 ANATIIEMATISMUS
1688 1250 1756 1306 V.

615 1375 671 1431 Si
704 1374 824 1443 quis
864 1372 1046 1427 dicere
1080 1370 1263 1432 audet,
1304 1369 1580 1423 Christum
1629 1369 1905 1423 hominem
1942 1367 2123 1424 Deile-

543 1485 684 1533 rum,
717 1482 781 1522 ac
813 1481 919 1520 non
952 1464 1130 1533 potius
1165 1476 1350 1516 verum
1397 1459 1566 1515 Demn
1598 1476 1741 1528 esse,
1774 1469 1958 1531 utpote
2004 1461 2126 1514 nni-

541 1570 665 1609 eum
706 1568 769 1607 ac
812 1550 1113 1605 naturalem
1151 1549 1357 1613 lilium;
1390 1558 1658 1618 quatenus
1702 1551 1956 1603 nimirum
1992 1547 2128 1603 Ver-

544 1645 670 1698 bum
711 1660 836 1697 caro
868 1644 1093 1707 factum,
1126 1641 1278 1695 carni
1312 1649 1367 1694 et
1394 1640 1651 1711 sanguini
1681 1641 1902 1710 perinde
1932 1656 1994 1696 ac
2029 1656 2126 1697 nos

546 1733 973 1788 cnnnnunicavit
1018 1750 1031 1785 :
1070 1732 1363 1786 anathema
1394 1732 1486 1785 sit.

1062 1840 1369 1895 Declaratio
1401 1842 1607 1911 quinm.

2222 681 2316 744 κὸς
2342 723 2356 743 ,
2395 682 2488 734 καὶ
2523 684 2630 753 μὴν
2680 684 2771 736 καὶ
2816 683 2881 736 τὰ
2914 684 3030 738 Οεῖα
3055 686 3143 739 διὰ
3188 688 3286 759 τὴν
3323 690 3386 742 ὲκ
3414 689 3548 743 Θεοῦ
3599 693 3819 764 Πατρὸς

2220 770 2533 841 ἀπόρρητον
2564 771 2837 842 γέννησιν.
2866 775 2926 826 Οἱ
2963 774 3017 826 δὲ
3055 775 3393 843 διιστῶντες,
3420 780 3512 832 καὶ
3539 781 3820 854 ἀπομερί-
3858 824 3863 831 .

2224 861 2409 926 ζοντες
2463 864 2543 925 εἰς
2598 863 2884 933 ἄνθρωπον
2927 865 3146 932 ἰδικῶς,
3181 868 3255 931 ὡς
3285 869 3473 941 ἕτερον
3514 872 3643 926 ὄντα
3684 874 3821 929 Υἱδν

2228 955 2380 1025 παρὰ
2423 955 2512 1006 τὸν
2548 958 2611 1007 ὲκ
2657 954 2791 1008 Θεοῦ
2824 957 3015 1024 Λόγον,
3068 960 3161 1011 καὶ
3197 961 3276 1023 εἰς
3311 960 3443 1015 Θεὸν
3479 962 3660 1027 ἰδικῶς
3682 1005 3698 1029 ,
3737 966 3821 1029 ὡς

2225 1046 2411 1117 ἕτερον
2441 1045 2571 1099 ὄντα
2614 1046 2747 1112 υίὸν,
2794 1047 2886 1100 δύο
2933 1047 3182 1118 λέγοντες
3236 1052 3416 1119 υἱοὺς,
3449 1053 3823 1127 ὑποφέρονται

2226 1137 2452 1201 δικαίως
2478 1140 2542 1208 τῇ
2569 1138 2797 1209 δυνάμει
2820 1139 2915 1191 τοῦ
2942 1141 3304 1210 προκειμένου
3339 1143 3817 1218 ἁναοεματισμοῦ.

2663 1253 3257 1309 ΑΝΑΘΕΜΛΤΙΣΜΟΣ
3296 1258 3374 1313 E'.

2299 1366 2368 1420 Εἴ
2395 1383 2479 1431 τις
2508 1368 2684 1438 τολμᾷ
2711 1368 2893 1437 λέγειν
2928 1368 3187 1441 Θεοφόρον
3236 1370 3527 1441 ἄνθρωπον
3557 1371 3650 1424 τὸν
3676 1373 3821 1444 Χρι-

2233 1459 2377 1522 στὸν,
2415 1460 2509 1512 καὶ
2541 1461 2661 1530 οὑχὶ
2694 1460 2758 1530 δὴ
2785 1460 2984 1530 μᾶλλον
3017 1461 3151 1514 Θεὸν
3183 1458 3325 1515 εἶναι
3357 1463 3497 1516 κατὰ
3528 1454 3818 1533 ἀλήθειαν.

2228 1551 2327 1602 καὶ
2364 1550 2493 1603 Υἱὸν
2528 1551 2646 1615 ἕνα,
2679 1552 2774 1605 καὶ
2800 1551 2981 1621 φύσει,
3015 1552 3153 1605 καθὸ
3174 1553 3366 1621 γέγονε
3392 1553 3527 1625 σὰρξ
3557 1555 3586 1606 6
3617 1555 3818 1622 Λόγος.

2228 1641 2323 1694 καὶ
2374 1642 2745 1711 κεκοινώνηκε
2798 1644 3198 1714 παραπλησίως
3244 1647 3379 1716 ἡμῖν
3426 1647 3678 1716 αἵματος,
3719 1647 3822 1699 καὶ

2230 1729 2431 1800 σαρκός
2459 1745 2473 1760 ·
2510 1730 2764 1801 ἁνὰῦεμα
2796 1730 2957 1787 ἔστω.

2810 1843 3125 1911 ἐπίλιισις
3162 1852 3226 1897 ε’.

617 1937 849 1994 Verbum
893 1934 985 1989 Dei
1018 1949 1239 1987 carnem
1288 1948 1409 1987 esse
1457 1931 1681 1997 factum,
1727 1933 1857 1988 dicit
1906 1950 2129 2005 magnus

2300 1932 2488 2002 Σὰρκα
2537 1931 2791 1999 γενέσθαι
2836 1934 3000 2003 φησὶν
3040 1935 3068 1986 6
3111 1934 3395 2002 Θεσπέσιος
3424 1939 3818 2015 εὑαγγελιστὴς

547 2028 636 2082 ille
682 2028 1011 2095 evangelista
1055 2024 1292 2079 Joalmes
1318 2025 1357 2055 ¹⁷
1395 2042 1407 2077 :
1442 2041 1548 2077 non
1584 2026 1723 2091 quod
1761 2026 1977 2095 propria
2032 2041 2129 2079 na-

549 2132 668 2174 tura
701 2125 1085 2182 transmutata,
1130 2125 1224 2169 aut
1256 2131 1516 2170 conversa
1556 2118 1605 2168 in
1640 2132 1860 2169 carnem
1900 2118 2130 2170 transie-

551 2211 641 2274 rit,
703 2213 843 2262 sicut
883 2206 998 2273 jam
1056 2218 1184 2259 ante
1235 2204 1542 2272 expositum
1596 2213 1678 2257 est
1726 2206 1942 2274 (expers
1985 2205 2130 2259 enim

551 2300 866 2355 mutationis
915 2292 997 2352 est
1040 2307 1100 2351 ut
1139 2295 1326 2360 Dens),
1380 2298 1471 2347 sed
1516 2296 1642 2363 quia
1691 2309 1845 2363 atque
1903 2310 1966 2349 ac
2012 2312 2128 2360 nos,

550 2393 729 2447 carnis
758 2399 812 2445 et
843 2388 1123 2459 sanguinis
1148 2388 1439 2457 particeps,
1470 2395 1524 2438 et
1551 2388 1712 2441 homo
1747 2385 2000 2439 etTectum
2027 2398 2128 2441 est.

552 2487 718 2539 Sacra
752 2484 898 2538 enim
946 2481 1228 2550 Scriptura
1265 2481 1538 2534 hominem
1582 2494 1679 2533 suo
1728 2494 1877 2533 more
1910 2496 2131 2535 carnent

553 2576 819 2646 appellat;
876 2573 1138 2642 scriptum
1194 2581 1288 2640 est
1338 2571 1484 2625 enim
1532 2588 1545 2625 :
1611 2587 1629 2621 ι
1680 2567 1892 2624 Videbit
1957 2573 2132 2626 omnis

553 2682 681 2723 caro
744 2666 981 2720 salutare
1028 2664 1122 2718 Dei
1150 2662 1215 2717 ¹⁸.
1248 2681 1267 2714 ι
1321 2661 1427 2717 Sed
1474 2662 1758 2730 impiorum
1824 2662 2131 2731 dogmatum

555 2762 892 2821 inventores,
932 2755 1239 2820 Nestorius,
1282 2762 1335 2808 ct
1382 2754 1471 2823 qui
1518 2753 1664 2806 illum
1695 2762 1996 2816 sectantur,
2041 2763 2135 2808 aut

552 2852 741 2907 eadem
779 2865 900 2905 cum
950 2848 1040 2902 illo
1079 2848 1324 2916 sapiunt,
1363 2845 1763 2900 incarnationis
1792 2846 2011 2913 quidem
2041 2860 2135 2900 vo-

553 2955 669 2995 cem
723 2938 974 2994 conliteri
1021 2952 1081 2992 se
1130 2936 1406 2999 simulant,
1456 2945 1693 2989 attamen
1751 2934 1841 2990 Dei
1894 2934 2132 2991 Verbum

552 3032 853 3088 secundum
887 3031 1171 3085 veritatem
1203 3031 1569 3092 incarnatum,
1602 3029 1703 3083 hoc
1729 3038 1835 3095 est,
1866 3030 2135 3082 manendo

552 3125 694 3195 quod
738 3130 898 3187 erat,
951 3123 1223 3177 hominem
1273 3122 1444 3176 nostri
1496 3121 1730 3175 similem
1771 3119 1971 3174 factum
2015 3133 2135 3174 esse

553 3225 774 3285 negant.
813 3214 1096 3270 Allirmant
1143 3227 1347 3277 autem,
1393 3213 1729 3283 unigenitum
1774 3212 1867 3267 Dei
1902 3212 2132 3267 Verbum

554 3310 608 3364 in
639 3307 859 3363 homine
891 3322 953 3361 ex
985 3315 1172 3360 sancta
1203 3304 1420 3374 Virgine
1451 3317 1576 3357 nato
1605 3304 1827 3372 perinde
1857 3319 1920 3359 ac
1942 3305 1994 3358 in
2026 3319 2134 3359 uno

553 3402 737 3470 aliquo
760 3414 828 3453 ex
857 3398 1061 3454 sanctis
1093 3397 1444 3462 inhabitasse,
1476 3398 1548 3448 ita
1582 3407 1640 3450 ut
1666 3396 1780 3464 jam
1825 3411 1935 3451 non
1965 3411 2134 3466 Opor-

557 3502 666 3548 teat
708 3491 980 3553 contiteri,
1009 3490 1152 3559 quod
1190 3504 1330 3544 unus
1379 3490 1451 3543 sit
1490 3474 1746 3544 Christus
1785 3500 1837 3545 et
1870 3487 2043 3545 Filius
2081 3500 2136 3544 et

558 3585 819 3640 Dominus
859 3592 915 3638 et
948 3584 1292 3646 adorandus;
1339 3583 1431 3635 sed
1471 3584 1914 3651 Ianqnamhomo
1943 3597 2041 3651 per
2073 3596 2135 3637 se

557 3688 612 3732 et
645 3675 939 3746 separatim
987 3675 1314 3738 intellectus,
1348 3675 1417 3728 ob
1458 3676 1627 3728 solam
1656 3675 2052 3745 cupulationem
2083 3675 2134 3727 in

559 3768 757 3823 unione
787 3767 1064 3837 dignitatis
1112 3767 1426 3829 honoratus,
1467 3767 1625 3836 152
1657 3768 1818 3822 simul
1859 3768 2133 3835 adoretur,

557 3870 612 3914 et
647 3859 1108 3929 conglorilieetur.
1161 3855 1376 3912 llabitat
1419 3856 2134 3927 quideminnobisomnium

558 3951 701 4007 Deus
732 3965 827 4019 per
857 3949 1121 4019 Spiritum
1158 3958 1432 4004 sanetum.
1466 3948 1607 4003 Dixit
1650 3951 1795 4005 enim
1818 3951 2137 4021 jamdudmn

559 4061 657 4113 per
688 4058 852 4098 unum
896 4059 927 4098 e
959 4044 1170 4098 sanctis
1200 4042 1482 4111 prophetis
1512 4059 1528 4099 :
1563 4060 1582 4094 ι
1614 4040 1887 4107 Quoniam
1922 4042 2139 4096 inhabi-

562 4137 686 4191 tabo
731 4135 782 4188 in
814 4134 917 4199 eis,
949 4146 1004 4190 et
1037 4134 1402 4197 inambulabo,
1440 4141 1497 4187 et
1540 4148 1638 4187 ero
1686 4134 1829 4203 ipsis}
1886 4132 2050 4198 Deus,
2082 4140 2141 4188 et

558 4234 722 4279 nrtlttl
756 4225 883 4280 mihi
923 4224 1239 4294 populus".
1273 4242 1292 4276 ι
1348 4224 1552 4279 Scribit
1602 4234 1659 4279 et
1705 4226 1896 4280 beatus
1941 4225 2140 4280 Paulus

560 4331 775 4387 quoque
808 4332 822 4371 :
856 4333 876 4367 ι
907 4315 1141 4371 Nescitis
1171 4318 1296 4385 quia
1336 4315 1593 4383 templum
1626 4314 1718 4370 Dei
1743 4303 1906 4377 estis:
1933 4325 1988 4369 et
2018 4314 2143 4384 Spi-

563 4411 696 4464 ritus
731 4406 826 4463 Dei
856 4408 1066 4464 habitat
1099 4409 1152 4463 in
1197 4406 1459 4461 vobis"?
1489 4425 1506 4456 ι
1542 4405 1606 4459 Ει
1641 4406 1753 4474 ipse
1786 4406 2040 4460 Christus
2075 4406 2143 4461 de

558 4500 764 4557 sanctis
788 4504 903 4554 suis
936 4498 1239 4569 prophetis,
1276 4498 1391 4553 sive
1420 4497 1486 4551 de
1518 4498 1744 4560 sanctis,
1772 4495 1864 4563 qui
1888 4505 2140 4549 anteces-

2246 2024 2498 2093 Ἰωάννης
2547 2024 2639 2076 τὸν
2672 2024 2764 2077 τοῦ
2793 2024 2930 2077 Θεοῦ
2962 2025 3154 2094 Λόγον.
3191 2029 3251 2081 οὑ
3283 2030 3422 2083 κατὰ
3460 2034 3809 2102 μετάστασιν,

2233 2118 2264 2186 ἢ
2298 2120 2504 2190 τροπὴν
2535 2119 2633 2188 τῆς
2669 2118 2807 2180 ἰδίας
2853 2117 3068 2186 φύσεως
3112 2122 3189 2183 εἰς
3231 2120 3409 2190 σάρκα
3446 2140 3813 2196 μεταπεποιη-

2237 2209 2416 2277 μένον,
2452 2210 2701 2279 καθάπερ
2741 2209 2844 2280 ἤδη
2874 2210 3212 2280 προείπομεν
3234 2225 3248 2239 ’
3286 2213 3398 2283 ἔχει
3427 2214 3534 2285 γὰρ
3564 2215 3625 2267 τὸ
3652 2218 3818 2268 ἀναλο

2233 2299 2456 2352 λοίωτον
2486 2301 2559 2361 ὼς
2595 2298 2727 2362 Θεός
2754 2315 2767 2328 ·
2802 2298 2919 2352 ἀλλ’
2939 2300 3020 2352 ὅτι
3051 2299 3449 2371 κεκοινώνηκεν
3481 2305 3612 2374 ἡμῖν
3639 2322 3820 2376 παρα-

2234 2391 2476 2459 πλησίως
2506 2391 2741 2459 αἵματος
2770 2431 2784 2455 ,
2817 2393 2911 2445 καὶ
2944 2392 3174 2463 σαρκὸς,
3211 2393 3306 2446 καὶ
3336 2394 3562 2462 γέγονεν
3599 2395 3819 2466 ἄνθρω-

2235 2498 2333 2543 πος
2356 2498 2368 2509 ·
2397 2480 2516 2543 ἒΟος
2546 2480 2654 2550 γὰρ
2682 2484 2746 2553 τῇ
2783 2482 3128 2553 θεοπνεύστῳ
3185 2484 3374 2555 Γραφῇ
3400 2485 3577 2556 σάρκα
3611 2487 3703 2539 τὸν
3728 2488 3811 2541 ἄνα

2235 2570 2451 2640 Ορωπον
2503 2572 2823 2643 ὀνομάζειν·
2870 2574 3179 2645 γέγραπται
3215 2575 3369 2645 γὰρ,
3414 2594 3433 2627 ι
3462 2577 3539 2629 ὅτι
3588 2578 3809 2647 ὐψεται

2236 2667 2387 2718 πᾶσα
2434 2665 2569 2735 σὰρξ
2618 2665 2679 2719 τὸ
2726 2668 2992 2738 σωτήριον
3040 2667 3135 2720 τοῦ
3178 2667 3335 2722 Θεοῦ.
3376 2687 3394 2720 ι
3443 2669 3583 2722 Ἀλλ’
3625 2673 3675 2723 οἱ
3712 2672 3814 2723 τῶν

2236 2757 2465 2809 ἀνοσίων
2493 2757 2783 2826 δογμάτων
2821 2759 3064 2829 εὑρεταὶ,
3097 2759 3391 2830 Νεστόριός
3424 2778 3482 2813 τε
3515 2761 3607 2814 καὶ
3640 2764 3686 2813 oi
3719 2763 3817 2815 σὺν

2235 2848 2407 2919 αὑτῷ,
2435 2851 2553 2917 ἦτοι
2584 2850 2648 2902 τὰ
2678 2851 2814 2902 αὐτὶ
2844 2851 3167 2919 φρονοῦντες
3192 2852 3404 2922 ἐκείνῳ,
3435 2853 3818 2923 ὑποκρίνονται

2240 2935 2340 3006 μὲν
2368 2936 2651 3005 ὁμολογεῖν
2682 2938 2781 3007 τὴν
2810 2938 2906 2991 τοῦ
2952 2940 3332 3010 σεσαρκῶσοαι
3364 2943 3567 3012 φωνήν.
3601 2944 3676 2994 Οὐ
3712 2944 3820 3013 μὴν

2235 3025 2363 3078 ὃτε¹
2406 3025 2501 3079 καὶ⁵
2533 3026 2883 3097 σαρκωοῆναί
2928 3045 3062 3097 φασι
3106 3030 3248 3082 κατὰ
3296 3030 3554 3102 ἀληθειαν
3596 3033 3689 3085 τὸν
3724 3032 3819 3085 τοῦ

2235 3116 2372 3170 Θεοῦ
2418 3117 2624 3185 Λόγον·
2677 3117 2957 3170 τουτέστιν
3005 3118 3292 3190 ἄνθρωπον
3337 3121 3639 3188 γενέσθαιυ
3695 3122 3818 3175 καθ’

2236 3208 2406 3275 ἡμᾶς,
2441 3207 2581 3277 μετὰ
2613 3206 2706 3259 τοῦ
2755 3210 2938 3277 μεῖναι
2965 3208 2995 3261 δ
3018 3204 3105 3280 ἦν.
3149 3210 3308 3264 Ἀλλὰ
3351 3213 3460 3281 γὰρ
3488 3211 3566 3275 ὡς
3601 3215 3682 3276 εἰς
3720 3216 3816 3268 ἁν-

2237 3297 2454 3368 θρωπον
2486 3297 2595 3351 τῶν
2624 3298 2797 3365 ἁγίων
2829 3298 2945 3362 ἕνα,
2975 3300 3065 3353 τὸν
3104 3301 3168 3354 ὲκ
3208 3300 3311 3370 τῆς
3335 3302 3500 3368 ἁγίας
3539 3301 3820 3372 Παρθένου

2237 3391 2639 3459 γεγεννημένον
2693 3394 3017 3462 κατοικῆσαι
3064 3392 3491 3463 διισχυρίξονται
3529 3394 3621 3447 τὸν
3659 3412 3820 3465 μονο-

2236 3482 2369 3551 γενῆ
2401 3481 2494 3534 τοῦ
2526 3480 2663 3534 Θεοῦ
2697 3483 2869 3551 Λόγον
2889 3499 2906 3515 ·
2955 3484 3043 3537 ἵνα
3072 3485 3272 3556 μηκέτι
3316 3486 3550 3557 Χριστὸς
3587 3481 3669 3551 εἷς
3691 3490 3820 3558 ὁμο-

2236 3573 2463 3642 λογῆται
2517 3576 2610 3628 καὶ
2655 3574 2818 3640 Υἱὸς,
2868 3578 2962 3630 καὶ
3012 3577 3243 3647 Κύριος,
3293 3579 3388 3630 καὶ
3423 3580 3820 3649 προσκυνητός·

2237 3665 2352 3718 ἀλλ’
2378 3666 2454 3729 ὡς
2483 3666 2767 3737 ἄνθρωπος
2827 3668 3030 3733 ιδικῶς,
3054 3670 3149 3723 καὶ
3174 3669 3492 3740 καταμόνας
3509 3669 3627 3723 νοού
3638 3688 3820 3740 μενος,

2242 3757 2378 3828 μόνῃ
2411 3759 2678 3828 συναφείᾳ
2702 3762 2767 3830 τῇ
2801 3761 2945 3815 κατὰ
2969 3759 3067 3831 τὴν
3103 3761 3333 3831 ἑνότητα
3360 3762 3460 3831 τῆς
3491 3760 3647 3826 ἀξίας
3674 3780 3820 3816 τετι-

2242 3865 2317 3919 μη
2325 3849 2501 3917 μένος,
2522 3865 2586 3902 συ
2594 3850 3026 3920 μπροσκυνῆται,
3044 3852 3138 3903 καὶ
3152 3851 3821 3921 συνδοξάζηται.Κατοικεῐ

2239 3942 2391 4013 γὰρ*
2430 3944 2488 3996 ὲν
2521 3944 2654 4013 ἡμῖν
2698 3943 2727 3994 6
2753 3941 2863 3994 τῶν
2893 3942 3031 3995 ὅλων
3059 3942 3191 4005 Θεὸς
3230 3943 3317 3996 διὰ
3345 3941 3440 3996 τοῦ
3466 3944 3624 4011 ἁγίου
3656 3943 3823 3997 Ilvati-

2243 4051 2432 4104 ματος.
2479 4034 2592 4089 Καὶ
2638 4033 2770 4102 γοῦν
2812 4034 2980 4088 πάλαι
3004 4043 3031 4072 ι
3071 4035 3170 4106 μὲν
3217 4034 3421 4104 ἔφασκε
3453 4036 3521 4089 δι’
3555 4036 3673 4100 ἑνὸς
3710 4036 3830 4089 τῶν
3880 4056 3889 4063 ’

2241 4127 2414 4194 ἁγίων
2468 4126 2800 4199 προφητῶν·
2844 4143 2862 4176 ι
2892 4126 3015 4179 Ὅτι
3056 4127 3323 4197 ὲνοικήσω
3365 4129 3424 4181 ὲν
3468 4128 3683 4189 αὑτοῖς,
3730 4130 3829 4181 καὶ

2242 4220 2705 4289 ὲμπεριπατήσω,
2740 4219 2836 4272 καὶ
2870 4218 3064 4289 ἔσομαι
3095 4220 3281 4282 αὐτοῖς
3324 4219 3491 4285 Θεὸς,
3542 4220 3636 4273 καὶ
3667 4220 3828 4273 αὐτοὶ

2241 4308 2456 4362 ἔσονταί
2489 4325 2579 4377 μοι
2617 4309 2761 4372 λαός.
2803 4327 2821 4361 ι
2858 4310 3064 4381 Γράφει
3092 4311 3150 4365 δὲ
3184 4312 3277 4364 καὶ
3305 4313 3334 4364 6
3367 4313 3634 4383 μακάριος
3672 4311 3828 4365 Παῦ-

2242 4397 2351 4460 λος·
2380 4417 2398 4449 ι
2427 4399 2542 4451 Οὑκ
2575 4398 2774 4467 οἴδατε,
2804 4401 2885 4454 ὅτι
2918 4400 3040 4464 ναὸς
3060 4400 3196 4454 Θεοῦ
3227 4404 3483 4467 ὲστε,κα’ί
3515 4402 3576 4455 τὸ
3599 4402 3829 4474 Πνεῦμα

2242 4487 2338 4542 τοῦ
2372 4488 2509 4542 Θεοῦ
2541 4491 2684 4544 οίκεῖ
2714 4492 2772 4545 ιν
2821 4492 2986 4563 ὑμῖν;
3027 4511 3045 4543 ι
3079 4493 3226 4563 Ἔφη
3255 4494 3312 4547 δὲ
3329 4494 3424 4547 καὶ
3445 4493 3660 4557 αὑτὸςό
3684 4494 3829 4565 Χρι-

560 4602 767 4657 serant,
808 4594 887 4646 ait
917 4608 932 4646 :
966 4608 986 4641 ι
1017 4590 1075 4644 Si
1127 4590 1250 4646 illos
1293 4588 1434 4642 dixit
1476 4587 1630 4649 deos.
1678 4587 1745 4639 ad
1786 4599 1923 4654 quos
1962 4600 2134 4642 sermo

2248 4581 2370 4645 στὸς
2412 4583 2540 4652 περὶ
2585 4584 2697 4636 τῶν
2745 4584 2915 4648 ἁγίων
2964 4583 3134 4637 αὑτοῦ
3183 4585 3514 4656 προφητῶν,
3560 4587 3676 4656 ἦτοι
3717 4586 3831 4639 τῶν

561 4683 657 4739 Dei
708 4682 885 4737 factus
930 4691 1056 4736 est:
1086 4694 1249 4751 quem
1285 4677 1444 4731 Pater
1475 4675 1854 4741 sanctiﬁeavit,
1900 4685 1956 4729 et
1994 4676 2145 4730 misit

561 4776 614 4829 in
659 4776 938 4840 mundum,
976 4788 1070 4828 vos
1123 4769 1303 4826 dicitis
1336 4785 1351 4824 :
1384 4768 1763 4835 Blasphemas;
1810 4769 1935 4839 quia
1973 4768 2086 4823 dixi
2123 4782 2140 4822 :

561 4867 730 4924 Filius
785 4867 875 4921 Dei
932 4881 1051 4922 sum
1087 4865 1170 4930 ἰς
1199 4880 1218 4914 ι
1282 4862 1376 4917 sed
1422 4875 1528 4915 non
1583 4859 1658 4914 ita
1708 4859 1846 4915 Deus
1886 4862 1938 4914 in
1981 4860 2139 4915 Chri-

561 4968 646 5013 sto
681 4958 915 5024 habitat,
946 4958 1088 5013 sicut
1125 4956 1178 5010 in
1210 4953 1389 5009 nobis.
1425 4952 1559 5024 Erat
1587 4951 1731 5005 enim
1765 4963 1955 5006 natura
1979 4951 2140 5016 Deus,

560 5051 721 5107 nobis
753 5052 952 5107 similis
981 5050 1181 5112 lactus,
1213 5061 1463 5114 unusque
1487 5059 1550 5097 ac
1579 5043 1726 5097 solus
1756 5034 1947 5108 Filius:
1976 5045 2140 5098 etiam

560 5159 682 5198 cum
731 5158 860 5201 caro
913 5140 1095 5198 tactus
1138 5149 1244 5194 est.
1286 5137 1609 5204 Quicunque
1658 5136 1820 5204 igitur
1865 5135 2140 5191 Deiferum

561 5235 836 5290 hominem
885 5248 1009 5288 eum
1052 5245 1174 5286 esse
1209 5230 1392 5284 dicere
1434 5232 1652 5293 audent,
1701 5243 1766 5282 ac
1812 5242 1916 5282 non
1965 5227 2145 5297 potius

564 5326 730 5380 Deum
769 5325 1050 5381 hominem
1101 5320 1329 5383 factum,
1362 5320 1673 5376 necessario
1724 5320 1775 5375 in
1806 5321 2141 5390 propositum

470 5434 489 5443 ι
560 5417 1077 5475 anathematismutn
1106 5414 1371 5469 incidunt.

652 5622 871 5678 "Joan.
905 5638 946 5689 ι,
977 5621 1063 5676 14.
1177 5622 1219 5653 ¹⁸
1237 5621 1366 5676 Luc.
1400 5635 1482 5683 Ill,
1517 5618 1571 5673 6.

1687 5618 1729 5650 ¹⁹
1753 5615 1926 5671 Levit.
1959 5634 2107 5683 nrt,
2144 5619 2244 5675 ηε
2281 5621 2322 5676 11
2348 5623 2473 5679 Cor.
2515 5640 2586 5691 vr,
2622 5627 2707 5681 i6.

2247 4676 2658 4744 προγεγονότων
2683 4676 2877 4743 ἁγίων·
2915 4694 2933 4728 t
2968 4675 3031 4729 ΕΞ
3061 4676 3306 4739 ἐκείνους
3332 4671 3455 4729 εἷπε
3486 4676 3665 4742 θεοὺς,
3687 4680 3831 4747 πρὸς

2240 4763 2334 4827 οὓς
2370 4767 2399 4819 6
2436 4764 2593 4833 λόγος
2623 4765 2717 4818 τοῦ
2759 4763 2896 4820 Θεοῦ
2946 4767 3183 4836 ἐγένετο,
3228 4766 3289 4821 δν
3318 4768 3348 4820 6
3380 4768 3572 4838 Πατὴρ
3603 4768 3828 4837 ἡγίασε,

2243 4856 2338 4909 καὶ
2368 4855 2693 4909 ἀπέστειλεν
2733 4858 2817 4920 εἰς
2857 4857 2951 4911 τὸν
2998 4857 3226 4927 κόσμον,
3276 4858 3434 4927 ὑμεῖς
3487 4857 3696 4925 λέγετε,
3745 4858 3834 4911 ὅτι

2246 4943 2620 5014 Βλασφημεῖς,
2652 4945 2740 4998 ὅτι
2769 4942 2923 5000 εἷπον
2945 4961 2960 4978 ·
3001 4946 3131 5009 Υἱὸς
3183 4945 3279 5000 τοῦ
3313 4947 3450 5000 Θεοῦ
3474 4949 3590 5017 είμι
3610 4964 3624 4977 ·
3662 4964 3681 4997 ι
3711 4947 3833 5000 ἁλλ’

2241 5036 2341 5105 οὑχ
2365 5035 2557 5107 ὥσπερ
2586 5037 2644 5089 ὲν
2673 5038 2808 5107 ἡμῖν
2832 5040 2972 5090 οἰκεῖ
3002 5037 3158 5102 Θεὸς,
3187 5038 3331 5091 οὕτω
3370 5042 3466 5092 καὶ
3493 5040 3551 5091 ἐν
3580 5038 3832 5108 Χριστῷ·

2243 5123 2376 5188 Θεὸς
2408 5125 2519 5196 γὰρ
2542 5125 2703 5194 φύσει
2732 5123 2834 5199 ἦν,
2868 5122 3124 5197 πεφηνὼς
3165 5129 3287 5182 καθ’
3313 5130 3482 5199 ἡμᾶς,
3510 5125 3591 5193 εἷς
3626 5145 3691 5181 τε
3732 5131 3836 5183 καὶ

2248 5215 2410 5285 μόνος
2438 5216 2566 5279 Υἱὸς
2585 5257 2599 5283 ,
2629 5219 2722 5271 καὶ
2747 5219 2837 5272 ὅτε
2865 5219 3059 5287 γέγονε
3101 5219 3259 5291 σάρξ.
3289 5223 3352 5274 Ut
3381 5220 3563 5274 τοίνυν
3589 5219 3840 5289 τολμῶν-

2243 5323 2335 5371 τες
2371 5306 2552 5375 λέγειν
2586 5308 2846 5379 Θεοφόρον
2874 5308 3161 5379 ἄνθρωπον
3191 5310 3467 5381 ὑπάρχειν
3510 5311 3696 5375 αὑτὸν,
3739 5311 3843 5362 καὶ

2245 5398 2368 5469 οὐχὶ
2389 5398 2454 5470 δὴ
2485 5400 2685 5470 μᾶλλον
2716 5399 3218 5471 ὲνανθρωπήσαντα
3242 5403 3394 5468 Θεὸν,
3430 5402 3842 5457 ὑποπίπτουσιν

2247 5488 2562 5557 ἀναγκαίως
2589 5490 2668 5561 τῷ
2692 5492 3042 5563 προκειμένῳ
3070 5492 3522 5564 ἀναθεματισμῷ.

2820 5628 2865 5659 ¹⁶
2889 5626 2909 5683 l
2937 5626 3061 5684 Cor.
3095 5642 3179 5698 Ill,
3216 5627 3303 5684 l6.
3382 5630 3422 5660 "
3448 5626 3608 5684 Joan.
3647 5645 3703 5694 κ,
3739 5626 3819 5683 55

1611 5758 1785 5814 Varia:
1818 5759 2081 5814 lectiones
2109 5775 2174 5815 ex
2203 5762 2389 5819 codice
2416 5762 2792 5835 Seguieriano.

636 5908 655 5942 ⁸
686 5903 793 5985 δτι,
823 5900 884 5973 ἢ,
920 5901 999 5955 ἔτι
1098 5909 1123 5937 υ
1153 5899 1459 5970 γεγονέναι.
1537 5908 1565 5940 ν
1609 5897 1856 5969 μὲνγὰρ.
1937 5911 1961 5938 ι
1989 5898 2174 5953 πάλιν.
