4080 6434
280 306 387 367 505
1320 314 1736 373 EXPLICATIO
1777 316 2137 377 DUODECIM
2179 321 2505 381 CAPITUM.

711 427 1313 486 ANAOEMATIEMOE
1353 435 1443 500 ς’.

2393 443 3032 506 ANATIIEMATISMUS
3064 450 3154 508 Vl.

343 538 424 594 Εἰ
447 555 530 604 τις
563 538 700 595 Θεὸν
741 542 775 613 ἢ
806 544 1088 614 Δεσπότην
1128 539 1268 597 εἶναι
1304 544 1453 612 λέγει
1484 544 1578 598 τοῦ
1638 546 1879 616 Χριστοῦ

264 632 367 685 τὸν
406 633 471 687 ἐκ
499 632 636 687 Θεοῦ
675 635 896 709 Πατρός
927 638 1124 704 Λόγον,
1161 636 1255 689 καὶ
1305 637 1428 706 οὐχὶ
1454 636 1519 708 δὴ
1549 637 1751 707 μᾶλλον
1788 637 1869 691 τὸν

1987 644 2272 699 Dominum
2314 661 2435 703 esse
2466 649 2705 717 dixerit;
2743 660 2797 706 et
2846 668 2948 707 non
2984 655 3167 723 potius
3193 656 3360 711 Deum
3404 658 3565 713 simul

265 720 448 775 αὑτὸν
495 721 751 794 ὁμολογεῖ
796 723 934 796 ὁμοῦ
995 743 1054 779 τε
1112 726 1244 779 Θεὸν
1294 728 1388 780 καὶ
1437 728 1756 817 ὄινθρωπον,
1805 728 1869 789 ὡς

1982 744 2038 789 et
2083 734 2361 793 hominem
2409 742 2659 796 eumdem
2705 741 2990 798 coril'essus
3022 745 3202 813 fuerit,
3241 759 3401 817 prout
3426 749 3565 806 Ver-

263 815 570 883 γεγονότος
592 816 802 887 σαρκὸς
829 816 926 870 τοῦ
960 818 1132 887 Λόγου
1165 819 1306 873 κατὰ
1334 819 1429 882 τὰς
1458 809 1703 890 Γραφάς·
1722 821 1869 886 ,ἀνάε

1981 825 2107 880 bum
2149 842 2278 883 caro
2319 829 2520 885 factum
2559 841 2641 887 est
2685 834 2981 890 secundum
3020 836 3331 907 Scripturas
3365 859 3387 894 :.
3421 858 3562 895 aua-

263 904 423 977 θεμα
451 906 615 963 ἔστω.

1984 915 2161 971 thema
2188 919 2275 973 sit.

3340 341 3571 402 ’308

867 1025 1043 1079 Ἐπίλ
1053 1039 1191 1091 υσις
1233 1032 1307 1090 ς’.

2519 1035 2827 1094 Βεείαναιίο
2862 1052 3030 1096 sexta.

354 1132 421 1186 '0
468 1133 682 1204 Κύριος
712 1134 873 1205 ἡμῶν
925 1136 1131 1208 Ἰησοῦς
1165 1138 1439 1209 Χριστὸς,
1473 1140 1500 1191 ό
1550 1134 1631 1203 εἷς
1678 1158 1736 1194 τε
1784 1141 1879 1195 καὶ

278 1224 442 1296 μόνος
464 1269 481 1289 ,
521 1227 621 1279 καὶ
663 1227 806 1281 κατὰ
838 1227 1101 1298 ἀλήθειαν
1134 1230 1261 1293 Υἱὸς
1299 1231 1562 1302 ὑπάρχων
1614 1231 1707 1285 τοῦ
1742 1232 1877 1287 Θεοῦ

278 1319 371 1373 καὶ
394 1319 643 1389 Πατρὸς,
661 1320 854 1388 γέγονε
884 1320 1072 1392 σὰρξὸ
1101 1322 1273 1393 Λόγος
1291 1338 1307 1353 ⁸
1339 1323 1433 1378 καὶ
1463 1325 1877 1395 συγκατάρχειγ

270 1410 382 1462 τῶν
407 1410 553 1463 ὅλων
584 1411 725 1482 όμοῦ
743 1412 820 1483 τῷ
838 1413 955 1484 ἰδίῳ
974 1414 1294 1486 Γεννήτορι·
1323 1435 1341 1467 ί
1369 1416 1609 1486 κάμπτει
1642 1434 1702 1469 τε
1727 1418 1877 1489 αὐτῷ

269 1503 384 1555 πᾶν
425 1502 565 1571 γόνυ
602 1504 966 1575 ἐπουρανίων,
1015 1507 1109 1561 καὶ
1135 1507 1417 1575 ἐπιγείων,
1468 1510 1563 1562 κοῐὶ
1609 1509 1879 1580 καταχθο-

2054 1144 2313 1200 Dominus
2354 1157 2536 1203 noster
2561 1147 2723 1204 Jesus
2766 1149 3017 1208 Christus
3052 1169 3192 1208 unus
3223 1166 3278 1209 et
3309 1156 3461 1211 solus
3498 1169 3554 1214 et

1980 1237 2274 1291 secundum
2304 1240 2583 1295 veritatem
2611 1241 2707 1297 Dei
2738 1243 2916 1299 Patris
2945 1244 3137 1312 Filius,
3168 1246 3402 1305 Verbum
3427 1265 3557 1305 caro

1979 1323 2184 1381 factum
2216 1336 2319 1393 εει,
2350 1340 2407 1385 et
2438 1346 2543 1386 una
2576 1347 2700 1387 cum
2737 1336 2987 1403 genitore
3032 1352 3131 1392 suo
3174 1341 3427 1395 omnibus
3464 1344 3561 1396 du-

1981 1414 2221 1469 minatur
2257 1438 2268 1472 :
2302 1419 2513 1489 ipsique
2546 1438 2564 1471 ι
2597 1420 2837 1500 ﬂectitur
2864 1439 3027 1481 omne
3044 1442 3205 1496 genu,
3232 1429 3559 1494 caelestium,

1980 1508 2317 1563 terrestrium
2378 1521 2435 1563 et
2476 1513 2848 1583 infernorum;
2887 1527 2940 1571 et
2968 1521 3145 1574 omnis
3181 1520 3359 1592 lingua
3390 1521 3559 1577 conii—

2063 549 2120 605 Si
2168 552 2292 622 quis
2342 553 2434 609 Dei
2479 554 2659 612 Patris
2709 544 2969 626 Verbum,
3020 561 3225 618 Christi
3268 563 3435 622 Deum
3482 569 3565 623 vel
3646 570 3665 585 “

268 1592 442 1645 τίων·
488 1593 591 1646 καὶ
628 1592 1035 1665 ἐξομολογεῖται
1084 1598 1232 1651 πᾶσα
1280 1597 1501 1666 γλῶσσα
1547 1599 1628 1652 ὅτι
1669 1600 1876 1672 Κύριος

284 1682 499 1754 Ἰησοῦς
519 1685 853 1755 Χριστὸςείς
881 1686 1041 1752 δόξαν
1060 1687 1192 1741 Θεοῦ
1216 1689 1452 1761 Πατρός.
1478 1709 1494 1740 ι
1525 1690 1681 1744 Ἔστι
1700 1692 1876 1746 τοίνυν

1980 1607 2143 1665 tctur,
2179 1604 2302 1670 quia
2335 1603 2596 1661 Dominus
2633 1605 2789 1663 Jesus
2822 1609 3078 1666 Christus
3109 1610 3162 1665 in
3198 1613 3426 1678 gloriam
3463 1613 3556 1668 Dei

1977 1690 2156 1747 Patris
2179 1694 2244 1748 ".
2278 1714 2296 1745 ι
2329 1693 2470 1750 idem
2509 1697 2691 1769 itaque
2732 1711 3003 1770 quatenus
3027 1704 3352 1776 intelligitur
3381 1714 3436 1759 et
3476 1718 3561 1762 est

284 1776 313 1827 ὁ
349 1775 515 1840 αὐτὸς
575 1777 679 1849 μὲν
715 1777 824 1832 τῶν
858 1780 996 1834 ὅλων
1043 1781 1248 1852 Κύριος
1271 1822 1286 1848 ,
1334 1782 1471 1836 καοὸ
1506 1786 1739 1853 νοεῖται,
1782 1787 1869 1839 καὶ

1982 1782 2160 1849 Deus;
2218 1785 2342 1841 licet
2396 1798 2519 1858 post
2570 1790 3074 1850 inhumanationcm
3133 1775 3317 1853 carnis
3365 1812 3560 1868 expers

289 1867 393 1920 ἔστι
421 1867 581 1931 Θεὸς,
608 1870 661 1921 εἰ
693 1870 786 1922 καὶ
819 1870 894 1942 μὴ
926 1871 1051 1943 δίχα
1077 1873 1280 1942 σαρκὸς
1312 1874 1451 1945 μετὰ
1479 1874 1577 1946 τὴν
1602 1874 1757 1928 ἐνανο
1769 1875 1873 1946 ρώ-

292 1974 467 2028 πησιν.
506 1958 691 2020 Αὐτὸς
719 1958 777 2011 δὲ
821 1960 1016 2013 ἑαυτοῦ
1051 1960 1173 2014 οὔτε
1200 1962 1335 2027 Θεὸς
1358 2004 1372 2028 ,
1405 1964 1527 2017 οὒτε
1560 1966 1835 2038 Δεσπότης
1856 1985 1869 1998 ·

292 2052 381 2101 καὶ
406 2049 516 2119 γάρ
547 2051 665 2102 ἐστι
689 2050 799 2103 τῶν
820 2052 1210 2121 ἀτοπωτάτων,
1241 2055 1442 2126 μᾶλλον
1465 2056 1521 2109 δὲ
1553 2058 1874 2123 δυσσεϐείας

296 2139 504 2210 ἁπάσης
542 2141 837 2211 ὲπίμεστον
883 2143 1133 2214 άληθῶς,
1181 2144 1241 2198 τὸ
1277 2144 1420 2200 οὕτω
1461 2151 1678 2219 φρονεῖν
1711 2151 1743 2220 ἢ
1784 2150 1871 2203 λέ-

306 2240 423 2291 γειν
442 2242 456 2255 ο
486 2227 701 2292 εἰκότως
730 2224 826 2283 οὖν
855 2233 944 2285 ἐπ’
972 2232 1122 2303 αὐτῷ
1150 2232 1214 2305 δὴ
1238 2236 1413 2308 τούτῳ
1443 2238 1667 2307 γέγονεν
1690 2240 1718 2291 ό
1750 2258 1873 2310 προ-

311 2315 556 2385 κείμενος
584 2318 1043 2391 ἀναθεματισμός.

720 2430 1320 2488 ΔΝΑΘΕΜΑΤΙΣΜΟΣ
1358 2437 1431 2489 Z'.

357 2540 427 2593 El
458 2540 543 2605 τίς
575 2560 743 2613 φησιν
792 2544 868 2608 ὡς
908 2546 1195 2617 ἄνθρωπον
1244 2550 1584 2623 ἐνηργῆσϐαι
1632 2554 1737 2607 ὑπὸ
1775 2551 1866 2609 τοῦ

276 2630 415 2683 Θεοῦ
453 2632 634 2701 Λόγου
673 2634 765 2689 τὸν
823 2636 1054 2708 Ἰησοῦν,
1108 2643 1200 2693 καὶ
1248 2642 1348 2712 τὴν
1388 2643 1481 2697 τοῦ
1531 2646 1873 2715 Μονογενοῦς

274 2723 521 2790 εὐδοξίαν
553 2727 858 2798 περιῆφθαι
886 2728 961 2794 ὡς
992 2730 1162 2803 ἑτέρῳ
1190 2735 1318 2805 παρ’
1343 2735 1503 2790 αὐτὸν
1535 2738 1830 2809 ὑπάρχοντι
1854 2780 1869 2804 ,

275 2815 531 2886 ἀνάθεμα
567 2818 737 2873 ἔστω.

867 2938 1171 3005 Ἐπίλυσις
1211 2941 1277 3002 ζ’.

341 3048 479 3101 Ὅτε
513 3050 621 3121 τὴν
653 3052 797 3106 κατὰ
828 3054 1007 3126 σάρκα
1047 3057 1299 3128 γέννησιν
1323 3059 1417 3113 τοῦ
1451 3060 1582 3114 Υίοῦ
1617 3059 1711 3116 τοῦ
1735 3063 1870 3116 Θεοῦ

1979 1868 2084 1930 non
2132 1878 2221 1942 sit,
2279 1879 2654 1936 universorum
2700 1885 2959 1942 Dominus
3002 1895 3085 1941 est
3130 1898 3233 1942 :at
3286 1904 3417 1944 vero
3474 1890 3556 1944 sui

1978 1964 2149 2033 ipsius
2198 1982 2297 2023 nec
2330 1967 2491 2034 Deus,
2550 1987 2649 2027 nec
2680 1974 2935 2029 dominus
2966 1987 3049 2031 est
3080 1996 3095 2033 :
3126 1978 3228 2033 hoc
3274 1979 3418 2033 enim
3470 1980 3559 2032 ab-

1976 2054 2354 2113 surdissimum
2388 2070 2492 2129 est,
2542 2062 2652 2116 imo
2686 2064 2866 2134 potius
2915 2070 3062 2123 omni
3100 2070 3382 2139 impietate
3427 2085 3558 2126 vere

1975 2146 2214 2217 plenum,
2258 2150 2303 2205 si
2350 2152 2425 2205 ita
2471 2154 2677 2210 sentias
2725 2165 2819 2210 aut
2878 2159 3046 2214 dicas.
3103 2160 3294 2216 Merito
3333 2164 3559 2234 proinde

1977 2248 2165 2315 contra
2224 2242 2325 2298 hoc
2377 2244 2551 2314 ipsum
2607 2261 2849 2316 praesens
2903 2255 3400 2311 anathemalismus
3442 2266 3556 2312 sta—

1975 2331 2163 2385 tuitur.

2272 2446 2428 2520 153
2456 2449 3101 2514 ANATHEMATISMUS
3140 2457 3256 2514 VII.

2048 2559 2103 2616 Si
2147 2562 2270 2631 quis
2304 2561 2490 2618 Jesum
2541 2574 2796 2636 tanquam
2848 2570 3125 2626 hominem
3175 2587 3203 2627 a
3246 2574 3335 2628 Dei
3383 2574 3557 2629 Verbo

1974 2663 2233 2721 operante
2289 2665 2491 2710 motum
2535 2658 2828 2725 habuisse,
2888 2661 3277 2733 Unigeuitique
3322 2665 3552 2736 gloriam

1975 2744 2072 2811 illi,
2115 2756 2373 2816 tanquam
2415 2751 2571 2805 alteri
2617 2752 2852 2823 cuipiam
2888 2757 2956 2810 ab
2988 2744 3107 2826 ipso
3138 2756 3338 2825 Verbo,
3387 2759 3555 2815 adve-

1975 2837 2121 2892 nisse
2151 2837 2371 2905 dixerit,
2407 2843 2701 2899 anathema
2732 2846 2821 2900 sit.

2472 2957 2776 3014 Declaratio
2811 2963 3057 3031 septima.

2046 3065 2182 3120 Cum
2228 3068 2419 3125 beatus
2459 3070 2678 3126 Gabriel
2718 3073 2980 3142 unigeniti
3036 3075 3160 3131 Filii
3194 3076 3288 3133 Dei
3323 3093 3556 3148 genera-

260 3137 361 3189 τοῦ
420 3142 758 3207 μονογενοῦς
806 3143 1194 3214 εὐηγγελίζετο
1239 3150 1305 3219 τῇ
1354 3148 1487 3220 ἁγίᾳ
1530 3149 1793 3219 Παρθένῳ
1839 3151 1868 3202 ὁ

1975 3157 2174 3213 tionem
2217 3160 2512 3215 secundum
2540 3178 2761 3218 carnem
2801 3176 3000 3222 sanctae
3030 3166 3227 3237 virgini
3267 3172 3554 3225 annuntia-

265 3230 553 3300 μακάριος
585 3232 830 3305 Γαϐριὴλ
851 3250 862 3263 ·
889 3236 1082 3306 «Τέξῃ,
1113 3236 1298 3307 φησὶν,
1328 3238 1463 3304 υἱὸν,
1497 3239 1589 3292 καὶ
1616 3240 1868 3304 καλέσεις

259 3319 329 3372 τὸ
360 3320 544 3390 ὄνομα
589 3323 759 3376 αὐτοῦ
805 3325 1013 3396 Ἰησοῦν
1034 3345 1046 3357 ·
1081 3329 1242 3392 αὐτὸς
1273 3329 1384 3401 γὰρ
1415 3330 1578 3384 σώσει
1611 3332 1703 3386 τὸν
1740 3332 1868 3387 λαὸν

260 3410 437 3463 αὐτοῦ
489 3412 607 3464 άπὸ
651 3413 761 3467 τῶν
801 3416 1092 3488 ἁμαρτιῶν
1145 3419 1345 3476 αὐτῶν.
1380 3440 1398 3473 ι
1447 3422 1775 3493 Ὠνόμασται
1812 3425 1868 3478 δὲ

261 3503 361 3556 καὶ
386 3503 640 3575 Χριστὸς
659 3544 674 3569 ,
708 3504 795 3558 διὰ
834 3506 896 3560 τὸ
925 3509 1214 3579 κεχρῖσθαι
1246 3510 1366 3582 μεθ’
1397 3512 1558 3583 ἡμῶν
1587 3513 1865 3586 ἀνθρωπί-

262 3611 393 3659 νως,
424 3596 578 3649 κατὰ
618 3597 723 3668 τὴν
754 3597 850 3650 τοῦ
876 3599 1187 3665 Ψάλλοντος
1228 3603 1442 3674 φωνήν
1480 3623 1498 3656 ι
1546 3602 1867 3674 Ἤγάπησας

263 3685 649 3757 δικαιοσύνην,
675 3690 771 3742 καὶ
794 3691 1065 3761 ἐμίσησας
1090 3693 1322 3764 ἀνομίαν
1344 3711 1356 3724 ·
1383 3694 1471 3749 διὰ
1490 3694 1651 3751 τοῦτο
1679 3698 1867 3770 ἔχρισέ

266 3794 326 3829 σε
350 3779 381 3831 ὁ
414 3778 577 3843 Θεὸς,
611 3783 639 3832 ό
664 3779 803 3844 Θεός
830 3798 947 3847 σου,
965 3782 1115 3837 ἔλεον
1164 3785 1538 3854 ἀγαλλιάσεως
1566 3788 1716 3857 παρὰ
1740 3792 1866 3853 τοὺς

268 3870 536 3941 μετόχους
584 3888 704 3925 σου.
739 3891 760 3925 ι
822 3874 1019 3928 Καίτοι
1071 3875 1201 3947 γὰρ,
1255 3877 1520 3948 ὑπάρχων
1564 3877 1727 3943 αὐτὸς
1767 3881 1861 3933 τοῦ

277 3961 421 4028 ἁγίου
448 3962 783 4034 Πνεῦματος
810 3966 1069 4036 χορηγὸς,
1100 3967 1194 4021 καὶ
1218 3967 1319 4021 οὐκ
1362 3970 1427 4023 ὲκ
1462 3968 1663 4041 μέτρου
1689 3970 1867 4036 διδοὺς

232 4072 245 4082 -
282 4056 390 4116 τοῖς
414 4054 587 4120 ἀξίοις
612 4056 773 4110 αὐτό·
807 4058 1024 4130 πλήρης
1053 4061 1160 4132 γάρ
1185 4063 1323 4125 ἐστι,
1356 4079 1373 4112 ι
1401 4062 1497 4116 καὶ
1518 4063 1587 4116 ἐκ
1612 4062 1707 4116 τοῦ
1734 4063 1865 4134 πλη-

288 4143 523 4215 ρώματος
569 4148 747 4203 αὐτοῦ
796 4151 962 4221 ἡμεῖς
992 4152 1193 4217 πάντες
1225 4153 1516 4225 ἐλάϐομεν,
1553 4175 1572 4207 ι
1621 4155 1763 4209 κατὰ
1803 4157 1864 4211 τό

283 4240 681 4310 γεγραμμένον·
727 4243 1091 4315 οἰκονομικῶς
1133 4247 1211 4310 ὡς
1247 4245 1534 4318 ἄνθρωπος
1575 4249 1864 4320 κεχρῖσθαι

277 4328 510 4397 λέγεται,
554 4333 791 4403 νοητῶς,
821 4336 918 4390 καὶ
969 4337 1071 4391 οὐκ
1099 4337 1458 4410 ἀνθρωπίνως
1484 4340 1862 4406 καταπτάντος

270 4421 353 4473 ἐπ’
396 4424 572 4479 αὑτὸν
608 4424 706 4479 τοῦ
753 4426 915 4495 ἁγίου
965 4428 1287 4500 Πνεύματος
1312 4471 1327 4496 ,
1362 4431 1451 4485 ἵνα
1489 4432 1584 4486 καὶ
1632 4435 1691 4487 ὲν
1734 4435 1863 4505 ἡμῖν

265 4516 612 4588 καταμείνῃ,
663 4518 844 4573 καίτοι
908 4520 1000 4574 διὰ
1062 4521 1162 4593 τὴν
1203 4525 1263 4577 ὲν
1326 4524 1499 4595 Ἀδὰμ
1541 4525 1859 4595 παράϐασιν
1896 4506 1940 4560 θ

263 4607 651 4679 ἀποφοιτῆσαν
693 4610 755 4663 ὲν
783 4611 1002 4682 ἀρχαῖς.
1026 4613 1200 4679 Αὐτὸς
1230 4609 1324 4670 οὖν
1366 4616 1397 4669 ὁ
1432 4616 1726 4687 μονογενὴς
1761 4617 1857 4671 τοῦ

261 4697 393 4752 Θεοῦ
420 4700 607 4768 Λόγος
645 4701 786 4773 σὰρξ
824 4705 1134 4775 γενόμενος,
1169 4706 1431 4778 κέκληται
1468 4709 1736 4778 Χριστόςο
1765 4709 1860 4762 καὶ

261 4793 357 4859 τὴν
402 4792 533 4863 Θεῷ
565 4794 891 4865 πρέπουσαν
930 4795 1162 4867 δύναμιν
1196 4797 1333 4852 ίδίαν
1361 4798 1521 4870 ἔχων,
1572 4797 1862 4870 εἰργάζετο

261 4883 574 4954 παράδοξα.
621 4887 685 4938 Oi
720 4887 900 4940 τοίνυν
925 4888 1175 4958 λέγοντες
1204 4893 1270 4962 τῇ
1304 4891 1542 4964 Χριστοῦ
1572 4891 1863 4963 δυναστείᾳ

261 4972 484 5044 τὴντοῦ
523 4976 878 5046 Μονογενοῦς
932 4979 1177 5045 εὐδοξίαν
1210 4982 1537 5053 περιῆφθαι,
1587 4983 1664 5046 ὡς
1709 4984 1861 5048 ὄντος

262 5064 451 5136 ἑτέρου
480 5066 581 5120 τοῦ
610 5069 961 5137 Μονογενοῦς
996 5072 1148 5143 παρὰ
1189 5075 1281 5150 τὸν
1313 5074 1569 5146 Χριστὸν,
1599 5074 1694 5128 δύο
1726 5093 1861 5146 φρο-

252 5156 441 5215 νοῦσιν
468 5161 660 5224 υἱούς·
705 5163 801 5215 καὶ
830 5163 921 5218 τὸν
980 5165 1079 5234 μὲν
1117 5166 1466 5237 ἐνεργοῦντα,
1496 5168 1588 5223 τὸν
1625 5168 1682 5222 δὲ
1709 5170 1862 5242 ἐνερ-

251 5248 529 5322 τόὑμενον
574 5251 655 5317 ὡς
682 5252 973 5326 ἄνθρωπον
1003 5256 1099 5310 ἕνα
1129 5257 1238 5311 τῶν
1274 5258 1398 5313 καθ’
1424 5260 1574 5331 ἡμᾶς
1592 5276 1605 5290 ⁸
1660 5260 1862 5334 ταύτῃ·

1974 3257 2098 3304 ret:
2135 3268 2153 3301 ι
2186 3250 2410 3317 Paries,
2460 3254 2676 3321 aiebat,
2731 3256 2933 3323 ﬁlium,
2982 3268 3037 3313 et
3092 3261 3315 3317 vocabis
3359 3277 3551 3317 nomen

1971 3340 2088 3409 ejus
2112 3340 2317 3400 Jesum.
2363 3343 2482 3416 Ipse
2513 3348 2656 3401 enim
2684 3347 2890 3403 salvum
2924 3349 3087 3407 faciet
3114 3352 3366 3422 populum
3395 3369 3551 3410 suum

1970 3446 1998 3484 a
2029 3433 2264 3500 peccatis
2293 3448 2478 3489 eorum
2505 3437 2570 3491 ”.
2609 3455 2627 3488 ι
2664 3436 2986 3494 Nominatus
3013 3451 3193 3496 autem
3222 3451 3278 3497 et
3302 3442 3561 3498 Christus

1970 3509 2147 3590 est“,
2200 3534 2491 3597 propterea
2525 3529 2672 3599 quod
2705 3533 3005 3586 secundum
3052 3533 3344 3590 humanam
3388 3547 3547 3590 natu-

1972 3630 2087 3669 ram
2129 3616 2410 3672 nobiscum
2468 3628 2665 3675 unctus
2711 3632 2814 3687 est,
2841 3620 2993 3690 juxta
3039 3623 3168 3678 illud
3199 3624 3549 3682 Psalmistze:

1976 3723 1994 3757 ι
2031 3706 2274 3762 Dilexisti
2315 3708 2610 3779 justitiam,
2669 3719 2720 3765 et
2768 3712 2931 3767 odisti
2979 3713 3322 3782 iniquitatem
3365 3734 3380 3771 :
3426 3732 3552 3786 pro-

1968 3806 2154 3866 pterea
2202 3799 2361 3853 unxit
2395 3807 2449 3854 te
2494 3798 2656 3863 Deus,
2695 3802 2837 3856 Deus
2867 3811 2990 3858 tuus
3021 3803 3141 3859 oleo
3171 3805 3550 3861 exsultationis

1970 3905 2080 3957 pra:
2114 3890 2462 3945 consortibus
2497 3892 2605 3946 tuis
2632 3891 2698 3947 ⁸⁵.
2736 3909 2754 3943 ι
2795 3890 3056 3957 Quamvis
3086 3895 3230 3948 enim
3260 3894 3349 3948 ille
3385 3895 3552 3966 Spiri-

1973 3989 2082 4035 tum
2115 3991 2365 4037 sanctum
2391 3982 2659 4054 largiatur
2681 3983 2752 4050 “,
2782 3999 2958 4054 neque
2989 3987 3056 4039 ad
3093 4002 3406 4042 mensuram
3441 3990 3545 4052 his,

1969 4075 2062 4143 qui
2092 4075 2240 4144 digni
2308 4086 2461 4141 sunt,
2514 4091 2635 4131 eum
2684 4075 2947 4146 largiatur
2994 4076 3100 4148 (est
3137 4078 3282 4133 enim
3334 4079 3546 4149 plenus,

1975 4185 1995 4219 ι
2026 4177 2082 4222 et
2127 4170 2194 4222 de
2220 4168 2555 4237 plenitudine
2586 4169 2701 4236 ejus
2732 4183 2830 4225 nos
2862 4183 3057 4225 omnes
3083 4171 3394 4240 accepimus
3414 4171 3485 4236 ",
3521 4191 3540 4225 ι

1970 4259 2114 4314 sicut
2158 4260 2422 4330 scriptum
2483 4258 2649 4330 est);
2693 4268 2937 4315 attamen
2974 4269 3037 4316 ut
3084 4261 3245 4317 homo
3293 4271 3396 4330 est,
3438 4263 3550 4317 dis-

1968 4351 2279 4419 pensatoris
2315 4360 2510 4407 unctus
2544 4351 2764 4418 dicitur,
2811 4351 3151 4423 spiritaliter,
3189 4361 3245 4406 et
3290 4367 3396 4407 non
3447 4354 3550 4405 hu-

1972 4453 2135 4495 mano
2162 4453 2338 4504 more,
2370 4438 2655 4495 devolante
2679 4454 2845 4510 super
2879 4440 3053 4509 ipsum
3097 4438 3301 4508 Spiritu
3335 4450 3545 4505 sancto,

1968 4539 2026 4583 ut
2058 4539 2277 4585 maneat
2322 4529 2378 4584 in
2415 4529 2571 4583 nobis
2613 4529 2800 4595 etiam,
2848 4544 2878 4583 a
2929 4530 3127 4599 quibus
3160 4539 3379 4598 propter
3420 4528 3552 4582 Ada:

1971 4619 2464 4690 transgressionem
2492 4618 2649 4673 initio
2672 4628 2995 4673 recesserat.
3030 4615 3209 4685 Ipsum
3228 4616 3410 4684 itaque
3427 4617 3552 4671 uni-

1969 4713 2211 4780 genitum
2242 4709 2337 4765 Dei
2370 4709 2604 4765 Verbum
2641 4707 2984 4762 inearnatum
3026 4707 3278 4763 Christus
3309 4707 3552 4778 appella-

1971 4812 2081 4857 tum
2129 4810 2256 4859 est:
2287 4810 2343 4857 et
2382 4815 2505 4856 cum
2549 4800 2822 4870 propriam
2859 4801 3157 4870 potentiam
3207 4800 3407 4855 habeat
3438 4798 3551 4853 Deo

1973 4893 2212 4962 dignam,
2261 4891 2509 4946 miranda
2555 4900 2837 4961 operatum
2878 4899 2983 4947 est.
3016 4891 3120 4957 Qui
3175 4905 3305 4961 ergo
3343 4889 3549 4947 Christi

1970 4985 2226 5053 potentiae
2263 4983 2526 5053 unigeniti
2554 4983 2781 5055 gloriam
2816 4983 3120 5038 accessisse
3152 4982 3363 5050 dicunt,
3393 4985 3549 5054 quasi

1971 5075 2282 5146 unigenitus
2312 5075 2452 5130 alter
2481 5076 2552 5129 sit
2589 5091 2619 5130 a
2647 5074 2888 5142 Christo,
2927 5077 3063 5130 duos
3102 5074 3243 5130 ﬁlios
3265 5090 3390 5130 esse
3421 5091 3549 5130 sen-

1974 5168 2146 5233 tiunt,
2193 5166 2427 5223 alterum
2481 5167 2696 5237 quidem
2742 5177 3094 5237 cperantem;
3146 5166 3374 5222 alterum
3423 5181 3548 5222 vero

1972 5259 2196 5315 alterius
2236 5259 2311 5324 vi,
2356 5268 2612 5330 tanquam
2644 5260 2918 5316 hominem
2962 5258 3117 5315 nobis
3148 5257 3401 5322 similem,
3447 5256 3550 5312 im-

323 5429 372 5461 ”
397 5429 646 5503 Philipp.
671 5447 733 5500 It,
767 5433 855 5488 10.
938 5433 986 5466 ’³
1012 5434 1141 5491 Luc.
1178 5452 1211 5503 ι,
1246 5437 1334 5490 51.
1414 5438 1461 5469 ’θ’
1482 5435 1671 5493 Matth.
1701 5453 1741 5503 ι,
1776 5437 1867 5491 21.

1975 5435 2157 5493 Ῥεοι.
2193 5453 2343 5505 xuv,
2373 5437 2425 5495 8.
2504 5437 2726 5497 “Joan.
2751 5453 2833 5507 ut,
2856 5439 2945 5494 54.
3025 5441 3067 5471 ι⁷
3092 5438 3250 5496 Joan.
3280 5455 3321 5508 ι,
3352 5438 3441 5497 16.

1329 5596 1502 5654 Variae
1530 5596 1789 5655 lectiones
1817 5613 1886 5655 cx
1909 5598 2098 5655 codice
2122 5597 2495 5669 Seguieriano.

326 5756 354 5799 )‘
384 5749 671 5821 συνάρχει.
