4080 6430
304 318 434 398 sua

1367 330 1785 389 EXPLICATIO
1823 329 2181 392 ouooscm
2224 292 2559 397 csprruu.

3497 345 3604 403 310

317 455 612 523 ἄνθρωπος
661 449 908 519 γεγονὼς
932 488 955 515 ,
1000 447 1378 521 ὲπιμεμίνηκε
1427 449 1523 506 καὶ
1566 449 1708 504 οὕτω
1742 448 1873 513 Θεός
1892 464 1905 480 ·

2020 457 2365 523 operabatur.
2408 455 2594 524 Quare
2641 462 3003 527 posteaquam
3039 456 3208 512 homo
3248 454 3451 512 factum
3494 467 3600 526 est,

313 546 468 598 ὥστε
500 542 608 614 ἰδίᾳ
631 541 867 612 δυνάμει
893 544 964 613 τῇ
992 540 1079 597 διὰ
1105 540 1201 596 τοῦ
1232 540 1551 614 Πνεύματος
1576 540 1821 613 ἐπλήρου
1844 541 1914 596 τὰ

312 635 603 704 θαύματα.
633 634 699 687 Οἱ
725 634 785 687 δὲ
814 628 1091 703 λέγοντες,
1121 634 1196 696 ὡς
1228 632 1516 703 ἄνθρωπον
1546 632 1644 687 ἕνα
1670 632 1762 686 τὸν
1790 632 1911 686 καθ’

308 728 497 797 ἡμᾶς,
522 725 693 797 ἡγουν
716 723 830 777 τῶν
861 724 1055 793 ἁγίων,
1083 722 1398 790 δεδοξάσθαι
1429 723 1593 777 αὑτὸν
1619 725 1687 794 τῇ
1710 722 1799 777 διὰ
1816 720 1912 776 τοῦ

307 815 653 886 Πνεύματος
700 814 975 886 ἐνεργείᾳ,
1025 814 1124 885 οὐχ
1177 812 1253 878 ὡς
1288 814 1392 885 ἰδίᾳ
1433 813 1655 885 μᾶλλον,
1691 812 1807 866 ἀλλ’
1838 810 1914 875 ὡς

305 909 606 980 ἀλλοτρίᾳ,
658 907 756 962 καὶ
805 908 869 961 οὐ
912 907 1209 979 θεοπρεπεῖ
1234 906 1540 978 χρώμενον,
1588 906 1686 961 καὶ
1729 904 1806 970 ὡς
1853 905 1914 958 ἐν

303 1006 550 1076 χάριτος
582 1003 742 1075 μέρει
791 1001 977 1055 λαϐεῖν
1028 999 1182 1072 παρὰ
1224 997 1320 1052 τοῦ
1351 998 1672 1068 Πνεύματος
1695 996 1796 1067 τὴν
1834 996 1915 1058 εἰς

303 1096 587 1168 οὐρανοὺς
614 1093 918 1164 ἀνάληψιν·
961 1091 1345 1145 ὑποκείσονται
1390 1087 1615 1151 δικαίως
1651 1086 1717 1157 τῇ
1752 1085 1912 1139 δυνά-

309 1204 408 1259 μει
440 1185 542 1240 τοῦ
578 1182 1058 1256 ἀναθεματισμοῦ.

762 1323 1357 1377 ΑΝΑΘΕΜΑΤΙΣΜΟΣ
1397 1322 1449 1374 l'.

392 1459 701 1531 ’Δρχιερέα
726 1500 740 1525 ,
794 1459 888 1512 καὶ
934 1458 1232 1515 ἀπόστολον
1272 1457 1375 1528 τῆς
1409 1455 1701 1525 ὁμολογίας
1754 1454 1914 1525 ἡμῶν

308 1552 654 1622 γεγενῆσθαι
682 1551 917 1621 Χριστὸν
944 1553 977 1623 ὴ
1008 1550 1128 1603 θεία
1154 1548 1306 1619 λέγει
1335 1549 1525 1621 Γραφή
1547 1564 1561 1579 ο
1608 1563 1914 1619 προσκεκο-

315 1642 545 1713 μικέναι
571 1643 630 1694 δὲ
660 1641 855 1695 ἑαυτὸν
886 1641 1027 1711 ὑπὲρ
1058 1640 1216 1711 ἡμῶν
1245 1641 1328 1704 εἰς
1355 1640 1533 1711 ὀσμὴν
1567 1639 1795 1704 εὐωδίας
1835 1638 1913 1709 τῷ

317 1734 431 1807 θεῷ
469 1736 572 1789 καὶ
617 1734 820 1806 Πατρί.
858 1733 925 1786 Εἴ
961 1750 1043 1796 τις
1086 1733 1266 1786 τοίνυν
1306 1731 1606 1804 ἀρχιερέα,
1655 1731 1747 1784 καὶ
1781 1731 1908 1785 ἀπό-

2020 544 2162 600 Deus
2212 546 2377 601 etiam
2422 547 2506 602 sic
2548 547 2885 616 permansit;
2922 555 3091 616 atque
3119 547 3198 601 ita
3250 547 3466 617 propria
3511 561 3608 615 per

2016 634 2282 708 Spiritum
2331 638 2535 694 virtute
2578 636 2841 693 miracula
2892 639 3165 707 patrabat.
3207 637 3313 705 Qui
3352 652 3484 692 vero
3526 637 3606 691 di-

2013 738 2165 796 cunt,
2196 728 2372 795 illum,
2405 739 2664 798 tanquam
2698 744 2866 784 unum
2899 731 3209 801 quempiam
3238 744 3269 785 e
3298 732 3476 794 nobis,
3506 730 3605 785 hoc

2013 827 2099 874 est
2145 833 2177 874 e
2226 820 2404 876 sancti
2452 819 2696 889 Spiritus
2735 820 3051 889 operatione
3098 819 3482 883 clariﬁcatum,
3517 816 3623 874 ea-i

2014 920 2140 978 que,
2175 924 2283 964 non
2331 920 2390 964 ut
2432 910 2676 980 propria,
2727 910 2821 965 sed
2868 918 3127 979 tanquam
3170 909 3368 973 aliena,
3403 919 3458 963 et
3489 906 3608 979 quas

2017 999 2187 1057 Deum
2228 1018 2336 1057 non
2398 1003 2617 1068 deceat,
2665 1018 2848 1067 usum,
2907 1017 3119 1058 necnon
3168 1004 3323 1073 quasi
3372 1003 3607 1073 Spiritus

2014 1092 2190 1161 gratia
2221 1093 2287 1146 ad
2335 1092 2507 1148 caelos
2538 1108 2658 1148 esse
2693 1102 3037 1163 assumptum
3068 1110 3083 1149 :
3121 1094 3196 1148 illi
3236 1094 3437 1150 merito
3473 1110 3607 1149 ana-

2018 1182 2348 1237 thematismi
2384 1183 2542 1252 lmjus
2577 1185 2763 1238 virtuti
2806 1184 3187 1254 subjacebunt.

2433 1315 3079 1373 ANATHEMATISMUS
3120 1319 3185 1372 X.

2087 1449 2453 1507 Confessionis
2501 1461 2697 1509 nostra:
2735 1453 3047 1523 pontiﬁcem
3089 1463 3143 1509 et
3171 1455 3473 1523 apostolum
3519 1458 3601 1511 fa-

2016 1553 2162 1600 ctum
2216 1560 2339 1601 esse
2411 1546 2693 1601 Christum
2760 1546 3043 1617 Scriptura
3093 1547 3272 1602 divina
3332 1547 3490 1603 docet
3512 1547 3601 1601 ὀι

2015 1630 2277 1686 obtulisse
2299 1646 2518 1701 quoque
2556 1630 2916 1700 semetipsum
2955 1646 3053 1701 pro
3088 1631 3245 1685 nobis
3280 1631 3387 1685 Deo
3419 1639 3471 1683 et
3502 1629 3605 1685 Pa~

2018 1724 2085 1778 tri
2116 1732 2170 1779 et
2198 1725 2251 1779 in
2282 1724 2506 1780 odorem
2551 1724 2847 1781 suavitatis
2870 1724 2939 1778 ³⁸.
2970 1724 3027 1779 Si
3058 1723 3181 1794 quis
3219 1737 3353 1794 ergo
3382 1723 3602 1787 dixerit,

323 1829 505 1881 στόλον
557 1826 723 1898 ἡμῶν
770 1824 1106 1894 γεγενῆσθαί
1157 1841 1325 1895 φησιν
1368 1825 1467 1878 οὐκ
1510 1824 1672 1877 αὐτὸν
1720 1823 1810 1877 τὸν
1849 1824 1913 1875 ὲκ

2021 1814 2329 1885 pontiﬁcem
2376 1824 2432 1871 et
2461 1816 2770 1885 apostolum
2816 1825 3062 1872 nostrum
3112 1831 3222 1869 non
3258 1828 3383 1869 esse
3429 1814 3604 1885 ipsum

325 1922 452 1975 θεοῦ
485 1920 711 1990 [πατρὸς
740 1919 936 1989 Λόγον,
964 1920 1055 1972 ὅτε
1085 1919 1276 1988 γέγονε
1307 1915 1473 1989 σὰρξ,
1499 1917 1592 1971 κοιλ⁵
1619 1916 1742 1970 καθ’
1768 1917 1915 1986 ἡμᾶς

327 2014 637 2086 ἄνθρωπος,
658 2011 778 2065 ἀλλ’
808 2011 885 2075 ὡς
907 2012 1098 2081 ἕτερον
1123 2009 1255 2081 παρ’
1278 2009 1460 2073 αὐτὸν,
1495 2009 1675 2072 ιδικῶς
1708 2006 1917 2078 ἄνθρω-

332 2123 424 2157 πον
453 2107 520 2158 ὲκ
540 2101 833 2174 γυναικόςο
866 2102 900 2173 ἢ
930 2103 983 2157 ετ
1008 2119 1093 2165 τις
1139 2100 1294 2170 λέγει
1333 2101 1473 2173 ὑπὲρ
1498 2098 1518 2139 1
1538 2098 1732 2154 ἑαυτοῦ
1756 2115 1919 2171 προσ-

339 2198 574 2264 ενεγκεῖν
616 2195 780 2249 αὐτὸν
809 2193 909 2264 τὴν
939 2193 1280 2265 προσφορὰν,
1331 2194 1427 2246 καὶ
1455 2192 1576 2263 οὐχὶ
1607 2192 1672 2263 δὴ
1717 2190 1917 2262 μᾶλλον

349 2289 486 2359 ὑπὲρ
517 2288 675 2358 μόνων
720 2285 917 2359 ἡμῶν·
970 2285 1031 2338 οὐ
1067 2285 1175 2357 γὰρ
1211 2284 1277 2337 ἂν
1308 2284 1503 2355 ἐδεήθη
1534 2284 1850 2356 προσφορᾶς
1888 2283 1916 2334 ὁ

350 2378 423 2447 μὴ
443 2380 594 2439 εἰδὼς
619 2377 898 2450 ἁμαρτίαν
918 2394 931 2407 ·
968 2378 1133 2433 ἀ.νάοε
1143 2376 1413 2459 μαεστω.

930 2573 1242 2637 Ἐπίλυσις
1274 2579 1326 2628 ι’.

2020 1906 2112 1960 Dei
2140 1904 2781 1977 Verbum,posteaquam
2815 1919 2944 1961 caro
2976 1914 3030 1960 et
3070 1905 3232 1960 homo
3263 1903 3419 1960 nobis
3452 1903 3603 1959 siini-

2018 1996 2086 2053 lis
2127 1996 2330 2051 factum
2360 2009 2485 2064 est;
2520 2000 2616 2053 sed
2649 1997 2926 2052 hominem
2958 1996 3131 2064 illum,
3166 1996 3256 2065 qui
3284 2011 3350 2050 ex
3380 1994 3608 2050 muliere

2020 2097 2183 2144 natus
2222 2096 2326 2158 est,
2358 2088 2518 2160 quasi
2553 2088 2787 2144 alterum
2821 2088 3134 2159 quempiam
3168 2086 3236 2142 ab
3286 2086 3405 2156 ipso
3439 2087 3610 2141 diver-

2015 2194 2136 2236 sum
2168 2198 2181 2236 :
2214 2189 2308 2235 aut
2355 2180 2401 2237 si
2432 2184 2554 2252 quis
2589 2180 2871 2236 Christum
2921 2194 3020 2251 pro
3070 2178 3252 2248 seipso
3283 2190 3522 2248 quoque.
3554 2186 3610 2231 et

2019 2287 2126 2328 non
2179 2273 2360 2343 potius
2406 2289 2505 2345 pro
2554 2272 2713 2329 nobis
2770 2272 2902 2329 solis
2956 2271 3288 2327 sacriﬁcium
3344 2270 3610 2325 obtulisse

2020 2364 2221 2420 dixerit
2249 2367 2449 2436 (neque
2499 2367 2644 2422 enim
2691 2365 2967 2420 oblatione
3010 2364 3229 2434 egebat,
3263 2363 3352 2432 qui
3399 2376 3599 2433 peccar

2022 2466 2133 2511 tum
2162 2472 2267 2513 non
2304 2458 2474 2529 novit)
2506 2476 2518 2511 :
2558 2457 2845 2512 anathema
2878 2457 2975 2511 sit.

2533 2570 2836 2626 Declarau’o
2857 2570 3085 2626 decima.

200 4356 217 4367 ‘
328 4344 404 4407 τῷ
434 4345 557 4418 Θεῷ
606 4348 704 4400 καὶ
735 4346 946 4417 Πατρί·
979 4346 1117 4417 ὅπερ
1144 4345 1264 4400 ἐστὶ
1291 4347 1390 4417 τῆς
1423 4344 1613 4416 ὀρθῆς,
1644 4344 1739 4397 καὶ
1770 4345 1924 4416 ἀμω-

388 2683 617 2754 Σμικρὰ
667 2683 769 2755 μὲν
812 2683 1264 2755 ὁμολογουμένως
1305 2682 1385 2754 τῷ
1424 2684 1490 2737 ἐκ
1523 2683 1659 2738 Θεοῦ
1706 2683 1918 2757 Πατρδς

2094 2686 2301 2756 Exigua
2342 2700 2476 2741 sane
2507 2694 2632 2742 sunt
2668 2685 2866 2750 Verbo,
2904 2683 3046 2754 quod
3080 2697 3146 2737 ex
3182 2681 3295 2738 Deo
3322 2681 3484 2736 Patre
3513 2696 3611 2736 on—

312 2776 477 2848 φΰντι
532 2777 700 2848 Λόγῳ
731 2775 804 2831 τὰ
824 2775 1163 2849 ἀνθρώπινα.
1190 2775 1339 2848 Πλὴν
1373 2776 1488 2830 ἀλλ’
1508 2777 1609 2830 οὔκ
1638 2777 1918 2850 ἀπόϐλητα

2026 2787 2135 2833 tum
2160 2788 2263 2843 est,
2293 2792 2413 2847 quae
2438 2779 2672 2832 humana
2699 2786 2863 2845 sunt;
2891 2784 3129 2831 attamen
3152 2783 3371 2844 propter
3392 2774 3608 2844 dispen-

298 2869 402 2922 διὰ
431 2869 535 2940 τὴν
564 2869 906 2940 οἰκονομίαν.
958 2867 1167 2940 Κύριος
1197 2867 1305 2940 γὰρ
1345 2866 1423 2921 ὣν
1453 2868 1562 2921 τῶν
1598 2867 1735 2925 ὅλων
1781 2868 1918 2923 κατά

2023 2875 2289 2930 sationem
2331 2852 2435 2927 non
2480 2869 2797 2939 rejicienda.
2831 2868 2964 2924 Cum
3003 2868 3146 2922 enim
3182 2867 3476 2923 secundum
3507 2882 3609 2922 na-

306 2963 504 3031 φὺσιν,
550 2962 800 3032 καθῆκεν
838 2960 1034 3014 ἑαυτὸν
1075 2961 1133 3013 ἐν
1167 2962 1280 3023 τοῖς
1315 2958 1438 3013 καθ’
1480 2960 1661 3031 ἡμᾶς,
1708 2960 1918 3032 μορφὴν

2028 2968 2202 3020 turat'n
2250 2963 2625 3018 universorum
2671 2960 2929 3017 Dominus
2970 2967 3157 3023 esset,
3206 2959 3391 3013 servili
3436 2958 3609 3013 forma

301 3053 507 3106 δούλου
554 3051 774 3106 λαϐὼν·
815 3053 913 3107 καὶ
946 3051 1355 3124 κεχρημάτικεν
1392 3050 1554 3124 ἡμῶν
1594 3052 1691 3106 καὶ
1733 3055 1918 3123 ἀρχιε-

2027 3064 2268 3125 accepta,
2295 3054 2347 3107 in
2386 3067 2451 3107 ea
2491 3066 2614 3121 quae
2654 3059 2838 3106 nostra
2872 3061 3021 3113 sunt,
3057 3050 3404 3117 semetipsum
3431 3048 3610 3103 demi-

303 3147 469 3217 ρεὺς,
504 3147 606 3200 καὶ
636 3145 957 3210 ἀπόστολος,
987 3144 1096 3199 τῶν
1125 3145 1223 3216 τῆς
1255 3145 1671 3217 ἀνθρωπότητος
1709 3145 1918 3217 μέτρων

2035 3146 2139 3212 sit;
2174 3142 2584 3214 appellatusque
2606 3151 2690 3196 est
2725 3150 2912 3196 noster
2948 3140 3189 3211 pontifex
3222 3149 3277 3196 et
3310 3140 3605 3209 apostolus,

304 3240 413 3292 καὶ
453 3240 538 3302 είς
575 3236 739 3291 τοῦτο
783 3237 1095 3293 καλούντων
1135 3237 1326 3292 αὐτόν·
1368 3255 1386 3289 ι
1417 3237 1836 3310 Προσκεκόμικε
1865 3237 1918 3292 δὲ

2028 3236 2276 3291 humanae
2305 3245 2513 3289 natura:
2546 3232 2949 3287 conditionibus
2979 3232 3046 3287 ad
3089 3231 3191 3286 hoc
3227 3231 3392 3286 etiam
3426 3231 3604 3300 ipsum

301 3332 517 3385 ἑαυτὸν
553 3331 701 3402 ὑπὲρ
741 3330 902 3403 ἡμῶν
936 3332 1017 3395 εἰς
1061 3330 1239 3404 ὀσμὴν
1280 3330 1508 3395 εὐωδίας
1548 3331 1627 3402 τῷ
1673 3331 1792 3403 Θεῷ
1830 3333 1918 3385 καὶ

2025 3326 2365 3382 vocantibus.
2411 3343 2430 3376 ι
2469 3318 2675 3378 Obtulit
2708 3331 2890 3378 autem
2924 3321 3278 3391 semetipsum
3309 3336 3411 3393 pro
3446 3322 3603 3376 nobis

303 3423 527 3493 Πατρί·
563 3423 668 3494 μιᾷ
714 3422 825 3494 γὰρ
855 3424 1146 3493 προσφορᾷ
1187 3406 1507 3477 τετελείωκε
1542 3425 1668 3487 τοὺς
1698 3423 1918 3492 ἁγιαζο-

2027 3418 2136 3474 Deo
2178 3417 2329 3472 Patri
2366 3416 2421 3471 in
2441 3416 2665 3472 odorem
2695 3413 3062 3470 suavitatis“.
3088 3414 3207 3471 Una
3233 3413 3430 3483 quippe
3452 3413 3608 3469 obla-

2028 3506 2967 3568 tioneconsummavitsanctiﬁcatos
2998 3508 3051 3562 in
3082 3506 3475 3578 sempiternum
3497 3506 3599 3572 ³³,ι

2025 3604 2171 3660 sicut
2216 3603 2479 3673 scriptum
2533 3608 2634 3656 est.
2679 3600 2747 3654 At
2784 3599 2969 3654 nescio
3018 3599 3290 3673 quomodo
3324 3598 3415 3669 qui
3450 3612 3609 3654 secus

2026 3696 2289 3761 sentiunt,
2324 3709 2428 3749 non
2455 3696 2629 3764 ipsum
2667 3692 2767 3747 Dei
2807 3689 3043 3747 Verbum
3095 3691 3368 3746 hominem
3412 3690 3612 3746 factum

2026 3788 2329 3858 exstitisse,
2360 3794 2414 3842 et
2444 3783 2750 3855 apostolum
2797 3797 2863 3838 ac
2906 3782 3219 3853 pontiﬁcem
3251 3780 3612 3837 confessionis

2028 3888 2251 3942 nostrae,
2282 3877 2379 3933 sed
2420 3876 2577 3947 quasi
2612 3876 2884 3931 diversum
2914 3874 3221 3945 quempiam
3258 3873 3328 3928 ab
3362 3873 3477 3942 ipso
3509 3871 3611 3926 ho-

2027 3974 2229 4029 minem
2259 3983 2505 4025 seorsum
2541 3981 2572 4023 e
2598 3976 2786 4022 sancta
2827 3964 3050 4036 Virgine
3096 3974 3283 4019 natum
3306 4004 3322 4031 ,
3359 3972 3414 4017 et
3450 3960 3614 4034 156

2027 4063 2330 4135 apostolum
2377 4068 2443 4115 ac
2495 4059 2806 4130 pontiﬁcem
2855 4067 3107 4114 vocatum
3164 4056 3334 4112 fuisse
3380 4066 3611 4111 conten-

2027 4157 2194 4220 dunt;
2224 4162 2279 4207 et
2311 4152 2645 4222 proﬁcientia
2677 4151 2743 4205 ad
2776 4151 2880 4206 hoc
2909 4158 3154 4206 evectum
3187 4163 3348 4205 esse:
3384 4163 3483 4203 nec
3512 4161 3610 4217 pro

2028 4244 2183 4300 nobis
2207 4243 2339 4298 solis
2366 4241 2714 4310 semetipsum
2754 4240 2868 4296 Deo
2907 4250 2964 4295 et
3006 4239 3239 4295 Patri‘in
3277 4239 3609 4295 sacriﬁcium

2025 4336 2305 4400 obtulisse,
2345 4335 2440 4390 sed
2491 4334 2653 4389 etiam
2699 4348 2797 4403 pro
2842 4334 3066 4404 seipso:
3106 4333 3158 4387 id
3197 4333 3338 4402 quod
3385 4348 3415 4385 a
3461 4340 3608 4386 recta

324 4437 499 4507 μήτοι)
532 4436 778 4500 πίστεως
806 4436 1086 4509 ἀλλότριον
1109 4437 1389 4501 παντελῶς
1406 4453 1420 4468 ·
1448 4437 1509 4490 οὐ
1535 4437 1642 4509 γὰρ
1665 4437 1918 4508 εποίησεν

2027 4427 2411 4498 inculpataque
2458 4424 2565 4485 ﬁde
2610 4426 2833 4481 omnino
2874 4435 2959 4480 est
3005 4424 3279 4490 alienum,
3326 4433 3606 4492 peccatum

318 4505 602 4599 ἆμαρτίαν
624 4545 637 4558 ·
673 4530 704 4582 ὁ
747 4529 808 4584 δὲ
851 4505 1118 4601 κρείττων
1167 4528 1243 4583 ὣν
1278 4527 1373 4584 τοῦ
1414 4505 1778 4599 πλημμελεῖν,
1811 4505 1918 4583 -καὶ

2028 4519 2174 4575 enim
2206 4535 2310 4574 non
2340 4517 2567 4573 fecerat.
2602 4516 2703 4583 Qui
2744 4525 2923 4572 autem
2955 4516 3153 4571 delicto
3191 4516 3459 4585 superior,
3484 4529 3612 4585 pec-

266 4678 273 4683 ,
315 4620 639 4701 ἀμοιρήσας
658 4619 938 4690 ἁμαρτίας
964 4618 1265 4684 παντελῶς,
1287 4619 1388 4672 οὐκ
1411 4618 1480 4672 ἂν
1507 4617 1702 4689 ἐδεήθη
1730 4616 1918 4682 θυσίας

2026 4611 2243 4681 catiqne
2268 4624 2495 4679 prorsus
2525 4622 2718 4676 expers
2743 4614 2861 4660 erat
2880 4646 2897 4673 ,
2926 4605 3202 4660 oblatione
3229 4620 3327 4675 pro
3368 4619 3428 4660 se
3462 4603 3609 4659 nullo

315 4710 418 4779 τῆς
448 4709 600 4780 ὑπὲρ
624 4697 843 4765 ἑαυτοῦ.
881 4710 1100 4782 Ἐπειδὴ
1122 4709 1179 4763 δὲ
1209 4708 1271 4762 τὺ
1300 4708 1447 4773 εἰκὸς
1479 4706 1918 4780 παρωθούμενοι,

2026 4709 2184 4773 pacto
2212 4715 2348 4771 opus
2377 4700 2631 4755 habebat.
2671 4698 2933 4765 Quoniam
2960 4711 3089 4751 vero
3126 4697 3217 4767 qui
3263 4704 3452 4751 contra
3485 4710 3611 4749 sen-

317 4803 412 4856 δύο
451 4803 520 4874 δὴ
557 4802 729 4856 πάλιν
756 4803 907 4865 υἱοὺς
929 4800 1235 4858 ἐπινοοῦσιν
1262 4804 1309 4856 οἱ
1340 4801 1715 4874 ὲτερόφρονες,
1748 4802 1918 4870 ἀναγ-

2031 4794 2193 4857 tiunt,
2240 4792 2375 4846 duos
2414 4803 2603 4845 rursus
2642 4787 2781 4843 ﬁlios
2815 4786 3045 4842 absurde
3082 4785 3606 4848 comminiscuntur,

318 4897 494 4961 καίως
523 4896 756 4966 γέγονεν
790 4899 820 4951 ὁ
851 4896 1330 4969 ἀναθεματισμὺς,
1378 4896 1597 4967 ἐμφανῆ
1646 4893 1918 4949 καθιστῶν

2026 4896 2207 4953 (ψει-ω
2231 4880 2463 4952 pretium
2497 4880 2619 4945 fuit,
2654 4886 2714 4933 ut
2736 4878 2825 4933 hic
2856 4892 3073 4948 quoque
3111 4876 3605 4933 anathematismus

319 4987 416 5058 τὴν
455 4988 726 5043 ἀσέϐειαν
754 4989 955 5045 αὐτῶν,
1950 4974 1955 4981 ’
2026 4975 2421 5045 assignaretur,
2475 4972 2568 5042 qui
2617 4972 2952 5043 impietatem
3001 4969 3221 5028 illorum
3264 4970 3608 5041 perspicuam

2029 5066 2293 5126 redderet,

2431 5172 3074 5230 ANATHEMATISMUS
3114 5170 3207 5228 XI.

2100 5292 2158 5348 Si
2179 5290 2300 5361 quis
2322 5285 2538 5346 Domini
2562 5303 2783 5346 carnem
2809 5287 3102 5354 viviﬁcam,
3125 5287 3404 5358 ipsiusque
3425 5279 3607 5346 Verbi.

306 3516 519 3586 μένους
554 3517 640 3581 εἰς
664 3516 728 3570 τὺ
756 3516 1027 3588 διηνεκὲς,
1055 3535 1074 3569 ι
1108 3516 1254 3572 καθὰ
1283 3517 1612 3588 γέγραπται.
1655 3516 1797 3570 Ἀλλ’
1823 3517 1924 3571 οὐκ

300 3607 410 3664 οἶδ⁴
432 3611 593 3674 ὅπως
620 3620 663 3647 ιιι
692 3613 742 3664 οἱ
787 3610 1142 3683 ὲτερόφρονες
1190 3610 1292 3664 οὐκ
1338 3611 1501 3664 αὑτὸν
1547 3610 1640 3665 τὸν
1688 3613 1754 3666 ἐκ
1786 3611 1923 3665 Θεοῦ

306 3704 490 3773 Λόγον
505 3703 807 3776 ἄνθρωπον
828 3703 1092 3773 γεγονότα
1114 3702 1559 3774 διισχυρίζονται,
1586 3705 1922 3775 χρηματίσαι

307 3813 372 3849 τε
399 3797 500 3850 καὶ
523 3796 855 3861 ἀπόστολον,
883 3795 977 3849 καὶ
1001 3795 1267 3867 ἀρχιερέα
1311 3796 1411 3866 τῆς
1431 3795 1721 3867 ὁμολογίας
1743 3796 1920 3867 ἡμῶν,

312 3886 432 3940 ἀλλ’
451 3886 530 3950 ὡς
560 3886 758 3957 ἔτερόν
788 3902 917 3940 τινα
942 3886 1075 3955 παρ’
1097 3885 1259 3940 αὑτὸν
1285 3886 1572 3959 ἄνθρωπον
1603 3887 1807 3954 ίδικῶς,
1830 3887 1923 3942 τὸν

322 3977 385 4029 ὲκ
399 3977 500 4047 τῆς
524 3977 695 4047 ἁγίας
721 3976 1005 4049 Παρθένου
1031 3977 1401 4048 γεγενημένον
1423 3979 1555 4047 φασὶ
1581 3979 1923 4050 χρηματίσαι

334 4069 427 4120 καὶ
450 4069 775 4134 ἀπόστολον,
800 4070 896 4123 καὶ
916 4069 1202 4141 ἀρχιερέα,
1230 4069 1325 4124 καὶ
1356 4069 1499 4123 κατὰ
1528 4069 1814 4141 προκοπὴν
1838 4071 1923 4133 είς

336 4158 488 4214 τοῦτο
505 4160 854 4233 ἐληλυθέναι,
880 4161 979 4216 καὶ
1002 4162 1102 4230 οὐχ
1125 4161 1267 4230 ὑπέρ
1288 4178 1349 4230 γε
1379 4161 1556 4232 μόνων
1582 4162 1615 4232 ἡ
1624 4160 1760 4231 μῶν,
1787 4160 1949 4215 amr

336 4255 421 4307 καὶ
466 4254 611 4324 ὑπὲρ
651 4252 850 4307 ἑαυτοῦ
886 4255 1277 4323 προσενεγκεῖν
1306 4260 1336 4289 ιι
1379 4251 1572 4305 ἑαυτὸν
1618 4253 1699 4315 είς
1732 4250 1923 4305 θυσίαν

762 5180 1359 5237 ΑΝΑΘΕΜΔΤΙΣΜΟΣ
1391 5181 1493 5235 IA'.

391 5294 466 5349 Ετ
498 5310 587 5358 τις
623 5292 726 5365 οὐχ
764 5293 1019 5365 ὁμολογεῖ
1047 5295 1146 5366 τὴν
1193 5293 1289 5347 τοῦ
1325 5294 1533 5365 Κυρίου
1571 5293 1750 5364 σάρκα
1781 5291 1915 5357 ξωο-

401 5475 452 5509 ⁸⁸
478 5477 650 5534 Hebr.
686 5493 771 5545 tu,
808 5479 860 5533 l.
962 5478 1004 5509 ³¹
1035 5478 1234 5546 Ephcs.
1268 5493 1321 5543 ν,
1348 5477 1402 5530 2.
1481 5477 1524 5507 ³²
1555 5475 1689 5531 ibid.
1782 5476 1829 5509 ³³
1845 5477 2011 5533 Hebr.
2045 5490 2102 5541 ι,
2135 5476 2218 5533 M.

1418 5631 1593 5688 Varia:
1632 5631 1896 5689 lectiones
1925 5648 1991 5689 ex
2024 5632 2211 5690 codice
2247 5630 2625 5704 Seguieriano.

381 5789 404 5837 ι
432 5789 532 5849 καὶ
556 5788 720 5863 ὺπέρ.
800 5796 834 5820 ’³
867 5782 988 5844 οἴδα
1018 5788 1151 5855 πῶς.
1231 5800 1257 5829 η
1297 5790 1498 5862 μᾶλλον
1528 5790 1705 5862 ἡμῶν,
1739 5791 1771 5863 ἢ
1799 5791 1992 5846 ἑαυτοῦ
2025 5791 2435 5863 προσενεγκεῖν.
