4080 6430
538 304 642 363 διι

1538 310 1599 369 5.
1639 309 1919 366 CYRILLI
1958 307 2434 369 ALEXANDRINI
2472 314 2802 372 ARCHIEP.

3700 312 3807 367 53?.

526 421 669 491 quod
702 434 764 474 ex
816 420 924 476 Deo
969 420 1129 477 Patre
1169 430 1276 485 est,
1322 424 1597 495 prepriam
1644 441 1765 482 esse
1811 427 2109 497 negaverit,

2220 429 2372 481 ποιὸν
2406 423 2567 493 εἶναι,
2598 431 2692 484 καὶ
2721 430 2856 483 ἰδίαν
2883 424 3049 482 αὑτοῦ
3074 426 3168 481 τοῦ
3194 429 3257 481 ἐκ
3281 424 3419 479 Θεοῦ
3461 425 3676 495 Πατρὸς
3703 428 3817 481 Λό-

525 513 618 566 sed
651 511 812 565 veluti
850 511 1076 568 alterius
1108 514 1409 584 cujuspiam
1452 516 1554 587 ipsi
1595 517 1774 573 Verbo
1804 520 2101 574 secundum

524 605 842 672 dignitatem
881 606 1154 674 conjuncti
1184 648 1199 671 ,
1237 609 1339 664 hoc
1369 618 1484 674 est,
1524 618 1583 663 ut
1625 609 1862 664 divinam
1896 618 2106 664 tantum

528 691 981 769 inhabitationcm
1012 698 1214 761 sortiti,
1244 714 1308 753 ac
1341 714 1447 754 non
1487 699 1665 769 potius
1695 699 1959 755 viviﬁcam
1989 715 2109 757 esse

523 768 741 851 dixerit.
757 793 814 839 ut
835 787 995 842 modo
1009 789 1372 853 meminimus,
1394 805 1459 846 eo
1477 768 1619 860 quod
1636 791 1814 852 Verbi,
1836 792 1976 861 quod
1997 807 2114 847 om-

523 878 610 932 nia
647 877 924 963 viviﬁcare
960 891 1156 951 potest,
1178 882 1314 937 facta
1333 884 1402 937 sit
1426 883 1670 955 prepria;
1701 886 1989 941 anathema
2015 887 2104 940 sit.

1003 994 1301 1051 Declaralio
1335 999 1633 1052 undecima.

598 1101 859 1160 Sanctum
901 1121 963 1161 ac
996 1108 1264 1163 viviﬁcum
1300 1110 1752 1180 incruentmuque
1785 1115 1835 1166 in
1863 1114 2110 1169 ecclesiis

528 1196 859 1252 sacriﬁcium
889 1200 1235 1270 peragimus;
1264 1217 1460 1269 corpus
1485 1206 1629 1271 quod
1660 1209 1999 1274 proponitur,
2033 1209 2109 1262 si-

528 1288 728 1342 militer
750 1299 803 1343 et
830 1291 1123 1359 pretiosum
1157 1294 1500 1363 sanguinem,
1530 1310 1634 1349 non
1659 1298 1988 1361 communis,
2014 1313 2109 1353 no-

526 1379 714 1449 bisque
753 1382 947 1435 similis
997 1383 1232 1440 hominis
1284 1385 1587 1456 cujuspiam
1632 1402 1756 1442 esse
1805 1388 2106 1452 credentes,

524 1471 616 1523 sed
667 1472 845 1540 potius
892 1483 1149 1542 tanquam
1198 1478 1475 1545 proprium
1515 1495 1709 1550 corpus
1739 1480 2024 1545 eﬂ'ectum,
2056 1492 2111 1535 et

526 1563 845 1632 sanguinem
877 1566 1039 1619 etiam
1066 1565 1248 1632 Verbi,
1281 1571 1423 1639 quod
1462 1572 1642 1625 omnia
1678 1572 1934 1636 vivilicat,
1969 1574 2110 1627 acci-

524 1654 758 1719 pientes.
813 1655 1091 1726 Siquidem
1150 1664 1459 1717 communis
1515 1679 1641 1720 caro
1688 1665 1965 1722 vivificare
2004 1683 2107 1720 non

2216 536 2337 587 του,
2382 521 2496 573 ἀλλ’
2538 521 2613 585 ὡς
2645 522 2832 592 ἑτέρου
2861 519 3004 584 τινὸς
3042 536 3153 590 παρ
3176 530 3190 549 ’
3214 519 3397 582 αὐτὸν,
3446 518 3804 586 συνημμένου

2219 615 2316 682 μὲν
2336 614 2485 684 αὐτῷ
2509 615 2648 668 κατά
2672 614 2770 683 τὴν
2792 614 2969 679 ἀξίαν,
2990 614 3158 683 ἧγουν
3184 612 3258 674 ὡς
3284 611 3455 680 μόνην
3478 609 3754 679 ἐνοίκησιν
3782 616 3805 639 ο

2214 704 2531 775 ἐσχηκότος,
2557 705 2652 758 καῖ¹
2676 704 2799 774 οὐχὶ
2826 703 2890 772 δὴ
2924 702 3126 773 μᾶλλον
3160 700 3444 766 ζωοποιδν,
3468 699 3544 761 ὡς
3570 699 3805 769 ἔφημεν.

2213 796 2294 849 ὅτι
2325 796 2550 864 γέγονεν
2579 796 2685 868 ἰδίᾳ.
2719 807 2743 846 Ρ
2767 796 2861 849 τοῦ
2886 795 3061 864 Λόγου
3092 794 3187 848 τοῦ
3217 794 3284 847 τὰ
3313 791 3493 846 πάντα
3518 792 3806 856 ζωοποιεῖν

2218 888 2493 958 ίσχύοντος
2510 906 2523 918 ·
2568 883 2819 958 ἀνᾶθεμα
2844 886 3004 940 ἔστω.

2791 1001 2845 1053 Ἐ
2858 1001 3112 1066 mliva
3142 1005 3235 1053 ια’.

2284 1117 2394 1186 Τὴν
2425 1115 2606 1183 ἁγίαν,
2638 1116 2731 1169 καὶ
2762 1114 3050 1179 ζωοποιὸν,
3084 1114 3178 1167 καὶ
3211 1114 3553 1183 ἀναίμακτον
3590 1113 3649 1166 ἐν
3681 1114 3806 1175 ταῖς

2212 1206 2532 1277 ἐκκλησίαις
2558 1206 2819 1277 τελοῦμεν
2845 1206 3057 1268 θυσίαν,
3085 1207 3181 1275 οὐχ
3201 1204 3318 1268 ἐνὸς
3343 1204 3450 1258 τῶν
3477 1203 3596 1258 καθ’
3614 1205 3801 1274 ἡμᾶς.

2212 1298 2306 1351 καὶ
2354 1297 2645 1369 ἀνθρώπου
2698 1298 2877 1351 κοινοῦ
2940 1297 3099 1367 σῶμα
3145 1292 3288 1349 εἶναι
3336 1295 3685 1359 πιστεύοντες
3738 1294 3805 1348 τὸ

2212 1393 2594 1462 προκείμενον,
2616 1391 2817 1461 ὁμοίως
2843 1391 2898 1443 δὲ
2924 1392 3017 1443 καὶ
3044 1390 3103 1444 τὸ
3126 1390 3306 1460 τίμιον
3332 1383 3494 1459 αἷμα,
3520 1388 3806 1459 δεχόμενοι

2212 1483 2270 1536 δὲ
2318 1482 2517 1553 μᾶλλον
2559 1480 2635 1545 ὡς
2678 1481 2809 1535 ἴδιον
2846 1481 3003 1551 σῶμα
3053 1478 3308 1550 γεγονὸς,
3356 1479 3450 1532 καὶ
3488 1478 3672 1549 μέντοι
3706 1480 3805 1532 καὶ

2211 1571 2352 1646 αἷμα
2379 1573 2474 1627 τοῦ
2502 1576 2569 1628 τὰ
2594 1574 2769 1627 πάντα
2800 1572 3192 1641 ζωογονοῦντος
3217 1582 3243 1620 (ι
3269 1570 3465 1638 Λόγου.
3491 1571 3661 1640 Κοινὴ
3692 1569 3806 1639 γὰρ

2214 1667 2351 1739 σὰρξ
2376 1669 2659 1732 ζωοποιεῖν
2683 1668 2741 1719 οὐ
2764 1666 3010 1721 δύναται.
3035 1665 3146 1718 Καὶ
3169 1663 3362 1718 τούτου
3394 1665 3607 1734 μάρτυς
3632 1661 3799 1721 αὐτὸς

526 1753 723 1812 potest.
752 1746 815 1800 Et
839 1749 938 1803 hoc
970 1748 1220 1804 Salvator
1248 1753 1361 1821 ipse
1394 1763 1650 1809 testatum
1678 1756 1806 1812 facit
1839 1776 1851 1812 :
1893 1777 1910 1809 ι
1944 1758 2107 1824 Caro,

2217 1762 2239 1814 6
2281 1759 2492 1830 Σωτὴρ,
2546 1759 2753 1827 λέγων’
2789 1776 2807 1808 ι
2847 1757 2911 1809 'H
2950 1755 3088 1828 σὰρξ
3136 1756 3237 1810 οὐκ
3271 1753 3474 1825 ὠφελεῖ
3509 1754 3663 1807 οὐδέν
3688 1768 3703 1783 ·
3742 1754 3805 1806 τὸ

527 1837 802 1906 inquiens,
845 1856 951 1896 non
989 1843 1207 1911 prodest
1252 1848 1586 1915 quidquam;
1628 1849 1851 1918 spiritus
1891 1862 1974 1905 est
2015 1851 2107 1921 qui

526 1930 762 1985 viviticat
795 1931 860 1985 “.
902 1951 920 1983 ι
957 1934 1093 2001 Quia
1128 1939 1272 1992 enim
1309 1954 1438 1994 caro
1474 1940 1632 1995 Verbi
1675 1940 1820 1996 facta
1863 1953 1946 1997 est
1996 1959 2113 2012 pro-

525 2022 663 2091 pria,
697 2025 766 2077 ob
812 2025 863 2080 id
903 2028 1225 2100 intelligitur
1268 2041 1324 2087 et
1362 2043 1446 2087 est
1488 2033 1721 2099 viviﬁca,
1750 2036 2110 2105 quemadmo-

525 2119 649 2170 dum
703 2118 816 2188 ipse
866 2121 1119 2176 Salvator
1170 2126 1285 2179 ait:
1334 2145 1352 2178 ι
1394 2125 1548 2182 Sicut
1595 2127 1745 2182 misit
1793 2144 1880 2184 me
1925 2130 2112 2186 vivens

524 2205 706 2273 Pater,
736 2219 789 2263 et
822 2225 922 2278 ego
950 2213 1072 2268 vivo
1105 2226 1325 2285 prepter
1358 2215 1571 2271 Patrem
1609 2236 1622 2272 :
1657 2226 1712 2271 et
1744 2220 1833 2286 qui
1876 2220 2112 2274 mandu-

526 2309 616 2353 (τοι
652 2317 757 2365 me,
790 2311 843 2355 et
885 2303 998 2370 ipse
1045 2305 1185 2358 vivet
1231 2317 1448 2377 propter
1495 2325 1579 2364 me
1600 2309 1665 2364 ³⁸.
1702 2329 1719 2362 ι
1756 2312 1888 2366 Cum
1932 2313 2113 2382 itaque

524 2387 827 2456 Nestorius,
859 2405 915 2447 et
946 2395 1187 2463 quicum
1234 2398 1323 2452 illo
1368 2400 1629 2466 sentiunt,
1669 2403 1911 2472 mysterii
1954 2403 2112 2472 hujus

526 2481 783 2536 virtutem
822 2494 1025 2539 temere
1074 2488 1410 2557 dissolvunt;
1452 2504 1761 2563 prepterea,
1807 2506 1861 2550 et
1899 2495 1949 2549 id
1992 2497 2114 2565 qui-

528 2575 649 2628 dem
684 2577 974 2631 admodum
1009 2582 1412 2649 convcnieuter,
1441 2584 1618 2641 editus
1649 2596 1730 2642 est
1764 2587 1853 2644 hic
1885 2588 2114 2644 anathe-

528 2666 833 2723 matismus.

917 2760 1562 2824 ANATIIEMATISMUS
1600 2767 1712 2838 ΧΠ,

602 2868 658 2924 Si
705 2873 828 2941 quis
861 2891 964 2928 non
1018 2878 1327 2944 confitetur,
1368 2880 1460 2936 Dei
1506 2882 1742 2938 Verbum
1787 2899 1950 2940 carne
1990 2902 2115 2957 pas-

528 2977 647 3016 sum
673 2976 723 3018 et
751 2967 1069 3022 crucifixum
1098 2986 1238 3035 esse,
1266 2982 1604 3044 mortemque
1631 2991 1796 3031 carne
1821 2989 2067 3048 gustasse
2097 2996 2113 3034 :

528 3069 735 3111 necnon
802 3060 1219 3133 primogenitum
1284 3065 1441 3137 157
1505 3084 1570 3123 ex
1619 3072 1844 3127 mortuis
1903 3072 2109 3128 factum

524 3162 646 3201 esse
673 3148 718 3180 “
744 3167 758 3216 ;
791 3160 1059 3220 quatenus
1088 3156 1340 3213 nimirum
1374 3169 1431 3213 ut
1452 3160 1594 3217 Deus
1616 3164 1725 3216 vita
1750 3174 1805 3218 et
1830 3165 2111 3221 vivificaris

523 3247 645 3306 est;
676 3244 966 3298 anathema
1005 3246 1098 3303 sit.

987 3360 1287 3418 Declarotio
1311 3366 1642 3421 duodecima.

598 3472 905 3543 lmpatibile
940 3486 994 3529 et
1035 3477 1339 3533 immortale
1371 3492 1453 3537 est
1490 3480 1583 3536 Dei
1639 3482 1813 3538 Patris
1841 3484 2073 3539 Verbum
2096 3525 2111 3548 ,

529 3568 690 3621 altior
717 3570 967 3623 esteuim
1005 3570 1180 3625 divina
1218 3572 1303 3625 illa
1349 3583 1405 3627 el
1438 3576 1864 3645 incorruptibilis
1897 3589 2113 3643 natura,

529 3673 690 3727 quam
722 3674 842 3727 qua:
873 3660 1072 3728 aliquid
1111 3663 1217 3730 pati
1264 3664 1466 3732 possit,
1500 3680 1672 3735 eaque
1716 3668 1896 3722 omnia
1944 3668 2114 3723 viviﬁ~

529 3760 662 3805 cat:
699 3754 829 3820 quin
874 3753 1035 3805 etiam
1076 3756 1353 3808 interitum
1380 3794 1395 3817 ,
1433 3765 1487 3809 et
1529 3757 1789 3827 quidquid
1835 3761 2111 3815 tristitiam

529 3842 726 3897 afferre
758 3843 915 3909 solut,
943 3844 1098 3913 longe
1130 3856 1439 3914 exsuperat.
1487 3847 1720 3903 Verbum
1760 3849 1885 3904 licet
1920 3867 2115 3905 secun-

528 3932 657 3986 dum
687 3936 978 3989 essentiam
1008 3938 1107 3990 hoc
1135 3937 1203 3989 sit
1241 3936 1335 3991 Dei
1370 3937 1549 3992 Patris
1595 3938 1828 3994 Verbum
1858 3959 1873 4008 ;
1914 3943 2112 3997 nihilo-

531 4026 710 4081 minus
733 4043 976 4091 caraem,
1008 4045 1126 4098 quae
1177 4030 1311 4084 mori
1346 4041 1558 4100 posset,
1598 4033 1698 4088 sibi
1733 4037 2007 4103 propriam
2037 4035 2113 4092 [eo

446 4156 455 4164 .
530 4117 625 4177 cit,
673 4126 729 4169 ut
780 4134 875 4185 per
920 4120 1040 4185 hoc,
1080 4122 1223 4188 quod
1270 4121 1376 4189 pati
1433 4123 1649 4177 solitum
1696 4136 1797 4191 est,
1832 4128 2115 4195 passiones

530 4222 630 4275 pro
664 4208 819 4262 nobis
850 4221 1163 4280 ac‘pruptcr
1195 4229 1292 4266 nos
1325 4215 1375 4267 in
1411 4215 1644 4284 scipsum
1683 4234 1985 4284 assumens,
2018 4236 2115 4274 nos

531 4314 722 4353 ontnes
750 4316 776 4352 a
812 4313 985 4356 morte
1011 4312 1064 4355 et
1100 4307 1445 4372 corruptiooe
1479 4303 1778 4371 liberaret;
1809 4325 1965 4364 suum
1993 4306 2125 4364 cor-'

532 4408 654 4459 pus,
680 4404 737 4445 ut
760 4392 921 4460 Deus,
948 4396 1245 4459 vivificaris,
1263 4399 1622 4469 priunitiwque
1642 4402 2028 4456 dormientium
2048 4400 2115 4464 ",

533 4498 599 4537 ac
653 4483 1044 4555 primogenitus
1094 4503 1157 4541 ex
1220 4492 1446 4546 mortuis
1501 4492 1753 4546 clIcctum
1790 4492 1853 4544 ".
1931 4491 2117 4561 Neque

532 4576 674 4627 enim
705 4577 795 4646 qui
836 4590 1058 4647 propter
1095 4597 1194 4636 nos
1239 4584 1529 4651 pretiosam
1564 4599 1853 4653 perpessus
1878 4597 1960 4639 est
1994 4600 2119 4639 cru-

534 4684 675 4732 cem,
708 4680 1045 4739 mortemque.
1072 4677 1312 4742 gustavit
1336 4676 1404 4740 ³⁸,
1443 4676 1748 4729 communis
1792 4677 1973 4741 homo,
2010 4688 2062 4739 et
2088 4693 2117 4730 a

533 4758 713 4813 Verbo
748 4761 1036 4816 distinctus
1073 4764 1419 4832 scjunetusve
1460 4774 1608 4827 erat;
1648 4767 1741 4820 sed
1781 4767 1893 4836 ipse
1934 4769 2119 4837 gloriae

534 4850 798 4906 Dominus
822 4855 867 4884 ’⁵ο
906 4869 1095 4923 passus
1140 4868 1222 4913 est
1256 4874 1421 4913 carne
1448 4857 1514 4921 “,
1539 4860 1835 4913 secundum
1867 4862 2117 4929 Scriptu-

535 4959 648 5000 ras.
672 4944 938 5012 Quoniam
971 4966 1119 5013 vero,
1158 4953 1249 5020 qui
1284 4968 1418 5005 vana
1455 4953 1725 5021 impiaque
1752 4954 2003 5024 dogmata
2034 4971 2117 5011 re-

535 5048 636 5093 trlze
680 5055 931 5110 sanusque
966 5043 1086 5097 ﬁdei
1135 5045 1445 5096 immiscere
1494 5045 1743 5107 student,
1773 5062 2117 5102 communem

536 5129 806 5186 hominem
861 5149 1078 5188 crucem
1137 5150 1232 5202 pro
1288 5135 1441 5189 nobis
1508 5138 1829 5193 sustinuisse
1889 5142 2112 5204 dicunt;

536 5224 1023 5278 anathentatisnms
1064 5225 1171 5287 hic,
1203 5226 1292 5294 qui
1327 5226 1615 5295 impietatis
1660 5228 1871 5282 illorum
1915 5232 2116 5298 magni-

536 5314 776 5369 tudinem
814 5316 1007 5381 aperit,
1048 5316 1353 5369 necessario
1389 5319 1719 5373 constitutus
1757 5332 1862 5375 est.

2215 1851 2433 1921 πνεῦμά
2474 1850 2592 1903 ἐστι
2626 1849 2690 1902 τὸ
2724 1848 3042 1914 ζωοποιοῦν.
3072 1866 3088 1898 ι
3132 1846 3353 1917 Ἐπειδὴ
3386 1845 3495 1917 γὰρ
3528 1845 3635 1916 ίδίᾳ
3659 1853 3683 1882 ι’
3713 1843 3805 1912 γέ-

2213 1961 2335 2013 γονε
2372 1943 2464 1996 τοῦ
2499 1942 2694 2010 Λόγου,
2722 1941 2976 2012 ταύτῃτοι
3006 1941 3208 1993 νοεῖται
3236 1938 3329 1991 καὶ
3364 1937 3481 1990 ἐστι
3515 1934 3802 2000 ζωοποιὺς,

2215 2036 2356 2090 καθά
2386 2053 2547 2106 φησιν
2582 2034 2742 2097 αὐτὸς
2769 2036 2796 2087 6
2829 2033 3048 2104 Σωτήρ·
3083 2051 3101 2083 ι
3128 2031 3327 2093 Καθὼς
3351 2027 3640 2083 ἀπέστειλέ
3679 2044 3743 2097 με
3769 2028 3799 2079 6

2216 2127 2323 2191 ζῶν
2356 2126 2565 2197 Πατὴρ,
2596 2125 2752 2195 κάγὼ
2786 2125 2863 2190 ζῶ
2891 2123 2978 2177 διὰ
3009 2125 3100 2177 τὸν
3122 2124 3365 2194 Πατέρα.
3400 2122 3495 2175 καὶ
3523 2123 3552 2175 6
3575 2119 3801 2192 τρώγων

2219 2237 2307 2291 με,
2336 2220 2587 2281 κάκεῖνος
2618 2217 2841 2288 ζήσεται
2870 2229 2891 2256 ⁸
2921 2217 2986 2270 δι’
3012 2215 3132 2287 ὲμέ.
3179 2215 3395 2285 Ἐπειδὴ
3420 2214 3477 2267 δὲ
3512 2212 3804 2282 Νεστόριος

2216 2313 2310 2365 καὶ
2355 2313 2403 2364 οἱ
2448 2311 2519 2365 τὰ
2574 2310 2738 2363 αὑτοῦ
2794 2308 3118 2381 φρονοῦντες
3164 2305 3535 2376 παραλύουσιν
3580 2303 3807 2374 ἀμαθῶς

2215 2397 2309 2452 τοῦ
2344 2398 2644 2469 μυστηρίου
2669 2398 2766 2469 τὴν
2800 2398 3051 2469 δύναμιν,
3090 2397 3373 2468 ταύτητοι,
3419 2396 3516 2450 καὶ
3552 2394 3699 2466 μάλα
3728 2395 3806 2447 εἰς

2219 2491 2413 2557 κότως,
2448 2492 2675 2561 γέγονεν
2701 2490 2730 2543 6
2772 2489 3237 2561 ἀναθεματισμός.

2651 2773 3241 2829 ΑΝΑΘΕΜᾹΤΙΣΜΟΣ
3278 2772 3379 2827 IB'.

2291 2886 2357 2940 Εί
2409 2903 2490 2950 τις
2545 2886 2643 2956 οὐχ
2697 2885 2980 2955 ὁμολογεῖ,
3031 2884 3121 2938 τὸν
3154 2882 3250 2937 τοῦ
3289 2882 3426 2937 Θεοῦ
3474 2884 3647 2952 Λόγον
3706 2870 3814 2938 πεί-

2220 2979 2381 3032 θόντα
2417 2977 2603 3048 σαρκὶ,
2634 2981 2727 3030 καὶ
2765 2973 3179 3046 ἐσταυρωμένον
3221 2974 3404 3044 σαρκὶ,
3448 2974 3542 3026 καὶ
3577 2973 3811 3027 θανάτου

2220 3071 2555 3140 γευσάμενον
2591 3068 2776 3138 σαρκὶ,
2808 3066 3073 3135 γεγονότα
3094 3064 3155 3118 δὲ
3179 3065 3200 3102 ί
3239 3065 3582 3137 πρωτότοκον
3616 3067 3684 3118 ἐκ
3723 3081 3811 3117 νε-

2221 3163 2391 3233 κρῶν,
2434 3161 2570 3215 καθὸ
2609 3160 2720 3231 ζωή
2752 3162 2890 3226 ἐστι,
2921 3160 3015 3213 καὶ
3044 3159 3328 3224 ζωοποιὸς,
3360 3159 3454 3213 καὶ
3482 3158 3649 3220 Θεός·
3684 3157 3814 3212 ἀνά-

2222 3254 2280 3308 Oa
2291 3273 2367 3325 μα
2394 3246 2553 3307 ἔστω.

2802 3363 3119 3427 Ἐπίλυσις
3143 3362 3239 3427 ιβ’.

2305 3479 2545 3552 Ἀπαθὴς
2575 3480 2696 3550 μὲν,
2730 3479 2822 3532 καὶ
2846 3478 3112 3540 ἀθάνατος
3135 3477 3164 3530 6
3195 3477 3258 3530 ὲκ
3291 3474 3428 3530 Θεοῦ
3457 3476 3671 3547 Πατρός
3696 3476 3813 3529 ἐστι

2222 3577 2415 3644 Λόγος,
2440 3575 2515 3637 ὼς
2544 3571 2800 3642 ἀνωτέρω
2832 3570 2940 3641 γὰρ
2961 3582 2988 3609 ιι
3019 3568 3114 3621 τοῦ
3148 3568 3384 3637 πάσχειν
3417 3569 3450 3638 ἠ
3476 3566 3597 3620 θεία
3624 3584 3684 3619 τε
3714 3566 3810 3619 καὶ

2221 3668 2499 3739 ἁκὴρατός
2526 3669 2643 3719 ἐστι
2673 3664 2835 3732 φύσις
2856 3678 2869 3693 ·
2904 3664 3000 3715 καὶ
3032 3660 3170 3731 αῦτη
3212 3662 3281 3713 τὰ
3322 3660 3501 3713 πάντα
3530 3657 3808 3722 ζωοποιεῖ,

2224 3764 2318 3816 καὶ
2338 3761 2543 3831 φθορᾶς
2569 3758 2808 3828 ἀμείνων
2837 3756 2975 3816 ἐστὶ,
3004 3755 3096 3808 καὶ
3123 3754 3325 3816 παντὸς
3353 3751 3444 3806 τοῦ
3476 3751 3666 3804 λυπεῖν
3687 3752 3809 3803 εἰω-

2223 3856 2394 3917 θότος.
2438 3850 2622 3917 Ἀλλὰ,
2660 3851 2835 3904 καίτοι
2870 3848 3042 3901 ταῦτα
3083 3844 3356 3909 οὑσιωδῶς
3385 3846 3649 3915 ὑπάρχων
3678 3845 3707 3896 6
3743 3845 3802 3895 ὲκ

2222 3946 2356 4002 Θεοῦ
2395 3943 2607 4016 ιιατρὸς
2642 3942 2832 4010 Λόγος.
2876 3940 3009 3993 ἰδίαν
3039 3939 3336 4008 ἐποιήσατο
3371 3937 3554 4006 σάρκα
3585 3934 3684 4005 τὴν
3715 3933 3807 3987 τοῦ

2224 4037 2458 4092 Θανάτου
2498 4036 2755 4104 δεκτικήν
2788 4050 2800 4062 ο
2829 4031 2918 4085 ἵνα
2948 4030 3025 4101 τῷ
3066 4030 3292 4098 πάσχειν
3330 4026 3543 4080 εἰωθότι
3577 4025 3645 4078 τά
3670 4025 3812 4095 ὑπὲρ

2224 4129 2403 4200 ἡμῶν,
2432 4127 2526 4181 καὶ
2553 4126 2619 4179 δι’
2641 4125 2811 4200 ἡμᾶς,
2838 4126 2919 4185 εἰς
2944 4121 3137 4175 ἑαυτὸν
3160 4117 3447 4174 ἀναλαϐὼν
3476 4117 3649 4187 πάθη,
3680 4117 3809 4170 πᾶν⁴

2222 4197 2321 4286 τας
2356 4222 2504 4291 ἡμᾶς
2541 4197 2829 4286 ἀπαλλάξῃ
2858 4215 2951 4268 καὶ
2986 4214 3239 4274 θανάτου,
3269 4212 3363 4266 καὶ
3394 4211 3633 4283 φθορᾶς,
3677 4209 3818 4273 ζωοι

2225 4315 2454 4383 ποιήσας
2489 4311 2564 4374 ὡς
2606 4310 2737 4373 Θεὸς
2766 4309 2826 4361 τὸ
2864 4308 2994 4361 ἴδιον
3032 4304 3196 4360 αὑτοῦ
3235 4303 3416 4374 σῶμα,
3451 4303 3543 4355 καὶ
3586 4300 3814 4371 ἀπαρχὴ

2226 4400 2462 4470 γεγονὼς
2497 4400 2604 4453 τῶν
2635 4397 3074 4468 κεκοιμημένων,
3102 4396 3197 4449 καὶ
3238 4394 3585 4465 πρωτότοκος
3613 4391 3679 4442 ἐκ
3713 4407 3810 4442 νε-

2150 4477 2194 4531 D
2224 4496 2399 4567 κρῶν·
2429 4494 2488 4547 οὐ
2524 4492 2630 4565 γὰρ
2679 4491 2964 4563 ἅνθρωπος
2997 4485 3064 4559 ἧν
3095 4488 3295 4551 κοινὸς,
3342 4485 3447 4556 ἰδίᾳ
3494 4501 3553 4538 τε
3585 4484 3678 4536 καὶ
3710 4482 3816 4536 ἀνά

2228 4592 2391 4661 μέρος
2439 4586 2728 4657 νοούμενος
2784 4582 2936 4653 παρά
2972 4582 3063 4635 τὸν
3103 4581 3169 4634 ἐκ
3196 4578 3331 4633 Θεοῦ
3368 4576 3582 4646 Πατρὸς
3614 4575 3813 4641 Λόγον,

2224 4684 2254 4736 ὁ
2277 4682 2345 4734 δι’
2373 4681 2519 4749 ἡμᾶς
2546 4677 2639 4730 τὸν
2670 4676 2849 4744 τίμιον
2880 4670 3182 4741 ὑπομείνας
3228 4667 3481 4737 σταυρὸν,
3515 4664 3607 4718 καὶ
3646 4664 3818 4716 θανά-

2221 4791 2314 4826 του
2374 4769 2746 4839 γευσάμενοςο
2794 4765 2909 4819 ἀλλ’
2947 4764 3112 4827 αὐτὸς
3151 4763 3179 4813 6
3213 4761 3312 4823 τῆς
3370 4758 3527 4827 δόξης
3570 4755 3818 4825 Κύριος,

2224 4866 2388 4936 σαρκὶ
2432 4860 2666 4915 πέπονθε
2711 4858 2854 4912 κατὰ
2891 4855 2988 4918 τὰς
3022 4853 3263 4926 Γραφάς.
3310 4848 3531 4918 Ἐπειδὴ
3561 4846 3618 4899 δὲ
3657 4848 3706 4898 οἱ
3751 4847 3818 4898 τὰ

2223 4956 2357 5011 κενά
2387 4955 2480 5008 καὶ
2508 4952 2742 5021 δυσσεϐῆ
2766 4959 2791 4987 ⁷
2820 4949 3067 5017 δόγματα
3109 4948 3176 5015 τῇ
3211 4943 3348 5015 ὀρθῇ
3389 4941 3484 4994 καὶ
3524 4939 3822 5009 ἀμωμήτῳ

2227 5052 2407 5103 πίστει
2441 5045 2852 5116 παρεισκρίνειν
2880 5040 3176 5102 ἐθέλοντες,
3206 5034 3494 5105 ἄνθρωπόν
3530 5048 3664 5101 φασι
3706 5047 3823 5081 κοι-

2223 5140 2312 5194 νὸν
2342 5139 2629 5207 ὑπομεῖναι
2661 5137 2750 5189 τον
2780 5134 2921 5203 ὑπὲρ
2954 5130 3111 5200 ἡμῶν
3147 5128 3398 5197 σταυρὸν,
3428 5124 3651 5192 γέγονεν
3687 5120 3817 5172 ἁνα-

2226 5234 2415 5301 γκαῖος
2438 5232 2464 5283 6
2490 5225 2949 5299 ἀναθεματισμὸς,
2979 5223 3074 5292 τῆς
3100 5218 3325 5288 ἐνούσης
3352 5216 3536 5277 αὐτοῖς
3558 5210 3823 5273 ἀσεϐείας

2226 5321 2539 5395 ἐμφανίζων
2566 5320 2624 5372 τὸ
2658 5317 2908 5389 μέγεθος,

603 5477 820 5533 ιιιοηιι.
845 5494 915 5542 γι,
941 5478 1027 5531 et.
1072 5480 1119 5528 δε.
1143 5482 1268 5535 uua.
1298 5482 1387 5535 58.
1432 5482 1474 5514 η
1497 5464 1701 5539 (Iuloss.
1732 5503 1772 5551 ι,
1808 5487 1892 5540 is.
1929 5486 2011 5541 ³τι
2040 5487 2112 5543 Co

2217 5458 2286 5551 iv,
2316 5484 2407 5540 9.0.
2446 5483 2489 5515 ³⁸
2514 5482 2671 5536 llebr.
2713 5495 2773 5544 tt,
2803 5476 2852 5531 9.
2888 5477 2932 5508 ³⁹
2960 5474 3119 5529 lCor.
3155 5488 3214 5535 tt,
3253 5470 3307 5525 8.
3344 5468 3431 5522 ⁸⁵⁸1
3464 5467 3607 5523 Petr.
3643 5481 3717 5531 tv,
3765 5469 3815 5522 l.

1604 5630 1775 5686 ναι-ὴν
1814 5631 2073 5686 lectiones
2103 5646 2165 5684 ex
2202 5633 2388 5686 codice
2424 5627 2798 5700 chuieriano.

621 5761 644 5789 ο
677 5752 845 5825 μόνην
878 5752 1024 5809 θείαν
1066 5753 1353 5827 ἐνοίκησιν,
1399 5766 1422 5805 ι’
1458 5755 1577 5810 ἰόῖα.
1644 5764 1670 5804 ιι
1703 5751 2111 5819 ζ‹-›οποιοῦντος.
2170 5762 2189 5790 τ
2232 5751 2354 5806 ἰδία.

2433 5762 2453 5789 9
2489 5749 2663 5821 ζήσει.
2744 5747 2761 5784 ί
2800 5762 2879 5799 τε.
2937 5754 2961 5783 υ
2985 5737 3231 5810 ἀνωτέρα
3261 5734 3385 5805 γάρ.
3465 5739 3493 5771 ν
3523 5730 3814 5801 δύσφημα.
