4080 6428
307 297 423 358 3V5
943 300 1472 362 APOLOGETICUS
1504 301 1642 359 PRO
1683 301 1779 358 XII
1819 300 2187 358 CAPlTlBUS
2224 297 2504 358 CONTRA
2543 297 3000 358 ORIENTALES.
3499 294 3601 357 5H

332 491 2273 525 Μ

2045 492 3138 517 m

2987 491 3592 518 Μ

1620 694 2312 789 ADMONlTlO

775 916 848 978 IN
922 915 1349 990 UTRUMQUE
1413 918 1678 979 SANCTI
1745 919 2042 979 CYRTLLI
2114 918 2493 978 LIBELLUM
2560 917 3165 992 APOLOGETICUM,

1853 1118 2095 1157 SCILICET

898 1260 1020 1323 Pro
1060 1261 1171 1321 XII
1197 1260 1508 1341 capitibus
1545 1268 1765 1323 contra
1802 1259 2169 1329 Orientales,
2213 1265 2273 1319 et
2302 1266 2519 1322 contra
2555 1260 3053 1323 Theodoretum.

1083 1449 1179 1512 (P.
1217 1450 1492 1500 (insumus
1522 1447 1571 1498 iu
1601 1450 1727 1513 Opp.
1763 1450 1900 1500 Marii
1945 1452 2253 1512 Mercatoris,
2283 1455 2378 1502 col.
2403 1454 2497 1502 955
2528 1455 2611 1510 ed,
2637 1454 2824 1519 liligne.
2850 1456 2866 1517 )

385 1752 631 1825 Cyrillus
652 1751 904 1821 epistolae
928 1766 1043 1807 sure
1065 1754 1239 1807 tertiae
1268 1753 1332 1807 ad
1356 1752 1662 1808 Nestorium
1693 1753 2050 1823 subjunxerat
2091 1757 2267 1824 capita
2294 1742 2543 1811 errorum
2586 1758 2892 1824 duodecim,
2916 1775 3031 1829 qua:
3054 1761 3179 1829 quia
3199 1760 3408 1832 singula
3436 1761 3620 1831 subje-

323 1856 465 1903 ctum
495 1847 709 1901 habent
734 1847 1055 1912 anathema,
1088 1847 1249 1917 vulgo
1284 1848 1728 1902 anathematismi
1758 1859 2040 1916 vocantur,
2091 1866 2401 1919 quanquam
2438 1862 2652 1908 veteres
2682 1854 2960 1910 malebant
2985 1856 3224 1925 capitula
3258 1858 3463 1914 dicere.
3492 1858 3617 1914 llaec

325 1958 449 1997 cum
464 1944 777 2012 accepisset
805 1941 1111 2010 Nestorius,
1145 1943 1432 1998 confestim
1465 1944 1806 1999 Antiochiam
1833 1944 1981 1999 misit
2002 1946 2068 1999 ad
2096 1943 2358 2000 Joannem
2391 1948 2727 2017 episcopum,
2765 1965 2963 2015 rogans
2999 1961 3108 2004 uta
3136 1952 3616 2021 prtestantissimis

328 2036 538 2091 duobus
561 2051 674 2091 suae
710 2037 967 2091 dimcesis
1009 2036 1338 2103 hominibus,
1376 2038 1592 2091 Andrea
1639 2036 2000 2093 Samosateno
2054 2047 2107 2094 et
2143 2038 2489 2095 Theodoreto
2518 2040 2764 2112 Cyrensi,
2812 2041 3141 2104 refellentlaﬂ
3178 2054 3233 2099 et
3272 2044 3610 2115 Apollinarii,

334 2140 561 2207 Ariique
601 2151 859 2191 errorum
896 2137 1201 2192 damnanda
1239 2149 1479 2192 curaret.
1834 2120 1846 2130 ’

414 2228 676 2283 Fecerunt
709 2230 878 2285 ambo
906 2231 1051 2300 quod
1087 2232 1441 2300 rogabantur,
1478 2233 1852 2303 scriptumque
1886 2231 2083 2303 singuli
2124 2234 2380 2288 acerbum
2428 2234 2634 2302 pariter
2666 2244 2827 2303 atque
2870 2232 3267 2287 amarulentum
3297 2230 3611 2297 ediderunt,

350 2322 597 2375 Andreas
617 2321 974 2377 Orientalium
1009 2322 1248 2383 nomine,
1274 2320 1648 2377 Theodoretus
1683 2337 1817 2388 suo;
1844 2322 2067 2391 scripsit
2096 2324 2240 2377 enim
2263 2323 2352 2377 ille
2376 2323 2697 2390 Antiochiae,
2726 2325 2827 2378 iste
2845 2323 2992 2393 Cyri.
3019 2323 3250 2378 Andreze
3274 2322 3611 2391 objectiunes

348 2415 588 2481 probarit
614 2414 842 2468 Joannis
875 2413 1152 2484 synodus;
1191 2414 1469 2482 misitque,
1505 2415 1719 2482 opinor,
1751 2414 2133 2469 Alexandriam
2173 2429 2270 2483 per
2307 2415 2682 2471 Possidonittm
2720 2417 2893 2483 ipsum
2929 2416 3243 2478 diaconum,
3278 2416 3369 2484 qui
3405 2415 3617 2469 litteras

336 2509 612 2564 Caelestini
647 2524 711 2563 ac
747 2507 936 2579 Cyrilli
971 2509 1039 2561 ad
1075 2508 1339 2562 Joannem
1387 2509 1668 2563 attulerat.
1703 2508 2079 2564 Theodoretus
2128 2508 2583 2577 reprehensiones
2620 2522 2746 2560 snas
2782 2522 2877 2576 per
2919 2493 3260 2560 Phoenicium
3297 2506 3617 2575 vicinasque

332 2600 587 2671 regiones
618 2585 866 2669 sparsit,‘
922 2599 1033 2653 imo
1072 2611 1124 2653 et
1156 2600 1207 2652 in
1238 2599 1429 2654 urbem
1460 2601 1662 2669 regiam
1689 2600 1858 2664 misit,
1892 2602 2299 2671 gratiticatnrus
2329 2600 2507 2655 amico
2542 2599 2794 2653 Nestorio
2826 2616 2838 2652 :
2878 2597 2977 2653 has
3002 2613 3125 2653 eum
3154 2598 3454 2668 accepisset
3480 2597 3619 2652 Evo-

328 2697 477 2765 ptius
511 2693 877 2748 Ptolemaidis
910 2691 1272 2763 Pentapoleos
1302 2695 1542 2765 regionis
1571 2697 1877 2765 episcopus,
1911 2697 1976 2750 ad
2009 2694 2273 2765 Cyrillum
2302 2694 2469 2747 misit.
3398 2686 3407 2694 ’

402 2783 648 2855 Uterque
678 2786 905 2853 scripsit
933 2793 1061 2839 ante
1086 2785 1376 2840 concilium
1409 2785 1766 2856 Ephesinum,
1793 2787 1934 2855 quod
1968 2787 2033 2841 de
2058 2801 2117 2840 se
2148 2793 2380 2839 testatur
2408 2785 2783 2840 Theodoretus
2815 2786 2868 2839 in
2904 2787 3223 2856 prrcl'atione
3253 2784 3554 2855 Pentalogii
3593 2811 3608 2847 ς

332 2883 552 2950 utrique
588 2880 828 2953 Cyrillus
884 2892 1012 2935 ante
1044 2882 1330 2936 concilium
1368 2883 1668 2950 respondit,
1705 2882 1849 2953 quod
1883 2881 1967 2935 vel
2000 2898 2067 2936 ex
2096 2896 2161 2936 eo
2190 2892 2425 2945 constat,
2458 2884 2602 2951 quod
2640 2882 2889 2935 damnati
2918 2898 2945 2935 a
2982 2882 3188 2953 synodo
3219 2881 3454 2938 Nestorii
3489 2896 3619 2936 nus-

325 2987 489 3039 quam
518 2972 797 3036 meminit,
824 2987 945 3027 cum
983 2982 1164 3028 tamen
1194 2975 1374 3045 magni
1405 2974 1456 3027 in
1486 2988 1598 3027 rem
1632 2988 1786 3027 suam
1823 2974 2080 3027 momenti
2110 2973 2350 3025 futurum
2377 2983 2523 3028 esset
2551 2983 2760 3027 tantum
2793 2971 3044 3027 Ecclesia:
3062 2974 3232 3044 judici
3252 2990 3363 3028 um.

395 3062 526 3118 Fuit
569 3079 704 3119 vero
736 3065 985 3120 Andreas
1025 3080 1086 3119 ea
1129 3074 1453 3135 tempestate
1490 3067 1631 3121 inter
1661 3064 1971 3121 Orientales
2002 3064 2265 3119 doctrina:
2294 3064 2437 3118 fama
2463 3063 2792 3134 pietatisque
2822 3065 3074 3120 celebris.
3116 3064 3250 3120 Tres
3293 3073 3513 3121 exstant
3553 3077 3620 3118 au

327 3174 453 3212 cmn
479 3157 813 3213 Theodoreti
840 3158 1106 3230 epistola},
1136 3162 1308 3230 prima
1333 3160 1475 3216 inter
1508 3162 1685 3215 editas
1708 3175 1738 3213 a
1767 3159 2057 3214 Sirmondo
2081 3160 2343 3229 vigesimo
2367 3170 2563 3230 quarto
2594 3175 2819 3215 numero
2843 3168 3130 3225 censetur;
3159 3160 3329 3214 altera
3358 3160 3410 3214 in
3433 3161 3620 3229 quinta

344 3253 562 3323 synodo
595 3256 905 3321 rrperitur;
943 3255 1099 3311 tertia
1127 3257 1266 3326 apud
1293 3255 1524 3310 Marium
1558 3254 1936 3317 Mcreatorem,
1963 3269 2072 3324 quo
2108 3255 2402 3324 interprete
2438 3269 2580 3309 nunc
2605 3255 2839 3323 primum
2874 3255 3075 3310 editur.
3103 3254 3181 3307 Ex
3211 3255 3385 3325 prima
3416 3254 3621 3309 intelli-

332 3350 481 3420 gitur
506 3359 778 3419 quantam
814 3351 904 3405 ille
937 3353 1021 3405 sui
1060 3352 1372 3421 Opinionem
1400 3352 1538 3420 apud
1568 3365 1761 3405 omnes
1787 3350 2024 3418 fecerat;
2058 3364 2123 3405 ex
2160 3346 2418 3414 secmida,
2452 3368 2556 3405 non
2590 3352 2804 3406 venisse
2835 3351 2901 3405 ad
2934 3351 3225 3405 concilium
3259 3350 3622 3421 Ephesiuum,

331 3452 564 3513 propter
593 3442 884 3495 adversam
922 3442 1329 3510 valetudinem;
1353 3456 1416 3497 ex
1450 3443 1635 3507 tertia,
1668 3442 2021 3512 pertinaciter
2047 3443 2339 3497 adhaesisse
2368 3443 2651 3508 Nestorio;
2688 3457 2863 3514 neque
2899 3458 3136 3512 unquam
3164 3444 3216 3497 in
3250 3442 3367 3512 ejus
3398 3446 3622 3498 damna—

333 3534 540 3587 tionem
580 3533 949 3601 consensisse,
984 3536 1146 3588 etiam
1177 3545 1407 3605 cogente
1434 3550 1531 3604 per
1556 3535 1890 3590 Aristolaum
1919 3536 2196 3589 tribunum
2232 3533 2564 3590 Theodosio.

404 3628 610 3683 Mirum
644 3645 803 3695 sane,
840 3631 983 3699 quod
1019 3624 1213 3687 scribit'
1238 3631 1507 3686 Baronius
1543 3631 1647 3700 (Ad
1693 3649 1818 3685 amt.
1851 3631 1977 3697 431,
2003 3646 2155 3685 num.
2188 3630 2341 3702 l85),
2376 3631 2666 3699 impulsum
2703 3633 2870 3689 fuisse
2891 3633 3163 3689 Andream
3196 3649 3224 3687 a
3257 3632 3468 3688 Joanne
3499 3633 3619 3687 Au-

337 3723 621 3785 tiocheno,
657 3732 782 3791 post
807 3721 1047 3776 solutum
1073 3722 1385 3790 concilium,
1411 3725 1479 3779 ad
1506 3724 1854 3778 scribendum
1887 3733 2075 3778 contra
2108 3722 2180 3792 Cy
2196 3722 2297 3776 rilli
2343 3724 2602 3792 capitula,
2657 3725 2953 3795 tulisseque
3004 3740 3124 3779 eam
3191 3740 3289 3794 pro
3344 3724 3626 3793 impietate

335 3820 676 3881 mercedem,
715 3827 770 3871 ut
806 3832 874 3871 ex
906 3818 1173 3872 monacho
1194 3817 1797 3889 ConstantinOpolitauo
1827 3816 2215 3875 Samosatenus
2243 3819 2530 3889 episc0pus
2566 3819 2720 3872 fieret
2750 3836 2763 3872 :
2799 3833 2921 3871 nam
2950 3818 3123 3887 primo
3152 3816 3613 3885 Constantinopo-

335 3913 538 3969 litanus
577 3914 669 3969 ille
696 3913 1020 3979 monachus,
1050 3922 1172 3982 post
1203 3929 1387 3984 pacem
1414 3913 1807 3981 Ecclesiarum,
1839 3929 1963 3970 cum
1997 3917 2063 3969 ad
2088 3930 2208 3969 cum
2233 3914 2495 3969 scriberet
2518 3913 2914 3977 Theodoretus,
2942 3913 3121 3966 adhuc
3150 3921 3269 3966 erat
3296 3913 3613 3966 monachus.

348 4004 542 4060 Deinde
573 4006 876 4060 Liberatus
909 4005 1097 4069 tradit,
1130 3996 1313 4059 statim
1343 4007 1579 4075 acceptis
1607 4006 1793 4077 Cyrilli
1823 4006 2040 4070 litteris,
2078 4005 2389 4060 Nestorium
2418 4019 2446 4057 a
2477 4003 2687 4058 Joanne
2716 4003 2959 4072 petiisse,
2988 4013 3098 4055 uta
3132 4003 3244 4057 suis
3279 3986 3431 4072 argui
3471 4001 3625 4071 capi.

357 4093 460 4148 lttla
482 4107 727 4158 curaret,
753 4095 1106 4165 idipsumque
1142 4095 1311 4151 refert
1340 4110 1404 4150 ex
1432 4095 1686 4152 Liberato
1714 4096 1981 4153 Baronius
2006 4099 2075 4151 ad
2106 4112 2233 4150 ann.
2264 4096 2389 4150 430.
2428 4095 2667 4164 Denique
2694 4093 3071 4149 Theodoretus
3095 4101 3223 4148 ante
3250 4093 3539 4147 concilium
3568 4107 3626 4148 se

356 4194 634 4261 scripsisse
671 4202 908 4247 testatus
956 4200 1072 4256 est;
1111 4201 1165 4245 et
1194 4194 1530 4247 ostendimus
1562 4194 1775 4261 utrique
1805 4210 1834 4247 a
1870 4194 2077 4265 Cyrillo
2108 4209 2422 4263 responsum
2448 4201 2573 4248 ante
2597 4194 2775 4260 ipsum
2803 4205 3023 4261 quoque
3054 4190 3368 4263 concilium.
3393 4187 3627 4259 Cyrillus

350 4297 487 4339 Certe
533 4285 879 4340 l‘hcodoreto
913 4284 1214 4352 respondit,
1248 4285 1392 4340 velur
1422 4286 1628 4340 homini
1664 4287 1848 4358 ignoto
1882 4307 1894 4341 :
1929 4290 2021 4354 qui
2053 4301 2181 4341 vero
2209 4287 2395 4342 fuisset
2435 4295 2555 4357 post
2588 4285 2898 4349 cuncilium,
2935 4299 3056 4338 cum
3092 4282 3476 4338 Theodoretus
3504 4295 3616 4334 rem

344 4379 861 4440 schismaticorum,
903 4376 982 4431 vel
1014 4392 1175 4441 unus,
1209 4377 1289 4431 vel
1322 4377 1465 4431 inter
1491 4376 1694 4447 primus
1719 4381 2089 4447 promoverit?
2128 4378 2410 4433 Postremo
2443 4380 2715 4432 Andream
2744 4374 3247 4444 Theudoretusjam
3280 4373 3627 4445 episcopum,

341 4485 396 4528 et
420 4473 644 4542 quidem
673 4486 784 4526 non
819 4470 893 4524 ita
923 4470 1133 4539 pridem
1167 4467 1392 4534 factum,
1420 4470 1636 4539 Epheso
1671 4472 1867 4527 litteris
1894 4475 2171 4529 convenit.

413 4566 703 4621 Incertum
733 4579 1020 4635 quousque
1044 4566 1209 4617 vitam
1247 4566 1603 4632 protraxerit,
1634 4581 1758 4619 nam
1790 4568 1931 4635 quod
1962 4566 2127 4621 habet
2161 4567 2477 4620 Theodorus
2499 4562 2722 4618 Lector:
2754 4563 3019 4616 Rabbulas
3043 4562 3337 4615 Edessena:
3357 4561 3628 4630 episcopus

344 4677 513 4716 recns
542 4669 704 4726 erat;
733 4659 977 4713 Andreas
1006 4676 1123 4713 vero
1152 4660 1531 4717 Samosatenus
1571 4663 1835 4715 accusavit
1865 4678 2005 4728 eum,
2031 4660 2183 4730 quasi
2222 4669 2409 4715 contra
2453 4661 2727 4713 duodecim
2758 4659 2933 4727 capita
2983 4656 3298 4709 Theodoreti
3330 4657 3628 4725 scripsisset

346 4753 499 4823 (Lib.
528 4771 544 4809 ι
577 4752 1061 4820 Collectaneorum,
1102 4761 1141 4806 t.
1173 4752 1212 4806 ll
1242 4751 1581 4807 Bibliotheca:
1633 4751 1860 4805 Patrum
1887 4752 1936 4821 ),
1966 4751 2099 4808 nihil
2146 4761 2327 4823 potest
2354 4750 2422 4805 ad
2452 4750 2857 4816 chronologiam
2882 4749 3211 4812 conducere,
3240 4762 3360 4801 cum
3388 4748 3522 4801 nihil
3548 4749 3622 4803 sit

345 4849 717 4904 Collectaneis
751 4848 907 4917 hujus
957 4850 1056 4903 viri
1094 4850 1485 4918 perturbatius.
1517 4847 1633 4903 Non
1670 4849 1972 4920 supervixit
2002 4864 2135 4904 sane
2163 4851 2228 4903 ad
2262 4861 2463 4901 annum
2503 4860 2673 4913 usque
2700 4845 2827 4910 451,
2861 4858 2967 4913 quo
3000 4843 3296 4899 concilium
3324 4842 3628 4899 Chalcedo-

349 4955 515 4996 nense
553 4940 803 4995 habitum
833 4952 936 4995 est.
972 4940 1029 4995 In
1060 4956 1126 4996 eo
1162 4941 1309 4995 enim
1346 4940 1543 5010 legitur
1572 4957 1770 4997 nomen
1807 4939 1987 4994 Ruﬁni
2036 4938 2462 5000 Samosatensis,
2490 4936 2604 5002 qui,
2651 4950 2774 4989 cum
2810 4934 3115 4990 centesimo
3144 4934 3407 5003 vigesimo
3451 4935 3629 5000 primo

350 5035 464 5092 loco
498 5038 839 5093 sententiam
870 5037 1091 5102 dixerit,
1122 5037 1263 5091 inter
1289 5036 1468 5105 plures
1506 5036 1779 5093 sexcentis
1808 5034 2116 5106 episcopos,
2152 5051 2256 5087 non
2282 5036 2354 5088 ita
2385 5031 2592 5103 pridem
2625 5031 2811 5085 debuit
2845 5030 3290 5084 Samosatensem
3317 5026 3624 5081 Ecclesium

351 5144 566 5200 regere,
601 5128 1045 5197 quandoquidem
1073 5128 1333 5184 credibile
1360 5136 1444 5184 est
1478 5144 1576 5198 pro
1612 5128 1819 5181 ratione
1861 5126 2224 5180 ordinationis
2263 5125 2561 5179 recensitos
2588 5138 2711 5178 esse
2746 5122 2954 5175 Patres.
2998 5121 3179 5185 Quare
3221 5122 3310 5173 vix
3350 5122 3629 5174 Andream

352 5240 473 5278 reor
498 5227 751 5293 adusque
779 5239 912 5279 ann.
939 5223 1046 5277 440
1080 5225 1241 5278 vitam
1270 5225 1612 5294 produxisse.

420 5318 717 5373 lethodus
746 5332 911 5387 porro
945 5331 1109 5385 quam
1143 5317 1193 5370 in
1229 5317 1395 5371 hocce
1421 5332 1586 5386 opere
1618 5325 1803 5372 servat
1827 5317 1929 5373 ista
1962 5316 2076 5373 fere
2108 5325 2209 5370 est.
2244 5313 2503 5383 Cyrillum
2537 5313 2717 5382 arguit
2746 5327 2857 5365 non
2890 5320 2997 5365 tam
3033 5308 3239 5363 erroris
3281 5320 3441 5373 quam
3483 5307 3625 5374 quod

355 5413 652 5484 pugnantia
678 5414 750 5465 sit
775 5412 1024 5477 locutus;
1054 5410 1198 5480 quod
1221 5412 1443 5467 vocibus
1471 5412 1793 5468 inconsultis
1824 5425 1877 5467 et
1903 5412 2173 5481 ambiguis
2202 5421 2418 5474 utatur;
2447 5418 2501 5463 et
2539 5417 2683 5476 quod
2713 5408 2948 5474 maligne
2990 5404 3131 5458 forte
3171 5401 3372 5472 aliquid
3408 5402 3625 5455 latentis

356 5507 559 5560 erroris
588 5505 928 5561 dissimulet,

422 5603 501 5657 Ex
529 5604 746 5658 duobus
789 5608 971 5655 autem
1021 5599 1283 5654 duntaxat
1318 5600 1579 5670 Operibtm
1609 5599 1792 5670 Cyrilli
1833 5599 2105 5667 depromit
2140 5600 2275 5659 loca,
2308 5612 2425 5664 qum
2476 5591 2945 5646 anathematismis
2978 5595 3234 5657 opponat,
3275 5601 3340 5640 ex
3390 5585 3619 5656 cpistola

363 5711 558 5767 nempe
587 5694 656 5749 ad
690 5693 907 5765 λεπρῑί
937 5692 1260 5759 monachos,
1293 5703 1345 5747 et
1379 5694 1598 5747 humilia
1632 5692 1869 5761 paschali
1904 5691 1991 5755 l7,
2026 5692 2280 5757 illamque
2312 5687 2471 5758 primi
2499 5686 2629 5741 tomi
2664 5685 2901 5746 notttittt‘,
2932 5684 3092 5736 istam
3122 5680 3345 5736 secundi
3377 5679 3626 5749 appellat.
