4080 6432
423 249 443 277 ³
529 284 639 343 sis
1303 249 1313 251 “
1527 286 1586 344 s.
1627 283 1908 344 CYRILLl
1947 282 2420 343 awxmmum
2457 282 2782 342 AltClllEP.
3689 278 3799 338 sto

529 403 665 460 Nam
697 406 798 463 ista
831 407 941 463 duo
971 408 1196 465 fuerunt
1221 406 1394 480 aperti
1422 422 1545 464 cum
1570 406 1829 467 Nestorio
1851 407 2063 465 dissidii
2102 409 2278 480 prima
2311 406 2458 463 velut
2499 406 2723 471 iudicia,
2758 411 2816 461 et
2848 403 3006 475 quasi
3035 402 3162 461 belli
3191 401 3445 471 classica,
3481 400 3705 457 fuerunt
3738 409 3799 457 et

525 497 726 568 ubique
752 502 993 571 gentium
1019 502 1329 566 notissima,
1351 517 1475 558 cum
1505 509 1731 573 propter
1756 501 1994 557 humilia
2015 501 2486 565 communitatem,
2512 508 2625 554 tum
2659 497 2895 553 maxime
2921 496 2995 552 ob
3050 495 3297 565 epistola:
3321 493 3519 551 iactam
3542 494 3610 550 de
3639 492 3803 550 indu-

527 594 662 647 stria
693 610 790 664 per
816 595 999 664 urbes,
1029 606 1084 652 et
1113 595 1582 667 Constantinopoli
1619 595 1878 661 maxime,
1919 596 2007 651 cui
2042 594 2290 652 Andreas
2321 594 2618 659 scribebat,
2653 591 3188 650 disseminationem.

595 688 1002 746 Observandum
1037 693 1141 747 sub
1186 692 1371 758 linem,
1403 692 1696 747 admodum
1742 705 1916 761 pauca
1950 691 2019 745 ab
2051 691 2272 747 Andrea
2314 689 2488 746 asseri
2522 703 2643 759 quae
2684 688 2887 743 bonum
2932 700 3154 742 sensum
3191 683 3336 740 ferre
3379 698 3487 739 non
3535 682 3749 754 possint
3776 697 3796 737 :

525 793 696 848 quare
731 795 835 835 nou
868 786 942 837 ita
964 784 1275 853 discrepare
1295 784 1469 853 ipsum
1494 796 1524 837 a
1556 781 1782 853 Cyrillo,
1818 782 1949 852 quin
1978 781 2159 848 facile,
2183 782 2230 837 si
2262 780 2629 837 contentionis
2645 777 2888 834 studium
2905 776 3065 842 absit.
3088 775 3370 832 conciliari
3395 782 3596 845 queat:
3624 772 3805 829 asser'r

524 870 669 936 dico,
694 872 819 940 quia
848 875 1180 929 sententiam
1208 873 1564 931 Orientalium
1581 872 1975 929 velutNestorii
2008 873 2228 930 nomine
2244 869 2721 928 auatbematismis
2747 869 3042 938 appetitam
3063 868 3293 924 subinde
3318 866 3565 936 exponit,
3591 871 3650 919 ut
3676 865 3800 922 haec

525 957 869 1017 elucubratio
897 979 1004 1017 non
1046 973 1154 1018 tam
1192 965 1534 1034 inmugnatio
1560 962 1798 1018 hominis
1830 964 2058 1033 alicujus
2086 965 2259 1021 videri
2291 965 2486 1035 possit,
2517 978 2681 1032 quam
2715 960 2798 1016 vel
2822 959 3069 1016 defensio
3094 958 3476 1029 iudiciumque
3502 954 3803 1014 Orientalis

524 1056 739 1124 synodi,
777 1057 862 1112 vel
891 1060 1165 1115 sententia
1196 1060 1264 1115 de
1297 1059 1795 1123 anathematismis,
1825 1067 2088 1130 tanquam
2115 1060 2219 1116 sibi
2249 1059 2776 1115 contradicentibus.

593 1150 774 1220 Atque
799 1152 914 1207 hmo
948 1169 1106 1209 causa
1138 1152 1241 1208 fuit
1270 1170 1368 1210 cur
1403 1151 1664 1225 Cyrillus,
1698 1153 1801 1207 etsi
1837 1154 2109 1210 interdum
2135 1156 2424 1220 irascatur,
2448 1162 2673 1224 propter
2697 1151 3175 1221 importunitatem
3204 1149 3659 1217 obtrectatorum,
3689 1148 3797 1204 mi-

525 1242 633 1296 tius
660 1255 838 1299 tamen
868 1261 990 1299 cum
1017 1247 1235 1302 Andrea
1267 1262 1429 1318 quam
1456 1260 1582 1300 cum
1610 1243 1962 1300 Theodoreto
1997 1256 2161 1318 agat;
2188 1248 2243 1302 in
2268 1246 2362 1302 illo
2395 1246 2540 1303 enim
2574 1244 2913 1317 provinciam
2953 1257 3119 1299 unam
3152 1248 3351 1308 totam,
3380 1242 3435 1297 in
3470 1240 3572 1297 isto
3600 1240 3797 1311 singu-

522 1337 689 1393 larem
723 1354 1034 1409 personam,
1065 1351 1120 1397 et
1148 1342 1269 1398 eam
1305 1342 1525 1413 quidem
1555 1338 1659 1395 sibi
1697 1338 1936 1410 ignotam
1968 1343 2257 1413 spectavit.

1229 1742 1579 1876 ΤΟΥ
1652 1719 2179 1876 ΑΓΙΟΥ
2239 1737 3121 1876 ΚΥΡΙΛΛΟΥ

1549 2013 2122 2071 ΔΡΧΙΕΠΙΣΚΟΠΟΥ
2166 2008 2694 2069 ΑΛΕΞΑΝΔΡΕΙΑΣ

734 2193 1623 2286 ΛΠΟΛΟΓΗΤΙΚΟΣ
1696 2188 2009 2286 ΥΠΕΡ
2070 2200 2300 2286 ΤΩΝ
2380 2199 2834 2287 ΔΩΔΕΚΑ
2910 2195 3565 2290 ΚΕΦΑΛΑΙΩΝ

1373 2406 1563 2459 ΠΡΟΣ
1604 2405 1788 2459 ἸὉΥΣ
1831 2405 1971 2457 ΤΗΣ
2006 2402 2391 2459 ΑΝΛἹῸΛΗΣ
2421 2405 2917 2464 ΕΠΙΣΚΟΠΟΥΣ.

1352 2738 2046 2904 SANCTI
2144 2745 2931 2904 CYBILLI

1615 3042 2091 3101 ΔιΕΧΑΝΒΙὶΙιΕ
2128 3042 2660 3101 ARCHIEPISCOPI

808 3234 1726 3336 APOLOGETICUS
1803 3245 2040 3339 PRO
2115 3247 2747 3340 DUODECIM
2825 3245 3460 3337 CAPITIBUS

1430 3433 1830 3498 ADVERSUS
1885 3437 2369 3501 ORIENTALES
2419 3438 2844 3502 EPISCOPOS.

567 3756 671 3827 Qui
705 3772 858 3815 suam
902 3770 1137 3819 mentem
1178 3765 1524 3824 sanctissimo
1556 3770 1667 3827 Deo
1704 3773 1986 3844 dicarunt,
2026 3789 2081 3835 et
2110 3782 2156 3840 Α

2256 3780 2319 3832 Ol
2350 3776 2430 3849 τῷ
2461 3777 2714 3847 παναγίῳ
2759 3774 2879 3847 Θεῷ
2920 3776 3022 3849 τὴν
3058 3775 3267 3830 ἑαυτῶν
3301 3774 3542 3830 διάνοιαν
3564 3734 3565 3739 γ
3589 3792 3775 3849 παρα-

497 3849 743 3907 vcritatis
773 3850 1122 3924 dogmatibus
1146 3858 1475 3925 patrocinari
1512 3860 1850 3931 delegerunt,
1884 3878 2080 3924 cavent

497 3941 722 4012 profana
757 3943 1184 4015 irreligiosorum
1223 3949 1599 4008 haereticorum
1639 3957 1948 4027 vaniloquia
1974 3977 1989 4025 ;
2014 3976 2080 4017 ac

500 4039 725 4104 ligentes
752 4036 1033 4107 internum
1065 4048 1120 4097 et
1153 4042 1530 4100 absconditum
1558 4049 1740 4105 cordis
1776 4052 1991 4107 oculum
2023 4054 2076 4109 in

498 4128 837 4197 Scripturam
867 4131 1128 4190 divinitus
1166 4136 1508 4207 inspiratam,
1534 4139 1725 4211 sicque
1754 4144 1909 4198 bonis
1936 4146 2078 4214 cogi-

497 4218 791 4273 tationibus
811 4235 935 4275 eum
967 4220 1171 4276 aﬂ‘atim
1197 4225 1495 4295 explentes,
1535 4229 1601 4283 iis
1630 4231 1721 4300 qui
1758 4244 1903 4287 recta
1948 4249 2076 4303 per-

493 4318 734 4374 vertunt,
760 4310 1109 4368 obluctantur
1138 4331 1395 4387 perquam
1430 4330 1676 4387 strenue,
1705 4325 1863 4389 quasi
1894 4325 2078 4380 dicen-

494 4408 616 4457 tes:
649 4419 669 4453 ι
720 4401 1165 4481 ΖεΙιιιιάοηῑθΙτιιί
1216 4425 1406 4467 sumus
1449 4412 1678 4467 Domino
1709 4413 1774 4467 “.
1817 4433 1836 4466 ι
1887 4413 2078 4484 Itaque

490 4506 612 4545 cum
657 4491 940 4551 Nestorius
984 4498 1182 4555 multas
1235 4510 1291 4556 et
1337 4504 1582 4559 diversas
1615 4503 1779 4574 158
1824 4505 2077 4573 blasphe-

494 4583 631 4639 mias
662 4595 848 4641 contra
882 4588 1158 4647 Christum
1187 4592 1525 4650 Salvatorem
1555 4598 1800 4652 omnium
1829 4607 2074 4654 nostrum

489 4673 808 4743 eﬂuuderet,
837 4689 893 4735 et
919 4685 1317 4751 quodammodo
1349 4688 1714 4743 venerandum
1742 4699 1798 4743 et
1819 4705 2072 4758 magnum

489 4767 885 4828 incarnationis
957 4788 1362 4832 sacramentum
1440 4777 1683 4835 funditus
1733 4791 2069 4849 removeret,

490 4873 596 4913 non
657 4860 971 4931 ignorantes
1018 4867 1084 4920 ad
1138 4868 1253 4921 tunc
1304 4868 1443 4924 velle
1491 4868 1655 4925 silere
1706 4872 2071 4942 periculosum

487 4964 633 5016 esse,
670 4961 722 5008 et
768 4970 891 5010 cum
943 4957 1242 5026 saepissime
1286 4960 1745 5020 consuluissemus
1797 4965 1899 5031 illi,
1948 4975 2070 5021 uta

490 5041 691 5100 talibus
725 5044 1080 5117 blasphemiis
1112 5060 1387 5117 cessaret,
1425 5053 1670 5124 nihilque
1699 5058 1914 5125 penitus
1945 5073 2071 5128 pro-

2188 3872 2505 3943 στήσαντες,
2538 3869 2771 3932 καὶτοῖς
2804 3869 2902 3939 τῆς
2936 3868 3196 3940 ἀληθείας
3227 3869 3461 3939 δόγμασι
3493 3870 3774 3925 συνειπεῖν

2188 3961 2487 4034 ᾑρημένοι,
2532 3958 2924 4030 παραιτοῦνται
2961 3960 3060 4029 μὲν
3095 3960 3193 4024 τὰς
3237 3959 3499 4031 βεϐήλους
3531 3977 3781 4029 κενοφω-

2186 4050 2304 4115 νίας
2328 4059 2355 4088 ι
2378 4050 2486 4104 τῶν
2507 4050 2736 4104 ἀνοσίων
2759 4049 3075 4121 αίρετικῶν,
3102 4050 3414 4122 ἐρείσαντες
3439 4050 3497 4104 δὲ
3523 4049 3612 4104 τὸν
3639 4050 3775 4116 ἔσω,

2185 4143 2276 4195 καὶ
2304 4139 2832 4211 κατακεκρυμμένον
2870 4138 3148 4208 ὀφθαλμὸν
3184 4139 3283 4209 τῆς
3303 4139 3531 4211 καρδίας
3554 4141 3620 4210 τῇ
3654 4138 3778 4193 Θεο-

2184 4235 2436 4304 πνεύστῳ
2463 4234 2676 4304 Γραφῇ,
2700 4231 2843 4286 οὕτω
2874 4247 2936 4284 τε
2963 4232 3129 4285 αὐτὸν
3159 4231 3433 4295 πλουσίως
3459 4232 3779 4303 ἀναμεστὼ-

2186 4342 2375 4389 σαντες
2417 4323 2637 4377 ἐννοιῶν
2666 4324 2909 4391 ἀγαθῶν,
2953 4324 3066 4387 τοῖς
3092 4323 3162 4377 τὰ
3189 4322 3328 4394 ὀρθὰ
3355 4324 3777 4394 διαστρέφουσιν

2184 4415 2630 4480 ἀντανίστανται,
2676 4416 2771 4469 κατ⁸
2808 4416 2952 4487 μάλα
3000 4415 3296 4481 νεανικῶς,
3352 4417 3634 4486 μονονουχὶ
3679 4416 3775 4468 λέ-

2182 4524 2372 4577 γοντες
2393 4525 2407 4539 ·
2451 4526 2470 4558 ι
2504 4506 2801 4578 Ζηλοῦντες
2851 4507 3209 4579 ὲζηλὼκαμεν
3242 4508 3319 4573 τῷ
3355 4507 3566 4580 Κυρίῳ.
3597 4528 3614 4560 ι
3660 4509 3776 4562 Νε-

2185 4599 2401 4671 στορίου
2436 4599 2615 4653 τοίνυν
2646 4599 2846 4665 πολλάς
2872 4618 2933 4653 τε
2960 4601 3053 4653 καὶ
3079 4601 3373 4671 διαφόρους
3406 4601 3775 4670 καταχέοντος

2184 4689 2532 4762 βλασφημίας
2556 4689 2651 4743 τοῦ
2681 4690 2899 4744 πάντων
2925 4693 2957 4762 ἠ
2967 4690 3082 4761 μῶν
3102 4692 3356 4762 Σωτῆρος
3379 4691 3640 4764 Χριστοῦ,
3670 4694 3773 4747 καὶ

2179 4776 2291 4833 οἷον
2318 4781 2382 4833 ὲκ
2414 4778 2631 4850 βάθρων
2660 4779 3125 4851 ἀναμοχλεύοντος
3150 4780 3211 4833 τὸ
3238 4779 3456 4847 σεπτὸν,
3493 4782 3587 4834 καὶ
3622 4782 3773 4852 μέγα

2178 4871 2280 4942 τῆς
2300 4871 2765 4942 ὲνανθρωπήσεως
2793 4872 3110 4943 μυστήριον,
3134 4872 3235 4925 οὐκ
3262 4872 3542 4926 ἀκίνδυνον
3565 4874 3772 4938 εἰδότες

2176 4963 2238 5016 τὺ
2257 4963 2349 5016 tu!
2381 4980 2445 5031 γε
2474 4963 2684 5027 τούτοις
2714 4963 2930 5017 ἑλέσθαι
2962 4965 3140 5035 σιγᾷν,
3169 4979 3232 5015 συ
3242 4964 3677 5034 μεουλεύσαντὲς
3703 4982 3769 5020 τε

2178 5054 2499 5119 πλειστάκις
2555 5054 2706 5126 αὐτῷ
2750 5055 2860 5108 τῶν
2897 5054 3155 5108 τοιούτων
3199 5054 3501 5126 ἀπέχεσθαι
3551 5056 3765 5128 δυσφη-

489 5131 829 5202 fecissemus,
858 5142 1171 5196 necessario
1213 5145 1425 5198 tandem
1469 5148 1538 5201 ad
1582 5148 1917 5205 defendenda
1951 5150 2067 5217 pie-
2100 5143 2144 5199 Β

2182 5149 2334 5221 μιιῖιν,
2387 5149 2677 5217 ὀνήσαντες
2713 5148 2769 5201 δὲ
2816 5147 3101 5211 παντελῶς
3138 5148 3313 5212 οὐδὲν,
3354 5150 3765 5220 κεχωρήκαμεν

492 5227 619 5283 tatis
669 5230 921 5301 dogmata
977 5234 1330 5302 accessimus,
1379 5246 1434 5294 et
1475 5239 1691 5298 selectis
1745 5242 2069 5311 quibusdam

566 5404 604 5438 ’δ’
636 5403 697 5457 111
732 5403 863 5475 Reg.
899 5421 1013 5472 xix,
1050 5408 1134 5463 Η.

2178 5242 2491 5311 ἀναγκαίως
2535 5242 2627 5295 ἐπὶ
2669 5241 2731 5294 τὸ
2762 5241 2962 5313 χρῆναι
3000 5239 3283 5295 συναθλεϊν
3314 5242 3427 5305 τοῖς
3476 5241 3567 5310 τῆς
3600 5240 3766 5293 εὐσε-

1560 5573 1733 5631 Varia:
1762 5575 2108 5634 lectioucs‘ex
2144 5578 2328 5634 codice
2365 5579 2735 5650 Seguieriauo.

501 5717 526 5748 ³
549 5713 712 5778 ἴσως,
744 5717 1123 5787 καινοφωνίας.
