4080 6490
417 349 530 407 317

1031 354 1565 414 APOLOGETICUS
1604 355 1743 415 PRO
1784 357 1878 415 XII
1917 359 2286 420 CAPITIBUS
2317 361 2604 421 CONTRA
2642 360 3110 421 ORIENTALES.

3599 363 3706 421 518

413 464 453 518 6
464 468 578 530 sia;
601 464 887 537 δόγμασιν.
914 467 1348 544 Ἀπολεξάμενοι
1369 473 1428 527 δὲ
1455 474 1733 544 κεφάλαιά
1751 492 1873 531 τινα
1901 476 2001 532 τῶν

2122 477 2267 535 illius
2291 478 2755 552 blasphemiarum
2809 477 3100 549 capitibus,
3143 491 3207 532 ea
3241 476 3446 532 utiliter
3482 478 3705 532 anathe-

407 557 637 610 ἐκείνου
666 557 1012 630 δυσφημιῶν,
1060 561 1235 616 ταῦτα
1279 564 1570 636 χρησίμως
1611 566 2015 637 ἀνεθεματίσα-

410 665 547 717 μεν,
586 650 706 719 ἦτοι
746 649 876 714 τοὺς
906 654 1126 722 φρονεῖν
1170 652 1457 718 ἐθέλοντας
1486 655 1657 721 αὐτὰ,
1699 656 2014 728 πειθόμενοι

402 738 633 807 λέγοντι
667 738 751 810 τῷ
780 743 1040 814 μακαρίῳ
1074 743 1307 815 Παύλῳ·
1340 763 1357 797 ι
1390 745 1459 799 Εἴ
1487 763 1571 810 τις
1603 747 1747 818 ὑμᾶς
1780 748 2013 817 εὐαγγε-

402 828 631 893 λίζεται
675 830 804 903 παρ’
847 831 876 884 δ
944 834 1318 904 παρελάϐετε,
1365 835 1616 908 ἀνάθεμα
1662 837 1835 891 ἔστω·
1878 838 2014 893 ἀλλά

400 922 521 975 κᾶν
548 925 737 994 ἡμεῖς,
764 924 798 994 ἢ
822 923 1055 992 ἄγγελος
1074 914 1142 991 ἓξ
1163 927 1397 998 οὐρανοῦ
1420 927 1845 998 εὐαγγελίσηται
1867 928 2014 999 ὑμᾶς

404 1015 549 1084 παρ’
577 1015 610 1067 ὃ
654 1016 1021 1087 παρελάϐετε,
1064 1017 1314 1088 ἀνάθεμα
1343 1018 1505 1073 ἔστω.
1533 1038 1553 1071 ι
1609 1019 1749 1073 Ἀλλ’
1784 1014 1884 1074 οὐκ
1917 1019 2012 1074 οἷδ’

400 1108 566 1171 ὅπως
617 1108 1060 1181 δεδυσφορὴκασί
1090 1128 1236 1175 τινες
1280 1111 1375 1167 ἐπὶ
1407 1112 1583 1185 τούτῳ
1616 1114 1759 1181 λίαν,
1803 1113 1838 1186 ἢ
1885 1115 2014 1185 ὁμό-

400 1215 614 1268 φρονες
638 1200 814 1266 ὅντες,
840 1202 933 1256 καὶ
966 1204 1399 1276 ίσογνώμονες,ἢ
1425 1207 1882 1278 προσποιούμενοι
1913 1208 2013 1278 μὲν

402 1294 810 1364 παραιτεῖσθαι
840 1294 940 1367 τὴν
976 1297 1282 1366 όμοδοΞίαν,
1319 1297 1653 1371 πειρώμενοι
1691 1300 1747 1353 δὲ
1780 1300 1869 1354 διὰ
1896 1301 2015 1372 τρό-

402 1402 513 1439 που
554 1387 768 1452 παντὸς
815 1390 1131 1460 ἐπικουρεῖν
1168 1389 1347 1460 αὐτῷ,
1397 1392 1493 1446 καὶ
1556 1392 1827 1447 ποιεῖσθαι
1875 1410 2009 1447 κατ-

402 1481 832 1551 εστυγημένους
862 1482 991 1544 τοὺς
1020 1481 1100 1553 τῷ
1134 1482 1351 1553 Σωτῆρι
1387 1484 1773 1556 συναγορεύειν
1796 1485 2009 1538 ἐθέλον-

398 1590 525 1637 τας.
569 1573 720 1626 Ἀλλ’
747 1568 817 1645 ἦν
855 1573 1153 1627 ἀκόλουθον
1197 1575 1419 1642 ἐννοεῖν,
1457 1576 1540 1629 ὅτι
1569 1579 1685 1640 τοῖς
1712 1575 2013 1648 ἑτεροδιδα-

402 1662 633 1727 σκάλοις
683 1664 952 1736 ἐπιτιμᾷν
1009 1664 1381 1737 προύξένησεν
1432 1665 1500 1720 ἂν
1545 1667 1732 1730 αὐτοῖς
1780 1667 1880 1738 τῆς
1929 1668 2012 1731 είς

403 1755 650 1824 Χριστὸν
690 1755 916 1827 ἀγάπης
950 1760 1012 1809 τὸ
1044 1756 1294 1827 γνήσιον·
1337 1757 1433 1812 νῦν
1463 1758 1520 1812 δὲ
1554 1757 1872 1830 πεπράχασι
1908 1757 2009 1830 μὲν

2122 571 2524 638 matizavimus,
2551 572 2656 628 hoc
2676 579 2782 637 est,
2813 585 2908 627 eos
2946 570 3041 638 qui
3082 568 3209 624 talia
3241 570 3449 626 sentire
3495 568 3704 633 volunt,

2116 664 2555 732 obtemperantes
2582 664 2743 718 beato
2773 661 2942 717 Paulo
2966 662 3168 718 dicenti
3208 677 3222 715 :
3257 680 3277 714 ι
3317 662 3373 717 Si
3405 661 3526 730 quis
3549 661 3703 715 vobis

2115 752 2573 823 evangelizarerit
2625 762 2823 822 praeter
2877 750 2929 805 id
2991 753 3134 821 quod
3201 749 3510 818 accepistis,
3565 763 3702 801 ana-

2115 844 2296 897 thema
2335 844 2428 898 sit.
2459 843 2563 897 Sed
2597 842 2699 898 etsi
2742 856 2862 907 nos,
2889 840 2975 895 vel
3009 840 3232 919 angelus
3260 840 3325 893 de
3368 839 3507 895 coelo
3537 852 3701 893 erau-
3776 876 3782 882 .

2116 933 2428 1003 gelizaverit
2467 933 2626 988 vobis
2666 942 2866 1002 praeter
2916 931 2967 987 id
3020 930 3163 1000 quod
3205 930 3519 1000 accepistis,
3564 943 3697 982 ana-
3785 932 3796 942 '

2119 1026 2297 1082 thema
2326 1026 2400 1082 sit
2428 1025 2493 1079 ³⁸.
2533 1041 2553 1077 ι
2585 1026 2655 1077 At
2688 1025 2872 1079 nescio
2899 1037 3008 1092 quo
3037 1032 3197 1093 pacto
3228 1021 3281 1076 id
3321 1022 3537 1077 modum
3574 1036 3701 1090 gra-

2114 1128 2236 1173 vate
2276 1118 2496 1173 tulerint
2523 1116 2712 1188 aliqui,
2739 1117 2821 1172 vel
2851 1116 2994 1187 quod
3042 1116 3154 1172 sint
3197 1113 3434 1182 ejusdem
3481 1122 3701 1169 senten-

2114 1211 2203 1264 tiae
2229 1224 2293 1264 ac
2320 1210 2591 1279 opinionis
2630 1224 2753 1264 eum
2801 1209 2922 1275 illo;
2957 1208 3039 1263 vel
3079 1207 3222 1278 quod
3271 1204 3526 1261 simulent
3576 1205 3700 1273 qui-

2114 1300 2232 1355 dem
2264 1315 2325 1356 se
2349 1302 2522 1354 vitare
2545 1291 3185 1370 opinionis'socictatem,
3214 1305 3481 1351 atlenteut
3513 1303 3696 1349 autem

2114 1392 2288 1448 modis
2317 1393 2567 1448 omnibus
2603 1393 2777 1462 ipsqu
2826 1391 3103 1456 adjuvare,
3136 1398 3191 1445 et
3226 1388 3451 1443 reddere
3500 1403 3699 1441 exosus

2111 1497 2206 1538 eos
2273 1484 2363 1554 qui
2416 1484 2754 1546 Salvatorem
2810 1467 3085 1538 Christum
3139 1479 3433 1536 defendere
3487 1479 3692 1532 Volunt.

2112 1573 2495 1630 Verumtamen
2518 1576 2864 1645 cogitandum
2913 1583 3053 1640 erat,
3095 1573 3240 1641 quod
3291 1573 3572 1639 increpare
3611 1571 3693 1623 di-

2112 1681 2267 1721 versa
2302 1667 2580 1734 docentes,
2614 1667 2958 1723 conciliasset
3000 1664 3132 1734 ipsis
3184 1663 3385 1718 amoris
3432 1662 3487 1716 in
3533 1660 3694 1715 Chri-

2111 1768 2253 1813 stum
2309 1760 2723 1814 sinceritatem:
2779 1773 2922 1813 nuuc
2971 1765 3154 1811 autem
3198 1760 3428 1824 egerunt
3473 1752 3690 1823 quidem

408 1848 500 1919 οὖχ
540 1850 686 1920 ὅπερ
712 1843 783 1919 ἦν
807 1824 1065 1918 ἀμεινονέ
1098 1824 1294 1902 πολλοῦ
1325 1866 1389 1918 γε
1415 1850 1507 1903 καὶ
1533 1850 1642 1903 δεῖ·
1672 1824 2001 1921 ’πεποίηνται

2114 1866 2220 1907 ιιοιι
2282 1855 2424 1921 quod
2467 1853 2584 1907 ﬁeri
2632 1851 2952 1921 oportebat;
3022 1847 3284 1919 quinam?
3336 1847 3463 1900 lacti
3510 1852 3689 1898 autem

404 1936 457 1990 δὲ
492 1939 972 2011 πολεμιωτάτους,
1004 1933 1080 1994 ὧν
1124 1943 1173 1993 εἰ
1211 1940 1467 2009 γεγόνασι
1511 1940 1769 2011 ζηλωταὶ,
1810 1940 2006 2012 ἀνεδή-

414 2048 574 2085 σαντο
603 2030 668 2084 ἂν
722 2033 823 2085 σὺν
861 2034 1053 2096 αὐτοῖς
1093 2035 1193 2104 τῆς
1226 2032 1542 2104 ἀφθαρσίας
1581 2033 1673 2087 τὸν
1716 2032 1998 2103 στέφανον.

420 2122 914 2194 Ἐπιλαμὸάνονται
939 2124 1120 2179 τοίνυν
1143 2125 1252 2179 τῶν
1282 2123 1764 2196 ἀναθεματισμῶν,
1791 2125 1869 2189 ὡς
1901 2126 2002 2179 οὐκ

417 2211 472 2269 εἴ)
505 2216 838 2285 γεγονότων·
872 2217 971 2270 καὶ
1011 2217 1077 2280 δὴ
1116 2218 1213 2271 καὶ
1259 2217 1477 2288 ἑκάστῳ
1523 2216 1866 2291 παραθέντες
1905 2218 2002 2285 ὲγ-

421 2307 642 2377 γράφως
664 2308 728 2361 τά
747 2308 852 2378 τῆς
884 2307 1097 2362 ἑαυτῶν
1121 2308 1362 2373 διανοίας
1386 2311 1695 2381 εὑρήματα,
1726 2310 1819 2363 καὶ
1843 2310 2001 2363 ἀσυν-

418 2401 572 2463 έτους
609 2399 750 2463 τινὰς
794 2400 1205 2470 εἰκαιομυθίας,
1240 2400 1612 2473 συναρπάσειν
1637 2400 1838 2455 οίονται
1871 2400 2000 2465 τοὺς

409 2484 839 2556 ἐντευξομένους,
871 2488 969 2540 καὶ
996 2486 1376 2553 ἀδασανίστως
1408 2490 1522 2554 τοῖς
1547 2489 1680 2560 παρ’
1702 2489 1881 2544 αὐτῶν
1911 2492 1997 2543 ὲν-

398 2578 767 2647 τνγχάνοντας
810 2578 1015 2648 λόγοις.
1066 2574 1175 2634 Ἦν
1223 2575 1317 2635 οὖν
1364 2582 1661 2651 ἀναγκαῖον
1699 2584 1795 2637 καὶ
1845 2584 1994 2653 ἡμᾶς

392 2669 594 2734 αὐτοὺς
632 2669 1096 2743 ἀντιπαρεξάγειν
1126 2671 1185 2725 τὸ
1214 2672 1436 2744 ἀληθὲς,
1462 2675 1557 2727 καὶ
1589 2675 1993 2746 ἀποκρούεσθαι

2107 1953 2234 2000 sunt
2266 1944 2610 1999 infensissimi
2663 1943 2768 2008 bis,
2801 1957 3031 2013 quorum
3086 1940 3129 1996 si
3180 1939 3406 1994 fuissent
3454 1936 3693 1991 imitato-

2107 2050 2215 2101 res,
2251 2035 2676 2091 immortalitatis
2714 2049 2913 2089 corona
2964 2047 3084 2087 eum
3135 2031 3269 2098 ipsis
3316 2030 3553 2087 redimiti
3609 2029 3690 2081 lo.

2105 2134 2247 2181 rent.
2275 2125 2461 2197 Itaque
2508 2125 2997 2181 anathematismos
3044 2122 3484 2192 reprehendunt,
3528 2120 3686 2189 quasi

2105 2233 2213 2274 non
2263 2228 2411 2274 recte
2461 2218 2742 2273 habeant:
2798 2229 2957 2287 atque
3004 2216 3167 2270 etiam
3220 2214 3516 2281 unicuique
3573 2225 3687 2267 sua:

2103 2310 2302 2365 mentis
2329 2310 2771 2376 adinventiones,
2814 2321 2868 2364 et
2896 2307 3098 2363 stultas
3130 2304 3393 2377 quasdam
3428 2317 3492 2358 ac
3518 2301 3685 2358 frivo-

2081 2402 2182 2458 .las
2234 2401 2595 2457 tabulationes
2645 2402 2933 2457 scribendo
2994 2406 3386 2467 apposueruut,
3442 2397 3572 2460 rati,
3624 2410 3687 2450 se

2098 2506 2196 2561 per
2231 2492 2478 2548 fraudem
2526 2503 2862 2547 attracturos
2907 2491 3167 2553 librorum
3213 2502 3436 2542 suorum
3474 2488 3685 2555 impru-

2097 2583 2287 2640 dentes
2341 2583 2600 2640 lectores.
2643 2584 2830 2654 Itaque
2878 2590 2934 2637 et
2981 2582 3137 2636 nobis
3180 2577 3543 2634 necessarium
3581 2577 3686 2630 fuit

2050 2658 2053 2663 ’
2096 2690 2128 2731 e
2157 2676 2372 2731 diverso
2416 2676 2701 2730 veritatem
2740 2687 3036 2745 opponere,
3077 2683 3129 2728 et
3175 2671 3391 2725 illorum
3433 2667 3683 2722 refellere

385 2760 486 2830 τὴν
520 2761 893 2833 κατάῤῥησιν,
916 2763 1195 2833 ἀποφῆναί
1222 2782 1279 2818 τε
1308 2764 1794 2837 φιλοσκώμμονας,
1822 2767 1992 2839 ἦγουν

2101 2764 2521 2832 ublocutionem,
2557 2779 2622 2819 ac
2660 2766 2951 2821 ostendere
2986 2762 3111 2817 illos
3137 2759 3442 2816 dicacitatis
3475 2756 3685 2812 studio-

383 2852 650 2922 ἀληθείας
698 2854 1004 2925 ὲρευνητάς
1052 2857 1180 2920 τοὺς
1207 2856 1274 2910 δι’
1312 2858 1583 2922 ἐναντίας.
1615 2859 1992 2930 Προτάξαντες

2101 2871 2204 2922 sos,
2230 2857 2332 2912 boc
2355 2866 2439 2912 est
2461 2871 2649 2912 eorum
2675 2857 3021 2912 adversarios
3042 2854 3293 2909 veritatis
3312 2852 3678 2922 indagatores.

382 2944 575 2998 τοίνυν
620 2945 857 3000 ἕκαστον
882 2946 995 3001 τῶν
1022 2948 1509 3019 άναθεματισμῶν,
1538 2945 1657 3004 εἶτα
1685 2951 1897 3015 τούτοις
1920 2952 1988 3007 τὰ

2101 2946 2330 3003 Proinde
2347 2949 2839 3017 praeordinavimus
2872 2948 3116 3018 singulos
3158 2945 3675 3009 anathematismos;

376 3038 520 3105 παρ’
546 3038 777 3091 ἐκείνων
812 3039 1201 3111 συντεθειμένα
1234 3041 1618 3108 συντάξαντες,
1647 3044 1987 3114 παρεςεύξα-

2101 3038 2288 3092 deinde
2319 3037 2406 3092 his
2429 3038 2797 3107 adiunximus,
2827 3053 2946 3107 quae
2971 3036 3040 3091 ab
3065 3037 3169 3091 illis
3194 3035 3494 3105 composita
3526 3044 3674 3099 sunt;

378 3145 489 3199 μεν
516 3128 588 3182 τὰ
620 3130 753 3200 παρ’
778 3129 1010 3195 ἑαυτῶν,
1040 3133 1152 3195 τοῖς
1178 3132 1286 3185 τῶν
1316 3133 1479 3187 θείων
1503 3135 1737 3206 Γραφῶν
1764 3138 1987 3206 ὲπιστήυ

2101 3139 2365 3200 postremo
2405 3130 2745 3185 subdidimus
2783 3140 2838 3185 et
2867 3140 3076 3193 nostra,
3110 3129 3322 3183 divinas
3360 3125 3677 3195 Scripturas

373 3238 537 3290 μοσι,
559 3221 847 3285 δικασταῖς
872 3222 1034 3275 οίονεὶ
1061 3222 1355 3294 χρώμενοι,
1380 3226 1474 3279 καὶ
1502 3226 1681 3297 ψῆφον
1706 3225 1986 3292 αἰτοῦντες

2101 3221 2391 3277 scientibus
2416 3223 2574 3291 quasi
2594 3220 2870 3290 judicibus
2915 3230 3153 3283 utentes.
3183 3229 3345 3289 atque
3371 3219 3439 3273 ab
3471 3219 3554 3272 his
3580 3218 3672 3287 qui

372 3312 557 3383 ὀρθήν
598 3329 661 3365 τε
691 3313 787 3367 καὶ
834 3314 1240 3386 ἀνεπίπληκτον
1289 3314 1444 3387 παρά
1493 3317 1601 3372 τῶν
1635 3318 1853 3373 εἰδότων
1885 3314 1986 3387 τὴν

2101 3313 2374 3368 veritatem
2406 3313 2610 3378 sciunt,
2642 3321 2848 3368 rectam
2885 3320 2940 3367 et
2978 3311 3310 3382 inculpatum
3346 3310 3672 3366 sententiam

372 3404 670 3478 ἀλήθειαν.

829 3519 1425 3577 ΔΝΑΘΕΜΑΤῘΣΜΟΣ
1462 3526 1542 3578 A'.

446 3628 524 3682 Εἴ
544 3646 636 3694 τις
663 3629 767 3700 οὐχ
799 3629 1059 3701 ὁμολογεῖ
1090 3630 1226 3686 Θεὸν
1255 3628 1397 3687 εἶναι
1427 3636 1571 3689 κατὰ
1600 3637 1858 3708 ἀλήθειαν
1887 3641 1982 3696 τὸν

386 3722 777 3794 Ἐμμανουήλ,
805 3723 899 3777 καὶ
927 3723 1017 3779 διὰ
1044 3725 1201 3780 τοῦτο
1226 3726 1493 3799 Θεοίτόκον
1514 3728 1614 3799 τὴν
1648 3730 1809 3799 ἁγίαν
1833 3733 1981 3806 Παρ-

2081 3405 2438 3478 postulantes.

2516 3514 3160 3575 ANATHEMATISMUS
3198 3513 3240 3568 Ι.

2155 3635 2212 3693 Si
2245 3636 2370 3708 quis
2402 3650 2508 3692 non
2548 3633 2862 3698 confitetur,
2907 3627 3314 3686 Emmanuelem
3350 3624 3511 3697 159
3543 3639 3671 3680 vere

2086 3712 2252 3787 Deum
2296 3745 2441 3797 esse,
2486 3738 2542 3785 et
2585 3727 2657 3783 ob
2691 3727 2742 3782 id
2787 3733 3033 3782 sanctam
3065 3720 3344 3793 Virginem
3381 3718 3668 3787 Deiparam

375 3815 554 3869 θένον·
591 3816 899 3887 γεγέννηκε
928 3816 1039 3887 γὰρ
1070 3819 1351 3889 σαρκικῶς
1378 3819 1562 3887 σάρκα
1593 3823 1855 3890 γεγονότα
1886 3825 1978 3881 τὸν

2101 3823 2309 3893 [εθηυίι
2332 3823 2478 3878 enim
2516 3820 2606 3876 illa
2638 3814 2941 3874 carnaliter
2970 3816 3314 3871 incarnatum
3358 3809 3450 3868 Dei
3491 3808 3668 3865 Patris

367 3908 437 3959 ὲκ
464 3905 608 3961 Θεοῦ
634 3908 853 3979 Πατρός
880 3908 1055 3977 Λόγον
1073 3924 1088 3939 ο
1109 3910 1357 3982 ἀνάθεμα
1383 3911 1527 3966 ἐστω

691 4017 1066 4088 Ὰηίρῤησις
1099 4018 1219 4109 τῶν
1262 4022 1675 4078 Ἀνατολικῶν.

457 4132 557 4186 Καὶ
599 4131 690 4195 τίς
744 4132 1052 4203 σαρκικῶς,
1090 4134 1269 4205 σάρκα
1301 4135 1564 4204 γεγονότα
1604 4136 1697 4191 τὸν
1743 4140 1807 4192 ἐκ
1839 4138 1976 4193 Θεοῦ

390 4221 570 4290 Λόγον,
594 4223 971 4295 ἀποτετέχθαι
1000 4224 1523 4298 συνομολογήσειεν;
1552 4227 1616 4281 Ei
1643 4226 1753 4299 γάρ
1781 4245 1976 4300 σαρκι-

384 4315 489 4380 κῶς
520 4317 843 4389 ἐγέννησεν,
877 4316 1065 4371 οὐκέτι
1094 4316 1236 4372 κατά
1282 4317 1551 4389 παρθένον
1572 4338 1587 4352 ·
1616 4320 1710 4373 καὶ
1748 4321 1852 4395 ποῦ
1884 4320 1976 4392 θή-

2082 3913 2356 3970 νοτιιιιιιιὶ
2382 3929 2396 3965 :
2433 3912 2723 3966 anathema
2765 3909 2857 3963 sit.

2534 4020 2891 4077 Orientalium
2927 4015 3202 4087 oppositio.
3420 4088 3427 4097 ‘

2148 4137 2348 4207 Ecquis
2394 4150 2617 4191 carnem
2664 4133 2868 4189 factum
2924 4133 3021 4187 Dei
3058 4131 3322 4195 Verbum,
3370 4125 3667 4188 carnaliter

2078 4240 2263 4286 natum
2282 4243 2404 4285 esse
2418 4227 2580 4284 simul
2609 4226 2993 4283 conﬁtebitur?
3018 4239 3142 4278 nam
3165 4223 3210 4278 si
3245 4221 3541 4277 carnaliter
3571 4233 3667 4289 ge-

2078 4324 2219 4389 nuit,
2242 4322 2354 4393 jam
2386 4337 2491 4377 non
2518 4329 2575 4376 ut
2600 4321 2772 4390 virgo.
2807 4319 2874 4375 Et
2897 4319 2985 4375 ubi
3019 4333 3280 4389 ponemus
3303 4316 3407 4371 hoc
3436 4334 3450 4371 :
3485 4333 3505 4367 ι
3537 4313 3664 4382 Spi-

378 4423 543 4478 σομεν
586 4407 687 4460 τό·
732 4425 750 4458 ι
781 4406 1011 4477 Πνεῦμα
1044 4407 1105 4460 τὸ
1144 4408 1300 4477 ἅγιον
1345 4407 1702 4464 ἐπελεύσεται
1750 4410 1844 4463 ἐπὶ
1878 4410 1967 4476 σὲ,

2101 4414 2216 4470 itus
2244 4422 2467 4468 sanctus
2507 4411 2859 4481 superveniet
2893 4412 2944 4465 in
2979 4418 3053 4477 te,
3087 4418 3143 4464 et
3178 4409 3350 4462 virtus
3394 4404 3664 4460 Altissimi

371 4499 468 4553 καὶ
481 4499 723 4569 δύναμις
750 4497 1008 4568 Ὑψίστου
1026 4501 1336 4555 ἐπισκιάσει
1352 4517 1454 4568 σοι,
1487 4520 1507 4554 ι
1545 4501 1830 4573 σαρκικῶς
1852 4503 1976 4556 κατ’

368 4587 537 4643 αὐτὸν
570 4591 675 4660 τῆς
704 4590 1007 4662 Παρθένου,
1039 4594 1135 4645 καὶ
1162 4593 1225 4646 οὐ
1253 4591 1579 4666 θεοπρεπῶς
1600 4596 1974 4667 γεννησάσης;

2077 4504 2426 4561 obumbrabit
2464 4503 2560 4558 tibi
2589 4503 2658 4570 “,
2686 4522 2706 4555 ι
2731 4503 2802 4567 si,
2827 4504 2983 4573 juxta
3008 4502 3150 4555 illius
3180 4508 3443 4563 tuentem,
3471 4509 3664 4550 carna-

2076 4596 2203 4652 liter
2225 4606 2279 4651 et
2309 4610 2415 4651 non
2448 4605 2506 4650 ut
2546 4595 2711 4650 Deum
2742 4594 2920 4659 decet,
2964 4593 3130 4661 Virgo
3168 4588 3398 4660 genuit?
3440 4596 3497 4641 et
3522 4600 3662 4655 quo-

367 4682 465 4733 καὶ
492 4680 618 4744 πῶς
648 4679 859 4751 ταύτην
879 4688 909 4729 1
934 4681 1112 4755 ἀστὴρ
1145 4684 1463 4755 παραδόξως
1488 4685 1814 4755 φαινόμενος
1841 4703 1976 4740 κατ-

2101 4691 2241 4746 nodo
2281 4690 2425 4744 hunc
2469 4688 2627 4744 stella
2673 4687 2891 4742 insolito
2934 4684 3094 4739 modo
3135 4694 3403 4751 apparens
3433 4679 3660 4732 demon-

367 4771 624 4841 εμήνυε;
680 4770 850 4841 μάγοι
906 4770 963 4824 δὲ
1006 4774 1071 4825 ὲκ
1120 4774 1386 4845 Περσίδος
1428 4775 1498 4828 δι’
1537 4774 1704 4828 αὐτοῦ
1741 4775 1972 4846 ὁδηγού-

2101 4780 2477 4850 travit?Magi
2508 4794 2641 4836 vero
2675 4793 2742 4834 ex
2785 4775 3030 4840 Perside,
3078 4773 3167 4827 illa
3222 4773 3380 4835 duce,
3428 4770 3663 4823 advene-

372 4878 525 4924 μενοι
570 4865 868 4932 παρῄεσαν
895 4872 943 4927 ³,
974 4864 1066 4919 τὸν
1096 4865 1360 4935 τεχθέντα
1398 4865 1721 4937 ζητοῦντες’
1753 4868 1847 4921 καὶ
1876 4869 1970 4922 εὐ-

2101 4881 2225 4936 ·ιιιιι,
2253 4879 2440 4924 natum
2468 4877 2797 4939 quaerentes,
2830 4874 2888 4921 et
2920 4865 3141 4919 invento
3168 4862 3309 4917 dona
3343 4858 3676 4918 obtulerunt,

371 4953 580 5023 ρόντες,
615 4953 816 5024 ἔφερον
849 4955 999 5027 δῶρα
1030 4957 1125 5009 καὶ
1153 4957 1232 5028 τῷ
1276 4960 1574 5029 νοουμένῳ,
1618 4960 1713 5012 καὶ
1738 4959 1817 5031 τῷ
1848 4978 1972 5029 φαι-

2101 4972 2131 5019 :t
2163 4963 2236 5029 ei,
2266 4962 2355 5032 qui
2387 4961 2672 5016 videbatur
2698 4958 2896 5024 oculis,
2929 4940 2982 5012 et
3011 4958 3086 5022 ei,
3128 4956 3222 5026 qui
3260 4961 3442 5008 mente
3478 4950 3658 5021 perci-

368 5048 587 5117 νομένῳ
624 5046 938 5118 πρόσφορα.
965 5049 1223 5117 Ἀγγελοί
1250 5067 1310 5102 τε
1357 5049 1651 5123 οὐρανόθεν
1683 5054 1972 5108 κατελθόν-

2101 5054 2342 5121 iebatur,
2413 5051 2892 5109 convenientia“.
2945 5049 3160 5120 Angeli,
3204 5048 3295 5118 qui
3356 5044 3656 5101 descende-

370 5155 458 5202 τες
482 5138 589 5210 τὴν
617 5138 894 5211 γέννησιν,
932 5141 1073 5210 μετά
1099 5141 1210 5195 τῶν
1237 5144 1510 5213 ποιμένων
1537 5145 1895 5217 ἀναμιγέντες
1917 5159 1968 5212 ε,

2101 5155 2193 5202 ιιιιι
2221 5147 2290 5203 de
2321 5148 2483 5214 ctelo,
2513 5164 2637 5204 eum
2673 5146 2982 5217 pastoribus
3022 5144 3189 5207 misti,
3235 5143 3301 5196 de
3348 5138 3517 5193 natali
3556 5136 3654 5188 tri-

370 5230 633 5300 ἐχόρευον
668 5230 953 5298 λέγοντες’
991 5251 1009 5283 ι
1036 5232 1176 5298 Δόξα
1206 5237 1266 5289 ὲν
1295 5235 1543 5304 ὑψίστοις
1573 5238 1715 5308 Θεῷ,
1745 5240 1839 5292 καὶ
1871 5239 1966 5292 ἐπὶ

2105 5242 2357 5297 udiaruut
2384 5282 2399 5308 ,
2429 5240 2672 5296 dicentes
2708 5257 2723 5295 :
2775 5257 2794 5290 ι
2824 5237 3009 5293 Gloria
3056 5236 3110 5290 in
3159 5233 3391 5290 excelsis
3430 5229 3560 5292 Deo,
3598 5235 3655 5279 et

365 5320 473 5391 τῆς
526 5322 750 5392 εἰρήνη,
798 5324 857 5375 ἐν
899 5322 1225 5395 ἀνθρώποις·
1256 5326 1494 5383 εὐδοκία.
1522 5348 1539 5379 ι
1591 5327 1778 5384 Ταῦτα
1822 5330 1967 5393 τίνος

2101 5350 2119 5388 ι
2158 5343 2301 5389 terra
2334 5347 2460 5402 pax,
2496 5332 2547 5386 in
2580 5331 2893 5387 hominibus
2922 5330 3061 5386 bona
3095 5325 3341 5382 voluntas
3367 5320 3437 5376 ".
3472 5338 3491 5370 ι
3527 5318 3651 5373 lltcc

439 5498 492 5533 ⁴³
517 5500 704 5559 Galat.
749 5521 787 5569 t,
819 5506 875 5571 8,
909 5503 962 5559 9.
1044 5505 1090 5537 ⁸³
1120 5502 1253 5560 Luc.
1288 5522 1339 5574 ι,
1368 5506 1457 5562 55.
1535 5506 1580 5539 "‘
1609 5508 1795 5564 Matth.
1839 5525 1908 5576 ιι,
1943 5509 1961 5563 l

2105 5524 2158 5580 q.
2236 5510 2282 5543 ιδ
2320 5509 2452 5567 Luc.
2479 5524 2542 5575 ιι,
2575 5508 2660 5562 li.

1441 5661 1612 5719 Variae
1646 5663 1905 5723 lectiones
1936 5680 1998 5720 ex
2033 5664 2221 5721 codice
2251 5663 2623 5734 Seguieriauo.

437 5828 463 5868 3
495 5815 708 5880 τοῦτον.
792 5825 813 5854 ι
839 5814 1134 5887 παρίεσαν.
1212 5828 1238 5857 8
1263 5814 1683 5888 ἀναμιγνύντες.
