4080 6422
448 292 556 348 διε)

1452 283 1511 338 5.
1559 280 1844 339 εῖιιιιιι
1876 274 2348 334 ALEXANDIUNI
2390 274 2712 331 ARCHIEP.

3631 267 3753 327 520‘

445 412 599 481 cujus
641 409 885 465 indicia?
920 407 1185 473 carnalis,
1233 421 1302 462 an
1347 405 1464 477 ejus
1513 421 1634 476 qua:
1678 406 1850 460 Deum
1878 403 2036 457 decet

2149 398 2467 470 μηνύματα;
2498 398 2797 470 Σαρκικῆς,
2819 397 2852 469 ἢ
2875 394 3214 469 θεοπρεποῦς
3238 393 3579 465 γεννήσεως;
3610 391 3745 445 Ἀλ-

445 504 792 559 nativitatis?
824 500 886 556 Et
920 501 1123 571 alioqui
1160 502 1207 556 si
1243 501 1452 570 absque
1494 498 1766 564 examine,
1801 504 1859 552 et
1892 495 2041 562 judi-

445 598 532 652 cio
563 598 617 650 in
654 595 774 663 ejus
805 608 968 649 voces
1012 592 1397 656 inciderimus,
1436 601 1493 647 et
1532 589 1943 646 conversionem
1986 596 2043 641 et
2076 658 2087 667 ε

450 685 937 739 commutationem
966 683 1130 739 Verbi
1166 684 1219 738 in
1254 696 1475 737 carnem
1508 681 1951 751 imaginabimur,
1988 690 2044 733 et

446 780 525 833 sic
555 777 720 832 etiam
747 787 1029 848 peccatum
1051 778 1097 809 ⁵⁸
1114 785 1169 831 ει
1194 777 1539 831 maledictum
1569 775 1614 808 "
1642 776 1814 842 ipsum
1842 774 2042 827 factum

446 881 566 923 esse
601 868 1012 938 suspicabimur
1041 885 1055 921 :
1092 868 1137 922 si
1169 869 1384 935 quidem
1415 868 1597 921 minus
1628 868 1696 920 ad
1731 865 2041 933 sequentia,

444 959 531 1013 vel
578 959 945 1029 praecedentia
980 968 1271 1013 contextus
1314 958 1606 1024 sermonis,
1650 964 1706 1011 et
1754 955 1821 1010 ad
1872 956 2042 1025 ipsam

446 1052 902 1106 consuetudinem
956 1049 1257 1120 Scriptura:
1293 1051 1712 1115 attenderimus.
1768 1048 2043 1103 Caeterum

447 1157 665 1196 carnem
707 1157 830 1197 esse
880 1141 1078 1197 factum
1118 1140 1376 1204 Verbum,
1424 1151 1574 1194 recte
1598 1140 1754 1209 juxta
1795 1140 2044 1209 Evange-

449 1233 642 1287 liorum
683 1243 942 1298 mentem,
979 1231 1372 1286 habitationem
1410 1233 1463 1284 in
1496 1246 1661 1289 carne
1693 1232 2039 1300 exponimus.

997 1359 1244 1430 Defensio
1276 1359 1487 1430 Cyrilli.

519 1491 949 1562 Dispensationis
982 1495 1246 1564 tmigeniti
1279 1494 1401 1549 Filii
1439 1494 1532 1550 Dei
1571 1496 1625 1549 in
1656 1510 1826 1551 cat-ue
1857 1512 2046 1551 sacra-

450 1593 688 1638 mentum
720 1586 1156 1655 sapientissimus
1184 1585 1426 1643 Joannes
1459 1587 1722 1652 declarat,
1756 1590 2039 1644 scribens:

454 1692 470 1722 I
487 1674 547 1726 Et
564 1674 799 1728 Verbum
820 1690 947 1730 caro
967 1676 1164 1730 factum
1189 1686 1293 1743 cst,
1321 1687 1376 1731 et
1400 1677 1668 1733 habitavit
1686 1680 1736 1733 in
1761 1679 1919 1734 nobis
1938 1679 2002 1736 ⁸⁸.
2018 1700 2038 1733 ι

450 1766 572 1820 ΙΙεεε
605 1778 752 1822 recte
786 1767 1145 1837 intelligentes
1195 1770 1336 1824 beati
1373 1770 1562 1827 Patres
1591 1772 1721 1826 olim
1761 1773 1813 1826 in
1862 1772 2035 1827 Nicaea

446 1861 763 1929 congregati
798 1861 1073 1923 dixerunt,
1123 1861 1297 1931 ipsum
1347 1861 1586 1918 Verbum
1641 1881 1707 1919 ex
1744 1865 1852 1919 Deo
1887 1864 2047 1921 Patre

448 1960 656 2013 ttalttttt,
691 1965 788 2019 per
815 1955 958 2021 quod
1000 1954 1183 2007 omnia
1236 1953 1365 2010 fecit
1410 1955 1590 2023 Pater,
1626 1958 1813 2011 lumen
1854 1957 1920 2012 de
1962 1957 2046 2011 lu-

446 2041 611 2104 mine,
646 2041 810 2095 Deum
844 2058 1027 2097 verum
1063 2044 1124 2099 de
1158 2044 1264 2098 Deo
1296 2061 1449 2110 vero,
1501 2047 1843 2102 incarnatqu
1874 2058 1928 2103 et
1960 2050 2045 2103 in-

450 2131 802 2186 humanatnm
856 2148 999 2199 eSsc,
1048 2136 1151 2190 hoc
1200 2147 1305 2201 est,
1352 2139 1566 2193 unitum
1614 2140 1766 2194 carni
1809 2141 2046 2196 animam

448 2223 668 2277 habenti
727 2226 1074 2289 ratiOuaIem,
1112 2237 1167 2281 ct
1212 2229 1489 2284 hominem
1540 2230 1741 2285 factum
1789 2247 1939 2296 esse;
1994 2244 2049 2287 et

444 2329 566 2367 cum
603 2313 705 2367 huc
731 2315 895 2370 etiam
930 2318 1198 2372 mansisse
1228 2319 1416 2374 Deum.
1452 2320 1606 2388 Quod
1638 2331 1816 2376 autem
1843 2324 2050 2393 absque

442 2410 805 2464 conversione
830 2419 884 2463 et
910 2411 1236 2465 confusione
1264 2414 1480 2469 nnionis
1509 2415 1668 2486 160
1687 2433 1824 2485 opus
1841 2417 2047 2473 factum

444 2502 551 2560 cst,
588 2508 866 2564 manente,
905 2508 961 2551 ιιι
1003 2500 1137 2563 dixi,
1193 2500 1303 2555 Deo
1342 2503 1515 2558 Verbo
1558 2506 1606 2559 id
1650 2507 1924 2575 quodest,
1964 2518 2047 2563 ta-

446 2588 601 2643 metsi
644 2580 846 2643 factum
884 2592 955 2645 sit
986 2607 1115 2646 caro
1147 2594 1526 2661 (immutabile
1557 2598 1701 2651 enim
1749 2603 2047 2654 secundum
2092 2594 2104 2605 ’

443 2688 700 2734 naturam
740 2682 886 2745 est),
919 2683 1050 2737 nulli
1088 2685 1336 2738 dubium.
1376 2686 1510 2740 Nam
1542 2693 1686 2755 quod
1719 2690 1918 2743 dieitttr
1965 2691 2048 2743 itt-

446 2772 690 2833 carnari,
721 2787 827 2825 non
862 2774 916 2827 in
957 2776 1142 2829 carnis
1186 2787 1434 2831 naturam
1478 2781 1726 2843 vertitur,
1768 2782 1861 2833 sed
1899 2780 2047 2835 aliud

445 2862 703 2930 quiddam
741 2864 811 2919 ab
842 2865 953 2930 illa,
986 2876 1040 2919 et
1083 2869 1130 2921 ei
1166 2870 1371 2922 nnitttm
1409 2869 1749 2939 intelligitur.
1790 2870 1881 2924 Sic
1922 2886 2049 2925 sen«

448 2954 647 3008 tientes
689 2956 831 3010 beati
885 2956 1078 3012 Patres
1128 2961 1219 3013 Dei
1253 2961 1573 3029 genitricem
1626 2963 2049 3016 nominaverunt

448 3058 699 3101 sanctam
725 3050 1018 3119 virginem.
1057 3049 1421 3106 Crediderunt
1467 3054 1635 3119 enim,
1683 3054 1824 3122 quod
1864 3054 2046 3107 incar-

449 3148 633 3193 natum
671 3150 726 3195 et
763 3141 1043 3196 hominem
1083 3143 1286 3197 factum
1320 3144 1573 3212 genuerit
1624 3143 1821 3197 Filium
1867 3144 2042 3211 illum,
2073 3124 2115 3180 (ἶ

447 3244 542 3293 per
570 3247 729 3299 quem
768 3236 951 3289 omnia
986 3233 1113 3289 fecit
1156 3236 1341 3290 Pater.
1379 3234 1579 3290 Verum
1622 3235 1904 3291 Nestorius
1946 3254 2045 3290 no-

450 3325 708 3377 vellarum
736 3326 1191 3395 blasphemiarum
1214 3329 1466 3381 inventor
1496 3344 1617 3381 cum
1645 3329 1743 3381 hac
1770 3331 2045 3383 sententia

449 3427 715 3481 pugnans,
760 3416 1032 3483 improbat
1074 3417 1294 3486 quidem
1343 3434 1530 3473 vocem
1579 3419 1737 3481 hanc,
1770 3418 1862 3472 Dei
1894 3421 2045 3488 geni-

449 3506 577 3571 trix,
611 3508 770 3577 quasi
816 3526 922 3562 non
959 3510 1032 3562 sit
1063 3526 1189 3565 vere
1222 3512 1400 3572 dicta;
1448 3511 1661 3564 diccbat
1696 3521 1876 3564 autem
1905 3514 1984 3567 sic
2029 3531 2043 3566 :

451 3596 805 3666 Interrogavi,
849 3598 1045 3667 inquit,
1089 3616 1232 3670 saepe
1270 3616 1365 3655 eos
1405 3620 1418 3656 :
1459 3602 1809 3657 Diviuitatem
1863 3616 2045 3657 natam

449 3686 629 3740 dicitis
670 3702 699 3741 ε
747 3687 903 3741 beata
954 3689 1218 3759 Virgine?
1267 3690 1535 3747 Resilinnt
1574 3695 1756 3748 statim
1800 3696 1865 3749 ad
1910 3699 2051 3752 hanc

453 3791 662 3830 vocem.
706 3775 771 3831 Et
815 3780 959 3848 quis,
1020 3782 1213 3851 inquit,
1264 3792 1413 3837 tanto
1457 3784 1811 3853 blasphemia:
1860 3789 2050 3841 morbo

453 3866 688 3929 laborat,
719 3878 777 3920 ut
813 3885 935 3937 ιιιιω
962 3871 1148 3939 genuit
1177 3872 1460 3940 templum,
1492 3875 1542 3926 in
1579 3874 1666 3928 illa
1693 3877 1837 3931 dicat
1871 3893 1897 3928 a
1929 3875 2051 3946 Spi-

455 3959 557 4012 ritu
587 3971 778 4019 saneto
814 3959 980 4014 Deum
1015 3973 1262 4017 creatum
1293 3965 1456 4019 esse?
1487 3964 1689 4020 Deinde
1713 3968 1931 4036 quando
1970 3969 2053 4021 in-

454 4053 723 4112 terimus:
769 4054 907 4120 Quid
951 4056 1115 4123 igitur
1145 4058 1443 4113 absurdum
1492 4074 1588 4114 nos
1620 4060 1877 4123 dicimus,
1921 4076 2054 4115 con-

451 4140 690 4195 sulentes
723 4143 1029 4211 fugiendam
1057 4144 1200 4199 illam
1237 4162 1447 4211 vocent,
1471 4158 1525 4202 et
1545 4150 1779 4203 cundum
1811 4154 1875 4203 ad
1904 4167 2050 4205 cmu-

454 4246 670 4286 mnnem
706 4234 992 4302 utriusque
1026 4246 1232 4293 natura:
1263 4239 1631 4308 significatum
1652 4241 1674 4294 ?
1696 4241 1744 4294 id
1775 4252 1902 4295 tunc
1934 4243 2052 4297 bla-

452 4322 674 4390 spheme
720 4324 927 4379 dictum
985 4339 1203 4395 putant.
1266 4331 1363 4384 Vel
1421 4333 1685 4387 confitere
1737 4334 2051 4401 manifeste,

2143 490 2250 555 λως
2297 507 2356 544 τε
2387 493 2437 544 ει
2488 490 2870 554 άὸασανίστως
2907 491 3030 553 ταῖς
3076 488 3282 558 φωναῖς
3330 484 3664 557 ὲμὸάλοιμεν
3687 485 3740 548 ι),

2144 585 2240 637 καὶ
2268 581 2477 654 τροπὴν
2511 581 2607 635 τοῦ
2644 582 2830 650 λόγου,
2855 583 2949 635 καὶ
2987 579 3294 651 μεταϐολὴν
3319 578 3418 651 τὴν
3448 578 3528 641 εἰς
3559 579 3742 647 σάρκα

2144 674 2673 747 φαντασθησόμεθαο
2700 674 2796 728 καὶ
2821 672 2997 737 οὕτως
3021 673 3116 728 καὶ
3138 670 3414 744 ἁμαρτίαν
3436 670 3621 735 αὐτὸν,
3649 669 3747 723 καὶ

2144 767 2392 839 κατάραν
2445 764 2781 837 γεγενῆσθαι
2829 763 3255 836 ὑποληψόμεθα,
3299 763 3348 815 εί
3381 763 3496 824 τοῖς
3541 759 3747 831 ἑπομέ-

2143 876 2275 923 νοις,
2305 860 2337 930 ἢ
2380 858 2704 930 ἡγουμένοις
2734 857 2843 911 τῶν
2884 857 3176 928 κειμένων,
3205 855 3301 909 καὶ
3343 854 3482 924 αὐτῇ
3511 854 3579 924 τῇ
3617 867 3747 905 συν-

2141 950 2305 1022 ηθείᾳ
2355 951 2453 1020 τῆς
2500 949 2726 1021 Γραφῆς
2763 951 2838 1020 μὴ
2903 950 3289 1021 προσέχοιμεν.
3329 946 3494 1001 Ἀλλὰ
3539 945 3648 1017 γάρ
3679 944 3746 998 τὸ

2147 1042 2407 1111 γενέσθαι
2435 1043 2614 1113 σάρκα
2642 1041 2733 1095 τὸν
2760 1041 2955 1110 Λόγον,
2984 1040 3081 1112 τὴν
3106 1042 3163 1095 ὲν
3185 1041 3252 1111 τῇ
3280 1038 3446 1112 σαρκὶ
3469 1038 3746 1107 σκήνωσιν

2146 1133 2326 1197 καλῶς
2349 1133 2767 1203 ἐκλαμϐάνομεν
2795 1132 2940 1186 κατὰ
2967 1132 3064 1203 τὴν
3099 1131 3207 1185 τῶν
3235 1130 3587 1200 Εὑαγγελίων
3624 1128 3744 1183 διά-

2144 1242 2311 1279 νοιαν.

2609 1360 2920 1429 Ἀπολογία
2955 1359 3285 1426 Κυρίλλου.

2217 1494 2329 1564 Τῆς
2359 1492 2498 1564 μετὰ
2532 1492 2733 1562 σαρκὸς
2772 1490 3083 1561 οἰκονομίας
3116 1489 3208 1544 τοῦ
3252 1489 3577 1561 μονογενοῦς
3611 1488 3751 1543 Υίοῦ

2145 1584 2239 1637 τοῦ
2270 1583 2405 1637 Θεοῦ
2436 1584 2495 1638 τὸ
2533 1585 2832 1655 μυστήριον
2860 1586 2888 1637 ὁ
2920 1585 3195 1653 πάνσοφος
3228 1584 3484 1654 Ἰωάννης
3513 1583 3745 1656 διατρα-

2146 1679 2230 1730 νοῖ
2263 1675 2667 1748 γεγραφηκὼς·
2704 1695 2722 1726 ι
2756 1677 2866 1730 Καὶ
2910 1680 2938 1730 ὁ
2963 1676 3135 1745 Λόγος
3178 1675 3317 1747 σὰρξ
3366 1677 3603 1745 ἐγένετο,
3639 1677 3741 1730 καὶ

2073 1772 2115 1827 Β
2141 1766 2451 1837 ἐσκήνωσεν
2480 1767 2537 1819 ὲν
2570 1768 2724 1836 ἡμῖν.
2754 1785 2772 1818 ι
2809 1765 2996 1819 Ταῦτα
3032 1765 3307 1825 συνιέντες
3335 1766 3513 1837 ὀρθῶς
3542 1768 3592 1819 oi
3628 1783 3741 1837 μα-

2148 1857 2329 1929 κάριοι
2355 1858 2620 1929 Πατέρες,
2639 1861 2687 1911 οἱ
2727 1858 2869 1912 κατὰ
2897 1860 3125 1931 καιροὺς
3145 1860 3203 1911 ὲν
3232 1861 3298 1929 τῇ
3334 1859 3585 1913 Νικαέων
3613 1876 3747 1912 συνο

2148 1949 2474 2019 ειλεγμένοι,
2502 1949 2665 2003 αὑτὸν
2696 1950 2907 2019 ἔφασαν
2937 1950 3029 2004 τὸν
3057 1951 3123 2003 ἐκ
3155 1949 3291 2003 Θεοῦ
3323 1950 3537 2021 Πατρὺς
3568 1950 3746 2021 φύντα

2150 2037 2342 2107 Λόγον,
2380 2039 2473 2092 τὸν
2515 2038 2583 2091 δι’
2608 2032 2668 2092 οῦ
2705 2040 2775 2093 τὰ
2798 2040 2990 2094 ’πάντα
3033 2040 3333 2111 πεποίηκεν
3363 2043 3389 2095 ὁ
3424 2041 3649 2113 Πατὴρ,
3683 2041 3742 2095 τὸ

2149 2132 2264 2198 φῶς
2296 2131 2355 2184 τὸ
2389 2134 2453 2184 ἐκ
2500 2131 2595 2184 τοῦ
2632 2131 2841 2201 φωτὸς,
2893 2132 2985 2185 τὸν
3027 2131 3161 2185 Θεὸν
3201 2131 3456 2204 ἀληθινὸν
3499 2135 3563 2187 ὲκ
3604 2132 3755 2187 θεοῦ

2149 2223 2429 2293 ἀληθινοῦ,
2461 2224 2815 2295 σαρκωθῆναί
2843 2241 2904 2277 τε
2935 2224 3031 2277 καὶ
3073 2223 3497 2296 ένανθρωπῆσαι
3517 2241 3532 2256 ο
3577 2243 3743 2279 τουτ-

2150 2314 2297 2369 έστιν
2338 2316 2605 2386 ἐνωθῆναι
2657 2315 2824 2386 σαρκὶ
2872 2316 3050 2386 ψυχὴν
3101 2316 3304 2390 ἐχούσῃ
3347 2319 3446 2389 τὴν
3492 2318 3744 2390 λογικὴν,

2149 2410 2244 2462 καὶ
2267 2408 2554 2479 ἄνθρωπον
2582 2408 2837 2478 γενέσθαι
2869 2410 3007 2479 μετὰ
3030 2407 3124 2461 τοῦ
3151 2409 3241 2463 καὶ
3267 2411 3562 2481 άπομεῖναι
3583 2410 3743 2465 Θεόν.

2152 2503 2276 2555 Ὅτι
2303 2500 2361 2553 δὲ
2395 2501 2685 2572 ἀτρέπτως
2716 2518 2774 2554 τε
2802 2502 2895 2554 καὶ
2925 2501 3249 2570 ἁσυγχύτως
3279 2501 3340 2555 τὸ
3364 2502 3465 2573 τῆς
3497 2501 3748 2568 ὲνὼσεως

2149 2593 2463 2665 πέπρακται
2494 2594 2705 2664 χρῆμα,
2751 2595 3147 2664 μεμενηκότος,
3173 2594 3248 2656 ὼς
3282 2594 3438 2665 ἔφην,
3480 2595 3575 2649 τοῦ
3606 2595 3745 2650 Θεοῦ

2148 2686 2324 2753 Λόγου
2375 2685 2521 2738 τοῦθ’
2550 2686 2687 2755 ὅπερ
2720 2685 2871 2749 ἐστὶ,
2919 2686 3012 2737 καὶ
3041 2688 3091 2737 εἰ
3137 2685 3328 2753 γέγονε
3365 2686 3535 2756 σὰρξ,
3583 2686 3753 2740 ἀναλ-

2148 2777 2367 2841 λοίωτος
2397 2777 2506 2847 γάρ
2537 2777 2676 2830 κατὰ
2706 2774 2867 2845 φύσιν
2898 2778 3068 2841 ἐστὶν,
3096 2777 3273 2829 οὐδενὶ
3302 2776 3412 2832 τῶν
3442 2777 3612 2830 ὄντων
3646 2780 3749 2848 άμο

2150 2868 2391 2938 φίϐολον.
2417 2868 2491 2920 Τὸ
2521 2866 2629 2937 γὰρ
2666 2865 3002 2938 σαρκοῦσθαι
3034 2868 3348 2937 λεγόμενον,
3377 2869 3477 2921 οὐκ
3507 2869 3588 2932 είς
3619 2886 3751 2940 σαρο

2150 2956 2244 3019 κὸς
2277 2956 2542 3027 τρέπεται
2580 2956 2763 3025 φύσιν,
2808 2957 2922 3010 ἀλλ’
2955 2958 3141 3029 ἔτερόν
3173 2976 3225 3011 τι
3255 2960 3515 3013 ἐννοεῖται
3547 2973 3569 2999 ε
3614 2962 3749 3031 παρ’

2152 3051 2323 3122 αὐτὴν
2356 3051 2623 3122 ὑπάρχον,
2666 3050 2760 3104 καὶ⁵
2792 3051 2991 3104 ἐνωθὲν
3023 3052 3186 3123 αὐτῇ.
3218 3051 3376 3107 Οῦτω
3422 3054 3751 3123 φρονοῦντες

2150 3143 2195 3196 οἱ
2231 3142 2488 3214 μακάριοι
2535 3142 2797 3213 Πατέρες,
2830 3142 3092 3200 Θεοτόκον
3125 3145 3416 3214 ὠνόμασαν
3448 3146 3546 3217 τὴν
3581 3148 3752 3216 ἁγίαν

2150 3236 2444 3306 Παρθένον.
2490 3235 2900 3288 Πεπιστεύκασι
2957 3236 3066 3307 γάρ
3119 3238 3201 3290 ὅτι
3255 3239 3605 3310 σαρκωθέντα
3654 3242 3755 3295 καὶ

2149 3328 2654 3399 ὲνανθρωπὴσαντα
2684 3330 2987 3399 γεγέννηκε
3031 3330 3122 3383 τὸν
3174 3330 3324 3392 Υίὺν,
3370 3332 3460 3385 τὸν
3490 3332 3557 3385 δι’
3583 3325 3646 3387 οὗ
3679 3335 3753 3389 τά

2151 3419 2330 3471 πάντα
2372 3420 2675 3489 πεποίηκεν
2717 3423 2745 3474 ὁ
2793 3421 3004 3491 Πατήρ.
3053 3422 3112 3475 Ὀ
3146 3422 3204 3474 δὲ
3263 3422 3372 3475 τῶν
3423 3423 3557 3476 νέων
3617 3427 3754 3496 ἡμῖν

2150 3512 2475 3581 δυσφημιῶν
2554 3513 2785 3583 εὑρετὴς
2859 3515 3158 3585 Νεστόριος
3209 3517 3385 3587 τοιᾷδε
3447 3518 3759 3590 μαχόμενος

2151 3603 2302 3674 δόξῃ,
2333 3604 2783 3673 κατακιϐδηλεύει
2816 3607 2914 3675 μὲν
2937 3605 2963 3645 δ
2996 3607 3072 3671 ὡς
3097 3608 3197 3661 οὐκ
3229 3605 3398 3662 οὖσαν
3434 3611 3616 3681 ἀληθῆ
3650 3613 3754 3683 τὴν

2157 3699 2420 3761 Θεότοκος
2462 3699 2681 3770 φωνήν·
2718 3699 2821 3771 ἔφη
2891 3700 2948 3753 δὲ
2993 3701 3195 3765 οὕτως·
3237 3702 3549 3774 ’Πρώτησα,
3581 3707 3753 3775 φησι,

2154 3789 2416 3851 πολλάκις
2455 3790 2680 3855 αὐτούς·
2718 3790 2829 3861 Τὴν
2860 3792 3102 3859 Θεότητα
3152 3793 3338 3862 λέγετε
3391 3797 3753 3867 γεγεννῆσθαι

2154 3883 2218 3933 ἐκ
2239 3881 2337 3951 τῆς
2365 3883 2644 3953 μακαρίας
2670 3883 2951 3953 Παρθένου
2978 3901 2993 3949 ;
3029 3886 3411 3955 Ἀποπηδῶσιν
3431 3887 3592 3952 εὐθὺς
3615 3891 3754 3960 πρὸς

2154 3970 2215 4022 τδ
2243 3971 2418 4041 pimus
2444 3973 2554 4026 Καὶ
2581 3975 2685 4039 τίς,
2719 3975 2874 4044 φησὶ,
2900 3975 3172 4048 τοσαύτην
3200 3976 3554 4048 βλασφημίαν
3581 3981 3754 4045 νοσεῖ,

2154 4062 2229 4126 ὡς
2258 4063 2476 4135 ἐκείνην
2503 4066 2603 4135 τὴν
2632 4068 2975 4137 γεννήσασαν
3004 4069 3095 4122 τὸν
3121 4069 3248 4123 ναὸν
3274 4070 3455 4139 λέγειν
3478 4071 3630 4141 παρὰ
3657 4072 3757 4126 τοῦ

2157 4152 2476 4222 Πνεῦματος
2509 4155 2599 4208 τὸν
2629 4156 2763 4210 Θεὸν
2794 4160 2850 4211 ἰν
2886 4159 3072 4232 ἐκείνῃ
3098 4161 3347 4215 ἐκτίσθαι
3374 4174 3432 4227 ⁶;
3468 4158 3599 4218 Εἶτα
3623 4164 3759 4219 ὅταν

2158 4245 2531 4315 ὲπαγάγωμεν
2560 4245 2602 4284 ί·
2632 4248 2695 4300 Τί
2727 4244 2820 4302 οῦν
2849 4251 3052 4304 ἄτοπον
3096 4254 3261 4322 ἡμεῖς
3300 4252 3556 4325 λέγομεν,
3612 4252 3758 4327 συμ-

2160 4332 2510 4399 6ουλεύοντες
2550 4341 2743 4405 φυγεῖν
2780 4340 2880 4411 τὴν
2896 4330 3116 4412 φωνὴν,
3147 4343 3245 4395 καὶ
3273 4343 3529 4416 ἔρχεσθαι
3560 4347 3654 4400 ἐπὶ
3692 4347 3759 4401 τὸ

452 4415 706 4470 deitatem
744 4432 811 4471 ex
849 4418 1005 4473 beata
1052 4419 1220 4477 Maria
1246 4432 1426 4477 natam
1467 4439 1591 4480 esse
1621 4442 1634 4478 :
1669 4425 1776 4490 vel,
1816 4427 1860 4480 si
1908 4426 2049 4496 iugis

2159 4425 2347 4503 κοινὸν.
2388 4429 2789 4499 σημαινόμενον
2832 4434 2943 4485 τῶν
2975 4433 3070 4487 δύο
3112 4435 3370 4504 φύσεων;
3411 4438 3546 4492 Τότε
3592 4440 3755 4511 vopi-

452 4507 592 4562 hanc
633 4507 1003 4577 blaSphemam
1038 4529 1247 4579 vocem,
1295 4529 1394 4569 cur
1428 4517 1520 4585 qui
1567 4516 1758 4571 eadem
1802 4516 1968 4583 dicis,
1999 4530 2049 4572 te

454 4613 561 4651 non
593 4599 776 4654 dicere
804 4600 1073 4657 simulas?
1105 4603 1275 4673 Igitur
1315 4604 1405 4658 illo
1437 4617 1681 4675 urgente,
1734 4608 1842 4661 imo
1877 4608 2054 4662 incul-

451 4699 610 4744 rantc
641 4690 824 4760 impie,
860 4705 914 4746 ut
939 4695 972 4749 ii
1006 4708 1251 4750 sanctam
1280 4695 1559 4766 Virginem
1596 4698 1690 4752 Dei
1720 4699 2041 4767 genitricem

452 4783 663 4851 dicunt,
696 4785 853 4842 fateri
885 4788 1136 4853 debeant,
1163 4790 1350 4845 carnis
1376 4790 1547 4845 fuisse
1578 4790 1810 4846 fructum
1848 4794 2045 4849 nudam

452 4883 505 4927 et
529 4889 775 4929 seorsum
814 4879 1047 4947 positam
1083 4868 1303 4932 deiiatis
1347 4889 1618 4944 naturam,
1656 4888 1710 4934 et
1745 4882 2046 4936 subsisten-

453 4967 539 5019 tia:
575 4967 789 5023 initimn
819 4986 886 5024 ex
922 4971 1149 5025 ntuliere
1183 4972 1439 5026 habuisse
1482 4971 1575 5026 Dei
1609 4972 1882 5039 Verbum;
1921 4990 2042 5043 pro-

452 5059 581 5111 bare
604 5059 870 5122 volentes,
908 5077 1006 5114 nos
1055 5063 1123 5113 ab
1160 5061 1262 5113 hac
1290 5062 1545 5130 Opinione
1576 5079 1799 5133 prorsus
1833 5066 2041 5122 alienos

448 5164 572 5204 esse
614 5166 753 5222 tuon
803 5152 945 5205 enim
985 5152 1057 5205 ita
1113 5152 1429 5215 deliramus,
1477 5165 1534 5207 ιιι
1578 5156 1804 5211 velimus
1850 5173 2041 5227 sapere

450 5236 613 5302 aliud,
643 5252 803 5307 quam
835 5240 979 5307 quod
1017 5250 1231 5309 Oportet
1272 5247 1523 5312 sapere),
1552 5244 1832 5318 Virginem
1872 5264 2038 5317 pepe-

519 5412 566 5446 “
595 5411 632 5464 ll
662 5412 785 5467 Cor.
819 5413 984 5498 vﬂl.
1062 5415 1101 5447 δ’
1135 5416 1310 5471 Galat.
1351 5434 1429 5487 ιιι,
1462 5420 1543 5476 15.
1624 5422 1667 5452 ⁸⁸
1698 5422 1854 5477 Joan.
1884 5438 1920 5487 t,
1952 5424 2041 5477 Η.

2156 4513 2308 4577 ζεται
2341 4516 2553 4582 ἑαυτοῖς
2585 4516 2722 4573 εἶναι
2761 4521 3085 4595 βλάσφημον
3109 4527 3173 4580 τὸ
3199 4527 3606 4598 λεγόμενον-Ἦ
3627 4533 3760 4601 ομο-

2155 4605 2387 4678 λόγησον
2441 4612 2629 4679 σαφῶς
2660 4612 2892 4685 θεύτητα
2930 4619 3292 4689 γεγεννῆσθαι
3323 4624 3390 4675 ἐκ
3434 4623 3535 4692 τῆς
3567 4641 3755 4693 μακα-

2156 4698 2278 4768 ρέας
2320 4699 2560 4771 Μαρίας,
2605 4702 2636 4773 ἢ
2673 4704 2889 4773 φεύγων
2925 4706 3251 4779 βλάσφημον
3297 4711 3397 4783 τὴν
3447 4713 3653 4784 φωνὴν,
3699 4717 3755 4769 τί

2152 4790 2325 4844 ταῦτά
2362 4808 2455 4861 μοι
2494 4792 2689 4861 λέγων,
2721 4797 2992 4871 ὑποκρίνῃ
3030 4801 3104 4872 μὴ
3130 4801 3348 4870 λέγειν;
3383 4805 3755 4874 Περιστάντος

2153 4881 2328 4935 τοίνυν
2360 4884 2594 4951 ἐκείνου,
2633 4888 2834 4957 μᾶλλον
2859 4889 2916 4942 δὲ
2951 4891 3339 4958 ἀναπείθοντος
3367 4895 3600 4959 ἀνοσίως
3624 4900 3755 4961 τοὺς

2151 4973 2417 5027 Θεοτὸκον
2452 4976 2710 5043 λέγοντας
2735 4980 2833 5053 τὴν
2867 4983 3144 5054 Παρθένον
3183 4986 3265 5047 είς
3306 4988 3365 5040 τὸ
3403 4987 3512 5041 δεῖν
3555 4988 3751 5055 ὁμολο-

2149 5069 2266 5132 γεῖν
2302 5068 2505 5138 σαρκὸς
2556 5072 2812 5137 γενέσθαι
2846 5075 3059 5145 καρπὸν
3099 5078 3315 5149 γυμνήν
3348 5096 3407 5132 τε
3447 5080 3544 5133 καὶ
3579 5098 3741 5133 καταο

2153 5158 2321 5227 μόνας
2366 5159 2462 5229 τὴν
2497 5160 2750 5232 Θεὸτητος
2796 5165 2978 5233 φύσιν,
3026 5169 3118 5221 καὶ
3163 5170 3262 5240 τῆς
3306 5170 3598 5243 ὑπάρξεως
3649 5171 3752 5243 τὴν

2149 5250 2325 5320 ἀρχὴν
2364 5253 2428 5305 ὲκ
2466 5256 2724 5320 γυναικὸς
2768 5259 3062 5329 ἐσχηκέναι
3108 5260 3201 5315 τὸν
3241 5262 3333 5317 τοῦ
3376 5261 3513 5317 Θεοῦ
3549 5262 3746 5335 Λόγον,

1511 5572 1683 5632 Varia:
1711 5575 1976 5635 lectiones
2000 5595 2062 5635 ex
2090 5583 2276 5637 codice
2304 5583 2675 5653 Srgniertauo.

533 5718 563 5763 δ
592 5720 978 5794 συμϐάλωμεν.
1060 5737 1080 5764 ε
1116 5731 1339 5796 νοεῖται,
1413 5730 1439 5770 ἀ
1476 5733 1595 5786 κατ’
1634 5710 1799 5788 αὐτοῦ
1837 5733 2145 5799 κιϐδηλεύει
2182 5737 2298 5807 μέν.
2378 5748 2401 5775 ε
2428 5737 2727 5792 κεκτίσθαι.
2811 5735 2831 5780 ί
2864 5739 3151 5811 ἐπαγάγω.
