4080 6488
383 497 487 554 521

1015 497 1551 557 APOLOGETICUS
1592 500 1729 556 Ριιο
1769 478 1864 555 x‘u
1904 497 2274 557 CAPlTlBUS
2313 504 2591 560 comm
2636 507 3096 567 OltlENTALES.

3586 519 3692 572 5'29.

383 613 769 685 πληροφορεῖν
805 612 1108 679 ἐθέλοντες,
1147 616 1229 668 ὅτι
1257 618 1358 679 τῆς
1402 618 1616 671 τοιᾶσδε
1642 616 1799 688 δόξης
1834 617 1972 671 ἀλλά

2096 618 2232 673 risse
2302 621 2536 677 dicimus
2588 624 2682 678 Dei
2737 624 2971 682 Verbum
3024 629 3325 683 secundum
3380 629 3696 703 Scripturas

382 721 524 774 τριοι
569 703 866 769 παντελῶς
900 706 1357 779 καθεστήκαμεν’
1394 710 1455 761 οὑ
1496 710 1604 780 γὰρ
1655 709 1800 764 οὕτω
1832 709 1989 781 λελη-

383 797 665 867 ρήκαμεν,
713 796 794 859 ὡς
839 796 1062 850 ἑλέσθαι
1115 801 1334 869 φρονεῖν
1371 802 1502 870 παρ’
1529 800 1558 852 ὃ
1602 800 1683 853 δεῖ
1729 804 1947 872 φρονεῖν
1973 817 1985 831 ⁸

373 889 675 941 ἀποτεκεῖν
696 886 913 958 ἔφημεν
933 888 1033 960 τὴν
1057 889 1332 961 Παρθένον
1354 891 1534 963 σάρκα
1556 893 1821 961 γεγονότα
1847 895 1989 948 κατά

375 978 480 1042 si;
510 979 551 1030 Γ
557 979 743 1049 ραφὰς
769 980 863 1033 τὸν
910 980 1004 1033 τοῦ
1050 980 1188 1034 Θεοῦ
1228 982 1421 1051 Λόγον,
1452 986 1735 1038 τουτέστιν
1781 985 1989 1057 ἄνθρω-

373 1087 514 1123 πονο
546 1072 848 1124 ἀποτεκεῖν
893 1071 951 1126 δὲ
985 1073 1149 1145 αὐτὸν
1198 1077 1514 1148 σαρκικῶς,
1565 1077 1811 1130 τουτέστι
1848 1079 1989 1132 κατὰ

375 1164 566 1233 σάρκα
588 1180 602 1192 ⁸
630 1166 661 1216 6
692 1165 795 1234 μὲν
829 1164 938 1236 γὰρ
970 1165 1104 1231 Θεὸς
1162 1170 1257 1222 και⁵
1289 1169 1480 1241 Πατὴρ
1509 1170 1704 1235 θεῖκῶς
1735 1171 1988 1242 γεγέννη-

376 1274 475 1310 κεν
504 1256 569 1321 ἐξ
598 1256 771 1310 αὑτοῦ
809 1257 944 1311 Θεὸν
987 1258 1118 1313 ὄντα
1159 1261 1253 1315 τὸν
1296 1262 1420 1317 Υἱόν
1441 1278 1454 1292 ’
1486 1264 1676 1335 ἐπειδὴ
1709 1262 1765 1316 δὲ
1794 1264 1855 1317 τὸ
1891 1281 1985 1333 γε-

376 1349 721 1421 γεννημένον
748 1352 814 1403 ἐκ
847 1351 947 1420 τῆς
977 1352 1204 1423 σαρκὸς,
1247 1354 1384 1425 σάρξ
1412 1355 1554 1421 ἐστι,
1586 1356 1917 1427 γεγέννηκεν
1952 1358 1985 1428 ή

372 1441 686 1514 Παρθένος,
708 1442 784 1505 ὡς
819 1442 957 1514 σὰρξ
989 1444 1329 1516 ὑπάρχουσα,
1358 1448 1637 1518 σαρκικῶς
1656 1467 1668 1477 ·
1691 1436 1751 1502 τὸ
1770 1450 1827 1503 δὲ
1853 1466 1986 1522 σαρ-

369 1534 552 1597 κικῶς
582 1534 901 1599 είπείν,οὐκ
934 1536 1289 1607 ἀναιροῦντός
1313 1540 1430 1592 ἐστι
1460 1541 1562 1612 τῆς
1586 1542 1897 1612 γεννήσεως
1922 1543 1985 1595 τὸ

369 1622 712 1694 παράδοξον,
742 1623 864 1677 οὔτε
893 1624 1002 1694 μὴν
1040 1626 1441 1698 ἀνατρέποντος
1483 1629 1575 1683 τοῦ
1611 1631 1772 1699 ἁγίου
1811 1631 1984 1697 Ilvati-

375 1733 547 1786 ματος
586 1717 689 1786 τὴν
734 1716 1056 1789 ἐνέργειαν,
1107 1719 1175 1772 δι’
1205 1714 1274 1793 ἧς
1321 1722 1379 1774 ἐν
1416 1722 1599 1793 μήτρᾳ
1631 1722 1887 1777 διέπλασε
1922 1725 1985 1778 τὸ

372 1807 600 1877 τεχθέν·
635 1808 987 1873 διδάσκοντος
1016 1810 1075 1862 δὲ
1116 1811 1341 1880 μᾶλλον,
1383 1812 1466 1866 ὄτι
1512 1813 1702 1885 ὥσπερ
1734 1814 1869 1879 Θεὸς
1899 1816 1983 1868 τί-

373 1918 494 1953 κτει
524 1901 755 1965 θεῖκῶς,
790 1902 911 1973 ἦτοι
943 1902 1270 1974 θεοπρεπῶς
1310 1906 1452 1960 κατὰ
1485 1905 1584 1977 τὴν
1616 1906 1754 1962 ίδίαν
1794 1907 1975 1978 φύσιν,

2081 713 2319 764 'carnem
2354 712 2579 777 factum,
2612 715 2713 769 lioc
2736 725 2839 782 est,
2871 718 3141 771 lioniinem
3165 735 3178 783 ;
3205 721 3480 787 peperisse
3506 729 3688 776 autem

2093 799 2243 854 illum
2286 805 2605 869 carnaliter,
2639 807 2743 862 boe
2778 818 2885 875 est,
2936 809 3232 864 secundum
3260 826 3502 867 carnem.
3549 812 3685 867 Nam
3712 808 3727 831 ‘

2094 891 2236 948 Deus
2275 904 2333 950 et
2377 894 2541 952 Pater
2584 901 2883 954 secundum
2919 900 3262 958 divinitatem
3296 905 3482 973 genuit
3528 919 3594 959 ex
3633 922 3694 960 se

2095 983 2265 1038 Deum
2317 988 2675 1044 exsistentem
2724 990 2944 1046 Filium.
2999 992 3269 1058 Quoniam
3317 1004 3499 1049 autem
3547 997 3691 1065 quod

2091 1087 2278 1132 natum
2325 1089 2410 1134 est.
2445 1095 2514 1135 ex
2556 1097 2742 1148 carne,
2789 1099 2919 1138 caro
2948 1095 3032 1140 est
3059 1085 3140 1152 ‘9;
3191 1087 3379 1157 genuit
3410 1087 3600 1157 Virgo,
3634 1098 3691 1143 nt

2090 1184 2220 1222 eam
2253 1171 2548 1235 exsistens.
2586 1175 2899 1230 carnaliter.
2927 1174 3240 1233 Carnaliter
3274 1189 3458 1237 autem
3482 1180 3686 1239 dicere.

2092 1276 2199 1315 non
2245 1274 2328 1316 est
2382 1263 2624 1320 tollentis
2671 1267 3049 1322 admirabilem
3100 1269 3462 1335 nativitatem,
3516 1287 3692 1341 neque

2089 1356 2387 1409 evertentis
2454 1355 2691 1424 Spiritus
2752 1359 2927 1412 sancti
2995 1352 3405 1429 Operationetn,
3465 1378 3570 1431 qua
3633 1365 3685 1416 in

2088 1455 2244 1499 utero
2285 1446 2541 1503 formavit
2579 1460 2798 1520 partum
2842 1468 2858 1506 :
2900 1452 2995 1507 sed
3039 1453 3285 1509 ducentis
3325 1455 3507 1524 potius
3542 1456 3688 1525 quod

2086 1537 2230 1593 sicut
2259 1539 2400 1595 Deus
2425 1541 2596 1612 gignit
2626 1538 2832 1605 divine,
2866 1544 2967 1599 boc
2997 1554 3102 1609 est,
3139 1546 3297 1614 digne
3336 1547 3446 1601 Deo
3484 1561 3687 1601 secun-

2086 1626 2213 1680 dum
2255 1642 2409 1681 suam
2451 1640 2742 1696 naturam;
2792 1632 2946 1702 161
2992 1632 3064 1685 ita
3106 1643 3160 1687 et
3215 1636 3376 1700 homo
3426 1636 3683 1703 humane,

2090 1718 2191 1772 [me
2253 1731 2368 1783 εει,
2415 1735 2545 1776 caro
2591 1724 2905 1778 carnaliter.
2976 1723 3118 1779 Deus
3174 1736 3351 1781 autem
3414 1728 3685 1782 exsistctis

2084 1812 2379 1865 secundum
2416 1821 2662 1868 naturam
2696 1814 2965 1883 Verbum,
3003 1818 3251 1884 quamvis
3281 1834 3411 1874 caro
3457 1818 3683 1885 factum,

2085 1901 2267 1958 divine
2294 1906 2593 1973 processit,
2630 1906 2733 1962 boc
2762 1917 2880 1972 est,
2908 1918 2967 1962 ut
3000 1909 3155 1963 decet
3175 1924 3296 1963 eum
3322 1948 3338 1974 ,
3369 1910 3459 1978 qui
3484 1925 3681 1966 secun-

373 1993 518 2046 οὕτω
556 1996 653 2047 καὶ
698 1995 991 2066 ἄνθρωπος
1022 1995 1402 2066 ἀνθρωπίνως,
1438 1998 1555 2068 ἤτοι
1596 1998 1736 2069 σὰρξ
1785 2017 1972 2071 σαρκι-

2083 1993 2208 2048 dum
2246 1986 2531 2052 veritatem
2554 2008 2637 2053 est
2658 1998 2818 2053 Deus.
2857 1998 3014 2054 Solus
3044 2005 3188 2055 enim
3223 2001 3417 2056 babuit
3446 2012 3678 2057 matrem

376 2085 514 2148 κῶς.
562 2085 696 2148 Θεὸς
725 2085 781 2138 δὲ
816 2084 894 2138 ὣν
926 2084 1073 2139 κατὰ
1121 2086 1284 2156 φύσιν
1332 2089 1361 2140 6
1411 2087 1606 2155 Λόγος,
1635 2090 1753 2160 ἦτοι
1787 2092 1812 2129 ε
1837 2089 1975 2160 σὰρξ

382 2178 643 2247 γεγονὼς,
667 2179 910 2250 προῆλθε
941 2178 1286 2251 θεοπρεπῶς,
1308 2182 1607 2247 τουτέστιν,
1641 2184 1717 2248 ὡς
1744 2185 1810 2239 ἂν
1843 2186 1974 2257 πρέ-

394 2287 489 2323 ποι
514 2270 595 2340 τῷ
620 2286 679 2337 γε
707 2272 824 2323 ὄντι
855 2272 1000 2325 κατά
1034 2272 1134 2343 τὴν
1177 2272 1438 2344 ἀλήθειαν
1467 2274 1608 2345 Θεῷ.
1650 2277 1828 2341 Μόνος
1864 2278 1973 2350 γὰρ

396 2363 520 2432 ἔσχε
554 2362 753 2434 μητέρα
807 2363 907 2434 τὴν
939 2364 1353 2437 ἀπειρόγαμον,
1387 2368 1479 2421 καὶ⁸
1510 2370 1781 2441 τετήρηκε
1831 2388 1974 2442 παρ-

392 2454 543 2508 θένον
573 2455 665 2525 τὴν
695 2453 970 2508 τεκοῦσαν
998 2457 1163 2510 αὐτὸν
1191 2458 1330 2511 κατὰ
1357 2458 1558 2529 σάρκα.
1586 2460 1864 2531 Θαυμὰζω
1893 2463 1970 2529 δὲ,

378 2546 461 2598 ὅτι
501 2545 773 2599 Θεοτόκον
804 2546 1094 2611 ὀκνοῦντες
1118 2551 1295 2602 εἰπεῖν
1322 2550 1420 2622 τὴν
1460 2553 1623 2620 ἁγίαν
1669 2555 1969 2625 Παρθένον,

370 2637 701 2708 θεοπρεπῶς
730 2638 895 2693 αὐτὸν
932 2640 1298 2710 γεγεννῆσθαί
1333 2659 1500 2710 φασιν
1526 2644 1576 2697 h.
1612 2644 1684 2698 Οὐ
1730 2645 1839 2717 γὰρ
1881 2646 1972 2700 άν-

366 2730 594 2802 θρωπος
641 2732 825 2795 κοινὸς
863 2719 1107 2788 τίκτεται
1141 2734 1482 2806 θεοπρεπῶς.
1524 2717 1682 2808 Δῶρα
1713 2738 1768 2791 δὲ
1807 2757 1973 2811 προσ-

364 2824 705 2894 κεκομίσθαι
739 2827 875 2894 φασὶ
904 2826 1055 2897 παρὰ
1091 2828 1199 2881 τῶν
1234 2830 1427 2897 μάγων
1454 2829 1525 2883 τὰ
1553 2832 1840 2903 πρόσφορα
1877 2832 1972 2886 καὶ

363 2912 442 2981 τῷ
468 2914 775 2983 νοουμένῳ,
804 2916 898 2967 καὶ
934 2915 1011 2984 τῷ
1043 2918 1376 2988 φαινομένῳ,
1404 2919 1743 2991 διαιροῦντες
1771 2922 1851 2984 είς
1879 2921 1973 2975 δύο

359 2997 427 3067 δὴ
452 2999 628 3053 πάλιν
659 3001 799 3071 μετὰ
822 3002 920 3070 τὴν
946 3002 1143 3072 ἕνωσιν
1173 3004 1263 3059 τὸν
1302 3006 1508 3078 Κύριον
1537 3010 1553 3048 ί
1596 3010 1803 3079 Ἰησοῦν
1833 3011 1970 3081 Χρι-

363 3091 528 3143 στόν·
563 3091 595 3142 ὁ
630 3091 742 3162 γὰρ
773 3092 1069 3163 νοούμενος
1107 3095 1335 3164 γέγονεν
1366 3086 1562 3169 ἀθατδῖ
1606 3102 1667 3154 οὐ
1699 3103 1968 3174 μεταϐολῇ

362 3183 611 3251 φύσεως,
643 3184 763 3237 ἀλλ’
790 3184 980 3238 ἑνώσει
1006 3188 1070 3257 τῇ
1105 3187 1242 3257 πρὸς
1271 3189 1333 3242 τὸ
1358 3189 1632 3260 ὁρώμενον
1656 3193 1835 3263 σῶμα.
1859 3196 1970 3249 Καὶ

2076 2088 2295 2157 nuptias
2340 2104 2450 2143 non
2481 2101 2803 2159 expertam;
2844 2101 2899 2144 et
2946 2092 3184 2146 servavit
3219 2094 3485 2162 virginem
3532 2110 3672 2160 eam,

2080 2192 2202 2247 qua:
2255 2177 2429 2247 ipsum
2481 2180 2692 2249 peperit
2750 2182 3046 2235 secundum
3103 2197 3346 2236 carnem.
3414 2183 3679 2240 Admiror

2073 2277 2275 2332 autem,
2304 2269 2445 2338 quod
2471 2285 2576 2324 non
2605 2271 2867 2325 audentes
2897 2270 3079 2326 dicere
3109 2281 3362 2326 sanctam
3394 2271 3674 2344 Virginem

2074 2358 2166 2413 Dei
2202 2358 2553 2426 Genitriccm,
2582 2377 2704 2416 cum
2728 2361 2840 2415 Deo
2868 2361 3030 2432 digne
3060 2362 3236 2430 ipsum
3274 2377 3395 2416 esse
3425 2363 3665 2431 genitum

2072 2447 2330 2503 fatentur.
2384 2447 2501 2504 Non
2538 2450 2681 2505 enim
2722 2451 2885 2505 homo
2930 2450 3238 2505 communis
3283 2449 3520 2521 gignitur
3567 2452 3676 2505 Deo

2073 2541 2254 2609 digne.
2278 2539 2426 2595 Dona
2457 2556 2584 2596 vero
2613 2541 2775 2596 allata
2809 2556 2929 2598 esse
2958 2542 3148 2597 dicunt
3178 2557 3243 2596 ac
3273 2543 3445 2612 magis
3481 2557 3675 2597 conve-

2073 2633 2277 2687 nientia
2304 2643 2355 2688 et
2382 2634 2432 2688 ei
2471 2634 2560 2700 qui
2590 2634 3027 2703 intelligebatur,
3054 2642 3109 2687 et
3145 2634 3195 2688 ei
3221 2634 3313 2704 qui
3368 2633 3673 2701 videbatur,

2071 2724 2376 2781 dividentes
2417 2727 2469 2780 in
2496 2729 2628 2781 duos
2670 2727 2861 2782 iterum
2894 2738 3019 2800 post
3044 2729 3351 2784 unitionein
3392 2730 3675 2784 Dominum

2073 2827 2318 2873 nostrum
2354 2817 2536 2874 Jesum
2558 2819 2861 2875 Christum.
2910 2817 3011 2887 Qui
3043 2823 3185 2876 enim
3215 2821 3563 2892 intelligitur,
3592 2820 3674 2874 fa-

2072 2916 2193 2964 rtus
2225 2919 2311 2964 est
2353 2911 2583 2966 visibilis
2622 2928 2727 2966 non
2760 2913 3134 2968 immutatione
3164 2922 3389 2977 natura).
3427 2914 3523 2968 sed
3553 2915 3673 2967 uui-
3768 2916 3775 2922 ’

2072 2998 2217 3051 tione
2231 3013 2352 3053 cum
2373 3014 2615 3066 corpore,
2643 3001 2784 3070 quod
2812 3002 3112 3057 videbatur.
3138 3002 3203 3056 Et
3236 3014 3384 3058 certe
3407 3010 3676 3071 spectatu-

2072 3089 2520 3145 resetininistros
2545 3090 2714 3146 fuisse
2743 3091 2900 3146 Verbi
2942 3104 3161 3148 sanctos
3193 3094 3339 3160 ipsos
3370 3094 3668 3162 apostolos,

2071 3194 2225 3235 sacra
2247 3181 2523 3249 Scriptura
2550 3184 2852 3238 ostendit”
2883 3199 2896 3235 :
2933 3187 3180 3254 quamvis
3199 3185 3286 3239 cui
3314 3200 3418 3240 non
3444 3185 3672 3239 manife-

359 3275 500 3342 γοῦν
546 3276 855 3340 αὐτόπτας,
900 3278 997 3330 καὶ
1048 3278 1327 3350 ὑπηρέτας
1370 3283 1623 3351 γενέσθαι
1659 3283 1754 3337 τοῦ
1791 3286 1967 3354 Λόγου

2076 3282 2213 3326 stum
2239 3282 2340 3336 est,
2362 3275 2504 3342 quod
2531 3275 2926 3343 incorporeum,
2956 3289 3019 3329 ac
3041 3274 3376 3346 intangibile,
3402 3285 3456 3331 et
3476 3275 3670 3332 invisi-

358 3368 491 3430 τοὺς
529 3368 730 3437 ἁγίους
764 3370 1125 3436 ἀποστόλους,
1146 3344 1212 3424 τὸ
1244 3344 1489 3443 Γραμμα
1526 3376 1661 3446 φησὶ
1692 3377 1753 3429 τὸ
1788 3344 1930 3447 ἱερόν
1956 3396 1967 3406 ·

2077 3363 2180 3418 bile
2204 3365 2274 3419 sit
2295 3365 2469 3435 ipsum
2496 3365 2586 3420 Dei
2612 3365 2791 3421 Patris
2824 3366 3102 3421 Verbum?
3133 3344 3294 3439 Atqui
3331 3368 3550 3423 invenio
3583 3370 3665 3421 di-

357 3459 545 3514 καίτοι
576 3460 698 3524 πῶς
729 3461 801 3516 οὐ.
821 3463 1002 3533 πάντη
1031 3463 1093 3516 τὸ
1120 3466 1289 3533 σαφὲς
1314 3476 1360 3530 1,
1412 3466 1485 3529 ὡς
1511 3466 1657 3520 ἔστιν
1681 3469 1970 3540 ἁσὼματός

357 3567 420 3603 τε
452 3550 552 3604 καὶ
588 3552 832 3623 ἀναφὴς,
872 3555 968 3606 καὶ
1014 3551 1251 3626 ἀόρατος
1288 3557 1317 3610 6
1347 3557 1411 3609 ὲκ
1442 3557 1576 3611 Θεοῦ
1614 3560 1829 3632 Πατρὸς
1868 3562 1972 3614 Λό-

359 3659 495 3712 γος;
539 3644 690 3697 Ἀλλ’
727 3645 970 3717 εὑρίσκω
1023 3647 1285 3716 λέγοντας
1330 3649 1458 3713 τοὺς
1500 3650 1689 3716 ἁγίους
1733 3651 1970 3705 ἀποστόο

360 3735 519 3799 λους’
566 3754 587 3786 ε
623 3736 690 3788 ’Ὀ
724 3732 791 3807 ἦν
840 3737 937 3790 ἀπ’
968 3738 1168 3810 ἀρχῆς,
1200 3738 1230 3791 ὃ
1270 3739 1613 3809 ἀκηκόαμεν,
1643 3740 1673 3793 ὃ
1717 3742 1970 3810 ἑωράκα-

359 3844 485 3896 μεν,
520 3826 550 3879 ὅ
601 3825 962 3898 ἐθεασάμεθα
998 3831 1113 3893 τοῖς
1163 3829 1464 3899 ὀφθαλμοῖς
1515 3831 1673 3901 ἡμῶν
1704 3873 1718 3899 ,
1764 3833 1859 3885 καὶ
1912 3835 1970 3887 αἱ

356 3920 541 3989 χεῖρες
570 3917 739 3989 ἡμῶν
768 3918 1135 3991 ἐψηλάφησαν
1159 3921 1288 3991 περὶ
1321 3920 1416 3973 τοῦ
1438 3921 1613 3990 Λόγου
1639 3922 1738 3992 τῆς
1767 3924 1963 3994 ζωῆς.»

364 4010 664 4080 Πρόσςρορα
688 4009 876 4063 τοίνυν
910 4010 978 4064 τά
1017 4010 1167 4084 δῶρα
1196 4013 1274 4082 τῷ
1306 4013 1405 4079 ἑνὶ,
1438 4013 1687 4066 τουτέστι
1725 4013 1803 4083 τῷ
1834 4015 1968 4085 Χρι-

378 4100 508 4169 στῷ·
532 4103 633 4154 καὶ
670 4101 783 4174 γάρ
819 4104 968 4157 ἐστιν
1003 4104 1062 4157 ὲν
1108 4103 1294 4174 ταυτῷ
1320 4104 1455 4168 Θεός
1488 4122 1546 4158 τε
1578 4104 1715 4175 ὁμοῦ
1748 4106 1843 4160 καὶ
1876 4105 1968 4160 ἄν·

379 4190 582 4262 θρωπος
617 4196 648 4247 6
699 4195 887 4259 αὐτός.
938 4195 1209 4269 Ταύτῃτοι
1261 4196 1547 4267 τεχθέντος
1594 4197 1761 4251 αὑτοῦ
1806 4216 1967 4271 χορο-

369 4286 580 4340 στασίαι
620 4286 726 4357 μὲν
765 4282 909 4358 ἦσαν
954 4289 1070 4342 τῶν
1111 4289 1282 4357 ἁγίων
1320 4290 1590 4359 ἀγγέλων,
1628 4293 1878 4362 στρατιαὶ
1909 4292 1967 4346 δὲ

362 4378 719 4446 πνευμάτων,
759 4379 991 4451 Σωτῆρα
1033 4381 1127 4433 καὶ
1154 4382 1450 4453 Λυτρωτὴν
1478 4381 1746 4451 λεγόντων
1778 4384 1962 4439 αὐτόν.

372 4466 593 4539 Ἐπειδὴ
628 4469 686 4522 δὲ
741 4468 837 4521 τοῦ
880 4471 1273 4539 εὐαγγελιστοῦ
1323 4471 1600 4541 λέγοντος·
1642 4492 1660 4524 ι
1700 4473 1758 4526 '0
1791 4474 1966 4544 Λόγος

356 4560 505 4629 σὰρξ
548 4561 795 4628 ἐγένετο,
830 4580 849 4612 ι
884 4561 1120 4616 δεδιέναι
1176 4563 1332 4631 φασὶ,
1386 4563 1462 4633 μὴ
1517 4563 1623 4637 ἄρα
1674 4582 1815 4629 πως,
1870 4566 1964 4619 τοῦ

2075 3467 2260 3514 centes
2289 3469 2512 3515 sanctos
2539 3460 2810 3529 apostolos
2838 3478 2851 3514 :
2884 3478 2901 3512 ι
2928 3460 3080 3527 Quod
3106 3460 3207 3514 fuit
3227 3462 3294 3516 ab
3317 3461 3470 3516 initio
3488 3502 3503 3529 ,
3526 3462 3668 3529 quod

2062 3549 2402 3614 audivimus,
2436 3552 2583 3622 quod
2609 3552 2846 3606 vidimus
2869 3591 2884 3616 ,
2916 3552 3060 3621 quod
3098 3554 3472 3623 perspeximus
3493 3552 3668 3608 oculis

2075 3644 2295 3707 nostris,
2317 3645 2456 3712 quod
2475 3659 2663 3699 manus
2686 3654 2883 3698 nostra:
2908 3652 3380 3699 contrectaveruut
3406 3643 3473 3699 de
3488 3642 3668 3701 Verbo

2074 3733 2198 3787 vita:
2231 3734 2299 3787 δί.
2364 3752 2383 3785 ›
2431 3732 2820 3788 Convenientia
2892 3735 3056 3804 igitur
3118 3733 3342 3789 fuerunt
3383 3734 3518 3789 dona
3577 3735 3664 3788 illa

2073 3827 2163 3880 uni
2186 3869 2200 3889 ,
2234 3828 2333 3880 hoc
2358 3836 2443 3881 est
2462 3828 2698 3882 Clit-isto.
2752 3827 2963 3881 Etenim
2990 3836 3071 3881 est
3097 3828 3302 3895 pariter
3329 3825 3470 3881 Deus
3496 3828 3660 3882 simul

2069 3930 2126 3973 et
2151 3920 2312 3973 homo
2346 3919 2509 3973 idem.
2559 3918 2671 3972 llac
2704 3918 2914 3973 ratione
2937 3926 3065 3972 nato
3098 3917 3215 3986 ipso
3246 3918 3398 3971 cliziri
3432 3919 3651 3987 quidem

2071 4010 2386 4065 cecinerunt
2421 4019 2732 4065 sanctorum
2761 4009 3097 4078 angelorum,
3139 4009 3413 4063 exercitus
3442 4023 3661 4078 quoque

2064 4102 2355 4170 Spirituum
2374 4101 2667 4156 dicentium
2691 4102 2869 4170 ipsum
2888 4100 3225 4155 Salvatorem
3251 4116 3316 4154 ac
3336 4101 3659 4171 Redempto-

2069 4211 2207 4251 rem.
2249 4195 2383 4261 Quia
2414 4210 2576 4262 porro
2601 4210 2725 4249 cum
2752 4194 3085 4264 evangelista
3125 4195 3272 4248 dicat
3306 4210 3321 4247 :
3357 4212 3376 4246 ι
3424 4194 3659 4251 Verbum

2069 4301 2197 4341 caro
2223 4285 2424 4341 factum
2448 4297 2555 4353 est;
2594 4304 2613 4337 ι
2650 4284 2945 4339 formidare
2971 4298 3030 4339 se
3053 4284 3257 4349 dicunt,
3284 4300 3371 4350 ne,
3404 4285 3447 4341 si
3475 4287 3659 4349 dictio.

2076 4397 2094 4430 ι
2127 4378 2351 4434 Factum
2373 4388 2480 4442 est,
2517 4396 2536 4429 ι
2560 4380 2835 4448 propriam
2854 4387 3030 4433 servet
3050 4377 3660 4446 signiﬁcationem,ver-

2068 4472 2152 4528 sio
2179 4474 2423 4542 qua'dam
2459 4472 2793 4551 intelligatur
2844 4471 2989 4525 circa
3021 4469 3266 4524 divinam
3294 4467 3458 4524 Verbi
3491 4478 3651 4524 natu-

2069 4581 2186 4619 ram
2219 4564 2386 4619 fuisse
2419 4580 2433 4629 ;
2468 4563 2630 4617 laudo
2691 4564 2905 4631 quidem
2955 4572 3194 4625 metum,
3250 4561 3419 4613 miror
3453 4571 3656 4623 autem.

358 4670 377 4702 r
409 4653 640 4721 ἐγένετο
668 4673 688 4707 >
724 4653 822 4726 τὴν
879 4655 1016 4708 ἰδίαν
1054 4654 1319 4719 σώζοντος
1349 4655 1605 4723 δήλωσιν,
1639 4657 1840 4727 τρόπος
1879 4675 1964 4723 τις

2076 4659 2209 4725 quod
2233 4665 2492 4710 caventes
2530 4654 2862 4715 dictionem,
2895 4665 3187 4719 veramque
3210 4658 3262 4703 et
3287 4650 3655 4703 necessariam

356 4745 533 4796 νοοῖτο
595 4744 731 4815 περὶ
772 4743 872 4817 τὴν
912 4743 1066 4806 θείαν
1097 4744 1189 4798 τοῦ
1241 4744 1420 4812 Λόγου
1472 4743 1726 4812 γενέσθαι
1763 4745 1958 4814 φύσινο

352 4831 568 4909 ἐπαινῶ
611 4833 712 4902 μὲν
738 4834 798 4886 τὸ
834 4834 1000 4905 δεῖμα
1019 4878 1034 4899 ,
1069 4834 1336 4905 θαυμάζω
1357 4835 1438 4900 δὲ,
1463 4835 1544 4888 ὅτι
1586 4836 1961 4907 παραιτούμεο

353 4940 434 4977 vos
482 4924 584 4995 τὴν
629 4924 800 4989 λέξιν,
836 4925 934 4997 τὴν
974 4926 1152 4997 ἁληθῆ
1193 4943 1254 4978 τε
1296 4926 1391 4979 καὶ
1447 4927 1756 4995 ἀναγκαίαν
1785 4927 1961 4998 δήλω.

356 5030 463 5080 σιν,
495 5014 645 5067 οὕτω
674 5016 932 5084 γενέσθαι
959 5020 1094 5088 φασὶ
1138 5019 1317 5091 σάρκα
1351 5018 1441 5073 τὸν
1477 5021 1668 5090 Λόγον,
1701 5022 1777 5086 ὠς
1808 5022 1875 5076 ἂν
1909 5025 1957 5076 εί

352 5106 571 5175 λέγοιτο
607 5108 862 5175 γενέσθαι
910 5112 1154 5183 κατάρα,
1203 5114 1299 5165 καὶ
1347 5112 1612 5183 ἁμαρτία.
1664 5110 1799 5166 Εἶτα
1840 5114 1958 5178 πῶς

350 5198 451 5249 οὐκ
505 5198 619 5250 ἔδει
660 5199 788 5253 νοῦν
831 5200 1058 5271 ἔχοντας
1105 5204 1239 5274 όρᾷν
1267 5204 1316 5270 ιι,
1358 5205 1439 5258 ὄτι
1490 5204 1570 5268 τὸ,
1611 5222 1631 5255 ι
1665 5205 1902 5272 ἐγένετο,
1934 5225 1952 5256 ι

347 5290 623 5355 τεθεικὼς
664 5293 695 5344 6
725 5294 1000 5365 μακάριος
1035 5295 1454 5367 εὐαγγελιστὴς,
1495 5278 1714 5367 ἁπάσης
1749 5298 1958 5368 τροπῆς

351 5383 619 5437 ὑπόνοιαν
670 5386 921 5458 ἀναιρεῖ,
975 5390 1439 5460 προσεπενεγκὼν
1502 5389 1665 5453 εὐθὺς
1716 5389 1813 5442 καὶ
1860 5389 1952 5442 τόο

423 5564 473 5595 θ’
494 5564 659 5621 Joan.
697 5529 779 5632 Iit,
807 5566 861 5621 ϐ.
942 5565 989 5597 ³⁸
1011 5563 1143 5621 Luc.
1180 5583 1214 5633 I,
1252 5566 1308 5620 2.
1385 5568 1430 5599 “
1464 5566 1482 5620 Ι
1516 5565 1675 5623 Joan.
1710 5581 1751 5633 ι,
1781 5567 1832 5623 1.

2069 4747 2519 4818 signiﬁcationem
2544 4784 2559 4809 ,
2591 4745 2671 4798 sic
2720 4743 2922 4796 factum
2963 4741 3130 4794 fuisse
3161 4753 3380 4793 carnem
3417 4736 3655 4793 Verbum

2070 4840 2275 4902 dicunt,
2308 4838 2529 4906 perinde
2569 4850 2632 4889 ac
2666 4833 2710 4889 si
2741 4833 2988 4896 diC-lllll‘,
3016 4830 3219 4885 factum
3256 4828 3429 4884 fuisse
3475 4829 3651 4884 malc-

2069 4931 2272 4985 dictum
2305 4939 2359 4983 et
2390 4937 2695 4998 peccatum.
2752 4924 2957 4978 Deinde
2991 4936 3098 4989 quo
3129 4928 3288 4990 pacto
3322 4935 3427 4974 non
3476 4920 3658 4975 vident

2069 5032 2251 5076 mente
2297 5018 2511 5090 prmditi
2562 5014 3019 5089 [prudentissimi
3051 5014 3150 5066 viri
3192 5012 3408 5083 Lquod
3464 5010 3656 5065 beatus

2067 5112 2394 5184 evangelista
2425 5124 2632 5181 ponens
2654 5108 2972 5171 dictionem,
3008 5124 3026 5158 ι
3057 5103 3282 5159 Factum
3316 5111 3421 5165 est,
3459 5121 3478 5154 ι
3520 5117 3644 5155 mox

2065 5204 2244 5259 omnis
2296 5202 2669 5259 conversionis
2721 5201 3086 5269 suspicionem
3128 5198 3300 5264 tollit,
3353 5195 3649 5266 adjiciens:

2071 5314 2091 5348 ‹
2136 5295 2204 5350 Ει
2255 5293 2521 5348 habitavit
2565 5294 2617 5346 in
2649 5293 2806 5347 nobis
2851 5292 2928 5345 ?i
2966 5292 3277 5346 Absurdum
3333 5297 3511 5341 autem
3546 5286 3652 5374 alia

2067 5403 2285 5459 quoque
2315 5387 2528 5442 ratione
2558 5393 2662 5452 est,
2699 5388 2744 5441 si
2777 5385 2900 5454 quis
2929 5385 3090 5440 audet
3112 5383 3314 5447 dicere,
3345 5380 3424 5435 sic
3448 5376 3657 5435 factum

1422 5720 1599 5779 Varize
1622 5724 1884 5780 lectiones
1907 5735 1974 5777 ex
2001 5717 2190 5776 codice
2212 5717 2587 5790 Seguierjano.

424 5879 456 5921 ε
487 5878 684 5957 καίτοι.
758 5878 784 5919 ιι
818 5880 995 5955 αὐτὴν
1032 5883 1293 5953 γεννῆσαί
1337 5902 1522 5955 φασιν.
1607 5886 1624 5926 ί
1664 5885 1755 5940 τὸν
1799 5884 1897 5940 ἕνα
1944 5882 2172 5957 Κύριον.
2255 5880 2268 5933 5
2309 5878 2485 5945 ἴσως,
2522 5874 2684 5931 παντί
2709 5890 2788 5945 τῳ
2820 5872 3012 5942 σαφέςο
3114 5870 3142 5913 ¹ί
3176 5871 3622 5944 νουνεχεστάτους

352 5950 520 6014 ὂντας
551 5952 703 6023 ὀρᾷν.
