4080 6464
448 471 552 525 3'23

1483 466 1539 518 S.
1581 463 1862 519 CYlllLLl
1894 464 2367 522 ALEXANDRINI
2405 467 2725 527 AllClllEP.

3623 481 3735 535 523

454 605 578 644 esse
608 604 827 643 carnem
868 588 1100 644 Verbum
1129 625 1143 650 ,
1169 595 1228 640 ut
1261 585 1460 641 factum
1487 601 1606 641 esse
1649 587 1846 640 dicitur
1869 585 2036 641 male-

2150 606 2167 638 ι
2209 588 2548 656 Ἐσκήνωσεν
2575 590 2631 640 ἐν
2663 590 2827 659 ήμῖν;
2860 607 2876 639 ι
2915 592 3153 643 Ἄτοπον
3203 591 3262 644 δὲ
3312 592 3406 646 καὶ
3440 593 3643 664 ἑτέρως
3677 595 3740 649 τὸ

449 684 655 735 dictum
688 692 745 735 et
785 692 1090 751 peccatum.
1134 681 1249 734 Non
1289 679 1430 733 enim
1488 678 1780 747 ipsummet
1823 678 2046 731 maledi-

446 786 595 827 ctum
622 774 705 827 vel
725 783 1004 842 peccatum
1033 773 1234 826 factum
1253 781 1355 837 est,
1388 771 1480 826 sed
1512 787 1634 825 cum
1656 770 1857 839 iniquis
1889 785 2046 840 repu-

455 878 599 919 tatus
617 865 978 932 est",justus
1007 865 1276 918 cxsistens
1303 872 1360 916 ut
1384 863 1594 916 aboleat
1625 873 1906 931 peccatum
1939 879 1952 925 ;
1988 868 2042 915 et

449 959 748 1025 appellatus
788 967 871 1011 est
903 955 1255 1018 maledictns,
1291 957 1381 1024 qui
1418 955 1685 1009 benedicit
1713 963 2039 1017 creaturam,

453 1050 610 1118 162
628 1061 679 1101 ul
705 1049 880 1102 solvat
898 1057 1140 1103 nostrum
1161 1046 1528 1106 maledicttnn,
1549 1053 1602 1100 et
1622 1045 1811 1099 liberet
1828 1061 1854 1097 a
1881 1061 2040 1114 paena

450 1142 736 1193 credentes
763 1141 814 1192 in
845 1139 1041 1207 ipsum.
1083 1137 1246 1206 Igitur
1285 1152 1390 1190 non
1416 1145 1501 1190 est
1547 1135 1719 1190 factus
1745 1137 2040 1190 secundum

450 1232 735 1282 veritatem
779 1228 1122 1281 maledictum
1155 1235 1208 1279 et
1255 1211 1533 1292 peceatum
1569 1239 1584 1278 :
1626 1224 1929 1294 appellatus
1959 1231 2043 1277 est

453 1327 630 1371 autem
687 1319 769 1371 his
827 1317 1172 1378 nominibus,
1224 1327 1282 1369 ut
1335 1315 1551 1368 aholeat
1599 1315 1945 1368 maledictum
1987 1323 2038 1367 et

451 1420 754 1478 peccatum.
824 1408 991 1479 Igitur
1033 1409 1077 1463 si
1114 1410 1193 1464 sic
1241 1408 1442 1461 factum
1489 1419 1577 1464 est
1615 1423 1781 1472 caro,
1809 1408 2040 1460 abolevit

450 1503 635 1571 utique
666 1516 886 1556 camem
907 1539 922 1564 ,
977 1501 1120 1554 sicut
1149 1510 1205 1554 et
1236 1498 1582 1553 maledictum
1625 1510 1679 1554 et
1707 1511 1986 1568 peccatum
2019 1516 2035 1564 ;

449 1605 502 1648 et
534 1609 707 1663 neque
744 1592 946 1646 factum
977 1603 1063 1646 est
1112 1593 1273 1645 homo
1298 1635 1312 1657 ,
1367 1605 1544 1660 neque
1589 1591 1929 1644 incarnatum
1956 1601 2038 1645 est

450 1686 744 1739 secundum
788 1683 1071 1737 veritatem
1112 1699 1126 1735 :
1158 1683 1252 1736 sed
1279 1683 1332 1736 in
1361 1682 1767 1737 existimatione
1813 1681 1922 1736 sola
1955 1690 2037 1736 est

451 1783 849 1831 sacramentum
874 1815 889 1838 ,
917 1785 972 1828 et
1007 1773 1057 1826 in
1095 1774 1257 1828 nudis
1288 1773 1602 1851 nominibus
1632 1771 1906 1828 invenitur
1950 1774 2034 1826 in-

2147 679 2323 746 λέγειν
2359 680 2694 750 ἀποτολμᾷ-ι,
2726 681 2869 733 οὕτω
2895 681 3151 749 γενέσθαι
3190 683 3373 754 σάρκα
3401 683 3493 737 τὸν
3536 687 3736 753 Λόγον,

2144 769 2218 832 ὡς
2252 769 2502 836 γενέσθαι
2552 770 2773 838 λέγεται
2808 772 3049 841 κατάρα,
3084 772 3178 824 καὶ
3215 773 3498 843 ἁμαρτία·
3538 775 3599 826 ού
3628 773 3742 844 γὰρ

2145 862 2471 932 αὐτόχρημα
2500 861 2693 930 γέγονε
2726 863 2964 933 κατάρα,
2997 863 3121 916 οὔτε
3157 865 3264 936 μὴν
3300 864 3547 934 ἁμαρτία
3569 881 3580 892 ·
3618 865 3741 917 ἀλλ’

2145 953 2204 1004 ὲν
2233 956 2346 1015 τοῖς
2378 953 2605 1022 ἀνόμοις
2649 953 2902 1025 ἐλογίσθη
2933 955 3138 1018 δίκαιος
3167 955 3264 1020 ῶν,
3293 958 3380 1010 ’ίνα
3410 959 3744 1027 καταργήσῃ

2141 1042 2244 1110 τὴν
2298 1042 2604 1111 ἁμαρτίαν·
2642 1042 2739 1095 καὶ
2792 1045 3200 1113 κεχρημάτικεν
3255 1046 3658 1114 ὲπικατὰρατος
3708 1048 3742 1098 6

2142 1132 2381 1200 εὐλογῶν
2413 1132 2511 1202 τὴν
2545 1133 2747 1197 κτίσιν,
2787 1133 2875 1186 ἵνα
2903 1135 3040 1205 λύσῃ
3071 1137 3170 1206 τὴν
3213 1135 3334 1189 καθ’
3370 1137 3528 1205 ἡμῶν
3567 1139 3737 1207 ἀρὰν,

2143 1226 2238 1279 καὶ
2269 1225 2557 1298 ἀπαλλάξῃ
2590 1226 2746 1296 δίκης
2776 1228 2902 1290 τοὺς
2934 1229 3286 1292 πιστεύοντας
3312 1230 3391 1291 είς
3417 1230 3596 1282 αὐτόν.
3625 1231 3741 1284 06-

2143 1315 2274 1369 κοῦν
2306 1317 2369 1368 οὐ
2398 1317 2588 1384 γέγονε
2617 1317 2758 1369 κατά
2794 1317 3054 1388 ἀλήθειαν
3075 1321 3313 1389 κατάρα,
3345 1320 3436 1372 καὶ
3465 1321 3737 1390 ἀμαρτία⁹

2143 1410 2521 1480 κεχρημάτικε
2571 1409 2629 1462 δὲ
2682 1409 2894 1474 ταῦτα,
2953 1411 3040 1464 ἵνα
3088 1412 3224 1482 λύσῃ
3265 1411 3280 1450 ι
3332 1412 3599 1482 κατάραν.
3638 1413 3742 1467 καὶ

2140 1500 2436 1570 ἁμαρτίαν.
2470 1498 2678 1551 Οὐκοῦν
2708 1501 2755 1552 εί
2789 1500 2932 1553 οὕτω
2961 1503 3152 1570 γέγονε
3190 1501 3347 1573 σὰρξ,
3383 1505 3742 1574 κατήργηκεν

2139 1591 2247 1662 ἄρα
2282 1593 2381 1662 τὴν
2428 1591 2625 1662 σάρκα,
2661 1592 2805 1646 καθά
2834 1594 2928 1646 καὶ
2955 1595 3055 1664 τὴν
3106 1593 3268 1665 ἀρὰν,
3297 1595 3390 1648 καὶ
3420 1595 3516 1666 τὴν
3549 1598 3741 1666 ἁμαρ-

2138 1683 2258 1736 τίαν
2285 1699 2298 1713 ο
2342 1685 2436 1735 καὶ
2469 1683 2593 1736 οὔτε
2639 1685 2864 1753 γέγονεν
2911 1685 3220 1754 ἄνθρωπος,
3250 1685 3378 1740 οὔτε
3428 1687 3534 1758 μὴν
3569 1690 3741 1759 ἐσαρ-

2139 1771 2292 1842 κώοη
2320 1771 2462 1825 κατὰ
2495 1772 2788 1843 ἀλήθειαν·
2827 1773 2943 1826 ἀλλ’
2979 1775 3037 1826 ὲν
3083 1774 3304 1846 δοκήσει
3353 1777 3490 1850 μόνῃ
3532 1778 3595 1830 τὸ
3629 1797 3736 1848 μυ-

451 1867 790 1920 carnationis
837 1867 1053 1920 modus.
1110 1846 1342 1918 Tollitur
1393 1875 1575 1919 autem
1621 1865 1842 1918 omnino
1871 1874 1924 1919 et
1951 1881 2036 1918 re-

2153 1865 2398 1934 στήριον,
2438 1866 2532 1919 καὶ
2564 1868 2622 1920 ὲν
2661 1866 2837 1936 ψιλοῖς
2870 1867 3130 1936 ὀνόμασιν
3165 1869 3194 1920 6
3242 1869 3342 1939 τῆς
3375 1846 3738 1942 ὲνανθρωπή-

450 1959 804 2012 surrectionis
836 1972 980 2027 spes.
1028 1955 1083 2008 In
1129 1957 1283 2026 cujus
1316 1955 1479 2024 igitur
1512 1966 1744 2010 mortem
1775 1957 2034 2025 baptizati

449 2066 636 2105 sumus
662 2049 758 2102 υἷ’
789 2049 890 2103 Ubi
945 2049 1168 2102 verbum
1227 2047 1389 2111 lidei,
1422 2048 1565 2116 quod
1613 2049 1977 2118 praedicamus
2017 2050 2040 2103 ?

449 2143 696 2198 Confessi
724 2144 867 2198 enim
892 2143 1033 2212 quod
1070 2141 1327 2196 Dominus
1355 2150 1440 2194 est
1490 2139 1650 2194 Jesus
1676 2150 1730 2194 et
1757 2143 2039 2196 credentes

450 2237 591 2304 quod
641 2237 778 2290 Deus
826 2236 1000 2304 ipsum
1025 2235 1281 2287 excitavit
1324 2248 1353 2286 a
1405 2235 1675 2298 mortuis,
1732 2234 2034 2288 salvantur.

451 2325 619 2394 Igitur
651 2327 701 2380 in
739 2341 904 2380 unum
937 2327 1172 2382 similem
1209 2325 1384 2389 nobis,
1417 2336 1472 2380 et
1499 2341 1839 2381 communem
1865 2327 2040 2380 homi-

450 2431 575 2469 nem
626 2417 730 2470 erit
788 2415 954 2481 ﬁdes,
1005 2430 1106 2469 nec
1157 2415 1269 2484 jam
1322 2414 1555 2484 amplius
1595 2415 1862 2479 Verbum,
1894 2415 2038 2484 quod

453 2508 504 2560 in
542 2508 775 2561 lnnnana
810 2506 982 2561 forma
1009 2515 1232 2575 propter
1263 2522 1364 2561 nos
1394 2508 1667 2576 apparuit,
1700 2507 2038 2562 adoramus?

449 2599 530 2651 An
567 2613 670 2651 non
701 2599 907 2667 accepit
941 2598 1084 2654 servi
1117 2597 1368 2663 formam,
1401 2600 1491 2667 qui
1517 2607 1601 2653 est
1634 2599 1771 2654 liber
1789 2609 1845 2652 ut
1867 2599 2039 2654 Deus?

452 2703 558 2742 non
594 2689 896 2742 humiliavit
937 2690 1171 2758 seipsum
1198 2729 1213 2755 ,
1248 2688 1336 2757 qui
1373 2689 1680 2744 divinitatis
1712 2690 2036 2744 excellentia

449 2781 774 2849 conspicuus
821 2780 948 2834 est?
997 2781 1088 2850 qui
1156 2780 1418 2836 informa
1466 2789 1519 2836 et
1563 2782 1870 2850 mqualitate
1919 2782 2036 2836 Pa-

453 2874 584 2937 tris,
638 2888 743 2926 non
793 2873 1010 2928 demisit
1045 2890 1102 2929 se
1154 2875 1206 2928 in
1254 2875 1685 2929 exinanitinnem
1715 2915 1729 2939 ,
1779 2879 2034 2946 quamvis

452 2965 741 3018 distribuat
795 2966 861 3020 de
913 2980 1008 3020 sua
1058 2965 1390 3035 plenitudine
1446 2977 1712 3022 creatura:
1771 2969 1909 3022 bona
1938 2969 2038 3023 ⁸δῖ

450 3055 633 3124 Apage
665 3069 694 3107 a
725 3052 865 3108 malo
902 3055 1005 3108 isto
1035 3056 1286 3109 consilio.
1341 3057 1515 3112 Aliter
1562 3073 1661 3112 nos
1700 3059 2036 3116 edocuerunt

451 3144 591 3197 beati
621 3142 814 3198 Patres
852 3145 1192 3200 incarnatum
1219 3161 1345 3202 esse
1368 3187 1384 3213 ,
1420 3157 1474 3202 et
1510 3149 1782 3204 hominem
1832 3151 2032 3206 factum

449 3236 744 3290 secundum
782 3237 1060 3290 veritatem
1098 3238 1272 3306 ipsum
1309 3239 1402 3293 Dei
1434 3238 1615 3294 Patris
1674 3241 1920 3296 Verbum
1953 3243 2036 3298 di-

451 3334 671 3390 xerunt,
703 3325 905 3394 absque
933 3328 1288 3382 conversione
1317 3339 1370 3381 et
1396 3328 2037 3387 coal‘usione.lnelTabilis

451 3425 631 3467 autem
688 3417 910 3469 omnino
958 3425 1042 3469 est
1099 3417 1522 3484 dispensationis
1575 3424 1785 3474 modus.
1850 3419 2038 3476 Testes

451 3521 578 3561 vero
600 3521 809 3572 eorum,
833 3523 953 3577 quae
977 3509 1121 3562 dicta
1146 3519 1292 3575 sunt,
1316 3523 1596 3566 sermones
1620 3512 1834 3567 illorum
1850 3523 2033 3569 erunt.

696 3769 843 3826 Petri
883 3775 1132 3842 martyris
1169 3774 1396 3843 episcopi
1429 3775 1786 3831 Alexandrina.

523 3885 674 3942 Unde
690 3897 743 3940 et
769 3886 1099 3956 evangelista
1130 3902 1255 3942 vere
1276 3889 1548 3958 loquitur,
1580 3891 1766 3946 dicens
1799 3906 1813 3946 :
1853 3910 1871 3943 ι
1901 3890 2033 3946 Ver-

447 3977 573 4032 bum
605 3993 731 4033 caro
763 3978 961 4033 factum
987 3990 1088 4044 est,
1123 3991 1177 4034 et
1207 3982 1474 4036 habitavit
1503 3983 1555 4038 in
1590 3985 1748 4040 nobis
1783 4001 1798 4049 ;
1842 4003 1860 4036 ι
1903 3996 2031 4040 tunc

449 4071 820 4136 videlicet,ex
852 4088 958 4140 quo
1015 4065 1238 4141 angelus
1292 4073 1547 4129 salutavit
1607 4074 1912 4148 Virginem,
1953 4078 2034 4131 in-

448 4164 688 4233 quiens:
730 4183 747 4214 ι
775 4165 908 4228 Ave,
938 4165 1110 4234 gratia
1138 4165 1314 4234 plena,
1355 4168 1614 4222 Dominus
1670 4179 1846 4223 tecum
1885 4171 1951 4224 ⁸⁵.
2009 4188 2027 4221 ι

448 4257 600 4321 Quod
643 4256 774 4309 dicit
802 4256 1016 4310 Gabriel
1054 4276 1066 4312 :
1108 4275 1126 4309 ‹
1179 4259 1436 4312 Dominus
1481 4270 1689 4324 tecum,
1735 4280 1752 4312 ι
1786 4277 1882 4329 pro
1931 4261 2033 4316 hoc

447 4355 531 4399 est
587 4347 823 4414 dictum,
877 4347 1136 4403 Dominus
1197 4349 1433 4403 Verbum
1495 4360 1712 4415 tecum,
1762 4353 2034 4422 signilicat

447 4439 592 4492 enim
629 4439 801 4508 ipsum
850 4441 993 4510 gigni
1038 4441 1090 4495 in
1125 4455 1310 4507 utero,
1353 4452 1406 4515 et
1463 4442 1574 4496 ﬁeri
1620 4458 1862 4508 carnem,
1895 4445 2034 4497 sicut

2143 1971 2279 2018 σεως
2329 1955 2650 2025 εὑρίσκεται
2706 1956 2908 2028 τρόπος
2933 1967 2992 2011 ¹¹².
3040 1959 3334 2029 Ἀνῄρηται
3379 1960 3435 2013 δὲ
3479 1962 3561 2022 εἰς
3589 1964 3738 2016 ἅπαν

2141 2047 2236 2100 καὶ
2267 2047 2300 2116 ἡ
2337 2050 2435 2118 τῆς
2462 2048 2816 2112 ἀναστάσεως
2850 2047 3027 2112 ἐλπίς.
3060 2050 3151 2113 Εἰς
3189 2051 3282 2102 τὸν
3317 2052 3464 2114 τίνος
3495 2047 3588 2104 οὖν
3621 2054 3727 2121 ἄρα

2140 2138 2369 2192 θάνατον
2404 2139 2854 2212 βεϐαπτίσμεθα;
2889 2141 2999 2194 Ποῦ
3039 2141 3100 2194 τὸ
3133 2143 3285 2213 ῥῆμα
3333 2143 3433 2213 τῆς
3465 2144 3728 2210 πίστεως,

2138 2229 2166 2282 6
2213 2232 2604 2301 κηρύσσομενς
2671 2231 3138 2303 Ὀμολογήσαντες
3195 2233 3339 2304 γὰρ,
3393 2235 3475 2287 ὅτι
3522 2235 3732 2307 Κύριος

2152 2323 2383 2392 Ἰησοῦς,
2422 2325 2518 2377 καὶ
2567 2324 2963 2388 πιστεύσαντες
3019 2325 3102 2378 ὅτι
3143 2325 3273 2388 Θεὸς
3304 2326 3470 2379 αὑτὸν
3514 2327 3743 2398 ἤγειρεν

2139 2415 2204 2468 ὲκ
2249 2416 2498 2486 νεκρῶν,
2541 2415 2851 2486 σωζόμεθα.
2898 2411 3025 2488 'Ap’
3061 2412 3152 2470 οὖν
3188 2419 3266 2479 εἰς
3305 2416 3401 2468 ἕνα
3435 2417 3525 2469 τὸν
3555 2427 3580 2454 υ
3610 2417 3740 2470 καθ’

2139 2505 2309 2572 ἡμᾶς,
2346 2506 2440 2557 καὶ
2482 2506 2662 2558 κοινὸν
2691 2505 2980 2576 ἄνθρωπον
3013 2507 3044 2576 ἡ
3083 2505 3282 2570 πίστις,
3327 2504 3511 2558 οὐκέτι
3556 2505 3615 2559 δὲ
3646 2506 3734 2559 τὸν

2138 2596 2195 2649 ἐν
2228 2597 2549 2668 ἀνθρωπεία
2585 2601 2768 2669 μορφῇ
2803 2599 3082 2667 πεφηνότα
3117 2598 3184 2650 δι’
3217 2600 3363 2669 ἡμᾶς
3396 2597 3729 2672 προσκυνοῦ-

2141 2706 2240 2758 μεν
2268 2690 2444 2757 Λόγον
2473 2707 2487 2755 ;
2521 2691 2635 2743 Οὐκ
2662 2690 2820 2743 ἔλαϐε
2846 2692 2943 2762 τὴν
2963 2693 3056 2744 τοῦ
3076 2692 3264 2745 δούλου
3300 2692 3512 2763 μορφὴν
3535 2693 3564 2744 ὁ
3589 2693 3738 2745 ἐλεύ-

2139 2779 2297 2852 οερος
2329 2781 2404 2844 ὡς
2431 2782 2563 2844 Θεός
2592 2790 2647 2847 °;
2686 2783 2744 2835 ού
2781 2784 3184 2836 τεταπείνωκεν
3223 2785 3415 2838 ἑαυτὸν
3442 2787 3469 2838 6
3496 2787 3608 2847 τοῖς
3635 2785 3736 2855 τῆς

2137 2870 2392 2942 θεότητος
2432 2872 2690 2943 ύψώμασι
2723 2875 3076 2945 διαπρέπων;
3112 2876 3139 2927 6
3165 2877 3221 2930 ἐν
3265 2880 3467 2947 μορφῇ.
3498 2877 3593 2930 καὶ
3625 2876 3737 2928 ἰσό-

2137 2981 2259 3033 τητι
2307 2963 2401 3016 τοῦ
2448 2966 2664 3036 Πατρὸς
2697 2967 2759 3018 ού
2815 2967 3058 3036 καοῆκεν
3104 2967 3295 3019 ἑαυτὸν
3335 2968 3415 3030 εἰς
3476 2968 3732 3030 κένωσιν,

2137 3055 2314 3109 καίτοι
2352 3055 2625 3126 διανέμων
2658 3057 2717 3122 ἐξ
2763 3058 2894 3110 ίδίου
2939 3057 3314 3130 πληρώματος
3357 3061 3422 3129 τῇ
3460 3059 3632 3112 κτίσει
3664 3063 3735 3113 τὰ

2137 3146 2347 3212 ἀγαοά;
2384 3148 2597 3215 ’Λπαγε
2631 3149 2733 3218 τῆς
2791 3149 3155 3213 δυσϐουλίας·
3197 3150 3398 3220 ἑτέρως
3440 3151 3588 3218 ⁴ἡμᾶς
3631 3167 3732 3218 με·

2144 3242 2644 3309 μυσταγωγήκασιν
2674 3242 2723 3294 οἱ
2754 3243 3015 3313 μακάριοι
3062 3243 3306 3314 Πατέρες
3330 3259 3341 3270 ·
3379 3235 3736 3313 σαρκωῦἧνσι

2139 3331 2272 3401 γὰρ,
2309 3333 2401 3385 καὶ
2430 3334 2850 3402 ὲνανϐρωπῆσαι
2882 3336 3021 3389 κατά
3049 3335 3308 3405 ἀλήθειαν
3337 3337 3499 3388 αὐτὸν
3523 3337 3736 3405 ἔφασαν

2138 3423 2232 3475 τὸν
2272 3425 2337 3476 ὲκ
2365 3422 2501 3475 Θεοῦ
2545 3424 2757 3494 Ila-:96;
2781 3426 2954 3493 Λόγον
3000 3411 3310 3496 ἀτρέπτως,
3358 3427 3452 3480 καὶ
3485 3428 3734 3498 ἀσυγχύ-

2138 3531 2264 3578 τως.
2305 3515 2640 3587 ’Δπόρρητος
2661 3517 2717 3569 δὲ
2757 3518 3038 3582 παντελῶς
3077 3519 3177 3588 τῆς
3205 3520 3520 3590 οἰκονομίας
3545 3522 3572 3572 6
3611 3522 3738 3589 τρό-

2139 3624 2259 3670 πος.
2291 3608 2594 3679 Μάρτυρας
2623 3609 2679 3661 δὲ
2721 3608 2830 3662 τῶν
2865 3611 3175 3681 εἰρημένων
3201 3613 3325 3674 τοὺς
3361 3612 3541 3665 αὐτῶν
3577 3617 3736 3683 ποιη-

2141 3712 2304 3765 σομαι
2341 3696 2529 3764 λόγους
2543 3737 2554 3749 .

2211 3787 2434 3855 Πέτρου
2457 3789 2761 3857 μιίρτιῬος
2807 3792 3150 3846 ἐπισκόπου
3188 3794 3660 3862 Ἀλεξανὸγειας.

2212 3901 2373 3953 Ὅθεν
2400 3905 2493 3954 καὶ
2519 3903 2545 3954 ό
2569 3905 2959 3976 εύαγγελιστὴς
2991 3906 3245 3977 ἀληθεύει
3272 3909 3473 3977 λέγων’
3508 3929 3525 3962 ι
3551 3912 3611 3963 'U
3635 3913 3734 3964 A6-

2136 4008 2230 4060 γος
2269 3993 2404 4064 σὰρξ
2447 3995 2698 4061 ἐγένετο,
2736 3997 2830 4049 καὶ
2876 4000 3189 4068 ἐσκήνωσεν
3229 4003 3287 4053 ἐν
3331 4004 3499 4071 ἡμῖν·
3548 4022 3566 4055 ι
3610 4005 3736 4056 τότε

2141 4085 2410 4154 δηλονότι,
2438 4088 2532 4155 ἀφ’
2562 4083 2619 4141 οὗ
2648 4090 2675 4141 6
2710 4089 2939 4156 ἄγγελος
2971 4092 3261 4159 ἠσπάσατο
3298 4094 3397 4163 τὴν
3432 4094 3733 4165 Παρθένον,

2137 4177 2326 4231 εἰπών·
2349 4197 2366 4228 ι
2396 4180 2591 4248 Χαῖρε,
2621 4183 3065 4252 κεχαριτωμένη,
3117 4185 3144 4236 6
3167 4184 3370 4254 Κύριος
3400 4188 3537 4256 μετὰ
3563 4187 3658 4240 σοῦ
3682 4205 3729 4238 ἰ

2134 4268 2197 4321 τὸ
2225 4269 2351 4337 γὰρ,
2390 4288 2408 4318 ι
2456 4268 2659 4338 Κύριος
2691 4273 2829 4340 μετὰ
2861 4272 2979 4336 σοῦ,
3009 4292 3028 4323 ι
3057 4273 3154 4327 νύν
3192 4275 3342 4329 ἐστιν
3371 4277 3602 4330 ἀκοῦσαι
3635 4278 3733 4330 τοῦ

2137 4359 2400 4430 Γαϐριὴλ,
2421 4361 2553 4412 ἀντὶ
2582 4362 2698 4426 τοῦ,
2733 4364 2791 4415 '0
2814 4365 2942 4428 Θεὸς
2961 4365 3132 4434 Λόγος
3161 4368 3300 4437 μετά
3328 4369 3421 4422 σοῦ
3438 4385 3450 4397 ·
3473 4372 3735 4442 σημαίνει

2136 4452 2246 4517 γὰρ
2297 4448 2461 4502 αὐτὸν
2495 4452 2834 4524 γεννώμενον
2881 4458 2938 4509 ὲν
2977 4458 3178 4529 μήτρᾳ,
3225 4461 3322 4514 καὶ
3369 4461 3545 4532 σάρκα
3578 4465 3735 4532 γινὸ-

448 4529 705 4597 scriptmu
743 4537 826 4583 est
867 4546 878 4580 :
921 4546 939 4579 ι
975 4529 1210 4598 Spiritus
1241 4541 1460 4584 sanctus
1496 4530 1843 4598 superveniet
1871 4530 1923 4582 in
1955 4537 2025 4591 te,

2141 4558 2317 4611 μενον,
2363 4543 2546 4608 καθὼς
2591 4545 2939 4615 γέγραπται·
2984 4569 3001 4601 ι
3034 4551 3258 4622 Πνεῦμα
3307 4554 3463 4621 ἅγιον
3504 4556 3735 4610 ἐπελεύ-

447 4629 502 4674 et
531 4621 699 4674 virtus
743 4621 1006 4675 Altissimi
1065 4622 1409 4675 obumbrabit
1465 4622 1560 4676 tibi
1592 4638 1607 4676 :
1643 4621 1764 4675 ideo
1795 4629 1852 4675 et
1890 4619 2032 4690 quod

447 4725 703 4768 nascetur
727 4725 999 4780 sanctum,
1029 4713 1308 4768 vocabitur
1340 4715 1511 4770 Filius
1538 4713 1635 4767 Dei
1655 4713 1724 4764 ".
1755 4731 1773 4764 ι

775 4831 1050 4885 Athanasii
1089 4831 1314 4900 episcOpi
1340 4829 1700 4885 Alexandrim.

519 4943 672 4997 Unde
702 4952 901 4998 etcum
945 4952 1264 4998 nasceretur
1287 4958 1416 4996 caro
1459 4958 1521 4997 ex
1556 4940 1652 4996 Dei
1688 4940 1844 5012 163
1875 4939 2028 5012 geni-

446 5037 580 5091 trice
637 5035 842 5103 Maria,
896 5038 1010 5106 ipse
1066 5037 1265 5091 dicitur
1318 5046 1476 5091 natus
1532 5051 1686 5100 esse,
1761 5036 1849 5104 qui
1909 5034 2031 5089 aliis

2137 4649 2287 4686 σεται
2319 4636 2411 4687 ἐπὶ
2451 4636 2533 4702 σὲ,
2567 4639 2658 4690 καὶ
2705 4639 2936 4710 δύναμις
2964 4643 3224 4711 Ὑψίστου
3265 4644 3576 4700 ἐπισκιάσει
3612 4665 3730 4700 σοι·

2131 4725 2212 4778 διὸ
2246 4727 2340 4779 καὶ
2369 4728 2428 4780 τὸ
2449 4729 2790 4799 γεννώμενον
2817 4733 2992 4800 ἅγιον,
3017 4734 3350 4806 κληθήσεται
3381 4738 3504 4800 Υἱὸς
3529 4739 3689 4794 Θεοῦ.
3707 4761 3724 4792 ι

2283 4842 2637 4896 Ἀθανασίου
2671 4844 3012 4901 ἐπισκόπου
3043 4859 3066 4898 [³
3110 4850 3582 4920 Ἀλεξανδρείας.

2211 4953 2376 5006 ὌΟεν
2408 4955 2502 5007 καὶ
2538 4957 2886 5028 γεννωμένης
2920 4960 3019 5030 τῆς
3059 4961 3264 5032 σαρκὸς
3300 4964 3364 5015 ὲκ
3402 4964 3502 5032 τῆς
3536 4964 3729 5017 Θεοτὸ-

2138 5061 2235 5097 xcv
2253 5044 2489 5114 Μαρίας,
2509 5046 2671 5109 αὐτὸς
2697 5047 2948 5102 λέλεκται
2969 5051 3338 5119 γεγεννῆσθαι
3361 5054 3390 5104 6
3404 5055 3515 5115 τοῖς
3545 5052 3727 5116 ἄλλοις

444 5129 785 5182 nativitatem
820 5139 879 5182 ut
913 5130 1024 5183 sint
1053 5129 1300 5193 exhibet,
1331 5138 1388 5183 ut
1420 5137 1659 5183 nostram
1688 5127 1739 5182 in
1771 5143 1830 5183 se
1857 5134 2036 5181 trans-

2141 5137 2347 5204 γένεσιν
2377 5139 2457 5200 είς
2489 5138 2546 5191 τὸ
2574 5135 2714 5193 εἶναι
2750 5142 3030 5213 παρέχων,
3063 5144 3150 5196 ἵνα
3179 5144 3277 5215 τὴν
3302 5144 3461 5216 ἡμῶν
3497 5148 3576 5208 εἰς
3598 5147 3727 5198 ἑαυ-

445 5216 613 5273 lerret
634 5217 996 5272 nativitatem.

704 5330 959 5400 Ejusdem
984 5347 1048 5385 ex
1077 5333 1298 5400 epistola
1336 5334 1406 5386 ad
1439 5332 1756 5402 Epictetum.

519 5443 805 5510 Quomodo
834 5452 888 5499 et
921 5445 1196 5515 ambigere
1239 5447 1356 5503 ausi
1392 5457 1554 5514 sunt,
1597 5448 1688 5518 qui
1725 5448 2022 5508 Christiani

2128 5227 2220 5280 τὸν
2254 5227 2464 5301 μεταθῇ
2495 5229 2771 5302 γέννησιν.

2170 5339 2279 5394 Τοῦ
2308 5341 2496 5396 αὐτοῦ
2519 5343 2589 5397 ἐκ
2616 5345 2726 5412 τῆς
2756 5347 2909 5414 πρὸς
2949 5349 3304 5418 Ἐπίκτητον
3329 5349 3686 5417 ἐπιστολῆς.

2193 5452 2320 5516 Πῶς
2363 5453 2421 5507 δὲ
2454 5457 2547 5508 καὶ
2593 5457 2960 5528 ἀμφιῦάλλειν
3003 5461 3316 5535 ἐτόλμησαν
3341 5466 3392 5518 οἱ
3435 5463 3728 5536 λεγόμενοι

517 5599 561 5630 ⁸³
591 5596 694 5652 lsa.
721 5611 839 5660 LIII,
869 5597 976 5666 l2;
1010 5597 1171 5655 Marc.
1194 5616 1282 5669 xv,
1318 5601 1409 5656 28.
1487 5603 1535 5634 ⁸³
1570 5601 1727 5657 Rom.
1760 5617 1838 5669 vr,
1869 5604 1926 5660 '5.
1960 5603 2008 5636 “
2041 5602 2281 5678 Phllipp.
2318 5623 2378 5675 ιι,
2422 5609 2455 5662 6
2481 5624 2634 5680 seqq.
2711 5612 2760 5645 "
2795 5611 2927 5670 Luc.
2968 5630 3007 5682 ι,
3035 5614 3128 5672 28.
3204 5616 3251 5648 ⁸⁸
3281 5617 3411 5674 ibid.
3445 5617 3515 5673 35

1494 5761 1669 5816 Variae
1695 5761 1955 5818 lectiones
1979 5778 2046 5818 ex
2067 5764 2256 5820 codice
2285 5765 2662 5836 Seguieriano.

514 5916 538 5959 ι
570 5909 870 5986 καταλύσῃ.
945 5913 1181 5986 ιηλόγος.
1259 5925 1286 5956 η
1322 5917 1450 5972 τῶν.

1534 5923 1558 5954 ο
1593 5916 1874 5988 ἐλεύθερος
1908 5919 2060 5984 Θεός.

2140 5931 2166 5972 ι’
2197 5923 2655 5992 ἁρχιεπισκόπου.
