4080 6484
391 477 509 536 325
1023 478 1558 538 APOLOCETICUS
1594 480 1731 538 eno
1764 479 1861 536 xu
1901 479 2271 541 CAPlTlBUS
2304 483 2585 542 comm
2622 455 3083 548 ORIENTALES.
3585 503 3691 559 535

397 598 761 673 Χριστιανοὶ,
793 598 845 651 εἰ
883 599 913 652 ό
938 598 1003 651 ὲκ
1034 598 1253 670 Μαρίας
1283 598 1564 671 προελθὼν
1605 597 1832 665 Κύριος,
1872 597 2002 663 Υἱὸς

2076 608 2405 668 evocantur,
2466 619 2595 658 num
2652 605 2945 675 Dominus,
2997 608 3342 678 quieMaria
3400 620 3687 685 processit.

400 694 505 765 μὲν
529 694 600 764 τῇ
624 690 807 763 οὐσίᾳ,
836 692 935 744 καὶ
960 695 1026 764 τῇ
1052 692 1213 761 φύσει
1236 691 1330 746 τοῦ
1352 691 1488 745 Θεοῦ
1512 695 1654 746 ἐστι’
1680 691 1742 744 τὸ
1769 691 1826 744 δὲ
1856 691 1998 745 κατά

2099 689 2273 746 Filius
2318 692 2534 760 quidem
2590 695 2893 750 substantia
2926 706 2982 751 et
3023 708 3215 754 natura
3258 702 3353 756 Dei
3387 704 3489 769 sit,
3545 710 3688 776 quod

397 783 610 855 σάρκα,
651 783 717 835 ἐκ
771 783 1095 854 σπέρματός
1139 785 1255 837 ἐστι
1305 783 1490 848 Δαυῒδ,
1528 782 1729 855 σαρκὸς
1783 784 1842 837 δὲ
1895 785 1995 854 τῆς

2098 795 2224 837 vero
2258 784 2554 837 secundum
2585 799 2828 852 carnem,
2858 802 2924 841 ex
2958 793 3162 845 semine
3191 792 3265 846 sit
3297 792 3489 862 David,
3515 808 3683 852 came

389 877 564 945 ἁγίας
593 872 855 946 Μαρίας;
891 876 1046 940 Τίνες
1079 876 1136 930 δὲ
1162 876 1271 947 ἀρα.
1300 875 1443 929 οὕτω
1472 874 1735 948 τολμηροὶ
1768 877 1996 946 γεγόνα-

2096 882 2274 927 autem
2330 883 2534 929 sancta:
2592 874 2839 933 Mariae?
2890 877 2998 946 Qui
3059 889 3239 939 autem
3282 894 3391 940 tam
3456 890 3687 944 audaces

389 983 504 1029 σιν,
532 964 679 1018 ὥστε
711 968 886 1019 εἰπεῖν
916 965 1008 1019 τὸν
1037 966 1275 1031 Χριστὸν
1312 966 1407 1019 τὸν
1429 966 1596 1036 capaci.
1630 966 1872 1020 παθόντα
1898 966 1994 1022 καὶ

2097 962 2246 1018 fuere
2267 1005 2282 1030 ,
2312 974 2373 1019 ut
2401 965 2667 1034 dicerent,
2701 968 3014 1037 Christum,
3048 974 3141 1044 qui
3184 990 3348 1033 carne
3385 995 3576 1048 passus
3603 992 3684 1037 est

386 1057 824 1127 ἐσταυρωμένον
858 1056 934 1127 μὴ
985 1051 1128 1111 εἶναι
1177 1058 1408 1127 Κύριον,
1451 1057 1546 1110 καὶ
1596 1057 1857 1129 Σωτῆρα,
1896 1058 1993 1112 καὶ

2115 1063 2145 1108 :t
2178 1057 2509 1123 cruciﬁxus,
2542 1074 2645 1114 non
2689 1075 2811 1117 esse
2837 1063 3122 1120 Dominum
3154 1078 3208 1122 et
3231 1066 3563 1126 Salvatnrem
3588 1112 3603 1138 ,
3632 1086 3685 1129 ct
3720 1130 3726 1136 ,

382 1147 545 1211 Θεὸν,
588 1148 689 1201 καὶ
716 1147 846 1201 Υἱὸν
881 1147 977 1201 τοῦ
1024 1149 1274 1219 Πατρός;
1310 1149 1343 1219 ἢ
1380 1148 1499 1213 πῶς
1537 1151 1860 1221 Χριστιανοὶ
1902 1150 1991 1205 θέ-

2090 1143 2259 1200 Deum
2290 1157 2343 1202 et
2369 1147 2562 1203 Filium
2587 1150 2766 1208 Patris
2801 1171 2815 1219 ;
2853 1155 2936 1210 vel
2965 1172 3072 1227 quo
3105 1169 3267 1229 pacto
3298 1160 3483 1217 volunt
3506 1169 3678 1220 nomi-

384 1240 577 1294 λουσιν
620 1238 989 1311 ὀνομάζεσθαι
1018 1241 1070 1293 οί
1107 1239 1359 1308 λέγοντες
1397 1243 1476 1305 εἰς
1497 1240 1785 1310 ἄνθρωπον
1808 1243 1983 1311 ἆγιον,

2090 1236 2209 1290 nari
2258 1238 2585 1311 Christiani,
2626 1244 2716 1312 qui
2765 1246 2951 1301 dicunt
3004 1248 3057 1302 in
3094 1250 3364 1307 hominem
3411 1267 3678 1326 sanctum,

384 1331 460 1396 ὡς
485 1332 586 1385 ἐπὶ
619 1332 722 1387 ἕνα
751 1331 860 1386 τῶν
890 1332 1189 1402 προφητῶν
1213 1331 1530 1402 ἐληλυθέναι
1551 1333 1642 1385 τὸν
1675 1334 1866 1403 Λόγον,
1891 1334 1988 1388 καὶ

2105 1325 2228 1381 iicut
2268 1327 2321 1381 in
2353 1342 2517 1384 unum
2572 1333 2992 1402 prophetarum,
3048 1340 3264 1395 venisse
3318 1341 3551 1400 Verbum
3578 1388 3592 1412 ,
3626 1325 3682 1403 et
3712 1359 3716 1364 '

382 1424 460 1494 μὴ
476 1423 651 1477 αὐτὸν
680 1424 974 1495 ἄνθρωπον
1001 1424 1313 1493 γεγονέναι,
1337 1424 1571 1478 λαϐόντα
1600 1428 1665 1478 ὲκ
1685 1425 1901 1497 Μαρίας
1922 1426 1985 1480 τὸ

2088 1432 2193 1471 non
2226 1418 2400 1489 ipstun
2432 1421 2704 1479 hominem
2741 1424 2965 1492 factum,
2994 1444 3116 1483 cum
3148 1435 3378 1503 sumpsit
3409 1450 3474 1490 ex
3504 1437 3671 1494 Maria

376 1517 570 1585 σῶμα,
587 1516 711 1569 ἀλλ’
729 1516 915 1587 ἕτερον
932 1513 1073 1569 εἶναι
1087 1516 1179 1570 τὸν
1194 1516 1452 1585 Χριστὸν,
1468 1518 1561 1571 καὶ
1576 1517 1662 1569 ἒτε
1669 1533 1763 1589 ρον
1783 1518 1874 1571 τὸν
1890 1516 1984 1571 τοῦ

2087 1523 2328 1579 corpus:
2358 1513 2451 1567 sed
2509 1513 2685 1569 alium.
2720 1531 2843 1572 esse
2892 1519 3167 1576 Christum
3192 1562 3207 1588 ,
3248 1535 3302 1578 et
3346 1526 3513 1582 alium
3582 1531 3673 1585 Dei

372 1609 515 1663 Θεοῦ
530 1610 740 1678 Λόγον,
757 1609 849 1663 τὸν
870 1610 976 1680 πρὸ
990 1609 1232 1681 Μαρίας,
1245 1610 1340 1664 καὶ
1357 1610 1463 1681 πρὸ
1484 1610 1695 1664 αἰώνων
1712 1611 1839 1666 Υἰδν
1856 1611 1983 1667 ὄντα

2086 1596 2323 1654 Verbum
2369 1603 2511 1671 quod
2563 1614 2689 1660 ante
2725 1605 2950 1662 Mariam
3018 1622 3070 1665 et
3099 1623 3225 1667 ante
3259 1618 3454 1672 saecula
3504 1620 3673 1677 Filius

373 1701 470 1756 τοῦ
487 1702 712 1773 Πατρός
732 1719 748 1768 ;
766 1701 801 1773 ἢ
822 1701 938 1765 πῶς
951 1699 1430 1773 εἶναιΧριστιανοὶ
1453 1701 1708 1757 δύνανται
1736 1705 1785 1757 οἱ
1804 1704 1984 1773 λέγον-

2083 1700 2202 1746 erat
2234 1690 2409 1748 Patris
2437 1694 2568 1751 ivel
2599 1699 2869 1766 quomodo
2915 1698 3212 1758 Christiani
3248 1721 3367 1762 esse
3421 1723 3671 1778 possunt.

378 1808 465 1855 τες
480 1790 651 1844 ἄλλον
667 1787 814 1845 εἶναι
828 1792 920 1845 τὸν
936 1791 1088 1855 Υἱὺν,
1103 1792 1198 1846 καὶ
1216 1791 1377 1847 ἀλλον
1396 1792 1487 1846 τὸν
1504 1792 1599 1846 τοῦ
1621 1793 1757 1846 Θεοῦ
1770 1794 1943 1863 Λόγον
1963 1814 1978 1863 ;

2084 1781 2327 1839 dicentes
2362 1783 2527 1839 alium
2549 1801 2670 1843 esse
2692 1786 2889 1843 Filium
2913 1829 2930 1856 ,
2964 1800 3019 1847 et
3044 1793 3208 1847 alium
3246 1795 3337 1851 Dei
3390 1798 3674 1858 Verbum?

446 1882 699 1947 Ταύταις
733 1885 900 1953 ἡμεῖς
925 1886 1046 1947 ταῖς
1071 1884 1181 1938 τῶν
1222 1884 1395 1952 ἁγίων
1438 1883 1700 1956 Πατέρων
1735 1885 1980 1956 ἑψόμεθα
2008 1943 2054 1956 ,ι

2154 1872 2265 1928 llas
2297 1890 2399 1931 nos
2429 1888 2743 1934 sanctorum
2770 1879 2994 1938 Patrum
3027 1900 3323 1956 sequemur
3351 1895 3667 1954 sententias.

372 1973 581 2041 δόξαις.
618 1943 693 2026 Εἰ*
835 1943 921 2038 τίς
968 1943 1479 2045 ἑτεροδιδασκαλεῖ,
1516 1943 1612 2028 καὶ
1666 1943 1979 2049 ἑτερόῷρων

2054 1958 2056 1994 ί
2087 1962 2143 2020 Si
2175 1975 2355 2025 autem
2416 1970 2540 2038 quis
2569 1970 2847 2027 diversum
2887 1974 3043 2031 docet
3066 2016 3081 2042 ,
3106 1943 3170 2033 let
3194 1979 3467 2035 diversum
3501 1987 3665 2054 sapit,

374 2066 552 2131 ἐστὶν,
594 2064 702 2130 ἔξω
730 2066 833 2137 τῆς
867 2068 951 2139 είς
986 2067 1140 2133 εὐθὺ,
1178 2068 1274 2122 καὶ
1308 2066 1596 2140 βασιλικῆς
1618 2067 1845 2139 φέρεται
1870 2069 1980 2140 τρί-

2081 2065 2233 2111 extra
2261 2068 2463 2114 rectam
2483 2068 2537 2115 et
2560 2061 2762 2134 regiam
2798 2065 2938 2119 viam
2966 2066 3163 2123 fertur.
3220 2070 3374 2137 Quod
3408 2084 3587 2129 autem
3611 2088 3667 2132 et

376 2157 505 2212 6ου.
533 2158 659 2211 Ὀτι
697 2157 759 2212 δὲ
788 2158 888 2212 καὶ
921 2158 982 2212 τὸ
1014 2158 1296 2231 σαρκικῶς
1338 2157 1596 2227 λέγεσθαι
1648 2159 1978 2231 γεννηθῆναι

2080 2148 2375 2205 carnaliter
2401 2152 2507 2207 dici
2537 2163 2721 2208 uatum
2769 2169 2899 2225 esse.
2923 2157 3224 2228 Christum,
3248 2178 3354 2217 non
3388 2164 3661 2223 insolitum

388 2250 651 2321 Χριστὸν,
703 2250 805 2303 οὐκ
836 2249 1111 2321 ἀσύνηθες
1143 2252 1257 2314 τοῖς
1287 2249 1465 2318 ἁγίοις
1521 2250 1823 2320 Πατράσιν,
1861 2250 1976 2304 ἐστι

2082 2238 2156 2293 sit
2197 2242 2402 2299 sanctis
2449 2242 2741 2314 Patribus,
2772 2247 2884 2304 imo
2926 2266 3054 2306 vero
3088 2253 3252 2307 etiam
3293 2254 3418 2311 aliis
3470 2259 3660 2314 tritum

394 2339 455 2393 δὲ
486 2340 555 2411 δὴ
582 2339 767 2411 μᾶλλον
814 2340 914 2394 καὶ
962 2341 1175 2412 ἑτέροις
1230 2339 1487 2413 ὲντριὸὴς
1532 2340 1566 2410 ἡ
1604 2340 1770 2407 λέξις,
1821 2342 1975 2397 οὐδὲν

2079 2333 2337 2399 verbum,
2383 2352 2489 2391 non
2525 2338 2706 2394 minus
2748 2356 2940 2397 verum
2991 2345 3147 2401 nobis
3194 2361 3320 2403 esse
3375 2350 3663 2421 snbjuucta

393 2424 558 2502 ἧττον
586 2432 705 2500 ἡμῖν
746 2430 954 2502 ἀληθὲς
997 2431 1247 2504 ὑπάρχον
1292 2428 1582 2502 ἀποφαίνει
1613 2430 1673 2484 τὸ
1708 2432 1971 2486 ὑποτετα-

1543 2446 1582 2482 ει
1613 2430 1673 2484 τὺ
1708 2432 1971 2486 ὑποτετα-
2078 2423 2241 2480 verba
2282 2425 2675 2485 demonstrant.
2718 2430 2792 2486 Ea
2820 2432 2900 2488 sic
2924 2433 3154 2491 habent:

380 2520 581 2592 τμένον
610 2522 779 2592 ῥητόν
798 2538 813 2554 ·
848 2521 963 2594 ἔχει
984 2522 1042 2576 δὲ
1068 2523 1263 2588 οὕτως·
2403 2534 2412 2543 .

635 2634 1025 2705 Ἀμφιλοχίου
1063 2635 1406 2691 ἐπισκόπου
1443 2637 1715 2691 Ἰκονίου.

1689 2654 1715 2691 ν,
2444 2629 2799 2700 Amphilochii
2831 2634 3067 2704 episcopi
3109 2634 3300 2693 Iconii.

431 2720 501 2773 El
534 2721 617 2791 μὴ
648 2723 765 2793 γὰρ
801 2723 1014 2787 ἐκεῖνος
1046 2725 1311 2797 ἐγεννήθη
1342 2726 1646 2797 σαρκικῶς,
1672 2726 1774 2779 οὐκ
1804 2724 1870 2780 ἂν
1902 2725 1968 2780 σὺ

2141 2715 2257 2771 Nisi
2290 2717 2433 2773 enim
2466 2719 2552 2774 ille
2610 2731 2771 2778 natus
2808 2735 2954 2778 esset
2997 2728 3325 2795 carnaliter,
3375 2745 3549 2800 neque
3600 2742 3654 2788 tu

363 2813 672 2885 ἐγεννήθης
699 2817 1098 2887 πνευματικῶς
1120 2835 1134 2849 ·
1163 2820 1215 2872 εἰ
1245 2819 1320 2890 μὴ
1348 2820 1557 2883 ἐκεῖνος
1583 2820 1841 2890 ἠνέσχετο
1867 2818 1968 2889 τῆς

2070 2817 2228 2863 natus
2263 2824 2414 2865 esses
2447 2812 2763 2881 spiritaliter
2796 2831 2810 2868 :
2849 2816 2951 2871 nisi
2980 2816 3069 2873 ille
3096 2820 3310 2876 tulisset
3351 2825 3493 2878 servi
3541 2824 3654 2879 for-

360 2904 455 2957 τοῦ
484 2905 685 2959 δούλου
731 2907 972 2978 μορφῆς,
1012 2910 1113 2962 οὐκ
1142 2910 1210 2963 ἂν
1241 2912 1306 2964 σὺ
1332 2910 1432 2981 τὴν
1463 2910 1622 2975 δόξαν
1651 2911 1750 2981 τῆς
1787 2909 1964 2963 υἰοθε·

2068 2916 2242 2968 mam,
2277 2918 2454 2972 neque
2495 2913 2548 2959 tu
2590 2906 2816 2974 gloriam
2852 2908 3159 2978 adoptionis
3199 2912 3428 2969 filiorum
3467 2927 3658 2973 nactus

359 2997 486 3061 σίας
512 2998 852 3069 ὲκέρδανας.
902 3000 1070 3072 Δηλοῖ
1105 3001 1164 3055 δὲ
1211 3001 1494 3057 κάνταῦθα
1529 3002 1614 3068 τὸ,
1661 3001 1962 3072 σαρκικῶς,

2065 3004 2241 3046 esses.
2307 2992 2591 3063 Significat
2652 3006 2833 3053 autem
2885 3010 2939 3054 et
2991 3001 3093 3056 hoc
3150 3002 3270 3058 loco
3323 3008 3651 3075 carnaliter,

357 3089 441 3153 τὸ,
472 3090 626 3144 κατά
679 3092 898 3163 σάρκα’
946 3092 1203 3169 καθάπερ
1247 3094 1441 3166 ἀμέλει
1503 3094 1566 3148 τὸ
1631 3093 1849 3157 θεῖκῶς,
1880 3094 1959 3159 τὸ,

2066 3081 2207 3137 idem
2240 3086 2382 3151 quod
2412 3087 2710 3141 secundum
2741 3103 2985 3158 carnem,
3011 3093 3155 3147 sicut
3186 3094 3399 3152 scilicet
3449 3099 3652 3168 divine,

360 3179 510 3234 κατὰ
530 3180 803 3253 θεότητα.

2064 3174 2368 3229 secundum
2402 3176 2764 3235 divinitatem.

808 3298 1400 3354 ΑΝΑΘΕΜΑΤΙΣΜΟΣ
1437 3300 1510 3354 Γ.
1987 3284 2030 3341 C

1987 3284 2030 3341 C
2478 3288 3120 3352 ANATHEMATISMUS
3159 3295 3250 3353 ΙΙΙ.

425 3410 500 3466 El
533 3430 622 3479 τις
653 3413 753 3467 ἐπὶ
779 3413 878 3467 τοῦ
918 3413 1041 3478 ένὺς
1078 3413 1318 3484 Χριστοῦ
1359 3414 1562 3486 διαιρεῖ
1597 3414 1696 3479 τάς
1721 3414 1960 3470 ὑποστά-

2137 3396 2194 3451 Si
2231 3397 2354 3467 quis
2383 3398 2436 3453 in
2478 3415 2585 3455 uno
2619 3401 2838 3459 Christo
2867 3416 2990 3474 post
3035 3409 3294 3465 unionem
3324 3411 3510 3468 dividit
3552 3415 3654 3486 hy-

357 3518 474 3565 σεις
502 3503 649 3573 μετά
708 3503 810 3575 τὴν
839 3502 1055 3569 ἕνωσιν,
1115 3504 1254 3574 μόνῃ
1290 3503 1579 3558 συνάπτων
1629 3504 1800 3569 αύτάς
1837 3522 1962 3559 συν·-

2063 3497 2344 3556 postases,
2397 3489 2654 3562 ipsasque
2695 3502 2907 3551 tantum
2957 3500 3344 3570 conjunctione
3398 3504 3538 3559 inter
3590 3521 3649 3562 si:

354 3594 525 3666 αφείᾳ
552 3599 623 3667 τῇ
660 3598 807 3649 κατά
837 3594 936 3666 τὴν
961 3595 1120 3662 ἀξίαν
1148 3635 1164 3660 ,
1196 3595 1365 3665 ῆγουν
1397 3595 1705 3660 αύθεντίαν,
1735 3597 1768 3668 ἢ
1803 3595 1963 3651 δυνα-

2064 3581 2361 3646 connectit,
2396 3596 2515 3651 quae
2547 3587 2847 3641 secundum
2881 3589 3223 3660 dignitatem,
3256 3592 3370 3648 sive
3410 3599 3650 3651 auctori-

355 3686 545 3741 στείαν
570 3728 585 3753 ,
627 3687 729 3740 καὶ
759 3687 883 3757 οὐχὶ
913 3685 980 3757 δὴ
1030 3684 1234 3756 μᾶλλον
1266 3686 1470 3758 συνόδῳ
1499 3689 1565 3761 τῇ
1604 3687 1727 3742 καθ’
1766 3687 1959 3743 ἕνωσιν

2065 3679 2254 3739 tatem,
2287 3672 2369 3728 vel
2405 3684 2755 3743 potestatem,
2783 3687 2837 3733 et
2872 3695 2976 3734 non
3009 3684 3188 3750 potius
3227 3700 3521 3754 concursu,
3559 3692 3650 3760 qui

354 3780 601 3848 φυσικήν
626 3795 641 3808 ·
668 3777 925 3849 ἀνάθεμα
955 3776 1115 3833 ἔστω.

2061 3770 2148 3817 est
2180 3764 2478 3819 secundum
2510 3767 2816 3822 naturalem
2848 3771 3134 3826 unionem:
3164 3779 3452 3832 anathema
3483 3779 3576 3837 sit.

682 3890 1073 3959 Ἀντίρῤησις
1096 3888 1216 3943 τῶν
1247 3890 1658 3946 Ἀνατολικῶν.

2438 3877 2598 3949 164
2643 3878 2997 3935 Orientalium
3042 3884 3284 3953 objertio.

424 3982 606 4036 Πάλιν
639 3981 809 4034 αὐτὸν
829 3981 938 4035 τῶν
970 3980 1137 4035 αὑτοῦ
1170 3983 1559 4053 ὑπομνήσομεν
1582 3993 1609 4032 τι
1637 3982 1832 4051 λόγων,
1856 3984 1959 4039 δει-

2128 3966 2330 4024 lterum
2351 3968 2500 4023 illum
2526 3986 2745 4026 suorum
2765 3977 3317 4034 commonefaciemus
3332 3979 3642 4048 verborum,

370 4072 581 4137 κνύντες
609 4072 782 4126 αὑτὸν
819 4072 914 4126 δύο
943 4074 1272 4138 ὑποστάσεις
1300 4074 1548 4144 λέγοντα,
1584 4075 1642 4127 ὲν
1678 4069 1761 4137 οἷς
1792 4092 1956 4146 φησιν

2059 4060 2409 4116 ostendentes
2454 4062 2630 4130 ipsum
2659 4064 2795 4119 duas
2821 4065 3202 4124 subsistentias
3238 4071 3458 4127 dixisse.
3504 4073 3646 4131 Dicit

373 4168 431 4221 ἐν
450 4166 521 4236 τῷ
539 4169 746 4239 πρώτῳ
771 4168 948 4237 τόμῳ’
983 4167 1191 4222 Οὐκοῦν
1216 4168 1338 4220 ὅσον
1364 4168 1441 4230 εἰς
1484 4166 1619 4220 ἰδίαν
1644 4166 1827 4235 φύσιν,
1856 4167 1955 4238 οὐχ

2056 4151 2200 4205 enim
2230 4151 2283 4205 in
2306 4152 2479 4220 primo
2512 4165 2657 4209 tomo
2695 4173 2709 4210 :
2747 4155 2930 4225 Itaque
2957 4171 3219 4227 quantum
3246 4163 3312 4216 ad
3353 4179 3506 4218 suam
3543 4182 3639 4220 na-

369 4260 620 4330 ἡγίασται
652 4260 821 4329 μόνος
852 4260 882 4311 ό
922 4261 989 4313 ὲκ
1039 4258 1175 4312 Θεοῦ
1209 4260 1429 4331 Πατρὺς
1468 4259 1641 4327 Λόγος
1666 4275 1677 4287 '
1719 4261 1767 4312 εί
1801 4259 1857 4312 δὲ
1887 4259 1950 4331 δή

2060 4250 2259 4305 turam,
2290 4257 2396 4296 non
2432 4245 2835 4300 sanctiﬁcatum
2868 4257 2952 4304 est
2975 4250 3148 4304 solum
3178 4250 3270 4306 Dei
3303 4252 3482 4311 Patris
3510 4257 3642 4311 Ver-

360 4366 438 4415 τις
466 4351 636 4405 olom)
663 4351 761 4404 τὸν
804 4351 870 4407 ὲκ
901 4351 999 4421 τῆς
1044 4349 1210 4420 ἁγίας
1254 4350 1530 4422 Παρθένου
1554 4351 1952 4422 γεγεννημένον

2055 4332 2205 4387 bum.
2236 4332 2291 4388 Si
2325 4342 2503 4390 autem
2537 4338 2661 4406 quis
2695 4339 2991 4409 putaverit,
3037 4357 3184 4409 eum,
3219 4345 3308 4414 qui
3344 4362 3409 4401 ex
3454 4359 3636 4403 sancta

356 4441 649 4511 κεχρῖσθαί
703 4457 765 4493 τε
829 4440 924 4493 καὶ
972 4440 1231 4511 ἡγιάσθαι
1313 4440 1494 4510 μόνον,
1552 4441 1807 4513 ταύτῃτοι
1856 4441 1952 4495 καὶ

2054 4423 2277 4495 Virgine
2325 4426 2538 4495 genitus
2583 4437 2688 4495 est,
2722 4438 2945 4486 unctum
2980 4447 3100 4488 esse
3145 4444 3197 4489 et
3245 4438 3636 4492 sanctiﬁcatum

349 4532 678 4602 ὠνομάσθαι
732 4531 865 4585 Θεόν
889 4542 911 4569 ι’
943 4548 957 4561 ·
993 4531 1113 4595 πῶς
1144 4524 1248 4585 ὀὖν
1271 4532 1347 4594 ὡς
1400 4531 1792 4602 ἐπιλαθόμενος
1841 4533 1950 4587 τῶν

2054 4514 2248 4581 solum,
2268 4517 2371 4572 hac
2392 4518 2600 4574 ratione
2622 4522 2786 4575 etiam
2815 4515 3150 4579 nominatum
3168 4525 3461 4586 Christum.
3497 4529 3639 4596 Quo-

346 4625 574 4692 ὲαυτοῦ,
598 4627 682 4688 εἰς
713 4624 846 4695 μίαν
875 4625 1173 4678 ὑπόστασιν
1199 4624 1419 4694 συνάγει
1446 4625 1689 4694 συγχέων
1714 4624 1812 4688 τὰς
1842 4625 1944 4694 φύ-

2054 4609 2214 4664 modo
2262 4610 2450 4679 igitur,
2498 4615 2655 4681 quasi
2690 4616 2894 4671 oblitus
2940 4633 3162 4671 suorum
3206 4620 3522 4699 ‘verhorum,
3569 4625 3635 4677 ad

350 4735 491 4781 σεις,
524 4717 772 4786 φυσικὴν
803 4715 904 4788 τὴν
938 4716 1091 4770 θείαν
1119 4716 1312 4770 ἕνωσιν
1350 4716 1675 4781 ἀποκαλῶν;
1723 4717 1833 4770 Καὶ
1860 4717 1946 4780 τίς

2054 4718 2217 4756 unam
2261 4703 2576 4773 hypostasin
2623 4706 2788 4773 cogit,
2824 4716 3044 4762 naturas
3075 4708 3432 4776 confundens,
3478 4724 3638 4767 natu-

348 4826 480 4861 ποτε
514 4808 888 4880 παραδέξεται
919 4808 1157 4879 φυσικὴν
1185 4808 1284 4879 τὴν
1319 4807 1469 4862 θείαν
1491 4809 1685 4862 ἕνωσιν
1713 4807 1808 4862 τοῦ
1844 4825 1946 4879 μυ-

2047 4795 2217 4851 ralem
2253 4797 2490 4851 divinam
2542 4798 2839 4854 unitionem
2887 4801 3216 4858 nominans?
3258 4804 3320 4857 Et
3371 4805 3492 4874 quis
3537 4823 3635 4862 un-

348 4902 581 4971 στηρίου
626 4901 727 4972 τῆς
770 4901 1124 4971 οἰκονομίας;
1157 4900 1220 4952 Εἰ
1267 4899 1379 4971 γὰρ
1416 4900 1621 4969 φυσικὴ
1661 4902 1695 4971 ὴ
1727 4900 1940 4966 ἒνωσις,

2047 4902 2208 4957 quam
2246 4887 2496 4943 admittet
2528 4889 2831 4945 naturalem
2858 4892 3096 4945 divinam
3131 4894 3430 4949 unitionem
3468 4896 3518 4950 in
3549 4913 3635 4953 sa-

349 4994 449 5046 ποῦ
477 4995 513 5062 ή
556 4993 757 5064 χὰρις;
788 4991 893 5046 ποῦ
926 4993 990 5047 τὸ
1044 4990 1188 5046 θεῖον
1226 4992 1558 5063 μυστήριονς
1587 4993 1653 5045 Αἱ
1692 4993 1801 5064 γὰρ
1835 4992 1942 5062 φύ-

2047 4989 2328 5035 cramento
2357 4981 2820 5048 dispensationis?
2866 4983 2922 5038 Si
2960 4983 3105 5039 enim
3146 4986 3412 5042 naturalis
3440 4989 3630 5055 unitio,

351 5101 484 5151 σεις,
515 5086 600 5149 ὡς
631 5084 1016 5155 δεδιδάγμεθα,
1044 5082 1191 5151 ἅπαξ
1219 5083 1371 5154 παρὰ
1407 5083 1501 5137 τοῦ
1517 5083 1777 5149 τάξαντος
1803 5083 1939 5137 Θεοῦ

2048 5071 2139 5125 ubi
2194 5072 2408 5140 gratia?
2471 5071 2561 5126 ubi
2614 5071 2857 5128 divinum
2910 5074 3357 5132 sacramentum?
3416 5077 3634 5137 Natura:

346 5179 637 5244 πατεῖσαι,
673 5176 922 5246 ἀνάγκης
968 5174 1265 5246 ἀκολουθία
1289 5182 1311 5210 ⁸
1352 5173 1727 5228 δουλεύουσιν·
1777 5175 1811 5245 ἢ
1844 5176 1942 5229 καὶ

2046 5163 2215 5228 enim,
2254 5172 2310 5217 ut
2337 5164 2517 5219 edocti
2551 5179 2759 5230 sumus,
2785 5165 2953 5221 semel
2983 5165 3052 5220 ab
3075 5168 3364 5225 ordinante
3396 5169 3508 5225 Deo
3537 5187 3631 5226 or-

340 5266 501 5322 ισται
534 5267 706 5322 πάλιν
737 5267 881 5321 κατὰ
914 5265 1310 5336 ἅνακύκλησιν,
1343 5266 1438 5320 καὶ
1476 5262 1690 5336 φύσεώς
1714 5266 1939 5321 ἀκολου-

2028 5254 2280 5325 dinatae,
2348 5256 2672 5311 necessariis
2720 5259 3126 5329 consequentiis
3172 5261 3442 5318 serviunt.
3490 5260 3627 5318 Num

342 5356 466 5414 θίαν
500 5359 566 5412 τὸ
593 5358 696 5427 τῆς
734 5358 1052 5429 οἰκονομίας
1092 5360 1281 5431 χρῆμα
1319 5356 1461 5411 κατά
1489 5356 1581 5411 τὸν
1608 5356 1793 5430 λῆρον,
1840 5357 1936 5412 καὶ

2044 5346 2207 5401 etiam
2245 5346 2442 5401 iterum
2471 5347 2578 5403 erit
2609 5350 2905 5406 secundum
2934 5351 3324 5407 revolutionem
3347 5362 3402 5407 et
3421 5363 3630 5411 natura:

342 5447 569 5520 μυθώδη
615 5448 719 5519 τῆς
756 5448 1252 5520 χιλιονταετηρίδος
1278 5446 1375 5502 τοῦ
1408 5446 1728 5516 δυσωνύμου
1771 5446 1932 5502 Ἀπο-

2041 5438 2488 5508 consequentiam
2542 5439 2965 5510 dispensationis
3024 5456 3160 5513 Opus
3215 5443 3368 5513 juxta
3426 5445 3625 5502 delira-

338 5536 594 5615 λιναριου
622 5540 904 5612 unum;
2040 5537 2249 5676 mentad,
2282 5529 2638 5675 l'ahulos?aque
2676 5532 2823 5588 mille
2854 5548 3120 5591 annorum
3164 5535 3387 5594 infausti
3416 5536 3628 5610 Apolli-

2043 5621 2183 5676 narii
2251 5629 2466 5676 oemata

2043 5637 2109 5677 na
2119 5621 2183 5677 rii
2212 5621 2466 5693 dogmata

1400 5758 1579 5815 Variae
1598 5759 1858 5815 lectiones
1890 5772 1953 5815 ex
1981 5757 2170 5816 codice
2194 5757 2570 5828 Seguieriano.

852 5858 881 5869 υ,

403 5926 431 5971 tl
465 5917 898 5990 ὑπομνήσωμεν.
984 5926 1005 5955 τ
1037 5915 1291 5991 Χριστόν.
1375 5926 1396 5956 ³
1431 5915 1703 5985 ταγεῖσαι,
1736 5913 2003 5985 ἀνάγκαις
2034 5913 2381 5986 ἀκολουθίας,
2407 5917 2446 5986 ἣ
2479 5916 2647 5984 ἴσως,
2692 5919 3031 5990 ἀναγκαίαις
3054 5922 3416 5989 ἀκολουθίαις.
