4080 6422
560 445 665 501 527
1557 437 1618 492 S.
1658 433 1935 491 CYIllLLl
1975 432 2449 492 ALEXANDRINI
2486 437 2803 494 ARCIIIEP.
3554 390 3561 399 .
3734 439 3839 496 528

1111 550 1302 621 Cyrilli
1344 549 1600 619 defensio.
2186 555 2232 610 Α

2186 555 2232 610 Α
2728 555 3039 623 Ἀπολογία
3067 554 3389 621 [inp/11(1).

640 665 863 721 Divinus
899 663 1117 728 Paulus,
1142 663 1413 733 quomodo
1443 662 1641 716 factum
1672 664 1741 717 sit
1768 663 1930 716 homo
1965 662 2151 733 unige-

2337 664 2393 716 'D
2424 665 2709 729 Θεσπέσιος
2757 666 3078 730 Παῦλοςοτό,
3122 667 3245 721 τίνα
3275 668 3339 739 δὴ
3376 666 3582 737 τρόπον
3616 669 3840 738 γέγονεν

564 762 737 814 nitum
776 758 867 812 Dei
908 755 1165 820 Verbum,
1191 766 1247 809 ut
1274 756 1446 810 ﬁdelis
1470 754 1810 824 dispensator
1845 769 2153 809 sacramen-

2254 755 2540 825 ἅνθρωπος
2596 757 2623 807 ό
2674 757 2975 827 μονογενὴς
3018 756 3112 809 τοῦ
3169 756 3303 810 Θεοῦ
3352 758 3557 826 Λόγος,
3610 761 3841 831 ἐναργὲς

565 862 739 903 ιυι·ιιιιι
771 848 861 901 Dei
886 848 955 911 ⁸⁷,
974 857 1027 901 et
1057 848 1227 917 ipsum
1251 846 1456 899 habens
1486 846 1538 898 in
1572 860 1630 899 se
1658 845 1963 911 loquentem
1991 844 2151 899 Chri-

2252 846 2424 898 ἅπασι
2455 846 2737 911 καθιστὰς,
2775 848 2851 911 ὡς
2884 847 3165 916 οἰκονόμος
3199 850 3518 919 μυστηρίων
3549 849 3707 914 Θεοῦ,
3741 852 3841 904 καὶ

562 954 703 995 stum
733 941 799 1005 ⁵⁸,
838 939 1123 993 manifeste
1154 938 1407 991 omnibus
1434 937 1732 992 ostendens
1766 957 1777 990 :
1813 955 1832 988 ι
1861 935 1977 991 Non
2005 937 2150 991 enim

2254 937 2413 990 αὑτὸν
2463 936 2599 1006 ἔχων
2635 940 2691 991 ἐν
2750 939 2928 1007 ἐαυτῷ
2961 938 3226 993 λαλοῦντα
3257 941 3527 1011 Χριστόν·
3565 961 3584 989 ο
3608 944 3684 995 Οὐ
3726 944 3841 1012 γὰρ

486 1030 489 1033 ’
563 1033 784 1101 angelos
815 1030 1193 1100 apprehendit,
1218 1030 1416 1099 inquit,
1447 1030 1539 1082 sed
1573 1043 1756 1083 semen
1793 1028 2026 1083 Abrahze
2055 1045 2097 1098 al

2251 1026 2315 1096 δή
2356 1043 2455 1078 που
2486 1027 2733 1095 ἀγγέλων
2783 1027 3235 1098 ἐπιλαμϐάνεται,
3276 1030 3464 1099 φησιν,
3490 1031 3628 1086 ἀλλὰ
3664 1032 3839 1103 σπέρ-

562 1124 934 1191 prelicndit”.
967 1142 984 1173 ι
1013 1121 1164 1176 Unde
1183 1122 1438 1189 oportuit.
1464 1137 1588 1175 cum
1625 1136 1720 1189 per
1753 1122 1936 1175 omnia
1965 1120 2151 1175 fratri-

2255 1134 2425 1187 ματος
2459 1118 2711 1189 Ἀϐραάμ
2750 1119 3215 1189 ἐπιλαμϐάνεται·
3259 1140 3277 1171 ι
3320 1122 3442 1174 ὅθεν
3466 1121 3665 1191 ὤφειλε
3692 1125 3837 1179 κατὰ

565 1218 662 1268 bus
693 1216 920 1267 similem
957 1212 1101 1278 ﬁeri,
1135 1222 1190 1264 ut
1227 1212 1536 1266 misericors
1557 1220 1610 1266 et
1644 1210 1815 1265 ﬁdelis
1834 1211 1987 1265 ﬁeret
2020 1227 2152 1281 pon-

2252 1212 2430 1264 πάντα
2463 1214 2573 1274 τοῖς
2604 1211 2850 1281 ἀδελφοῖς
2877 1196 3239 1283 ὁμοιωθῆναι,
3271 1215 3358 1267 ἵνα
3388 1215 3639 1287 ἐλεήμων
3668 1219 3834 1287 γένηο

556 1307 693 1360 til’ex
728 1306 777 1358 in
813 1304 917 1367 his,
955 1318 1073 1372 qua:
1103 1303 1170 1355 ad
1207 1301 1375 1355 Deum
1408 1301 1474 1355 ⁸⁸.
1514 1300 1624 1356 Nos
1648 1316 1779 1355 vero
1811 1311 1869 1353 ut
1904 1300 2149 1354 rectissi-

2251 1319 2358 1366 ται,
2379 1303 2473 1354 καὶ
2499 1303 2689 1367 πιστὸς
2721 1303 3011 1375 ἀρχιερεὺς
3040 1305 3107 1358 τὰ
3142 1305 3279 1375 πρὸς
3293 1307 3384 1360 τὸν
3405 1307 3555 1361 Θεόν.
3574 1308 3635 1362 ’Π
3645 1313 3759 1379 μεῖς
3770 1311 3836 1363 δι

565 1415 649 1454 me
698 1400 967 1466 prolatum
1002 1396 1103 1449 hoc
1138 1393 1356 1447 dictnm'
1390 1404 1575 1447 nostra
1629 1393 1900 1447 sententia
1950 1392 2145 1462 proba-

2250 1395 2371 1455 ταϊς
2410 1394 2489 1455 είς
2525 1393 2794 1464 ὀρθότητα
2841 1393 3041 1464 ψήφοις
3096 1397 3486 1465 στεφανοῦντες
3517 1399 3576 1452 τὸ
3606 1402 3836 1470 εἰρημέ-

563 1503 700 1551 mus,
731 1492 1022 1553 sequentes
1053 1482 1255 1550 ultique
1291 1481 1554 1535 divinitus
1581 1482 1875 1550 inspiratas
1897 1480 2150 1550 Scriptu-

2249 1499 2359 1545 vov,
2383 1483 2641 1553 ἑπόμενοί
2671 1501 2731 1537 τε
2754 1487 3001 1556 πανταχῆ
3024 1489 3141 1549 ταῖς
3162 1486 3539 1553 θεοπνεύστοις
3566 1491 3833 1561 Γραφαῖς,

562 1595 671 1641 ras,
709 1588 762 1631 et
806 1577 961 1629 valde
1002 1574 1338 1628 admirantes
1388 1572 1763 1643 theologorum
1814 1585 1997 1635 voces,
2044 1570 2151 1623 imo

2249 1575 2343 1628 καὶ
2374 1576 2475 1639 τὰς
2521 1575 2628 1629 τῶν
2663 1575 2943 1649 θεηγόρων
2975 1580 3162 1646 φωνὰς
3195 1580 3290 1633 τοῦ
3327 1582 3529 1645 παντὸς
3555 1583 3835 1650 ἀξιοῦντες

560 1684 653 1723 eas
691 1685 785 1735 pro
828 1665 1031 1720 divinis
1079 1665 1286 1735 legibus
1323 1663 1610 1729 habentes,
1649 1662 1881 1717 dicimus
1914 1659 2006 1715 Dei
2044 1659 2148 1714 Pa-

2249 1665 2547 1737 θαύματος,
2582 1669 2781 1739 μᾶλλον
2819 1669 2876 1723 δὲ
2923 1670 3018 1723 καὶ
3069 1671 3247 1735 θείους
3289 1672 3580 1744 ἡγούμενοι
3612 1678 3827 1747 νόμους,

563 1761 658 1812 liis“
691 1757 923 1810 Verbum
974 1770 1080 1808 non
1132 1752 1562 1823 apprehendisse
1606 1765 1786 1821 neque
1834 1761 2147 1805 sanctorum

2249 1759 2310 1811 οὐ
2342 1759 2443 1828 τῆς
2485 1759 2597 1813 τῶν
2649 1760 2823 1829 ἁγίων
2877 1763 3146 1831 ἀγγέλων,
3176 1763 3299 1817 οὔτε
3343 1767 3449 1836 μὴν
3489 1770 3587 1838 τῆς
3632 1770 3827 1823 ἐαυτοῦ

486 1890 493 1897 .
561 1850 899 1920 angelorum,
935 1863 1110 1919 neque
1133 1863 1286 1903 suam
1318 1857 1566 1900 naturam
1601 1844 1917 1901 :credimus
1943 1853 2097 1899 auten

2218 1912 2219 1919 γ
2250 1848 2462 1917 φύσεως
2499 1851 2852 1906 ἐπιλαϐέσθαι
2888 1855 3069 1924 φαμὲν
3099 1856 3193 1909 τὸν
3225 1860 3290 1909 ἐκ
3319 1857 3455 1911 Θεοῦ
3485 1859 3701 1929 [ἰατρὸς
3727 1862 3829 1914 Λό-

559 1943 855 1998 seeundum
881 1941 1023 2010 quod
1049 1940 1223 1995 sacris
1255 1937 1478 1992 Litteris
1515 1937 1752 2002 videtur,
1781 1936 1924 2006 quod
1955 1936 2147 1990 obum-

2212 1936 2378 2009 ’γονο
2428 1944 2875 2016 πεπιστεύκαμεν
2933 1946 3013 2011 δὲ,
3067 1947 3152 2000 ὅτι
3200 1948 3339 2002 κατὰ
3391 1948 3452 2001 τὸ
3496 1953 3606 2012 τοῖς
3664 1952 3823 2023 ἱεροῖς

560 2038 722 2092 brans
756 2045 957 2090 sanclae
992 2034 1226 2102 Virgini,
1272 2042 1457 2102 utpote
1489 2030 1663 2085 virtus
1689 2030 1958 2084 exsistens
1992 2029 2146 2083 altis-

2249 2035 2288 2087 Γ
2294 2036 2544 2107 ράμμασι
2573 2035 2783 2099 δοκοῦν,
2813 2039 3143 2103 ἐπισκιάσας
3164 2044 3232 2112 τῇ
3266 2042 3399 2112 ἁγία
3428 2042 3706 2114 Παρθένῳ,
3726 2044 3817 2097 ἅτε

557 2127 680 2179 simi
719 2124 915 2189 Patris,
953 2122 1210 2177 formavit
1245 2122 1345 2176 sibi
1385 2135 1585 2189 corpus
1616 2134 1683 2173 ex
1720 2118 1832 2186 illa,
1874 2129 2145 2173 verumta-

2246 2129 2310 2201 δὴ
2352 2130 2443 2183 καὶ
2496 2129 2727 2201 δύναμις
2769 2128 2848 2184 ὢν
2880 2132 2975 2185 τοῦ
3033 2131 3256 2201 ὑψίστου
3312 2133 3549 2205 Πατρὸς,
3596 2135 3821 2190 ἔπλασεν

559 2232 678 2269 men
708 2232 802 2285 per
832 2215 1207 2285 operationem
1238 2212 1411 2268 sancti
1445 2211 1713 2283 Spiritus;
1748 2222 1800 2267 et
1829 2211 2025 2267 factum
2062 2223 2146 2266 est

2249 2221 2427 2291 ἐαυτῷ
2460 2220 2521 2273 τὸ
2561 2222 2721 2292 σῶμα
2748 2222 2810 2275 τὸ
2844 2222 2903 2287 ἐξ
2934 2224 3127 2293 αὐτῆς,
3165 2225 3304 2297 πλὴν
3331 2225 3398 2279 δι’
3426 2227 3703 2297 ἐνεργείας
3731 2228 3822 2281 τοῦ

558 2311 738 2376 hou.o,
774 2307 1213 2378 appellatumque
1256 2313 1340 2359 est
1375 2304 1517 2359 ﬁlius
1546 2304 1777 2359 Abrahre
1812 2313 1866 2358 et
1895 2305 2142 2368 Davidis;

2249 2313 2405 2382 ἁγίου
2446 2312 2762 2381 Πνεύματος
2786 2330 2800 2344 ·
2842 2315 2937 2367 καὶ
2971 2316 3196 2384 γέγονεν
3210 2315 3518 2388 ἄνθρωπος,
3547 2319 3827 2389 κεχρημά-

558 2418 660 2454 non
701 2400 958 2454 amittens
998 2409 1218 2468 propter
1248 2396 1668 2461 humanitatem,
1694 2395 1836 2467 quod
1879 2396 1949 2449 sit
1979 2395 2143 2449 Filius

2246 2406 2364 2459 τικέ
2390 2422 2447 2459 τε
2506 2406 2602 2459 καὶ
2640 2406 2754 2468 υἱὸς
2794 2405 3065 2477 Ἀϐραὰμ,
3097 2408 3190 2461 καὶ
3214 2408 3382 2461 Δαυῖδ
3396 2422 3408 2437 ⁸
3445 2408 3546 2462 οὐκ
3581 2410 3826 2479 ἀπεμπο-

559 2494 649 2545 Dei
679 2501 733 2545 et
772 2490 949 2544 Patris
991 2488 1289 2543 secundum
1338 2488 1659 2551 veritatem;
1707 2502 1932 2542 manens
1962 2498 2141 2542 autem

2247 2500 2415 2568 λήσας
2448 2499 2536 2553 διὰ
2601 2498 2663 2551 τὸ
2706 2499 3047 2570 ἀνθρώπινον
3089 2501 3155 2553 τὸ
3206 2497 3345 2554 εἶναι
3380 2503 3520 2556 κατὰ
3569 2502 3816 2573 ἀλήθειαν

558 2583 761 2649 potius,
794 2581 1045 2651 quamvis
1074 2578 1276 2634 factum
1309 2579 1380 2633 sit
1412 2593 1562 2641 caro,
1601 2576 1757 2648 165
1792 2578 1843 2631 in
1874 2590 2064 2633 natura
2090 2590 2144 2633 et

2247 2591 2376 2653 Υἱὸς
2406 2588 2500 2642 τοῦ
2534 2588 2694 2664 θεοῦ,
2742 2591 2837 2643 καὶ
2884 2591 3117 2663 Πατρὸς,
3158 2592 3482 2664 μεμενηκὼς
3514 2595 3571 2648 δέ
3601 2596 3810 2665 μᾶλλον,

555 2673 847 2726 eminentia
866 2679 917 2723 et
943 2668 1112 2738 gloria
1132 2668 1370 2721 deitatis.
1406 2664 1760 2721 lmmutabilis
1788 2667 1931 2721 enim
1965 2677 2068 2731 est,
2089 2676 2143 2720 et

2247 2682 2340 2734 καὶ
2381 2684 2431 2734 εί
2480 2681 2674 2751 γέγονε
2712 2683 2869 2754 σὰρξ,
2899 2686 2956 2738 ἐν
3008 2684 3171 2754 φύσει
3197 2703 3257 2739 τε
3301 2688 3398 2741 καὶ
3431 2664 3694 2759 ὑπεροχῇ,
3730 2688 3817 2742 καὶ

555 2763 907 2819 conversione
925 2758 1217 2830 potentior,
1234 2769 1291 2812 ut
1311 2757 1471 2812 Deus.
1490 2757 1581 2812 Est
1596 2758 1759 2828 igitur
1775 2774 1914 2813 unus
1930 2768 1985 2812 et
1998 2757 2139 2811 idem

2244 2773 2368 2846 δόξῃ
2420 2772 2700 2843 θεότητοςο
2736 2775 3092 2840 ἀναλλοίωτος
3119 2777 3227 2848 γάρ
3277 2779 3415 2845 ἐστι,
3468 2757 3563 2834 καιι

553 2864 605 2906 et
631 2850 797 2906 Filius
820 2860 873 2904 et
898 2849 1156 2903 Dominus
1184 2857 1236 2902 et
1279 2857 1405 2901 ante
1443 2857 1496 2901 et
1534 2858 1655 2917 post
1688 2848 2136 2904 incarnationem.

2244 2866 2503 2936 ἀμείνων,
2532 2865 2607 2928 ὡς
2628 2866 2778 2929 θεός.
2812 2867 2969 2920 Ἐστι
3007 2870 3025 2903 ι
3057 2868 3238 2922 τοίνυν
3264 2866 3346 2932 εἷς
3369 2887 3430 2923 τε
3479 2871 3574 2925 καὶ
3606 2871 3636 2923 ὁ
3655 2848 3818 2935 αὐτος

557 2945 804 2999 Dividere
828 2952 1007 2997 autem
1038 2956 1202 2994 unum
1241 2940 1292 2994 in
1322 2939 1456 2995 duos
1487 2940 1645 3009 lilios,
1674 2949 1728 2996 et
1754 2941 1966 2998 solvere
2001 2957 2140 2996 verte

2246 2958 2392 3023 Υἱὸς,
2422 2959 2514 3012 καὶ
2543 2959 2749 3029 Κύριος
2780 2959 2873 3012 καὶ
2899 2959 3005 3027 πρὸ
3056 2960 3157 3029 τῆς
3186 2960 3536 3033 σαρκώσεως,
3556 2963 3654 3017 καὶ
3684 2963 3821 3035 μιτά

554 3036 812 3116 unitionis
856 3049 1016 3105 opus,
1051 3033 1435 3100 distinguendo
1475 3048 1743 3098 seorsum,
1792 3043 1847 3089 et
1892 3036 2139 3106 ponendo

2242 3051 2341 3122 τὴν
2366 3051 2663 3123 σάρκωσιν.
2688 3052 2798 3105 Καὶ
2823 3051 2884 3104 τὸ
2911 3051 3141 3123 διαιρεῖν
3173 3056 3253 3117 είς
3284 3054 3435 3117 υίοὺς
3464 3055 3557 3109 δύο
3583 3033 3817 3123 ωνήένα,

552 3128 802 3199 privatim
824 3127 1122 3189 hominem,
1142 3136 1195 3178 et
1224 3124 1476 3194 privatim
1504 3125 1692 3192 Deum,
1718 3126 1925 3181 crimen
1973 3137 2058 3180 est
2082 3125 2136 3180 in

2242 3143 2339 3197 καὶ
2366 3143 2427 3196 τὸ
2463 3144 2563 3213 τῆς
2594 3142 2827 3213 ἀληθοῦς
2859 3142 3105 3208 ἐνώσεως
3150 3144 3454 3216 παραλύειν
3497 3147 3709 3217 χρῆμα,
3741 3148 3819 3201 δι-

551 3224 739 3294 primis
772 3222 1014 3290 impium.
1046 3217 1215 3273 Porro
1240 3217 1520 3273 Nestorius
1548 3219 1650 3273 ista
1683 3234 1870 3288 parum
1907 3235 2134 3288 curans,

2206 3233 2211 3292 ζ
2248 3234 2503 3295 ιστάντας
2535 3233 2636 3286 ἀνὰ
2678 3231 2864 3303 μέρος,
2902 3234 2998 3286 καὶ
3029 3232 3278 3298 τιθέντας
3304 3234 3485 3298 ίδικῶς
3512 3235 3817 3307 ἄνθρωπον,

550 3315 710 3369 audet
746 3313 875 3383 ipsis
904 3310 1171 3365 verbissic
1197 3310 1380 3364 dicere
1413 3327 1426 3363 :
1462 3327 1480 3360 ι
1509 3309 1620 3365 lloc
1650 3310 1852 3365 sentite
1870 3310 1923 3364 in
1955 3311 2135 3376 vobis,

2242 3326 2335 3377 καὶ
2364 3322 2547 3385 ίδικῶς
2569 3322 2721 3386 Θεὸν,
2753 3322 3072 3386 δυσσεϐείας
3103 3322 3215 3393 ἔχει
3249 3322 3351 3393 τῆς
3391 3324 3653 3378 ἀνωτάτω
3684 3342 3817 3396 γρα-

550 3409 693 3476 quod
727 3404 849 3457 etin
881 3402 1100 3457 Christo
1124 3399 1273 3462 Jesu,
1309 3399 1476 3470 quiin
1510 3399 1682 3455 forma
1716 3400 1808 3455 Dei
1840 3401 2135 3466 exsistens,

2240 3420 2367 3488 φήν.
2414 3414 2599 3482 Ὀλίγα
2625 3425 2653 3452 ιι
2685 3413 2741 3466 δὲ
2785 3413 2977 3467 τούτου
3031 3415 3411 3487 πεφροντικὼς
3435 3418 3464 3469 ὁ
3499 3416 3814 3489 Νεοτόριος,

548 3499 787 3567 seipsum
813 3493 1135 3556 exinanivil,
1164 3491 1392 3545 formam
1415 3492 1557 3546 servi
1583 3492 1858 3561 accipiens
1878 3493 1979 3546 ⁸⁸.»
2020 3492 2134 3547 Non

2236 3507 2572 3577 τετόλμηκεν
2593 3504 2768 3557 εἰπεῖν
2800 3505 2992 3567 αὑταῖς
3012 3505 3225 3571 λέξεσιν
3249 3507 3444 3570 οὕτως·
3468 3506 3669 3560 «Τοῦτο
3689 3525 3811 3579 φρο-

547 3591 687 3643 dixit
728 3604 745 3641 :
792 3587 901 3640 lloe
936 3588 1135 3639 sentite
1170 3584 1222 3636 in
1256 3582 1425 3648 vobis,
1451 3583 1593 3651 quod
1623 3594 1679 3637 et
1712 3584 1763 3637 in
1797 3583 1907 3638 Deo
1935 3582 2132 3650 Verbo,

2238 3598 2435 3653 νείσθω
2462 3599 2519 3652 ἐν
2557 3597 2705 3670 ὑμῖν,
2733 3596 2762 3650 ὃ
2795 3597 2886 3650 καὶ
2912 3598 2971 3650 ἐν
3002 3597 3228 3668 Χριστῷ
3270 3597 3444 3667 Ἰησοῦ
3469 3615 3483 3628 ο
3519 3599 3578 3662 ὃς
3607 3600 3666 3651 ἐν
3693 3616 3819 3670 μορ-

546 3679 690 3749 quod
718 3678 768 3732 in
789 3677 960 3730 l'urmu
988 3676 1078 3729 Del
1099 3674 1391 3740 exsistens,
1424 3675 1568 3729 servi
1596 3674 1827 3729 formam
1860 3677 2129 3746 suscepit:

2237 3694 2311 3763 φῇ
2364 3690 2499 3744 Θεοῦ
2528 3689 2814 3760 ὑπάρχων,
2862 3689 3057 3742 ἐαυτὸν
3083 3691 3340 3754 ἐκένωσε,
3381 3692 3596 3761 μορφὴν
3629 3691 3815 3745 δούλου

548 3774 640 3827 sed
668 3787 787 3825 cum
819 3771 1122 3839 accepisset
1155 3767 1257 3821 hoc
1278 3781 1500 3830 nomen,
1532 3766 1803 3831 Christus,
1832 3768 2131 3822 utduarnm

2235 3783 2435 3838 λαϐὼν.
2467 3802 2485 3835 ι
2522 3783 2636 3837 Οὐκ
2666 3776 2807 3846 εἶπε,
2839 3778 3012 3835 Τοῦτο
3046 3783 3350 3853 φρονείσοω
3390 3785 3448 3837 ἐν
3485 3784 3634 3853 ὑμῖν,
3665 3783 3694 3837 ὅ
3724 3785 3811 3838 καὶ

546 3874 857 3917 naturarum
874 3861 1289 3932 appellationem
1314 3858 1752 3928 signiﬁcativam,
1767 3858 1883 3914 sine
1895 3858 2132 3930 periculo

2235 3876 2294 3928 ἐν
2327 3872 2406 3945 τῷ
2433 3872 2552 3943 Θεῷ
2583 3872 2773 3940 Λόγῳ,
2807 3869 2864 3934 ὃς
2902 3872 2960 3922 ἐν
3002 3872 3184 3942 μορφῇ
3218 3869 3355 3924 Θεοῦ
3388 3872 3673 3944 ὑπάρχων,
3704 3872 3807 3925 δού-

545 3961 718 4027 ipsum
771 3967 825 4010 et
869 3956 1010 4009 servi
1056 3954 1286 4008 formam
1327 3954 1461 4008 dicit
1508 3954 1835 4025 suscepisse,
1872 3964 1925 4010 et
1960 3956 2128 4011 Deum

2234 3960 2325 4014 λου
2360 3960 2576 4032 μορφὴν
2605 3959 2797 4012 ἐλαϐεν
2818 3957 2996 4011 «me
3023 3958 3204 4013 λαϐὼν
3222 3960 3305 4022 τὸ,
3335 3961 3589 4033 Χριστὸς,
3610 3962 3687 4026 ὡς
3707 3962 3815 4015 τῶν

547 4050 809 4109 nominat,
862 4049 991 4102 dum
1033 4062 1120 4111 ea,
1160 4061 1278 4117 qua:
1310 4040 1587 4114 dicuntur,
1641 4047 1693 4101 in
1729 4051 1862 4102 duas
1908 4058 2130 4105 naturas

2232 4054 2326 4108 δύο
2357 4053 2571 4123 φύσεων
2611 4051 2984 4124 προσηγορίαν
3014 4052 3378 4123 σημαντικὴν,
3398 4052 3696 4116 ἀκινδύνως
3724 4055 3819 4107 αύ-

543 4141 659 4194 sine
684 4138 1103 4208 reprehensione
1124 4139 1461 4193 dividuntur.
1495 4138 1548 4193 In
1573 4140 1740 4194 altera
1765 4149 1944 4195 autem
1972 4155 2131 4195 enar-

2231 4144 2322 4198 τὸν
2355 4145 2449 4198 καὶ
2489 4143 2679 4197 δούλου
2734 4141 2950 4216 μορφὴν
2978 4143 3186 4209 λαόεἶν,
3220 4146 3315 4197 καὶ
3361 4144 3494 4198 Θεὸν
3519 4143 3813 4214 ὀνομάζει·

543 4232 751 4286 ratione
796 4231 991 4285 iterum
1039 4232 1170 4285 dicit
1226 4246 1241 4283 :
1298 4249 1316 4284 ι
1351 4231 1420 4287 Ut
1451 4233 1506 4286 in
1542 4232 1762 4287 nomine
1801 4229 1927 4286 Jesu
1969 4246 2130 4287 omne

2231 4235 2338 4287 τῶν
2366 4235 2424 4288 δέ
2456 4234 2775 4304 λεγομένων
2806 4245 2834 4273 V
2863 4236 2942 4299 είς
2971 4235 3032 4289 τὸ
3053 4234 3164 4289 τῶν
3195 4235 3411 4305 φύσεων
3435 4235 3692 4305 άλὴπτως
3719 4251 3818 4304 με·

539 4342 676 4396 genu
700 4323 945 4379 ﬂectatur
959 4323 1287 4390 caelestium,
1304 4325 1644 4404 terrestrium
1668 4335 1722 4379 et
1748 4322 2084 4378 iul‘ernorum
2111 4341 2124 4377 :

2234 4324 2533 4395 ριζομένων
2555 4324 2797 4379 διπλοῦν.
2846 4325 2935 4379 Ἑν
2966 4325 3130 4396 ἑτέρα
3157 4325 3212 4378 δὲ
3234 4326 3397 4380 πάλιν
3423 4325 3678 4396 ἐξηγήσει
3706 4341 3818 4394 φη-

538 4427 594 4471 et
624 4416 803 4471 omnis
828 4414 1007 4484 lingua
1033 4415 1379 4482 conﬁteatur,
1407 4417 1551 4485 quod
1576 4415 1840 4470 Dominus
1868 4424 1949 4468 est
1972 4412 2129 4469 Jesus

2233 4416 2351 4470 σίν·
2388 4434 2405 4467 ι
2436 4416 2555 4469 Ἵνα
2591 4418 2649 4471 ἐν
2699 4416 2776 4486 τῷ
2816 4417 3040 4488 ὀνόματι
3081 4416 3253 4488 Ἰησοῦ
3288 4419 3399 4472 πᾶν
3442 4417 3570 4484 γόνυ
3614 4417 3817 4489 κάμψῃ

538 4509 788 4563 Christus
810 4509 880 4559 “.
919 4526 938 4559 ι
973 4505 1201 4575 Propter
1236 4515 1564 4577 gestantem,
1604 4520 1727 4562 eum
1759 4505 1850 4574 qui
1885 4513 2129 4574 gestantur

2232 4507 2594 4577 ἐπουρανίων,
2659 4506 2755 4558 καὶ⁸
2809 4506 3088 4574 ἐπιγείων,
3132 4505 3225 4559 καὶ
3272 4503 3673 4575 καταχθονίων,
3716 4506 3818 4558 καὶ

537 4615 767 4654 veneror
808 4616 821 4652 :
873 4608 1093 4668 propter
1136 4565 1421 4661 late-atem,
1460 4597 1606 4667 quod
1653 4607 1881 4665 apparet
1927 4596 2120 4650 adoro.

2233 4565 2386 4651 πᾶσα
2423 4565 2647 4666 γλῶσσα
2689 4565 3193 4669 ἐξομολογήσηται,
3239 4597 3322 4650 ὅτι
3357 4565 3560 4669 Κύριος
3599 4565 3815 4666 Ἰησοῦς

538 4688 925 4759 lnseparabilis
966 4697 1051 4743 est
1096 4690 1164 4744 ab
1202 4704 1267 4742 eo
1294 4687 1389 4758 qui
1421 4687 1636 4741 videtur
1666 4685 1850 4752 Deus;
1902 4695 2126 4755 propter

2226 4690 2477 4760 Χριστός.
2519 4708 2536 4741 ι
2566 4687 2665 4742 Διά
2698 4689 2788 4742 τὸν
2820 4689 3110 4759 φοροῦντα,
3155 4688 3218 4741 τὸ
3248 4686 3586 4759 φορούμενον
3624 4686 3776 4740 σέόω
3797 4702 3810 4716 ·

538 4784 643 4838 hoc
673 4783 811 4852 ejus,
844 4783 934 4851 qui
970 4798 1076 4837 non
1114 4790 1423 4852 separatur,
1457 4781 1718 4834 honorem
1754 4793 1860 4833 non
1899 4793 2121 4849 separo;

2222 4783 2311 4836 διὰ
2335 4783 2425 4835 τὸν
2453 4782 2837 4853 κεκρυμμένον
2873 4782 3166 4855 προσκυνῶ
3193 4783 3257 4836 τὸ
3285 4781 3640 4850 φαινόμενον·
3672 4780 3817 4851 ἀχώ·

536 4890 733 4945 separo
767 4885 1010 4937 naturas,
1042 4875 1135 4929 sed
1170 4876 1298 4928 nnio
1343 4872 1735 4927 adorationem.
1772 4871 1873 4940 (Et
1923 4871 2120 4925 iterum

2225 4887 2403 4940 ριστος
2436 4870 2529 4923 τοῦ
2561 4871 2885 4941 φαινομένου
2910 4871 3072 4935 Θεόςο
3107 4871 3194 4925 διὰ
3216 4870 3377 4925 τοῦτο
3401 4870 3497 4926 τοῦ
3536 4870 3611 4942 μὴ
3642 4888 3815 4940 χωρι-

537 4966 593 5021 in
630 4966 735 5020 alia
764 4964 1125 5036 explicatione
1156 4982 1169 5017 :
1206 4961 1303 5018 Dic
1349 4965 1415 5017 de
1444 4977 1509 5017 eo
1547 4962 1638 5032 qui
1672 4961 1929 5032 suscepit,
1978 4962 2120 5030 quod

2222 4960 2452 5033 ζομένου
2492 4961 2593 5033 τὴν
2619 4963 2785 5034 τιμὴν
2816 4964 2878 5017 οὐ
2913 4963 3151 5035 χωρίζω.
3190 4964 3426 5032 Χωρίζω
3452 4962 3554 5027 τὰς
3592 4962 3814 5032 φύσεις,

537 5059 607 5113 sit
637 5057 817 5124 Deus;
845 5070 1056 5126 appone
1081 5055 1231 5109 illum
1257 5055 1347 5123 qui
1379 5065 1663 5123 susceptus
1692 5064 1793 5119 est,
1823 5054 1947 5124 quia
1972 5055 2116 5109 servi

2227 5050 2342 5104 ἀλλ’
2381 5051 2485 5104 ἑνῶ
2529 5051 2629 5122 τὴν
2663 5052 3057 5124 προσκύνησιν.
3087 5053 3198 5107 Καὶ
3246 5055 3305 5106 ἐν
3355 5051 3616 5124 ἐξηγήσει
3645 5052 3816 5105 πάλιν

538 5153 740 5215 forma;
773 5149 948 5220 adjice
970 5150 1211 5217 posthaec
1234 5146 1599 5202 connexionis
1621 5147 1965 5217 dignitatem,
1988 5145 2113 5217 quia

2226 5141 2413 5212 ἑτέρᾳ·
2451 5142 2586 5196 Είπὲ
2617 5144 2707 5196 τὸν
2737 5144 3100 5199 άναλαδόντα’
3133 5146 3215 5198 ὃτι
3246 5144 3400 5209 Θεός.
3435 5144 3681 5217 Πρόσθες
3718 5143 3820 5196 τὸν

536 5241 768 5299 duorum
805 5235 1106 5291 auctoritas
1134 5236 1459 5301 communis,
1491 5237 1617 5305 quia
1653 5237 1882 5291 duorum
1924 5237 2114 5292 eadem

2224 5235 2631 5306 ἀναληφθέντα,
2663 5238 2745 5290 ὅτι
2775 5236 2963 5291 δούλου
2992 5238 3173 5309 μορφή
3193 5254 3208 5269 ⁸
3246 5238 3497 5307 ἐπάγαγε
3522 5238 3663 5308 μετὰ
3687 5236 3823 5289 ταῦ-

535 5331 802 5400 dignitas;
830 5326 1046 5384 naturis
1076 5326 1442 5393 manentibus,
1477 5327 1649 5383 fatere
1677 5327 1956 5399 dignitatis
1990 5329 2115 5382 uni-

2225 5343 2294 5380 τα
2326 5327 2387 5379 τὸ
2413 5327 2514 5396 τῆς
2541 5328 2836 5397 συναφείας
2856 5327 3097 5398 ἀξίωμα,
3118 5328 3203 5382 ὅτι
3235 5328 3346 5383 τῶν
3363 5326 3458 5382 δύο
3485 5330 3518 5398 ή
3549 5325 3823 5381 αὐθεντία

610 5505 654 5536 ⁵⁷
687 5508 701 5559 l
733 5505 856 5560 Cor.
895 5520 946 5558 tv
1000 5504 1050 5558 l.
1128 5506 1173 5538 ⁵⁸
1206 5505 1245 5561 ll
1273 5507 1398 5564 Cor.
1431 5523 1547 5573 nn,
1576 5507 1610 5561 3
1707 5504 1752 5535 "
1780 5503 1946 5561 Hebr.
1976 5519 2037 5568 ιι,
2070 5501 2156 5557 16.

2090 5501 2156 5557 .6.
2237 5501 2470 5558 “llebr.
2499 5518 2560 5570 ιι,
2598 5504 2684 5557 l7.
2762 5505 2802 5536 ⁶¹
2832 5503 3066 5575 Philipp.
3093 5522 3150 5570 ιι,
3197 5505 3252 5564 5.
3274 5506 3323 5560 6.
3405 5505 3450 5537 ⁶⁹
3477 5503 3609 5559 ibid.
3639 5502 3701 5561 8.

1585 5681 1762 5738 Varia:
1781 5681 2043 5739 lectiones
2065 5694 2131 5737 ex
2164 5679 2350 5736 codice
2373 5678 2747 5751 Seguieriano.

613 5838 838 5912 ﬂleret.
912 5847 941 5878 ιι
969 5839 1165 5910 ὀλίγον.
1230 5850 1255 5878 ν
1281 5841 1387 5894 τῶν
1416 5839 1749 5910 λεγομένων,
1782 5838 1819 5906 ἢ
1854 5837 2024 5905 ἴσως,
2054 5836 2163 5889 τῶν
2189 5834 2250 5888 δὲ
2289 5836 2617 5907 λεγομένων.
