4080 6468
340 381 454 438 $29

967 376 1492 435 APOLOGETICUS
1530 376 1668 435 PRO
1712 378 1802 435 Xll
1842 376 2212 436 CAPITIBUS
2250 377 2535 435 CONTRA
2573 328 3039 434 DRIENTALES.

3523 378 3627 432 530

337 499 527 571 κοινὴ,
562 498 646 552 ὅτι
668 497 778 553 τῶν
811 498 908 552 δύο
934 498 1135 553 ταυτὸν
1166 496 1231 551 τὸ
1274 495 1528 569 ἀξίωμα,
1562 498 1671 553 τῶν
1708 498 1928 568 φύσεων

2050 499 2270 569 tatem.)
2304 497 2473 554 Vides
2498 496 2700 566 ubique
2742 504 3093 566 separantem
3128 494 3347 565 quidem
3394 493 3539 550 inter
3571 508 3631 551 se

341 591 637 664 μενουσῶν
690 591 949 662 ὁμολόγει
995 591 1097 662 τὴν
1133 589 1233 660 τῆς
1270 587 1429 657 ἀξίας
1478 592 1727 663 ἑνότητα.
1778 591 1941 663 Ὁρᾷς

339 685 606 756 πανταχῆ
625 684 936 757 διορίζοντα
962 684 1060 756 μὲν
1088 685 1339 758 ἀλλήλων
1363 684 1461 750 τάς
1480 685 1692 754 φύσεις,
1715 684 1942 739 ἑνοῦντα

337 776 420 840 δὲ,
457 775 537 839 ὣς
566 795 725 847 φησι,
762 776 861 848 τὴν
888 777 1281 848 προσκύνησιν,
1307 779 1400 833 καὶ
1430 777 1616 849 κοινὴν
1654 776 1942 831 αὐθεντίαν

335 869 711 940 ὀνομάζοντα,
745 870 842 924 καὶ
863 870 962 940 τὴν
992 871 1090 940 τῆς
1123 870 1282 938 ἀξίας
1320 871 1550 942 ἑνότητα
1573 869 1760 941 μόνης.
1782 869 1858 923 Τὸ
1886 868 1943 923 δὲ

337 961 529 1015 κοινὸν
556 962 663 1031 οὐχ
696 960 778 1025 ἓν,
814 962 862 1014 εί
913 960 1095 1014 κοινὸν
1141 975 1191 1028 ι,
1241 963 1327 1032 είη
1360 962 1428 1016 ἂν
1452 972 1504 1028 1,
1544 961 1682 1016 ἀλλά
1710 960 1805 1015 δύο
1837 978 1941 1015 που

339 1055 596 1119 πάντως,
626 1053 662 1123 ἦ
696 1053 939 1107 πλείοσιν
976 1051 1161 1117 ίδικῶς
1184 1070 1243 1107 τε
1275 1055 1372 1109 καὶ
1396 1055 1502 1109 ἀνά
1523 1054 1686 1125 μέρος
1704 1054 1942 1127 θεωρουο

344 1144 557 1214 μένοις.
602 1142 752 1197 ‘Av0‘
786 1144 911 1197 ὅτου
942 1144 1008 1215 δὴ
1041 1142 1135 1200 οὖν
1160 1144 1432 1218 τοσαύτην
1479 1145 1757 1200 ποιοῦνται
1791 1154 1815 1182 ι
1843 1145 1945 1216 τὴν

344 1236 702 1308 κατάρρησιν
742 1235 838 1290 τοῦ
882 1236 952 1290 τὰ
999 1237 1183 1292 τοιάδε
1221 1237 1404 1300 καλῶς
1450 1236 1944 1307 ἀναθεματίσαντος

342 1328 547 1398 λόγου;
585 1330 654 1382 Τί
691 1329 753 1383 τὸ
778 1328 999 1394 ἄτοπον,
1039 1333 1090 1384 εί
1125 1333 1240 1395 τοῖς
1291 1329 1565 1402 βδελυροῖς
1594 1330 1689 1383 καὶ
1744 1330 1947 1400 ἀπηχε-

339 1422 566 1487 στάτοις
609 1422 914 1494 Νεστορίου
944 1423 1124 1493 λόγοις
1159 1423 1230 1477 τὰ
1269 1425 1370 1494 τῆς
1397 1420 1683 1484 εὐσεὸείας
1703 1420 1947 1490 ἀντεγεί-

337 1533 538 1587 ροντες
567 1514 845 1585 δόγματα,
868 1515 972 1586 τῆς
1011 1516 1123 1571 τῶν
1174 1515 1421 1585 ἀδελφῶν
1450 1512 1751 1583 ἀσφαλείας
1792 1530 1948 1583 φρον-

336 1608 463 1662 τίδα
489 1608 600 1678 τὴν
620 1606 855 1661 δέουσαν
883 1607 1273 1679 πεποιήμεθα;
1320 1606 1539 1677 Ἐπειδὴ
1572 1604 1631 1658 δέ
1658 1621 1822 1674 φασιν
1845 1603 1947 1675 ἐμὲ

344 1702 455 1762 τοῖς
478 1697 655 1752 αὑτοῦ
702 1697 983 1769 μάχεσθαι
1023 1698 1226 1767 λόγοις,
1250 1696 1694 1768 παρακομίζουσι
1724 1695 1781 1748 δὲ
1809 1695 1947 1767 πρὸς

351 1786 625 1852 ἀπόδειξιν
649 1788 821 1860 μέρος
844 1788 944 1857 τῆς
967 1786 1280 1858 ἐπιστολῆς,
1301 1781 1370 1860 ἧς
1386 1786 1642 1855 γέγραφα
1667 1784 1804 1855 πρὸς
1823 1785 1948 1848 τοὺς

2046 600 2290 655 naturas,
2327 589 2603 644 unientem
2638 594 2840 651 autem,
2889 595 2949 643 ιιι
2985 584 3138 650 dicit,
3158 585 3547 646 _adorationem
3576 594 3633 640 et

2045 696 2391 738 communem
2420 679 2804 735 auctoritatem
2836 678 3230 742 uominantem,
3265 686 3321 733 et
3354 677 3521 732 solius
3549 676 3633 731 di-

2044 774 2272 845 gnitatis
2299 773 2588 828 unitatem.
2619 770 2775 837 Quod
2819 780 3352 845 autetn_cominune,
3392 784 3497 822 non
3528 768 3635 821 titi-

2045 880 2151 934 que
2192 864 2284 918 uni
2311 877 2603 919 commune
2638 872 2745 928 εει,
2770 860 2865 916 sed
2893 838 3103 916 duobus
3133 874 3377 930 prorsus,
3408 860 3491 914 vel
3516 859 3636 929 plu-

2049 958 2216 1019 ribus,
2249 955 2341 1024 qui
2374 967 2623 1009 seorsum
2648 962 2703 1007 et
2735 951 3026 1023 separatim
3061 950 3496 1006 considerantur.
3527 949 3635 1003 Cur

2048 1048 2216 1117 igitur
2239 1054 2390 1102 tanta
2412 1045 2554 1101 facta
2577 1052 2664 1100 est
2686 1043 3013 1100 declamatio
3036 1042 3297 1097 adversus
3325 1056 3633 1096 sermonem

2048 1149 2196 1195 recte
2229 1141 2346 1195 haec
2388 1136 2991 1194 anathematizantem?
3034 1135 3173 1202 Quid
3209 1135 3529 1199 absurdmu,
3560 1134 3631 1199 si,

2046 1231 2474 1288 exsecrabilibus
2498 1241 2556 1286 et
2585 1229 2996 1285 absurdissimis
3022 1227 3260 1282 Nestorii
3289 1226 3635 1281 sermonibus

2049 1325 2132 1392 pia
2163 1324 2418 1392 dogmata
2446 1332 2803 1393 opponentes,
2838 1322 2905 1376 de
2946 1320 3178 1375 fratrum
3225 1318 3400 1375 salute
3430 1319 3633 1389 justam

2047 1430 2233 1471 curam
2258 1415 2562 1486 gessimus?
2586 1414 2853 1481 Quoniam
2881 1414 3068 1469 dicunt
3114 1426 3235 1468 mea
3258 1412 3422 1467 verba
3448 1426 3633 1467 secum

2049 1523 2312 1577 pugnare,
2336 1515 2390 1562 et
2419 1504 2656 1561 afferunt
2676 1508 2742 1562 ad
2772 1506 3296 1561 demonstrationem
3329 1504 3489 1575 166
3510 1518 3637 1572 par-

2048 1609 2158 1653 tem
2207 1599 2450 1668 epistolae
2490 1612 2653 1668 quam
2699 1599 2890 1669 scripsi
2940 1600 3007 1653 ad
3054 1608 3279 1654 sanctos
3317 1598 3635 1661 monachos,

2049 1707 2228 1762 Opera:
2259 1694 2493 1761 pretium
2528 1690 2771 1747 arbitror
2811 1702 2866 1746 et
2894 1693 2960 1745 atl
2994 1691 3099 1746 hoc
3141 1691 3522 1746 convenientia
3556 1690 3640 1744 di-

2049 1799 2196 1838 eere.
2232 1781 2431 1837 Dicunt
2456 1784 2605 1838 enim
2639 1784 2783 1853 quod
2832 1783 2974 1838 duas
3001 1783 3166 1838 etiam
3204 1782 3322 1852 ipse
3361 1781 3639 1837 nominavi

354 1851 878 1950 ἁγίουςμοναστάς,
902 1851 1021 1934 ’δεῖν
1056 1851 1241 1950 ᾠήθην
1364 1851 1552 1932 είκότα
1580 1851 1683 1930 *καὶ
1713 1851 1850 1946 ίπρός
1879 1892 1943 1944 γε

2051 1875 2454 1943 subsistetuias,
2504 1883 2560 1930 et
2615 1851 2864 1929 suiiicere
2919 1874 2999 1930 eis
3053 1874 3122 1929 ad
3181 1851 3638 1944 redarguendum,

346 1971 506 2026 τοῦτο
541 1973 727 2025 εἰπεῖν
747 1988 762 2001 ·
797 1972 935 2041 φασὶ
957 1970 1070 2041 γάρ
1102 1971 1186 2024 ὅτι
1210 1969 1303 2023 δύο
1341 1970 1436 2024 καὶ
1455 1969 1616 2032 αὐτὸς
1640 1968 1899 2040 ὠνόμασα
1915 1981 1941 2009 ι

350 2066 710 2128 ὑποστάσεις·
741 2065 840 2118 καὶ
870 2064 1207 2135 ἀποχρήσειν
1225 2063 1252 2103 δ
1276 2063 1461 2125 αὐτοῖς
1490 2063 1574 2125 είς
1600 2060 1821 2132 ἔλεγχον
1848 2063 1943 2116 τοῦ

355 2160 453 2212 καὶ
480 2160 627 2228 ἡμᾶς
652 2155 875 2209 ἑλέσθαι
905 2156 1072 2210 ταυτὺ
1115 2155 1291 2209 εἰπεῖν
1331 2155 1443 2217 τοῖς
1466 2163 1491 2192 ο
1528 2152 1663 2207 αὐτὸ
1701 2153 1766 2224 δὴ
1790 2152 1946 2206 τοῦτο

366 2248 660 2318 νομίζουσι.
678 2246 959 2319 Παραθεὶς
987 2241 1082 2300 οὖν
1104 2244 1420 2314 ἀναγκαίως
1445 2244 1509 2298 τὸ
1539 2245 1639 2316 τῆς
1659 2242 1945 2314 ἐπιπολῆς

374 2337 567 2409 μέρος,
592 2336 930 2408 προσεποίσω
962 2336 1107 2407 μετά
1142 2333 1303 2388 τοῦτο
1331 2332 1400 2387 τά
1426 2333 1493 2386 δι’
1536 2326 1612 2387 ὧν
1637 2333 1705 2388 ἂν
1734 2334 1947 2402 γένοιτο

368 2428 715 2500 ψευδομυθεῖν
748 2428 1071 2500 ᾑρημένους
1122 2427 1399 2498 ἀποφῆναι
1455 2424 1753 2495 πανταχοῦ.
1790 2426 1946 2497 Ἔχει

348 2520 413 2573 δὲ
457 2519 662 2583 οὕτως’
703 2520 919 2574 Οὐκοῦν
965 2519 1092 2572 ὅσον
1129 2513 1266 2589 ἧκεν
1315 2518 1396 2580 είς
1456 2515 1593 2571 ἰδίαν
1626 2515 1815 2586 φύσιν,
1848 2517 1947 2588 οὐχ

349 2611 614 2680 ἡγίασται
643 2611 970 2680 καταμόνας
997 2613 1027 2664 ό
1054 2612 1118 2664 ὲκ
1161 2608 1298 2663 Θεοῦ
1326 2608 1544 2681 Πατρὸς
1575 2609 1779 2678 Λόγος·
1808 2611 1858 2663 εί
1891 2609 1948 2664 δὲ

344 2704 410 2776 δή
445 2722 533 2769 τις
559 2707 733 2758 οἴοιτο
765 2704 860 2757 τὸν
891 2705 957 2758 ὲκ
992 2704 1095 2774 τῆς
1121 2703 1285 2772 ἁγίας
1310 2701 1593 2776 Παρθένου
1618 2696 1949 2775 γεγεννημέ-

346 2814 434 2850 νον
460 2796 763 2867 κεκρίσθαι
791 2813 850 2849 τε
886 2796 981 2849 καὶ
1010 2794 1275 2866 ήγιάσθαι
1309 2794 1494 2865 μόνον,
1531 2795 1706 2868 ταύτῃ
1735 2811 1820 2849 τοι
1854 2796 1949 2849 καὶ

344 2886 672 2957 ὠνομάσθαι
706 2887 966 2957 Χριστὸν,
989 2886 1198 2955 λεγέτω
1227 2884 1537 2959 παρελθὼν,
1566 2888 1616 2939 εί
1642 2886 1860 2960 ἀπόχρη
1889 2888 1950 2942 τὸ

341 2981 562 3051 χρίσμα
592 2979 733 3051 πρὸς
762 2979 826 3033 τὺ
849 2979 1128 3050 ἀποφῆναι
1156 2979 1247 3032 τὸν
1268 2979 1559 3050 χριόμενον
1593 2978 1811 3032 ίσοκλεᾶ
1854 2978 1951 3033 καὶ

341 3070 649 3141 ὁμὸθρονον
698 3069 781 3141 τῷ
813 3072 1035 3125 πάντων
1089 3069 1349 3122 ἐπέκεινα
1397 3066 1537 3139 Θεῷ.
1594 3068 1813 3139 Ἐπειδὴ
1840 3066 1951 3140 γάρ

345 3164 438 3216 τὸν
464 3164 533 3216 ὲκ
565 3160 712 3216 Θεοῦ
743 3162 920 3232 Λόγον
953 3161 1134 3226 ίδικῶς
1159 3159 1476 3233 ὠνομάσθαι
1505 3159 1760 3232 Χριστὸν,
1789 3162 1818 3214 ὁ
1841 3160 1951 3214 τῶν

343 3256 485 3308 νέων
545 3256 687 3327 ἡμῖν
746 3252 1110 3325 βλασφημιῶν
1170 3253 1398 3325 εὑρετὴς
1441 3252 1737 3324 Νεστόριος
1765 3251 1949 3307 διαϐε-

345 3346 611 3402 ϐαιοῦται
635 3345 849 3419 συχνῶς
868 3362 882 3376 ·
924 3345 1109 3410 ίδικῶς
1157 3344 1236 3411 δὲ,
1265 3346 1362 3399 καὶ
1390 3343 1494 3399 ἀνά
1521 3346 1687 3416 μέρος
1715 3345 1951 3417 Χριστὸν

343 3442 544 3512 ἓτερον
590 3440 688 3493 τὸν
738 3441 804 3492 ὲκ
850 3439 949 3510 τῆς
987 3437 1152 3508 ἁγίας
1200 3435 1482 3508 Παρθένου
1522 3436 1948 3509 γεγεννημένον·

343 3529 926 3603 ιατακιϐδηλεύοντες
947 3530 1049 3598 τὴν
1070 3528 1248 3595 δόξαν,
1283 3528 1359 3591 ὡς
1386 3527 1598 3599 ἀκαλλῆ
1648 3529 1744 3583 καὶ
1776 3528 1951 3598 ἀσύμ-

345 3619 516 3687 φυλον
537 3617 567 3657 τι
591 3619 694 3672 καὶ
721 3617 821 3689 τῆς
851 3617 1115 3689 ἀληθείας
1160 3616 1558 3688 ὲξφκισμένην,
1577 3608 1702 3671 οὔτε
1721 3617 1777 3672 δὲ
1802 3628 1831 3658 θ
1860 3619 1951 3672 τὸν

344 3709 413 3759 ἐκ
443 3707 588 3762 Θεοῦ
622 3708 842 3779 Πατρὸς
870 3709 1049 3776 Λόγον
1075 3708 1219 3763 κατά
1246 3709 1417 3779 μόνας
1450 3708 1739 3780 νοούμενον
1770 3709 1953 3781 κεχρί-

347 3799 479 3851 σθαι
533 3799 622 3870 τῷ
674 3799 846 3871 ἐλαίῳ
894 3800 995 3872 τῆς
1039 3800 1418 3869 ἀγαλλιάσεως
1469 3800 1949 3874 διαϐεϐαιούμεθα,

342 3889 473 3944 οὔτε
505 3890 621 3961 μὴν
660 3891 771 3963 ἰδία
808 3910 871 3945 τε
903 3893 999 3946 καί
1031 3894 1176 3947 κατά
1209 3893 1377 3964 μόνας
1409 3893 1484 3956 ὡς
1520 3894 1826 3965 ἄνθρωπον,
1857 3899 1952 3950 καὶ

348 3981 536 4053 ἓτερον
570 3982 707 4037 ὄντα
766 3983 896 4036 Υἱὸν
929 3983 1083 4053 παρά
1130 3984 1222 4037 τὸν
1253 3986 1317 4038 ὲκ
1367 3983 1504 4038 Θεοῦ
1543 3986 1736 4055 Λόγον,
1772 3986 1862 4041 τὸν
1885 3974 1952 4041 ἐκ

366 4073 461 4139 τῆς
499 4074 664 4143 ἀγίας
705 4075 1013 4147 Παρθένου.
1049 4076 1189 4130 Ἕνα
1237 4076 1294 4129 δὲ
1328 4077 1529 4147 μᾶλλον
1566 4078 1762 4148 χρῆναι
1814 4080 1952 4151 πρὸς

366 4163 611 4220 ἁπάντων
634 4166 1095 4239 διισχυριζόμεθα
1121 4168 1505 4239 ὁμολογεῖσθαι
1528 4171 1785 4241 Χριστὸν,
1813 4189 1951 4245 σαρ-
1974 4224 1985 4233 ,

363 4254 603 4309 κωθέντα
637 4258 740 4310 καὶ
789 4258 1355 4329 ἑνανθρωπήσαντα,.
1382 4262 1475 4314 τὸν
1537 4263 1800 4334 μονογενῆ
1857 4264 1950 4318 τοῦ

357 4345 490 4400 Θεοῦ
521 4349 703 4418 Λόγον
725 4365 740 4378 ·
786 4368 804 4400 ι
836 4344 929 4412 Εἷς
962 4349 1074 4420 γὰρ
1112 4349 1339 4421 Κύριος,
1390 4352 1488 4422 μία
1529 4353 1731 4419 πίστις,
1763 4353 1822 4406 ἓν
1856 4353 1952 4425 βάς

353 4454 588 4510 πτισμα.
623 4459 643 4492 ι
674 4440 839 4493 Ἐστι
860 4441 1043 4494 τοίνυν
1071 4441 1247 4495 οὐδενὶ
1281 4442 1390 4496 τῶν
1424 4443 1563 4516 ὀρθὰ
1580 4448 1797 4516 φρονεῖν
1830 4449 1954 4501 είω-

2047 1970 2190 2036 quod
2232 1983 2332 2022 nos
2378 1969 2520 2023 idem
2567 1979 2736 2039 atque
2770 1967 2873 2037 ipsi
2905 1967 3086 2022 dicere
3131 1980 3237 2021 non
3271 1967 3637 2032 renuerimus,

2047 2061 2135 2129 qui
2194 2052 2339 2116 istud
2407 2062 2584 2131 ipsum
2643 2061 2856 2116 scilicet
2925 2068 3142 2130 putant.
3217 2060 3476 2130 Apposita
3539 2060 3640 2128 igi-

2050 2166 2134 2207 tur
2163 2155 2472 2210 necessario
2512 2169 2578 2208 ea
2625 2164 2781 2223 parte
2830 2153 3098 2222 epistolae,
3152 2152 3487 2208 subiuferam
3520 2163 3642 2222 post

2051 2248 2163 2302 haec
2195 2261 2280 2314 ea,
2327 2247 2525 2316 quibus
2559 2247 2759 2317 ubique
2798 2246 2935 2301 falso
2983 2246 3175 2315 nugari
3222 2246 3361 2300 velle
3409 2248 3640 2299 deumn-

2049 2352 2093 2395 st
2106 2348 2311 2395 rentur.
2339 2338 2514 2394 Habet
2534 2348 2712 2393 autem
2736 2338 2816 2394 sic
2843 2358 2855 2393 :
2888 2337 3077 2407 Itaque
3097 2346 3361 2407 quantum
3389 2335 3456 2390 ad
3485 2350 3639 2389 suam

2052 2441 2324 2496 naturam,
2360 2446 2465 2485 non
2503 2431 2909 2486 sanctificatum
2940 2438 3024 2486 est
3053 2429 3352 2499 separatim
3400 2429 3492 2484 Dei
3543 2426 3641 2482 Pa-

2053 2524 2149 2578 tris
2177 2521 2441 2578 Verbum.
2471 2520 2528 2576 Si
2555 2531 2735 2577 autem
2767 2521 2894 2591 quis
2923 2521 3212 2576 existimet
3259 2535 3407 2585 eum,
3435 2519 3528 2589 qui
3558 2529 3643 2574 est

2049 2630 2115 2669 ex
2148 2622 2337 2668 sancta
2374 2611 2596 2683 Virgine
2628 2621 2810 2676 natus,
2846 2622 3071 2667 unctum
3094 2625 3219 2666 esse
3249 2617 3304 2665 et
3329 2610 3642 2665 sanctiﬁca-

2046 2717 2163 2761 tum
2205 2705 2402 2773 solum,
2450 2714 2507 2760 et
2561 2705 2664 2761 hac
2717 2704 2930 2760 ratione
2961 2706 3303 2760 nominatum
3340 2704 3639 2770 Christum,

2052 2798 2279 2867 prodeat
2315 2806 2371 2851 et
2416 2795 2584 2861 dicat,
2636 2811 2766 2851 num
2801 2794 3034 2852 suﬂiciat
3074 2796 3260 2851 unctio
3294 2796 3363 2850 ad
3406 2794 3532 2859 hoc,
3583 2805 3644 2849 ut

2051 2890 2269 2958 eﬂiciat,
2306 2890 2449 2960 quod
2498 2898 2695 2944 unctus
2737 2888 2964 2959 aqualis
3010 2888 3198 2959 gloriae
3240 2897 3297 2942 et
3340 2885 3643 2955 majestatis

2052 2986 2124 3037 sit
2163 2996 2287 3036 cum
2335 2995 2421 3046 eo,
2455 2964 2559 3050 qui
2593 2989 2680 3034 est
2720 2993 2887 3048 super
2913 2981 3119 3044 omnia,
3170 2978 3336 3033 Deus.
3374 2979 3640 3045 Quoniam

2054 3076 2198 3129 enim
2235 3073 2334 3128 Dei
2360 3070 2600 3128 Verbum
2632 3072 2858 3127 seorsim
2883 3068 3159 3125 nominari
3193 3068 3493 3130 Christum,
3529 3065 3642 3121 Ne-

1979 3186 2023 3244 c
2055 3165 2278 3228 storius,
2331 3162 2669 3217 novellarum
2701 3160 2858 3217 nobis
2883 3158 3350 3228 blasphemiarum
3393 3158 3645 3214 inventor

2057 3256 2274 3311 assidue
2298 3253 2558 3318 aﬂirmat;
2593 3264 2647 3310 et
2676 3252 2908 3309 seorsim
2939 3251 3218 3307 Christum
3252 3248 3512 3316 alterum,
3546 3249 3641 3319 qui

2054 3362 2121 3402 ex
2156 3356 2343 3401 sancta
2372 3344 2597 3415 Virgine
2640 3345 2858 3416 genitus
2897 3350 2980 3397 est
3023 3360 3037 3396 :
3072 3348 3131 3395 ut
3165 3341 3304 3395 hanc
3330 3339 3640 3410 opinionem

2057 3446 2376 3493 notaremus
2420 3445 2683 3506 tanquam
2727 3432 3139 3505 improbandam
3165 3446 3231 3487 ac
3269 3432 3641 3499 temerariam,

2054 3540 2110 3586 et
2154 3546 2184 3586 a
2235 3531 2468 3586 veritate
2499 3529 2766 3592 alienam,
2809 3541 2986 3597 neque
3036 3524 3277 3580 Verbum
3331 3524 3423 3580 Dei
3464 3525 3646 3581 Patris

2053 3637 2300 3679 seorsum
2347 3624 2777 3690 consideratum,
2816 3629 3042 3676 unctum
3085 3634 3207 3676 esse
3252 3617 3373 3675 oleo
3405 3617 3643 3673 exsulta-

2057 3714 2222 3771 tionis
2268 3712 2642 3779 aﬂirmamus,
2678 3724 2855 3781 neque
2899 3724 3150 3767 seorsum
3190 3718 3245 3766 et
3280 3709 3535 3779 privatim
3588 3719 3647 3764 ut

2054 3806 2352 3870 hominem,
2378 3814 2435 3859 et
2454 3804 2620 3859 alium
2649 3801 2848 3858 Filium
2878 3803 2946 3858 ab
2966 3817 3056 3869 eo,
3076 3803 3168 3873 qui
3200 3812 3286 3857 est
3313 3801 3551 3857 Verbum
3575 3815 3644 3856 ex

2055 3897 2189 3963 Deo,
2232 3912 2356 3952 eum
2403 3896 2495 3966 qui
2538 3909 2570 3950 e
2605 3904 2794 3950 saneta
2838 3894 3091 3963 Virgine;
3132 3893 3428 3948 asserimus
3463 3902 3643 3948 autem

2056 3988 2425 4044 necessarium
2480 4000 2626 4053 esse,
2678 3995 2742 4041 ut
2797 4000 2992 4041 omnes
3055 3984 3419 4040 conﬁteantur
3475 3999 3644 4054 unum

2054 4078 2358 4143 Christum,
2395 4079 2737 4134 iucarnatum
2779 4087 2837 4133 et
2884 4078 3160 4132 hominem
3214 4076 3415 4131 factum
3453 4077 3646 4145 unige-

2055 4153 2677 4223 nitumDei'Verbum:
2736 4185 2755 4219 ι
2790 4167 2940 4223 Unus
2993 4167 3139 4222 enim
3193 4165 3477 4233 Dominus,
3535 4183 3643 4223 una

2054 4257 2208 4323 ﬁdes,
2271 4274 2436 4313 unum
2479 4259 2748 4329 baptisma
2793 4258 2858 4313 ⁸³.
2892 4277 2911 4311 ›
2956 4257 3124 4330 igitur
3178 4259 3331 4325 nulli,
3368 4260 3459 4330 qui
3495 4268 3645 4315 recte

2057 4352 2261 4406 sentire
2299 4350 2456 4418 solet,
2511 4351 2804 4407 obscurum
2846 4360 2949 4418 est,
3011 4351 3155 4422 quod
3195 4352 3391 4407 vitiant
3424 4367 3643 4409 sensum

2055 4458 2245 4499 eorum
2297 4458 2419 4515 quae
2450 4460 2496 4531 la
2546 4459 2635 4501 me
2704 4447 2907 4513 scripta
2957 4442 3104 4511 sunt,
3149 4456 3204 4501 et
3239 4445 3646 4502 calumniantur

349 4531 526 4586 Θότων
581 4533 930 4604 ἀσυμφανὲς,
986 4535 1069 4588 ὅτι
1130 4536 1620 4608 παραχαράττουσι
1657 4539 1766 4592 τῶν
1819 4540 1949 4613 παρ’

2060 4537 2226 4591 etiam
2259 4536 2314 4591 in
2349 4537 2455 4592 hoc
2485 4538 2797 4594 veritatem.
2823 4538 2931 4593 Sed
2962 4538 3145 4593 etalio
3177 4538 3338 4593 modo
3364 4539 3520 4607 culpa
3551 4554 3644 4590 vna

346 4623 488 4695 ἐμοῦ
519 4623 940 4695 γεγραμμένων
974 4626 1076 4697 τὴν
1110 4626 1374 4692 διάνοιαν,
1412 4630 1508 4681 καὶ
1551 4632 1949 4700 συκοφαντοῦσι

344 4716 452 4768 κάν
486 4715 672 4787 τούτῳ
699 4717 800 4788 τὴν
837 4716 1121 4788 ἀλήθειαν.
1155 4719 1266 4771 Καὶ
1294 4720 1418 4772 καθ’
1449 4720 1638 4791 ἕτερον
1665 4721 1722 4775 δὲ
1750 4724 1951 4793 τρόπον

344 4806 722 4877 ἀπλημμελὲς
767 4807 855 4877 εἴη
889 4806 977 4870 ἂν,
1020 4808 1119 4861 καὶ
1152 4809 1299 4878 μάλα
1343 4811 1589 4879 εἰκότως,
1630 4813 1954 4885 ἀμοιρήσειε

344 4893 388 4947 δ’
422 4893 494 4947 ἂν
523 4894 627 4948 καὶ
671 4893 868 4964 μώμου
894 4897 1100 4960 παντὸς
1133 4898 1195 4950 τὸ
1233 4899 1433 4953 εἰδέναι
1459 4903 1644 4971 τυχὸν,
1680 4903 1756 4967 ὡς
1787 4905 1951 4977 ἑτέρα

351 4991 450 5060 μὲν
482 4991 609 5043 ἐστι
641 4991 787 5044 κατὰ
823 4989 990 5058 φύσιν
1036 4991 1177 5047 ίδίαν
1210 4995 1244 5064 ἡ
1289 4993 1428 5065 σάρξ
1476 4997 1628 5068 παρά
1665 5013 1730 5064 γε
1758 4997 1852 5051 τὸν
1886 5002 1953 5053 ἐκ

348 5079 486 5133 Θεοῦ
521 5080 747 5151 Πατρὸς
789 5080 968 5150 φύντα
995 5080 1014 5120 τ
1042 5082 1237 5152 Λόγον,
1269 5084 1456 5155 ἔτερος
1492 5086 1550 5138 δὲ
1596 5084 1662 5141 αὖ
1704 5089 1845 5142 κατά
1889 5107 1952 5159 γε

343 5174 433 5227 τον
466 5172 577 5242 τῆς
628 5171 768 5236 ίδίας
801 5173 1021 5243 φύσεως
1069 5175 1227 5244 λόγον
1273 5178 1301 5230 ὁ
1341 5179 1675 5251 Μονογενής.
1711 5182 1851 5236 Ἀλλ’
1890 5184 1951 5236 οὗ

342 5265 402 5318 εδ
440 5265 646 5318 εῖδέναι
662 5265 859 5331 ταῦτα,
896 5266 1141 5339 μερίζειν
1172 5270 1290 5323 ἐστὶ
1329 5269 1427 5334 τάς
1462 5272 1655 5340 φύσεις
1684 5276 1824 5345 μετὰ
1856 5276 1955 5348 τὴν

414 5419 465 5451 ⁸⁸
495 5418 702 5489 Epltes.
739 5437 811 5483 Iv,
841 5421 895 5476 5.

2057 4637 2209 4683 caret
2252 4637 2308 4682 et
2363 4629 2510 4684 omni
2562 4628 3010 4699 reprehensione,
3045 4627 3207 4698 idque
3244 4627 3461 4691 merito,
3501 4629 3645 4683 scire

2057 4720 2306 4786 forsitan,
2338 4722 2484 4790 quod
2532 4720 2637 4774 alia
2673 4720 2893 4790 quidem
2936 4727 3021 4774 est
3059 4719 3353 4773 secundum
3390 4732 3643 4773 naturam

2056 4813 2334 4883 propriam
2357 4827 2489 4867 caro
2524 4827 2554 4866 a
2591 4810 2771 4867 Verbo
2822 4811 2934 4866 Deo
2986 4811 3147 4865 Patre
3194 4819 3348 4877 nato,
3401 4819 3455 4867 et
3508 4812 3646 4866 alius

2054 4920 2251 4961 rursus
2281 4903 2615 4975 Unigenitus
2649 4904 2949 4960 secundum
2982 4913 3190 4958 natura:
3222 4904 3453 4974 propria:
3475 4905 3645 4958 ratiu-

2054 5015 2196 5053 nem.
2231 4997 2336 5053 Sed
2370 4997 2516 5054 scire
2543 4997 2683 5063 haec,
2719 5011 2823 5052 non
2859 5006 2945 5053 est
2980 4997 3224 5052 dividere
3257 5007 3485 5052 naturas
3522 5008 3645 5068 post

2055 5094 2379 5149 unitionem.
2425 5090 2545 5148 lam
2581 5095 2628 5148 si
2674 5092 2798 5163 quis
2829 5092 3065 5150 voluerit
3111 5095 3437 5149 sacramenti
3476 5094 3647 5148 virtu-

2061 5197 2169 5240 tcm
2202 5198 2396 5241 exacto
2422 5187 2620 5241 mentis
2650 5185 2809 5241 oculo
2833 5188 3202 5253 considerare,
3231 5187 3436 5242 videbit
3460 5187 3648 5255 utique

2066 5279 2209 5347 quod
2240 5277 2417 5347 (sicut
2470 5277 2579 5331 dixi
2613 5277 2667 5331 in
2706 5277 3011 5349 principio)
3058 5292 3167 5332 non
3200 5291 3353 5331 suam
3393 5289 3644 5331 naturam

1426 5576 1603 5633 Varia:
1637 5579 1896 5635 lectiones
1924 5600 1987 5635 ex
2017 5583 2202 5638 codice
2238 5582 2622 5656 Seguieriano.

533 5815 558 5843 ε
592 5801 801 5865 αὐτοίςζ
875 5801 901 5840 ἀ
932 5801 1227 5871 ἀσύφηλον.

680 5898 797 5958 Pu
810 5912 956 5960 ιιοι.
992 5893 1106 5955 (in.
1134 5894 1403 5957 LXXVI.

343 5818 450 5863 σιν.

410 5746 441 5778 κ
474 5729 1436 5829 τδῢδέμοξνὴννλῖῗίρςὲξξ,ἐννοεξζ
1462 5737 1667 5829 κοινέιγ.
1743 5744 1772 5829 ἶ
1812 5775 1824 5794 .
1853 5736 1951 5806 οὐχ
1980 5736 2061 5829 ἑνὶ
2093 5738 2274 5793 κοινὸν
2294 5739 2403 5811 εἴη.
2483 5750 2505 5778 ²
2537 5742 2883 5815 πεποίηνται.
2963 5757 2989 5787 ι
3017 5745 3355 5817 ὠνόμασενῶ
3388 5752 3634 5829 ἀπόχρη..

727 5802 800 5865 ἰςζ
875 5802 901 5840 ἀ
932 5802 1227 5871 ἀσύφηλον.
1312 5814 1335 5841 θ
1369 5802 1535 5869 ἴσως,
1572 5806 1657 5878 δή,
1743 5804 1760 5843 τ
1800 5802 2098 5878 πεφηνότα.

3164 5912 3224 5974 11
