  <div class='ocr_page' id='page_1' title='image "/cluster/home/n/w/nwhite01/storage/ocr_20150623/76:no.9/coo.31924054869775/173.png"; bbox 0 0 4080 6466; ppageno 0'>
   <div class='ocr_carea' id='block_1_1' title="bbox 489 374 585 430">
    <p class='ocr_par' dir='ltr' id='par_1_1' title="bbox 489 374 585 430">
     <span class='ocr_line' id='line_1_1' title="bbox 489 374 585 430; baseline 0 -2"><span class='ocrx_word' id='word_1_1' title='bbox 489 374 585 430; x_wconf 66' lang='grc'><strong>531</strong></span> 
     </span>
    </p>
   </div>
   <div class='ocr_carea' id='block_1_2' title="bbox 1520 358 2761 423">
    <p class='ocr_par' dir='ltr' id='par_1_2' title="bbox 1520 358 2761 423">
     <span class='ocr_line' id='line_1_2' title="bbox 1520 358 2761 423; baseline -0.005 -1"><span class='ocrx_word' id='word_1_2' title='bbox 1520 367 1580 423; x_wconf 89' lang='lat' dir='ltr'><strong>S.</strong></span> <span class='ocrx_word' id='word_1_3' title='bbox 1621 362 1894 422; x_wconf 80' lang='lat' dir='ltr'><strong>CYRILLI</strong></span> <span class='ocrx_word' id='word_1_4' title='bbox 1929 359 2399 417; x_wconf 76' lang='lat' dir='ltr'><strong>ALEXANDRINI</strong></span> <span class='ocrx_word' id='word_1_5' title='bbox 2443 358 2761 416; x_wconf 81' lang='lat' dir='ltr'><strong>AHCHIEP.</strong></span> 
     </span>
    </p>
   </div>
   <div class='ocr_carea' id='block_1_3' title="bbox 3648 364 3761 422">
    <p class='ocr_par' dir='ltr' id='par_1_3' title="bbox 3648 364 3761 422">
     <span class='ocr_line' id='line_1_3' title="bbox 3648 364 3761 422; baseline -0.018 0"><span class='ocrx_word' id='word_1_6' title='bbox 3648 364 3761 422; x_wconf 60' lang='grc' dir='ltr'><strong>ὅδε</strong></span> 
     </span>
    </p>
   </div>
   <div class='ocr_carea' id='block_1_4' title="bbox 489 471 2072 560">
    <p class='ocr_par' dir='ltr' id='par_1_4' title="bbox 489 479 2066 560">
     <span class='ocr_line' id='line_1_4' title="bbox 489 479 2066 560; baseline -0.011 -15"><span class='ocrx_word' id='word_1_7' title='bbox 489 486 845 560; x_wconf 86' lang='lat' dir='ltr'><strong>apprehendit</strong></span> <span class='ocrx_word' id='word_1_8' title='bbox 893 485 1031 540; x_wconf 85' lang='lat' dir='ltr'><strong>Deus</strong></span> <span class='ocrx_word' id='word_1_9' title='bbox 1079 483 1351 538; x_wconf 75' lang='lat' dir='ltr'><strong>exsistens</strong></span> <span class='ocrx_word' id='word_1_10' title='bbox 1410 480 1683 547; x_wconf 82' lang='lat' dir='ltr'><strong>Verbum,</strong></span> <span class='ocrx_word' id='word_1_11' title='bbox 1737 479 1831 532; x_wconf 88' lang='lat' dir='ltr'><strong>sed</strong></span> <span class='ocrx_word' id='word_1_12' title='bbox 1885 491 2066 531; x_wconf 80' lang='lat' dir='ltr'><strong>semen</strong></span> 
     </span>
    </p>
   </div>
   <div class='ocr_carea' id='block_1_5' title="bbox 2175 471 3760 560">
    <p class='ocr_par' dir='ltr' id='par_1_5' title="bbox 2175 471 3760 548">
     <span class='ocr_line' id='line_1_5' title="bbox 2175 471 3760 548; baseline -0.001 -23"><span class='ocrx_word' id='word_1_13' title='bbox 2175 472 2386 525; x_wconf 76' lang='grc' dir='ltr'>ἕνωσιν.</span> <span class='ocrx_word' id='word_1_14' title='bbox 2420 474 2479 525; x_wconf 82' lang='grc' dir='ltr'><strong>Εἰ</strong></span> <span class='ocrx_word' id='word_1_15' title='bbox 2512 472 2570 524; x_wconf 80' lang='grc' dir='ltr'>δὲ</span> <span class='ocrx_word' id='word_1_16' title='bbox 2596 471 2657 543; x_wconf 88' lang='grc' dir='ltr'><strong>δή</strong></span> <span class='ocrx_word' id='word_1_17' title='bbox 2690 490 2776 535; x_wconf 89' lang='grc' dir='ltr'><strong>τις</strong></span> <span class='ocrx_word' id='word_1_18' title='bbox 2807 472 3050 542; x_wconf 80' lang='grc' dir='ltr'>βούλοιτο</span> <span class='ocrx_word' id='word_1_19' title='bbox 3072 475 3172 545; x_wconf 76' lang='grc' dir='ltr'><strong>τὴν</strong></span> <span class='ocrx_word' id='word_1_20' title='bbox 3204 474 3298 528; x_wconf 87' lang='grc' dir='ltr'><strong>τοῦ</strong></span> <span class='ocrx_word' id='word_1_21' title='bbox 3329 477 3632 548; x_wconf 61' lang='grc' dir='ltr'>μυστηρίου</span> <span class='ocrx_word' id='word_1_22' title='bbox 3659 482 3760 535; x_wconf 82' lang='grc' dir='ltr'><strong>δύ-</strong></span> 
     </span>
    </p>
   </div>
   <div class='ocr_carea' id='block_1_6' title="bbox 489 567 2071 635">
    <p class='ocr_par' dir='ltr' id='par_1_6' title="bbox 489 567 2071 635">
     <span class='ocr_line' id='line_1_6' title="bbox 489 567 2071 635; baseline -0.01 0"><span class='ocrx_word' id='word_1_23' title='bbox 489 579 743 635; x_wconf 67' lang='grc' dir='ltr'>ΔιπιιΙιε.</span> <span class='ocrx_word' id='word_1_24' title='bbox 773 576 888 631; x_wconf 81' lang='lat' dir='ltr'><strong>Non</strong></span> <span class='ocrx_word' id='word_1_25' title='bbox 921 583 1008 631; x_wconf 82' lang='lat' dir='ltr'><strong>est</strong></span> <span class='ocrx_word' id='word_1_26' title='bbox 1048 584 1227 629; x_wconf 89' lang='lat' dir='ltr'><strong>autem</strong></span> <span class='ocrx_word' id='word_1_27' title='bbox 1262 570 1726 630; x_wconf 88' lang='lat' dir='ltr'><strong>consubstantiale</strong></span> <span class='ocrx_word' id='word_1_28' title='bbox 1780 567 1959 623; x_wconf 84' lang='lat' dir='ltr'><strong>Verbo</strong></span> <span class='ocrx_word' id='word_1_29' title='bbox 2004 582 2071 620; x_wconf 76' lang='lat' dir='ltr'><strong>ex</strong></span> 
     </span>
    </p>
   </div>
   <div class='ocr_carea' id='block_1_7' title="bbox 489 664 2069 737">
    <p class='ocr_par' dir='ltr' id='par_1_7' title="bbox 489 664 2069 737">
     <span class='ocr_line' id='line_1_7' title="bbox 489 664 2069 737; baseline -0.011 -10"><span class='ocrx_word' id='word_1_30' title='bbox 489 672 600 727; x_wconf 89' lang='lat' dir='ltr'><strong>Deo</strong></span> <span class='ocrx_word' id='word_1_31' title='bbox 630 678 778 731; x_wconf 88' lang='lat' dir='ltr'><strong>nato,</strong></span> <span class='ocrx_word' id='word_1_32' title='bbox 809 668 952 737; x_wconf 88' lang='lat' dir='ltr'><strong>quod</strong></span> <span class='ocrx_word' id='word_1_33' title='bbox 985 682 1050 721; x_wconf 81' lang='lat' dir='ltr'><strong>ex</strong></span> <span class='ocrx_word' id='word_1_34' title='bbox 1078 666 1283 719; x_wconf 86' lang='lat' dir='ltr'><strong>semine</strong></span> <span class='ocrx_word' id='word_1_35' title='bbox 1310 664 1542 719; x_wconf 60' lang='lat' dir='ltr'><strong>Abrahae</strong></span> <span class='ocrx_word' id='word_1_36' title='bbox 1570 671 1817 718; x_wconf 87' lang='lat' dir='ltr'><strong>sanctum</strong></span> <span class='ocrx_word' id='word_1_37' title='bbox 1850 673 2069 727; x_wconf 86' lang='lat' dir='ltr'><strong>corpus,</strong></span> 
     </span>
    </p>
   </div>
   <div class='ocr_carea' id='block_1_8' title="bbox 455 748 2071 834">
    <p class='ocr_par' dir='ltr' id='par_1_8' title="bbox 455 748 2071 834">
     <span class='ocr_line' id='line_1_8' title="bbox 455 748 2071 834; baseline -0.009 -16"><span class='ocrx_word' id='word_1_38' title='bbox 455 748 628 834; x_wconf 55' lang='lat' dir='ltr'><strong>1quod</strong></span> <span class='ocrx_word' id='word_1_39' title='bbox 660 759 819 831; x_wconf 75' lang='lat'><strong>167</strong></span> <span class='ocrx_word' id='word_1_40' title='bbox 850 774 880 813; x_wconf 92' lang='lat' dir='ltr'><strong>e</strong></span> <span class='ocrx_word' id='word_1_41' title='bbox 905 759 1063 816; x_wconf 83' lang='lat' dir='ltr'><strong>beata</strong></span> <span class='ocrx_word' id='word_1_42' title='bbox 1102 755 1323 828; x_wconf 70' lang='lat' dir='ltr'><strong>Virgine</strong></span> <span class='ocrx_word' id='word_1_43' title='bbox 1356 755 1607 823; x_wconf 90' lang='lat' dir='ltr'><strong>sumpsit,</strong></span> <span class='ocrx_word' id='word_1_44' title='bbox 1642 751 1941 823; x_wconf 82' lang='lat' dir='ltr'><strong>procedens</strong></span> <span class='ocrx_word' id='word_1_45' title='bbox 1971 750 2071 804; x_wconf 87' lang='lat' dir='ltr'><strong>ho-</strong></span> 
     </span>
    </p>
   </div>
   <div class='ocr_carea' id='block_1_9' title="bbox 459 842 2072 920">
    <p class='ocr_par' dir='ltr' id='par_1_9' title="bbox 459 842 2072 920">
     <span class='ocr_line' id='line_1_9' title="bbox 459 842 2072 920; baseline -0.007 -13"><span class='ocrx_word' id='word_1_46' title='bbox 459 842 600 920; x_wconf 72' lang='lat' dir='ltr'><strong>‘mo,</strong></span> <span class='ocrx_word' id='word_1_47' title='bbox 637 861 696 907; x_wconf 88' lang='lat' dir='ltr'><strong>ut</strong></span> <span class='ocrx_word' id='word_1_48' title='bbox 732 850 995 906; x_wconf 73' lang='lat' dir='ltr'><strong>fratribus</strong></span> <span class='ocrx_word' id='word_1_49' title='bbox 1037 850 1230 905; x_wconf 84' lang='lat' dir='ltr'><strong>similis</strong></span> <span class='ocrx_word' id='word_1_50' title='bbox 1267 856 1431 911; x_wconf 89' lang='lat' dir='ltr'><strong>esset,</strong></span> <span class='ocrx_word' id='word_1_51' title='bbox 1464 855 1519 901; x_wconf 91' lang='lat' dir='ltr'><strong>et</strong></span> <span class='ocrx_word' id='word_1_52' title='bbox 1558 844 1928 915; x_wconf 70' lang='lat' dir='ltr'><strong>appellaretur</strong></span> <span class='ocrx_word' id='word_1_53' title='bbox 1959 844 2072 911; x_wconf 86' lang='lat' dir='ltr'><strong>pri—</strong></span> 
     </span>
    </p>
   </div>
   <div class='ocr_carea' id='block_1_10' title="bbox 454 936 2075 1020">
    <p class='ocr_par' dir='ltr' id='par_1_10' title="bbox 454 936 2075 1020">
     <span class='ocr_line' id='line_1_10' title="bbox 454 936 2075 1020; baseline -0.007 -21"><span class='ocrx_word' id='word_1_54' title='bbox 454 988 460 1020; x_wconf 32' lang='lat'>;</span> <span class='ocrx_word' id='word_1_55' title='bbox 489 944 797 1014; x_wconf 72' lang='lat' dir='ltr'><strong>mogenitus</strong></span> <span class='ocrx_word' id='word_1_56' title='bbox 833 943 925 1012; x_wconf 88' lang='lat' dir='ltr'><strong>qui</strong></span> <span class='ocrx_word' id='word_1_57' title='bbox 953 952 1070 998; x_wconf 89' lang='lat' dir='ltr'><strong>erat</strong></span> <span class='ocrx_word' id='word_1_58' title='bbox 1094 940 1423 1011; x_wconf 77' lang='lat' dir='ltr'><strong>unigenitus.</strong></span> <span class='ocrx_word' id='word_1_59' title='bbox 1450 936 1707 1005; x_wconf 78' lang='lat' dir='ltr'><strong>Quamvis</strong></span> <span class='ocrx_word' id='word_1_60' title='bbox 1733 945 1914 989; x_wconf 77' lang='lat' dir='ltr'><strong>autem</strong></span> <span class='ocrx_word' id='word_1_61' title='bbox 1944 936 2075 989; x_wconf 87' lang='lat' dir='ltr'><strong>alte-</strong></span> 
     </span>
    </p>
   </div>
   <div class='ocr_carea' id='block_1_11' title="bbox 489 1026 2073 1101">
    <p class='ocr_par' dir='ltr' id='par_1_11' title="bbox 489 1026 2073 1101">
     <span class='ocr_line' id='line_1_11' title="bbox 489 1026 2073 1101; baseline -0.006 -14"><span class='ocrx_word' id='word_1_62' title='bbox 489 1037 604 1088; x_wconf 86' lang='lat' dir='ltr'><strong>rius</strong></span> <span class='ocrx_word' id='word_1_63' title='bbox 635 1042 845 1088; x_wconf 71' lang='lat' dir='ltr'><strong>natnrm</strong></span> <span class='ocrx_word' id='word_1_64' title='bbox 874 1033 945 1087; x_wconf 88' lang='lat' dir='ltr'><strong>sit</strong></span> <span class='ocrx_word' id='word_1_65' title='bbox 970 1046 1167 1101; x_wconf 91' lang='lat' dir='ltr'><strong>corpus</strong></span> <span class='ocrx_word' id='word_1_66' title='bbox 1192 1045 1220 1083; x_wconf 88' lang='lat' dir='ltr'><strong>a</strong></span> <span class='ocrx_word' id='word_1_67' title='bbox 1250 1028 1428 1085; x_wconf 78' lang='lat' dir='ltr'><strong>Verbo</strong></span> <span class='ocrx_word' id='word_1_68' title='bbox 1463 1028 1554 1082; x_wconf 92' lang='lat' dir='ltr'><strong>Dei</strong></span> <span class='ocrx_word' id='word_1_69' title='bbox 1586 1026 1790 1091; x_wconf 87' lang='lat' dir='ltr'><strong>Patris;</strong></span> <span class='ocrx_word' id='word_1_70' title='bbox 1825 1040 1964 1079; x_wconf 88' lang='lat' dir='ltr'><strong>unus</strong></span> <span class='ocrx_word' id='word_1_71' title='bbox 1989 1033 2073 1079; x_wconf 88' lang='lat' dir='ltr'><strong>ta-</strong></span> 
     </span>
    </p>
   </div>
   <div class='ocr_carea' id='block_1_12' title="bbox 490 1117 2070 1188">
    <p class='ocr_par' dir='ltr' id='par_1_12' title="bbox 490 1117 2070 1188">
     <span class='ocr_line' id='line_1_12' title="bbox 490 1117 2070 1188; baseline -0.004 -10"><span class='ocrx_word' id='word_1_72' title='bbox 490 1141 611 1180; x_wconf 88' lang='lat' dir='ltr'><strong>men</strong></span> <span class='ocrx_word' id='word_1_73' title='bbox 641 1134 724 1179; x_wconf 91' lang='lat' dir='ltr'><strong>est</strong></span> <span class='ocrx_word' id='word_1_74' title='bbox 758 1124 1030 1188; x_wconf 81' lang='lat' dir='ltr'><strong>Christus,</strong></span> <span class='ocrx_word' id='word_1_75' title='bbox 1066 1132 1118 1176; x_wconf 90' lang='lat' dir='ltr'><strong>et</strong></span> <span class='ocrx_word' id='word_1_76' title='bbox 1153 1120 1343 1184; x_wconf 84' lang='lat' dir='ltr'><strong>Filius,</strong></span> <span class='ocrx_word' id='word_1_77' title='bbox 1379 1128 1435 1176; x_wconf 88' lang='lat' dir='ltr'><strong>et</strong></span> <span class='ocrx_word' id='word_1_78' title='bbox 1473 1119 1639 1187; x_wconf 84' lang='lat' dir='ltr'><strong>Deus,</strong></span> <span class='ocrx_word' id='word_1_79' title='bbox 1687 1126 1739 1173; x_wconf 92' lang='lat' dir='ltr'><strong>et</strong></span> <span class='ocrx_word' id='word_1_80' title='bbox 1789 1117 2070 1182; x_wconf 85' lang='lat' dir='ltr'><strong>Dominus,</strong></span> 
     </span>
    </p>
   </div>
   <div class='ocr_carea' id='block_1_13' title="bbox 493 1208 2070 1272">
    <p class='ocr_par' dir='ltr' id='par_1_13' title="bbox 493 1208 2070 1272">
     <span class='ocr_line' id='line_1_13' title="bbox 493 1208 2070 1272; baseline -0.004 -4"><span class='ocrx_word' id='word_1_81' title='bbox 493 1214 703 1269; x_wconf 83' lang='lat' dir='ltr'><strong>tametsi</strong></span> <span class='ocrx_word' id='word_1_82' title='bbox 754 1212 931 1269; x_wconf 82' lang='lat' dir='ltr'><strong>factus</strong></span> <span class='ocrx_word' id='word_1_83' title='bbox 980 1213 1056 1267; x_wconf 87' lang='lat' dir='ltr'><strong>sit</strong></span> <span class='ocrx_word' id='word_1_84' title='bbox 1096 1226 1247 1266; x_wconf 87' lang='lat' dir='ltr'><strong>caro.</strong></span> <span class='ocrx_word' id='word_1_85' title='bbox 1293 1208 1408 1264; x_wconf 87' lang='lat' dir='ltr'><strong>Non</strong></span> <span class='ocrx_word' id='word_1_86' title='bbox 1455 1217 1607 1266; x_wconf 84' lang='lat' dir='ltr'><strong>caret</strong></span> <span class='ocrx_word' id='word_1_87' title='bbox 1639 1218 1821 1263; x_wconf 90' lang='lat' dir='ltr'><strong>autem</strong></span> <span class='ocrx_word' id='word_1_88' title='bbox 1852 1208 2070 1272; x_wconf 88' lang='lat' dir='ltr'><strong>damno,</strong></span> 
     </span>
    </p>
   </div>
   <div class='ocr_carea' id='block_1_14' title="bbox 490 1300 2073 1365">
    <p class='ocr_par' dir='ltr' id='par_1_14' title="bbox 490 1300 2073 1365">
     <span class='ocr_line' id='line_1_14' title="bbox 490 1300 2073 1365; baseline -0.003 -6"><span class='ocrx_word' id='word_1_89' title='bbox 490 1306 784 1360; x_wconf 78' lang='lat' dir='ltr'><strong>dissolvere</strong></span> <span class='ocrx_word' id='word_1_90' title='bbox 822 1314 963 1358; x_wconf 75' lang='lat' dir='ltr'><strong>vera:</strong></span> <span class='ocrx_word' id='word_1_91' title='bbox 998 1303 1260 1357; x_wconf 75' lang='lat' dir='ltr'><strong>unitionis</strong></span> <span class='ocrx_word' id='word_1_92' title='bbox 1305 1302 1547 1365; x_wconf 89' lang='lat' dir='ltr'><strong>modum,</strong></span> <span class='ocrx_word' id='word_1_93' title='bbox 1582 1314 1638 1356; x_wconf 89' lang='lat' dir='ltr'><strong>et</strong></span> <span class='ocrx_word' id='word_1_94' title='bbox 1675 1300 1915 1356; x_wconf 76' lang='lat' dir='ltr'><strong>dividere</strong></span> <span class='ocrx_word' id='word_1_95' title='bbox 1947 1303 2073 1355; x_wconf 87' lang='lat' dir='ltr'><strong>sub-</strong></span> 
     </span>
    </p>
   </div>
   <div class='ocr_carea' id='block_1_15' title="bbox 488 1391 2077 1463">
    <p class='ocr_par' dir='ltr' id='par_1_15' title="bbox 488 1391 2077 1463">
     <span class='ocr_line' id='line_1_15' title="bbox 488 1391 2077 1463; baseline -0.005 -14"><span class='ocrx_word' id='word_1_96' title='bbox 488 1396 770 1449; x_wconf 84' lang='lat' dir='ltr'><strong>sistentias</strong></span> <span class='ocrx_word' id='word_1_97' title='bbox 818 1406 846 1447; x_wconf 86' lang='lat' dir='ltr'><strong>a</strong></span> <span class='ocrx_word' id='word_1_98' title='bbox 898 1407 957 1447; x_wconf 89' lang='lat' dir='ltr'><strong>se</strong></span> <span class='ocrx_word' id='word_1_99' title='bbox 990 1404 1177 1447; x_wconf 90' lang='lat' dir='ltr'><strong>mutuo</strong></span> <span class='ocrx_word' id='word_1_100' title='bbox 1229 1391 1503 1463; x_wconf 82' lang='lat' dir='ltr'><strong>sejunctas</strong></span> <span class='ocrx_word' id='word_1_101' title='bbox 1538 1391 1591 1444; x_wconf 89' lang='lat' dir='ltr'><strong>in</strong></span> <span class='ocrx_word' id='word_1_102' title='bbox 1635 1392 1771 1445; x_wconf 85' lang='lat' dir='ltr'><strong>duos</strong></span> <span class='ocrx_word' id='word_1_103' title='bbox 1807 1392 1968 1454; x_wconf 86' lang='lat' dir='ltr'><strong>lilios,</strong></span> <span class='ocrx_word' id='word_1_104' title='bbox 2021 1399 2077 1443; x_wconf 89' lang='lat' dir='ltr'><strong>ut</strong></span> 
     </span>
    </p>
   </div>
   <div class='ocr_carea' id='block_1_16' title="bbox 489 1482 2074 1558">
    <p class='ocr_par' dir='ltr' id='par_1_16' title="bbox 489 1482 2074 1558">
     <span class='ocr_line' id='line_1_16' title="bbox 489 1482 2074 1558; baseline -0.004 -18"><span class='ocrx_word' id='word_1_105' title='bbox 489 1487 740 1558; x_wconf 86' lang='lat' dir='ltr'><strong>privatim</strong></span> <span class='ocrx_word' id='word_1_106' title='bbox 774 1495 828 1540; x_wconf 91' lang='lat' dir='ltr'><strong>et</strong></span> <span class='ocrx_word' id='word_1_107' title='bbox 877 1498 1122 1539; x_wconf 87' lang='lat' dir='ltr'><strong>seorsum</strong></span> <span class='ocrx_word' id='word_1_108' title='bbox 1182 1483 1315 1548; x_wconf 89' lang='lat' dir='ltr'><strong>sint,</strong></span> <span class='ocrx_word' id='word_1_109' title='bbox 1368 1483 1634 1537; x_wconf 82' lang='lat' dir='ltr'><strong>habentes</strong></span> <span class='ocrx_word' id='word_1_110' title='bbox 1679 1494 1858 1536; x_wconf 89' lang='lat' dir='ltr'><strong>autem</strong></span> <span class='ocrx_word' id='word_1_111' title='bbox 1901 1482 2074 1536; x_wconf 88' lang='lat' dir='ltr'><strong>solum</strong></span> 
     </span>
    </p>
   </div>
   <div class='ocr_carea' id='block_1_17' title="bbox 486 1573 2073 1644">
    <p class='ocr_par' dir='ltr' id='par_1_17' title="bbox 486 1573 2073 1644">
     <span class='ocr_line' id='line_1_17' title="bbox 486 1573 2073 1644; baseline -0.003 -15"><span class='ocrx_word' id='word_1_112' title='bbox 486 1587 768 1629; x_wconf 77' lang='lat' dir='ltr'><strong>externam</strong></span> <span class='ocrx_word' id='word_1_113' title='bbox 796 1574 1216 1638; x_wconf 72' lang='lat' dir='ltr'><strong>connexionem,</strong></span> <span class='ocrx_word' id='word_1_114' title='bbox 1255 1583 1309 1630; x_wconf 89' lang='lat' dir='ltr'><strong>et</strong></span> <span class='ocrx_word' id='word_1_115' title='bbox 1363 1583 1422 1627; x_wconf 92' lang='lat' dir='ltr'><strong>ut</strong></span> <span class='ocrx_word' id='word_1_116' title='bbox 1460 1574 1513 1627; x_wconf 89' lang='lat' dir='ltr'><strong>in</strong></span> <span class='ocrx_word' id='word_1_117' title='bbox 1557 1574 1749 1629; x_wconf 85' lang='lat' dir='ltr'><strong>ordine</strong></span> <span class='ocrx_word' id='word_1_118' title='bbox 1774 1573 2073 1644; x_wconf 74' lang='lat' dir='ltr'><strong>dignitatis.</strong></span> 
     </span>
    </p>
   </div>
   <div class='ocr_carea' id='block_1_18' title="bbox 490 1663 2077 1733">
    <p class='ocr_par' dir='ltr' id='par_1_18' title="bbox 490 1663 2077 1733">
     <span class='ocr_line' id='line_1_18' title="bbox 490 1663 2077 1733; baseline -0.003 -12"><span class='ocrx_word' id='word_1_119' title='bbox 490 1668 641 1733; x_wconf 82' lang='lat' dir='ltr'><strong>Quod</strong></span> <span class='ocrx_word' id='word_1_120' title='bbox 675 1666 718 1721; x_wconf 87' lang='lat' dir='ltr'><strong>si</strong></span> <span class='ocrx_word' id='word_1_121' title='bbox 764 1664 1064 1719; x_wconf 85' lang='lat' dir='ltr'><strong>naturalem</strong></span> <span class='ocrx_word' id='word_1_122' title='bbox 1101 1664 1360 1718; x_wconf 87' lang='lat' dir='ltr'><strong>unionem</strong></span> <span class='ocrx_word' id='word_1_123' title='bbox 1403 1664 1727 1728; x_wconf 75' lang='lat' dir='ltr'><strong>dixerimus,</strong></span> <span class='ocrx_word' id='word_1_124' title='bbox 1771 1678 1957 1718; x_wconf 80' lang='lat' dir='ltr'><strong>veram</strong></span> <span class='ocrx_word' id='word_1_125' title='bbox 1993 1663 2077 1717; x_wconf 88' lang='lat' dir='ltr'><strong>in-</strong></span> 
     </span>
    </p>
   </div>
   <div class='ocr_carea' id='block_1_19' title="bbox 491 1754 2077 1831">
    <p class='ocr_par' dir='ltr' id='par_1_19' title="bbox 491 1754 2077 1831">
     <span class='ocr_line' id='line_1_19' title="bbox 491 1754 2077 1831; baseline -0.003 -18"><span class='ocrx_word' id='word_1_126' title='bbox 491 1760 803 1831; x_wconf 79' lang='lat' dir='ltr'><strong>telligimus.</strong></span> <span class='ocrx_word' id='word_1_127' title='bbox 836 1757 1010 1813; x_wconf 85' lang='lat' dir='ltr'><strong>Habet</strong></span> <span class='ocrx_word' id='word_1_128' title='bbox 1036 1759 1181 1811; x_wconf 86' lang='lat' dir='ltr'><strong>enim</strong></span> <span class='ocrx_word' id='word_1_129' title='bbox 1215 1754 1499 1827; x_wconf 85' lang='lat' dir='ltr'><strong>Scriptura</strong></span> <span class='ocrx_word' id='word_1_130' title='bbox 1525 1756 1780 1811; x_wconf 82' lang='lat' dir='ltr'><strong>divinitus</strong></span> <span class='ocrx_word' id='word_1_131' title='bbox 1816 1755 2077 1826; x_wconf 86' lang='lat' dir='ltr'><strong>inspirata</strong></span> 
     </span>
    </p>
   </div>
   <div class='ocr_carea' id='block_1_20' title="bbox 2175 564 3764 636">
    <p class='ocr_par' dir='ltr' id='par_1_20' title="bbox 2175 564 3764 636">
     <span class='ocr_line' id='line_1_20' title="bbox 2175 564 3764 636; baseline 0.005 -19"><span class='ocrx_word' id='word_1_132' title='bbox 2175 581 2339 635; x_wconf 85' lang='grc' dir='ltr'>ναμιν</span> <span class='ocrx_word' id='word_1_133' title='bbox 2373 564 2593 635; x_wconf 78' lang='grc' dir='ltr'>ἀκριόεῖ</span> <span class='ocrx_word' id='word_1_134' title='bbox 2624 564 2865 629; x_wconf 80' lang='grc' dir='ltr'><strong>διανοίας</strong></span> <span class='ocrx_word' id='word_1_135' title='bbox 2896 564 3105 636; x_wconf 81' lang='grc' dir='ltr'>δμματι</span> <span class='ocrx_word' id='word_1_136' title='bbox 3128 567 3624 635; x_wconf 78' lang='grc' dir='ltr'>κατασκέπτεσθαι,</span> <span class='ocrx_word' id='word_1_137' title='bbox 3653 589 3764 626; x_wconf 84' lang='grc' dir='ltr'>κα-</span> 
     </span>
    </p>
   </div>
   <div class='ocr_carea' id='block_1_21' title="bbox 2176 653 3765 731">
    <p class='ocr_par' dir='ltr' id='par_1_21' title="bbox 2176 653 3765 731">
     <span class='ocr_line' id='line_1_21' title="bbox 2176 653 3765 731; baseline 0.003 -24"><span class='ocrx_word' id='word_1_138' title='bbox 2176 656 2501 726; x_wconf 76' lang='grc' dir='ltr'>ταθρήσειεν</span> <span class='ocrx_word' id='word_1_139' title='bbox 2528 654 2616 718; x_wconf 83' lang='grc' dir='ltr'>ἂν,</span> <span class='ocrx_word' id='word_1_140' title='bbox 2643 654 2748 717; x_wconf 83' lang='grc' dir='ltr'>ὅτι,</span> <span class='ocrx_word' id='word_1_141' title='bbox 2775 653 3028 726; x_wconf 87' lang='grc' dir='ltr'>καθάπερ</span> <span class='ocrx_word' id='word_1_142' title='bbox 3062 653 3199 725; x_wconf 77' lang='grc' dir='ltr'>ἔφην</span> <span class='ocrx_word' id='word_1_143' title='bbox 3228 655 3287 708; x_wconf 81' lang='grc' dir='ltr'>ὲν</span> <span class='ocrx_word' id='word_1_144' title='bbox 3320 655 3539 727; x_wconf 79' lang='grc' dir='ltr'>ἀρχαῖς,</span> <span class='ocrx_word' id='word_1_145' title='bbox 3572 658 3634 711; x_wconf 88' lang='grc' dir='ltr'><strong>ού</strong></span> <span class='ocrx_word' id='word_1_146' title='bbox 3656 660 3765 731; x_wconf 84' lang='grc' dir='ltr'>τῆς</span> 
     </span>
    </p>
   </div>
   <div class='ocr_carea' id='block_1_22' title="bbox 2175 746 3768 824">
    <p class='ocr_par' dir='ltr' id='par_1_22' title="bbox 2175 746 3768 824">
     <span class='ocr_line' id='line_1_22' title="bbox 2175 746 3768 824; baseline 0.001 -22"><span class='ocrx_word' id='word_1_147' title='bbox 2175 747 2337 803; x_wconf 87' lang='grc' dir='ltr'>αύτοῦ</span> <span class='ocrx_word' id='word_1_148' title='bbox 2351 747 2564 816; x_wconf 83' lang='grc' dir='ltr'>φύσεως</span> <span class='ocrx_word' id='word_1_149' title='bbox 2587 746 2883 800; x_wconf 75' lang='grc' dir='ltr'>ἐπελάσετο</span> <span class='ocrx_word' id='word_1_150' title='bbox 2901 746 3035 811; x_wconf 78' lang='grc' dir='ltr'>Θεὸς</span> <span class='ocrx_word' id='word_1_151' title='bbox 3067 747 3144 801; x_wconf 79' lang='grc' dir='ltr'>ὢν</span> <span class='ocrx_word' id='word_1_152' title='bbox 3165 749 3193 802; x_wconf 99' lang='lat'><strong>6</strong></span> <span class='ocrx_word' id='word_1_153' title='bbox 3220 748 3414 817; x_wconf 85' lang='grc' dir='ltr'>Λόγος,</span> <span class='ocrx_word' id='word_1_154' title='bbox 3431 748 3569 804; x_wconf 89' lang='grc' dir='ltr'><strong>ἀλλά</strong></span> <span class='ocrx_word' id='word_1_155' title='bbox 3594 752 3768 824; x_wconf 79' lang='grc' dir='ltr'>σπέρ-</span> 
     </span>
    </p>
   </div>
   <div class='ocr_carea' id='block_1_23' title="bbox 2179 837 3771 912">
    <p class='ocr_par' dir='ltr' id='par_1_23' title="bbox 2179 837 3771 912">
     <span class='ocr_line' id='line_1_23' title="bbox 2179 837 3771 912; baseline 0.003 -19"><span class='ocrx_word' id='word_1_156' title='bbox 2179 856 2346 909; x_wconf 83' lang='grc' dir='ltr'>ματος</span> <span class='ocrx_word' id='word_1_157' title='bbox 2379 838 2632 909; x_wconf 80' lang='grc' dir='ltr'>’Λόραάμ</span> <span class='ocrx_word' id='word_1_158' title='bbox 2655 852 2671 868; x_wconf 84' lang='grc'>⁶</span> <span class='ocrx_word' id='word_1_159' title='bbox 2700 838 2799 908; x_wconf 85' lang='grc' dir='ltr'>οὺχ</span> <span class='ocrx_word' id='word_1_160' title='bbox 2823 837 3113 908; x_wconf 86' lang='grc' dir='ltr'>ὁμοούσιον</span> <span class='ocrx_word' id='word_1_161' title='bbox 3136 839 3194 892; x_wconf 72' lang='grc' dir='ltr'>δὲ</span> <span class='ocrx_word' id='word_1_162' title='bbox 3225 840 3303 912; x_wconf 83' lang='grc' dir='ltr'><strong>τῷ</strong></span> <span class='ocrx_word' id='word_1_163' title='bbox 3335 843 3398 896; x_wconf 80' lang='grc' dir='ltr'>ὲκ</span> <span class='ocrx_word' id='word_1_164' title='bbox 3428 841 3565 896; x_wconf 90' lang='grc' dir='ltr'>Θεοῦ</span> <span class='ocrx_word' id='word_1_165' title='bbox 3597 842 3771 911; x_wconf 81' lang='grc' dir='ltr'>φύντι</span> 
     </span>
    </p>
   </div>
   <div class='ocr_carea' id='block_1_24' title="bbox 2172 930 3770 1008">
    <p class='ocr_par' dir='ltr' id='par_1_24' title="bbox 2172 930 3770 1008">
     <span class='ocr_line' id='line_1_24' title="bbox 2172 930 3770 1008; baseline 0.002 -23"><span class='ocrx_word' id='word_1_166' title='bbox 2172 931 2353 1001; x_wconf 81' lang='grc' dir='ltr'>Λόγῳ,</span> <span class='ocrx_word' id='word_1_167' title='bbox 2375 930 2437 984; x_wconf 75' lang='grc' dir='ltr'><strong>τὸ</strong></span> <span class='ocrx_word' id='word_1_168' title='bbox 2465 932 2530 983; x_wconf 77' lang='grc' dir='ltr'>ἐκ</span> <span class='ocrx_word' id='word_1_169' title='bbox 2557 930 2872 1002; x_wconf 79' lang='grc' dir='ltr'>σπέρματος</span> <span class='ocrx_word' id='word_1_170' title='bbox 2907 930 3162 1003; x_wconf 81' lang='grc' dir='ltr'>’Λὸραάμ</span> <span class='ocrx_word' id='word_1_171' title='bbox 3201 932 3359 1001; x_wconf 82' lang='grc' dir='ltr'>ἀγιον</span> <span class='ocrx_word' id='word_1_172' title='bbox 3388 934 3549 1005; x_wconf 81' lang='grc' dir='ltr'>σῶμα</span> <span class='ocrx_word' id='word_1_173' title='bbox 3619 937 3770 1008; x_wconf 76' lang='grc' dir='ltr'>ὅπερ</span> 
     </span>
    </p>
   </div>
   <div class='ocr_carea' id='block_1_25' title="bbox 2176 1018 3769 1092">
    <p class='ocr_par' dir='ltr' id='par_1_25' title="bbox 2176 1018 3769 1092">
     <span class='ocr_line' id='line_1_25' title="bbox 2176 1018 3769 1092; baseline 0.001 -19"><span class='ocrx_word' id='word_1_174' title='bbox 2176 1023 2241 1075; x_wconf 77' lang='grc' dir='ltr'>ὲκ</span> <span class='ocrx_word' id='word_1_175' title='bbox 2263 1021 2363 1091; x_wconf 85' lang='grc' dir='ltr'>τῆς</span> <span class='ocrx_word' id='word_1_176' title='bbox 2397 1022 2675 1090; x_wconf 79' lang='grc' dir='ltr'>μακαρίας</span> <span class='ocrx_word' id='word_1_177' title='bbox 2700 1018 2982 1091; x_wconf 74' lang='grc' dir='ltr'><strong>Παρθένου</strong></span> <span class='ocrx_word' id='word_1_178' title='bbox 3018 1019 3221 1086; x_wconf 78' lang='grc' dir='ltr'>λαϐὼν,</span> <span class='ocrx_word' id='word_1_179' title='bbox 3239 1020 3511 1091; x_wconf 82' lang='grc' dir='ltr'>προῆλθεν</span> <span class='ocrx_word' id='word_1_180' title='bbox 3542 1022 3769 1092; x_wconf 85' lang='grc' dir='ltr'>ἄνθρω-</span> 
     </span>
    </p>
   </div>
   <div class='ocr_carea' id='block_1_26' title="bbox 2178 1111 3774 1185">
    <p class='ocr_par' dir='ltr' id='par_1_26' title="bbox 2178 1111 3774 1185">
     <span class='ocr_line' id='line_1_26' title="bbox 2178 1111 3774 1185; baseline 0.001 -20"><span class='ocrx_word' id='word_1_181' title='bbox 2178 1129 2299 1175; x_wconf 85' lang='grc' dir='ltr'>πος,</span> <span class='ocrx_word' id='word_1_182' title='bbox 2324 1113 2412 1165; x_wconf 84' lang='grc' dir='ltr'>ἵνα</span> <span class='ocrx_word' id='word_1_183' title='bbox 2439 1114 2551 1173; x_wconf 85' lang='grc' dir='ltr'>τοῖς</span> <span class='ocrx_word' id='word_1_184' title='bbox 2567 1111 2819 1181; x_wconf 78' lang='grc' dir='ltr'><strong>ἀδελφοῖς</strong></span> <span class='ocrx_word' id='word_1_185' title='bbox 2844 1111 3110 1182; x_wconf 66' lang='grc' dir='ltr'>ὁμοωθῇ,</span> <span class='ocrx_word' id='word_1_186' title='bbox 3136 1111 3229 1164; x_wconf 76' lang='grc' dir='ltr'>καὶ</span> <span class='ocrx_word' id='word_1_187' title='bbox 3265 1113 3578 1184; x_wconf 75' lang='grc' dir='ltr'>χρηματίσῃ</span> <span class='ocrx_word' id='word_1_188' title='bbox 3610 1130 3774 1185; x_wconf 86' lang='grc' dir='ltr'>πρω-</span> 
     </span>
    </p>
   </div>
   <div class='ocr_carea' id='block_1_27' title="bbox 2176 1205 3775 1277">
    <p class='ocr_par' dir='ltr' id='par_1_27' title="bbox 2176 1205 3775 1277">
     <span class='ocr_line' id='line_1_27' title="bbox 2176 1205 3775 1277; baseline 0.001 -19"><span class='ocrx_word' id='word_1_189' title='bbox 2176 1205 2395 1269; x_wconf 86' lang='grc' dir='ltr'>τότοκος</span> <span class='ocrx_word' id='word_1_190' title='bbox 2414 1206 2443 1258; x_wconf 92' lang='lat'><strong>6</strong></span> <span class='ocrx_word' id='word_1_191' title='bbox 2473 1206 2789 1276; x_wconf 77' lang='grc' dir='ltr'>μονογενής.</span> <span class='ocrx_word' id='word_1_192' title='bbox 2829 1207 2971 1261; x_wconf 72' lang='grc' dir='ltr'>Ἀλλ’</span> <span class='ocrx_word' id='word_1_193' title='bbox 3001 1208 3051 1260; x_wconf 82' lang='grc' dir='ltr'><strong>εί</strong></span> <span class='ocrx_word' id='word_1_194' title='bbox 3082 1206 3178 1260; x_wconf 71' lang='lat' dir='ltr'><strong>stat</strong></span> <span class='ocrx_word' id='word_1_195' title='bbox 3203 1205 3349 1260; x_wconf 77' lang='grc' dir='ltr'>ἐστιν</span> <span class='ocrx_word' id='word_1_196' title='bbox 3374 1207 3666 1277; x_wconf 79' lang='grc' dir='ltr'>ἑτεροφυὲς</span> <span class='ocrx_word' id='word_1_197' title='bbox 3698 1206 3775 1259; x_wconf 72' lang='grc' dir='ltr'>τὸ</span> 
     </span>
    </p>
   </div>
   <div class='ocr_carea' id='block_1_28' title="bbox 2179 1293 3775 1367">
    <p class='ocr_par' dir='ltr' id='par_1_28' title="bbox 2179 1293 3775 1367">
     <span class='ocr_line' id='line_1_28' title="bbox 2179 1293 3775 1367; baseline 0 -17"><span class='ocrx_word' id='word_1_198' title='bbox 2179 1297 2338 1367; x_wconf 85' lang='grc' dir='ltr'>σῶμα</span> <span class='ocrx_word' id='word_1_199' title='bbox 2374 1298 2526 1367; x_wconf 80' lang='grc' dir='ltr'>παρά</span> <span class='ocrx_word' id='word_1_200' title='bbox 2552 1313 2616 1365; x_wconf 86' lang='grc' dir='ltr'><strong>γε</strong></span> <span class='ocrx_word' id='word_1_201' title='bbox 2655 1296 2743 1350; x_wconf 83' lang='grc' dir='ltr'><strong>τὸν</strong></span> <span class='ocrx_word' id='word_1_202' title='bbox 2783 1298 2850 1351; x_wconf 69' lang='grc' dir='ltr'>ἐκ</span> <span class='ocrx_word' id='word_1_203' title='bbox 2881 1297 3021 1351; x_wconf 89' lang='grc' dir='ltr'>Θεοῦ</span> <span class='ocrx_word' id='word_1_204' title='bbox 3056 1296 3270 1367; x_wconf 76' lang='grc' dir='ltr'>Πατρδς</span> <span class='ocrx_word' id='word_1_205' title='bbox 3294 1296 3487 1366; x_wconf 88' lang='grc' dir='ltr'>Λόγον,</span> <span class='ocrx_word' id='word_1_206' title='bbox 3520 1296 3636 1350; x_wconf 81' lang='grc' dir='ltr'>ἀλλ’</span> <span class='ocrx_word' id='word_1_207' title='bbox 3665 1293 3775 1350; x_wconf 77' lang='grc' dir='ltr'>οὖν</span> 
     </span>
    </p>
   </div>
   <div class='ocr_carea' id='block_1_29' title="bbox 2178 1384 3777 1459">
    <p class='ocr_par' dir='ltr' id='par_1_29' title="bbox 2178 1384 3777 1459">
     <span class='ocr_line' id='line_1_29' title="bbox 2178 1384 3777 1459; baseline -0.001 -18"><span class='ocrx_word' id='word_1_208' title='bbox 2178 1384 2259 1452; x_wconf 81' lang='grc' dir='ltr'>εἷς</span> <span class='ocrx_word' id='word_1_209' title='bbox 2287 1388 2544 1459; x_wconf 82' lang='grc' dir='ltr'>Χριστὸς,</span> <span class='ocrx_word' id='word_1_210' title='bbox 2577 1389 2673 1443; x_wconf 74' lang='grc' dir='ltr'>καὶ</span> <span class='ocrx_word' id='word_1_211' title='bbox 2698 1389 2847 1452; x_wconf 83' lang='grc' dir='ltr'>Υίδς,</span> <span class='ocrx_word' id='word_1_212' title='bbox 2882 1388 2978 1442; x_wconf 79' lang='grc' dir='ltr'>καὶ</span> <span class='ocrx_word' id='word_1_213' title='bbox 3007 1388 3160 1453; x_wconf 80' lang='grc' dir='ltr'>Θεὸς,</span> <span class='ocrx_word' id='word_1_214' title='bbox 3191 1389 3287 1442; x_wconf 72' lang='grc' dir='ltr'>καὶ</span> <span class='ocrx_word' id='word_1_215' title='bbox 3317 1388 3556 1459; x_wconf 78' lang='grc' dir='ltr'>Κύριος,</span> <span class='ocrx_word' id='word_1_216' title='bbox 3588 1389 3682 1442; x_wconf 77' lang='grc' dir='ltr'>καὶ</span> <span class='ocrx_word' id='word_1_217' title='bbox 3714 1389 3777 1441; x_wconf 79' lang='grc' dir='ltr'><strong>ει</strong></span> 
     </span>
    </p>
   </div>
   <div class='ocr_carea' id='block_1_30' title="bbox 2180 1479 3779 1551">
    <p class='ocr_par' dir='ltr' id='par_1_30' title="bbox 2180 1479 3779 1551">
     <span class='ocr_line' id='line_1_30' title="bbox 2180 1479 3779 1551; baseline -0.001 -19"><span class='ocrx_word' id='word_1_218' title='bbox 2180 1481 2370 1549; x_wconf 84' lang='grc' dir='ltr'>γέγονε</span> <span class='ocrx_word' id='word_1_219' title='bbox 2411 1480 2567 1551; x_wconf 82' lang='grc' dir='ltr'>σάρξ.</span> <span class='ocrx_word' id='word_1_220' title='bbox 2605 1481 2716 1534; x_wconf 77' lang='grc' dir='ltr'><strong>Καὶ</strong></span> <span class='ocrx_word' id='word_1_221' title='bbox 2746 1482 2838 1535; x_wconf 83' lang='grc' dir='ltr'>τὸν</span> <span class='ocrx_word' id='word_1_222' title='bbox 2877 1482 2978 1549; x_wconf 81' lang='grc' dir='ltr'>τῆς</span> <span class='ocrx_word' id='word_1_223' title='bbox 3007 1479 3245 1551; x_wconf 80' lang='grc' dir='ltr'>ἀληθοῦς</span> <span class='ocrx_word' id='word_1_224' title='bbox 3272 1479 3517 1543; x_wconf 74' lang='grc' dir='ltr'>ἐνώσεως</span> <span class='ocrx_word' id='word_1_225' title='bbox 3559 1481 3779 1550; x_wconf 82' lang='grc' dir='ltr'>τρόπον</span> 
     </span>
    </p>
   </div>
   <div class='ocr_carea' id='block_1_31' title="bbox 2182 1571 3777 1644">
    <p class='ocr_par' dir='ltr' id='par_1_31' title="bbox 2182 1571 3777 1644">
     <span class='ocr_line' id='line_1_31' title="bbox 2182 1571 3777 1644; baseline 0.001 -20"><span class='ocrx_word' id='word_1_226' title='bbox 2182 1571 2485 1643; x_wconf 81' lang='grc' dir='ltr'>παραλύειν</span> <span class='ocrx_word' id='word_1_227' title='bbox 2513 1573 2615 1626; x_wconf 78' lang='grc' dir='ltr'>οὐκ</span> <span class='ocrx_word' id='word_1_228' title='bbox 2641 1573 2898 1644; x_wconf 76' lang='grc' dir='ltr'>ἀζήμιον,</span> <span class='ocrx_word' id='word_1_229' title='bbox 2921 1574 3231 1637; x_wconf 80' lang='grc' dir='ltr'><strong>διιστάντας</strong></span> <span class='ocrx_word' id='word_1_230' title='bbox 3259 1573 3339 1636; x_wconf 85' lang='grc' dir='ltr'><strong>είς</strong></span> <span class='ocrx_word' id='word_1_231' title='bbox 3363 1572 3512 1635; x_wconf 82' lang='grc' dir='ltr'>υἱοὺς</span> <span class='ocrx_word' id='word_1_232' title='bbox 3541 1572 3635 1626; x_wconf 88' lang='grc' dir='ltr'><strong>δύο</strong></span> <span class='ocrx_word' id='word_1_233' title='bbox 3662 1572 3777 1635; x_wconf 74' lang='grc' dir='ltr'>τὰς</span> 
     </span>
    </p>
   </div>
   <div class='ocr_carea' id='block_1_32' title="bbox 2181 1663 3779 1737">
    <p class='ocr_par' dir='ltr' id='par_1_32' title="bbox 2181 1663 3779 1737">
     <span class='ocr_line' id='line_1_32' title="bbox 2181 1663 3779 1737; baseline -0.001 -19"><span class='ocrx_word' id='word_1_234' title='bbox 2181 1664 2531 1730; x_wconf 78' lang='grc' dir='ltr'><strong>ὑποστάσεις,</strong></span> <span class='ocrx_word' id='word_1_235' title='bbox 2572 1665 2962 1735; x_wconf 83' lang='grc' dir='ltr'>ἀποφοιτὼσας</span> <span class='ocrx_word' id='word_1_236' title='bbox 3020 1665 3118 1736; x_wconf 67' lang='grc' dir='ltr'>μιν</span> <span class='ocrx_word' id='word_1_237' title='bbox 3148 1663 3398 1737; x_wconf 87' lang='grc' dir='ltr'>ἀλλήλων</span> <span class='ocrx_word' id='word_1_238' title='bbox 3438 1666 3518 1727; x_wconf 75' lang='grc' dir='ltr'>εἰς</span> <span class='ocrx_word' id='word_1_239' title='bbox 3550 1664 3612 1718; x_wconf 78' lang='grc' dir='ltr'>τὸ</span> <span class='ocrx_word' id='word_1_240' title='bbox 3656 1665 3779 1737; x_wconf 69' lang='grc' dir='ltr'>ἰδίᾳ</span> 
     </span>
    </p>
   </div>
   <div class='ocr_carea' id='block_1_33' title="bbox 2180 1753 3777 1830">
    <p class='ocr_par' dir='ltr' id='par_1_33' title="bbox 2180 1753 3777 1830">
     <span class='ocr_line' id='line_1_33' title="bbox 2180 1753 3777 1830; baseline 0 -21"><span class='ocrx_word' id='word_1_241' title='bbox 2180 1773 2239 1809; x_wconf 87' lang='grc' dir='ltr'><strong>τε</strong></span> <span class='ocrx_word' id='word_1_242' title='bbox 2271 1753 2411 1810; x_wconf 73' lang='grc' dir='ltr'>εἶναι</span> <span class='ocrx_word' id='word_1_243' title='bbox 2458 1756 2554 1811; x_wconf 72' lang='grc' dir='ltr'>καὶ</span> <span class='ocrx_word' id='word_1_244' title='bbox 2577 1757 2683 1812; x_wconf 88' lang='grc' dir='ltr'><strong>ἀνά</strong></span> <span class='ocrx_word' id='word_1_245' title='bbox 2704 1756 3139 1830; x_wconf 75' lang='grc' dir='ltr'>μέρος,ἑχούσας</span> <span class='ocrx_word' id='word_1_246' title='bbox 3166 1756 3226 1810; x_wconf 78' lang='grc' dir='ltr'>δὲ</span> <span class='ocrx_word' id='word_1_247' title='bbox 3244 1756 3427 1828; x_wconf 81' lang='grc' dir='ltr'>-μόνην</span> <span class='ocrx_word' id='word_1_248' title='bbox 3466 1757 3777 1825; x_wconf 87' lang='grc' dir='ltr'>συνάφειαν</span> 
     </span>
    </p>
   </div>
   <div class='ocr_carea' id='block_1_34' title="bbox 487 1846 2072 1919">
    <p class='ocr_par' dir='ltr' id='par_1_34' title="bbox 487 1848 2072 1917">
     <span class='ocr_line' id='line_1_34' title="bbox 487 1848 2072 1917; baseline -0.003 -11"><span class='ocrx_word' id='word_1_249' title='bbox 487 1854 634 1907; x_wconf 90' lang='lat' dir='ltr'><strong>hunc</strong></span> <span class='ocrx_word' id='word_1_250' title='bbox 664 1864 891 1917; x_wconf 89' lang='lat' dir='ltr'><strong>morem,</strong></span> <span class='ocrx_word' id='word_1_251' title='bbox 920 1850 1022 1904; x_wconf 87' lang='lat' dir='ltr'><strong>hac</strong></span> <span class='ocrx_word' id='word_1_252' title='bbox 1044 1849 1282 1904; x_wconf 87' lang='lat' dir='ltr'><strong>dictione</strong></span> <span class='ocrx_word' id='word_1_253' title='bbox 1304 1850 1354 1903; x_wconf 90' lang='lat' dir='ltr'><strong>in</strong></span> <span class='ocrx_word' id='word_1_254' title='bbox 1385 1850 1530 1904; x_wconf 89' lang='lat' dir='ltr'><strong>hunc</strong></span> <span class='ocrx_word' id='word_1_255' title='bbox 1558 1863 1776 1905; x_wconf 81' lang='lat' dir='ltr'><strong>sensum</strong></span> <span class='ocrx_word' id='word_1_256' title='bbox 1796 1849 1893 1903; x_wconf 91' lang='lat' dir='ltr'><strong>uti.</strong></span> <span class='ocrx_word' id='word_1_257' title='bbox 1922 1848 2072 1904; x_wconf 85' lang='lat' dir='ltr'><strong>Scri-</strong></span> 
     </span>
    </p>
   </div>
   <div class='ocr_carea' id='block_1_35' title="bbox 2175 1846 3777 1919">
    <p class='ocr_par' dir='ltr' id='par_1_35' title="bbox 2175 1846 3777 1919">
     <span class='ocr_line' id='line_1_35' title="bbox 2175 1846 3777 1919; baseline 0.001 -20"><span class='ocrx_word' id='word_1_258' title='bbox 2175 1847 2275 1918; x_wconf 77' lang='grc' dir='ltr'>τὴν</span> <span class='ocrx_word' id='word_1_259' title='bbox 2309 1846 2508 1911; x_wconf 74' lang='grc' dir='ltr'>ἔξωθέν</span> <span class='ocrx_word' id='word_1_260' title='bbox 2537 1865 2598 1902; x_wconf 86' lang='grc' dir='ltr'><strong>τε</strong></span> <span class='ocrx_word' id='word_1_261' title='bbox 2628 1849 2722 1903; x_wconf 75' lang='grc' dir='ltr'>καὶ</span> <span class='ocrx_word' id='word_1_262' title='bbox 2753 1849 2830 1913; x_wconf 84' lang='grc' dir='ltr'>ὡς</span> <span class='ocrx_word' id='word_1_263' title='bbox 2866 1849 2926 1903; x_wconf 72' lang='grc' dir='ltr'>ἐν</span> <span class='ocrx_word' id='word_1_264' title='bbox 2976 1847 3131 1915; x_wconf 78' lang='grc' dir='ltr'>τάξει</span> <span class='ocrx_word' id='word_1_265' title='bbox 3170 1847 3361 1919; x_wconf 81' lang='grc' dir='ltr'>τιμῆς.</span> <span class='ocrx_word' id='word_1_266' title='bbox 3404 1847 3469 1900; x_wconf 87' lang='grc' dir='ltr'>Εἰ</span> <span class='ocrx_word' id='word_1_267' title='bbox 3496 1846 3555 1900; x_wconf 81' lang='grc' dir='ltr'>δὲ</span> <span class='ocrx_word' id='word_1_268' title='bbox 3586 1847 3651 1919; x_wconf 79' lang='grc' dir='ltr'>δὴ</span> <span class='ocrx_word' id='word_1_269' title='bbox 3678 1847 3777 1901; x_wconf 79' lang='grc' dir='ltr'><strong>λέ-</strong></span> 
     </span>
    </p>
   </div>
   <div class='ocr_carea' id='block_1_36' title="bbox 488 1940 2077 2011">
    <p class='ocr_par' dir='ltr' id='par_1_36' title="bbox 488 1940 2077 2011">
     <span class='ocr_line' id='line_1_36' title="bbox 488 1940 2077 2011; baseline -0.003 -12"><span class='ocrx_word' id='word_1_270' title='bbox 488 1945 567 2000; x_wconf 88' lang='lat' dir='ltr'><strong>hit</strong></span> <span class='ocrx_word' id='word_1_271' title='bbox 599 1944 743 1999; x_wconf 87' lang='lat' dir='ltr'><strong>enim</strong></span> <span class='ocrx_word' id='word_1_272' title='bbox 796 1941 996 1998; x_wconf 86' lang='lat' dir='ltr'><strong>alicubi</strong></span> <span class='ocrx_word' id='word_1_273' title='bbox 1030 1942 1361 2011; x_wconf 88' lang='lat' dir='ltr'><strong>quibusdam</strong></span> <span class='ocrx_word' id='word_1_274' title='bbox 1407 1942 1624 1996; x_wconf 77' lang='lat' dir='ltr'><strong>divinus</strong></span> <span class='ocrx_word' id='word_1_275' title='bbox 1658 1940 1863 1996; x_wconf 84' lang='lat' dir='ltr'><strong>Paulus</strong></span> <span class='ocrx_word' id='word_1_276' title='bbox 1897 1958 1911 1995; x_wconf 86' lang='lat'><strong>:</strong></span> <span class='ocrx_word' id='word_1_277' title='bbox 1955 1960 1973 1992; x_wconf 80' lang='grc' dir='ltr'><strong>ι</strong></span> <span class='ocrx_word' id='word_1_278' title='bbox 2012 1941 2077 1995; x_wconf 84' lang='lat' dir='ltr'><strong>Et</strong></span> 
     </span>
    </p>
   </div>
   <div class='ocr_carea' id='block_1_37' title="bbox 484 2030 2077 2098">
    <p class='ocr_par' dir='ltr' id='par_1_37' title="bbox 484 2030 2077 2098">
     <span class='ocr_line' id='line_1_37' title="bbox 484 2030 2077 2098; baseline -0.005 -7"><span class='ocrx_word' id='word_1_279' title='bbox 484 2051 707 2092; x_wconf 84' lang='lat' dir='ltr'><strong>eramus</strong></span> <span class='ocrx_word' id='word_1_280' title='bbox 745 2043 936 2089; x_wconf 89' lang='lat' dir='ltr'><strong>natura</strong></span> <span class='ocrx_word' id='word_1_281' title='bbox 965 2032 1058 2087; x_wconf 87' lang='lat' dir='ltr'><strong>lilii</strong></span> <span class='ocrx_word' id='word_1_282' title='bbox 1094 2034 1209 2097; x_wconf 71' lang='lat' dir='ltr'><strong>irae,</strong></span> <span class='ocrx_word' id='word_1_283' title='bbox 1242 2032 1385 2089; x_wconf 89' lang='lat' dir='ltr'><strong>sicut</strong></span> <span class='ocrx_word' id='word_1_284' title='bbox 1408 2041 1458 2087; x_wconf 87' lang='lat' dir='ltr'><strong>et</strong></span> <span class='ocrx_word' id='word_1_285' title='bbox 1489 2032 1674 2087; x_wconf 66' lang='lat' dir='ltr'><strong>caeteri</strong></span> <span class='ocrx_word' id='word_1_286' title='bbox 1699 2030 1776 2098; x_wconf 84' lang='lat'><strong>“;</strong></span> <span class='ocrx_word' id='word_1_287' title='bbox 1807 2050 1825 2083; x_wconf 71' lang='grc' dir='ltr'><strong>ι</strong></span> <span class='ocrx_word' id='word_1_288' title='bbox 1864 2040 1919 2086; x_wconf 88' lang='lat' dir='ltr'><strong>et</strong></span> <span class='ocrx_word' id='word_1_289' title='bbox 1947 2044 2077 2084; x_wconf 88' lang='lat' dir='ltr'><strong>neu-</strong></span> 
     </span>
    </p>
   </div>
   <div class='ocr_carea' id='block_1_38' title="bbox 487 2123 2079 2197">
    <p class='ocr_par' dir='ltr' id='par_1_38' title="bbox 487 2123 2079 2197">
     <span class='ocr_line' id='line_1_38' title="bbox 487 2123 2079 2197; baseline -0.001 -17"><span class='ocrx_word' id='word_1_290' title='bbox 487 2129 693 2197; x_wconf 82' lang='lat' dir='ltr'><strong>tiquam</strong></span> <span class='ocrx_word' id='word_1_291' title='bbox 741 2125 944 2182; x_wconf 79' lang='lat' dir='ltr'><strong>dixerit</strong></span> <span class='ocrx_word' id='word_1_292' title='bbox 972 2125 1238 2195; x_wconf 86' lang='lat' dir='ltr'><strong>quispiam</strong></span> <span class='ocrx_word' id='word_1_293' title='bbox 1275 2124 1575 2181; x_wconf 82' lang='lat' dir='ltr'><strong>subsistere</strong></span> <span class='ocrx_word' id='word_1_294' title='bbox 1606 2134 1856 2179; x_wconf 88' lang='lat' dir='ltr'><strong>naturam</strong></span> <span class='ocrx_word' id='word_1_295' title='bbox 1884 2123 2079 2178; x_wconf 76' lang='lat' dir='ltr'><strong>divina:</strong></span> 
     </span>
    </p>
   </div>
   <div class='ocr_carea' id='block_1_39' title="bbox 486 2216 2075 2287">
    <p class='ocr_par' dir='ltr' id='par_1_39' title="bbox 486 2216 2075 2287">
     <span class='ocr_line' id='line_1_39' title="bbox 486 2216 2075 2287; baseline -0.002 -14"><span class='ocrx_word' id='word_1_296' title='bbox 486 2218 603 2284; x_wconf 63' lang='lat' dir='ltr'><strong>ira,</strong></span> <span class='ocrx_word' id='word_1_297' title='bbox 651 2219 724 2273; x_wconf 88' lang='lat' dir='ltr'><strong>ita</strong></span> <span class='ocrx_word' id='word_1_298' title='bbox 777 2226 836 2272; x_wconf 92' lang='lat' dir='ltr'><strong>ut</strong></span> <span class='ocrx_word' id='word_1_299' title='bbox 889 2228 1206 2287; x_wconf 81' lang='lat' dir='ltr'><strong>peccatores</strong></span> <span class='ocrx_word' id='word_1_300' title='bbox 1241 2217 1385 2272; x_wconf 89' lang='lat' dir='ltr'><strong>illius</strong></span> <span class='ocrx_word' id='word_1_301' title='bbox 1412 2218 1520 2272; x_wconf 88' lang='lat' dir='ltr'><strong>sint</strong></span> <span class='ocrx_word' id='word_1_302' title='bbox 1567 2216 1782 2272; x_wconf 87' lang='lat' dir='ltr'><strong>soboles</strong></span> <span class='ocrx_word' id='word_1_303' title='bbox 1832 2216 2075 2286; x_wconf 88' lang='lat' dir='ltr'><strong>:alioqui</strong></span> 
     </span>
    </p>
   </div>
   <div class='ocr_carea' id='block_1_40' title="bbox 485 2307 2079 2380">
    <p class='ocr_par' dir='ltr' id='par_1_40' title="bbox 485 2307 2079 2380">
     <span class='ocr_line' id='line_1_40' title="bbox 485 2307 2079 2380; baseline -0.001 -18"><span class='ocrx_word' id='word_1_304' title='bbox 485 2325 710 2380; x_wconf 88' lang='lat' dir='ltr'><strong>prorsus</strong></span> <span class='ocrx_word' id='word_1_305' title='bbox 738 2319 796 2365; x_wconf 89' lang='lat' dir='ltr'><strong>et</strong></span> <span class='ocrx_word' id='word_1_306' title='bbox 822 2309 1077 2366; x_wconf 88' lang='lat' dir='ltr'><strong>omnibus</strong></span> <span class='ocrx_word' id='word_1_307' title='bbox 1111 2310 1289 2368; x_wconf 82' lang='lat' dir='ltr'><strong>modis</strong></span> <span class='ocrx_word' id='word_1_308' title='bbox 1338 2308 1742 2365; x_wconf 75' lang='lat' dir='ltr'><strong>consentiamus</strong></span> <span class='ocrx_word' id='word_1_309' title='bbox 1777 2307 2079 2364; x_wconf 86' lang='lat' dir='ltr'><strong>laboranti-</strong></span> 
     </span>
    </p>
   </div>
   <div class='ocr_carea' id='block_1_41' title="bbox 486 2398 2076 2475">
    <p class='ocr_par' dir='ltr' id='par_1_41' title="bbox 486 2398 2076 2475">
     <span class='ocr_line' id='line_1_41' title="bbox 486 2398 2076 2475; baseline -0.003 -18"><span class='ocrx_word' id='word_1_310' title='bbox 486 2404 587 2458; x_wconf 87' lang='lat' dir='ltr'><strong>bus</strong></span> <span class='ocrx_word' id='word_1_311' title='bbox 643 2401 855 2457; x_wconf 88' lang='lat' dir='ltr'><strong>insania</strong></span> <span class='ocrx_word' id='word_1_312' title='bbox 904 2399 1353 2475; x_wconf 65' lang='lat' dir='ltr'><strong>Manichaeorum.</strong></span> <span class='ocrx_word' id='word_1_313' title='bbox 1399 2399 1504 2456; x_wconf 87' lang='lat' dir='ltr'><strong>Sed</strong></span> <span class='ocrx_word' id='word_1_314' title='bbox 1536 2400 1632 2466; x_wconf 88' lang='lat' dir='ltr'><strong>ibi,</strong></span> <span class='ocrx_word' id='word_1_315' title='bbox 1675 2410 1889 2465; x_wconf 87' lang='lat' dir='ltr'><strong>natura,</strong></span> <span class='ocrx_word' id='word_1_316' title='bbox 1935 2398 2076 2454; x_wconf 89' lang='lat' dir='ltr'><strong>idem</strong></span> 
     </span>
    </p>
   </div>
   <div class='ocr_carea' id='block_1_42' title="bbox 483 2489 2075 2562">
    <p class='ocr_par' dir='ltr' id='par_1_42' title="bbox 483 2489 2075 2562">
     <span class='ocr_line' id='line_1_42' title="bbox 483 2489 2075 2562; baseline -0.002 -15"><span class='ocrx_word' id='word_1_317' title='bbox 483 2500 569 2547; x_wconf 86' lang='lat' dir='ltr'><strong>est</strong></span> <span class='ocrx_word' id='word_1_318' title='bbox 600 2490 767 2561; x_wconf 90' lang='lat' dir='ltr'><strong>quod,</strong></span> <span class='ocrx_word' id='word_1_319' title='bbox 819 2504 970 2547; x_wconf 83' lang='lat' dir='ltr'><strong>vere.</strong></span> <span class='ocrx_word' id='word_1_320' title='bbox 1015 2489 1134 2546; x_wconf 79' lang='lat' dir='ltr'><strong>Non</strong></span> <span class='ocrx_word' id='word_1_321' title='bbox 1187 2491 1352 2562; x_wconf 73' lang='lat' dir='ltr'><strong>igitur</strong></span> <span class='ocrx_word' id='word_1_322' title='bbox 1379 2489 1780 2547; x_wconf 78' lang='lat' dir='ltr'><strong>confundentes</strong></span> <span class='ocrx_word' id='word_1_323' title='bbox 1831 2498 2075 2553; x_wconf 85' lang='lat' dir='ltr'><strong>naturas,</strong></span> 
     </span>
    </p>
   </div>
   <div class='ocr_carea' id='block_1_43' title="bbox 490 2582 2076 2653">
    <p class='ocr_par' dir='ltr' id='par_1_43' title="bbox 490 2582 2076 2653">
     <span class='ocr_line' id='line_1_43' title="bbox 490 2582 2076 2653; baseline 0 -16"><span class='ocrx_word' id='word_1_324' title='bbox 490 2598 668 2652; x_wconf 88' lang='lat' dir='ltr'><strong>neque</strong></span> <span class='ocrx_word' id='word_1_325' title='bbox 696 2583 846 2653; x_wconf 88' lang='lat' dir='ltr'><strong>ipsas</strong></span> <span class='ocrx_word' id='word_1_326' title='bbox 878 2587 1021 2637; x_wconf 87' lang='lat' dir='ltr'><strong>inter</strong></span> <span class='ocrx_word' id='word_1_327' title='bbox 1050 2597 1111 2640; x_wconf 81' lang='lat' dir='ltr'><strong>se</strong></span> <span class='ocrx_word' id='word_1_328' title='bbox 1147 2582 1462 2649; x_wconf 79' lang='lat' dir='ltr'><strong>miscentes,</strong></span> <span class='ocrx_word' id='word_1_329' title='bbox 1494 2584 1641 2639; x_wconf 85' lang='lat' dir='ltr'><strong>sicut</strong></span> <span class='ocrx_word' id='word_1_330' title='bbox 1664 2583 1851 2639; x_wconf 89' lang='lat' dir='ltr'><strong>dicunt</strong></span> <span class='ocrx_word' id='word_1_331' title='bbox 1880 2584 2076 2637; x_wconf 82' lang='lat' dir='ltr'><strong>adver-</strong></span> 
     </span>
    </p>
   </div>
   <div class='ocr_carea' id='block_1_44' title="bbox 486 2673 2077 2741">
    <p class='ocr_par' dir='ltr' id='par_1_44' title="bbox 486 2673 2077 2741">
     <span class='ocr_line' id='line_1_44' title="bbox 486 2673 2077 2741; baseline -0.001 -11"><span class='ocrx_word' id='word_1_332' title='bbox 486 2674 639 2739; x_wconf 87' lang='lat' dir='ltr'><strong>sarii,</strong></span> <span class='ocrx_word' id='word_1_333' title='bbox 660 2673 961 2729; x_wconf 78' lang='lat' dir='ltr'><strong>naturalem</strong></span> <span class='ocrx_word' id='word_1_334' title='bbox 985 2675 1220 2730; x_wconf 82' lang='lat' dir='ltr'><strong>dicimus</strong></span> <span class='ocrx_word' id='word_1_335' title='bbox 1246 2673 1443 2730; x_wconf 83' lang='lat' dir='ltr'><strong>factam</strong></span> <span class='ocrx_word' id='word_1_336' title='bbox 1461 2689 1584 2731; x_wconf 86' lang='lat' dir='ltr'><strong>esse</strong></span> <span class='ocrx_word' id='word_1_337' title='bbox 1612 2675 1947 2741; x_wconf 87' lang='lat' dir='ltr'><strong>unitionem;</strong></span> <span class='ocrx_word' id='word_1_338' title='bbox 1982 2673 2077 2729; x_wconf 84' lang='lat' dir='ltr'><strong>sed</strong></span> 
     </span>
    </p>
   </div>
   <div class='ocr_carea' id='block_1_45' title="bbox 486 2763 2080 2834">
    <p class='ocr_par' dir='ltr' id='par_1_45' title="bbox 486 2763 2080 2834">
     <span class='ocr_line' id='line_1_45' title="bbox 486 2763 2080 2834; baseline -0.001 -16"><span class='ocrx_word' id='word_1_339' title='bbox 486 2779 553 2818; x_wconf 77' lang='lat' dir='ltr'><strong>ex</strong></span> <span class='ocrx_word' id='word_1_340' title='bbox 592 2764 806 2819; x_wconf 85' lang='lat' dir='ltr'><strong>duabus</strong></span> <span class='ocrx_word' id='word_1_341' title='bbox 850 2764 1015 2819; x_wconf 86' lang='lat' dir='ltr'><strong>rebus</strong></span> <span class='ocrx_word' id='word_1_342' title='bbox 1046 2763 1419 2831; x_wconf 84' lang='lat' dir='ltr'><strong>dissimilibus,</strong></span> <span class='ocrx_word' id='word_1_343' title='bbox 1472 2765 1694 2831; x_wconf 87' lang='lat' dir='ltr'><strong>deitate,</strong></span> <span class='ocrx_word' id='word_1_344' title='bbox 1732 2764 1976 2834; x_wconf 83' lang='lat' dir='ltr'><strong>inquam,</strong></span> <span class='ocrx_word' id='word_1_345' title='bbox 2025 2773 2080 2818; x_wconf 90' lang='lat' dir='ltr'><strong>et</strong></span> 
     </span>
    </p>
   </div>
   <div class='ocr_carea' id='block_1_46' title="bbox 495 2852 2078 2921">
    <p class='ocr_par' dir='ltr' id='par_1_46' title="bbox 495 2852 2078 2921">
     <span class='ocr_line' id='line_1_46' title="bbox 495 2852 2078 2921; baseline -0.001 -13"><span class='ocrx_word' id='word_1_346' title='bbox 495 2855 861 2920; x_wconf 78' lang='lat' dir='ltr'><strong>humanitate,</strong></span> <span class='ocrx_word' id='word_1_347' title='bbox 896 2868 1060 2909; x_wconf 88' lang='lat' dir='ltr'><strong>unum</strong></span> <span class='ocrx_word' id='word_1_348' title='bbox 1100 2852 1303 2909; x_wconf 79' lang='lat' dir='ltr'><strong>factum</strong></span> <span class='ocrx_word' id='word_1_349' title='bbox 1336 2869 1461 2911; x_wconf 86' lang='lat' dir='ltr'><strong>esse</strong></span> <span class='ocrx_word' id='word_1_350' title='bbox 1477 2853 2078 2921; x_wconf 86' lang='lat' dir='ltr'><strong>Christum,etFilinm,</strong></span> 
     </span>
    </p>
   </div>
   <div class='ocr_carea' id='block_1_47' title="bbox 491 2943 2080 3015">
    <p class='ocr_par' dir='ltr' id='par_1_47' title="bbox 491 2943 2080 3015">
     <span class='ocr_line' id='line_1_47' title="bbox 491 2943 2080 3015; baseline 0 -14"><span class='ocrx_word' id='word_1_351' title='bbox 491 2957 548 3001; x_wconf 90' lang='lat' dir='ltr'><strong>et</strong></span> <span class='ocrx_word' id='word_1_352' title='bbox 569 2944 879 3012; x_wconf 90' lang='lat' dir='ltr'><strong>Dominmu,</strong></span> <span class='ocrx_word' id='word_1_353' title='bbox 904 2945 1105 3014; x_wconf 87' lang='lat' dir='ltr'><strong>ubique</strong></span> <span class='ocrx_word' id='word_1_354' title='bbox 1127 2943 1481 3002; x_wconf 80' lang='lat' dir='ltr'><strong>aﬂirmamus.</strong></span> <span class='ocrx_word' id='word_1_355' title='bbox 1513 2946 1737 3003; x_wconf 89' lang='lat' dir='ltr'><strong>Demum</strong></span> <span class='ocrx_word' id='word_1_356' title='bbox 1760 2961 1884 3002; x_wconf 89' lang='lat' dir='ltr'><strong>cum</strong></span> <span class='ocrx_word' id='word_1_357' title='bbox 1914 2945 2080 3015; x_wconf 81' lang='lat' dir='ltr'><strong>Apol-</strong></span> 
     </span>
    </p>
   </div>
   <div class='ocr_carea' id='block_1_48' title="bbox 488 3040 2074 3112">
    <p class='ocr_par' dir='ltr' id='par_1_48' title="bbox 488 3040 2074 3112">
     <span class='ocr_line' id='line_1_48' title="bbox 488 3040 2074 3112; baseline 0 -19"><span class='ocrx_word' id='word_1_358' title='bbox 488 3040 669 3096; x_wconf 88' lang='lat' dir='ltr'><strong>linarii</strong></span> <span class='ocrx_word' id='word_1_359' title='bbox 714 3040 983 3111; x_wconf 74' lang='lat' dir='ltr'><strong>dogmatis</strong></span> <span class='ocrx_word' id='word_1_360' title='bbox 1028 3040 1191 3112; x_wconf 86' lang='lat' dir='ltr'><strong>plane</strong></span> <span class='ocrx_word' id='word_1_361' title='bbox 1234 3040 1370 3097; x_wconf 88' lang='lat' dir='ltr'><strong>nihil</strong></span> <span class='ocrx_word' id='word_1_362' title='bbox 1426 3041 1583 3099; x_wconf 86' lang='lat' dir='ltr'><strong>nobis</strong></span> <span class='ocrx_word' id='word_1_363' title='bbox 1635 3054 1925 3097; x_wconf 91' lang='lat' dir='ltr'><strong>commune</strong></span> <span class='ocrx_word' id='word_1_364' title='bbox 1971 3050 2074 3095; x_wconf 89' lang='lat' dir='ltr'><strong>est.</strong></span> 
     </span>
    </p>
   </div>
   <div class='ocr_carea' id='block_1_49' title="bbox 488 3132 2077 3203">
    <p class='ocr_par' dir='ltr' id='par_1_49' title="bbox 488 3132 2077 3203">
     <span class='ocr_line' id='line_1_49' title="bbox 488 3132 2077 3203; baseline -0.004 -13"><span class='ocrx_word' id='word_1_365' title='bbox 488 3133 669 3190; x_wconf 81' lang='lat' dir='ltr'><strong>Semel</strong></span> <span class='ocrx_word' id='word_1_366' title='bbox 695 3134 841 3189; x_wconf 88' lang='lat' dir='ltr'><strong>enim</strong></span> <span class='ocrx_word' id='word_1_367' title='bbox 875 3134 1293 3199; x_wconf 80' lang='lat' dir='ltr'><strong>condemnatos,</strong></span> <span class='ocrx_word' id='word_1_368' title='bbox 1325 3143 1583 3203; x_wconf 87' lang='lat' dir='ltr'><strong>tanquam</strong></span> <span class='ocrx_word' id='word_1_369' title='bbox 1612 3133 1897 3188; x_wconf 74' lang='lat' dir='ltr'><strong>veritatem</strong></span> <span class='ocrx_word' id='word_1_370' title='bbox 1927 3132 2077 3187; x_wconf 65' lang='lat' dir='ltr'><strong>adul.</strong></span> 
     </span>
    </p>
   </div>
   <div class='ocr_carea' id='block_1_50' title="bbox 491 3224 1261 3308">
    <p class='ocr_par' dir='ltr' id='par_1_50' title="bbox 491 3224 1261 3308">
     <span class='ocr_line' id='line_1_50' title="bbox 491 3224 1261 3308; baseline 0.001 -30"><span class='ocrx_word' id='word_1_371' title='bbox 491 3234 726 3280; x_wconf 86' lang='lat' dir='ltr'><strong>terautes</strong></span> <span class='ocrx_word' id='word_1_372' title='bbox 755 3224 995 3308; x_wconf 64' lang='lat' dir='ltr'><strong>ayerssri</strong></span> <span class='ocrx_word' id='word_1_373' title='bbox 1021 3234 1261 3295; x_wconf 87' lang='lat' dir='ltr'><strong>oportet.</strong></span> 
     </span>
    </p>
   </div>
   <div class='ocr_carea' id='block_1_51' title="bbox 2178 1938 3774 2011">
    <p class='ocr_par' dir='ltr' id='par_1_51' title="bbox 2178 1938 3774 2011">
     <span class='ocr_line' id='line_1_51' title="bbox 2178 1938 3774 2011; baseline 0.001 -19"><span class='ocrx_word' id='word_1_374' title='bbox 2178 1954 2375 2009; x_wconf 85' lang='grc' dir='ltr'>γοιμεν</span> <span class='ocrx_word' id='word_1_375' title='bbox 2405 1940 2644 2010; x_wconf 83' lang='grc' dir='ltr'>φυσικὴν</span> <span class='ocrx_word' id='word_1_376' title='bbox 2673 1939 2774 2009; x_wconf 78' lang='grc' dir='ltr'><strong>τὴν</strong></span> <span class='ocrx_word' id='word_1_377' title='bbox 2814 1940 3033 2005; x_wconf 71' lang='grc' dir='ltr'>ἕνωσιν,</span> <span class='ocrx_word' id='word_1_378' title='bbox 3059 1941 3160 2011; x_wconf 85' lang='grc' dir='ltr'>τὴν</span> <span class='ocrx_word' id='word_1_379' title='bbox 3192 1938 3370 2011; x_wconf 86' lang='grc' dir='ltr'>ἀληθῆ</span> <span class='ocrx_word' id='word_1_380' title='bbox 3410 1957 3614 2010; x_wconf 86' lang='grc' dir='ltr'>φαμεν,</span> <span class='ocrx_word' id='word_1_381' title='bbox 3645 1940 3774 2004; x_wconf 72' lang='grc' dir='ltr'>ἔθος</span> 
     </span>
    </p>
   </div>
   <div class='ocr_carea' id='block_1_52' title="bbox 2179 2030 3766 2105">
    <p class='ocr_par' dir='ltr' id='par_1_52' title="bbox 2179 2030 3766 2105">
     <span class='ocr_line' id='line_1_52' title="bbox 2179 2030 3766 2105; baseline 0.001 -21"><span class='ocrx_word' id='word_1_382' title='bbox 2179 2030 2412 2102; x_wconf 71' lang='grc' dir='ltr'>ἐχούσης</span> <span class='ocrx_word' id='word_1_383' title='bbox 2439 2032 2542 2102; x_wconf 81' lang='grc' dir='ltr'>τῆς</span> <span class='ocrx_word' id='word_1_384' title='bbox 2594 2032 2958 2087; x_wconf 80' lang='grc' dir='ltr'>θεοπνεύστου</span> <span class='ocrx_word' id='word_1_385' title='bbox 3003 2032 3229 2104; x_wconf 82' lang='grc' dir='ltr'>Γραφῆς</span> <span class='ocrx_word' id='word_1_386' title='bbox 3280 2032 3425 2087; x_wconf 76' lang='grc' dir='ltr'>οὕτω</span> <span class='ocrx_word' id='word_1_387' title='bbox 3461 2031 3766 2105; x_wconf 79' lang='grc' dir='ltr'>κεχρῆσθαι</span> 
     </span>
    </p>
   </div>
   <div class='ocr_carea' id='block_1_53' title="bbox 2176 2122 3763 2196">
    <p class='ocr_par' dir='ltr' id='par_1_53' title="bbox 2176 2122 3763 2196">
     <span class='ocr_line' id='line_1_53' title="bbox 2176 2122 3763 2196; baseline 0.001 -21"><span class='ocrx_word' id='word_1_388' title='bbox 2176 2125 2243 2194; x_wconf 78' lang='grc' dir='ltr'><strong>τῇ</strong></span> <span class='ocrx_word' id='word_1_389' title='bbox 2280 2122 2446 2190; x_wconf 81' lang='grc' dir='ltr'><strong>λέξει.</strong></span> <span class='ocrx_word' id='word_1_390' title='bbox 2483 2124 2691 2196; x_wconf 75' lang='grc' dir='ltr'>Γράφει</span> <span class='ocrx_word' id='word_1_391' title='bbox 2713 2124 2824 2196; x_wconf 91' lang='grc' dir='ltr'><strong>γάρ</strong></span> <span class='ocrx_word' id='word_1_392' title='bbox 2846 2125 2949 2179; x_wconf 89' lang='grc' dir='ltr'><strong>πού</strong></span> <span class='ocrx_word' id='word_1_393' title='bbox 2977 2141 3120 2179; x_wconf 89' lang='grc' dir='ltr'>τισιν</span> <span class='ocrx_word' id='word_1_394' title='bbox 3144 2126 3174 2179; x_wconf 94' lang='lat'><strong>6</strong></span> <span class='ocrx_word' id='word_1_395' title='bbox 3197 2124 3485 2188; x_wconf 73' lang='grc' dir='ltr'>θεσπέσιος</span> <span class='ocrx_word' id='word_1_396' title='bbox 3518 2125 3726 2188; x_wconf 83' lang='grc' dir='ltr'>Παῦλος</span> <span class='ocrx_word' id='word_1_397' title='bbox 3745 2140 3763 2154; x_wconf 88' lang='grc'><strong>·</strong></span> 
     </span>
    </p>
   </div>
   <div class='ocr_carea' id='block_1_54' title="bbox 2185 2210 3767 2287">
    <p class='ocr_par' dir='ltr' id='par_1_54' title="bbox 2185 2210 3767 2287">
     <span class='ocr_line' id='line_1_54' title="bbox 2185 2210 3767 2287; baseline 0.003 -22"><span class='ocrx_word' id='word_1_398' title='bbox 2185 2232 2203 2265; x_wconf 85' lang='grc' dir='ltr'><strong>ι</strong></span> <span class='ocrx_word' id='word_1_399' title='bbox 2244 2215 2356 2268; x_wconf 83' lang='grc' dir='ltr'><strong>Καὶ</strong></span> <span class='ocrx_word' id='word_1_400' title='bbox 2395 2210 2542 2286; x_wconf 76' lang='grc' dir='ltr'>ἦμεν</span> <span class='ocrx_word' id='word_1_401' title='bbox 2569 2214 2735 2270; x_wconf 81' lang='grc' dir='ltr'>τέκνα</span> <span class='ocrx_word' id='word_1_402' title='bbox 2763 2216 2925 2285; x_wconf 87' lang='grc' dir='ltr'>φύσει</span> <span class='ocrx_word' id='word_1_403' title='bbox 2965 2215 3160 2287; x_wconf 80' lang='grc' dir='ltr'>ὀργῆς,</span> <span class='ocrx_word' id='word_1_404' title='bbox 3191 2217 3269 2280; x_wconf 84' lang='grc' dir='ltr'><strong>ὡς</strong></span> <span class='ocrx_word' id='word_1_405' title='bbox 3300 2217 3396 2271; x_wconf 77' lang='grc' dir='ltr'>καὶ</span> <span class='ocrx_word' id='word_1_406' title='bbox 3417 2219 3466 2271; x_wconf 81' lang='lat' dir='ltr'><strong>oi</strong></span> <span class='ocrx_word' id='word_1_407' title='bbox 3500 2216 3707 2270; x_wconf 71' lang='grc' dir='ltr'>λοιποίο</span> <span class='ocrx_word' id='word_1_408' title='bbox 3742 2234 3767 2269; x_wconf 76' lang='grc' dir='ltr'><strong>ο</strong></span> 
     </span>
    </p>
   </div>
   <div class='ocr_carea' id='block_1_55' title="bbox 2179 2306 3771 2381">
    <p class='ocr_par' dir='ltr' id='par_1_55' title="bbox 2179 2306 3771 2381">
     <span class='ocr_line' id='line_1_55' title="bbox 2179 2306 3771 2381; baseline 0.001 -22"><span class='ocrx_word' id='word_1_409' title='bbox 2179 2306 2274 2359; x_wconf 65' lang='grc' dir='ltr'><strong>καὶ¹</strong></span> <span class='ocrx_word' id='word_1_410' title='bbox 2314 2306 2376 2358; x_wconf 87' lang='grc' dir='ltr'><strong>ού</strong></span> <span class='ocrx_word' id='word_1_411' title='bbox 2406 2306 2579 2379; x_wconf 85' lang='grc' dir='ltr'>δήπου</span> <span class='ocrx_word' id='word_1_412' title='bbox 2608 2307 2743 2377; x_wconf 82' lang='grc' dir='ltr'>φαίη</span> <span class='ocrx_word' id='word_1_413' title='bbox 2774 2324 2859 2372; x_wconf 89' lang='grc' dir='ltr'><strong>τις</strong></span> <span class='ocrx_word' id='word_1_414' title='bbox 2884 2306 2951 2362; x_wconf 80' lang='grc' dir='ltr'>ἂν</span> <span class='ocrx_word' id='word_1_415' title='bbox 2973 2308 3276 2376; x_wconf 83' lang='grc' dir='ltr'>ὑφεστάναι</span> <span class='ocrx_word' id='word_1_416' title='bbox 3314 2310 3456 2363; x_wconf 86' lang='grc' dir='ltr'><strong>κατά</strong></span> <span class='ocrx_word' id='word_1_417' title='bbox 3485 2307 3648 2379; x_wconf 77' lang='grc' dir='ltr'>φύσιν</span> <span class='ocrx_word' id='word_1_418' title='bbox 3668 2308 3771 2381; x_wconf 75' lang='grc' dir='ltr'>τὴν</span> 
     </span>
    </p>
   </div>
   <div class='ocr_carea' id='block_1_56' title="bbox 2179 2396 3769 2470">
    <p class='ocr_par' dir='ltr' id='par_1_56' title="bbox 2179 2396 3769 2470">
     <span class='ocr_line' id='line_1_56' title="bbox 2179 2396 3769 2470; baseline 0.001 -21"><span class='ocrx_word' id='word_1_419' title='bbox 2179 2396 2330 2450; x_wconf 86' lang='grc' dir='ltr'>θείαν</span> <span class='ocrx_word' id='word_1_420' title='bbox 2364 2396 2559 2467; x_wconf 81' lang='grc' dir='ltr'>ὀργὴν,</span> <span class='ocrx_word' id='word_1_421' title='bbox 2617 2396 2761 2451; x_wconf 83' lang='grc' dir='ltr'>ὥστε</span> <span class='ocrx_word' id='word_1_422' title='bbox 2815 2397 2913 2452; x_wconf 82' lang='grc' dir='ltr'>καὶ</span> <span class='ocrx_word' id='word_1_423' title='bbox 2946 2397 3116 2469; x_wconf 83' lang='grc' dir='ltr'>αὐτῆς</span> <span class='ocrx_word' id='word_1_424' title='bbox 3171 2398 3492 2470; x_wconf 72' lang='grc' dir='ltr'>γεννήματα</span> <span class='ocrx_word' id='word_1_425' title='bbox 3520 2397 3769 2452; x_wconf 84' lang='grc' dir='ltr'>νοεῖσθαι</span> 
     </span>
    </p>
   </div>
   <div class='ocr_carea' id='block_1_57' title="bbox 2178 2489 3762 2562">
    <p class='ocr_par' dir='ltr' id='par_1_57' title="bbox 2178 2489 3762 2562">
     <span class='ocr_line' id='line_1_57' title="bbox 2178 2489 3762 2562; baseline 0.001 -19"><span class='ocrx_word' id='word_1_426' title='bbox 2178 2490 2305 2553; x_wconf 82' lang='grc' dir='ltr'>τοὺς</span> <span class='ocrx_word' id='word_1_427' title='bbox 2327 2489 2749 2561; x_wconf 81' lang='grc' dir='ltr'>ἁμαρτάνοντας</span> <span class='ocrx_word' id='word_1_428' title='bbox 2772 2506 2787 2520; x_wconf 89' lang='grc'><strong>·</strong></span> <span class='ocrx_word' id='word_1_429' title='bbox 2812 2491 2845 2561; x_wconf 83' lang='grc' dir='ltr'>ἢ</span> <span class='ocrx_word' id='word_1_430' title='bbox 2870 2491 3049 2561; x_wconf 80' lang='grc' dir='ltr'>πάντη</span> <span class='ocrx_word' id='word_1_431' title='bbox 3072 2507 3133 2545; x_wconf 86' lang='grc' dir='ltr'><strong>τε</strong></span> <span class='ocrx_word' id='word_1_432' title='bbox 3161 2492 3255 2545; x_wconf 73' lang='grc' dir='ltr'>καὶ</span> <span class='ocrx_word' id='word_1_433' title='bbox 3284 2491 3500 2555; x_wconf 85' lang='grc' dir='ltr'>πάντως</span> <span class='ocrx_word' id='word_1_434' title='bbox 3526 2491 3762 2562; x_wconf 77' lang='grc' dir='ltr'>ὲσόμεθα</span> 
     </span>
    </p>
   </div>
   <div class='ocr_carea' id='block_1_58' title="bbox 2181 2581 3759 2655">
    <p class='ocr_par' dir='ltr' id='par_1_58' title="bbox 2181 2581 3759 2655">
     <span class='ocr_line' id='line_1_58' title="bbox 2181 2581 3759 2655; baseline 0.003 -22"><span class='ocrx_word' id='word_1_435' title='bbox 2181 2581 2500 2651; x_wconf 75' lang='grc' dir='ltr'>σύμφρονες</span> <span class='ocrx_word' id='word_1_436' title='bbox 2529 2583 2554 2621; x_wconf 73' lang='grc' dir='ltr'><em>ε</em></span> <span class='ocrx_word' id='word_1_437' title='bbox 2586 2584 2702 2646; x_wconf 83' lang='grc' dir='ltr'>τοῖς</span> <span class='ocrx_word' id='word_1_438' title='bbox 2748 2581 2848 2653; x_wconf 83' lang='grc' dir='ltr'>τὴν</span> <span class='ocrx_word' id='word_1_439' title='bbox 2897 2581 3221 2652; x_wconf 78' lang='grc' dir='ltr'>Μανιχαίων</span> <span class='ocrx_word' id='word_1_440' title='bbox 3280 2582 3496 2637; x_wconf 89' lang='grc' dir='ltr'>νοσοῦσι</span> <span class='ocrx_word' id='word_1_441' title='bbox 3545 2584 3759 2655; x_wconf 87' lang='grc' dir='ltr'>μανίαν.</span> 
     </span>
    </p>
   </div>
   <div class='ocr_carea' id='block_1_59' title="bbox 2193 2672 3767 2747">
    <p class='ocr_par' dir='ltr' id='par_1_59' title="bbox 2193 2672 3767 2747">
     <span class='ocr_line' id='line_1_59' title="bbox 2193 2672 3767 2747; baseline 0.003 -22"><span class='ocrx_word' id='word_1_442' title='bbox 2193 2672 2353 2726; x_wconf 85' lang='grc' dir='ltr'>Ἀλλά</span> <span class='ocrx_word' id='word_1_443' title='bbox 2381 2672 2461 2740; x_wconf 80' lang='grc' dir='ltr'>τὸ,</span> <span class='ocrx_word' id='word_1_444' title='bbox 2495 2673 2679 2742; x_wconf 86' lang='grc' dir='ltr'>φύσει,</span> <span class='ocrx_word' id='word_1_445' title='bbox 2703 2674 2856 2746; x_wconf 87' lang='grc' dir='ltr'>δηλοί</span> <span class='ocrx_word' id='word_1_446' title='bbox 2888 2675 2951 2729; x_wconf 83' lang='grc' dir='ltr'>τὸ</span> <span class='ocrx_word' id='word_1_447' title='bbox 2978 2675 3120 2735; x_wconf 85' lang='grc' dir='ltr'><strong>κατά</strong></span> <span class='ocrx_word' id='word_1_448' title='bbox 3146 2674 3428 2747; x_wconf 83' lang='grc' dir='ltr'>ἀλήθειαν.</span> <span class='ocrx_word' id='word_1_449' title='bbox 3462 2675 3678 2730; x_wconf 83' lang='grc' dir='ltr'>Οὐκοῦν</span> <span class='ocrx_word' id='word_1_450' title='bbox 3704 2676 3767 2729; x_wconf 80' lang='grc' dir='ltr'>οὐ</span> 
     </span>
    </p>
   </div>
   <div class='ocr_carea' id='block_1_60' title="bbox 2180 2765 3771 2840">
    <p class='ocr_par' dir='ltr' id='par_1_60' title="bbox 2180 2765 3771 2840">
     <span class='ocr_line' id='line_1_60' title="bbox 2180 2765 3771 2840; baseline 0.001 -21"><span class='ocrx_word' id='word_1_451' title='bbox 2180 2766 2507 2837; x_wconf 74' lang='grc' dir='ltr'>συγχέοντες</span> <span class='ocrx_word' id='word_1_452' title='bbox 2549 2765 2650 2830; x_wconf 89' lang='grc' dir='ltr'><strong>τάς</strong></span> <span class='ocrx_word' id='word_1_453' title='bbox 2695 2766 2887 2835; x_wconf 80' lang='grc' dir='ltr'>φύσεις</span> <span class='ocrx_word' id='word_1_454' title='bbox 2909 2806 2925 2831; x_wconf 92' lang='grc'><strong>,</strong></span> <span class='ocrx_word' id='word_1_455' title='bbox 2963 2766 3089 2821; x_wconf 80' lang='grc' dir='ltr'>οὕτε</span> <span class='ocrx_word' id='word_1_456' title='bbox 3139 2767 3248 2839; x_wconf 81' lang='grc' dir='ltr'>μὴν</span> <span class='ocrx_word' id='word_1_457' title='bbox 3291 2767 3552 2840; x_wconf 81' lang='grc' dir='ltr'>ἀλλήλαις</span> <span class='ocrx_word' id='word_1_458' title='bbox 3595 2768 3771 2832; x_wconf 86' lang='grc' dir='ltr'>αύτάς</span> 
     </span>
    </p>
   </div>
   <div class='ocr_carea' id='block_1_61' title="bbox 2180 2857 3774 2931">
    <p class='ocr_par' dir='ltr' id='par_1_61' title="bbox 2180 2857 3774 2931">
     <span class='ocr_line' id='line_1_61' title="bbox 2180 2857 3774 2931; baseline 0.001 -19"><span class='ocrx_word' id='word_1_459' title='bbox 2180 2857 2552 2928; x_wconf 87' lang='grc' dir='ltr'>ἀναφύροντες</span> <span class='ocrx_word' id='word_1_460' title='bbox 2574 2897 2590 2923; x_wconf 90' lang='grc'><strong>,</strong></span> <span class='ocrx_word' id='word_1_461' title='bbox 2628 2857 2773 2913; x_wconf 84' lang='grc' dir='ltr'>καθά</span> <span class='ocrx_word' id='word_1_462' title='bbox 2802 2875 2968 2929; x_wconf 86' lang='grc' dir='ltr'>φασιν</span> <span class='ocrx_word' id='word_1_463' title='bbox 2998 2862 3047 2914; x_wconf 93' lang='grc' dir='ltr'><strong>οί</strong></span> <span class='ocrx_word' id='word_1_464' title='bbox 3089 2860 3157 2914; x_wconf 85' lang='grc' dir='ltr'><strong>δι’</strong></span> <span class='ocrx_word' id='word_1_465' title='bbox 3209 2860 3478 2924; x_wconf 71' lang='grc' dir='ltr'>ἐναντίας.</span> <span class='ocrx_word' id='word_1_466' title='bbox 3526 2860 3774 2931; x_wconf 86' lang='grc' dir='ltr'>φυσικήν</span> 
     </span>
    </p>
   </div>
   <div class='ocr_carea' id='block_1_62' title="bbox 2179 2949 3772 3025">
    <p class='ocr_par' dir='ltr' id='par_1_62' title="bbox 2179 2949 3772 3025">
     <span class='ocr_line' id='line_1_62' title="bbox 2179 2949 3772 3025; baseline 0.001 -20"><span class='ocrx_word' id='word_1_467' title='bbox 2179 2966 2361 3022; x_wconf 77' lang='grc' dir='ltr'>φαμεν</span> <span class='ocrx_word' id='word_1_468' title='bbox 2394 2949 2648 3019; x_wconf 78' lang='grc' dir='ltr'>γενέσθαι</span> <span class='ocrx_word' id='word_1_469' title='bbox 2669 2952 2769 3022; x_wconf 76' lang='grc' dir='ltr'>τὴν</span> <span class='ocrx_word' id='word_1_470' title='bbox 2801 2951 3023 3006; x_wconf 76' lang='grc' dir='ltr'>ἕνωσιν·</span> <span class='ocrx_word' id='word_1_471' title='bbox 3056 2952 3171 3005; x_wconf 76' lang='grc' dir='ltr'>ἀλλ’</span> <span class='ocrx_word' id='word_1_472' title='bbox 3203 2953 3268 3007; x_wconf 76' lang='grc' dir='ltr'>ὲκ</span> <span class='ocrx_word' id='word_1_473' title='bbox 3292 2953 3387 3008; x_wconf 90' lang='grc' dir='ltr'><strong>δύο</strong></span> <span class='ocrx_word' id='word_1_474' title='bbox 3420 2953 3772 3025; x_wconf 77' lang='grc' dir='ltr'>πραγμάτων</span> 
     </span>
    </p>
   </div>
   <div class='ocr_carea' id='block_1_63' title="bbox 2180 3040 3770 3114">
    <p class='ocr_par' dir='ltr' id='par_1_63' title="bbox 2180 3040 3770 3114">
     <span class='ocr_line' id='line_1_63' title="bbox 2180 3040 3770 3114; baseline 0 -18"><span class='ocrx_word' id='word_1_475' title='bbox 2180 3041 2473 3111; x_wconf 88' lang='grc' dir='ltr'>ἀνομοίων,</span> <span class='ocrx_word' id='word_1_476' title='bbox 2515 3040 2769 3112; x_wconf 82' lang='grc' dir='ltr'>θεότητός</span> <span class='ocrx_word' id='word_1_477' title='bbox 2797 3058 2857 3095; x_wconf 85' lang='grc' dir='ltr'><strong>τε</strong></span> <span class='ocrx_word' id='word_1_478' title='bbox 2912 3044 3008 3097; x_wconf 78' lang='grc' dir='ltr'>καὶ</span> <span class='ocrx_word' id='word_1_479' title='bbox 3039 3042 3478 3114; x_wconf 80' lang='grc' dir='ltr'>ἀνθρωπότητος,</span> <span class='ocrx_word' id='word_1_480' title='bbox 3523 3043 3619 3097; x_wconf 84' lang='grc' dir='ltr'>τὸν</span> <span class='ocrx_word' id='word_1_481' title='bbox 3670 3044 3770 3097; x_wconf 72' lang='grc' dir='ltr'>ἕνα</span> 
     </span>
    </p>
   </div>
   <div class='ocr_carea' id='block_1_64' title="bbox 2180 3132 3773 3207">
    <p class='ocr_par' dir='ltr' id='par_1_64' title="bbox 2180 3132 3773 3207">
     <span class='ocr_line' id='line_1_64' title="bbox 2180 3132 3773 3207; baseline 0 -19"><span class='ocrx_word' id='word_1_482' title='bbox 2180 3132 2437 3205; x_wconf 79' lang='grc' dir='ltr'>γενέσθαι</span> <span class='ocrx_word' id='word_1_483' title='bbox 2464 3134 2721 3204; x_wconf 83' lang='grc' dir='ltr'>Χριστὸν,</span> <span class='ocrx_word' id='word_1_484' title='bbox 2752 3135 2846 3188; x_wconf 81' lang='grc' dir='ltr'>καὶ</span> <span class='ocrx_word' id='word_1_485' title='bbox 2877 3134 3028 3201; x_wconf 80' lang='grc' dir='ltr'>Υίὸν,</span> <span class='ocrx_word' id='word_1_486' title='bbox 3057 3138 3153 3189; x_wconf 82' lang='grc' dir='ltr'>καὶ</span> <span class='ocrx_word' id='word_1_487' title='bbox 3184 3136 3391 3207; x_wconf 78' lang='grc' dir='ltr'>Κύριον</span> <span class='ocrx_word' id='word_1_488' title='bbox 3419 3135 3773 3190; x_wconf 78' lang='grc' dir='ltr'>διαὸεὸαιού-</span> 
     </span>
    </p>
   </div>
   <div class='ocr_carea' id='block_1_65' title="bbox 2105 3206 3774 3300">
    <p class='ocr_par' dir='ltr' id='par_1_65' title="bbox 2105 3206 3774 3300">
     <span class='ocr_line' id='line_1_65' title="bbox 2105 3206 3774 3300; baseline 0.002 -23"><span class='ocrx_word' id='word_1_489' title='bbox 2105 3206 2147 3262; x_wconf 76' lang='lat' dir='ltr'><strong>C</strong></span> <span class='ocrx_word' id='word_1_490' title='bbox 2183 3223 2328 3293; x_wconf 85' lang='grc' dir='ltr'>μεθα</span> <span class='ocrx_word' id='word_1_491' title='bbox 2355 3223 2655 3294; x_wconf 80' lang='grc' dir='ltr'>πανταχοῦ.</span> <span class='ocrx_word' id='word_1_492' title='bbox 2697 3225 2819 3279; x_wconf 84' lang='grc' dir='ltr'>Τῶν</span> <span class='ocrx_word' id='word_1_493' title='bbox 2844 3225 2901 3280; x_wconf 73' lang='grc' dir='ltr'>δὲ</span> <span class='ocrx_word' id='word_1_494' title='bbox 2950 3206 3327 3300; x_wconf 82' lang='grc' dir='ltr'>’Λπολιναρίου</span> <span class='ocrx_word' id='word_1_495' title='bbox 3364 3229 3650 3300; x_wconf 86' lang='grc' dir='ltr'>δογμάτων</span> <span class='ocrx_word' id='word_1_496' title='bbox 3678 3227 3774 3281; x_wconf 80' lang='grc' dir='ltr'><strong>οὐ·</strong></span> 
     </span>
    </p>
   </div>
   <div class='ocr_carea' id='block_1_66' title="bbox 484 3320 3771 3397">
    <p class='ocr_par' dir='ltr' id='par_1_66' title="bbox 484 3320 3771 3397">
     <span class='ocr_line' id='line_1_66' title="bbox 484 3320 3771 3397; baseline 0 -21"><span class='ocrx_word' id='word_1_497' title='bbox 484 3321 598 3387; x_wconf 68' lang='grc' dir='ltr'>δαὶς</span> <span class='ocrx_word' id='word_1_498' title='bbox 631 3321 914 3387; x_wconf 82' lang='grc' dir='ltr'>παντελῶς</span> <span class='ocrx_word' id='word_1_499' title='bbox 983 3323 1116 3392; x_wconf 78' lang='grc' dir='ltr'>ἡμῖν</span> <span class='ocrx_word' id='word_1_500' title='bbox 1145 3324 1174 3376; x_wconf 92' lang='lat'><strong>6</strong></span> <span class='ocrx_word' id='word_1_501' title='bbox 1207 3321 1364 3391; x_wconf 83' lang='grc' dir='ltr'>λόγος</span> <span class='ocrx_word' id='word_1_502' title='bbox 1388 3339 1402 3353; x_wconf 91' lang='grc'><strong>·</strong></span> <span class='ocrx_word' id='word_1_503' title='bbox 1464 3324 1590 3385; x_wconf 78' lang='grc' dir='ltr'>τοὺς</span> <span class='ocrx_word' id='word_1_504' title='bbox 1634 3321 1744 3392; x_wconf 82' lang='grc' dir='ltr'><strong>γὰρ</strong></span> <span class='ocrx_word' id='word_1_505' title='bbox 1809 3320 1957 3386; x_wconf 74' lang='grc' dir='ltr'>ἅπαξ</span> <span class='ocrx_word' id='word_1_506' title='bbox 2028 3322 2564 3392; x_wconf 72' lang='grc' dir='ltr'>κατακεκριμένους,</span> <span class='ocrx_word' id='word_1_507' title='bbox 2613 3322 2690 3386; x_wconf 83' lang='grc' dir='ltr'>ὡς</span> <span class='ocrx_word' id='word_1_508' title='bbox 2755 3324 3283 3395; x_wconf 85' lang='grc' dir='ltr'>παραχαράττοντας</span> <span class='ocrx_word' id='word_1_509' title='bbox 3329 3326 3430 3397; x_wconf 85' lang='grc' dir='ltr'>τὴν</span> <span class='ocrx_word' id='word_1_510' title='bbox 3480 3323 3771 3395; x_wconf 86' lang='grc' dir='ltr'>ἀλήθειαν,</span> 
     </span>
    </p>
   </div>
   <div class='ocr_carea' id='block_1_67' title="bbox 488 3413 1105 3486">
    <p class='ocr_par' dir='ltr' id='par_1_67' title="bbox 488 3413 1105 3486">
     <span class='ocr_line' id='line_1_67' title="bbox 488 3413 1105 3486; baseline -0.003 -17"><span class='ocrx_word' id='word_1_511' title='bbox 488 3413 933 3486; x_wconf 79' lang='grc' dir='ltr'>ἀποστρέφεσθαι</span> <span class='ocrx_word' id='word_1_512' title='bbox 974 3415 1105 3485; x_wconf 85' lang='grc' dir='ltr'>χρή.</span> 
     </span>
    </p>
   </div>
   <div class='ocr_carea' id='block_1_68' title="bbox 897 3503 1667 3563">
    <p class='ocr_par' dir='ltr' id='par_1_68' title="bbox 897 3503 1667 3563">
     <span class='ocr_line' id='line_1_68' title="bbox 897 3503 1667 3563; baseline 0.003 -3"><span class='ocrx_word' id='word_1_513' title='bbox 897 3503 1538 3563; x_wconf 75' lang='lat' dir='ltr'><strong>ANATHEMATISMUS</strong></span> <span class='ocrx_word' id='word_1_514' title='bbox 1574 3507 1667 3563; x_wconf 76' lang='grc' dir='ltr'>Ν.</span> 
     </span>
    </p>
   </div>
   <div class='ocr_carea' id='block_1_69' title="bbox 562 3618 2072 3693">
    <p class='ocr_par' dir='ltr' id='par_1_69' title="bbox 562 3618 2072 3693">
     <span class='ocr_line' id='line_1_69' title="bbox 562 3618 2072 3693; baseline 0.001 -16"><span class='ocrx_word' id='word_1_515' title='bbox 562 3621 621 3677; x_wconf 80' lang='lat' dir='ltr'><strong>Si</strong></span> <span class='ocrx_word' id='word_1_516' title='bbox 657 3622 779 3689; x_wconf 81' lang='lat' dir='ltr'><strong>quis</strong></span> <span class='ocrx_word' id='word_1_517' title='bbox 827 3618 1039 3673; x_wconf 89' lang='lat' dir='ltr'><strong>duahus</strong></span> <span class='ocrx_word' id='word_1_518' title='bbox 1073 3619 1341 3686; x_wconf 78' lang='lat' dir='ltr'><strong>per-onis,</strong></span> <span class='ocrx_word' id='word_1_519' title='bbox 1365 3619 1480 3676; x_wconf 86' lang='lat' dir='ltr'><strong>sive</strong></span> <span class='ocrx_word' id='word_1_520' title='bbox 1512 3621 1922 3693; x_wconf 86' lang='lat' dir='ltr'><strong>hypostasibus,</strong></span> <span class='ocrx_word' id='word_1_521' title='bbox 1977 3636 2072 3678; x_wconf 89' lang='lat' dir='ltr'><strong>eas</strong></span> 
     </span>
    </p>
   </div>
   <div class='ocr_carea' id='block_1_70' title="bbox 490 3711 2071 3784">
    <p class='ocr_par' dir='ltr' id='par_1_70' title="bbox 490 3711 2071 3784">
     <span class='ocr_line' id='line_1_70' title="bbox 490 3711 2071 3784; baseline 0 -18"><span class='ocrx_word' id='word_1_522' title='bbox 490 3728 651 3770; x_wconf 78' lang='lat' dir='ltr'><strong>voces</strong></span> <span class='ocrx_word' id='word_1_523' title='bbox 697 3711 966 3773; x_wconf 79' lang='lat' dir='ltr'><strong>attribuit,</strong></span> <span class='ocrx_word' id='word_1_524' title='bbox 1020 3724 1138 3781; x_wconf 68' lang='lat' dir='ltr'><strong>quae</strong></span> <span class='ocrx_word' id='word_1_525' title='bbox 1183 3711 1235 3764; x_wconf 91' lang='lat' dir='ltr'><strong>in</strong></span> <span class='ocrx_word' id='word_1_526' title='bbox 1289 3713 1614 3783; x_wconf 83' lang='lat' dir='ltr'><strong>evangelicis</strong></span> <span class='ocrx_word' id='word_1_527' title='bbox 1658 3723 1713 3769; x_wconf 84' lang='lat' dir='ltr'><strong>et</strong></span> <span class='ocrx_word' id='word_1_528' title='bbox 1756 3713 2071 3784; x_wconf 86' lang='lat' dir='ltr'><strong>apostolicis</strong></span> 
     </span>
    </p>
   </div>
   <div class='ocr_carea' id='block_1_71' title="bbox 494 3803 2073 3875">
    <p class='ocr_par' dir='ltr' id='par_1_71' title="bbox 494 3803 2073 3875">
     <span class='ocr_line' id='line_1_71' title="bbox 494 3803 2073 3875; baseline -0.003 -11"><span class='ocrx_word' id='word_1_529' title='bbox 494 3806 795 3875; x_wconf 82' lang='lat' dir='ltr'><strong>Scripturis</strong></span> <span class='ocrx_word' id='word_1_530' title='bbox 839 3803 1038 3872; x_wconf 87' lang='lat' dir='ltr'><strong>passim</strong></span> <span class='ocrx_word' id='word_1_531' title='bbox 1092 3814 1408 3868; x_wconf 82' lang='lat' dir='ltr'><strong>occurrunt,</strong></span> <span class='ocrx_word' id='word_1_532' title='bbox 1459 3820 1647 3875; x_wconf 73' lang='lat' dir='ltr'><strong>qumve</strong></span> <span class='ocrx_word' id='word_1_533' title='bbox 1686 3820 1715 3859; x_wconf 89' lang='lat' dir='ltr'><strong>a</strong></span> <span class='ocrx_word' id='word_1_534' title='bbox 1750 3805 1961 3860; x_wconf 88' lang='lat' dir='ltr'><strong>sanctis</strong></span> <span class='ocrx_word' id='word_1_535' title='bbox 2003 3806 2073 3860; x_wconf 89' lang='lat' dir='ltr'><strong>de</strong></span> 
     </span>
    </p>
   </div>
   <div class='ocr_carea' id='block_1_72' title="bbox 489 3891 2073 3964">
    <p class='ocr_par' dir='ltr' id='par_1_72' title="bbox 489 3891 2073 3964">
     <span class='ocr_line' id='line_1_72' title="bbox 489 3891 2073 3964; baseline -0.004 -11"><span class='ocrx_word' id='word_1_536' title='bbox 489 3897 731 3960; x_wconf 85' lang='lat' dir='ltr'><strong>Christo,</strong></span> <span class='ocrx_word' id='word_1_537' title='bbox 758 3893 843 3949; x_wconf 88' lang='lat' dir='ltr'><strong>vel</strong></span> <span class='ocrx_word' id='word_1_538' title='bbox 874 3893 941 3948; x_wconf 90' lang='lat' dir='ltr'><strong>ab</strong></span> <span class='ocrx_word' id='word_1_539' title='bbox 965 3891 1081 3963; x_wconf 89' lang='lat' dir='ltr'><strong>ipso</strong></span> <span class='ocrx_word' id='word_1_540' title='bbox 1108 3907 1325 3963; x_wconf 85' lang='lat' dir='ltr'><strong>quoque</strong></span> <span class='ocrx_word' id='word_1_541' title='bbox 1363 3894 1583 3951; x_wconf 87' lang='lat' dir='ltr'><strong>Christo</strong></span> <span class='ocrx_word' id='word_1_542' title='bbox 1610 3896 1679 3949; x_wconf 88' lang='lat' dir='ltr'><strong>de</strong></span> <span class='ocrx_word' id='word_1_543' title='bbox 1708 3894 1888 3964; x_wconf 90' lang='lat' dir='ltr'><strong>seipso</strong></span> <span class='ocrx_word' id='word_1_544' title='bbox 1913 3895 2073 3949; x_wconf 62' lang='lat' dir='ltr'><strong>dictae</strong></span> 
     </span>
    </p>
   </div>
   <div class='ocr_carea' id='block_1_73' title="bbox 491 3983 2070 4057">
    <p class='ocr_par' dir='ltr' id='par_1_73' title="bbox 491 3983 2070 4057">
     <span class='ocr_line' id='line_1_73' title="bbox 491 3983 2070 4057; baseline -0.006 -9"><span class='ocrx_word' id='word_1_545' title='bbox 491 4002 652 4057; x_wconf 87' lang='lat' dir='ltr'><strong>sunt;</strong></span> <span class='ocrx_word' id='word_1_546' title='bbox 698 3998 751 4045; x_wconf 89' lang='lat' dir='ltr'><strong>et</strong></span> <span class='ocrx_word' id='word_1_547' title='bbox 792 3988 927 4043; x_wconf 86' lang='lat' dir='ltr'><strong>alias</strong></span> <span class='ocrx_word' id='word_1_548' title='bbox 959 3985 1177 4056; x_wconf 88' lang='lat' dir='ltr'><strong>quidem</strong></span> <span class='ocrx_word' id='word_1_549' title='bbox 1209 3983 1411 4040; x_wconf 85' lang='lat' dir='ltr'><strong>homini</strong></span> <span class='ocrx_word' id='word_1_550' title='bbox 1460 3994 1715 4055; x_wconf 86' lang='lat' dir='ltr'><strong>tanquam</strong></span> <span class='ocrx_word' id='word_1_551' title='bbox 1746 3998 1994 4039; x_wconf 88' lang='lat' dir='ltr'><strong>seorsum</strong></span> <span class='ocrx_word' id='word_1_552' title='bbox 2038 3998 2070 4039; x_wconf 86' lang='lat' dir='ltr'><strong>a</strong></span> 
     </span>
    </p>
   </div>
   <div class='ocr_carea' id='block_1_74' title="bbox 488 4078 2070 4146">
    <p class='ocr_par' dir='ltr' id='par_1_74' title="bbox 488 4078 2070 4146">
     <span class='ocr_line' id='line_1_74' title="bbox 488 4078 2070 4146; baseline -0.006 -7"><span class='ocrx_word' id='word_1_553' title='bbox 488 4083 600 4139; x_wconf 83' lang='lat' dir='ltr'><strong>Deo</strong></span> <span class='ocrx_word' id='word_1_554' title='bbox 624 4082 799 4138; x_wconf 85' lang='lat' dir='ltr'><strong>Verbo</strong></span> <span class='ocrx_word' id='word_1_555' title='bbox 819 4079 1164 4136; x_wconf 80' lang='lat' dir='ltr'><strong>considerato</strong></span> <span class='ocrx_word' id='word_1_556' title='bbox 1194 4078 1448 4142; x_wconf 85' lang='lat' dir='ltr'><strong>ascribit;</strong></span> <span class='ocrx_word' id='word_1_557' title='bbox 1481 4078 1617 4133; x_wconf 85' lang='lat' dir='ltr'><strong>alias</strong></span> <span class='ocrx_word' id='word_1_558' title='bbox 1648 4091 1780 4133; x_wconf 84' lang='lat' dir='ltr'><strong>vero</strong></span> <span class='ocrx_word' id='word_1_559' title='bbox 1809 4085 2070 4146; x_wconf 86' lang='lat' dir='ltr'><strong>tanquam</strong></span> 
     </span>
    </p>
   </div>
   <div class='ocr_carea' id='block_1_75' title="bbox 491 4167 2067 4238">
    <p class='ocr_par' dir='ltr' id='par_1_75' title="bbox 491 4167 2067 4238">
     <span class='ocr_line' id='line_1_75' title="bbox 491 4167 2067 4238; baseline -0.008 -7"><span class='ocrx_word' id='word_1_560' title='bbox 491 4178 599 4231; x_wconf 83' lang='lat' dir='ltr'><strong>Deo</strong></span> <span class='ocrx_word' id='word_1_561' title='bbox 636 4172 1044 4233; x_wconf 82' lang='lat' dir='ltr'><strong>convenientes,</strong></span> <span class='ocrx_word' id='word_1_562' title='bbox 1095 4170 1194 4225; x_wconf 87' lang='lat' dir='ltr'><strong>soli</strong></span> <span class='ocrx_word' id='word_1_563' title='bbox 1254 4170 1343 4225; x_wconf 88' lang='lat' dir='ltr'><strong>Dei</strong></span> <span class='ocrx_word' id='word_1_564' title='bbox 1393 4169 1569 4223; x_wconf 84' lang='lat' dir='ltr'><strong>Patris</strong></span> <span class='ocrx_word' id='word_1_565' title='bbox 1622 4168 1793 4223; x_wconf 87' lang='lat' dir='ltr'><strong>Verbo</strong></span> <span class='ocrx_word' id='word_1_566' title='bbox 1814 4167 2067 4238; x_wconf 89' lang='lat' dir='ltr'><strong>adaptat;</strong></span> 
     </span>
    </p>
   </div>
   <div class='ocr_carea' id='block_1_76' title="bbox 486 4264 908 4322">
    <p class='ocr_par' dir='ltr' id='par_1_76' title="bbox 486 4264 908 4322">
     <span class='ocr_line' id='line_1_76' title="bbox 486 4264 908 4322; baseline -0.012 0"><span class='ocrx_word' id='word_1_567' title='bbox 486 4269 773 4322; x_wconf 81' lang='lat' dir='ltr'><strong>anathema</strong></span> <span class='ocrx_word' id='word_1_568' title='bbox 812 4264 908 4319; x_wconf 86' lang='lat' dir='ltr'><strong>sit.</strong></span> 
     </span>
    </p>
   </div>
   <div class='ocr_carea' id='block_1_77' title="bbox 947 4373 1609 4443">
    <p class='ocr_par' dir='ltr' id='par_1_77' title="bbox 947 4373 1609 4443">
     <span class='ocr_line' id='line_1_77' title="bbox 947 4373 1609 4443; baseline -0.002 -14"><span class='ocrx_word' id='word_1_569' title='bbox 947 4373 1301 4429; x_wconf 82' lang='lat' dir='ltr'><strong>Orientalium</strong></span> <span class='ocrx_word' id='word_1_570' title='bbox 1335 4374 1609 4443; x_wconf 73' lang='lat' dir='ltr'><strong>apparitio.</strong></span> 
     </span>
    </p>
   </div>
   <div class='ocr_carea' id='block_1_78' title="bbox 556 4485 2073 4559">
    <p class='ocr_par' dir='ltr' id='par_1_78' title="bbox 556 4485 2073 4559">
     <span class='ocr_line' id='line_1_78' title="bbox 556 4485 2073 4559; baseline -0.005 -15"><span class='ocrx_word' id='word_1_571' title='bbox 556 4490 931 4559; x_wconf 79' lang='lat' dir='ltr'><strong>Congruenter</strong></span> <span class='ocrx_word' id='word_1_572' title='bbox 989 4487 1151 4542; x_wconf 83' lang='lat' dir='ltr'><strong>etiam</strong></span> <span class='ocrx_word' id='word_1_573' title='bbox 1203 4489 1306 4543; x_wconf 90' lang='lat' dir='ltr'><strong>hoc</strong></span> <span class='ocrx_word' id='word_1_574' title='bbox 1361 4487 1480 4542; x_wconf 91' lang='lat' dir='ltr'><strong>loco</strong></span> <span class='ocrx_word' id='word_1_575' title='bbox 1529 4485 1602 4540; x_wconf 93' lang='lat' dir='ltr'><strong>illi</strong></span> <span class='ocrx_word' id='word_1_576' title='bbox 1644 4500 1740 4541; x_wconf 86' lang='lat' dir='ltr'><strong>sua</strong></span> <span class='ocrx_word' id='word_1_577' title='bbox 1770 4485 1943 4556; x_wconf 85' lang='lat' dir='ltr'><strong>ipsius</strong></span> <span class='ocrx_word' id='word_1_578' title='bbox 1981 4485 2073 4538; x_wconf 90' lang='lat' dir='ltr'><strong>de-</strong></span> 
     </span>
    </p>
   </div>
   <div class='ocr_carea' id='block_1_79' title="bbox 484 4572 2070 4647">
    <p class='ocr_par' dir='ltr' id='par_1_79' title="bbox 484 4572 2070 4647">
     <span class='ocr_line' id='line_1_79' title="bbox 484 4572 2070 4647; baseline -0.006 -12"><span class='ocrx_word' id='word_1_579' title='bbox 484 4589 632 4636; x_wconf 88' lang='lat' dir='ltr'><strong>creta</strong></span> <span class='ocrx_word' id='word_1_580' title='bbox 687 4576 1020 4647; x_wconf 76' lang='lat' dir='ltr'><strong>suggerenda</strong></span> <span class='ocrx_word' id='word_1_581' title='bbox 1074 4586 1218 4633; x_wconf 90' lang='lat' dir='ltr'><strong>sunt.</strong></span> <span class='ocrx_word' id='word_1_582' title='bbox 1254 4575 1401 4631; x_wconf 74' lang='lat' dir='ltr'><strong>Dixit</strong></span> <span class='ocrx_word' id='word_1_583' title='bbox 1437 4576 1580 4632; x_wconf 89' lang='lat' dir='ltr'><strong>enim</strong></span> <span class='ocrx_word' id='word_1_584' title='bbox 1630 4592 1644 4630; x_wconf 88' lang='lat'><strong>:</strong></span> <span class='ocrx_word' id='word_1_585' title='bbox 1674 4572 1936 4642; x_wconf 86' lang='lat' dir='ltr'><strong>Quamvis</strong></span> <span class='ocrx_word' id='word_1_586' title='bbox 1971 4586 2070 4626; x_wconf 89' lang='lat' dir='ltr'><strong>au-</strong></span> 
     </span>
    </p>
   </div>
   <div class='ocr_carea' id='block_1_80' title="bbox 487 4659 2065 4739">
    <p class='ocr_par' dir='ltr' id='par_1_80' title="bbox 487 4659 2065 4739">
     <span class='ocr_line' id='line_1_80' title="bbox 487 4659 2065 4739; baseline -0.007 -15"><span class='ocrx_word' id='word_1_587' title='bbox 487 4670 601 4724; x_wconf 77' lang='lat' dir='ltr'><strong>;lias</strong></span> <span class='ocrx_word' id='word_1_588' title='bbox 647 4666 787 4739; x_wconf 89' lang='lat' dir='ltr'><strong>quod</strong></span> <span class='ocrx_word' id='word_1_589' title='bbox 838 4665 1129 4737; x_wconf 79' lang='lat' dir='ltr'><strong>profecerit</strong></span> <span class='ocrx_word' id='word_1_590' title='bbox 1155 4675 1314 4721; x_wconf 70' lang='lat' dir='ltr'><strong>astate</strong></span> <span class='ocrx_word' id='word_1_591' title='bbox 1344 4674 1398 4720; x_wconf 89' lang='lat' dir='ltr'><strong>et</strong></span> <span class='ocrx_word' id='word_1_592' title='bbox 1425 4662 1691 4734; x_wconf 86' lang='lat' dir='ltr'><strong>sapientia</strong></span> <span class='ocrx_word' id='word_1_593' title='bbox 1714 4671 1768 4718; x_wconf 90' lang='lat' dir='ltr'><strong>et</strong></span> <span class='ocrx_word' id='word_1_594' title='bbox 1799 4660 1972 4732; x_wconf 82' lang='lat' dir='ltr'><strong>gratia</strong></span> <span class='ocrx_word' id='word_1_595' title='bbox 1998 4659 2065 4725; x_wconf 80' lang='lat'><strong>”,</strong></span> 
     </span>
    </p>
   </div>
   <div class='ocr_carea' id='block_1_81' title="bbox 486 4753 2069 4829">
    <p class='ocr_par' dir='ltr' id='par_1_81' title="bbox 486 4753 2069 4829">
     <span class='ocr_line' id='line_1_81' title="bbox 486 4753 2069 4829; baseline -0.005 -14"><span class='ocrx_word' id='word_1_596' title='bbox 486 4777 551 4816; x_wconf 86' lang='lat' dir='ltr'><strong>ne</strong></span> <span class='ocrx_word' id='word_1_597' title='bbox 581 4769 738 4829; x_wconf 88' lang='lat' dir='ltr'><strong>putes</strong></span> <span class='ocrx_word' id='word_1_598' title='bbox 772 4759 989 4827; x_wconf 83' lang='lat' dir='ltr'><strong>sapiens</strong></span> <span class='ocrx_word' id='word_1_599' title='bbox 1033 4772 1102 4812; x_wconf 79' lang='lat' dir='ltr'><strong>ex</strong></span> <span class='ocrx_word' id='word_1_600' title='bbox 1149 4758 1483 4812; x_wconf 89' lang='lat' dir='ltr'><strong>incremento</strong></span> <span class='ocrx_word' id='word_1_601' title='bbox 1517 4754 1719 4811; x_wconf 80' lang='lat' dir='ltr'><strong>factum</strong></span> <span class='ocrx_word' id='word_1_602' title='bbox 1757 4753 1918 4827; x_wconf 75' lang='lat'><strong>168</strong></span> <span class='ocrx_word' id='word_1_603' title='bbox 1950 4767 2069 4809; x_wconf 89' lang='lat' dir='ltr'><strong>esse</strong></span> 
     </span>
    </p>
   </div>
   <div class='ocr_carea' id='block_1_82' title="bbox 486 4845 2070 4918">
    <p class='ocr_par' dir='ltr' id='par_1_82' title="bbox 486 4845 2070 4918">
     <span class='ocr_line' id='line_1_82' title="bbox 486 4845 2070 4918; baseline -0.001 -15"><span class='ocrx_word' id='word_1_604' title='bbox 486 4849 719 4906; x_wconf 76' lang='lat' dir='ltr'><strong>Verbum</strong></span> <span class='ocrx_word' id='word_1_605' title='bbox 758 4849 854 4904; x_wconf 90' lang='lat' dir='ltr'><strong>Dei</strong></span> <span class='ocrx_word' id='word_1_606' title='bbox 893 4867 906 4903; x_wconf 89' lang='lat'><strong>:</strong></span> <span class='ocrx_word' id='word_1_607' title='bbox 956 4862 1133 4917; x_wconf 88' lang='lat' dir='ltr'><strong>neque</strong></span> <span class='ocrx_word' id='word_1_608' title='bbox 1179 4862 1368 4903; x_wconf 90' lang='lat' dir='ltr'><strong>rursus</strong></span> <span class='ocrx_word' id='word_1_609' title='bbox 1411 4845 1541 4902; x_wconf 88' lang='lat' dir='ltr'><strong>illud</strong></span> <span class='ocrx_word' id='word_1_610' title='bbox 1597 4848 1877 4918; x_wconf 81' lang='lat' dir='ltr'><strong>nugaciter</strong></span> <span class='ocrx_word' id='word_1_611' title='bbox 1919 4846 2070 4901; x_wconf 77' lang='lat' dir='ltr'><strong>ausis</strong></span> 
     </span>
    </p>
   </div>
   <div class='ocr_carea' id='block_1_83' title="bbox 486 4938 2071 5012">
    <p class='ocr_par' dir='ltr' id='par_1_83' title="bbox 486 4938 2071 5012">
     <span class='ocr_line' id='line_1_83' title="bbox 486 4938 2071 5012; baseline -0.004 -14"><span class='ocrx_word' id='word_1_612' title='bbox 486 4944 685 5010; x_wconf 85' lang='lat' dir='ltr'><strong>dicere,</strong></span> <span class='ocrx_word' id='word_1_613' title='bbox 719 4943 883 5012; x_wconf 89' lang='lat' dir='ltr'><strong>quod,</strong></span> <span class='ocrx_word' id='word_1_614' title='bbox 914 4940 1179 5011; x_wconf 79' lang='lat' dir='ltr'><strong>proiicere</strong></span> <span class='ocrx_word' id='word_1_615' title='bbox 1207 4938 1259 4993; x_wconf 94' lang='lat' dir='ltr'><strong>in</strong></span> <span class='ocrx_word' id='word_1_616' title='bbox 1293 4948 1452 4993; x_wconf 60' lang='lat' dir='ltr'><strong>aetate</strong></span> <span class='ocrx_word' id='word_1_617' title='bbox 1477 4949 1533 4994; x_wconf 89' lang='lat' dir='ltr'><strong>et</strong></span> <span class='ocrx_word' id='word_1_618' title='bbox 1563 4938 1826 5009; x_wconf 88' lang='lat' dir='ltr'><strong>sapientia</strong></span> <span class='ocrx_word' id='word_1_619' title='bbox 1861 4946 1915 4992; x_wconf 91' lang='lat' dir='ltr'><strong>et</strong></span> <span class='ocrx_word' id='word_1_620' title='bbox 1945 4953 2071 5008; x_wconf 81' lang='lat' dir='ltr'><strong>gra-</strong></span> 
     </span>
    </p>
   </div>
   <div class='ocr_carea' id='block_1_84' title="bbox 485 5029 2067 5101">
    <p class='ocr_par' dir='ltr' id='par_1_84' title="bbox 485 5029 2067 5101">
     <span class='ocr_line' id='line_1_84' title="bbox 485 5029 2067 5101; baseline -0.004 -11"><span class='ocrx_word' id='word_1_621' title='bbox 485 5034 583 5100; x_wconf 91' lang='lat' dir='ltr'><strong>tia,</strong></span> <span class='ocrx_word' id='word_1_622' title='bbox 626 5034 834 5090; x_wconf 86' lang='lat' dir='ltr'><strong>homini</strong></span> <span class='ocrx_word' id='word_1_623' title='bbox 877 5031 1207 5101; x_wconf 86' lang='lat' dir='ltr'><strong>aptabimus.</strong></span> <span class='ocrx_word' id='word_1_624' title='bbox 1255 5030 1489 5098; x_wconf 78' lang='lat' dir='ltr'><strong>(Verum</strong></span> <span class='ocrx_word' id='word_1_625' title='bbox 1522 5029 1741 5089; x_wconf 81' lang='lat' dir='ltr'><strong>tametsi</strong></span> <span class='ocrx_word' id='word_1_626' title='bbox 1773 5040 1931 5101; x_wconf 79' lang='lat' dir='ltr'><strong>neget</strong></span> <span class='ocrx_word' id='word_1_627' title='bbox 1968 5029 2067 5084; x_wconf 90' lang='lat' dir='ltr'><strong>hoc</strong></span> 
     </span>
    </p>
   </div>
   <div class='ocr_carea' id='block_1_85' title="bbox 487 5120 2069 5194">
    <p class='ocr_par' dir='ltr' id='par_1_85' title="bbox 487 5120 2069 5194">
     <span class='ocr_line' id='line_1_85' title="bbox 487 5120 2069 5194; baseline -0.013 -13"><span class='ocrx_word' id='word_1_628' title='bbox 487 5127 605 5183; x_wconf 87' lang='lat' dir='ltr'><strong>loco</strong></span> <span class='ocrx_word' id='word_1_629' title='bbox 648 5126 948 5194; x_wconf 65' lang='lat' dir='ltr'><strong>Scriptura:</strong></span> <span class='ocrx_word' id='word_1_630' title='bbox 993 5120 1391 5184; x_wconf 86' lang='lat' dir='ltr'><strong>testimonium,</strong></span> <span class='ocrx_word' id='word_1_631' title='bbox 1427 5136 1535 5190; x_wconf 88' lang='lat' dir='ltr'><strong>quo</strong></span> <span class='ocrx_word' id='word_1_632' title='bbox 1571 5122 1847 5189; x_wconf 89' lang='lat' dir='ltr'><strong>docemur,</strong></span> <span class='ocrx_word' id='word_1_633' title='bbox 1890 5121 2069 5191; x_wconf 66' lang='grc' dir='ltr'><strong>ιιι-υἷε-</strong></span> 
     </span>
    </p>
   </div>
   <div class='ocr_carea' id='block_1_86' title="bbox 482 5211 2065 5284">
    <p class='ocr_par' dir='ltr' id='par_1_86' title="bbox 482 5211 2065 5284">
     <span class='ocr_line' id='line_1_86' title="bbox 482 5211 2065 5284; baseline -0.006 -11"><span class='ocrx_word' id='word_1_634' title='bbox 482 5231 631 5273; x_wconf 90' lang='lat' dir='ltr'><strong>ctum</strong></span> <span class='ocrx_word' id='word_1_635' title='bbox 662 5216 812 5271; x_wconf 89' lang='lat' dir='ltr'><strong>illum</strong></span> <span class='ocrx_word' id='word_1_636' title='bbox 849 5215 1003 5284; x_wconf 81' lang='lat' dir='ltr'><strong>juxta</strong></span> <span class='ocrx_word' id='word_1_637' title='bbox 1036 5219 1285 5265; x_wconf 89' lang='lat' dir='ltr'><strong>naturam</strong></span> <span class='ocrx_word' id='word_1_638' title='bbox 1323 5211 1509 5266; x_wconf 87' lang='lat' dir='ltr'><strong>carnis</strong></span> <span class='ocrx_word' id='word_1_639' title='bbox 1537 5211 1777 5280; x_wconf 92' lang='lat' dir='ltr'><strong>Domini,</strong></span> <span class='ocrx_word' id='word_1_640' title='bbox 1822 5228 1943 5282; x_wconf 69' lang='lat' dir='ltr'><strong>quae</strong></span> <span class='ocrx_word' id='word_1_641' title='bbox 1983 5212 2065 5264; x_wconf 88' lang='lat' dir='ltr'><strong>vi-</strong></span> 
     </span>
    </p>
   </div>
   <div class='ocr_carea' id='block_1_87' title="bbox 485 5305 2065 5376">
    <p class='ocr_par' dir='ltr' id='par_1_87' title="bbox 485 5305 2065 5376">
     <span class='ocr_line' id='line_1_87' title="bbox 485 5305 2065 5376; baseline -0.003 -13"><span class='ocrx_word' id='word_1_642' title='bbox 485 5312 734 5370; x_wconf 79' lang='lat' dir='ltr'><strong>debatur,</strong></span> <span class='ocrx_word' id='word_1_643' title='bbox 765 5307 965 5369; x_wconf 76' lang='lat' dir='ltr'><strong>fuisse;</strong></span> <span class='ocrx_word' id='word_1_644' title='bbox 996 5319 1139 5357; x_wconf 89' lang='lat' dir='ltr'><strong>nunc</strong></span> <span class='ocrx_word' id='word_1_645' title='bbox 1175 5313 1351 5358; x_wconf 86' lang='lat' dir='ltr'><strong>tamen</strong></span> <span class='ocrx_word' id='word_1_646' title='bbox 1382 5317 1486 5359; x_wconf 90' lang='lat' dir='ltr'><strong>non</strong></span> <span class='ocrx_word' id='word_1_647' title='bbox 1519 5315 1602 5362; x_wconf 89' lang='lat' dir='ltr'><strong>est</strong></span> <span class='ocrx_word' id='word_1_648' title='bbox 1636 5316 1846 5376; x_wconf 89' lang='lat' dir='ltr'><strong>tempus</strong></span> <span class='ocrx_word' id='word_1_649' title='bbox 1877 5305 2065 5359; x_wconf 87' lang='lat' dir='ltr'><strong>redar-</strong></span> 
     </span>
    </p>
   </div>
   <div class='ocr_carea' id='block_1_88' title="bbox 555 5459 1521 5535">
    <p class='ocr_par' dir='ltr' id='par_1_88' title="bbox 555 5459 1521 5535">
     <span class='ocr_line' id='line_1_88' title="bbox 555 5459 1521 5535; baseline -0.003 -15"><span class='ocrx_word' id='word_1_650' title='bbox 555 5468 599 5501; x_wconf 63' lang='grc' dir='ltr'><strong>(νδ</strong></span> <span class='ocrx_word' id='word_1_651' title='bbox 624 5466 819 5535; x_wconf 80' lang='lat' dir='ltr'><strong>Ephcs.</strong></span> <span class='ocrx_word' id='word_1_652' title='bbox 855 5477 915 5526; x_wconf 86' lang='grc' dir='ltr'><strong>ιι,</strong></span> <span class='ocrx_word' id='word_1_653' title='bbox 943 5461 997 5514; x_wconf 87' lang='grc'><strong>’5.</strong></span> <span class='ocrx_word' id='word_1_654' title='bbox 1075 5460 1120 5492; x_wconf 80' lang='grc'><strong>⁸⁵</strong></span> <span class='ocrx_word' id='word_1_655' title='bbox 1158 5459 1289 5517; x_wconf 89' lang='lat' dir='ltr'><strong>Luc.</strong></span> <span class='ocrx_word' id='word_1_656' title='bbox 1334 5477 1391 5527; x_wconf 85' lang='lat' dir='ltr'><strong>il,</strong></span> <span class='ocrx_word' id='word_1_657' title='bbox 1433 5461 1521 5518; x_wconf 74' lang='lat'><strong>52.</strong></span> 
     </span>
    </p>
   </div>
   <div class='ocr_carea' id='block_1_89' title="bbox 2604 3500 3339 3560">
    <p class='ocr_par' dir='ltr' id='par_1_89' title="bbox 2604 3500 3339 3560">
     <span class='ocr_line' id='line_1_89' title="bbox 2604 3500 3339 3560; baseline 0.008 -6"><span class='ocrx_word' id='word_1_658' title='bbox 2604 3500 3205 3558; x_wconf 75' lang='grc' dir='ltr'><strong>ΛΝΑΘΕΜΑΤΙΣΜΟΣ</strong></span> <span class='ocrx_word' id='word_1_659' title='bbox 3264 3509 3339 3560; x_wconf 88' lang='grc' dir='ltr'><strong>Δ’.</strong></span> 
     </span>
    </p>
   </div>
   <div class='ocr_carea' id='block_1_90' title="bbox 2255 3613 3771 3689">
    <p class='ocr_par' dir='ltr' id='par_1_90' title="bbox 2255 3613 3771 3689">
     <span class='ocr_line' id='line_1_90' title="bbox 2255 3613 3771 3689; baseline 0.008 -22"><span class='ocrx_word' id='word_1_660' title='bbox 2255 3613 2323 3667; x_wconf 74' lang='lat' dir='ltr'><strong>Ei</strong></span> <span class='ocrx_word' id='word_1_661' title='bbox 2354 3630 2436 3677; x_wconf 88' lang='grc' dir='ltr'><strong>τις</strong></span> <span class='ocrx_word' id='word_1_662' title='bbox 2463 3614 2779 3684; x_wconf 85' lang='grc' dir='ltr'>προσώποις</span> <span class='ocrx_word' id='word_1_663' title='bbox 2805 3614 2978 3679; x_wconf 79' lang='grc' dir='ltr'>δυσὶν.</span> <span class='ocrx_word' id='word_1_664' title='bbox 3008 3617 3176 3688; x_wconf 81' lang='grc' dir='ltr'>ήγουν</span> <span class='ocrx_word' id='word_1_665' title='bbox 3204 3619 3556 3687; x_wconf 77' lang='grc' dir='ltr'>ὑποστάσεσι,</span> <span class='ocrx_word' id='word_1_666' title='bbox 3581 3625 3686 3689; x_wconf 86' lang='grc' dir='ltr'><strong>τάς</strong></span> <span class='ocrx_word' id='word_1_667' title='bbox 3709 3642 3771 3680; x_wconf 89' lang='grc' dir='ltr'><strong>τε</strong></span> 
     </span>
    </p>
   </div>
   <div class='ocr_carea' id='block_1_91' title="bbox 2180 3706 3772 3787">
    <p class='ocr_par' dir='ltr' id='par_1_91' title="bbox 2180 3706 3772 3787">
     <span class='ocr_line' id='line_1_91' title="bbox 2180 3706 3772 3787; baseline 0.009 -29"><span class='ocrx_word' id='word_1_668' title='bbox 2180 3707 2239 3761; x_wconf 81' lang='grc' dir='ltr'>ὲν</span> <span class='ocrx_word' id='word_1_669' title='bbox 2262 3707 2373 3770; x_wconf 81' lang='grc' dir='ltr'>τοῖς</span> <span class='ocrx_word' id='word_1_670' title='bbox 2411 3706 2790 3775; x_wconf 83' lang='grc' dir='ltr'>εύαγγελικοῖς</span> <span class='ocrx_word' id='word_1_671' title='bbox 2832 3709 2927 3762; x_wconf 77' lang='grc' dir='ltr'><strong>καὶ</strong></span> <span class='ocrx_word' id='word_1_672' title='bbox 2954 3710 3331 3777; x_wconf 83' lang='grc' dir='ltr'>ἀποστολικοϊς</span> <span class='ocrx_word' id='word_1_673' title='bbox 3371 3716 3772 3787; x_wconf 82' lang='grc' dir='ltr'>συγγράμμασι</span> 
     </span>
    </p>
   </div>
   <div class='ocr_carea' id='block_1_92' title="bbox 2174 3798 3765 3879">
    <p class='ocr_par' dir='ltr' id='par_1_92' title="bbox 2174 3798 3765 3879">
     <span class='ocr_line' id='line_1_92' title="bbox 2174 3798 3765 3879; baseline 0.009 -28"><span class='ocrx_word' id='word_1_674' title='bbox 2174 3798 2426 3869; x_wconf 81' lang='grc' dir='ltr'>διανέμει</span> <span class='ocrx_word' id='word_1_675' title='bbox 2480 3798 2684 3869; x_wconf 78' lang='grc' dir='ltr'>φωνὰς,</span> <span class='ocrx_word' id='word_1_676' title='bbox 2741 3802 2774 3874; x_wconf 75' lang='grc' dir='ltr'><strong>ἢ</strong></span> <span class='ocrx_word' id='word_1_677' title='bbox 2834 3803 2927 3856; x_wconf 75' lang='grc' dir='ltr'><strong>ἐπὶ</strong></span> <span class='ocrx_word' id='word_1_678' title='bbox 2978 3803 3200 3877; x_wconf 83' lang='grc' dir='ltr'>Χριστῷ</span> <span class='ocrx_word' id='word_1_679' title='bbox 3248 3808 3401 3879; x_wconf 88' lang='grc' dir='ltr'><strong>παρά</strong></span> <span class='ocrx_word' id='word_1_680' title='bbox 3436 3808 3545 3862; x_wconf 86' lang='grc' dir='ltr'><strong>τῶν</strong></span> <span class='ocrx_word' id='word_1_681' title='bbox 3597 3812 3765 3879; x_wconf 86' lang='grc' dir='ltr'>ἁγίων</span> 
     </span>
    </p>
   </div>
   <div class='ocr_carea' id='block_1_93' title="bbox 2181 3889 3766 3971">
    <p class='ocr_par' dir='ltr' id='par_1_93' title="bbox 2181 3889 3766 3971">
     <span class='ocr_line' id='line_1_93' title="bbox 2181 3889 3766 3971; baseline 0.008 -29"><span class='ocrx_word' id='word_1_682' title='bbox 2181 3889 2503 3960; x_wconf 77' lang='grc' dir='ltr'>λεγομένας,</span> <span class='ocrx_word' id='word_1_683' title='bbox 2538 3889 2571 3960; x_wconf 79' lang='grc' dir='ltr'>ἢ</span> <span class='ocrx_word' id='word_1_684' title='bbox 2599 3891 2731 3964; x_wconf 85' lang='grc' dir='ltr'>παρ’</span> <span class='ocrx_word' id='word_1_685' title='bbox 2761 3892 2930 3947; x_wconf 83' lang='grc' dir='ltr'>αὐτοῦ</span> <span class='ocrx_word' id='word_1_686' title='bbox 2972 3895 3101 3965; x_wconf 76' lang='grc' dir='ltr'>περὶ</span> <span class='ocrx_word' id='word_1_687' title='bbox 3141 3897 3334 3950; x_wconf 76' lang='grc' dir='ltr'>ἑαυτοῦ</span> <span class='ocrx_word' id='word_1_688' title='bbox 3361 3914 3383 3939; x_wconf 68' lang='grc'><strong>·‹</strong></span> <span class='ocrx_word' id='word_1_689' title='bbox 3414 3899 3509 3952; x_wconf 73' lang='grc' dir='ltr'>καὶ</span> <span class='ocrx_word' id='word_1_690' title='bbox 3532 3900 3632 3965; x_wconf 88' lang='grc' dir='ltr'><strong>τάς</strong></span> <span class='ocrx_word' id='word_1_691' title='bbox 3668 3902 3766 3971; x_wconf 80' lang='grc' dir='ltr'>μὲν</span> 
     </span>
    </p>
   </div>
   <div class='ocr_carea' id='block_1_94' title="bbox 2179 3978 3772 4061">
    <p class='ocr_par' dir='ltr' id='par_1_94' title="bbox 2179 3978 3772 4061">
     <span class='ocr_line' id='line_1_94' title="bbox 2179 3978 3772 4061; baseline 0.006 -27"><span class='ocrx_word' id='word_1_692' title='bbox 2179 3978 2256 4045; x_wconf 82' lang='grc' dir='ltr'><strong>ὡς</strong></span> <span class='ocrx_word' id='word_1_693' title='bbox 2282 3979 2554 4053; x_wconf 78' lang='grc' dir='ltr'>ἀνθρώπῳ</span> <span class='ocrx_word' id='word_1_694' title='bbox 2589 3982 2741 4053; x_wconf 89' lang='grc' dir='ltr'><strong>παρά</strong></span> <span class='ocrx_word' id='word_1_695' title='bbox 2772 3982 2863 4037; x_wconf 82' lang='grc' dir='ltr'>τὸν</span> <span class='ocrx_word' id='word_1_696' title='bbox 2891 3986 2957 4038; x_wconf 82' lang='grc' dir='ltr'>ὲκ</span> <span class='ocrx_word' id='word_1_697' title='bbox 2985 3984 3120 4039; x_wconf 88' lang='grc' dir='ltr'>Θεοῦ</span> <span class='ocrx_word' id='word_1_698' title='bbox 3152 3987 3366 4061; x_wconf 82' lang='grc' dir='ltr'>Πατρδς</span> <span class='ocrx_word' id='word_1_699' title='bbox 3392 3989 3561 4058; x_wconf 86' lang='grc' dir='ltr'>Λόγον</span> <span class='ocrx_word' id='word_1_700' title='bbox 3582 3990 3772 4055; x_wconf 81' lang='grc' dir='ltr'>ίδικῶς</span> 
     </span>
    </p>
   </div>
   <div class='ocr_carea' id='block_1_95' title="bbox 2178 4074 3772 4158">
    <p class='ocr_par' dir='ltr' id='par_1_95' title="bbox 2178 4074 3772 4158">
     <span class='ocr_line' id='line_1_95' title="bbox 2178 4074 3772 4158; baseline 0.008 -29"><span class='ocrx_word' id='word_1_701' title='bbox 2178 4074 2454 4145; x_wconf 85' lang='grc' dir='ltr'>νοουμένῳ</span> <span class='ocrx_word' id='word_1_702' title='bbox 2492 4079 2818 4145; x_wconf 85' lang='grc' dir='ltr'>προσάπτει,</span> <span class='ocrx_word' id='word_1_703' title='bbox 2846 4081 2945 4143; x_wconf 83' lang='grc' dir='ltr'>τὰς</span> <span class='ocrx_word' id='word_1_704' title='bbox 2976 4079 3034 4133; x_wconf 80' lang='grc' dir='ltr'>δὲ</span> <span class='ocrx_word' id='word_1_705' title='bbox 3060 4080 3137 4145; x_wconf 86' lang='grc' dir='ltr'><strong>ὡς</strong></span> <span class='ocrx_word' id='word_1_706' title='bbox 3164 4081 3488 4154; x_wconf 83' lang='grc' dir='ltr'>θεοπρεπεϊς</span> <span class='ocrx_word' id='word_1_707' title='bbox 3511 4087 3657 4157; x_wconf 83' lang='grc' dir='ltr'>μόνῳ</span> <span class='ocrx_word' id='word_1_708' title='bbox 3686 4086 3772 4158; x_wconf 83' lang='grc' dir='ltr'>τῷ</span> 
     </span>
    </p>
   </div>
   <div class='ocr_carea' id='block_1_96' title="bbox 2178 4166 3336 4243">
    <p class='ocr_par' dir='ltr' id='par_1_96' title="bbox 2178 4166 3336 4243">
     <span class='ocr_line' id='line_1_96' title="bbox 2178 4166 3336 4243; baseline 0.008 -24"><span class='ocrx_word' id='word_1_709' title='bbox 2178 4166 2244 4220; x_wconf 68' lang='grc' dir='ltr'>ἐκ</span> <span class='ocrx_word' id='word_1_710' title='bbox 2280 4166 2415 4220; x_wconf 83' lang='grc' dir='ltr'>Θεοῦ</span> <span class='ocrx_word' id='word_1_711' title='bbox 2445 4167 2659 4240; x_wconf 72' lang='grc' dir='ltr'>[ἰατρὸς</span> <span class='ocrx_word' id='word_1_712' title='bbox 2682 4169 2843 4241; x_wconf 84' lang='grc' dir='ltr'>Λόγῳ</span> <span class='ocrx_word' id='word_1_713' title='bbox 2861 4186 2874 4200; x_wconf 88' lang='grc'><strong>·</strong></span> <span class='ocrx_word' id='word_1_714' title='bbox 2901 4170 3149 4243; x_wconf 79' lang='grc' dir='ltr'>ἀνάθεμα</span> <span class='ocrx_word' id='word_1_715' title='bbox 3178 4172 3336 4229; x_wconf 73' lang='grc' dir='ltr'>ἔστω.</span> 
     </span>
    </p>
   </div>
   <div class='ocr_carea' id='block_1_97' title="bbox 2453 4367 3477 4438">
    <p class='ocr_par' dir='ltr' id='par_1_97' title="bbox 2453 4367 3477 4438">
     <span class='ocr_line' id='line_1_97' title="bbox 2453 4367 3477 4438; baseline 0.01 -16"><span class='ocrx_word' id='word_1_716' title='bbox 2453 4367 2829 4438; x_wconf 76' lang='grc' dir='ltr'>Ἀντίρῤησις</span> <span class='ocrx_word' id='word_1_717' title='bbox 2884 4371 3005 4427; x_wconf 78' lang='grc' dir='ltr'><strong>τῶν</strong></span> <span class='ocrx_word' id='word_1_718' title='bbox 3070 4374 3477 4432; x_wconf 80' lang='grc' dir='ltr'>Ἁνατολικῶν.</span> 
     </span>
    </p>
   </div>
   <div class='ocr_carea' id='block_1_98' title="bbox 2264 4464 3775 4563">
    <p class='ocr_par' dir='ltr' id='par_1_98' title="bbox 2264 4464 3775 4563">
     <span class='ocr_line' id='line_1_98' title="bbox 2264 4464 3775 4563; baseline 0.013 -33"><span class='ocrx_word' id='word_1_719' title='bbox 2264 4464 2581 4533; x_wconf 81' lang='grc' dir='ltr'>’Λκόλουθόν</span> <span class='ocrx_word' id='word_1_720' title='bbox 2657 4483 2940 4539; x_wconf 86' lang='grc' dir='ltr'>κάνταῦθα</span> <span class='ocrx_word' id='word_1_721' title='bbox 2985 4485 3093 4540; x_wconf 85' lang='grc' dir='ltr'><strong>τῶν</strong></span> <span class='ocrx_word' id='word_1_722' title='bbox 3148 4488 3315 4543; x_wconf 77' lang='grc' dir='ltr'>αὐτοῦ</span> <span class='ocrx_word' id='word_1_723' title='bbox 3373 4490 3775 4563; x_wconf 85' lang='grc' dir='ltr'>θεσπισμάτων</span> 
     </span>
    </p>
   </div>
   <div class='ocr_carea' id='block_1_99' title="bbox 2178 4567 3771 4656">
    <p class='ocr_par' dir='ltr' id='par_1_99' title="bbox 2178 4567 3771 4656">
     <span class='ocr_line' id='line_1_99' title="bbox 2178 4567 3771 4656; baseline 0.013 -35"><span class='ocrx_word' id='word_1_724' title='bbox 2178 4567 2339 4623; x_wconf 76' lang='grc' dir='ltr'>αὐτὸν</span> <span class='ocrx_word' id='word_1_725' title='bbox 2383 4571 2719 4644; x_wconf 76' lang='grc' dir='ltr'>ὑπομνῆσαι,</span> <span class='ocrx_word' id='word_1_726' title='bbox 2773 4576 2828 4630; x_wconf 77' lang='grc' dir='ltr'>ἐν</span> <span class='ocrx_word' id='word_1_727' title='bbox 2876 4571 2960 4641; x_wconf 80' lang='grc' dir='ltr'><strong>οἷς</strong></span> <span class='ocrx_word' id='word_1_728' title='bbox 2993 4594 3156 4649; x_wconf 77' lang='grc' dir='ltr'>φησιο</span> <span class='ocrx_word' id='word_1_729' title='bbox 3204 4579 3323 4635; x_wconf 83' lang='grc' dir='ltr'><strong>Κάν</strong></span> <span class='ocrx_word' id='word_1_730' title='bbox 3369 4582 3632 4656; x_wconf 82' lang='grc' dir='ltr'>ἀκούσῃς.</span> <span class='ocrx_word' id='word_1_731' title='bbox 3682 4586 3771 4641; x_wconf 79' lang='grc' dir='ltr'>ὅτι</span> 
     </span>
    </p>
   </div>
   <div class='ocr_carea' id='block_1_100' title="bbox 2180 4660 3772 4745">
    <p class='ocr_par' dir='ltr' id='par_1_100' title="bbox 2180 4660 3772 4745">
     <span class='ocr_line' id='line_1_100' title="bbox 2180 4660 3772 4745; baseline 0.01 -32"><span class='ocrx_word' id='word_1_732' title='bbox 2180 4660 2487 4731; x_wconf 85' lang='grc' dir='ltr'>προέκοπτε</span> <span class='ocrx_word' id='word_1_733' title='bbox 2527 4664 2711 4736; x_wconf 79' lang='grc' dir='ltr'>σοφίᾳ,</span> <span class='ocrx_word' id='word_1_734' title='bbox 2743 4666 2837 4719; x_wconf 80' lang='grc' dir='ltr'>καὶ</span> <span class='ocrx_word' id='word_1_735' title='bbox 2869 4667 3077 4739; x_wconf 76' lang='grc' dir='ltr'>ἡλικία,</span> <span class='ocrx_word' id='word_1_736' title='bbox 3112 4671 3206 4724; x_wconf 74' lang='grc' dir='ltr'><strong>καὶ</strong></span> <span class='ocrx_word' id='word_1_737' title='bbox 3235 4672 3438 4742; x_wconf 87' lang='grc' dir='ltr'>χάριτι,</span> <span class='ocrx_word' id='word_1_738' title='bbox 3473 4673 3547 4745; x_wconf 82' lang='grc' dir='ltr'><strong>μή</strong></span> <span class='ocrx_word' id='word_1_739' title='bbox 3597 4676 3772 4742; x_wconf 75' lang='grc' dir='ltr'>σοφὸν</span> 
     </span>
    </p>
   </div>
   <div class='ocr_carea' id='block_1_101' title="bbox 2172 4754 3765 4836">
    <p class='ocr_par' dir='ltr' id='par_1_101' title="bbox 2172 4754 3765 4836">
     <span class='ocr_line' id='line_1_101' title="bbox 2172 4754 3765 4836; baseline 0.009 -29"><span class='ocrx_word' id='word_1_740' title='bbox 2172 4754 2232 4819; x_wconf 83' lang='grc' dir='ltr'>ὲξ</span> <span class='ocrx_word' id='word_1_741' title='bbox 2254 4755 2547 4819; x_wconf 81' lang='grc' dir='ltr'>ἐπιδόσεως</span> <span class='ocrx_word' id='word_1_742' title='bbox 2582 4758 2835 4826; x_wconf 80' lang='grc' dir='ltr'>γενέσθαι</span> <span class='ocrx_word' id='word_1_743' title='bbox 2865 4761 3095 4833; x_wconf 85' lang='grc' dir='ltr'>νομίσῃς</span> <span class='ocrx_word' id='word_1_744' title='bbox 3127 4762 3219 4817; x_wconf 72' lang='grc' dir='ltr'>τὸν</span> <span class='ocrx_word' id='word_1_745' title='bbox 3262 4764 3359 4818; x_wconf 87' lang='grc' dir='ltr'><strong>τοῦ</strong></span> <span class='ocrx_word' id='word_1_746' title='bbox 3391 4765 3525 4821; x_wconf 87' lang='grc' dir='ltr'>Θεοῦ</span> <span class='ocrx_word' id='word_1_747' title='bbox 3553 4768 3765 4836; x_wconf 72' lang='grc' dir='ltr'>Λόγονο</span> 
     </span>
    </p>
   </div>
   <div class='ocr_carea' id='block_1_102' title="bbox 2174 4842 3768 4927">
    <p class='ocr_par' dir='ltr' id='par_1_102' title="bbox 2174 4842 3768 4927">
     <span class='ocr_line' id='line_1_102' title="bbox 2174 4842 3768 4927; baseline 0.008 -27"><span class='ocrx_word' id='word_1_748' title='bbox 2174 4845 2297 4918; x_wconf 77' lang='grc' dir='ltr'>μηδ’</span> <span class='ocrx_word' id='word_1_749' title='bbox 2328 4842 2397 4901; x_wconf 81' lang='grc' dir='ltr'>αὖ</span> <span class='ocrx_word' id='word_1_750' title='bbox 2436 4847 2616 4902; x_wconf 75' lang='grc' dir='ltr'>ἐκεῖνο</span> <span class='ocrx_word' id='word_1_751' title='bbox 2668 4849 2964 4921; x_wconf 77' lang='grc' dir='ltr'>φληνάφως</span> <span class='ocrx_word' id='word_1_752' title='bbox 3011 4853 3292 4927; x_wconf 78' lang='grc' dir='ltr'>τολμήσῃς</span> <span class='ocrx_word' id='word_1_753' title='bbox 3332 4859 3530 4921; x_wconf 82' lang='grc' dir='ltr'>εἰπεῖν,</span> <span class='ocrx_word' id='word_1_754' title='bbox 3571 4858 3655 4912; x_wconf 83' lang='grc' dir='ltr'>ὅτι</span> <span class='ocrx_word' id='word_1_755' title='bbox 3699 4861 3768 4913; x_wconf 74' lang='grc' dir='ltr'>τὸ</span> 
     </span>
    </p>
   </div>
   <div class='ocr_carea' id='block_1_103' title="bbox 2172 4938 3768 5022">
    <p class='ocr_par' dir='ltr' id='par_1_103' title="bbox 2172 4938 3768 5022">
     <span class='ocr_line' id='line_1_103' title="bbox 2172 4938 3768 5022; baseline 0.007 -29"><span class='ocrx_word' id='word_1_756' title='bbox 2172 4938 2505 5010; x_wconf 87' lang='grc' dir='ltr'>προκόπτειν</span> <span class='ocrx_word' id='word_1_757' title='bbox 2560 4941 2617 4995; x_wconf 80' lang='grc' dir='ltr'>ἐν</span> <span class='ocrx_word' id='word_1_758' title='bbox 2674 4942 2884 5014; x_wconf 73' lang='grc' dir='ltr'>ήλικίᾳ,</span> <span class='ocrx_word' id='word_1_759' title='bbox 2933 4945 3028 4998; x_wconf 78' lang='grc' dir='ltr'>καὶ</span> <span class='ocrx_word' id='word_1_760' title='bbox 3075 4946 3257 5018; x_wconf 78' lang='grc' dir='ltr'>σοφίᾳ,</span> <span class='ocrx_word' id='word_1_761' title='bbox 3310 4948 3406 5001; x_wconf 75' lang='grc' dir='ltr'>καὶ</span> <span class='ocrx_word' id='word_1_762' title='bbox 3461 4950 3646 5021; x_wconf 88' lang='grc' dir='ltr'>χάριτι</span> <span class='ocrx_word' id='word_1_763' title='bbox 3681 4951 3768 5022; x_wconf 80' lang='grc' dir='ltr'>τῷ</span> 
     </span>
    </p>
   </div>
   <div class='ocr_carea' id='block_1_104' title="bbox 2172 5027 3768 5107">
    <p class='ocr_par' dir='ltr' id='par_1_104' title="bbox 2172 5027 3768 5107">
     <span class='ocr_line' id='line_1_104' title="bbox 2172 5027 3768 5107; baseline 0.008 -26"><span class='ocrx_word' id='word_1_764' title='bbox 2172 5027 2444 5099; x_wconf 82' lang='grc' dir='ltr'>ἀνθρώπῳ</span> <span class='ocrx_word' id='word_1_765' title='bbox 2461 5030 2817 5103; x_wconf 69' lang='grc' dir='ltr'>προσάψομεν</span> <span class='ocrx_word' id='word_1_766' title='bbox 2840 5050 2853 5063; x_wconf 68' lang='grc'><strong>⁸</strong></span> <span class='ocrx_word' id='word_1_767' title='bbox 2876 5033 3050 5099; x_wconf 70' lang='grc' dir='ltr'>(Ἀλλ’</span> <span class='ocrx_word' id='word_1_768' title='bbox 3066 5036 3116 5088; x_wconf 84' lang='grc' dir='ltr'><strong>εί</strong></span> <span class='ocrx_word' id='word_1_769' title='bbox 3132 5036 3226 5090; x_wconf 79' lang='grc' dir='ltr'>καὶ</span> <span class='ocrx_word' id='word_1_770' title='bbox 3252 5037 3496 5107; x_wconf 87' lang='grc' dir='ltr'>ἀρνεῖται</span> <span class='ocrx_word' id='word_1_771' title='bbox 3525 5037 3768 5093; x_wconf 76' lang='grc' dir='ltr'>ἐνταῦθα</span> 
     </span>
    </p>
   </div>
   <div class='ocr_carea' id='block_1_105' title="bbox 2168 5120 3768 5201">
    <p class='ocr_par' dir='ltr' id='par_1_105' title="bbox 2168 5120 3768 5201">
     <span class='ocr_line' id='line_1_105' title="bbox 2168 5120 3768 5201; baseline 0.006 -28"><span class='ocrx_word' id='word_1_772' title='bbox 2168 5120 2269 5191; x_wconf 82' lang='grc' dir='ltr'>τὴν</span> <span class='ocrx_word' id='word_1_773' title='bbox 2289 5123 2387 5191; x_wconf 80' lang='grc' dir='ltr'>τῆς</span> <span class='ocrx_word' id='word_1_774' title='bbox 2415 5121 2640 5192; x_wconf 75' lang='grc' dir='ltr'>Γραφῆς</span> <span class='ocrx_word' id='word_1_775' title='bbox 2664 5124 2975 5196; x_wconf 88' lang='grc' dir='ltr'>μαρτυρίαν</span> <span class='ocrx_word' id='word_1_776' title='bbox 2998 5124 3357 5183; x_wconf 85' lang='grc' dir='ltr'>διδάσκουσαν</span> <span class='ocrx_word' id='word_1_777' title='bbox 3386 5130 3469 5183; x_wconf 82' lang='grc' dir='ltr'>ὅτι</span> <span class='ocrx_word' id='word_1_778' title='bbox 3501 5131 3641 5185; x_wconf 88' lang='grc' dir='ltr'><strong>κατά</strong></span> <span class='ocrx_word' id='word_1_779' title='bbox 3664 5140 3768 5201; x_wconf 75' lang='grc' dir='ltr'>τὴν</span> 
     </span>
    </p>
   </div>
   <div class='ocr_carea' id='block_1_106' title="bbox 2169 5211 3768 5299">
    <p class='ocr_par' dir='ltr' id='par_1_106' title="bbox 2169 5211 3768 5299">
     <span class='ocr_line' id='line_1_106' title="bbox 2169 5211 3768 5299; baseline 0.008 -36"><span class='ocrx_word' id='word_1_780' title='bbox 2169 5214 2267 5283; x_wconf 85' lang='grc' dir='ltr'>τῆς</span> <span class='ocrx_word' id='word_1_781' title='bbox 2301 5211 2635 5283; x_wconf 77' lang='grc' dir='ltr'>φαινομένης</span> <span class='ocrx_word' id='word_1_782' title='bbox 2683 5215 2886 5285; x_wconf 77' lang='grc' dir='ltr'>σαρκὸς</span> <span class='ocrx_word' id='word_1_783' title='bbox 2927 5216 3089 5299; x_wconf 84' lang='grc' dir='ltr'>φύσιν</span> <span class='ocrx_word' id='word_1_784' title='bbox 3138 5219 3234 5274; x_wconf 87' lang='grc' dir='ltr'><strong>τοῦ</strong></span> <span class='ocrx_word' id='word_1_785' title='bbox 3282 5218 3501 5294; x_wconf 81' lang='grc' dir='ltr'>Κυρίου</span> <span class='ocrx_word' id='word_1_786' title='bbox 3547 5221 3617 5275; x_wconf 87' lang='grc' dir='ltr'><strong>τά</strong></span> <span class='ocrx_word' id='word_1_787' title='bbox 3659 5224 3768 5292; x_wconf 77' lang='grc' dir='ltr'>τῆς</span> 
     </span>
    </p>
   </div>
   <div class='ocr_carea' id='block_1_107' title="bbox 2170 5301 3767 5383">
    <p class='ocr_par' dir='ltr' id='par_1_107' title="bbox 2170 5301 3767 5383">
     <span class='ocr_line' id='line_1_107' title="bbox 2170 5301 3767 5383; baseline 0.007 -28"><span class='ocrx_word' id='word_1_788' title='bbox 2170 5301 2457 5374; x_wconf 82' lang='grc' dir='ltr'>προκοπῆς</span> <span class='ocrx_word' id='word_1_789' title='bbox 2504 5305 2716 5373; x_wconf 77' lang='grc' dir='ltr'>ἐγίνετο</span> <span class='ocrx_word' id='word_1_790' title='bbox 2776 5308 2826 5371; x_wconf 77' lang='grc' dir='ltr'>ιι,</span> <span class='ocrx_word' id='word_1_791' title='bbox 2881 5308 3000 5363; x_wconf 78' lang='grc' dir='ltr'>ἀλλ’</span> <span class='ocrx_word' id='word_1_792' title='bbox 3029 5311 3090 5363; x_wconf 86' lang='grc' dir='ltr'>οὐ</span> <span class='ocrx_word' id='word_1_793' title='bbox 3126 5311 3319 5383; x_wconf 74' lang='grc' dir='ltr'>καιρὸς</span> <span class='ocrx_word' id='word_1_794' title='bbox 3355 5311 3450 5368; x_wconf 88' lang='grc' dir='ltr'><strong>νῦν</strong></span> <span class='ocrx_word' id='word_1_795' title='bbox 3478 5310 3639 5368; x_wconf 86' lang='grc' dir='ltr'>τοῦτο</span> <span class='ocrx_word' id='word_1_796' title='bbox 3684 5310 3767 5366; x_wconf 80' lang='grc' dir='ltr'>δι-</span> 
     </span>
    </p>
   </div>
   <div class='ocr_carea' id='block_1_108' title="bbox 1550 5615 2728 5689">
    <p class='ocr_par' dir='ltr' id='par_1_108' title="bbox 1550 5615 2728 5689">
     <span class='ocr_line' id='line_1_108' title="bbox 1550 5615 2728 5689; baseline 0.002 -19"><span class='ocrx_word' id='word_1_797' title='bbox 1550 5616 1718 5673; x_wconf 77' lang='lat' dir='ltr'><strong>Varia:</strong></span> <span class='ocrx_word' id='word_1_798' title='bbox 1752 5618 2010 5674; x_wconf 79' lang='lat' dir='ltr'><strong>lectiones</strong></span> <span class='ocrx_word' id='word_1_799' title='bbox 2038 5633 2102 5675; x_wconf 82' lang='lat' dir='ltr'><strong>ex</strong></span> <span class='ocrx_word' id='word_1_800' title='bbox 2133 5617 2319 5674; x_wconf 86' lang='lat' dir='ltr'><strong>codice</strong></span> <span class='ocrx_word' id='word_1_801' title='bbox 2350 5615 2728 5689; x_wconf 72' lang='lat' dir='ltr'><strong>Seguieriano.</strong></span> 
     </span>
    </p>
   </div>
   <div class='ocr_carea' id='block_1_109' title="bbox 561 5771 1267 5844">
    <p class='ocr_par' dir='ltr' id='par_1_109' title="bbox 561 5771 1267 5844">
     <span class='ocr_line' id='line_1_109' title="bbox 561 5771 1267 5844; baseline -0.008 -14"><span class='ocrx_word' id='word_1_802' title='bbox 561 5782 585 5819; x_wconf 71' lang='grc' dir='ltr'><strong>Β</strong></span> <span class='ocrx_word' id='word_1_803' title='bbox 612 5773 909 5844; x_wconf 75' lang='grc' dir='ltr'>ἱσόφρονες.</span> <span class='ocrx_word' id='word_1_804' title='bbox 981 5772 1008 5812; x_wconf 70' lang='lat' dir='ltr'><strong>h</strong></span> <span class='ocrx_word' id='word_1_805' title='bbox 1034 5771 1267 5843; x_wconf 70' lang='grc' dir='ltr'>ἐγένετο.</span> 
     </span>
    </p>
   </div>
  </div>
