4080 6422
295 433 418 490 535

922 429 1450 492 APOLOGETlCUS
1485 433 1622 491 PRO
1659 431 1752 487 XII
1791 429 2155 491 CAPITIBUS
2189 436 2469 495 CONTRA
2508 436 2969 493 ()lilENTALES.

3472 443 3575 496 534

293 552 580 622 ελένχειν,
600 549 983 621 ἐπειγομένοις
1009 553 1100 604 ἐπὶ
1118 553 1177 605 τὸ
1194 553 1554 624 προκείμενον
1576 553 1892 623 κεφάλαιονο

2024 555 2193 617 :uendi
2221 557 2344 624 hoc,
2383 558 2767 614 festinantibus
2811 561 2876 612 ad
2898 559 3230 629 propositum
3259 559 3569 628 capitulum.

291 641 403 696 τοῦ
437 643 553 712 γὰρ
586 641 763 708 δεῖξαι
800 641 896 695 δύο
936 644 1262 706 ὑποστάσεις
1307 645 1470 697 αὑτὸν
1509 643 1756 712 λέγοντα,
1806 643 1902 696 καὶ

293 734 494 805 ἑαυτῷ
522 733 964 804 ἐναντιούμενον,
999 736 1397 806 παρεθήκαμεν
1445 724 1514 790 τᾶ
1554 736 1723 790 πάλαι
1753 735 1903 806 αὐτῷ

295 826 604 897 εἰρημένα.
648 825 737 888 Ὠς
763 825 820 878 δὲ
860 827 875 865 ί
912 829 1224 898 προσώποις
1251 826 1486 896 δυσὶν,ἢ
1520 827 1901 893 ὑποστάσεσιν,

303 924 346 993 ἦ
378 923 516 985 υἱοῖς
544 921 669 974 δυσὶ
713 920 1058 992 διαιροῦντας
1088 922 1186 994 τὴν
1215 923 1431 989 ἕνωσιν,
1461 925 1630 995 ἤγουν
1670 924 1760 978 τὸν
1809 923 1904 977 ἕνα

313 1018 463 1081 Τίὸν,
497 1015 604 1080 τὰς
634 1015 821 1085 φωνὰς
849 1016 1182 1086 ἐφαρμόζειν
1201 1018 1264 1070 οὐ
1288 1016 1393 1071 δεῖὶ
1431 1035 1446 1049 ·
1477 1017 1780 1089 ἀδιαίρετος
1798 1018 1906 1089 γὰρ

309 1109 406 1163 καὶ
450 1106 770 1178 ἀχώριστος
819 1108 852 1177 ἡ
899 1107 1043 1178 ἄκρα
1085 1109 1308 1172 ἓνωσις·
1364 1109 1459 1163 καὶ
1507 1111 1535 1163 ὁ
1584 1103 1661 1173 εἷς
1710 1110 1840 1172 Υἱὸς
1877 1111 1904 1150 ¹ι

309 1202 448 1255 κατὰ
477 1201 668 1252 πάντα
700 1201 794 1253 καὶ
820 1199 998 1268 λόγον,
1041 1200 1136 1254 καὶ
1161 1201 1380 1270 τρόπον,
1405 1203 1498 1255 καὶ
1531 1201 1738 1256 ἔννοιάν
1768 1204 1904 1257 ἐστι.

308 1295 416 1355 Τῆς
443 1294 505 1346 δὲ
534 1293 718 1363 ἄκρας
757 1291 1003 1355 ἐνὼσεως
1049 1292 1477 1365 φυλαττομένης,
1527 1295 1617 1349 καὶ
1665 1295 1756 1348 τοῦ
1793 1297 1909 1360 ἐνὸς

309 1383 436 1437 Υεοῦ
489 1382 536 1447 1,
592 1383 690 1436 καὶ
730 1381 992 1453 Χριστοῦ,
1051 1384 1147 1436 καὶ
1198 1385 1402 1455 Κυρίου
1453 1385 1907 1458 ὁμολογουμένου,

301 1478 434 1547 περὶ
464 1476 564 1528 τὸν
593 1476 696 1528 ’ἐνα
755 1477 847 1529 καὶ
882 1475 973 1528 τὸν
1000 1475 1161 1528 αὐτὸν
1191 1476 1318 1530 Υὶὸν
1343 1477 1781 1547 ἐπιλαμϐάνεσθαι
1805 1480 1909 1551 χρὴ

302 1571 370 1622 τὰ
428 1569 736 1638 λεγόμενα.
817 1567 975 1620 Κατὰ
1035 1568 1220 1637 μέντοι
1277 1567 1376 1640 τὴν
1444 1569 1554 1623 τῶν
1607 1571 1910 1624 ἑνωθεισῶν

309 1662 530 1728 φύσεων
571 1658 810 1728 δύναμιν
840 1658 1253 1728 ἐφαρμόςεσθαι
1295 1660 1495 1731 πρέπει
1543 1659 1620 1731 τῷ
1667 1662 1746 1714 ἐνὶ
1799 1661 1912 1731 Υἱῷ

316 1754 374 1806 τὰ
400 1752 734 1821 λεγόμενα.)
761 1750 833 1803 Τὸ
864 1750 922 1804 δὲ
965 1751 1038 1821 μὴ
1069 1752 1217 1821 ἐρεῖν
1247 1761 1286 1788 ω
1316 1753 1414 1816 τὰς
1445 1754 1500 1806 ἐν
1530 1758 1641 1817 τοῖς
1662 1755 1911 1823 Εὐαγγέ-

321 1843 443 1907 λίοις
473 1841 694 1912 φωνὰς,
728 1843 762 1912 ἦ
791 1842 890 1905 τὰς
924 1844 1054 1912 παρ’
1084 1842 1248 1895 αὑτοῦ
1277 1842 1370 1895 τοῦ
1404 1845 1607 1914 Κυρίου
1638 1846 1765 1916 περὶ
1789 1847 1915 1898 ἐαυ-

319 1935 402 1988 τοῦ
431 1933 762 2005 εἰρημένας,
789 1934 822 2004 ἦ
851 1933 951 1996 τὰς
994 1937 1052 1986 ἐν
1081 1935 1192 1996 τοῖς
1220 1934 1598 1999 ἁποστολικοῖς
1628 1937 1910 2006 συγγράμ-

325 2045 451 2098 μασι
510 2028 800 2096 κειμένας,
851 2026 1012 2080 ποίαν
1059 2026 1366 2098 ὑπερϐολὴν
1417 2027 1768 2099 βλασφημίας
1812 2031 1911 2100 οὐχ

325 2119 646 2189 ὑπεραίρει;
697 2119 762 2170 El
789 2117 899 2188 γὰρ
940 2117 1016 2188 μὴ
1055 2118 1374 2191 διαιροῦμεν
1408 2120 1507 2184 τὰς
1556 2122 1758 2191 φωνὰς,
1795 2123 1912 2186 πῶς

336 2214 398 2265 ἃν
428 2211 845 2282 ἁντιθλέψαιμεν
873 2213 988 2275 τοῖς
1016 2213 1282 2282 Εὑνομίου
1332 2215 1427 2267 καὶ
1460 2213 1698 2284 Ἀρείου,
1737 2216 1914 2270 πάντα

340 2303 413 2366 ὼς
468 2303 549 2364 εἰς
592 2303 705 2370 μίαν
756 2302 920 2369 φύσιν
965 2303 1237 2372 εἰρημένα
1279 2303 1648 2376 συμφύρουσι,
1699 2307 1793 2359 καὶ
1845 2307 1916 2362 τὰ

340 2395 565 2447 ταπεινὰ
604 2395 696 2464 τῆς
738 2394 1166 2465 ἁνθρωπότητος
1209 2398 1289 2460 εἰς
1317 2397 1416 2468 τὴν
1447 2397 1789 2469 ὑψηλοτάτην
1816 2399 1915 2469 τῆς

328 2488 604 2556 ἀκηράτου
668 2485 941 2557 Θεότητος
976 2487 1139 2556 φύσιν
1190 2488 1526 2560 βλασφήμως
1581 2490 1914 2560 ὰνάγουσιν;

324 2582 390 2633 Ἦ
418 2582 538 2641 πῶς
563 2581 835 2650 νοήσομεν
863 2580 958 2642 τὰς
991 2579 1083 2632 τοῦ
1118 2581 1324 2650 Κυρίου
1357 2581 1562 2650 φωνὰς,
1585 2582 1672 2636 διὰ
1693 2582 1790 2654 τὴν
1818 2585 1917 2652 τῆς

315 2669 661 2739 φαινομένης
705 2670 909 2740 σαρκὸς
944 2669 1106 2738 φύσιν
1152 2671 1426 2734 εἰπόντος·
1470 2690 1488 2722 ι
1517 2673 1631 2725 Οὐκ
1667 2667 1828 2742 ἦλθον
1857 2675 1920 2726 τὸ

312 2762 447 2832 ἐμὸν
482 2762 706 2833 θέλημα
725 2762 954 2832 ποιῆσαι
982 2777 997 2828 ;
1023 2780 1042 2813 ι
1073 2761 1168 2816 καὶ
1201 2763 1262 2815 τὸ
1282 2803 1296 2828 ,
1331 2782 1348 2812 ι
1377 2763 1626 2835 Ἐντολὴν
1650 2765 1844 2819 ἔλαϐον
1867 2767 1920 2820 τί

310 2855 475 2919 εἴπω,
506 2853 607 2907 καὶ
651 2852 704 2906 τί
737 2853 998 2924 λαλήσω;
1037 2872 1054 2906 ι
1093 2855 1188 2908 καὶ
1215 2853 1276 2907 τὸ
1301 2895 1316 2919 ,
1356 2874 1376 2907 ι
1421 2854 1564 2924 Ἐγὼ
1604 2857 1699 2909 ἀπ’
1747 2860 1919 2929 ἐμαυ-

306 2947 407 3001 τοῦ
459 2947 623 3000 οὐδὲν
673 2947 845 3013 ποιῶ;
879 2967 898 3000 ι
950 2947 1045 3001 καὶ
1079 2948 1177 3012 τὸ,
1237 2949 1595 3019 «Πορεύομαι
1646 2950 1784 3022 πρὸς
1829 2951 1923 3004 τὸν

304 3038 544 3107 Πατέρα
573 3055 702 3109 μου,
735 3039 829 3091 καὶ
873 3038 1095 3110 Πατέρα
1133 3038 1308 3109 ὑμῶν,
1345 3040 1441 3094 καὶ
1489 3040 1622 3094 Θεόν
1657 3059 1781 3112 μου,
1825 3045 1922 3096 καὶ

2002 643 2160 710 Nam,
2192 651 2680 704 utostenderenius
2713 665 2836 703 cum
2866 650 3047 703 dicere
3081 651 3212 704 duas
3234 651 3578 722 hypostases,

2003 745 2056 791 et
2090 737 2189 793 sibi
2226 740 2328 810 ipsi
2357 755 2479 796 esse
2524 743 2882 802 contrarium,
2933 741 3280 809 apposuimus
3325 756 3411 807 ea,
3463 756 3584 810 quae

2006 830 2132 884 olim
2165 831 2234 886 ab
2266 834 2383 902 ipso
2411 835 2552 890 dicta
2588 845 2738 890 sunt.
2772 832 3057 903 Tanquam
3083 849 3210 888 vero
3232 834 3439 888 duabus
3462 848 3582 902 per-

2006 921 2173 988 sonis,
2210 922 2298 977 vel
2332 924 2542 979 duabus
2573 923 2914 988 substantiis,
2953 923 3034 978 vel
3082 924 3288 978 duobus
3329 925 3474 990 liliis,
3507 925 3586 977 di—

2007 1013 2236 1069 videndo
2287 1015 2612 1083 unitionem,
2645 1017 2749 1072 hoc
2810 1024 2892 1070 est
2951 1021 3118 1068 unum
3147 1014 3365 1076 Filium,
3426 1030 3587 1070 voces

2008 1113 2192 1171 aptare
2221 1119 2326 1160 non
2363 1116 2580 1176 oportet
2620 1122 2635 1161 :
2672 1107 3019 1161 indivisibilis
3047 1107 3191 1159 enim
3227 1115 3280 1158 et
3311 1107 3590 1175 insepara-

2008 1195 2131 1250 bilis
2163 1207 2246 1252 est
2276 1213 2482 1252 summa
2513 1199 2720 1263 uuitio;
2749 1210 2802 1253 et
2827 1213 2967 1253 unus
2997 1197 3168 1251 Filius
3201 1198 3452 1250 omnibus
3480 1212 3591 1250 iuo-

2010 1287 2094 1342 dis
2121 1303 2176 1343 et
2201 1289 2498 1346 rationibus
2525 1301 2580 1344 et
2615 1292 3036 1362 cogitationibus
3062 1299 3142 1345 est
3194 1308 3206 1343 :
3241 1291 3334 1346 sed
3380 1304 3589 1344 summa

2011 1381 2252 1438 unitione
2281 1391 2587 1450 servata,et
2607 1384 2915 1439 confitendo
2939 1400 3102 1437 unum
3121 1383 3313 1437 Filium
3354 1391 3403 1438 et
3433 1382 3593 1436 Chri-

2012 1482 2152 1527 stum
2175 1483 2228 1529 et
2253 1474 2561 1537 Dominum,
2587 1475 2654 1530 de
2679 1491 2786 1530 uno
2811 1485 2865 1530 et
2889 1477 3077 1529 eodem
3114 1473 3253 1528 Filio
3279 1473 3592 1543 accipienda

2013 1577 2140 1619 sunt
2179 1582 2298 1637 qum
2333 1568 2587 1622 dicuntur
2620 1585 2633 1622 :
2669 1577 2911 1622 attamen
2945 1568 3096 1637 juxta
3132 1567 3390 1620 virtutem
3439 1577 3595 1620 natu-

2014 1671 2196 1711 rarum
2237 1658 2511 1713 nuitarum
2559 1659 2818 1732 adaptare
2855 1659 3110 1714 convenit
3153 1659 3246 1712 uni
3295 1657 3432 1712 Filio
3477 1673 3596 1726 quae

2015 1750 2328 1821 dicuntur.)
2360 1751 2632 1806 Caeterum
2666 1768 2770 1807 non
2805 1767 3062 1820 separare
3123 1765 3286 1806 voces
3322 1766 3441 1820 quae
3472 1761 3598 1805 sunt

2017 1839 2069 1892 iu
2107 1839 2436 1909 Evangeliis,
2467 1857 2601 1910 quas
2637 1842 2718 1896 vel
2760 1843 2874 1910 ipse
2900 1841 3160 1895 Dominus
3193 1843 3259 1895 de
3287 1855 3347 1895 se
3386 1840 3596 1895 locutus

2016 1938 2121 1995 est,
2168 1930 2251 1983 vel
2287 1931 2581 2000 apostolica
2614 1932 2814 2000 scripta
2862 1933 3084 1996 habent,
3126 1946 3286 2002 quam
3328 1932 3600 2002 hyperbo-

2018 2021 2103 2075 len
2133 2021 2480 2091 blasphemia!
2511 2039 2615 2078 non
2651 2024 3028 2079 transcendit?
3057 2022 3188 2077 Nam
3222 2025 3266 2079 si
3292 2039 3455 2079 voces
3490 2040 3596 2078 non

2019 2113 2419 2182 distinguimus,
2446 2117 2716 2186 quomodo
2743 2117 3218 2172 obsistemus‘Ario
3242 2126 3296 2170 et
3315 2107 3599 2184 Eunomio,

2020 2207 2200 2260 omnia
2233 2216 2488 2277 tauquam
2537 2209 2590 2263 in
2622 2226 2782 2262 uuam
2814 2219 3058 2262 naturam
3088 2212 3228 2264 dit-ta
3259 2211 3600 2265 confunden-

2023 2298 2189 2364 lilitls,
2222 2307 2277 2352 et
2309 2298 2530 2354 humilia
2564 2300 2921 2355 Iitlttiatiilalis
2951 2300 3006 2354 in
3042 2315 3309 2355 Stltliinam
3353 2303 3601 2355 incurru-

2023 2390 2229 2459 ptibilis
2263 2391 2482 2446 deitatis
2532 2402 2784 2446 naturam
2837 2392 3003 2460 impie.
3051 2393 3453 2449 referentibus?
3511 2394 3606 2450 Vel

2024 2482 2294 2549 quomodo
2331 2483 2694 2554 intelligemus
2741 2485 2952 2540 Domini
2985 2501 3168 2550 voces,
3195 2498 3417 2558 prepter
3450 2500 3610 2543 natu-

2026 2590 2141 2628 ram
2191 2575 2395 2642 carnis,
2458 2594 2578 2647 quae
2628 2578 2864 2645 videtur,
2917 2581 3144 2636 dicentis
3187 2601 3199 2635 :
3255 2601 3273 2634 ι
3317 2581 3433 2636 Non
3487 2585 3606 2638 veni

2026 2681 2200 2721 meam
2227 2670 2564 2723 voluntatem
2603 2670 2788 2726 facere
2821 2672 2898 2737 ⁶⁸;
2937 2691 2954 2724 ι
2990 2683 3039 2727 et
3075 2688 3089 2725 :
3128 2692 3146 2724 ι
3182 2672 3488 2728 Mandatum
3519 2692 3610 2729 ac-

2027 2760 2142 2827 cepi
2173 2760 2300 2824 qnid
2340 2761 2538 2824 dicam,
2569 2771 2624 2815 et
2673 2763 2804 2831 quid
2846 2763 3039 2833 loquar
3074 2766 3155 2832 ‘7;
3199 2785 3218 2818 ο
3249 2777 3340 2821 et:
3387 2787 3403 2820 ι
3441 2768 3549 2835 Ego
3580 2784 3609 2822 a

2028 2853 2233 2917 nieipso
2287 2853 2420 2906 nihil
2456 2853 2595 2907 facio
2619 2855 2696 2919 ⁸⁸;
2730 2874 2746 2906 ι
2773 2866 2825 2908 et
2851 2873 2864 2908 :
2895 2857 3076 2912 «Vado
3100 2859 3164 2912 ad
3193 2858 3404 2913 Patrem
3434 2876 3609 2916 meum

2028 2951 2084 2995 et
2113 2940 2332 2997 Patrem
2366 2955 2631 3008 vestrum,
2676 2957 2732 3001 et
2769 2947 2936 3000 Deum
2980 2964 3159 3003 memn
3205 2961 3259 3003 et
3308 2951 3476 3004 Deum
3522 2967 3614 3006 ve-

2030 3041 2200 3085 strum
2235 3034 2313 3101 ⁶⁹;
2348 3053 2366 3086 ι
2405 3043 2460 3089 et
2501 3049 2698 3090 caetera
2743 3052 3080 3108 quaecunque
3107 3041 3229 3094 talia
3276 3043 3444 3096 sunt?
3471 3043 3613 3098 Indi—

302 3129 450 3182 Θεδν
478 3129 673 3198 ὑμῶν·
708 3149 726 3182 ι
760 3129 854 3183 καὶ
884 3128 954 3182 τὰ
974 3129 1138 3183 λοιπὰ
1159 3131 1260 3183 ὅσα
1273 3131 1537 3197 τοιαῦτα;
1579 3132 1922 3204 Ἀδιαιρέτων

298 3222 425 3275 τῶν
461 3221 687 3290 φωνῶν,
718 3220 906 3294 ὥσπερ
929 3222 1023 3276 καὶ
1047 3222 1153 3275 τῶν
1180 3222 1416 3291 φύσεων,
1449 3225 1746 3293 μενουσῶν,
1772 3225 1923 3279 ἔσται

304 3314 445 3366 κατ’
483 3313 653 3365 αὑτὸν
723 3312 818 3366 τοῦ
884 3316 1206 3383 μονογενοῦς
1244 3315 1378 3368 Θεοῦ
1419 3314 1574 3382 θεὸς,
1617 3316 1645 3368 ό
1695 3317 1922 3387 Πατήρ·

302 3403 644 3474 λειτουργὸς
693 3403 749 3456 δέ
807 3406 902 3457 καὶ
960 3404 1205 3467 διάκονος
1247 3405 1356 3458 τῶν
1415 3406 1700 3476 πατρικῶν
1756 3425 1927 3478 προσ-

301 3496 649 3564 ταγμάτων,
668 3496 698 3548 ό
720 3495 848 3558 Υἱὸς
865 3495 1004 3549 κατὰ
1020 3496 1118 3566 τὴν
1136 3496 1366 3567 θεότητα
1384 3515 1396 3527 ο
1424 3497 1519 3551 καὶ
1541 3499 1590 3552 εί
1609 3498 1678 3552 τὰ
1699 3502 1930 3555 ταπεινὰ

303 3590 394 3647 εἰς
421 3586 529 3656 τὴν
560 3587 666 3657 τῆς
689 3584 942 3656 θεότητος
969 3586 1132 3656 φύσιν
1170 3587 1520 3658 ἐκλὰὗοιμεν,
1549 3587 1655 3642 τίνι
1693 3591 1784 3643 καὶ
1821 3590 1882 3643 τὸ
1911 3633 1925 3656 ,

315 3698 337 3729 c
364 3676 516 3745 Ἐγὼ
557 3678 657 3730 καὶ
690 3678 718 3730 ὁ
747 3679 937 3750 Πατὴρ
968 3679 1025 3732 ’έν
1059 3681 1247 3750 ἐσμεν,
1279 3699 1297 3730 ι
1332 3681 1680 3753 ἀρμόσομεν;
1723 3683 1818 3736 καὶ
1847 3683 1926 3749 τὸ,

310 3770 529 3840 ὁμοίως
589 3770 756 3822 αὑτὸν
814 3774 988 3825 ποιεῖν
1023 3771 1101 3842 τῷ
1132 3773 1342 3842 Πατρί;
1379 3773 1474 3827 καὶ
1519 3775 1580 3828 τὸ
1602 3815 1617 3840 ,
1676 3794 1693 3827 ι
1718 3777 1929 3848 ’Ὠσπερ

314 3863 430 3932 γὰρ
468 3863 498 3912 ὀ
543 3861 739 3932 Πατὴρ
766 3863 972 3931 ἐγείρει
1005 3865 1130 3924 τοὺς
1151 3867 1403 3935 νεκροὺς,
1439 3865 1582 3920 οὕτω
1613 3869 1707 3922 καὶ
1736 3872 1764 3922 ὁ
1802 3869 1929 3933 Υἱὸς

2032 3122 2160 3176 visis
2195 3124 2340 3176 enim
2389 3128 2632 3188 vocibus,
2677 3129 2817 3181 sicut
2866 3138 2918 3180 et
2975 3131 3188 3184 naturis
3244 3135 3611 3200 manentibus,

2031 3214 2136 3268 erit
2165 3216 2460 3270 secundum
2493 3217 2642 3271 illum
2672 3221 2935 3290 unigeniti
2978 3222 3070 3275 Dei
3109 3221 3250 3276 Deus
3293 3222 3474 3288 Pater,
3510 3227 3615 3279 mi-

2033 3307 2206 3360 nister
2229 3320 2406 3363 autem
2445 3320 2499 3364 et
2532 3296 2821 3367 exsecutor
2849 3323 3196 3382 paternorum
3235 3317 3611 3372 mandatorum

2031 3400 2200 3455 Filius
2229 3402 2524 3456 secundum
2557 3403 2915 3460 divinitatem.
2952 3405 3019 3460 Et
3057 3408 3101 3462 si
3145 3409 3368 3462 humilia
3407 3411 3457 3462 in
3497 3411 3614 3466 dei-

2035 3493 2163 3546 tatis
2209 3504 2458 3548 naturam
2507 3497 2900 3566 acceperimus,
2953 3497 3040 3552 cui
3085 3499 3388 3566 aptabimus
3433 3500 3611 3556 illud:

2039 3603 2056 3636 ‹
2087 3585 2198 3656 Ego
2226 3598 2280 3641 et
2305 3585 2468 3642 Pater
2499 3605 2664 3644 unum
2699 3605 2888 3644 sumus
2916 3590 3004 3644 7°?
3033 3609 3051 3643 ι
3081 3602 3137 3645 et
3169 3590 3319 3658 illud,
3365 3592 3616 3648 similiter

2031 3693 2094 3730 ac
2137 3677 2375 3745 Patrem,
2411 3682 2582 3750 ipsqu
2625 3682 2885 3751 operari?
2917 3692 2973 3738 et
3008 3683 3140 3739 illud
3175 3700 3189 3736 :
3229 3703 3248 3735 ι
3280 3683 3436 3738 Sicut
3472 3685 3616 3739 enim

2031 3768 2192 3824 Pater
2230 3774 2432 3825 excitat
2463 3785 2726 3842 mortuos,
2760 3777 2831 3830 ita
2875 3785 2927 3828 et
2976 3774 3144 3830 Filius
3175 3791 3312 3845 quos
3360 3776 3493 3841 vult,
3525 3787 3620 3831 iet

324 3951 414 4013 οὓς
464 3951 634 4015 θέλει,
702 3953 798 4004 καὶ
853 3952 951 4022 οὐχ
996 3951 1090 4018 οὓς
1120 3956 1542 4026 προστάσσεται,
1598 3959 1922 4028 ζωοποιεῖν

349 4044 477 4095 Ἀλλ’
508 4045 664 4098 ἔστιν
691 4045 867 4114 ὀρθῶς
897 4047 1041 4101 κατὰ
1069 4047 1164 4116 τὴν
1195 4049 1360 4102 αὑτοῦ
1385 4049 1481 4103 τοῦ
1509 4052 1716 4122 Κυρίου
1744 4053 1929 4125 φωνὴν

347 4133 542 4204 Πατὴρ,
573 4136 673 4189 καὶ
706 4136 859 4201 Θεὸς,
897 4139 926 4190 ὁ
959 4139 1177 4210 Πατήρ·
1214 4141 1346 4204 Θεὸς
1381 4141 1476 4211 μὲν
1506 4143 1599 4195 τοῦ
1631 4153 1655 4180 η
1689 4145 1746 4196 ἐν
1777 4145 1930 4198 ὑστέ-

343 4242 456 4294 ροις
494 4229 708 4298 καιροῖς
753 4228 818 4280 ἐκ
863 4228 1179 4299 σπέρματος
1214 4230 1379 4283 Δαυῖδ
1431 4233 1571 4301 μετὰ
1615 4234 1816 4303 σαρκὸς
1867 4242 1923 4298 ο,

339 4318 523 4388 Πατὴρ
555 4319 613 4372 δὲ
639 4317 739 4371 τοῦ
769 4319 827 4384 ἐξ
852 4319 1017 4372 αὑτοῦ
1042 4320 1270 4384 ἀπαθῶς
1296 4340 1356 4376 τε
1387 4324 1482 4376 καὶ
1508 4323 1693 4386 ἁῖδίως
1736 4343 1929 4396 γεννη-

332 4411 516 4476 θέντος
564 4413 706 4465 Θεοῦ
753 4412 953 4480 Λόγου,
995 4413 1093 4482 τῆς
1140 4415 1389 4484 υίότητος
1424 4415 1482 4469 ἐν
1528 4415 1606 4486 τῷ
1656 4419 1928 4489 μοναδικῷ

328 4504 486 4575 τύπῳ
532 4505 951 4574 φυλαττομένης
995 4523 1054 4557 τε
1087 4507 1180 4558 καὶ
1205 4506 1668 4578 ὀμολογουμένης.
1714 4509 1833 4573 Πῶς
1882 4510 1925 4562 δ’

2033 3878 2288 3930 nouquos
2314 3863 2387 3917 illi
2414 3867 2744 3935 prmcipitur,
2771 3884 2790 3918 ι
2811 3866 3104 3921 vivilicat“
3129 3867 3152 3920 ?
3180 3885 3199 3919 ι
3234 3867 3338 3921 Sed
3363 3877 3447 3922 est
3474 3879 3622 3922 recte

2032 3955 2324 4009 secundum
2360 3956 2528 4024 ipsius
2564 3957 2783 4012 Domini
2812 3974 3026 4022 vocem,
3059 3957 3220 4012 Pater
3253 3969 3307 4012 et
3334 3957 3477 4012 Deus
3506 3959 3621 4027 ipse

2031 4047 2210 4100 Pater.
2249 4047 2392 4102 Deus
2423 4047 2637 4117 quidem
2675 4049 2839 4113 illius,
2879 4048 3040 4120 169
3087 4049 3178 4118 qui
3215 4050 3267 4103 in
3308 4050 3620 4104 novissimis

2033 4141 2366 4208 temporibus
2395 4155 2461 4196 ex
2494 4142 2700 4196 semine
2730 4141 2897 4197 David
2923 4145 3134 4198 exstitit
3175 4147 3473 4198 secundum
3497 4158 3620 4199 car-

2031 4247 2153 4286 nem
2198 4230 2404 4285 :Pater
2443 4243 2624 4287 autem
2668 4233 2807 4303 ejus,
2851 4236 2942 4302 qui
2975 4251 3042 4289 ex
3093 4235 3212 4304 ipso
3257 4236 3461 4305 absque
3495 4251 3620 4304 pas-

2030 4324 2184 4376 sione
2215 4333 2267 4376 et
2299 4333 2503 4378 :eternc
2537 4336 2693 4378 natus
2716 4337 2818 4391 est,
2847 4326 2938 4380 Dei
2971 4326 3136 4380 Verbi
3164 4345 3177 4381 :
3212 4339 3271 4380 ut
3305 4327 3617 4381 liliatiouem

2031 4413 2171 4466 intra
2197 4415 2419 4469 unitatis
2442 4417 2816 4486 praescriptum
2842 4432 3118 4472 servemus
3159 4427 3213 4472 et
3237 4418 3616 4476 conﬁteamnr.

2031 4507 2312 4571 Quomodo
2356 4517 2536 4559 autem
2573 4508 2941 4576 intelligemus
2967 4509 3096 4561 illud
3129 4525 3142 4560 :
3179 4527 3197 4558 ι
3228 4508 3424 4571 Anien,
3457 4526 3615 4564 amen

327 4597 392 4649 ἂν
443 4606 472 4644 P
507 4597 786 4666 νοήσομεν
821 4596 918 4660 τὸ,
977 4615 995 4647 ι
1021 4595 1191 4668 Ἀμὴν
1228 4597 1375 4667 ἀμὴν
1421 4595 1562 4665 λέγω
1600 4599 1751 4668 ὑμῖν,
1797 4601 1918 4670 arpi.»

2036 4597 2154 4647 dico
2176 4596 2352 4658 vobis,
2381 4597 2692 4664 priusquam
2725 4597 3002 4651 Abraham
3036 4597 3189 4652 ﬁeret
3222 4613 3322 4666 ego
3342 4599 3609 4654 5ι111ι⁷¹ῗι

323 4687 592 4758 Ἀϐρααμ
605 4685 862 4754 γενέσθαι
883 4685 992 4755 ἐγὼ
1014 4687 1156 4756 εἰμι;
1187 4706 1206 4739 ι
1230 4687 1326 4740 καὶ
1346 4687 1426 4753 τὸ,
1449 4706 1467 4739 ι
1492 4688 1674 4742 Πάντα
1686 4689 1928 4743 διἀὐτοῦ

325 4780 551 4847 ἐγένετο
576 4795 593 4844 ;
621 4797 639 4830 ι
693 4777 1040 4849 Ἀδιαιρέτων
1085 4778 1192 4831 τῶν
1233 4778 1426 4847 φωνῶν
1463 4780 1774 4850 μενουσῶν,
1821 4778 1930 4853 ἆρα

326 4869 684 4939 περιάψομεν
716 4879 743 4918 τι
777 4867 874 4938 τὴν
907 4870 1092 4939 φωνὴν
1115 4871 1181 4938 τῇ
1209 4868 1388 4938 φύσει,
1422 4872 1486 4940 τῇ
1521 4871 1585 4923 ἐκ
1613 4873 1930 4942 σπέρματος

327 4961 493 5014 Δαυῖδ
559 4961 620 5014 ἐν
679 4960 926 5032 ὑστέροις
984 4964 1195 5031 καιροῖς
1242 4961 1534 5034 γενομένῃ,
1568 4962 1629 5015 τὸ
1681 4965 1787 5033 πρὸ
1834 4963 1929 5018 τοῦ

339 5054 603 5124 ’.Χΰραὰμ
657 5054 752 5108 καὶ
819 5053 983 5106 Δαυῒδ
1032 5047 1194 5120 εἶναι,
1246 5055 1339 5107 καὶ
1380 5056 1556 5109 πάντα
1596 5056 1662 5109 δι’
1701 5057 1872 5127 αὐτῆς
1910 5067 1933 5093 ι’

337 5149 590 5214 γενέσθαι
617 5164 631 5211 ;
662 5148 696 5218 ἦ
729 5149 978 5218 φήσομεν
1008 5147 1271 5213 εὐσεϐῶς,
1300 5147 1408 5201 τῶν
1441 5146 1656 5216 φύσεων
1686 5148 1930 5220 ἀσυγχύ-

331 5253 432 5291 εων
467 5251 488 5276 ³
529 5239 837 5307 μενουσῶν,
863 5240 959 5292 καὶ
985 5239 1086 5310 τῆς
1114 5239 1363 5305 ἑνώσεως
1394 5241 1699 5310 ἀδιαιρέτου
1738 5242 1932 5311 ὁμολοο

400 5418 449 5446 ⁵⁵
481 5416 638 5470 Ιολιι.
684 5432 755 5481 τι,
797 5415 886 5469 58.

965 5415 1010 5446 ⁸⁷
1056 5413 1213 5469 Joan.
1237 5432 1334 5482 xu,
1361 5415 1452 5470 49.

326 5486 372 5519 ¹²
402 5497 562 5539 λοιιιι.
603 5503 726 5551 vm,
759 5487 850 5539 58.

929 5486 976 5516 ⁷³
1004 5484 1162 5538 Joau.
1189 5502 1226 5548 I,
1255 5487 1310 5539 5.

1530 5416 1575 5447 ⁸⁸
1599 5415 1760 5470 Joan.
1795 5433 1914 5480 viii,
1949 5417 2042 5473 98.

2035 4696 2088 4739 et
2124 4687 2224 4740 hoc
2256 4703 2268 4738 :
2312 4703 2331 4736 ι
2371 4687 2566 4742 Omnia
2603 4704 2698 4757 per
2728 4690 2901 4757 ipsum
2948 4689 3087 4743 facta
3119 4702 3246 4744 sunt
3281 4691 3356 4755 7';
3389 4709 3408 4742 ο
3447 4691 3492 4744 si
3529 4691 3612 4746 in-

2036 4779 2285 4834 discreta:
2313 4791 2569 4835 maneant
2596 4796 2755 4836 voces
2776 4781 2799 4834 ‘I
2823 4781 2960 4835 Num
2986 4782 3294 4851 aptabimus
3324 4798 3485 4838 voces
3513 4784 3612 4840 has

2035 4878 2268 4934 naturae,
2293 4885 2412 4939 qua:
2433 4887 2497 4926 ex
2524 4872 2730 4928 semine
2759 4871 2926 4926 David
2952 4873 3261 4928 novissimis
3286 4876 3619 4946 temporibus

2039 4961 2177 5015 facta
2202 4971 2303 5029 est,
2338 4976 2530 5033 nempe
2554 4964 2697 5034 quod
2730 4966 2944 5020 sitantc
2969 4965 3240 5020 Abraham
3272 4976 3326 5022 et
3355 4967 3541 5031 David,
3568 4979 3621 5023 et

2037 5053 2218 5106 omnia
2245 5069 2342 5123 per
2365 5055 2534 5123 ipsam
2565 5056 2705 5110 facta
2731 5056 2884 5110 sint?
2909 5071 2976 5110 an
3009 5055 3250 5111 dicemus
3278 5058 3384 5126 pie,
3414 5058 3620 5111 naturis

2041 5146 2340 5202 inconfusis
2369 5149 2732 5213 manentibus,
2761 5157 2817 5202 et
2849 5149 3092 5202 unitione
3132 5148 3482 5217 iuseparabili
3529 5165 3622 5216 po-

2039 5241 2166 5303 sita,
2195 5241 2368 5309 aptari
2397 5241 2614 5310 quidem
2659 5243 2757 5296 has
2806 5256 2966 5296 voces
3013 5241 3308 5296 secundum
3347 5240 3618 5293 uuiiaruin

2121 5417 2165 5447 ⁸ο
2195 5417 2348 5470 Juan.
2385 5435 2474 5483 xx,
2507 5419 2591 5472 l7.
2669 5418 2715 5448 "°
2737 5416 2893 5473 Juan.
2926 5434 2979 5480 x,
3013 5418 3106 5472 '50.
3183 5416 3224 5447 ⁷¹
3259 5415 3489 5479 Joan.v.
3522 5419 3612 5473 2|.

1430 5638 1601 5693 Varia:
1637 5639 1896 5692 lectiones
1931 5655 1994 5690 ex
2027 5642 2213 5694 codice
2245 5642 2624 5710 Seguierlano.

414 5803 432 5845 ί
471 5802 590 5854 (ὧδέ
600 5844 612 5855 .

412 5882 440 5924 P
473 5874 640 5942 ἴσως,
677 5869 766 5926 αὖ.
848 5883 876 5922 (ι
903 5870 1286 5941 mpii-imum.
1371 5877 1390 5904 τ
1433 5868 1615 5922 αὑτοῦ.

699 5813 710 5850 ι
751 5801 848 5854 δεῖ.
901 5800 922 5837 ιί
962 5798 1128 5862 ἴσως,
1157 5799 1248 5850 καὶ
1282 5792 1362 5860 εἷς
1389 5799 1416 5849 ὁ
1448 5797 1594 5876 Υἱός..
1649 5794 1666 5835 ι
1704 5799 1795 5876 καὶ
1829 5797 2124 5876 ὲνόςιΐξοῦ.
2170 5816 2203 5836 ει
2233 5799 2476 5871 διαιρεῖν.
2552 5809 2580 5839 σι
2618 5802 2707 5870 τῆς
2733 5801 2894 5856 Δαυῖδ
2923 5805 3145 5874 σαρκός.
3193 5814 3216 5842 ’³
3250 5806 3390 5859 κατὰ
3424 5807 3615 5876 σάρκα.

1709 5874 1727 5899 ⁸
1753 5869 1958 5938 ais-avri
1971 5887 2091 5932 τως.
