4080 6466
476 409 581 464 535

1472 407 1533 464 S.
1574 403 1850 461 CYRILLI
1890 402 2366 458 ALEXANDRINI
2404 401 2726 460 AllCIIIEP.
3646 408 3714 461 δε

476 539 796 581 naturarum
845 526 949 582 vim
998 525 1176 597 (sicut
1229 527 1546 596 praedictum
1597 526 1733 596 cst).
1785 526 1837 579 in
1890 540 2052 580 unum

2160 523 2453 593 γουμένης,
2502 521 2600 584 τὰς
2632 521 2814 592 φωνὰς
2873 520 3284 594 ὲφαρμόζεσθαι
3330 520 3470 575 κατὰ
3513 520 3610 593 τὴν
3643 521 3756 577 τῶν

474 619 695 685 Filium,
728 627 781 674 et
818 617 1127 684 Dominum,
1152 629 1203 673 et
1231 619 1533 683 Christum,
1564 620 1658 674 sed
1684 634 1790 674 non
1817 618 1868 672 in
1894 633 2055 672 unam

474 722 723 765 naturam
743 713 925 766 omnia
959 714 1387 778 contrahentes;
1420 713 1490 766 ita
1521 721 1579 767 nt
1601 728 1670 767 ex
1701 726 1808 765 uno
1832 719 2056 766 natura—

474 819 592 856 rum
626 804 847 858 nmnine
874 815 1105 874 utraque
1134 805 1466 876 intelligatur
1495 813 1715 876 propter
1752 805 2060 874 incompre-

477 896 800 949 hensibilem
852 895 1116 949 unitionis
1162 895 1558 961 summitatem,
1605 893 2056 965 quemadmodum

473 997 527 1042 et
552 989 655 1041 hoc
689 1006 703 1041 :
747 1006 765 1039 ι
792 984 965 1041 Nemo
993 987 1239 1042 ascendit
1265 988 1317 1041 in
1342 986 1560 1053 caelum,
1581 987 1685 1041 nisi
1714 986 1802 1057 qui
1833 985 2057 1041 descen-

474 1080 552 1131 dit
578 1079 645 1133 de
672 1078 812 1132 cmlo
847 1077 1017 1132 Filius
1056 1078 1293 1132 hominis
1316 1077 1406 1147 qui
1444 1087 1526 1132 est
1558 1078 1608 1131 in
1640 1078 1778 1133 caelo
1802 1077 1879 1142 ἰς
1911 1095 1930 1129 ι
1963 1082 2052 1131 ct:

480 1188 500 1221 ι
530 1168 587 1222 Si
640 1168 804 1236 igitur
854 1168 1098 1222 videritis
1145 1167 1342 1222 Filium
1391 1168 1627 1222 hominis
1673 1169 2055 1224 ascendentem

391 1304 403 1314 .
474 1260 564 1315 ubi
597 1261 747 1330 prius
782 1259 1003 1327 erat";
1040 1278 1058 1310 ι
1096 1274 1276 1314 nonne
1315 1275 1381 1313 ex
1417 1259 1775 1330 appellatione
1808 1258 1926 1314 Filii
1959 1260 2058 1315 bo-

473 1354 635 1406 minis
661 1355 823 1407 etiam
851 1352 1022 1417 illum,
1049 1355 1140 1423 qui
1177 1353 1227 1407 ei
1260 1352 1548 1409 inconfuse
1584 1361 1638 1408 et
1674 1353 2057 1423 inseparabili-

472 1455 555 1500 ter
578 1445 762 1499 unitns
785 1453 868 1499 est
903 1444 1300 1515 intelligimus?
1336 1443 1466 1498 Nam
1497 1445 1746 1515 quamvis
1769 1456 1825 1498 et
1860 1444 2055 1499 Filium

473 1533 708 1587 hominis
756 1535 1057 1587 nominarit
1104 1542 1324 1603 pmpter
1370 1547 1667 1604 assumpta:
1723 1545 1777 1590 et
1827 1535 2057 1589 visibilis

476 1627 655 1680 rantis
682 1635 966 1691 naturam;
991 1632 1170 1679 tamen
1206 1640 1301 1694 per
1326 1640 1409 1689 ca,
1442 1640 1562 1696 qna:
1594 1628 1661 1680 ab
1688 1625 1802 1694 ipso
1833 1625 2053 1690 ﬂebant,

472 1717 642 1772 Deum
693 1717 928 1788 seipsunt
981 1717 1411 1772 demonstrabat.
1477 1718 1541 1772 Et
1573 1720 1811 1774 iterum:
1854 1717 2057 1775 «Iesus

471 1810 722 1865 Christus
756 1826 855 1880 per
895 1826 1055 1880 quem
1102 1810 1285 1864 omnia
1316 1811 1401 1875 ";
1435 1830 1453 1863 ι
1484 1822 1537 1865 et
1572 1812 1765 1866 iterum
1795 1829 1807 1866 :
1842 1831 1863 1864 ι
1897 1811 2057 1867 Jesus

2167 613 2470 667 ἑνωθεισῶν
2517 612 2728 682 φύσεων
2757 612 3008 684 δύναμιν,
3048 612 3125 676 ὡς
3156 613 3506 684 προείρηται,
3537 613 3618 677 είς
3655 614 3760 667 ἕνα

2170 707 2268 778 μὲν
2299 705 2389 759 τὸν
2420 706 2567 769 Υἱὸν,
2600 706 2692 758 καὶ
2724 704 2952 777 Κύριον,
2984 703 3081 758 καὶ
3109 703 3368 776 Χριστὸν,
3399 702 3513 757 ἀλλ’
3546 702 3646 756 οὐκ
3673 704 3762 765 είς

2169 799 2297 869 μίαν
2329 798 2489 867 φύσιν
2520 797 2589 850 τά
2624 797 2801 852 πάντα
2834 795 3216 868 συναιροῦντες
3239 810 3255 825 ⁶
3308 795 3385 859 ὼς
3415 794 3511 849 καὶ
3547 796 3607 859 ἐξ
3633 795 3764 857 ἑνὸς

2166 890 2275 944 τῶν
2308 892 2525 960 φύσεων
2564 890 2832 961 ὀνόματος
2876 888 3144 959 ἑκατέρας
3177 888 3416 942 νοεῖσθαι
3444 887 3531 941 διὰ
3562 887 3624 941 τὸ
3653 886 3767 955 τῆς

2166 982 2413 1045 ὲνώσεως
2445 984 2640 1055 ἄκρον,
2672 983 2766 1037 καὶ
2792 985 2925 1055 ἡμῖν
2952 981 3344 1052 ἀκατάληπτον
3366 997 3379 1011 ’
3413 980 3489 1044 ὥς
3529 997 3633 1033 που
3657 980 3769 1034 καὶ

2164 1078 2224 1129 τὸ
2248 1116 2263 1140 ,
2298 1094 2315 1126 ι
2347 1076 2536 1139 Οὐδεὶς
2567 1075 2909 1147 ἀναϐέϐηκεν
2930 1077 3022 1139 ,εἰς
3056 1074 3147 1128 τὸν
3179 1075 3427 1147 οὐρανὸν,
3462 1076 3513 1128 εἰ
3546 1074 3670 1144 μὴὸ
3692 1075 3769 1126 ἐκ

2165 1167 2258 1222 τοῦ
2293 1167 2525 1238 ούρανοῦ
2562 1167 2832 1232 καταϐὰς,
2867 1168 2897 1220 ὁ
2930 1167 3059 1230 Υἱὸς
3101 1165 3197 1220 τοῦ
3243 1166 3555 1236 ἀνθρώπου,
3604 1167 3634 1218 ὁ
3675 1163 3770 1216 ὢν

2165 1262 2221 1314 ὲν
2246 1259 2322 1331 τῷ
2348 1258 2563 1331 οὐρανῷ
2583 1274 2597 1289 ⁸
2633 1278 2653 1312 ι
2701 1259 2796 1313 καὶ
2825 1259 2918 1325 τὸ,
2973 1278 2991 1311 ι
3014 1259 3141 1312 Ἐὰν
3180 1254 3275 1312 οὖν
3305 1259 3451 1328 ἴδητε
3495 1258 3585 1311 τὸν
3627 1257 3773 1310 Υἱδν

2165 1352 2258 1406 τοῦ
2294 1351 2583 1424 ἀνθρώπου
2617 1351 3000 1417 ἀναϐαίνοντα,
3037 1353 3174 1407 ὅπου
3203 1347 3270 1422 ἦν
3309 1350 3371 1403 τὸ
3401 1351 3665 1421 πρότερον
3685 1367 3706 1382 ·
3739 1368 3763 1400 ι

2164 1447 2285 1515 οὐχὶ
2316 1447 2381 1499 ὲκ
2406 1446 2509 1516 τῆς
2536 1446 2910 1518 προσηγορίας
2938 1446 3031 1500 τοῦ
3064 1446 3195 1500 Υίοῦ
3224 1444 3317 1500 τοῦ
3347 1445 3634 1518 ἀνθρώπου
3660 1447 3772 1499 καὶ

2163 1537 2254 1591 τὸν
2289 1536 2439 1608 αὐτῷ
2474 1538 2804 1608 ἀσυγχύτως
2832 1555 2895 1592 τε
2927 1540 3044 1609 ἅμα
3074 1538 3168 1592 καὶ
3196 1538 3513 1609 ἀχωρίστως
3546 1555 3769 1609 συνημ-

2168 1630 2329 1701 μένον
2368 1630 2636 1702 νοοῦμεν;
2688 1631 2750 1683 Ei
2782 1630 2893 1702 γὰρ
2915 1630 3011 1684 καὶ
3038 1630 3166 1684 Υίὺν
3188 1629 3477 1701 ἀνθρώπου
3505 1628 3770 1700 ὠνόμαζε

2162 1719 2250 1774 διὰ
2274 1720 2373 1793 τὴν
2398 1719 2496 1790 τῆς
2532 1719 2986 1791 προσληφθείσης
3054 1721 3150 1774 καὶ
3180 1720 3517 1791 φαινομένης
3555 1719 3773 1790 σαρκὸς

2166 1811 2350 1882 φύσιν,
2374 1810 2509 1865 ἀλλὰ
2524 1810 2612 1864 διὰ
2633 1809 2785 1883 [τῶν]
2802 1810 2899 1864 καὶ
2921 1811 3052 1882 παρ’
3073 1811 3241 1865 αὑτοῦ
3262 1810 3603 1881 τελουμένων
3624 1810 3770 1863 Θεὸν

471 1901 723 1958 Christus
755 1903 869 1957 heri
892 1911 947 1957 et
974 1903 1154 1965 hodie,
1192 1903 1306 1973 ipse
1330 1915 1385 1958 ct
1422 1904 1473 1957 in
1499 1904 1779 1960 saecula".
1804 1923 1825 1957 ι
1858 1903 1914 1959 Si
1941 1905 2053 1960 heri

2166 1901 2356 1957 ἑαυτὸν
2402 1901 2753 1974 παρεδείκνυ.
2796 1902 2906 1957 Καὶ
2948 1904 3144 1958 πάλιν·
3193 1922 3211 1954 ι
3243 1902 3453 1973 Ἰησοῦς
3497 1903 3763 1975 Χριστὸς,

467 2004 523 2047 et
548 1994 731 2060 hodie,
760 1994 1035 2063 quomodo
1070 2007 1170 2062 per
1199 1994 1373 2063 ipsum
1403 1993 1627 2049 omnia?
1651 1994 1708 2050 Si
1751 2004 1933 2050 autem
1967 2010 2053 2066 pet

2162 1995 2231 2050 δι’
2257 1988 2318 2050 οὗ
2339 1993 2407 2048 τὰ
2437 1994 2638 2050 πάντα.
2666 2013 2685 2047 ι
2708 1995 2824 2048 Καὶ
2855 1994 3039 2052 πάλιν
3075 2015 3093 2048 ι
3138 1995 3342 2068 Ἰησοῦς
3369 1996 3602 2067 Χριστὸς
3628 1994 3761 2067 χθὲς

469 2087 643 2155 ipsum
677 2086 881 2151 omnia,
908 2085 1183 2156 quomodo
1230 2085 1342 2141 heri
1391 2096 1446 2142 et
1491 2086 1692 2143 hodie?
1720 2086 1825 2143 Sed
1850 2098 2061 2144 eertum

467 2192 552 2236 est
579 2189 634 2235 et
662 2181 803 2250 quod
831 2199 844 2234 :
873 2199 891 2234 ι
914 2180 1105 2236 Omnia
1135 2198 1231 2251 per
1258 2183 1433 2251 ipsum
1461 2183 1533 2251 ⁷⁸,
1565 2203 1583 2235 ι
1607 2192 1661 2238 et
1690 2185 1856 2254 quod,
1885 2205 1905 2238 ι
1932 2183 2060 2240 Heri

468 2284 523 2327 et
556 2273 737 2340 hodie,
769 2293 787 2325 ι
818 2274 920 2330 tlde
962 2274 1359 2344 recipiendum,
1389 2283 1443 2330 et
1482 2277 1585 2331 hoc
1625 2296 1639 2331 :
1675 2296 1694 2329 ι
1726 2275 1844 2347 Ipse
1873 2278 1926 2333 in
1955 2293 2060 2335 sat-

470 2365 585 2420 cula
605 2405 620 2430 ,
660 2384 678 2417 »
707 2380 915 2430 verum,
944 2366 989 2421 si
1022 2367 1320 2421 secundum
1347 2365 1710 2422 diderentiam
1744 2381 2059 2427 naturarum

471 2457 754 2512 inconfuse
781 2465 839 2512 et
887 2457 1326 2527 inseparabiliter
1383 2458 1657 2513 nnitarum
1700 2476 1857 2518 voces
1904 2475 2058 2534 apte-

471 2564 612 2615 mus,
691 2550 1076 2621 intclligentes,
1126 2551 1422 2605 secundum
1473 2550 1684 2606 visibile
1755 2557 1976 2624 quidem
2042 2578 2054 2613 :

474 2656 494 2689 ι
533 2637 658 2693 Heri
689 2649 743 2695 et
771 2641 960 2708 hodie;
994 2659 1011 2692 ι
1048 2642 1351 2697 secundum
1383 2656 1511 2697 vero
1542 2641 1877 2716 intelligibile
1904 2666 1918 2702 :
1951 2666 1970 2700 ι
2001 2648 2057 2704 ln

471 2731 703 2797 saecula;
758 2751 777 2784 ι
828 2733 1124 2788 secundum
1187 2745 1368 2790 antem
1427 2736 1705 2794 ﬁliatlonis
1770 2742 2055 2808 unitatem,

474 2839 497 2871 ι
537 2836 703 2875 umtm
730 2832 783 2877 et
811 2822 1088 2881 eumdem.
1120 2844 1140 2875 ι

1027 3131 1219 3202 Cyrilli
1244 3135 1502 3204 defensio.

2163 2088 2261 2143 καὶ
2292 2088 2535 2160 σήμερον
2567 2088 2597 2141 ό
2624 2087 2788 2152 αὐτὸς
2816 2088 2911 2143 καὶ
2945 2089 3027 2153 είς
3058 2089 3188 2152 τοὺς
3229 2087 3455 2153 αἰῶνας.
3485 2106 3504 2140 ι
3541 2088 3603 2141 Ei
3626 2086 3759 2158 χθὲς

2164 2180 2259 2234 καὶ
2289 2181 2553 2250 σήμερον,
2586 2177 2706 2242 πῶς
2728 2177 2795 2231 δι’
2814 2177 2980 2232 αὐτοῦ
3005 2177 3075 2232 τὰ
3094 2177 3303 2243 πάντα;
3333 2177 3398 2231 El
3420 2176 3476 2230 δὲ
3500 2175 3568 2229 δι’
3587 2173 3760 2229 αὐτοῦ

2160 2272 2231 2327 τὰ
2282 2271 2482 2335 πάντα,
2539 2269 2659 2334 πῶς
2705 2269 2832 2341 χθὲς
2878 2270 2975 2325 καὶ
3021 2271 3298 2343 σήμερονς
3341 2269 3502 2324 Ἀλλά
3532 2268 3628 2322 καὶ
3660 2268 3759 2333 τὸ,

2170 2381 2188 2413 ι
2217 2361 2403 2417 Πάντα
2449 2361 2517 2415 δι’
2569 2358 2761 2426 αὐτοῦ,
2792 2379 2810 2413 ι
2854 2360 3093 2432 ἀληθές*
3144 2360 3241 2415 καὶ
3287 2362 3370 2427 τὸ,
3408 2381 3429 2414 ι
3460 2360 3623 2427 Χθὲς,
3663 2360 3767 2414 καὶ

2164 2456 2425 2526 σήμερον,
2447 2473 2465 2505 ι
2494 2452 2708 2507 πιστόνο
2734 2452 2829 2506 καὶ
2844 2451 2927 2519 τὸ,
2955 2471 2974 2504 ι
2997 2452 3057 2506 '0
3073 2453 3237 2518 αὐτὸς
3257 2455 3337 2518 είς
3353 2453 3479 2517 τοὺς
3494 2453 3716 2516 αἰῶνας,
3730 2470 3753 2504 ι

2161 2544 2417 2615 ἀληθινόν
2435 2559 2452 2577 ·
2485 2544 2595 2598 ἐὰν·
2614 2543 2756 2598 κατὰ
2785 2542 2848 2597 τὺ
2876 2542 2989 2597 τῶν
3017 2543 3324 2599 ὲνωθεισῶν
3353 2544 3675 2615 ἀσυγχύτως
3691 2561 3747 2597 τε

2161 2635 2255 2688 καὶ
2286 2632 2609 2705 ἀχωρίστως
2640 2632 2859 2701 φύσεων
2887 2632 3145 2706 διάφορον
3172 2635 3271 2699 τάς
3298 2635 3483 2705 φωνὰς
3511 2634 3755 2706 ἐφαρμό-

2161 2724 2366 2795 ζωμεν,
2410 2723 2658 2789 νοοῦντες
2693 2724 2838 2779 κατά
2898 2724 2998 2796 μὲν
3030 2725 3092 2779 τὸ
3157 2726 3506 2798 φαινόμενον,
3543 2746 3562 2779 ι
3612 2726 3758 2791 Χθὲς

2161 2814 2255 2867 καὶ
2299 2815 2573 2888 σήμερον·
2603 2833 2622 2867 ι
2670 2815 2813 2869 κατά
2869 2814 2926 2869 δὲ
2983 2816 3045 2869 τὸ
3088 2815 3400 2887 νοούμενον,
3450 2837 3469 2870 ι
3508 2816 3603 2883 El;
3629 2819 3761 2881 τοὺς

2160 2901 2395 2967 αἰῶνας·
2427 2923 2445 2955 ι
2478 2903 2623 2957 κατὰ
2646 2902 2782 2958 δὲτὸ
2824 2903 2925 2975 τῆς
2951 2903 3201 2976 υίότητος
3236 2904 3542 2976 μοναδικὸν,
3577 2924 3595 2956 ι
3619 2904 3761 2958 Ἕνα

2160 2997 2254 3047 καὶ
2284 2997 2372 3049 τὸν
2402 2996 2581 3050 αὐτόν.
2597 3016 2615 3048 ι

2623 3133 2951 3201 Ἀπολογία
2993 3134 3318 3199 Κυρίλλου.

536 3243 612 3299 θυι
638 3255 882 3314 apparet,
912 3247 995 3300 his
1020 3247 1114 3315 qui
1150 3252 1638 3307 anathematismos
1688 3267 1716 3304 a
1760 3253 1921 3323 170
1953 3270 2052 3307 no-

2234 3253 2441 3317 Σκοπδς
2491 3247 2601 3317 οὖν,
2646 3252 2721 3315 t'o;
2768 3253 2785 3287 ι
2840 3250 3005 3314 ἔοικε,
3070 3250 3182 3312 τοῖς
3226 3248 3507 3301 ἐθέλουσιν
3558 3248 3760 3318 ἀπερι-

474 3339 554 3393 bis
587 3336 874 3391 utilissime
911 3347 967 3392 et
997 3341 1307 3397 necessario
1353 3341 1525 3399 factos
1567 3345 1942 3414 imprudenter
1970 3362 2056 3401 rc-

474 3429 810 3499 prehcnderc
844 3430 1267 3499 volunt,unicus
1300 3433 1391 3489 ille
1418 3449 1614 3504 scopus
1659 3446 1766 3503 est,
1816 3446 1875 3491 ut
1923 3439 2055 3493 nihil

472 3538 660 3576 verum
699 3522 780 3575 vel
809 3523 1023 3590 sapiant
1048 3524 1132 3578 vel
1161 3525 1377 3593 dicant,
1411 3527 1806 3599 declarentque
1856 3544 1915 3585 se
1939 3531 2056 3586 solo

464 3613 836 3668 calumniandi
867 3614 1044 3669 studio
1061 3626 1378 3689 occupatos.
1404 3616 1536 3672 Nam
1560 3620 1606 3675 si
1626 3630 1860 3676 mentem
1900 3637 2054 3678 suam

469 3703 715 3757 studiose
744 3718 807 3757 ac
837 3702 1127 3773 diligenter
1160 3706 1385 3775 scriptis
1415 3707 1679 3764 adhibere
1707 3717 2047 3780 paterentur,

471 3810 579 3848 non
609 3795 969 3865 ignorasscnt,
1010 3799 1153 3868 quod
1186 3801 1301 3855 suis
1354 3800 1641 3857 sententiis
1686 3810 1741 3857 et
1784 3805 2052 3859 sermoni-

472 3889 595 3955 bus,
623 3903 758 3957 qnos
792 3889 1015 3957 faciunt,
1064 3893 1345 3947 stabiliant
1388 3894 1934 3961 anathematismttm,
1998 3909 2054 3952 et

467 3994 814 4048 nequaquam
851 3982 1145 4035 ostendant
1174 3980 1325 4034 illum
1351 3982 1621 4037 inerudite
1659 3984 1961 4043 conditum.
1988 3987 2055 4044 Et

449 4072 764 4143 quomodo,
794 4073 994 4126 illcam.
1017 4070 1199 4128 Bonus
1229 4072 1512 4129 Nestorius
1533 4075 1748 4132 dicebat
1771 4079 1881 4135 tale
1894 4080 2056 4150 quid-

467 4166 613 4228 «lant,
646 4165 699 4217 in
735 4164 965 4219 ecclesia
1014 4177 1305 4220 enarrans.
1345 4162 1417 4219 Ut
1445 4172 1627 4221 autein
1657 4166 1833 4237 ipsum
1878 4171 2054 4224 mani-

467 4255 660 4309 festius
710 4257 915 4319 dicam,
974 4264 1027 4309 et
1084 4255 1157 4309 ita
1217 4263 1275 4307 ut
1326 4270 1515 4311 omnes
1550 4256 1761 4313 facilius
1791 4261 2050 4328 capiant:

465 4349 647 4412 Arius,
683 4355 738 4400 et
771 4346 1091 4408 Eunomius,
1125 4354 1177 4399 et
1204 4344 1594 4415 Apollinarius,
1622 4356 1678 4400 et
1737 4361 1928 4402 omnes
1957 4363 2050 4403 so-

467 4439 682 4492 cietatis
718 4438 929 4492 illorum
955 4436 1131 4502 chori,
1198 4438 1491 4492 studebant
1543 4436 1804 4491 inducere
1854 4453 2049 4494 nomen

466 4531 589 4594 hoc,
620 4531 711 4585 Dei
749 4531 1007 4601 genitrit,
1035 4538 1095 4583 nt
1117 4530 1160 4584 si
1185 4529 1496 4583 cemmistio
1548 4528 1723 4592 ﬂeret,
1754 4539 1808 4582 et
1836 4539 2046 4584 natura:

471 4641 572 4677 non
614 4633 1020 4693 separarentur,
1078 4620 1213 4676 nihil
1260 4620 1543 4676 humiliter
1591 4620 1792 4674 dictum
1834 4620 1899 4674 de
1945 4621 2047 4675 Ιιιι-

472 4715 733 4768 manitate
757 4713 1130 4783 accipiendum
1163 4722 1329 4776 esset,
1387 4711 1675 4779 locumque
1721 4710 1834 4780 jam
1888 4713 2052 4767 habe-

457 4790 587 4863 irent
621 4807 722 4877 ipsi
757 4816 944 4861 contra
981 4808 1277 4872 deitatem;
1323 4803 1481 4873 quasi
1508 4801 1855 4873 omnia,qua:
1896 4804 2053 4859 dicc-

466 4902 686 4962 bantur,
711 4900 776 4952 de
803 4913 910 4951 uno
940 4899 1272 4951 dicerentur.
1301 4892 1428 4947 Haec
1452 4908 1575 4947 eum
1595 4894 1679 4949 sic
1730 4896 1873 4951 dicta
1921 4897 2050 4960 sint,

473 4989 763 5043 utilissime
793 4986 1307 5043 anathematismum
1355 4982 1603 5046 fecimus,
1666 4999 1770 5039 non
1829 4988 2054 5055 permit-

476 5092 649 5135 tcntes
694 5080 747 5133 in
808 5080 944 5133 duas
1009 5077 1173 5131 dividi
1239 5089 1500 5145 personas
1539 5086 1593 5131 et
1651 5077 2034 5132 subsistentias

472 5191 636 5228 nnmn
669 5171 959 5227 Dominum
993 5168 1177 5225 Jesnm
1211 5169 1511 5223 Christum.
1542 5168 1694 5235 Quod
1757 5181 1937 5225 autem
1990 5180 2044 5224 ct

470 5267 568 5336 ipsi
601 5281 725 5320 cum
751 5261 952 5317 nostris
965 5260 1307 5315 sermonibus
1333 5262 1676 5326 conveniant,
1701 5263 2044 5330 perspicuum

2161 3344 2413 3404 σκέπτως
2452 3342 2719 3412 ἐπιτιμᾷν
2749 3341 2864 3403 τοῖς
2909 3338 3041 3411 παρ’
3071 3337 3228 3411 ήμῶν
3258 3338 3665 3411 χρειωδέστατά
3698 3356 3761 3392 τι

2159 3434 2254 3489 καὶ
2298 3432 2615 3501 ἀναγκαίως
2659 3430 2944 3502 γεγονόσιν
2985 3429 3479 3502 ἀναθεματισμοῖς,
3532 3432 3761 3501 φρονεῖν

2164 3526 2266 3597 μὲν
2312 3526 2345 3597 ἢ
2403 3524 2586 3593 λέγειν
2629 3523 2738 3577 τῶν
2786 3522 3060 3595 ἀληθινῶν
3113 3523 3285 3588 οὐδὲν,
3330 3510 3759 3593 φιλοψογίαςδὲ

2162 3619 2330 3690 μόνης
2365 3616 2642 3683 ἀπόδειξιν
2675 3616 2884 3689 ἐναργῆ
2918 3616 3195 3670 ποιεῖσθαι
3221 3615 3282 3669 τὸ
3306 3617 3496 3687 χρῆμα
3518 3629 3533 3644 ·
3575 3618 3626 3669 εἰ
3649 3616 3760 3688 γὰρ

2157 3711 2450 3781 ἀνίσχοντα
2469 3720 2497 3748 ιι
2540 3707 2637 3761 καὶ
2655 3707 2862 3779 ἀκριϐῆ
2882 3710 2997 3771 τοῖς
3018 3707 3426 3778 γεγραμμένοις
3445 3707 3537 3760 τὸν
3557 3709 3759 3761 οἰκεῖον

2158 3800 2535 3870 ὲνερείσαντες
2579 3796 2725 3863 νοῦν,
2773 3798 2875 3852 οὐκ
2914 3799 3223 3869 ἠγνόησαν,
3285 3798 3370 3851 ὄτι
3424 3798 3747 3869 κρατύνουσι

2156 3891 2279 3953 ταῖς
2337 3889 2467 3957 παρ’
2514 3886 2725 3940 ἑαυτῶν
2755 3894 2784 3926 ν
2808 3888 3035 3960 ψήφοις,
3072 3889 3166 3941 καὶ
3210 3887 3279 3942 δι’
3321 3882 3397 3943 ὧν
3425 3890 3751 3959 πεποίηνται

2157 3981 2355 4049 λόγων,
2421 3978 2512 4031 τὸν
2564 3977 3033 4050 ἀναθεματισμδν,
3105 3980 3203 4035 καὶ
3254 3980 3374 4052 οὐχὶ
3425 3980 3490 4051 δὴ
3551 3981 3759 4051 μᾶλλον

2158 4073 2612 4144 ἀνεπιστημόνως
2642 4072 2806 4126 αὑτὸν
2839 4072 3110 4141 γεγονότα
3134 4072 3611 4126 καταδεικνύουσι.
3646 4075 3762 4125 Καὶ

2155 4169 2280 4222 τίνα
2304 4166 2529 4238 τρόπον,
2558 4165 2692 4237 spia-
2739 4161 2798 4219 ’0
2829 4164 3067 4236 χρηστὸς
3091 4165 3226 4236 ἡμῖν
3257 4164 3547 4236 Νεστόριος
3571 4165 3673 4235 ἔφη
3703 4183 3757 4218 τι

2154 4259 2398 4314 τοιοῦτον
2442 4261 2531 4311 ἐπ’
2573 4260 2870 4329 ἐκκλησίας
2904 4268 2929 4295 ³
2972 4258 3358 4330 ὲξηγούμειος.
3390 4259 3508 4313 Ἵνα
3534 4256 3588 4310 δὲ
3616 4257 3758 4311 αὐτὸ

2158 4351 2492 4420 σαφέστερον
2547 4351 2640 4405 καὶ
2701 4354 2868 4406 πᾶσιν
2924 4351 3323 4423 εύληπτότερον
3414 4352 3571 4414 εἴπω,
3635 4350 3758 4414 τοῖς

2170 4439 2402 4509 Ἀρείου,
2439 4440 2534 4494 καὶ
2569 4440 2859 4512 Εὑνομίου,
2896 4442 2990 4495 καὶ
3029 4441 3432 4514 Ἀπολιναρίου,
3474 4442 3567 4495 καὶ
3614 4441 3759 4495 πάν-

2087 4565 2127 4619 υ
2155 4548 2262 4585 των
2286 4534 2396 4594 τοῖς
2418 4533 2597 4603 χοροῖς
2622 4532 2729 4585 τῶν
2758 4531 2859 4604 τῆς
2892 4532 3147 4604 τοιαύτης
3180 4534 3413 4604 φατρίας
3432 4541 3482 4598 γ,
3518 4532 3753 4604 σπουδὴ,

2155 4623 2235 4689 τὸ,
2273 4623 2561 4690 Θεοτόκος,
2594 4624 2855 4694 εἰσάγειν,
2902 4624 2978 4689 ὡς
3016 4626 3268 4696 κράσεως
3309 4625 3622 4696 γινομένης,
3658 4628 3757 4679 καὶ

2158 4716 2269 4768 τῶν
2312 4715 2528 4786 φύσεων
2569 4715 2644 4787 μὴ
2683 4715 3100 4788 διαιρουμένων,
3158 4716 3325 4787 μηδὲν
3367 4715 3477 4769 τῶν
3516 4716 3756 4769 εὐτελῶν

2158 4809 2239 4871 εἰς
2263 4808 2361 4878 τὴν
2391 4806 2487 4861 ἀνο
2498 4806 2786 4878 ρωπότητα
2809 4806 3206 4878 λαμϐάνεσθαι,
3231 4808 3326 4861 καὶ
3351 4807 3535 4879 χώραν
3551 4808 3754 4872 αὐτοὺς

2159 4899 2346 4952 λοιπὸν
2395 4898 2536 4952 κατὰ
2590 4900 2689 4970 τῆς
2750 4900 3005 4970 θεότητος
3048 4900 3192 4971 ἔχειν
3219 4916 3231 4928 ·
3261 4900 3336 4964 ὡς
3381 4900 3597 4953 πάντων
3639 4899 3753 4951 τῶν

2159 4990 2471 5060 λεγομένων
2515 4991 2646 5063 παρ’
2678 4991 2796 5055 ἐνὸς
2830 4990 3158 5061 λεγομένων.
3206 4991 3425 5045 Τούτων
3450 4990 3547 5044 ὡδὶ
3589 4990 3754 5059 λεγο-

2163 5082 2361 5153 μένων,
2397 5081 2822 5152 χρειωδέστατος
2851 5092 2873 5119 ι
2903 5085 3031 5155 παρ’
3064 5093 3082 5112 ·
3123 5081 3279 5154 ήμῶν
3310 5083 3531 5153 γέγονεν
3556 5083 3584 5136 ὁ
3616 5083 3753 5135 ἀνα-

2160 5174 2519 5244 θεματιτμὺς,
2572 5177 2672 5228 οὐκ
2711 5176 2885 5244 ἐφιεὶς
2938 5177 3018 5240 είς
3079 5175 3171 5228 δύο
3210 5174 3534 5249 μερίζεσθαι
3577 5175 3754 5246 πρόσο

2160 5266 2287 5318 ωπὰ
2311 5283 2369 5318 τε
2404 5268 2497 5319 xui.
2527 5267 2859 5331 ὑποστάσεις
2889 5267 2981 5322 τὸν
3013 5268 3109 5321 ἕνα
3141 5267 3345 5339 Κύριον
3376 5266 3586 5338 Ἰησοῦν
3612 5268 3751 5339 Χρι-

536 5445 584 5480 τδ
608 5444 762 5498 Joan.
793 5457 878 5503 ιιι,
916 5439 1006 5495 l3.
1080 5439 1127 5470 "
1162 5436 1315 5494 Joan.
1349 5456 1429 5504 Vl,
1467 5440 1553 5495 63.
1625 5442 1668 5472 ’⁷⁸
1704 5441 1867 5496 llebr.
1904 5458 1962 5507 ιι,
1995 5443 2053 5496 10

2160 5444 2201 5474 ⁷⁷
2235 5444 2400 5499 Hebr.
2440 5460 2557 5512 snt,
2591 5445 2646 5500 8.
2725 5448 2769 5478 ⁷⁸
2796 5445 2951 5505 Joan.
2988 5463 3030 5515 ι,
3076 5448 3129 5502 5.

1538 5595 1709 5652 Varia)
1746 5597 2005 5654 lectiones
2043 5614 2106 5653 ex
2133 5600 2319 5655 codice
2356 5600 2732 5671 Seguieriano.

546 5763 566 5801 ι
596 5758 825 5823 Σκοπδς,
856 5756 948 5821 ὼς.

482 5836 504 5864 ²
528 5830 861 5899 λελεγμένων
891 5827 1311 5901 χρειωδέστατςι.
1392 5839 1416 5865 ι
1453 5825 1540 5881 ῐσ.
1578 5826 1727 5897 περί.

1061 5756 1209 5828 εἷθ’.
1242 5757 1289 5809 εί
1324 5754 1431 5825 γὰρ
1456 5754 1735 5828 ῂνείχοντο
1783 5755 2062 5821 ἀκριϐοῦν.
2138 5766 2165 5795 V
2199 5758 2327 5828 τεῖρ’
2358 5756 2558 5812 αὐτῶν.

2679 5766 2703 5793 ³
2745 5757 3035 5829 ἐκκλησίᾳ..
