4080 6438
336 362 445 422 357

959 354 1495 416 APOLOGETICUS
1532 353 1671 413 PRO
1710 353 1808 412 XII
1846 347 2215 409 CAPITIBUS
2255 345 2539 406 CONTRA
2577 340 3038 402 ORIENTALES.

3504 341 3609 397 538

331 479 484 531 στὸν.
517 476 640 530 Ὅτι
662 474 718 529 δὲ
743 474 840 529 καὶ
868 475 1054 541 αὐτοῖς
1077 477 1193 540 τοῖς
1221 478 1352 548 παρ’
1382 476 1541 548 ἡμῶν
1566 475 1930 547 συμφέρονται

2056 468 2343 526 eritexhis
2382 483 2504 538 qua
2532 466 2869 538 scripserunt
2936 472 2993 520 et
3061 463 3326 521 sentiunt.
3398 463 3611 520 Habent

328 570 543 638 λόγοις,
570 568 731 640 δῆλον
759 566 827 622 ἂν
858 566 945 638 εἴη
972 567 1241 639 δήπουθεν
1271 568 1335 632 ἐξ
1371 562 1447 623 ὧν
1472 569 1806 640 γεγράφασι,
1836 569 1930 621 καὶ

325 664 561 732 φρονεῖν
597 659 905 729 ἐγνώκασιν
931 677 945 691 ⁸
992 660 1107 732 ἔχει
1145 660 1203 715 δὲ
1247 661 1423 725 οὓτως
1448 677 1465 694 ⁶
1533 662 1623 725 Ὧς
1652 662 1709 715 δὲ
1759 678 1927 733 προσ·

327 754 529 817 ὡποις,
553 753 588 823 ἢ
615 753 643 793 δ
669 753 1003 807 ὑποστάσεσι
1022 753 1196 819 δυσὶν,
1225 753 1258 825 ἢ
1292 755 1429 818 υἱοῖς
1447 754 1568 807 δυσὶ
1591 753 1931 825 διαιροῦντας

332 847 428 918 τὴν
451 845 681 913 ἕνωσιν,
715 847 887 916 ἤγουν
917 847 1009 899 τὸν
1035 845 1131 901 ἕνα
1156 846 1307 909 Υίὺν,
1334 846 1434 911 τὰς
1467 846 1654 916 φωνάς
1682 847 1929 918 ἐφαρμό-

342 940 450 1003 ζειν
474 938 542 989 οὐ
566 936 688 990 δεῖ·
742 937 1053 1008 ἀδιαίρετος
1086 936 1196 1009 γὰρ
1229 938 1324 992 καὶ
1355 937 1662 1009 ἀχώριστος
1710 939 1742 1008 ἡ
1785 940 1932 1011 ἄκρα

347 1032 539 1093 ἔνωσις
562 1044 578 1059 ο
630 1029 731 1082 καὶ
758 1031 789 1082 6
818 1024 899 1092 εἷς
935 1028 1063 1093 Υἱὸς
1088 1028 1232 1084 κατὰ
1275 1029 1454 1083 πάντα
1482 1030 1578 1083 καὶ
1615 1029 1793 1099 λόγον,
1839 1032 1934 1085 καὶ

336 1122 561 1192 τρόπον,
605 1122 706 1174 καὶ
746 1120 957 1174 ἔννοιάν
994 1121 1135 1175 ἐστι.
1177 1121 1290 1191 Τῆς
1343 1119 1403 1173 δὲ
1463 1119 1642 1192 ἄκρας
1689 1121 1935 1184 ὲνώσεως

337 1212 786 1280 φυλαττομένης,
824 1210 922 1263 καὶ
952 1209 1047 1264 τοῦ
1074 1210 1193 1273 ἑνὸς
1227 1210 1381 1276 riuis,
1414 1212 1510 1265 καὶ
1538 1210 1802 1281 Χριστοῦ,
1842 1212 1936 1266 καὶ

336 1303 546 1375 Κυρίου
576 1302 1046 1374 ὁμολογουμένου,
1078 1303 1209 1374 περὶ
1247 1302 1341 1357 τὸν
1370 1303 1468 1358 ἕνα
1521 1305 1616 1358 καὶ
1651 1303 1744 1358 τὸν
1775 1303 1936 1357 αὑτὸν

332 1395 463 1447 Ti?»
491 1393 836 1448 ἐκλαθέσθαι
876 1404 900 1432 ο
959 1395 1068 1466 χρὴ
1106 1394 1177 1447 τά
1208 1394 1512 1466 λεγόμενα·
1561 1395 1703 1449 κατὰ
1755 1394 1936 1467 μέντοι

324 1487 429 1557 τὴν
474 1487 597 1540 τῶν
640 1485 951 1539 ὲνωθεισῶν
998 1486 1216 1557 φύσεων
1256 1486 1487 1558 δύναμιν
1530 1488 1939 1559 ἐφαρμόζεσθαι

327 1579 546 1649 πρέπει
610 1577 697 1648 τῷ
730 1578 813 1632 ἐνὶ
867 1578 989 1650 Υίῷ
1019 1578 1089 1633 τὰ
1129 1579 1423 1651 λεγόμενα.
1468 1579 1678 1634 Οὐκοῦν
1710 1580 1812 1650 τῆς
1861 1581 1940 1643 είς

331 1673 507 1743 ἄκρον
569 1671 830 1735 ὲνώσεως
918 1670 1258 1743 σωζομένης,
1315 1672 1445 1727 ποία
1503 1672 1853 1743 παρείσδυσις
1906 1674 1941 1745 ἢ

336 1764 465 1833 γοῦν
520 1764 811 1832 φαντασία
861 1765 1040 1835 τομῆς
1076 1763 1519 1836 παρεισκρίνοιτο
1554 1763 1620 1818 ἂν
1649 1763 1764 1829 Est;
1792 1766 1886 1818 καὶ
1913 1766 1943 1818 6

344 1856 587 1928 μερίζειν
614 1854 947 1925 άποτολμῶν
969 1853 1085 1919 πῶς
1103 1856 1203 1909 οὐκ
1226 1854 1333 1921 ἔξω
1359 1856 1586 1927 φέρεται
1607 1857 1708 1928 τῆς
1727 1856 1944 1920 εὐθείας

339 1949 482 2015 ὁδοῦ,
534 1948 634 2002 καὶ
685 1947 797 2000 τῶν
841 1950 944 2018 τῆς
994 1948 1280 2013 εὐσεϐείας
1327 1949 1617 2020 δογμάτων
1667 1953 1749 2013 είς
1799 1950 1944 2004 ἅπαν

342 2039 704 2110 ἁποςροιτῶνς
741 2039 809 2092 Τί
849 2036 946 2093 οὖν
978 2056 1145 2110 φησιν
1176 2042 1207 2094 6
1246 2040 1739 2112 ἀναθεματισμός;
1772 2040 1839 2093 El!
1863 2056 1947 2103 τις

351 2132 567 2203 μερίζει
595 2132 695 2195 τὰς
737 2130 926 2199 φωνὰς
956 2131 1101 2185 κατά
1129 2147 1193 2200 γε
1219 2131 1431 2185 τουτονὶ
1466 2130 1561 2184 τὸν
1593 2131 1821 2202 τρόπον,
1852 2131 1948 2184 καὶ

357 2219 458 2282 τὰς
483 2217 511 2257 τι
539 2219 630 2288 μὲν
649 2217 721 2280 ὡς
747 2216 1026 2289 ἀνθρώπῳ
1043 2236 1114 2273 πα
1124 2218 1193 2290 ρὰ
1218 2219 1310 2273 τὸν
1326 2220 1391 2273 ὲκ
1414 2219 1550 2273 Θεοῦ
1570 2220 1744 2289 Λόγον
1767 2219 1949 2284 ίδικῶς

366 2312 641 2380 νοουμένῳ
675 2310 1032 2382 προσάπτειν,
1090 2311 1186 2376 τὰς
1230 2311 1289 2365 δὲ
1331 2312 1408 2376 ὡς
1445 2312 1772 2384 θεοπρεπεῖς
1802 2313 1950 2383 μόνῳ

364 2401 447 2472 τῷ
481 2404 545 2454 ὲκ
572 2403 696 2456 Θεοῦ
733 2404 935 2475 Δόγῳ’
963 2403 1217 2476 ἀνάθεμα
1281 2405 1440 2460 ἔστω,
1492 2406 1557 2459 Et
1608 2405 1707 2476 μὲν
1754 2400 1847 2459 οὖν
1899 2407 1950 2458 oi

354 2494 657 2559 διιστάντες
686 2507 708 2535 ε
747 2497 844 2550 καὶ
869 2496 1203 2568 διορίζοντες
1228 2500 1310 2562 είς
1339 2496 1628 2568 ἄνθρωπον
1657 2497 1841 2562 ίδικῶς
1887 2515 1949 2551 τε

348 2585 446 2638 καὶ
480 2586 586 2639 ἀνά
631 2586 822 2657 μέρος,
859 2588 956 2640 καὶ
1000 2587 1081 2650 είς
1123 2587 1257 2640 Θεὸν
1308 2587 1482 2656 Λόγον
1519 2586 1704 2650 ίδικῶς
1746 2603 1808 2640 τε
1855 2586 1952 2639 καὶ

344 2676 453 2728 ἀνὰ
498 2674 695 2745 μέρος,
727 2675 789 2728 οὐ
828 2674 1112 2747 μερίζουσι
1142 2676 1234 2730 τὸν
1264 2676 1362 2731 ἕνα
1395 2676 1653 2747 Χριστὸν,
1684 2677 1779 2731 καὶ
1806 2675 1902 2730 δύο
1928 2676 1947 2716 τ

344 2766 606 2835 λέγουσιν
644 2766 820 2830 υἱοὺς,
868 2767 1356 2835 ἀγανακτείτωσαν
1383 2767 1505 2822 καθ’
1530 2768 1691 2840 ἡμῶν
1716 2769 1768 2822 οἱ
1827 2768 1951 2838 φιλ-

348 2858 698 2929 εγκλήμονες
725 2875 740 2887 ·
771 2859 821 2912 εί
837 2858 895 2912 δὲ
914 2859 1057 2930 τομὴ
1077 2860 1174 2914 καὶ
1197 2859 1460 2930 διαίρεσις
1477 2862 1539 2915 τὸ
1563 2860 1708 2916 οὕτω
1734 2864 1951 2935 φρονεῖν

347 2953 490 3017 ἐστι,
516 2951 670 3005 κατὰ
701 2950 826 3005 τίνα
855 2954 1059 3025 τρόπον
1077 2956 1193 3019 τοῖς
1222 2957 1352 3022 παρ’
1385 2957 1543 3026 ἡμῶν
1571 2956 1753 3026 λόγοις
1777 2959 1955 3011 ἐπιτι-

349 3044 462 3114 μᾷν
493 3042 800 3113 ἐγνώκασι,
843 3044 1024 3099 καίτοι
1049 3045 1147 3100 καὶ
1178 3046 1357 3112 αὐτοὶ,
1391 3047 1538 3101 καθά
1557 3065 1739 3116 φασιν,
1774 3048 1953 3102 ἀδιαί-

352 3135 512 3207 ρετόν
552 3154 615 3190 τε
671 3138 768 3191 καὶ
805 3136 903 3191 ἕνα
930 3136 1075 3191 κατὰ
1118 3139 1296 3211 ἄκραν
1334 3139 1528 3194 ἕνωσιν
1559 3140 1950 3211 ὁμολογοῦντες
1977 3166 2022 3224 C

348 3231 629 3300 ὑπάρχειν
669 3229 766 3283 τὸν
803 3228 1185 3302 Ἐμμανουήλ;
1244 3229 1320 3283 Τὸ
1368 3231 1467 3301 μὲν
1524 3227 1618 3284 οὖν
1667 3232 1953 3302 ἐμφρόνως

349 3322 602 3393 ἑκάστην
632 3321 846 3395 φωνὴν,
874 3324 922 3377 εἰ
945 3322 1042 3377 καὶ⁵
1074 3322 1206 3393 παρ’
1237 3322 1404 3376 αὐτοῦ
1435 3323 1596 3393 τυχὸν
1630 3323 1952 3395 είρημένην,

348 3411 813 3483 ἐπιλαμϐάνεσθαι
844 3414 977 3481 δεῖν,
1017 3414 1367 3485 ἐπαινέσαιμ’
1398 3413 1466 3468 ἂν
1496 3416 1589 3469 καὶ
1622 3415 1784 3479 αὐτὸς
1818 3413 1954 3484 ἐγὼ,

349 3506 450 3558 καὶ
476 3499 1043 3576 ἁπαστισοῦν,οῐμαι,
1073 3504 1183 3559 τῶν
1215 3504 1352 3577 ὀρθὰ
1383 3509 1602 3576 φρονεῖν
1648 3506 1918 3561 εἰωθότων
1939 3523 1954 3538 ο

351 3600 411 3653 αι
455 3599 561 3669 μὲν
588 3599 704 3669 γάρ
741 3599 850 3651 είσι
893 3597 1241 3671 θεοπρεπεῖς,
1273 3599 1331 3652 al
1370 3598 1428 3652 δὲ
1476 3601 1544 3670 τῇ
1581 3598 1722 3669 μετὰ
1757 3599 1959 3670 σαρκὸς

352 3692 650 3764 οἰκονομίᾳ
676 3691 880 3762 μᾶλλον
910 3692 1336 3765 ἁρμοδιώτεραι.
1371 3692 1590 3763 Ἐπειδὴ
1618 3692 1676 3746 δέ
1706 3692 1852 3747 ἐστιν
1881 3687 1961 3755 εἷς

354 3788 457 3841 καὶ
482 3790 511 3841 6
545 3787 738 3851 αὐτὸς,
769 3786 902 3850 Θεός
932 3804 995 3841 τε
1022 3785 1160 3858 ὁμοῦ
1196 3785 1291 3842 καὶ
1324 3785 1635 3854 ἄνθρωπος,
1675 3785 1848 3856 ταύτῃ
1881 3802 1962 3839 τοι

357 3880 455 3933 καὶ
472 3879 603 3932 λίαν
620 3877 826 3950 ὀρθῶς,
842 3877 976 3932 ποτὲ
1000 3878 1101 3949 μὲν
1126 3877 1345 3941 θεῖκῶς,
1373 3877 1502 3931 ποτὲ
1524 3876 1583 3931 δὲ
1606 3876 1964 3947 ἀνθρωπίνως

364 3973 602 4033 ποιεῖται
640 3971 771 4033 τοὺς
800 3971 996 4039 λόγους
1020 3987 1034 4000 ο
1066 3970 1206 4040 πλὴν
1230 3969 1323 4023 τοῦ
1352 3969 1466 4033 ἐνὸς
1523 3968 1697 4037 Ἰησοῦ
1719 3968 1960 4039 Χριστοῦ

377 4062 565 4126 ταύτας
616 4079 681 4115 τε
739 4062 1004 4126 κάκείνας
1051 4057 1190 4115 εἶναι
1249 4061 1435 4131 φωνὰς
1485 4059 1962 4132 διισχυριζόμεθα’

382 4152 503 4206 οὔτε
526 4153 820 4224 ψιλοῦντες
851 4153 1107 4225 θεότητος
1145 4152 1238 4207 τὸν
1279 4151 1475 4222 tua;
1502 4150 1778 4219 παναγίας
1811 4151 1964 4220 Παρ-

379 4244 527 4298 θένου
571 4246 728 4308 ναὸν,
765 4243 892 4298 οὔτε
942 4244 1049 4315 μὴν
1087 4244 1326 4315 ἄσαρκον
1358 4243 1560 4306 εἰδότες
1600 4242 1694 4296 τὸν
1731 4244 1796 4295 ἐκ
1831 4241 1967 4295 Θεοῦ

372 4336 587 4407 Πατρὸς
624 4336 806 4403 Λόγον
848 4335 988 4407 μετὰ
1028 4335 1127 4406 τὴν
1163 4336 1403 4407 ἄρρητον
1442 4334 1654 4389 ἕνωσιν.
1693 4332 1970 4404 Θαυμάζω

369 4427 426 4479 δὲ
466 4429 576 4492 ὅτι,
607 4428 794 4481 καίτοι
821 4427 1411 4498 πολυπραγμονοῦντες
1439 4427 1600 4497 ἄγαν,
1647 4426 1741 4481 καὶ
1785 4425 1861 4490 ὥς
1904 4443 1969 4494 γε

368 4518 683 4588 νομίξουσι,
721 4517 936 4582 λεπτῶς
989 4516 1370 4587 βασανίζοντες
1385 4516 1484 4580 τὰς
1498 4516 1637 4588 ἐμὰς
1657 4516 1967 4580 ἐπιστολὰς,

367 4609 439 4661 τὰ
476 4608 582 4677 μὲν
617 4609 721 4661 ὅσα
742 4607 891 4661 ἐστὶν
918 4609 976 4661 ὲν
993 4605 1186 4670 αὐταῖς
1206 4605 1456 4678 χρήσιμά
1483 4622 1542 4659 τε
1570 4605 1665 4658 καὶ
1692 4606 1969 4673 ἀναγκαῖα

369 4701 516 4771 πρὸς
544 4699 830 4765 ἀπόδειξιν
864 4701 964 4771 τῆς
984 4698 1103 4753 τῶν
1132 4699 1423 4771 δογμάτων
1455 4695 1747 4768 ὀρθότητός
1779 4713 1840 4749 τε
1874 4695 1969 4749 καὶ

372 4790 696 4861 ἀκριϐείας,
736 4788 1013 4854 ἐθέλοντες
1052 4784 1517 4861 παρατρέχουσιν,
1569 4786 1880 4858 ἐπιπηδῶσι
1912 4785 1972 4839 δὲ

373 4885 470 4937 καὶ
490 4882 644 4953 μάλα
659 4880 878 4952 γοργῶς
915 4883 1030 4944 τοῖς
1058 4880 1163 4935 κᾶν
1202 4880 1333 4949 γοῦν
1362 4880 1548 4950 ἰσχνὴν
1603 4879 1817 4950 ἔχουσιν
1865 4879 1971 4931 ὑπ-

375 4975 562 5043 οψίαν,
608 4973 755 5027 κατά
790 4989 852 5041 γε
874 4972 934 5025 τὸ
973 4972 1154 5036 αὐτοῖς
1182 4970 1394 5033 δοκοῦν,
1421 4970 1501 5033 εἰς
1530 4971 1592 5023 τὸ
1619 4968 1879 5024 δύνασθαι
1909 4967 1977 5020 δι’

378 5065 564 5117 αὐτῶν
655 5062 756 5125 τὰς
820 5060 942 5116 καθ’
1016 5060 1173 5131 ἡμῶν
1254 5058 1528 5113 ποιεῖσθαι
1588 5055 1975 5126 συκοφαντίας.

377 5156 760 5224 Μεμνήσομαι
785 5152 842 5205 δὲ
868 5150 1237 5223 τῶνὲμαυτοῦ
1278 5149 1459 5221 ῥητῶν
1491 5158 1538 5202 Ι.
1584 5147 1844 5225 Γέγραφα
1868 5146 1979 5216 γὰρ

377 5248 560 5308 οὕτως
602 5247 660 5297 ὲν
689 5246 760 5315 τῇ
789 5244 926 5314 πρὸς
946 5242 1243 5312 Νεστόριον
1279 5241 1571 5312 ἐπιστολῇ-ι·
1593 5238 1705 5304 Τὰς
1735 5238 1794 5292 δέ
1826 5256 1889 5308 γε
1917 5240 1975 5291 ὲν

377 5342 493 5403 τοῖς
560 5337 918 5405 Εὑαγγελίοις
971 5333 1066 5388 τοῦ
1114 5335 1367 5405 Σωτῆρος
1421 5331 1579 5403 ἡμῶν
1625 5329 1808 5400 φωνὰς
1851 5328 1975 5382 οὔτε

2031 572 2210 618 autem
2247 562 2328 617 sic
2358 577 2372 614 :
2399 560 2683 630 Tanquam
2711 572 2840 614 vero
2863 558 3112 627 personis
3141 555 3456 616 duahus.vel
3478 559 3611 610 sub-

2031 653 2297 708 sistentiis
2328 652 2558 717 duabus,
2597 649 2682 706 vel
2738 648 2864 703 ﬁliis
2896 647 3126 712 duobus,
3180 647 3470 701 dividendo
3493 647 3616 700 uni-

2035 747 2258 809 tionem,
2285 746 2387 800 hoc
2409 752 2494 799 est
2517 759 2683 797 unum
2716 741 3105 805 Filium,voces
3136 752 3324 808 aptare
3350 755 3454 792 non
3485 755 3608 791 cun-

2035 837 2200 892 venit.
2228 835 2584 890 lndivisibilis
2608 834 2752 888 etiim
2792 841 2848 887 et
2878 831 3254 901 inseparabilis
3284 837 3367 884 est
3403 842 3613 882 summa

2034 926 2229 990 unitio,
2268 932 2323 979 ct
2344 939 2483 978 unus
2519 923 2692 977 Filius
2718 930 2802 977 est
2840 920 3137 977 secundum
3191 934 3408 974 onmem
3450 920 3618 971 ratio-

2036 1033 2157 1071 nem
2185 1027 2243 1070 et
2272 1015 2489 1071 modum
2531 1025 2585 1070 et
2609 1013 3018 1083 cogitationem.
3064 1010 3122 1066 Si
3176 1020 3360 1064 autem
3405 1024 3617 1063 summa

2037 1110 2212 1164 nnitio
2246 1120 2515 1170 servetur,
2550 1117 2603 1161 et
2645 1121 2783 1160 unus
2814 1104 2983 1160 Filius
3003 1115 3058 1158 et
3085 1103 3333 1158 Christus
3355 1111 3409 1155 et
3435 1100 3615 1155 Domi-

2039 1216 2140 1256 nus
2174 1208 2428 1270 ponatur,
2460 1200 2527 1253 de
2558 1214 2666 1253 uno
2695 1207 2751 1252 et
2775 1198 2967 1252 eodem
3003 1194 3140 1249 Filio
3169 1194 3423 1264 accipere
3453 1206 3618 1262 opor-

2041 1303 2138 1356 tet,
2178 1306 2298 1361 quae
2324 1290 2583 1345 dicuntur
2612 1307 2626 1343 :
2660 1289 2755 1343 sed
2789 1297 2970 1342 tamen
3001 1286 3299 1342 secundum
3343 1285 3618 1339 unitarum

2042 1395 2355 1467 naturarum
2399 1383 2655 1438 virtutem
2688 1379 3103 1435 accommodare
3137 1379 3291 1433 decet
3342 1376 3432 1430 ttni
3461 1374 3619 1438 Filio,

2041 1490 2162 1543 quise
2189 1472 2466 1527 dicuntur.
2494 1472 2666 1542 igitur
2701 1472 2826 1525 dum
2851 1478 3104 1524 servatur
3154 1482 3369 1525 summa
3418 1468 3619 1530 unitas,

2042 1565 2218 1635 qualis
2248 1563 2492 1633 irreptio,
2526 1563 2610 1618 vel
2639 1561 2828 1616 saltem
2859 1560 3172 1630 imaginatio
3193 1558 3622 1616 sectiuuisindu-

2043 1655 2295 1712 ceretur?
2326 1655 2393 1710 Et
2420 1655 2513 1725 qui
2549 1655 2714 1710 audet
2739 1652 3009 1719 dividere,
3034 1652 3307 1722 quomodo
3331 1665 3435 1705 non
3471 1658 3623 1704 extra

2048 1755 2255 1801 rectam
2322 1747 2465 1801 viam
2523 1744 2825 1808 incedit,et
2881 1757 2912 1796 a
2954 1740 3169 1811 pietatis
3201 1738 3540 1808 dogmatibus
3571 1738 3623 1789 in

2049 1840 2360 1894 universum
2400 1834 2805 1902 recedit‘iQuid
2867 1834 3032 1904 igitur
3081 1831 3215 1887 dicit
3266 1827 3628 1883 anathemati-

2048 1931 2234 1986 sntus?
2260 1929 2318 1985 Si
2348 1930 2471 2000 quis
2514 1927 2709 1994 dividit
2765 1940 2946 1989 voces,
2977 1924 3275 1980 secundum
3327 1921 3469 1974 hunc
3515 1934 3629 1973 nio-

2048 2024 2197 2086 dum,
2229 2030 2288 2076 ut
2315 2022 2452 2075 alias
2488 2020 2715 2089 quidem
2736 2027 2991 2087 tanquam
3021 2014 3228 2070 homini
3266 2028 3296 2067 a
3341 2011 3451 2067 Deo
3477 2026 3629 2066 seor-

2048 2117 2150 2169 sim
2180 2114 2452 2169 intellecto
2472 2112 2711 2181 adaptet,
2741 2109 2878 2164 alias
2900 2123 3048 2172 vero,
3075 2113 3134 2159 ut
3156 2105 3263 2160 Deo
3282 2104 3494 2170 dignas,
3525 2102 3627 2156 soli

2054 2206 2228 2261 Verbo
2261 2203 2376 2272 Dei,
2414 2203 2706 2256 anathema
2744 2200 2836 2255 sit.
2891 2197 2949 2253 Si
3010 2200 3172 2267 igitur
3220 2203 3537 2263 separantes
3579 2201 3635 2245 et

2050 2297 2449 2366 distinguentes
2479 2294 2530 2347 in
2564 2291 2840 2347 hominem
2873 2274 3089 2361 proprie
3127 2296 3183 2341 et
3210 2284 3473 2346 seorsim,
3496 2296 3550 2336 et
3577 2281 3629 2335 in

2055 2389 2289 2444 Verbum
2319 2388 2412 2442 Dei
2430 2387 2667 2457 'proprie
2695 2393 2750 2439 et
2772 2382 3026 2448 seorsim,
3058 2380 3213 2450 171
3242 2392 3346 2432 non
3380 2375 3632 2444 partiun-

2053 2491 2140 2537 tur
2165 2495 2331 2535 unum
2363 2477 2661 2541 Christum,
2687 2490 2794 2531 non
2822 2474 2959 2530 duos
2981 2473 3173 2527 dicunt
3211 2469 3350 2523 lilios
3372 2485 3389 2535 ;
3415 2481 3637 2522 succen-

2052 2584 2212 2634 seant
2244 2572 2401 2629 nobis
2427 2573 2832 2628 criminatores.
2868 2566 2929 2622 Si
2957 2576 3139 2621 autem
3173 2562 3345 2619 sectio
3379 2568 3433 2614 et
3484 2572 3640 2627 sepa-

2053 2670 2192 2724 ratio
2213 2678 2298 2723 est
2323 2667 2396 2721 ita
2427 2664 2669 2721 sentire:
2701 2660 3008 2718 secundum
3057 2669 3219 2727 quem
3261 2653 3481 2709 modum
3540 2666 3637 2704 uo-

2055 2771 2203 2816 stros
2231 2772 2516 2814 sermones
2544 2752 2946 2825 reprehendere
2972 2754 3308 2812 statuerunt,
3343 2745 3561 2813 quando
3585 2750 3642 2796 et
3741 2790 3751 2799 ,

2055 2852 2184 2923 ipsi,
2212 2852 2353 2907 sicut
2380 2850 2586 2911 dicunt,
2613 2842 2997 2901 indivisibilem
3027 2850 3084 2896 et
3134 2854 3300 2894 unum
3333 2836 3642 2894 secundum

2055 2959 2321 3003 Summam
2346 2940 2649 2997 unitiouem
2671 2936 3040 2994 confiteantur
3055 2948 3178 2989 esse
3212 2926 3646 2987 Emmanuelctni

2056 3036 2244 3107 Itaque
2273 3018 2576 3105 prudenter
2617 3041 3059 3098 unamquamque
3084 3038 3295 3089 vocem,
3332 3024 3415 3075 vel
3478 3021 3644 3073 etiam

2053 3126 2122 3180 ab
2193 3126 2309 3194 ipso
2343 3122 2483 3177 forte
2531 3119 2754 3183 dictant,
2811 3114 3182 3185 accipiendam
3243 3126 3404 3176 esse,
3455 3110 3647 3164 lamia-

2058 3217 2158 3269 rim
2185 3215 2351 3269 etiam
2383 3219 2603 3282 ego,.et,
2628 3220 2686 3263 ut
2711 3205 2927 3276 Opinor,
2946 3204 3177 3275 quisque
3211 3209 3357 3256 recte
3382 3200 3644 3255 sentiens.

2056 3305 2191 3363 Nam
2227 3305 2348 3359 alia:
2372 3303 2592 3373 quidem
2622 3297 2878 3356 suntDeo
2905 3297 3104 3367 dignm,
3135 3295 3253 3349 alias
3289 3309 3416 3348 vero
3433 3293 3649 3362 dispen—

2062 3398 2265 3455 sationi
2291 3411 2414 3451 cum
2462 3408 2629 3449 carne
2673 3387 3142 3459 congruentiores.
3169 3386 3435 3454 Quoniam
3467 3397 3646 3439 autem

2060 3503 2140 3547 ρει
2160 3505 2296 3545 unus
2314 3497 2369 3544 et
2386 3488 2523 3542 idem
2542 3486 2681 3542 Deus
2697 3482 2921 3539 simulet
2956 3482 3135 3546 homo,
3158 3480 3260 3533 hac
3279 3479 3486 3533 ratione
3504 3485 3651 3532 recte

2062 3582 2352 3654 aliquando
2395 3580 2591 3646 divine,
2626 3576 2915 3647 aliquando
2967 3574 3204 3629 humane
3250 3570 3487 3641 loquitur
3525 3584 3649 3624 :ve-

2066 3672 2554 3733 rumtamenuuius
2579 3669 2706 3726 Iesu
2735 3666 2934 3724 Christi
2954 3672 3007 3720 et
3035 3664 3135 3719 has
3151 3672 3206 3718 ct
3222 3663 3338 3717 illas
3357 3677 3515 3717 voces
3534 3676 3653 3715 csse

2065 3770 2385 3833 asse-rimus,
2407 3779 2507 3820 nec
2536 3763 2824 3817 divinitate
2858 3757 3162 3828 spoliantes
3192 3754 3477 3823 templum,
3507 3754 3649 3822 qnul

2068 3875 2136 3913 ex
2167 3866 2357 3911 sancta
2384 3853 2613 3924 Virgine
2642 3858 2747 3914 est,
2777 3864 2879 3904 nec
2907 3848 3026 3902 sine
3044 3860 3214 3901 carne
3272 3852 3529 3914 putantes
3560 3842 3649 3893 Dei

2069 3948 2249 4003 Patris
2275 3944 2511 4001 Verbum
2554 3950 2676 4012 post
2709 3939 3038 3995 inell‘abilem
3092 3935 3416 3990 unitiouem.
3465 3932 3653 3986 Admi-

2072 4056 2162 4094 ror
2182 4048 2360 4093 autem
2387 4035 2553 4107 quod,
2588 4032 2836 4104 quamvis
2858 4029 3012 4084 valde
3034 4029 3250 4084 curiose
3287 4024 3648 4094 inquirentcs,

2070 4143 2146 4196 et,
2177 4139 2234 4184 ut
2283 4130 2645 4190 arbitrantur,
2696 4122 2972 4179 subtiliter
3042 4119 3418 4176 exaininantes
3501 4132 3653 4169 uiuas

2073 4222 2351 4293 epistulas,
2390 4234 2731 4289 qumcunque
2751 4216 2803 4269 in
2826 4215 2907 4270 eis
2937 4224 3064 4269 sunt
3085 4212 3235 4266 utilia
3268 4221 3321 4265 et
3350 4209 3650 4265 neceSsaria

2075 4312 2141 4367 ad
2170 4306 2644 4364 demonstrandam
2676 4307 2988 4373 doglltallllll
3015 4300 3391 4381 rectitudinem
3440 4307 3494 4349 et
3543 4295 3659 4349 dili-

2076 4405 2333 4473 gentiam,
2419 4400 2662 4454 volentes
2736 4403 3097 4466 praetereunt;
3169 4391 3416 4445 insiliunt
3475 4398 3655 4440 autem

1999 4504 2048 4563 ι)
2076 4493 2499 4565 promptissime,
2531 4490 2574 4542 si
2602 4504 2705 4557 qua
2757 4486 2890 4554 ipsis
2919 4483 3003 4538 vel
3043 4482 3325 4537 minimam
3380 4477 3660 4546 conjectu-

2080 4603 2191 4640 ram
2218 4584 2459 4655 prmbcre
2492 4582 2903 4643 videau,tur,.ex
2941 4573 3071 4643 ipsis
3090 4583 3280 4628 contra
3318 4586 3417 4626 nos
3451 4569 3659 4622 calum-

2081 4679 2200 4732 nias
2246 4674 2461 4730 contexi
2493 4686 2672 4742 posse.
2702 4667 3153 4741 Qununemurabo
3184 4675 3361 4718 autem
3431 4672 3486 4716 et
3542 4677 3661 4714 mea

2081 4770 2268 4831 verba,
2298 4782 2417 4837 qua:
2441 4765 2519 4820 sic
2548 4760 2857 4832 in.epistola
2916 4760 2984 4813 ad
3041 4757 3352 4812 Nestorium
3411 4753 3602 4823 scripsi
3640 4768 3656 4806 :

2082 4862 2255 4918 Voces
2273 4869 2451 4915 autem
2475 4857 2773 4914 Salvatoris
2803 4856 2974 4910 nostri
3001 4854 3054 4907 in
3109 4850 3436 4920 Evangeliis,
3491 4862 3667 4917 neque

2087 4952 2407 5011 substantiis
2440 4950 2670 5013 duabus,
2706 4962 2881 5017 neque
2945 4956 3095 5000 certe
3148 4946 3358 4999 duabus
3420 4939 3668 5012 personis

2086 5045 2462 5101 distribuimus
2524 5042 2658 5114 (non
2684 5041 2829 5098 enim
2864 5039 3062 5109 duplex
3088 5048 3172 5094 est
3226 5052 3367 5091 unus
3419 5044 3475 5090 et
3520 5033 3666 5087 solus

2083 5138 2359 5203 Christus,
2385 5135 2600 5192 etiamsi
2628 5148 2696 5190 ex
2727 5133 2938 5189 duabus
2963 5141 3017 5188 et
3045 5130 3276 5187 diversis
3316 5129 3472 5183 rebus
3512 5124 3669 5179 intel-

2083 5232 2281 5298 ligatur
2314 5231 2367 5283 in
2391 5224 3053 5299 unitatemjndivisibilem
3082 5223 3420 5279 coatluuatus
3442 5236 3459 5285 ;
3485 5233 3669 5287 quein-

2082 5325 2369 5376 admodum
2430 5320 2638 5376 scilicet
2686 5330 2741 5375 et
2769 5321 2929 5375 homo
2969 5333 3038 5373 ex
3064 5318 3241 5370 anima
3274 5313 3589 5383 intelligitur
3617 5319 3671 5364 et

1475 5547 1645 5601 Varia:
1673 5546 1932 5598 iel'liOllCS
1958 5557 2022 5595 ex
2054 5543 2239 5596 codice
2273 5541 2643 5610 St-gtiieriauo.

485 5761 512 5800 Β
551 5756 870 5828 προσώποις
907 5754 1081 5818 δυσὶν,
1114 5752 1169 5821 ἡ.
1242 5761 1262 5788 ο
1296 5748 1421 5802 Υἱὸν
1451 5747 1543 5799 καὶ
1580 5740 2037 5812 ἐκλαμβάνεσοχι.
2104 5738 2128 5778 ιι
2166 5735 2239 5800 ὥς
2266 5755 2373 5802 τις.

2444 5748 2464 5776 ε
2502 5738 2561 5790 οὐ
2594 5735 2909 5797 ὀιιστάντες.
2957 5732 2976 5771 τ
3004 5733 3064 5785 οὐ
3104 5731 3215 5784 δύο.
3299 5731 3323 5770 ε
3361 5728 3643 5799 ῥημάτων.
