4080 6438
491 321 598 379 339

1489 322 1548 375 s.
1593 290 1864 377 CYltlLLI
1905 322 2376 380 ALEXANDRIM
2417 325 2740 381 ARCIHEP.

3667 324 3777 379 51.0

493 453 742 510 corpore,
777 449 830 496 et
866 454 970 495 non
997 439 1215 510 duplex,
1247 441 1342 496 sed
1376 442 1549 512 magis
1585 456 1725 497 unus
1777 441 1860 512 (ex
1915 444 2079 498 utris-

2185 446 2518 500 ὑποστάσεσι
2557 447 2732 507 δυσὶν,
2755 442 2877 497 οῦτε
2903 442 3010 514 μὴν
3042 439 3356 513 προσώποις
3375 439 3496 493 δυσὶ
3527 455 3776 504 καταμε-

493 533 642 601 que),
668 534 760 589 sed
798 534 1066 589 humanas
1097 543 1148 588 et
1177 534 1391 590 divinas
1419 551 1635 605 quoque
1660 537 1728 590 ab
1766 551 1874 592 uno
1904 537 2078 591 dictas

498 635 612 678 :ss‘c
637 626 1040 693 cognoscimus,
1062 634 1209 682 recte
1234 627 1530 696 sapientes.
1559 627 1787 694 Quando
1817 629 1991 692 enim,
2017 637 2075 682 ut

495 717 659 767 Deum
693 717 867 781 decet,
901 717 968 772 de
999 733 1058 772 se
1086 717 1326 788 loquitur
1363 735 1377 770 :
1408 737 1429 772 ι
1465 718 1567 784 Qui
1605 719 1740 772 vidit
1784 733 1890 784 me,
1945 719 2080 773 vidit

489 818 544 860 et
602 807 820 863 Patrem
851 811 933 877 7';
975 829 993 864 ι
1053 820 1107 866 et
1145 829 1158 864 :
1234 829 1252 863 ι
1297 811 1407 882 Ego
1465 821 1522 868 et
1579 811 1738 866 Pater
1783 827 1948 866 unum
1981 827 2077 866 su-

494 899 705 965 mus”;
742 917 763 952 ι
807 900 1045 956 divinam
1085 901 1256 972 ipsius
1281 901 1686 958 etinell'ahilem
1721 902 2079 972 intelligimus

495 997 768 1059 naturam,
802 993 1099 1048 secundum
1131 1009 1297 1064 quam
1340 1005 1422 1050 est
1475 993 1658 1048 Patris
1709 994 1814 1058 sui,
1857 1005 2080 1064 propter

494 1084 833 1138 identitatem
866 1085 1204 1150 substantiae,
1245 1095 1301 1140 et
1359 1087 1534 1158 imago
1580 1095 1635 1140 et
1690 1087 1975 1140 character
2025 1095 2081 1140 et

495 1177 749 1244 splendor
774 1178 958 1249 gloria:
989 1179 1156 1248 ipsius
1177 1181 1242 1233 “.
1266 1179 1425 1250 172
1443 1179 1664 1246 Quando
1686 1188 1865 1234 autem
1885 1180 2078 1233 huma-

495 1270 683 1323 nitatis
708 1285 1018 1325 mensuram
1046 1274 1345 1328 observans
1361 1273 1562 1329 Judaais
1589 1274 1861 1344 loquitur:
1885 1294 1904 1325 ι
1931 1273 2081 1329 Nunc

493 1370 673 1415 autem
712 1377 799 1417 me
827 1363 1072 1432 quaeritis
1104 1364 1360 1419 occidere
1391 1366 1694 1430 hominem,
1752 1364 1842 1434 qui
1878 1363 2081 1440 verita-

497 1464 600 1507 tem
637 1453 790 1510 vobis
817 1456 1031 1512 locutus
1079 1472 1201 1512 sum
1252 1457 1329 1524 ἐς
1377 1477 1397 1510 ι
1454 1474 1670 1514 rursum
1733 1457 2084 1512 nihilominus

493 1549 668 1614 ipsum
698 1549 749 1603 in
782 1550 1099 1619 aequalitate
1167 1560 1224 1606 et
1271 1549 1629 1607 similitudine
1689 1550 1864 1606 Patris
1915 1549 2082 1604 Deum

498 1640 756 1708 Verbum,
794 1653 850 1698 et
873 1657 936 1697 ex
963 1643 1326 1698 humanitatis
1363 1659 1474 1699 sua:
1520 1645 1794 1700 mensuris
1827 1643 2084 1711 agnosci-

495 1749 636 1790 mus.
667 1733 802 1788 Nam
840 1736 882 1789 si
913 1736 1290 1790 necessarium
1319 1745 1403 1792 est
1466 1738 1695 1793 credere
1737 1736 1881 1807 quod
1943 1734 2084 1791 Deus

2184 537 2408 609 ρίζομεν
2429 555 2441 566 ·
2476 539 2538 591 οὐ
2579 538 2690 608 γάρ
2726 537 2856 612 ἐστι.
2897 536 3121 599 διπλοῦς
3150 535 3179 587 6
3204 527 3286 598 εἷς
3317 533 3414 588 καὶ
3450 534 3608 604 μόνος
3639 534 3782 604 Χρι-

2183 633 2328 695 στος,
2350 630 2454 684 κᾶν
2470 631 2535 684 ἐκ
2567 629 2862 699 δύονοῆται
2889 629 2982 683 καὶ
3016 627 3292 699 διαφόρων
3319 626 3665 698 πραγμάτων
3692 627 3782 689 εἰς

2182 724 2411 795 ἑνότητα
2455 724 2552 796 τὴν
2614 723 2906 793 ἀμέριστον
2969 721 3463 790 συνενηνεγμένος*
3519 717 3786 785 καθάπερ

2180 816 2373 886 ἀμέλει
2403 816 2496 868 καὶ
2518 815 2804 887 ἄνθρωπος
2829 817 2893 867 ἐκ
2918 814 3094 885 ψυχῆς
3116 815 3315 866 νοεῖται
3358 812 3455 864 καὶ
3488 811 3780 880 σώματος’

2179 909 2275 962 καὶ
2300 909 2360 961 ού
2405 907 2630 971 διπλοῦς
2664 907 2886 976 μᾶλλον,
2936 906 3054 960 ἀλλ’
3090 901 3216 968 εἷςὶι
3254 905 3315 968 ἐξ
3347 904 3548 974 ἀμφοῖν
3571 919 3584 932 ·
3637 901 3787 956 ἀλλὰ

2178 1000 2277 1065 τάς
2309 1017 2368 1052 τε
2402 1000 2772 1071 ἀνθρωπίνας,
2820 999 2915 1052 καὶ
2953 998 3093 1070 πρός
3135 1015 3200 1066 γε
3234 996 3412 1064 τούτῳ
3449 995 3548 1059 τάς
3585 994 3790 1058 θεῖκάς

2180 1093 2311 1161 παρ’
2350 1091 2469 1154 ἐνὸς
2503 1091 2778 1163 εἰρῆσθαι,
2802 1089 3196 1160 διακεισὸμεθα
3221 1087 3546 1160 φρονοῦντες
3575 1086 3784 1157 ὀρθῶς.

2183 1185 2352 1238 Ὅταν
2396 1185 2493 1255 μὲν
2533 1183 2640 1254 γὰρ
2679 1183 3000 1255 θεοπρεπῶς
3042 1182 3178 1252 λέγῃ
3227 1181 3356 1250 περὶ
3384 1179 3579 1233 ἐαυτοῦ
3612 1197 3624 1209 ·
3673 1177 3788 1230 ‹⁹0
3829 1206 3835 1210 -

2182 1277 2442 1349 ἑωρακὼς
2491 1275 2614 1347 ἐμὲ,
2661 1275 2877 1347 ἑώρακε
2910 1276 3003 1329 τὸν
3036 1273 3259 1344 Πατέρα
3280 1288 3293 1301 ⁸
3317 1292 3336 1324 ι
3387 1272 3480 1325 καὶ
3502 1310 3520 1337 ,
3581 1290 3598 1322 ι
3633 1269 3792 1339 Ἐγὼ

2183 1372 2278 1426 καὶ
2301 1372 2330 1424 6
2361 1370 2552 1441 Πατὴρ
2583 1370 2642 1422 ἐν
2682 1371 2852 1439 ἐσμεν
2871 1385 2884 1397 ·
2913 1387 2933 1420 ι
2962 1367 3062 1438 τὴν
3097 1367 3246 1420 θείαν
3279 1365 3446 1419 αὑτοῦ
3474 1365 3568 1419 καί
3597 1363 3790 1435 ἀπόρο

2186 1467 2348 1536 ρητον
2389 1462 2676 1532 ἐννοοῦμεν
2722 1461 2907 1531 φύσιν,
2955 1459 3076 1514 καθ’
3127 1460 3195 1530 ἦν
3255 1461 3376 1512 ἐστι
3416 1461 3433 1499 ἱ
3489 1458 3627 1528 πρὸς
3684 1457 3792 1509 τὸν

2185 1557 2405 1628 Πατέρα
2450 1555 2542 1608 τὸν
2585 1552 2781 1609 ἐαυτοῦ
2828 1552 2915 1607 διά
2964 1552 3063 1624 τὴν
3105 1552 3411 1622 ταυτότητα
3445 1551 3545 1620 τῆς
3589 1548 3793 1612 οὐσίας

2185 1648 2350 1702 εἰκών
2391 1664 2452 1700 τε
2482 1647 2577 1700 καὶ
2611 1643 2921 1716 χαρακτὴρ,
2954 1644 3051 1698 καὶ
3099 1641 3448 1712 ἀπαύγασμα
3484 1641 3582 1711 τῆς
3617 1639 3792 1710 δόξης

2185 1741 2554 1798 αὑτοῦ.“οταν
2601 1739 2659 1794 δέ
2705 1738 2768 1792 τὸ
2799 1739 2902 1808 τῆς
2948 1737 3374 1809 ἀνθρωπότητος
3430 1735 3628 1806 μέτρον
3681 1734 3792 1785 οῦκ

493 1831 763 1886 exsistens
806 1839 1000 1886 natura
1055 1832 1257 1889 factum
1293 1842 1377 1887 est
1418 1847 1587 1898 caro,
1633 1835 1735 1888 hoc
1776 1841 1862 1887 est
1880 1832 2075 1900 ,homo.

2185 1835 2488 1908 ἀτιμάζων,
2541 1837 2655 1898 τοῖς
2699 1832 2980 1895 Ἰουδαίοις
3027 1829 3340 1902 προσλαλῇ·
3398 1847 3416 1880 ι
3445 1826 3560 1881 Νῦν
3601 1827 3659 1880 δέ
3712 1844 3790 1896 με

493 1931 656 1972 carne
695 1919 934 1974 animata
969 1922 1150 1975 anima
1184 1920 1439 1976 rationali
1478 1940 1489 1973 :
1531 1923 1779 1991 quaenam
1812 1923 1949 1977 ratio
2002 1921 2084 1975 le-

494 2018 597 2075 rat,
622 2019 680 2064 ut
710 2011 832 2092 quis
855 2027 1014 2069 voces
1040 2015 1158 2084 ejus
1212 2015 1527 2079 erubescat,
1567 2015 1614 2069 si
1645 2013 1799 2070 facta:
1828 2023 1954 2070 sunt
1990 2015 2081 2069 ho-

493 2101 622 2156 mini
657 2105 1052 2174 congruentes?
1079 2105 1216 2160 Nam
1245 2105 1289 2160 si
1323 2114 1600 2176 respueret
1662 2120 1944 2160 sermones
1987 2105 2078 2174 qui

493 2191 805 2249 hominibus
829 2205 1161 2263 congruunt,
1193 2197 1316 2266 quis
1351 2196 1617 2264 compulit
1646 2206 1705 2250 ut
1734 2197 1897 2252 homo
1926 2195 2082 2251 ﬁeret

490 2284 686 2339 similis
705 2286 900 2343 nobis?
946 2289 1046 2356 Qui
1079 2298 1261 2343 autem
1294 2303 1354 2343 se
1384 2287 1608 2342 demisit
1638 2299 1864 2358 propter
1897 2304 1997 2342 nos
2021 2288 2078 2342 in

492 2379 850 2458 voluntariam
875 2382 1328 2446 exinanitionem,
1360 2391 1582 2452 propter
1627 2397 1790 2452 quam
1855 2395 2076 2436 causam

495 2483 774 2541 respueret
803 2487 1088 2529 sermones
1119 2490 1236 2529 sua:
1263 2475 1632 2530 exinanitioni
1662 2474 2082 2529 convenientes?

493 2562 660 2634 igitur
685 2566 778 2620 uni
810 2581 1060 2636 personae
1079 2582 1270 2623 omnes
1304 2569 1541 2623 vocesin
1587 2565 1915 2638 Evangeliis,
1952 2565 2083 2621 sub-

492 2657 779 2723 sistentiae,
818 2658 1065 2728 inquam,
1099 2659 1194 2715 uni
1226 2658 1390 2717 Verbi
1449 2659 1717 2715 incarnati
1776 2658 2082 2714 tribuendas

492 2758 618 2805 sunt
674 2749 957 2820 (Dominus
993 2753 1138 2806 enim
1198 2768 1338 2808 unus
1375 2751 1536 2808 Jesus
1570 2750 1844 2818 Christus,
1887 2767 2082 2807 secun-

491 2840 616 2894 dum
647 2836 1006 2912 Scripturas).
1049 2841 1237 2914 Igitur,
1265 2854 1531 2914 quantum
1558 2857 1623 2898 ex
1648 2857 1761 2911 jam
1799 2852 1924 2898 ante
1951 2843 2083 2899 scri-

492 2933 620 3002 ptis,
652 2951 760 2989 non
792 2935 1071 3004 ignorasse
1119 2933 1580 3005 deprehendimur
1596 2935 2080 3005 dispensationem,

489 3034 547 3078 et
577 3041 702 3082 suas
737 3028 1023 3097 utriusque
1046 3037 1256 3085 natura;
1288 3031 1580 3096 voces,sed
1614 3032 1794 3100 potius
1829 3044 1935 3084 non
1958 3043 2081 3099 per-

2185 1928 2397 1998 ζητεῖτε
2425 1926 2746 1980 ἀποκτεῖναι
2805 1921 3113 1994 ἄνθρωπον,
3151 1920 3209 1984 ὃς
3240 1919 3341 1990 τὴν
3367 1917 3624 1989 ἀλήθειαν
3651 1917 3790 1986 ὑμῖν

2185 2017 2459 2088 λελάληκα
2487 2034 2502 2049 ο
2541 2035 2558 2068 ι
2597 2016 2760 2072 πάλιν
2789 2015 2942 2068 οὐδὲν
2975 2008 3140 2085 ἦττον
3169 2011 3331 2066 αὑτὸν
3361 2011 3454 2065 τὸν
3487 2011 3545 2064 ἐν
3574 2009 3783 2076 ἰσότητί

2185 2128 2243 2164 τε
2274 2111 2366 2164 καὶ
2390 2109 2670 2181 ὁμοιότητι
2698 2106 2793 2162 τοῦ
2823 2105 3036 2177 [ἰατρὸς
3068 2103 3201 2158 Θεὸν
3231 2103 3424 2171 Λόγον,
3448 2102 3544 2155 καὶ
3574 2103 3636 2153 ἐκ
3666 2100 3778 2154 τῶν

2184 2205 2284 2274 τῆς
2313 2202 2734 2272 ἀνθρωπότητος
2768 2197 2934 2252 αὐτοῦ
2965 2196 3181 2267 μέτρων
3223 2191 3685 2262 ἐπιγινώσκομεν.
3715 2190 3785 2242 Εἰ

2185 2294 2294 2365 γάρ
2325 2295 2475 2347 ἐστιν
2522 2292 2821 2360 ἀναγκαῖον
2868 2289 2930 2342 τὸ
2971 2287 3272 2351 πιστεύειν,
3305 2288 3388 2342 ὅτι
3417 2284 3547 2348 Θεὸς
3574 2283 3650 2336 ὢν
3684 2281 3791 2353 φύ-

2190 2404 2300 2453 σει,
2353 2385 2550 2456 γέγονε
2599 2381 2771 2454 σὰρξ,
2825 2383 2994 2453 ἤγουν
3047 2375 3792 2451 ἀνθρωπος,ἐμψυχωμένης

2185 2479 2330 2551 ψυχῇ
2362 2479 2555 2550 λογικῇ
2590 2477 2691 2547 τῆς
2730 2475 2932 2546 σαρκός
2954 2491 2967 2504 ·
3006 2471 3196 2527 ποῖονὶ
3259 2473 3324 2526 ἂν
3369 2472 3480 2541 ἔχοι
3529 2469 3689 2538 λόγον
3722 2469 3783 2521 τὸ

2186 2571 2608 2644 ἐπαισχύνεσθαί
2624 2587 2742 2623 τινα
2765 2570 2884 2631 ταῖς
2903 2569 3034 2638 παρ’
3052 2565 3216 2620 αὑτοῦ
3241 2567 3465 2635 φωναῖς,
3489 2565 3536 2616 εἰ
3553 2562 3773 2632 γεγόνα-

2189 2683 2272 2720 σιν
2297 2663 2816 2737 ἀνθρωποπρεπῶςς
2855 2661 2917 2715 Εἰ
2952 2660 3062 2731 γὰρ
3096 2661 3396 2730 παρῃτεῖτο
3417 2659 3543 2720 τοὺς
3571 2653 3781 2726 ἀνθρὼ-

2189 2776 2277 2830 πῳ
2305 2758 2613 2829 πρέποντας
2634 2755 2847 2823 λόγους,
2872 2753 2954 2818 τίς
2978 2755 3004 2806 6
3028 2753 3347 2821 ἀναγκάσας
3367 2749 3623 2820 γενέσθαι
3648 2748 3756 2800 καθ
3776 2746 3788 2764 '

2187 2852 2335 2922 ἡμᾶς
2378 2849 2707 2921 άνθρωπονς
2751 2847 2809 2901 'O
2840 2846 2897 2900 δὲ
2932 2846 3122 2909 καθεὶς
3169 2845 3360 2897 ἐαυτὸν
3410 2843 3477 2896 δι’
3510 2843 3658 2912 ἡμᾶς
3707 2843 3790 2904 εἷς

2189 2945 2436 2999 ἑκούσιον
2489 2942 2740 3005 κένωσιν,
2772 2939 2863 2994 διὰ
2909 2939 3074 2992 ποίαν
3130 2938 3315 2992 αἰτίαν
3368 2937 3670 3007 παρῃτεῖτο
3720 2935 3792 2987 ἂν

2186 3041 2314 3104 τοὺς
2359 3041 2425 3110 τῇ
2461 3035 2689 3091 κενώσει
2739 3034 3050 3104 πρέποντας
3081 3030 3317 3100 λόγους;
3359 3029 3473 3082 Ἑνί
3494 3027 3792 3098 τοιγαροῦν

493 3121 709 3176 mittere
764 3122 1113 3189 animalibus,
1175 3133 1229 3178 et
1274 3124 1526 3193 spiritum
1573 3141 1678 3180 non
1724 3124 2079 3187 habentibus,

2198 3133 2478 3207 προσώπῳ
2509 3129 2608 3195 τὰς
2644 3131 2701 3182 ἐν
2733 3129 2846 3190 τοῖς
2883 3124 3237 3193 Εὑαγγελίοις
3276 3122 3456 3186 πάσας
3495 3119 3791 3175 ἀναθετέον

493 3215 629 3271 duos
650 3216 896 3286 cOgitare
923 3216 1007 3272 vel
1031 3217 1214 3274 dicere
1242 3218 1430 3284 Filios,
1465 3218 1540 3272 ita
1569 3229 1629 3272 ut
1652 3218 1899 3272 dividant
1931 3219 2076 3271 inter

491 3321 550 3361 se
595 3307 983 3364 subsistentias
1033 3319 1156 3380 post
1195 3311 1518 3365 indivulsam
1580 3311 1904 3365 unitionem.
1961 3309 2071 3364 Sed

491 3399 620 3468 quia
654 3415 844 3470 parum
879 3401 1009 3472 quid
1034 3417 1100 3457 ex
1161 3413 1346 3456 nostra
1408 3401 1639 3473 epistola
1673 3411 1978 3470 posuerunt
2025 3400 2078 3454 in

494 3492 767 3561 principio
827 3508 1051 3548 suorum
1121 3508 1460 3561 sermonum,
1489 3503 1547 3548 et
1602 3493 2076 3556 minanturnobis,

493 3586 636 3650 quod
678 3585 730 3638 in
767 3591 1012 3653 tempore
1037 3585 1542 3657 sintredarguturi,
1601 3588 1753 3656 quasi
1810 3601 1914 3640 non
1969 3600 2082 3639 me-

493 3675 751 3730 diocriter
786 3678 1192 3744 peccaverimus
1217 3679 1270 3734 in
1297 3678 1536 3734 Verbum
1563 3695 1628 3733 ex
1657 3678 1766 3734 Deo
1797 3677 1964 3732 Patre
1985 3721 2000 3744 ,
2027 3691 2082 3734 et

493 3767 889 3823 incrementum
922 3783 984 3824 ac
1012 3770 1439 3838 profectum,qui
1469 3771 1536 3825 ad
1568 3786 1790 3826 carnem
1821 3773 2078 3842 pertinet,

493 3870 701 3916 natura:
730 3862 899 3930 ipsius
927 3862 1379 3933 insipientissime
1427 3864 1832 3919 tribuerimus:
1879 3879 1979 3935 age
2028 3873 2082 3918 et

495 3957 558 4012 ad
587 3956 690 4011 hoc
704 3957 1089 4011 convenientia
1115 3955 1384 4021 dicamus,
1421 3954 1725 4024 adjiciendo
1755 3966 1925 4012 totam
1952 3957 2072 4027 epi-

491 4047 644 4103 stola:
678 4056 908 4116 partem.
964 4044 1069 4116 Ipsi
1129 4047 1276 4102 enim
1325 4054 1627 4102 metuentes
1673 4049 1986 4117 veritatem,
2025 4057 2082 4103 et

492 4137 769 4192 auditores
812 4138 1084 4206 fallentes,
1140 4148 1347 4208 partem
1393 4142 1683 4208 quamdam
1755 4151 2076 4210 posuerunt,

492 4248 610 4285 eam
639 4246 759 4291 quas
789 4233 920 4300 ipsis
957 4232 1248 4286 utilissima
1285 4246 1408 4288 esse
1452 4231 1736 4287 videbatur
1754 4233 1821 4286 ad
1860 4234 1983 4298 hoc,
2022 4244 2083 4288 ut

494 4324 618 4379 inde
678 4332 898 4393 possent
927 4339 990 4378 ac
1014 4323 1330 4378 viderentur
1353 4325 1502 4396 juste
1526 4325 1826 4380 calumnias
1872 4326 1924 4378 in
1981 4341 2080 4379 nos

491 4426 730 4472 struere.
763 4416 935 4471 Habet
966 4426 1150 4473 autem
1172 4417 1251 4472 sic
1301 4419 1445 4487 quod
1492 4418 1698 4474 dictum
1743 4427 1825 4472 est
1859 4435 1873 4474 :
1913 4418 1978 4472 Et
2033 4418 2078 4471 si

2184 3228 2389 3302 φωνὰς,
2422 3222 2719 3278 (amorim
2752 3220 2851 3289 μιᾷ
2876 3220 2942 3288 τῇ
2974 3216 3069 3270 τοῦ
3093 3215 3269 3286 Λόγου
3294 3212 3699 3287 σεσαρκωμένῃ
3727 3212 3750 3251 k
3773 3231 3788 3243 -

2183 3322 2388 3392 Κύριος
2420 3316 2530 3386 γὰρ
2561 3307 2642 3376 εἷς
2676 3311 2884 3380 Ἰησοῦς
2910 3308 3208 3386 Χριστὸςι,
3233 3309 3374 3363 κατά
3403 3307 3501 3370 τὰς
3537 3307 3789 3376 Γραφάς.

2182 3414 2396 3471 Οὐκοῦν
2430 3412 2559 3474 ὠςω
2590 3408 2701 3462 ἀπό
2733 3423 2797 3475 γε
2825 3404 2935 3458 τῶν
2966 3404 3067 3475 ἤδη
3099 3401 3614 3474 προγεγραμμένων
3635 3442 3648 3462 ,
3687 3400 3792 3451 οὐκ

2181 3506 2515 3578 ἠγνοηκότες
2567 3503 2666 3574 μὲν
2705 3497 3029 3570 ἀλωσόμεθα
3056 3499 3158 3569 τὴν
3187 3495 3524 3565 οἰκονομίαν,
3556 3493 3654 3546 καὶ
3689 3493 3793 3560 τὴν

2184 3602 2392 3673 ἑκάστῃ
2443 3597 2605 3668 φύσει
2669 3592 2989 3665 πρέπουσαν
3039 3589 3243 3660 φωνὴν,
3292 3588 3391 3642 οὐκ
3438 3585 3685 3654 ἐφιέντες
3736 3585 3792 3637 δὲ

2186 3693 2387 3765 μᾶλλον
2440 3693 2556 3753 τοῖς
2600 3688 2876 3758 ψυχικοῖς,
2901 3684 2998 3738 καὶ
3027 3683 3247 3753 πνεῦμα
3295 3682 3370 3752 μὴ
3406 3679 3613 3750 έχουσι,
3648 3681 3789 3731 νοεῖν

2182 3786 2276 3840 δύο
2303 3786 2474 3848 υἱοὺς,
2507 3783 2540 3852 ἦ
2573 3782 2778 3848 λέγειν,
2810 3776 3156 3848 διαιροῦντας
3207 3773 3458 3842 ἀλλήλων
3507 3771 3608 3835 τὰς
3652 3772 3780 3825 ὑπο-

2185 3878 2406 3939 στάσεις
2457 3872 2594 3944 μετά
2633 3871 2731 3942 τὴν
2774 3870 3192 3924 ἀδιάσπαστονυ
3223 3866 3440 3919 ἕνωσιν.
3459 3863 3680 3932 Ἐπειδὴ
3721 3860 3776 3913 δὲ

2185 3969 2358 4041 βραχύ
2411 3986 2464 4020 τι
2517 3966 2682 4037 μέρος
2716 3963 2976 4025 λαὸόντες
3027 3960 3087 4026 ἐξ
3138 3959 3417 4031 ἡμετέρας
3467 3954 3784 4024 ἐπιστολῆς,

2181 4061 2492 4114 τεθείκασιν
2545 4060 2604 4111 ἐν
2651 4056 2794 4127 ἀρχῇ
2847 4053 2955 4107 τῶν
3011 4052 3156 4105 ἰδίων
3209 4049 3403 4118 λόγων,
3433 4045 3791 4108 ἀπειλοῦντες

2182 4154 2331 4224 ἡμᾶς
2363 4151 2457 4204 ἐπὶ
2486 4147 2680 4217 καιροῦ
2714 4145 3035 4215 διελέγχειν,
3061 4142 3136 4206 ὡς
3165 4143 3226 4195 ού
3265 4139 3501 4211 μετρίως
3533 4140 3791 4208 ἡμαρτη-

2183 4245 2346 4306 κότας
2376 4244 2455 4304 εἰς
2487 4240 2580 4294 τὸν
2627 4241 2690 4292 ἐκ
2727 4237 2866 4291 Θεοῦ
2904 4234 3117 4306 Πατρὸς
3149 4234 3342 4301 Λόγον,
3376 4230 3470 4284 καὶ⁹
3504 4233 3567 4299 τῇ
3615 4229 3785 4280 αὑτοῦ

2183 4331 2342 4400 φύσει
2369 4329 2466 4400 τὴν
2491 4332 2557 4399 τῇ
2590 4329 2756 4399 σαρκὶ
2788 4325 3110 4396 πρέπουσαν
3147 4321 3379 4392 αὔξησίν
3418 4337 3477 4373 τε
3513 4321 3604 4373 καὶ
3644 4335 3786 4390 προ-

2184 4415 2359 4486 κοπὴν
2387 4415 2728 4469 ἀδουλότατα
2754 4412 3305 4486 προσνενεμηκότας·
3352 4410 3486 4481 φέρε
3517 4408 3612 4462 καὶ
3648 4409 3792 4478 πρός

490 4511 729 4564 audieris
773 4510 915 4580 quod
953 4509 1430 4579 profeceritJesus
1463 4520 1626 4565 actate
1648 4520 1704 4564 et
1727 4511 1992 4580 sapientia
2021 4521 2076 4566 et

2184 4525 2242 4577 γε
2273 4509 2447 4562 ταῦτα
2485 4508 2552 4561 τά
2599 4508 2789 4561 εἰκότα
2829 4506 3101 4576 λέγωμεν,
3137 4504 3256 4557 ὅλον
3294 4501 3634 4573 παραθέντες
3685 4499 3790 4568 τῆς

491 4601 663 4673 gratia
696 4601 762 4666 ⁸⁸,
801 4617 869 4657 ne
893 4610 1050 4669 putes
1103 4599 1340 4656 Verbum
1407 4601 1502 4656 Dei
1569 4601 1787 4668 sapiens
1833 4599 2078 4669 profectu

490 4694 740 4748 effectum
755 4709 898 4750 esse.
936 4693 1388 4750 Commemorabo
1408 4701 1587 4746 autem
1623 4693 1813 4762 magis,
1841 4693 1982 4762 quod
2004 4693 2084 4748 sic

493 4785 707 4840 divinus
757 4784 960 4841 Paulus
1007 4786 1292 4856 scripserit
1330 4801 1344 4836 :
1385 4801 1404 4835 ι
1440 4783 1693 4838 Christus
1743 4783 1837 4838 Dei
1884 4784 2079 4849 virtus,

491 4889 546 4932 et
581 4879 672 4933 Dei
701 4879 963 4948 sapientia
995 4879 1062 4932 ⁸⁸.
1109 4897 1128 4930 ι
1171 4877 1358 4946 Neque
1389 4890 1580 4930 rursus
1609 4875 1736 4930 illud
1800 4880 2081 4947 nugaciter

491 4971 639 5024 ausis
669 4969 873 5033 dicere,
900 4969 1041 5038 quod
1066 4968 1334 5036 prolicere
1369 4967 1422 5022 in
1440 4977 1600 5021 aetate
1630 4967 1990 5035 etsaplentia,
2025 4978 2080 5022 et

491 5061 689 5130 gratia,
720 5061 923 5114 homini
955 5060 1318 5114 attribuamus
1353 5077 1366 5113 :
1399 5058 1501 5113 hoc
1537 5058 1694 5129 173
1712 5059 1942 5123 euim,ut
1973 5061 2081 5128 opi-

494 5168 614 5217 uor,
650 5151 785 5206 nihil
811 5151 955 5205 aliud
987 5159 1092 5212 est,
1124 5163 1287 5220 quam
1340 5149 1584 5205 dividere
1637 5151 1691 5205 in
1733 5151 1870 5206 duos
1915 5167 2079 5205 unum

490 5240 767 5298 Christum
800 5261 814 5297 :
846 5244 965 5308 sed,
985 5240 1126 5295 sicut
1151 5239 1312 5311 paulo
1337 5249 1465 5297 ante
1500 5241 1637 5310 dixi,
1660 5239 1851 5311 Filius,
1875 5241 1968 5312 qui
1998 5252 2084 5298 est

2184 4601 2478 4670 ἐπιστολῆς
2502 4600 2561 4654 τὸ
2595 4601 2780 4670 μέρος.
2817 4598 3125 4660 Δεδοικότες
3143 4605 3171 4634 ο
3198 4597 3307 4667 γάρ
3341 4597 3496 4648 αὐτοὶ
3522 4594 3623 4664 τὴν
3653 4593 3792 4662 ἀλή-

2184 4691 2358 4757 θειαν,
2387 4693 2484 4745 καὶ
2515 4690 2958 4762 συναρπάζοντες
3004 4688 3132 4752 τοὺς
3181 4685 3589 4757 ἀκροωμένους,
3621 4683 3790 4753 μέρος

2180 4799 2235 4836 τι
2263 4783 2602 4848 τεθείκασιν,
2633 4783 2773 4854 ὅπερ
2805 4781 2990 4844 αὐτοῖς
3031 4779 3207 4832 ἐδόκει
3240 4776 3672 4849 χρειωδέστατον
3709 4771 3790 4828 εἷ-

2191 4893 2272 4928 δαι
2306 4875 2444 4946 πρὸς
2463 4875 2527 4928 τὸ
2555 4874 2817 4928 δύνασθαί
2853 4891 2914 4927 τε
2957 4874 3098 4926 καὶρ
3133 4870 3240 4942 μὴν
3271 4871 3368 4924 καὶ
3405 4869 3585 4922 δοκεῖν
3626 4868 3782 4921 εὐλό-

2186 4976 2359 5033 γουςίι
2390 4966 2488 5029 τάς
2518 4962 2641 5018 καθ’
2668 4963 2827 5035 ἡμῶν
2853 4961 3125 5017 ποιεῖσθαι
3155 4958 3521 5028 συκοφαντίας
3541 4975 3554 4988 ·
3592 4957 3703 5026 ἔχει
3727 4957 3786 5010 δὲ

2187 5058 2361 5119 οὕτως
2398 5057 2460 5109 τὸ
2497 5056 2790 5127 εἰρημένον
2816 5071 2829 5085 ·
2867 5055 2986 5109 Κάν
3020 5053 3283 5125 ἀκούσῃς,
3313 5053 3396 5105 ὄτι
3442 5049 3786 5121 προέκοπτεν

2187 5152 2216 5204 6
2253 5149 2459 5220 Ἰησοῦς
2505 5149 2709 5221 ἡλικίᾳ,
2745 5149 2840 5204 καὶ
2891 5149 3073 5218 σοφία,
3106 5146 3203 5200 καὶ
3245 5145 3450 5216 χάριτι,
3493 5143 3570 5214 μὴ
3618 5143 3785 5210 σοφὸν

2189 5243 2249 5309 ἐξ
2281 5243 2574 5306 ἐπιδόσεως
2603 5241 2832 5314 νομίσῃς
2863 5239 3117 5309 γενέσθαι
3149 5238 3242 5292 τὸν
3269 5236 3364 5290 τοῦ
3398 5235 3536 5289 Θεοῦ
3567 5233 3745 5301 Λόγον
3766 5249 3781 5262 ·

560 5403 604 5433 ⁷⁹
630 5401 789 5455 Joan.
826 5416 936 5464 xw,
965 5400 1018 5454 9.
1098 5399 1142 5431 ⁸ο
1174 5397 1328 5455 Joan.
1356 5415 1390 5454 ι
1447 5400 1526 5456 30.
1601 5399 1645 5432 "
1673 5399 1838 5456 llehr.
1870 5416 1908 5466 ι,
1942 5401 1997 5454 5.
2077 5406 2079 5428 ²

2189 5417 2315 5455 oan.
2355 5417 2469 5464 vm,
2501 5400 2590 5455 40.
2669 5399 2716 5433 ⁸³
2744 5398 2874 5454 Luc.
2907 5415 2968 5465 ιι,
2993 5397 3081 5454 52.
3158 5396 3205 5429 ⁸⁸
3236 5396 3251 5449 l
3277 5395 3402 5450 Cor.
3440 5413 3474 5457 I,
3509 5393 3598 5447 9.4.

1566 5556 1740 5611 Varia:
1768 5557 2030 5612 lectiones
2061 5573 2127 5611 cx
2161 5557 2344 5612 codice
2378 5557 2750 5628 Seguieriano.

578 5714 606 5798 ξι
625 5711 868 5798 διπλοῦς,
915 5713 1112 5798 μᾶλλον
1144 5712 1259 5798 ἀλλ’
1281 5709 1395 5798 εἷς.⁹

515 5782 590 5840 ιὰ
623 5783 875 5855 Χριστός.
918 5782 922 5784 Ἴ
954 5793 992 5816 ’⁵
1020 5785 1109 5839 καὶ
1143 5785 1236 5848 ὡς.
1319 5796 1343 5822 ιι
1374 5782 1728 5841 ἀδιάστατον.

1470 5715 1489 5786 ίί
1527 5715 1650 5767 καθ’
1678 5717 1746 5786 ἢν
1776 5717 1870 5770 καὶ
1897 5714 1956 5768 ’έν
1987 5718 2122 5770 ἐστι.

1815 5795 1836 5821 °
1862 5788 2114 5850 δεδιότες.
2205 5798 2228 5836 P
2262 5787 2345 5842 i'U'.

2215 5727 2227 5764 ι
2267 5716 2665 5786 ἐμψυχωμένος
2714 5713 2861 5785 ψυχῇ
2896 5714 3114 5786 λογικῇ.
3192 5709 3218 5752 ι
3253 5713 3693 5785 σεσαρκωμένου.

2392 5785 2501 5841 ναί.
2583 5797 2610 5836 σι
2638 5786 2898 5854 εὐδοκεῖν,
2932 5785 3189 5852 εὐλόγως.
