4080 6418
294 350 402 406 3-H

913 351 1445 440 APOLOGETICUS
1483 355 1618 411 PRO
1658 355 1750 411 XII
1792 354 2166 412 CAPITIBUS
2209 355 2489 414 CONTRA
2531 354 2994 412 ORIENTALES.

3457 354 3564 410 342

292 468 751 539 διαμεμνήσομαι
772 469 828 522 δὲ
852 459 1054 541 μᾶλλον
1085 472 1421 542 γεγραφότος
1449 473 1547 527 ὡδὶ
1575 476 1666 528 τοῦ
1692 473 1887 528 θεσπε-

2009 485 2118 530 inte
2142 475 2358 541 saecula,
2395 476 2447 529 in
2483 475 2799 530 novissimis
2865 473 3046 529 saeculi
3105 471 3436 543 temporibus
3511 473 3564 525 in

295 559 411 612 σίου
446 558 700 612 Παύλου·
742 578 761 610 ι
792 561 1030 632 Χριστὸς
1055 544 1480 634 Θεοῦῖἷύναμις,
1514 566 1605 619 καὶ
1633 565 1768 619 Θεοῦ
1799 583 1886 618 σο-

292 650 410 720 φία.
445 670 464 703 ι
508 652 667 722 Μηδὲ
705 647 772 706 αὖ
806 653 985 706 ὲκεῖνο
1015 653 1310 724 φληνάφως
1365 658 1642 726 τολμήσῃς
1671 658 1844 710 είπείν
1870 700 1884 722 ,

291 745 368 794 ὅτι
401 742 468 794 τὸ
497 742 837 812 προκόπτειν
865 744 922 797 ὲν
947 744 1132 816 ἡλικίᾳ
1161 762 1219 799 τε
1239 746 1332 800 καλ⁵
1356 746 1535 816 σοφίᾳ.
1569 749 1660 801 καὶ
1684 749 1886 820 χάριτι,

296 832 367 904 τῷ
410 833 704 904 ἀνθρώπῳ
725 836 1111 907 προσάψομεψ
1137 839 1297 892 τοῦτο
1343 840 1452 909 γάρ
1504 841 1673 906 ἐστιν,
1709 836 1880 910 οἶμαι,

305 925 475 994 ἕτερον
499 934 523 960 τ
561 925 741 990 οὐδὲν,
775 925 806 996 ἢ
853 926 1049 979 διελεῖν
1091 928 1170 992 εἰς
1217 927 1312 981 δύο
1358 928 1448 982 τὸν
1479 927 1577 980 ἕνα
1611 928 1846 998 Χριστόν
1871 944 1884 958 ·

309 1015 407 1068 ἀλλ’
435 1014 638 1088 ὥσπερ
675 1016 813 1086 ἔφην
841 1018 1064 1086 ἀρτίως,
1099 1019 1424 1090 προαιὼνιος
1471 1019 1549 1074 ὢν
1593 1023 1622 1074 6
1655 1021 1801 1084 Υἱὸς,
1831 1021 1889 1072 ὲν

306 1107 549 1176 ἐσχάτοις
574 1107 674 1161 τοῦ
716 1109 908 1172 αἰῶνος
933 1113 1143 1181 καιροῖς
1171 1114 1251 1176 είς
1290 1110 1417 1166 Υἱὸν
1461 1111 1695 1183 ὡρίσθαι
1737 1111 1888 1180 λέγεν

267 1219 276 1226 ·
305 1213 379 1249 ται
411 1195 579 1260 Θεοῦ,
616 1197 721 1267 τῆς
751 1198 886 1262 ἰδίας
931 1201 1132 1271 σαρκὸς
1176 1201 1274 1272 τὴν
1303 1202 1558 1271 γέννησιν
1587 1201 1890 1272 οἰκειούμε-

303 1299 380 1344 νος
405 1283 784 1354 οἰκονομικῶς
810 1302 823 1316 ·
851 1286 994 1340 οὓτω
1041 1289 1137 1340 καὶ
1183 1289 1446 1360 ὑπάρχων
1475 1289 1638 1358 σοφία
1665 1289 1761 1344 τοῦ
1797 1307 1893 1358 γε-

300 1375 658 1445 γεννηκότος,
705 1378 1038 1448 προκόπτειν
1095 1385 1154 1434 ὲν
1207 1383 1370 1452 σοφίᾳ
1420 1382 1660 1450 λέγεται,
1713 1385 1891 1438 καίτοι

295 1467 618 1532 παπέλειος
651 1467 730 1521 ὢν
777 1471 854 1534 ὡς
888 1472 1042 1538 Θεὸς,
1071 1473 1140 1527 τὰ
1188 1476 1288 1546 τῆς
1333 1474 1755 1547 ἀνθρωπότητος
1784 1477 1894 1531 ἴδια

295 1559 380 1613 διὰ
404 1561 510 1632 τήν
554 1564 642 1626 είς
687 1562 858 1636 ἄκρον
895 1565 1088 1618 ἕνωσιν
1116 1569 1193 1630 είς
1220 1566 1412 1621 ἑαυτὸν
1438 1569 1665 1631 εἰκότως
1691 1569 1895 1624 ἀναλα-

300 1651 592 1707 6ὠν.Ἀνθ⁹
625 1655 752 1709 ὅτου
785 1656 850 1726 δὴ
894 1652 988 1710 οὖν
1031 1657 1165 1712 Θεοῦ
1213 1659 1493 1729 λέγοντος,
1531 1679 1550 1712 ι
1586 1662 1778 1733 Κρῖμα
1812 1663 1894 1717 δί-

309 1760 448 1797 καιον
477 1745 738 1817 κρίνατε,
781 1768 798 1800 ι
827 1749 1287 1820 παραλογίζονται
1309 1752 1410 1824 τήν
1433 1752 1728 1822 ἀλήθειαν;
1756 1752 1894 1808 Οὔτε

1992 567 2184 620 Filium
2219 566 2311 621 Dei
2341 567 2754 636 prtetlestinatus
2786 581 2906 620 esse
2947 565 3145 620 dicitur
3170 564 3239 630 ⁸⁵,
3285 578 3395 617 sua;
3444 577 3565 616 car-

1991 659 2075 714 nis
2099 659 2432 713 nativitatem
2466 659 2571 713 sibi
2633 658 2994 728 approprians
3031 657 3417 726 dispensative.
3478 653 3569 706 Sic

1989 760 2042 804 et
2071 751 2338 806 exsistens
2371 751 2637 819 sapientia
2680 749 2820 818 ejus,
2854 750 2944 818 qui
2983 751 3190 818 genuit,
3227 748 3492 817 prolicere
3517 745 3566 799 in

1991 842 2253 912 sapientia
2293 843 2514 907 dicitur,
2553 844 2802 912 quamvis
2846 841 3278 911 perfectissimus
3338 841 3428 901 sit,
3480 847 3560 888 ut-

1993 945 2116 1004 pote
2152 934 2312 1000 Deus,
2338 935 2468 989 dum
2499 935 2855 992 humanitatis
2882 935 3243 1006 proprietates
3297 945 3393 999 per
3419 943 3570 981 sum-

1991 1041 2134 1081 mam
2164 1027 2461 1082 unitionem
2493 1027 2545 1082 in
2577 1041 2640 1084 se
2699 1027 3090 1084 convenienter
3154 1022 3416 1091 suscepit.
3463 1020 3574 1074 Cur

1991 1131 2122 1188 ergo
2148 1132 2268 1171 cum
2326 1118 2466 1173 Deus
2523 1117 2670 1173 dicat
2707 1134 2723 1173 :
2761 1136 2779 1169 ι
2813 1115 3084 1172 Judicium
3109 1113 3314 1184 justum
3371 1109 3580 1180 judica-

1995 1219 2048 1263 te
2083 1209 2163 1263 ⁸⁸ε
2206 1228 2226 1262 ι
2254 1211 2541 1265 veritatem
2569 1209 2723 1266 falsis
2754 1208 3060 1268 rationibus
3081 1203 3440 1261 adumbrant?
3465 1199 3566 1255 Ne-

1994 1314 2098 1370 que
2121 1301 2266 1356 enim
2301 1301 2652 1368 partitionem
2687 1297 3166 1354 subsistentiarum
3217 1302 3338 1364 post
3379 1292 3574 1348 unitio-

1997 1406 2120 1448 nem
2150 1392 2597 1462 dogmatizamus,
2646 1405 2823 1462 neque
2874 1388 3100 1445 Deitatis
3159 1395 3408 1441 naturam
3473 1396 3575 1436 att-

1999 1493 2222 1552 gmento
2239 1491 2292 1538 et
2321 1482 2566 1551 profectu
2587 1497 2725 1552 opus
2751 1481 3007 1536 habuisse
3037 1479 3300 1542 dicimus;
3322 1474 3414 1531 sed
3444 1473 3575 1528 illud

1997 1576 2196 1644 potius,
2229 1577 2374 1644 quod
2402 1575 2700 1630 secundum
2728 1571 3153 1642 dispensativam
3183 1563 3576 1640 appropriatio-

1998 1681 2120 1720 nem
2182 1681 2310 1722 snas
2350 1666 2545 1722 fecerit
2605 1664 2788 1721 carnis
2843 1662 3230 1733 proprietates,
3303 1673 3368 1712 eo
3409 1657 3574 1724 quod,

2004 1777 2023 1809 ι
2053 1759 2285 1813 Verbum
2311 1774 2440 1815 caro
2460 1757 2659 1813 factum
2695 1765 2831 1822 est,»
2861 1754 3156 1812 secundum
3183 1748 3574 1820 Scriptor-as”.

313 1836 404 1905 γὰρ
432 1838 708 1909 μερισμὸν
750 1840 862 1894 τῶν
887 1841 1241 1896 ύποστάσεων
1280 1846 1419 1914 μετὰ
1450 1844 1548 1916 τὴν
1577 1845 1772 1899 ἕνωσιν
1799 1846 1887 1900 δο-

2009 1850 2150 1916 Qnod
2181 1860 2360 1906 autem
2395 1849 2487 1904 tali
2515 1849 2638 1904 lldei
2697 1858 2751 1903 et
2782 1846 3024 1918 opinioni
3062 1845 3227 1900 etiam
3262 1849 3576 1896 sanctorum

313 1929 666 2000 γματίζομεν,
702 1931 830 1986 οὔτε
875 1933 974 2005 τὴν
1003 1936 1098 2005 τῆς
1124 1935 1392 2007 Θεότητος
1408 1936 1570 2005 φύσιν
1611 1935 1893 2008 αὐξήσεως

314 2037 367 2073 τε
392 2022 484 2074 καὶ
503 2026 790 2096 προκοπῆς
821 2025 1107 2096 δεδεῆσθαι
1130 2045 1310 2100 φαμεν
1336 2043 1350 2058 ο
1380 2029 1558 2082 ἐκεῖνο
1575 2029 1631 2081 δὲ
1659 2028 1860 2098 μᾶλλον
1877 2067 1891 2092 ,

317 2111 393 2164 ὅτι
434 2117 549 2167 κατ’
580 2117 861 2170 οἰκείωσιν
891 2120 1244 2192 οἰκονομικὴν
1272 2119 1466 2173 ἑαυτοῦ
1499 2119 1797 2190 πεποίηται
1826 2120 1894 2173 τὰ

325 2204 431 2257 ἴδια
451 2205 545 2274 τῆς
576 2208 796 2280 σαρκὸς,
829 2210 935 2273 ὡς(
968 2209 1100 2281 σὰρξ
1129 2211 1392 2281 γεγονὼς,
1419 2230 1437 2264 ι
1467 2210 1608 2264 κατά
1628 2211 1728 2274 τὰς
1750 2211 1896 2282 Γρα-

2002 1942 2228 1997 Patrum
2261 1943 2516 1999 concinat
2542 1943 2765 2005 chorus,
2805 1939 3099 1996 ostendere
3127 1935 3407 1990 attentabo
3446 1928 3580 1995 adji-

1997 2035 2147 2088 ciens
2177 2038 2244 2088 ad
2277 2034 2536 2102 majorem
2575 2033 2982 2095 certitudinem,
3017 2039 3225 2100 partem
3285 2022 3581 2080 enarratio-

2001 2126 2084 2180 nis
2112 2126 2240 2180 olim
2271 2127 2339 2181 ab
2366 2127 2547 2183 Attico
2574 2126 2748 2181 beatae
2775 2124 3054 2180 memoriae
3105 2120 3366 2192 episcopo
3399 2114 3579 2170 factm;

2002 2215 2074 2270 Ea
2115 2217 2194 2272 sic
2228 2218 2390 2274 habet
2434 2237 2447 2272 :

335 2298 575 2366 φίςιὍτι
595 2301 648 2354 δὲ
677 2305 742 2374 τῇ
774 2305 953 2375 τοιᾷδε
996 2305 1176 2359 πίστει
1199 2323 1259 2360 τε
1291 2307 1386 2361 καὶ
1413 2306 1540 2378 δόξῃ
1589 2304 1682 2358 καὶ
1746 2305 1774 2358 6
1817 2307 1923 2361 τῶν
1961 2312 2134 2379 ἁγίων
2168 2314 2430 2386 Πατέρων
2488 2313 2702 2385 συνᾴδει
2727 2310 2908 2383 χορὸς,
2936 2307 3199 2370 ἐπιδεῖξαι
3226 2302 3578 2374 πειράσομαι.

337 2392 581 2461 παραθεὶς
622 2396 700 2458 είς
773 2397 1246 2471 πληροφόρησινε,
1287 2399 1599 2471 ἐξηγήσεως
1665 2397 1851 2468 μέρος.
1887 2405 2189 2477 γενομένης
2219 2408 2362 2461 κατὰ
2427 2408 2656 2478 καιροὺς
2697 2405 2848 2477 παρά
2880 2402 2976 2457 τοῦ
3007 2403 3108 2471 τῆς
3138 2395 3416 2470 μακαρίας
3447 2390 3582 2463 μνὴο

320 2504 426 2558 μης
459 2491 731 2546 Ἀττικοῦο
769 2494 884 2564 ἔχει
913 2496 972 2549 δὲ
1001 2495 1172 2562 οὕτως
1203 2514 1221 2530 ⁶

423 2611 685 2665 Ἀττικοῦ
711 2612 1052 2668 ἐπισκόπου
1073 2619 1788 2686 Κωνσταντινουπόλεως.

373 2721 633 2791 Σήμερον
665 2724 903 2795 Χριστὸς
934 2726 962 2777 ό
992 2727 1269 2800 Δεσπότης
1301 2731 1401 2801 τὴν
1445 2733 1545 2802 τῆς
1598 2733 1903 2806 φιλανθρω-

302 2813 432 2878 πίας
466 2815 733 2884 γέννησιν
772 2819 1082 2883 ἀνεδέξατο’
1114 2821 1211 2891 τὴν
1241 2821 1350 2894 γὰρ
1380 2824 1479 2894 τῆς
1513 2825 1703 2896 θεῖκῆς
1745 2827 1904 2892 ἀξίας

297 2905 697 2976 προῦπῆρχεν.
741 2905 873 2962 Εἶτα
899 2910 1112 2976 τούτοις
1163 2913 1417 2984 ἐπιφέρει
1471 2915 1652 2970 πάλιν·
1689 2918 1747 2970 Ὀ
1801 2919 1904 2988 τῆς

293 2996 731 3067 φιλανθρωπίας
782 3001 956 3069 Λόγος
985 3003 1260 3070 κενοῦται,
1291 3005 1563 3070 ἀκένωτος
1599 3010 1698 3080 τὴν
1741 3010 1905 3079 φύσιν

2296 2613 2453 2666 Attici
2480 2609 2707 2682 episcopi
2725 2600 3319 2672 Constantinopolitani.

2074 2726 2246 2782 Hodie
2264 2725 2526 2780 Dominus
2555 2723 2806 2778 Christus
2827 2715 3181 2786 benignitatis
3241 2714 3581 2769 nativitatem

2001 2817 2259 2887 suscepit.
2293 2816 2428 2870 Nam
2477 2815 2774 2870 secundum
2845 2813 2990 2866 illam
3052 2810 3247 2864 divina:
3304 2806 3586 2876 dignitatis

2003 2912 2152 2981 prius
2168 2920 2307 2967 erat.
2344 2911 2547 2965 Deinde
2574 2909 2678 2965 illis
2711 2909 2906 2962 iterum
2931 2907 3173 2960 annectit
3209 2922 3221 2958 :
3267 2899 3588 2956 Humanita-

2003 3003 2072 3058 tis
2121 3003 2354 3058 Verbum
2411 3002 2746 3065 exinanitur,
2791 3009 2984 3054 natura
3061 3011 3168 3051 non
3250 2991 3581 3046 exinanibile

291 3087 610 3158 ὑπάρχωνο
661 3089 924 3145 «Ἑαυτὸν
969 3094 1078 3165 γὰρ
1137 3095 1396 3162 ὲκένωσε,
1453 3100 1670 3172 μορφὴν
1714 3102 1902 3156 δούλου

2009 3095 2298 3151 exsistens.
2335 3114 2353 3146 ι
2391 3093 2642 3163 Seipsum
2671 3092 2814 3148 enim
2845 3088 3166 3153 exinanivit,
3191 3085 3420 3140 formam
3442 3082 3584 3134 servi

288 3180 512 3235 λαϐὼν.
556 3201 574 3232 ι
607 3181 667 3235 Ὀ
703 3183 947 3255 ἄσαρκος
976 3185 1062 3240 διὰ
1098 3187 1156 3240 σὲ
1198 3188 1514 3259 σαρκοῦται’
1542 3210 1558 3242 t
1585 3193 1641 3246 '0
1669 3193 1776 3264 γὰρ
1809 3194 1912 3249 Λό-

287 3290 398 3342 γος
438 3271 588 3344 σὰρξ
611 3274 862 3342 ἐγένετο·
898 3295 917 3327 ι
951 3277 1009 3329 Ὃ
1028 3279 1137 3351 ἁφῇ
1162 3279 1236 3351 μὴ
1268 3282 1588 3349 ὑποπίπτων
1612 3283 1700 3338 διὰ
1728 3287 1788 3339 τὸ
1808 3286 1910 3356 τῆς

288 3365 529 3433 φύσεως
562 3364 875 3436 ἀσώματον,
895 3368 1237 3440 ψηλαερᾶται.
1260 3373 1315 3427 Ὀ
1338 3374 1594 3446 ἄναρχος,
1609 3377 1713 3429 ὑπὸ
1736 3377 1910 3449 ἀρχὴν

287 3457 523 3525 γίνεται
585 3460 938 3530 σωματικήν⁸
996 3463 1025 3516 ὁ
1072 3463 1272 3528 τέλειος
1319 3465 1509 3532 αὔξειο
1568 3470 1596 3521 ὁ
1643 3469 1912 3539 ἄτρεπτος

291 3549 650 3620 προκόπτει·
693 3551 721 3603 ὁ
740 3550 1017 3620 πλούσιος,
1035 3555 1092 3607 ὲν
1119 3556 1464 3628 καταλύματι
1492 3558 1728 3627 γίνεται·
1753 3563 1781 3615 6
1815 3579 1914 3615 πε-

297 3642 590 3713 ριϐάλλων
624 3642 719 3697 τὸν
750 3644 980 3715 οὐρανὸν
1001 3646 1058 3699 ὲν
1099 3647 1370 3718 νεφέλαις,
1405 3650 1814 3722 σπαργανοῦται
1836 3671 1849 3686 ο
1882 3652 1912 3706 ὁ

300 3735 595 3806 βασιλεὺς,
638 3735 700 3788 ὲν
727 3737 904 3810 φάτνῃ
939 3737 1169 3795 τίθεται.

381 3915 510 3967 Ὃτι
560 3913 621 3966 δὲ
664 3913 896 3986 διαιρεῖν
925 3913 1026 3978 τὰς
1059 3916 1387 3981 ὑποστάσεις
1418 3919 1554 3989 μετά
1587 3920 1687 3991 τὴν
1721 3920 1915 3975 ἕνωσιν

321 4006 421 4057 οὒκ
467 4005 863 4076 ἀπλημμελὲς,
902 4007 1104 4078 μᾶλλον
1143 4008 1199 4062 δὲ
1244 4009 1662 4082 ἀνατρεπόντων
1706 4015 1823 4067 ἐστὶ
1855 4015 1916 4068 τὸ

336 4100 523 4154 σεπτὸν
561 4101 666 4173 τῆς
711 4100 1179 4172 ὲνανθρωπήσεως
1215 4105 1537 4175 μυστήριον,
1568 4106 1721 4160 οὐδὲν
1750 4101 1917 4179 ἦττον

333 4189 604 4260 εἰσόμεθα,
640 4193 760 4255 τοῖς
807 4191 1230 4260 ὲντεταγμένοις
1259 4193 1680 4263 ἐντυγχάνοντες
1732 4197 1917 4266 ῥητοῖς

343 4281 556 4337 Ἰουλίου
609 4300 674 4336 τε
726 4283 823 4335 καὶ
871 4281 1126 4353 Φήλικος,
1159 4282 1266 4336 τῶν
1299 4284 1747 4357 ἀφηγησαμένων
1777 4289 1918 4342 κατά

325 4375 554 4446 καιροὺς
583 4374 690 4444 τῆς
723 4373 1016 4442 Ῥωμαίων
1051 4373 1398 4444 Ἑκκλησίας.

664 4488 927 4544 Ἰουλίου
967 4488 1306 4544 ἐπισκόπου
1348 4489 1595 4560 Ῥώμης.

390 4604 760 4676 κηρύσσεται
796 4601 854 4657 δὲ
895 4603 975 4665 εἰς
1005 4601 1399 4674 συμπλήρωσιν
1427 4605 1528 4673 τῆς
1560 4605 1798 4669 πίστεως
1827 4608 1922 4660 καὶ

317 4694 646 4768 σαρκωθεὶς
663 4695 727 4745 ὲκ
757 4693 1040 4763 Παρθένου
1064 4693 1284 4764 Μαρίας
1310 4693 1340 4744 6
1365 4693 1457 4746 τοῦ
1488 4693 1624 4747 Θεοῦ
1653 4695 1800 4760 Υἱὸς,
1829 4699 1923 4750 καὶ

316 4788 624 4860 σκηνώσεις
673 4788 730 4841 ὲν
777 4785 1109 4857 ἀνθρώποις,
1143 4787 1243 4841 οὐκ
1289 4789 1348 4840 ὲν
1395 4787 1669 4859 ἀνθρώπῳ
1701 4792 1924 4862 ἐνεργή-

317 4904 424 4949 σας
445 4901 458 4915 ’
487 4882 656 4937 τοῦτο
695 4881 803 4952 γὰρ
833 4881 928 4933 ἐπὶ
962 4881 1258 4954 προφητῶν
1288 4881 1404 4935 ἐστι
1451 4883 1545 4937 καὶ
1570 4883 1917 4937 ἀποστόλων

315 4980 533 5040 τέλειος
558 4975 694 5038 Θεὸς
716 4977 774 5028 ὲν
801 4975 984 5046 σαρκὶ,
1013 4976 1110 5028 καὶ
1139 4974 1426 5048 ἄνθρωπος
1457 4977 1660 5040 τέλειος
1681 4979 1737 5031 ἐν
1762 4977 1923 5030 πνεύ-

319 5089 496 5146 ματι·
548 5071 612 5124 οὐ
664 5067 758 5121 δύο
813 5067 943 5132 υἱοὶ,
975 5063 1056 5132 εἷς
1100 5069 1199 5140 μὲν
1233 5069 1455 5137 γνήσιος
1483 5069 1611 5134 Υἱὸς
1638 5070 1928 5124 ἀναλαὸὼν
1972 5117 1978 5124 .

315 5164 645 5234 ἄνθρωπον,
679 5159 867 5231 ἕτερος
915 5159 973 5213 δὲ
1017 5159 1209 5230 θνητὸς
1262 5159 1549 5231 ἄνθρωπος
1596 5161 1927 5232 ἀναληφθεὶς

320 5255 438 5310 ὕπὸ
465 5250 633 5320 Θεοῦ,
665 5250 781 5304 ἀλλ’
815 5245 897 5313 εἷς
936 5251 965 5306 ό
1001 5250 1298 5321 μονογενὴς
1338 5251 1397 5302 ὲν
1427 5250 1664 5323 οὐρανῷ,
1700 5253 1792 5306 καὶ
1828 5270 1926 5323 μο-

321 5346 565 5416 νογενὴς
599 5344 696 5397 ἐπὶ
722 5344 830 5415 τῆς
854 5345 958 5415 γῆς
981 5343 1132 5405 Θεός.

401 5507 454 5540 ⁸³
486 5508 647 5562 Rom.
683 5523 719 5573 ι,
754 5506 805 5560 4.
886 5505 932 5537 ⁸⁸
959 5505 1114 5558 Deut.
1153 5519 1168 5557 ι
1246 5502 1331 5558 16.
1409 5502 1458 5534 ⁸⁷
1487 5500 1646 5556 Joan.
1688 5517 1728 5565 ι,
1762 5501 1846 5556 14.

2009 5499 2235 5570 Philipp.
2269 5516 2330 5564 ll,
2361 5497 2414 5554 6.

2014 3186 2287 3255 accipiens
2316 3184 2385 3240 ⁸⁸.
2425 3204 2443 3236 ι
2479 3185 2580 3252 Qui
2608 3182 2790 3239 carnis
2813 3195 3007 3248 espers
3038 3185 3142 3243 est,
3177 3184 3396 3244 propter
3430 3181 3480 3224 te
3510 3172 3590 3223 in-

2013 3286 2271 3332 carnatur
2299 3295 2311 3332 :
2341 3295 2359 3328 ι
2400 3275 2634 3330 Verbum
2662 3273 2806 3329 enim
2839 3285 2969 3326 caro
2997 3267 3198 3323 factum
3223 3276 3306 3322 est
3336 3263 3404 3331 3°,
3451 3282 3470 3314 ›
3499 3263 3589 3330 qui

2017 3369 2179 3423 tactui
2207 3384 2310 3422 non
2340 3367 2653 3436 subiacebat
2681 3363 3286 3434 propterincorporeatn
3313 3365 3590 3415 naturam,

2013 3458 2284 3529 palpatur.
2317 3457 2420 3524 Qui
2453 3458 2571 3513 sine
2604 3454 2873 3526 principio
2899 3460 3004 3518 est,
3047 3451 3145 3505 sub
3175 3446 3443 3518 principio
3473 3458 3594 3497 cor-

2017 3564 2179 3621 poreo
2202 3550 2336 3617 fuit;
2370 3550 2460 3620 qui
2487 3549 2759 3619 perlectus
2776 3555 2879 3609 est,
2900 3543 3136 3607 crescit;
3164 3540 3254 3609 qui
3287 3547 3368 3592 est
3401 3537 3595 3590 immu-

2016 3641 2217 3706 tabilis,
2237 3641 2484 3711 prolicit;
2507 3641 2598 3710 qui
2620 3640 2772 3695 dives
2795 3646 2898 3702 est,
2928 3636 2982 3690 in
3005 3631 3304 3690 diversorio
3331 3628 3592 3690 nascitur;

2016 3731 2108 3802 qui
2143 3732 2321 3801 aperit
2349 3731 2546 3787 ccelum
2582 3730 2634 3784 in
2668 3728 2902 3783 nubibus
2933 3725 3002 3792 ⁸ο,
3034 3723 3229 3792 pannis
3252 3717 3546 3774 involvitur
3576 3731 3590 3772 :

2017 3824 2109 3894 qui
2146 3839 2235 3879 rex
2265 3833 2370 3888 est,
2405 3823 2624 3890 ponitur
2649 3821 2700 3875 in
2733 3817 3024 3888 praesepio.

2090 3916 2158 3971 At
2183 3916 2324 3983 quod
2349 3921 2472 3983 post
2513 3913 2816 3966 unitionem
2874 3905 3264 3963 subsistentias
3325 3901 3594 3965 dividere,

2021 4009 2217 4064 delicto
2249 4022 2356 4060 non
2382 4013 2584 4068 careat,
2615 4013 2670 4058 et
2692 4002 2764 4056 sit
2787 4000 2966 4070 potius
2993 3999 3312 4055 subvertere
3334 4011 3599 4050 veneran-

2021 4095 2558 4155 dumincarnationis
2604 4101 3038 4157 sacramentum,
3100 4089 3448 4145 nihilominus
3504 4101 3601 4140 co-

2023 4205 2370 4261 gnoscemus,
2411 4188 2654 4257 legentes
2683 4183 2985 4240 sententias
3012 4182 3135 4239 Julii
3164 4194 3217 4239 et
3265 4181 3478 4246 Felicis,
3511 4177 3601 4248 qui

2021 4286 2147 4341 olim
2172 4283 2428 4338 Romana:
2455 4280 2712 4338 Ecclesiae
2748 4279 3101 4351 praefuerunt.

1950 4445 2001 4501 D

2477 4497 2613 4551 Julii
2653 4498 2882 4567 episcopi
2906 4496 3146 4550 Romani.

2099 4614 2180 4668 Ad
2214 4613 2335 4666 fidei
2357 4609 2742 4682 plenitudinem
2758 4607 2849 4662 Dei
2880 4607 3045 4660 Filius
3071 4619 3137 4658 ex
3181 4602 3348 4656 Maria
3384 4602 3602 4670 Virgine

2031 4709 2346 4760 incarnatus
2396 4701 2756 4772 praedicatur;
2823 4695 2984 4767 174
3029 4695 3119 4764 qui
3181 4695 3322 4748 inter
3359 4693 3610 4746 homines

2031 4800 2292 4857 moratus,
2331 4807 2439 4846 non
2473 4787 2702 4862 (potenti
2734 4788 2966 4856 quadam
3004 4786 3078 4853 vi)
3127 4783 3176 4837 in
3232 4783 3450 4837 homine
3483 4797 3608 4850 ope-

2031 4893 2181 4938 ratus
2204 4890 2286 4936 est
2323 4897 2336 4934 :
2367 4881 2469 4935 hoc
2495 4879 2638 4934 enim
2663 4879 2714 4930 in
2747 4874 3022 4945 prophetis
3043 4881 3096 4926 et
3131 4873 3390 4942 apostolis
3433 4872 3610 4925 locum

2035 4977 2213 5030 habet.
2240 4973 2332 5027 Est
2354 4979 2533 5026 autem
2568 4967 2841 5038 perfectus
2866 4968 3007 5021 Deus
3048 4965 3102 5019 in
3142 4979 3332 5029 carne,
3369 4971 3422 5018 et
3453 4964 3614 5017 homo

2034 5065 2301 5135 perfectus
2338 5065 2390 5119 in
2434 5063 2666 5133 spiritu:
2706 5077 2812 5116 non
2859 5060 2964 5114 duo
3020 5057 3136 5124 filii,
3199 5072 3344 5111 unus
3391 5055 3613 5126 quidem

2035 5173 2324 5230 germanus
2352 5155 2540 5219 Filius,
2572 5154 2662 5223 qni
2705 5154 2945 5223 suscepit
2971 5150 3268 5213 hominem,
3293 5147 3434 5202 alter
3487 5159 3617 5199 vero

2037 5252 2195 5305 homo
2223 5248 2468 5304 mortalis
2502 5261 2532 5301 a
2565 5246 2675 5302 Deo
2710 5256 3019 5316 assumptus
3047 5259 3062 5296 :
3090 5244 3184 5298 sed
3249 5256 3390 5295 unus
3428 5239 3618 5308 unige-

2039 5342 2182 5398 nitns
2207 5343 2257 5396 in
2288 5339 2452 5406 ctelo,
2481 5347 2534 5394 et
2572 5338 2877 5408 unigenitus
2909 5338 2959 5392 in
2992 5347 3132 5391 terra
3165 5333 3325 5387 Deus.

2501 5499 2544 5533 ’θ
2572 5497 2729 5553 Joan.
2766 5513 2801 5562 ι,
2833 5499 2919 5552 Η.
2995 5497 3038 5528 ε³⁰
3069 5494 3206 5549 Psal.
3244 5507 3424 5555 cnvr,
3455 5490 3509 5544 8.

1417 5639 1595 5713 Varia:
1627 5641 1886 5697 lectiones
1911 5655 1974 5695 ex
2004 5642 2189 5698 codice
2214 5640 2588 5711 Seguieriano.

409 5795 435 5828 ι’
466 5779 646 5858 οἶμαι,
687 5781 779 5840 καὶ
805 5785 1016 5856 ἕτερον.
1099 5789 1119 5816 ³
1159 5783 1250 5835 καὶ
1287 5780 1673 5850 πληροφορίαν.
