4080 6436
514 365 622 420 3ίό
1513 361 1571 417 S.
1612 360 1890 418 CYBILLI
1924 358 2125 453 μΕΧλ

2179 356 2399 416 NDRINI
2439 359 2758 418 ARCHIEP.
3684 362 3719 416 3
3733 362 3790 418 Η

584 481 782 539 Felicis
814 482 1136 537 sanctissimi
1159 482 1391 552 episcopi
1438 480 1636 547 Romae,
1662 494 1709 538 et
1740 485 2013 556 martyris.
2118 486 2164 541 Δ

2140 486 2164 541 ι
2234 482 2498 551 Φήλικος
2527 482 2634 537 τοῦ
2667 481 2997 567 ἀγιωτάτου
3024 479 3365 534 ἐπισκόπου
3391 476 3631 547 Ῥώμης,
3654 481 3751 534 καὶ

2832 568 3149 620 μαρτυρος.

576 656 653 712 De
675 655 838 712 Verbi
866 664 1046 733 autem
1079 655 1457 713 incarnatione
1486 666 1541 711 et
1575 655 1700 723 ﬁde,
1733 657 2008 715 credimus
2037 660 2090 715 in

2270 668 2406 740 Περὶ
2457 666 2514 720 δὲ
2556 665 2654 736 τῆς
2703 663 3035 736 σαρκώσεως
3066 661 3160 716 τοῦ
3191 662 3388 729 Λόγου,
3427 660 3523 714 καὶ
3562 659 3664 731 τῆς
3693 661 3788 714 πε-

508 749 793 805 Dominum
822 756 1069 804 nostrum
1097 748 1283 804 Jesum
1310 746 1589 804 Christum
1627 765 1691 804 ex
1732 748 1953 820 Virgine
1981 751 2092 804 Ma-

2203 777 2415 824 στεως,
2461 760 2792 829 πιστεύομεν
2843 758 2925 821 εἰς
2972 755 3065 809 τὸν
3116 753 3327 825 Κύριον
3374 753 3536 824 ήμῶν
3580 752 3788 824 Ἰησοῦν

506 840 588 894 ria
624 848 831 905 natum,
857 841 1001 909 quod
1030 839 1147 910 ipse
1177 847 1262 895 est
1290 840 1660 910 sempiternus
1686 839 1779 895 Dei
1834 841 2004 897 Filius
2037 852 2091 897 et

2199 853 2458 922 Χριστὸν,
2493 854 2582 907 τὸν
2616 854 2680 906 ὲκ
2713 851 2812 921 τῆς
2848 846 3130 920 Παρθένου
3169 845 3389 917 Μαρίας
3433 844 3786 915 γεννηθέντα,

504 931 786 1000 Verbum,
846 948 951 988 non
1005 942 1186 988 autem
1236 933 1398 987 homo
1438 947 1468 987 a
1511 930 1624 988 Deo
1682 943 2012 1002 assumptus,
2034 942 2091 989 ut

2198 946 2281 999 ὅτι
2324 944 2487 1007 αύτός
2531 944 2679 996 ἐστιν
2719 943 2747 996 ὁ
2780 938 2874 995 τοῦ
2911 937 3048 992 Θεοῦ
3085 936 3255 1000 ἀΐδιος
3282 936 3410 999 Υἱὸς
3442 934 3539 988 καὶ
3588 935 3784 1003 Λόγος.

506 1024 646 1080 alius
680 1024 751 1080 sit
790 1024 998 1081 abillo.
1032 1023 1219 1093 Neque
1277 1026 1421 1079 enim
1483 1024 1757 1079 hominem
1795 1026 2093 1093 assumpsit

2200 1040 2294 1094 καὶ
2316 1039 2416 1093 ούκ
2442 1038 2726 1109 ἅνθρωπος
2754 1033 2860 1087 ὑπὸ
2891 1031 3030 1087 Θεοῦ
3059 1029 3411 1100 ἀναληφθεὶς,
3438 1028 3505 1081 ἶν’
3534 1027 3726 1098 ἕτερος

511 1119 600 1173 υθῑ
629 1118 884 1185 Filius,ut
909 1119 1047 1174 alius
1077 1119 1145 1174 ab
1172 1119 1291 1189 ipso
1316 1117 1551 1173 exsistat
1582 1133 1597 1171 :
1629 1119 1722 1173 sed
1764 1134 1887 1173 cum
1913 1118 2091 1188 perfe-

2200 1134 2329 1204 παρ’
2353 1133 2578 1184 ἐκεῖνον.
2599 1128 2734 1183 Οὐδὲ
2761 1127 2871 1197 γάρ
2896 1124 3181 1196 ἄνθρωπον
3202 1120 3463 1176 ἀνέλαϐεν
3482 1121 3512 1174 ό
3532 1120 3627 1174 τοῦ
3648 1119 3788 1173 Θεοῦ

507 1224 625 1267 nus
648 1212 787 1268 Deus
806 1222 969 1277 esset,
1001 1210 1177 1266 factus
1206 1218 1293 1266 est
1313 1210 1476 1266 simul
1519 1219 1575 1265 et
1602 1212 1764 1268 homo
1792 1210 2088 1282 perfectus,

2198 1225 2350 1288 Υἱὸς,
2371 1225 2461 1277 ἴνα
2550 1222 2737 1293 ἕτερος
2760 1216 2892 1288 παρ’
2923 1215 3083 1269 αὐτόν
3105 1232 3117 1246 ·
3148 1214 3285 1267 ἀλλά
3306 1211 3442 1276 Θεὸς
3464 1211 3540 1265 ὣν
3557 1211 3790 1279 τέλειος,

505 1322 569 1360 εκ
599 1304 813 1379 Virgine
846 1306 1182 1361 Ῐηειιτηθιυε·
2198 1317 2421 1386 γέγονεν
2459 1315 2576 1386 ἅμα
2627 1315 2721 1366 καὶ
2771 1309 2974 1373 τέλειος
3024 1305 3333 1379 ἄνθρωπος,
3366 1303 3672 1376 σαρκωθεὶς
3724 1306 3792 1359 ὲκ

2199 1409 2498 1464 Παρθένου.

2199 1427 2498 1481 ιιαροενου.

900 1504 1554 1563 ANATHEMATISMUS
1576 1503 1688 1559 VII.
1718 1525 1741 1551 ο

2199 1427 2498 1481 ιιαροενου.

1737 1530 1741 1549 ¹
2641 1511 3237 1571 ΑΝΑΘΕΜΑΤΙΣΜΟΣ
3275 1511 3348 1564 Z'.

585 1618 642 1674 Si
679 1618 804 1689 quis
839 1615 1027 1675 Jesum
1064 1626 1325 1688 tanquam
1358 1618 1638 1674 hominem
1685 1631 1718 1673 a
1774 1614 1870 1673 Dei
1912 1616 2092 1674 Verbo

2269 1639 2338 1693 Ei
2375 1635 2459 1699 τίς
2498 1648 2686 1705 φησιν,
2720 1630 2796 1693 ὡς
2830 1625 3120 1696 ἄνθρωπον
3151 1621 3489 1695 ἑνηργῆσθαι
3535 1619 3642 1673 ὑπὸ
3688 1616 3794 1673 τοῦ

508 1710 750 1780 agitante
782 1718 991 1765 motum
1025 1709 1302 1773 habuisse,
1330 1707 1720 1778 Unigenitique
1750 1707 1979 1780 gloriam
2014 1708 2092 1764 illi

2198 1730 2335 1789 Θεοῦ
2366 1728 2540 1797 Λόγου
2565 1723 2658 1779 τὸν
2696 1718 2926 1792 Ἰησοῦν,
2954 1716 3051 1770 καὶ
3080 1715 3180 1786 τὴν
3212 1713 3307 1768 τοῦ
3334 1708 3676 1782 Μονογενοῦς
3695 1709 3794 1763 εὐ-

505 1810 760 1870 tanquam
808 1800 963 1856 alteri
993 1800 1229 1869 cuipiam
1286 1800 1355 1856 ab
1409 1799 1526 1869 ipso
1582 1800 1780 1868 Verbo,
1804 1800 2092 1859 advenisse

2198 1823 2379 1889 δοξίαν
2408 1815 2713 1890 περιῆφθαι
2758 1813 2833 1876 ὡς
2876 1809 3048 1881 ἑτέρῳ
3074 1807 3203 1879 παρ’
3240 1804 3404 1859 αὐτὸν
3445 1803 3748 1874 ὑπάρχοντι
3772 1817 3790 1831 ο

505 1892 706 1948 dixerit
739 1908 753 1945 :
790 1893 1081 1948 anathema
1105 1893 1197 1947 sit.

1033 1908 1081 1947 Ia
1105 1893 1197 1947 sit.
2125 1892 2168 1909 "
2199 1912 2451 1982 ἀνάθεμα
2482 1907 2644 1962 ἔστω.

958 2005 1317 2062 θνίεηιαίίαπτ
1336 2007 1585 2077 οθῙεείίοσ
2501 2021 2875 2090 Ἀντίρῤησις
2913 2014 3035 2071 τῶν
3085 2008 3497 2070 Ἀνατολικῶν.

574 2118 897 2178 Possessum
930 2120 1098 2177 fuisse
1121 2122 1408 2179 Dominum
1437 2121 1894 2179 nostrumiesum
1928 2123 2090 2180 Chri-

2282 2136 2651 2211 Ἐνηργῆσθαι
2695 2133 2786 2187 τὸν
2839 2130 3044 2203 Κύριον
3092 2126 3251 2200 ἡμῶν
3293 2120 3502 2195 Ἰησοῦν
3547 2118 3780 2191 Χριστὸν

502 2223 651 2269 stum
673 2228 702 2268 a
741 2212 944 2284 Spiritu
983 2215 1226 2284 agitante
1247 2225 1306 2270 ut
1331 2215 1609 2270 hominem
1641 2216 1988 2287 simpliciter,
2004 2218 2087 2274 vel

2198 2237 2304 2292 ὑπὸ
2336 2235 2434 2289 τοῦ
2473 2231 2793 2301 Πνιύματος
2823 2227 2899 2290 ὡς
2931 2226 3220 2296 ἄνθρωπον
3250 2217 3457 2281 ἁπλῶς,
3488 2216 3522 2282 ἢ
3552 2216 3629 2277 ὡς
3650 2229 3786 2283 προ-

505 2314 565 2361 υι
594 2306 937 2377 prophetam,
969 2307 1054 2362 vel
1095 2318 1153 2362 ut
1184 2309 1513 2377 apostolum,
1563 2309 1744 2365 nullus
1800 2311 2091 2366 eonlitebi-

2197 2331 2395 2401 φήτην,
2426 2328 2460 2399 ἦ
2491 2326 2567 2389 ὡς
2603 2320 2924 2382 ἀπόστολον,
2959 2317 3137 2380 οὐδεὶς
3166 2313 3232 2368 ἂν
3258 2311 3614 2401 ὁμολογήσειε
3635 2322 3649 2336 ·
3686 2305 3789 2401 τάς

504 2408 595 2452 tur
631 2403 768 2454 :sed
800 2407 980 2453 tamen
1012 2398 1345 2469 apostolicae
1399 2414 1563 2455 voces
1614 2399 1681 2455 de
1712 2398 1807 2456 illo
1864 2411 2091 2472 propter

2199 2396 2382 2493 μέντοι
2428 2396 2794 2477 άποστολικάς
2826 2409 3010 2481 φωνὰς
3041 2407 3169 2479 περὶ
3195 2402 3360 2458 αὐτοῦ
3406 2400 3494 2493 διὰ
3536 2398 3639 2493 τὴν
3686 2396 3790 2493 της

500 2489 732 2544 visibilis
754 2490 941 2544 carnis
974 2500 1230 2544 naturam
1252 2491 1447 2555 dictas,
1517 2505 1695 2561 neque
1747 2495 2085 2563 negabimus,

2196 2488 2529 2585 ξραινομένης
2580 2505 2782 2580 σαρκὸς
2827 2502 2988 2574 φύσιν
3043 2497 3363 2572 εἰρημένας,
3409 2488 3778 2585 ἀρνησό-

504 2593 681 2649 neque
710 2593 1124 2650 cxpungemus,
1170 2579 1415 2636 dicentes
1468 2581 1689 2652 quidem
1746 2582 2085 2652 aliquando:

2199 2579 2374 2679 μεθαξ
2408 2603 2520 2658 οὔτ’
2556 2601 2623 2657 ἀν
2660 2597 3047 2668 ἐξαλείψαιμεν
3070 2595 3117 2657 ι,
3149 2590 3279 2644 ποτὲ
3323 2586 3425 2658 μὲν
3469 2583 3769 2679 levetis-3;.-

509 2690 528 2721 ι
567 2669 877 2725 Secundum
914 2671 1286 2741 operationem
1318 2670 1528 2728 roboris
1544 2673 1760 2729 virtutis
1781 2674 2087 2746 ejus,quam

2199 2669 2221 2749 λ
2249 2669 2407 2750 Κατὰ
2436 2693 2534 2765 τὴν
2571 2691 2855 2763 ἐνέργειαν
2888 2685 2983 2740 τοῦ
3014 2683 3249 2757 κράτους
3280 2680 3380 2750 τῆς
3416 2674 3600 2746 ἰσχύος
3621 2669 3779 2728 αὑτοῦ

502 2773 763 2832 operatus
792 2772 877 2819 est
915 2763 970 2818 in
996 2763 1239 2828 Christo,
1286 2765 1557 2820 suscitans
1604 2765 1778 2836 ipsum
1820 2782 1888 2823 ex
1933 2783 2085 2823 mor-

2193 2788 2260 2861 ἢν
2282 2763 2592 2858 ἐνήργησεν
2639 2784 2699 2836 ἐν
2727 2781 2807 2853 τῷ
2839 2775 3083 2851 Χριστῷ,
3117 2773 3340 2844 ἐγείρας
3381 2769 3544 2825 αὑτὸν
3588 2769 3785 2861 ὲκᾲνε-

504 2855 629 2920 tuis,
659 2856 876 2911 solvens
904 2855 1120 2912 dolores
1144 2857 1336 2913 mortis
1364 2857 1488 2898 ⁹¹-⁸¹
1516 2868 1631 2926 μοι
1656 2858 1850 2914 iterum
1880 2879 1893 2915 :
1926 2859 2085 2916 «Vir-

2193 2855 2568 2947 κρῶνξλύσας
2601 2875 2700 2940 τάς
2724 2872 2918 2936 ὀδύνας
2947 2869 3039 2924 τοῦ
3073 2867 3336 2922 θανάτουθ
3375 2882 3393 2913 ι
3450 2862 3546 2914 καὶ
3586 2858 3790 2923 πάλιν,

504 2956 618 3002 ιυιο
636 2947 729 3002 Dei
757 2948 1028 3004 exaltatus
1061 2948 1145 3017 ⁸¹;
1183 2967 1202 3002 r
1224 2958 1278 3005 et
1305 2964 1643 3021 quaecunque
1675 2950 1825 3007 talia.
1885 2951 2083 3009 Verum

2199 2990 2217 3022 ε
2250 2970 2330 3041 Τῇ
2359 2968 2588 3039 δυνάμει
2619 2965 2716 3020 τοῦ
2748 2963 2887 3018 Θεοῦ
2914 2959 3182 3032 ὑψωθείς·
3217 2978 3236 3010 ι
3271 2955 3366 3009 καὶ
3398 2954 3498 3007 ὅσα
3533 2949 3793 3005 τοιαῦτα.

500 3040 751 3107 quamvis
776 3040 894 3096 haec
928 3041 1104 3112 posita
1163 3042 1274 3097 sint
1303 3051 1529 3113 propter
1563 3043 1634 3108 id,
1672 3043 1816 3115 quod
1853 3054 1975 3101 erat
2004 3045 2085 3100 vi-

2204 3040 2344 3115 Ἀλλ’
2375 3063 2425 3115 εἰ
2471 3060 2567 3115 καὶ
2614 3057 2792 3113 ταῦτα
2840 3056 3163 3130 πρόσκειται
3210 3048 3301 3103 διὰ
3340 3046 3401 3100 τὸ
3435 3042 3792 3113 φαινόμενον,

500 3131 677 3197 sibile,
707 3147 867 3188 neruo
893 3142 1076 3189 tamen
1106 3134 1178 3188 ita
1204 3134 1457 3205 accipiet,
1499 3150 1563 3192 ac
1586 3136 1631 3193 si
1670 3136 1750 3191 vel
1805 3146 1865 3192 ut
1921 3136 2085 3192 homo

2190 3152 2367 3217 οὐδεὶς
2409 3152 2476 3206 ἂν
2526 3149 2750 3204 ὲκλάϐοι
2797 3148 2832 3220 ἦ
2891 3148 2966 3210 ὡς
3012 3142 3301 3217 ἄνθρωπον
3335 3136 3521 3200 ἁπλῶς
3552 3134 3798 3188 ἑαυτὸνι

499 3226 821 3297 simpliciter
844 3239 991 3286 esset
1032 3229 1226 3286 alienae
1256 3232 1591 3301 operationis
1649 3230 1700 3285 vi
1762 3240 1969 3295 motus,
2001 3229 2086 3284 vel

2189 3214 2604 3313 ἐνεργούμενον,
2636 3240 2671 3313 ἢ
2711 3240 2787 3303 ὡς
2819 3214 3065 3299 δίκαιον,
3168 3233 3245 3297 ὡς
3287 3230 3599 3305 προφήτην,
3642 3227 3677 3299 ἢ
3708 3226 3797 3291 ὡς

502 3329 559 3373 ut
579 3319 779 3390 justus,
806 3320 888 3376 vel
922 3330 981 3376 ut
1010 3326 1299 3393 propheta,
1325 3322 1411 3377 vel
1439 3331 1497 3377 ut
1546 3322 1858 3392 apostolus:
1913 3336 2087 3392 neque

2190 3334 2517 3390 ἀπόστολον’
2571 3332 2684 3388 οὔτ’
2712 3327 2782 3386 αὖ
2816 3331 2955 3396 τὰςν
2989 3330 3139 3391 θείας
3180 3325 3369 3396 φωνὰς
3399 3320 3795 3390 ἐξαλείφομεν,

503 3425 690 3467 rursus
719 3411 935 3469 divinas
964 3429 1127 3469 voces
1156 3423 1252 3468 aut
1293 3413 1537 3471 delemus
1579 3424 1673 3469 aut
1737 3414 2084 3477 inliciamur;

2188 3425 2221 3497 ἢ
2265 3423 2600 3497 ἀρνούμεθα,
2644 3421 2945 3496 ἢάμαθῶς
2996 3437 3055 3474 τε
3097 3416 3238 3489 ὁμοῦ
3292 3415 3386 3470 καὶ
3444 3413 3799 3483 βλασφήμως

502 3516 678 3571 neque
713 3503 962 3573 imperite
987 3504 1150 3560 simul
1184 3513 1240 3559 et
1269 3504 1594 3576 blaspheme
1646 3505 2086 3561 anathematiza-

2187 3516 2684 3589 άναθεματίζομεν,
2746 3513 3048 3586 εἰρημένας
3089 3510 3186 3566 καὶ
3243 3507 3501 3580 κειμένας
3548 3505 3640 3560 διὰ
3688 3504 3798 3577 τὴν

501 3610 623 3650 ntus
655 3593 830 3651 dictas
869 3606 923 3651 et
949 3596 1109 3667 175
1138 3596 1348 3667 positas
1371 3605 1595 3667 propter
1624 3595 1856 3651 visibilis
1905 3597 2085 3652 carnis

2187 3611 2284 3681 τῆς
2333 3609 2671 3679 φαινομένης
2717 3607 2923 3678 σαρκὸς
2975 3604 3158 3675 φύσιν,
3195 3601 3320 3657 οὔτε
3367 3601 3444 3666 ὡς
3497 3598 3798 3670 ἄνθρωπον

502 3698 787 3755 naturam;
815 3705 993 3760 neque
1017 3698 1075 3745 ut
1107 3691 1381 3747 hominem
1410 3690 1752 3761 simpliciter,
1783 3690 1869 3746 vel
1902 3700 1961 3746 ut
1989 3691 2083 3761 ju-

2186 3701 2393 3767 ἁπλῶς,
2424 3701 2456 3772 ἢ
2486 3702 2562 3766 ὼς
2591 3701 2825 3766 δίκαιον,
2859 3700 2891 3770 ἢ
2926 3700 3003 3761 ὡς
3034 3698 3345 3769 προφήτην,
3382 3694 3415 3766 ἢ
3443 3694 3519 3756 ὡς
3553 3693 3796 3746 ἀπόστο-

496 3789 667 3846 stum,
698 3778 780 3835 vel
806 3780 1151 3850 prophetam,
1199 3782 1282 3836 vel
1348 3782 1678 3850 apostolum.
1734 3781 2085 3852 operationes

2185 3792 2275 3846 λον
2313 3791 2650 3864 ὲνηργῆσῦαι
2697 3791 2973 3863 φήσομεν·
3005 3788 3067 3841 ού
3097 3788 3208 3858 γὰρ
3237 3786 3417 3855 ἔλεγε*
3458 3783 3604 3837 Τάδε
3638 3782 3785 3850 λέγει

496 3872 674 3927 aliena
707 3873 906 3928 virtute
931 3876 1245 3931 exercuisse
1266 3875 1532 3931 dicemus.
1596 3873 1712 3929 Non
1764 3873 1909 3929 enim
1938 3874 2085 3930 dice-

2185 3884 2422 3958 Κύριος·
2458 3883 2576 3940 ἀλλ’
2603 3883 2679 3949 ὡς
2728 3883 2859 3947 Υιὸς
2905 3879 3248 3954 νομοθετιῖ›ν⁹
3297 3876 3483 3947 «Ἐγὼ
3530 3876 3591 3929 δὲ
3644 3874 3782 3944 λέγω

495 3963 625 4019 hat:
667 3964 791 4020 llzec
828 3966 959 4021 dicit
984 3964 1283 4033 Dominus;
1310 3966 1405 4022 sed
1440 3969 1503 4018 ut
1542 3963 1713 4021 Filius
1753 3962 2032 4035 legislator
2065 3982 2079 4018 :
2186 3978 2336 4049 ὑμῖν,
2371 3998 2389 4030 ,

503 4073 523 4108 ι
558 4056 670 4125 Ego
700 4068 880 4114 autem
912 4058 1032 4115 dico
1048 4058 1205 4115 vobis
1238 4055 1308 4115 ⁸³.
1335 4077 1356 4113 ι

1015 4168 1205 4242 Cyri!“
1243 4170 1500 4241 defensio.

2643 4175 2972 4241 Ἀπολογία
2999 4170 3330 4240 Κυρίλλου.

568 4287 633 4342 Et
662 4300 808 4341 nunc
835 4299 1052 4356 quoque
1098 4284 1294 4340 iisdem
1342 4286 1690 4342 sermonibus
1747 4287 2081 4344 defensionis

2256 4289 2366 4343 Καὶ
2398 4287 2493 4343 νῦν
2539 4289 2671 4359 ἡμῖν
2721 4287 2874 4341 οὐδὲν
2902 4282 3066 4359 ἦττον
3104 4283 3197 4337 διὰ
3244 4280 3355 4336 τῶν
3394 4278 3531 4333 ἴσων
3560 4279 3806 4350 ἔρχεται

497 4382 690 4435 modus
722 4379 956 4434 incedet.
994 4377 1130 4433 Nam
1168 4391 1307 4431 unus
1330 4377 1549 4446 quidem
1591 4387 1676 4433 est
1694 4379 1899 4449 absque
1924 4380 2083 4435 dubi-

2194 4380 2355 4449 toywv
2385 4381 2485 4451 τῆς
2530 4379 2830 4449 ἀπολογίας
2857 4382 2886 4433 ὁ
2917 4378 3147 4449 τρόπος·
3198 4369 3280 4439 εἷς
3328 4373 3428 4446 μὲν
3474 4372 3588 4443 γάρ
3636 4374 3805 4425 ἐστιν

497 4474 701 4527 latione
731 4471 1206 4528 Duminusnoster
1256 4466 1415 4524 Jesus
1470 4467 1744 4534 Christus,
1779 4472 1871 4541 qui
1936 4471 2078 4526 idem

2200 4473 2630 4545 ὁμολογουμένως
2683 4473 2710 4526 ό
2759 4471 2965 4542 Κύριος
3012 4469 3170 4542 ἡμῶν
3206 4467 3416 4540 Ἰησοῦς
3465 4465 3741 4537 Χριστὸς,
3775 4466 3811 4518 ὁ

493 4564 731 4619 creditus
757 4573 842 4618 est
862 4576 982 4618 esse
1013 4570 1067 4615 ct
1101 4575 1170 4616 ex
1200 4558 1312 4617 Deo
1345 4560 1505 4616 Patre
1545 4560 1782 4616 Verbum
1814 4573 2079 4619 azternum

2198 4563 2347 4629 ιύτὸς
2394 4559 2583 4618 εἷναιι
2632 4562 3066 4634 πεπιστευμένος
3106 4560 3203 4614 καὶ
3254 4560 3320 4612 ὲκ
3371 4554 3507 4609 Θεοῦ
3564 4555 3809 4627 Πατρὸς

494 4665 697 4711 etante
715 4655 1023 4717 smcula;et
1058 4653 1110 4707 in
1162 4652 1473 4708 novissimis
1511 4653 1693 4709 saeculi
1743 4657 2077 4725 temporibus

2198 4655 2354 4726 λόγος
2384 4656 2555 4720 άῖδιὸς
2585 4673 2645 4710 τε
2671 4654 2767 4710 καὶ
2794 4652 3144 4726 προαιώνιος,
3185 4650 3285 4705 καὶ
3315 4652 3373 4703 ὲν
3399 4648 3661 4718 ἐσχάτοις
3691 4647 3809 4701 τοῦ

494 4746 660 4803 hoino
686 4760 753 4801 ex
774 4746 1022 4811 muliere,
1058 4743 1150 4814 qui
1206 4744 1583 4800 admirabilem
1643 4746 1826 4801 habuit
1885 4763 2079 4803 secun-

2203 4745 2379 4810 ιίὦνος
2426 4748 2637 4818 καιροῖς
2689 4744 2973 4815 ἄνθρωπος
3024 4744 3090 4797 ὲκ
3130 4740 3427 4812 γυναικὸς,
3473 4738 3814 4810 παράδοξον

497 4840 623 4892 dum
654 4852 875 4892 carnem
911 4836 1275 4892 nativitatem.
1314 4833 1702 4893 Verumtamen
1756 4853 1875 4894 cum
1940 4855 2079 4895 unus

2289 4836 2429 4909 ηκὼς
2461 4837 2559 4909 τὴν
2591 4836 2734 4891 κατὰ
2784 4835 2968 4909 σάρκα
3014 4829 3454 4905 γέννησιν.Ἀλλ’
3485 4824 3567 4892 εἷς
3600 4829 3817 4900 ὐπάρ-
3896 4818 3900 4827 ’

495 4939 640 4985 esset
675 4926 846 4983 Filius
877 4938 934 4985 et
974 4927 1115 4983 Deus
1142 4937 1198 4983 et
1232 4927 1513 4995 Dominus,
1562 4932 1894 5000 operabatur
1920 4932 2077 5002 signa

2209 4947 2290 5000 ζων
2320 4930 2468 4995 Υἱὸς,
2499 4930 2593 4983 καὶ
2638 4928 2794 4995 Θεὸς,
2826 4928 2923 4981 καὶ
2961 4925 3191 4998 Κύριος,
3217 4920 3509 4995 εἰργάξετο
3533 4919 3635 4984 τὰς
3668 4920 3820 4975 θεο.

494 5037 591 5091 per
625 5021 882 5076 virtutem
926 5020 1237 5089 .plusquam
1294 5021 1623 5088 humanam;
1684 5022 2082 5080 sullicientibus

2209 5021 2418 5093 τημείας
2456 5021 2545 5075 διὰ
2590 5023 2692 5094 τῆς
2740 5021 2883 5092 ὑπὲρ
2916 5018 3209 5089 ἄνθρωπον
3246 5013 3465 5085 ἰσχύος·
3500 5011 3820 5084 πληροφο-

491 5111 829 5183 argumentis
858 5111 1084 5176 docens,
1120 5111 1264 5181 quod
1295 5114 1543 5182 quamvis
1600 5113 1775 5171 iactus
1807 5114 1879 5171 sit
1925 5130 2078 5181 caro,

2212 5113 2295 5167 νῶν
2324 5114 2428 5180 ὅτι,
2461 5114 2554 5167 καὶ
2597 5115 2647 5168 ει
2690 5113 2887 5184 γέγονε
2928 5109 3087 5183 σάρξ,
3127 5107 3244 5165 ἀλλ’
3280 5098 3445 5163 οὐδὲν
3463 5098 3632 5177 ἧττόν
3661 5106 3823 5162 ἐστι

494 5204 850 5261 nihilominus
873 5214 1055 5259 tamen
1086 5204 1160 5259 sit
1181 5203 1347 5259 etiam
1382 5204 1462 5259 sic
1493 5204 1634 5261 Deus
1674 5222 1862 5275 verus,
1891 5219 1945 5264 et
1971 5209 2082 5263 vir-

2205 5206 2279 5261 ιαὶ
2322 5204 2465 5259 οὕτω
2500 5207 2633 5271 Θεὸς
2665 5205 2921 5279 ἀληθινὸς
2955 5206 3050 5259 καὶ
3101 5202 3339 5272 δύναμις
3388 5197 3482 5254 τοῦ
3516 5197 3765 5266 Πατρός
3795 5215 3816 5232 ο

497 5304 583 5352 tus
617 5294 817 5350 Patris.
852 5294 968 5351 Non
1006 5293 1153 5350 enim
1183 5294 1534 5352 destititesse
1551 5298 1697 5366 quod
1733 5307 1875 5364 erat,
1905 5299 2082 5356 lactus

2187 5300 2245 5353 οὐ
2281 5299 2389 5373 γὰρ
2420 5299 2693 5355 πέπαυται
2733 5298 2827 5352 τοῦ
2861 5292 3003 5352 εἶναι
3046 5294 3076 5349 ὃ
3116 5288 3205 5367 ἦν,
3238 5290 3532 5363 γενόμενος
3560 5286 3798 5360 ἀνθρω

556 5472 677 5511 ⁰¹-⁸¹
707 5473 904 5543 Ephes.
941 5490 978 5538 ι,
1008 5472 1097 5528 19.
1159 5472 1204 5504 ⁸⁸
1238 5475 1360 5529 Act.
1402 5486 1462 5537 tt,
1495 5473 1579 5528 53.
1662 5474 1710 5505 ⁸³
1743 5473 1933 5529 Matth.
1976 5490 2030 5541 ν,
2058 5474 2151 5531 22.

1564 5629 1741 5687 Varim
1773 5632 2038 5688 lectiones
2066 5649 2134 5688 ex
2168 5634 2354 5690 codice
2378 5633 2753 5706 chuicriauo.

572 5780 589 5815 ι
620 5774 685 5833 αὖ
714 5780 1091 5854 ὲξαλεὶφομεν.
1166 5792 1193 5821 ει
1228 5786 1313 5840 ῐσ.
1345 5786 1527 5840 αὐτόν.
1600 5782 1751 5859 ν-οῦν
1778 5786 1897 5851 τάς.
1978 5794 2004 5823 ι
2032 5781 2144 5839 οὖν.
