4080 6440
290 367 392 428 313

914 359 1442 417 APOLOGETICUS
1481 360 1616 415 PRO
1657 357 1749 412 XII
1789 351 2154 409 CAPITIBUS
2192 349 2472 406 CONTRA
2514 342 2968 403 ORIENTALES.

3454 333 3560 390 ’516

286 483 700 553 πος.Ὲπλήρου
742 480 1040 553 τοιγαροῦν
1093 479 1158 533 τὰ
1209 480 1515 550 παράδοξα·
1569 475 1729 532 τοῦτο
1785 472 1883 544 μὲν

2004 487 2172 526 ιοιιιο.
2199 466 2456 524 Faciebat
2486 464 2650 534 igitur
2680 460 2919 527 insolita,
2971 465 3084 511 tum
3131 453 3272 522 quod
3293 449 3560 504 daemonia

285 575 576 648 δαιμονίοις
625 572 931 642 ἐπιτιμῶν,
960 571 1052 624 καὶ
1105 572 1402 642 συντρίϐων
1447 571 1534 622 τὸν
1593 567 1873 620 Σατανᾶν·

287 672 432 725 τοῦτο
460 669 518 721 δὲ
549 665 789 734 τυφλοῖς
817 667 882 717 τὸ
911 665 1026 733 φῶς
1058 665 1249 727 ἐνιείς⁶
1283 663 1510 735 νεκροὺς
1557 658 1786 714 ἁνιστῶν
1807 665 1834 704 1
1863 671 1874 684 ·

293 764 551 817 θάλασσαν
585 757 1001 828 ἀγριαίνουσαν
1044 756 1123 808 ἑνὶ
1153 756 1500 819 κατευνάζων
1528 756 1750 823 ῥήματι·
1779 749 1878 818 οὐχ

300 857 356 917 ὡς
381 851 673 918 ἄνθρωπόν
709 867 866 915 τινα,
898 850 993 903 καὶ
1029 849 1214 918 ἕτερον
1244 848 1372 901 ὅντα
1403 845 1714 911 καταμόνας
1746 843 1879 910 Χρι-

307 946 419 1008 στὸν,
452 939 800 1005 δοξάζεσθαι
832 939 1023 1004 ποιῶν,
1043 939 1296 1010 καθάπερ
1313 936 1503 1006 ἀμέλει
1534 935 1624 987 καὶ
1655 933 1750 985 ἕνα
1774 929 1880 984 τῶν

306 1037 441 1104 ἁγίων
485 1030 831 1103 προφητῶν,
877 1031 911 1102 ἢ
958 1029 1084 1099 γοῦν
1129 1029 1508 1082 cirros-:61va
1565 1025 1677 1078 ἀλλ’
1709 1021 1884 1091 ἑαυτῷ

303 1130 378 1198 τὴν
420 1126 575 1191 δόξαν
621 1123 1202 1194 πραγματευόμενος,
1236 1122 1323 1174 ἵνα
1360 1119 1512 1190 παρὰ
1543 1117 1763 1170 πάντων
1795 1133 1883 1166 πι-

304 1218 527 1288 στεύηται
574 1215 719 1278 Θεὸς
777 1214 863 1267 ὢν
906 1213 1087 1283 φύσει,
1119 1213 1216 1266 καὶ
1250 1213 1299 1264 εἰ
1331 1211 1550 1280 γέγονεν
1579 1207 1880 1278 ἅνθρωπος.

304 1307 387 1363 Ἦν
415 1303 503 1361 οὖν
532 1306 649 1377 ἄρα
694 1305 826 1356 τῶν
872 1302 1264 1357 ὲκτοπωτάτων
1313 1299 1643 1370 ἀνασχέσθαι
1687 1298 1886 1350 Νεστο-

299 1401 396 1472 piso
422 1400 675 1464 λέγοντος
696 1411 711 1423 ·
745 1395 960 1448 Κοιναὶ
990 1393 1098 1464 γὰρ
1131 1394 1186 1447 αἱ
1208 1393 1306 1462 τῆς
1339 1391 1564 1463 Τριάδος
1593 1389 1884 1459 ἐνέργειαι,

298 1491 377 1543 καὶ
406 1489 588 1558 μόναις
617 1484 982 1538 ὑποστάσεσι
1018 1484 1116 1554 τὴν
1140 1483 1404 1554 διαίρεσιν
1432 1481 1652 1552 ἔχουσαι
1676 1497 1688 1510 ·
1719 1480 1888 1549 ἤγουν

299 1581 376 1634 τοῦ
402 1575 750 1646 Μονογενοῦς
793 1578 830 1646 ἡ
868 1574 1082 1639 εὐδοξία
1107 1574 1235 1626 ποτὲ
1273 1573 1372 1644 μὲν
1403 1573 1480 1643 τῷ
1529 1572 1704 1641 Πατρὶ
1730 1587 1887 1640 περι·

301 1673 466 1740 ἧπται,
497 1668 626 1721 ποτὲ
655 1667 716 1720 δὲ
754 1666 848 1736 τῷ
882 1665 1182 1736 Πνεῦματι,
1207 1664 1338 1717 ποτὲ
1361 1663 1417 1716 δὲ
1445 1665 1516 1732 τῇ
1533 1661 1626 1714 τοῦ
1653 1657 1889 1731 Χριστοῦ

307 1761 574 1830 δυναστείᾳ.
609 1758 852 1812 υῦκοῦν
906 1757 939 1829 ἢ
988 1755 1442 1822 δεικνῦτωσαν,οί
1488 1754 1746 1822 ἐπιτιμᾷν
1776 1750 1892 1802 ἑθέ-

1983 563 2318 632 increpabat,
2345 567 2400 615 et
2445 556 2704 613 Satanam
2763 550 3082 610 conterebat
3120 547 3205 611 “;
3262 555 3372 598 tum
3420 545 3562 612 quod

1982 655 2138 712 caecis
2167 655 2345 708 lumen
2371 648 2665 721 praestabat
2693 647 2764 714 ⁸⁸,
2789 654 3032 701 mortuos
3086 639 3453 696 resuscitabat
3491 635 3562 696 ⁸⁸,

1985 759 2134 800 mare
2157 742 2513 814 procellosum
2533 753 2643 794 uno
2671 727 2840 793 verbo
2884 732 3217 798 sedabat‘";
3266 745 3371 783 non
3425 727 3568 780 sicut

1988 836 2255 891 hominem
2273 832 2666 904 quempiam,et
2683 829 2910 882 alterum
2933 825 3168 879 exsisten
3179 831 3285 875 tem
3337 816 3565 872 seorsim

1984 921 2565 992 Christumgloriticari
2629 917 2861 980 faciens,
2893 910 3357 983 quemadmodum
3417 905 3566 959 scili-

1985 1023 2072 1070 cet
2099 1024 2154 1069 et
2198 1029 2362 1069 unum
2398 1027 2464 1067 ex
2493 1010 2696 1066 sanctis
2722 1006 3001 1078 prophetis
3036 1001 3122 1057 vel
3158 999 3448 1069 apostolis:
3473 997 3567 1050 sed

1985 1107 2084 1163 sibi
2103 1106 2325 1178 gloriam
2351 1117 2672 1174 procurans,
2705 1107 2765 1154 ut
2811 1099 2881 1153 ab
2945 1093 3204 1150 omnibus
3250 1089 3570 1145 crederetur

1987 1199 2128 1254 Deus
2160 1197 2428 1252 exsistens
2456 1204 2670 1258 natura,
2697 1188 2916 1246 tametsi
2960 1187 3138 1240 factus
3195 1191 3340 1237 esset
3379 1180 3568 1233 homo.

1987 1289 2382 1358 Fuissetigitur
2405 1284 2856 1341 absurdissimum
2928 1279 3076 1334 terre
3136 1273 3444 1330 Nestorium
3485 1269 3571 1324 di-

1986 1392 2196 1440 centem
2233 1399 2246 1436 :
2287 1381 2616 1437 Communes
2639 1375 2784 1431 enim
2811 1370 3101 1426 Trinitatis
3137 1374 3266 1422 sunt
3301 1363 3573 1433 operatio-

1987 1491 2107 1542 nes,
2139 1484 2192 1530 et
2216 1473 2346 1529 solis
2394 1469 2770 1528 subsistentiis
2813 1463 3224 1520 distinctionem
3279 1458 3568 1511 habentes.

1989 1565 2220 1621 Proinde
2244 1560 2523 1631 Unigeniti
2554 1558 2725 1630 gloria
2762 1555 3040 1610 interdum
3074 1548 3223 1603 Patri
3256 1547 3571 1614 adaptatur,

1991 1656 2260 1712 interdum
2293 1652 2541 1724 Spiritui,
2577 1649 2848 1705 interdum
2880 1643 3080 1700 Christi
3143 1637 3422 1709 potentiae.
3487 1633 3572 1686 ld-

1995 1748 2140 1803 eirco
2169 1747 2260 1815 qui
2294 1742 2696 1814 reprehendere
2731 1737 2942 1799 volunt,
2971 1732 3056 1788 vel
3089 1730 3381 1787 ostendant
3419 1724 3575 1778 nobis

311 1856 477 1918 λοντες,
512 1819 702 1922 ’έτερον
741 1852 899 1921 ἡμῖν
929 1819 1165 1919 Χριστὸν
1199 1847 1304 1918 ἰδίᾳ
1336 1819 1426 1898 καὶ
1453 1844 1557 1898 ἀνὰ
1596 1819 1759 1914 μέρος
1787 1842 1891 1893 ὑπ-

2004 1838 2158 1893 alium
2183 1836 2481 1900 Christum,
2511 1832 2604 1901 qui
2633 1828 2886 1899 privatim
2947 1823 3178 1878 seorsim
3228 1819 3461 1872 exsistat
3524 1823 3578 1866 et

311 1949 510 2016 ἀρχοντα
561 1943 658 1997 καὶ
703 1942 1060 2011 νοούμενον,
1090 1933 1134 2007 ᾧ
1179 1939 1278 2009 τὴν
1326 1935 1519 1990 ἑαυτοῦ
1576 1933 1893 1988 δυναστείαν

315 2037 543 2108 nepti-{69
563 2037 591 2088 6
627 2033 966 2106 μονογενὴς
993 2031 1088 2084 τοῦ
1121 2029 1255 2083 Θεοῦ
1289 2029 1481 2097 Λόγος,
1508 2028 1582 2089 ὡς
1609 2027 1794 2096 ἕτερος
1819 2024 1894 2077 ὢν

319 2129 424 2200 παρ’
452 2127 592 2181 αὑτὸν
623 2124 838 2188 ίδικῶς
871 2125 904 2177 6
931 2123 1056 2186 Υἱός
1075 2140 1088 2154 ·
1119 2123 1213 2175 καὶ
1238 2121 1272 2191 ἢ
1297 2121 1386 2173 sla
1415 2122 1487 2190 μή
1517 2121 1662 2171 ἐστιν
1684 2117 1892 2187 ἕτερος,

328 2226 405 2274 καὶ
429 2221 604 2289 ἕτερος,
633 2217 768 2271 ἀλλ’
806 2211 900 2279 εἷς
934 2232 995 2268 τε
1023 2215 1115 2268 καὶ
1155 2215 1184 2266 6
1227 2212 1412 2277 αὐτὸς,
1447 2211 1538 2263 καὶ
1576 2211 1640 2262 ἐκ
1685 2209 1896 2279 Πατρὶς

337 2312 592 2384 μονογενὴς,
617 2311 717 2364 καὶ
759 2307 1045 2377 γυναικὸς
1075 2305 1356 2376 ἅνθρωπος
1389 2303 1532 2357 κατὰ
1555 2302 1750 2372 σάρκα,
1779 2301 1897 2363 πῶς

329 2400 386 2476 ἦν
406 2403 654 2456 ἀκόλουθον
687 2399 943 2455 ἑλέσθαι
969 2399 1146 2469 σιγᾷν,
1173 2397 1266 2450 καὶ
1299 2396 1419 2464 οὐχὶ
1441 2396 1505 2465 δὴ
1539 2394 1736 2463 μᾶλλον
1768 2393 1898 2445 ἀντα-

314 2497 605 2566 αναστῆναιι)
656 2493 852 2548 πάλιν
901 2492 1006 2561 τῆς
1051 2489 1308 2560 ἀληθείας
1351 2489 1450 2558 τὴν
1498 2486 1725 2555 δύναμιν
1789 2487 1900 2546 τοῖς

310 2589 420 2658 παρ’
453 2588 656 2641 ἐκείνου
724 2586 1166 2657 βατταρισμοῖς,
1195 2581 1302 2634 τῶν
1355 2581 1454 2647 τῆς
1501 2577 1783 2640 εὐσεϐείας
1815 2577 1902 2628 δο-

301 2682 500 2752 γμάτων
522 2679 584 2733 τὸ
604 2680 830 2742 κάλλος
865 2694 946 2729 πα
957 2673 1352 2747 ρασημαίνουσι
1373 2691 1387 2738 ;
1410 2669 1521 2724 Ἦν
1551 2669 1649 2741 μὲν
1671 2665 1765 2722 οῦν
1807 2667 1902 2720 καὶ

297 2771 394 2824 ἔστι
425 2770 550 2834 Θεὸς
576 2773 604 2824 6
643 2769 820 2832 Υἱός.
841 2765 1069 2836 Ἐπειδὴ
1095 2765 1151 2816 δὲ
1182 2763 1327 2829 ἅπαξ
1349 2762 1409 2815 τὸ
1431 2764 1528 2833 τῆς
1551 2759 1906 2832 ἁνθρωπότη-

291 2879 372 2927 τος
415 2863 577 2915 ὑπέδυ
636 2861 889 2934 μέτρον,
932 2857 1026 2911 καὶ
1076 2857 1216 2908 οὺκο
1268 2854 1578 2924 ἁπόὸλητον
1614 2853 1905 2921 ἐποιήσατο

289 2954 374 3024 τὴν
400 2955 748 3026 οἰκονομίαν,
789 2951 1066 3020 ὑπέμεινε
1106 2947 1162 3000 δὲ
1193 2947 1369 3000 πάντα
1405 2945 1492 2998 διὰ
1529 2944 1630 3016 τὴν
1676 2943 1906 2996 κένωσιν

288 3047 550 3101 ἐθελοντὶά
607 3046 683 3100 δι’
717 3045 891 3116 ἡμᾶς
916 3059 930 3071 ·
988 3040 1161 3111 ταύτῃ
1192 3057 1296 3103 τοι,
1353 3038 1536 3090 καίτοι
1575 3035 1715 3088 κατὰ
1746 3033 1906 3102 φύσιν

287 3141 531 3212 ὑπάρχων
563 3139 710 3210 ζωὴ,
749 3133 1157 3202 ζωοποιείσθαι
1187 3131 1403 3200 λέγεται
1452 3127 1603 3198 παρὰ
1651 3126 1745 3179 τοῦ
1791 3127 1906 3179 Πα-

284 3234 429 3306 τρός·
465 3232 560 3285 καὶ
607 3232 715 3297 τῆς
751 3227 936 3296 δόξης
967 3224 1172 3294 Κύριος
1209 3222 1307 3285 ὢν,
1341 3220 1501 3285 δόξαν
1546 3219 1768 3286 λέγεται
1811 3216 1910 3269 λα-

285 3302 409 3377 ϐεῖν.
427 3323 576 3392 Ἔφη
606 3319 756 3389 γοῦν
794 3318 830 3369 6
866 3314 1118 3385 Ἐϐραῖος
1142 3312 1204 3376 ἐξ
1232 3309 1519 3381 Ἑϐραίων,
1545 3309 1574 3360 6
1596 3302 1912 3375 νομομαθὴς

284 3415 514 3484 ἀληθῶς,
547 3414 650 3468 καὶ
680 3415 761 3466 ὲκ
795 3409 983 3478 φυλῆς
1013 3403 1300 3474 Βενιαμίν·
1338 3421 1357 3453 ι
1384 3399 1593 3462 Παῦλος
1615 3395 1912 3458 ἀπόστολος

282 3507 375 3560 οὐκ
404 3507 498 3559 ἀπ’
539 3503 645 3560 ἀνθ
656 3502 912 3576 ρώπων,
948 3497 1068 3549 οὐδὲ
1095 3495 1161 3548 δι’
1184 3491 1493 3565 ἀνθρώπου,
1521 3489 1656 3543 ἀλλὰ
1683 3487 1770 3541 διὰ
1805 3487 1911 3556 Ἰη-

288 3599 373 3652 σοῦ
409 3597 689 3670 Χριστοῦ,
738 3593 856 3647 κα)⁸
899 3589 1037 3642 Θεοῦ
1076 3588 1310 3658 Πατρὸς,
1339 3583 1432 3638 τοῦ
1463 3583 1777 3652 ἐγείραντος
1816 3579 1916 3632 αὑι

284 3692 366 3745 τὸν
390 3668 753 3760 ὲκννεκρῶν,
787 3681 895 3735 καὶ
924 3678 1080 3743 δόξαν
1110 3675 1259 3747 αὐτῷ
1286 3675 1487 3736 δόντος.
1525 3692 1542 3725 ι
1583 3671 1744 3724 Ἀλλὰ
1789 3668 1912 3722 καί·

289 3797 362 3832 τοι
399 3758 716 3850 λεγόμενος
779 3769 950 3836 δόξαν
988 3766 1172 3822 λαϐεῖν
1219 3762 1372 3835 παρὰ
1416 3763 1510 3815 τοῦ
1560 3759 1795 3829 Πατρὸς,
1830 3758 1911 3811 διο

286 3872 503 3943 ήκοντος
550 3869 660 3924 τοῦ
717 3862 1072 3937 πράγματος
1125 3856 1217 3909 ἐπὶ
1264 3854 1326 3908 τὸ
1368 3853 1466 3924 τῆς
1491 3850 1915 3922 ἁνθρωπότητος

299 3964 495 4035 μέτρον,
523 3958 687 4016 οἶδεν
729 3955 945 4011 ἑαυτὸν
989 3951 1202 4022 ἔχοντα,
1232 3946 1370 4002 καθὸ
1413 3947 1616 4001 νοεῖται
1668 3942 1758 3995 καὶ
1800 3941 1916 3993 ἐστι

305 4033 431 4118 θεὸς,
470 4055 536 4109 τὸ
589 4053 762 4119 ὑπὲρ
823 4046 1003 4100 κτίσιν
1049 4040 1438 4112 ἀξίωμα.”Εφη
1482 4036 1645 4105 γοῦν·
1683 4054 1701 4087 ε
1732 4033 1916 4088 Πάντα

317 4163 391 4214 μοι
415 4147 703 4220 παρεδόθη
739 4137 908 4209 παρὰ
931 4135 1026 4190 τοῦ
1054 4132 1268 4205 Πατρός
1303 4147 1406 4201 μου
1425 4147 1438 4160 ·
1469 4130 1563 4183 καὶ
1594 4126 1771 4189 οὐδεὶς
1797 4129 1917 4179 ὲπι-

306 4219 540 4305 γινώσκει
577 4238 682 4301 τίς
720 4238 886 4288 ἐστιν
913 4232 942 4283 6
971 4227 1118 4290 Υἱὸς,
1165 4226 1214 4278 εί
1259 4224 1336 4296 μὴ
1364 4225 1392 4277 ό
1421 4222 1614 4292 Πατήρ
1636 4238 1648 4250 ·
1681 4220 1802 4272 οὐδὲ
1827 4219 1918 4271 τὸν

304 4331 498 4403 Πατέρα
531 4350 630 4396 τις
667 4323 1054 4394 ἐπιγινώσκει
1081 4320 1164 4384 τίς
1201 4319 1372 4380 ἐστιν,
1403 4317 1452 4369 al
1482 4316 1556 4386 μὴ
1589 4317 1619 4367 6
1639 4314 1788 4378 Υἱὸς,
1821 4312 1918 4365 καὶ

293 4415 331 4490 ᾦ
370 4424 435 4477 ἂν
460 4427 489 4478 6
519 4423 670 4486 Υἱὸς
730 4413 1089 4486 ἀποκαλύψῃ.
1123 4430 1142 4462 ι
1179 4409 1318 4464 Ἀλλ’
1346 4406 1478 4471 ῐσως
1527 4408 1644 4476 ἐρεῖ
1684 4422 1767 4467 τις
1811 4403 1918 4456 τῶν

292 4476 802 4584 σιλομαθεστέρων
825 4523 840 4538 ⁸
891 4505 956 4558 Εἰ
1003 4476 1182 4558 πόιντα
1212 4518 1296 4554 σοι
1325 4497 1600 4570 παρεδόθη
1646 4494 1800 4566 παρὰ
1827 4493 1903 4547 τοί

2027 4481 2179 4551 quasi
2238 4478 2287 4533 ei
2323 4476 2413 4547 qui

287 4607 516 4678 Ματρὸς,
544 4607 646 4667 ὡς
669 4600 841 4670 δόξης
871 4595 1198 4666 δεδεημένῳ,
1226 4591 1321 4645 καὶ
1348 4591 1496 4643 δοτὸν
1522 4589 1664 4658 ἔχειν
1684 4585 1922 4655 ὀφείλον-

285 4716 334 4749 τι
369 4699 432 4752 τὸ
458 4696 636 4752 κατὰ
668 4692 900 4746 πάντων
917 4699 941 4727 θ
971 4687 1172 4758 κράτος
1200 4684 1287 4738 διὰ
1309 4682 1370 4736 τὸ
1394 4680 1766 4753 ἀνθρώπινον·
1804 4677 1921 4740 πῶς

283 4787 587 4858 ἀνέφικτον
628 4783 764 4842 ταῖς
810 4775 1115 4847 ἀνθρώπων
1147 4771 1409 4834 διανοίαις
1440 4764 1580 4821 εἶναι
1610 4767 1719 4834 φὴς
1754 4763 1814 4815 τὸ
1845 4763 1923 4814 εἰ·

283 4853 429 4933 δέναι
479 4896 576 4942 σε,
618 4870 890 4938 καθάπερ
940 4866 1135 4936 ἀμέλει
1181 4863 1276 4918 καὶ
1315 4862 1406 4915 τὸν
1450 4858 1705 4928 Πατέρα;
1764 4853 1924 4908 Ἀλλὰ

285 4971 390 5034 ναὶ,
438 4969 670 5040 φησιν,
696 4962 760 5015 οὐ
801 4961 964 5031 μέχρι
1015 4957 1123 5009 τῶν
1169 4953 1464 5026 ὁρωμένων
1489 4951 1523 5021 ἡ
1556 4949 1642 5002 ἐπ’
1677 4946 1800 5017 ἐμοὶ
1827 4962 1922 4997 συ-

287 5034 595 5116 στέλλεται
649 5052 876 5122 γνῶσις.
908 5049 1040 5118 Εἰμὶ
1086 5046 1198 5118 γὰρ’
1244 5042 1377 5106 Θεὸς
1411 5044 1469 5096 ὲν
1504 5040 1668 5109 σαρκὶ
1713 5037 1806 5090 καὶ
1837 5034 1925 5088 αῖ-

285 5172 447 5226 ματι,
483 5147 662 5206 κατὰ
719 5143 821 5215 μὲν
870 5143 970 5211 τὴν
1006 5141 1184 5210 σάρκα
1223 5135 1648 5206 γινωσκόμενος,
1683 5127 1825 5183 κατὰ
1869 5126 1926 5179 δὲ

283 5216 386 5320 τὴν
414 5216 715 5313 θεότητος
760 5235 921 5306 φύσιν
949 5250 1009 5286 τε
1037 5233 1133 5286 καὶ
1162 5229 1321 5294 δόξαν
1352 5225 1653 5296 ίσομέτρως
1681 5221 1818 5291 ἔχων
1850 5216 1926 5286 τῷ

337 5405 395 5436 ⁸⁸
439 5398 668 5456 Matth.
713 5409 788 5456 tv,
822 5392 856 5444 4
890 5405 1044 5459 seqq.

288 5475 394 5527 5-7
407 5514 421 5528 .

1988 1927 2346 1995 intelligatur,
2376 1923 2464 1977 cui
2488 1935 2640 1976 suam
2671 1917 2971 1988 potentiam
3006 1909 3332 1982 applicuerit
3386 1906 3577 1973 unige-

1997 2021 2168 2074 nitum
2190 2017 2281 2071 Dei
2301 2014 2563 2078 Verbum,
2609 2011 2766 2080 quasi
2814 2006 3047 2062 seorsim
3104 2002 3354 2054 diversus
3385 1999 3458 2051 sit
3511 1993 3580 2046 ab

1997 2112 2114 2181 ipso
2140 2107 2348 2172 Filius;
2375 2104 2460 2158 vel
2478 2102 2582 2158 nisi
2617 2101 2691 2156 sit
2717 2099 2858 2153 alius
2884 2106 2938 2150 et
2996 2093 3157 2156 alius,
3204 2090 3298 2145 sed
3341 2099 3480 2140 unus
3528 2091 3584 2137 et

1999 2201 2138 2254 idem
2170 2205 2311 2251 etex
2348 2193 2509 2247 Patre
2533 2190 2866 2260 unigenitus,
2897 2193 2951 2240 et
2983 2199 3052 2238 ex
3085 2188 3258 2235 matre
3309 2178 3471 2231 homo
3497 2187 3583 2227 se-

1997 2290 2230 2345 cundum
2255 2299 2501 2348 carnem,
2538 2281 2809 2351 quomodo
2847 2274 3044 2332 silendi
3095 2273 3248 2328 locus
3303 2275 3472 2332 esset,
3524 2273 3581 2317 et

2001 2397 2104 2436 non
2134 2378 2306 2447 magis
2333 2375 2578 2430 veritatis
2601 2371 2842 2442 potentia
2875 2368 3021 2423 illius
3054 2363 3212 2432 nugis
3235 2356 3581 2429 opponenda,

2001 2446 2463 2541 pulchraipietatis
2517 2465 2772 2533 dogmata
2839 2451 3350 2524 corrumpentibus?
3400 2446 3587 2515 Itaque

2002 2538 2118 2618 erat
2136 2562 2352 2632 quidem
2389 2570 2444 2613 et
2467 2565 2550 2610 est
2582 2556 2723 2609 Deus
2743 2552 2861 2621 ipse
2905 2547 3066 2617 [76
3102 2543 3291 2598 Filius.
3319 2538 3586 2605 Quoniam

2002 2664 2180 2710 autem
2211 2649 2377 2707 semel
2401 2647 2567 2703 subiit
2601 2641 2955 2699 humanitatis
3002 2647 3338 2696 mensuram,
3368 2638 3422 2684 et
3477 2628 3590 2682 dis-

2004 2742 2372 2812 pensationem
2425 2736 2566 2791 haud
2598 2730 2952 2802 rejiciendam
3004 2724 3243 2788 censuit,
3296 2721 3365 2774 ob
3405 2717 3594 2771 exina-

2005 2836 2266 2891 nitionem
2296 2837 2476 2884 autem
2503 2825 2764 2881 sustinuit
2828 2819 3016 2876 omnia
3067 2812 3376 2870 voluntarie
3408 2807 3590 2863 nostri

2005 2941 2167 2982 causa
2193 2925 2595 2991 “:eapropter
2621 2956 2637 2982 ,
2680 2913 2929 2985 quamvis
2980 2911 3053 2964 sit
3110 2905 3412 2963 secundum
3437 2911 3594 2956 natu-

2007 3033 2122 3073 ram
2153 3017 2289 3082 vita,
2323 3010 2592 3067 viviﬁcari
2617 3007 2816 3062 dicitur
2848 3019 2877 3056 a
2906 3002 3069 3057 Patre
3096 3017 3112 3053 :
3149 3007 3347 3052 etcum
3376 2995 3451 3048 sit
3482 2992 3595 3061 glo-

2009 3111 2102 3164 ria:
2136 3107 2398 3163 Dominus
2422 3103 2491 3166 θ’,
2512 3099 2711 3155 dicitur
2735 3095 2964 3166 gloriam
2992 3089 3288 3158 accepisse.
3331 3085 3467 3138 Hinc
3491 3082 3598 3135 lle-

2014 3204 2188 3256 brzeus
2210 3213 2276 3252 ex
2310 3193 2582 3259 Hebraeis,
2599 3203 2727 3244 vere
2758 3185 2953 3240 doctus
2992 3182 3046 3236 in
3073 3181 3211 3249 lege,
3241 3185 3295 3231 et
3352 3189 3418 3228 cx
3451 3173 3596 3226 tribu

2012 3291 2319 3358 Benjamin,
2346 3283 2561 3341 dicebat
2597 3300 2611 3335 :
2651 3299 2672 3332 ι
2705 3277 2907 3332 Paulus
2933 3271 3216 3343 apostolus
3248 3283 3355 3321 non
3394 3266 3460 3318 ah
3495 3264 3596 3317 ho-

2015 3383 2273 3446 minibus,
2310 3390 2483 3446 neque
2506 3389 2602 3443 per
2635 3370 2938 3430 hominem,
2969 3361 3068 3418 sed
3094 3376 3188 3432 per
3228 3358 3413 3412 Jesum
3441 3354 3600 3410 Chrio

2014 3485 2178 3537 stum,
2212 3481 2266 3525 et
2297 3470 2462 3524 Deum
2487 3465 2730 3527 Patrem,
2762 3457 2854 3529 qui
2885 3454 3171 3511 suscitavit
3212 3465 3336 3504 eum
3387 3462 3416 3500 a
3455 3460 3600 3500 mor-

2016 3536 2218 3631 tuis”,
2251 3573 2304 3619 et
2338 3560 2563 3632 gloriam
2583 3555 2662 3611 illi
2699 3551 2848 3609 dedit
2877 3551 2980 3603 ⁸⁸.)
3013 3545 3212 3600 Verum
3240 3539 3488 3610 quamvis
3521 3536 3604 3590 di-

2015 3671 2169 3717 catur
2198 3656 2428 3728 gloriam
2487 3648 2766 3718 accepisse
2817 3657 2846 3696 a
2905 3639 3085 3702 Patre,
3137 3649 3260 3690 cum
3311 3646 3372 3687 ea
3409 3645 3494 3684 res
3535 3627 3605 3682 ad

2017 3747 2368 3807 humanitatis
2402 3754 2710 3798 mensuram
2741 3731 3049 3806 perveniat,
3087 3728 3236 3782 novit
3291 3736 3471 3778 tamen
3525 3732 3606 3772 se-

2013 3841 2190 3910 ipsum
2253 3837 2452 3890 habere
2479 3829 2797 3900 dignitatem
2837 3823 2980 3876 ultra
3032 3827 3364 3877 creaturam,
3405 3823 3603 3865 secun-

2016 3902 2142 3988 dum
2175 3927 2319 3998 quod
2355 3922 2667 3993 intelligitur
2700 3927 2755 3973 et
2787 3924 2870 3970 est
2900 3913 3061 3968 Deus.
3093 3907 3326 3963 Proinde
3353 3902 3601 3958 dicebat:

2024 4043 2042 4076 ‹
2072 4023 2265 4078 Omnia
2307 4018 2437 4072 mihi
2467 4012 2667 4068 tradita
2702 4016 2831 4064 sunt
2860 4021 2890 4059 a
2948 4003 3110 4058 Patre
3141 4013 3300 4053 meo:
3333 4003 3389 4050 et
3446 4004 3607 4046 nemo

2018 4111 2293 4181 cognoscit
2320 4109 2440 4176 quis
2470 4105 2540 4158 sit
2574 4100 2770 4163 Filius,
2799 4095 2903 4150 nisi
2951 4091 3117 4147 Pater
3142 4105 3156 4157 ;
3185 4093 3362 4155 neque
3388 4083 3604 4137 Patrem

2018 4209 2138 4278 quis
2161 4201 2402 4273 agnoscit
2430 4197 2554 4268 quis
2589 4195 2678 4259 sit,
2711 4189 2815 4245 nisi
2848 4186 3039 4248 Filius,
3080 4190 3134 4238 et
3183 4179 3267 4234 cui
3294 4176 3465 4231 Filius
3509 4186 3600 4227 re-

2017 4294 2282 4353 velaverit
2315 4294 2407 4348 9".
2452 4308 2470 4341 ι
2505 4287 2760 4343 Fortasse
2793 4279 3064 4350 quispiam
3101 4269 3491 4328 studiosiorum
3521 4266 3608 4318 in-

2019 4386 2357 4459 terrogabit:
2412 4382 2470 4437 Si
2523 4379 2704 4435 omnia
2764 4374 2860 4428 tibi
2904 4369 3106 4426 tradita
3159 4372 3294 4418 sunt
3349 4377 3377 4413 a
3415 4358 3601 4421 Patre,

2451 4472 2622 4545 gloria
2660 4463 2988 4535 indigneris,
3023 4470 3080 4516 et
3131 4453 3384 4513 debueris
3410 4449 3611 4503 habere

2024 4576 2207 4630 datum
2239 4567 2528 4638 imperium
2565 4565 2618 4618 in
2649 4574 2838 4617 omnes
2905 4561 3138 4623 propter
3171 4542 3608 4602 humanitatem;

2023 4662 2294 4736 quomodo
2319 4657 2571 4713 humanis
2597 4651 2869 4706 mentibus
2908 4638 3248 4714 impossibile
3307 4649 3430 4689 esse
3475 4630 3611 4684 dicis

2025 4756 2166 4812 scire
2191 4762 2259 4816 te,
2291 4744 2746 4819 quemadmodum
2803 4740 2945 4795 scire
2999 4743 3052 4790 et
3116 4725 3373 4786 Patrem?
3425 4723 3610 4786 Certe,

2027 4846 2220 4917 inquit,
2247 4843 2350 4897 mei
2377 4836 2614 4909 cognitio
2646 4849 2755 4889 non
2790 4843 2962 4900 usque
2999 4826 3066 4881 ad
3125 4820 3398 4878 visibilem
3450 4823 3612 4870 natu-

2032 4955 2146 4995 ram
2166 4944 2498 4994 coarctatur.
2529 4928 2666 4984 Nam
2685 4927 2827 4981 Deus
2851 4937 2970 4978 sum
2991 4920 3043 4973 in
3068 4929 3233 4973 carne
3255 4921 3310 4968 et
3327 4909 3612 4978 sanguine,

2031 5042 2087 5088 et
2115 5028 2411 5086 secundum
2440 5035 2659 5079 carnem
2689 5018 2908 5090 quidem
2933 5022 3265 5082 cognoscor,
3310 5001 3611 5060 secundum

2035 5131 2282 5175 naturam
2312 5125 2492 5171 autem
2522 5122 2578 5167 et
2597 5111 2824 5182 gloriam
2860 5097 3469 5169 divinitatis,aaqualcm
3493 5106 3615 5146 cum

2039 5215 2146 5268 Deo
2169 5221 2223 5266 et
2249 5210 2409 5264 Patre
2446 5218 2756 5262 mensuram
2790 5200 2987 5264 habeo,
3024 5195 3267 5253 omnium
3308 5195 3546 5242 mentem
3564 5181 3618 5237 et

1116 5387 1161 5418 ⁸⁵
1185 5383 1341 5439 Joan.
1380 5398 1452 5436 rx.
1487 5381 1508 5432 l
1542 5392 1694 5445 seqq.
1766 5374 1811 5405 ⁸⁸
1839 5371 1903 5445 ,10

2004 5369 2164 5445 υμε]
2201 5381 2354 5445 seqq.
2503 5361 2686 5414 Matth.
2728 5371 2838 5416 ιμ’,
2869 5351 2939 5406 26
2966 5368 3117 5421 seqq.
3187 5343 3232 5375 ⁸⁸
3265 5339 3493 5406 Philipp.
3531 5350 3615 5400 In,

507 5433 788 5522 Ei‘i'to'r',’
819 5433 1079 5537 5,3.“50
1104 5433 1346 5518 ςειῐςῖιξῖ,
1384 5433 1433 5507 t.
1468 5452 1509 5484 ο·
1539 5449 1553 5502 I
1588 5433 1729 5502 P'eir.
1768 5462 1805 5510 1,
1828 5443 1887 5496 2t

2004 5440 2062 5469 ἰ’
2101 5437 2290 5490 Matth.
2323 5451 2383 5495 ll,
2413 5433 2505 5484 Ἦ,

1431 5610 1608 5666 Variae
1638 5607 1896 5664 lectiones
1929 5617 1992 5658 cx
2030 5599 2213 5657 codice
2251 5593 2623 5664 Seguiet‘iano.

352 5805 380 5845 1
417 5787 688 5852 ἀνιστάς.
776 5793 797 5819 ³
831 5781 863 5847 ἦ
893 5775 1221 5834 ἀποστόλων.
1268 5787 1292 5811 ³
1331 5767 1510 5831 ἱδικῶς
1539 5765 1683 5827 Υἱός·
1716 5763 1748 5833 ἢ
1782 5763 1851 5814 εἱ.

1931 5759 1958 5798 ἱ·
1995 5752 2418 5820 ἀνταναστῆσαι.
2504 5758 2523 5783 ε
2559 5745 2752 5815 μέτρον
2783 5739 2900 5796 οὐκ.
2973 5737 2993 5777 1
3025 5733 3325 5805 ἐθελοντής.
3374 5743 3396 5771 °
3423 5729 3614 5786 πάντα.
