4080 6414
494 311 602 369 3U

1536 316 1593 374 8.
1621 316 1901 374 CYRILLI
1954 316 2426 374 ALEXANDRINI
2455 314 2775 374 ABClllEP.

3666 309 3772 366 ’548

494 446 805 489 sermonem
841 437 1180 492 transcendo.
1217 436 1452 494 Proinde
1493 439 1766 509 (revertor
1814 439 1959 494 enim
2012 440 2073 492 ad

2183 439 2305 510 Θεῷ
2337 439 2431 493 καὶ
2463 438 2659 509 Πατρὶ,
2692 439 2786 492 καὶ
2816 436 2907 490 νοῦ
2973 437 3065 489 καὶ
3093 434 3254 504 λόγου
3285 432 3486 496 παντὸς
3518 432 3776 486 ἐπέκεινα

497 524 791 593 proposita:
819 525 892 579 rei
921 526 1274 598 sententiam)
1305 541 1483 597 neque
1525 529 1858 597 apostolicas
1919 540 2080 583 Voces

498 613 754 680 tollimus,
816 617 1000 671 absit!
1070 633 1246 689 neque
1289 621 1416 674 dum
1463 620 1566 674 alia
1627 620 1872 690 quaedam
1904 621 2086 674 minus

494 717 858 762 consentanea
892 710 1210 778 sentientes,
1247 711 1330 766 vel
1364 712 2083 782 loquentes,~iucarnationis

495 800 798 855 rationibus
866 804 1242 858 adversamur.
1304 803 1596 873 Sequimur
1636 815 1818 860 autem
1885 806 2084 874 ubique

492 901 679 946 sacras
711 892 1108 962 Scripturas,et
1139 897 1518 968 theologorum
1553 899 1777 954 vocibus
1807 912 2080 954 summum

487 984 575 1051 jus
594 989 984 1051 concedentes,
1012 989 1494 1047 obsistimus-solis
1524 993 1664 1058 istis,
1685 995 1775 1062 qui
1805 1002 1951 1052 recta
1979 991 2082 1050 Ec-

491 1076 677 1131 clesiae
718 1079 968 1148 dogmata
1016 1092 1351 1150 pervertunt.
1384 1083 1537 1150 Quod
1581 1096 1761 1139 autem
1801 1084 1964 1139 Pater
2013 1100 2079 1140 ex

493 1169 723 1222 mortuis
747 1170 1106 1227 resuscitasse
1128 1172 1418 1230 Dominum
1443 1186 1688 1231 nostrum
1707 1175 1891 1232 Jesum
1916 1177 2072 1231 Chri-

491 1269 630 1311 stum
673 1261 894 1324 dicitur,
929 1277 994 1317 eo
1024 1278 1190 1332 opere
1216 1265 1424 1322 scilicet
1469 1268 1618 1322 circa
1679 1267 1799 1338 eius
1851 1285 2076 1325 carnem

489 1350 704 1419 effecto,
731 1369 889 1409 nemo
917 1365 1001 1412 est
1032 1357 1124 1425 qui
1164 1358 1427 1430 ambigat.
1453 1359 1573 1431 lpse
1606 1369 1813 1424 autem,
1843 1376 1964 1416 cum
2006 1364 2081 1416 sit

489 1445 617 1506 vita,
641 1453 695 1499 et
734 1447 1057 1514 vivificator,
1083 1458 1136 1504 et
1163 1455 1472 1520 operatoria
1495 1457 1677 1509 virtus
1707 1455 2079 1518 Patris,suum

491 1535 803 1592 viviﬁcabat
841 1541 1123 1609 templum,
1149 1542 1304 1611 juxta
1331 1545 1502 1616 illud_:
1547 1566 1565 1598 ι
1595 1546 1801 1604 Solvite
1823 1548 2077 1618 templum

489 1627 614 1690 hoc,
647 1638 699 1683 et
725 1631 775 1684 in
803 1632 976 1688 tribus
1011 1633 1202 1690 diebus
1235 1638 1490 1693 excitabo
1550 1639 1681 1694 illud
1713 1642 1787 1691 η.
1829 1658 1848 1692 ι
1889 1640 2080 1710 Itaque

488 1722 632 1789 quod
669 1723 1071 1792 viviﬁcabatur,
1105 1745 1214 1784 non
1246 1740 1363 1784 erat
1395 1729 1654 1796 alienum,
1691 1747 1868 1802 neque
1907 1733 2079 1788 alicu-

2185 531 2415 601 τρέχων.
2450 529 2658 584 Οὐκοῦν
2689 528 3006 598 (ἀνθέξομαι
3041 527 3150 599 γὰρ
3193 528 3291 597 τῆς
3323 525 3434 578 τῶν
3474 523 3775 595 προκειμέο

2187 640 2292 675 νων
2325 621 2552 691 ἐννοίας)
2586 620 2710 674 οὔτε
2764 621 2860 684 τὰς
2908 620 3272 681 ἀποστολικάς
3302 617 3631 688 ἀναιροῦμεν
3661 635 3776 686 φω-

2185 714 2300 778 νάς,
2333 713 2407 785 μὴ
2435 715 2664 782 γένοιτο,
2693 712 2815 766 οὕτε
2847 713 2952 784 μὴν
2985 713 3149 784 ἕτερα
3183 714 3318 768 ἄττα
3357 710 3510 782 παρᾶ
3531 711 3592 764 τὸ
3625 711 3776 773 εἰκὸς

2183 805 2216 875 ἢ
2258 803 2604 875 φρονοῦντες,
2640 803 2673 874 ἢ
2705 803 2976 873 λέγοντες,
3008 807 3121 868 τοῖς
3162 806 3262 874 τῆς
3304 802 3777 874 ὲνανθρωπήσεως

2183 895 2623 965 ἀντιπράττομεν
2669 893 2881 962 λόγοις³
2930 894 3186 965 ἑπόμενοι
3229 894 3287 948 δὲ
3334 891 3606 962 πανταχοῦ
3658 893 3778 953 τοῖς

2187 985 2354 1055 ἱεροῖς
2384 986 2700 1056 Γράμμασι,
2729 988 2824 1040 καὶ
2862 989 2981 1050 ταῖς
3022 987 3129 1040 τῶν
3169 986 3447 1058 θεηγόρων
3477 987 3680 1054 φωναῖς
3709 983 3782 1036 τὸ

2183 1076 2383 1146 χρῆναι
2429 1080 2652 1145 κρατεῖν
2695 1079 3086 1152 ἀπονέμοντες,
3121 1075 3560 1142 ἀντανιστάμεθα
3589 1077 3781 1148 μόνοις

2181 1171 2293 1232 τοῖς
2325 1167 2394 1222 τὰ
2422 1167 2557 1240 ὀρθὰ
2579 1172 2679 1239 τῆς
2709 1169 3032 1240 Ἐκκλησίας
3059 1170 3307 1240 δόγματα
3331 1169 3777 1239 διαστρέφουσιν.

2184 1260 2305 1312 ’Ὁτι
2335 1260 2391 1313 δὲ
2438 1263 2467 1313 ό
2513 1262 2702 1332 Πατὴρ
2737 1264 2800 1316 ὲκ
2847 1263 3056 1333 νεκρῶν
3099 1262 3403 1333 ἀναστῆσαι
3434 1261 3525 1321 τὸν
3565 1261 3778 1331 Κύριον

2181 1352 2339 1422 ἡμῶν
2375 1351 2582 1424 Ἰησοῦν
2608 1355 2844 1426 Χριστὸν
2889 1354 3130 1422 λέγεται,
3167 1351 3559 1424 ὲνεργουμένου
3583 1352 3778 1422 δηλον-

2180 1443 2263 1496 ότι
2303 1445 2431 1514 περὶ
2459 1446 2559 1516 τὴν
2593 1445 2774 1516 σάρκα
2816 1445 2983 1500 αὑτοῦ
3030 1447 3125 1499 τοῦ
3176 1447 3522 1517 πράγματος,
3555 1447 3655 1498 οὐκ
3701 1447 3779 1498 ἂν

2183 1535 2475 1589 ὲνδοιάσειέ
2507 1553 2612 1600 τις.
2645 1536 2817 1600 Αὐτὸς
2863 1536 2921 1590 δὲ
2955 1536 3219 1606 ὑπάρχων
3273 1538 3306 1607 ὴ
3337 1534 3472 1607 ζωὴ.
3506 1535 3780 1600 ζωοποιός

2180 1643 2238 1679 τε
2271 1629 2363 1680 καὶ
2415 1627 2646 1699 ἐνεργὴς
2671 1627 2900 1699 δύναμις
2928 1627 3022 1682 τοῦ
3053 1628 3288 1698 Πατρός,
3318 1627 3410 1681 τὸν
3443 1627 3572 1681 ἴδιον
3602 1629 3779 1691 ἐζωο-

2182 1720 2323 1772 ποίει
2357 1720 2512 1774 ναόν·
2545 1739 2564 1773 t
2593 1720 2950 1776 Καταλύσατε
2974 1721 2993 1760 ί
3041 1721 3134 1776 τὸν
3178 1721 3304 1776 ναὸν
3358 1721 3566 1787 τοῦτον,
3611 1723 3777 1792 φησὶ,

485 1813 572 1879 jus
607 1815 767 1886 177
796 1832 858 1871 ex
891 1819 1200 1875 hominibus
1268 1823 1425 1878 nobis
1468 1824 1757 1890 similibus,
1808 1826 1902 1881 sed
1947 1841 2073 1892 pro-

2181 1810 2277 1863 καὶ
2307 1811 2364 1863 ὲν
2391 1810 2573 1882 τρισὶν
2601 1812 2839 1884 ἡμέραις
2867 1812 3043 1883 ὲγερῶ
3081 1812 3262 1867 αὐτόν.
3297 1809 3434 1866 ι’Ἦν
3459 1808 3552 1866 οῦν
3574 1813 3682 1884 ἄρα
3707 1813 3776 1866 τὸ

488 1907 662 1974 prium
695 1909 864 1979 ipsius
889 1909 1051 1967 Verbi
1081 1928 1297 1982 corpus.

861 2231 1520 2289 ANATIlEMATlSMUS
1560 2230 1698 2287 Vlll.

563 2343 618 2396 Si
651 2343 771 2413 quis
805 2345 986 2400 dicere
1019 2345 1182 2400 audet
1238 2344 1518 2400 hominem
1583 2355 1924 2412 assumptum
1970 2358 2074 2398 una

485 2450 606 2488 cum
651 2435 740 2491 Dei
783 2435 964 2490 Verbo
987 2436 1348 2500 adorandum,
1401 2444 1456 2490 et
1519 2435 2073 2506 congloritlcandum,

485 2534 537 2579 et
564 2527 752 2593 Deum,
785 2538 1040 2598 tanquam
1076 2529 1306 2583 alterum
1337 2543 1462 2583 eum
1481 2527 1655 2582 altero
1684 2529 2076 2584 connominan-

485 2617 614 2670 dum
647 2619 962 2689 esse(hunc
991 2619 1136 2674 enim
1180 2618 1518 2673 intellectum
1575 2619 1863 2688 particula,
1924 2633 2072 2684 cum,

483 2707 720 2778 adjecta,
745 2719 1008 2779 perpetuo
1037 2725 1099 2764 ac
1125 2711 1434 2765 necessario
1466 2708 1646 2779 aﬂ‘ert)
1673 2720 1727 2764 et
1755 2725 1858 2765 non
1893 2711 2072 2782 potius

484 2817 591 2856 una
640 2803 959 2860 adoratione
1001 2803 1413 2859 Emmanuelem
1467 2804 1727 2871 honorat,
1795 2819 2073 2874 unamque

485 2885 562 2942 illi
624 2888 1076 2958 gloriﬁcationem
1153 2893 1426 2957 attribuit,
1497 2905 1764 2963 quatenus
1831 2893 2069 2950 Verbum

484 2978 684 3035 factum
719 2992 803 3038 est
832 2998 1001 3050 caro;
1039 2985 1329 3040 anathema
1360 2987 1450 3041 sit.

942 3093 1299 3150 Orientalium
1336 3097 1614 3166 appositio.

554 3201 849 3258 Coadorari
910 3213 965 3260 et
999 3207 1425 3275 congloriﬁcari,
1458 3190 1616 3278 quasi
1675 3209 1744 3264 de
1795 3211 2066 3279 personis,

469 3287 978 3361 'velsubsistentiis,
1055 3297 1139 3353 vel
1199 3299 1324 3353 ﬁliis
1392 3301 1603 3356 duobus
1661 3316 1768 3356 non
1813 3302 2066 3369 dicimus,

482 3388 634 3457 quasi
692 3388 850 3443 aliter
901 3389 994 3443 ﬁat
1038 3390 1288 3445 adoratio
1342 3393 1453 3446 Deo
1517 3391 1730 3458 Verbo,
1783 3404 1837 3450 et
1912 3395 2072 3450 aliter

482 3480 666 3546 carni;
695 3481 790 3536 sed
825 3497 986 3536 unam
1011 3484 1194 3552 potius
1234 3484 1630 3552 adorationem,
1679 3496 1732 3542 et
1765 3497 1962 3544 caetera
2014 3496 2072 3542 ut

481 3573 582 3626 uni
616 3572 754 3629 Filio
799 3575 1096 3640 oderimus,
1130 3587 1184 3631 et
1228 3577 1401 3646 ipsum
1454 3581 1766 3647 coadorari,
1809 3583 1953 3638 sicut
2018 3592 2073 3636 et

481 3661 600 3730 ipse
631 3664 685 3718 in
711 3665 888 3733 primo
918 3675 1066 3724 tomo
1094 3670 1246 3726 dicit.
1272 3669 1406 3725 Nam
1457 3674 1708 3744 quamvis
1752 3687 1970 3743 semper
2015 3685 2073 3730 ut

483 3751 722 3810 Verbum
756 3773 877 3812 cum
902 3758 1066 3816 Patre
1094 3775 1195 3817 suo
1227 3763 1531 3832 consideat,
1564 3773 1620 3821 et
1649 3780 1713 3819 ex
1757 3765 1876 3834 ipso
1932 3776 1986 3820 et
2019 3769 2069 3822 in

483 3848 600 3918 ipso
628 3851 925 3906 secundum
984 3863 1232 3909 naturam
1272 3858 1524 3923 exsistat,
1579 3868 1759 3914 tamen
1818 3860 2072 3916 audiebat

479 3940 645 3994 etiam
690 3956 813 3997 eum
868 3958 1034 3999 carne
1101 3947 1372 4004 exsistens
1423 3949 1747 4004 dicentem:
1787 3971 1805 4004 ‹
1846 3950 1986 4008 Sede
2039 3968 2067 4006 a

481 4033 686 4088 dextris
728 4036 883 4103 meis,
915 4037 1089 4092 donec
1114 4054 1309 4109 ponam
1346 4042 1598 4100 inimicos
1622 4052 1743 4100 tuos
1772 4044 2066 4101 scabellum

480 4127 676 4192 pedum
701 4137 919 4184 tuorum
936 4130 1004 4184 9'.
1051 4151 1069 4183 ι
1098 4132 1179 4186 Ita
1211 4142 1266 4188 et
1289 4135 1504 4189 adorari
1543 4136 1778 4192 dicimus
1815 4138 1990 4208 ipsum
2016 4148 2070 4193 et

484 4234 516 4270 ιι
549 4219 705 4274 nobis
734 4221 867 4290 ipsis
914 4233 968 4279 et
995 4227 1248 4282 asanctis
1284 4228 1512 4299 angelis.
1565 4228 1800 4283 Proinde
1830 4231 1896 4283 ad
1954 4230 2070 4284 haec

480 4309 926 4382 dicimus,quod
951 4315 1089 4370 scite
1146 4317 1437 4373 admodum
1494 4320 1753 4389 praecepit
1807 4321 1916 4382 his,
1977 4319 2068 4389 qui

480 4415 603 4455 cum
624 4415 791 4459 carne
815 4421 982 4460 unum
1018 4415 1071 4464 et
1098 4408 1346 4464 eumdem
1375 4406 1572 4464 Filium
1599 4410 1828 4465 adorare
1855 4409 2065 4472 volunt,

2096 3143 2144 3206 C

2181 1902 2615 1974 ζωοποιούμενον
2659 1904 2760 1957 οὐκ
2809 1904 3113 1976 ἀλλότριον,
3161 1904 3288 1959 οὔτε
3334 1907 3441 1977 μὴν
3492 1906 3610 1970 ἑνὸς
3657 1905 3772 1958 τῶν

2179 1991 2300 2045 καθ’
2339 1993 2486 2062 ἡμᾶς
2533 1991 2871 2063 ἀνθρώπων,
2910 1993 3027 2048 ἀλλ’
3055 1994 3186 2048 ῐδιον
3239 1994 3408 2049 αὐτοῦ
3455 1995 3551 2049 τοῦ
3591 1995 3763 2064 Λόγου

2181 2100 2363 2156 σωμα.

2617 2216 3214 2270 ΑΝΑΘΕΜΑΤΙΣΜΟΣ
3253 2218 3336 2271 H'.

2248 2332 2317 2385 Εῖ
2360 2350 2444 2396 τις
2492 2331 2668 2403 τολμᾷ
2707 2332 2887 2399 λέγειν
2921 2331 3011 2384 τὸν
3053 2330 3437 2401 ἀναληφθέντα
3482 2331 3778 2402 ἄνθρωπον

2180 2425 2715 2496 συμπροσκυνεῖσθαι
2744 2424 2854 2478 δεῖν
2881 2422 2957 2494 τῷ
2990 2423 3109 2494 θεῷ
3158 2424 3336 2493 Λόγῳ,
3369 2423 3463 2476 καὶ
3513 2423 3771 2489 συνδοξά-

2176 2517 2385 2583 ζεσθαι,
2423 2518 2517 2572 καὶ
2548 2514 3016 2587 συγχρηματίζειν
3049 2516 3214 2580 Θεὸν,
3261 2515 3335 2578 ὡς
3366 2514 3552 2585 ἕτερον
3597 2515 3763 2585 ἑτέρῳ

2176 2611 2256 2682 (τὸ
2286 2611 2396 2683 γὰρ
2429 2611 2570 2675 σὺν,
2596 2611 2684 2665 ἀεὶ
2706 2608 3132 2682 προστιθέμενον
3165 2607 3322 2662 τοῦτο
3350 2609 3488 2662 νοεῖν
3515 2608 3758 2675 ἀναγκά-

2176 2700 2279 2772 σει)
2311 2719 2327 2734 ο
2364 2702 2457 2756 καὶ
2490 2702 2611 2771 οὐχὶ
2642 2701 2706 2772 δὴ
2745 2699 2945 2771 μᾶλλον
2979 2700 3076 2769 μιᾷ
3103 2699 3470 2771 προσκυνήσει
3503 2700 3638 2769 τιμᾷ
3679 2697 3770 2751 τὸν

2187 2793 2574 2864 Ἐμμανουὴλ,
2624 2793 2719 2848 καὶ
2773 2792 2903 2862 μίαν
2951 2790 3101 2861 αὐτῷ
3149 2791 3249 2861 τὴν
3294 2789 3588 2862 ὁμολογίαν
3637 2807 3768 2843 συνι

2173 2884 2398 2949 άπτειε,
2439 2883 2574 2938 καθὸ
2603 2883 2793 2953 γέγονε
2834 2878 2972 2952 σάρξ
3009 2883 3038 2935 ό
3066 2881 3235 2950 Λόγος
3259 2898 3273 2913 ο
3314 2881 3563 2951 ἀνάθεμα
3600 2880 3767 2935 ἔστω.

2487 3086 2855 3155 ἈντΙρῤησις
2892 3083 3011 3138 τῶν
3059 3080 3473 3138 Ἀνατολικῶν.

2244 3199 2319 3255 Τὸ
2349 3196 2909 3269 συμπροσκυνεῖσθαι,
2946 3195 3039 3250 καὶ
3071 3192 3510 3258 συνδοξάζεσθαι,
3530 3192 3606 3256 ὡς
3634 3194 3769 3259 περὶ

2171 3290 2500 3364 προσώπων,
2534 3290 2566 3360 ἦ
2604 3289 2955 3343 ὑποστάσεων
3008 3287 3041 3358 ἦ
3086 3286 3220 3340 υἱῶν
3267 3285 3360 3338 δύο
3397 3285 3458 3338 οὐ
3508 3283 3769 3353 λέγομεν,

2171 3386 2247 3450 ὡς
2293 3387 2359 3455 τῇ
2405 3383 2569 3454 σαρκὶ
2611 3382 2812 3453 ἑτέρως
2868 3380 3292 3451 προσκυνήσεως
3326 3378 3642 3449 γινομένης,
3673 3377 3774 3430 καὶ

2172 3477 2248 3548 τῷ
2276 3475 2395 3546 Θεῷ
2432 3475 2591 3546 Λόγῳ
2622 3475 2854 3545 ἑτέρως·
2884 3472 3020 3526 ἀλλὰ
3053 3471 3256 3542 μᾶλλον
3288 3471 3419 3542 μίαν
3455 3470 3776 3541 προσκύνη-

2175 3585 2278 3634 σιν,
2311 3568 2405 3621 καὶ
2429 3566 2499 3620 τὰ
2525 3566 2690 3620 λοιπά
2715 3565 2792 3628 ὡς
2835 3565 2916 3618 ἑνὶ
2975 3564 3092 3635 Υίῷ
3142 3563 3548 3636 προσφέρομεν,
3583 3563 3680 3616 καὶ
3711 3564 3778 3616 τὸ

2176 3659 2737 3734 συμπροσκυνεῖσθαι,
2765 3659 2842 3722 ὡς
2873 3659 2968 3712 καὶ
2995 3657 3157 3720 αὐτὸς
3191 3658 3250 3710 ὲν
3275 3657 3352 3727 τῷ
3385 3655 3590 3726 πρώτῳ
3613 3657 3777 3727 τόμῳ

2175 3754 2346 3824 λέγει.
2391 3754 2586 3808 Καίτοι
2611 3753 2722 3822 γὰρ
2750 3751 2838 3806 ἀεὶ
2870 3750 3206 3822 συνεδρεύων
3231 3749 3307 3813 ὡς
3336 3749 3509 3816 Λόγος
3541 3749 3622 3818 τῷ
3656 3750 3776 3818 ἰδίῳ

2174 3846 2372 3918 Πατρὶ,
2401 3847 2495 3899 καὶ
2537 3845 2597 3908 ἐξ
2621 3843 2788 3898 αὑτοῦ
2817 3860 2876 3895 τε
2913 3841 3007 3896 καί
3034 3843 3092 3894 ὲν
3119 3839 3269 3910 αὐτῷ
3293 3839 3434 3895 κατά
3469 3839 3634 3908 φύσιν
3667 3840 3765 3893 ὑπ-

2174 3938 2378 4009 άρχων,
2420 3937 2582 3990 πάλιν
2631 3937 2798 4006 ἤκουε
2843 3935 3131 4004 λέγοντοςιι
3195 3934 3283 3989 καὶ
3335 3932 3474 4003 μετὰ
3526 3933 3766 4004 capt“,

2180 4047 2198 4081 ι
2231 4028 2416 4082 Κάθου
2445 4029 2510 4081 ὲκ
2547 4025 2736 4092 δεξιῶν
2771 4042 2894 4095 μου,
2927 4023 3030 4086 ἕως
3064 4022 3129 4075 ἂν
3153 4021 3231 4074 θῶ
3252 4022 3380 4083 τοὺς
3411 4019 3644 4090 ἐχθρούς
3673 4037 3777 4072 σου

2174 4121 2465 4175 ὑποπόδιον
2498 4117 2606 4170 τῶν
2654 4116 2832 4170 ποδῶν
2880 4132 2998 4168 σου,
3038 4132 3056 4164 ι
3122 4112 3280 4167 Οὕτω
3319 4113 3412 4164 καὶ
3444 4115 3782 4182 προσκυνεῖ-

2175 4212 2299 4266 σθαι
2347 4229 2528 4282 φαμεν
2564 4209 2726 4264 αὑτὸν
2777 4208 2915 4279 πρός
2964 4223 3023 4262 τε
3078 4204 3238 4276 ήμῶν
3279 4203 3482 4266 αὐτῶν,
3513 4203 3610 4256 καὶ
3658 4203 3779 4256 τῶν

2175 4302 2344 4370 ἁγίων
2393 4301 2662 4369 ἀγγέλων.
2700 4297 2845 4370 Πρὸς
2891 4292 2984 4351 οῦν
3035 4295 3210 4349 ταῦτά
3263 4311 3466 4364 φαμεν,
3497 4293 3572 4356 ὡς
3623 4294 3778 4346 πάνυ

2174 4390 2614 4461 ὲπιστημονικῶς
2649 4388 2933 4458 ἐπέσκηψε
2979 4388 3091 4450 τοῖς
3132 4387 3230 4439 σὺν
3267 4387 3332 4456 τῇ
3387 4385 3552 4454 σαρκὶ
3595 4401 3780 4454 προσ-

483 4501 735 4562 tanquam
799 4497 945 4553 aliud
997 4500 1253 4569 quiddam
1315 4501 1387 4554 sit
1428 4501 1594 4571 μετά,
1649 4516 1814 4571 quam
1863 4503 1981 4566 σὺν,
2011 4503 2064 4556 id

2181 4485 2354 4536 κυνεῖν
2399 4482 2478 4552 τῷ
2530 4483 2610 4536 ἑνὶ
2673 4481 2768 4535 καὶ
2814 4479 2893 4551 τῷ
2938 4477 3089 4549 αὐτῷ
3125 4477 3241 4548 Υἱῷ
3273 4475 3650 4546 βουλομένοις’
3698 4477 3784 4540 ὡς

482 4585 622 4650 quod
645 4586 832 4656 etipse
879 4592 1083 4658 posuit,
1130 4591 1273 4645 sicut
1321 4592 1638 4660 praedictum
1688 4599 1794 4655 est,
1855 4593 2061 4657 dicens,

483 4674 656 4741 ipsum
687 4691 810 4732 cum
839 4694 1007 4734 carne
1023 4680 1382 4746 adorandum,
1404 4697 1609 4753 negans
1643 4692 1824 4739 autem
1859 4685 2059 4738 coado-

483 4770 707 4826 random
741 4785 863 4829 cum
891 4771 1175 4828 divinitate
1199 4789 1442 4830 carnem.

1026 4973 1216 5045 Cyr-illi
1252 4976 1506 5045 defensio.

551 5086 734 5143 Mente
785 5091 1149 5145 attentissima
1222 5105 1319 5145 nos
1383 5105 1505 5146 esse
1559 5093 1808 5150 hortatur
1850 5093 2070 5150 divlnus

485 5179 705 5244 Paulus,
753 5181 978 5236 dicens:
1019 5200 1038 5232 α
1079 5182 1314 5238 Probate
1335 5198 1432 5238 vos
1476 5185 1647 5254 ipsos,
1687 5201 1814 5240 num
1859 5185 1980 5242 sitis
2014 5187 2066 5240 in

486 5269 676 5326 fide“.
743 5291 761 5325 ι
818 5272 953 5326 Nam
995 5288 1147 5329 mens
1189 5275 1446 5341 humana,
1496 5276 1620 5332 licet
1669 5292 2059 5347 nonnunquam

2177 4576 2367 4646 ἑτέρου
2401 4575 2545 4639 τινὸς
2599 4574 2756 4637 ὄντος
2784 4572 2937 4645 παρά
2985 4571 3042 4625 τὸ
3084 4570 3228 4634 σὺν,
3259 4569 3355 4622 τοῦ
3396 4569 3584 4639 μετὰ,
3631 4568 3781 4637 ὅπερ

2174 4669 2336 4732 αὐτὸς
2387 4667 2616 4738 ἔθηκεν,
2654 4665 2730 4729 ὡς
2781 4665 3127 4736 προείρηται,
3178 4661 3354 4729 λέγων
3407 4658 3570 4713 αὐτὸν
3631 4660 3781 4728 μετὰ

2176 4764 2378 4834 σαρκὸς
2403 4764 2512 4817 δεῖν
2540 4761 2984 4833 προσκυνεῖσθαι,
3004 4756 3366 4830 ἀπαγορεύων
3392 4755 3450 4809 δὲ
3480 4772 3780 4826 συμπροσ-

2175 4858 2454 4913 κυνεῖσθαι
2493 4859 2559 4928 τῇ
2588 4855 2824 4926 Θεότητι
2854 4854 2955 4924 τὴν
2993 4852 3196 4922 σάρκα.

2645 4967 2958 5037 Ἀπολογία
2989 4964 3314 5032 Κυρίλλου.

2248 5084 2717 5156 Νουνεχεστάτους
2745 5096 2760 5122 ι
2796 5082 2941 5153 ἡμᾶς
2981 5081 3009 5133 ό
3043 5077 3328 5140 θεσπέσιος
3377 5074 3594 5137 Παῦλος
3629 5076 3781 5130 ἀπο-

2177 5179 2378 5249 φαίνει,
2399 5177 2601 5246 λέγων·
2640 5196 2658 5228 ι
2699 5173 2958 5236 Ἑαυτοὺς
2987 5169 3336 5241 δοκιμάζετε,
3366 5168 3413 5220 εί
3444 5166 3570 5218 ἐστὲ
3603 5168 3661 5218 ὲν
3698 5170 3777 5240 τῇ

2173 5273 2374 5325 πίστει.
2403 5290 2422 5322 ι
2461 5269 2601 5333 Νοῦς
2638 5268 2736 5340 μὲν
2776 5267 2884 5337 γὰρ
2912 5267 2940 5318 ό
2974 5260 3315 5335 ἀνθρώπινος
3347 5259 3451 5313 ὑπὸ
3479 5258 3777 5329 φιλαυτίας

553 5453 600 5488 ⁹²
627 5452 790 5508 Joan.
836 5455 1014 5520 ".19.
1095 5455 1140 5488 ⁸³
1172 5455 1316 5510 Psal.
1347 5473 1454 5521 cux,
1494 5459 1542 5518 l,
1585 5458 1639 5513 2.
1720 5459 1767 5489 “
1800 5455 1838 5510 ll
1873 5456 1999 5512 Cor.
2029 5471 2129 5511 xm
2153 5502 2165 5523 ,
2198 5455 2250 5509 5.

1546 5613 1718 5669 Variae
1753 5615 2009 5670 lectiones
2043 5632 2107 5670 ex
2135 5613 2322 5670 codice
2353 5611 2730 5683 Seguieriano.

563 5766 582 5807 ί
629 5765 769 5820 κατά
798 5770 888 5833 τὸς
913 5771 1109 5828 λύσατε
1139 5776 1228 5829 τὸν
1252 5777 1396 5830 ναόν.
1481 5777 1504 5815 ⁸
1536 5777 1783 5840 ἀνάπτει,
1825 5776 1854 5843 ἢ
1887 5775 2223 5844 ἀναπέμπει.
2304 5774 2330 5814 Ιι
2363 5772 2604 5840 λέγοντα.

2691 5771 2705 5810 ί
2741 5770 3168 5840 Νοννεχέστσιτας
