4080 6484
333 341 450 400 ’549

990 342 1534 405 APOLOGETICUS
1570 344 1708 403 PRO
1746 346 1841 403 XII
1880 347 2249 408 CAPITIBUS
2288 349 2575 408 CONTRA
2614 351 3078 410 ORIENTALES.

3547 351 3651 408 350

348 462 477 516 ἔσθ’
509 462 628 526 ὅτε,
670 460 774 516 κᾶν
814 461 865 515 εἰ
897 460 1005 527 ἔξω
1041 463 1259 535 φέροιτο
1286 463 1388 535 τῆς
1422 465 1638 531 εὐθείας
1678 466 1824 534 ὁδοῦ,
1868 469 1955 524 καὶ

2066 481 2291 540 propter
2337 486 2579 528 amorem
2634 472 2715 529 sui
2754 489 2784 529 a
2831 482 2980 530 recta
3025 472 3109 529 via
3167 471 3498 546 egrediatur,
3536 482 3591 528 et
3619 488 3650 526 ιι

341 553 464 608 τῶν
498 553 608 624 τῆς
652 551 918 623 ἀληθείας
945 554 1234 625 δογμάτων
1282 556 1669 626 άποφοιτῶσαν
1700 558 1814 629 ἔχοι
1859 560 1959 632 τὴν

344 646 603 717 κίνησιν,
645 646 759 700 τῶν
809 646 958 700 ἰδίων
1007 646 1230 702 ἐννοιῶν
1282 649 1593 722 καθορίζειν
1636 651 1700 706 τὸ
1749 652 1961 724 ἀπηχὲς

345 742 504 794 ὀκνεῖ
537 755 667 802 πως
696 739 788 793 ἀεὶ
811 739 910 793 καὶ
934 739 1108 794 δέδιεν
1129 757 1141 770 ·
1174 740 1368 796 ἑαυτόν
1399 759 1464 810 γε
1500 742 1607 815 μὴν
1649 743 1962 815 ἐπανορθώ-

356 846 510 884 σεται
555 830 662 885 καὶ
700 830 847 901 μάλα
883 830 1114 901 ῥᾳδίως,
1159 830 1289 895 τοὺς
1338 831 1448 886 τῶν
1479 832 1654 901 ἁγίων
1701 832 1962 904 Πατὲρων

365 925 914 996 πολυπραγμονήσας
963 924 1196 991 πόνους,
1238 926 1289 979 οἰ
1319 926 1416 981 καὶ
1467 927 1557 981 ἐπ’
1604 927 1859 999 ὀρθότητι
1900 946 1961 982 τε

365 1020 454 1072 καὶ
479 1017 750 1089 ἀκριϐείᾳ
786 1017 1074 1089 δογμάτων
1111 1019 1398 1090 διαϐόητον
1422 1018 1607 1091 ἔχουσι
1643 1021 1796 1094 παρὰ
1823 1021 1960 1077 πάν-

362 1126 466 1163 των
494 1109 601 1180 τὴν
644 1110 791 1181 εὺφη
801 1109 951 1181 μίαν.
978 1109 1114 1165 Τότε
1141 1110 1240 1184 τὴν
1265 1112 1475 1167 οίκείαν
1505 1112 1777 1184 εὐτέχνως
1815 1113 1961 1167 δοκι-

361 1202 522 1272 μάσει
567 1203 790 1256 πίστιν
824 1203 1028 1268 σκοπὸς
1076 1204 1186 1274 γὰρ
1232 1204 1405 1260 άπασι
1447 1207 1561 1269 τοῖς
1616 1206 1827 1278 ἀρτίοις
1861 1206 1963 1278 τὴν

357 1293 562 1362 φρένα,
603 1296 731 1356 ταῖς
779 1293 1007 1349 ἐκείνων
1052 1294 1283 1349 ἕπεσθαι
1315 1295 1527 1362 δόξαιςο
1557 1296 1641 1350 ὅτι
1680 1296 1775 1350 καὶ
1806 1295 1963 1349 αὐτοὶ

348 1387 449 1456 τῆς
494 1403 559 1439 τε
613 1386 989 1458 άποστολικῆς
1049 1386 1145 1441 καὶ
1187 1386 1552 1458 εὐαγγελικῆς
1606 1386 1963 1458 παραδόσεως

346 1476 439 1529 τὸν
465 1478 683 1529 οἰκεῖον
710 1476 1099 1549 ἐμπλήσαντες
1127 1476 1275 1539 νοῦν,
1302 1478 1398 1532 καὶ
1423 1477 1533 1532 τῶν
1563 1477 1658 1532 ἐπὶ
1683 1480 1751 1550 τῇ
1778 1476 1961 1532 πίστει

345 1568 527 1639 λόγων
554 1567 571 1621 i
603 1569 793 1642 ὀρθῶς
818 1587 880 1624 τε
909 1571 1005 1625 καὶ
1028 1572 1346 1643 ἀμωμήτως
1368 1574 1433 1627 ὲκ
1456 1571 1567 1626 τῶν
1590 1574 1635 1627 ίε
1644 1572 1752 1645 ρῶν
1774 1574 1962 1645 Γραμ-

357 1661 544 1730 μάτων
588 1654 653 1714 εὖ
696 1658 847 1730 μάλα
894 1660 1347 1732 κατωρθωκότες,
1381 1663 1669 1735 φωστῆρες
1716 1658 1860 1735 ἦσαν
1900 1665 1959 1718 ἐν

361 1751 570 1822 κόσμῳ,
600 1750 769 1820 λόγον
785 1749 935 1822 ζωῆς
963 1751 1273 1823 ἐπέχοντες,
1306 1754 1525 1809 κατὰτὸ
1544 1756 1955 1827 γεγραμμένον.

2064 564 2208 619 veris
2239 564 2581 636 dogmatibus
2614 567 2880 630 discedat,
2924 582 3150 623 suarum
3209 576 3391 623 tamen
3446 565 3651 636 cogita-

2064 654 2269 710 tionum
2327 656 2725 715 absurditatem
2784 668 3023 714 statuere
3086 658 3491 730 quodammodo
3541 673 3648 712 non

2061 746 2244 800 audet.
2281 745 2389 802 Sed
2425 755 2603 804 tamen
2631 749 2866 819 seipsam
2893 749 3050 805 facile
3071 752 3331 821 corriget.
3360 751 3404 805 si
3431 750 3647 805 labores

2062 847 2303 892 scrutata
2360 837 2525 895 fuerit
2586 849 2900 897 sanctorum
2960 840 3206 905 Patrum,
3251 841 3414 912 178
3451 842 3541 911 qui
3579 840 3648 893 ab

2062 930 2318 987 omnibus
2376 932 2445 988 de
2508 934 2839 991 rectitudine
2871 944 2926 991 et
2954 935 3283 990 eertitudine
3332 936 3644 1000 dogmatum

2064 1023 2433 1089 celebrantur,
2495 1033 2609 1079 tum
2659 1040 2814 1081 suam
2859 1036 3067 1082 rectam
3112 1026 3272 1080 tidem
3321 1025 3644 1094 explorabit.

2062 1114 2266 1171 Omnes
2285 1118 2452 1184 enim,
2481 1118 2679 1189 quibus
2710 1118 2983 1191 integrum
3006 1132 3103 1174 cor
3138 1128 3245 1184 est,
3281 1117 3497 1173 illorum
3521 1131 3648 1172 sen-

2063 1209 2261 1263 tentias
2288 1209 2443 1280 sequi
2497 1211 2836 1267 contendunt
2873 1228 2886 1264 :
2929 1211 3057 1280 quia
3100 1218 3156 1265 et
3205 1209 3304 1279 ipsi
3347 1208 3647 1279 apostolica

2063 1308 2120 1354 et
2147 1299 2460 1372 evangelica
2512 1302 2807 1356 traditione
2837 1315 2990 1356 suam
3026 1309 3265 1356 mentem
3291 1314 3416 1354 cum
3453 1297 3651 1367 imple—

2064 1390 2291 1459 vissent,
2316 1398 2371 1446 et
2397 1406 2465 1447 ex
2492 1392 2665 1447 sacris
2696 1390 2998 1463 Scripturis
3034 1405 3320 1448 sermones
3348 1389 3471 1445 ﬁdei
3503 1398 3649 1446 recte

2067 1490 2124 1538 et
2156 1483 2295 1537 citra
2349 1482 2831 1551 reprehensionem
2872 1489 3228 1545 tractassem,
3265 1479 3453 1534 mundi
3497 1477 3649 1531 fuere

2062 1570 2430 1636 luminariam,
2458 1585 2765 1628 sermonem
2794 1572 2921 1627 vitae
2950 1572 3490 1642 continentes,prout
3509 1569 3646 1625 seri-

2062 1667 2209 1730 ptum
2249 1669 2333 1715 est
2362 1661 2430 1716 ”.
2461 1658 2649 1731 Itaque
2691 1660 2883 1717 scribit
2914 1670 3133 1719 teternae
3171 1660 3448 1716 memoriae
3489 1658 3649 1714 l‘ater

2065 1763 2248 1808 noster
2281 1762 2335 1806 et
2364 1754 2655 1823 episcopus
2689 1751 3024 1809 Athanasius
3058 1752 3127 1808 de
3185 1752 3358 1809 nostri
3402 1751 3648 1807 omnium

361 1841 559 1912 Γράφει
580 1841 767 1895 τοίνυν
786 1843 816 1895 ὁ
831 1841 937 1912 τῆς
956 1842 1129 1897 ἀϊδίου
1173 1844 1394 1915 μνήμης
1416 1845 1444 1885 ll
1466 1824 1838 1917 Har-impivi.th
1862 1847 1954 1901 καὶ

2065 1841 2347 1899 Salvatore
2392 1843 2611 1900 Christo
2655 1844 2709 1899 in
2751 1844 2910 1901 libris
2944 1845 3010 1900 de
3046 1843 3421 1900 incarnatione
3450 1861 3465 1898 :
3501 1843 3648 1898 Cou-

361 1932 662 1999 ἐπίσκοπος
718 1935 1043 1999 ’Δθανάσιος
1104 1935 1233 2007 περὶ
1270 1934 1364 1990 τοῦ
1411 1935 1629 1992 πάντων
1657 1938 1818 2010 ἡμῶν
1842 1939 1957 1992 Σω-

360 2025 517 2098 τῆρος
542 2026 788 2098 Χριστοῦ
815 2029 875 2081 ὲν
895 2029 1010 2093 τοῖς
1037 2028 1168 2100 περὶ
1196 2029 1298 2101 τῆς
1333 2029 1694 2102 σαρκώσεως·
1734 2030 1955 2104 Ὁμολο-

362 2117 564 2188 γοῦμεν
590 2119 688 2171 καὶ
709 2114 854 2172 εἶναι
880 2120 1044 2174 αὑτὸν
1069 2119 1198 2176 Υίδν
1223 2119 1319 2176 τοῦ
1350 2120 1513 2186 Θεοῦ,
1536 2121 1630 2175 καὶ
1656 2119 1789 2174 Θεὸν
1812 2121 1955 2178 κατὰ

370 2208 617 2280 πνεῦμα,
651 2211 763 2265 υίδν
793 2210 1092 2283 ἀνθρώπου
1121 2212 1263 2269 κατὰ
1290 2212 1492 2284 σάρκα.
1522 2212 1597 2266 ού
1633 2211 1729 2266 δύο
1763 2212 1956 2283 φύσεις

374 2301 465 2363 τὸν
492 2303 589 2355 ἕνα
616 2302 753 2368 Υίδν,
785 2302 920 2373 μίαν
954 2304 1364 2375 προσκυνητὴν,
1389 2305 1484 2358 καὶ
1516 2304 1646 2375 μίαν
1675 2304 1949 2377 άπροσκύ-

377 2410 551 2464 νητον,
577 2393 704 2448 ἀλλὰ
738 2393 875 2463 μίαν
906 2393 1069 2463 φύσιν
1093 2394 1187 2448 τοῦ
1220 2394 1357 2449 Θεοῦ
1384 2396 1562 2464 Λόγου
1599 2396 1954 2467 σεσαρκωμέ-

366 2501 480 2555 νην,
506 2485 600 2538 καὶ
623 2484 1105 2557 προσκυνούμενον
1142 2486 1283 2557 μετά
1305 2488 1404 2559 τῆς
1429 2488 1629 2562 σαρκὸς
1656 2488 1822 2542 αὐτοῦ
1855 2490 1954 2561 μιᾷ

352 2576 765 2646 προσκυνήσειν
799 2577 923 2631 οὐδὲ
961 2577 1062 2632 δύο
1089 2579 1259 2645 υίοὺς,
1299 2579 1459 2634 ἄλλον
1506 2581 1605 2653 μὲν
1647 2580 1777 2634 Υίὺν
1819 2580 1952 2635 Θεοῦ

343 2664 607 2735 ἀληθινὸν
631 2668 733 2720 καὶ
760 2668 1262 2740 προσκυνούμενον,
1284 2670 1444 2725 ἄλλον
1464 2671 1522 2725 δὲ
1542 2672 1606 2725 ἐκ
1625 2671 1847 2743 Μαρίας
1869 2671 1958 2727 ἄν·

342 2757 572 2829 θρωπον
596 2760 676 2831 μὴ
705 2761 1205 2834 προσκυνούμενον,
1229 2763 1372 2818 κατὰ
1399 2763 1561 2835 χάριν
1586 2763 1642 2817 δὲ
1668 2764 1796 2820 Υἰὺν
1816 2763 1953 2819 Θεοῦ

338 2851 668 2922 γενόμενον,
694 2853 774 2917 ὡς
801 2854 897 2908 καὶ
934 2854 1233 2927 ἄνθρωποι.
1263 2858 1374 2911 Καὶ
1417 2856 1535 2929 μεθ’
1565 2858 1732 2929 ἔτερα
1769 2858 1951 2914 πάλιν

350 2942 413 2995 ’0
455 2943 648 2997 τοίνυν
677 2945 969 3016 γεννηθεὶς
997 2950 1064 3004 ὲκ
1093 2948 1196 3019 τῆς
1223 2948 1508 3021 Παρθένου
1540 2950 1782 3022 Μαρίας,
1829 2949 1956 3014 Υἱὸς

330 3032 481 3087 Θεοῦ
507 3032 698 3102 φύσει,
718 3036 816 3092 καὶ
829 3035 965 3101 Θεὸς
992 3038 1267 3109 ἀληθινὸς,
1286 3041 1383 3096 καὶ
1407 3040 1469 3094 οὐ
1486 3041 1674 3112 χάριτι
1703 3042 1796 3094 καὶ
1822 3057 1956 3112 μετ-

326 3125 558 3227 curras:
587 3127 736 3227 κατά
766 3129 958 3227 σάρκα.
1176 3130 1373 3227 sipo—kx
1393 3132 1617 3205 Μαρίας
1646 3133 1953 3204 ἄνθρωπος,
1981 3167 2027 3227 c

326 3218 491 3272 κατὰ
508 3217 572 3272 δὲ
591 3218 820 3289 πνεῦμα
839 3221 1003 3285 αὐτὸς
1019 3221 1148 3287 Υίὺς
1166 3222 1304 3277 Θεοῦ
1349 3225 1447 3279 καὶ
1465 3223 1599 3289 Θεός
1614 3242 1627 3255 ·
1649 3225 1747 3280 καὶ
1765 3226 1928 3281 πάλιν
1940 3243 1953 3257 ·

325 3310 401 3365 El
433 3310 498 3367 δέ
518 3326 613 3374 τις
635 3310 795 3382 παρὰ
823 3310 996 3366 ταῦτα
1021 3313 1086 3368 ἐκ
1110 3312 1221 3368 τῶν
1246 3314 1408 3368 θείων
1435 3315 1670 3388 Γραφῶν
1689 3316 1955 3383 διδάσκει,

325 3400 538 3473 ἕτεραι
575 3399 762 3470 λέγων
790 3402 922 3457 nev
945 3404 1041 3457 τοῦ
1083 3404 1245 3470 Θεοῦ,
1284 3407 1376 3461 καὶ
1409 3405 1596 3478 ἕτερον
1626 3406 1717 3461 τὸν
1749 3408 1815 3461 ὲκ
1856 3407 1957 3478 τῆς

324 3492 597 3564 Μαρίας,
622 3494 770 3548 κατὰ
795 3496 957 3569 χάριν
982 3496 1368 3568 υίοποιηθέντα
1386 3497 1463 3563 ὼς
1488 3500 1653 3569 ἡμεῖς
1670 3515 1685 3530 ·
1710 3499 1786 3565 ὡς
1816 3494 1957 3555 εἶναι

324 3580 433 3636 δύο
460 3583 639 3646 υἱοὺς,
666 3581 767 3637 ἕνα
793 3585 937 3639 κατὰ
963 3585 1125 3656 φύσιν
1150 3586 1278 3641 Υἱὸν
1304 3586 1463 3652 Θεοῦ,
1491 3588 1585 3642 τὸν
1607 3591 1673 3643 ἐκ
1688 3589 1847 3657 Θεοῦ,
1865 3591 1957 3645 καὶ

327 3674 437 3727 ἕνα
456 3673 610 3729 κατὰ
637 3675 804 3746 χάριν
827 3676 920 3730 τὸν
947 3680 1013 3731 ὲκ
1036 3678 1259 3749 Μαρίας
1281 3678 1569 3751 ἄνθρωπον
1585 3696 1599 3711 ο
1621 3680 1656 3751 ἢ
1684 3681 1738 3734 εί
1753 3698 1837 3746 τις
1858 3683 1956 3753 τὴν

332 3765 434 3819 τοῦ
465 3765 681 3839 Κυρίου
705 3767 867 3838 ἡμῶν
899 3769 1082 3841 σάρκα
1103 3768 1309 3823 ἄνωθεν
1331 3769 1504 3839 λέγει,
1533 3770 1627 3825 καὶ
1657 3772 1732 3843 μὴ
1761 3773 1827 3827 ὲκ
1855 3772 1956 3843 τῆς

336 3857 630 3929 Παρθένου
644 3860 872 3931 Μαρίας
889 3877 903 3889 ’
922 3861 956 3932 ἢ
972 3865 1276 3934 τραπεῖσαν
1290 3864 1391 3936 τὴν
1408 3864 1637 3937 θεότητα
1653 3866 1734 3929 εἰς
1753 3866 1953 3938 σάρκα,

340 3947 381 4017 ἢ
415 3950 823 4020 συγχυθεῖσαν,
850 3950 886 4022 ἦ
921 3951 1331 4019 άλλοιωθεῖσαν,
1372 3954 1407 4027 ἦ
1452 3955 1703 4028 παθητὴν
1730 3955 1828 4028 τὴν
1860 3955 1954 4009 τοῦ

356 4039 551 4110 Κυρίου
603 4042 844 4115 θεότητα
867 4061 882 4075 ο
922 4043 958 4115 ἢ
1015 4045 1432 4117 ἀπροσκύνητον
1478 4049 1578 4120 τὴν
1606 4047 1701 4103 τοῦ
1744 4048 1954 4120 Κυρίου

363 4132 506 4200 ἡμῶν
533 4135 723 4206 σάρκα
754 4135 831 4199 ὡς
864 4135 1179 4209 ἀνθρώπου,
1210 4139 1307 4194 καὶ
1340 4139 1416 4211 μὴ
1448 4140 1852 4213 προσκυνητὴν,
1878 4140 1956 4205 ὡς

357 4223 549 4293 Κυρίου
605 4226 708 4280 καὶ
726 4225 868 4280 Θεοῦ
889 4229 1070 4299 σάρκα
1088 4245 1101 4258 ·
1127 4229 1318 4284 τοῦτον
1339 4229 1729 4302 ἀναθεματίζει
1748 4232 1782 4303 ή
1802 4231 1932 4300 ἁγία

353 4316 444 4369 καὶ
473 4318 748 4390 γαθολικὴ
782 4319 1086 4391 Ἐκκλησία
1106 4361 1123 4388 ,
1173 4322 1474 4395 πειθομένη
1513 4324 1593 4395 τῷ
1624 4324 1755 4397 θείῳ
1785 4325 1954 4377 Ἀπο-

348 4404 517 4475 στόλῳ
549 4404 773 4475 λέγοντι
794 4420 810 4435 ’
847 4425 866 4458 ι
897 4407 970 4462 El
1005 4426 1093 4474 τις
1127 4410 1273 4483 ὑμᾶς
1317 4412 1735 4482 εὐαγγελίζεται
1769 4415 1900 4487 παρ’
1925 4414 1956 4468 ὃ

2060 1936 2280 1993 [itemur
2330 1937 2495 1993 etiam
2522 1950 2645 1992 esse
2694 1935 2843 1991 illaut
2889 1934 3086 1990 Filium
3118 1934 3235 2002 Dei,
3264 1943 3320 1990 et
3350 1934 3517 1990 Deum
3558 1948 3647 1989 se-

2056 2030 2291 2086 cundum
2324 2029 2601 2100 spiritum,
2639 2026 2839 2084 Filium
2898 2027 3140 2084 hominis
3193 2027 3488 2083 secundum
3521 2041 3637 2082 car-

2057 2134 2204 2185 nem,
2232 2133 2340 2175 non
2379 2120 2516 2175 duas
2552 2126 2799 2187 naturas,
2839 2134 3005 2174 unum
3040 2117 3238 2174 Filium
3271 2135 3287 2186 ;
3329 2132 3493 2172 unam
3524 2131 3646 2186 qua:

2056 2212 2337 2278 adoretur,
2372 2220 2426 2266 et
2447 2210 2677 2266 alteram
2715 2226 2835 2279 quae
2860 2223 2967 2265 non
3002 2208 3306 2278 adoretur;
3346 2209 3443 2265 sed
3480 2223 3644 2263 unam

2057 2313 2311 2360 naturam
2342 2301 2439 2358 Dei
2477 2301 2640 2359 Verbi
2685 2301 3025 2356 incarnatam
3055 2308 3111 2356 et
3140 2300 3475 2355 adorandam
3521 2315 3643 2354 cum

2056 2412 2223 2453 carne
2262 2410 2360 2453 sua
2390 2410 2496 2450 una
2528 2394 2878 2451 adoratione:
2900 2407 3079 2465 neque
3116 2393 3252 2449 duos
3283 2392 3422 2449 ﬁlios
3444 2410 3457 2461 ;
3479 2391 3642 2447 alium

2055 2491 2277 2560 quidem
2331 2486 2530 2543 Filium
2595 2485 2689 2541 Dei
2737 2502 2923 2541 verum
2966 2495 3022 2542 et
3060 2485 3440 2552 adorandum;
3477 2484 3642 2539 alium

2056 2594 2189 2635 vero
2220 2593 2290 2634 ex
2325 2577 2499 2633 Maria
2549 2576 2822 2633 hominem
2858 2590 2964 2631 non
3005 2575 3342 2632 adorandum
3383 2591 3399 2642 ;
3436 2573 3646 2630 scilicet

2056 2670 2353 2727 secundum
2390 2669 2629 2741 gratiam
2667 2666 2869 2723 Filium
2902 2665 3001 2722 Dei
3041 2664 3244 2722 factum
3293 2665 3436 2721 sicut
3459 2674 3515 2719 et
3542 2664 3642 2719 ho-

2059 2763 2233 2818 mines
2273 2762 2402 2833 (l).
2445 2761 2513 2816 Et
2539 2770 2662 2832 post
2713 2760 2819 2816 alia
2854 2760 3052 2814 iterum
3089 2777 3104 2815 :
3143 2758 3315 2830 Igitur
3362 2757 3453 2828 qui
3482 2768 3645 2813 natus

2057 2869 2129 2910 ex
2158 2852 2393 2924 _Virgine
2445 2852 2637 2918 Maria,
2697 2862 2894 2908 natura
2931 2850 3102 2906 Filius
3152 2850 3244 2905 Dei
3280 2856 3389 2913 est,
3422 2858 3477 2904 et
3503 2847 3646 2903 Deus

2057 2961 2240 3012 verus,
2281 2956 2337 3000 et
2389 2960 2495 3001 non
2527 2945 2699 3014 gratia
2751 2953 2804 2998 et
2850 2941 3297 3014 participatione,
3344 2941 3643 2995 secundum

2057 3053 2279 3094 carnem
2315 3036 2486 3093 solam
2515 3051 2582 3090 ex
2601 3035 2770 3091 Maria
2800 3036 2962 3090 homo
2994 3050 3010 3101 ;
3051 3031 3353 3088 secundum
3389 3030 3641 3101 Spiritum

2059 3140 2266 3196 autem,
2308 3128 2421 3199 ipse
2489 3128 2660 3185 Filius
2712 3126 2806 3183 Dei
2863 3137 2918 3182 et
2967 3127 3128 3181 Deus.
3194 3123 3262 3178 Et
3301 3124 3549 3178 iterum:
3588 3119 3647 3177 Si

2058 3221 2183 3292 quis
2222 3230 2401 3276 autem
2432 3229 2632 3291 praeter
2665 3218 2783 3273 haec
2807 3232 2873 3273 ex
2907 3215 3107 3271 divinis
3144 3212 3442 3283 Scripturis
3465 3215 3647 3280 docet,

2061 3310 2226 3367 alium
2266 3311 2456 3367 dicens
2493 3308 2692 3364 Filium
2721 3308 2838 3372 Dei,
2869 3310 3034 3364 alium
3063 3323 3130 3363 ex
3152 3306 3319 3362 Maria
3351 3308 3648 3363 secundum

2059 3401 2289 3472 gratiam
2330 3398 2501 3453 ﬁlium
2547 3399 2891 3469 adoptatum,
2946 3396 3087 3452 sicut
3130 3410 3251 3460 nos,
3303 3402 3365 3448 ut
3406 3394 3515 3447 sint
3542 3393 3648 3447 duo

2061 3494 2178 3562 filii,
2210 3507 2354 3549 unus
2403 3492 2700 3549 secundum
2740 3500 2992 3546 naturam
3040 3488 3214 3543 Filius
3270 3485 3387 3551 Dei,
3448 3485 3540 3554 qui
3582 3498 3649 3538 ex

2060 3587 2292 3653 Deo;et
2335 3565 2474 3641 unus
2521 3584 2821 3640 secundum
2854 3582 3112 3653 gratiam,
3138 3582 3302 3636 homo
3334 3593 3403 3636 ex
3440 3577 3650 3633 Maria:

2060 3681 2144 3736 vel
2167 3681 2213 3736 si
2243 3679 2365 3750 quis
2391 3678 2608 3747 Domini
2631 3677 2804 3733 nostri
2838 3689 3061 3731 carnem
3087 3688 3322 3743 superne
3349 3687 3471 3727 esse
3493 3671 3645 3734 dicit,

2059 3783 2114 3829 et
2159 3786 2268 3827 non
2296 3786 2361 3825 ex
2390 3766 2615 3841 Virgine
2666 3765 2874 3832 Maria;
2912 3764 2994 3820 vel
3033 3778 3353 3819 conversam
3393 3760 3649 3815 divinita-

2061 3875 2166 3920 tem
2199 3864 2252 3917 in
2284 3876 2529 3928 carnem,
2567 3870 2657 3915 aut
2690 3857 2997 3923 confusam,
3034 3864 3128 3910 aut
3163 3857 3542 3920 immutatam;
3568 3852 3651 3907 vel

2058 3956 2368 4027 passibilem
2416 3952 2629 4009 Domini
2675 3951 2979 4015 deitatem;
3016 3948 3098 4004 vel
3151 3961 3258 4002 non
3313 3946 3648 4001 adorandam

2059 4047 2270 4101 Domini
2297 4045 2467 4100 nostri
2501 4058 2748 4109 carnem,
2786 4050 2846 4095 ut
2868 4039 3125 4103 hominis,
3174 4047 3361 4091 etnon
3410 4037 3649 4088 adorano

2058 4142 2181 4196 dam
2218 4149 2275 4193 ut
2300 4136 2511 4193 Domini
2544 4143 2599 4190 et
2630 4134 2723 4189 Dei
2772 4147 2995 4188 carnem
3027 4147 3043 4198 ;
3078 4131 3223 4185 hunc
3277 4126 3647 4182 anathemati-

2059 4238 2356 4286 zatsancta
2415 4235 2473 4283 et
2513 4224 2791 4281 catholica
2852 4221 3097 4277 Ecclesia
3147 4221 3334 4276 divino
3384 4217 3650 4289 Apostolo

2057 4322 2461 4391 obtemperans,
2515 4317 2609 4387 qui
2649 4317 2782 4373 dicit
2812 4332 2826 4373 :
2870 4333 2891 4368 ι
2941 4312 2999 4369 Si
3035 4313 3159 4384 quis
3191 4312 3346 4366 vobis
3372 4308 3647 4380 evangeli-

2058 4415 2263 4471 zaverit
2288 4420 2484 4484 praeter
2504 4411 2580 4477 id,
2599 4410 2742 4480 quod
2771 4404 3088 4478 accepistis,
3115 4405 3408 4460 anathema
3430 4402 3586 4457 sit“.
3622 4420 3643 4454 ι

346 4492 720 4563 παρελάὸετε,
750 4493 1007 4565 ἀνάθεμα
1038 4497 1200 4555 ἔστω.
1223 4518 1243 4551 ι
1279 4500 1465 4556 Ταῦτα
1493 4503 1820 4575 φρονοῦντος
1853 4507 1947 4560 καὶ

2059 4507 2212 4579 (Haec
2251 4521 2372 4561 cum
2396 4504 2482 4558 vir
2513 4503 2603 4559 ille
2633 4501 2873 4558 senserit
2906 4510 2962 4555 et
2988 4498 3276 4569 scripserit
3325 4494 3504 4557 nobis,
3537 4491 3647 4548 Ne-

340 4584 658 4657 γράφοντος
686 4585 707 4625 1
739 4589 874 4659 ἡμῖν
899 4589 995 4644 τοῦ
1025 4590 1240 4661 ἀνδρὸς,
1270 4593 1300 4646 ό
1321 4595 1389 4665 τῇ
1421 4594 1659 4666 Χριστοῦ
1692 4595 1820 4669 δόξῃ
1850 4615 1948 4651 πο-

338 4678 534 4751 λεμεῖν
577 4680 864 4751 ᾑρημένος
889 4720 906 4747 ,
956 4684 1058 4739 καὶ
1102 4683 1390 4741 ἀπύλωτον
1441 4689 1530 4741 ἐπ’
1576 4687 1791 4760 αύτῷιι
1849 4687 1948 4762 τὴν

336 4767 608 4837 γλῶσσαν
639 4769 795 4832 ἀνεὶς
838 4770 1136 4843 Νεστόριος
1156 4814 1173 4840 ,
1221 4774 1366 4835 οὓτω
1399 4794 1503 4831 που
1538 4778 1704 4832 πάλιν
1741 4780 1908 4850 φησίν
1932 4798 1945 4811 ·

350 4861 772 4933 ὀμολογοῦμεν
789 4862 883 4918 τὸν
903 4865 962 4919 ὲν
984 4864 1259 4939 ἀνθρώπῳ
1280 4868 1434 4936 Θεὸν,
1457 4870 1689 4943 σέϐομεν
1736 4874 1802 4944 τῇ
1829 4872 1952 4944 θείᾳ

342 4951 627 5022 συναφείᾳ
653 4951 735 5023 τῷ
767 4951 887 5024 Θεῷ
915 4954 1077 5028 Λόγῳ
1120 4958 1709 5032 συμπροσκυνούμενον
1741 4962 1951 5035 ἄνθρω-

339 5062 441 5098 πον
460 5084 478 5098 .
502 5039 637 5115 'Ap’
662 5043 768 5099 οὐκ
793 5045 1045 5117 ἐναργῶς
1095 5047 1359 5120 θεοφόρον
1382 5052 1669 5125 ἄνθρωπον
1692 5055 1953 5127 ὀνομάζει

337 5135 614 5208 Χριστὸν,
648 5136 746 5190 καὶ
795 5138 1093 5209 συνάφειαν
1121 5140 1310 5208 ἁπλῶς
1359 5143 1648 5219 ἀνθρώπου
1691 5147 1827 5219 φησὶ
1856 5164 1952 5217 γε·

411 5295 734 5369 “Philipp.
777 5314 843 5365 ν,
871 5297 964 5356 ιδ.
1039 5298 1087 5332 ἀ
1126 5295 1304 5354 Galat.
1340 5315 1381 5365 ι,
1408 5298 1461 5355 9.

2053 4599 2255 4655 storius
2276 4597 2500 4669 gloriam
2520 4595 2724 4652 Christi
2756 4606 3074 4664 oppugnare
3097 4590 3305 4655 volens,
3334 4595 3389 4641 et
3414 4583 3650 4640 eﬂ'rena-

2056 4699 2165 4745 tam
2204 4691 2447 4761 linguam
2481 4689 2691 4755 laxans,
2724 4704 2941 4744 rursum
2975 4688 3054 4742 sic
3099 4683 3274 4740 dicit:
3309 4678 3650 4737 Conﬁtemur

2057 4785 2109 4838 in
2168 4783 2388 4839 homine
2454 4781 2622 4837 Deum
2665 4799 2681 4849 ;
2722 4781 2888 4853 179
2908 4779 3135 4835 colimus
3186 4774 3372 4831 divina
3415 4769 3648 4838 conjun-

2055 4876 2240 4932 ctione
2271 4877 2380 4931 Deo
2410 4873 2592 4931 Verbo
2641 4872 3047 4928 coadorandum
3094 4863 3427 4935 hominem.)
3458 4861 3651 4917 Nonne

2055 4968 2144 5025 hic
2173 4967 2458 5025 manifeste
2488 4968 2765 5025 hominem
2787 4964 3052 5023 deiferum
3079 4963 3324 5019 nominat
3348 4958 3645 5022 Christum,

2055 5068 2110 5115 et
2142 5056 2581 5126 coniunctionem
2613 5057 2941 5127 simpliciter
2991 5055 3125 5111 dicit
3158 5049 3398 5108 hominis
3441 5046 3645 5102 factam

2057 5164 2181 5206 esse
2202 5138 2324 5205 eum
2353 5148 2488 5218 Deo,
2512 5150 2809 5205 secundum
2837 5146 2967 5204 illud
3009 5144 3282 5211 fortassis,
3323 5139 3466 5213 quod
3505 5148 3588 5193 est
3618 5153 3648 5192 a

1430 5435 1606 5493 Variae
1641 5438 1907 5494 lectiones
1927 5454 1993 5495 ex
2030 5441 2216 5496 codice
2245 5440 2621 5510 Seguierianu.

422 5569 439 5624 ἱ
482 5570 658 5637 huc,
695 5570 788 5625 τὸν
822 5571 916 5623 ἐπὶ
943 5573 1010 5642 τῇ
1054 5572 1237 5624 πίστει
1269 5570 1444 5640 λόγον.
1524 5572 1548 5612 li
1587 5571 1855 5645 ἀοιδίμου.
1942 5572 1959 5613 Ῑ
1992 5575 2352 5648 γεγραφότος.
2432 5587 2472 5616 ω
2504 5576 2698 5647 αὐτήν.

420 5726 502 5797 (1)
544 5727 622 5781 De
651 5726 738 5805 his
767 5724 985 5805 (Περιιᾱί
1018 5723 1192 5782 modis
1225 5724 1364 5796 apud
1424 5723 1614 5782 Patres
1644 5743 1784 5805 smpc
1818 5728 2059 5795 usitatis,
2118 5730 2240 5784 vide
2296 5728 2536 5800 Magistr.
2574 5730 2749 5795 Seut.,
2777 5729 2870 5784 lib.
2895 5743 2978 5798 ιιι,
3007 5730 3131 5785 dist.
3160 5729 3226 5796 5;
3252 5738 3303 5784 ct
3332 5727 3390 5787 S.
3419 5727 3633 5796 Thom,

354 5812 437 5866 ut,
476 5818 527 5870 p.
555 5814 613 5868 q.
649 5798 705 5863 3,
738 5806 839 5852 art.
883 5801 937 5858 2.
