4080 6422
471 327 575 386 351
1483 323 1546 379 S.
1585 321 1861 380 CYRILLI
1902 315 2374 375 ALEXANDRINI
2416 311 2737 373 ARCHIEP.
3657 301 3763 359 352

476 443 646 499 Paule
676 443 883 500 diclmn
919 461 933 499 :
978 462 996 495 ι
1028 442 1128 510 Qui
1156 442 1401 497 adhaeret
1431 443 1658 499 Domino
1676 461 1816 499 unus
1848 444 2073 515 spiritus

2176 441 2364 495 νέσθαι
2396 439 2536 511 πρὸς
2571 436 2728 501 Θεὸν,
2761 434 2882 488 κατ’
2923 432 3099 485 ὲκεῐνο
3150 428 3288 497 τάχα
3322 442 3425 479 που
3454 424 3515 478 τὸ
3542 423 3631 477 διά
3656 426 3764 515 τῆς

470 546 556 594 est
581 537 676 591 "2
717 556 736 589 ι
773 536 1032 603 Quamvis
1067 536 1344 605 quomodo
1387 552 1494 592 non
1519 544 1602 591 est
1666 513 1891 598 verum,
1922 542 2065 606 quod

2172 534 2386 589 Παύλου
2408 530 2590 600 φωνῆς
2608 547 2622 560 ο
2653 547 2671 579 ι
2694 526 2754 582 Ὀ
2776 523 3115 594 κολλώμενος
3134 519 3212 590 τῷ
3233 519 3442 589 Κυρίῳ,
3465 514 3523 569 ἓν
3544 513 3767 606 πνεῦμά

474 629 589 696 ipse
617 629 781 682 luerit
824 630 1005 699 potius
1035 630 1175 683 Deus
1225 628 1389 683 simul
1417 637 1474 682 et
1515 628 1677 683 homo
1705 670 1720 694 ,
1751 634 1936 683 etnon
1967 628 2066 681 ho-

474 737 563 775 mo
598 721 843 791 quidam,
904 720 994 791 qui
1038 721 1271 775 seorsim
1304 735 1369 774 ac
1396 720 1648 789 privatim
1707 719 2066 789 intelligatur,

474 813 916 881 coniunctionem
975 826 1099 866 eum
1163 811 1275 866 Deo
1329 810 1629 866 secundum
1684 810 2066 865 habitudinem

478 904 731 960 habens?
766 902 978 958 Etenim
1029 912 1149 974 post
1207 902 1536 961 ineffabilem
1593 902 1920 966 unitionem,
1951 904 2069 958 sive

475 998 599 1065 quis
658 996 801 1049 dicat
860 996 1027 1049 lieum
1077 984 1489 1051 Emmanuelem
1538 996 1816 1050 hominem
1860 994 2064 1050 factum

475 1097 531 1139 et
558 1088 923 1146 incarnatmn,
962 1085 1055 1140 Dei
1097 1084 1334 1141 Verbum
1366 1085 1593 1158 intelligi
1621 1089 1878 1141 convenit
1906 1103 1921 1153 ;
1951 1088 2068 1143 sive

477 1180 752 1234 hominem
785 1180 1045 1241 nominet.
1082 1181 1290 1235 scimus
1314 1188 1516 1246 tamen,
1549 1195 1671 1236 cum
1700 1181 2064 1250 hocetipsum

475 1286 599 1325 csse
658 1270 751 1324 Dei
788 1269 967 1325 Patris
1013 1269 1275 1326 Verbum.
1325 1271 1424 1328 Est
1479 1274 1644 1344 igitur
1699 1274 1868 1340 aliud,
1899 1291 2063 1328 unum

475 1362 663 1416 dicere
692 1360 886 1417 Filium
925 1377 1048 1416 cum
1075 1363 1226 1417 unita
1257 1363 1361 1419 sibi
1387 1378 1554 1419 carne
1585 1361 1679 1419 Dei
1712 1364 1893 1421 Patris
1930 1362 2067 1418 Ver-

477 1454 626 1519 hum,
680 1464 737 1509 et
792 1453 1046 1509 similiter
1070 1455 1239 1521 aliud,
1299 1456 1353 1510 in
1417 1456 1639 1512 homine
1700 1458 1884 1513 dicere
1942 1471 2065 1513 esse

477 1546 1147 1616 Deum,quemadmodum
1177 1548 1437 1604 videlicet
1482 1550 1535 1603 in
1578 1551 1865 1619 prophetis
1921 1560 2061 1616 erat,

474 1638 589 1692 sive
637 1640 799 1692 etiam
854 1640 907 1693 in
941 1638 1097 1694 nobis
1150 1640 1285 1710 ipsis
1344 1655 1439 1710 per
1491 1638 1758 1711 Spiritum
1789 1653 2063 1697 sanetum.

2170 628 2325 688 ὲστις
2358 642 2376 675 ι
2415 621 2609 675 Καίτοι
2673 616 2790 679 πῶς
2819 615 2921 668 οὐκ
2954 611 3176 683 ἀληθὲς,
3206 610 3288 663 ὅτι
3323 607 3524 678 μᾶλλον
3552 608 3631 699 on
3663 605 3766 699 af;-
3804 676 3807 699 1

2169 716 2263 780 τὸς
2297 714 2432 777 Θεός
2461 729 2521 765 τε
2557 709 2693 780 ὁμοῦ
2735 707 2831 762 καὶ
2858 705 3168 777 ἄνθρωπος,
3196 702 3292 755 καὶ
3329 701 3432 754 οὐκ
3476 697 3769 770 ἄνθρωπός

2170 827 2255 873 τις
2300 806 2405 862 ἀνά
2451 805 2617 877 μέρος
2661 818 2721 855 τε
2764 800 2862 854 καὶ
2917 797 3104 860 ίδικῶς
3143 795 3458 865 νοούμενος,
3486 792 3593 851 ,καὶ
3633 807 3765 860 σχε-

2169 902 2331 971 τικὴν
2359 898 2500 969 ἔχων
2530 894 2828 964 συνάφειαν
2865 891 3003 962 πρὸς
3028 888 3198 953 Θεόν;
3230 886 3388 941 Μετὰ
3411 884 3521 956 γάρ
3552 901 3635 937 τοι
3661 884 3768 953 τὴν

2172 994 2452 1063 ἄφραστον
2486 988 2701 1049 ἕνωσιν,
2735 984 2840 1040 κᾶν
2862 982 2917 1036 εἰ
2953 998 3039 1045 τις
3072 980 3206 1053 λέγῃ
3250 977 3385 1031 Θεὸν
3416 977 3509 1031 τὸν
3543 976 3769 1045 Ἐμμα-

2167 1083 2333 1156 ,νουὴλ
2378 1080 2880 1152 ὲνανθρωπήσαντα
2914 1074 3009 1128 καὶ
3053 1070 3497 1143 σεσαρκωμένον,
3548 1069 3640 1122 τὸν
3664 1066 3770 1121 τοῦ

2170 1177 2307 1232 Θεοῦ
2332 1175 2506 1244 Λόγον
2531 1171 2770 1227 νοεῖσθαι
2796 1168 2998 1240 πρέπει
3013 1182 3027 1195 ·
3054 1165 3159 1219 κᾶν
3183 1162 3469 1234 ἄνθρωπον
3493 1160 3769 1231 ὀνομάσῃ,

2170 1271 2287 1327 ἀλλ’
2311 1271 2534 1340 οἴδαμεν
2568 1266 2708 1338 μετὰ
2744 1263 2937 1317 τούτου
2968 1258 3063 1315 καὶ
3095 1258 3268 1325 Λόγον
3301 1254 3434 1308 ὅντα
3462 1252 3625 1307 αὐτὸν
3665 1251 3771 1304 τοῦ

2170 1363 2408 1436 Πατρός.
2431 1362 2591 1414 Ἔστι
2617 1358 2797 1412 τοίνυν
2824 1355 3012 1425 ἕτερον
3043 1351 3104 1404 τὸ
3136 1349 3236 1403 ἕνα
3257 1346 3438 1415 λέγειν
3464 1343 3595 1397 Υίὸν
3623 1343 3772 1414 μετὰ

2167 1458 2269 1527 τῆς
2317 1453 2615 1522 ὲνωθείσης
2661 1448 2811 1519 αὐτῷ
2862 1444 3066 1517 σαρκὸς
3115 1442 3209 1496 τὸν
3245 1442 3311 1494 ὲκ
3358 1436 3494 1493 Θεοῦ
3546 1436 3772 1527 Πατρὸς

2172 1525 2364 1619 Λόγον,
2391 1549 2487 1602 καὶ
2509 1545 2709 1616 ὁμοίως
2733 1543 2820 1597 ἒτε
2830 1558 2921 1613 ρον
2945 1539 3005 1593 τὸ
3029 1541 3087 1591 ὲν
3114 1533 3389 1608 ἀνθρώπῳ
3414 1533 3594 1601 λέγειν
3620 1525 3770 1583 εἶναι

2168 1644 2322 1705 Θεὸν,
2370 1639 2623 1709 καθάπερ
2655 1634 2849 1706 ἀμέλει
2891 1632 2987 1686 καὶ
3019 1633 3076 1685 ὲν
3115 1629 3427 1700 προφήταις
3467 1620 3556 1696 ἦν,
3587 1624 3771 1695 ἡγουν

474 1727 682 1797 itaque,
709 1744 766 1783 ut
791 1731 919 1785 mihi
949 1732 1185 1796 videtur,
1257 1732 1392 1787 citra
1431 1734 1731 1803 periculum
1767 1743 1822 1789 et
1850 1734 2063 1805 culpam

2171 1734 2266 1787 xui.
2298 1734 2358 1786 ὲν
2390 1733 2522 1801 ἡμῖν
2552 1729 2736 1790 αὐτοῖς
2767 1724 2857 1778 διὰ
2888 1722 2984 1777 τοῦ
3017 1720 3176 1790 ἁγίου
3208 1718 3546 1789 Πνεῦματος.
3581 1717 3768 1769 ’Δκινε

474 1824 672 1877 dixerit
701 1827 844 1893 quis,
871 1825 1013 1892 quod
1055 1825 1399 1879 incarnatum
1431 1799 1539 1879 _Dei
1578 1823 1843 1891 Verbum,
1880 1799 2066 1896 utpote

2169 1824 2341 1887 δύνως
2375 1799 2442 1875 δὲ
2473 1822 2569 1875 καὶ
2624 1818 2914 1889 άλήπτως,
2943 1814 3019 1877 ὥς
3061 1829 3125 1882 γε
3158 1808 3347 1883 οἶμαι,
3380 1810 3514 1881 φαίη
3550 1826 3633 1872 τις
3671 1808 3765 1870 ἂν,

475 1931 614 1969 unus
657 1917 933 1971 essistens
977 1916 1166 1981 Filius,
1220 1933 1326 1971 non
1364 1919 1572 1986 absque
1610 1932 1708 1973 sua
1741 1933 1930 1983 carne,
1967 1918 2067 1973 sed

473 2022 595 2061 cum
640 2007 725 2061 illa
754 2010 930 2078 potius
951 2009 1288 2063 adorandum
1319 2009 1391 2063 sit
1424 2028 1435 2063 :
1469 2011 1929 2080 quemadmodum
1953 2012 2065 2065 sci-

475 2100 603 2154 licet
630 2101 796 2155 etiam
828 2101 1065 2157 hominis
1099 2102 1280 2155 anima
1316 2117 1438 2155 cum
1488 2116 1587 2157 suo
1627 2117 1861 2172 corpore
1889 2103 2067 2158 hono-

478 2199 676 2258 ratur;
712 2206 815 2244 una
846 2200 1029 2246 autem
1080 2191 1471 2262 appellatione,
1513 2195 1655 2261 quod
1701 2209 1765 2248 ex
1818 2196 2067 2264 utrisque

475 2290 710 2346 constat,
742 2290 799 2336 ut
830 2298 996 2336 unum
1023 2283 1245 2349 animal,
1282 2284 1647 2353 signiﬁcatur.
1687 2284 1858 2355 Igitur
1894 2300 2067 2354 quau-

475 2372 545 2427 do
576 2373 643 2428 de
670 2375 913 2429 omnium
951 2384 1196 2430 nostrum
1226 2375 1509 2431 Salvatot‘e
1539 2375 1761 2432 Christo
1781 2392 2064 2433 sermones

474 2463 658 2520 facere
686 2478 910 2535 paratus
946 2468 1200 2524 diviseris
1227 2468 1279 2522 in
1313 2468 1420 2524 duo
1460 2485 1624 2523 unum
1658 2487 1672 2536 ;
1706 2477 1762 2524 et
1788 2471 2063 2525 hominem

478 2555 734 2624 privatim
766 2573 830 2612 ac
859 2560 1090 2613 seorsim
1152 2559 1566 2631 intelligendum
1603 2563 2063 2629 pronuntiaret-is,

477 2648 673 2704 deinde
696 2648 845 2703 illum
875 2650 1279 2705 coadorandum
1311 2658 1366 2705 et
1393 2652 1836 2722 coappellandtnn
1858 2651 2064 2720 Deum,

478 2742 633 2812 quasi
673 2742 763 2797 ille
795 2743 933 2798 alius
962 2744 1030 2798 sit
1063 2760 1091 2795 a
1132 2744 1351 2798 Christo
1386 2758 1454 2797 ex
1483 2745 1592 2799 Deo
1643 2744 1941 2799 secundum
1968 2760 2063 2799 na~

479 2845 656 2889 turam
697 2837 903 2904 genito,
936 2835 1121 2891 dicere
1144 2835 1313 2892 fueris
1341 2851 1542 2903 ausus;
1570 2836 1692 2908 quis
1734 2835 1876 2892 ferre
1910 2850 2064 2907 pote-

479 2928 575 2993 rit,
606 2937 658 2982 et
692 2938 800 2981 tam
833 2929 1175 2998 perspicuam
1211 2938 1403 2984 contra
1441 2929 1590 2983 illum
1627 2931 2064 2985 criminationem

478 3016 699 3072 silentio
746 3019 1074 3088 praeterire?
1104 3018 1291 3075 Potius
1343 3020 1489 3075 enim
1555 3021 1844 3076 dicendum
1902 3032 2063 3077 erat:

2168 1918 2251 1971 ὃτι
2290 1917 2319 1969 ό
2352 1912 2659 1984 σαρκωθεὶς
2690 1909 2785 1965 τοῦ
2819 1906 2957 1962 Θεοῦ
2989 1905 3196 1974 Λόγος,
3239 1903 3317 1967 ὼς
3365 1896 3448 1966 εἷς
3497 1901 3764 1972 ὑπάρχων

2173 2008 2319 2072 Υἱὸς,
2361 2006 2485 2075 οὐχὶ
2511 2005 2637 2075 δίχα
2673 2002 2773 2073 τῆς
2803 1996 2999 2054 ἑαυτοῦ
3029 1995 3254 2068 σαρκὸς,
3295 1993 3436 2066 μετὰ
3466 1993 3757 2062 ταύτης-δὲ

2172 2099 2395 2171 μᾶλλον,
2435 2096 2553 2149 ἐστὶ
2586 2090 2988 2166 προσκυνητός.
3033 2087 3304 2158 Καθάπερ
3340 2085 3535 2155 ἀμέλει
3581 2085 3675 2138 καὶ
3719 2086 3755 2155 ή

2167 2192 2261 2248 τοῦ
2307 2190 2598 2262 ἀνθρώπου
2631 2186 2785 2257 ψυχὴ
2813 2184 2950 2257 μετὰ
2980 2182 3075 2237 τοῦ
3113 2180 3248 2235 ἰδίου
3295 2181 3523 2261 τιμᾶται
3572 2175 3763 2245 σώμα-

2166 2304 2279 2352 τος,
2310 2285 2502 2355 κλήσει
2522 2283 2579 2336 δὲ
2615 2282 2714 2352 μιᾷ
2740 2280 2801 2333 τὸ
2834 2276 2894 2342 ἐξ
2919 2278 3144 2347 ἀμφοῖν,
3170 2273 3246 2337 ὡς
3276 2272 3333 2325 ἓν
3360 2270 3519 2337 ζῶον,
3559 2271 3767 2341 σημαία

2167 2396 2338 2434 νεται.
2364 2378 2533 2429 Ὅταν
2564 2373 2744 2426 τοίνυν
2782 2371 2913 2441 περὶ
2942 2368 3039 2421 τοῦ
3069 2367 3287 2420 πάντων
3315 2364 3476 2435 ἡμῶν
3504 2364 3770 2434 Σωτῆρος

2169 2468 2403 2543 Χριστοῦ
2428 2470 2554 2530 τοὺς
2577 2464 2769 2533 λόγους
2797 2459 3067 2515 ποιεῖσθαι
3086 2456 3558 2529 προθυμούμενος,
3576 2454 3763 2525 διέλῃς

2166 2563 2249 2626 εἰς
2275 2559 2371 2614 δύο
2396 2558 2487 2613 τὸν
2520 2557 2636 2620 ἕνα,
2658 2555 2753 2609 καὶ¹
2779 2551 3067 2622 ἄνθρωπον
3103 2547 3290 2612 ίδικῶς
3321 2548 3417 2601 καὶ
3455 2547 3561 2600 ἀνὰ
3594 2546 3755 2617 μέρος

2167 2653 2458 2725 νοούμενον
2486 2649 2800 2720 ἀποφήνῃς,
2830 2643 2950 2698 εἶτα
2984 2640 3176 2696 τοῦτον
3213 2657 3276 2694 συ
3287 2638 3756 2711 μπροσκυνείσθαι

2166 2747 2277 2800 δεῖν
2329 2744 2422 2798 καὶ
2449 2738 2915 2812 συγχρηματίζειν
2943 2736 3099 2802 Θεὸν,
3121 2735 3200 2798 ὡς
3227 2733 3401 2803 ἑτέρῳ
3436 2732 3566 2802 παρ’
3596 2730 3763 2785 αὐτὸν

2169 2840 2469 2911 ὑπάρχοντι
2498 2832 2720 2906 Χριστῷ
2748 2830 2826 2902 τῷ
2857 2831 2923 2883 ὲκ
2950 2827 3086 2882 Θεοῦ
3114 2827 3256 2881 κατὰ
3285 2825 3446 2894 φύσιν
3471 2822 3608 2893 Υίῷ,
3639 2822 3765 2876 τολ-

2173 2933 2354 3003 μήσῃς
2384 2931 2584 2992 εἰπεῖν,
2622 2926 2707 2989 τίς
2730 2925 2759 2977 ὁ
2796 2922 3145 2994 καρτερῆσαι
3178 2919 3502 2987 δυνάμενος,
3534 2916 3632 2969 καὶ
3661 2916 3767 2986 τήν

2168 3026 2311 3079 οὕτω
2343 3020 2597 3095 προφανῆ
2626 3015 3010 3089 γλωσσαλγίαν
3045 3014 3167 3067 κατ’
3188 3010 3359 3065 αὐτοῦ
3390 3012 3569 3080 σιωπῇ
3596 3016 3620 3043 °
3657 3026 3767 3062 πα-

476 3110 609 3167 Coio
658 3112 878 3182 quidem
924 3112 1162 3168 Verbum
1205 3112 1299 3169 Dei
1328 3112 1533 3169 factum
1583 3114 1881 3180 hominem,
1915 3115 2059 3185 quod

2176 3115 2485 3190 ρατρέχων;
2515 3111 2809 3181 Ἔδει-γὰρ
2846 3105 3046 3179 μᾶλλον
3086 3106 3294 3158 εἰπεῖν·
3335 3102 3577 3172 Σέϐομεν
3608 3111 3634 3150 P
3671 3099 3769 3153 τὸν

478 3202 782 3273 appellatur
818 3202 982 3271 Deus,
1019 3216 1075 3259 et
1109 3205 1166 3259 in
1226 3206 1566 3261 humanitate
1609 3207 1869 3261 adorator
1894 3224 1908 3275 ;
1936 3209 2062 3277 quia

478 3307 670 3350 natura
708 3297 846 3351 Deus
877 3306 981 3362 est,
1020 3306 1075 3353 et
1103 3313 1165 3351 ex
1186 3297 1296 3353 Deo
1319 3298 1483 3354 Patre
1513 3299 1787 3369 apparuit.
1820 3299 1895 3353 At
1918 3301 2064 3355 enim

477 3387 665 3443 dicunt
713 3390 1010 3444 adversarii
1045 3387 1249 3446 :Certe
1303 3392 1727 3459 deprehenderis
1778 3400 1833 3446 et
1867 3392 2065 3461 ipsein

477 3482 708 3549 epistola
752 3483 1023 3547 scribens,
1076 3483 1219 3554 quod
1269 3484 1476 3540 sederit
1529 3483 1700 3539 Filius
1747 3498 1871 3539 cum
1905 3483 2069 3539 Patre

479 3588 602 3627 eum
643 3576 861 3644 propria
888 3590 1077 3632 carne:
1101 3576 1376 3647 quomodo
1420 3592 1553 3648 ergo
1588 3576 1947 3646 reprehendis
1986 3577 2066 3633 di-

479 3676 716 3733 centem,
757 3668 899 3737 quod
956 3683 1079 3724 cum
1131 3671 1241 3725 Deo
1270 3668 1452 3725 Verbo
1498 3669 1775 3724 hominem
1823 3670 2065 3735 adorari,

476 3768 539 3813 et.
567 3760 727 3813 simul
757 3760 925 3816 Deum
954 3763 1135 3817 vocari
1162 3771 1416 3832 oporteat
1445 3762 1468 3815 ?
1504 3761 1647 3816 Idem
1674 3762 1819 3817 enim
1858 3773 1943 3818 est
1985 3764 2069 3818 di-

475 3865 602 3906 cere
632 3853 751 3918 σὺν,
787 3865 842 3909 et
872 3856 1029 3927 μετά.
1080 3856 1316 3911 Proinde
1348 3857 1742 3925 redarguamus
1787 3871 1881 3912 eos
1910 3857 2066 3928 igno-

477 3958 601 3999 rare
659 3946 929 4001 dictorum
971 3948 1101 4013 vim,
1134 3957 1191 4002 et
1224 3962 1406 4002 rerum
1441 3954 1694 4003 naturam
1740 3965 1847 4005 non
1892 3952 2066 4020 inspi-

2170 3208 2263 3264 τοῦ
2292 3205 2432 3261 Θεοῦ
2460 3204 2654 3272 Λόγον,
2689 3202 2980 3271 γενόμενον
3017 3195 3326 3266 ἄνθρωπον,
3353 3193 3451 3247 καὶ
3487 3192 3768 3263 χρηματί-

2169 3304 2332 3368 ζοντα
2361 3300 2515 3364 Θεὸν,
2543 3296 2642 3351 καὶ
2668 3298 2727 3349 ὲν
2757 3291 3111 3364 άθρωπότητι
3149 3286 3653 3360 προσκυνούμενον,
3682 3285 3769 3339 ὅτι

2171 3395 2264 3449 καὶ
2299 3396 2459 3462 φύσει
2499 3389 2632 3452 Θεός
2671 3389 2827 3452 ἔστι,
2865 3385 2962 3440 καὶ
2994 3384 3059 3435 ὲκ
3092 3380 3230 3435 Θεοῦ
3269 3380 3481 3450 πέφηνε
3522 3378 3763 3448 Πατρός.

2184 3485 2345 3539 Ἀλλὰ
2385 3484 2494 3555 γὰρ
2537 3481 2661 3543 ναὶ,
2701 3478 2869 3548 φασιν
2894 3479 2944 3530 oi
2992 3475 3062 3529 δι’
3086 3473 3361 3537 ἐναντίας,
3393 3471 3581 3541 άλώσῃ
3611 3479 3767 3523 πουει

2171 3579 2264 3632 καὶ
2289 3578 2452 3640 αὐτὸς
2493 3578 2551 3628 ἐν
2583 3570 2839 3642 ἐπιστολῇ
2871 3563 3192 3639 γεγραφὼς,
3230 3565 3314 3617 ὅτι
3344 3561 3710 3633 συνήδρευσεν
3738 3564 3769 3614 δ

2172 3671 2299 3733 Υἱὸς
2352 3668 2429 3738 τῷ
2477 3666 2657 3737 Ila—api
2700 3663 2839 3735 μετὰ
2878 3661 2979 3733 τῆς
3014 3660 3149 3722 ἰδίας
3190 3659 3415 3730 σαρκός.
3461 3652 3596 3711 Εἶτα
3646 3657 3767 3721 πῶς

2171 3760 2517 3831 ἐπιλαμϐάνῃ
2543 3757 2636 3810 τοῦ
2666 3757 2937 3824 λέγοντος,
2963 3755 3045 3807 ὅτι
3078 3752 3183 3825 χρὴ
3218 3749 3761 3823 συμπροσκυνεῖσθαι

2170 3856 2260 3908 τὸν
2310 3851 2598 3923 ἄνθρωπον
2650 3847 2728 3919 τῷ
2765 3846 2885 3917 Θεῷ
2920 3845 3101 3915 Λόγῳ,
3153 3843 3248 3897 καὶ
3291 3841 3754 3913 συγχρηματίζείν

2169 3949 2338 4014 Θεόν;
2368 3945 2576 3998 Ταυτὸν
2605 3942 2715 4011 γάρ
2739 3944 2887 3994 ἐστιν
2914 3940 3090 3992 εἰπεῖν
3131 3936 3229 3991 καὶ
3254 3936 3317 3989 τὸ
3359 3935 3505 4001 σὺν,
3570 3935 3667 3989 καὶ
3701 3933 3762 3987 τὸ

475 4045 622 4090 cere.
686 4037 849 4108 180
899 4038 1116 4094 Etenim
1178 4040 1396 4109 quando
1435 4041 1489 4095 iu
1536 4057 1643 4096 una
1714 4057 1951 4113 persona
2012 4055 2069 4100 et

2169 4041 2334 4113 μετά.
2364 4037 2574 4092 Οὐκοῦν
2602 4033 2941 4107 ἠγνοηκότας
2968 4032 3285 4103 ὲλέγχωμεν
3311 4028 3421 4082 τῶν
3450 4027 3768 4100 εἰρημένων

479 4137 695 4193 ιμιιιτο,
725 4129 829 4185 hoc
864 4141 966 4200 εει,
1002 4132 1357 4188 subsistentia
1402 4149 1533 4199 una,
1570 4149 1752 4190 sermo
1776 4135 2067 4205 diligenter

474 4221 798 4277 examinans
826 4239 912 4291 ea,
943 4240 1010 4281 ex
1031 4228 1228 4297 quibus
1250 4236 1357 4291 est,
1384 4227 1487 4282 hoc
1511 4236 1620 4290 est,
1660 4237 1878 4283 constat
1909 4239 2069 4283 natu-

477 4316 686 4380 raliter,
721 4319 1000 4392 subjungit
1031 4323 1471 4393 praepositionem
1516 4324 1613 4376 σὺν
1643 4321 1725 4377 vel
1760 4321 1922 4393 μετὰ,
1949 4336 2067 4375 ser-

2169 4136 2268 4206 τὴν
2298 4133 2552 4203 δύναμιν,
2601 4129 2697 4182 καὶ
2727 4130 2794 4197 τῇ
2822 4135 2845 4163 ⁸
2872 4125 2982 4179 τῶν
3014 4122 3360 4194 πραγμάτων
3398 4121 3501 4173 οὐκ
3530 4119 3768 4191 ἐνορῶν-

2168 4244 2266 4290 τας
2336 4224 2568 4295 φύσειε.
2632 4221 2804 4273 Ὅταν
2858 4214 3097 4288 μὲνγὰρ
3146 4215 3235 4284 ἐφ’
3288 4212 3408 4277 ἑνὸς
3438 4210 3763 4283 προσώπου,

2169 4319 2265 4373 καὶ
2300 4317 2543 4387 φύσεως,
2580 4314 2750 4385 ἤγουν
2796 4308 3149 4370 ὑποστάσεως
3200 4307 3350 4377 μιᾶς,
3381 4302 3688 4375 βασανίζων
3733 4303 3767 4356 ὁ

474 4408 621 4462 vavit
652 4411 818 4465 etiam
869 4413 950 4468 sic
1003 4414 1057 4469 in
1120 4430 1180 4471 re
1224 4414 1559 4487 significata,
1625 4414 1765 4483 quod
1795 4429 1961 4467 unum
1995 4412 2066 4466 sit

2169 4411 2326 4479 λόγος
2362 4409 2430 4462 τὰ
2462 4406 2520 4473 ἐξ
2550 4399 2627 4459 ὧν
2658 4405 2827 4468 ἔστιν,
2863 4403 2981 4469 ἢτοι
3013 4398 3299 4467 σύγκειται
3333 4394 3600 4467 φυσικῶς,
3641 4397 3769 4448 επι-

472 4501 771 4557 secundum
797 4485 1358 4576 compositionempet
1408 4523 1519 4561 non
1561 4507 1617 4560 in
1645 4506 1753 4559 duo
1802 4505 2060 4559 distincte

2169 4504 2308 4575 φέρῃ
2335 4501 2397 4555 τὸ
2424 4499 2566 4563 σὺν,
2591 4499 2712 4569 ήτοι
2745 4495 2806 4549 τὸ
2857 4492 3042 4563 μετὰ,
3089 4492 3360 4562 τετήρηκε
3387 4487 3465 4559 τῷ
3498 4503 3769 4558 σημαινο-

475 4591 759 4647 discernit.
781 4593 1009 4661 Quando
1037 4608 1219 4652 autem
1248 4607 1375 4653 ante
1397 4597 1670 4653 distinctis
1694 4596 2063 4652 subsistentiis

2171 4597 2340 4668 μένῳ,
2369 4595 2461 4648 καὶ
2493 4592 2637 4646 οὓτω
2672 4589 2734 4643 τὸ
2778 4589 2837 4641 ἓν
2866 4583 3007 4642 εῖναι
3046 4584 3192 4639 κατὰ
3219 4582 3492 4648 σύνθεσιν,
3535 4580 3633 4634 καὶ
3662 4580 3769 4633 οὐκ

477 4680 531 4734 in
565 4683 692 4750 duo,
718 4696 772 4740 et
801 4697 860 4741 ut
906 4704 1155 4745 seorsum
1204 4699 1497 4761 utrumque
1532 4698 1587 4745 et
1617 4690 1872 4761 privatim
1895 4689 2062 4745 intel-

2169 4693 2247 4755 είς
2285 4689 2379 4743 δύο
2424 4683 2770 4758 διῃρημένοις
2817 4680 3011 4751 διοριεῖ
3035 4677 3090 4715 ί·
3130 4677 3259 4730 ὅταν
3291 4674 3349 4728 δὲ
3385 4672 3767 4746 προδιῃρημέ-

477 4773 698 4844 ligatur,
754 4784 1070 4852 praepositio
1149 4784 1270 4847 σὺν,
1326 4783 1410 4838 vel
1478 4783 1618 4855 μετὰ
1664 4782 1884 4848 dicitur,
1938 4794 2065 4838 tunc

2169 4799 2273 4835 νων
2296 4777 2715 4833 1ι’ὑηιτοστάισεων
2743 4776 2823 4839 εἰς
2851 4772 2967 4838 δύο,
2995 4769 3093 4827 καὶ
3123 4768 3260 4840 πρός
3293 4783 3357 4837 γε
3395 4767 3457 4821 τὸ
3498 4767 3612 4819 δεῖν
3657 4765 3766 4820 ἀνά

474 4866 604 4935 duo,
653 4872 738 4924 vel
796 4873 960 4929 etiam
1009 4866 1186 4944 plura,
1244 4887 1300 4931 et
1360 4890 1468 4930 non
1532 4891 1700 4931 unum
1765 4876 2061 4930 secundum

2170 4874 2338 4944 μέρος
2368 4870 2629 4940 ἑκάτερον
2662 4863 2905 4919 νοεῖσθαι
2933 4862 3027 4916 καὶ
3060 4860 3244 4924 ῑδικῶς
3272 4859 3333 4912 τὸ
3374 4857 3516 4921 σὺν,
3540 4859 3713 4928 ἤγουν
3730 4865 3764 4897 ν

473 4965 931 5031 couipositionem
960 4968 1257 5038 signiﬁcari
1288 4968 1542 5025 dicimus.
1573 4967 1818 5039 Exempli
1841 4969 2012 5038 gratia
2042 5008 2057 5033 ,

2170 4966 2231 5017 τὸ
2290 4962 2441 5033 μετὰ
2478 4959 2739 5030 λέγηται,
2784 4955 2907 5009 τότε
2940 4955 3107 5019 δυοῖν,
3141 4951 3174 5023 ἢ
3227 4951 3319 5007 καὶ
3362 4950 3443 5003 ἐτι
3480 4948 3766 5016 ,πλειόνων

471 5057 515 5111 si
553 5056 693 5111 forte
724 5060 992 5121 dicamus,
1025 5061 1348 5115 cohonorari
1383 5061 1620 5116 animam
1657 5061 1894 5117 hominis
1936 5075 2058 5115 cum

2169 5055 2322 5119 αὐτὸ,
2351 5053 2447 5107 καὶ
2475 5052 2575 5123 οὐχ
2619 5049 2736 5114 ὲνὸς
2775 5046 2918 5102 κατὰ
2967 5045 3220 5099 σύνθεσιν
3262 5040 3538 5096 ποιεῖσθαί
3581 5058 3765 5111 φαμεν

471 5163 570 5204 suo
607 5166 862 5218 corpore,
905 5151 950 5204 si
1001 5151 1126 5219 quis
1161 5153 1335 5207 honor
1365 5161 1514 5208 certe
1558 5154 1714 5209 ﬁeret
1739 5167 1769 5207 a
1798 5151 2058 5223 quopiam

2169 5146 2268 5219 τὴν
2296 5144 2548 5217 δήλωσιν.
2580 5135 2727 5206 Οἷον,
2748 5139 2796 5192 εί
2828 5137 3083 5208 λέγοιμεν
3110 5134 3274 5205 τυχὸν
3293 5132 3655 5203 συντιμᾶσθαι
3685 5131 3767 5200 τῷ

471 5256 598 5312 erga
626 5259 791 5297 unum
825 5245 1123 5309 hominem,
1159 5245 1251 5315 qui
1275 5252 1359 5302 est
1386 5260 1451 5302 ex
1483 5246 1772 5318 utrisque:
1805 5246 1908 5300 hoc
1936 5255 2043 5307 est,

2169 5241 2272 5310 ζδίῳ
2307 5237 2520 5308 σώματι
2552 5233 2652 5305 τὴν
2677 5229 2771 5285 τοῦ
2800 5227 3093 5301 ἀνθρώπου
3118 5226 3322 5297 ψυχὴν,
3354 5224 3408 5278 εῐ
3432 5241 3518 5288 τις
3547 5225 3769 5293 γένοιτο

540 5403 586 5436 ⁸⁷
625 5405 638 5459 Ι
676 5404 803 5459 Cor.
834 5421 907 5469 vr,
940 5405 1023 5459 Π.

1547 5536 1722 5591 Varize
1758 5536 2015 5591 lectiones
2047 5551 2109 5587 ex
2143 5550 2205 5587 ro
2229 5535 2328 5587 lite
2360 5532 2739 5603 Seguieriauo.

539 5697 657 5765 ιιῆν
697 5697 743 5750 ὁ.
826 5705 848 5733 ο
882 5702 1027 5765 σιγῇ.
1107 5709 1134 5749 P
1170 5697 1310 5753 σέόω
1337 5698 1455 5765 μέν.
1559 5706 1585 5745 ιι
1618 5694 1690 5756 ὧς
1723 5710 1841 5748 που.
1962 5696 1981 5723 τ
2008 5691 2092 5743 Τσ.
2127 5692 2242 5759 τήν.
2361 5700 2382 5726 ³
2419 5688 2502 5742 ῐσ.
2542 5687 2726 5756 φύσιν.
2823 5691 2838 5722 ⁸
2877 5686 3093 5757 διαιρεῖ,
3175 5693 3202 5721 ιι
3237 5679 3756 5754 προσὸιῃρημένων.

475 5776 499 5806 V
531 5766 670 5834 ἤτοι.

1559 5706 1585 5745 ιι
1618 5694 1690 5756 ὧς
1723 5710 1841 5748 που.
1962 5696 1981 5723 τ
2008 5691 2092 5743 Τσ.
2127 5692 2242 5759 τήν.
2361 5700 2382 5726 ³
2419 5688 2502 5742 ῐσ.
2542 5687 2726 5756 φύσιν.
2823 5691 2838 5722 ⁸
2877 5686 3093 5757 διαιρεῖ,

826 5705 848 5733 ο
882 5702 1027 5771 σιγῇ.
1107 5709 1134 5749 P
1170 5697 1310 5753 σέόω
1337 5698 1455 5769 μέν.

3194 6410 3258 6414 κὴ-
3348 6408 3357 6409 ε
3370 6408 3404 6412 _
3494 6408 3532 6412 ἡ
3615 6407 3652 6412 ﬁ
3727 6407 3746 6410 _
3822 6408 3825 6409 ν
3922 6410 3941 6413 η
