4080 6418
329 427 434 481 δἰλ

943 421 1470 480 APOLOCETICUS
1509 421 1642 479 PRO
1687 423 1781 479 ΧΠ
1824 423 2192 480 CAPITIBUS
2232 425 2510 482 CONTRA
2553 425 3009 482 OlllENTALES.
3505 434 3609 488 354

326 545 458 614 παρ’
493 541 659 595 αὐτοῦ
688 549 713 577 ι
747 542 881 613 τιμὴ
932 544 1060 614 περὶ
1092 543 1182 596 τὸν
1211 544 1308 595 ἕνα
1340 543 1648 614 ἄνθρωπον,
1677 545 1734 607 ὃς
1782 546 1929 598 ἐστιν

2035 547 2080 601 si
2129 547 2250 615 quis
2291 547 2519 610 diceret,
2589 547 2826 600 animam
2890 564 3012 602 cum
3064 565 3163 603 suo
3217 565 3447 618 corpore
3491 572 3614 610 esse

325 637 382 704 ἐξ
429 637 645 705 ἀμφοῖν
668 651 682 665 ο
720 634 912 705 ἦγουν,
950 637 1114 698 εἴτις
1161 635 1308 704 λέγει
1354 636 1412 689 ἓν
1440 637 1578 701 ζῶον
1611 631 1750 690 εἶναι
1789 638 1927 706 μετὰ

2032 655 2193 692 unum
2218 637 2439 702 animal,
2471 653 2579 692 non
2606 648 2889 707 propterea
2920 641 2971 693 in
3006 640 3139 696 duos
3171 643 3418 697 homines
3445 661 3610 698 unum

325 727 414 780 τοῦ
457 726 597 778 ἰδίου
631 726 911 797 σώματος,
958 728 1077 796 οὐχὶ
1117 729 1336 790 πάντως
1365 729 1444 790 είς
1483 725 1802 796 ἀνθρώπους
1835 726 1930 780 δύο

2032 729 2499 794 dividit;videtur
2528 737 2709 782 autem
2733 729 2914 796 potius
2967 745 3072 783 non
3125 731 3374 800 ignorare
3407 750 3492 797 ea,
3541 749 3606 787 ex

333 822 520 890 διοριεῖ
557 819 655 871 τὸν
690 819 819 872 ἕνα·
871 820 1122 887 φαίνεται
1173 821 1229 873 δέ
1269 820 1470 890 μᾶλλον
1506 821 1611 872 ὀὐκ
1641 819 1928 890 ἡγνοηκὼς

2032 819 2228 888 quibus
2279 832 2382 884 est,
2421 821 2526 875 hoc
2568 829 2674 885 est,
2723 821 3082 889 compositum
3129 829 3212 875 est
3259 825 3606 877 naturaliter.

342 915 402 966 τὰ
433 913 490 979 ἐξ
526 906 606 966 ὦν
642 913 815 977 ἐστιν,
852 915 972 984 ἦτοι
1009 913 1338 967 συντέθειται
1385 913 1649 984 φυσικῶς.
1673 915 1842 967 Ὅταν
1873 913 1928 966 δὲ

2032 910 2256 977 Quando
2283 927 2413 966 vero
2447 912 2590 978 dico,
2616 911 2808 966 Petrus
2837 921 2891 966 et
2925 910 3166 966 Joannes
3203 914 3610 982 coappellautur

345 1006 469 1056 ειπω
490 1023 502 1032 ·
535 1003 753 1072 Πέτρος
779 1021 836 1057 τε
864 1006 958 1058 καὶ
988 1005 1240 1074 Ἰωάννης
1273 1003 1808 1075 συγχρηματίζουσιν
1837 1005 1930 1058 άν-

2033 1003 2301 1068 homines,
2357 1003 2441 1056 vel
2470 1004 2660 1069 etiam,
2695 1004 2832 1057 Cum
2869 1003 3032 1058 Petro
3083 1001 3321 1059 Joannes
3365 1009 3609 1060 ascendit

341 1096 566 1163 θρωποι,
600 1095 635 1165 ἢ
673 1095 828 1162 γοῦν,
867 1097 950 1148 ὅτι
979 1097 1133 1149 Μετὰ
1169 1095 1377 1166 Πέτρου
1422 1098 1518 1148 καὶ
1550 1095 1800 1168 Ἰωάννης
1832 1098 1926 1149 ἀν-

2032 1095 2084 1148 in
2129 1093 2430 1164 templum:
2465 1111 2570 1149 non
2623 1094 2734 1163 jam
2782 1096 2900 1160 σὺν,
2947 1095 3029 1150 vel
3080 1095 3240 1166 μετὰ,
3274 1097 3325 1150 id
3358 1107 3440 1151 est
3469 1115 3608 1164 cum,

337 1186 550 1239 έδαινεν
578 1189 663 1248 είς
683 1188 745 1239 τὸ
775 1187 938 1257 ἱερὸν,
969 1187 1150 1240 οὐκέτι
1173 1187 1235 1239 τὸ
1251 1187 1448 1257 σὺν-,ἢ
1477 1187 1607 1255 γοῦν
1650 1187 1710 1240 τὺ
1754 1189 1926 1256 μετὰ,

2033 1201 2196 1238 unum
2237 1187 2492 1255 quiddam
2519 1188 2810 1257 signiﬁcat.
2854 1186 2970 1240 Non
3010 1189 3154 1242 enim
3191 1188 3429 1243 Joannes
3457 1205 3610 1243 com-

335 1278 425 1346 τὴν
459 1277 583 1338 ἐνὸς
615 1281 857 1330 ποιεῖται
891 1278 1144 1347 δήλωσιν.
1191 1279 1266 1330 Οὐ
1315 1277 1424 1348 γὰρ
1457 1279 1793 1332 συντέθειται
1830 1279 1930 1332 Πέ-

2032 1279 2237 1346 positus
2271 1288 2352 1333 est
2377 1293 2496 1332 cum
2528 1277 2707 1344 Petro,
2741 1279 2835 1334 sed
2875 1296 3048 1348 neque
3072 1280 3138 1334 ad
3187 1283 3346 1335 unius
3376 1283 3612 1336 hominis

329 1383 456 1435 τρος
500 1365 755 1436 Ἰωάννῃ,
799 1365 914 1420 ἀλλ’
937 1366 1058 1418 οὐδὲ
1088 1368 1172 1429 εἰς
1199 1365 1316 1429 ἐνὸς
1347 1365 1638 1436 ἀνθρώπου
1671 1365 1928 1418 σύστασιν

2032 1369 2478 1423 constitutionem
2501 1370 2664 1424 ambo
2699 1371 3050 1425 conveniunt.
3091 1371 3201 1426 Cur
3237 1387 3366 1440 ergo
3397 1373 3609 1426 veritati

325 1462 580 1514 τελοῦσιν
607 1463 934 1532 ἀμφότεροι.
971 1463 1034 1514 Τί
1063 1462 1240 1514 τοίνυν
1269 1462 1578 1531 σοφίζονται
1603 1471 1629 1509 γ
1664 1462 1760 1533 τὴν
1799 1462 1930 1532 ἀλή-

2033 1461 2281 1526 illudunt,
2322 1462 2626 1518 dividentes
2676 1463 2925 1533 imperite
2971 1479 3135 1518 unum
3177 1465 3228 1517 in
3278 1465 3414 1518 duos
3455 1464 3612 1518 Chri-

327 1553 500 1618 θειαν,
533 1555 876 1624 διαιροῦντες
905 1553 1133 1622 ἀμαθῶς
1160 1555 1240 1616 είς
1268 1553 1362 1605 δύο
1390 1555 1658 1623 Χριστοὺς
1690 1553 1781 1607 τὸν
1801 1553 1926 1618 Eva;

2032 1554 2187 1608 stos?
2219 1552 2276 1607 Si
2309 1563 2488 1607 autem
2529 1563 2742 1623 putant,
2792 1555 2935 1624 quod
2983 1556 3215 1610 dicendo
3255 1555 3449 1610 Filium
3483 1571 3610 1609 cum

331 1647 464 1699 Είδέ
501 1645 848 1717 νομίζουσιν,
873 1646 980 1708 ὅτι,
1008 1644 1344 1714 συνεδρεύειν
1370 1644 1621 1712 λέγοντες
1651 1643 1728 1715 τῷ
1755 1645 1930 1713 Πατρὶ

2033 1645 2250 1711 proprio
2283 1659 2514 1714 corpore
2537 1645 2822 1700 considere
2855 1645 3027 1710 Patri,
3065 1647 3198 1701 duos
3232 1647 3615 1716 intelligendos

337 1740 418 1790 τὸν
455 1727 614 1790 Υίὸν“
642 1738 783 1806 μετά
813 1736 908 1790 τοῦ
947 1736 1077 1789 ίδίου
1111 1737 1396 1807 σώματος,
1439 1736 1532 1789 δύο
1573 1735 1811 1790 νοεῖσθαι
1842 1735 1928 1787 δε-

2032 1736 2200 1790 Filios
2293 1739 2790 1804 concesserimus;
2847 1738 3144 1807 inquirant,
3216 1755 3283 1792 an
3345 1741 3612 1804 dicamus,

335 1831 587 1901 ὃὼκαμεν
645 1830 834 1895 υἱοὺς,
889 1828 1301 1898 ἐρευνάτωσαν,
1343 1830 1392 1881 εί
1430 1829 1504 1899 μὴ
1539 1828 1635 1880 ’ένα
1679 1828 1930 1895 λέγοντες

2034 1844 2199 1882 unum
2229 1827 2422 1882 Filium
2458 1830 2616 1884 unica
2651 1830 2984 1885 considentia
3037 1833 3359 1886 honoratum
3390 1845 3534 1894 csse,
3561 1843 3615 1886 et

343 1922 484 1982 Υίὸν,
519 1924 619 1992 μιᾷ
649 1921 994 1990 συνεδρεύσει
1020 1921 1346 1990 τετιμῆσθαί
1373 1938 1572 1990 φαμεν,
1600 1920 1694 1973 καὶ
1718 1921 1779 1971 ού
1805 1921 1924 1973 δυσὶ

2035 1936 2139 1974 non
2170 1921 2402 1982 duabus,
2447 1922 2520 1976 ita
2550 1931 2609 1976 ut
2649 1938 2752 1975 una
2788 1933 2840 1977 et
2882 1923 3136 1990 privatim
3171 1924 3369 1976 trihuta
3393 1924 3464 1977 sit
3491 1938 3615 1976 cor-

343 2015 575 2082 μςῑλλον·
604 2015 683 2076 ὡς
735 2013 865 2082 μίαν
910 2013 1010 2083 μὲν
1054 2013 1147 2066 καὶ
1182 2013 1354 2084 ίδικὴν
1405 2011 1804 2082 ἐκνενεμῆσθαι
1852 2010 1929 2080 τῷ

2033 2015 2174 2083 pori,
2201 2014 2370 2068 altera
2391 2029 2520 2068 vero
2546 2030 2759 2068 rursum
2793 2023 2849 2068 et
2882 2015 3135 2084 privatim
3191 2015 3384 2069 Verbo.
3413 2013 3613 2070 Verum

348 2088 575 2176 σώματι,
614 2106 808 2176 ἐτέραν
844 2105 902 2158 δέ
943 2104 1106 2158 πάλιν
1139 2107 1234 2158 καὶ
1267 2105 1437 2176 ίδικὴν
1468 2105 1544 2175 τῷ
1575 2105 1753 2175 Λόγῳ.
1789 2105 1928 2156 Ἀλλ’

2038 2105 2142 2157 hoc
2187 2120 2296 2157 non
2331 2113 2590 2173 poterunt
2631 2105 2940 2159 ostendere.
2993 2104 3275 2171 Quomodo
3321 2106 3490 2169 enim,
3531 2105 3616 2159 vel

357 2199 455 2250 οὐκ
497 2199 558 2251 ’άν
591 2197 760 2267 ἔχοιεν
807 2197 1074 2264 ἐπιδεῖξαι
1115 2197 1305 2250 τοῦτο·
1340 2197 1459 2259 πῶς
1492 2197 1620 2267 γὰρ,
1660 2197 1692 2268 ἦ
1731 2195 1926 2260 πόθενς

2035 2195 2222 2249 unde?
2254 2194 2388 2249 Nam
2417 2211 2582 2248 unum
2616 2195 2940 2249 eteumdem
2973 2195 3142 2248 Deum
3176 2195 3406 2248 simulet
3436 2196 3616 2248 homi-

365 2289 502 2343 Ἕνα
526 2291 626 2360 γὰρ
663 2291 784 2343 ὄντα
821 2290 951 2342 Υίὺν
984 2290 1121 2360 μετὰ
1151 2291 1252 2358 τῆς
1287 2289 1424 2351 ίδίας
1453 2289 1654 2359 σαρκὸς
1686 2288 1778 2341 τὸν
1801 2289 1930 2341 Υἱδν

2035 2301 2157 2340 nem
2213 2302 2314 2339 una
2352 2286 2691 2340 considentia
2727 2287 2869 2355 apud
2912 2285 3126 2340 Patrem
3162 2287 3437 2340 honestati
3470 2286 3615 2339 aﬂir—

362 2379 490 2434 Θεὸν
519 2399 571 2433 τε
596 2380 721 2451 ὁμοῦ
747 2382 842 2436 κα)⁴
869 2381 1156 2452 ἄνθρωπον
1184 2382 1276 2434 τὸν
1309 2381 1495 2443 αὐτὸν,
1523 2383 1621 2452 μιᾷ
1650 2381 1930 2452 συνεδρεύ-

2035 2393 2266 2432 mantus.
2311 2375 2584 2432 Cmterum
2659 2378 2841 2432 dicere
2880 2377 3155 2432 hominem
3213 2378 3426 2430 adorari
3490 2395 3612 2431 cmn

353 2488 428 2523 σει
456 2475 519 2543 τῇ
551 2473 682 2542 πρὸς
707 2472 802 2524 τὸν
833 2471 1055 2542 Πατέρα
1082 2472 1404 2543 διαπρέπειν
1434 2473 1892 2543 διαϐεϐαιούμεθα
1914 2490 1928 2504 ο

2033 2470 2167 2534 Deo,
2197 2481 2256 2526 et
2301 2470 2628 2540 coappellari
2694 2470 2889 2539 Deum,
2963 2473 3186 2526 omnino
3239 2483 3321 2527 est
3367 2472 3612 2526 confiteri

337 2564 395 2615 τό
426 2581 492 2631 γε
529 2565 638 2634 μὴν
682 2563 1226 2635 συμπροσκυνεῖσθαι
1260 2564 1438 2633 λέγειν
1469 2564 1757 2638 ἄνθρωπον
1787 2565 1925 2635 Θεῷ,

2035 2566 2170 2618 duos
2197 2563 2522 2630 adorandos,
2572 2563 2654 2618 vel
2696 2565 2859 2617 etiam
2896 2564 3041 2618 inter
3092 2579 3150 2618 se
3175 2565 3609 2633 coappellandos.

330 2658 426 2709 καὶ
453 2658 928 2728 συγχρηματίζειν
959 2660 1112 2725 Θεὸν,
1135 2659 1226 2712 δύο
1252 2676 1357 2711 που
1399 2658 1617 2722 πάντως
1647 2660 1930 2730 ὁμολογεῖν

2032 2657 2196 2726 Atqui
2247 2655 2400 2711 valde
2439 2656 2639 2721 fatuus,
2680 2666 2736 2711 et
2777 2671 2806 2709 a
2849 2656 3015 2712 rectis
3051 2665 3107 2710 et
3141 2657 3286 2710 veris
3330 2656 3618 2724 c0gitatio-

323 2751 446 2801 ἐστι
474 2751 604 2813 τοὺς
633 2751 1164 2822 προσκυνουμένους,
1187 2750 1220 2822 ἢ
1253 2751 1341 2804 καὶ
1369 2759 1391 2786 ι
1413 2749 1662 2820 ἀλλήλοις
1694 2767 1930 2820 συγκρη-

2035 2749 2193 2802 nibus
2228 2749 2452 2802 omnino
2505 2749 2844 2803 alienus‘est
2887 2746 3155 2816 ejusmodi
3201 2763 3404 2802 sermo.
3450 2748 3616 2817 Igitur

326 2840 690 2908 ματίζοντας.
731 2841 951 2913 Εὐήθης
992 2841 1048 2894 δὲ
1076 2841 1217 2906 λίαν,
1267 2842 1363 2894 καὶ
1401 2840 1508 2894 τῶν
1541 2842 1622 2903 εἰς
1663 2839 1930 2909 ὀρθότητα

2035 2838 2212 2892 factus
2255 2847 2338 2894 est
2373 2837 2864 2892 anatltematismus
2914 2846 3104 2890 contra
3142 2852 3255 2899 eos,
3290 2837 3381 2904 qui
3438 2836 3614 2889 modis

321 2935 423 2986 καὶ
469 2933 743 3002 ἀλήθειαν
778 2931 997 2987 ἐννοιῶν
1029 2932 1310 3003 ἀλλότριος
1348 2930 1626 2993 παντελῶς
1651 2933 1680 2983 ὁ
1723 2929 1930 2982 τοιόσδε

2033 2931 2286 2984 omnibus
2338 2929 2587 2984 dividunt
2634 2929 3038 2983 Emmanuelem
3074 2930 3127 2982 itt
3161 2929 3434 2983 hominem
3464 2943 3615 2982 seor-

315 3026 508 3093 λύγος.
556 3027 758 3094 Γέγονε
798 3028 976 3080 τοίνυν
1010 3023 1454 3096 ἀναθεματισμὺς
1501 3022 1642 3076 κατά
1674 3020 1781 3074 τῶν
1815 3021 1925 3073 ὀλο-

2034 3023 2161 3088 sim,
2201 3031 2255 3076 et
2294 3021 2482 3075 Deum.
2523 3020 2690 3075 Nobis
2731 3021 2875 3075 enim
2929 3036 3094 3074 unum
3148 3020 3321 3088 ipsum
3363 3022 3612 3072 eumdem

312 3118 552 3187 τρόπως
592 3117 938 3188 ἅοριζὸντων
985 3118 1074 3171 τὸν
1121 3115 1472 3187 Ἐμμανουὴλ
1517 3115 1596 3177 είς
1643 3112 1930 3184 ἄνθρωπον

2038 3114 2410 3183 theologorum
2441 3127 2623 3167 sermo
2655 3112 2991 3180 praedicavit,
3036 3127 3427 3181 sacrarumque
3465 3111 3615 3166 Scri-

315 3209 546 3272 ἰΞικῶς,
581 3211 681 3262 καὶ
709 3210 841 3262 Θεὸν
870 3210 1044 3278 Λόγον
1075 3209 1258 3272 ἰδικῶς
1278 3225 1290 3237 ·
1322 3208 1419 3261 ἕνα
1449 3207 1557 3279 γὰρ
1596 3209 1730 3276 ἡμῖν
1765 3205 1928 3258 αὑτὸν

2035 3218 2314 3277 pturarum
2345 3203 2706 3260 iuadulterata
2743 3203 2997 3274 cognitio.

308 3304 338 3354 ὁ
368 3301 490 3353 τῶν
517 3302 806 3372 θεηγὸρων
831 3272 1065 3372 ἐκήρυξε
1095 3301 1273 3368 λόγος,
1301 3300 1398 3353 καὶ
1421 3272 1716 3370 τῶν-ιερῶν
1741 3299 1927 3368 Γραμη
1954 3272 1996 3328 C

313 3394 526 3462 μάτων
558 3393 593 3462 ἡ
625 3391 1016 3463 ἀκιὸδήλευτος
1045 3390 1264 3459 γνῶσις.

783 3503 1376 3557 ΑΝΑΘΕΜΑΤΙΣΜΟΣ
1415 3502 1490 3557 Θ’.

390 3621 467 3673 Εἴ
500 3620 591 3682 τίς
627 3636 765 3689 φησι
807 3620 898 3672 τὸν
935 3620 1031 3673 ἕνα
1068 3619 1276 3691 Κύριον
1309 3619 1519 3691 Ἰησοῦν
1570 3620 1806 3690 Χριστὸν
1838 3622 1927 3674 δο-

312 3712 596 3780 ξάζεσθαι
621 3725 648 3752 ⁸
685 3712 836 3783 παρὰ
878 3712 973 3765 τοῦ
1023 3713 1372 3782 Πνεύματος,
1417 3713 1493 3777 ὡς
1536 3713 1796 3785 ἀλλοτρίᾳ
1839 3715 1928 3766 δυ-

317 3807 491 3876 νάμει
519 3807 592 3876 τῇ
628 3803 738 3874 ἰδίᾳ
766 3805 930 3857 αὐτοῦ
955 3805 982 3843 δ
1012 3802 1314 3874 χρώμενον,
1351 3806 1445 3857 καὶ
1476 3805 1607 3874 παρ’
1636 3805 1800 3858 αὑτοῦ
1831 3805 1928 3858 λα-

321 3899 489 3949 ϐόντα
507 3898 575 3949 τὸ
601 3899 851 3967 ἐνεργεῖν
876 3895 1136 3949 δύνασθαι
1161 3895 1304 3948 κατὰ
1332 3897 1658 3966 πνευμάτων
1679 3896 1928 3967 ἀκαθάρ-

335 3990 578 4052 summa}.
609 3990 675 4042 τὸ
708 3988 952 4060 πληροῦν
980 3990 1058 4052 εἰς
1082 3987 1403 4058 ἀνθρώπους
1434 3988 1532 4050 τὰς
1567 3987 1892 4058 θεοσημείας
1913 4007 1926 4020 ο

348 4083 437 4132 καὶ
459 4085 575 4152 οὺχ).
607 4081 678 4154 δὴ
717 4083 920 4153 μᾶλλον
961 4081 1091 4134 ἴδιον
1128 4080 1294 4134 αὐτοῦ
1322 4081 1382 4133 τὸ
1416 4081 1642 4150 Πνεῦμά
1675 4099 1830 4151 φησι,
1860 4081 1928 4134 δι’

348 4165 407 4224 οὗ
435 4178 518 4227 καὶ
551 4176 838 4246 ἐνήργησε
867 4173 966 4236 τὰς
999 4173 1351 4244 θεοσημείας·
1382 4171 1633 4242 ἀνάθεμα
1661 4172 1819 4225 ἔστω.

2334 3498 2494 3569 18],
2533 3493 3180 3551 ANATHEMATISMUS
3214 3492 3302 3549 IX.

2106 3615 2162 3669 Si
2205 3612 2328 3681 quis
2356 3628 2522 3666 unum
2548 3609 2838 3664 Dominum
2876 3606 3058 3662 Jesum
3107 3606 3385 3661 Christum
3415 3622 3442 3658 a
3486 3607 3612 3676 Spi-

2030 3707 2138 3763 ritu
2176 3705 2530 3762 clariﬁcatum
2554 3703 2776 3766 dixerit,
2803 3701 3020 3771 propria
3062 3701 3263 3754 virtute
3305 3701 3472 3770 ipsius
3496 3710 3614 3754 tan-

2033 3813 2197 3867 quam
2261 3796 2434 3850 aliena
2495 3802 2786 3857 utentem;
2834 3805 2898 3844 ac
2947 3791 3053 3842 vim
3112 3798 3166 3843 et
3213 3788 3505 3843 cllicaciam
3545 3791 3612 3843 ab

2031 3890 2220 3944 eodem
2259 3887 2555 3955 accepisse,
2603 3884 2731 3952 quia
2782 3891 2974 3935 contra
3025 3881 3331 3934 immundos
3382 3885 3612 3949 spiritus

2031 3988 2374 4050 operaretur,
2421 3986 2477 4031 et
2525 3977 2705 4029 divina
2759 3975 2903 4027 inter
2939 3972 3187 4026 homines
3223 3971 3480 4025 miracula
3519 3988 3612 4040 pa-

2034 4078 2222 4130 traret,
2270 4081 2333 4121 ac
2363 4081 2470 4119 non
2511 4065 2692 4134 potius
2739 4062 2917 4131 ipsum
2979 4061 3260 4129 Spiritum,
3307 4076 3404 4131 per
3448 4077 3610 4130 quem

2032 4161 2211 4216 divina
2240 4159 2392 4226 signa
2415 4157 2602 4221 edidit,
2651 4153 2796 4208 illius
2845 4151 3124 4222 proprium
3160 4165 3282 4206 esse
3327 4150 3611 4206 confessus

2032 4253 2193 4307 fuerit
2217 4270 2230 4318 ;
2251 4250 2537 4304 anathema
2570 4247 2659 4300 sit.

645 4375 1021 4442 ἈντΙρῤησις
1054 4372 1173 4428 τῶν
1215 4371 1624 4428 Ἀνατολικῶν.

2482 4360 2838 4416 Orientalium
2876 4357 3154 4427 opposilio.

397 4487 572 4552 Αὖθις
623 4489 795 4543 καλὸν
824 4489 894 4542 τά
938 4489 1105 4542 πάλαι
1145 4488 1295 4559 αὐτῷ
1342 4466 1613 4558 εἰρημένα
1647 4491 1726 4552 είς
1764 4489 1926 4558 μέσον

2105 4480 2301 4530 lterum
2335 4490 2513 4543 operte
2543 4471 2769 4541 pretium
2809 4469 2969 4522 fuerit
2996 4483 3080 4534 ea,
3122 4482 3242 4536 quae
3271 4467 3396 4519 olim
3429 4466 3496 4518 ah
3519 4468 3610 4521 illo

323 4587 588 4653 ἀγαγεῖν,
626 4585 723 4638 καὶ
760 4583 889 4647 ἴσως
932 4584 1357 4654 ἐπιλελησμένον
1412 4583 1503 4635 τοῦ
1531 4593 1552 4621 ο
1588 4582 1753 4636 αὐτοῦ
1792 4583 1926 4635 ὑπο-

2033 4570 2173 4622 dicta
2205 4573 2350 4631 sunt,
2376 4565 2429 4617 in
2499 4561 2734 4616 medium
2773 4561 3064 4621 adducere,
3111 4570 3166 4610 et
3199 4574 3417 4609 suorum
3444 4559 3611 4611 dicto-

2036 4677 2152 4715 rum
2187 4658 2436 4713 fortassis
2461 4654 2688 4709 ohlitum
2729 4653 3044 4704 adtrahere.
3105 4648 3222 4701 Non
3255 4649 3397 4701 enim
3438 4649 3608 4701 solum

2033 4753 2325 4807 Dominum
2359 4751 2512 4818 signa
2535 4747 2587 4799 itt
2609 4745 2813 4813 Spiritu
2857 4742 3048 4796 fecisse
3088 4741 3455 4810 pronuntiavit
3483 4742 3610 4803 ;sed

2031 4847 2195 4901 etiam
2228 4844 2405 4914 ipsum
2441 4847 2717 4892 mortuum
2739 4833 3070 4887 viviﬁcatum
3096 4846 3217 4886 esse
3242 4829 3448 4901 Spiritu
3479 4833 3614 4886 dixit

2031 4940 2207 5009 primo
2241 4945 2406 5000 tomo,
2445 4931 2532 4986 his
2571 4927 2785 4982 verbis:
2811 4925 2981 4995 Igitur
3018 4923 3062 4978 si
3095 4939 3196 4978 non
3230 4925 3450 4994 pertulit
3478 4926 3610 4979 mori

325 4679 542 4747 μνῆσαι
594 4678 762 4729 αὐτόν
784 4693 798 4706 ’
832 4678 892 4729 οὐ
924 4676 1033 4747 γὰρ
1067 4677 1226 4746 μόνον
1253 4676 1344 4728 τὸν
1375 4675 1583 4745 Κύριον
1614 4674 1683 4728 τὰ
1726 4677 1927 4744 σημεῖα

321 4770 380 4820 ἐν
419 4769 718 4837 Πνεῦματι
766 4769 938 4823 ποιεῖν
982 4769 1320 4837 ἀπεφήνατο,
1363 4767 1498 4819 ἀλλά
1541 4765 1605 4836 δὴ
1641 4765 1732 4818 καὶ
1768 4766 1929 4817 αὑτὸν

318 4861 412 4914 τὸν
441 4859 699 4912 τεθνῶτα
721 4858 746 4897 ά
779 4857 1176 4929 ζωοποιηθῆναι
1221 4855 1521 4926 Πνεῦματι,
1559 4857 1616 4907 ἐν
1652 4849 1733 4918 οἷς
1764 4872 1928 4925 φησιν

323 4955 378 5004 ἐν
411 4952 496 5022 τῷ
528 4950 743 5022 πρώτῳ
774 4951 950 5022 τόμῳ⁸
986 4951 1049 5003 Et
1077 4949 1254 5002 τοίνυν
1284 4948 1345 5000 οὐ
1379 4947 1615 5000 πέπονθε
1645 4947 1706 4998 τὸ
1739 4946 1929 4998 τεθνά-

321 5060 408 5097 ναι
447 5043 740 5114 σαρκικῶς
787 5043 926 5096 κατὰ
961 5043 1060 5106 τὰς
1109 5041 1368 5112 Γραφάςν
1416 5039 1537 5092 οὐδὲ
1583 5037 1924 5108 ὲξωοποιήθη

318 5132 642 5200 Πνεύματι.
692 5131 925 5183 Σκοπεῖν
964 5131 1020 5184 δὲ
1061 5130 1139 5183 δεῖ
1171 5130 1270 5198 τὴν
1315 5126 1506 5180 ἐαυτοῦ
1561 5127 1696 5199 πρὸς
1732 5127 1923 5179 ἐαυτὸν

315 5225 714 5294 ἐναντιότητα,
741 5225 799 5276 ἐν
833 5225 929 5294 μὲν
958 5226 1068 5285 τοῖς
1099 5221 1568 5291 ἁναθεματισμοῖς
1599 5218 1764 5270 αὑτοῦ
1822 5219 1922 5270 ἀπο

317 5317 741 5384 ἀγορεύσαντος
769 5316 860 5368 τὸν
890 5316 1092 5386 Κύριον
1110 5315 1167 5366 ἐν
1199 5309 1630 5382 ΠνεύματιΘεοῦ
1663 5309 1923 5380 δαίμονας

317 5408 645 5471 ἐκϐάλλειν,
686 5410 781 5460 καὶ
813 5409 881 5461 τὰ
917 5407 1063 5462 ’ἄλλα
1117 5407 1321 5477 σημεῖα
1361 5404 1561 5466 ποιεῖν,
1607 5402 1698 5456 καὶ
1732 5402 1830 5471 τὴν
1867 5403 1923 5452 ἐν

316 5501 440 5560 τοῖς
474 5499 831 5566 Εὖαγγελίοις
861 5497 1124 5568 κειμένην
1152 5497 1429 5566 ἔγγραφον
1459 5492 1553 5544 τοῦ
1582 5491 1785 5562 Κυρίου
1814 5510 1924 5560 (pto-

2032 5028 2326 5086 carnaliter
2387 5023 2682 5079 secundum
2733 5019 3070 5088 Scripturas,
3123 5032 3226 5070 non
3277 5018 3404 5072 item
3440 5018 3612 5072 viviﬁ-

2032 5133 2187 5176 catus
2216 5128 2298 5173 est
2335 5115 2562 5184 Spiritu.
2592 5112 2691 5166 llic
2715 5110 2903 5164 videre
2949 5108 3100 5172 licet,
3142 5119 3401 5176 quantum
3431 5123 3610 5162 secum

2035 5215 2149 5283 ipse
2211 5217 2435 5279 pugnet,
2469 5221 2591 5260 cum
2625 5204 2679 5258 in
2716 5200 3190 5256 anatliematistuis
3245 5200 3474 5267 negarit,
3512 5199 3610 5252 Uo-

2033 5307 2238 5357 minum
2293 5301 2346 5355 iu
2386 5299 2592 5369 Spiritu
2647 5296 2922 5351 daemones
2974 5293 3192 5358 ejicere,
3240 5301 3291 5344 et
3325 5291 3424 5343 alia
3461 5295 3610 5360 signa

2034 5395 2234 5456 facere,
2277 5403 2333 5446 ct
2395 5391 2652 5459 scriptam
2708 5387 2763 5441 in
2806 5385 3114 5455 Evangeliis
3160 5398 3344 5436 vocem
3403 5381 3611 5437 Domini

2033 5485 2351 5554 cxploserit,
2399 5481 2663 5537 dicentis:
2698 5498 2716 5532 t
2750 5479 2807 5533 Si
2840 5488 3020 5532 autem
3053 5477 3103 5530 in
3145 5475 3350 5545 Spiritu
3386 5474 3476 5529 Dei
3513 5492 3611 5545 ego

1426 5671 1596 5726 Varia:
1627 5668 1888 5725 lectiones
1928 5683 1992 5720 cx
2025 5666 2209 5720 codice
2247 5663 2622 5733 Seguieriauo.

336 5848 362 5874 ³
397 5836 484 5892 τσ.
521 5837 675 5908 παρά
699 5853 812 5888 του.
895 5842 920 5882 ῐ
955 5831 1220 5900 σοφίζετε.
1323 5839 1342 5865 ι
1381 5844 1575 5898 προσκ.
1622 5825 1736 5880 καί.
1815 5837 1839 5866 ι
1875 5821 2206 5888 δεδοξάσθαι.
2285 5819 2312 5860 b
2344 5817 2411 5871 δι’
2446 5817 2629 5873 αὑτοῦ.
2709 5826 2731 5856 ο
2765 5816 2850 5870 Io’.
2886 5816 3011 5872 τῶν.
3055 5811 3082 5852 ά
3111 5811 3274 5868 αὐτὸν
3313 5808 3605 5866 τεθνεῶτα.
