4058 6430
422 456 557 512 Ἠθτ

1412 448 1469 504 S.
1510 444 1785 502 CYRILLI
1826 439 2290 498 ALEXANDRINI
2334 436 2649 493 ARCHIEP.

3538 381 3696 476 nos

418 561 1092 634 perierunt,turpibusque
1138 557 1424 614 desideriis
1482 557 1907 616 succubuerunt,
1942 561 1996 606 et

2125 571 2198 605 ταν
2244 553 2456 616 αὐταῖς,
2511 549 2604 603 καὶ
2643 547 2896 616 γεγόνασι
2947 544 3141 614 ἥττους
3186 537 3428 608 αἰσχρῶν
3479 535 3676 590 ἐπιθυ-

417 657 482 707 ad
551 653 763 707 illarum
809 665 988 705 mores
1046 649 1407 705 desciverunt.
1446 647 1757 717 Indignatus
1813 657 1993 699 autem

419 746 582 806 Deus,
614 742 790 797 effecit
834 750 900 795 ut
951 741 1205 796 mulieres
1250 739 1412 813 385
1457 740 1524 792 ab
1547 740 1625 792 eis
1656 747 1887 808 accepta:
1911 737 2002 790 de—

420 835 612 888 formia
667 842 910 888 monstra
963 839 1404 902 parerent;quaa
1431 838 1488 885 et
1529 829 1772 899 gigantes
1829 825 2002 880 nomi-

418 935 636 988 narunt,
673 926 740 979 ob
773 939 980 978 morum
1009 923 1200 992 quibus
1235 921 1441 990 praediti
1465 929 1625 975 erant
1649 919 2000 988 asperitatem

417 1025 472 1069 et
503 1015 914 1084 turpitudinem,
961 1012 1464 1082 implacabilemque
1508 1009 1872 1066 ferocitatem.
1901 1007 2003 1074 Qui

420 1107 606 1177 itaque
641 1117 760 1177 post
788 1105 1136 1178 Septuaginta
1189 1103 1535 1168 exstiterunt,
1577 1110 1813 1172 quatuor
1838 1100 2006 1154 inter-

422 1209 624 1267 proles,
681 1199 823 1252 hunc
866 1195 1043 1250 locum
1090 1192 1444 1264 explicantes,
1479 1207 1583 1246 non
1623 1191 1998 1259 scripserunt-'

419 1289 541 1343 Filii
573 1289 662 1342 Dei
702 1288 945 1341 videntes
995 1284 1134 1339 tilias
1186 1283 1466 1338 hominum
1505 1297 1519 1333 :
1573 1281 1666 1336 sed
1692 1280 1744 1334 lii
1764 1277 2004 1347 quidem,

421 1377 1014 1439 Ριιὶῑδυναστευόντων,
1047 1375 1099 1429 id
1137 1383 1240 1439 est,
1279 1373 1691 1444 praepotentium
1722 1369 1815 1438 ;hi
1859 1382 2005 1433 vero,

424 1470 540 1524 Filii
590 1469 886 1532 δυναστῶν,
941 1469 1044 1521 hoc
1094 1476 1200 1529 est,
1251 1465 1602 1535 dynastaer
1654 1463 1769 1518 sive
1805 1459 2011 1530 princi-

425 1576 568 1628 pum.
605 1559 840 1614 Stultum
865 1566 1043 1610 autem
1067 1565 1150 1610 est
1172 1555 1508 1621 existimare,
1539 1554 1811 1607 daemones
1833 1551 2010 1605 ineor-

425 1665 616 1720 porcos
645 1649 889 1716 corporis
911 1647 1088 1704 munia
1117 1646 1342 1715 exsequi
1372 1661 1550 1713 posse,
1581 1642 1833 1716 quodque
1857 1655 1885 1694 a
1912 1655 2010 1694 na-

428 1753 547 1796 tura
583 1758 676 1796 sua
721 1740 954 1794 alienum
976 1748 1058 1792 est
1089 1735 1522 1802 eﬂicere.Ncque
1546 1735 1687 1788 enim
1715 1732 2008 1801 quidquam

427 1848 613 1886 eorum
650 1847 768 1900 qua:
791 1831 842 1884 in
883 1845 1064 1884 rerum
1099 1838 1292 1881 natura
1319 1827 1611 1890 exsistunt,
1640 1822 1843 1892 aliquid
1876 1836 2011 1890 pra:-

2103 643 2266 715 μιῶν,
2301 643 2393 694 καὶ
2428 644 2507 704 είς
2546 641 2614 694 τά
2649 639 2872 692 ἐκείνων
2903 636 3008 706 ἤθη
3041 632 3480 703 μετετράπησαν.
3519 627 3678 695 Ἀγα-

2101 734 2380 803 νακτήσας
2430 733 2484 784 δὲ
2521 732 2550 782 ό
2597 729 2750 792 Θεὸς,
2791 723 3180 796 παρεσκεύασε
3226 719 3324 781 τὰς
3368 716 3678 788 αἱρεθείσας

2103 825 2371 892 γυναῖκας
2406 822 2537 890 παρ’
2597 818 2776 872 αὐτῶν
2813 814 3031 884 δυσειδῆ
3079 815 3284 866 τίκτειν
3330 809 3551 878 τέρατα.
3585 805 3683 868 οὓς

2105 915 2198 966 καὶ
2254 912 2483 965 ἐκάλουν
2531 911 2816 978 γίγαντας,
2850 907 2940 960 διὰ
2982 904 3043 956 τὸ
3075 899 3312 970 εἰδεχθὲς
3353 898 3447 950 καὶ
3475 894 3682 964 ἀπηνὲς

2105 1003 2212 1055 τῶν
2238 1002 2476 1072 τρόπων,
2527 999 2622 1052 καὶ
2650 997 2712 1050 τὺ
2756 995 3034 1068 ἀνήμερον
3081 991 3301 1064 θράσος.
3332 987 3444 1041 Καὶ
3470 985 3601 1053 γοῦν
3633 984 3681 1035 οί

2105 1092 2248 1160 μετὰ
2279 1092 2405 1153 τούς
2443 1089 2848 1156 Ἐὃδομήκοντα
2881 1081 3168 1152 γεγονότες
3196 1075 3530 1147 ὲρμηνευταὶ
3557 1073 3684 1125 τέσ-

2112 1201 2295 1255 σαρες,
2318 1183 2388 1235 τά
2427 1180 2557 1251 περὶ
2589 1178 2777 1232 τοῦτον
2810 1177 2902 1229 τὸν
2934 1175 3096 1227 τόπον
3137 1169 3457 1230 ἐκδιδόντες,
3489 1165 3548 1219 οὐ
3592 1178 3685 1230 γε-

2106 1253 2382 1351 γράφασιν
2394 1275 2475 1327 ὃτι
2507 1290 2525 1324 ι
2555 1272 2617 1324 Oi
2647 1270 2752 1322 υίοὶ
2777 1267 2870 1320 τοῦ
2891 1263 3027 1318 Θεοῦ
3043 1263 3240 1323 ἰδόντες
3269 1253 3688 1324 τάςιθυγατέρας

2107 1346 2216 1421 τῶν
2234 1367 2328 1421 ἀνο
2337 1365 2557 1436 ρώπων,
2571 1382 2587 1413 ι
2605 1361 2721 1416 ἀλλ’
2745 1363 2792 1413 οί
2812 1359 2932 1430 μὲν,
2967 1375 2984 1408 ι
3014 1355 3136 1408 Υίοὶ
3157 1351 3266 1405 τῶν
3281 1346 3689 1436 δυναστευόνέ

2110 1477 2247 1525 των,
2288 1478 2306 1510 ι
2336 1458 2482 1519 οἶδὲ,
2517 1473 2534 1505 ι
2579 1454 2697 1507 Υἱοὶ
2723 1451 2834 1511 τῶν
2859 1444 3196 1503 δυναστῶν.
3245 1462 3264 1494 ι
3330 1439 3610 1494 ’Δσύνετον
3629 1435 3688 1488 δὲ

2110 1552 2316 1608 οἴεσθαι
2363 1550 2486 1611 τοὺς
2499 1545 2821 1616 ἀσωμάτους
2838 1540 3097 1611 δαίμονας
3121 1534 3377 1589 δύνασθαι
3401 1531 3469 1582 τὰ
3499 1528 3688 1597 σωμά-

2113 1663 2220 1700 των
2256 1643 2516 1714 ὲνεργεῖν,
2567 1637 2661 1691 καὶ
2697 1634 2757 1688 τὸ
2807 1630 2958 1702 παρά
2993 1627 3154 1698 φύσιν
3215 1624 3350 1678 ἰδίαν
3400 1617 3687 1672 ἐπιτελεῖν.

2119 1738 2283 1790 Οὐδὲν
2298 1707 2408 1804 γάρ
2427 1731 2533 1784 τῶν
2556 1728 2722 1781 ὄντων
2739 1726 2959 1779 δύναται
2974 1721 3032 1774 τὸ
3050 1717 3200 1787 παρὰ
3221 1715 3380 1784 φύσιν
3392 1712 3544 1782 δρᾷν,
3574 1707 3690 1762 ἀλλ’

2117 1830 2344 1883 ἕκαστον
2385 1825 2460 1886 ὡς
2505 1820 2749 1890 γέγονεν,
2789 1815 2932 1868 οὔτω
2975 1811 3162 1882 μένει,
3208 1806 3361 1872 τάξιν
3407 1801 3692 1872 ὁρίσαντος

428 1934 512 1978 ter
540 1938 693 1977 suam
718 1931 969 1976 naturam
1019 1930 1278 1988 prmstare
1310 1926 1506 1986 potest,
1533 1915 1624 1968 sed
1681 1908 2018 1979 unumquod-

2125 1921 2338 1986 ἑκάστῳ
2362 1915 2495 1969 Θεοῦ
2515 1930 2528 1943 ·
2557 1911 2719 1974 αὐτὸς
2745 1909 2852 1980 γάρ
2875 1908 2988 1958 ἐστι
3018 1907 3046 1959 ὁ
3074 1903 3287 1956 πάντων
3312 1891 3695 1966 γενεσιουργδς

428 2028 534 2080 que
572 2023 630 2066 ut
693 2012 890 2065 factum
925 2020 1031 2073 εει,
1069 2010 1140 2062 ita
1190 2016 1567 2072 manet,suum
1600 2004 1794 2072 cuique
1823 2013 2020 2055 munus

430 2105 812 2172 praescribente
849 2102 974 2155 Deo.
1001 2099 1117 2170 lpse
1159 2099 1303 2152 enim
1339 2105 1421 2150 est
1452 2104 1640 2150 auctor
1666 2110 1729 2150 ac
1758 2091 2018 2147 Dominus

427 2194 668 2246 omnium
723 2201 894 2256 ortus,
927 2191 1078 2257 cujus
1157 2200 1285 2243 nutu
1341 2199 1504 2256 atque
1566 2185 1792 2239 arbitrio
1823 2197 2018 2235 unum-

431 2289 682 2355 quodque
741 2299 927 2339 eorum
980 2298 1099 2354 qua:
1131 2289 1277 2345 snnl,
1307 2289 1390 2335 est
1424 2280 1475 2331 id
1512 2277 1653 2347 quod
1687 2284 1790 2329 est.
1824 2272 2016 2326 Scien-

431 2379 556 2431 dum
580 2391 707 2430 vero
724 2386 805 2441 est
833 2376 996 2429 etiam
1016 2375 1116 2428 hoc
1137 2373 1407 2442 :quzedam
1431 2367 1758 2436 exemplaria
1782 2365 2016 2418 habere:

437 2488 454 2520 ι
526 2468 782 2522 \lideutcs
848 2465 1020 2534 angeli
1096 2464 1186 2517 Dci
1246 2462 1383 2516 lilias
1454 2460 1752 2514 hominum.
1817 2474 1836 2506 ι
1891 2454 2019 2507 [lare

432 2568 610 2612 autem
643 2557 921 2612 aduotatio
966 2564 1068 2617 est,
1111 2556 1174 2607 ad
1208 2552 1537 2608 exteriorem
1569 2549 1869 2615 marginem
1921 2559 2017 2612 po-

434 2649 559 2702 sita.
587 2645 723 2700 Vera
767 2657 946 2700 autem
981 2660 1043 2698 ac
1093 2643 1327 2713 genuina
1367 2641 1523 2700 lectio
1571 2649 1676 2703 est,
1712 2656 1729 2689 ι
1765 2634 2021 2691 Videntes

436 2739 531 2792 ﬁlii
562 2740 657 2802 Dei
695 2739 833 2794 tilias
861 2735 1163 2792 hominum.
1194 2753 1213 2785 ι

1008 2847 1235 2905 CAPUT
1260 2846 1445 2903 XVIII.

441 2970 705 3022 Adversus
737 2966 991 3027 dicentes,
1021 2960 1221 3014 Filium
1247 2961 1480 3030 quidem,
1509 2959 1684 3030 quoad
1708 2957 2020 3030 dignitatem

508 3039 825 3100 divinitatis,
855 3034 1090 3102 adfuisse
1127 3028 1278 3084 Patri
1311 3031 1518 3102 quando
1545 3028 1716 3097 factus
1737 3039 1812 3082 est
1841 3029 2020 3090 homo,

503 3120 552 3162 et
591 3117 703 3160 erat
734 3109 787 3159 in
829 3101 982 3160 terris
1018 3120 1034 3156 :
1071 3107 1358 3156 secundum
1408 3101 1728 3169 hyportasim
1759 3113 1899 3164 vero,
1932 3113 2022 3149 ne-

510 3193 797 3248 quaquam.

2121 2013 2216 2068 καὶ
2243 2012 2460 2081 Κύριος,
2485 2000 2548 2060 οὐ
2576 2007 2686 2066 τοῖς
2713 2002 2943 2071 νεύμασι
2967 1999 3196 2051 ἕκαστον
3223 1990 3331 2046 τῶν
3357 1989 3524 2042 ὀντων
3547 1984 3697 2039 ἐστὶν

2120 2104 2148 2155 ὅ
2175 2072 2343 2153 ὲστινί
2383 2095 2578 2149 ἰστέον
2601 2093 2656 2145 δὲ
2690 2091 2826 2161 πρὸς
2857 2088 3016 2141 τοῦτο
3046 2084 3267 2138 κάκεῖνο
3285 2097 3298 2108 '
3328 2079 3439 2148 ἔχει
3466 2075 3561 2146 μὲν
3585 2072 3696 2142 γάρ

2120 2210 2240 2246 τινα
2273 2191 2379 2244 τῶν
2416 2186 2787 2257 ἀντιγράφων,
2819 2183 2901 2236 δτι
2941 2198 2958 2230 ι
2990 2177 3213 2240 ’ἰδόντες
3241 2174 3290 2227 oi
3335 2168 3557 2238 ἄγγελοι
3601 2163 3696 2257 τοῦ

2120 2285 2255 2338 Θεοῦ
2293 2285 2390 2346 τὰς
2426 2255 2734 2348 θυγατέρας
2781 2274 2888 2326 τῶν
2941 2268 3262 2341 ἀνθρώπων.
3295 2283 3313 2316 ›
3349 2255 3698 2332 Παραγραφὴ

2119 2378 2176 2431 δέ
2212 2379 2359 2428 ἐστιν
2403 2372 2601 2436 ἔξωθεν
2652 2367 2942 2438 τιθεμένη·
2988 2363 3050 2416 τὸ
3097 2362 3204 2432 γὰρ
3255 2355 3453 2427 ἀληθές
3506 2355 3694 2413 ἐστιν,

2129 2488 2145 2520 ι
2187 2468 2406 2527 Ἰδόντες
2435 2465 2483 2518 oi
2532 2463 2637 2515 ulc".
2684 2459 2776 2514 τοῦ
2812 2454 2948 2512 Θεοῦ
2987 2453 3086 2518 τάς
3115 2447 3418 2520 θυγατέρας
3460 2443 3584 2511 τῶν
3605 2442 3701 2495 άνη

2123 2556 2376 2628 θρώπων.
2417 2576 2434 2607 ι

2716 2840 2967 2895 ΚΕΦΛΛ.
3003 2840 3111 2892 IH'.

2125 2963 2281 3033 Πρὸς
2337 2960 2479 3033 τοὺς
2516 2958 2828 3033 λέγοντας,
2874 2955 2959 3007 ὅτι
3000 2954 3034 3031 (ξ
3065 2948 3221 3026 Υἱὸς,
3245 2943 3412 3033 ἔαεᾲὶ
3429 2941 3571 3033 ,αξξ
3590 2937 3710 3033 si}!

2195 3009 2837 3097 ὶῑέίαῖὲῆςᾜὲδξὴτόξ
2877 3020 3082 3097 σρνῇνξ
3113 3009 3200 3097 τιῖξ⁴
3236 3009 3708 3097 "array-arare-

2411 3081 2743 3171 dr'bpturroc‘,
2773 3081 2868 3148 καὶ
2897 3091 2974 3164 ἦν
2991 3081 3087 3144 ἐπὶ
3124 3081 3259 3158 γῆς’
3286 3085 3415 3139 καθ’
3438 3081 3709 3138 ὑπόστα-

2199 3170 2305 3228 σιν
2341 3171 2426 3234 δὲ,
2457 3173 2568 3222 οὐκ
2601 3170 2710 3222 ἐτι.

511 3291 686 3347 Audio
729 3289 991 3362 quosdam
1045 3285 1334 3341 temerarie
1377 3293 1540 3353 atque
1613 3281 2022 3337 inconsiderate

2198 3283 2472 3340 Μανθάνω
2516 3279 2667 3342 τινὰς
2715 3277 2836 3348 είκῆ
2887 3275 2980 3328 καὶ
3026 3268 3447 3342 ἀπερισκέπτως
3490 3264 3584 3318 καὶ
3616 3262 3712 3315 ἐπὶ

441 3385 604 3440 etiam
633 3383 686 3437 in
723 3382 932 3451 magnis
962 3378 1205 3448 adeoque
1233 3376 1488 3446 gravibus
1519 3374 1680 3429 rebus
1735 3381 2023 3442 nugantes,

443 3472 752 3541 huiusmodi
791 3469 1063 3539 quidpiam
1098 3480 1383 3521 asserere:
1411 3463 1749 3533 unigenitum
1798 3459 1892 3513 Dei
1933 3459 2027 3513 Fi-

444 3566 575 3618 lium
609 3563 764 3630 juxta
795 3561 1113 3627 dignitatem
1142 3555 1359 3624 quidem
1402 3554 1620 3608 deitatis
1647 3561 1807 3618 atque
1840 3565 2024 3628 esseu-

450 3659 558 3723 tim,
592 3654 833 3709 adfuisse
869 3650 1038 3715 Patri,
1076 3649 1291 3718 quando
1330 3648 1383 3702 in
1422 3646 1582 3700 terris
1635 3646 1766 3715 egit,
1796 3658 2029 3713 cumque

448 3749 757 3804 hominibus
811 3751 1060 3798 versatus
1109 3749 1228 3805 est,
1262 3741 1458 3810 quippe
1507 3740 1597 3806 qui
1655 3737 2031 3792 coessentialis

446 3841 595 3894 Patri
623 3840 727 3893 sit:
758 3839 1110 3908 liypostaseos
1168 3844 1348 3887 autem
1403 3830 1628 3896 ratione,
1667 3844 2028 3898 nequaquam.

449 3929 736 3984 Exiuauita
780 3928 923 3982 enim
978 3936 1083 3989 est,
1112 3934 1170 3976 ut
1221 3922 1318 3992 ipsi
1381 3922 1585 3985 dicunt,
1614 3921 1791 3974 omnis
1851 3917 2030 3971 lilialis

452 4022 760 4093 liypostasis
813 4034 879 4074 ex
932 4017 1090 4083 coelo,
1146 4024 1200 4070 et
1244 4029 1311 4070 ex
1369 4023 1596 4083 paterno
1651 4012 1794 4065 sinu.
1847 4007 2032 4078 Neque

451 4115 594 4170 enim
627 4111 923 4181 copulauda
953 4120 1036 4163 est
1073 4104 1378 4177 liypostasis
1421 4103 1716 4174 hypostasi,
1750 4114 1924 4168 neque
1955 4115 2033 4154 ea:

452 4219 572 4272 quae
596 4202 650 4256 in
689 4216 794 4255 una
824 4199 1122 4265 eademque
1152 4194 1386 4249 essentia
1426 4193 1714 4247 exsistunt.
1757 4189 1868 4258 Ego
1904 4202 2033 4241 vero

455 4295 786 4366 praecipitem
837 4291 1051 4344 illorum
1082 4288 1174 4358 qui
1220 4288 1294 4341 ita
1329 4287 1570 4340 sentiunt
1619 4283 1892 4337 inscitiam
1939 4282 2034 4336 ad-

458 4388 703 4450 miratus,
729 4385 829 4438 hoc
859 4380 1167 4436 necessario
1196 4378 1484 4433 dicendum
1529 4375 1857 4439 existimavi,
1890 4375 2034 4443 quod

454 4479 705 4536 essentia:
737 4476 826 4534 Dei
857 4472 1130 4544 quantitas
1158 4471 1224 4526 ab
1267 4471 1397 4540 ipsis
1420 4467 1753 4531 attribuitur,
1783 4466 2036 4536 quodque

455 4566 1001 4638 comprehcnsibilem
1033 4579 1097 4619 ac
1143 4563 1484 4618 terminatam
1540 4575 1660 4614 eam
1692 4566 1958 4623 statuunt,
1982 4568 2037 4612 et

458 4678 563 4716 non
596 4660 830 4732 amplius
881 4659 993 4729 jam
1050 4657 1476 4719 interminatam,
1513 4667 1686 4723 neque
1732 4653 2039 4719 incompre-

459 4758 796 4819 hensibilcm,
824 4756 919 4811 sed
935 4755 1182 4824 quaajam
1219 4752 1352 4808 locis
1377 4749 1781 4820 comprehendi,
1797 4747 1963 4820 386
1984 4757 2039 4803 et

459 4849 656 4918 spatiis
703 4845 1079 4902 circumscribi
1129 4846 1318 4914 possit.
1374 4840 1502 4897 limo
1559 4857 1688 4897 vero
1748 4855 2036 4909 corporum

463 4940 764 4994 rationibus
804 4939 1163 5002 conveniunt;
1201 4937 1453 5007 quocirca
1502 4949 1700 5004 corpus
1729 4935 1893 4989 etiam
1911 4933 2036 4999 erit,

462 5031 686 5087 oumiuo
719 5043 898 5086 autem
932 5031 1096 5086 etiam
1153 5029 1324 5084 forma
1362 5028 1669 5097 praeditum,
1698 5040 1872 5096 neque
1915 5025 2041 5078 abs-

462 5139 568 5194 que
601 5138 868 5192 corpore;
899 5122 1028 5177 talia
1073 5121 1217 5176 enim
1255 5119 1574 5190 corporibus
1601 5118 2040 5175 eonveniunt.At

465 5216 738 5281 quomodo
773 5214 1019 5272 Salvator
1063 5210 1262 5280 inquit,
1318 5229 1336 5262 ι
1387 5211 1529 5266 Deus
1575 5211 1808 5281 Spiritus
1846 5210 1960 5265 est?
2015 5228 2033 5260 ι

468 5308 732 5378 Spiritum
753 5306 898 5365 enim
931 5305 1106 5373 ipsum
1136 5318 1258 5359 esse
1281 5303 1430 5369 dicit,
1467 5314 1524 5358 ut
1545 5305 1864 5358 immensam
1895 5302 2037 5356 illam

468 5398 905 5467 incliabileaique
953 5406 1200 5450 naturam
1259 5409 1288 5448 a
1334 5409 1594 5462 corporea
1660 5395 2046 5463 imaginatione

469 5491 694 5544 eximat.
723 5489 914 5542 Annon
946 5501 1076 5542 vero
1107 5486 1174 5540 iis
1199 5486 1290 5555 qui
1326 5484 1693 5552 hujuscemodi
1739 5485 2040 5552 divulgant,

473 5589 565 5631 aut
617 5579 821 5639 sentire
869 5578 1086 5644 audent,
1123 5578 1315 5631 merito
1353 5575 1474 5645 quis
1524 5574 1758 5628 dixerit:
1789 5591 1806 5625 ι
1841 5573 2048 5631 Justiti-

477 5679 593 5722 oata
624 5677 705 5721 cst
727 5684 790 5722 ex
827 5679 876 5724 te
908 5670 1144 5726 Sodoma
1169 5670 1254 5725 εισι
1279 5689 1296 5721 ι
1338 5666 1579 5724 Gentiles
1607 5667 1748 5722 enim
1779 5667 2022 5736 sapiente

2156 5667 2286 5738 παρ’
2318 5665 2545 5735 Ἕλλησι
2586 5662 2740 5732 σοφοὶ
2760 5659 2820 5713 τὸ
2839 5659 2993 5712 Θείον
3019 5653 3312 5725 ἀσώματον
3343 5650 3436 5704 καὶ
3467 5647 3729 5715 ἀνείδεον,
3818 5692 3828 5702 .

554 5843 595 5890 ιδ
623 5844 816 5908 Ezccli.
857 5863 964 5915 xu,
1002 5849 1094 5912 5‘2.

2126 3377 2240 3438 τοῖς
2272 3372 2530 3444 μεγάλοις
2567 3370 2664 3424 καὶ
2705 3366 3028 3432 ἀναγκαίοις
3054 3361 3198 3416 οὕτω
3227 3358 3548 3430 πράγμασιν
3583 3353 3714 3405 sim-

2131 3443 2291 3530 θότας
2320 3465 2642 3534 φληναφεῖν,
2683 3461 2848 3529 φάναι
2883 3475 2936 3510 τι
2959 3455 3219 3517 τοιοῦτον,
3248 3452 3324 3514 ὡς
3355 3451 3384 3503 ό
3420 3443 3730 3517 μονογενὴς-

2130 3559 2225 3613 τοῦ
2251 3557 2388 3612 Θεοῦ
2428 3556 2577 3621 Υἱὸς,
2605 3552 2749 3606 κατά
2772 3551 2870 3622 μὲν
2891 3549 2990 3619 τὴν
3032 3545 3188 3609 ἀξίαν
3212 3543 3311 3611 τῆς
3341 3540 3592 3608 θεότητος
3620 3535 3715 3588 καὶ

2132 3652 2344 3714 οὐσίας,
2367 3649 2532 3719 συνῆν
2555 3645 2632 3716 τῷ
2662 3643 2856 3715 Πατρι,
2885 3639 3050 3711 ἡνίκα
3089 3638 3181 3690 ἐπὶ
3215 3635 3318 3705 γῆς
3351 3629 3712 3719 ἐχρημάτισε,

2132 3745 2228 3797 καὶ
2269 3743 2380 3803 τοῖς
2431 3717 2738 3808 ἀνθρώποις
2778 3728 3260 3801 συνανεστρέφετο,
3311 3723 3388 3786 ὡς
3430 3717 3712 3791 ὁμοούσιος

2132 3833 2207 3886 ὢν
2249 3831 2427 3902 αὐτῷ·
2469 3805 2608 3881 κατὰ
2649 3827 2707 3879 δὲ
2742 3826 2833 3879 τὸν
2867 3823 2966 3893 τῆς
3021 3817 3372 3877 ὑποστάσεως
3405 3812 3580 3878 λόγον,
3606 3805 3708 3858 οὐκ

2133 3928 2234 3980 ἔτι.
2267 3897 2550 3978 Κεκένωτο
2575 3922 2681 3993 γὰρ
2715 3921 2887 3982 πᾶσα,
2920 3915 2996 3978 ὡς
3023 3910 3174 3968 αὐτοί
3206 3925 3361 3978 φασι,
3384 3904 3478 3958 καὶ
3502 3897 3711 3967 υίοτικὴ

2136 4019 2435 4078 ὑπόστασις
2469 4015 2534 4068 ἐκ
2565 4031 2626 4066 τε
2661 4013 2772 4064 τῶν
2815 4005 3081 4080 οὐρανῶν,
3112 4002 3206 4056 καὶ
3246 3993 3565 4066 αὐτῶντῶν
3606 4006 3712 4042 πα-

2133 4110 2338 4183 τρικῶν
2385 4106 2602 4162 κόλπων
2629 4122 2642 4136 ·
2695 4103 2757 4156 οὐ
2792 4101 2900 4170 γάρ
2955 4094 3256 4150 συναπτέον
3303 4090 3600 4143 ὑπόστασιν
3646 4084 3719 4153 τῇ

2138 4173 2455 4261 ὑποστάσει,
2485 4195 2608 4249 οὗτε
2639 4194 2737 4257 τὰς
2761 4195 2817 4245 ὲν
2849 4192 2946 4262 μιᾷ
2975 4187 3134 4257 οὐσία
3161 4180 3530 4253 ὑπαρχούσας.
3574 4173 3719 4243 Ἐγὼ

2135 4295 2193 4347 δὲ
2227 4293 2287 4345 τὸ
2316 4292 2413 4360 τῆς
2449 4287 2687 4359 ἀμαθίας
2730 4281 3002 4355 προπετὲς
3029 4277 3136 4332 τῶν
3173 4274 3344 4329 ταῦτα
3379 4266 3720 4340 πεφρονηκό-

2137 4400 2246 4438 των
2271 4359 2580 4450 θαυμάσας,
2604 4377 2713 4430 δεῖν
2737 4373 2925 4446 ᾠήθην
2963 4366 3277 4438 ἀναγκαίως
3313 4364 3488 4416 ἐκεῖνο
3521 4359 3719 4450 ίπεῖνᾼ,

2139 4478 2221 4530 ὅτι
2263 4473 2394 4543 παρ’
2426 4471 2608 4532 αὐτοῖς
2653 4470 2684 4537 ἡ
2734 4464 2892 4519 οὐσία
2932 4461 3250 4516 πεπόσωται
3293 4454 3388 4509 τοῦ
3426 4449 3584 4515 Θεοῦ,
3625 4447 3722 4502 καὶ

2071 4601 2114 4656 D
2142 4541 2498 4635 καταληπτὴν
2552 4559 2722 4629 αὐτὴν
2771 4554 2910 4610 εἶναί
2949 4570 3081 4623 φασι
3111 4550 3208 4604 καὶ
3251 4541 3721 4656 πεπερατρομένην

2143 4657 2240 4710 καὶ
2291 4634 2392 4708 οὐκ
2444 4653 2524 4706 ἔτι
2558 4651 2658 4721 μὲν
2692 4647 3105 4718 άπεριόριστον,
3151 4639 3273 4693 οὐδὲ
3312 4634 3720 4704 ἀκατάληπτον,

2145 4749 2260 4804 ἀλλ’
2287 4749 2386 4819 ἥδη
2418 4745 2512 4800 καὶ
2553 4743 2740 4803 τόποις
2761 4738 3038 4811 χωρητὴν,
3067 4734 3162 4788 καὶ
3201 4729 3535 4800 διαστήμασι
3555 4739 3724 4819 περι-

2145 4814 2384 4913 ληπτην.
2413 4835 2600 4890 Ταῦτα
2627 4833 2685 4886 δὲ
2721 4834 2835 4894 τοῖς
2869 4829 2976 4883 τῶν
3017 4825 3284 4896 σωμάτων
3323 4821 3501 4889 λόγοις
3542 4814 3724 4886 ἁρμόρ

2147 4907 2231 5000 ζει
2252 4950 2266 4964 ο
2301 4907 2497 4984 οὐκοῦν
2532 4923 2826 4994 καὶσῶμα,
2860 4920 3078 4992 πάντως
3109 4915 3167 4970 δέ
3201 4931 3302 4968 που
3336 4911 3430 4966 καὶ
3464 4911 3522 5000 ὲν
3564 4907 3722 4970 εῖδει,

2147 4998 2242 5080 καί
2277 5024 2337 5078 οὐ
2382 5023 2507 5092 δίχα
2558 5018 2841 5088 σώματος·
2877 5015 3069 5068 ἕπεται
3115 5008 3224 5078 γάρ
3271 5005 3342 5060 τά
3386 4999 3564 5092 τοιάδε
3595 4998 3724 5092 *τοῖς

2150 5089 2552 5185 σώμασινΕίτα
2573 5109 2688 5171 πῶς
2704 5109 2732 5160 ὁ
2747 5105 2959 5176 Σωτὴρ,
2979 5121 2996 5153 ι
3020 5099 3266 5168 Πνεῦμα,
3286 5094 3440 5166 φησι,
3456 5094 3484 5145 ὁ
3507 5089 3670 5152 Θεός;
3700 5105 3717 5136 ι

2150 5173 2375 5275 Πνεῦμα
2405 5201 2514 5272 γάρ
2543 5200 2675 5254 αὐτὸ
2710 5193 2848 5252 εἷναί
2868 5173 3024 5264 φησι,
3058 5192 3147 5244 ἵνα
3187 5187 3507 5259 σωματικῆς
3541 5183 3727 5275 ἀγάγῃ
3833 5173 3838 5178 ’

2149 5274 2450 5367 φαντασίας
2483 5293 2588 5360 ἔξω
2615 5290 2714 5361 τὴν
2751 5287 3008 5360 ὑπερφυᾶ
3054 5283 3147 5338 καὶ
3188 5281 3499 5351 ἀπόρρητον
3541 5274 3724 5367 φύσιν.

2147 5365 2274 5459 ἱΑρ⁹
2302 5389 2402 5441 οὐκ
2435 5386 2500 5439 ἄν
2531 5402 2615 5448 τις
2654 5384 2784 5452 εἴπῃ
2813 5378 3032 5440 δικαίως
3067 5377 3178 5437 τοῖς
3201 5372 3270 5426 τά
3298 5369 3473 5424 τοιάδε
3505 5365 3729 5436 τεθρυλ-

2150 5455 2394 5550 ληκόσιν,
2427 5479 2459 5549 ἢ
2504 5472 2886 5544 κατατολμῶσι
2933 5469 3177 5540 φρονεῖν·
3227 5483 3246 5516 ι
3277 5459 3602 5526 Ἐδικαιώθη
3631 5455 3729 5509 Σό-

2152 5574 2294 5642 δομα.
2342 5572 2408 5624 ὲκ
2462 5567 2592 5632 σοῦ;
2635 5586 2654 5620 ι
2714 5563 3115 5632 Εὐσεδέστερον
3153 5558 3263 5629 γὰρ
3327 5552 3641 5621 δοξάζουσιν
3679 5550 3730 5604 οί
