4058 6410
315 402 458 459 1139

1311 403 1688 463 ADVERSUS
1728 404 2540 462 ANTHROPOMORPIIITAS.

3457 396 3599 453 “10

312 519 521 573 ἄποσόισ
564 535 623 572 τε
655 518 748 573 καὶ
780 520 1005 590 ἀμερὲς,
1044 519 1135 572 καὶ
1170 521 1577 591 ἀσχημάτιστον
1612 519 1753 576 εἶναι
1787 524 1906 577 δια-

2019 525 2184 594 magis
2216 525 2301 595 pie
2325 523 2394 580 de
2425 524 2535 578 Deo
2557 522 2823 586 sentiunt,
2861 521 2955 591 qui
2987 519 3135 575 illum
3187 518 3457 589 corporis,
3488 521 3598 570 for-

315 610 723 681 6ε6αιοὺμενοι,
769 614 861 664 καὶ
900 612 1155 682 πανταχῆ
1198 613 1298 680 μὲν
1336 614 1626 684 ὑπάρχειν,
1674 615 1908 685 ἁπολιμ·

318 700 591 755 πάνεσθαι
629 701 686 754 δὲ
724 701 974 772 μηδενός.
1020 702 1145 766 Πῶς
1176 701 1235 756 δὲ
1278 703 1500 756 κάκεῖνο
1531 703 1774 757 διέλαθεν
1810 705 1907 757 αὺ-

315 790 482 856 τοὺς;
517 791 581 844 Ei
614 790 727 861 γὰρ
776 790 1062 861 ὁμοούσιος
1087 789 1162 844 ῶν
1190 793 1218 844 6
1247 791 1377 855 Υἱὸς
1410 790 1486 862 τῷ
1518 792 1713 862 Burgi,
1752 793 1910 846 κεκέ-

319 897 465 934 νωκε
500 882 600 951 τῆς
629 879 794 934 αὑτοῦ
836 881 1139 951 παρουσίας
1170 880 1262 935 τὸν
1300 882 1550 952 οὐρανὸν,
1575 883 1663 936 ὅτε
1699 884 1909 954 ἄνθρω-

321 990 425 1037 πος
450 974 694 1041 γέγονεν,
730 971 825 1026 καὶ
856 975 969 1037 τοῖς
996 972 1090 1026 ἐπὶ
1124 973 1225 1043 γῆς
1257 974 1744 1045 συνανεστρέφετο,
1771 975 1913 1048 ἄρα·-

322 1082 416 1135 ρεν
441 1065 521 1118 ὅτι
568 1063 726 1134 καὶὴ
770 1063 843 1135 γῆ
881 1058 951 1134 ἦν
991 1063 1124 1136 κενὴ
1151 1064 1248 1135 τῆς
1281 1067 1375 1118 τοῦ
1409 1066 1623 1136 Πατρὸς
1672 1067 1910 1122 ὑποστά-

321 1173 485 1224 σεως,
527 1157 610 1211 ὅτι
658 1155 735 1228 μὴ
774 1157 1001 1226 γέγονεν
1051 1156 1338 1230 ἄνθρωπος
1382 1158 1566 1223 αὐτὸς,
1620 1160 1758 1230 μήτε
1806 1160 1914 1232 μὴν

321 1247 638 1321 ἀνθρώποις
677 1247 1175 1320 συνανεστρέφετο·
1211 1248 1352 1314 ἀλλ’,
1398 1250 1486 1304 ἵνα
1538 1250 1772 1323 τιγκατὰ
1813 1252 1915 1323 τὴν

320 1339 620 1395 ἀσυνεσίαν
652 1340 836 1396 αὑτῶν
867 1340 1029 1405 εἴπω,
1068 1342 1382 1414 μεμένηκεν
1413 1343 1473 1397 ἐν
1503 1345 1615 1408 τοῖς
1641 1344 1910 1415 οὐρανοῖς.

324 1431 450 1493 Πῶς
472 1427 566 1487 οῦν
593 1432 624 1485 6
661 1433 854 1503 Σωτὴρ
885 1431 1147 1503 ἔφασκεν,
1183 1434 1264 1488 ὅτι
1314 1453 1332 1485 ι
1374 1434 1463 1487 Ἐν
1507 1435 1634 1506 ἐμοὶ
1682 1435 1861 1506 μένων
1887 1440 1916 1491 6

322 1522 538 1593 Πατὴρ,
568 1523 731 1588 αὑτὸς
760 1526 906 1578 ποιεῖ
930 1524 1000 1578 τά
1045 1524 1218 1597 ἐργα;
1258 1544 1275 1576 ι
1299 1526 1425 1589 Πῶς
1453 1526 1511 1581 δὲ
1538 1526 1627 1581 διὰ
1655 1527 1748 1580 τοῦ
1781 1545 1907 1599 προ-

325 1615 502 1685 φήτου
534 1616 700 1686 φησί’
730 1635 747 1666 ι
774 1617 864 1687 Μὴ
895 1604 1015 1688 οὐχὶ
1043 1618 1133 1670 τὸν
1163 1618 1390 1689 οὐρανὸν
1421 1619 1516 1673 καὶ
1536 1619 1636 1690 τὴν
1668 1622 1772 1689 γῆν
1805 1618 1915 1687 ἐγὼ

325 1710 557 1779 πληρῶ;
607 1708 756 1776 λέγει
791 1710 1024 1779 Κύριος;
1056 1732 1074 1763 ι
1115 1712 1209 1764 καὶ
1242 1712 1434 1766 πάλιν·
1471 1731 1489 1763 ι
1513 1711 1649 1776 Θεὸς
1678 1712 1915 1781 ὲγγίζων

325 1801 438 1868 ἐγώ
474 1802 613 1870 εἰμι,
641 1800 790 1869 λέγει
823 1802 1044 1871 Κύριος,
1082 1803 1183 1856 καὶ·
1220 1803 1341 1872 οὐχὶ
1375 1803 1507 1868 Θεὸς
1535 1803 1858 1875 πόῤῥωθεν;
1890 1824 1908 1857 ι

2014 631 2135 680 mae,
2169 617 2517 684 quantitatis,
2540 614 2795 683 partium,
2819 612 3105 684 etligura:
3157 620 3435 682 expertem
3478 622 3598 664 esse

2012 704 2304 769 aﬂirmant,
2331 716 2384 761 et
2408 706 2584 761 ubivis
2614 705 2857 761 locorum
2882 718 3026 770 esse,
3056 716 3230 773 neque
3271 702 3341 757 ab
3386 700 3494 756 ulla
3540 714 3599 753 ro

2013 795 2223 850 abesse.
2251 793 2371 863 Quo
2401 805 2563 865 pacto
2586 804 2766 850 autem
2812 796 2980 854 etiam
3026 793 3157 849 illud
3208 792 3355 863 ipsos
3403 791 3599 845 latuit?

2016 885 2071 940 Si
2098 884 2469 942 enim'Filius
2517 886 2789 944 exsistens
2841 886 3221 947 eoessentialis
3272 884 3442 951 Patri,
3471 898 3600 939 eva-

2013 974 2195 1030 cuavit
2220 989 2316 1031 sua
2339 976 2631 1045 praesentia
2668 976 2867 1033 ctelum
2898 975 3119 1052 quando
3147 974 3323 1031 iactus
3371 982 3450 1029 est
3496 975 3591 1027 ho-

2014 1083 2125 1136 mo,
2159 1078 2216 1125 et
2268 1084 2392 1125 cum
2447 1069 2517 1125 iis
2562 1070 2655 1142 qui
2710 1072 2766 1127 in
2798 1080 2942 1128 terra
2990 1079 3116 1127 sunt
3164 1079 3249 1128 est
3304 1081 3595 1127 versatus:

2013 1168 2436 1216 consentaneum
2464 1158 2649 1228 fuerit,
2679 1170 3128 1232 terramquoque
3153 1160 3325 1217 fuisse
3369 1175 3597 1217 vacuam

2016 1250 2373 1323 hypostaseos
2435 1249 2643 1316 Patris,
2667 1251 2937 1322 siquidem
2975 1251 3092 1323 ipse
3137 1266 3244 1308 non
3291 1259 3378 1309 est
3423 1253 3601 1308 iactus

2015 1342 2200 1408 homo,
2225 1356 2402 1425 neque
2420 1352 2544 1399 cum
2572 1342 2886 1400 hominibus
2914 1351 3162 1401 versatus
3185 1362 3201 1401 :
3234 1343 3352 1409 sed,
3380 1356 3436 1398 ut
3453 1345 3603 1414 quid-

2016 1432 2340 1505 piamjunta
2377 1434 2617 1506 ipsorum
2676 1436 3004 1506 imperitiam
3062 1436 3262 1501 dicam,
3317 1439 3518 1493 mansit
3545 1440 3596 1493 iu

2014 1524 2188 1581 cmlis.
2219 1514 2499 1593 Quomodo
2530 1527 2696 1596 igitur
2734 1526 2990 1585 Salvator
3020 1528 3176 1594 dixit,
3208 1529 3336 1596 quia
3377 1547 3395 1580 ι
3428 1529 3486 1584 lu
3514 1545 3600 1583 nio

2018 1632 2244 1674 manens
2274 1617 2436 1675 Pater
2460 1620 2579 1690 ipse
2629 1619 2764 1675 facit
2786 1634 2952 1690 opera
2978 1620 3021 1651 ⁶¹
3051 1620 3075 1675 ?
3119 1639 3138 1674 ι
3173 1620 3293 1688 Quo
3322 1633 3479 1691 pacto
3500 1637 3601 1674 au-

2019 1719 2125 1766 tem
2151 1726 2249 1781 per
2270 1712 2592 1780 praphetam
2635 1715 2713 1767 ait
2742 1728 2758 1767 :
2797 1731 2817 1766 ι
2845 1713 3041 1768 Annon
3066 1713 3264 1769 crelum
3307 1724 3360 1769 et
3397 1725 3599 1768 terram

2017 1816 2117 1873 ego
2155 1802 2389 1873 impleo?
2414 1804 2591 1875 inquit
2619 1802 2882 1860 Dominus
2904 1808 2949 1838 "
2973 1805 2997 1859 ?
3022 1823 3043 1857 ι
3084 1815 3140 1860 et
3169 1820 3389 1862 rursus:
3420 1825 3437 1857 ι
3463 1807 3601 1862 Deus

326 1895 513 1948 Πάντα
545 1894 652 1965 γὰρ
683 1895 852 1964 ἐγγὺς
888 1894 1024 1965 ἔχει,
1070 1896 1139 1949 τὰ
1184 1897 1363 1951 πάντα
1404 1897 1629 1969 πληρῶν
1671 1897 1809 1968 ὁμοῦ
1837 1897 1913 1968 τῷ

2019 1896 2388 1965 pr0pinquans
2411 1911 2531 1951 sum
2551 1911 2676 1968 ego,
2707 1898 2840 1953 dicit
2858 1897 3140 1966 Dominus,
3169 1906 3226 1954 et
3254 1914 3360 1955 non
3395 1899 3537 1953 Deus
3567 1914 3599 1953 ο

324 1985 503 2058 Πατρὶ
531 1987 559 2039 ὁ
586 1987 986 2057 γεγεννημένος
1016 1988 1076 2052 ἐξ
1101 1986 1267 2042 αὑτοῦ
1299 1990 1441 2042 κατὰ
1465 1988 1626 2058 φύσιν
1658 1990 1912 2060 Χριστός.

324 2076 438 2129 Καὶ
465 2074 595 2142 γοῦν
634 2077 663 2129 6
701 2078 989 2148 προφήτης
1025 2076 1222 2130 Δαϐίδ·
1258 2096 1275 2128 ι
1304 2076 1415 2131 Ποῦ
1456 2078 1739 2149 πορευθῶ,
1758 2080 1911 2149 φησὶ,

322 2167 435 2222 ἀπὸ
460 2165 554 2220 τοῦ
594 2166 914 2237 Πνεῦματός
955 2184 1071 2232 σου,
1101 2168 1196 2221 καὶ
1228 2168 1335 2221 ἀπὸ
1356 2168 1455 2221 τοῦ
1489 2169 1783 2238 προσώπου
1822 2187 1915 2223 σου

324 2259 426 2313 ποῦ
460 2256 678 2328 (pedita;
709 2278 728 2310 ι
764 2258 837 2311 Ub
870 2258 988 2330 γὰρ
1020 2258 1192 2323 ἐστιν,
1239 2260 1340 2313 οὑκ
1379 2259 1528 2314 ἐστιν
1581 2262 1845 2331 οὐρανοὺς
1881 2261 1934 2332 ἢ.

323 2354 428 2422 γῆν
459 2353 642 2420 εὑρεῖν
666 2351 927 2406 δύνασθαί
958 2370 1091 2406 ποτε
1123 2353 1224 2423 τῆς
1252 2354 1505 2425 ἀρρήτου
1529 2353 1793 2423 Θεότητος
1824 2371 1916 2408 κε-

324 2445 477 2509 νούς·
519 2443 597 2510 ὡς
645 2443 782 2514 ἔφην
814 2445 957 2515 γάρ,
1017 2444 1086 2497 τὰ
1124 2446 1304 2498 πάντα
1343 2444 1545 2518 πληροῖ
1585 2446 1617 2515 ἡ
1662 2445 1782 2499 θεία
1826 2447 1917 2500 καὶ

284 2546 293 2549 “
322 2537 613 2608 ὁμοούσιος
638 2537 830 2608 Τριάς.
858 2534 1206 2608 Μεμνήμεθα
1234 2535 1293 2590 δὲ
1335 2536 1417 2589 ὅτι
1447 2535 1541 2589 καὶ
1572 2537 1601 2589 6
1630 2534 1738 2590 τῶν
1778 2535 1915 2590 ὅλων

326 2629 519 2701 Σωτὴρ
553 2629 650 2682 καὶ
699 2628 903 2699 Κύριος
935 2631 1046 2693 τοῖς
1089 2628 1264 2696 ἁγίοις
1293 2628 1617 2690 ἀποστόλοις
1642 2626 1879 2697 ἔφασκεν
1900 2644 1914 2660 ’

331 2744 349 2772 ι
385 2724 663 2792 Συμςρέρει
687 2721 924 2793 ὑμῖνκῖνα
946 2721 1059 2790 ἐγὼ
1091 2721 1315 2777 ἀπέλθω
1334 2737 1348 2752 ⁸
1382 2722 1477 2776 ἐὰν
1506 2722 1616 2793 γὰρ
1650 2722 1723 2793 μὴ
1753 2722 1919 2775 ἀπέλ-

328 2816 427 2879 θω,
455 2818 482 2869 6
517 2814 878 2885 Παράκλητος
909 2815 1012 2869 οὑκ
1041 2814 1327 2868 ἐλεύσεται
1356 2814 1493 2885 πρὸς
1525 2814 1689 2885 ὑμᾶς.
1716 2833 1734 2864 ι
1767 2815 1921 2867 Ἐπεὶ

329 2907 387 2959 δὲ
451 2905 811 2977 πεπόρευται,
872 2906 972 2977 τὴν
1034 2906 1170 2962 ἰδίαν
1220 2906 1556 2977 ἀποπληρῶν
1599 2906 1914 2977 ὑπόσχεσιν,

324 3000 422 3054 ἐπε
434 2999 574 3070 μψεν
609 3002 742 3069 ἡμῖν
771 2997 830 3063 ἐξ
853 2998 1086 3069 οὐρανοῦ
1114 3000 1206 3051 τὸν
1236 2997 1618 3070 Παράκλητον,
1647 2999 1920 3063 τουτέστι,

324 3094 386 3145 τὸ
412 3090 661 3162 Πνεῦμα.
704 3091 859 3144 Ἔστι
893 3091 950 3143 δὲ
1001 3089 1289 3161 όμοούσιον
1321 3090 1402 3161 τῷ
1433 3091 1611 3162 Πατρὶ
1645 3090 1740 3144 καὶ
1779 3089 1917 3160 Υἰῷ.

322 3180 454 3256 'Ap’
492 3181 588 3238 οὖν
625 3185 714 3237 ὅτε
764 3183 1243 3253 καταπεφοίτηκεν
1273 3184 1354 3245 είς
1392 3183 1495 3251 γῆν
1536 3183 1911 3253 Παράκλητος,

327 3280 416 3332 ἵνα
446 3278 654 3351 ἁγιάσῃ
681 3278 849 3346 ἡμᾶς,
879 3276 941 3329 τὸ
983 3274 1208 3345 Πνεῦμα
1242 3276 1336 3329 καὶ
1374 3276 1474 3329 οὑκ
1503 3276 1562 3328 ὲν
1596 3278 1709 3339 τοῖς
1748 3277 1915 3347 οὖρα-

325 3372 438 3433 νοῖς
463 3364 569 3442 ἦν;
604 3369 743 3422 Ἀλλ’
779 3370 954 3421 ἐκεῖνο
993 3367 1160 3436 φάναι
1197 3366 1400 3438 πρέποι
1432 3366 1522 3433 ἂν,
1560 3368 1642 3422 ὅτι
1675 3369 1910 3437 άγιάσαν

325 3462 478 3531 ἡμᾶς
522 3458 695 3529 ἀνέϐη
751 3458 914 3512 πάλιν
970 3458 1048 3521 είς
1102 3455 1195 3510 τὸν
1228 3457 1479 3529 οὐρανὸν,
1525 3459 1620 3512 καὶ
1661 3459 1762 3512 οὐκ
1798 3458 1915 3513 ἐστι

328 3552 450 3623 μεθ’
496 3553 675 3624 ἡμῶν.
715 3552 909 3605 Καίτοι
953 3550 1283 3621 γέγραπται,
1313 3551 1395 3603 ὅτι
1446 3549 1676 3620 Πνεῦμα
1711 3551 1915 3623 Κυρίου

323 3650 431 3718 τὴν
463 3646 792 3718 οἰκουμένην
827 3645 1214 3717 πεπλήρωκεν.
1272 3645 1432 3699 Ἀλλὰ
1465 3646 1560 3699 καὶ
1605 3646 1769 3710 αὐτὸς
1811 3646 1915 3719 ἔφη

326 3736 569 3811 Χριστὸς
600 3736 812 3807 μέλλων
843 3735 1160 3791 ἀναϐαίνειν
1192 3737 1329 3807 πρὸς
1349 3737 1439 3790 τὸν
1458 3736 1702 3808 Πατέρα’
1743 3760 1761 3789 ι
1785 3738 1917 3793 Ἰδοὺ

324 3829 441 3899 ἐγὼ
483 3828 603 3900 μεθ’
637 3828 791 3900 ὑμῶν
821 3830 940 3900 εἰμι
963 3829 1146 3893 πάσας
1170 3829 1270 3893 τὰς
1290 3829 1528 3901 ἡμέρας,
1564 3830 1656 3884 καὶ
1686 3831 1792 3894 ἓως
1821 3832 1919 3903 τῆς

328 3921 646 3985 συντελείας
675 3919 770 3973 τοῦ
798 3920 1014 3984 αἰῶνος.
1040 3940 1059 3973 ι
1088 3920 1149 3974 Εἰ
1175 3920 1231 3973 δὲ
1264 3920 1382 3991 μεθ’
1409 3920 1567 3991 ἡμῶν
1597 3923 1736 3988 ἐστι,
1772 3923 1919 3978 κενοί

328 4032 433 4067 που
470 4014 708 4079 πάντως,
744 4013 840 4066 καὶ
867 4012 960 4068 νῦν
990 4014 1098 4066 είσι
1123 4013 1245 4084 τῆς,
1276 4012 1353 4075 ὼς
1388 4012 1544 4066 αὐτοί
1569 4030 1726 4082 φασι,
1756 4014 1920 4068 υίοτι-

328 4107 432 4176 κῆς
467 4106 824 4179 ὑποστάσεως
863 4107 913 4158 oi
944 4105 1185 4189 οὐρανοὶ,
1233 4104 1329 4157 καὶ
1379 4102 1470 4156 τὸν
1516 4104 1718 4159 κόλπον
1759 4105 1920 4175 ἀφεὶς

325 4199 424 4252 τοῦ
457 4199 673 4271 Πατρὸς
707 4200 818 4262 τοῖς
870 4198 965 4250 ἐπὶ
991 4196 1095 4269 γῆς
1144 4194 1245 4268 ἤδη
1293 4194 1495 4266 μᾶλλον
1528 4195 1916 4250 συνδιαιτᾶται.

328 4293 520 4349 Ταῦτα
546 4292 655 4364 γὰρ
689 4292 887 4346 ἐκεῖνοι
915 4288 1340 4361 ψυχρολογοῦσι,
1368 4287 1445 4352 ὡς
1476 4284 1632 4357 έφην.
1668 4283 1800 4341 Εἶτα
1836 4286 1918 4353 τίς

326 4384 581 4449 ἀνέξεται
610 4383 711 4453 τῆς
749 4381 972 4436 ἐκείνων
1006 4379 1373 4451 ἀϐελτηρίας;
1406 4379 1438 4452 ἢ
1490 4379 1573 4443 τίς
1616 4378 1726 4433 τῶν
1764 4396 1918 4433 νουν-

324 4476 518 4548 ιχεστέ
527 4493 635 4548 ρων
652 4475 752 4529 οὐκ
769 4472 1079 4545 ἀμφιλαφές
1102 4472 1284 4536 αὐτοῖς
1310 4470 1642 4543 ἐπισταλάξῃ
1665 4471 1917 4542 δάκρυον,

2017 1985 2175 2056 longe
2205 1985 2281 2040 οη.
2311 2004 2330 2038 ι
2367 1985 2563 2043 Omnia
2601 1988 2746 2042 enim
2780 2001 2945 2057 prope
2971 2003 3033 2043 se
3065 1988 3248 2056 habet,
3275 1989 3458 2044 omnia
3490 1988 3597 2043 im-

2017 2075 2170 2146 plens
2209 2076 2371 2132 simul
2420 2093 2544 2133 cum
2592 2077 2755 2134 Patre
2802 2080 3023 2151 genitus
3060 2096 3130 2136 ex.
3164 2080 3285 2151 ipse
3304 2082 3597 2136 secundum

2019 2179 2271 2226 naturam
2294 2170 2565 2228 Christus.
2597 2171 2804 2227 Idcirco
2827 2181 2882 2227 et
2902 2172 3182 2251 propheta
3203 2172 3405 2228 David:
3437 2192 3457 2225 ι
3484 2173 3601 2239 Quo

2020 2263 2129 2329 ibo,
2161 2261 2357 2332 inquit,
2390 2278 2419 2317 a
2457 2262 2664 2333 Spiritu
2714 2273 2828 2330 tuo,
2872 2273 2929 2319 et
2957 2279 2985 2318 a
3028 2263 3168 2320 (acie
3218 2270 3309 2319 tua
3355 2279 3465 2333 quo
3519 2266 3603 2319 fu-

2018 2353 2524 2425 giam“?iNeque
2575 2354 2722 2410 enim
2771 2356 2898 2410 coeli
2957 2356 3195 2425 uspiam,
3232 2369 3408 2427 neque
3454 2366 3600 2412 terra

2020 2443 2251 2499 inveniri
2277 2453 2528 2513 possunt,
2555 2444 2851 2501 iueﬂ'abilis
2887 2446 3198 2502 Divinitatis
3222 2462 3419 2504 vacua.
3441 2446 3600 2512 Nam,

2020 2544 2079 2590 ut
2100 2534 2434 2601 dixi,omnia
2456 2537 2644 2608 implet
2667 2537 2849 2593 divina
2872 2547 2929 2593 et
2949 2539 3320 2594 eoessentialis
3338 2539 3601 2594 Trinitas.

2020 2625 2361 2683 Meminerim
2412 2638 2594 2685 autem
2622 2628 2739 2699 ejus
2775 2628 2918 2700 quod
2953 2638 3009 2685 et
3060 2627 3313 2685 Salvator
3359 2631 3604 2685 omnium

2018 2730 2075 2776 et
2099 2720 2365 2777 Dominus
2392 2723 2601 2776 sanctis
2625 2721 2889 2791 apostolis
2916 2722 3054 2777 dixit
3088 2740 3100 2776 :
3137 2739 3155 2773 ι
3186 2720 3417 2792 Expedit
3453 2722 3608 2777 vobis

2021 2821 2079 2868 ut
2129 2827 2232 2883 ego
2292 2813 2516 2869 vadam:
2548 2814 2657 2869 nisi
2714 2814 2860 2869 enim
2908 2814 3118 2879 abiero,
3153 2813 3464 2869 Paracletus
3498 2829 3603 2869 non

2021 2905 2201 2959 veniet
2227 2905 2295 2960 ad
2321 2920 2418 2961 vos
2441 2904 2509 2960 ⁸⁵.
2548 2924 2568 2958 ι
2629 2904 2990 2977 Posteaquam
3051 2916 3231 2961 autem
3278 2906 3433 2970 abiit,
3468 2922 3607 2977 pra:-

2018 3005 2168 3053 stans
2194 2996 2245 3051 id
2281 2998 2424 3069 quod
2481 2998 2825 3069 promiserat,
2855 2998 3002 3055 misit
3037 2999 3193 3055 nobis
3224 3015 3290 3054 ex
3322 2999 3462 3056 ctelo
3498 2998 3601 3054 Pa-

2018 3090 2304 3156 racletum,
2339 3090 2442 3147 hoc
2471 3097 2577 3158 est,
2617 3091 2902 3161 Spiritum.
2934 3090 3029 3148 Est
3063 3102 3241 3147 autem
3266 3093 3313 3146 is
3344 3106 3607 3151 coessem

2022 3178 2166 3233 tialis
2191 3179 2341 3234 Patri
2368 3189 2423 3235 et
2448 3179 2606 3237 Filio.
2636 3180 2772 3237 Cum
2804 3196 2937 3253 ergo
2967 3181 3252 3237 descendit
3294 3183 3348 3236 iu
3399 3191 3608 3237 terram

2019 3269 2333 3327 Paracletus
2378 3280 2438 3326 ut
2477 3287 2574 3328 nos
2625 3272 3024 3338 sanetiiicaret,
3084 3273 3327 3343 Spiritus
3352 3273 3404 3328 in
3448 3273 3603 3329 ccelis

2016 3360 2178 3414 etiam
2198 3376 2302 3416 non
2322 3363 2476 3417 erat?
2499 3362 2663 3433 Atqui
2709 3361 2857 3417 aliud
2908 3361 3092 3418 etiam-
3117 3364 3403 3420 dicendum
3433 3375 3601 3430 esset,

2016 3452 2180 3524 387
2198 3454 2362 3524 quod,
2387 3470 2453 3511 cu
2464 3471 2510 3509 m
2534 3470 2632 3511 nos
2660 3455 3074 3524 sanctiﬁeasset,
3113 3471 3299 3513 rursus
3326 3458 3380 3512 in
3401 3457 3599 3513 caelum

2019 3548 2419 3612 conscenderit,
2476 3565 2653 3620 neque
2708 3550 2940 3620 amplius
3002 3551 3158 3607 nobis
3224 3550 3401 3607 adest.
3441 3551 3602 3619 Atqui

2020 3640 2280 3709 scriptum
2310 3650 2415 3707 est,
2453 3640 2716 3712 Spiritum
2745 3642 2838 3698 Dei
2882 3642 3175 3712 replevisse
3228 3644 3438 3700 orbem.
3464 3643 3604 3709 Quin

2020 3739 2075 3783 et
2098 3730 2212 3800 ipse
2234 3730 2481 3787 Christus
2496 3732 2562 3786 ad
2580 3731 2793 3788 Patrem
2811 3747 3224 3799 conscensurus,
3238 3732 3373 3789 dixit
3393 3748 3415 3788 ι
3428 3751 3449 3788 ι
3470 3734 3613 3791 Ecce

2021 3836 2121 3892 ego
2144 3824 2422 3878 vobiscum
2451 3837 2571 3879 sum
2599 3823 2853 3879 omnibus
2874 3824 3089 3889 diebus,
3112 3834 3169 3880 et
3191 3839 3362 3893 usque
3385 3826 3451 3878 ad
3477 3840 3606 3881 con-

2020 3914 2439 3970 summationem
2499 3914 2778 3971 saeculi“.
2816 3932 2834 3966 ι
2864 3913 2923 3967 Si
2975 3928 3105 3970 vero
3149 3915 3433 3970 nobiscum
3495 3925 3604 3979 est,

2023 4005 2180 4059 vacui
2206 4005 2582 4062 suntomnino
2608 4005 2774 4060 etiam
2814 4019 2978 4070 nunc,
3016 4016 3077 4059 ut
3130 4006 3231 4074 ipsi
3284 4004 3615 4074 loquuntur,

2024 4093 2202 4149 lilialis
2261 4096 2616 4166 hypostaseos
2662 4094 2825 4163 cmli,
2875 4104 2930 4150 et
2981 4096 3198 4152 deserto
3246 4094 3426 4153 Patris
3461 4099 3602 4163 sinu,

2024 4201 2145 4240 cum
2179 4187 2245 4240 iis
2286 4188 2374 4254 qui
2403 4187 2455 4240 in
2496 4195 2637 4244 terra
2668 4187 2925 4257 suntjam
2956 4187 3134 4256 potius
3162 4198 3443 4257 versatur;
3471 4190 3607 4245 adeo

2025 4277 2171 4332 enim
2220 4277 2476 4341 absurda,
2509 4285 2566 4331 ut
2593 4276 2725 4344 dixi,
2756 4276 3009 4333 eﬁutiunt
3040 4278 3135 4332 iiii.
3164 4279 3234 4332 At
3264 4294 3415 4344 vero,
3456 4282 3608 4350 quis-

2024 4385 2149 4424 nam
2188 4369 2403 4426 illorum
2435 4369 2711 4425 inscitiam
2743 4368 2924 4424 ferat?
2976 4379 3070 4424 aut
3100 4371 3222 4440 quis
3273 4373 3435 4440 pattlo
3486 4387 3615 4427 εον-κ

2025 4460 2204 4517 datior
2252 4477 2359 4517 non
2410 4461 2630 4533 jugibus
2689 4460 2945 4533 lacrymis
3004 4459 3121 4516 illos
3187 4461 3450 4529 deploret,
3513 4463 3606 4531 qui

324 4570 383 4625 οἵ
408 4585 473 4637 γε
502 4567 602 4631 τάς
634 4567 786 4638 ἱερὰς
824 4568 920 4621 καὶ
942 4565 1095 4629 θείας
1118 4563 1342 4636 Γραφὰς
1366 4562 1720 4635 ἠγνοηκότες,
1753 4562 1812 4616 τὸ
1839 4563 1916 4625 εἰς

2027 4568 2216 4608 sacras
2241 4562 2296 4609 et
2330 4554 2542 4610 divinas
2606 4551 2919 4624 Scriptum
2975 4551 3310 4620 ignorantes,
3342 4554 3606 4624 quidquid

325 4660 456 4714 νοῦν
487 4652 626 4731 ἧκον
654 4658 1037 4721 ἀϐασανίστως
1075 4656 1419 4728 ἐρεύγονται,
1461 4656 1555 4709 καὶ
1600 4654 1709 4708 τῶν
1739 4653 1916 4723 ὀρθῶν

324 4752 429 4822 τῆς
469 4749 798 4821 Ἐκκλησίας
830 4750 1119 4820 δογμάτων
1168 4747 1537 4814 ὲκπίπτουσι;
1579 4745 1646 4801 Τί
1690 4743 1770 4815 τῷ
1818 4746 1916 4797 Φι-

324 4843 517 4911 λίππῳ
558 4844 687 4913 περὶ
734 4843 831 4896 τοῦ
882 4842 1095 4912 Πατρὸς
1152 4841 1366 4909 λέγοντι
1421 4835 1858 4910 προσπεφώνηκε
1889 4838 1920 4890 6

326 4936 459 4999 Υἱός
480 4951 494 5001 ;
535 4953 552 4985 ι
574 4935 649 4987 Οὐ
676 4933 952 4997 πιστεύεις
983 4934 1065 4987 ὅτι
1090 4930 1202 5000 ἐγὼ
1224 4933 1282 4984 ὲν
1302 4930 1381 5001 τῷ
1415 4932 1611 5000 Πατρὶ,
1634 4930 1732 4982 καὶ
1751 4930 1780 4982 6
1803 4929 1917 4983 Πα-

324 5027 433 5099 τὴρ
454 5028 512 5080 ὲν
528 5025 651 5097 ἐμοι
671 5028 786 5079 ἐστι
801 5043 815 5091 ;
831 5025 1065 5080 »Οὐκοῦν
1082 5027 1365 5095 ἀμήχανον
1381 5019 1521 5076 εἷναί
1540 5038 1671 5075 ποτε
1685 5020 1806 5091 δίχα
1822 5018 1917 5073 τοῦ

326 5120 521 5190 ἑτέρου
547 5117 641 5171 τὸν
662 5118 851 5188 ἕτερον
871 5134 884 5148 ·
914 5116 1028 5170 ἀλλ’
1054 5116 1292 5186 ἔνθαπερ
1311 5117 1338 5168 6
1360 5113 1552 5185 Πατὴρ
1578 5107 1717 5170 εἶναι
1747 5114 1920 5167 νοοῖτο

330 5211 475 5279 (ἐστὶ
497 5209 555 5263 δὲ
590 5207 914 5278 πανταχοῦ),
939 5209 1057 5261 ἐκεῖ
1083 5225 1187 5260 που
1233 5207 1449 5265 πάντως
1479 5205 1572 5258 καὶ
1592 5206 1621 5257 ὁ
1651 5203 1803 5266 Υἱὸς,
1827 5201 1921 5254 καὶ

330 5300 575 5372 ἔνθαπερ
610 5300 675 5353 ἂν
704 5302 732 5354 6
758 5300 906 5362 Υἱὸς,
948 5301 1064 5353 ἐκεῖ
1097 5298 1192 5352 καὶ
1223 5300 1250 5351 6
1296 5298 1506 5366 Πατήρ.
1551 5296 1617 5348 Ei
1655 5295 1765 5366 γάρ
1796 5296 1913 5347 ἐστι

328 5392 677 5462 ἀπαύγασμα
721 5390 815 5443 τοῦ
849 5390 1061 5461 Πατρὸς
1104 5391 1131 5442 6
1185 5390 1331 5453 Υἱὸς,
1378 5388 1472 5441 καὶ
1509 5387 1680 5454 Λόγος
1727 5383 1914 5447 αὐτοῦ,

329 5483 430 5538 καὶ
461 5480 649 5552 σοφία,
688 5482 783 5535 καὶ
835 5479 1086 5549 δύναμις,
1117 5479 1233 5543 πῶς
1267 5479 1390 5548 δίχα
1417 5477 1594 5545 Λόγου
1625 5476 1719 5529 καὶ
1752 5475 1914 5529 δυνὰ-

332 5591 484 5645 μεως
532 5573 628 5628 καὶ
665 5572 859 5642 σοφίας
904 5572 1187 5643 ἐνδέχεται
1223 5569 1464 5628 νοεῖσθαί
1490 5586 1623 5623 ποτε
1675 5568 1766 5622 τὸν
1799 5568 1921 5621 Πα-
1978 5618 1979 5621 η

403 5746 626 5804 “Joan.
659 5764 770 5809 xiv.
809 5749 900 5806 lo.
977 5748 1247 5805 "larem.
1281 5764 1440 5811 mu,
1470 5746 1564 5802 24.
1643 5746 1687 5777 ⁸³
1712 5744 1853 5802 ibid.
1883 5743 1977 5800 '25.
2060 5742 2107 5777 "
2131 5740 2275 5799 Psal.
2297 5754 2565 5807 cxxxvnt,
2594 5738 2645 5796 7.
2725 5734 2947 5793 “'Joau.
3011 5750 3124 5804 ιιι,
3159 5734 3213 5791 7.

326 5834 529 5887 xxvm,
560 5820 654 5879 20.
732 5819 777 5854 "
800 5820 958 5878 Joan.
992 5834 1104 5889 χιι,
1146 5820 1230 5875 ιι).
1306 5820 1352 5851 ⁸³
1375 5818 1393 5873 l
1419 5819 1544 5874 Cor.
1574 5833 1612 5886 ι,
1638 5816 1733 5872 24.

2024 4645 2156 4715 ipsis
2182 4646 2234 4699 in
2267 4653 2501 4699 mentem
2550 4643 2698 4700 venit
2754 4653 2958 4698 temere
2991 4652 3264 4709 eructant,
3294 4652 3359 4698 et
3381 4659 3410 4699 a
3437 4646 3611 4701 rectis

2023 4735 2281 4792 Ecclesia:
2325 4734 2674 4806 dogmatibus
2716 4734 3017 4790 excidunt?
3048 4733 3187 4801 Quid
3240 4732 3488 4807 Philippo
3538 4738 3606 4792 de

2023 4827 2186 4883 Patre
2216 4827 2412 4883 dicenti
2439 4824 2711 4897 respondit
2735 4823 3024 4880 Christus?
3055 4842 3074 4877 ι
3095 4823 3210 4880 Non
3240 4826 3419 4884 credis
3460 4831 3603 4898 quod

2025 4937 2126 4994 ego
2152 4921 2207 4977 in
2226 4921 2415 4986 Patre,
2452 4930 2507 4977 et
2530 4918 2695 4977 Pater
2744 4920 2797 4974 in
2830 4928 3024 4975 meest
3054 4921 3143 4974 "‘l
3181 4940 3200 4974 ι
3239 4921 3385 4978 Fieri
3419 4922 3606 4994 itaque

2028 5027 2134 5068 non
2166 5018 2340 5082 potest
2389 5018 2452 5065 ut
2495 5009 2635 5065 alter
2690 5007 2897 5079 absque
2953 5008 3126 5064 altero
3161 5009 3468 5067 subsistat:
3507 5013 3603 5066 sed

2025 5105 2112 5159 ubi
2137 5104 2299 5159 Patre
2334 5117 2465 5158 esse.
2507 5100 2827 5171 intelligitur
2858 5100 2979 5171 (est
3001 5110 3181 5155 autem
3232 5101 3492 5172 ubique),
3531 5102 3603 5157 ibi

2024 5196 2189 5250 etiam
2239 5194 2463 5250 omnino
2499 5200 2582 5248 est
2614 5200 2670 5248 et
2727 5190 2939 5248 Filius:
2971 5201 3026 5249 et
3065 5192 3155 5247 ubi
3207 5191 3399 5254 Filius,
3432 5193 3505 5246 ibi
3550 5204 3606 5247 et

2021 5284 2201 5340 Pater.
2234 5284 2292 5339 Si
2314 5285 2456 5338 enim
2476 5290 2558 5338 est
2579 5280 2834 5350 splendor
2859 5276 3036 5335 Patris
3068 5277 3264 5341 Filius,
3284 5286 3340 5332 et
3366 5276 3600 5332 Verbum

2025 5379 2216 5448 ipsius,
2250 5386 2306 5433 et
2337 5375 2626 5447 sapientia,
2658 5383 2714 5430 et
2757 5372 2995 5444 potentia
3024 5370 3069 5402 ⁸⁸
3102 5389 3115 5424 :
3143 5384 3252 5439 quo
3279 5377 3438 5438 pacto
3483 5367 3598 5422 ﬁeri

2024 5479 2201 5540 potest
2227 5479 2285 5525 ut
2311 5469 2514 5539 absque
2538 5468 2716 5524 Verbo
2741 5474 2797 5522 et
2824 5461 3087 5535 sapientia
3116 5470 3172 5517 et
3195 5461 3436 5532 potentia
3475 5474 3599 5528 per-

2024 5564 2253 5635 cipiatur
2273 5561 2475 5618 Pater?
2508 5557 2786 5628 Quomodo
2812 5565 2991 5612 autem
3020 5553 3287 5626 sapientia
3317 5550 3437 5619 Dei,
3472 5551 3603 5607 Ver-

3343 5734 3385 5765 “
3411 5730 3602 5792 Matth.
3622 5716 3645 5737 Χ
