4058 6420
444 411 574 466 ΗΠ

1445 412 1499 468 S.
1543 414 1812 470 CYllllJJ
1852 417 2321 472 ALEXANDRINI
2363 418 2684 477 ARCIIIEP.

3575 424 3715 482 Ml!

443 528 682 598 itumque
713 530 878 597 ipsius
901 545 963 585 ac
1007 532 1244 599 putentia
1278 534 1520 602 separari
1554 533 1831 589 intellectu
1859 535 2027 604 possit

2136 536 2264 607 τέρα
2290 553 2304 600 ;
2333 535 2457 600 Πῶς
2485 536 2543 589 δὲ
2598 537 2631 606 ἡ
2683 539 2843 606 σοφία
2872 538 2965 593 τοῦ
3019 539 3155 593 Θευῦ
3207 539 3299 593 καὶ
3341 538 3513 608 Λόγος
3544 537 3714 593 αὐτοῦ

445 635 474 674 a
509 617 704 675 Patre?
732 614 823 675 atlt
856 638 964 691 quo
993 634 1152 690 pacto
1171 639 1277 677 nou
1312 623 1595 678 iuexsistat
1619 625 1718 693 ipsi
1741 626 2028 681 character

445 712 657 773 iusius?
684 724 777 768 aut
810 717 1082 783 quomodo
1125 718 1414 774 character
1453 728 1738 789 separetur
1767 733 1797 770 a
1827 716 2030 773 Patre?

445 804 511 858 At
538 819 642 858 non
666 814 749 859 est
779 807 1086 873 character,
1139 810 1387 879 inquiunt
1420 830 1435 867 :
1470 825 1644 881 neque
1674 811 1821 865 enim
1862 825 2027 881 copu-

446 897 660 951 landum
722 899 1056 969 hypostasim
1126 905 1424 974 hypostasi,
1486 918 1661 971 neque
1741 917 1836 956 eas
1908 917 2028 970 quae

446 986 497 1041 in
531 1003 635 1043 una
669 991 903 1046 essentia
933 993 1231 1047 exsistunt:
1254 1002 1417 1061 atque
1447 993 1517 1046 ita
1545 991 1659 1047 fere
1684 1008 1804 1063 qua:
1829 1003 2029 1047 nostra:

445 1087 653 1134 natura:
680 1082 1011 1135 conveniunt
1054 1082 1121 1137 ad
1169 1097 1343 1153 nugas
1401 1097 1530 1137 suas
1575 1081 2031 1137 demonstrandas

447 1172 802 1227 transferunt.
841 1179 903 1226 At
947 1189 1095 1238 vero,
1121 1174 1394 1243 quomodo
1425 1189 1529 1230 uon
1574 1173 1696 1231 illos
1730 1173 2031 1244 intelligere

443 1265 703 1333 oportuit,
737 1266 904 1335 quod,
939 1282 1060 1335 qua
1097 1268 1290 1321 divina:
1318 1278 1527 1322 natura!
1559 1279 1686 1321 sunt
1710 1265 1927 1337 propria
1968 1280 2031 1320 ac

444 1353 761 1423 peculiaria,
791 1371 901 1411 non
937 1372 1002 1412 ex
1027 1368 1213 1413 nostra
1246 1367 1439 1413 natura
1467 1358 1741 1413 metienda
1762 1366 1911 1423 sunt,
1936 1357 2030 1414 sed

444 1446 717 1518 propriam
755 1448 1020 1504 rationem
1062 1449 1332 1519 obtinent,
1364 1451 1577 1521 fideque
1638 1451 2028 1521 suscipiuntur,

445 1553 621 1609 neque
671 1541 1002 1598 coriosiores
1056 1543 1503 1600 ratiocinationes
1548 1544 1884 1598 admittunt?
1912 1540 2030 1597 Una

443 1633 588 1687 enim
619 1641 703 1689 est
725 1632 1020 1690 ineﬂ‘sbilis
1038 1634 1349 1690 Divinitatis
1377 1636 1431 1690 in
1464 1635 1637 1691 tribus
1663 1642 1719 1690 et
1739 1634 2029 1704 peculiari-

447 1727 547 1781 bus
573 1725 967 1797 hypostasibus
1002 1737 1217 1793 natura,
1241 1728 1456 1788 diversa
1501 1727 1659 1798 plane
1689 1741 1719 1781 a
1751 1726 1906 1782 nobis
1938 1741 2021 1780 ra-

446 1819 595 1874 tione
619 1837 633 1881 ;
670 1834 844 1890 neque
874 1829 1248 1875 creaturarum
1276 1820 1541 1875 rationem
1566 1818 1830 1887 sequitur.
1852 1818 2029 1890 Atque

443 1912 547 1966 hoc
567 1911 787 1981 quidem
818 1927 882 1966 ex
910 1911 1094 1966 multis
1116 1911 1299 1966 videre
1325 1911 1472 1966 licet.
1502 1911 1609 1966 Nos
1629 1911 1772 1967 enim
1793 1911 2027 1967 filiorum

445 2012 755 2057 umtrorum
790 2011 974 2071 patres
1002 2017 1212 2067 sumus,
1244 2018 1341 2072 per
1379 2003 1606 2058 seminis
1655 2003 2028 2069 emissionem,

444 2104 494 2148 et
535 2093 956 2164 separationem.
992 2093 1147 2161 Quod
1192 2095 1338 2149 enim
1388 2103 1726 2163 procreatur,
1756 2095 2029 2167 propriam

443 2185 731 2254 quamdam
756 2199 821 2240 ac
849 2184 1178 2255 peculiarem
1213 2184 1382 2256 388
1405 2185 1457 2239 in
1495 2185 1807 2240 universum
1852 2186 2032 2240 diver-

446 2282 664 2334 sitatem
697 2279 1052 2334 nanciscitur.
1080 2278 1195 2333 Non
1239 2286 1420 2333 autem
1452 2281 1522 2332 ita
1553 2293 1616 2333 ex
1657 2280 1765 2335 Deo
1789 2288 1842 2334 et
1872 2277 2032 2333 Patre

442 2371 639 2427 Filium
668 2372 909 2442 genitum
952 2372 1209 2428 dicimus.
1237 2370 1450 2425 Eil'ulsit
1497 2372 1640 2425 enim
1672 2386 1736 2425 ex
1782 2371 2026 2427 substan-

444 2466 518 2518 tia
559 2465 750 2535 ipsius,
776 2475 831 2519 et
899 2464 1118 2519 luminis
1178 2465 1353 2517 instar
1408 2480 1473 2517 ex
1524 2464 1640 2532 ipso
1667 2463 2029 2532 exsplenduit.

444 2555 630 2624 Neque
655 2571 783 2610 vero
810 2567 961 2610 extra
989 2557 1161 2625 ipsum
1203 2555 1377 2610 iactus
1431 2565 1515 2610 est
1542 2574 1554 2610 :
1587 2556 1681 2609 sed
1713 2571 1777 2609 ex
1810 2555 1948 2623 ipso,
1979 2565 2034 2610 et

445 2651 497 2702 iu
533 2652 649 2718 ipso
682 2657 784 2704 est.
819 2650 895 2702 Ac
952 2658 1210 2718 parentes
1260 2647 1478 2717 quidem
1535 2650 1707 2703 nostri
1758 2647 1884 2702 illiis
1922 2647 2033 2702 suis

443 2750 569 2797 sum
610 2740 888 2796 seniores:
916 2740 972 2794 in
1020 2737 1134 2792 Deo
1150 2748 1333 2794 autem
1365 2742 1467 2794 hoc
1501 2753 1846 2810 nequaquam
1875 2739 1947 2792 ita
1974 2752 2033 2793 se

443 2831 626 2888 habet.
669 2830 787 2889 Una
833 2832 977 2887 enim
1030 2844 1247 2900 semper
1291 2830 1508 2886 exsistit
1558 2845 1682 2886 cum
1733 2829 1917 2894 Patre,
1978 2840 2034 2886 et

444 2935 768 2980 coaeternam
803 2925 966 2981 habet
995 2941 1117 2978 cum
1144 2940 1243 2981 suo
1277 2922 1539 2979 Genitore
1580 2923 2030 2990 subsistentiam;

446 3028 504 3072 ut
547 3028 602 3072 et
646 3031 861 3088 semper
902 3027 1057 3085 pater
1120 3030 1246 3071 esse
1305 3027 1583 3070 cernatur.
1620 3013 1834 3069 Nullum
1886 3016 2030 3070 enim

446 3120 660 3178 tempus
692 3120 929 3177 unquam
960 3102 1082 3170 fuit,
1107 3119 1216 3174 quo
1242 3118 1347 3158 non
1378 3102 1482 3157 hoc
1524 3101 1715 3173 (pater
1741 3098 2030 3169 videlicet)

2130 629 2224 682 καὶ
2251 628 2481 699 δύναμις
2528 632 2687 683 νοοῖτ*
2720 629 2786 684 ἄν
2817 648 2946 685 ποτε
2975 631 3099 702 δίχα
3123 632 3216 685 τοῦ
3248 633 3493 703 Πατρός;
3523 632 3557 706 ἢ
3594 632 3714 698 πῶς

2128 721 2229 775 οὐκ
2261 721 2554 793 ἐνυπάρξει
2577 723 2725 794 αὐτῷ
2751 740 2879 777 ποτε
2906 725 2934 777 δ
2963 725 3249 797 χαρακτὴρ
3280 724 3485 791 αὐτοῦς
3513 722 3633 787 πῶς
3656 722 3715 777 δὲ

2130 814 2223 866 καὶ
2254 815 2281 866 ὀ
2304 814 2590 884 χαρακτὴρ
2613 814 2738 885 δίχα
2765 814 2858 868 τοῦ
2893 816 3141 889 Πατρόςς
3185 815 3443 870 Ἀλλὀὐκ
3469 815 3586 869 ἔστι
3608 832 3717 887 χα-

2134 905 2361 976 ρακτὴρ,
2380 908 2532 973 φασὶ,
2550 907 2632 959 ὅτι
2659 909 2719 961 οὐ
2748 908 3046 961 συναπτέον
3068 909 3365 962 ὑπόστασιν
3391 909 3713 972 ὑποστάσει,

2104 995 2252 1049 ὀὔτε
2278 999 2377 1060 τὰς
2404 1000 2459 1049 ἐν
2485 999 2582 1068 μιᾷ
2622 998 2779 1068 οὐσίᾳ
2817 999 3200 1070 ὑπαρχούσας
3232 999 3325 1054 καὶ
3347 1000 3489 1070 τάχα
3515 1016 3617 1053 που
3644 999 3716 1052 τά

2132 1087 2254 1140 καθ’
2286 1090 2434 1158 ἡμᾶς
2487 1090 2928 1160 παρακομίζουσι
2962 1094 3042 1154 είς
3082 1091 3359 1158 ἀπόδειξιν
3391 1091 3498 1145 τῶν
3528 1091 3714 1155 αὐτοῖς

2130 1178 2627 1248 πεᾳὶυαρηαὲνων.
2677 1174 2808 1232 Εἶτα
2838 1180 2953 1243 πῶς
2984 1182 3085 1234 οὐκ
3141 1180 3249 1235 ἔδει
3305 1183 3445 1234 νοεῖν
3491 1179 3712 1244 αὐτοὺς⁹

2129 1269 2211 1324 δτι
2240 1270 2310 1323 τὰ
2338 1270 2442 1339 τῆς
2474 1269 2623 1334 θείας
2670 1270 2883 1339 φύσεως
2934 1272 3041 1325 ἴδια
3092 1273 3187 1325 καὶ
3226 1270 3481 1342 ἐξαίρετα
3517 1270 3578 1325 οὐ
3626 1268 3719 1325 διὰ

2129 1362 2239 1417 τῶν
2269 1363 2391 1416 καθ’
2422 1364 2566 1433 ἡμᾶς
2618 1363 2818 1432 μᾶλλον
2871 1363 3230 1430 κανονίζεται,
3280 1364 3399 1418 ἀλλ’
3449 1367 3507 1418 ὲν
3564 1363 3713 1426 ἰδίοις

2131 1455 2247 1509 ἔστι
2286 1454 2485 1523 λόγοις,
2516 1455 2611 1507 καὶ
2654 1454 2836 1507 πίστει
2875 1454 3237 1525 λαμϐάνεται,
3282 1455 3378 1508 καὶ
3426 1470 3713 1526 περιεργον

2130 1544 2309 1615 τέρων
2342 1543 2626 1613 λογισμῶν
2654 1544 2755 1596 οὐκ
2796 1543 3084 1613 avexerat;
3118 1543 3232 1597 Μία
3271 1543 3379 1610 γάρ
3408 1541 3572 1611 φύσις
3598 1538 3711 1591 ἐστὶ

2132 1637 2229 1705 τῆς
2275 1637 2518 1709 ἀρρήτου
2550 1634 2817 1702 Θεότητος
2864 1636 2922 1688 ὲν
2967 1635 3300 1689 ὑποστάσεσι
3354 1634 3500 1704 τρισί
3529 1650 3587 1686 τε
3622 1632 3711 1686 καὶ

2135 1729 2350 1791 ῑδικαίς,
2390 1728 2494 1794 ἔξω
2526 1726 2580 1780 δὲ
2612 1728 2718 1781 τῶν
2760 1728 2882 1781 καθ’
2917 1728 3065 1798 ἡμᾶς
3095 1729 3212 1781 ἐστι
3244 1727 3443 1795 λόγων,
3475 1725 3570 1780 καὶ
3601 1727 3719 1787 τοῖς

2132 1821 2240 1873 τῶν
2266 1821 2583 1889 κτισμάτων
2615 1820 2761 1873 ἔθεσι
2792 1808 2892 1875 οὐκ
2924 1820 3229 1875 ἀκολουθεῖ.
3269 1821 3380 1875 Καὶ
3406 1818 3562 1873 τοῦτο
3587 1817 3718 1873 ἰδεῖν

2133 1914 2280 1966 ἔστιν
2315 1914 2379 1966 ὲκ
2410 1912 2643 1966 πολλῶν.
2685 1913 2880 1984 Ἡμεῖς
2919 1913 3019 1984 μὲν
3046 1914 3153 1984 γάρ
3190 1912 3297 1965 τῶν
3342 1911 3488 1966 ίδίων
3509 1908 3713 1963 τέκνων

2134 2003 2371 2074 πατέρες
2409 2003 2577 2073 ἐσμὲν
2616 2004 2757 2058 κατὰ
2783 2004 3086 2077 ἀπόρροιαν
3120 2006 3214 2059 καὶ
3251 2005 3393 2059 κατά
3424 2009 3712 2080 μερισμόν.

2145 2098 2444 2167 Ἀναχωρεῖ
2476 2096 2587 2165 γάρ
2617 2096 2679 2149 τὸ
2712 2095 3052 2168 γεννώμενον
3092 2099 3169 2161 είς
3205 2098 3378 2170 ίδικὴν
3420 2100 3716 2171 ἑτερότητα

2131 2187 2231 2257 τὴν
2285 2188 2365 2249 είς
2416 2187 2561 2240 ἀπαν
2590 2187 2914 2258 ὁλοσχερῶς.
2954 2187 3097 2241 Ἀλλ’
3141 2190 3243 2259 οὐχ
3288 2189 3464 2253 οὕτως
3513 2192 3578 2245 ἔκ
3619 2191 3716 2246 τοῦ

2131 2277 2269 2330 Θεοῦ
2302 2278 2396 2331 καὶ
2450 2278 2664 2349 Πατρὸς
2717 2277 3042 2350 γεννηθῆναί
3088 2297 3270 2351 φαμεν
3316 2280 3408 2334 τὸν
3448 2281 3603 2335 Υἱόνο
3632 2283 3718 2349 ἑξ-

2134 2370 2379 2441 έλαμψεν
2407 2371 2506 2442 μὲν
2530 2371 2639 2443 γὰρ
2668 2371 2763 2442 τῆς
2796 2372 2987 2437 οὐσίας
3020 2372 3208 2439 αὑτοῦ,
3244 2374 3340 2427 καὶ
3371 2375 3529 2445 δίκην
3554 2374 3717 2445 ὲξηυυ

2134 2464 2311 2533 γάσοη
2346 2465 2543 2533 φωτός.
2582 2464 2722 2517 Ἀλλ’
2750 2466 2849 2517 οὐκ
2882 2464 2987 2531 ἔξω
3021 2465 3245 2533 γέγονεν
3286 2465 3475 2531 αὑτοῦ,
3507 2466 3625 2520 ἀλλ’
3656 2465 3718 2530 ἐξ

2134 2556 2299 2611 αὐτοῦ
2326 2556 2384 2609 τέ
2411 2557 2548 2620 ἐστι,
2579 2556 2672 2609 καὶ
2707 2557 2765 2609 ὲν
2798 2556 2965 2627 αὐτῷ.
2998 2557 3110 2613 Καὶ
3139 2556 3502 2628 πρεσϐύτερα
3535 2557 3635 2629 μὲν
3666 2558 3717 2610 oi

2134 2650 2263 2722 παρ’
2308 2650 2441 2721 ἡμῖν
2482 2648 2720 2720 πατέρες
2775 2647 2884 2701 τῶν
2937 2648 3084 2701 ἰδίων
3120 2647 3360 2701 τέκνων
3412 2649 3614 2719 ἥκιστα
3659 2649 3718 2703 δὲ

2131 2741 2291 2795 τοῦτο
2327 2741 2419 2793 ἐπὶ
2475 2739 2611 2793 θεοῦ
2670 2739 2908 2811 ἀληθέςο
2953 2739 3329 2811 ωνυφέστηκε
3378 2740 3486 2812 γάρ
3526 2740 3612 2795 ἀεὶ
3642 2740 3721 2810 τῷ

2132 2833 2331 2903 Πατρὶ,
2374 2833 2467 2887 καὶ
2515 2831 2853 2903 συνάναρχον
2891 2830 3003 2902 ἔχει
3050 2831 3150 2903 τὴν
3209 2831 3443 2904 ὕπαρξιν
3481 2831 3559 2903 τῷ
3604 2831 3721 2903 ίδίῳ

2132 2924 2441 2995 Γεννήτορι.
2476 2924 2562 2976 ἵνα
2589 2926 2682 2977 καὶ
2709 2923 2797 2978 ἀεὶ⁸
2835 2924 3022 2995 πατὴρ
3057 2923 3334 2994 φαίνηται.
3375 2924 3452 2978 Οὐ
3498 2923 3608 2995 γάρ
3649 2920 3721 2996 ἦν

2132 3015 2220 3068 ὅτε
2251 3014 2411 3069 τοῦτο
2454 3015 2555 3068 οὐκ
2587 3010 2675 3085 ἦν.
2729 3013 2889 3067 Ἐστι
2921 3012 3102 3068 τοίνυν
3134 3012 3213 3085 τῷ
3256 3015 3358 3084 μὲν
3405 3014 3580 3084 Πατρὶ
3619 3014 3720 3089 τὴν

2133 3107 2295 3177 φύσιν
2323 3106 2520 3161 ταυτὸν
2559 3106 2620 3160 τὺ
2647 3106 2791 3160 θεῖόν
2821 3123 2881 3160 τε
2908 3107 3004 3159 καὶ
3047 3106 3400 3178 ὖπερκόσμον
3424 3107 3677 3178 Γέννημα
3704 3148 3720 3170 .

446 3200 634 3257 fuerit.
670 3200 764 3256 Est
815 3199 980 3269 igitur
1021 3197 1162 3253 idem
1205 3205 1398 3251 natura
1438 3210 1561 3251 cum
1598 3192 1759 3249 Patre
1788 3193 2028 3248 divinum

2139 3195 2298 3266 μόνον
2327 3196 2383 3250 δὲ
2417 3197 2473 3248 ὲν
2507 3196 2787 3267 ἑτερότητι
2812 3197 2878 3265 τῇ
2910 3194 3052 3249 κατά
3083 3196 3327 3266 υίότητα.
3353 3196 3429 3250 Οὐ
3453 3197 3564 3268 γάρ
3593 3200 3713 3250 ἐστι

447 3305 610 3364 atque
664 3292 1163 3363 supermundanum
1202 3288 1480 3345 Germen:
1527 3286 1856 3342 discernitur
1902 3298 2034 3340 vero

447 3396 659 3443 tantum
711 3384 987 3440 liliationis
1039 3383 1272 3437 ratione.
1314 3380 1502 3450 Neque
1548 3379 1694 3435 enim
1727 3388 1812 3433 est
1857 3387 2032 3448 pater,

448 3479 575 3547 quia
622 3493 801 3548 neque
855 3476 948 3530 ille
1006 3474 1168 3529 illius.
1212 3472 1347 3527 Cum
1388 3473 1573 3541 itaque
1625 3483 1877 3540 suprema
1910 3483 2033 3524 om-

451 3571 599 3623 uium
621 3566 857 3624 essentia
884 3564 1068 3621 omnia
1093 3562 1474 3633 impleal,quia
1493 3573 1781 3616 ctonmcm
1814 3570 2034 3617 creatu-

451 3678 568 3718 ram
622 3670 678 3715 et
724 3666 959 3713 mentem
1018 3656 1397 3725 rationemque
1448 3654 1663 3710 excedit
1717 3668 1733 3708 :
1784 3653 2037 3710 desinant

451 3752 696 3811 cavillari
746 3749 1012 3816 nonnulli,
1051 3749 1142 3817 qui
1187 3762 1253 3803 ex
1309 3745 1521 3816 privato
1573 3746 1809 3817 ipsorum
1871 3746 2037 3801 corde

453 3849 775 3916 loquuntur,
800 3852 856 3899 et
899 3856 1005 3897 non
1049 3856 1114 3898 ex
1166 3855 1265 3897 ore
1311 3839 1546 3909 Domini,
1579 3839 1723 3896 sicut
1771 3839 2034 3909 scriptum

449 3947 537 3994 est
560 3938 609 3971 ⁸⁸
646 3955 661 3994 :
700 3951 769 3993 ue
832 3936 1117 3992 veritatem
1195 3934 1586 4005 opprimentes,
1630 3933 1744 3989 suis
1798 3933 2035 4004 ipsorum

452 4028 723 4099 capitibus
785 4042 1001 4100 poenam
1060 4026 1187 4082 huic
1256 4037 1479 4097 peccan
1541 4026 1776 4081 debitam
1850 4038 2038 4081 accer-

1033 4231 1264 4289 CAPUT
1296 4231 1439 4288 XIX.

454 4350 719 4405 Adversus
778 4350 1034 4412 dicentes,
1092 4345 1432 4418 Unigmitum
1489 4346 1754 4418 hominem
1811 4344 2036 4414 factum,

664 4417 820 4475 mlas
852 4419 1146 4473 divinitatis
1169 4416 1281 4471 sua:
1320 4431 1509 4472 vacuos
1535 4416 1823 4484 reliquisse.

523 4599 663 4655 Sunt
684 4596 774 4667 qui
808 4594 1039 4651 absurda
1092 4592 1365 4664 quaedam,
1400 4600 1459 4645 ut
1510 4589 1691 4653 audio,
1721 4602 2040 4658 summeque
2071 4566 2117 4623 ί)

452 4689 677 4747 ridicula
710 4690 850 4745 dicta
880 4686 1156 4752 eﬂ'utiunt,
1182 4688 1464 4756 loquentes
1495 4698 1561 4740 ex
1586 4684 1752 4738 corde
1777 4682 2040 4751 ipsorum,

451 4790 510 4841 et
545 4794 655 4835 non
691 4794 754 4835 ex
789 4793 886 4833 ore
916 4777 1150 4843 Domini,
1183 4775 1324 4831 sicut
1360 4773 1622 4845 scriptum
1644 4782 1745 4829 est.
1771 4772 1873 4828 Ubi
1895 4771 2041 4828 enim

458 4870 706 4927 veritatis
766 4867 1021 4938 splendor
1073 4881 1139 4922 ac
1183 4865 1529 4937 pulchritudo
1569 4879 1674 4921 non
1725 4862 1923 4929 elucet,
1969 4862 2043 4917 ibi

454 4961 680 5020 omnino
707 4970 862 5029 pater
893 4958 1164 5014 mendacii
1191 4957 1410 5014 exitiale
1444 4955 1726 5028 pravitatis
1756 4969 1868 5011 sua:
1896 4956 2044 5010 virus

456 5050 708 5108 eil‘undit.
745 5048 997 5119 intelligo
1022 5048 1187 5117 igitur
1216 5047 1478 5118 quosdam
1533 5056 1776 5101 extrema
1825 5044 2038 5100 inscitia

454 5153 713 5215 gravatos
771 5141 976 5197 sentire
1033 5155 1097 5195 ac
1141 5139 1360 5207 dicere,
1408 5137 1743 5208 unigenitum
1807 5136 2037 5192 Verbum

456 5236 713 5302 Dei,cum
750 5233 948 5289 factum
977 5244 1062 5289 est
1094 5232 1281 5298 homo,
1306 5245 1431 5287 cum
1462 5229 1769 5285 hominibus
1795 5229 1847 5283 in
1874 5243 2042 5284 carne

458 5327 678 5397 degens,
732 5339 934 5380 vacuos
982 5321 1285 5380 divinitatis
1331 5334 1443 5377 sua:
1501 5319 1671 5375 cados
1730 5318 2033 5390 reliquisse.

460 5416 572 5474 Hoc
598 5426 779 5472 autem
796 5418 933 5473 nihil
954 5416 1099 5474 aliud
1128 5424 1213 5471 est
1236 5428 1400 5486 quam
1429 5413 1473 5469 si
1504 5413 1674 5477 dicas,
1698 5426 1821 5469 eum
1867 5426 2039 5481 quan-

464 5511 623 5565 titate
673 5511 975 5566 mensurari
1031 5523 1211 5579 posse,
1257 5502 1869 5577 comprehensibilisque
1921 5517 2042 5558 esse

465 5612 693 5666 natura,
724 5610 780 5657 et
813 5602 1017 5670 inloco
1047 5616 1289 5670 manere,
1312 5596 1764 5672 quemadmodum
1788 5609 2040 5665 corpora,

467 5693 797 5761 reliquaeque
841 5702 1128 5749 creaturae.
1180 5694 1503 5765 lgnoraruut
1566 5697 1742 5745 autem
1791 5687 2043 5755 fortasse,

544 5846 588 5879 ”
611 5840 814 5898 εἰει-ειη.
843 5858 998 5912 xsttt,
1024 5844 1108 5900 16.

2137 3288 2342 3359 πατὴρ.
2384 3289 2466 3342 ὅτι
2504 3287 2638 3361 μηδὲ
2704 3289 2907 3352 ἐκεῖνος
2963 3287 3097 3351 υίός.
3169 3287 3385 3351 Τοίνυν,
3426 3287 3504 3352 ὡς
3556 3287 3719 3358 ἔφην,

2137 3380 2317 3433 πάντα
2352 3380 2453 3449 τῆς
2487 3380 2751 3434 ἀνωτάτω
2789 3378 2983 3434 πασῶν
3018 3378 3210 3442 οὐσίας
3258 3379 3596 3452 πληρούσης,
3637 3381 3720 3435 ὅτι

2138 3473 2232 3526 καὶ
2263 3475 2405 3542 ὑπὲρ
2438 3472 2615 3525 κτίσιν
2645 3470 2739 3527 καὶ
2761 3469 2887 3524 νοῦν
2921 3470 3018 3525 καὶ
3046 3469 3205 3539 λόγον
3231 3471 3379 3536 ἐστὶ,
3428 3472 3501 3542 μὴ
3551 3471 3722 3542 βαταο

2141 3566 2439 3637 ριζέτωσάν
2476 3581 2643 3629 τινες,
2678 3562 2971 3627 λαλοῦντες
2997 3563 3066 3616 τά
3091 3563 3203 3618 ἀπὸ
3245 3564 3473 3635 καρδίας
3514 3565 3718 3630 αὐτῶν,

2139 3656 2236 3710 καὶ
2260 3656 2361 3708 οὐκ
2382 3654 2495 3708 ἀπὸ
2527 3654 2797 3725 στόματος
2834 3653 3063 3724 Κυρίου,
3089 3653 3233 3708 καθά
3262 3655 3596 3727 γέγραπταιο
3632 3657 3720 3711 ἵνα

2142 3748 2216 3820 μὴ
2246 3747 2343 3818 τὴν
2391 3744 2649 3817 ἀλήθειαν
2690 3745 3057 3816 παραλύοντες
3090 3749 3228 3811 ,ταῖς
3265 3746 3475 3801 ἑαυτῶν
3517 3747 3716 3817 ψυχαῖς

2139 3838 2521 3908 ὲπαντλήσωσι
2555 3837 2652 3907 τὴν
2697 3839 2814 3899 τοῖς
2851 3837 3006 3893 τοῦτο
3043 3839 3178 3911 δρᾷν
3215 3838 3433 3892 είωοόσι
3471 3839 3712 3910 πρέπον.

2143 3948 2239 3984 σαν
2266 3929 2445 3999 δίκην.

2734 4220 2778 4273 Κ
2790 4220 2984 4275 ΕΦᾹΛ.
3030 4218 3130 4274 16'.

2142 4333 2294 4416 Πρός
2344 4318 2815 4416 τοὺςιλέγοντςις
2846 4334 2951 4416 βτί
2976 4336 3298 4416 γεγάμεν-ος
3337 4327 3649 4416 ἄζθρωξεος
3688 4336 3725 4389 ό

2214 4404 2564 4492 Μονογεςνὴς
2590 4403 2804 4493 κενοὺς
2827 4403 3026 4474 ἀφῆκε
3057 4403 3167 4474 τῆς
3197 4403 3415 4459 ἑαυτοῦ
3443 4405 3724 4473 θεότητος

2214 4490 2358 4540 τους
2386 4490 2703 4543 ουρανοῡς.

2220 4584 2459 4639 Ἀπιστά
2512 4599 2677 4649 τινες,
2727 4582 2803 4647 ὡς
2840 4583 3062 4655 ἔμαθον,
3115 4585 3209 4638 καὶ
3239 4583 3580 4655 γελοιότητος
3619 4584 3726 4656 τῆς

2141 4677 2379 4748 ἐσχάτης
2412 4676 2687 4748 ὲπίμεστα
2735 4677 2982 4747 ῥημάτια
3021 4676 3460 4749 περικομίζουσι,
3496 4676 3725 4732 λαλοῦν-

2140 4785 2234 4831 τες
2263 4767 2333 4821 τα
2365 4765 2473 4820 ἀπὸ
2518 4766 2750 4838 καρδίας
2782 4768 2983 4833 αὐτῶν,
3027 4768 3121 4823 καὶ
3154 4769 3256 4821 οὐκ
3307 4768 3415 4822 ἀπὸ
3459 4769 3727 4839 στόματος

2141 4861 2375 4932 Κυρίου,
2406 4858 2547 4915 κατά
2571 4858 2631 4912 τὸ
2656 4861 3062 4931 γεγραμμένον.
3101 4860 3277 4912 Ὅπου
3306 4859 3414 4933 γὰρ
3440 4859 3502 4912 τὸ
3531 4859 3727 4923 κάλλος

2140 4950 2240 5020 τῆς
2268 4948 2526 5021 ἀληθείας
2557 4949 2617 5002 οὐ
2643 4948 3008 5018 διαφαίνεται,
3032 4951 3151 5002 ἐκεῖ
3171 4950 3389 5015 πάντως
3418 4952 3447 5004 ό
3478 4950 3571 5004 τοῦ
3592 4949 3729 5020 ψεύο

2147 5037 2271 5101 δους
2311 5037 2493 5109 πατὴρ
2523 5039 2676 5107 ἐκχεῖ
2718 5039 2819 5109 τῆς
2844 5039 3071 5111 ἐνούσης
3103 5040 3253 5111 αὑτῷ
3285 5041 3605 5111 σκαιότητος
3632 5041 3727 5094 τὸν

2147 5130 2501 5201 ἀνδροκτόνον
2534 5130 2630 5183 ίόν.
2682 5130 2953 5185 Μανθάνω
3003 5131 3183 5186 τοίνυν
3224 5134 3374 5196 τινάς
3424 5133 3489 5185 ἐκ
3522 5131 3728 5203 πολλῆς

2144 5224 2286 5291 ἄγαν
2327 5221 2620 5286 ἀσυνεσίας
2653 5222 2956 5277 διακεῖσθαι
2998 5226 3091 5279 καὶ
3128 5224 3331 5294 λέγειν,
3380 5225 3461 5278 ὅτι
3490 5227 3519 5279 ό
3559 5242 3721 5297 μονο-

2144 5316 2309 5388 γενὴς
2341 5316 2513 5385 Λόγος
2533 5314 2629 5368 τοῦ
2658 5314 2795 5368 Θεοῦ
2827 5314 3119 5386 γενόμενος
3154 5316 3459 5387 ἄνθρωπος,
3493 5318 3586 5369 καὶ
3616 5321 3728 5379 τοῖς

2146 5410 2239 5463 ἐπὶ
2280 5410 2384 5480 γῆς
2425 5408 2563 5479 μετά
2597 5408 2799 5479 σαρκὸς
2856 5409 3346 5479 συναναστραφεὶς,
3398 5407 3589 5472 κενοὺς
3630 5407 3728 5478 τῆς

2149 5501 2342 5556 ἑαυτοῦ
2366 5500 2621 5571 θεότητος
2649 5501 2831 5571 ἀφῆκε
2854 5500 2981 5563 τοὺς
3009 5501 3298 5571 οὐρανούς.
3334 5499 3506 5553 Τοῦτο
3529 5499 3586 5553 δέ
3610 5499 3729 5552 ἐστι

2150 5595 2336 5666 ἕτερον
2372 5594 2523 5648 οὐδὲν
2549 5595 2583 5664 ἢ
2617 5595 2793 5648 ἐκεῖνο
2832 5593 3018 5664 φάναι,
3047 5594 3129 5647 ὃτι
3162 5593 3424 5664 ποσότητι
3460 5592 3730 5665 μετρητός

2154 5687 2291 5749 ἐστι,
2335 5686 2428 5739 καὶ
2478 5685 2816 5761 περιληπτὴν
2857 5683 2967 5754 ἔχει
2998 5682 3093 5755 τὴν
3120 5684 3299 5755 (ῥύσιν,
3345 5685 3438 5739 καὶ
3483 5685 3540 5738 ὲν
3578 5683 3730 5755 τόπῳ
