4058 6408
325 433 466 488 1113

1326 425 1697 482 ADVERSUS
1737 422 2550 479 ANTIIROPOMORPIHTAS.

3457 421 3600 480 illi

325 549 505 621 μένει,
546 547 690 602 καθὰ
719 547 814 600 καὶ
858 547 924 600 τὰ
984 543 1236 615 σώματα,
1287 543 1457 611 ἧγουν
1503 541 1571 594 τὰ
1601 541 1764 611 ἕτερα
1800 538 1899 592 τῶν

2014 537 2355 592 Diviuitatem
2415 537 2788 605 incorpoream
2851 549 2995 599 esse,
3030 535 3213 606 ﬁgurae
3257 542 3311 589 et
3360 536 3596 605 partium

323 637 664 708 κτισμάτων.
697 638 856 700 Ἴσως
885 637 941 690 δὲ
974 635 1246 705 ἠγνόησαν
1279 633 1361 686 ὅτι
1390 633 1451 686 τὸ
1473 632 1628 685 Θεῖον
1673 629 1904 700 ἀσώμα-

322 729 418 782 τόν
441 730 577 791 ἐστι,
611 729 1043 798 ἀσχημάτιστον,
1074 723 1301 796 ἀμερὲς,
1333 725 1395 777 οὑ
1434 722 1704 794 μετρητὸν
1746 721 1904 773 ποσό·

322 837 469 891 τητι,
499 821 559 872 ού
591 819 1070 891 περιγραφόμενον
1119 817 1291 886 τόπῳ,
1343 814 1479 868 ἀλλὰ
1526 812 1769 884 πληροῦν
1808 812 1907 882 μὲν

319 913 392 965 τὰ
414 912 614 974 πάντα,
647 911 744 964 καὶ
771 913 827 963 ἐν
860 911 1013 972 πᾶσι,
1046 907 1332 978 ἀχώρητον
1362 906 1420 959 ὃν
1461 904 1581 958 κατ’
1636 904 1772 957 ἰδίαν
1806 903 1877 972 φύ

325 1019 434 1058 σιν.
475 1003 794 1072 Γέγραπται
828 1000 956 1071 γὰρ,
1001 1001 1083 1053 ὅτι
1135 1018 1154 1051 ι
1189 999 1300 1052 Ποῦ
1355 995 1612 1068 πορευθῶ
1656 995 1763 1049 ἀπὸ
1809 993 1905 1048 τοῦ
1945 1054 1952 1061 ι

324 1093 644 1162 Πνεύματός
695 1111 810 1151 σου,
843 1093 938 1145 καὶ
959 1090 1068 1144 ἀπὸ
1111 1088 1404 1162 προσώπου
1442 1104 1536 1141 σου
1567 1085 1673 1140 ποῦ
1714 1085 1902 1157 φύγω;

333 1185 463 1238 Ἐὰν
487 1184 674 1237 ἀναϐὦ
708 1187 785 1245 εἰς
820 1184 911 1236 τὸν
939 1181 1186 1252 οὐρανὸν,
1214 1181 1278 1234 σὺ
1299 1183 1414 1234 ἐκεῖ
1438 1175 1518 1232 εἴ·
1556 1179 1651 1233 ἐὰν
1680 1178 1906 1232 καταϐῶ

321 1279 402 1340 εἰς
426 1277 519 1329 τὸν
552 1275 704 1346 ᾅδην,
752 1274 933 1346 πάρει.
981 1275 1106 1328 Ἐὰν
1132 1272 1458 1343 ἅναλάὁοιμι
1499 1272 1598 1335 τὰς
1625 1270 1906 1342 πτέρυγάς

321 1387 428 1440 μου
454 1371 573 1422 κατ’
621 1369 836 1439 ὄρθρον,
869 1367 964 1421 καὶ
1012 1366 1423 1437 κατασκηνὼσω
1458 1366 1540 1429 εἰς
1585 1365 1653 1418 τὰ
1699 1364 1905 1436 ἔσχατα

316 1461 422 1530 τῆς
451 1460 762 1530 θαλάσσης.
819 1460 914 1514 καὶ
951 1461 1061 1529 γὰρ
1099 1461 1218 1512 ἐκεῖ
1270 1460 1303 1529 ἡ
1340 1458 1458 1529 χείρ
1508 1474 1601 1510 σου
1644 1457 1904 1528 ὁδηγήσει

321 1571 424 1623 μου
445 1557 480 1607 '.
513 1573 531 1604 s
567 1553 910 1606 Ἐδειτοὶνυν
934 1553 1130 1616 αὑτοὺς
1174 1552 1276 1606 οὑκ
1305 1552 1365 1617 ἐξ
1404 1552 1675 1622 ἀμαθειας
1723 1551 1906 1621 φωνὰς

319 1644 644 1716 ἑρεύγεσθαι
673 1647 988 1716 προπετεῖς,
1029 1645 1143 1698 ἀλλ’
1179 1645 1400 1710 ἐννοεῖν,
1432 1640 1522 1698 οἷά
1547 1661 1606 1697 τε
1648 1645 1744 1698 καὶ
1777 1645 1901 1707 ὅσα,

317 1738 414 1790 καὶ
444 1738 502 1788 ὲν
547 1736 658 1789 τίσι
694 1737 989 1808 ὑπεροχαῖς
1019 1738 1052 1806 ἡ
1102 1736 1220 1790 θεία
1250 1737 1343 1790 καὶ
1374 1737 1762 1807 ὑπερμεγέθης
1811 1737 1906 1790 καὶ

316 1829 630 1899 ἀπόρρητος
663 1830 779 1881 ἐστὶ
812 1827 904 1882 τοῦ
929 1827 1062 1880 Θεοῦ
1095 1827 1274 1897 φύσις.
1309 1827 1432 1892 Πῶς
1470 1827 1565 1900 [al.
1604 1827 1765 1901 Πότε]
1794 1829 1904 1899 γὰρ

2009 639 2307 699 expertem,
2354 644 2580 698 qumque
2641 627 2947 698 quantitate
2995 628 3299 682 mensurari
3364 637 3420 683 et
3477 627 3598 684 loco

2008 721 2377 775 circumscribi
2429 730 2707 790 nequeat:
2739 720 2832 775 sed
2889 719 3055 790 389
3093 718 3318 790 implere
3371 720 3596 788 quidem

2007 814 2206 875 omnia,
2244 822 2299 868 et
2359 813 2411 869 in
2467 813 2738 878 omnibus,
2806 813 3235 880 immensamque
3281 795 3401 866 esse
3436 809 3594 879 juxta

2009 908 2275 977 propriam
2301 921 2452 961 suam
2479 912 2745 959 naturam.
2778 902 3054 972 Scriptum
3081 911 3164 957 est
3191 902 3334 956 enim
3358 916 3373 955 :
3399 920 3416 952 ι
3442 901 3592 968 Quo-

2008 1015 2132 1054 nam
2157 999 2244 1054 ibo
2283 1013 2311 1051 a
2345 998 2548 1068 Spiritu
2578 1007 2690 1060 tuo,
2717 1006 2773 1050 et
2811 1009 2840 1049 a
2872 995 3012 1049 facie
3057 1002 3146 1048 tua
3202 1008 3310 1062 quo
3355 992 3596 1062 fugiam?

2008 1093 2064 1147 Si
2106 1091 2398 1146 ascendero
2446 1091 2498 1144 in
2551 1089 2772 1154 cmlum,
2801 1096 2856 1142 tu
2899 1087 3009 1142 illic
3056 1101 3151 1143 es:
3179 1085 3224 1142 si
3260 1086 3594 1141 descendero

2007 1186 2060 1239 in
2089 1183 2378 1249 infernum,
2407 1183 2557 1239 ades.
2584 1181 2640 1237 Si
2673 1195 2957 1252 sumpsero
2993 1181 3108 1235 alas
3140 1193 3290 1235 meas
3337 1177 3594 1246 diluculo,

2005 1288 2059 1332 et
2084 1277 2396 1331 habitavero
2419 1275 2470 1330 in
2493 1274 2752 1330 extremis
2787 1273 2975 1340 maris,
3015 1273 3218 1327 etenim
3253 1270 3362 1326 illic
3399 1285 3595 1325 manus

2010 1379 2097 1425 tua
2128 1369 2356 1424 deducet
2383 1385 2468 1423 me
2492 1369 2560 1422 '°.
2601 1387 2619 1418 ι
2658 1365 2954 1437 Oportebat
2981 1367 3146 1435 igitur
3189 1379 3284 1420 eos
3327 1378 3434 1418 non
3482 1377 3595 1432 pra:

2009 1463 2221 1520 inscitia
2247 1463 2569 1518 temerarias
2596 1462 2758 1516 hasce
2783 1476 2945 1515 voces
2971 1468 3244 1524 eructare,
3274 1458 3366 1513 sed
3404 1471 3589 1512 secum

2008 1554 2340 1628 perpendere
2371 1554 2548 1625 qualis
2581 1561 2636 1607 et
2665 1565 2884 1621 quanta.
2920 1562 2976 1607 et
3011 1568 3171 1621 quam
3223 1549 3496 1605 excellens
3523 1547 3595 1602 sit

2007 1647 2191 1703 divina
2246 1656 2408 1718 atque
2458 1647 2725 1703 immensa
2772 1643 3171 1716 ineﬂabilisque
3225 1643 3320 1698 Dei
3375 1651 3593 1694 natura.

2009 1739 2126 1807 Quo
2154 1749 2314 1810 pacto
2357 1740 2500 1795 enim
2535 1739 2672 1794 Deus
2706 1736 2940 1792 Verbum
2969 1737 3276 1806 seiunctum
3303 1732 3596 1804 aliquando

2011 1833 2174 1888 fuerit
2209 1848 2239 1887 a
2271 1832 2450 1898 Patre,
2470 1843 2562 1886 aut
2591 1833 2647 1887 in
2685 1833 2804 1904 ipso
2830 1843 3050 1888 manere
3073 1827 3333 1883 desierit?
3363 1827 3420 1881 Si
3449 1825 3597 1880 enim

313 1922 343 1972 6
365 1919 496 1982 Θεὸς
531 1918 703 1986 Λόγος
746 1918 957 1989 ἀπέστη
985 1917 1080 1970 τοῦ
1112 1913 1254 1970 εἶναι
1291 1918 1429 1988 μετὰ
1467 1917 1560 1969 τοῦ
1604 1917 1836 1988 Πατρός,
1867 1916 1899 1987 ἢ

2008 1926 2121 1981 lieri
2153 1935 2330 1997 potest
2361 1936 2420 1980 ut
2447 1942 2475 1980 a
2503 1926 2704 1981 lumine
2738 1925 2954 1979 excidat
2982 1931 3371 1992 separeturque
3403 1919 3592 1988 splen-

312 2011 410 2065 τοῦ
452 2015 508 2064 ἐν
540 2011 688 2081 αὑτῷ
719 2011 942 2080 μὲνειν;
989 2011 1052 2063 El
1105 2011 1214 2082 γὰρ
1260 2010 1534 2080 ἐνδέχεται
1569 2010 1662 2063 τοῦ
1723 2009 1901 2078 φωτὸς

313 2104 590 2163 ἐκπεσεῖν,
618 2104 711 2155 καὶ
751 2101 1091 2172 χωρισθῆναι
1121 2101 1182 2154 τὸ
1211 2101 1552 2172 ἀπαύγασμα
1579 2100 1639 2152 τὸ
1679 2101 1775 2152 ἀπ’
1805 2099 1901 2154 αὑ-

310 2192 430 2255 τοῦ,
460 2186 527 2262 ἦν
556 2191 622 2245 ἂν
655 2192 803 2254 εἰκὸς
825 2191 1099 2262 ἐννοῆσαι,
1127 2193 1209 2246 ὅτι
1235 2192 1325 2245 τὸν
1349 2191 1476 2244 Υἱὸν
1508 2190 1786 2260 ἐνδέχεται
1823 2191 1900 2264 μὴ

310 2280 454 2339 εἶναι
497 2282 635 2353 μετὰ
675 2282 770 2336 τοῦ
817 2283 1053 2355 Πατρός.
1097 2284 1224 2346 Πῶς
1253 2282 1362 2355 γὰρ
1401 2283 1500 2336 οὑκ
1545 2282 1776 2353 ἐνόησαν
1819 2282 1899 2336 ὅτι

308 2376 567 2447 γεννητὸς
589 2376 666 2429 ῶν
699 2378 727 2430 6
759 2377 907 2447 ἥλιος
926 2392 939 2406 ⁸
974 2377 1183 2445 κτίσμα
1213 2377 1322 2448 γάρ
1349 2379 1487 2440 ἐστι,
1513 2375 1580 2430 δι’
1608 2374 1776 2428 αὑτοῦ
1805 2375 1898 2428 τοῦ

308 2470 490 2536 Λόγου
542 2469 904 2538 παρενεχθεὶς
946 2472 1026 2533 εἰς
1073 2470 1355 2538 γέννησιν’
1405 2467 1614 2538 διέρπει
1669 2467 1770 2537 μὲν
1801 2467 1901 2538 τὴν

306 2560 423 2613 ἄνω
478 2559 576 2613 καὶ
622 2561 772 2631 αὑτῷ
839 2561 1135 2631 ταχθεῖσαν
1188 2561 1339 2624 ὁδὸν,
1400 2560 1622 2630 καθίησι
1676 2559 1733 2612 δὲ
1789 2562 1900 2622 τοῖς

306 2653 655 2722 ἁπανταχόσε
691 2653 749 2705 τὸ
777 2653 915 2720 φῶς,
947 2653 1038 2705 καὶ
1063 2652 1241 2705 πάντα
1268 2649 1494 2720 πληρῶν
1524 2651 1621 2721 τῆς
1650 2649 1706 2715 ἐξ
1732 2647 1896 2702 αὑτοῦ

311 2744 688 2815 προχεομένης
719 2743 916 2815 αὑγῆς,
940 2743 1054 2814 ἔχει
1084 2743 1246 2796 πάλιν
1274 2741 1444 2810 αὑτὴν
1475 2743 1532 2793 ἐν
1559 2741 1730 2811 αὑτῷ;
1761 2742 1897 2794 Πότε

313 2836 490 2890 τοίνυν
538 2835 639 2890 οὑκ
681 2832 749 2907 ἦν
779 2837 837 2889 ὲν
888 2837 1064 2904 Πατρὶ
1099 2837 1159 2888 τὸ
1210 2835 1552 2904 ἀπαύγασμα
1597 2835 1694 2905 τῆς
1740 2834 1898 2902 δόξης

308 2927 476 2986 αὐτοῦ
506 2929 651 3000 (M);
685 2927 817 2981 πότε
853 2927 1184 2998 κεχώρισται
1213 2928 1308 2997 τῆς
1352 2927 1701 2990 ὑποστάσεως
1730 2926 1895 2980 αὑτοῦ

305 3025 336 3074 6
364 3021 656 3093 χαρακτὴρ
683 3023 888 3087 αὑτοῦ;
939 3023 1034 3076 καὶ
1080 3023 1150 3075 τὰ
1200 3022 1377 3074 πάντα
1422 3019 1759 3091 πληροῦντος
1801 3019 1895 3074 τοῦ

307 3111 548 3182 Πατρός,
572 3113 674 3164 οὑκ
697 3111 811 3182 ἔχει
840 3111 999 3166 τοῦτο
1029 3111 1167 3165 κατὰ
1190 3109 1348 3179 φύσιν
1375 3112 1402 3162 6
1426 3109 1572 3176 Υἱὸς,
1602 3110 1662 3162 τὸ
1694 3110 1891 3174 πάντα,

302 3205 474 3275 φημὶ,
507 3204 773 3275 πληροῦν,
797 3205 891 3256 καὶ
916 3201 1192 3273 πανταχοῦ
1218 3197 1377 3263 εἶναι,
1406 3201 1497 3254 καὶ
1527 3201 1737 3265 οὐδενὸς
1756 3204 1893 3257 ἁπο-

302 3294 707 3364 λιμπάνεσθαι;
745 3293 1076 3366 Ἑτεροιξυὴς
1109 3294 1216 3363 ἄρα
1248 3293 1378 3364 παρ’
1403 3293 1566 3346 αὑτόν
1600 3295 1734 3346 ἐστι.
1772 3294 1896 3347 Ἐκ-

306 3386 792 3440 πίπτουσι·τοίνυν
828 3388 909 3449 εἰς
941 3386 1042 3458 τὴν
1085 3386 1194 3438 τῶν
1237 3385 1500 3458 Ἀριανῶν
1541 3386 1896 3457 πεπλανημέ-

304 3496 405 3548 νην
440 3479 599 3544 δόξαν
624 3481 675 3532 οἱ
699 3478 873 3532 ταῦτα
899 3479 1078 3546 λέγειν
1111 3477 1421 3549 τολμῶντες
1451 3480 1582 3549 περ)⁵
1610 3478 1800 3534 αὑτοῦ.
1833 3479 1896 3530 Εἰ

308 3570 412 3639 μὲν
444 3571 552 3640 γὰρ
586 3570 804 3641 ἀληθῶς
842 3570 1241 3625 πεπιστεύκασι
1282 3571 1362 3624 ὃτι
1395 3571 1491 3623 καὶ
1526 3569 1679 3636 Θεὸς,
1711 3571 1807 3624 καὶ
1832 3572 1896 3623 ὲκ

302 3661 442 3714 Θεοῦ
469 3661 686 3732 Πατρὸς
733 3665 874 3716 κατὰ
920 3662 1086 3732 φύσιν
1134 3663 1380 3732 πέφυκεν
1401 3665 1430 3717 6
1455 3663 1603 3727 Υἱὸς,
1631 3665 1683 3719 τί
1708 3665 1784 3739 μὴ
1807 3665 1892 3720 νέ-

304 3771 472 3834 pauos
499 3754 652 3826 αὑτῷ
687 3755 757 3808 τὰ
788 3758 855 3827 τῇ
880 3755 1002 3831 θείᾳ
1032 3755 1188 3826 φύσει
1213 3757 1526 3828 πρέποντα;
1551 3758 1613 3810 El
1632 3757 1688 3810 δὲ
1721 3760 1896 3829 ὄνομα

306 3847 409 3916 μὲν
439 3845 586 3918 αὑτῷ
615 3847 678 3901 τὸ
710 3847 804 3902 τοῦ
835 3848 972 3903 Θεοῦ
1006 3847 1464 3926 περιπλάττουσι,
1495 3849 1606 3902 τῶν
1645 3848 1896 3919 ἀξιωμά-

302 3955 413 3994 των
467 3940 524 3993 ea
572 3940 938 4010 ἀποστεροῦσι
983 3941 1086 4010 τῆς
1133 3939 1768 4012 θεότητος,ὴγνοήκασι,
1811 3942 1894 3994 ὅτι

301 4032 675 4104 καταφέρουσι
722 4037 781 4086 ὲν
818 4035 1082 4104 κτίσμασι
1119 4033 1211 4086 τὸν
1256 4032 1516 4104 Ποιητὴν,
1567 4034 1662 4086 καὶ
1711 4036 1769 4087 ὲν
1825 4036 1892 4104 τῇ

306 4123 476 4194 μοίρᾳ
497 4123 607 4176 τῶν
641 4124 948 4193 γεγονότων
980 4125 1237 4178 τάττουσι
1274 4123 1366 4176 τὸν
1401 4122 1508 4176 τῶν
1553 4123 1690 4177 ὅλων
1737 4123 1895 4175 Γενε-

303 4215 559 4286 σιουργὸν
604 4216 699 4270 καὶ
743 4214 970 4287 Κύριον.
1005 4215 1216 4270 Οὐκοῦν
1255 4210 1323 4287 ἦν
1360 4214 1460 4286 μὲν
1499 4215 1591 4267 ἐπὶ
1619 4214 1722 4285 γῆς
1753 4212 1893 4286 ὁρώ-

305 4324 467 4378 μενος
503 4307 646 4361 κατᾶ
678 4307 860 4378 σάρκα
907 4308 1215 4378 ἄνθρωπος,
1258 4307 1488 4377 πλήρεις
1519 4305 1576 4360 δὲ
1623 4306 1718 4358 καὶ
1753 4305 1895 4358 οὑτω

298 4401 399 4467 τῆς
428 4397 596 4452 αὑτοῦ
626 4399 880 4470 θεότητος
908 4394 1048 4472 ἦσαν
1077 4399 1127 4450 οἱ
1155 4398 1375 4470 οὐρανοί
1393 4415 1405 4428 ο
1449 4396 1647 4468 πληροῖ
1681 4397 1789 4468 γὰρ
1825 4397 1895 4449 τὰ

300 4492 483 4543 πάντα
517 4489 650 4554 Θεὸς
691 4490 765 4544 ῶν
794 4491 822 4543 6
847 4490 1040 4558 Λόγος.

905 4582 1158 4636 ΚΕΦΔΛ.
1201 4582 1285 4636 K'.

297 4675 456 4755 Πρὸς
491 4673 635 4755 τοὺς
668 4674 995 4755 λέγων-ταςι
1011 4674 1118 4755 ότι.
1142 4672 1340 4755 ιδιξιῶς
1371 4677 1402 4728 ὀ
1445 4672 1902 4755 Διότοςθὲνερῃεῖ

373 4743 480 4809 τὰς
509 4743 856 4813 θεοσημίας,
885 4744 1068 4798 οὐδὲν
1092 4746 1360 4814 ἐχούσης
1389 4743 1540 4812 πρὸς
1567 4744 1746 4798 τοῦτο
1779 4743 1890 4811 τῆς

369 4815 545 4883 ἀγηῖάς
577 4817 766 4869 αὑτοῦ
801 4816 1052 4884 σαρκός.

369 4905 511 4968 Τοὺς
537 4905 591 4958 δὲ
621 4905 898 4975 λέγοντας,
921 4907 1002 4960 ὅτι
1024 4907 1086 4959 οὑ
1110 4907 1214 4978 χρὴ
1240 4908 1562 4963 κοινοποιεῖν
1587 4905 1685 4978 τὴν
1718 4906 1891 4977 σάρκα

379 5022 424 5054 ’⁸
448 5021 597 5078 Psal.
623 5039 887 5090 cxsxvtu,
916 5024 1072 5079 7-l0.

2006 2018 2102 2073 dor
2133 2020 2223 2088 qui
2259 2019 2325 2073 ab
2357 2019 2474 2089 ipso
2511 2017 2756 2088 procedit
2788 2033 2803 2070 :
2843 2015 3212 2076 verisimiliter
3241 2012 3402 2066 etiam
3441 2008 3596 2064 intel-

2006 2109 2098 2181 ligi
2130 2117 2311 2179 posset
2342 2108 2458 2164 ﬁeri
2499 2123 2657 2178 posse
2705 2117 2764 2160 ut
2805 2104 2972 2160 Filius
3011 2119 3132 2158 cum
3162 2101 3323 2155 Patre
3357 2115 3461 2154 non
3497 2100 3592 2154 sit.

2005 2202 2283 2269 Quomodo
2317 2211 2499 2255 autem
2545 2215 2650 2253 non
2712 2198 3117 2262 intellexerunt,
3148 2202 3478 2259 creaturam,
3512 2201 3592 2258 ut,

2003 2293 2232 2364 exempli
2267 2293 2463 2362 gratia,
2495 2291 2664 2347 solem
2697 2291 2844 2360 (nam
2875 2299 2929 2344 et
2959 2289 3040 2344 sol
3079 2297 3332 2343 creatura
3359 2295 3470 2349 est,
3496 2301 3592 2355 per

2006 2387 2235 2442 Verbqu
2275 2386 2448 2455 ipsum
2473 2385 2740 2439 adortqu
2776 2380 3243 2450 traductus),,per
3268 2378 3596 2442 Zodiacum,

2003 2477 2317 2549 praescripta
2350 2477 2451 2532 sibi
2499 2477 2551 2531 in
2590 2477 2732 2532 cmlo
2779 2477 2868 2531 via
2903 2475 2958 2529 in
2991 2474 3176 2528 orbem
3203 2471 3366 2536 ferri;
3398 2470 3592 2524 demit-

2005 2580 2119 2625 tere
2157 2579 2338 2624 autem
2396 2569 2589 2639 quovis
2638 2569 2879 2624 locorum
2909 2583 3067 2623 suum
3115 2565 3594 2632 lumen:cumque

2001 2663 2181 2715 omnia
2242 2661 2464 2733 impleat
2519 2661 2808 2732 Splendore
2859 2675 3018 2729 quem
3049 2675 3115 2714 ex
3144 2673 3203 2712 se
3238 2655 3484 2722 eﬂ'undit,
3511 2656 3594 2707 ni-

2003 2753 2298 2807 hilominus
2335 2761 2512 2807 tamen
2578 2752 2728 2808 illum
2777 2753 2939 2806 etiam
2976 2751 3029 2804 in
3063 2765 3121 2805 se
3157 2747 3435 2804 retinere?
3481 2745 3594 2799 Ali-

2001 2843 2288 2908 quandone
2319 2841 2484 2912 igitur
2513 2856 2620 2896 non
2651 2841 2814 2896 fuerit
2836 2841 2891 2894 in
2934 2839 3094 2894 Patre
3125 2837 3378 2908 splendor
3407 2836 3594 2908 gloriae

1999 2933 2153 3000 ejus?
2181 2945 2499 3003 separatave
2532 2932 3010 3002 l'uet'italiquando
3041 2932 3110 2986 ab
3139 2932 3417 3002 hypostasi
3451 2929 3590 2998 ejus,

2000 3025 2176 3094 imago
2217 3024 2428 3095 ipsius?
2464 3035 2518 3080 et
2547 3040 2672 3080 cum
2698 3025 2898 3090 ,onmia
2934 3023 3155 3094 impleat
3201 3023 3380 3087 Pater,
3407 3036 3589 3075 annon

1999 3115 2162 3169 etiam
2190 3116 2295 3172 hoc
2343 3117 2500 3186 juxta
2552 3116 2828 3185 propriam
2881 3130 3036 3169 suam
3077 3123 3330 3169 naturam
3371 3113 3592 3167 habebit

2000 3207 2192 3273 Filius,
2237 3209 2378 3277 quod
2441 3208 2694 3264 videlicet
2749 3207 2932 3264 omnia
2998 3207 3237 3276 imp!eat,
3287 3215 3342 3262 et
3412 3205 3590 3260 ubivis

1999 3301 2242 3356 locorum
2293 3303 2388 3366 sit,
2420 3318 2596 3372 neque
2651 3301 2718 3356 ab
2769 3300 2879 3355 ullo
2923 3301 3368 3355 absit?Diversae
3425 3298 3590 3369 igitur

1999 3406 2206 3452 naturae
2231 3394 2299 3449 ab
2348 3394 2468 3466 ipso
2515 3394 2640 3450 erit.
2666 3393 2932 3462 Quocirca
2971 3393 3022 3447 in
3071 3393 3401 3447 Arianorum
3436 3404 3588 3443 erro-

2001 3505 2158 3543 neam
2191 3487 2499 3558 opinionem
2548 3485 2926 3554 prolabuntur,
2957 3484 3045 3553 qui
3085 3483 3200 3538 haec
3241 3483 3308 3537 de
3351 3484 3465 3550 ipso
3498 3480 3586 3534 di-

1999 3595 2126 3636 cere
2164 3579 2389 3634 audent.
2420 3579 2477 3632 Si
2523 3578 2668 3632 enim
2709 3595 2838 3633 vere
2877 3578 3252 3640 crediderunt,
3295 3573 3492 3628 Filium
3535 3581 3590 3626 et

1999 3671 2193 3737 Deum,
2223 3679 2278 3726 et
2303 3684 2368 3725 ex
2405 3670 2514 3724 Deo
2535 3667 2697 3722 Patre
2717 3668 3015 3724 secundum
3051 3677 3300 3721 naturam
3346 3663 3588 3734 genitum

1997 3778 2266 3820 esse:cur
2301 3777 2404 3816 non
2427 3764 2714 3818 ascribunt
2747 3762 2822 3817 illi
2849 3778 2969 3832 qua:
3000 3762 3198 3815 divina:
3228 3769 3436 3813 natura
3459 3775 3587 3813 con-

1999 3854 2266 3909 veniunt?
2299 3852 2357 3908 Si
2389 3867 2521 3908 vero
2553 3868 2752 3908 nomen
2783 3853 3003 3922 quidem
3028 3849 3124 3905 Dei
3161 3850 3259 3918 ipsi
3297 3849 3586 3919 alliuguntl

1997 3945 2304 4000 divinitatis
2379 3954 2562 3998 autem
2625 3943 2983 4012 dignitatibus
3052 3951 3214 4010 atque
3280 3941 3588 4010 insignibus

1999 4039 2176 4106 ipsum
2227 4036 2468 4105 privam,
2533 4036 2788 4105 ignorant
2815 4049 2875 4090 se
2915 4032 3230 4089 Creatorem
3271 4031 3338 4086 ad
3399 4042 3583 4087 creati

1995 4124 2309 4189 deturbare,
2331 4124 2687 4195 omniumque
2709 4133 2861 4192 ortus
2883 4125 3178 4179 Auctorem
3208 4137 3272 4177 ac
3298 4121 3585 4176 Dominmu

1995 4220 2182 4274 eodem
2238 4233 2358 4274 cum
2423 4218 2690 4273 creaturis
2737 4217 2930 4273 ordine
2969 4216 3262 4272 collocare.
3314 4215 3583 4282 Quocirca
3672 4248 3676 4252 ι

1993 4321 2114 4367 erat
2139 4312 2355 4381 quidem
2385 4311 2437 4365 in
2467 4319 2634 4378 terra,
2655 4311 2804 4366 visus
2823 4309 3121 4366 secundum
3139 4323 3362 4364 carnem
3391 4309 3586 4373 homo;

1995 4402 2138 4472 pleni
2200 4411 2380 4457 autem
2439 4401 2789 4457 nihilominus
2845 4401 3018 4470 ipsius
3073 4400 3379 4456 divinitatis
3429 4409 3588 4452 erant

1995 4493 2140 4550 coeli.
2174 4491 2368 4547 Omnia
2397 4497 2542 4547 enim
2588 4493 2776 4561 implet
2821 4492 2961 4547 Deus
2993 4491 3269 4546 exsistcus
3323 4489 3583 4546 Verbum.

2487 4579 2653 4651 390
2693 4579 2922 4635 CAPUT
2961 4579 3078 4634 xx.

2001 4670 2264 4724 Adversus
2313 4670 2564 4732 dicentes,
2641 4668 2867 4722 Verbum
2936 4667 3275 4736 peculiariter
3319 4666 3584 4721 miracula

2070 4743 2299 4809 operari,
2341 4751 2522 4793 sancta
2567 4740 2729 4807 ipsius
2776 4753 2936 4792 carne
2983 4737 3115 4791 nihil
3164 4740 3233 4791 ad
3261 4739 3357 4792 hoc
3400 4737 3583 4804 confc-

2069 4821 2234 4863 rente.

2069 4903 2173 4957 Eos
2197 4913 2378 4956 autem
2403 4902 2492 4970 qui
2525 4899 2792 4956 alllrmant
2822 4917 2927 4956 non
2952 4911 3208 4972 oportere
3237 4916 3584 4960 communem

1503 5143 1663 5201 BON.
1694 5141 2038 5200 VULCANII
2071 5142 2304 5199 NOTAE.

371 5298 387 5352 l
398 5293 486 5364 14)
528 5293 678 5348 Πότε
715 5295 926 5368 τοίνυν
958 5296 1071 5350 οὐκ
1099 5291 1179 5368 ἦν
1213 5296 1284 5350 ἐν
1312 5295 1395 5368 τῷ
1428 5295 1609 5365 Πατρὶ
1638 5295 1703 5349 τὸ
1736 5295 1898 5368 daal}

2002 5312 2107 5368 Γμα
2142 5294 2250 5364 τῆς
2299 5295 2486 5368 δόξης
2519 5296 2708 5368 αὑτοῦ
2728 5313 2748 5362 ;
2781 5297 2906 5351 Isid.
2943 5297 3242 5368 Pelusiotes
3291 5295 3580 5368 epist._58,

296 5365 312 5418 l
340 5368 390 5438 b.
427 5365 996 5438 ut,eleganter_locum
1028 5365 1170 5422 hunc
1203 5366 1458 5435 explicat,
1494 5369 1720 5438 dicens;
1753 5366 1899 5419 Ka‘to.

2002 5365 2232 5438 arrecto;
2266 5367 2476 5438 Παῦλος
2508 5369 2603 5420 καὶ
2631 5367 2822 5438 ὥσπερ
2852 5369 3038 5432 ἔνθους
3070 5367 3382 5438 γενόμενος,
3407 5366 3587 5419 πάντα

293 5435 369 5488 τὰ
391 5435 559 5517 γῄῖνα
589 5436 1017 5558 πιῖραδείγματα,
1061 5438 1527 5560 ὑπερνηξάὲοενος,
1573 5436 1918 5522 ἀπαύγασμα
1947 5437 2048 5508 τῆς
2087 5437 2268 5508 δόξης,
2315 5437 2412 5492 καὶ
2446 5439 2772 5560 χιέρακτῇρα
2793 5435 2913 5507 -τῆς
2960 5435 3311 5500 ὑποστάσεως
3353 5438 3454 5507 τῆς
3482 5455 3587 5489 πα-

293 5522 493 5560 τρικης
519 5505 612 5558 τὸν
689 5508 766 5560 ἱὸν
817 5503 961 5560 εῖναι
989 5507 1255 5560 ωοίσατο·
1288 5509 1338 5560 δι
1408 5507 1505 5560 μὲν
1533 5524 1626 5559 του
1671 5523 1890 5560 πρῶτον
1931 5509 1992 5560 τὸ
2033 5509 2326 5560 συνατδιον.
2355 5507 2446 5560 διὰ
2595 5525 2691 5560 του
2724 5508 2978 5560 δευτέρου
3026 5506 3492 5560 παραδείγματος.
3525 5508 3585 5560 τὸ

293 5503 493 5588 τρικῆς
519 5505 612 5558 τὸν
637 5503 766 5560 Υἱὺν
817 5503 961 5588 εἶναι
985 5503 1269 5588 stirpium-ro"
1288 5509 1338 5588 ἓ

1407 5507 1505 5579 μὲν
1533 5506 1894 5579 τοῦχτιτρῴτοι)Δ
1931 5506 2013 5560 τδ
2033 5506 2326 5573 συνατδιον,
2355 5507 2446 5561 διὰ

2595 5506 2978 5578 τοῦδευτέρου
3026 5506 3492 5578 παραδείγματος,
3525 5508 3585 5560 τὸ

296 5575 666 5630 ἑνυπόστατον
703 5577 947 5648 μηνύων.
983 5575 1104 5649 ῌὸο
1145 5588 1248 5644 est,
1282 5575 1350 5630 Et
1381 5575 1588 5649 divinus
1623 5575 1725 5649 ille
1757 5577 1983 5643 Paulus,
2029 5595 2091 5631 ac
2125 5579 2260 5632 velut
2295 5580 2402 5632 Deo
2435 5579 2617 5649 plenus
2632 5577 2836 5649 Iactus,
2870 5575 3047 5632 omnes
3092 5575 3327 5649 terrenas
3369 5594 3583 5649 compa-

301 5658 544 5700 rationes
570 5646 898 5717 transiliens,
923 5647 1252 5716 splendorem
1285 5648 1469 5717 glorice
1497 5657 1547 5701 et
1595 5646 1946 5701 characterem
1985 5660 2222 5717 paterna:
2255 5646 2586 5714 substa'ntiw,
2620 5647 2821 5717 Filium
2850 5663 2960 5701 esse
2993 5648 3201 5712 statuit,
3234 5664 3325 5714 per
3347 5648 3580 5717 priorem

296 5715 1105 5793 comparationerncoagulum
1143 5715 1582 5793 css_e__:1_’atri,_p_er
1607 5717 1963 5793 posteriorem
1986 5715 2117 5793 uero
2167 5720 2636 5793 comparationem,
2670 5719 2729 5793 in
2759 5715 2940 5793 Patre
2967 5719 3217 5772 exsistere
3261 5715 3576 5793 cuiiusigni-

211 5817 224 5830 ι
297 5785 488 5860 ﬁcum.
520 5785 874 5860 ltaerillus‘
901 5785 1179 5860 Christum
1205 5786 1411 5860 Filium
1447 5785 1558 5844 Dei.
1602 5789 1665 5839 ὲκ
1692 5785 1830 5860 Θεοῦ
1882 5805 1899 5856 ι

2014 5791 2227 5859 Πατρὸς
2259 5785 2366 5859 πρὸ
2398 5788 2600 5852 παντὸς
2637 5787 2829 5852 αἰῶνος
2858 5789 2953 5841 καὶ
2995 5791 3186 5860 χρόνου
3216 5787 3570 5859 γεννηθέντα,

297 5854 451 5920 θεὸν,
487 5857 577 5909 καὶ
613 5857 892 5928 Μονογενῆ
925 5859 1016 5910 καὶ
1051 5857 1413 5912 ὲνυπόστατον
1445 5860 1615 5926 Λόγον
1646 5859 1827 5921 αὑτοῦ,
1853 5854 1940 5913 γὺι
1955 5872 2026 5914 at.
