4058 6452
427 409 564 465 1115

1411 410 1467 465 S.
1509 408 1780 467 CYRILLI
1820 406 2290 464 ALEXANDRINI
2330 405 2649 462 AliCliiEl’.

3561 403 3705 462 1116

425 525 609 580 facere
639 538 863 582 carnem
898 540 1020 581 cum
1057 523 1347 580 divinitate
1383 523 1683 594 Unigeniti,
1718 539 1894 596 neque
1926 524 1998 579 di-

2128 525 2179 595 τῇ
2229 522 2447 593 θεότητι
2491 520 2587 577 τοῦ
2640 520 3016 591 Μονογενοῦς,
3062 522 3180 577 οὐδὲ
3231 520 3329 593 τὴν
3362 519 3592 595 θεότητα
3631 524 3708 596 τῇ,

426 616 705 673 vinitatem
750 633 869 673 cum
908 631 1074 673 carne
1117 617 1172 674 in
1208 615 1540 672 editiouihus
1575 616 2007 671 miraculorum:

426 717 517 761 aut
545 708 708 763 etiam
746 710 1068 763 suscitatum
1118 723 1238 763 esse
1288 707 1554 762 L’azarum
1593 723 1624 764 e
1660 715 2010 763 monumento

426 797 695 853 clamante
733 813 840 854 non
870 799 1115 868 homine,
1157 798 1252 854 sed
1294 798 1404 855 Deo
1433 797 1648 854 Verbo:
1676 808 1731 854 et
1759 814 1882 855 cum
1908 800 2013 853 iter

428 887 653 957 faceret,
685 905 791 945 non
825 891 991 945 Deum
1022 890 1392 946 lassitudinem
1425 892 1683 956 sensisse,
1701 892 1797 946 sed
1833 891 2010 946 homi-

427 994 550 1034 nem
602 991 983 1050 assumptum:
1030 982 1122 1052 qui
1172 984 1338 1036 etiam
1394 981 1592 1037 famem
1640 997 1704 1038 ac
1748 982 1896 1037 sitim
1931 992 2014 1038 est

426 1079 709 1140 expertus,
750 1070 1008 1141 crucique
1050 1070 1238 1127 aiiixus
1265 1083 1321 1127 et
1355 1081 1603 1128 mortuus
1653 1083 1773 1129 est:
1806 1072 1861 1129 in
1890 1073 2012 1127 uni-

427 1172 646 1213 versum
676 1175 704 1212 a
735 1159 967 1215 veritate
1008 1160 1266 1216 aberrare
1292 1160 1546 1229 dicimus,
1579 1162 2015 1234 mysteriumque

426 1249 821 1305 incarnationis
870 1251 1144 1320 ignorare.
1192 1249 1379 1321 Neque
1430 1253 1577 1308 enim
1609 1253 1842 1309 dicimus
1877 1252 2015 1308 duos

426 1352 549 1393 esse
577 1339 765 1405 Filios,
805 1355 981 1411 neque
1030 1343 1167 1397 duos
1207 1341 1485 1409 Christus,
1522 1344 1619 1399 sed
1665 1360 1831 1400 unum
1854 1345 2009 1400 Chri-

424 1438 570 1485 stum
616 1441 671 1485 et
723 1432 955 1500 Filium;
1001 1432 1096 1503 qui
1143 1433 1362 1503 quidem
1416 1448 1484 1489 ex
1533 1434 1646 1490 Deo
1688 1432 1853 1493 Patre
1885 1445 2016 1493 ante

426 1522 608 1577 omnia
643 1524 843 1577 sarcula
879 1532 933 1578 et
992 1534 1236 1595 tempora
1283 1525 1522 1595 genitus,
1568 1534 1625 1581 et
1671 1526 1723 1581 in
1765 1528 1880 1596 ipso
1914 1544 2013 1583 ex-

427 1614 575 1668 sistit
605 1612 844 1669 Verbum
877 1616 1047 1684 ipsius
1080 1636 1094 1672 :
1130 1618 1181 1672 in
1215 1618 1422 1676 ultimis
1450 1629 1632 1674 autem
1660 1620 1839 1675 saeculi
1878 1629 2015 1675 tem-

2113 615 2280 686 σαρκὶ
2299 617 2358 668 ὲν
2381 617 2503 677 ταῖς
2528 614 2993 686 θαυματουργίαις
3009 631 3023 645 ⁸
3053 614 3087 685 ἢ
3113 616 3208 669 καὶ
3231 614 3312 668 ὃτι
3334 615 3426 668 τὸν
3450 613 3702 687 Λάζαρον

2113 707 2178 759 ὲκ
2210 704 2303 759 τοῦ
2356 704 2622 776 μνημείου
2670 705 2894 776 ἧγειρεν
2930 704 3191 776 φωνήσας
3240 706 3340 760 οὐκ
3376 705 3665 777 ἄνθρωπος
3682 750 3711 774 ,.

2113 796 2228 851 ἀλλ’
2258 797 2287 849 6
2315 796 2448 857 Θεὸς
2499 796 2702 865 Λόγος·
2731 795 2826 848 καὶ
2854 796 2938 849 ὅτι
2970 795 3069 865 οὐχ
3108 796 3137 848 6
3167 795 3299 859 Θεὸς
3342 796 3602 850 ἐκοπίασε
3643 798 3704 852 ὲν

2112 891 2178 961 τῇ
2215 886 2517 960 ὁδοιπορίᾳ,
2552 886 2667 941 ἀλλ’
2695 887 2725 939 6
2758 885 3090 957 ἀναληφθεὶς
3134 884 3449 957 ἄνθρωπος,
3480 888 3575 941 καὶ
3606 888 3705 943 αὐ-

2114 981 2206 1045 τος
2247 980 2533 1051 ἐπείνησε,
2582 979 2678 1034 καὶ
2722 977 2975 1049 ἐδίψησε,
3014 978 3110 1031 καὶ
3158 977 3577 1051 ὲνεσταυρὼθη,
3608 979 3713 1035 καὶ

2114 1072 2414 1130 ἀπέθανεν
2443 1071 2756 1143 όλοτρόπως
2783 1070 2962 1142 φαμὲν
2993 1070 3429 1141 διημαρτηκέναι
3456 1070 3559 1141 τῆς
3581 1070 3704 1142 ἀλη-

2115 1164 2291 1230 θείας,
2330 1164 2428 1219 καὶ
2458 1163 2560 1234 τῆς
2588 1162 2734 1235 μιτά
2761 1161 2964 1233 σαρκὸς
3004 1162 3319 1233 οἰκονομίας
3344 1162 3612 1232 ἀγνοῆσαι
3642 1163 3706 1216 τὸ

2120 1258 2440 1328 μυστήριον.
2460 1255 2535 1311 Οὐ
2574 1255 2686 1326 γὰρ
2721 1249 2863 1309 εἷναί
2902 1270 3084 1323 φαμεν
3111 1253 3275 1316 Υίοὺς
3306 1252 3421 1319 δύο,
3454 1252 3579 1307 οὐδὲ
3612 1253 3709 1307 δύο

2117 1348 2421 1419 Χριστοὺς,
2464 1347 2584 1402 ἀλλ’
2622 1346 2719 1403 ἕνα
2750 1345 3005 1418 Χριστὸν,
3034 1345 3130 1401 καὶ
3161 1344 3312 1409 Υίδν,
3347 1344 3440 1398 τὸν
3472 1346 3537 1400 ix
3568 1344 3709 1399 Θεοῦ

2123 1441 2220 1512 μὲν
2262 1440 2478 1511 Πατρδς
2514 1439 2624 1512 πρὸ
2652 1439 2857 1503 παντὸς
2890 1436 3088 1501 αίῶνος
3119 1437 3216 1491 καὶ
3254 1435 3451 1508 χρόνου
3508 1444 3709 1505 γεννη-

2119 1531 2280 1585 θέντα
2305 1530 2459 1595 Θεὸν,
2498 1527 2765 1600 μονογενῆ
2804 1528 2899 1583 καὶ
2918 1526 3282 1582 ὲνυπόστατον
3307 1527 3480 1595 Λόγον
3504 1526 3670 1580 αὐτοῦ
3691 1542 3715 1556 °~

2119 1624 2177 1675 ἐν
2208 1621 2460 1691 ἐσχάτοις
2495 1620 2551 1675 δὲ
2584 1619 2677 1675 τοῦ
2724 1620 2919 1683 αἰῶνος
2963 1621 3176 1692 καιροῖς
3226 1617 3317 1672 τὸν
3370 1618 3533 1673 αὑτὸν
3569 1618 3713 1672 κατά

429 1708 654 1777 poribus
686 1711 938 1765 eumdem
965 1712 1263 1767 secundum
1298 1728 1520 1769 carnem
1547 1729 1614 1770 ex
1649 1716 1874 1770 muliere
1911 1730 2014 1770 na-

2128 1712 2303 1781 σάρκα
2332 1713 2395 1764 ὲκ
2427 1710 2705 1779 γυναικός.
2731 1711 2923 1765 Τοίνυν
2954 1710 3030 1775 ὡς
3062 1710 3284 1780 δίψυχον
3326 1708 3402 1779 μὴ
3430 1709 3710 1779 ἀποδιορί-

433 1813 569 1862 tum.
615 1802 691 1859 Ne
730 1804 897 1874 igitur
942 1814 1201 1875 tanquam
1243 1805 1537 1863 bianimem
1580 1808 1921 1879 distinguant
1949 1825 2014 1866 ac

2128 1801 2384 1867 ζέτωσαν,
2415 1799 2553 1870 μηδὲ
2575 1798 2670 1852 δύο
2712 1801 2844 1871 ἡμῖν
2872 1799 3339 1870 είσκομιζέτωσαν
3361 1798 3542 1865 Υίοὺς,
3571 1799 3720 1852 ἀλλά

429 1903 712 1961 separent,
784 1909 919 1950 neve
971 1895 1104 1951 duos
1156 1897 1315 1952 nobis
1366 1897 1626 1953 inducant
1673 1897 1874 1954 Filios.
1920 1902 2016 1955 sed

2128 1894 2216 1948 Eva
2260 1893 2477 1947 καὶτὸν
2521 1891 2682 1946 αὐτὸν
2727 1891 3184 1962 όμολογείτωσαν,
3230 1892 3307 1955 ὡς
3351 1890 3709 1962 ἔνανθρωπή-

429 1996 597 2035 unum
628 1992 793 2052 atque
821 1985 1072 2038 eumdem
1110 1985 1405 2051 iateantur,
1443 1995 1504 2041 ut
1533 1988 1878 2044 incarnatum
1915 1989 2014 2047 Del

2128 2002 2289 2041 σαντα
2313 1983 2449 2038 Θεοῦ
2478 1983 2670 2053 Λόγον,
2699 1984 2793 2037 καὶ
2822 1982 2987 2037 αὐτοῦ
3019 1984 3220 2049 πάντα,
3253 1983 3349 2036 καὶ
3378 1981 3585 2052 φωνὰς,
3617 1982 3713 2036 καὶ

429 2070 696 2136 Verbum;
734 2075 1085 2146 ejusdemque
1110 2092 1233 2133 esse
1261 2078 1443 2132 omnia
1476 2118 1493 2147 ,
1517 2090 1574 2133 et
1603 2082 1763 2136 verba
1792 2091 1845 2137 et
1882 2098 2015 2154 ope-

2128 2076 2419 2147 ἐνεργείας.
2456 2074 2676 2147 Ἐπειδὴ
2703 2074 2811 2147 γάρ
2836 2076 2865 2129 6
2891 2075 3056 2138 αὐτὸς
3089 2069 3158 2146 ἦν
3186 2073 3319 2139 Θεὸς
3346 2073 3481 2145 ὁμοῦ
3531 2092 3590 2128 τε
3617 2074 3723 2128 καὶ,

428 2165 691 2219 rationes.
725 2166 859 2221 Cum
883 2169 1027 2224 enim
1064 2169 1179 2239 ipse
1222 2168 1366 2225 Deus
1394 2171 1487 2237 sit,
1518 2181 1574 2226 et
1614 2172 1777 2228 simul
1804 2190 2017 2245 quoque

2128 2165 2441 2238 Ξνθρωπος,
2483 2165 2636 2218 λαλεῖ
2679 2166 2774 2218 καὶ
2824 2163 3147 2236 θεοπρεπῶς
3190 2165 3285 2219 καὶ
3332 2163 3711 2236 ἀνθρωπίνως.

429 2256 625 2321 homo,
663 2256 902 2326 inquitnr
937 2261 1325 2316 convenienter
1349 2271 1403 2317 et
1430 2263 1693 2319 divinitati
1737 2275 1791 2320 et
1826 2268 2017 2321 huma-

2133 2259 2376 2329 Ἐνεργεῖ
2398 2258 2453 2311 δὲ
2481 2261 2682 2329 ὁμοίως
2708 2257 2800 2311 καὶ
2828 2257 2899 2311 τά
2930 2255 3251 2329 ἀνθρώπινα
3279 2258 3373 2310 καλ⁵
3406 2257 3724 2328 θεοπρεπῆ..

430 2348 585 2403 nitati
614 2366 628 2403 ;
655 2361 910 2418 operatur
946 2362 1124 2406 autem
1157 2352 1321 2407 etiam
1355 2353 1609 2412 similiter
1651 2366 1706 2411 et
1752 2358 1932 2412 divina
1965 2366 2020 2412 et

2128 2351 2293 2404 Ὅταν
2332 2351 2511 2407 τοίνυν
2542 2352 2641 2421 οὐχ
2688 2347 3013 2421 ὁμολογοῦσι
3045 2348 3143 2402 ἕνα
3174 2348 3303 2401 Υίὸν
3350 2347 3447 2401 καὶ
3480 2348 3714 2419 Χριστὸν

431 2439 691 2496 humana.
722 2441 857 2497 Cum
896 2443 1059 2513 igitur
1089 2458 1194 2499 non
1238 2443 1480 2501 fatentur
1531 2463 1696 2503 unum
1733 2447 1929 2504 Filium
1966 2460 2020 2507 et

2128 2446 2216 2499 καὶ
2254 2445 2489 2516 Κύριον,
2541 2441 2877 2515 διαιροῦντες
2928 2441 3159 2512 ἀμαθῶς
3208 2442 3580 2494 πεπαύσονται
3620 2439 3719 2495 καὶ

431 2530 742 2597 Dominum,
764 2533 1019 2588 desinant
1065 2535 1320 2605 imperite
1358 2552 1482 2593 eum
1537 2539 1779 2596 dividere
1803 2550 1856 2595 et
1894 2558 2019 2610 par-

2128 2536 2423 2597 διῖστάντες
2458 2536 2538 2597 εἰς
2578 2532 2691 2598 δύο,
2725 2532 2799 2597 ὡς
2846 2532 2944 2585 ἕνα
2978 2531 3077 2602 μὲν
3115 2530 3300 2595 ίδικῶς
3348 2531 3443 2583 καὶ
3476 2529 3578 2583 ἀνά
3619 2530 3718 2599 μέ-

433 2623 520 2676 tiri
554 2625 605 2677 in
630 2628 806 2690 duos;
847 2636 904 2678 ut
932 2642 1071 2680 unus
1097 2627 1320 2697 quidem
1355 2630 1650 2698 separatim
1685 2640 1737 2687 et
1768 2634 2021 2689 distincte

2128 2643 2216 2697 ρος
2238 2624 2366 2678 Υίδν
2392 2623 2653 2691 νοεῖσθαι,
2680 2623 2772 2677 τὸν
2800 2624 2865 2676 ὲκ
2890 2620 3025 2676 Θεοῦ
3060 2621 3275 2691 Πατρός
3299 2621 3496 2689 Λόγον,
3529 2618 3723 2690 ἕτερον⁴

433 2711 605 2769 Filius
634 2714 991 2786 intelligatur,
1026 2714 1266 2775 Verbum
1295 2720 1552 2777 videlicet
1579 2737 1645 2777 ex
1682 2721 1790 2778 Deo
1823 2724 2017 2789 Patre:

2128 2717 2177 2772 δὲ
2217 2716 2378 2771 πάλιν
2424 2715 2611 2780 ίδικῶς
2655 2716 2750 2769 καὶ
2794 2714 2897 2769 ἀνά
2929 2713 3093 2785 μέρος
3122 2712 3274 2776 Υίδν,
3304 2711 3418 2777 τὸν,
3448 2710 3526 2774 ὡς
3561 2710 3717 2764 αὐτοί

433 2805 574 2860 alius
617 2817 796 2861 autem
852 2824 1039 2866 rursus
1080 2812 1373 2881 separatim
1427 2822 1482 2868 et
1526 2815 1781 2873 distincte
1826 2817 2019 2880 Filius.

2128 2826 2280 2880 φασι,
2305 2808 2685 2878 ἀναληφθέντα
2714 2805 3024 2879 ἄνθρωπον.
3059 2803 3247 2876 Φαμὲν
3277 2804 3386 2874 γάρ
3414 2801 3513 2874 οὐχ
3542 2799 3718 2865 οὕτως

435 2906 495 2947 ut
540 2895 640 2965 ipsi
690 2897 904 2968 quidem
962 2899 1172 2964 volunt,
1222 2901 1311 2969 qui
1361 2902 1632 2958 hominem
1704 2910 2020 2978 assumpsit.

435 2985 546 3040 Nos
576 2988 720 3041 enim
757 3004 1097 3060 nequaquam
1131 2992 1203 3046 ita
1238 2992 1493 3061 dicimus,
1534 3010 1706 3065 neque
1740 2997 1810 3051 ita
1842 3001 2023 3054 cretli-

436 3094 594 3133 mus:
628 3080 723 3132 sed
755 3082 897 3150 quod
949 3082 1093 3138 Deus
1121 3085 1393 3141 exsistens
1437 3086 1675 3143 Verbum
1704 3089 1903 3144 factum
1939 3102 2024 3147 est

436 3184 598 3235 caro,
628 3185 803 3238 neque
833 3174 991 3228 desiit
1016 3188 1139 3230 esse
1166 3175 1329 3243 Deus,
1364 3176 1455 3231 sed
1480 3180 1775 3247 permansit
1796 3179 1849 3234 id
1874 3182 2017 3250 quod

435 3269 573 3325 erat,
604 3262 809 3332 absque
849 3264 953 3320 ulla
985 3269 1285 3323 mutatione
1318 3268 1433 3323 sive
1466 3268 1805 3337 alteratione,
1829 3282 1883 3326 et
1904 3288 2024 3327 ear-

436 3350 525 3405 nis
555 3363 714 3423 atque
738 3357 1020 3425 sanguinis
1051 3361 1323 3430 particeps
1354 3359 1651 3415 secundum
1680 3360 2022 3432 Scripturas:

437 3457 660 3500 carnem
696 3438 833 3501 ’vero
866 3449 966 3518 ipsi
1003 3452 1235 3515 unitam,
1268 3452 1654 3522 propriamque
1695 3454 1866 3522 ipsius
1893 3454 2025 3510 οπο-

438 3546 605 3606 etam,
659 3540 839 3594 anima
872 3540 1211 3610 intelligente
1243 3544 1537 3598 animatam
1576 3543 1745 3600 fuisse
1774 3546 2026 3603 dicimus.

936 3653 1097 3725 391
1130 3655 1356 3711 CAPUT
1389 3655 1531 3712 XXI.

2124 2904 2320 2974 ἡμεῖς,
2362 2900 2472 2955 οὐδ’
2509 2900 2682 2964 οὕτως
2723 2898 3078 2969 πιστεύομεν,
3124 2895 3237 2950 ἀλλ’
3280 2895 3363 2950 δτι
3405 2892 3537 2957 Θεὸς
3582 2891 3658 2946 ὢν
3689 2895 3723 2947 ὀ

2124 2996 2296 3063 Λόγος
2330 2994 2556 3061 γέγονεν
2588 2991 2748 3063 σὰρξ,
2788 2992 2888 3044 οὐκ
2936 2987 3231 3043 ἀποϐαλὼν
3260 2986 3321 3041 τὸ
3365 2980 3505 3039 εἶναι
3546 2984 3728 3050 Θεὸς,

2127 3086 2262 3141 ἀλλά
2310 3085 2406 3139 καὶ
2440 3081 2766 3155 μεμενηκὼς
2796 3083 2936 3153 ὅπερ
2981 3076 3049 3152 ἦν
3094 3079 3377 3151 ἀτρέπτως
3408 3076 3503 3130 καὶ
3549 3074 3718 3130 ἀναλ-

2128 3178 2388 3243 λοιώτως,
2417 3177 2512 3230 καὶ
2563 3174 2762 3247 σαρκὸς
2791 3174 2886 3227 καὶ
2917 3172 3152 3243 αἵματος
3191 3167 3543 3243 μετεσχηκὼς
3577 3167 3723 3221 κατά

2129 3273 2228 3336 τὰς
2260 3269 2515 3342 Γραφάς·
2549 3268 2648 3340 τὴν
2690 3266 2746 3320 δέ
2781 3284 2846 3334 γε
2892 3263 3185 3318 ὲνωθεῖσαν
3229 3262 3398 3332 αὐτῷ,
3442 3261 3534 3315 καὶ
3584 3258 3727 3312 ἰδὶαν

2129 3361 2293 3417 αὐτοῦ
2338 3361 2639 3434 γενομένην
2706 3357 2885 3429 σάρκα
2946 3354 3261 3428 ἐψυχῶσθαί
3326 3370 3508 3425 φαμεν
3570 3351 3732 3424 ψυχῇ

2130 3458 2313 3528 νοερᾷ.

2715 3650 2965 3704 ΚΕΦΛΛ.
3009 3644 3139 3701 KA'.

438 3758 973 3836 Adzjerstts_rlicetzles
1024 3783 1124 3820 non
1163 3782 1277 3821 esse
1328 3779 1655 3834 assumptum
1704 3789 1820 3826 rum
1871 3792 2021 3830 carne

2130 3765 2288 3836 Πρὸς
2326 3764 2467 3830 τοὺς
2498 3763 2808 3836 λέγρνζαςι
2839 3761 2928 3814 ὅτι
2955 3760 3068 3836 ρὺκ
3094 3755 3408 3836 ᾀ.νεὲλήφθη
3430 3752 3576 3836 μεῖά
3604 3751 3721 3836 Ἶῖς

510 3832 612 3886 sibi
638 3834 818 3915 um’tg';
851 3838 1164 3915 et_ml_versus
1200 3832 1665 3915 dicentesromus
1697 3857 2027 3915 assumptum

513 3915 711 3959 sancta:
751 3902 823 3957 Tr
850 3907 999 3959 ηἱιιιιὶ
1030 3909 1357 3960 cohzmistum
1385 3902 1571 3977 fuisse.

508 4076 859 4146 Assumptum
902 4092 1030 4132 vero
1064 4093 1188 4134 esse
1210 4094 1334 4136 cum
1379 4094 1548 4134 carne
1581 4080 1681 4135 sibi
1716 4084 1863 4140 unita
1891 4103 2029 4156 quo-

441 4166 602 4222 modo
627 4168 895 4238 quispiam
933 4170 1248 4239 negaverit?
1276 4171 1609 4230 Suscitatum
1642 4177 1785 4231 enim
1819 4195 1848 4233 a
1884 4194 2029 4235 mor-

2198 3823 2528 3899 ἐνωθείσὴς
2568 3823 2731 3904 αὐτῷ
2766 3823 3043 3904 ’σαρκόᾳ
3091 3828 3201 3904 [gul
3240 3823 3392 3904 πρρς
3433 3823 3571 3904 τοὺ-ς

2200 3922 2441 3977 γοντίιᾲς,
2474 3892 2564 3956 ἔτι
2586 3902 2652 3957 τὸ
2678 3892 3027 3971 araneas;
3057 3895 3230 3968 σῶμα
3260 3892 3333 3966 τῇ
3358 3896 3494 3966 ἁγίᾳ
3524 3892 3714 3963 Τριὰδι

2201 3975 2627 4047 συγκέκραται.

2204 4091 2329 4145 ’Ότι
2365 4089 2422 4143 δὲ
2455 4088 2548 4142 καὶ
2581 4085 2858 4157 ἀνελήφθη
2900 4084 3040 4156 μετά
3074 4084 3172 4154 τῆς
3222 4079 3516 4150 ἐνωθείσης
3567 4077 3725 4149 αὐτῷ

2135 4185 2354 4257 σαρκὸς,
2396 4181 2514 4244 πῶς
2544 4181 2610 4234 ἂν
2638 4177 2929 4231 ὲνδοιάσειέ
2960 4193 3085 4242 τις;
3134 4175 3240 4228 Τὸν
3269 4173 3379 4244 γὰρ
3413 4174 3475 4225 ὲκ
3506 4170 3722 4242 νεκρῶν

443 4258 570 4323 tuis,
614 4259 787 4329 ipsum
835 4261 1102 4328 videlicet,
1137 4264 1281 4318 sicut
1317 4266 1568 4335 apparuit
1616 4276 1670 4321 et
1714 4269 2021 4340 intelligitur

2132 4271 2525 4345 ἐγηγερμένον,
2556 4267 2718 4322 αὑτὸν
2747 4265 3009 4336 δηλονότι,
3039 4264 3158 4318 καθ’
3181 4264 3208 4317 6
3227 4266 3431 4333 πέφηνε
3464 4261 3560 4314 καὶ
3589 4261 3721 4312 vesi-

442 4352 943 4417 ltomo,tollncavit
978 4354 1139 4410 Pater
1185 4356 1236 4410 in
1268 4356 1461 4412 dextra
1505 4358 1686 4413 throni
1726 4361 2030 4432 majestatis

443 4445 496 4499 in
521 4446 779 4513 excelsis,
812 4463 971 4517 supra
1008 4465 1222 4504 onmem
1270 4451 1659 4523 principatum,
1694 4463 1747 4509 et
1788 4468 2027 4525 potesta-

2131 4383 2221 4419 ται
2250 4362 2556 4436 ἄνθρωπος,
2593 4358 2885 4413 κεκάθικεν
2915 4359 2941 4411 6
2972 4355 3163 4427 Πατὴρ
3198 4356 3256 4408 ὲν
3279 4354 3427 4423 δεξιᾷ
3466 4352 3560 4405 τοῦ
3596 4351 3723 4423 θρό-

2132 4475 2222 4510 νῡυ
2250 4456 2346 4525 τῆς
2373 4449 2758 4525 μεγαλωσύνης
2784 4451 2842 4502 ὲν
2865 4450 2978 4512 τοῖς
3000 4447 3242 4519 ὑψηλοῖς,
3265 4446 3523 4515 ὑπεράνω
3541 4444 3735 4513 πάσης

444 4544 575 4603 tem,
608 4547 664 4593 et
697 4539 1147 4608 dominationem,
1177 4553 1234 4597 et
1268 4556 1433 4613 supra
1468 4558 1631 4600 omne
1659 4560 1853 4600 nomen
1884 4545 2021 4617 quod

2135 4546 2310 4619 ἀρχῆς
2336 4545 2431 4598 καὶ
2468 4542 2736 4609 ἐξουσίας,
2771 4539 3202 4609 καὶδυνάμεως,
3234 4538 3328 4591 καὶ
3360 4535 3725 4607 κυριότητος,

440 4629 755 4685 nominatur
780 4630 848 4685 “.
879 4631 1070 4687 Veniet
1101 4643 1281 4689 autem
1310 4636 1385 4688 ita
1418 4648 1607 4689 rursus
1633 4650 1730 4691 suo
1761 4645 2024 4706 tempore.

442 4717 730 4776 Suﬂecerit
759 4732 939 4777 autem
966 4722 1033 4777 ad
1068 4724 1230 4796 hujus
1271 4724 1350 4781 rei
1392 4724 1549 4781 ﬁdem
1583 4739 1897 4783 sanctorum
1926 4744 2025 4783 an-

440 4809 681 4876 gelorum
722 4826 850 4878 vox,
885 4813 977 4882 qui
1001 4814 1495 4884 contemplantibus
1539 4818 1713 4888 ipsmn
1762 4821 1815 4875 in
1860 4820 2029 4876 caelos

442 4902 854 4965 ascendentem,
900 4912 1187 4973 postquam
1213 4921 1245 4962 e
1279 4908 1508 4965 mortuis
1538 4909 1830 4966 suscitatus
1858 4920 2024 4977 esset,

442 5003 630 5059 aperte
661 4994 966 5049 clamarunt
992 5013 1006 5049 :
1045 5016 1063 5049 ι
1102 4996 1199 5053 ilic
1224 5009 1307 5054 est
1331 4999 1488 5056 Iesus
1519 5010 1833 5071 assumptus
1856 5018 1889 5058 a
1928 5017 2025 5058 vo-

441 5081 562 5146 bis;
592 5083 681 5138 hic
706 5087 888 5140 veniet
909 5086 1097 5140 eodem
1126 5091 1288 5146 modo
1307 5106 1415 5161 quo
1437 5092 1612 5163 ipsum
1646 5094 1859 5149 vidistis
1892 5109 2025 5148 eun-

443 5180 550 5228 tem
578 5173 636 5228 in
659 5172 856 5230 celum
900 5178 968 5232 ".
1017 5197 1036 5231 ι
1070 5177 1127 5233 Si
1174 5194 1305 5252 ergo
1333 5182 1429 5253 qui
1475 5184 1864 5254 assumptionis
1909 5183 2029 5254 ejus

443 5277 778 5336 spectatores
806 5269 1041 5338 fuerunt,
1063 5271 1297 5329 Verbum
1314 5288 1481 5329 carne
1507 5284 1726 5330 exutum
1752 5277 2026 5330 viderunt:

448 5357 644 5411 merito
674 5360 917 5415 nonnulli
950 5363 1116 5417 etiam
1161 5363 1236 5417 ita
1280 5372 1571 5418 venturum
1619 5380 1740 5418 eum
1783 5365 2029 5434 suspica-

448 5460 656 5505 rentur.
694 5451 828 5507 Cum
877 5470 1005 5508 vero
1033 5457 1237 5511 sanctis
1277 5455 1540 5524 apostolis
1566 5457 1930 5512 certissimam
1965 5457 2028 5511 il-

451 5542 571 5595 dem
608 5542 821 5611 fecerit,
867 5547 1139 5616 palpabile
1179 5562 1379 5619 corpus
1424 5562 1581 5601 suum
1627 5549 1943 5614 ostendens,
1973 5559 2031 5604 et

450 5634 530 5686 sic
554 5630 861 5705 assumptus
896 5650 978 5693 est
1008 5654 1021 5693 :
1060 5639 1132 5694 ita
1168 5653 1387 5693 rursum
1422 5644 1681 5693 venturus
1717 5650 1821 5702 est.
1856 5654 2029 5709 neque

529 5807 568 5839 "
598 5808 793 5878 Ephes.
828 5824 865 5873 t,
892 5811 983 5864 2i.
1062 5814 1108 5844 ⁷¹
1132 5812 1254 5868 Act.
1293 5829 1331 5877 ι,
1370 5812 1449 5867 ll.

2134 4640 2230 4693 καὶ
2278 4635 2477 4700 παντὸς
2522 4633 2786 4703 ὀνόματος
2835 4630 3262 4701 ὀνομαζομένου.
3297 4628 3455 4695 Ἥξει
3482 4628 3537 4680 δὲ
3574 4626 3732 4681 οὕτω,

2134 4729 2274 4784 κατά
2314 4725 2562 4798 καιρούς.
2613 4726 2722 4779 Καὶ
2762 4722 2989 4793 ἀρκέσει
3030 4721 3167 4791 πρὸς
3209 4720 3366 4773 τοῦτο
3403 4718 3513 4771 τῶν
3548 4718 3720 4785 ἁγίων

2133 4820 2381 4890 ἀγγέλων
2414 4820 2446 4888 ὴ
2479 4815 2631 4886 φωνὴ
2660 4817 2773 4880 τοῖς
2824 4815 3120 4884 θεωμένοις
3162 4813 3325 4868 αὐτὸν
3360 4812 3729 4867 ἀναϐαίνοντα

2137 4914 2273 4987 μετά
2301 4912 2403 4982 τὴν
2433 4913 2498 4966 ἐκ
2526 4908 2734 4977 νεκρῶν
2762 4908 3081 4971 ἀναϐίωσιν,
3104 4906 3406 4976 ἀναφανδὸν
3437 4902 3686 4973 βοώντων
3704 4920 3718 4932 ·

2140 5025 2157 5057 ι
2196 4998 2362 5066 Οὗτος
2409 5003 2439 5055 6
2491 4999 2700 5070 Ἰησοῦς
2740 5000 2769 5052 6
2804 4999 3136 5071 ἀναληφθεὶς
3183 4998 3276 5068 ἀφ’
3323 4997 3497 5068 ὑμῶν,
3546 4993 3721 5057 οὕτως

2134 5097 2435 5162 ἐλεύσεται,
2469 5094 2527 5147 δν
2559 5093 2759 5165 τρόπον
2791 5091 3091 5145 ἐθεάσασθε
3143 5090 3306 5144 αὐτὸν
3351 5088 3721 5159 πορευόμενον

2132 5189 2213 5249 εἰς
2253 5185 2346 5238 τὸν
2374 5182 2625 5254 οὐρανόν.
2654 5200 2673 5234 ι
2709 5182 2773 5235 Ei
2809 5180 2908 5253 μὲν
2935 5175 3028 5235 οῦν
3055 5181 3103 5233 οί
3141 5180 3241 5251 τῆς
3271 5179 3591 5251 ἀναλήψεως
3622 5177 3721 5233 αύ-

2132 5276 2226 5330 τοῦ
2256 5274 2454 5347 θεωροὶ
2485 5272 2793 5343 γεγονότες,
2829 5272 3037 5343 γυμνὸν
3062 5271 3163 5342 τῆς
3198 5271 3399 5343 σαρκὸς
3432 5270 3522 5323 τὸν
3549 5269 3722 5338 Λόγον

2132 5365 2441 5427 τεθέανται,
2469 5361 2615 5416 οὕτω
2631 5362 2794 5416 αὑτὸν
2828 5361 2923 5415 καὶ
2950 5361 3102 5432 ἥξειν
3121 5358 3523 5415 ὑπονοείτωσάν
3551 5375 3718 5421 τινες.

2136 5456 2199 5509 Ei
2242 5455 2299 5509 δὲ
2331 5453 2794 5525 πεπληροφόρηκε
2837 5453 2966 5515 τοὺς
3014 5452 3206 5521 ἁγίους
3246 5449 3618 5511 ἀποστόλους,
3660 5446 3723 5500 τὸ

2133 5546 2452 5619 ψηλαφητὸν
2472 5546 2655 5608 αὐτοῖς
2678 5545 2838 5615 σῶμα
2865 5543 3062 5611 δείξας,
3088 5543 3181 5597 καὶ
3208 5539 3382 5604 οὕτως
3405 5538 3686 5610 ἀνελήφθη
3702 5552 3719 5569 ο

2133 5640 2276 5694 οὕτω
2323 5638 2486 5695 πάλιν
2519 5636 2825 5704 ἐλεύσεται,
2866 5636 2958 5693 καὶ
2991 5636 3092 5691 οὐκ
3124 5635 3188 5690 ἂν
3221 5631 3575 5699 διαψεύσαιτο
3607 5632 3722 5688 τῶν
