4058 6436
303 435 444 490 ΙΗἹ

1306 445 1680 503 ADVERSUS
1722 445 2526 503 ANTHROI‘OMORNHTAS.

3440 442 3593 496 illi?

251 548 265 559 ’
300 549 475 617 ἁγίων
503 548 819 603 ἀποστόλων
847 551 876 605 ὁ
909 552 997 605 ἐπ’
1030 554 1178 626 αὐτῷ
1210 555 1389 627 λόγος.
1425 560 1591 614 Ἀλλά
1632 561 1767 632 μηδέ
1812 579 1889 614 τι-

1998 566 2224 633 apostoli
2272 565 2405 618 falsa
2436 565 2499 617 de
2546 564 2661 633 ipso
2694 561 3056 631 prmlicarint.
3104 559 3272 614 Porro
3304 575 3479 630 neque
3515 560 3579 613 il-

296 658 391 705 νες
422 643 597 694 ἐκεῖνο
620 642 805 705 κακῶς
832 645 1275 712 φαπαζέτωσαν,
1316 651 1450 719 μήτε
1485 652 1592 723 μὴν
1633 652 1885 706 ὑπονοεί-

296 748 503 797 τωσαν,
537 733 620 793 ὅτι
651 732 712 785 τὸ
746 733 941 787 ἐνωθὲν
978 736 1137 807 σῶμα
1166 738 1244 809 τῷ
1279 741 1440 812 Λόγῳ
1485 746 1549 815 τῇ
1585 743 1745 813 φύσει
1786 744 1888 813 τῆς

299 822 464 901 ἁγίας
490 824 717 894 Τριᾴδος
749 827 1139 899 συγκέκραται.
1182 830 1493 902 Ἀμήχανον
1518 833 1648 904 γὰρ,
1674 836 1890 905 ἐκείνην

297 912 400 983 τήν
434 914 771 993 ἀπόρρητον,
801 918 896 975 καὶ
937 920 1214 995 ᾧπερφυᾶ,
1260 925 1354 976 καὶ
1392 925 1594 989 παντὸς
1628 926 1888 979 ἐπέκεινα

299 1006 399 1058 καὶ
426 1005 519 1059 νοῦ
549 1008 645 1060 καὶ
672 1007 832 1077 λόγου
863 1012 1159 1084 νοουμένην
1180 1014 1390 1081 οὐσίαν,
1410 1016 1728 1089 προσθήκην
1745 1017 1887 1087 τινὰ,

206 1174 213 1179 ἢ
299 1095 397 1149 καὶ
431 1098 669 1167 μάλιστα
705 1103 804 1172 τῆς
841 1100 1039 1172 ἔξωθεν
1078 1105 1172 1158 καὶ
1218 1106 1411 1178 ἐτέρας
1442 1107 1679 1177 φύσεως,
1725 1109 1887 1164 δύνα-

302 1186 426 1240 σθαι
461 1186 647 1242 λαϐεῖν
664 1206 676 1219 ·
702 1189 818 1246 ἐστι
843 1192 953 1265 γὰρ
981 1196 1038 1247 ὲν
1066 1197 1176 1259 τοῖς
1206 1196 1330 1250 καθ’
1351 1198 1545 1252 ἑαυτὸν
1575 1200 1885 1267 παντέλεια,

301 1279 397 1333 καὶ
435 1278 559 1333 οὗτε
599 1282 719 1335 τινὰ
759 1284 987 1354 μείωσιν
1026 1286 1354 1357 ἐπιδέχεται,
1383 1288 1474 1343 διὰ
1512 1289 1573 1344 τὸ
1602 1290 1891 1362 ἀτρέπτως

299 1371 397 1424 καὶ
446 1371 825 1439 ἀναλλοιώτως
870 1376 1016 1447 ἔχειν
1062 1378 1184 1440 ἀεὶ,
1227 1378 1352 1435 οὔτε
1408 1381 1548 1453 μὴν,
1594 1384 1668 1446 ὡς
1719 1382 1886 1454 ἔφην,

301 1454 624 1533 προσθήκης
651 1463 719 1517 ἂν
747 1465 920 1520 δέοιτό
950 1486 1116 1533 τινος.
1145 1470 1598 1542 Περιττολογοῦσι
1628 1473 1808 1527 τοίνυν
1839 1472 1888 1526 oi

302 1552 369 1604 ὲκ
407 1552 608 1625 πολλῆς
642 1556 913 1625 ἁμαθεέας
958 1560 1100 1613 κατὰ
1148 1561 1451 1632 σύγκρασιν
1495 1565 1663 1634 ἤγουν
1698 1580 1889 1618 συνου-

304 1643 426 1696 σίαν
449 1645 558 1701 τῶν
584 1650 642 1700 ὲν
673 1652 738 1719 τῇ
782 1650 941 1720 φύσει
966 1652 1065 1723 τῆς
1097 1655 1257 1723 ἁγίας
1285 1657 1518 1727 Τριὰδος
1548 1659 1799 1728 χωρῆσαι
1828 1657 1890 1710 τὸ

303 1735 465 1806 σῶμα
497 1739 764 1808 λέγοντες.
813 1744 1145 1814 Διακείμεθα
1192 1748 1301 1818 γὰρ
1346 1751 1445 1819 οὐχ
1492 1748 1665 1812 οὕτως
1706 1751 1886 1820 ήμεϊς,

300 1828 417 1881 ἀλλ’
453 1830 621 1902 ὀρθήν
664 1833 861 1904 ἔχομεν
891 1836 1139 1905 περὶτοῦ
1177 1838 1394 1893 πάντων
1436 1840 1592 1911 ήμῶν
1637 1841 1889 1912 Σωτῆρος

1991 655 2080 709 Iud
2118 656 2361 709 nonnulli
2409 669 2690 723 perperam
2730 653 3118 722 imaginentur,
3155 653 3250 707 sed
3294 668 3362 706 ne
3404 654 3581 721 suspi-

1991 757 2181 801 centur
2212 747 2464 815 quidem:
2496 760 2695 815 corpus
2738 741 2919 797 Verbo
2971 744 3182 796 unitum
3215 754 3419 799 sanctae
3453 743 3576 798 Tri-

1992 838 2180 893 nitatis
2231 847 2439 891 natura
2479 836 2825 890 commistum
2877 834 3061 890 fuisse.
3095 834 3237 888 Fieri
3276 838 3419 889 enim
3471 852 3579 892 non

1992 940 2189 1000 potest,
2220 939 2278 983 ut
2307 930 2371 982 ad
2407 927 2734 983 inellabilem
2782 927 2926 980 illam
2951 934 3005 980 et
3039 927 3362 981 immensam
3393 929 3573 983 omni-
3620 982 3629 991 κ

1989 1039 2093 1092 que
2122 1021 2397 1076 intellectu
2441 1030 2497 1075 et
2534 1018 2715 1075 verbis
2760 1018 3101 1088 superiorem
3142 1019 3435 1075 essentiam
3480 1035 3575 1073 ac-

1988 1114 2168 1170 cessio
2215 1112 2417 1182 aliqua,
2463 1125 2526 1165 ac
2570 1108 2912 1180 potissimum
2963 1115 3240 1163 extraneae
3284 1116 3449 1177 atque
3496 1108 3576 1163 di-

1991 1220 2160 1259 versa:
2198 1213 2425 1266 naturas,
2457 1184 2567 1256 ﬁat.
2620 1201 2715 1258 Est
2764 1201 2909 1255 enim
2955 1201 3007 1255 in
3045 1214 3107 1255 se
3145 1200 3256 1268 ipsa
3291 1199 3576 1270 perfectis-

1990 1300 2149 1362 sima,
2206 1294 2446 1364 nullique
2484 1292 2846 1348 imminutioni
2904 1292 3138 1346 obnoxia
3177 1309 3191 1346 :
3239 1292 3579 1361 quandoqui-

1989 1385 2111 1440 dem
2167 1384 2218 1438 in
2254 1385 2421 1454 ipsam
2476 1383 2618 1437 nulla
2668 1381 2825 1452 plane
2874 1382 3104 1435 mutatio
3160 1384 3276 1436 sive
3323 1382 3574 1437 alteratio

1992 1480 2165 1542 cadit,
2201 1493 2374 1547 neque
2403 1485 2716 1548 augmento,
2760 1485 2819 1529 ut
2846 1475 2977 1537 dixi,
3020 1474 3131 1529 ullo
3160 1474 3388 1544 indiget.
3424 1474 3576 1530 Vana

1992 1570 2173 1638 itaque
2203 1578 2259 1624 et
2306 1569 2482 1622 inanis
2513 1578 2596 1622 est
2642 1582 2830 1623 eorum
2874 1566 3082 1634 opinio,
3118 1566 3239 1634 qui,
3273 1582 3383 1636 pra:
3411 1569 3595 1623 nimia.
3668 1603 3675 1607 -

1991 1661 2230 1727 inscitia,
2280 1661 2578 1715 secundum
2624 1659 3057 1714 commistionem
3114 1658 3229 1713 sive
3261 1660 3575 1723 coitionem,

1992 1752 2045 1805 in
2083 1753 2193 1822 ipsa
2222 1761 2426 1806 sanctae
2472 1749 2757 1804 Trinitatis
2789 1759 2980 1804 natura
3013 1750 3226 1819 corpori
3255 1749 3429 1803 locum
3459 1765 3580 1804 esse

1993 1841 2347 1896 contendunt.
2401 1839 2591 1911 Neque
2633 1840 2778 1895 enim
2844 1855 2943 1894 nos
2991 1840 3063 1894 ita
3125 1840 3431 1895 sentimus:
3483 1841 3578 1895 sed

298 1919 540 1989 Χριστοῦ
578 1922 677 1994 τὴν
705 1924 883 1993 δόξαν.
906 1927 1091 1996 Φαμὲν
1129 1928 1237 2000 γὰρ
1284 1929 1446 1984 αὑτὸν
1478 1932 1569 1983 τὸν
1617 1932 1886 2002 μονογενῆ

1994 1944 2195 1988 rectam
2242 1932 2525 2002 sequimur
2554 1931 2621 1985 de
2650 1931 2868 1985 Christo
2901 1932 3141 1985 omnium
3176 1942 3419 1986 nostrum
3456 1930 3576 1986 Sal-

303 2013 481 2080 Λόγον
535 2015 953 2087 ἑνανθρωπῆσαι
988 2020 1079 2072 τὸν
1124 2019 1258 2074 Θεὸν
1287 2020 1404 2092 [τοῦ
1428 2020 1565 2074 Θεοῦ
1584 2020 1652 2097 ⁸2],
1679 2023 1779 2075 οὐκ
1809 2024 1891 2086 εἰς

302 2107 485 2175 σέιρκα
527 2106 627 2176 τὴν
674 2108 809 2161 ίδὲαν
842 2110 1002 2178 φύσιν
1050 2115 1513 2183 μεταποιήσαντα,
1550 2113 1665 2167 ἀλλ’
1693 2115 1757 2167 ἐκ
1791 2115 1891 2185 τῆς

297 2198 465 2265 ἁγίας
521 2199 795 2269 Παρθένου
851 2200 1082 2257 λαϐόντα
1147 2206 1353 2274 αὐτὴν,
1398 2205 1603 2276 ἦξοντά
1669 2223 1727 2258 τε
1793 2208 1890 2260 σὺν

298 2290 438 2358 αὐτῇ
488 2290 649 2350 πάλιν
687 2293 744 2344 ὲν
785 2296 850 2368 τῇ
874 2288 1006 2368 ’δόξῃ
1035 2294 1128 2348 τοῦ
1164 2298 1375 2368 Πατρὸς
1410 2298 1547 2367 μετὰ
1576 2297 1684 2350 τῶν
1711 2297 1886 2366 ἁγίων

295 2380 570 2447 ἀγγέλων.

883 2500 1137 2556 ΚΕΦΛΛ.
1173 2499 1302 2556 κδ’.

293 2582 418 2637 Ὅτι
449 2583 548 2638 διὰ
578 2583 687 2653 τῆς
714 2586 871 2653 ἰδίας
891 2589 1131 2661 Δογιρκὸς·
1168 2590 1403 2661 ἐνεργεῖ
1428 2591 1534 2658 τὰς
1566 2591 1890 2661 θεοσημίας

798 2657 944 2726 Θεὸς
982 2659 1067 2712 ὢν
1112 2664 1145 2714 ό
1183 2657 1390 2730 Λόγος.

369 2767 690 2840 Ἄνθρωπον
736 2769 793 2824 δὲ
823 2771 914 2824 τὸν
958 2771 1225 2842 μονογενῆ
1264 2772 1443 2841 Λόγον
1472 2772 1569 2826 τοῦ
1612 2773 1749 2827 Θεοῦ
1797 2791 1890 2842 γε-

297 2856 487 2919 νέσθαι
521 2860 725 2931 φαμὲν,
754 2860 852 2931 οὐχ
899 2861 988 2915 ἵνα
1016 2862 1076 2915 τὸ
1106 2856 1244 2915 εἶναι
1283 2862 1416 2926 Θεὸς
1461 2862 1733 2933 ἀποϐάλῃ,
1769 2863 1887 2917 ἀλλ’

293 2946 414 3006 οὔθ’
439 2949 523 3007 ἵνα
550 2952 757 3022 γυμνὸς
785 2954 956 3007 νοοῖτο
982 2952 1175 3022 Λόγος,
1206 2952 1635 3024 ὲνανθρωπήσας
1661 2953 1718 3006 δὲ
1754 2953 1888 3024 μᾶλ-

292 3041 408 3106 λον,
443 3043 541 3094 καὶ
572 3042 705 3096 ἴδιον
751 3042 910 3118 σῷμα
952 3043 1323 3115 ποιησάμενος
1356 3045 1417 3097 τὸ
1446 3047 1509 3098 ἐκ
1539 3046 1638 3116 τῆς
1673 3045 1886 3117 Παρθέ-

291 3147 388 3183 νου
425 3130 520 3184 καὶ
552 3131 836 3187 Θεοτόκου.
871 3133 1080 3188 Οὐκοῦν
1105 3134 1133 3186 ὁ
1163 3133 1397 3204 Χριστὸν
1422 3135 1728 3205 ὀνομάζων,
1761 3133 1885 3188 οὔτε

295 3223 475 3290 Λόγον
502 3225 760 3294 σημαίνει
794 3224 1022 3295 γυμνὸν,
1050 3223 1173 3280 οὔτε
1200 3225 1487 3298 ἄνθρωπον
1517 3226 1717 3291 κοινὸν,
1750 3227 1783 3299 ἢ
1810 3226 1883 3292 ὡς
1912 3257 1955 3314 C

290 3314 392 3369 ἕνα
440 3315 550 3369 τῶν
588 3315 712 3369 καθ’
738 3318 914 3387 ἡμᾶς·
946 3317 1021 3381 ὡς
1058 3318 1198 3390 ἔφην
1238 3318 1330 3382 δὲ,
1375 3317 1883 3390 ὲνανθρωπήσαντα

290 3406 387 3470 τὸν
415 3408 478 3460 ἐκ
504 3407 641 3461 Θεοῦ
664 3409 875 3476 [ἰατρὸς
902 3409 1101 3478 Λόγον,
1130 3411 1225 3464 καὶ
1253 3409 1615 3482 κεχρισμένον
1644 3411 1726 3473 είς
1750 3410 1889 3465 ἀπο-

295 3499 515 3570 στολήν.
566 3500 642 3553 Οὐ
693 3500 801 3572 γὰρ
845 3501 1132 3572 ἄνθρωπος
1178 3501 1537 3574 ὲθεοποιήθη,
1568 3501 1718 3556 καθὰ
1753 3502 1888 3572 φασί

289 3608 468 3655 τινες,
497 3591 721 3655 ἐνωθεὶς
752 3592 832 3663 τῷ
860 3593 1040 3662 Λόγῳ,
1076 3593 1192 3648 ἀλλ’
1235 3594 1398 3660 αὐτὸς
1426 3595 1454 3647 ὁ
1487 3596 1660 3660 Λόγος
1704 3594 1885 3663 σάρκα

290 3685 498 3748 λαϐὼν,
531 3688 623 3740 καὶ
647 3687 938 3758 γενόμενος
965 3687 1278 3759 ἄνθρωπος,
1319 3687 1595 3759 μεμένηκε
1623 3689 1716 3742 καὶ
1748 3687 1890 3743 οὕτω

291 3778 452 3841 Θεός.
484 3777 650 3831 Ὅταν
680 3772 775 3832 οὖν
804 3779 903 3842 τὰς
939 3777 1238 3850 θεοσημίας
1269 3777 1581 3850 ἐργάζεται,
1617 3781 1691 3850 μὴ
1722 3780 1891 3850 διορί-

295 3884 398 3930 σας
428 3867 532 3920 ἀνὰ
580 3868 746 3939 μέρος
771 3867 871 3936 τῆς
912 3867 1076 3935 ἁγίας
1104 3869 1307 3941 σαρκὸς
1336 3869 1500 3922 αὑτοῦ
1543 3870 1634 3923 τὸν
1661 3872 1726 3924 ὲκ
1752 3870 1888 3923 Θεοῦ

292 3959 492 4027 Λόγον,
520 3960 668 4031 αὐτῷ
720 3957 862 4012 κατὰ
909 3960 1081 4030 μονὴν
1130 3960 1228 4030 τὴν
1270 3959 1363 4012 ἐπὶ
1408 3962 1504 4030 τῆς
1557 3960 1889 4031 τελουμένης

293 4052 509 4124 ἁνὰψῃς
536 4050 765 4122 δύναμιν
956 4051 1062 4105 νόει
1090 4051 1147 4109 δὲ
1178 4050 1378 4122 μᾶλλον
1405 4052 1666 4118 εὐσεϐῶς,
1697 4054 1778 4106 ὅτι
1808 4069 1890 4120 γε.

292 4146 522 4215 νόμενος
553 4144 844 4215 ἄνθρωπος
875 4145 904 4197 ὁ
941 4144 1240 4214 μονογενὴς
1273 4143 1443 4212 Λόγος
1474 4143 1566 4201 τοῦ
1605 4143 1763 4206 Θεοῦ,
1797 4144 1889 4197 καὶ

292 4238 385 4292 διὰ
426 4237 526 4306 τῆς
576 4236 715 4298 ιδίας
751 4227 1170 4306 αὐτοῦ“σαρκὸς
1220 4234 1481 4298 πολλάκις
1515 4236 1768 4307 ἐνήργει,
1813 4236 1889 4298 ὡς

297 4329 436 4385 ίδίαν
466 4330 604 4399 ἔχων
636 4329 833 4400 αὐτὴν,
863 4329 924 4390 οὐ
957 4327 1101 4383 κατὰ
1136 4327 1397 4398 σύγχυσιν
1432 4326 1464 4403 ἦ
1508 4328 1745 4401 φυρμόν.
1778 4328 1891 4387 Καὶ

292 4421 485 4491 ὥσπερ
515 4421 631 4474 ἔστι
661 4423 803 4477 νοεῖν
832 4422 971 4493 ὑπὲρ
1001 4419 1297 4493 ἀνθρώπου
1328 4420 1602 4485 τέκτονος,
1644 4421 1889 4490 τεχνίτου

292 4514 459 4586 τυχὸν
505 4514 537 4585 ἢ
567 4514 955 4586 σιδηρὲω;,ὃτι
985 4516 1131 4577 ποιεῖ
1159 4513 1227 4567 τὰ
1257 4513 1393 4584 ἔργα
1425 4514 1568 4567 κατὰ
1592 4515 1611 4534 '
1636 4513 1728 4567 τοῦ
1760 4513 1890 4566 ἰδίου

1994 2036 2178 2076 vntore
2226 2023 2575 2079 sententiam.
2624 2022 2863 2076 Dicimus
2912 2022 3056 2076 cnim
3106 2023 3441 2093 unigenitum
3479 2022 3572 2076 Dei

1996 2116 2227 2171 Verbum
2264 2115 2609 2169 incarnatum
2656 2129 2797 2178 esse,
2842 2128 2947 2168 non
2988 2114 3203 2183 propria
3254 2129 3349 2168 sua
3382 2122 3574 2167 natura

1992 2208 2043 2262 in
2096 2222 2313 2260 carnem
2370 2206 2534 2278 392
2594 2215 2977 2270 transmutata,
3023 2207 3116 2261 sed
3167 2222 3229 2260 ea
3271 2221 3336 2260 ex
3389 2221 3577 2261 sacro-

1991 2308 2173 2353 sancta
2218 2298 2441 2369 Virgine
2482 2307 2740 2369 accepta:
2780 2309 3181 2367 venturumque
3218 2313 3339 2351 cum
3386 2299 3574 2351 eadem

1988 2406 2153 2447 carne
2190 2405 2400 2445 rursum
2432 2390 2487 2445 in
2525 2389 2715 2461 gloria,
2753 2404 2873 2442 cum
2906 2390 3113 2444 sanctis
3145 2388 3376 2459 angelis.

2556 2497 2781 2554 CAPUT
2834 2496 3001 2553 XXII.

1993 2591 2148 2659 Quod
2201 2608 2293 2662 per
2345 2591 2613 2662 propriam
2683 2606 2925 2662 carn_e_m_
2958 2589 3216 2643 miracula
3264 2589 3382 2644 edat
3442 2587 3578 2641 Dens

2503 2661 2762 2715 exsistam
2801 2657 3051 2714 Verbum.

2062 2774 2343 2832 llominem
2382 2789 2532 2839 vero,
2576 2774 2910 2844 unigenitum
2947 2773 3041 2829 Dei
3089 2772 3324 2829 Verbum
3373 2774 3577 2830 factum

1989 2868 2161 2923 fuisse
2215 2866 2469 2931 dicimus,
2526 2879 2628 2919 non
2675 2875 2733 2918 ut
2781 2865 3052 2919 desineret
3094 2879 3216 2920 esse
3264 2865 3440 2931 Deus,
3480 2866 3578 2924 sed

1990 2973 2166 3028 neque
2195 2967 2253 3013 ut
2285 2958 2484 3012 nudum
2522 2955 2853 3026 intelligatur
2888 2953 3144 3022 Verbum,
3185 2955 3277 3009 sed
3308 2958 3486 3023 potius
3516 2965 3576 3010 ut

1991 3049 2355 3114 incarnatum,
2413 3046 2691 3117 proprium
2743 3046 2843 3100 sibi
2890 3060 3086 3114 corpus
3131 3060 3198 3099 ex
3259 3044 3475 3115 Virgine
3522 3055 3578 3100 et

1989 3140 2215 3210 Deipara
2245 3137 2505 3195 ediceret.
2531 3137 2825 3203 Qum-ires,
2862 3136 2954 3205 qui
2991 3136 3268 3209 Qhristum
3307 3137 3575 3205 nominat,

1989 3248 2095 3286 non
2151 3231 2353 3286 nudum
2415 3228 2651 3285 Verbum
2704 3228 3005 3300 signiﬁcat,
3065 3242 3242 3298 neque
3302 3227 3575 3283 hominem

1988 3324 2290 3394 vulgarem,
2322 3322 2405 3378 vel
2455 3331 2713 3392 tanquam
2748 3337 2910 3381 unum
2943 3321 3115 3375 nostri
3145 3318 3377 3375 similem
3410 3336 3426 3375 :
3459 3321 3576 3385 sed,

1990 3427 2049 3471 ut
2075 3415 2209 3481 dixi,
2254 3415 2597 3469 incarnatum
2647 3427 2715 3467 ex
2751 3412 2859 3468 Deo
2890 3411 3053 3468 Patre
3081 3410 3340 3479 Verbum,
3389 3421 3443 3466 et
3472 3427 3576 3466 uu-

1990 3518 2134 3563 ctum
2166 3509 2218 3562 in
2248 3507 2630 3577 apostolatum.
2660 3503 2849 3575 Neque
2876 3505 3018 3559 enim
3049 3505 3235 3571 homo,
3265 3512 3324 3559 ut
3356 3503 3575 3574 quidam

1990 3600 2202 3667 volunt,
2244 3599 2386 3655 Deus
2436 3608 2522 3654 est
2551 3596 2800 3665 eil‘ectus,
2844 3597 3031 3651 nuitus
3068 3594 3288 3652 Verbo:
3324 3596 3419 3652 sed
3447 3592 3579 3651 Ver-

1989 3692 2120 3748 bum
2154 3694 2326 3762 ipsum
2363 3706 2529 3747 carne
2578 3700 2856 3761 assumpta
2911 3691 3072 3744 homo
3107 3688 3331 3755 factum,
3380 3687 3580 3749 mansit

1990 3787 2151 3841 etiam
2181 3785 2346 3840 Deus.
2392 3783 2526 3839 Cum
2565 3783 2731 3853 igitur
2781 3779 3040 3836 miracula
3081 3780 3216 3848 edit,
3254 3794 3322 3834 ne
3350 3778 3578 3835 seorsim

1990 3892 2303 3948 separansa
2356 3884 2543 3931 sancta
2599 3874 2767 3944 ipsius
2817 3886 2986 3928 carne
3028 3869 3266 3925 Verbum
3312 3870 3432 3935 Dei,
3477 3870 3578 3925 soli

1991 3968 2091 4037 ipsi
2128 3970 2235 4021 vim
2268 3964 2515 4020 miraculi
2554 3964 2684 4018 editi
2720 3963 2970 4016 tribuas:
3017 3963 3111 4016 sed
3160 3960 3232 4013 ita
3276 3963 3455 4030 potius
3493 3960 3581 4031 pie

1989 4061 2191 4130 cogita,
2240 4057 2577 4128 unigenitum
2627 4055 2721 4110 Dei
2769 4052 3003 4109 Verbum
3054 4052 3331 4107 hominem
3376 4054 3578 4107 factum

1989 4152 2151 4206 etiam
2177 4165 2275 4220 per
2307 4147 2582 4219 prepriam
2619 4160 2770 4199 suam
2799 4159 3016 4198 carnem
3053 4158 3426 4213 saepenumero
3449 4157 3579 4212 ope-

1993 4251 2165 4296 ratum
2195 4255 2337 4305 esse,
2382 4238 2580 4308 quippe
2602 4236 2692 4307 qui
2728 4235 3001 4306 propriam
3037 4236 3181 4290 illam
3227 4235 3330 4290 sibi
3378 4236 3580 4290 habue-

1993 4335 2085 4400 rit,
2129 4349 2235 4388 nun
2283 4346 2379 4401 per
2437 4329 2814 4385 confusionem
2873 4337 2929 4382 et
2983 4327 3450 4384 connnistionem.
3504 4332 3583 4381 Ae

1991 4422 2447 4495 quemadmodum
2498 4417 2727 4489 intelligi
2784 4426 2966 4488 potest
3011 4417 3078 4472 de
3114 4415 3267 4470 fabro
3315 4416 3582 4487 (lignario

1994 4525 2117 4586 puta
2148 4517 2231 4571 vel
2264 4512 2556 4584 ferrario),
2580 4513 2724 4581 quod
2755 4518 3012 4580 aperatur
3034 4508 3251 4578 quidem
3276 4508 3454 4561 anima
3484 4523 3581 4576 per

296 4607 553 4678 σώματος
581 4609 616 4678 ἡ
654 4607 837 4677 ψυχή·
876 4607 971 4659 καὶ
1002 4608 1103 4670 οὐκ
1142 4606 1207 4660 ἄν
1242 4622 1328 4669 τις
1365 4606 1509 4659 εἴποι
1541 4604 1721 4679 ψυχῆς
1751 4605 1889 4677 ἔργα

1994 4606 2268 4679 pr0prium
2301 4619 2530 4673 corpus;
2566 4616 2726 4656 nemo
2757 4610 2935 4654 tamen
2969 4596 3359 4653 dixeritsolius
3390 4596 3582 4649 altitltze

297 4697 469 4769 μόνης
514 4694 674 4761 εἶναι,
721 4697 827 4759 κᾶν
860 4698 1000 4768 αὑτὴ
1044 4700 1186 4761 κινεῖ
1232 4697 1370 4766 πρὸς
1414 4696 1554 4767 ἔργα
1588 4698 1650 4751 τὸ
1687 4695 1883 4766 σῶμα,

291 4788 432 4843 ἀλλὰ
460 4788 551 4842 τοῦ
590 4789 1030 4861 συναμφοτέρου·
1063 4787 1210 4848 οὕτω
1237 4789 1342 4841 νόει
1376 4788 1470 4851 καὶ
1499 4789 1592 4841 ἐπὶ
1622 4787 1883 4858 Χριστοῦ.

292 4883 338 4935 Π
346 4881 411 4954 pb
437 4882 536 4952 μὲν
561 4881 670 4953 γὰρ
693 4882 793 4952 τῆς
816 4880 1284 4953 ὲνανθρωπήσεως
1307 4883 1513 4953 γυμνὸς
1539 4880 1614 4935 ὢν
1643 4880 1724 4934 ἔτι
1761 4881 1883 4935 καθ’

290 4973 488 5027 ἑαυτὸν
514 4975 543 5026 ὁ
581 4972 754 5041 Λόγος
784 4972 1081 5045 ἐργάζεται
1108 4972 1177 5026 τὰ
1206 4972 1485 5045 θεοπρεπῆ
1509 4990 1523 5004 ·
1555 4975 1794 5044 γεγονὼς
1828 4974 1886 5031 δὲ

289 5061 613 5133 ἄνθρωπος,
656 5064 877 5135 ἐνήργει
924 5064 1020 5125 καὶ
1054 5063 1141 5127 διὰ
1190 5067 1291 5135 τῆς
1338 5067 1541 5137 σαρκὸς
1588 5065 1775 5131 αὑτοῦ,
1811 5066 1887 5130 ὼς

289 5154 454 5225 ἔφην·
484 5155 657 5219 οὓτως
686 5156 862 5228 ἥψατο
891 5155 997 5208 τῶν
1018 5156 1254 5224 τυφλῶν,
1278 5155 1451 5220 οὕτως
1476 5158 1698 5228 ἤγειρεν
1725 5157 1887 5217 πάλιν

290 5257 388 5301 τον
430 5250 533 5316 τῆς
569 5248 747 5320 χήρας
774 5248 914 5313 υἱὸν,
946 5248 1045 5319 τήν
1086 5250 1243 5324 χεῖρα
1290 5248 1571 5314 ἐκτείνας,
1609 5250 1704 5313 καὶ
1746 5249 1905 5321 ἁψάο.

294 5356 458 5410 μενος
505 5341 605 5409 τῆς
639 5339 830 5411 σοροῦ·
870 5339 1013 5393 οὕτω
1046 5340 1254 5405 πτύσας
1302 5341 1396 5393 καὶ
1437 5340 1605 5408 πηλὸν
1643 5341 1881 5411 ποιήσας

1991 4713 2112 4754 esse
2144 4711 2335 4767 opera,
2365 4694 2583 4749 tametsi
2618 4691 2705 4747 illa
2733 4690 2926 4746 incitet
2954 4705 3020 4744 ac
3046 4697 3260 4744 moveat
3289 4701 3485 4757 corpus
3513 4687 3581 4740 ad

1992 4803 2151 4860 opus,
2184 4790 2279 4844 sed
2314 4788 2600 4856 utriusque
2629 4802 2643 4839 :
2678 4784 2752 4838 ita
2783 4795 2999 4854 quoque
3032 4778 3373 4836 sentiendum
3404 4790 3487 4834 est
3514 4779 3582 4833 de

1993 4880 2230 4937 Christo.
2316 4877 2451 4932 Nam
2508 4886 2637 4931 ante
2690 4873 3121 4929 incarnationem
3183 4872 3384 4926 nudum
3439 4871 3584 4926 exsi-

1993 4981 2144 5027 stens
2192 4972 2368 5026 adhuc
2405 4983 2502 5040 per
2544 4983 2605 5022 se
2653 4964 2889 5040 Verbum
2932 4978 3099 5033 opera
3146 4962 3315 5017 edidit
3357 4963 3581 5017 divina:

1995 5063 2158 5119 homo
2208 5038 2666 5122 auteznvfactnm,
2702 5071 2798 5128 per
2824 5038 3063 5111 ’carnem
3100 5055 3267 5110 etiam
3319 5069 3496 5116 suum,
3528 5060 3584 5105 ut

1995 5155 2129 5220 dixi,
2159 5169 2325 5225 opera
2361 5153 2554 5208 edidit.
2584 5149 2660 5205 Ita
2696 5151 2840 5204 enim
2870 5148 3112 5203 admovit
3139 5160 3359 5201 manum
3395 5143 3579 5207 caicis,

1994 5244 2072 5299 ita
2105 5259 2320 5300 rursum
2367 5252 2590 5297 extensa
2640 5255 2802 5296 manu
2848 5238 3083 5295 loculum
3114 5237 3380 5305 attingens
3407 5234 3583 5287 susci-

1987 5335 2125 5390 tavit
2150 5337 2324 5390 viduae
2357 5333 2563 5388 lilium:
2603 5332 2677 5387 ita
2709 5333 2824 5387 luto
2849 5346 2915 5386 ex
2955 5338 3116 5399 sputo
3138 5343 3170 5382 e
3229 5333 3373 5380 terra
3410 5323 3580 5390 facto,

290 5429 483 5519 ἔχρισε
515 5430 608 5484 τοῦ
639 5433 704 5485 ὲκ
730 5431 954 5500 γενετῆς
984 5430 1185 5501 τυφλοῦ
1211 5432 1337 5498 τοὺς
1361 5430 1697 5502 ὀφθαλμούς.
1727 5432 1789 5486 Εἰ
1821 5431 1879 5484 δὲ

1991 5430 2139 5486 unxit
2184 5428 2372 5484 oculos
2420 5426 2548 5484 caeci
2590 5426 2661 5481 ab
2722 5434 2870 5481 ortu.
2931 5422 2987 5476 Si
3042 5432 3175 5474 vero
3219 5414 3582 5486 spiritualiter

1514 5587 1649 5645 ΒοΝ
1655 5629 1668 5642 .
1716 5585 2041 5645 VULCANll
2079 5584 2316 5642 NOTAE.

367 5746 483 5817 (l5)
507 5746 676 5813 Αὐτῷ
704 5746 855 5802 κατὰ
882 5744 1085 5816 μον-ἡν
1117 5745 1233 5817 τὴν
1264 5745 1364 5800 ἐπὶ
1388 5744 1499 5815 τῆς
1538 5744 1889 5816 τε.ίουμένη‹

1991 5744 2194 5815 »θάψῃς
2230 5710 2721 5817 adruunt-almam
2759 5748 3052 5817 corruptus
3073 5745 3136 5817 _et
3169 5733 3413 5817 mutilus.
3441 5731 3581 5817 Vide

292 5806 477 5877 an‘ita'
522 5806 800 5889 emendari
843 5806 1040 5889 possit,
1074 5806 1241 5889 αὐτῷ
1273 5806 1592 5888 καταμόνας
1615 5806 1889 5888 cipit!er

2027 5806 2357 5888 τέλοῦμένης
2383 5806 2739 5885 ’θεοσημείας
2772 5806 2984 5889 ἀνάψῂς
3024 5808 3279 5879 δύναμιν.
3332 5807 3386 5861 ln
3441 5806 3581 5860 hanc

293 5888 480 5964 itaque
506 5888 832 5945 sententiam
874 5887 1064 5945 Latine
1099 5888 1327 5945 reddidi.
