4058 6428
471 389 608 446 1119

471 601 719 648 naturam
752 592 818 645 ad
854 590 1189 661 spiritualem
1218 591 1432 647 vivendi
1466 592 1756 651 rationem.
1782 594 1895 662 ipse
1932 610 2043 648 rem

472 681 779 737 humaniter
819 695 977 735 orsus
1020 682 1205 744 fuerit,
1255 690 1316 736 ut
1341 682 1423 736 via
1458 697 1523 737 ac
1571 681 1892 752 principium
1941 685 2045 740 hu-

468 788 643 828 mante
711 781 921 828 natura:
996 783 1161 836 esset,
1245 783 1304 827 ut
1364 772 1527 827 vitam
1597 772 1792 844 degere
1866 786 2046 844 posset

466 862 628 934 393
656 878 761 917 nou
783 862 896 932 jam
926 864 1220 918 carnaliter
1246 872 1301 919 et
1337 863 1676 934 voluptuose,
1715 866 1809 920 sed
1864 867 2044 937 potius

467 963 653 1009 sancte
677 962 732 1008 et
752 953 1124 1024 Spiritualiter.
1150 955 1341 1011 Omnis
1362 954 1507 1010 enim
1560 954 1685 1011 boni
1719 958 2042 1029 principium

466 1043 625 1099 nobis
653 1043 827 1099 factus
858 1043 973 1099 fuit.
1025 1042 1230 1100 Idcirco
1256 1046 1399 1100 enim
1451 1044 1629 1101 factus
1661 1056 1745 1102 est
1775 1049 1959 1116 homo,
1986 1059 2045 1103 ut

468 1136 536 1190 ab
566 1135 933 1191 imbecillitate
978 1136 1029 1190 in
1072 1136 1245 1191 Adam
1291 1145 1596 1203 contracta,
1633 1147 1824 1194 natura
1858 1150 2042 1195 nostra

467 1224 984 1295 liberala.,tanquam
1003 1227 1055 1281 in
1083 1227 1222 1297 ipso,
1240 1237 1294 1283 et
1316 1230 1531 1299 quidem
1557 1231 1754 1302 primo,
1783 1230 2042 1302 spiritua-

466 1316 570 1373 Iem
596 1318 737 1373 illam
774 1318 1094 1376 declararet.

1015 1429 1246 1488 CAPUT
1280 1429 1473 1487 XXIII.

465 1539 726 1596 Aduersus
757 1543 1005 1604 dicentes.
1046 1545 1131 1596 An
1155 1543 1273 1614 ﬁeri
1309 1544 1533 1611 potuerit
1564 1554 1617 1596 ut
1650 1544 1891 1600 Christus
1920 1562 2042 1614 pec-

514 1622 674 1676 caret,
705 1621 915 1682 gestans
939 1613 1343 1668 similitudinem
1366 1614 1495 1668 Adin
1519 1625 1727 1683 propter
1751 1613 1959 1671 cantem
1984 1620 2013 1674 ἒ

536 1789 730 1845 Stolidi
759 1804 887 1847 vero
919 1805 985 1847 sc
1006 1792 1284 1849 dementes
1306 1806 1531 1862 prorsus
1557 1803 1703 1858 sunt,
1741 1794 1831 1862 qui
1863 1794 2039 1864 ipsum

466 1879 631 1932 etiam
652 1877 950 1948 Christum,
979 1882 1163 1936 nescio
1197 1895 1304 1953 quo
1339 1890 1518 1951 pacto,
1549 1896 1778 1951 peccare
1803 1862 2043 1952 potuisse
2073 1862 2115 1917 Β

466 1967 760 2031 aliirmant,
809 1983 928 2024 eam
964 1970 1034 2027 ob
1070 1984 1314 2037 causam,
1374 1971 1517 2040 quod
1563 1971 1619 2026 in
1668 1971 1839 2028 forma
1884 1973 2041 2029 nobis

466 2055 628 2110 simili
671 2072 767 2126 per
802 2058 1235 2115 incarnationem
1281 2058 1351 2116 sit
1397 2059 1612 2129 Iactus;
1641 2061 1896 2131 quodque
1926 2062 2042 2118 ior-

468 2159 613 2199 mam
643 2147 785 2202 servi
817 2150 1110 2220 acceperit,
1136 2160 1188 2207 et
1220 2166 1342 2207 cum
1374 2151 1687 2209 hominibus
1719 2155 1772 2209 in
1805 2164 1947 2209 terra
1970 2154 2042 2210 sit

468 2247 740 2292 versatus.
787 2238 843 2294 Si
892 2242 1036 2296 enim
1080 2241 1243 2299 desiit
1289 2259 1412 2301 esse
1461 2245 1603 2314 quod
1652 2254 1793 2310 erat,
1838 2256 1933 2302 aut
1974 2261 2042 2302 ex

470 2326 652 2381 divina
699 2340 892 2386 natura
926 2333 978 2387 in
1014 2334 1304 2389 humanam
1341 2345 1546 2391 tantum
1593 2351 1657 2392 ac
1685 2337 1854 2393 nostri
1892 2336 2043 2393 simi-

470 2416 573 2471 lem
620 2431 873 2476 naturam
926 2423 1059 2480 abiit
1097 2445 1113 2484 :
1162 2427 1412 2484 humana:
1463 2428 1851 2483 imbecillitatis
1891 2429 2040 2483 illum

466 2521 719 2579 arguant.
755 2511 810 2567 Si
843 2529 995 2582 vero,
1027 2517 1228 2573 idcirco
1258 2519 1545 2573 humanam
1580 2530 1829 2576 naturam
1860 2531 2039 2593 gesta-

467 2599 566 2664 vit,
596 2607 679 2666 ut,
704 2615 824 2671 qua:
851 2603 905 2659 in
940 2607 1111 2661 Adam
1145 2608 1416 2665 imbecilla
1442 2620 1580 2676 erat,
1608 2613 1659 2665 in
1685 2627 1745 2668 se
1771 2612 2043 2669 validissi-

468 2703 614 2743 mam
646 2702 701 2746 et
732 2705 957 2762 peccato
983 2699 1317 2767 superiorem
1352 2701 1652 2757 declararet
1681 2718 1815 2758 :cur
1841 2703 2039 2759 frustra

467 2779 521 2835 id
564 2782 724 2839 anxie
781 2784 1059 2855 inquirunt
1116 2789 1262 2859 quod
1325 2791 1574 2848 invenire
1623 2808 1730 2847 non
1784 2794 2041 2864 possunt?

465 2871 750 2940 Quomodo
777 2887 957 2933 autem
996 2880 1164 2950 ipsius
1191 2881 1343 2937 obliti
1374 2892 1505 2937 sunt
1531 2883 1763 2940 dicentis
1789 2904 1803 2939 :
1840 2906 1859 2937 ι
1888 2885 2044 2940 Venit

466 2966 720 3037 princeps
746 2971 957 3036 mundi,
988 2981 1044 3025 et
1072 2974 1124 3026 in
1159 2988 1243 3029 me
1283 2989 1388 3030 non
1420 2975 1583 3031 habet
1610 2976 1903 3047 quidquam
1919 2976 1991 3031 7‘?
2018 2995 2036 3027 ι

465 3058 659 3128 Arguit
693 3060 910 3129 quidem
948 3064 1159 3131 peccati
1196 3081 1412 3121 omnem
1456 3080 1700 3132 carnem,
1747 3067 1917 3136 ipsius
1947 3081 2042 3121 au-

466 3164 587 3205 ctor
630 3168 644 3206 :
684 3154 778 3207 sed
833 3155 996 3210 stulta
1049 3166 1214 3227 atque
1262 3158 1488 3214 sinistra
1539 3158 1709 3228 ipsius
1765 3160 2043 3214 accusatio

467 3242 673 3297 nullum
705 3245 757 3299 in
783 3244 1004 3302 Christo
1028 3246 1207 3302 locum
1243 3250 1450 3305 habuit.
1479 3249 1691 3305 Nullum
1716 3251 1861 3306 enim
1887 3266 2043 3322 pror-

465 3348 560 3387 sus
607 3334 659 3388 in
711 3335 827 3404 ipso
880 3351 1162 3407 peccatum
1217 3341 1495 3396 inventum
1539 3341 1660 3396 l’oit.
1715 3340 1925 3397 Etenim
1977 3342 2043 3397 ad

465 3425 680 3482 Jodteos
714 3428 890 3498 inquit
920 3442 938 3483 :
971 3448 987 3481 ι
1021 3429 1155 3498 Quis
1185 3446 1251 3486 ex
1300 3433 1451 3488 vobis
1484 3442 1675 3504 arguet
1706 3447 1790 3486 me
1814 3434 1883 3489 de
1916 3446 2043 3501 pec-

465 3515 629 3569 cato?
658 3516 715 3571 Si
746 3519 1030 3572 veritatem
1063 3520 1207 3585 dico,
1241 3535 1338 3576 cur
1366 3536 1474 3576 non
1499 3522 1723 3577 creditis
1754 3524 1883 3577 mihi
1906 3522 1992 3575 ⁷δῖ
2019 3542 2038 3576 ι

469 3608 939 3672 Quemadmodum
984 3609 1150 3680 igitur
1184 3611 1237 3664 in
1275 3611 1449 3665 Adam
1481 3613 1827 3667 condemnati
1860 3629 2047 3671 smnus

470 3700 542 3753 ob
592 3699 1040 3767 inobedieutiam,
1102 3702 1455 3772 mandatique
1506 3704 2043 3775 transgressionem:

473 3791 546 3844 ita
592 3789 647 3845 in
692 3789 908 3847 Christo
928 3791 1210 3864 justiticati
1258 3809 1469 3862 sumus,
1522 3807 1742 3867 propter
1779 3799 2046 3853 omnimo-

470 3883 597 3937 dam
630 3883 797 3954 ipsius
823 3898 853 3939 a
884 3895 1109 3956 peccato
1137 3887 1556 3956 immunitatem,
1583 3888 1697 3944 sive
1730 3888 2043 3959 puritatem,

470 3982 523 4027 et
549 3972 845 4043 perfectam
871 3974 1309 4048 Inculpatatnque
1331 3977 1693 4033 obedientiam
1720 3986 1808 4035 :et
1841 3988 2048 4034 natura‘

472 4065 724 4122 humana:
773 4066 945 4139 gloria
989 4083 1055 4124 ac
1106 4068 1347 4141 dignitas
1396 4070 1451 4125 in
1502 4070 1605 4126 hoc
1650 4081 1734 4127 est
1775 4071 2042 4127 restituta.

470 4158 763 4214 Obstructa
813 4160 996 4231 itaque
1045 4172 1131 4218 est
1176 4161 1510 4230 maledictio,
1556 4170 1611 4218 et
1641 4162 1951 4219 obturatum
1983 4178 2047 4219 os

473 4247 704 4319 peccati,
740 4257 795 4305 et
827 4264 949 4304 cum
991 4250 1110 4322 ipso
1143 4254 1338 4309 mortis
1372 4252 1679 4324 imperium“
1710 4253 1928 4309 irritum
1965 4253 2047 4308 ia-

471 4346 620 4395 ctum
660 4351 766 4413 est,
810 4356 875 4398 ac
904 4343 1303 4413 quodammodo
1336 4359 1459 4399 cum
1501 4357 1603 4399 sua
1648 4344 1830 4400 radice
1864 4359 2050 4401 emar-

472 4430 607 4491 cuit.
656 4431 714 4488 Si
748 4432 891 4490 enim
927 4444 1232 4505 peccatum,
1273 4434 1395 4491 l'ons
1433 4443 1597 4504 atque
1626 4435 1777 4505 origo
1803 4436 2045 4492 omnium

1462 387 1524 443 S.
1564 386 1838 444 CYRILLI
1880 387 2349 446 ALEXANDIIINI
2392 392 2711 449 ARCIIIEI’.

468 502 634 558 etiam
665 502 815 558 vixit.
848 501 1020 579 cogita
1052 515 1240 555 rursus
1263 500 1404 571 quod
1432 500 1718 557 traducens
1747 502 2036 558 humanam

2149 507 2239 559 καὶ
2269 507 2653 577 πνευματικῶς
2690 508 2894 579 διῆγεν,
2935 506 3103 560 ἐννόει
3136 503 3318 567 πάλιν,
3350 503 3433 555 ὅτι
3469 500 3735 557 ἀναϐιϐά-
3816 536 3827 544 -

3596 385 3735 442 1120

2148 596 2257 662 ζων
2295 597 2364 649 τὰ
2404 597 2525 651 καθ’
2552 600 2698 667 ἡμᾶς
2744 600 2824 662 είς
2864 596 3241 668 πνευματικὴν
3284 592 3583 660 πολιτείαν,
3628 592 3732 647 αὐ-

2145 687 2237 751 τὸς
2264 688 2467 760 ῆρξατο
2490 688 2582 743 τοῦ
2609 689 2933 761 πράγματος
2962 685 3340 760 ἀνθρωπίνως.
3369 685 3456 739 ῐνα
3489 684 3608 747 ὁδὸς
3635 684 3733 739 καὶ

2146 778 2289 849 ἀρχὴ
2327 781 2394 851 τῇ
2435 778 2721 849 ἀνθρώπου
2755 778 2914 848 φύσει
2941 777 3167 849 γένηται
3212 775 3348 846 πρὸς
3380 774 3442 827 τὸ
3470 773 3730 828 δύνασθαι

2144 870 2357 940 διαζῆν,
2386 870 2568 923 οὐκέτι
2614 869 2891 941 σαρκικῶς
2937 868 3032 922 καὶ
3080 867 3404 938 φιληδόνως,
3449 865 3622 934 ἀγίως
3672 864 3734 918 δὲ

2150 959 2351 1030 μᾶλλον
2390 960 2484 1013 καὶ
2522 958 2927 1030 πνευματικῶς.
2963 957 3193 1025 Ἀγαθοῦ
3231 957 3340 1029 γὰρ
3368 955 3568 1020 παντὸς
3596 957 3730 1025 ἡμῖν

2146 1051 2341 1120 γέγονε
2383 1051 2547 1123 ἀρχή.
2576 1053 2685 1106 Καὶ
2721 1050 2811 1104 διὰ
2852 1050 3011 1104 τοῦτο
3049 1048 3257 1120 πέφηνε
3288 1046 3594 1119 ἄνθρωπος,
3640 1047 3730 1100 ἴνα

2144 1145 2245 1215 τῆς
2266 1146 2324 1198 ἐν
2349 1144 2519 1215 Ἀδὰμ
2539 1143 2821 1207 ἀσθενείας
2845 1142 2943 1213 τὴν
2970 1140 3125 1212 ἡμῶν
3150 1139 3312 1210 φύσιν
3333 1136 3733 1208 ἐλευθερώσας,

2143 1236 2219 1302 ὡς
2250 1238 2306 1293 ὲν
2335 1234 2485 1308 αὑτῷ
2512 1237 2603 1290 καὶ
2638 1234 2839 1307 πρώτῳ
2864 1231 3015 1305 δείξῃ
3040 1230 3436 1303 πνευματικήν.

2721 1432 2973 1486 ΚΕΦΔΛ.
3021 1428 3149 1484 ΚΓ.

2143 1542 2299 1612 Πρὸς
2315 1542 2453 1608 τοὺς
2468 1541 2777 1612 λέγοντας,
2798 1541 2843 1612 Β
2851 1541 2869 1592 ι
2894 1538 3204 1612 ἐνεδέχετο
3231 1529 3569 1612 ἁμρρτῇοίαι
3592 1535 3727 1612 Χρις

2213 1601 2366 1667 σίὸν
2390 1601 2747 1680 φορέὀεαντᾱ
2775 1609 2889 1677 τὴν
2919 1601 3207 1678 epaer
3252 1601 3359 1660 τοῦ
3416 1601 3595 1674 Ἀδὰμ
3624 1601 3728 1656 διὰ

2212 1682 2328 1751 τὴν
2357 1681 2596 1751 σάρκας

2224 1793 2495 1848 ’Δσύνετοι
2527 1794 2586 1848 δὲ
2613 1792 2891 1857 παντελῶς
2907 1793 2957 1847 oi
2976 1790 3073 1847 καὶ
3097 1789 3279 1854 αὐτὸν,
3306 1787 3406 1842 οὐκ
3434 1782 3529 1841 οἶδ’
3548 1787 3725 1851 ὅπως,

2145 1886 2239 1940 τὸν
2274 1887 2510 1958 Χριστὸν
2539 1886 2982 1957 ὑποτυτιήσαντες
3019 1881 3408 1953 πλημμελῆσαι
3438 1877 3721 1945 δύνασθαι,

2146 1975 2235 2030 διὰ
2266 1976 2328 2030 τὸ
2358 1978 2416 2030 ἐν
2444 1976 2574 2031 εῖδει
2607 1976 2686 2047 τῷ
2720 1975 2842 2030 καθ’
2873 1976 3022 2046 ἡμᾶς
3059 1971 3416 2044 οἰκονομικῶς
3442 1970 3719 2041 γενέσθαι,

2149 2068 2244 2121 καὶ
2288 2067 2477 2122 δούλου
2536 2066 2752 2137 μορφὴν
2803 2066 3006 2132 λαϐεῖν,
3060 2065 3157 2119 καὶ
3213 2061 3722 2132 συναναστραφῆναι

2146 2161 2259 2223 τοῖς
2297 2160 2388 2213 ἐπὶ
2417 2159 2522 2228 γῆς
2552 2157 2858 2228 ἀνθρώποις
2915 2157 2977 2210 El
3023 2157 3123 2228 μὲν
3164 2155 3273 2226 γὰρ
3300 2154 3394 2208 τοῦ
3428 2150 3564 2208 εἶναι
3593 2152 3622 2206 ὃ
3652 2148 3724 2225 ἦν

2146 2253 2379 2323 ἀπέστη,
2407 2252 2463 2321 ἢ,
2497 2253 2562 2304 ὲκ
2592 2250 2687 2304 τοῦ
2715 2246 2854 2304 εἶναι
2869 2249 3021 2314 Θεὸς,
3054 2251 3132 2313 εἰς
3165 2247 3225 2302 τὸ
3255 2246 3375 2302 καθ’
3405 2248 3554 2317 ἡμᾶς
3579 2240 3725 2330 εἴναι

2151 2343 2310 2413 μόνον
2365 2342 2826 2413 μεταπεφοίτηκε,
2856 2342 3174 2412 ζητήτωσαν
3216 2340 3274 2394 ἐν
3320 2338 3467 2409 αὐτῷ
3512 2337 3579 2392 τά
3622 2337 3726 2407 τῆς

2146 2432 2492 2503 ἀνθρωπίνης
2534 2432 2817 2496 ἀσθενείας
2846 2432 3183 2502 ἐγκλήματα.
3235 2430 3298 2485 Ei
3345 2429 3401 2482 δέ
3430 2428 3518 2481 διά
3567 2425 3726 2480 τοῦτο

2147 2526 2244 2595 τὴν
2266 2524 2358 2577 τοῦ
2386 2524 2670 2596 ἀνθρώπου
2701 2524 2863 2594 φύσιν
2891 2523 3222 2593 πεφόρηκεν,
3246 2521 3354 2589 ἴνα,
3371 2521 3445 2584 ὼς
3468 2520 3524 2573 ἐν
3553 2518 3728 2589 Ἀδὰμ

2146 2615 2542 2686 ἀσθενήσασαν,
2561 2618 2618 2669 ὲν
2646 2615 2796 2689 αὐτῷ
2817 2615 2982 2683 δείξει
2998 2618 3013 2637 ⁸
3035 2614 3413 2681 δυνατωτάτην
3425 2613 3519 2665 καὶ
3547 2612 3728 2681 ἀμαρ-

2147 2706 2269 2769 τίας
2298 2706 2605 2776 κρείττονα,
2637 2706 2690 2758 τί
2719 2705 2899 2776 μάτην
2936 2703 3388 2775 περιεργάζονται
3415 2700 3444 2754 ὃ
3471 2699 3727 2754 δύνανται

2147 2797 2245 2867 οὐχ
2301 2796 2514 2867 εὐρεῖν;
2573 2795 2690 2860 πῶς
2743 2796 2801 2849 δέ
2851 2796 3101 2864 λέγοντος
3151 2792 3316 2847 αὑτοῦ
3365 2791 3723 2845 ἐπελάθοντο*

2153 2907 2173 2940 s
2230 2890 2489 2959 Ἔρχεται
2525 2890 2553 2942 ὁ
2588 2886 2681 2940 τοῦ
2732 2887 2938 2958 κόσμου
2989 2886 3194 2957 ἄρχων,
3241 2884 3332 2937 καὶ
3370 2885 3428 2935 ἐν
3470 2881 3595 2951 ἐμοὶ
3626 2880 3729 2933 οὐκ

2149 2976 2261 3046 ἔχει
2286 2976 2456 3031 οὐδέν.
2498 2996 2516 3028 s
2559 2977 2873 3048 Κατηγορεῐ
2921 2975 3020 3045 μὲν
3046 2976 3136 3029 καὶ
3165 2974 3343 3042 nisi};
3392 2972 3593 3041 σαρκὸς
3627 2969 3727 3038 τῆς

2147 3069 2421 3139 ἁμαρτίας
2452 3070 2480 3122 ὁ
2508 3069 2736 3138 εὑρετής
2756 3086 2768 3099 ·
2796 3067 2912 3121 ἀλλ’
2940 3062 3008 3138 ἦν
3045 3066 3140 3137 τῆς
3170 3065 3376 3117 ἐκείνου
3411 3060 3730 3130 σκαιότητος

2150 3159 2183 3227 ἡ
2214 3158 2502 3229 περιεργία
2532 3159 2810 3228 ἄπρακτος
2840 3159 2897 3210 ἐν
2926 3154 3175 3227 Χριστῷ·
3213 3152 3441 3224 εὓρηται
3464 3151 3572 3221 γὰρ
3591 3149 3729 3210 ὅλως

2148 3246 2302 3301 οὐδὲν
2332 3251 2388 3300 ἐν
2422 3248 2590 3318 αὐτῷ.
2623 3248 2731 3300 Καὶ
2762 3245 2890 3313 γοῦν
2924 3245 3057 3317 πρὸς
3100 3244 3384 3305 Ἰουδαίους
3418 3241 3519 3311 ἔφη
3543 3257 3556 3269 ⁸
3586 3258 3603 3291 t
3632 3234 3731 3302 τίς

2151 3337 2212 3403 ἐξ
2263 3338 2416 3409 ὑμῶν
2464 3338 2673 3409 ἐλέγχει
2726 3355 2797 3408 με
2845 3339 2938 3392 ἐπὶ
2989 3336 3295 3408 ἁμαρτίαςς
3356 3335 3417 3387 Et
3472 3331 3731 3403 ἀλήθειαν

2151 3428 2311 3498 λέγω,
2332 3430 2419 3482 διά
2448 3430 2499 3481 τί
2527 3430 2681 3499 ὑμεῖς
2707 3429 2768 3481 οὐ
2802 3429 3081 3482 πιστεύετέ
3113 3444 3234 3497 μοι;
3268 3445 3284 3477 ι
3317 3426 3526 3494 Ὠσπερ
3550 3423 3732 3475 τοίνυν

2151 3518 2211 3571 ἐν
2257 3517 2427 3588 ’Δδάμ
2460 3516 2861 3587 κατεκρίθημεν
2906 3516 2996 3570 διὰ
3034 3515 3133 3587 τὴν
3163 3514 3464 3586 παρακοὴν,
3502 3510 3597 3567 καὶ
3628 3511 3730 3581 τῆς

2152 3609 2373 3678 ἐντολῆς
2406 3608 2503 3679 τὴν
2537 3607 2865 3678 παράϐασιν,
2898 3606 3070 3671 οὕτως
3101 3609 3158 3660 ἐν
3188 3603 3407 3677 Χριστῷ
3450 3601 3729 3655 δεδικαιώ-

2155 3703 2294 3772 μεθα
2340 3702 2430 3754 διὰ
2487 3701 2548 3753 τὸ
2604 3699 2958 3769 ἀπλημμελές
3002 3697 3328 3766 ὁλοτρὸπως,
3364 3696 3459 3749 καὶ
3505 3695 3603 3764 τὴν
3647 3695 3730 3756 είς

2153 3794 2298 3849 ἅπαν
2329 3795 2421 3847 καὶ
2459 3793 2758 3865 ἀμώμητον
2801 3792 3047 3864 ὑπακοήν
3068 3809 3082 3823 ·
3114 3791 3209 3845 καὶ
3239 3789 3300 3843 τὸ
3331 3787 3587 3859 καύχημα
3618 3783 3724 3855 τῆς

2152 3885 2496 3958 ἀνθρωπείας
2547 3885 2761 3954 φύσεως
2804 3886 2863 3938 ἐν
2914 3882 3087 3957 τούτῳ
3138 3880 3351 3954 γέγονε.
3409 3883 3724 3953 Πέφρακται

2153 3977 2283 4047 γοῦν
2331 3979 2365 4049 ἡ
2409 3976 2539 4048 ἀρὰ,
2582 3977 2675 4030 καὶ
2702 3976 2763 4030 τὸ
2795 3976 2970 4047 στόμα
2997 3976 3099 4057 τῆς
3134 3974 3407 4047 ἁμαρτίας
3440 3972 3729 4046 ἐμπέφρα-

2154 4088 2303 4136 κται,
2333 4070 2428 4124 καὶ
2454 4070 2551 4123 σὺν
2575 4069 2722 4140 αὑτῷ
2751 4069 2813 4122 τὸ
2841 4068 2934 4122 τοῦ
2959 4068 3185 4123 θανάτου
3217 4066 3415 4139 κράτος
3445 4064 3734 4134 κατείργη·

2151 4163 2284 4226 eat‘,
2325 4160 2515 4231 ὥσπερ
2565 4160 2743 4231 οἰκείᾳ
2772 4159 2899 4233 ῥίζῃ
2954 4155 3461 4229 συναπομαρανθέν.
3516 4153 3580 4207 Et
3622 4153 3734 4223 γὰρ

2153 4253 2371 4307 πάντων
2390 4252 2498 4305 τῶν
2524 4251 2706 4305 κακῶν
2730 4251 2988 4321 πρόξενος
3013 4252 3143 4321 ἡμῖν
3166 4251 3199 4321 ἡ
3225 4248 3465 4320 ἁμαρτία
3485 4247 3733 4315 γέγονεν,

2152 4341 2431 4414 ἀναίρεσις
2460 4341 2614 4395 ἔσται
2642 4340 2751 4395 τῶν
2784 4340 3209 4411 συμϐεϐηκότων
3239 4341 3272 4410 ἡ
3315 4341 3372 4394 ἐν
3401 4336 3620 4409 Χριστῷ
3651 4336 3733 4388 διο

2154 4434 2399 4499 καίωσις,
2428 4431 2496 4487 δι’
2529 4432 2776 4504 ὑπακοῆς
2803 4432 3177 4499 είσϐαίνουσα,,
3203 4432 3300 4487 καὶ
3324 4430 3386 4485 τὸ
3418 4429 3734 4485 ἀνυπαίτιον

480 4522 746 4580 malorum
797 4528 956 4581 nobis
1001 4525 1101 4581 fuit
1145 4543 1159 4580 :
1201 4527 1425 4583 abolitio
1473 4541 1662 4581 eorum
1712 4543 1834 4597 quas
1888 4528 2047 4583 nobis

2156 4527 2354 4598 ἔχουσα
2384 4524 2680 4589 παντελῶς.
2722 4525 2884 4578 Ὥστε
2921 4524 3015 4579 καὶ
3041 4527 3090 4579 εί
3116 4523 3209 4579 τὸν
3250 4522 3439 4594 Ἀδὰμ.
3476 4522 3552 4586 ῶς
3576 4536 3733 4590 φασι,

477 4616 792 4673 acciderant
841 4618 1009 4674 fuerit
1065 4618 1390 4689 iustiﬁcatio
1436 4619 1490 4673 in
1524 4617 1744 4674 Christo
1781 4635 1878 4690 per
1918 4619 2049 4675 obe-

475 4707 732 4765 dientiam
763 4710 1031 4782 ingressa,
1074 4712 1333 4782 omnique
1375 4710 1532 4780 plane
1559 4709 1726 4783 395
1767 4710 1921 4781 culpa
1961 4726 2052 4765 ca-

478 4808 627 4855 rens.
680 4800 950 4868 Quocirca
991 4803 1154 4858 etiam
1207 4801 1515 4867 Adamum,
1570 4813 1629 4856 ut
1677 4802 1778 4872 ipsi
1828 4803 2048 4867 dicunt,

480 4889 700 4947 indutus
733 4904 817 4949 est
845 4912 861 4950 :
888 4911 992 4950 non
1023 4903 1201 4951 tamen
1224 4896 1297 4952 illi
1314 4896 1511 4953 similis
1542 4904 1683 4961 erat,
1703 4895 1793 4964 qui
1824 4909 1886 4949 ex
1909 4904 2051 4949 terra

480 4986 898 5057 terrenuszsed
949 4994 1009 5040 ut
1056 4987 1320 5053 cwlestis,
1373 4985 1870 5057 incomparabiliter
1912 5000 2051 5055 pne-

2157 4615 2489 4688 πεφόρηκεν,
2520 4616 2635 4672 ἀλλ’
2677 4617 2737 4669 οὐ
2768 4616 2886 4671 κατ’
2911 4616 3117 4670 ἐκεῖνον
3157 4611 3247 4686 ἦν,
3275 4614 3367 4667 τὸν
3396 4614 3462 4667 ἐκ
3488 4615 3591 4683 γῆς
3615 4615 3735 4683 χοϊ-

2156 4709 2273 4774 κδν,
2325 4707 2440 4763 ἀλλ’
2470 4709 2547 4772 ῶς
2589 4707 2931 4779 ἐπουράνιος,
2965 4707 3205 4779 ἀμείνων
3248 4704 3595 4775 ἀσυγκρίτως
3637 4701 3734 4755 τοῦ

2158 4795 2343 4869 χοϊκοῦ
2363 4811 2377 4825 °
2410 4797 2503 4849 καὶ
2530 4798 2642 4860 τοῖς
2670 4797 2769 4865 τῆς
2796 4796 3209 4867 ἁναμαρτησίας
3241 4794 3482 4857 ἐπαίνοις
3506 4792 3606 4863 τὴν
3634 4791 3735 4846 ἀν-

2159 4889 2376 4963 θρώπου
2403 4889 2564 4959 φύσιν
2596 4890 3012 4961 στεφανωμένην
3036 4893 3054 4912 '
3086 4890 3142 4942 ἐν
3172 4887 3321 4958 αὑτῷ
3346 4885 3623 4957 θεωρῆσαί
3644 4901 3731 4947 τις

2158 4982 2225 5037 ἂν
2261 4982 2494 5047 δύναιτο,
2528 4982 2629 5053 τῆς
2668 4982 3022 5036 θεοπνεύστου
3056 4980 3282 5052 Γραφῆς
3331 4976 3733 5049 ἐπιμαρτυρού-

478 5071 714 5127 stantior
755 5080 1000 5129 terreno;
1051 5075 1219 5131 Porro
1267 5076 1520 5147 puritatis
1565 5092 1593 5129 a
1641 5083 1864 5144 peccato
1894 5075 2049 5130 laude

2162 5089 2261 5145 σης
2277 5072 2547 5145 αὑτῴ,ὅτι
2583 5093 2601 5126 ι
2623 5074 2922 5146 Ἀμαρτίαν
2946 5075 3046 5129 οὐκ
3077 5073 3354 5143 ἐποίησεν,
3381 5069 3502 5124 οὐδὲ
3534 5068 3733 5140 εὑρέθη
3764 5094 3769 5099 τ

477 5158 768 5214 humanam
814 5169 1064 5217 naturam
1107 5167 1158 5218 in
1212 5167 1326 5232 ipso
1383 5174 1632 5220 ornatam
1687 5164 1852 5221 fuisse
1894 5164 2049 5219 facile

2157 5165 2306 5228 δόλος
2336 5168 2394 5219 ἐν
2425 5165 2504 5236 τῷ
2532 5166 2761 5237 στόματι
2798 5164 2983 5219 αὑτοῦ.
3022 5183 3040 5216 ι

479 5251 603 5322 quis
642 5252 1060 5323 contempletur,
1108 5270 1230 5310 cum
1281 5256 1561 5327 Scriptura
1615 5272 1769 5312 sacra
1819 5257 1884 5312 de
1935 5258 2048 5327 ipso
2093 5268 2363 5314 testetur:
2399 5278 2418 5310 ι
2449 5259 2581 5326 Quia
2625 5270 2903 5330 peccatum
2974 5273 3079 5314 nou
3114 5257 3453 5327 ieeit,ueque
3482 5256 3734 5313 inventus

480 5351 564 5399 est
591 5344 644 5400 in
674 5360 771 5402 ore
799 5344 918 5417 ejus
948 5347 1100 5404 do.us
1120 5348 1188 5402 ".
1224 5367 1241 5400 ι

569 5500 619 5534 ⁷³
637 5499 794 5559 Joau.
830 5520 942 5571 xw,
968 5505 1058 5561 '50.
1136 5505 1181 5538 ⁷⁸
1205 5502 1364 5562 Joan.
1400 5521 1517 5573 ιἰιι,
1546 5507 1633 5561 46.
1712 5509 1757 5539 ⁷⁵
1783 5507 1799 5560 Ι
1823 5507 1966 5562 Petr.
2005 5522 2061 5572 Il,
2094 5507 2183 5561 29.
