4058 6416
316 377 478 463 ἰιιε

1342 405 1716 462 ADVERSUS
1754 376 2564 469 ANTHROPOthRPHlTAS.

3469 422 3614 477 “‘26

331 523 488 577 θειαν
509 538 520 550 ’
570 521 792 576 ἐπειδάν
834 522 892 578 δὲ
938 522 1201 594 στάσιμον
1239 522 1464 595 γένηται
1495 525 1556 578 τὸ
1588 526 1777 592 κακὸν,
1808 526 1930 579 τότε

2039 536 2146 580 tum
2176 530 2511 595 pervenerit,
2542 535 2670 582 tunc
2698 531 2930 598 primum
2957 544 3130 586 artem
3157 547 3308 588 suam
3336 533 3613 602 adhibent,

330 616 434 686 τὴν
459 613 654 696 τέχνην
696 616 982 684 ἐπάγουσι,
1018 617 1346 687 ἐκφανείσης
1391 617 1574 687 πάσης
1604 617 1700 688 τῆς
1729 618 1886 670 νόσου
1907 634 1920 646 ·

330 707 508 770 οὕτως
535 706 632 760 καὶ
657 708 786 770 τοὺς
814 707 1001 770 κακῶς
1029 705 1253 777 ἔχοντας
1279 708 1381 778 τὴν
1417 706 1595 778 ψυχὴν
1638 708 1922 778 ἰατρεύων,

330 799 431 870 τὴν
457 799 523 852 ἐκ
553 798 752 862 κακίας
776 798 930 853 νόσον
971 799 1248 869 ἀνέμεινε,
1342 797 1656 869 κατεκράθη
1679 800 1712 869 ἡ
1738 799 1921 867 φύσις,

330 892 519 945 πᾶσαν
559 890 989 959 ἐκκαλυφθῆναι,
1022 889 1099 952 ὡς
1145 889 1212 943 ἂν
1265 888 1431 960 μηδὲν
1465 887 1570 942 τῶν
1605 889 1917 960 κεκρυμμέ-

333 1001 444 1036 νων
475 981 850 1051 ἀθεράπευτον
881 979 1102 1050 μείνειε·
1130 979 1223 1033 τοῦ
1262 978 1446 1051 ἰατροῦ
1484 980 1643 1050 μόνον
1673 981 1732 1034 τὸ
1760 981 1924 1049 φανὲν

335 1073 758 1144 θεραπεύοντος.
789 1073 901 1126 Καὶ
922 1071 1010 1126 διὰ
1035 1070 1195 1125 τοῦτο
1231 1069 1356 1124 οὔτε
1381 1071 1524 1126 κατά
1543 1073 1669 1135 τοὺς
1698 1073 1924 1142 καιροὺς

333 1167 431 1222 τοῦ
480 1167 627 1229 Νῶε,
658 1165 841 1234 πάσης
877 1163 1080 1236 σαρκὸς
1112 1164 1170 1217 ἐν
1219 1164 1406 1235 ἀδικίᾳ
1452 1163 1922 1234 καταφθαρείσης,

336 1262 536 1329 ἐπάγει
565 1259 653 1314 διὰ
690 1258 788 1328 τῆς
823 1257 960 1321 ίδίας
993 1255 1294 1328 ἐμφανείας
1323 1257 1422 1326 τὴν
1464 1256 1625 1322 ἴασιν,
1654 1256 1734 1310 ὅτι
1772 1255 1924 1309 οῦπω

331 1353 434 1423 τῆς
477 1349 776 1419 Σοδομικῆς
817 1347 1016 1412 κακίας
1062 1347 1091 1399 6
1129 1345 1358 1416 βλαστὸς
1382 1344 1582 1416 ἐξεφύη
1607 1363 1623 1380 ο
1664 1343 1782 1399 οὐδὲ
1830 1345 1923 1399 ἐπὶ

332 1443 428 1496 τοῦ
455 1439 647 1512 καιροῦ
677 1440 778 1510 τῆς
805 1440 1054 1510 Σοδόμων
1088 1437 1477 1509 καταστροφῆς
1504 1440 1531 1490 6
1563 1437 1766 1508 Κύριος
1797 1438 1923 1506 φαί-

333 1552 506 1596 νεται,
539 1532 672 1586 διότι
699 1515 869 1584 πολλὰ
910 1530 1019 1583 τῶν
1049 1530 1357 1584 ὑπολοίπων
1397 1530 1585 1585 κακῶν
1612 1533 1677 1601 τῇ
1711 1530 1923 1600 ἀνθρω-

335 1631 470 1702 πίνῃ
497 1628 575 1682 ἐτι
619 1626 1029 1698 κατεκρύπτετο
1077 1626 1260 1694 φύσει.
1313 1627 1422 1679 Ποῦ
1456 1627 1564 1697 γὰρ
1597 1628 1624 1679 ὁ
1655 1626 1924 1695 θεομάχος

332 1717 573 1790 Φαραώς
605 1718 708 1771 ποῦ
752 1717 863 1772 τῶν
894 1718 1208 1786 Αίγυπτίων
1240 1720 1273 1789 ἠ
1315 1718 1624 1786 ἀδάμαστος
1654 1718 1919 1788 πονηρία;

332 1813 412 1865 Οὐ
456 1813 561 1882 μὴν
591 1811 712 1864 οὐδὲ
745 1810 868 1864 τότε
902 1810 981 1880 τῷ
1009 1810 1275 1882 διορθωτῇ
1310 1809 1403 1862 τοῦ
1438 1809 1639 1872 παντὸς
1667 1808 1923 1880 εὔκαιρον

2033 632 2155 672 cum
2183 618 2295 688 jam
2340 628 2486 675 totus
2519 621 2741 676 morbus
2769 636 2828 676 se
2861 623 3178 677 exeruerit:
3214 624 3284 676 ita
3326 624 3492 678 etiam
3522 641 3618 681 eos

2032 709 2123 778 qui
2159 711 2353 766 animm
2381 712 2526 767 vitiis
2556 713 2810 767 laborant
2841 728 3066 780 curans,
3106 716 3296 771 morbo
3327 730 3396 771 ex
3428 718 3617 784 nequi-

2033 802 2104 855 tia
2163 803 2402 859 curando
2459 804 2725 872 tantisper
2781 805 3132 873 supersedit,
3187 808 3360 861 donec
3417 817 3616 863 natura

2031 893 2292 962 quidquid
2335 894 2387 948 in
2424 909 2485 950 se
2537 896 2663 950 mali
2700 896 2937 951 habebat
2983 906 3152 952 totum
3204 899 3498 966 patefecit,
3549 914 3618 953 ne

2032 985 2160 1053 quid
2192 986 2392 1042 occulti
2426 987 2732 1042 incuratum
2761 989 3189 1058 relinqueretur:
3222 1006 3342 1044 cum
3378 992 3618 1047 medicus

2031 1091 2092 1130 ea
2127 1085 2336 1130 tantum
2365 1093 2484 1147 quas
2519 1089 2785 1148 apparent
2820 1089 2996 1135 curet.
3044 1080 3251 1134 Idcirco
3278 1096 3451 1150 neque
3479 1088 3617 1134 tem-

2032 1169 2252 1234 poribus
2279 1166 2414 1234 Noe,
2452 1185 2574 1224 cum
2603 1172 2779 1225 omnis
2810 1186 2941 1227 caro
2972 1172 3024 1225 in
3056 1171 3341 1240 iniquitate
3364 1179 3618 1242 corrupta

2031 1270 2219 1323 esset,
2261 1259 2598 1330 apparitione
2637 1277 2732 1316 sua
2782 1263 3049 1317 medelam
3094 1260 3248 1316 all‘ert
3279 1279 3292 1314 :
3319 1261 3443 1330 quia
3481 1277 3620 1315 nun-

2032 1353 2157 1406 dum
2189 1352 2538 1408 Sodomiticae
2573 1355 2828 1424 nequitia.-
2858 1369 3080 1425 germen
3112 1355 3438 1422 epullnlarat
3466 1375 3480 1408 :
3517 1369 3612 1408 ue-

2033 1459 2135 1512 que
2173 1460 2237 1499 eo
2275 1455 2516 1513 tempore
2547 1460 2653 1513 quo
2693 1445 3054 1500 Sodomorum
3094 1447 3222 1501 urbs
3265 1462 3456 1501 eversa
3493 1446 3614 1511 fuit,

2035 1536 2292 1591 Dominus
2344 1524 2636 1605 apparuit:
2677 1538 2800 1605 quia
2854 1539 3018 1591 multa
3067 1539 3245 1592 adhuc
3279 1539 3330 1592 in
3382 1538 3616 1591 humana

2033 1629 2209 1682 anima
2243 1629 2370 1682 vitia
2401 1629 2814 1681 delitescebat".
2857 1628 2955 1682 Ubi
2987 1630 3130 1682 enim
3164 1628 3424 1682 adversus
3450 1628 3615 1681 Deum

2033 1720 2243 1773 bellaus
2272 1719 2522 1773 Pharao?
2548 1721 2638 1772 ubi
2669 1717 3053 1788 {Egyptiorum
3083 1721 3346 1774 indomita
3381 1719 3621 1772 malitia?

2031 1805 2102 1858 At
2158 1822 2226 1859 ne
2291 1816 2400 1859 tum
2467 1807 2686 1875 quidem
2738 1809 2902 1860 totius
2960 1809 3200 1862 universi
3264 1810 3616 1863 instauratori

337 1906 453 1974 (ἐπὶ
481 1905 592 1958 τῶν
631 1903 947 1971 Αίγυπτίων
981 1903 1124 1971 λέγω
1153 1903 1368 1972 κακῶν)
1405 1901 1812 1971 καταμιχθῆναι
1848 1902 1926 1972 τῷ

2039 1904 2398 1963 opportunum
2457 1896 2630 1949 visum
2686 1895 2788 1948 fuit
2829 1896 2973 1966 (post
3024 1895 3304 1967 ASgyptia,
3366 1899 3612 1965 inquam,

335 1997 462 2067 βίῳ.
505 1995 644 2048 Ἀλλ’
675 1995 784 2048 ἔδει
812 1997 903 2048 καὶ
935 1996 1040 2048 τῶν
1076 1995 1426 2066 Ἰσραηλιτῶν
1449 1994 1548 2066 τὴν
1580 1995 1925 2068 παρανομίαν

333 2091 642 2161 ἀναφῆναι·
693 2088 800 2142 ἔδει
852 2087 1074 2158 καὶτῆς
1140 2087 1439 2156 Ἀσσυρίων
1487 2084 1782 2156 βασιλείας,
1831 2085 1927 2138 καὶ

333 2181 431 2236 τοῦ
477 2179 968 2250 Ναϐουχοδονὸζωρ
996 2177 1096 2249 τὴν
1127 2177 1537 2249 ὑπερηφανείαν
1582 2176 1928 2247 ὑποσμύχον-

336 2293 439 2328 σαν
468 2273 549 2327 ἔτι
575 2273 654 2344 τῷ
685 2272 785 2342 βίῳ
815 2269 1057 2341 φανεράν
1080 2269 1360 2340 γενέσθαν
1394 2269 1500 2323 ἔδει
1526 2269 1624 2339 τὴν
1651 2269 1790 2323 κατά
1819 2269 1926 2322 τῶν

331 2362 499 2415 ὁσίων
530 2351 865 2430 μιαιφονίαν,
901 2355 1012 2411 οἷόν
1041 2374 1162 2411 τινα
1193 2359 1429 2430 πονηρὸν
1469 2358 1755 2430 ἀκανθὼδη
1802 2359 1928 2429 βλα-

332 2453 464 2505 στὸν
510 2454 609 2522 τῆς
656 2449 835 2518 κακῆς
883 2448 977 2502 τοῦ
1025 2447 1272 2503 διαϐόλου
1338 2448 1493 2519 ῥίζης
1556 2449 1924 2521 ἀναδραμεῖν·

333 2545 442 2599 ἔδει
491 2544 592 2614 τὴν
641 2542 752 2596 τῶν
797 2540 1066 2595 Ἰουδαίων
1100 2540 1245 2595 κατὰ
1291 2540 1400 2595 τῶν
1451 2541 1622 2610 ἁγίων
1671 2541 1764 2594 τοῦ
1793 2541 1927 2595 Θεοῦ

333 2635 720 2708 φανερωθῆναι
762 2632 986 2695 λύσσαν,
1034 2632 1144 2686 τῶν
1187 2633 1316 2697 τοὺς
1367 2635 1654 2705 προφήτας
1687 2635 1924 2688 ἀποκτα.

332 2727 559 2786 νόντων,
588 2725 684 2778 καὶ
720 2723 1140 2778 λιθοδολούντων
1170 2725 1296 2787 τοὺς
1328 2725 1801 2796 ἀπεσταλμένους,
1836 2724 1931 2780 καὶ

339 2817 492 2879 τέλος
526 2815 618 2869 τοῦ
645 2814 777 2869 ναοῦ
807 2813 1015 2867 καὶτοῦ
1049 2812 1441 2886 θυσιαστηρίου
1475 2814 1679 2886 μεταξὺ
1709 2816 1769 2869 τὸ
1790 2815 1932 2869 κατὰ

339 2906 434 2959 τὸν
468 2906 742 2978 Ζαχαρίαν
774 2905 904 2974 ἄγος
950 2905 1366 2975 ἐργασαμένων.
1417 2905 1661 2976 Πρόσθες
1713 2906 1790 2977 τῷ
1827 2924 1929 2960 κα-

336 2998 550 3067 ταλόγῳ
579 2998 690 3050 τῶν
721 2994 974 3066 πονηρῶν
1017 2995 1438 3066 βλαστημάτων,
1477 2997 1571 3049 καὶ
1615 2996 1710 3049 τοῦ
1755 2997 1931 3066 Ἡρώ-

335 3091 430 3145 δου
463 3091 561 3160 τὴν
593 3088 968 3158 παιδοφονίαν.
1014 3087 1166 3140 Ἐπεὶ
1203 3083 1297 3141 οὖν
1327 3089 1479 3140 πᾶσα
1517 3088 1614 3158 τῆς
1648 3088 1848 3153 κακίας
1895 3090 1928 3160 ἡ

336 3182 570 3250 δύναμις
613 3181 679 3233 ἐκ
707 3180 806 3250 τῆς
837 3179 1080 3248 πονηρᾶς
1111 3177 1270 3248 ῥίζης
1300 3177 1548 3248 ἀνεδόθη,
1581 3179 1676 3233 καὶ
1714 3179 1931 3231 πολυει-

334 3274 445 3338 δῶς
474 3272 681 3344 ηὔξησε
709 3274 768 3324 ὲν
813 3275 932 3333 ταῖς
980 3271 1334 3341 προαιρέσεσι
1384 3269 1490 3321 τῶν
1525 3268 1648 3322 καθ’
1695 3271 1932 3340 ἑκάστην
1961 3251 2004 3309 c

339 3365 559 3433 γενεὰν,
603 3367 668 3435 τῇ
719 3363 890 3435 κακίᾳ
935 3362 1268 3432 ἀγνωρίμως
1314 3361 1737 3432 ὑλομανησάσῃ,
1790 3363 1932 3429 τότε,

341 3457 527 3520 καθώς
559 3475 692 3529 φησι
731 3456 870 3528 πρὸς
914 3455 1235 3526 Ἀθηναίους
1279 3455 1307 3506 6
1337 3453 1570 3518 Παῦλος,
1611 3472 1629 3503 ι
1674 3455 1812 3516 Τοὺς
1834 3453 1935 3523 τῆς

341 3547 567 3616 ἀγνοίας
595 3546 820 3618 χρόνους
858 3543 1130 3615 ὑπεριδὼν
1171 3546 1198 3596 6
1225 3544 1375 3607 Θεὸς,
1421 3545 1516 3596 ἐπὶ
1546 3542 1655 3595 τῶν
1687 3543 1934 3612 ἐσχάτων

342 3637 570 3709 ἡμερῶν
604 3635 991 3707 παραγίνεται,
1053 3654 1071 3686 ι
1107 3635 1194 3688 ὅτε
1228 3635 1328 3687 οὐκ
1364 3630 1432 3706 ἦν
1467 3637 1495 3687 6
1545 3633 1764 3697 συνιὼν,
1811 3632 1935 3686 οὔτε

341 3730 446 3783 οὐκ
474 3725 543 3800 ἦν
584 3730 613 3781 6
641 3726 890 3797 ἐκζητῶν
931 3727 1024 3780 τὸν
1077 3727 1230 3792 Θεὸν,
1263 3727 1352 3780 ὅτε
1404 3727 1602 3789 πάντες
1635 3725 1935 3791 ἐξέκλιναν,

345 3821 465 3892 ἅμα
515 3818 920 3891 ἠχρειωθησαν,
972 3820 1062 3874 ὅτε
1106 3819 1460 3888 συνεκλείσθη
1511 3820 1580 3872 τὰ
1635 3820 1813 3872 πάντα
1860 3820 1940 3881 είς

346 3912 649 3984 ἁμαρτίαν,
683 3912 773 3964 ὅτε
820 3910 1149 3964 ἐπλεόνασεν
1191 3911 1223 3980 ὴ
1275 3910 1538 3981 ἁμαρτία,
1591 3910 1679 3962 ὅτε
1715 3910 1848 3981 πρὸς
1880 3909 1940 3962 τὸ

345 4005 650 4076 ἀκρότατον
684 4003 882 4073 μέτρον
933 4003 962 4055 6
999 4001 1098 4070 τῆς
1127 4001 1326 4062 κακίας
1357 3998 1559 4070 ηὔξησε
1590 3999 1784 4068 ζόφος·
1817 3999 1940 4052 τότε

347 4097 598 4167 ἐπεφάνη
644 4097 678 4166 ἡ
729 4096 912 4167 χάρις,
946 4094 1066 4146 τότε
1097 4094 1131 4163 ἡ
1164 4091 1258 4145 τοῦ
1289 4091 1545 4163 ἀληθινοῦ
1577 4091 1752 4160 φωτὸς
1782 4091 1940 4154 ἀκτὶς

348 4190 692 4253 ἐπανέτειλε,
723 4188 844 4242 τότε
875 4187 1148 4257 ἐπέφανεν
1192 4187 1220 4238 6
1248 4186 1350 4256 τῆς
1381 4184 1726 4256 δικαιοσύνης
1749 4185 1939 4247 Ἥλιος

346 4284 462 4346 τοῖς
484 4283 541 4335 ἐν
564 4264 746 4334 σκότει
777 4280 871 4334 καὶ
901 4280 1030 4350 σκιᾷ
1060 4276 1414 4348 καθημένοις,
1449 4276 1572 4329 τότε
1606 4276 1706 4340 τὰς
1739 4275 1939 4340 πολλὰς

349 4373 597 4444 κεφαλάς
623 4371 719 4426 τοῦ
747 4371 1041 4444 δράκοντος
1071 4368 1420 4434 συνέθλασεν,
1452 4367 1648 4432 ἐπιϐὰς
1696 4367 1774 4438 τῷ
1817 4367 1940 4421 ποδὶ

347 4465 438 4520 διά
478 4465 579 4535 τῆς
608 4463 962 4535 ἀνθρωπίνης
993 4461 1216 4533 σαρκὸς,
1247 4460 1342 4516 καὶ
1378 4462 1450 4532 τῇ
1489 4463 1561 4531 γῇ
1593 4460 1942 4531 προσθλάσας

2037 1986 2198 2056 mala)
2231 1989 2352 2039 vitzc
2382 1987 2619 2041 misceri.
2652 1985 2950 2056 Oportebat
2975 1990 3120 2042 enim
3154 1989 3318 2043 etiam
3351 1990 3620 2044 Israelita-

2038 2094 2152 2132 ruzn
2179 2078 2345 2148 395
2373 2079 2794 2134 inobedientiam
2831 2081 3203 2147 manilestari;
3253 2082 3538 2150 oportebat
3566 2093 3621 2136 et

2036 2172 2185 2238 regni
2227 2171 2577 2238 Assyriorqu
2627 2183 2681 2226 et
2716 2170 3226 2227 Nabuchodouozor
3264 2174 3620 2243 ﬂagrantissi-

2037 2277 2181 2315 mam
2226 2263 2539 2330 superbiam
2585 2262 2930 2316 manifestam
2981 2263 3098 2318 lieri
3133 2266 3459 2334 :oportebat
3494 2281 3622 2321 sau-

2037 2365 2250 2410 ctorum
2289 2356 2490 2410 caedem
2533 2356 2697 2410 veluti
2732 2370 2957 2424 pravum
2995 2357 3214 2426 altqnod
3253 2370 3306 2410 et
3341 2359 3618 2427 spinosum

2038 2449 2196 2502 make
2245 2447 2443 2503 diaboli
2500 2448 2704 2504 radicis
2754 2463 2976 2518 germen
3033 2449 3259 2504 excitari
3293 2451 3624 2520 :oportebat

2037 2539 2354 2594 Judaeorum
2416 2539 2678 2594 adversus
2711 2548 2933 2594 sanctos
2984 2539 3078 2593 Dei
3142 2541 3348 2594 rabiem
3403 2541 3625 2596 manife-

2039 2632 2199 2694 stari,
2245 2630 2606 2686 occidentium
2641 2631 2953 2700 prophetas,
2978 2642 3032 2686 et
3058 2645 3150 2686 eos
3172 2631 3264 2699 qui
3294 2632 3444 2686 missi
3468 2641 3626 2685 erant

2039 2727 2309 2796 lapidibus
2349 2725 2726 2791 obruentium,
2773 2741 2839 2782 ac
2872 2727 3088 2782 tandem
3135 2719 3418 2795 piaculare
3449 2727 3626 2780 scelus

2041 2819 2095 2873 in
2128 2818 2451 2872 Zachariam
2484 2817 2627 2872 inter
2660 2818 2835 2887 ipsum
2867 2819 3040 2874 altare
3063 2830 3115 2874 et
3147 2819 3404 2889 templum
3433 2835 3624 2888 perpe-

2040 2910 2298 2963 trautium
2322 2926 2336 2974 ;
2362 2909 2500 2964 adde
2526 2909 2690 2963 etiam
2715 2911 2963 2980 catalogo
2989 2927 3273 2981 pravorum
3296 2912 3622 2982 germinum,

2043 3001 2330 3055 infantium
2391 3002 2596 3056 easdem
2661 3002 2730 3056 ab
2770 3001 2985 3058 llerode
3045 3015 3434 3073 perpetratum.
3488 3005 3624 3059 Cum

2043 3092 2204 3160 igitur
2244 3092 2425 3146 omnis
2465 3092 2519 3147 in
2567 3092 2883 3148 universum
2933 3095 3189 3164 nequitia:
3229 3095 3312 3149 vis
3345 3109 3410 3148 ex
3459 3110 3624 3164 prava

2042 3183 2224 3238 radice
2255 3183 2500 3249 emersit,
2528 3184 2820 3252 multisque
2855 3185 3033 3239 modis
3071 3185 3318 3239 excrevit
3348 3185 3401 3238 in
3435 3185 3627 3238 volun-

2040 3276 2242 3331 tatibus
2278 3291 2342 3331 ac
2368 3276 2564 3330 studiis
2591 3291 2688 3345 per
2716 3291 3158 3346 unamquamque
3190 3276 3622 3346 generationem,

2041 3367 2244 3422 malitia
2287 3368 2596 3438 promiscue
2639 3367 2992 3423 luxuriante:
3025 3376 3137 3422 tum
3192 3369 3435 3434 demum,
3482 3369 3628 3423 sicut

2039 3460 2116 3514 ait
2161 3461 2226 3514 ad
2271 3460 2636 3515 Athenienses
2681 3459 2900 3525 Paulus,
2945 3478 2965 3511 ι
3009 3460 3332 3530 Ignorantia:
3384 3469 3628 3529 tempora

2041 3553 2347 3622 despiciens
2395 3551 2556 3618 Deus,
2606 3551 2812 3607 ultimis
2865 3553 3204 3622 temporibus
3248 3552 3561 3618 advenit";
3603 3570 3620 3602 ι

2041 3663 2166 3702 cum
2212 3663 2318 3703 non
2355 3657 2501 3701 esset
2532 3648 2623 3716 qui
2670 3647 3015 3717 intelligeret,
3063 3662 3238 3717 neque
3289 3647 3630 3702 inveniretur

2041 3739 2132 3808 qui
2191 3749 2462 3806 quaereret
2514 3738 2679 3793 Deum
2724 3755 2740 3793 :
2783 3740 3003 3809 quando
3051 3753 3242 3794 omnes
3287 3739 3631 3794 declinarant

2041 3830 2309 3901 simulque
2342 3830 2561 3884 inutiles
2593 3829 2720 3884 facti
2762 3841 2938 3893 erant,
2970 3831 3190 3898 quando
3222 3831 3406 3884 omnia
3450 3831 3629 3899 impli-

2040 3932 2160 3978 cata
2197 3922 2418 3976 l'uerunt
2462 3920 2686 3985 malitia,
2731 3921 2948 3990 quando
2979 3921 3274 3974 abundavit
3313 3932 3622 3989 peceatum,

2040 4013 2256 4083 quando
2307 4013 2375 4066 ad
2429 4027 2698 4066 summam
2767 4025 3076 4066 mensuram
3132 4012 3389 4080 nequitiae
3448 4013 3627 4082 caligo

2039 4102 2285 4158 excrevit
2317 4115 2334 4156 :
2362 4109 2512 4167 tunc,
2548 4101 2785 4171 inquam,
2826 4101 3081 4171 apparuit
3116 4101 3312 4172 gratia,
3354 4111 3484 4157 tunc
3510 4105 3624 4157 veri

2042 4197 2264 4251 luminis
2291 4197 2476 4252 radius
2503 4194 2725 4262 effulsit,
2758 4205 2886 4251 tunc
2917 4203 3141 4251 exortus
3169 4205 3251 4251 est
3280 4196 3372 4252 Sol
3399 4197 3626 4266 justitia:

2042 4292 2110 4347 iis
2139 4289 2231 4360 qui
2275 4289 2330 4344 in
2383 4290 2622 4345 tenebris
2655 4302 2820 4361 atque
2852 4291 2906 4344 in
2940 4291 3128 4345 umbra
3179 4292 3462 4356 sedebant,
3498 4299 3626 4347 tunc

2043 4383 2210 4438 multa
2256 4381 2436 4452 capita
2475 4381 2732 4438 draconis
2777 4382 3059 4448 contrivit,
3094 4383 3230 4453 pede
3282 4382 3373 4437 illa
3407 4385 3626 4452 procul-

2043 4491 2177 4532 cans
2215 4491 2312 4545 per
2337 4475 2632 4530 humanam
2683 4491 2926 4539 carnem,
2963 4483 3233 4545 terraeque
3273 4473 3425 4529 illisit
3465 4483 3626 4544 atque

349 4559 447 4613 καὶ
465 4557 885 4629 καταπατήσας.
918 4557 1028 4610 Καὶ
1051 4555 1243 4627 μηδεὶς
1272 4553 1407 4626 πρὸς
1429 4555 1498 4608 τά
1528 4553 1622 4608 νῦν
1650 4554 1708 4606 ἐν
1730 4553 1808 4624 τῷ
1839 4553 1933 4624 βίῳ

2043 4568 2318 4639 protrivit.
2370 4565 2556 4638 Neque
2603 4583 2732 4623 vero
2777 4567 3044 4637 quispiam
3109 4567 3161 4620 in
3208 4567 3458 4636 praesenti
3501 4569 3626 4622 vita:

349 4649 790 4720 καταψεύδεσθαι
823 4645 1092 4719 νομιζέτω
1133 4647 1224 4702 τὸν
1252 4645 1433 4716 λόγον,
1465 4645 1587 4699 καθ’
1615 4645 1674 4699 ὃν
1721 4648 1778 4700 ἐν
1828 4647 1938 4710 τοῖς

348 4743 684 4806 τελευταίοις
731 4742 948 4814 χρόνοις
1001 4741 1184 4812 φαμὲν
1233 4741 1539 4812 ἐπιλάμψαι
1589 4739 1667 4811 τῷ
1712 4739 1814 4811 βίῳ
1851 4745 1942 4794 τδν

349 4835 579 4908 Κύριον.
608 4835 756 4906 Ἑρεῐ
792 4833 901 4906 γὰρ
930 4833 960 4885 6
986 4833 1287 4902 ἀντιλέγων
1319 4834 1482 4905 τυχὸν
1502 4873 1517 4898 ,
1559 4834 1641 4887 ὅτι
1675 4833 1779 4886 Τὸν
1809 4834 1942 4887 ἀνα-

352 4929 612 5002 μείνοντα
645 4927 774 4990 τοὺς
821 4930 1043 4998 χρόνους
1090 4925 1228 4996 πρὸς
1257 4925 1357 4996 τὴν
1407 4927 1507 4996 τῆς
1544 4926 1746 4990 κακίας
1775 4925 1940 4995 φανέ-

351 5037 547 5092 ρωσιν,
597 5019 746 5084 ὅπως
775 5019 945 5089 αὐτὴν
974 5016 1306 5088 αὐξηθεῖσαν
1347 5017 1526 5090 ἐξέλῃ,
1568 5019 1942 5089 προθέλυμνόν

351 5114 536 5166 πᾶσαν
551 5111 722 5182 αὐτὴν
739 5109 887 5174 εἰκὸς
903 5110 1258 5182 ἀνῃρηκέναι,
1272 5107 1347 5173 ὡς
1368 5106 1531 5180 μηδὲν
1545 5109 1713 5180 αὐτῆς
1725 5109 1938 5164 ὑπολει-

352 5202 559 5274 φθῆναι
587 5199 666 5272 τῷ
692 5201 792 5272 βίῳ
807 5199 1060 5269 λείψανον
1079 5216 1092 5230 ·
1115 5199 1233 5254 νυνὶ
1247 5198 1303 5252 δὲ
1321 5199 1490 5268 φόνοι,
1504 5200 1598 5252 καὶ
1614 5200 1830 5262 κλοπαὶ,
1845 5201 1940 5253 καὶ

358 5296 621 5366 μοιχεῖαι,
653 5295 748 5347 καὶ
778 5293 959 5347 πάντα
985 5291 1252 5363 τολμᾶται
1281 5291 1349 5346 τά
1391 5292 1757 5362 πονηρότατα.
1803 5292 1942 5345 Ἀλλ’

351 5396 380 5446 ὁ
411 5392 550 5464 πρὸς
577 5389 736 5444 τοῦτο
767 5388 1002 5459 βλέπων,
1055 5385 1414 5458 ὑποδείγματι
1455 5402 1560 5440 τινι
1593 5385 1700 5439 τῶν
1743 5385 1942 5455 γνωρί-

356 5501 475 5556 μων
503 5482 602 5554 τὴν
634 5481 763 5552 περῖ¹
809 5479 1015 5534 τούτων
1064 5478 1397 5552 ἀμφιϐολίαν
1441 5477 1676 5533 λυσάτω.
1731 5479 1942 5548 Ὥσπερ

351 5576 463 5646 γάρ
496 5575 623 5628 ἰδεῖν
655 5573 769 5628 ἔστι
799 5572 894 5626 ἐπὶ
922 5573 1022 5644 τῆς
1051 5572 1159 5624 τῶν
1189 5571 1437 5643 ἑρπετῶν
1463 5571 1816 5640 ἀναιρέσεως,
1843 5572 1942 5624 οὐκ

349 5666 514 5729 εὐθὺς
560 5667 628 5737 τῇ
676 5665 889 5736 κεφαλῇ
940 5664 1032 5718 τὸν
1075 5663 1231 5718 ὅλκον
1281 5663 1792 5735 συγκεκρουμένων,
1826 5661 1942 5717 ἀλλ’

425 5841 473 5875 ¹¹⁶
494 5842 612 5897 Act.
652 5856 782 5906 xvu,
813 5840 902 5897 30.

2043 4669 2188 4716 statu
2237 4673 2547 4714 sermonem
2593 4657 2741 4714 hunc
2785 4658 3000 4713 veritati
3050 4671 3354 4726 repugnare
3395 4657 3626 4714 arbitre-

2044 4759 2154 4815 tur,
2181 4765 2290 4816 quo
2317 4748 2618 4804 asserimus
2650 4747 2935 4802 Dominum
2979 4744 3182 4800 ultimis
3213 4744 3464 4799 humanae
3501 4746 3628 4800 vita:

2046 4840 2391 4911 temporibus
2423 4839 2688 4894 illuxisse.
2718 4837 2870 4892 Dicet
2897 4837 3040 4893 enim
3077 4835 3328 4891 fortassis
3369 4835 3626 4892 adversa-

2042 4933 2182 4999 rius,
2225 4931 2519 4987 verisimile
2552 4945 2676 4986 esse
2706 4944 2830 4984 eum
2865 4928 2955 4999 qui
3007 4937 3255 4999 tempora
3287 4929 3629 4997 prmstolatus

2044 5025 2212 5082 estad
2246 5022 2500 5093 nequitia:
2523 5021 3020 5076 manifestationem
3051 5022 3358 5087 commoda,
3381 5029 3440 5076 ut
3461 5021 3624 5084 illam,

2046 5131 2171 5172 cum
2220 5114 2286 5169 ad
2322 5127 2594 5169 summum
2636 5112 2995 5178 excrevisset,
3034 5110 3284 5165 tolleret:
3314 5110 3624 5174 verisimile,

2056 5208 2304 5275 inquam,
2327 5219 2447 5260 esse
2467 5219 2588 5259 eum
2614 5217 2830 5258 omnem
2863 5202 3008 5257 illam
3040 5201 3208 5256 semel
3237 5201 3476 5255 funditus
3502 5215 3594 5253 sus
3614 5229 3627 5238 -

2051 5297 2242 5352 tulisse
2266 5307 2300 5363 ,'
2333 5296 2407 5350 ita
2453 5304 2515 5349 ut
2553 5293 2713 5350 nulla:
2741 5295 2972 5364 amplius
3001 5292 3117 5363 ejus
3154 5293 3206 5346 in
3243 5293 3348 5346 vita
3384 5291 3628 5359 reliquite

2049 5391 2342 5446 haererent.
2376 5386 2533 5443 Nunc
2562 5401 2694 5442 vero
2726 5395 2783 5441 et
2813 5387 3005 5449 caedes,
3039 5393 3093 5439 et
3128 5383 3351 5453 rapiare,
3381 5392 3433 5438 et
3475 5383 3628 5435 adul-

2049 5481 2208 5548 teria,
2259 5488 2314 5536 et
2352 5480 2480 5550 quid
2527 5494 2634 5534 non
2681 5477 3042 5548 pessimorum
3078 5473 3402 5544 ﬂagitiorum
3435 5488 3627 5544 perpe-

2047 5572 2260 5628 tratur?
2297 5572 2490 5642 Atqui
2531 5587 2596 5627 eo
2641 5569 2961 5640 respexerit,
3009 5557 3364 5622 similitudine
3393 5568 3624 5634 quadam

2047 5680 2076 5721 a
2104 5665 2266 5722 rebus
2301 5663 2607 5720 notioribus
2639 5672 2851 5732 sumpta
2878 5660 3099 5716 dubium
3134 5657 3332 5714 solvat.
3361 5658 3627 5726 Quemado
