4058 6410
327 371 470 427 “29

1327 364 1697 422 ADV’EBSUS
1742 360 2534 419 ANTIIROPOMORPIIITAS.

3444 371 3579 428 “50

322 492 553 560 ὄψομαι,
588 489 743 559 φησὶ,
774 489 836 542 τὸ
873 488 1014 559 μέγα
1043 489 1223 559 ὅραμα
1251 487 1410 540 τοῦτο
1431 504 1442 516 ⁸
1478 506 1495 538 ι
1546 488 1608 540 ού
1648 485 1897 557 τοπικὴν,

2015 496 2201 546 secret,
2255 507 2272 536 ‹
2304 486 2603 539 Transiens
2637 483 2848 548 videbo,
2889 484 3085 553 inquit,
3127 501 3378 556 magnam
3417 491 3583 545 visio-

315 576 496 650 οἶμαι.
533 580 748 649 κίνησιν
796 580 970 652 δηλῶν
1002 580 1089 633 διὰ
1133 579 1233 649 τῆς
1263 579 1612 646 διαϐάσεως,
1644 581 1778 632 ἀλλὰ
1805 579 1902 650 τὴν

318 671 622 740 παροδικὴν
650 671 744 724 τοῦ
789 671 978 740 χρόνου
1008 671 1279 728 διάϐασιν.
1329 670 1403 724 T6
1432 673 1540 742 γὰρ
1568 673 1691 725 τότε
1721 673 1901 724 διατυ-

319 761 502 814 πωθὲν
537 764 594 813 ἐν
630 765 696 832 τῇ
731 763 890 830 φλογὶ
918 764 1011 816 καὶ
1038 767 1102 835 τῇ
1147 761 1313 833 βάτῳ,
1347 763 1632 827 διαϐάντος
1659 763 1752 816 τοῦ
1803 763 1901 831 μὲ-

319 869 419 906 σου
449 853 665 924 χρόνου,
712 853 899 924 σαφῶς
948 856 1006 906 ὲν
1051 854 1127 922 τῷ
1166 854 1308 907 κατὰ
1344 855 1443 924 τὴν
1479 854 1756 925 Παρθένον
1796 873 1900 923 μυ-

318 945 536 1016 στηρίῳ
586 945 955 1014 ἀνεκαλύφθη.
1023 945 1112 1008 '0;
1159 945 1265 1017 γὰρ
1311 947 1428 999 ἐκεῖ
1472 946 1502 999 6
1549 947 1752 1015 θάμνος
1807 947 1901 998 καὶ

321 1035 486 1090 ἅπτει
519 1035 580 1088 τὸ
610 1034 726 1103 φῶς
755 1035 849 1088 καὶ
878 1035 938 1088 οὐ
967 1032 1183 1088 καίεται
1207 1050 1220 1064 ⁸
1252 1034 1394 1088 οὕτω
1439 1037 1534 1089 καὶ
1564 1038 1596 1105 ή
1629 1036 1902 1106 Παρθένος

320 1125 576 1189 ἐνταῦθα,
611 1127 706 1179 καὶ
736 1126 908 1179 τίκτει
939 1125 1002 1178 τὸ
1024 1125 1159 1194 φῶς.
1194 1127 1289 1179 καὶ
1320 1127 1381 1179 οὐ
1411 1127 1712 1198 φθείρεται.
1746 1130 1807 1180 El
1845 1128 1902 1180 δὲ

324 1216 488 1287 βάτος
516 1217 873 1287 προδιατυποῖ
903 1217 962 1269 τὸ
982 1215 1243 1270 Θεοτόκον
1275 1217 1435 1286 σῶμα
1465 1219 1564 1287 τῆς
1601 1218 1899 1290 Παρθένου,

325 1309 402 1379 μὴ
442 1309 807 1380 ἐπαισχυνθῇς
846 1308 923 1380 τῷ
969 1311 1276 1380 αἰνίγματι.
1312 1312 1468 1364 Πᾶσα
1497 1310 1606 1381 γὰρ
1639 1311 1776 1382 σὰρξ
1815 1312 1904 1365 διὰ

320 1401 423 1468 τὴν
466 1400 566 1469 τῆς
609 1400 887 1470 ἁμαρτίας
935 1402 1270 1474 παραδοχὴν,
1303 1403 1423 1455 κατ’
1454 1402 1588 1456 αὐτὸ
1608 1402 1784 1467 τοῦτο,
1821 1404 1903 1456 ὅτι

323 1489 463 1560 σάρξ
491 1491 608 1542 ἐστι
640 1491 819 1559 μόνον,
838 1492 1091 1562 ἁμαρτία
1118 1495 1284 1546 ἐστίν.
1319 1494 1382 1546 Ἠ
1405 1493 1462 1546 δὲ
1489 1494 1728 1564 ἁμαρτία
1751 1496 1903 1566 παρὰ

321 1578 423 1645 τῆς
464 1580 690 1650 Γραφῆς
718 1583 784 1651 τῇ
829 1585 930 1652 τῆς
967 1582 1234 1650 ἀκάνθης
1269 1583 1556 1654 ἐπωνυμίᾳ
1596 1587 1901 1656 κατονομά-

321 1669 501 1734 ζεται.

903 1765 1156 1819 ΚΕΦΑΛ.
1199 1767 1322 1818 ΚΖ⁹.

2011 589 2130 628 nem
2161 577 2297 628 banc
2319 575 2400 627 7’:
2435 593 2452 624 ι
2489 589 2583 643 per
2609 576 2908 638 transitum,
2943 589 3046 628 non
3077 574 3325 642 localem,
3356 590 3414 634 ut
3443 583 3580 636 arbi-

2012 675 2154 728 tror,
2213 676 2415 720 motum
2465 666 2810 734 signiﬁcans,
2880 667 2974 722 sed
3031 678 3235 724 certam
3293 674 3580 740 quamdam

2011 757 2268 823 temporis
2309 757 2694 812 evolutionem.
2741 758 2893 824 Quod
2935 759 3076 813 enim
3111 771 3239 816 tunc
3283 763 3334 816 in
3367 763 3582 820 ﬂamma

2009 848 2170 919 397
2203 857 2257 902 et
2291 850 2425 903 rubo
2462 849 2747 919 ﬁguratum
2776 850 2911 912 fuit,
2959 851 3007 902 id
3037 851 3222 921 elapso
3263 854 3584 910 intermedio

2012 949 2254 1008 tempore
2286 939 2570 992 manifeste
2606 941 2658 994 in
2707 940 2946 1010 Virginis
2995 944 3249 1012 mysterio
3283 946 3579 1000 revelatqu

2011 1027 2130 1082 luit.
2177 1027 2640 1094 Quemadmodum
2689 1031 2833 1085 enim
2887 1031 2996 1086 illic
3047 1032 3226 1087 lumen
3288 1035 3578 1105 virgultum

2013 1119 2280 1184 accendit,
2334 1135 2508 1188 neque
2563 1131 2743 1175 tamen
2809 1122 3108 1177 aduritur:
3157 1123 3228 1177 ita
3283 1125 3446 1179 etiam
3497 1128 3586 1183 hic
3694 1133 3696 1135 ’

2011 1207 2174 1276 Virgo
2209 1218 2263 1262 et
2305 1212 2445 1279 parit
2480 1211 2683 1274 lumen,
2715 1223 2769 1266 et
2806 1230 2909 1267 non
2947 1216 3336 1283 corrumpitur.
3363 1217 3422 1270 Si
3456 1233 3584 1272 vero

2013 1301 2176 1355 rubus
2209 1301 2433 1370 ﬁgurate
2469 1304 2739 1372 signiﬁcat
2775 1305 3054 1372 deiparum
3091 1307 3325 1376 Virginis
3364 1324 3584 1379 corpus,

2012 1407 2078 1447 ne
2128 1403 2178 1447 te
2229 1394 2466 1448 oliendat
2513 1395 2702 1464 ﬁgura.
2742 1397 2927 1450 Omnis
2975 1398 3117 1451 enim
3165 1413 3315 1463 caro,
3364 1411 3586 1470 prOpter

2011 1483 2216 1552 peccati
2243 1486 2665 1554 susceptionem,
2711 1501 2773 1539 ea
2814 1489 3020 1542 ratione
3051 1504 3154 1556 qua
3185 1504 3315 1542 caro
3343 1500 3430 1544 est
3465 1500 3583 1542 tan-

2011 1576 2147 1633 tum,
2223 1584 2503 1639 peccatmn
2554 1584 2656 1627 est.
2697 1573 2986 1630 Peccatum
3034 1592 3165 1631 vero
3215 1594 3243 1631 a
3300 1577 3582 1649 Scriptura

2008 1661 2175 1727 spina:
2207 1662 2567 1730 appellatione
2595 1664 2920 1718 nominatur.

2552 1777 2783 1834 CAPUT
2822 1778 3044 1834 XXVII.

322 1876 444 1933 Τὸν
465 1876 697 1961 μεταξὺ
721 1875 834 1961 Σοῦ
861 1877 1012 1961 ναοῦ
1043 1877 1138 1961 καί
1174 1878 1280 1961 τοιξ
1325 1878 1760 1961 θυσιαοξηρζου
1794 1897 1901 1948 5:0-

2015 1878 2330 1961 Zagltartant
2364 1885 2501 1938 inter
2527 1888 2776 1956 templum
2817 1898 2863 1961 et
2892 1889 3063 1943 altare
3097 1893 3449 1961 interfectum,
3483 1912 3587 1948 non

392 1944 1037 2016 νεὺθέντανΖαχαρίαν,
1070 1949 1182 2000 οὐκ
1212 1947 1494 2014 εὔκαιρον
1519 1944 1599 2016 ἦν
1623 1944 1722 2014 sic
1752 1944 1905 2016 μαρ-

392 2018 608 2140 τιόρίιιν
637 2015 749 2084 τῆς
781 2015 1051 2086 ἀφθόρου
1085 2019 1328 2085 Μητρὸς
1363 2017 1475 2089 (19)
1510 2015 1905 2087 παραστῆσα-

392 2103 441 2140 σ
476 2103 558 2140 αι.

403 2237 608 2309 ἰερεὺς
629 2231 784 2300 οὗτος
810 2239 839 2291 6
868 2237 1140 2308 Ζαχαρίας
1167 2231 1256 2309 ἦν,
1279 2237 1374 2292 καὶ
1401 2239 1458 2292 ὲν
1475 2237 1556 2310 τῷ
1575 2239 1672 2309 τῆς
1698 2253 1909 2311 προφη-

319 2328 473 2392 τείας
502 2329 820 2400 χαρίσματι.
863 2331 930 2383 Ἥ
948 2329 1005 2382 δὲ
1038 2330 1138 2398 τῆς
1157 2329 1491 2402 προφητείας
1527 2331 1754 2402 δύναμις
1782 2334 1911 2386 ἀνά-

319 2437 568 2490 γραπτος
599 2422 656 2473 ὲν
679 2419 754 2490 τῷ
772 2419 956 2490 emito)
976 2419 1071 2472 τοῦ
1094 2419 1423 2490 Εὑαγγελίου
1454 2420 1810 2492 κηρύσσεται,
1829 2422 1908 2474 ὅτι

322 2508 756 2578 προοδοποιοῦσα
775 2513 884 2573 τοῖς
915 2508 1266 2580 ἀνθρώποιςή
1292 2511 1410 2563 θεία
1431 2511 1611 2581 χάρις,
1632 2511 1704 2582 μὴ
1723 2513 1814 2565 τὸν
1847 2513 1910 2564 ἐκ

322 2600 622 2668 παρθενίας
635 2601 789 2653 τόκον
812 2599 1038 2653 ἄπιστον
1057 2602 1387 2672 ἡγήσασθαι,
1402 2606 1511 2666 τοῖς
1525 2602 1885 2669 ὲλάττοσιθαῦ
1897 2635 1909 2643 ο

329 2705 464 2757 μασι
483 2686 854 2757 προγυμνάζει
874 2688 982 2741 τῶν
1004 2690 1249 2742 ἀπίστων
1273 2690 1368 2760 τὴν
1395 2689 1812 2758 συγκατάθεσιν.
1831 2692 1909 2762 Τῇ

329 2779 521 2850 στείρᾳ
554 2774 648 2832 καὶ
675 2780 940 2850 παρήλικι
970 2781 1212 2834 τίκτεται
1241 2784 1390 2845 παῖς.
1424 2783 1598 2836 Τοῦτο
1625 2784 1910 2853 προοίμιον

331 2869 425 2921 τοῦ
454 2871 592 2924 κατὰ
629 2869 726 2940 τὴν
763 2871 1036 2941 Παρθένον
1067 2872 1367 2942 μυστηρίου
1398 2873 1629 2941 γίνεται.
1689 2875 1777 2937 Ὠς
1803 2875 1912 2946 γὰρ

344 2957 626 3014 Ἐλισάϐετ
658 2961 718 3013 ού
753 2960 965 3030 φύσεως
990 2962 1213 3032 δυνάμει
1242 2963 1428 3034 μήτηρ
1453 2964 1686 3032 γίνεται,
1721 2966 1914 3034 ἄγονος

323 3051 420 3104 τὸν
452 3051 566 3120 βίον
595 3070 808 3122 καταγη
818 3053 1050 3124 ράσασα,
1066 3054 1178 3107 ἀλλ’
1199 3055 1290 3106 ἐπὶ
1311 3055 1370 3107 τὸ
1387 3055 1526 3108 θεῖον
1553 3055 1799 3126 βούλημα
1818 3055 1910 3109 τοῦ

327 3142 524 3206 παιδὸς
551 3146 584 3206 ὴ
614 3147 830 3212 γένεσις
857 3145 1188 3216 ἀναφέρεται
1213 3160 1226 3173 ·
1263 3144 1406 3199 οὕτω
1439 3148 1535 3200 καὶ
1573 3147 1674 3218 τῆς
1704 3147 1911 3218 παρθε-

2081 1952 2244 2032 fuisse
2307 1952 2654 2021 opportunum
2714 1968 2769 2008 ut
2822 1958 2875 2010 in
2934 1952 3290 2015 testimonium
3355 1952 3584 2034 Virgiuts

2079 2031 2188 2074 mat
2198 2031 2270 2075 ηε
2299 2035 2638 2078 statueretur.

2080 2218 2376 2274 Zacharias
2419 2222 2508 2278 hic
2544 2225 2798 2279 sacerdos
2845 2237 2960 2282 erat
3004 2238 3057 2284 et
3102 2231 3397 2299 prophetia:
3445 2232 3590 2288 dono

2009 2310 2212 2365 clarus.
2267 2313 2572 2382 Prophetia:
2623 2326 2802 2371 autem
2863 2320 2942 2374 vis
2994 2321 3267 2395 descripta
3339 2327 3392 2380 in
3452 2327 3589 2383 libro

2015 2401 2428 2472 Evangeliorum
2469 2407 2815 2475 prmdicatnr,
2863 2415 3005 2480 qnod
3051 2416 3226 2468 divina
3276 2421 3448 2486 gratia
3493 2420 3592 2472 bo.

2016 2494 2250 2550 minibus
2280 2495 2424 2549 viam
2463 2506 2732 2565 sternens,
2773 2518 2840 2556 ne
2864 2515 3078 2571 partum
3107 2522 3170 2562 ex
3209 2511 3418 2579 virgine
3451 2511 3591 2565 indi-

2013 2600 2174 2655 gnum
2211 2601 2331 2642 esse
2365 2589 2468 2644 fide
2514 2593 2908 2658 existimarent,
2963 2599 3263 2654 minoribus
3311 2603 3592 2657 miraculis

2017 2676 2416 2734 incredibilium
2460 2685 2833 2739 assensioucm
2890 2703 2954 2742 ae
3007 2690 3161 2743 tidem
3214 2707 3588 2760 pratexereet:

2017 2772 2142 2825 anui
2193 2773 2478 2842 decrepita:
2529 2776 2770 2830 nascitur
2819 2779 2980 2833 ﬁlius.
3032 2779 3145 2834 lloe
3184 2783 3352 2838 veluti
3386 2791 3588 2854 przrlu-

2016 2867 2160 2920 dium
2201 2875 2285 2920 est
2317 2867 2559 2936 mysterii
2600 2877 2787 2936 partus
2819 2869 3065 2939 virginei.
3118 2871 3586 2938 Quetnatlmmlutn

2015 2958 2158 3011 cnim
2203 2957 2480 3013 Elizabetb
2529 2975 2632 3012 non
2681 2969 2888 3013 natura!
2932 2963 3193 3017 beneﬂcio
3226 2979 3291 3017 ac
3332 2965 3592 3021 facultate

2019 3047 2079 3101 [it
2131 3056 2330 3114 mater,
2395 3064 2516 3102 cum
2566 3051 2768 3104 sterilis
2819 3065 2917 3119 per
2963 3067 3177 3106 omnem
3236 3055 3397 3108 vitam
3460 3047 3604 3110 con?

2016 3139 2303 3206 senoisset,
2325 3141 2417 3193 sed
2441 3141 2636 3194 divinae
2656 3140 2920 3194 voluntati
2952 3142 3041 3196 lilii
3067 3147 3342 3213 generatio
3368 3160 3588 3218 accepta

324 3235 486 3306 νικῆς
514 3209 700 3300 ὠδῖνος
729 3209 1005 3306 ήάπτστία
1030 3209 1096 3307 τῇ
1145 3237 1281 3307 πρὸς
1307 3238 1365 3289 τὸ
1397 3237 1549 3290 Θεῖον
1577 3209 1826 3309 ἀναφορᾷ
1850 3239 1911 3292 τὸ

2019 3232 2256 3286 refertur
2285 3249 2298 3285 :
2338 3234 2409 3286 ita
2443 3234 2608 3287 etiam
2635 3233 2860 3303 virginei
2886 3209 3587 3302 partus—incredibilitas-ad

323 3326 523 3380 πιστὸν
568 3325 700 3396 ἔχει.
766 3326 987 3397 Ἐπειδὴ
1047 3327 1228 3380 τοίνυν
1276 3327 1649 3398 προλαμϐάνει
1700 3328 1791 3381 τὸν
1846 3331 1911 3382 ὲκ

328 3416 637 3488 παρθενίας
664 3418 822 3471 τόκον
849 3420 878 3472 6
900 3417 1010 3472 ἀπὸ
1038 3423 1138 3488 τῆς
1165 3419 1406 3490 στείρας,
1436 3423 1464 3474 6
1507 3421 1644 3491 πρὸς
1669 3421 1770 3492 τὴν
1800 3439 1911 3488 cptu-

325 3509 428 3579 νὴν
455 3509 558 3578 τῆς
586 3509 962 3580 κυοφορούσης
986 3510 1077 3562 τὸν
1110 3511 1315 3581 Κύριον
1354 3513 1482 3582 πρὶν
1510 3513 1589 3574 εἰς
1629 3511 1744 3580 φῶς
1777 3529 1912 3581 προ-

326 3597 506 3650 ελθεῖν
559 3598 618 3650 ὲν
671 3601 736 3669 τῇ
804 3598 1034 3671 μητρῷα
1084 3600 1240 3671 νηδύϊ
1304 3603 1636 3674 σκιρτήσας’
1688 3603 1804 3674 ἃμα
1856 3604 1913 3657 δὲ

323 3687 580 3759 παρῆλθε
625 3689 706 3753 είς
747 3689 962 3758 γένεσιν
990 3692 1019 3744 6
1061 3691 1156 3744 τοῦ
1187 3691 1364 3761 Λόγου
1414 3693 1742 3763 πρόδρομος,
1793 3695 1912 3748 τότε

327 3779 522 3833 λύεται
553 3780 630 3851 τῷ
660 3781 907 3852 Ζαχαρία⁵
950 3780 1040 3834 διὰ
1083 3783 1184 3852 τῆς
1217 3786 1564 3854 προφητικῖκ
1596 3786 1916 3856 περιπνοίας

329 3871 368 3942 ἡ
397 3871 600 3942 σιωπὴ,
627 3873 721 3925 καὶ
745 3873 846 3927 ὅσα
875 3871 1206 3944 διεξέρχεται
1227 3875 1256 3926 6
1286 3874 1581 3945 Ζαχαρίας,
1609 3877 1914 3946 προφητεία

329 3957 428 4011 τοῦ
467 3959 756 4029 μέλλοντος
812 3957 910 4032 ἦν·
963 3955 1120 4025 οὗτος
1167 3963 1346 4015 τοίνυν
1396 3964 1424 4014 6
1467 3963 1545 4033 τῷ
1596 3965 1916 4035 προφητικῷ

332 4050 620 4123 Πνεύματι
665 4053 802 4124 πρὸς
826 4055 925 4124 τὴν
963 4054 1072 4108 τῶν
1101 4054 1358 4125 κρυπτῶν
1407 4055 1607 4122 γνῶσιν
1644 4073 1915 4126 χειραγω-

331 4142 622 4215 γούμενος,
643 4145 703 4198 τὸ
729 4147 1026 4217 μυστήριον
1050 4147 1148 4217 τῆς
1192 4146 1486 4216 παρθενίας
1515 4147 1609 4200 ἐπὶ
1629 4147 1722 4200 τοῦ
1750 4147 1917 4218 ἀφθό-

333 4251 430 4306 ρου
483 4235 644 4289 τόκου
691 4241 1052 4306 κατανοήσας,
1101 4237 1203 4289 οὐκ
1247 4237 1507 4308 ἀπέκρινε
1534 4236 1611 4307 τῷ
1662 4237 1776 4308 ναῷ
1821 4237 1915 4291 τοῦ

330 4328 459 4390 ταῖς
493 4325 785 4397 παρθένοις
840 4327 983 4380 κατὰ
1031 4326 1122 4380 τὸν
1165 4327 1327 4397 νόμον
1373 4328 1912 4399 ἀποκεκληρωμένου

331 4416 503 4471 τόπου
543 4417 642 4486 τὴν
686 4417 958 4485 πάναγνον
1013 4417 1244 4488 μητέρα,
1293 4417 1566 4470 διδάσκων
1608 4417 1734 4482 τοὺς
1788 4420 1916 4472 Ἰου-

2018 3323 2383 3380 Deum-relata
2419 3325 2576 3379 (idem
2611 3327 2835 3382 invenit.
2865 3328 2999 3382 Cum
3032 3328 3197 3398 igitur
3222 3341 3410 3400 partus
3449 3349 3590 3388 anus

2015 3416 2217 3470 sterilis
2289 3417 2591 3484 virginemn
2645 3429 2858 3487 partum
2915 3419 3224 3488 prtecedal,
3288 3421 3334 3475 is
3384 3423 3474 3490 qui
3523 3426 3588 3476 ad

2015 3521 2200 3560 vocem
2245 3507 2362 3577 ejus
2415 3523 2534 3575 qnze
2571 3508 2855 3562 Dominum
2900 3520 3052 3564 utero
3098 3511 3363 3580 gestabat,
3412 3513 3589 3581 prius-

2016 3615 2179 3668 quam
2213 3599 2268 3654 in
2297 3599 2468 3654 lucem
2512 3603 2774 3667 prodiret,
2807 3603 2860 3656 in
2887 3586 3132 3656 materno
3169 3613 3320 3657 utero
3347 3605 3591 3659 exsulta-

2017 3691 2131 3758 bat,
2174 3693 2336 3747 simul
2368 3708 2497 3748 vero
2529 3695 2689 3748 etiam
2727 3703 2884 3748 natus
2924 3705 3006 3748 est
3038 3694 3198 3749 Verbi
3236 3711 3538 3762 prtecursor
3574 3710 3590 3750 :

2023 3791 2150 3836 tunc
2196 3784 2411 3837 demum
2466 3783 2694 3837 solvitur
2751 3782 3030 3838 Zachariae
3078 3799 3175 3854 per
3219 3785 3590 3852 propheticum

2017 3875 2344 3930 aulationem
2372 3875 2667 3940 silentium,
2708 3886 2760 3930 et
2787 3891 3119 3944 qum-utique
3148 3876 3354 3943 profert
3386 3878 3594 3931 Zacha-

2020 3965 2147 4026 rias,
2189 3963 2470 4031 prepbetia
2508 3960 2813 4016 futurorum
2865 3971 3041 4016 erant.
3104 3961 3201 4015 llic
3247 3963 3430 4031 itaque
3469 3980 3595 4032 pro-

2018 4054 2233 4122 pbetico
2279 4052 2471 4119 spiritu
2518 4052 2584 4106 ad
2631 4052 2968 4106 occultorum
3016 4053 3381 4121 cognitionem
3429 4057 3588 4122 quasi

2019 4157 2178 4196 manu
2216 4142 2433 4204 ductus,
2467 4157 2587 4193 cum
2624 4141 2948 4212 mysterium
2981 4141 3217 4211 Virginis
3243 4144 3308 4198 de
3340 4143 3592 4199 incorru-

2017 4243 2110 4305 pto
2139 4241 2294 4304 partu
2332 4233 2498 4302 probe
2523 4234 2869 4302 intelligeret,
2926 4249 3030 4288 non
3062 4234 3239 4289 arcuit
3268 4236 3592 4291 incontami-

2017 4336 2198 4381 natam
2245 4326 2704 4396 purissimamque
2757 4339 2985 4381 matrem
3030 4327 3097 4381 ab
3138 4342 3204 4381 eo
3251 4328 3432 4396 templi
3475 4328 3594 4381 loco

2017 4420 2110 4488 qui
2159 4418 2463 4488 virginibus
2519 4434 2582 4471 cx
2649 4418 2766 4487 lege
2811 4417 3128 4488 designatus
3172 4430 3312 4483 erat,
3365 4419 3587 4484 docens,

329 4508 520 4572 δαίους
549 4510 632 4562 ὅτι
659 4511 688 4563 6
708 4511 816 4563 τῶν
855 4510 992 4564 ὅλων
1023 4509 1360 4580 Δημιουργὸς
1387 4509 1499 4580 (20)
1531 4510 1625 4563 καὶ
1649 4511 1911 4575 Βασιλεὺς

2020 4509 2272 4564 videlicet
2325 4507 2562 4573 Judmos,
2622 4509 2936 4562 Creatorem
2996 4506 3159 4560 totius
3200 4507 3435 4561 universi
3475 4522 3591 4560 om-

330 4599 520 4673 πάσης
546 4600 796 4664 κτίσεως,
827 4601 1138 4671 ὑποχείριον
1174 4600 1286 4670 ἔχει
1317 4601 1494 4671 ἐαυτῷ
1526 4603 1664 4671 μετὰ
1692 4602 1910 4656 πάντων

329 4692 434 4762 τὴν
481 4691 831 4762 ἀνθρωπίνην
881 4691 1061 4761 φύσιν.
1104 4691 1180 4761 τῷ
1215 4691 1330 4761 ἰδίῳ
1369 4691 1630 4763 θελήματι
1666 4693 1802 4762 πρὸς
1852 4691 1912 4745 τὸ

329 4781 525 4836 δοκοῦν
573 4783 746 4854 αὐτὴν
796 4783 966 4851 ἄγων,
1018 4783 1118 4835 οὐκ
1170 4782 1332 4844 αὐτὸς
1365 4783 1469 4835 ὑπὸ
1511 4783 1714 4855 ταύτης
1754 4783 1914 4835 δυνα-

332 4874 684 4944 στευόμενος,
735 4875 810 4937 ὡς
857 4877 916 4928 ἐν
958 4877 1024 4946 τῇ
1062 4873 1290 4944 δυνάμει
1335 4873 1501 4927 αὐτοῦ
1534 4871 1672 4929 εἶναι
1719 4873 1912 4945 καινὴν

330 4965 590 5036 γέννησιν
618 4965 1039 5037 δημιουργῆσαι,
1067 4965 1185 5035 ἥτις
1229 4969 1328 5036 τὴν
1359 4965 1660 5036 γενομένην
1700 4967 1912 5036 μητέρα

328 5056 394 5109 τὸ
422 5051 564 5110 εἶναι
591 5055 856 5127 παρθένον
881 5057 982 5110 οὐκ
1008 5056 1412 5128 decimarum;
1433 5055 1531 5108 Διὰ
1563 5057 1718 5110 τοῦτο
1745 5055 1914 5126 αὐτὴν

402 5212 450 5244 ⁷*
475 5211 644 5267 Exod.
674 5226 758 5278 ιιι,
788 5211 839 5264 5.

2021 4601 2212 4670 nisque
2264 4611 2528 4655 creatura;
2552 4601 2720 4671 398
2749 4600 3034 4654 Dominum
3095 4599 3389 4653 humanam
3441 4612 3592 4652 natum

2022 4706 2135 4745 ram
2180 4707 2303 4746 cum
2353 4692 2574 4761 reliquis
2613 4695 2778 4746 etiam
2833 4691 3086 4746 omnibus
3134 4691 3236 4745 sibi
3287 4691 3589 4759 subjectam

2021 4783 2244 4845 habere,
2293 4790 2346 4835 et
2381 4795 2480 4849 pro
2527 4796 2628 4835 suo
2659 4783 2922 4835 arbitratu
2967 4796 3292 4850 quocunque
3333 4782 3462 4836 velit
3497 4785 3593 4838 du-

2019 4888 2166 4938 cere,
2196 4887 2300 4927 non
2326 4882 2507 4927 autem
2534 4873 2704 4942 ipsius
2730 4873 2936 4941 legibus
2961 4873 3244 4928 astrictum
3272 4889 3394 4929 esse
3420 4893 3434 4929 :
3459 4877 3595 4932 adeo

2020 4966 2157 5019 utin
2196 4964 2365 5034 ipsius
2403 4972 2671 5035 potestate
2714 4965 2786 5019 sit
2835 4965 2997 5019 situm
3049 4981 3245 5020 novatn
3288 4976 3593 5022 creaturam

2023 5071 2233 5123 creare,
2269 5070 2386 5125 quia:
2423 5065 2595 5110 mater
2631 5055 2824 5112 elfecta
2873 5058 3028 5128 virgo
3063 5071 3185 5114 esse
3220 5072 3326 5113 non
3359 5060 3593 5114 desinat.

1569 5345 1726 5402 BON.
1772 5347 2086 5404 VULCANII
2124 5349 2355 5404 ΝΟΤᾸΞ.

407 5501 673 5582 (l9)_1_'~§_c
702 5504 982 5582 -ἁερθόροο
1020 5502 1278 5582 ΙμῃινρόςΖ
1322 5498 1377 5556 In
1430 5501 1493 5557 V.
1522 5503 1584 5557 C.
1629 5513 1749 5558 erat
1785 5504 1911 5574 ἁφθι

2015 5527 2042 5572 ι,
2084 5508 2179 5562 sed
2217 5507 2499 5579 legendum
2556 5511 2779 5568 omnino
2827 5510 3088 5582 ἀφθόρου,
3134 5521 3192 5564 ιιι
3235 5519 3290 5566 et
3343 5511 3444 5565 hac
3472 5511 3588 5580 ipsa

337 5571 465 5645 pag.
497 5571 540 5631 C
572 5571 660 5636 Η,
699 5571 792 5645 ὲ-ττὶ
819 5573 912 5645 τοῦ
947 5571 1180 5645 ἀφθόνου
1218 5573 1400 5645 τόκου.

406 5645 520 5714 (20)
559 5645 631 5718 _'0
669 5643 791 5718 τῷν
822 5639 1406 5718 ἥλωνρημιουργός,
1440 5650 1546 5718 etcf
1589 5639 1712 5718 Hzre
1750 5644 1911 5718 omni:

2015 5646 2354 5718 triplirastice
2375 5649 2648 5718 explicant
2671 5651 2776 5704 vim
2809 5648 3058 5707 vocabuli
3085 5650 3455 5715 ἀϐασίλευτος.
3492 5653 3594 5706 hoc

331 5712 439 5778 est,
460 5712 571 5792 oui
609 5715 803 5768 nullius
836 5712 1120 5792 imperium
1152 5713 1431 5792 agnoscit;
1464 5714 1568 5776 vel,
1603 5714 1690 5792 qui
1737 5712 2008 5792 neminem
2047 5712 2205 5773 habet
2240 5712 2598 5790 superiorem,
2625 5722 2767 5790 quod
2808 5722 3076 5790 interpres
3107 5722 3288 5792 Cyrilli
3321 5712 3590 5777 interdum

333 5780 519 5851 vertit,
553 5785 900 5852 inregnatus;
933 5780 1222 5840 interdum,
1259 5781 1435 5834 minus
1467 5780 1630 5847 recte,
1669 5784 2002 5841 immortalis.

669 5873 942 5934 ΡΑτιιοιη
991 5871 1108 5932 Gn.
1159 5870 1322 5930 LXX
1339 5871 1438 5930 Vl.

3159 5883 3236 5942 36
