4058 6414
336 423 474 477 H53

969 567 1013 574 ...ο
1027 568 1099 575 —--

347 571 692 597 =._.___._.~-—--—
704 569 1184 594 ἓν*
892 567 920 572 -
969 567 1013 574 ’θ’
1027 568 1184 578 *"-

473 571 692 580 ...ι-...-

1267 418 1352 472 DE
1385 417 1616 472 RECTA
1663 417 1838 486 FIDE,
1881 421 1970 472 Al)
2011 420 2455 477 TllEODOSlUM
2498 422 2636 475 lMP.

3317 597 3594 611 ..ἡ-α’..-

686 755 1034 889 ΤΟΥ
1133 753 1706 891 ΑΥΤΟΥ
1787 756 2305 893 ΑΓΙΟΥ
2387 763 3252 898 ΚΥΡΙΛΛΟΥ

1386 1014 1958 1068 ΑΡΧΙΕΠΙΣΚΟΠΟΥ
1993 1015 2513 1070 ΔΛΕΞΑΝΔΡΕΙΑΣ

1067 1192 1267 1248 ΠΡΟΣ
1309 1196 1450 1249 ΤΟΝ
1482 1195 2065 1250 ΕΥΣΕΒΕΣΤΑΤΟΝ
2098 1199 2423 1252 ΒΑΣΙΛΕΑ
2465 1199 2877 1253 ΘΕΟΔΟΣΙΟΝ

1484 1360 2464 1448 ΠΡΟΣΦΩΝΗΤΙΚΟΣ.

836 1561 976 1630 Περὶ
1007 1557 1122 1632 τῆς
1152 1561 1336 1629 ὀρθῆς
1369 1562 1629 1628 πίστεως
1655 1562 1767 1632 τῆς
1799 1563 1890 1629 ἐἷς
1921 1561 2030 1617 τὸν
2059 1563 2280 1631 Κύριον
2308 1563 2478 1632 ἡμῶν
2526 1565 2769 1633 Ἰησοῦν
2793 1567 3070 1636 Χριστόν.

1301 1937 1868 2069 SANCTI
1963 1937 2617 2069 CYRILLI

1439 2146 1911 2246 ALEX-ANDRINI
1949 2189 2472 2248 ARCHIEPISCOPI

908 2348 1013 2408 AD
1055 2347 1761 2410 RELIGIOSISSIMUM
1823 2347 2422 2411 IMPERATOREM
2471 2347 3002 2413 THEODOSIUM

1776 2529 2129 2618 LIBER

968 2721 1058 2784 De
1105 2728 1270 2784 recta
1316 2722 1382 2783 in
1429 2719 1772 2782 Dominum
1819 2726 2108 2782 nostrum
2153 2717 2376 2781 Jesum
2421 2718 2743 2781 Christum
2787 2720 2932 2780 ﬁde.

318 2889 811 2956 (interpretationem
851 2885 1070 2935 Latinam
1102 2895 1249 2946 quam
1293 2883 1543 2956 Joannes"
1560 2881 2129 2956 Atiliertusradmis‘erat
2152 2880 2438 2956 reiceimus,
2471 2887 2528 2927 et
2568 2891 2675 2931 eam
2698 2882 2986 2945 recepimus
3021 2897 3130 2947 quae
3159 2892 3322 2938 exstat
3350 2891 3403 2939 in
3442 2893 3587 2940 tomis

1510 2943 1837 2993 Conciliorum
1859 2955 1920 2991 ex
1951 2941 2172 2992 editione
2197 2941 2394 3004 Mahsi.)

382 3249 466 3305 Ν.
505 3248 615 3317 Τῆς
664 3247 764 3318 μὲν
794 3247 852 3299 ἐν
881 3244 1188 3316 ἀνθρώποις
1231 3238 1478 3308 εὐκλείας
1506 3243 1568 3297 τὸ
1597 3243 1890 3309 ἀνώτατον,

2075 3243 2118 3314 ι
2154 3243 2193 3296 1.
2235 3241 2561 3312 Supremunt
2595 3241 2846 3296 humana:
2917 3241 3101 3313 ειυς-ἰαὶ
3134 3245 3370 3310 culmen,
3421 3248 3581 3303 Chri-

309 3341 407 3396 καὶ
431 3338 783 3408 ἀσυγκρίτοις
820 3336 1103 3408 διαφοραῖς
1129 3334 1240 3388 τῶν
1278 3334 1453 3389 ἄλλων
1502 3335 1756 3389 ἁπάντων
1804 3336 1900 3388 ἀν-

310 3428 544 3500 εστηκός
599 3445 658 3482 τε
691 3426 786 3481 καὶ
827 3427 1242 3496 ὑπερκείμενον,
1273 3427 1449 3496 ὑμεῖς,
1485 3416 1531 3478 ὦ
1563 3425 1898 3497 φιλόχριστοι

309 3519 552 3590 βασιλεῖς
573 3533 588 3549 ·
617 3519 712 3572 καὶ
741 3509 942 3588 κλῆρος
985 3517 1112 3587 ὑμῖν
1145 3515 1420 3588 ἐξαίρετός
1456 3534 1515 3570 τε
1549 3516 1643 3571 καὶ
1672 3519 1899 3588 πρέπων

308 3610 467 3683 παρὰ
493 3610 650 3673 Θεοῦ,
680 3611 778 3680 τῆς
812 3609 1039 3680 ἐνούσης
1084 3607 1232 3678 αὐτῷ
1286 3609 1427 3662 κατὰ
1497 3610 1716 3664 πάντων
1737 3610 1901 3680 ὑπερ-

307 3703 462 3774 οχῆςο
492 3701 639 3764 είκός
666 3700 776 3773 γὰρ
804 3701 897 3753 ἐπὶ
918 3699 1024 3770 γῆς
1052 3693 1112 3752 τὺ
1149 3699 1316 3771 γέρας
1335 3712 1383 3755 ι.
1403 3700 1659 3772 Κάμπτει
1677 3701 1774 3774 μὲν
1790 3702 1898 3772 γὰρ

307 3791 462 3864 αὑτῷ
488 3795 594 3846 πᾶν
617 3793 767 3861 γόνυ,
786 3791 976 3863 Θρόνοι
1006 3809 1066 3844 τε
1089 3791 1181 3845 καὶ
1206 3791 1416 3862 Ἀρχαὶ,
1443 3795 1774 3862 κυριότητες
1805 3794 1899 3846 καὶ

319 3884 618 3951 Ἐξουσίαι,
650 3884 833 3938 δοῦλον
871 3883 1169 3954 ὑπέχουσαι
1205 3883 1234 3922 ι’
1269 3883 1362 3937 τὸν
1394 3885 1618 3954 αὐχένα,
1655 3886 1749 3938 καὶ
1777 3887 1898 3948 ταῖς

307 3975 681 4046 καθηκούσαις
709 3971 795 4028 ἀεὶ
822 3972 1152 4040 δοξολογίαις
1193 3974 1676 4043 καταγεραίρουσι,
1709 3975 1892 4044 πλήρη

304 4082 368 4121 τε
402 4064 542 4121 εἷναί
580 4084 709 4137 φασι
755 4067 847 4120 τὸν
887 4065 1132 4136 οὐρανὸν.
1182 4065 1276 4119 καὶ
1313 4065 1411 4136 τὴν
1453 4067 1558 4135 γῆν
1590 4066 1691 4134 τῆς
1734 4061 1892 4135 δόξης

305 4159 497 4215 αὑτοῦ.
525 4159 653 4212 Ἰδοι
685 4158 730 4211 δ’
759 4157 826 4212 ἄν
858 4175 940 4220 τις
971 4159 1065 4211 καὶ
1097 4157 1190 4210 ἐπὶ
1229 4160 1328 4228 τῆς
1357 4157 1632 4229 ὑμετέρας
1662 4157 1891 4228 γαληνόε-

304 4264 501 4322 τητος,
541 4251 645 4321 τῆς
680 4248 822 4304 οὕτω
867 4247 1202 4322 περιφανοῦς
1236 4249 1331 4303 καὶ
1370 4249 1645 4302 ἀνωτάτου
1700 4247 1892 4302 πασῶν

305 4343 560 4406 εὐκλείας
624 4341 993 4413 διαπρέποντά
1049 4358 1107 4394 τε
1160 4341 1255 4393 καὶ
1302 4339 1505 4411 ἐναργῆ
1556 4339 1649 4393 τὸν
1696 4340 1888 4393 τύπον.

314 4435 508 4505 Ὑμεῖς
523 4436 631 4506 γάρ
667 4437 787 4488 ἐστε
801 4435 895 4488 καὶ
925 4433 1032 4486 τῶν
1060 4434 1140 4494 είς
1167 4429 1318 4502 λῆξιν
1334 4431 1660 4502 ἀξιωμάτων
1688 4433 1890 4502 πηγαὶ,

303 4528 400 4579 καὶ
438 4527 656 4596 ἁπάσης
687 4526 962 4596 ὑπεροχῆς
1000 4524 1276 4586 ἐπέκεινα,
1309 4523 1404 4578 καὶ
1436 4526 1536 4595 τῆς
1581 4524 1640 4577 ἐν
1675 4523 1888 4596 ἀνθρώο

2000 3335 2318 3390 stianissimi
2361 3334 2740 3402 imperatores,
2794 3335 2950 3403 longe
2987 3337 3223 3391 maximo
3272 3340 3584 3396 discrimine

2002 3427 2212 3481 caeteris
2241 3425 2496 3479 omnibus
2523 3425 2853 3481 antecellens
2888 3438 3256 3496 prmstausque
3274 3445 3289 3492 ;
3320 3433 3578 3500 prmt-lara

2001 3514 2184 3570 itidem
2232 3525 2376 3577 sors.
2424 3527 2731 3584 munusque
2766 3517 3073 3586 perillustre
3118 3533 3146 3571 a
3189 3521 3366 3574 divina
3398 3524 3582 3578 excel-

2001 3610 2165 3664 lentia
2213 3618 2268 3663 et
2322 3607 2602 3676 majestate
2631 3609 2683 3662 in
2756 3624 2852 3663 vos
2916 3610 3159 3672 deﬂuxit.
3223 3628 3416 3682 nempe
3476 3631 3584 3685 quo

2001 3717 2225 3757 summa:
2257 3700 2400 3755 illius
2430 3701 2773 3756 celsitudinis
2811 3712 2866 3756 et
2892 3702 3172 3773 dignitatis
3211 3705 3425 3770 aliquod
3456 3723 3587 3776 quo-

1999 3803 2105 3860 que
2152 3792 2436 3860 vestigium
2494 3801 2547 3846 et
2592 3792 2745 3860 quasi
2783 3791 3132 3846 simulacrum
3177 3794 3230 3847 in
3281 3797 3441 3851 terris
3483 3813 3583 3852 ex-

1999 3890 2188 3935 staret.
2231 3882 2398 3950 lgitur
2428 3891 2486 3934 ut
2518 3897 2730 3936 summo
2765 3882 2838 3934 illi
2874 3881 3092 3936 Numini
3128 3898 3289 3939 omne
3333 3902 3469 3956 genu
3500 3891 3583 3942 in-

1998 3981 2276 4035 curvatur,
2295 3971 2607 4040 Tlironique
2624 3982 2678 4026 et
2700 3973 3118 4038 Duminationes,
3141 3973 3484 4044 Principatus
3513 3995 3577 4033 ac

1996 4064 2304 4119 Potestates
2345 4079 2512 4134 prona
2561 4063 2946 4118 sulimittentes
2979 4066 3114 4120 colla
3147 4067 3186 4133 ¹,
3220 4072 3476 4139 congruis
3515 4071 3580 4127 il-

1996 4155 2086 4209 lud
2127 4155 2375 4209 laudibus
2412 4165 2466 4208 et
2489 4155 2706 4225 hymnis
2755 4165 3112 4222 venerantur,
3141 4173 3350 4214 necnon
3383 4163 3576 4218 (mlum

1997 4257 2307 4316 terramque
2346 4249 2502 4318 plena
2538 4246 2779 4317 ejusdem
2827 4247 2996 4318 gloria
3032 4260 3088 4305 et
3134 4253 3416 4321 majestate
3457 4270 3580 4310 esse

1996 4340 2319 4409 proﬁtentur
2347 4341 2406 4395 ’:
2443 4342 2515 4396 ita
2548 4342 2602 4396 in
2644 4351 2819 4397 vestra
2859 4357 3075 4412 quoque
3119 4349 3411 4402 serenitate
3445 4349 3579 4403 adeo

1997 4431 2303 4498 conspicuae
2333 4440 2495 4499 atque
2523 4432 2765 4485 omnium
2793 4446 3060 4500 supremae
3084 4433 3421 4489 claritudinis
3458 4436 3578 4489 illu-

1996 4533 2163 4575 Strem
2196 4537 2261 4577 ac
2311 4523 2470 4587 plane
2510 4537 2823 4592 expressam
2868 4524 3156 4593 imaginem
3202 4525 3394 4580 intueri
3430 4526 3573 4584 licet.

303 4632 428 4677 ποις
469 4615 767 4686 εὐημερίας
796 4613 939 4685 ἁρχὴ
975 4615 1070 4667 καὶ
1102 4614 1314 4681 γένεσις
1338 4627 1354 4642 ·
1391 4614 1486 4667 καὶ
1523 4613 1756 4684 νεύμασι
1791 4615 1888 4685 μὲν

1997 4611 2101 4667 Vos
2132 4612 2528 4677 etenim,omni
2583 4623 2799 4668 terreno
2841 4613 3056 4684 fastigio
3089 4617 3418 4686 superiores,
3461 4635 3576 4674 am-

301 4711 415 4771 τοίς
451 4707 826 4779 ἡμερωτάτοις
854 4705 946 4759 τοῦ
977 4706 1244 4777 ὑμετέρου
1280 4706 1534 4776 κράτους,
1577 4705 1798 4776 ἐννομόν
1827 4725 1885 4762 τε

303 4801 394 4854 καὶ
449 4798 775 4867 ἀξιάγαστον
812 4798 905 4850 καὶ
952 4796 1198 4868 ἀοίδιμον
1246 4798 1687 4868 πηδαλιουχεϊται
1737 4797 1882 4870 ζωὴν

300 4891 411 4942 πᾶν
437 4889 559 4942 ὅσον
605 4889 720 4941 ἐστὶ
763 4891 875 4951 τοῖς
906 4887 1007 4957 τῆς
1043 4887 1322 4958 βασιλείας
1361 4888 1556 4954 θώκοις
1593 4890 1880 4960 ὑπεστρωο

303 4978 487 5050 μένον.
525 4979 591 5032 Ol
625 4977 682 5030 δὲ
717 4977 816 5048 τῆς
857 4977 1090 5045 ζεύγλης
1118 4979 1218 5030 οὐκ
1249 4977 1587 5049 ἀνεχόμενοι,
1617 4979 1878 5033 πίπτουσι

302 5069 536 5142 ῥᾳδίως,
585 5068 684 5138 τῆς
738 5066 965 5139 ἐνούσης
1023 5070 1154 5138 ὑμῖν
1203 5069 1518 5134 εὐσθενείας
1556 5069 1880 5142 ἡττώμενοι.

299 5162 423 5216 Κᾶν
465 5161 720 5232 ἁστράψῃ
774 5160 932 5232 μόνον
976 5160 1304 5233 ήβασιλέως
1335 5163 1531 5228 ἀσπὶς,
1565 5163 1774 5235 φροῦδα
1815 5166 1885 5219 τὰ

296 5255 524 5310 ἐκείνων
558 5255 830 5324 οἴχονται,
869 5253 965 5307 καὶ
996 5255 1096 5323 τῆς
1130 5252 1356 5324 ἐνούσης
1393 5254 1576 5317 αὐτοῖς
1624 5255 1882 5319 ἀπονοίας

294 5345 390 5399 τὸν
431 5347 631 5400 οἰκεῖον
661 5345 824 5408 εὐθὺς
865 5346 1273 5417 ἀποστήσαντες
1313 5344 1460 5411 νοῦν,
1504 5344 1764 5410 πεσόντες
1801 5348 1882 5410 εἰς

373 5503 517 5558 'lsa.
551 5516 672 5555 xcv.
703 5500 793 5554 24.
871 5499 893 5530 ¹
919 5496 1022 5555 lsa.
1059 5515 1132 5566 vr,
1159 5501 1212 5555 '5.

1996 4701 2362 4771 plissimorum
2402 4703 2724 4772 dignitatum
2779 4703 2959 4758 fontes
2990 4705 3147 4760 estis.
3185 4706 3295 4761 Vos
3325 4710 3576 4765 humana:

1996 4793 2268 4848 felicitatis
2322 4794 2588 4863 principia
2617 4803 2671 4849 et
2697 4795 2957 4865 origines,
2995 4797 3432 4857 clementissimis
3461 4819 3575 4858 ma-

1987 4887 2204 4957 jestatis
2243 4895 2436 4941 vestrae
2485 4887 2707 4942 nutibus
2755 4888 2820 4942 ad
2848 4889 3051 4956 justam
3085 4891 3478 4961 lionestamque
3512 4909 3575 4948 ac

1993 4978 2205 5032 beatam
2241 4977 2454 5032 vivendi
2491 4979 2760 5034 rationem
2791 4992 3145 5049 promovetur
3175 4984 3436 5055 quidquid
3483 5001 3568 5040 us-

1989 5087 2150 5140 quam
2200 5079 2283 5125 est
2332 5071 2592 5140 gentium,
2640 5071 2792 5142 regni
2825 5073 2990 5126 vestri
3026 5075 3178 5131 soliis
3216 5077 3572 5131 substratum.

1987 5161 2143 5227 Quod
2173 5163 2216 5217 si
2249 5162 2342 5232 qui
2383 5172 2511 5217 sunt
2539 5164 2631 5234 qui
2681 5161 2868 5234 iugum
2914 5163 3240 5232 detrectent,
3279 5167 3352 5221 illi
3397 5177 3572 5220 vestra

1987 5255 2225 5324 potentia
2270 5254 2417 5311 nullo
2466 5271 2604 5325 pene
2638 5258 2859 5328 negotio
2905 5258 3148 5327 superati
3191 5257 3572 5314 succumbunt.

1987 5347 2101 5402 luto
2146 5363 2276 5404 vero
2301 5349 2346 5405 si
2393 5350 2603 5421 regium
2651 5360 2865 5408 scutum
2907 5351 2992 5407 vel
3032 5349 3202 5408 semel
3250 5366 3570 5408 concussum

1391 5655 1563 5710 Variae
1595 5656 1858 5712 lectiones
1901 5657 2490 5732 codicis.Seguieriani.

363 5831 396 5862 ι
425 5817 699 5889 ὑπεροχῆς
728 5812 910 5867 εἰκόνα
949 5813 1041 5864 ἐπὶ
1069 5811 1172 5881 γῆς
1213 5809 1414 5882 φέρων.
1492 5810 1522 5849 δ
1547 5812 1894 5883 ὑπερέχουσι.
