4060 6428
509 406 642 458 11⁵ιὸ

1523 405 1582 460 5.
1626 404 1894 461 CYRILLI
1938 403 2405 461 ΔΙᾸΞΧᾹΜΠΠΧΙ
2449 404 2763 460 ARCIIIEP.

3627 407 3765 462 H35

507 524 774 588 micuerit,
812 538 945 576 vana
979 523 1189 577 illorum
1213 523 1436 578 consilia
1473 535 1635 595 atque
1664 528 1842 581 studia
1867 530 1920 581 in
1947 543 2071 583 ven.

2182 531 2300 597 γόνυ
2329 527 2550 599 ζητοῦσι
2575 528 2664 581 τὸν
2690 527 2859 580 ἔλεον.
2886 527 3172 598 Τοιγάρτοι
3198 526 3511 598 κεκράτηκε
3539 529 3637 596 τῆς
3670 530 3767 579 ὑπ’

507 628 590 670 tos
639 630 757 668 mox
805 615 1031 680 abeunt;
1079 615 1276 683 quippe
1321 615 1410 683 qui
1442 617 1725 670 amentiam
1753 633 1907 672 suam
1946 620 2076 674 ruis-

505 723 619 760 sant
667 705 948 770 facientes,
999 707 1260 774 cvestigio
1285 711 1351 760 ad
1390 722 1562 777 genua
1600 718 1775 763 vestra
1807 725 1927 764 sese
1955 725 2080 779 pro-

504 798 710 862 volant,
760 796 1140 867 supplicesque
1188 798 1399 850 veniam
1447 809 1762 867 exposcaut.
1812 797 2079 852 Nimirum

503 892 758 944 cohortes
807 898 1000 942 vestra:
1032 887 1475 950 bellicosissima,
1526 888 1887 956 militarisque
1915 889 2078 942 dist-i-

505 980 663 1051 plinae
712 980 1072 1051 peritissime,
1109 994 1172 1032 ac
1215 979 1498 1047 triumphis
1546 979 1769 1047 agendis
1801 995 2078 1050 nunquam

507 1088 611 1125 non
649 1070 984 1133 assuefactae,
1030 1080 1291 1124 terrarum
1339 1069 1523 1123 orbem
1557 1070 1931 1139 subjugaruut.
1972 1071 2079 1126 Vos

507 1164 733 1234 proinde
764 1173 904 1217 totus
925 1163 1139 1224 Oriens,
1172 1176 1265 1215 vos
1295 1171 1438 1215 totus
1469 1163 1613 1216 cauit
1643 1161 1912 1218 Occidens
1965 1179 2082 1218 om-

511 1255 672 1322 nique
710 1252 927 1307 laudum
975 1266 1174 1319 genere
1205 1251 1579 1320 prosequitur;
1624 1267 1736 1318 vos,
1769 1253 1858 1322 qui
1885 1254 1950 1306 ad
1983 1269 2080 1306 au-

509 1357 682 1400 strttm
729 1353 976 1414 vergunt,
1025 1358 1140 1407 vos,
1189 1343 1278 1411 qui
1315 1345 1380 1395 ad
1427 1343 1735 1412 aquilonem
1789 1346 2080 1413 pertinent,

510 1435 714 1489 festivis
739 1433 1191 1502 gratulationibus
1211 1447 1475 1486 exornare
1503 1449 1774 1503 nunquam
1809 1435 2078 1492 desinunt.

507 1525 895 1578 Inconcussum
920 1532 1099 1576 autem
1129 1522 1359 1591 piissimi
1403 1529 1456 1577 et
1481 1525 1835 1579 sacratissimi
1869 1525 2081 1592 imperii

505 1616 672 1670 vestri
722 1614 1121 1668 ﬁrmamentum
1164 1621 1248 1668 est
1288 1613 1403 1682 ipse
1444 1615 1699 1668 Dominus
1729 1613 1888 1669 Jesus
1919 1614 2080 1670 Chri-

507 1718 644 1761 stus.
691 1725 709 1758 ι
751 1705 852 1759 Per
900 1705 1044 1759 hunc
1089 1703 1258 1768 enim,
1295 1713 1351 1756 ut
1393 1704 1656 1771 scriptum
1705 1716 1807 1770 est,
1846 1705 1886 1772 ⁸,
1932 1720 2084 1777 reges

508 1806 756 1867 regnant,
815 1807 868 1852 et
919 1807 1164 1864 potentes
1207 1796 1506 1850 decernunt
1544 1795 1810 1864 justitiam
1863 1816 1877 1852 :
1930 1816 1948 1848 ι
2001 1809 2083 1853 est

2181 619 2409 690 οὐρανὸν
2439 618 2546 670 τῶν
2578 616 2859 686 ὑμετέρων
2909 616 3267 669 ὑπασπιστῶν
3296 618 3329 688 ή
3369 618 3764 687 μαχιμωτάτη,

2183 712 2274 764 καὶ
2311 709 2800 780 ὲμπειροπόλεμος,
2828 709 2920 762 καὶ
2950 709 3038 760 ἀεὶ
3066 707 3275 762 νικῶσα
3308 708 3538 780 πληθύς.
3573 708 3768 780 Ὑμεῖς

2182 801 2303 852 ἐστε
2334 798 2442 850 τῶν
2469 798 2605 867 πρὸς
2633 799 2775 868 ἑῴαν
2809 799 2899 850 καὶ
2927 798 3168 868 ἑσπέραν
3194 799 3288 851 καὶ
3313 798 3447 869 ᾠδὴ,
3477 801 3569 851 καί
3599 799 3765 870 λύρα,

2182 891 2278 943 καὶ
2311 891 2527 960 ἀπάσης
2555 889 2811 951 ὑπόθεσις
2841 889 3118 960 εὐφημίας
3137 907 3150 920 ο
3182 889 3327 960 ὑμᾶς
3349 891 3398 942 οί
3428 889 3562 960 πρὸς
3588 891 3762 952 νότον,

2183 981 2276 1032 καὶ
2327 982 2433 1051 μὴν
2487 981 2580 1032 καὶ
2619 980 2734 1032 ὅσοι
2776 977 3116 1049 βορειότερον
3159 978 3368 1032 οἰκοῦσι
3416 979 3604 1043 τόπον,
3649 997 3768 1049 φω-

2184 1072 2304 1132 ναῖς
2354 1069 2729 1139 χαριστηρίοις
2776 1069 3168 1136 στεφανοῦντες
3219 1069 3282 1122 οὐ
3334 1070 3767 1139 καταλήγουσιν.

2188 1161 2462 1230 Ἐρεισμα
2492 1160 2550 1212 δὲ
2583 1161 2645 1213 τὸ
2677 1159 3015 1229 ἀκράδαντον
3045 1163 3140 1231 τῆς
3170 1159 3313 1213 οὑτω
3347 1161 3628 1231 θεοφιλοῦς
3669 1164 3770 1216 καὶ

2183 1253 2555 1321 εὐαγεστάτης
2589 1252 2740 1321 ὑμῶν
2781 1251 3077 1321 βασιλείας,
3119 1251 3280 1315 αὐτὸς
3307 1254 3335 1306 ὁ
3368 1251 3571 1322 Κύριος
3602 1253 3770 1322 ἡμῶν

2197 1345 2401 1415 Ἰησοῦς
2450 1345 2717 1413 Χριστός·
2776 1361 2793 1394 ι
2824 1345 2902 1396 Δι’
2952 1343 3118 1396 αὐτοῦ
3160 1343 3268 1413 γὰρ
3318 1342 3558 1412 βασιλεῖς
3605 1343 3769 1412 βασι-

2183 1433 2438 1499 λεύουσι,
2481 1433 2575 1486 καὶ
2609 1435 2656 1486 οἰ
2709 1431 2970 1486 δυνάσται
3020 1433 3291 1502 γράφουσι
3333 1433 3707 1504 δικαιοσύνην,
3741 1455 3763 1487 ι

2185 1525 2328 1579 κατά
2355 1525 2416 1578 τὸ
2449 1523 2860 1594 γεγραμμένον.
2888 1525 3046 1577 Ἔστι
3081 1523 3189 1594 γὰρ
3220 1523 3366 1593 αὑτῷ
3399 1525 3674 1590 παναλκὲς
3704 1527 3771 1582 τὸ

2185 1616 2418 1688 θέλημα,
2445 1617 2540 1669 καὶ
2572 1618 2627 1668 ὲν
2658 1614 2735 1685 τῷ
2764 1615 3095 1669 κατανεῦσαι
3130 1617 3290 1686 μόνον
3322 1618 3354 1687 ή
3395 1618 3597 1682 παντὸς
3629 1620 3774 1690 πλή-

2187 1726 2351 1782 ρωσις
2407 1707 2634 1775 ἀγαθοῦ.
2685 1707 2939 1777 Διανέμει
2983 1707 3038 1760 δὲ
3080 1709 3174 1760 καὶ
3212 1708 3332 1764 λίαν
3372 1711 3605 1777 ἑτοίμως
3650 1714 3770 1774 τοῖς

2184 1798 2471 1868 ἀγαπῶσιν
2497 1798 2657 1850 αὐτὸν
2698 1798 2764 1850 τά
2799 1799 3013 1852 πάντων
3043 1797 3294 1870 ἐξαίρετα
3343 1801 3452 1853 τῶν
3485 1803 3586 1855 ὅσα
3615 1802 3770 1857 ἐστὶν

505 1891 649 1944 enim
695 1888 769 1942 illi
805 1887 1052 1942 voluntas
1095 1887 1462 1956 omnipotens,
1515 1889 1797 1957 Omnisque
1841 1889 1989 1952 boni,
2035 1891 2078 1943 si

2186 1891 2489 1960 ἀξιόληπτα
2539 1889 2632 1941 καὶ
2661 1888 3106 1959 τεθαυμασμένα.
3141 1889 3250 1944 Καὶ
3280 1892 3496 1962 ἀπόχρη
3538 1892 3638 1962 μὲν
3683 1894 3767 1956 εἰς

506 1981 678 2035 solum
732 1991 954 2042 annuat,
1008 1977 1186 2048 copia.
1219 1978 1272 2047 2
1317 1978 1607 2048 Dilargitur
1642 1979 1686 2033 is
1731 1994 1862 2048 ergo
1892 1980 2083 2034 amicis

510 2072 624 2126 suis
655 2085 878 2125 munera
927 2069 980 2123 in
1016 2069 1208 2138 primis
1238 2069 1438 2123 eximia
1484 2080 1537 2123 et
1572 2070 1853 2139 praclara,
1886 2079 1937 2124 et
1962 2085 2082 2140 quae

509 2164 564 2218 in
596 2162 772 2232 pretio
823 2161 1144 2226 habeantur,
1200 2175 1362 2230 quam
1405 2160 1638 2214 maxime
1671 2161 1884 2223 idoneo,
1929 2170 1985 2216 et
2031 2160 2083 2215 id

508 2255 724 2322 quidem
760 2253 1050 2308 admodum
1085 2251 1341 2307 alacriter
1381 2261 1437 2307 et
1491 2262 1760 2322 prompte.
1813 2250 1964 2318 Quod
1996 2253 2084 2308 hic

506 2344 762 2407 dicimus,
803 2343 886 2398 vel
929 2357 992 2398 ea
1032 2341 1144 2397 sola
1188 2356 1310 2412 qua:
1358 2343 1626 2411 majestati
1677 2353 1870 2397 vestra:
1905 2345 1973 2399 ab
2013 2343 2082 2400 eo

505 2438 705 2492 donata
730 2444 878 2500 sunt,
913 2443 968 2488 et
988 2433 1117 2489 olim
1143 2433 1338 2496 adhuc,
1378 2434 1829 2502 quemadmodum
1860 2433 2083 2488 conﬁdi-

2187 1979 2460 2044 ἀπόδειξιν
2489 1971 2563 2032 ῶν
2597 1977 2753 2049 ἔφην,
2788 1980 2857 2031 τά
2885 1978 2962 2050 τῷ
3004 1979 3257 2050 ὑμετέρῳ
3295 1981 3487 2052 κράτει
3529 1982 3770 2053 δεδωρηο

2191 2071 2349 2139 μένα,
2379 2070 2719 2140 δοθησόμενα
2748 2069 2804 2122 δὲ
2833 2069 2934 2136 ἔτι,
2963 2069 3108 2122 καθά
3143 2072 3608 2143 πεπιστεύκαμεν.
3641 2075 3770 2128 Ὀτι

2179 2162 2235 2216 δέ
2276 2164 2390 2215 ἐστι
2425 2164 2629 2232 κρηπὶς
2672 2164 3063 2226 ἀκατάσειστος
3100 2165 3218 2227 ταῖς
3250 2161 3514 2233 βασιλέων
3551 2166 3766 2235 τιμαῖς,

2180 2253 2277 2323 τῆς
2318 2254 2397 2316 εἰς
2432 2253 2564 2306 Θεὸν
2597 2253 2875 2318 εὐσεϐείας
2905 2252 2974 2305 τά
3012 2253 3338 2322 αὐχήματα,
3369 2255 3462 2307 καὶ
3505 2253 3565 2318 ἐξ
3591 2253 3768 2323 αὐτῆς

2183 2343 2514 2415 πειράσομαι
2540 2344 2638 2413 τῆς
2657 2343 2818 2412 ἁγίας
2845 2344 2938 2397 καὶ
2965 2343 3323 2398 θεοπνεύστου
3349 2344 3767 2416 πληροφορῆσαι

2182 2435 2426 2505 Γραφῆς.
2463 2434 2896 2506 βραχυλογήσας,
2920 2434 2994 2498 ὡς
3022 2434 3120 2489 ἔνι.

508 2543 648 2596 mus,
681 2526 1046 2590 donabantur,
1077 2537 1266 2578 verum
1295 2537 1419 2578 esse
1462 2523 1740 2577 evidenter
1761 2525 2072 2579 ostendunt.
2115 2521 2382 2580 Caeterum
2421 2527 2564 2595 quod
2592 2525 2790 2580 eximia
2861 2526 2912 2580 in
2953 2525 3120 2580 Deum
3182 2526 3350 2595 pietas
3381 2527 3765 2584 inconcussum

510 2621 672 2692 regia:
720 2614 995 2688 dignitatis
1039 2613 1448 2670 fundamentum
1489 2613 1738 2684 exsistat,
1789 2615 1838 2670 id
1877 2624 2079 2687 quanta
2120 2615 2237 2672 ﬁeri
2268 2617 2466 2686 poterit
2527 2616 2791 2672 brevitate
2815 2626 2869 2670 et
2908 2615 3177 2682 claritate,
3214 2616 3299 2672 vel
3363 2632 3428 2673 ex
3462 2618 3574 2688 ipsa
3603 2633 3767 2676 sacra

512 2713 804 2782 divinaque
830 2708 1112 2778 Scriptura
1141 2707 1336 2762 docere
1357 2706 1556 2761 enitar.

576 2831 622 2887 ιι
673 2828 898 2886 Plurimi
927 2827 1062 2883 citra
1089 2827 1515 2884 controversiam
1541 2837 1686 2884 retro
1719 2829 1855 2884 actis
1879 2839 2084 2899 tempo-

506 2927 658 2982 ribus
684 2923 964 2985 exstitere,
991 2920 1082 2990 qui
1114 2919 1352 2976 Judazam
1382 2921 1711 2991 provinciam
1741 2923 2082 2980 administra-

505 3023 633 3070 runt
678 3011 936 3080 regnique
959 3009 1102 3066 illius
1130 3009 1493 3081 gubernacula
1543 3019 1932 3067 tractaverunt.
1973 3011 2078 3067 Ve-

508 3118 625 3159 rum
657 3109 921 3170 quotquot
947 3114 1013 3154 ex
1039 3099 1144 3155 illis
1168 3100 1313 3155 cultu
1337 3109 1394 3154 et
1422 3099 1787 3165 observantia,
1822 3117 1940 3172 qua:
1970 3101 2081 3158 Deo

503 3194 788 3256 debentur,
844 3190 1006 3260 impie
1049 3193 1376 3262 contemptis
1441 3201 1497 3246 et
1542 3191 1764 3260 justitia:
1824 3194 2080 3263 magistra

504 3285 621 3356 lege
651 3298 747 3354 pro
776 3281 944 3338 nihilo
975 3283 1158 3350 ducta,
1191 3297 1288 3338 suo
1321 3282 1482 3337 lastui
1517 3285 1739 3353 suisque
1771 3285 2082 3341 libidinibus

503 3377 674 3431 libere
705 3372 1088 3445 indulgendum
1122 3388 1241 3428 esse
1271 3381 1616 3444 putaverunt,
1649 3389 1840 3429 omnes
1865 3375 1921 3429 hi
1956 3376 2078 3430 mali

503 3479 559 3525 et
601 3466 782 3521 miseri
818 3465 958 3518 male
999 3466 1304 3532 misereque
1340 3464 1636 3533 perierunt.
1681 3465 1773 3518 Est
1798 3467 1947 3524 enim
1996 3481 2081 3522 res

501 3556 991 3629 periculosissima,
1057 3556 1332 3624 quidpiam
1390 3555 1442 3608 iu
1506 3553 1675 3609 Deum
1718 3559 2080 3624 committere,

502 3648 923 3720 proculcataque
963 3647 1219 3714 tequitate
1259 3659 1581 3714 quocunque
1638 3646 1796 3701 modo
1842 3648 1895 3702 in
1939 3648 2080 3704 illius

504 3737 764 3791 oﬂeusam
799 3735 1058 3791 incidere.
1089 3734 1290 3790 Contra
1316 3749 1443 3788 vero
1469 3735 1777 3806 quicunque
1799 3752 1858 3792 se
1892 3739 2006 3808 pios
2029 3739 2080 3794 in

504 3831 652 3884 illum
695 3829 1056 3895 declararunt,
1106 3843 1332 3898 qumque
1364 3829 1436 3883 illi
1467 3830 1729 3900 placitura
1763 3832 2077 3896 credebant,

503 3922 648 3977 omni
701 3936 801 3990 ope
843 3929 1100 3991 praestare
1137 3920 1507 3986 elaborarunt,
1537 3922 1672 3976 citra
1724 3923 1977 3977 sudorem
2017 3937 2081 3976 ac

500 4013 798 4083 pulverem,
856 4013 1010 4067 hoste
1039 4011 1252 4066 devicto
1307 4011 1702 4082 debellatoque,
1745 4014 2077 4082 triumphum

501 4107 834 4159 cecinerunt.
866 4101 1140 4172 Ejusmodi
1189 4104 1328 4157 inter
1369 4113 1594 4158 cancros
1626 4104 1721 4157 fuit
1755 4101 1929 4158 Josias
1963 4103 2076 4170 ille,

501 4197 589 4262 qui
637 4196 898 4248 idolorum
939 4181 1240 4248 cultoribus
1277 4209 1381 4248 una
1412 4210 1533 4250 cum
1584 4195 1714 4264 ipsis
1749 4195 1988 4249 delubris
2024 4205 2079 4249 et

500 4286 607 4340 aris
643 4285 899 4348 int-ensis,
933 4285 1495 4355 incantationilmsque
1527 4294 1580 4341 et
1610 4286 1760 4340 falsis
1789 4287 2078 4340 divinatio-

502 4379 659 4430 nihus
696 4377 948 4431 omnibus
979 4391 1008 4430 e
1045 4376 1220 4430 medio
1263 4376 1512 4434 sublatis.
1571 4391 1634 4429 ac
1675 4376 1925 4431 inanibus
1966 4379 2076 4431 dae-

2257 2830 2333 2884 B'.
2368 2829 2619 2883 Πλεῖστοι
2654 2827 2751 2898 μὲν
2775 2827 2885 2899 γάρ
2911 2828 3026 2882 ὅσοι
3060 2827 3317 2898 γεγόνασι
3343 2829 3484 2884 κατά
3511 2830 3765 2902 καιροὺς.

2183 2920 2234 2973 οἰ
2269 2919 2368 2989 τῆς
2404 2918 2669 2972 Ἰουδαίων
2698 2917 2961 2988 ἄρξαντες
2991 2915 3198 2988 χώρας,
3221 2917 3314 2970 καὶ
3345 2919 3470 2981 τοὺς
3499 2918 3597 2988 τῆς
3628 2913 3766 2991 παρ’

2183 3011 2366 3074 αὐτοῖς
2392 3009 2668 3079 βασιλείας
2691 3008 2968 3071 διέποντες
2999 3008 3240 3081 θρόνους.
3281 3008 3422 3063 Ἀλλ’
3452 3011 3501 3062 οἰ
3534 3011 3633 3081 μὲν
3664 3012 3766 3081 τῆς

2185 3105 2261 3166 εἰς
2291 3101 2422 3155 Θεὸν
2442 3090 2642 3164 ἀἰδοῦς
2672 3099 2903 3163 ἀνοσίως
2933 3098 3392 3171 ὀλιγωρήσαντες,
3423 3100 3518 3153 καὶ
3543 3100 3635 3154 τὸν
3665 3103 3769 3174 τῆς

2182 3191 2529 3263 δικαιοσύνης
2564 3190 2830 3262 πρύτανιν
2873 3190 3008 3260 παρ’
3035 3189 3192 3243 οὐδὲν
3231 3193 3544 3260 ποιούμενοι
3574 3191 3766 3261 νόμον,

2184 3287 2276 3339 καὶ
2314 3287 2425 3348 τοῖς
2459 3285 2554 3354 τῆς
2601 3281 2933 3352 φαυλότητος
2956 3294 2978 3321 ε
3014 3281 3228 3352 βόθροις
3261 3283 3487 3346 ἑαυτοὺς
3529 3282 3768 3348 ἐνιέντες

2181 3377 2230 3429 οἰ
2269 3375 2536 3438 τάλανες,
2585 3373 2746 3426 κακοὶ
2783 3371 2971 3435 κακῶς
3017 3370 3364 3424 ἀπολώλασι·
3409 3371 3767 3441 παγχάλεπον

2181 3467 2289 3538 γάρ
2332 3466 2393 3518 τὸ
2436 3461 2800 3536 προσκρούειν
2847 3461 2988 3533 Θεῷ,
3031 3462 3127 3515 καὶ
3178 3463 3320 3516 κατά
3369 3479 3420 3514 τι
3455 3460 3584 3530 γοῦν
3623 3461 3766 3526 ὅλως

2182 3557 2286 3622 ἔξω
2313 3553 2574 3626 φέρεσθαι
2607 3553 2698 3606 τοῦ
2727 3552 2954 3619 εἰκότος,
2982 3552 3285 3616 λυποῦντας
3314 3554 3495 3606 αὐτόν.
3523 3554 3677 3609 Ὀσοι
3701 3557 3762 3610 δὲ

2179 3648 2278 3719 τῆς
2321 3649 2400 3710 εἰς
2430 3646 2590 3700 αὐτὸν
2631 3645 2910 3708 εὐσεόείας
2949 3647 3237 3714 γεγόνασιν
3279 3646 3628 3718 ἐπιμεληταὶ,
3666 3654 3763 3702 καὶ

2179 3737 2289 3790 τῶν
2317 3736 2662 3807 ἀρεσκόντων
2693 3735 2847 3804 αὐτῷ
2886 3736 3097 3805 γνήσιοι
3126 3735 3383 3805 φύλακες,
3412 3742 3759 3808 νενικήκασιν

2181 3829 2409 3899 ἐχθροὺς
2449 3828 2706 3898 ἀμογητὶ,
2739 3828 2834 3880 καὶ
2865 3829 3240 3898 κεκρατήκασι
3271 3829 3380 3881 τῶν
3395 3829 3461 3883 δι’
3489 3828 3751 3892 ἐναντίας.

2181 3920 2435 3983 Τοιοῦτός
2475 3937 2558 3982 τις
2586 3915 2653 3990 ἦν
2689 3920 2899 3982 Ἰωσίας
2932 3919 3159 3983 ἐκεῖνος,
3187 3919 3244 3982 ὃς
3282 3921 3466 3982 αὐτοῖς
3504 3921 3761 3991 τεμένεσι

2179 4011 2275 4063 καὶ
2329 4010 2532 4080 βωμοῖς
2565 4013 2692 4074 τοὺς
2736 4010 2845 4063 τῶν
2882 4011 3116 4063 εἰδώλων
3155 4014 3553 4082 κατεμπρήσας
3593 4011 3760 4082 θεραέ

2180 4103 2400 4166 πευτάς,
2440 4101 2690 4170 γοητείας
2715 4117 2773 4153 τε
2811 4101 3024 4171 ἀπάσης
3051 4101 3144 4155 καὶ
3169 4102 3597 4171 ψευδομαντείας
3629 4102 3762 4172 τρό-

2179 4210 2314 4255 πους
2360 4192 2646 4262 περιελὼν,
2697 4194 2788 4244 καὶ
2835 4193 2902 4246 τὰ
2952 4192 3049 4262 τῆς
3099 4192 3484 4260 δαιμονιὼδους
3539 4193 3762 4263 ἀπάτης

2180 4281 2488 4344 καταλύσας
2519 4282 2763 4349 παίγνια,
2794 4281 2888 4334 τοῦ
2930 4283 3128 4344 παντὸς
3169 4283 3326 4348 ἀξίαν
3371 4283 3620 4353 ἀπέφηνε
3667 4283 3760 4335 λό-

2179 4390 2277 4441 γου
2320 4373 2417 4443 τὴν
2447 4373 2640 4425 ἑαυτοῦ
2682 4373 2976 4442 βασιλείαν,
3014 4374 3106 4427 καὶ
3137 4372 3464 4442 άξιάγαστον
3508 4374 3605 4444 μὲν
3646 4378 3762 4438 τοῖς

500 4469 762 4522 muniaca:
812 4468 1121 4536 imposturaz
1176 4467 1422 4522 ludibriis
1481 4468 1805 4536 proﬂigatis,
1851 4484 2074 4537 regnum

2183 4466 2372 4528 πάλαι,
2415 4466 2873 4536 τεΟαυμασμένην
2917 4466 2972 4518 δὲ
3015 4466 3107 4520 καί
3147 4470 3226 4529 εἰς
3274 4467 3453 4538 δεῦρο,
3501 4469 3654 4538 παρά
3693 4485 3760 4535 γε

499 4561 741 4630 apprime
791 4558 1152 4622 nobilitatum,
1209 4571 1530 4627 summaque
1574 4560 1715 4623 apud
1766 4571 1974 4614 veteres
2014 4574 2078 4613 ac

2182 4559 2286 4622 τοῖς
2322 4557 2486 4611 εἰδόσι
2530 4561 2696 4628 τιμᾷν
2741 4559 2808 4611 τὰ
2842 4553 2923 4622 οἷς
2958 4559 3022 4613 ἂν
3069 4563 3097 4612 ὁ
3128 4560 3271 4623 θεῖος
3317 4561 3567 4629 ὲφήδοιτο
3608 4561 3758 4626 νοῦς.

499 4652 828 4706 recentiores
858 4665 1044 4704 omnes
1076 4649 1191 4718 qui,
1222 4664 1282 4704 ea
1326 4651 1520 4718 quibus
1549 4647 1725 4705 divina
1753 4666 1905 4704 mens
1931 4651 2076 4705 oble-

497 4753 696 4804 t-tatur,
727 4742 905 4795 colere
938 4741 1263 4804 didicerunt,
1293 4740 1450 4794 laude
1491 4749 1546 4794 et
1589 4741 1951 4794 admiratione
1989 4741 2074 4794 di-

497 4847 661 4899 gnum
703 4831 918 4900 reliquit
950 4833 988 4885 ι.
1053 4831 1535 4886 Veromenimvero
1579 4831 1701 4886 licet
1741 4831 1927 4885 isthazc
1953 4848 2072 4886 om-

499 4925 586 4975 nia
616 4938 733 4976 cum
776 4924 977 4976 virtute
1029 4933 1081 4976 ct
1113 4923 1282 4991 gloria
1326 4939 1352 4976 a
1385 4923 1682 4992 majoribus
1723 4925 1935 4986 vestris,
1978 4938 2071 4974 vo-

499 5012 686 5080 bisque
721 5013 850 5083 ipsis
884 5026 1129 5082 suscepta
1171 5015 1564 5083 observataque
1605 5016 1795 5079 sciam,
1831 5031 1932 5066 nun
1969 5015 2074 5067 erit

497 5097 675 5159 tamen
727 5105 936 5171 inutile,
1002 5108 1211 5174 opinor,
1249 5105 1290 5158 si
1352 5121 1471 5173 qua:
1527 5109 1784 5176 sapientis
1829 5106 2072 5160 Ezechite

2187 4650 2348 4702 Ἀλλά
2388 4651 2545 4702 ταυτὶ
2587 4649 2688 4719 μὲν
2727 4650 2945 4703 ἅπαντα
2981 4653 3093 4714 τοῖς
3123 4651 3413 4722 ὑμετέροις
3470 4651 3762 4720 προγόνοις

2174 4741 2265 4794 καί
2295 4742 2420 4810 ὑμῖν
2455 4741 2634 4804 αὐτοῖς
2679 4737 2737 4794 εὖ
2773 4741 2917 4810 μάλα
2956 4742 3337 4810 κατώρθωται.
3376 4743 3764 4813 Διαμεμνήσο-

2175 4849 2273 4902 μαι
2301 4832 2356 4884 δὲ
2396 4833 2682 4902 χρησίμως
2714 4832 2807 4885 καὶ
2844 4833 2952 4886 τῶν
2987 4836 3045 4888 ἐν
3083 4834 3301 4905 Ἐζεκία
3329 4833 3408 4904 τῷ
3449 4835 3760 4906 σοφωτάτῳ

2181 4924 2322 4978 κατὰ
2357 4926 2580 4994 καιροὺς
2613 4926 3017 4995 πεπραγμένων
3037 4941 3051 4955 ·
3080 4927 3264 4996 ὀνήσει
3296 4926 3403 4996 γὰρ
3428 4926 3489 4978 οὐ
3519 4926 3762 4996 μετρίως

2180 5015 2276 5084 τήν
2309 5014 2707 5086 εὐσεϐεστάτην
2742 5015 2896 5086 ὑμῶν
2945 5015 3188 5086 κορυφὴν
3235 5017 3266 5086 ή
3300 5015 3409 5068 τῶν
3455 5014 3630 5084 λόγων
3667 5014 3761 5068 δύ-

2179 5123 2363 5176 ναμις.

497 5203 695 5270 pietate
723 5215 785 5255 ac
817 5201 995 5256 studio
1034 5214 1100 5253 eo
1133 5199 1185 5252 in
1223 5213 1419 5267 genere
1463 5213 1609 5270 gesta
1651 5211 1795 5267 sunt,
1830 5201 1931 5256 boc
1993 5202 2111 5256 loco
2151 5215 2274 5270 apte
2337 5217 2835 5258 comntemoravero
2873 5222 2885 5258 :
2919 5201 3146 5272 hujusce
3197 5218 3429 5273 namque
3487 5201 3762 5257 narratio-

499 5296 579 5350 nis
597 5297 678 5349 vis
700 5304 753 5348 et
784 5294 1002 5363 energia
1039 5308 1145 5347 non
1177 5308 1363 5361 parum
1393 5295 1658 5349 commodi
1687 5304 1880 5349 vestrae
1915 5295 2229 5349 sublimitati
2262 5295 2591 5364 apportahit.

580 5474 601 5506 ³
625 5475 783 5530 Prov.
815 5491 932 5541 vtII,
971 5476 1061 5531 15.
1140 5473 1160 5505 ’⁵
1183 5471 1251 5528 lV
1283 5472 1417 5543 Reg.
1457 5490 1588 5528 χχιιι
1631 5473 1686 5537 4,
1717 5489 1871 5544 seqq.

1612 5630 1784 5684 Vari-.2
1824 5629 2084 5685 lectiones
2113 5629 2316 5686 codicis
2351 5627 2708 5699 Seguieriani.

569 5792 590 5820 ε
625 5800 659 5848 φ
670 5783 1031 5854 ιλαυτότητος.

3725 6415 3752 6420 η
3812 6416 3846 6422 κ-
3917 6419 3936 6426 .,
4010 6423 4038 6428 _
