4060 6436
346 455 484 534 tta:

415 569 488 620 ις..
545 565 706 637 Ἀνήρ
751 583 830 629 τις
862 567 967 619 τῶν
1015 569 1078 620 ὲκ
1125 568 1439 632 Βαϐυλῶνος
1478 571 1574 639 τῆς
1616 569 1918 639 Περσικῆς,
1953 575 1994 630 Α

349 656 390 674 ο.
473 656 484 688 η
619 673 640 683 η
720 651 782 685 τ-
823 674 844 685 _
879 652 903 671 τ
1055 651 1076 672 τ
1159 676 1175 685 _
1292 662 1337 685 _.
1477 659 1486 674 1
1583 659 1604 672 οι
1862 660 1874 673 ο

374 657 636 725 Ραγάκη,
690 673 840 719 omo,
876 675 964 723 ην.
1009 661 1173 719 Ουτο,
1221 659 1396 711 ἀνειλε
1433 675 1531 728 μεν
1580 676 1816 723 απασαν,
1847 676 1921 718 ως

342 746 476 810 ἔπος
510 747 703 810 εἰπεῖν,
727 747 824 816 τὴν
865 746 972 799 τῶν
1007 747 1273 800 Ἰουδαίων
1306 747 1490 818 χώραν
1515 765 1527 778 θ
1572 746 1923 820 καταδῃὼσας

341 839 402 892 δὲ
445 840 541 892 σὺν
581 840 715 909 αὑτῇ
757 838 855 908 τὴν
889 840 1221 910 Σαμάρειαν,
1263 841 1348 892 ἐπ’
1388 841 1558 910 αὑτὴν
1590 840 1673 910 ᾔει
1702 840 1799 911 τήν
1831 839 1924 892 Ἰε-

346 929 631 999 ρουσαλὴμ
663 929 972 1000 μυριάνδρῳ
996 929 1022 969 ά
1054 930 1253 1000 πληθὺῖ
1284 931 1390 983 τῶν
1424 931 1528 984 ὑπὸ
1568 933 1723 1001 χεῖρα
1768 930 1923 1000 δορυ-

345 1019 718 1090 φορούμενοςο
762 1019 855 1070 καὶ
890 1019 1146 1087 φάλαγγα
1194 1018 1294 1088 μὲν
1343 1019 1572 1088 ἱππικὴν
1605 1019 1706 1079 οὑκ
1750 1016 1924 1086 εὑχεί-

350 1127 524 1179 ρωτον
568 1108 728 1178 ἔχων,
767 1109 967 1178 μᾶλλον
1001 1111 1066 1163 δὲ’
1091 1109 1182 1162 καὶ
1213 1108 1570 1179 δυσάντητονο
1613 1108 1836 1178 ὁπλίτην
1866 1107 1923 1159 δὲ

345 1201 680 1270 πεζομάχον,
723 1201 818 1253 καὶ
864 1203 982 1263 ταῖς
1024 1201 1272 1270 ψάμμοις
1322 1200 1628 1270 ἰσάριθμον.
1681 1197 1811 1252 Εἶτα
1845 1199 1923 1269 τῷ

343 1281 518 1362 τείχεί
549 1293 885 1363 περιστήσας
910 1303 932 1331 ο
965 1292 1236 1356 ἑλεπόλεις
1267 1293 1357 1344 καὶ
1401 1292 1496 1360 τὴν
1525 1291 1617 1345 τοῦ
1685 1291 1922 1360 πολέμου

343 1385 726 1454 παρασκευὴν,
771 1384 1052 1446 ἀπονοίαις
1089 1401 1147 1435 τε
1187 1383 1548 1454 βαρϐαρικαῖς
1581 1383 1640 1438 οὑ
1683 1386 1925 1454 μετρίως

343 1471 858 1542 κατωφρυωμένος,
904 1473 1155 1542 αἱρήσειν
1207 1473 1306 1541 μὲν
1352 1472 1494 1525 κατά
1543 1473 1741 1542 κράτος
1787 1469 1922 1542 ὁμοῦ

342 1565 469 1626 ταῖς
496 1562 682 1625 ἄλλαις
723 1564 817 1615 καλ.
857 1563 1026 1632 αὑτὴν
1060 1563 1263 1632 ἕςασκε
1301 1565 1401 1634 τὴν
1431 1563 1587 1631 ἁγίαν
1628 1563 1800 1629 πόλιν,
1832 1565 1925 1616 καὶ

344 1654 447 1723 τῆς
485 1655 724 1724 ἀρρήτου
753 1653 910 1718 δόξης
943 1653 1394 1724 κατεθρασύνετο,
1418 1655 1512 1706 καὶ
1535 1653 1781 1724 παλιμφή
1790 1671 1926 1723 μους

343 1744 498 1812 ἠφίει
521 1744 726 1811 φωνὰς,
750 1744 964 1814 ἀκρατῆ
994 1746 1086 1797 καὶ
1113 1745 1360 1813 ἀχάλινον
1383 1743 1479 1813 τὴν
1503 1743 1753 1812 γλῶσσαν
1778 1745 1922 1806 ἀνεὶς

1299 453 1383 506 DE
1424 453 1647 507 REL‘TA
1688 450 1864 514 FIDE,
1907 450 1996 503 AD
2037 447 2485 504 TIIEODOSIUM
2526 447 2661 500 IMP.

3460 439 3594 498 “38

2099 567 2186 622 Ill.
2240 567 2363 621 Fuit
2413 583 2477 620 ex
2521 565 2732 619 Persica
2768 563 3035 633 Babylone
3097 562 3178 617 vir
3231 560 3469 628 quidam,
3503 560 3592 609 uti

2025 655 2290 724 Rapsaccs
2309 670 2522 710 nomen.
2547 652 2642 706 llic
2664 664 3009 722 pOSteaquam
3040 651 3346 706 univerSam
3373 644 3591 701 Judteo-

2024 761 2139 799 rum
2182 745 2509 815 provinciam
2557 742 2942 809 propemodum
3023 747 3367 804 occupasset,
3399 735 3593 788 Sama-

2023 837 2267 903 riamquc
2306 849 2406 886 una
2439 847 2560 887 cum
2595 833 2706 900 ipsa
2751 829 3016 883 hostiliter
3047 826 3395 895 tit-populatus
3425 834 3592 884 esset,

2024 927 2193 996 copiis
2222 923 2707 987 innumerabilibus
2753 923 2984 989 stipatus
3014 920 3182 986 ipsam
3219 930 3432 986 quoque
3469 914 3592 968 llic—

2025 1019 2346 1088 rosolymam
2394 1016 2590 1070 adoriri
2646 1014 2985 1068 moliebatur.
3033 1010 3204 1063 Porro
3245 1017 3428 1067 autem
3470 1021 3591 1060 cum

2026 1111 2248 1172 minime
2291 1107 2730 1169 contemnendas,
2781 1106 2888 1160 imo
2929 1120 3070 1160 vero.
3107 1111 3314 1158 tantum
3359 1113 3466 1152 non
3511 1097 3596 1149 in-

2025 1198 2407 1267 expugnabiles
2447 1197 2687 1266 equitum
2737 1205 2943 1248 turmas
2987 1193 3392 1261 peditatumque
3433 1184 3602 1238 maris

2025 1305 2220 1344 arenas
2251 1303 2384 1356 pene
2431 1300 2733 1356 :equantem
2769 1285 3082 1345 adduceret,
3152 1279 3472 1335 vastatrices
3507 1291 3598 1329 ur-

2026 1381 2172 1434 bium
2200 1379 2478 1433 tnacbinas
2526 1379 2897 1444 reliquumque
2930 1375 3052 1429 belli
3099 1381 3418 1442 apparatum
3471 1367 3601 1422 civi-

2029 1471 2155 1524 tatis
2234 1470 2499 1524 inmitibus
2567 1471 2848 1533 admovet;
2896 1467 3232 1534 barbaraque
3283 1459 3504 1515 vesania
3537 1469 3603 1510 ac

2025 1562 2316 1630 supercilio
2344 1561 2633 1630 plurimum
2682 1559 2873 1622 elatus,
2908 1558 2958 1628 3
2997 1565 3235 1611 sanctam
3287 1548 3602 1618 Hierosoly-

2027 1670 2236 1708 morum
2276 1655 2550 1709 civitatem
2597 1653 2818 1719 perinde
2857 1665 2922 1705 ac
2954 1650 3088 1704 alias
3119 1649 3268 1701 vi-se
3313 1653 3601 1713 capturum

2025 1753 2561 1814 cxpugnaturumque
2603 1742 2923 1812 jactitabat,
2968 1748 3042 1805 et,
3099 1748 3285 1792 contra
3340 1745 3607 1787 veneran-

346 1836 444 1887 ἐπὶ
486 1834 622 1904 Θεῷ.
651 1835 794 1904 Ἔφη
828 1834 935 1904 γάρ
979 1838 1061 1888 ὅτι
1097 1835 1197 1888 κᾶν
1242 1837 1289 1887 εἰ
1322 1834 1562 1904 βούλοιτο
1599 1833 1790 1898 σώζειν
1823 1835 1921 1886 αὑ-

2034 1837 2148 1890 tlam
2197 1834 2287 1888 Dei
2326 1835 2660 1902 maiestatem
2719 1833 3019 1902 petulanter
3049 1844 3262 1900 quoque
3299 1827 3601 1894 insurgens,

345 1927 497 1988 τοὺς,
538 1925 794 1993 ἀνόνητον
826 1925 1041 1978 ἔσεσθαι
1071 1928 1184 1987 τοῖς
1221 1925 1308 1977 ἐπ’
1332 1925 1480 1994 αὐτῷ
1515 1925 1797 1976 πεποιθόσι
1827 1923 1926 1994 τὴν

347 2016 509 2085 χάριν
546 2018 644 2086 τῆς
685 2015 1024 2084 ἐπικουρίας.
1059 2015 1282 2086 Ἐπειδὴ
1311 2017 1366 2068 δὲ
1399 2011 1532 2086 ἧκόν
1564 2034 1706 2080 τινες
1738 2017 1922 2083 ἀπαγ-

347 2107 634 2173 γέλλοντες
663 2106 738 2176 τῷ
767 2108 979 2178 βασιλεῖ
1001 2107 1100 2175 τῆς
1129 2108 1335 2160 ἐκείνου
1363 2109 1684 2178 σκαιότητος
1709 2111 1778 2162 τά
1815 2108 1928 2160 τολ-

350 2199 603 2268 μήματα,
656 2199 748 2250 καὶ
791 2199 918 2259 τοὺς
967 2198 1234 2268 Περσικοῦ
1284 2199 1630 2270 φρονήματος
1659 2200 1927 2269 γέμοντας

344 2289 561 2357 λόγους,
592 2288 714 2341 τότε
737 2289 823 2357 δὴ,
860 2288 980 2341 τότε
1018 2289 1205 2358 μόναις
1235 2287 1423 2359 ὥσπερ
1451 2287 1767 2359 ὲπαλγήσας
1808 2290 1928 2350 ταῖς

345 2380 495 2435 κατὰ
540 2379 675 2433 Θεοῦ
714 2379 1080 2448 δυσφημίαις,
1129 2379 1222 2432 καὶ
1257 2377 1352 2431 τοῦ
1394 2379 1493 2450 τὴν
1535 2378 1686 2431 πόλιν
1724 2378 1929 2432 ἁλῶναι

343 2472 552 2541 ταύτην
581 2469 800 2523 ἔσεσθαι
830 2472 1105 2540 πρόφασιν
1144 2471 1431 2541 ἐμφρόνως
1463 2469 1799 2540 ὑπειληφὼς,
1836 2489 1930 2525 πε-

349 2563 713 2632 ριερῤήγνυτο
744 2562 844 2632 τὴν
867 2562 1090 2632 ἐσθῆτα,
1123 2562 1218 2616 καὶ
1244 2564 1323 2628 εἰς
1348 2562 1440 2615 τὸν
1464 2557 1610 2615 οἷκον
1639 2562 1804 2634 ἀνέϐη
1835 2561 1928 2616 τοῦ

343 2651 508 2715 Θεοῦ,
557 2651 731 2734 λιταῖς
773 2652 1014 2724 δηλονότι
1057 2654 1157 2724 τὴν
1189 2653 1340 2706 θείαν
1377 2652 1548 2724 ὀργὴν
1591 2654 1931 2726 ὑποτρέχων,

347 2745 446 2797 καὶ
492 2744 602 2797 τῶν
644 2744 738 2797 ἐπὶ
787 2746 907 2808 ταῖς
968 2743 1301 2815 δυσφημίαις
1353 2745 1693 2816 αίτιαμάτων
1743 2745 1930 2799 ἑαυτὸν

353 2834 732 2890 ἀπαλλάττων.
761 2835 871 2888 Καὶ
902 2837 954 2888 τί
982 2834 1041 2888 τδ
1070 2834 1346 2904 ὲντεῦθενς
1381 2836 1602 2906 Εὐμενῆ
1637 2837 1732 2890 καὶ
1771 2837 1932 2896 ῖλεων

352 2925 725 2995 κατεστήσατο
764 2924 854 2978 τὸν
903 2923 1013 2977 τῶν
1059 2923 1339 2995 δυνάμεων
1398 2924 1639 2995 Κύριον
1679 2925 1930 2995 νενίκηκε

347 3015 445 3068 τὸν
481 3015 795 3087 Ἀσσύριον·
827 3015 926 3086 οὑχ
966 3015 1134 3070 ῖππον
1178 3017 1258 3079 εἰς
1293 3016 1472 3086 μάχην
1499 3015 1727 3078 ὁπλίσας
1769 3015 1930 3086 εὑχά-

347 3104 518 3166 λινον,
564 3105 627 3157 οὑ
675 3104 907 3170 τοξοτῶν
945 3106 1286 3177 εὐστοχίαις,
1327 3107 1389 3159 οὑ
1423 3106 1662 3176 δοράτων
1709 3106 1927 3177 βολαῖς,

2030 1926 2303 1992 liberaque
2350 1923 2886 1976 incontinentissimm
2929 1937 2992 1974 ac
3033 1917 3466 1973 insolentissima:
3512 1913 3606 1964 lin-

2027 2029 2143 2082 guae
2178 2013 2324 2066 frena
2372 2013 2710 2080 permittens,
2767 2010 3080 2064 maledictas
3129 2007 3183 2061 in
3243 2006 3412 2063 Deum
3445 2019 3604 2057 voces

2028 2108 2350 2172 detorquere
2405 2119 2509 2157 non
2561 2103 2863 2160 dubitabat.
2907 2101 3102 2164 Aiebat
3144 2100 3310 2162 enim,
3362 2113 3458 2151 eos
3510 2097 3600 2165 qui

2028 2210 2178 2248 suam
2218 2194 2270 2248 in
2309 2195 2483 2264 ipsum
2520 2208 2668 2262 spem
2710 2191 3130 2259 collocaveram,
3163 2189 3375 2245 etiamsi
3417 2187 3602 2250 vellet,

2028 2301 2250 2340 servare
2283 2286 2594 2355 speratique
2634 2284 2856 2339 subsidii
2891 2283 3210 2338 beneﬁcium
3242 2281 3444 2336 eisdem
3475 2295 3606 2350 prte-

2030 2388 2178 2433 stare
2216 2394 2319 2432 non
2381 2394 2539 2448 posse
2578 2379 2620 2433 ⁵.
2657 2379 2790 2434 Cum
2835 2395 2963 2448 ergo
2986 2378 3346 2433 accessissent
3385 2377 3477 2445 qui
3518 2377 3605 2431 ln-

2029 2482 2192 2521 sanos
2245 2467 2385 2522 illius
2440 2477 2690 2532 conatus,
2741 2468 3013 2538 verbaque
3055 2468 3272 2524 Persico
3318 2467 3457 2522 [astu
3492 2476 3606 2520 tur-

2029 2559 2209 2629 gentia
2242 2558 2776 2627 regidenuntiarent,
2813 2560 2922 2626 ille,
2950 2559 3062 2614 sola
3085 2559 3326 2614 convicia
3357 2559 3410 2613 iu
3439 2557 3606 2613 Deum

2031 2649 2246 2712 detorta
2282 2651 2567 2719 aegerrime
2601 2650 2806 2716 ferens,
2850 2665 3023 2720 eaque
3055 2649 3332 2719 capienda:
3374 2647 3612 2704 civitatis

2028 2755 2248 2799 cauam
2287 2757 2408 2796 esse
2443 2755 2600 2808 posse
2655 2741 2741 2810 pie
2801 2741 3202 2811 prudenterque
3233 2739 3607 2803 considerans,

2029 2832 2320 2900 derepente
2355 2847 2630 2886 conscissa
2681 2840 2832 2884 veste
2866 2831 2919 2886 in
2962 2831 3182 2885 domum
3217 2829 3309 2884 Dei
3344 2828 3608 2893 ascendit,

2029 2923 2343 2992 suppliciter
2399 2923 2494 2977 ira:
2541 2922 2734 2976 divina:
2778 2921 3177 2985 obsecundans,
3226 2929 3282 2976 et
3319 2933 3380 2974 se
3416 2916 3613 2973 abillo

2028 3013 2489 3083 blasphemiarum
2532 3013 2762 3069 crimine
2799 3012 3108 3069 exsolvens.
3137 3011 3344 3080 Ecquid
3374 3009 3465 3065 illo
3491 2999 3626 3064 stu?

2031 3105 2121 3160 dio
2148 3105 2452 3175 promovit?
2478 3102 2611 3161 Illud
2637 3106 2914 3172 nimirum,
2951 3106 3093 3176 qttod
3132 3105 3390 3166 virtutum
3424 3099 3613 3161 Domi—

345 3195 474 3248 οὐδὲ
510 3198 626 3259 ταῖς
675 3193 782 3248 τῶν
811 3196 1086 3249 τακτικῶν
1108 3171 1444 3274 ’ἐμπειρίαις
1485 3171 1592 3251 τῶν
1625 3171 1730 3251 ὑπὺ
1760 3199 1929 3269 ,χεῖρα

2037 3171 2164 3249 num
2198 3195 2490 3262 benignum
2537 3171 3094 3269 propitiutnque'sibi
3129 3195 3402 3257 reddidit;
3433 3209 3610 3263 quau-

348 3283 656 3356 χρώμενος,
689 3283 855 3356 ψήφῳ
880 3284 937 3336 δὲ
978 3284 1178 3354 μᾶλλον
1208 3287 1272 3356 τῇ
1310 3285 1460 3356 παρά
1488 3283 1645 3348 Θεοῦ,
1689 3285 1788 3354 τῆς
1820 3285 1930 3339 τῶν

363 3375 670 3447 Ἀσσυρίων
696 3377 954 3446 στρατιᾶς
981 3376 1071 3429 τὸν
1114 3377 1172 3428 ὲν
1209 3360 1308 3448 μιᾷ
1345 3377 1500 3430 νυκτὶ
1541 3377 1932 3449 καθορίσαντος

352 3466 606 3520 θάνατον.
641 3484 661 3517 ‹
704 3465 923 3536 Ἐξῆλθε
949 3465 1079 3536 γάρ,
1108 3465 1290 3537 φησὶν,
1324 3465 1554 3534 ἄγγελος
1582 3466 1812 3537 Κυρίου,
1839 3466 1935 3520 καὶ

352 3555 567 3610 ἀνεῖλεν
613 3557 678 3609 ὲκ
717 3560 816 3628 τῆς
863 3556 1214 3628 παρεμϐολῆς
1254 3557 1362 3610 τῶν
1396 3546 1696 3628 Ἀσσυρίων
1744 3557 1938 3612 ἑκατὸν

354 3648 690 3719 ὁγδοήκοντα
717 3648 875 3700 πέντε
897 3648 1160 3717 χιλιάδας.
1184 3649 1294 3700 Καὶ
1313 3647 1643 3711 ἀναστάντες
1665 3647 1743 3719 τῷ
1769 3646 1938 3719 πρωῒ,

355 3735 519 3811 εὗρον
553 3739 731 3792 πάντα
750 3739 818 3792 τά
852 3738 1081 3808 σώματα
1114 3739 1302 3809 νεκρά.
1342 3757 1359 3789 ι
1395 3732 1554 3792 Οὗτοι
1580 3739 1678 3809 τῆς
1713 3741 1792 3802 εἰς
1809 3738 1940 3792 Θεὸν

356 3827 644 3888 εὐσεϐείας
674 3829 900 3893 καρποὶ,
930 3829 1024 3882 καὶ
1051 3828 1142 3881 τοῦ
1180 3829 1253 3899 μή
1283 3829 1612 3900 ἀνασχέσθαι
1649 3829 1855 3901 φωνῆς,
1887 3831 1940 3884 εἰ

359 3919 488 3973 κατ’
513 3919 684 3988 αὑτῆς
709 3923 808 3990 τῆς
836 3919 985 3983 θείας
1017 3919 1225 3988 γένοιτο
1253 3918 1429 3990 δόξης.

2038 3285 2351 3356 doquidem,
2386 3303 2490 3342 non
2551 3287 2777 3345 frenatis
2828 3297 2884 3342 et
2931 3288 2998 3343 ad
3039 3302 3272 3358 pugnant
3332 3284 3617 3341 instructis

2037 3376 2213 3445 equis,
2249 3393 2355 3432 non
2382 3379 2788 3449 sagittariorum
2834 3379 3181 3443 dexteritate,
3233 3393 3343 3433 non
3374 3378 3616 3432 haStato-

2041 3482 2160 3523 rum
2192 3467 2336 3537 pilis,
2369 3484 2474 3523 non
2502 3470 2700 3524 ducum
2737 3471 2957 3544 peritia,
2983 3471 3075 3526 sed
3117 3469 3210 3526 Dei
3238 3468 3454 3531 auxiliis
3489 3481 3618 3520 usus

2043 3559 2413 3630 munitusque,
2450 3563 2702 3637 Assyrios
2749 3564 3006 3618 debellari
3039 3563 3286 3628 volentis,
3321 3577 3426 3622 una
3459 3568 3620 3620 nocte

2043 3665 2258 3707 omnem
2291 3653 2502 3708 illorqu
2547 3655 2847 3718 exercitum
2876 3655 3092 3712 delevit.
3143 3654 3417 3723 Scriptum
3464 3666 3620 3710 uatu-

2045 3755 2151 3810 que
2171 3751 2254 3797 est
2281 3760 2294 3796 :
2342 3760 2362 3795 ι
2395 3743 2654 3814 Egressus
2684 3758 2768 3801 est
2792 3757 2972 3801 autem
3005 3745 3228 3818 angelus
3269 3743 3506 3808 Domini,
3568 3752 3624 3798 et

2046 3834 2314 3901 percussit
2349 3849 2419 3888 ex
2453 3835 2648 3889 castris
2685 3835 3035 3906 Assyriorum
3077 3844 3294 3890 centum
3349 3832 3622 3903 octoginta

2044 3921 2283 3990 quinque
2310 3923 2498 3978 millia.
2529 3924 2596 3977 Et
2615 3935 2897 3993 surgentes
2917 3941 3074 3980 mane
3095 3925 3416 3982 invenerunt
3439 3926 3623 3978 omnia

356 4031 588 4085 corpora
622 4024 831 4072 mortua
859 4014 902 4068 ‘.
946 4033 964 4066 ι
1011 4013 1074 4068 Hi
1157 4014 1377 4085 pietatis
1415 4024 1540 4069 sunt
1581 4013 1831 4080 fructus;
1870 4015 1983 4070 haec
2023 4029 2233 4083 eorum,
2263 4017 2357 4087 qui
2389 4017 2734 4087 blasphemas
2793 4021 2844 4074 in
2877 4018 3042 4074 Deum
3082 4035 3241 4076 voces
3269 4034 3376 4078 nan
3418 4019 3620 4086 ferunt,

359 4123 593 4164 merces.

432 4201 504 4252 A’.
542 4199 662 4251 Δεῖν
685 4198 742 4252 δὲ
771 4193 923 4268 οἶμαι
954 4196 1186 4268 μάλιστα
1215 4197 1335 4260 ταῖς
1369 4194 1634 4265 βασιλέων
1664 4196 1945 4250 εὑσεϐέσιν

359 4291 554 4352 ἀκοαῖς
587 4287 944 4358 παλίμφημον
989 4286 1088 4355 μὲν
1117 4286 1268 4339 οὐδὲν
1299 4285 1576 4338 λαλεῖσθαι
1603 4285 1744 4339 κατά
1784 4285 1940 4350 Θεοῦ,

363 4383 550 4434 ἐκεῖνα
592 4379 649 4433 δὲ
695 4379 915 4449 μᾶλλον,
954 4379 1054 4431 ὅσα
1104 4378 1196 4432 καὶ
1228 4375 1421 4448 μώμου
1461 4377 1660 4440 παντὸς
1706 4377 1800 4429 καὶ
1829 4377 1943 4432 δια-

362 4472 530 4541 ϐολῆς
577 4471 835 4524 ἐπέκεινα
866 4471 1070 4541 τρέχει,
1103 4471 1198 4523 καὶ
1228 4469 1326 4538 τῆς
1374 4468 1688 4540 πρεπούσης
1734 4468 1944 4532 δοξολοο

359 4565 490 4635 γίας
535 4563 685 4634 αὑτῷ
733 4563 967 4616 ποιεῖται
1003 4562 1101 4630 τὴν
1143 4559 1369 4614 ἔκτισιν.
1413 4561 1646 4630 Ἀρίστα
1688 4559 1744 4612 δὲ
1788 4559 1947 4612 τοῦτο

362 4655 521 4725 κάγὼ
559 4655 713 4719 εἰδὼς
747 4654 911 4725 ἔχειν,
943 4653 1325 4724 παρωρμήθην
1356 4651 1692 4721 ἀναγκαίως,
1722 4652 1822 4721 τῆς
1851 4651 1947 4727 ὀρ-

363 4750 466 4820 θῆς
489 4766 550 4801 τε
585 4747 677 4800 καὶ
713 4744 1079 4815 ἀποστολικῆς
1123 4743 1358 4805 πίστεως
1384 4743 1483 4811 τὴν
1519 4742 1815 4811 παράδοσιν
1854 4743 1946 4809 ὲγα

361 4839 578 4912 γράψαι
623 4838 721 4910 μὲν
759 4836 895 4908 τῷδε
940 4834 1018 4906 τῷ
1065 4833 1285 4905 βιϐλίῳ,
1341 4832 1514 4899 ξένιον
1555 4833 1611 4885 δὲ
1657 4831 1846 4902 ὥσπερ
1891 4849 1943 4885 τι

365 4932 737 5002 πνευματικὸν
783 4927 1150 5000 προσκομίσαι
1194 4925 1271 4996 τῷ
1302 4926 1550 4997 ὑμετέρῳ
1600 4924 1821 4996 κράτει,
1853 4926 1946 4977 καὶ

366 5026 562 5088 αὑταῖς
587 5023 645 5076 δὲ
672 5024 790 5086 ταῖς
835 5018 1278 5090 θεοφιλεστάταις
1315 5016 1531 5087 ἀληθῶς
1567 5015 1854 5086 βασιλίσιν,
1891 5014 1947 5068 αἳ

2125 4198 2215 4253 ιν.
2243 4199 2496 4256 Arbitror
2533 4209 2710 4256 autem
2753 4201 2820 4257 ad
2851 4201 2973 4270 pias
3014 4202 3317 4277 principum
3351 4218 3509 4260 aures
3542 4206 3628 4260 ui-

2053 4287 2127 4341 hil
2161 4289 2304 4358 quod
2353 4289 2405 4345 iu
2441 4289 2610 4345 Deum
2643 4289 3015 4363 hlasphemum
3049 4293 3141 4359 sit,
3173 4290 3356 4352 eﬂerri
3388 4292 3624 4358 debere;

1967 4408 2022 4468 Β
2050 4392 2235 4434 verum
2266 4379 2316 4434 id
2349 4388 2578 4443 tantum,
2615 4382 2756 4450 quod
2789 4391 2944 4436 extra
2986 4397 3200 4438 omnem
3245 4393 3425 4441 nolam
3451 4391 3504 4437 et
3539 4389 3655 4438 rr-'

2048 4473 2460 4540 prebensionem
2493 4473 2753 4542 positum,
2788 4475 2854 4529 ad
2900 4474 3110 4534 laudem
3140 4483 3194 4529 et
3225 4474 3474 4546 gloriam,
3507 4490 3629 4544 qua:

2045 4578 2258 4617 summo
2283 4563 2408 4630 jure
2442 4579 2656 4619 summo
2690 4565 2766 4618 illi
2795 4564 3015 4623 Numini
3051 4565 3337 4633 debentur,
3368 4566 3515 4622 omni
3559 4581 3628 4620 ex

2047 4662 2202 4724 parte
2257 4653 2442 4711 faciat.
2490 4655 2622 4710 Cum
2675 4671 2807 4726 ergo
2855 4657 3116 4726 optimum
3179 4657 3630 4714 convenientissi-

2050 4758 2303 4810 mumque
2334 4742 2387 4798 id
2419 4757 2542 4798 esse
2566 4753 2902 4812 compertum
2935 4745 3183 4812 habeam,
3221 4745 3420 4803 incitor
3453 4762 3631 4803 neces-

2052 4834 2216 4899 sario,
2243 4841 2300 4887 ut
2326 4842 2488 4888 rectae
2509 4834 2630 4889 ﬁdei
2659 4849 2920 4894 canouem
2961 4839 3028 4890 ab
3062 4837 3322 4907 apostolis
3349 4838 3628 4906 traditum,

2052 4933 2108 4980 et
2169 4925 2615 4982 commentariolo
2677 4927 2779 4981 hoc
2845 4926 3086 4982 breviter
3154 4929 3631 5001 comprehensum,

2051 5016 2212 5072 veluti
2245 5016 2488 5085 spiritale
2519 5017 2789 5087 quoddam
2823 5019 3065 5084 xenium,
3113 5035 3236 5075 cum
3269 5032 3465 5078 vestrae
3513 5039 3633 5078 ma-

363 5121 434 5189 ςῇ
470 5115 714 5187 ὑμετέρᾳ
741 5113 1064 5185 γαληνότητι
1098 5109 1588 5180 συναστράπτουσι.
1621 5109 1731 5162 Καὶ
1759 5109 1792 5178 ή
1841 5107 1932 5178 μὲι

2043 5105 2256 5176 jestati,
2299 5116 2409 5162 tum
2437 5107 2574 5179 ipsis
2603 5122 2822 5181 quoque
2865 5109 3067 5181 reginis
3103 5126 3245 5168 verre
3277 5113 3493 5184 pietatis
3519 5125 3638 5169 stu—

365 5211 494 5271 ταῖς
521 5205 934 5268 εὑκταιοτάταις
961 5204 1091 5274 ὑμῖν
1118 5201 1434 5272 ὲπαυχοῦσα
1475 5202 1679 5268 γοναῖς,
1712 5199 1806 5253 καὶ
1853 5198 1932 5269 τῆς

2051 5199 2378 5257 diosissimis
2405 5197 2630 5254 oﬂeram
2653 5239 2668 5264 ,
2704 5211 2764 5257 ut
2810 5215 2931 5271 quae
2965 5201 3138 5258 amba:
3173 5219 3276 5259 una
3307 5219 3428 5260 cum
3453 5213 3633 5259 vestra

369 5299 548 5355 εἰσαεὶ
586 5296 847 5368 διαμονῆς
877 5294 976 5359 τὰς
1007 5294 1230 5357 ἐλπίδας
1261 5294 1373 5353 τοῖς
1416 5291 1720 5362 σκήπτροις
1761 5287 1932 5356 εἰσφέ·

2053 5291 2347 5344 serenitate
2383 5301 2674 5346 corusceut
2713 5291 3103 5364 insigniterque
3136 5294 3362 5350 ﬂoreant
3399 5311 3413 5349 :
3462 5294 3632 5349 altera

371 5405 570 5462 ρουσαο
601 5389 635 5459 ή
664 5387 720 5442 δὲ
750 5388 862 5451 τοῖς
901 5385 1250 5464 παρθενικοῖς
1294 5382 1638 5458 βλαστήμασι
1675 5378 1932 5454 συνακμά

2053 5380 2224 5446 enim,
2261 5380 2447 5438 sobole
2477 5380 2631 5438 vobis
2658 5385 3070 5452 exoptatissima
3097 5383 3244 5453 felix,
3284 5385 3435 5462 regni
3469 5385 3634 5442 vestri

446 5545 468 5575 ⁸
494 5541 559 5598 IV
589 5543 724 5615 Reg.
757 5556 916 5610 xvm,
956 5539 1024 5596 l3
1057 5555 1258 5612 seqq.;
1293 5538 1397 5597 lsa.
1434 5553 1622 5603 xxxvi,
1657 5536 1693 5590 2
1724 5549 1878 5606 seqq.
1954 5534 1975 5566 ‘
1999 5533 2069 5592 ιν
2104 5534 2237 5606 Reg.
2276 5551 2392 5603 xix,
2429 5535 2520 5605 35;
2551 5537 2658 5594 lsa.
2695 5552 2906 5604 xxxvn,
2936 5536 3025 5592 36.

1463 5691 1636 5750 γυῖα
1661 5689 1921 5750 lectiones
1941 5689 2144 5748 codicis
2175 5687 2530 5760 Seguieriaui.

447 5843 474 5886 δ
511 5841 809 5916 μυριάδων.
891 5851 914 5882 ο
945 5839 1322 5913 παραστήσας.
